3876 6220
249 296 357 354 εει
1174 301 1262 356 DE
1302 300 1578 359 mnus
1618 299 2070 358 PSALMORUM.
2110 332 2179 341 —
2210 298 2406 356 PSAL.’
2448 299 2627 356 mu.
3413 294 3526 382 θεέ2

317 423 407 479 16.
461 424 712 488 Ἔσωσας
761 424 869 495 γὰρ
902 425 1048 495 ἡμᾶς
1081 426 1146 478 ἐκ
1178 426 1286 479 τῶν
1320 425 1609 481 θλιϐόντων
1652 426 1801 497 ἡμᾶς
1823 457 1835 470 -

1790 442 1835 488 ;.
1868 450 1916 506 Α
2015 424 2101 477 16.
2133 422 2369 479 Salvasti
2396 422 2542 477 enim
2568 436 2669 476 nos
2701 413 3155 492 Mammium
3184 434 3321 476 nos:

323 519 409 571 17.
436 519 547 570 Kal
579 518 708 581 τοὺς
739 518 1031 589 μισοῦντας
1060 521 1209 590 ἡμᾶς
1236 521 1600 592 κατῄσχυνας.

1416 538 1600 591 χυνας.
2017 519 2105 574 17.
2137 518 2203 574 Et
2230 519 2476 574 odientes
2498 533 2600 574 nos
2627 516 2947 572 confudisti.

321 612 409 666 18.
444 612 535 665 Ἐν
562 610 641 681 τῷ
665 610 784 681 Θεῷ
807 611 1281 683 ὲπαινεθησόμεθα
1309 614 1438 683 ὅλην
1466 614 1566 684 τὴν
1589 614 1834 684 ἠμέρανο

1466 614 1566 684 τὴν
1589 614 1834 684 ἠμέρανο
2011 612 2101 667 18.
2130 610 2189 665 1η
2223 610 2335 666 Deo
2359 610 2706 665 laudabimur
2732 618 2841 664 tota
2869 610 2958 664 die
2983 627 2994 663 :

320 704 407 758 19.
445 704 556 757 Kal
588 707 646 757 ὲν
682 704 761 775 τῷ
814 704 1037 775 ὀνόματί
1074 722 1167 757 σου
1204 705 1713 778 ὲξομολογησόμεθα
1755 708 1836 771 εἰς

2013 705 2100 760 19.
2132 702 2197 759 Ει
2233 705 2287 759 in
2319 703 2542 759 nomine
2574 712 2670 759 tuo
2696 702 3079 759 conﬁtebimur
3110 701 3163 756 in
3196 699 3479 757 saeculum.

245 795 340 847 τὸν
371 794 566 848 αεῶνα.

317 885 412 940 20.
450 886 587 938 Νυνὶ
620 886 676 939 δὲ
706 885 915 940 ἀπώσω
947 886 1042 940 καὶ
1074 886 1417 957 κατῄσχυνας
1444 889 1591 958 ἡμᾶς
1610 905 1622 917 ·

2016 877 2107 933 20.
2131 876 2287 933 Nunc
2318 888 2498 934 autem
2531 879 2780 950 repulisti
2801 888 2854 934 et
2876 877 3169 934 confudisti
3200 892 3301 933 nos
3326 896 3337 930 :

318 974 385 1027 2i
400 1014 412 1026 .
426 973 535 1025 Kal
546 972 646 1024 οὐκ
658 970 932 1043 ἐξελεύσῃ,
946 973 974 1025 ό
985 970 1135 1035 Θεὸς,
1153 973 1210 1024 ὲν
1221 975 1339 1035 ταῖς
1351 972 1643 1039 δυνάμεσιν
1654 974 1685 1043 ἡ
1696 972 1833 1043 μῶν.

2008 971 2100 1025 21.
2154 970 2220 1025 Ει
2236 987 2341 1027 non
2364 972 2681 1043 egredieris,
2706 972 2872 1038 Deus,
2890 973 2945 1027 in
2961 972 3255 1027 virtutibus
3285 972 3509 1027 nostris.

321 1063 416 1117 22.
454 1061 831 1133 Ἀπέστρεψας
876 1063 1024 1133 ἡμᾶς
1074 1065 1153 1127 εἰς
1195 1063 1263 1116 τὰ
1297 1064 1470 1117 ὀπίσω
1522 1064 1672 1136 παρὰ
1712 1065 1839 1128 τοὺς

2010 1065 2101 1123 22.
2130 1065 2391 1122 Avertisti
2429 1081 2530 1121 nos
2578 1075 2878 1121 retrorsum
2935 1075 3058 1136 post
3106 1064 3358 1120 inimicos
3415 1078 3516 1119 no-

249 1156 485 1227 ἐχθροὺς
512 1157 544 1225 ἡ
555 1155 692 1225 μῶν.

569 1155 692 1208 ιῶν.
1938 1166 2100 1213 stros.

322 1248 417 1301 25.
453 1247 561 1299 Kal
587 1247 638 1298 οἱ
666 1244 951 1317 μισοῦντες
977 1246 1123 1318 ἡμᾶς
1151 1245 1449 1316 διήρπαζον
1476 1248 1707 1311 ἑαυτοῖς.

1673 1265 1707 1310 ς.
2004 1246 2094 1300 25.
2126 1246 2191 1302 Et
2214 1247 2308 1316 qui
2334 1246 2569 1302 oderunt
2599 1262 2698 1301 nos
2726 1246 3053 1315 diripiebant
3080 1245 3204 1299 sibi.

316 1339 413 1392 24.
454 1338 701 1402 Ἔδωκας
725 1341 870 1410 ἡμᾶς
896 1339 972 1401 ὡς
999 1339 1247 1408 πρόϐατα
1282 1338 1535 1409 βρώσεως
1555 1357 1567 1371 -

2008 1338 2099 1391 24.
2127 1337 2331 1392 Dedisti
2355 1353 2454 1392 nos
2485 1348 2742 1406 tanquam
2766 1352 2895 1391 oves
2915 1352 3195 1403 escarum;

316 1432 412 1485 25.
444 1432 555 1484 Kal
582 1431 639 1484 ὲν
666 1434 778 1495 τοῖς
803 1430 980 1484 ἔθνεσι
1008 1430 1326 1502 διέσπειρας
1351 1432 1498 1501 ἡμᾶς

2008 1429 2099 1483 25.
2134 1427 2201 1482 Ει
2223 1429 2277 1482 in
2312 1429 2561 1497 gentibus
2591 1427 2895 1496 dispersisti
2920 1442 3038 1481 nos.

320 1522 415 1576 26.
441 1522 669 1575 Ἀπέδου
695 1522 783 1574 τὸν
822 1521 950 1575 λαόν
984 1538 1077 1574 σου
1108 1521 1237 1575 ἄνευ
1266 1519 1432 1590 τιμῆς
1451 1537 1466 1552 ·

2007 1520 2098 1574 26.
2136 1519 2431 1575 Vendidisti
2458 1518 2718 1589 populum
2742 1527 2894 1573 tuum
2923 1518 3042 1573 sine
3070 1516 3280 1586 pretio:

320 1612 412 1665 27.
441 1611 551 1665 Kal
576 1613 676 1666 οὐκ
706 1607 774 1683 ἦν
802 1611 1006 1682 πλῆθος
1027 1614 1085 1665 ἐν
1115 1613 1229 1674 τοῖς
1250 1610 1628 1681 ἀλαλάγμασιν
1659 1608 1835 1681 ἡμῶν.

2009 1612 2099 1666 27.
2132 1610 2199 1666 Et
2230 1626 2336 1666 non
2393 1611 2497 1665 fuit
2547 1611 2844 1666 multitudo
2901 1610 2954 1665 in
2994 1607 3516 1665 commutationibus

1940 1703 2163 1757 nostris.

318 1791 414 1846 28.
454 1791 616 1845 Ἕθου
658 1792 805 1862 ἡμᾶς
834 1790 1036 1854 ὸνειδος
1063 1792 1176 1853 τοῖς
1206 1790 1442 1858 γείτοσιν
1471 1787 1628 1859 ἡμῶν
1648 1805 1660 1818 ·

1870 1820 1913 1874 Β
2012 1796 2105 1853 28.
2136 1795 2374 1851 Posuisti
2404 1811 2507 1851 nos
2533 1810 2888 1865 Opproorium
2918 1796 3116 1853 vicinis
3148 1797 3351 1853 nostris
3378 1816 3390 1851 :

236 1886 243 1893 ’
310 1884 403 1937 29.
433 1882 828 1954 Μυκτηρισμὸν
854 1883 948 1935 καὶ
970 1881 1275 1952 χλευασμὸν
1311 1883 1422 1943 τοῖς
1451 1878 1635 1949 κύκλῳ
1655 1876 1767 1949 ἡμᾶ

2012 1888 2102 1943 29.
2136 1887 2630 1943 Subsannationem
2678 1900 2732 1943 et
2774 1889 3017 1944 derisum
3065 1890 3149 1944 his
3190 1891 3283 1960 qui
3319 1891 3372 1944 in
3407 1890 3518 1944 cir-

1943 1980 2089 2034 cuitu
2126 1990 2334 2034 nostro.

320 2060 412 2117 50.
451 2060 614 2113 Ἔθου
645 2061 791 2132 ἡμᾶς
820 2062 902 2124 εἰς
936 2059 1251 2131 παραϐολὴν
1290 2061 1347 2112 ὲν
1376 2062 1489 2122 τοῖς
1523 2057 1733 2120 έθνεσι,

2013 2068 2103 2122 50.
2133 2067 2373 2123 Posuisti
2405 2084 2506 2123 nos
2533 2069 2587 2123 in
2620 2069 3035 2125 similitudinem
3066 2072 3119 2125 in
3151 2073 3425 2143 gentibus,

317 2154 407 2209 51.
453 2154 683 2223 Κίνησιν
717 2155 958 2226 κεφαλῆς
982 2156 1040 2208 ὲν
1064 2158 1177 2218 τοῖς
1200 2154 1369 2217 λαοῖς.

2018 2160 2108 2214 51.
2139 2159 2573 2215 Commotionem
2608 2162 2800 2231 capitis
2824 2163 2877 2217 in
2909 2164 3145 2233 populis.

326 2244 411 2299 52.
452 2246 618 2316 Ὅλην
642 2246 741 2316 τὴν
769 2246 1040 2316 ἡμέρανή
1085 2245 1318 2316 ὲντροπή
1358 2260 1458 2314 μου
1492 2244 1840 2298 κατεναντίον

2014 2252 2105 2307 52.
2141 2250 2276 2307 Tota
2306 2251 2394 2307 die
2421 2254 2748 2308 verecundia
2777 2270 2896 2308 mea
2929 2263 3119 2309 contra
3156 2270 3242 2311 me
3270 2262 3375 2322 est,

256 2337 360 2411 μού
393 2339 530 2401 ἐστι,

322 2428 412 2482 55.
444 2428 555 2481 Kal
592 2428 625 2498 ἡ
658 2426 889 2499 αἰσχύνη
921 2427 1013 2482 τοῦ
1041 2427 1332 2499 προσώπου
1354 2446 1453 2499 μου
1476 2427 1713 2497 ἐκάλυψέ
1746 2445 1832 2499 με.

1746 2445 1832 2499 με.
2013 2430 2102 2484 55.
2136 2428 2203 2484 Ει
2233 2430 2485 2487 confusio
2516 2429 2672 2487 faciei
2699 2432 2803 2487 mei
2828 2432 3114 2502 cooperuit
3144 2446 3251 2486 me.

321 2517 412 2572 54.
440 2518 573 2571 Ἀπὸ
592 2519 773 2589 φωνῆς
789 2519 1155 2584 ὀνειδίζοντος,
1179 2520 1272 2572 καὶ
1294 2518 1720 2583 καταλαλοῦντος
1737 2518 1833 2589 (α)’

1705 2518 1833 2589 ;(a)-
2015 2521 2103 2577 51.
2139 2523 2184 2575 Α
2210 2538 2344 2578 voce
2371 2524 2751 2594 exprobrantis
2777 2533 2830 2580 et
2853 2523 3236 2594 obloquentis:

323 2609 402 2681 (ιι)
430 2609 903 2682 Παρακαλοῦντος,
944 2611 999 2664 in
1034 2611 1278 2682 margine
1316 2612 1436 2667 cod.
1472 2621 1532 2666 ut
1563 2612 1616 2665 in
1648 2618 1818 2666 textu.

1382 2728 1759 2784 ATIIANASII
1802 2722 2388 2783 INTERPRETATIO.

325 2824 416 2877 16.
459 2823 555 2875 Ἐκ
578 2822 687 2875 τῶν
715 2823 969 2876 ἐναντίων
997 2823 1297 2894 δυνάμεων.

1872 2825 1913 2881 c
2019 2818 2104 2871 l6.
2140 2816 2184 2869 A
2211 2813 2503 2870 contrariis
2532 2814 2914 2884 potestatibus.

331 2918 419 2970 17.
462 2916 573 2977 Τὰς
597 2914 766 2979 αὑτὰς
789 2915 865 2987 (1)
895 2915 1174 2982 δυνάμεις.

2015 2910 2104 2965 17.
2133 2907 2363 2963 Easdem
2393 2915 2709 2977 potestates.

332 3010 420 3063 18.
448 3009 537 3061 Ἐν
557 3006 634 3078 τῷ
656 3007 775 3077 Θεῷ
810 3007 1196 3079 καυχησόμεθα
1216 3007 1301 3060 ἀεὶ
1320 3008 1471 3070 ὄντες
1497 3009 1554 3062 ὲν
1575 3007 1653 3079 τῷ
1679 3006 1836 3077 φωτί.

2014 3002 2100 3057 18.
2130 3002 2191 3055 In
2208 2999 2320 3056 Deo
2339 3001 2692 3071 gloriabimur
2715 3015 2928 3071 semper
2950 3001 3275 3059 exsistentes
3298 3002 3353 3057 in
3377 3003 3517 3060 luce.

332 3101 421 3153 19.
443 3100 551 3152 Kal
579 3099 637 3151 ὲν
658 3097 736 3169 τῷ
766 3098 987 3169 ὀνόματί
1016 3116 1107 3152 σου
1129 3098 1199 3151 τὰ
1225 3097 1431 3170 ἀρεστὰ
1473 3096 1705 3151 ἐνώπιόν
1746 3116 1840 3152 σου

2016 3094 2103 3149 19.
2132 3092 2196 3146 Et
2222 3093 2274 3146 in
2304 3092 2527 3147 nomine
2552 3101 2645 3148 tuo
2670 3108 2791 3162 quae
2821 3092 3015 3161 placita
3048 3093 3145 3148 tibi
3183 3103 3312 3151 sunt
3336 3110 3520 3152 coram

258 3191 582 3261 ποιήσομεν.

1945 3196 1998 3242 te
2027 3185 2316 3242 faciemus.

327 3282 420 3336 20.
447 3282 550 3335 Τὸν
573 3280 701 3334 λαὸν
725 3280 874 3349 λέγει
908 3280 1015 3334 τῶν
1049 3279 1342 3334 Ἰουδαίων.

2013 3278 2105 3332 20.
2142 3277 2409 3346 Populum
2444 3277 2794 3333 Hebraeorum
2825 3280 3114 3349 signiﬁcat.

328 3375 421 3429 21.
438 3374 548 3427 Kal
571 3374 628 3425 ὲν
644 3375 756 3435 τοῖς
773 3372 997 3444 ἄρχουσι
1018 3372 1126 3426 τῶν
1144 3371 1407 3425 Ἰουδαίων
1425 3370 1525 3425 οὐκ
1541 3371 1837 3443 εύδοκήσει.

2015 3371 2105 3423 21.
2140 3369 2207 3423 Ει
2229 3370 2283 3424 in
2310 3370 2648 3441 principibus
2667 3370 2979 3426 Judazorum
3002 3387 3113 3426 non
3140 3373 3522 3442 complacebit.

330 3466 421 3518 22.
467 3463 814 3533 Παρέδωκας,
843 3445 1019 3532 λέγει,
1052 3463 1479 3528 τοὺςἸουδαίους
1505 3466 1626 3527 ταῖς
1657 3462 1839 3517 ἐπιθυ-

2014 3460 2105 3514 22.
2133 3459 2450 3527 'l‘radidisti,
2472 3461 2669 3532 inquit,
2685 3458 2901 3516 Iudaeos
2924 3461 3379 3531 concupiscentiis
3402 3476 3524 3517 cor-

264 3556 415 3626 μίαις
446 3552 553 3606 τῶν
587 3552 826 3624 καρδιῶν
856 3551 1056 3607 αὐτῶν.

807 3571 826 3607 ν
856 3551 1056 3607 αὐτῶν.
1946 3551 2095 3605 dium
2127 3564 2338 3603 eorum.

332 3648 421 3701 25.
453 3645 563 3709 Τὰς
594 3644 773 3716 ψυχὰς
806 3645 960 3716 ἡμῶν
990 3648 1038 3699 οἱ
1068 3646 1321 3717 δαίμονες
1348 3645 1667 3718 διήρπαζον.

2015 3642 2107 3696 25.
2134 3641 2363 3697 Animas
2393 3650 2611 3697 nostras
2636 3642 2911 3697 daemones
2935 3642 3300 3713 diripuerunt.

333 3737 428 3791 24.
458 3736 567 3791 Kal
604 3738 751 3807 ἡμᾶς
792 3735 867 3808 (2)
891 3736 997 3789 ὑπὸ
1018 3736 1127 3791 τῶν
1146 3738 1428 3809 ἁμαρτιῶν
1453 3739 1528 3802 ὡς
1550 3738 1655 3793 ὑπὸ
1668 3736 1847 3792 λύκων

1722 3739 1847 3792 ἱκων
2014 3735 2105 3789 24.
2145 3734 2213 3790 Et
2241 3751 2341 3791 nos
2374 3750 2403 3789 a
2434 3736 2669 3805 peccatis
2698 3734 2864 3790 veluti
2890 3751 2918 3789 a
2945 3736 3087 3806 lupis
3117 3737 3253 3806 rapi.

264 3827 634 3900 ἁρπάζεσθαι.

335 3919 430 3974 25.
463 3919 571 3971 Kal
599 3917 675 3981 ὡς
698 3918 755 3969 ἐν
784 3917 1129 3989 αἰχμαλωσίᾳ
1161 3917 1499 3988 πεπραμένοι
1531 3918 1695 3987 ἐσμὲν
1730 3918 1850 3978 ταῖς

2019 3914 2109 3968 25.
2143 3912 2211 3968 Ει
2237 3914 2403 3969 veluti
2443 3915 2500 3969 in
2551 3916 2920 3985 captivitatem
2951 3917 3154 3972 venditi
3186 3934 3381 3973 sumus
3404 3932 3527 3988 pee-

264 4012 569 4082 άμαρτίαις
603 4010 781 4082 ἡμῶν.

1951 4011 2086 4064 catis
2112 4008 2335 4064 nostris.

336 4102 428 4156 26.
464 4102 692 4165 Δούλους
716 4101 906 4165 εἴασας
946 4103 1098 4172 ἡμᾶς
1132 4098 1269 4155 εἶναι
1302 4102 1399 4173 τῆς
1429 4101 1704 4173 ἁμαρτίας
1745 4101 1843 4172 (5).

1552 4101 1704 4173 ρτίας
1745 4101 1843 4172 (5).
1877 4163 1915 4173 _
2021 4099 2113 4153 26.
2143 4098 2343 4154 Servos
2371 4099 2548 4154 sivisti
2579 4114 2679 4153 nos
2707 4113 2829 4154 esse
2856 4100 3083 4168 peccati.

336 4195 428 4247 27.
461 4194 569 4246 Kal
597 4163 696 4247 οὐκ
730 4163 933 4247 ἐστιντὸ
1150 4193 1286 4264 πρὸς
1326 4163 1391 4247 σέ
1422 4163 1561 4264 μέτᾶ
1602 4163 1849 4264 κραυῖῖῖς

2020 4190 2109 4245 27.
2149 4191 2216 4246 Et
2244 4208 2352 4247 non
2376 4200 2459 4247 est
2479 4192 2723 4247 clamans
2750 4193 2821 4247 ad
2856 4163 2909 4247 te
2932 4207 3055 4247 eum
3084 4192 3324 4247 clamore
3351 4192 3529 4247 valido

269 4287 502 4357 ἰσχυρᾶς
527 4286 623 4338 καὶ
646 4284 918 4355 δακρύων.

857 4303 918 4338 w.
1802 4338 1807 4344 ,
1948 4289 2003 4335 et
2032 4282 2388 4353 lacrymis'“.

336 4379 429 4433 28.
460 4377 729 4449 Αἰσχύνην
754 4376 1041 4441 κατέλιπες
1068 4378 1214 4448 ἡμᾶς
1244 4372 1355 4440 τοῖς
1388 4378 1445 4429 ὲν
1471 4377 1547 4448 τῷ
1575 4377 1784 4432 κόσμω.

2018 4373 2109 4427 28.
2132 4375 2213 4428 Ad
2233 4375 2590 4446 ignominiam
2620 4375 2889 4446 reliquisti
2914 4390 3015 4430 nos
3043 4375 3111 4431 iis
3129 4374 3224 4445 qui
3248 4390 3302 4428 m
3327 4375 3530 4430 mundo

1950 4474 2095 4520 sunt.
2558 4483 2563 4487 ’

341 4558 433 4613 29.
465 4554 856 4624 Καταγέλωτα,
886 4555 1053 4623 λέγει,
1077 4557 1188 4619 τοῖς
1212 4555 1479 4625 δαίμοσιν.

2023 4557 2112 4614 29.
2143 4557 2486 4624 Ludibrium,
2519 4559 2717 4630 inquit,
2750 4558 3108 4614 daemonibus.

338 4646 626 4702 50.Λαλῶν
638 4646 745 4717 γὰρ
760 4646 816 4697 ὲν
827 4644 1179 4714 Εὐαγγελίοις
1192 4647 1247 4698 ὲν
1263 4647 1374 4707 τοῖς
1387 4644 1714 4709 ἕθνεσι,τοὺς
1730 4645 1854 4698 ’1ου-

2025 4652 2116 4707 50.
2148 4650 2404 4721 Loquens
2449 4654 2595 4707 enim
2632 4652 2686 4705 in
2722 4650 3028 4722 Evangeliis
3059 4652 3115 4705 in
3166 4650 3448 4721 gentibus,
3479 4651 3531 4704 in

265 4738 451 4801 δαίους
470 4737 543 4807 (4)
560 4734 873 4807 παραϐολὴν
890 4736 1096 4806 ἢγαγεν
1108 4737 1204 4806 οὐχ
1223 4735 1387 4802 ἅπαξ,
1412 4735 1545 4789 ἀλλὰ
1570 4736 1796 4789 πολλάκι

2000 4746 2271 4800 arabolam
2296 4743 2516 4800 Iudaeos
2552 4744 2778 4800 adduxit
2820 4760 2928 4798 non
2958 4743 3148 4809 semel,
3181 4742 3273 4798 sed
3310 4743 3531 4811 saepius.

340 4828 431 4884 51.
466 4826 576 4881 Kal
602 4827 701 4898 τὴν
720 4827 893 4898 ἀρχὴν
924 4827 1022 4897 τῆς
1049 4827 1295 4893 ἐξουσίας
1320 4866 1333 4891 ,
1367 4827 1433 4899 ἢν
1466 4823 1610 4897 εἶχον
1641 4830 1690 4880 oi
1717 4829 1851 4882 Ἰου-

2028 4838 2116 4891 51.
2146 4837 2212 4891 Ει
2255 4837 2621 4908 principatum
2672 4836 2992 4906 potestatis,
3037 4850 3204 4906 quam
3256 4834 3527 4891 habebant

267 4923 430 4985 δαῖοι,
459 4921 771 4991 μετήγαγεν
792 4922 870 4983 εἰς
895 4919 961 4974 τὰ
996 4918 1143 4992 ἔθνη.

1957 4928 2148 4997 Judzei,
2183 4930 2458 4985 transtulit
2492 4930 2547 4983 in
2572 4938 2778 5000 gentes.

280 5058 303 5067 ν
343 5014 431 5067 52η
474 5011 792 5075 Ἀπαύστως
829 5014 863 5082 ὴ
895 5012 1143 5085 ἁμαρτία
1174 5030 1274 5084 μου
1307 5015 1422 5082 μετ’
1448 5014 1580 5084 ἐμοῦ
1611 5016 1779 5069 ἐστιν.
2029 5022 2120 5075 52.
2158 5020 2840 5090 Ιηᾱεξεὶηεηιειίρθεοδιυω
2868 5022 3052 5076 meum
3083 5034 3297 5076 mecum
3322 5028 3425 5076 est.

343 5103 432 5156 55.
456 5100 567 5153 Kal
584 5102 616 5172 ἡ
634 5101 771 5172 αὑτὴ
789 5101 1034 5173 ἁμαρτία
1053 5102 1151 5173 τῆς
1176 5102 1352 5173 ψυχῆς
1372 5120 1472 5173 μου
1502 5105 1736 5169 σκοτίζει
1760 5125 1849 5177 με.

2029 5115 2117 5169 55.
2140 5113 2206 5169 Et
2230 5114 2406 5184 ipsum
2429 5120 2711 5183 peceatum
2735 5112 2928 5168 animae
2946 5126 3077 5168 mea:
3094 5110 3409 5168 obtenebrat
3426 5124 3528 5165 me.

346 5195 437 5249 54.
475 5194 610 5247 Ἀπὸ
637 5194 737 5263 τῆς
768 5194 1114 5261 διδασκαλίας
1145 5196 1238 5250 τοῦ
1268 5196 1535 5252 διαϐόλου.

1185 5196 1238 5249 οὗ
1268 5196 1535 5252 διαϐόλου.
2030 5208 2121 5265 54.
2148 5206 2194 5260 Α
2221 5207 2470 5263 doctrina
2498 5206 2716 5264 diaboli.

349 5290 393 5321 “
424 5288 588 5345 Hebr.
622 5306 677 5356 ν,
708 5289 761 5343 7.

1232 5408 1540 5473 Addenda
1582 5417 1642 5474 et
1673 5412 2056 5493 corrigenda
2087 5427 2171 5472 ex
2209 5409 2350 5473 cod.
2383 5410 2585 5470 Vatic.

348 5552 429 5693 (1)
457 5550 633 5614 Αύτὰς
659 5552 926 5616 ἐναντίας,
957 5558 1061 5609 etc.
2038 5550 2114 5622 (5)
2152 5550 2346 5612 Ἐάσας
2380 5588 2395 5604 .
2427 5588 2439 5601 .
2477 5589 2491 5602 .
2526 5587 2540 5601 .
2573 5548 2672 5619 τῆς
2709 5545 2952 5617 ἀνομίας.

352 5622 407 5693 ('2
468 5622 711 5685 Ἐδωκας
745 5624 909 5693 ἡμᾶς.
2037 5621 2113 5693 (4)
2145 5622 2268 5685 Τοῖς
2316 5620 2608 5682 Ἰουδαίοις.

352 5620 429 5693 (ἶ)
468 5622 711 5685 Ἕδωκας
745 5624 909 5693 ἡμᾶς.
2037 5620 2113 5693 (4)
2145 5622 2268 5685 Τοῖς
2316 5620 2608 5682 Ἰουδαίοις.
