3876 6220
407 217 516 269 827
1256 218 1314 269 S.
1357 214 1734 268 ATHANASII
1774 214 1929 269 OPP.
1973 213 2153 269 PARS
2190 213 2277 267 ΙΙΙ.
2313 242 2383 256 -ο
2420 211 2832 266 EXEGETICA.
3576 212 3681 267 823

484 328 569 381 16.
604 324 765 395 Virga
792 323 1108 379 directionis
1136 324 1287 393 virga
1313 324 1465 394 regni
1492 325 1592 379 tui.

2159 324 2244 378 16.
2297 323 2519 386 Ῥάϐδος
2543 322 2839 395 εὐθύτητος
2861 324 2894 395 ἡ
2913 322 3108 394 ῥάϐδος
3134 324 3231 394 τῆς
3261 324 3540 394 βασιλείας
3562 346 3675 384 σου.

482 419 569 471 i7.
602 416 847 472 Dilexisti
875 416 1144 485 justitiam
1168 423 1223 469 et
1252 414 1418 469 odisti
1446 414 1788 484 iniquitatem
1815 430 1830 469 :

2169 416 2257 469 ‘17.
2301 415 2625 487 Ἠγάπησας
2674 415 3051 487 δικαιοσύνην,
3098 416 3193 469 καὶ
3242 416 3510 489 ἐμίσησας
3558 410 3682 475 ἀνο-

2147 507 2231 559 ίαν
2255 522 2269 536 ⁶
2644 508 2661 527 ⁹

482 597 569 651 18.
599 596 891 666 Propterea
917 595 1074 650 unxit
1106 603 1157 650 te
1184 594 1351 657 Deus,
1384 594 1529 651 Deus
1553 607 1702 662 tuus,

2147 523 2231 559 ιαν
2255 523 2269 536 ·
2647 523 2657 527 ·

2100 523 2139 577 μ
2168 599 2253 653 18.
2286 597 2386 651 Διά
2413 597 2571 651 τοῦτο
2602 596 2787 669 ἐχρισέ
2814 615 2873 650 σε
2898 600 2925 651 ὁ
2951 597 3104 663 Θεὸς,
3128 599 3156 651 ὁ
3185 598 3317 662 Θεός
3352 616 3468 669 σου,

484 692 574 746 19.
598 689 730 745 Oleo
762 689 960 744 laetitia).
984 704 1093 759 pra:
1116 688 1471 743 consortibus
1502 689 1632 744 tuis.

2176 690 2263 744 19.
2302 689 2522 743 Ἔλαιον
2550 688 2921 755 ἀγαλλιάσεως
2951 688 3102 758 παρά
3118 689 3245 752 τοὺς
3276 690 3536 761 μετόχους
3560 708 3679 747 σου.

484 783 575 837 20.
612 783 851 853 Myrrha,
880 790 934 836 et
959 790 1133 851 gutta,
1169 789 1225 836 et
1250 781 1399 836 casia
1429 796 1458 835 a
1486 780 1829 837 vestimentis
1856 780 1988 847 tuis,

2166 783 2259 837 20.
2292 781 2538 854 Σμύρνα,
2576 782 2670 835 καὶ
2709 780 2935 851 στακτὴ,
2967 781 3062 834 καὶ
3087 781 3250 834 κασία
3278 782 3387 836 ἀπὸ
3416 783 3524 838 τῶν
3556 786 3687 855 ίμα-

2095 892 2227 929 τιων
2261 891 2375 935 σου,

472 965 565 1019 21.
598 963 642 1017 Λ
679 963 933 1019 domibus
983 963 1263 1029 eburneis,
1314 979 1381 1019 ex
1433 962 1634 1033 quibus
1681 964 1989 1019 delectave-

2170 966 2261 1021 21.
2306 965 2447 1019 Ἀπὸ
2477 964 2687 1035 βάρεων
2710 962 3093 1033 ἐλεφαντίνων,
3124 963 3182 1031 ἐξ
3204 983 3277 1019 ων
3299 964 3581 1038 εὖφρανάν
3623 983 3686 1020 σε

564 1064 584 1107 ῑ

409 1065 618 1110 runtte

477 1147 568 1199 22.
604 1144 753 1199 Filiae
778 1159 965 1212 regum
1000 1143 1056 1196 in
1082 1142 1291 1194 honore
1320 1149 1412 1195 tuo
1442 1159 1456 1195 :

2174 1139 2266 1193 22.
2294 1146 2603 1209 θυγατέρες
2635 1136 2897 1207 βασιλέων
2920 1138 2977 1189 ἐν
3002 1138 3067 1207 τῇ
3092 1138 3224 1206 τιμῇ
3262 1152 3354 1187 σου
3374 1152 3388 1167 ·

475 1238 565 1292 23.
598 1237 783 1291 Astitit
816 1236 1001 1305 regina
1029 1250 1059 1288 a
1092 1234 1300 1289 dextris
1326 1233 1458 1298 tuis,

2167 1233 2259 1287 25.
2297 1231 2552 1304 Παρέστη
2588 1233 2621 1301 ἡ
2653 1230 2935 1300 βασίλισσα
2971 1232 3033 1281 ἐκ
3057 1228 3243 1294 δεξιῶν
3280 1246 3397 1295 σου,

474 1330 568 1385 2i.
598 1327 655 1381 In
688 1328 885 1382 vestitu
918 1326 1185 1380 deaurato
1211 1324 1551 1378 circumdata
1580 1324 1865 1379 varietate.

2170 1322 2260 1377 24.
2312 1323 2398 1374 Ἐν
2448 1321 2727 1393 ἱματισμῷ
2761 1320 3036 1393 διαχρύσῳ
3084 1320 3547 1393 περιϐεϐλημένη,
3590 1340 3692 1376 πε-

2098 1412 2442 1465 ποικιλμένη.

476 1502 567 1557 25.
594 1501 757 1567 Audi,
794 1502 925 1568 ﬁlia,
956 1509 1010 1555 et
1052 1500 1196 1566 vide,
1230 1507 1286 1554 et
1324 1498 1524 1553 inclina
1559 1514 1746 1553 aurem
1792 1508 1938 1553 tuam
1975 1519 1989 1554 :

2161 1428 2279 1465 ιικιΛ
2328 1428 2351 1463 ε
2426 1449 2442 1465 .

2166 1503 2259 1558 25.
2285 1428 2465 1556 ξΑνδίὸυ
2478 1519 2589 1568 σον,
2625 1502 2886 1573 θύγατερ,
2912 1503 3008 1555 καὶ
3034 1502 3134 1567 ἴδε,
3168 1502 3262 1555 καὶ
3286 1499 3465 1555 κλῖνον
3492 1502 3558 1555 τὸ
3587 1498 3692 1567 οὖς

2098 1612 2216 1650 σου.

477 1679 567 1733 26.
602 1678 670 1732 Ει
698 1679 1021 1735 obliviscere
1049 1677 1309 1749 populum
1350 1685 1501 1731 tuum
1540 1686 1594 1732 et
1618 1677 1839 1732 domum
1892 1692 1991 1746 pa-

2161 1686 2251 1740 26.
2286 1687 2396 1739 Καὶ
2430 1685 2689 1740 ἐπιλάθου
2720 1685 2815 1739 τοῦ
2840 1685 2971 1740 λαου
3002 1702 3097 1738 σου
3130 1685 3226 1739 καὶ
3256 1684 3351 1738 τοῦ
3376 1684 3529 1738 οἴκου
3578 1683 3686 1740 τοῦ

414 1771 511 1826 tris
540 1770 638 1824 tui.

2099 1777 2305 1850 πατρός
2339 1795 2454 1833 σου.

478 1867 568 1919 27.
605 1864 670 1918 Et
700 1864 1049 1934 concupiscet
1077 1878 1173 1917 rex
1202 1863 1455 1917 decorem
1492 1872 1644 1913 tuum
1677 1880 1693 1914 :

2167 1871 2257 1924 27.
2293 1871 2403 1923 Καὶ
2430 1868 2763 1939 ἐπιθυμήσει
2788 1869 2815 1919 ὁ
2850 1868 3102 1938 βασιλεὺς
3124 1869 3218 1921 τοῦ
3243 1868 3474 1931 κάλλους
3508 1886 3609 1921 σου
3636 1885 3649 1897 ·

478 1963 568 2016 28.
601 1962 871 2028 Quoniam
893 1962 1009 2031 ipse
1038 1968 1121 2015 est
1151 1958 1414 2013 Dominus
1454 1966 1602 2019 tuus,
1635 1964 1690 2011 et
1735 1954 1992 2011 adorabis

2170 1960 2261 2015 28.
2296 1962 2419 2013 Ὅτι
2446 1960 2608 2023 αύτός
2638 1962 2755 2013 ἐστι
2798 1960 3003 2031 Κύριός
3058 1978 3151 2013 σου
3174 2000 3189 2026 ,
3236 1962 3330 2014 καὶ
3372 1957 3692 2032 προσκυνή-

416 2072 560 2112 cum.

2101 2068 2215 2112 σεις
2245 2049 2412 2119 αὐτῷ.

478 2150 548 2205 29
602 2147 666 2201 Et
701 2146 807 2201 ﬁlia
832 2143 961 2216 Tyri
1008 2144 1060 2197 in
1090 2143 1431 2198 muneribus.

2170 2140 2260 2196 29.
2295 2138 2370 2211 (a)
2403 2141 2514 2196 Καὶ
2540 2138 2785 2210 θυγάτηρ
2811 2138 2986 2211 Τύρου
3020 2143 3077 2194 ἐν
3105 2142 3318 2214 δώροις.

480 2269 558 2339 (α)
596 2265 656 2321 V.
687 2265 780 2331 29,
828 2264 942 2319 Καὶ
974 2264 1445 2337 προσκυνήσουσιν
1480 2259 1629 2326 αύτῷ
1657 2260 1956 2331 θυγατέρες
1995 2258 2171 2332 Τύρου
2206 2260 2264 2313 ἐν
2295 2259 2489 2332 δώροις
2522 2258 2590 2316 ν.
2621 2261 2711 2327 50,
2744 2258 2837 2327 Τό,
2863 2268 2971 2315 etc.

1535 2397 1915 2452 ATIIANASII
1952 2395 2547 2452 INTERPRETATIO.

481 2517 570 2571 16.
599 2515 848 2570 Potestas
874 2524 1075 2571 aeterna
1099 2530 1327 2584 regnum
1357 2522 1535 2570 tuum.

2174 2512 2261 2565 16.
2309 2510 2559 2575 Ἐξουσία
2586 2509 2801 2573 αἰώνιος
2827 2512 2859 2580 ἠ
2895 2509 3141 2580 βασιλεία
3168 2526 3281 2562 σου.

483 2608 571 2661 17.
611 2606 855 2660 Dilexisti
898 2616 1117 2661 sanctos
1168 2614 1316 2669 tuos,
1365 2617 1420 2660 et
1463 2605 1627 2659 odisti
1683 2604 1995 2659 inventores

2164 2605 2251 2657 17.
2300 2605 2622 2673 Ἠγὰπησας
2644 2605 2769 2667 τοὺς
2794 2603 2981 2672 ἁγίους
3013 2619 3125 2667 σου,
3145 2603 3239 2655 καὶ
3270 2601 3543 2674 ἐμίσησας
3558 2614 3691 2669 τους

417 2698 741 2769 ιιιίίιυίιοιίς,
777 2698 1056 2753 diabolum
1092 2712 1306 2767 nempe,
1330 2706 1383 2751 et
1407 2698 1627 2767 angelos
1658 2696 1798 2766 ejus.

2169 2697 2329 2769 ρετὰς
2356 2698 2454 2768 τῆς
2480 2695 2729 2766 ἀνομίας,
2763 2696 2915 2764 φημὶ
2939 2693 3004 2764 δὴ
3034 2694 3124 2746 τὸν
3157 2692 3404 2746 διάϐολον
3438 2695 3533 2747 καὶ
3558 2696 3696 2761 τοὺς

2103 2789 2369 2852 ἀγγέλους
2396 2787 2585 2843 αὐτοῦ.

484 2871 575 2938 18,
609 2872 696 2927 19.
732 2870 1027 2942 Propterea
1051 2871 1388 2926 renuntiavit
1415 2880 1467 2926 te
1496 2870 1657 2925 Pater
1692 2886 1788 2940 per
1818 2870 1993 2941 Spiri-

2162 2807 2369 2857 τγελους
2396 2807 2585 2843 αυτου.

2173 2879 2373 2944 18,19.
2423 2879 2522 2932 Διά
2574 2878 2735 2932 τοῦτο
2776 2878 3015 2946 ἀνέδειξέ
3066 2895 3126 2931 σε
3171 2880 3199 2931 ὁ
3246 2878 3435 2949 Πατὴρ
3468 2876 3558 2929 διὰ
3590 2876 3693 2930 τοῦ

417 2973 527 3018 tum
551 2970 803 3020 sanctum
830 2979 1012 3034 regem
1037 2965 1150 3033 jam
1185 2964 1544 3019 exsistentem
1580 2980 1594 3016 :
1627 2964 1948 3033 quandoqui

2166 2972 2418 3043 ρεύματος
2458 2972 2614 3041 ἁγίου
2656 2972 2881 3042 βασιλέα
2909 2972 3039 3026 ὄντα
3062 2990 3074 3002 ·
3111 2971 3407 3042 ἐπειδήπερ
3443 2972 3697 3041 ὑπῆρχες

419 3062 535 3111 dem
565 3072 779 3126 semper
802 3056 1059 3111 exstitisti
1088 3072 1186 3110 rex
1217 3071 1381 3126 supra
1413 3071 1531 3119 eos,
1565 3055 1658 3124 qui
1698 3056 1950 3126 participe

2166 3063 2184 3114 ὶ
2209 3061 2461 3130 βασιλεὺς
2492 3062 2632 3131 ὑπὲρ
2662 3063 2789 3124 τοὺς
2820 3062 3147 3131 γενομένους
3167 3061 3427 3131 μετόχους
3457 3062 3555 3130 τῆς
3586 3060 3697 3129 χά-

418 3148 640 3202 fuerunt
692 3149 882 3217 gratiae
936 3157 1086 3214 tuae;
1142 3146 1581 3213 Melchisedech,
1642 3148 1889 3217 inquam,
1944 3169 1949 3197 ι

2174 3155 2249 3219 τός
2279 3172 2371 3207 σου
2394 3172 2406 3185 ⁸
2444 3154 2589 3222 λέγω
2619 3154 2683 3223 δὴ
2712 3152 3068 3223 Μελχισεδέχ,
3087 3152 3182 3205 καὶ
3204 3151 3387 3215 Δαϐὶδ,
3418 3153 3509 3204 καὶ
3539 3149 3705 3217 Ἐξι-

420 3237 610 3299 David,
642 3246 696 3291 et
719 3236 972 3303 Ezechia,
997 3245 1050 3291 ct
1073 3235 1243 3303 Josia,
1274 3246 1329 3292 et
1360 3245 1631 3307 quotquot
1660 3237 1745 3293 his
1788 3237 1951 3293 simih

1700 3237 1745 3293 is
1788 3237 1998 3293 similes
2100 3247 2213 3316 χία,
2240 3246 2335 3300 καὶ
2377 3246 2579 3309 Ἰωσία,
2610 3244 2705 3297 καὶ
2726 3244 2841 3296 ὅσοι
2868 3243 2989 3297 κατ’
3013 3243 3226 3306 αύτούς.

421 3329 664 3384 fuerunt.

489 3420 579 3474 20.
611 3418 834 3489 Myrrha
859 3419 1245 3488 interpretatur
1272 3418 1501 3472 melodia
1537 3420 1793 3489 ipsorum.
1832 3419 2001 3495 Melo-

2170 3419 2261 3475 20.
2299 3420 2542 3489 Σμύρνα
2597 3417 2956 3490 ἑρμηνεύεται
3002 3418 3268 3487 μελῳδία
3308 3416 3525 3472 αὐτῶν.
3562 3417 3688 3489 Τὴν

420 3512 565 3566 diam
590 3512 753 3581 igitur
776 3525 989 3576 eorum,
1024 3521 1078 3565 et
1107 3511 1353 3581 gentium
1396 3509 1755 3581 fragrantiam
1800 3513 1951 3584 signil

2171 3530 2194 3564 ν
2229 3511 2496 3582 μελῳδίαν
2524 3510 2704 3563 αὐτῶν
2740 3509 2837 3580 (1),
2866 3511 2961 3562 καὶ
3002 3509 3097 3581 τὴν
3121 3510 3345 3563 εὐωδίαν
3378 3509 3487 3562 τῶν
3520 3509 3702 3563 ἐθνῶν

420 3614 526 3667 cat,
551 3618 714 3673 quam
742 3618 772 3656 a
802 3603 1055 3656 doctrina
1090 3601 1325 3672 collegit.

2102 3604 2272 3671 λέγει,
2307 3602 2373 3673 ἣν
2402 3602 2805 3671 ἐπισυνήγαγεν
2836 3600 2945 3653 ἀπὸ
2970 3603 3070 3672 τῆς
3098 3601 3450 3664 διδασκαλίας
3482 3601 3583 3672 (2).

491 3693 580 3747 2i.
611 3693 693 3746 Ab
730 3691 962 3746 urbibus
988 3691 1162 3747 ﬁrmis
1189 3701 1252 3762 et
1277 3690 1514 3757 decoris,
1558 3688 1664 3745 hoc
1693 3699 1777 3745 est
1810 3706 1840 3746 a
1870 3706 2001 3746 san-

2174 3694 2264 3747 21.
2311 3694 2444 3746 Ἀπὸ
2484 3692 2593 3746 τῶν
2634 3692 2843 3745 πόλεων
2886 3692 2995 3745 τῶν
3032 3694 3287 3763 ἰσχυρῶν,
3340 3694 3450 3746 τῶν
3493 3694 3704 3767 εὐπρε-

427 3786 554 3847 ctis,
580 3783 724 3839 unde
748 3782 1055 3837 laetiﬁcatus
1080 3797 1157 3837 es.

2106 3787 2246 3849 πῶν,
2276 3785 2525 3838 τουτέστι
2558 3784 2667 3837 τῶν
2697 3785 2889 3852 ἁγίων,
2917 3782 2976 3848 ἐξ
2995 3777 3069 3836 ὧν
3099 3784 3432 3855 εύφράνθης.

494 3876 585 3958 22.
619 3874 828 3928 Anima:
862 3882 1176 3928 sanctorum
1201 3873 1584 3943 gloriﬁcabunt
1613 3880 1683 3928 te.

2174 3878 2267 3934 22.
2301 3879 2368 3930 Αἱ
2396 3876 2566 3947 ψυχαὶ
2596 3876 2706 3930 τῶν
2743 3876 2914 3944 ἁγίων
2945 3874 3228 3940 δοξάσουσί
3256 3893 3335 3931 σε.

490 3971 583 4023 23.
617 3967 885 4023 Ecclesia.

2178 3971 2268 4024 25.
2312 3971 2376 4022 Ἦ
2415 3970 2730 4040 Ἐκκλησία.

495 4059 587 4112 24.
621 4056 681 4111 1η
715 4056 1014 4112 multifaria
1045 4055 1315 4127 sapientia
1348 4065 1566 4111 ornata.

2180 4063 2269 4115 24.
2313 4063 2401 4114 Ἐν
2433 4066 2498 4133 τῇ
2537 4062 2697 4132 σοφίᾳ
2720 4064 2786 4132 τῇ
2823 4061 3195 4131 πολυποικίλῳ
3226 4062 3642 4132 κεκοσμημένη.

492 4148 584 4203 25.
610 4147 777 4214 Audi,
821 4147 955 4200 dicit
989 4146 1243 4201 Ecclesiae.
1277 4161 1343 4200 ex
1378 4147 1632 4216 gentibus
1664 4146 2008 4216 prmdicatio-

2184 4155 2275 4208 25.
2312 4155 2578 4206 Ἀκουσον
2605 4194 2619 4218 ,
2656 4153 2803 4221 λέγει
2838 4155 2905 4224 τῇ
2953 4152 3248 4223 Ἐκκλησία
3288 4155 3354 4223 τῇ
3399 4152 3457 4216 ἐξ
3488 4153 3700 4221 ἐθνῶν,

423 4257 550 4295 ncm
598 4240 842 4307 Domini,
895 4249 950 4295 et
1004 4241 1224 4295 attende
1268 4240 1442 4295 oculis
1485 4239 1671 4295 cordis
1721 4249 1954 4310 pracept

2171 4244 2214 4298 ὤ
2242 4244 2599 4315 κηρύγματος
2620 4243 2714 4295 τοῦ
2737 4245 2965 4315 Κυρίου,
2994 4244 3089 4297 καὶ
3107 4243 3341 4314 πρόσχες
3357 4245 3470 4306 τοῖς
3493 4243 3702 4311 ὀφθαλ-

425 4333 667 4398 Domini,
691 4340 746 4387 et
777 4332 1025 4388 ausculta
1050 4348 1198 4387 eum.

2168 4336 2243 4397 οῖς
2269 4334 2368 4403 τῆς
2390 4332 2618 4404 καρδίας
2642 4336 2765 4396 ταῖς
2788 4333 3032 4397 ἐντολαῖς
3082 4332 3177 4385 τοῦ
3212 4332 3440 4402 Κυρίου,
3481 4332 3574 4384 καὶ
3605 4334 3699 4386 ὑπ-

2120 4428 2251 4481 άκου
2259 4444 2348 4481 σον
2380 4424 2569 4479 αὑτοῦ.

494 4512 587 4568 26.
618 4510 685 4568 Et
711 4512 1034 4568 obliviscere
1054 4510 1397 4584 gentilitatis,
1422 4518 1475 4564 et
1492 4510 1831 4570 idololatria.

2188 4519 2280 4574 26.
2316 4519 2428 4573 Καὶ
2450 4518 2708 4572 ἐπιλάθου
2744 4517 2836 4571 τοῦ
2888 4516 3241 4588 Ἑλληνισμοῦ
3279 4517 3371 4569 καὶ
3412 4518 3512 4589 τῆς
3542 4519 3700 4573 εἰδω-

2115 4608 2450 4678 λολατρείας.

498 4690 591 4746 27.
620 4690 885 4745 Dominus
912 4690 1070 4745 [idem
1097 4699 1269 4744 tuam.

2193 4700 2284 4755 27.
2333 4702 2391 4755 Ὀ
2417 4702 2623 4774 Κύριος
2656 4705 2753 4775 τῆς
2791 4703 3027 4766 πίστεώς
3062 4720 3175 4756 σου.

500 4781 589 4835 28.
617 4781 889 4847 Quoniam
917 4781 1034 4851 ipse
1072 4790 1157 4837 est
1181 4781 1445 4837 Dominus
1480 4790 1630 4849 tuus,
1678 4789 1727 4836 et
1772 4782 1872 4851 ipsi
1918 4779 2015 4835 ile—

2192 4793 2282 4846 28.
2321 4794 2444 4847 Ὀτι
2473 4795 2637 4857 αὑτός
2677 4797 2793 4846 ἐστι
2820 4794 3095 4864 Δεσπότης
3129 4810 3244 4855 σου,
3280 4793 3375 4845 καὶ
3397 4790 3548 4861 αὐτῷ
3590 4791 3698 4844 κλί-

432 4874 597 4929 ctitur
625 4888 787 4929 omne
810 4889 951 4943 genu
979 4874 1033 4927 in
1062 4874 1201 4929 coelo
1223 4884 1277 4929 et
1303 4876 1357 4928 in
1387 4882 1529 4929 terra
1560 4875 1627 4930 “.

2122 4901 2203 4937 νει
2231 4884 2306 4955 ('5)
2343 4883 2529 4956 [πᾶν]
2562 4886 2693 4955 γόνυ
2724 4888 2781 4939 ἐν
2810 4884 3024 4957 οὐρανῷ
3054 4886 3148 4938 καὶ
3173 4884 3266 4937 ἐπὶ
3292 4884 3416 4954 γῆς.

503 4965 594 5020 29.
627 4962 692 5018 Ει
746 4964 856 5017 (ilia
906 4964 1272 5030 confusionis,
1325 4979 1520 5033 nempe
1551 4963 1892 5029 idololatriae,
1928 4963 2019 5015 ad-

2198 4975 2288 5029 29.
2320 4978 2433 5029 Καὶ
2461 4978 2557 5048 τῆς
2589 4978 2904 5048 συγχύσεως
2932 4977 3199 5049 θυγάτηρ,
3234 4975 3377 5045 λέγω
3410 4975 3473 5045 δὴ
3497 4974 3596 5044 τῆς
3626 4977 3697 5027 εί·

433 5058 597 5113 ducta
672 5062 756 5109 est
818 5055 886 5110 ad
953 5055 1135 5110 ﬁdem.
1199 5056 1369 5125 Tyrus
1420 5056 1565 5111 enim
1630 5055 1964 5125 interpretati

2166 5067 2544 5140 υλολατρείας,
2600 5071 2944 5143 προσηνέχθη
3000 5073 3058 5127 ἐν
3113 5070 3319 5124 πίστει.
3381 5070 3559 5137 Τύρος
3593 5066 3697 5140 γὰρ

435 5150 702 5218 confusio.

2125 5161 2431 5228 σύγχυσις
2468 5162 2844 5234 ἑρμηνεύεται.

508 5262 553 5295 ⁸⁵
586 5261 691 5318 lsa.
728 5281 847 5329 xu,
878 5265 986 5333 24;
1022 5263 1184 5319 Rom.
1213 5281 1325 5333 xw,
1350 5266 1410 5320 11
1437 5282 1451 5331 ;
1483 5264 1682 5335 Philip.
1717 5281 1779 5333 ιι,
1812 5264 1898 5318 10.

1422 5379 1734 5444 Addenda
1766 5384 1827 5442 et
1859 5377 2239 5458 corrigenda
2270 5394 2349 5438 ex
2384 5378 2524 5440 cod.
2553 5379 2728 5442 νοιΞέ

520 5499 596 5576 (ι)
623 5499 830 5576 arguar
858 5502 1030 5576 deest.

1019 5541 1030 5556 .
2214 5501 2291 5576 (5)
2318 5500 2550 5566 Κλινεῖς.

514 5569 591 5639 (2)
630 5570 988 5636 Διδασκαλίας
1022 5588 1134 5625 σου.
