  <div class='ocr_page' id='page_1' title='image "/cluster/home/n/w/nwhite01/storage/ocr_20150623/27/nnc1.0046978631/429.png"; bbox 0 0 3876 6220; ppageno 0'>
   <div class='ocr_carea' id='block_1_1' title="bbox 454 208 3724 295">
    <p class='ocr_par' dir='ltr' id='par_1_1' title="bbox 454 208 3724 295">
     <span class='ocr_line' id='line_1_1' title="bbox 454 208 3724 295; baseline -0.01 -1"><span class='ocrx_word' id='word_1_1' title='bbox 454 239 562 295; x_wconf 84' lang='grc'><strong>851</strong></span> <span class='ocrx_word' id='word_1_2' title='bbox 1309 234 1367 288; x_wconf 91' lang='lat' dir='ltr'><strong>S.</strong></span> <span class='ocrx_word' id='word_1_3' title='bbox 1429 228 1806 284; x_wconf 77' lang='lat' dir='ltr'><strong>ATHANASII</strong></span> <span class='ocrx_word' id='word_1_4' title='bbox 1846 225 1996 280; x_wconf 80' lang='grc' dir='ltr'><strong>ΟΡΡ.</strong></span> <span class='ocrx_word' id='word_1_5' title='bbox 2042 220 2219 278; x_wconf 79' lang='lat' dir='ltr'><strong>PARS</strong></span> <span class='ocrx_word' id='word_1_6' title='bbox 2257 219 2342 274; x_wconf 91' lang='lat' dir='ltr'><strong>lll.</strong></span> <span class='ocrx_word' id='word_1_7' title='bbox 2383 250 2452 260; x_wconf 92' lang='lat'><strong>——</strong></span> <span class='ocrx_word' id='word_1_8' title='bbox 2488 215 2900 272; x_wconf 71' lang='lat' dir='ltr'><strong>EXEGETICA.</strong></span> <span class='ocrx_word' id='word_1_9' title='bbox 3620 208 3724 263; x_wconf 69' lang='lat'><strong>83:</strong></span> 
     </span>
    </p>
   </div>
   <div class='ocr_carea' id='block_1_2' title="bbox 522 328 2053 427">
    <p class='ocr_par' dir='ltr' id='par_1_2' title="bbox 522 344 2029 427">
     <span class='ocr_line' id='line_1_2' title="bbox 522 344 2029 427; baseline -0.012 -13"><span class='ocrx_word' id='word_1_10' title='bbox 522 360 577 414; x_wconf 86' lang='grc'><strong>’5.</strong></span> <span class='ocrx_word' id='word_1_11' title='bbox 610 356 903 427; x_wconf 73' lang='lat' dir='ltr'><strong>Propterea</strong></span> <span class='ocrx_word' id='word_1_12' title='bbox 949 368 1059 408; x_wconf 89' lang='lat' dir='ltr'><strong>non</strong></span> <span class='ocrx_word' id='word_1_13' title='bbox 1114 350 1469 416; x_wconf 86' lang='lat' dir='ltr'><strong>timebimus,</strong></span> <span class='ocrx_word' id='word_1_14' title='bbox 1531 349 1663 402; x_wconf 91' lang='lat' dir='ltr'><strong>dum</strong></span> <span class='ocrx_word' id='word_1_15' title='bbox 1722 344 2029 399; x_wconf 85' lang='lat' dir='ltr'><strong>turbabilur</strong></span> 
     </span>
    </p>
   </div>
   <div class='ocr_carea' id='block_1_3' title="bbox 2191 328 3722 427">
    <p class='ocr_par' dir='ltr' id='par_1_3' title="bbox 2203 328 3722 404">
     <span class='ocr_line' id='line_1_3' title="bbox 2203 328 3722 404; baseline -0.008 -13"><span class='ocrx_word' id='word_1_16' title='bbox 2203 340 2255 391; x_wconf 83' lang='lat'><strong>5.</strong></span> <span class='ocrx_word' id='word_1_17' title='bbox 2288 338 2388 391; x_wconf 71' lang='grc' dir='ltr'><strong>Διὰ</strong></span> <span class='ocrx_word' id='word_1_18' title='bbox 2416 335 2573 389; x_wconf 88' lang='grc' dir='ltr'>τοῦτο</span> <span class='ocrx_word' id='word_1_19' title='bbox 2600 337 2661 387; x_wconf 84' lang='grc' dir='ltr'><strong>οὐ</strong></span> <span class='ocrx_word' id='word_1_20' title='bbox 2692 330 3116 404; x_wconf 74' lang='grc' dir='ltr'>φοϐηθησόμεθα</span> <span class='ocrx_word' id='word_1_21' title='bbox 3145 330 3201 383; x_wconf 81' lang='grc' dir='ltr'><strong>ὲν</strong></span> <span class='ocrx_word' id='word_1_22' title='bbox 3237 328 3312 400; x_wconf 73' lang='grc' dir='ltr'>τῷ</span> <span class='ocrx_word' id='word_1_23' title='bbox 3345 328 3722 401; x_wconf 71' lang='grc' dir='ltr'><strong>ταράσσεσθαι</strong></span> 
     </span>
    </p>
   </div>
   <div class='ocr_carea' id='block_1_4' title="bbox 2132 429 2403 500">
    <p class='ocr_par' dir='ltr' id='par_1_4' title="bbox 2132 429 2403 500">
     <span class='ocr_line' id='line_1_4' title="bbox 2132 429 2403 500; baseline -0.022 0"><span class='ocrx_word' id='word_1_24' title='bbox 2132 429 2230 500; x_wconf 77' lang='grc' dir='ltr'><strong>τὴν</strong></span> <span class='ocrx_word' id='word_1_25' title='bbox 2258 430 2403 498; x_wconf 81' lang='grc' dir='ltr'>γῆν,</span> 
     </span>
    </p>
   </div>
   <div class='ocr_carea' id='block_1_5' title="bbox 453 460 620 505">
    <p class='ocr_par' dir='ltr' id='par_1_5' title="bbox 453 460 620 505">
     <span class='ocr_line' id='line_1_5' title="bbox 453 460 620 505; baseline -0.018 0"><span class='ocrx_word' id='word_1_26' title='bbox 453 460 620 505; x_wconf 67' lang='grc' dir='ltr'><strong>ιΟΗἪ.</strong></span> 
     </span>
    </p>
   </div>
   <div class='ocr_carea' id='block_1_6' title="bbox 487 511 2018 597">
    <p class='ocr_par' dir='ltr' id='par_1_6' title="bbox 487 529 1772 597">
     <span class='ocr_line' id='line_1_6' title="bbox 487 529 1772 597; baseline -0.01 0"><span class='ocrx_word' id='word_1_27' title='bbox 487 529 495 537; x_wconf 72' lang='grc'><strong>’</strong></span> <span class='ocrx_word' id='word_1_28' title='bbox 523 543 577 597; x_wconf 80' lang='grc'><strong>4.</strong></span> <span class='ocrx_word' id='word_1_29' title='bbox 608 540 673 595; x_wconf 85' lang='lat' dir='ltr'><strong>Et</strong></span> <span class='ocrx_word' id='word_1_30' title='bbox 704 538 1102 594; x_wconf 79' lang='lat' dir='ltr'><strong>transferentur</strong></span> <span class='ocrx_word' id='word_1_31' title='bbox 1131 545 1345 591; x_wconf 77' lang='lat' dir='ltr'><strong>montes</strong></span> <span class='ocrx_word' id='word_1_32' title='bbox 1370 536 1425 589; x_wconf 90' lang='lat' dir='ltr'><strong>in</strong></span> <span class='ocrx_word' id='word_1_33' title='bbox 1458 550 1552 590; x_wconf 91' lang='lat' dir='ltr'><strong>cor</strong></span> <span class='ocrx_word' id='word_1_34' title='bbox 1583 533 1772 588; x_wconf 87' lang='lat' dir='ltr'><strong>maris.</strong></span> 
     </span>
    </p>
   </div>
   <div class='ocr_carea' id='block_1_7' title="bbox 2120 511 3651 597">
    <p class='ocr_par' dir='ltr' id='par_1_7' title="bbox 2204 511 3651 587">
     <span class='ocr_line' id='line_1_7' title="bbox 2204 511 3651 587; baseline -0.008 -14"><span class='ocrx_word' id='word_1_35' title='bbox 2204 521 2257 574; x_wconf 68' lang='grc'><strong>4.</strong></span> <span class='ocrx_word' id='word_1_36' title='bbox 2290 520 2399 572; x_wconf 79' lang='grc' dir='ltr'>Καὶ</span> <span class='ocrx_word' id='word_1_37' title='bbox 2433 514 2812 587; x_wconf 81' lang='grc' dir='ltr'>μετατίθεσθαι</span> <span class='ocrx_word' id='word_1_38' title='bbox 2841 513 2940 585; x_wconf 78' lang='grc' dir='ltr'>ὅρη</span> <span class='ocrx_word' id='word_1_39' title='bbox 2970 514 3026 565; x_wconf 86' lang='grc' dir='ltr'><strong>ἐν</strong></span> <span class='ocrx_word' id='word_1_40' title='bbox 3068 512 3315 582; x_wconf 76' lang='grc' dir='ltr'>καρδίαις</span> <span class='ocrx_word' id='word_1_41' title='bbox 3344 511 3651 564; x_wconf 85' lang='grc' dir='ltr'>θαλασσῶν.</span> 
     </span>
    </p>
   </div>
   <div class='ocr_carea' id='block_1_8' title="bbox 522 604 2053 692">
    <p class='ocr_par' dir='ltr' id='par_1_8' title="bbox 522 626 1851 692">
     <span class='ocr_line' id='line_1_8' title="bbox 522 626 1851 692; baseline -0.009 -7"><span class='ocrx_word' id='word_1_42' title='bbox 522 633 575 685; x_wconf 87' lang='grc'><strong>5.</strong></span> <span class='ocrx_word' id='word_1_43' title='bbox 612 632 927 686; x_wconf 88' lang='lat' dir='ltr'><strong>Sonuerunt</strong></span> <span class='ocrx_word' id='word_1_44' title='bbox 951 636 1006 682; x_wconf 88' lang='lat' dir='ltr'><strong>et</strong></span> <span class='ocrx_word' id='word_1_45' title='bbox 1039 626 1265 681; x_wconf 65' lang='lat' dir='ltr'><strong>turbatae</strong></span> <span class='ocrx_word' id='word_1_46' title='bbox 1287 634 1416 680; x_wconf 85' lang='lat' dir='ltr'><strong>sunt</strong></span> <span class='ocrx_word' id='word_1_47' title='bbox 1439 638 1594 692; x_wconf 67' lang='lat' dir='ltr'><strong>aqua:</strong></span> <span class='ocrx_word' id='word_1_48' title='bbox 1625 633 1851 676; x_wconf 90' lang='lat' dir='ltr'><strong>eorum:</strong></span> 
     </span>
    </p>
   </div>
   <div class='ocr_carea' id='block_1_9' title="bbox 2092 604 3623 692">
    <p class='ocr_par' dir='ltr' id='par_1_9' title="bbox 2205 604 3623 682">
     <span class='ocr_line' id='line_1_9' title="bbox 2205 604 3623 682; baseline -0.008 -15"><span class='ocrx_word' id='word_1_49' title='bbox 2205 615 2259 668; x_wconf 82' lang='lat'><strong>5.</strong></span> <span class='ocrx_word' id='word_1_50' title='bbox 2295 613 2546 682; x_wconf 78' lang='grc' dir='ltr'>Ἤχησαν</span> <span class='ocrx_word' id='word_1_51' title='bbox 2587 610 2678 663; x_wconf 70' lang='grc' dir='ltr'><strong>καὶ</strong></span> <span class='ocrx_word' id='word_1_52' title='bbox 2702 608 3078 680; x_wconf 79' lang='grc' dir='ltr'>ἐταράχθησαν</span> <span class='ocrx_word' id='word_1_53' title='bbox 3101 606 3169 658; x_wconf 83' lang='grc' dir='ltr'>τὰ</span> <span class='ocrx_word' id='word_1_54' title='bbox 3204 605 3372 677; x_wconf 67' lang='grc' dir='ltr'>ὕδατα</span> <span class='ocrx_word' id='word_1_55' title='bbox 3402 604 3587 657; x_wconf 82' lang='grc' dir='ltr'>αὐτῶν</span> <span class='ocrx_word' id='word_1_56' title='bbox 3611 618 3623 631; x_wconf 87' lang='grc'><strong>·</strong></span> 
     </span>
    </p>
   </div>
   <div class='ocr_carea' id='block_1_10' title="bbox 521 694 2052 779">
    <p class='ocr_par' dir='ltr' id='par_1_10' title="bbox 521 710 1920 778">
     <span class='ocr_line' id='line_1_10' title="bbox 521 710 1920 778; baseline -0.009 -5"><span class='ocrx_word' id='word_1_57' title='bbox 521 724 574 775; x_wconf 84' lang='lat'><strong>6.</strong></span> <span class='ocrx_word' id='word_1_58' title='bbox 607 719 932 775; x_wconf 88' lang='lat' dir='ltr'><strong>Conturbati</strong></span> <span class='ocrx_word' id='word_1_59' title='bbox 958 726 1085 771; x_wconf 85' lang='lat' dir='ltr'><strong>sunt</strong></span> <span class='ocrx_word' id='word_1_60' title='bbox 1107 724 1321 770; x_wconf 91' lang='lat' dir='ltr'><strong>montes</strong></span> <span class='ocrx_word' id='word_1_61' title='bbox 1354 714 1408 767; x_wconf 89' lang='lat' dir='ltr'><strong>in</strong></span> <span class='ocrx_word' id='word_1_62' title='bbox 1436 712 1755 767; x_wconf 77' lang='lat' dir='ltr'><strong>fortitudine</strong></span> <span class='ocrx_word' id='word_1_63' title='bbox 1780 710 1920 778; x_wconf 86' lang='lat' dir='ltr'><strong>ejus.</strong></span> 
     </span>
    </p>
   </div>
   <div class='ocr_carea' id='block_1_11' title="bbox 2195 694 3726 779">
    <p class='ocr_par' dir='ltr' id='par_1_11' title="bbox 2201 694 3726 779">
     <span class='ocr_line' id='line_1_11' title="bbox 2201 694 3726 779; baseline -0.009 -20"><span class='ocrx_word' id='word_1_64' title='bbox 2201 706 2254 759; x_wconf 93' lang='lat'><strong>6.</strong></span> <span class='ocrx_word' id='word_1_65' title='bbox 2305 702 2718 775; x_wconf 85' lang='grc' dir='ltr'>Ἐταρὰχθησαν</span> <span class='ocrx_word' id='word_1_66' title='bbox 2746 700 2816 752; x_wconf 82' lang='grc' dir='ltr'><strong>τὰ</strong></span> <span class='ocrx_word' id='word_1_67' title='bbox 2833 700 2933 779; x_wconf 72' lang='grc' dir='ltr'><strong>δρη</strong></span> <span class='ocrx_word' id='word_1_68' title='bbox 2970 700 3029 751; x_wconf 88' lang='grc' dir='ltr'><strong>ἐν</strong></span> <span class='ocrx_word' id='word_1_69' title='bbox 3053 700 3119 769; x_wconf 80' lang='grc' dir='ltr'>τῇ</span> <span class='ocrx_word' id='word_1_70' title='bbox 3150 695 3503 768; x_wconf 86' lang='grc' dir='ltr'>κραταιότητι</span> <span class='ocrx_word' id='word_1_71' title='bbox 3527 694 3726 753; x_wconf 74' lang='grc' dir='ltr'>αὐτοῦ.</span> 
     </span>
    </p>
   </div>
   <div class='ocr_carea' id='block_1_12' title="bbox 526 784 2057 880">
    <p class='ocr_par' dir='ltr' id='par_1_12' title="bbox 526 802 1871 880">
     <span class='ocr_line' id='line_1_12' title="bbox 526 802 1871 880; baseline -0.013 -8"><span class='ocrx_word' id='word_1_72' title='bbox 526 814 579 872; x_wconf 92' lang='lat'><strong>7.</strong></span> <span class='ocrx_word' id='word_1_73' title='bbox 608 811 877 868; x_wconf 90' lang='lat' dir='ltr'><strong>Fluminis</strong></span> <span class='ocrx_word' id='word_1_74' title='bbox 910 811 1146 880; x_wconf 76' lang='lat' dir='ltr'><strong>impetus</strong></span> <span class='ocrx_word' id='word_1_75' title='bbox 1178 807 1417 863; x_wconf 56' lang='lat' dir='ltr'><strong>laetiﬁcat</strong></span> <span class='ocrx_word' id='word_1_76' title='bbox 1445 806 1718 861; x_wconf 89' lang='lat' dir='ltr'><strong>civitatem</strong></span> <span class='ocrx_word' id='word_1_77' title='bbox 1752 802 1871 857; x_wconf 87' lang='lat' dir='ltr'><strong>Dei.</strong></span> 
     </span>
    </p>
   </div>
   <div class='ocr_carea' id='block_1_13' title="bbox 2199 784 3730 880">
    <p class='ocr_par' dir='ltr' id='par_1_13' title="bbox 2208 784 3730 863">
     <span class='ocr_line' id='line_1_13' title="bbox 2208 784 3730 863; baseline -0.004 -18"><span class='ocrx_word' id='word_1_78' title='bbox 2208 796 2257 847; x_wconf 88' lang='lat'><strong>7.</strong></span> <span class='ocrx_word' id='word_1_79' title='bbox 2295 793 2402 845; x_wconf 92' lang='grc' dir='ltr'>Τοῦ</span> <span class='ocrx_word' id='word_1_80' title='bbox 2436 791 2681 863; x_wconf 83' lang='grc' dir='ltr'>ποταμοῦ</span> <span class='ocrx_word' id='word_1_81' title='bbox 2711 790 2779 844; x_wconf 79' lang='grc' dir='ltr'>τὰ</span> <span class='ocrx_word' id='word_1_82' title='bbox 2803 790 3099 861; x_wconf 86' lang='grc' dir='ltr'>ὁρμήματα</span> <span class='ocrx_word' id='word_1_83' title='bbox 3122 787 3469 858; x_wconf 77' lang='grc' dir='ltr'>εὐφραίνουσι</span> <span class='ocrx_word' id='word_1_84' title='bbox 3492 787 3598 857; x_wconf 82' lang='grc' dir='ltr'>τὴν</span> <span class='ocrx_word' id='word_1_85' title='bbox 3622 784 3730 839; x_wconf 76' lang='grc' dir='ltr'>πό-</span> 
     </span>
    </p>
   </div>
   <div class='ocr_carea' id='block_1_14' title="bbox 2131 885 2521 941">
    <p class='ocr_par' dir='ltr' id='par_1_14' title="bbox 2131 885 2521 941">
     <span class='ocr_line' id='line_1_14' title="bbox 2131 885 2521 941; baseline -0.003 -3"><span class='ocrx_word' id='word_1_86' title='bbox 2131 887 2212 941; x_wconf 87' lang='grc' dir='ltr'><strong>λιν</strong></span> <span class='ocrx_word' id='word_1_87' title='bbox 2240 885 2332 939; x_wconf 74' lang='grc' dir='ltr'><strong>τοῦ</strong></span> <span class='ocrx_word' id='word_1_88' title='bbox 2366 885 2497 938; x_wconf 85' lang='grc' dir='ltr'>Θεοῦ</span> <span class='ocrx_word' id='word_1_89' title='bbox 2508 925 2521 937; x_wconf 94' lang='grc'><strong>.</strong></span> 
     </span>
    </p>
   </div>
   <div class='ocr_carea' id='block_1_15' title="bbox 1070 974 2601 1049">
    <p class='ocr_par' dir='ltr' id='par_1_15' title="bbox 1070 981 1407 1049">
     <span class='ocr_line' id='line_1_15' title="bbox 1070 981 1407 1049; baseline 0 -14"><span class='ocrx_word' id='word_1_90' title='bbox 1070 981 1407 1049; x_wconf 80' lang='lat' dir='ltr'><strong>Diapsalma.</strong></span> 
     </span>
    </p>
   </div>
   <div class='ocr_carea' id='block_1_16' title="bbox 1607 974 3138 1049">
    <p class='ocr_par' dir='ltr' id='par_1_16' title="bbox 2691 974 3138 1045">
     <span class='ocr_line' id='line_1_16' title="bbox 2691 974 3138 1045; baseline -0.004 -16"><span class='ocrx_word' id='word_1_91' title='bbox 2691 975 3008 1045; x_wconf 75' lang='grc' dir='ltr'>Διάψαλμα</span> <span class='ocrx_word' id='word_1_92' title='bbox 3042 974 3138 1045; x_wconf 89' lang='grc' dir='ltr'><strong>(α).</strong></span> 
     </span>
    </p>
   </div>
   <div class='ocr_carea' id='block_1_17' title="bbox 521 1061 2052 1138">
    <p class='ocr_par' dir='ltr' id='par_1_17' title="bbox 521 1061 1968 1125">
     <span class='ocr_line' id='line_1_17' title="bbox 521 1061 1968 1125; baseline -0.009 0"><span class='ocrx_word' id='word_1_93' title='bbox 521 1070 573 1125; x_wconf 87' lang='grc'><strong>8.</strong></span> <span class='ocrx_word' id='word_1_94' title='bbox 610 1069 979 1125; x_wconf 82' lang='lat' dir='ltr'><strong>Sanctificavit</strong></span> <span class='ocrx_word' id='word_1_95' title='bbox 1000 1067 1408 1122; x_wconf 74' lang='lat' dir='ltr'><strong>tabernaculum</strong></span> <span class='ocrx_word' id='word_1_96' title='bbox 1442 1080 1599 1119; x_wconf 92' lang='lat' dir='ltr'><strong>suum</strong></span> <span class='ocrx_word' id='word_1_97' title='bbox 1632 1061 1968 1116; x_wconf 73' lang='lat' dir='ltr'><strong>Altissimus.</strong></span> 
     </span>
    </p>
   </div>
   <div class='ocr_carea' id='block_1_18' title="bbox 1945 1061 3476 1138">
    <p class='ocr_par' dir='ltr' id='par_1_18' title="bbox 1945 1065 3476 1138">
     <span class='ocr_line' id='line_1_18' title="bbox 1945 1065 3476 1138; baseline -0.003 -14"><span class='ocrx_word' id='word_1_98' title='bbox 1945 1097 1968 1113; x_wconf 60' lang='grc' dir='ltr'><strong>ν·</strong></span> <span class='ocrx_word' id='word_1_99' title='bbox 2202 1070 2255 1123; x_wconf 86' lang='grc'><strong>8.</strong></span> <span class='ocrx_word' id='word_1_100' title='bbox 2302 1069 2530 1137; x_wconf 84' lang='grc' dir='ltr'>Ἡγίασε</span> <span class='ocrx_word' id='word_1_101' title='bbox 2556 1069 2617 1120; x_wconf 85' lang='grc' dir='ltr'><strong>τὸ</strong></span> <span class='ocrx_word' id='word_1_102' title='bbox 2648 1070 2912 1138; x_wconf 85' lang='grc' dir='ltr'>σκήνωμα</span> <span class='ocrx_word' id='word_1_103' title='bbox 2940 1067 3101 1120; x_wconf 78' lang='grc' dir='ltr'>αὐτοῦ</span> <span class='ocrx_word' id='word_1_104' title='bbox 3130 1067 3159 1119; x_wconf 90' lang='lat'>6</span> <span class='ocrx_word' id='word_1_105' title='bbox 3186 1065 3476 1135; x_wconf 71' lang='grc' dir='ltr'>’Υψιστος.</span> 
     </span>
    </p>
   </div>
   <div class='ocr_carea' id='block_1_19' title="bbox 523 1155 2054 1230">
    <p class='ocr_par' dir='ltr' id='par_1_19' title="bbox 523 1155 1933 1229">
     <span class='ocr_line' id='line_1_19' title="bbox 523 1155 1933 1229; baseline -0.011 -10"><span class='ocrx_word' id='word_1_106' title='bbox 523 1166 578 1219; x_wconf 84' lang='lat'><strong>9.</strong></span> <span class='ocrx_word' id='word_1_107' title='bbox 612 1162 755 1218; x_wconf 90' lang='lat' dir='ltr'><strong>Deus</strong></span> <span class='ocrx_word' id='word_1_108' title='bbox 781 1162 837 1216; x_wconf 90' lang='lat' dir='ltr'><strong>in</strong></span> <span class='ocrx_word' id='word_1_109' title='bbox 863 1161 1040 1216; x_wconf 86' lang='lat' dir='ltr'><strong>medio</strong></span> <span class='ocrx_word' id='word_1_110' title='bbox 1066 1161 1208 1229; x_wconf 87' lang='lat' dir='ltr'><strong>ejus,</strong></span> <span class='ocrx_word' id='word_1_111' title='bbox 1241 1168 1295 1212; x_wconf 87' lang='lat' dir='ltr'><strong>et</strong></span> <span class='ocrx_word' id='word_1_112' title='bbox 1323 1173 1434 1211; x_wconf 85' lang='lat' dir='ltr'><strong>non</strong></span> <span class='ocrx_word' id='word_1_113' title='bbox 1468 1155 1933 1210; x_wconf 88' lang='lat' dir='ltr'><strong>commovebitur:</strong></span> 
     </span>
    </p>
   </div>
   <div class='ocr_carea' id='block_1_20' title="bbox 2191 1155 3722 1230">
    <p class='ocr_par' dir='ltr' id='par_1_20' title="bbox 2198 1157 3722 1230">
     <span class='ocr_line' id='line_1_20' title="bbox 2198 1157 3722 1230; baseline -0.004 -15"><span class='ocrx_word' id='word_1_114' title='bbox 2198 1162 2251 1215; x_wconf 88' lang='lat'><strong>9.</strong></span> <span class='ocrx_word' id='word_1_115' title='bbox 2286 1162 2358 1228; x_wconf 89' lang='lat' dir='ltr'><strong>(b)</strong></span> <span class='ocrx_word' id='word_1_116' title='bbox 2388 1162 2444 1213; x_wconf 77' lang='grc' dir='ltr'>Ὀ</span> <span class='ocrx_word' id='word_1_117' title='bbox 2462 1160 2593 1222; x_wconf 87' lang='grc' dir='ltr'>Θεὸς</span> <span class='ocrx_word' id='word_1_118' title='bbox 2608 1162 2664 1211; x_wconf 79' lang='grc' dir='ltr'><strong>ἐν</strong></span> <span class='ocrx_word' id='word_1_119' title='bbox 2691 1159 2842 1230; x_wconf 79' lang='grc' dir='ltr'>μέσῳ</span> <span class='ocrx_word' id='word_1_120' title='bbox 2863 1159 3052 1229; x_wconf 82' lang='grc' dir='ltr'>αὐτῆς,</span> <span class='ocrx_word' id='word_1_121' title='bbox 3083 1160 3176 1212; x_wconf 77' lang='grc' dir='ltr'><strong>καὶ</strong></span> <span class='ocrx_word' id='word_1_122' title='bbox 3204 1160 3263 1211; x_wconf 81' lang='grc' dir='ltr'><strong>οὐ</strong></span> <span class='ocrx_word' id='word_1_123' title='bbox 3294 1157 3722 1228; x_wconf 84' lang='grc' dir='ltr'>σαλευθήσεται·</span> 
     </span>
    </p>
   </div>
   <div class='ocr_carea' id='block_1_21' title="bbox 523 1249 2054 1324">
    <p class='ocr_par' dir='ltr' id='par_1_21' title="bbox 523 1249 1744 1324">
     <span class='ocr_line' id='line_1_21' title="bbox 523 1249 1744 1324; baseline -0.006 -15"><span class='ocrx_word' id='word_1_124' title='bbox 523 1256 614 1311; x_wconf 89' lang='lat'><strong>10.</strong></span> <span class='ocrx_word' id='word_1_125' title='bbox 644 1254 936 1324; x_wconf 82' lang='lat' dir='ltr'><strong>Adjuvabit</strong></span> <span class='ocrx_word' id='word_1_126' title='bbox 964 1268 1084 1307; x_wconf 90' lang='lat' dir='ltr'><strong>eam</strong></span> <span class='ocrx_word' id='word_1_127' title='bbox 1116 1252 1260 1306; x_wconf 87' lang='lat' dir='ltr'><strong>Deus</strong></span> <span class='ocrx_word' id='word_1_128' title='bbox 1294 1265 1453 1304; x_wconf 91' lang='lat' dir='ltr'><strong>mane</strong></span> <span class='ocrx_word' id='word_1_129' title='bbox 1484 1249 1744 1303; x_wconf 80' lang='lat' dir='ltr'><strong>diluculo.</strong></span> 
     </span>
    </p>
   </div>
   <div class='ocr_carea' id='block_1_22' title="bbox 2078 1249 3609 1324">
    <p class='ocr_par' dir='ltr' id='par_1_22' title="bbox 2202 1249 3609 1323">
     <span class='ocr_line' id='line_1_22' title="bbox 2202 1249 3609 1323; baseline -0.004 -17"><span class='ocrx_word' id='word_1_130' title='bbox 2202 1254 2290 1306; x_wconf 87' lang='lat'><strong>10.</strong></span> <span class='ocrx_word' id='word_1_131' title='bbox 2326 1251 2594 1323; x_wconf 85' lang='grc' dir='ltr'>Βοηθήσει</span> <span class='ocrx_word' id='word_1_132' title='bbox 2629 1252 2766 1322; x_wconf 83' lang='grc' dir='ltr'>αὐτῇ</span> <span class='ocrx_word' id='word_1_133' title='bbox 2802 1252 2830 1303; x_wconf 97' lang='lat'>6</span> <span class='ocrx_word' id='word_1_134' title='bbox 2858 1252 2989 1314; x_wconf 85' lang='grc' dir='ltr'>Θεὸς</span> <span class='ocrx_word' id='word_1_135' title='bbox 3014 1252 3075 1303; x_wconf 87' lang='grc' dir='ltr'><strong>τὸ</strong></span> <span class='ocrx_word' id='word_1_136' title='bbox 3099 1252 3233 1321; x_wconf 81' lang='grc' dir='ltr'>πρὸς</span> <span class='ocrx_word' id='word_1_137' title='bbox 3263 1251 3409 1321; x_wconf 74' lang='grc' dir='ltr'>πρωὶ</span> <span class='ocrx_word' id='word_1_138' title='bbox 3438 1249 3609 1321; x_wconf 85' lang='grc' dir='ltr'>πρωί.</span> 
     </span>
    </p>
   </div>
   <div class='ocr_carea' id='block_1_23' title="bbox 525 1339 2056 1415">
    <p class='ocr_par' dir='ltr' id='par_1_23' title="bbox 525 1340 2030 1415">
     <span class='ocr_line' id='line_1_23' title="bbox 525 1340 2030 1415; baseline -0.007 -16"><span class='ocrx_word' id='word_1_139' title='bbox 525 1348 612 1401; x_wconf 86' lang='lat'><strong>11.</strong></span> <span class='ocrx_word' id='word_1_140' title='bbox 647 1346 999 1401; x_wconf 84' lang='lat' dir='ltr'><strong>Conturbatae</strong></span> <span class='ocrx_word' id='word_1_141' title='bbox 1046 1353 1176 1400; x_wconf 91' lang='lat' dir='ltr'><strong>sunt</strong></span> <span class='ocrx_word' id='word_1_142' title='bbox 1224 1353 1435 1415; x_wconf 82' lang='lat' dir='ltr'><strong>gentes,</strong></span> <span class='ocrx_word' id='word_1_143' title='bbox 1489 1352 1542 1397; x_wconf 91' lang='lat' dir='ltr'><strong>et</strong></span> <span class='ocrx_word' id='word_1_144' title='bbox 1590 1340 1847 1395; x_wconf 91' lang='lat' dir='ltr'><strong>inclinata</strong></span> <span class='ocrx_word' id='word_1_145' title='bbox 1903 1346 2030 1392; x_wconf 86' lang='lat' dir='ltr'><strong>sunt</strong></span> 
     </span>
    </p>
   </div>
   <div class='ocr_carea' id='block_1_24' title="bbox 1965 1339 3496 1415">
    <p class='ocr_par' dir='ltr' id='par_1_24' title="bbox 1972 1339 3496 1412">
     <span class='ocr_line' id='line_1_24' title="bbox 1972 1339 3496 1412; baseline 0.002 -22"><span class='ocrx_word' id='word_1_146' title='bbox 1972 1346 2030 1390; x_wconf 88' lang='lat' dir='ltr'><strong>nt</strong></span> <span class='ocrx_word' id='word_1_147' title='bbox 2201 1342 2290 1395; x_wconf 89' lang='lat'><strong>11.</strong></span> <span class='ocrx_word' id='word_1_148' title='bbox 2336 1339 2747 1412; x_wconf 87' lang='grc' dir='ltr'>Ἑταράχθησαν</span> <span class='ocrx_word' id='word_1_149' title='bbox 2779 1341 2928 1412; x_wconf 78' lang='grc' dir='ltr'>ἔθνη,</span> <span class='ocrx_word' id='word_1_150' title='bbox 2952 1341 3166 1395; x_wconf 76' lang='grc' dir='ltr'>ἔκλιναν</span> <span class='ocrx_word' id='word_1_151' title='bbox 3193 1342 3496 1412; x_wconf 84' lang='grc' dir='ltr'>βασιλεῖαι·</span> 
     </span>
    </p>
   </div>
   <div class='ocr_carea' id='block_1_25' title="bbox 450 1455 657 1494">
    <p class='ocr_par' dir='ltr' id='par_1_25' title="bbox 450 1455 657 1494">
     <span class='ocr_line' id='line_1_25' title="bbox 450 1455 657 1494; baseline -0.005 0"><span class='ocrx_word' id='word_1_152' title='bbox 450 1455 614 1494; x_wconf 62' lang='lat' dir='ltr'><strong>regna</strong></span> <span class='ocrx_word' id='word_1_153' title='bbox 644 1457 657 1493; x_wconf 74' lang='grc' dir='ltr'><strong>ἶ</strong></span> 
     </span>
    </p>
   </div>
   <div class='ocr_carea' id='block_1_26' title="bbox 515 1457 2046 1597">
    <p class='ocr_par' dir='ltr' id='par_1_26' title="bbox 515 1457 2024 1587">
     <span class='ocr_line' id='line_1_26' title="bbox 550 1457 657 1493; baseline 0.009 -1"><span class='ocrx_word' id='word_1_154' title='bbox 550 1457 614 1493; x_wconf 90' lang='lat' dir='ltr'><strong>na</strong></span> <span class='ocrx_word' id='word_1_155' title='bbox 644 1457 657 1493; x_wconf 94' lang='lat'><strong>:</strong></span> 
     </span>
     <span class='ocr_line' id='line_1_27' title="bbox 515 1457 2024 1587; baseline -0.005 -6"><span class='ocrx_word' id='word_1_156' title='bbox 515 1457 611 1583; x_wconf 50' lang='grc' dir='ltr'><strong>ἓξ.</strong></span> <span class='ocrx_word' id='word_1_157' title='bbox 640 1527 794 1583; x_wconf 85' lang='lat' dir='ltr'><strong>Dedit</strong></span> <span class='ocrx_word' id='word_1_158' title='bbox 820 1542 1005 1582; x_wconf 88' lang='lat' dir='ltr'><strong>vocem</strong></span> <span class='ocrx_word' id='word_1_159' title='bbox 1031 1541 1187 1581; x_wconf 86' lang='lat' dir='ltr'><strong>suam</strong></span> <span class='ocrx_word' id='word_1_160' title='bbox 1214 1524 1553 1587; x_wconf 85' lang='lat' dir='ltr'><strong>Altissimus,</strong></span> <span class='ocrx_word' id='word_1_161' title='bbox 1580 1532 1729 1577; x_wconf 88' lang='lat' dir='ltr'><strong>mota</strong></span> <span class='ocrx_word' id='word_1_162' title='bbox 1749 1530 1833 1576; x_wconf 87' lang='lat' dir='ltr'><strong>est</strong></span> <span class='ocrx_word' id='word_1_163' title='bbox 1860 1530 2024 1575; x_wconf 88' lang='lat' dir='ltr'><strong>terra.</strong></span> 
     </span>
    </p>
   </div>
   <div class='ocr_carea' id='block_1_27' title="bbox 2190 1457 3721 1597">
    <p class='ocr_par' dir='ltr' id='par_1_27' title="bbox 2198 1521 3721 1597">
     <span class='ocr_line' id='line_1_28' title="bbox 2198 1521 3721 1597; baseline -0.005 -14"><span class='ocrx_word' id='word_1_164' title='bbox 2198 1529 2289 1583; x_wconf 72' lang='lat'><strong>12.</strong></span> <span class='ocrx_word' id='word_1_165' title='bbox 2312 1528 2520 1581; x_wconf 85' lang='grc' dir='ltr'>Ἔδωκε</span> <span class='ocrx_word' id='word_1_166' title='bbox 2540 1526 2721 1597; x_wconf 79' lang='grc' dir='ltr'>φωνὴν</span> <span class='ocrx_word' id='word_1_167' title='bbox 2750 1524 2913 1578; x_wconf 82' lang='grc' dir='ltr'>αὐτοῦ</span> <span class='ocrx_word' id='word_1_168' title='bbox 2930 1524 3253 1593; x_wconf 77' lang='grc' dir='ltr'>ὁ”Υψιστος,</span> <span class='ocrx_word' id='word_1_169' title='bbox 3275 1522 3545 1595; x_wconf 77' lang='grc' dir='ltr'>ἐσαλεύθη</span> <span class='ocrx_word' id='word_1_170' title='bbox 3560 1524 3596 1594; x_wconf 80' lang='grc' dir='ltr'>ἡ</span> 
     </span>
    </p>
   </div>
   <div class='ocr_carea' id='block_1_28' title="bbox 522 1617 2053 1707">
    <p class='ocr_par' dir='ltr' id='par_1_28' title="bbox 522 1617 1528 1675">
     <span class='ocr_line' id='line_1_29' title="bbox 522 1617 1528 1675; baseline -0.005 -1"><span class='ocrx_word' id='word_1_171' title='bbox 522 1621 609 1675; x_wconf 78' lang='grc'><strong>15.</strong></span> <span class='ocrx_word' id='word_1_172' title='bbox 640 1619 905 1673; x_wconf 88' lang='lat' dir='ltr'><strong>Dominus</strong></span> <span class='ocrx_word' id='word_1_173' title='bbox 926 1620 1183 1672; x_wconf 85' lang='lat' dir='ltr'><strong>virtutum</strong></span> <span class='ocrx_word' id='word_1_174' title='bbox 1212 1617 1528 1671; x_wconf 86' lang='lat' dir='ltr'><strong>nobiscum:</strong></span> 
     </span>
    </p>
   </div>
   <div class='ocr_carea' id='block_1_29' title="bbox 1812 1617 3343 1707">
    <p class='ocr_par' dir='ltr' id='par_1_29' title="bbox 2054 1634 3343 1707">
     <span class='ocr_line' id='line_1_30' title="bbox 2054 1634 3343 1707; baseline -0.004 -16"><span class='ocrx_word' id='word_1_175' title='bbox 2054 1694 2099 1707; x_wconf 73' lang='lat'><em>_</em></span> <span class='ocrx_word' id='word_1_176' title='bbox 2202 1638 2289 1691; x_wconf 87' lang='grc'><strong>15.</strong></span> <span class='ocrx_word' id='word_1_177' title='bbox 2319 1636 2525 1707; x_wconf 84' lang='grc' dir='ltr'>Κύριος</span> <span class='ocrx_word' id='word_1_178' title='bbox 2549 1635 2657 1689; x_wconf 83' lang='grc' dir='ltr'>τῶν</span> <span class='ocrx_word' id='word_1_179' title='bbox 2688 1635 2975 1705; x_wconf 82' lang='grc' dir='ltr'><strong>δυνάμεων</strong></span> <span class='ocrx_word' id='word_1_180' title='bbox 3007 1634 3126 1704; x_wconf 86' lang='grc' dir='ltr'>μεθ’</span> <span class='ocrx_word' id='word_1_181' title='bbox 3156 1634 3343 1705; x_wconf 86' lang='grc' dir='ltr'>ήμῶν·</span> 
     </span>
    </p>
   </div>
   <div class='ocr_carea' id='block_1_30' title="bbox 523 1694 2054 1796">
    <p class='ocr_par' dir='ltr' id='par_1_30' title="bbox 523 1706 1534 1781">
     <span class='ocr_line' id='line_1_31' title="bbox 523 1706 1534 1781; baseline -0.005 -17"><span class='ocrx_word' id='word_1_182' title='bbox 523 1714 609 1764; x_wconf 73' lang='lat'><strong>11.</strong></span> <span class='ocrx_word' id='word_1_183' title='bbox 646 1710 941 1781; x_wconf 89' lang='lat' dir='ltr'><strong>Susceptor</strong></span> <span class='ocrx_word' id='word_1_184' title='bbox 966 1718 1152 1764; x_wconf 89' lang='lat' dir='ltr'><strong>noster</strong></span> <span class='ocrx_word' id='word_1_185' title='bbox 1182 1708 1324 1763; x_wconf 90' lang='lat' dir='ltr'><strong>Deus</strong></span> <span class='ocrx_word' id='word_1_186' title='bbox 1348 1706 1534 1760; x_wconf 84' lang='lat' dir='ltr'><strong>Jacob.</strong></span> 
     </span>
    </p>
   </div>
   <div class='ocr_carea' id='block_1_31' title="bbox 1839 1694 3370 1796">
    <p class='ocr_par' dir='ltr' id='par_1_31' title="bbox 2054 1694 3370 1796">
     <span class='ocr_line' id='line_1_32' title="bbox 2054 1694 3370 1796; baseline -0.002 -16"><span class='ocrx_word' id='word_1_187' title='bbox 2054 1694 2101 1753; x_wconf 80' lang='grc' dir='ltr'><strong>Β</strong></span> <span class='ocrx_word' id='word_1_188' title='bbox 2201 1727 2289 1780; x_wconf 76' lang='grc'><strong>14.</strong></span> <span class='ocrx_word' id='word_1_189' title='bbox 2335 1694 2711 1796; x_wconf 74' lang='grc' dir='ltr'>Ἀντιλήπτωρ</span> <span class='ocrx_word' id='word_1_190' title='bbox 2750 1694 2906 1795; x_wconf 59' lang='grc' dir='ltr'>ἡμων</span> <span class='ocrx_word' id='word_1_191' title='bbox 2934 1694 3115 1787; x_wconf 78' lang='grc' dir='ltr'>όΘεὸς</span> <span class='ocrx_word' id='word_1_192' title='bbox 3156 1694 3370 1778; x_wconf 73' lang='grc' dir='ltr'>’ίακώσ.</span> 
     </span>
    </p>
   </div>
   <div class='ocr_carea' id='block_1_32' title="bbox 522 1800 2053 1888">
    <p class='ocr_par' dir='ltr' id='par_1_32' title="bbox 522 1800 1454 1869">
     <span class='ocr_line' id='line_1_33' title="bbox 522 1800 1454 1869; baseline -0.003 -15"><span class='ocrx_word' id='word_1_193' title='bbox 522 1804 609 1858; x_wconf 82' lang='lat'><strong>15.</strong></span> <span class='ocrx_word' id='word_1_194' title='bbox 649 1802 837 1856; x_wconf 84' lang='lat' dir='ltr'><strong>Venite</strong></span> <span class='ocrx_word' id='word_1_195' title='bbox 862 1811 915 1855; x_wconf 90' lang='lat' dir='ltr'><strong>et</strong></span> <span class='ocrx_word' id='word_1_196' title='bbox 938 1802 1114 1855; x_wconf 83' lang='lat' dir='ltr'><strong>videte</strong></span> <span class='ocrx_word' id='word_1_197' title='bbox 1144 1816 1306 1869; x_wconf 83' lang='lat' dir='ltr'><strong>opera</strong></span> <span class='ocrx_word' id='word_1_198' title='bbox 1342 1800 1454 1862; x_wconf 85' lang='lat' dir='ltr'><strong>Dei,</strong></span> 
     </span>
    </p>
   </div>
   <div class='ocr_carea' id='block_1_33' title="bbox 1827 1800 3358 1888">
    <p class='ocr_par' dir='ltr' id='par_1_33' title="bbox 2201 1815 3358 1888">
     <span class='ocr_line' id='line_1_34' title="bbox 2201 1815 3358 1888; baseline -0.003 -15"><span class='ocrx_word' id='word_1_199' title='bbox 2201 1819 2291 1873; x_wconf 80' lang='lat'><strong>15.</strong></span> <span class='ocrx_word' id='word_1_200' title='bbox 2322 1818 2510 1881; x_wconf 90' lang='grc' dir='ltr'>Δεῦτε,</span> <span class='ocrx_word' id='word_1_201' title='bbox 2535 1818 2628 1870; x_wconf 74' lang='grc' dir='ltr'>καὶ</span> <span class='ocrx_word' id='word_1_202' title='bbox 2653 1817 2790 1869; x_wconf 84' lang='grc' dir='ltr'>ἴδετε</span> <span class='ocrx_word' id='word_1_203' title='bbox 2822 1816 2891 1869; x_wconf 83' lang='grc' dir='ltr'>τὰ</span> <span class='ocrx_word' id='word_1_204' title='bbox 2926 1816 3060 1888; x_wconf 78' lang='grc' dir='ltr'>ἔργα</span> <span class='ocrx_word' id='word_1_205' title='bbox 3079 1815 3172 1869; x_wconf 89' lang='grc' dir='ltr'><strong>τοῦ</strong></span> <span class='ocrx_word' id='word_1_206' title='bbox 3201 1816 3358 1883; x_wconf 84' lang='grc' dir='ltr'>Θεοῦ,</span> 
     </span>
    </p>
   </div>
   <div class='ocr_carea' id='block_1_34' title="bbox 521 1894 2052 1978">
    <p class='ocr_par' dir='ltr' id='par_1_34' title="bbox 521 1894 1694 1965">
     <span class='ocr_line' id='line_1_35' title="bbox 521 1894 1694 1965; baseline -0.004 -18"><span class='ocrx_word' id='word_1_207' title='bbox 521 1895 608 1949; x_wconf 82' lang='lat'><strong>16.</strong></span> <span class='ocrx_word' id='word_1_208' title='bbox 639 1895 771 1961; x_wconf 77' lang='lat' dir='ltr'><strong>Quae</strong></span> <span class='ocrx_word' id='word_1_209' title='bbox 793 1895 976 1965; x_wconf 88' lang='lat' dir='ltr'><strong>posuit</strong></span> <span class='ocrx_word' id='word_1_210' title='bbox 1002 1894 1246 1963; x_wconf 81' lang='lat' dir='ltr'><strong>prodigia</strong></span> <span class='ocrx_word' id='word_1_211' title='bbox 1276 1907 1439 1961; x_wconf 85' lang='lat' dir='ltr'><strong>super</strong></span> <span class='ocrx_word' id='word_1_212' title='bbox 1474 1900 1694 1944; x_wconf 87' lang='lat' dir='ltr'><strong>terram.</strong></span> 
     </span>
    </p>
   </div>
   <div class='ocr_carea' id='block_1_35' title="bbox 1676 1894 3207 1978">
    <p class='ocr_par' dir='ltr' id='par_1_35' title="bbox 1682 1907 3207 1978">
     <span class='ocr_line' id='line_1_36' title="bbox 1682 1907 3207 1978; baseline 0 -18"><span class='ocrx_word' id='word_1_213' title='bbox 1682 1929 1694 1942; x_wconf 80' lang='lat'><strong><em>-</em></strong></span> <span class='ocrx_word' id='word_1_214' title='bbox 2200 1908 2288 1961; x_wconf 88' lang='grc'><strong>16.</strong></span> <span class='ocrx_word' id='word_1_215' title='bbox 2324 1909 2391 1960; x_wconf 82' lang='lat' dir='ltr'><strong>&quot;A</strong></span> <span class='ocrx_word' id='word_1_216' title='bbox 2422 1907 2573 1960; x_wconf 78' lang='grc' dir='ltr'>ἔθετο</span> <span class='ocrx_word' id='word_1_217' title='bbox 2602 1907 2805 1978; x_wconf 83' lang='grc' dir='ltr'>τέρατα</span> <span class='ocrx_word' id='word_1_218' title='bbox 2834 1908 2927 1960; x_wconf 72' lang='grc' dir='ltr'><strong>ἐπὶ</strong></span> <span class='ocrx_word' id='word_1_219' title='bbox 2958 1909 3056 1978; x_wconf 84' lang='grc' dir='ltr'>τῆς</span> <span class='ocrx_word' id='word_1_220' title='bbox 3083 1911 3207 1977; x_wconf 86' lang='grc' dir='ltr'>γῆς.</span> 
     </span>
    </p>
   </div>
   <div class='ocr_carea' id='block_1_36' title="bbox 520 1982 2051 2071">
    <p class='ocr_par' dir='ltr' id='par_1_36' title="bbox 520 1982 1750 2055">
     <span class='ocr_line' id='line_1_37' title="bbox 520 1982 1750 2055; baseline -0.005 -16"><span class='ocrx_word' id='word_1_221' title='bbox 520 1987 609 2040; x_wconf 87' lang='lat'><strong>17.</strong></span> <span class='ocrx_word' id='word_1_222' title='bbox 642 1986 910 2042; x_wconf 82' lang='lat' dir='ltr'><strong>Auferens</strong></span> <span class='ocrx_word' id='word_1_223' title='bbox 934 1984 1072 2040; x_wconf 86' lang='lat' dir='ltr'><strong>bella</strong></span> <span class='ocrx_word' id='word_1_224' title='bbox 1098 2000 1271 2055; x_wconf 88' lang='lat' dir='ltr'><strong>usque</strong></span> <span class='ocrx_word' id='word_1_225' title='bbox 1295 1983 1362 2038; x_wconf 88' lang='lat' dir='ltr'><strong>ad</strong></span> <span class='ocrx_word' id='word_1_226' title='bbox 1394 1982 1530 2037; x_wconf 82' lang='lat' dir='ltr'><strong>lines</strong></span> <span class='ocrx_word' id='word_1_227' title='bbox 1566 1990 1750 2035; x_wconf 82' lang='lat' dir='ltr'><strong>terrae:</strong></span> 
     </span>
    </p>
   </div>
   <div class='ocr_carea' id='block_1_37' title="bbox 2191 1982 3722 2071">
    <p class='ocr_par' dir='ltr' id='par_1_37' title="bbox 2200 1997 3722 2071">
     <span class='ocr_line' id='line_1_38' title="bbox 2200 1997 3722 2071; baseline 0.001 -20"><span class='ocrx_word' id='word_1_228' title='bbox 2200 1998 2288 2051; x_wconf 89' lang='grc'><strong>17.</strong></span> <span class='ocrx_word' id='word_1_229' title='bbox 2340 1997 2701 2069; x_wconf 87' lang='grc' dir='ltr'>Ἀνταναιρῶν</span> <span class='ocrx_word' id='word_1_230' title='bbox 2732 1998 3001 2067; x_wconf 81' lang='grc' dir='ltr'>πολέμους</span> <span class='ocrx_word' id='word_1_231' title='bbox 3033 1998 3194 2070; x_wconf 78' lang='grc' dir='ltr'>μέχρι</span> <span class='ocrx_word' id='word_1_232' title='bbox 3217 1999 3326 2052; x_wconf 83' lang='grc' dir='ltr'><strong>τῶν</strong></span> <span class='ocrx_word' id='word_1_233' title='bbox 3347 1998 3603 2071; x_wconf 82' lang='grc' dir='ltr'>περάτων</span> <span class='ocrx_word' id='word_1_234' title='bbox 3620 2000 3722 2069; x_wconf 80' lang='grc' dir='ltr'>τῆς</span> 
     </span>
    </p>
   </div>
   <div class='ocr_carea' id='block_1_38' title="bbox 2128 2104 2251 2157">
    <p class='ocr_par' dir='ltr' id='par_1_38' title="bbox 2128 2104 2251 2157">
     <span class='ocr_line' id='line_1_39' title="bbox 2128 2104 2251 2157; baseline -0.041 1"><span class='ocrx_word' id='word_1_235' title='bbox 2128 2104 2251 2157; x_wconf 65' lang='grc' dir='ltr'><strong>γης</strong></span> 
     </span>
    </p>
   </div>
   <div class='ocr_carea' id='block_1_39' title="bbox 522 2108 2053 2254">
    <p class='ocr_par' dir='ltr' id='par_1_39' title="bbox 522 2164 1745 2236">
     <span class='ocr_line' id='line_1_40' title="bbox 522 2164 1745 2236; baseline -0.002 -14"><span class='ocrx_word' id='word_1_236' title='bbox 522 2171 605 2223; x_wconf 87' lang='lat'><strong>18.</strong></span> <span class='ocrx_word' id='word_1_237' title='bbox 642 2168 840 2222; x_wconf 84' lang='lat' dir='ltr'><strong>Arcum</strong></span> <span class='ocrx_word' id='word_1_238' title='bbox 872 2174 1113 2222; x_wconf 89' lang='lat' dir='ltr'><strong>conteret</strong></span> <span class='ocrx_word' id='word_1_239' title='bbox 1142 2174 1196 2220; x_wconf 90' lang='lat' dir='ltr'><strong>et</strong></span> <span class='ocrx_word' id='word_1_240' title='bbox 1224 2164 1533 2236; x_wconf 76' lang='lat' dir='ltr'><strong>confringet</strong></span> <span class='ocrx_word' id='word_1_241' title='bbox 1566 2180 1745 2233; x_wconf 71' lang='lat' dir='ltr'><strong>arma,</strong></span> 
     </span>
    </p>
   </div>
   <div class='ocr_carea' id='block_1_40' title="bbox 1959 2108 3490 2254">
    <p class='ocr_par' dir='ltr' id='par_1_40' title="bbox 2128 2108 3490 2254">
     <span class='ocr_line' id='line_1_41' title="bbox 2128 2108 3490 2254; baseline 0.012 -29"><span class='ocrx_word' id='word_1_242' title='bbox 2128 2108 2285 2232; x_wconf 44' lang='lat'><strong>“148.</strong></span> <span class='ocrx_word' id='word_1_243' title='bbox 2319 2178 2483 2243; x_wconf 80' lang='grc' dir='ltr'>Τόξον</span> <span class='ocrx_word' id='word_1_244' title='bbox 2516 2179 2818 2253; x_wconf 72' lang='grc' dir='ltr'>συντρίψει,</span> <span class='ocrx_word' id='word_1_245' title='bbox 2861 2181 2954 2234; x_wconf 78' lang='grc' dir='ltr'>καὶ</span> <span class='ocrx_word' id='word_1_246' title='bbox 2979 2182 3263 2236; x_wconf 84' lang='grc' dir='ltr'>συνθλάσει</span> <span class='ocrx_word' id='word_1_247' title='bbox 3294 2183 3490 2254; x_wconf 71' lang='grc' dir='ltr'>ὅπλονς,</span> 
     </span>
    </p>
   </div>
   <div class='ocr_carea' id='block_1_41' title="bbox 518 2258 2049 2348">
    <p class='ocr_par' dir='ltr' id='par_1_41' title="bbox 518 2258 1455 2321">
     <span class='ocr_line' id='line_1_42' title="bbox 518 2258 1455 2321; baseline -0.005 -6"><span class='ocrx_word' id='word_1_248' title='bbox 518 2262 604 2315; x_wconf 87' lang='lat'><strong>19.</strong></span> <span class='ocrx_word' id='word_1_249' title='bbox 639 2259 707 2315; x_wconf 88' lang='lat' dir='ltr'><strong>Et</strong></span> <span class='ocrx_word' id='word_1_250' title='bbox 730 2268 882 2315; x_wconf 90' lang='lat' dir='ltr'><strong>scuta</strong></span> <span class='ocrx_word' id='word_1_251' title='bbox 906 2259 1191 2315; x_wconf 88' lang='lat' dir='ltr'><strong>comburct</strong></span> <span class='ocrx_word' id='word_1_252' title='bbox 1225 2258 1279 2311; x_wconf 90' lang='lat' dir='ltr'><strong>in</strong></span> <span class='ocrx_word' id='word_1_253' title='bbox 1314 2259 1455 2321; x_wconf 77' lang='lat' dir='ltr'><strong>igne.</strong></span> 
     </span>
    </p>
   </div>
   <div class='ocr_carea' id='block_1_42' title="bbox 1786 2258 3317 2348">
    <p class='ocr_par' dir='ltr' id='par_1_42' title="bbox 2205 2268 3317 2348">
     <span class='ocr_line' id='line_1_43' title="bbox 2205 2268 3317 2348; baseline 0.007 -25"><span class='ocrx_word' id='word_1_254' title='bbox 2205 2268 2295 2324; x_wconf 83' lang='lat'><strong>19.</strong></span> <span class='ocrx_word' id='word_1_255' title='bbox 2329 2271 2440 2323; x_wconf 72' lang='grc' dir='ltr'>Καὶ</span> <span class='ocrx_word' id='word_1_256' title='bbox 2474 2272 2700 2343; x_wconf 80' lang='grc' dir='ltr'>θυρεοὺς</span> <span class='ocrx_word' id='word_1_257' title='bbox 2720 2273 3059 2329; x_wconf 80' lang='grc' dir='ltr'>κατακαύσει</span> <span class='ocrx_word' id='word_1_258' title='bbox 3085 2277 3142 2330; x_wconf 92' lang='grc' dir='ltr'><strong>ἐν</strong></span> <span class='ocrx_word' id='word_1_259' title='bbox 3164 2277 3317 2348; x_wconf 90' lang='grc' dir='ltr'>πυρί.</span> 
     </span>
    </p>
   </div>
   <div class='ocr_carea' id='block_1_43' title="bbox 514 2375 2508 2519">
    <p class='ocr_par' dir='ltr' id='par_1_43' title="bbox 514 2375 2508 2519">
     <span class='ocr_line' id='line_1_44' title="bbox 514 2375 2508 2519; baseline 0.004 -20"><span class='ocrx_word' id='word_1_260' title='bbox 514 2376 590 2519; x_wconf 54' lang='lat'><strong>((11)</strong></span> <span class='ocrx_word' id='word_1_261' title='bbox 808 2376 971 2502; x_wconf 51' lang='lat'><strong>3:25:</strong></span> <span class='ocrx_word' id='word_1_262' title='bbox 999 2445 1053 2501; x_wconf 88' lang='lat' dir='ltr'><strong>in</strong></span> <span class='ocrx_word' id='word_1_263' title='bbox 1087 2444 1233 2512; x_wconf 91' lang='lat' dir='ltr'><strong>cod.,</strong></span> <span class='ocrx_word' id='word_1_264' title='bbox 1275 2444 1369 2499; x_wconf 91' lang='lat' dir='ltr'><strong>sed</strong></span> <span class='ocrx_word' id='word_1_265' title='bbox 1395 2450 1574 2497; x_wconf 82' lang='lat' dir='ltr'><strong>exstat</strong></span> <span class='ocrx_word' id='word_1_266' title='bbox 1624 2442 1681 2497; x_wconf 94' lang='lat' dir='ltr'><strong>in</strong></span> <span class='ocrx_word' id='word_1_267' title='bbox 1720 2458 1894 2515; x_wconf 78' lang='lat' dir='ltr'><strong>marg.</strong></span> <span class='ocrx_word' id='word_1_268' title='bbox 1927 2455 2130 2505; x_wconf 86' lang='lat' dir='ltr'><strong>recent.</strong></span> <span class='ocrx_word' id='word_1_269' title='bbox 2171 2450 2508 2507; x_wconf 87' lang='lat' dir='ltr'><strong>charactere.</strong></span> 
     </span>
    </p>
   </div>
   <div class='ocr_carea' id='block_1_44' title="bbox 1563 2605 2583 2671">
    <p class='ocr_par' dir='ltr' id='par_1_44' title="bbox 1563 2605 2583 2671">
     <span class='ocr_line' id='line_1_45' title="bbox 1563 2605 2583 2671; baseline 0.009 -11"><span class='ocrx_word' id='word_1_270' title='bbox 1563 2605 1939 2663; x_wconf 77' lang='lat' dir='ltr'><strong>ATHANASII</strong></span> <span class='ocrx_word' id='word_1_271' title='bbox 1991 2608 2583 2671; x_wconf 80' lang='lat' dir='ltr'><strong>iNTERPRETATIO.</strong></span> 
     </span>
    </p>
   </div>
   <div class='ocr_carea' id='block_1_45' title="bbox 513 2725 2044 2804">
    <p class='ocr_par' dir='ltr' id='par_1_45' title="bbox 513 2725 2022 2802">
     <span class='ocr_line' id='line_1_46' title="bbox 513 2725 2022 2802; baseline -0.007 -11"><span class='ocrx_word' id='word_1_272' title='bbox 513 2736 567 2791; x_wconf 81' lang='grc'><strong>5.</strong></span> <span class='ocrx_word' id='word_1_273' title='bbox 594 2732 886 2802; x_wconf 87' lang='lat' dir='ltr'><strong>Propterea</strong></span> <span class='ocrx_word' id='word_1_274' title='bbox 912 2743 1020 2783; x_wconf 91' lang='lat' dir='ltr'><strong>non</strong></span> <span class='ocrx_word' id='word_1_275' title='bbox 1046 2726 1282 2797; x_wconf 90' lang='lat' dir='ltr'><strong>amplius</strong></span> <span class='ocrx_word' id='word_1_276' title='bbox 1312 2725 1588 2790; x_wconf 87' lang='lat' dir='ltr'><strong>timemus,</strong></span> <span class='ocrx_word' id='word_1_277' title='bbox 1611 2725 2022 2797; x_wconf 82' lang='lat' dir='ltr'><strong>insurgentibus</strong></span> 
     </span>
    </p>
   </div>
   <div class='ocr_carea' id='block_1_46' title="bbox 2193 2725 3724 2804">
    <p class='ocr_par' dir='ltr' id='par_1_46' title="bbox 2196 2729 3724 2804">
     <span class='ocr_line' id='line_1_47' title="bbox 2196 2729 3724 2804; baseline 0.004 -21"><span class='ocrx_word' id='word_1_278' title='bbox 2196 2729 2249 2783; x_wconf 88' lang='grc'><strong>5.</strong></span> <span class='ocrx_word' id='word_1_279' title='bbox 2280 2729 2381 2783; x_wconf 84' lang='grc' dir='ltr'><strong>Διὰ</strong></span> <span class='ocrx_word' id='word_1_280' title='bbox 2410 2730 2566 2783; x_wconf 86' lang='grc' dir='ltr'>τοῦτο</span> <span class='ocrx_word' id='word_1_281' title='bbox 2600 2732 2701 2785; x_wconf 84' lang='grc' dir='ltr'><strong>οὐκ</strong></span> <span class='ocrx_word' id='word_1_282' title='bbox 2749 2731 2829 2785; x_wconf 80' lang='grc' dir='ltr'><strong>ἐτι</strong></span> <span class='ocrx_word' id='word_1_283' title='bbox 2876 2730 3211 2804; x_wconf 77' lang='grc' dir='ltr'>φοῦούμεθα,</span> <span class='ocrx_word' id='word_1_284' title='bbox 3269 2730 3724 2804; x_wconf 79' lang='grc' dir='ltr'>ἐπεγειρομένων</span> 
     </span>
    </p>
   </div>
   <div class='ocr_carea' id='block_1_47' title="bbox 444 2821 1975 2894">
    <p class='ocr_par' dir='ltr' id='par_1_47' title="bbox 444 2821 1227 2890">
     <span class='ocr_line' id='line_1_48' title="bbox 444 2821 1227 2890; baseline -0.013 -8"><span class='ocrx_word' id='word_1_285' title='bbox 444 2829 499 2882; x_wconf 91' lang='lat' dir='ltr'><strong>in</strong></span> <span class='ocrx_word' id='word_1_286' title='bbox 531 2842 632 2881; x_wconf 90' lang='lat' dir='ltr'><strong>nos</strong></span> <span class='ocrx_word' id='word_1_287' title='bbox 664 2824 895 2881; x_wconf 89' lang='lat' dir='ltr'><strong>terrenis</strong></span> <span class='ocrx_word' id='word_1_288' title='bbox 927 2821 1227 2890; x_wconf 88' lang='lat' dir='ltr'><strong>spiritibus.</strong></span> 
     </span>
    </p>
   </div>
   <div class='ocr_carea' id='block_1_48' title="bbox 1346 2821 2877 2894">
    <p class='ocr_par' dir='ltr' id='par_1_48' title="bbox 2126 2823 2877 2894">
     <span class='ocr_line' id='line_1_49' title="bbox 2126 2823 2877 2894; baseline -0.009 -10"><span class='ocrx_word' id='word_1_289' title='bbox 2126 2825 2259 2893; x_wconf 82' lang='grc' dir='ltr'>ἡμῖν</span> <span class='ocrx_word' id='word_1_290' title='bbox 2288 2824 2490 2894; x_wconf 85' lang='grc' dir='ltr'>γηίνων</span> <span class='ocrx_word' id='word_1_291' title='bbox 2527 2823 2877 2894; x_wconf 80' lang='grc' dir='ltr'>πνευμάτων.</span> 
     </span>
    </p>
   </div>
   <div class='ocr_carea' id='block_1_49' title="bbox 510 2906 2041 2990">
    <p class='ocr_par' dir='ltr' id='par_1_49' title="bbox 510 2906 2020 2985">
     <span class='ocr_line' id='line_1_50' title="bbox 510 2906 2020 2985; baseline -0.006 -15"><span class='ocrx_word' id='word_1_292' title='bbox 510 2917 566 2970; x_wconf 79' lang='grc'><strong>4.</strong></span> <span class='ocrx_word' id='word_1_293' title='bbox 602 2912 1104 2985; x_wconf 85' lang='lat' dir='ltr'><strong>Etjustiticationes</strong></span> <span class='ocrx_word' id='word_1_294' title='bbox 1148 2908 1244 2964; x_wconf 90' lang='lat' dir='ltr'><strong>Dei</strong></span> <span class='ocrx_word' id='word_1_295' title='bbox 1284 2916 1447 2963; x_wconf 89' lang='lat' dir='ltr'><strong>erunt</strong></span> <span class='ocrx_word' id='word_1_296' title='bbox 1490 2906 1547 2961; x_wconf 89' lang='lat' dir='ltr'><strong>in</strong></span> <span class='ocrx_word' id='word_1_297' title='bbox 1592 2906 1855 2963; x_wconf 90' lang='lat' dir='ltr'><strong>cordibus</strong></span> <span class='ocrx_word' id='word_1_298' title='bbox 1888 2922 2020 2978; x_wconf 83' lang='lat' dir='ltr'><strong>gen-</strong></span> 
     </span>
    </p>
   </div>
   <div class='ocr_carea' id='block_1_50' title="bbox 2192 2906 3723 2990">
    <p class='ocr_par' dir='ltr' id='par_1_50' title="bbox 2199 2911 3723 2990">
     <span class='ocr_line' id='line_1_51' title="bbox 2199 2911 3723 2990; baseline 0.003 -23"><span class='ocrx_word' id='word_1_299' title='bbox 2199 2915 2253 2967; x_wconf 81' lang='grc'><strong>4.</strong></span> <span class='ocrx_word' id='word_1_300' title='bbox 2290 2916 2399 2967; x_wconf 77' lang='grc' dir='ltr'>Καὶ</span> <span class='ocrx_word' id='word_1_301' title='bbox 2429 2914 2495 2967; x_wconf 84' lang='grc' dir='ltr'>τὰ</span> <span class='ocrx_word' id='word_1_302' title='bbox 2520 2914 2863 2985; x_wconf 83' lang='grc' dir='ltr'>δικαιώματα</span> <span class='ocrx_word' id='word_1_303' title='bbox 2890 2917 2984 2969; x_wconf 89' lang='grc' dir='ltr'><strong>τοῦ</strong></span> <span class='ocrx_word' id='word_1_304' title='bbox 3016 2914 3151 2969; x_wconf 86' lang='grc' dir='ltr'>Θεοῦ</span> <span class='ocrx_word' id='word_1_305' title='bbox 3183 2911 3321 2970; x_wconf 74' lang='grc' dir='ltr'>εἶναι</span> <span class='ocrx_word' id='word_1_306' title='bbox 3351 2917 3408 2971; x_wconf 85' lang='grc' dir='ltr'><strong>ἐν</strong></span> <span class='ocrx_word' id='word_1_307' title='bbox 3434 2920 3558 2981; x_wconf 84' lang='grc' dir='ltr'>ταῖς</span> <span class='ocrx_word' id='word_1_308' title='bbox 3576 2935 3723 2990; x_wconf 50' lang='lat' dir='ltr'><strong>mp.</strong></span> 
     </span>
    </p>
   </div>
   <div class='ocr_carea' id='block_1_51' title="bbox 442 3005 1973 3091">
    <p class='ocr_par' dir='ltr' id='par_1_51' title="bbox 442 3011 602 3064">
     <span class='ocr_line' id='line_1_52' title="bbox 442 3011 602 3064; baseline -0.006 0"><span class='ocrx_word' id='word_1_309' title='bbox 442 3011 602 3064; x_wconf 87' lang='lat' dir='ltr'><strong>tium.</strong></span> 
     </span>
    </p>
   </div>
   <div class='ocr_carea' id='block_1_52' title="bbox 1085 3005 2616 3091">
    <p class='ocr_par' dir='ltr' id='par_1_52' title="bbox 1395 3005 2616 3091">
     <span class='ocr_line' id='line_1_53' title="bbox 1395 3005 2616 3091; baseline -0.001 -31"><span class='ocrx_word' id='word_1_310' title='bbox 1395 3090 1405 3091; x_wconf 14' lang='grc' dir='ltr'>ί</span> <span class='ocrx_word' id='word_1_311' title='bbox 1604 3088 1615 3091; x_wconf 25' lang='grc' dir='ltr'><strong>Δ</strong></span> <span class='ocrx_word' id='word_1_312' title='bbox 2050 3034 2091 3091; x_wconf 77' lang='lat' dir='ltr'><strong><em>C</em></strong></span> <span class='ocrx_word' id='word_1_313' title='bbox 2127 3005 2267 3068; x_wconf 87' lang='grc' dir='ltr'>δίαις</span> <span class='ocrx_word' id='word_1_314' title='bbox 2292 3005 2399 3058; x_wconf 83' lang='grc' dir='ltr'><strong>τῶν</strong></span> <span class='ocrx_word' id='word_1_315' title='bbox 2429 3006 2616 3059; x_wconf 83' lang='grc' dir='ltr'>ἐθνῶν.</span> 
     </span>
    </p>
   </div>
   <div class='ocr_carea' id='block_1_53' title="bbox 517 3088 2048 3170">
    <p class='ocr_par' dir='ltr' id='par_1_53' title="bbox 517 3088 2017 3159">
     <span class='ocr_line' id='line_1_54' title="bbox 517 3088 2017 3159; baseline -0.004 -7"><span class='ocrx_word' id='word_1_316' title='bbox 517 3098 569 3152; x_wconf 84' lang='grc'><strong>5.</strong></span> <span class='ocrx_word' id='word_1_317' title='bbox 600 3096 826 3151; x_wconf 61' lang='lat' dir='ltr'><strong>Territa</strong></span> <span class='ocrx_word' id='word_1_318' title='bbox 858 3101 987 3149; x_wconf 87' lang='lat' dir='ltr'><strong>sunt</strong></span> <span class='ocrx_word' id='word_1_319' title='bbox 1012 3101 1065 3147; x_wconf 90' lang='lat' dir='ltr'><strong>et</strong></span> <span class='ocrx_word' id='word_1_320' title='bbox 1095 3091 1309 3146; x_wconf 91' lang='lat' dir='ltr'><strong>ululant</strong></span> <span class='ocrx_word' id='word_1_321' title='bbox 1342 3088 1669 3145; x_wconf 54' lang='lat' dir='ltr'><strong>adversaria</strong></span> <span class='ocrx_word' id='word_1_322' title='bbox 1701 3096 2017 3159; x_wconf 88' lang='lat' dir='ltr'><strong>potestates.</strong></span> 
     </span>
    </p>
   </div>
   <div class='ocr_carea' id='block_1_54' title="bbox 2191 3088 3722 3170">
    <p class='ocr_par' dir='ltr' id='par_1_54' title="bbox 2195 3098 3722 3170">
     <span class='ocr_line' id='line_1_55' title="bbox 2195 3098 3722 3170; baseline 0.001 -19"><span class='ocrx_word' id='word_1_323' title='bbox 2195 3098 2247 3155; x_wconf 84' lang='lat'><strong>5.</strong></span> <span class='ocrx_word' id='word_1_324' title='bbox 2296 3098 2670 3170; x_wconf 80' lang='grc' dir='ltr'>Ἐφοὸήθησαν</span> <span class='ocrx_word' id='word_1_325' title='bbox 2698 3099 2791 3152; x_wconf 81' lang='grc' dir='ltr'><strong>καὶ</strong></span> <span class='ocrx_word' id='word_1_326' title='bbox 2822 3098 3180 3163; x_wconf 78' lang='grc' dir='ltr'>ἀλαλάζουσιν</span> <span class='ocrx_word' id='word_1_327' title='bbox 3202 3100 3259 3154; x_wconf 86' lang='grc' dir='ltr'><strong>αί</strong></span> <span class='ocrx_word' id='word_1_328' title='bbox 3282 3099 3521 3153; x_wconf 77' lang='grc' dir='ltr'>ἐναντίαι</span> <span class='ocrx_word' id='word_1_329' title='bbox 3545 3100 3722 3153; x_wconf 78' lang='grc' dir='ltr'>δυνά.-</span> 
     </span>
    </p>
   </div>
   <div class='ocr_carea' id='block_1_55' title="bbox 2129 3206 2270 3259">
    <p class='ocr_par' dir='ltr' id='par_1_55' title="bbox 2129 3206 2270 3259">
     <span class='ocr_line' id='line_1_56' title="bbox 2129 3206 2270 3259; baseline 0.021 -18"><span class='ocrx_word' id='word_1_330' title='bbox 2129 3206 2270 3259; x_wconf 88' lang='grc' dir='ltr'>μεις.</span> 
     </span>
    </p>
   </div>
   <div class='ocr_carea' id='block_1_56' title="bbox 516 3268 2047 3354">
    <p class='ocr_par' dir='ltr' id='par_1_56' title="bbox 516 3268 2021 3331">
     <span class='ocr_line' id='line_1_57' title="bbox 516 3268 2021 3331; baseline -0.002 -3"><span class='ocrx_word' id='word_1_331' title='bbox 516 3276 571 3331; x_wconf 86' lang='grc'><strong>6.</strong></span> <span class='ocrx_word' id='word_1_332' title='bbox 602 3272 819 3327; x_wconf 89' lang='lat' dir='ltr'><strong>Domini</strong></span> <span class='ocrx_word' id='word_1_333' title='bbox 849 3271 1048 3326; x_wconf 90' lang='lat' dir='ltr'><strong>virtute</strong></span> <span class='ocrx_word' id='word_1_334' title='bbox 1078 3268 1356 3325; x_wconf 73' lang='lat' dir='ltr'><strong>dissolutae</strong></span> <span class='ocrx_word' id='word_1_335' title='bbox 1387 3278 1518 3323; x_wconf 91' lang='lat' dir='ltr'><strong>sunt</strong></span> <span class='ocrx_word' id='word_1_336' title='bbox 1549 3269 1749 3324; x_wconf 85' lang='lat' dir='ltr'><strong>eaedem</strong></span> <span class='ocrx_word' id='word_1_337' title='bbox 1794 3278 2021 3326; x_wconf 89' lang='lat' dir='ltr'><strong>contra-</strong></span> 
     </span>
    </p>
   </div>
   <div class='ocr_carea' id='block_1_57' title="bbox 2189 3268 3720 3354">
    <p class='ocr_par' dir='ltr' id='par_1_57' title="bbox 2193 3280 3720 3354">
     <span class='ocr_line' id='line_1_58' title="bbox 2193 3280 3720 3354; baseline -0.001 -19"><span class='ocrx_word' id='word_1_338' title='bbox 2193 3282 2245 3335; x_wconf 93' lang='lat'><strong>6.</strong></span> <span class='ocrx_word' id='word_1_339' title='bbox 2274 3280 2603 3352; x_wconf 86' lang='grc' dir='ltr'>Διελύθησαν</span> <span class='ocrx_word' id='word_1_340' title='bbox 2638 3282 2716 3353; x_wconf 88' lang='grc'><strong>(1)</strong></span> <span class='ocrx_word' id='word_1_341' title='bbox 2744 3284 2797 3336; x_wconf 85' lang='grc' dir='ltr'>αἱ</span> <span class='ocrx_word' id='word_1_342' title='bbox 2821 3281 2982 3335; x_wconf 77' lang='grc' dir='ltr'>αὑταὶ</span> <span class='ocrx_word' id='word_1_343' title='bbox 3004 3281 3243 3335; x_wconf 82' lang='grc' dir='ltr'>ἐναντίαι</span> <span class='ocrx_word' id='word_1_344' title='bbox 3270 3280 3528 3351; x_wconf 78' lang='grc' dir='ltr'>δυνάμεις</span> <span class='ocrx_word' id='word_1_345' title='bbox 3551 3282 3612 3334; x_wconf 86' lang='grc' dir='ltr'><strong>ἐν</strong></span> <span class='ocrx_word' id='word_1_346' title='bbox 3638 3284 3720 3354; x_wconf 81' lang='grc' dir='ltr'>τῇ</span> 
     </span>
    </p>
   </div>
   <div class='ocr_carea' id='block_1_58' title="bbox 447 3368 1978 3446">
    <p class='ocr_par' dir='ltr' id='par_1_58' title="bbox 447 3368 879 3435">
     <span class='ocr_line' id='line_1_59' title="bbox 447 3368 879 3435; baseline -0.012 -14"><span class='ocrx_word' id='word_1_347' title='bbox 447 3368 541 3421; x_wconf 67' lang='lat' dir='ltr'><strong>rim</strong></span> <span class='ocrx_word' id='word_1_348' title='bbox 567 3373 879 3435; x_wconf 81' lang='lat' dir='ltr'><strong>potestates.</strong></span> 
     </span>
    </p>
   </div>
   <div class='ocr_carea' id='block_1_59' title="bbox 1121 3368 2652 3446">
    <p class='ocr_par' dir='ltr' id='par_1_59' title="bbox 2128 3374 2652 3446">
     <span class='ocr_line' id='line_1_60' title="bbox 2128 3374 2652 3446; baseline 0 -19"><span class='ocrx_word' id='word_1_349' title='bbox 2128 3376 2273 3444; x_wconf 77' lang='grc' dir='ltr'>ἰσχύϊ</span> <span class='ocrx_word' id='word_1_350' title='bbox 2304 3374 2397 3427; x_wconf 89' lang='grc' dir='ltr'><strong>τοῦ</strong></span> <span class='ocrx_word' id='word_1_351' title='bbox 2421 3375 2652 3446; x_wconf 87' lang='grc' dir='ltr'>Κυρίου.</span> 
     </span>
    </p>
   </div>
   <div class='ocr_carea' id='block_1_60' title="bbox 518 3453 2049 3540">
    <p class='ocr_par' dir='ltr' id='par_1_60' title="bbox 518 3453 2019 3524">
     <span class='ocr_line' id='line_1_61' title="bbox 518 3453 2019 3524; baseline 0.001 -15"><span class='ocrx_word' id='word_1_352' title='bbox 518 3458 570 3513; x_wconf 88' lang='lat'><strong>7.</strong></span> <span class='ocrx_word' id='word_1_353' title='bbox 603 3455 752 3509; x_wconf 87' lang='lat' dir='ltr'><strong>Dona</strong></span> <span class='ocrx_word' id='word_1_354' title='bbox 775 3454 921 3509; x_wconf 88' lang='lat' dir='ltr'><strong>enim</strong></span> <span class='ocrx_word' id='word_1_355' title='bbox 949 3455 1123 3509; x_wconf 86' lang='lat' dir='ltr'><strong>sancti</strong></span> <span class='ocrx_word' id='word_1_356' title='bbox 1166 3453 1402 3524; x_wconf 91' lang='lat' dir='ltr'><strong>Spiritus</strong></span> <span class='ocrx_word' id='word_1_357' title='bbox 1443 3454 1890 3509; x_wconf 86' lang='lat' dir='ltr'><strong>illuminaverunt</strong></span> <span class='ocrx_word' id='word_1_358' title='bbox 1915 3453 2019 3510; x_wconf 89' lang='lat' dir='ltr'><strong>Ec-</strong></span> 
     </span>
    </p>
   </div>
   <div class='ocr_carea' id='block_1_61' title="bbox 2192 3453 3723 3540">
    <p class='ocr_par' dir='ltr' id='par_1_61' title="bbox 2193 3466 3723 3540">
     <span class='ocr_line' id='line_1_62' title="bbox 2193 3466 3723 3540; baseline 0.001 -21"><span class='ocrx_word' id='word_1_359' title='bbox 2193 3467 2246 3519; x_wconf 89' lang='lat'><strong>7.</strong></span> <span class='ocrx_word' id='word_1_360' title='bbox 2281 3468 2361 3521; x_wconf 73' lang='grc' dir='ltr'><strong>Τὰ</strong></span> <span class='ocrx_word' id='word_1_361' title='bbox 2389 3467 2495 3538; x_wconf 71' lang='grc' dir='ltr'><strong>γὰρ</strong></span> <span class='ocrx_word' id='word_1_362' title='bbox 2523 3468 2835 3540; x_wconf 87' lang='grc' dir='ltr'>χαρίσματα</span> <span class='ocrx_word' id='word_1_363' title='bbox 2862 3467 2957 3521; x_wconf 82' lang='grc' dir='ltr'><strong>τοῦ</strong></span> <span class='ocrx_word' id='word_1_364' title='bbox 2993 3466 3145 3536; x_wconf 82' lang='grc' dir='ltr'>ἁγίου</span> <span class='ocrx_word' id='word_1_365' title='bbox 3191 3466 3507 3539; x_wconf 85' lang='grc' dir='ltr'>Πνεύματος</span> <span class='ocrx_word' id='word_1_366' title='bbox 3560 3467 3723 3538; x_wconf 78' lang='grc' dir='ltr'><strong>ἐφώ-</strong></span> 
     </span>
    </p>
   </div>
   <div class='ocr_carea' id='block_1_62' title="bbox 445 3547 1976 3631">
    <p class='ocr_par' dir='ltr' id='par_1_62' title="bbox 445 3547 817 3604">
     <span class='ocr_line' id='line_1_63' title="bbox 445 3547 817 3604; baseline -0.005 0"><span class='ocrx_word' id='word_1_367' title='bbox 445 3549 665 3604; x_wconf 87' lang='lat' dir='ltr'><strong>clesiam</strong></span> <span class='ocrx_word' id='word_1_368' title='bbox 698 3547 817 3602; x_wconf 90' lang='lat' dir='ltr'><strong>Dei.</strong></span> 
     </span>
    </p>
   </div>
   <div class='ocr_carea' id='block_1_63' title="bbox 1551 3547 3082 3631">
    <p class='ocr_par' dir='ltr' id='par_1_63' title="bbox 2123 3558 3082 3631">
     <span class='ocr_line' id='line_1_64' title="bbox 2123 3558 3082 3631; baseline 0.005 -22"><span class='ocrx_word' id='word_1_369' title='bbox 2123 3574 2280 3611; x_wconf 88' lang='grc' dir='ltr'>τισαν</span> <span class='ocrx_word' id='word_1_370' title='bbox 2308 3558 2405 3630; x_wconf 81' lang='grc' dir='ltr'>τὴν</span> <span class='ocrx_word' id='word_1_371' title='bbox 2452 3560 2778 3631; x_wconf 81' lang='grc' dir='ltr'>Ἐκκλησίαν</span> <span class='ocrx_word' id='word_1_372' title='bbox 2796 3559 2891 3613; x_wconf 87' lang='grc' dir='ltr'><strong>τοῦ</strong></span> <span class='ocrx_word' id='word_1_373' title='bbox 2924 3558 3082 3614; x_wconf 84' lang='grc' dir='ltr'>Θεοῦ.</span> 
     </span>
    </p>
   </div>
   <div class='ocr_carea' id='block_1_64' title="bbox 516 3637 2047 3723">
    <p class='ocr_par' dir='ltr' id='par_1_64' title="bbox 516 3637 1892 3695">
     <span class='ocr_line' id='line_1_65' title="bbox 516 3637 1892 3695; baseline -0.002 0"><span class='ocrx_word' id='word_1_374' title='bbox 516 3642 569 3695; x_wconf 88' lang='grc'><strong>8.</strong></span> <span class='ocrx_word' id='word_1_375' title='bbox 603 3638 973 3694; x_wconf 81' lang='lat' dir='ltr'><strong>Sanctiﬁcavit</strong></span> <span class='ocrx_word' id='word_1_376' title='bbox 1003 3638 1230 3693; x_wconf 89' lang='lat' dir='ltr'><strong>chorum</strong></span> <span class='ocrx_word' id='word_1_377' title='bbox 1262 3645 1577 3693; x_wconf 90' lang='lat' dir='ltr'><strong>sanctorum</strong></span> <span class='ocrx_word' id='word_1_378' title='bbox 1606 3637 1892 3693; x_wconf 91' lang='lat' dir='ltr'><strong>Dominus.</strong></span> 
     </span>
    </p>
   </div>
   <div class='ocr_carea' id='block_1_65' title="bbox 2185 3637 3716 3723">
    <p class='ocr_par' dir='ltr' id='par_1_65' title="bbox 2193 3649 3716 3723">
     <span class='ocr_line' id='line_1_66' title="bbox 2193 3649 3716 3723; baseline 0.003 -21"><span class='ocrx_word' id='word_1_379' title='bbox 2193 3650 2245 3703; x_wconf 91' lang='lat'><strong>8.</strong></span> <span class='ocrx_word' id='word_1_380' title='bbox 2292 3650 2517 3719; x_wconf 87' lang='grc' dir='ltr'>Ἡγίασε</span> <span class='ocrx_word' id='word_1_381' title='bbox 2547 3653 2638 3705; x_wconf 86' lang='grc' dir='ltr'><strong>τὸν</strong></span> <span class='ocrx_word' id='word_1_382' title='bbox 2683 3652 2841 3722; x_wconf 78' lang='grc' dir='ltr'>χορὸν</span> <span class='ocrx_word' id='word_1_383' title='bbox 2862 3651 2971 3704; x_wconf 82' lang='grc' dir='ltr'><strong>τῶν</strong></span> <span class='ocrx_word' id='word_1_384' title='bbox 3013 3651 3219 3722; x_wconf 87' lang='grc' dir='ltr'>κυρίων</span> <span class='ocrx_word' id='word_1_385' title='bbox 3247 3649 3491 3723; x_wconf 81' lang='grc' dir='ltr'>[ἁγίων]</span> <span class='ocrx_word' id='word_1_386' title='bbox 3520 3654 3548 3705; x_wconf 91' lang='grc' dir='ltr'>ὁ</span> <span class='ocrx_word' id='word_1_387' title='bbox 3578 3654 3716 3706; x_wconf 79' lang='grc' dir='ltr'><strong>Κυ-</strong></span> 
     </span>
    </p>
   </div>
   <div class='ocr_carea' id='block_1_66' title="bbox 2127 3739 2358 3811">
    <p class='ocr_par' dir='ltr' id='par_1_66' title="bbox 2127 3739 2358 3811">
     <span class='ocr_line' id='line_1_67' title="bbox 2127 3739 2358 3811; baseline 0.009 -20"><span class='ocrx_word' id='word_1_388' title='bbox 2127 3757 2239 3811; x_wconf 88' lang='grc' dir='ltr'>ριος</span> <span class='ocrx_word' id='word_1_389' title='bbox 2258 3739 2358 3810; x_wconf 76' lang='grc'><strong>(2).</strong></span> 
     </span>
    </p>
   </div>
   <div class='ocr_carea' id='block_1_67' title="bbox 516 3811 2047 3905">
    <p class='ocr_par' dir='ltr' id='par_1_67' title="bbox 516 3811 2023 3884">
     <span class='ocr_line' id='line_1_68' title="bbox 516 3811 2023 3884; baseline -0.001 -14"><span class='ocrx_word' id='word_1_390' title='bbox 516 3814 570 3870; x_wconf 89' lang='grc'><strong>9.</strong></span> <span class='ocrx_word' id='word_1_391' title='bbox 596 3811 740 3867; x_wconf 91' lang='lat' dir='ltr'><strong>Deus</strong></span> <span class='ocrx_word' id='word_1_392' title='bbox 772 3812 829 3865; x_wconf 90' lang='lat' dir='ltr'><strong>in</strong></span> <span class='ocrx_word' id='word_1_393' title='bbox 858 3811 1115 3867; x_wconf 89' lang='lat' dir='ltr'><strong>cordibus</strong></span> <span class='ocrx_word' id='word_1_394' title='bbox 1148 3811 1352 3882; x_wconf 90' lang='lat' dir='ltr'><strong>populi,</strong></span> <span class='ocrx_word' id='word_1_395' title='bbox 1383 3821 1437 3867; x_wconf 92' lang='lat' dir='ltr'><strong>et</strong></span> <span class='ocrx_word' id='word_1_396' title='bbox 1469 3812 1776 3870; x_wconf 88' lang='lat' dir='ltr'><strong>immobiles</strong></span> <span class='ocrx_word' id='word_1_397' title='bbox 1806 3828 2023 3884; x_wconf 89' lang='lat' dir='ltr'><strong>perma-</strong></span> 
     </span>
    </p>
   </div>
   <div class='ocr_carea' id='block_1_68' title="bbox 2190 3811 3721 3905">
    <p class='ocr_par' dir='ltr' id='par_1_68' title="bbox 2194 3830 3721 3905">
     <span class='ocr_line' id='line_1_69' title="bbox 2194 3830 3721 3905; baseline 0.001 -19"><span class='ocrx_word' id='word_1_398' title='bbox 2194 3833 2249 3886; x_wconf 82' lang='lat'><strong>9.</strong></span> <span class='ocrx_word' id='word_1_399' title='bbox 2284 3833 2343 3886; x_wconf 76' lang='grc' dir='ltr'>Ὀ</span> <span class='ocrx_word' id='word_1_400' title='bbox 2374 3832 2505 3896; x_wconf 84' lang='grc' dir='ltr'>Θεὸς</span> <span class='ocrx_word' id='word_1_401' title='bbox 2528 3834 2586 3886; x_wconf 89' lang='grc' dir='ltr'><strong>ἐν</strong></span> <span class='ocrx_word' id='word_1_402' title='bbox 2614 3836 2735 3897; x_wconf 85' lang='grc' dir='ltr'>ταῖς</span> <span class='ocrx_word' id='word_1_403' title='bbox 2764 3833 3013 3905; x_wconf 85' lang='grc' dir='ltr'>καρδίαις</span> <span class='ocrx_word' id='word_1_404' title='bbox 3037 3831 3132 3884; x_wconf 86' lang='grc' dir='ltr'><strong>τοῦ</strong></span> <span class='ocrx_word' id='word_1_405' title='bbox 3153 3830 3306 3895; x_wconf 89' lang='grc' dir='ltr'>λαοῦ,</span> <span class='ocrx_word' id='word_1_406' title='bbox 3335 3832 3431 3884; x_wconf 77' lang='grc' dir='ltr'><strong>καὶ</strong></span> <span class='ocrx_word' id='word_1_407' title='bbox 3457 3830 3721 3903; x_wconf 76' lang='grc' dir='ltr'>ἀκίνητοι</span> 
     </span>
    </p>
   </div>
   <div class='ocr_carea' id='block_1_69' title="bbox 446 3905 1977 3994">
    <p class='ocr_par' dir='ltr' id='par_1_69' title="bbox 446 3905 816 3961">
     <span class='ocr_line' id='line_1_70' title="bbox 446 3905 816 3961; baseline 0 0"><span class='ocrx_word' id='word_1_408' title='bbox 446 3915 577 3961; x_wconf 88' lang='lat' dir='ltr'><strong>nent</strong></span> <span class='ocrx_word' id='word_1_409' title='bbox 607 3906 660 3960; x_wconf 89' lang='lat' dir='ltr'><strong>in</strong></span> <span class='ocrx_word' id='word_1_410' title='bbox 690 3905 816 3961; x_wconf 81' lang='lat' dir='ltr'><strong>ﬁde.</strong></span> 
     </span>
    </p>
   </div>
   <div class='ocr_carea' id='block_1_70' title="bbox 1475 3905 3006 3994">
    <p class='ocr_par' dir='ltr' id='par_1_70' title="bbox 2122 3921 3006 3994">
     <span class='ocr_line' id='line_1_71' title="bbox 2122 3921 3006 3994; baseline 0.002 -21"><span class='ocrx_word' id='word_1_411' title='bbox 2122 3921 2467 3991; x_wconf 83' lang='grc' dir='ltr'>διαμένουσιν</span> <span class='ocrx_word' id='word_1_412' title='bbox 2493 3924 2601 3977; x_wconf 89' lang='grc' dir='ltr'><strong>ἀπὸ</strong></span> <span class='ocrx_word' id='word_1_413' title='bbox 2621 3925 2721 3994; x_wconf 85' lang='grc' dir='ltr'>τῆς</span> <span class='ocrx_word' id='word_1_414' title='bbox 2751 3925 3006 3986; x_wconf 89' lang='grc' dir='ltr'>πίστεως.</span> 
     </span>
    </p>
   </div>
   <div class='ocr_carea' id='block_1_71' title="bbox 517 3992 2048 4085">
    <p class='ocr_par' dir='ltr' id='par_1_71' title="bbox 517 3992 2025 4066">
     <span class='ocr_line' id='line_1_72' title="bbox 517 3992 2025 4066; baseline 0.001 -15"><span class='ocrx_word' id='word_1_415' title='bbox 517 3997 608 4051; x_wconf 90' lang='lat'><strong>10.</strong></span> <span class='ocrx_word' id='word_1_416' title='bbox 638 3994 933 4066; x_wconf 84' lang='lat' dir='ltr'><strong>Adjuvabit</strong></span> <span class='ocrx_word' id='word_1_417' title='bbox 961 3993 1107 4050; x_wconf 91' lang='lat' dir='ltr'><strong>Deus</strong></span> <span class='ocrx_word' id='word_1_418' title='bbox 1136 3992 1439 4050; x_wconf 88' lang='lat' dir='ltr'><strong>Ecclesiam</strong></span> <span class='ocrx_word' id='word_1_419' title='bbox 1470 3995 1527 4050; x_wconf 90' lang='lat' dir='ltr'><strong>in</strong></span> <span class='ocrx_word' id='word_1_420' title='bbox 1565 3996 1853 4066; x_wconf 86' lang='lat' dir='ltr'><strong>splendore</strong></span> <span class='ocrx_word' id='word_1_421' title='bbox 1884 3997 2025 4053; x_wconf 87' lang='lat' dir='ltr'><strong>lucis</strong></span> 
     </span>
    </p>
   </div>
   <div class='ocr_carea' id='block_1_72' title="bbox 2183 3992 3714 4085">
    <p class='ocr_par' dir='ltr' id='par_1_72' title="bbox 2195 3992 3714 4085">
     <span class='ocr_line' id='line_1_73' title="bbox 2195 3992 3714 4085; baseline 0.001 -19"><span class='ocrx_word' id='word_1_422' title='bbox 2195 4013 2281 4067; x_wconf 88' lang='grc'><strong>10.</strong></span> <span class='ocrx_word' id='word_1_423' title='bbox 2307 4014 2572 4085; x_wconf 90' lang='grc' dir='ltr'>Βοηθήσει</span> <span class='ocrx_word' id='word_1_424' title='bbox 2604 4015 2633 4067; x_wconf 92' lang='lat'>6</span> <span class='ocrx_word' id='word_1_425' title='bbox 2659 3992 2792 4078; x_wconf 84' lang='grc' dir='ltr'>Θεὸς</span> <span class='ocrx_word' id='word_1_426' title='bbox 2819 4018 2885 4085; x_wconf 82' lang='grc' dir='ltr'>τῇ</span> <span class='ocrx_word' id='word_1_427' title='bbox 2932 4013 3231 4085; x_wconf 74' lang='grc' dir='ltr'>Ἐκκλησία</span> <span class='ocrx_word' id='word_1_428' title='bbox 3252 4015 3309 4069; x_wconf 89' lang='grc' dir='ltr'><strong>ἐν</strong></span> <span class='ocrx_word' id='word_1_429' title='bbox 3343 4013 3419 4085; x_wconf 83' lang='grc' dir='ltr'><strong>τῷ</strong></span> <span class='ocrx_word' id='word_1_430' title='bbox 3451 4016 3592 4084; x_wconf 74' lang='grc' dir='ltr'>φωτὶ</span> <span class='ocrx_word' id='word_1_431' title='bbox 3612 4015 3714 4068; x_wconf 84' lang='grc' dir='ltr'><strong>τοῦ</strong></span> 
     </span>
    </p>
   </div>
   <div class='ocr_carea' id='block_1_73' title="bbox 447 4104 1978 4174">
    <p class='ocr_par' dir='ltr' id='par_1_73' title="bbox 447 4105 579 4144">
     <span class='ocr_line' id='line_1_74' title="bbox 447 4105 579 4144; baseline -0.015 0"><span class='ocrx_word' id='word_1_432' title='bbox 447 4105 579 4144; x_wconf 66' lang='grc' dir='ltr'>ειιεε.</span> 
     </span>
    </p>
   </div>
   <div class='ocr_carea' id='block_1_74' title="bbox 991 4104 2522 4174">
    <p class='ocr_par' dir='ltr' id='par_1_74' title="bbox 2125 4104 2522 4174">
     <span class='ocr_line' id='line_1_75' title="bbox 2125 4104 2522 4174; baseline 0.005 -18"><span class='ocrx_word' id='word_1_433' title='bbox 2125 4104 2304 4174; x_wconf 82' lang='grc' dir='ltr'>φωτὸς</span> <span class='ocrx_word' id='word_1_434' title='bbox 2337 4105 2522 4159; x_wconf 84' lang='grc' dir='ltr'>αὐτοῦ.</span> 
     </span>
    </p>
   </div>
   <div class='ocr_carea' id='block_1_75' title="bbox 518 4174 2049 4266">
    <p class='ocr_par' dir='ltr' id='par_1_75' title="bbox 518 4174 2026 4245">
     <span class='ocr_line' id='line_1_76' title="bbox 518 4174 2026 4245; baseline -0.001 -14"><span class='ocrx_word' id='word_1_435' title='bbox 518 4178 602 4233; x_wconf 87' lang='lat'><strong>11.</strong></span> <span class='ocrx_word' id='word_1_436' title='bbox 634 4174 886 4245; x_wconf 90' lang='lat' dir='ltr'><strong>Dissipati</strong></span> <span class='ocrx_word' id='word_1_437' title='bbox 910 4182 1037 4230; x_wconf 88' lang='lat' dir='ltr'><strong>sunt</strong></span> <span class='ocrx_word' id='word_1_438' title='bbox 1056 4174 1352 4241; x_wconf 85' lang='lat' dir='ltr'><strong>daemones,</strong></span> <span class='ocrx_word' id='word_1_439' title='bbox 1376 4183 1430 4231; x_wconf 90' lang='lat' dir='ltr'><strong>et</strong></span> <span class='ocrx_word' id='word_1_440' title='bbox 1451 4183 1714 4245; x_wconf 82' lang='lat' dir='ltr'><strong>superatae</strong></span> <span class='ocrx_word' id='word_1_441' title='bbox 1734 4183 1861 4230; x_wconf 91' lang='lat' dir='ltr'><strong>sunt</strong></span> <span class='ocrx_word' id='word_1_442' title='bbox 1885 4174 2026 4230; x_wconf 91' lang='lat' dir='ltr'><strong>vires</strong></span> 
     </span>
    </p>
   </div>
   <div class='ocr_carea' id='block_1_76' title="bbox 2180 4174 3711 4266">
    <p class='ocr_par' dir='ltr' id='par_1_76' title="bbox 2194 4193 3711 4266">
     <span class='ocr_line' id='line_1_77' title="bbox 2194 4193 3711 4266; baseline -0.001 -19"><span class='ocrx_word' id='word_1_443' title='bbox 2194 4196 2279 4248; x_wconf 90' lang='lat'><strong>11.</strong></span> <span class='ocrx_word' id='word_1_444' title='bbox 2318 4194 2651 4265; x_wconf 84' lang='grc' dir='ltr'>Διελύθησαν</span> <span class='ocrx_word' id='word_1_445' title='bbox 2679 4197 2728 4248; x_wconf 90' lang='grc' dir='ltr'><strong>οί</strong></span> <span class='ocrx_word' id='word_1_446' title='bbox 2758 4194 3032 4266; x_wconf 88' lang='grc' dir='ltr'>δαίμονες,</span> <span class='ocrx_word' id='word_1_447' title='bbox 3065 4194 3158 4247; x_wconf 76' lang='grc' dir='ltr'><strong>καὶ</strong></span> <span class='ocrx_word' id='word_1_448' title='bbox 3193 4193 3266 4265; x_wconf 88' lang='grc'><strong>(5)</strong></span> <span class='ocrx_word' id='word_1_449' title='bbox 3301 4194 3618 4265; x_wconf 82' lang='grc' dir='ltr'>ἡττήθησαν</span> <span class='ocrx_word' id='word_1_450' title='bbox 3650 4196 3711 4246; x_wconf 80' lang='grc' dir='ltr'>αἱ</span> 
     </span>
    </p>
   </div>
   <div class='ocr_carea' id='block_1_77' title="bbox 445 4270 1976 4358">
    <p class='ocr_par' dir='ltr' id='par_1_77' title="bbox 445 4270 1647 4325">
     <span class='ocr_line' id='line_1_78' title="bbox 445 4270 1647 4325; baseline -0.003 -1"><span class='ocrx_word' id='word_1_451' title='bbox 445 4270 675 4325; x_wconf 89' lang='lat' dir='ltr'><strong>inimici.</strong></span> <span class='ocrx_word' id='word_1_452' title='bbox 1636 4276 1647 4289; x_wconf 91' lang='lat'><strong><em>&#39;</em></strong></span> 
     </span>
    </p>
   </div>
   <div class='ocr_carea' id='block_1_78' title="bbox 1205 4270 2736 4358">
    <p class='ocr_par' dir='ltr' id='par_1_78' title="bbox 1636 4276 2736 4358">
     <span class='ocr_line' id='line_1_79' title="bbox 1636 4276 2736 4358; baseline 0.005 -22"><span class='ocrx_word' id='word_1_453' title='bbox 1636 4276 1647 4289; x_wconf 86' lang='grc'><em>’</em></span> <span class='ocrx_word' id='word_1_454' title='bbox 1851 4357 1855 4358; x_wconf 17' lang='grc' dir='ltr'><em>ν</em></span> <span class='ocrx_word' id='word_1_455' title='bbox 2122 4286 2213 4339; x_wconf 90' lang='grc' dir='ltr'><strong>τοῦ</strong></span> <span class='ocrx_word' id='word_1_456' title='bbox 2247 4285 2439 4358; x_wconf 83' lang='grc' dir='ltr'>ἐχθροῦ</span> <span class='ocrx_word' id='word_1_457' title='bbox 2463 4286 2736 4357; x_wconf 85' lang='grc' dir='ltr'>δυνάμεις.</span> 
     </span>
    </p>
   </div>
   <div class='ocr_carea' id='block_1_79' title="bbox 516 4357 2047 4448">
    <p class='ocr_par' dir='ltr' id='par_1_79' title="bbox 516 4357 2018 4424">
     <span class='ocr_line' id='line_1_80' title="bbox 516 4357 2018 4424; baseline -0.003 -7"><span class='ocrx_word' id='word_1_458' title='bbox 516 4365 602 4417; x_wconf 72' lang='grc'><strong>12.</strong></span> <span class='ocrx_word' id='word_1_459' title='bbox 630 4362 949 4417; x_wconf 87' lang='lat' dir='ltr'><strong>Praedicavit</strong></span> <span class='ocrx_word' id='word_1_460' title='bbox 976 4360 1120 4416; x_wconf 89' lang='lat' dir='ltr'><strong>Deus</strong></span> <span class='ocrx_word' id='word_1_461' title='bbox 1136 4361 1361 4415; x_wconf 82' lang='lat' dir='ltr'><strong>verbum</strong></span> <span class='ocrx_word' id='word_1_462' title='bbox 1392 4374 1574 4424; x_wconf 91' lang='lat' dir='ltr'><strong>suum,</strong></span> <span class='ocrx_word' id='word_1_463' title='bbox 1600 4368 1653 4413; x_wconf 88' lang='lat' dir='ltr'><strong>et</strong></span> <span class='ocrx_word' id='word_1_464' title='bbox 1674 4357 2018 4414; x_wconf 85' lang='lat' dir='ltr'><strong>auscultave-</strong></span> 
     </span>
    </p>
   </div>
   <div class='ocr_carea' id='block_1_80' title="bbox 2181 4357 3712 4448">
    <p class='ocr_par' dir='ltr' id='par_1_80' title="bbox 2194 4375 3712 4448">
     <span class='ocr_line' id='line_1_81' title="bbox 2194 4375 3712 4448; baseline 0.002 -18"><span class='ocrx_word' id='word_1_465' title='bbox 2194 4376 2279 4430; x_wconf 69' lang='grc'><strong>12.</strong></span> <span class='ocrx_word' id='word_1_466' title='bbox 2328 4375 2622 4447; x_wconf 79' lang='grc' dir='ltr'>Ἑκήρυξεν</span> <span class='ocrx_word' id='word_1_467' title='bbox 2669 4379 2697 4430; x_wconf 88' lang='lat'>6</span> <span class='ocrx_word' id='word_1_468' title='bbox 2744 4376 2877 4439; x_wconf 87' lang='grc' dir='ltr'>Θεὸς</span> <span class='ocrx_word' id='word_1_469' title='bbox 2914 4376 2991 4447; x_wconf 70' lang='grc'><strong>(4)</strong></span> <span class='ocrx_word' id='word_1_470' title='bbox 3032 4378 3136 4443; x_wconf 41' lang='grc' dir='ltr'>,τὸν</span> <span class='ocrx_word' id='word_1_471' title='bbox 3179 4379 3335 4448; x_wconf 89' lang='grc' dir='ltr'>λόγον</span> <span class='ocrx_word' id='word_1_472' title='bbox 3374 4376 3577 4443; x_wconf 83' lang='grc' dir='ltr'>αὐτοῦ,</span> <span class='ocrx_word' id='word_1_473' title='bbox 3611 4380 3712 4433; x_wconf 75' lang='grc' dir='ltr'><strong>καὶ</strong></span> 
     </span>
    </p>
   </div>
   <div class='ocr_carea' id='block_1_81' title="bbox 444 4464 1975 4539">
    <p class='ocr_par' dir='ltr' id='par_1_81' title="bbox 444 4464 806 4525">
     <span class='ocr_line' id='line_1_82' title="bbox 444 4464 806 4525; baseline -0.003 -15"><span class='ocrx_word' id='word_1_474' title='bbox 444 4464 573 4510; x_wconf 87' lang='lat' dir='ltr'><strong>runt</strong></span> <span class='ocrx_word' id='word_1_475' title='bbox 598 4464 806 4525; x_wconf 81' lang='lat' dir='ltr'><strong>gentes.</strong></span> 
     </span>
    </p>
   </div>
   <div class='ocr_carea' id='block_1_82' title="bbox 1393 4464 2924 4539">
    <p class='ocr_par' dir='ltr' id='par_1_82' title="bbox 2126 4465 2924 4539">
     <span class='ocr_line' id='line_1_83' title="bbox 2126 4465 2924 4539; baseline 0 -18"><span class='ocrx_word' id='word_1_476' title='bbox 2126 4470 2442 4539; x_wconf 85' lang='grc' dir='ltr'>ὑπήκουσαν</span> <span class='ocrx_word' id='word_1_477' title='bbox 2474 4465 2641 4520; x_wconf 84' lang='grc' dir='ltr'>αὑτοῦ</span> <span class='ocrx_word' id='word_1_478' title='bbox 2680 4466 2749 4519; x_wconf 78' lang='grc' dir='ltr'>τὰ</span> <span class='ocrx_word' id='word_1_479' title='bbox 2775 4466 2924 4539; x_wconf 73' lang='grc' dir='ltr'>ἔθνη.</span> 
     </span>
    </p>
   </div>
   <div class='ocr_carea' id='block_1_83' title="bbox 516 4540 2047 4635">
    <p class='ocr_par' dir='ltr' id='par_1_83' title="bbox 516 4540 2020 4615">
     <span class='ocr_line' id='line_1_84' title="bbox 516 4540 2020 4615; baseline -0.004 -14"><span class='ocrx_word' id='word_1_480' title='bbox 516 4548 601 4602; x_wconf 80' lang='lat'><strong>1&#39;5.</strong></span> <span class='ocrx_word' id='word_1_481' title='bbox 640 4548 906 4603; x_wconf 89' lang='lat' dir='ltr'><strong>Dominus</strong></span> <span class='ocrx_word' id='word_1_482' title='bbox 929 4547 1111 4603; x_wconf 91' lang='lat' dir='ltr'><strong>omnis</strong></span> <span class='ocrx_word' id='word_1_483' title='bbox 1141 4542 1547 4615; x_wconf 68' lang='lat' dir='ltr'><strong>supercmlestis</strong></span> <span class='ocrx_word' id='word_1_484' title='bbox 1576 4541 1784 4596; x_wconf 86' lang='lat' dir='ltr'><strong>militiae</strong></span> <span class='ocrx_word' id='word_1_485' title='bbox 1834 4540 2020 4595; x_wconf 86' lang='lat' dir='ltr'><strong>nobis-</strong></span> 
     </span>
    </p>
   </div>
   <div class='ocr_carea' id='block_1_84' title="bbox 2176 4540 3707 4635">
    <p class='ocr_par' dir='ltr' id='par_1_84' title="bbox 2198 4560 3707 4635">
     <span class='ocr_line' id='line_1_85' title="bbox 2198 4560 3707 4635; baseline 0.003 -22"><span class='ocrx_word' id='word_1_486' title='bbox 2198 4562 2285 4615; x_wconf 88' lang='grc'><strong>15.</strong></span> <span class='ocrx_word' id='word_1_487' title='bbox 2329 4562 2388 4613; x_wconf 88' lang='lat'><strong>&#39;0</strong></span> <span class='ocrx_word' id='word_1_488' title='bbox 2420 4561 2697 4631; x_wconf 84' lang='grc' dir='ltr'>Δεσπότης</span> <span class='ocrx_word' id='word_1_489' title='bbox 2728 4560 2909 4632; x_wconf 85' lang='grc' dir='ltr'>πάσης</span> <span class='ocrx_word' id='word_1_490' title='bbox 2942 4561 3264 4633; x_wconf 87' lang='grc' dir='ltr'>ἐπουρανίου</span> <span class='ocrx_word' id='word_1_491' title='bbox 3294 4566 3552 4634; x_wconf 83' lang='grc' dir='ltr'>στρατιᾶς</span> <span class='ocrx_word' id='word_1_492' title='bbox 3584 4564 3707 4635; x_wconf 85' lang='grc' dir='ltr'>μεθ’</span> 
     </span>
    </p>
   </div>
   <div class='ocr_carea' id='block_1_85' title="bbox 444 4638 1975 4723">
    <p class='ocr_par' dir='ltr' id='par_1_85' title="bbox 444 4645 706 4693">
     <span class='ocr_line' id='line_1_86' title="bbox 444 4645 706 4693; baseline -0.004 0"><span class='ocrx_word' id='word_1_493' title='bbox 444 4654 568 4693; x_wconf 86' lang='lat' dir='ltr'><strong>cum</strong></span> <span class='ocrx_word' id='word_1_494' title='bbox 599 4645 706 4692; x_wconf 90' lang='lat' dir='ltr'><strong>est.</strong></span> 
     </span>
    </p>
   </div>
   <div class='ocr_carea' id='block_1_86' title="bbox 1799 4638 3330 4723">
    <p class='ocr_par' dir='ltr' id='par_1_86' title="bbox 2127 4638 3330 4723">
     <span class='ocr_line' id='line_1_87' title="bbox 2127 4638 3330 4723; baseline -0.002 -20"><span class='ocrx_word' id='word_1_495' title='bbox 2127 4651 2282 4723; x_wconf 83' lang='grc' dir='ltr'>ήμῶν</span> <span class='ocrx_word' id='word_1_496' title='bbox 2315 4653 2451 4704; x_wconf 87' lang='grc' dir='ltr'>ἐστι.</span> <span class='ocrx_word' id='word_1_497' title='bbox 3326 4638 3330 4643; x_wconf 59' lang='grc'><em>’</em></span> 
     </span>
    </p>
   </div>
   <div class='ocr_carea' id='block_1_87' title="bbox 519 4722 2050 4813">
    <p class='ocr_par' dir='ltr' id='par_1_87' title="bbox 519 4722 2023 4798">
     <span class='ocr_line' id='line_1_88' title="bbox 519 4722 2023 4798; baseline -0.003 -17"><span class='ocrx_word' id='word_1_498' title='bbox 519 4729 604 4782; x_wconf 76' lang='grc'><strong>14.</strong></span> <span class='ocrx_word' id='word_1_499' title='bbox 644 4728 941 4798; x_wconf 88' lang='lat' dir='ltr'><strong>Susceptor</strong></span> <span class='ocrx_word' id='word_1_500' title='bbox 983 4736 1171 4783; x_wconf 90' lang='lat' dir='ltr'><strong>noster</strong></span> <span class='ocrx_word' id='word_1_501' title='bbox 1224 4725 1367 4782; x_wconf 87' lang='lat' dir='ltr'><strong>Deus</strong></span> <span class='ocrx_word' id='word_1_502' title='bbox 1408 4723 1600 4790; x_wconf 89' lang='lat' dir='ltr'><strong>Jacob,</strong></span> <span class='ocrx_word' id='word_1_503' title='bbox 1628 4723 1908 4791; x_wconf 87' lang='lat' dir='ltr'><strong>Christus,</strong></span> <span class='ocrx_word' id='word_1_504' title='bbox 1942 4722 2023 4777; x_wconf 91' lang='lat' dir='ltr'><strong>in-</strong></span> 
     </span>
    </p>
   </div>
   <div class='ocr_carea' id='block_1_88' title="bbox 2175 4722 3706 4813">
    <p class='ocr_par' dir='ltr' id='par_1_88' title="bbox 2204 4742 3706 4813">
     <span class='ocr_line' id='line_1_89' title="bbox 2204 4742 3706 4813; baseline 0.003 -18"><span class='ocrx_word' id='word_1_505' title='bbox 2204 4742 2290 4796; x_wconf 71' lang='grc'><strong>14.</strong></span> <span class='ocrx_word' id='word_1_506' title='bbox 2334 4743 2708 4813; x_wconf 84' lang='grc' dir='ltr'>Ἀντιλήπτωρ</span> <span class='ocrx_word' id='word_1_507' title='bbox 2734 4743 2891 4813; x_wconf 82' lang='grc' dir='ltr'>ἡμῶν</span> <span class='ocrx_word' id='word_1_508' title='bbox 2913 4744 2940 4795; x_wconf 89' lang='grc' dir='ltr'>ὁ</span> <span class='ocrx_word' id='word_1_509' title='bbox 2963 4742 3094 4805; x_wconf 89' lang='grc' dir='ltr'>Θεὸς</span> <span class='ocrx_word' id='word_1_510' title='bbox 3118 4743 3209 4795; x_wconf 86' lang='grc' dir='ltr'><strong>τοῦ</strong></span> <span class='ocrx_word' id='word_1_511' title='bbox 3243 4744 3458 4808; x_wconf 77' lang='grc' dir='ltr'>Ἰακὼϐ,</span> <span class='ocrx_word' id='word_1_512' title='bbox 3480 4744 3624 4812; x_wconf 79' lang='grc' dir='ltr'>λέγω</span> <span class='ocrx_word' id='word_1_513' title='bbox 3652 4746 3706 4799; x_wconf 73' lang='grc' dir='ltr'><strong>δέ</strong></span> 
     </span>
    </p>
   </div>
   <div class='ocr_carea' id='block_1_89' title="bbox 445 4820 1976 4903">
    <p class='ocr_par' dir='ltr' id='par_1_89' title="bbox 445 4820 1247 4893">
     <span class='ocr_line' id='line_1_90' title="bbox 445 4820 1247 4893; baseline -0.001 -18"><span class='ocrx_word' id='word_1_514' title='bbox 445 4838 633 4893; x_wconf 84' lang='lat' dir='ltr'><strong>quam,</strong></span> <span class='ocrx_word' id='word_1_515' title='bbox 665 4823 759 4890; x_wconf 88' lang='lat' dir='ltr'><strong>qui</strong></span> <span class='ocrx_word' id='word_1_516' title='bbox 787 4821 1036 4890; x_wconf 86' lang='lat' dir='ltr'><strong>providet</strong></span> <span class='ocrx_word' id='word_1_517' title='bbox 1069 4820 1247 4875; x_wconf 92' lang='lat' dir='ltr'><strong>nobis.</strong></span> 
     </span>
    </p>
   </div>
   <div class='ocr_carea' id='block_1_90' title="bbox 1386 4820 2917 4903">
    <p class='ocr_par' dir='ltr' id='par_1_90' title="bbox 2129 4831 2917 4903">
     <span class='ocr_line' id='line_1_91' title="bbox 2129 4831 2917 4903; baseline 0 -18"><span class='ocrx_word' id='word_1_518' title='bbox 2129 4832 2384 4903; x_wconf 87' lang='grc' dir='ltr'>Χριστὸς,</span> <span class='ocrx_word' id='word_1_519' title='bbox 2417 4833 2445 4884; x_wconf 91' lang='lat'>6</span> <span class='ocrx_word' id='word_1_520' title='bbox 2471 4831 2710 4903; x_wconf 83' lang='grc' dir='ltr'>προνοῶν</span> <span class='ocrx_word' id='word_1_521' title='bbox 2741 4832 2917 4902; x_wconf 82' lang='grc' dir='ltr'>ἡμῶν.</span> 
     </span>
    </p>
   </div>
   <div class='ocr_carea' id='block_1_91' title="bbox 526 4910 2057 4994">
    <p class='ocr_par' dir='ltr' id='par_1_91' title="bbox 526 4910 1420 4982">
     <span class='ocr_line' id='line_1_92' title="bbox 526 4910 1420 4982; baseline 0 -18"><span class='ocrx_word' id='word_1_522' title='bbox 526 4911 610 4966; x_wconf 83' lang='lat'><strong>15.</strong></span> <span class='ocrx_word' id='word_1_523' title='bbox 643 4911 925 4966; x_wconf 76' lang='lat' dir='ltr'><strong>Advocant</strong></span> <span class='ocrx_word' id='word_1_524' title='bbox 953 4920 1140 4982; x_wconf 81' lang='lat' dir='ltr'><strong>gentes</strong></span> <span class='ocrx_word' id='word_1_525' title='bbox 1168 4910 1420 4980; x_wconf 85' lang='lat' dir='ltr'><strong>apostoli.</strong></span> 
     </span>
    </p>
   </div>
   <div class='ocr_carea' id='block_1_92' title="bbox 1904 4910 3435 4994">
    <p class='ocr_par' dir='ltr' id='par_1_92' title="bbox 2206 4922 3435 4994">
     <span class='ocr_line' id='line_1_93' title="bbox 2206 4922 3435 4994; baseline 0.002 -19"><span class='ocrx_word' id='word_1_526' title='bbox 2206 4924 2292 4977; x_wconf 81' lang='grc'><strong>15.</strong></span> <span class='ocrx_word' id='word_1_527' title='bbox 2325 4922 2766 4993; x_wconf 87' lang='grc' dir='ltr'>Προσκαλοῦνται</span> <span class='ocrx_word' id='word_1_528' title='bbox 2790 4924 2859 4977; x_wconf 83' lang='grc' dir='ltr'>τὰ</span> <span class='ocrx_word' id='word_1_529' title='bbox 2891 4922 3017 4994; x_wconf 77' lang='grc' dir='ltr'>ἔθνη</span> <span class='ocrx_word' id='word_1_530' title='bbox 3044 4926 3093 4977; x_wconf 79' lang='grc' dir='ltr'>οἱ</span> <span class='ocrx_word' id='word_1_531' title='bbox 3129 4924 3435 4978; x_wconf 84' lang='grc' dir='ltr'>ἀπόστολοι.</span> 
     </span>
    </p>
   </div>
   <div class='ocr_carea' id='block_1_93' title="bbox 519 5004 2050 5087">
    <p class='ocr_par' dir='ltr' id='par_1_93' title="bbox 519 5004 1483 5076">
     <span class='ocr_line' id='line_1_94' title="bbox 519 5004 1483 5076; baseline -0.002 -17"><span class='ocrx_word' id='word_1_532' title='bbox 519 5005 605 5059; x_wconf 87' lang='grc'><strong>16.</strong></span> <span class='ocrx_word' id='word_1_533' title='bbox 637 5004 770 5071; x_wconf 72' lang='lat' dir='ltr'><strong>Qua:</strong></span> <span class='ocrx_word' id='word_1_534' title='bbox 798 5004 926 5060; x_wconf 77' lang='lat' dir='ltr'><strong>fecit</strong></span> <span class='ocrx_word' id='word_1_535' title='bbox 949 5006 1207 5076; x_wconf 87' lang='lat' dir='ltr'><strong>mysteria</strong></span> <span class='ocrx_word' id='word_1_536' title='bbox 1232 5006 1285 5059; x_wconf 91' lang='lat' dir='ltr'><strong>in</strong></span> <span class='ocrx_word' id='word_1_537' title='bbox 1318 5014 1483 5059; x_wconf 89' lang='lat' dir='ltr'><strong>terra.</strong></span> 
     </span>
    </p>
   </div>
   <div class='ocr_carea' id='block_1_94' title="bbox 1849 5004 3380 5087">
    <p class='ocr_par' dir='ltr' id='par_1_94' title="bbox 2200 5017 3380 5087">
     <span class='ocr_line' id='line_1_95' title="bbox 2200 5017 3380 5087; baseline 0.002 -19"><span class='ocrx_word' id='word_1_538' title='bbox 2200 5017 2287 5068; x_wconf 80' lang='lat'><strong>16.</strong></span> <span class='ocrx_word' id='word_1_539' title='bbox 2321 5019 2387 5068; x_wconf 84' lang='lat' dir='ltr'><strong>&quot;A</strong></span> <span class='ocrx_word' id='word_1_540' title='bbox 2417 5017 2639 5086; x_wconf 90' lang='grc' dir='ltr'>ἐποίησε</span> <span class='ocrx_word' id='word_1_541' title='bbox 2685 5017 2959 5087; x_wconf 83' lang='grc' dir='ltr'>μυστήρια</span> <span class='ocrx_word' id='word_1_542' title='bbox 2996 5017 3089 5068; x_wconf 70' lang='grc' dir='ltr'>ἐπὶ</span> <span class='ocrx_word' id='word_1_543' title='bbox 3128 5018 3228 5086; x_wconf 82' lang='grc' dir='ltr'>τῆς</span> <span class='ocrx_word' id='word_1_544' title='bbox 3262 5017 3380 5087; x_wconf 87' lang='grc' dir='ltr'><strong>γῆς.</strong></span> 
     </span>
    </p>
   </div>
   <div class='ocr_carea' id='block_1_95' title="bbox 518 5095 2049 5179">
    <p class='ocr_par' dir='ltr' id='par_1_95' title="bbox 518 5095 1504 5152">
     <span class='ocr_line' id='line_1_96' title="bbox 518 5095 1504 5152; baseline 0 -2"><span class='ocrx_word' id='word_1_545' title='bbox 518 5096 607 5151; x_wconf 88' lang='grc'><strong>17.</strong></span> <span class='ocrx_word' id='word_1_546' title='bbox 638 5095 897 5151; x_wconf 90' lang='lat' dir='ltr'><strong>Dissolvit</strong></span> <span class='ocrx_word' id='word_1_547' title='bbox 928 5096 1067 5151; x_wconf 85' lang='lat' dir='ltr'><strong>bella</strong></span> <span class='ocrx_word' id='word_1_548' title='bbox 1094 5097 1261 5152; x_wconf 90' lang='lat' dir='ltr'><strong>totius</strong></span> <span class='ocrx_word' id='word_1_549' title='bbox 1292 5095 1504 5151; x_wconf 92' lang='lat' dir='ltr'><strong>mundi.</strong></span> 
     </span>
    </p>
   </div>
   <div class='ocr_carea' id='block_1_96' title="bbox 2136 5095 3667 5179">
    <p class='ocr_par' dir='ltr' id='par_1_96' title="bbox 2196 5108 3667 5179">
     <span class='ocr_line' id='line_1_97' title="bbox 2196 5108 3667 5179; baseline 0.001 -20"><span class='ocrx_word' id='word_1_550' title='bbox 2196 5109 2282 5161; x_wconf 85' lang='lat'><strong>17.</strong></span> <span class='ocrx_word' id='word_1_551' title='bbox 2324 5109 2465 5172; x_wconf 85' lang='grc' dir='ltr'>Τοὺς</span> <span class='ocrx_word' id='word_1_552' title='bbox 2503 5108 2769 5179; x_wconf 85' lang='grc' dir='ltr'>πολέμους</span> <span class='ocrx_word' id='word_1_553' title='bbox 2795 5108 2915 5161; x_wconf 84' lang='grc' dir='ltr'>ὅλου</span> <span class='ocrx_word' id='word_1_554' title='bbox 2942 5108 3018 5177; x_wconf 78' lang='grc'><strong>(5)</strong></span> <span class='ocrx_word' id='word_1_555' title='bbox 3044 5108 3136 5161; x_wconf 90' lang='grc' dir='ltr'><strong>τοῦ</strong></span> <span class='ocrx_word' id='word_1_556' title='bbox 3172 5110 3378 5179; x_wconf 80' lang='grc' dir='ltr'>κόσμου</span> <span class='ocrx_word' id='word_1_557' title='bbox 3405 5109 3667 5163; x_wconf 78' lang='grc' dir='ltr'>διέλυσεν.</span> 
     </span>
    </p>
   </div>
   <div class='ocr_carea' id='block_1_97' title="bbox 521 5188 2052 5271">
    <p class='ocr_par' dir='ltr' id='par_1_97' title="bbox 521 5188 1335 5252">
     <span class='ocr_line' id='line_1_98' title="bbox 521 5188 1335 5252; baseline 0.004 -11"><span class='ocrx_word' id='word_1_558' title='bbox 521 5188 606 5252; x_wconf 73' lang='lat'><strong>18,</strong></span> <span class='ocrx_word' id='word_1_559' title='bbox 648 5188 735 5243; x_wconf 87' lang='grc'><strong>19.</strong></span> <span class='ocrx_word' id='word_1_560' title='bbox 773 5189 1077 5244; x_wconf 88' lang='lat' dir='ltr'><strong>Potestatcs</strong></span> <span class='ocrx_word' id='word_1_561' title='bbox 1104 5188 1335 5244; x_wconf 89' lang='lat' dir='ltr'><strong>inimici.</strong></span> 
     </span>
    </p>
   </div>
   <div class='ocr_carea' id='block_1_98' title="bbox 1795 5188 3326 5271">
    <p class='ocr_par' dir='ltr' id='par_1_98' title="bbox 2204 5197 3326 5271">
     <span class='ocr_line' id='line_1_99' title="bbox 2204 5197 3326 5271; baseline 0.004 -22"><span class='ocrx_word' id='word_1_562' title='bbox 2204 5197 2291 5264; x_wconf 89' lang='lat'><strong>18,</strong></span> <span class='ocrx_word' id='word_1_563' title='bbox 2324 5197 2413 5251; x_wconf 88' lang='lat'><strong>19.</strong></span> <span class='ocrx_word' id='word_1_564' title='bbox 2454 5198 2565 5262; x_wconf 81' lang='grc' dir='ltr'><strong>Τὰς</strong></span> <span class='ocrx_word' id='word_1_565' title='bbox 2597 5198 2690 5251; x_wconf 91' lang='grc' dir='ltr'><strong>τοῦ</strong></span> <span class='ocrx_word' id='word_1_566' title='bbox 2712 5197 2906 5268; x_wconf 85' lang='grc' dir='ltr'>ἐχθροῦ</span> <span class='ocrx_word' id='word_1_567' title='bbox 2941 5198 3199 5270; x_wconf 80' lang='grc' dir='ltr'>δυνάμεις</span> <span class='ocrx_word' id='word_1_568' title='bbox 3232 5199 3326 5271; x_wconf 87' lang='lat'><strong>(6).</strong></span> 
     </span>
    </p>
   </div>
   <div class='ocr_carea' id='block_1_99' title="bbox 1401 5324 2747 5399">
    <p class='ocr_par' dir='ltr' id='par_1_99' title="bbox 1401 5324 2747 5399">
     <span class='ocr_line' id='line_1_100' title="bbox 1401 5324 2747 5399; baseline 0.008 -11"><span class='ocrx_word' id='word_1_569' title='bbox 1401 5324 1707 5389; x_wconf 83' lang='lat' dir='ltr'><strong>Addenda</strong></span> <span class='ocrx_word' id='word_1_570' title='bbox 1740 5330 1799 5387; x_wconf 85' lang='lat' dir='ltr'><strong>et</strong></span> <span class='ocrx_word' id='word_1_571' title='bbox 1855 5328 2231 5395; x_wconf 65' lang='lat' dir='ltr'><strong>corriaenda</strong></span> <span class='ocrx_word' id='word_1_572' title='bbox 2260 5353 2339 5395; x_wconf 80' lang='lat' dir='ltr'><strong>ex</strong></span> <span class='ocrx_word' id='word_1_573' title='bbox 2374 5336 2515 5399; x_wconf 90' lang='lat' dir='ltr'><strong>cod.</strong></span> <span class='ocrx_word' id='word_1_574' title='bbox 2550 5335 2747 5399; x_wconf 82' lang='lat' dir='ltr'><strong>Vatic.</strong></span> 
     </span>
    </p>
   </div>
   <div class='ocr_carea' id='block_1_100' title="bbox 517 5440 2527 5578">
    <p class='ocr_par' dir='ltr' id='par_1_100' title="bbox 517 5440 2527 5578">
     <span class='ocr_line' id='line_1_101' title="bbox 517 5440 2527 5578; baseline 0.007 -87"><span class='ocrx_word' id='word_1_575' title='bbox 517 5441 593 5578; x_wconf 81' lang='lat'><strong>(1)</strong></span> <span class='ocrx_word' id='word_1_576' title='bbox 625 5440 734 5493; x_wconf 70' lang='grc' dir='ltr'><strong>Καὶ</strong></span> <span class='ocrx_word' id='word_1_577' title='bbox 764 5440 1107 5521; x_wconf 77' lang='grc' dir='ltr'>διελύθησαν.</span> <span class='ocrx_word' id='word_1_578' title='bbox 2313 5453 2527 5517; x_wconf 86' lang='grc' dir='ltr'>Ὅλους.</span> 
     </span>
     <span class='ocr_line' id='line_1_102' title="bbox 540 5511 2527 5578; baseline 0.007 -16"><span class='ocrx_word' id='word_1_579' title='bbox 540 5512 595 5572; x_wconf 71' lang='lat'><strong>2)</strong></span> <span class='ocrx_word' id='word_1_580' title='bbox 628 5511 941 5567; x_wconf 70' lang='lat' dir='ltr'><strong>Versnculus</strong></span> <span class='ocrx_word' id='word_1_581' title='bbox 974 5516 1006 5568; x_wconf 93' lang='lat'>8</span> <span class='ocrx_word' id='word_1_582' title='bbox 1030 5514 1184 5572; x_wconf 78' lang='lat' dir='ltr'><strong>deest</strong></span> <span class='ocrx_word' id='word_1_583' title='bbox 1212 5514 1266 5570; x_wconf 87' lang='lat' dir='ltr'><strong>in</strong></span> <span class='ocrx_word' id='word_1_584' title='bbox 1299 5513 1418 5571; x_wconf 87' lang='lat' dir='ltr'><strong>cod.</strong></span> <span class='ocrx_word' id='word_1_585' title='bbox 2206 5524 2281 5578; x_wconf 83' lang='lat'><strong>(6)</strong></span> <span class='ocrx_word' id='word_1_586' title='bbox 2312 5523 2376 5577; x_wconf 87' lang='lat' dir='ltr'><strong>N.</strong></span> <span class='ocrx_word' id='word_1_587' title='bbox 2398 5524 2527 5576; x_wconf 74' lang='lat'><strong>18.1</strong></span> 
     </span>
    </p>
   </div>
   <div class='ocr_carea' id='block_1_101' title="bbox 540 5511 3687 5596">
    <p class='ocr_par' dir='ltr' id='par_1_101' title="bbox 540 5511 3687 5596">
     <span class='ocr_line' id='line_1_103' title="bbox 540 5511 3687 5596; baseline 0.005 -31"><span class='ocrx_word' id='word_1_588' title='bbox 628 5511 941 5596; x_wconf 39' lang='lat' dir='ltr'><strong>Y’er’si‘culus</strong></span> <span class='ocrx_word' id='word_1_589' title='bbox 971 5511 1006 5568; x_wconf 82' lang='grc'><strong><em>8</em></strong></span> <span class='ocrx_word' id='word_1_590' title='bbox 1030 5514 1184 5572; x_wconf 79' lang='lat' dir='ltr'><strong>deest</strong></span> <span class='ocrx_word' id='word_1_591' title='bbox 1212 5514 1266 5570; x_wconf 86' lang='lat' dir='ltr'><strong>in</strong></span> <span class='ocrx_word' id='word_1_592' title='bbox 1299 5513 1418 5571; x_wconf 86' lang='lat' dir='ltr'><strong>cod.</strong></span> <span class='ocrx_word' id='word_1_593' title='bbox 2135 5511 2281 5596; x_wconf 31' lang='lat'><strong>#(6)</strong></span> <span class='ocrx_word' id='word_1_594' title='bbox 2398 5511 2620 5596; x_wconf 68' lang='grc' dir='ltr'><strong>18.’Τῂν</strong></span> <span class='ocrx_word' id='word_1_595' title='bbox 2649 5524 2939 5596; x_wconf 82' lang='grc' dir='ltr'>ἁμαρτίαν,</span> <span class='ocrx_word' id='word_1_596' title='bbox 2972 5523 3064 5579; x_wconf 74' lang='grc' dir='ltr'>καὶ</span> <span class='ocrx_word' id='word_1_597' title='bbox 3087 5524 3177 5579; x_wconf 84' lang='grc' dir='ltr'><strong>τὸν</strong></span> <span class='ocrx_word' id='word_1_598' title='bbox 3225 5525 3472 5581; x_wconf 71' lang='grc' dir='ltr'>θάνατον.</span> <span class='ocrx_word' id='word_1_599' title='bbox 3504 5521 3569 5579; x_wconf 83' lang='grc' dir='ltr'><strong>Ν.</strong></span> <span class='ocrx_word' id='word_1_600' title='bbox 3605 5524 3687 5580; x_wconf 72' lang='grc' dir='ltr'><strong>Ιθρ</strong></span> 
     </span>
    </p>
   </div>
   <div class='ocr_carea' id='block_1_102' title="bbox 522 5580 2053 5665">
    <p class='ocr_par' dir='ltr' id='par_1_102' title="bbox 522 5580 1429 5665">
     <span class='ocr_line' id='line_1_104' title="bbox 522 5580 1429 5665; baseline 0.006 0"><span class='ocrx_word' id='word_1_601' title='bbox 522 5580 599 5665; x_wconf 60' lang='grc' dir='ltr'>ε)</span> <span class='ocrx_word' id='word_1_602' title='bbox 628 5581 932 5665; x_wconf 52' lang='lat' dir='ltr'><strong>sanest-</strong></span> <span class='ocrx_word' id='word_1_603' title='bbox 1425 5606 1429 5611; x_wconf 55' lang='grc' dir='ltr'><strong><em>ο</em></strong></span> 
     </span>
    </p>
   </div>
   <div class='ocr_carea' id='block_1_103' title="bbox 1206 5580 2737 5665">
    <p class='ocr_par' dir='ltr' id='par_1_103' title="bbox 1425 5580 2737 5665">
     <span class='ocr_line' id='line_1_105' title="bbox 1425 5580 2737 5665; baseline 0.01 -27"><span class='ocrx_word' id='word_1_604' title='bbox 1425 5606 1429 5611; x_wconf 63' lang='grc'><em>’</em></span> <span class='ocrx_word' id='word_1_605' title='bbox 2134 5580 2243 5657; x_wconf 65' lang='grc' dir='ltr'><strong>Τὰς</strong></span> <span class='ocrx_word' id='word_1_606' title='bbox 2265 5580 2362 5647; x_wconf 78' lang='grc' dir='ltr'>’τοῦ</span> <span class='ocrx_word' id='word_1_607' title='bbox 2396 5580 2612 5665; x_wconf 78' lang='grc' dir='ltr'>ἐχθροῦ,</span> <span class='ocrx_word' id='word_1_608' title='bbox 2635 5580 2737 5651; x_wconf 63' lang='lat' dir='ltr'><strong>ett&#39;.</strong></span> 
     </span>
    </p>
   </div>
   <div class='ocr_carea' id='block_1_104' title="bbox 520 5650 943 5723">
    <p class='ocr_par' dir='ltr' id='par_1_104' title="bbox 520 5650 943 5723">
     <span class='ocr_line' id='line_1_106' title="bbox 520 5650 943 5723; baseline 0.007 -21"><span class='ocrx_word' id='word_1_609' title='bbox 520 5650 595 5721; x_wconf 78' lang='grc'><strong>(4)</strong></span> <span class='ocrx_word' id='word_1_610' title='bbox 637 5651 695 5703; x_wconf 87' lang='lat'><strong>&#39;0</strong></span> <span class='ocrx_word' id='word_1_611' title='bbox 720 5650 943 5723; x_wconf 82' lang='grc' dir='ltr'>Κύριος.</span> 
     </span>
    </p>
   </div>
  </div>
