3876 6220
78 362 191 418 85⁸5
1000 347 1090 402 DE
1118 341 1393 400 TITULiS
1425 332 1877 394 PSALMORUM.
1908 327 2201 385 —‘PSAL.
2238 324 2420 382 XLVI.
3258 317 3369 373 831,

150 477 249 531 20.
285 475 593 546 Σχολάσατε
622 471 717 526 καὶ
757 467 951 538 γνῶτε,
986 466 1065 519 ὅτι
1092 462 1202 530 ἐγώ
1231 463 1346 531 εἰμι
1385 460 1413 510 ὁ
1435 456 1586 519 Θεός.

1848 452 1940 506 20.
1969 450 2168 504 V'acate
2190 456 2242 502 et
2273 443 2588 515 cognoscite
2608 441 2868 511 quoniam
2903 453 3005 509 ego
3041 450 3160 492 sum
3188 434 3356 491 Deus.

153 569 252 622 ει.
295 531 683 638 ’ὖψωθήσομαι
716 531 911 623 ἐντοῖς
946 558 1178 621 ἔθνεσιν,
1219 552 1583 623 ὑψωθήσομαι
1620 548 1677 599 ἐν

1851 544 1942 597 21.
1968 541 2260 596 Exaltabor
2282 540 2336 592 in
2370 537 2644 608 gentibus,
2671 533 2952 589 exaltabor
2975 531 3029 585 in
3052 539 3218 585 terra.

86 680 154 713 ττῖ
188 680 288 713 γτι.

129 664 496 817 ,Κύριος
529 740 636 795 τῶν
662 738 947 809 δυνάμεων
985 736 1101 807 μεθ’
1130 730 1286 805 ἡμῶν
1306 750 1320 762 '

1851 723 1937 776 22.
1974 719 2236 774 Dominus
2259 718 2516 772 virtutum
2538 713 2824 768 nobiseum
2851 730 2863 765 :

158 801 254 896 53;
296 801 670 908 Ἀντιληπτωρ
700 801 861 903 ἡμῶν
891 830 921 881 ὁ
943 801 1075 891 θεὸς
1124 801 1340 880 ἰάκώε.

1852 811 1940 865 25.
1980 808 2273 877 Susceptor
2300 816 2483 862 noster
2512 804 2656 858 Deus
2683 801 2874 857 Jacob.

93 958 198 1021 Εἰς
229 953 297 1007 τὸ
333 906 531 1016 τέλος,
573 944 726 1015 ὑπὲρ
766 942 885 997 τῶν
931 941 1078 995 υἱῶν
1118 938 1287 1007 Κορέ.
1327 938 1499 991 ΨΑΛ.
1529 938 1624 1002 ΜΕ,

1654 934 1679 989 ’,
1961 922 2028 976 In
2052 923 2231 991 ﬁnem,
2289 935 2383 988 pro
2408 918 2535 988 filiis
2560 914 2712 971 Core.
2733 911 2944 968 'PSAL.
2978 908 3074 964 XL
3092 906 3185 964 VI.

164 1068 216 1119 1.
248 1065 437 1118 Πάντα
459 1059 529 1113 τὰ
558 1058 708 1128 ἔθνη,
740 1054 1045 1125 κροτήσατε
1067 1053 1257 1122 χεῖρας
1279 1066 1293 1081 ο

1858 1030 1908 1083 1.
1941 1028 2141 1082 Omnes
2172 1036 2382 1098 gentes,
2415 1025 2659 1096 plaudite
2688 1023 2975 1090 manibus;

250 1116 598 1217 ἶἐλλαλάίξατε
617 1116 705 1221 τά)⁷
876 1116 933 1200 ἐν
956 1116 1107 1215 φωνῇ
1139 1116 1536 1212 ἀγαλλιάσεως·

1469 1156 1536 1203 ,g.
1853 1122 1908 1174 2.
1947 1120 2183 1176 Jubilate
2217 1120 2326 1173 Deo
2351 1119 2402 1172 in
2436 1133 2569 1173 voce
2598 1116 3000 1181 exsultationis,

256 1208 382 1301 ’ότι
403 1208 612 1316 Κύ-ριος
639 1208 884 1311 ύὶῙνιστός,
913 1208 1165 1309 φοϐερδς,
1188 1208 1198 1212 ⁷

1856 1215 1908 1269 5.
1939 1214 2208 1280 Quoniam
2241 1211 2508 1265 Dominus
2538 1210 2807 1275 excelsus,
2840 1208 3119 1273 terribilis,

169 1341 224 1395 4.
250 1306 519 1400 Βασιλεὺς
550 1306 722 1405 μέγας
748 1332 839 1384 ἐπὶ
865 1306 1062 1383 πάσαν*
1078 1327 1176 1397 τὴν
1197 1325 1325 1395 γῆν.

1855 1309 1909 1362 4.
1943 1306 2057 1359 Rex
2090 1320 2322 1375 magnus
2346 1318 2512 1373 super
2539 1316 2755 1356 omnem
2788 1310 3011 1354 terram.

172 1387 225 1484 ἐξ
253 1387 721 1491 Ῑξᾶτὲξᾷἐέλαὸὺξ
752 1423 912 1493 ἡμῖν,
940 1418 1036 1473 καὶ
1070 1387 1333 1487 ιθνη’ὑῖτεδ
1365 1413 1491 1477 τοὺς
1516 1410 1682 1474 πόδας

1837 1402 1908 1455 -5.
1930 1397 2184 1469 Δδιιιῇοοὶι
2213 1397 2445 1467 populos
2490 1395 2673 1460 nobis,
2700 1403 2754 1448 et
2783 1401 2970 1463 gentes
3002 1389 3106 1445 sub
3135 1387 3368 1459 pedibus

104 1520 285 1592 ἡμῶν.

1787 1494 2012 1549 nostris.

174 1612 227 1665 6.
278 1606 591 1675 Ἑξελέξατο
624 1606 755 1676 ἡμῖν
782 1602 882 1668 τὴν
913 1598 1278 1671 κληρονομίαν
1309 1592 1508 1664 ἐαυτῷ,

1333 1592 1508 1664 αυτῷ,
1858 1584 1911 1637 6.
1942 1582 2115 1651 Elegit
2146 1581 2307 1636 nobis
2340 1580 2712 1635 haereditatem
2739 1576 2864 1643 sibi,

174 1703 229 1755 7.
258 1671 367 1772 Τὴν
399 1671 678 1767 καλλονὴῖ
698 1691 913 1757 Ἰακὼϐ,
949 1693 1016 1761 ἢν
1044 1690 1353 1760 ἠγάπησεν.

1320 1704 1353 1744 ι.
1859 1677 1913 1731 7.
1944 1674 2191 1746 Speciem
2220 1672 2412 1739 Jacob,
2441 1688 2608 1742 quam
2640 1671 2851 1726 dilexit.

670 1804 985 1873 Διάψαλμα
1010 1804 1111 1873 (a).
1713 1798 1761 1858 B

1713 1798 1761 1858 B
2410 1784 2750 1855 Diapsalma.

178 1902 230 1957 8.
278 1900 474 1971 Ἀνέϐη
506 1901 534 1953 ὁ
556 1898 689 1961 Θεὸς
717 1899 773 1950 ὲν
807 1892 1107 1964 ἀλαλαγμῷ
1135 1910 1148 1925 ·

1864 1879 1918 1934 8.
1952 1878 2211 1935 Ascendit
2242 1876 2386 1933 Deus
2416 1878 2471 1931 in
2498 1877 2710 1945 iubilo:

178 1995 232 2049 9.
263 1969 471 2063 Κύριος
495 1991 554 2043 ἐν
594 1990 744 2059 φωνῇ
777 1987 1101 2054 σάλπιγγος.

1863 1973 1915 2027 9.
1954 1971 2212 2026 Dominus
2245 1972 2299 2024 in
2327 1985 2461 2025 voce
2494 1969 2654 2023 tubze.

181 2084 267 2137 10.
301 2055 525 2135 1έάλατε
552 2055 632 2151 τῶ
817 2076 997 2149 ἡμῶν,
1018 2074 1224 2143 ψάλατε
1243 2072 1272 2103 θ’

1868 2061 1950 2115 10.
1984 2061 2200 2116 Psallite
2229 2059 2339 2114 Deo
2368 2071 2578 2122 nostro,
2607 2055 2818 2127 psallite
2846 2073 2857 2107 :

184 2176 269 2231 11.
292 2175 517 2228 Ψάλατε
551 2148 628 2241 τῷ
659 2169 865 2240 βασιλεῖ
894 2168 1071 2240 ἡμῶν,
1093 2165 1327 2235 ψάλατεο

1866 2158 1954 2207 11.
1991 2152 2217 2207 Psallite
2252 2151 2366 2221 regi
2407 2160 2615 2215 nostro,
2644 2148 2879 2218 psallite.

185 2267 271 2320 12.
307 2267 428 2319 Ὅτι
451 2238 701 2335 βασιλεύς
730 2238 923 2331 πάσης
942 2238 1049 2331 τῆς
1087 2258 1192 2327 γῆς
1223 2257 1252 2309 ὁ
1285 2254 1439 2317 θεός·

1438 2272 1439 2279 η
1869 2244 1954 2299 12.
1985 2244 2250 2311 Quoniam
2288 2260 2377 2297 rex
2411 2242 2590 2296 omnis
2622 2250 2778 2295 terra:
2809 2238 2969 2302 Deus,

184 2360 269 2412 1'5.
293 2357 520 2411 Ψάλατε
550 2352 809 2416 συνετῶς.

1870 2339 1954 2392 15.
1984 2336 2204 2393 Psallite
2234 2335 2528 2404 sapienter.

184 2498 276 2565 lq\
291 2497 363 2559 ita
402 2495 524 2550 eod.
560 2490 733 2547 Vatic.

1244 2564 1621 2627 ATHANASII
1656 2556 2252 2618 INTERPRETATIO.

185 2681 257 2738 ἐκ]
307 2678 599 2736 Παύσασθε
633 2677 741 2730 ἀπὸ
773 2674 873 2745 τῆς
907 2671 1205 2744 ἁμαρτίας.

1031 2671 1205 2744 ρτίας.
1871 2658 1961 2712 20.
1989 2656 2212 2712 Cessate
2236 2670 2266 2709 a
2299 2653 2558 2724 peccatis.

188 2723 277 2828 2i.
305 2771 714 2841 Δοξασθήσομαι
743 2769 801 2821 ἐν
831 2723 1306 2829 ⁸ἐξοίιςϊέθνεσιξ-καὶ
1354 2759 1413 2811 ἐν
1461 2755 1540 2827 τῷ
1579 2752 1696 2825 λαῷ

1868 2750 1959 2804 21.
1996 2723 2354 2802 Gloriiieabor
2383 2746 2435 2798 in
2464 2742 2735 2814 gentibus,
2767 2750 2823 2797 et
2852 2740 2906 2795 in
2939 2741 3140 2812 populo
3162 2723 3374 2794 Judaeo-

119 2868 227 2920 τῶν
267 2838 545 2917 Ἰουδαίων
562 2838 673 2914 τῶν
703 2858 1069 2913 πιστευόντων
1103 2856 1184 2918 είς
1215 2851 1335 2922 ἐμέ.

979 2873 1069 2909 των
1103 2856 1184 2918 είς
1215 2851 1335 2922 ἐμέ.
1802 2859 1925 2897 rum
1956 2842 2011 2895 in
2040 2855 2126 2895 me
2151 2838 2510 2894 credentium.

189 2957 278 3011 ‘22.
321 2957 380 3009 '0
403 2953 755 3023 ἐξουσιαστὴς
788 2948 980 3004 πασῶν
1011 2947 1118 3002 τῶν
1159 2940 1496 3014 ἐπουρανίων
1532 2937 1690 2991 δυνά-

1876 2934 1970 2987 22.
2003 2932 2322 2986 Dominator
2353 2930 2599 2986 omnium
2634 2924 3105 2997 supercmlestium
3139 2934 3377 2995 potesta-

123 3067 269 3121 μεων
301 3045 421 3119 μεθ’
447 3044 604 3117 ἡμῶν
634 3019 728 3097 ἐπί.
756 3042 854 3111 τῆς
884 3041 984 3111 γῆς
1015 3032 1451 3108 ἀναστρέφεσθαι
1487 3029 1649 3101 μέλλε

1328 3032 1451 3086 σθαι
1487 3029 1692 3101 μέλλει.
1725 3082 1767 3121 ρ
1801 3035 1914 3081 tum
1946 3025 2231 3079 nobiscum
2268 3023 2321 3076 in
2350 3030 2496 3076 terra
2522 3019 2852 3076 versabitur.

190 3141 277 3193 25.
301 3082 689 3208 ιζιιίὶντιλΐλπτωρ
714 3082 871 3206 ήμίῗν
892 3082 1151 3201 ύπὶρχων
1168 3082 1371 3191 (δι-Θεὸς,
1399 3125 1426 3176 ὁ
1447 3082 1516 3175 τά
1539 3120 1698 3190 ἐσχα-

1872 3115 1963 3169 25.
1990 3112 2282 3182 Susceptor
2304 3119 2488 3167 noster
2510 3110 2783 3164 exsistens
2805 3107 2970 3172 Deus,
2994 3105 3088 3177 qui
3110 3113 3379 3176 postrema

122 3246 189 3283 τα
211 3227 303 3282 τοῦ
341 3227 547 3296 κόσμου
599 3219 922 3292 συναγαγὼν
973 3220 1111 3290 πρὸς
1146 3214 1336 3269 ἑαυτὸν
1390 3210 1653 3270 παντελῶς

1847 3202 1992 3255 ιυηόὶ
2024 3201 2090 3255 ad
2136 3216 2193 3255 se
2235 3201 2411 3269 ipsum
2457 3207 2768 3269 congregat.
2803 3195 2970 3251 Jacab
3016 3196 3163 3251 enim
3211 3195 3378 3249 inter-

134 3319 341 3375 Ἰακὼϐ
365 3318 472 3388 γὰρ
498 3314 857 3387 ἑρμηνεύεται
888 3309 1120 3381 κρατῶν
1144 3308 1397 3376 ἔσχατα.

1034 3309 1120 3364 κῶν
1144 3308 1397 3376 ἔσχατα.
1803 3302 2046 3364 pretatur
2077 3301 2339 3361 postrema
2369 3300 2565 3345 tenens.

206 3433 272 3485 Ἦ
302 3428 637 3502 προκειμένη
666 3424 945 3496 ἐπιγραφὴ
976 3422 1220 3495 περιέχει
1250 3420 1325 3490 (1)
1347 3436 1359 3449 ·
1392 3418 1495 3482 Εὶς
1528 3413 1595 3467 τὸ
1626 3410 1822 3502 τέλος,
1852 3406 2005 3476 ὑπὲρ
2041 3404 2160 3459 τῶν
2185 3404 2333 3459 υἱῶν
2376 3404 2532 3473 Κορὲ
2562 3405 2805 3473 ψαλμός
2824 3421 2837 3435 ·
2869 3404 3171 3468 τουτέστιν,
3208 3402 3288 3465 είς
3325 3400 3383 3454 τὸ

124 3522 275 3584 τέλος
298 3494 407 3575 τῶν
441 3494 650 3590 καιρῶν
680 3494 819 3587 ὑπὲρ
842 3494 951 3568 τῶν
982 3494 1113 3566 υἱῶν
1143 3511 1242 3582 τῆς
1275 3505 1585 3573 ἀντιλογίας
1610 3501 1717 3555 τῶν
1743 3497 2180 3568 ἐπιστρεφόντων
2219 3494 2295 3566 (‘2)
2319 3495 2347 3547 ὁ
2367 3495 2579 3566 ψαλμὸς
2602 3494 2837 3566 εἴρηται.

197 3637 414 3693 Titulus
440 3634 739 3701 inscriptus
767 3628 1041 3686 continet:
1068 3624 1136 3680 In
1160 3626 1343 3695 ﬁnem,
1369 3639 1462 3692 pro
1488 3620 1616 3690 ﬁliis
1660 3615 1793 3671 Core
1824 3612 2083 3684 psalmus.
2115 3610 2231 3666 Hoc
2260 3618 2345 3665 est
2375 3611 2430 3663 in
2465 3610 2570 3665 (ine
2599 3619 2905 3680 temporum
2957 3625 3058 3680 pro
3086 3610 3211 3665 ﬁliis
3260 3623 3383 3664 cou-

125 3727 470 3785 tradietionis
500 3741 558 3782 se
588 3721 1034 3779 convertentibus
1060 3719 1306 3789 psalmus
1338 3717 1521 3771 dictus
1550 3717 1653 3766 est.

200 3826 250 3879 1.
300 3817 653 3890 Ἀγαλλιᾶσθε
676 3819 799 3880 ταῖς
820 3814 1088 3887 καρδίαις.

1007 3831 1088 3878 ιις.
1879 3801 1927 3853 1.
1955 3796 2223 3853 Cordibus
2251 3794 2538 3849 exsultate.

197 3916 254 3969 2.
291 3912 563 3978 Δοξάσατε
601 3908 784 3963 αὐτόν.

898 3886 907 3887 ί
1872 3890 1928 3945 2.
1955 3886 2262 3942 Glorilicate
2284 3900 2428 3939 eum.

200 4004 254 4058 5.
288 3970 402 4055 Ούκ
469 4000 547 4054 ἐτι
614 4002 669 4053 αἱ
716 3997 957 4066 ἐπίγειαι
1020 3994 1278 4065 δυνάμεις
1332 3987 1707 4063 βασιλεύουσιν

1876 3981 1928 4033 5.
1957 3977 2077 4032 Non
2115 3976 2350 4046 amplius
2400 3984 2631 4028 terrenae
2676 3979 2973 4043 potestates
3016 3970 3176 4027 nobis
3209 3971 3380 4027 domi-

129 4096 314 4168 ἡμῶν.

1805 4081 2024 4126 nantur.

195 4188 250 4242 4.
294 4183 456 4238 Ἀλλὰ
484 4180 759 4254 βασιλεύει
798 4179 980 4249 πάσης
1023 4176 1121 4248 τῆς
1170 4174 1269 4245 γῆς
1307 4174 1336 4226 ὁ
1374 4170 1635 4241 Ὕψιστος
1678 4170 1707 4221 ὁ

1881 4162 1935 4214 4.
1963 4159 2067 4214 Sed
2111 4157 2359 4214 excelsus
2399 4168 2449 4212 et
2490 4155 2745 4211 terribilis
2797 4163 2989 4227 regnat
3028 4154 3083 4209 in
3130 4153 3378 4209 universa

129 4278 385 4350 φοϐερός.

1812 4261 1979 4307 terra.

200 4369 256 4423 5.
272 4340 526 4421 ’Ἔδωκεν
548 4366 683 4438 ἡμῖν
705 4362 956 4429 ἐξουσίαν
980 4360 1171 4414 πατεῖν
1198 4356 1381 4411 ἐπάνω
1408 4354 1584 4423 ὄφεων
1612 4351 1706 4405 καὶ

1884 4345 1938 4398 5.
1974 4343 2302 4397 Potestatem
2354 4340 2509 4395 nobis
2538 4340 2685 4395 dedit
2718 4340 3030 4394 ambulandi
3066 4355 3230 4407 super
3270 4356 3377 4394 ser-

134 4458 434 4534 σκορπίων,
465 4433 683 4512 καὶ-ἐπὶ
728 4457 908 4509 πᾶσαν
932 4453 1031 4523 τὴν
1068 4450 1296 4520 δύναμιν
1326 4444 1419 4498 τοῦ
1458 4440 1665 4513 ἐχθροῦ.

1847 4444 2002 4489 entes
2034 4443 2089 4489 et
2131 4433 2471 4502 scorpiones,
2512 4441 2565 4486 et
2596 4447 2758 4502 super
2807 4447 3022 4485 omnem
3065 4438 3378 4501 potestatem

1813 4526 2022 4580 inimici
2052 4526 2117 4581 ⁶⁶.

204 4640 264 4697 ϐ.
288 4640 429 4704 Τοὺς
463 4637 652 4708 ἁγίους
674 4634 1005 4695 ἀποστόλους
1034 4628 1333 4694 ἐξελέξατο.

1180 4628 1333 4694 ξατο.
1886 4619 1939 4674 6.
1973 4617 2143 4688 Elegit
2171 4629 2388 4673 sanctos
2414 4616 2711 4687 apostolos,

201 4733 260 4787 7.
302 4731 416 4785 Καὶ
442 4706 536 4794 οὒς
568 4729 855 4799 ἠγάπησεν
887 4727 951 4778 ἐκ
976 4721 1070 4775 τοῦ
1098 4719 1227 4774 λαοῦ
1273 4713 1540 4769 Ἰουδαίων
1575 4712 1671 4782 (5).

1575 4712 1671 4782 (5).
1886 4711 1936 4764 7.
1968 4710 2035 4765 Et
2056 4726 2197 4780 quos
2226 4709 2414 4764 dilexit
2444 4709 2510 4763 de
2536 4711 2737 4777 populo
2769 4706 3103 4760 Judaeorum.

205 4825 263 4881 8.
297 4823 407 4894 Τὴν
434 4821 699 4893 ἀνάληψιν
725 4819 874 4888 λέγει
903 4813 998 4869 τοῦ
1032 4813 1166 4867 Θεοῦ
1196 4811 1395 4879 Λόγου.

1888 4804 1942 4856 8.
1977 4803 2418 4872 Assumptionem
2452 4800 2723 4871 signiﬁcat
2756 4800 2845 4853 Dei
2872 4799 3054 4853 Verbi.

202 4918 263 4972 9.
295 4892 660 4984 Δοξαξόμενος
687 4910 791 4964 ὑπὸ
821 4908 927 4962 τῶν
949 4907 1118 4976 ἁγίων
1147 4904 1455 4974 δυνάμεων.

1425 4918 1455 4957 ι,
1887 4895 1939 4947 9.
1975 4893 2320 4949 Glorilicatus
2348 4908 2377 4944 a
2404 4892 2607 4946 sanctis
2638 4892 2956 4949 virtutibus.

210 5005 299 5058 10.
335 5003 447 5056 Kal.
474 5004 635 5073 ἡμεῖς
660 4999 753 5052 ἐπὶ
784 4998 887 5069 γῆς
911 4996 1207 5065 δοξάσομεν
1238 4991 1428 5046 αὐτόν.

1896 4987 1981 5042 10.
2006 4985 2072 5040 Et
2096 5002 2197 5041 nos
2222 4986 2647 5056 gloriﬁcabimus
2676 5000 2799 5039 eum
2830 4986 2881 5038 in
2911 4994 3072 5040 terra.

210 5096 297 5150 11.
333 5093 425 5165 Τῷ
458 5092 565 5164 πρὸ
595 5090 827 5146 αἰώνων.

1891 5080 1913 5132 1
1932 5082 1947 5130 l
1965 5120 1978 5133 .
2011 5079 2142 5149 Regi
2167 5087 2293 5133 ante
2322 5079 2540 5133 saecula.

206 5186 300 5240 12.
338 5187 396 5237 '0
437 5180 687 5252 βασιλεύς
716 5180 863 5232 ἐστιν
887 5177 967 5246 (4)
997 5176 1080 5245 ἐφ’
1113 5175 1284 5247 ἡμᾶς.

1052 5176 1080 5227 ›’
1113 5175 1284 5247 ἡμᾶς.
1898 5171 1985 5224 12.
2021 5169 2137 5223 Rex
2163 5180 2248 5224 est
2275 5186 2440 5240 super
2463 5186 2583 5225 nos.

210 5276 303 5329 15.
335 5270 607 5337 Δοξάσατε
626 5268 786 5324 αὑτὸν
812 5270 870 5321 ἐν
892 5264 1143 5337 ἀληθείᾳ.

1899 5263 1983 5315 15.
2018 5263 2328 5318 Glorilicate
2357 5278 2482 5318 eum
2517 5265 2569 5316 in
2597 5262 2843 5318 veritate.

209 5386 260 5420 ⁸⁸
289 5384 423 5440 Luc.
451 5399 509 5451 ι,
549 5382 633 5438 19.

1095 5491 1402 5555 Addenda
1425 5494 1487 5552 et
1516 5488 1895 5569 corrigenda
1926 5508 2005 5552 ex
2054 5493 2195 5553 eod.
2234 5491 2439 5553 Vatic.

212 5599 293 5690 £12
331 5596 1213 5690 fit_§¥?_?ils-*:u9§érés>5.est;
1592 5662 1707 5690 .
1896 5596 1972 5690 εἷ’)
1996 5595 2065 5690 l3;
2104 5596 2172 5690 7-.
2205 5596 2300 5690 Ἐξ
2334 5593 2591 5683 τοδτλαοδ
2621 5593 2731 5648 τῶν
2775 5590 3064 5646 Ἰουδαίων·

171 5662 299 5751 ⁹(ἓξ
331 5662 681 5751 Ἀντιλογίας,
699 5668 842 5751 λέγω
860 5662 924 5739 δὴ
952 5668 1089 5739 ὑπὲρ
1109 5662 1213 5721 τῶν
1243 5663 1411 5719 ἐθνῶν
1431 5662 1539 5718 τῶν
1573 5662 1707 5717 υἱῶν
1999 5668 2118 5721 ’Ότι
2147 5666 2395 5737 βασιλεὺς
2418 5662 2472 5739 ᾗ,
2498 5676 2602 5722 etc.

138 5724 245 5809 τῆξ
275 5724 568 5808 ἆμαρτίαςζ
601 5724 708 5795 τῶν
733 5724 946 5803 ἐπιστρ.
1060 5724 1069 5739 ’
1901 5724 1914 5738 κ
1952 5724 1963 5737 ι
2147 5724 2157 5737 -
2376 5724 2391 5731 τ
2423 5724 2432 5739 .
