3876 6220
438 282 549 341 835
1248 285 1305 341 S.
1348 282 1723 339 ATHA‘NASII
1763 282 1915 338 OPP.
1947 279 2127 336 PARS
2168 279 2262 336 Ill.
2299 309 2369 320 —
2409 279 2824 335 EXEGETICA.
3656 286 3757 337 836

511 403 599 457 11.
630 402 898 473 Regnavit
931 402 1073 458 Deus
1097 418 1260 472 super
1286 412 1511 473 gentes;

2054 408 2100 461 Α
2204 397 2289 451 14.
2338 396 2717 449 Ἐϐασίλευσεν
2751 400 2778 450 ὁ
2812 396 2944 460 Θεὸς
2976 397 3069 450 ἐπὶ
3090 397 3159 452 τὰ
3192 399 3343 471 ἔθνηι

514 494 600 548 15.
640 494 781 549 Deus
813 496 967 549 sedet
994 509 1165 563 super
1196 496 1377 550 sedem
1408 503 1651 548 sanetam
1678 508 1860 546 suam.

2204 488 2285 540 15.
2324 486 2379 539 '0
2412 486 2543 549 Θεὸς
2570 487 2803 557 κάθηται
2830 489 2920 540 ἐπὶ
2946 488 3134 558 θρόνου
3159 490 3315 558 ἁγίου
3346 491 3561 544 αὐτοῦ.

510 585 595 638 16.
624 584 901 656 Principes
926 589 1251 658 p0pulorum
1278 587 1587 658 congregati
1617 596 1744 641 sunt
1774 600 1896 639 cum
1916 583 2024 637 Deo

2235 578 2285 630 6.
2321 580 2614 648 ’Ἄρχοντες
2664 577 2808 631 λαῶν
2858 579 3204 649 συνήχθησαν
3259 582 3397 651 μετὰ
3458 582 3576 635 τοῦ
3614 579 3755 635 Θεοῦ

443 678 722 729 Abraham
752 696 765 730 :

2141 668 2231 720 ’A6
2242 669 2344 739 ραὰ
2352 687 2389 738 μ
2411 687 2423 698 ·

513 769 600 822 17.
631 770 898 836 Quoniam
930 772 1022 827 Dei
1060 774 1231 829 fortes
1258 781 1416 827 terra:
1446 771 1793 825 vehementer
1831 765 2021 822 clevati

2237 762 2287 813 7.
2315 761 2436 814 ’Ότι
2456 760 2548 814 τοῦ
2566 760 2699 814 Θεοῦ
2724 762 2774 814 οί
2800 762 3054 833 κραταιοὶ
3075 762 3173 832 τῆς
3194 764 3298 833 γῆς
3320 764 3544 835 σφόδρα
3568 764 3758 836 ἐπήρ-

441 871 588 918 sunt.
1178 898 1183 901 >

1178 898 1183 901 .
2129 853 2324 923 θησαν.

578 972 826 1028 Psalmus
850 973 1043 1024 cantici
1065 970 1191 1038 ﬁliis
1210 968 1361 1033 Core,
1392 968 1621 1021 secunda
1653 967 1896 1025 Sabbuti.

2225 965 2375 1034 ..ἶμὸς
2402 966 2561 1034 ᾠδῆς
2586 966 2711 1031 τοῖς
2734 966 2886 1034 υἱοῖς
2914 969 3088 1035 Κορὲ,
3109 970 3358 1039 δευτέρᾳ
3385 971 3756 1027 Σαϐϐάτου.

1008 1058 1208 1113 PSAL.
1246 1057 1491 1111 XLVII.

2736 1062 2912 1115 ΨΑΛ.
2953 1064 3088 1115 MZ’.

514 1158 560 1209 1.
588 1155 813 1224 Magnus
836 1153 1118 1217 Dominus,
1142 1162 1196 1205 et
1226 1150 1514 1203 laudabilis
1538 1148 1722 1214 nimis,

2197 1146 2246 1197 1.
2289 1146 2476 1212 Μέγας
2508 1145 2732 1217 Κύριος,
2759 1149 2851 1200 καὶ
2881 1149 3089 1212 αἰνετὸς
3126 1151 3352 1221 σφόδρα,

509 1248 563 1301 2.
600 1251 658 1300 In
695 1246 911 1301 civitate
940 1244 1034 1298 Dei
1072 1246 1267 1305 nostri,
1299 1243 1353 1295 in
1388 1251 1574 1295 monte
1601 1250 1793 1295 sancto
1819 1242 1957 1311 ejus.

510 1341 559 1393 5.
597 1340 737 1393 Bene
764 1337 988 1391 fundata
1017 1336 1379 1390 exsultatione
1406 1334 1677 1388 universa:
1711 1343 1868 1389 terrae
1901 1354 1916 1401 ;

511 1432 565 1483 4.
596 1430 806 1484 Montes
842 1430 971 1482 Sion
1004 1430 1174 1481 latera
1211 1424 1505 1496 aquilonis,

2236 1280 2247 1291 .
2276 1238 2362 1289 Ἑν
2390 1239 2543 1291 πόλει
2572 1238 2666 1291 τοῦ
2699 1239 2833 1291 Θεοῦ
2865 1241 3043 1310 ἡμῶν,
3074 1244 3130 1293 ὲν
3163 1243 3279 1312 ὄρει
3313 1244 3459 1312 ἁγίῳ
3485 1241 3715 1297 αὐτοῦ.

2234 1366 2246 1378 .
2290 1326 2506 1397 Εὐρίζῳ
2535 1327 2901 1399 ἁγαλλιάματι
2930 1331 3113 1401 πάσης
3141 1333 3238 1403 τῆς
3267 1334 3369 1404 γῆς
3388 1351 3401 1363 ·

2235 1456 2246 1467 .
2267 1418 2402 1486 Ὄρη
2437 1415 2575 1470 Σιὼν
2605 1417 2673 1470 τὰ
2697 1419 2906 1490 πλευρὰ
2938 1421 3031 1473 τοῦ
3063 1422 3253 1493 βορρᾶ,

511 1522 563 1574 PS.
596 1519 802 1572 Civitas
836 1518 976 1587 regis
1003 1516 1204 1586 magni.

2192 1509 2244 1561 5.
2272 1509 2334 1560 Ἡ
2364 1509 2517 1573 πόλις
2548 1510 2642 1563 τοῦ
2678 1511 2942 1580 βασιλέως
2974 1513 3068 1566 τοῦ
3104 1517 3361 1585 μεγάλου.

512 1605 565 1659 6.
600 1605 743 1659 Deus
772 1605 823 1657 in
858 1604 1110 1658 domibus
1133 1603 1251 1672 ejus
1273 1603 1647 1673 cognoscitur,

2193 1599 2245 1651 6.
2271 1599 2327 1652 Ὁ
2361 1600 2495 1661 Θεὸς
2523 1603 2580 1654 ὲν
2612 1605 2733 1664 ταῖς
2760 1602 2983 1673 βάρεσιν
3015 1604 3189 1674 αὐτῆς
3213 1606 3570 1675 γινώσκεται,

517 1696 569 1746 7.
605 1694 743 1749 Cum
778 1694 1032 1762 suscipiet
1065 1693 1342 1765 [suscipit]
1380 1709 1525 1749 eam.

2194 1692 2242 1742 7.
2262 1692 2429 1745 Ὅταν
2459 1694 2928 1766 ἁντιλαμϐἀνηται
2953 1697 3461 1775 [ἀντιλαμϐάνεται]
3484 1706 3705 1778 αὐτῆς.

510 1787 563 1837 8.
596 1784 862 1850 Quoniam
884 1801 1010 1839 ecce
1042 1802 1195 1856 reges
1227 1795 1385 1839 terra:
1414 1784 1731 1855 congregati
1762 1794 1911 1849 sunt,

2052 1771 2094 1824 Β
2194 1781 2389 1835 8.”Οτι
2425 1784 2533 1836 ἰδοὺ
2567 1785 2808 1854 βασιλεῖς
2837 1787 2937 1857 τῆς
2966 1790 3069 1859 γῆς
3104 1771 3470 1865 συνήχθησαν,

2192 1238 2226 1290 ‘2

2193 1327 2225 1379 5

2194 1417 2226 1469 4

2192 1509 2224 1561 5

2193 1598 2225 1651 6

2194 1690 2223 1741 7

512 1879 564 1930 9.
603 1877 985 1932 Convenerunt
1016 1878 1069 1931 in
1103 1892 1294 1930 unum.

2201 1871 2251 1927 9.
2292 1873 2589 1944 Διήλθοσαν
2614 1877 2705 1928 ἐπὶ
2734 1878 2795 1929 τὸ
2818 1879 2966 1934 αὑτό.

514 1969 602 2023 10.
634 1968 737 2036 Ipsi
764 1968 1010 2023 videntes
1035 1968 1114 2021 sic
1144 1966 1399 2021 admirati
1436 1976 1585 2020 sunt.

2200 1964 2286 2018 10.
2327 1966 2489 2018 Αὐτοὶ
2530 1967 2727 2032 ἰδόντες
2753 1968 2925 2034 οὕτως
2962 1970 3302 2043 ἐθαύμασαν,

519 2060 605 2114 11.
643 2058 964 2113 Conturbati
1004 2069 1150 2122 sunt,
1181 2058 1436 2114 commoti
1481 2066 1643 2121 sunt,
1675 2066 1881 2112 tremor
1926 2071 2023 2127 ap-

2215 2058 2287 2110 ll.
2315 2058 2748 2129 Ἐταράχθησαν,
2773 2062 3171 2134 ὲσαλεύθησαν,
3200 2069 3397 2139 τρόμος
3420 2070 3746 2125 ἐπελάϐετο

445 2153 729 2222 prehendit
762 2167 879 2207 cos.

799 2167 879 2207 ος,
2131 2147 2330 2202 αὐτῶν.

516 2243 599 2295 12.
636 2242 709 2295 lbi
743 2243 958 2297 dolores
982 2252 1041 2296 ut
1070 2241 1459 2311 parturientis:

2200 2238 2287 2292 12.
2317 2239 2464 2291 Ἐκεῖ
2494 2240 2681 2304 ὠδῖνες
2706 2241 2781 2305 ὡς
2814 2244 3139 2315 τικτούσης·

513 2336 598 2389 15.
636 2334 690 2389 1η
718 2336 912 2405 spiritu
940 2335 1245 2391 vehementi
1286 2343 1540 2389 conteres
1576 2347 1741 2387 naves
1771 2331 2017 2388 Tharsis.

2200 2331 2286 2384 15.
2313 2331 2401 2383 Ἐν
2426 2331 2696 2402 πνεύματι
2722 2333 2881 2404 βιαίῳ
2910 2339 3224 2408 συντρίψεις
3247 2340 3403 2396 πλοῖα
3423 2344 3690 2416 Θαρσεῖς.

512 2429 597 2481 14.
637 2427 791 2482 Sicut
824 2428 1155 2492 audivimus,
1182 2427 1261 2483 sic
1288 2435 1341 2481 et
1371 2426 1607 2480 vidimus
1633 2443 1646 2479 :

2201 2422 2287 2475 14.
2330 2422 2596 2494 Καθάπερ
2621 2424 2957 2497 ἠκούσαμεν,
2988 2428 3132 2482 οὕτω
3155 2433 3249 2485 καὶ
3276 2433 3491 2505 εἴδομεν
3515 2453 3531 2467 ⁸

1570 2513 1952 2571 ATHANASII
1988 2513 2585 2569 INTERPRETATIO.

512 2608 598 2661 14.
636 2608 971 2664 Convertens
994 2624 1186 2664 eorum
1216 2610 1606 2680 captivitatem.

2204 2609 2292 2663 14.
2331 2609 2696 2679 Ἐπιστρὲψας
2728 2608 2802 2681 (1)
2827 2612 3006 2665 αὐτῶν
3027 2614 3127 2685 τὴν
3148 2618 3544 2687 αἰχμαλωσίαν.

513 2700 599 2754 15.
634 2700 681 2752 Α
709 2701 916 2777 dextris
944 2702 1122 2756 Patris

2207 2700 2294 2753 15.
2344 2701 2438 2753 Ἐκ
2457 2699 2647 2764 δεξιῶν
2678 2702 2773 2755 τοῦ
2807 2704 3042 2775 Πατρός.

514 2790 602 2843 16.
636 2791 883 2860 Apostol-i
915 2806 1038 2846 cum
1068 2790 1319 2846 Domino.

2208 2791 2291 2845 16.
2323 2792 2385 2843 Οἱ
2421 2792 2712 2846 ἀπόστολοι
2740 2796 2879 2865 μετὰ
2897 2796 2993 2848 τοῦ
3025 2798 3233 2868 Κυρίου
3265 2798 3362 2869 (2).

518 2882 604 2935 17.
635 2884 905 2950 Quoniam
932 2884 1090 2939 electi
1117 2882 1210 2937 Dei
1243 2884 1474 2938 multum
1499 2885 1796 2940 confortati
1822 2896 1966 2941 sunt.

2206 2883 2293 2936 17.
2324 2884 2447 2935 Ὅτι
2468 2885 2517 2936 oi
2550 2884 2797 2937 ἐκλεκτοὶ
2820 2885 2914 2939 τοῦ
2942 2887 3076 2941 Θεοῦ
3104 2892 3245 2944 πάνυ
3275 2892 3588 2963 ὲνίσχυσαν.

523 2996 589 3049 Ἡ
626 2998 961 3069 προκειμένη
993 3000 1276 3070 ἐπιγραφὴ
1303 3000 1551 3071 περιέχει
1583 3001 1661 3071 (5)
1692 3018 1706 3032 ·
1751 3001 1998 3070 Ψαλμὸς
2024 2998 2183 3067 ᾠδῆς
2218 2996 2343 3063 τοῖς
2375 2998 2528 3063 υἱοῖς
2560 2998 2663 3068 (4),
2690 2999 2940 3069 δευτέρᾳ
2968 3002 3291 3059 Σαϐϐάτου.
3318 3004 3488 3058 Τοῦτο
3520 3002 3620 3059 οῦν
3648 3007 3744 3061 λέο

446 3104 529 3158 γει
559 3088 588 3140 ό
614 3087 827 3158 ψαλμδς
851 3089 951 3159 τῆς
979 3088 1121 3159 ᾠδῆς
1146 3089 1350 3160 ταύτης
1388 3091 1515 3161 περὶ
1543 3090 1661 3144 τῶν
1690 3090 1838 3145 υἱῶν
1871 3092 1969 3160 τῆς
1999 3086 2359 3149 ἀναπαύσεως
2389 3087 2487 3156 (5).
2516 3088 2673 3153 Λέγω
2696 3087 2758 3159 δὴ
2794 3088 2931 3159 μετὰ
2958 3089 3017 3142 τὸ
3043 3090 3141 3163 τὴν
3166 3092 3347 3164 κρίσιν
3370 3095 3625 3162 γενέσθαι
3647 3098 3744 3158 εἰς

448 3183 541 3254 τὴν
566 3182 821 3254 δευτέραν
847 3183 942 3235 τοῦ
974 3184 1183 3255 Κυρίου
1213 3184 1288 3255 (6)
1317 3185 1691 3240 κατάπαυσιν.
1728 3184 2033 3238 Σάϐϐατον
2055 3181 2165 3253 γὰρ
2192 3180 2573 3247 κατάπαυσις
2600 3180 2675 3252 (7)
2706 3181 3085 3252 ἑρμηνεύεται.

516 3276 732 3331 Titulus
769 3278 1065 3347 inscriptus
1098 3280 1344 3333 continet
1374 3298 1386 3331 :
1424 3277 1674 3333 Psalmus
1709 3280 1901 3333 cantici
1933 3278 2084 3347 ﬁliis,
2112 3276 2343 3330 secunda
2376 3272 2619 3329 Sabbati.
2648 3273 2761 3330 Hoc
2792 3275 2956 3345 igitur
2982 3275 3273 3344 significat,
3295 3278 3440 3347 quod
3473 3279 3746 3355 psalmus

446 3370 645 3424 cantici
680 3369 844 3439 hujus
881 3371 1095 3424 canitur
1126 3372 1192 3425 de
1225 3372 1354 3439 ﬁliis
1391 3373 1671 3441 requietis.
1708 3374 1843 3427 Dico
1882 3380 2065 3425 autem
2117 3378 2474 3439 posteaquam
2520 3368 2788 3438 judicium
2824 3369 3030 3425 factum
3073 3368 3259 3437 fuerit,
3288 3387 3415 3427 cum
3450 3372 3746 3429 Dominus

447 3459 687 3514 secundo
717 3460 1044 3529 requieverit
1073 3480 1087 3516 :
1122 3461 1414 3519 Sabbatum
1442 3466 1588 3521 enim
1621 3466 1821 3536 requies
1857 3466 2265 3535 interpretatur.

520 3594 569 3648 1.
599 3578 862 3650 Mirabilis
885 3604 969 3651 est
994 3605 1047 3651 et
1073 3598 1436 3669 gloriﬁcatus,

2052 3617 2097 3678 Ο
2202 3600 2253 3650 1.
2294 3597 2619 3668 Θαυμαστὸς
2648 3599 2766 3650 ἐστι
2795 3598 2892 3651 καὶ
2926 3598 3335 3671 δεδοξασμένος,

514 3684 569 3739 2,
597 3683 653 3738 lu
680 3700 914 3755 superna
939 3685 1269 3744 Jerusalem.

2203 3688 2258 3740 2.
2302 3688 2395 3749 Εἰς
2423 3688 2525 3758 τὴν
2551 3687 2663 3740 ἄνω
2704 3688 3077 3759 Ἰερουσαλήμ.

513 3776 567 3830 5.
598 3774 855 3832 Gaudens
886 3778 991 3832 [ide
1018 3781 1291 3848 gentium.

2203 3781 2257 3833 5.
2298 3779 2517 3850 Χαίρων
2550 3781 2642 3833 ἐπὶ
2673 3783 2739 3851 τῇ
2775 3780 2955 3834 πίστει
2988 3783 3096 3835 τῶν
3126 3780 3317 3837 ἐθνῶν.

517 3870 570 3924 4.
603 3869 814 3936 Quibus
863 3884 1021 3928 antea
1067 3876 1316 3932 diabolus
1371 3878 1663 3944 illudebat,
1693 3880 1851 3937 electi
1904 3890 2034 3936 sunt

2203 3877 2255 3929 4.
2299 3878 2392 3939 Εἰς
2418 3875 2510 3940 οὒς
2540 3877 2603 3930 ἂν
2625 3879 2887 3932 ἐπαίσατο
2913 3879 2975 3931 τὸ
3000 3880 3073 3949 (8)
3105 3879 3372 3951 πρότερον
3396 3882 3425 3935 ό
3450 3881 3732 3949 διάϐολος,

446 3975 701 4029 supernae
725 3959 1049 4019 Jerusalem.

2133 3963 2377 4015 ἐκλεκτοί
2406 3967 2509 4016 είσι
2534 3965 2634 4034 τῆς
2662 3967 2773 4019 ἄνω
2813 3967 3185 4040 Ἰερουσαλήμ.

516 4052 565 4105 5.
600 4050 845 4108 Ecclesia
878 4053 970 4108 Dei
1008 4056 1181 4109 nostri
1214 4054 1344 4110 Jesu
1378 4059 1605 4113 Christi.

2205 4056 2257 4108 5.
2285 4056 2349 4107 Ἠ
2382 4056 2673 4127 Ἐκκλησία
2706 4057 2798 4110 τοῦ
2826 4059 2960 4113 Θεοῦ
2990 4060 3142 4131 ἡμῶν
3176 4060 3350 4131 Ἰησοῦ
3383 4062 3643 4134 Χριστοῦ.

514 4142 570 4203 6.
601 4144 651 4198 7.
680 4143 823 4200 Deus
851 4146 906 4199 in
935 4148 1141 4204 sanctis
1166 4151 1284 4218 ejus
1314 4151 1729 4207 manifestatur.

2204 4146 2255 4209 6,
2296 4147 2343 4199 7.
2379 4146 2437 4198 '0
2463 4146 2594 4210 Θεὸς
2625 4149 2681 4201 ὲν
2706 4152 2817 4213 τοῖς
2846 4151 3022 4219 ἁγίοις
3049 4152 3220 4222 αὐτῆς
3254 4152 3330 4223 (9)
3360 4153 3722 4226 φανεροῦται.

522 4234 576 4290 8.
606 4235 872 4305 Apostoli.

2204 4235 2256 4288 8.
2302 4239 2361 4289 Οἱ
2393 4236 2703 4292 ἀπόστολοι.

519 4325 571 4377 9.
603 4327 683 4379 Ad
712 4328 1142 4395 praedicandum.

2205 4325 2257 4380 9.
2299 4311 2393 4389 El;
2422 4325 2483 4377 τὸ
2514 4328 2773 4398 κήρυγμα
2798 4326 2929 4397 (10).

519 4417 610 4471 10.
650 4418 922 4485 Quoniam
948 4422 1001 4475 in
1040 4424 1197 4478 terris
1230 4426 1507 4495 apparuit.

1493 4465 1507 4480 ,
2205 4417 2292 4471 10.
2313 4417 2434 4469 Ὅτι
2460 4418 2553 4469 ἐπὶ
2590 4419 2688 4488 τῆς
2719 4419 2825 4488 γῆς
2849 4418 3024 4492 ὤφθη.

524 4510 611 4563 11.
638 4510 877 4580 Populus
901 4512 1235 4570 Judazorum.

2205 4508 2292 4562 11.
2326 4509 2382 4562 Ὀ
2412 4509 2540 4571 λαὸς
2572 4508 2679 4562 τῶν
2722 4510 3011 4564 Ἰουδαίων.

520 4601 608 4655 12.
643 4603 695 4655 In
730 4619 1002 4675 synagoga
1035 4605 1385 4681 Iudaeorum,
2004 4610 2005 4613 “

2004 4610 2005 4613 ‘
2205 4597 2291 4651 12.
2320 4598 2407 4651 ‘Ev
2432 4601 2497 4670 τῇ
2527 4602 2815 4671 συναγωγῇ
2845 4601 2954 4653 τῶν
2986 4601 3269 4657 Ἰουδαίων.

521 4694 698 4748 13.1n
742 4712 939 4768 magna
986 4698 1068 4753 ira
1113 4709 1361 4757 conteres
1383 4700 1693 4757 Iudaeorum
1730 4704 2029 4776 principes,

2204 4690 2292 4743 13.
2321 4690 2409 4743 Ἐν
2433 4690 2568 4761 ὀργῇ
2598 4691 2805 4762 μεγάλῃ
2838 4692 3148 4763 συντρίψεις
3168 4696 3294 4757 τοὺς
3316 4695 3581 4768 ἄρχοντας
3608 4702 3720 4755 τῶν

448 4789 543 4859 qui
586 4788 785 4845 habent
831 4792 885 4845 in
931 4794 1125 4863 seipsis
1177 4795 1582 4866 Scripturarum
1633 4801 1979 4869 cognitionen

2188 4778 2433 4845 ουδαίων,
2468 4781 2595 4843 τοὺς
2628 4780 2850 4852 ἔχοντας
2883 4784 2941 4836 ὲν
2986 4785 3196 4848 ἑαυτοῖς
3220 4786 3318 4856 τὴν
3346 4788 3453 4842 τῶν
3487 4789 3719 4861 Γραφῶν

453 4882 670 4937 ΤΙιανεὲε
723 4883 867 4938 enim
900 4886 1285 4956 interpretatur
1315 4887 1568 4956 inspectio
1592 4892 1818 4946 lcetitiw.

2185 4870 2355 4923 idm-tv.
2391 4872 2641 4939 Θαρσεῖς
2675 4874 2784 4944 γὰρ
2817 4875 3177 4946 ἑρμηνεύεται
3219 4881 3572 4950 κατασκοπὴ
3619 4887 3716 4937 εὐ-

2061 4971 2107 5028 υ
2135 4963 2467 5030 φροσύνης.

522 5059 618 5135 11.
644 5056 1113 5124 Quemadmodum
1161 5062 1469 5118 audivimus
1509 5061 1578 5119 de
1638 5064 1874 5121 adventu
1930 5066 2025 5122 Dei

2204 5052 2291 5107 14.
2323 5053 2589 5126 Καθάπερ
2616 5055 2927 5129 ἠκούσαμεν
2960 5058 3091 5132 περὶ
3134 5062 3233 5133 τῆς
3280 5062 3581 5135 παρουσίας
3621 5064 3712 5116 τοῦ

449 5130 645 5184 nostri.

2134 5143 2268 5198 Θεοῦ
2291 5147 2323 5216 ή
2334 5146 2465 5217 μῶν.

1404 5248 1715 5312 Addenda
1746 5258 1806 5314 et
1833 5254 2211 5335 corrigenda
2259 5278 2339 5321 ex
2372 5261 2515 5323 cod.
2555 5263 2757 5326 Vatic.

521 5342 600 5430 (ξ)
634 5342 1024 5430 Ἐπέστρεψας.
2202 5358 2278 5430 (6)
2318 5360 2473 5414 Θεοῦ.

627 5413 795 5499 ,Ξίοξθχ
839 5413 845 5414 7
873 5482 900 5493 η
1128 5484 1157 5499 ι
1176 5484 1186 5499 '
2306 5413 2654 5496 Ἀνάπαυσις.

627 5482 704 5569 Ἡ,
723 5482 1337 5569 ξιὰλτῆςβινναδάρεως
1369 5502 1494 5559 περ·

552 5552 603 5624 (εἶ)
641 5552 790 5624 Itale
815 5553 981 5624 Κρρέι

578 5570 603 5634 il
641 5570 790 5634 εξεις
815 5570 1012 5634 “995--
1092 5625 1103 5634 .
1266 5626 1276 5634 .

987 5624 1012 5634 _
1092 5625 1103 5634 _
1266 5626 1276 5634 ι
2205 5573 2281 5634 (9)
2320 5570 2514 5624 Αὑτοῦ.

552 5573 603 5621 ιι)
653 5573 675 5604 ι
693 5573 790 5616 ιοις
815 5573 981 5624 Λορε.

546 5622 602 5693 5)
641 5621 784 5677 Υἱῶν
817 5621 923 5677 τῶν
952 5624 1051 5694 τῆς
1081 5625 1444 5689 ἀναστάσεως.
2205 5573 2225 5706 1

2237 5640 2319 5708 10)
2363 5640 2441 5694 Τὰ
2468 5641 2817 5710 κηρύγματα.
