3876 6220
88 322 208 380 837
566 308 573 311 ν
999 319 1088 375 DE
1125 319 1406 377 TITULIS
1437 320 1893 378 PSALMORUII.
1936 322 2223 379 —PSAL.
2261 322 2502 379 XLVIII.
3281 321 3400 385 858

168 435 264 491 15.
291 435 380 488 Ἐν
407 434 560 488 πόλει
583 435 792 507 Κυρίου
827 434 933 489 τῶν
959 436 1266 507 δυνάμεων,

167 529 262 580 16.
292 528 381 579 Ἐν
413 527 567 579 πόλει
594 527 689 579 τοῦ
718 526 855 581 Θεοῦ
885 528 1063 599 ἡμῶν.

169 619 265 673 17.
293 617 351 671 '0
385 617 518 681 Θεὸς
552 617 913 689 ἐθεμελίωσεν
947 621 1119 693 αὐτὴν
1149 621 1230 684 εἰς
1260 620 1353 673 τὸν
1382 619 1576 674 αἰῶνα.

171 712 263 763 18.
292 708 687 782 ’Υπελάϐομεν,
718 712 747 764 ὁ
780 712 932 775 Θεὸς,
954 712 1015 766 τὸ
1043 713 1192 777 ἔλεός
1232 730 1324 767 σου
1348 715 1406 767 ὲν
1434 714 1582 784 μέσῳ
1602 711 1699 766 τοῦ

93 801 233 857 λαοῦ
276 820 369 856 σου
380 845 391 856 .

172 894 267 948 19.
309 893 470 947 Κατὰ
500 892 562 946 τὸ
587 893 755 964 ὄνομά
782 911 899 961 σου,
930 895 1125 962 ὁΘεὸς,
1147 896 1287 950 οὔτω
1314 898 1407 951 καὶ
1433 898 1467 969 ἠ
1497 897 1701 962 αἴνεσίς

101 1002 195 1039 σου
226 985 322 1038 ἐπὶ
355 986 425 1038 τὰ
465 986 678 1058 πέρατα
708 988 808 1058 τῆς
834 987 961 1058 γῆς.

170 1077 271 1131 20.
314 1077 674 1149 Δικαιοσύνης
714 1078 929 1151 πλήρης
960 1082 994 1152 ἡ
1026 1080 1175 1145 δεξιά
1202 1097 1315 1135 σου.

170 1170 271 1223 2|.
310 1170 688 1243 Εύφρανθήτω
719 1172 845 1243 ὸρος
878 1173 1038 1238 Σιὼν,

171 1261 269 1314 22.
312 1261 422 1313 Καὶ
434 1260 882 1329 ἀγαλλιάσθωσαν
900 1265 957 1317 αἰ
978 1264 1277 1338 Θυγατέρες
1291 1266 1392 1337 τῆς
1417 1267 1698 1333 Ἰουδαίας,

172 1352 269 1405 25.
290 1353 518 1405 Ἕνεκεν
543 1352 653 1407 τῶν
686 1354 974 1425 χριμάτων
1006 1374 1122 1424 σου,
1148 1358 1345 1430 Κύριε.

171 1440 271 1492 21.
316 1437 648 1493 Κυκλώσατε
672 1440 831 1506 Σιὼν,
864 1442 955 1494 καὶ
983 1444 1304 1515 περιλάϐετε
1333 1445 1503 1518 αὑτήν
1522 1462 1537 1477 ·

173 1531 269 1585 25.
313 1531 658 1603 Διηγήσασθε
690 1533 750 1585 ἐν
785 1536 900 1598 τοῖς
932 1534 1162 1607 πύργοις
1189 1537 1381 1607 αὐτῆς.

176 1622 273 1676 26.
313 1622 487 1675 Θέσθε
503 1622 602 1686 τὰς
622 1623 851 1694 καρδίας
868 1624 898 1677 ὑ
906 1625 1023 1697 μῶν
1039 1629 1118 1690 εἰς
1131 1627 1229 1699 τὴν
1247 1628 1477 1700 δύναμιν
1498 1630 1668 1703 αὐτῆς
1686 1649 1697 1661 ·

1876 1628 1966 1681 26.
2008 1625 2200 1682 Ponite
2223 1628 2389 1683 corda
2412 1636 2589 1683 vestra
2619 1628 2674 1681 in
2706 1627 2905 1682 virtute
2939 1626 3094 1697 ejus;

176 1712 273 1771 27.
318 1715 429 1767 Καὶ
455 1715 836 1769 καταδιέλεσθε
870 1718 969 1781 τὰς
1006 1718 1193 1791 βάρεις
1224 1721 1416 1793 αύτῆς,

1876 1719 1965 1774 27.
1997 1718 2065 1773 Ει
2088 1719 2399 1775 distribuite
2420 1718 2617 1775 domos
2644 1720 2786 1789 ejus,

178 1805 479 1871 28.”Οπως
508 1807 573 1861 ἂν
605 1808 941 1881 διηγήσησθε
972 1814 1052 1876 εἰς
1080 1813 1275 1881 γενεὰν
1308 1814 1524 1885 ἑτέρανο

1876 1811 1964 1864 28.
1994 1809 2067 1865 Ut
2091 1811 2358 1866 enarretis
2386 1811 2443 1866 in
2475 1812 2731 1883 progenie
2755 1811 2926 1865 altera

181 1898 274 1951 29.
296 1898 420 1951 Ὀτι
445 1892 599 1961 οὗτός
626 1900 773 1951 ἐστιν
802 1901 831 1954 ὁ
858 1901 990 1965 Θεὸς
1024 1903 1205 1974 ἡμῶν,

1876 1902 1962 1957 29.
1995 1902 2263 1968 Quoniam
2296 1903 2385 1958 hic
2411 1910 2497 1959 est
2522 1902 2667 1959 Deus
2702 1914 2912 1969 noster,

1736 446 1784 499 Α
1882 437 1971 492 I5.
2003 436 2061 492 In
2093 438 2312 493 civitate
2338 437 2556 493 Domini
2586 438 2871 504 virtutum,

1872 527 1958 583 I6.
1988 528 2046 582 In
2074 530 2290 585 civitate
2319 530 2414 585 Dei
2449 531 2649 585 nostri.

1870 620 1959 674 I7.
1989 620 2135 675 Deus
2156 620 2407 675 fundavit
2435 636 2557 674 eam
2586 622 2642 674 in
2666 629 2954 675 aeternum.

1873 712 1960 766 I8.
1995 711 2384 782 Suscepimus,
2427 711 2605 776 Deus,
2650 710 3083 767 misericordiam
3134 719 3286 765 tuam
3329 709 3389 767 In

1801 804 1981 860 medio
2012 804 2198 874 populi
2228 805 2326 859 tui.

1875 896 1961 951 I9.
1990 895 2301 951 Secundum
2332 912 2529 951 nomen
2562 904 2737 962 tuum,
2770 893 2934 962 Deus,
2958 895 3038 950 sic
3068 903 3122 950 et
3149 894 3269 950 laus
3291 901 3383 950 tua

1801 990 1855 1044 in
1880 990 2015 1045 ﬁnes
2036 998 2214 1045 terrae.

1868 1080 1957 1134 20.
1990 1078 2209 1134 Justitia
2237 1080 2395 1150 plena
2423 1079 2646 1134 dextera
2680 1088 2795 1134 tua.

1872 1171 1964 1225 21.
2000 1169 2241 1224 Laetetur
2271 1184 2432 1224 mons
2464 1171 2621 1236 Sion,

1874 1262 1967 1317 22.
2001 1262 2067 1317 Et
2087 1262 2359 1318 exsultent
2378 1261 2502 1317 ﬁlia:
2524 1260 2699 1327 Judae,

1871 1356 1963 1411 25.
1994 1354 2222 1425 Propter
2247 1355 2456 1425 judicia
2488 1364 2602 1419 tua,
2639 1353 2893 1409 Domine.

1874 1448 1965 1502 24.
2002 1446 2350 1502 Circumdate
2384 1446 2541 1513 Sion,
2563 1455 2617 1501 et
2642 1443 3073 1516 complectimini
3099 1457 3243 1507 eam,

1875 1538 1967 1593 25.
2000 1536 2229 1591 Narrate
2252 1536 2306 1590 in
2332 1536 2578 1592 turribus
2609 1536 2750 1605 ejus.

182 1990 276 2044 30.
318 1991 415 2053 Εἰς
443 1989 535 2043 τὸν
560 1991 733 2046 αἰῶνα
766 1994 861 2046 καὶ
886 1996 966 2058 εἰς
996 1994 1086 2048 τὸν
1113 1994 1284 2050 αἰῶνα
1306 1994 1401 2049 τοῦ
1435 1995 1629 2060 αἰῶνος
1649 2012 1664 2027 ο

181 2081 275 2139 51.
314 2082 492 2146 Αὐτὸς
530 2087 788 2155 ποιμανεῖ
811 2087 960 2157 ἡμᾶς
988 2087 1070 2150 εἰς
1103 2088 1229 2151 τοὺς
1261 2087 1487 2152 αἰῶνας.

198 2176 307 2239 Εις
338 2174 408 2227 τὸ
446 2174 642 2241 τέλος,
692 2176 817 2243 τοῖς
846 2178 999 2244 υἱοῖς
1027 2178 1199 2247 Κορέ.
1240 2182 1418 2235 ΨΑΛ.
1467 2184 1612 2236 MH'.

184 2263 236 2318 I.
270 2262 569 2319 Ἀκούσατε
600 2265 795 2331 ταῦτα,
832 2267 1008 2321 πάντα
1028 2267 1099 2321 τὰ
1130 2268 1283 2339 ἔθνη,

176 2356 235 2411 2.
264 2357 643 2427 Ἐνωτίσασθε,
672 2360 881 2425 πάντες»
901 2362 951 2414 οἰ
984 2361 1365 2425 κατοικοῦντες
1398 2360 1495 2432 τὴν
1520 2364 1700 2415 οἰκου-

107 2448 305 2520 μένην.

1872 1994 1964 2049 50.
2000 1994 2059 2048 In
2084 2003 2372 2062 aeternum,
2399 2004 2453 2050 et
2475 1994 2528 2049 in
2558 1996 2817 2051 saeculum
2854 1993 3071 2050 saeculi:

1872 2090 1962 2144 3i.
1997 2089 2117 2159 Ipse
2145 2099 2331 2160 pascet
2360 2104 2461 2145 nos
2489 2089 2545 2143 in
2569 2089 2790 2143 saecula.

2014 2180 2083 2235 In
2111 2182 2291 2251 ﬁnem,
2323 2183 2450 2252 ﬁliis
2472 2181 2624 2236 Core.
2655 2179 2857 2235 PSAL.
2887 2178 2983 2232 XL
3003 2175 3171 2234 VIII.

1880 2273 1932 2326 I.
1964 2272 2161 2327 Audite
2194 2273 2330 2337 haec,
2366 2288 2555 2327 omnes
2579 2280 2786 2342 gentes,

1878 2366 1934 2422 2.
1962 2365 2201 2421 Auribus
2224 2364 2506 2435 percipite,
2533 2378 2729 2418 omnes
2762 2362 2857 2433 qui
2890 2358 3149 2415 habitatis
3176 2357 3384 2413 orbem.

1257 2543 1639 2600 ATIIANASII
1677 2544 2266 2602 INTERPRETATIO.

183 2653 277 2717 I5,
303 2652 393 2709 I6.
431 2655 518 2708 ’Ev
546 2659 611 2727 τῇ
638 2657 753 2712 ἄνω
786 2658 1159 2731 Ἰερουσαλήμ.

187 2746 278 2800 17.
308 2745 627 2811 Ἀσάλευτός
656 2749 804 2802 ἐστιν
820 2751 899 2813 εἰς
919 2751 1044 2814 τοὺς
1062 2751 1453 2825 ἀτελευτήτους
1471 2754 1699 2816 αἰῶνας.

184 2837 277 2891 18.
320 2839 712 2913 Διηγησάμεθα
744 2841 822 2910 (1)
850 2841 918 2895 τὰ
950 2842 1253 2914 παθήματά
1284 2862 1399 2900 σου.

184 2927 277 2981 19.
307 2928 393 2991 Ὠς
423 2930 781 3003 ἀτελεύτητόν
811 2933 928 2985 ἐστι
970 2932 1033 2986 τὸ
1063 2933 1234 3006 ὄνομά
1266 2952 1382 3004 σου,
1412 2935 1585 3001 οὕτως
1612 2938 1706 2992 καὶ

111 3020 163 3090 ἡ·
185 3019 393 3085 αἰνεσίς
426 3039 546 3078 σου.

182 3112 278 3168 20.
307 3114 365 3166 Ὀ
396 3114 525 3179 λαὸς
563 3116 590 3168 ὁ
617 3114 789 3180 ἑστὼς
817 3118 881 3169 ὲκ
905 3116 1093 3184 δεξιῶν
1132 3136 1235 3190 μου
1265 3120 1366 3175 (2).

185 3206 279 3259 21.
305 3207 369 3259 Ἦ
395 3207 508 3261 ἅνω
541 3208 921 3281 Ἰερουσαλήμ.

186 3298 279 3351 22.
318 3299 385 3350 Αἱ
415 3299 585 3371 ψυχαὶ
612 3300 720 3354 τῶν
746 3302 938 3370 ἁγίων.

184 3388 519 3444 25.”Ενεκεν
552 3390 650 3462 τῆς
681 3391 1090 3457 ἀνταποδόσεώς
1120 3410 1236 3458 σου,
1266 3392 1462 3465 Κύριε.

183 3481 277 3535 21.
317 3482 591 3553 Οἰκήσατε
624 3482 721 3554 τὴν
754 3483 868 3537 ἄνω
903 3485 1279 3558 Ἰερουσαλὴμ,
1306 3488 1399 3541 καὶ
1424 3487 1505 3551 εἰς
1537 3486 1706 3540 κατά-

115 3591 303 3645 σχεσιν
331 3573 502 3645 αὐτὴν
534 3573 721 3645 ἔσχετε
751 3576 851 3647 (a).

188 3665 281 3719 25.
311 3666 401 3718 Ἐν
427 3668 539 3729 τοῖς
564 3666 741 3734 ἁγίοις
760 3667 932 3739 αὐτῆς
962 3668 1295 3741 διηγήσασθε
1316 3670 1385 3725 τὰ
1404 3669 1707 3741 δικαιώμα-

111 3776 183 3812 τα
214 3758 402 3813 αὑτοῦ.

185 3849 275 3903 26.
316 3849 487 3903 Θέσθε
508 3850 607 3923 τὴν
626 3852 861 3906 διάνοιαν
884 3852 915 3905 ὑ
924 3852 1039 3923 μῶν
1058 3854 1139 3916 εἰς
1156 3853 1255 3917 τὰς
1274 3853 1494 3917 ἐντολὰς
1515 3852 1701 3907 αὐτοῦ.

185 3942 276 3996 27.
318 3944 429 3996 Καὶ
458 3943 744 4015 μερίσεσθε
778 3943 852 4015 (ὁ)
890 3945 988 4008 τὰς
1021 3945 1188 4016 μονὰς
1213 3946 1403 4036 αὐτῆς.

184 4033 276 4088 28.
296 4034 485 4098 Ὅπως
509 4035 574 4089 ἂν
591 4037 749 4110 διηγή
758 4038 922 4092 σασθε
939 4040 996 4091 ἐν
1018 4039 1087 4109 (c)
1106 4038 1371 4111 τῷχρόνῳ
1387 4033 1493 4094 τῶν
1512 4039 1703 4109 ἁγίων.

184 4126 273 4179 29.
303 4128 435 4181 ’Ὅτι
469 4124 646 4195 οὗτός
685 4131 857 4184 ἐστιν
885 4135 917 4185 ὀ
948 4130 1093 4198 Θεὸς
1116 4130 1306 4201 ἡμῶν.

183 4217 274 4284 30,
302 4218 393 4273 3|.
424 4220 481 4272 ὐ
510 4220 713 4293 ποιμὴν
740 4223 768 4275 ὀ
801 4223 966 4288 καλὸς
994 4225 1250 4295 ποιμανεί
1276 4224 1423 4295 ἡμᾶς

1886 2660 1975 2725 15,
2012 2658 2102 2713 16.
2135 2658 2193 2712 ln
2220 2671 2452 2727 superna
2480 2655 2808 2711 Jerusalem.

1885 2758 1975 2811 I7.
2010 2754 2316 2810 Immobilis
2338 2761 2423 2809 est
2453 2752 2508 2806 in
2542 2751 2875 2821 sempiterna
2906 2748 3129 2804 saecula-

1733 2880 1776 2941 ο
1884 2848 1971 2902 18.
2000 2845 2357 2902 Narravimus
2386 2843 2669 2915 passiones
2702 2852 2845 2896 tuas.

1880 2938 1967 2993 I9.
2007 2936 2159 2992 Sicut
2190 2937 2585 3007 sempiternum
2631 2943 2716 2989 est
2756 2946 2958 2987 nomen
2999 2937 3179 2990 tuum.
3216 2926 3292 2983 ita
3337 2931 3384 2981 et

1808 3026 1928 3082 laus
1961 3035 2072 3081 tua.

1879 3119 1969 3173 20.
2005 3118 2242 3188 Populus
2275 3126 2426 3172 stans
2455 3132 2485 3171 a
2512 3116 2721 3172 dextris
2754 3115 2884 3170 tuis.

1875 3203 1965 3258 21.
2002 3201 2252 3273 Superna
2284 3200 2612 3257 Jerusalem.

1876 3295 1966 3348 22.
2003 3294 2217 3349 Anima:
2244 3302 2580 3348 sanctorum.

1882 3383 1975 3437 23.
2010 3381 2238 3452 Propter
2270 3382 2687 3437 retributionem
2712 3388 2886 3445 tuam,
2913 3378 3165 3433 Domine.

1875 3475 1966 3530 24.
1999 3475 2251 3530 Habitate
2302 3489 2599 3545 supernam
2647 3472 2951 3530 Jerusalem
2975 3511 2990 3538 ,
3032 3483 3087 3527 et
3119 3469 3386 3541 possidete

1807 3580 1949 3620 eam.

1877 3657 1966 3711 25.
1999 3656 2226 3712 Narrate
2255 3657 2310 3710 in
2340 3656 2549 3711 sanctis
2580 3654 2754 3725 ipsius
2783 3651 3205 3725 justiﬁcationes
3248 3651 3371 3721 ejus

1878 3850 1967 3905 26.
1999 3850 2192 3906 Ponite
2218 3860 2458 3906 mentem
2489 3858 2728 3904 vestram
2756 3848 2808 3901 in
2836 3847 3124 3917 praeceptis
3151 3845 3318 3928 illius.

1878 3944 1969 3997 27.
2008 3942 2074 3997 Et
2097 3942 2323 3997 dividite
2358 3942 2675 3997 mansiones
2700 3939 2845 4010 ejus.

1880 4034 1971 4089 28.
1999 4032 2071 4089 Ut
2098 4034 2366 4089 enarretis
2398 4033 2452 4088 in
2484 4042 2729 4103 tempore
2768 4040 3107 4087 sanctorum.

1868 4126 1966 4182 .29.
2003 4126 2265 4192 Quoniam
2289 4127 2374 4180 hic
2396 4137 2473 4181 est
2502 4125 2644 4179 Deus
2667 4134 2843 4179 noster

1730 4233 1775 4289 ι)
1869 4219 1962 4287 '50,
1997 4220 2088 4274 51.
2119 4219 2316 4275 Pastor
2344 4219 2541 4285 bonus,
2578 4219 2672 4289 qui
2706 4226 2889 4287 pascet
2914 4232 3036 4272 nos.

196 4331 263 4383 Ἠ
296 4333 629 4406 προκειμένη
654 4336 935 4409 ἐπιγραφὴ
964 4336 1204 4408 περιέχει
1233 4335 1308 4406 (4)
1330 4353 1343 4365 ⁸
1374 4338 1478 4401 Εἰς
1502 4334 1566 4389 τὸ
1600 4333 1796 4401 τέλος,
1824 4333 1950 4400 τοῖς
1978 4333 2131 4400 υἱοῖς
2159 4332 2310 4401 Κορὲ
2342 4333 2613 4402 ψαλμός·
2640 4331 2768 4404 περὶ
2794 4329 2887 4385 τοῦ
2916 4328 3100 4391 τέλους
3127 4324 3236 4379 τῶν
3262 4323 3387 4378 υἱῶν

110 4421 209 4492 τῆς
241 4423 526 4489 ἀπειθείας
553 4427 583 4478 ὁ
611 4424 827 4497 ψαλμὸς
853 4426 1020 4498 λέγει.
1053 4428 1204 4497 Κορὲ
1231 4428 1379 4497 λέγει
1415 4426 1669 4496 ἀπειθὴς
1704 4425 1781 4498 (5)
1812 4424 1895 4491 τῷ
1938 4425 2061 4491 Θεῷ
2090 4425 2432 4496 γεγένηται·
2465 4425 2598 4479 διότι
2635 4426 2729 4479 καὶ
2761 4426 2887 4487 τοὺς
2938 4420 3213 4482 τοιούτους
3244 4417 3389 4479 υἱοὺς

113 4513 276 4566 αὑτοῦ
305 4516 463 4569 καλεῖ
494 4518 527 4588 ή
558 4519 772 4589 Γραφή.

184 4604 396 4662 Titulus
434 4608 730 4679 inscriptus
762 4609 1005 4664 continet
1040 4626 1054 4664 :
1093 4605 1161 4662 In
1189 4608 1367 4677 ﬁnem,
1402 4606 1533 4677 ﬁliis
1561 4606 1695 4662 Core
1740 4607 2000 4677 psalmus.
2032 4606 2109 4662 De
2167 4607 2271 4663 (ine
2322 4606 2563 4662 ﬁliorum
2618 4605 2996 4663 inobedientiae
3026 4603 3272 4673 psalmus
3308 4600 3388 4654 lo-

113 4702 319 4773 quitur.
356 4702 490 4757 Core
522 4705 809 4775 significat,
845 4705 1146 4761 inobediens
1182 4704 1289 4758 Deo
1316 4703 1492 4773 factus
1530 4712 1631 4771 est,
1664 4712 1954 4775 propterea
1990 4704 2125 4760 tales
2154 4704 2275 4773 ejus
2300 4704 2445 4758 ﬁlios
2473 4711 2633 4756 vocat
2667 4700 2863 4772 psalmi
2903 4698 3209 4767 inscriptio.

185 4797 237 4850 I.
276 4795 609 4869 Παιδεύθητε
641 4799 835 4864 ταῦτα,
869 4798 905 4853 δι
945 4797 1125 4871 μέλλω
1170 4797 1375 4864 λέγειν,
1407 4795 1586 4849 πάντα
1632 4795 1701 4857 τὰ

112 4885 264 4939 ἔθνη.

177 4902 242 5030 21.1
263 4976 579 5043 Ἐκδέξασθε
615 4978 685 5032 τὰ
715 4973 830 5033 ῶτα
862 4979 1018 5051 ὑμῶν
1040 4978 1076 5034 ἂ
1104 4978 1215 5050 ἐρῶ
1247 4978 1376 5049 ὑμῖν
1418 4976 1519 5047 (6).

1880 4798 1931 4851 1.
1966 4796 2167 4852 Discite
2198 4797 2333 4861 haec,
2364 4811 2486 4866 quae
2515 4795 2761 4851 dicturus
2786 4807 2930 4856 sum,
2958 4804 3151 4844 omnes
3179 4797 3388 4860 gentes.

1883 4973 1938 5029 2.
1969 4972 2217 5044 Excipite
2239 4972 2466 5029 auribus
2499 4971 2718 5038 vestris,
2744 4985 2867 5040 quae
2894 4968 3071 5024 dicam
3104 4965 3282 5021 vobis.

1064 5099 1374 5161 Addenda
1405 5104 1467 5159 et
1521 5093 1905 5174 corrigenda
1936 5111 2017 5155 ex
2050 5093 2193 5156 cod.
2228 5094 2433 5155 Vatic.

183 5217 259 5290 (ll
298 5218 700 5290 ἑιηγησόμεθα·

184 5288 262 5352 (2)
301 5288 400 5338 Σου

292 5326 494 5421 1;."29,
534 5355 625 5419 '50,
655 5352 745 5418 3|,
772 5353 1029 5423 leguntur
1067 5351 1430 5421 conjunctim,
1479 5360 1699 5423 acpost

106 5422 258 5500 ἡμᾶς
287 5425 729 5500 baac_addunt_ur,
749 5422 861 5500 _el¢_
883 5423 1432 5500 tobc_d1:_s).su1ﬁcoug
1469 5422 1696 5487 αἰῶνας,

105 5492 263 5568 δ”τὴν
294 5496 470 5567 ψυχὴν
502 5495 664 5549 αὑτοῦ
690 5494 803 5558 θεὶς
838 5494 979 5565 ὑπὲρ
1004 5492 1179 5564 ήμῶν.

178 5610 258 5679 (α)
292 5611 568 5679 Ἔσχετε.
606 5606 768 5679 Forte
794 5606 1089 5679 ἔχετεννει
1116 5606 1316 5677 ἴσχετε.
1351 5605 1509 5679 Enn.

178 5627 258 5679 (α)
292 5627 413 5662 *ιισ
452 5627 568 5663 ετε.
607 5627 768 5663 l'Ol’le
794 5627 971 5678 Ξχετε,
1002 5627 1089 5663 γει
1118 5627 1316 5677 ισχετε.
1351 5627 1509 5661 ιδυιτ.

176 5679 254 5751 (δ)
281 5627 631 5747 Μεριξγεσθε.
668 5678 796 5749 Leg.
829 5678 938 5734 vid.
985 5678 1203 5748 interp.,
1243 5676 1560 5748 μερίσασοε.
1588 5675 1687 5732 En.

1883 5214 1957 5283 (4)
1982 5216 2045 5268 Ἦ
2069 5216 2155 5270 διὰ
2187 5216 2287 5285 τῆς
2308 5212 2680 5282 κινναϐάρεως
2710 5226 2836 5279 περ.

1880 5286 1959 5355 (5)
1996 5287 2139 5357 Κορὲ
2168 5285 2277 5357 γὰρ
2308 5286 2406 5338 ἀπ.

1993 5342 2315 5421 Είέδέξαᾰθε
2344 5357 2424 5418 εἰς
2452 5354 2586 5409 τὰ...
2615 5351 2741 5422 ὑμῖν
2770 5348 2969 5411 πάντες
2997 5347 3045 5401 οἱ
3075 5342 3387 5401 κατοικοῦν-

1801 5446 1894 5493 τες
1923 5428 2022 5501 τὴν
2046 5427 2385 5498 οἰκουμένην.

1871 5609 1943 5681 (ε)
1974 5608 2368 5679 Διηγήσασθε.
2401 5605 2563 5663 Forte
2598 5598 2947 5674 διηγήσησθε.
2986 5598 3142 5652 Enn.
