3876 6220
462 296 564 353 839
1314 288 1371 343 S.
1414 284 1795 342 ATHANASII
1834 284 1985 341 OPP.

2250 282 2338 337 ΙΙΙ.
2378 314 2447 323 ——
2483 281 2899 339 EXEGETICA.
3655 287 3689 342 8
3702 294 3763 345 ιίυ

529 420 580 472 3.
619 416 832 486 Quique
856 414 1139 485 terrigena;
1163 422 1215 467 et
1239 410 1335 466 ﬁlii
1368 412 1675 478 hominum,

2063 415 2109 471 Α
2208 407 2258 460 5.
2304 407 2376 458 Οἵ
2405 424 2465 458 τε
2492 407 2745 476 γηγενεῖς
2770 405 2863 457 καὶ
2895 404 3000 456 υἱοὶ
3032 402 3139 455 τῶν
3162 402 3490 475 ἀνθρώπων,

531 511 583 563 4.
618 508 793 562 Simul
818 509 872 560 in
914 521 1082 559 unum
1107 504 1260 559 dives
1288 513 1343 558 et
1370 518 1597 572 pauper.

2216 499 2269 551 4.
2295 499 2420 549 Ἐπὶ
2447 499 2506 550 τὸ
2541 498 2673 551 αὐτὸ
2709 496 2963 559 πλούσιος
3000 497 3093 548 καὶ
3122 496 3308 566 πένης.

529 601 582 654 5.
617 596 690 653 Os
725 613 907 652 meum
942 597 1194 665 loquetur
1227 594 1575 665 sapientiam,

2219 589 2269 641 5.
2314 588 2386 640 Τὸ
2416 588 2592 657 στόμα
2630 605 2729 658 μου
2762 588 2986 657 λαλήσει
3019 586 3228 654 σοφίαν,

531 691 583 744 6.
614 689 681 744 Et
707 686 988 743 meditatio
1010 687 1193 742 cordis
1217 688 1323 742 mei
1354 686 1720 755 prudentiam.

2216 679 2269 734 6.
2313 680 2476 749 Καὶὴ
2515 679 2711 750 μελέτη
2744 678 2845 748 τῆς
2875 678 3104 746 καρδίας
3133 695 3234 747 μου
3271 677 3508 732 σύνεσιν.

530 784 583 835 7.
617 782 896 837 lnclinabo
933 782 987 834 in
1022 780 1336 850 parabolam
1367 794 1555 833 aurem
1588 793 1789 841 meam,

2216 770 2268 821 7.
2312 770 2493 823 Κλινῶ
2526 772 2606 833 είς
2630 768 2946 841 παραϐολὴν
2980 770 3043 821 τὸ
3080 764 3173 832 οὖς
3207 785 3308 839 μου
3330 785 3345 800 ⁶

530 878 582 930 8.
611 877 866 946 Aperiam
897 876 951 929 in
975 874 1231 944 psalterio
1259 873 1687 942 propositionem
1716 886 1917 925 ineant.

2216 863 2268 915 8.
2299 862 2515 953 Ἀνοίξω
2544 863 2602 914 ἐν
2632 862 2917 933 ψαλτηρίῳ
2947 862 3009 915 τὸ
3042 860 3336 945 πρόϐλημά
3360 879 3483 930 μου,

529 968 582 1021 9.
613 966 724 1020 Cur
753 967 915 1020 timeo
946 966 1001 1019 in
1036 964 1124 1018 die
1159 964 1339 1017 mala?

2216 953 2269 1007 9.
2290 953 2407 1005 "lva
2435 953 2486 1005 τί
2519 952 2791 1022 φοϐοῦμαι
2826 954 2884 1005 ἐν
2917 952 3103 1023 ἡμέρᾳ
3130 952 3376 1021 ﬂow-19$;

530 1059 618 1113 10.
650 1058 914 1127 lniquitas
944 1058 1185 1113 caleanei
1222 1058 1329 1111 mei
1364 1053 1727 1110 circumdabit
1760 1040 1863 1106 me.

2218 1044 2304 1096 10.
2331 1043 2395 1094 Ἡ
2423 1042 2624 1113 ἀνομία
2648 1043 2747 1113 τῆς
2785 1042 3024 1112 πτέρνης
3058 1058 3158 1111 μου
3198 1041 3469 1093 κυκλώσει
3504 1059 3594 1111 με.

535 1151 617 1204 11.
646 1149 751 1215 Qui
778 1150 1059 1205 conﬁdunt
1084 1150 1136 1202 in
1166 1149 1370 1203 virtute
1398 1163 1518 1211 sua,

2218 1139 2306 1190 11.
2350 1137 2411 1188 Οἱ
2439 1135 2758 1198 πεποιθότες
2792 1136 2883 1186 ἐπὶ
2906 1138 2971 1204 τῇ
2996 1134 3222 1203 δυνάμει
3256 1133 3456 1196 αὐτῶν,

532 1241 619 1294 12.
652 1241 717 1297 Ει
778 1243 833 1295 in
866 1242 1212 1296 multitudine
1265 1240 1579 1295 divitiarum
1639 1251 1863 1293 suarum
1922 1234 2041 1304 glo-

2222 1230 2304 1283 1‘2.
2350 1230 2457 1282 Kal
2499 1229 2592 1281 ἐπὶ
2639 1226 2717 1298 τῷ
2765 1228 2958 1301 πλήθει
2994 1225 3087 1279 τοῦ
3119 1226 3348 1279 πλούτου
3388 1226 3573 1279 αὐτῶν
3601 1245 3748 1280 καυ-

462 1334 689 1388 riantur.

2147 1319 2399 1391 χὼμενοι.

531 1426 614 1478 13.
653 1426 845 1479 Frater
880 1443 990 1480 non
1027 1426 1268 1491 redimit,
1300 1424 1533 1478 redimet
1559 1423 1745 1486 homo,

2219 1414 2304 1467 15.
2346 1412 2597 1481 Ἀδελφὸς
2631 1412 2688 1464 οὐ
2720 1411 3029 1482 λυτροῦται,
3055 1411 3388 1482 λυτρώσεται
3414 1413 3714 1479 ἄνθρωπος
3732 1431 3745 1443 ·

531 1517 619 1570 11.
650 1514 768 1569 Non
795 1516 946 1571 dabit
974 1516 1084 1571 Deo
1108 1517 1471 1586 placationem
1509 1528 1689 1579 suam,

2219 1502 2307 1555 M.
2342 1503 2415 1554 Οὐ
2445 1500 2607 1554 δώσει
2637 1500 2714 1570 τῷ
2743 1501 2861 1571 Θεῷ
2891 1501 3155 1572 ὲξίλασμα
3185 1502 3401 1567 ἑαυτοῦ,

532 1607 618 1662 15.
653 1608 719 1661 Ει
750 1610 985 1677 pretium
1018 1608 1409 1679 redemptionis
1439 1607 1638 1661 animae
1666 1620 1798 1661 suat.

2222 1596 2308 1649 15.
2336 1597 2446 1648 Kal
2466 1594 2561 1666 τὴν
2581 1596 2744 1665 τιμὴν
2766 1595 2863 1665 τῆς
2881 1594 3202 1665 λυτρώσεως
3221 1595 3322 1665 τῆς
3343 1595 3525 1666 ψυχῆς
3550 1596 3748 1649 αὑτοῦ.

535 1698 621 1753 16.
656 1699 719 1753 Ει
783 1700 1067 1755 laborabat
1120 1701 1175 1754 in
1221 1710 1508 1765 teter-num,
1570 1708 1625 1753 et
1680 1698 1824 1752 vivet
1871 1695 1926 1748 in
1982 1693 2044 1748 [i-

2224 1688 2308 1740 16.
2338 1688 2446 1740 Kal
2479 1686 2769 1739 ἐκοπίασεν
2811 1688 2891 1748 εἰς
2918 1686 3008 1739 τὸν
3035 1685 3205 1740 αἰῶνα
3228 1728 3241 1751 ,
3277 1687 3371 1740 καὶ
3405 1686 3640 1759 ζήσεται
3668 1690 3749 1750 εἰς

2218 1780 2303 1818 λη.-

462 1810 607 1847 mem.

2078 1780 2120 1818 υ
2149 1780 2324 1842 τέλος.

534 1883 616 1937 17.
648 1883 766 1937 Non
795 1884 999 1938 videbit
1027 1883 1336 1951 interitum,

2226 1871 2312 1923 17.
2350 1870 2463 1921 Οὐκ
2495 1868 2683 1938 ὄψεται
2716 1869 3086 1941 καταφθορὰν,

532 1977 619 2030 18.
653 1977 789 2030 Cum
817 1977 1011 2031 viderit
1041 1978 1313 2045 sapientes
1352 1972 1693 2029 morientes?

2224 1963 2311 2016 18.
2347 1963 2510 2015 Ὅταν
2548 1962 2632 2035 ἴδῃ
2665 1963 2861 2030 σοφοὺς
2886 1962 3360 2033 ἀποθνήσκονταςς

532 2069 619 2123 19.
650 2068 823 2123 Simul
856 2070 1119 2139 insipiens
1147 2078 1202 2123 et
1229 2068 1431 2123 stultus
1463 2067 1759 2136 peribunt:

2229 2057 2314 2111 19.
2361 2056 2483 2107 Ἐπὶ
2514 2054 2577 2107 τὸ
2608 2055 2738 2107 αὐτὸ
2772 2054 2960 2125 ἄφρων
2991 2054 3085 2106 καὶ
3112 2053 3270 2117 ἄνους
3298 2053 3670 2109 ἀπολοῦνται·

531 2162 620 2217 ΞΟ.
654 2160 722 2216 Et
744 2161 1055 2231 relinquent
1081 2161 1272 2217 alienis
1302 2160 1522 2218 divitias
1557 2174 1711 2214 suas.

2221 2145 2310 2200 20.
2353 2145 2462 2198 Καὶ
2516 2145 2932 2214 καταλείψουσιν
2982 2145 3283 2215 ἀλλοτρίοις
3345 2146 3436 2199 τὸν
3507 2146 3745 2202 πλοῦτον

2150 2236 2352 2289 αὐτῶν.

1592 2374 1969 2433 ΑΤΗΑΝΑΞΙΙ
2014 2372 2606 2430 INTERPRETATIO.

532 2542 588 2598 5.
622 2540 848 2595 Terreni
874 2539 969 2593 ﬁlii
1000 2538 1308 2593 hominum.

2219 2534 2272 2588 5.
2316 2536 2377 2587 Οἱ
2405 2538 2581 2603 γήινοι
2623 2532 2725 2584 υἱοὶ
2751 2529 2859 2582 τῶν
2889 2528 3208 2601 ἀνθρώπων.

528 2633 582 2685 4.
620 2631 878 2685 Eamdem
908 2630 1211 2686 doctrinam
1239 2627 1397 2682 vobis
1428 2626 1687 2683 omnibus
1718 2626 2035 2697 propositu-

2217 2627 2270 2681 4.
2314 2625 2423 2697 Τὴν
2454 2625 2625 2696 αὐτὴν
2661 2623 3010 2677 διδασκαλίαν
3035 2624 3200 2676 πᾶσιν
3237 2622 3366 2692 ὑμῖν
3392 2620 3575 2690 μέλλω
3607 2639 3748 2693 προ-

460 2738 557 2778 I‘US
584 2737 730 2776 sum.

2145 2720 2352 2773 τιθέναι
2376 2717 2477 2787 (1).

530 2815 586 2868 5.
616 2813 860 2883 Apostoli
894 2828 988 2883 per
1020 2811 1463 2887 praedicatiopem
1502 2811 1797 2880 loquentur
1825 2809 2042 2878 sapien-

2218 2813 2273 2867 5.
2314 2812 2376 2864 Οί
2421 2809 2709 2863 ἀπόστολοι
2757 2809 2846 2863 διὰ
2889 2807 2982 2861 τοῦ
3031 2807 3387 2878 κηρύγματος
3438 2806 3746 2878 λαλήσουσι

460 2904 591 2958 tiam
624 2904 764 2973 ejus,
792 2920 899 2958 non
935 2903 1099 2971 hujus
1129 2902 1337 2956 sazculi.

2150 2902 2341 2971 σοφίαν
2368 2900 2554 2965 αὐτοῦ,
2584 2899 2733 2971 [oux]
2763 2899 2956 2961 αἰῶνος
2990 2896 3067 2967 (2)
3099 2898 3306 2950 τούτου.

529 2996 583 3050 6.
613 2994 682 3050 Ει
725 2995 1008 3049 meditatio
1058 2994 1396 3049 credentium
1448 2994 1502 3047 in
1554 3009 1639 3048 me
1687 2990 2043 3062 intelligentia

2218 2994 2269 3047 6.
2311 2994 2421 3045 Kal
2448 2996 2481 3063 ἡ
2522 2993 2717 3064 μελέτη
2751 2991 2858 3045 τῶν
2886 2990 3251 3043 πιστευόντων
3292 2992 3370 3054 εἰς
3396 2991 3496 3060 ἐμὲ
3528 2992 3749 3055 σύνεσίς

458 3095 564 3142 est.

2147 3098 2316 3136 εστιν.

530 3176 583 3230 7.
618 3175 900 3230 Adducam
934 3175 987 3229 in
1016 3174 1331 3246 parabolam
1358 3174 1682 3245 mysterium
1711 3188 1918 3227 meum.

2072 3163 2113 3221 C
2218 3175 2272 3228 7.
2306 3173 2521 3242 Ἀγάγω
2547 3174 2626 3236 είς
2655 3172 2966 3244 παραϐολὴν
2998 3172 3057 3225 τὸ
3082 3172 3378 3243 μυστήριόν
3415 3189 3538 3242 μου.

527 3266 583 3320 8.
616 3266 931 3321 Describam
958 3268 1011 3320 in
1039 3267 1298 3336 psalterio
1322 3266 1760 3335 propositionem
1785 3279 1988 3319 meam.

1919 3279 1988 3317 m.
2222 3267 2275 3320 8.
2308 3267 2631 3337 Ἀναγράψω
2659 3268 2716 3318 ἐν
2744 3266 3027 3337 ψαλτηρίῳ
3055 3265 3115 3319 τὸ
3142 3266 3350 3336 πρόϐλη
3361 3283 3450 3336 μα.

528 3358 585 3412 9.
619 3358 884 3427 Tempore
913 3359 1185 3427 passionis
1218 3373 1372 3411 meae.

2222 3358 2278 3413 9.
2309 3360 2396 3411 Ἐν
2422 3358 2498 3429 τῷ
2533 3358 2710 3429 καιρῷ
2739 3356 2833 3410 τοῦ
2868 3357 3077 3421 πάθους
3112 3376 3236 3428 μου.

531 3448 620 3503 10.
655 3449 825 3505 Judas
866 3450 1092 3504 ultimus
1126 3449 1524 3520 discipulorum
1560 3462 1809 3503 meorum
1856 3447 2042 3501 insur-

2224 3450 2311 3503 10.
2343 3450 2541 3513 Ἰούδας
2564 3453 2590 3503 ὁ
2618 3450 2843 3520 ἔσχατος
2866 3452 2974 3503 τῶν
3018 3449 3275 3519 μαθητῶν
3314 3467 3414 3519 μου
3458 3450 3752 3505 ἐπισυστεῑ

459 3553 547 3616 get
574 3543 628 3596 in
659 3557 768 3597 me.
858 3582 861 3583 ν

2153 3542 2231 3608 (5)
2264 3541 2661 3613 [ἑπισυστήσει]
2695 3559 2804 3612 μοι.

531 3634 619 3688 11.
652 3632 938 3703 Principes
960 3632 1299 3689 Judmorum.

2224 3634 2310 3687 11.
2351 3635 2413 3686 Οἱ
2441 3634 2696 3703 ἄρχοντες
2721 3634 2828 3687 τῶν
2865 3634 3158 3687 Ἰουδαίων.

530 3723 618 3778 12.
676 3721 879 3778 Scriba:
927 3733 982 3778 et
1033 3724 1295 3779 Pharisaei
1355 3722 1764 3795 Scripturarum
1818 3723 2043 3779 scientia

2228 3727 2314 3779 12.
2358 3728 2419 3778 Οἱ
2451 3729 2798 3797 γραμματεῖς
2832 3728 2924 3780 καὶ
2961 3729 3009 3779 οἱ
3052 3729 3336 3799 Φαρισαῖοι
3369 3728 3461 3781 ἐπὶ
3600 3730 3749 3797 γνὼ·

459 3814 613 3868 clati.
2155 3834 2235 3869 σει
2270 3816 2345 3885 (4)
2374 3815 2481 3870 τῶν
2508 3817 2737 3889 Γραφῶν
2765 3805 3135 3888 ἐπαιρόμενοι.

531 3907 619 3960 15.
650 3903 768 3960 Non
821 3903 994 3959 frater
1039 3915 1227 3961 noster
1263 3916 1366 3973 est,
1401 3908 1494 3977 qui
1520 3906 1743 3962 redimit
1781 3921 1904 3970 nos,
1938 3906 2045 3958 hoc

2226 3908 2312 3959 1⁸5.
2350 3908 2462 3960 Οὐκ
2497 3907 2724 3978 ἀδελφὸς
2754 3910 2912 3980 ἡμῶν
2940 3913 3086 3963 ἐστιν
3119 3914 3147 3964 ὁ
3176 3910 3541 3981 λυτρούμενος
3568 3913 3755 3981 ἡμᾶς,

457 4006 543 4051 est
566 4007 770 4052 nostra-
802 4008 1011 4051 naturae
1041 4007 1095 4052 et
1113 3999 1466 4066 conditionis,
1492 3999 1588 4055 sed
1612 3998 1757 4054 Deus
1788 4014 1884 4066 per
1915 4014 1988 4067 gr:

2224 3999 2429 4053 néarw
2472 4001 2499 4051 ὁ
2541 4000 2640 4069 τῆς
2795 4003 3067 4073 ἡμετέρας
3110 4001 3347 4071 φύσεως,
3383 4002 3497 4055 ἀλλ’
3538 4004 3567 4053 ὁ
3608 4005 3755 4069 Θεὸς

459 4088 594 4143 tiam
619 4085 798 4142 factus
832 4090 993 4143 homo
1018 4089 1273 4143 liberabit
1300 4105 1423 4145 nos.

2154 4091 2293 4143 κατά
2319 4090 2477 4160 χάριν
2510 4092 2805 4161 γενόμενος
2836 4093 3120 4164 ἄνθρωπος
3144 4093 3479 4165 λυτρώσεται
3512 4096 3684 4164 ἡμᾶς.

530 4178 616 4233 14.
652 4178 719 4232 Et
741 4195 849 4233 non
878 4169 1029 4235 dabit
1059 4182 1301 4251 seipsum
1335 4183 1699 4252 placationem
1729 4197 1830 4253 pro
1860 4182 2044 4236 anima

2229 4184 2316 4236 M.
2359 4184 2464 4235 Kal
2499 4184 2854 4248 οὐδξ,ἐαυτὸν
2891 4185 3050 4239 δώσει
3097 4186 3364 4257 ὲξίλασμα
3396 4186 3493 4258 τὴν
3530 4186 3606 4257 (6)
3637 4187 3753 4257 ψυ-

459 4287 582 4337 sua,
617 4272 710 4326 sed
735 4286 835 4341 pro
864 4271 1144 4328 omnibus.

2154 4277 2252 4348 χὴν
2281 4275 2468 4340 αὑτοῦ,
2510 4278 2644 4330 ἀλλά
2672 4279 2757 4332 διὰ
2785 4280 3012 4339 πάντας.

530 4364 619 4418 15.
646 4361 832 4434 Neque
867 4364 1102 4434 pretium
1140 4366 1364 4436 aliquod
1396 4367 1571 4433 dabit,
1599 4376 1660 4421 ut
1700 4367 1893 4422 liberet
1923 4368 2045 4421 ani-

2228 4369 2316 4422 15.
2357 4370 2491 4421 Οὐδὲ
2537 4371 2703 4441 τιμήν
2748 4388 2866 4423 τινα
2909 4371 3090 4436 δώσει,
3138 4371 3223 4424 ἵνα
3267 4369 3612 4443 λυτρώσηται
3643 4372 3752 4444 τὴν

462 4472 607 4511 mam
634 4472 813 4511 suam.

2084 4524 2118 4531 _
2155 4460 2329 4531 ψυχὴν
2353 4460 2537 4514 αὐτοῦ.

535 4548 619 4603 16.
644 4548 710 4604 Et
734 4564 932 4619 passus
948 4556 1032 4603 est
1061 4548 1114 4602 in
1146 4548 1372 4614 mundo,
1398 4548 1490 4603 sed
1518 4548 1651 4603 vivit
1683 4548 1735 4602 in
1762 4557 2049 4604 aeternum.

2356 4552 2465 4605 Kal
2498 4552 2736 4607 πέπονθε
2768 4553 2846 4624 τῷ
2885 4552 2962 4624 (7)
2997 4555 3207 4626 κόσμῳ,
3238 4556 3375 4609 ἀλλά
3408 4554 3473 4627 ζῇ
3510 4557 3747 4610 ἀτελευ-

2156 4645 2355 4715 τήτως.

536 4723 619 4779 l7.
656 4722 755 4779 llic
787 4725 1004 4795 quidem
1048 4740 1156 4779 non
1190 4727 1344 4780 novit
1387 4730 1796 4797 corruptionem
1825 4746 1839 4795 ;
1873 4743 2051 4799 neque

2230 4736 2318 4792 17.
2356 4730 2524 4801 Οὗτος
2556 4736 2656 4807 μὲν
2691 4737 2791 4790 οὐκ
2823 4733 2929 4791 εἶδε
2968 4738 3287 4811 διαφθοράν·
3318 4741 3378 4793 οὐ
3417 4739 3524 4812 γάρ
3553 4736 3624 4812 ἦν
3654 4743 3746 4795 δυ-

462 4817 613 4870 enim
643 4816 907 4885 possibile
935 4824 1076 4881 erat,
1108 4825 1170 4870 ut
1212 4818 1329 4887 ipse
1359 4820 1708 4888 corruptione
1752 4829 1991 4875 teneretu

1849 4830 2047 4875 eretur.
2156 4828 2313 4880 νατὸν
2340 4828 2660 4899 κρατεῖσθαι
2690 4829 2851 4882 αὑτὸν
2887 4829 2992 4882 ὑπὸ
3020 4830 3119 4899 τῆς
3155 4830 3380 4901 φθορᾶς.

533 4908 621 4961 18.
647 4905 850 4962 Omnes
877 4919 1059 4962 autem
1084 4909 1358 4979 sapientes
1390 4911 1554 4981 hujus
1581 4912 1764 4966 saeculi
1794 4914 1911 4983 ipse
1933 4930 2051 4969 mo-

2229 4919 2315 4972 18.
2344 4920 2566 4982 Πάντας
2591 4920 2648 4972 δὲ
2684 4921 2810 4984 τοὺς
2840 4921 3036 4989 σοφοὺς
3067 4920 3161 4973 τοῦ
3192 4921 3388 4985 αἰῶνος
3416 4921 3608 4974 τούτου
3649 4923 3746 4975 αὖα

463 4999 668 5054 rientes
694 4999 919 5054 videbit.

2155 5011 2246 5074 τὸς
2280 5011 2470 5079 ὄψεται
2500 5011 2959 5083 ἀποθνήσκοντας.

534 5090 633 5177 19.
660 5088 833 5143 Simul
855 5104 1047 5147 omnes
1072 5092 1331 5161 peribunt
1362 5108 1473 5149 non
1507 5097 1831 5152 conﬁtentes
1868 5098 2047 5169 ipsum

2229 5104 2315 5157 19.
2358 5103 2728 5174 Ὀμοθυμαδὸν
2753 5104 2952 5169 πάντες
2973 5105 3298 5159 ἀπολοῦνται
3324 5107 3373 5159 οἱ
3398 5105 3473 5177 μὴ
3494 5105 3745 5173 λέγοντες

462 5192 585 5233 esse
616 5176 812 5232 Deum.

2159 5196 2321 5248 αὑτὸν
2352 5190 2491 5250 εἶναι
2521 5197 2674 5249 Θεόν.

532 5270 625 5325 2οο
656 5270 1005 5328 ῧὶἓωοιιίῢιιε
1034 5274 1251 5330 animas
1272 5289 1401 5330 $1135
1431 5275 1671 5330 tradeﬂl-
2231 5288 2321 5342 20.
2355 5289 2480 5353 Τοῖς
2511 5289 2729 5360 δαίμοσι
2751 5288 2848 5352 τὰς
2876 5289 3053 5361 ψυχὰς
3085 5289 3264 5344 αὐτῶν
3291 5287 3745 5360 ὲμπιστεύσουσι.

1422 5390 1726 5452 Addenda
1760 5400 1822 5454 et
1853 5392 2239 5474 corrigenda
2271 5418 2351 5461 ex
2384 5401 2528 5465 cod.
2570 5404 2774 5467 Vatic.

534 5482 612 5617 φ)
652 5483 816 5553 Λέγει
846 5487 1081 5568 πᾶσιν...
1117 5488 1490 5570 προτίθεσθαι.
2236 5498 2309 5567 (5)
2341 5499 2416 5551 Οὐ
2444 5501 2564 5569 τῆς.
3413 5516 3417 5519 ‘

558 5555 614 5617 2)
654 5554 853 5617 Σοφίαν
872 5560 933 5609 οὑ
965 5575 1057 5610 του
1092 5561 1306 5617 αἰωνος.
2234 5570 2308 5617 (ﬁl
2340 5573 2447 5617 Καὶ
2483 5573 2542 5617 οὐ
2572 5573 2644 5617 δι’
2670 5575 2859 5617 ἑαυτὴν
2882 5572 3039 5617 δώσει
3066 5573 3328 5617 lignantur
3354 5574 3417 5617 τσΙπ

640 5554 933 5646 Eri—(glauci)
965 5558 1057 5610 τοῦ
1092 5554 1306 5623 αἰῶνος.
2340 5573 2447 5646 Καὶ
2483 5554 2542 5646 όίξ
2572 5573 2644 5626 δι’
2670 5575 2859 5630 ἑαυτὸν
2882 5572 3040 5632 δώσει
3066 5573 3331 5645 ὲξίλασμα
3354 5574 3476 5646 τήν,
3507 5582 3614 5631 etc.

536 5625 613 5698 (ὃ)
640 5624 827 5698 ’ξπισυ
836 5630 929 5698 στῇ
960 5646 1067 5697 μοι.

537 5641 613 5686 (ο)
645 5641 929 5698 ιπισυστῃ
959 5646 1067 5714 μοι.
1152 5700 1176 5713 η
2238 5641 2314 5713 (7)
2359 5642 2446 5695 Ἐν
2476 5642 2572 5698 τῶ.

537 5694 616 5764 (4)
658 5695 1008 5766 Γραμματεις
1039 5701 1238 5767 αὐτων,
1278 5702 1392 5769 καί,
1423 5710 1550 5770 ctc.,
1576 5701 1669 5756 ἐπὶ
1697 5703 1795 5770 τὴν
1826 5703 2049 5770 γνῶσιν.
2524 5695 2534 5714 ⁸
