3876 6220
179 262 299 322 su
1112 268 1204 322 on
1244 267 1518 326 mnus
1556 265 2302 337 PSALMORUMILPSAL.
2334 267 2580 340 XLVmi
3355 286 3462 342 διε

266 380 358 436 21.
386 381 494 435 Καὶ
513 384 558 434 οἱ
580 381 741 452 τάφοι
769 382 946 438 αὐτῶν
966 385 1134 439 οἰκίαι
1161 386 1338 439 αὐτῶν
1365 389 1444 452 εἰς
1461 389 1552 442 τὸν
1575 391 1766 446 αἰῶνα·

1947 394 2035 450 21.
2065 395 2130 450 Ει
2163 399 2409 469 sepulcra
2447 412 2639 454 eorum
2689 406 2887 455 domus
2938 399 3181 470 illorum,
3204 399 3262 453 in
3297 405 3460 454 aeter-

1879 501 2010 540 num
2046 505 2060 541 ε

1947 581 2038 634 22.
2068 579 2443 635 Tabernacula
2485 595 2674 636 eorum
2720 581 2777 636 in
2809 581 3125 652 progeniem
3165 590 3220 636 et
3261 591 3448 652 proge-

1877 671 2025 726 niem
2059 691 2071 725 :

1949 762 2042 818 25.
2082 762 2424 819 Vocaverunt
2447 761 2670 818 nomina
2695 778 2792 818 sua
2821 762 2877 817 in
2906 762 3071 818 terris
3097 761 3240 818 suis.

260 556 352 612 22.
387 557 731 630 Σκηνώματα
762 560 940 613 αὐτῶν
971 563 1052 626 εἰς
1084 563 1276 631 γενεὰν
1303 565 1400 617 καὶ
1433 567 1627 634 γενεάν
1650 585 1664 598 ο

262 742 358 797 25.
409 741 843 795 Ἐπεκαλέσαντο
887 741 956 794 τὰ
1003 742 1245 812 ὀνόματα
1292 744 1472 798 αὐτῶν
1521 746 1615 798 ἐπὶ
1667 749 1776 800 τῶν

184 833 368 902 γαιῶν
393 832 591 887 αὐτῶν.

269 924 357 978 24.
389 926 499 979 Καὶ
525 927 829 994 ἄνθρωπος,
864 929 920 980 ὲν
949 929 1083 998 τιμῇ
1114 926 1208 992 ὢν,
1239 929 1300 980 οὐ
1331 929 1556 982 συνῖκκε·

1947 933 2037 987 24.
2071 931 2139 988 Ει
2184 934 2349 989 homo
2389 950 2516 991 cum
2557 937 2614 991 in
2652 937 2860 995 honore
2891 946 3059 1006 esset,
3093 949 3203 992 non
3240 932 3454 992 intelle-

1874 1024 1953 1078 xit
1979 1069 1990 1080 .

263 1096 354 1152 25.
387 1092 850 1171 Παρασυνεϐλήθη
895 1103 1008 1163 τοῖς
1055 1101 1276 1172 κτήνεσι
1323 1103 1436 1164 τοῖς
1489 1103 1770 1176 ἀνοήτοις,

1947 1117 2034 1170 25.
2067 1115 2427 1186 Comparatus
2458 1125 2542 1173 est
2563 1117 2826 1188 jumentis
2860 1119 3264 1190 insipientibus,
3295 1127 3349 1177 et
3369 1120 3453 1178 si-

180 1185 284 1240 καὶ
311 1187 570 1259 ὡμοιώθη
601 1191 806 1254 αὐτοῖς.

1947 1209 2019 1264 iis
2049 1185 2226 1264 factus
2253 1217 2336 1264 est
2365 1209 2494 1264 illis.

176 1282 216 1350 ζ
261 1277 353 1331 26.
388 1280 536 1350 Αῦτη
569 1283 600 1352 ή
633 1281 750 1344 ὁδὸς
778 1282 954 1336 αὐτῶν
982 1282 1278 1338 σκάνδαλον
1303 1284 1488 1351 αὐτοῖς
1506 1305 1520 1318 °

1947 1299 2030 1353 26.
2065 1298 2192 1355 Hazc
2219 1301 2305 1355 via
2331 1295 2549 1356 illorum
2583 1299 2904 1356 scandalum
2936 1301 3070 1371 ipsis
3097 1315 3118 1356 ':

177 1370 196 1434 ζ
261 1369 354 1423 27.
385 1372 495 1425 Καὶ
527 1373 665 1442 μετὰ
685 1373 857 1427 ταῦτα
885 1377 943 1428 ὲν
965 1375 1041 1446 τῷ
1074 1377 1304 1448 στόματι
1337 1380 1515 1433 αὐτῶν
1546 1381 1771 1452 εὐδοκή-

1947 1388 2032 1444 27.
2062 1387 2128 1444 Ει
2148 1399 2342 1460 postea
2368 1390 2423 1445 in
2446 1405 2540 1446 ore
2563 1405 2664 1445 suo
2693 1369 3128 1460 complacebunt.

181 1477 395 1514 σουσιν.

757 1556 1075 1627 meum
1109 1558 1204 1632 (a).
2492 1574 2826 1644 Diapsalma.

255 1645 349 1700 28.
396 1647 485 1710 Ὦς
517 1647 765 1718 πρόϐατα
792 1651 848 1704 ὲν
876 1649 976 1721 ᾇδη
1007 1650 1224 1706 ἔθεντο·

1947 1663 2026 1718 28.
2061 1664 2212 1720 Sicut
2242 1681 2370 1722 oves
2400 1666 2457 1720 in
2488 1661 2703 1722 inferno
2727 1668 2888 1737 positi
2920 1677 3049 1724 sunt
3069 1690 3090 1728 ι

243 1739 350 1793 29.
379 1739 616 1802 Θάνατος
652 1745 911 1812 ποιμανεῖ
937 1743 1155 1808 αὐτούς.

1947 1749 2031 1808 29.
2056 1753 2202 1811 Mors
2229 1756 2484 1826 depascet
2512 1771 2629 1811 eos.

254 1829 349 1884 50.
378 1832 486 1884 Καὶ
509 1835 1031 1904 κατακυριεύσουσιν
1053 1836 1233 1890 αὐτῶν
1253 1839 1300 1890 οἱ
1323 1837 1499 1904 εὐθεῖς
1518 1840 1578 1893 τὸ
1602 1837 1762 1911 πρωῒ.

1947 1846 2030 1900 50.
2066 1845 2136 1902 Et
2165 1847 2612 1917 [dominabuntur
2642 1865 2830 1904 eorum
2855 1849 2996 1920 justi
3035 1852 3089 1906 in
3132 1855 3420 1913 matutino.

253 1922 348 1976 3L
379 1924 537 1996 Καὶή
560 1925 782 1997 βοήθεια
811 1926 990 1980 αὐτῶν
1013 1927 1455 2001 παλαιωθήσεται
1476 1933 1532 1986 ὲν
1552 1932 1628 2003 τῷ
1643 1927 1763 2007 ᾆδῃ,

1947 1940 2023 1992 51.
2059 1937 2125 1992 Et
2153 1933 2420 1994 auxilium
2445 1954 2636 1994 eorum
2665 1951 2965 1998 veterascet
2987 1945 3042 1997 in
3070 1945 3305 2012 inferno,

254 2015 349 2069 52.
393 2017 485 2070 Ἐκ
521 2018 620 2088 τῆς
646 2018 803 2091 δόξης
831 2019 1010 2073 αὐτῶν
1037 2021 1372 2093 ἐξώσθησαν.

1947 2030 2026 2084 52.
2055 2030 2098 2084 A
2135 2030 2306 2101 gloria
2338 2046 2528 2085 eorum
2559 2033 2769 2102 expulsi
2804 2043 2950 2088 sunt.

252 2107 348 2161 55.
380 2108 526 2180 Πλὴν
566 2111 594 2162 ὁ
626 2109 759 2174 Θεὸς
804 2110 1139 2182 λυτρώσεται
1173 2113 1271 2185 τὴν
1318 2114 1499 2187 ψυχήν
1547 2134 1650 2187 μου
1700 2119 1764 2170 ἐκ

1947 2120 2447 2198 55._Verumtamen
2478 2116 2621 2178 Deus
2643 2124 2874 2181 redimet
2901 2127 3142 2182 animam
3171 2142 3348 2185 meam
3372 2128 3448 2186 de

167 2215 238 2270 χε
249 2200 368 2271 ιρός
395 2201 541 2271 ᾅδου,

1947 2191 2048 2265 mu.
2063 2211 2245 2279 inferi,

253 2293 347 2347 54.
387 2294 554 2347 Ὅταν
587 2294 838 2370 λαμϐάνῃ
875 2315 962 2368 με.

1947 2299 2034 2355 54.
2065 2300 2203 2357 Cum
2237 2305 2507 2374 acceperit
2537 2320 2642 2360 me.

250 2387 346 2440 55.
379 2387 470 2458 Μὴ
501 2381 687 2456 φοϐοῦ,
714 2385 840 2442 ὅταν
868 2391 1070 2462 πλουτή
1081 2406 1147 2463 σῃ
1174 2383 1269 2446 ἄνθ
1279 2407 1478 2464 ρωπος,

1947 2390 2028 2446 55.
2056 2392 2134 2448 Ne
2166 2395 2418 2452 timueris
2469 2413 2596 2452 cum
2633 2399 2787 2455 dives
2831 2397 3010 2455 factus
3052 2398 3217 2455 fuerit
3251 2395 3444 2464 homo,

244 2479 340 2533 56.
375 2481 442 2532 Ἢ
471 2480 596 2534 ὅταν
627 2481 902 2553 πληθυνθῇ
935 2485 966 2553 ἡ
996 2483 1120 2550 δόξα
1150 2485 1242 2538 τοῦ
1278 2487 1428 2539 οἴκου
1464 2487 1652 2539 αὐτοῦ.

1947 2480 2028 2534 56.
2058 2482 2168 2538 Aut
2216 2500 2341 2540 cum
2389 2486 2751 2557 multiplicata
2797 2485 2968 2542 fuerit
3017 2486 3189 2558 gloria
3243 2485 3445 2541 domus

1867 2585 2008 2640 ejus.

242 2681 332 2754 (α)
367 2680 444 2737 Ita
473 2682 593 2738 cod.
625 2681 796 2738 Vatic.

1306 2835 1674 2894 ATHANAS“
1714 2833 2305 2894 ENTERPRETATIO.

242 2998 342 3052 21.
374 2997 484 3051 Καὶ
514 2998 571 3049 ἐν
592 2998 710 3059 ταῖς
737 2996 1033 3066 ἁμαρτίαις
1059 2998 1240 3050 αὐτῶν
1267 2994 1681 3050 ἀποθανοῦνται.

1947 2993 2022 3048 21.
2059 2992 2124 3047 Ει
2157 2993 2211 3047 in
2250 2993 2486 3063 peccatis
2515 2989 2631 3049 suis
2657 2993 2980 3049 morientur.

245 3088 342 3142 22.
385 3088 449 3139 Ἠ
482 3086 747 3157 νέκρωσις
785 3084 962 3138 αὐτῶν
990 3087 1068 3149 εἰς
1103 3085 1192 3138 τὸν
1220 3085 1391 3138 αἰῶνα
1414 3083 1508 3137 τοῦ
1539 3084 1753 3147 αἰῶνος.

1947 3083 2028 3137 22.
2061 3083 2318 3157 interitus
2342 3100 2532 3140 eorum
2570 3085 2625 3139 in
2659 3086 2919 3140 saeculum
2951 3083 3158 3141 saeculi.

245 3181 341 3236 25.
373 3181 834 3252 Περιεποιήσαντο
861 3181 957 3243 τὰς
984 3182 1180 3250 γηΐνας
1207 3179 1400 3250 ἡδονὰς
1427 3180 1596 3250 αὐτῆς
1618 3180 1717 3250 (1).

1947 3173 2022 3229 25.
2060 3150 2529 3245 Comparaveruut
2562 3176 2668 3231 sibi
2695 3185 2942 3231 terrenas
2968 3175 3299 3246 voluptates.

247 3275 339 3328 24.
361 3274 484 3348 Καὶ
515 3274 614 3327 οὐκ
649 3274 985 3340 ἐπέγνωσαν,
1011 3274 1092 3326 ὅτι
1129 3273 1251 3328 κατ’
1279 3271 1464 3326 εἰκόνα
1499 3271 1633 3324 Θεοῦ
1668 3288 1758 3339 γε-

1947 3267 2026 3321 24.
2071 3267 2134 3320 Et
2187 3283 2300 3322 non
2350 3277 2757 3339 cognoverunt,
2810 3268 2956 3340 quod
2997 3270 3296 3324 secundum
3344 3265 3439 3324 Dei

163 3369 458 3438 γένηνται.

1947 3359 2154 3429 aginem
2180 3358 2311 3414 facti
2342 3369 2489 3414 sunt.

249 3458 339 3514 25.
382 3459 519 3513 Ἀλλ’
553 3458 628 3522 ὡς
655 3458 808 3512 ἵπποι
834 3457 1160 3530 θηλυμανεῖς
1185 3458 1486 3530 εὑρέθησαν
1515 3457 1614 3516 (2).

1947 3443 2018 3504 £5.
2055 3447 2161 3503 Sed
2191 3449 2356 3504 veluti
2401 3450 2528 3520 equi
2579 3449 2635 3504 in
2685 3449 2935 3520 feminas,
2966 3451 3303 3507 insanientes
3350 3450 3438 3505 in-

1859 3540 2007 3595 venti
2033 3547 2162 3594 sunt
3013 3600 3025 3612 ο

247 3634 340 3688 26.
383 3635 448 3688 Ἥ
493 3635 671 3706 τρυφὴ
715 3636 809 3688 καὶ
847 3637 1029 3706 ἀπάτη
1061 3634 1153 3690 τοῦ
1197 3636 1315 3707 βίου
1346 3639 1540 3691 τούτου
1588 3641 1753 3705 παγὶς

1947 3633 2020 3686 26.
2056 3633 2272 3688 Delicias
2299 3642 2354 3688 et
2383 3633 2653 3689 illecebrae
2683 3631 2848 3704 hujus
2869 3634 2991 3691 vitae
3024 3635 3255 3706 laqueus
3277 3635 3433 3706 ipsis.

169 3729 379 3790 αὐτοῖς.

244 3818 336 3873 27.
368 3820 478 3871 Καὶ
504 3819 642 3889 μετά
667 3818 838 3872 ταῦτα
859 3818 958 3890 τὴν
987 3820 1270 3890 σπατὰλην
1292 3821 1385 3874 τοῦ
1418 3821 1533 3874 ϐίου
1563 3823 1750 3874 τούτου

1947 3804 2016 3858 Π.
2041 3805 2107 3860 Et
2137 3814 2258 3875 post
2287 3807 2402 3860 haec
2422 3807 2613 3859 luxum
2642 3805 2805 3876 hujus
2831 3807 3013 3861 saeculi
3044 3807 3326 3862 amabunt.

167 3909 465 3981 ἐρὰσουσιν
499 3909 597 3979 (5).

245 4000 336 4054 28.
381 4001 470 4063 Ὠς
512 3999 682 4068 ἄλογα
733 3998 846 4064 ζῶα
896 4001 962 4070 τῇ
1018 3997 1177 4070 ἡδονῇ
1225 3998 1319 4052 τοῦ
1366 3998 1481 4069 βίου
1528 4001 1752 4062 ἑαυτοὺς

1947 3979 2017 4034 ὶ8.
2045 3978 2115 4034 Ut
2141 3979 2301 4034 bruta
2335 3980 2591 4036 animal-ia
2621 3983 2994 4054 voluptatibus
3030 3984 3154 4038 vitm
3183 3999 3243 4040 se
3283 3984 3435 4054 ipsos

168 4091 518 4163 παρέδωκαν.

1947 4071 2226 4126 diderunt.

245 4183 334 4236 29.
363 4183 601 4244 Θάνατος
631 4181 808 4234 αὐτῶν
842 4179 1140 4252 κυριεύσει.

1947 4164 2018 4218 l9.
2055 4164 2197 4219 Mors
2224 4163 2302 4219 eis
2333 4163 2726 4219 dominabitur.

243 4273 332 4328 50.
365 4275 426 4326 υἱ
456 4274 596 4342 ἆγιοι
628 4273 722 4325 τοῦ
747 4272 881 4326 Θεοῦ
909 4266 1184 4343 κρινοῦσιν
1217 4267 1412 4332 αὐτοὺς
1444 4270 1501 4324 ὲν
1530 4273 1596 4339 τῇ
1623 4271 1750 4322 ἀνα-

1947 4253 2015 4308 ἱθ.
2051 4252 2233 4309 Sancti
2279 4253 2374 4309 Dei
2424 4252 2748 4326 iudicabunt
2781 4269 2878 4310 eos
2913 4253 2969 4308 in
3007 4257 3431 4315 resurrectione.

171 4366 385 4418 στάσει.
1774 4353 1827 4412 D

243 4457 334 4510 51.
366 4457 476 4510 Καὶ
503 4459 536 4528 ἡ
573 4455 735 4525 σοφία
767 4455 861 4509 καὶ
895 4457 923 4508 ὁ
967 4453 1195 4518 πλοῦτος
1225 4453 1402 4506 αὐτῶν
1437 4455 1532 4506 σὺν
1566 4455 1751 4519 αὐτοῖς

1947 4456 2009 4509 Li.
2039 4453 2106 4509 Et
2131 4456 2421 4526 sapientia,
2445 4467 2500 4512 et
2524 4457 2728 4514 divitiae
2754 4472 2942 4512 eorum
2970 4470 3094 4512 cum
3115 4455 3250 4526 ipsis
3272 4469 3433 4514 erunt

169 4554 255 4612 εἴη
285 4553 365 4615 εἰς
393 4550 688 4604 ἀπώλειαν.

1947 4548 2322 4618 perditionem.
3033 4594 3039 4598 -

241 4645 331 4699 52.
359 4643 471 4700 Ka't
498 4644 595 4713 τῆς
626 4641 914 4704 υἱοθεσίας,
972 4632 1041 4713 ἦς
1080 4635 1225 4710 εῖχον
1255 4639 1316 4692 τὸ
1347 4638 1626 4709 πρότερον,
1661 4639 1749 4703 ἐξ-

1947 4635 2010 4690 L2.
2046 4636 2112 4691 Et
2153 4638 2222 4692 ab
2260 4638 2572 4708 adoptione,
2601 4652 2767 4707 quam
2808 4645 2968 4691 antea
3010 4637 3302 4706 habebant,
3329 4656 3429 4696 ex-

166 4737 397 4790 ἐπεσαν.

1947 4735 2121 4782 erunt.

243 4832 332 4887 55.
363 4829 552 4899 Ὅμως
589 4827 618 4882 ὁ
649 4825 780 4888 Θεὸς
813 4822 1155 4896 λυτρὼσεται
1183 4820 1283 4895 τὴν
1324 4819 1500 4891 ψυχήν
1543 4838 1644 4890 μου
1679 4822 1743 4872 ὲκ

1947 4818 2009 4871 ῡ5.
2042 4816 2426 4873 Verumtamen
2457 4816 2602 4873 Deus
2634 4816 2885 4872 liberabit
2913 4818 3148 4873 animam
3183 4834 3362 4878 meam
3397 4840 3428 4879 ο

163 4925 266 4996 τῆς
296 4920 570 4993 ἁμαρτίας
595 4916 691 4972 τοῦ
717 4917 970 4971 θανάτου.

1947 4917 2076 4962 cato
2100 4909 2312 4964 mortis.
2707 4901 2710 4904 Α

244 5015 333 5070 54.
372 5014 541 5066 Ὅταν
566 5008 930 5083 περιποιεῖταῖ
969 5027 1058 5079 με.

1947 5003 2012 5056 ἱ4.
2043 5000 2179 5055 Cum
2210 5004 2518 5072 possederit
2539 5020 2646 5060 me.

241 5106 332 5160 55.
368 5103 459 5174 Μὴ
487 5101 675 5171 φοϐοῦ,
704 5101 830 5153 ὅταν
859 5098 1078 5168 εὐθηνεῖ
1107 5097 1414 5168 ἄνθρωπος.

1947 5091 2013 5146 i5.
2049 5090 2128 5146 Ne
2166 5092 2380 5159 timeas,
2409 5107 2534 5147 cum
2563 5100 2917 5163 prosperatur
2948 5090 3134 5145 homo.

238 5196 328 5249 56.
363 5196 433 5246 Ἣ
460 5195 587 5246 ὅταν
615 5190 886 5260 ἀξιώμασι
919 5189 1014 5242 καὶ
1042 5189 1226 5258 τιμαῖς
1273 5185 1554 5257 μεγίσταις
1595 5201 1744 5256 περι-

1947 5183 2008 5238 ιθ.
2045 5183 2112 5238 Ει
2143 5199 2269 5239 cum
2299 5184 2494 5239 domus
2527 5185 2647 5255 ejus
2674 5183 3028 5256 dignitatibus
3069 5191 3125 5238 et
3167 5179 3423 5238 maximis

163 5286 428 5357 ϐέϐληται
458 5287 487 5339 ὁ
513 5279 660 5345 οἶκος
685 5280 873 5336 αὑτοῦ.

1947 5272 2154 5328 toribus
2179 5274 2516 5329 circumdata
2540 5283 2642 5331 est.

1123 5450 1432 5516 Addenda
1479 5454 1540 5512 et
1570 5447 1948 5528 corrigenda
1979 5466 2057 5511 ex
2089 5448 2229 5511 cod.
2264 5448 2464 5513 Vatic.

280 5627 320 5687 ll
365 5626 628 5686 Ἐαυτοῖς.

1947 5613 2000 5686 5)
2037 5613 2322 5685 Ἐι.ωνται,

280 5627 320 5687 ll
365 5627 628 5686 Ἐαυτοίς.

253 5627 324 5771 ἕῖκ
354 5695 698 5766 Ηὺρέθησαν.

410 5748 682 5856 iunior.
725 5787 845 5849 Gn.
889 5771 1158 5847 XXVII.

2688 5748 2693 5753 ’
3048 5766 3124 5832 27
