3876 6220
402 299 508 358 845
1216 293 1273 348 S.
1315 284 1687 344 ATHANASII
1736 281 1888 338 OPP.

2160 270 2252 326 111.
2285 301 2349 311 -
2386 261 2807 321 EXEGETICA.
3567 242 3687 297 SH'

482 419 569 474 57.
603 415 873 484 Quoniam
929 425 1054 469 cum
1102 404 1373 464 interierit
1424 404 1562 474 ipse,
1625 415 1736 454 non
1797 403 2013 456 sumet.

2151 388 2240 439 57.
2275 385 2398 436 Ὅτι
2426 382 2523 434 οὐκ
2555 381 2613 431 ὲν
2637 376 2714 446 τῷ
2748 371 3114 442 ἀποθνήσκειν
3150 364 3310 421 αὑτὸν
3338 359 3575 432 λήψεται
3607 362 3679 414 τά

414 511 622 575 omnia,

2095 479 2292 539 πάντα,

482 542 789 669 ζὲιῗίδίεῳιε
820 593 1110 651 descendet
1156 606 1281 648 cum
1323 603 1388 645 eo
1421 585 1594 659 gloria
1632 583 1752 654 ejus
1783 580 1997 653 [gloria’

2164 569 2254 624 58.
2299 566 2434 620 Οὐδὲ
2494 559 2973 632 συγκαταϐήσεται
3031 547 3182 620 αὐτῷ
3235 548 3270 618 ἡ
3323 544 3452 612 δόξα
3503 542 3681 600 αὐτοῦ

418 651 617 750 domus
635 651 800 761 ejus].
1423 651 1450 659 ν
1663 651 1675 654 -
1785 651 1800 653 _
1819 651 1832 653 —

1423 651 1450 659 ⁷
1663 651 1675 654 —
1785 651 1800 653 _
1819 651 1832 653 —
2097 660 2245 735 [δόξα
2273 656 2364 712 τοῦ
2394 656 2542 710 οἴκου
2573 651 2785 722 αὑτοῦ].

487 727 614 748 In“
636 727 800 761 ’νδ-ων

487 783 581 838 59.
610 779 750 847 Quia
778 778 963 834 anima
1003 774 1121 844 ejus
1150 773 1205 826 in
1245 772 1358 825 vita
1403 768 1578 825 iusius
1609 762 1986 828 benedicetur,

2164 753 2382 808 59.⁹Ὀτι
2417 751 2451 820 ἡ
2496 747 2643 819 ψυχὴ
2685 741 2849 799 αὑτοῦ
2888 741 2947 793 ὲν
2985 737 3053 806 τῇ
3094 733 3207 804 ζωῇ
3225 730 3390 786 αὑτοῦ
3434 727 3681 797 εὐλογη-

487 884 574 894 ...4-

2096 847 2341 917 θήσεται,

492 963 580 1020 40.
611 958 965 1018 Conﬁtebitur
988 954 1085 1010 tibi
1116 968 1239 1009 cum
1276 946 1610 1004 benefeceris
1632 943 1704 1000 ei.

2152 910 2257 990 '40.
2301 927 2780 1002 Ἐξομολογήσεταί
2810 942 2911 988 σοι,
2943 925 3074 977 ὅταν
3105 917 3382 989 ἀγαθύνῃς
3408 910 3592 966 αὐτόν.

493 1051 580 1106 Al.
612 1046 861 1102 lntroibit
883 1042 1135 1112 usquejin
1157 1037 1465 1109 progeniem
1495 1043 1712 1105 patrum
1731 1042 1988 1094 suorum,

2171 1030 2259 1083 41.
2290 1024 2667 1081 Εἰσελεύσεται
2695 1020 2800 1082 ἓως
2828 1018 3022 1086 γενεᾶς
3054 1012 3308 1082 πατέρων
3342 1002 3530 1072 αὐτοῦ,

494 1141 580 1196 42.
616 1137 797 1208 Usque
821 1137 873 1190 in
901 1106 1173 1189 aeternum
1195 1106 1304 1182 non
1343 1125 1542 1181 videbit
1570 1124 1772 1177 lumen.

1635 1136 1772 1176 men.
2170 1121 2259 1175 42.
2291 1121 2434 1182 Ἕως
2465 1115 2661 1178 αἰῶνος
2687 1114 2788 1166 οὐκ
2812 1111 3002 1179 ὅψεται
3032 1106 3166 1175 φῶς.

493 1233 578 1286 45.
617 1229 683 1284 Ει
709 1194 890 1283 ἰιοῐῐιο
922 1223 1117 1279 cumin
1159 1221 1364 1274 honore
1403 1223 1567 1273 esset.
1616 1227 1724 1267 non
1779 1207 1995 1263 intelle-

1921 1207 1995 1262 ιθ·
2171 1213 2260 1267 45.
2289 1213 2398 1265 Καὶ
2429 1210 2734 1279 ἅνθρωπος,
2761 1206 2818 1260 ὲν
2844 1204 2976 1272 τιμῇ
3013 1198 3108 1263 ὢν,
3135 1198 3194 1249 οὐ
3225 1194 3452 1264 συνῆκε·

420 1325 522 1380 xit.

496 1415 582 1470 44.
613 1413 974 1481 Comparatus
1004 1413 1087 1461 est
1107 1401 1371 1475 jumentis
1402 1393 1811 1465 insipientibus,
1837 1395 1891 1445 et
1916 1386 1992 1443 si-

2173 1385 2262 1439 44.
2306 1376 2767 1453 Παρασυνεὸλήθη
2815 1376 2926 1436 τοῖς
2970 1373 3192 1441 κτήνεσι
3234 1371 3347 1430 τοῖς
3395 1365 3653 1435 ἀνοήτοις

417 1505 572 1561 milis
605 1471 782 1559 factus
809 1508 893 1556 est
917 1501 1043 1554 illis.
1109 1471 1122 1475 ⁷

2103 1476 2197 1531 καὶ
2230 1472 2485 1546 ὡμοιώθη
2521 1471 2725 1532 αὐτοῖς.

750 1554 999 1647 ῥείάιιηηδ
1024 1591 1219 1660 Asaph.
1247 1585 1446 1643 PSAL.
1479 1579 1684 1636 XLIX.

2397 1563 2644 1632 Ψαλμὸς
2677 1558 2756 1625 τῷ
2797 1557 3005 1626 Ἀσάφ.
3049 1556 3223 1608 ΨΑΛ.
3252 1554 3365 1604 ΜΘ

497 1688 551 1742 1.
587 1686 731 1740 Deus
774 1684 997 1739 deorum
1028 1682 1290 1735 Dominus
1314 1680 1532 1732 locutus
1565 1681 1670 1740 est,
1701 1678 1756 1725 et
1782 1665 1998 1724 vocavit

2187 1663 2234 1716 i.
2265 1661 2397 1724 Θεὸς
2439 1659 2576 1712 θεῶν
2624 1656 2826 1718 Κύριος
2868 1653 3118 1721 ὲλὰλησε,
3171 1648 3264 1702 καὶ
3313 1646 3541 1700 ἐκάλετε
3584 1643 3688 1712 τὴν

429 1787 633 1833 terram
644 1812 660 1831 ι
973 1795 982 1803 ’

973 1795 982 1803 '
2037 1763 2079 1818 B
2109 1758 2233 1827 γῆν.

497 1864 552 1918 2.
587 1864 671 1917 Ab
699 1869 821 1918 ortu
855 1860 984 1916 solis
1008 1872 1181 1927 usque
1211 1856 1276 1909 ad
1309 1867 1586 1907 occasum.
1909 1874 1912 1877 -

1909 1874 1912 1877 ·
2176 1849 2231 1902 2.
2277 1847 2406 1900 Ἀπὸ
2430 1843 2700 1899 ἀνατολῶν
2731 1841 2882 1914 ἡλίου
2919 1839 3080 1910 μέχρι
3110 1833 3348 1905 δυσμῶν.

499 1956 553 2010 5.
585 1953 665 2007 Ex
694 1954 825 2009 Sion
853 1953 1060 2022 species
1086 1947 1297 2003 decoris
1323 1946 1444 2014 ejus
1476 1962 1489 1997 :

2174 1943 2226 1996 5.
2276 1941 2370 1992 Ἐκ
2397 1937 2536 1991 Σιὼν
2565 1940 2600 2008 ἡ
2635 1935 2937 2006 εὐπρέπεια
2963 1932 3062 2000 τῆς
3096 1928 3426 1999 ὡραιότητος
3460 1917 3648 1973 αὐτοῦ·

499 2045 555 2101 4.
585 2044 729 2099 Deus
756 2042 1042 2096 manileste
1066 2038 1263 2106 veniet,
1302 2034 1443 2090 Deus
1477 2040 1688 2099 noster,
1939 2089 1944 2093 _

2177 2031 2231 2085 4.
2279 2030 2335 2082 Ὀ
2363 2028 2495 2091 Θεὸς
2525 2025 2782 2098 ἐμφανῶς
2816 2023 2955 2093 ἥξει,
2983 2024 3010 2074 ὁ
3041 2021 3170 2083 Θεὸς
3205 2017 3278 2088 (a)
3307 2014 3482 2085 ἡμῶν,

503 2136 555 2190 5.
592 2135 658 2189 Et
683 2149 787 2189 non
825 2134 1026 2188 silebit.

2185 2121 2236 2176 5.
2272 2121 2382 2173 Καὶ
2409 2119 2470 2172 οὐ
2502 2118 3010 2189 παρασιωπήσεται.

503 2226 554 2282 6.
584 2226 729 2297 Ignis
753 2227 806 2279 in
837 2230 1130 2294 conspectu
1155 2221 1273 2290 ejus
1295 2216 1614 2272 exardescct
1640 2232 1653 2268 :

2185 2213 2239 2268 6.
2276 2211 2394 2283 Πῦρ
2429 2209 2655 2264 ἐνώπιον
2686 2207 2849 2263 αὐτοῦ
2873 2204 3205 2274 καυθήσεται

515 2343 560 2379 ε.
587 2315 653 2370 Ει
681 2317 734 2369 in
761 2315 990 2371 circuitu
1020 2313 1136 2382 ejus
1173 2321 1464 2380 tempestas
1487 2307 1688 2361 valida.

2183 2303 2240 2358 7.
2272 2302 2384 2356 Καὶ
2408 2300 2591 2372 κύκλῳ
2619 2300 2784 2354 αὐτοῦ
2810 2296 3062 2365 καταιγὶς
3097 2290 3321 2362 σφοδρά.

513 2491 584 2564 (a)
611 2491 768 2548 Vers.
801 2493 855 2556 5,
898 2490 956 2541 '0
985 2490 1135 2553 Θεός,
1171 2497 1300 2552 etc.,
1333 2485 1843 2559 παρασιωπήσεται.

1554 2636 1931 2696 ATHANASII
1958 2629 2556 2692 INTEBPRETATIO.

512 2826 600 2889 57,
635 2825 723 2881 58.
756 2823 909 2877 Nihil
943 2824 1081 2876 enim
1104 2820 1384 2876 intulimus
1424 2819 1482 2872 in
1525 2816 1826 2882 mundum;
1865 2813 2010 2869 haud

2185 2812 2275 2877 57,
2301 2809 2392 2865 58.
2413 2805 2603 2862 Οὐδὲν
2649 2802 2760 2874 γὰρ
2793 2799 3230 2869 εἰσηνέγκαμεν
3257 2797 3332 2863 (l)
3354 2795 3440 2856 εἷς
3466 2791 3576 2846 τὸν
3601 2787 3676 2845 κί

441 2888 679 2980 dubium,
712 2917 848 2989 quod
880 2932 968 2969 nec
993 2915 1200 2983 auferre
1231 2912 1357 2982 quid
1382 2910 1670 2980 poterimus
1696 2909 1764 2962 ⁸⁷.

2148 2918 2294 2974 ζμον·
2327 2901 2540 2970 δῆλον,
2559 2899 2649 2952 ὅτι
2671 2896 2813 2951 οὐδὲ
2834 2893 3170 2962 ἐξενεγκεῖν
3201 2907 3255 2943 τι
3287 2888 3679 2955 δυνησόμεθα

512 3013 603 3067 59.
633 2977 903 3076 Quoniam
949 2977 1132 3060 anima
1174 2977 1294 3074 ejus
1344 2977 1402 3058 in
1449 3003 1555 3058 hoc
1600 3000 1800 3057 saeculo
1852 3001 2013 3056 beata

2187 2991 2276 3047 59.
2309 2991 2433 3044 Ὀτι
2465 2991 2500 3061 ἡ
2528 2988 2674 3058 ψυχὴ
2721 2985 2885 3040 αὐτοῦ
2929 2986 2986 3036 ἐν
3029 2981 3106 3052 τῷ
3137 2980 3230 3032 νῦν
3271 2977 3426 3031 αἰῶνι
3462 2991 3704 3046 μακιαοι⁴

441 3101 850 3176 ριίειὶίοιὼίιυγ.
2119 3085 2402 3156 σθήσεται.

512 3194 604 3250 40.
632 3191 991 3248 Conﬁtebitur
1027 3189 1124 3244 tibi
1160 3187 1214 3241 in
1249 3185 1473 3252 'udicio,
1520 3199 1644 3258 cum
1694 3179 2016 3237 humiliabis

2191 3175 2283 3230 40.
2327 3170 2809 3245 Ἐξομολογήσεταί
2841 3185 2920 3220 σοι
2947 3168 3004 3219 ἐν
3031 3168 3097 3237 τῇ
3127 3162 3326 3236 κρίσει,
3355 3161 3482 3214 ὅταν
3510 3174 3711 3212 ταπει-

439 3300 594 3342 ευω.
2122 3266 2316 3330 νώσεις
2345 3265 2530 3322 αὐτόν.

516 3376 607 3430 41.
645 3370 912 3425 Tradetur
946 3366 1092 3421 enim
1126 3366 1181 3419 in
1225 3365 1406 3419 locum
1444 3363 1648 3419 diaboli
1697 3370 1753 3419 et
1793 3361 2018 3434 angelo-

2196 3358 2287 3413 41.
2320 3355 2764 3428 Παραδοθήσεται
2794 3350 2902 3422 γὰρ
2925 3351 3004 3411 είς
3032 3347 3122 3400 τὸν
3150 3346 3310 3399 τόπον
3341 3343 3434 3397 τοῦ
3459 3341 3714 3395 διαϐόλου

447 3482 574 3522 rum
608 3463 748 3534 ejus.

2129 3446 2222 3502 καὶ
2249 3445 2360 3499 τῶν
2394 3445 2642 3514 ἀγγέλων
2673 3439 2858 3496 αὐτοῦ.

517 3559 608 3613 42.
648 3556 741 3610 Est
764 3553 909 3609 enim
941 3551 994 3606 in
1031 3549 1270 3605 tenebris
1301 3546 1670 3602 exterioribus
1704 3545 1770 3599 "‘.

2202 3541 2294 3594 42.
2330 3541 2425 3604 Είς
2450 3539 2512 3592 τὸ
2547 3537 2737 3599 σκότος
2765 3534 2873 3604 γάρ
2902 3534 3018 3584 ἐστι
3050 3527 3127 3601 (2)
3157 3528 3220 3580 τὸ
3245 3524 3525 3595 ἐξώτερον.

518 3647 606 3702 45.
641 3643 776 3698 Nam
799 3657 924 3698 cum
945 3649 1091 3696 esset
1111 3637 1410 3695 secundum
1433 3637 1525 3691 Dei
1560 3636 1877 3706 imaginem,
1916 3647 2027 3689 non

2197 3633 2287 3687 45.
2319 3630 2456 3684 Κατ’
2490 3630 2676 3684 είκόνα
2721 3627 2830 3697 γὰρ
2881 3622 3016 3677 Θεοῦ
3066 3621 3176 3686 ὢν,
3223 3619 3320 3672 οὐκ
3367 3614 3586 3682 ἐπέγνω
3620 3613 3720 3666 τὸν

447 3736 708 3809 cognovit
732 3733 996 3789 factorem
1027 3745 1210 3785 suum.

1122 3745 1210 3784 im.
2128 3725 2435 3795 ποιήσαντα
2473 3721 2653 3777 αὐτόν.

521 3798 610 3879 λι.
646 3822 852 3877 Similis
901 3823 1153 3874 inventus
1193 3826 1276 3873 est
1311 3816 1575 3887 jumentis
1620 3813 2026 3871 recalcitranti-

2199 3815 2290 3870 44.
2320 3815 2464 3878 Ἴσος
2493 3811 2687 3884 εὑρέοη
2711 3810 2817 3862 τῶν
2845 3802 3297 3875 άποσκιρτώντων
3324 3799 3420 3853 καὶ
3440 3798 3723 3854 ἀποστάν·-

453 3921 579 3986 bus,
604 3925 658 3972 et
679 3912 1073 3972 resilientibus.

980 3926 1073 3964 ius.
2130 3924 2239 3962 των
2273 3905 2511 3978 κτηνῶν.

535 4034 602 4086 Ἦ
645 4029 976 4104 προκειμένη
1021 4023 1298 4095 ἐπιγραφὴ
1345 4024 1584 4096 περιέχει
1631 4023 1705 4094 (δ)
1731 4039 1742 4053 '
1783 4025 2026 4096 Ψαλμὸς
2054 4025 2135 4093 τῷ
2176 4027 2381 4096 Ἀσὰςρ,
2419 4024 2665 4078 τουτέστι
2691 4018 2904 4092 eam;
2939 4016 3016 4088 (4)
3053 4013 3131 4086 τῷ
3168 4014 3350 4085 κριτῇ.
3394 4009 3574 4080 Ἀσάφ
3601 4008 3725 4076 γὰο

455 4122 664 4192 κριτὴς
689 4117 1070 4192 ἑρμηνεύεται.

529 4213 744 4269 Titulus
772 4208 1064 4278 inscriptus
1095 4203 1333 4260 continet
1367 4219 1380 4255 :
1418 4200 1663 4254 Psalmus
1692 4202 1892 4269 Asaph,
1937 4201 2042 4256 hoc
2068 4211 2154 4257 est
2196 4202 2441 4273 psalmus
2469 4201 2666 4256 Judici.
2707 4201 2885 4268 Asaph
2933 4200 3078 4254 enim
3114 4197 3274 4267 iudex
3305 4196 3725 4265 interpretatur.

531 4311 585 4376 ι,
617 4309 673 4362 2.
705 4306 849 4361 Deus
895 4302 1179 4357 hominum
1227 4297 1493 4352 Dominus
1534 4310 1632 4364 per
1677 4295 2029 4364 praedicatio-

2214 4297 2266 4362 1,
2297 4297 2352 4350 2.
2383 4296 2515 4360 Θεὸς
2558 4299 2586 4350 ὁ
2615 4295 2724 4348 τῶν
2768 4294 3070 4366 ἀνθρώπων
3121 4293 3322 4364 Κύριος
3355 4290 3585 4362 ὲλάλησε
3625 4290 3729 4345 διὰ

461 4418 585 4460 nem
613 4401 830 4455 locutus
869 4404 970 4457 est,
1005 4404 1058 4449 et
1083 4391 1298 4448 vocavit
1339 4402 1531 4443 omnes
1578 4387 1647 4442 ad
1675 4387 1836 4442 tidem
1866 4403 1992 4443 sua:

2194 4388 2234 4441 ιῦ
2267 4389 2636 4463 κηρύγματος,
2675 4388 2770 4442 καὶ
2803 4387 3028 4440 ἐκάλεσε
3059 4386 3265 4448 πάντας
3298 4386 3376 4448 είς
3400 4383 3498 4455 τὴν
3521 4383 3725 4438 ἑαυτοῦ

453 4496 525 4551 si;
561 4500 686 4549 ortu
715 4490 848 4546 solis
876 4501 1050 4557 usque
1074 4483 1142 4539 ad
1167 4495 1450 4540 occasum.

2067 4509 2112 4564 Ι)
2141 4480 2323 4534 πίστιν
2355 4480 2462 4532 ἀπὸ
2488 4479 2760 4534 ἀνατολῶν
2789 4479 2940 4549 ἡλίου
2973 4478 3079 4541 ἕως
3105 4474 3346 4547 δυσμῶν.

533 4588 588 4644 Ξ.
613 4585 656 4640 Ε
679 4583 830 4640 caelis
861 4580 1123 4636 adventus
1143 4575 1332 4647 gratiae
1361 4573 1503 4643 ejus.

2215 4571 2268 4626 5.
2308 4571 2403 4624 Ἐκ
2419 4569 2526 4623 τῶν
2549 4570 2793 4641 οὐρανῶν
2816 4572 2849 4640 ή
2877 4568 3146 4639 παρουσία
3168 4568 3267 4637 τῆς
3287 4565 3511 4638 χάριτος
3527 4561 3726 4618 αὑτοῦ.

534 4678 588 4733 4.
623 4678 685 4731 In
717 4670 1185 4730 consummatione
1210 4666 1392 4722 saeculi
1418 4677 1610 4718 rursus
1636 4662 1838 4717 veniet.

2215 4662 2269 4716 4.
2312 4663 2399 4715 Ἐν
2425 4663 2492 4732 τῇ
2525 4660 2805 4732 συντελείᾳ.
2831 4661 2990 4714 πάλιν
3015 4659 3109 4712 τοῦ
3141 4657 3334 4721 αἰῶνος
3364 4655 3496 4727 ἔλθῃ
3527 4654 3629 4728 (5).

535 4767 589 4820 5.
616 4763 921 4833 Redarguet
942 4761 1088 4815 enim
1115 4772 1305 4814 omnes
1335 4762 1668 4825 peccatores.

2218 4753 2270 4808 5.
2315 4752 2548 4822 Ἐλέγξει
2579 4753 2687 4823 γὰρ
2713 4752 2921 4814 πάντας
2941 4752 3068 4812 τοὺς
3101 4744 3503 4819 ἡμαρτηκότας.

537 4855 593 4911 6.
621 4852 849 4908 Flumen
874 4861 928 4906 et
955 4851 1106 4905 lacus
1133 4848 1293 4920 ignis.

2219 4844 2272 4897 6.
2315 4843 2372 4898 Ὀ
2399 4844 2638 4915 ποταμὸς
2671 4843 2765 4896 καὶ
2799 4845 2832 4913 ἡ
2859 4843 3023 4913 λίμνη
3055 4839 3147 4894 τοῦ
3183 4837 3373 4910 πυρός.

540 4948 592 5002 7.
622 4944 828 5000 Ventus
857 4943 1149 4998 vehemens
1183 4941 1356 5012 magis
1396 4938 1682 5009 magisque
1727 4935 2034 4990 accendens

2219 4936 2271 4989 7.
2305 4937 2536 5006 Ἄνεμος
2565 4934 2792 5006 σφοδρὸς
2833 4934 3081 4998 ἐξάπτων
3111 4929 3373 5004 μειζόνως
3416 4929 3516 5002 τὴν
3549 4926 3730 5000 φλόγα

411 5093 414 5096 .
467 5042 746 5097 ﬂammam
772 5036 912 5107 ignis
937 5035 1104 5090 illius.

2147 5025 2240 5078 τοῦ
2275 5026 2445 5097 πυρὸς
2470 5024 2699 5079 ἐκείνου.

542 5211 586 5244 ⁸⁷
623 5210 646 5264 Ι
678 5209 818 5264 Tim.
860 5224 935 5273 v1,
986 5208 1039 5263 7.
1114 5207 1160 5240 ⁸³
1188 5205 1402 5278 ⁸Μιιιιιι.
1458 5220 1576 5268 vin,
1606 5203 1712 5272 1'2;
1766 5216 1908 5268 χχιι,
1961 5201 2060 5268 15;

860 5224 935 5273 v1,
986 5208 1039 5263 7.
1114 5207 1160 5240 ⁸³
1188 5205 1402 5278 ⁸Μιιιιιι.
1458 5203 1712 5272 νιιι,12;
1766 5216 1908 5268 xxn,
1961 5201 2060 5268 l5;
2113 5218 2241 5269 xxv,
2273 5202 2361 5257 50.

1423 5361 1731 5424 Addenda
1762 5369 1824 5422 et
1855 5358 2231 5438 corrigenda
2283 5373 2362 5418 ex
2389 5357 2528 5418 cod.
2569 5353 2775 5416 Vatic.

550 5537 627 5610 (l)
657 5533 1056 5604 Εἰσενέγκαμεν
1091 5532 1147 5584 ὲν
1187 5529 1264 5601 τῷ
1291 5528 1479 5600 κόσμῳ
1507 5569 1518 5581 .
1541 5570 1552 5595 .
1577 5568 1590 5582 .
1615 5568 1628 5580 .
1683 5527 1737 5579 τί
1762 5543 1845 5588 τις
1879 5524 2040 5586 δυνή-
2431 5517 2648 5610 δἰὰΙτῆς
2677 5517 3049 5589 κινναϐάρεως
3073 5533 3199 5589 περ.

479 5589 650 5664 σεται.
859 5589 869 5603 ⁸
961 5589 972 5604 ’
1237 5589 1248 5601 ’
1395 5589 1462 5600 ”
1541 5593 1544 5595 λ

1395 5589 1406 5600 ’
1452 5589 1462 5598 ’
1541 5593 1544 5595 Α
2227 5590 2301 5664 (κῇ)
2336 5590 2586 5664 gymnade
2614 5589 2784 5664 deest.

553 5656 869 5745 (ἣἝστω.

2228 5656 2301 5738 (ῐῇ)
2335 5656 2514 5726 Ἔλθη
2548 5659 2698 5714 deest
2727 5659 2781 5711 in
2811 5656 2931 5712 cod.
