3876 6220
424 309 532 364 841
1240 286 1324 377 gs.
1356 301 1721 359 ATHANASll
1754 302 1903 359 orp.
1945 299 1955 357 1

2166 297 2251 354 ιιι.
2293 329 2362 341 -
2401 278 2837 353 EXEGETICA.
3571 281 3691 337 δεδι

502 423 588 478 27.
622 422 880 491 Nunquid
910 416 1250 474 manducabo
1283 430 1477 473 carnes
1511 416 1835 471 taurorum?
2028 462 2033 475 ι

1597 416 1835 471 irorum?
2028 425 2073 475 Α
2171 413 2259 466 27.
2291 411 2384 483 Μὴ
2414 412 2675 481 φάγωμαι
2704 408 2841 481 κρέα
2874 410 3128 480 ταύρωνς

380 532 381 539 ‘
494 514 593 570 '28.
624 514 732 568 Aut
752 511 1070 582 sanguinem
1103 511 1380 565 hircorum
1410 509 1651 579 potabo?

1532 509 1651 563 ibo?
2170 503 2259 557 28.
2290 502 2361 554 Ἢ
2394 498 2537 571 αἷμα
2562 500 2779 570 τράγων
2810 499 3023 569 πίωμαι
3050 517 3063 563 ;

504 606 593 680 29.
623 604 847 660 Immola
873 603 981 659 Deo
1007 601 1333 657 sacrificium
1367 600 1543 654 laudis
1563 639 1579 665 ,

2167 593 2257 647 29.
2290 592 2463 645 Θῦσον
2486 590 2564 662 τῷ
2587 590 2708 661 Θεῷ
2732 589 2925 643 Θυσίαν
2954 589 3244 652 αἰνέσεως·

630 697 697 752 Et
724 695 885 751 redde
910 695 1191 750 Altissimo
1221 702 1343 748 vota
1377 702 1489 747 tua.

2170 686 2258 739 50.
2292 685 2401 736 Kal
2424 684 2622 747 ἀπόδος
2646 682 2726 754 τῷ
2762 682 3003 752 Ὑψίστῳ
3024 681 3123 744 τὰς
3144 682 3306 751 εὐχάς
3335 698 3452 737 σου.

504 789 596 844 51.
622 787 689 842 Ει
713 787 902 860 invoca
931 802 1017 842 me
1046 786 1101 840 in
1135 786 1221 841 die
1251 782 1619 840 tribulationis
1648 791 1753 838 tua:
1783 797 1799 835 :

2171 778 2258 831 51.
2290 778 2398 829 Kal
2430 773 2748 829 ἐπικάλεσαί
2782 791 2849 845 με
2878 775 2936 827 ἐν
2962 773 3147 845 ήμέρᾳ
3174 772 3406 842 θλίψεώς
3438 784 3568 826 σου“

503 880 596 935 52.
623 878 823 933 Eruam
855 886 930 943 te,
959 882 1014 932 et
1043 876 1370 947 glorificabis
1402 890 1510 929 me.

2164 867 2260 921 52.
2292 868 2401 920 Kal
2429 864 2715 936 ἐξελοῦμαί
2750 881 2831 927 σε,
2873 865 2968 918 καὶ¹
3000 864 3243 930 δοξάσεις
3269 880 3357 934 με.

504 972 593 1027 55.
624 970 903 1026 Peccatori
932 978 1114 1023 autem
1142 968 1278 1022 dixit
1309 967 1449 1021 Deus
1480 984 1493 1019 :

2169 959 2257 1013 55.
2292 958 2381 1029 Τῷ
2408 958 2465 1010 δὲ
2494 954 2801 1028 ἁμαρτωλῷ
2827 950 2979 1008 εἶπεν
3008 957 3035 1007 ὁ
3064 956 3196 1018 Θεός
3214 972 3227 985 ·

504 1064 594 1119 54.
623 1064 801 1129 Quare
832 1070 888 1117 tu
913 1076 1137 1115 enarras
1161 1059 1401 1129 justitias
1427 1057 1616 1112 meas?

2170 1050 2256 1103 54.
2290 1048 2405 1101 Ἵνα
2433 1050 2484 1101 τί
2514 1049 2576 1101 σὺ
2607 1049 2829 1119 ἐκδιηγῇ
2860 1048 2927 1100 τὰ
2956 1047 3298 1117 δικαιώματά
3329 1063 3463 1117 μους

502 1136 683 1212 ίῢρΕι
708 1154 945 1210 assumis
964 1153 1371 1209 Testamentum
1390 1165 1571 1204 meum
1603 1164 1699 1219 per
1721 1161 1782 1204 os
1813 1148 2004 1203 tuum?

2173 1141 2264 1196 55.
2297 1140 2408 1193 Καὶ
2437 1139 2839 1210 ἀναλαμϐάνεις
2869 1141 2967 1210 τὴν
2996 1139 3257 1210 διαθήκην
3292 1156 3394 1209 μου
3427 1136 3516 1192 διὰ
3553 1137 3696 1192 στόο

2107 1231 2275 1302 ματός
2309 1248 2401 1283 σου
2420 1248 2436 1297 ;

503 1332 594 1388 56.
628 1330 709 1385 Tu
740 1343 869 1384 vero
896 1326 1058 1383 odisti
1081 1325 1425 1394 disciplinam
1455 1338 1470 1377 τ

2174 1320 2262 1374 56.
2297 1321 2367 1373 Σὺ
2396 1320 2451 1372 δὲ
2486 1320 2753 1392 ἐμίσησας
2784 1321 3028 1374 παιδείαν
3048 1335 3060 1349 ·

502 1423 591 1477 57.
621 1421 687 1475 Ει
716 1419 989 1490 projecistl
1016 1430 1298 1472 sermones
1321 1428 1473 1469 meos
1503 1421 1825 1468 retrorsum.

2175 1412 2263 1466 57.
2299 1413 2407 1464 Kal
2438 1413 2691 1476 ἐξέϐαλες
2721 1416 2845 1477 τοὺς
2882 1413 3071 1481 λόγους
3109 1430 3211 1484 μου
3244 1414 3324 1477 είς
3369 1414 3437 1467 τὰ
3482 1411 3693 1471 ὀπίσω.

490 1512 593 1567 58.
625 1511 680 1565 Si
711 1510 933 1564 videbas
958 1508 1155 1571 furem,
1182 1506 1444 1560 eurrebas
1478 1519 1603 1558 cum
1627 1517 1694 1557 eo
1722 1521 1736 1556 :

2172 1504 2259 1558 58.
2294 1506 2355 1557 Ei
2385 1504 2638 1575 ἐθεώρεις
2660 1505 2925 1576 κλέπτην,
2955 1505 3274 1577 συνέτρεχες
3305 1505 3453 1574 αὐτῷ
3472 1522 3489 1536 °

505 1603 595 1658 59.
625 1602 690 1657 Et
727 1617 853 1657 cum
891 1600 1137 1655 adultero
1170 1595 1478 1669 [adulteris]
1511 1597 1817 1667 portionem
1852 1602 2003 1649 tuam

1993 1611 2003 1648 ι
2176 1595 2262 1650 59.
2301 1596 2409 1649 Kal
2439 1596 2574 1667 μετὰ
2611 1596 2797 1667 μοιχοῦ
2827 1598 2923 1667 τὴν
2955 1596 3149 1668 μερίδα
3182 1614 3275 1649 σου
3307 1597 3524 1660 ἐτίθεις.

433 1693 694 1764 ponebas.

506 1783 595 1838 40.
632 1779 705 1836 Os
739 1789 890 1835 tuum
916 1778 1213 1833 abundavit
1240 1777 1443 1831 malitia
1474 1792 1487 1827 :
2036 1812 2037 1815 η

2036 1762 2080 1817 Β
2180 1777 2267 1832 40.
2302 1778 2374 1831 Τὸ
2404 1793 2575 1848 στομα
2609 1796 2701 1832 σου
2732 1779 3024 1834 ἐπλεόνασε
3058 1780 3257 1835 κακίαν
3278 1799 3293 1812 υ

503 1868 689 1927 411Ει
721 1870 903 1940 lingua
932 1879 1022 1922 tua
1053 1868 1412 1923 concinnabat
1438 1866 1615 1921 dolos.

2171 1868 2259 1922 41.
2294 1870 2403 1921 Kal
2434 1872 2466 1939 ή
2498 1869 2721 1938 γλῶσσά
2750 1889 2845 1923 σου
2879 1872 3207 1942 περιέπλεκε
3236 1873 3573 1945 δολιότητας.

502 1962 593 2016 42.
624 1960 829 2016 Sedens
854 1961 1113 2014 adversus
1149 1958 1369 2011 fratrem
1399 1967 1550 2011 tuum
1580 1954 1892 2024 loquebaris
1917 1974 1931 2009 :

2172 1960 2261 2013 42.
2295 1961 2617 2031 Καθήμενος
2642 1962 2781 2015 κατὰ
2815 1962 2909 2015 τοῦ
2933 1962 3160 2031 ἁδελφοῦ
3202 1981 3294 2016 σου
3326 1966 3649 2030 κατελάλεις
3675 1982 3691 1997 ο

505 2055 594 2108 45.
624 2052 690 2108 Ει
714 2052 972 2108 adversus
1000 2049 1171 2105 filium
1202 2049 1394 2105 matris
1424 2056 1533 2103 tua:
1581 2047 1822 2117 ponebas
1849 2062 2005 2102 scan-

2173 2051 2257 2103 45.
2308 2052 2417 2104 Kal
2457 2052 2597 2104 κατὰ
2640 2051 2734 2104 τοῦ
2777 2053 2892 2106 υίοῦ
2945 2055 3045 2125 τῆς
3095 2056 3302 2126 μητρός
3346 2073 3435 2109 σου
3484 2058 3695 2111 ἐτίθει’

435 2145 638 2200 dalum.

2105 2139 2420 2192 σκάνδαλον.

505 2236 593 2291 44.
625 2232 751 2290 Haec
781 2233 981 2300 fecisti,
1011 2244 1064 2289 et
1094 2235 1237 2291 tacui
1271 2254 1284 2287 :

2178 2231 2266 2283 44.
2299 2232 2478 2284 Ταῦτα
2512 2234 2804 2304 ἐποίησας,
2840 2235 2934 2288 καὶ
2963 2236 3228 2309 ἐσίγησα’

503 2328 596 2383 45.
622 2317 957 2383 Existimasti
985 2328 1344 2397 iniquitatem,
1364 2325 1508 2395 quod
1543 2339 1639 2378 ero
1673 2324 1749 2377 tui
1785 2322 2001 2377 similis.

2177 2320 2266 2373 45.
2302 2320 2602 2385 ’Υπέλαϐες
2635 2324 2883 2394 ἀνομίαν,
2915 2327 2996 2378 ὅτι
3027 2327 3218 2398 ἔσομαί
3248 2345 3330 2381 σοι
3359 2330 3566 2399 ὅμοιος.

504 2420 595 2476 46.
626 2422 864 2487 Arguam
910 2430 982 2487 te,
1027 2430 1081 2475 et
1124 2428 1359 2474 statuam
1391 2428 1582 2474 contra
1626 2416 1819 2470 faciem
1854 2424 2005 2469 tuam

2180 2412 2269 2465 46.
2311 2413 2545 2480 Ἐλέγξω
2580 2432 2672 2481 σε,
2712 2417 2806 2470 καὶ
2838 2421 3174 2490 παραστήσω
3216 2421 3355 2473 κατὰ
3396 2420 3695 2487 πρόσωπόν

436 2522 658 2585 peccata
689 2522 801 2567 tua.

2112 2522 2204 2557 σου
2232 2504 2329 2566 τὰς
2359 2506 2625 2576 ἁμαρτίας
2654 2523 2768 2562 σου.

508 2604 601 2660 47.
632 2603 917 2675 lntelligite
943 2602 1077 2669 haec,
1107 2600 1201 2672 qui
1230 2598 1614 2655 obliviscimini
1643 2595 1813 2652 Deum
1844 2616 1860 2653 :

2177 2598 2266 2653 47.
2297 2598 2489 2650 Σύνετε
2519 2598 2583 2669 δὴ
2613 2599 2807 2666 ταῦτα,
2834 2603 2881 2655 οἱ
2907 2602 3383 2675 ἐπιλανθανόμενοι
3404 2604 3497 2657 τοῦ
3523 2604 3690 2659 Θεοῦ·

1554 2752 1925 2808 ATIIANASII
1960 2752 2558 2808 INTERPRETATIO.

508 2914 599 2982 27,
621 2914 710 2968 28.
732 2913 850 2969 Non
879 2908 1140 2981 accipiam
1165 2916 1471 2962 vestrorum
1502 2907 1839 2975 petulcorum
1869 2908 2012 2976 prin-

2182 2907 2274 2969 27,
2306 2907 2396 2960 28.
2435 2908 2519 2979 Μὴ
2551 2908 2915 2980 καταδέξομαι
2956 2909 3058 2973 τὰς
3084 2910 3191 2963 τῶν
3232 2912 3505 2983 ἀρχόντων
3533 2909 3696 2985 ὑμῶν

440 3010 620 3080 cipum
645 3007 912 3069 carnales,
940 3013 995 3058 et
1021 3000 1466 3070 sanguinolentas
1500 2998 1844 3067 cupiditates.

2161 2997 2222 3051 ὒν
2239 3016 2299 3049 κε
2308 2999 2628 3067 ρατιξόντων
2644 3018 2710 3053 σα
2717 3001 2911 3071 ρκικὰς
2924 3003 3016 3055 καὶ
3030 3002 3357 3072 αἱματώδεις
3369 3005 3692 3076 ἐπιθυμίας.

508 3097 594 3154 29.
630 3096 847 3150 Honora
879 3108 1004 3148 eum
1035 3091 1195 3145 bonis
1220 3089 1496 3159 operibus.

2184 3090 2274 3144 29.
2314 3089 2544 3154 Δόξασον
2574 3093 2736 3145 αὑτὸν
2765 3092 2832 3145 δι’
2863 3093 3039 3164 ἔργων
3068 3094 3310 3162 ἀγαθῶν.

510 3190 597 3244 50.
631 3187 696 3242 Et
718 3202 839 3256 quae
864 3184 1096 3239 Domino
1130 3181 1455 3251 promisisti,
1482 3177 1735 3247 adimple.

2186 3181 2274 3234 50.
2307 3182 2421 3234 Kal
2450 3182 2736 3253 πλήρωσον
2769 3184 2846 3254 τῷ
2874 3184 3065 3254 Κυρίῳ
3092 3184 3127 3238 ἃ
3160 3186 3492 3256 ἐπήγγειλας
3518 3189 3621 3259 (1).

510 3281 599 3337 51.
628 3279 695 3332 Ει
724 3294 850 3333 cum
873 3277 1128 3332 inimicus
1164 3273 1502 3344 impugnabit
1548 3272 1789 3325 animam
1835 3277 2009 3336 tuam,

2181 3273 2269 3326 51.
2303 3274 2415 3326 Kal
2433 3270 2595 3344 ἡνίκα
2619 3277 2647 3327 ό
2668 3275 2860 3346 ἐχθρὸς
2890 3276 3118 3347 πολεμεῖ
3141 3277 3239 3347 τήν
3263 3278 3441 3349 ψυχήν
3465 3297 3567 3351 μου
3589 3280 3704 3353 (2),

442 3372 634 3426 invoca
664 3384 773 3423 me.

2117 3364 2432 3418 ἐπικάλεσαί
2460 3382 2549 3435 με.

511 3462 599 3517 52.
635 3458 697 3515 Ει
728 3458 972 3513 liberabo
1008 3466 1080 3523 te,
1108 3464 1162 3511 et
1184 3455 1386 3526 gratias
1416 3452 1551 3507 mihi
1579 3466 1727 3523 ages.

2180 3458 2269 3512 52.
2300 3459 2407 3511 Kal
2437 3458 2670 3530 ρύσομαί
2705 3476 2784 3523 σε,
2824 3462 2916 3514 καὶ
2946 3463 3363 3535 εὐχαριστήσεις
3392 3482 3505 3534 μοι.

511 3553 601 3607 55.
632 3550 1005 3606 Perseverauti
1035 3550 1089 3603 in
1114 3555 1358 3618 peccato,
1394 3546 1509 3600 sive
1530 3543 1768 3599 diabolo.

2188 3550 2276 3605 55.
2314 3550 2403 3621 Τῷ
2432 3551 2740 3621 ἐπιμένοντι
2768 3553 2833 3622 τῇ
2864 3553 3129 3625 ἁμαρτίᾳ,
3154 3554 3186 3625 ἢ
3213 3554 3289 3624 τῷ
3319 3554 3570 3626 διαϐόλῳ.

510 3646 600 3699 54.
634 3644 812 3709 Quare
845 3650 902 3696 tu
932 3655 1041 3695 non
1062 3638 1376 3694 custodiens
1401 3652 1485 3702 ea,
1506 3637 1619 3690 haec
1648 3636 1911 3706 enarras?

2183 3643 2274 3697 54.
2306 3644 2421 3695 Ἵνα
2453 3642 2505 3695 τί
2532 3644 2617 3706 σὺ,
2639 3642 2713 3713 μὴ
2736 3642 3020 3711 φυλάττων
3052 3645 3212 3710 αὐτὰ,
3234 3647 3459 3717 ἐκδιηγῇ
3484 3647 3659 3703 ταῦτα
3684 3668 3704 3715 ;

508 3736 598 3792 55.
633 3733 699 3789 Et
740 3733 822 3787 vis
853 3746 973 3786 esse
1015 3731 1150 3801 legis
1193 3728 1454 3798 magister
1488 3741 1766 3796 exponens
1820 3721 2014 3781 Testa-

2180 3735 2270 3789 55.
2304 3736 2415 3788 Kal
2452 3734 2627 3797 θέλεις
2668 3730 2807 3787 εἶναι
2848 3734 3300 3804 νομοδιδάσκαλος
3337 3737 3710 3808 διηγούμενος

443 3834 686 3882 mentUm
713 3837 916 3877 meum.

2117 3826 2214 3897 τὴν
2234 3825 2498 3897 διαθήκην
2526 3842 2648 3894 μου.

511 3918 602 3983 56,
627 3917 716 3971 57.
749 3916 853 3982 Qui
879 3913 1044 3983 igitur
1073 3910 1245 3965 alium
1270 3908 1457 3975 doces,
1481 3923 1579 3963 cur
1604 3915 1657 3962 te
1690 3907 1870 3978 ipsum
1904 3922 2015 3962 non

2186 3917 2274 3983 56,
2301 3919 2392 3973 57.
2429 3920 2485 3972 Ὁ
2514 3915 2606 3972 οὖν
2632 3918 2897 3972 διδάσκων
2930 3920 3144 3991 ἕτερον,
3184 3919 3271 3973 διὰ
3302 3920 3353 3973 τί
3379 3923 3606 3977 σεαυτὸν
3628 3923 3699 3978 οὐ

444 4005 707 4063 instruis?

2120 4007 2394 4071 παιδεύεις
2408 4027 2422 4072 ;

510 4099 598 4152 58.
632 4096 825 4150 Dicens
860 4108 969 4147 non
1004 4090 1316 4155 furandum,
1349 4087 1585 4153 furaris;

2186 4098 2274 4154 58.
2310 4100 2367 4153 Ὁ
2388 4099 2561 4168 λέγων
2594 4100 2667 4170 μὴ
2694 4098 2948 4152 κλέπτειν
2972 4100 3247 4163 κλέπτεις.

510 4184 598 4242 59.
636 4184 828 4239 Dicens
874 4198 983 4237 non
1016 4172 1421 4247 mmcbandﬂn,
1452 4178 1833 4237 mcecharis“.
2040 4256 2041 4259 η

1765 4178 1833 4231 ⁶⁹ο
2040 4252 2087 4264 “
2187 4191 2277 4246 59..
2312 4191 2369 4245 '0
2395 4192 2568 4260 λέγων
2595 4193 2669 4263 μὴ
2697 4190 2968 4262 μοιχεύειν
2998 4192 3294 4264 μοιχεύεις.

524 4275 615 4327 40.
642 4272 945 4327 Mendacio.
2039 4253 2055 4313 ]

2039 4252 2091 4313 1)
2189 4285 2280 4339 40.
2310 4252 2535 4348 Ψεῦδος.

515 4363 605 4418 41.
636 4361 781 4417 Nihil
809 4372 1037 4419 rectum.

2191 4374 2279 4427 41.
2316 4375 2479 4427 Οὐδὲν
2507 4376 2684 4443 ὀρθόν.

508 4454 595 4509 42.
630 4452 1060 4509 Conviciabaris.

2188 4464 2279 4518 42.
2315 4464 2650 4537 Ἐλοιδόρεις.

511 4547 601 4602 45.
635 4544 1093 4601 Calumniabaris.

2189 4557 2278 4612 45.
2313 4558 2819 4630 Ψευδοκατηγόρεις
2841 4556 2937 4630 (5).

512 4639 602 4693 44.
631 4636 905 4694 Hactenus
927 4637 1094 4700 enim,
1129 4643 1183 4691 te
1209 4642 1490 4704 peccante,
1524 4633 1795 4703 patienter
1823 4630 1941 4685 tuli.

2194 4647 2283 4703 44.
2324 4649 2446 4702 Ἐπὶ
2477 4649 2729 4703 τοσοῦτον
2757 4650 2867 4720 γὰρ
2900 4651 3305 4722 ἁμαρτανοντάς
3335 4668 3428 4705 σου
3458 4652 3708 4728 ὲμακρο-

2124 4741 2366 4812 θύμησα.

518 4815 607 4869 45.
638 4813 972 4870 Existimasti
1002 4828 1089 4868 me
1113 4810 1612 4885 hypocritamzesse,
1646 4808 1723 4864 uti
1754 4817 1806 4863 et
1832 4816 1889 4862 tu
1924 4820 2005 4862 es.

2190 4808 2279 4889 45.
2317 4834 2624 4904 Ἐνόμισας,
2660 4836 2742 4889 ὅτι
2767 4834 3069 4906 ὑποκριτής
3094 4837 3233 4906 εἰμι.
3261 4836 3339 4900 ὡς
3372 4838 3466 4891 καὶ
3487 4837 3587 4904 σὺς
3621 4840 3702 4910 (4)

2122 4926 2214 4998 [σὺ
2239 4923 2368 4998 sle].

516 5012 605 5068 46.
628 5006 697 5067 In
725 5012 812 5068 die
834 5011 1048 5083 judicii.

2187 5019 2276 5072 46.
2321 5020 2407 5072 Ἐν
2436 5022 2500 5090 τῇ
2528 5020 2709 5093 ἡμέρᾳ
2737 5022 2835 5093 τῆς
2864 5021 3121 5093 κρίσεως.

517 5103 608 5157 47.
635 5100 880 5173 Cogitate
903 5101 1036 5165 haec,
1050 5101 1145 5171 qui
1173 5115 1281 5157 non
1302 5096 1589 5157 custoditis
1606 5096 1703 5152 Dei
1724 5093 2004 5151 mandata.

2184 5111 2275 5166 47.
2310 5112 2557 5182 Νοήσατε
2582 5113 2754 5168 ταῦτα
2774 5153 2789 5179 ,
2829 5115 2880 5169 οἱ
2914 5115 2991 5185 μὴ
3024 5112 3392 5183 φυλάσσοντες
3422 5113 3519 5178 τὰς
3545 5113 3706 5169 ἐντο-

2122 5202 2219 5267 λὰς
2248 5202 2341 5257 τοῦ
2372 5202 2527 5258 Θεοῦ.

552 5307 598 5339 “
627 5304 786 5362 Rom.
818 5319 880 5370 ιι,
913 5301 1109 5357 20-22.

1395 5457 1701 5523 Addenda
1756 5453 2225 5537 etjcorrigenda
2292 5470 2374 5521 ei;
2416 5454 2557 5515 cod.
2590 5453 2789 5515 Vatic.

517 5628 595 5763 $1)
631 5628 967 5698 Ἐπηγγείλω
994 5625 1183 5696 afri:qu
2197 5618 2273 5685 (5)
2299 5607 2505 5697 Ψευὸος
2538 5614 2895 5689 κατηγορίας.

542 5698 597 5759 2)
633 5699 751 5753 Σου.
2196 5687 2270 5758 (4)
2303 5688 2394 5739 Συ.

542 5687 597 5759 2,)
633 5687 830 5753 ΣΝ...
1114 5687 1125 5696 .
1172 5687 1180 5693 .

1114 5687 1125 5696 ·
1172 5687 1180 5693 '
2196 5687 2270 5758 (ιι)
2303 5687 2393 5739 Σύ.
