3876 6220
184 314 304 372 849
1175 317 1265 375 DE
1299 320 1581 380 TITULIS
1606 322 2059 383 PSALMORUM.
2098 357 2172 371 —
2194 325 2389 382 PS‘AL.
2422 326 2487 382 L‘.
3360 326 3464 385 850

271 439 356 493 48.
391 440 617 509 Μήποτε
651 438 898 512 ἁρπάσῃ,
932 438 1024 492 καὶ
1052 440 1110 493 οὐ
1149 442 1225 513 μὴ
1329 446 1357 498 6
1390 445 1675 516 ῥυόμενος.

1809 460 1863 517 Α
1959 450 2048 504 48.
2077 448 2157 505 Ne
2189 448 2412 521 quando
2440 447 2641 519 rapiat,
2673 456 2728 505 et
2753 463 2863 504 non
2896 449 2968 504 sit
2998 449 3092 521 qui
3115 448 3330 520 eripiat.

271 532 362 586 49.
397 532 567 586 Θυσία
596 535 858 597 αἰνέσεως
884 534 1098 598 δοξάσει
1132 554 1200 606 με
1223 553 1236 567 ·

1951 542 2043 599 49.
2077 540 2423 597 Sacriﬁcium
2455 540 2635 596 laudis
2660 540 3047 597 bonoriﬁcabit
3068 557 3193 596 me:

273 621 364 675 50.
396 624 509 677 Καὶ
532 625 651 681 ἐκεῖ
672 624 823 690 ὁδὸς,
918 625 1078 691 δείξω
1108 628 1260 700 αὐτῷ
1290 630 1349 683 τὸ
1385 634 1649 706 σωτήριόν
1681 652 1782 706 μου

1953 636 2042 690 50.
2060 634 2125 690 Ει
2152 634 2264 690 illic
2289 635 2416 702 iter,
2429 649 2540 705 quo
2558 633 2842 691 ostendam
2866 633 2945 689 illi
2965 635 3204 690 salutare
3223 634 3463 707 (quod...

197 712 359 789 [ἦνη.
391 714 655 785 σωτήριον
682 714 777 768 τοῦ
806 716 990 789 Θεοῦ].

979 760 990 775 υ
1884 727 2125 783 salutare
2152 725 2273 797 Dei]
2302 742 2510 783 meum.

196 808 304 869 Εἰς
334 806 403 860 τὸ
430 808 626 875 τέλος,
653 809 898 878 ψαλμὸς
924 809 1005 877 τῷ
1035 812 1233 879 Δαϐὶδ,
1266 814 1335 867 ἐν
1363 815 1445 881 τῷ
1487 819 1727 872 εἰσελθε

1934 835 1954 870 ι
1987 818 2165 887 ﬁnem,
2183 817 2420 887 psalmus
2446 817 2643 885 David,
2684 816 3180 888 cumingrederetur
3202 816 3271 870 ad
3292 816 3465 885 ipsum

271 898 422 966 πρὸς
485 900 675 954 αὑτὸν
743 900 948 956 Νάθαν
1017 906 1124 957 τὸν
1183 906 1535 976 προφήτην,
1604 911 1787 977 ἡνίκα

1962 912 2183 966 Nat/tan
2237 911 2531 981 propheta,
2580 909 2793 981 quando
2834 910 3048 963 intravit
3094 907 3163 961 ad
3209 906 3466 961 Bersabee

273 988 523 1056 εἰσῆλθε
553 990 705 1060 πρὸς
732 994 1042 1061 Βηρσαϐεέ
1074 995 1190 1065 τὴν
1236 998 1491 1066 γυναῖκα
1545 1002 1783 1068 Οίιρίου.

1189 1018 1190 1025 η
1236 998 1491 1066 γυναῖκα
1545 1002 1783 1068 Οίιρίου.
1958 1022 2178 1059 uxorem
2212 1003 2375 1059 Urite.
2411 1000 2617 1059 PSAL.
2656 1000 2720 1056 L.

275 1082 454 1135 ΨΑΛ-
493 1082 579 1134 Νό
1960 1098 2010 1151 l.
2041 1096 2300 1152 Miserere
2332 1094 2463 1162 mei,
2489 1093 2655 1162 Dens,
2685 1093 2985 1150 secundum
3018 1107 3271 1164 magnam
3301 1090 3466 1147 mise-

273 1172 326 1224 l.
373 1172 624 1244 Ἐλέησόν
662 1193 753 1245 με,
788 1180 818 1230 6
850 1178 1003 1245 Θεὸς,
1033 1180 1176 1233 κατὰ
1201 1179 1263 1234 τὸ
1310 1183 1456 1251 μέγα
1491 1182 1638 1246 ἔλεός
1666 1199 1783 1237 σου·

868 1178 1003 1245 θεὸς,
1033 1180 1176 1233 κατὰ
1201 1179 1263 1234 τὸ
1310 1183 1456 1251 μέγα
1491 1182 1638 1246 ἔλεός
1666 1199 1783 1237 σου·
1886 1187 2184 1243 ricordiam
2216 1198 2399 1241 luam:

271 1262 326 1323 2,
359 1266 469 1319 Καὶ
501 1265 642 1319 κατὰ
667 1268 728 1321 τὸ
763 1268 965 1338 πλῆθος
997 1269 1106 1324 τῶν
1134 1272 1433 1342 οἰκτιρμῶν
1457 1290 1549 1329 σου
1581 1273 1789 1340 ἐξάλει-

1958 1281 2014 1335 2.
2054 1280 2119 1333 Et
2138 1280 2439 1335 secundum
2467 1280 2870 1336 multitudinem
2903 1278 3315 1336 miserationum
3343 1283 3467 1332 tua-

192 1355 298 1424 ψον
325 1357 387 1410 τὸ
419 1358 679 1429 ὰνόμημά
718 1377 843 1431 μου.

1890 1388 2013 1428 rum
2043 1373 2161 1428 dele
2187 1373 2532 1444 iniquitatem
2565 1390 2762 1428 meam.

270 1446 327 1502 3.
364 1447 673 1503 Ἐπιπλεῖον
696 1449 894 1504 πλῧνόν
924 1468 990 1521 με
1036 1450 1145 1505 ἀπὸ
1173 1454 1272 1523 τῆς
1302 1454 1532 1525 ἀνομίας
1558 1472 1680 1525 μου·

1628 1473 1680 1509 υ·
1964 1464 2018 1517 5.
2044 1463 2291 1534 Amplius
2319 1464 2440 1517 lava
2472 1478 2561 1518 me
2588 1464 2656 1517 ab
2686 1463 2972 1534 iniquitate
3003 1477 3159 1518 mea:

272 1537 326 1593 4.
356 1540 467 1593 Καὶ
494 1540 601 1594 ἀπὸ
626 1542 724 1611 τῆς
756 1542 1031 1613 ἁμαρτίας
1064 1561 1166 1614 μου
1196 1543 1494 1614 καθάρισὸν
1529 1562 1617 1615 με.

1418 1545 1494 1597 τόν
1529 1562 1617 1615 με.
1958 1552 2013 1606 4.
2040 1553 2107 1607 Ει
2137 1569 2166 1606 a
2198 1562 2423 1623 peccato
2450 1568 2575 1608 meo
2606 1555 2810 1610 munda
2846 1570 2949 1610 me.

271 1630 326 1685 5.
360 1630 482 1684 Ὅτι
512 1632 608 1703 τὴν
635 1634 864 1704 ἀνομίαν
896 1652 997 1706 μου
1025 1635 1138 1704 ἐγὼ
1162 1634 1438 1705 γινώσκω·

1966 1648 2021 1702 5.
2050 1646 2318 1714 Quoniam
2348 1647 2690 1719 iniquitatem
2720 1664 2896 1702 meam
2926 1662 3025 1719 ego
3055 1660 3364 1718 cognosco:

270 1720 322 1777 6.
343 1725 454 1777 Καὶ
486 1726 518 1794 ἡ
544 1726 787 1797 ἁμαρτία
811 1744 912 1797 μου
941 1726 1172 1782 ἐνώπιόν
1199 1727 1301 1799 μού
1334 1730 1453 1781 ἐστι
1475 1727 1787 1792 διαπαντός.

1965 1739 2018 1792 6.
2056 1739 2121 1793 Ει
2147 1749 2426 1810 peccatum
2451 1758 2633 1797 meum
2661 1756 2843 1797 coram
2873 1756 2960 1795 me
2993 1738 3090 1811 [te]
3122 1748 3203 1795 est
3233 1753 3464 1811 semper.

272 1814 326 1869 '1.
365 1815 456 1870 Σοί
488 1818 634 1888 μόνῳ
688 1818 960 1889 ἥμαρτον,
1007 1818 1102 1877 καὶ
1158 1817 1221 1874 τδ
1278 1820 1511 1889 πονηρὸν
1561 1821 1791 1874 ἐνώπιόν

1965 1831 2015 1882 7.
2054 1830 2176 1885 Tibi
2210 1831 2311 1886 soli
2344 1832 2560 1901 peccavi
2589 1850 2602 1885 :
2632 1840 2686 1887 et
2708 1831 2913 1885 malum
2947 1845 3132 1886 coram
3170 1838 3223 1885 te
3248 1826 3353 1883 feci
3381 1847 3393 1883 :

197 1921 296 1960 σου
330 1907 586 1979 ἐποίησα·

1333 2027 1714 2087 ATHANASII
1761 2028 2342 2088 INTERPRETATIO.

269 2177 358 2233 ιδ.
400 2180 490 2234 Ἐν
520 2181 597 2252 τῷ
624 2183 801 2256 καιρῷ
827 2184 923 2238 τοῦ
957 2185 1209 2242 θανάτου.

1062 2185 1209 2242 ἀτου.
1811 2196 1855 2251 Β
1954 2188 2044 2242 48.
2081 2188 2350 2260 Tempore
2383 2190 2593 2246 mortis.

266 2268 359 2325 49.
398 2270 456 2324 '0
501 2275 936 2349 συντετριμμένῃ
974 2276 1173 2347 καρδίᾳ
1204 2277 1297 2329 καὶ
1337 2292 1784 2348 τεταπεινωμενῃ

1959 2280 2047 2334 49.
2086 2279 2188 2347 Qui
2242 2296 2329 2335 me
2372 2282 2538 2335 corde
2583 2279 2819 2335 contrito
2891 2287 2945 2335 et
3009 2275 3468 2336 humiliatocolit

189 2358 480 2433 λατρεύων
512 2381 635 2435 μοι,
670 2361 825 2429 οὗτος
851 2367 1061 2433 δοξάζει
1088 2383 1187 2437 με·
1222 2368 1407 2438 ἐπειδὴ
1436 2368 1524 2421 διὰ
1558 2370 1657 2439 τῆς
1687 2387 1717 2422 τ

1938 2383 1946 2426 ἰ
1991 2373 2191 2437 servit,
2242 2373 2331 2427 hic
2372 2387 2460 2430 me
2507 2372 2809 2442 gloriﬁcat,
2858 2370 3117 2440 quoniam
3166 2367 3469 2424 humilitate

193 2451 514 2519 πεινώσεως
568 2456 861 2523 δείκνυσιν,
902 2460 983 2512 ὅτι
1047 2459 1377 2529 παρίσταται
1426 2460 1564 2531 μετὰ
1619 2459 1720 2529 φὸὄ

1895 2465 2162 2529 ostendit,
2189 2465 2334 2534 quod
2370 2473 2513 2519 astat
2543 2462 2653 2519 Deo
2680 2479 2803 2519 cum
2836 2463 3035 2517 timore
3062 2472 3116 2517 et
3145 2446 3392 2517 veritate.

193 2546 297 2598 καὶ
326 2546 582 2617 ἀληθείας
611 2548 688 2619 τῷ
718 2549 836 2620 Θεῷ
870 2550 967 2623 (1).

271 2638 359 2693 50.
386 2641 497 2695 Καὶ
525 2643 583 2694 ὲν
610 2644 677 2713 τῇ
712 2644 894 2697 πίστει
930 2662 1029 2723 μου
1063 2646 1221 2711 δείξω
1257 2645 1411 2723 αὐτῷ
1431 2644 1528 2709 τὰς
1565 2643 1785 2706 ὲντολὰς

1966 2641 2054 2698 50.
2095 2640 2156 2695 Et
2196 2642 2253 2696 in
2298 2642 2402 2697 ﬁde
2444 2657 2562 2695 mea
2594 2642 2875 2697 ostendam
2913 2641 2987 2696 illi
3017 2648 3284 2711 praecepta
3327 2651 3466 2692 mea.

199 2747 328 2800 μου.

286 2845 351 2898 Ἦ
389 2848 721 2922 προκειμένη
754 2849 1034 2923 ἐπιγραφὴ
1065 2851 1308 2923 περιέχει
1339 2851 1439 2922 (ay
1495 2852 1603 2915 Εἰς
1654 2848 1720 2905 τὸ
1769 2845 1965 2911 τέλος,
1988 2843 2235 2915 ψαλμὸς
2279 2843 2361 2909 τῷ
2406 2844 2605 2909 Δαϐὶδ,
2635 2844 2705 2897 ἐν
2752 2844 2832 2911 τῷ
2862 2842 3062 2897 ἐλθεῖν
3108 2843 3260 2911 πρὸς
3286 2839 3473 2893 αὑτὸν

197 2935 410 2997 Νάθαν
430 2937 538 2993 τὸν
571 2941 917 3011 προφήτην,
937 2944 1117 3012 ἡνίκα
1142 2943 1392 3012 εἰσῆλθε
1422 2943 1574 3013 πρὸς
1594 2938 1920 3012 Βηρσαϐεέ.
1938 2936 2103 3008 ,Αὕτη
2127 2932 2219 2994 οὖν
2251 2938 2284 3007 ἡ
2306 2938 2573 3009 ἑρμηνεία
2598 2937 2692 2991 τοῦ
2723 2936 3066 3011 γράμματος.
3112 2934 3287 2989 Δαϐὶδ
3316 2933 3471 3020 [γὰρ]

198 3030 566 3101 ἑρμηνεύεται
588 3034 979 3105 ἐξουδένημα.
1016 3035 1323 3105 Βηρσαϐεὲ
1349 3035 1428 3100 δὲ,
1465 3035 1601 3106 πρὸς
1642 3034 1711 3106 ἢν
1750 3030 2017 3101 εἰσῆλθεν,
2066 3029 2427 3101 ἑρμηνεύεται
2469 3030 2655 3099 φρέαρ
2687 3028 3069 3099 πλησμονῆς.
3095 3028 3297 3082 Νάθαν
3345 3026 3401 3079 δὲ
3442 3026 3476 3079 6

199 3125 513 3196 προφήτης,
544 3128 573 3180 6
622 3126 879 3181 εἰσελθὼν
906 3128 1042 3202 πρὸς
1072 3129 1260 3193 αὑτὸν,
1304 3127 1664 3201 ἑρμηνεύεται
1706 3125 1895 3189 δόσις.
1927 3121 2096 3176 Τοῦτο
2124 3118 2217 3176 οὖν
2245 3122 2417 3191 λέγει,
2459 3122 2541 3176 ὅτι
2572 3124 2605 3175 ό
2636 3120 3109 3191 ἐξουδενημένος
3133 3117 3200 3197 ἦν
3240 3120 3300 3173 τὸ
3344 3120 3475 3191 πρό-

197 3235 359 3288 τερον
385 3218 475 3272 διὰ
510 3218 584 3290 (5)
613 3220 711 3285 τὰς
736 3221 1029 3293 ἁμαρτίας·
1052 3224 1138 3287 εἰς
1162 3222 1229 3275 τὸ
1256 3221 1451 3289 τέλος,
1481 3220 1724 3275 τουτέστι
1761 3218 1901 3291 μετὰ
1926 3218 2121 3283 ταῦτα,
2147 3219 2236 3272 ὅτε
2263 3217 2479 3289 εἰσέλθῃ
2499 3220 2586 3283 εἰς
2610 3216 2677 3270 τὸ
2707 3217 2893 3285 φρέαρ
2939 3215 3051 3283 τῆς
3090 3213 3471 3289 πλησμονῆς,

198 3310 346 3378 λέγω
371 3311 437 3384 δὴ
470 3312 564 3365 τοῦ
593 3312 992 3385 βαπτίσματος,
1026 3315 1244 3387 ἔρχεται
1272 3314 1409 3387 πρὸς
1435 3315 1596 3369 αὑτὸν
1625 3316 1652 3367 6
1673 3314 1959 3385 προφήτης
1989 3315 2018 3366 6
2064 3310 2355 3385 λεγόμενος
2384 3309 2576 3376 δόσις·
2608 3309 2753 3383 φημὶ
2783 3308 2847 3378 δὴ
2870 3308 2930 3360 τὸ
2964 3308 3186 3379 Πνεῦμα
3211 3307 3273 3361 τὸ
3300 3307 3473 3376 ἅγιον,

196 3399 229 3454 ὃ
263 3403 441 3457 πάντα
462 3408 727 3477 προεῖπε,
758 3407 853 3461 κα).
872 3408 1039 3477 λέγει·
1073 3408 1169 3463 καὶ
1203 3408 1390 3461 λοιπὸν
1425 3406 1651 3477 ἄρχεται
1689 3405 1867 3473 λέγειν
1901 3406 1929 3457 6
1956 3402 2325 3473 φωτιζόμενος
2353 3400 2443 3454 τὸν
2468 3400 2831 3471 προκείμενον
2854 3397 3087 3468 ψαλμόν.

277 3494 497 3551 Titulus
531 3499 857 3568 praepositus
902 3501 1182 3555 continet:
1217 3498 1287 3561 In
1319 3500 1499 3570 ﬁnem,
1529 3499 1767 3568 psalmus
1809 3497 2005 3561 David,
2037 3511 2156 3549 cum
2203 3494 2568 3571 ingrederetur
2612 3493 2681 3545 ad
2716 3493 2890 3562 ipsum
2940 3490 3165 3545 Nathan
3213 3489 3477 3560 propheta

200 3588 419 3660 quando
459 3591 678 3644 intrauit
724 3592 793 3644 ad
835 3591 1114 3646 Bersabee.
1145 3590 1526 3660 lnscriptionis
1571 3588 1950 3661 interpretatio
1987 3588 2113 3643 talis
2163 3596 2265 3641 est.
2302 3585 2474 3639 David
2521 3586 2665 3638 enim
2715 3584 3104 3653 interpretatur
3137 3584 3475 3653 contemptio.

199 3679 479 3739 Bersabee
510 3690 713 3751 autem,
750 3682 817 3737 ad
844 3699 1008 3753 quam
1044 3683 1289 3749 intravit,
1325 3682 1712 3751 interpretatur
1735 3691 1923 3751 puteus
1955 3677 2343 3739 redundantiw.
2381 3674 2594 3731 Nathan
2632 3685 2812 3729 autem
2846 3675 3108 3744 prephcta
3144 3675 3237 3743 qui
3269 3675 3479 3743 ingres-

203 3793 305 3831 sus
334 3786 419 3831 est
446 3778 512 3832 ad
546 3793 693 3845 eum,
728 3778 1115 3849 interpretatur
1146 3779 1364 3832 donum.
1396 3776 1512 3832 Hoc
1540 3777 1702 3849 igitur
1729 3777 2017 3847 signiﬁcat,
2048 3773 2193 3844 quod
2235 3781 2564 3841 contemptus
2607 3780 2725 3824 erat
2770 3779 2929 3823 antea
2962 3778 3182 3840 propter
3217 3776 3480 3838 peccata;

200 3871 264 3927 in
287 3870 486 3938 ﬁnem:
539 3871 643 3925 hoc
664 3879 749 3926 est
768 3881 961 3941 postea
992 3887 1117 3928 eum
1147 3872 1373 3927 intravit
1406 3873 1459 3925 in
1488 3880 1707 3940 puteum
1730 3868 2094 3929 abundantia},
2127 3865 2378 3920 videlicet
2400 3860 2941 3932 baptismatis,'venit
2971 3861 3035 3914 ad
3063 3875 3188 3916 eum
3216 3860 3479 3929 propheta

202 3966 302 4035 qui
339 3962 543 4020 dicitur
579 3965 798 4032 donum,
838 3967 1046 4022 scilicet
1080 3966 1319 4037 Spiritus
1352 3974 1619 4027 sanctus:
1652 3965 1749 4035 qui
1784 3964 1968 4019 omnia
2001 3960 2245 4032 praedicit
2275 3967 2328 4012 ct
2354 3956 2618 4026 loquitur,
2659 3962 2713 4007 et
2765 3953 2985 4007 demum
3022 3951 3359 4006 illuminatus
3392 3952 3479 4005 in-

204 4062 342 4132 cipit
374 4077 569 4117 canere
605 4063 917 4133 subjectum
946 4064 1242 4134 psalmum.

280 4156 335 4211 1.
365 4154 495 4215 Ἀπὸ
517 4155 616 4225 τῆς
636 4154 904 4228 αἰτήσεως
938 4173 1031 4209 σου
1059 4156 1134 4225 (4)
1182 4154 1339 4228 [μου]
1369 4154 1464 4209 τοῦ
1490 4153 1672 4215 ἐλέους
1702 4170 1794 4205 σου

1978 4152 2024 4204 1.
2060 4145 2436 4204 Postulatione
2491 4156 2612 4197 mea
2659 4137 3051 4195 misericordiae
3099 4143 3205 4190 tuae
3250 4136 3475 4191 ostendo

200 4248 455 4318 δείκνυμι
477 4249 610 4301 πᾶσι
634 4248 696 4303 τὸ
724 4248 842 4310 πῶς
870 4248 1134 4321 ἥμαρτον.

1904 4243 2183 4309 omnibus,
2218 4250 2482 4311 quantum
2508 4233 2750 4307 peccavi.

279 4339 335 4392 2.
366 4339 439 4391 Τὸ
471 4336 675 4408 πλῆθος
713 4336 820 4392 τῶν
849 4335 1150 4408 οἰκτιρμῶν
1183 4353 1278 4389 σου
1331 4335 1544 4405 νικήσει
1573 4333 1633 4387 τὸ
1659 4332 1795 4402 πλῆ-

1972 4336 2027 4391 2.
2060 4332 2359 4389 Multitudo.
2396 4326 2900 4386 misericordiarum
2936 4332 3152 4378 tuarum
3200 4320 3478 4390 superauit

205 4431 301 4493 θος
332 4428 442 4482 τῶν
471 4427 756 4500 ἁμαρτιῶν
786 4445 908 4499 μου.

1902 4427 2305 4482 multitudinem
2340 4430 2689 4493 peccatorum
2713 4432 2980 4474 meorum.

280 4523 333 4578 5.
379 4522 501 4574 Ἐπὶ
530 4520 782 4575 τοσοῦτον
828 4520 889 4574 τὸ
937 4518 1081 4589 ὓδωρ
1136 4516 1230 4572 τοῦ
1270 4517 1644 4587 βαπτίσματος
1698 4532 1791 4567 σου

1973 4519 2026 4572 5.
2058 4516 2292 4577 Tantum
2332 4529 2472 4584 aqua
2502 4509 2868 4580 baptismatis
2914 4508 2989 4561 tui
3019 4506 3216 4576 poterit
3273 4514 3333 4559 ut
3361 4504 3476 4574 ipsa

211 4615 423 4686 ἰσχύσει
444 4613 544 4685 (5),
562 4614 701 4667 ὥστε
732 4613 935 4683 φθάσαι
960 4613 1091 4666 αὐτὸ
1114 4613 1207 4666 καὶ
1227 4611 1329 4673 ἕως
1349 4612 1445 4679 τῆς
1473 4609 1648 4678 ψυχῆς
1674 4626 1740 4679 μο

1473 4609 1648 4678 ψυχῆς
1674 4624 1798 4679 μου.
1902 4624 2077 4680 usque
2108 4607 2176 4662 ad
2210 4606 2448 4661 animam
2479 4617 2656 4657 meam
2684 4599 2980 4671 perveniat.

280 4709 336 4764 4.
381 4709 440 4761 '0
475 4708 615 4771 θεῖος
648 4708 741 4761 καὶ
795 4706 1119 4777 ἐπουράνιος
1165 4704 1381 4776 Ἀμνὸς,
1415 4705 1443 4756 ὁ
1482 4703 1650 4773 αἴρων
1700 4700 1798 4771 τὴν

1970 4703 2023 4755 4.
2057 4699 2286 4754 Divinus
2308 4706 2363 4752 et
2396 4693 2805 4767 supercmlestis
2835 4691 3044 4757 Agnus,
3078 4690 3171 4760 qui
3203 4689 3348 4745 tollis
3370 4688 3476 4744 ini-

207 4801 439 4871 ἀνομιαν
468 4800 543 4870 (6)
575 4799 667 4853 τοῦ
691 4800 917 4869 κόσμου.

1901 4797 2165 4866 quitatem
2195 4787 2405 4845 mundi.
2586 4870 2595 4871 ί
2885 4810 2888 4815 ·

282 4868 336 4947 5⁷.
379 4868 530 4961 Ἐγὼ(
553 4888 671 4945 οἶδα
698 4868 813 4955 πῶς
841 4890 1095 4963 ἧμαρτόν.
1115 4906 1226 4944 σοι..

1974 4879 2027 4933 5.
2057 4875 2171 4946 Ego
2202 4873 2330 4933 novi
2361 4870 2638 4943 quomodo
2667 4868 2761 4923 tibi
2795 4868 3034 4938 peccavi.

281 4981 331 5037 6.
370 4981 514 5053 Ὀρῶ
543 4980 619 5052 (7)
644 4982 740 5045 τὰς
764 4980 993 5051 πράξεις
1025 4997 1129 5052 μου
1153 4980 1252 5043 τὰς
1277 4975 1523 5049 πονηρὰς
1558 4975 1802 5038 ἑστώσας

1968 4972 2024 5026 6.
2055 4969 2228 5024 Video
2257 4981 2459 5038 pravas
2486 4979 2638 5019 meas
2668 4963 2915 5023 actiones
2946 4971 3153 5021 stantes
3185 4975 3369 5017 coram
3405 4969 3475 5015 te.

208 5073 526 5145 ἔμπροσθέν
557 5089 672 5127 σου.

284 5168 337 5220 7..
376 5167 469 5230 Εἰς
520 5165 580 5218 σὲ
615 5166 881 5236 ἥμαρτον,
934 5164 1032 5235 τὴν
1091 5163 1273 5217 εἰκόνα
1329 5178 1422 5215 σου
1481 5159 1709 5231 φθείρας
1732 5160 1798 5229 τῇ

1984 5154 2036 5208 7.
2062 5152 2264 5209 Contra
2308 5163 2358 5207 te
2392 5150 2642 5221 peccavi,
2681 5149 2970 5218 imaginem
3019 5159 3169 5205 tuam
3225 5159 3476 5201 corrum-

213 5257 476 5330 ἁμαρτίᾳ·
498 5258 640 5325 λέγω
664 5257 727 5328 δὴ
764 5258 1019 5328 ὲμαυτόν.

1908 5262 2043 5317 pens
2074 5254 2315 5318 peccato,
2349 5246 2453 5298 hoc
2485 5253 2567 5299 est
2601 5259 2687 5299 me
2716 5245 2912 5312 ipsum.

1157 5367 1467 5430 Addenda
1497 5374 1559 5428 et
1591 5363 1968 5444 corrigenda
2000 5380 2078 5423 ex
2107 5361 2247 5424 cod.
2284 5361 2484 5421 Vatic.

288 5536 367 5606 (1)
405 5535 797 5599 Ταπεινὼσεως
840 5535 1013 5596 οὕτως
1042 5534 1359 5606 δείκνυσιν,
1394 5534 1475 5587 ὅτι
1503 5532 1620 5603 Θεῴ
1652 5550 1792 5603 παρ-
2074 5532 2192 5606 ζου
2213 5527 2410 5606 deest.

220 5596 601 5688 ίσξαταεμετὰ
633 5596 817 5688 φόϐου,
852 5607 946 5688 καί
978 5605 1282 5668 εὐλαϐείας.
1343 5596 1351 5600 ⁷
1593 5596 1604 5603 ’
1735 5596 1745 5603 ’
2070 5596 2299 5688 Γ,ξηιξςχύξῑμ

291 5677 368 5765 (ἓ)
396 5668 700 5765 gravis
729 5668 1305 5765 κιννριδάρξωςξερε
1349 5746 1371 5764 ..
1410 5764 1413 5765 ,
1969 5668 2043 5765 £92
2070 5668 2468 5765 Ἐξιξρένοαίαί·

294 5739 370 5819 (5)
396 5739 514 5805 ’Ὅτι
543 5739 787 5818 ἐξουδενη
798 5739 1026 5818 μένοξτὸ
1044 5739 1306 5817 πρότερον
1342 5746 1419 5801 ὣν
1446 5744 1551 5811 διά,
1577 5754 1678 5803 etc.
1969 5742 2045 5819 (7)
2087 5739 2275 5811 Ὁρῶν.
