3876 6220
444 293 542 351 851
1293 308 1349 365 S.
1381 308 1754 366 ATHANASII
1787 311 1935 368 OPP.

2195 312 2281 372 ιίἲ.
2332 351 2393 361 --
2427 319 2841 377 EXEGETICA.
3591 327 3707 386 852

508 415 562 469 8.
600 416 671 473 Ut
691 419 1006 490 justiﬁeeris
1036 425 1094 478 in
1118 419 1467 482 Sermonibus
1495 429 1622 495 tuis,
2029 479 2039 492 .

2029 437 2080 493 Α
2178 437 2230 492 8.
2262 437 2450 500 Ὅπως
2481 437 2546 491 ἂν
2573 439 2867 510 δικαιωθῇς
2896 441 2952 493 ἐν
2977 441 3089 504 τοῖς
3117 439 3295 509 λόγοις
3325 457 3442 493 σου·

515 507 570 564 9.
599 507 668 565 Ει
693 512 879 570 vincas
913 529 1034 570 cum
1064 515 1350 585 iudicaris.

2180 527 2231 583 9.
2265 529 2374 581 Καὶ
2405 532 2634 602 νικήσῃς
2661 533 2719 584 ὲν
2753 507 2833 601 τῷ.
2859 531 3139 603 κρίνεσθαί
3169 507 3249 584 σε.

513 598 769 670 lMEcee
788 603 932 659 enim
964 605 1020 660 in
1041 606 1422 677 iniquitatibus
1449 621 1744 682 conceptus
1778 629 1933 670 sum:

1801 630 1933 670 um:
2179 620 2265 674 10.
2316 622 2444 674 Ἰδοὺ
2474 598 2661 694 γαρ-ἐν
2693 598 2944 694 ἀνομίαις
2971 625 3332 697 συνελήφθην·

507 689 594 743 11.
624 689 690 745 Ει
713 692 769 745 in
795 695 1034 762 peccatis
1057 699 1303 768 concepit
1333 715 1420 756 me
1449 709 1625 757 mater
1654 718 1796 758 mea.

2181 713 2265 767 11.
2291 715 2401 767 Kal.
2423 717 2478 768 ὲν
2500 717 2796 787 ἁμαρτίαις
2828 717 3084 787 ἐκίσσησὲ
3127 734 3192 788 με
3220 719 3251 789 ὴ
3281 718 3466 789 μήτηρ
3495 735 3630 789 μου.

515 781 601 837 12.
633 781 774 838 Ecce
800 785 944 841 enim
965 789 1248 846 veritatem
1274 791 1546 850 dilexisti:

2183 804 2270 859 12.
2313 806 2442 859 Ἰδοὺ
2473 807 2582 878 γὰρ
2611 807 2869 878 ἀλήθειαν
2893 809 3204 879 ἠγάπησας·

513 872 602 926 15.
632 871 841 932 Incerta
870 886 925 932 et
951 880 1162 936 occulta
1190 885 1468 953 sapientiae
1509 897 1616 945 tuae
1647 891 1973 950 manifestas?

442 962 597 1016 mihi.

2182 899 2272 952 15.
2303 899 2385 951 Τὰ
2409 871 2578 970 ἇδῇλα
2598 871 2779 953 καῖ-τὰ
2803 871 3010 969 κρύιρνια
3033 871 3132 969 ei”);
3156 899 3346 967 σοφίας
3371 917 3466 953 σου
3489 900 3705 972 ἐδήλωσ-

501 979 597 1018 1111.

2111 989 2208 1045 σὰς
2245 1007 2352 1045 μοι.

627 1057 894 1155 dsperges
922 1077 1008 1117 me
1042 1064 1280 1135 hyssopo
1301 1076 1355 1122 et
1388 1071 1724 1128 mundabor:
1803 1128 1818 1142 ,

2111 1007 2142 1044 σ
2284 1007 2353 1045 οι.

2145 1007 2282 1136 ai:
2313 1084 2578 1146 Ῥαντιείς
2609 1101 2676 1153 με
2699 1085 2956 1154 ὑσσώπῳ,
2998 1083 3092 1136 καὶ
3121 1083 3625 1155 καθαρισθήσομαι’

631 1147 862 1206 Lavabis
889 1168 994 1219 me,
1028 1164 1083 1209 et
1110 1172 1274 1226 super
1303 1160 1482 1216 nivem
1511 1162 1824 1221 dealbabor.

2181 1173 2268 1226 l5.
2302 1174 2527 1238 Πλυνεῖς
2559 1146 2647 1245 με,
2687 1176 2781 1228 καὶ
2816 1146 2958 1246 ὑπέρ
2984 1175 3138 1244 χιόνα
3158 1146 3625 1242 λευπανθήσομαι.

624 1241 846 1337 ἒυιιὶιυὶ
880 1260 1004 1299 meo
1032 1247 1187 1304 dabis
1212 1252 1470 1318 gaudium
1500 1261 1556 1310 et
1581 1256 1863 1315 laetitiam;

2178 1266 2268 1320 16.
2313 1236 2607 1329 ’Δκουτιείίς
2634 1236 2728 1337 μοι
2761 1236 3082 1334 ἁγαλλίαισιν
3115 1265 3208 1318 καὶ
3233 1236 3594 1336 εὐφροσύνῇν·

512 1327 598 1384 17.
628 1329 989 1389 Exsultabunt
1029 1353 1153 1393 ossa
1184 1341 1488 1398 bumiliata.

510 1420 594 1477 18.
628 1423 822 1480 Averte
848 1426 1042 1482 faciem
1074 1439 1223 1486 tuam
1256 1450 1287 1488 a
1320 1437 1559 1503 peccatis
1592 1440 1762 1495 meis:

507 1513 596 1568 19.
633 1513 699 1570 Ει
723 1531 914 1574 omnes
946 1523 1262 1591 iniquitates
1296 1542 1445 1583 meas
1474 1530 1610 1584 dele.

2177 1358 2264 1412 17.
2313 1357 2748 1426 Ἀγαλλιάσονται
2778 1357 2937 1409 ὀστέα
2960 1354 3421 1426 τεταπεινωμένα.

2180 1451 2263 1505 18.
2301 1450 2664 1521 Ἀπόστρεψον
2691 1449 2752 1502 τὸ
2785 1449 3074 1520 πρόσωπόν
3104 1465 3196 1500 σου
3226 1446 3335 1502 ἀπὸ
3370 1446 3480 1498 τῶν
3515 1447 3701 1516 ἁμαρ-

2105 1544 2235 1597 τιῶν
2262 1558 2382 1614 μουο

2180 1637 2263 1690 19.
2291 1635 2402 1688 Καὶ
2437 1636 2614 1697 πάσας
2642 1633 2741 1696 τὰς
2762 1632 2988 1702 ἀνομίας
3016 1647 3117 1701 μου
3150 1624 3451 1699 ἐξάλὲιψον.

2175 1729 2266 1782 20.
2292 1728 2537 1798 Καρδίαν
2566 1725 2813 1796 καθαρὰν
2843 1725 3026 1778 κτίσον
3050 1725 3108 1777 ἐν
3133 1721 3277 1794 ἐμοὶ,
3304 1725 3332 1775 ὀ
3361 1721 3494 1783 Θεός

515 1778 604 1833 21.
641 1779 708 1836 Ει
767 1785 1019 1854 spiritum
1079 1800 1286 1847 rectum
1340 1795 1536 1850 innova
1592 1797 1648 1851 in
1706 1789 2046 1855 visceribus]

2427 1778 2440 1780 _
2468 1778 2690 1886 πνευμα
2715 1778 2884 1879 Ιεὐθιές
2927 1778 3233 1883 ὲγκαίιθισον
3264 1778 3340 1865 ’ὲν
3379 1778 3493 1875 τοῖς
3526 1811 3703 1880 ἐγκά-

442 1885 600 1926 111818.

508 1689 596 1745 20.
626 1690 733 1747 Cor
756 1696 1013 1752 mundum
1039 1715 1161 1755 crea
1189 1701 1244 1756 in
1269 1719 1375 1770 me,
1407 1705 1583 1761 Deus;

2108 1927 2220 1972 τοις
2249 1927 2372 1980 μου.

507 1983 597 2039 22.
627 1983 704 2039 Ne
737 1988 994 2056 projicias
1028 2005 1114 2044 me
1149 2007 1178 2045 a
1208 1991 1346 2047 facie
1369 2003 1461 2048 tua
1488 2015 1500 2048 :

2171 2001 2262 2055 22.
2297 2001 2388 2070 Μὴ
2412 1999 2723 2071 ἀπορῤίῲῃς
2757 2015 2825 2070 με
2851 1997 2958 2051 ἀπὸ
2985 1997 3078 2050 τοῦ
3120 1995 3410 2067 προσώπου
3436 2009 3552 2046 σουο

506 2072 598 2130 23.
624 2074 691 2130 Et
723 2076 985 2145 Spiritum
1010 2090 1264 2136 sanctum
1299 2093 1452 2139 tuum
1481 2090 1800 2161 neaul’eras
1837 2107 1870 2146 a
1901 2108 2007 2148 me.

2178 2093 2269 2147 25.
2301 2093 2414 2146 Καὶ
2437 2093 2498 2145 τὸ
2533 2091 2760 2161 Πνεῦμα
2802 2106 2892 2144 σου
2945 2090 3005 2142 τὸ
3061 2089 3216 2156 ἆγιον
3258 2089 3333 2158 μὴ
3393 2083 3693 2153 ἁντανέλῃς

503 2261 595 2314 24.
627 2260 808 2317 Redde
831 2262 962 2316 mihi
989 2264 1224 2320 laetitiam
1255 2270 1508 2327 salutaris
1539 2275 1650 2328 tui:

2157 2187 2532 2338 lt2‘:fl.(:X-ri:t560g
2569 2290 2656 2343 μοι
2690 2274 2789 2340 τὴν
2813 2271 3132 2339 ἀγαλλίασιν
3157 2269 3252 2322 τοῦ
3281 2267 3549 2338 σωτηρίου
3575 2279 3688 2317 σου·

507 2355 599 2413 25.
631 2355 698 2410 Et
727 2355 930 2424 Spiritu
957 2359 1244 2430 principali
1273 2364 1533 2420 conﬁrma
1560 2382 1665 2421 me.

2182 2366 2272 2420 25.
2305 2367 2417 2418 Καὶ
2449 2364 2725 2434 Πνεύματι
2750 2361 3058 2432 ἡγεμονικῷ
3091 2358 3340 2430 στήριξόν
3369 2375 3455 2429 με.

1555 2541 1932 2599 ATHANASII
1966 2541 2552 2599 INTERPRETATIO.

507 2693 561 2758 8,
591 2693 642 2747 9.
680 2692 948 2760 Quoniam
992 2697 1290 2766 praedixisti
1332 2697 1510 2761 nobis,
1535 2698 1681 2767 quod
1725 2705 2008 2767 peccatum

2179 2697 2233 2759 8,
2262 2695 2315 2750 9.
2349 2695 2425 2766 (l)
2455 2695 2580 2748 Ὅτι
2609 2695 2868 2764 προεῖπες
2900 2693 3049 2762 ἡμῖν,
3094 2691 3175 2743 ὅτι
3228 2690 3261 2759 ἡ
3319 2687 3566 2758 ἁμαρτία
3599 2688 3695 2742 θά-

439 2801 587 2841 mors
614 2796 715 2850 est,
752 2795 807 2841 et
851 2789 1239 2844 inexcusabilis
1285 2797 1372 2845 est
1396 2789 1575 2844 omnis
1618 2789 1782 2843 homo
1823 2805 1970 2843 corax

2163 2788 2265 2850 ιτός
2298 2789 2434 2850 ἐστι,
2478 2785 2573 2839 καὶ
2637 2782 3037 2852 ἀναπολόγητος
3087 2783 3203 2833 ὲστι
3246 2780 3356 2841 πᾶς
3406 2779 3694 2848 ἄνθρωπος

439 2887 510 2934 te.
2109 2878 2338 2932 ἐνώπιόν
2377 2895 2491 2932 σου.
2776 2911 2784 2918 -

514 2968 600 3022 10.
630 2967 767 3024 Ecce
795 2969 940 3024 enim
969 2968 1023 3022 in
1047 2969 1443 3039 iniquitatibus,
1473 2986 1610 3041 quas
1640 2971 1763 3038 leci,
1788 2971 2008 3026 conclu—

2180 2970 2266 3024 10.
2299 2971 2428 3023 ’ἰδοὺ
2455 2969 2561 3039 γὰρ
2589 2971 2646 3022 ἐν
2663 2966 2932 3038 ἀνομίαις,
2955 2965 3019 3027 ἃς
3038 2961 3243 3034 ἔπραξα
3269 2960 3696 3031 συγκεκλεισμέα

441 3077 534 3114 8115
565 3077 707 3114 ειειη.

2033 3105 2078 3163 C
2109 3081 2199 3127 νος
2231 3062 2366 3133 είμί.

506 3152 592 3204 11.
622 3149 838 3204 Etcum
867 3166 1043 3205 essem
1085 3152 1140 3204 in
1182 3153 1418 3220 peccatis
1452 3153 1690 3222 suscepit
1730 3167 1817 3206 me
1860 3152 2008 3206 lava-

2182 3156 2269 3210 11.
2305 3155 2414 3208 Kal.
2456 3155 2512 3206 ἐν
2538 3151 2976 3224 ταῖςζὰμαρτίαις
3018 3151 3148 3202 ὄντα
3208 3165 3275 3218 με
3327 3145 3584 3198 συνέλαϐε
3623 3162 3698 3216 με

443 3257 615 3295 crmn.

2109 3249 2143 3319 ή
2164 3245 2537 3317 κολυμϐήθρα.

517 3333 600 3386 12.
627 3332 766 3387 Ecce
797 3332 941 3387 enim
972 3347 1058 3386 me
1087 3332 1300 3387 Satanae
1325 3334 1722 3389 renuntiantem
1755 3336 1972 3391 amasti.

2180 3335 2268 3390 12.
2312 3335 2440 3388 Ἰδοὺ
2475 3333 2585 3406 γὰρ
2616 3331 3028 3403 ἀποταξάμενόν
3083 3347 3150 3402 με
3186 3329 3263 3400 τῷ
3313 3327 3526 3396 Σατανᾷ
3553 3327 3700 3396 ἡγὰ-

2110 3444 2314 3498 πησας.

515 3514 601 3570 15.
631 3514 693 3567 Et
723 3513 1026 3583 symbolum
1058 3513 1183 3569 [dei
1211 3523 1433 3568 tuae-me
1461 3513 1716 3569 docuisti.

2181 3517 2268 3571 15.
2300 3517 2412 3570 Καὶ
2435 3516 2497 3569 τὸ
2531 3515 2796 3587 σύμϐολον
2825 3514 2898 3584 (2)
2955 3514 3053 3584 τῆς
3085 3509 3334 3574 πίστεώς
3371 3526 3464 3561 σου
3516 3509 3697 3561 ἐδίδα-

2112 3609 2207 3674 ξάς
2233 3625 2322 3676 με·

518 3691 603 3744 u.
636 3693 900 3760 Asperges
928 3706 1015 3745 me
1036 3707 1134 3760 per
1158 3689 1426 3762 Spiritum
1469 3697 1718 3747 sanctum
1749 3689 2013 3758 sanguine

2183 3699 2270 3754 14.
2315 3701 2578 3763 Ῥαντιεῖς
2602 3716 2668 3769 με
2692 3697 2769 3769 τῷ
2791 3698 2928 3768 ἁγίῳ
2944 3699 3220 3768 Πνεύματι
3245 3696 3307 3748 τὸ
3332 3690 3470 3765 αἷμα
3505 3695 3582 3764 (5)
3600 3694 3696 3746 τοῦ

448 3783 564 3836 Fiiii
595 3782 693 3844 tui,
719 3792 768 3835 et
795 3782 1154 3839 emundabor.

2111 3791 2241 3844 Υἱοῦ
2278 3809 2394 3857 σου,
2429 3793 2522 3845 καὶ
2555 3790 3049 3862 καθαρισθήσομαι.

521 3878 604 3931 15.
646 3875 710 3928 Ει
739 3891 877 3945 aqua
909 3876 1094 3932 lateris
1125 3876 1203 3931 tui
1233 3877 1497 3933 mundum
1531 3889 1620 3930 me
1645 3883 1700 3929 et
1748 3873 2014 3930 immacu-

2182 3883 2268 3938 15.
2294 3885 2405 3937 Ka‘t
2425 3884 2500 3954 τῷ
2524 3883 2677 3936 ’ὕδατι
2699 3881 2776 3952 τῷ
2813 3884 2876 3934 ὲκ
2903 3883 3001 3951 τῆς
3029 3880 3267 3950 πλευρᾶς
3318 3893 3409 3929 σου
3464 3877 3699 3931 ἄσπιλον

447 3967 613 4020 latum
643 3965 853 4019 reddes.

2112 3974 2206 4028 καὶ
2239 3975 2466 4045 ἄμωμον
2499 3973 2793 4037 ἀναδείξεις
2825 3990 2911 4042 με.

520 4058 603 4110 16.
639 4056 702 4110 Et
727 4060 941 4110 demum
971 4054 1193 4109 docebis
1217 4068 1303 4109 me
1325 4065 1590 4124 praecepta
1615 4060 1733 4112 tua.

2186 4063 2272 4117 16.
2310 4064 2418 4117 Ka‘t
2441 4063 2625 4117 λοιπὸν
2653 4061 2882 4125 διδάξεις
2909 4078 2973 4132 με
3003 4060 3100 4122 τὰς
3121 4057 3336 4122 ἐντολάς
3361 4075 3477 4112 σου.

523 4149 610 4201 17.
641 4147 944 4203 Exsultabit
963 4144 1225 4200 fortitudo
1246 4146 1442 4200 animae
1462 4160 1615 4212 meat,
1643 4147 1712 4202 ob
1736 4159 2013 4217 peccatum

2186 4155 2272 4208 17.
2322 4151 2729 4220 Ἀγαλλιάσεται
2789 4154 2822 4221 ὴ
2891 4152 3040 4220 ἰσχὺς
3085 4151 3184 4220 τῆς
3214 4150 3392 4221 ψυχῆς
3420 4165 3544 4220 μου,
3571 4150 3605 4220 ἡ
3635 4147 3701 4203 τδ

449 4253 606 4298 antea
638 4242 868 4294 inﬁrma.

2118 4249 2378 4319 πρότερον
2396 4247 2500 4298 ὑπὸ
2520 4247 2620 4315 τῆς
2647 4245 2914 4316 ἁμαρτίας
2943 4243 3260 4298 ἁσθενοῦσα.

523 4333 609 4385 13.
644 4331 907 4400 Deprecor
939 4347 1008 4398 te,
1038 4350 1106 4389 ne
1135 4334 1367 4403 amplius
1392 4349 1579 4390 eorum
1605 4335 1905 4390 recorderis

1834 4336 1905 4390 ris
2189 4338 2272 4392 18.
2305 4337 2503 4406 Δέομαί
2528 4354 2640 4389 σου’
2680 4335 2754 4405 μὴ
2787 4335 3026 4405 μνησθῇς
3049 4335 3229 4387 αὐτῶν
3267 4335 3365 4389 ἔτι.

523 4426 608 4477 19.
643 4424 748 4478 Eas
774 4440 964 4480 omnes
991 4426 1129 4480 dele.
2047 4443 2054 4498 1

2047 4443 2092 4498 Ι)
2192 4429 2277 4482 19.
2306 4428 2471 4488 Ὃλας
2505 4425 2670 4489 ﬁta;
2692 4425 2951 4494 ἀφάνισον
2983 4425 3079 4494 (1).

517 4515 604 4568 20.
631 4515 738 4569 Cor
767 4531 945 4570 meum
974 4516 1028 4571 in
1057 4517 1378 4588 baptismate
1404 4537 1597 4591 purum
1630 4522 1796 4577 ellice.

2183 4518 2272 4572 20.
2323 4516 2518 4588 ’Λγνὴν
2573 4517 2797 4588 ποίησον
2843 4517 2900 4569 ἐν
2957 4515 3138 4586 (5)τῷ
3203 4515 3540 4586 βαπτίσματι
3596 4517 3701 4589 τὴν

2115 4609 2337 4680 καρδίαν
2378 4626 2498 4678 μου.

522 4696 608 4748 21.
637 4695 701 4749 Ει
720 4695 803 4751 fac
820 4695 1127 4766 utSpiritus
1149 4710 1371 4757 sanctus
1390 4712 1513 4757 tuus
1537 4704 1735 4758 habitet
1758 4705 1808 4758 in
1833 4705 2012 4760 anima

2189 4700 2279 4753 21.
2308 4700 2417 4751 Καὶ
2446 4698 2507 4750 τὸ
2539 4697 2764 4766 Πνεῦμὰ
2789 4714 2882 4750 σου
2911 4696 2972 4750 τὸ
3014 4697 3167 4764 ἆγιον
3220 4699 3444 4750 ἐνοικεῖν
3471 4697 3704 4768 ποίησον

452 4806 572 4844 mea
602 4800 653 4843 et
679 4791 728 4842 in
761 4799 937 4845 mente
968 4805 1105 4845 mea.

2123 4792 2180 4843 ὲν
2208 4792 2270 4859 τῇ
2301 4788 2445 4859 ψυχῇ
2471 4805 2570 4858 μου
2599 4788 2692 4839 καὶ
2713 4789 2769 4839 ἐν
2795 4791 2860 4857 τῇ
2892 4788 3097 4857 διανοίᾳ
3125 4805 3244 4854 μου.

524 4879 610 4932 ‘22.
645 4879 721 4934 Ne
751 4881 1031 4950 indignum
1068 4897 1154 4937 me
1186 4893 1400 4954 reputes
1428 4889 1598 4956 gratia
1622 4894 1734 4940 tua.

2193 4881 2280 4934 22.
2312 4881 2401 4950 Μὴ
2439 4880 2652 4943 ἀνάξιόν
2681 4896 2745 4949 με
2769 4881 2948 4951 ἡγήσῃ
2972 4879 3071 4947 τῆς
3101 4879 3316 4950 χάριτός
3343 4895 3452 4931 σου.

524 4970 610 5022 25.
649 4971 880 5023 Arx-ham
909 4969 1236 5039 adoptionis.

2194 4973 2284 5026 25.
2314 4973 2416 5024 Τὸν
2447 4971 2741 5042 ἀρραϐῶνα
2769 4972 2867 5040 τῆς
2896 4971 3186 5033 υἱοθεσίας.

525 5061 613 5114 24.
645 5061 918 5130 Consigna
947 5077 1033 5116 me
1067 5062 1222 5132 signo
1253 5061 1486 5132 Spiritus
1522 5067 1619 5116 tui.

2191 5060 2281 5114 2-5.
2310 5060 2614 5130 Σφράγισόν
2649 5077 2716 5130 με
2745 5063 2812 5130 τῇ
2835 5061 3086 5130 σφραγῖδι
3115 5060 3208 5112 τοῦ
3238 5059 3548 5129 Πνεύματός
3578 5077 3695 5114 σου.

523 5150 612 5203 9.5.
643 5149 707 5202 Et
735 5157 924 5206 sancto
956 5151 1162 5222 Spiritu
1192 5153 1262 5208 ob
1293 5155 1628 5209 divinitatem
1661 5156 2016 5226 omnipotenti

2194 5153 2282 5207 25.
2307 5155 2415 5205 Kal.
2431 5152 2507 5222 τῷ
2529 5153 2668 5222 ἁγίῳ
2706 5151 2980 5222 Πνεύματι
3012 5151 3092 5204 τῶ
3144 5155 3211 5211 τῆ
3273 5153 3486 5222 θεότητι
3539 5151 3700 5205 αὑτο-

455 5239 700 5296 conl'orta
725 5257 828 5297 me.

2123 5244 2431 5319 κρατορικῷ
2459 5247 2534 5315 (6)
2563 5246 2876 5298 δυνάμωσόν
2910 5262 2995 5315 με.

1399 5403 1709 5465 Addenda
1749 5409 1809 5465 et
1839 5403 2217 5483 corrigenda
2260 5419 2339 5464 ex
2394 5401 2536 5461 cod.
2595 5401 2795 5461 Vatic.

631 5579 695 5638 ρ.
724 5562 780 5638 8l
818 5564 960 5638 Ὅτι,
995 5571 1122 5629 etc.,
1149 5582 1202 5619 η.
1232 5565 1280 5620 9.
1309 5565 1416 5620 Καὶ
1443 5566 1862 5638 ἁναπολόγητός,
1893 5576 1992 5624 etc.

1309 5565 1416 5620 Καὶ
1443 5566 1862 5638 ἁναπολόγητός,
1893 5576 1992 5624 etc.
2196 5564 2268 5638 (4)
2309 5565 2555 5638 ΪΑφανεῖς
2582 5563 2820 5633 ποίησον.

532 5568 606 5632 (1)
643 5579 694 5614 η.
724 5568 776 5616 8.
818 5568 960 5627 "Ou,
995 5571 1122 5629 etc.,
1149 5582 1202 5619 η.
1232 5568 1280 5620 9.
1309 5568 1416 5620 Καὶ
1443 5568 1862 5638 ἀναπολόγητός,
1893 5576 1992 5624 etc.

532 5631 952 5706 (2)§5_p6ou10v.
1033 5704 1057 5706 Μ

1078 5587 1122 5629 ;.,
1149 5582 1202 5619 η.
1232 5568 1280 5620 9.
1309 5568 1416 5620 Καὶ
1443 5568 1862 5638 ἀναπολόγητός,
1893 5576 1992 5624 etc.
2307 5568 2609 5688 ρ

2214 5659 2245 5689 ι)
2477 5655 2502 5686 t5
2527 5653 2537 5685 ε
2600 5674 2609 5685 .

539 5703 610 5772 ('5)
640 5701 727 5772 Τῷ
753 5704 943 5774 αἵματι
966 5704 1080 5772 τοῦ,
1111 5713 1212 5760 etc.
2195 5701 2269 5775 (6)
2314 5704 2473 5774 ’Λγὶῳ
2507 5723 2659 5760 σου...
2701 5708 3183 5777 αὐτοκρατορικῶς.
