3876 6220
212 302 344 357 853
1240 301 1327 355 DE
1369 299 1645 354 TITULIS
1681 300 2134 361 PSALMORUM.
2167 336 2237 347 --
2274 306 2470 364 PSAL.
2504 308 2565 362 L.
3402 308 3507 363 854

311 416 400 470 26.
428 414 633 479 Διδάξω
662 416 898 486 ἀνόμους
926 416 1025 480 τὰς
1043 416 1195 481 ὁδούς
1232 431 1345 468 σου·

2001 419 2092 473 QG.
2127 420 2343 477 Docebo
2376 422 2596 491 iniquos
2621 422 2739 477 vias
2769 430 2890 477 tuas
2918 439 2931 477 :

308 508 400 564 27.
433 510 544 561 Kal
569 507 785 571 ἀσεϐεῖς
812 508 903 560 ἐπὶ
925 509 983 561 σὲ
1017 511 1423 582 ἐπιστρέφουσι.

1996 509 2087 563 27.
2120 509 2186 564 Et
2211 512 2362 581 impii
2387 510 2456 566 ad
2480 521 2532 567 te
2554 520 2961 567 convertentur.

309 600 400 653 28.
443 598 631 652 Ῥῦσαί
664 615 731 667 με
759 599 818 665 ἐξ
840 600 1105 670 αἱμάτων,
1136 604 1164 655 ό
1193 603 1346 670 Θεὸς,
1375 606 1404 658 ό
1432 605 1561 669 Θεὸς
1589 605 1688 677 τῆς
1719 622 1768 657 σι

1996 599 2086 654 28.
2119 599 2313 657 Libera
2344 617 2434 658 me
2460 603 2526 658 de
2556 603 2939 674 sanguinibus,
2960 601 3283 671 Deus,Deus
3312 602 3506 660 salutis

217 712 300 762 τη
312 692 434 763 ρίας
462 708 562 761 μου
580 708 594 723 ·

1924 710 2099 752 Π]θωῖ

306 786 397 839 29.
458 782 870 852 Ἀγαλλιάσεται
934 786 967 855 ή
1008 785 1229 854 γλῶσσά
1288 805 1388 842 μου
1433 787 1531 860 τὴν
1555 788 1768 843 δικαιοσ

1993 786 2083 841 29.
2119 785 2430 843 Exsultabit
2461 785 2648 856 lingua
2674 801 2795 842 mea
2821 785 3088 857 justitiam
3116 794 3286 845 tuam.

218 896 330 950 νην
360 895 476 931 σου.

303 973 395 1026 50.
427 972 620 1043 Κύριε,
652 971 721 1026 τά
752 972 907 1043 χείλη
945 990 1047 1043 μου
1102 972 1357 1040 ἀνοίξεις,
1423 974 1518 1027 καὶ
1547 975 1610 1027 τὸ
1650 974 1768 1045 στόι.

1995 959 2085 1014 50.
2124 958 2375 1022 Domine,
2406 960 2548 1014 labia
2597 974 2719 1015 mea
2747 960 2989 1030 'aperies,
3015 968 3068 1015 et
3096 975 3159 1016 os
3187 975 3370 1017 meum
3399 976 3500 1017 an-

223 1083 336 1133 μου
362 1066 652 1133 ἀναγγελεῖ
679 1065 777 1136 τὴν
809 1065 1013 1119 αἴνεσίν
1047 1083 1141 1119 σου
1924 1049 2199 1105 ηυηῑίθδίί
2224 1049 2440 1104 Ῑδυάθω
2471 1059 2650 1104 mam:

303 1157 394 1210 5i.
419 1157 539 1209 Ὅτι
566 1158 614 1209 εἰ
639 1157 905 1221 meme;
939 1157 1150 1222 θυσίαν,
1184 1157 1358 1213 ἔδωκα
1396 1158 1479 1213 ἅν·

1991 1142 2086 1195 51.
2121 1141 2394 1207 Quoniam
2436 1142 2480 1198 si
2528 1142 2796 1199 voluisses
2824 1142 3175 1214 sacriﬁcium,
3226 1143 3495 1202 dedissem

1922 1235 2105 1304 utique
2127 1252 2140 1287 :

300 1334 394 1387 52.
435 1334 893 1405 Ὀλοκαυτώματα
920 1336 1020 1389 οὐκ
1052 1335 1383 1406 εὑδοκήσε-ις.

1988 1326 2079 1380 59..
2118 1324 2467 1382 llolocaustis
2501 1342 2612 1381 non
2643 1326 3017 1386 delectaberis.

300 1423 395 1477 55.
427 1424 597 1476 Θυσία
627 1424 703 1495 τῷ
729 1424 848 1495 Θεῷ
877 1424 1095 1495 πνεῦμα
1126 1424 1603 1496 συντετριμμένοψ

1914 1417 1975 1487 [L
1989 1417 2077 1471 55.
2109 1417 2449 1474 Sacriﬁcium
2481 1418 2592 1475 Deo
2612 1421 2836 1489 spiritus
2861 1422 3260 1480 contribulatus

296 1516 389 1571 54.
414 1517 658 1587 Καρδίαν
688 1516 1155 1587 συντετριμμένην
1194 1516 1289 1570 καὶ
1339 1518 1768 1589 τεταπεινωμένοι

1990 1509 2079 1565 54.
2114 1509 2223 1566 Cor
2250 1511 2547 1567 contritum
2582 1522 2635 1568 et
2662 1514 3029 1583 humiliatum,
3058 1514 3224 1585 Deus,
3252 1515 3494 1572 non‘de—

211 1610 257 1663 ὁ
279 1609 413 1673 Θεὸς
432 1610 531 1662 οὐκ
554 1608 917 1674 ἐξουδενώσει.
1273 1614 1288 1673 Ι

1914 1600 2132 1671 spicies.

296 1701 389 1754 55.
453 1700 764 1768 Ἀγάθυνον,
826 1700 1023 1770 Κύριε,
1072 1700 1130 1755 ἐν
1182 1702 1249 1771 τῇ
1295 1700 1514 1772 εὐδοκία
1566 1718 1658 1754 σου
1712 1700 1768 1754 τί

1985 1693 2074 1747 55.
2104 1691 2342 1763 Benigne
2385 1690 2490 1757 fac,
2524 1689 2772 1758 Domine,
2810 1691 2865 1745 in
2912 1691 3058 1748 bona
3081 1696 3373 1763 _voluntate
3404 1708 3494 1757 tua

216 1791 368 1843 Σιών
391 1809 402 1819 ·

1918 1783 2047 1839 Sion
2075 1804 2087 1839 :

296 1882 385 1937 56.
422 1882 533 1935 Καὶ
560 1882 971 1956 οίκοδομηθήτω
990 1884 1060 1938 τά
1090 1885 1243 1956 τείχη
1285 1884 1662 1955 Ἰερουσαλήμ.

1982 1878 2073 1933 56.
2104 1875 2175 1932 Ut
2200 1874 2538 1931 aediﬁcentur
2570 1874 2715 1929 muri
2737 1874 3061 1932 Jerusalem.

294 1973 386 2026 57.
420 1974 554 2026 Τότε
593 1974 905 2046 εὐδοκήσεις
939 1974 1129 2030 Θυσίαν
1148 1959 1527 2048 δικαιοσύνης,

1982 1971 2073 2026 57.
2106 1968 2261 2026 Tunc
2289 1968 2599 2038 acceptabis
2632 1968 2965 2024 sacriﬁcium
2995 1969 3240 2040 justitim,

291 2062 383 2117 58.
436 2063 742 2135 Ἀναφορὰν
771 2065 865 2118 καὶ
893 2062 1319 2136 ὁλοκαυτώματα
1338 2082 1352 2098 ο

1979 2063 2070 2121 58.
2101 2060 2416 2118 Oblationes
2438 2069 2494 2116 et
2516 2061 2836 2118 holocausta
2862 2081 2876 2116 :

291 2155 383 2211 59.
415 2155 547 2210 Τότε
582 2157 888 2211 ἀνοίσουσιν
937 2157 1032 2212 ἐπὶ
1060 2156 1122 2211 τὸ
1151 2157 1533 2230 θυσιαστήριόν
1565 2174 1659 2211 σου
1705 2156 1768 2228 μό

1978 2156 2067 2212 59.
2101 2154 2256 2211 Tunc
2285 2154 2567 2225 imponent
2588 2168 2751 2224 super
2779 2154 2948 2210 altare
2975 2162 3125 2210 tuum
3153 2154 3381 2213 vitulos.

208 2264 403 2318 σχους.

1345 2421 1725 2479 ATHANASII
1768 2418 2359 2478 INTERPRETATIO.

286 2580 378 2636 26.
412 2582 523 2637 Kal
549 2582 879 2653 διηγήσομαι
938 2585 1049 2655 τῇοῖς
1081 2583 1153 2654 μὴ
1184 2583 1347 2637 εἰδόσι
1378 2599 1436 2635 σε
1475 2580 1573 2652 τὴν
1624 2583 1703 2643 εἰς
1739 2597 1768 2632 σ

1975 2576 2066 2636 26.
2099 2576 2167 2633 Et
2193 2578 2429 2633 narrabo
2458 2576 2828 2632 nescientibus
2861 2584 2912 2632 te
2944 2575 3103 2631 fidem
3130 2575 3357 2632 tuam”et
3380 2579 3483 2633 mi-

200 2674 399 2727 πίστιν
423 2673 517 2727 καὶ
548 2673 609 2727 τὸ
632 2673 723 2726 σὸν
746 2672 918 2737 ἔλεος.

1912 2673 2257 2728 sericordiam
2286 2680 2457 2727 tuam.

282 2763 376 2816 27.
415 2763 521 2817 Kal
559 2764 845 2827 ἀκούοντες
874 2762 1119 2827 ἀσεϐεῖς,
1168 2764 1249 2817 ὅτι
1281 2762 1453 2829 οὕτως
1498 2767 1768 2835 συγχωρεί

1972 2764 2064 2819 27.
2097 2766 2162 2820 Et
2203 2764 2356 2835 impii
2394 2765 2701 2829 audientes,
2732 2764 2881 2835 quod
2918 2764 3000 2825 ita.
3017 2765 3230 2821 veniam
3271 2764 3480 2836 praebes

198 2858 325 2918 mi;
353 2856 701 2909 πιστεύουσιν
740 2858 820 2920 εἰς
844 2856 926 2921 σὲ,
958 2857 1375 2928 ἐπιστρέφουσιν
1403 2858 1500 2925 (1).

1912 2858 2250 2913 credentibus
2278 2858 2331 2911 in
2357 2866 2428 2924 te,
2459 2866 2858 2913 convertentur.

281 2945 372 2999 28.
414 2946 604 3000 Ῥῠσαί
635 2964 699 3017 με
725 2948 788 2999 ἐκ
812 2945 920 3001 τῶν
948 2946 1042 2998 τοῦ
1071 2945 1264 3016 ἐχθροῦ
1298 2946 1600 3018 δυνάμεων.

1974 2948 2065 3002 28.
2100 2946 2295 3002 Libera
2330 2963 2417 3003 me
2450 2963 2481 3003 a
2510 2948 2871 3018 potestatibus
2896 2946 3122 3002 inimici.

279 3040 372 3095 29.
408 3040 711 3111 Μελετήσει
740 3041 774 3110 ἡ
796 3037 1020 3108 γλῶσσά
1047 3056 1146 3107 μου
1178 3038 1246 3091 τά
1264 3038 1421 3109 λόγιά
1448 3055 1561 3093 σου.

1969 3038 2062 3095 29.
2093 3038 2365 3109 Cogitabit
2395 3040 2583 3110 lingua
2608 3056 2731 3096 mea
2754 3041 2973 3111 eloquia
3009 3052 3121 3095 tua.

279 3134 370 3189 50.
404 3133 701 3204 Πλήρωσον
734 3131 803 3185 τὰ
830 3132 981 3202 χείλη
1005 3132 1105 3201 τῆς
1129 3131 1355 3203 καρδίας
1387 3150 1487 3203 μου
1523 3133 1619 3204 τῆς
1646 3133 1768 3203 χάρι

1971 3132 2060 3185 50.
2095 3130 2261 3201 Imple
2279 3132 2421 3186 labia
2442 3133 2623 3188 cordis
2648 3135 2752 3187 mei
2778 3135 2949 3205 gratia
2976 3142 3090 3190 tua.
3118 3141 3178 3186 ut
3205 3147 3267 3187 os
3294 3147 3476 3186 meum

196 3228 299 3289 τός
325 3244 442 3290 σου,
464 3226 551 3279 ἵνα
582 3226 645 3278 τὸ
674 3225 848 3295 στόμα
874 3242 973 3295 μου
1002 3224 1293 3294 ἀναγγελεῖ
1317 3226 1415 3292 τὴν
1443 3224 1649 3279 αἴνεσίν
1681 3244 1768 3279 σου

1912 3224 2184 3277 ληῐιυηιὶθι
2212 3224 2425 3279 laudem
2463 3233 2629 3279 tuam.

275 3319 367 3372 51.
401 3318 568 3371 Οὐδὲν
594 3317 864 3388 ἠθέλησας
891 3316 1077 3371 λαϐεῖν
1115 3318 1245 3389 παρ’
1276 3315 1432 3387 ἐμοῦ,
1471 3318 1592 3371 ἐπεὶ
1621 3318 1768 3372 ἔδωκε

1968 3314 2057 3369 51.
2086 3314 2233 3369 Nihil
2259 3316 2481 3373 voluisti
2509 3333 2540 3372 a
2573 3332 2661 3372 me
2692 3317 2958 3387 accipere,
2992 3316 3250 3385 quoniam
3294 3316 3477 3372 dedis-

195 3408 271 3467 ἂν
307 3409 448 3480 ὑπὲρ
470 3408 577 3462 τῶν
607 3407 892 3479 ἁμαρτιῶν
916 3425 1039 3478 μου.

1912 3422 2010 3461 sem
2039 3408 2231 3477 utique
2257 3423 2357 3478 pro
2382 3410 2619 3478 peccatis
2646 3410 2805 3464 meis.

274 3501 365 3555 52.
398 3499 633 3555 Σεαυτὸν
654 3500 762 3573 γὰρ
787 3500 998 3570 μέλλεις
1034 3502 1247 3573 σφαγὴν
1285 3502 1361 3572 (2)
1422 3502 1621 3557 διδόναι
1654 3505 1768 3576 {me

1967 3498 2057 3554 32.
2091 3496 2167 3553 Te
2221 3499 2403 3569 ipsum
2444 3501 2589 3555 enim
2624 3500 2929 3554 traditurus
2971 3514 3029 3554 es
3064 3500 3338 3554 victimam
3374 3514 3474 3570 pro

198 3592 385 3665 ἡμῶν.

1912 3592 2075 3647 lObiS.

274 3683 363 3738 55.
391 3682 810 3739 Ταπεινωθέντα
841 3700 909 3755 με
938 3682 1435 3755 ἐξομολογήσασθαί
1454 3686 1528 3757 (5)
1559 3705 1660 3742 σοι.

1961 3687 2049 3744 55.
2079 3686 2436 3742 Humiliatum
2469 3705 2553 3744 me
2576 3690 2819 3745 conﬁteri
2847 3690 2962 3747 tibi.

275 3772 624 3846 54.Καρδίαν
653 3773 1154 3847 ἐξομολογουμένην
1182 3794 1262 3832 σοι
1279 3778 1378 3831 οὐκ
1406 3779 1767 3851 ἀπορρίπτεις

1959 3777 2049 3832 54.
2080 3778 2187 3833 Cor
2222 3780 2318 3834 tibi
2345 3782 2610 3835 confitens
2644 3796 2749 3834 non
2774 3782 2979 3850 rejicis.

271 3864 360 3921 35.
404 3867 678 3940 ’Υπακοὴν
708 3870 952 3941 ποίησον,
1011 3871 1203 3943 Κύριε,
1266 3871 1345 3943 τῷ
1392 3873 1657 3945 θελήματί
1696 3894 1768 3929 σοι

1961 3869 2049 3924 55.
2080 3868 2210 3935 Fac,
2246 3870 2496 3936 Domine,
2530 3874 2910 3941 obtemperare
2943 3875 3212 3930 voluntati
3246 3884 3351 3931 tua:
3373 3890 3469 3931 cor

196 3957 301 4027 τὴν
342 3957 568 4027 καρδίαν
600 3976 720 4029 μου.
758 3960 912 4013 Σιὼν
960 3961 1075 4033 γὰρ
1120 3963 1566 4033 σκοπευτήριον
1619 3967 1768 4039 ἑρμη-

1912 3974 2090 4013 neum.
2126 3958 2255 4014 Sion
2300 3962 2446 4015 enim
2488 3961 2871 4029 interpretatur
2908 3964 3151 4032 specula,
3188 3966 3349 4035 quale
3383 3974 3467 4021 est

195 4049 438 4116 γεύεται,
469 4051 608 4123 ὅπερ
636 4052 785 4106 ἐστὶν
810 4053 848 4119 ἠ
895 4053 1127 4121 καρδία.
1890 4068 1998 4104 cor.

270 4142 360 4196 56.
394 4144 504 4195 Καὶ
532 4145 588 4195 αἱ
618 4144 826 4198 ὲντολαί
850 4162 944 4197 σου
981 4145 1340 4217 πληρωθῶσιν
1383 4149 1440 4201 ἐν
1475 4151 1539 4219 τῇ
1579 4149 1768 4221 διανοίς

1956 4144 2044 4197 56.
2080 4141 2146 4195 Ει
2182 4152 2448 4212 praecepta
2482 4153 2571 4197 tua
2617 4144 2949 4212 impleantur
2992 4148 3046 4202 in
3096 4159 3275 4206 mente
3321 4167 3461 4209 mea.

197 4252 328 4306 μου.
358 4235 762 4305 Ἰερουσαλὴμ
796 4238 904 4309 γάρ
929 4237 1288 4310 ἑρμηνεύεται
1315 4240 1463 4293 αὐτὸ
1497 4242 1573 4312 (4)
1604 4245 1768 4298 πνεῦ-

1912 4236 2185 4294 ίενιιδαιεηι
2214 4238 2360 4292 enim
2392 4238 2791 4308 interpretatur
2810 4240 2917 4306 ipse
2938 4242 3158 4310 spiritus
3192 4245 3397 4313 gratim.

188 4344 281 4397 μα
314 4345 576 4397 χαριτος.

266 4420 356 4474 57.
384 4421 538 4487 Τότε,
574 4422 653 4475 ὅτ’
681 4422 747 4477 ἄν
771 4441 857 4486 τις
882 4423 1144 4498 πληρώσῃ
1179 4428 1273 4492 τὰς
1297 4429 1515 4494 ἐντολάς
1540 4448 1653 4497 σου,
1690 4433 1768 4485 εὐ-

1948 4417 2039 4471 57.
2074 4417 2227 4472 Tunc
2261 4433 2382 4472 cum
2433 4420 2557 4488 quis
2600 4420 2904 4491 impleverit
2928 4430 3198 4493 praecepta
3221 4433 3335 4484 tua.
3369 4439 3458 4479 ac-

192 4511 526 4581 πρόσδεκτός
566 4514 714 4569 ἐστιν
743 4516 776 4585 ἡ
805 4515 939 4587 εὐχὴ
971 4517 1046 4587 (5)
1074 4518 1240 4572 αὐτοῦ
1275 4523 1426 4592 παρά
1459 4523 1559 4576 σοί.

1915 4508 2167 4575 eptabilis
2196 4516 2279 4561 est
2314 4508 2489 4561 oratio
2516 4508 2635 4579 ejus
2666 4513 2810 4580 apud
2839 4520 2909 4565 te.

265 4604 354 4659 58.
380 4606 490 4659 Καὶ
526 4608 557 4676 ἡ
593 4610 866 4680 προσευχὴ
901 4626 1037 4680 μου,
1070 4612 1167 4666 καὶ
1217 4612 1337 4677 ὅλος
1386 4615 1768 4687 εὐπρόσδεκτός

1951 4595 2038 4649 58.
2069 4595 2135 4649 Ει
2156 4597 2333 4650 oratio
2356 4612 2498 4663 mea,
2525 4608 2576 4652 et
2604 4615 2705 4670 ego
2735 4611 2879 4656 totus
2915 4602 3007 4657 tibi
3047 4614 3252 4672 gratus,
3281 4613 3335 4658 et
3353 4619 3458 4674 .ac-

191 4697 277 4749 σοί
312 4700 449 4768 εἰμι.

1913 4688 2163 4757 eptabilis
2188 4703 2333 4742 sum.

1946 4781 2035 4834 59.
2094 4779 2245 4834 Tunc
2292 4783 2708 4836 circumstantes
2768 4783 2819 4835 in
2876 4784 3247 4852 supercwlcsti
3297 4787 3452 4842 altari

1878 4871 2050 4924 sancti
2083 4871 2259 4941 angeli
2294 4871 2369 4926 tui
2398 4871 2779 4940 gloriﬁcabunt
2812 4880 2881 4939 te,
2914 4876 3169 4944 quoniam
3197 4878 3453 4935 misertus

1875 4977 1933 5016 BS
1964 4978 2088 5016 mCl.

258 4788 346 4843 59.
379 4791 513 4843 Τότε
538 4794 900 4862 περιεστῶτες
929 4797 987 4849 ἐν
1020 4797 1096 4866 τῷ
1130 4799 1437 4869 ἐπουρανίῳ
1482 4799 1772 4872 Θυσιαστη-

191 4880 295 4950 ρίῳ
315 4882 363 4934 οἱ
390 4882 535 4950 ἅγιοι
562 4884 782 4952 ἄγγελοί
805 4903 897 4940 σου
913 4887 1194 4951 δοξάσουσέ
1212 4908 1292 4956 σε,
1322 4891 1402 4943 ὅτι
1420 4891 1656 4961 ἠλέησάς
1678 4910 1764 4962 με.

1141 5152 1449 5215 Addenda
1481 5161 1540 5216 et
1568 5158 1943 5237 corrigenda
1970 5176 2048 5221 ex
2080 5162 2219 5223 cod.
2256 5164 2453 5224 Vatic.

464 5309 743 5394 dasﬁsig‘...
770 5314 1207 5394 ἐπιστρέφουσιν.
1290 5389 1299 5394 Δ
1948 5325 2024 5394 (4)
2056 5325 2251 5379 Αὑτοῦ.

364 5379 987 5472 Δγ-ὸξρ,¹μ.ιελλεἰς
1010 5379 1095 5451 ἐίς
1127 5389 1361 5459 σφαγήν,
1392 5399 1493 5446 etc.
2051 5396 2448 5467 Εὐπρόσδεκτοί
2482 5398 2618 5451 εἰσιν
2641 5403 2693 5453 αἱ
2723 5402 2895 5472 εὐχαί.

252 5448 331 5519 (ὅ)
364 5448 846 5523 Ἐξομολογεῐσύαι.
