3876 6220
443 329 548 384 833
1290 341 1348 397 S.
1389 343 1757 399 ATHANASII
1799 346 1948 402 OPP.
1991 347 2170 403 PARS
2209 348 2296 403 ill.
2338 379 2408 389 —
2445 349 2858 410 EXEGETICA.
3611 359 3720 416 836

441 446 511 500 In
537 450 716 519 ﬁnem,
749 455 1038 510 inteliectus
1071 457 1258 522 David,
1283 476 1401 513 cum
1424 463 1558 516 venit
1579 464 1715 517 Doec
1745 463 1972 519 Idumam

2184 468 2229 532 ῐς
2253 466 2320 519 τὸ
2354 468 2547 534 τέλος,
2597 471 2905 534 συνέσεως
2931 467 3010 534 τῷ
3041 473 3238 537 Δαϐὶδ,
3272 473 3342 528 ἐν
3375 475 3453 540 τῷ
3500 478 3715 532 ἐλθεῖν

513 549 562 595 et
593 545 926 598 annuntiavit
963 545 1140 611 Sauli,
1182 557 1233 601 et
1259 549 1396 602 dixit
1422 552 1470 605 ei
1496 567 1516 605 :
1559 551 1704 606 Venit
1743 552 1921 607 David
1966 555 2022 607 in

2192 558 2359 626 Δωὴκ
2375 557 2482 611 τὸν
2510 559 2855 628 Ἰδουμαῖον,
2881 563 2979 617 καὶ
2998 563 3342 632 ἀναγγεῗλαι
3365 566 3446 630 τῷ
3474 570 3707 635 Σαοὺλ,

509 632 725 688 domum
748 634 1063 692 Abimelech.
1102 637 1299 693 PSAL.
1323 641 1402 694 LI

2195 649 2500 702 καὶεὶπεῖν
2528 650 2721 716 αὐτῷ·
2752 647 2937 708 1Ἦλθε
2983 654 3162 707 Δαϐὶδ
3214 657 3301 721 εἰς
3339 653 3509 712 οἷκον
3548 632 3709 715 3160-—

2185 740 2394 808 μέλεχ.
2443 743 2612 795 ΨΑΛ.
2647 743 2780 796 ΝΑ’.

511 806 564 866 1.
597 807 738 875 Quid
771 811 1034 882 gloriatur
1065 814 1120 867 in
1150 815 1384 873 malitia.

2187 806 2240 886 1.
2272 806 2350 898 (a)
2381 833 2445 884 Τί
2473 835 2718 905 ἑγκαυχᾷ
2754 835 2810 886 ἐν
2833 835 2998 907 κακίᾳ

506 897 561 951 2.
597 897 797 956 Potens
832 902 885 954 in
923 904 1211 973 iniquitate
1237 915 1350 961 tota
1383 907 1508 962 die?

2187 921 2242 972 2.
2283 897 2338 972 Ὀ
2381 897 2603 986 δυνατὸς
2629 897 2859 993 άνομίαν
2887 897 3014 995 ὅλην
3040 928 3140 997 τὴν
3164 928 3375 999 ἡμέραν
3396 970 3413 994 ,

505 987 559 1041 5.
589 988 913 1060 lnjustitiam
945 997 1205 1066 cogitavit
1228 999 1412 1068 lingua
1441 1009 1570 1053 tua:

2193 1011 2245 1065 5.
2294 1014 2533 1068 Ἀδικίαν
2569 987 2848 1084 ἐλογίσατο
2873 1018 2905 1087 ἡ
2935 987 3157 1085 γλῶσσά
3185 987 3277 1074 σου

507 1079 564 1131 4.
594 1078 742 1136 Sicut
775 1086 1039 1140 novacula
1067 1097 1225 1142 acuta
1249 1089 1426 1144 fecisti
1451 1091 1658 1146 dolum.

2185 1104 2240 1157 4.
2285 1104 2430 1157 Ὠσεὶ
2465 1105 2623 1176 ξυρὸν
2649 1078 2814 1178 ηκονη
2825 1078 2982 1178 μένον
3008 1111 3265 1182 ἐποίησας
3294 1112 3460 1168 δόλον.

508 1169 562 1222 5.
598 1169 845 1228 Dilexisti‘
875 1177 1137 1232 malitiam
1169 1196 1333 1250 super
1356 1182 1746 1252 benignitatem
1783 1203 1796 1238 :

2295 1197 2618 1268 Ἠγάπησας
2656 1199 2852 1252 κακίαν
2884 1201 3022 1273 ὑπὲρ
3049 1204 3440 1276 ἁγαθωσύνηνο

507 1261 560 1315 6.
593 1262 935 1334 luiquitatem
962 1262 1155 1341 magis,
1185 1290 1348 1342 quam
1375 1276 1522 1345 loqui
1551 1278 1885 1347 aequitatem.

2193 1279 2244 1334 6.
2291 1283 2528 1338 Ἀδικίαν
2565 1287 2702 1358 ὑπὲρ
2726 1288 2786 1340 τὸ
2811 1289 3034 1360 λαλῆσαι
3067 1293 3431 1367 δικαιοσύνην.

504 1357 551 1413 7.
580 1359 827 1417 Dilexisti
854 1366 1037 1420 omnia
1064 1369 1226 1423 verba
1263 1372 1736 1441 praecipitationis,
1770 1373 2011 1444 linguam

2189 1369 2239 1422 7.
2287 1372 2607 1445 Ἥγάπησας
2637 1378 2812 1430 πάντα
2843 1379 2911 1431 τά
2961 1383 3180 1451 ῥήματα
3226 1388 3699 1459 καταποντισμοΰ,

434 1447 708 1505 dolosam.

2114 1459 2364 1528 γλῶσσαν
2391 1464 2587 1520 δολίαν.

505 1532 558 1588 8.
589 1534 815 1608 Propter
843 1542 946 1597 hoc
971 1544 1115 1601 Deus
1142 1547 1388 1604 destruet
1411 1557 1462 1604 te
1486 1551 1541 1604 in
1569 1552 1768 1606 ﬁnem:

2185 1553 2238 1606 8.
2278 1555 2376 1607 Διὰ
2400 1557 2557 1610 τοῦτο
2589 1562 2616 1612 6
2641 1560 2774 1626 Θεὸς
2793 1564 3007 1618 καθέλοι
3041 1585 3098 1619 σε
3128 1571 3208 1633 εἰς
3228 1570 3401 1634 τέλος·

507 1623 558 1678 9.
588 1624 793 1684 Evellet
829 1640 878 1686 te
909 1642 963 1688 et
991 1636 1260 1707 emigrare
1291 1639 1454 1696 faciet
1488 1648 1539 1695 te
1567 1641 1633 1694 de
1660 1642 2012 1698 tabernaculo

2185 1645 2238 1699 9.
2281 1647 2514 1701 Ἐκτίλαι
2548 1667 2605 1703 σε
2647 1655 2738 1706 καὶ
2769 1660 3197 1724 μεταναστεύσαι
3229 1679 3284 1713 σε
3331 1662 3439 1715 ἀπὸ
3474 1661 3694 1734 σκηνώ-

431 1719 528 1769 tuo
546 1731 563 1768 :

2118 1737 2284 1804 ματὸς
2314 1753 2406 1789 σου
2423 1754 2436 1766 ·

505 1805 592 1860 10.
620 1804 687 1859 Et
714 1805 953 1862 radicem
987 1817 1136 1863 tuam
1169 1811 1237 1866 de
1265 1820 1410 1868 terra
1440 1814 1760 1875 viventium.

2042 1823 2085 1876 Β
2185 1831 2268 1882 10.
2299 1831 2410 1882 Καὶ
2440 1831 2500 1882 τὸ
2528 1832 2745 1903 ῥίζωμὰ
2781 1852 2873 1888 σου
2909 1839 2972 1890 ἐκ
2997 1841 3098 1911 γῆς
3126 1841 3357 1906 ζώντων.

503 1897 590 1953 11.
621 1897 889 1956 Videbunt
910 1902 1044 1972 justi
1071 1911 1126 1958 et
1157 1904 1425 1962 timebunt
1452 1925 1468 1962 :

2179 1919 2267 1974 11.
2296 1897 2554 1989 Ὄψονται
2578 1897 2794 1990 δίκαιοι,
2823 1927 2915 1981 καὶ
2949 1897 3370 2004 φοϐηθησονταιν·

498 2026 673 2131 (aly:
801 2033 886 2098 Τί,
909 2042 1037 2098 etc.,
1059 2037 1116 2088 ὲν
1147 2038 1312 2108 κακίᾳ
1337 2040 1363 2090 6
1390 2038 1630 2105 δυνατός.
1669 2043 1730 2097 ν.
1758 2046 1812 2110 2,
1849 2047 1906 2101 5.
1935 2047 2206 2118 Ἁνομίαν,
2235 2062 2363 2117 etc.,
2392 2051 2456 2109 ν.
2486 2053 2540 2120 5,
2559 2056 2610 2109 6.
2641 2057 2979 2131 Ἥγάπηςας,
3009 2072 3140 2129 etc.,
3171 2068 3311 2120 ὑπὲρ
3333 2071 3424 2123 τοῦ

653 2073 673 2114 ἴ
713 2073 762 2085 -.
811 2073 886 2098 -.,
909 2073 1037 2098 ...νη
1059 2073 1114 2088 ..ν
1149 2073 1312 2108 ...ηυγ
1337 2073 1363 2090 υ
1390 2073 1630 2105 υυιιυιιυς.
1681 2073 1730 2097 ν.
1761 2073 1812 2110 4,
1849 2073 1906 2101 υ.
1947 2073 2206 2118 ιινυμιαν,
2235 2073 2363 2117 etc.,
2403 2073 2456 2109 ν.
2486 2073 2610 2120 θ,υ.
2645 2073 2979 2131 ηγαπηςας,
3009 2073 3140 2129 etc.,
3171 2073 3311 2120 ὑπὲο
3333 2073 3424 2123 τοῦ
3449 2073 3685 2145 λαλῆσαι

653 2117 790 2145 λυτιν-

424 2099 791 2171 δικαιοσύνην.

1547 2205 1923 2263 ATHANASII
1960 2210 2543 2270 INTERPRETATIO.

507 2306 571 2360 Ἠ
594 2310 924 2383 προκειμένη
957 2313 1237 2388 ἐπιγραφὴ
1265 2319 1507 2389 περιέχει
1542 2321 1618 2391 (1)
1639 2339 1652 2350 ·
1702 2326 1808 2389 Εἰς
1848 2324 1915 2377 τὸ
1945 2325 2121 2390 τέλος
2164 2327 2474 2395 συνέσεως
2518 2329 2598 2395 τῷ
2649 2332 2848 2396 Δαϐὶδ,
2880 2334 2936 2386 ἐν
2964 2335 3042 2406 τῷ
3075 2336 3250 2392 ἐλθεῖν
3284 2340 3361 2411 (2)
3398 2344 3558 2414 Δωὴκ
3589 2349 3681 2403 τὸν

435 2395 752 2470 Ἰδὸυμαῖον,
785 2405 880 2457 καὶ
910 2406 1227 2476 ἀναγγεῖλαι
1261 2411 1338 2481 τῷ
1368 2412 1562 2479 Σαοὺλ,
1590 2415 1685 2470 καὶ
1718 2418 1895 2471 εἰπεῖν
1927 2420 2005 2488 (5)
2036 2419 2188 2491 αύτῷ
2211 2437 2225 2450 ο
2261 2418 2431 2476 τΗλθε
2483 2422 2647 2476 Δαϐὶδ
2704 2426 2784 2488 εἰς
2816 2428 2908 2479 τὸν
2961 2395 3108 2483 οἷκον
3153 2395 3456 2506 Ἀϐιμέλεχ.

423 2490 520 2548 οὖν
555 2495 722 2566 λέγει,
756 2500 882 2554 ὅταν
914 2519 996 2567 τις
1012 2504 1118 2557 άπὸ
1147 2505 1248 2576 τῆς
1277 2507 1549 2578 ἁμαρτίας
1587 2511 1680 2563 ἐπὶ
1704 2512 1848 2565 τέλει
1872 2513 1947 2584 (4)
1976 2516 2054 2577 εἰς
2091 2490 2306 2570 σύνεσιν
2333 2517 2463 2588 ἔλθῃ
2492 2516 2588 2570 τοῦ
2615 2519 2842 2586 ἀγαθοῦ,
2880 2521 3001 2574 τότε
3041 2525 3096 2576 αἱ
3145 2524 3219 2594 (5)
3255 2490 3493 2583 έναντῑίαι
3515 2490 3681 2586 δυνάζ

426 2608 549 2660 pet;
583 2593 1038 2665 συμϐουλεύονται
1087 2602 1224 2670 μετὰ
1251 2602 1346 2655 τοῦ
1380 2603 1627 2658 διαϐόλου
1654 2607 1715 2659 τὸ
1775 2609 1892 2671 πῶς
1925 2611 2296 2665 ἀποϐλέπουσι
2332 2612 2405 2684 (6)
2445 2612 2860 2686 [άποϐάλλωσι]
2903 2617 2994 2669 τὸν
3039 2619 3453 2690 ἐπιστρέφοντα.
3502 2626 3683 2679 Δωόὶδ

423 2687 533 2759 γὰρ
557 2689 915 2761 ἑρμηνεύεται
943 2691 1122 2761 οὗτος
1147 2698 1472 2768 ἀγαπητὸς,
1501 2703 1781 2756 τουτέστιν
1811 2707 1843 2758 ὁ
1871 2705 2266 2776 ἐπιστρέφων.
2301 2708 2461 2780 Δωὴκ
2486 2709 2542 2761 δὲ
2572 2711 2601 2762 6
2642 2708 2938 2779 Ἰδουμαῖος
2964 2687 3324 2783 ἑρμηνεύεται
3351 2720 3683 2786 πειρασμὸς

421 2782 739 2851 ἐκλείπων,
769 2788 905 2859 ὅπερ
937 2792 1076 2846 εἰσὶν
1113 2795 1172 2846 αὶ
1199 2794 1466 2850 ἐναντίαι
1500 2797 1810 2868 δυνάμεις.
1841 2800 2013 2853 Σαοὺλ
2037 2802 2098 2854 δὲ
2119 2803 2480 2873 ἑρμηνεύεται
2512 2805 2754 2871 αἱτητός
2789 2782 3064 2877 [αἰτητης]
3090 2824 3104 2838 ·
3135 2807 3282 2876 λέγω
3328 2809 3392 2880 δὴ
3427 2782 3682 2865 ddldé'o;

421 2882 552 2944 λος,
586 2882 615 2933 6
641 2882 848 2948 πάντας
890 2887 1016 2951 τοὺς
1065 2888 1308 2954 δικαίους
1343 2893 1509 2946 αἰτῶν
1532 2896 1834 2967 πειράζειν.
1878 2896 2177 2967 Ἆϐιμέλεχ
2212 2898 2268 2951 δὲ
2299 2897 2665 2969 ἑρμηνεύεται
2708 2898 2844 2968 πρὸς
2888 2897 2948 2952 ὃν
2984 2900 3228 2970 εἰσῆλθεν
3250 2902 3278 2953 ὁ
3321 2904 3683 2975 ἐπιστρέψας,

421 2977 646 3041 πατρός
660 2995 782 3046 μου
799 2979 1069 3042 ,βασιλέα
1099 2981 1420 3059 [βασιλεὺς],
1456 2989 1593 3061 ὅπερ
1625 2992 1772 3044 ἐστὶν
1802 2997 1835 3046 ὁ
1873 2991 2007 3058 Υἱὸς
2034 2993 2140 3047 τοῦ
2173 2993 2343 3058 Θεοῦ,
2375 2995 2402 3045 ὁ
2435 2993 2688 3062 βασιλεὺς
2709 2992 2818 3045 τῶν
2853 2981 3104 3065 πατέρων
3140 2997 3318 3067 ἡμῶν.

494 3066 706 3127 Titulus
730 3073 1024 3146 inscriptus
1053 3081 1335 3137 continet:
1366 3083 1430 3138 In
1460 3087 1619 3154 ﬁnem
1653 3089 1950 3144 intellectus
1985 3089 2198 3146 David:
2234 3108 2352 3144 cum
2380 3091 2522 3146 venit
2557 3091 2698 3145 Doec
2729 3089 3020 3158 Idumaeas,
3049 3104 3097 3146 et
3131 3097 3466 3149 annuntiavit
3498 3096 3687 3163 Sauli,

421 3170 476 3214 et
495 3162 630 3218 dixit
658 3168 707 3220 ei
729 3184 747 3221 :
782 3168 930 3223 Venit
960 3171 1134 3226 David
1165 3177 1221 3228 in
1250 3177 1466 3232 domum
1497 3180 1817 3239 Abimelech.
1848 3184 1964 3242 Hoc
2006 3187 2172 3258 igitur
2205 3187 2496 3257 signiﬁcat,
2529 3202 2652 3242 cum
2684 3187 2808 3256 quis
2845 3203 2877 3240 a
2902 3196 3126 3257 peccato
3154 3187 3369 3241 tandem
3392 3188 3456 3241 'in
3490 3191 3690 3255 cogni-

421 3254 621 3312 tionem
649 3260 779 3316 boni
829 3267 1057 3334 venerit,
1089 3277 1217 3325 tunc
1246 3276 1536 3329 contrariae
1566 3287 1864 3346 potestates
1901 3285 2216 3338 consultant
2259 3299 2383 3338 cum
2427 3283 2647 3338 diabolo
2667 3324 2681 3347 ,
2711 3284 2986 3354 quomodo
3019 3283 3110 3353 qui
3145 3298 3202 3338 se
3232 3285 3521 3347 convertit,
3559 3301 3690 3355 per-

421 3347 576 3404 dant.
599 3350 771 3407 David
792 3356 936 3410 enim
973 3360 1354 3428 interpretatur
1384 3365 1470 3417 hic
1503 3366 1761 3422 dilectus:
1793 3371 1896 3426 hoc
1921 3382 2025 3436 est,
2059 3374 2148 3442 qui
2178 3390 2231 3427 se
2259 3375 2533 3428 convertit.
2571 3373 2716 3427 Doec
2746 3382 2926 3427 autem
2963 3370 3232 3427 ldumtcus
3265 3373 3688 3444 interpretatur,

423 3443 644 3496 tentatio
690 3445 935 3515 deﬁciens
959 3465 977 3502 :
1003 3454 1191 3520 quales
1239 3466 1366 3514 sunt
1401 3463 1683 3516 contrariw
1715 3474 2023 3531 potestates.
2073 3467 2205 3521 Saul
2237 3477 2418 3522 autem
2457 3470 2846 3538 interpretatur
2888 3469 3083 3536 petitus
3135 3467 3412 3540 [petitor]:
3460 3470 3566 3525 hoc
3599 3481 3692 3527 est

419 3535 684 3602 diabolus,
710 3542 805 3610 qui
853 3558 1042 3602 omnes
1063 3547 1242 3617 justos
1273 3562 1478 3610 tentare
1508 3559 1766 3626 postulat.
1811 3562 2111 3617 Abimelech
2144 3574 2348 3631 autem,
2376 3565 2442 3619 ad
2477 3535 2639 3636 quem
2684 3565 2831 3620 venit
2881 3580 2941 3620 se
2973 3573 3317 3632 convertens,
3349 3565 3688 3636 interpreta-

420 3636 512 3684 tur
543 3647 633 3685 νεα
657 3637 826 3702 patris
854 3641 975 3708 mei,
1010 3644 1188 3712 qualis
1221 3657 1306 3702 est
1338 3647 1516 3707 Filius
1540 3652 1662 3720 Dei,
1689 3657 1780 3725 qui
1815 3667 1898 3712 est
1924 3674 2015 3713 rex
2042 3669 2257 3730 patrum
2291 3671 2627 3717 nostrorum.

492 3749 546 3802 1.
581 3749 722 3817 Quid
755 3755 1016 3824 gloriatur
1047 3764 1297 3825 diabolus
1327 3771 1381 3826 in
1411 3775 1618 3830 malitia
1653 3779 1783 3832 sua?

2175 3761 2226 3815 1.
2262 3762 2325 3814 Τί
2354 3765 2622 3833 καυχᾶται
2653 3763 2936 3827 ὁδιάϐολος
2965 3763 3058 3816 ἐπὶ
3081 3765 3147 3835 τῇ
3171 3761 3362 3816 ἑαυτοῦ
3392 3761 3562 3835 κακίᾳ
3576 3760 3689 3834 (ﬂ;

490 3839 544 3938 Ξ.
581 3841 638 3938 In
673 3844 961 3938 iniquitate
989 3870 1095 3924 qua
1128 3859 1503 3919 indesinenter
1525 3867 1783 3938 cingitur.

2167 3853 2220 3907 2.
2270 3855 2357 3906 Ἐν
2381 3857 2448 3930 τῇ
2471 3855 2669 3926 ἀνομίᾳ
2755 3854 3133 3926 περιϐάλλεται
3159 3853 3234 3924 (8)
3258 3852 3578 3918 ἀπαύστως.

494 3931 547 3986 5.
586 3933 653 3992 Et
684 3936 1007 4008 iniustitiam
1039 3953 1309 4021 suggeris.
1619 3931 1645 3938 ὰ

1619 3931 1645 3938 ”
2168 3943 2220 3997 5.
2255 3945 2364 3997 Καὶ
2397 3945 2610 4000 ἀδικίαν
2644 3945 2984 4008 ὑποϐάλλεις.

489 4022 545 4075 4.
576 4022 786 4082 Nudam
804 4041 857 4086 et
880 4033 1265 4095 inhonoratam
1288 4045 1468 4100 reddis
1491 4062 1711 4104 omnem
1729 4053 1991 4120 animam,

2167 4035 2221 4090 4.
2262 4036 2479 4107 Γυμνὴν
2501 4037 2593 4089 καὶ
2613 4036 2806 4107 ἄτιμον
2839 4035 3212 4098 ἀποδεικνύεις
3259 4037 3438 4088 πᾶσαν
3472 4035 3679 4106 ψυχὴν,

421 4116 882 4182 ouemadmodum
913 4131 1176 4185 novacula
1205 4135 1366 4192 eﬂicit
1397 4137 1620 4195 barbam
1653 4150 1708 4195 et
1731 4153 1912 4212 caput.

2152 4145 2288 4200 σπερ
2310 4128 2372 4182 τὸ
2403 4127 2560 4200 ξυρὸν
2591 4129 2937 4183 ἀποδείκνυσι
2953 4129 3044 4182 τὸν
3077 4127 3312 4196 πώγωνα
3336 4128 3429 4180 καὶ
3460 4127 3558 4196 τὴν
3587 4145 3683 4181 κε-

2098 4220 2289 4292 φαλήν.

489 4292 542 4347 5.
573 4291 754 4368 Magis
798 4316 952 4358 amas
994 4304 1419 4379 interfectorem,
1450 4330 1614 4385 quam
1658 4317 1834 4375 bonos
1876 4335 1994 4375 ser-

2168 4291 2234 4367 5.
2261 4313 2337 4386 (9)
2373 4313 2577 4377 Ἦδέως
2611 4314 2753 4385 ἑχεις
2799 4325 2889 4368 τον
2945 4313 3204 4383 φονευτῶν
3255 4313 3455 4381 μᾶλλον
3503 4313 3538 4384 ἢ
3584 4313 3680 4368 τὸν

417 4405 613 4449 mones
649 4393 959 4462 loquentem
976 4437 988 4451 .

2099 4403 2202 4465 κᾶν
2231 4405 2334 4469 ἓως
2360 4407 2520 4476 λόγου
2555 4406 2760 4474 ἀγαθοῦ
2785 4407 3067 4466 λαλοῦντα.

492 4481 547 4546 6,
575 4481 627 4536 7.
656 4480 952 4540 Delectaris
979 4486 1314 4557 blasphemia
1347 4501 1402 4548 et
1427 4495 1577 4549 omni
1622 4498 1865 4566 improba
1897 4501 1994 4561 do-

2159 4497 2214 4560 6,
2250 4498 2301 4550 7.
2351 4498 2554 4562 Ἡδέως
2575 4498 2718 4568 ἔχεις
2748 4497 3094 4569 βλασφημίαν
3116 4498 3210 4552 καὶ
3242 4498 3420 4550 πᾶσαν
3449 4498 3675 4570 διδαχὴν

416 4574 616 4633 ctrina.

2098 4589 2357 4661 πονηράν.

493 4665 546 4720 8.
578 4666 868 4738 Propterea
919 4671 973 4726 in
1027 4681 1502 4736 consummatione
1559 4684 1882 4739 saeculorum
1935 4688 1992 4746 iu

2171 4683 2224 4736 8.
2253 4681 2352 4735 Διὰ
2383 4679 2540 4734 τοῦτο
2573 4681 2664 4734 ὲπὶ
2691 4679 2972 4751 συντελείᾳ
3004 4677 3094 4733 τοῦ
3139 4679 3331 4744 αἰῶνος
3375 4681 3570 4733 ἀπολεῖ
3615 4697 3675 4734 σε

415 4766 680 4818 mternum
709 4771 759 4818 te
782 4765 992 4832 perdet.

842 4765 992 4820 :rdet.
2099 4773 2176 4836 είς
2207 4771 2357 4834 τέλος

489 4853 546 4910 9.
573 4855 1000 4927 Exstirpahitte,
1019 4859 1087 4914 ab
1109 4860 1338 4932 imperio
1369 4871 1462 4918 tuo
1488 4873 1537 4919 te
1565 4865 1888 4927 eliminabit.

2170 4864 2222 4918 9.
2270 4860 2592 4935 Ἐκριζώσει
2627 4881 2720 4929 σε,
2783 4863 3123 4925 κατασπάσει
3161 4881 3218 4915 σε
3262 4863 3368 4917 ἀπὸ
3391 4864 3490 4933 τῆς
3513 4865 3677 4919 δυνα-

2099 4954 2281 5015 στείας
2306 4970 2419 5007 σου.

490 5036 577 5094 10.
604 5038 673 5094 Ει
713 5042 1033 5098 memoriam
1066 5052 1215 5098 tuam
1259 5044 1411 5099 tollet
1439 5059 1470 5099 a
1497 5044 1871 5101 recordatione
1905 5045 1959 5100 vi

2168 5045 2255 5099 10.
2286 5044 2395 5096 Καὶ
2426 5043 2486 5096 τὸ
2521 5043 2862 5114 μνημόσυνόν
2895 5060 2988 5096 σου
3015 5044 3138 5114 ἀρεῖ
3154 5043 3265 5114 (10)
3289 5043 3396 5097 ἀπὸ
3414 5042 3514 5112 τῆς
3540 5044 3673 5124 μνη.

416 5130 680 5188 ventium.

2017 5128 2064 5184 D
2095 5155 2203 5215 μης
2233 5135 2340 5189 τῶν
2365 5135 2603 5198 ζώντων.

487 5225 575 5279 11.
601 5225 658 5280 lu
685 5225 999 5296 diejudicii.

2172 5230 2259 5282 11.
2302 5229 2390 5280 Ἐν
2419 5231 2484 5298 τῇ
2517 5228 2699 5298 ἡμέρᾳ
2727 5228 2824 5297 τῆς
2858 5228 3110 5302 κρίσεως.

1365 5341 1671 5407 Addenda
1698 5350 1758 5408 et
1787 5344 2166 5426 corrigenda
2197 5360 2274 5404 ex
2307 5343 2448 5404 cod.
2481 5342 2684 5407 Vatic.

484 5463 562 5540 (1)
595 5466 668 5540 :H
693 5466 778 5540 διά
795 5466 894 5536 τῆς
919 5467 1286 5538 κινναϐάρεως
1319 5485 1444 5540 περ.
2167 5469 2244 5540 (6)
2286 5468 2663 5523 Ἀπολέσωσιν.

486 5536 559 5602 (‘2)
593 5536 891 5592 Εἰσελθεῖν.
1152 5536 1164 5538 “
1394 5536 1406 5540 “
2270 5541 2522 5626 Δυνάμει.
2669 5611 2678 5628 Ι
2896 5611 2931 5628 μ

486 5606 559 5678 (5)
594 5602 775 5678 Εἶπεν.
2169 5611 2223 5678 (8
2277 5611 2387 5678 Καὶ
2424 5627 2488 5678 τῃ
2520 5611 2719 5678 ἀνομιᾳ
2740 5612 2931 5678 προὸαι

484 5606 559 5672 (5)
594 5602 775 5660 Εἶπεν.
2277 5602 2493 5695 Ιὲαὶντῇ
2520 5611 2719 5695 ἀνομίᾳ
2740 5611 3118 5695 προβάλλεται)
3147 5617 3252 5665 etc.

485 5677 558 5742 (4)
589 5677 826 5734 Τελέσει.
2277 5677 2348 5734 Ν.
2382 5679 2433 5739 5,
2463 5677 2512 5732 6.
2558 5677 2875 5746 Ἰιδέωςίῦξ
2905 5682 2952 5738 7.
2993 5681 3210 5747 Ἡδέως,
3240 5687 3346 5736 etc.

484 5747 564 5818 (ὅ)
595 5749 878 5806 Τουτέστιν
908 5754 983 5809 αι.
2170 5750 2278 5824 (ίθ)
2309 5750 2470 5821 Ἀρΐίο

510 5761 564 5818 u)
595 5761 625 5801 't
639 5761 878 5806 ουτεστιν
908 5761 983 5809 αι.
2170 5761 2278 5821 iw)
2310 5761 2470 5821 Ἀρΐίο
