3876 6220
188 334 301 389 857
1185 343 1272 395 DE
1308 343 1579 402 TITULIS
1620 348 2068 410 PSALMORUM.
2108 329 2177 397 ζ-
2216 356 2408 413 PSAL.
2440 332 2550 416 LII.
3355 364 3459 420 353

271 448 360 505 12.
392 450 501 502 Καὶ¹
534 449 623 503 ἐπ’
648 451 810 507 αὑτὸν
842 454 1180 522 γελάσονται,
1205 459 1296 511 καὶ
1317 459 1531 530 ἐροῦσιν
1552 480 1565 493 ·

1806 480 1856 535 Α
1954 471 2042 523 12.
2078 470 2139 525 Ει
2169 489 2332 543 super
2365 490 2488 529 eum
2516 475 2789 542 ridebunt,
2816 487 2868 532 et
2899 477 3077 530 dicent
3105 495 3116 529 :

270 541 357 594 15.
405 541 535 595 Ἰδοὺ
567 542 872 616 ἄνθρωπος,
913 546 973 610 ὃς
990 548 1092 600 οὐκ
1119 547 1271 602 ἔθετο
1300 550 1391 603 τὸν
1422 551 1554 606 Θεὸν
1585 552 1776 625 βοηθὸν

1945 562 2029 615 15.
2068 563 2204 619 Ecce
2230 568 2415 633 homo,
2448 568 2542 637 qui
2577 583 2682 621 non
2716 569 2899 637 posuit
2928 568 3095 623 Deum
3123 569 3451 639 adjutorium

192 648 368 685 αυτου
385 649 399 663 ⁸

1878 668 2068 707 ειιυιηε

274 723 363 777 14.
409 723 547 777 Ἀλλ’
577 725 877 781 ὲπΰλπισεν
916 729 1009 783 ἐπὶ
1035 729 1113 783 τῶ
1158 731 1351 803 πλήθει
1402 734 1496 787 τοῦ
1545 736 1774 791 πλούτου

1947 745 2035 798 14.
2073 746 2175 799 Sed
2217 747 2453 816 speravit
2495 748 2549 800 in
2585 748 2931 804 multitudine
2972 750 3281 806 divitiarum
3325 767 3450 807 sua-

194 830 368 866 αυτου
386 830 401 844 ⁸
1412 844 1417 848 “

1412 844 1417 848 ’
1875 851 1996 889 rum
2024 854 2038 889 τ

276 905 362 959 15.
396 904 505 959 Καὶ
538 904 911 979 ἐνεδυναμώθη
944 911 1035 962 ἐπὶ
1051 914 1114 981 τῇ
1152 916 1471 985 ματαιότητι
1498 918 1681 972 αὐτοῦ.

1425 934 1471 969 τι
1498 918 1681 972 αὐτοῦ.
1951 928 2036 979 15.
2071 927 2135 980 Ει
2162 929 2443 996 praevaluit
2479 930 2531 983 in
2568 932 2803 985 vanitate
2839 949 2956 987 sua.

271 996 360 1051 16.
402 995 545 1065 Ἐγὼ
574 996 630 1049 δὲ
658 996 789 1051 ὡσεὶ
822 999 977 1052 ἐλαία
1013 1004 1367 1073 κατάκαρπος
1418 1010 1475 1061 ἐν
1518 1008 1594 1078 τῷ
1642 1009 1776 1079 οἴκῳ

1958 1018 2046 1070 16.
2089 1018 2201 1087 Ego
2253 1030 2435 1073 autem
2487 1021 2627 1075 sicut
2668 1022 2808 1075 oliva
2859 1022 3135 1078 fructifera
3185 1026 3237 1078 iu
3286 1026 3448 1081 domo

196 1088 293 1143 τοῦ
317 1087 455 1141 Θεοῦ
475 1103 489 1115 ·

480 1103 489 1115 ⁵
1878 1110 1968 1163 Dei
2000 1129 2011 1163 :

280 1182 365 1234 17.
396 1181 635 1233 Ἥλπισα
666 1183 754 1234 ἐπὶ
784 1183 843 1236 τὸ
869 1184 1016 1248 ἔλεος
1046 1185 1136 1239 τοῦ
1169 1187 1303 1240 Θεοῦ
1347 1191 1427 1251 εἰς
1461 1190 1551 1241 τὸν
1580 1189 1771 1255 αίῶνα,

1951 1202 2036 1253 17.
2074 1201 2295 1268 Speravi
2347 1203 2398 1254 in
2443 1201 2816 1256 misericordia
2862 1204 2953 1257 Dei
2996 1194 3053 1257 in
3080 1216 3361 1274 :eternum,
3394 1217 3448 1262 et

196 1272 291 1324 καὶ
312 1273 393 1333 εἰς
412 1271 503 1323 τὸν
528 1272 702 1324 αἰῶνα
722 1272 814 1325 τοῦ
844 1274 1057 1338 αἰῶνος.

926 1274 1057 1338 ὒνος.
1878 1293 1931 1345 in
1966 1294 2223 1346 smculuut
2256 1292 2457 1345 szeculi.

271 1361 359 1414 18.
407 1362 900 1435 Ἐξομολογήσομαί
930 1382 1009 1417 σοι
1030 1368 1109 1429 είς
1138 1369 1228 1420 τὸν
1258 1368 1427 1423 αἰῶνα
1482 1370 1561 1421 ὅτι
1589 1370 1774 1439 ἐποίη-

1772 1399 1774 1407 ’
1946 1386 2033 1439 18.
2068 1384 2380 1438 Contitebor
2412 1384 2507 1438 tibi
2543 1385 2595 1438 in
2634 1386 2913 1449 swculum,
2936 1388 3061 1456 quia
3091 1388 3303 1446 fecisti:

195 1466 328 1514 σας’

274 1540 361 1595 19.
394 1541 500 1593 Καὶ
531 1541 785 1612 ὑπομενῶ
816 1544 875 1595 τὸ
897 1544 1068 1615 ὄνομά
1095 1565 1209 1613 σου,
1234 1549 1316 1601 ὅτι
1388 1550 1581 1602 οτιστὺν
1611 1551 1772 1603 ἐναν-

1942 1553 2027 1607 19.
2061 1553 2127 1607 Et
2158 1565 2488 1624 exspectano
2522 1573 2717 1611 nomen
2750 1569 2922 1624 tuum,
2956 1557 3211 1626 quoniam
3244 1557 3445 1611 bonum

190 1630 309 1682 τίον
346 1630 455 1683 τῶν
484 1631 646 1683 ὁσίων
692 1648 805 1685 σου.

1877 1645 1928 1697 iu
1952 1659 2247 1715 conspectu
2280 1660 2593 1702 sanctorum
2631 1659 2867 1703 tuorum.

192 1725 301 1788 Είς
327 1723 394 1775 τὸ
428 1722 601 1790 τέλος
624 1725 777 1792 ὑπὲρ
817 1727 1070 1790 Maelii),
1104 1732 1411 1797 συνέσεως
1461 1732 1540 1797 τῷ
1572 1736 1723 1787 Δαϐίι

1756 1776 1768 1789 .
2038 1733 2105 1787 1η
2133 1736 2311 1801 ﬁnem,
2342 1752 2437 1804 pro
2475 1736 2722 1800 Maeletlz,
2762 1737 3055 1791 intellectus
3093 1736 3282 1793 David.

822 1821 920 1872 ΨΑ
930 1824 973 1872 Λ
984 1862 994 1872 .
1024 1822 1135 1873 NB'
1142 1863 1154 1874 .
1802 1832 1843 1885 Β

1802 1832 1843 1885 Β
2466 1828 2671 1884 PSAL.
2722 1828 2847 1883 LII.

268 1907 319 1961 1.
352 1904 518 1961 Εἶπεν
552 1908 740 1980 ἄφρων
761 1912 817 1962 ὲν
848 1912 1046 1982 καρδίᾳ
1071 1914 1234 1965 αὑτοῦ
1256 1931 1268 1943 ·
1304 1916 1416 1967 Ούκ
1448 1916 1559 1970 ἔστι
1587 1918 1738 1982 Θεός.

1950 1918 2000 1971 1.
2036 1917 2179 1972 Dixit
2212 1920 2473 1989 insipiens
2512 1923 2563 1973 in
2601 1924 2763 1975 corde
2786 1937 2923 1976 suo:
2955 1921 3071 1975 Non
3106 1932 3186 1975 est
3216 1921 3373 1976 Deus.

266 1996 320 2050 Ξ.
352 1997 752 2069 Διεερθάρησαν,
778 2002 868 2053 καὶ
886 2001 1278 2072 ὲϐδελύχθησαν
1314 2006 1371 2058 ἐν
1394 2006 1643 2075 ἀνομίαις
1663 2026 1679 2039 ·

1947 2009 2000 2061 2.
2037 2009 2291 2078 Corrupti
2343 2020 2490 2077 sunt,
2520 2022 2572 2066 et
2625 2012 3013 2068 abominabiles
3054 2012 3182 2067 facti
3221 2021 3346 2067 sunt
3389 2013 3445 2067 in

1877 2100 2295 2168 iniquitatibus:

268 2177 322 2235 5.
362 2178 475 2231 Οὐκ
500 2178 614 2231 ἐστι
648 2180 812 2232 ποιῶν
842 2180 1062 2248 ἀγαθόν.

1947 2194 1999 2245 5.
2036 2192 2152 2245 Non
2186 2204 2266 2247 est
2292 2194 2381 2263 qui
2418 2192 2573 2247 faciat
2606 2194 2828 2248 bonum.

266 2271 320 2324 1.
373 2271 430 2323 Ὀ
462 2272 592 2334 Θεὸς
618 2274 680 2325 ὲκ
704 2272 797 2325 τοῦ
820 2274 1048 2344 ούρανοῦ
1078 2275 1327 2345 διέκυψεν
1352 2278 1443 2330 ἐπὶ
1467 2279 1595 2342 τοὺς
1616 2280 1768 2345 υἱοὺς

1946 2284 1997 2337 4.
2032 2283 2174 2339 Deus
2214 2286 2279 2338 de
2312 2285 2452 2339 coelo
2478 2286 2757 2354 prospexit
2782 2301 2944 2356 super
2968 2286 3106 2343 filios
3140 2287 3444 2357 hominum,

184 2363 300 2421 ⁴τῶν
332 2362 428 2416 ἀνθ
436 2362 657 2434 ρώπων,

1313 2504 1691 2563 ATIIANASII
1735 2508 2322 2567 INTERPRETATIO.

264 2678 352 2733 12.
388 2680 682 2752 Χαίροντες
711 2682 936 2736 εἴπωσιν
958 2700 972 2714 ο
1794 2724 1795 2727 η

1794 2696 1837 2751 C
1943 2693 2029 2746 12.
2060 2692 2369 2749 Gaudentes
2399 2693 2578 2749 dicent

265 2772 351 2825 15.
389 2767 557 2836 Οὗτος
592 2770 659 2845 ἧν
687 2777 714 2828 ὁ
746 2776 1137 2847 ἀνθιστάμενος
1161 2778 1239 2849 τῷ
1274 2780 1412 2851 Θεῷ.

1945 2786 2034 2838 15.
2067 2784 2163 2839 llic
2192 2796 2327 2851 erat,
2353 2786 2446 2855 qui
2478 2786 2587 2839 Deo
2613 2786 3016 2842 adversabatur.

264 2862 352 2916 M.
397 2865 536 2917 Ἀλλ’
580 2866 763 2937 ὲθάρει
806 2868 881 2937 (1)
916 2868 1297 2944 [ἐθάρρησεν]
1338 2873 1430 2925 ἐπὶ
1461 2874 1526 2944 τῇ
1578 2872 1772 2937 ἀλαζο-

1519 2876 1526 2944 ι
1578 2872 1772 2937 ἀλαζο-
1946 2877 2031 2931 14.
2068 2877 2171 2931 Sed
2201 2877 2440 2932 conﬁsus
2469 2877 2626 2931 estin
2656 2876 2915 2946 jactautia
2938 2891 3050 2930 sua.

180 2955 312 3011 νεία
344 2956 559 3009 ἑαυτοῦ.

264 3047 353 3101 15.
390 3050 500 3102 Καὶ
532 3048 747 3121 ἴσχυσεν
771 3052 827 3104 ὲν
853 3055 918 3123 τῇ
950 3053 1169 3124 ἀνομία,
1199 3054 1264 3124 ἣν
1297 3053 1533 3125 ὲφηῦρεν
1561 3055 1659 3127 (2).

1938 3049 2033 3112 15.
2074 3049 2139 3104 Ει
2166 3051 2447 3120 praevaluit
2484 3051 2537 3105 in
2567 3051 2852 3121 iniquitate
2882 3066 3043 3119 quam
3075 3050 3296 3106 invenit.

264 3137 349 3191 16.
387 3138 446 3191 Ὀ
475 3140 532 3192 δὲ
570 3141 730 3212 χορὸς
760 3142 867 3194 τῶν
925 3144 1095 3212 ἁγίων
1140 3144 1352 3217 πλήρης
1407 3148 1553 3200 ἐστὶν
1589 3148 1776 3212 ἐλέους

1941 3142 2027 3197 16.
2060 3141 2272 3196 Chorus
2296 3151 2476 3197 autem
2522 3154 2837 3198 sanctorum
2877 3144 3068 3212 plenus
3106 3151 3190 3198 est
3227 3143 3449 3199 miseri-

185 3231 284 3284 καὶ
320 3231 548 3301 καρπῶν
578 3234 888 3303 εἰρηνικῶν.

1870 3234 2077 3297 cordia,
2114 3244 2166 3288 et
2201 3233 2472 3290 fructibus
2500 3237 2762 3303 pacificis.

265 3324 353 3376 17.
392 3323 778 3388 Ἀδιαλείπτως
806 3325 1040 3380 πέποιθα
1072 3328 1162 3379 ἐπὶ
1198 3329 1259 3380 τὸ
1292 3330 1601 3399 ἀμέτρητον
1625 3330 1772 3393 ἔλεος

1942 3326 2028 3380 17.
2060 3326 2435 3381 lndclicienter
2489 3328 2729 3383 confisus
2779 3345 2899 3384 sum
2952 3329 3005 3382 in
3040 3322 3318 3382 immensa
3350 3323 3447 3380 Dei

185 3413 283 3468 τοῦ
321 3413 479 3470 Θεοῦ.

1872 3416 2258 3471 misericordia.

267 3504 352 3557 18.
392 3502 613 3569 Δοξάσω
645 3521 704 3556 σε
746 3506 825 3567 εἰς
876 3504 969 3557 τὸν
993 3505 1185 3575 αἰῶνα,
1214 3510 1296 3561 ὅτι
1347 3506 1426 3579 (5)
1492 3510 1554 3562 σύ
1586 3528 1653 3581 με
1688 3512 1768 3573 είς

1938 3506 2029 3562 18.
2058 3507 2389 3563 Gloriticabo
2432 3516 2484 3561 te
2530 3508 2585 3562 iu
2638 3518 2921 3572 aeternum,
2953 3506 3209 3576 quoniam
3256 3512 3314 3559 tu
3357 3518 3445 3557 me

185 3593 351 3647 τοῦτο
370 3596 596 3663 ἤγαγες.

1871 3597 1979 3652 huc
2008 3613 2184 3667 usque
2219 3597 2517 3651 adduxisti.

260 3686 349 3741 19.
377 3688 488 3741 Καὶ
516 3688 752 3759 διαμενῶ
781 3689 855 3759 (4)
881 3691 967 3743 ἀεὶ
1012 3692 1068 3742 ὲν
1112 3690 1192 3760 τῷ
1246 3691 1470 3762 ὀνόματί
1515 3710 1607 3745 σου
1629 3733 1643 3757 ,
1685 3693 1767 3745 ὅτι

1943 3690 2029 3744 19.
2060 3688 2126 3743 Ει
2152 3689 2482 3757 permanebo
2529 3704 2742 3757 semper
2784 3691 2838 3740 in
2884 3688 3103 3741 nomine
3146 3696 3259 3751 tuo,
3302 3700 3444 3754 quo-

185 3776 351 3831 τοῦτο
375 3777 581 3846 ἀγαθόν
608 3782 725 3835 ἐστι
758 3781 890 3833 πᾶσι
921 3784 1032 3844 τοῖς
1064 3780 1237 3849 ἁγίοις
1263 3799 1377 3835 σου.

1872 3781 2019 3836 niam
2045 3781 2147 3834 hoc
2168 3780 2371 3834 bonum
2399 3789 2481 3834 est
2515 3780 2770 3833 omnibus
2803 3779 3006 3833 sanctis
3035 3780 3160 3832 tuis.

274 3890 340 3944 Ἡ
365 3890 700 3961 προκειμένη
740 3892 1017 3961 ἐπιγραφὴ
1050 3892 1293 3962 περιέχει
1323 3892 1397 3962 (5)
1425 3910 1437 3925 ·
1467 3895 1571 3958 Εἰς
1620 3893 1684 3946 τὸ
1721 3892 1896 3955 τέλος
1946 3888 2097 3956 ὑπὲρ
2145 3887 2401 3951 Maenia),
2460 3886 2769 3951 συνέσεως
2800 3885 2879 3951 τῷ
2928 3886 3124 3940 Δαϐίδ.
3160 3885 3329 3940 Τοῦτο
3344 3880 3448 3940 ὀὖν

187 3989 341 4039 ἐστιν
369 3984 436 4058 [ὃ
468 3986 653 4058 λέγει]
684 3988 775 4039 ἐπὶ
796 3987 938 4040 τέλει
967 3987 1075 4041 τῶν
1109 3987 1318 4043 αἰώνων
1352 3990 1490 4058 ὑπὲρ
1515 3989 1607 4041 τοῦ
1634 3990 1840 4059 Κυρίου
1867 3986 2017 4052 λέγει
2047 3987 2075 4037 ὁ
2106 3984 2343 4053 ψαλμὸς,
2366 3983 2481 4045 πῶς
2515 3980 2591 4050 (6)
2617 3982 2932 4051 ἐπιστρέφει
2955 3981 3043 4032 τὸν
3070 3980 3193 4032 λαὸν
3216 3980 3443 4032 λυτρού-

190 4094 358 4146 μενος
382 4078 547 4130 αύτὸν
579 4079 643 4130 ἐκ
672 4079 772 4149 τῆς
800 4079 894 4131 τοῦ
930 4079 1177 4133 διαϐόλου
1216 4082 1552 4143 δυναστείας.
1600 4079 1835 4135 Μαελὲθ
1866 4080 1976 4149 γὰρ
2010 4076 2372 4149 ἑρμηνεύεται
2427 4073 2665 4141 ἀπαρχὴ
2689 4090 2703 4104 ·
2756 4072 2979 4143 ἀπαρχὴ
3008 4072 3064 4124 δὲ
3116 4076 3147 4125 ό
3191 4074 3445 4139 Χριστός

187 4168 358 4220 ἐστιν.
396 4170 501 4233 Εἰς
524 4170 782 4222 σύνεσιν
810 4167 1131 4240 [Συνέσεως]
1158 4170 1215 4222 δὲ
1246 4169 1323 4235 τῷ
1360 4170 1557 4235 Δαϐὶδ,
1589 4170 1869 4225 τουτέστιν
1897 4171 2026 4221 ὅταν
2067 4166 2195 4238 ἔλθῃ
2226 4168 2304 4229 εἰς
2332 4165 2548 4218 σύνεσιν
2581 4166 2609 4216 ὁ
2628 4162 2752 4226 λαὸς
2780 4166 2808 4217 ὁ
2850 4162 3225 4233 πεποθημένος
3246 4179 3258 4190 ·
3287 4160 3445 4213 τοῦτο

187 4264 301 4332 γὰρ
331 4262 689 4332 ἑρμηνεύεται
721 4266 753 4315 ό
777 4262 970 4315 Δαϐίὸ.

261 4352 478 4408 Titulus
510 4354 831 4424 praepositus
858 4354 1100 4409 continet
1129 4371 1141 4405 :
1178 4351 1244 4404 In
1287 4351 1444 4421 ﬁnem
1490 4366 1584 4420 pro
1618 4350 1861 4416 lilaetetlz,
1914 4349 2211 4403 intellectus
2239 4349 2426 4404 David.
2468 4350 2581 4406 [loc
2607 4350 2772 4421 igitur
2800 4360 2881 4406 est
2906 4351 3072 4422 [quod
3110 4346 3439 4420 signiﬁcat]:

187 4442 444 4498 Psalmus
474 4444 714 4514 loquitur
744 4446 811 4499 de
834 4445 1064 4499 Domino
1100 4446 1153 4498 in
1190 4446 1297 4499 ﬁne
1330 4448 1677 4511 saeculorum,
1705 4444 1979 4515 quomodo
2012 4445 2278 4499 convertit
2320 4445 2601 4517 pupulum,
2640 4447 2877 4500 liberans
2910 4462 3032 4500 eum
3068 4461 3133 4498 ex
3183 4451 3445 4513 potestate

188 4536 417 4592 diaboli.
452 4535 681 4591 Μαριειή
713 4538 858 4591 enim
884 4538 1274 4608 interpretatur
1301 4540 1594 4607 primitiae:
1631 4539 1885 4592 primitiae
1919 4547 2100 4590 autem
2137 4536 2380 4591 Christus
2417 4549 2537 4593 est:
2572 4537 2876 4592 Intellectus
2904 4549 3082 4591 autem
3118 4535 3306 4600 David,
3336 4533 3445 4588 hoc

187 4638 297 4693 est,
327 4644 453 4683 cum
490 4628 543 4682 in
574 4630 907 4686 intellectum
940 4633 1146 4687 venerit
1176 4632 1411 4700 populus
1440 4632 1816 4692 desideratus;
1846 4630 1917 4683 ita
1943 4632 2088 4683 enim
2125 4630 2485 4699 iuterpetatur
2518 4631 2704 4684 David.

262 4721 317 4774 1.
372 4721 431 4772 '0
455 4720 699 4784 διάϐολος
732 4726 827 4776 καὶ
860 4725 910 4776 οἱ
945 4724 1110 4778 αὐτοῦ
1141 4725 1340 4788 πάντες
1375 4725 1502 4793 περὶ
1545 4723 1638 4775 τοῦ
1680 4741 1769 4776 τε-

1946 4722 1997 4775 1.
2034 4720 2293 4775 Diabolus
2337 4731 2391 4776 et
2419 4738 2607 4779 omnes
2640 4726 2733 4795 qui
2772 4725 2891 4796 ejus
2921 4732 3048 4781 sunt
3081 4723 3334 4779 dixerunt
3378 4724 3445 4781 de

186 4815 415 4888 χθέντος
436 4816 501 4867 ὲκ
526 4816 625 4885 τῆς
653 4816 952 4887 Παρθένου.

839 4833 952 4870 νου.
1868 4821 1998 4867 nato
2033 4827 2099 4866 ex
2127 4812 2365 4881 Virgine.

258 4907 315 4960 2.
346 4905 785 4976 Κατεφθάρησαν
811 4908 904 4959 καὶ
930 4906 1279 4978 προσώζεσαν
1310 4908 1364 4958 ὲν
1399 4906 1710 4976 ἁμαρτίαις.

1938 4907 1993 4959 2.
2028 4904 2283 4974 Corrupti
2319 4913 2446 4957 sunt
2474 4912 2524 4958 et
2552 4912 2873 4972 putruerunt
2900 4906 2954 4957 in
2987 4907 3241 4974 peccatis.

260 4996 318 5050 3.
346 4995 469 5049 Τῶν
497 4997 867 5051 ἀπειθούντων
899 5001 977 5069 τῷ
1009 5000 1128 5069 Θεῷ
1160 4999 1239 5070 τῷ
1275 4998 1485 5068 ἀγαθῷ,
1526 4998 1616 5050 καὶ
1643 4998 1766 5050 κολ-

1939 4998 1993 5050 5.
2027 4998 2227 5051 Eorum
2263 4998 2357 5067 qui
2407 4996 2516 5051 Deo
2546 4996 2752 5065 optimo
2782 4997 3061 5065 resistunt,
3089 5009 3138 5055 et
3169 5001 3441 5057 adhaerent

188 5085 457 5156 λῳμένοις
491 5087 567 5157 (7)
601 5087 679 5167 τῷ
705 5088 946 5163 πονηρῷ.
1514 5155 1521 5161 ο
1872 5089 2035 5143 malo.

262 5177 317 5232 4.
351 5180 649 5234 Κατανοεῖν
676 5180 743 5233 τὰ
775 5181 908 5250 ἔργα
941 5181 1047 5235 τῶν
1074 5179 1394 5252 ἀνθρώπων.

1961 5179 2011 5231 «1.
2040 5175 2105 5231 Ut
2130 5188 2485 5238 cognosceret
2512 5192 2674 5247 opera
2700 5177 2997 5231 hominum.

1166 5342 1468 5409 Addenda
1498 5348 1558 5405 et
1608 5341 1982 5420 corrigenoa
2012 5355 2091 5398 ex
2127 5340 2266 5400 cod.
2310 5340 2506 5400 Vatic.

261 5504 344 5608 (ἒ)
378 5505 657 5608 Ιςξέθιῑιῤῥει.
784 5577 804 5608 ἓ
888 5577 911 5587 _
2056 5505 2245 5608 irata:
2276 5507 2373 5579 τῆς
2397 5510 2761 5580 κινναϐάρεως
2790 5526 2913 5581 περ.

378 5575 591 5648 ΙΊοχῦεν
613 5618 631 5648 Α.
663 5615 677 5629 .
706 5618 716 5627 .
783 5577 1027 5648 ἐφεῦρεν.
1947 5575 2020 5645 (6)
2056 5580 2173 5641 Ὃς.

287 5612 318 5627 ..
406 5612 1027 5632 nauus“...
1969 5612 2000 5630 υ
2083 5612 2173 5631 υ.

384 5612 791 5720 Σεῖπαύττως,
814 5612 1064 5713 ἔτῃγοιε,
1947 5612 2023 5720 (7<
2049 5614 2440 5718 Κολλωμενων.

267 5714 345 5785 (1)
380 5717 649 5787 Διαμείνω
