3876 6220
112 337 226 394 81η
1214 335 1491 391 TITUIJS
1523 336 1968 393 PSAIMORUM.
2001 369 2067 381 -—
2108 337 2304 393 PSAL.
2339 335 2472 393 LIII.
3291 327 3396 384 332

200 454 254 509 9..
291 455 402 508 Kal
429 456 489 506 ὲν
508 456 575 525 τῇ
599 452 828 524 δυνάμει
876 470 968 506 σου
1009 457 1216 524 κρινεῖς
1247 472 1335 525 με.

1737 467 1794 518 Α.
1881 456 1937 509 9..
1966 455 2027 509 Et
2053 459 2107 508 iu
2145 456 2345 510 virtute
2376 465 2469 509 tua
2491 453 2764 524 judicabis
2792 467 2899 507 me.

203 547 257 600 3.
301 547 360 598 '0
385 545 539 612 Θεὸς,
568 547 888 600 εἰσάκουσον
913 546 1015 616 τῆς
1050 548 1362 617 προσευχῆς
1393 563 1516 614 μων

1434 563 1516 600 ου⁹
1885 549 1938 602 5.
1975 549 2131 612 Deus,
2163 549 2362 602 exaudi
2397 550 2703 602 orationem
2731 561 2909 600 meam
2949 561 2963 600 :

202 634 256 687 4.
299 635 584 689 Ἐνώτισαι
607 636 678 689 τὰ
709 639 930 708 ῥήματα
959 637 1052 690 τοῦ
1086 638 1352 708 στόματός
1382 654 1506 707 μου.

1435 654 1506 690 ιυ.
1888 640 1942 692 4.
1979 639 2222 694 Auribus
2253 639 2470 708 percipe
2499 639 2664 692 verba
2700 637 2813 690 oris
2839 635 2966 690 mei.

206 726 260 780 5.
291 728 418 780 ’Ότι
445 726 716 798 ἀλλότριοι
745 728 1121 799 ἐπανέστησαν
1151 731 1238 781 ἐπ’
1275 728 1408 798 ἐμέο

1882 733 1937 786 5.
1971 733 2243 798 Quoniam
2277 733 2440 787 alieni
2465 733 2887 788 insurrexerunt
2925 729 3215 782 adversum
3238 737 3363 780 me:

205 819 264 874 6.
293 819 407 872 Kal
431 821 684 891 κραταιοὶ
710 822 980 892 ἐζήτησαν
1003 823 1102 892 τὴν
1127 821 1308 892 ψυχήν
1342 837 1444 891 μου
1464 837 1480 852 ο

1890 825 1944 878 6.
1973 825 2035 877 Et
2063 823 2234 880 fortes
2260 825 2595 894 quaesierunt
2618 824 2858 877 animam
2895 835 3074 874 meam
3103 837 3116 873 :

207 908 260 962 Ἰ.
287 910 402 964 Kal
431 911 492 962 οὐ
519 911 811 983 προέθεντο
834 911 928 966 τὸν
956 912 1090 966 Θεὸν
1125 912 1356 967 ἐνώπιον
1377 910 1575 966 αὐτῶν.

1890 915 1944 968 τ.
1971 915 2038 969 Ει
2068 931 2176 970 non
2203 923 2608 986 proposuerunt
2653 913 2824 967 Deum
2871 921 2996 966 ante
3035 915 3393 978 conspectum

1817 1021 1998 1061 suum.

208 1086 265 1145 8.
311 1089 446 1144 Ἰδοὺ
469 1089 579 1162 γὰρ
608 1090 638 1141 ὁ
668 1090 801 1155 Θεὸς
829 1091 1015 1164 βοηθεῖ
1045 1109 1169 1164 μοι’

1890 1098 1943 1150 8.
1979 1096 2120 1152 Ecce
2147 1097 2292 1151 enim
2317 1097 2460 1151 Deus
2494 1095 2718 1165 adjuvat
2743 1111 2829 1148 me

206 1179 260 1236 9.
297 1183 408 1234 Kal
437 1183 465 1234 ὁ
488 1184 692 1253 Κύριος
721 1184 1074 1256 ἀντιλήπτωρ
1112 1186 1214 1255 τῆς
1238 1185 1430 1256 ψυχῆς,
1453 1203 1573 1256 μου.

1532 1204 1573 1240 δι
1894 1189 1948 1244 9.
1983 1191 2051 1244 Et
2083 1189 2349 1243 Dominus
2381 1197 2668 1256 susceptor
2692 1187 2886 1239 aniune
2914 1199 3063 1238 mea.

208 1273 296 1328 10,
336 1275 681 1348 Ἀποστρέψῃ
722 1275 1150 1348 [Ἂποστρέψει]
1192 1277 1261 1330 τὰ
1303 1276 1450 1330 κακὰ
1482 1279 1593 1340 τοῖς
1629 1278 1718 1344 ἐχ-

1641 1278 1718 1344 ὲχ-
1892 1281 1980 1336 10.
2007 1281 2236 1336 Avertes
2262 1279 2534 1352 [avertet]
2561 1280 2703 1334 mala
2737 1279 2974 1333 inimicis
3003 1277 3172 1332 meiS'

129 1362 286 1431 Θροίς
325 1381 428 1433 μου
451 1379 464 1393 ⁸

216 1455 303 1507 11.
345 1455 432 1507 Ἐν
462 1458 530 1525 τῇ
557 1455 785 1526 ἀληθείᾳ
810 1473 904 1510 σου
938 1456 1318 1529 ἐξολόθρευσον
1355 1456 1572 1519 αὐτούς.

1467 1456 1572 1519 stic.
1895 1456 1978 1511 ll.
2008 1455 2076 1511 Et
2107 1456 2161 1510 in
2197 1457 2428 1512 veritate
2453 1466 2542 1512 tua
2565 1456 2822 1527 disperde
2857 1457 2998 1509 illos.

210 1545 298 1597 1‘2.
343 1547 638 1610 Ἑκουσίως
673 1546 826 1600 θύσω
857 1565 966 1611 σοι,

1894 1547 1982 1600 1"2.
2008 1547 2328 1604 Voluntarie
2363 1549 2686 1605 sacriﬁcabo
2717 1549 2847 1602 tibi:

211 1635 298 1690 15.
345 1637 840 1710 Ἑξομολοτήσομαι
885 1641 962 1711 τῷ
995 1640 1218 1710 ὀνόματι
1263 1657 1378 1702 σου,
1410 1638 1604 1709 Κύριε,
1635 1639 1722 1692 ὅτι

1893 1637 1980 1690 15.
2007 1637 2323 1693 Contitebor
2374 1639 2583 1694 nomini
2648 1651 2761 1704 tuo,
2813 1637 3080 1702 Domine,
3135 1635 3392 1705 quoniam

133 1726 369 1794 ἀγαθόν.

1819 1728 2047 1783 bonum.

212 1818 303 1872 1-1.
335 1819 457 1871 Ὀτι
479 1822 542 1873 ἐκ
568 1823 750 1892 πάσης
780 1823 1014 1892 θλίψεως
1057 1823 1276 1894 ἐρῤύσω
1307 1838 1375 1890 με
1399 1835 1412 1850 τ

1894 1823 1984 1876 14.
2017 1822 2286 1887 Quoniam
2317 1841 2382 1880 ex
2413 1825 2561 1879 omni
2593 1823 2946 1877 tribulatione
2978 1819 3226 1889 eripuisti
3254 1833 3340 1872 me
3377 1836 3390 1872 :

213 1907 304 1961 15.
337 1909 447 1962 Καὶ
474 1911 533 1966 ἐν
570 1915 686 1977 τοῖς
726 1914 940 1984 ἐχθροῖς
983 1929 1082 1982 μου
1115 1909 1325 1964 ἐπεῖδεν
1365 1909 1394 1960 ὁ
1437 1906 1715 1979 ὀφθαλμός

1892 1912 1982 1966 15.
2031 1911 2098 1968 Ει
2149 1929 2316 1986 super
2389 1915 2644 1968 inimicos
2699 1928 2852 1967 meos
2903 1910 3148 1979 despexit
3203 1908 3397 1962 oculus

138 2013 272 2072 μου.

1821 2017 1993 2058 meus.

1265 2222 1641 2278 ATHANASII
1679 2222 2267 2284 lNTERPRETATlO.

133 2436 307 2489 rrum
329 2435 342 2448 '
376 2421 586 2488 Ζιφαῖοι
608 2420 664 2474 δὲ
686 2421 1072 2492 ἑρμηνεύονται
1097 2421 1564 2488 ἀναϐάλλοντες.
1591 2424 1765 2476 Σαοὺλ
1784 2425 1840 2478 δὲ
1870 2425 2231 2496 ἑρμηνεύεται
2262 2429 2523 2495 αἱτητός.
2564 2427 2737 2482 Τοῦτο
2761 2424 2853 2482 οὖν
2889 2429 3068 2498 λέγει·
3101 2427 3150 2480 οἱ
3203 2425 3394 2498 δαίμο-

138 2521 239 2574 νες
257 2511 337 2582 τῷ
359 2511 590 2582 διαϐόλῳ
615 2514 863 2580 λέγουσιν
889 2533 903 2546 ·
946 2517 1074 2570 Ἰδοὺ
1112 2517 1589 2588 συγκεκλεισμένοι
1619 2518 1692 2586 (1)
1719 2517 1912 2587 ἔχομεν
1944 2519 2035 2573 τὸν
2063 2518 2484 2590 ἐξουθενημένον
2509 2523 2713 2574 ἐκεῖνον
2740 2537 2752 2550 ·
2794 2521 2978 2574 λοιπὸν
3016 2524 3044 2574 ὁ
3086 2520 3161 2591 (2)
3199 2520 3395 2589 συλλη-

132 2604 299 2675 φθεὶς
336 2604 430 2657 ὑπ’
459 2605 636 2659 αὐτῶν
661 2607 753 2659 ἐπὶ
784 2607 926 2660 τέλει
949 2611 1028 2672 εἰς
1064 2609 1278 2662 σύνεσιν
1311 2610 1438 2681 ἔλθῃ
1471 2612 1576 2664 ὑπὸ
1605 2611 1698 2664 τοῦ
1721 2613 1877 2677 Θεοῦ,
1911 2614 2140 2684 ἀνυμνεί
2161 2613 2251 2667 τὸν
2279 2613 2430 2679 Θεὸν,
2463 2615 2558 2669 καὶ
2583 2616 2759 2670 δέεται
2788 2615 2951 2670 αὑτοῦ
2978 2615 3150 2684 λέγων
3169 2631 3181 2644 ·

135 2733 252 2778 tem
287 2723 716 2793 interpretantur
738 2727 1140 2795 repullulantes.
1171 2731 1304 2785 Saul
1333 2748 1460 2788 vero
1489 2732 1874 2801 interpretatur
1901 2736 2113 2803 petitus.
2166 2735 2279 2788 lloc
2322 2734 2488 2804 igitur
2530 2732 2818 2802 signiﬁcat,
2862 2731 3134 2783 daemones
3178 2725 3394 2781 diabolo

134 2814 365 2869 dicunt:
415 2813 554 2869 Ecce
584 2817 906 2871 conclusum
940 2819 1204 2874 habemus
1252 2830 1622 2890 contemptum
1683 2823 1856 2877 illum.
1905 2826 1975 2879 At
2003 2826 2222 2880 demum
2253 2825 2682 2895 comprehensus
2713 2823 2782 2876 ab
2811 2822 2965 2892 ipsis,
3022 2835 3147 2876 cum
3180 2819 3397 2874 tandem

135 2911 328 2969 divina
354 2929 457 2983 ope
481 2915 628 2969 venit
661 2915 716 2968 in
747 2916 1108 2982 intellectum,
1146 2916 1332 2972 laudat
1362 2918 1555 2984 Deum,
1590 2929 1643 2974 et
1671 2932 1926 2991 precatur
1959 2921 2162 2990 ipsum,
2191 2922 2414 2977 dicens:

211 3089 270 3144 2.
299 3091 410 3144 Kal
439 3091 577 3144 κατὰ
597 3092 694 3162 τὴν
719 3092 948 3165 δύναμίν
978 3111 1073 3147 σου
1106 3094 1376 3166 βοήθησον
1416 3114 1484 3168 με
1513 3096 1617 3168 (5).

1754 3103 1798 3160 ϐ
1896 3101 1950 3154 2.
1979 3099 2046 3154 Et
2083 3099 2383 3155 secundum
2414 3107 2562 3153 tuam
2591 3096 2888 3167 potentiam
2924 3094 3118 3164 adjuva
3150 3108 3250 3149 me.

213 3181 268 3234 3.
304 3181 401 3244 Εἰς
443 3180 516 3234 τὰ
577 3176 692 3238 ὦτά
752 3200 846 3237 σου
900 3186 1309 3256 είσακουσθήτω
1355 3189 1389 3256 ὴ
1446 3189 1722 3258 προσευχὴ

1578 3189 1722 3258 τευχή
1900 3195 1952 3248 '5.
1986 3193 2043 3246 in
2079 3193 2306 3248 auribus
2329 3192 2437 3248 tuis
2469 3191 2723 3246 audiatur
2756 3189 2932 3244 oratio
2957 3204 3109 3244 mea;

140 3285 274 3345 μευ.
3313 3325 3318 3330 .

214 3362 269 3416 4.
308 3363 535 3416 Πάντων
559 3363 694 3434 ὁμοῦ
732 3364 810 3433 (4)
852 3365 959 3418 τῶν
1005 3365 1266 3435 ῥημάτων
1305 3367 1533 3420 ἀκοῦσαι
1581 3384 1728 3421 κατ-ι

1902 3374 2217 3443 4.Dignare
2265 3375 2455 3430 audire
2512 3374 2697 3429 omnia
2752 3373 2915 3426 verba
2989 3386 3143 3437 mea;
3192 3370 3400 3425 nullum

139 3453 376 3520 αξίωσον
395 3472 409 3485 ·
442 3455 608 3526 μηδὲν
638 3455 819 3508 αὐτῶν
848 3456 1154 3526 ἀπόϐλητον
1184 3457 1322 3510 ἔστω
1351 3459 1499 3511 παοὰ
1533 3461 1634 3512 σοί.

948 3456 1154 3526 ἱϐλητον
1184 3457 1322 3510 ἔστω
1351 3459 1499 3511 ποιοὰ
1533 3461 1634 3512 σοί.
1826 3483 2015 3520 eorum
2040 3481 2071 3521 a
2103 3476 2152 3521 te
2179 3467 2479 3538 rejiciatur.

218 3547 271 3600 5.
305 3547 371 3599 Οἱ
398 3547 674 3618 δαίμονες.

1900 3559 1954 3613 5.
1982 3557 2289 3614 Βωῐηοηθε.

215 3638 268 3692 6.
310 3639 545 3710 Ὁμοίως
569 3641 624 3691 αί
650 3641 889 3693 ἐναντίαι
917 3641 1200 3710 δυνάμεις.

1901 3651 1953 3706 6.
1994 3651 2260 3705 Similiter
2286 3649 2614 3704 adversariat
2643 3657 2957 3718 potestates.

218 3731 268 3784 7.
305 3731 418 3784 Kal
449 3732 549 3784 οὐκ
576 3732 912 3800 ἐλογίσαντο,
943 3733 1024 3786 ὅτι
1043 3735 1072 3786 ὁ
1098 3732 1230 3796 Θεὸς
1253 3733 1471 3798 δυνατός
1497 3737 1611 3788 ἐστι
1633 3733 1727 3788 τοῦ

1903 3743 1955 3798 7.
1999 3743 2065 3797 Ει
2095 3759 2201 3796 non
2220 3744 2620 3814 cogitaverunt,
2652 3741 2799 3810 quod
2830 3741 2972 3795 Deus
2997 3750 3190 3811 potens
3218 3751 3303 3798 est
3332 3744 3404 3799 ab

140 3821 415 3894 ῥύσασθαί
449 3839 518 3892 με
550 3823 643 3875 ἀπ’
675 3821 876 3876 αὐτῶν.

844 3840 876 3876 θ·
1829 3836 1966 3907 ipsis
2003 3852 2089 3890 me
2119 3835 2375 3889 liberare.

213 3913 268 3968 8.
311 3911 446 3965 Ἰδοὺ
474 3913 584 3985 γὰρ
608 3915 636 3965 ὁ
659 3914 791 3977 Θεὸς
817 3913 1105 3986 λυτροῢταί
1135 3933 1203 3987 με
1222 3915 1342 3969 καθ’
1365 3916 1601 3986 ἑκάστην
1628 3917 1724 3986 (5).

1586 3935 1601 3967 ι
1628 3917 1724 3986 (5)-
1897 3928 1951 3981 8.
1988 3927 2126 3980 Ecce
2155 3926 2302 3980 enim
2339 3925 2483 3980 Deus
2514 3925 2711 3978 liberat
2741 3941 2827 3979 me
2853 3925 3117 3994 quotidie.

212 4007 267 4060 9.
303 4005 416 4059 Kal
439 4006 514 4070 ὡς
539 4007 816 4076 Δεσπότης
849 4025 948 4078 μου
978 4009 1336 4062 ἀντιποιεῖται
1363 4009 1454 4062 τοῦ
1479 4009 1725 4077 πλασμα-

1901 4020 1954 4074 9.
1989 4018 2056 4073 Ει
2087 4018 2256 4073 veluti
2291 4015 2560 4071 Dominus
2612 4032 2771 4071 meus
2814 4016 3049 4086 protegit
3080 4015 3399 4086 ﬁgmentum

139 4116 234 4161 τος
260 4096 450 4151 αὐτοῦ.

1828 4127 2012 4166 SUUII].

219 4191 308 4246 10.
352 4190 710 4263 Ἀποστρέψει
743 4190 819 4264 (6)
855 4191 1356 4264 [Ἀποστρέψεται]
1385 4190 1601 4262 ἡόδύνη
1627 4189 1726 4243 αὑ-

1559 4209 1601 4262 ἠ
1627 4189 1726 4243 αὑ-
1902 4199 1987 4256 10.
2013 4198 2375 4253 Converletur
2407 4197 2568 4252 dolor
2593 4211 2784 4251 eorum
2824 4196 2879 4250 in
2921 4196 3090 4266 ipsos.

141 4283 252 4335 τῶν
275 4284 365 4334 ἐπ’
397 4283 609 4347 αὐτούς.

219 4373 308 4426 11.
361 4371 451 4425 Ἐν
479 4376 546 4443 τῇ
575 4377 758 4444 χάριτι
789 4373 884 4426 τοῦ
912 4373 1068 4442 ἁγίου
1097 4372 1416 4444 Πνεύματος
1449 4371 1725 4425 ἀπέλασον

1898 4380 1986 4433 lt.
2021 4377 2208 4435 Gratia
2243 4377 2418 4433 sancti
2453 4375 2690 4447 Spiritus
2726 4375 2936 4445 expelle
2985 4388 3079 4430 eos
3111 4372 3181 4428 ab
3215 4372 3398 4427 anima

140 4464 343 4526 αὐτοὺς
376 4464 485 4516 ἀπὸ
515 4465 614 4535 τῆς
645 4465 821 4535 ψυχῆς
855 4483 977 4536 μου.
1754 4465 1799 4520 D
1829 4487 1970 4524 mea.

207 4558 299 4610 12.
331 4557 451 4610 Ἵνα
500 4557 685 4611 λοιπὸν
752 4561 809 4612 ἐν
864 4557 1056 4630 μηδενὶ
1101 4558 1464 4627 κατεχόμενος
1512 4555 1720 4622 δοξάσω

1895 4560 1982 4613 1⁸2.
2016 4558 2087 4614 Ut
2115 4559 2334 4613 demum
2384 4559 2531 4612 nulla
2579 4573 2633 4610 ill
2670 4573 2727 4613 re
2786 4555 3038 4610 detentus
3095 4562 3147 4608 te
3191 4551 3397 4622 gloriﬁ-

141 4663 220 4699 σε.
293 4686 297 4690 -
1377 4633 1389 4642 .

1377 4633 1389 4642 ’
1823 4665 1961 4706 cem.

211 4736 300 4788 15.
342 4736 666 4806 Ἀνυμνήσω
712 4739 772 4790 τὸ
807 4737 981 4809 ὄνομα
1031 4756 1149 4806 σου,
1207 4740 1289 4792 ὅτι
1322 4737 1524 4805 ἀγαθόν
1577 4739 1724 4790 ἐστιν

1898 4739 1986 4793 15.
2021 4736 2282 4792 Laudabo
2313 4752 2514 4792 nomen
2553 4744 2728 4799 tuum,
2755 4734 3015 4804 quoniam
3056 4733 3261 4790 bonum
3291 4741 3395 4796 est,

140 4830 635 4898 ἐπαναπαυόμενον
663 4831 756 4883 ἐπί
785 4848 925 4887 τινα.

1827 4847 1951 4884 cum
1987 4847 2152 4900 super
2173 4830 2407 4898 aliquem
2435 4827 2741 4897 requiescit.

210 4920 302 4973 H.
337 4920 525 4990 Πάσης
561 4921 836 4992 ἁμαρτίας
871 4923 968 4992 (7).

1899 4923 1986 4975 14.
2023 4923 2101 4976 Ex
2125 4922 2274 4975 omni
2299 4930 2537 4990 peccato.

207 5009 298 5062 15.
340 5011 450 5064 Kal
472 5015 538 5085 τῇ
565 5013 772 5086 διανοίᾳ
793 5015 1093 5087 προσέσχον
1118 5015 1235 5086 μετ’
1258 5013 1424 5084 ὀργῆς
1452 5012 1589 5064 κατὰ
1612 5011 1718 5063 τῶν

1900 5011 1988 5064 15.
2020 5009 2087 5064 Ει
2128 5019 2309 5065 mente
2353 5008 2559 5063 attendi
2594 5023 2720 5063 cum
2771 5008 2853 5063 ira
2915 5017 3106 5063 contra
3146 5005 3397 5062 inimicus

140 5101 356 5172 ἐχθρῶν
391 5121 514 5174 μου.

464 5123 514 5157 υ,
1825 5118 1995 5157 meos.

1095 5304 1395 5368 Addenda
1430 5309 1488 5364 et
1527 5301 1903 5380 corrigenda
1935 5317 2014 5361 ex
2066 5299 2208 5360 eod.
2246 5299 2442 5357 Vatic.

211 5493 290 5562 (1)
325 5492 845 5562 Συγκεκλεισμένον.
2013 5487 2395 5562 Ἐκὰστηνριτέ
2424 5483 2621 5540 αὐτῶν.

215 5556 296 5634 (2⁷)
328 5556 525 5634 Λοιπὸν
558 5556 725 5615 οὖν’ὀ.
1900 5560 1975 5634 (ρ)
2020 5556 2387 5634 Ἐπιστρρψεξ.

237 5633 290 5698 5)
324 5633 617 5701 ῐῖοηθήσεις
660 5650 766 5700 μοι.
1902 5629 1978 5697 (7)
2025 5627 2322 5696 ’Λμαρτίας
2351 5627 2517 5692 λέγει.

239 5706 290 5772 οἱ)
322 5705 458 5756 Μῦν.
