3876 6220
135 329 256 392 865
1102 321 1195 384 DE
1227 319 1505 382 TlTULlS
1541 322 1666 378 PSA

1876 314 1995 377 ΟΜ.
2028 344 2097 361 --
2130 314 2342 375 ῬΞᾹΙ..
2371 310 2512 373 LIV.
3289 298 3397 363 8’16

220 453 315 509 12.
346 446 761 524 Προσεδεχόμην
791 448 882 502 τὸν
917 446 1049 500 Θεὸν
1077 444 1172 501 τὸν
1209 445 1450 512 σώζοντά
1495 462 1564 516 με
1617 442 1751 501 ἀπὸ.

1900 440 1985 495 12.
2014 438 2405 509 Exspectabam
2450 437 2644 499 Deum,
2684 434 2778 504 qui
2822 430 3033 487 salvum
3084 441 3170 482 me
3208 425 3339 483 facit
3364 443 3395 482 a

137 542 525 615 ὀλιγοψυχίας,
561 543 656 595 καὶ
678 540 786 593 ἀπὸ
808 537 1140 605 καταιγίδος.

1828 531 2275 604 pusillanimitate
2305 529 2529 599 spiritus
2550 538 2605 582 et
2635 532 2975 593 tempestate.

223 614 327 691 15.
368 632 812 699 Καταπόντισον,
866 629 1072 700 Κύριε,
1133 630 1231 683 καὶ
1277 626 1562 683 καταδίελε
1628 627 1729 694 τὰς

1901 622 1988 676 15.
2022 620 2326 691 Praecipita,
2360 618 2605 682 Domine,
2630 624 2683 671 et
2709 615 2888 669 divide
2910 614 3126 681 linguas
3155 623 3345 664 eorum
3379 625 3393 663 :

136 723 408 797 γλώσσας
448 723 665 777 αὐτῶν
1120 762 1123 763 ν
1516 752 1517 755 η
1909 795 1960 798 Η
2031 793 2046 798 _
2172 793 2184 798 _
2507 792 2518 798 _
2604 792 2615 798 _
3019 796 3025 798 _
3115 788 3149 798 __
3196 787 3225 798 Α.

225 816 319 873 14.
356 817 481 869 Ὀτι
513 810 650 868 εἶδον
684 812 914 884 ἀνομίαν
934 848 948 876 ,
978 810 1073 865 καὶ
1103 811 1407 879 ἀντιλογίαν
1447 812 1504 865 ὲν
1531 811 1598 882 τῇ
1630 809 1731 864 πόα

1900 795 1987 849 14.
2013 793 2279 859 Quoniam
2303 793 2411 847 vidi
2446 791 2810 861 iniquitatem,
2836 798 2888 844 et
2906 788 3394 843 contradictionem

1830 887 1887 941 in
1913 886 2151 941 civitate.

147 910 320 1055 λεζδ.
363 999 609 1071 Ἡμέρας
651 998 747 1052 καὶ
786 997 981 1063 νυκτὸς
1009 995 1278 1052 κυκλώσει
1322 994 1493 1065 αὐτὴν
1526 993 1619 1047 ἐπὶ
1660 1010 1678 1047 1

1867 901 1887 942 α
1913 901 2151 941 (τινιιιιιθ.

1900 976 1988 1029 15.
2025 974 2122 1028 Die
2157 987 2221 1026 ac
2258 978 2417 1023 nocte
2453 968 2818 1024 circumdabit
2868 984 2988 1023 eam
3020 984 3185 1037 super
3212 982 3398 1024 muros

146 1091 311 1163 τείχη
346 1091 514 1161 αὐτῆς
540 1106 556 1120 ·
1542 1098 1547 1105 ’

1833 1081 1953 1136 eius
1987 1084 2001 1121 :
2474 1134 2479 1139 θ

352 1157 690 1252 Καὶῇάνομία
719 1181 814 1236 καὶ
838 1182 1007 1245 κόπος
1026 1181 1083 1234 ὲν
1106 1180 1255 1251 μέσῳ
1283 1178 1473 1250 αὐτῆς,
1507 1179 1602 1232 καὶ
1621 1177 1735 1233 ἀδι-

1908 1158 1996 1212 16.
2024 1157 2090 1213 Ει
2112 1157 2371 1228 iniquitas
2387 1167 2439 1213 et
2467 1158 2621 1212 labor
2646 1157 2702 1211 in
2724 1157 2903 1212 medio
2933 1158 3072 1227 ejus,
3092 1167 3144 1212 et
3174 1157 3397 1228 injusti-

1746 1273 1773 1293 -‘
1833 1258 1930 1305 tia.

136 1271 272 1326 otia.

227 1365 320 1418 17.
354 1364 466 1418 Καὶ
483 1362 582 1417 οὐκ
610 1362 855 1429 ἐξέλιπεν
876 1364 940 1417 ὲκ
959 1362 1067 1417 τῶν
1096 1363 1367 1418 πλατειῶν
1387 1364 1558 1437 αὐτῆς
1578 1364 1667 1421 τόκ

1863 1271 1930 1304 la.

1905 1343 1993 1396 17.
2028 1340 2095 1396 Et
2115 1356 2223 1395 non
2247 1339 2444 1397 defecit
2460 1342 2526 1396 de
2545 1342 2733 1412 plateis
2764 1341 2884 1412 ejus
2917 1359 3107 1410 usura,
3134 1354 3189 1399 et
3215 1330 3394 1400 dolus:

140 1457 251 1511 οιαὶ
282 1456 458 1520 δόλος.
1786 1522 1795 1532 Α,
1816 1486 1820 1529 ί

230 1547 323 1603 18.
355 1548 499 1611 Ὅτι,
526 1547 574 1599 εί
596 1548 623 1600 6
645 1546 836 1610 ἐνθοὸς
857 1547 1102 1601 ὠνείδισέ
1137 1564 1226 1617 με,
1260 1548 1543 1619 ὑπήνεγκα
1578 1548 1668 1605 ἄν.
1755 1539 1761 1547 ’

1908 1545 1994 1599 18.
2030 1544 2294 1610 Quoniam
2324 1543 2368 1597 si
2397 1543 2652 1598 inimicus
2669 1558 2822 1598 meus
2843 1544 3217 1600 maledixisset
3243 1546 3397 1613 mihi,

1837 1636 2219 1690 sustinuissem
2255 1636 2459 1690 utiaue.

230 1724 321 1779 19.
348 1723 457 1778 Καὶ
479 1724 526 1775 εἰ
550 1725 578 1777 6
610 1724 783 1794 μισῶν
805 1741 872 1795 με
903 1724 1106 1797 ἐπ’ὲμὲ
1131 1725 1732 1797 ὲμεγαλορῤημονησεν,

1871 1651 2219 1689 usunutssem
2255 1651 2459 1703 tlllque.

1909 1729 1993 1782 19.
2037 1727 2101 1782 Et
2130 1730 2174 1782 si
2210 1729 2254 1781 is
2280 1728 2373 1797 qui
2397 1728 2585 1781 oderat
2608 1743 2693 1781 me
2716 1742 2880 1797 super
2912 1743 2999 1781 me
3025 1744 3222 1797 magna
3257 1728 3402 1784 locu-

153 1815 403 1887 ἑκρύὸην
425 1815 490 1868 ἂν
513 1816 607 1868 ἀπ’
637 1815 841 1885 αὐτοῦή

1764 1801 1808 1857 Β
1844 1830 1929 1874 tus
1961 1819 2174 1885 fuisset,
2202 1820 2607 1873 abscondissem
2640 1835 2725 1873 me
2749 1818 2975 1873 forsitan
3009 1820 3078 1872 ab
3105 1835 3186 1874 eo.

229 1907 321 1961 20.
347 1905 421 1961 Σὺ
438 1908 515 1973 δὲ,
543 1907 795 1979 ἄνθρωπε
821 1908 1061 1981 ίσόψυχε,
1093 1912 1189 1980 ὴγε
1199 1927 1313 1980 μων
1340 1927 1463 1981 μου,
1491 1926 1584 1963 και
1602 1927 1736 1979 γνω-

1913 1909 2003 1962 20.
2034 1908 2113 1963 Tu
2147 1925 2271 1963 vero
2298 1910 2460 1963 homo
2489 1908 2784 1975 unanimis,
2814 1909 2925 1977 du;
2960 1924 3135 1976 meus,
3159 1919 3212 1962 et
3243 1918 3405 1965 notus

140 1998 253 2051 ’στέ
288 2015 390 2069 μου
410 2015 426 2028 ·

1839 2016 1997 2057 meus
2032 2019 2047 2056 ε

230 2089 321 2142 21.
351 2090 446 2152 ⁸ος
474 2088 597 2161 [Ὧς
645 2089 806 2164 mss.]
850 2091 945 2146 ἐπὶ
990 2091 1051 2145 τὸ
1108 2092 1239 2146 αὐτὸ
1294 2090 1599 2160 ὲγλύκανάς
1639 2108 1730 2163 μοι

1910 2092 2002 2146 21.
2045 2090 2149 2158 Qui
2193 2090 2450 2163 [Quippe]
2482 2092 2643 2148 simul
2668 2108 2880 2148 mecum
2920 2093 3106 2149 dulces
3153 2096 3405 2165 capiebas

154 2181 434 2250 ἐδέσματα
451 2196 469 2213 ο

1782 2183 2040 2240 “cibos:

226 2269 326 2324 22.
357 2269 443 2324 Ἐν
470 2270 546 2341 τῷ
566 2270 699 2344 οἴκῳ
730 2273 823 2328 τοῦ
851 2273 982 2330 Θεοῦ
1006 2273 1380 2344 ἐπορεύθημεν
1411 2275 1468 2327 ἐν
1490 2264 1733 2346 ὁμονοίᾳ.

1691 2290 1733 2346 μ.
1902 2275 1990 2328 22.
2023 2277 2079 2327 1η
2111 2276 2273 2329 domo
2304 2274 2397 2329 Dei
2431 2277 2830 2334 ambulavimus
2857 2277 2910 2332 in
2934 2293 3222 2334 consensu.

232 2362 327 2418 25.
373 2363 602 2417 Ἐλθὲτω
634 2365 696 2436 δὴ
717 2365 944 2429 Θάνατος
973 2367 1059 2419 ἐπ’
1092 2368 1287 2431 αὐτοὺς
1306 2407 1321 2432 ,

1219 2368 1287 2431 ,ὺς
1306 2407 1321 2432 ,
1905 2366 1997 2420 25.
2027 2364 2218 2419 Veniat
2242 2383 2391 2421 mors
2420 2382 2584 2437 super
2609 2368 2750 2431 illos,

232 2454 327 2508 2.1».
361 2456 471 2509 Καὶ
500 2455 896 2528 καταϐήτωσαν
925 2457 1004 2520 εἰς
1034 2456 1159 2527 ᾅδου
1193 2457 1393 2521 ζῶντες
1412 2475 1428 2489 ο

1906 2455 1996 2509 24.
2024 2456 2088 2511 Et
2112 2457 2440 2512 desecndant
2467 2462 2519 2511 in
2545 2458 2815 2513 infernum
2852 2461 3125 2514 viventes:

233 2544 327 2602 25.
353 2546 472 2599 Ὅτι
494 2547 725 2619 πονηρία
751 2549 808 2603 ὲν
836 2550 958 2611 ταῖς
983 2548 1298 2619 παροικίαις
1330 2549 1527 2615 αὐτῶν,
1562 2550 1618 2604 ὲν
1648 2549 1736 2621 μὲ-

1912 2546 2004 2600 25.
2031 2546 2301 2613 Quoniam
2338 2550 2582 2619 nequitia
2632 2551 2687 2603 in
2732 2551 3060 2607 habitaculis
3095 2568 3310 2620 eorum,
3352 2553 3406 2608 in

157 2654 246 2706 σῳ
278 2637 480 2693 αὐτῶν.

1844 2639 2023 2694 medio
2050 2655 2260 2694 eorum.

235 2730 327 2785 26.
367 2730 508 2801 Ἐγὼ
537 2731 673 2802 πρὸς
706 2731 797 2786 τὸν
829 2732 960 2785 Θεὸν
998 2731 1301 2801 ἐκέκραξα.
1336 2730 1429 2784 καὶ
1461 2730 1490 2782 6
1534 2730 1736 2802 Κύριος

1914 2731 2005 2785 26.
2043 2730 2158 2803 Ego
2187 2734 2254 2787 ad
2286 2733 2454 2789 Deum
2493 2736 2744 2804 clamavi,
2779 2747 2834 2793 et
2872 2738 3138 2794 Dominus
3185 2740 3410 2796 exaudi-

156 2823 452 2894 εἰσήκουσέ
486 2838 607 2893 μου.

556 2838 607 2875 υ.
1843 2823 1923 2878 vit
1949 2839 2034 2879 me
2072 2842 2086 2879 :

1291 2999 1667 3057 ATHANASII
1704 2999 2292 3063 lNTERl’RETATIO.

239 3154 332 3211 12.
359 3153 557 3209 Λοιπὸν
582 3131 981 3225 προσεδεχόμην
1002 3153 1091 3207 τὸν
1108 3152 1237 3206 Θεὸν
1260 3153 1351 3207 τὸν
1370 3154 1735 3229 λυτρούμενόν
1760 3170 1770 3218 t

1908 3159 1995 3213 12.
2035 3159 2276 3232 Denique
2300 3166 2681 3233 exspectabam
2723 3167 2915 3233 Deum,
2959 3169 3054 3239 qui
3098 3185 3180 3224 me
3220 3171 3418 3226 liberat

146 3266 241 3325 ’με
269 3248 380 3306 ἀπὸ
405 3247 515 3302 τῶν
543 3245 799 3299 εἰσϐολῶν
829 3246 924 3299 τοῦ
966 3246 1183 3317 ἐχθροῦ.

995 3246 1183 3317 χθροῦ.
1846 3252 1914 3307 ab
1946 3254 2260 3309 incursibus
2296 3257 2522 3311 inimici.

244 3342 332 3396 1'5.
380 3339 720 3404 Θανάτωσον,
776 3338 987 3409 Κύριε,
1038 3340 1133 3393 καὶ
1184 3337 1473 3410 σύντριψον
1545 3339 1746 3397 κακίαν

1918 3346 2004 3399 15.
2040 3347 2321 3415 Mortilica,
2364 3350 2613 3419 Domine,
2651 3361 2705 3408 et
2734 3338 2977 3408 contere
3021 3351 3283 3408 malitiam
3326 3369 3420 3409 eo-

160 3451 237 3485 au
244 3448 371 3484 των.

1845 3452 1965 3490 rum
1976 3475 1988 3489 .

242 3523 330 3578 14.
360 3524 482 3577 Ὀτι
508 3522 765 3594 αἴσθομαι
794 3522 853 3575 ὲν
882 3523 949 3593 τῇ
988 3522 1183 3594 καρδίᾳ
1212 3541 1334 3592 μου.

1917 3528 2003 3581 14.
2036 3528 2306 3593 Quoniam
2338 3531 2485 3584 sensi
2512 3531 2565 3584 in
2591 3531 2753 3585 corde
2778 3546 2919 3589 meo.

240 3613 329 3668 15.
374 3612 693 3676 Ἀπαύστως
723 3612 934 3683 ἡμέρας
969 3612 1064 3667 καὶ⁵
1095 3614 1289 3677 νυκτὸς
1323 3614 1744 3685 περικαθέζεταί

1921 3622 2379 3697 15.1ncessanter
2417 3624 2503 3679 die
2541 3640 2606 3679 ac
2656 3634 2815 3681 nocte
2840 3627 3256 3687 circumassidet
3287 3630 3420 3688 mihi

156 3722 263 3777 ¹μοι
289 3704 325 3774 ἡ
358 3702 618 3775 ἁμαρτία.

1846 3722 2150 3781 peccatum.

246 3794 335 3848 16.
371 3793 733 3864 Πεπλήρωται
761 3793 793 3863 ἡ
822 3791 1030 3846 διάνοιά
1065 3809 1165 3863 μου
1188 3791 1504 3862 λογισμῶν.¹

1919 3805 2004 3857 16.
2042 3802 2259 3873 Repleta
2283 3814 2364 3858 est
2387 3820 2541 3859 mens
2565 3820 2683 3859 mea
2706 3808 3147 3877 cogitationibus.

246 3885 334 3938 17.
368 3884 479 3939 Kal
512 3885 613 3937 οὐκ
653 3883 947 3953 ἀφίσταται
996 3883 1107 3938 ἀπὸ
1154 3884 1255 3954 τῆς
1301 3884 1528 3954 καρδίας
1564 3901 1664 3954 μου
1713 3886 1746 3955 ἡ

1917 3895 2003 3949 17.
2038 3894 2102 3948 Et
2126 3911 2232 3949 non
2252 3896 2507 3950 discessit
2529 3913 2559 3949 a
2575 3897 2737 3951 corde
2755 3914 2898 3963 meo,
2924 3899 3068 3968 quod
3095 3909 3254 3955 antea
3276 3917 3423 3958 exsr-

162 3974 603 4047 προῦπάρχουσα
630 3974 892 4046 ἁμαρτία.

821 3975 892 4029 ία.
1850 3983 2023 4037 stebat
2052 3996 2352 4052 peccatum.

244 4069 335 4124 18.
370 4069 480 4123 Καὶ
512 4069 599 4121 ὅτε
624 4069 653 4120 6
679 4066 871 4138 ἐχθρὸς
905 4066 1146 4132 ὠνείδιςὲ
1182 4084 1249 4137 με
1269 4106 1284 4131 ,
1314 4066 1606 4138 ὑπέφερον.

1921 4076 2007 4130 18.
2035 4075 2099 4130 Et
2130 4092 2253 4132 cum
2285 4077 2542 4132 inimicus
2582 4078 2861 4132 maledixit
2892 4079 3045 4147 mihi,
3069 4081 3313 4137 toleravi.

244 4162 333 4216 19.
359 4162 468 4214 Καὶ
488 4159 649 4213 πάλιν
673 4160 761 4211 ὅτε
784 4157 882 4231 τὴν
902 4159 1117 4231 ἀπάτην
1135 4159 1228 4213 τοῦ
1254 4159 1369 4230 βίου
1391 4158 1609 4213 ἐνέϐαλέ
1633 4177 1747 4231 μοι,

1924 4168 2012 4221 19.
2043 4167 2107 4223 Et
2143 4185 2333 4224 rursus
2370 4185 2494 4224 cum
2543 4170 2917 4239 deceptionem
2950 4172 3076 4228 vita:
3116 4175 3251 4229 mihi
3282 4176 3422 4246 inje-

155 4253 273 4307 οὐκ
294 4250 565 4321 ὴνεχόμην
599 4248 953 4321 [ἠνεσχόμην]
988 4250 1178 4307 αὑτοῦ.

1053 4250 1178 4307 ιτοῦ.
1850 4262 1945 4326 cit,
1978 4261 2156 4329 ipsum
2189 4277 2297 4315 non
2330 4261 2584 4317 sustinui.

248 4344 337 4399 20.
354 4342 445 4396 Σοὶ
469 4341 685 4409 δὲλέγω
704 4342 770 4411 τῇ
788 4340 996 4412 διανοίᾳ
1017 4358 1119 4412 μου
1138 4357 1155 4374 ο
1178 4340 1252 4394 Τὸ
1269 4342 1591 4412 ἡγεμονικόν
1612 4358 1713 4413 μου
1728 4355 1748 4375 ο

1920 4346 2010 4402 20.
2050 4345 2171 4401 Tibi
2202 4360 2383 4403 autem
2408 4348 2533 4403 dico
2566 4363 2722 4403 mens
2762 4362 2883 4403 mea
2905 4388 2920 4414 ,
2949 4346 3324 4420 Principatum
3364 4352 3422 4406 in

1853 4450 1940 4489 me
1969 4444 2119 4491 tenes
2149 4456 2162 4490 ε

248 4527 342 4581 21.
367 4525 441 4579 Τὸ
475 4526 591 4597 μετ’
621 4524 755 4597 ἐμοῦ
788 4524 856 4577 τὰ
894 4524 1056 4594 λόγια
1080 4542 1176 4577 τοι)
1209 4525 1345 4578 Θεοῦ
1380 4525 1551 4595 ήδέως
1591 4524 1742 4596 ἕχον·

1620 4540 1742 4596 χον·
1781 4502 1828 4561 Ῑ)
1922 4525 2012 4579 21.
2045 4526 2253 4582 Mecum
2278 4529 2493 4598 eloquia
2518 4528 2609 4583 Dei
2634 4530 2874 4584 suaviter
2896 4530 3104 4586 habens
3133 4548 3150 4587 :

248 4618 341 4674 22.
371 4616 731 4690 Πορευθῶμεν
766 4616 879 4687 ἅμα
912 4618 991 4679 εὶς
1026 4616 1355 4688 προσευχήν.

1925 4618 2012 4669 22.
2048 4618 2245 4673 lvimus
2275 4620 2437 4673 simul
2478 4622 2538 4673 ad
2565 4622 2887 4676 orationem.

245 4710 339 4765 25.
366 4710 478 4763 Καὶ
509 4708 726 4781 ἔρχεται
748 4708 886 4780 ὀργὴ
904 4706 999 4762 τοῦ
1022 4707 1156 4775 Θεοῦ
1186 4710 1278 4762 ἐπὶ
1305 4709 1427 4771 τοὺς
1456 4708 1748 4780 λογισμοὺς

1927 4707 2016 4761 25.
2049 4706 2115 4762 Et
2144 4710 2290 4763 venit
2319 4711 2398 4764 ira
2424 4710 2517 4764 Dei
2549 4727 2714 4781 super
2750 4710 3112 4781 cogitationes
3141 4712 3340 4772 malas.

164 4803 305 4866 τοὺς
331 4798 554 4864 κακούς.

249 4892 341 4948 24.
375 4892 485 4945 Καὶ
522 4891 747 4961 ἀφανεῖς
776 4888 1016 4958 γίνονται
1053 4890 1182 4960 περὶ
1227 4891 1506 4960 χρήματος
1541 4890 1613 4961 (1)
1651 4891 1749 4961 (a).

1596 4891 1613 4961 )
1651 4891 1749 4961 (α),
1929 4884 2019 4939 24.
2055 4883 2121 4937 Et
2160 4894 2490 4939 evanescunt
2522 4886 2575 4938 in
2605 4886 2721 4955 ipso
2747 4901 2931 4941 rerum
2962 4884 3122 4943 usu.'

249 4982 471 5037 25.Ὅτι
487 4981 657 5035 κακία
678 4979 848 5052 πολλὴ
869 4980 925 5034 ὲν
939 4982 1004 5051 τῇ
1028 4979 1243 5053 καρδίᾳ,
1263 4981 1390 5033 ὅταν
1415 4980 1652 5033 οἰκοῦσιν
1673 4977 1751 5052 (2)

1926 4976 2020 5032 25.
2062 4976 2333 5043 Quoniam
2384 4977 2591 5033 malitia
2642 4979 2813 5035 multa
2850 4979 2907 5034 in
2947 4980 3113 5036 corde
3154 4992 3258 5049 est,
3301 4998 3426 5038 cum

162 5078 240 5130 ἒ)
277 5073 435 5143 αὐτῇ.

1858 5066 1965 5138 ipsi
1995 5067 2049 5121 in
2081 5082 2147 5121 eo
2180 5067 2445 5122 habitant.

252 5161 344 5216 26.
368 5159 509 5229 Ἐγὼ
530 5157 878 5231 ἀδικούμενος
901 5158 992 5212 ὑπ’
1008 5159 1188 5212 αὐτῶν
1211 5160 1481 5230 ἁνεὸὀησα
1508 5160 1643 5233 πρὸς
1664 5159 1758 5215 τόν

1929 5157 2019 5212 26.
2053 5158 2165 5226 Ego
2193 5159 2355 5213 laesus
2378 5160 2447 5213 ab
2491 5160 2624 5228 ipsis
2648 5158 2876 5215 clamavi
2906 5161 2973 5216 ad
3013 5161 3204 5227 Deum,
3239 5170 3293 5216 et
3323 5163 3429 5217 Do-

167 5255 339 5319 Θεὸν,
372 5254 516 5307 καὶὸ
543 5252 745 5325 Κύριος
775 5251 1039 5323 ἐϐοήθησέ
1075 5269 1163 5324 μοι
1195 5253 1294 5324 (ὅ).

875 5251 1039 5323 ήθησέ
1075 5269 1163 5324 μοι
1195 5253 1294 5324 (3).
1861 5251 2046 5306 minus
2067 5251 2272 5320 adjuvit
2303 5267 2406 5306 me.

1128 5365 1436 5428 Addenda
1467 5375 1526 5426 et
1559 5365 1933 5445 corrigenda
1967 5384 2051 5428 ex
2082 5367 2222 5429 cod.
2275 5368 2478 5431 Vatic.

280 5518 336 5587 1)
361 5517 604 5572 Γίνονται
637 5515 993 5587 παραχρῆμα.
1714 5566 1729 5573 ,
1929 5510 2010 5587 (5)
2039 5515 2339 5587 Είσήκουσέ
2371 5534 2491 5587 μου.

280 5519 308 5575 1
361 5518 604 5572 Γίνονται
637 5532 711 5569 πα

251 5518 338 5665 ίΞζ
367 5590 711 5660 Οἰκήσουσιν.

255 5730 340 5806 (α)
364 5732 666 5802 Χρήσεως.
726 5726 786 5784 In
818 5726 936 5785 cod.
976 5724 1136 5781 Baib.
1169 5726 1272 5784 boc
1313 5725 1535 5783 verbum
1577 5735 1756 5785 exstat
1793 5727 1848 5784 in
1875 5735 2026 5787 textu
2057 5727 2211 5799 nigra
2237 5726 2433 5785 lineola
2472 5728 2925 5785 subternotatum.
