3876 6220
459 272 564 328 86-7
1322 271 1379 326 S.
1415 265 1790 324 ATHANASII
1830 260 1980 324 0P1".
2024 259 2204 320 PARS.
2243 265 2329 318 lli.
2379 297 2436 306 --
2475 261 2894 318 EXEGETICA.
3645 257 3784 314 863

527 395 624 450 '27.
662 395 913 464 Vespere,
937 404 990 449 et
1015 409 1192 460 mane,
1222 401 1276 448 et
1299 392 1526 446 meridie
1559 391 1820 456 narrabo,

2247 388 2294 440 7.
2331 387 2405 456 (ιι)
2447 387 2736 457 Ἐσπέρας,
2772 387 2865 438 καὶ
2900 383 3066 454 πρωϊ,
3113 385 3208 437 καὶ
3249 381 3610 454 μεσημϐρίας
3673 381 3777 432 δι-

2149 480 2422 549 ηγήσομαι
2443 515 2460 541 ,

531 571 621 626 28.
647 570 713 623 Et
746 569 1100 634 annuntiabo,
1124 579 1178 622 et
1207 569 1459 623 exaudiet
1483 583 1676 622 vocem
1709 582 1912 620 meam.

2244 571 2303 625 ;8.
2321 573 2430 624 Kal
2449 569 2764 638 ἀπαγγελῶ,
2779 569 2874 622 καὶ
2889 568 3266 622 εἰσακούσεται
3281 567 3378 638 τῆς
3393 567 3588 636 φωνῆς
3607 583 3775 636 μου.

533 660 622 714 29.
653 660 900 714 Redimet
935 661 987 712 in
1037 674 1167 728 pace
1207 661 1446 712 animam
1485 672 1660 710 meam
1701 657 1769 710 ab
1807 656 1914 720 his,
1948 655 2042 724 qui

2250 667 2302 720 9.
2331 662 2681 734 Λυτρὼσεται
2715 666 2772 716 ἐν
2803 665 2992 734 εἰρήνῃ
3015 662 3115 732 τὴν
3145 661 3322 731 ψυχήν
3353 679 3454 731 μου
3479 659 3598 714 ἀπὸ
3627 659 3779 713 τῶν

458 752 900 821 appropinquant
925 752 1056 804 mihi
1087 769 1100 805 :

1098 771 1100 804 ε
2146 758 2474 826 ἐγγιζόντων
2506 774 2596 826 μοι
2617 773 2629 786 ⁸

533 842 623 896 50.
656 841 927 908 Quoniam
960 844 1096 896 inter
1130 842 1328 895 multos
1353 846 1508 894 erant
1542 855 1776 904 mecum.

1738 855 1776 904 ἓ·
2215 850 2305 902 50.
2342 849 2470 900 Ὅτε
2500 850 2558 902 ἐν
2591 846 2803 910 πολλοῖς
2829 841 2968 917 ἦσαν
2995 845 3092 898 σὺν
3127 843 3269 915 ἐμοί.

529 932 618 986 51.
652 931 916 986 Exaudict
948 931 1115 995 Deus,
1167 939 1222 986 et
1267 929 1581 984 humiliabit
1621 929 1766 995 illos,
1812 927 1907 998 qui
1959 936 2044 983 est

2244 941 2304 994 il.
2343 939 2734 994 Εἰσακούσεται
2759 941 2790 992 6
2835 938 2996 1002 Θεὸς,
3029 937 3123 990 καὶ
3151 935 3476 990 ταπεινώσει
3503 932 3775 996 αὐτοὺς,

464 1013 594 1075 ante
621 1024 822 1078 saecula

1815 1103 1824 1112 ι
2145 1034 2173 1084 6
2205 1033 2466 1104 ὑπάρχων
2495 1031 2602 1102 πρὸ
2631 1030 2741 1084 τῶν
2765 1030 2999 1084 αἰώνων.

1092 1113 1426 1184 Diapsalma.

2751 1120 2854 1175 Διά
2863 1124 3087 1190 graium

529 1204 622 1259 '52.
645 1202 766 1260 Non
801 1207 944 1260 enim
977 1217 1059 1262 est
1083 1207 1190 1262 illis
1221 1204 1604 1268 commutatio,
1630 1201 1894 1273 quoniam
1933 1215 2040 1254 non

2242 1213 2302 1268 i2.
2331 1213 2405 1266 Οὐ
2436 1213 2544 1284 γάρ
2577 1215 2722 1266 ἐστιν
2747 1214 2930 1275 αὐτοῖς
2967 1211 3340 1281 ἀντάλλαγμα,
3369 1212 3453 1264 ὅτι
3475 1212 3582 1264 οὐκ
3607 1212 3773 1280 ἐφο-

463 1295 764 1352 timucrunt
785 1296 980 1352 Deum.

2143 1303 2389 1374 6ήθησαν
2421 1303 2513 1356 τὸν
2541 1303 2694 1356 Θεόν.

529 1387 617 1442 55.
657 1389 914 1443 Extendit
948 1405 1170 1443 manum
1199 1405 1354 1444 suam
1385 1389 1437 1442 in
1471 1386 1824 1442 retribuendo
1851 1403 1863 1438 :

2232 1398 2302 1451 55.
2356 1395 2619 1460 Ἐξέτεινε
2653 1394 2752 1466 τὴν
2778 1395 2936 1464 χεῖρα
2972 1393 3135 1446 αὐτοῦ
3177 1395 3234 1445 ἐν
3275 1393 3353 1462 τῷ
3395 1391 3763 1448 ἀποδιδόναι.

530 1478 618 1531 54.
652 1479 1183 1532 Contaminaverunt
1211 1488 1599 1532 testamentum
1624 1478 1743 1547 ejus
1773 1494 1790 1530 :

2215 1488 2302 1542 54.
2349 1487 2723 1557 Ἐϐεϐήλωσαν
2756 1489 2854 1556 τὴν
2901 1485 3166 1556 διαθήκην
3199 1484 3393 1536 αὐτοῦ·

529 1571 620 1625 55.
649 1571 820 1626 Divisi
855 1581 982 1628 sunt
1007 1574 1074 1626 ab
1113 1573 1194 1625 ira
1221 1573 1406 1626 vultus
1428 1572 1571 1640 ejus.

2327 1579 2757 1650 Διεμερίσθησαν
2779 1578 2888 1630 ἀπὸ
2909 1577 3076 1648 ὀργῆς
3097 1576 3190 1627 τοῦ
3217 1574 3512 1646 προσώπου
3539 1573 3765 1638 αὑτοῦ,

533 1662 621 1716 56.
659 1662 726 1716 Et
756 1664 1330 1734 appropinquat-erunt
1371 1663 1536 1717 corda
1583 1676 1798 1715 eorum.

1756 1676 1798 1714 ι·
2216 1671 2303 1726 56.
2345 1672 2454 1726 Καὶ
2487 1673 2720 1742 ἤγγισαν
2753 1673 2808 1724 αἱ
2841 1669 3059 1741 καρδίαι
3089 1669 3287 1722 αὐτῶν.

528 1775 614 1829 57.
643 1775 834 1830 Molliti
866 1784 994 1832 sunt
1024 1791 1308 1832 sermones
1338 1791 1530 1830 eorum
1565 1789 1729 1844 super
1753 1772 1958 1838 oleum,

2090 1749 2116 1806 Β
2217 1764 2306 1817 57.
2352 1763 2766 1834 Ἦπαλύνθησαν
2795 1763 2843 1815 οἱ
2870 1761 3016 1830 λόγοι
3047 1761 3228 1814 αὐτῶν
3255 1761 3394 1828 ὑπὲρ
3415 1759 3621 1822 ἔλαιον,

533 1867 620 1922 58.
649 1867 717 1920 Et
747 1868 848 1937 ipsi
880 1877 1009 1924 sunt
1037 1868 1244 1938 jacula.

2218 1855 2308 1910 '58.
2341 1857 2452 1908 Kal
2483 1855 2637 1908 αὐτοί
2671 1855 2778 1908 εἰσι
2809 1853 3029 1924 βολίδες.

533 1957 622 2012 59.
655 1956 810 2013 Jacta
848 1975 1013 2030 super
1043 1959 1334 2014 Dominum
1371 1974 1562 2014 curam
1609 1965 1786 2022 tuam,
1827 1965 1882 2011 et
1924 1955 2042 2025 ipse

2228 1949 2306 2003 59.
2356 1949 2672 2020 Ἐπίρῤιψον
2699 1947 2791 1999 ἐπὶ
2821 1946 3026 2018 Κύριον
3053 1945 3152 2016 τὴν
3182 1943 3453 2016 μέριμναν
3485 1959 3605 2006 σου,
3635 1943 3759 1994 καὶ

463 2060 514 2106 te
541 2050 781 2106 enutriet
807 2070 820 2106 :

2147 2041 2308 2103 αὐτός
2333 2057 2392 2092 τε
2415 2039 2721 2120 διαορέψειδ

533 2139 620 2194 40.
656 2137 776 2194 Non
815 2143 966 2198 dabit
1001 2145 1056 2198 in
1084 2154 1348 2200 aeternum
1382 2141 1790 2198 ﬂuctuationem
1817 2139 1990 2210 justo.

2218 2133 2306 2188 40.
2333 2134 2409 2186 Οὐ
2435 2133 2594 2185 δώσει
2623 2133 2702 2194 εἰς
2727 2131 2816 2184 τὸν
2845 2129 3018 2184 αἰῶνα
3047 2129 3204 2182 σάλον
3229 2128 3306 2199 τῷ
3335 2126 3545 2196 δικαίῳ.

529 2233 616 2286 41.
651 2232 732 2288 Tu
759 2251 908 2302 vero,
941 2237 1106 2302 Deus,
1131 2239 1369 2292 deduces
1397 2253 1494 2292 eos
1529 2238 1584 2290 in
1634 2245 1858 2304 puteum
1903 2231 2042 2284 inte-

2220 2227 2306 2282 41.
2339 2228 2410 2280 Σὺ
2437 2227 2514 2290 δὲ,
2539 2229 2567 2279 6
2599 2225 2754 2291 Θεὸς,
2787 2223 3042 2286 κατάξεις
3073 2221 3269 2284 αὐτοὺς
3297 2224 3376 2284 εἰς
3409 2219 3590 2291 φρέαρ
3617 2217 3751 2271 δια-

465 2325 624 2378 rilus.
1769 2355 1772 2358 .

1769 2355 1772 2358 -
2150 2319 2376 2390 φθορᾶς.

533 2417 621 2472 42.
655 2416 772 2470 Viri
806 2417 1163 2486 sanguinum,
1194 2423 1248 2469 et
1281 2414 1484 2480 dolosi,

2217 2411 2306 2464 £2.
2343 2410 2566 2481 ’Ἄνδρες
2599 2409 2848 2480 αἱμάτων
2887 2408 2980 2460 καὶ
3012 2405 3340 2476 δολιότητος,

531 2509 623 2564 45.
653 2508 774 2564 Νοη
804 2509 1170 2564 dimidiabunt
1201 2508 1318 2564 dies
1353 2523 1507 2563 suos.

2219 2504 2308 2557 45.
2345 2505 2419 2556 Οὐ
2451 2503 2525 2573 μὴ
2555 2503 2892 2574 ἡμισεύσωσι
2921 2500 3019 2564 τὰς
3045 2499 3256 2571 ἠ’μέρας
3287 2497 3485 2551 αὐτῶν.

536 2623 613 2697 (α)
637 2623 790 2680 Vers.
825 2624 916 2690 27,
924 2623 1246 2696 ⁴Ἑσπέρας,
1276 2635 1380 2682 etc.
1415 2623 1730 2693 ἀπαγγελῶ.
1773 2622 1910 2678 Vers
1939 2623 2032 2688 28,

987 2623 1246 2696 Ξσπὲρας,
1276 2635 1380 2682 etc.
1415 2623 1730 2693 ἀπαγγελῶ.
1773 2622 1910 2678 Vers
1939 2623 2032 2688 28,
2073 2621 2185 2676 Καὶ
2219 2623 2383 2687 sica",
2413 2633 2518 2676 etc.

1609 2823 1980 2880 ATHANASII
2025 2819 2604 2876 lNTERPllETATIO.

533 2981 624 3035 27.
660 2981 794 3036 Sine
829 2980 1238 3036 intermissione
1263 2995 1432 3034 orans
1458 2979 1758 3034 conlitebor
1785 2979 1902 3032 tibi.

2215 2977 2305 3030 27.
2346 2977 2666 3040 ’Λπαὺστως
2717 2979 2971 3047 δεόμενος
3003 2978 3081 3048 (1)
3113 2977 3580 3050 ἐξομολογήσομαί
3627 2997 3745 3033 σοι.

534 3073 624 3128 28.
656 3072 724 3127 Et
758 3074 974 3144 quoties
1003 3073 1252 3126 clamabo
1283 3074 1349 3126 ad
1389 3089 1538 3136 eum,
1564 3082 1622 3126 ut
1661 3072 1883 3141 impleat
1913 3071 2049 3141 peti—

2223 3071 2312 3124 28.
2343 3071 2450 3122 Kal
2483 3070 2673 3133 ὁσάκις
2727 3069 2792 3123 ἂν
2822 3071 2897 3140 (2)
2930 3071 3216 3141 ἀναϐοήσω
3244 3071 3379 3142 πρὸς
3401 3073 3565 3125 αὐτὸν
3597 3073 3753 3144 πλη-

463 3164 670 3218 tionem
700 3179 902 3224 meam,
935 3173 988 3218 et
1024 3179 1212 3216 curam
1245 3164 1351 3217 mei
1380 3173 1578 3217 sumet.

2214 3161 2322 3214 ὅσαι
2357 3163 2415 3214 τὸ
2447 3161 2654 3232 αἴτημά
2691 3180 2790 3232 μου
2813 3203 2826 3226 ,
2862 3163 2955 3215 καὶ
2999 3163 3252 3234 πρόνοιάν
3287 3182 3385 3234 μου
3420 3168 3745 3236 ποιήσεται.

535 3255 626 3310 29.
659 3254 932 3309 Liberabit
981 3256 1154 3324 gratia
1205 3271 1301 3312 sua
1342 3257 1582 3309 animam
1618 3269 1792 3308 meam
1833 3253 1902 3307 ab
1944 3253 2050 3306 im-

2221 3251 2308 3304 29.
2347 3251 2694 3321 Λυτρὼσεται
2718 3254 2805 3305 διὰ
2835 3255 2933 3324 τῆς
2962 3255 3183 3324 χάριτος
3213 3255 3376 3308 αὑτοῦ
3409 3256 3508 3326 τὴν
3557 3258 3750 3330 ψυχήν

469 3347 655 3416 probis
686 3347 1136 3414 cogitationibus.

2153 3360 2257 3412 μου
2288 3344 2394 3396 ἀπὸ
2423 3345 2530 3396 τῶν
2559 3345 2810 3416 πονηρῶν
2837 3345 3130 3414 λογισμῶν.

541 3435 629 3491 50.
658 3435 928 3502 Quoniam
964 3436 1151 3488 multa:
1179 3441 1336 3488 erant
1367 3435 1421 3486 in
1451 3437 1615 3486 corde
1656 3447 1810 3487 meo.

2227 3435 2316 3489 50.
2357 3436 2477 3488 ’Ὁτι
2507 3436 2691 3489 πολλοὶ
2723 3433 2863 3507 ἦσαν
2896 3439 2953 3488 ἐν
2987 3440 3054 3508 τῇ
3091 3437 3287 3509 καρδίᾳ.
3331 3455 3457 3508 μου.

539 3527 628 3580 51.
660 3526 1107 3596 Deprecationem
1153 3539 1331 3580 meam
1379 3525 1435 3578 in
1490 3525 1650 3578 linem
1693 3525 1949 3587 adducet,
1996 3533 2052 3577 ct

2223 3528 2314 3582 51.
2345 3527 2438 3589 Εἰς
2466 3527 2635 3598 πέρας
2659 3529 2857 3596 ἀγαγεῖ
2879 3530 2977 3599 τὴν
3004 3529 3185 3600 δέησίν
3211 3547 3311 3599 μου
3338 3531 3432 3583 καὶ
3459 3531 3751 3602 ὑποστρώ-

465 3619 786 3674 Substernet
809 3634 903 3673 eos
931 3619 1157 3688 pedibus
1197 3618 1332 3672 meis
1367 3617 1528 3684 Deus,
1554 3617 1648 3686 qui
1683 3627 1809 3672 ante
1833 3619 1995 3672 saec-ul

1946 3619 2048 3671 ula.
2155 3637 2236 3672 σει
2267 3619 2462 3681 αὐτοὺς
2489 3621 2602 3682 τοῖς
2630 3621 2754 3671 ποσί
2781 3637 2880 3690 μου
2915 3623 2943 3672 6
2976 3619 3298 3690 προαιὼνιος
3323 3620 3477 3684 Θεὸς.

545 3714 634 3768 52.
669 3711 786 3766 Non
821 3713 966 3766 enim
999 3712 1134 3781 ipsis
1171 3721 1376 3781 parcet.

2153 3757 2168 3781 ι
2199 3709 2311 3766 .52.
2339 3711 2412 3762 Οὐ
2447 3709 2557 3780 γὰρ
2589 3712 3002 3782 συγχωρήσεται
3034 3715 3110 3782 (5)
3142 3713 3345 3775 αὐτοῖς.

539 3805 630 3860 55.
666 3803 918 3859 Detinere
956 3819 1044 3858 me
1080 3803 1255 3857 voluit
1297 3803 1575 3864 inimicus,
1613 3817 1740 3856 cum
1789 3816 1877 3855 me
1908 3799 2053 3855 Deus

2225 3802 2314 3855 55.
2340 3803 2650 3872 Κατασχεῖν
2677 3820 2742 3872 με
2767 3801 3029 3871 ἠθέλησεν
3051 3805 3078 3855 6
3102 3803 3294 3875 ἐχθρὸς
3315 3807 3372 3856 ἐν
3391 3803 3472 3876 τῷ
3493 3805 3590 3861 τὸν
3605 3807 3745 3862 Θεὸν

465 3894 730 3949 iiberaret
759 3910 790 3948 a
815 3902 1060 3963 peccato.

2153 3893 2480 3962 λυτροῦσθαι
2516 3894 2712 3962 με’ἀπὸ
2744 3894 2843 3962 τῆς
2869 3896 3160 3966 ἁμαρτίας.

545 3991 633 4046 34.
661 3991 1183 4047 Contaminaverunt
1213 3988 1465 4044 homines
1505 3987 1814 4056 iniquitate.

2225 3985 2314 4038 54.
2353 3985 2648 4056 Ἐμόλυναν
2696 3987 2818 4049 τοὺς
2851 3986 3168 4058 ἀνθρώπους
3215 3989 3304 4042 διὰ
3345 3990 3445 4060 τῆς
3477 3992 3739 4062 ἀνομίας.

470 4195 476 4202 υ
545 4173 636 4230 55.
670 4173 886 4242 Decepti
917 4180 1046 4228 sunt
1071 4171 1319 4227 homines
1349 4187 1380 4227 a
1410 4171 1720 4225 daemonum
1751 4168 1980 4223 malitia.

2225 4161 2314 4215 55.
2344 4161 2734 4233 Ἦπατήθησαν
2763 4163 2809 4214 οἱ
2835 4161 3108 4235 ἄνθρωποι
3142 4165 3249 4218 ἀπὸ
3277 4165 3374 4234 τῆς
3399 4168 3598 4232 κακίας
3627 4169 3741 4222 τῶν

2157 4253 2221 4305 δα
2230 4270 2244 4303 ι
2253 4253 2446 4323 μόνων.

473 4381 478 4388 -
549 4347 638 4404 56.
667 4347 730 4401 Et
753 4346 916 4402 corda
939 4361 1126 4401 eorum
1157 4345 1414 4401 conclusa
1438 4353 1582 4400 sunt.

2080 4347 2131 4405 D
2227 4343 2315 4397 56.
2353 4344 2461 4395 Kal
2499 4345 2952 4416 συνεκλείσθησαν
2979 4347 3034 4399 αἱ
3069 4348 3288 4418 καρδίαι
3310 4349 3501 4404 αὐτῶν.

553 4441 638 4494 57.
667 4439 990 4509 Deceptione
1013 4438 1246 4508 peccati.

2221 4436 2308 4488 '57.
2337 4437 2415 4506 Τῇ
2445 4435 2628 4506 ἀπάτῃ
2654 4438 2750 4506 τῆς
2785 4438 3075 4508 ἁμαρτίας.

551 4533 640 4585 58.
663 4530 942 4598 Tanquam
986 4546 1145 4585 arcus
1175 4529 1374 4584 sublati
1401 4537 1530 4583 sunt
1556 4528 1626 4581 ab
1649 4528 1788 4596 ipso.

2221 4527 2310 4579 58.
2355 4527 2442 4589 Ὠς
2471 4526 2620 4591 τόξον
2653 4528 2968 4599 ἐπάρθησαν
3001 4531 3094 4582 ἀπ’
3125 4529 3290 4584 αὐτοῦ

551 4621 641 4674 59.
675 4619 971 4690 Deprecare
997 4617 1308 4683 Dominum,
1331 4627 1384 4672 et
1411 4617 1526 4686 ipse
1555 4627 1606 4670 te
1634 4615 1954 4669 viviliralnt.

2221 4619 2311 4673 59.
2333 4620 2562 4690 Δεήθητι
2590 4621 2683 4674 τοῦ
2713 4623 2952 4693 Κυρίου,
2984 4623 3077 4675 καὶ
3105 4623 3266 4686 αὐτός
3292 4641 3350 4678 σε
3379 4626 3733 4699 ζωοποιήσει.

557 4711 640 4766 40.
665 4707 785 4764 Non
811 4711 1046 4780 patietur
1069 4725 1311 4778 unquam
1343 4709 1540 4762 tentari
1561 4708 1772 4777 justum
1808 4705 1856 4737 '”

2229 4709 2315 4760 40.
2346 4711 2458 4762 Οὐκ
2488 4710 2636 4762 ἐάσει
2667 4713 2796 4764 ποτὲ
2835 4713 3191 4784 πειρασθῆναι
3213 4715 3305 4768 τὸν
3325 4717 3551 4776 δίκαιον.

557 4801 642 4856 41.
671 4801 728 4854 In
758 4799 941 4856 futuro
968 4803 1170 4857 saeculo
1197 4803 1498 4856 daemones.
1791 4803 1800 4819 ’

2235 4797 2326 4852 41.
2354 4799 2444 4851 Ἐν
2476 4799 2554 4870 τῷ
2587 4801 2830 4871 μέλλοντι
2860 4803 3015 4856 αἰῶνι
3039 4805 3166 4866 τοὺς
3196 4805 3473 4877 δαίμονας.

553 4893 643 4947 42.
676 4892 886 4947 inimici
909 4901 1224 4962 potestates.
1657 4937 1680 4966 ε

1657 4937 1680 4966 ε
2234 4889 2322 4944 42.
2365 4891 2430 4943 Αἱ
2465 4891 2558 4943 τοῦ
2594 4893 2786 4964 ἐχθροῦ
2821 4895 3097 4964 δυνάμεις.

549 4981 640 5037 45.
669 4981 837 5036 Erant
875 4984 1020 5037 enim
1041 4985 1415 5048 immortales;
1453 4986 1732 5040 tradentur
1765 4996 1948 5041 autem
1999 4989 2053 5042 in

2232 4982 2320 5035 45.
2351 4979 2532 5035 Ἦσαν
2562 4984 2670 5054 γὰρ
2715 4985 2974 5039 ἀθάνατοι
2998 5004 3012 5017 ⁸
3059 4989 3524 5061 παραδοθήσονται
3567 4993 3628 5047 δὲ
3661 4997 3738 5063 εἰς

484 5073 669 5144 ignem
696 5083 960 5128 aeternum
983 5075 1116 5144 ipsis
1138 5085 1520 5145 praeparatum.
1967 5111 1972 5116 -

1967 5111 1972 5116 -
2163 5079 2221 5132 τὸ
2247 5080 2360 5153 πῦρ
2387 5081 2446 5134 τὸ
2473 5080 2708 5148 αἰώνιον,
2743 5083 2804 5136 τὸ
2831 5086 3230 5157 ἡτοιμασμένον
3271 5087 3473 5150 αὐτοῖς.

557 5229 603 5264 ¹¹
639 5228 662 5284 1
693 5229 820 5284 Cor.
851 5245 906 5296 ι,
937 5229 1026 5285 15.

1433 5349 1742 5411 Addenda
1780 5357 1842 5410 et
1897 5348 2276 5428 corrigenda
2305 5366 2382 5410 ex
2409 5348 2552 5410 cod.
2585 5349 2786 5411 Vatic.

555 5511 641 5650 £1)
673 5511 741 5564 Δὲ
777 5512 1050 5584 ἐσόμενος.
1099 5565 1102 5570 ,
2239 5513 2314 5581 (5)
2341 5513 2854 5585 Συγχωρηθήσεται.

584 5581 639 5650 2)
677 5581 788 5634 ’Λν
819 5585 968 5637 deest
1001 5583 1200 5650 :paulo
1231 5593 1372 5650 post,
1413 5583 1620 5650 αἴτημά
1652 5603 1765 5650 σου,
1799 5585 1895 5640 καὶ
1925 5582 2060 5650 πρό-
2165 5586 2188 5643 ξ
2238 5585 2314 5650 (4)
2341 5585 2429 5637 Ἑν
2453 5585 2654 5648 αὐτοῖς.

584 5581 639 5650 2)
677 5581 788 5656 ’ᾼν
811 5581 968 5656 deest
1001 5583 1200 5652 :paulo
1231 5593 1372 5654 post,
1413 5583 1620 5656 αἴτημά
1652 5603 1765 5652 σου,
1799 5585 1895 5640 καὶ
1925 5582 2060 5654 πρό-

1125 5583 1200 5638 Ilo
1231 5593 1372 5654 post,
1413 5583 1620 5656 αἴτημά
1652 5603 1765 5652 σου,
1799 5585 1895 5640 καὶ
1925 5582 2060 5654 πρό-
2165 5586 2188 5643 ξ
2238 5585 2314 5654 (4)
2341 5585 2429 5637 Ἑν
2453 5581 2653 5648 αὺὲοῖς.

489 5666 640 5706 νοιαν
675 5652 838 5726 αὐτοῦ
868 5656 1178 5725 ποιήσηται.
