3876 6220
455 281 558 336 871
1307 279 1366 334 S.
1406 277 1784 334 ATHANASII
1824 277 1974 334 ΟΡΡ.
2015 277 2198 333 PARS
2239 275 2324 330 111.
2370 295 2438 317 έ--
2477 273 2896 332 ΕΧΕΕΕΤᾸᾺ.
3271 295 3278 300 ·
3651 269 3776 330 θ’ἶΞ

527 403 616 458 11.
673 401 1080 470 lnbabitabunt,
1116 412 1170 458 et
1197 403 1538 458 abscondent
1565 421 1578 458 :

2069 415 2120 470 Δ
2221 405 2308 460 11.
2351 405 2777 474 Παροικήσουσι,
2805 406 2900 458 καὶ
2923 405 3403 476 κατακρύψουσιν⁸

528 494 616 550 12.
667 494 778 566 Ipsi
813 498 1128 552 calcaneum
1161 513 1342 552 meum
1376 497 1770 559 observabunt,

2223 495 2308 550 12.
2351 497 2514 550 Αὐτοὶ
2537 497 2635 566 τὴν
2666 497 2902 570 πτέρναν
2935 517 3038 568 μου
3075 499 3395 568 φυλάξουσι,

525 587 614 643 15.
659 589 814 643 Sicut
847 591 1229 645 sustinuerunt
1264 591 1505 644 animam
1557 606 1755 646 meam.

2218 591 2304 643 15.
2347 589 2613 660 Καθάπερ
2641 590 2946 659 ὑπέμειναν
2976 592 3078 662 τὴν
3103 591 3286 662 ψυχήν
3321 609 3443 662 μου.

535 677 626 734 14.
673 675 781 731 Pro
819 679 993 732 nihilo
1025 680 1205 734 salvos
1241 677 1411 734 facies
1443 680 1568 736 illos

2221 683 2306 735 14.
2337 682 2507 752 ’Υπὲρ
2541 681 2634 734 τοῦ
2669 681 2899 752 μηδενὸς
2933 683 3129 746 σώσεις
3155 683 3351 747 αὐτούς

533 765 624 822 15.
674 765 734 820 In
771 769 851 822 ira
893 770 1126 838 populos
1165 770 1502 837 conl'ringcs.

2221 774 2308 826 15.
2334 775 2422 826 Ἐν
2457 775 2592 845 ὀργῇ
2625 775 2789 836 λαοὺς
2817 773 3093 838 κατάξεις.

524 861 613 916 16.
661 861 828 930 Deus,
857 864 1024 918 vitam
1055 879 1234 918 meam
1269 864 1592 918 annuntiavi
1617 865 1711 918 tibi
1743 883 1757 921 :

2217 863 2304 917 16.
2337 867 2392 916 '0
2427 865 2578 928 Θεὸς,
2617 863 2714 935 τὴν
2749 864 2898 936 ζωήν
2931 883 3032 936 μου
3069 865 3364 937 ἐξήγγειλά
3395 883 3478 920 σοι
3503 880 3515 892 “

524 951 613 1009 17.
675 954 916 1011 Posuisti
955 956 1226 1026 lacrymas
1277 971 1429 1010 meas
1481 955 1536 1008 in
1576 965 1878 1026 conspectu
1921 967 2039 1023 tuo,

2235 955 2492 1010 ΓἹ.¹ἘΟου
2523 957 2591 1010 τὰ
2623 957 2836 1028 δάκρυά
2867 975 2970 1026 μου
3006 956 3235 1011 ἐνώπιόν
3268 975 3386 1024 σου,
3415 959 3494 1024 ὡς
3545 960 3652 1014 καὶ
3703 961 3766 1016 ιθ

447 1048 598 1106 sicut
629 1057 684 1102 et
719 1050 775 1102 in
810 1049 1180 1118 promissione
1213 1058 1332 1102 tua.

1162 1063 1180 1102 δ
1213 1058 1332 1102 tua.
2143 1051 2209 1119 τῇ
2244 1049 2547 1120 ἐπαγγελίᾳ
2579 1067 2693 1102 σου.

534 1140 624 1196 18.
673 1143 1076 1197 Convertcntur
1105 1143 1316 1196 inimici
1348 1143 1454 1196 mei
1485 1151 1790 1196 retrorsum
1819 1161 1833 1198 :

2217 1140 2304 1194 18.
2339 1142 2792 1212 Ἐπιστρέψουσιν
2819 1144 2868 1194 οἱ
2897 1141 3082 1212 ἐχθροί
3115 1160 3216 1214 μου
3245 1145 3326 1206 εἰς
3353 1145 3424 1197 τὰ
3455 1145 3673 1198 ὀπίσω·

523 1234 612 1288 19.
669 1234 730 1288 ln
773 1249 1103 1304 quacunque
1131 1233 1220 1288 die
1251 1235 1579 1288 invocavero
1623 1243 1675 1288 te

2218 1233 2303 1287 19.
2337 1234 2423 1284 Ἐν
2521 1233 2586 1286 ἂν
2615 1234 2802 1304 ἡμέρᾳ
2831 1235 3250 1305 ὲπικαλέσωμαί
3281 1252 3341 1288 σε

521 1325 616 1382 20.
667 1325 808 1380 Ecce
841 1325 1074 1394 cognovi
1110 1331 1372 1396 quoniam
1401 1325 1544 1380 Deus
1579 1341 1738 1382 meus
1769 1341 1828 1380 es
1861 1335 1940 1381 tu.

1769 1341 1828 1380 es
1861 1335 1940 1381 tu.
2212 1325 2304 1380 20.
2337 1326 2466 1378 Ἰδοὺ
2501 1325 2694 1392 ἔγνων,
2723 1326 2804 1378 δτι
2838 1326 2971 1389 Θεός
3007 1343 3106 1396 μου
3135 1323 3186 1378 εἴ
3209 1326 3293 1380 σύ.

521 1421 614 1476 21.
659 1420 718 1474 In
751 1420 862 1474 Deo
889 1421 1128 1474 laudabo
1157 1421 1410 1482 verbum,

2211 1416 2300 1468 21.
2333 1415 2456 1468 Ἐπὶ
2495 1415 2574 1486 τῷ
2613 1415 2733 1486 Θεῷ
2761 1417 2960 1469 αἰνέσω
2993 1417 3167 1488 ῥῆμα,

521 1512 612 1566 22.
663 1511 722 1566 In
763 1511 998 1566 Domino
1035 1511 1272 1566 laudabo
1309 1527 1644 1566 sermonem.

2216 1507 2306 1560 22.
2340 1509 2462 1560 Ἐπὶ
2501 1507 2576 1577 τῷ
2615 1508 2806 1579 Κυρίῳ
2843 1509 3044 1561 αἰνέσω
3079 1509 3255 1578 λόγον.

521 1603 613 1659 23.
669 1604 726 1658 ln
787 1605 906 1664 Deo
949 1605 1190 1674 speravi,
1247 1621 1356 1660 non
1421 1606 1624 1659 timebo
1679 1603 1810 1674 quid
1872 1604 2038 1660 faciat

2222 1599 2300 1654 23.
2331 1599 2454 1652 Ἐπὶ
2491 1599 2568 1670 τῷ
2605 1599 2725 1670 Θεῷ
2746 1601 2970 1670 ἤλπισα,
2991 1601 3052 1654 οὑ
3077 1601 3483 1672 φοϐηθήσομαισ
3503 1603 3556 1658 τί
3581 1607 3753 1677 ποιή-

451 1698 588 1753 milii
625 1699 813 1752 homo.

2065 1711 2110 1764 Β
2141 1708 2222 1744 σει
2261 1707 2352 1760 μοι
2381 1689 2703 1760 ἄνθρωπος;

535 1781 626 1835 24.
647 1783 707 1834 In
728 1795 834 1848 me,
855 1773 1022 1850 Deus,
1037 1793 1187 1850 vota,
1205 1800 1326 1856 quae
1339 1785 1556 1842 reddam
1569 1783 1894 1846 laudationis
1913 1797 2043 1844 tuae.

2221 1785 2405 1838 21-.‘Ev
2424 1783 2568 1854 ἐμοὶ,
2583 1783 2610 1833 ὁ
2626 1781 2778 1846 Θεὸς,
2793 1781 2970 1850 εὐχαὶ,
2989 1778 3052 1840 ἂς
3063 1777 3324 1832 ἀποδώσω
3341 1777 3749 1840 αἱνέσεώςσω.

537 1875 628 1930 25.
657 1875 929 1942 Quoniam
955 1877 1204 1947 eripuisti
1241 1879 1478 1932 animam
1509 1894 1682 1934 meam
1723 1882 1792 1938 de
1845 1889 2042 1945 morte,

1971 1889 2042 1945 te,
2221 1879 2310 1931 25.
2339 1878 2458 1930 ’Ότι
2481 1875 2698 1948 ἐρῤύσω
2719 1874 2814 1944 τὴν
2833 1874 3011 1944 ψυχήν
3037 1890 3136 1942 μου
3161 1873 3226 1924 ἐκ
3247 1871 3499 1936 θανάτου,

537 1968 630 2022 215.
665 1965 867 2022 Oculos
901 1984 1051 2023 meos
1075 1985 1106 2022 a
1134 1969 1411 2038 lacrymis,

2222 1969 2310 2022 26.
2342 1970 2481 2032 Τοὺς
2503 1965 2812 2037 ὀφθαλμούς
2845 1983 2944 2036 μου
2969 1965 3076 2018 ἀπὸ
3106 1963 3377 2034 δακρύων,

539 2057 628 2111 27.
659 2055 724 2110 Et
749 2059 912 2126 pedes
943 2072 1096 2112 meos
1130 2058 1196 2111 de
1231 2057 1406 2126 lapsu.

2227 2063 2318 2115 27.
2357 2061 2466 2114 Καὶ
2493 2061 2620 2124 τοὺς
2655 2059 2819 2120 πόδας
2853 2075 2954 2126 μου
2978 2057 3084 2109 ἀπὸ
3111 2057 3493 2127 ὀλισθήματος.

459 2146 466 2150 ’
537 2150 626 2204 28.
653 2149 886 2205 Plaeebo
917 2166 1100 2205 coram
1141 2149 1372 2206 Domino
1406 2153 1458 2205 in
1493 2153 1698 2208 lumine
1723 2153 1990 2208 viventiur

2228 2155 2318 2210 28.
2347 2155 2714 2225 Εὑαρεστήσω
2741 2151 2968 2204 ἐνώπιον
2999 2152 3202 2223 Κυρίου
3232 2154 3288 2204 ἐν
3325 2153 3464 2219 φωτὶ
3495 2150 3745 2214 ζώντων.

471 2259 536 2313 1η
567 2263 758 2334 ﬁnem,_
778 2277 839 2314 ne
868 2261 1166 2334 disperdas,
1205 2260 1411 2334 David.
1449 2263 1522 2334 ἱηΔ
1551 2263 1697 2316 tituli
1741 2265 2002 2332 inscriptic

2214 2269 2260 2332 ῐς
2294 2265 2358 2318 τὸ
2387 2265 2582 2330 τέλος,
2611 2265 2696 2334 μὴ
2729 2265 3104 2334 διαφθείρῃς,
3125 2263 3216 2334 ,τῷ
3242 2265 3438 2326 Δαϐὶδ,
3467 2267 3556 2329 εἰς
3589 2281 3745 2328 στη-

542 2331 987 2404 ῃρῃιηϐιιῃε-ἰρεε
1015 2331 1216 2400 fugeret
1245 2347 1278 2384 α
1303 2333 1442 2400 [acie
1485 2331 1616 2386 Saul
1633 2336 1688 2388 in
1719 2331 2042 2404 speluncam.

2223 2331 2710 2404 λοππιςρίανίὲν
2757 2331 2843 2398 τῷ
2877 2336 3066 2386 αὐτὸν
3105 2333 3578 2400 ἀποδιδράσκειν
3619 2335 3749 2386 ἀπὸ

537 2401 744 2456 ΡδΑι.
784 2399 940 2454 LVI.
1082 2399 1091 2400 ί
1306 2399 1311 2400 ⁷
1745 2399 1755 2404 ’
2227 2399 2554 2474 πρὶῖσὼπου
2581 2405 2782 2458 Σαοὺλ
2819 2407 2906 2468 εἰς
2933 2404 2996 2456 τὸ
3027 2399 3351 2468 σπήλαιωῇ
3387 2407 3563 2460 ΨΑΛ.
3595 2407 3752 2471 NT.

539 2515 592 2568 1.
625 2513 882 2568 Miserere
911 2515 1039 2578 mei,
1073 2514 1236 2579 Deus,
1267 2514 1527 2570 miserere
1551 2515 1658 2570 mei
1695 2533 1710 2568 :

2227 2519 2278 2574 1.
2331 2515 2582 2587 Ἐλέησόν
2612 2535 2700 2588 με,
2735 2520 2764 2570 ὁ
2789 2518 2938 2582 Θεὸς,
2967 2519 3187 2588 ἐλέησόν
3217 2535 3310 2588 με·

537 2607 592 2685 2.
623 2607 892 2674 Quoniam
917 2609 970 2663 in
999 2617 1063 2690 te,
1080 2609 1302 2666 conlidit
1328 2611 1509 2665 anima
1533 2625 1672 2664 mea.

2225 2610 2280 2664 2.
2325 2610 2447 2662 Ὅτι
2473 2611 2564 2662 ἐπὶ
2599 2610 2680 2662 σοὶ
2709 2609 2967 2663 πέποιθεν
2995 2613 3029 2680 ἡ
3061 2610 3206 2681 ψυχή
3229 2627 3353 2680 μου.

1593 2719 1968 2774 ATHANASII
2007 2715 2602 2774 INTERPRETATIO.

555 2826 642 2883 11.
697 2827 1102 2899 Exspectabunt
1141 2845 1196 2889 et
1227 2837 1598 2892 observabunt
1641 2838 1921 2893 ouomodo
1965 2848 2086 2891 met

2234 2834 2312 2887 11.
2355 2835 2738 2906 Παραμενοῦσι
2781 2836 2876 2888 καὶ
2928 2837 3228 2906 τηρήσουσι
3261 2835 3323 2890 τὸ
3357 2838 3475 2901 πῶς
3518 2841 3765 2894 mimici

469 2920 958 2989 comprehendant.
2167 2943 2255 2996 με.

545 3011 634 3066 12.
685 3011 1016 3083 Exspectant
1049 3015 1402 3085 supplantare
1453 3031 1558 3070 me.

1547 3055 1558 3068 .
2239 3017 2322 3070 12.
2357 3017 2696 3088 Ἐκδέχονται
2728 3017 2970 3072 σκελίσαι
3008 3037 3073 3089 με

542 3105 632 3171 15,
679 3107 766 3161 14.
815 3106 1102 3172 Quomodo
1149 3111 1250 3179 ipsi
1293 3119 1614 3180 exspectant
1655 3119 1715 3164 ut
1749 3110 2060 3180 importune

2237 3109 2322 3172 15,
2354 3110 2440 3162 11.
2473 3111 2558 3173 Ὠς
2593 3113 2746 3164 αὐτοὶ
2791 3112 3102 3181 ἐκδέχονται
3151 3113 3418 3166 ἀπολέσαι
3451 3115 3552 3186 τὴν
3579 3115 3767 3190 ψυχήν

470 3195 702 3265 perdant
733 3200 974 3253 animam
1005 3215 1204 3266 meam,
1237 3201 1354 3270 ipse
1378 3217 1474 3257 eos
1497 3202 1714 3272 deiecit.

2165 3217 2267 3270 μου
2307 3201 2572 3271 ἀκαίρως,
2609 3202 2769 3264 αὐτὸς
2797 3201 3095 3255 κατέϐαλεν
3133 3205 3208 3274 (1)
3239 3205 3453 3268 αὐτούς.

546 3289 634 3344 15.
683 3289 888 3346 Eorum
945 3293 1374 3350 multitudinem.

1366 3336 1374 3348 ,
2237 3293 2324 3346 15.
2367 3294 2438 3345 Τὸ
2467 3294 2668 3363 πλῆθος
2699 3295 2897 3350 αὐτῶν.

541 3384 634 3440 16.
667 3385 908 3442 Primam
927 3404 1104 3443 meam
1125 3389 1600 3445 conversationem
1620 3389 1911 3446 confessus
1933 3405 2058 3446 sum

2236 3385 2320 3438 15.
2363 3385 2472 3455 Τὴν
2503 3387 2774 3458 προτέραν
2813 3403 2913 3458 μου
2947 3389 3297 3463 ἀναστροφὴν
3335 3391 3767 3464 ὲξωμολογησὰ-

467 3477 591 3533 tibi.

2163 3495 2273 3548 μην
2305 3493 2384 3530 σοι
2415 3477 2513 3546 (2).

543 3571 632 3627 17.
683 3570 808 3641 ipse
849 3577 1030 3625 autem
1063 3569 1224 3626 eﬂ'udi
1257 3570 1553 3642 lacrymas,
1585 3568 2056 3640 quemadmodum

2235 3568 2320 3621 17.
2351 3569 2521 3632 Αὐτὸς
2549 3569 2604 3622 δὲ
2631 3569 2871 3634 ἐξέδωκα
2909 3571 2978 3624 τὰ
3014 3569 3246 3644 δάκρυα,
3281 3571 3470 3636 καθὼς
3493 3573 3763 3646 ἐπηγγεί-

467 3663 804 3720 denuntiasti
833 3663 1227 3732 pceniteutibus
1269 3671 1331 3716 ut
1363 3663 1629 3719 lacerent.

1628 3707 1629 3714 η
2159 3659 2332 3730 λαμεν
2367 3661 2443 3730 (3)
2477 3663 2590 3724 τοῖς
2621 3662 2940 3732 μετανοοῢσι
2970 3667 3159 3718 ποιεῖν.

531 3755 624 3810 18.
679 3753 958 3809 Recedent
989 3754 1265 3809 daemones
1300 3753 1540 3808 confusi.

2237 3751 2320 3805 18.
2343 3752 2816 3824 Ἀναχωρήσουσιν
2841 3755 2888 3806 οἱ
2917 3755 3172 3826 δαίμονες
3201 3757 3615 3828 αἰσχυνόμενοι.

539 3849 628 3904 19.
679 3846 759 3902 Ex
793 3863 858 3902 ea
891 3848 998 3910 die,
1027 3863 1135 3918 qua
1165 3853 1219 3902 te
1244 3847 1518 3902 invocavi.

2233 3845 2318 3898 19.
2340 3845 2456 3912 Ἀφ’
2481 3841 2548 3916 ἦς
2573 3845 2786 3917 ἡμέρας
2821 3848 3240 3919 ὲπεκαλεσάμην
3267 3865 3345 3902 σε.

537 3941 631 3996 20.
677 3939 938 4008 Cognovi,
971 3939 1118 4010 quod
1147 3939 1290 3994 Deus
1323 3957 1476 3994 meus
1507 3955 1565 3996 es
1597 3949 1678 3994 tu.

1640 3955 1678 3994 ι.
2225 3937 2318 3992 20.
2339 3937 2571 4003 Ἔγνων,
2607 3939 2688 3990 ὅτι
2713 3939 2844 4002 Θεός
2883 3957 2983 4009 μου
3007 3938 3059 3992 εἷ
3087 3941 3171 3994 σύ.

537 4035 628 4088 21.
679 4034 736 4088 In
769 4033 898 4098 Deo,
932 4033 1086 4098 dicit,
1113 4033 1392 4104 gloriabor

2227 4027 2464 4082 21.Ἐπὶ
2503 4031 2580 4102 τῷ
2609 4031 2750 4100 Θεῷ,
2786 4032 2956 4100 λέγει,
2985 4035 3352 4105 καυχήσομαι.

537 4127 630 4181 22.
683 4123 998 4180 Orationem
1047 4139 1250 4180 meam.

2087 4184 2125 4194 _
2227 4120 2318 4174 22.
2363 4122 2472 4194 Τὴν
2503 4123 2669 4194 εὐχήν
2709 4141 2831 4194 μου.

545 4219 637 4273 25.
691 4217 832 4283 Quid
861 4216 1024 4272 faciat
1057 4217 1190 4270 mihi
1226 4215 1514 4270 diabolus?

2087 4184 2132 4238 Ῑ)
2227 4213 2320 4267 25.
2363 4184 2674 4286 Τίποιξσει
2706 4184 2795 4287 μοι
2827 4219 2854 4269 ὁ
2883 4216 3161 4284 διάϐολοςὶ

537 4310 628 4365 21.
685 4307 1110 4373 Perinanebunt,
1141 4307 1391 4372 Domine,
1424 4307 1724 4378 gratiarum
1774 4305 2048 4372 actiones,

2232 4305 2318 4358 24.
2362 4307 2706 4377 Διαμενοῦσι,
2757 4309 2955 4381 Κύριε,
2992 4313 3046 4363 αἱ
3089 4311 3452 4384 εὐχαριστίαι,
3505 4313 3576 4378 ἃς
3621 4311 3763 4372 ἄπο-

465 4419 608 4476 quas
663 4401 885 4456 reddam
937 4401 1121 4470 gloriae
1167 4411 1294 4457 tuae.

1196 4415 1294 4457 uae,
2160 4395 2316 4449 δώσω
2345 4402 2410 4468 τῇ
2444 4399 2572 4472 δόξῃ
2611 4417 2727 4454 σου.

539 4497 632 4552 25.
683 4496 728 4548 A
779 4504 1028 4564 peccato.

2229 4489 2320 4542 25.
2343 4489 2438 4541 Ἐκ
2465 4493 2562 4562 τῆς
2591 4493 2885 4564 ἁμαρτίας.

539 4589 631 4644 26.
681 4589 728 4642 Α
769 4586 1134 4642 daemonibus.

2227 4581 2317 4634 26.
2337 4581 2472 4634 Ἀπὸ
2497 4583 2606 4636 τῶν
2641 4585 2934 4656 δαιμόνων.

535 4681 626 4736 27.
681 4681 728 4734 Α
753 4696 906 4736 casu.

2223 4673 2316 4726 27.
2335 4675 2468 4727 Ἀπὸ
2493 4677 2803 4747 πτώματος.

536 4773 629 4828 28.
678 4769 895 4828 Gratias
923 4783 1080 4837 agam
1119 4763 1350 4820 Domino
1379 4761 1432 4817 in
1463 4761 1568 4816 viis
1613 4771 1954 4818 sanctorum.

2229 4763 2316 4817 28.
2355 4765 2749 4839 Εὐχαριστήσω
2779 4769 2853 4840 (4)
2887 4769 2964 4841 τῷ
2997 4771 3187 4843 Κυρίῳ
3213 4773 3269 4826 ἐν
3305 4777 3425 4838 ταῖς
3457 4775 3600 4842 ὁδοῖς
3639 4777 3753 4835 τῶν

2161 4855 2350 4922 ἁγίων.

551 4951 618 5006 Ἦ
643 4951 978 5024 προκειμένη
1017 4945 1297 5018 ἐπιγραφὴ
1329 4943 1570 5015 περιέχει
1595 4941 1704 5012 (5)·
1739 4945 1844 5008 Εὶς
1871 4943 1936 4995 τὸ
1971 4947 2149 5012 τέλος
2173 4947 2258 5016 μὴ
2293 4949 2660 5020 διαφθείρῃς.
2697 4951 2778 5019 τῷ
2817 4953 3011 5020 Δαϐὶδ,
3047 4960 3133 5023 εὶς
3176 4961 3659 5030 στηλογραφίαν,
3690 4965 3758 5018 ἐν

543 5046 759 5104 Titulus
791 5045 1114 5117 praepositus
1140 5043 1384 5096 continet
1418 5059 1430 5092 :
1471 5037 1536 5091 In
1580 5038 1739 5106 ﬁnem
1797 5055 1858 5090 ne
1895 5054 2228 5111 corrumpas,
2279 5043 2465 5104 David,
2495 5048 2547 5098 in
2577 5047 2719 5100 tituli
2764 5049 3181 5118 inscriptionem,
3213 5068 3328 5104 cum
3355 5053 3462 5120 ipse
3485 5055 3698 5124 fugeret
3723 5073 3756 5108 α

548 5149 597 5214 1,
634 5147 689 5200 2.
725 5145 991 5214 Deprecor
1019 5153 1090 5206 te,
1123 5139 1289 5204 Deus,
1334 5137 1594 5191 miserere
1620 5135 1748 5198 mei,
1780 5135 2048 5204 quoniam

2230 5139 2281 5203 1,
2307 5141 2362 5192 2.
2419 5141 2619 5210 Δέομαί
2673 5159 2786 5206 σου,
2823 5145 2852 5194 ὁ
2897 5143 3048 5210 Θεὸς,
3077 5144 3300 5216 ἐλέησόν
3339 5164 3428 5217 με,
3455 5149 3539 5200 δτι
3585 5149 3755 5204 πεπί-

470 5242 671 5300 ooulidi
703 5241 757 5293 in
791 5249 862 5306 te,
893 5237 1022 5307 quia
1053 5233 1369 5290 misericors
1401 5247 1479 5286 es.

1465 5272 1479 5285 .
2162 5231 2363 5286 στευκὰ
2399 5250 2502 5299 σοι,
2527 5235 2608 5288 ὅτι
2640 5234 2890 5306 ἐλεήμων
2928 5231 2996 5289 ei.

1426 5345 1738 5410 Addenda
1771 5353 1832 5410 et
1876 5349 2258 5428 corrigenda
2305 5368 2384 5412 ex
2415 5353 2559 5415 cod.
2585 5353 2790 5414 Vatia.

541 5489 619 5562 (1)
659 5486 971 5562 Κατάϐαλε.
1021 5557 1048 5562 __
1299 5553 1309 5560 _
2159 5553 2168 5562 _
2233 5480 2736 5562 Eiigpscgﬁam.

543 5552 622 5630 (πί)
663 5559 762 5610 Σου
814 5559 900 5610 sc'l
930 5557 1113 5608 melius
1147 5553 1309 5630 ποίης
2159 5553 2168 5585 ¹
2233 5553 2308 5624 (5)
2334 5554 2398 5606 ’11
2425 5553 2512 5606 διὰ
2541 5554 2638 5624 τῆς
2675 5552 3042 5624 κινναϐάρεως
3079 5569 3204 5624 περ.

541 5621 620 5682 ἱῦἱ
642 5629 872 5688 Ἐξὲδωκ
886 5645 1008 5690 ις...
1041 5621 1370 5696 ἐπηγγείλω.
