3876 6220
155 334 283 389 873
610 393 619 417 ι
1068 327 1157 383 DE
1199 326 1475 387 TlTULlS
1516 327 1960 390 PSALMORUM.
2004 366 2074 377 --
2116 334 2313 393 PSAL.
2358 332 2493 394 LVI.
3332 346 3435 401 37.;

235 452 298 506 ὅ.
340 452 451 504 Kal
478 452 536 503 ἐν
565 451 633 521 τῇ
672 451 802 520 σκιᾷ
833 447 941 503 τῶν
972 448 1264 520 πτερύγων
1297 466 1391 503 σου
1424 450 1615 515 ὲλπιῶ,

1790 463 1837 517 Λ
1950 456 2002 510 5.
2056 454 2122 509 Ει
2147 456 2201 509 in
2236 457 2429 511 umbra
2468 458 2681 511 alarum
2713 466 2929 513 tuarum
2958 459 3206 530 sperabo,

232 540 295 595 4.
316 540 460 603 Ἕως
487 536 549 594 οὗ
584 539 827 611 παρέλθῃ
855 542 889 611 ἡ
917 540 1141 611 ἀνομία.

1935 548 1987 601 4.
2044 547 2227 602 Donec
2269 556 2511 603 transeat
2548 549 2835 618 iniquitas.

237 632 295 685 5.
338 632 694 703 Κεκράξομαι
726 632 861 703 πρὸς
893 632 986 686 τὸν
1016 632 1148 685 Θεὸν
1175 633 1267 686 τὸν
1295 631 1539 703 ὕψιστον,

1483 650 1539 697 ιν,
1936 638 1988 691 5.
2033 638 2294 693 Clamabo
2325 641 2391 694 ad
2422 639 2591 695 Deum
2635 640 2963 697 altissimum
3000 662 3014 697 :

237 721 295 775 6.
338 723 441 775 Τὸν
469 724 603 776 Θεὸν
627 723 719 777 τὸν
746 725 1189 796 εὐεργετήσαντά
1222 742 1310 796 με.

1285 747 1310 779 ι.
1935 728 1987 783 6.
2044 727 2212 783 Deum
2238 728 2332 797 qui
2359 729 2629 785 benefecit
2662 732 2816 786 mibi.

242 813 295 865 7.
326 812 733 878 Ἑξαπέστειλεν
764 815 825 878 ἐξ
855 814 1104 886 ούρανοῦ,
1134 817 1229 870 καὶ
1262 815 1433 869 ἔσωσέ
1462 833 1559 887 με·

1498 833 1559 869 ,ε’
1938 820 1988 873 7.
2043 818 2187 875 Misit
2217 820 2284 875 de
2317 822 2478 886 cmlo,
2513 830 2566 877 et
2604 823 2855 879 liberavit
2895 840 2981 879 me
3017 843 3029 879 :

239 904 294 958 8.
316 906 556 960 Ἔδωκεν
584 908 663 969 εἰς
693 906 893 970 ὖνειδος
919 910 1045 971 τοὺς
1079 908 1531 972 καταπατοῦντάς
1568 926 1653 979 με,

1926 909 1979 963 8.
2039 909 2193 964 Dedit
2218 910 2272 963 in
2312 913 2665 982 opprobrium
2699 916 3085 971 conculcautes
3119 928 3222 971 me.

240 998 297 1054 9.
326 998 736 1063 Ἐξαπέστειλεν
780 999 809 1050 6
852 998 983 1062 Θεὸς
1024 999 1085 1053 τὸ
1132 1000 1281 1064 ἔλεος
1326 1001 1513 1066 αὑτοῦ,
1540 1002 1632 1054 καὶ
1666 1000 1762 1073 τὴν

1937 1002 1990 1057 9.
2045 1002 2191 1057 Misit
2240 1001 2381 1059 Deus
2428 1005 2863 1062 misericordiam
2915 1024 3093 1073 suam,
3137 1018 3192 1063 et
3237 1009 3434 1064 verita-

160 1091 432 1161 ἀλήθειαν
460 1089 626 1145 αὑτοῦ
650 1107 662 1120 ·

1864 1104 1973 1150 tem
2009 1110 2163 1150 suam
2199 1112 2212 1147 ἶ
3068 1162 3076 1167 ἢ

240 1184 331 1239 10.
372 1184 486 1238 Kal
529 1184 799 1256 ἐρρύσατο
838 1184 940 1255 τὴν
982 1185 1159 1257 ψυχήν
1194 1205 1294 1258 μου
1328 1188 1392 1242 ὲκ
1438 1190 1602 1260 μέσου
1630 1191 1761 1244 σκύ-

1940 1187 2026 1241 10.
2079 1186 2144 1239 Et
2177 1186 2379 1256 eripuit
2422 1188 2659 1241 animam
2699 1203 2873 1243 meam
2914 1190 2979 1243 de
3021 1189 3198 1243 medio
3232 1189 3438 1245 catulo—

167 1295 326 1349 μνων
346 1294 359 1308 ·

1866 1292 1987 1331 rum
2028 1277 2251 1331 leonum
2288 1295 2299 1330 :

246 1371 337 1425 11.
378 1369 709 1442 Ἐκοιμήθην
738 1372 1162 1443 τεταραγμένος.

1938 1370 2026 1422 11.
2064 1367 2304 1422 Dormivi
2338 1367 2715 1423 conturbatus.

246 1462 340 1516 19...
372 1463 494 1515 Υίοὶ
510 1459 831 1535 ἀνθρώπων.
849 1465 896 1515 οἱ
917 1462 1128 1528 ὀδόντες
1149 1466 1325 1521 αὐτῶν
1342 1467 1478 1520 ὅπλα
1497 1467 1590 1521 καὶ
1610 1466 1755 1539 βέλη·

1938 1460 2022 1515 12.
2057 1461 2176 1515 Filii
2198 1461 2502 1524 hominum,
2528 1460 2714 1516 dentes
2740 1476 2929 1515 eorum
2958 1478 3109 1519 arma
3133 1475 3185 1520 et
3202 1466 3436 1531 sagittae.

247 1554 340 1606 15.
370 1554 482 1606 Καὶ
510 1555 542 1624 ἡ
569 1552 789 1621 γλῶσσα
817 1553 997 1608 αὐτῶν
1030 1556 1274 1628 μάχαιρα
1303 1556 1469 1621 ὀξεῖα.

1938 1558 2026 1612 15.
2058 1556 2125 1611 Et
2149 1557 2332 1626 lingua
2366 1572 2557 1611 eorum
2586 1557 2798 1625 gladius
2824 1568 3039 1615 acutus.

243 1645 337 1698 14.
380 1644 654 1717 ’Υψώθητι
690 1648 782 1700 ἐπὶ
806 1648 931 1711 τοὺς
962 1649 1246 1719 οὐρανοὺς,
1272 1648 1300 1700 ὁ
1326 1650 1477 1714 Θεὸς*

1403 1650 1477 1714 ὁςο
1938 1649 2026 1703 14.
2055 1647 2495 1718 Exaltare.super
2526 1646 2887 1723 caalos,‘Deus
2924 1665 2934 1700 :

250 1736 344 1791 15.
372 1737 483 1790 Καὶ
506 1736 597 1789 ἐπὶ
624 1739 810 1791 πᾶσαν
829 1739 929 1808 τὴν
955 1740 1061 1810 γῆν
1093 1742 1127 1811 ἡ
1156 1740 1282 1806 δόξα
1312 1757 1424 1793 σου.

1377 1760 1424 1793 υ.
1939 1740 2027 1794 15.
2062 1739 2127 1793 Et
2160 1741 2214 1793 in
2245 1739 2394 1793 omni
2427 1746 2569 1793 terra
2594 1739 2765 1809 gloria
2795 1746 2908 1803 tua,

246 1829 339 1884 16.
370 1830 583 1899 Παγ.δα
606 1831 911 1903 ἡτοίμασαν
938 1835 1055 1897 τοῖς
1086 1834 1213 1887 ποσί
1246 1852 1368 1905 μου·

1790 1834 1838 1893 Β
1936 1832 2024 1887 16.
2056 1831 2337 1902 Laqueum
2366 1839 2695 1901 paraverunt
2721 1831 2950 1901 pedibus
2978 1836 3115 1891 meis
3149 1851 3162 1889 :

248 1922 340 1975 17.
368 1922 480 1975 Kal
512 1921 871 1993 κατέκαμψαν
895 1922 994 1994 τὴν
1014 1921 1198 1997 ψυχήν
1231 1942 1354 1997 μου.

1945 1924 2030 1977 17.
2065 1923 2130 1977 Et
2156 1923 2582 1978 incurvaverunt
2611 1923 2848 1978 animam
2878 1940 3076 1981 meam.

248 2014 340 2068 18.
374 2012 612 2086 Ὠρυξαν
635 2014 741 2084 πρὸ
774 2014 1065 2086 προσώπου
1102 2035 1202 2087 μου
1235 2017 1443 2089 βόθρονο

1939 2013 2028 2069 18.
2058 2013 2334 2068 Foderunt
2359 2024 2483 2068 ante
2515 2012 2709 2068 faciem
2733 2029 2908 2071 meam
2944 2016 3153 2074 foveam
3181 2038 3199 2075 .'

250 2106 340 2162 19.
367 2107 476 2160 Kal
502 2105 758 2161 ἐνέπεσον
790 2109 870 2171 είς
895 2108 1078 2162 αὐτόν.

1938 2107 2024 2162 19.
2055 2106 2120 2162 Et
2153 2107 2461 2163 inciderunt
2493 2108 2547 2162 in
2578 2123 2718 2163 eam.

751 2199 1067 2271 Διάψαλμα
1095 2202 1194 2272 (α).

2491 2201 2821 2271 Diapsalma.

243 2289 338 2342 20.
377 2290 601 2363 Ἐτοίμη
623 2292 658 2364 ἡ
687 2290 885 2363 καρδία
916 2309 1040 2362 μου,
1074 2294 1103 2345 6
1134 2292 1295 2355 Θεός·

1935 2291 2025 2346 20.
2054 2290 2310 2347 Paratum
2349 2307 2444 2347 cor
2474 2309 2677 2359 meum,
2710 2293 2890 2351 Deus:

246 2380 335 2433 21.
376 2381 595 2453 Ἐτοίμη
625 2384 660 2454 ἡ
695 2381 889 2453 καρδία
940 2400 1065 2453 μου,
1102 2383 1324 2455 ᾄσομαι,
1373 2387 1465 2439 καὶ
1508 2384 1664 2455 ψαλῶ
1699 2384 1756 2437 ὲν

1931 2383 2021 2438 21.
2054 2382 2311 2439 Paratum
2341 2400 2437 2439 cor
2467 2401 2665 2448 meum,
2698 2388 2948 2454 cantabo,
2981 2397 3035 2443 et
3062 2389 3331 2459 psalmum
3362 2390 3442 2445 di-

162 2472 241 2541 τῇ
266 2470 393 2544 δόξῃ
429 2490 552 2544 μου.

1862 2489 1981 2529 cam
2016 2476 2070 2529 in
2106 2476 2275 2547 gloria
2306 2491 2445 2531 mea.

247 2590 326 2661 (ιι)
351 2590 484 2647 Cod.
512 2588 680 2644 Palat.

1300 2678 1679 2735 ATHANASII
1718 2676 2312 2733 INTERPRETATIO.

164 2834 259 2900 τῷ
296 2834 483 2889 αὑτὸν
509 2834 978 2903 ἀποδιδράσκειν
1010 2837 1127 2891 ἀπὸ
1164 2836 1489 2905 προσώπου
1522 2835 1722 2890 Σαοὺλ
1750 2836 1837 2901 είς
1871 2834 1935 2888 τὸ
1972 2832 2300 2902 σπήλαιον.
2338 2832 2508 2885 Τοῦτο
2529 2826 2621 2886 οὗν
2660 2832 2828 2903 δηλοῖ,
2858 2834 2987 2887 ὅταν
3020 2850 3104 2897 τις
3132 2833 3308 2905 φεύγῃ
3338 2833 3445 2887 amt

170 2929 469 3001 προσώπου
501 2930 673 2983 Σαοὺλ
701 2931 780 2992 εἰς
813 2931 903 2984 τὸν
939 2934 1149 3005 μονήρη
1185 2935 1320 3004 βίον,
1357 2931 1555 3005 μηκέτι
1578 2932 1883 3003 διαφθείρει
1922 2932 1999 3003 (1)
2030 2932 2109 2994 είς
2142 2928 2240 3001 τὴν
2278 2929 2371 2983 τοῦ
2402 2930 2609 3001 Κυρίου
2642 2932 2938 2997 πολιτείαν,
2972 2930 3109 2985 ἀλλὰ
3138 2931 3267 3002 βοᾷν
3299 2930 3445 3004 [Boil

168 3028 317 3099 πρὸς
345 3027 504 3080 αὑτὸν
529 3026 620 3080 τὸν
655 3026 1011 3099 προκείμενον
1037 3030 1270 3100 ψαλμόν.
1303 3030 1475 3083 Σαοὺλ
1507 3029 1615 3100 γὰρ
1649 3030 1728 3092 είς
1752 3028 1845 3080 τὸν
1879 3026 2122 3081 διάϐολον
2153 3025 2547 3097 ἑρμηνεύεται,
2583 3024 2766 3089 καθὼς
2798 3025 3055 3090 πολλάκις
3086 3026 3408 3097 εἰρήκαμεν.

170 3124 318 3193 [αςίε
344 3122 475 3179 Saul
506 3126 559 3177 in
594 3123 914 3193 speluncam.
952 3120 1064 3178 Hoc
1101 3124 1266 3194 igitur
1292 3124 1582 3195 signiﬁcat,
1614 3139 1738 3178 cum
1774 3123 1900 3193 quis
1926 3119 2063 3192 fugit
2094 3137 2123 3175 a
2160 3120 2298 3176 facie
2327 3121 2458 3176 Saul
2494 3121 2549 3175 in
2582 3121 2749 3176 vitam
2800 3122 3121 3185 solitariam,
3174 3134 3282 3174 non
3328 3135 3440 3173 am-

169 3215 323 3285 plius
348 3215 654 3287 corrumpit
674 3213 1148 3269 conversationem
1183 3213 1422 3282 Domini,
1457 3214 1554 3269 sed
1591 3214 1880 3269 clamando
1906 3214 1972 3269 ad
1998 3229 2122 3267 eum
2159 3214 2468 3283 appositum
2498 3215 2768 3283 psalmum
2804 3214 2958 3271 dicit.
2994 3212 3124 3268 Saul
3168 3214 3312 3269 enim
3346 3228 3447 3283 pro

168 3308 399 3366 diabolo
428 3310 716 3381 accipitur,
747 3310 1209 3379 quemadmodum
1250 3327 1394 3382 saepe
1436 3311 1700 3367 diximus.

249 3449 302 3503 ὅ.
339 3448 449 3500 Καὶ
498 3447 555 3501 ὲν
593 3450 660 3517 τῇ
712 3446 1015 3499 ἀναπαύσει
1040 3445 1149 3500 τῶν
1177 3447 1318 3500 δύων
1357 3464 1450 3500 σου
1492 3444 1767 3516 διαθηκῶν

1944 3444 1997 3497 5.
2053 3439 2118 3495 Ει
2146 3444 2200 3495 in
2236 3440 2517 3513 refrigerio
2549 3442 2783 3497 duorum
2819 3450 3271 3500 testamentorum
3319 3452 3446 3502 tuo-

169 3540 350 3595 ὲλπιῶ
368 3558 381 3571 ⁸

1865 3548 1989 3588 rum
2026 3532 2258 3601 sperabo
2293 3549 2306 3585 :

246 3634 300 3688 ι.
318 3634 462 3697 Ἕως
492 3625 553 3687 οὗ
585 3632 905 3704 συντελεσθῇ
938 3635 968 3687 6
997 3632 1219 3703 κόσμος.

1934 3624 1987 3679 4.
2042 3622 2225 3678 Donec
2270 3632 2686 3678 consummetur
2722 3624 2982 3680 mundus.

249 3726 303 3781 5.
344 3726 706 3797 Δεηθήσομαι,
736 3724 904 3793 λέγει,
932 3724 1026 3780 τοῦ
1064 3723 1199 3777 Θεοῦ
1234 3722 1327 3776 τοῦ
1358 3722 1582 3791 ὑψίστου
1604 3739 1617 3753 ο

1935 3719 1988 3772 5.
2034 3716 2398 3786 Deprecabor,
2425 3715 2621 3786 inquit,
2658 3715 2828 3770 Deum
2860 3716 3229 3773 altissimum:

249 3817 302 3871 6.
344 3817 447 3869 Τὸν
472 3817 854 3889 δωρησάμενον
883 3816 959 3885 (‘2)
985 3816 1054 3869 τὰ
1085 3814 1279 3869 ἑαυτοῦ
1308 3815 1508 3869 πάντα.

1239 3814 1279 3867 ιῦ
1308 3815 1508 3869 πάντα.
1936 3810 1990 3863 6.
2050 3807 2151 3874 Qui
2181 3823 2279 3863 sua
2307 3807 2494 3861 omnia
2530 3807 2770 3861 donavit.

247 3910 302 3963 7.
344 3909 446 3961 Τὸν
472 3907 603 3961 Θεὸν
636 3907 807 3975 Λόγον
835 3906 1215 3973 ἐξαπέστειλεν
1244 3908 1272 3959 6
1298 3907 1490 3978 Πατήρ

1350 3907 1490 3978 ατήρ
1932 3902 1982 3955 7.
2036 3901 2203 3955 Deum
2233 3898 2473 3954 Verbum
2507 3898 2655 3953 misit
2689 3898 2878 3955 Pater.

249 4003 303 4056 8.
346 4000 484 4062 Τοὺς
509 3999 767 4069 δαίμονας
795 3999 968 4069 λέγει.

1931 3991 1984 4045 8.
2036 3990 2319 4046 Daemones
2351 3990 2644 4059 signiticat.

249 4092 304 4147 9.
345 4090 447 4144 Τὸν
475 4090 603 4144 Υίὸν
629 4090 817 4156 αὐτοῦ,
844 4091 939 4143 καὶ
964 4090 1025 4143 τὸ
1050 4088 1276 4160 Πνεῦμα
1308 4087 1474 4142 αὑτοῦ
1500 4087 1562 4141 τὸ
1586 4087 1758 4155 ἅγιον.

1935 4084 1991 4137 9.
2048 4081 2243 4137 Filium
2274 4097 2435 4138 suum
2470 4091 2525 4136 et
2560 4088 2809 4136 sanctum
2842 4092 3002 4133 suum
3044 4077 3331 4150 Spiritum.

250 4186 340 4240 10.
356 4186 453 4239 Ἕκ
478 4185 644 4256 μέσου
670 4183 780 4237 τῶν
805 4184 1095 4255 δαιμόνων.

1935 4174 2023 4230 10.
2070 4173 2145 4228 De
2185 4175 2364 4229 medio
2402 4174 2728 4229 daemonum.

256 4278 345 4332 11.
388 4277 804 4348 Ἀνεπαυσάμην
845 4276 983 4347 μετὰ
1024 4274 1300 4345 φροντίδος
1336 4273 1444 4327 τῶν
1481 4271 1761 4345 ἁμαρτιῶν

1637 4271 1761 4325 τιῶν
1937 4265 2025 4320 11.
2056 4264 2317 4335 Requievi
2345 4264 2611 4319 sollicitus
2648 4263 2715 4317 de
2748 4261 2987 4333 peccatis
3013 4262 3168 4318 meis.

224 4390 311 4425 ου.

171 4392 466 4517 μῖξτῶν
488 4462 584 4517 ἀνθ
595 4460 790 4533 ρώπων
806 4463 859 4515 αἱ
875 4456 1586 4531 διδασκαλίαιθανατηφὸροι
1604 4453 1757 4508 εἰσίν.
1935 4442 2021 4495 12.
2050 4440 2323 4533 Doctrime
2342 4439 2625 4495 hominum
2653 4435 2943 4533 mortifei'a:
2963 4446 3109 4533 sunt.

250 4557 341 4611 15.
376 4557 485 4609 Kal
514 4557 547 4626 ἡ
577 4529 738 4609 λαλιὰ
769 4553 947 4607 αὐτῶν
980 4552 1292 4624 ὴκονημένη
1326 4529 1601 4613 είςήκακὰ.

1590 4588 1601 4601 ,
1936 4533 2024 4586 15.
2054 4530 2122 4586 Ει
2148 4531 2363 4601 loquela
2387 4546 2576 4586 eorum
2605 4541 2763 4583 acuta
2795 4529 2862 4583 ad
2891 4529 3118 4582 malum.

251 4647 339 4701 M.
368 4615 663 4719 Δοξάσθητι
694 4648 751 4700 ὲν
783 4647 894 4708 τοῖς
923 4615 1097 4712 ἁγίοις
1125 4615 1239 4707 σου,
1267 4615 1294 4696 6
1323 4640 1474 4704 Θεός.
1510 4638 1515 4641 ’

1931 4622 2019 4676 14.
2056 4622 2373 4677 Gloriticare
2406 4620 2460 4674 in
2493 4619 2698 4675 sanctis
2729 4619 2857 4682 tuis,
2884 4615 3046 4673 Deus.

252 4737 340 4791 15.
371 4737 481 4789 Kal
515 4737 573 4790 ὲν
596 4714 771 4790 ’παντὶ
798 4733 876 4805 τῷ
905 4733 1095 4804 κόσμῳ
1123 4735 1157 4804 ἡ
1194 4733 1375 4795 πίστις
1407 4748 1519 4783 σου.

1374 4752 1375 4757 π
1407 4748 1519 4783 σου.
1932 4717 2018 4772 15.
2047 4716 2113 4770 Ει
2136 4718 2189 4771 in
2217 4717 2366 4771 omni
2389 4714 2595 4769 mundo
2623 4714 2756 4769 ﬁdes
2793 4725 2905 4769 tua.

254 4825 342 4881 16.
372 4827 433 4878 Οἱ
458 4825 712 4896 δαίμονες
735 4822 832 4895 τὴν
864 4822 939 4893 (3)
965 4820 1262 4893 ἁμαρτίαν.

1133 4820 1262 4874 τίαν.
1790 4831 1834 4886 D
1939 4808 2022 4863 16.
2059 4809 2337 4864 Dzemones
2362 4818 2664 4877 peccatum.

253 4918 343 4971 17.
371 4918 481 4971 Kal
508 4918 763 4970 εἵλκυσαν
795 4914 894 4986 τὴν
922 4914 1101 4985 ψυχήν
1132 4930 1255 4983 μου.

1934 4900 2020 4956 17.
2052 4899 2117 4954 Ει
2151 4909 2431 4954 traxerunt
2464 4899 2700 4953 animam
2728 4914 2924 4952 meam.

253 5008 341 5062 18.
370 5008 718 5081 Ηύτρέπισάν
754 5025 846 5079 μοι
874 5004 970 5061 τοῦ
1005 5007 1193 5059 πεσεῖν
1228 5005 1307 5067 εἰς
1338 5002 1435 5073 τὴν
1466 5001 1759 5071 ἁμαρτιαν,

1931 4994 2017 5049 18.
2052 4993 2391 5047 Paraverunt
2425 4992 2560 5047 mihi
2588 5002 2647 5046 ut
2679 4993 2927 5047 caderem
2964 4991 3018 5046 in
3052 5001 3358 5061 peccatum,
3384 5007 3438 5049 et

164 5102 274 5157 καὶ
309 5101 409 5171 ἐμὲ
441 5101 539 5171 μὲν
570 5101 821 5172 ὲρρύσω·

1860 5101 1947 5141 me
1971 5087 2190 5155 quidem
2220 5086 2483 5140 liberasti.

252 5190 342 5247 19.
387 5193 618 5245 Ἐκεῖνοι
650 5192 706 5245 δὲ
738 5192 1023 5263 ἐνέμειναν
1054 5190 1112 5242 ὲν
1142 5189 1296 5258 αὐτῇ.

1930 5178 2017 5232 19.
2050 5177 2154 5247 Ipsi
2180 5190 2359 5231 autem
2394 5178 2449 5231 in
2477 5192 2542 5231 eo
2574 5186 3010 5246 permanserunt.

249 5282 342 5336 20.
379 5284 472 5346 Εἰς
497 5283 557 5336 τὸ
582 5283 793 5354 θέλημά
826 5300 941 5337 σου.

1934 5268 2025 5322 20.
2056 5267 2115 5322 In
2140 5268 2471 5322 voluntatem
2508 5276 2677 5321 tuam.

248 5376 341 5430 21.
382 5375 657 5447 ’Λνυμνῶν
689 5392 781 5429 σου
824 5374 918 5427 καὶ
956 5372 1131 5442 λέγων
1158 5373 1255 5435 τὰς
1287 5370 1493 5442 δωρεὰς
1530 5368 1595 5431 ἃς
1628 5371 1758 5437 ἐχα-

1933 5361 2023 5413 21.
2060 5359 2314 5413 Laudans
2338 5369 2388 5411 et
2415 5376 2677 5415 enarratis
2705 5361 2845 5415 dona
2880 5369 2992 5429 tua,
3024 5374 3146 5431 qua:
3176 5357 3435 5429 elargitus

164 5469 321 5544 ρίσω
360 5485 469 5537 μοι.
510 5500 515 5507 -

1866 5467 1924 5505 es
1954 5450 2106 5503 mihi.

1127 5596 1436 5657 Addenda
1467 5601 1529 5657 et
1574 5585 1951 5669 corrigenda
1984 5602 2061 5645 ex
2094 5585 2234 5646 cod.
2288 5584 2482 5646 Vatic.

246 5770 330 5841 (1)
370 5767 719 5839 Διαφθείρῃς.
975 5767 1050 5831 (2)
1085 5765 1481 5839 Δωρησάμενόν
1519 5783 1628 5836 μοι.
1918 5760 1995 5830 (5)
2030 5759 2123 5821 Εις
2145 5758 2266 5828 τήν.

462 5862 733 5921 ιἰῑιιοῐ..
774 5857 891 5919 Gn.
926 5857 1190 5919 XXVII.

3106 5847 3183 5909 28
