3876 6220
428 319 534 373 8ῗὸ
1270 315 1326 369 S.
1370 310 1744 368 ATHANASH
1784 309 1934 365 OPP.
1968 306 2148 362 PARS
2188 304 2279 360 ll‘l.
2319 334 2386 347 -—
2418 299 2829 357 EXEGETICA.
3592 294 3709 351 876

499 434 588 486 22.
619 430 883 502 Exsurge,
921 429 1092 501 gloria
1126 444 1245 484 mea
1285 445 1295 478 :

2031 427 2076 483 Α
2173 418 2262 473 22.
2291 417 2365 489 (α)
2404 415 2769 487 Ἐξεγέρθητι,
2800 416 2833 485 ἡ
2862 413 2987 480 δόξα
3017 429 3117 483 μου
3138 428 3151 442 ·

497 526 586 580 25.
620 524 884 594 Exsurge,
914 522 1230 593 psalterium
1256 530 1309 575 et
1341 521 1547 575 cithara
1581 536 1594 569 :

2177 511 2268 564 25.
2311 508 2676 579 Ἐξεγέρθητι,
2701 506 2999 576 ψαλτήριον
3028 504 3123 559 καὶ
3153 503 3376 575 κιθάρα.

500 615 590 670 24.
617 615 915 684 Exsurgam
944 614 1199 669 diluculo.

2179 601 2269 655 24.
2308 598 2766 671 Ἐξεγερθήσομαι
2792 598 3011 668 ὄρθρου.

498 707 589 760 25.
621 706 932 761 Conﬁtcbcr
956 705 1053 759 tibi
1080 706 1133 758 in
1161 703 1393 773 populis,
1422 701 1667 755 Domine.

2177 692 2267 745 25.
2310 687 2799 761 Ἐξομολογήσομαί
2837 705 2919 740 σοι
2944 689 3001 740 ὲν
3032 685 3201 750 λαοῖς,
3227 684 3403 758 Κύριε
3421 700 3436 717 ’

498 800 589 852 26.
624 797 690 850 Et
720 798 990 867 psalmum
1026 796 1199 850 dicam
1227 794 1323 849 tibi
1353 794 1407 847 in
1434 792 1706 862 gentibus.

2177 785 2265 838 26.
2295 783 2465 836 Ψαλῶ
2493 798 2575 835 σοι
2611 783 2667 833 ὲν
2700 778 2928 832 ἔθνεσιν.
3330 838 3333 845 ι

500 890 591 942 27.
624 889 892 954 Quoniam
926 888 1264 957 magniﬁcata
1298 895 1379 941 est
1407 897 1581 953 usque
1609 882 1674 937 ad
1700 881 1868 937 caelos
1904 879 1997 934 mi-

2177 879 2267 955 27.
2304 877 2426 929 ’Ότι
2454 872 2802 945 νέμεγαλύνθη
2851 872 2955 935 ἕως
2996 872 3103 924 τῶν
3152 868 3394 941 οὐρανῶν
3429 868 3492 921 τὸ
3536 867 3703 930 ἔλεός

431 982 726 1037 sericordia
755 990 845 1035 tua
871 997 885 1032 :

725 1028 726 1033 η
755 990 885 1035 tua:
2110 985 2226 1021 σου·

499 1074 588 1127 28.
623 1072 688 1127 Ει
716 1088 887 1141 usque
913 1072 977 1125 ad
1008 1070 1181 1125 nubes
1202 1068 1405 1123 veritas
1438 1075 1551 1121 tua.

2178 1059 2265 1112 28.
2296 1058 2405 1110 Kal
2432 1058 2534 1121 ἕως
2566 1056 2675 1110 τῶν
2705 1054 2943 1126 νεφελῶν
2981 1055 3013 1124 ἡ
3050 1052 3276 1123 ἀλήθειὰ
3306 1069 3422 1104 σου.

500 1164 589 1218 29.
623 1162 873 1218 Exaltare
902 1176 1065 1229 super
1094 1160 1280 1225 ccelos,
1306 1158 1451 1213 Deus
1482 1173 1495 1208 :

2179 1153 2268 1207 29.
2316 1150 2588 1221 ’Υψὼθητι
2615 1149 2708 1204 ἐπὶ
2734 1150 2860 1211 τοὺς
2891 1148 3170 1217 οὐρανοὺς,
3201 1148 3227 1198 ὁ
3254 1146 3383 1208 Θεός
3402 1162 3414 1173 ·

504 1258 592 1311 50.
631 1256 695 1311 Et
729 1272 892 1326 super
924 1270 1139 1309 omnem
1175 1262 1369 1307 terram
1400 1250 1571 1321 gloria
1607 1258 1720 1304 tua.

2180 1244 2267 1297 50.
2297 1245 2407 1296 Kal
2433 1244 2523 1295 ἐπὶ
2556 1243 2735 1296 πᾶσαν
2760 1240 2857 1310 τὴν
2892 1239 2993 1309 γῆν
3024 1241 3057 1309 ἠ
3085 1238 3210 1301 δόξα
3244 1253 3359 1291 σου.

434 1410 500 1467 In
534 1413 711 1482 ﬁnem,
740 1427 801 1464 ne
832 1409 1124 1479 disperdas,
1148 1406 1319 1459 David
1342 1406 1395 1457 in
1423 1403 1566 1457 tituli
1592 1402 1965 1471 inscriptionen

2167 1398 2213 1461 ίς
2249 1395 2313 1448 τὸ
2353 1395 2549 1460 τέλος,
2574 1392 2660 1463 μὴ
2696 1391 3058 1460 διαφθείρῃς,
3088 1389 3169 1453 τῷ
3208 1390 3386 1445 Δαϐίδ
3422 1392 3509 1457 εὶς
3541 1406 3698 1460 στη-

994 1499 1196 1554 PSAL.
1238 1497 1280 1550 L
1299 1495 1416 1549 V11.

2528 1486 2877 1556 λογραςρίαν.
2918 1487 3090 1537 ΨΑΛ.
3116 1484 3246 1536 NZ'.

510 1639 561 1693 1.
598 1638 655 1691 Si
695 1651 818 1690 vere
846 1636 1031 1703 utique
1058 1632 1322 1703 justitiam
1354 1630 1641 1699 loquimini
1676 1645 1688 1679 :

2184 1626 2235 1678 l.
2265 1625 2329 1677 El
2358 1621 2571 1694 ἀληθῶς
2602 1620 2708 1690 ἄρα
2731 1619 3074 1688 δικαιοσύνην
3097 1617 3328 1683 λαλεῖτε,

510 1729 565 1781 2.
597 1727 760 1783 Recta
786 1727 1022 1795 judicate
1052 1725 1146 1777 lilii
1180 1724 1482 1777 hominum.

2180 1715 2233 1767 2.
2264 1713 2491 1775 Εὐθείας
2523 1710 2767 1781 κρίνατε,
2796 1709 2900 1760 υἱοὶ
2932 1707 3037 1759 τῶν
3064 1705 3386 1777 ἀνθρώπων.

508 1819 563 1873 5.
598 1816 808 1871 Etenim
834 1816 887 1868 in
912 1814 1075 1869 corde
1098 1812 1411 1882 iniquitates
1431 1808 1729 1880 operamini
1753 1808 1806 1861 in
1830 1815 2006 1861 terra:

2185 1808 2239 1861 5.
2273 1806 2383 1860 Kal
2407 1805 2514 1875 γὰρ
2536 1806 2595 1858 ὲν
2615 1802 2811 1873 καρδίᾳ
2836 1798 3065 1869 ἀνομίαν
3090 1797 3387 1869 ἐργάζεσθε
3414 1798 3473 1851 ὲν
3498 1800 3567 1869 τῇ
3588 1802 3688 1868 γῇ·

502 1912 555 1965 ι.
589 1908 906 1978 lnjustitiam
939 1921 1132 1960 manus
1158 1914 1350 1959 vestrae
1376 1901 1724 1957 concinnant.

2185 1900 2240 1954 4.
2285 1899 2520 1953 ’Δδικίαν
2547 1898 2601 1950 αἱ
2631 1898 2811 1967 χεῖρες
2839 1892 2990 1964 ὐμῶν
3022 1891 3442 1961 συμπλέκουσιν.

510 2001 563 2056 5.
595 2000 829 2056 Alienati
863 2006 991 2054 sunt
1019 2004 1330 2068 peccatores
1365 2009 1395 2047 a
1424 1992 1584 2047 vulva
1612 2007 1624 2042 :

2186 1991 2238 2046 5.
2283 1987 2819 2061 ’Δπηλλοτριώθησαν
2850 1988 2898 2038 οἱ
2927 1984 3238 2055 ἁμαρτωλοὶ
3262 1983 3371 2039 ἀπὸ
3398 1984 3611 2055 μήτρας
3632 1998 3646 2010 ·

508 2179 587 2253 (α)
620 2176 773 2233 Vers.
806 2176 895 2241 22,
923 2176 1181 2247 ’ᾼσομαι,
1206 2174 1301 2227 καὶ
1338 2170 1492 2241 ψαλῶ
1523 2184 1624 2223 σοι·
1664 2168 1815 2222 deest
1859 2166 1916 2217 ὲν
1964 2166 2023 2235 τῇ

1666 2168 1815 2222 deest
1859 2166 1916 2217 ὲν
1964 2166 2023 2235 τῇ
2057 2162 2181 2235 δόξῃ
2217 2179 2338 2232 μου.
2379 2161 2531 2217 Vers.
2561 2160 2651 2227 25,
2690 2156 3059 2227 Ἐξεγέρθητι,
3094 2166 3197 2214 etc.

1552 2344 1925 2402 ATHANASII
1967 2340 2557 2397 lNTERPRE'l‘ATlU.

509 2541 602 2598 22.
632 2539 817 2596 Gratia
847 2547 958 2591 tua.

2182 2518 2271 2573 22.
2315 2518 2381 2569 Ἥ
2414 2517 2573 2588 χάρις
2596 2533 2710 2569 σου.

510 2634 602 2688 25.
639 2632 874 2702 Spiritus
911 2637 1134 2683 sanctus
1168 2636 1313 2679 tuus.

2178 2610 2268 2663 25.
2305 2610 2377 2661 Τὸ
2404 2608 2631 2678 Πνεῦμα
2658 2624 2750 2660 σου
2780 2607 2839 2659 τὸ
2862 2606 3036 2675 ἆγιον.

509 2726 602 2780 24.
632 2697 697 2778 ιιῖ
725 2724 845 2778 luce
877 2732 990 2776 tua.

2178 2699 2270 2754 24.
2313 2700 2400 2751 Ἐν
2428 2697 2505 2768 τῷ
2535 2699 2671 2766 φωτί
2701 2715 2817 2753 σου.

509 2818 602 2874 25.
636 2815 961 2872 Gloriﬁcabo
992 2825 1064 2879 te,
1088 2810 1239 2866 dicit.

2180 2789 2271 2843 25.
2300 2788 2516 2855 Δοξάσω
2555 2806 2649 2853 σε,·
2666 2788 2834 2859 λέγει.

513 2908 602 2962 26.
634 2906 769 2961 Cum
802 2903 1097 2958 cruciﬁxus
1120 2915 1181 2956 es
1210 2911 1310 2969 pro
1335 2896 1593 2951 universo
1622 2891 1846 2948 mundo.

2177 2881 2266 2936 26.
2298 2882 2467 2934 Ὅταν
2499 2880 2574 2951 (1)
2607 2881 2934 2953 σταυρωθεὶς
2979 2880 3342 2956 [σταυρωθῇς]
3378 2883 3519 2956 ὑπὲρ
3552 2903 3694 2939 παν-

2108 2975 2198 3037 τὸς
2228 2972 2320 3026 τοῦ
2346 2973 2576 3042 κόσμου.

509 3088 601 3142 27.
632 3085 901 3152 Quoniam
932 3080 1228 3153 gloriﬁcata
1250 3085 1333 3132 est
1358 3090 1386 3130 a
1415 3084 1556 3129 terra
1590 3085 1765 3140 usque
1800 3069 1865 3123 ad
1897 3082 2008 3123 cte-

2178 3065 2267 3119 27.
2297 3065 2420 3117 Ὄτι
2473 3063 2730 3138 ἐδοξάσθη
2764 3064 2871 3119 ἀπὸ
2896 3066 2995 3136 τῆς
3031 3067 3130 3137 γῆς
3161 3066 3265 3129 ἕως
3302 3067 3409 3122 τῶν
3438 3070 3698 3141 οὐρανῶν

448 3179 532 3234 los
557 3177 740 3248 passio
765 3184 878 3229 tua.

2040 3175 2086 3236 (ζ
2114 3156 2174 3210 τὸ
2203 3155 2371 3219 πάθος
2407 3173 2520 3211 σου.

512 3270 603 3325 28.
638 3268 706 3322 Et
737 3266 871 3321 ﬁdes
898 3276 988 3319 tua
1022 3264 1076 3317 in
1106 3269 1344 3319 sanctos.

2185 3249 2275 3303 28.
2305 3249 2414 3301 Kal
2442 3251 2474 3319 ἡ
2507 3248 2685 3311 πίστις
2714 3248 2787 3319 (2)
2814 3266 2905 3301 σου
2936 3251 3011 3312 είς
3042 3251 3398 3319 τοὺς.ἁγίους.

514 3361 606 3416 29.
643 3358 889 3413 Ascende
922 3358 975 3409 in
1010 3355 1177 3410 caelos
1205 3371 1217 3404 :

2184 3342 2272 3397 29.
2314 3342 2675 3413 Ἀναλήφθητι
2703 3343 2783 3405 εἰς
2817 3344 2941 3404 τοὺς
2978 3343 3237 3412 οὐρανούς

514 3452 602 3507 50.
636 3451 703 3505 Ει
732 3453 786 3505 in
825 3449 973 3503 omni
1007 3457 1151 3501 terra
1180 3444 1358 3514 passio
1384 3449 1475 3496 tua
1501 3437 1917 3511 gloriﬁcabitur.

2186 3432 2273 3486 50.
2298 3434 2407 3486 Kal
2435 3434 2492 3487 ὲν
2522 3437 2586 3504 τῇ
2610 3436 2679 3504 γῇ
2711 3434 2858 3507 πάσῃ
2879 3434 2939 3485 τὸ
2962 3434 3131 3498 πάθος
3156 3453 3247 3487 σου
3276 3436 3676 3509 δοξασθήσεται

526 3629 591 3681 Ἠ
620 3626 951 3698 προκειμένη
1002 3618 1277 3691 ἐπιγραφὴ
1322 3615 1561 3687 περιέχει
1593 3612 1668 3683 (4)
1693 3627 1706 3641 '
1744 3613 1848 3675 Είς
1895 3607 1959 3661 τὸ
2002 3606 2194 3673 τέλος,
2237 3607 2323 3676 μὴ
2370 3580 2731 3675 διαφθείρῃς,
2765 3605 2844 3671 τῷ
2884 3606 3059 3659 Δαϐὶδ
3088 3611 3175 3673 είς
3213 3613 3701 3679 στηλογραφίαν,

442 3727 615 3780 Τοῦτο
640 3720 732 3778 οὖν
762 3724 941 3789 λέγει’
982 3720 1087 3780 ἓως
1127 3716 1309 3776 τέλους
1352 3713 1425 3783 μὴ
1465 3707 1777 3780 διαφθείρῃς
1813 3704 1951 3758 κατὰ
1991 3702 2068 3773 (5)
2097 3701 2227 3753 Θεόν
2263 3718 2356 3753 σου
2387 3701 2691 3755 πολιτείαν·
2726 3701 2801 3764 ὡς
2831 3700 2941 3772 γὰρ
2990 3703 3245 3766 πολλάκις
3291 3706 3615 3776 εἰρήκαμεν,
3660 3712 3700 3781 ἡ

434 3816 818 3890 ..ττηλογραφία
850 3816 926 3876 εἰς
952 3812 1050 3883 τὴν
1079 3806 1351 3861 πολιτείαν
1385 3804 1689 3873 θεωρεῖται.
3038 3796 3053 3813 ι

516 3959 730 4014 Titulus
759 3953 1080 4028 praapositus
1114 3948 1356 4005 continet
1391 3959 1404 3995 :
1439 3942 1505 3995 In
1541 3941 1720 4011 ﬁnem,
1753 3953 1815 3990 ne
1857 3948 2185 4003 corrumpas,
2230 3930 2402 3984 David
2433 3932 2487 3983 in
2521 3930 2665 3983 tituli
2707 3932 3121 4000 inscriptionem.
3171 3931 3283 3987 lloc
3318 3934 3477 4002 igitur
3516 3935 3705 4005 signi-

451 4056 573 4109 ﬁcat
596 4065 784 4120 .usque
824 4049 879 4102 in
908 4047 1090 4109 linem,
1121 4060 1189 4097 ne
1221 4053 1539 4108 corrumpas
1570 4038 1866 4092 secundum
1899 4031 2068 4085 Deum
2100 4026 2565 4095 conversationem
2606 4036 2754 4081 tuam
2785 4046 2798 4081 :
2838 4036 2896 4081 ut
2923 4029 3068 4082 enim
3104 4045 3246 4098 sazpe
3276 4030 3514 4084 diximus
3544 4032 3704 4087 tituli

452 4118 728 4212 Inscriptio
756 4140 1038 4209 allegorice
1065 4135 1362 4206 explicatur
1389 4131 1455 4185 de
1486 4124 1898 4183 conversatione
1932 4137 2027 4177 seu
2048 4121 2173 4175 vitae
2199 4118 2561 4174 institutione.

520 4326 571 4378 1.
602 4320 658 4376 Si
688 4332 874 4375 revera
898 4314 1030 4370 estis
1054 4306 1348 4366 Christiani
1380 4322 1394 4357 :

2193 4293 2243 4347 l.
2272 4294 2336 4345 Ei
2360 4293 2499 4347 κατὰ
2522 4292 2779 4365 ἀλήθειαν
2802 4297 3120 4366 Κριστιανοί
3150 4300 3290 4364 ὲστε,

516 4416 570 4469 2.
602 4413 754 4468 Justa
780 4420 834 4465 et
857 4408 1020 4477 digna
1045 4405 1111 4460 de
1137 4417 1234 4457 vos
1268 4398 1400 4471 ipsis
1424 4395 1710 4452 consulite.

2187 4386 2241 4439 2.
2273 4386 2465 4547 άίηαια
2500 4387 2593 4439 καὶ
2648 4386 2774 4454 ἄξια
2813 4387 3128 4458 βουλεύεσθε
3193 4393 3320 4464 περὶ
3359 4394 3551 4449 ἑαυτοῦ
3618 4400 3703 4470 (6)

2175 4495 2347 4531 αυτων
2379 4517 2394 4532 .

2145 4477 2394 4550 ὲαυτῶν].

518 4594 573 4647 5.
604 4590 812 4645 Etenim
863 4587 915 4639 in
948 4580 1261 4638 hominibus
1305 4575 1645 4632 extrinsecus
1686 4570 1817 4642 justi
1847 4584 2011 4637 appa-
2047 4620 2049 4653 ἶ

2189 4571 2243 4623 5.
2261 4570 2393 4672 ⁸’Καὶ
2417 4570 2531 4672 γὰρ.
2555 4572 2665 4672 rei;
2691 4570 2997 4643 ἀνθρώποις
3040 4577 3291 4646 φαίνεσθε
3330 4580 3525 4635 δίκαιοι
3551 4581 3695 4648 ἐξω-

453 4688 611 4749 retis;
643 4684 788 4737 intus
816 4692 945 4733 vero
976 4688 1190 4729 omnem
1219 4684 1461 4727 errorem
1495 4666 1692 4723 colitis.

2046 4658 2085 4672 "
2117 4658 2226 4713 θεν·
2258 4658 2458 4713 ἔσωθεν
2489 4661 2544 4713 δὲ
2568 4661 2755 4732 νέμετε
2784 4663 2858 4735 (7)
2889 4666 3068 4737 πάσης
3100 4670 3322 4743 πλάνης.

519 4779 573 4831 4.
606 4775 672 4829 Et
698 4773 861 4829 corda
898 4777 1074 4823 vestra
1114 4763 1521 4820 adinventiones
1566 4757 1830 4828 quasdam
1863 4768 2015 4807 com-

2186 4750 2240 4805 4.
2277 4752 2385 4804 Kal
2407 4754 2462 4804 ai
2497 4753 2713 4824 καρδίαι
2743 4755 2894 4825 ὑμῶν
2918 4757 3291 4831 ὲξερευνήσεις
3316 4763 3470 4828 τινάς
3502 4782 3692 4820 συντι-

454 4881 678 4942 ponunL

2118 4840 2286 4893 θεῖσιν
2311 4841 2405 4910 (8).

523 4964 575 5017 5.
611 4960 771 5016 Tales
798 4954 1084 5012 abalienati
1108 4959 1236 5009 sunt
1260 4965 1292 5004 a
1321 4962 1441 5002 meo
1471 4947 1709 4998 lavacro.

2189 4934 2240 4988 5.
2276 4936 2338 4986 υἱ
2369 4936 2596 4989 τοιοῦτοι
2639 4939 3152 5015 ἀπηλλοτριώθησαν
3184 4948 3279 5002 ἀπ’
3318 4949 3451 5023 ἐμοῦ
3484 4949 3585 5023 τῆς
3617 4954 3696 5026 (9)

2165 5025 2517 5076 ολυιιὸήθοαε-
2984 5069 2988 5072 ~

2121 5026 2245 5076 κολυ
2255 5026 2394 5096 μὸήθ
2403 5044 2517 5096 ρας.
2984 5069 2988 5072 .

1396 5189 1704 5255 Addenda
1738 5196 1799 5250 et
1831 5190 2207 5269 corrigenda
2246 5207 2325 5251 ex
2356 5189 2499 5253 cod.
2533 5192 2734 5254 Vatic.

524 5381 601 5452 (Ι)
641 5380 700 5452 Ὀ
727 5379 855 5451 γάρ.
1170 5444 1202 5452 __
1310 5443 1322 5452 _
1415 5440 1425 5452 ι
1656 5433 1758 5452 μ’(
1793 5449 1831 5452 Α*
1868 5431 1951 5452 μ’
2306 5366 2414 5452 ’Ξῂν
2448 5366 2608 5443 κατά.
2637 5376 2739 5422 clc.

524 5433 601 5521 (‘23
630 5433 969 5521 Τὴνπίστιν.
992 5454 1046 5521 at
1081 5444 1274 5521 melius
1300 5443 1334 5511 ἠ
1367 5440 1613 5502 πίστις...
1646 5433 1832 5502 ἁγίους
1860 5433 1974 5484 σοῦ.

524 5504 1193 5591 ἰδῐοέρανοὺςνδθεόςμ
1323 5504 1334 5511 ’
1518 5578 1529 5591 .
1694 5581 1755 5591 η.
1869 5576 1879 5591 .
1968 5573 1980 5591 .
2194 5504 2524 5591 ςηξξέμεῖηε·

524 5573 601 5660 ἰώ
641 5573 819 5660 ’ἓνδιὰ
849 5573 945 5660 τῆξ
977 5573 1342 5654 κινναϐάρεως
1378 5578 1651 5650 περιέχει“
1689 5581 1791 5635 Et?
1825 5576 1886 5629 τὸ
1921 5573 2011 5626 τέ·
2193 5578 2267 5660 θξέ
2301 5575 2664 5660 ξῖνῖίθίὲυσίνσ

458 5644 692 5724 Iohia;
718 5644 1038 5721 Δαϐίδξὰο.
1207 5644 1219 5654 ’
1326 5644 1331 5645 ⁷
1453 5644 1464 5650 ’
1538 5644 1569 5648 ﬁ

1207 5644 1219 5654 ’
1326 5644 1331 5645 ⁷
1453 5644 1464 5650 ’
1538 5644 1569 5648 ﬁ
2193 5644 2267 5713 (9)
2320 5646 2444 5696 Ἀπὸ
2470 5646 2587 5709 τῆς,
2614 5658 2716 5700 etc.
