3876 6220
256 336 367 389 επ
1141 338 1229 392 DE
1268 337 1542 393 TITULIS
1580 338 2029 397 PSALMORUM.
2073 372 2134 381 —
2179 341 2373 399 PSAL.
2408 342 2591 409 LVIIJ

3409 349 3513 403 878

330 451 384 508 6.
423 452 837 523 Ἐπλανὴθησαν
865 454 971 507 ἀπὸ
1004 458 1259 528 γαστρὸς,
1284 459 1553 529 ἐλάλησαν
1584 459 1773 529 ψευδῆ.

2009 460 2061 514 6.
2095 462 2426 519 Erraveruut
2455 465 2523 519 ab
2553 472 2728 531 utero,
2758 464 2923 520 locuti
2958 474 3085 522 sunt
3112 464 3267 520 falsa.

340 542 390 596 7.
416 543 594 613 Θυμὸς
624 544 805 607 αὐτοῖς
830 544 969 597 κατά
994 544 1092 617 τὴν
1120 548 1378 617 ὁμοίωσιν
1411 549 1505 602 τοῦ
1534 549 1730 619 ὄφεως,

338 633 390 688 8.
432 635 572 687 Ὠσεὶ
591 635 812 699 ἀσπίδος
832 637 1039 707 κωφῆς,
1063 638 1157 691 καὶ¹
1178 638 1412 711 βυούσης
1431 640 1500 694 τὰ
1517 635 1630 694 ὦτα
1650 643 1837 714 αὐτῆς

339 726 391 780 9.
430 728 585 791 Ἤτις
612 728 713 780 οὐκ
744 728 1114 783 είσακούσεται
1144 731 1327 801 φωνῆς
1348 733 1673 804 ἐπᾳδόντων,
1701 752 1839 805 φαρ-

258 834 447 885 μακου
470 834 549 881 τε,

338 908 426 962 10.
460 907 533 977 (a)
556 906 1018 979 Φαρμακευομένη
1048 908 1197 980 παρὰ
1223 909 1405 979 σοφοῦ.

338 998 427 1051 11.
469 1000 525 1050 '0
554 998 685 1061 θεὸς
711 998 985 1067 συντρίψει
1034 1000 1159 1063 τοὺς
1188 999 1407 1065 ὀδόντας
1444 1003 1623 1057 αὐτῶν
1664 1005 1721 1058 ἐν
1762 1006 1841 1077 τῷ

258 1090 497 1161 στόματι
525 1089 703 1141 αὐτῶν
719 1104 733 1119 ⁸

338 1181 425 1234 12.
450 1181 558 1243 Τάς
583 1180 755 1251 μύλας
778 1181 886 1234 τῶν
914 1182 1144 1235 λεόντων
1171 1184 1493 1238 πνὲθλασεν
1519 1188 1547 1238 ὁ
1568 1184 1791 1259 Κύριος.

336 1275 424 1328 15.
465 1272 1007 1345 Ἐξουδενωθήσονται
1034 1275 1164 1328 ὡσεὶ
1188 1275 1331 1348 ὕδωρ
1355 1277 1801 1348 διαπορευόμενον
1821 1295 1834 1308 ·

335 1365 423 1418 14.
470 1366 701 1418 Ἐντενεί
722 1365 784 1418 τὸ
815 1365 965 1430 τόξον
999 1366 1183 1433 αὐτοῦ,
1212 1368 1315 1431 ἕως
1342 1363 1402 1422 οὗ
1428 1369 1833 1439 ἀσθενήσουσιν.

331 1456 419 1510 15.
461 1456 601 1509 Ὠσεὶ
623 1458 792 1528 κηρὸς
820 1458 1024 1522 τακεὶς,
1054 1458 1623 1531 ἀνταναιρεθήσονται·

326 1549 415 1603 16.
453 1550 653 1602 Ἔπεσε
675 1548 790 1622 πῦρ
812 1551 899 1603 ἐπ’
921 1551 1136 1615 αὐτοὺς,
1161 1552 1254 1607 καὶ
1274 1553 1373 1605 οὐκ
1399 1548 1536 1605 εἶδον
1556 1553 1646 1607 τὸν
1664 1554 1834 1624 ἥλιον.

332 1641 421 1694 17.
466 1642 580 1713 Πρὸ
629 1642 723 1695 τοῦ
778 1643 1016 1696 συνιέναι
1081 1644 1182 1708 τὰς
1233 1644 1472 1707 ἀκάνθας
1529 1644 1683 1715 ὑμῶν
1737 1646 1835 1717 τὴν

254 1732 488 1802 ῥάμνον·

2017 554 2067 607 7.
2094 554 2269 611 Furor
2294 557 2400 612 illis
2427 557 2723 613 secundum
2754 557 3165 615 similitudinem
3200 560 3464 629 serpentis
3496 578 3511 615 :

2014 645 2069 699 8.
2108 644 2261 700 Sicut
2292 648 2495 718 aspidis
2528 649 2723 715 surdae,
2750 657 2804 704 et
2835 650 3141 705 obturantis
3164 666 3324 706 aures
3349 666 3512 708 suas:

2012 736 2066 791 9.
2104 736 2237 803 Quae
2281 754 2391 793 non
2436 741 2689 795 exaudiet
2737 756 2923 797 vocem
2979 742 3412 810 incantantium,
3462 752 3516 799 et

1939 830 2187 895 venetici,

2016 921 2100 975 10.
2127 920 2257 986 Quae
2288 923 2593 979 incantatur
2622 940 2653 979 a
2687 925 2947 995 sapiente.

2010 1012 2096 1065 11.
2128 1011 2272 1067 Deus
2301 1022 2541 1068 conteret
2566 1014 2751 1069 dentes
2778 1030 2967 1070 eorum
3003 1016 3057 1070 in
3092 1031 3186 1071 ore
3214 1016 3454 1086 ipsorum
3492 1032 3505 1067 :

2012 1186 2099 1240 12.
2136 1186 2306 1242 Molas
2333 1188 2550 1242 leonum
2583 1187 2848 1259 confregit
2886 1188 3169 1246 Dominus.

2014 1277 2101 1330 15.
2122 1278 2201 1332 Ad
2220 1279 2446 1333 nihilum
2465 1279 2747 1334 devenient
2763 1290 3019 1348 tanquam
3036 1295 3174 1349 aqua
3193 1280 3509 1339 decurrens.

2011 1367 2097 1421 14.
2126 1367 2367 1423 lntendet
2394 1384 2579 1424 areum
2606 1386 2786 1433 suum,
2813 1370 2985 1424 donec
3009 1371 3367 1425 inﬁrmentur.

2008 1459 2095 1514 15.
2128 1459 2281 1515 Sicut
2306 1476 2431 1516 cera
2455 1476 2576 1530 quae
2601 1460 2739 1526 ﬂuit,
2765 1461 3081 1515 auferentur
3117 1480 3130 1516 :

2009 1551 2093 1605 16.
2124 1552 2328 1607 Cecidit
2347 1553 2485 1622 ignis
2504 1569 2667 1623 super
2690 1570 2808 1622 eos,
2831 1562 2883 1608 et
2911 1571 3016 1609 non
3037 1553 3291 1607 viderunt
3314 1555 3509 1610 solem.

2009 1642 2097 1697 17.
2121 1642 2446 1713 Priusquam
2489 1644 2852 1716 intelligerent
2892 1647 3062 1716 spinae
3094 1656 3287 1702 vestrae
3324 1647 3511 1701 rham-

1938 1750 2066 1789 num
2101 1754 2113 1788 ἒ

335 1823 419 1877 18.
466 1822 608 1876 Ὠσεὶ
650 1822 878 1889 ζῶντας,
920 1824 1053 1878 ὡσεὶ
1096 1826 1155 1879 ὲν
1190 1826 1327 1897 ὀργῇ
1369 1827 1694 1879 καταπίεται
1742 1828 1828 1880 αύ-

2012 1822 2097 1876 18.
2133 1824 2287 1879 Sicut
2319 1824 2580 1891 viventes,
2612 1825 2754 1880 sicut
2779 1825 2831 1878 in
2864 1825 2943 1879 ira
2979 1826 3234 1881 absorbet
3265 1841 3379 1883 eos.

250 1914 384 1978 τούς
414 1914 509 1984 (b).

328 2006 415 2061 19.
454 2006 899 2078 Εὑιρρανθήσεται
924 2008 1152 2070 δίκαιος,
1187 2009 1315 2061 ὅταν
1344 2008 1427 2079 ἴδῃ
1450 2008 1757 2077 ἐκδίκησινσ

324 2098 417 2152 20.
450 2098 560 2162 Τάς
592 2102 779 2170 χεῖρας
819 2097 984 2152 αὑτοῦ
1038 2099 1248 2169 νίψεται
1306 2103 1363 2154 ἐν
1394 2100 1473 2171 τῷ
1506 2101 1696 2172 αἵματι
1735 2101 1827 2154 τοῦ

251 2189 607 2261 ἀμαρτωλοί

328 2281 419 2334 21.
451 2282 559 2334 Καὶ
587 2279 704 2353 ἐρεῖ
727 2278 1041 2352 ἄνθρωπος·
1074 2282 1137 2335 Εἰ
1164 2283 1272 2353 ἄρα
1322 2280 1439 2334 ἐστὶ
1495 2281 1705 2351 καρπὸς
1752 2281 1829 2351 τῷ

248 2373 450 2443 δικαίῳ
468 2391 482 2403 ·

324 2463 416 2517 22.
450 2465 592 2535 Ἀρα
622 2465 770 2518 ἐστὶν
800 2467 829 2518 ὁ
865 2463 997 2528 Θεὸς
1022 2463 1222 2535 κρίνων
1246 2465 1441 2527 αὐτοὺς
1475 2466 1531 2517 ἐν
1555 2466 1621 2535 τῇ
1650 2466 1739 2535 γῇ.

326 2676 404 2751 (ᾳ)
434 2676 589 2751 _Vers.
624 2678 710 2745 10,
733 2678 1027 2751 Φαρμακοῦ
1049 2697 1131 2746 τε,
1158 2691 1288 2749 etc.,
1324 2681 1509 2751 σοφοῦ.

330 2746 405 2818 (b)
434 2746 491 2801 In
522 2763 695 2821 marg.
725 2746 865 2805 cedi
884 2750 1049 2822 ὑμᾶς.

2005 2005 2088 2061 19.
2121 2004 2416 2061 Laetabitur
2442 2006 2625 2077 justus
2663 2022 2785 2060 cum
2818 2006 3013 2060 viderit
3036 2005 3330 2060 vindictam
3359 2023 3372 2059 :

2004 2095 2095 2149 20.
2128 2095 2319 2151 Manus
2347 2113 2474 2152 suas
2505 2096 2708 2152 lavabit
2733 2096 2788 2150 in
2824 2096 3089 2166 sanguine
3110 2098 3432 2165 peccatoris.

2003 2278 2092 2331 21.
2126 2276 2193 2331 Et
2216 2276 2360 2332 dicet
2384 2278 2550 2333 homo
2585 2296 2598 2333 :
2636 2276 2691 2332 Si
2720 2278 2907 2348 utique
2944 2287 3026 2333 est
3057 2276 3269 2332 fruetus
3304 2276 3453 2347 justo
3486 2292 3502 2331 :

2009 2459 2096 2515 22.
2131 2458 2333 2531 Utique
2357 2469 2440 2516 est
2468 2459 2609 2516 Deus
2631 2460 2885 2531 judicans
2918 2473 3014 2515 eos
3047 2459 3101 2514 in
3124 2466 3287 2513 terra.

1377 2947 1753 3005 ATHANASII
1787 2948 2376 3007 INTERPRETATIO.

323 3152 376 3206 6.
406 3151 622 3223 Πλάνην
650 3152 759 3224 γάρ
790 3152 867 3224 (1)
898 3153 1087 3208 ἔλαϐον
1117 3154 1223 3208 ἀπὸ
1253 3154 1344 3208 τοῦ
1373 3154 1764 3226 βαπτίσματος.

2003 3156 2056 3210 6.
2090 3158 2134 3208 Α
2160 3156 2432 3225 baptismo
2461 3155 2607 3211 enim
2639 3168 2881 3209 errorem
2917 3151 3149 3223 amplexi
3179 3162 3327 3209 sunt.

323 3244 374 3297 7.
393 3244 457 3296 'H
472 3243 657 3316 διδαχὴ
674 3246 853 3299 αὐτῶν
869 3246 1336 3319 θανατηφόρος,ὼς
1352 3250 1380 3300 ὁ
1394 3248 1507 3311 υἱὸς
1522 3248 1614 3300 τοῦ
1631 3248 1825 3318 ὄφεως.

322 3334 376 3388 8.
420 3336 553 3388 ’Δπὺ
576 3337 675 3406 τῆς
703 3337 956 3408 ἀληθείας
977 3340 1074 3411 τὴν
1104 3339 1269 3411 ἀκοὴν
1304 3340 1759 3411 ἀποστρέψουσιν.

323 3425 378 3479 9.
422 3424 610 3488 Οὕτως
658 3426 776 3478 οὐδὲ
821 3420 967 3481 οὗτοι
1014 3428 1269 3482 ἀκούουσι
1318 3428 1426 3481 τῶν
1472 3415 1830 3482 διδασκόντων

245 3516 449 3581 αὐτοὺς
474 3517 574 3588 τὴν
601 3517 878 3589 ἀλήθειαν.

328 3608 415 3661 10,
454 3610 517 3661 Οἱ
566 3609 869 3663 διδάσκαλοι
915 3609 1093 3664 αὐτῶν
1144 3614 1211 3683 τῇ
1270 3611 1431 3682 σοφίᾳ
1478 3611 1571 3664 τοῦ
1622 3612 1827 3683 κόσμου

246 3700 444 3753 τούτου
486 3701 769 3755 ἀπατῶσιν
797 3703 1015 3767 αὐτούς.

330 3791 413 3843 11.
449 3790 560 3855 Τάς
585 3792 934 3857 διδασκαλίας
971 3794 1171 3847 αὐτῶν.

323 3882 412 3936 12.
445 3884 584 3946 Τοὺς
614 3885 945 3956 ἡγουμένους
975 3885 1175 3939 αὐτῶν.

325 3976 412 4030 15.
460 3976 525 4029 Ἦ
556 3978 742 4049 ἡμέρα
768 3978 845 4050 (2)
873 3979 971 4049 τῆς
998 3979 1231 4051 κρίσεως
1261 3980 1557 4050 ἀπορρίψει
1585 3980 1802 4042 αὐτούς.

326 4065 413 4119 14.
456 4066 757 4136 Ἐνισχύσει
802 4066 894 4121 τὸν
932 4066 1088 4135 λόγον
1122 4068 1215 4121 τοῦ
1262 4068 1619 4139 κηρύγματος
1661 4070 1827 4123 αὐτοῦ

248 4157 356 4219 ἑως
384 4158 482 4227 τῆς
511 4155 840 4221 συντελείας.

323 4248 410 4303 15.
457 4248 546 4312 Ὠς
572 4250 600 4301 ὁ
643 4250 813 4321 κηρὸς
843 4248 920 4321 (5)
961 4252 1018 4303 ὲν
1055 4250 1134 4322 τῷ
1169 4252 1299 4323 πυρὶ
1329 4252 1695 4320 ἀναλίσκεται,
1734 4252 1827 4305 οὖ-

249 4357 359 4401 τως
383 4340 537 4393 ἔσται
567 4342 600 4411 ὴ
632 4339 877 4395 ἀπώλεια
904 4340 1109 4395 αὐτῶν·

322 4430 409 4484 16.
463 4431 899 4501 Κατεκυρίευσεν
948 4433 1124 4486 αὐτῶν
1176 4437 1205 4488 ὁ
1248 4436 1523 4501 Σατανᾶς,
1582 4436 1676 4488 καὶ
1732 4436 1831 4488 οὐκ

247 4523 492 4591 ἔγνωσαν
521 4522 611 4575 τὸν
636 4523 863 4595 Κύριον.

322 4614 409 4677 17,
444 4613 530 4667 18.
564 4613 678 4685 Πρὸ
706 4615 798 4667 τοῦ
821 4614 921 4678 τὰς
953 4615 1179 4686 ἀνομίας
1201 4615 1353 4685 ὑμῶν
1374 4614 1822 4687 κεκολλῆσθαιτῷ

245 4706 498 4775 1.αὸόλῳ,
528 4706 603 4769 ὡς
629 4706 706 4759 ἔτι
730 4707 853 4759 ἐστὲ
879 4706 1097 4771 ζῶντες,
1128 4710 1186 4762 ὲν
1210 4711 1273 4779 τῇ
1308 4710 1443 4779 ὀργῇ
1483 4707 1649 4761 αὐτοῦ
1691 4724 1824 4761 κατ-

245 4801 400 4855 έπιεν
434 4798 578 4867 ὑμᾶς
602 4797 693 4849 διὰ
723 4798 820 4867 τὴν
853 4798 1059 4869 πλάνην
1088 4800 1186 4869 τῆς
1219 4801 1481 4871 αἱρέσεως
1504 4799 1678 4869 ὑμῶν.

320 4888 407 4942 19.
454 4889 540 4940 Ἐν
569 4888 648 4959 τῷ
679 4888 855 4960 καιρῷ
885 4890 984 4959 τῆς
1009 4891 1441 4954 ἀνταποδόσεως.

313 4980 409 5035 20.
452 4980 650 5033 Ἀϐὦον
676 4980 865 5035 ἑαυτὸν
889 4980 1050 5046 δείξει
1080 4981 1153 5053 (4)
1177 4982 1286 5036 ἀπὸ
1316 4982 1413 5051 τῆς
1442 4979 1734 5051 ἁμαρτίας.

314 5073 409 5128 21.
439 5073 548 5125 Καὶ
577 5074 693 5143 ὲρεῖ
718 5072 947 5137 ἕκαστος
967 5089 981 5103 ⁶
1021 5074 1226 5138 Ὄντως
1242 5072 1390 5126 ἐστὶν
1421 5070 1818 5144 μισθαποδοσία

241 5166 326 5237 τῷ
351 5163 567 5234 δικαίῳ.

312 5256 407 5309 22.
436 5257 646 5320 Ὄντως
680 5257 823 5311 ἐστὶν
850 5259 879 5309 ὁ
916 5258 1082 5312 ποιῶν
1114 5254 1293 5311 αὐτῶν
1316 5254 1415 5326 τὴν
1442 5253 1744 5323 ἐκδίκησιν.

2006 3247 2057 3301 7.
2092 3246 2348 3302 Doctrina
2371 3260 2559 3301 eorum
2606 3244 2908 3309 mortifera,
2948 3254 3008 3298 ut
3036 3244 3185 3300 ﬁlius
3209 3247 3503 3316 serpentis.

2003 3338 2057 3393 8.
2085 3339 2349 3393 Avertunt
2371 3338 2613 3393 auditum
2638 3352 2668 3391 a
2694 3338 2938 3392 veritate.

2003 3425 2056 3480 9.
2101 3424 2178 3479 Ita
2224 3440 2400 3495 neque
2447 3426 2537 3480 isti
2586 3426 2814 3480 audiunt
2864 3426 3121 3481 docentes
3168 3441 3264 3482 eos
3311 3428 3504 3483 verita-

1933 3528 2064 3571 tem.
2820 3565 2843 3573 κ

2004 3607 2092 3660 10.
2123 3606 2361 3678 Magistri
2390 3621 2582 3661 eorum
2612 3606 2874 3676 sapientia
2926 3606 3088 3677 hujus
3122 3608 3310 3661 mundi
3355 3608 3501 3664 deci-

1931 3699 2089 3769 piunt
2117 3714 2231 3753 eos.

2006 3792 2091 3844 11.
2126 3790 2368 3859 Ipsorum
2398 3789 2692 3845 doctrinas.

2006 3880 2094 3937 12.
2123 3879 2299 3934 Duces
2328 3895 2541 3935 eorum.

2003 3974 2089 4026 15.
2124 3971 2248 4025 Dies
2271 3969 2462 4038 judicii
2495 3969 2747 4040 projiciet
2770 3983 2884 4023 eos.

2001 4066 2089 4119 11.
2135 4063 2523 4119 Corroborabit
2569 4077 2878 4117 sermonem
2931 4060 3332 4131 praadicationis
3387 4079 3499 4119 suae

1932 4173 2106 4228 usque
2132 4157 2197 4211 ad
2230 4156 2778 4212 consummationem.
3120 4201 3127 4207 .

2004 4249 2091 4302 15.
2143 4246 2209 4301 Ut
2242 4262 2366 4303 cera
2412 4247 2535 4317 igne
2579 4246 2942 4314 consumitur,
2989 4245 3070 4302 sic
3118 4246 3221 4301 erit
3266 4245 3497 4315 perditio

1931 4356 2118 4396 eorum
2128 4382 2143 4397 ο

2004 4432 2091 4487 16.
2124 4432 2446 4487 Dominatus
2482 4441 2567 4487 est
2601 4433 2681 4487 eis
2729 4429 2983 4496 Satanas,
3016 4440 3069 4486 et
3094 4446 3200 4485 non
3229 4445 3497 4501 cognove-

1930 4536 2060 4581 runt
2093 4527 2404 4581 Dominum.

2000 4618 2203 4685 17,18.
2237 4618 2561 4686 Priusquam
2610 4624 2803 4671 vestrae
2842 4614 3155 4685 iniquitates
3190 4616 3497 4670 adhmreant

1928 4710 2164 4775 diabolo,
2206 4717 2266 4763 ut
2313 4709 2489 4763 adhuc
2519 4707 2759 4761 viventes
2785 4708 2938 4773 estis,
2974 4707 3030 4761 in
3067 4706 3148 4761 ira
3192 4722 3290 4763 sua
3334 4712 3498 4763 devo-

1929 4802 2075 4856 rabit
2108 4816 2207 4855 vos
2231 4809 2447 4869 propter
2477 4813 2717 4853 errorem
2746 4797 2969 4853 haeresis
3004 4806 3216 4852 vestrae.

2004 4892 2092 4945 19.
2125 4890 2183 4944 ln
2207 4899 2448 4959 tempore
2472 4887 2863 4944 retributionis.

1995 4982 2085 5036 20.
2120 4981 2325 5035 Purum
2357 4996 2416 5035 se
2450 4981 2627 5049 ipsum
2655 4981 2910 5033 ostendet
2943 4993 2973 5032 a
3005 4988 3250 5049 peccato.

1994 5075 2085 5128 21.
2118 5072 2184 5126 Ει
2218 5072 2364 5127 dicet
2409 5070 2822 5140 unusquisque:
2861 5068 2994 5125 Vere
3033 5080 3119 5125 est
3144 5071 3294 5140 justo
3337 5071 3499 5126 retii-

1926 5164 2099 5220 buﬁo.

1992 5256 2082 5310 22.
2115 5252 2369 5310 Profecto
2404 5260 2489 5307 est
2520 5251 2724 5307 faciens
2752 5265 2942 5307 eorum
2974 5250 3285 5306 vindictam.

1194 5462 1497 5525 Addenda
1533 5466 1592 5523 et
1618 5457 1993 5537 corrigenda
2038 5472 2117 5517 ex
2166 5453 2305 5515 cod.
2344 5452 2544 5515 Vatic.

341 5672 393 5741 1)
422 5671 656 5741 Πλάνην,
692 5672 757 5741 ἢν
789 5669 1115 5741 παρέλαϐον.

339 5740 398 5811 2)
428 5743 506 5813 Τῇ
538 5740 789 5812 ἡμέρᾳ...
822 5740 1163 5811 ἀπορρίψας.

1993 5662 2071 5728 (5)
2103 5661 2244 5714 Ὣσεὶ
2271 5661 2461 5730 κηρός,
2493 5670 2598 5717 etc.

1996 5731 2071 5805 (4)
2118 5731 2436 5797 Ἀποδείξει.
