3876 6220
404 321 511 381 8'19
1230 318 1285 372 S.
1331 318 1709 373 ATHANASII
1748 319 1897 373 OPP.
1944 320 2121 374 PARS
2160 319 2245 374 ΙΙΙ.
2309 349 2350 361 -—
2396 318 2810 376 EXEGETIUA.
3552 324 3665 379 880

406 436 474 492 In
507 439 700 503 linem,
738 452 799 489 ne
830 434 1138 503 disperdas,
1177 435 1384 503 David,
1424 438 1477 489 in
1510 437 1652 490 tituli
1676 438 1937 505 inscriptit

2133 442 2185 505 ἰς
2210 440 2274 493 τὸ
2300 438 2494 504 τέλος,
2518 440 2604 509 μὴ
2638 440 3004 509 διαφθείρῃς,
3034 441 3113 506 τῷ
3144 440 3341 505 Δαόὶδ,
3388 443 3475 508 εἰς
3508 459 3660 510 στη-

473 547 611 596 nem,
636 546 754 583 cum
781 528 923 583 misit
945 527 1096 592 Saul,
1128 538 1176 582 et
1201 530 1480 583 custodiuit
1519 531 1733 584 domum
1759 532 1895 601 ejus,
1922 543 1978 589 ut

2150 536 2500 602 λογραφίαν,
2533 536 2712 588 ὁπότε
2750 534 3070 588 ἀπέστειλε
3095 534 3293 588 Σαοὺλ
3319 576 3333 597 _.
3388 535 3485 588 καὶ
3514 536 3663 604 ἐφύ-

474 640 595 678 eum
627 623 972 691 interﬁceret.
1003 620 1208 676 PSAL.
1242 621 1470 676 LVIII.

2151 626 2301 690 λαξε
2347 628 2453 679 τὸν
2491 622 2661 680 οἷκον
2688 626 2896 691 αὑτοῦ,
2927 627 3032 680 τοῦ
3063 626 3399 681 θανατῶσαι
3442 629 3639 682 αὐτόν

2156 718 2329 769 ΨΑΛ.
2362 717 2498 769 NH'.
3266 720 3275 730 ’

480 823 529 876 1.
562 820 724 891 Eripe
751 834 839 875 me
869 820 936 875 de
965 819 1204 874 inimicis
1234 820 1371 875 meis
1395 862 1408 885 ,
1436 819 1579 875 Deus
1613 838 1625 874 :

2153 810 2203 861 1.
2249 807 2460 874 Ἐξέλου
2500 825 2565 877 με
2605 808 2669 860 ἐκ
2696 807 2802 861 τῶν
2835 807 3044 879 ἐχθρῶν
3079 826 3200 877 μου,
3234 810 3263 862 ὁ
3294 808 3454 872 656;-

476 915 530 968 2.
556 913 623 969 Ει
647 914 715 968 ab
743 913 1153 984 insurgentibus
1183 914 1238 966 in
1273 929 1359 968 me
1390 913 1559 968 libera
1591 930 1695 968 me.

2149 900 2203 954 2.
2237 901 2345 955 Καὶ
2368 901 2431 953 ἐκ
2447 901 2552 955 τῶν
2573 901 3017 971 ἐπανισταμένων
3044 902 3129 955 ἐπ’
3150 903 3249 972 ἐμὲ
3266 902 3539 974 λύτρωσαί
3565 922 3660 974 με.

476 1007 530 1061 '5.
564 1006 727 1076 Eripe
757 1020 843 1060 me
876 1007 943 1060 de
970 1006 1323 1075 operantibus
1351 1006 1688 1075 iniquitatem
1718 1026 1729 1060 :

2151 995 2203 1047 3.
2244 992 2431 1046 Ῥὖσαί
2460 1011 2525 1064 με
2556 995 2619 1046 ἐκ
2664 993 2772 1047 τῶν
2798 994 3179 1066 ἐργαζομένων
3206 994 3304 1066 τὴν
3353 996 3587 1065 ἀνομίαν
3609 1019 3624 1030 ο

470 1101 526 1155 4.
556 1098 619 1151 Et
649 1100 715 1154 de
738 1098 870 1153 viris
901 1100 1227 1169 sanguinum
1264 1099 1410 1153 salva
1434 1114 1541 1154 me.

2151 1086 2203 1139 4.
2240 1087 2349 1139 Καὶ
2377 1084 2437 1150 ἐξ
2468 1085 2677 1157 ἀνδρῶν
2704 1086 2953 1157 αἱμάτων
2984 1085 3153 1138 σῶσόν
3184 1103 3271 1156 με.

474 1191 529 1245 5.
566 1189 704 1256 Quia
737 1204 864 1245 ecce
886 1200 1145 1259 ceperunt
1179 1192 1419 1244 animam
1449 1206 1623 1245 meam
1662 1233 1672 1243 .

2146 1179 2199 1233 5.
2232 1180 2351 1231 ’Ὁτι
2380 1179 2487 1232 ἰδοὺ
2518 1179 2815 1249 ἐθήρευσαν
2842 1180 2936 1250 τὴν
2956 1179 3132 1250 ψυχήν
3166 1197 3265 1250 μου

476 1282 529 1334 6.
560 1281 842 1338 lrruerunt
868 1283 921 1336 in
954 1298 1040 1337 me
1069 1282 1258 1337 fortes.

2151 1271 2203 1326 6.
2240 1270 2525 1324 Ἐπέθεντο
2551 1273 2635 1322 ἐπ’
2658 1271 2756 1340 ἐμὲ
2782 1270 3049 1340 κραταιοί.

476 1373 528 1425 '7.
556 1370 744 1441 Neque
773 1372 1035 1442 iniquitas
1070 1387 1186 1425 mea
1207 1412 1221 1437 ,
1251 1386 1427 1440 neque
1457 1376 1738 1438 peccatum
1770 1383 1973 1436 meum,

2146 1364 2201 1418 7.
2234 1363 2370 1417 Οὔτε
2395 1364 2643 1436 ήάνομία
2665 1382 2788 1435 μου,
2823 1363 2944 1416 οὔτε
2976 1366 3007 1435 ἡ
3040 1362 3285 1433 ἁμαρτία
3306 1380 3429 1435 μου,
3454 1362 3656 1433 Κύριε·

408 1463 636 1520 Domine
669 1484 682 1519 :

474 1556 527 1611 8.
568 1556 698 1613 Sine
730 1556 1015 1626 iniquitate
1043 1554 1283 1618 cucurri,
1315 1563 1368 1609 et
1389 1554 1583 1609 direxi.

2147 1543 2200 1599 8.
2234 1544 2393 1595 Ἀνευ
2424 1543 2652 1614 ἀνομίας
2683 1542 2935 1613 ἔδραμον,
2960 1541 3054 1594 καὶ
3085 1540 3403 1595 κατεύθυνα.

473 1650 526 1704 9.
560 1649 808 1721 Exsurge
834 1651 890 1704 in
916 1664 1205 1705 occursum
1242 1663 1446 1712 meum,
1483 1657 1536 1701 et
1560 1646 1681 1701 vide
1711 1665 1725 1700 :

2146 1634 2197 1689 9.
2247 1634 2591 1706 Ἐξεγέρθητι
2620 1637 2697 1697 εἰς
2728 1634 3050 1704 συνάντησίν
3085 1650 3208 1703 μου,
3238 1635 3329 1686 καὶ
3366 1635 3440 1687 ἴδε
3465 1650 3477 1663 ·

475 1741 564 1797 10.
601 1741 667 1796 Et
693 1750 783 1807 tu,
826 1741 1054 1797 Domine
1084 1740 1227 1795 Deus
1255 1740 1517 1794 virtutum
1540 1780 1554 1805 ,
1594 1738 1744 1793 Deus
1769 1736 1934 1793 Israel
1959 1779 1973 1805 ,

2149 1728 2232 1782 10.
2262 1726 2373 1780 Καὶ
2408 1726 2491 1790 σὺ,
2522 1725 2691 1797 Κύριε
2730 1728 2757 1779 ὁ
2790 1725 2922 1788 Θεὸς
2948 1724 3054 1779 τῶν
3099 1724 3405 1796 δυνάμεων,
3444 1727 3473 1777 ὁ
3518 1725 3661 1789 Θεὸς

2130 1819 2169 1872 »ὖ
2212 1818 2446 1889 Ἰσραὴλ,

2008 1855 2053 1911 Β
2077 1820 2169 1874 τοῦ
2194 1820 2446 1911 βΙσραῂλ,

475 1918 561 1973 11.
596 1917 820 1973 Intende
852 1917 916 1972 ad
939 1917 1238 1972 visitandas
1262 1931 1452 1970 omnes
1482 1923 1667 1985 gentes
1698 1932 1710 1969 :

2042 1908 2045 1909 ⁷
2150 1910 2234 1964 11.
2273 1910 2515 1981 Πρὸσχες
2544 1909 2638 1962 τοῦ
2672 1909 3073 1979 ἐπισκέψασθαι
3106 1910 3283 1964 πάντα
3317 1909 3386 1962 τά
3412 1908 3537 1982 ἔθνη
3559 1929 3573 1941 ·

474 2009 564 2065 12.
596 2007 719 2065 Non
765 2010 1078 2066 miserearis
1108 2008 1366 2063 omnibus
1421 2008 1513 2077 qui
1544 2013 1839 2076 operantur
1871 2004 1974 2058 ini-

2148 2005 2233 2059 12.
2261 2004 2353 2077 Μὴ
2380 2005 2722 2078 οἰκτειρήσῃς
2750 2005 2955 2069 πάντας
2988 2004 3114 2067 τοὺς
3142 2002 3539 2076 ἐργαζομένους
3554 2001 3657 2076 τὴν

403 2100 689 2173 quemm-

2075 2096 2322 2167 ἀνομίαν.

1522 2248 1894 2305 ATHANASII
1934 2247 2524 2303 INTERPRETATIO.

490 2414 905 2485 Ὴτιτροκειμένη
935 2412 1216 2483 ἐπιγραφὴ
1242 2410 1484 2482 περιέχει
1510 2410 1586 2479 (1)
1608 2426 1621 2438 ·
1643 2410 1746 2473 Εἰς
1764 2407 1835 2461 τὸ
1860 2407 2054 2472 τέλος,
2076 2406 2162 2475 μὴ
2194 2405 2561 2476 διαφθείρῃς,
2590 2403 2670 2470 τῷ
2692 2405 2869 2460 Δαϐὶδ
2882 2405 2970 2473 είς
2989 2409 3462 2478 στηλοποαφίαν.
3484 2410 3664 2463 Τοῦτο

402 2508 494 2564 οὖν
516 2510 699 2578 λέγει’
724 2510 803 2572 εἰς
831 2508 1035 2579 ἀρετήν
1053 2523 1172 2559 τινα
1200 2503 1292 2557 τοῦ
1322 2505 1551 2574 Κυρίου,
1581 2504 1702 2572 ἥτις
1736 2502 1853 2555 ἐστὶ
1883 2500 2280 2572 στηλογραφία,
2306 2499 2393 2568 μὴ
2414 2499 2763 2568 διαφθείρῃς
2796 2500 2901 2563 ἕως
2948 2501 3182 2566 τέλους.
3220 2498 3353 2556 Εἶτα
3372 2519 3385 2533 ·
3450 2503 3664 2557 Ὁπότε

398 2606 720 2660 ἀπέστειλε
740 2602 961 2667 Σαοὺλ,
992 2602 1090 2655 καὶ
1119 2600 1423 2670 ἐφύλαξεν
1454 2596 1622 2653 οἶκον
1653 2598 1859 2664 αὐτοῦ,
1894 2598 1997 2651 τοῦ
2025 2597 2363 2653 θανατῶσαι
2399 2597 2604 2659 αὑτὸν,
2630 2598 2937 2661 τουτέστιν,
2976 2596 3151 2659 οὕτως
3190 2600 3284 2652 καὶ¹
3334 2601 3363 2652 ὀ
3409 2600 3664 2664 διάϐολος

397 2695 718 2750 ἀποστέλλει
746 2694 1073 2765 ὲπιτηρῆσαι
1100 2693 1195 2745 τὸν
1226 2689 1370 2745 οἶκον
1398 2691 1585 2756 αὑτοῦ,
1610 2690 1701 2743 τοῦ
1731 2689 2059 2743 θανατῶσαι.
2090 2690 2180 2761 Μὴ
2218 2689 2539 2761 διαφθείρῃς
2572 2686 2665 2743 οὖν
2684 2690 2787 2753 ἕως
2821 2689 3008 2753 τέλους
3036 2689 3222 2763 [τινά]
3280 2693 3389 2745 τῶν
3422 2693 3663 2746 ἐντολῶν

395 2787 493 2840 τοῦ
520 2786 749 2857 Κυρίου,
776 2784 914 2837 ἀλλὰ
936 2784 1063 2853 λέγε
1083 2783 1174 2836 τὸν
1196 2782 1635 2852 ὑποτεταγμένον
1660 2780 1894 2852 ψαλμόν.
1943 2780 2210 2843 Πολλάκις
2236 2779 2344 2851 γὰρ
2378 2782 2611 2849 εἴπαμεν
2653 2780 2751 2851 τὴν
2799 2781 3096 2851 ἑρμηνείαν
3131 2780 3223 2834 τοῦ
3258 2783 3523 2853 ὀνόματος
3559 2786 3663 2837 καὶ

395 2882 505 2937 τοῦ
535 2881 757 2945 Σαοὺλ,
790 2878 884 2932 καὶ
915 2878 1022 2932 τοῦ
1048 2876 1246 2943 Δαϐὶδ,
1270 2877 1357 2929 ὁτὲ
1384 2876 1481 2947 μὲν
1514 2877 1593 2939 είς
1616 2874 1707 2928 τὸν
1727 2874 1929 2947 Κύριον
1956 2874 2050 2928 καὶ
2072 2876 2149 2937 είς
2168 2874 2297 2937 τοὺς
2321 2872 2488 2927 αὑτοῦ
2529 2873 2911 2945 ἑρμηνεύεται,
2953 2875 3040 2928 ὁτὲ
3074 2875 3130 2928 δὲ
3155 2878 3232 2940 εἰς
3265 2877 3355 2930 τὸν
3381 2877 3657 2931 διάϐολον.

470 2998 685 3054 Titulus
712 2997 1038 3068 praepositus
1071 2994 1354 3050 continet:
1388 2991 1454 3046 In
1488 2995 1668 3061 ﬁnem,
1713 3008 1775 3046 ne
1810 2992 2108 3060 disperdas,
2145 2990 2314 3046 David
2366 2993 2421 3045 in
2468 2991 2615 3045 tituli
2657 2992 3075 3061 inscriptionem.
3106 2991 3223 3048 Hoc
3263 2992 3427 3065 igitur
3469 2995 3611 3050 dicit
3644 3016 3658 3050 :

398 3111 460 3149 ne
487 3094 544 3147 in
575 3092 819 3162 aliquam
872 3088 1086 3144 Domini
1138 3088 1418 3150 virtutem,
1448 3102 1566 3157 quae
1601 3095 1684 3141 est
1709 3085 1851 3139 tituli
1884 3085 2196 3156 inscriptio,
2228 3085 2503 3155 disperdas
2535 3086 2661 3156 (hoc
2683 3094 2784 3152 est,
2833 3101 2902 3140 ne
2932 3085 3145 3153 pecces)
3185 3103 3356 3156 usque
3382 3088 3436 3141 in
3466 3088 3656 3157 ﬁnem.

396 3187 605 3242 Deinde
631 3205 644 3240 :
671 3186 804 3241 Cum
832 3185 974 3238 misit
1003 3181 1138 3238 Saul
1158 3226 1173 3249 ,
1199 3194 1249 3236 et
1281 3183 1562 3238 custodiuit
1587 3183 1803 3236 domum
1835 3182 1983 3251 ejus,
2015 3194 2073 3236 ut
2104 3182 2420 3250 interﬁceret
2444 3198 2561 3237 eum
2585 3224 2599 3245 ,
2630 3182 2733 3236 hoc
2757 3189 2874 3246 est,
2906 3184 2980 3237 ita
3003 3182 3166 3237 etiam
3201 3167 3454 3237 diabolus
3485 3185 3663 3240 mittit

397 3281 673 3338 custodire
705 3281 927 3335 domum
955 3280 1075 3349 ejus
1100 3317 1114 3343 ,
1138 3287 1203 3333 ut
1238 3278 1547 3335 interﬁciat.
1578 3276 1658 3333 Ne
1686 3277 1970 3347 disperdas
2009 3277 2173 3347 igitur
2205 3292 2379 3347 usque
2421 3276 2478 3332 in
2528 3276 2691 3331 tinem
2719 3276 2943 3347 aliquod
2980 3278 3364 3333 mandatorum
3407 3276 3659 3341 Domini,

398 3379 493 3434 sed
522 3378 610 3432 die
642 3377 946 3446 subjectum
978 3376 1067 3431 hic
1110 3376 1405 3446 psalmum.
1449 3371 1602 3446 Saepe
1626 3376 1774 3429 enim
1809 3374 2052 3430 diximus
2106 3374 2618 3445 interpretationem
2670 3373 2911 3429 nominis
2951 3382 3001 3427 et
3046 3372 3178 3430 Saut
3210 3384 3259 3427 et
3296 3372 3472 3428 David
3504 3388 3663 3429 nunc

397 3471 571 3541 accipi
592 3471 659 3525 de
688 3470 938 3535 Domino,
964 3479 1017 3526 et
1044 3470 1111 3526 de
1140 3471 1207 3526 iis
1233 3471 1327 3542 qui
1352 3469 1569 3525 Domini
1595 3480 1757 3536 sunt,
1786 3486 1932 3527 nunc
1954 3486 2084 3527 vero
2114 3472 2181 3527 de
2209 3470 2451 3527 diabolo.

463 3628 489 3681 1
511 3668 527 3693 ,
554 3628 610 3681 2.
644 3625 721 3681 De
745 3626 1169 3696 COgitationibus
1192 3626 1244 3679 in
1273 3626 1436 3681 corde
1471 3640 1613 3681 meo.

1997 3649 2039 3708 α
2144 3626 2197 3690 1,
2228 3626 2281 3679 2.
2319 3624 2440 3678 Τῶν
2470 3626 2527 3678 ἐν
2561 3624 2636 3698 (2)
2670 3624 2867 3696 καρδίᾳ
2899 3641 3001 3695 μου
3028 3624 3319 3693 λογισμῶν.

458 3719 515 3775 5.
550 3718 594 3772 Α
624 3718 990 3788 voluptatibus
1019 3718 1378 3771 militantibus
1409 3717 1461 3771 in
1489 3718 1751 3774 membris
1801 3718 1957 3774 meis.

2139 3715 2190 3768 5.
2218 3714 2338 3769 Τῶν
2366 3714 2569 3785 ἡδονῶν
2595 3713 2705 3767 τῶν
2740 3715 3184 3787 στρατευομένων
3218 3718 3275 3769 ἐν
3306 3717 3419 3780 τοῖς
3467 3715 3658 3786 βέλεσί

2075 3820 2175 3875 μου
2208 3804 2307 3875 (5).

464 3893 516 3945 4.
550 3890 626 3945 De
654 3890 946 3945 contrariis
976 3891 1359 3959 potestatibus.
1608 3914 1611 3918 -

2075 3820 2175 3875 μου
2208 3802 2307 3876 (5).

1608 3914 1611 3918 '
2139 3895 2192 3949 4.
2224 3894 2344 3947 Τῶν
2374 3895 2631 3949 ἐναντίων
2660 3895 2963 3965 δυνάμεων.

463 3985 520 4039 5.
554 3983 825 4050 Quoniam
856 3997 983 4037 ecce
1009 3983 1392 4053 constringunt
1418 3982 1659 4037 animam
1692 3998 1889 4039 meam.

1755 3998 1889 4039 eam.
2142 3985 2196 4041 5.
2228 3985 2351 4039 Ὅτι
2387 3985 2493 4039 ἰδοὺ
2521 3986 2803 4056 συνέχουσι
2826 3987 2924 4058 τὴν
2950 3987 3127 4057 ψυχήν
3162 4004 3286 4059 μου.

465 4072 518 4125 6.
554 4074 855 4126 Daemones.

2141 4073 2192 4128 6.
2224 4076 2287 4128 Οἱ
2317 4076 2588 4147 δαίμονες.

468 4164 519 4218 7.
555 4161 742 4233 Neque
782 4163 1044 4234 iniquitas
1087 4178 1207 4219 mea
1251 4163 1426 4221 dulcis
1462 4164 1594 4218 mihi
1636 4171 1759 4232 est,
1791 4180 1968 4235 neque

2137 4168 2188 4221 7.
2222 4166 2359 4221 Οὔτε
2384 4171 2415 4240 ή
2438 4168 2635 4241 ἀνομία
2668 4188 2768 4242 μου
2799 4170 2929 4241 ἡδέα
2965 4171 3157 4246 [ἡδεῖα]
3190 4176 3282 4244 μοί
3309 4175 3479 4240 ἐστιν,
3520 4174 3652 4229 οὔτε

391 4264 672 4325 peccatum
702 4269 904 4319 meum,
940 4253 1191 4309 Domine.

2067 4260 2099 4328 ἡ
2123 4258 2367 4332 ἁμαρτία
2395 4276 2519 4329 μου,
2544 4260 2737 4330 Κύριε.

460 4344 513 4400 8.
550 4344 688 4400 Odia
719 4346 926 4400 habens
964 4345 1307 4416 iniquitatem
1339 4348 1556 4404 cucurri
1600 4348 1657 4402 in
1694 4349 1966 4405 mandatis

2139 4347 2193 4402 8.
2231 4350 2484 4422 Μισίγτας
2514 4350 2590 4421 (4)
2617 4351 2713 4423 τὴν
2740 4351 2989 4423 ἀνομίαν,
3010 4351 3243 4424 ἔδραμον
3267 4357 3325 4409 ἐν
3354 4358 3475 4421 ταῖς
3503 4360 3653 4414 ἐντο-

390 4439 521 4503 tuis,
549 4448 603 4491 et
627 4438 800 4493 direxi
829 4441 881 4493 in
917 4438 1083 4494 corde
1118 4455 1260 4496 meo.

2064 4438 2181 4503 λαῖς
2210 4456 2326 4504 σου,
2361 4442 2454 4495 καὶ
2478 4440 2787 4496 κατεύθυνα
2812 4444 2870 4496 ἐν
2896 4447 2961 4515 τῇ
2994 4443 3192 4517 καρδίᾳ
3220 4464 3342 4517 μου.

462 4535 515 4590 9.
548 4533 681 4590 Veni
710 4535 764 4588 in
797 4535 1066 4590 auxilium
1093 4552 1297 4592 meum.

2134 4532 2187 4587 9.
2229 4531 2380 4585 Ἐλθὲ
2410 4534 2489 4596 είς
2514 4532 2610 4604 τὴν
2648 4533 2930 4604 ἀντίληψίν
2954 4552 3076 4606 μου.

464 4626 562 4693 10,
598 4629 685 4683 ll.
716 4626 798 4681 Tu
826 4629 963 4698 ipse,
1002 4628 1252 4697 Domine,
1292 4631 1438 4697 veni,
1467 4638 1519 4684 et
1542 4645 1638 4700 per
1670 4630 1961 4685 adventum

2144 4625 2229 4691 10,
2256 4626 2342 4681 11.
2380 4628 2453 4681 Σὺ
2499 4629 2677 4693 αὐτὸς,
2716 4629 2911 4701 Κύριε,
2972 4631 3113 4699 ἐλθὲ,
3170 4635 3265 4689 καὶ
3295 4634 3383 4689 διὰ
3410 4636 3509 4708 τῆς
3544 4638 3652 4710 σῆς

391 4726 543 4771 tuum
575 4733 707 4772 sana
741 4732 934 4774 omnes
960 4727 1168 4790 gentes.

2069 4720 2370 4788 παρουσίας
2401 4720 2548 4776 ίασαι
2576 4722 2753 4777 πάντα
2772 4724 2845 4777 τὰ
2873 4724 3022 4796 ἔθνη.

460 4807 545 4858 12.
577 4806 880 4862 Contrariis
910 4810 1295 4877 potestatibus.

2141 4812 2227 4865 12.
2261 4813 2338 4885 (a)
2372 4812 2482 4878 Τάς
2504 4815 2751 4879 ἐναντίας
2780 4816 3055 4888 δυνάμεις.

1342 4963 1646 5025 Addenda
1677 4973 1738 5026 et
1786 4965 2161 5046 corrigenda
2190 4984 2270 5030 ex
2299 4969 2438 5030 eod.
2474 4971 2675 5034 Vatic.

460 5128 642 5213 (1)
665 5130 882 5213 Sg‘rﬁg'
905 5128 1270 5213 κινναβάρεως
1289 5129 1557 5213 ,περιέχει
1575 5145 1590 5159 ·
1639 5129 1735 5213 Eii;
1764 5129 1825 5213 τδ
1867 5128 1956 5213 τέ·
1980 5134 2033 5193 D
2058 5129 2231 5213 οὕτως
2260 5134 2406 5213 κα).λὸ
2431 5133 2675 5213 διάξολος
2704 5137 3021 5213 ἀποστέλλει
3050 5139 3381 5213 ἐπιτηρῆσαι
3419 5145 3511 5213 τδν
3550 5163 3647 5198 πε..

387 5198 895 5290 me:
917 5198 1952 5290 seuseusternendumWes
2059 5200 2201 5290 πὲνν
2357 5198 2665 5290 tenera
2693 5207 2874 5290 αδτάνο
2915 5208 3007 5279 Μὴ
3045 5198 3367 5287 διαφσὲίὲτις
3398 5212 3493 5268 οὖν
3533 5217 3644 5279 εως

384 5266 675 5342 ᾲπέστέιλε
716 5266 920 5338 Σαοὺλ,
1074 5266 1306 5342 ἐφ’ύλαξε
1326 5269 1420 5342 τὸν
1439 5266 1589 5342 οἶκον
1616 5266 1803 5342 αὐτοῦ,
1858 5270 1951 5323 τοῦ
2054 5266 2241 5335 τέλους
2272 5273 2381 5327 τῶν
2404 5274 2651 5342 ἐντολῶν,
2679 5289 2784 5332 etc.
2995 5266 3007 5279 ’
3149 5266 3162 5280 ’
3266 5266 3278 5284 ⁸
3308 5266 3319 5287 ⁵

385 5338 691 5415 θανατῶσαι
730 5335 914 5415 αὐτόν.
946 5335 1126 5415 Tauro
1151 5335 1261 5415 οὖν-
1281 5339 1428 5415 λέγει
1465 5340 1545 5415 είς
1592 5340 1793 5415 ἀρετήν
1827 5356 1953 5415 τινα
2121 5342 2199 5415 (ﬁ)
2343 5347 2431 5415 τῇ.

384 5410 756 5485 Memmium
778 5412 896 5485 ἐστὶ
930 5410 1320 5485 ςττηλργραφίςκι
1362 5409 1446 5485 νὴ
1472 5409 1952 5485 ,διαφθείρῄςηέιρς
2127 5409 2204 5485 (ὅ)
2230 5409 2435 5485 uasa
2465 5431 2587 5485 μου·

385 5418 611 5480 Κυρίου,
637 5418 756 5534 ἢῖις
778 5418 896 5465 ἐστὶ
930 5418 1320 5482 στηλογραφία,
1362 5418 1446 5530 ἔτι
1472 5418 1814 5495 διαφθείρῃς,
1847 5418 1952 5472 ἕως
2126 5418 2204 5552 ἱὸ)
2230 5418 2435 5467 Μέλεσί
2465 5431 2587 5485 μου.

384 5478 586 5559 τέλους.
621 5483 661 5534 Ε
685 5500 773 5559 τα·
818 5482 1008 5559 Ῥπότξ
1047 5479 1328 5559 άπέστειλε
1404 5480 1553 5559 αουλ,
1596 5480 1688 5533 καὶ
1718 5479 1949 5559 ἐφυλαξε
2036 5552 2078 5559 ν-
2149 5482 2204 5552 4)
2250 5484 2547 5557 Ἐμίσησα.
2578 5526 2590 5540 .
2613 5524 2628 5540 .
2650 5524 2664 5542 .
2693 5489 2884 5555 εἰςτὰς
2909 5491 3129 5557 ἐντολάς
3154 5510 3269 5559 σου,
3302 5496 3395 5549 καὶ
3424 5495 3641 5559 κατηύ-

384 5548 474 5601 τδν
501 5546 647 5605 οἷκον
686 5552 874 5617 αὑτοῦ,
917 5550 1011 5605 τοῦ
1062 5550 1370 5605 θανατῶσαι
1415 5542 1596 5617 αὑτὸν,
1650 5542 1946 5617 sou-sgmx},
2033 5542 2211 5621 -εὶηςκπί⁸
2312 5542 2323 5554 ·
2430 5542 2441 5557 ·
2753 5542 2769 5553 -
2914 5542 2957 5545 --
3304 5542 3395 5549 rw
3425 5542 3566 5568 τ-ν--ι

454 5707 529 5773 (a)
566 5705 639 5760 N.
682 5706 748 5761 12
784 5708 941 5765 deest.
