3876 6220
261 312 366 369 831
543 288 549 292 ’
1160 306 1246 360 DE
1270 276 1569 362 ‘muus
1607 303 2056 362 PSALMORUM.
2095 335 2164 345 —
2195 303 2391 361 PSAL.
2434 303 2617 359 LVlll.
3432 304 3536 358 882

829 420 1149 493 Διάψαλμα
1182 426 1279 491 (a).
1879 430 1924 483 Α

1879 430 1924 483 Δ
2566 417 2895 489 Diapsalma.

234 510 241 517 ’
339 517 428 571 15.
470 513 921 584 Ἑπιστρέψουσιν
948 514 1028 576 είς
1076 514 1313 582 ἑσπέραν
1339 552 1353 577 ,
1408 508 1732 582 λιμώξουσιν

2035 515 2120 569 1'5.
2152 514 2555 569 Convertentur
2589 512 2658 567 ad
2680 526 2995 581 vesperam,
3028 511 3229 566 famem
3260 519 3536 575 patientur

262 605 419 659 κύων
438 646 454 672 ,
482 604 579 659 καὶ
609 603 950 658 κυκλώσουσι
985 604 1158 657 πόλιν.

1964 615 2017 661 ιιι
2042 606 2218 672 canis,
2243 615 2297 661 et
2326 606 2637 663 circuihunt
2671 606 2966 661 civitatem.

346 698 432 751 14.
464 697 594 751 Ἰδοὺ
617 695 772 749 αὐτοὶ
787 695 1221 765 ἁποφθέγξονται
1234 696 1289 747 ὲν
1302 692 1380 765 τῷ
1397 693 1624 773 στόματι
1642 690 1821 747 αὐτῶν

1587 690 1821 747 ιιαύτῶν
2031 698 2119 751 14.
2148 696 2288 753 Ecce
2318 698 2419 768 ipsi
2453 698 2746 768 loquentur
2774 698 2826 750 in
2851 711 2944 751 ore
2978 710 3077 750 suo
3104 713 3118 749 :

342 791 434 845 15.
468 789 543 862 (ὁ)
576 789 687 842 Καὶ
721 786 965 860 ῥομφαία
998 787 1055 840 ὲν
1078 788 1189 851 τοῖς
1220 786 1453 856 χείλεσιν
1477 785 1655 837 αὐτῶν
1678 800 1690 814 ·

1477 785 1655 837 αὐτῶν
1678 800 1690 814 ’
2029 794 2118 849 13.
2152 792 2219 847 Ει
2248 792 2463 862 gladius
2489 789 2543 843 in
2573 789 2736 844 labiis
2759 802 2947 842 eorum
2980 803 2993 839 :

343 882 431 937 16.
464 882 586 936 Ὅτι
620 880 703 945 τίς
725 881 957 952 ἥκουσε;
992 878 1104 932 Kal
1130 880 1224 947 σὺ,
1283 877 1456 950 Κύριε
1483 918 1498 943 ,
1540 876 1854 947 ὲκγελάσεις

2028 886 2117 941 16.
2152 884 2422 951 Quoniam
2454 883 2579 953 quis
2610 879 2857 936 audivit?
2888 877 2956 932 Et
2979 886 3068 942 ιιι,
3095 874 3355 941 Domine,
3386 875 3532 930 deri-

264 975 473 1038 οιὺτούς
495 992 511 1007 ο

1955 978 2106 1035 dehis
2138 992 2231 1032 eos
2267 994 2280 1029 :

345 1067 431 1120 17.
475 1065 880 1131 Ἐξουδενωσεις
908 1063 1089 1118 πάντα
1121 1063 1189 1117 τὰ
1218 1063 1366 1135 ἔθνη.
1740 1137 1744 1141 Ι

1740 1137 1744 1141 η
2026 1070 2113 1125 17.
2150 1068 2231 1122 Ad
2256 1066 2488 1122 nihilum
2519 1064 2756 1120 deduces
2782 1077 2975 1118 omnes
2997 1068 3202 1133 gentes.

339 1156 429 1211 18.
459 1158 533 1210 Τὸ
557 1157 757 1229 κράτος
798 1174 900 1226 μου
935 1156 1073 1227 πρὸς
1107 1156 1165 1207 σὲ
1188 1154 1428 1223 φυλάξω·

2031 1161 2117 1216 18.
2154 1158 2553 1214 Fortitudinem
2584 1171 2759 1211 meam
2793 1154 2860 1208 ad
2894 1162 2945 1208 te
2972 1151 3277 1207 custodiam
3305 1169 3316 1204 :

344 1247 431 1303 19.
469 1247 591 1301 ’Ότι
618 1248 703 1315 σὺ,
740 1249 770 1300 ὁ
796 1246 950 1310 Θεὸς,
986 1246 1339 1317 ἀντιλήπτωρ
1366 1264 1469 1317 μου
1500 1240 1570 1300 εἶ.

2022 1256 2107 1310 19.
2143 1253 2281 1319 Quia
2308 1261 2385 1315 tu,
2411 1250 2573 1315 Deus,
2607 1254 2891 1317 susceptor
2916 1261 3070 1301 meus
3098 1260 3177 1299 es.

342 1339 433 1394 20.
475 1339 535 1392 Ὀ
557 1339 689 1404 Θεός
718 1356 840 1411 μου,
869 1339 930 1391 τὸ
951 1338 1098 1402 ἔλεος
1120 1339 1283 1393 αὐτοῦ
1312 1338 1613 1409 προφθάσει
1643 1356 1708 1409 με
1731 1355 1743 1368 '

2021 1346 2112 1398 20.
2146 1344 2292 1399 Deus
2322 1357 2499 1409 meus,
2542 1338 2919 1395 misericordia
2942 1345 3036 1391 tua
3079 1335 3373 1407 praveniet
3400 1349 3486 1388 me
3515 1352 3527 1388 :

260 1500 263 1501 ν
340 1431 430 1485 21.
477 1429 535 1484 ὐ
566 1429 699 1494 Θεός
733 1448 835 1501 μου
865 1430 1027 1497 δείξει
1058 1447 1148 1502 μοι
1178 1432 1234 1485 ὲν
1273 1434 1385 1494 τοῖς
1407 1433 1616 1503 ἐχθροῖς
1652 1450 1775 1502 μου.

2018 1442 2108 1494 21.
2143 1438 2289 1493 Deus
2311 1454 2465 1492 meus
2481 1436 2730 1491 ostendet
2746 1433 2877 1487 mihi
2910 1447 3074 1502 super
3088 1430 3340 1485 inimicos
3357 1444 3526 1483 meos.

341 1521 432 1575 22.
463 1521 555 1593 Μὴ
594 1522 925 1596 ἀποκτείνῃς
957 1523 1185 1590 αὑτοὺς,
1236 1524 1444 1595 μήποτε
1487 1522 1849 1578 ἐπιλάθωνται

2017 1531 2107 1585 22.
2144 1531 2223 1586 Ne
2251 1530 2471 1585 occidas
2491 1543 2608 1592 eos,
2636 1542 2705 1581 ne
2730 1524 2951 1596 quando
2974 1523 3369 1579 obliviscantur
3398 1520 3531 1590 legis

261 1610 366 1666 τοῦ
384 1611 552 1682 νόμου
580 1629 694 1666 σου.
1950 1633 2076 1680 ωε,

340 1704 429 1758 25.
461 1705 858 1777 Διασκόρπισον
886 1706 1084 1769 αὐτοὺς
1116 1706 1173 1759 ὲν
1207 1710 1273 1778 τῇ
1298 1708 1526 1779 δυνάμει
1562 1726 1654 1763 σου
1674 1726 1689 1741 ο

1513 1725 1526 1761 ι
1562 1726 1654 1763 σου
1674 1726 1689 1741 ο
2025 1709 2114 1761 25.
2148 1705 2407 1775 DiSperge
2439 1702 2559 1758 illos
2590 1703 2644 1755 in
2674 1702 2872 1756 virtute
2905 1709 2997 1753 tua
3033 1718 3044 1751 :

340 1795 430 1849 24.
463 1797 575 1850 Καὶ
629 1799 909 1868 κατάγαγε
951 1800 1168 1865 αὐτοὺς,
1214 1801 1241 1853 ὁ
1296 1801 1707 1874 ὑπερασπιστὴς
1747 1820 1847 1873 μου

1882 1781 1923 1835 Β
2022 1800 2111 1854 24.
2150 1798 2217 1853 Ει
2250 1800 2461 1867 depone
2488 1811 2614 1858 eos,
2647 1801 2925 1864 protector
2950 1807 3105 1847 meus
3138 1789 3387 1845 Domine.

265 1888 470 1962 Κύριε.

340 1984 433 2039 25.
474 1984 745 2058 Ἀμαρτία
786 1986 1050 2057 στόματος
1098 1986 1276 2040 αὐτῶν
1304 1986 1460 2056 λόγος
1492 1988 1713 2059 χειλέων
1752 1990 1849 2043 αὑ-

2022 1980 2112 2036 25.
2150 1979 2418 2035 Delictum
2450 1978 2563 2033 oris
2593 1990 2785 2032 eorum
2808 2013 2823 2039 ,
2858 1987 3043 2029 sermo
3082 1971 3349 2026 lahiorum
3383 1969 3531 2039 ipso-

262 2094 380 2130 των
397 2092 413 2105 “

1948 2090 2118 2129 run:

336 2166 427 2222 26.
462 2168 573 2223 Καὶ
594 2167 1055 2241 συλληφθήτωσαν
1085 2170 1143 2221 ὲν
1172 2172 1238 2241 τῇ
1263 2169 1613 2240 ὑπερηφανίᾳ
1639 2169 1837 2224 αὐτῶν.

1803 2187 1837 2223 ι.
2020 2166 2110 2221 26.
2144 2166 2210 2222 Ει
2236 2162 2771 2235 comprehendantur
2798 2160 2853 2215 in
2887 2157 3140 2227 superbia
3178 2169 3278 2209 sua
3305 2158 3334 2207 :‘

342 2259 431 2314 27.
455 2261 567 2313 Kal
592 2260 651 2327 ἐξ
679 2261 817 2332 ἀρᾶς
863 2260 957 2313 καὶ
1000 2260 1231 2331 ψεύδους
1280 2260 1728 2333 διαγγελήσονται
1790 2265 1846 2316 ἐν

2017 2260 2107 2314 27.
2144 2258 2212 2313 Ει
2248 2260 2315 2313 de
2351 2256 2762 2315 exsecratione.
2808 2262 2863 2308 et
2902 2248 3190 2306 mendacio
3234 2243 3527 2301 annuntia-

267 2349 578 2421 συντελείᾳ,

1948 2354 2154 2409 buntur
2184 2353 2241 2406 in
2268 2348 2745 2407 consummatione
2765 2388 2778 2413 ,

343 2439 431 2494 28.
474 2441 561 2494 Ἐν
585 2441 720 2512 ὀργῇ
773 2442 1100 2509 συντελείας,
1129 2444 1222 2497 καὶ
1250 2445 1312 2496 ού
1344 2444 1417 2516 μὴ
1438 2444 1739 2516 ὑπάρξωσι.

2019 2444 2109 2499 28.
2142 2442 2202 2496 In
2236 2442 2317 2497 ira
2352 2437 2864 2503 consummationis,
2896 2442 2950 2489 et
2972 2448 3078 2488 non
3110 2438 3290 2487 erunt.

342 2530 429 2587 29.
466 2532 578 2585 Καὶ
611 2531 930 2600 γνώσονται,
952 2533 1084 2585 ὅτιὸ
1126 2532 1259 2597 Θεὸς
1296 2534 1545 2599 δεσπόζει
1585 2535 1680 2589 τοῦ
1746 2536 1851 2588 Ἰα-

2021 2534 2116 2589 29.
2152 2533 2221 2587 Ει
2254 2534 2449 2600 scient,
2483 2533 2612 2602 quia
2640 2530 2782 2586 Deus
2810 2527 3127 2584 dominatur
3158 2522 3347 2587 Jacob,
3380 2527 3433 2575 et
3463 2518 3528 2572 ﬁ-

264 2620 409 2687 κὼὸ,
438 2622 532 2676 καὶ
568 2622 675 2676 τῶν
701 2623 953 2694 περάτων
986 2624 1083 2694 τῆς
1109 2625 1230 2696 γῆς.

785 2623 953 2693 βάτων
986 2624 1083 2694 τῆς
1109 2625 1230 2696 γῆς.
1953 2628 2107 2683 nium
2140 2636 2316 2683 terrae.

349 2714 424 2784 (a)
448 2714 581 2771 Cod.
623 2714 798 2770 Palat.

347 2785 421 2857 (ὁ)
452 2784 608 2843 Vers.
642 2786 729 2841 15.
758 2787 868 2840 Kal
890 2788 1151 2858 ῥομφαία,
1176 2798 1306 2855 etc.,
1333 2789 1555 2860 ἤκουσε.
1585 2789 1741 2847 Vers.
1764 2792 1849 2859 16,

991 2788 1151 2856 φαία,
1176 2798 1306 2855 etc.,
1333 2789 1555 2860 ἤκουσε.
1585 2789 1741 2847 Vers.
1764 2792 1849 2859 16,
1884 2791 1996 2846 Kal
2026 2790 2114 2853 σὺ,
2142 2800 2271 2853 etc.,
2304 2782 2522 2847 αὑτούς.

1419 2927 1792 2986 ATHANASII
1831 2923 2411 2986 INTERPRETATIO.

346 3035 434 3091 15.
472 3037 762 3109 Ἔρχονται
793 3041 851 3092 ἐν
908 3040 1088 3092 σκότει
1141 3042 1467 3108 κυκλοῦντες
1508 3045 1605 3117 τὴν
1648 3046 1846 3119 ψυχὴν,

2030 3045 2117 3099 15.
2146 3041 2387 3096 Veniunt
2434 3038 2488 3092 in
2535 3035 2774 3093 tenebris
2814 3029 3220 3087 circumdantes
3266 3026 3528 3090 animam.

267 3127 367 3184 καὶ
401 3131 707 3184 κατεσθίειν
738 3131 987 3202 ζητοῦσιν
1011 3133 1086 3195 ὡς
1114 3134 1293 3196 κύνες.

1954 3146 2008 3191 et
2031 3137 2294 3191 devorare
2323 3138 2577 3205 quierunt
2606 3138 2666 3183 ut
2694 3142 2878 3183 canes.

344 3222 432 3276 14.
452 3222 581 3276 Ἰδοὺ
605 3224 758 3277 αὐτοὶ
782 3218 927 3277 οῦτοι
945 3227 1335 3301 πειθανότητάς
1351 3246 1502 3293 τινας
1519 3229 1738 3284 λαλοῦσι
1753 3231 1848 3301 (1).

2032 3231 2119 3285 14.
2158 3228 2297 3284 Ecce
2331 3227 2388 3281 hi
2432 3226 2536 3297 ipsi
2582 3222 2890 3295 plausibilia
2927 3218 3176 3291 quaedam
3207 3217 3523 3297 loquuntur.

347 3312 433 3368 1-5.
465 3315 573 3367 Kal
594 3315 909 3388 ἀναιροῦσιν
933 3319 990 3371 ὲν
1012 3322 1125 3382 τοῖς
1140 3319 1319 3388 λόγοις
1342 3321 1519 3375 αὐτῶν
1538 3324 1663 3386 τοὺς
1690 3322 1852 3377 ἀκού-

2027 3325 2113 3379 15.
2146 3323 2211 3378 Ει
2233 3321 2490 3378 occidunt
2512 3320 2564 3373 in
2593 3316 2937 3373 sermonibus
2961 3314 3077 3369 suis
3100 3312 3385 3367 audientes
3408 3323 3525 3364 eos.

265 3422 433 3470 οντας
458 3406 654 3461 αὐτῶν.

349 3497 437 3557 16.
467 3500 579 3553 Καὶ
614 3502 700 3564 σὺ,
727 3500 1232 3574 Κύριε,ἀπελάσεις
1262 3505 1480 3569 αὑτούς.

1467 3544 1480 3560 .
2027 3499 2112 3554 16.
2145 3498 2212 3552 Ει
2236 3506 2315 3565 ιιι,
2345 3496 2596 3559 Domine,
2632 3493 2854 3564 dejicies
2885 3507 2998 3547 eos.

348 3590 558 3672 17..Τὰ
593 3590 718 3664 ἔθνη
754 3593 894 3646 αὐτὰ
926 3593 1122 3647 ταῦτα.

2026 3591 2113 3646 17.
2151 3591 2351 3645 Gentes
2388 3587 2727 3658 hujusmodi.

349 3683 437 3737 18.
472 3684 584 3755 Τὴν
609 3684 859 3756 βοήθειάν
904 3702 1005 3755 μου
1030 3685 1182 3756 παρὰ
1213 3683 1303 3738 σοῦ
1334 3687 1565 3758 αἰτήσω.

2029 3681 2116 3735 18.
2153 3680 2433 3735 Auxilium
2459 3692 2640 3733 meum
2668 3692 2698 3730 a
2721 3685 2772 3730 te
2800 3672 3104 3745 postulabo.

347 3776 435 3831 19.
473 3777 596 3831 ’Ότι
636 3780 700 3832 σὺ
734 3780 999 3851 ὑπάρχεις
1028 3779 1161 3843 Θεός
1185 3798 1306 3850 μου.

2028 3773 2115 3829 19.
2151 3771 2419 3837 Quoniam
2451 3778 2506 3822 tu
2536 3780 2595 3823 es
2617 3766 2760 3821 Deus
2788 3781 2963 3820 meus.

344 3869 433 3925 20.
484 3871 541 3923 '0
561 3869 755 3940 ἔφορος
773 3888 873 3941 μου
906 3871 1005 3940 (2),
1024 3870 1085 3923 τὸ
1101 3871 1249 3935 ἕλεος
1273 3870 1437 3925 αὐτοῦ
1470 3870 1734 3925 σκεπάσει
1764 3889 1850 3933 με.

2024 3862 2114 3918 20.
2135 3856 2458 3931 Prospector
2475 3872 2651 3920 meus,
2665 3854 3034 3911 misericordia
3050 3862 3142 3907 tua
3158 3858 3404 3922 proteget
3425 3864 3530 3904 me.

350 3962 441 4017 2|.
478 3964 601 4027 Τοῖς
633 3963 852 4034 δαίμοσι
891 3963 990 4033 (5).

984 4007 990 4020 .
2020 3954 2109 4008 21.
2146 3950 2515 4007 Βαιιιιοηὶὺιιε.

347 4056 437 4110 22.
467 4056 569 4128 Μὴ
584 4031 863 4121 παντελῶς
882 4031 1117 4130 ποιήσῃς
1141 4058 1336 4122 αὑτοὺς
1362 4056 1437 4129 μὴ
1461 4052 1623 4123 εἶναι,
1648 4057 1855 4129 μήποτε

2025 4045 2114 4099 22.
2146 4042 2226 4099 Ne
2251 4042 2422 4098 facias
2448 4056 2543 4096 eos
2566 4054 2792 4110 prorsus
2809 4054 2919 4094 non
2935 4036 3222 4102 exsistere,
3246 4031 3535 4104 nequando

275 4147 357 4207 ὡς
386 4148 463 4219 μὴ
504 4148 839 4219 ὑπάρχοντες
868 4149 968 4202 οὑκ
999 4149 1078 4203 ἔτι
1106 4148 1536 4221 μνημονεύσουσι
1568 4124 1675 4202 τῶν
1699 4124 1806 4202 κολ‹

2005 4148 2149 4210 tpote
2204 4152 2314 4192 non
2347 4136 2673 4190 exsistentes
2729 4146 2839 4187 non
2890 4128 3249 4185 recordentur
3305 4124 3536 4197 amplius

278 4256 441 4304 σεων,
473 4232 549 4293 ὧν
573 4240 796 4309 ἐπάγεις
821 4239 1023 4303 αὐτοῖς.

1959 4232 2355 4304 suppliciorum
2386 4244 2510 4300 qua:
2535 4227 2667 4298 ipsis
2690 4223 2880 4280 infers.

350 4333 439 4386 23.
486 4332 645 4385 Ἀλλὰ
670 4332 1057 4405 διασκορπισω
1087 4333 1282 4396 αὐτοὺς
1299 4334 1379 4396 είς
1404 4332 1464 4384 τὸ
1494 4331 1606 4403 πῦρ
1637 4331 1697 4384 τὸ
1727 4331 1857 4385 αίώ-

1791 4331 1857 4385 ώ-
2030 4326 2120 4381 25.
2152 4324 2260 4381 Sed
2291 4323 2545 4393 disperge
2582 4320 2706 4375 illos
2736 4318 2792 4373 in
2828 4319 3006 4388 ignem
3039 4323 3322 4370 aeternum.

272 4443 411 4481 νιον.
1886 4408 1931 4464 D

349 4518 439 4571 24.
476 4518 585 4571 Καὶ
618 4518 696 4580 εἰς
718 4517 967 4587 τάρταρα
998 4516 1099 4585 τῆς
1132 4515 1233 4586 γῆς
1270 4516 1548 4585 κατάγαγε
1578 4516 1793 4580 αὑτούς.

1578 4516 1793 4580 αὐτούς,
2024 4505 2118 4559 24.
2154 4503 2221 4558 Ει
2247 4506 2303 4557 in
2337 4513 2537 4558 tartara
2581 4510 2740 4556 terrae
2767 4500 2942 4555 deduc
2970 4514 3084 4555 eos.

344 4611 436 4665 25.
469 4610 567 4663 Διὰ
603 4610 704 4673 τὰς
731 4609 1006 4680 ἁμαρτίας
1049 4606 1142 4660 τοῦ
1203 4609 1472 4677 στόματος
1520 4608 1696 4663 αὐτῶν
1718 4649 1736 4666 .
1766 4610 1859 4662 καὶ

2028 4599 2118 4653 25.
2149 4596 2381 4667 Propter
2420 4604 2643 4666 peccata
2682 4594 2795 4649 oris
2851 4594 3120 4663 ipsorum,
3161 4599 3215 4646 et
3254 4603 3536 4645 sermones

270 4703 406 4766 τοὺς
431 4702 623 4770 λόγους
659 4699 733 4772 (4)
762 4699 856 4764 οὓς
888 4700 1154 4771 ἐλάλησαν
1188 4700 1329 4753 κατὰ
1358 4700 1473 4753 σοῦ.

1321 4718 1329 4753 ι
1358 4700 1473 4753 σοῦ.
1959 4706 2098 4753 quos
2121 4688 2288 4743 locuti
2324 4697 2456 4743 sunt
2486 4688 2752 4743 adversus
2782 4693 2852 4741 te.

350 4794 441 4848 26.
482 4794 593 4847 Kal
618 4790 1084 4846 καταδικασθῶσιν
1108 4794 1165 4844 ὲν
1184 4795 1249 4863 τῇ
1286 4792 1783 4863 ἅνταρσίᾳυαύτῶν.

1701 4793 1783 4845 ὒν,
2028 4783 2117 4837 26.
2153 4782 2217 4837 Ει
2239 4782 2671 4837 condemnentur
2702 4779 2758 4833 in
2787 4778 3083 4834 rebellione
3111 4791 3232 4832 sua.

350 4885 443 4938 27.
471 4885 580 4937 Kal
607 4883 708 4954 τῆς
733 4883 977 4953 ὲκκοπῆς
1007 4882 1105 4953 (5),
1129 4884 1224 4936 καὶ
1251 4882 1345 4936 τοῦ
1361 4882 1611 4953 ψεύδους,
1642 4878 1702 4937 οῦ
1736 4884 1859 4938 ἐλά-

2027 4876 2119 4929 27.
2150 4875 2218 4929 Et
2263 4874 2331 4929 de
2375 4873 2729 4928 eﬂ'renatione
2771 4871 2924 4935 oris,
2978 4880 3031 4924 et
3075 4868 3358 4924 mendacio
3396 4866 3540 4937 quod

274 4982 472 5053 λησαν,
509 4978 604 5031 καὶ
626 4976 869 5042 ἐδίδαξαν
902 4961 977 5029 ἐν’
997 4976 1074 5048 τῷ
1093 4977 1298 5048 κόσμῳ.

1963 4969 2129 5025 locuti
2160 4977 2306 5032 sunt,
2334 4974 2389 5020 et
2415 4964 2725 5019 docuerunt
2748 4963 2804 5018 in
2830 4963 3050 5017 mundo.

349 5072 439 5127 28.
459 5073 570 5125 Kal
587 5073 644 5125 ὲν
659 5072 724 5142 τῇ
741 5072 876 5141 ὀργῇ
900 5069 998 5141 τῆς
1016 5069 1325 5133 συντελείας
1340 5069 1401 5122 ού
1427 5068 1500 5141 μὴ
1525 5068 1857 5140 ὑπάρξωσιν.

2032 5061 2123 5116 28.
2158 5059 2224 5114 Ει
2249 5060 2303 5113 in
2338 5060 2420 5113 ira
2450 5055 2945 5114 consummationis
2976 5070 3084 5108 non
3124 5052 3443 5109 subsistent.

350 5166 441 5221 29.
486 5165 593 5218 Kal
617 5163 740 5216 τότε
770 5161 1092 5231 γνώσονται,
1131 5162 1213 5216 ὅτι
1248 5160 1326 5231 τῷ
1363 5160 1481 5232 Θεῷ
1523 5161 1861 5215 δουλεύσουσι

2032 5155 2124 5210 29.
2161 5152 2227 5206 Et
2252 5161 2383 5207 tunc
2412 5158 2777 5222 c0gnoscent,
2827 5146 2975 5219 quod
3013 5146 3124 5201 Deo
3159 5145 3399 5199 servient
3427 5158 3544 5197 om-

280 5260 461 5315 πᾶσαι
484 5256 647 5326 φυλαὶ
672 5253 916 5325 γλῶσσαι

1965 5265 2063 5304 nes
2089 5247 2264 5302 tribus
2284 5256 2338 5302 et
2366 5247 2582 5316 linguae.

1248 5366 1551 5429 Addenda
1582 5374 1643 5429 et
1672 5366 2050 5445 corrigenda
2075 5382 2153 5428 ex
2210 5363 2348 5425 cod.
2383 5361 2585 5423 Vatic.

358 5492 435 5563 (1)
466 5492 792 5563 Λαλήσουσι.
892 5562 917 5563 η
1192 5559 1221 5563 _
1316 5561 1324 5563 Α

1192 5559 1221 5563 _
1316 5561 1324 5563 Α
2042 5489 2119 5563 (
2150 5486 2717 5563 Μγουςᾲαύτίῖζνηοιρλ.

361 5492 435 5562 (1)
466 5492 792 5563 Λαλήσουσι.

361 5562 439 5633 (2)
463 5563 656 5616 Αὑτοῦ.
682 5564 774 5617 sed
798 5562 983 5617 melius
1016 5577 1139 5633 μου.
1183 5559 1357 5618 Ραιιίο
1390 5575 1502 5633 post
1552 5562 1857 5635 προφθάσει

2042 5489 2119 5625 (Δ)
2150 5489 2356 5556 Λόγους
2387 5489 2583 5547 αὐτῶν,
2614 5495 2718 5540 ctc.

1291 5561 1357 5618 ιίο
1390 5575 1502 5633 post
1552 5562 1857 5635 προφθάσει
2040 5560 2102 5635 (ξ
2145 5560 2430 5635 ,ξῌκκοπῆς
2452 5557 2545 5635 τοῦ
2575 5554 2822 5635 ψεύδους.

361 5560 439 5633 (2⁷)
463 5560 656 5616 Αὑτοῦ.
682 5564 774 5617 sed
798 5562 983 5617 melius
1016 5577 1139 5633 μου.
1183 5560 1357 5618 Ραιιίο
1390 5575 1502 5633 post
1552 5562 1857 5635 προφθάσει
2035 5560 2115 5700 fi)
2158 5560 2430 5627 Ἐκκοπῆς
2452 5560 2545 5610 τοῦ
2577 5560 2823 5623 ψεύδους-
3448 5617 3472 5629 ,,

288 5650 426 5706 μζ,
484 5705 490 5706 ,
555 5703 563 5706 ,
720 5701 732 5706 ,
765 5702 774 5706 ,
2057 5630 2111 5701 6)
2144 5630 2265 5683 Ὅτι
2308 5626 2481 5701 Ἰησοῦ
2534 5626 2610 5697 τῷ
2657 5626 2813 5696 Θεῷ.
2842 5667 2853 5681 .
2886 5663 2900 5679 .
2925 5666 2936 5679 .
2976 5625 3028 5677 αἱ
3063 5620 3222 5689 φυλαὶ
3247 5620 3340 5673 καὶ
3370 5618 3545 5690 γλωσ-

362 5671 437 5774 l3)
468 5703 695 5775 Δαίμοσι
720 5701 885 5771 λέγει.
1974 5671 2080 5757 cal“.
