3876 6220
224 326 332 383 885
1134 324 1222 377 DE
1267 322 1538 379 TITULIS
1574 323 2021 381 PSALMORUM.
2058 355 2127 365 ———
2166 324 2359 378 PSAL.
2402 323 2538 378 LIX.
3384 322 3488 375 886

297 442 349 493 Ξ.
387 436 698 509 Ὠργίσθης,
732 438 824 490 καὶ
857 435 1198 508 ᾠκτείρησας
1228 438 1394 507 ἡμᾶς.

1848 451 1892 496 Α
1990 439 2042 491 2.
2072 438 2245 492 iratus
2271 454 2351 503 es,
2381 448 2435 492 et
2470 438 2812 493 misertus‘es
2846 436 3024 491 nobis.

292 533 346 583 5.
378 529 701 591 Συνέσεισας
729 528 828 597 τὴν
870 528 991 597 γῆν,
1023 528 1116 579 καὶ
1144 526 1507 596 συνετάραξας
1551 529 1743 597 αὑτήνο

1989 532 2044 584 5.
2081 528 2439 585 Commovisti
2470 540 2691 595 terram,
2729 539 2783 584 et
2813 527 3152 583 conturbasti
3184 541 3303 580 eam
3332 565 3345 579 .

297 622 351 674 4.
386 621 567 672 Ἶασαι
592 619 658 672 τὰ
685 618 1067 688 συντρίμματα
1102 618 1293 687 αὐτῆς,
1320 620 1401 671 ὅτι
1432 618 1716 688 ἐσαλεύθη.

1989 623 2041 676 4.
2075 621 2218 676 Sana
2247 622 2600 677 contritiones
2639 622 2779 691 ejus,
2812 620 2939 691 quia
2973 628 3245 676 commota
3278 625 3380 672 est.

296 714 353 768 5.
386 712 633 778 Ἐδειξας
650 710 726 781 τῷ
758 710 871 780 λαῷ
908 728 1001 762 σου
1026 710 1255 781 σκληρά.

1988 716 2041 769 5.
2077 714 2375 770 Ostendisti
2407 715 2606 784 populo
2637 724 2732 769 tuo
2766 715 2936 771 dura:

297 805 349 859 6.
390 804 680 866 Ἐπότισας
707 804 853 873 ἡμᾶς
886 797 1029 854 οἶνον
1050 800 1416 865 κατανύξεως.

1994 806 2047 862 6.
2074 805 2283 862 Potasti
2318 822 2419 861 nos
2450 807 2581 862 vino
2608 809 3065 876 compunctionis.

306 896 356 951 7.
391 895 640 959 Ἔδωκας
665 898 777 957 τοῖς
812 894 1165 963 φοϐουμένοις
1195 910 1254 946 σε
1286 894 1606 964 σημείωσιν,
1626 897 1700 967 (α)
1719 898 1813 949 τοῦ

1991 899 2044 955 7,
2076 898 2278 953 Dedisti
2314 900 2682 954 metuentibus
2717 908 2767 954 te
2799 900 3249 968 signiﬁcationem
3272 944 3287 969 ,
3315 913 3372 958 ut
3404 903 3486 959 tu-

223 993 423 1059 φυγεῖν
462 990 568 1042 ἀπὸ
597 987 888 1058 προσώπου
914 986 1087 1052 τόξου.

963 986 1087 1052 ἱξου.
1918 990 2067 1060 giant
2098 1005 2129 1042 a
2161 988 2295 1044 facie
2317 1005 2494 1046 arcus.

298 1083 355 1137 8.
391 1083 581 1144 Ὅπως
600 1081 663 1133 ἂν
693 1079 960 1150 ρυσθῶσιν
988 1080 1036 1131 οἱ
1065 1081 1333 1149 ἀγαπητοί
1358 1096 1470 1133 σου.

1303 1081 1333 1131 δί
1358 1096 1470 1133 σου.
1989 1081 2043 1134 8.
2085 1079 2153 1135 Ut
2173 1080 2472 1137 liberentur
2497 1082 2681 1138 dilecti
2716 1085 2791 1137 tui
2822 1102 2834 1139 :

298 1174 354 1228 9.
380 1173 562 1226 Σῶσον
590 1176 655 1243 τῇ
687 1173 837 1242 δεξιᾷ
867 1188 981 1233 σου,
1023 1173 1119 1224 καὶ
1143 1172 1446 1225 ὲπάκουσόν
1479 1190 1600 1243 μου.

1991 1174 2043 1227 9.
2078 1173 2299 1227 Salvum
2328 1174 2415 1230 fac
2444 1176 2665 1232 dextera
2701 1188 2812 1246 tua,
2843 1188 2897 1235 et
2924 1182 3117 1237 exaudi
3150 1198 3257 1238 me.

301 1265 390 1319 10.
436 1267 492 1318 '0
518 1264 647 1328 Θεὸς
670 1264 930 1335 ἐλάλησεν
952 1266 1007 1317 έν
1039 1262 1116 1333 τῷ
1149 1264 1286 1333 ἁγίῳ
1316 1264 1503 1316 αὑτοῦ·

1993 1265 2079 1320 10.
2106 1265 2248 1320 Deus
2274 1266 2487 1322 locutus
2512 1277 2596 1323 est
2628 1269 2680 1322 in
2713 1281 2901 1325 sancto
2931 1287 3031 1327 suo
3058 1292 3070 1326 :

303 1356 393 1409 11.
431 1356 870 1426 Ἀγαλλιάσομαι,
902 1358 995 1410 καὶ
1026 1356 1291 1427 διαμεριῶ
1315 1358 1535 1427 Σίκιμα·

1990 1356 2074 1409 11.
2106 1355 2378 1424 Lmtabor,
2402 1365 2455 1412 et
2484 1359 2730 1428 partibor
2760 1360 3057 1417 Sichimam
3086 1383 3097 1417 :

304 1450 394 1503 12.
434 1451 543 1502 Καὶ
568 1449 667 1520 τὴν
700 1449 921 1502 κοιλάδα
952 1448 1059 1501 τῶν
1090 1448 1308 1519 σκηνῶν
1342 1448 1708 1517 διαμετρήσω.

1994 1449 2081 1503 12.
2114 1448 2182 1502 Et
2214 1451 2515 1505 convallem
2549 1453 3024 1509 tabernaculorum
3056 1456 3308 1511 metibor.

307 1543 395 1598 i5.
432 1542 589 1612 Ἑμός
618 1542 734 1593 ἐστι
762 1540 995 1603 Γαλαὰδ,
1033 1541 1126 1594 καὶ
1154 1542 1284 1611 ἐμός
1312 1543 1425 1593 ἐστι
1462 1539 1779 1608 Μανασσῆς

1998 1541 2085 1595 15.
2114 1540 2267 1598 Meus
2291 1551 2371 1597 est
2404 1541 2627 1611 Galaad,
2657 1553 2711 1599 et
2742 1561 2897 1602 meus
2929 1555 3011 1602 est
3037 1546 3346 1602 Manasses:

308 1720 387 1791 (α)
418 1720 579 1775 Vers.
608 1720 663 1785 8,
696 1718 871 1773 Τοῦ...
900 1721 965 1772 Υ.
1002 1717 1054 1783 9,
1089 1718 1296 1779 Ὅπως.

1361 1892 1741 1949 ATHANASII
1792 1893 2372 1948 INTERPRETATIO.

232 2117 347 2168 γει,
374 2100 457 2153 ὅτι
486 2101 577 2153 ἐπὶ
608 2100 751 2154 τέλει
792 2101 841 2153 οἱ
885 2099 1277 2170 ἀλλοιούμενοι,
1312 2098 1595 2151 τουτέστιν
1634 2098 1682 2149 oi
1722 2096 2180 2167 μεταϐαλλόμενοι
2208 2096 2316 2150 ἀπὸ
2350 2094 2443 2147 τοῦ
2484 2093 2653 2147 κακοῦ
2711 2096 2791 2158 εἰς
2819 2093 2880 2147 τὸ
2912 2094 3135 2162 ἀγαθὸν,
3185 2096 3263 2159 εἰς
3304 2095 3492 2167 στηλο-

232 2193 477 2263 γραφίαν
503 2188 772 2262 ἔρχονται,
795 2192 938 2261 λέγω
965 2192 1028 2263 δὴ
1051 2194 1131 2255 είς
1159 2190 1253 2260 τὴν
1280 2191 1531 2260 ἐνάρετον
1551 2189 1847 2243 πολιτείαν’
1879 2185 2015 2241 εἶτα·
2055 2186 2139 2253 Τῷ
2193 2187 2373 2243 Δαϐὶδ
2398 2190 2486 2253 εἰς
2531 2186 2808 2256 διδαχὴν,
2863 2204 2933 2257 ιρη
2946 2187 3006 2257 μὶ
3038 2187 3130 2240 καὶ
3165 2190 3243 2251 είς
3271 2187 3491 2256 διδαχὴν

232 2285 345 2338 τοῦ
369 2283 577 2337 ἱκανοῦ
606 2283 680 2352 τῇ
707 2285 877 2353 χειρὶ,
896 2285 1032 2355 ὅπερ
1064 2286 1143 2348 εἰς
1158 2285 1247 2338 τὸν
1267 2284 1470 2354 Κύριον
1504 2282 1835 2354 ἀναφέρεται
1869 2298 1883 2315 ο
1912 2283 2006 2334 καὶ
2034 2281 2216 2335 λοιπὸν
2265 2281 2583 2348 ἐνεπύρισε
2609 2280 2708 2352 τὴν
2736 2279 2965 2351 ἔπαρσιν
2992 2279 3084 2332 τοῦ
3116 2282 3490 2351 μετεωρισμοῦ

231 2374 442 2427 ὡσανεὶ
467 2374 565 2445 τὴν
601 2375 895 2445 ἁμαρτίαν,
922 2377 1013 2428 καὶ
1040 2376 1131 2429 τὸν
1181 2376 1556 2447 μετεωρισμὸν
1590 2376 1688 2445 τῆς
1719 2374 1995 2445 ἁμαρτίας
2047 2374 2143 2427 καὶ
2188 2372 2567 2439 παλαιώσεως,
2601 2372 2846 2427 τουτέστι
2878 2373 2969 2427 τὸν
2992 2373 3239 2427 θάνατον’
3266 2373 3493 2426 δώδεκα

232 2466 351 2538 γὰρ
380 2467 643 2534 χιλιάδες
673 2467 957 2541 [χιλιάδας]
980 2465 1099 2522 εἷπε
1131 2468 1218 2522 διὰ
1251 2469 1313 2521 τὸ
1343 2471 1450 2522 πᾶν
1479 2469 1579 2539 τῆς
1608 2469 1881 2540 ἁμαρτίας
1914 2468 2008 2521 τοῦ
2042 2467 2296 2522 θανάτου.

235 2602 494 2657 feruntur
523 2618 553 2656 a
585 2603 731 2656 malo
764 2603 818 2657 in
855 2603 1080 2669 bonum,
1111 2602 1338 2656 veniunt
1371 2602 1427 2655 in
1462 2601 1600 2656 tituli
1640 2600 2072 2670 inscriptionem,
2102 2602 2228 2656 dico
2256 2606 2436 2655 autem
2469 2599 2537 2656 ad
2562 2600 2759 2654 bonam
2784 2599 2908 2654 vitae
2938 2600 3357 2656 institutionem.
3383 2599 3490 2656 Dc-

234 2699 368 2753 inde
392 2717 406 2753 :
448 2698 613 2752 David
642 2699 696 2751 in
725 2698 1043 2760 doctrinam,
1070 2706 1123 2751 et
1150 2698 1203 2751 in
1232 2696 1558 2760 doctrinam,
1593 2696 1838 2765 inquam,
1868 2712 2028 2749 manu
2052 2695 2245 2765 fortis;
2271 2694 2417 2764 quod
2449 2694 2516 2749 ad
2543 2692 2834 2748 Dominum
2864 2692 3115 2749 refertur.
3144 2694 3213 2749 Et
3232 2697 3448 2752 demum
3474 2718 3485 2751 :

235 2789 523 2846 Succendit
552 2789 905 2845 elevationem
929 2790 1313 2856 sublimitatis;
1343 2804 1536 2859 nempe
1556 2799 1862 2859 peccatum,
1895 2798 1951 2845 et
1982 2790 2372 2844 sublimitatem
2408 2788 2617 2860 peccati
2646 2796 2701 2842 et
2731 2789 3018 2845 vetustatis
3050 2808 3066 2845 :
3092 2789 3195 2846 hoc
3229 2802 3314 2847 est
3342 2810 3489 2850 mor-

236 2895 350 2942 tem
387 2905 399 2939 :
430 2884 725 2938 Duodecim
753 2886 890 2939 enim
916 2886 1088 2938 millia
1117 2885 1273 2949 dixit,
1306 2894 1528 2955 propter
1554 2900 1716 2941 omne
1742 2901 1915 2957 genus
1945 2888 2153 2957 peccati
2180 2886 2453 2942 mortalis.

311 3086 365 3142 2.
390 3086 503 3140 Ούκ
526 3088 605 3150 είς
629 3086 784 3149 τελος
805 3086 1181 3159 ἀπεστράφης,
1205 3085 1326 3138 οὐδὲ
1352 3084 1618 3140 ἐπελάθου
1640 3087 1672 3157 ή
1682 3086 1819 3158 μῶν.

1991 3088 2045 3142 2.
2078 3087 2197 3144 Non
2236 3089 2289 3143 in
2327 3090 2485 3145 finem
2535 3099 2815 3145 aversatus
2843 3104 2923 3157 es,
2950 3104 3129 3160 neque
3172 3090 3376 3146 oblitus
3426 3107 3485 3146 es

1919 3182 2114 3236 nostri.

310 3266 363 3319 5.
394 3266 459 3317 Οἱ
488 3264 547 3328 ἐξ
569 3265 738 3317 ἐθνῶν
763 3264 837 3335 (1)
864 3264 1193 3327 ἀκούσαντες
1212 3264 1297 3317 διὰ
1319 3266 1412 3318 τού
1442 3263 1815 3336 κηρύγματος,

1988 3276 2039 3330 '5.
2075 3275 2179 3341 Qui
2218 3292 2284 3330 ex
2322 3276 2574 3346 gentibus
2612 3285 2741 3332 sunt
2783 3275 3066 3330 audientes
3099 3290 3194 3344 per
3231 3274 3490 3344 praedica-

229 3358 320 3410 ὅτι
354 3358 587 3427 ἔστησας
616 3357 848 3427 ἡμέραν,
867 3357 925 3409 ὲν
1014 3356 1225 3427 μέλλεις
1246 3360 1423 3427 κρῖναι
1450 3356 1547 3427 τὴν
1568 3359 1760 3429 οίκουμ

1963 3384 2142 3434 onem,
2170 3370 2315 3438 quod
2361 3370 2597 3425 statuisti
2636 3370 2803 3435 diem,
2834 3368 2888 3421 in
2918 3382 3029 3438 quo
3055 3366 3399 3437 judicaturus
3430 3383 3490 3421 es

228 3466 337 3519 νην
368 3448 426 3500 ὲν
447 3447 785 3521 δικαιοσύνῃ.

1919 3464 2106 3518 orbem
2138 3465 2191 3518 in
2217 3466 2451 3534 justitia.

305 3542 361 3596 4.
399 3543 575 3595 Ἱασαι
603 3544 672 3596 τὰ
697 3541 1080 3613 συντρίμματα
1103 3541 1289 3612 αὐτῆς,
1307 3542 1388 3594 ὅτι
1415 3542 1691 3613 ὑπήκουσέ
1712 3558 1817 3597 σοι.

1984 3555 2038 3609 4.
2080 3554 2221 3609 Sana
2252 3557 2603 3611 contritiones
2629 3557 2769 3625 ejus,
2797 3557 3058 3627 quoniam
3086 3554 3329 3611 obedivit
3367 3554 3486 3608 tibi.

310 3635 361 3689 5.
398 3636 579 3689 Πάντα
602 3635 674 3688 τὰ
700 3636 1096 3707 προστάγματα
1122 3652 1236 3691 σου.

1167 3653 1236 3691 δυ.
1992 3648 2045 3700 5.
2078 3645 2273 3701 Omnia
2299 3649 2553 3701 mandata
2591 3657 2698 3701 tua.

309 3725 363 3779 6.
396 3725 505 3795 Τὴν
530 3726 687 3795 χάριν
710 3741 803 3776 σου
828 3727 904 3789 εἰς
936 3724 1266 3795 ἐπιστροφήν

1991 3739 2041 3792 6.
2076 3739 2261 3793 Gratia
2287 3749 2379 3793 tua
2410 3740 2476 3794 ad
2511 3743 2946 3797 conversionem.

310 3814 362 3868 7.
400 3816 523 3877 Τοῖς
554 3815 629 3885 (2)
663 3818 874 3879 πιστοῖς
921 3814 1140 3883 γνῶσιν,
1188 3812 1281 3866 τοῦ
1336 3816 1526 3883 φυγεῖν
1574 3814 1681 3869 ἀπὸ
1722 3818 1819 3886 τῆς

310 3905 535 3957 ιαοτίας.

1995 3830 2045 3885 7.
2073 3829 2349 3884 Fidelibus
2383 3831 2788 3899 cognitionem,
2828 3841 2882 3885 ut
2926 3832 3139 3901 fugiant
3176 3850 3205 3887 a
3248 3844 3488 3903 peccato.

233 3908 535 3977 ἁμαρτίας.

308 3999 362 4052 8.
410 3999 529 4050 Ἀπ’
556 3998 726 4067 αὐτῆς
749 3998 825 4069 (5)
857 3998 955 4067 τῆς
990 3998 1283 4068 ἁμαρτίας.

1044 3998 1283 4066 ιαρτίας,
1990 4004 2042 4058 8.
2082 4004 2164 4057 Ab
2191 4004 2310 4074 ipso
2338 4013 2575 4073 peccato.

308 4091 361 4145 9.
413 4091 744 4143 Ἐπάκουσόν
783 4108 905 4160 μου,
939 4091 1033 4143 κοιλ⁵
1069 4089 1239 4142 σῶσον
1266 4092 1322 4142 ὲν
1355 4089 1430 4161 τῷ
1463 4089 1577 4160 Υίῷ
1607 4106 1718 4142 σου.

1514 4089 1577 4160 ίῷ
1607 4106 1718 4142 σου.
1986 4094 2040 4149 9.
2076 4094 2286 4147 Exaudi
2314 4110 2420 4161 me,
2449 4104 2502 4148 et
2526 4095 2673 4149 salva
2702 4097 2755 4150 in
2789 4097 2925 4153 Filio
2955 4108 3044 4154 tuo

306 4182 397 4235 10.
439 4181 495 4234 Ὀ
525 4182 714 4253 Πατὴρ
747 4180 901 4251 ἐντῷ
946 4180 1079 4251 Υἱῷ.
1576 4214 1579 4215 ν

1576 4214 1579 4215 ν
1994 4187 2081 4241 10.
2115 4186 2274 4241 Pater
2300 4187 2353 4240 in
2381 4186 2540 4242 Filio.

312 4274 402 4326 11.
446 4274 658 4341 Σίκιμα
687 4272 1048 4344 ἑρμηνεύεται
1103 4273 1535 4326 ἀναϐαίνουσα.
1583 4271 1691 4342 Τὴν
1729 4267 1821 4324 οὖν

1992 4279 2077 4331 11.
2108 4275 2340 4331 Sichima
2367 4278 2748 4346 interpretatur
2770 4278 3071 4331 ascendens.
3099 4278 3489 4335 Ascendcntcm

230 4364 629 4419 ἁναϐαίνουσαν
661 4363 839 4435 ψυχὴν
880 4364 1016 4433 πρὸς
1040 4364 1126 4434 μὲ,
1178 4364 1209 4433 ἢ
1245 4361 1412 4431 αὐτὴν
1455 4361 1530 4430 (Δ)
1559 4360 1657 4431 τὴν
1703 4361 1756 4413 Ἐ

1962 4368 2087 4439 gitur
2138 4370 2375 4423 animam
2412 4369 2479 4422 ad
2504 4385 2619 4433 me,
2654 4385 2750 4424 seu
2794 4370 2967 4438 ipsam
3008 4369 3303 4424 Ecclesium
3339 4389 3493 4442 sepa-

230 4458 469 4527 κλησίαν
498 4457 823 4527 ἁποχωρίσω
855 4456 963 4507 ἀπὸ
990 4456 1081 4508 τοῦ
1105 4456 1309 4524 κόσμου
1340 4452 1580 4524 ἐμαυτῷ.

991 4456 1081 4508 τοῦ
1105 4456 1309 4524 κόσμου
1340 4452 1580 4524 ἐμαυτῷ.
1847 4434 1888 4492 C
1924 4434 2056 4516 rabo
2085 4461 2216 4514 mihi
2242 4476 2271 4514 a
2299 4461 2522 4517 mundo.

311 4551 398 4604 12.
430 4551 541 4602 Καὶ
566 4551 623 4601 ὲν
653 4551 720 4619 τῇ
757 4548 900 4618 ψυχῇ
930 4548 1037 4601 τῶν
1070 4548 1143 4618 (5)
1183 4546 1452 4599 ταπεινῶν
1506 4546 1815 4615 ἐμπεριπα-

1658 4562 1815 4615 ριπα-
1998 4556 2085 4611 12.
2120 4553 2187 4607 Ει
2210 4554 2265 4607 ἱη
2295 4554 2478 4607 anima
2510 4552 2795 4607 humilium
2821 4551 3189 4608 inambulabo.

228 4659 408 4696 τησω.

310 4659 408 4695 σω.

267 4644 402 4789 ή15.
444 4734 691 4789 Γαλαὰδ
751 4733 1111 4805 ἑρμηνεύεται
1170 4732 1438 4785 κατοικία
1482 4732 1798 4801 μαρτυρίοι

1994 4730 2083 4783 15.
2133 4727 2340 4782 Galaad
2389 4727 2774 4796 interpretatur
2818 4727 3136 4781 in/iabitatio
3183 4732 3487 4786 testimonii.

231 4828 339 4897 (6).
394 4827 735 4895 Μανασσῆς
816 4826 1177 4898 ἑρμηνεύεται
1247 4826 1762 4893 ἐπιλανθανόμενος

1960 4823 2197 4876 lanasses
2230 4823 2615 4889 interpretatur
2637 4820 2850 4874 oblitus.
2881 4820 2992 4875 Hoc
3016 4824 3179 4892 igitur
3203 4825 3491 4893 signiﬁcat,

231 4917 410 4969 Τοῦτο
467 4913 560 4970 οὖν
604 4917 770 4985 λέγει’
821 4917 993 4984 Ἑμός
1025 4916 1157 4969 ἐστι
1204 4914 1470 4977 Γαλαὰδ,
1497 4913 1525 4964 ὁ
1560 4914 1666 4965 ἀπὸ
1717 4914 1762 4965 τί

1961 4916 2073 4970 (eus
2098 4925 2173 4969 est
2203 4914 2412 4969 Galaad
2437 4930 2456 4968 :
2480 4914 2573 4983 qui
2606 4930 2636 4967 a
2666 4922 2885 4981 peccato
2929 4916 3396 4986 transmigraverit
3427 4921 3492 4972 ad

229 5010 513 5083 ἁμαρτίας
546 5011 794 5081 μέτοικος
823 5009 1105 5078 γινόμενος
1155 5007 1292 5077 πρὸς
1326 5005 1425 5076 ἐμὲ
1454 5005 1511 5055 ὲν
1544 5020 1756 5075 μαρτυρ

1961 5026 2009 5061 te
2034 5009 2086 5061 in
2116 5007 2426 5060 testimonio
2454 5022 2466 5056 :
2491 5010 2574 5070 et,"
2597 5021 2737 5058 meus
2759 5014 2835 5058 est
2863 5004 3156 5071 Manasses,
3183 5007 3278 5077 qui
3294 5008 3490 5067 oblitus

230 5104 337 5176 ('l)’
366 5106 462 5159 καὶ
489 5105 631 5173 ἐμός
676 5105 805 5157 ἐστι
855 5100 1216 5168 Μανασσῆς,
1259 5102 1287 5152 ὁ
1331 5096 1761 5166 ἐπιλανθανόμενι

1730 5113 1816 5159 νος
1920 5108 2006 5154 est
2037 5099 2385 5169 pristinarum
2413 5112 2634 5151 suarum
2662 5097 2924 5151 malarum
2962 5099 3258 5154 actionum.

227 5196 346 5251 τῶν
378 5196 662 5267 προτέρων
690 5195 852 5250 αὑτοῦ
879 5192 1126 5264 πονηρῶν
1159 5191 1428 5264 πράξεων.

1189 5339 1497 5401 Addenda
1535 5344 1594 5397 ct
1627 5333 2011 5413 corrigenda
2044 5350 2120 5394 ex
2153 5332 2294 5392 cod.
2336 5332 2537 5394 Vatic.

419 5522 572 5603 QLEE
595 5525 773 5603 ἐθνῶν
785 5524 990 5579 desunt.

2098 5517 2239 5603 ῃρδς
2277 5515 2491 5603 μὲνπὴν
2521 5516 2712 5596 αὐτὴν,
2738 5526 2842 5603 etc.

201 5606 207 5623 '
307 5588 385 5662 (2)
422 5588 667 5659 Ἔδωκας
690 5599 820 5661 τοῖς,
849 5606 953 5650 ctc.

1996 5589 2070 5656 (5)
2104 5589 2213 5662 Καὶ
2241 5588 2335 5662 τὴν
2361 5588 2534 5655 ψυχὴν
2562 5588 2694 5662 τῶν,
2722 5594 2825 5640 etc.

311 5658 389 5733 (ὅ)
444 5666 551 5718 Τοῦ
597 5658 941 5737 φυγεῖνὰπὸ
992 5666 1091 5735 τῆς
1149 5664 1437 5734 ἁμαρτίας.
1474 5662 1535 5718 Ν.
1580 5664 1631 5718 9.
1684 5662 1812 5715 ’Λπδ
2096 5658 2356 5737 ξίετοικία
2383 5658 2703 5737 μαρτυρίας.

225 5728 422 5807 αὐτῆς.
610 5728 622 5737 ’
686 5728 695 5735 ’
1050 5728 1059 5735 ’
1189 5728 1199 5733 ⁷
1268 5728 1278 5734 ⁷
1990 5731 2064 5801 (7)
2096 5731 2183 5793 Εἰς
2222 5728 2540 5801 μαρτυρίαν.
