3876 6220
459 290 561 348 837
1303 295 1361 353 S.
1394 294 1767 353 ATHANASII
1798 298 1949 356 OPP.
1987 300 2164 360 PARS
2198 304 2285 358 Ill.
2336 333 2390 344 —-
2467 303 2884 360 EXEGETICA.
3636 301 3762 358 888

531 410 617 466 M.
651 410 717 467 Et
739 410 996 483 Ephraim
1027 413 1290 474 fortitudo
1317 415 1512 488 capitis
1543 417 1673 478 mei.
2057 470 2062 482 .

2202 422 2288 476 M.
2321 424 2432 476 Kal
2471 403 2703 494 ’.Εφραῒμ
2733 422 3066 496 κραταίωσις
3095 422 3194 493 τῆς
3220 421 3466 493 κεψαλῆς
3498 438 3645 492 μου.

530 503 620 558 15.
656 503 794 563 Juda
818 522 914 564 rex
944 523 1134 566 meus:

2203 515 2288 570 15.
2331 516 2529 580 Ἰούδας
2561 517 2811 587 βασιλεύς
2842 533 2965 589 μου·

524 594 613 650 16.
646 598 807 658 Moab
837 599 945 658 olla
967 601 1080 672 spei
1107 616 1265 658 meae.

2199 607 2285 661 16.
2312 609 2483 662 Μωὰ6
2515 609 2678 680 λέϐης
2704 609 2806 680 τῆς
2838 610 3052 674 ἐλπίδος
3086 628 3208 682 μου.

526 686 612 741 17.
640 687 693 741 In
719 689 1006 746 ldumaeam
1034 691 1320 750 estendam
1353 691 1787 746 calceamentum
1807 704 2022 746 meum:

2199 702 2284 757 17.
2323 703 2445 758 Ἐπὶ
2467 703 2566 775 τὴν
2613 703 2918 773 Ἰδουμαίαν
2947 701 3151 756 ἐκτενῶ
3176 701 3237 756 τὸ
3265 699 3529 773 ὐπόδημά
3555 716 3705 772 μου·

525 778 612 832 18.
648 777 777 834 Mihi
809 781 1125 853 alienigenae
1149 783 1351 842 subditi
1380 791 1533 840 sunt.

2199 793 2285 848 18.
2327 795 2482 863 Ἐμοὶ
2506 793 2790 864 ἀλλόφυλοι
2821 793 3188 865 ὑπετάγησαν.

522 869 608 926 19.
642 871 776 938 Quis
802 873 1031 938 deducet
1062 891 1149 938 me
1172 876 1230 939 in
1251 876 1528 935 civitatem
1557 877 1867 938 munitam?

1796 878 1867 938 ll?
2196 885 2282 942 19.
2311 886 2406 950 Τίς
2433 885 2630 951 ἀπάξει
2662 904 2729 957 με
2748 888 2827 950 είς
2847 886 3001 939 πόλιν
3033 884 3327 957 περιοχῆςῖ

515 961 606 1015 20.
640 964 745 1023 Aut
768 966 891 1036 quis
924 968 1156 1024 deducet
1180 984 1266 1024 me
1299 984 1474 1039 usque
1498 970 1556 1031 in
1585 967 1918 1028 ldumaeam?

2192 978 2282 1033 20.
2322 979 2393 1031 Ἢ
2417 978 2501 1042 τίς
2528 978 2785 1048 ὁδηγήσει
2815 996 2881 1048 με
2903 979 3006 1047 ἕως
3035 977 3474 1050 τῆςξἾδουμαίας
3493 979 3522 1048 ςξ

517 1053 606 1108 21.
635 1054 823 1113 Nonne
857 1068 935 1132 tuI
968 1058 1134 1128 Deus,
1159 1060 1251 1130 qui
1280 1060 1530 1129 repulisti
1560 1061 1707 1118 nos?

2190 1068 2278 1122 21.
2314 1068 2448 1138 Οὐχὶ
2483 1068 2548 1121 σὺ
2578 1068 2606 1120 6
2629 1067 2760 1130 Θεὸς
2787 1067 2816 1122 6
2846 1066 3204 1136 ἀπωσάμενος
3235 1067 3417 1136 quae;

515 1147 603 1200 9'2.
635 1148 702 1206 Et
748 1166 861 1210 non
903 1154 1219 1224 egredieris,
1260 1154 1429 1222 Deus,
1459 1155 1516 1210 in
1567 1155 1866 1214 virtutibus
1921 1169 2019 1209 no-

2199 1156 2278 1211 22.
2314 1158 2427 1211 Kal
2468 1158 2569 1210 οὐκ
2599 1155 2876 1227 ὲξελεύσῃ,
2925 1157 2954 1210 6
2995 1155 3149 1221 Θεὸς,
3184 1155 3242 1208 ὲν
3267 1157 3388 1219 ταῖς
3410 1155 3730 1226 δυνάμεσιν

447 1239 615 1294 stris?

2117 1249 2310 1320 ήμῶνς

515 1329 603 1385 25.
641 1330 717 1386 Da
751 1333 908 1402 nobis
941 1336 1202 1398 auxilium
1230 1337 1299 1392 de
1326 1337 1681 1398 tribulatione
1710 1358 1721 1390 :

1710 1358 1721 1390 :
2186 1339 2278 1395 25.
2307 1340 2406 1403 Δὸς
2428 1341 2558 1415 ἡμῖν
2597 1339 2848 1410 βοήθειαν
2878 1341 2945 1396 ὲκ
2975 1338 3205 1408 θλίψεως
3223 1355 3238 1371 ο

513 1424 604 1478 24.
636 1425 703 1482 Ει
733 1443 871 1483 vana
899 1431 1049 1487 salus
1077 1431 1341 1490 hominis.

2185 1430 2275 1486 24.
2309 1431 2421 1487 Kal
2453 1431 2657 1504 ματαία
2694 1430 2937 1502 σωτηρία
2969 1430 3279 1502 ἀνθρώπου.

510 1515 600 1570 25.
638 1515 698 1572 ιιι
723 1517 836 1574 Deo
859 1519 1123 1584 faciemus
1153 1524 1408 1582 virtutem
1437 1547 1449 1581 :

2183 1522 2274 1578 25.
2325 1523 2414 1578 Ἐν
2445 1521 2664 1593 τῷ”Θεῷ
2694 1524 2992 1593 ποιήσομεν
3024 1523 3250 1594 δύναμιν
3270 1540 3283 1554 ·

513 1606 604 1660 26.
635 1607 702 1662 Et
732 1610 846 1678 ipse
875 1612 942 1666 ad
967 1614 1194 1668 nihilum
1223 1615 1454 1672 deducet
1481 1619 1804 1674 tribulantes
1831 1634 1953 1674 nos.

2183 1613 2271 1668 26.
2308 1614 2420 1667 Kal
2452 1613 2614 1676 αὐτὸς
2657 1611 3001 1679 ὲξουδενώσει
3034 1616 3164 1678 τοὺς
3215 1613 3497 1675 θλίϐοντας
3523 1613 3685 1684 ἡμᾶς

566 1719 633 1775 In
668 1723 846 1791 ﬁnem,
877 1726 932 1778 in
960 1726 1168 1798 hymnis
1197 1728 1388 1784 David.
1423 1730 1660 1786 PSALM
1675 1732 1761 1787 US
1787 1731 1904 1787 LX.

2183 1730 2286 1794 Είς
2315 1727 2380 1780 τὸ
2419 1727 2624 1794 τέλος,
2655 1727 2725 1781 ἐν
2756 1729 2967 1798 ὕμνοις
2999 1729 3079 1795 τῷ
3097 1729 3292 1783 Δαϐίδ.
3327 1730 3499 1782 ΨΑΛ.
3526 1727 3623 1780 Ξ’.

2041 1800 2086 1854 Β

510 1833 562 1886 1.
591 1833 821 1900 Exaudi,
856 1837 1020 1906 Deus,
1056 1841 1485 1911 deprecationem
1524 1861 1740 1899 meam:

2041 1833 2086 1854 υ
2185 1842 2234 1898 1.
2270 1841 2626 1906 Είσάκουσον,
2660 1844 2688 1894 6
2725 1841 2878 1905 Θεὸς,
2904 1842 3002 1913 τῆς
3037 1841 3271 1922 δεήσεώς
3304 1859 3437 1912 μου·

1555 1996 1935 2052 ATHANASII
1974 1993 2560 2050 lNTERPRETATIO.

504 2146 590 2200 11.
627 2145 885 2217 Ephraim
918 2149 1302 2220 interpretatur
1341 2153 1661 2218 consolator,
1695 2151 2004 2207 consolator

2182 2151 2268 2205 M.
2312 2150 2554 2219 Ἐφραῒμ
2589 2149 2952 2222 ἑρμηνεύεται
3007 2149 3412 2219 παράκλητος
3439 2155 3466 2204 ὁ
3493 2152 3549 2205 δὲ
3583 2172 3697 2210 πα-

433 2249 616 2292 autem
651 2247 735 2294 est
766 2238 1000 2309 Spiritus
1028 2254 1270 2303 sanctus.
1298 2243 1580 2299 Fortitudo
1610 2244 1773 2314 igitur
1807 2244 1964 2298 menti

2161 2242 2373 2312 ικλητος
2401 2243 2461 2295 τὸ
2490 2241 2715 2312 Πνεῦμα
2737 2242 2797 2296 τὸ
2827 2242 2982 2310 ἅγιόν
3006 2243 3144 2296 ἐστι.
3214 2244 3568 2314 Κραταίωσις
3594 2242 3692 2300 οὖν

431 2343 566 2382 mea:
611 2337 695 2390 est
741 2329 975 2408 Spiritus
1005 2342 1226 2394 sanctus
1253 2352 1267 2390 :
1299 2343 1458 2403 caput
1486 2334 1629 2390 enim
1659 2348 1800 2402 saepe
1834 2333 1962 2404 signl

2158 2332 2399 2402 ιῐΙνεῦμα
2417 2333 2478 2386 τὸ
2496 2334 2648 2401 ἅγιον
2673 2333 2747 2404 (1)
2765 2333 2864 2404 τῆς
2881 2334 3110 2397 διανοίας
3133 2351 3254 2405 μου·
3280 2337 3312 2405 ἡ
3343 2336 3554 2408 κεφαλὴ
3576 2338 3689 2412 γὰρ

429 2418 558 2473 ﬂeat
587 2420 907 2476 nobiliorem
940 2425 1139 2479 mentis
1159 2434 1390 2495 partem.

2154 2423 2359 2486 )λλάκις
2404 2425 2484 2488 είς
2513 2424 2574 2478 τὸ
2613 2425 2940 2497 ἡγεμονικὸν
2975 2426 3074 2496 τῆς
3103 2427 3342 2490 διανοίας
3372 2427 3685 2499 θεωρεῖται.

502 2511 587 2566 13.
618 2511 791 2569 Iudas
815 2530 834 2570 :
860 2527 1051 2572 uotum
1072 2527 1280 2588 autem,
1301 2519 1445 2592 quod
1470 2535 1536 2575 ex
1563 2518 1702 2574 Juda
1733 2518 1996 2575 Dominus

2178 2515 2262 2569 15.
2305 2516 2528 2584 Ἰούδας
2721 2517 2880 2589 δῆλον
2905 2517 3036 2588 γὰρ,
3070 2517 3130 2583 ἐξ
3181 2518 3348 2572 Ἰούδα
3387 2521 3687 2575 ἀνατέταλ-

427 2611 582 2658 ortus
613 2610 718 2658 est.

2103 2625 2198 2661 κεν
2229 2611 2258 2661 6
2283 2608 2507 2680 Κύριος.

498 2696 586 2750 16.
618 2694 703 2749 Ea:
745 2695 887 2751 Ruth
929 2695 1218 2754 Moabitide
1264 2716 1433 2771 genus
1479 2703 1626 2756 ducit
1659 2714 1846 2759 sancta
1880 2705 1992 2760 Ma-

2173 2695 2260 2752 16.
2309 2697 2409 2750 Ἐκ
2437 2695 2547 2766 τῆς
2582 2696 2755 2751 Ῥοὺθ
2789 2696 2900 2765 τῆς
2930 2698 3292 2765 Μωαϐίτιδος
3313 2701 3615 2770 κατάγεται
3651 2704 3686 2774 ἡ

423 2790 505 2845 ria
526 2809 546 2858 ;,
571 2791 691 2848 ideo
721 2800 938 2862 propter
959 2793 1326 2862 virginitatem
1356 2793 1512 2849 Moab
1543 2796 1630 2852 hic
1654 2797 1954 2852 nominatur

2160 2788 2232 2841 νία
2264 2789 2456 2857 Μαρία
2497 2788 2576 2859 ('5)
2600 2806 2613 2821 ο
2670 2789 2747 2853 ὡς
2781 2785 2874 2844 οὖν
2909 2789 2997 2843 διὰ
3026 2789 3122 2861 τὴν
3183 2791 3449 2863 παρθένον
3500 2795 3691 2849 Μωὰϐ

429 2881 588 2952 Virgo
622 2884 784 2955 igitur
813 2884 918 2940 olla
966 2883 1179 2939 Domini
1212 2884 1354 2940 facta
1383 2896 1483 2952 est,
1513 2889 1640 2957 quia
1667 2897 1721 2942 et
1750 2889 1803 2942 in
1836 2899 1960 2946 uteri

2156 2882 2360 2936 ιλεῐται.
2403 2883 2467 2936 Ἦ
2493 2883 2766 2954 Παρθένος
2791 2880 2882 2938 οὖν
2909 2885 3071 2956 λέϐης
3101 2885 3194 2938 τοῦ
3219 2888 3424 2958 Κυρίου
3452 2888 3687 2957 γεγένη-

423 2991 532 3032 suo.
550 2977 801 3046 concepit
824 2977 1110 3032 Dominum
1141 2993 1302 3048 super
1348 2991 1624 3048 naturam,
1650 2996 1759 3034 non
1791 2995 1954 3034 secun

2155 2990 2205 3035 ιι,
2237 2972 2324 3026 διὰ
2349 2973 2410 3025 τὸ
2438 2974 2496 3026 ὲν
2519 2976 2584 3045 τῇ
2615 2974 2792 3046 κοιλίᾳ
2814 2975 2984 3046 αὐτῆς
3037 2975 3435 3048 συλληφθείσης
3460 2979 3554 3031 καὶ
3586 2977 3686 3032 τὸν

421 3066 559 3127 (ιυῐη,
579 3076 851 3128 naturam.
2097 3065 2298 3135 Κύριον
2335 3065 2473 3135 ὑπὲρ
2503 3064 2736 3134 φύσεως,
2765 3066 2859 3120 καὶ
2889 3066 3030 3120 κατά
3057 3066 3238 3135 φύσιν.

495 3158 584 3210 17.
623 3157 866 3213 Idumwa
907 3160 1056 3230 regio
1085 3169 1201 3216 erat
1230 3161 1393 3217 Esau.
1431 3162 1575 3216 Esau
1603 3171 1785 3218 autem
1821 3164 1990 3218 inter-
2023 3225 2026 3231 λ

2168 3158 2254 3211 17.
2285 3156 2452 3230 Χώρα
2487 3157 2563 3230 (4)
2600 3154 2668 3230 ἦν
2711 3158 2805 3212 τοῦ
2848 3159 3018 3212 Ἡσαῦ
3053 3161 3090 3228 ἡ
3117 3160 3430 3231 Ἰδουμαία.
3484 3161 3684 3218 Ἦσαῦ

419 3258 665 3322 pretatur
691 3251 950 3319 hirsutus,
969 3217 1159 3324 quales
1181 3263 1338 3310 erant
1362 3265 1548 3324 gentes
1585 3265 1804 3326 propter
1829 3271 1950 3326 aspe

2182 3217 2888 3320 épunvs'tie'cat'totanc,
2928 3217 3089 3321 ὅπερ
3117 3217 3279 3321 ἦσαν.
3309 3251 3376 3305 τὰ
3430 3251 3557 3323 ἔθνη
3585 3217 3685 3308 διὰ

418 3342 634 3396 ritatem
658 3343 838 3400 cordis
863 3359 1086 3401 eorum:
1116 3345 1188 3402 ad
1213 3347 1312 3402 bas
1346 3347 1530 3417 igitur,
1571 3348 1768 3418 inquit,
1809 3357 1949 3406 trans

2148 3359 2189 3412 ιν
2210 3341 2525 3413 τραχύτητα
2548 3342 2646 3414 τῆς
2679 3342 2905 3413 καρδίας
2931 3343 3133 3400 αὐτῶν.
3165 3343 3289 3396 Ἐπὶ
3308 3343 3530 3408 τούτους
3558 3341 3679 3411 οὖν,

421 3434 558 3489 itum
581 3449 763 3490 meum
790 3433 1010 3491 faciam.

2093 3433 2260 3502 λέγει,
2291 3433 2389 3504 τὴν
2424 3433 2651 3505 πορείαν
2685 3451 2788 3504 μου
2820 3435 3139 3506 ποιήσομαι.

496 3525 584 3582 18.
612 3527 1073 3594 Auseultaverunt
1089 3531 1272 3588 autem
1290 3543 1344 3590 et
1360 3533 1707 3590 crediderunt
1727 3533 1989 3604 praedica-

2162 3526 2249 3581 18.
2294 3525 2638 3597 ’Υπήκουσαν
2668 3525 2727 3581 δὲ
2771 3526 2847 3597 (5)
2889 3527 3216 3582 ἐπίστευσαν
3243 3527 3321 3599 τῷ
3358 3526 3679 3600 κηρύγματί

418 3616 552 3671 tioui
580 3632 732 3673 meae.

682 3633 732 3673 ε.
2093 3633 2213 3686 μου.

493 3707 577 3760 lt).
604 3704 662 3760 In
709 3708 983 3765 caelestem
1023 3698 1297 3766 civitatem
1325 3713 1449 3782 quis
1489 3728 1576 3769 me
1608 3713 1856 3780 deducet,
1882 3713 1987 3771 nisi

2160 3707 2246 3762 19.
2279 3708 2372 3771 Εἰς
2392 3706 2491 3779 τὴν
2524 3707 2844 3780 ἐπουράνιον
2892 3709 3044 3764 πόλιν
3088 3708 3172 3773 τίς
3221 3709 3419 3776 ἀπάξει
3473 3726 3541 3780 με
3570 3708 3674 3780 (6},

418 3803 474 3851 tu
503 3797 622 3868 ejus
648 3801 934 3856 conditor?

2089 3799 2136 3853 εἰ
2171 3797 2245 3868 μὴ
2278 3799 2340 3852 σὺ
2363 3801 2391 3852 6
2411 3800 2742 3871 δημιουργὸς
2767 3801 2967 3873 αὐτῆςς

489 3889 581 3942 90.
609 3890 718 3944 Aut
758 3894 881 3962 quis
921 3895 1149 3952 deducet
1181 3911 1268 3952 me
1297 3897 1353 3951 in
1393 3897 1804 3954 tabernaculum
1831 3907 1985 3957 tuum

2163 3887 2252 3942 20.
2287 3890 2355 3942 Ἦ
2387 3890 2469 3953 τίς
2501 3891 2755 3962 ὁδηγήσει
2808 3909 2876 3963 με
2912 3894 2992 3956 εἰς
3030 3893 3129 3964 τὴν
3179 3894 3382 3966 σκηνήν
3443 3911 3536 3948 σου
3569 3895 3674 3967 τὴν

414 3983 714 4038 mtcrnum?
2091 3979 2446 4051 ἀτελεύτητον
2471 3998 2484 4044 ;

482 4071 573 4137 21,
601 4073 691 4127 22.
720 4072 833 4129 Nisi
867 4083 946 4140 tu,
984 4073 1148 4142 Deus,
1181 4076 1276 4146 qui
1303 4077 1582 4148 projecisti
1613 4096 1734 4138 nos.

2164 4069 2250 4134 21,
2300 4068 2389 4122 22.
2435 4069 2509 4139 (7)
2540 4070 2602 4123 El
2622 4069 2696 4140 μὴ
2725 4071 2812 4134 σὺ,
2843 4073 2871 4124 6
2901 4070 3052 4134 Θεὸς,
3081 4074 3109 4125 6
3151 4071 3461 4144 ἀπορρίψας
3493 4075 3643 4144 ἡμᾶς

480 4162 570 4216 25.
605 4160 792 4217 Reduc
821 4178 921 4218 nos
953 4180 982 4216 a
1017 4175 1237 4234 peccato
1268 4167 1323 4220 in
1357 4174 1506 4224 tuam
1537 4169 1923 4240 cognitionem.

2161 4161 2249 4215 25.
2299 4161 2562 4229 Ἀνάγαγε
2607 4163 2755 4232 ἡμᾶς
2781 4163 2847 4216 ὲκ
2872 4163 2971 4232 τῆς
2999 4165 3274 4234 ἁμαρτίας
3307 4168 3387 4229 εἰς
3414 4167 3516 4236 τὴν
3543 4167 3668 4220 επί-

2089 4251 2289 4317 γνωσίν
2324 4269 2439 4308 σου.

477 4339 570 4394 24.
604 4339 794 4396 Omnis
824 4343 972 4402 salus
1002 4344 1238 4400 humana
1273 4347 1472 4411 inanis.

2155 4343 2244 4397 24.
2278 4345 2434 4400 Πᾶσα
2470 4345 2713 4416 σωτηρία
2745 4345 3062 4417 ἀνθρωπίνη
3095 4347 3314 4418 ματαία.

476 4431 567 4485 25.
597 4431 691 4487 Dei
721 4449 882 4490 cruce
911 4437 1267 4493 armabimur.

2151 4433 2242 4487 25.
2284 4435 2372 4492 Ἐν
2399 4435 2478 4504 τῷ
2508 4435 2726 4508 σταυρῷ
2751 4437 2844 4490 τοῦ
2872 4437 3007 4491 Θεοῦ
3030 4440 3386 4511 ὁπλισόμεθα.

476 4523 565 4579 26.
606 4524 670 4580 Ει
701 4527 817 4597 ipsa
851 4544 985 4586 crux
1019 4530 1197 4601 abiget
1233 4533 1544 4592 immundos
1570 4535 1864 4595 daemones.
2005 4557 2007 4612 ρ

2151 4523 2240 4579 26.
2273 4525 2379 4578 Kal
2405 4526 2564 4590 αὐτὸς
2582 4529 2610 4580 6
2632 4529 2861 4602 σταυρὸς
2885 4530 3147 4588 ἀπελάσει
3173 4533 3298 4596 τοὺς
3319 4533 3665 4605 ἀκαθάρτους

2134 4613 2365 4665 ιίιιοναε.

2117 4632 2172 4666 αι
2180 4633 2365 4685 μονας.

590 4713 928 4807 προκειμένη
962 4714 1241 4786 ἐπιγραφὴ
1266 4717 1512 4788 περιέχει
1547 4719 1654 4788 (8)·
1682 4723 1785 4786 El;-
1810 4722 1878 4776 τὸ
1903 4724 2100 4792 τέλος,
2129 4727 2198 4780 ἐν
2228 4729 2438 4795 ὕμνοις
2466 4730 2548 4795 τῷ
2581 4731 2779 4786 Δαϐίὸ.
2834 4733 3005 4788 Τοῦτο
3045 4731 3140 4788 οὖν
3167 4737 3314 4788 ἐστιν
3337 4777 3352 4800 ,
3399 4737 3427 4790 ὃ
3479 4737 3660 4807 λέγει’

471 4801 687 4859 Titulus
711 4807 1036 4875 praepositus
1065 4810 1306 4864 continet
1332 4832 1346 4866 :
1378 4811 1444 4865 In
1473 4813 1653 4882 ﬁnem,
1681 4815 1735 4869 in
1766 4816 1973 4886 hymnis
2003 4819 2200 4876 David.
2233 4820 2346 4877 Hoc
2375 4824 2540 4892 igitur
2571 4835 2656 4880 est
2687 4827 2830 4896 quod
2864 4828 3135 4898 signiﬁcat
3161 4847 3176 4885 :
3202 4831 3258 4884 in
3292 4830 3397 4885 line
3419 4831 3474 4884 in
3506 4801 3662 4905 hvm-

472 4900 524 4953 1.
553 4898 788 4969 Accepta
809 4900 905 4957 ﬁat
930 4917 1115 4958 coram
1152 4913 1204 4961 te
1238 4910 1546 4977 deprecatio
1585 4927 1726 4966 mea.

2160 4917 2209 4972 1.
2250 4919 2424 4990 Δεκτὴ
2456 4921 2682 4991 γένηται
2710 4921 2938 4977 ἐνώπιόν
2965 4940 3058 4976 σου
3087 4925 3122 4995 ἡ
3152 4923 3335 4995 δέησίς
3366 4942 3488 4996 μου.

1347 5063 1659 5128 Addenda
1690 5076 1752 5128 et
1799 5069 2178 5150 corrigenda
2208 5090 2286 5136 ex
2319 5074 2458 5136 cod.
2503 5076 2706 5140 Vatic.

466 5245 543 5342 ιιι
571 5245 969 5342 Ἑέξξῖῖδιεῖδ
996 5248 1406 5342 ἒιιοιξάεειινηι-
1551 5326 1564 5342 .
1630 5325 1657 5336 -
1740 5327 1776 5342 ..
1887 5329 1912 5342 -

2239 5263 2406 5342 {mea
2420 5266 2518 5335 μὲν
2529 5261 2618 5336 ἦν,
2639 5277 2769 5331 etc.,
2786 5268 3065 5340 τριχῶδες,
3084 5279 3214 5335 etc.,
3231 5272 3323 5325 ἐπὶ
3339 5271 3534 5342 ταῦτα,
3549 5287 3653 5332 etc.

465 5317 544 5404 (2)
579 5317 776 5400 ’ίοούδας
805 5317 967 5404 taceat,
1002 5319 1255 5404 δῆλον...
1297 5324 1501 5397 Κύριος
1540 5325 1696 5396 ἡμῶν
1740 5327 1969 5400 Ἰησοῦς,

850 5328 967 5404 eest,
1002 5319 1255 5404 δῆλον...
1297 5324 1501 5397 Κύριος
1540 5325 1696 5396 ἡμῶν
1740 5327 1969 5400 Ἰησοῦς,
2255 5317 2381 5388 Καί.

392 5387 1158 5479 δτῑεέα.ί2νξεέἴβεῖέλξὲςὲμ
1229 5463 1238 5479 .
1637 5469 1688 5479 -.
1782 5387 1830 5479 ζ.
2145 5387 2982 5479 ἰεὲῧξῐολέτείαντίςάπάξειημεο

468 5457 812 5550 (5)(Μίέριάἶή
835 5460 920 5522 Ὠς
945 5457 1051 5548 ,οὖν
1084 5461 1175 5550 διόι
1190 5463 1288 5550 τὴν
1326 5463 1971 5550 ’Ξοὺθθτὴνκηωαξίτιδῳ

2471 5457 3034 5550 iii
3063 5481 3175 5535 Kal
3197 5484 3297 5537 οὐκ
3321 5483 3593 5550 ὲξελεύσει
3625 5487 3653 5542 6

394 5527 864 5629 ἒὲῗῖἑὴὶῗηέίξιίέέἵ
905 5530 1003 5629 fil."
1033 5527 1506 5629 “sesama
1534 5527 1706 5629 κάὲεῖ·
1751 5539 1814 5592 Ἠ
1843 5527 1978 5629 Ξταιρλ
2078 5527 2230 5629 θεὲέξ
2360 5527 2452 5629 Eis
2480 5527 2917 5629 ξεῖιίβὲσῖλέἱρῦ
2945 5527 3650 5629 ἧέὧῗᾶἓῖεὲνέδῖῆῐιὲνῖ

396 5597 546 5680 θένος
578 5597 669 5723 0Ξῖ
696 5597 878 5670 λέϐης,
903 5597 1031 5670 etc.,
1067 5597 1428 5677 συλληφθῆναι
1452 5606 1540 5660 τὸν
1588 5607 1789 5679 Κύριον
1837 5597 1976 5682 ὑπερ
2091 5597 2106 5599 “

396 5683 579 5740 φύσιν,
633 5684 711 5723 νε.
