3876 6220
131 312 240 369 889
1029 320 1117 376 DE
1158 321 1438 384 TITULIS
1476 329 1926 392 PSALMORUM.
1967 371 2035 380 —
2069 341 2267 398 PSAL.
2306 346 2420 403 LX.
3303 358 3408 415 890

202 427 261 482 2.
298 428 543 502 Πρόσχες
567 436 635 506 τῇ
672 441 948 510 προσευχῇ
981 457 1104 512 μου.

1892 458 1945 512 2.
1977 460 2200 517 Intende
2229 465 2466 520 orationi
2492 480 2662 524 mea}:

197 520 252 576 '5.
303 521 439 575 Ἀπὸ
470 523 578 578 τῶν
611 527 864 597 περάτων
889 530 992 600 τῆς
1021 533 1126 604 γῆς
1156 533 1294 606 πρὸς
1333 537 1394 590 σὲ
1421 540 1714 615 ἐκέκραξα,

1897 551 1950 605 5.
1985 553 2029 605 Α
2056 553 2258 610 ﬁnibus
2288 566 2451 613 terrae
2473 559 2540 614 ad
2571 567 2625 616 te
2653 560 2907 630 clamavi,
2935 562 3065 622 dum
3089 567 3407 624 anxiaretur

128 607 190 664 ὲν
226 611 308 682 τῷ
330 611 406 683 (a)
443 614 736 685 ἀκηδιάσαι
761 619 859 690 τὴν
887 621 1116 693 καρδίαν
1153 640 1285 694 μου·
1557 607 1568 615 ”
1642 607 1655 610 ⁷
1701 607 1710 610 ﬁ

1842 658 1921 697 ιον
1955 661 2132 700 meum
2162 667 2177 704 2

201 702 258 756 4.
300 704 391 758 Ἐν
421 707 602 780 πέτρᾳ
631 707 856 779 ῦψωσάς
889 730 978 785 με.
1211 725 1217 732 ’

1891 737 1945 792 4.
1976 737 2033 792 In
2065 750 2214 808 petra
2249 745 2502 802 exaltasti
2536 763 2642 803 me.

200 794 254 847 5.
303 795 608 870 ὀδήγησάς
640 817 730 871 με,
753 803 834 858 ὅτι
867 807 1134 880 ὲγενήθης
1161 813 1318 878 ἐλπίς
1354 829 1486 884 μου,

1897 830 1948 884 5.
1976 829 2261 890 Deduxisti
2294 851 2400 904 me,
2439 840 2565 908 quia
2600 839 2777 898 factus
2801 858 2861 899 es
2887 859 3012 914 spes
3044 860 3187 911 mea,

200 886 254 940 6.
289 889 509 961 Πύργος
541 893 724 964 ἰσχύος
761 895 870 950 ἀπὸ
896 899 1188 972 προσώπου
1220 904 1436 978 ἐχθροῦ.

2443 886 2565 908 γ--
2601 886 2777 898 ...νην
2803 886 2861 899 υ..
2888 886 3012 914 ηιμ...

1895 919 1949 974 6.
1986 921 2176 980 Turris
2203 923 2540 984 fortitudinis
2571 947 2600 984 a
2633 931 2776 988 facie
2808 933 3040 990 inimici.

700 989 1018 1062 Διάψαλμα
1043 995 1142 1067 (b).

2428 1018 2768 1090 Diapsalma.

199 1073 254 1125 7.
277 1073 607 1147 Παροικήσω
621 1077 680 1131 ὲν
695 1080 772 1150 τῷ
794 1083 1112 1157 σκηνώματί
1131 1104 1223 1141 σου
1245 1091 1326 1153 είς
1339 1092 1466 1156 τοὺς
1485 1091 1711 1156 αἰῶνας.

1897 1103 1948 1157 7.
1980 1103 2301 1162 lnhabitabo
2328 1108 2380 1162 in
2408 1073 2764 1167 tabernaculo
2803 1122 2898 1169 tuo
2926 1115 2982 1170 in
3012 1119 3206 1174 saecula
3233 1137 3245 1150 ·

197 1165 252 1220 8.
289 1167 753 1242 Σκεπασθήσομαι
780 1175 838 1226 ἐν
864 1179 930 1249 τῇ
957 1179 1132 1252 σκέπῃ
1154 1180 1266 1237 τῶν
1289 1185 1574 1256 πτερύγων
1597 1203 1710 1238 σου.

1889 1197 1942 1250 8.
1975 1194 2234 1268 Protegar
2263 1199 2319 1254 in
2345 1202 2648 1260 velamento
2684 1207 2892 1262 alarum
2916 1217 3156 1266 tuarum.

198 1259 253 1314 9.
290 1259 416 1312 Ὀτι
452 1262 539 1324 σὺ,
569 1264 597 1316 ὁ
634 1263 790 1332 Θεὸς,
823 1270 1148 1339 είσήκουσας
1179 1272 1286 1326 τῶν
1318 1274 1492 1344 εὐχῶν
1524 1294 1622 1347 μου
1645 1293 1659 1307 ο

1895 1289 1947 1343 9.
1971 1288 2241 1354 Quoniam
2273 1300 2353 1358 tu,
2378 1292 2543 1361 Deus,
2561 1299 2833 1354 exaudisti
2857 1302 3160 1357 orationem
3184 1320 3395 1360 meam:

198 1350 287 1404 10.
322 1351 573 1418 Ἕδωκας
601 1355 965 1431 κληρονομίαν
991 1365 1103 1426 τοῖς
1136 1365 1487 1437 φοϐουμένοις
1517 1369 1582 1422 τὸ
1598 1370 1712 1423 ὅνο-

1888 1381 1976 1436 10.
2006 1381 2212 1438 Dedisti
2243 1383 2614 1443 haareditatem
2639 1390 2960 1448 timentibus
2989 1409 3185 1450 nomen
3223 1406 3397 1451 tuum.

127 1442 210 1512 μά
245 1460 364 1500 σου.
1533 1510 1544 1521 .

200 1536 284 1589 11.
317 1538 565 1610 Ἡμέρας
598 1541 684 1612 ἐφ’
714 1543 926 1616 ἡμέρας
952 1546 1046 1600 τοῦ
1075 1547 1338 1617 βασιλέως
1362 1550 1712 1622 προσθήσεις,

1894 1562 1978 1616 11.
2016 1564 2139 1621 Dies
2163 1581 2325 1636 super
2351 1567 2470 1623 dies
2495 1571 2641 1642 regis
2671 1573 2920 1643 adjicies,

199 1627 286 1683 12.
329 1629 414 1684 Τὰ
451 1631 552 1705 ἐτη
583 1636 752 1689 αὑτοῦ
781 1637 885 1702 ἕως
913 1639 1128 1712 ἡμέρας
1157 1645 1352 1710 γενεᾶς
1373 1645 1468 1698 καὶ
1494 1648 1708 1714 γενεᾶς.

1889 1655 1976 1710 12.
2011 1657 2196 1712 Annos
2231 1627 2360 1728 ejus
2408 1627 2586 1733 usque
2632 1663 2689 1718 in
2733 1627 2876 1718 diem
2907 1627 3296 1736 ’generationis
3347 1679 3402 1725 et

1819 1749 2206 1817 generationis.

1746 1822 1789 1881 Β
1894 1827 2369 1898 15.Ῥθι·ῐηοηο1)ἱι
2401 1845 2454 1898 in
2491 1855 2760 1918 aternum
2793 1850 2849 1904 in
2883 1864 3184 1924 conspectu
3217 1855 3332 1911 Dei.

1893 1934 1978 1988 1-1.
1998 1933 2424 1992 Misericordiam
2453 1941 2806 1996 etveritatem
2833 1943 2954 2013 ejus
2978 1947 3105 2016 quis
3121 1949 3398 2018 requiret?

1889 2025 1977 2080 15.
2016 2025 2107 2080 Sic
2148 2028 2421 2097 psalmum
2473 2032 2652 2088 dicam
2703 2036 2912 2090 nomini
2960 2046 3057 2092 tuo
3100 2039 3157 2094 in
3197 2044 3394 2098 saecula

1823 2116 2129 2191 [saeculum]
2153 2138 2165 2174 :

1889 2213 1976 2268 16.
2006 2213 2076 2270 Ut
2108 2217 2331 2274 reddam
2357 2227 2484 2275 vota
2518 2235 2638 2277 mea
2670 2221 2737 2278 de
2764 2223 2852 2279 die
2877 2224 2932 2280 in
2963 2225 3130 2281 diem.

198 1806 282 1860 15.
314 1809 574 1878 Διαμενεῖ
603 1814 684 1875 είς
712 1814 805 1867 τὸν
839 1815 1011 1869 αἰῶνα
1038 1817 1266 1872 ἐνώπιον
1293 1819 1386 1872 τοῦ
1411 1820 1567 1875 Θεοῦ.

196 1896 284 1950 14.
318 1898 508 1964 Ἔλεος
541 1903 635 1957 καὶ
663 1903 924 1977 ἀλήθειαν
952 1909 1116 1962 αὑτοῦ
1151 1909 1238 1972 τίς
1272 1910 1602 1983 ὲκζητήσει;

196 1989 283 2044 15.
314 1990 473 2046 οὕτω
498 1994 655 2064 ψαλῶ
691 1996 771 2068 τῷ
805 1998 1029 2070 ὀνόματί
1087 2017 1180 2054 σου
1223 2003 1303 2065 είς
1335 2004 1460 2067 τοὺς
1510 2003 1710 2068 αἰῶνας

117 2079 242 2152 [τὸν
265 2083 482 2157 αἰῶναῙ.

195 2175 286 2230 16.
333 2145 769 2234 Τοῦιάποδοῦναί
806 2198 875 2251 με
922 2181 1022 2247 τὰς
1052 2185 1218 2258 εὐχάς
1263 2203 1364 2258 μου
1397 2145 1612 2260 ἡμέραν
1651 2188 1711 2253 ἐξ

112 2267 357 2339 ἡμέραςο

189 2380 267 2447 (a)
302 2380 457 2437 Vers.
486 2384 539 2445 Δ,
585 2385 676 2438 Ἐν
709 2385 812 2456 τῷ,
840 2396 972 2456 etc.,
999 2387 1222 2459 ὕψωσάς
1257 2408 1346 2462 με.
1731 2451 1762 2482 ,

191 2451 268 2482 Hd
303 2453 413 2482 l‘n.l
472 2450 623 2482 Dn'nl
691 2464 749 2482 ..ο
783 2457 920 2482 ιηιδ..-

191 2451 268 2521 (b)
303 2453 437 2507 Cod.
468 2450 647 2510 Palat.
691 2450 946 2516 ut'i'nfra.

1246 2596 1625 2655 ATHANASII
1666 2599 2259 2664 INTERPRETATIO.

109 2729 284 2802 μέχρι
315 2729 502 2795 τέλους
529 2733 610 2796 είς
640 2732 810 2804 ὕμνον
832 2737 1044 2809 εἴρηται
1079 2736 1159 2804 τῷ
1183 2738 1367 2806 ἱκανῷ
1393 2739 1469 2810 τῇ
1490 2743 1663 2812 χειρὶ,
1691 2746 1940 2801 τουτέστι
1977 2747 2054 2821 τῷ
2080 2749 2196 2822 Υίῷ
2223 2751 2316 2805 τοῦ
2339 2749 2497 2806 Θεοῦ.
2528 2751 2708 2808 Δαϐίδ
2732 2750 2842 2832 γὰρ
2879 2750 3236 2824 ἑρμηνεύεται
3265 2755 3396 2809 ικα-
3428 2741 3436 2759 ³

106 2826 226 2892 νὸς
257 2826 429 2895 χειρὶ,
471 2828 549 2892 ὡς
581 2829 779 2902 είρηκα
805 2834 882 2902 (1)
911 2832 1189 2897 πολλάκις.

107 2931 249 2968 num
277 2916 458 2973 dictus
472 2927 557 2972 est
579 2917 834 2977 Psalmus
857 2941 1016 2980 manu
1044 2929 1193 2995 forti,
1217 2929 1321 2985 hoc
1349 2931 1588 2989 estFilio
1620 2932 1736 2988 Dei.
1757 2933 1928 2990 David
1947 2939 2094 2992 enim
2113 2940 2509 3009 interpretatur
2542 2957 2702 2995 manu
2755 2941 2930 3011 fortis,
2960 2951 3020 2997 ut
3040 2943 3236 3014 saepius
3252 2944 3386 3001 diti.

189 3010 245 3064 2.
282 3011 374 3082 Μὴ
413 3013 773 3088 ἀποστραφῇς
802 3020 902 3091 τὴν
935 3024 1242 3096 προσευχήν
1276 3043 1395 3098 μου.

1879 3031 1935 3085 2.
1966 3030 2045 3088 Ne
2077 3035 2348 3090 averseris
2378 3035 2684 3091 orationem
2717 3053 2915 3094 meam.

189 3102 243 3155 5.
275 3101 450 3156 Ἤλων
473 3105 582 3157 τῶν
612 3107 820 3178 γηίνων
849 3111 958 3164 τῶν
989 3115 1048 3168 ὲν
1072 3114 1148 3184 τῷ
1179 3116 1371 3189 κόσμῳ
1401 3118 1704 3191 καθαρίσας

1877 3125 1930 3179 '5.
1963 3125 2098 3181 Cum
2122 3127 2191 3182 ab
2215 3128 2470 3183 omnibus
2495 3129 2659 3185 rebus
2681 3129 2937 3196 terrenis,
2961 3146 3083 3202 quae
3107 3131 3160 3186 in
3181 3133 3390 3190 mundo

107 3194 217 3264 τὴν
249 3195 492 3250 διάνοιάν
524 3215 628 3268 μου
648 3238 663 3264 ,
693 3200 869 3266 οὕτως
901 3204 1127 3277 ἐδεήθην
1160 3225 1275 3263 σου.

1842 3225 1958 3281 unt,
1990 3219 2316 3275 mundasses
2358 3228 2827 3288 mentermmeam,
2868 3221 2943 3276 ita
2989 3231 3042 3277 te
3067 3223 3390 3294 deprecatus

1807 3322 1953 3363 sum.

193 3368 246 3423 4.
291 3369 381 3426 Ἐν
407 3370 486 3442 τῷ
516 3374 777 3441 νυστάξαι
809 3378 889 3440 εἰς
920 3377 1021 3451 τὴν
1049 3380 1324 3453 ἁμαρτίαν
1356 3382 1456 3453 τὴν
1477 3383 1705 3456 καρδίαν

1876 3397 1932 3452 ι.
1959 3397 2098 3453 Cum
2130 3398 2454 3455 dormitaret
2493 3399 2547 3454 in
2569 3409 2795 3471 peccato
2825 3417 2920 3458 cor
2942 3418 3124 3460 meum
3159 3405 3216 3460 in
3251 3420 3390 3476 pra-

118 3476 252 3532 μῃυ,
284 3460 343 3514 ἐν
365 3464 488 3525 ταῖς
512 3463 754 3528 ἐντολαῖς
787 3484 881 3520 σου
915 3467 1283 3540 ὲθεμελίωσάς
1320 3489 1407 3542 με.

1842 3489 1980 3559 eptis
2008 3489 2118 3544 tuis
2145 3488 2385 3545 fundasti
2418 3507 2524 3546 me.

193 3552 244 3608 5.
289 3553 378 3607 Ἐν
403 3552 484 3624 τῷ
516 3557 656 3623 φωτὶ
687 3557 786 3629 τῆς
811 3559 1032 3631 χάριτός
1063 3577 1154 3613 σου
1188 3561 1478 3633 ὡδήγησάς
1507 3581 1596 3634 με.

1875 3552 1932 3633 5.
1957 3578 2017 3632 In
2043 3579 2167 3635 luce
2196 3582 2386 3650 gratiae
2420 3591 2528 3637 tuae
2561 3584 2836 3642 deduxisti
2863 3603 2971 3643 me.

196 3645 247 3700 6.
284 3646 474 3716 Τεῖχος
517 3648 735 3721 ἰσχυρόν
769 3668 859 3722 μοι
895 3652 971 3723 (2)
1007 3653 1275 3726 ὑπάρχεις
1308 3655 1561 3724 φεύγοντι
1597 3657 1704 3710 ἀπὸ

1877 3669 1931 3722 6.
1957 3666 2146 3724 Murus
2175 3645 2512 3728 fortissimus
2543 3675 2680 3729 mihi
2705 3690 2766 3731 es
2788 3675 3016 3748 fugienti
3044 3690 3348 3750 a'peccnto.

106 3739 216 3808 τῆς
251 3738 551 3809 ἁμαρτίας.

188 3829 242 3881 7.
281 3829 376 3882 Ἐν
405 3831 520 3893 τοῖς
550 3830 883 3905 δικαιώμασί
906 3853 998 3890 σου
1028 3836 1272 3908 διαμένω
1297 3837 1375 3909 (5)
1415 3836 1704 3912 [διαμενῶ]

1881 3847 1933 3902 7.
1965 3847 2021 3902 In
2044 3848 2536 3918 justiﬁcationibus
2557 3853 2670 3910 tuis
2696 3855 3030 3925 permanebo
3061 3870 3301 3926 semper.

107 3922 428 3983 διαπαντός.
2437 3982 2447 3992 .

181 4013 235 4067 8.
265 4012 690 4083 Φυλαχθήσομαι
723 4013 828 4065 ὑπὸ
873 4013 982 4068 τῶν
1015 4014 1110 4068 δύο
1141 4015 1429 4087 Διαθηκῶν
1463 4033 1558 4069 σου
1604 4018 1702 4088 (4).

1878 4023 1932 4078 8.
1967 4023 2258 4079 Custodiar
2290 4026 2394 4080 sub
2421 4027 2638 4084 duobus
2666 4027 3032 4086 Testamentis
3065 4029 3195 4086 tuis.

183 4105 238 4158 9.
267 4103 574 4175 Πληρώσας
605 4122 673 4176 με
701 4103 794 4157 τοῦ
825 4107 1104 4178 φωτισμοῦ
1140 4126 1254 4166 σου.

1879 4115 1932 4169 9.
1966 4113 2200 4184 Replens
2227 4132 2314 4172 me
2349 4118 2750 4176 illuminatione
2779 4128 2894 4175 tua.

180 4197 273 4254 10.
295 4197 408 4265 Τὴν
435 4195 713 4266 βασιλείαν
738 4197 845 4251 τῶν
865 4199 1108 4272 οὐρανῶν
1130 4201 1337 4269 ἔδωκας
1350 4207 1462 4268 τοῖς
1493 4201 1705 4257 ποιοῦσι

1882 4207 1967 4262 10.
2003 4206 2250 4279 Regnum
2296 4211 2561 4268 caelorum
2595 4213 2794 4269 dedisti
2826 4211 3157 4269 facientibus
3194 4213 3388 4269 volun-

107 4289 170 4342 τὸ
205 4289 426 4358 θέλημά
460 4305 576 4342 σου.
1006 4327 1012 4331 -

1842 4308 1973 4355 atem
2004 4309 2172 4355 tuam.

183 4381 276 4434 11.
308 4381 420 4434 Καὶ
467 4381 549 4451 τῷ
593 4380 876 4446 ἀξιωθέντι
905 4383 1082 4456 πιστῷ
1115 4402 1211 4440 σου
1240 4385 1355 4458 λαῷ
1403 4389 1462 4440 ἐν
1491 4386 1569 4458 τῷ
1608 4386 1702 4441 νῦν

1881 4392 1968 4453 11.
2005 4390 2075 4450 Et
2101 4391 2300 4462 populo
2323 4400 2416 4448 tuo
2436 4391 2603 4458 ﬁdeli,
2629 4393 2725 4465 qui
2757 4393 2813 4450 in
2842 4395 2946 4451 hoc
2969 4395 3167 4450 saeculo
3188 4396 3387 4466 dignus

111 4473 276 4527 αἰῶνι
301 4471 400 4526 τοῦ
428 4473 606 4542 φωτὸς
645 4475 743 4545 τῆς
780 4476 1002 4548 χαριτός
1039 4493 1132 4531 σου
1183 4478 1511 4553 προσθήσεις
1556 4479 1708 4550 αὐτῷ

1842 4493 1991 4540 actus
2013 4495 2096 4540 est
2126 4486 2249 4540 luce
2277 4485 2467 4556 gratiae
2501 4495 2630 4554 tute,
2663 4485 2886 4556 adjicies
2917 4488 3021 4556 ipsi
3049 4486 3212 4541 etiam
3251 4486 3388 4542 frui-

107 4567 206 4620 καὶ
228 4565 327 4618 τοῦ
352 4565 522 4618 ἀϊδίου
550 4567 728 4634 φωτὸς
755 4565 1060 4621 ἀπολαῦσαι
1082 4568 1140 4621 ὲν
1160 4568 1237 4639 τῷ
1264 4569 1507 4640 μέλλοντι
1527 4569 1704 4625 αἰῶνι.

1842 4575 2016 4631 ionem
2045 4585 2261 4632 ωερε-ηαδ
2292 4577 2432 4632 lucis
2463 4577 2519 4632 in
2551 4587 2784 4634 venturo
2807 4580 3030 4634 saeculo.

184 4659 278 4720 12.
313 4658 425 4710 Καὶ
455 4659 489 4729 ή
521 4657 633 4728 ζωὴ
655 4657 818 4712 αὑτοῦ
847 4659 1198 4733 ἀτελεύτητός
1225 4662 1370 4714 ἐστιν
1394 4662 1490 4732 (5).

1885 4666 1972 4720 12.
2004 4665 2071 4718 Et
2104 4666 2214 4721 vita
2244 4667 2364 4736 ejus
2395 4667 2725 4737 sempiterna
2749 4676 2852 4723 est.

185 4753 276 4807 15.
294 4750 403 4802 Καὶ
421 4749 724 4822 ἀχώριστός
756 4752 872 4804 ἐστι
888 4750 980 4804 τοῦ
999 4753 1134 4824 όρᾷν
1151 4752 1247 4822 τὴν
1268 4751 1420 4817 δόξαν
1436 4752 1530 4806 τοῦ
1546 4752 1705 4810 Θεοῦ.

1885 4759 1969 4812 15.
2000 4757 2067 4810 Et
2100 4758 2477 4828 inseparabilis
2505 4767 2591 4814 est
2621 4773 2652 4814 a
2675 4759 2889 4816 visione
2917 4760 3104 4831 gloriae
3127 4759 3244 4814 Dei.

184 4844 277 4897 14.
310 4840 424 4911 Τὴν
457 4841 869 4911 εὐσπλαγχνίαν
884 4841 1052 4896 αὐτοῦ
1076 4843 1172 4897 καὶ
1194 4843 1294 4915 τὴν
1312 4843 1706 4917 δικαιοκρισίαν

1883 4852 1971 4905 14.
2005 4850 2406 4906 Miserationem
2452 4850 2575 4922 ejus
2619 4857 2678 4910 et
2712 4851 2920 4922 justum
2965 4851 3232 4922 judicium
3264 4851 3392 4921 quis

106 4937 192 5000 τὲς
223 4935 306 5004 (6)
336 4933 622 5006 καταλάϐῃ
642 4951 656 4998 ;

1843 4944 2274 5013 omprebendet?

183 5026 276 5080 15.
304 5023 492 5088 Οὕτως
519 5024 676 5094 ψαλῶ
710 5042 791 5079 σοι
823 5025 898 5099 (7)
925 5027 1239 5092 ἀπαύστως,
1270 5027 1345 5093 ὡς
1371 5028 1620 5098 ὀφείλων,
1646 5031 1703 5084 ὲν

1881 5036 1969 5090 15.
2005 5036 2096 5090 Sic
2121 5036 2391 5104 psalmum
2413 5036 2592 5092 dicam
2611 5036 2708 5094 tibi
2729 5037 3085 5103 incessanter,
3113 5044 3172 5091 ut
3195 5036 3390 5099 debeo,

106 5118 518 5189 εὐχαριστίαις.

1842 5143 1867 5180 [ι
1899 5128 2193 5197 gratiarum
2218 5128 2569 5183 actionibus-

180 5212 276 5265 16.
323 5211 607 5282 Ἀνυμνεῖν
638 5227 702 5263 σι
731 5210 826 5265 καὶ
871 5212 929 5264 ὲν
954 5211 1032 5284 τῷ
1080 5213 1176 5266 νῦν
1207 5211 1361 5267 αἰῶνι
1403 5214 1496 5268 καὶ
1535 5214 1594 5268 ἐν
1630 5213 1706 5284 τῷ

1885 5219 1972 5275 16.
2003 5219 2073 5275 Ut
2099 5221 2315 5277 laudem
2351 5231 2402 5276 te
2439 5235 2492 5276 et
2522 5222 2578 5277 in
2608 5221 2863 5294 praisemi
2898 5222 3099 5280 saeculo
3124 5231 3177 5278 et
3220 5238 3274 5277 In
3304 5221 3388 5279 fw-

112 5307 395 5379 μέλλοντι.

1842 5327 1957 5368 ιΙΙὈ.

1077 5420 1395 5486 Addenda
1423 5431 1486 5486 et
1509 5424 1893 5505 corrigenda
1936 5442 2015 5486 ex
2050 5425 2188 5487 cod.
2219 5427 2428 5487 Vatia.

291 5544 568 5633 nonam;
603 5548 925 5620 εἰρήκαμεν.
1977 5553 2187 5633 ’βιστοειι

181 5614 430 5694 (gn-1w.
471 5686 482 5694 _
657 5614 669 5618 '
713 5614 724 5620 '
806 5614 820 5620 '
1867 5614 1946 5694 (6)
1985 5623 2158 5694 Αὑτοῦ
2186 5626 2284 5686 τίς.

181 5685 261 5767 (ἐξ)
289 5686 578 5767 διαμειίπλω.

1875 5685 1952 5764 (7)
1975 5695 2065 5746 Σοι
2093 5685 2262 5762 deest,
2296 5695 2589 5760 ἀπαύστως
2616 5695 2805 5767 ὅφελον
2837 5699 2916 5764 ἐν,
2953 5703 3060 5753 etc.
3111 5719 3116 5723 ·

187 5755 263 5823 μ)
303 5755 402 5809 Σοῦ
438 5757 608 5812 deest.
