3876 6220
466 305 565 362 851
1315 317 1375 375 S.
1415 321 1788 379 ATHANASII
1836 328 1986 385 OPP.
2029 331 2208 386 PARS
2246 333 2332 390 lll’.
2371 361 2439 373 —
2475 335 2887 393 EXEGETICA.
3636 347 3746 402 892

673 419 738 478 In
767 424 944 494 ﬁnem,
973 444 1067 496 pro
1104 427 1337 485 [dit/tum
1382 434 1620 500 psalmus
1656 437 1842 493 David.
2071 453 2116 506 Α
2143 448 2204 500 El

2206 451 2245 514 ῖς
2277 451 2340 503 τὸ
2371 449 2576 516 τέλος,
2611 452 2765 520 ὑπὲρ
2810 451 3065 520 Ἰδιθοὺμ
3107 456 3347 524 ψαλμὸς
3394 458 3476 524 τῷ
3521 464 3737 519 Δαῧίὸ.

1054 521 1253 578 PSAL.
1297 525 1452 581 LXI.

2735 548 2908 601 ΨΑΛ.
2969 546 3111 600 ΞΑ’.

537 608 589 662 1.
619 605 807 664 Nonne
828 609 937 664 Deo
969 613 1210 683 subjecta
1237 618 1340 672 erit
1368 620 1549 673 anima
1577 622 1738 674 mea?

2215 635 2264 688 1.
2302 636 2436 705 Οὐχὶ
2468 636 2544 706 τῷ
2577 635 2696 708 Θεῷ
2729 639 3133 710 ὑποταγήσεται
3228 642 3370 716 ψυχή
3409 663 3553 715 μους

531 699 587 753 2.
623 701 703 755 Ab
731 701 848 771 ipso
881 704 1027 757 enim
1061 706 1307 762 Salutare
1340 725 1541 764 meum.

2210 726 2264 780 2.
2303 699 2439 796 Πα’ρ’
2474 699 2622 798 αυτῷ
2652 699 2760 799 χὰρ
2791 728 2850 781 τὸ
2885 699 3163 802 Σωτήριόν

533 791 589 846 5.
617 791 751 848 Nam
779 804 831 848 et
854 796 970 864 ipse
999 796 1143 854 Deus
1173 815 1325 854 nteus
1352 810 1405 854 et
1432 801 1702 857 Salutaris
1733 818 1910 870 meus,

2211 817 2263 871 5.
2300 791 2409 871 Kal
2439 819 2546 890 γὰρ
2579 791 2743 882 aii-to;-
2769 821 2900 885 Θεός
2930 791 3152 893 μουηκαὶ
3182 791 3373 899 ὲωτήρ
3402 847 3525 900 μου,

533 884 586 937 4.
619 885 913 955 Susceptor
942 904 1120 953 meus,
1156 906 1262 943 non
1295 892 1555 945 movebor
1585 894 1842 962 amplius.

2213 910 2266 964 4.
2309 884 2681 982 Ἀντιλῆπτωρ
2714 931 2814 984 μου
2835 954 2849 977 ,
2877 884 2942 966 δι’
2983 915 3058 986 μὴ
3104 884 3352 972 σαλευθῶ⁸
3379 884 3474 975 ἐπὶ
3509 884 3727 979 πλεῖον.

537 975 590 1029 5.
627 975 927 1048 Quousque
958 980 1168 1037 irruitis
1200 983 1253 1036 in
1285 983 1601 1038 hominem?

2208 1002 2259 1055 5.
2286 1004 2427 1068 Ἕως
2454 975 2582 1058 ποτε
2616 975 2921 1060 ἐπιτίθεσθε
2956 975 3391 1079 ἐπ”ἄνθρωπονς

533 1066 588 1120 6.
619 1068 930 1125 lnterlicitis
962 1072 1200 1128 universi
1232 1089 1364 1129 vos:

1838 1167 1847 1170 _
1964 1169 1973 1170 ί
2213 1095 2264 1148 6.
2292 1066 2547 1149 Φονεύετε
2575 1097 2774 1162 πάντες
2809 1100 2984 1170 ὑμεῖς,

533 1159 588 1214 7.
625 1157 906 1230 Tanquam
953 1164 1146 1232 parieti
1199 1165 1458 1221 inclinato
1540 1175 1594 1222 et
1646 1167 1900 1223 maceria:
1945 1169 2038 1224 de-

2215 1187 2265 1240 7.
2313 1188 2400 1252 Ὠς
2431 1191 2592 1261 τοίχῳ
2626 1157 3084 1266 κεκλ-ισμένωῖκα).
3118 1195 3356 1266 φραγμῷ
3382 1197 3657 1269 ὠσμένῳ;

458 1251 668 1321 pulsae?

535 1340 588 1394 8.
628 1339 1014 1396 Verumtamen
1051 1344 1284 1414 pretium
1319 1362 1498 1404 meum
1535 1351 1908 1422 cogitaverunt
1955 1368 2039 1406 re-

2213 1363 2266 1416 8.
2302 1363 2449 1436 Πλὴν
2487 1366 2584 1437 τὴν
2613 1370 2776 1439 τιμήν
2809 1387 2909 1441 μου
2942 1371 3328 1427 ἐϐουλεύσαντο
3370 1375 3728 1431 ἀπώσασθαι.

463 1432 680 1500 pellere.

529 1523 583 1577 9.
611 1521 842 1579 Cucurri
871 1525 924 1579 in
963 1527 1051 1582 siti
1075 1569 1088 1581 .

2209 1539 2262 1593 9.
2296 1541 2568 1612 Ἔδραμον
2595 1545 2653 1596 ὲν
2680 1545 2826 1616 δίψῃ.

534 1613 621 1668 10.
655 1615 759 1670 Ore
807 1633 905 1672 suo
950 1619 1361 1688 benedicebant,
1387 1624 1550 1678 corde
1572 1623 1649 1696 [et
1682 1625 1868 1691 corde,
1903 1625 2034 1709 etc.]

2213 1629 2299 1683 10.
2327 1631 2417 1700 Τῷ
2444 1634 2669 1703 στόματι
2691 1613 2866 1690 αὐτῶν
2891 1637 3168 1708 εὐλόγουν,
3194 1645 3260 1712 τῇ
3301 1642 3498 1714 καρδίᾳ
3537 1644 3725 1698 αὐτῶν

461 1723 560 1762 suo
584 1709 996 1765 maledicebant.

946 1719 996 1765 ιι.
2141 1739 2280 1793 κατη
2290 1723 2477 1795 ρῶντο.

1089 1803 1420 1874 Diapsalma.
2063 1816 2104 1868 Β

2063 1816 2104 1868 Β
2692 1817 3009 1890 Διὰψαλμα
3043 1823 3138 1891 (a).

530 1891 617 1945 11.
651 1892 1038 1949 Verumtamen
1071 1896 1179 1950 Deo
1203 1897 1445 1964 subjecta
1473 1905 1612 1960 esto,
1647 1899 1828 1953 anima
1878 1915 2031 1955 mea:

1970 1917 2031 1954 a:
2210 1906 2296 1960 11.
2328 1907 2474 1976 Πλὴν
2508 1909 2585 1978 τῷ
2618 1911 2735 1980 Θεῷ
2767 1912 3089 1985 ὑποτάγηθι,
3122 1918 3153 1987 ἡ
3183 1916 3327 1988 ψυχή
3364 1935 3501 1988 μου·

531 1983 616 2035 12.
652 1982 920 2048 Quoniam
955 1988 1022 2040 al)
1055 1989 1171 2056 ipso
1201 1989 1456 2057 patientia
1491 2006 1632 2044 mea.

2207 1997 2293 2050 12.
2336 2000 2457 2052 Ὅτι
2487 2005 2614 2070 παρ’
2647 2003 2792 2074 αὐτῷ
2823 2007 2855 2076 ἡ
2897 2007 3140 2078 ὑπομονή
3178 2027 3299 2079 μου.

529 2073 614 2126 15.
643 2073 786 2138 Quin
815 2077 927 2143 ipse
961 2076 1102 2131 Deus
1134 2094 1288 2132 metts
1317 2088 1370 2132 et
1401 2080 1650 2134 Salvator
1674 2097 1865 2137 meus:

2210 2091 2296 2144 15.
2340 2094 2461 2145 Ὅτι
2487 2095 2648 2157 αὐτὸς
2680 2073 2811 2160 Θεός
2843 2073 2942 2168 μου
2969 2073 3062 2152 καὶ
3093 2073 3284 2173 Σωτήρ
3313 2120 3414 2172 μου
3437 2119 3453 2136 ·

526 2167 616 2221 14.
644 2167 870 2237 Adjutor
894 2185 1072 2237 meus,
1102 2186 1208 2226 non
1238 2173 1540 2242 emigrabo.

2209 2181 2294 2233 11.
2336 2183 2707 2258 Ἀντιλήπτωρ
2739 2204 2862 2257 μου,
2897 2190 2958 2240 οὑ
2993 2190 3065 2260 μὴ
3097 2193 3517 2260 μεταναστεύσω

529 2298 606 2370 (a)
633 2299 817 2356 Codex
844 2300 1018 2357 Palat.

1583 2463 1957 2519 ATHANASII
1993 2443 2580 2521 INTERPRETATIO.

532 2611 598 2664 Ἦ
624 2614 960 2686 προκειμένη
992 2615 1272 2690 ἐπιγραφὴ
1319 2617 1563 2689 περιέχει
1611 2617 1721 2690 (1)⁶
1753 2621 1854 2686 Εἰς
1884 2620 1950 2674 τὸ
1979 2620 2153 2687 τέλος
2178 2661 2192 2684 ,
2229 2621 2382 2688 ὑπὲρ
2429 2621 2676 2691 Ἰδιθοὺμ
2736 2623 2978 2693 manu
3044 2623 3126 2690 τῷ
3151 2625 3330 2680 Δαϐίδ
3351 2642 3365 2657 ·
3418 2625 3579 2680 τοῦτο
3626 2624 3719 2682 οὖν

454 2702 638 2772 λέγει·
661 2705 914 2758 ἐπιτέλει
952 2705 1060 2759 τῶν
1091 2707 1302 2764 αἰώνων
1323 2711 1462 2782 ὑπὲρ
1489 2711 1597 2764 τοῦ
1623 2711 1764 2777 ἑνὸς
1784 2711 1988 2779 κριτοῦ
2013 2710 2118 2764 τοῦ
2143 2711 2472 2780 ἐρχομένου
2495 2730 2508 2744 ο
2539 2713 2698 2766 τοῦτο
2729 2714 2836 2785 γὰρ
2871 2716 3231 2788 ἑρμηνεύεται
3265 2719 3502 2791 Ὶδιθούμ
3522 2735 3537 2749 ·
3570 2718 3714 2774 εἶτα·

461 2796 709 2865 Ψαλμὸς
735 2797 814 2861 τῷ
839 2798 1037 2863 Δαϐὶδ,
1055 2801 1301 2852 τουτέστι
1326 2800 1560 2871 ψαλμὸς,
1590 2798 1669 2866 τῷ
1692 2799 1880 2866 ἱκανῷ
1904 2800 1979 2869 τῇ
2002 2804 2188 2870 χειρί·
2217 2801 2374 2853 τοῦτο
2403 2801 2511 2872 γὰρ
2545 2803 2906 2874 ἑρμηνεύεται
2926 2805 3109 2860 Δαϐίδ.
3129 2808 3336 2861 Οὐκοῦν
3361 2808 3545 2878 σαφῶς
3565 2809 3717 2878 λέγει

453 2891 695 2963 περὶτοῦ
725 2891 854 2944 Υἰοῦ
890 2892 982 2946 τοῦ
1017 2894 1173 2962 Θεοῦ,
1209 2897 1302 2948 τοῦ
1335 2897 1453 2959 ἐνὸς
1482 2896 1672 2968 κριτοῦ
1701 2897 2000 2968 ἐρχομένου
2029 2897 2240 2950 ἱκανοῦ
2271 2898 2421 2967 χειρὶ
2451 2898 2625 2964 ὄντος
2654 2899 2752 2971 (2).

527 2982 742 3038 Titulus
771 2987 1098 3055 praepositus
1133 2991 1379 3043 continet
1405 3007 1417 3044 :
1443 2989 1510 3042 In
1539 2991 1718 3058 ﬁnem,
1755 3006 1850 3059 pro
1881 2989 2123 3043 Idithum
2153 2990 2392 3057 psalmus
2415 2990 2606 3045 David.
2640 2990 2755 3047 Hoc
2788 2993 2953 3062 igitur
2981 2994 3292 3066 signiﬁcat:
3323 2997 3376 3051 in
3411 2997 3519 3051 ﬁne
3542 3013 3718 3053 szecu-

452 3075 632 3130 lorum
660 3092 758 3147 pro
783 3097 886 3132 uno
908 3080 1089 3148 judice
1114 3093 1363 3142 venturo;
1393 3081 1468 3134 ita
1507 3083 1653 3135 enim
1689 3082 2082 3150 interpretatur
2122 3081 2383 3136 [dit/mm.
2417 3082 2622 3138 Deinde
2651 3102 2664 3138 :
2697 3083 2947 3139 Psalmus
2993 3085 3188 3150 David,
3226 3088 3329 3143 hoc
3355 3097 3439 3143 est
3466 3089 3718 3159 psalmus

453 3187 616 3225 manu
640 3173 788 3242 forti,
817 3175 891 3228 ita
915 3176 1058 3229 enim
1092 3178 1482 3245 interpretatur
1508 3176 1700 3251 David.
1734 3178 1924 3247 Itaque
1950 3175 2242 3232 manifeste
2269 3178 2510 3248 loquitur
2549 3179 2616 3234 de
2645 3179 2784 3234 Filio
2813 3179 2928 3248 Dei,
2962 3182 3055 3252 qui
3085 3183 3285 3239 unicus
3321 3182 3494 3240 Iudex
3521 3195 3723 3241 ventu—

454 3277 552 3321 rus
583 3276 688 3333 est,
723 3276 776 3320 et
798 3284 958 3320 manu
982 3269 1135 3337 furtis
1157 3280 1257 3322 est.

527 3377 581 3431 1.
609 3375 795 3447 Neque
823 3379 1033 3449 justum
1079 3398 1256 3453 neque
1291 3384 1422 3439 utile
1444 3393 1527 3440 est
1549 3385 1744 3440 animae
1767 3401 1898 3439 mea;
1920 3385 2027 3440 ulla
2057 3419 2058 3430 ι

2208 3384 2257 3437 1.
2302 3385 2374 3437 Οὐ
2421 3385 2626 3438 δίκαιον
2657 3387 2749 3440 καὶ
2780 3388 3056 3459 συμφέρον
3090 3391 3205 3442 ἐστὶ
3240 3393 3304 3461 τῇ
3343 3390 3486 3462 ψυχῇ
3524 3409 3627 3464 μου
3660 3395 3718 3446 ἐν

449 3466 510 3524 in
541 3485 600 3526 re
622 3471 898 3528 adversari
930 3473 1062 3530 Deo.
1378 3526 1380 3528 ,

2139 3476 2325 3547 μηδεν).
2355 3477 2707 3531 ἀνθίστασθαι
2740 3479 2816 3550 τῷ
2848 3481 2985 3552 Θεῷ.

515 3563 572 3619 2.
601 3562 734 3617 Nam
760 3566 903 3634 apud
929 3581 1054 3620 eum
1083 3565 1192 3620 vita
1223 3581 1341 3619 mea
1364 3573 1418 3620 et
1445 3565 1498 3620 in
1527 3570 1779 3637 prazsenti
1811 3572 2030 3626 saeculo.

2207 3567 2260 3618 ‘2.
2282 3567 2418 3636 Παρ⁹
2441 3567 2588 3638 αὐτῷ
2610 3569 2717 3639 γὰρ
2741 3572 2772 3640 ὴ
2800 3569 2909 3642 ζωή
2938 3588 3038 3642 μου
3068 3573 3161 3627 καὶ
3183 3573 3241 3626 ἐν
3266 3572 3342 3644 τῷ
3367 3573 3461 3626 νῦν
3482 3573 3560 3643 (5)
3578 3576 3714 3629 ὄντι.

521 3655 576 3712 3.
606 3655 740 3711 Nam
795 3668 848 3714 et
895 3658 1011 3729 ipse
1062 3667 1148 3715 est
1201 3669 1416 3714 creator
1475 3675 1630 3716 meus
1677 3671 1730 3716 et
1783 3663 2033 3718 Salvator

2204 3659 2257 3712 5.
2296 3661 2404 3712 Kal
2428 3659 2536 3731 γὰρ
2559 3662 2720 3725 αὑτός
2741 3665 2857 3716 ὲστι
2885 3664 3216 3736 δημιουργός
3270 3684 3370 3737 μου
3405 3670 3501 3720 καὶ
3524 3670 3717 3740 Σωτήρ

459 3764 636 3806 meus.
1444 3769 1448 3778 '

1444 3769 1448 3778 ι
2137 3768 2259 3822 μου.

524 3841 578 3894 4.
618 3840 733 3896 Non
761 3842 1038 3898 discedam
1069 3843 1137 3898 ab
1171 3858 1238 3898 eo
1270 3858 1444 3914 usque
1477 3843 1532 3897 in
1563 3844 1748 3900 ﬁnem.

2203 3844 2256 3898 4.
2286 3845 2360 3897 Οὐ
2397 3844 2471 3915 μὴ
2511 3844 2732 3898 ἀποστῶ
2768 3845 2862 3899 ἀπ’
2893 3845 3058 3900 αὐτοῦ
3095 3847 3199 3912 ἓως
3221 3851 3427 3914 τέλους.

522 3936 577 3990 5.
607 3935 906 4007 Quousque
935 3937 1174 3992 humana
1195 3938 1517 4008 potentia-et
1541 3939 1748 3993 auxilio
1777 3939 2034 3994 utimini?

2207 3935 2258 3992 5.
2291 3934 2434 3997 Ἕως
2458 3935 2588 3988 πότε
2615 3939 2680 4006 τῇ
2715 3935 3034 4011 ἀνθρωπίνῃ
3060 3937 3345 4010 δυναστείᾳ
3373 3944 3465 3994 καὶ
3492 3941 3716 4014 βοηθείᾳ.

1671 4036 1676 4042 ’
2133 4025 2335 4096 χρῆσθε
2366 4026 2477 4096 (4)’;

519 4109 575 4167 6.
605 4109 672 4164 Et
699 4111 947 4168 occiditis
970 4111 1260 4171 inferiores
1286 4114 1443 4170 vobis
1469 4134 1481 4169 :

2203 4116 2254 4170 6.
2286 4118 2394 4169 Kal
2426 4117 2677 4186 φονεύετε
2699 4122 2825 4186 τοὺς
2848 4123 3272 4197 ὑποδεεστέρους
3305 4125 3460 4195 ὑμῶν
3487 4146 3498 4158 ·

524 4200 579 4256 7.
606 4202 783 4257 Veluti
813 4219 970 4259 muro
997 4205 1228 4272 cadenti,
1261 4214 1316 4261 et
1342 4205 1591 4261 maceriae
1611 4205 1891 4278 disiectae?

2198 4209 2261 4262 -7.
2305 4211 2393 4274 Ὧς
2417 4211 2580 4281 τοίχῳ
2608 4212 2860 4268 πίπτοντι
2890 4218 2984 4270 καὶ
3014 4219 3252 4290 φραγμῷ
3280 4220 3527 4289 ριφέντι;

522 4293 577 4350 8.
605 4294 682 4350 Ita
707 4296 964 4350 mandata
994 4312 1115 4351 mea
1139 4297 1498 4367 repelluntur.

2207 4300 2260 4356 8.
2297 4300 2483 4365 Οὕτως
2515 4304 2584 4358 τὰ
2617 4309 3014 4380 προστάγματα
3045 4328 3144 4380 μου
3170 4311 3535 4366 ἀπωθοῦνται.

524 4385 579 4451 9,
613 4384 702 4443 10.
728 4384 907 4440 Veluti
942 4402 1172 4442 currens
1213 4388 1266 4442 in
1306 4388 1420 4451 siti,
1455 4387 1550 4457 qui
1579 4404 1675 4444 ore
1699 4391 1922 4460 quidem
1952 4394 2033 4449 Di-

2203 4395 2258 4460 9,
2294 4395 2382 4450 10.
2426 4395 2516 4458 Ὠς
2548 4401 2576 4451 ὁ
2600 4399 2807 4470 τρέχων
2838 4404 2894 4454 ὲν
2928 4407 2993 4474 τῇ
3027 4403 3104 4474 (5)
3132 4405 3259 4477 δίψῃ
3285 4406 3360 4476 τῷ
3389 4408 3488 4478 μὲν
3524 4410 3717 4480 στόμα-

450 4478 551 4540 bit,
577 4493 674 4533 cor
716 4487 898 4533 autem
945 4483 1064 4548 ejus
1096 4479 1234 4533 nihil
1272 4489 1433 4549 potus
1475 4481 1682 4550 excipit
1712 4500 1726 4536 :
1757 4483 1832 4539 ita
1866 4484 1973 4540 etia

2184 4525 2186 4537 .
2227 4487 2392 4552 πίνει,
2417 4492 2450 4560 ἡ
2485 4491 2542 4545 δὲ
2569 4492 2762 4562 καρδία
2788 4493 2953 4546 αὑτοῦ
2988 4495 3138 4548 οὐδὲν
3179 4497 3390 4569 δέχεται
3419 4500 3511 4552 τοῦ
3541 4503 3715 4572 πόμα-

452 4571 542 4626 isti
591 4587 685 4626 ore
729 4588 920 4626 eorum
946 4572 1162 4643 eloquia
1211 4588 1330 4627 mea
1377 4571 1671 4642 accipiunt,
1715 4591 1810 4631 cor
1851 4587 1983 4634 ante:

2182 4595 2226 4641 >ς
2245 4595 2258 4608 ο
2283 4579 2425 4633 οὕτω
2459 4584 2554 4634 καὶ
2583 4578 2726 4637 οὗτοι
2756 4585 2832 4656 τῷ
2857 4586 3083 4657 στόματι
3118 4590 3297 4643 αὐτῶν
3325 4579 3398 4646 τὰ
3427 4593 3588 4664 λόγια
3615 4615 3713 4666 μου

451 4677 640 4718 eorum
676 4663 833 4734 longe
862 4665 1034 4720 abest.

2181 4668 2379 4740 ἱχονται
2404 4711 2418 4735 ,
2472 4675 2504 4744 ή
2533 4673 2590 4726 δὲ
2620 4675 2818 4747 καρδία
2861 4677 3041 4731 αὐτῶν
3076 4681 3359 4751 πόρρωθεν
3390 4685 3466 4753 (6)
3499 4663 3712 4758 ἀπέχει.

525 4755 612 4810 11.
650 4755 731 4810 Tu
767 4765 972 4821 autem,
1000 4758 1182 4812 anima
1208 4774 1350 4826 mea,
1375 4761 1486 4816 Deo
1510 4763 1755 4832 subjecta
1781 4772 1921 4819 esto.

2063 4782 2104 4835 ο
2205 4760 2291 4813 11.
2331 4763 2402 4816 Σὺ
2429 4764 2505 4829 δὲ,
2534 4764 2676 4837 ψυχή
2714 4784 2815 4838 μου
2837 4809 2850 4832 ,
2884 4768 2961 4839 τῷ
2995 4770 3111 4841 Θεῷ
3143 4774 3466 4845 ὑποτάγηθι.

522 4847 609 4901 12.
644 4847 912 4914 Quoniam
947 4850 1089 4919 apud
1118 4852 1299 4920 ipsum
1329 4855 1617 4911 retributio
1648 4872 1788 4911 mea.

2208 4853 2294 4908 12.
2334 4856 2455 4909 Ὅτι
2484 4861 2612 4929 παρ’
2640 4859 2788 4932 αὐτῷ
2822 4864 2853 4932 ἡ
2887 4863 3278 4934 μισθαποδοσία
3314 4887 3435 4938 μου.

521 4940 611 4994 15.
645 4937 780 4993 Nam
810 4949 863 4994 et
891 4941 1006 5010 ipse
1031 4940 1175 4997 Deus
1199 4959 1354 4999 meus
1383 4954 1436 5000 et
1463 4945 1714 5002 Salvator
1743 4964 1919 5004 meus.

2208 4947 2297 5004 1⁵5.
2335 4950 2444 5003 Kal
2477 4951 2586 5021 γὰρ
2624 4952 2701 5021 (7)
2735 4954 2897 5017 αὐτὸς
2935 4956 3065 5020 Θεός
3100 4975 3200 5028 μου
3237 4937 3330 5013 καί
3369 4962 3560 5036 Σωτήρ
3592 4982 3715 5034 μου.

525 5030 612 5086 14.
648 5030 943 5101 Susceptor
970 5047 1125 5088 meus
1151 5043 1233 5089 est
1259 5051 1274 5100 ;
1303 5035 1435 5090 nulli
1465 5037 1620 5093 alteri
1648 5039 1954 5097 adhrerebo.

2206 5038 2291 5092 M.
2336 5040 2704 5116 Ἀντιλήπτωρ
2739 5045 2840 5114 μού
2876 5047 3050 5101 ἐστιν·
3083 5049 3144 5101 οὐ
3188 5050 3262 5122 μὴ
3292 5051 3435 5124 ἄλλῳ
3465 5030 3572 5108 τινὶ
3593 5030 3718 5110 κολα

2135 5130 2301 5202 ληθῶ.

1405 5301 1715 5368 Addenda
1748 5311 1809 5365 et
1855 5305 2234 5386 corrigenda
2269 5328 2343 5372 ex
2380 5315 2520 5376 cod.
2555 5316 2756 5378 Vatic.

731 5486 819 5542 διὰ
847 5487 945 5559 τῆς
973 5491 1342 5564 κινναϐάρεως
1376 5511 1499 5566 περ.
2210 5502 2287 5568 (5)
2318 5503 2395 5572 Τῇ
2427 5503 2598 5558 deest.

527 5557 607 5644 ἐξ)
645 5557 911 5644 lima
1039 5633 1110 5644 ..
1205 5557 1246 5644 '-
2210 5557 2529 5644 (διηερρὼσ

530 5628 610 5764 ἱὸ)
644 5627 757 5682 Νῦν
782 5629 936 5682 αἰῶνι
969 5633 1062 5685 καὶ
1095 5633 1151 5686 ἐν
1181 5631 1256 5703 τῷ
1289 5633 1554 5704 μέλλοντι.

557 5698 613 5763 4)
644 5700 954 5766 Κεχρῆσθαι
979 5719 991 5766 ;

2211 5627 2288 5715 (7)
2318 5627 2592 5719 Κοίὶ’γὰρ,
2631 5657 2714 5702 etc
2747 5687 2759 5710 ,
2791 5647 2887 5718 τῷ,
2917 5648 3133 5706 desunt.
