3876 6220
83 341 190 396 893
975 347 1065 402 DE
1106 348 1383 406 TITULIS
1416 352 1870 411 PSALMORUM‘.
1911 387 1978 395 —
2008 356 2204 413 PSAL.
2243 357 2401 412 LXII.
3010 435 3019 443 .
3243 371 3343 429 894

157 453 246 508 l5.
296 453 418 506 Ἐπὶ
438 455 516 526 τῷ
537 455 657 529 Θεῷ
685 458 747 510 τὸ
771 461 1038 531 σωτήριόν
1067 480 1167 533 μου
1199 465 1295 516 καὶ
1318 467 1350 536 ἡ
1383 465 1509 530 δόξα
1541 483 1665 536 μου.

1569 483 1665 521 ιου.
1695 469 1745 522 Α
1843 469 1930 525 15.
1970 471 2028 524 ln
2062 470 2171 526 Deo
2194 475 2435 528 salutare
2462 488 2642 528 meum
2674 484 2727 529 et
2759 475 2930 545 gloria
2959 494 3100 534 mea.

127 545 246 688 -12.
280 545 339 648 :0
361 546 494 610 Θεὸς
526 548 627 618 τῆς
661 550 911 622 βοηθείας
946 571 1068 624 μου,
1099 555 1194 609 καὶ
1218 557 1420 628 ήὲλπίς
1448 577 1549 629 μου
1575 559 1658 612 ἐπὶ

127 654 161 686 ;ο
242 654 338 688 sco.

1614 559 1667 612 πὶ
1845 564 1930 620 16.
1966 567 2110 622 Deus
2139 569 2328 622 auxilii
2361 569 2505 638 mei,
2539 580 2594 624 et
2622 586 2745 642 Spes
2780 588 2898 627 mea
2928 575 2980 628 in
3017 576 3145 634 Deo.

82 652 161 706 τῳ
195 652 338 707 υεῳ.

153 729 244 783 17.
296 730 585 784 Ἐλπίσατε
601 734 672 784 ἐπ
685 733 700 752 ’
713 733 896 800 αὐτὸν,
919 735 1068 789 πᾶσα
1085 737 1374 808 συναγωγὴ
1394 737 1538 791 λαῶν
1564 737 1660 812 (a).

1826 751 1913 803 17.
1954 750 2176 819 Sperate
2203 752 2256 806 in
2285 767 2370 818 eo,
2395 754 2576 809 omnis
2605 758 2954 826 congregatio
2989 763 3333 832 populorum.

158 820 248 876 18.
291 821 547 890 Ἐκχέατε
569 821 800 875 ἐνώπιον
840 823 1004 876 αὐτοῦ
1035 825 1134 888 τὰς
1168 827 1397 896 καρδίας
1427 829 1581 899 ὑμῶν
1614 846 1630 861 ·

1486 829 1581 883 ιῶν
1614 846 1630 861 ·
1834 841 1922 895 18.
1963 841 2236 897 Eﬁundite
2263 846 2568 904 coramoillo
2599 820 2764 903 corda
2792 820 3017 908 vestrae

162 914 248 968 19.
286 916 409 968 Ὅτι
433 917 462 967 6
493 914 625 978 Θεὸς
648 915 840 985 βοηθὸς
873 917 1050 988 ἡμῶν.

1832 930 1920 985 19.
1954 931 2094 986 ﬂuia
2122 931 2265 989 Deus
2289 933 2506 1002 adjutor
2534 946 2738 992 noster.

684 1007 1020 1079 Διάψαλμα.
2378 1024 2601 1093 Diapsal
2608 1045 2714 1084 ma.

158 1095 249 1152 20.
282 1097 433 1166 Πλὴν
462 1097 678 1167 μάταιοι
708 1100 756 1149 οἱ
790 1099 896 1150 υἱοὶ
913 1097 1024 1150 τῶν
1053 1097 1355 1169 ἀνθρώπων
1382 1113 1397 1128 °

1828 1112 1920 1166 20.
1959 1112 2348 1169 Verumtamen
2378 1117 2504 1170 vani
2532 1117 2628 1170 ﬁlii
2670 1119 2994 1174 hominum:

156 1189 246 1241 21.
271 1189 504 1252 Ψευδεῖς
528 1189 578 1242 οἱ
609 1189 714 1242 υἱοὶ
739 1189 847 1242 τῶν
875 1189 1176 1261 ἀνθρώπων
1222 1192 1280 1242 ὲν
1325 1190 1530 1258 ζυγοῖς,
1564 1188 1658 1242 τοῦ

1827 1205 1918 1259 21.
1949 1205 2237 1261 Mendaces
2265 1207 2360 1261 ﬁlii
2395 1209 2677 1264 hominum
2733 1212 2786 1266 in
2828 1214 3066 1281 stateris,
3102 1225 3160 1271 ut
3191 1216 3337 1270 deci-

92 1274 342 1346 ἁδικῆσαι
363 1295 380 1308 ο
1385 1326 1396 1350 ρ

1385 1326 1396 1350 _.
1757 1296 1927 1366 piant.

157 1367 245 1421 22.
277 1368 444 1420 Αὐτοὶ
471 1371 534 1422 ὲκ
563 1369 926 1441 ματαιότητος
953 1371 1045 1422 ἐπὶ
1066 1369 1127 1422 τὸ
1153 1369 1303 1422 αὑτό.

1260 1369 1303 1422 ὖ·
1830 1389 1919 1442 22.
1955 1387 2062 1457 lpsi
2090 1389 2156 1444 de
2181 1390 2421 1444 vanitate
2453 1391 2504 1444 in
2535 1392 2791 1462 idipsum.

154 1461 241 1514 25.
279 1461 371 1532 Μὴ
397 1461 646 1524 ἐλπίζετε
683 1463 768 1516 ἐπ’
801 1463 1013 1517 ἀδικίαν
1036 1479 1048 1491 ⁸

1827 1478 1917 1533 25.
1952 1477 2132 1532 Nolite
2158 1496 2378 1548 sperare
2404 1481 2459 1534 in
2486 1461 2773 1552 iniquitate
2803 1503 2814 1538 :

156 1551 248 1606 2-1.
277 1554 391 1606 Καὶ
414 1554 506 1606 ἐπὶ
540 1553 808 1635 ἆρπαγμια
836 1557 908 1626 μὴ
939 1554 1248 1608 ἐπιποθεῖτε
1270 1573 1284 1586 ο

1827 1573 1918 1625 21.
1956 1571 2022 1624 Et
2051 1573 2274 1640 rapinas
2311 1573 2480 1626 nolite
2503 1551 2911 1644 concupiscere.

144 1641 233 1695 25.
263 1643 502 1706 Πλοῦτος
530 1644 626 1697 ἐὰν
656 1646 774 1718 ῥέῃ,
808 1645 879 1716 μὴ
907 1645 1261 1716 προστίθεσθε
1295 1644 1540 1715 καρδίαν.

1825 1663 1916 1717 25.
1953 1662 2167 1716 Divitiae
2198 1663 2242 1716 si
2273 1662 2516 1728 afﬂuant,
2549 1641 2717 1716 nolite
2741 1679 2835 1717 cor
2866 1681 3158 1734 apponere.

158 1734 249 1786 26.
290 1736 473 1800 Ἀπαξ
499 1737 758 1807 ἐλάλησεν
788 1741 816 1791 6
845 1739 997 1800 Θεὸς,
1018 1738 1110 1789 δύο
1131 1737 1304 1790 ταῦτα
1329 1736 1537 1806 ἥκουσα
1684 1812 1689 1820 ι

1691 1812 1723 1820 _
1825 1752 1917 1807 26.
1952 1751 2132 1807 Semel
2156 1753 2373 1807 locutus
2408 1763 2492 1806 est
2525 1752 2690 1820 Deus,
2717 1753 2824 1808 duo
2851 1754 2965 1810 lucc
2989 1758 3171 1811 audivi
3208 1776 3222 1814 :

156 1825 246 1879 27.
281 1826 356 1896 (ὁ)
395 1829 513 1881 Ὅτι
545 1829 605 1882 τὸ
634 1831 836 1900 κράτος
867 1830 960 1882 τοῦ
993 1830 1150 1895 Θεοῦ,
1683 1812 1687 1870 ί

993 1830 1150 1895 Θεοῦ,
1683 1812 1730 1872 Β
1827 1845 1916 1898 27.
1946 1843 2082 1911 Quia
2115 1854 2359 1914 potestas
2393 1846 2520 1911 Dei,

151 1915 242 1969 28.
269 1917 381 1970 Καὶ
412 1919 505 1971 σοῦ
539 1919 631 1987 (c).
663 1921 854 1990 Κύριε,
877 1920 938 1973 τὸ
956 1920 1120 1983 ἕλεος.

1826 1936 1917 1990 28.
1964 1936 2028 1990 Ει
2062 1946 2174 2000 tua,
2201 1935 2451 1999 Domine,
2479 1937 2873 1992 misericordia.

152 2010 240 2064 29.
271 2013 393 2065 Ὀτι
423 2015 486 2067 σὺ
522 2014 826 2078 ἀποδώσεις
861 2016 1076 2086 ἑκάστῳ
1118 2013 1258 2068 κατὰ
1290 2012 1358 2064 τὰ
1388 2010 1524 2081 ἔργα
1555 2025 1652 2062 αυ-

1824 2029 1914 2082 29.
1953 2029 2090 2094 Quia
2125 2038 2180 2082 tu
2209 2029 2404 2083 reddes
2433 2030 2726 2098 unicuique
2746 2030 2897 2099 juxta
2921 2046 3083 2087 onera
3106 2046 3222 2084 sua.

79 2116 198 2152 του.

152 2192 396 2260 Ψαιιμὸς
431 2191 512 2257 τῷ
543 2191 721 2245 Δαϐίδ
741 2210 753 2222 ο
783 2192 853 2244 ἐν
885 2192 964 2256 τῷ
995 2189 1146 2245 εἶναι
1184 2194 1368 2245 αὐτὸν
1396 2194 1464 2246 ὲν
1500 2191 1574 2261 τῇ

1794 2187 2003 2243 ’salmus
2033 2187 2204 2242 David
2227 2204 2244 2241 :
2269 2205 2388 2240 cum
2417 2199 2549 2242 esset
2583 2190 2694 2257 ipse
2726 2189 2782 2242 in
2822 2188 3027 2242 deserto
3053 2187 3325 2246 Idumww.

311 2283 508 2353 ἐρήμῳ
537 2283 649 2351 τῆς
693 2282 1048 2352 Ἰδουμαίας.
1089 2285 1248 2335 ΨἈΛ.
1275 2280 1404 2335 EB’.

1275 2280 1404 2335 EB’.
2285 2278 2553 2335 PSALM.
2601 2279 2785 2334 LXII.

151 2375 204 2428 1.
240 2375 300 2428 '0
328 2375 460 2438 Θεὸς
487 2377 514 2428 6
546 2375 677 2437 Θεὸς
704 2392 827 2444 μου,
865 2375 998 2446 πρὸς
1030 2376 1088 2428 σὲ
1114 2375 1368 2447 ὁρθρίζω.

1825 2375 1877 2429 1.
1915 2371 2059 2427 Deus
2084 2370 2226 2426 Deus
2257 2387 2433 2436 meus,
2458 2370 2526 2426 ad
2554 2381 2606 2428 te
2627 2360 2840 2428 de'luce
2866 2372 3045 2444 vigilo.

149 2488 227 2555 (a)
259 2486 314 2540 In
349 2504 518 2556 marg.
547 2489 668 2541 cod.
700 2488 852 2540 λαοῦ.

149 2558 226 2630 (b)
264 2557 414 2630 Vers.
450 2559 541 2621 27,
571 2559 662 2622 28,
694 2559 795 2612 sub
817 2559 976 2614 unico
1011 2576 1160 2614 num.

148 2629 220 2700 (ε)
253 2630 341 2681 Σοι
365 2629 420 2682 iu
451 2645 623 2700 marg.
653 2630 774 2684 cod.

1186 2720 1560 2777 ATHANASII
1597 2711 2180 2774 INTERPRETATIO.

144 2833 234 2890 15.
273 2831 397 2885 Ἐπὶ
424 2830 504 2901 τῷ
530 2831 648 2903 Θεῷ
678 2835 712 2903 ἡ
740 2833 850 2904 ζωή
887 2851 985 2904 μου
1015 2836 1109 2888 καῖ¹
1141 2835 1200 2888 τὸ
1233 2835 1498 2906 καύχημά
1518 2851 1639 2906 μου.

1452 2835 1498 2889 ,ά
1518 2851 1639 2906 μου.
1820 2828 1908 2884 15.
1940 2825 2000 2880 ln
2023 2825 2134 2882 Deo
2160 2824 2266 2880 vita
2289 2838 2430 2891 mea,
2471 2834 2524 2880 et
2559 2826 2810 2897 gloriatio
2843 2843 2983 2881 mea.

143 2925 236 2980 16.
273 2926 330 2977 Ὁ
360 2924 490 2987 Θεός
525 2941 626 2994 μου
657 2923 850 2994 βοηθός
880 2942 980 2995 μου
1007 2927 1213 2996 γίνεται
1248 2928 1355 2996 ἀεὶ,
1413 2928 1505 2981 καὶ
1555 2926 1644 2980 διὰ

1822 2918 1910 2974 16.
1940 2917 2083 2973 Deus
2128 2932 2282 2972 meus
2312 2916 2531 2985 adiutor
2559 2934 2714 2973 meus
2745 2928 2827 2974 est
2855 2935 3093 2990 semper,
3121 2929 3174 2974 et
3205 2921 3325 2976 ideo

69 3019 282 3088 τοῦτοὴ
307 3017 461 3080 ὲλπίς
493 3034 593 3088 μου
624 3016 710 3068 ἐπ’
740 3017 887 3086 αὐτῷ
917 3019 1051 3072 ἐστι.

846 3017 887 3086 ᾧ
917 3019 1051 3072 ἐστι.
1751 3024 1875 3079 spes
1908 3023 2028 3089 mea
2056 3009 2111 3061 in
2134 3008 2253 3077 ipso
2275 3014 2377 3062 est.

146 3107 234 3160 17.
264 3106 375 3159 Καὶ
407 3107 565 3176 ὑμεῖς
597 3101 712 3169 οὖν,
735 3107 821 3159 ἐπ’
856 3107 1102 3177 αὑτὸνῌ)
1139 3106 1390 3160 ἐλπίσατε
1421 3107 1640 3171 πάντες.
1673 3166 1677 3198 1

1529 3124 1640 3171 τες,
1673 3150 1717 3211 c
1823 3101 1910 3156 17.
1943 3098 2010 3154 Ει
2032 3115 2131 3154 vos
2156 3100 2321 3169 igitur
2340 3115 2553 3166 omnes,
2587 3110 2799 3170 sperate
2832 3101 2884 3155 in
2913 3117 3059 3157 eum.

141 3199 232 3254 18.
261 3197 351 3268 Τῷ
377 3197 610 3268 ἑτοίμως
646 3197 926 3269 βοηθοῦντι
958 3203 1068 3263 τοῖς
1099 3200 1406 3265 ὲλπίζοῡσιν
1435 3201 1520 3254 ἐπ’
1545 3202 1642 3254 αὒ-

1825 3195 1914 3250 18.
1945 3194 2208 3264 Prompte
2243 3195 2530 3264 opitulanti
2565 3195 2916 3265 sperantibus
2958 3196 3013 3250 in
3046 3210 3113 3250 eo
3140 3195 3326 3250 aﬂ'ertc

65 3295 160 3348 τὸν
191 3292 592 3366 προσενέγκατε
624 3293 773 3362 αὐτῷ
800 3292 898 3356 τὰς
918 3293 1142 3363 καρδίας
1173 3295 1346 3349 ὑμῶν.

748 3293 773 3362 ξ)
800 3292 898 3356 τὰς
918 3293 1142 3363 καρδίας
1173 3295 1346 3349 ὑμῶν.
1745 3290 1849 3360 ipsi
1879 3289 2044 3344 corda
2079 3296 2279 3342 vestra.

137 3387 227 3442 19.
273 3385 597 3438 Ἀντίκειται
623 3387 736 3448 τοῖς
761 3384 976 3455 ἐχθροῖς
1005 3385 1182 3456 ήμῶν.

1813 3380 1902 3435 19.
1930 3379 2267 3434 Adversatur
2295 3377 2533 3432 inimicis
2563 3377 2785 3433 nostris.

134 3477 228 3534 20.
263 3478 327 3530 Οἱ
352 3476 420 3529 τὰ
452 3474 772 3546 ἀνθρώπινα
796 3475 1139 3548 φρονοῦντες.

999 3494 1139 3540 ντες.
1819 3471 1910 3524 20.
1943 3469 2192 3524 Humana
2226 3469 2527 3538 cogitantes

139 3570 232 3622 21.
259 3567 435 3621 Δόλιοι
469 3567 1028 3632 καταδυναστεύοντες
1054 3570 1151 3623 καὶ
1193 3570 1530 3635 ἀδικοῦντες.

1820 3562 1913 3616 21.
1945 3560 2132 3616 Dolosi
2184 3561 2508 3629 impotenter
2566 3561 2954 3625 dominantes,
3015 3569 3070 3614 et
3125 3561 3327 3632 injuste

1747 3660 1979 3724 agentes,
2375 3691 2401 3712 η

135 3723 229 3777 22.
266 3724 364 3776 Ἐκ
394 3721 706 3788 πλεονεξίας
739 3728 1064 3794 συναγαγεῖν
1093 3727 1306 3790 ἑαυτοῖς
1343 3729 1376 3798 ή
1422 3727 1644 3800 φροντὶς

1815 3743 1904 3797 22.
1943 3721 2014 3796 Ut
2042 3741 2146 3796 sibi
2176 3755 2207 3795 e
2239 3741 2384 3811 turpi
2414 3741 2567 3795 lucro
2592 3751 2944 3810 congregem,
2977 3756 3106 3796 cura
3133 3757 3324 3797 eorum

67 3815 250 3868 αὐτῶν
279 3818 448 3869 ἐστιν.
1742 3840 1846 3889 εει,

134 3905 331 3960 23-25.
365 3908 431 3959 Οἱ
456 3905 566 3974 γὰρ
597 3904 886 3960 πλουτεῖν
915 3904 1196 3972 θέλοντες
1239 3907 1643 3977 ἐμπίπτουσιν

1816 3923 2006 3978 25-25.
2043 3921 2187 3976 Nam
2219 3922 2310 3992 qui
2357 3920 2537 3975 volunt
2581 3921 2771 3975 divites
2800 3923 2947 3990 ﬁeri,
2996 3924 3236 3977 incidunt
3267 3925 3325 3978 in

68 4003 156 4065 εὶς
186 3997 520 4066 πειρασμὸν
540 3997 639 4052 καὶ
672 3997 892 4066 παγίδα
915 3998 1022 4051 τοῦ
1053 3998 1355 4054 διαϐόλου.

1292 4019 1355 4054 ὐο
1745 4015 2087 4082 tentationem
2119 4023 2168 4068 et
2195 4015 2249 4066 in
2275 4015 2519 4082 laqueum
2545 4013 2745 4067 diaboli
2757 4015 2823 4068 "'.

134 4090 230 4146 26.
265 4089 347 4143 Τὰ
373 4089 516 4142 αὐτὰ
547 4088 808 4159 ἐλάλησεν
831 4090 860 4141 6
892 4088 1025 4152 Θεὸς
1046 4092 1138 4143 καὶ
1160 4093 1216 4143 ὲν
1250 4091 1327 4162 τῷ
1360 4093 1529 4164 νόμῳ,
1549 4095 1642 4147 καὶ

1811 4103 1900 4157 26.
1933 4081 2136 4159 ἐδόθη]
2195 4081 2412 4159 locutus
2454 4113 2540 4159 est
2597 4104 2736 4160 Deus
2777 4115 2830 4159 et
2877 4106 2932 4159 in
2981 4106 3118 4176 lege,
3159 4117 3212 4161 et
3265 4107 3321 4162 in

62 4183 118 4234 ἐν
141 4184 257 4243 τοῖς
281 4181 588 4250 προφήταις
619 4178 689 4231 τὰ
719 4177 810 4231 δύο
833 4179 1005 4231 ταῦτα
1033 4197 1047 4210 ο

833 4179 1005 4231 ταῦτα
1033 4197 1047 4210 ⁸
1742 4196 2026 4266 prophetis
2051 4196 2168 4251 haec
2198 4197 2305 4251 duo
2331 4215 2343 4250 :

126 4273 222 4327 27.
263 4271 614 4341 Ἀγαπήσεις
647 4273 870 4340 Κύριον
904 4271 1012 4325 τὸν
1042 4274 1191 4326 Θεόν
1219 4287 1354 4326 σου.

1807 4281 1900 4342 27.
1933 4287 2132 4358 Diliges
2171 4288 2459 4343 Dominum
2497 4288 2662 4343 Deum
2695 4299 2843 4342 tuum
2872 4289 2938 4342 ⁷³.

127 4367 223 4422 28.
256 4367 370 4420 Καὶ
398 4368 644 4437 ποιήσεις
670 4365 816 4419 ἔλεον
853 4364 932 4436 τῷ
954 4365 1181 4435 πλησίον
1217 4383 1308 4418 σου
1335 4365 1410 4430 ὡς
1438 4366 1634 4439 ἐαυτῷ.

1811 4377 1902 4432 28.
1939 4378 2006 4434 Ει
2049 4379 2218 4436 facies
2269 4381 2704 4437 misericordiam
2756 4381 3008 4450 proximo
3045 4388 3138 4434 tuo
3181 4379 3324 4434 sicut

1671 4487 1717 4543 ι)
1745 4470 1842 4525 tibi
1878 4472 1981 4541 ipsi
2005 4472 2070 4526 ⁷⁸.

127 4549 221 4603 ’θ’
242 4546 531 4617 Αὖτδςγάρ
547 4545 1048 4635 ἀπθδώπιέκάστφ
1064 4547 1284 4601 κατὰτὰ
1299 4549 1435 4620 ἔργα
1454 4553 1637 4612 αὑτοῦ.

1819 4563 1910 4618 29.
1944 4563 2065 4634 Ipse
2092 4564 2236 4619 enim
2257 4565 2551 4634 unicuique
2571 4565 2759 4620 reddet
2776 4565 2930 4635 juxta
2957 4581 3116 4634 opera
3144 4565 3314 4619 sua".

138 4640 207 4692 Ἦ
233 4637 569 4710 προκειμένη
602 4635 883 4708 ἐπιγραφὴ
907 4627 1152 4708 περιέχει
1179 4638 1254 4708 (⁸2)
1283 4653 1296 4668 ’
1336 4641 1582 4711 Ψαλμος
1611 4644 1691 4718 τῷ
1720 4652 1898 4704 Δαϐίδ
1921 4669 1936 4683 ο
1968 4627 2039 4704 ἓν
2062 4645 2145 4718 τῷ
2169 4648 2323 4706 εἶναι
2355 4627 2542 4706 αὑτὸν
2566 4653 2635 4705 ἐν
2660 4652 2735 4720 τῇ
2767 4627 2963 4723 ἐρήμῳ
2993 4627 3100 4720 τῆς
3141 4653 3325 4708 Ἰδου-

55 4733 258 4800 μαίας.
286 4731 457 4783 Τοῦτο
471 4726 562 4783 οὖν
585 4731 731 4783 ἐστιν
756 4729 784 4782 ὃ
806 4729 973 4797 λέγει.
993 4731 1174 4784 Δαϐὶδ
1206 4733 1566 4802 ἑρμηνεύεται
1588 4741 1984 4813 ἐξουθένημα,
2011 4745 2231 4815 ἕρημος
2259 4745 2352 4797 καὶ
2376 4746 2451 4815 (5)
2485 4748 2516 4798 ὀ
2539 4747 2766 4815 κόσμος
2791 4747 3097 4816 θεωρεῖται.
3139 4745 3322 4800 Ἰδου-

52 4823 204 4889 μαία
225 4821 283 4874 δὲ
317 4819 678 4892 ἑρμηνεύεται
710 4819 1082 4872 ἐκλείπουσα
1102 4839 1116 4851 ·
1148 4822 1424 4875 τουτέστιν
1451 4827 1478 4878 6
1505 4827 1829 4901 ἁμαρτωλὸς
1859 4835 1886 4885 6
1913 4834 2335 4907 ἐξουθενημένος
2365 4834 2438 4889 ὢν
2471 4835 2548 4906 (4)
2582 4839 2700 4888 ὲστι
2723 4835 2801 4907 τῷ
2827 4837 3017 4907 κόσμῳ
3040 4836 3118 4908 τῷ
3151 4837 3323 4891 ἐκλεί-

128 4913 356 4968 Titulus
393 4914 725 4982 praepositus
750 4914 994 4968 continet
1024 4931 1038 4967 :
1069 4912 1322 4969 Psalmus
1346 4917 1519 4975 David
1559 4941 1578 4976 :
1608 4943 1728 4980 cum
1761 4937 1896 4981 esset
1930 4929 2040 4998 ipse
2076 4930 2133 4980 in
2169 4929 2374 4981 deserto
2409 4927 2685 4984 Idumwaz.
2724 4927 2839 4984 Hoc
2863 4930 3026 4998 igitur
3047 4939 3152 4995 est,
3176 4932 3320 5001 quod

55 5010 354 5080 signiﬁcat.
402 5008 575 5063 David
609 5010 996 5078 interpretatur
1041 5009 1288 5079 abjectio,
1323 5023 1377 5068 et
1406 5017 1600 5073 deserti
1630 5023 1854 5078 nomine
1890 5025 2118 5078 mundus
2152 5023 2438 5094 allegorice
2468 5024 2787 5094 intelligitur
2808 5038 2834 5079 ἐ
2866 5023 3109 5079 Idumam
3139 5035 3321 5080 autem

55 5100 458 5171 interpretatur
502 5100 750 5170 deﬁciens
787 5115 806 5152 :
839 5115 1032 5170 nempe
1060 5111 1334 5170 peccator,
1381 5109 1475 5176 qui
1521 5124 1708 5165 coram
1738 5111 1850 5169 Deo
1881 5123 2228 5184 contemptus
2261 5124 2315 5168 ct
2355 5114 2601 5184 abjectus
2624 5123 2728 5181 est,
2769 5130 2996 5169 manens
3023 5115 3078 5168 in
3114 5118 3320 5170 mundo

119 5217 175 5270 1.
218 5216 281 5268 Ὀ
311 5215 442 5279 Θεὸς
468 5218 497 5268 6
524 5215 656 5280 Θεός
684 5234 808 5287 μου,
825 5215 919 5269 ἐπὶ
943 5217 1004 5270 τὸ
1027 5217 1143 5287 φῶς
1160 5237 1253 5273 σου
1277 5221 1415 5275 θέλω
1436 5223 1628 5280 ἐλθεῖν.

1819 5229 1867 5283 1.
1901 5229 2045 5286 Deus
2071 5228 2216 5285 Deus
2243 5244 2398 5284 mens
2419 5271 2433 5297 ,
2465 5230 2531 5284 ad
2563 5229 2742 5284 lucem
2777 5238 2928 5284 tuam
2953 5229 3076 5284 volo
3109 5232 3314 5286 venire.

119 5331 167 5362 τ’
200 5327 221 5382 l
252 5323 397 5386 Tim.
422 5347 498 5396 τι,
529 5330 584 5386 9.
659 5328 880 5385 "Deut.
902 5347 978 5396 Vl,
1005 5331 1071 5396 5;
1107 5331 1300 5392 Matth.
1329 5337 1564 5401 “11,57.
1643 5339 1688 5370 "
1722 5340 1894 5398 Levit.
1933 5359 2047 5407 xix,
2077 5342 2145 5397 18
2167 5359 2182 5407 ;
2208 5340 2399 5395 Matth.
2428 5357 2567 5408 xx",
2599 5340 2692 5397 59.
2775 5341 2821 5373 "
2851 5339 3012 5396 Rom.
3037 5356 3099 5409 ιι,
3121 5341 3174 5396 6.

1014 5449 1322 5512 Addenda
1361 5460 1420 5512 et
1461 5455 1839 5536 corrigenda
1870 5477 1946 5521 ex
1980 5459 2120 5519 cod.
2159 5457 2357 5519 Vatic.

120 5572 229 5662 (‘1).
254 5555 370 5666 Ἐπ’
575 5571 844 5666 eadem:
868 5572 1069 5636 πάντες
1101 5572 1177 5644 τῷ
1208 5574 1457 5646 ἑτοίμως,
1501 5587 1628 5644 etc,,

54 5641 136 5694 ἐπ’
168 5641 355 5696 αὐτόν.
388 5641 456 5713 Ν.
485 5641 578 5713 18.
611 5641 1042 5713 Προσε-νέγκατε.
1150 5641 1160 5644 ’
1326 5641 1336 5646 ’
1616 5641 1624 5644 ⁷
1815 5641 1886 5697 Ἥ
1929 5654 1986 5705 ὐ
2016 5651 2090 5705 ὢν
2120 5651 2198 5704 ἔτι
2221 5653 2276 5704 ἐν
2303 5647 2402 5713 τῶ,
2435 5656 2542 5705 etc.

125 5715 203 5784 (2)
255 5715 302 5765 Η
334 5712 423 5766 διὰ
446 5712 546 5783 τῆς
573 5711 944 5783 κινναϐάρεως
968 5728 1088 5784 περ.
