3876 6220
514 298 621 357 £95
1364 308 1423 364 S.
1459 309 1839 369 ATIIANASH
1870 314 2021 369 OPP.

2284 272 2384 374 lli.
2411 350 2482 360 —
2520 320 2932 378 EXEGETICA.
3702 328 3795 383 896

586 419 643 474 2.
676 418 857 475 Sitivit
884 431 933 477 te
962 423 1142 479 anima
1172 442 1289 482 mea
1321 446 1336 482 :

2120 441 2167 497 Α
2265 437 2319 490 2.
2368 438 2618 509 Ἐδίψησέ
2654 457 2712 492 σε
2745 442 2778 511 ἡ
2809 441 2954 513 ψυχή
2989 457 3121 512 μου·

586 511 645 564 3.-
676 510 851 577 Quam
884 515 1259 585 multipliciter
1288 522 1384 575 tibi
1412 538 1543 578 caro
1573 539 1713 580 mea.

1631 540 1713 580 ea.
2275 530 2327 582 5.
2357 531 2659 596 Ποσαπλῶς
2697 510 2779 586 σοι
2808 535 2841 604 ἡ
2874 510 3008 605 σάρξ
3036 551 3156 605 μου.

584 602 639 657 4.
672 602 728 656 1η
762 613 903 661 terra
931 607 1169 675 deserta,
1193 620 1246 665 et
1275 612 1441 680 invia,
1461 625 1516 671 et
1537 616 1804 687 inaquosa
1834 638 1845 673 :

2276 623 2328 676 4.
2368 625 2454 675 Ἐν
2491 627 2560 693 γῇ
2589 626 2802 695 ἐρήμῳ,
2829 602 2924 679 παὶ
2948 602 3155 695 ἀϐάτῳ,
3189 626 3284 681 καὶ
3316 626 3538 698 ἀνύδρῳ

589 695 643 750 5.
676 695 768 751 Sic
790 698 843 752 in
868 709 1059 757 sancto
1085 707 1313 773 apparui
1351 707 1448 762 tibi
1482 726 1495 762 :
1624 778 1627 779 ν

2276 718 2327 772 5.
2362 717 2549 780 Οὕτως
2582 719 2639 769 ὲν
2671 718 2748 789 τῷ
2770 720 2912 789 ἁγίῳ
2952 719 3124 791 ὅφθην
3156 737 3239 773 σοι
3264 737 3279 751 ·

586 787 640 843 6.
688 788 755 844 Ut
798 791 1040 847 viderem
1076 795 1333 852 virtutem
1379 812 1549 864 tuam,
1584 811 1638 857 et
1663 803 1892 873 gloriam
1924 815 2093 860 tuam.

2277 811 2331 862 6.
2364 810 2470 862 Τοῦ
2497 810 2623 863 ἰδεῖν
2776 787 3020 881 δύμοιμίν
3045 787 3136 864 σου
3168 811 3264 865 καὶ
3288 810 3389 882 τὴν
3416 809 3587 873 δόξαν
3619 826 3737 863 σου.

591 881 643 936 7.
682 881 952 950 Quoniam
998 888 1192 943 melior
1243 899 1326 946 est
1376 894 1754 952 misericordia
1802 908 1890 955 tua
1936 916 2099 970 super

2033 916 2099 955 ter
2279 902 2330 958 7.
2369 903 2491 955 Ὅτι
2524 906 2777 973 κρεῖσσον
2806 904 2867 955 τὸ
2898 903 3045 967 ἔλεός
3075 921 3169 956 σου
3202 881 3354 974 ὑπὲρ
3379 901 3531 966 ζωὰς
3551 920 3564 933 ·

517 972 658 1029 vitas
688 988 703 1027 :

590 1062 645 1117 8.
680 1062 850 1121 Labia
874 1083 995 1122 mea
1022 1069 1326 1126 laudabunt
1359 1082 1429 1141 te,

2274 1082 2327 1136 8.
2361 1083 2441 1136 Τὰ
2467 1082 2616 1153 χείλη
2652 1099 2752 1152 μου
2780 1081 3127 1134 ἐπαινέσουσι
3163 1097 3242 1134 σε.

589 1158 641 1213 9.
682 1156 771 1214 Sic
796 1160 1114 1217 benedicam
1151 1175 1201 1219 te
1227 1166 1281 1219 in
1306 1168 1415 1221 vita
1442 1184 1558 1223 mea
1586 1189 1599 1225 :

2273 1178 2325 1232 9.
2361 1175 2548 1239 Οὕτως
2574 1176 2853 1246 εὐλογήσω
2878 1192 2934 1227 σε
2964 1177 3020 1228 ἐν
3054 1176 3119 1245 τῇ
3153 1173 3263 1243 ζωῇ
3303 1190 3404 1243 μου
3426 1189 3441 1202 ⁸

590 1249 679 1303 10.
718 1249 781 1303 Ει
810 1251 863 1305 in
888 1254 1111 1308 nomine
1137 1264 1229 1309 tuo
1258 1257 1450 1311 levabo
1479 1276 1673 1317 manus
1702 1280 1872 1320 meas.

2274 1269 2361 1322 10.
2399 1268 2509 1321 Καὶ
2532 1268 2590 1319 ἐν
2613 1265 2689 1336 τῷ
2722 1266 2948 1335 ὀνόματί
2982 1282 3073 1317 σου
3106 1264 3223 1335 ἀρῶ
3257 1263 3356 1326 τὰς
3389 1264 3591 1335 χεῖράς
3628 1280 3756 1334 μου.

593 1338 683 1392 11.
718 1339 875 1395 Sicut
916 1343 1072 1412 adipe
1117 1354 1171 1399 et
1213 1347 1545 1416 pinguedine
1595 1351 1864 1421 repleatur
1914 1354 2091 1409 anima

2276 1361 2364 1415 11.
2405 1360 2491 1423 Ὡς
2539 1360 2603 1412 ὲκ
2651 1359 2873 1422 στέατος
2916 1359 3010 1411 καὶ
3061 1357 3316 1427 πιότητος
3366 1357 3788 1427 ἐμπλησθείηὴ

516 1446 639 1486 mea
667 1451 679 1485 ζ

2200 1451 2343 1523 ψυχή
2379 1468 2499 1523 μου·

582 1524 669 1579 12.
698 1523 767 1579 Et
790 1526 953 1583 labiis
986 1531 1373 1590 exsultationis
1408 1535 1657 1594 laudabit
1685 1555 1748 1595 os
1779 1557 1988 1599 meum.

2274 1545 2359 1597 i2.
2393 1545 2502 1596 Καὶ
2538 1542 2690 1613 χείλη
2726 1542 3108 1619 ἀγαλλιάσεως
3125 1541 3329 1595 αἰνέσει
3358 1539 3418 1593 τὸ
3445 1542 3628 1612 στόμα
3661 1558 3786 1611 μου.

586 1617 673 1673 15.
710 1616 766 1673 Si
803 1636 1015 1677 memor
1060 1622 1137 1679 fui
1175 1626 1251 1680 tui
1295 1643 1461 1698 super
1510 1640 1739 1687 stratum
1774 1651 1992 1702 meum,
2038 1638 2093 1691 in

2270 1638 2354 1690 15.
2392 1637 2454 1689 Ei
2488 1634 2893 1706 ὲμνημόνευσόν
2929 1652 3021 1687 σου
3062 1616 3156 1686 ἐπὶ
3196 1637 3296 1705 τῆς
3332 1637 3631 1706 στρωμνῆς
3663 1651 3787 1704 μου,

513 1711 798 1767 matutinis
827 1714 1131 1771 meditabar
1154 1719 1208 1771 in
1235 1729 1304 1774 te.

2202 1712 2392 1793 ἐντοῖς
2428 1729 2645 1802 ὅρθροις
2675 1727 2947 1799 ἐμελέτων
2973 1730 3053 1791 εἰς
3084 1728 3174 1779 σέ·

583 1803 670 1855 14.
704 1804 841 1870 Quia
873 1807 1023 1862 fuisti
1048 1811 1269 1880 adjutor
1296 1830 1449 1872 meus
1482 1840 1493 1872 :

2132 1805 2175 1859 Β
2276 1822 2363 1875 14.
2405 1822 2528 1873 Ὀτι
2556 1820 2821 1891 ἐγενήθης
2857 1820 3051 1889 βοηθός
3086 1837 3217 1890 μου·

583 1893 672 1947 15.
706 1895 772 1950 Ει
799 1898 851 1951 in
880 1900 1187 1958 velamento
1214 1906 1426 1962 alarum
1459 1920 1677 1970 tuarum
1715 1918 2024 1974 exsultabo.

2273 1916 2361 1969 15.
2388 1914 2499 1967 Καὶ
2524 1916 2581 1967 ὲν
2624 1916 2691 1984 τῇ
2729 1914 2907 1985 σκέπῃ
2934 1912 3042 1965 τῶν
3080 1912 3370 1983 πτερύγων
3398 1930 3494 1965 σου
3525 1911 3790 1980 ἀγαλλιά-

2201 2027 2387 2080 σομαι.

584 2077 666 2131 16.
705 2079 945 2138 Adhazsit
978 2088 1162 2142 anima
1202 2106 1323 2146 mea
1371 2105 1493 2164 post
1523 2105 1574 2153 te
1605 2116 1618 2152 :

2271 2077 2361 2159 16.
2406 2100 2758 2171 Ἐκολλήθηή
2792 2100 2936 2169 ψυχή
2969 2114 3069 2168 μου
3088 2096 3262 2149 ὀπίσω
3297 2114 3391 2149 σου
3413 2114 3426 2127 ·

583 2170 675 2223 17.
708 2170 792 2227 Me
815 2184 1001 2230 autem
1031 2184 1275 2252 suscepit
1300 2184 1492 2241 dextra
1521 2199 1635 2243 tua.

2277 2198 2367 2251 17.
2414 2193 2579 2265 Ἐμοῦ
2613 2170 2669 2246 δὲ
2690 2170 3025 2245 Ϋάντελὰϐετο
3055 2191 3087 2259 ἡ
3130 2188 3281 2254 δεξιά
3309 2205 3422 2242 σου.

586 2261 820 2334 181ρεὶ
881 2283 1010 2325 vero
1074 2272 1132 2327 in
1189 2290 1390 2332 vanum
1459 2282 1796 2350 quaesierunt
1860 2286 2100 2343 animam

2271 2291 2357 2345 18.
2385 2261 2551 2343 Αὐτοὶ
2574 2289 2632 2341 δὲ
2660 2290 2740 2349 εἰς
2776 2288 2949 2357 μάτην
2974 2284 3248 2354 ἐζήτησαν
3278 2281 3378 2353 τὴν
3404 2281 3587 2353 ψυχήν
3620 2298 3720 2351 μου
3738 2297 3752 2312 ·

511 2367 689 2408 meam
708 2373 732 2413 ,⁸

1635 2514 2011 2571 ATHANASII
2052 2513 2643 2573 INTERPRETATIO.

510 2663 686 2713 ποντι,
725 2648 893 2703 Θέλων
923 2653 1250 2727 ἐπιστρέψαι
1278 2659 1373 2713 καὶ
1401 2659 1575 2715 ἐλθεῖν
1599 2664 1691 2717 ἐπὶ
1715 2665 1775 2719 τὸ
1806 2666 2088 2738 βάπτισμα
2116 2711 2130 2735 ,
2168 2668 2331 2726 πάλιν
2357 2669 2497 2739 μετὰ
2530 2668 2611 2739 (1)
2642 2667 2925 2741 βάπτισμα
2951 2660 3311 2737 ἡμαρτηκὼς,
3339 2662 3434 2718 καὶ
3463 2661 3635 2715 θέλων
3692 2680 3787 2734 με·

508 2741 768 2812 τανοῆσαι
793 2743 938 2813 λέγει
974 2748 1063 2801 τὸν
1088 2749 1303 2821 ψαλμὸν
1329 2754 1539 2809 τοῦτον.
3028 2774 3039 2787 κ

511 2832 819 2905 deﬁciente,
854 2854 978 2893 cum
1006 2841 1121 2895 vult
1149 2846 1416 2912 converti,
1447 2856 1501 2901 et
1526 2850 1712 2904 venire
1740 2851 1807 2905 ad
1833 2852 2126 2921 baptisma,
2156 2861 2210 2908 et
2239 2868 2434 2908 rursus
2470 2860 2593 2922 post
2622 2852 2892 2922 baptisma
2929 2866 3052 2906 cum
3090 2847 3418 2920 peccaverit,
3447 2855 3504 2903 et
3522 2846 3641 2902 vult
3668 2862 3785 2917 p03-

511 2929 796 2988 nitentiam
829 2950 1012 3006 agere,
1036 2938 1170 2993 dicit
1192 2940 1340 2996 hunc
1370 2944 1668 3011 psalmum.

578 3027 632 3081 2.
669 3028 1010 3087 Desideravit
1036 3042 1086 3089 te
1119 3036 1300 3091 anima
1328 3054 1469 3093 mea.

2116 3048 2162 3110 C
2262 3046 2317 3099 2.
2353 3043 2700 3114 Ἐπεθύμησέ
2730 3059 2789 3094 σε
2821 3043 2853 3112 ή
2881 3040 3026 3110 ψυχή
3063 3054 3186 3108 μου.

585 3117 641 3171 '5.
684 3117 1050 3190 Multiplieiter
1084 3125 1585 3185 innumerabiliter.

1526 3148 1585 3185 ⁵1⁸-
2265 3139 2319 3194 5.
2352 3138 2618 3207 Ποσαχῶς
2646 3133 3057 3207 ἁναριθμήτως.

581 3208 637 3263 4.
672 3210 944 3277 Quoniam
977 3230 1237 3285 tanquam
1276 3221 1417 3276 nihil
1468 3240 1591 3279 sum
1620 3240 1825 3281 coram
1859 3236 1911 3282 te
1952 3246 1966 3282 :
2014 3228 2091 3282 si-

2267 3230 2320 3284 4.
2367 3230 2488 3283 ’Ότι
2531 3229 2607 3291 ὡς
2635 3227 2788 3281 οὐδέν
2843 3228 2956 3296 εἰμι
2991 3223 3221 3279 ἐνώπιόν
3256 3240 3385 3276 σου*
3434 3220 3621 3292 ἐπειδὴ
3662 3221 3787 3276 οὔτε

512 3300 734 3369 quidem
769 3318 948 3374 neque
981 3307 1158 3375 radix,
1189 3325 1368 3380 neque
1396 3312 1518 3381 ﬂos,
1562 3331 1739 3385 neque
1771 3316 1981 3373 fructus
2012 3334 2041 3373 e

2022 3328 2095 3373 est
2202 3322 2349 3394 ῥίζα,
2379 3322 2502 3375 οὔτε
2537 3320 2720 3384 ἄνθος,
2752 3319 2875 3373 οὔτε
2900 3317 3113 3388 καρπός
3140 3318 3288 3369 ἐστιν
3321 3317 3379 3367 ὲν
3410 3313 3553 3385 ἐμοί.

511 3408 568 3446 ιη
602 3408 710 3448 me.

583 3486 637 3540 5.
676 3484 840 3542 Sicin
870 3489 1033 3546 domo
1058 3503 1246 3549 saneta
1273 3504 1365 3551 tua
1398 3501 1603 3555 accessi
1627 3503 1694 3556 ad
1735 3511 1808 3558 te.

2270 3496 2322 3552 5.
2360 3497 2547 3563 Οὕτως
2573 3500 2631 3551 ὲν
2658 3497 2737 3569 τῷ
2765 3497 2914 3567 οἴκῳ
2934 3495 3013 3568 (2)
3048 3494 3127 3565 τῷ
3157 3493 3297 3564 ἁγίῳ
3332 3510 3427 3545 σου
3472 3491 3782 3564 προσῆλθόν

2199 3607 2281 3644 σοι

586 3660 638 3714 6.
679 3659 745 3716 Ut
775 3663 1046 3721 discerem
1078 3673 1536 3729 resurrectionem
1596 3690 1748 3731 tuam
1798 3688 1853 3735 et
1884 3678 2097 3749 passio-

2273 3680 2326 3735 6.
2365 3680 2471 3734 Τοῦ
2505 3679 2695 3751 μαθεῖν
2722 3679 2819 3753 τὴν
2865 3679 3163 3735 ἀνάστασιν
3192 3679 3270 3748 ('5)
3312 3695 3407 3731 σου
3451 3680 3546 3733 καὶ
3584 3677 3647 3731 τὸ
3676 3679 3781 3732 πά-

514 3766 640 3807 nem
666 3762 837 3811 tuam.

2201 3775 2292 3836 θος
2327 3790 2442 3828 σου.

588 3846 640 3901 7.
674 3846 948 3914 Quoniam
988 3853 1162 3909 multo
1206 3857 1398 3911 melior
1454 3869 1536 3913 est
1574 3859 1945 3916 misericordia
2007 3871 2098 3917 tua

2275 3866 2324 3919 7.
2352 3867 2475 3919 ’Ότι
2508 3865 2642 3919 πολὺ
2671 3865 2879 3935 βέλτιον
2908 3865 2967 3919 τὸ
3000 3864 3147 3927 ἔλεός
3192 3881 3283 3916 σου
3329 3863 3472 3935 ὑπὲρ
3505 3863 3605 3935 τὴν
3649 3865 3784 3921 ἀπό-

513 3955 677 4009 quam
709 3944 1015 4013 voluptates
1040 3956 1088 4002 el
1116 3947 1322 4005 divitiae
1351 3952 1516 4022 hujus
1537 3954 1745 4009 saeculi.

2200 3952 2410 4015 λαυσιν,
2438 3952 2532 4005 καὶ
2560 3952 2650 4004 τὸν
2676 3950 2904 4003 πλοῦτον
2933 3951 3027 4005 τοῦ
3064 3950 3260 4013 αἰῶνος
3294 3950 3501 4004 τούτου.

586 4030 639 4085 8.
673 4031 841 4089 Labia
861 4037 1045 4094 cordis
1069 4041 1173 4094 mei
1207 4041 1510 4098 laudabunt
1545 4053 1615 4099 te.

2273 4046 2327 4100 8.
2364 4044 2443 4098 Τὰ
2470 4044 2621 4116 χείλη
2649 4045 2749 4115 τῆς
2771 4045 2999 4115 καρδίας
3029 4062 3130 4115 μου
3154 4045 3530 4116 ἀνυμνήσουσί
3559 4063 3635 4099 σε.

590 4120 644 4175 9.
678 4121 927 4195 Semper.

2272 4138 2326 4191 9.
2360 4137 2680 4200 Διαπαντός.

591 4214 679 4268 10.
715 4215 945 4272 lntendo
979 4220 1048 4273 ad
1080 4229 1132 4274 te
1167 4236 1262 4276 cor
1288 4238 1493 4277 meum.

2278 4228 2365 4282 10.
2408 4229 2701 4282 Ἀνατείνω
2733 4229 2868 4300 πρὸς
2897 4230 2958 4283 σὲ
2989 4229 3087 4298 τὴν
3118 4228 3342 4299 καρδίαν
3379 4246 3500 4299 μου.

586 4306 676 4362 11.
709 4307 895 4365 Gratia
934 4318 1045 4365 tua.

2130 4390 2157 4393 _
2278 4321 2364 4375 11.
2397 4322 2474 4391 Τῇ
2503 4321 2686 4393 χάριτί
2716 4339 2807 4375 σου

588 4400 673 4456 12.
709 4400 886 4458 Corde
908 4406 1218 4463 exsultante
1254 4408 1498 4464 laudabit
1537 4419 1588 4465 te
1615 4428 1676 4467 os
1704 4430 1911 4471 meum.

2275 4412 2361 4466 i2.
2395 4390 2507 4481 Τῆς
2528 4390 2762 4484 νκοιρδίας
2796 4390 3234 4484 ἀγάλλιωμένης,
3264 4411 3467 4464 αἰνέσει
3509 4413 3570 4465 τὸ
3606 4415 3775 4486 στόμα

2205 4523 2326 4576 μου.

587 4577 674 4631 15.
708 4576 767 4633 Si
803 4580 1107 4636 meminero
1152 4584 1230 4637 tui
1274 4584 1326 4637 in
1368 4586 1550 4655 quiete
1594 4590 1793 4645 animae
1846 4608 2000 4662 mea},
2046 4597 2099 4650 in

2274 4598 2361 4652 15.
2399 4596 2524 4650 Ἐὰν
2574 4593 2933 4667 μνημονεύσω
2966 4611 3059 4647 σου
3104 4593 3161 4645 ὲν
3190 4596 3256 4665 τῇ
3297 4595 3499 4666 ἡσυχίᾳ.
3544 4597 3646 4667 τῆς
3679 4598 3776 4669 cru.

514 4671 791 4727 mandatis
820 4675 930 4727 tuis
960 4674 1287 4733 meditabor.

2203 4693 2305 4759 χῆς
2334 4706 2456 4759 μου,
2495 4690 2551 4742 ἐν
2578 4690 2691 4749 τοῖς
2722 4686 3109 4756 προστάγμασί
3144 4702 3237 4737 σου
3266 4686 3568 4758 μελετήσω.

590 4765 676 4818 14.
707 4766 845 4832 Quia
882 4785 1100 4839 semper
1157 4771 1210 4824 in
1269 4774 1542 4829 mandatis
1590 4776 1699 4830 tuis
1749 4781 2099 4837 corroboravi

2278 4783 2366 4837 i4.
2399 4784 2518 4835 Ὅτι
2550 4782 2636 4835 ἀεὶ
2671 4781 2727 4833 ὲν
2755 4783 2867 4844 τοῖς
2898 4779 3281 4851 προστάγμασι
3312 4798 3402 4833 σου
3439 4782 3773 4853 ἐνεδυνάμω-

514 4872 622 4916 me.

2207 4875 2277 4929 σά
2300 4892 2368 4946 με
2394 4874 2492 4943 (5).

589 4950 677 5003 15.
709 4950 774 5005 Et
803 4954 855 5005 in
884 4954 1098 5033 duobus
1120 4957 1228 5011 tuis
1253 4956 1617 5017 Testamentis
1645 4964 1953 5019 exsultabo.

2276 4968 2361 5022 15.
2394 4967 2505 5019 Καὶ
2539 4967 2596 5017 ὲν
2618 4966 2738 5027 ταῖς
2766 4963 2885 5018 δυσί
2918 4980 3009 5015 σου
3035 4962 3332 5034 Διαθῆκαις
3358 4963 3774 5040 ἁγαλλιάσομαι.

588 5044 675 5098 16.
710 5044 951 5117 Vestigia
976 5029 1073 5103 tua
1093 5059 1370 5120 sequetur.

2278 5061 2364 5114 16.
2395 5062 2521 5122 Τοῖς
2551 5058 2721 5129 ῖχνεσί
2752 5074 2845 5109 σου
2874 5029 3295 5127 ὲξακολουθῆσει

589 5139 678 5194 17.
711 5140 789 5193 Τυ
817 5153 999 5197 autem
1030 5144 1145 5213 ipsc
1173 5146 1451 5203 deduxisti
1485 5165 1571 5204 me
1595 5149 1818 5206 dextera
1849 5161 1960 5207 tua.

1955 5191 1960 5204 .
2280 5150 2366 5202 17.
2399 5150 2573 5212 Αὐτὸς
2603 5148 2658 5201 δὲ
2687 5146 2975 5218 ὼδήγησάς
3002 5164 3069 5217 με
3101 5148 3167 5218 τῇ
3190 5145 3344 5220 δεξιᾷ
3369 5164 3486 5204 σου.

587 5232 676 5289 18.
704 5232 1012 5292 Daemones.
2280 5242 2365 5296 18.
2399 5242 2462 5295 Οἱ
2486 5240 2758 5311 δαίμονες.

1471 5447 1780 5513 Addenda
1810 5456 1871 5512 et
1902 5447 2281 5528 corrigenda
2326 5462 2404 5507 ex
2434 5444 2577 5506 cod.
2613 5442 2815 5503 Vatic.

587 5598 663 5683 (1)
691 5599 848 5683 ἒξεῖά
875 5600 961 5683 Ξδς
992 5609 1108 5683 ριε-
1186 5679 1194 5683 _
1249 5672 1264 5683 .
1372 5682 1375 5683 ,
2280 5600 2355 5683 (1)
2385 5600 2497 5683 ’ἕης
2521 5598 2749 5683 χάριτάς
2772 5614 2886 5683 9°"-

696 5671 846 5755 ῌμῷν.
875 5671 1045 5755 Ρουὶρ
1078 5679 1197 5755 post
1234 5672 1383 5730 deest
1414 5691 1528 5727 σου.

1429 5691 1528 5727 tot).
2279 5672 2355 5755 (
2398 5669 2839 5755 :EYESUdeﬁn’cd;
2874 5685 2960 5739 με.

594 5740 669 5811 (δ)
717 5738 1201 5811 Ἀνάπαυσίνίϐιίὶ·
2281 5743 2357 5814 (6)
2398 5738 2859 5811 Ἑξακολοῡθήσω.
