3876 6220
80 310 201 366 89τ
982 312 1070 366 DE
1110 312 1388 370 TlTULlS
1421 316 1876 375 PSALMORUM.
1909 348 1978 359 —
2013 316 2208 374 PSAL.
2250 316 2435 376 LXI".
3258 324 3364 379 €98

169 427 259 481 19.
291 427 704 482 Εἰσελεύσονται
734 429 817 492 εἰς
838 428 909 482 τὰ
930 430 1222 485 κατώτατα
1246 432 1348 503 τῆς
1384 434 1511 505 γῆς.

1851 436 1935 491 19.
1972 436 2281 491 lntroibunt
2309 438 2362 491 in
2394 434 2656 493 inferiora
2688 446 2846 495 terra:
2874 456 2904 509 ε⁴

162 519 254 573 20.
289 520 763 592 Παραδοθήσονται
786 524 865 585 εἰς
894 526 1083 594 χεῖρας
1118 526 1393 597 ῥομφαίας
1414 544 1428 557 ο

1849 530 1941 583 20.
1976 528 2285 584 Tradentur
2310 531 2365 584 in
2394 546 2592 588 manus
2622 531 2786 602 gladii
2812 549 2826 585 :

163 610 261 665 21.
292 612 527 683 Μερίδες
550 612 851 667 ἀλωπέκων
877 614 1113 669 ἔσονται.

1847 622 1933 676 21.
1972 621 2164 677 Partes
2189 622 2433 692 vulpium
2467 631 2647 678 erunt.

160 704 254 757 22.
303 705 362 757 '0
388 706 444 758 δὲ
472 706 727 776 βασιλεὺς
755 709 1191 780 εὐφρανθήσεται
1216 711 1310 763 ἐπὶ
1338 710 1417 782 τῷ
1446 711 1564 783 Θεῷ
1589 730 1603 743 '

1846 712 1934 766 22.
1966 712 2078 768 Rex
2105 730 2237 768 vero
2263 714 2536 769 laztabitur
2557 715 2611 768 in
2637 713 2783 769 Deo:

159 796 256 849 23.
303 796 753 868 Ἐπαινεθήσεται
782 801 892 863 πᾶς
912 802 941 852 ό
961 801 1177 871 ὀμνύων
1200 805 1258 854 ἐν
1282 803 1433 874 αὐτῷ
1451 820 1463 831 ·

1846 808 1935 862 25.
1968 808 2306 864 Laudabitur
2328 811 2509 865 omnis
2533 811 2624 880 qui
2660 811 2808 881 iurat
2834 812 2886 865 in
2915 826 2982 866 eo
3014 854 3026 865 .

159 886 253 939 24.
287 888 411 941 Ὅτι
437 890 715 961 ἐνεφράγη
753 891 928 961 στόμα
959 891 1262 949 λαλούντων
1294 894 1475 951 ἄδικα.

1843 901 1932 954 24.
1972 902 2111 968 Quia
2159 903 2500 958 obstructum
2541 914 2622 959 est
2665 920 2726 958 os
2762 906 3098 975 loquentium
3145 904 3355 977 iniqua.

155 1032 267 1096 Εἷς
301 1030 370 1084 τὸ
411 1030 612 1099 τέλος,
657 1033 897 1103 ψαλμὸς
935 1033 1015 1099 τῷ
1052 1033 1247 1088 Δαϐίδ.
1286 1037 1460 1089 ΨΑΛ.
1488 1032 1619 1088 ΞΓ’.

1897 1036 1961 1090 In
1990 1038 2167 1107 ﬁnem,
2202 1038 2437 1106 psalmus
2479 1039 2669 1094 David.
2706 1040 2969 1096 PSALM.
3000 1040 3226 1097 LXIII.

156 1141 207 1194 1.
248 1141 612 1207 Εἰσὰκουσον,
648 1144 676 1195 6
717 1144 868 1209 Θεὸς,
901 1144 999 1213 τῆς
1064 1144 1248 1214 φωνῆς
1309 1162 1432 1209 μου,
1486 1146 1542 1199 ἐν
1602 1162 1628 1197 τ

1848 1152 1900 1204 1.
1943 1151 2181 1217 Exaudi,
2215 1152 2357 1209 Deus
2381 1195 2396 1221 ,
2440 1171 2628 1211 vocem
2662 1172 2839 1211 meam
2862 1198 2876 1223 ,
2917 1173 3042 1213 cum
3087 1158 3354 1230 deprecor

82 1234 307 1288 δέεσθαί
346 1253 416 1305 με
446 1237 586 1307 πρὸς
627 1236 720 1290 σέ·

1874 1255 1967 1302 te:

162 1329 216 1380 2.
246 1329 385 1381 Ἀπὸ
418 1329 579 1398 φόϐου
608 1329 802 1400 ἐχθροῦ
839 1330 1022 1396 ἐξὲλου
1053 1331 1150 1402 τὴν
1184 1329 1362 1402 ψυχήν
1399 1348 1521 1401 μου.

160 1422 211 1474 5.
257 1421 544 1474 Σκέπασόν
573 1440 639 1492 με
672 1424 780 1477 ἀπὸ
812 1424 1117 1495 συστροφῆς
1147 1424 1623 1495 πονηρευομένων,

158 1514 213 1568 εί.
230 1515 353 1568 Δπὸ
379 1515 618 1585 πλήθους
647 1514 1029 1588 ἐργαζομένων
1056 1516 1288 1570 ἀδικίαν.

1846 1339 1901 1394 2.
1936 1340 1981 1391 A
2011 1340 2204 1393 timore
2234 1339 2440 1394 inimici
2472 1341 2619 1409 eripe
2642 1341 2882 1396 animam
2906 1358 3104 1398 meam.

1850 1434 1902 1486 5.
1944 1433 2171 1502 Protege
2198 1448 2284 1487 mc
2320 1450 2350 1487 a
2386 1442 2653 1487 conventu
2694 1434 3139 1505 malignantium.

1849 1526 1901 1578 4,
1945 1525 1987 1577 Α
2023 1524 2373 1579 multitudine
2404 1524 2745 1595 operantium
2781 1527 3146 1597 iniquitatem.

161 1608 213 1661 5.
257 1607 470 1671 Οἷτινες
492 1607 765 1679 ἠκόνησαν
787 1608 860 1671 ὡς
883 1607 1156 1679 ῥομφαίαν
1181 1607 1279 1673 τὰς
1300 1608 1551 1676 γλώσσας
1575 1611 1633 1663 αἱ

1850 1619 1901 1673 5.
1938 1619 2043 1685 Qui
2074 1628 2410 1674 exacuerunt
2436 1628 2493 1673 ut
2527 1620 2766 1690 gladium
2801 1621 3015 1691 linguas
3049 1637 3213 1686 suas,

80 1716 215 1763 των,

159 1792 212 1845 6.
242 1790 547 1845 Ἐνέτειναν
573 1791 725 1859 τόξον
757 1792 955 1856 αὐτῶν,
995 1795 1224 1865 πρᾶγμα
1253 1795 1468 1865 πικρὸν,

1851 1796 1903 1851 6.
1945 1795 2302 1852 lntcnderunt
2332 1812 2491 1851 suum
2530 1812 2749 1863 arcum,
2799 1813 2915 1853 rem
2946 1814 3212 1863 amaram,

162 1883 213 1942 7,
256 1884 363 1936 Τοῦ
392 1884 787 1949 κατατοξεῦσαι
820 1886 877 1938 ἐν
915 1886 1256 1957 ἀποκρύφοις
1285 1888 1514 1958 ἄμωμον
1535 1905 1546 1916 ·

1853 1888 1903 1940 7.
1941 1886 2011 1942 Ut
2045 1889 2298 1957 sagittent
2344 1888 2397 1942 in
2428 1890 2657 1944 occultis
2686 1891 3093 1945 immaculatum
3126 1910 3139 1945 :

159 1977 213 2030 8.
240 1977 503 2041 Ἐξὰπινα
534 1977 1017 2045 κατατοξεύσουσιν
1050 1979 1233 2045 αὐτὸν,
1268 1980 1361 2033 καὶ
1404 1981 1465 2032 οὐ
1508 1979 1633 2049 φοϐτ

1846 1981 1899 2034 8.
1937 1980 2130 2034 Subito
2186 1980 2518 2051 sagittabunt
2546 1996 2703 2045 eum,
2736 1992 2788 2036 et
2820 1976 2926 2036 non
2959 1983 3223 2038 timebunt
3256 1982 3351 2052 fti~

80 2060 347 2137 θήσονται
376 2068 815 2142 [φοϐηθήσεται.]

1843 2070 1987 2142 ebit].

155 2161 207 2214 9.
237 2162 647 2237 Ἐκρατααίωσαν
677 2166 889 2228 ἑαυτοῖς
913 2162 1068 2231 λόγον
1102 2163 1355 2234 πονηρόν·

1845 2164 1897 2217 9.
1932 2163 2319 2219 Firmaverunt
2347 2163 2450 2218 sibi
2480 2179 2784 2220 sermonem
2828 2179 3062 2236 nequam
3088 2182 3102 2220 :

161 2256 245 2313 10.
289 2260 627 2331 Διηγήσαντο
651 2258 746 2313 τοῦ
780 2258 983 2331 κρύψαι
1017 2257 1236 2328 παγίδα.

1849 2251 1936 2306 16.
1965 2249 2339 2305 Narraverunt
2377 2261 2437 2306 ut
2480 2252 2877 2310 absconderem
2934 2255 3189 2326 laqueum
3226 2273 3240 2310 :

166 2351 247 2404 11.
291 2347 457 2403 Εἶπον
481 2367 493 2380 ·
523 2350 619 2413 Τίς
649 2348 836 2418 ὄψεται
870 2348 1099 2413 abeatis;

1848 2341 1937 2395 11.
1982 2342 2279 2397 Dixerunt:
2313 2341 2448 2409 Quis
2478 2342 2684 2397 Videbit
2708 2344 2842 2399 eos?

1217 2510 1597 2567 ATHANASII
1637 2509 2225 2567 INTERPRETATIO.

159 2684 250 2739 19.
286 2683 378 2744 Et;
408 2678 477 2732 τὰ
498 2679 743 2751 τάρταρα
776 2676 877 2747 τῆς
896 2676 1026 2747 γῆς·
1050 2674 1174 2729 ἐκεῖ
1198 2674 1372 2730 ἔσται
1398 2678 1430 2730 ὀ
1450 2676 1633 2729 κλαυϐ

1845 2671 1929 2727 19.
1965 2670 2024 2724 ln
2068 2679 2271 2724 tartara
2317 2677 2473 2723 terrae
2515 2686 2529 2722 :
2569 2668 2643 2723 ibi
2689 2670 2787 2723 erit
2818 2671 2973 2738 ﬂetus
3048 2680 3099 2725 et
3150 2673 3347 2729 stridor

76 2778 198 2846 μὸς
210 2777 309 2830 καὶ
324 2772 596 2844 βρυγμὸς
610 2771 729 2826 τῶν
745 2769 1029 2823 ὀδόντων.

1843 2766 2026 2819 ntium.
2377 2829 2379 2832 γ

150 2868 247 2923 20.
288 2870 382 2930 Εἰς
408 2865 630 2931 κόλασιν
668 2862 906 2917 αἰώνιον.

1843 2857 1931 2911 20.
1965 2855 2024 2911 In
2052 2854 2382 2925 supplicium
2411 2860 2700 2908 aeternum.

150 2963 245 3017 21.
284 2960 404 3013 Τῶν
427 2955 718 3030 αἱρετικῶν
748 2958 841 3010 κα)⁸
875 2953 981 3009 τῶν
1010 2952 1320 3026 ὑποκριτῶν
1340 2955 1388 3006 οἱ
1414 2953 1633 3023 δαίμονε

1843 2951 1927 3006 El.
1960 2949 2355 3005 Haereticorum
2386 2955 2439 3003 et
2482 2946 2894 3018 hypocritarum
2919 2946 3192 3004 daemones
3215 2963 3345 3020 par-

83 3056 311 3129 μερίδες
335 3051 495 3108 εἰσίν.

1843 3051 2025 3099 εευηι.
2480 3058 2481 3061 “

150 3148 247 3201 9.2.
288 3146 348 3198 Ὀ
382 3142 575 3206 πιστὸς
602 3141 752 3204 λαός.

1843 3135 1928 3189 22.
1958 3133 2201 3204 Populus
2233 3130 2428 3189 ﬁdelis.

151 3240 245 3294 ‘25.
282 3236 678 3309 Δοξασϐήσεται
734 3235 762 3287 6
804 3230 1074 3285 πιστεύων
1115 3228 1192 3300 τῷ
1241 3228 1461 3300 Κυρίῳ·
1504 3227 1633 3297 ὅρκο

1843 3226 1927 3280 25.
1957 3224 2363 3282 Gloriﬁcabitur
2411 3224 2638 3279 credens
2674 3224 2940 3290 Domino;
2973 3225 3346 3295 juramentum

79 3331 193 3402 γὰρ
222 3330 383 3398 λόγος
404 3325 765 3398 πιστούμενός
798 3327 935 3379 ἐστι.

1843 3319 1914 3373 im
1950 3328 2032 3373 est
2062 3332 2244 3373 sermo
2287 3318 2375 3372 cui
2414 3317 2546 3371 ﬂ'des
2574 3317 2823 3371 lia-betur.

150 3424 244 3477 2L
283 3422 404 3475 Τῶν
434 3420 705 3491 δαιμόνων
726 3417 823 3471 καὶ
856 3416 965 3470 τῶν
990 3413 1309 3486 αἱρετικῶν.

1843 3409 1930 3465 24.
1964 3408 2279 3465 Daamonum
2304 3418 2357 3464 et
2378 3408 2780 3465 haereticorum.

167 3581 235 3634 'H
265 3578 603 3653 προκειμένη
638 3573 920 3649 ἐπιγραφὴ
951 3572 1197 3643 περιέχει
1222 3570 1297 3644 (1)
1324 3588 1337 3602 ·
1374 3573 1479 3636 Εἰς
1501 3569 1567 3623 τὸ
1586 3567 1766 3632 τέλος
1787 3608 1801 3632 ,
1834 3566 2080 3635 ψαλμὸς
2122 3565 2202 3631 τῷ
2240 3565 2419 3619 Δαϐίδ
2440 3583 2455 3600 ο
2494 3567 2620 3637 περὶ
2659 3565 2767 3618 τῶν
2792 3568 2909 3620 ἐστὶ
2957 3570 3236 3641 συντελείᾳ
3270 3569 3349 3653 (2)

81 3674 193 3728 τῶν
220 3671 431 3727 αἰώνων
455 3670 726 3740 ἐσομένων
754 3669 782 3721 ὁ
810 3666 1024 3737 ψαλμὸς
1041 3665 1258 3733 λέγεται
1283 3663 1435 3736 παρὰ
1457 3663 1548 3718 τὸν
1572 3661 1778 3733 Κύριον
1811 3660 1903 3713 τὸν
2118 3656 2282 3710 Δαϐίδ
2319 3657 2422 3728 (5).

157 3760 375 3816 Titulus
422 3757 747 3829 praepositus
792 3752 1079 3810 continet:
1137 3752 1199 3806 In
1233 3753 1429 3822 ﬁnem,
1462 3752 1695 3822 psalmus
1730 3748 1927 3804 David.
1978 3748 2055 3802 De
2100 3749 2167 3803 iis
2212 3763 2333 3817 quae
2370 3747 2557 3803 futura
2614 3759 2743 3805 sunt
2773 3751 2828 3806 in
2873 3756 3348 3815 consummatione

84 3855 419 3912 saeculorum
449 3850 690 3921 psalmus
718 3848 923 3903 dicitur
948 3847 1015 3903 ad
1047 3845 1342 3901 Dominum
1367 3861 1397 3900 a
1421 3844 1643 3900 Davide.

158 3948 208 4002 1.
234 3942 723 4017 Προσκαλούμενός
753 3941 829 4013 (4)
899 3957 959 3993 σε
998 3941 1078 4002 εἰς
1124 3937 1377 4010 βοήθειαν
1417 3937 1633 3992 εἰσάκου

1843 3935 1894 3990 1.
1923 3932 2191 3989 lnvocans
2223 3940 2277 3989 te
2306 3934 2364 3989 in
2386 3934 2753 4006 adiutorium,
2795 3941 2993 3996 exaudi
3043 3946 3345 4003 orationem

84 4058 174 4094 σον
197 4040 300 4109 τῆς
321 4038 558 4107 δεήσεως
590 4029 658 4105 ἧς
679 4032 943 4104 προσάγω
971 4048 1078 4083 σοι.

1849 4044 1935 4083 am
1966 4027 2063 4083 tibi
2097 4026 2284 4083 affero.

148 4131 205 4184 2.
249 4127 358 4181 Τοῦ
385 4125 654 4179 διαϐόλου.

1843 4120 1895 4175 2.
1930 4121 2158 4177 Diaboli.

150 4219 206 4272 5.
249 4215 372 4267 Τῶν
398 4212 726 4286 αἱρετικῶν.’

1843 4213 1894 4267 5.
1937 4210 2350 4268 Haereticorum.

150 4311 206 4364 4.
249 4307 373 4361 Τῶν
402 4305 692 4377 δαιμόνων.

1843 4308 1894 4361 4.
1933 4305 2277 4362 Dmmonum.

150 4404 208 4457 5.
250 4402 313 4453 Οἱ
342 4398 595 4469 δαίμονες
624 4398 959 4468 κατήρτισαν
983 4396 1108 4458 τοὺς
1137 4392 1467 4465 αἱρετικούς.

1844 4396 1900 4453 5.
1940 4395 2225 4451 Daemones
2252 4404 2628 4467 praepararunt
2652 4397 2956 4454 haereticos.

151 4492 207 4545 6.
252 4491 365 4542 Καὶ
394 4488 494 4559 τὴν
525 4484 872 4540 διδασκαλίαν
896 4486 993 4554 τῆς
1026 4481 1233 4552 πλάνης
1262 4480 1442 4534 αὐτῶν
1477 4480 1633 4532 ἐπλεό

1846 4486 1897 4540 6.
1934 4485 1999 4541 Ει
2020 4487 2320 4543 doctrinam
2349 4490 2553 4544 erroris
2579 4504 2769 4544 eorum
2799 4500 3088 4546 auxerunt.

84 4602 271 4641 νασαν.

154 4679 207 4731 7.
252 4674 359 4729 Τοῦ
380 4675 601 4746 ῥήματα
625 4671 922 4743 βλάσφημα
935 4668 1115 4738 λέγειν
1132 4666 1277 4723 κατὰ
1297 4666 1386 4720 τὸν
1411 4664 1542 4718 Θεόν
1565 4664 1633 4735 (5)

1851 4661 1904 4718 7..
1938 4661 2018 4717 Ad
2049 4661 2277 4718 dicenda
2307 4664 2472 4718 verba
2509 4663 2824 4733 blasphema
2855 4674 3047 4721 contra
3080 4666 3270 4722 Deum.

153 4767 494 4837 8.Ἑτοίμως
540 4766 752 4837 ῥήματα
809 4761 1062 4824 ἀσεϐείας
1109 4760 1329 4830 λέγουσι
1383 4757 1524 4812 κατὰ
1572 4776 1631 4811 το

1847 4754 1900 4809 8.
1935 4753 2161 4810 Temere
2198 4755 2387 4811 dicunt
2407 4756 2572 4812 verba
2612 4757 2908 4827 impietatis
2935 4767 3123 4814 contra
3152 4760 3344 4829 Deum,

84 4861 245 4925 Θεοῦ,
281 4860 373 4913 καὶ
396 4860 457 4911 οὐ
489 4856 798 4927 φοϐοῦνται.

1855 4863 1963 4902 ηοη
1993 4848 2204 4903 timent.

152 4954 207 5008 9.
252 4950 363 5014 Τὰς
400 4947 688 5019 ἐξηγήσεις
720 4946 897 4999 αὐτῶν
928 4943 1026 5007 τὰς
1049 4940 1376 5004 διαϐολικὰς.

1845 4940 1897 4995 9.
1938 4940 2243 4996 Diabolicas
2270 4955 2458 4996 eorum
2485 4943 2882 4999 enarrationes.

155 5042 248 5098 10.
291 5038 701 5110 Συνεγράψαντο
742 5034 1142 5104 πιθανολογίας,
1187 5034 1253 5087 δι’
1280 5026 1355 5087 ὧν
1408 5030 1633 5101 παγιδεύ

1844 5034 1933 5088 10.
1970 5034 2429 5105 Conscripserunt
2470 5048 2750 5092 sermones
2779 5037 3189 5107 persuasibiles,
3223 5040 3341 5112 qui-

87 5152 177 5187 σου
187 5151 241 5187 σι
263 5133 391 5195 τοὺς
417 5129 515 5184 ἀνθ
525 5128 756 5202 ρώπους.

1843 5141 1877 5181 .s
1904 5126 2200 5196 illaqueant
2232 5127 2501 5183 homines.

158 5227 183 5279 1
199 5229 216 5279 1
234 5267 247 5279 .
266 5222 602 5293 Λογίζονται,
618 5221 792 5285 οὐδεὶς
805 5220 1022 5275 δύναται
1037 5219 1222 5282 αὐτοῖς
1232 5216 1548 5287 ἀντιστῆναι
1566 5215 1633 5287 (6]

1845 5217 1933 5274 11.
1969 5217 2246 5289 Cogitant,
2270 5221 2545 5277 neminem
2574 5235 2738 5293 posse
2762 5220 2841 5277 eis
2861 5220 3141 5280 resistere.

1040 5405 1349 5468 Addenda
1378 5410 1440 5467 et
1474 5401 1853 5481 corrigenda
1891 5418 1969 5462 ex
2004 5402 2143 5463 cod.
2187 5404 2392 5465 Vatic.

185 5570 241 5709 1)
282 5570 347 5623 Ἦ
376 5570 466 5625 διὰ
486 5571 587 5643 τῆς
610 5573 978 5645 κινναϐάρεως
1003 5592 1131 5646 περ.
1840 5574 2453 5709 ἱιγΠροσκαλρυμένου.

185 5641 221 5695 2
269 5642 390 5695 Τῶν
423 5638 515 5696 οὖν
545 5642 636 5696 ἐπὶ
669 5661 820 5699 συντ.
1866 5646 1919 5709 5)
1959 5647 2063 5699 Του
2087 5646 2241 5698 Θεου.

184 5638 241 5699 2)
269 5642 390 5695 Τῶν
423 5638 515 5696 οὖν
544 5638 636 5696 ἐπὶ
669 5661 820 5699 συντ.
841 5638 853 5645 ’
1079 5638 1090 5646 ’
1840 5638 1919 5699 (5)
1959 5638 2063 5699 Τοῦ
2087 5645 2241 5698 Θεοῦ.

169 5646 241 5712 [2)
269 5646 390 5695 Τῶν
423 5646 515 5696 οὖν
545 5646 636 5696 ἐπὶ
669 5661 820 5699 συντ.
1840 5646 1897 5713 (5
1959 5646 2063 5699 Τοῦ
2087 5646 2241 5698 Θεοῦ.

169 5713 246 5783 (5)
274 5712 432 5784 Παρὰ
457 5712 566 5767 τῶν
590 5714 729 5768 κατὰ
756 5714 845 5768 τὸν
868 5714 1031 5768 Δαϐὶδ
1062 5713 1297 5771 δικαίων.
1840 5646 1919 5787 (6)
1939 5716 2263 5787 Ἀντιθῆναι.
