3876 6220
132 328 245 383 901
1026 323 1115 379 DE
1158 322 1431 379 TITULIS
1466 322 1911 379 PSALMORRM.
1945 355 2015 366 -—-
2052 322 2216 377 PSAI
2275 321 2460 379 LXIV.
3302 321 3407 377 903

212 439 277 491 ἃ.
318 438 431 490 Καὶ
459 437 541 490 σοὶ
564 436 958 508 ἀποδοθήσεται
991 437 1123 510 εὐχὴ
1158 440 1216 492 ἐν
1250 439 1618 511 Ἰερουσαλήμ.

1760 446 1805 500 Α
1901 439 1953 492 2.
1992 438 2055 492 Et
2085 439 2179 493 tibi
2206 439 2459 493 reddetur
2483 442 2669 490 votum
2705 434 2762 490 in
2796 435 3162 493 Hierusalem.

215 529 279 583 ὅ.
316 528 653 582 Είσάκουσον
678 528 990 600 προσευχῆς
1018 546 1141 599 μου,
1168 530 1304 602 πρὸς
1333 531 1393 584 σέ
1422 532 1573 585 πᾶσα
1597 529 1732 603 σὰρξ

1903 532 1956 586 5.
1997 531 2201 587 Exaudi
2253 531 2556 587 orationem
2608 544 2823 595 meam,
2869 528 2938 585 ad
2979 538 3031 584 te
3070 528 3250 584 omnis
3277 543 3400 584 caro

134 622 290 692 ἥξει.

1831 624 2027 680 veniet.

214 714 272 767 4.
314 714 477 782 Λόγοι
505 714 720 784 ἀνόμων
754 714 1247 785 ὑπερεδυνάμωσαν
1274 717 1441 786 ἡμᾶς.

1900 712 1955 766 4.
1994 712 2169 768 Verba
2200 712 2511 783 iniquorum
2544 713 2943 784 prazvaluerunt
2968 726 3133 780 super
3161 726 3261 767 nos
3290 729 3304 765 :

214 805 273 859 5.
315 806 428 858 Καὶ
454 807 571 868 ταῖς
599 805 875 868 ἀσεϐείαις
904 806 1061 876 ἡμῶν
1096 807 1161 859 σὺ
1198 807 1377 879 ἱλάσῃ.

1902 803 1951 857 5.
1989 803 2054 857 Et
2083 804 2449 872 impietatibus
2475 806 2679 860 nostris
2705 814 2761 858 tu
2786 802 3189 874 propitiaheris.

216 896 273 950 6.
317 897 627 966 Μακάριος,
658 895 715 949 ὃν
742 896 989 962 ἐξελέξω,
1020 900 1115 951 καὶ
1146 898 1482 969 προσέλαϐου
1502 913 1516 931 '

1901 895 1954 949 6.
1990 894 2208 962 Beatus,
2240 912 2402 966 quem
2435 898 2645 967 elegisti
2671 907 2721 951 et
2746 896 3092 967 assumpsisti
3119 913 3132 949 :

216 985 273 1037 7.
312 986 743 1054 Κατασκηνώσει
774 988 830 1039 ἐν
862 990 982 1049 ταῖς
1015 987 1205 1051 αὐλαῖς
1240 1005 1354 1041 σου.

1240 1005 1354 1041 σου.
1903 989 1952 1043 7.
1985 990 2312 1044 lnhabitabit
2342 992 2397 1045 in
2429 992 2583 1046 atriis
2611 993 2739 1047 tuis.

216 1075 276 1129 8.
318 1076 756 1149 Πλησθησόμεθα
780 1078 838 1131 ὲν
862 1082 975 1142 τοῖς
1000 1079 1224 1148 ἀγαθοῖς
1251 1080 1345 1133 τοῦ
1372 1081 1520 1134 οἴκου
1549 1098 1639 1134 σου
1662 1098 1674 1111 ·

1481 1099 1520 1133 δυ
1549 1098 1639 1134 σου
1662 1098 1674 1111 ·
1897 1080 1948 1134 8.
1987 1080 2342 1152 Replebimur
2370 1086 2427 1137 in
2457 1084 2617 1137 bonis
2646 1084 2843 1137 domus
2868 1089 3012 1137 tuae:

214 1166 273 1221 9.
293 1169 483 1234 ’Ἄγιος
517 1170 544 1221 6
570 1169 695 1232 ναός
718 1185 834 1235 σου,
868 1170 1176 1241 θαυμαστὸς
1209 1175 1267 1225 ἐν
1291 1172 1620 1244 δικαιοσύνῃ.

1900 1173 1951 1228 9.
1996 1172 2256 1227 Sanctum
2292 1175 2552 1244 templum
2577 1183 2751 1239 tuum,
2780 1173 3028 1227 mirabile
3050 1172 3105 1225 in
3129 1170 3399 1242 aequitate.

217 1258 308 1313 10.
337 1261 672 1315 Ἐπάκουσον
695 1262 874 1332 ἡμῶν,
904 1263 932 1315 ὁ
960 1263 1093 1327 Θεὸς
1118 1266 1145 1316 6
1171 1265 1361 1336 Σωτὴρ
1387 1267 1419 1335 ἡ
1430 1265 1567 1335 μῶν,

1552 1305 1567 1329 ,
1903 1266 1989 1321 10.
2029 1265 2233 1321 Exaudi
2262 1283 2395 1333 nos,
2435 1268 2573 1321 Deus
2606 1267 2851 1321 Salvator
2878 1275 3082 1331 noster,

218 1350 306 1403 11.
336 1353 401 1404 'H
435 1352 587 1415 ἐλπὶς
617 1353 833 1406 πάντων
852 1352 959 1407 τῶν
981 1354 1235 1426 περάτων
1254 1356 1352 1427 τῆς
1370 1358 1473 1427 γῆς
1504 1356 1599 1411 καὶ
1621 1357 1728 1410 τῶν

1896 1357 1982 1409 11.
2019 1356 2155 1427 Spes
2179 1359 2424 1413 omnium
2456 1359 2645 1413 ﬁnium
2687 1367 2874 1423 terrm,
2911 1367 2964 1411 et
3000 1373 3191 1411 eorum
3225 1353 3400 1425 quiin

139 1443 199 1494 ἑν
236 1443 481 1515 θαλάσσῃ
512 1446 747 1516 μακράν.

653 1446 747 1499 ιάν.
1830 1446 1966 1499 mari
2006 1446 2184 1512 longe.

215 1534 309 1589 12.
336 1534 667 1607 Ἐτοιμάζων
701 1536 801 1607 ὅρη
830 1538 887 1589 ἐν
918 1540 985 1609 τῇ
1017 1537 1159 1608 ἰσχύϊ
1186 1538 1373 1605 αὐτοῦ,

1898 1535 1985 1589 12.
2026 1535 2344 1606 Ρηιιρειτοηε
2372 1546 2586 1593 montes
2617 1539 2671 1592 in
2704 1538 2903 1594 virtute
2931 1552 3030 1592 sua

212 1626 305 1679 15.
348 1626 794 1697 Περιεζωσμένος
826 1629 883 1680 ἐν
908 1627 1217 1701 δυναστείᾳ.

1094 1627 1217 1701 τείᾳ,
1900 1627 1986 1682 15.
2019 1626 2313 1684 Accinctus
2344 1631 2580 1699 potentia
2612 1649 2625 1683 :

213 1714 304 1767 14.
332 1715 392 1767 '0
423 1716 809 1787 συνταράσσων
834 1717 895 1770 τὸ
926 1716 1087 1781 κύτος
1120 1720 1219 1789 τῆς
1252 1720 1549 1791 θαλάσσης,

1535 1760 1549 1785 ,
1762 1786 1792 1791 _
1894 1717 1980 1770 14.
2023 1716 2128 1783 Qui
2163 1719 2459 1773 conturbas
2491 1718 2820 1788 profundum
2860 1719 3064 1781 maris,

212 1808 528 1877 15.”Ηχους
551 1786 809 1879 κυμάτων
838 1811 1009 1881 αὐτῆς
1034 1810 1117 1875 τίς
1157 1786 1554 1882 ϐποστήσεταις

1759 1786 1799 1840 Β
1898 1810 1985 1863 15.
2021 1808 2222 1864 Sonum
2252 1786 2515 1865 ﬂuctuum
2545 1810 2663 1879 ejus
2693 1810 2817 1878 quis
2839 1806 3163 1863 sustinebit?

214 1895 303 1949 16.
340 1898 789 1969 Ταραχθήσονται
825 1901 893 1954 τὰ
929 1901 1077 1973 ἔθνη,
1129 1904 1222 1956 καὶ
1255 1904 1650 1974 φοϐηθήσονται
1679 1908 1727 1960 οί

1900 1901 1987 1956 16.
2020 1901 2411 1957 Turbabuntur
2445 1912 2662 1971 gentes,
2705 1912 2759 1957 et
2799 1901 3067 1957 timebunt
3108 1898 3203 1969 qui
3245 1897 3399 1954 habi-

140 1987 526 2051 κατοικοῦντες
554 1990 620 2044 τὰ
648 1990 857 2061 πέρατα
888 1991 996 2044 ἀπὸ
1022 1992 1130 2044 τῶν
1158 1993 1402 2065 σημείων
1430 2011 1523 2047 σου
1544 2011 1557 2024 θ

1158 1993 1402 2065 σημείων
1430 2011 1523 2047 σου
1544 2011 1557 2024 ο
1828 2003 1944 2048 tant
1974 1994 2235 2048 terminos
2258 2010 2287 2048 a
2314 1994 2484 2063 signis
2517 1994 2625 2047 tuis
2655 2011 2667 2046 :

212 2079 302 2132 17.
352 2080 595 2144 Ἐξόδους
628 2083 860 2153 πρωΐας,
892 2083 986 2137 καὶ
1022 2084 1260 2155 ἑσπέρας
1288 2084 1525 2156 τέρψεις.

1902 2084 1985 2137 17.
2018 2083 2208 2139 Exitus
2235 2085 2504 2147 matutini,
2530 2093 2583 2138 et
2613 2098 2838 2153 vespere
2868 2081 3182 2137 delectabis.

212 2171 303 2225 18.
337 2173 647 2245 Ἐπισκέψω
671 2174 768 2245 τὴν
798 2178 920 2243 γῆν,
957 2177 1051 2229 καὶ
1087 2176 1357 2247 ἐμέθυσας
1385 2178 1553 2249 αὐτήν
1574 2195 1586 2207 ⁶

1574 2195 1586 2207 ·
1904 2176 1989 2229 18.
2030 2175 2278 2231 Visitasti
2305 2185 2528 2241 terram,
2554 2185 2607 2229 et
2636 2175 2915 2229 inehriasti
2941 2190 3059 2229 eam
3089 2192 3103 2227 :

216 2261 307 2315 19.
338 2261 676 2335 Ἐπλήθυνας
708 2263 802 2319 τοῦ
831 2265 1112 2319 πλουτίσαι
1142 2268 1332 2339 αὐτὴν.

1900 2268 1985 2321 19;
2021 2268 2387 2339 Multiplicasti
2418 2268 2745 2339 locupletare
2769 2282 2911 2322 eam.

1277 2444 1651 2500 ATHANASII
1693 2444 2271 2501 INTERPRETATIO.

208 2604 267 2657 2.
307 2603 421 2657 Καὶ
462 2604 520 2655 ἐν
551 2606 617 2675 τῇ
651 2604 795 2675 ψυχῇ
819 2607 885 2676 τῇ
915 2604 1097 2679 ὁρώσῃ
1129 2622 1187 2658 σε
1216 2603 1606 2677 άποδοθήσεταί
1641 2623 1722 2659 σοι

1898 2606 1952 2658 2.
1989 2604 2055 2659 Et
2081 2605 2264 2659 anima
2301 2602 2518 2659 vidente
2562 2612 2614 2660 te
2655 2604 2907 2658 reddetur
2934 2601 3029 2655 tibi
3064 2602 3276 2658 oratio:
3304 2602 3393 2657 Je-

139 2696 295 2767 εὐχή·
323 2695 709 2765 Ἰερουσαλὴμ
726 2697 833 2767 γὰρ
852 2696 1211 2768 ἑρμηνεύεται
1232 2697 1439 2766 ὅρασις
1454 2696 1670 2765 εἰρήνη⁴

1472 2696 1717 2765 ῖὶρήνης.
1830 2698 2055 2752 rusalem
2087 2698 2229 2752 enim
2266 2698 2655 2766 interpretatur
2680 2698 2810 2750 visio
2836 2698 3003 2764 pacis.

215 2790 269 2843 5.
313 2788 648 2843 Είσάκουσον
678 2791 775 2861 τῆς
810 2792 1117 2862 προσευχῆς
1148 2808 1270 2861 μου,
1306 2791 1386 2844 ὅτι
1427 2791 1625 2854 πάντες
1644 2789 1720 2861 τῷ

1899 2789 1953 2842 5.
1976 2788 2183 2842 Exaudi
2210 2788 2515 2843 orationem
2546 2804 2749 2853 meam,
2776 2789 3033 2858 quoniam
3054 2802 3245 2842 omnes
3268 2794 3395 2841 ante

144 2881 351 2951 βήματι
386 2899 479 2934 σου
507 2881 968 2951 παραστησόμεθα
1007 2880 1104 2952 (1).

1093 2924 1104 2936 .
1824 2878 2094 2934 tribunale
2124 2888 2277 2932 tuum
2302 2886 2624 2934 statuemur.

212 2975 267 3027 ά.
298 2972 364 3026 Ἦ
392 2974 579 3045 διδαχὴ
610 2973 703 3026 τοῦ
734 2974 976 3027 διαϐόλου
996 2974 1216 3027 καὶτῶν
1247 2975 1534 3046 ὑπουργῶν
1555 2973 1719 3027 αὑτοῦ

1893 2972 1948 3025 4.
1977 2970 2234 3025 Doctrina
2270 2971 2484 3025 .diaboli
2522 2980 2577 3025 et
2615 2971 2990 3025 ministrorum
3037 2969 3155 3040 ejus
3187 2986 3394 3041 prava-

141 3063 430 3133 κατίσχυεν
459 3062 534 3133 (2)
575 3065 607 3133 ἡ
616 3063 749 3132 μῶν.

1827 3066 1928 3120 luit
1957 3074 2143 3120 contra
2175 3080 2292 3119 nos.

215 3153 345 3207 5.⁹Ο
376 3152 574 3224 Ἀμνὸς
617 3151 711 3205 τοῦ
751 3152 884 3205 Θεοῦ
920 3154 947 3205 6
976 3151 1145 3222 αἴρων
1178 3152 1276 3224 τὴν
1313 3151 1584 3223 ἁμαρτίαν
1629 3151 1722 3204 τοῦ

1629 3151 1722 3204 τοῦ
1902 3155 1955 3210 5.
1986 3156 2173 3225 Agnus
2204 3154 2297 3208 Dei
2324 3154 2418 3223 qui
2454 3153 2591 3209 tollit
2620 3159 2904 3223 peccatum
2940 3151 3153 3207 mundi.

141 3247 371 3316 κόσμου.
1746 3234 1792 3297 C

211 3339 264 3391 ti.
305 3322 589 3407 Μακάριος
634 3335 692 3389 ὃν
741 3336 954 3407 ἐρῤύσω
983 3338 1046 3390 ἐκ
1074 3336 1148 3408 (5)
1179 3336 1285 3389 τῶν
1315 3335 1599 3406 ἁμαρτιῶν
1630 3337 1726 3388 αὑ-

1898 3346 1949 3398 ό.
1981 3345 2178 3399 Beatus
2224 3358 2386 3413 quem
2422 3342 2663 3397 liberasti
2708 3358 2737 3396 a
2766 3341 3001 3412 peccatis
3032 3342 3168 3409 suis,
3208 3352 3261 3397 et
3292 3356 3394 3397 cu-

143 3428 258 3493 τοῦ,
292 3430 386 3481 καὶ
409 3428 680 3496 ἐφύλαξας
707 3430 890 3481 αὐτόν.
1827 3438 2039 3494 stodisti
2071 3453 2217 3491 cum.

216 3520 270 3573 7.
291 3519 382 3571 Ἐν
411 3523 531 3582 ταῖς
557 3520 801 3583 αἰωνίαις
834 3520 1221 3575 ἀναπαύσεσιν.

1092 3537 1221 3575 εσιν.
1902 3532 1951 3585 7.
1987 3530 2043 3582 In
2064 3529 2280 3583 aeternis
2308 3527 2623 3598 refrigeriis.

215 3610 726 3682 8.Ἐμπλησθῶμεν
755 3612 865 3666 τῶν
898 3612 1282 3681 δικαιωμάτων
1316 3610 1409 3663 τοῦ
1448 3611 1575 3664 λαοῦ
1606 3628 1720 3667 σου.

1646 3629 1720 3667 ου.
1895 3621 1947 3673 8.
1978 3617 2821 3690 Replebimurjustilieationibus
2852 3616 3038 3685 populi
3082 3616 3177 3669 tui.

216 3704 273 3757 9.
294 3701 353 3756 Ὀ
378 3702 507 3764 λαὸς
523 3703 549 3753 6
582 3701 852 3754 πιστεύων
874 3703 953 3764 εἰς
971 3702 1048 3765 σέ,
1070 3703 1124 3753 ἐν
1141 3696 1221 3763 οἷς
1243 3702 1405 3764 αὐτὸς
1431 3705 1721 3764 κατοικεῖς.

1719 3745 1721 3751 ›
1897 3710 1949 3763 9.
1982 3709 2220 3777 Populus
2245 3706 2473 3761 credens
2499 3707 2553 3759 in
2586 3716 2657 3769 te,
2687 3706 2740 3757 in
2778 3692 2982 3772 ipso'tu
3017 3703 3250 3757 habitas.

222 3794 306 3847 10.
351 3792 793 3864 Πρόσδεξαιτοὺς
823 3792 1223 3863 ὖμνουςὴμῶν,
1258 3791 1353 3854 οὓς
1386 3809 1466 3844 σοι
1490 3793 1726 3863 προσφέ-

1896 3799 1982 3852 10.
2016 3797 2217 3867 Excipe
2240 3797 2471 3867 hymnos
2494 3803 2733 3860 nostros,
2760 3810 2902 3863 quos
2947 3794 3045 3848 tibi
3090 3793 3387 3851 oll'erimus.

148 3904 333 3961 ευμεν·

222 3981 306 4034 11.
348 3980 469 4032 Τῶν
500 3978 772 4032 Ἰουδαίων
806 3976 1032 4030 καὶτῶν
1068 3975 1237 4029 ἐθνῶν
1272 3974 1508 4030 πάντων.

1448 3991 1508 4030 ιν.
1895 3975 1982 4028 11.
2018 3972 2329 4027 Iudaeorum
2354 3981 2408 4025 et
2438 3970 2682 4025 omnium
2713 3970 2979 4040 gentium.

222 4070 307 4124 1‘2.
349 4068 635 4122 Ταπεινῶν
662 4066 760 4129 τὰς
794 4064 1042 4128 ἐναντίας
1076 4064 1350 4134 δυνάμεις.

1897 4066 1983 4119 12.
2016 4063 2321 4118 Humilians
2346 4061 2649 4117 contrarias
2678 4068 3000 4130 potestates.

219 4163 304 4216 15.
327 4160 653 4231 Ἐρχόμενος
682 4160 740 4211 ἐν
770 4156 1076 4226 δυναστείᾳ.

1898 4155 1985 4208 15.
2014 4152 2250 4209 Veniens
2278 4152 2331 4205 in
2356 4152 2616 4221 potentia.

218 4256 303 4309 14.
332 4255 390 4308 '0
409 4252 709 4324 συντρίϐων
731 4251 791 4305 τὸ
816 4250 982 4322 κέρας
1011 4248 1103 4302 τοῦ
1131 4248 1389 4319 ἄρχοντος
1408 4244 1500 4299 τοῦ
1519 4246 1721 4316 κόσμου

1685 4264 1721 4298 μυ
1890 4244 1979 4301 14.
2008 4244 2304 4300 Conterens
2336 4258 2508 4298 cornu
2530 4241 2791 4313 principis
2814 4241 3004 4296 mundi
3028 4240 3216 4311 hujus.

146 4348 356 4402 τούτου.

220 4440 306 4493 15.
348 4438 459 4501 Τὰς
476 4434 741 4497 ὑποϐολὰς
755 4433 862 4485 τῶν
878 4431 1136 4498 ἐξουσιῶν
1152 4430 1243 4483 τοῦ
1271 4427 1462 4500 ἐχθροῦ
1488 4427 1568 4491 τίς
1590 4429 1721 4481 ὑπο-

1896 4428 1983 4483 15.
2011 4425 2242 4482 Insidias
2262 4434 2589 4497 potestatum
2613 4424 2820 4479 inimici
2847 4423 2971 4492 quis
2996 4421 3320 4477 sustinebit?

193 4534 337 4585 éoat:

148 4550 584 4691 φεῗϐἶὶΕμφοϐα
615 4619 851 4690 ἐντρομα
879 4616 955 4685 (4)
1003 4615 1323 4684 γενήσονται
1364 4611 1432 4664 τὰ
1466 4610 1592 4680 ἐθνη
1615 4612 1679 4664 ἀπ

1896 4606 1982 4661 16.
2014 4604 2238 4660 Timidac
2277 4618 2342 4658 ac
2382 4604 2603 4673 trepidae
2630 4604 2759 4657 [ient
2788 4612 2977 4674 gentes
3016 4601 3087 4656 ob
3119 4600 3387 4656 mirabilia

145 4717 256 4769 τῶν
290 4714 580 4783 θαυμάτων
616 4726 731 4775 σου,
761 4702 835 4762 ὧν
864 4706 1186 4778 ἀκηκόασιν.

903 4706 1186 4778 κηκόασιν.
1824 4708 1915 4754 tua
1940 4714 2061 4770 quae
2088 4698 2431 4752 audiverunt.

222 4808 305 4861 17.
325 4804 414 4858 Ἐν
445 4803 522 4875 τῷ
554 4803 693 4873 φωτί
728 4819 820 4854 σου
847 4799 1135 4867 ἐξαγάγεις
1156 4795 1224 4848 τὰ
1253 4794 1401 4866 ἔθνη,
1446 4794 1540 4847 καὶ
1568 4794 1625 4846 ἐν
1658 4795 1723 4863 τῇ

1898 4792 1985 4847 17.
2014 4790 2069 4843 ln
2100 4790 2219 4843 luce
2261 4798 2353 4841 tua
2381 4785 2571 4841 educ1s
2608 4795 2812 4854 gentes,
2844 4795 2899 4839 et
2946 4786 3002 4839 in
3041 4798 3388 4841 consumma-

149 4898 426 4968 συντελείᾳ
457 4894 550 4949 τοῦ
582 4894 772 4956 αἰῶνος
814 4891 1121 4962 πληρώσεις
1153 4887 1293 4940 αὐτὰ
1321 4886 1680 4955 ἀγαλλιάσετα

1468 4886 1723 4938 λιάσεται.
1830 4884 1977 4937 tione
2016 4881 2199 4936 saeculi
2229 4879 2478 4948 implebis
2505 4894 2598 4934 eas
2622 4878 2999 4933 exsultatione.

220 4990 455 5045 18.Ἐπὶ
506 4988 606 5058 τῆς
653 4986 758 5055 γῆς
794 4982 999 5053 ὤφθης,
1032 4980 1126 5032 κα)¹
1173 4978 1352 5048 πάσης
1392 4975 1728 5047 εὐφροσύνης

1902 4972 1986 5026 18.
2014 4972 2070 5025 ln
2105 4980 2244 5026 terra
2287 4971 2439 5026 visus
2486 4986 2565 5035 es,
2603 4979 2657 5025 et
2683 4970 2834 5024 omni
2884 4970 3068 5025 laetitia
3115 4968 3386 5040 replevisti

146 5083 287 5153 ἐπλή
298 5098 473 5152 ρωσας
495 5080 623 5141 τοὺς
646 5075 741 5129 ἀνθ
752 5073 985 5147 ρώπους.

561 5080 623 5141 ὺς
646 5075 741 5129 ἀνθ
752 5073 985 5147 ρώπους.
1825 5064 2088 5119 homines.

329 5170 668 5243 Ἐπλήθυνας
682 5166 750 5221 τὰ
765 5161 1081 5237 χαρίσματά
1107 5179 1200 5215 σου
1226 5162 1284 5214 ἐν
1308 5162 1375 5230 τῇ
1399 5156 1721 5227 Ἐκκλησίᾳ.

1539 5156 1721 5227 λησίᾳ.
1900 5156 1987 5210 19.
2023 5154 2390 5225 Multiplicasti
2426 5153 2569 5208 dona
2604 5160 2695 5208 tua
2719 5153 2774 5206 in
2806 5151 3065 5210 Ecclesia.

1109 5336 1417 5400 Addenda
1448 5343 1508 5395 et
1547 5333 1918 5411 corrigenda
1955 5350 2027 5392 ex
2064 5333 2202 5392 cod.
2239 5330 2437 5391 Vatic.

226 5474 302 5545 (ί)
321 5471 756 5545 Παριστάμεθα.
772 5468 1035 5545 lnmmarg.
1064 5464 1186 5520 cod.
1201 5463 1317 5516 hate
1346 5462 1717 5545 l’egunntur'eoT

831 5482 1035 5545 __marg.
1064 5464 1186 5520 cod.
1201 5463 1317 5516 ilch
1346 5462 1717 5545 legunntur'fo-
1990 5458 2362 5545 ‘Ea-fto-xuaav.

149 5526 299 5604 dent,
321 5526 654 5606 charactere,
682 5540 773 5593 Ἐν
819 5526 1017 5601 ἄλλοις,
1055 5526 1555 5606 παραστησόμξεθα..
1592 5526 1680 5581 Ha!

611 5559 654 5606 ε,
682 5540 773 5593 Ἐν
819 5526 1017 5601 ἄλλοις,
1055 5526 1555 5606 παραστησόμξεθα..
1592 5526 1717 5581 Ηωο
1990 5528 2142 5606 Ἀπό.

693 5589 929 5665 ϐεὶοῐῖὰίι
956 5589 1306 5679 vetustiitem'
1329 5589 1492 5679 hujus
1542 5599 1683 5679 inter

1892 5589 2115 5679 (4)‘K_att
2166 5597 2401 5679 ἔντρομα
2444 5596 2761 5679 γενήσονται
2802 5592 2869 5679 τά
2907 5589 3295 5679 ,ἔθ’νηηκαὲμέν
3322 5590 3388 5661 τῇ

154 5660 642 5759 ὖῖἑῐὲῖίυῖιῖξίζέῐιί
674 5660 1069 5759 commentarii,
1107 5674 1262 5744 cujus
1295 5660 1476 5742 plures
1501 5669 1684 5725 codice

1824 5660 2101 5739 συντελείᾳ
2130 5668 2223 5721 τοῦ
2250 5660 2771 5736 αἰῶνοςπληρώσῃς
2795 5663 2932 5717 αὑτά
2960 5660 3352 5730 ἀγαλλιάσεως.

155 5749 287 5814 ἱιιεε.
319 5757 517 5813 saeculo
546 5770 598 5808 ix
624 5753 738 5822 jam
762 5749 1065 5806 exstabant.
