3876 6220
199 144 349 201 905
1131 139 1218 195 DE
1255 140 1532 199 TITULIS
1571 140 2026 198 PSALMORUM.
2060 171 2129 179 -—
2168 138 2364 194 PSAL.
2408 138 2569 195 LXV.
3406 141 3513 198 906

323 258 371 311 5.
415 258 505 311 'Ev
530 257 609 330 τῷ
633 257 828 329 πλήθει
856 256 956 328 τῆς
982 256 1264 329 δυνάμεώς
1296 274 1388 309 σου
1425 257 1717 326 ψεύσονται
1766 273 1826 309 σε

2002 256 2055 313 5.
2105 255 2161 309 In
2214 256 2564 311 multitudine
2607 253 2825 310 virtutis
2880 261 2989 310 tua
3032 254 3363 311 mentientur
3408 257 3505 312 tibi

207 352 287 402 οξ.
321 349 501 421 ἐχθροί
534 367 646 403 σου.

1935 346 2139 401 inimici
2170 347 2269 401 tui.

312 439 363 494 6.
393 442 603 512 Πᾶσαή
640 441 713 513 γῆ
746 440 1284 514 προσκυνησάτωσαν
1318 457 1422 504 σοι,
1454 440 1548 493 καὶ
1574 439 1830 509 ψαλάτω-

1695 441 1830 494 isto-
2004 439 2057 492 6.
2093 438 2283 493 Omnis
2309 445 2452 492 terra
2479 438 2668 493 adoret
2716 447 2769 494 te
2792 444 2846 493 et
2870 437 3067 507 psallat
3094 438 3189 493 tibi
3215 456 3226 490 :

219 530 344 585 σάν
368 549 451 585 σοι
476 549 490 564 ·

316 622 367 676 7.
392 622 737 678 Ψαλάτωσαν
770 625 833 695 δὴ
862 624 940 695 τῷ
964 625 1187 695 ὀνόματί
1217 641 1334 689 σου,
1363 624 1614 693 Ὗψιστε.

2005 619 2056 674 7.
2092 619 2368 674 Psalmum
2399 618 2544 673 dicat
2572 619 2783 673 nomini
2814 629 2933 686 tuo,
2965 619 3264 674 Altissime.

313 711 368 766 8.
400 711 589 778 Δεῦτε,
620 714 716 767 καὶ
758 713 893 765 ῐδετε
932 713 1001 765 τὰ
1035 712 1172 784 ἔργα
1205 708 1299 762 τοῦ
1325 709 1461 762 Θεοῦ

1440 709 1461 762 3
2003 713 2059 768 8.
2092 712 2300 778 Venite,
2337 720 2390 767 et
2418 711 2594 767 videte
2623 726 2785 781 opera
2816 711 2913 765 Dei
2958 730 2971 767 :

815 805 1137 874 Διάψαλμα
1174 802 1274 874 (α).

2570 807 2903 878 Diapsalma.

314 894 370 951 9.
405 893 497 959 Ὠς
520 894 750 967 φοϐερὸς
768 898 823 950 ἐν
856 897 1072 968 βουλαῖς
1101 895 1243 965 ὑπὲρ
1274 894 1398 957 τοὺς
1430 896 1579 959 υἱοὺς
1608 896 1716 950 τῶν
1738 897 1831 950 ἀνα-

2002 901 2056 956 9.
2103 901 2279 968 Qnam
2330 900 2587 955 terribilis
2641 901 2695 954 in
2728 900 2975 956 consiliis
3024 915 3189 971 super
3220 899 3359 955 ﬁlios
3411 910 3510 954 n0-

227 980 273 1035 θ
284 981 503 1055 ρώπων.

1934 995 2168 1049 minum.

319 1074 409 1128 10.
448 1074 506 1128 '0
543 1070 932 1146 μεταστρέφων
960 1072 1059 1144 τὴν
1092 1073 1367 1129 θάλασσαν
1395 1079 1472 1140 εἰς
1496 1076 1685 1148 ξηράν·

1566 1078 1685 1148 ράν·
2008 1086 2093 1141 10.
2124 1086 2230 1153 Qui
2265 1085 2538 1140 convertit
2568 1100 2720 1139 mare
2752 1085 2806 1139 in
2838 1085 3045 1140 aridam
3076 1105 3088 1141 :

319 1166 406 1220 11.
456 1167 545 1219 Ἐν
579 1164 809 1235 ποταμῷ
842 1164 1208 1220 διελεύσονται
1243 1165 1384 1218 ποδί.

2011 1177 2097 1229 11.
2128 1175 2182 1229 In
2221 1174 2446 1229 [lumine
2472 1174 2884 1244 pertransibunt
2909 1176 3063 1245 pede.

320 1260 407 1314 12.
453 1260 599 1311 Ἐκεῖ
626 1257 1117 1329 εὐφρανθησόμεθα
1146 1260 1231 1311 ἐπ’
1271 1260 1441 1330 αὐτῷ,

1218 1260 1231 1281 ‘
1271 1260 1441 1330 αὐτῷ,
2005 1268 2091 1323 12.
2117 1266 2191 1321 lbi
2210 1268 2514 1322 laetabimur
2530 1268 2582 1320 in
2605 1266 2746 1337 ipso,

322 1353 412 1407 15.
445 1352 535 1422 Τῷ
561 1349 876 1414 δεσπόζοντι
902 1353 958 1405 ὲν
978 1353 1043 1421 τῇ
1074 1350 1365 1424 δυναστείᾳ
1389 1353 1553 1407 αὑτοῦ
1582 1352 1675 1406 τοῦ
1704 1353 1833 1407 αἰῶ-

2008 1361 2093 1414 15.
2125 1360 2228 1425 Qui
2256 1359 2570 1415 dominatur
2610 1358 2665 1411 in
2695 1358 2896 1412 virtute
2924 1373 3023 1412 sua
3061 1358 3113 1412 in
3150 1366 3456 1413 aeternum:

233 1461 338 1507 νος

326 1535 412 1592 14.
444 1536 505 1587 Οἱ
535 1532 806 1604 ὀφθαλμοὶ
840 1533 1004 1587 αὐτοῦ
1031 1536 1123 1588 ἐπὶ
1158 1535 1226 1589 τὰ
1249 1536 1378 1608 ἔθνη
1402 1537 1793 1610 ἐπιϐλέπουσιν
1813 1556 1828 1569 θ

1697 1556 1793 1592 my
1813 1556 1828 1569 -
2009 1536 2096 1590 11.
2123 1534 2277 1590 Oculi
2310 1537 2429 1605 eius
2466 1550 2633 1605 super
2663 1545 2852 1606 gentes
2889 1536 3189 1605 respiciunt
3215 1553 3228 1589 :

323 1629 410 1685 15.
430 1630 491 1681 Οἱ
510 1626 1043 1698 παραπικραίνοντες
1060 1628 1132 1699 μὴ
1151 1628 1506 1698 ὑψοὺσθωσαν
1527 1632 1583 1683 ὲν
1598 1632 1829 1693 ἑαυτοῖς.

2009 1628 2095 1682 15.
2123 1627 2227 1693 Qui
2260 1639 2587 1697 eanperant
2616 1643 2725 1682 non
2760 1629 3069 1682 exaltenlur
3098 1628 3151 1681 in
3184 1627 3511 1697 semetipsis.

320 1720 407 1774 16.
439 1718 744 1786 Εὑλογεῖτε,
777 1716 926 1786 ἔθνη,
950 1717 1043 1771 τὸν
1076 1717 1208 1771 Θεὸν
1236 1718 1391 1788 ἡμῶν
1412 1737 1424 1748 ·

2007 1717 2094 1771 16.
2137 1717 2466 1783 Benedicite,
2495 1729 2702 1789 gentes,
2735 1718 2907 1773 Deum
2938 1728 3186 1774 nostrum
3216 1738 3228 1773 :

319 1814 409 1867 17.
438 1812 548 1865 Καὶ
574 1809 896 1865 ἀκουτίσατε
910 1809 1010 1880 τὴν
1034 1808 1215 1879 φωνὴν
1236 1812 1335 1880 τῆς
1352 1812 1614 1874 αἰνέσεως
1642 1810 1826 1864 αὐτοῦ.

1728 1810 1826 1863 τοῦ.
2007 1810 2095 1863 17.
2128 1809 2194 1863 Et
2228 1811 2468 1864 auditam
2507 1809 2669 1865 facite
2692 1826 2880 1865 vocem
2914 1811 3090 1865 laudis
3119 1812 3259 1878 ejus.

316 1905 408 1959 18.
441 1902 548 1955 Τοῦ
586 1901 813 1972 θεμένου
838 1901 937 1972 τὴν
965 1900 1144 1970 ψυχήν
1174 1916 1274 1969 μου
1299 1902 1379 1963 εἰς
1412 1898 1581 1971 ζωήν.

2008 1900 2095 1954 18.
2125 1900 2228 1966 Qui
2257 1902 2441 1970 posuit
2466 1902 2707 1955 animam
2740 1917 2918 1955 meam
2947 1902 3016 1956 ad
3040 1902 3209 1955 vitam
3236 1921 3248 1955 :

319 1997 405 2051 19.
435 1995 545 2048 Καὶ
581 1994 654 2065 μὴ
685 1993 864 2055 δόντος
886 1994 963 2057 είς
991 1992 1150 2045 σάλον
1174 1993 1300 2055 τοὺς
1334 1992 1501 2054 πόδας
1535 2009 1655 2062 μου.

2011 1992 2096 2047 19.
2131 1992 2197 2046 Ει
2225 2008 2334 2047 non
2362 1994 2510 2049 dedit
2541 1994 2596 2047 in
2627 1994 3050 2049 commotionem
3083 1994 3246 2064 pedes
3273 2009 3442 2050 meos.

318 2087 410 2143 20.
436 2088 557 2139 Ὅτι
585 2085 911 2155 ἐδοκίμασας
932 2085 1100 2155 ἡμᾶς,
1116 2086 1145 2137 ὁ
1168 2083 1319 2149 Θεὸς,
1347 2084 1636 2155 ὲπύρωσας
1659 2085 1829 2154 ἡμᾶς,

2012 2082 2102 2137 20.
2127 2082 2397 2148 Quoniam
2427 2084 2668 2153 probasti
2693 2098 2816 2147 nos,
2846 2082 3012 2149 Deus,
3040 2085 3163 2157 igne
3188 2084 3512 2139 examinasti

232 2176 323 2243 ὡς
352 2178 619 2249 πυροῦται
650 2177 712 2229 τὸ
747 2176 1033 2248 ἀργύριον.

1940 2188 2061 2243 nos,
2099 2175 2243 2230 sicut
2268 2176 2611 2231 examinatur
2638 2184 2944 2245 argentum.

322 2339 403 2410 (a)
436 2338 618 2393 Codex
650 2336 823 2392 Palat.

1397 2425 1771 2482 ATIIANASII
1806 2426 2385 2484 INTERPRETATIO.

323 2586 379 2642 5.
410 2588 520 2640 Καὶ¹
544 2587 601 2640 ὲν
620 2585 699 2656 τῷ
724 2586 890 2640 πάθει
918 2584 1014 2637 καὶ
1055 2582 1130 2653 (1)
1161 2585 1229 2652 τῇ
1255 2581 1547 2635 ἀναστάσει
1591 2599 1684 2635 σου
1729 2584 1829 2652 ἁρ-

2006 2583 2057 2637 5.
2088 2582 2153 2636 Et
2182 2584 2235 2637 in
2268 2586 2541 2655 passione,
2568 2594 2622 2641 et
2655 2586 2708 2640 in
2762 2587 3163 2644 resurrectione
3206 2599 3298 2643 tua
3347 2601 3513 2660 nega-

238 2679 506 2750 νήσονταί
538 2696 598 2731 σε
630 2679 760 2731 Θεὸν
781 2680 830 2730 οἱ
862 2677 1122 2730 Ἰουδαῖοι.

1050 2679 1122 2729 ὀι.
1937 2676 2072 2729 bunt
2105 2685 2156 2730 te
2192 2677 2359 2732 Deum
2389 2678 2581 2734 Judaei.

319 2771 374 2824 6.
409 2771 489 2823 Τά
518 2770 644 2842 ἔθνη
680 2771 858 2823 πάντα
891 2766 1267 2829 πιστεύσουσι,
1300 2764 1394 2816 καὶ
1439 2763 1722 2829 δοξάσουσί
1748 2781 1829 2819 σε.

2007 2768 2059 2822 6.
2090 2768 2290 2825 Gentes
2315 2787 2505 2827 omnes
2532 2772 2777 2838 credent,
2815 2781 2868 2826 et
2897 2772 3280 2842 gloriﬁcabunt
3304 2784 3372 2828 te.

325 2865 376 2917 7.
425 2865 818 2935 Ἀνυμνήσουσι
852 2863 912 2917 τὸ
943 2859 1354 2934 μεγαλοπρεπὲς
1375 2857 1547 2927 ὄνομά
1573 2874 1666 2909 σου
1696 2858 1795 2927 (‘2).

1696 2858 1795 2927 (‘2).
2012 2860 2061 2913 7.
2094 2859 2421 2916 Laudabunt
2443 2864 2791 2933 magniﬁcum
2827 2878 3024 2917 nomen
3051 2874 3223 2917 tuum.

319 2956 376 3011 8.
404 2957 482 3027 Τῇ
504 2956 701 3028 καρδίᾳ
723 2958 755 3027 ἡ
765 2954 880 3027 μῶν
898 2954 1195 3024 προσέχετε
1218 2950 1295 3021 (ὅ)
1330 2952 1441 3012 τοῖς
1470 2948 1832 3020 δικαιώμασιν

2008 2950 2060 3004 8.
2125 2950 2397 3006 Cordibus
2457 2954 2653 3008 vestris
2722 2953 2980 3007 attendite
3026 2953 3513 3023 justiﬁcationibus

239 3047 439 3104 αὐτοῦ.

1863 3041 1902 3056 “
1934 3041 2074 3112 ejus.

322 3142 376 3196 9.
412 3141 533 3193 Ὅτι
559 3140 594 3210 ἡ
615 3136 801 3208 διδαχὴ
824 3137 920 3208 τῆς
934 3136 1158 3207 χάριτος
1189 3134 1354 3188 αὐτοῦ
1384 3133 1700 3203 ἐνδοξοτέρα
1716 3133 1833 3185 ἐστὶ

2005 3133 2057 3188 9.
2105 3133 2374 3200 Quoniam
2419 3134 2667 3190 doctrina
2706 3137 2895 3206 gratia:
2943 3138 3063 3209 ejus
3105 3137 3391 3209 gloriosior
3429 3148 3514 3193 est

236 3232 348 3305 τῆς
384 3232 577 3302 σοφίας
604 3231 712 3283 τῶν
739 3229 835 3283 ἀνθ
847 3228 1064 3300 ρώπων.

963 3245 1064 3282 των.
1936 3226 2177 3281 humana
2207 3227 2494 3297 sapientia.

322 3323 411 3376 10.
449 3323 506 3375 Ὀ
540 3323 637 3394 τὴν
667 3321 942 3392 ἁμαρτίαν
982 3319 1080 3373 τοῦ
1112 3318 1320 3388 κόσμου
1348 3315 1594 3369 θανατῶν

1577 3333 1594 3369 ν
2006 3318 2094 3372 10.
2122 3318 2226 3385 Qui
2257 3320 2553 3375 mortiﬁcat
2581 3328 2864 3390 peccatum
2898 3319 3108 3373 mundi.

320 3413 410 3465 11.
453 3414 540 3466 Ἐν
569 3415 638 3483 τῇ
670 3412 854 3482 χάριτι
884 3410 977 3464 τοῦ
1014 3410 1169 3479 ἁγίου
1217 3407 1532 3477 Πνεύματος
1577 3404 1834 3476 ζησουσιν

1787 3422 1834 3457 ιν
1958 3474 1963 3481 ἲ
2011 3409 2098 3463 11.
2127 3409 2184 3463 1n
2211 3411 2385 3481 gratia
2418 3411 2594 3467 sancti
2623 3409 2856 3480 Spiritus
2890 3425 3081 3465 secure
3112 3411 3313 3466 vivent.

244 3504 491 3575 ἀφόϐως.

323 3595 413 3650 12.
454 3596 542 3647 Ἐν
562 3596 627 3665 τῇ
646 3593 827 3665 χάριτι
848 3592 920 3664 (4)
939 3591 1032 3645 τοῦ
1063 3590 1348 3663 μέλλοντος
1378 3589 1573 3655 αἰῶνος
1600 3589 1836 3660 εὐφραν-

2007 3590 2178 3645 12.1η
2224 3591 2398 3661 gratia
2440 3594 2656 3647 venturi
2701 3593 2885 3647 saeculi
2917 3592 3223 3648 laatabimnr
3269 3592 3512 3647 videntes

243 3687 528 3759 θησόμεθα
549 3686 784 3757 ὁρῶντες
814 3685 911 3755 τὴν
941 3684 1097 3748 δόξαν
1122 3684 1217 3736 τοῦ
1244 3682 1400 3735 Θεοῦ.

774 3704 784 3738 :
814 3685 911 3755 τὴν
941 3684 1097 3748 δόξαν
1122 3684 1217 3736 τοῦ
1244 3682 1400 3735 Θεοῦ.
1938 3685 2164 3755 gloriam
2196 3684 2305 3738 Dei.

322 3780 409 3834 13.
446 3778 637 3850 Πατὴρ
657 3777 766 3849 γάρ
787 3778 904 3830 ἐστι
935 3775 1030 3828 τοῦ
1069 3775 1355 3846 μέλλοντος
1380 3772 1595 3837 αἰῶνος.

1528 3791 1595 3837 K-
2010 3779 2100 3833 15.
2134 3777 2296 3832 Pater
2320 3778 2466 3832 enim
2497 3787 2581 3833 est
2610 3778 2823 3832 venturi
2854 3779 3059 3834 saeculi.

320 3871 410 3924 14.
436 3872 499 3924 Oi
541 3870 830 3924 ἀπόστολοι
851 3869 945 3923 ἐπὶ
966 3868 1029 3921 τὸ
1065 3869 1327 3939 κήρυγμα
1372 3865 1483 3919 τῶν
1546 3863 1717 3917 ὲθνῶν
1749 3881 1839 3917 πο-

2011 3869 2097 3923 14.
2143 3868 2392 3938 Apostoli
2439 3875 2507 3924 ad
2557 3871 2998 3940 prazdicationem
3051 3869 3291 3939 gentium
3344 3870 3511 3939 proli-

250 3962 526 4036 ρεύονται.

1937 3959 2232 4014 ciscuntur.

325 4056 414 4110 15.
456 4055 513 4108 '0
540 4053 668 4116 λαὸς
694 4052 804 4106 τῶν
840 4050 1130 4118 Ἰουδαίων,
1163 4049 1239 4120 μὴ
1266 4049 1541 4120 καυχᾶσθε
1562 4047 1830 4118 λέγοντες·

2010 4051 2097 4105 15.
2147 4049 2339 4121 Populi
2387 4049 2700 4105 Iudaeorum
2751 4067 2819 4107 ne
2864 4052 3177 4123 'gloriemini
3232 4054 3508 4110 dicenter

246 4147 493 4217 Σπέρμα
535 4144 783 4214 Ἀϐραάμ
807 4144 1014 4213 ἐσμεν.

1939 4143 2125 4197 Semen
2148 4143 2375 4198 Abrahaz
2386 4160 2567 4197 sumus
2586 4144 2653 4199 ⁷⁸.

324 4238 411 4293 16.
438 4239 553 4291 Οὐκ
574 4236 655 4289 ἔτι
681 4236 789 4306 γὰρ
820 4235 995 4305 μόνων
1030 4232 1299 4286 Ἰουδαίων
1332 4233 1360 4285 ό
1387 4231 1539 4293 Θεὸς,
1567 4230 1706 4284 ἀλλά
1738 4229 1834 4283 καὶ

2011 4233 2099 4288 16.
2123 4232 2241 4289 Νοη
2275 4236 2510 4305 amplius
2530 4236 2677 4290 enim
2702 4236 2879 4291 solum
2904 4234 3216 4292 Iudaeorum
3245 4246 3330 4292 est
3345 4236 3508 4303 Deus,

247 4330 442 4385 ἐθνῶν.

1867 4339 1912 4393 ι)
1938 4326 2032 4381 sed
2060 4326 2227 4381 etiam
2259 4328 2499 4398 gentium
2525 4328 2590 4380 ⁷⁷.

324 4423 412 4476 17.
435 4421 545 4476 Καὶ
560 4416 905 4472 ὑπακούσατε
929 4416 1006 4486 τῷ
1022 4416 1340 4489 κηρύγματι
1356 4416 1454 4487 τῆς
1470 4413 1629 4484 δόξης
1645 4411 1835 4467 αὑτοῦ.

1792 4411 1835 4466 5.
2013 4419 2106 4476 17.
2140 4418 2208 4472 Et
2231 4420 2534 4475 auscultate
2560 4417 2929 4491 praedicationi
2959 4417 3146 4487 gloria:
3185 4419 3323 4488 ejus.

320 4514 409 4568 18.
432 4511 539 4566 Τοῦ
566 4510 966 4583 μεταγαγόντος
988 4512 1053 4563 ἐκ
1070 4509 1165 4563 τοῦ
1187 4508 1420 4561 θανάτου
1447 4509 1528 4569 εἰς
1543 4505 1644 4576 τὴν
1667 4504 1833 4577 ζωήν.

1559 4505 1644 4576 τὴν
1667 4504 1833 4577 ζωήν.
2014 4506 2100 4561 18.
2135 4507 2239 4573 Qui
2267 4507 2531 4562 transfert
2553 4524 2580 4559 a
2614 4514 2787 4560 morte
2816 4505 2870 4558 in
2902 4504 3090 4557 vitam.

318 4605 405 4660 19.
436 4606 548 4657 Καὶ
577 4602 651 4674 μὴ
679 4602 941 4666 ἐάσαντός
972 4620 1039 4674 με
1075 4602 1185 4665 ἓως
1225 4600 1411 4662 τέλους
1476 4600 1541 4669 τῇ
1592 4598 1837 4669 ἁμαρτίᾳ

2013 4598 2099 4654 19.
2132 4598 2197 4655 Et
2233 4617 2341 4655 non
2371 4615 2568 4670 passus
2595 4608 2680 4654 est
2724 4613 2812 4652 me
2856 4611 3029 4665 usque
3077 4597 3131 4649 in
3180 4595 3343 4649 linem
3391 4612 3514 4651 cum

252 4694 668 4749 συναπολέσθαι.

1939 4700 2164 4761 peccato
2195 4693 2388 4761 perire.

318 4788 409 4844 20.
450 4788 570 4840 Ὅτι
595 4784 740 4855 εῐδης
766 4780 972 4857 [είδες],
1001 4782 1083 4835 ὅτι
1128 4780 1475 4850 ὑπακούομεν
1502 4779 1532 4857 Δι(
1539 4779 1593 4845 5)
1620 4778 1698 4849 τῷ
1732 4795 1831 4848 κη-

2009 4782 2099 4836 20.
2127 4781 2395 4849 Quoniam
2429 4783 2633 4850 vidisti,
2661 4781 2810 4853 quod
2845 4781 3288 4850 obtemperamus
3322 4780 3517 4850 pracdi-

252 4878 494 4951 ρύγματί
532 4893 661 4931 σου·
692 4854 975 4948 (6)ήπᾶσαν
1014 4871 1356 4943 ἀκαθαρσίαν
1383 4854 1550 4925 οὖσαν
1588 4871 1647 4922 ὲν
1698 4871 1783 4938 ήμ¹

1983 4873 2142 4926 ationi
2198 4881 2344 4929 tuae:
2392 4888 2609 4928 omnem
2656 4872 3081 4938 immunditiam,
3127 4888 3249 4941 quae
3292 4880 3411 4926 erat
3460 4872 3514 4925 in

247 4973 513 5043 ἐποίησας
542 4969 689 5042 ἡμᾶς
712 4965 1031 5020 ἀποθέσθαι.

1940 4963 2120 5022 nobis.
2150 4965 2325 5022 fecisti
2355 4976 2413 5021 ut
2440 4981 2542 5021 nos
2571 4965 2987 5035 deponeremus.

318 5084 368 5115 ⁷⁸
392 5081 551 5139 Joan.
585 5098 704 5146 vm,
735 5081 823 5135 55.
899 5080 945 5111 ⁷⁷
981 5076 1140 5132 Rom.
1174 5093 1258 5143 ιιι,
1281 5076 1372 5131 29.

1207 5212 1513 5277 Addenda
1547 5220 1607 5275 et
1646 5208 2025 5287 corrigenda
2061 5224 2141 5268 ex
2176 5207 2320 5267 cod.
2353 5202 2558 5264 Vatic.

322 5348 401 5418 (ί)
442 5348 529 5401 Ἐν
552 5346 629 5417 τῷ
649 5346 863 5418 πλήθει.
895 5343 1028 5418 καί.-
1238 5410 1263 5418 -
2008 5334 2084 5418 ςέξ)
2109 5332 2511 5418 ἶρτὶῖδηὲιδτι

347 5349 370 5404 1
442 5348 529 5401 Ἐν
552 5348 629 5417 τῷ
649 5348 863 5417 πλήθει,
895 5348 1012 5399 καί.
2008 5348 2084 5406 (5)
2110 5348 2231 5388 “”υτι
2263 5348 2397 5455 ιοτὶς,
2429 5348 2511 5384 οτι
2545 5348 2982 5416 υπακουσομεν.ν
3335 5396 3359 5409 υ

340 5348 401 5491 2i
432 5419 505 5493 Ῑὸ
531 5417 712 5493 ῥνομά
746 5434 838 5469 σου
873 5410 1319 5483 μεγαλοπρεπῶς.
1973 5406 2079 5493 ,(6)
2348 5403 2541 5493 Εἰσαιῖ
2722 5397 2967 5493 11.13%;-
2980 5398 3205 5493 fixura;
3243 5398 3392 5467 ἡμας
3436 5393 3516 5456 εις

340 5423 398 5491 2)
432 5423 505 5473 Τὸ
540 5423 712 5489 ὄνομα
746 5434 838 5469 σου
873 5423 1319 5483 μεγαλοπρεπως.

319 5423 402 5614 ἓξὲξ
431 5486 729 5560 Πρόσθετε.

339 5561 375 5617 4
419 5558 599 5630 Χαρᾷ.

2007 5423 2079 5475 (ο)
2114 5423 2180 5458 1V.
2208 5423 2297 5458 Ζι.
2330 5423 2538 5459 ιιασαν.
2581 5423 2684 5454 etc.
2722 5423 2786 5451 υ.
2831 5423 2919 5455 zz.
2986 5423 3140 5464 ηγαγ

1934 5476 2033 5547 τὴν
2069 5473 2318 5539 σύνταξίν
2345 5489 2459 5526 σου.
2497 5470 2565 5526 N.
2595 5470 2683 5525 23.
2730 5467 3023 5533 Ἠλενὲας,
3045 5478 3149 5522 etc.

569 5651 843 5711 ΡΑτιιοι..
891 5641 1012 5702 Gn.
1086 5640 1249 5700 (XV
1260 5639 1335 5699 11.

3142 5619 3216 5682 29
