3876 6220
478 256 582 314 899
1333 251 1390 308 δ.
1434 222 1995 309 “transsuere.

2266 251 2354 307 lll.
2400 283 2464 292 —
2507 250 2925 306 EXEGETICA.
3650 241 3787 299 900

554 373 638 430 12.
672 371 912 430 Scrutati
950 379 1077 428 sunt
1108 371 1450 439 iniquitatem
1478 389 1492 426 :
2083 425 2085 431 .

2083 378 2131 433 Α
2230 370 2319 424 12.
2348 368 2746 440 Ἑξηρεύνησαν
2777 366 3008 438 ἀνομίαν
3037 382 3049 395 ·

551 467 637 520 15.
680 465 1003 521 Defecerunt
1037 472 1347 520 scrutantes
1377 465 1662 520 scrutinio.

2235 464 2320 517 15.
2348 461 2621 526 Ἐξέλιπον
2648 459 3039 531 ἐξερευνῶντες
3071 457 3464 528 ὲξερευνήσεις.

551 558 638 612 14.
674 558 910 620 Accedet
935 558 1099 611 homo
1120 595 1135 620 ,
1164 534 1233 610 et\
1248 572 1343 611 cor
1378 557 1704 626 profundum
1732 575 1746 611 :

2243 555 2322 610 l4.
2366 554 2792 624 Προσελεύσεται
2825 552 3133 624 ἄνθρωπος,
3165 550 3261 603 καὶ
3286 549 3482 619 καρδία
3525 547 3734 618 βαθεῖα
3754 560 3774 578 ⁹

551 649 638 703 15.
677 649 743 703 Ει
774 648 1102 703 exaltabitur
1133 647 1295 702 Deus.

2235 652 2322 706 15.
2365 652 2475 704 Καὶ
2503 650 2848 721 ὑψωθήσεται
2876 651 2904 702 6
2935 647 3087 710 Θεὸς.

558 738 646 792 16.
682 737 1279 809 δοείιικφειιπνυιοιιυῐη
1313 737 1467 792 factae
1493 745 1620 792 sunt
1642 737 1811 806 plagae
1831 752 2021 791 eorum
2046 756 2057 790 :

2238 743 2323 798 16.
2367 743 2528 806 Βέλος
2556 743 2764 812 νηπίων
2799 740 3137 811 ἐγενήθησαν
3160 740 3215 792 αἱ
3249 736 3456 807 πληγαὶ
3482 734 3668 789 αὐτῶν

551 827 640 883 17.
681 827 747 882 Et
774 828 1058 883 inﬁrmata:
1099 838 1225 882 sunt
1256 838 1448 883 contra
1488 843 1581 882 eos
1617 827 1813 897 lingua:
1845 843 2060 882 eorum.

2250 839 2320 892 l7.
2361 838 2471 890 Καὶ
2494 837 2856 908 ὲξησθένησαν
2882 835 2968 888 ἐπ’
2987 834 3185 897 αὐτοὺς
3209 834 3265 885 αἱ
3285 830 3528 900 γλῶσσαι
3549 829 3781 885 αὐτῶν.

548 919 634 973 18.
669 920 990 974 Conturbati
1045 930 1172 974 sunt
1220 935 1447 982 omnes,
1493 921 1588 988 qui
1625 920 1882 974 videbant
1915 935 2008 975 eos
2046 938 2059 973 :

2236 929 2323 983 18.
2352 928 2764 998 Ἐταρὰχθησαν
2798 927 2998 989 πάντες
3023 926 3073 978 οἱ
3103 923 3436 995 θεωροῦντες
3467 921 3673 986 αὐτούς
3700 938 3718 951 ·

552 1011 640 1065 19.
685 1010 749 1065 Ει
779 1011 957 1065 timuit
990 1012 1171 1066 omnis
1205 1012 1394 1066 homo.

2236 1022 2323 1077 19.
2367 1021 2442 1093 (α)
2478 1021 2589 1075 Kal.
2614 1019 2854 1091 ἐφοϐήθη
2887 1022 2995 1083 πᾶς
3022 1018 3329 1089 ἄνθρωπος.

551 1101 642 1156 20.
680 1102 744 1155 Ει
769 1103 1235 1156 annuntiaverunt
1257 1117 1421 1172 opera
1447 1102 1567 1166 Dei,

2235 1116 2327 1171 20.
2368 1115 2478 1170 Καὶ
2511 1113 2837 1186 ἀνήγγειλαν
2871 1113 2939 1168 τὰ
2969 1112 3106 1182 ἔργα
3131 1112 3227 1166 τοῦ
3261 1110 3420 1175 Θεοῦ,

550 1196 640 1249 21.
678 1194 745 1248 Ει
774 1195 917 1250 facta
945 1197 1062 1266 ejus
1094 1195 1497 1249 intellexerunt.

2234 1211 2327 1264 21.
2367 1210 2478 1263 Καὶ⁵
2507 1208 2576 1262 τὰ
2601 1209 2882 1280 ποιήματα
2913 1205 3078 1259 αὑτοῦ
3110 1205 3374 1274 συνῆκαν.

552 1288 642 1343 22.
677 1287 975 1344 Laetabitur
991 1289 1174 1357 justus
1192 1289 1247 1342 in
1268 1289 1523 1355 Domino,
1548 1295 1602 1343 et
1629 1288 1870 1358 sperabit
1891 1289 1945 1344 in
1963 1303 2062 1345 eo:

2256 1301 2326 1355 12.
2366 1298 2816 1372 Εὑφρανθήσεται
2848 1297 3055 1359 δίκαιος
3084 1297 3142 1348 ὲν
3175 1295 3252 1366 τῷ
3285 1293 3495 1365 Κυρίῳ,
3527 1291 3628 1346 καὶ
3671 1291 3787 1344 ὲ).-

2166 1399 2282 1448 πιεῖ
2312 1395 2400 1447 ἐπ’
2425 1393 2588 1446 αὐτόν
2607 1410 2619 1421 ·

549 1466 640 1522 25.
680 1466 746 1521 Et
774 1468 1141 1522 laudabuntur
1170 1482 1364 1522 omnes
1397 1469 1532 1523 recti
1570 1467 1757 1524 corde.
1837 1511 1842 1516 .

2253 1488 2324 1542 B3.
2367 1487 2476 1540 Καὶ
2493 1483 2942 1554 ὲπαινεθήσονται
2963 1481 3165 1543 πάντες
3179 1480 3229 1532 οἱ
3247 1478 3424 1542 εὐθεῖς
3447 1479 3513 1547 τῇ
3533 1475 3784 1548 καρδίᾳ.

481 1619 548 1675 In
587 1622 767 1690 ﬁnem,
806 1623 1042 1692 psalmus
1076 1622 1271 1675 cantici
1302 1621 1471 1676 David
1510 1640 1528 1676 :
1574 1622 1863 1691 (canticum
1912 1619 2012 1675 Jert

2253 1603 2358 1669 ςτὸ
2391 1601 2584 1668 τέλος,
2608 1596 2851 1668 ψαλμὸς
2875 1593 3032 1663 ᾠδῆς
3064 1593 3146 1659 τῷ
3174 1592 3351 1646 Δαΰίδ
3370 1609 3383 1621 ·
3421 1590 3564 1662 (ᾠδὴ
3593 1591 3784 1692 Ἱερε-

552 1683 673 1764 mia:
701 1683 764 1763 et?
791 1683 1105 1774 Ezechielis,
1131 1710 1193 1761 de
1215 1709 1394 1778 populi
1418 1683 1879 1780 transmigratione
1898 1723 2068 1779 quan-

2253 1699 2374 1752 λίου
2420 1696 2520 1749 καὶ
2568 1690 2838 1759 Ἰεζεκιὴλ
2883 1688 2991 1743 τοῦ
3044 1687 3196 1742 λαοῦ
3247 1685 3357 1754 τῆς
3399 1683 3733 1754 παροικίας
3763 1718 3784 1744 ,

552 1797 620 1850 do
647 1799 937 1868 profecturi
963 1797 1161 1868 erant.)
1206 1794 1409 1850 PSAL.
1450 1795 1584 1850 LXI
1600 1778 1660 1853 γ.
1911 1778 1917 1779 ⁷

2096 1786 2138 1842 Β
2238 1794 2337 1847 ὅτε
2366 1791 2627 1860 ἔμελλον
2655 1781 3132 1853 ἐκπορεύεσθαι.)
3170 1782 3342 1834 ΨΑΛ.
3371 1778 3492 1834 ΞΔ’.

550 1910 602 1964 1.
641 1910 716 1968 Te
745 1911 899 1969 decet
925 1915 1180 1984 hymnus.
1210 1910 1371 1975 Deus,
1410 1910 1464 1964 in
1505 1910 1636 1965 Sion
1665 1929 1678 1964 :

2237 1907 2290 1960 1.
2331 1904 2422 1958 Σοὶ
2449 1904 2646 1975 πρέπει
2680 1900 2868 1972 ὕμνος,
2901 1900 2930 1953 6
2953 1896 3105 1964 Θεὸς,
3135 1897 3191 1949 ὲν
3219 1893 3373 1948 Σιών·

556 2094 630 2167 (α)
668 2093 824 2150 Vers.
857 2095 943 2158 19,
972 2094 1064 2162 20,
1093 2094 1195 2149 sub
1231 2097 1392 2150 unico
1420 2108 1572 2148 num.

1608 2242 1985 2300 ATHANASII
2024 2239 2615 2299 INTERPRETATIO.

555 2427 644 2481 12.
678 2425 734 2482 In
776 2425 1115 2497 philosophia
1165 2423 1415 2494 quaedam
1458 2437 1714 2492 perversa
1756 2423 2059 2493 loquuntur

2250 2419 2423 2472 Ι2.Ὲν
2448 2417 2735 2488 φιλοσοφίᾳ
2757 2417 2864 2470 τινὶ
2884 2415 3294 2488 διεστραμμένα
3313 2413 3534 2469 λαλοῦσι
3564 2415 3642 2486 (1)
3672 2433 3781 2470 κα-

483 2523 672 2571 contra
705 2515 893 2570 Deum.

2166 2511 2238 2566 τὰ
2269 2511 2362 2564 τοῦ
2395 2512 2626 2584 Κυρίου.

554 2607 643 2664 15.
677 2608 964 2664 Perierunt
994 2607 1198 2661 nullam
1227 2616 1532 2674 quaerentes
1557 2605 1863 2661 veritatem.

2246 2607 2333 2660 i3.
2353 2603 2662 2658 Ἀπώλοντο
2695 2601 2984 2674 ζητοῦντες
3013 2601 3167 2656 οὐδὲν
3197 2600 3415 2672 ἀληθές.

557 2701 644 2756 14.
673 2699 864 2756 Veniet
891 2702 958 2755 ad
992 2699 1239 2754 homines
1271 2699 1531 2754 habentes
1560 2698 1790 2768 gratiam
1823 2697 1880 2752 in
1906 2696 2059 2753 Scri-

2250 2701 2328 2754 l/t.
2348 2697 2666 2751 Ἐλεύσεται
2691 2696 2828 2766 πρὸς
2855 2695 2981 2758 τοὺς
3013 2693 3333 2764 ἀνθρώπους
3370 2694 3496 2757 τοὺς
3535 2693 3781 2764 ἔχοντας

493 2793 677 2859 pluris.

2052 2775 2054 2777 1
2091 2829 2133 2887 c
2168 2794 2328 2866 χάριν
2357 2791 2433 2864 (2)
2460 2793 2519 2844 ὲν
2550 2792 2673 2852 ταῖς
2707 2789 2973 2887 Γραφαῖςᾼ.

556 2885 643 2939 15.
673 2883 738 2936 Εῑ
766 2881 1158 2952 glorilicabitur
1180 2881 1324 2936 Deus
1354 2882 1410 2936 in
1444 2882 1599 2952 ipsis.

2097 2877 2133 2887 ν
2248 2886 2332 2940 15.
2373 2885 2484 2938 Καὶ
2516 2882 2909 2951 δοξασθήσεται
2942 2881 2970 2932 6
2998 2879 3130 2942 Θεὸς
3157 2881 3213 2932 ὲν
3245 2879 3428 2940 αὐτοῖς
3458 2877 3559 2949 (5).

558 2973 644 3029 16.
681 2974 852 3028 Verba
880 2973 1025 3027 enim
1057 2989 1245 3028 eorum
1276 2973 1592 3028 existimata
1617 2983 1775 3028 acuta
1809 2988 1952 3038 esse,
1982 2972 2066 3027 in-

2246 2976 2331 3031 16.
2374 2974 2456 3026 Τὰ
2492 2975 2711 3044 ῥήματα
2753 2970 2858 3041 γὰρ
2899 2969 3078 3023 αὐτῶν
3105 2969 3174 3021 τὰ
3201 2969 3528 3039 νομιζόμενα
3561 2970 3777 3039 ἠκονη-

488 3068 642 3122 lirma
673 3066 1026 3121 inveniuntur
1052 3075 1242 3121 contra
1274 3066 1552 3120 hominem
1587 3065 1703 3120 Dei.

2247 3086 2314 3122 va.
2369 3063 2507 3119 εἷναι
2556 3064 2631 3135 (4)
2677 3063 2944 3132 ἀνίσχυρα
2990 3061 3336 3132 εὑρίσκονται
3364 3059 3500 3130 πρὸς
3543 3059 3640 3112 τὸν
3675 3058 3777 3113 τοῦ

2173 3160 2308 3216 Θεοῦ
2341 3158 2646 3229 ἄνθρωπον.

558 3247 649 3302 17.
684 3245 750 3300 Et
781 3245 990 3302 confusi
1017 3256 1145 3302 sunt
1177 3249 1229 3302 in
1262 3249 1512 3304 doctrina
1539 3263 1753 3303 eorum.

2247 3253 2334 3306 17.
2376 3251 2486 3304 Καὶ
2519 3245 2972 3319 κατῃσχύνθησαν
2998 3247 3055 3298 ὲν
3081 3247 3146 3316 τῇ
3172 3243 3490 3315 διδασκαλίᾳ
3523 3243 3739 3298 αὐτῶν.

575 3337 650 3398 :8.
670 3337 1081 3408 Obstupuerunt
1111 3353 1300 3394 omnes
1335 3340 1429 3408 qui
1469 3354 1564 3393 eos
1595 3339 1771 3392 victos
1797 3337 2064 3392 viderunt.

2249 3346 2337 3399 18.
2357 3342 2741 3408 Ἐξενίσθησαν
2776 3339 2974 3402 πάντες
3016 3339 3066 3390 οἱ
3112 3337 3348 3408 ὁρῶντες
3375 3337 3574 3400 αὐτοὺς
3606 3339 3780 3409 ἡττη-

2178 3437 2386 3499 θέντας.

565 3517 652 3581 19,
672 3517 764 3574 20.
799 3516 867 3571 Ει
895 3517 1125 3572 miratus
1147 3526 1230 3571 est
1259 3531 1440 3571 omnis
1469 3531 1652 3580 nomo,
1677 3525 1733 3570 et
1773 3516 1848 3570 ita
1891 3516 2028 3570 dixit
2052 3534 2065 3570 :

2248 3530 2336 3595 19,
2365 3527 2453 3581 20.
2495 3528 2606 3580 Καὶ
2649 3525 2929 3597 ἐθαύμασε
2970 3525 3081 3586 πᾶς
3123 3522 3430 3594 ἄνθρωπος,
3464 3522 3562 3575 καὶ
3617 3519 3777 3576 εἶπεν

491 3609 676 3666 Gratia
708 3610 801 3666 Dei
829 3620 913 3666 est
942 3612 996 3665 in
1030 3611 1254 3666 homine
1294 3611 1388 3665 aui
1415 3611 1706 3666 confundit
1755 3611 2022 3666 haeretica:

2244 3643 2370 3688 τωςο
2400 3625 2574 3694 Χάρις
2594 3623 2686 3674 τοῦ
2714 3622 2851 3675 Θεοῦ
2877 3623 3024 3676 ἐστιν
3061 3622 3116 3674 ὲν
3133 3620 3210 3690 τῷ
3236 3617 3510 3691 ἀνθρώπῳ
3531 3618 3612 3683 τῷ
3638 3637 3774 3673 κατ-

663 3775 666 3778 .
2178 3715 2487 3785 αισχύνοντι
2517 3713 2642 3776 τοὺς
2674 3715 2729 3767 αἱ
2737 3711 3005 3782 ρετικούς.

562 3788 650 3842 21.
678 3787 744 3842 Ει
773 3789 1052 3844 veritatem
1087 3787 1179 3843 Dei
1213 3799 1608 3859 cognoverunt.

2040 3871 2050 3878 _
2247 3808 2336 3861 21.
2380 3808 2489 3861 Καὶ
2519 3807 2618 3878 τὴν
2649 3806 2905 3876 ἀλήθειαν
2933 3804 3026 3857 τοῦ
3057 3803 3194 3856 Θεοῦ
3227 3803 3565 3871 ἐπέγνωσαν.

559 3879 646 3934 22.
680 3879 986 3936 Exsultabit
1009 3883 1292 3952 homorqui
1326 3883 1608 3938 haereticos
1637 3883 1938 3954 superavit.
2040 3871 2050 3886 ’

2247 3902 2338 3956 22.
2359 3871 2779 3971 Ἀγαλλιάσεται
2819 3902 2848 3953 6
2889 3897 3176 3970 ἄνθρωπος
3209 3896 3310 3969 (5),
3343 3899 3371 3951 ὁ
3398 3899 3528 3960 τοὺς
3557 3899 3774 3969 αἱρετι-

2181 3995 2309 4056 κοὺς
2340 3995 2586 4065 νικήσας.

567 4078 655 4132 25.
687 4077 752 4132 Ει
789 4079 1150 4134 laudabuntur
1181 4094 1373 4134 omnes
1420 4080 1514 4150 qui
1546 4092 1690 4138 recte
1725 4084 1971 4156 cOgitant
2004 4083 2072 4140 de

2247 4086 2336 4139 25.
2377 4085 2486 4138 Kal.
2508 4083 2956 4154 ἐπαινεθήσονται
2990 4083 3192 4147 πάντες
3219 4084 3267 4136 οί
3297 4082 3473 4154 ὀρθῶς
3501 4079 3775 4152 φρονοῦν-

496 4169 749 4228 Domino.

2104 4195 2149 4247 ι)
2178 4193 2268 4238 τες
2298 4176 2426 4228 περὶ
2459 4174 2551 4228 τοῦ
2583 4174 2809 4229 Κυοίου.

577 4326 642 4382 Ἦ
672 4330 1003 4402 προκειμένη
1031 4331 1312 4405 ὲπιφραφὴ
1339 4334 1582 4406 περιέχει
1610 4333 1708 4405 (6)·
1742 4339 1848 4402 Εὶς
1884 4336 1952 4390 τὸ
1983 4337 2179 4404 τέλος,
2203 4338 2445 4408 ψαλμὸς
2481 4338 2640 4407 ᾠδῆς
2684 4338 2766 4405 τῷ
2813 4338 3010 4392 Δαϐίὸ.
3047 4338 3218 4391 Τοῦτο
3263 4333 3356 4392 οὖν
3409 4337 3559 4406 λέγει
3579 4355 3592 4367 ο
3624 4339 3768 4410 ὑπὲρ

496 4418 604 4474 τῶν
637 4419 932 4490 μελλόντων
959 4423 1044 4474 ἐπ’
1074 4423 1317 4492 ἐσχάτων
1340 4425 1448 4478 τῶν
1489 4426 1713 4497 ἡμερῶν
1735 4427 1946 4495 γίνεται
1976 4428 2053 4498 (7)
2083 4429 2188 4481 ὑπὸ
2223 4428 2316 4481 τοῦ
2356 4431 2562 4500 Κυρίου
2597 4433 2625 4484 6
2661 4429 2870 4502 ψαλμὸς
2906 4430 3006 4501 τῆς
3034 4429 3175 4501 ᾠδῆς
3207 4429 3412 4501 ταύτης
3440 4429 3659 4500 εἴρηται
3686 4430 3770 4495 τῷ

495 4512 692 4577 Δαϐὶδ,
719 4515 995 4567 τουτέστιν
1023 4515 1103 4580 τῷ
1136 4515 1321 4581 ἱκανῷ
1349 4515 1422 4585 τῇ
1455 4516 1625 4586 χειρὶ,
1655 4519 1713 4580 ὃς
1739 4519 1856 4571 ἐστι
1885 4518 2090 4589 Κύριος
2117 4520 2146 4570 6
2172 4519 2304 4582 Θεὸς
2326 4522 2358 4589 ἡ
2369 4520 2505 4589 μῶν.

575 4625 788 4681 Titulus
816 4628 1138 4697 praepositus
1167 4631 1409 4683 continet
1436 4647 1450 4685 :
1483 4629 1551 4682 In
1578 4630 1757 4698 ﬁnem,
1783 4629 2019 4700 psalmus
2048 4632 2244 4684 cantici
2280 4631 2468 4685 David.
2498 4630 2612 4686 Hoc
2641 4632 2804 4701 igitur
2834 4630 3102 4701 signiﬁcat
3135 4651 3149 4687 :
3176 4649 3274 4703 pro
3318 4634 3385 4688 iis
3427 4647 3549 4703 qua:
3575 4632 3764 4688 futura

500 4733 626 4778 sunt
669 4724 724 4777 in
769 4724 1082 4780 novissimis
1107 4726 1298 4781 diebus
1331 4736 1390 4781 ut
1413 4728 1545 4782 ﬁant
1575 4744 1604 4782 a
1637 4727 1892 4796 Domino,
1920 4729 2164 4800 psalmus
2209 4729 2408 4785 cantici
2444 4729 2609 4799 hujus
2656 4729 2856 4784 dicitur
2903 4727 3097 4792 David,
3132 4727 3236 4781 hoc
3269 4735 3352 4780 est
3398 4742 3558 4780 manu
3607 4727 3764 4796 forti,

500 4822 678 4890 qualis
709 4828 792 4875 est
816 4819 1082 4877 Dominus
1112 4821 1256 4877 Deus
1286 4834 1490 4878 noster.

579 4975 624 5028 1.
656 4975 734 5031 Te
782 4978 934 5034 decet
987 4980 1243 5051 hymnus,
1283 4981 1458 5048 Deus,
1501 4983 1558 5038 in
1609 4983 1775 5040 corde
1821 4984 2065 5040 sitienti:

2253 4987 2305 5040 1.
2346 4987 2436 5038 Σοὶ
2464 4985 2662 5058 πρέπει
2695 4985 2882 5057 ὕμνος,
2907 4989 2936 5040 6
2957 4986 3110 5051 Θεὸς,
3137 4990 3195 5041 ὲν
3224 4984 3759 5060 καρδίᾳδιψώσηβΥ

503 5063 630 5120 Sion
655 5068 802 5122 enim
834 5070 1219 5141 interpretatur
1248 5074 1454 5128 sitiens.

2179 5077 2335 5133 Σιὼν
2360 5078 2470 5151 γὰρ
2496 5078 2858 5151 ἑρμηνεύεται
2881 5077 3140 5147 διψῶσα.

1461 5261 1773 5328 Addenda
1802 5269 1863 5328 et
1895 5265 2276 5345 corrigenda
2305 5283 2384 5326 ex
2418 5267 2562 5328 cod.
2597 5263 2803 5326 Vatic.

691 5424 1054 5508 Ααῇήσορσιγ-
1101 5501 1116 5508 _
1161 5501 1184 5508 _
1223 5501 1244 5508 _
1468 5502 1490 5508 Α
1691 5507 1698 5508 ί
2255 5436 2331 5507 (5)
2353 5437 2670 5508 Ἀνθρωπος
2698 5440 2923 5502 ἐκεῖνος.

690 5492 1064 5620 ,αὐτοὺς
1093 5501 1121 5554 ὁ
1153 5501 1437 5575 ἄνθρωπος
1466 5502 1604 5575 ἔχων
1637 5507 1832 5580 χάριν,⁴
1856 5517 1963 5564 etc.

1686 5507 1832 5580 ίριν,⁴
1856 5517 1963 5564 etc.
2355 5508 2420 5560 'H
2449 5492 2538 5561 δίὰ
2569 5492 2670 5579 τῆξ
2693 5492 3066 5581 κινναΰᾶρεως
3095 5524 3217 5581 περ.

2255 5513 2332 5632 (71
2372 5577 2642 5632 Γίνεσθαι.

577 5578 652 5632 ta)
690 5578 866 5637 Λυτῳ.
1715 5578 1725 5580 “

577 5634 652 5697 ‘4.)
685 5631 875 5703 Εἶναι,
917 5639 1085 5696 deest.

1715 5578 1725 5580 “
2280 5578 2332 5639 7)
2372 5578 2642 5633 Γίνεσθαι.

2254 5578 2332 5718 18)
2371 5648 2589 5717 Atil/(bon
2618 5667 2693 5702 σε.
