3876 6220
169 332 269 388 901
1043 328 1133 384 DE
1175 328 1448 384 TITULIS
1483 327 1928 385 PSALMORRM.
1962 361 2032 372 -—-
2069 328 2233 383 PSAI
2294 327 2477 385 LXIV.
3320 328 3424 385 903

242 444 299 496 ’2.
338 442 449 495 Καὶ
476 441 558 495 σοὶ
582 440 975 513 ἀποδοθήσεται
1008 442 1141 515 εὐχὴ
1175 445 1233 498 ὲν
1268 444 1635 517 Ἰερουσαλήμ.

1777 452 1822 507 Α
1918 445 1971 499 2.
2009 444 2073 498 Ει
2102 446 2196 499 tibi
2223 445 2476 500 reddetur
2500 449 2686 497 votum
2722 441 2779 497 in
2814 442 3179 500 Hierusalem.

242 534 300 588 ὅ.
337 533 670 587 Είσάκουσον
697 533 1007 605 προσευχῆς
1036 552 1157 605 μου,
1185 536 1321 608 πρὸς
1350 537 1410 590 σὲ
1439 537 1590 590 πᾶσα
1614 534 1750 608 σὰρξ

1921 538 1974 591 5.
2014 536 2219 593 Exaudi
2270 538 2573 593 orationem
2624 550 2840 602 meam,
2886 536 2955 593 ad
2996 546 3048 591 te
3087 535 3267 591 omnis
3294 550 3417 591 caro

164 626 311 697 ἡξει.

1848 631 2045 686 veniet.

239 719 293 772 4.
334 719 495 787 Λόγοι
523 719 738 789 ἀνόμων
772 719 1264 791 ὑπερεδυνάμωσαν
1291 723 1457 791 ἡμᾶς.

1917 718 1973 772 4.
2011 718 2186 774 Verba
2218 719 2529 789 iniquorum
2562 720 2960 790 praevaluerunt
2985 734 3150 787 super
3178 734 3279 775 nos
3307 736 3321 773 :

240 810 294 863 5.
335 810 445 862 Καὶ
471 812 589 873 ταῖς
617 809 892 873 ἀσεϐείαις
922 810 1077 881 ἡμῶν
1113 813 1178 865 σὺ
1215 812 1394 885 ἱλάσῃ.

1919 810 1968 863 5.
2006 809 2072 863 Ει
2101 810 2466 879 impietatibus
2492 812 2696 867 nostris
2722 821 2778 865 tu
2803 810 3206 881 propitiaberis.

240 901 293 955 6.
336 902 643 972 Μακάριος,
675 900 733 955 ὃν
760 902 1006 967 ἐξελέξω,
1037 905 1132 957 καὶ
1164 904 1498 975 προσέλαϐου
1518 918 1533 937 '

1918 901 1971 955 6.
2007 901 2225 968 Beatus,
2257 918 2419 972 quem
2452 904 2663 973 elegisti
2688 915 2738 959 et
2763 903 3149 974 assumpsisti:

241 990 293 1042 7.
331 991 760 1060 Κατασκηνώσει
791 994 847 1044 ὲν
879 995 999 1055 ταῖς
1031 992 1222 1056 αὐλαῖς
1257 1011 1371 1047 σου.

1257 1011 1371 1047 σου.
1920 995 1968 1049 7.
2003 996 2329 1051 lnhabitabit
2359 998 2414 1051 in
2446 999 2600 1053 atriis
2627 1000 2757 1054 tuis.

239 1080 296 1134 8.
338 1080 773 1153 Πλησθησόμεθα
797 1084 855 1136 ὲν
879 1086 992 1147 τοῖς
1017 1084 1241 1153 ἀγαθοῖς
1268 1085 1362 1139 τοῦ
1389 1087 1536 1140 οἴκου
1565 1104 1656 1139 σου
1679 1104 1691 1116 ·

1498 1104 1536 1139 μυ
1565 1104 1656 1139 σου
1679 1104 1691 1116 -
1914 1086 1965 1140 8.
2004 1086 2358 1158 Replebimnr
2388 1093 2444 1143 in
2473 1090 2635 1145 bonis
2663 1092 2860 1145 domus
2884 1096 3029 1145 tuae:

237 1171 292 1226 9.
313 1173 501 1239 ’Ἄγιος
534 1175 561 1226 ὁ
587 1174 712 1236 ναός
735 1190 851 1240 σου,
884 1174 1192 1246 θαυμαστὸς
1225 1180 1283 1231 ὲν
1307 1177 1637 1249 δικαιοσύνῃ.

1916 1179 1968 1233 9.
2012 1178 2274 1234 Sanctum
2308 1181 2570 1251 templum
2594 1190 2768 1246 tuum,
2797 1180 3044 1234 mirabile
3067 1179 3121 1233 in
3146 1178 3415 1249 aequitate.

239 1264 327 1318 10.
356 1266 689 1320 Ἐπάκουσον
712 1267 891 1337 ἡμῶν,
921 1268 949 1319 ὁ
977 1268 1109 1332 Θεὸς
1134 1272 1162 1321 ὁ
1188 1270 1377 1342 Σωτὴρ
1404 1270 1583 1341 ἡμῶν,

1569 1311 1583 1335 ,
1919 1272 2005 1327 10.
2046 1272 2250 1327 Exaudi
2278 1289 2411 1340 nos,
2452 1275 2590 1328 Deus
2622 1274 2867 1327 Salvator
2895 1283 3098 1339 noster,

240 1355 299 1408 11
314 1396 326 1407 .
355 1358 418 1409 Ἠ
452 1357 605 1419 ἐλπὶς
633 1357 849 1411 πάντων
869 1357 975 1411 τῶν
998 1359 1251 1431 περάτων
1270 1362 1368 1432 τῆς
1387 1364 1490 1432 γῆς
1521 1361 1616 1415 καὶ
1638 1363 1744 1415 τῶν

1913 1363 1999 1416 11.
2035 1362 2171 1433 Spes
2196 1366 2441 1419 omnium
2472 1366 2660 1419 ﬁnium
2703 1374 2890 1429 terrm,
2927 1374 2979 1419 et
3016 1380 3207 1419 eorum
3242 1362 3333 1432 qui
3359 1361 3416 1415 in

161 1448 222 1499 ὲν
257 1448 497 1519 θαλάσσῃ
528 1451 763 1521 μακράν.

670 1451 763 1504 ιάν.
1846 1452 1983 1505 mari
2022 1452 2201 1519 longe.

237 1539 327 1593 12.
354 1539 685 1611 Ἐτοιμὰζων
718 1541 817 1612 ὄρη
846 1543 904 1594 ὲν
935 1544 1002 1613 τῇ
1034 1543 1176 1613 ἰσχύϊ
1202 1543 1389 1610 αὑτοῦ,

1914 1542 2002 1595 12.
2042 1541 2361 1613 Ρηιξρειιτιηε
2389 1554 2601 1600 montes
2633 1546 2687 1599 in
2720 1546 2919 1601 virtute
2946 1559 3046 1599 sua

232 1630 323 1684 15.
366 1631 810 1701 Περιεζωσμένος
843 1634 900 1685 ὲν
924 1632 1234 1706 δυναστείᾳ.

1111 1632 1234 1706 τείᾳ.
1916 1633 2002 1688 15.
2035 1633 2328 1691 Accinctus
2360 1637 2596 1706 potentia
2628 1655 2642 1690 :

234 1718 323 1772 14.
351 1719 409 1772 Ὀ
439 1720 825 1792 συνταράσσων
850 1722 910 1775 τὸ
942 1722 1103 1786 κύτος
1136 1725 1235 1794 τῆς
1269 1725 1566 1797 θαλάσσης,

1551 1766 1566 1791 ,
1778 1791 1808 1797 _
1910 1723 1997 1777 14.
2039 1723 2144 1789 Qui
2180 1725 2475 1780 conturbas
2507 1724 2836 1795 profundum
2876 1726 3079 1788 maris,

232 1812 324 1867 15.
341 1813 544 1882 Ἤχους
567 1791 826 1885 κυμάτων
855 1816 1026 1887 αὐτῆς
1050 1816 1133 1881 τίς
1173 1791 1570 1888 ύποστήσετάις

1775 1791 1816 1846 Β
1914 1816 2000 1869 15.
2037 1815 2238 1870 Sonum
2268 1791 2530 1871 ﬂuctuum
2560 1817 2679 1886 ejus
2710 1816 2833 1885 quis
2855 1814 3179 1870 sustinebit?

232 1900 321 1954 16.
358 1904 805 1974 Ταραχθήσονται
842 1906 909 1959 τὰ
946 1906 1093 1978 ἔθνη,
1145 1910 1238 1962 καὶ
1271 1910 1666 1980 φοϐηθήσονται
1696 1914 1743 1966 oi

1916 1908 2003 1962 16.
2036 1907 2427 1963 Turbabuntur
2461 1919 2678 1977 gentes,
2721 1919 2774 1963 et
2814 1908 3083 1963 timebunt
3123 1906 3218 1977 qui
3261 1905 3415 1961 habi-

156 1992 542 2056 κατοικοῦντες
570 1995 636 2048 τὰ
664 1995 873 2066 πέρατα
905 1996 1012 2049 ἀπὸ
1039 1997 1147 2050 τῶν
1174 1999 1417 2070 σημείων
1447 2016 1539 2052 σου
1560 2017 1573 2030 '

1174 1999 1417 2070 σημείων
1447 2016 1539 2052 σου
1560 2017 1573 2030 '
1844 2009 1960 2055 tant
1990 2001 2251 2055 terminos
2274 2016 2304 2054 a
2330 2001 2500 2070 signis
2534 2001 2641 2054 tuis
2671 2018 2683 2053 :

229 2084 320 2136 17.
370 2085 611 2149 Ἐξόδους
644 2088 876 2158 πρωῖας,
908 2088 1002 2141 καὶ
1038 2089 1276 2160 ἑσπέρας
1304 2090 1541 2161 τέρψεις.

1917 2090 2000 2143 17.
2033 2090 2224 2146 Exitus
2250 2091 2520 2154 matutini,
2546 2100 2599 2145 et
2629 2105 2854 2159 vespere
2884 2088 3198 2144 delectabis.

229 2175 321 2229 18.
354 2177 663 2250 Ἐπισκέψω
687 2179 784 2251 τὴν
814 2183 936 2249 γῆν,
974 2182 1067 2234 καὶ
1103 2182 1373 2252 ἐμέθυσας
1402 2184 1569 2255 αὐτήν
1590 2200 1602 2213 ο

1590 2200 1602 2213 ·
1920 2182 2005 2236 18.
2046 2182 2293 2237 Visitasti
2320 2191 2544 2247 terram,
2570 2192 2623 2236 et
2651 2182 2932 2236 inebriasti
2957 2196 3075 2236 eam
3105 2198 3119 2234 :

234 2266 324 2319 19.
356 2266 692 2340 Ἐπλήθυνας
724 2269 818 2323 τοῦ
847 2270 1129 2325 πλουτίσαι
1158 2273 1347 2345 αὑτήν.

1915 2274 2001 2327 19;
2037 2274 2403 2345 Multiplicasti
2435 2274 2761 2345 locupletare
2785 2289 2927 2329 eam.

1292 2449 1667 2506 ATHANASII
1708 2449 2287 2507 INTERPRETATIO.

222 2610 285 2662 2.
325 2608 438 2662 Kal.
478 2610 536 2661 ὲν
567 2611 633 2679 τῇ
666 2608 811 2680 ψυχῇ
835 2613 901 2681 τῇ
930 2609 1113 2684 ὁρώσῃ
1145 2627 1203 2663 σε
1231 2609 1621 2682 ἀποδοθήσεταί
1656 2628 1737 2665 σοι

1914 2612 1968 2665 2.
2004 2610 2070 2665 Et
2097 2611 2279 2665 anima
2317 2609 2534 2665 vidente
2577 2618 2629 2666 te
2671 2612 2923 2665 reddetur
2950 2608 3044 2663 tibi
3080 2609 3292 2665 oratio:
3320 2610 3409 2664 Je-

150 2701 311 2771 εύχή·
340 2700 725 2770 Ἰερουσαλὴμ
741 2701 849 2771 γὰρ
867 2702 1226 2773 ἑρμηνεύεται
1248 2702 1455 2771 ὅρασις
1469 2702 1676 2771 εἰρήνη

1487 2702 1732 2771 ῑῐρήνης.
1845 2704 2071 2757 rusalem
2102 2704 2244 2758 enim
2282 2704 2671 2773 interpretatur
2695 2705 2825 2757 visio
2851 2704 3018 2771 pacis.

228 2795 285 2847 5.
329 2793 663 2848 Εξσάκουσον
694 2796 791 2866 τῆς
826 2797 1133 2867 προσευχῆς
1164 2812 1287 2866 μου,
1322 2796 1402 2849 ὅτι
1442 2796 1641 2859 πάντες
1659 2795 1735 2866 τῷ

1915 2795 1968 2848 5.
1991 2794 2199 2848 Exaudi
2226 2794 2531 2849 orationem
2561 2810 2764 2859 meam,
2791 2796 3048 2865 quoniam
3070 2809 3261 2849 omnes
3284 2802 3410 2848 ante

153 2886 367 2956 βήματι
402 2903 494 2939 σου
522 2887 983 2957 παραστησόμεθα
1022 2886 1119 2957 (1).

1108 2929 1119 2941 .
1841 2884 2109 2940 tribunale
2140 2895 2293 2938 tuum
2317 2892 2639 2941 statuemur.

229 2980 283 3031 ἁ.
315 2977 381 3031 Ἦ
408 2979 594 3050 διδαχὴ
625 2978 718 3032 τοῦ
748 2979 991 3033 διαϐόλου
1012 2980 1232 3033 καὶτῶν
1262 2980 1549 3051 ὑπουργῶν
1570 2979 1733 3033 αὑτοῦ

1908 2978 1963 3031 4.
1993 2976 2249 3031 Doctrina
2285 2976 2499 3031 .diaboli
2537 2986 2592 3032 et
2630 2977 3005 3033 ministrorum
3052 2977 3170 3047 ejus
3202 2993 3408 3047 praeva-

150 3067 446 3137 κατίσχυεν
474 3068 550 3138 (2)
590 3069 764 3138 ἡμῶν.

1842 3072 1944 3127 luit
1971 3080 2158 3127 contra
2190 3086 2308 3125 nos.

231 3158 361 3211 5.'O
392 3157 589 3228 Ἀμνὸς
634 3156 727 3210 τοῦ
766 3158 899 3211 Θεοῦ
935 3160 962 3211 ὁ
992 3156 1160 3227 αἴρων
1193 3158 1291 3230 τὴν
1328 3157 1599 3229 ἁμαρτίαν
1644 3157 1737 3210 τοῦ

1644 3157 1737 3210 τοῦ
1917 3161 1971 3217 5.
2001 3162 2188 3231 Agnus
2219 3160 2312 3215 Dei
2339 3160 2433 3230 qui
2469 3160 2606 3215 tollit
2635 3166 2919 3229 peccatum
2955 3158 3168 3215 mundi.

151 3252 387 3321 κόσμου.
1762 3240 1807 3303 C

226 3344 279 3397 6.
320 3328 605 3412 Μακάριος
650 3340 707 3394 ὃν
756 3342 969 3412 ὲρρύσω
998 3344 1061 3395 ἐκ
1089 3342 1163 3414 (5)
1194 3343 1300 3395 τῶν
1330 3342 1614 3412 ἁμαρτιῶν
1645 3343 1741 3395 αύ-

1913 3352 1963 3405 ὁ.
1996 3350 2193 3405 Beatus
2239 3365 2401 3419 quem
2437 3348 2677 3404 liberasti
2723 3365 2752 3403 a
2780 3349 3015 3418 peccatis
3047 3349 3183 3416 suis,
3222 3359 3275 3403 et
3306 3363 3408 3404 cu-

153 3433 274 3497 τοῦ,
308 3435 401 3485 καὶ
425 3433 695 3501 ὲφύλαξας
722 3435 905 3486 αὐτόν.
1842 3444 2054 3500 stodisti
2086 3459 2232 3498 cum.

230 3525 285 3578 7.
307 3523 397 3576 Ἐν
426 3528 546 3587 ταῖς
572 3525 815 3587 αἰωνὶαις
848 3525 1237 3580 ἀναπαύσεσιν.

1107 3543 1237 3580 εσιν.
1916 3538 1966 3592 7.
2002 3536 2058 3589 In
2078 3536 2295 3590 aeternis
2322 3534 2638 3605 refrigeriis.

230 3616 284 3671 8.
303 3615 741 3687 Ἐμπλησθῶμεν
770 3618 880 3671 τῶν
912 3618 1297 3686 δικαιωμάτων
1330 3617 1424 3670 τοῦ
1462 3618 1590 3670 λαοῦ
1621 3635 1735 3673 σου.

1661 3636 1735 3673 ου.
1910 3627 1962 3679 8.
1992 3624 2836 3697 Replebimurjustilicationibus
2867 3623 3052 3692 populi
3096 3623 3192 3677 tui.

232 3708 289 3762 9.
309 3706 369 3761 '0
395 3706 522 3769 λαὸς
538 3707 564 3758 ὁ
598 3706 867 3760 πιστεύων
890 3709 967 3769 είς
987 3707 1062 3771 σὲ,
1084 3709 1139 3759 ὲν
1157 3702 1236 3769 οἷς
1257 3708 1420 3769 αὐτὸς
1446 3711 1735 3770 κατοικεῖς.

1733 3750 1735 3758 ι
1912 3716 1963 3770 9.
1997 3715 2235 3784 Ρορυιυε
2260 3713 2487 3768 credens
2513 3714 2567 3766 in
2600 3723 2672 3777 te,
2701 3712 2755 3764 in
2792 3699 2996 3779 ipso’tu
3032 3711 3264 3764 habitas.

236 3798 321 3852 10.
366 3796 807 3869 Πρόσδεξαιτοὺς
838 3798 1039 3868 ὕμνους
1060 3797 1237 3868 ἡμῶν,
1273 3796 1367 3860 οὓς
1400 3815 1481 3850 σοι
1505 3799 1740 3869 προσφέ-

1910 3805 1997 3858 10.
2030 3804 2231 3873 Excipe
2254 3804 2485 3873 hymnos
2509 3811 2747 3867 nostros,
2774 3817 2917 3871 quos
2960 3802 3059 3856 tibi
3104 3801 3402 3858 otIerimus.

159 3909 349 3966 ροιιεν·

232 3986 321 4039 11.
364 3985 484 4037 Τῶν
516 3983 786 4036 Ἰουδαίων
821 3981 1047 4035 καὶτῶν
1083 3980 1252 4035 ὲθνῶν
1286 3980 1523 4036 πάντων.

1462 3996 1523 4036 ιν.
1910 3981 1996 4034 11.
2032 3979 2344 4034 Judaaorum
2368 3988 2422 4033 ct
2452 3978 2696 4032 omnium
2728 3978 2993 4048 gentium.

234 4075 322 4129 12.
365 4073 651 4127 Ταπεινῶν
678 4071 775 4135 τὰς
808 4069 1056 4133 ἐναντίας
1090 4070 1364 4140 δυνάμεις.

1911 4072 1997 4125 12.
2030 4070 2335 4125 Humilians
2361 4068 2663 4124 contrarias
2692 4076 3014 4138 potestates.

230 4167 319 4221 15.
342 4164 669 4235 Ἐρχόμενος
698 4165 755 4216 ιν
785 4162 1091 4232 δυναστείᾳ.

1912 4161 1999 4214 15.
2029 4158 2264 4216 Veniens
2292 4159 2346 4212 in
2370 4159 2630 4228 potentia.

230 4260 318 4313 M.
347 4260 406 4312 '0
424 4257 723 4329 συντρίϐων
746 4257 805 4310 τὸ
830 4256 997 4327 κέρας
1026 4254 1118 4307 τοῦ
1145 4253 1404 4324 ἄρχοντος
1423 4251 1515 4305 τοῦ
1534 4252 1735 4322 κόσμου

1698 4270 1735 4304 ιυ
1904 4250 1994 4307 14.
2022 4251 2318 4306 Conterens
2351 4265 2521 4305 cornu
2544 4249 2805 4320 principis
2828 4249 3018 4304 mundi
3043 4249 3229 4320 hujus.

156 4352 348 4406 τούτου
359 4393 371 4406 .

232 4444 321 4498 15.
364 4442 474 4505 Τάς
491 4439 756 4502 ὑποϐολὰς
770 4438 877 4491 τῶν
894 4436 1151 4503 ἐξουσιῶν
1166 4435 1257 4489 τοῦ
1285 4433 1476 4506 ἐχθροῦ
1502 4434 1583 4497 τίς
1604 4436 1735 4487 ὑπο-

1910 4433 1996 4489 15.
2024 4431 2255 4489 Insidias
2276 4441 2603 4503 potestatum
2627 4431 2834 4486 inimici
2861 4430 2985 4501 quis
3010 4429 3334 4485 sustinebit?

202 4538 354 4601 έρει;

157 4554 599 4696 φεῗϐῗὶΕμφοϐα
629 4624 865 4696 ἕντρομα
894 4621 969 4691 (lt)
1018 4621 1336 4689 γενήσονται
1377 4616 1445 4670 τὰ
1480 4616 1606 4687 ἔθνη
1629 4618 1688 4670 ἀτ

1910 4612 1995 4667 16.
2027 4611 2252 4666 Timidaa
2291 4625 2356 4665 ac
2395 4610 2617 4679 trepida:
2644 4611 2772 4665 ﬁent
2803 4619 2991 4681 gentes
3030 4609 3099 4663 ob
3132 4608 3400 4664 mirabilia

156 4721 268 4773 τῶν
304 4719 595 4788 θαυμάτων
632 4731 746 4780 σου,
775 4708 849 4768 ὧν
878 4712 1200 4783 ἀκηκόασιν.

917 4712 1200 4783 κηκόασιν.
1838 4714 1929 4760 tua
1954 4721 2075 4775 quae
2102 4705 2445 4759 audiverunt.

233 4812 319 4866 17.
340 4809 429 4863 Ἐν
460 4808 537 4879 τῷ
568 4808 707 4878 φωτί
742 4824 834 4859 σου
861 4804 1149 4871 ὲξαγάγεις
1170 4800 1237 4853 τὰ
1266 4800 1415 4871 ἔθνη,
1460 4800 1554 4852 καὶ
1582 4800 1639 4852 ἐν
1672 4802 1737 4869 τῇ

1911 4797 1999 4853 17.
2028 4796 2083 4850 1η
2114 4797 2234 4850 luce
2275 4806 2367 4849 tua
2394 4792 2584 4848 educrs
2621 4802 2825 4862 gentes,
2857 4803 2912 4847 et
2960 4794 3015 4847 in
3054 4806 3401 4848 consumma-

160 4902 441 4973 συντελείᾳ
472 4900 565 4953 τοῦ
597 4899 787 4961 αἰῶνος
828 4896 1135 4966 πληρώσεις
1167 4893 1307 4946 αὐτὰ
1335 4891 1691 4961 ἀγαλλιάσετα

1481 4892 1738 4944 λιάσεται.
1844 4890 1991 4943 tione
2030 4888 2213 4943 saaculi
2244 4886 2491 4955 implebis
2519 4901 2612 4941 eas
2635 4887 3012 4941 exsultatione.

233 4994 469 5049 18.Ἐπὶ
521 4993 621 5063 τῆς
668 4990 772 5060 γῆς
808 4988 1013 5058 ὤφθης,
1045 4986 1140 5038 καὶ¹
1186 4983 1365 5055 πάσης
1406 4982 1742 5053 εὐφροσύνης

1916 4977 2084 5032 18.1η
2119 4987 2258 5032 terra
2302 4978 2452 5033 visus
2500 4994 2579 5043 cs,
2616 4987 2671 5033 et
2697 4978 2848 5033 omni
2898 4977 3082 5033 laetitia
3128 4974 3400 5048 rcplevisti

158 5086 488 5157 ὲπλήρωσας
509 5084 637 5146 τοὺς
660 5080 755 5134 ἀνθ
766 5078 999 5151 ρώπους.

575 5084 637 5146 ὺς
660 5080 755 5134 ἀνθ
766 5078 999 5151 ρώπους.
1839 5070 2102 5125 homines.

238 5179 324 5233 19.
344 5174 682 5247 Ἐπλήθυνας
697 5171 764 5226 τά
779 5167 1094 5241 χαρίσματά
1121 5184 1213 5220 σου
1240 5168 1298 5219 ὲν
1321 5168 1388 5235 τῇ
1413 5162 1734 5233 Ἐκκλησία.

1547 5162 1734 5233 λησίᾳ.
1913 5162 2001 5217 19.
2036 5160 2404 5231 Multiplicasti
2440 5161 2583 5215 dona
2618 5168 2709 5216 tua
2733 5161 2788 5215 in
2820 5160 3078 5218 Ecclesia.

1122 5342 1429 5405 Addenda
1461 5349 1522 5400 et
1560 5339 1932 5417 corrigenda
1969 5357 2041 5399 ex
2077 5340 2215 5399 cod.
2252 5337 2451 5399 Vatic.

237 5479 315 5549 (1)
334 5473 1049 5549 Παριστάμεθρληῄφπε.
1077 5468 1331 5525 cod.haec
1360 5467 1731 5549 leguntuneo-

844 5487 1049 5549 διιεῖ-ε.
1077 5468 1331 5525 cod.haec
1360 5467 1731 5549 leguntuneo-
2003 5464 2375 5549 βατίσχυσεν.

160 5532 311 5607 ἀείτί
334 5532 668 5610 charactere,
696 5545 786 5598 'Ev
833 5532 1030 5616 ἄλλοις,
1069 5532 1568 5616 παραστησόμεθα..
1605 5532 1691 5616 Ha!

623 5564 668 5610 e,
696 5545 786 5598 Ἐν
833 5532 1030 5616 ἄλλοις,
1069 5532 1568 5616 παραστησόμεθα..
1605 5532 1731 5616 Haec

163 5597 668 5675 Ξῖιῖὲτιιᾜιῖόίέίίό
706 5597 943 5670 dstendit
968 5597 1319 5687 vetustatem'
1342 5597 1505 5687 bujus
1556 5605 1694 5687 inter

1906 5597 2129 5687 (4)‘K'al
2179 5604 2413 5687 ἔντρρμα
2457 5603 2774 5685 γενήσονται
2815 5600 2883 5687 τά
2920 5598 3309 5687 ’ἔθ’νηκκαξ-εν
3335 5597 3401 5668 τῇ

166 5669 655 5762 iFéiéIioiiig'geir
688 5669 1082 5762 commentarii,
1120 5679 1275 5749 cujus
1308 5669 1489 5748 plures
1514 5676 1697 5731 codice

1838 5669 2114 5746 συντελείᾳ
2143 5675 2236 5728 τοῦ
2262 5669 2783 5742 αἰῶνοςπληρώσῃς
2808 5671 2945 5724 αὐτά
2974 5669 3364 5738 ἀγαλλιάσεως.

166 5754 298 5818 ἱιιεε.
333 5762 532 5816 saeculo
560 5774 611 5812 ix
638 5757 750 5826 jam
776 5754 1077 5811 exstabant.
