3876 6220
235 141 361 200 905

1145 135 1233 192 DE
1270 137 1547 195 TITULIS
1586 136 2041 195 PSALMORUM.
2075 167 2143 175 ——
2183 134 2379 190 PSAL.
2424 135 2584 191 LXV.

3421 139 3528 196 906

333 255 387 308 5.
431 255 520 308 Ἐν
547 254 625 327 τῷ
649 254 843 326 πλήθει
872 253 971 325 τῆς
997 253 1278 326 δυνάμεώς
1311 271 1403 307 σου
1440 253 1731 323 ψεύσονται
1781 270 1841 306 σε

2018 254 2070 311 5.
2120 252 2177 307 In
2229 252 2579 308 multitudine
2621 250 2839 307 virtutis
2894 258 3003 307 tua
3046 252 3378 308 mentientur
3423 254 3520 309 tibi

238 350 299 399 οί
331 347 517 419 ἐχθροί
551 364 662 400 σου.

322 436 378 491 6.
410 439 619 509 Πᾶσαή
656 438 729 510 γῆ
762 438 1299 510 προσκυνησάτωσαν
1333 454 1437 501 σοι,
1469 436 1563 490 καὶ
1589 436 1845 505 ψαλὰτω·

247 527 358 582 σάν
385 546 466 582 σοι
492 546 506 561 ·

327 618 384 673 7.
409 618 751 675 Ψαλάτωσαν
784 622 849 692 δὴ
877 621 956 692 τῷ
979 621 1203 692 ὀνόματί
1232 638 1348 686 σου,
1378 621 1629 690 "Td/tate.

327 708 385 763 8.
416 708 603 774 Δεῦτε,
635 710 731 764 καὶ
772 710 908 762 ἴδετε
947 711 1015 762 τὰ
1051 709 1187 780 ἔργα
1220 705 1314 760 τοῦ
1340 706 1476 759 Θεοῦ

830 802 1151 870 Διάψαλμα
1189 799 1288 870 (a).

327 891 387 948 9.
421 890 512 956 Ὧς
535 891 765 964 φοϐερὸς
782 895 838 947 ἐν
870 894 1087 965 βουλαῖς
1116 892 1257 962 ὑπὲρ
1288 891 1413 954 τοὺς
1444 893 1594 956 υίοὺς
1623 892 1731 947 τῶν
1753 894 1846 947 ἀν-

251 977 287 1031 θ
297 978 518 1051 ρώπων.

334 1070 423 1124 10.
463 1071 521 1124 Ὁ
557 1068 947 1142 μεταστρέφων
975 1069 1073 1141 τὴν
1107 1069 1381 1125 θάλασσαν
1410 1076 1487 1136 εἰς
1510 1073 1700 1145 ξηράν

334 1162 420 1216 11.
472 1163 559 1215 Ἐν
594 1160 824 1231 ποταμῷ
856 1160 1222 1217 διελεύσονται
1258 1164 1399 1215 ποδί.

334 1257 422 1311 12.
468 1256 613 1308 Ἐκεῖ
641 1253 1132 1326 εὐφρανθησόμεθα
1160 1257 1246 1308 ἐπ’
1286 1257 1457 1327 αὐτῷ,

337 1350 426 1403 15.
460 1348 551 1418 Τῷ
576 1346 891 1411 δεσπόζοντι
918 1350 973 1401 ἐν
993 1350 1057 1418 τῇ
1089 1347 1380 1421 δυναστείᾳ
1404 1350 1567 1403 αὐτοῦ
1598 1350 1690 1403 τοῦ
1718 1350 1848 1404 αίῶ-

256 1457 354 1504 νος

341 1531 426 1588 14.
460 1533 521 1584 Οί
550 1529 821 1601 ὀφθαλμοὶ
855 1529 1019 1584 αὑτοῦ
1046 1533 1138 1584 ἐπὶ
1173 1532 1241 1586 τὰ
1264 1533 1393 1604 ἔθνη
1417 1534 1808 1605 ἐπιϐλέπουσιν
1828 1553 1842 1566 ο

340 1625 425 1682 15.
446 1627 506 1678 Ol
525 1623 1057 1695 παραπικραίνοντες
1074 1625 1148 1697 μὴ
1166 1625 1521 1695 ὑψούσθωσαν
1542 1629 1598 1680 ἐν
1613 1629 1843 1690 ἑαυτοῖς.
1878 1608 1921 1663 Β

338 1717 422 1771 16.
454 1715 759 1783 Εὐλογεῖτε,
793 1712 941 1783 ἔθνη,
966 1713 1058 1766 τὸν
1091 1714 1223 1767 Θεὸν
1251 1718 1281 1785 ἡ
1291 1714 1406 1785 μῶν
1427 1734 1439 1745 ·

336 1810 424 1863 17.
455 1809 564 1861 Καὶ
589 1806 911 1861 ἀκουτίσατε
926 1805 1025 1877 τὴν
1049 1805 1231 1876 φωνὴν
1251 1808 1350 1877 τῆς
1367 1808 1628 1871 αἰνέσεως
1657 1807 1841 1861 αὑτοῦ.

333 1902 423 1955 18.
458 1899 564 1952 Τοῦ
600 1899 828 1970 θεμένου
853 1897 952 1969 τὴν
980 1896 1159 1967 ψυχήν
1189 1913 1289 1967 μου
1314 1898 1395 1960 είς
1427 1895 1597 1967 ζωήν.

336 1993 421 2048 19.
451 1992 561 2044 Καὶ
597 1991 669 2061 μὴ
700 1990 879 2051 δόντος
902 1991 979 2053 είς
1006 1989 1165 2042 σάλον
1189 1991 1316 2052 τοὺς
1349 1988 1516 2051 πόδας
1549 2006 1670 2059 μου.

335 2083 425 2139 20.
451 2085 573 2137 Ὅτι
600 2082 925 2152 ἐδοκίμασας
947 2082 1115 2151 ἡμᾶς,
1131 2083 1160 2133 ὁ
1183 2080 1334 2146 Θεὸς,
1362 2081 1651 2153 ὲπύρωσας
1674 2082 1845 2151 ἡμᾶς,

257 2173 340 2239 ὡς
370 2175 635 2246 πυροῦται
665 2173 727 2226 τὸ
762 2173 1048 2245 ἀργύριον.

339 2335 417 2406 (α)
452 2335 634 2390 Codex
665 2332 839 2389 Palat.

1949 343 2154 398 inimici
2186 344 2286 398 tui.

2019 435 2073 489 6.
2108 434 2298 490 Omnis
2323 442 2467 489 terra
2494 435 2684 490 adoret
2732 443 2784 490 te
2806 440 2860 490 et
2885 434 3081 504 psallat
3109 435 3204 489 tibi
3230 452 3243 488 :

2020 616 2071 671 7.
2108 615 2383 671 Psalmum
2415 616 2559 671 dicat
2587 616 2798 670 nomini
2828 627 2948 683 tuo,
2979 616 3280 671 Altissime.

2018 710 2074 765 8.
2106 709 2315 776 Venite,
2352 718 2406 764 et
2433 708 2609 763 videte
2638 723 2800 778 Opera
2831 707 2927 763 Dei
2973 727 2986 763 :

2584 804 2919 876 Diapsalma.

2018 898 2071 953 9.
2118 897 2294 965 Quam
2345 897 2601 952 terribilis
2656 898 2709 951 in
2742 897 2990 953 consiliis
3039 912 3204 968 super
3234 896 3375 952 ﬁlios
3426 907 3526 951 no-

1949 992 2184 1045 mitium.

2023 1083 2108 1138 10.
2139 1083 2245 1150 Qui
2281 1082 2552 1137 convertit
2583 1097 2735 1135 mare
2766 1082 2821 1135 in
2853 1082 3060 1137 aridam
3090 1102 3103 1138 :

2026 1174 2112 1226 11.
2143 1172 2197 1226 In
2236 1171 2461 1226 flumine
2487 1171 2899 1242 pertransibunt
2922 1173 3079 1242 pede.

2020 1265 2106 1320 12.
2132 1263 2207 1318 lbi
2224 1265 2528 1319 laetabimur
2544 1264 2597 1317 in
2620 1264 2761 1334 ipso,

2023 1358 2107 1411 15.
2140 1357 2243 1422 Qui
2271 1356 2585 1411 dominatur
2624 1354 2679 1408 in
2710 1355 2910 1409 virtute
2938 1370 3038 1409 sua
3075 1355 3128 1409 in
3165 1364 3472 1410 :etcruum:

2024 1532 2111 1587 14.
2138 1531 2291 1586 Oculi
2326 1534 2444 1601 ejus
2481 1547 2648 1602 super
2678 1542 2866 1602 gentes
2903 1533 3243 1602 respiciunt:

2024 1625 2110 1679 15.
2139 1623 2242 1690 Qui
2274 1635 2602 1693 exasperant
2631 1640 2740 1679 non
2773 1626 3083 1679 exaltentur
3113 1625 3166 1678 in
3198 1625 3526 1694 semetipsis.

2023 1714 2109 1768 16.
2153 1713 2481 1780 Bcnedicite,
2510 1726 2717 1785 gentes,
2749 1715 2920 1770 Deum
2952 1724 3201 1771 nostrum
3230 1735 3244 1770 :

2022 1807 2109 1860 17.
2142 1806 2209 1860 Et
2242 1807 2483 1861 auditam
2522 1805 2684 1862 facite
2706 1823 2895 1862 vocem
2928 1808 3105 1863 laudis
3133 1809 3274 1875 ejus.

2024 1897 2109 1951 18.
2140 1896 2243 1963 Qui
2273 1899 2456 1967 posuit
2481 1899 2722 1952 animam
2754 1914 2932 1953 meam
2962 1899 3031 1953 ad
3055 1900 3223 1953 vitam
3250 1918 3264 1951 :

2025 1989 2111 2043 19.
2145 1988 2211 2043 Ει
2240 2005 2349 2044 non
2377 1991 2525 2045 dedit
2556 1991 2611 2044 in
2642 1991 3065 2047 commotionem
3097 1991 3261 2061 pedes
3287 2006 3457 2046 meos.

2027 2080 2117 2134 20.
2142 2078 2412 2145 Quoniam
2442 2081 2684 2150 probasti
2708 2095 2831 2144 nos,
2861 2080 3026 2147 Deu's,
3055 2082 3177 2153 igne
3203 2081 3528 2136 examinasti

1955 2185 2077 2239 nos,
2113 2172 2258 2227 sicut
2283 2173 2626 2228 examinatur
2653 2181 2959 2243 argentum.

1411 2422 1787 2479 ATHANASII
1822 2423 2400 2481 INTERPRETATIO.

340 2583 395 2639 5.
425 2584 536 2636 Καὶ
560 2583 617 2637 ὲν
636 2582 714 2653 τῷ
738 2582 905 2636 πάθει
933 2582 1029 2634 καὶ
1070 2578 1145 2650 (1)
1176 2582 1243 2649 τῇ
1270 2578 1561 2631 ἀναστάσει
1605 2596 1699 2632 σου
1743 2580 1844 2649 ἁρ-

265 2676 522 2747 νήσονταί
554 2692 614 2727 σε
644 2676 775 2728 Θεὸν
796 2676 845 2727 οἱ
877 2674 1137 2727 Ἰουδαῖοι.

336 2768 389 2820 6.
423 2767 504 2820 Τὰ
533 2766 659 2838 ἔθνη
696 2768 872 2821 πάντα
906 2763 1282 2825 πιστεύσουσι,
1314 2760 1409 2813 καὶ
1454 2759 1737 2826 δοξάσουσί
1762 2778 1844 2816 σε.

341 2861 391 2914 7.
441 2861 832 2932 Ἀνυμνήσουσι
868 2860 927 2913 τὸ
957 2856 1370 2930 μεγαλοπρεπὲς
1390 2853 1563 2924 ὄνομά
1588 2870 1681 2905 σου
1710 2854 1809 2924 (2).

336 2952 391 3007 8.
418 2953 497 3023 Τῇ
520 2953 716 3025 καρδίᾳ
738 2955 770 3024 ἡ
780 2951 894 3023 μῶν
913 2950 1210 3021 προσέχετε
1234 2947 1309 3018 (5)
1346 2949 1456 3008 τοῖς
1485 2945 1847 3016 δικαιώμασιν
1875 2996 1916 3052 C

264 3060 454 3100 αυτου.

339 3138 392 3193 9.
427 3137 548 3189 ’Ότι
574 3136 609 3207 ἡ
630 3133 815 3205 διδαχὴ
838 3134 935 3205 τῆς
949 3132 1173 3203 χάριτος
1204 3130 1370 3185 αὐτοῦ
1399 3129 1715 3200 ἐνδοξοτέρα
1731 3129 1848 3182 ἐστὶ

262 3228 364 3301 τῆς
398 3228 592 3298 σοφίας
620 3227 727 3280 τῶν
755 3225 1079 3297 ἀνθρώπων.

340 3319 427 3373 10.
465 3320 522 3371 '0
555 3320 652 3390 τὴν
681 3318 957 3388 ἁμαρτίαν
996 3316 1095 3369 τοῦ
1126 3315 1335 3384 κόσμου
1363 3312 1609 3366 θανατῶν

338 3410 425 3462 11.
469 3410 554 3462 Ἐν
584 3412 653 3479 τῇ
685 3408 869 3478 χάριτι
898 3407 991 3460 τοῦ
1029 3407 1184 3476 ἁγίου
1232 3403 1547 3474 Πνεύματος
1592 3400 1849 3473 ζησουσιν

266 3501 506 3571 ἀφόϐως.

340 3592 429 3646 12.
469 3593 556 3644 Ἐν
576 3592 643 3661 τῇ
660 3589 842 3661 χάριτι
863 3588 935 3660 (4)
954 3587 1047 3641 τοῦ
1078 3587 1363 3659 μέλλοντος
1393 3587 1588 3651 αἰῶνος
1615 3585 1851 3657 εὐφραν-

265 3684 543 3755 θησόμεθα
564 3683 799 3754 ὁρῶντες
828 3682 925 3752 τὴν
955 3681 1113 3745 δόξαν
1137 3680 1232 3733 τοῦ
1259 3679 1415 3733 Θεοῦ.

339 3776 424 3830 13.
461 3774 652 3846 Πατὴρ
673 3773 781 3845 γάρ
802 3774 919 3826 ἐστι
950 3770 1045 3825 τοῦ
1084 3771 1370 3843 μέλλοντος
1394 3770 1610 3833 αἰῶνος.

337 3867 425 3921 14.
451 3869 514 3920 Οἱ
556 3867 845 3920 ἀπόστολοι
867 3866 959 3919 ἐπὶ
981 3865 1043 3918 τὸ
1080 3865 1341 3935 κήρυγμα
1387 3861 1498 3915 τῶν
1561 3858 1731 3914 ἐθνῶν
1764 3877 1854 3914 πο-

271 3958 541 4033 ρεύονται.

342 4052 430 4107 15.
470 4052 528 4104 '0
556 4049 683 4113 λαὸς
709 4048 819 4101 τῶν
854 4047 1145 4114 Ἰουδαίων,
1178 4045 1253 4117 μὴ
1280 4046 1556 4117 καυχᾶσθε
1577 4044 1844 4114 λέγοντες·

267 4144 509 4213 Σπέρμα
550 4140 797 4211 Ἀϐραάμ
822 4140 1029 4209 ἐσμεν.

340 4235 426 4289 16.
454 4235 567 4288 Οὐκ
589 4232 669 4285 ἔτι
695 4232 805 4302 γὰρ
835 4231 1010 4302 μόνων
1045 4228 1314 4282 Ἰουδαίων
1347 4229 1375 4281 ὁ
1402 4227 1554 4290 Θεὸς,
1582 4226 1721 4281 ἀλλά
1753 4225 1849 4278 καὶ

268 4326 456 4382 ἐθνῶν.

340 4419 427 4473 17.
449 4416 560 4472 Καὶ¹
575 4412 919 4469 ὑπακούσατε
943 4412 1021 4483 τῷ
1037 4413 1355 4486 κηρύγματι
1371 4413 1469 4483 τῆς
1485 4410 1643 4480 δόξης
1660 4408 1849 4464 αὑτοῦ.

337 4510 425 4565 18.
447 4507 553 4562 Τοῦ
581 4507 981 4579 μεταγαγόντος
1003 4508 1068 4559 ὲκ
1085 4506 1180 4559 τοῦ
1203 4504 1435 4558 θανάτου
1462 4505 1543 4565 είς
1558 4502 1658 4573 τὴν
1681 4501 1848 4573 ζωήν.

335 4601 421 4656 19.
451 4602 562 4654 Καὶ
591 4599 665 4670 μὴ
694 4599 956 4663 ὲάσαντός
987 4616 1055 4670 με
1090 4598 1200 4661 ἕως
1240 4596 1426 4658 τέλους
1491 4597 1556 4665 τῇ
1606 4595 1852 4665 ἁμαρτίᾳ

271 4690 683 4746 συναπολέσθαι.

336 4784 425 4841 20.
466 4785 585 4837 Ὅτι
610 4780 755 4853 είδης
781 4777 987 4853 [είδες],
1015 4779 1097 4831 ὅτι
1142 4776 1490 4846 ὑπακούομεν
1516 4776 1547 4855 Γ(
1554 4776 1608 4842 5)
1634 4775 1713 4846 τῷ
1746 4792 1846 4844 κη-

269 4874 509 4947 ρύγματι
547 4891 640 4928 σου
662 4889 675 4903 ·
707 4872 782 4945 (6)
810 4871 990 4923 πᾶσαν
1029 4867 1371 4939 ἀκαθαρσίαν
1397 4864 1565 4921 οὖσαν
1603 4867 1662 4919 ὲν
1713 4867 1845 4934 ἡμῖν

265 4969 527 5039 ἐποίησας
557 4966 705 5038 ἡμᾶς
727 4961 1046 5017 ἀποθέσθαι.

335 5080 383 5111 ’⁸
407 5078 565 5135 Joan.
600 5093 718 5142 vm,
749 5077 838 5131 55.
914 5076 960 5107 ⁷⁷
996 5073 1155 5128 Rom.
1188 5089 1272 5140 ιιι,
1296 5073 1387 5128 29.

2021 2580 2073 2633 5.
2103 2578 2168 2633 Et
2197 2581 2250 2633 in
2283 2583 2556 2651 passione,
2583 2591 2637 2637 et
2670 2583 2723 2637 in
2776 2584 3178 2641 resurrectione
3221 2596 3313 2639 tua
3362 2598 3528 2657 nega-

1951 2672 2087 2726 bunt
2120 2682 2171 2727 te
2207 2674 2374 2729 Deum
2404 2674 2597 2730 Judaei.

2022 2764 2074 2818 6.
2105 2764 2304 2822 Gentes
2330 2784 2520 2824 omnes
2547 2769 2792 2835 credent,
2829 2777 2883 2823 et
2912 2768 3295 2839 gloriﬁcabunt
3319 2780 3387 2825 te.

2026 2857 2076 2911 7.
2109 2856 2436 2913 Laudabunt
2458 2861 2805 2929 magniﬁcum
2842 2876 3039 2914 nomen
3065 2870 3239 2914 tuum.

2023 2947 2075 3000 8.
2140 2947 2412 3003 Cordibus
2472 2950 2668 3005 vestris
2736 2950 2995 3005 attendite
3041 2949 3528 3019 justiﬁcationibus

1949 3038 2090 3109 ejus.

2020 3129 2072 3185 9.
2120 3129 2388 3197 Quoniam
2433 3131 2681 3186 doctrina
2721 3134 2911 3203 gratiae
2958 3134 3077 3206 ejus
3120 3133 3404 3206 gloriosior
3444 3145 3528 3189 est

1951 3222 2191 3277 humana
2221 3223 2510 3293 sapientia.

2021 3315 2109 3369 10.
2136 3314 2240 3382 Qui
2272 3316 2568 3371 mortiﬁcat
2596 3325 2878 3387 peccatum
2914 3315 3124 3370 mundi.

1974 3470 1979 3477 ,
2026 3406 2112 3459 11.
2142 3405 2199 3459 1η
2226 3408 2400 3477 gratia
2433 3406 2609 3463 sancti
2637 3405 2871 3477 Spiritus
2904 3422 3095 3462 secure
3126 3407 3328 3462 vivent.

2022 3586 2192 3641 12.ln
2239 3587 2412 3657 gratia
2455 3590 2671 3643 venturi
2716 3590 2899 3644 saeculi
2931 3588 3237 3644 laetabimur
3283 3589 3526 3644 videntes

1952 3681 2179 3752 gloriam
2211 3681 2320 3735 Dei.

2025 3775 2114 3829 15.
2150 3773 2310 3828 Pater
2335 3774 2480 3829 enim
2512 3784 2595 3830 est
2625 3775 2839 3829 venturi
2869 3776 3074 3830 saeculi.

2026 3865 2112 3920 14.
2157 3865 2405 3935 Apostoli
2454 3871 2522 3920 ad
2572 3867 3012 3936 prmdicationem
3065 3866 3305 3936 gentium
3358 3867 3527 3937 proﬁ-

1952 3956 2248 4011 ciscuntur.

2024 4048 2112 4101 15.
2161 4046 2354 4117 Populi
2402 4045 2714 4101 Judzeorum
2765 4064 2834 4103 ne
2879 4046 3191 4119 'gloriemini
3246 4051 3523 4106 dicenter

1954 4139 2139 4194 Semen
2162 4140 2389 4194 Abralue
2401 4156 2582 4193 sumus
2601 4140 2668 4196 ³⁷⁸.

2025 4230 2114 4285 16.
2137 4229 2256 4285 Νοη
2289 4232 2524 4300 amplius
2545 4233 2691 4286 enim
2716 4233 2894 4287 solum
2918 4231 3231 4288 Iudaeorum
3260 4233 3523 4300 estDeus,

1882 4335 1927 4390 1)
1952 4323 2046 4378 sed
2075 4323 2241 4378 etiam
2274 4325 2513 4393 gentium
2539 4325 2605 4377 ⁷⁷.

2028 4415 2121 4472 17.
2156 4414 2222 4468 Ει
2246 4417 2549 4471 auscultate
2574 4412 2944 4486 praedicationi
2973 4413 3161 4482 gloriae
3199 4415 3338 4485 ejus.

2028 4503 2115 4558 18.
2150 4503 2253 4570 Qui
2281 4503 2546 4559 transfert
2567 4520 2594 4555 a
2628 4511 2802 4556 morte
2831 4501 2884 4554 in
2916 4501 3105 4553 vitam.

2028 4594 2114 4650 19.
2146 4594 2212 4651 Ει
2248 4613 2356 4651 non
2384 4611 2582 4666 passus
2610 4604 2694 4649 est
2738 4609 2826 4648 me
2870 4607 3043 4661 usque
3091 4593 3145 4645 in
3195 4592 3357 4646 ﬁnem
3406 4609 3530 4648 cum

1954 4696 2179 4757 peccato
2210 4689 2405 4757 perire.

2024 4778 2114 4832 20.
2142 4777 2410 4845 Quoniam
2443 4780 2647 4847 vidisti,
2675 4778 2825 4849 quod
2859 4778 3302 4847 obtemperamus
3336 4777 3532 4847 prmdi-

1955 4869 2157 4922 cationi
2213 4877 2359 4925 tuae:
2407 4885 2624 4924 omnem
2671 4869 3095 4934 immunditiam,
3141 4885 3263 4938 quae
3307 4877 3427 4923 erat
3475 4869 3529 4922 in

1954 4960 2135 5019 nobis.
2165 4962 2340 5018 fecisti
2369 4973 2427 5018 ut
2454 4977 2556 5017 nos
2586 4961 3002 5031 deponeremus.

1221 5209 1528 5273 Addenda
1562 5216 1622 5271 et
1661 5204 2041 5283 corrigenda
2075 5221 2156 5264 ex
2191 5204 2335 5263 cod.
2367 5198 2573 5260 Vatic.

337 5344 415 5414 (1)
456 5344 543 5397 Ἐν
566 5342 643 5413 τῷ
664 5343 878 5414 πλήθει,
910 5339 1026 5395 καί.

354 5345 384 5400 1
456 5344 543 5397 Ἐν
566 5344 643 5413 τῷ
664 5344 878 5414 πλήθει,
910 5344 1026 5395 καί.

354 5344 415 5486 2;
447 5415 520 5486 Τὸ
546 5413 726 5486 *δνομά
760 5429 853 5466 σου
889 5407 1334 5479 μεγαλοπρεπῶς.

354 5420 413 5486 2)
447 5420 520 5468 Τὸ
555 5420 726 5485 δνομά

333 5420 417 5613 ri

584 5647 858 5707 ΡΔτιιοι..
906 5637 1027 5698 Gn.
1101 5635 1350 5696 l(XVII.

2022 5331 2098 5403 (5)
2125 5331 2248 5403 ’Ὁτι
2270 5330 2424 5403 16115,
2444 5329 2525 5380 ὅτι
2559 5324 2962 5403 ὑπακοῦσομξν.

2022 5389 2094 5472 (θῇ
2128 5402 2195 5472 Ν.
2222 5389 2556 5472 21.’11ᾶσαν.
2596 5406 2698 5472 etc.
2737 5389 2946 5472 ἕλξει
2976 5394 3219 5461 Ἥγαγες
3257 5393 3406 5463 ἡμᾶς
3451 5389 3531 5452 είς

1949 5464 2047 5543 τὴν
2078 5464 2333 5536 σύνταξίν
2360 5485 2473 5523 σου.
2512 5466 2579 5523 Ν.
2609 5467 2698 5522 25.
2745 5464 3038 5529 Ἠλενὲας,
3060 5474 3165 5518 etc.

3156 5614 3232 5678 29
