3876 6220
353 192 454 248 907
1199 179 1257 234 S.
1300 169 1674 230 ATHA‘NASII
1711 163 1861 225 OPP.
1899 162 2082 221 PARS
2116 160 2206 214 Ill.
2239 190 2310 200 —-
2346 151 2760 212 EXEGETICA.
2905 219 2910 226 Ι
3536 130 3684 190 9θ3

419 305 513 361 21.
539 301 802 360 Ιηαιιιῑειί
832 315 934 356 nos
968 300 1024 353 in
1047 297 1305 368 laqueum
1332 313 1344 349 :

1957 294 2004 344 Α
2100 280 2186 334 21.
2227 277 2302 348 (a)
2331 277 2638 346 Είσήγαγες
2669 271 2819 342 ἡμᾶς
2851 269 2950 370 εἰς.⁹
2966 264 3064 337 τὴν
3093 259 3302 370 ara-Tiso.

421 399 512 454 22.
544 397 784 454 Posuisti
809 394 1190 450 tribulationes
1223 391 1280 445 in
1308 391 1470 445 dorso
1497 394 1686 441 nostro
1712 402 1725 438 :

2102 371 2193 423 22.
2234 367 2398 421 ’Ἑθου
2426 365 2632 434 θλίψεις
2659 363 2752 416 ἐπὶ
2771 361 2863 414 τὸν
2885 359 3054 413 νῶτον
3083 357 3240 425 ἡμῶν
3261 371 3275 382 ·
3370 441 3381 455 ‘
3546 439 3583 452 -

422 492 515 544 25.
546 489 857 560 lmposuisti
890 487 1142 542 homines
1169 499 1332 553 super
1365 481 1543 550 capita
1577 486 1784 532 nostra.

2134 463 2194 515 ιδ.
2233 459 2596 520 Ἐπεὸίὸασας
2621 454 2941 527 ἀνθρώπους
2956 451 3049 504 ἐπὶ
3069 448 3167 511 τὰς
3184 441 3426 513 κεφαλὰς
3445 441 3665 512 ἡμῶν.

428 582 519 636 2i.
558 580 936 636 Transivimus
962 593 1060 648 per
1091 578 1296 646 ignem,
1326 582 1381 628 et
1407 587 1645 643 aquam:

2103 553 2193 606 24.
2228 551 2525 623 Διήλθομεν
2556 549 2644 601 διὰ
2676 547 2848 620 πυρὸς
2876 545 2972 599 καὶ
3001 545 3193 604 ὓδατος
3219 557 3231 570 ·

427 674 516 728 25.
555 673 619 726 Et
641 672 875 726 eduxisti
898 687 999 725 nos
1030 671 1084 724 in
1110 667 1472 739 refrigerium.

2105 645 2196 700 25.
2229 645 2336 698 Καὶ
2364 644 2633 715 ἐξήγαγες
2653 643 2801 713 ἡμᾶς
2824 640 2904 702 είς
2929 635 3234 705 ἀναψυχήν.

430 764 522 820 26.
547 763 791 818 Introibo
816 764 872 817 in
903 763 1126 818 domum
1155 732 1307 817 tuam
1333 761 1388 814 in
1413 758 1748 813 holocaustis
1775 771 1788 807 :

2132 737 2192 790 ιϐ.
2235 735 2628 806 Είσελεύσομαι
2655 736 2735 798 εἰς
2769 732 2862 786 τὸν
2896 732 3045 783 οἶκόν
3077 745 3168 780 σου
3211 732 3270 777 ἐν
3317 732 3663 777 ὁλοκαυτω-

2043 847 2207 901 μασιν
2223 845 2241 864 ⁸

426 937 516 992 27.
550 937 794 993 Reddam
821 936 916 992 tibi
949 946 1074 991 vota
1103 950 1246 1002 mea,
1276 949 1398 1004 quae
1442 932 1814 988 distinxerunt
1858 927 1937 981 la-

2132 925 2200 977 l7.
2241 920 2529 974 Ἀποδώσω
2563 936 2644 973 σοι
2667 917 2766 981 τὰς
2799 916 2964 986 εὐχάς
2995 932 3119 985 μου,
3143 912 3209 976 ἃς
3243 910 3510 965 διέστειλε
3571 909 3663 960 τὰ

358 1029 446 1085 bia
473 1044 621 1084 mea:
1379 1055 1388 1062 -

1379 1055 1388 1062 -
2040 1016 2192 1089 χείλη
2221 1032 2319 1086 μου
2340 1031 2354 1044 ·

429 1120 519 1174 28.
574 1119 640 1176 Et
690 1120 936 1174 locutum
986 1125 1070 1171 est
1128 1129 1191 1170 os
1237 1126 1418 1167 meum
1468 1111 1522 1164 in
1580 1106 1938 1162 tribulatione

2113 1107 2203 1161 28.
2235 1106 2346 1159 Καὶ
2378 1103 2606 1173 ὲλάλησε
2632 1098 2693 1151 τὸ
2724 1098 2899 1167 στόμα
2929 1113 3032 1167 μου
3068 1097 3124 1148 ὲν
3151 1099 3220 1165 τῆ
3253 1095 3435 1164 θλίψει
3469 1111 3605 1163 μου.

359 1229 503 1270 mea.

428 1305 519 1359 29.
564 1302 896 1357 Holocausta
929 1295 1223 1353 medullata
1273 1294 1497 1350 offeram
1550 1293 1647 1348 tibi
1683 1309 1806 1348 cum
1854 1293 1940 1346 in-

2130 1284 2198 1338 l9.
2241 1281 2700 1352 Ὀλοκαυτώματα
2730 1279 3125 1351 μεμυελωμένα
3156 1279 3357 1332 ἁνοίσω
3381 1295 3466 1330 σοι
3496 1276 3661 1347 μετὰ

361 1412 529 1455 censo
560 1405 613 1450 et
644 1393 906 1448 arietibus
932 1409 944 1444 :

2046 1378 2120 1448 (b)
2148 1379 2490 1448 θυμιάματος
2519 1376 2613 1428 καὶ
2647 1373 2853 1446 κριῶν·

431 1480 520 1535 50.
554 1478 789 1534 Oﬂ‘eram
825 1476 920 1530 tibi
954 1476 1120 1529 boves
1147 1488 1272 1528 cum
1310 1471 1502 1526 hircis.

2108 1468 2197 1522 50.
2232 1469 2457 1520 Ἀνοίσω
2487 1485 2568 1519 σοι
2598 1465 2727 1536 βόας
2764 1465 2902 1537 μετὰ
2934 1463 3202 1534 χιμάρων.

363 1580 368 1592 '
437 1576 526 1628 51.
559 1572 770 1634 Venite,
806 1570 1014 1634 audite,
1041 1576 1096 1623 et
1126 1566 1361 1620 narrabo
1389 1564 1568 1630 vobis,
1603 1570 1800 1617 omnes
1844 1577 1894 1612 σι

2124 1562 2199 1615 51.
2234 1561 2419 1625 Δεῦτε,
2447 1559 2742 1623 ἀκούσατε,
2771 1560 2864 1613 καὶ
2886 1558 3218 1630 διηγήσομαι
3247 1556 3400 1625 ὑμῖν,
3432 1565 3655 1616 πάντες

363 1666 567 1723 timetis
596 1667 787 1718 Deum.

1977 1650 2021 1708 Β
2046 1657 2100 1708 οἱ
2129 1656 2451 1726 φοϐούμενοι
2483 1655 2576 1709 τὸν
2609 1657 2761 1710 Θεόν.

990 1775 1328 1844 Dtapsa.ma.

2654 1772 2995 1841 Διάψαλμα.

432 1892 522 1946 52.
557 1891 771 1957 Quanta
799 1887 927 1943 fecit
949 1886 1144 1940 anima:
1166 1901 1318 1939 meae.

2117 1886 2207 1941 52.
2241 1885 2381 1937 ’Ὀσα
2414 1885 2638 1956 ἐποίησε
2664 1889 2732 1957 τῇ
2760 1885 2904 1958 ψυχῇ
2944 1903 3065 1957 μου.

430 1977 524 2031 55.
552 1976 633 2030 Ad
665 1975 970 2044 ipsumore
1005 1987 1128 2026 meo
1151 1972 1424 2026 clamavr:

2117 1978 2204 2032 55.
2241 1977 2386 2048 Πρὸς
2409 1977 2572 2030 αὐτὸν
2601 1976 2677 2047 τῷ
2707 1978 2936 2048 στόματί
2974 1995 3074 2048 μου
3102 1973 3397 2047 ἐκέκραξα·

436 2068 528 2122 54.
556 2066 621 2122 Et
654 2065 886 2120 exaltari
918 2064 1021 2118 sub
1055 2064 1239 2134 lingua
1274 2079 1396 2117 mea
1425 2081 1438 2116 :

2121 2069 2207 2122 54.
2235 2069 2344 2121 Καὶ
2374 2067 2564 2138 ὕψωσα
2597 2068 2702 2121 ὑπὸ
2729 2069 2827 2140 τὴν
2852 2068 3105 2137 γλῶσσάν
3142 2085 3262 2138 μου.

440 2159 530 2214 55.
568 2158 914 2228 lniquitatem
946 2156 996 2211 si
1024 2156 1216 2226 aspexi
1244 2156 1301 2210 in
1345 2155 1508 2211 corde
1536 2172 1680 2221 meo,
1713 2172 1820 2212 non
1854 2171 1948 2208 ex-

2125 2160 2216 2214 55.
2250 2159 2489 2214 Ἀδικίαν
2541 2162 2590 2212 εί
2621 2160 2888 2216 ὲθεὼοουν
2925 2162 2984 2216 ὲν
3023 2160 3222 2232 καρδίᾳ
3254 2176 3380 2230 μου,
3420 2158 3499 2230 μὴ
3531 2159 3652 2212 είς-

368 2253 553 2308 audiat
587 2265 674 2306 me
705 2248 990 2304 Dominus.

2055 2255 2343 2305 ακουσάτω
2375 2269 2477 2323 μου
2499 2252 2723 2324 Κύριος.

460 2457 517 2527 ο)
545 2454 697 2527 Ycrs.
730 2454 820 2527 2i.
866 2453 1208 2527 ’Enupmcag,
1241 2459 1347 2527 etc.
1377 2453 1415 2527 jf
1573 2450 1896 2519 Εὶσήγαγες,
1938 2459 1991 2506 et

1046 2468 1208 2527 mag,
1241 2459 1347 2527 etc.
1377 2453 1415 2527 jﬁ
1573 2450 1896 2519 Εὶσήγαγες,
1938 2459 2044 2506 etc.
2069 2451 2101 2521 ᾖ
2127 2452 2215 2506 25.
2249 2449 2436 2516 Ἐθου,
2476 2462 2577 2510 εις,

461 2521 514 2599 b)
547 2525 816 2597 Vers._50.
844 2521 1021 2590 Me'ca't,
1047 2533 1151 2578 etc.
1185 2524 1214 2584 ᾖ
1248 2522 1338 2575 51.
1377 2521 1620 2585 ’Λνοίσω,
1652 2533 1754 2574 etc.

1498 2709 1879 2766 ATHANASII
1920 2713 2494 2776 ΙΝΤΕΒΡΒΕΤΑΤΙΟ

445 2913 533 2969 21.
555 2912 822 2971 lnduxisti
844 2930 944 2972 nos
977 2915 1033 2970 in
1063 2915 1429 2985 cognitionem
1463 2924 1637 2973 tuam.

2132 2901 2220 2954 2i.
2258 2902 2568 2974 Είσήγαγες
2589 2904 2736 2975 ἡμᾶς
2765 2923 2844 2971 εις
2870 2921 2970 2979 την
2996 2925 3210 2964 συνεσιν
3240 2928 3345 2966 σου.

443 3007 534 3062 22.
562 3007 908 3079 Redarguisti
935 3008 1251 3078 iniquitates
1278 3019 1520 3074 nostras,
1551 3018 1605 3064 et
1651 3008 1956 3065 humiliasti

443 3115 496 3154 is.

2135 2990 2221 3098 22.
2255 2994 2526 3062 Ἢλεγξας
2554 2992 2712 3067 μῶν
2735 3000 2834 3062 τὰς
2855 3001 3109 3071 ἀνομίας,
3147 3004 3241 3057 καὶ
3270 3006 3657 3075 ἐταπείνωσας

2126 3101 2234 3146 ιας.

374 3114 496 3155 llOS.

2061 3100 2233 3154 ημαςο

441 3190 536 3245 25.
565 3187 906 3244 Constituisti
935 3187 1093 3242 nobis
1120 3188 1290 3244 duces
1317 3198 1538 3244 sanctos
1567 3197 1710 3246 tuos.

1985 3227 2028 3283 Ο
2248 3179 2605 3283 ἰξατέστηλσας
2626 3185 2749 3246 τοὺς
2779 3183 2967 3251 ἁγίους
3006 3203 3102 3238 σου
3142 3188 3396 3257 ἡγεῖσθαι
3427 3193 3619 3262 ἡμῶν.

442 3280 537 3334 24.
566 3279 670 3334 Per
701 3279 1034 3347 baptismum
1069 3287 1248 3334 tuum.

2060 3279 2106 3339 5;,-
2131 3268 2221 3322 24.
2253 3269 2354 3323 Διὰ
2371 3271 2464 3324 τοῦ
2491 3271 2865 3346 βαπτίσματος
2903 3294 3018 3334 σου.

444 3372 537 3425 25.
566 3371 632 3425 Ει
660 3369 864 3425 duxisti
893 3385 993 3425 nos
1015 3370 1274 3426 liberatos
1302 3385 1334 3424 a
1370 3371 1609 3426 neccatis
1649 3373 1856 3429 nostris
1901 3374 1959 3430 in

2131 3360 2224 3416 25.
2256 3363 2367 3415 Kal.
2433 3365 2484 3434 1)
2526 3367 2606 3429 είς
2651 3368 2958 3423 ἀνάπαυσιν
2993 3372 3201 3442 ἤγαγες
3247 3376 3394 3445 ἡμᾶς
3437 3376 3661 3449 λυτρω-

372 3462 747 3531 Temgerium.
2061 3450 2252 3516 θέντας
2283 3453 2389 3506 τῶν
2423 3455 2705 3527 ἁμαρτιῶν
2734 3459 2914 3530 ἡμῶν.

448 3555 538 3608 26.
581 3553 955 3625 lngrediemur
981 3571 1037 3609 in
1062 3569 1357 3626 supernam
1388 3553 1694 3611 Jerusalem
1724 3556 1960 3626 perfecte

2128 3544 2216 3600 26.
2244 3545 2681 3614 Είσελευσόμεθα
2711 3551 2789 3614 εἰς
2819 3552 2917 3621 τὴν
2945 3553 3058 3608 ἄνω
3094 3556 3450 3628 Ἰερουσαλὴμ
3478 3577 3659 3615 κεκαι

378 3645 680 3700 emundati.

2063 3639 2383 3710 θαρισμένοι
2411 3640 2672 3705 όλοτελῶς
2698 3643 2797 3712 (2).

448 3735 802 3808 27.1mplcbo
829 3749 952 3806 quae
973 3735 1202 3805 promisi
1235 3736 1333 3792 tibi
1365 3737 1422 3792 in
1448 3737 1741 3808 baptismo.

2135 3731 2226 3784 27.
2258 3731 2544 3804 Πληρώσω
2567 3733 2604 3788 ἃ
2631 3737 3049 3809 ἐπηγγειλάμην
3085 3756 3167 3794 σοι
3195 3741 3282 3794 διὰ
3315 3744 3410 3796 τοῦ
3454 3744 3663 3814 βαπτι-

2068 3838 2293 3893 σματος.

454 3919 543 3973 28.
575 3919 642 3974 Ει
665 3919 719 3974 in
748 3936 869 3991 quae
890 3920 1121 3975 conveni
1145 3920 1324 3975 adhuc
1353 3920 1693 3976 exsistcnsin
1718 3928 1962 3989 peccato.

1918 3933 1962 3972 ί).
2135 3916 2225 3970 28.
2262 3917 2372 3970 Kal.
2404 3917 2440 3972 ἃ
2462 3912 2765 3992 συνεθέμην
2796 3920 2877 3974 ἔτι
2898 3920 2975 3975 ὢν
3005 3925 3062 3976 ὲν
3087 3927 3152 3994 τῇ
3186 3926 3449 3996 ἁμαρτίᾳ.

453 4012 545 4067 29.
589 4011 785 4067 Totum
835 4013 1102 4081 meipsum
1168 4013 1436 4068 adducam
1503 4013 1596 4066 tibi
1653 4027 1779 4066 cum
1837 4026 1964 4064 ora-

2137 4008 2227 4062 29.
2268 4010 2427 4063 ’Όλον
2457 4011 2694 4081 ἐμαυτὸν
2730 4014 3068 4083 προσαγάγω
3097 4033 3179 4068 σοι
3226 4017 3362 4086 μετὰ
3391 4019 3465 4087 (5)
3494 4038 3663 4090 προσ-

386 4104 553 4171 tione,
581 4112 635 4158 et
672 4104 926 4173 operibus
950 4102 1179 4174 justitiae
1216 4104 1691 4174 progredientibus
1735 4112 1862 4157 ante
1890 4110 1917 4155 ιι

2135 4101 2235 4172 χῆς
2250 4103 2470 4157 καὶτῶν
2498 4103 2674 4175 ἔργων
2703 4105 2800 4176 τῆς
2821 4106 3168 4179 δικαιοσύνης
3189 4109 3294 4162 τῶν
3316 4127 3663 4181 προπορευο-

2072 4194 2248 4264 μὲνων
2280 4194 2589 4265 ἔμπροσθέν
2619 4213 2734 4248 σου.

459 4290 549 4345 50.
595 4290 836 4347 Membra
885 4306 1028 4359 mea,
1072 4301 1126 4346 et
1175 4293 1415 4346 animam
1468 4305 1644 4344 meam
1705 4288 1969 4343 dedicabo

2139 4285 2228 4340 50.
2268 4287 2348 4339 Τὰ
2381 4287 2514 4358 μέλη
2549 4306 2671 4358 μου,
2693 4290 2786 4342 καὶ
2811 4291 2909 4357 τὴν
2931 4291 3106 4362 ψυχήν
3138 4311 3238 4364 μου
3257 4294 3546 4366 ἁνάθωμαέ
3575 4313 3657 4351 σοι

389 4383 510 4437 tibi.
1681 4427 1687 4431 .

1681 4427 1687 4431 .
2071 4377 2441 4449 [ἁναθήσομαί
2469 4379 2595 4450 σοι].

458 4473 549 4530 51.
575 4471 790 4537 Venite,
818 4471 1003 4526 audite
1040 4470 1314 4540 quomodo
1340 4470 1574 4525 salvavit
1600 4485 1704 4523 me.

1679 4487 1704 4523 ξ.
2138 4473 2226 4528 51.
2251 4472 2440 4536 Δεῦτε,
2471 4473 2741 4528 ἀκούσατε
2769 4475 2886 4540 πῶς
2915 4476 3088 4530 ἔσωσέ
3124 4496 3210 4548 με.

457 4566 550 4622 52.
594 4564 716 4620 Non
767 4565 945 4620 solum
1002 4565 1334 4620 condonavit
1386 4564 1521 4617 mihi
1573 4570 1818 4627 oeccata,
1876 4563 1971 4618 sed

2143 4566 2230 4620 52.
2268 4566 2343 4617 Οὐ
2372 4565 2532 4634 μόνον
2558 4566 2903 4639 συνεχώρησε
2934 4587 3026 4640 μοι
3059 4572 3157 4635 τὰς
3183 4573 3450 4644 ἁμαρτίας
3472 4613 3486 4637 ,
3521 4574 3660 4629 ἀλλά

389 4660 555 4715 etiam
580 4658 751 4712 filium
780 4673 942 4712 suum
975 4672 1063 4712 me
1095 4655 1246 4713 fecit.

2003 4655 2040 4664 ⁷
2077 4659 2172 4712 καὶ
2199 4657 2313 4711 υἱὸν
2341 4657 2535 4711 ἑαυτοῦ
2562 4659 2786 4730 ἐποίησέ
2823 4679 2910 4731 με.

458 4751 545 4804 55.
577 4749 766 4804 Solum
792 4749 1040 4804 invocavi
1070 4765 1219 4804 eum.

2148 4747 2236 4800 '55.
2265 4746 2440 4798 Μόνον
2471 4748 2890 4820 ἐπεκαλεσάμην
2923 4753 3105 4808 αὐτόν.

462 4843 551 4895 54.
586 4841 654 4895 Ει
683 4841 970 4896 confessus
1001 4856 1119 4896 sum
1148 4843 1329 4912 ipsum
1358 4844 1542 4913 lingua
1568 4857 1710 4897 mea.

2147 4838 2239 4894 54,
2265 4838 2376 4890 Καὶ
2405 4838 2732 4910 ὡμολόγησα
2762 4843 2924 4897 αὑτὸν
2950 4848 3015 4916 τῇ
3047 4847 3122 4917 (4)
3156 4847 3373 4920 γλώσσῃ
3401 4867 3525 4920 μου.

463 4936 552 4989 55.
591 4933 650 4988 Si
695 4934 910 4988 sincero
949 4934 1112 4990 corde
1142 4949 1253 4992 non
1295 4936 1500 4992 credidi
1537 4935 1673 5005 ipsi,
1723 4947 1834 4988 non
1883 4947 1970 4986 me

2144 4930 2234 4984 55.
2263 4930 2325 4982 El
2363 4932 2437 5003 μὴ
2469 4934 2526 4984 ὲν
2549 4932 2774 5004 ἀληθινῇ
2803 4936 3000 5008 καρδία
3035 4939 3332 4994 ἐπίστευσα
3373 4941 3543 5012 αὐτῷ,
3583 4959 3659 5016 μη

393 5024 654 5084 exaudiat
677 5023 980 5085 Dominus..
1818 5082 1823 5088 ,

1818 5082 1823 5088 _
2080 5022 2455 5075 είσακουσάτω
2485 5037 2587 5092 μου
2619 5027 2646 5076 ὁ
2671 5025 2893 5096 Κύριος.

1358 5235 1664 5296 Άᾱαεηοθ
1687 5242 1747 5293 et
1783 5233 2160 5312 corrigenda
2196 5249 2275 5294 ex
2301 5235 2444 5296 cod.
2477 5235 2680 5296 Vatic.

472 5451 551 5524 ll)
573 5447 913 5524 ?§._25.AKat
944 5452 1114 5504 deest.

2130 5448 2156 5524 l_.
2182 5451 2280 5524 _5__l_.
2314 5450 2392 5524 Τᾲ
2431 5451 2590 5524 μέλη.
2613 5461 2740 5516 etc.,
2768 5451 3056 5524 ἀνάθωμαί
3094 5471 3196 5510 σοι.
3224 5455 3290 5512 Ν.
3319 5457 3411 5524 52,
3440 5457 3496 5512 in
3535 5461 3661 5520 cod.

597 5519 910 5582 Ὀλοτελείς.
1254 5591 1258 5592 7
1512 5591 1516 5592 γ
1719 5589 1730 5592 _
1759 5588 1767 5592 Α

1512 5591 1516 5592 γ
1719 5589 1730 5592 _
1759 5588 1767 5592 _
2085 5519 2174 5582 55,
2197 5522 2322 5592 Τὰς
2350 5519 2621 5592 ἁμαρτίας
2640 5539 2775 5592 ομου,
2807 5532 2908 5578 etc.

476 5575 554 5655 (3')
580 5592 735 5644 Μετὰ
776 5575 1113 5660 πρόσευχῶν,
1169 5591 1281 5661 καί,
1323 5601 1450 5656 etc.,
1498 5588 1802 5660 ἔμπροσθέν
1852 5604 1970 5659 μου.
2159 5575 2235 5660 (4)
2266 5575 2478 5659 Ἓνῖτῇί
