  <div class='ocr_page' id='page_1' title='image "/cluster/home/n/w/nwhite01/storage/ocr_20150623/27/nnc1.0046978631/476.png"; bbox 0 0 3876 6220; ppageno 0'>
   <div class='ocr_carea' id='block_1_1' title="bbox 211 404 3483 495">
    <p class='ocr_par' dir='ltr' id='par_1_1' title="bbox 211 404 3483 495">
     <span class='ocr_line' id='line_1_1' title="bbox 211 404 3483 495; baseline 0.01 -34"><span class='ocrx_word' id='word_1_1' title='bbox 211 404 324 464; x_wconf 74' lang='grc'><strong>913</strong></span> <span class='ocrx_word' id='word_1_2' title='bbox 1117 414 1205 470; x_wconf 85' lang='lat' dir='ltr'><strong>DE</strong></span> <span class='ocrx_word' id='word_1_3' title='bbox 1246 417 1522 476; x_wconf 88' lang='lat' dir='ltr'><strong>TITULIS</strong></span> <span class='ocrx_word' id='word_1_4' title='bbox 1560 420 2018 487; x_wconf 74' lang='lat' dir='ltr'><strong>PSALMORUM‘.</strong></span> <span class='ocrx_word' id='word_1_5' title='bbox 2059 458 2129 470; x_wconf 89' lang='lat'><strong><em>—</em></strong></span> <span class='ocrx_word' id='word_1_6' title='bbox 2166 426 2361 484; x_wconf 84' lang='lat' dir='ltr'><strong>PSAL.</strong></span> <span class='ocrx_word' id='word_1_7' title='bbox 2388 427 2596 485; x_wconf 72' lang='lat' dir='ltr'><strong>LXVII.</strong></span> <span class='ocrx_word' id='word_1_8' title='bbox 3379 436 3483 495; x_wconf 69' lang='lat' dir='ltr'><strong>9M</strong></span> 
     </span>
    </p>
   </div>
   <div class='ocr_carea' id='block_1_2' title="bbox 279 524 1810 622">
    <p class='ocr_par' dir='ltr' id='par_1_2' title="bbox 279 524 1458 612">
     <span class='ocr_line' id='line_1_2' title="bbox 279 524 1458 612; baseline 0.014 -34"><span class='ocrx_word' id='word_1_9' title='bbox 279 525 362 579; x_wconf 78' lang='grc'><strong>15.</strong></span> <span class='ocrx_word' id='word_1_10' title='bbox 420 524 658 594; x_wconf 75' lang='grc' dir='ltr'>Ἐξάγων</span> <span class='ocrx_word' id='word_1_11' title='bbox 698 532 1101 602; x_wconf 77' lang='grc' dir='ltr'>πεπεδημένους</span> <span class='ocrx_word' id='word_1_12' title='bbox 1124 538 1182 591; x_wconf 86' lang='grc' dir='ltr'>ὲν</span> <span class='ocrx_word' id='word_1_13' title='bbox 1212 539 1458 612; x_wconf 55' lang='grc' dir='ltr'>ἀνδρεὴι,</span> 
     </span>
    </p>
   </div>
   <div class='ocr_carea' id='block_1_3' title="bbox 1598 524 3129 622">
    <p class='ocr_par' dir='ltr' id='par_1_3' title="bbox 1821 548 3129 622">
     <span class='ocr_line' id='line_1_3' title="bbox 1821 548 3129 622; baseline 0.006 -21"><span class='ocrx_word' id='word_1_14' title='bbox 1821 566 1871 622; x_wconf 66' lang='grc' dir='ltr'><strong>Α</strong></span> <span class='ocrx_word' id='word_1_15' title='bbox 1972 549 2062 603; x_wconf 88' lang='grc'><strong>15.</strong></span> <span class='ocrx_word' id='word_1_16' title='bbox 2103 548 2207 617; x_wconf 85' lang='lat' dir='ltr'><strong>Qui</strong></span> <span class='ocrx_word' id='word_1_17' title='bbox 2242 550 2428 606; x_wconf 86' lang='lat' dir='ltr'><strong>educit</strong></span> <span class='ocrx_word' id='word_1_18' title='bbox 2460 551 2674 607; x_wconf 86' lang='lat' dir='ltr'><strong>vinctos</strong></span> <span class='ocrx_word' id='word_1_19' title='bbox 2694 550 2753 608; x_wconf 89' lang='lat' dir='ltr'><strong>in</strong></span> <span class='ocrx_word' id='word_1_20' title='bbox 2776 550 3129 617; x_wconf 76' lang='lat' dir='ltr'><strong>fortitudine,</strong></span> 
     </span>
    </p>
   </div>
   <div class='ocr_carea' id='block_1_4' title="bbox 278 616 1809 716">
    <p class='ocr_par' dir='ltr' id='par_1_4' title="bbox 278 616 1796 701">
     <span class='ocr_line' id='line_1_4' title="bbox 278 616 1796 701; baseline 0.015 -33"><span class='ocrx_word' id='word_1_21' title='bbox 278 616 361 669; x_wconf 89' lang='grc'><strong>16.</strong></span> <span class='ocrx_word' id='word_1_22' title='bbox 406 618 803 689; x_wconf 66' lang='grc' dir='ltr'>Ὀμοίωςάτοὺς</span> <span class='ocrx_word' id='word_1_23' title='bbox 843 631 1413 701; x_wconf 85' lang='grc' dir='ltr'>παραπικραίνοντας,</span> <span class='ocrx_word' id='word_1_24' title='bbox 1452 634 1580 699; x_wconf 83' lang='grc' dir='ltr'>τοὺς</span> <span class='ocrx_word' id='word_1_25' title='bbox 1615 654 1796 691; x_wconf 84' lang='grc' dir='ltr'>κατοι-</span> 
     </span>
    </p>
   </div>
   <div class='ocr_carea' id='block_1_5' title="bbox 1948 616 3479 716">
    <p class='ocr_par' dir='ltr' id='par_1_5' title="bbox 1972 616 3479 716">
     <span class='ocr_line' id='line_1_5' title="bbox 1972 616 3479 716; baseline 0.005 -21"><span class='ocrx_word' id='word_1_26' title='bbox 1972 640 2061 696; x_wconf 88' lang='grc'><strong>16.</strong></span> <span class='ocrx_word' id='word_1_27' title='bbox 2105 616 2367 699; x_wconf 79' lang='lat' dir='ltr'><strong>Similiter</strong></span> <span class='ocrx_word' id='word_1_28' title='bbox 2398 659 2493 699; x_wconf 88' lang='lat' dir='ltr'><strong>eos</strong></span> <span class='ocrx_word' id='word_1_29' title='bbox 2517 644 2612 715; x_wconf 87' lang='lat' dir='ltr'><strong>qui</strong></span> <span class='ocrx_word' id='word_1_30' title='bbox 2643 654 2989 716; x_wconf 81' lang='lat' dir='ltr'><strong>exasperant,</strong></span> <span class='ocrx_word' id='word_1_31' title='bbox 3024 644 3119 715; x_wconf 86' lang='lat' dir='ltr'><strong>qui</strong></span> <span class='ocrx_word' id='word_1_32' title='bbox 3152 644 3400 702; x_wconf 88' lang='lat' dir='ltr'><strong>habitant</strong></span> <span class='ocrx_word' id='word_1_33' title='bbox 3426 648 3479 701; x_wconf 91' lang='lat' dir='ltr'><strong>in</strong></span> 
     </span>
    </p>
   </div>
   <div class='ocr_carea' id='block_1_6' title="bbox 202 709 1733 803">
    <p class='ocr_par' dir='ltr' id='par_1_6' title="bbox 202 709 785 781">
     <span class='ocr_line' id='line_1_6' title="bbox 202 709 785 781; baseline 0.01 -19"><span class='ocrx_word' id='word_1_34' title='bbox 202 709 437 772; x_wconf 73' lang='grc' dir='ltr'>κοῦντας</span> <span class='ocrx_word' id='word_1_35' title='bbox 474 712 532 764; x_wconf 81' lang='grc' dir='ltr'>ὲν</span> <span class='ocrx_word' id='word_1_36' title='bbox 567 712 785 781; x_wconf 70' lang='grc' dir='ltr'>τάφοις.</span> 
     </span>
    </p>
   </div>
   <div class='ocr_carea' id='block_1_7' title="bbox 655 709 2186 803">
    <p class='ocr_par' dir='ltr' id='par_1_7' title="bbox 655 730 2186 803">
     <span class='ocr_line' id='line_1_7' title="bbox 655 730 2186 803; baseline 0.006 -22"><span class='ocrx_word' id='word_1_37' title='bbox 655 730 785 781; x_wconf 65' lang='lat' dir='ltr'><strong>um;-</strong></span> <span class='ocrx_word' id='word_1_38' title='bbox 1896 735 2186 803; x_wconf 83' lang='lat' dir='ltr'><strong>sepulcris.</strong></span> 
     </span>
    </p>
   </div>
   <div class='ocr_carea' id='block_1_8' title="bbox 273 801 1804 900">
    <p class='ocr_par' dir='ltr' id='par_1_8' title="bbox 273 801 1793 884">
     <span class='ocr_line' id='line_1_8' title="bbox 273 801 1793 884; baseline 0.016 -30"><span class='ocrx_word' id='word_1_39' title='bbox 273 801 364 855; x_wconf 90' lang='grc'><strong>17.</strong></span> <span class='ocrx_word' id='word_1_40' title='bbox 414 804 472 856; x_wconf 83' lang='lat'><strong>&#39;0</strong></span> <span class='ocrx_word' id='word_1_41' title='bbox 503 804 658 869; x_wconf 84' lang='grc' dir='ltr'><strong>Θεὸς,</strong></span> <span class='ocrx_word' id='word_1_42' title='bbox 696 808 759 861; x_wconf 74' lang='grc' dir='ltr'><strong>ὲνΔ</strong></span> <span class='ocrx_word' id='word_1_43' title='bbox 790 806 866 878; x_wconf 85' lang='grc' dir='ltr'><strong>τῷ</strong></span> <span class='ocrx_word' id='word_1_44' title='bbox 893 807 1293 884; x_wconf 72' lang='grc' dir='ltr'>ἐκπορεύεσθαι</span> <span class='ocrx_word' id='word_1_45' title='bbox 1337 834 1395 871; x_wconf 84' lang='grc' dir='ltr'><strong>σε</strong></span> <span class='ocrx_word' id='word_1_46' title='bbox 1432 818 1663 877; x_wconf 79' lang='grc' dir='ltr'>ἐνώπιον</span> <span class='ocrx_word' id='word_1_47' title='bbox 1699 824 1793 878; x_wconf 80' lang='grc' dir='ltr'>τοῦ</span> 
     </span>
    </p>
   </div>
   <div class='ocr_carea' id='block_1_9' title="bbox 1943 801 3474 900">
    <p class='ocr_par' dir='ltr' id='par_1_9' title="bbox 1959 801 3474 900">
     <span class='ocr_line' id='line_1_9' title="bbox 1959 801 3474 900; baseline 0.003 -22"><span class='ocrx_word' id='word_1_48' title='bbox 1959 801 2057 880; x_wconf 75' lang='grc'><strong>17.</strong></span> <span class='ocrx_word' id='word_1_49' title='bbox 2099 824 2264 892; x_wconf 88' lang='lat' dir='ltr'><strong>Deus,</strong></span> <span class='ocrx_word' id='word_1_50' title='bbox 2300 841 2423 880; x_wconf 92' lang='lat' dir='ltr'><strong>cum</strong></span> <span class='ocrx_word' id='word_1_51' title='bbox 2454 824 2795 895; x_wconf 80' lang='lat' dir='ltr'><strong>egredereris</strong></span> <span class='ocrx_word' id='word_1_52' title='bbox 2844 826 2899 881; x_wconf 90' lang='lat' dir='ltr'><strong>in</strong></span> <span class='ocrx_word' id='word_1_53' title='bbox 2954 836 3246 898; x_wconf 84' lang='lat' dir='ltr'><strong>conspectu</strong></span> <span class='ocrx_word' id='word_1_54' title='bbox 3292 828 3474 900; x_wconf 79' lang='lat' dir='ltr'><strong>populi</strong></span> 
     </span>
    </p>
   </div>
   <div class='ocr_carea' id='block_1_10' title="bbox 198 892 2023 972">
    <p class='ocr_par' dir='ltr' id='par_1_10' title="bbox 198 892 2023 972">
     <span class='ocr_line' id='line_1_10' title="bbox 198 892 2023 972; baseline 0.013 -24"><span class='ocrx_word' id='word_1_55' title='bbox 198 892 336 950; x_wconf 80' lang='grc' dir='ltr'>λαοῦ</span> <span class='ocrx_word' id='word_1_56' title='bbox 374 914 491 962; x_wconf 88' lang='grc' dir='ltr'>σου,</span> <span class='ocrx_word' id='word_1_57' title='bbox 1896 917 1973 971; x_wconf 87' lang='lat' dir='ltr'><strong>tui</strong></span> <span class='ocrx_word' id='word_1_58' title='bbox 2011 936 2023 972; x_wconf 92' lang='lat'>:</span> 
     </span>
    </p>
   </div>
   <div class='ocr_carea' id='block_1_11' title="bbox 272 989 1803 1080">
    <p class='ocr_par' dir='ltr' id='par_1_11' title="bbox 272 989 1797 1078">
     <span class='ocr_line' id='line_1_11' title="bbox 272 989 1797 1078; baseline 0.01 -35"><span class='ocrx_word' id='word_1_59' title='bbox 272 989 364 1044; x_wconf 91' lang='grc'><strong>18.</strong></span> <span class='ocrx_word' id='word_1_60' title='bbox 409 989 498 1044; x_wconf 90' lang='grc' dir='ltr'><strong>Ἐν</strong></span> <span class='ocrx_word' id='word_1_61' title='bbox 522 991 603 1062; x_wconf 84' lang='grc' dir='ltr'><strong>τῷ</strong></span> <span class='ocrx_word' id='word_1_62' title='bbox 624 992 923 1049; x_wconf 78' lang='grc' dir='ltr'>διαϐαίνειν</span> <span class='ocrx_word' id='word_1_63' title='bbox 949 1013 1011 1050; x_wconf 87' lang='grc' dir='ltr'><strong>σε</strong></span> <span class='ocrx_word' id='word_1_64' title='bbox 1038 997 1097 1052; x_wconf 83' lang='grc' dir='ltr'>ὲν</span> <span class='ocrx_word' id='word_1_65' title='bbox 1112 1001 1176 1071; x_wconf 87' lang='grc' dir='ltr'><strong>τῇ</strong></span> <span class='ocrx_word' id='word_1_66' title='bbox 1203 1000 1418 1073; x_wconf 77' lang='grc' dir='ltr'>ἐρήμῳ,</span> <span class='ocrx_word' id='word_1_67' title='bbox 1448 1004 1518 1076; x_wconf 83' lang='grc' dir='ltr'><strong>γῆ</strong></span> <span class='ocrx_word' id='word_1_68' title='bbox 1547 1005 1797 1078; x_wconf 64' lang='grc' dir='ltr'>ἐσείσθηι</span> 
     </span>
    </p>
   </div>
   <div class='ocr_carea' id='block_1_12' title="bbox 1939 989 3470 1080">
    <p class='ocr_par' dir='ltr' id='par_1_12' title="bbox 1969 1007 3470 1080">
     <span class='ocr_line' id='line_1_12' title="bbox 1969 1007 3470 1080; baseline 0.004 -17"><span class='ocrx_word' id='word_1_69' title='bbox 1969 1010 2056 1064; x_wconf 94' lang='grc'><strong>18.</strong></span> <span class='ocrx_word' id='word_1_70' title='bbox 2094 1007 2232 1065; x_wconf 89' lang='lat' dir='ltr'><strong>Cum</strong></span> <span class='ocrx_word' id='word_1_71' title='bbox 2264 1009 2628 1079; x_wconf 86' lang='lat' dir='ltr'><strong>pertransires</strong></span> <span class='ocrx_word' id='word_1_72' title='bbox 2656 1010 2711 1064; x_wconf 88' lang='lat' dir='ltr'><strong>in</strong></span> <span class='ocrx_word' id='word_1_73' title='bbox 2743 1010 2982 1080; x_wconf 88' lang='lat' dir='ltr'><strong>deserto,</strong></span> <span class='ocrx_word' id='word_1_74' title='bbox 2999 1021 3147 1069; x_wconf 85' lang='lat' dir='ltr'><strong>terra</strong></span> <span class='ocrx_word' id='word_1_75' title='bbox 3180 1025 3326 1068; x_wconf 88' lang='lat' dir='ltr'><strong>mota</strong></span> <span class='ocrx_word' id='word_1_76' title='bbox 3359 1024 3470 1069; x_wconf 89' lang='lat' dir='ltr'><strong>est:</strong></span> 
     </span>
    </p>
   </div>
   <div class='ocr_carea' id='block_1_13' title="bbox 273 1080 1804 1169">
    <p class='ocr_par' dir='ltr' id='par_1_13' title="bbox 273 1080 1799 1169">
     <span class='ocr_line' id='line_1_13' title="bbox 273 1080 1799 1169; baseline 0.014 -36"><span class='ocrx_word' id='word_1_77' title='bbox 273 1080 361 1135; x_wconf 88' lang='grc'><strong>19.</strong></span> <span class='ocrx_word' id='word_1_78' title='bbox 388 1081 474 1153; x_wconf 50' lang='grc' dir='ltr'>(α).</span> <span class='ocrx_word' id='word_1_79' title='bbox 496 1085 607 1138; x_wconf 76' lang='grc' dir='ltr'><strong>Καὶ</strong></span> <span class='ocrx_word' id='word_1_80' title='bbox 641 1084 750 1158; x_wconf 85' lang='grc' dir='ltr'><strong>γὰρ</strong></span> <span class='ocrx_word' id='word_1_81' title='bbox 780 1089 829 1140; x_wconf 80' lang='grc' dir='ltr'>οἱ</span> <span class='ocrx_word' id='word_1_82' title='bbox 855 1088 1073 1161; x_wconf 76' lang='grc' dir='ltr'>οὐρανοὶ</span> <span class='ocrx_word' id='word_1_83' title='bbox 1102 1090 1333 1159; x_wconf 79' lang='grc' dir='ltr'>ἕσταξαν</span> <span class='ocrx_word' id='word_1_84' title='bbox 1357 1095 1466 1150; x_wconf 87' lang='grc' dir='ltr'>ἀπὸ</span> <span class='ocrx_word' id='word_1_85' title='bbox 1495 1097 1799 1169; x_wconf 83' lang='grc' dir='ltr'><strong>προσώπου.</strong></span> 
     </span>
    </p>
   </div>
   <div class='ocr_carea' id='block_1_14' title="bbox 1941 1080 3472 1169">
    <p class='ocr_par' dir='ltr' id='par_1_14' title="bbox 1972 1098 3472 1165">
     <span class='ocr_line' id='line_1_14' title="bbox 1972 1098 3472 1165; baseline 0.003 -12"><span class='ocrx_word' id='word_1_86' title='bbox 1972 1099 2058 1155; x_wconf 88' lang='grc'><strong>19.</strong></span> <span class='ocrx_word' id='word_1_87' title='bbox 2098 1098 2315 1155; x_wconf 78' lang='lat' dir='ltr'><strong>Etenim</strong></span> <span class='ocrx_word' id='word_1_88' title='bbox 2356 1099 2483 1157; x_wconf 71' lang='lat' dir='ltr'><strong>cmli</strong></span> <span class='ocrx_word' id='word_1_89' title='bbox 2510 1099 2917 1157; x_wconf 84' lang='lat' dir='ltr'><strong>distillaverunt</strong></span> <span class='ocrx_word' id='word_1_90' title='bbox 2946 1117 2977 1157; x_wconf 89' lang='lat' dir='ltr'><strong>a</strong></span> <span class='ocrx_word' id='word_1_91' title='bbox 3011 1102 3149 1157; x_wconf 79' lang='lat' dir='ltr'><strong>facie</strong></span> <span class='ocrx_word' id='word_1_92' title='bbox 3176 1100 3270 1157; x_wconf 91' lang='lat' dir='ltr'><strong>Dei</strong></span> <span class='ocrx_word' id='word_1_93' title='bbox 3299 1100 3472 1165; x_wconf 87' lang='lat' dir='ltr'><strong>Sinai,</strong></span> 
     </span>
    </p>
   </div>
   <div class='ocr_carea' id='block_1_15' title="bbox 198 1171 771 1247">
    <p class='ocr_par' dir='ltr' id='par_1_15' title="bbox 198 1171 771 1247">
     <span class='ocr_line' id='line_1_15' title="bbox 198 1171 771 1247; baseline 0.014 -22"><span class='ocrx_word' id='word_1_94' title='bbox 198 1171 295 1226; x_wconf 79' lang='grc' dir='ltr'>τοῦ</span> <span class='ocrx_word' id='word_1_95' title='bbox 317 1173 463 1228; x_wconf 59' lang='grc' dir='ltr'>Θεοῦη</span> <span class='ocrx_word' id='word_1_96' title='bbox 491 1177 585 1230; x_wconf 81' lang='grc' dir='ltr'>τοῦ</span> <span class='ocrx_word' id='word_1_97' title='bbox 614 1179 771 1247; x_wconf 78' lang='grc' dir='ltr'>Σινᾶ,</span> 
     </span>
    </p>
   </div>
   <div class='ocr_carea' id='block_1_16' title="bbox 268 1265 1799 1352">
    <p class='ocr_par' dir='ltr' id='par_1_16' title="bbox 268 1265 1439 1352">
     <span class='ocr_line' id='line_1_16' title="bbox 268 1265 1439 1352; baseline 0.013 -32"><span class='ocrx_word' id='word_1_98' title='bbox 268 1265 361 1321; x_wconf 90' lang='grc'><strong>20.</strong></span> <span class='ocrx_word' id='word_1_99' title='bbox 409 1268 542 1323; x_wconf 85' lang='grc' dir='ltr'><strong>Ἀπὸ</strong></span> <span class='ocrx_word' id='word_1_100' title='bbox 574 1270 870 1341; x_wconf 83' lang='grc' dir='ltr'>προσώπου</span> <span class='ocrx_word' id='word_1_101' title='bbox 897 1273 991 1328; x_wconf 83' lang='grc' dir='ltr'>τοῦ</span> <span class='ocrx_word' id='word_1_102' title='bbox 1026 1275 1160 1331; x_wconf 84' lang='grc' dir='ltr'><strong>Θεοῦ</strong></span> <span class='ocrx_word' id='word_1_103' title='bbox 1201 1279 1439 1352; x_wconf 80' lang='grc' dir='ltr'>Ἰσραήλ.</span> 
     </span>
    </p>
   </div>
   <div class='ocr_carea' id='block_1_17' title="bbox 1133 1265 2664 1352">
    <p class='ocr_par' dir='ltr' id='par_1_17' title="bbox 1133 1276 2664 1352">
     <span class='ocr_line' id='line_1_17' title="bbox 1133 1276 2664 1352; baseline 0.008 -21"><span class='ocrx_word' id='word_1_104' title='bbox 1133 1276 1160 1331; x_wconf 81' lang='grc' dir='ltr'>ὖ</span> <span class='ocrx_word' id='word_1_105' title='bbox 1201 1279 1439 1352; x_wconf 75' lang='grc' dir='ltr'>Ἰσραήλ.</span> <span class='ocrx_word' id='word_1_106' title='bbox 1962 1286 2052 1341; x_wconf 84' lang='lat'><strong>20.</strong></span> <span class='ocrx_word' id='word_1_107' title='bbox 2088 1286 2137 1342; x_wconf 78' lang='grc' dir='ltr'><strong>Α</strong></span> <span class='ocrx_word' id='word_1_108' title='bbox 2169 1286 2307 1343; x_wconf 79' lang='lat' dir='ltr'><strong>facie</strong></span> <span class='ocrx_word' id='word_1_109' title='bbox 2340 1285 2437 1343; x_wconf 86' lang='lat' dir='ltr'><strong>Dei</strong></span> <span class='ocrx_word' id='word_1_110' title='bbox 2477 1285 2664 1345; x_wconf 81' lang='lat' dir='ltr'><strong>Israel.</strong></span> 
     </span>
    </p>
   </div>
   <div class='ocr_carea' id='block_1_18' title="bbox 269 1358 1800 1454">
    <p class='ocr_par' dir='ltr' id='par_1_18' title="bbox 269 1358 1797 1450">
     <span class='ocr_line' id='line_1_18' title="bbox 269 1358 1797 1450; baseline 0.014 -37"><span class='ocrx_word' id='word_1_111' title='bbox 269 1358 360 1414; x_wconf 89' lang='grc'><strong>21.</strong></span> <span class='ocrx_word' id='word_1_112' title='bbox 394 1360 605 1434; x_wconf 77' lang='grc' dir='ltr'>Βροχὴν</span> <span class='ocrx_word' id='word_1_113' title='bbox 633 1365 882 1421; x_wconf 73' lang='grc' dir='ltr'>ἑκούσιον</span> <span class='ocrx_word' id='word_1_114' title='bbox 904 1368 1175 1441; x_wconf 74' lang='grc' dir='ltr'>ἀφοριεῖς,</span> <span class='ocrx_word' id='word_1_115' title='bbox 1206 1372 1235 1426; x_wconf 85' lang='grc' dir='ltr'><em>ὁ</em></span> <span class='ocrx_word' id='word_1_116' title='bbox 1260 1372 1412 1439; x_wconf 85' lang='grc' dir='ltr'>Θεὸς,</span> <span class='ocrx_word' id='word_1_117' title='bbox 1442 1377 1509 1447; x_wconf 82' lang='grc' dir='ltr'><strong>τῇ</strong></span> <span class='ocrx_word' id='word_1_118' title='bbox 1534 1378 1797 1450; x_wconf 60' lang='grc' dir='ltr'>κληρονορη</span> 
     </span>
    </p>
   </div>
   <div class='ocr_carea' id='block_1_19' title="bbox 1943 1358 3474 1454">
    <p class='ocr_par' dir='ltr' id='par_1_19' title="bbox 1963 1379 3474 1454">
     <span class='ocr_line' id='line_1_19' title="bbox 1963 1379 3474 1454; baseline 0.003 -20"><span class='ocrx_word' id='word_1_119' title='bbox 1963 1380 2053 1434; x_wconf 92' lang='grc'><strong>21.</strong></span> <span class='ocrx_word' id='word_1_120' title='bbox 2087 1379 2335 1435; x_wconf 85' lang='lat' dir='ltr'><strong>Pluviam</strong></span> <span class='ocrx_word' id='word_1_121' title='bbox 2367 1381 2731 1438; x_wconf 75' lang='lat' dir='ltr'><strong>voluntariam</strong></span> <span class='ocrx_word' id='word_1_122' title='bbox 2753 1383 3088 1454; x_wconf 76' lang='lat' dir='ltr'><strong>segregabis,</strong></span> <span class='ocrx_word' id='word_1_123' title='bbox 3119 1382 3283 1452; x_wconf 88' lang='lat' dir='ltr'><strong>Deus,</strong></span> <span class='ocrx_word' id='word_1_124' title='bbox 3303 1382 3474 1439; x_wconf 83' lang='lat' dir='ltr'><strong>haere-</strong></span> 
     </span>
    </p>
   </div>
   <div class='ocr_carea' id='block_1_20' title="bbox 198 1449 1729 1528">
    <p class='ocr_par' dir='ltr' id='par_1_20' title="bbox 198 1449 1655 1522">
     <span class='ocr_line' id='line_1_20' title="bbox 198 1449 1655 1522; baseline 0.011 -21"><span class='ocrx_word' id='word_1_125' title='bbox 198 1449 304 1522; x_wconf 78' lang='grc' dir='ltr'>μία</span> <span class='ocrx_word' id='word_1_126' title='bbox 336 1469 430 1505; x_wconf 91' lang='grc' dir='ltr'><strong>σου</strong></span> <span class='ocrx_word' id='word_1_127' title='bbox 453 1469 467 1481; x_wconf 92' lang='grc'><strong>·</strong></span> <span class='ocrx_word' id='word_1_128' title='bbox 1648 1449 1655 1450; x_wconf 16' lang='grc' dir='ltr'>ί</span> 
     </span>
    </p>
   </div>
   <div class='ocr_carea' id='block_1_21' title="bbox 694 1449 2225 1528">
    <p class='ocr_par' dir='ltr' id='par_1_21' title="bbox 1648 1449 2225 1528">
     <span class='ocr_line' id='line_1_21' title="bbox 1648 1449 2225 1528; baseline 0 -1"><span class='ocrx_word' id='word_1_129' title='bbox 1648 1449 1655 1450; x_wconf 15' lang='grc' dir='ltr'>ί</span> <span class='ocrx_word' id='word_1_130' title='bbox 1890 1472 2045 1528; x_wconf 89' lang='lat' dir='ltr'><strong>ditati</strong></span> <span class='ocrx_word' id='word_1_131' title='bbox 2082 1483 2187 1528; x_wconf 76' lang='lat' dir='ltr'><strong>tuae</strong></span> <span class='ocrx_word' id='word_1_132' title='bbox 2211 1490 2225 1527; x_wconf 90' lang='lat'><strong>:</strong></span> 
     </span>
    </p>
   </div>
   <div class='ocr_carea' id='block_1_22' title="bbox 267 1543 1798 1640">
    <p class='ocr_par' dir='ltr' id='par_1_22' title="bbox 267 1543 1609 1640">
     <span class='ocr_line' id='line_1_22' title="bbox 267 1543 1609 1640; baseline 0.015 -44"><span class='ocrx_word' id='word_1_133' title='bbox 267 1543 359 1640; x_wconf 73' lang='lat'><strong>22.</strong></span> <span class='ocrx_word' id='word_1_134' title='bbox 393 1546 505 1599; x_wconf 82' lang='grc' dir='ltr'><strong>Καὶ</strong></span> <span class='ocrx_word' id='word_1_135' title='bbox 543 1548 813 1619; x_wconf 74' lang='grc' dir='ltr'><strong>ἠσθένησε</strong></span> <span class='ocrx_word' id='word_1_136' title='bbox 836 1568 849 1580; x_wconf 94' lang='grc'><strong>·</strong></span> <span class='ocrx_word' id='word_1_137' title='bbox 885 1552 952 1608; x_wconf 84' lang='grc' dir='ltr'><strong>σὺ</strong></span> <span class='ocrx_word' id='word_1_138' title='bbox 980 1553 1039 1609; x_wconf 83' lang='grc' dir='ltr'>δὲ</span> <span class='ocrx_word' id='word_1_139' title='bbox 1066 1558 1387 1630; x_wconf 82' lang='grc' dir='ltr'>κατηρτίσω</span> <span class='ocrx_word' id='word_1_140' title='bbox 1420 1560 1609 1634; x_wconf 83' lang='grc' dir='ltr'>αὐτήν.</span> 
     </span>
    </p>
   </div>
   <div class='ocr_carea' id='block_1_23' title="bbox 1833 1543 3364 1640">
    <p class='ocr_par' dir='ltr' id='par_1_23' title="bbox 1961 1567 3364 1640">
     <span class='ocr_line' id='line_1_23' title="bbox 1961 1567 3364 1640; baseline 0.004 -19"><span class='ocrx_word' id='word_1_141' title='bbox 1961 1568 2052 1622; x_wconf 85' lang='grc'><strong>22.</strong></span> <span class='ocrx_word' id='word_1_142' title='bbox 2090 1567 2157 1621; x_wconf 91' lang='grc' dir='ltr'>Ει</span> <span class='ocrx_word' id='word_1_143' title='bbox 2192 1568 2470 1623; x_wconf 82' lang='lat' dir='ltr'><strong>inﬁrmata</strong></span> <span class='ocrx_word' id='word_1_144' title='bbox 2519 1577 2637 1635; x_wconf 91' lang='lat' dir='ltr'><strong>est;</strong></span> <span class='ocrx_word' id='word_1_145' title='bbox 2673 1577 2729 1625; x_wconf 90' lang='lat' dir='ltr'><strong>tu</strong></span> <span class='ocrx_word' id='word_1_146' title='bbox 2765 1585 2898 1624; x_wconf 88' lang='lat' dir='ltr'><strong>vero</strong></span> <span class='ocrx_word' id='word_1_147' title='bbox 2921 1569 3194 1640; x_wconf 85' lang='lat' dir='ltr'><strong>perfecisti</strong></span> <span class='ocrx_word' id='word_1_148' title='bbox 3220 1586 3364 1626; x_wconf 90' lang='lat' dir='ltr'><strong>eam.</strong></span> 
     </span>
    </p>
   </div>
   <div class='ocr_carea' id='block_1_24' title="bbox 267 1634 1798 1725">
    <p class='ocr_par' dir='ltr' id='par_1_24' title="bbox 267 1634 1415 1725">
     <span class='ocr_line' id='line_1_24' title="bbox 267 1634 1415 1725; baseline 0.017 -38"><span class='ocrx_word' id='word_1_149' title='bbox 267 1634 359 1689; x_wconf 79' lang='lat'><strong>25.</strong></span> <span class='ocrx_word' id='word_1_150' title='bbox 388 1636 469 1689; x_wconf 86' lang='grc' dir='ltr'>Τὰ</span> <span class='ocrx_word' id='word_1_151' title='bbox 503 1637 619 1701; x_wconf 81' lang='grc' dir='ltr'><strong>ζῶά</strong></span> <span class='ocrx_word' id='word_1_152' title='bbox 653 1658 747 1695; x_wconf 91' lang='grc' dir='ltr'><strong>σου</strong></span> <span class='ocrx_word' id='word_1_153' title='bbox 774 1645 1124 1703; x_wconf 74' lang='grc' dir='ltr'><strong>κατοικοῦσιν</strong></span> <span class='ocrx_word' id='word_1_154' title='bbox 1150 1650 1208 1702; x_wconf 83' lang='grc' dir='ltr'>ὲν</span> <span class='ocrx_word' id='word_1_155' title='bbox 1237 1651 1375 1725; x_wconf 84' lang='grc' dir='ltr'>αὐτῇ</span> <span class='ocrx_word' id='word_1_156' title='bbox 1400 1669 1415 1685; x_wconf 90' lang='grc'><strong>·</strong></span> 
     </span>
    </p>
   </div>
   <div class='ocr_carea' id='block_1_25' title="bbox 1535 1634 3066 1725">
    <p class='ocr_par' dir='ltr' id='par_1_25' title="bbox 1960 1634 3066 1718">
     <span class='ocr_line' id='line_1_25' title="bbox 1960 1634 3066 1718; baseline 0.003 -4"><span class='ocrx_word' id='word_1_157' title='bbox 1960 1661 2052 1716; x_wconf 74' lang='grc'><strong>25.</strong></span> <span class='ocrx_word' id='word_1_158' title='bbox 2090 1661 2362 1718; x_wconf 77' lang='lat' dir='ltr'><strong>Animalia</strong></span> <span class='ocrx_word' id='word_1_159' title='bbox 2392 1669 2486 1717; x_wconf 73' lang='lat' dir='ltr'><strong>tua</strong></span> <span class='ocrx_word' id='word_1_160' title='bbox 2513 1662 2843 1717; x_wconf 84' lang='lat' dir='ltr'><strong>babitabunt</strong></span> <span class='ocrx_word' id='word_1_161' title='bbox 2872 1634 2939 1717; x_wconf 65' lang='grc' dir='ltr'>ιη’</span> <span class='ocrx_word' id='word_1_162' title='bbox 2963 1678 3027 1718; x_wconf 89' lang='lat' dir='ltr'><strong>ea</strong></span> <span class='ocrx_word' id='word_1_163' title='bbox 3053 1681 3066 1717; x_wconf 75' lang='grc' dir='ltr'><strong>ε</strong></span> 
     </span>
    </p>
   </div>
   <div class='ocr_carea' id='block_1_26' title="bbox 263 1726 1794 1827">
    <p class='ocr_par' dir='ltr' id='par_1_26' title="bbox 263 1726 1792 1827">
     <span class='ocr_line' id='line_1_26' title="bbox 263 1726 1792 1827; baseline 0.017 -48"><span class='ocrx_word' id='word_1_164' title='bbox 263 1726 354 1827; x_wconf 54' lang='lat'><strong>24.</strong></span> <span class='ocrx_word' id='word_1_165' title='bbox 394 1726 727 1803; x_wconf 83' lang='grc' dir='ltr'>Ἦτοίμασας</span> <span class='ocrx_word' id='word_1_166' title='bbox 752 1736 811 1790; x_wconf 83' lang='grc' dir='ltr'><strong>ὲν</strong></span> <span class='ocrx_word' id='word_1_167' title='bbox 830 1740 896 1809; x_wconf 82' lang='grc' dir='ltr'><strong>τῇ</strong></span> <span class='ocrx_word' id='word_1_168' title='bbox 930 1741 1263 1814; x_wconf 77' lang='grc' dir='ltr'>χρηστότητι</span> <span class='ocrx_word' id='word_1_169' title='bbox 1295 1762 1399 1799; x_wconf 88' lang='grc' dir='ltr'><strong>σου</strong></span> <span class='ocrx_word' id='word_1_170' title='bbox 1443 1745 1524 1819; x_wconf 83' lang='grc' dir='ltr'>τῷ</span> <span class='ocrx_word' id='word_1_171' title='bbox 1557 1747 1792 1820; x_wconf 74' lang='grc' dir='ltr'>πτωχῷ,</span> 
     </span>
    </p>
   </div>
   <div class='ocr_carea' id='block_1_27' title="bbox 1792 1726 3323 1827">
    <p class='ocr_par' dir='ltr' id='par_1_27' title="bbox 1960 1752 3323 1827">
     <span class='ocr_line' id='line_1_27' title="bbox 1960 1752 3323 1827; baseline 0.001 -18"><span class='ocrx_word' id='word_1_172' title='bbox 1960 1752 2049 1809; x_wconf 97' lang='lat'><strong>24.</strong></span> <span class='ocrx_word' id='word_1_173' title='bbox 2084 1752 2299 1810; x_wconf 88' lang='lat' dir='ltr'><strong>Parasti</strong></span> <span class='ocrx_word' id='word_1_174' title='bbox 2328 1755 2385 1809; x_wconf 92' lang='lat' dir='ltr'><strong>in</strong></span> <span class='ocrx_word' id='word_1_175' title='bbox 2418 1754 2709 1811; x_wconf 84' lang='lat' dir='ltr'><strong>dulcedine</strong></span> <span class='ocrx_word' id='word_1_176' title='bbox 2739 1764 2832 1811; x_wconf 90' lang='lat' dir='ltr'><strong>tua</strong></span> <span class='ocrx_word' id='word_1_177' title='bbox 2862 1756 3125 1827; x_wconf 85' lang='lat' dir='ltr'><strong>pauperi,</strong></span> <span class='ocrx_word' id='word_1_178' title='bbox 3157 1754 3323 1811; x_wconf 88' lang='lat' dir='ltr'><strong>Deus.</strong></span> 
     </span>
    </p>
   </div>
   <div class='ocr_carea' id='block_1_28' title="bbox 190 1818 399 1884">
    <p class='ocr_par' dir='ltr' id='par_1_28' title="bbox 190 1818 399 1884">
     <span class='ocr_line' id='line_1_28' title="bbox 190 1818 399 1884; baseline 0.019 -13"><span class='ocrx_word' id='word_1_179' title='bbox 190 1820 221 1871; x_wconf 86' lang='grc' dir='ltr'><strong>ὁ</strong></span> <span class='ocrx_word' id='word_1_180' title='bbox 245 1818 399 1884; x_wconf 80' lang='grc' dir='ltr'><strong>Θεὸς.</strong></span> 
     </span>
    </p>
   </div>
   <div class='ocr_carea' id='block_1_29' title="bbox 266 1912 1797 2012">
    <p class='ocr_par' dir='ltr' id='par_1_29' title="bbox 266 1912 1789 2001">
     <span class='ocr_line' id='line_1_29' title="bbox 266 1912 1789 2001; baseline 0.014 -36"><span class='ocrx_word' id='word_1_181' title='bbox 266 1912 357 1966; x_wconf 83' lang='grc'><strong>25.</strong></span> <span class='ocrx_word' id='word_1_182' title='bbox 394 1913 600 1987; x_wconf 82' lang='grc' dir='ltr'>Κύριος</span> <span class='ocrx_word' id='word_1_183' title='bbox 630 1917 793 1973; x_wconf 85' lang='grc' dir='ltr'>δώσει</span> <span class='ocrx_word' id='word_1_184' title='bbox 824 1920 981 1993; x_wconf 77' lang='grc' dir='ltr'>ῥῆμα</span> <span class='ocrx_word' id='word_1_185' title='bbox 1006 1926 1122 1988; x_wconf 84' lang='grc' dir='ltr'>τοῖς</span> <span class='ocrx_word' id='word_1_186' title='bbox 1153 1925 1669 2001; x_wconf 81' lang='grc' dir='ltr'>εὐαγγελιζομένοις</span> <span class='ocrx_word' id='word_1_187' title='bbox 1691 1930 1789 1985; x_wconf 89' lang='grc' dir='ltr'>δυ-</span> 
     </span>
    </p>
   </div>
   <div class='ocr_carea' id='block_1_30' title="bbox 1939 1912 3470 2012">
    <p class='ocr_par' dir='ltr' id='par_1_30' title="bbox 1961 1937 3470 2012">
     <span class='ocr_line' id='line_1_30' title="bbox 1961 1937 3470 2012; baseline 0.003 -20"><span class='ocrx_word' id='word_1_188' title='bbox 1961 1938 2052 1995; x_wconf 83' lang='lat'><strong>25.</strong></span> <span class='ocrx_word' id='word_1_189' title='bbox 2091 1937 2356 1996; x_wconf 89' lang='lat' dir='ltr'><strong>Dominus</strong></span> <span class='ocrx_word' id='word_1_190' title='bbox 2386 1939 2539 1995; x_wconf 82' lang='lat' dir='ltr'><strong>dabit</strong></span> <span class='ocrx_word' id='word_1_191' title='bbox 2566 1940 2797 1995; x_wconf 86' lang='lat' dir='ltr'><strong>verbum</strong></span> <span class='ocrx_word' id='word_1_192' title='bbox 2834 1939 3337 2012; x_wconf 75' lang='lat' dir='ltr'><strong>evangelizantibus</strong></span> <span class='ocrx_word' id='word_1_193' title='bbox 3360 1939 3470 1996; x_wconf 84' lang='lat' dir='ltr'><strong>vir-</strong></span> 
     </span>
    </p>
   </div>
   <div class='ocr_carea' id='block_1_31' title="bbox 187 2003 1718 2085">
    <p class='ocr_par' dir='ltr' id='par_1_31' title="bbox 187 2003 787 2081">
     <span class='ocr_line' id='line_1_31' title="bbox 187 2003 787 2081; baseline 0.017 -27"><span class='ocrx_word' id='word_1_194' title='bbox 187 2003 359 2076; x_wconf 83' lang='grc' dir='ltr'>νάμει</span> <span class='ocrx_word' id='word_1_195' title='bbox 393 2008 586 2081; x_wconf 82' lang='grc' dir='ltr'>πολλῇ.</span> <span class='ocrx_word' id='word_1_196' title='bbox 784 2062 787 2063; x_wconf 31' lang='grc' dir='ltr'><strong>ν</strong></span> 
     </span>
    </p>
   </div>
   <div class='ocr_carea' id='block_1_32' title="bbox 690 2003 2221 2085">
    <p class='ocr_par' dir='ltr' id='par_1_32' title="bbox 784 2029 2221 2085">
     <span class='ocr_line' id='line_1_32' title="bbox 784 2029 2221 2085; baseline -0.003 5"><span class='ocrx_word' id='word_1_197' title='bbox 784 2062 787 2063; x_wconf 52' lang='grc' dir='ltr'><strong>ν</strong></span> <span class='ocrx_word' id='word_1_198' title='bbox 1885 2038 2001 2085; x_wconf 89' lang='lat' dir='ltr'><strong>tute</strong></span> <span class='ocrx_word' id='word_1_199' title='bbox 2029 2029 2221 2085; x_wconf 87' lang='lat' dir='ltr'><strong>multa.</strong></span> 
     </span>
    </p>
   </div>
   <div class='ocr_carea' id='block_1_33' title="bbox 264 2100 1795 2186">
    <p class='ocr_par' dir='ltr' id='par_1_33' title="bbox 264 2100 1658 2186">
     <span class='ocr_line' id='line_1_33' title="bbox 264 2100 1658 2186; baseline 0.011 -31"><span class='ocrx_word' id='word_1_200' title='bbox 264 2100 355 2155; x_wconf 88' lang='lat'><strong>26.</strong></span> <span class='ocrx_word' id='word_1_201' title='bbox 397 2103 455 2157; x_wconf 80' lang='grc' dir='ltr'><strong>Ὀ</strong></span> <span class='ocrx_word' id='word_1_202' title='bbox 478 2104 733 2174; x_wconf 86' lang='grc' dir='ltr'>βασιλεὺς</span> <span class='ocrx_word' id='word_1_203' title='bbox 755 2106 864 2162; x_wconf 84' lang='grc' dir='ltr'><strong>τῶν</strong></span> <span class='ocrx_word' id='word_1_204' title='bbox 889 2109 1173 2183; x_wconf 82' lang='grc' dir='ltr'>δυνάμεων</span> <span class='ocrx_word' id='word_1_205' title='bbox 1192 2112 1288 2168; x_wconf 71' lang='grc' dir='ltr'>τοῦ</span> <span class='ocrx_word' id='word_1_206' title='bbox 1324 2113 1608 2186; x_wconf 81' lang='grc' dir='ltr'><strong>ἀγαπητοῦ</strong></span> <span class='ocrx_word' id='word_1_207' title='bbox 1630 2134 1658 2153; x_wconf 66' lang='grc'><strong>’‹</strong></span> 
     </span>
    </p>
   </div>
   <div class='ocr_carea' id='block_1_34' title="bbox 1207 2100 2738 2186">
    <p class='ocr_par' dir='ltr' id='par_1_34' title="bbox 1207 2112 2738 2186">
     <span class='ocr_line' id='line_1_34' title="bbox 1207 2112 2738 2186; baseline 0.003 -19"><span class='ocrx_word' id='word_1_208' title='bbox 1207 2112 1288 2168; x_wconf 72' lang='grc' dir='ltr'><strong>τοῦ</strong></span> <span class='ocrx_word' id='word_1_209' title='bbox 1324 2113 1608 2186; x_wconf 81' lang='grc' dir='ltr'><strong>ἀγαπητοῦ</strong></span> <span class='ocrx_word' id='word_1_210' title='bbox 1630 2134 1658 2153; x_wconf 57' lang='grc' dir='ltr'>ι</span> <span class='ocrx_word' id='word_1_211' title='bbox 1952 2118 2042 2173; x_wconf 90' lang='grc'><strong>26.</strong></span> <span class='ocrx_word' id='word_1_212' title='bbox 2074 2117 2189 2174; x_wconf 77' lang='lat' dir='ltr'><strong>Rex</strong></span> <span class='ocrx_word' id='word_1_213' title='bbox 2220 2117 2481 2173; x_wconf 86' lang='lat' dir='ltr'><strong>virtutum</strong></span> <span class='ocrx_word' id='word_1_214' title='bbox 2506 2117 2689 2173; x_wconf 90' lang='lat' dir='ltr'><strong>dilecti</strong></span> <span class='ocrx_word' id='word_1_215' title='bbox 2725 2136 2738 2172; x_wconf 94' lang='lat'>:</span> 
     </span>
    </p>
   </div>
   <div class='ocr_carea' id='block_1_35' title="bbox 262 2195 1793 2282">
    <p class='ocr_par' dir='ltr' id='par_1_35' title="bbox 262 2195 1614 2271">
     <span class='ocr_line' id='line_1_35' title="bbox 262 2195 1614 2271; baseline 0.013 -24"><span class='ocrx_word' id='word_1_216' title='bbox 262 2195 356 2248; x_wconf 89' lang='lat'><strong>27.</strong></span> <span class='ocrx_word' id='word_1_217' title='bbox 389 2197 467 2267; x_wconf 84' lang='grc' dir='ltr'>Τῇ</span> <span class='ocrx_word' id='word_1_218' title='bbox 494 2198 788 2271; x_wconf 86' lang='grc' dir='ltr'>ὡραιότητι</span> <span class='ocrx_word' id='word_1_219' title='bbox 809 2202 904 2255; x_wconf 83' lang='grc' dir='ltr'><strong>τοῦ</strong></span> <span class='ocrx_word' id='word_1_220' title='bbox 930 2202 1081 2258; x_wconf 73' lang='grc' dir='ltr'>οἴκου</span> <span class='ocrx_word' id='word_1_221' title='bbox 1114 2205 1385 2262; x_wconf 82' lang='grc' dir='ltr'>διελέσθαι</span> <span class='ocrx_word' id='word_1_222' title='bbox 1421 2208 1614 2265; x_wconf 82' lang='grc' dir='ltr'>σκῦλα,</span> 
     </span>
    </p>
   </div>
   <div class='ocr_carea' id='block_1_36' title="bbox 1492 2195 3023 2282">
    <p class='ocr_par' dir='ltr' id='par_1_36' title="bbox 1494 2208 3023 2282">
     <span class='ocr_line' id='line_1_36' title="bbox 1494 2208 3023 2282; baseline 0.002 -19"><span class='ocrx_word' id='word_1_223' title='bbox 1494 2208 1614 2265; x_wconf 83' lang='grc' dir='ltr'>ὓλα,</span> <span class='ocrx_word' id='word_1_224' title='bbox 1952 2212 2043 2266; x_wconf 86' lang='lat'><strong>27.</strong></span> <span class='ocrx_word' id='word_1_225' title='bbox 2080 2211 2292 2282; x_wconf 89' lang='lat' dir='ltr'><strong>Speciei</strong></span> <span class='ocrx_word' id='word_1_226' title='bbox 2324 2212 2523 2267; x_wconf 90' lang='lat' dir='ltr'><strong>domus</strong></span> <span class='ocrx_word' id='word_1_227' title='bbox 2555 2211 2794 2267; x_wconf 87' lang='lat' dir='ltr'><strong>dividere</strong></span> <span class='ocrx_word' id='word_1_228' title='bbox 2828 2210 3023 2280; x_wconf 86' lang='lat' dir='ltr'><strong>spolia.</strong></span> 
     </span>
    </p>
   </div>
   <div class='ocr_carea' id='block_1_37' title="bbox 260 2285 1791 2373">
    <p class='ocr_par' dir='ltr' id='par_1_37' title="bbox 260 2285 1588 2373">
     <span class='ocr_line' id='line_1_37' title="bbox 260 2285 1588 2373; baseline 0.014 -35"><span class='ocrx_word' id='word_1_229' title='bbox 260 2285 352 2340; x_wconf 88' lang='lat'><strong>28.</strong></span> <span class='ocrx_word' id='word_1_230' title='bbox 401 2289 527 2342; x_wconf 88' lang='grc' dir='ltr'><strong>Ἐὰν</strong></span> <span class='ocrx_word' id='word_1_231' title='bbox 550 2292 852 2364; x_wconf 85' lang='grc' dir='ltr'>κοιμηθῆτε</span> <span class='ocrx_word' id='word_1_232' title='bbox 888 2295 1162 2368; x_wconf 83' lang='grc' dir='ltr'>ἅναμέσον</span> <span class='ocrx_word' id='word_1_233' title='bbox 1188 2298 1298 2354; x_wconf 79' lang='grc' dir='ltr'>τῶν</span> <span class='ocrx_word' id='word_1_234' title='bbox 1332 2300 1553 2373; x_wconf 85' lang='grc' dir='ltr'>κλήρων</span> <span class='ocrx_word' id='word_1_235' title='bbox 1574 2319 1588 2334; x_wconf 87' lang='grc'><strong>·</strong></span> 
     </span>
    </p>
   </div>
   <div class='ocr_carea' id='block_1_38' title="bbox 1599 2285 3130 2373">
    <p class='ocr_par' dir='ltr' id='par_1_38' title="bbox 1954 2302 3130 2359">
     <span class='ocr_line' id='line_1_38' title="bbox 1954 2302 3130 2359; baseline -0.002 0"><span class='ocrx_word' id='word_1_236' title='bbox 1954 2305 2045 2359; x_wconf 86' lang='grc'><strong>28.</strong></span> <span class='ocrx_word' id='word_1_237' title='bbox 2090 2302 2148 2358; x_wconf 90' lang='lat' dir='ltr'><strong>Si</strong></span> <span class='ocrx_word' id='word_1_238' title='bbox 2188 2305 2475 2359; x_wconf 89' lang='lat' dir='ltr'><strong>dormiatis</strong></span> <span class='ocrx_word' id='word_1_239' title='bbox 2502 2304 2644 2359; x_wconf 84' lang='lat' dir='ltr'><strong>inter</strong></span> <span class='ocrx_word' id='word_1_240' title='bbox 2674 2302 2881 2358; x_wconf 83' lang='lat' dir='ltr'><strong>medios</strong></span> <span class='ocrx_word' id='word_1_241' title='bbox 2906 2303 3083 2358; x_wconf 87' lang='lat' dir='ltr'><strong>cleros</strong></span> <span class='ocrx_word' id='word_1_242' title='bbox 3116 2320 3130 2357; x_wconf 91' lang='lat'><strong>:</strong></span> 
     </span>
    </p>
   </div>
   <div class='ocr_carea' id='block_1_39' title="bbox 264 2378 1795 2467">
    <p class='ocr_par' dir='ltr' id='par_1_39' title="bbox 264 2378 1597 2463">
     <span class='ocr_line' id='line_1_39' title="bbox 264 2378 1597 2463; baseline 0.012 -32"><span class='ocrx_word' id='word_1_243' title='bbox 264 2378 353 2435; x_wconf 90' lang='lat'><strong>29.</strong></span> <span class='ocrx_word' id='word_1_244' title='bbox 381 2380 662 2453; x_wconf 82' lang='grc' dir='ltr'>Πτέρυγες</span> <span class='ocrx_word' id='word_1_245' title='bbox 690 2389 1022 2459; x_wconf 84' lang='grc' dir='ltr'>περιστερᾶς</span> <span class='ocrx_word' id='word_1_246' title='bbox 1052 2392 1597 2463; x_wconf 82' lang='grc' dir='ltr'>περιηργυρωμέναι,</span> 
     </span>
    </p>
   </div>
   <div class='ocr_carea' id='block_1_40' title="bbox 1477 2378 3008 2467">
    <p class='ocr_par' dir='ltr' id='par_1_40' title="bbox 1477 2392 3008 2467">
     <span class='ocr_line' id='line_1_40' title="bbox 1477 2392 3008 2467; baseline 0.004 -22"><span class='ocrx_word' id='word_1_247' title='bbox 1477 2392 1597 2458; x_wconf 81' lang='grc' dir='ltr'>Ξναι,</span> <span class='ocrx_word' id='word_1_248' title='bbox 1953 2397 2045 2452; x_wconf 83' lang='grc'><strong>29.</strong></span> <span class='ocrx_word' id='word_1_249' title='bbox 2079 2396 2280 2452; x_wconf 80' lang='lat' dir='ltr'><strong>Pcnnae</strong></span> <span class='ocrx_word' id='word_1_250' title='bbox 2310 2398 2581 2453; x_wconf 79' lang='lat' dir='ltr'><strong>columbae</strong></span> <span class='ocrx_word' id='word_1_251' title='bbox 2611 2397 3008 2467; x_wconf 69' lang='lat' dir='ltr'><strong>deargentataz,</strong></span> 
     </span>
    </p>
   </div>
   <div class='ocr_carea' id='block_1_41' title="bbox 261 2540 1792 2634">
    <p class='ocr_par' dir='ltr' id='par_1_41' title="bbox 261 2540 1768 2627">
     <span class='ocr_line' id='line_1_41' title="bbox 261 2540 1768 2627; baseline 0.013 -34"><span class='ocrx_word' id='word_1_252' title='bbox 261 2540 341 2613; x_wconf 88' lang='lat' dir='ltr'><strong>(a)</strong></span> <span class='ocrx_word' id='word_1_253' title='bbox 367 2542 522 2603; x_wconf 83' lang='lat' dir='ltr'><strong>Vers.</strong></span> <span class='ocrx_word' id='word_1_254' title='bbox 552 2546 639 2605; x_wconf 87' lang='grc'><strong>19.</strong></span> <span class='ocrx_word' id='word_1_255' title='bbox 665 2549 743 2619; x_wconf 87' lang='grc' dir='ltr'><strong>Γῆ</strong></span> <span class='ocrx_word' id='word_1_256' title='bbox 768 2586 787 2617; x_wconf 82' lang='lat'><strong>,</strong></span> <span class='ocrx_word' id='word_1_257' title='bbox 823 2558 928 2608; x_wconf 87' lang='lat' dir='ltr'><strong>etc.</strong></span> <span class='ocrx_word' id='word_1_258' title='bbox 983 2566 1159 2609; x_wconf 85' lang='lat' dir='ltr'><strong>usuue</strong></span> <span class='ocrx_word' id='word_1_259' title='bbox 1206 2553 1274 2610; x_wconf 90' lang='lat' dir='ltr'><strong>ad</strong></span> <span class='ocrx_word' id='word_1_260' title='bbox 1303 2554 1560 2621; x_wconf 80' lang='grc' dir='ltr'>ἔσταξαν.</span> <span class='ocrx_word' id='word_1_261' title='bbox 1610 2558 1645 2627; x_wconf 61' lang='grc' dir='ltr'><em>ᾖ</em></span> <span class='ocrx_word' id='word_1_262' title='bbox 1675 2558 1768 2613; x_wconf 87' lang='grc'><strong>20.</strong></span> 
     </span>
    </p>
   </div>
   <div class='ocr_carea' id='block_1_42' title="bbox 1338 2540 2869 2634">
    <p class='ocr_par' dir='ltr' id='par_1_42' title="bbox 1338 2554 2869 2634">
     <span class='ocr_line' id='line_1_42' title="bbox 1338 2554 2869 2634; baseline 0.007 -27"><span class='ocrx_word' id='word_1_263' title='bbox 1338 2554 1560 2621; x_wconf 82' lang='grc' dir='ltr'>σταξαν.</span> <span class='ocrx_word' id='word_1_264' title='bbox 1610 2558 1645 2627; x_wconf 60' lang='grc' dir='ltr'><em>ᾖ</em></span> <span class='ocrx_word' id='word_1_265' title='bbox 1675 2558 1768 2613; x_wconf 87' lang='grc'><strong>20.</strong></span> <span class='ocrx_word' id='word_1_266' title='bbox 1824 2559 1957 2614; x_wconf 84' lang='grc' dir='ltr'>Ἀπὸ</span> <span class='ocrx_word' id='word_1_267' title='bbox 1993 2560 2291 2615; x_wconf 74' lang='grc' dir='ltr'>προσώπου</span> <span class='ocrx_word' id='word_1_268' title='bbox 2317 2576 2495 2633; x_wconf 89' lang='lat' dir='ltr'><strong>usque</strong></span> <span class='ocrx_word' id='word_1_269' title='bbox 2526 2568 2595 2617; x_wconf 86' lang='lat' dir='ltr'><strong>ad</strong></span> <span class='ocrx_word' id='word_1_270' title='bbox 2634 2562 2869 2634; x_wconf 79' lang='grc' dir='ltr'>Ἰσραήλ.</span> 
     </span>
    </p>
   </div>
   <div class='ocr_carea' id='block_1_43' title="bbox 1324 2672 2337 2779">
    <p class='ocr_par' dir='ltr' id='par_1_43' title="bbox 1324 2672 2337 2779">
     <span class='ocr_line' id='line_1_43' title="bbox 1324 2672 2337 2779; baseline 0.009 -9"><span class='ocrx_word' id='word_1_271' title='bbox 1324 2715 1704 2774; x_wconf 78' lang='lat' dir='ltr'><strong>ATHANASI‘I</strong></span> <span class='ocrx_word' id='word_1_272' title='bbox 1743 2672 2337 2779; x_wconf 75' lang='grc' dir='ltr'><strong>ΙΝΤΕΒΡΒΕΤΑΤΙΟ.</strong></span> 
     </span>
    </p>
   </div>
   <div class='ocr_carea' id='block_1_44' title="bbox 258 2851 1789 2951">
    <p class='ocr_par' dir='ltr' id='par_1_44' title="bbox 258 2851 1781 2942">
     <span class='ocr_line' id='line_1_44' title="bbox 258 2851 1781 2942; baseline 0.012 -36"><span class='ocrx_word' id='word_1_273' title='bbox 258 2851 350 2907; x_wconf 83' lang='grc'><strong>15.</strong></span> <span class='ocrx_word' id='word_1_274' title='bbox 381 2853 521 2916; x_wconf 83' lang='grc' dir='ltr'>Τοὺς</span> <span class='ocrx_word' id='word_1_275' title='bbox 543 2856 742 2923; x_wconf 81' lang='grc' dir='ltr'>αὐτοὺς</span> <span class='ocrx_word' id='word_1_276' title='bbox 782 2861 1115 2929; x_wconf 78' lang='grc' dir='ltr'>μονάζοντας</span> <span class='ocrx_word' id='word_1_277' title='bbox 1159 2866 1225 2920; x_wconf 85' lang='grc' dir='ltr'><strong>ὲκ</strong></span> <span class='ocrx_word' id='word_1_278' title='bbox 1270 2867 1380 2922; x_wconf 84' lang='grc' dir='ltr'><strong>τῶν</strong></span> <span class='ocrx_word' id='word_1_279' title='bbox 1422 2869 1641 2942; x_wconf 85' lang='grc' dir='ltr'>δεσμῶν</span> <span class='ocrx_word' id='word_1_280' title='bbox 1671 2870 1781 2925; x_wconf 84' lang='grc' dir='ltr'>τῶν</span> 
     </span>
    </p>
   </div>
   <div class='ocr_carea' id='block_1_45' title="bbox 1929 2851 3460 2951">
    <p class='ocr_par' dir='ltr' id='par_1_45' title="bbox 1951 2874 3460 2951">
     <span class='ocr_line' id='line_1_45' title="bbox 1951 2874 3460 2951; baseline 0.008 -23"><span class='ocrx_word' id='word_1_281' title='bbox 1951 2875 2040 2932; x_wconf 80' lang='grc'><strong>15.</strong></span> <span class='ocrx_word' id='word_1_282' title='bbox 2074 2874 2307 2933; x_wconf 91' lang='lat' dir='ltr'><strong>Eosdem</strong></span> <span class='ocrx_word' id='word_1_283' title='bbox 2335 2878 2639 2934; x_wconf 87' lang='lat' dir='ltr'><strong>monachos</strong></span> <span class='ocrx_word' id='word_1_284' title='bbox 2659 2895 2690 2935; x_wconf 90' lang='lat' dir='ltr'><strong>e</strong></span> <span class='ocrx_word' id='word_1_285' title='bbox 2722 2880 2958 2937; x_wconf 78' lang='lat' dir='ltr'><strong>vinculis</strong></span> <span class='ocrx_word' id='word_1_286' title='bbox 2997 2890 3343 2951; x_wconf 86' lang='lat' dir='ltr'><strong>peccatorum</strong></span> <span class='ocrx_word' id='word_1_287' title='bbox 3374 2899 3460 2941; x_wconf 85' lang='lat' dir='ltr'><strong>re-</strong></span> 
     </span>
    </p>
   </div>
   <div class='ocr_carea' id='block_1_46' title="bbox 177 2942 1708 3041">
    <p class='ocr_par' dir='ltr' id='par_1_46' title="bbox 177 2942 1708 3033">
     <span class='ocr_line' id='line_1_46' title="bbox 177 2942 1708 3033; baseline 0.016 -40"><span class='ocrx_word' id='word_1_288' title='bbox 177 2942 473 3015; x_wconf 81' lang='grc' dir='ltr'>ἁμαρτιῶν</span> <span class='ocrx_word' id='word_1_289' title='bbox 505 2945 869 3027; x_wconf 76' lang='grc' dir='ltr'>λυτρούμενος</span> <span class='ocrx_word' id='word_1_290' title='bbox 891 2953 948 3005; x_wconf 83' lang='grc' dir='ltr'>ὲν</span> <span class='ocrx_word' id='word_1_291' title='bbox 984 2953 1130 3024; x_wconf 78' lang='grc' dir='ltr'>ἰσχύϊ</span> <span class='ocrx_word' id='word_1_292' title='bbox 1267 2958 1408 3013; x_wconf 79' lang='grc' dir='ltr'>κατὰ</span> <span class='ocrx_word' id='word_1_293' title='bbox 1448 2961 1547 3032; x_wconf 85' lang='grc' dir='ltr'>τῆς</span> <span class='ocrx_word' id='word_1_294' title='bbox 1594 2962 1708 3033; x_wconf 83' lang='grc' dir='ltr'>ἅμα</span> 
     </span>
    </p>
   </div>
   <div class='ocr_carea' id='block_1_47' title="bbox 1534 2942 3065 3041">
    <p class='ocr_par' dir='ltr' id='par_1_47' title="bbox 1534 2942 3065 3041">
     <span class='ocr_line' id='line_1_47' title="bbox 1534 2942 3065 3041; baseline 0.007 -26"><span class='ocrx_word' id='word_1_295' title='bbox 1534 2979 1547 3025; x_wconf 84' lang='lat'><strong><em>;</em></strong></span> <span class='ocrx_word' id='word_1_296' title='bbox 1594 2962 1782 3036; x_wconf 83' lang='grc' dir='ltr'>ἁμαρ·</span> <span class='ocrx_word' id='word_1_297' title='bbox 1877 2965 2093 3023; x_wconf 88' lang='lat' dir='ltr'><strong>dimens</strong></span> <span class='ocrx_word' id='word_1_298' title='bbox 2120 2969 2175 3021; x_wconf 93' lang='lat' dir='ltr'><strong>in</strong></span> <span class='ocrx_word' id='word_1_299' title='bbox 2198 2965 2521 3024; x_wconf 85' lang='lat' dir='ltr'><strong>fortitudine</strong></span> <span class='ocrx_word' id='word_1_300' title='bbox 2543 2977 2735 3025; x_wconf 86' lang='lat' dir='ltr'><strong>contra</strong></span> <span class='ocrx_word' id='word_1_301' title='bbox 2758 2942 3065 3041; x_wconf 76' lang='lat' dir='ltr'><strong>peccatum.</strong></span> 
     </span>
    </p>
   </div>
   <div class='ocr_carea' id='block_1_48' title="bbox 175 3036 330 3099">
    <p class='ocr_par' dir='ltr' id='par_1_48' title="bbox 175 3036 330 3099">
     <span class='ocr_line' id='line_1_48' title="bbox 175 3036 330 3099; baseline 0 -11"><span class='ocrx_word' id='word_1_302' title='bbox 175 3036 330 3099; x_wconf 81' lang='grc' dir='ltr'>τίας.</span> 
     </span>
    </p>
   </div>
   <div class='ocr_carea' id='block_1_49' title="bbox 256 3126 1787 3225">
    <p class='ocr_par' dir='ltr' id='par_1_49' title="bbox 256 3126 1779 3225">
     <span class='ocr_line' id='line_1_49' title="bbox 256 3126 1779 3225; baseline 0.016 -47"><span class='ocrx_word' id='word_1_303' title='bbox 256 3126 345 3225; x_wconf 52' lang='lat' dir='ltr'><strong>i6.</strong></span> <span class='ocrx_word' id='word_1_304' title='bbox 378 3129 516 3225; x_wconf 64' lang='grc' dir='ltr'>Τοὸς</span> <span class='ocrx_word' id='word_1_305' title='bbox 538 3130 625 3184; x_wconf 77' lang='grc' dir='ltr'><strong>διὰ</strong></span> <span class='ocrx_word' id='word_1_306' title='bbox 653 3133 761 3225; x_wconf 82' lang='grc' dir='ltr'>τῷν</span> <span class='ocrx_word' id='word_1_307' title='bbox 794 3136 1079 3210; x_wconf 84' lang='grc' dir='ltr'>ἁμαρτιῶν</span> <span class='ocrx_word' id='word_1_308' title='bbox 1223 3146 1779 3217; x_wconf 78' lang='grc' dir='ltr'>παραπικραίνοντας</span> 
     </span>
    </p>
   </div>
   <div class='ocr_carea' id='block_1_50' title="bbox 1928 3126 3459 3225">
    <p class='ocr_par' dir='ltr' id='par_1_50' title="bbox 1944 3149 3459 3225">
     <span class='ocr_line' id='line_1_50' title="bbox 1944 3149 3459 3225; baseline 0.004 -20"><span class='ocrx_word' id='word_1_309' title='bbox 1944 3150 2032 3205; x_wconf 87' lang='grc'><strong>16.</strong></span> <span class='ocrx_word' id='word_1_310' title='bbox 2068 3149 2173 3218; x_wconf 89' lang='lat' dir='ltr'><strong>Qui</strong></span> <span class='ocrx_word' id='word_1_311' title='bbox 2233 3151 2389 3222; x_wconf 86' lang='lat' dir='ltr'><strong>prius</strong></span> <span class='ocrx_word' id='word_1_312' title='bbox 2448 3153 2914 3209; x_wconf 80' lang='lat' dir='ltr'><strong>exacerbaverant</strong></span> <span class='ocrx_word' id='word_1_313' title='bbox 2979 3169 3107 3210; x_wconf 89' lang='lat' dir='ltr'><strong>eum</strong></span> <span class='ocrx_word' id='word_1_314' title='bbox 3184 3156 3459 3225; x_wconf 84' lang='lat' dir='ltr'><strong>peccatis,</strong></span> 
     </span>
    </p>
   </div>
   <div class='ocr_carea' id='block_1_51' title="bbox 173 3218 1704 3335">
    <p class='ocr_par' dir='ltr' id='par_1_51' title="bbox 173 3218 1704 3335">
     <span class='ocr_line' id='line_1_51' title="bbox 173 3218 1704 3307; baseline 0.012 -33"><span class='ocrx_word' id='word_1_315' title='bbox 173 3218 345 3274; x_wconf 82' lang='grc' dir='ltr'>αὑτὸν</span> <span class='ocrx_word' id='word_1_316' title='bbox 368 3220 652 3295; x_wconf 83' lang='grc' dir='ltr'>πρότερον,</span> <span class='ocrx_word' id='word_1_317' title='bbox 682 3224 907 3299; x_wconf 75' lang='grc' dir='ltr'>ὕστερον</span> <span class='ocrx_word' id='word_1_318' title='bbox 936 3229 993 3283; x_wconf 82' lang='grc' dir='ltr'>δὲ</span> <span class='ocrx_word' id='word_1_319' title='bbox 1022 3236 1486 3307; x_wconf 84' lang='grc' dir='ltr'>μετανοήσαντας,</span> <span class='ocrx_word' id='word_1_320' title='bbox 1518 3239 1614 3292; x_wconf 74' lang='grc' dir='ltr'><strong>καὶ</strong></span> <span class='ocrx_word' id='word_1_321' title='bbox 1639 3257 1704 3293; x_wconf 89' lang='grc' dir='ltr'><strong>κα</strong></span> 
     </span>
     <span class='ocr_line' id='line_1_52' title="bbox 174 3309 1675 3335; baseline 0 0"><span class='ocrx_word' id='word_1_322' title='bbox 174 3309 470 3335; x_wconf 65' lang='lat'><strong>-.-.-.‘:.._.._</strong></span> <span class='ocrx_word' id='word_1_323' title='bbox 504 3314 767 3335; x_wconf 40' lang='lat'><strong>1.._!_.-_.,</strong></span> <span class='ocrx_word' id='word_1_324' title='bbox 959 3320 970 3335; x_wconf 83' lang='grc'><strong><em>1</em></strong></span> <span class='ocrx_word' id='word_1_325' title='bbox 1124 3324 1136 3335; x_wconf 88' lang='grc'><strong>.</strong></span> <span class='ocrx_word' id='word_1_326' title='bbox 1275 3327 1296 3335; x_wconf 91' lang='grc'><strong>..</strong></span> <span class='ocrx_word' id='word_1_327' title='bbox 1486 3331 1507 3335; x_wconf 79' lang='lat'><strong><em>_</em></strong></span> <span class='ocrx_word' id='word_1_328' title='bbox 1590 3328 1675 3335; x_wconf 83' lang='lat'><strong>_._.</strong></span> 
     </span>
    </p>
   </div>
   <div class='ocr_carea' id='block_1_52' title="bbox 1930 3218 3461 3335">
    <p class='ocr_par' dir='ltr' id='par_1_52' title="bbox 1930 3218 3461 3319">
     <span class='ocr_line' id='line_1_53' title="bbox 1930 3218 3461 3319; baseline 0.003 -21"><span class='ocrx_word' id='word_1_329' title='bbox 1930 3246 2072 3299; x_wconf 63' lang='lat' dir='ltr'><strong>ainde</strong></span> <span class='ocrx_word' id='word_1_330' title='bbox 2115 3218 2443 3315; x_wconf 70' lang='lat' dir='ltr'><strong>poenitentes</strong></span> <span class='ocrx_word' id='word_1_331' title='bbox 2464 3288 2479 3313; x_wconf 93' lang='lat'><strong>,</strong></span> <span class='ocrx_word' id='word_1_332' title='bbox 2513 3256 2567 3302; x_wconf 91' lang='lat' dir='ltr'><strong>et</strong></span> <span class='ocrx_word' id='word_1_333' title='bbox 2601 3247 2913 3303; x_wconf 82' lang='lat' dir='ltr'><strong>habitantes</strong></span> <span class='ocrx_word' id='word_1_334' title='bbox 2945 3248 2998 3302; x_wconf 90' lang='lat' dir='ltr'><strong>in</strong></span> <span class='ocrx_word' id='word_1_335' title='bbox 3028 3249 3327 3319; x_wconf 87' lang='lat' dir='ltr'><strong>sepulcris,</strong></span> <span class='ocrx_word' id='word_1_336' title='bbox 3356 3249 3461 3303; x_wconf 85' lang='lat' dir='ltr'><strong>hoc</strong></span> 
     </span>
    </p>
   </div>
   <div class='ocr_carea' id='block_1_53' title="bbox 174 3309 1705 3406">
    <p class='ocr_par' dir='ltr' id='par_1_53' title="bbox 174 3309 1705 3399">
     <span class='ocr_line' id='line_1_54' title="bbox 174 3309 1705 3399; baseline 0.015 -39"><span class='ocrx_word' id='word_1_337' title='bbox 174 3309 470 3375; x_wconf 78' lang='grc' dir='ltr'>οικοῦντας</span> <span class='ocrx_word' id='word_1_338' title='bbox 501 3315 558 3365; x_wconf 87' lang='grc' dir='ltr'>ὲν</span> <span class='ocrx_word' id='word_1_339' title='bbox 578 3314 790 3385; x_wconf 68' lang='grc' dir='ltr'>τάφοις,</span> <span class='ocrx_word' id='word_1_340' title='bbox 814 3320 1094 3375; x_wconf 79' lang='grc' dir='ltr'>τουτέστιν</span> <span class='ocrx_word' id='word_1_341' title='bbox 1121 3324 1179 3376; x_wconf 86' lang='grc' dir='ltr'>ὲν</span> <span class='ocrx_word' id='word_1_342' title='bbox 1204 3327 1326 3390; x_wconf 89' lang='grc' dir='ltr'>ταῖς</span> <span class='ocrx_word' id='word_1_343' title='bbox 1346 3331 1556 3398; x_wconf 86' lang='grc' dir='ltr'>μοναῖς,</span> <span class='ocrx_word' id='word_1_344' title='bbox 1587 3328 1705 3399; x_wconf 58' lang='grc' dir='ltr'><strong>ἐξά]</strong></span> 
     </span>
    </p>
   </div>
   <div class='ocr_carea' id='block_1_54' title="bbox 1930 3309 3461 3406">
    <p class='ocr_par' dir='ltr' id='par_1_54' title="bbox 1930 3338 3461 3406">
     <span class='ocr_line' id='line_1_55' title="bbox 1930 3338 3461 3406; baseline 0.003 -16"><span class='ocrx_word' id='word_1_345' title='bbox 1930 3350 1959 3393; x_wconf 67' lang='grc' dir='ltr'><strong>ιι</strong></span> <span class='ocrx_word' id='word_1_346' title='bbox 1986 3338 2040 3392; x_wconf 91' lang='lat' dir='ltr'><strong>in</strong></span> <span class='ocrx_word' id='word_1_347' title='bbox 2086 3341 2461 3406; x_wconf 86' lang='lat' dir='ltr'><strong>monasteriis,</strong></span> <span class='ocrx_word' id='word_1_348' title='bbox 2489 3340 2675 3397; x_wconf 81' lang='lat' dir='ltr'><strong>educit</strong></span> <span class='ocrx_word' id='word_1_349' title='bbox 2701 3340 2758 3396; x_wconf 92' lang='lat' dir='ltr'><strong>in</strong></span> <span class='ocrx_word' id='word_1_350' title='bbox 2789 3340 3110 3397; x_wconf 82' lang='lat' dir='ltr'><strong>fortitudine</strong></span> <span class='ocrx_word' id='word_1_351' title='bbox 3134 3350 3323 3396; x_wconf 91' lang='lat' dir='ltr'><strong>contra</strong></span> <span class='ocrx_word' id='word_1_352' title='bbox 3345 3341 3461 3395; x_wconf 85' lang='lat' dir='ltr'><strong>dia-</strong></span> 
     </span>
    </p>
   </div>
   <div class='ocr_carea' id='block_1_55' title="bbox 173 3401 2080 3485">
    <p class='ocr_par' dir='ltr' id='par_1_55' title="bbox 173 3401 2080 3485">
     <span class='ocr_line' id='line_1_56' title="bbox 173 3401 2080 3485; baseline 0.016 -31"><span class='ocrx_word' id='word_1_353' title='bbox 173 3401 239 3455; x_wconf 83' lang='grc' dir='ltr'>ὲν</span> <span class='ocrx_word' id='word_1_354' title='bbox 267 3401 493 3475; x_wconf 74' lang='grc' dir='ltr'>ἀνδρείᾳ</span> <span class='ocrx_word' id='word_1_355' title='bbox 514 3406 656 3459; x_wconf 85' lang='grc' dir='ltr'><strong>κατὰ</strong></span> <span class='ocrx_word' id='word_1_356' title='bbox 678 3408 771 3462; x_wconf 82' lang='grc' dir='ltr'>τοῦ</span> <span class='ocrx_word' id='word_1_357' title='bbox 800 3411 1070 3467; x_wconf 83' lang='grc' dir='ltr'>διαϐόλου.</span> <span class='ocrx_word' id='word_1_358' title='bbox 1874 3429 2080 3485; x_wconf 81' lang='lat' dir='ltr'><strong>bolum.</strong></span> 
     </span>
    </p>
   </div>
   <div class='ocr_carea' id='block_1_56' title="bbox 256 3492 1787 3591">
    <p class='ocr_par' dir='ltr' id='par_1_56' title="bbox 256 3492 1776 3582">
     <span class='ocr_line' id='line_1_57' title="bbox 256 3492 1776 3582; baseline 0.013 -37"><span class='ocrx_word' id='word_1_359' title='bbox 256 3492 342 3547; x_wconf 91' lang='grc'><strong>17.</strong></span> <span class='ocrx_word' id='word_1_360' title='bbox 382 3495 438 3546; x_wconf 91' lang='grc' dir='ltr'>Ὁ</span> <span class='ocrx_word' id='word_1_361' title='bbox 465 3494 617 3562; x_wconf 81' lang='grc' dir='ltr'>Θεὸς,</span> <span class='ocrx_word' id='word_1_362' title='bbox 636 3500 693 3552; x_wconf 78' lang='grc' dir='ltr'>ὲν</span> <span class='ocrx_word' id='word_1_363' title='bbox 718 3499 797 3570; x_wconf 84' lang='grc' dir='ltr'>τῷ</span> <span class='ocrx_word' id='word_1_364' title='bbox 829 3502 1225 3575; x_wconf 79' lang='grc' dir='ltr'>ἐκπορεύεσθαι</span> <span class='ocrx_word' id='word_1_365' title='bbox 1255 3524 1314 3560; x_wconf 91' lang='grc' dir='ltr'><strong>σε</strong></span> <span class='ocrx_word' id='word_1_366' title='bbox 1343 3509 1407 3562; x_wconf 83' lang='grc' dir='ltr'><strong>ἐκ</strong></span> <span class='ocrx_word' id='word_1_367' title='bbox 1432 3510 1542 3562; x_wconf 82' lang='grc' dir='ltr'>τῶν</span> <span class='ocrx_word' id='word_1_368' title='bbox 1576 3526 1776 3582; x_wconf 79' lang='grc' dir='ltr'>πατρι-</span> 
     </span>
    </p>
   </div>
   <div class='ocr_carea' id='block_1_57' title="bbox 1929 3492 3460 3591">
    <p class='ocr_par' dir='ltr' id='par_1_57' title="bbox 1949 3520 3460 3591">
     <span class='ocr_line' id='line_1_58' title="bbox 1949 3520 3460 3591; baseline 0.001 -17"><span class='ocrx_word' id='word_1_369' title='bbox 1949 3521 2036 3576; x_wconf 85' lang='grc'><strong>17.</strong></span> <span class='ocrx_word' id='word_1_370' title='bbox 2072 3521 2238 3588; x_wconf 91' lang='lat' dir='ltr'><strong>Deus,</strong></span> <span class='ocrx_word' id='word_1_371' title='bbox 2272 3537 2400 3577; x_wconf 88' lang='lat' dir='ltr'><strong>cum</strong></span> <span class='ocrx_word' id='word_1_372' title='bbox 2441 3530 2496 3576; x_wconf 91' lang='lat' dir='ltr'><strong>tu</strong></span> <span class='ocrx_word' id='word_1_373' title='bbox 2524 3521 2848 3591; x_wconf 85' lang='lat' dir='ltr'><strong>procederes</strong></span> <span class='ocrx_word' id='word_1_374' title='bbox 2893 3537 2962 3578; x_wconf 78' lang='lat' dir='ltr'><strong>ex</strong></span> <span class='ocrx_word' id='word_1_375' title='bbox 3016 3521 3141 3578; x_wconf 91' lang='lat' dir='ltr'><strong>sinu</strong></span> <span class='ocrx_word' id='word_1_376' title='bbox 3172 3520 3368 3588; x_wconf 87' lang='lat' dir='ltr'><strong>Patris,</strong></span> <span class='ocrx_word' id='word_1_377' title='bbox 3402 3532 3460 3576; x_wconf 91' lang='lat' dir='ltr'><strong>ut</strong></span> 
     </span>
    </p>
   </div>
   <div class='ocr_carea' id='block_1_58' title="bbox 178 3582 1709 3681">
    <p class='ocr_par' dir='ltr' id='par_1_58' title="bbox 178 3582 1709 3673">
     <span class='ocr_line' id='line_1_59' title="bbox 178 3582 1709 3673; baseline 0.014 -38"><span class='ocrx_word' id='word_1_378' title='bbox 178 3582 296 3637; x_wconf 83' lang='grc' dir='ltr'>κῶν</span> <span class='ocrx_word' id='word_1_379' title='bbox 328 3585 564 3653; x_wconf 85' lang='grc' dir='ltr'>κόλπων,</span> <span class='ocrx_word' id='word_1_380' title='bbox 594 3590 825 3662; x_wconf 69' lang='grc' dir='ltr'>ὀφθῆναι</span> <span class='ocrx_word' id='word_1_381' title='bbox 860 3596 952 3648; x_wconf 75' lang='grc' dir='ltr'><strong>ἐπὶ</strong></span> <span class='ocrx_word' id='word_1_382' title='bbox 983 3598 1083 3668; x_wconf 84' lang='grc' dir='ltr'><strong>τῆς</strong></span> <span class='ocrx_word' id='word_1_383' title='bbox 1116 3600 1219 3669; x_wconf 83' lang='grc' dir='ltr'><strong>γῆς</strong></span> <span class='ocrx_word' id='word_1_384' title='bbox 1248 3602 1361 3664; x_wconf 87' lang='grc' dir='ltr'>τοῖς</span> <span class='ocrx_word' id='word_1_385' title='bbox 1388 3600 1709 3673; x_wconf 85' lang='grc' dir='ltr'>ἀνθρώποις.</span> 
     </span>
    </p>
   </div>
   <div class='ocr_carea' id='block_1_59' title="bbox 1266 3582 2797 3681">
    <p class='ocr_par' dir='ltr' id='par_1_59' title="bbox 1266 3600 2797 3681">
     <span class='ocr_line' id='line_1_60' title="bbox 1266 3600 2797 3681; baseline 0.002 -17"><span class='ocrx_word' id='word_1_386' title='bbox 1266 3602 1361 3664; x_wconf 75' lang='grc' dir='ltr'>τοῖς</span> <span class='ocrx_word' id='word_1_387' title='bbox 1388 3600 1718 3673; x_wconf 79' lang='grc' dir='ltr'>ἀνθρώποις.</span> <span class='ocrx_word' id='word_1_388' title='bbox 1875 3626 2171 3681; x_wconf 85' lang='lat' dir='ltr'><strong>appareres</strong></span> <span class='ocrx_word' id='word_1_389' title='bbox 2199 3614 2251 3666; x_wconf 89' lang='lat' dir='ltr'><strong>in</strong></span> <span class='ocrx_word' id='word_1_390' title='bbox 2281 3621 2426 3667; x_wconf 89' lang='lat' dir='ltr'><strong>terra</strong></span> <span class='ocrx_word' id='word_1_391' title='bbox 2455 3613 2797 3667; x_wconf 87' lang='lat' dir='ltr'><strong>hominibus.</strong></span> 
     </span>
    </p>
   </div>
   <div class='ocr_carea' id='block_1_60' title="bbox 254 3676 1785 3776">
    <p class='ocr_par' dir='ltr' id='par_1_60' title="bbox 254 3676 1772 3767">
     <span class='ocr_line' id='line_1_61' title="bbox 254 3676 1772 3767; baseline 0.013 -37"><span class='ocrx_word' id='word_1_392' title='bbox 254 3676 341 3731; x_wconf 87' lang='grc'><strong>18.</strong></span> <span class='ocrx_word' id='word_1_393' title='bbox 383 3678 470 3734; x_wconf 88' lang='grc' dir='ltr'>Ἑν</span> <span class='ocrx_word' id='word_1_394' title='bbox 514 3681 594 3753; x_wconf 81' lang='grc' dir='ltr'>τῷ</span> <span class='ocrx_word' id='word_1_395' title='bbox 622 3683 923 3757; x_wconf 84' lang='grc' dir='ltr'>ὁδοιπορεῖν</span> <span class='ocrx_word' id='word_1_396' title='bbox 953 3705 1012 3741; x_wconf 93' lang='grc' dir='ltr'><strong>σε</strong></span> <span class='ocrx_word' id='word_1_397' title='bbox 1055 3690 1114 3741; x_wconf 81' lang='grc' dir='ltr'><strong>ἐν</strong></span> <span class='ocrx_word' id='word_1_398' title='bbox 1158 3690 1235 3762; x_wconf 87' lang='grc' dir='ltr'><strong>τῷ</strong></span> <span class='ocrx_word' id='word_1_399' title='bbox 1270 3692 1483 3764; x_wconf 83' lang='grc' dir='ltr'>κόσμῳ,</span> <span class='ocrx_word' id='word_1_400' title='bbox 1535 3695 1604 3748; x_wconf 78' lang='grc' dir='ltr'><strong>τὰ</strong></span> <span class='ocrx_word' id='word_1_401' title='bbox 1643 3696 1772 3767; x_wconf 73' lang='grc' dir='ltr'>ἔθνη</span> 
     </span>
    </p>
   </div>
   <div class='ocr_carea' id='block_1_61' title="bbox 1927 3676 3458 3776">
    <p class='ocr_par' dir='ltr' id='par_1_61' title="bbox 1948 3702 3458 3776">
     <span class='ocr_line' id='line_1_62' title="bbox 1948 3702 3458 3776; baseline 0.002 -20"><span class='ocrx_word' id='word_1_402' title='bbox 1948 3703 2034 3757; x_wconf 88' lang='grc'><strong>18.</strong></span> <span class='ocrx_word' id='word_1_403' title='bbox 2066 3704 2205 3757; x_wconf 84' lang='lat' dir='ltr'><strong>Cum</strong></span> <span class='ocrx_word' id='word_1_404' title='bbox 2268 3712 2324 3758; x_wconf 93' lang='lat' dir='ltr'><strong>tu</strong></span> <span class='ocrx_word' id='word_1_405' title='bbox 2380 3705 2484 3758; x_wconf 88' lang='lat' dir='ltr'><strong>iter</strong></span> <span class='ocrx_word' id='word_1_406' title='bbox 2549 3703 2760 3760; x_wconf 85' lang='lat' dir='ltr'><strong>faceres</strong></span> <span class='ocrx_word' id='word_1_407' title='bbox 2840 3702 2897 3758; x_wconf 91' lang='lat' dir='ltr'><strong>in</strong></span> <span class='ocrx_word' id='word_1_408' title='bbox 2966 3704 3209 3771; x_wconf 89' lang='lat' dir='ltr'><strong>mundo,</strong></span> <span class='ocrx_word' id='word_1_409' title='bbox 3267 3712 3458 3776; x_wconf 78' lang='lat' dir='ltr'><strong>gentes</strong></span> 
     </span>
    </p>
   </div>
   <div class='ocr_carea' id='block_1_62' title="bbox 176 3766 1707 3866">
    <p class='ocr_par' dir='ltr' id='par_1_62' title="bbox 176 3766 1707 3856">
     <span class='ocr_line' id='line_1_63' title="bbox 176 3766 1707 3856; baseline 0.009 -33"><span class='ocrx_word' id='word_1_410' title='bbox 176 3766 257 3837; x_wconf 81' lang='grc'><strong>(5)</strong></span> <span class='ocrx_word' id='word_1_411' title='bbox 295 3770 663 3843; x_wconf 82' lang='grc' dir='ltr'>μετετέθησαν</span> <span class='ocrx_word' id='word_1_412' title='bbox 692 3774 800 3828; x_wconf 85' lang='grc' dir='ltr'><strong>ἀπὸ</strong></span> <span class='ocrx_word' id='word_1_413' title='bbox 825 3776 925 3847; x_wconf 83' lang='grc' dir='ltr'><strong>τῆς</strong></span> <span class='ocrx_word' id='word_1_414' title='bbox 945 3778 1389 3851; x_wconf 78' lang='grc' dir='ltr'>εἰδωλολατρείας</span> <span class='ocrx_word' id='word_1_415' title='bbox 1419 3784 1500 3847; x_wconf 83' lang='grc' dir='ltr'><strong>εἰς</strong></span> <span class='ocrx_word' id='word_1_416' title='bbox 1524 3784 1624 3856; x_wconf 86' lang='grc' dir='ltr'><strong>τὴν</strong></span> <span class='ocrx_word' id='word_1_417' title='bbox 1647 3787 1707 3839; x_wconf 80' lang='grc' dir='ltr'><strong>ἐτι</strong></span> 
     </span>
    </p>
   </div>
   <div class='ocr_carea' id='block_1_63' title="bbox 1922 3766 3453 3866">
    <p class='ocr_par' dir='ltr' id='par_1_63' title="bbox 1928 3766 3453 3866">
     <span class='ocr_line' id='line_1_64' title="bbox 1928 3766 3453 3866; baseline 0.001 -19"><span class='ocrx_word' id='word_1_418' title='bbox 1928 3793 2155 3848; x_wconf 81' lang='lat' dir='ltr'><strong>anslatae</strong></span> <span class='ocrx_word' id='word_1_419' title='bbox 2179 3804 2308 3849; x_wconf 91' lang='lat' dir='ltr'><strong>sunt</strong></span> <span class='ocrx_word' id='word_1_420' title='bbox 2342 3794 2411 3849; x_wconf 91' lang='lat' dir='ltr'><strong>ab</strong></span> <span class='ocrx_word' id='word_1_421' title='bbox 2441 3794 2754 3850; x_wconf 86' lang='lat' dir='ltr'><strong>idololatria</strong></span> <span class='ocrx_word' id='word_1_422' title='bbox 2793 3794 2846 3849; x_wconf 93' lang='lat' dir='ltr'><strong>in</strong></span> <span class='ocrx_word' id='word_1_423' title='bbox 2880 3796 3248 3866; x_wconf 83' lang='lat' dir='ltr'><strong>cognitionem</strong></span> <span class='ocrx_word' id='word_1_424' title='bbox 3268 3766 3453 3850; x_wconf 61' lang='lat' dir='ltr'><strong>tuam.</strong></span> 
     </span>
    </p>
   </div>
   <div class='ocr_carea' id='block_1_64' title="bbox 176 3876 533 3929">
    <p class='ocr_par' dir='ltr' id='par_1_64' title="bbox 176 3876 533 3929">
     <span class='ocr_line' id='line_1_65' title="bbox 176 3876 533 3929; baseline 0.011 -17"><span class='ocrx_word' id='word_1_425' title='bbox 176 3876 385 3929; x_wconf 87' lang='grc' dir='ltr'>γνωσιν</span> <span class='ocrx_word' id='word_1_426' title='bbox 416 3879 509 3915; x_wconf 83' lang='grc' dir='ltr'><strong>σου</strong></span> <span class='ocrx_word' id='word_1_427' title='bbox 520 3904 533 3916; x_wconf 93' lang='grc'><strong>.</strong></span> 
     </span>
    </p>
   </div>
   <div class='ocr_carea' id='block_1_65' title="bbox 250 3952 1781 4049">
    <p class='ocr_par' dir='ltr' id='par_1_65' title="bbox 250 3952 1773 4037">
     <span class='ocr_line' id='line_1_66' title="bbox 250 3952 1773 4037; baseline 0.012 -32"><span class='ocrx_word' id='word_1_428' title='bbox 250 3952 339 4007; x_wconf 89' lang='grc'><strong>19.</strong></span> <span class='ocrx_word' id='word_1_429' title='bbox 374 3954 483 4007; x_wconf 75' lang='grc' dir='ltr'>Καὶ</span> <span class='ocrx_word' id='word_1_430' title='bbox 510 3954 619 4026; x_wconf 79' lang='grc' dir='ltr'>γὰρ</span> <span class='ocrx_word' id='word_1_431' title='bbox 645 3956 693 4008; x_wconf 80' lang='grc' dir='ltr'>οἱ</span> <span class='ocrx_word' id='word_1_432' title='bbox 718 3956 1008 4011; x_wconf 79' lang='grc' dir='ltr'>ἀπόστολοι</span> <span class='ocrx_word' id='word_1_433' title='bbox 1038 3976 1131 4013; x_wconf 91' lang='grc' dir='ltr'><strong>σου</strong></span> <span class='ocrx_word' id='word_1_434' title='bbox 1152 3961 1247 4016; x_wconf 90' lang='grc' dir='ltr'><strong>τὸν</strong></span> <span class='ocrx_word' id='word_1_435' title='bbox 1274 3962 1432 4034; x_wconf 80' lang='grc' dir='ltr'>λόγον</span> <span class='ocrx_word' id='word_1_436' title='bbox 1459 3983 1553 4020; x_wconf 91' lang='grc' dir='ltr'><strong>σου</strong></span> <span class='ocrx_word' id='word_1_437' title='bbox 1576 3965 1773 4037; x_wconf 79' lang='grc' dir='ltr'>ἔταξαν</span> 
     </span>
    </p>
   </div>
   <div class='ocr_carea' id='block_1_66' title="bbox 1923 3952 3454 4049">
    <p class='ocr_par' dir='ltr' id='par_1_66' title="bbox 1943 3978 3454 4049">
     <span class='ocr_line' id='line_1_67' title="bbox 1943 3978 3454 4049; baseline 0.001 -16"><span class='ocrx_word' id='word_1_438' title='bbox 1943 3979 2031 4035; x_wconf 89' lang='grc'><strong>19.</strong></span> <span class='ocrx_word' id='word_1_439' title='bbox 2070 3978 2285 4035; x_wconf 86' lang='lat' dir='ltr'><strong>Etenim</strong></span> <span class='ocrx_word' id='word_1_440' title='bbox 2308 3980 2543 4049; x_wconf 86' lang='lat' dir='ltr'><strong>apostoli</strong></span> <span class='ocrx_word' id='word_1_441' title='bbox 2573 3982 2652 4036; x_wconf 89' lang='lat' dir='ltr'><strong>tui</strong></span> <span class='ocrx_word' id='word_1_442' title='bbox 2689 3995 2998 4036; x_wconf 90' lang='lat' dir='ltr'><strong>sermonem</strong></span> <span class='ocrx_word' id='word_1_443' title='bbox 3040 3989 3195 4034; x_wconf 91' lang='lat' dir='ltr'><strong>tuum</strong></span> <span class='ocrx_word' id='word_1_444' title='bbox 3224 3978 3454 4035; x_wconf 89' lang='lat' dir='ltr'><strong>distilla-</strong></span> 
     </span>
    </p>
   </div>
   <div class='ocr_carea' id='block_1_67' title="bbox 174 4046 1705 4129">
    <p class='ocr_par' dir='ltr' id='par_1_67' title="bbox 174 4046 874 4118">
     <span class='ocr_line' id='line_1_68' title="bbox 174 4046 874 4118; baseline 0.01 -19"><span class='ocrx_word' id='word_1_445' title='bbox 174 4048 259 4111; x_wconf 82' lang='grc' dir='ltr'><strong>εἰς</strong></span> <span class='ocrx_word' id='word_1_446' title='bbox 287 4046 388 4111; x_wconf 78' lang='grc' dir='ltr'>τὰς</span> <span class='ocrx_word' id='word_1_447' title='bbox 410 4048 639 4118; x_wconf 79' lang='grc' dir='ltr'>καρδίας</span> <span class='ocrx_word' id='word_1_448' title='bbox 672 4051 874 4107; x_wconf 81' lang='grc' dir='ltr'>αὐτῶν.</span> 
     </span>
    </p>
   </div>
   <div class='ocr_carea' id='block_1_68' title="bbox 1057 4046 2588 4129">
    <p class='ocr_par' dir='ltr' id='par_1_68' title="bbox 1874 4072 2588 4129">
     <span class='ocr_line' id='line_1_69' title="bbox 1874 4072 2588 4129; baseline 0.003 -3"><span class='ocrx_word' id='word_1_449' title='bbox 1874 4080 2072 4127; x_wconf 74' lang='lat' dir='ltr'><strong>verunt</strong></span> <span class='ocrx_word' id='word_1_450' title='bbox 2096 4072 2151 4126; x_wconf 94' lang='lat' dir='ltr'><strong>in</strong></span> <span class='ocrx_word' id='word_1_451' title='bbox 2179 4086 2369 4126; x_wconf 89' lang='lat' dir='ltr'><strong>eorum</strong></span> <span class='ocrx_word' id='word_1_452' title='bbox 2400 4072 2588 4129; x_wconf 90' lang='lat' dir='ltr'><strong>corda.</strong></span> 
     </span>
    </p>
   </div>
   <div class='ocr_carea' id='block_1_69' title="bbox 249 4141 1780 4220">
    <p class='ocr_par' dir='ltr' id='par_1_69' title="bbox 249 4141 958 4203">
     <span class='ocr_line' id='line_1_70' title="bbox 249 4141 958 4203; baseline 0.008 -7"><span class='ocrx_word' id='word_1_453' title='bbox 249 4141 340 4196; x_wconf 79' lang='lat'><strong>20.</strong></span> <span class='ocrx_word' id='word_1_454' title='bbox 385 4142 517 4196; x_wconf 84' lang='grc' dir='ltr'>Ἀπὸ</span> <span class='ocrx_word' id='word_1_455' title='bbox 546 4143 642 4197; x_wconf 82' lang='grc' dir='ltr'>τοῦ</span> <span class='ocrx_word' id='word_1_456' title='bbox 675 4144 806 4199; x_wconf 84' lang='grc' dir='ltr'>Υἱοῦ</span> <span class='ocrx_word' id='word_1_457' title='bbox 844 4164 958 4203; x_wconf 86' lang='grc' dir='ltr'>σου.</span> 
     </span>
    </p>
   </div>
   <div class='ocr_carea' id='block_1_70' title="bbox 890 4141 2421 4220">
    <p class='ocr_par' dir='ltr' id='par_1_70' title="bbox 890 4163 2421 4220">
     <span class='ocr_line' id='line_1_71' title="bbox 890 4163 2421 4220; baseline 0.013 -20"><span class='ocrx_word' id='word_1_458' title='bbox 890 4164 958 4203; x_wconf 66' lang='lat' dir='ltr'><strong>zu.</strong></span> <span class='ocrx_word' id='word_1_459' title='bbox 1942 4164 2033 4218; x_wconf 85' lang='grc'><strong>20.</strong></span> <span class='ocrx_word' id='word_1_460' title='bbox 2063 4163 2109 4218; x_wconf 75' lang='grc' dir='ltr'><strong>Α</strong></span> <span class='ocrx_word' id='word_1_461' title='bbox 2143 4164 2281 4219; x_wconf 84' lang='lat' dir='ltr'><strong>Filio</strong></span> <span class='ocrx_word' id='word_1_462' title='bbox 2308 4174 2421 4220; x_wconf 92' lang='lat' dir='ltr'><strong>tuo.</strong></span> 
     </span>
    </p>
   </div>
   <div class='ocr_carea' id='block_1_71' title="bbox 250 4232 2834 4329">
    <p class='ocr_par' dir='ltr' id='par_1_71' title="bbox 250 4232 2834 4329">
     <span class='ocr_line' id='line_1_72' title="bbox 250 4232 2834 4329; baseline 0.01 -41"><span class='ocrx_word' id='word_1_463' title='bbox 372 4235 445 4329; x_wconf 76' lang='grc' dir='ltr'><strong>Τὸ</strong></span> <span class='ocrx_word' id='word_1_464' title='bbox 467 4236 735 4329; x_wconf 76' lang='grc' dir='ltr'>κήρυγμα</span> <span class='ocrx_word' id='word_1_465' title='bbox 768 4242 883 4305; x_wconf 83' lang='grc' dir='ltr'>τοῖς</span> <span class='ocrx_word' id='word_1_466' title='bbox 902 4241 1135 4299; x_wconf 80' lang='grc' dir='ltr'>ἔθνεσιν.</span> <span class='ocrx_word' id='word_1_467' title='bbox 1942 4254 2036 4312; x_wconf 83' lang='lat' dir='ltr'><strong>2i.</strong></span> <span class='ocrx_word' id='word_1_468' title='bbox 2068 4253 2524 4312; x_wconf 66' lang='lat' dir='ltr'><strong>Praedicationem</strong></span> <span class='ocrx_word' id='word_1_469' title='bbox 2558 4256 2834 4329; x_wconf 82' lang='lat' dir='ltr'><strong>gentibus.</strong></span> 
     </span>
    </p>
   </div>
   <div class='ocr_carea' id='block_1_72' title="bbox 246 4323 1777 4418">
    <p class='ocr_par' dir='ltr' id='par_1_72' title="bbox 246 4323 1770 4416">
     <span class='ocr_line' id='line_1_73' title="bbox 246 4323 1770 4416; baseline 0.014 -38"><span class='ocrx_word' id='word_1_470' title='bbox 246 4323 340 4380; x_wconf 83' lang='grc'><strong>22.</strong></span> <span class='ocrx_word' id='word_1_471' title='bbox 377 4328 488 4381; x_wconf 71' lang='grc' dir='ltr'><strong>Καὶ</strong></span> <span class='ocrx_word' id='word_1_472' title='bbox 516 4330 825 4402; x_wconf 80' lang='grc' dir='ltr'>ήσθένησαν</span> <span class='ocrx_word' id='word_1_473' title='bbox 851 4334 920 4387; x_wconf 83' lang='grc' dir='ltr'>τὰ</span> <span class='ocrx_word' id='word_1_474' title='bbox 945 4334 1097 4407; x_wconf 77' lang='grc' dir='ltr'>ἔθνη,</span> <span class='ocrx_word' id='word_1_475' title='bbox 1124 4338 1218 4391; x_wconf 78' lang='grc' dir='ltr'><strong>καὶ</strong></span> <span class='ocrx_word' id='word_1_476' title='bbox 1244 4338 1273 4391; x_wconf 83' lang='grc' dir='ltr'><em>ὁ</em></span> <span class='ocrx_word' id='word_1_477' title='bbox 1302 4339 1507 4413; x_wconf 84' lang='grc' dir='ltr'>Κύριος</span> <span class='ocrx_word' id='word_1_478' title='bbox 1539 4343 1770 4416; x_wconf 77' lang='grc' dir='ltr'>ἰασάμε-</span> 
     </span>
    </p>
   </div>
   <div class='ocr_carea' id='block_1_73' title="bbox 1920 4323 3451 4418">
    <p class='ocr_par' dir='ltr' id='par_1_73' title="bbox 1943 4323 3451 4418">
     <span class='ocr_line' id='line_1_74' title="bbox 1943 4323 3451 4418; baseline 0.007 -19"><span class='ocrx_word' id='word_1_479' title='bbox 1943 4345 2034 4400; x_wconf 84' lang='grc'><strong>22.</strong></span> <span class='ocrx_word' id='word_1_480' title='bbox 2069 4345 2135 4402; x_wconf 91' lang='lat' dir='ltr'><strong>Et</strong></span> <span class='ocrx_word' id='word_1_481' title='bbox 2164 4357 2354 4418; x_wconf 80' lang='lat' dir='ltr'><strong>gentes</strong></span> <span class='ocrx_word' id='word_1_482' title='bbox 2386 4323 2677 4404; x_wconf 60' lang='lat' dir='ltr'><strong>infirmata</strong></span> <span class='ocrx_word' id='word_1_483' title='bbox 2709 4358 2871 4414; x_wconf 86' lang='lat' dir='ltr'><strong>sunt,</strong></span> <span class='ocrx_word' id='word_1_484' title='bbox 2918 4358 2973 4404; x_wconf 89' lang='lat' dir='ltr'><strong>et</strong></span> <span class='ocrx_word' id='word_1_485' title='bbox 3021 4348 3286 4407; x_wconf 84' lang='lat' dir='ltr'><strong>Dominus</strong></span> <span class='ocrx_word' id='word_1_486' title='bbox 3328 4368 3451 4408; x_wconf 87' lang='lat' dir='ltr'><strong>cum</strong></span> 
     </span>
    </p>
   </div>
   <div class='ocr_carea' id='block_1_74' title="bbox 170 4419 1701 4511">
    <p class='ocr_par' dir='ltr' id='par_1_74' title="bbox 170 4419 1446 4501">
     <span class='ocr_line' id='line_1_75' title="bbox 170 4419 1446 4501; baseline 0.014 -32"><span class='ocrx_word' id='word_1_487' title='bbox 170 4435 267 4482; x_wconf 87' lang='grc' dir='ltr'><strong>νος</strong></span> <span class='ocrx_word' id='word_1_488' title='bbox 290 4419 622 4491; x_wconf 68' lang='grc' dir='ltr'>κατήρτισεν</span> <span class='ocrx_word' id='word_1_489' title='bbox 657 4424 800 4479; x_wconf 82' lang='grc' dir='ltr'>αὐτὰ</span> <span class='ocrx_word' id='word_1_490' title='bbox 828 4428 910 4489; x_wconf 71' lang='grc' dir='ltr'><strong>εἰς</strong></span> <span class='ocrx_word' id='word_1_491' title='bbox 929 4426 991 4480; x_wconf 89' lang='grc' dir='ltr'><strong>τὸ</strong></span> <span class='ocrx_word' id='word_1_492' title='bbox 1015 4429 1229 4501; x_wconf 79' lang='grc' dir='ltr'>θέλημα</span> <span class='ocrx_word' id='word_1_493' title='bbox 1260 4432 1446 4488; x_wconf 81' lang='grc' dir='ltr'>αὐτοῦ.</span> 
     </span>
    </p>
   </div>
   <div class='ocr_carea' id='block_1_75' title="bbox 1714 4419 3245 4511">
    <p class='ocr_par' dir='ltr' id='par_1_75' title="bbox 1872 4439 3245 4511">
     <span class='ocr_line' id='line_1_76' title="bbox 1872 4439 3245 4511; baseline 0.001 -17"><span class='ocrx_word' id='word_1_494' title='bbox 1872 4439 2199 4505; x_wconf 87' lang='lat' dir='ltr'><strong>sanavisset,</strong></span> <span class='ocrx_word' id='word_1_495' title='bbox 2236 4439 2578 4511; x_wconf 77' lang='lat' dir='ltr'><strong>perfeciteas</strong></span> <span class='ocrx_word' id='word_1_496' title='bbox 2607 4440 2661 4496; x_wconf 90' lang='lat' dir='ltr'><strong>in</strong></span> <span class='ocrx_word' id='word_1_497' title='bbox 2698 4443 3032 4497; x_wconf 89' lang='lat' dir='ltr'><strong>voluntatem</strong></span> <span class='ocrx_word' id='word_1_498' title='bbox 3069 4458 3245 4498; x_wconf 88' lang='lat' dir='ltr'><strong>suam.</strong></span> 
     </span>
    </p>
   </div>
   <div class='ocr_carea' id='block_1_76' title="bbox 244 4510 1775 4594">
    <p class='ocr_par' dir='ltr' id='par_1_76' title="bbox 244 4510 1191 4594">
     <span class='ocr_line' id='line_1_77' title="bbox 244 4510 1191 4594; baseline 0.013 -30"><span class='ocrx_word' id='word_1_499' title='bbox 244 4510 337 4565; x_wconf 79' lang='lat'><strong>25.</strong></span> <span class='ocrx_word' id='word_1_500' title='bbox 373 4513 437 4565; x_wconf 81' lang='grc' dir='ltr'>Οἱ</span> <span class='ocrx_word' id='word_1_501' title='bbox 461 4515 643 4568; x_wconf 80' lang='grc' dir='ltr'>πιστοὶ</span> <span class='ocrx_word' id='word_1_502' title='bbox 680 4518 739 4571; x_wconf 80' lang='grc' dir='ltr'><strong>ἐν</strong></span> <span class='ocrx_word' id='word_1_503' title='bbox 763 4521 827 4591; x_wconf 81' lang='grc' dir='ltr'><strong>τῇ</strong></span> <span class='ocrx_word' id='word_1_504' title='bbox 873 4520 1191 4594; x_wconf 78' lang='grc' dir='ltr'>Ἐκκλησία.</span> 
     </span>
    </p>
   </div>
   <div class='ocr_carea' id='block_1_77' title="bbox 1125 4510 2656 4594">
    <p class='ocr_par' dir='ltr' id='par_1_77' title="bbox 1125 4510 2656 4594">
     <span class='ocr_line' id='line_1_78' title="bbox 1125 4510 2656 4594; baseline 0.008 -19"><span class='ocrx_word' id='word_1_505' title='bbox 1125 4523 1191 4594; x_wconf 79' lang='grc' dir='ltr'><strong>ῖᾳ.</strong></span> <span class='ocrx_word' id='word_1_506' title='bbox 1937 4528 2029 4584; x_wconf 76' lang='grc'><strong>25.</strong></span> <span class='ocrx_word' id='word_1_507' title='bbox 2066 4510 2280 4587; x_wconf 88' lang='lat' dir='ltr'><strong>Fideles</strong></span> <span class='ocrx_word' id='word_1_508' title='bbox 2306 4531 2361 4587; x_wconf 88' lang='lat' dir='ltr'><strong>in</strong></span> <span class='ocrx_word' id='word_1_509' title='bbox 2394 4529 2656 4587; x_wconf 86' lang='lat' dir='ltr'><strong>Ecclesia.</strong></span> 
     </span>
    </p>
   </div>
   <div class='ocr_carea' id='block_1_78' title="bbox 244 4603 1775 4696">
    <p class='ocr_par' dir='ltr' id='par_1_78' title="bbox 244 4603 1763 4692">
     <span class='ocr_line' id='line_1_79' title="bbox 244 4603 1763 4692; baseline 0.013 -36"><span class='ocrx_word' id='word_1_510' title='bbox 244 4603 341 4657; x_wconf 89' lang='lat'><strong>24.</strong></span> <span class='ocrx_word' id='word_1_511' title='bbox 371 4604 461 4676; x_wconf 79' lang='grc' dir='ltr'><strong>Τῷ</strong></span> <span class='ocrx_word' id='word_1_512' title='bbox 493 4605 604 4678; x_wconf 88' lang='grc' dir='ltr'><strong>λαῷ</strong></span> <span class='ocrx_word' id='word_1_513' title='bbox 627 4608 705 4679; x_wconf 83' lang='grc' dir='ltr'>τῷ</span> <span class='ocrx_word' id='word_1_514' title='bbox 729 4611 973 4684; x_wconf 86' lang='grc' dir='ltr'>ταπεινῷ</span> <span class='ocrx_word' id='word_1_515' title='bbox 988 4616 1053 4686; x_wconf 83' lang='grc' dir='ltr'>τῇ</span> <span class='ocrx_word' id='word_1_516' title='bbox 1078 4615 1277 4688; x_wconf 77' lang='grc' dir='ltr'>καρδίᾳ</span> <span class='ocrx_word' id='word_1_517' title='bbox 1295 4617 1395 4690; x_wconf 83' lang='grc' dir='ltr'><strong>τὴν</strong></span> <span class='ocrx_word' id='word_1_518' title='bbox 1412 4617 1526 4676; x_wconf 80' lang='grc' dir='ltr'>ἄνω</span> <span class='ocrx_word' id='word_1_519' title='bbox 1566 4620 1763 4692; x_wconf 84' lang='grc' dir='ltr'>Ἰερου-</span> 
     </span>
    </p>
   </div>
   <div class='ocr_carea' id='block_1_79' title="bbox 1916 4603 3447 4696">
    <p class='ocr_par' dir='ltr' id='par_1_79' title="bbox 1942 4621 3447 4696">
     <span class='ocr_line' id='line_1_80' title="bbox 1942 4621 3447 4696; baseline 0.005 -20"><span class='ocrx_word' id='word_1_520' title='bbox 1942 4622 2034 4677; x_wconf 87' lang='lat'><strong>24.</strong></span> <span class='ocrx_word' id='word_1_521' title='bbox 2064 4621 2273 4693; x_wconf 89' lang='lat' dir='ltr'><strong>Populo</strong></span> <span class='ocrx_word' id='word_1_522' title='bbox 2310 4625 2505 4679; x_wconf 92' lang='lat' dir='ltr'><strong>humili</strong></span> <span class='ocrx_word' id='word_1_523' title='bbox 2554 4627 2717 4682; x_wconf 92' lang='lat' dir='ltr'><strong>corde</strong></span> <span class='ocrx_word' id='word_1_524' title='bbox 2752 4641 3046 4696; x_wconf 87' lang='lat' dir='ltr'><strong>supernam</strong></span> <span class='ocrx_word' id='word_1_525' title='bbox 3086 4624 3447 4684; x_wconf 80' lang='lat' dir='ltr'><strong>Hierusalem.</strong></span> 
     </span>
    </p>
   </div>
   <div class='ocr_carea' id='block_1_80' title="bbox 172 4695 384 4767">
    <p class='ocr_par' dir='ltr' id='par_1_80' title="bbox 172 4695 384 4767">
     <span class='ocr_line' id='line_1_81' title="bbox 172 4695 384 4767; baseline -0.005 -17"><span class='ocrx_word' id='word_1_526' title='bbox 172 4695 313 4767; x_wconf 84' lang='grc' dir='ltr'>σαλή</span> <span class='ocrx_word' id='word_1_527' title='bbox 324 4715 384 4766; x_wconf 88' lang='grc' dir='ltr'><strong>μ.</strong></span> 
     </span>
    </p>
   </div>
   <div class='ocr_carea' id='block_1_81' title="bbox 240 4788 1771 4873">
    <p class='ocr_par' dir='ltr' id='par_1_81' title="bbox 240 4788 868 4860">
     <span class='ocr_line' id='line_1_82' title="bbox 240 4788 868 4860; baseline 0.011 -17"><span class='ocrx_word' id='word_1_528' title='bbox 240 4788 336 4843; x_wconf 79' lang='lat'><strong>25.</strong></span> <span class='ocrx_word' id='word_1_529' title='bbox 369 4790 494 4854; x_wconf 86' lang='grc' dir='ltr'>Τοῖς</span> <span class='ocrx_word' id='word_1_530' title='bbox 529 4792 868 4860; x_wconf 80' lang='grc' dir='ltr'>ἀποστόλοις.</span> 
     </span>
    </p>
   </div>
   <div class='ocr_carea' id='block_1_82' title="bbox 816 4788 2347 4873">
    <p class='ocr_par' dir='ltr' id='par_1_82' title="bbox 820 4800 2347 4873">
     <span class='ocr_line' id='line_1_83' title="bbox 820 4800 2347 4873; baseline 0.005 -22"><span class='ocrx_word' id='word_1_531' title='bbox 820 4812 868 4860; x_wconf 86' lang='grc' dir='ltr'><strong>ς.</strong></span> <span class='ocrx_word' id='word_1_532' title='bbox 1936 4800 2027 4857; x_wconf 80' lang='lat'><strong>25.</strong></span> <span class='ocrx_word' id='word_1_533' title='bbox 2057 4804 2347 4873; x_wconf 83' lang='lat' dir='ltr'><strong>Apostolis.</strong></span> 
     </span>
    </p>
   </div>
   <div class='ocr_carea' id='block_1_83' title="bbox 241 4880 1772 4966">
    <p class='ocr_par' dir='ltr' id='par_1_83' title="bbox 241 4880 1201 4960">
     <span class='ocr_line' id='line_1_84' title="bbox 241 4880 1201 4960; baseline 0.015 -26"><span class='ocrx_word' id='word_1_534' title='bbox 241 4880 334 4936; x_wconf 88' lang='lat'><strong>26.</strong></span> <span class='ocrx_word' id='word_1_535' title='bbox 372 4882 447 4935; x_wconf 91' lang='grc' dir='ltr'><strong>Τὸ</strong></span> <span class='ocrx_word' id='word_1_536' title='bbox 478 4882 633 4952; x_wconf 76' lang='grc' dir='ltr'>ἅγιον</span> <span class='ocrx_word' id='word_1_537' title='bbox 670 4887 896 4960; x_wconf 80' lang='grc' dir='ltr'>Πνεῦμα</span> <span class='ocrx_word' id='word_1_538' title='bbox 923 4889 1020 4944; x_wconf 82' lang='grc' dir='ltr'>τοῦ</span> <span class='ocrx_word' id='word_1_539' title='bbox 1048 4892 1201 4949; x_wconf 82' lang='grc' dir='ltr'><strong>Υἰοῦ.</strong></span> 
     </span>
    </p>
   </div>
   <div class='ocr_carea' id='block_1_84' title="bbox 1201 4880 2732 4966">
    <p class='ocr_par' dir='ltr' id='par_1_84' title="bbox 1935 4892 2732 4966">
     <span class='ocr_line' id='line_1_85' title="bbox 1935 4892 2732 4966; baseline 0.009 -21"><span class='ocrx_word' id='word_1_540' title='bbox 1935 4892 2027 4947; x_wconf 90' lang='grc'><strong>26.</strong></span> <span class='ocrx_word' id='word_1_541' title='bbox 2063 4893 2298 4951; x_wconf 86' lang='lat' dir='ltr'><strong>Sanctus</strong></span> <span class='ocrx_word' id='word_1_542' title='bbox 2321 4894 2560 4966; x_wconf 87' lang='lat' dir='ltr'><strong>Spiritus</strong></span> <span class='ocrx_word' id='word_1_543' title='bbox 2588 4894 2732 4952; x_wconf 87' lang='lat' dir='ltr'><strong>Filii.</strong></span> 
     </span>
    </p>
   </div>
   <div class='ocr_carea' id='block_1_85' title="bbox 243 4970 1774 5066">
    <p class='ocr_par' dir='ltr' id='par_1_85' title="bbox 243 4970 1766 5066">
     <span class='ocr_line' id='line_1_86' title="bbox 243 4970 1766 5066; baseline 0.016 -42"><span class='ocrx_word' id='word_1_544' title='bbox 243 4970 337 5025; x_wconf 91' lang='lat'><strong>27.</strong></span> <span class='ocrx_word' id='word_1_545' title='bbox 372 4974 498 5066; x_wconf 81' lang='grc' dir='ltr'>Τοῖς</span> <span class='ocrx_word' id='word_1_546' title='bbox 545 4976 822 5043; x_wconf 81' lang='grc' dir='ltr'>ἐκλεκτοῖς</span> <span class='ocrx_word' id='word_1_547' title='bbox 860 4981 955 5035; x_wconf 72' lang='grc' dir='ltr'>τοῦ</span> <span class='ocrx_word' id='word_1_548' title='bbox 986 4983 1116 5038; x_wconf 81' lang='grc' dir='ltr'>λαοῦ</span> <span class='ocrx_word' id='word_1_549' title='bbox 1137 4984 1320 5040; x_wconf 86' lang='grc' dir='ltr'>δίδωσι</span> <span class='ocrx_word' id='word_1_550' title='bbox 1341 4986 1583 5060; x_wconf 67' lang='grc' dir='ltr'>διάφορα</span> <span class='ocrx_word' id='word_1_551' title='bbox 1604 5010 1766 5066; x_wconf 88' lang='grc' dir='ltr'>χαρι-</span> 
     </span>
    </p>
   </div>
   <div class='ocr_carea' id='block_1_86' title="bbox 1918 4970 3449 5066">
    <p class='ocr_par' dir='ltr' id='par_1_86' title="bbox 1936 4984 3449 5060">
     <span class='ocr_line' id='line_1_87' title="bbox 1936 4984 3449 5060; baseline 0.009 -23"><span class='ocrx_word' id='word_1_552' title='bbox 1936 4984 2028 5039; x_wconf 74' lang='lat'><strong>27.</strong></span> <span class='ocrx_word' id='word_1_553' title='bbox 2060 4985 2260 5044; x_wconf 90' lang='lat' dir='ltr'><strong>Electis</strong></span> <span class='ocrx_word' id='word_1_554' title='bbox 2304 4988 2495 5060; x_wconf 89' lang='lat' dir='ltr'><strong>populi</strong></span> <span class='ocrx_word' id='word_1_555' title='bbox 2542 4989 2636 5044; x_wconf 87' lang='lat' dir='ltr'><strong>dat</strong></span> <span class='ocrx_word' id='word_1_556' title='bbox 2682 4990 2922 5060; x_wconf 86' lang='lat' dir='ltr'><strong>Spiritus</strong></span> <span class='ocrx_word' id='word_1_557' title='bbox 2964 5003 3189 5050; x_wconf 82' lang='lat' dir='ltr'><strong>sanctus</strong></span> <span class='ocrx_word' id='word_1_558' title='bbox 3234 4994 3449 5051; x_wconf 86' lang='lat' dir='ltr'><strong>diversa</strong></span> 
     </span>
    </p>
   </div>
   <div class='ocr_carea' id='block_1_87' title="bbox 172 5064 2031 5141">
    <p class='ocr_par' dir='ltr' id='par_1_87' title="bbox 172 5064 2031 5141">
     <span class='ocr_line' id='line_1_88' title="bbox 172 5064 2031 5141; baseline 0.01 -28"><span class='ocrx_word' id='word_1_559' title='bbox 172 5078 362 5133; x_wconf 79' lang='grc' dir='ltr'>σματα</span> <span class='ocrx_word' id='word_1_560' title='bbox 387 5064 449 5117; x_wconf 91' lang='grc' dir='ltr'><strong>τὸ</strong></span> <span class='ocrx_word' id='word_1_561' title='bbox 476 5068 701 5139; x_wconf 76' lang='grc' dir='ltr'>Πνεῦμα</span> <span class='ocrx_word' id='word_1_562' title='bbox 729 5070 790 5124; x_wconf 88' lang='grc' dir='ltr'><strong>τὸ</strong></span> <span class='ocrx_word' id='word_1_563' title='bbox 811 5071 984 5141; x_wconf 82' lang='grc' dir='ltr'>ἆγιον.</span> <span class='ocrx_word' id='word_1_564' title='bbox 1683 5064 1693 5066; x_wconf 38' lang='grc'>⁷</span> <span class='ocrx_word' id='word_1_565' title='bbox 1867 5075 2031 5132; x_wconf 90' lang='lat' dir='ltr'><strong>dona.</strong></span> 
     </span>
    </p>
   </div>
   <div class='ocr_carea' id='block_1_88' title="bbox 243 5151 1774 5243">
    <p class='ocr_par' dir='ltr' id='par_1_88' title="bbox 243 5151 1763 5243">
     <span class='ocr_line' id='line_1_89' title="bbox 243 5151 1763 5243; baseline 0.017 -39"><span class='ocrx_word' id='word_1_566' title='bbox 243 5151 336 5243; x_wconf 90' lang='lat'><strong>28.</strong></span> <span class='ocrx_word' id='word_1_567' title='bbox 378 5154 505 5209; x_wconf 85' lang='grc' dir='ltr'>Ἐὰν</span> <span class='ocrx_word' id='word_1_568' title='bbox 536 5157 925 5233; x_wconf 82' lang='grc' dir='ltr'>ἁναπαύσησθε</span> <span class='ocrx_word' id='word_1_569' title='bbox 958 5166 1019 5219; x_wconf 84' lang='grc' dir='ltr'>ὲν</span> <span class='ocrx_word' id='word_1_570' title='bbox 1045 5169 1169 5232; x_wconf 88' lang='grc' dir='ltr'>ταῖς</span> <span class='ocrx_word' id='word_1_571' title='bbox 1194 5168 1437 5235; x_wconf 81' lang='grc' dir='ltr'>ἐντολαῖς</span> <span class='ocrx_word' id='word_1_572' title='bbox 1478 5170 1574 5227; x_wconf 83' lang='grc' dir='ltr'>τοῦ</span> <span class='ocrx_word' id='word_1_573' title='bbox 1601 5172 1763 5231; x_wconf 82' lang='grc' dir='ltr'>Θεοῦ.</span> 
     </span>
    </p>
   </div>
   <div class='ocr_carea' id='block_1_89' title="bbox 1558 5151 3089 5243">
    <p class='ocr_par' dir='ltr' id='par_1_89' title="bbox 1558 5169 3089 5243">
     <span class='ocr_line' id='line_1_90' title="bbox 1558 5169 3089 5243; baseline 0.006 -20"><span class='ocrx_word' id='word_1_574' title='bbox 1558 5172 1574 5227; x_wconf 75' lang='grc'><strong>5</strong></span> <span class='ocrx_word' id='word_1_575' title='bbox 1601 5172 1763 5231; x_wconf 82' lang='grc' dir='ltr'>Θεοῦ,</span> <span class='ocrx_word' id='word_1_576' title='bbox 1938 5169 2031 5225; x_wconf 89' lang='grc'><strong>28.</strong></span> <span class='ocrx_word' id='word_1_577' title='bbox 2069 5171 2126 5225; x_wconf 93' lang='lat' dir='ltr'><strong>Si</strong></span> <span class='ocrx_word' id='word_1_578' title='bbox 2158 5172 2540 5243; x_wconf 86' lang='lat' dir='ltr'><strong>requieveritis</strong></span> <span class='ocrx_word' id='word_1_579' title='bbox 2569 5175 2623 5230; x_wconf 92' lang='lat' dir='ltr'><strong>in</strong></span> <span class='ocrx_word' id='word_1_580' title='bbox 2668 5176 2939 5235; x_wconf 87' lang='lat' dir='ltr'><strong>mandatis</strong></span> <span class='ocrx_word' id='word_1_581' title='bbox 2972 5176 3089 5235; x_wconf 91' lang='lat' dir='ltr'><strong>Dei.</strong></span> 
     </span>
    </p>
   </div>
   <div class='ocr_carea' id='block_1_90' title="bbox 244 5242 1775 5341">
    <p class='ocr_par' dir='ltr' id='par_1_90' title="bbox 244 5242 1771 5340">
     <span class='ocr_line' id='line_1_91' title="bbox 244 5242 1771 5340; baseline 0.018 -44"><span class='ocrx_word' id='word_1_582' title='bbox 244 5242 337 5299; x_wconf 92' lang='lat'><strong>29.</strong></span> <span class='ocrx_word' id='word_1_583' title='bbox 373 5246 439 5299; x_wconf 79' lang='grc' dir='ltr'><strong>Αἱ</strong></span> <span class='ocrx_word' id='word_1_584' title='bbox 468 5247 564 5302; x_wconf 82' lang='grc' dir='ltr'><strong>δύο</strong></span> <span class='ocrx_word' id='word_1_585' title='bbox 600 5249 888 5323; x_wconf 69' lang='grc' dir='ltr'>διαθῆκαις</span> <span class='ocrx_word' id='word_1_586' title='bbox 908 5258 963 5309; x_wconf 80' lang='grc' dir='ltr'>αἱ</span> <span class='ocrx_word' id='word_1_587' title='bbox 997 5257 1079 5329; x_wconf 85' lang='grc' dir='ltr'><strong>τῷ</strong></span> <span class='ocrx_word' id='word_1_588' title='bbox 1112 5259 1251 5332; x_wconf 82' lang='grc' dir='ltr'><strong>ἁγίῳ</strong></span> <span class='ocrx_word' id='word_1_589' title='bbox 1285 5261 1570 5335; x_wconf 85' lang='grc' dir='ltr'>Πνεύματι</span> <span class='ocrx_word' id='word_1_590' title='bbox 1601 5265 1771 5340; x_wconf 85' lang='grc' dir='ltr'>λαλη-</span> 
     </span>
    </p>
   </div>
   <div class='ocr_carea' id='block_1_91' title="bbox 1917 5242 3448 5341">
    <p class='ocr_par' dir='ltr' id='par_1_91' title="bbox 1940 5242 3448 5341">
     <span class='ocr_line' id='line_1_92' title="bbox 1940 5242 3448 5341; baseline 0.006 -21"><span class='ocrx_word' id='word_1_591' title='bbox 1940 5266 2031 5322; x_wconf 89' lang='grc'><strong>29.</strong></span> <span class='ocrx_word' id='word_1_592' title='bbox 2070 5265 2190 5322; x_wconf 91' lang='lat' dir='ltr'><strong>Duo</strong></span> <span class='ocrx_word' id='word_1_593' title='bbox 2221 5242 2568 5335; x_wconf 87' lang='lat' dir='ltr'><strong>testamenta,</strong></span> <span class='ocrx_word' id='word_1_594' title='bbox 2598 5285 2720 5341; x_wconf 80' lang='lat' dir='ltr'><strong>quae</strong></span> <span class='ocrx_word' id='word_1_595' title='bbox 2751 5286 2781 5325; x_wconf 89' lang='lat' dir='ltr'><strong>a</strong></span> <span class='ocrx_word' id='word_1_596' title='bbox 2812 5268 3021 5340; x_wconf 88' lang='lat' dir='ltr'><strong>Spiritu</strong></span> <span class='ocrx_word' id='word_1_597' title='bbox 3053 5283 3246 5329; x_wconf 84' lang='lat' dir='ltr'><strong>sancto</strong></span> <span class='ocrx_word' id='word_1_598' title='bbox 3270 5288 3448 5329; x_wconf 88' lang='lat' dir='ltr'><strong>enun-</strong></span> 
     </span>
    </p>
   </div>
   <div class='ocr_carea' id='block_1_92' title="bbox 172 5332 1703 5433">
    <p class='ocr_par' dir='ltr' id='par_1_92' title="bbox 172 5332 1449 5423">
     <span class='ocr_line' id='line_1_93' title="bbox 172 5332 1449 5423; baseline 0.02 -37"><span class='ocrx_word' id='word_1_599' title='bbox 172 5332 355 5390; x_wconf 85' lang='grc' dir='ltr'>θεῖσαι</span> <span class='ocrx_word' id='word_1_600' title='bbox 413 5342 593 5394; x_wconf 79' lang='grc' dir='ltr'>πᾶσαν</span> <span class='ocrx_word' id='word_1_601' title='bbox 624 5344 973 5421; x_wconf 86' lang='grc' dir='ltr'>καθαρότητα</span> <span class='ocrx_word' id='word_1_602' title='bbox 1007 5349 1250 5423; x_wconf 74' lang='grc' dir='ltr'>ἔχουσαι.</span> <span class='ocrx_word' id='word_1_603' title='bbox 1438 5332 1449 5335; x_wconf 38' lang='grc'><strong><em>-</em></strong></span> 
     </span>
    </p>
   </div>
   <div class='ocr_carea' id='block_1_93' title="bbox 1493 5332 3024 5433">
    <p class='ocr_par' dir='ltr' id='par_1_93' title="bbox 1722 5332 3024 5433">
     <span class='ocr_line' id='line_1_94' title="bbox 1722 5332 3024 5433; baseline 0.005 -21"><span class='ocrx_word' id='word_1_604' title='bbox 1722 5332 1736 5340; x_wconf 52' lang='grc'><em>’</em></span> <span class='ocrx_word' id='word_1_605' title='bbox 1874 5358 2006 5413; x_wconf 87' lang='lat' dir='ltr'><strong>tiata</strong></span> <span class='ocrx_word' id='word_1_606' title='bbox 2043 5369 2196 5428; x_wconf 87' lang='lat' dir='ltr'><strong>sunt,</strong></span> <span class='ocrx_word' id='word_1_607' title='bbox 2221 5376 2441 5416; x_wconf 86' lang='lat' dir='ltr'><strong>onmem</strong></span> <span class='ocrx_word' id='word_1_608' title='bbox 2474 5332 2680 5418; x_wconf 70' lang='lat' dir='ltr'><strong>habent</strong></span> <span class='ocrx_word' id='word_1_609' title='bbox 2710 5363 3024 5433; x_wconf 89' lang='lat' dir='ltr'><strong>puritatem.</strong></span> 
     </span>
    </p>
   </div>
   <div class='ocr_carea' id='block_1_94' title="bbox 456 5434 485 5465">
    <p class='ocr_par' dir='ltr' id='par_1_94' title="bbox 456 5434 485 5465">
     <span class='ocr_line' id='line_1_95' title="bbox 456 5434 485 5465; baseline 0 0"><span class='ocrx_word' id='word_1_610' title='bbox 456 5434 485 5465; x_wconf 57' lang='grc' dir='ltr'>ἱ</span> 
     </span>
    </p>
   </div>
   <div class='ocr_carea' id='block_1_95' title="bbox 1136 5528 2487 5617">
    <p class='ocr_par' dir='ltr' id='par_1_95' title="bbox 1136 5528 2487 5617">
     <span class='ocr_line' id='line_1_96' title="bbox 1136 5528 2487 5617; baseline 0.013 -29"><span class='ocrx_word' id='word_1_611' title='bbox 1136 5528 1447 5594; x_wconf 82' lang='lat' dir='ltr'><strong>Addenda</strong></span> <span class='ocrx_word' id='word_1_612' title='bbox 1478 5542 1540 5595; x_wconf 89' lang='lat' dir='ltr'><strong>et</strong></span> <span class='ocrx_word' id='word_1_613' title='bbox 1584 5536 1958 5617; x_wconf 79' lang='lat' dir='ltr'><strong>corrigenda</strong></span> <span class='ocrx_word' id='word_1_614' title='bbox 1992 5556 2069 5599; x_wconf 80' lang='lat' dir='ltr'><strong>ex</strong></span> <span class='ocrx_word' id='word_1_615' title='bbox 2103 5538 2245 5604; x_wconf 90' lang='lat' dir='ltr'><strong>cod.</strong></span> <span class='ocrx_word' id='word_1_616' title='bbox 2284 5540 2487 5606; x_wconf 82' lang='lat' dir='ltr'><strong>Vatic.</strong></span> 
     </span>
    </p>
   </div>
   <div class='ocr_carea' id='block_1_96' title="bbox 249 5684 1780 5774">
    <p class='ocr_par' dir='ltr' id='par_1_96' title="bbox 249 5684 1545 5774">
     <span class='ocr_line' id='line_1_97' title="bbox 249 5684 1545 5774; baseline 0.002 -36"><span class='ocrx_word' id='word_1_617' title='bbox 364 5685 539 5774; x_wconf 51' lang='grc' dir='ltr'><strong>ςξσχύῖ</strong></span> <span class='ocrx_word' id='word_1_618' title='bbox 562 5685 858 5773; x_wconf 36' lang='grc' dir='ltr'>δὲηαύτούς,</span> <span class='ocrx_word' id='word_1_619' title='bbox 884 5697 991 5774; x_wconf 63' lang='lat' dir='ltr'><strong>etc.</strong></span> <span class='ocrx_word' id='word_1_620' title='bbox 1127 5762 1138 5774; x_wconf 43' lang='lat'><strong>‘</strong></span> <span class='ocrx_word' id='word_1_621' title='bbox 1267 5764 1279 5774; x_wconf 45' lang='lat'><strong>-</strong></span> <span class='ocrx_word' id='word_1_622' title='bbox 1538 5726 1545 5731; x_wconf 66' lang='grc' dir='ltr'><strong>ι</strong></span> 
     </span>
    </p>
   </div>
   <div class='ocr_carea' id='block_1_97' title="bbox 617 5684 2148 5774">
    <p class='ocr_par' dir='ltr' id='par_1_97' title="bbox 617 5685 2148 5774">
     <span class='ocr_line' id='line_1_98' title="bbox 617 5685 2148 5774; baseline 0.013 -35"><span class='ocrx_word' id='word_1_623' title='bbox 617 5685 858 5773; x_wconf 37' lang='lat' dir='ltr'><strong>gurgitis,</strong></span> <span class='ocrx_word' id='word_1_624' title='bbox 884 5697 991 5774; x_wconf 65' lang='lat' dir='ltr'><strong>etc.</strong></span> <span class='ocrx_word' id='word_1_625' title='bbox 1127 5762 1138 5774; x_wconf 35' lang='grc' dir='ltr'>ι</span> <span class='ocrx_word' id='word_1_626' title='bbox 1267 5764 1279 5774; x_wconf 37' lang='grc' dir='ltr'>ι</span> <span class='ocrx_word' id='word_1_627' title='bbox 1538 5726 1545 5731; x_wconf 70' lang='grc' dir='ltr'><strong>ι</strong></span> <span class='ocrx_word' id='word_1_628' title='bbox 1864 5701 2035 5774; x_wconf 78' lang='grc' dir='ltr'>δρεέᾳ,</span> <span class='ocrx_word' id='word_1_629' title='bbox 2065 5713 2148 5761; x_wconf 85' lang='lat' dir='ltr'><strong>etc</strong></span> 
     </span>
    </p>
   </div>
   <div class='ocr_carea' id='block_1_98' title="bbox 252 5756 1783 5853">
    <p class='ocr_par' dir='ltr' id='par_1_98' title="bbox 252 5756 1757 5853">
     <span class='ocr_line' id='line_1_99' title="bbox 252 5756 1757 5853; baseline 0.001 0"><span class='ocrx_word' id='word_1_630' title='bbox 252 5758 335 5853; x_wconf 58' lang='lat'><strong>$31</strong></span> <span class='ocrx_word' id='word_1_631' title='bbox 348 5756 1151 5853; x_wconf 55' lang='grc' dir='ltr'><strong>ζέξέῖιτ.ιίίἓγ.ξὲῖξῖξξςξξίξ-νέεδ</strong></span> <span class='ocrx_word' id='word_1_632' title='bbox 1176 5764 1461 5853; x_wconf 65' lang='grc' dir='ltr'>πρτξτερογε</span> <span class='ocrx_word' id='word_1_633' title='bbox 1660 5785 1757 5853; x_wconf 59' lang='grc' dir='ltr'><strong>εμε-</strong></span> 
     </span>
    </p>
   </div>
   <div class='ocr_carea' id='block_1_99' title="bbox 1912 5756 3443 5853">
    <p class='ocr_par' dir='ltr' id='par_1_99' title="bbox 1936 5756 3443 5853">
     <span class='ocr_line' id='line_1_100' title="bbox 1936 5756 3443 5853; baseline 0.011 -27"><span class='ocrx_word' id='word_1_634' title='bbox 1936 5756 2229 5844; x_wconf 38' lang='grc' dir='ltr'><strong>(5ΪΝΪ19.</strong></span> <span class='ocrx_word' id='word_1_635' title='bbox 2271 5777 2458 5851; x_wconf 86' lang='grc' dir='ltr'>Ἔθνη,</span> <span class='ocrx_word' id='word_1_636' title='bbox 2492 5788 2620 5845; x_wconf 88' lang='lat' dir='ltr'><strong>etc.,</strong></span> <span class='ocrx_word' id='word_1_637' title='bbox 2660 5779 2913 5849; x_wconf 80' lang='grc' dir='ltr'>ἔσταξαν,</span> <span class='ocrx_word' id='word_1_638' title='bbox 2939 5791 3067 5852; x_wconf 89' lang='lat' dir='ltr'><strong>elc.,</strong></span> <span class='ocrx_word' id='word_1_639' title='bbox 3103 5798 3201 5853; x_wconf 82' lang='lat' dir='ltr'><strong>pro</strong></span> <span class='ocrx_word' id='word_1_640' title='bbox 3227 5781 3443 5849; x_wconf 77' lang='grc' dir='ltr'>ἔταξαν.</span> 
     </span>
    </p>
   </div>
   <div class='ocr_carea' id='block_1_100' title="bbox 176 5828 1728 5906">
    <p class='ocr_par' dir='ltr' id='par_1_100' title="bbox 176 5828 1728 5906">
     <span class='ocr_line' id='line_1_101' title="bbox 176 5828 1728 5906; baseline 0.012 -29"><span class='ocrx_word' id='word_1_641' title='bbox 176 5828 580 5896; x_wconf 86' lang='grc' dir='ltr'>τανοήσαντας·</span> <span class='ocrx_word' id='word_1_642' title='bbox 634 5828 1023 5897; x_wconf 80' lang='grc' dir='ltr'>κατοικοῦντας</span> <span class='ocrx_word' id='word_1_643' title='bbox 1074 5831 1171 5899; x_wconf 83' lang='grc' dir='ltr'>δέ,</span> <span class='ocrx_word' id='word_1_644' title='bbox 1218 5828 1358 5904; x_wconf 67' lang='lat' dir='ltr'><strong>elc.,</strong></span> <span class='ocrx_word' id='word_1_645' title='bbox 1405 5828 1619 5906; x_wconf 72' lang='grc' dir='ltr'>ἐξάγειν</span> <span class='ocrx_word' id='word_1_646' title='bbox 1661 5828 1728 5894; x_wconf 63' lang='grc' dir='ltr'><strong>ἂν</strong></span> 
     </span>
    </p>
   </div>
  </div>
