3876 6220
377 420 484 480 915
1226 413 1284 472 S.
1324 413 1700 472 ATHANASII
1740 416 1893 474 OPP.

2113 446 2115 461 μ
2152 412 2240 470 Ill.
2279 442 2350 453 —
2388 409 2796 467 EXEGETICA.
3536 413 3644 470 916

1977 539 2028 597 Α
2126 531 2217 588 50.
2243 532 2351 584 Καὶ
2376 530 2444 583 τὰ
2471 530 2784 600 μετάφρενα
2800 528 2968 598 αὐτῆς
2992 528 3050 580 ὲν
3072 527 3370 600 χλωρότητι
3387 534 3639 601 χρυσίου,

449 557 541 612 50.
574 555 640 610 Et
668 555 972 625 posteriora
1003 553 1313 624 dorsi‘ejus
1346 556 1398 609 in
1431 557 1636 625 pallore
1666 559 1805 612 auri.

2131 624 2222 678 51.
2269 625 2356 676 Ἐν
2385 623 2463 694 τῷ
2479 621 2808 676 διαστέλλειν
2838 621 2928 673 τὸν
2944 622 3266 691 ἐπουράνιον
3289 623 3527 688 ϐασιλεῖς
3552 624 3631 680 ὲτέ

449 648 544 702 51.
577 645 716 700 Dum
746 647 1006 702 discernit
1029 647 1268 702 caelestis
1295 663 1449 718 reges
1469 664 1631 719 super
1651 663 1770 702 eam
1789 685 1808 712 ,

2059 717 2251 787 αὐτῆς.

452 803 541 859 52.
573 803 705 858 Nive
732 803 1133 858 dealbabuntur
1164 803 1219 857 in
1247 803 1487 860 Selmon.

2132 812 2220 869 32.
2255 811 2694 881 Χιονωθήσονται
2727 811 2784 863 ἐν
2813 809 3052 880 Σελμών.

452 897 545 954 55.
579 895 735 951 Mons
755 895 874 960 Dei,
901 911 1057 951 mons
1077 896 1322 966 pinguis:

2131 905 2222 960 55.
2254 906 2417 974 Ὄρος
2441 902 2534 956 τοῦ
2558 901 2691 955 Θεοῦ
2717 902 2841 973 ὅρος
2874 905 2994 955 πῖον
3019 917 3032 931 ⁸

449 985 540 1041 54.
573 985 730 1042 Mons
760 988 1099 1057 coagulatus,
1134 1003 1293 1042 mons
1316 988 1575 1057 pinguis:

2137 997 2227 1050 54.
2269 999 2432 1069 Ὄρος
2475 997 2852 1066 τετυρωμένον
2885 996 3010 1068 ὅρος
3037 1001 3175 1053 πῖον.

450 1077 540 1133 55.
571 1076 775 1147 thuid
808 1076 1174 1148 suspicamini
1196 1086 1408 1133 montes
1435 1078 1787 1148 coagulatos?

2135 1088 2224 1141 55.
2257 1089 2374 1140 Ἵνα
2412 1087 2464 1139 τί
2495 1086 2902 1156 ὑπολαμϐάνετε
2929 1088 3030 1158 ὅρη
3050 1087 3429 1160 τετυρωμένα;

490 1170 545 1224 6.
577 1171 756 1239 Mons,
794 1171 849 1226 in
879 1186 992 1240 quo
1027 1172 1424 1242 beneplacitum
1459 1182 1542 1228 est
1573 1171 1686 1226 Deo
1715 1170 1960 1225 habitare

2133 1179 2224 1235 56.
2256 1179 2330 1233 Τὸ
2351 1179 2496 1249 ὄρος,
2517 1179 2544 1232 ὃ
2565 1179 2856 1250 εὐδόκησεν
2881 1181 2910 1232 6
2932 1179 3063 1243 Θεὸς
3087 1183 3360 1234 κατοικεῖν
3389 1183 3449 1234 ὲν
3468 1181 3641 1253 αὐτῷ’

384 1261 440 1317 in
474 1279 567 1319 eo:
3164 1272 3166 1274 ’

454 1356 541 1410 57.
577 1355 790 1410 Etenim
816 1355 1093 1418 Dominus
1112 1355 1380 1418 habitabit
1410 1355 1465 1413 in
1491 1356 1676 1410 ﬁnem.

2136 1363 2224 1417 57..
2265 1360 2382 1415 Kal.
2397 1361 2504 1433 γὰρ
2527 1362 2557 1414 6
2584 1361 2788 1433 Κύριος
2811 1362 3226 1432 κατασκηνώσει
3251 1365 3332 1428 εἰς
3358 1364 3531 1429 τέλος.

456 1449 547 1503 58.
580 1448 788 1504 Currus
820 1449 914 1505 Dei
939 1451 1124 1504 decem
1152 1450 1396 1504 millibus
1427 1449 1709 1519 multiplex
1741 1491 1754 1502 .

1741 1491 1754 1502 .
2139 1445 2227 1499 58.
2270 1445 2343 1497 Τὸ
2382 1447 2532 1518 ἆρμα
2555 1445 2649 1498 τοῦ
2679 1447 2810 1500 Θεοῦ
2845 1447 3236 1518 μυριοπλάσιον
3257 1466 3270 1478 ·

457 1538 548 1595 ’59.
585 1540 752 1594 Millia
785 1540 1176 1594 abundantium
1205 1558 1220 1593 :

2137 1537 2225 1592 59.
2261 1536 2513 1600 Χιλιάδες
2536 1537 2901 1607 εὐθηνούντων

451 1633 540 1687 40.
577 1634 842 1688 Dominus
877 1634 931 1688 in
959 1634 1040 1688 eis
1069 1632 1122 1686 in
1153 1632 1283 1686 Sina
1316 1632 1370 1686 in
1410 1643 1620 1688 sancto.

2136 1630 2227 1683 40.
2267 1630 2471 1701 Κύριος
2496 1633 2552 1683 ἐν
2579 1632 2765 1694 αὐτοῖς
2789 1633 2846 1684 ἐν
2871 1633 3004 1684 Σινᾶ
3033 1647 3090 1683 εν
3110 1633 3188 1702 τῷ
3215 1632 3374 1702 ἁγίῳ.

452 1723 542 1780 41.
573 1724 883 1780 Ascendisti
914 1725 970 1791 in
993 1724 1161 1779 altum
1186 1765 1201 1789 ,
1229 1725 1420 1793 cepisti
1446 1725 1810 1794 captivitatem
1834 1741 1850 1778 :

2137 1722 2225 1774 41..
2271 1722 2492 1792 Ἀνέϐης
2509 1723 2589 1785 είς
2609 1720 2763 1791 ὕψος,
2785 1721 3212 1792 ᾐχμαλώτευσας
3243 1723 3642 1794 αἰχμαλωσίαν.

457 1813 547 1869 42.
579 1814 852 1884 Accepisti
879 1814 1022 1868 dona
1054 1814 1110 1866 in
1152 1813 1507 1867 hominibus:

2136 1811 2224 1865 42.
2259 1810 2486 1873 Ἔλαϐες
2522 1810 2729 1881 δόματα
2758 1812 2815 1862 ἐν
2849 1809 3155 1880 ἀνθρώποις
3268 1869 3274 1873 _

454 1907 542 1963 45.
577 1905 788 1962 Etenim
821 1921 931 1974 non
966 1905 1604 1974 credentes‘inhabitare.

1993 1906 2036 1959 B
2085 1948 2095 1952 -
2134 1904 2220 1958 45.
2253 1904 2364 1956 Καὶ
2389 1903 2497 1971 γὰρ
2526 1902 2882 1974 ἀπειθοῦντας
2906 1903 2999 1970 τοῦ
3031 1903 3471 1973 κατασκηνῶσαι.

457 1997 546 2056 44.
582 1996 849 2052 Dominus
871 1995 1016 2052 Deus
1037 1997 1356 2052 benedictus
1377 2038 1394 2061 ,
1425 1996 1747 2051 benedictus
1779 1995 1968 2049 Domi-

2134 1997 2221 2051 44.
2261 1996 2464 2067 Κύριος
2509 1999 2537 2049 6
2595 1995 2727 2059 Θεὸς
2759 1996 3050 2068 εὐλογητὸς
3071 2037 3086 2061 ,
3121 1996 3408 2067 εὐλογητὸς
3439 1998 3647 2070 Κύριος

387 2103 492 2142 nus
520 2088 606 2142 die
637 2089 880 2157 quotidie
906 2107 919 2142 :

2064 2088 2280 2159 ἡμέραν
2311 2087 2438 2140 καθ’
2470 2086 2701 2158 ἡμέραν·

456 2179 546 2234 45.
581 2179 914 2250 Prosperum
949 2179 1052 2235 iter
1089 2178 1256 2240 faciat
1282 2180 1446 2241 nobis
1468 2180 1613 2246 Deus
1643 2181 1963 2248 salutarium

2135 2179 2224 2232 45.
2265 2178 2356 2245 (α)Δ
2380 2175 2759 2230 Κατευοδώσαι
2811 2178 2942 2248 ἡμῖν
2993 2179 3022 2230 ὁ
3053 2177 3184 2240 Θεὸς
3226 2177 3334 2231 τῶν
3364 2179 3648 2249 σωτηρίων

389 2279 700 2332 nostrorum
711 2311 740 2339 ._

711 2311 740 2339 η
2067 2269 2233 2342 ἡμῶν

1022 2362 1352 2434 Βίαρεαιηια.
2089 2340 2097 2342 ὴ
2692 2340 3027 2408 Διάψαλμα.

462 2454 552 2509 46.
593 2454 737 2511 Deus
759 2465 967 2523 noster,
996 2457 1140 2513 Deus
1173 2458 1354 2512 salvos
1381 2457 1650 2513 faciendi:

2144 2454 2232 2510 46.
2271 2455 2330 2508 Ὀ
2353 2455 2482 2518 Θεὸς
2504 2454 2658 2525 ἡμῶν
2691 2455 2719 2506 6
2749 2455 2881 2518 Θεὸς
2909 2454 3003 2507 τοῦ
3027 2452 3247 2517 σώζειν·

462 2544 552 2608 4H7.
589 2543 654 2599 Et
679 2545 918 2615 Domini,
949 2546 1164 2614 Domini
1195 2548 1376 2603 exitus
1398 2551 1611 2604 mortis.

2144 2547 2234 2602 47.
2268 2548 2376 2601 Kal.
2392 2547 2486 2602 τοῦ
2500 2547 2729 2618 Κυρίου,
2747 2547 2954 2610 Κυρίου
2971 2544 3265 2610 αίνδιέξοδοι
3278 2543 3375 2601 τοῦ
3391 2543 3651 2600 enim.

465 2686 541 2756 (α)
575 2683 733 2740 Vers.
767 2685 858 2740 45.
890 2683 1218 2756 Εὐλογητὸς,
1255 2692 1387 2750 etc.,
1419 2690 1801 2740 κανευοδωσει.

1525 2850 1565 2898 Α
1580 2843 1907 2899 [ΗΑΝΑΞΠ-
1942 2843 2006 2899 IN
2015 2845 2148 2898 TER
2157 2844 2380 2899 PRETA
2389 2843 2523 2898 ’1³1οκ

467 3001 558 3058 50.
590 3003 657 3058 Et
699 3003 944 3077 cognitio
988 3005 1186 3062 divinae
1235 3005 1534 3076 Scripturae
1574 3005 1740 3061 veluti
1776 3021 1969 3061 aurum

2140 3005 2226 3060 50.
2264 3005 2377 3058 Καὶ
2407 3008 2442 3078 ἡ
2470 3006 2670 3074 γνῶσις
2706 3006 2802 3076 τῆς
2836 3003 2987 3067 Θείας
3015 3001 3261 3074 Γραφῆς,
3313 2999 3390 3062 ὡς
3427 2999 3671 3072 χρυσίου-η

396 3091 636 3165 effulget.
1875 3161 1880 3168 ἱ

1875 3161 1880 3168 ι
2067 3099 2450 3170 ὲξαστράπτει.

467 3187 567 3252 51,
597 3185 684 3262 52.
715 3185 853 3259 cum
887 3187 1100 3242 miserit
1130 3188 1394 3242 Dominus
1418 3187 1781 3258 apostolosgin
1811 3204 1973 3254 mun-

2146 3191 2234 3254 51,
2273 3190 2363 3246 52.
2399 3189 2475 3260 (1)
2512 3189 2600 3242 Ἐν
2635 3186 2711 3256 τῷ
2761 3185 2851 3239 τὸν
2893 3185 3100 3257 Κύριον
3144 3185 3496 3238 ἀποστέλλειν
3525 3185 3662 3249 τοὺς

396 3277 549 3344 dum,
581 3259 1024 3332 emundabuntur
1057 3277 1109 3331 in
1149 3278 1354 3332 auxilio
1384 3278 1523 3347 ejus.

2148 3280 2406 3343 ρστόλους
2426 3282 2504 3342 είς
2529 3279 2626 3349 τὴν
2660 3277 2984 3347 οἰκουμένην
3004 3318 3020 3344 ,
3054 3276 3548 3349 καθαρισθήσονται
3599 3280 3679 3337 ἐν,

2072 3374 2138 3441 τῇ
2177 3369 2398 3440 βοηθείᾳ
2425 3368 2612 3422 αὐτοῦ.

469 3459 559 3530 55.
589 3457 886 3530 Virginem,
911 3469 964 3515 et
989 3459 1273 3530 Deiparam
1300 3461 1572 3532 signiﬁcat
1591 3503 1607 3526 ,

2144 3461 2230 3528 55.
2254 3460 2363 3529 Τὴν
2390 3458 2663 3529 Παρθένον
2698 3457 2842 3525 λέγει
2869 3457 2964 3508 καὶ
2991 3456 3270 3519 Θεοτόκον,

469 3551 559 3606 54.
601 3549 957 3622 Obsignatam
989 3553 1247 3608 videlicet
1268 3553 1599 3624 virginitate.

2145 3551 2233 3603 54.
2265 3533 2782 3620 Συνεσφραγισμένη
2810 3551 2875 3618 τῇ
2909 3547 3177 3620 παρθενίᾳ
3203 3549 3464 3618 δηλονότι.

470 3645 560 3715 55.
598 3643 858 3725 POpulus
903 3642 1216 3721 Iudaeorum
1246 3687 1261 3711 ,
1316 3646 1425 3719 qui.
1475 3647 1640 3716 corde
1705 3644 1973 3714 coagulati

2147 3641 2235 3696 55.
2286 3643 2341 3707 Ὀ
2362 3641 2487 3704 λαὸς
2521 3640 2629 3710 τῷν
2674 3640 2963 3704 Ἰουδαίων,
2997 3642 3045 3692 οἱ
3079 3643 3144 3710 τῇ
3187 3640 3384 3710 καρδίᾳ
3413 3657 3667 3712 τετυρω·

401 3747 558 3810 εςιηιο.

2081 3733 2251 3803 μένοι.

462 3830 551 3886 56.
597 3829 669 3884 Ut
698 3844 806 3884 non
841 3827 1166 3884 existimetis
1199 3828 1466 3898 virginem
1502 3837 1838 3897 corruptam.

2149 3823 2237 3877 56.
2283 3823 2398 3874 Ἵνα
2421 3820 2494 3889 (2)
2530 3818 2604 3890 μὴ
2627 3819 2817 3890 δοκῆτε
2850 3819 2950 3890 τὴν
2975 3821 3250 3892 Παρθένον
3295 3822 3620 3894 φθαρεῖσαν.

473 3921 564 3997 57.
600 3921 824 3996 Etenim.
856 3919 1124 3990 Dominus
1177 3920 1232 3974 in
1281 3921 1757 3991 consummatione
1793 3920 1976 3978 saeculi

2149 3915 2237 3995 57..
2277 3913 2387 3966 Καὶ
2434 3913 2544 3983 γὰρ
2590 3913 2617 3963 6
2665 3911 2869 3991 Κύριος
2901 3914 2992 3965 ἐπὶ
3038 3914 3318 3984 συντελείᾳ
3339 3914 3433 3967 τοῦ
3465 3915 3668 3980 αἰῶνος

404 4013 670 4082 habitabit
708 4013 764 4067 in
794 4028 878 4068 ea.

2083 4002 2495 4074 κατασκηνώσει
2527 4005 2584 4054 ἐν
2607 4003 2764 4074 αὐτῇ.

474 4106 565 4161 58.
599 4105 808 4160 Novum
839 4113 1250 4170 testamentum,
1282 4111 1337 4159 et
1359 4103 1494 4183 fides
1517 4102 1647 4182 Dei.

2150 4095 2238 4149 58.
2286 4097 2349 4146 Ἠ
2379 4095 2473 4147 νέα
2494 4093 2726 4164 διαθήκη
2758 4093 2852 4147 καὶ
2945 4095 3126 4159 πίστις
3148 4095 3242 4148 τοῦ
3277 4096 3431 4150 Θεοῦ.

475 4200 565 4255 59.
596 4199 664 4253 Ει
686 4199 980 4254 multitudo
1014 4198 1279 4270 fidelium.

2150 4188 2238 4243 59.
2271 4189 2382 4240 Καὶ
2410 4187 2469 4240 τὸ
2505 4187 2709 4256 πλῆθος
2737 4187 2844 4239 τῶν
2883 4187 3109 4241 πιστῶν.

481 4291 570 4368 40.
609 4289 783 4365 Filius
808 4289 863 4346 in
889 4288 1120 4364 sanctis,
1154 4287 1248 4357 qui
1274 4271 1403 4341 sunt
1426 4288 1480 4340 in
1503 4283 1980 4350 TmandatoPatris

2153 4280 2242 4334 40.
2287 4281 2346 4337 Ὀ
2375 4279 2500 4343 Υἱὸς
2524 4282 2580 4331 ἐν
2609 4283 2722 4350 τοῖς
2757 4279 2949 4347 ἁγίοις,
2975 4282 3094 4354 τοῖς
3109 4280 3167 4332 ὲν
3208 4282 3274 4350 τῇ
3327 4279 3514 4351 ἐντολῇ
3567 4281 3668 4334 τοῦ

405 4386 510 4442 sui.
2083 4373 2297 4445 Πατρὸς
2330 4373 2517 4426 αὐτοῦ.

475 4478 566 4532 41.
598 4477 928 4546 Assumptus
951 4490 1010 4530 es
1041 4474 1094 4528 in
1130 4471 1302 4544 gloria
1344 4469 1620 4546 accipiens
1650 4469 1895 4539 captivos
1925 4467 1981 4521 in

2163 4466 2245 4519 41.
2295 4463 2629 4535 Ἀνελήφθης
2664 4463 2721 4515 έν
2747 4463 2873 4535 δόξῃ
2905 4463 3082 4516 λαϐὼν
3113 4465 3238 4526 τοὺς
3277 4464 3350 4532 (5)
3384 4463 3669 4534 αἰχμαλώ-

405 4569 730 4643 servitutem.
758 4567 1008 4634 redactos
1032 4549 1326 4643 adiabolo.

2008 4589 2063 4649 D
2085 4573 2232 4620 τους,
2267 4557 2393 4618 τοὺς
2414 4553 2948 4626 αἰχμαλωτισθέντας
2982 4553 3084 4605 ὐπὸ
3113 4551 3205 4604 τοῦ
3239 4552 3506 4606 διαϐόλου.

477 4660 565 4715 42.
606 4660 760 4716 Dono
785 4659 1042 4730 accepisti
1075 4660 1348 4714 homines.

2008 4643 2050 4649 —
2159 4647 2246 4702 4‘2.
2282 4646 2512 4710 Ἔλαὸες
2539 4646 2747 4717 δόματα
2770 4646 2895 4707 τοὺς
2921 4643 3257 4716 ἀνθρώπους.

475 4755 562 4809 45.
600 4753 812 4809 Etenim
835 4753 1010 4808 fecisti
1037 4760 1096 4806 ut
1116 4752 1209 4821 qui
1235 4750 1330 4804 tibi
1356 4758 1510 4806 erant
1535 4745 1978 4816 anteainﬁdeles,

2158 4741 2246 4794 45.
2278 4739 2388 4792 Καὶ
2427 4739 2536 4809 γὰρ
2581 4738 2844 4807 ἐποίησας
2889 4736 3015 4798 τοὺς
3063 4735 3422 4798 ἁπειθοῦντάς
3470 4751 3553 4787 σοι
3606 4736 3671 4789 τὸ

407 4861 554 4916 nunc
587 4851 946 4914 permaneant
974 4844 1028 4899 in
1052 4843 1341 4914 praeceptis
1369 4843 1494 4896 tuis.

2091 4832 2354 4904 πρότερον
2381 4831 2476 4885 νῦν
2502 4831 2782 4901 ἐπιμένειν
2807 4831 2864 4881 ὲν
2895 4832 3016 4908 ταῖς
3045 4826 3281 4890 ἐντολαῖς
3305 4844 3395 4880 σου
3430 4826 3527 4897 (4).

471 4940 560 5017 44.
597 4937 940 5004 ΛΕιοτηυεέι
968 4937 1086 4991 sine
1123 4934 1410 5015 principio.

1360 4950 1410 4995 ο,
2161 4925 2251 4980 44.
2293 4925 2485 4988 Ἀῖδιος
2508 4924 2600 4976 καὶ
2634 4925 2888 4994 ἄναρχος.

479 5010 568 5085 45.
595 5029 664 5084 Ει
691 5031 891 5101 dirigat
928 5044 1022 5085 cor
1063 5012 1391 5083 nostrumin
1421 5032 1685 5096 prmeepta
1717 5038 1850 5103 sua.

2162 5017 2251 5070 45.
2287 5017 2398 5069 Kal.
2421 5013 2736 5069 κατευθύνει
2774 5011 3145 5085 [κατευθύναι]
3172 5010 3246 5082 (5)
3288 5011 3388 5081 τὴν
3441 5010 3673 5090 καρδίαν

2087 5111 2119 5178 ἡ
2131 5108 2249 5179 μῶν
2286 5110 2366 5171 εἰς
2399 5107 2496 5170 τὰς
2525 5106 2742 5168 ἐντολὰς
2771 5105 2955 5158 αὐτοῦ.

479 5217 570 5288 46.
605 5215 775 5286 Iesus
799 5212 1068 5270 Dominus
1105 5221 1312 5268 noster.

2161 5198 2248 5250 46.
2295 5197 2500 5268 Ἰησοῦς
2528 5201 2556 5260 ὁ
2581 5197 2784 5268 Κύριος
2810 5195 2984 5266 ἡμῶν.

480 5287 570 5366 47.
602 5309 820 5365 Primus
865 5308 1009 5363 enim
1056 5307 1173 5376 ipse
1217 5319 1506 5374 resurgens
1558 5318 1588 5358 a
1635 5308 1810 5372 morte
1861 5299 1995 5361 fecit

2162 5293 2250 5344 47.
2285 5291 2508 5361 Πρῶτος
2565 5291 2670 5362 γὰρ
2722 5289 2882 5351 αὐτὸς
2917 5288 3152 5342 ἀναστὰς
3208 5288 3272 5341 ἐκ
3299 5287 3398 5369 τοῦ,
3438 5287 3687 5367 (iuvant),

2083 5383 2353 5455 ’ἐποίησεν
2379 5383 2557 5449 ἔξοδον
2589 5384 2700 5445 τοῖς
2731 5381 3100 5452 κεκοιμημένο

1364 5512 1670 5580 Addenda
1709 5515 1772 5571 et
1813 5505 2302 5585 corrigendae:
2335 5501 2476 5575 cod.
2513 5499 2713 5564 Vatic.

484 5646 559 5716 (l)
588 5645 656 5699 N.
689 5645 778 5700 51.
836 5645 923 5696 Ἐν
965 5640 1065 5712 τῷ,
1091 5650 1195 5696 etc.
1216 5639 1294 5716 AN.
1333 5639 1423 5716 5.9..
1457 5634 1895 5716 Ka‘iiap-i’soz'gat;
1919 5631 1987 5684 Ν.
2277 5627 2490 5716 Ἄναξις.

411 5698 665 5791 55ξήΤὴν.
695 5698 826 5791 etc._,
854 5729 980 5791 mo;
1008 5698 1105 5781 pro
1136 5711 1227 5791 καί
1253 5710 1470 5779 prmfert
1499 5698 1707 5791 τήνίΝἱ
1738 5703 1942 5791 54λΣυξ

1083 5728 1105 5767 3
1136 5711 1227 5763 καί
1253 5710 1470 5779 prmfert
1499 5698 1707 5791 :ﬁvIN.
1738 5703 1991 5791 54.\Su:2—
2280 5698 2614 5791 106;:leesl.

363 5801 369 5807 '
414 5768 751 5855 εᾶῲιγμένην
792 5768 924 5847 (ἐρίὶ
955 5768 1069 5850 leg.
1117 5783 1228 5838 vid.
1257 5768 1845 5849 ’συνεσῳραγισμένηεὴ

417 5855 718 5922 παρθενίαν
745 5854 911 5921 αὐτῆς
956 5851 1125 5922 δηλοῖ.

1117 5783 1228 5838 vid.
1257 5768 1845 5849 ’συνεσῳραγισμένηεὴ
1895 5773 2000 5846 τὴν.
2171 5768 2247 5848 (4)
2286 5769 2386 5820 Σου
2421 5768 2590 5820 deest.

1093 5855 1125 5907 ἰ.
2171 5841 2244 5922 (5)
2278 5836 2624 5894 Κατευθυνετ.

409 5406 614 5461 exitum
641 5403 711 5460 iis
760 5397 854 5473 qui
880 5400 1244 5457 dormierunt.
