3876 6220
200 428 309 486 917
1071 424 1157 479 DE
1207 423 1484 482 TITULIS
1527 423 1977 481 PSALMORUM.
2015 453 2087 466 —
2124 422 2322 480 PSAL.
2361 422 2571 481 LXVII.
3355 431 3463 490 918

275 545 362 600 4'8.
392 545 538 615 Πλὴν
567 547 596 599 6
637 543 771 609 Θεδς
799 545 1084 600 συνθλὰσει
1138 547 1380 616 κεφαλὰς
1429 547 1642 619 ἐχθρῶν
1682 549 1782 604 αύ-

1959 545 2048 602 48.
2085 544 2472 602 Verumtamen
2501 546 2645 604 Deus
2671 548 2979 620 confringet
3005 549 3184 620 capita
3213 548 3466 607 inimico-

201 656 325 700 του,

1884 657 2006 696 rum
2049 657 2274 696 suorum
2295 683 2310 707 ,
3335 702 3340 708 .

277 731 363 784 49.
401 730 662 802 Κορυφὴν
692 730 879 803 τριχὸς
918 731 1388 804 διαπορευομένων
1422 736 1482 788 ἐν
1526 735 1782 805 πλημμε-

1956 732 2046 787 49.
2083 731 2353 788 Verticem
2389 733 2572 802 capilli
2619 734 3113 804 perambulantium
3156 735 3212 789 in
3246 733 3453 790 delicth

200 821 378 887 λείαις
425 823 623 878 αὐτῶν.

1882 824 2022 880 suis.
2751 878 2753 882 .

276 911 367 965 50.
393 908 528 964 Εἷπε
560 911 764 982 Κύριος
785 930 798 942 ο
848 913 942 966 Ἐκ
973 913 1155 968 Βασὰν
1182 915 1514 987 ἐπιστρέψω,

1955 915 2046 971 50.
2101 914 2250 968 Dixit
2279 913 2546 970 Dominus
2567 933 2580 970 :
2601 917 2678 968 Ex
2708 917 2882 970 Basan
2919 928 3248 987 convertam,

273 1005 363 1060 5i.
413 1005 755 1076 Ἐπιστρέψω
775 1008 833 1059 ἐν
863 1007 1043 1076 βυθοῖς
1069 1007 1363 1080 θαλάσσης.

1957 1005 2047 1060 51.
2085 1005 2414 1059 (Ionvertam
2447 1005 2499 1057 in
2535 1004 2863 1074 profundum
2893 1008 3077 1062 maris.

271 1097 362 1152 52.
394 1099 581 1161 Ὅπως
608 1097 673 1151 ἂν
702 1098 846 1170 βαφῇ
869 1101 897 1151 6
920 1099 1054 1162 ποῦς
1080 1117 1172 1154 σου
1212 1103 1269 1155 ἐν
1293 1103 1484 1170 αἵματι
1507 1121 1519 1133 ·

1955 1096 2044 1151 52.
2083 1094 2153 1150 Ut
2183 1097 2483 1166 inlingatur
2511 1112 2606 1165 pes
2640 1104 2766 1152 tuus
2787 1098 2840 1152 in
2869 1100 3171 1168 sanguine:

269 1189 362 1245 55.
382 1191 444 1242 Ἦ
467 1189 687 1258 γλῶσσα
703 1190 808 1243 τῶν
831 1192 1007 1244 κυνῶν
1026 1209 1119 1244 σου
1137 1192 1196 1258 ἐξ
1213 1194 1421 1264 ἐχθρῶν
1442 1196 1576 1266 παρῖ
1589 1193 1777 1250 αὐτοῦ.

1953 1188 2043 1242 55.
2091 1186 2302 1258 Lingua
2333 1203 2531 1242 canum
2563 1196 2783 1243 tuorum
2823 1205 2889 1245 ex
2920 1189 3158 1246 inimicis
3199 1191 3268 1247 ab
3311 1193 3453 1262 ipso.

270 1281 364 1336 54.
408 1281 826 1354 Ἐθεωρήθησαν
857 1285 914 1337 αἱ
942 1285 1157 1354 πορεῖαί
1192 1304 1307 1350 σου,
1337 1289 1365 1340 6
1393 1288 1546 1354 Θεὸς,

1468 1289 1546 1354 ὸς,
1951 1279 2041 1334 54.
2074 1279 2190 1334 Visi
2223 1289 2350 1335 sunt
2381 1281 2663 1350 ingressus
2687 1283 2786 1344 tui,
2822 1282 2999 1346 Deus,

269 1373 359 1429 55.
391 1376 460 1427 Αἱ
486 1378 701 1446 πορεῖαι
728 1376 820 1429 τοῦ
847 1376 980 1430 Θεοῦ
1019 1395 1119 1448 μου
1147 1379 1242 1431 τοῦ
1274 1379 1556 1450 βασιλέως,
1595 1381 1691 1436 τοῦ
1720 1383 1779 1437 ἐν

1953 1371 2044 1429 55.
2079 1370 2365 1442 Ingressus
2394 1371 2489 1427 Dei
2522 1373 2631 1428 mei
2678 1373 2842 1444 regis,
2893 1374 2990 1445 qui
3034 1383 3118 1429 est
3150 1375 3204 1429 in
3241 1384 3451 1432 sancto.

194 1467 276 1539 τῷ
299 1467 460 1538 ἁγίῳ.
1085 1477 1087 1482 ’
1219 1471 1222 1478 ’

265 1562 356 1620 56.
394 1564 749 1637 Προέφθασαν
769 1567 1029 1638 ἄρχοντες
1053 1565 1287 1638 ἐχόμενα
1313 1567 1624 1628 ψαλλόντων
1652 1608 1668 1633 ,

1948 1555 2039 1612 56.
2071 1556 2459 1613 Praevenerunt
2511 1559 2790 1630 principes
2841 1555 3122 1628 conjuncti
3174 1555 3455 1628 psallenti-

1876 1649 2018 1713 bus,
2670 1680 2672 1682 -

263 1741 358 1798 5'7.
403 1742 494 1796 Ἐν
530 1743 679 1813 μέσῳ
709 1743 969 1797 νεανίδων
993 1743 1466 1816 τυμπανιστριῶν.

1947 1740 2036 1794 57.
2071 1738 2134 1794 In
2160 1740 2344 1795 medio
2370 1739 2790 1810 juveneularum
2814 1741 3344 1813 tympanistriarum.

265 1833 355 1888 58.
402 1835 490 1887 Ἐν
523 1835 872 1906 Ἐκκλησίαις
893 1834 1162 1903 εὐλογεῖτε
1187 1833 1279 1890 τὸν
1303 1835 1457 1901 Θεὸν,

1387 1836 1457 1901 5v,
1805 1895 1845 1906 ἢ
1943 1832 2030 1886 58.
2068 1831 2126 1886 1η
2154 1831 2414 1888 Ecclesiis
2442 1821 2746 1889 benedicite
2774 1833 2885 1890 Deo
2904 1876 2918 1901 ,

263 1924 354 1982 59.
381 1925 588 1995 Κύριον
611 1927 674 1980 ἐκ
697 1895 889 1996 πηγῶν
928 1895 1169 1997 Ἰσραήλ.
1442 1895 1454 1901 ⁷

1442 1895 1454 1901 ⁷
1805 1895 1848 1950 Β
1944 1924 2034 1979 59.
2068 1923 2300 1980 Domino
2321 1925 2389 1978 de
2417 1923 2662 1982 fontibus
2683 1925 2869 1986 lsrael.

259 2018 353 2074 60.
401 2018 548 2071 Ἐκεῖ
575 2018 830 2090 Βενιαμὶν
852 2018 1114 2090 νεώτερος
1152 2019 1211 2072 ὲν
1239 2013 1497 2074 ἐκστάσει

1949 2015 2039 2070 60.
2076 2013 2156 2070 lbi
2192 2015 2479 2086 Benjamin
2513 2017 2955 2077 adolescentulus
2999 2022 3054 2078 in
3107 2025 3311 2082 mentis
3355 2038 3454 2081 ex-

1875 2121 2033 2163 cessu
2053 2120 2070 2161 2

190 2205 195 2210 ’
258 2196 352 2252 61.
384 2197 461 2269 (α)
493 2198 784 2269 ’Ἄρχοντες
824 2197 992 2252 Ἰούδα
1021 2196 1290 2269 ἡγεμόνες
1323 2195 1504 2250 αὐτῶν
1533 2213 1546 2229 ο

1437 2195 1504 2250 ῶν
1533 2213 1546 2229 ο
1946 2197 2034 2255 61.
2068 2197 2353 2261 Princines
2373 2198 2512 2256 Juda
2543 2202 2710 2258 duces
2742 2219 2930 2260 eorum
2957 2226 2968 2238 ·

259 2354 341 2427 (a)
371 2355 424 2425 in
457 2351 547 2422 61,
580 2353 670 2422 62,
702 2353 811 2409 Sub
845 2355 1001 2410 unico
1026 2372 1262 2425 numero,
1291 2357 1452 2410 sicuti
1473 2363 1522 2411 et
1557 2353 1626 2410 66
1657 2363 1708 2410 et
1742 2354 1812 2410 67
1842 2373 1857 2423 ;
1886 2354 2014 2412 item
2040 2358 2105 2413 81
2140 2368 2191 2413 et
2229 2359 2318 2414 82.

1321 2515 1696 2576 ATHANASII
1732 2518 2318 2576 INTERPRETATIO.

256 2694 351 2751 48.
381 2694 502 2750 Τῶν
536 2696 794 2751 ἐναντίων
825 2697 1128 2768 δυνάμεων.

1939 2685 2030 2741 48.
2059 2685 2474 2742 Contrariarum
2506 2693 2858 2754 potestatum.

251 2791 348 2846 49.
384 2790 488 2843 Τὸν
521 2791 767 2847 διάϐολον
822 2793 914 2846 τὸν
944 2793 1042 2864 τὴν
1099 2792 1301 2848 κακίαν
1335 2793 1635 2867 ὲφευρόντα
1689 2796 1770 2857 εἰς

1939 2777 2032 2832 49.
2063 2776 2350 2834 Diabolum
2407 2778 2746 2834 inventorem
2777 2779 2999 2833 malitiae
3041 2779 3096 2833 in
3137 2787 3441 2849 peccatum.

275 2879 493 2933 αοτίαν.

187 2880 493 2950 ἁμαρτίαν.

253 2970 348 3024 50.
375 2967 511 3025 Εἶπε
539 2971 777 3043 Κύριος·
819 2973 958 3038 Τοὺς
988 2973 1064 3044 (1)
1093 2975 1160 3030 ἐκ
1188 2976 1294 3048 τῆς
1330 2977 1594 3048 αἰσχύνης
1640 2977 1718 3029 ἐπι

1940 2959 2029 3014 50.
2069 2959 2216 3016 Dixit
2245 2961 2514 3018 Dominus
2550 2981 2562 3017 :
2593 2978 2710 3028 eos,
2743 2964 2835 3033 qui
2860 2979 2926 3018 ex
2949 2963 3274 3031 confusione
3290 2972 3439 3022 sunt.

180 3059 408 3130 στρέψω
429 3077 441 3088 ·
490 3030 701 3116 Βασάν
724 3030 855 3134 -γὰρ
908 3030 1290 3137 ἑρμηινεύεταῖ.
1320 3030 1606 3139 αἰσχύνη,
1641 3072 1709 3143 ἥτ

1907 3060 2178 3106 nnvertam
2226 3070 2238 3105 :
2276 3052 2460 3106 Basan
2501 3053 2646 3107 enim
2693 3053 3082 3122 interpretatur
3125 3054 3438 3123 ignominia,

179 3154 332 3206 ἐστὶν
359 3154 386 3205 6
410 3153 633 3222 κόσμος.

1868 3157 1967 3198 seu
2003 3143 2267 3212 confusio,
2300 3145 2480 3213 qualis
2511 3152 2596 3200 est
2628 3147 2886 3200 mundus.

247 3245 343 3298 5i.
392 3244 735 3316 Ἐπιστρέψω
765 3245 962 3309 αὐτοὺς
981 3246 1075 3298 ἐπὶ
1099 3247 1158 3299 τὸ
1196 3247 1505 3322 βάπτισμα.

1461 3269 1505 3306 ι,
1937 3235 2025 3290 51.
2067 3233 2396 3289 Convertam
2423 3251 2519 3292 eos
2549 3237 2616 3292 ad
2641 3237 2992 3308 baptismum.

239 3335 336 3390 52.
375 3336 564 3400 Ὅπως
591 3335 656 3389 ἂν
691 3335 760 3389 τὰ
793 3337 1078 3390 τελευταῖα
1108 3339 1217 3393 τῶν
1240 3339 1421 3410 μελῶν
1461 3359 1578 3409 σου,
1605 3360 1761 3397 τουτ-

1934 3329 2025 3384 52.
2060 3327 2132 3384 Ut
2157 3338 2436 3399 postrema
2469 3332 2716 3387 membra
2774 3344 2899 3399 tua,
2952 3332 3057 3386 hoc
3100 3338 3184 3385 est
3229 3337 3437 3402 gentes,

173 3426 296 3482 ἐστι
317 3427 389 3481 τὰ
414 3427 562 3498 ἔθνη,
593 3428 961 3497 βαπτισθῶσιν
990 3431 1048 3483 ὲν
1077 3430 1156 3502 τῷ
1182 3433 1375 3503 αἵματί
1400 3452 1514 3490 σου.

1213 3433 1375 3503 μῖματί
1400 3452 1514 3490 σου,
1863 3419 2210 3490 baptizentur
2242 3421 2296 3476 in
2332 3423 2599 3492 sanguine
2633 3432 2744 3478 tuo.

247 3519 342 3574 53.
381 3518 504 3571 Τῶν
529 3519 697 3572 ἐθνῶν
725 3519 925 3586 αὐτῶν,
960 3521 1054 3574 καὶ
1080 3523 1113 3591 ή
1139 3523 1359 3590 γλῶσσα
1389 3525 1566 3598 ὲϐάςρη
1599 3529 1656 3581 ὲν
1684 3527 1762 3598 τῷ

1930 3510 2020 3564 55.
2055 3508 2301 3581 Ipsarum
2356 3513 2638 3583 gentium,
2683 3523 2737 3569 et
2789 3514 2975 3585 lingua
3027 3514 3199 3570 tincta
3249 3522 3337 3570 est
3384 3513 3438 3568 in

179 3610 376 3682 αἵματί
413 3627 508 3663 σου
549 3609 628 3682 τῷ
664 3609 880 3683 θανάτῳ
913 3612 1012 3682 (2),
1038 3613 1126 3666 ὅτε
1156 3615 1514 3688 ἐπέστρεψαν,
1541 3620 1605 3670 ὲκ
1655 3619 1710 3671 τᾶ

1908 3601 2135 3672 inguine
2168 3611 2266 3659 tuo
2293 3619 2392 3674 per
2417 3615 2672 3671 mortem,
2705 3607 2927 3676 quando
2957 3616 3347 3662 converterunt
3379 3622 3439 3662 se

179 3701 374 3757 ἐθνῶν.

1860 3705 1928 3744 ex
1966 3692 2238 3761 gentibus.

247 3795 338 3851 54.
374 3794 454 3848 Τὰ
483 3795 829 3866 δικαιώματά
852 3815 944 3850 σου
977 3798 1420 3871 ἐπεγνώσθησαν.

1933 3779 2025 3834 54.
2058 3778 2493 3838 Justiﬁcationes
2523 3792 2632 3840 tuae
2657 3784 2888 3854 cognitae
2913 3794 3059 3840 sunt.

247 3886 342 3942 55.
368 3888 435 3940 Ai
468 3885 680 3941 ἐντολαὶ
709 3888 804 3942 τοῦ
829 3888 960 3943 Υἱοῦ
993 3890 1087 3946 τοῦ
1119 3870 1352 3954 ὅντοςίὲν
1377 3891 1457 3962 τῷ
1487 3891 1684 3962 Πατρί.

1509 3891 1684 3962 Ῑατρε,
1933 3871 2024 3926 55.
2059 3870 2334 3945 Praecepta
2363 3874 2628 3944 Filii,,qui
2653 3884 2737 3931 est
2774 3875 2828 3930 in
2859 3875 3040 3932 Patre.

248 3977 339 4032 56.
366 3979 429 4032 0i
455 3977 748 4049 ἡγούμενοι
772 3979 882 4034 τῶν
931 3981 1269 4051 μοναξὸντων
1305 3977 1467 4054 ἦλθον
1488 3985 1566 4047 εἰς
1587 3983 1760 4037 ἀπάν-

1930 3963 2020 4018 56.
2053 3964 2323 4021 Ρτξεεὶᾱεε
2348 3967 2744 4022 monachorum
2775 3977 3041 4023 venerunt
3085 3969 3298 4024 obviam
3328 3969 3437 4023 Do-

176 4087 340 4143 τησιν
368 4070 460 4124 τοῦ
499 4070 706 4140 Κυρίου
739 4071 1062 4142 κατέχοντος
1095 4073 1172 4144 (5)
1222 4074 1349 4138 τοὺς
1395 4073 1627 4128 ἑαυτῶν
1657 4091 1707 4144 με

1497 4073 1627 4127 τῶν·
1657 4091 1753 4144 μα-
1858 4055 2012 4112 mino
2035 4072 2220 4119 secum
2251 4058 2514 4118 habentes
2549 4073 2678 4114 suos
2706 4059 3023 4131 discipulos.

176 4159 371 4231 θητάς.

246 4249 339 4303 57.
379 4250 466 4304 Ἐν
498 4249 665 4322 μέσῳ’
691 4251 812 4322 τῶν]
833 4251 1022 4322 ψυχῶν
1055 4251 1164 4307 τῶν
1196 4252 1391 4307 νεωστὶ
1437 4253 1514 4324 (4)
1549 4254 1749 4306 ἀποτα-

1925 4242 2015 4299 57.
2053 4243 2123 4302 In.
2156 4243 2340 4298 medio
2373 4244 2707 4309 animarum,
2747 4245 2842 4314 qui
2873 4255 3121 4302 recenter
3149 4248 3431 4303 renuntia-

176 4339 427 4410 ξαμένων
449 4341 542 4396 καὶ
576 4343 885 4415 νεκρουσῶν
906 4343 976 4396 τὰ
1006 4343 1139 4414 μέλη
1168 4344 1398 4398 ἑαυτῶν.

1899 4343 2055 4406 erunt
2113 4335 2319 4390 mundo
2345 4375 2362 4401 ,
2410 4344 2466 4390 et
2518 4336 2988 4392 mortiﬁcaverunt
3029 4339 3273 4392 membra
3309 4354 3430 4393 sua.

245 4429 337 4484 58.
379 4431 467 4484 Ἐν
521 4435 633 4495 τοῖς
675 4432 893 4504 μέλεσιν
945 4432 1101 4503 ὑμῶν
1165 4433 1441 4502 εὐλογεῖτε
1492 4433 1584 4486 τὸν
1626 4433 1756 4488 Θεὸν

1933 4429 2023 4484 58.
2062 4429 2414 4485 trimembris
2443 4431 2642 4485 vestris
2665 4429 2967 4486 benedicite
3007 4429 3140 4497 Deo,
3167 4433 3430 4500 quemad-

173 4520 273 4590 (5),
332 4522 516 4586 καθὼς
555 4524 882 4595 γέγραπται·
919 4525 1040 4577 Ὅτι
1063 4523 1233 4594 ὑμεῖς
1247 4525 1395 4591 ’ναὸς
1420 4524 1568 4578 Θεοῦ
1595 4525 1704 4578 ἐστ

1899 4521 2081 4576 nodum
2115 4522 2380 4590 scriptum
2422 4531 2506 4576 est
2535 4539 2548 4576 :
2582 4523 2705 4592 quia
2744 4539 2829 4577 vos
2863 4522 3106 4592 templum
3149 4523 3248 4577 Dei
3284 4525 3430 4588 estis,

171 4612 270 4665 καὶ
301 4611 370 4664 τὸ
401 4613 646 4683 Πνεῦμα
672 4616 778 4668 τοῦ
815 4615 963 4668 Θεοῦ
1002 4615 1158 4669 οἰκεῖ
1181 4616 1251 4668 ἐν
1269 4616 1434 4686 ὑμῖν.

1357 4616 1434 4669 ir.
1856 4612 2177 4682 et_Spiritus
2204 4613 2299 4667 Dei
2334 4614 2539 4667 habitat
2564 4616 2618 4677 in
2655 4615 2796 4670 vobis
2820 4617 2888 4668 ⁸⁸.

241 4704 334 4759 59.
364 4705 570 4776 Κύριον
614 4709 679 4760 ἐκ
727 4709 836 4761 τῶν
887 4708 1125 4780 καρδιῶν
1163 4709 1318 4779 ὑμῶν
1377 4708 1630 4775 δοξάζετε
1658 4708 1756 4781 (6)·

1933 4706 2024 4760 59.
2062 4705 2297 4759 Domino
2325 4722 2355 4760 e
2392 4707 2652 4762 cordibus
2687 4708 2884 4762 vestris
2911 4708 3206 4779 glorilicate
3228 4729 3240 4762 :
3262 4707 3433 4764 Israel

183 4795 425 4864 Ἰσραὴλ
456 4798 566 4869 γὰρ
601 4799 984 4870 ἑρμηνεύεται,
1015 4800 1164 4866 νοῦς
1191 4800 1346 4869 ὀρῶν
1371 4801 1538 4855 Θεόν.

1522 4839 1538 4855 .
1859 4798 2006 4854 enim
2037 4798 2454 4866 interpretatur,
2482 4816 2626 4863 meus
2655 4799 2833 4860 videns
2861 4799 3050 4855 Deum.

238 4887 331 4941 60.
359 4888 461 4941 Τὸν
485 4889 692 4943 Παῦλον
724 4892 893 4960 λέγει.

1930 4890 2020 4944 60.
2057 4888 2292 4944 Paulum
2321 4891 2609 4962 signiﬁcat.

247 4977 338 5032 61.
374 4979 438 5031 0i
460 4981 747 5035 ἀπόστολοι
777 4983 871 5036 τοῦ
900 4983 1034 5038 Θεοῦ
1064 4983 1307 5039 αἰνετοῦ·
1359 4985 1599 5052 Ἰούδας.
1643 4986 1752 5058 γὰρ

1935 4981 2024 5036 61.
2061 4981 2312 5052 Apostoli
2349 4981 2442 5037 Dei
2483 4983 2775 5042 laudabilis
2810 5004 2824 5040 :
2858 4983 3040 5042 ludas.
3074 4984 3218 5041 enim
3263 4994 3433 5040 mter-

171 5070 554 5143 ἑρμηνεύεται,
587 5075 730 5142 Θεὸς
753 5079 1004 5145 αἰνετός.

1862 5081 2129 5145 pretatur,
2156 5073 2293 5128 Deus
2318 5073 2625 5136 laudabilis.

244 5244 288 5276 ει

320 5243 340 5297 1
369 5242 499 5299 con
528 5261 609 5312 ἠ’
647 5247 735 5305 16⁸
1134 5324 1443 5388 Addenda
1475 5335 1536 5391 et
1564 5325 1943 5409 corrigenda
1991 5343 2071 5388 ex
2102 5327 2242 5389 cod.
2275 5327 2478 5390 Vatic.

273 5479 322 5564 1)
354 5478 494 5564 WG
533 5482 687 5564 θυεερ
717 5497 749 5564 τε
782 5485 904 5564 CQd-
984 5553 1004 5564 .
1380 5560 1395 5564 _
1509 5561 1523 5564 _

867 5485 904 5538 1.
984 5553 1004 5564 -
1380 5560 1395 5564 _
1509 5561 1523 5564 _
1939 5493 2017 5564 (5)
2041 5495 2398 5564 Κατέχοντες.

268 5549 414 5635 alin
442 5552 958 5635 tegittln’ct‘D'Oavd‘ttp.
984 5553 1044 5610 In
1085 5572 1261 5628 marg.
1297 5560 1419 5614 cod.
1460 5561 1752 5635 adnotatur

1726 5577 1752 5614 r
1932 5549 2012 5635 (ἢ
2037 5549 2250 5618 Νεωσὲί
2285 5549 2431 5619 deest
2457 5584 2470 5618 :
2501 5562 2663 5635 paulo
2695 5573 2817 5632 post
2843 5558 3254 5633 νεκρωσάντων.

173 5613 436 5706 ἐγεᾶλλοις
457 5613 920 5706 τῷάθανᾴτιρκεέ
935 5642 1044 5696 quo
1067 5613 1309 5706 appaifet,
1336 5613 1704 5706 quodsuperit

1236 5613 1309 5706 et,
1336 5613 1750 5706 φιρὰέιιρέὶὲἰαέ
1931 5613 2010 5706 ($5
2038 5613 2767 5706 Εὖῐςῖ-έῆσᾶἒέ”ὲὲοεῖ1ξ⁷νρριὶν.

174 5695 336 5776 etiam
365 5695 575 5754 monui,
604 5696 739 5747 tanti
769 5695 1113 5776 l'uisseswe.
1145 5715 1210 5776 rx.
1246 5695 1387 5776 hanc
1426 5695 1705 5769 interpret:

1929 5695 2008 5775 (6)
2035 5695 2260 5776 Κύριός,
2301 5715 2428 5776 etc.,
2467 5695 2769 5772 δοξάζεται,
2813 5714 2945 5770 elc.;
2999 5702 3092 5758 sed
3145 5703 3267 5759 mel.
3313 5700 3428 5759 Κύ-

177 5757 402 5843 ῑίοηεηι,
433 5776 529 5843 seu
561 5766 1042 5843 commentarium,
1067 5776 1126 5820 ut
1145 5767 1256 5843 jam
1284 5769 1437 5843 plura
1470 5757 1708 5825 exstaret

906 5766 1042 5829 ium,
1067 5767 1256 5843 utjam
1284 5769 1437 5843 plura
1470 5757 1751 5827 exstarent
1861 5757 2076 5843 ριδν
2121 5757 2144 5830 Ῐ
2167 5757 2435 5842 δᾶέάζέξτέ.

176 5831 527 5901 exemplaria,
547 5833 746 5904 quibus
765 5837 1007 5907 scriptor
1032 5831 1205 5893 nostri
1238 5831 1442 5896 codicis
1475 5856 1610 5897 usus
1642 5851 1744 5900 cst,
