3876 6220
364 432 470 487 919
1224 436 1280 490 S.
1326 435 1705 491 ATHANASII
1745 436 1895 491 OPP.
1937 437 2121 492 PARS
2160 435 2248 492 Ill.
2289 465 2360 475 —
2394 431 2811 489 EXEGETICA.
3549 424 3660 483 920

435 552 525 607 62.
559 550 842 622 Principes
872 551 1115 608 Zabulon
1134 596 1149 619 ,

1982 563 2031 619 A
2131 556 2221 611 62.
2248 557 2546 627 ’Ἄρχοντες
2576 548 2882 612 Ζαϐουλὼν,

437 642 530 698 65.
571 643 857 717 Principes
888 645 1200 715 Nephthali.

2130 649 2219 703 65.
2260 649 2555 720 ’Ἄρχοντες
2584 640 2925 712 Νεφθαλείμ.

438 737 528 792 64.
563 736 782 806 Manda,
812 739 977 801 Deus,
1001 739 1190 794 virtuti
1224 748 1371 796 tuae:

2127 738 2218 792 64.
2252 736 2550 798 Ἕντειλαι,
2578 726 2607 785 ό
2634 732 2788 795 Θεὸς,
2820 732 2887 801 τῇ
2916 727 3145 799 δυνάμει
3182 743 3273 779 σου

435 827 525 885 65.
557 829 837 885 Conﬁrma
888 830 1029 896 hoc,
1081 830 1261 899 Deus,
1312 834 1460 903 quod
1512 842 1774 904 operatus
1803 848 1864 890 es
1895 835 1951 890 in

2128 831 2219 886 65.
2252 829 2603 899 Δυνάμωσον,
2637 826 2666 878 ὁ
2690 823 2844 886 Θεὸς,
2878 820 3038 874 τοῦτο
3058 862 3073 884 ,
3122 819 3150 872 ὃ
3205 820 3548 891 κατηργάσω
3593 819 3658 874 ὲν

366 921 550 975 nobis.

2055 928 2089 996 ή
2097 926 2207 995 μῖν.

434 1012 525 1070 66.
551 1012 597 1066 Α
625 1015 827 1085 templo
850 1022 947 1071 tuo
977 1016 1032 1070 in
1067 1015 1408 1071 Hierusalem
1430 1058 1446 1082 ,

2092 1000 2095 1001 ν
2126 1016 2219 1070 66.
2269 1015 2402 1069 Ἀπὸ
2432 1015 2527 1067 τοῦ
2553 1013 2683 1067 ναοῦ
2715 1025 2810 1061 σου
2837 1007 2931 1058 ἐπὶ
2971 1002 3350 1075 Ἰερουσαλὴμ,

437 1104 524 1160 67.
562 1107 684 1162 Tibi
716 1107 947 1164 offerent
972 1124 1130 1179 reges
1162 1125 1414 1164 munera.

2133 1107 2223 1162 67.
2250 1108 2341 1159 Σοὶ
2370 1106 2578 1159 οἴσουσι
2608 1101 2849 1174 βασιλεῖς
2873 1097 3042 1169 δῶρα.

437 1201 528 1257 68.
563 1203 787 1273 lncrepa
822 1203 970 1259 feras
1005 1204 1337 1260 arundinis:

2126 1203 2216 1258 68.
2252 1203 2607 1273 Ἐπιτίμησον
2632 1200 2742 1261 τοῖς
2781 1195 2991 1268 θηρίοις
3019 1192 3117 1246 τοῦ
3146 1192 3395 1263 καλάμου
3416 1209 3432 1226 ·

439 1294 530 1351 69.
560 1295 930 1368 Congregatio
958 1288 1247 1353 taurorum
1276 1299 1331 1353 in
1363 1297 1547 1355 vaccis
1576 1298 1907 1369 populorum
1936 1320 1950 1354 :

2132 1296 2225 1351 69.
2265 1295 2331 1348 Ἡ
2364 1290 2659 1364 συναγωγὴ
2700 1288 2810 1343 τῶν
2851 1285 3069 1357 ταύρων
3116 1286 3175 1339 ὲν
3220 1287 3338 1350 ταῖς
3377 1285 3653 1357 δαμαλεσι

2057 1388 2169 1442 τῶν
2194 1386 2339 1442 λαῶν
2368 1404 2382 1417 ·

443 1478 532 1535 70.
568 1478 640 1535 Ut
665 1481 1026 1536 excludantur
1052 1482 1128 1547 ii,
1162 1482 1255 1552 qui
1286 1483 1502 1553 probati
1545 1492 1676 1540 sunt
1700 1493 1949 1555 argento.

2130 1480 2221 1534 7.0.
2260 1478 2368 1531 Τοῦ
2417 1476 2801 1547 ὲγκλεισθῆναι
2842 1472 2971 1535 τοὺς
3023 1470 3520 1549 δεδοκιμασμένους
3572 1470 3656 1542 τῷ

2056 1571 2326 1644 ἀργυρίῳ.

446 1663 531 1719 7i.
564 1664 779 1735 Dissipa
810 1674 999 1736 gentes
1028 1681 1150 1736 quae
1180 1666 1321 1721 bella
1361 1668 1553 1723 volunt
1580 1686 1593 1722 :

2132 1666 2218 1718 7i.
2254 1650 2655 1734 Ᾱιασκόρπισον
2690 1659 2818 1732 ἔθνη
2844 1658 2914 1712 τὰ
2940 1661 3068 1719 τοὺς
3097 1657 3366 1728 πολέμους
3400 1656 3648 1712 θέλοντα.

440 1756 529 1810 72.
568 1756 801 1811 Venient
827 1758 991 1828 legati
1015 1774 1082 1813 ex
1109 1757 1347 1830 Egypto
1373 1776 1386 1813 :

2125 1757 2216 1812 72.
2248 1756 2478 1822 Ἥξουσι
2505 1753 2765 1825 πρέσϐεις
2795 1749 2855 1817 ἐξ
2883 1750 3162 1820 Αἰγύπτου
3184 1767 3197 1780 ·

440 1848 527 1902 '5.
562 1848 846 1920 Ethiopia
878 1850 1175 1919 praeveniet
1195 1866 1395 1906 manus
1427 1851 1548 1921 ejus
1578 1849 1712 1906 Deo.

1997 1909 2027 1921 __
2132 1850 2222 1904 73.
2260 1846 2517 1902 Αἰθιοπία
2550 1844 2856 1918 προφθάσει
2889 1846 3050 1915 χεῖρα
3076 1843 3249 1912 αὐτῆς
3281 1842 3359 1912 τῷ
3384 1841 3528 1913 Θεῷ.

442 1938 529 1992 74.
562 1909 939 2009 Regna-terra:
963 1948 1180 1995 cantate
1213 1938 1344 2006 Deo,
1377 1909 1594 2011 psallite
1627 1939 1879 1995 Domino.

2127 1942 2217 1995 τι.
2254 1941 2320 1993 Αἱ
2347 1909 2617 2011 βασιλεῖαι
2642 1909 2742 2008 {ac
2779 1909 3110 2009 γῆςζᾲεατε
3141 1909 3221 2006 τῷ
3259 1909 3401 2005 θεῷ,
3435 1909 3653 2003 ea...

2056 2033 2135 2103 τῷ
2164 2031 2375 2103 Κυρίῳ,

443 2123 530 2177 75.
560 2120 667 2190 Qui
694 2122 943 2179 ascendit
967 2138 1133 2194 super
1163 2124 1364 2179 cmlum
1401 2125 1523 2182 coeli
1563 2125 1632 2179 ad
1662 2125 1951 2181 orientem.

2128 2123 2219 2176 75.
2245 2122 2335 2193 Τῷ
2366 2121 2722 2193 ἐπιϐεϐηκότι
2764 2120 2867 2184 ἐπὶ,
2890 2122 2983 2175 τὸν
3016 2121 3244 2192 οὐρανὸν
3276 2120 3372 2173 τοῦ
3416 2119 3654 2193 οὐρανοῦ

2058 2216 2199 2271 κατά
2225 2217 2509 2279 ἀνατολάς.
3646 2208 3654 2227 ⁸

441 2305 530 2360 76.
561 2305 701 2362 Ecce
732 2306 886 2362 dabit
914 2308 1034 2364 voci
1069 2324 1184 2364 sua:
1217 2324 1401 2365 vocem
1430 2310 1667 2366 virtutis.

2130 2310 2217 2363 76.
2266 2309 2399 2362 Ἰδοὺ
2426 2307 2586 2362 δώσει
2614 2311 2680 2379 τῇ
2711 2311 2863 2380 φωνῇ
2893 2307 3061 2362 αὐτοῦ
3087 2308 3271 2379 φωνὴν
3297 2307 3606 2377 δυνάμεως.

436 2398 528 2452 77.
557 2399 691 2455 Date
719 2400 945 2471 gloriam
978 2401 1091 2457 Deo
1123 2418 1139 2457 :

2131 2400 2219 2453 77.
2253 2400 2382 2453 Δότε
2410 2398 2567 2463 δόξαν
2595 2398 2673 2469 τῷ
2694 2398 2832 2469 Θεῷ·

441 2491 527 2546 78.
568 2491 742 2563 Super
767 2492 935 2549 Israel
960 2496 1363 2567 magniﬁcentia
1396 2497 1516 2566 ejus
1547 2515 1561 2549 :

2134 2491 2220 2545 78.
2267 2493 2390 2545 Ἐπὶ
2418 2491 2511 2543 τὸν
2552 2489 2823 2561 Ἰσραὴλή
2858 2490 3305 2561 μεγαλοπρέπεια
3337 2487 3505 2543 αὐτοῦ
3526 2503 3541 2519 ·

437 2583 523 2638 79.
557 2581 623 2637 Et
646 2584 820 2640 virtus
844 2585 967 2654 ejus
992 2586 1046 2639 in
1078 2585 1341 2640 nubibus.

2134 2584 2220 2637 79.
2256 2585 2366 2636 Καὶ
2393 2587 2426 2655 ἡ
2450 2582 2679 2653 δύναμις
2712 2581 2878 2635 αὐτοῦ
2906 2583 2965 2634 ὲν
2989 2586 3108 2646 ταῖς
3138 2581 3412 2652 νεφέλαις.

438 2676 527 2730 80.
562 2676 831 2735 Mirabilis
863 2676 1010 2734 Deus
1044 2678 1101 2733 in
1124 2680 1335 2735 ‘sanctis
1360 2679 1478 2735 suis
1507 2698 1521 2732 :

2132 2675 2220 2729 80.
2244 2674 2567 2745 Θαυμαστὸς
2594 2676 2621 2727 ό
2647 2673 2780 2737 Θεὸς
2812 2675 2870 2726 ἐν
2903 2675 3018 2736 τοῖς
3042 2673 3219 2741 ἁγίοις
3251 2671 3437 2725 αὐτοῦ.

1476 2770 1882 2848 ἈΤΗΑΝΑειι
1920 2785 2509 2846 INTERPRETATIO.

437 2885 529 2954 62,
562 2885 781 2957 65.lpsi
804 2889 1060 2958 apostoli,
1088 2889 1351 2960 quoniam
1380 2900 1538 2946 erant
1565 2905 1636 2947 ex
1671 2891 1817 2947 tribu
1852 2892 1956 2944 Za—

2131 2884 2221 2949 62,
2258 2884 2346 2938 65.
2374 2885 2437 2937 Οἱ
2472 2884 2625 2936 αὐτοὶ
2651 2881 2960 2943 ἀπόστολοι,
2996 2878 3185 2949 ἐπειδὴ
3229 2880 3295 2931 ὲκ
3327 2876 3429 2947 τῆς
3476 2875 3662 2946 φυλῆς

367 2972 556 3039 buion,
589 2983 641 3027 et
671 2970 1045 3043 Nephthalim.

2060 2974 2350 3030 Ζαϐουλὼν
2375 2968 2472 3028 οιαὶ
2491 2971 2811 3044 Νεφθαλεὶμ
2842 2967 3001 3043 ἦσαν.

441 3065 531 3121 64.
564 3065 764 3121 Gratim
790 3074 919 3123 tuae.

1979 3105 2020 3139 ρ
2129 3069 2217 3125 64.
2247 3070 2326 3139 Τῇ
2358 3068 2540 3139 χάριτί
2568 3083 2683 3120 σου.

439 3158 529 3214 65.
565 3158 753 3215 Fidem
784 3171 957 3223 tuam.

1979 3105 2021 3163 (ς
2130 3105 2217 3125 ντ-
2257 3105 2326 3139 ιιι
2359 3105 2540 3139 Ανιιιη-
2568 3105 2697 3133 ww,

2126 3160 2229 3227 65.
2258 3158 2369 3230 Τὴν
2395 3158 2579 3212 πίστιν
2604 3176 2717 3210 σου.

440 3252 539 3316 66,
573 3251 661 3306 67.
690 3252 766 3308 Ex
800 3255 983 3309 anima
1013 3261 1069 3309 et
1101 3269 1332 3324 corpore
1383 3253 1610 3309 aﬂ'erent
1646 3254 1742 3309 tibi
1783 3266 1961 3323 opera,

2139 3256 2215 3323 56,
2254 3256 2342 3311 67.
2361 3257 2456 3310 Ἐκ
2483 3257 2583 3326 τῆς
2615 3256 2793 3327 ψυχῆς
2821 3254 2915 3309 καὶ
2941 3254 3034 3311 τοῦ
3076 3253 3327 3331 σώματος
3357 3252 3439 3304 σοὶ
3482 3268 3670 3322 προσ-ι.

368 3345 554 3401 ﬁdeles
576 3346 712 3416 justi
745 3347 802 3402 in
834 3362 1073 3419 superna
1103 3348 1469 3412 Hierusalem.

2127 3350 2343 3417 ’άγωσιν
2378 3348 2515 3421 ἔργα
2550 3348 2750 3403 δίκαιοι
2808 3348 2991 3402 πιστοὶ
3024 3350 3083 3401 ὲν
3106 3348 3173 3419 τῇ
3211 3345 3326 3400 ἄνω
3373 3346 3658 3416 Ἰερουσα-

2056 3441 2192 3514 λήμο

431 3532 520 3588 68.
553 3532 857 3601 Daemones,
882 3542 937 3591 et
967 3532 1208 3590 Iudaeos.

2127 3534 2216 3594 68.
2249 3536 2377 3599 Τοῖς
2402 3534 2621 3605 δαίμοσι
2648 3534 2744 3587 καὶ
2768 3536 2881 3599 τοῖς
2916 3533 3210 3597 Ἰουδαίοις.

442 3623 532 3679 69.
568 3623 886 3696 Principes,
925 3636 979 3681 et
1007 3627 1201 3685 scribae
1234 3624 1570 3680 Judzeorum.

2128 3624 2217 3681 69.
2246 3626 2310 3678 Οἱ
2338 3625 2601 3697 ἄρχοντες
2632 3625 2724 3679 καὶ
2746 3627 2795 3677 οἱ
2816 3627 3169 3697 γραμματεῖς
3197 3622 3306 3678 τῶν
3355 3622 3657 3677 Ἰουδαίων.

444 3714 530 3768 70.
563 3714 799 3782 Quando
827 3717 1184 3788 conjecerunt
1212 3718 1265 3771 in
1302 3731 1577 3773 carcerem
1615 3715 1718 3787 ipsi
1756 3713 1963 3783 Judazi,‘

2129 3720 2212 3775 70.
2252 3719 2381 3772 Ὅτε
2439 3719 2753 3772 ἐνέκλεισαν
2802 3722 2882 3783 εἰς
2938 3718 3186 3790 φυλακὴν
3242 3719 3293 3771 οἱ
3331 3718 3486 3770 αὐτοὶ
3516 3718 3660 3770 Ἴου-

369 3820 423 3863 et
480 3808 742 3865 Pharisaei
796 3812 1123 3889 apostolos)
1180 3807 1645 3880 quemadmodum
1695 3808 1750 3862 in
1802 3806 1900 3862 Aet

2130 3815 2196 3865 ἴοι
2230 3812 2324 3865 καὶ
2374 3814 2667 3885 Φαρισαῖοι
2712 3814 2839 3876 τοὺς
2883 3813 3219 3875 ἀποστόλους
3260 3809 3402 3882 [ὡς]
3440 3813 3500 3863 ὲν
3527 3813 3661 3875 ταῖς

369 3912 628 3959 narratur
655 3904 707 3936 "
728 3924 741 3959 :
766 3904 903 3976 quia.
924 3904 1294 3976 loquebantur
1320 3902 1551 3967 uerbum
1588 3900 1707 3956 Dei.

2131 3903 2302 3970 ›ἀξεσι
2325 3921 2339 3935 ·
2369 3904 2461 3959 διὰ
2485 3905 2539 3957 τί
2577 3903 2790 3977 [διότι]
2825 3904 3051 3959 ἐλάλουν
3083 3904 3174 3957 τόν
3204 3904 3360 3972 λόγον
3409 3902 3488 3972 τῷ
3530 3902 3662 3972 Θεῷ

2061 3994 2193 4068 [τοῦ
2214 3995 2386 4069 Θεοῦ]
2428 3995 2529 4069 (ι).

449 4082 797 4153 7|.Populos
853 4081 1169 4138 Judazorum
1223 4082 1470 4137 volentes
1511 4080 1849 4151 voluptates.
1900 4086 1957 4137 et

2130 4086 2221 4139 71.
2253 4086 2393 4150 Τοὺς
2438 4086 2644 4158 δήμους
2671 4104 2780 4141 των
2826 4087 3099 4141 Ἰουδαίων
3134 4089 3261 4151 τοὺς
3309 4086 3408 4151 τὰς
3453 4088 3659 4159 ἡδονὰς

370 4176 844 4247 concupiscentias
873 4176 1027 4241 vitae.

2060 4160 2273 4241 καὶτὰς
2302 4178 2600 4250 ἐπιθυμίας
2626 4180 2720 4233 τοῦ
2748 4180 2865 4249 βίου
2894 4180 3167 4243 θέλοντας.

448 4269 537 4325 72.
570 4268 807 4324 Venient
832 4270 1065 4325 apostoli
1094 4266 1132 4324 ‘e
1170 4283 1392 4324 carcere
1417 4268 1704 4339 loquentes
1729 4268 1956 4320 verbum

2131 4271 2223 4326 72.
2260 4273 2322 4326 Οἱ
2360 4272 2651 4326 ἀπόστολοι
2689 4273 3005 4327 ἐλεύσονται
3034 4276 3096 4328 ἐκ
3118 4274 3219 4344 τῆς
3252 4274 3522 4345 φυλακῆς,
3549 4273 3654 4328 λα-

370 4366 425 4419 in
462 4363 683 4434 templo.

2060 4362 2281 4427 λοῦντες
2314 4364 2406 4416 τὸν
2432 4363 2588 4431 λόγον
2616 4368 2685 4427 ὲν,
2698 4365 2775 4436 τῷ
2798 4366 2950 4437 ἱερῷ.

475 4455 530 4510 5.
562 4452 733 4509 Judaai
757 4492 773 4519 ,
813 4452 907 4523 qui
940 4452 1289 4509 crediderunt
1321 4451 1377 4507 in
1414 4449 1507 4506 illa
1532 4449 1619 4505 die
1643 4450 1952 4509 animarum
1986 4447 2006 4501 Ι

2131 4456 2220 4510 75.
2249 4457 2312 4509 Οἱ
2348 4459 2775 4521 πεπιστευκότες
2812 4460 3052 4513 Ἰουδαῖοι
3080 4462 3135 4513 έν
3152 4462 3218 4531 τῇ
3256 4460 3438 4530 ἡμέρᾳ
3462 4458 3662 4532 ἐκείνῃ

370 4548 528 4617 quasi
555 4548 796 4617 quinque
828 4545 998 4600 millia
1034 4543 1101 4601 ⁸³.

2059 4547 2231 4619 ψυχαὶ
2260 4549 2392 4602 ὡσεὶ
2428 4551 2885 4621 πεντακισχίλιαι.

445 4642 533 4696 74.
564 4639 813 4710 Apostoli
844 4646 1054 4696 stantes
1083 4637 1140 4693 in
1183 4638 1389 4710 templo
1420 4635 1712 4708 loquimini
1750 4634 1965 4709 populo~

2131 4640 2218 4697 74.
2246 4642 2310 4694 Οἱ
2334 4642 2627 4695 ἀπόστολοι
2663 4642 2951 4705 σταθέντες
2976 4644 3034 4698 ἐν
3061 4643 3138 4715 τῷ
3158 4643 3307 4714 ἱερῷ,
3337 4644 3547 4697 λαλεῖτε
3571 4645 3660 4716 τῷ

368 4735 534 4789 verba
562 4733 683 4788 vitae
710 4731 897 4803 hujus.

2058 4733 2173 4805 λαῷ
2200 4733 2269 4787 τὰ
2295 4735 2519 4805 ῥήματα
2542 4735 2644 4805 τῆς
2679 4734 2826 4805 ζωῆς
2858 4734 3087 4807 ταύτης.

439 4827 526 4882 75.
564 4825 669 4893 Qui
696 4835 1017 4896 assumptus
1038 4834 1122 4881 est
1150 4841 1316 4896 super
1348 4823 1537 4881 cmlos.

2131 4826 2221 4881 75.
2254 4826 2345 4898 Τῷ
2377 4827 2742 4900 ἀναληφθέντι
2776 4827 3032 4899 ὑπεράνω
3053 4829 3163 4883 τῶν
3182 4829 3445 4902 οὐρανῶν.

445 4919 532 4973 76.
568 4918 849 4988 Apostolis
872 4917 1319 4988 praedicationem
1350 4917 1492 4975 eius.
1560 4903 1569 4915 ’

2123 4918 2215 4972 76.
2253 4919 2379 4983 Τοῖς
2404 4921 2727 4984 ἀποστόλοις
2748 4919 2811 4975 τὸ
2843 4923 3105 4995 κήρυγμα
3136 4924 3322 4978 αὑτοῦ.

441 5012 528 5066 77.
564 5008 861 5082 Unigenito
886 5011 979 5066 Dei
1004 5009 1165 5065 Filio.

2133 5013 2219 5081 77.
2255 5013 2345 5084 Τῷ
2380 5018 2663 5084 μονογενεῖ
2692 5014 2806 5085 Υἱῷ
2835 5016 2929 5069 τοῦ
2957 5015 3113 5068 Θεοῦ.

437 5100 531 5160 78.
562 5100 751 5157 Gratia
784 5116 883 5157 sua
912 5117 1077 5172 super
1102 5117 1232 5167 eos,
1261 5103 1353 5172 qui
1390 5110 1571 5157 mente
1595 5118 1720 5157 eum
1749 5101 1958 5158 vident.

2128 5107 2220 5161 78.
2270 5108 2334 5159 Ἦ
2365 5107 2737 5178 χάρις.αὐτοῦ
2788 5110 2883 5162 ἐπὶ
2929 5110 3056 5173 τοὺς
3101 5108 3346 5178 ὁρῶντας
3388 5108 3554 5165 αὐτὸν
3582 5116 3651 5183 τῇ

668 5218 675 5224 θ
2058 5198 2288 5269 διανοίᾳ.

438 5283 530 5342 79.
565 5283 634 5340 Εῑ
659 5292 884 5342 sanctus
909 5284 1030 5354 ejus
1061 5282 1302 5355 Spiritus
1337 5286 1393 5338 in
1426 5285 1713 5355 apostolis.

2138 5288 2221 5342 79.
2254 5290 2363 5343 Καὶ
2409 5290 2471 5343 τὸ
2509 5290 2733 5359 Πνεῦμα
2778 5290 2841 5344 τὸ
2884 5292 3039 5358 ἆγιον
3070 5292 3237 5345 αὐτοῦ
3274 5295 3331 5345 ὲν
3359 5296 3467 5357 τοῖς
3516 5294 3648 5348 ἀθω-

2063 5380 2291 5444 στόλοις.
2774 5428 2779 5434 .

440 5464 532 5519 80.
561 5465 913 5519 Gloriﬁcatur
943 5463 1090 5519 Deus
1132 5467 1188 5516 tn
1222 5463 1429 5518 sanctis
1460 5480 1595 5520 SUIS.

2140 5472 2243 5539 80.¹
2270 5472 2566 5537 Δοξάζεται
2587 5477 2615 5527 ό
2641 5474 2877 5546 Θεὸςξὲν
2895 5476 3010 5541 τοῖς
3032 5476 3214 5546 ἁγίοις
3233 5475 3418 5531 αὑτοῦ.

440 5581 484 5613 ⁸³
507 5581 627 5635 Act.
661 5595 737 5645 ιν,
769 5580 823 5635 ὅ.
850 5578 946 5650 βυ
974 5577 1098 5633 Act.
1134 5592 1194 5643 Il,
1222 5576 1287 5631 41
1317 5595 1331 5642 ;
1360 5594 1434 5645 Iv,
1462 5578 1517 5631 4.

1326 5694 1637 5756 Addenda
1674 5702 1734 5756 et
1761 5696 2143 5776 corrigenda
2176 5717 2253 5762 ex
2299 5703 2442 5765 cod.
2480 5703 2685 5766 Vatic.

368 5815 619 5956 τῷ(
667 5818 820 5873 αὐτοὶ
866 5821 1150 5892 Φαρισαῖοι
1198 5821 1323 5884 τοὺς
1356 5819 1690 5885 ἀποστόλους
1732 5823 1786 5875 ἐν
1835 5824 1955 5885 ταῖς
1995 5823 2271 5894 Πράξεσιν
2302 5828 2389 5885 διὰ
2424 5829 2478 5884 τί
2524 5829 2867 5906 ἐλάλουν,τῷ
2908 5830 3051 5903 λόγῳ
3088 5831 3221 5904 (leg.
3259 5831 3350 5889 τὸν
3383 5829 3579 5903 λόγον)
