  <div class='ocr_page' id='page_1' title='image "/cluster/home/n/w/nwhite01/storage/ocr_20150623/27/nnc1.0046978631/480.png"; bbox 0 0 3876 6220; ppageno 0'>
   <div class='ocr_carea' id='block_1_1' title="bbox 206 415 3491 497">
    <p class='ocr_par' dir='ltr' id='par_1_1' title="bbox 206 415 3491 497">
     <span class='ocr_line' id='line_1_1' title="bbox 206 415 3491 497; baseline 0.009 -28"><span class='ocrx_word' id='word_1_1' title='bbox 206 415 304 470; x_wconf 65' lang='lat' dir='ltr'><strong>Sil</strong></span> <span class='ocrx_word' id='word_1_2' title='bbox 1092 416 1182 472; x_wconf 85' lang='lat' dir='ltr'><strong>DE</strong></span> <span class='ocrx_word' id='word_1_3' title='bbox 1221 416 1498 475; x_wconf 86' lang='lat' dir='ltr'><strong>TITULIS</strong></span> <span class='ocrx_word' id='word_1_4' title='bbox 1536 422 1990 487; x_wconf 75' lang='lat' dir='ltr'><strong>PSALMORUM.</strong></span> <span class='ocrx_word' id='word_1_5' title='bbox 2032 464 2101 475; x_wconf 90' lang='grc'><strong>--</strong></span> <span class='ocrx_word' id='word_1_6' title='bbox 2133 432 2331 494; x_wconf 81' lang='lat' dir='ltr'><strong>PSAL.</strong></span> <span class='ocrx_word' id='word_1_7' title='bbox 2383 435 2617 493; x_wconf 76' lang='lat' dir='ltr'><strong>LXVIII.</strong></span> <span class='ocrx_word' id='word_1_8' title='bbox 3386 442 3491 497; x_wconf 66' lang='lat'><strong>9522</strong></span> 
     </span>
    </p>
   </div>
   <div class='ocr_carea' id='block_1_2' title="bbox 281 531 1812 623">
    <p class='ocr_par' dir='ltr' id='par_1_2' title="bbox 281 531 1798 616">
     <span class='ocr_line' id='line_1_2' title="bbox 281 531 1798 616; baseline -0.003 -29"><span class='ocrx_word' id='word_1_9' title='bbox 281 533 369 588; x_wconf 84' lang='lat'><strong>8|.</strong></span> <span class='ocrx_word' id='word_1_10' title='bbox 406 534 466 585; x_wconf 86' lang='lat'><strong>&#39;0</strong></span> <span class='ocrx_word' id='word_1_11' title='bbox 483 532 617 595; x_wconf 89' lang='grc' dir='ltr'><strong>Θεὸς</strong></span> <span class='ocrx_word' id='word_1_12' title='bbox 652 533 868 606; x_wconf 82' lang='grc' dir='ltr'>Ἰσραήλ</span> <span class='ocrx_word' id='word_1_13' title='bbox 889 548 903 563; x_wconf 91' lang='grc'><strong>·</strong></span> <span class='ocrx_word' id='word_1_14' title='bbox 920 533 1083 597; x_wconf 82' lang='grc' dir='ltr'>αὐτὸς</span> <span class='ocrx_word' id='word_1_15' title='bbox 1106 531 1266 585; x_wconf 86' lang='grc' dir='ltr'>δώσει</span> <span class='ocrx_word' id='word_1_16' title='bbox 1294 532 1526 607; x_wconf 88' lang='grc' dir='ltr'>δύναμιν</span> <span class='ocrx_word' id='word_1_17' title='bbox 1552 542 1645 594; x_wconf 75' lang='grc' dir='ltr'><strong>καὶ</strong></span> <span class='ocrx_word' id='word_1_18' title='bbox 1668 559 1798 616; x_wconf 81' lang='grc' dir='ltr'>κρα-</span> 
     </span>
    </p>
   </div>
   <div class='ocr_carea' id='block_1_3' title="bbox 1959 531 3490 623">
    <p class='ocr_par' dir='ltr' id='par_1_3' title="bbox 1972 546 3490 623">
     <span class='ocr_line' id='line_1_3' title="bbox 1972 546 3490 623; baseline 0.011 -23"><span class='ocrx_word' id='word_1_19' title='bbox 1972 546 2062 601; x_wconf 80' lang='grc'><strong>81.</strong></span> <span class='ocrx_word' id='word_1_20' title='bbox 2101 546 2247 604; x_wconf 89' lang='lat' dir='ltr'><strong>Deus</strong></span> <span class='ocrx_word' id='word_1_21' title='bbox 2278 548 2483 617; x_wconf 88' lang='lat' dir='ltr'><strong>lsrael;</strong></span> <span class='ocrx_word' id='word_1_22' title='bbox 2520 552 2637 623; x_wconf 81' lang='lat' dir='ltr'><strong>ipse</strong></span> <span class='ocrx_word' id='word_1_23' title='bbox 2664 551 2817 609; x_wconf 98' lang='lat' dir='ltr'><strong>dabit</strong></span> <span class='ocrx_word' id='word_1_24' title='bbox 2846 553 3129 623; x_wconf 76' lang='lat' dir='ltr'><strong>virtutem,</strong></span> <span class='ocrx_word' id='word_1_25' title='bbox 3175 567 3229 611; x_wconf 91' lang='lat' dir='ltr'><strong>ct</strong></span> <span class='ocrx_word' id='word_1_26' title='bbox 3274 557 3490 617; x_wconf 43' lang='lat' dir='ltr'><strong>fortitu&#39;</strong></span> 
     </span>
    </p>
   </div>
   <div class='ocr_carea' id='block_1_4' title="bbox 206 623 1737 707">
    <p class='ocr_par' dir='ltr' id='par_1_4' title="bbox 206 623 901 694">
     <span class='ocr_line' id='line_1_4' title="bbox 206 623 901 694; baseline 0 -16"><span class='ocrx_word' id='word_1_27' title='bbox 206 625 434 678; x_wconf 87' lang='grc' dir='ltr'>ταίωσιν</span> <span class='ocrx_word' id='word_1_28' title='bbox 461 623 540 694; x_wconf 82' lang='grc' dir='ltr'><strong>τῷ</strong></span> <span class='ocrx_word' id='word_1_29' title='bbox 569 623 684 694; x_wconf 80' lang='grc' dir='ltr'><strong>λαῷ</strong></span> <span class='ocrx_word' id='word_1_30' title='bbox 714 625 901 678; x_wconf 78' lang='grc' dir='ltr'>αὑτοῦ.</span> 
     </span>
    </p>
   </div>
   <div class='ocr_carea' id='block_1_5' title="bbox 900 623 2431 707">
    <p class='ocr_par' dir='ltr' id='par_1_5' title="bbox 900 636 2431 707">
     <span class='ocr_line' id='line_1_5' title="bbox 900 636 2431 707; baseline 0.013 -32"><span class='ocrx_word' id='word_1_31' title='bbox 900 670 901 675; x_wconf 45' lang='grc' dir='ltr'><strong>η</strong></span> <span class='ocrx_word' id='word_1_32' title='bbox 1902 636 2084 691; x_wconf 85' lang='lat' dir='ltr'><strong>dinem</strong></span> <span class='ocrx_word' id='word_1_33' title='bbox 2114 639 2256 707; x_wconf 83' lang='lat' dir='ltr'><strong>plebi</strong></span> <span class='ocrx_word' id='word_1_34' title='bbox 2285 655 2398 695; x_wconf 71' lang='lat' dir='ltr'><strong>sua:</strong></span> <span class='ocrx_word' id='word_1_35' title='bbox 2420 659 2431 694; x_wconf 94' lang='lat'><strong>:</strong></span> 
     </span>
    </p>
   </div>
   <div class='ocr_carea' id='block_1_6' title="bbox 282 713 1813 789">
    <p class='ocr_par' dir='ltr' id='par_1_6' title="bbox 282 713 958 785">
     <span class='ocr_line' id='line_1_6' title="bbox 282 713 958 785; baseline -0.001 -16"><span class='ocrx_word' id='word_1_36' title='bbox 282 716 373 769; x_wconf 71' lang='lat'><strong>82.</strong></span> <span class='ocrx_word' id='word_1_37' title='bbox 410 713 721 785; x_wconf 78' lang='grc' dir='ltr'><strong>Εὐλογητὸς</strong></span> <span class='ocrx_word' id='word_1_38' title='bbox 746 716 774 767; x_wconf 88' lang='grc' dir='ltr'><strong>ό</strong></span> <span class='ocrx_word' id='word_1_39' title='bbox 806 715 958 778; x_wconf 89' lang='grc' dir='ltr'><strong>Θεός.</strong></span> 
     </span>
    </p>
   </div>
   <div class='ocr_carea' id='block_1_7' title="bbox 1092 713 2623 789">
    <p class='ocr_par' dir='ltr' id='par_1_7' title="bbox 1975 729 2623 789">
     <span class='ocr_line' id='line_1_7' title="bbox 1975 729 2623 789; baseline 0.012 -8"><span class='ocrx_word' id='word_1_40' title='bbox 1975 729 2067 783; x_wconf 72' lang='grc'><strong>82.</strong></span> <span class='ocrx_word' id='word_1_41' title='bbox 2098 729 2429 787; x_wconf 83' lang='lat' dir='ltr'><strong>Benedictus</strong></span> <span class='ocrx_word' id='word_1_42' title='bbox 2461 732 2623 789; x_wconf 91' lang='lat' dir='ltr'><strong>Deus.</strong></span> 
     </span>
    </p>
   </div>
   <div class='ocr_carea' id='block_1_8' title="bbox 211 810 1742 901">
    <p class='ocr_par' dir='ltr' id='par_1_8' title="bbox 211 810 1742 887">
     <span class='ocr_line' id='line_1_8' title="bbox 211 810 1742 887; baseline 0.003 -22"><span class='ocrx_word' id='word_1_43' title='bbox 211 812 318 887; x_wconf 72' lang='grc' dir='ltr'><strong>Εἰς</strong></span> <span class='ocrx_word' id='word_1_44' title='bbox 347 811 413 864; x_wconf 82' lang='grc' dir='ltr'><strong>τὸ</strong></span> <span class='ocrx_word' id='word_1_45' title='bbox 444 810 643 876; x_wconf 79' lang='grc' dir='ltr'>τέλος,</span> <span class='ocrx_word' id='word_1_46' title='bbox 666 812 821 878; x_wconf 79' lang='grc' dir='ltr'>ὑπὲρ</span> <span class='ocrx_word' id='word_1_47' title='bbox 852 810 970 865; x_wconf 81' lang='grc' dir='ltr'><strong>τῶν</strong></span> <span class='ocrx_word' id='word_1_48' title='bbox 1003 813 1609 883; x_wconf 76' lang='grc' dir='ltr'>ἀλλοιωθησομένων,</span> <span class='ocrx_word' id='word_1_49' title='bbox 1645 818 1742 883; x_wconf 69' lang='grc' dir='ltr'><strong>ψα.</strong></span> 
     </span>
    </p>
   </div>
   <div class='ocr_carea' id='block_1_9' title="bbox 1914 810 3445 901">
    <p class='ocr_par' dir='ltr' id='par_1_9' title="bbox 1957 818 3445 901">
     <span class='ocr_line' id='line_1_9' title="bbox 1957 818 3445 901; baseline 0.009 -26"><span class='ocrx_word' id='word_1_50' title='bbox 1957 818 2026 875; x_wconf 80' lang='lat' dir='ltr'><strong><em>In</em></strong></span> <span class='ocrx_word' id='word_1_51' title='bbox 2058 821 2219 891; x_wconf 84' lang='lat' dir='ltr'><strong>ﬁnem</strong></span> <span class='ocrx_word' id='word_1_52' title='bbox 2244 863 2259 889; x_wconf 95' lang='lat'><strong>,</strong></span> <span class='ocrx_word' id='word_1_53' title='bbox 2300 840 2398 893; x_wconf 82' lang='lat' dir='ltr'><strong>pro</strong></span> <span class='ocrx_word' id='word_1_54' title='bbox 2439 826 2507 878; x_wconf 84' lang='lat' dir='ltr'><strong>iis</strong></span> <span class='ocrx_word' id='word_1_55' title='bbox 2540 826 2631 888; x_wconf 84' lang='lat' dir='ltr'><strong>qui</strong></span> <span class='ocrx_word' id='word_1_56' title='bbox 2675 827 3168 896; x_wconf 80' lang='lat' dir='ltr'><strong>commutabumur,</strong></span> <span class='ocrx_word' id='word_1_57' title='bbox 3209 833 3445 901; x_wconf 74' lang='lat' dir='ltr'><strong>psalmus</strong></span> 
     </span>
    </p>
   </div>
   <div class='ocr_carea' id='block_1_10' title="bbox 584 903 2115 975">
    <p class='ocr_par' dir='ltr' id='par_1_10' title="bbox 584 903 1431 974">
     <span class='ocr_line' id='line_1_10' title="bbox 584 903 1431 974; baseline 0.002 -17"><span class='ocrx_word' id='word_1_58' title='bbox 584 903 703 974; x_wconf 82' lang='grc' dir='ltr'><strong>μὸς</strong></span> <span class='ocrx_word' id='word_1_59' title='bbox 738 903 818 969; x_wconf 85' lang='grc' dir='ltr'>τῷ</span> <span class='ocrx_word' id='word_1_60' title='bbox 858 905 1056 961; x_wconf 80' lang='grc' dir='ltr'>Δαϐίδ.</span> <span class='ocrx_word' id='word_1_61' title='bbox 1096 909 1270 961; x_wconf 83' lang='grc' dir='ltr'><strong>ΨΑΛ.</strong></span> <span class='ocrx_word' id='word_1_62' title='bbox 1306 906 1431 961; x_wconf 79' lang='lat' dir='ltr'><strong>EH&#39;.</strong></span> 
     </span>
    </p>
   </div>
   <div class='ocr_carea' id='block_1_11' title="bbox 1552 903 3083 975">
    <p class='ocr_par' dir='ltr' id='par_1_11' title="bbox 2324 914 3083 975">
     <span class='ocr_line' id='line_1_11' title="bbox 2324 914 3083 975; baseline 0.011 -8"><span class='ocrx_word' id='word_1_63' title='bbox 2324 914 2525 971; x_wconf 76' lang='lat' dir='ltr'><strong>David.</strong></span> <span class='ocrx_word' id='word_1_64' title='bbox 2559 914 2764 974; x_wconf 86' lang='lat' dir='ltr'><strong>PSAL.</strong></span> <span class='ocrx_word' id='word_1_65' title='bbox 2805 916 2904 972; x_wconf 70' lang='lat' dir='ltr'><em>LX</em></span> <span class='ocrx_word' id='word_1_66' title='bbox 2920 917 3083 975; x_wconf 82' lang='lat' dir='ltr'><strong>VIII.</strong></span> 
     </span>
    </p>
   </div>
   <div class='ocr_carea' id='block_1_12' title="bbox 287 994 1818 1082">
    <p class='ocr_par' dir='ltr' id='par_1_12' title="bbox 287 994 1800 1069">
     <span class='ocr_line' id='line_1_12' title="bbox 287 994 1800 1069; baseline 0.002 -20"><span class='ocrx_word' id='word_1_67' title='bbox 287 995 340 1049; x_wconf 80' lang='grc'><strong>1.</strong></span> <span class='ocrx_word' id='word_1_68' title='bbox 370 994 556 1049; x_wconf 85' lang='grc' dir='ltr'>Σῶσόν</span> <span class='ocrx_word' id='word_1_69' title='bbox 587 1012 678 1066; x_wconf 87' lang='grc' dir='ltr'>με,</span> <span class='ocrx_word' id='word_1_70' title='bbox 704 996 734 1048; x_wconf 87' lang='grc' dir='ltr'>ὁ</span> <span class='ocrx_word' id='word_1_71' title='bbox 754 994 907 1062; x_wconf 84' lang='grc' dir='ltr'><strong>Θεὸς,</strong></span> <span class='ocrx_word' id='word_1_72' title='bbox 930 998 1013 1051; x_wconf 79' lang='grc' dir='ltr'><strong>ὅτι</strong></span> <span class='ocrx_word' id='word_1_73' title='bbox 1040 998 1359 1069; x_wconf 77' lang='grc' dir='ltr'>εἰσήλθοσαν</span> <span class='ocrx_word' id='word_1_74' title='bbox 1385 998 1553 1051; x_wconf 80' lang='grc' dir='ltr'>ὖδατα</span> <span class='ocrx_word' id='word_1_75' title='bbox 1573 997 1678 1062; x_wconf 73' lang='grc' dir='ltr'><strong>ἓως</strong></span> <span class='ocrx_word' id='word_1_76' title='bbox 1699 999 1800 1068; x_wconf 72' lang='grc' dir='ltr'><strong>ψυ-</strong></span> 
     </span>
    </p>
   </div>
   <div class='ocr_carea' id='block_1_13' title="bbox 1960 994 3491 1082">
    <p class='ocr_par' dir='ltr' id='par_1_13' title="bbox 1979 1002 3491 1082">
     <span class='ocr_line' id='line_1_13' title="bbox 1979 1002 3491 1082; baseline 0.011 -27"><span class='ocrx_word' id='word_1_77' title='bbox 1979 1004 2033 1059; x_wconf 79' lang='grc'><strong>1.</strong></span> <span class='ocrx_word' id='word_1_78' title='bbox 2076 1002 2298 1059; x_wconf 82' lang='lat' dir='ltr'><strong>Salvum</strong></span> <span class='ocrx_word' id='word_1_79' title='bbox 2334 1022 2423 1062; x_wconf 91' lang='lat' dir='ltr'><strong>me</strong></span> <span class='ocrx_word' id='word_1_80' title='bbox 2471 1008 2592 1072; x_wconf 80' lang='lat' dir='ltr'><strong>fac,</strong></span> <span class='ocrx_word' id='word_1_81' title='bbox 2636 1009 2814 1078; x_wconf 85' lang='lat' dir='ltr'><strong>Deus,</strong></span> <span class='ocrx_word' id='word_1_82' title='bbox 2864 1015 3122 1082; x_wconf 89' lang='lat' dir='ltr'><strong>quoniam</strong></span> <span class='ocrx_word' id='word_1_83' title='bbox 3154 1016 3491 1073; x_wconf 84' lang='lat' dir='ltr'><strong>intraverunt</strong></span> 
     </span>
    </p>
   </div>
   <div class='ocr_carea' id='block_1_14' title="bbox 209 1086 1740 1166">
    <p class='ocr_par' dir='ltr' id='par_1_14' title="bbox 209 1086 479 1160">
     <span class='ocr_line' id='line_1_14' title="bbox 209 1086 479 1160; baseline 0.004 -22"><span class='ocrx_word' id='word_1_84' title='bbox 209 1086 317 1160; x_wconf 83' lang='grc' dir='ltr'><strong>χῆς</strong></span> <span class='ocrx_word' id='word_1_85' title='bbox 354 1103 479 1157; x_wconf 87' lang='grc' dir='ltr'>μου.</span> 
     </span>
    </p>
   </div>
   <div class='ocr_carea' id='block_1_15' title="bbox 1337 1086 2868 1166">
    <p class='ocr_par' dir='ltr' id='par_1_15' title="bbox 1904 1099 2868 1166">
     <span class='ocr_line' id='line_1_15' title="bbox 1904 1099 2868 1166; baseline 0.011 -19"><span class='ocrx_word' id='word_1_86' title='bbox 1904 1108 2062 1162; x_wconf 84' lang='lat' dir='ltr'><strong>aquae</strong></span> <span class='ocrx_word' id='word_1_87' title='bbox 2089 1112 2267 1166; x_wconf 90' lang='lat' dir='ltr'><strong>usque</strong></span> <span class='ocrx_word' id='word_1_88' title='bbox 2296 1099 2362 1153; x_wconf 92' lang='lat' dir='ltr'><strong>ad</strong></span> <span class='ocrx_word' id='word_1_89' title='bbox 2393 1100 2630 1156; x_wconf 90' lang='lat' dir='ltr'><strong>animam</strong></span> <span class='ocrx_word' id='word_1_90' title='bbox 2666 1117 2868 1159; x_wconf 84' lang='lat' dir='ltr'><strong>meam.</strong></span> 
     </span>
    </p>
   </div>
   <div class='ocr_carea' id='block_1_16' title="bbox 281 1177 1812 1265">
    <p class='ocr_par' dir='ltr' id='par_1_16' title="bbox 281 1177 1806 1251">
     <span class='ocr_line' id='line_1_16' title="bbox 281 1177 1806 1251; baseline 0.001 -19"><span class='ocrx_word' id='word_1_91' title='bbox 281 1180 340 1233; x_wconf 75' lang='grc'><strong>2.</strong></span> <span class='ocrx_word' id='word_1_92' title='bbox 389 1177 699 1251; x_wconf 49' lang='grc' dir='ltr'>Ἐνεπάγηνν</span> <span class='ocrx_word' id='word_1_93' title='bbox 728 1180 811 1244; x_wconf 77' lang='grc' dir='ltr'><strong>εἰς</strong></span> <span class='ocrx_word' id='word_1_94' title='bbox 841 1179 957 1234; x_wconf 81' lang='grc' dir='ltr'>ἰλὺν</span> <span class='ocrx_word' id='word_1_95' title='bbox 995 1178 1184 1251; x_wconf 87' lang='grc' dir='ltr'>βυθοῦ,</span> <span class='ocrx_word' id='word_1_96' title='bbox 1216 1180 1312 1234; x_wconf 77' lang='grc' dir='ltr'><strong>καὶ</strong></span> <span class='ocrx_word' id='word_1_97' title='bbox 1339 1181 1441 1235; x_wconf 84' lang='grc' dir='ltr'><strong>οὐκ</strong></span> <span class='ocrx_word' id='word_1_98' title='bbox 1479 1180 1629 1235; x_wconf 83' lang='grc' dir='ltr'>ἐστιν</span> <span class='ocrx_word' id='word_1_99' title='bbox 1673 1181 1806 1234; x_wconf 85' lang='grc' dir='ltr'>ὑπό-</span> 
     </span>
    </p>
   </div>
   <div class='ocr_carea' id='block_1_17' title="bbox 1961 1177 3492 1265">
    <p class='ocr_par' dir='ltr' id='par_1_17' title="bbox 1974 1187 3492 1265">
     <span class='ocr_line' id='line_1_17' title="bbox 1974 1187 3492 1265; baseline 0.011 -26"><span class='ocrx_word' id='word_1_100' title='bbox 1974 1187 2028 1242; x_wconf 73' lang='grc'><strong>2.</strong></span> <span class='ocrx_word' id='word_1_101' title='bbox 2066 1188 2277 1246; x_wconf 75' lang='lat' dir='ltr'><strong>lnlixus</strong></span> <span class='ocrx_word' id='word_1_102' title='bbox 2315 1206 2436 1245; x_wconf 90' lang='lat' dir='ltr'><strong>sum</strong></span> <span class='ocrx_word' id='word_1_103' title='bbox 2468 1192 2524 1246; x_wconf 89' lang='lat' dir='ltr'><strong>in</strong></span> <span class='ocrx_word' id='word_1_104' title='bbox 2564 1193 2698 1248; x_wconf 79' lang='lat' dir='ltr'><strong>limo</strong></span> <span class='ocrx_word' id='word_1_105' title='bbox 2723 1194 3006 1265; x_wconf 81' lang='lat' dir='ltr'><strong>profundi,</strong></span> <span class='ocrx_word' id='word_1_106' title='bbox 3033 1206 3087 1253; x_wconf 91' lang='lat' dir='ltr'><strong>et</strong></span> <span class='ocrx_word' id='word_1_107' title='bbox 3109 1213 3218 1253; x_wconf 91' lang='lat' dir='ltr'><strong>non</strong></span> <span class='ocrx_word' id='word_1_108' title='bbox 3246 1209 3331 1254; x_wconf 87' lang='lat' dir='ltr'><strong>est</strong></span> <span class='ocrx_word' id='word_1_109' title='bbox 3362 1202 3492 1256; x_wconf 76' lang='lat' dir='ltr'><strong>sub-</strong></span> 
     </span>
    </p>
   </div>
   <div class='ocr_carea' id='block_1_18' title="bbox 214 1279 1745 1334">
    <p class='ocr_par' dir='ltr' id='par_1_18' title="bbox 214 1287 429 1334">
     <span class='ocr_line' id='line_1_18' title="bbox 214 1287 429 1334; baseline 0 -11"><span class='ocrx_word' id='word_1_110' title='bbox 214 1287 429 1334; x_wconf 87' lang='grc' dir='ltr'>στασις.</span> 
     </span>
    </p>
   </div>
   <div class='ocr_carea' id='block_1_19' title="bbox 596 1279 2127 1334">
    <p class='ocr_par' dir='ltr' id='par_1_19' title="bbox 1904 1279 2127 1333">
     <span class='ocr_line' id='line_1_19' title="bbox 1904 1279 2127 1333; baseline 0.004 -1"><span class='ocrx_word' id='word_1_111' title='bbox 1904 1279 2127 1333; x_wconf 87' lang='lat' dir='ltr'><strong>stantia.</strong></span> 
     </span>
    </p>
   </div>
   <div class='ocr_carea' id='block_1_20' title="bbox 287 1362 1818 1453">
    <p class='ocr_par' dir='ltr' id='par_1_20' title="bbox 287 1362 1806 1441">
     <span class='ocr_line' id='line_1_20' title="bbox 287 1362 1806 1441; baseline 0.001 -22"><span class='ocrx_word' id='word_1_112' title='bbox 287 1367 343 1420; x_wconf 82' lang='lat'><strong>5.</strong></span> <span class='ocrx_word' id='word_1_113' title='bbox 380 1362 585 1420; x_wconf 85' lang='grc' dir='ltr'>Ἦλθον</span> <span class='ocrx_word' id='word_1_114' title='bbox 609 1367 691 1430; x_wconf 74' lang='grc' dir='ltr'><strong>εἰς</strong></span> <span class='ocrx_word' id='word_1_115' title='bbox 720 1366 792 1421; x_wconf 81' lang='grc' dir='ltr'>τὰ</span> <span class='ocrx_word' id='word_1_116' title='bbox 830 1367 973 1438; x_wconf 82' lang='grc' dir='ltr'>βάθη</span> <span class='ocrx_word' id='word_1_117' title='bbox 1000 1367 1102 1439; x_wconf 82' lang='grc' dir='ltr'><strong>τῆς</strong></span> <span class='ocrx_word' id='word_1_118' title='bbox 1137 1367 1437 1441; x_wconf 81' lang='grc' dir='ltr'><strong>θαλάσσης,</strong></span> <span class='ocrx_word' id='word_1_119' title='bbox 1474 1370 1570 1423; x_wconf 75' lang='grc' dir='ltr'><strong>καὶ</strong></span> <span class='ocrx_word' id='word_1_120' title='bbox 1615 1385 1806 1423; x_wconf 87' lang='grc' dir='ltr'>καται-</span> 
     </span>
    </p>
   </div>
   <div class='ocr_carea' id='block_1_21' title="bbox 1961 1362 3492 1453">
    <p class='ocr_par' dir='ltr' id='par_1_21' title="bbox 1978 1370 3492 1453">
     <span class='ocr_line' id='line_1_21' title="bbox 1978 1370 3492 1453; baseline 0.01 -28"><span class='ocrx_word' id='word_1_121' title='bbox 1978 1372 2033 1426; x_wconf 79' lang='grc'><strong>5.</strong></span> <span class='ocrx_word' id='word_1_122' title='bbox 2074 1370 2210 1427; x_wconf 80' lang='lat' dir='ltr'><strong>Veni</strong></span> <span class='ocrx_word' id='word_1_123' title='bbox 2244 1373 2301 1428; x_wconf 87' lang='lat' dir='ltr'><strong>in</strong></span> <span class='ocrx_word' id='word_1_124' title='bbox 2338 1375 2687 1432; x_wconf 88' lang='lat' dir='ltr'><strong>altitudinem</strong></span> <span class='ocrx_word' id='word_1_125' title='bbox 2742 1380 2935 1445; x_wconf 88' lang='lat' dir='ltr'><strong>maris,</strong></span> <span class='ocrx_word' id='word_1_126' title='bbox 2974 1392 3027 1436; x_wconf 92' lang='lat' dir='ltr'><strong>et</strong></span> <span class='ocrx_word' id='word_1_127' title='bbox 3074 1393 3370 1453; x_wconf 82' lang='lat' dir='ltr'><strong>tempestas</strong></span> <span class='ocrx_word' id='word_1_128' title='bbox 3398 1385 3492 1440; x_wconf 85' lang='lat' dir='ltr'><strong>de-</strong></span> 
     </span>
    </p>
   </div>
   <div class='ocr_carea' id='block_1_22' title="bbox 211 1459 1742 1530">
    <p class='ocr_par' dir='ltr' id='par_1_22' title="bbox 211 1459 813 1530">
     <span class='ocr_line' id='line_1_22' title="bbox 211 1459 813 1530; baseline 0.005 -18"><span class='ocrx_word' id='word_1_129' title='bbox 211 1459 303 1527; x_wconf 79' lang='grc' dir='ltr'><strong>γὶς</strong></span> <span class='ocrx_word' id='word_1_130' title='bbox 334 1459 599 1512; x_wconf 85' lang='grc' dir='ltr'>κατεπόντ</span> <span class='ocrx_word' id='word_1_131' title='bbox 610 1459 692 1512; x_wconf 84' lang='grc' dir='ltr'><strong>ισέ</strong></span> <span class='ocrx_word' id='word_1_132' title='bbox 724 1477 813 1530; x_wconf 72' lang='grc' dir='ltr'><strong>με.</strong></span> 
     </span>
    </p>
   </div>
   <div class='ocr_carea' id='block_1_23' title="bbox 703 1459 2234 1530">
    <p class='ocr_par' dir='ltr' id='par_1_23' title="bbox 724 1464 2234 1530">
     <span class='ocr_line' id='line_1_23' title="bbox 724 1464 2234 1530; baseline 0.006 -18"><span class='ocrx_word' id='word_1_133' title='bbox 724 1477 813 1530; x_wconf 73' lang='grc' dir='ltr'><strong>με.</strong></span> <span class='ocrx_word' id='word_1_134' title='bbox 1906 1464 2099 1519; x_wconf 85' lang='lat' dir='ltr'><strong>mersit</strong></span> <span class='ocrx_word' id='word_1_135' title='bbox 2129 1480 2234 1522; x_wconf 89' lang='lat' dir='ltr'><strong>me.</strong></span> 
     </span>
    </p>
   </div>
   <div class='ocr_carea' id='block_1_24' title="bbox 281 1549 1812 1631">
    <p class='ocr_par' dir='ltr' id='par_1_24' title="bbox 281 1549 1801 1625">
     <span class='ocr_line' id='line_1_24' title="bbox 281 1549 1801 1625; baseline 0.003 -21"><span class='ocrx_word' id='word_1_136' title='bbox 281 1549 337 1604; x_wconf 74' lang='grc'><strong>4.</strong></span> <span class='ocrx_word' id='word_1_137' title='bbox 379 1552 679 1605; x_wconf 81' lang='grc' dir='ltr'>Ἐκοπίασα</span> <span class='ocrx_word' id='word_1_138' title='bbox 709 1551 951 1623; x_wconf 76' lang='grc' dir='ltr'>κράζων,</span> <span class='ocrx_word' id='word_1_139' title='bbox 983 1551 1349 1625; x_wconf 82' lang='grc' dir='ltr'>ἐϐραγχίασεν</span> <span class='ocrx_word' id='word_1_140' title='bbox 1380 1558 1409 1608; x_wconf 87' lang='grc' dir='ltr'>ὀ</span> <span class='ocrx_word' id='word_1_141' title='bbox 1439 1555 1646 1625; x_wconf 78' lang='grc' dir='ltr'>λαρυγξ</span> <span class='ocrx_word' id='word_1_142' title='bbox 1676 1572 1801 1625; x_wconf 90' lang='grc' dir='ltr'>μου.</span> 
     </span>
    </p>
   </div>
   <div class='ocr_carea' id='block_1_25' title="bbox 1961 1549 3492 1631">
    <p class='ocr_par' dir='ltr' id='par_1_25' title="bbox 1977 1557 3492 1631">
     <span class='ocr_line' id='line_1_25' title="bbox 1977 1557 3492 1631; baseline 0.01 -21"><span class='ocrx_word' id='word_1_143' title='bbox 1977 1558 2031 1611; x_wconf 78' lang='grc'><strong>4.</strong></span> <span class='ocrx_word' id='word_1_144' title='bbox 2076 1557 2347 1614; x_wconf 72' lang='lat' dir='ltr'><strong>Laboravi</strong></span> <span class='ocrx_word' id='word_1_145' title='bbox 2383 1560 2653 1631; x_wconf 86' lang='lat' dir='ltr'><strong>clamans,</strong></span> <span class='ocrx_word' id='word_1_146' title='bbox 2706 1580 2890 1620; x_wconf 70' lang='lat' dir='ltr'><strong>raucae</strong></span> <span class='ocrx_word' id='word_1_147' title='bbox 2936 1564 3094 1621; x_wconf 77' lang='lat' dir='ltr'><strong>factae</strong></span> <span class='ocrx_word' id='word_1_148' title='bbox 3136 1576 3265 1622; x_wconf 93' lang='lat' dir='ltr'><strong>sunt</strong></span> <span class='ocrx_word' id='word_1_149' title='bbox 3308 1566 3492 1625; x_wconf 79' lang='lat' dir='ltr'><strong>fauces</strong></span> 
     </span>
    </p>
   </div>
   <div class='ocr_carea' id='block_1_26' title="bbox 1904 1662 2059 1702">
    <p class='ocr_par' dir='ltr' id='par_1_26' title="bbox 1904 1662 2059 1702">
     <span class='ocr_line' id='line_1_26' title="bbox 1904 1662 2059 1702; baseline 0.019 -3"><span class='ocrx_word' id='word_1_150' title='bbox 1904 1662 2059 1702; x_wconf 66' lang='lat' dir='ltr'><strong>meae.</strong></span> 
     </span>
    </p>
   </div>
   <div class='ocr_carea' id='block_1_27' title="bbox 284 1731 1815 1814">
    <p class='ocr_par' dir='ltr' id='par_1_27' title="bbox 284 1731 1802 1806">
     <span class='ocr_line' id='line_1_27' title="bbox 284 1731 1802 1806; baseline 0.001 -20"><span class='ocrx_word' id='word_1_151' title='bbox 284 1731 340 1786; x_wconf 87' lang='lat'><strong>5.</strong></span> <span class='ocrx_word' id='word_1_152' title='bbox 384 1732 668 1798; x_wconf 81' lang='grc' dir='ltr'>Ἐξέλιπον</span> <span class='ocrx_word' id='word_1_153' title='bbox 695 1733 746 1785; x_wconf 90' lang='grc' dir='ltr'>οἱ</span> <span class='ocrx_word' id='word_1_154' title='bbox 771 1731 1040 1802; x_wconf 79' lang='grc' dir='ltr'>ὀφθαλμοί</span> <span class='ocrx_word' id='word_1_155' title='bbox 1078 1750 1180 1804; x_wconf 80' lang='grc' dir='ltr'><strong>μου</strong></span> <span class='ocrx_word' id='word_1_156' title='bbox 1206 1733 1315 1787; x_wconf 85' lang='grc' dir='ltr'><strong>ἀπὸ</strong></span> <span class='ocrx_word' id='word_1_157' title='bbox 1338 1732 1434 1786; x_wconf 88' lang='grc' dir='ltr'><strong>τοῦ</strong></span> <span class='ocrx_word' id='word_1_158' title='bbox 1460 1732 1699 1800; x_wconf 76' lang='grc' dir='ltr'><strong>ἐλπίζειν</strong></span> <span class='ocrx_word' id='word_1_159' title='bbox 1735 1752 1802 1806; x_wconf 87' lang='grc' dir='ltr'>με</span> 
     </span>
    </p>
   </div>
   <div class='ocr_carea' id='block_1_28' title="bbox 1958 1731 3489 1814">
    <p class='ocr_par' dir='ltr' id='par_1_28' title="bbox 1982 1737 3489 1814">
     <span class='ocr_line' id='line_1_28' title="bbox 1982 1737 3489 1814; baseline 0.007 -21"><span class='ocrx_word' id='word_1_160' title='bbox 1982 1740 2037 1795; x_wconf 83' lang='grc'><strong>5.</strong></span> <span class='ocrx_word' id='word_1_161' title='bbox 2069 1737 2398 1795; x_wconf 75' lang='lat' dir='ltr'><strong>Det‘ecerunt</strong></span> <span class='ocrx_word' id='word_1_162' title='bbox 2451 1742 2598 1797; x_wconf 87' lang='lat' dir='ltr'><strong>oculi</strong></span> <span class='ocrx_word' id='word_1_163' title='bbox 2656 1742 2786 1808; x_wconf 90' lang='lat' dir='ltr'><strong>mei,</strong></span> <span class='ocrx_word' id='word_1_164' title='bbox 2839 1738 2969 1799; x_wconf 79' lang='lat' dir='ltr'><strong>dum</strong></span> <span class='ocrx_word' id='word_1_165' title='bbox 3014 1762 3173 1814; x_wconf 80' lang='lat' dir='ltr'><strong>spero</strong></span> <span class='ocrx_word' id='word_1_166' title='bbox 3219 1748 3273 1802; x_wconf 93' lang='lat' dir='ltr'><strong>in</strong></span> <span class='ocrx_word' id='word_1_167' title='bbox 3320 1747 3489 1803; x_wconf 88' lang='lat' dir='ltr'><strong>Deum</strong></span> 
     </span>
    </p>
   </div>
   <div class='ocr_carea' id='block_1_29' title="bbox 209 1824 1740 1896">
    <p class='ocr_par' dir='ltr' id='par_1_29' title="bbox 209 1824 722 1896">
     <span class='ocr_line' id='line_1_29' title="bbox 209 1824 722 1896; baseline 0 -17"><span class='ocrx_word' id='word_1_168' title='bbox 209 1824 305 1879; x_wconf 68' lang='grc' dir='ltr'>ἐπὶ</span> <span class='ocrx_word' id='word_1_169' title='bbox 326 1824 419 1877; x_wconf 89' lang='grc' dir='ltr'>τὸν</span> <span class='ocrx_word' id='word_1_170' title='bbox 440 1825 574 1878; x_wconf 88' lang='grc' dir='ltr'>Θεόν</span> <span class='ocrx_word' id='word_1_171' title='bbox 599 1843 722 1896; x_wconf 80' lang='grc' dir='ltr'>μου.</span> 
     </span>
    </p>
   </div>
   <div class='ocr_carea' id='block_1_30' title="bbox 581 1824 2112 1896">
    <p class='ocr_par' dir='ltr' id='par_1_30' title="bbox 599 1839 2112 1896">
     <span class='ocr_line' id='line_1_30' title="bbox 599 1839 2112 1896; baseline -0.001 -17"><span class='ocrx_word' id='word_1_172' title='bbox 599 1843 722 1896; x_wconf 81' lang='grc' dir='ltr'>μου.</span> <span class='ocrx_word' id='word_1_173' title='bbox 1839 1895 1852 1896; x_wconf 20' lang='lat'><em>7</em></span> <span class='ocrx_word' id='word_1_174' title='bbox 1905 1839 2112 1878; x_wconf 91' lang='lat' dir='ltr'><strong>meum.</strong></span> 
     </span>
    </p>
   </div>
   <div class='ocr_carea' id='block_1_31' title="bbox 285 1895 1816 1993">
    <p class='ocr_par' dir='ltr' id='par_1_31' title="bbox 285 1895 1803 1991">
     <span class='ocr_line' id='line_1_31' title="bbox 285 1895 1803 1991; baseline 0.007 -20"><span class='ocrx_word' id='word_1_175' title='bbox 285 1917 340 1972; x_wconf 85' lang='lat'><strong>6.</strong></span> <span class='ocrx_word' id='word_1_176' title='bbox 382 1918 830 1991; x_wconf 87' lang='grc' dir='ltr'>Ἐπληθύνθησαν</span> <span class='ocrx_word' id='word_1_177' title='bbox 862 1918 1009 1990; x_wconf 82' lang='grc' dir='ltr'>ὑπὲρ</span> <span class='ocrx_word' id='word_1_178' title='bbox 1038 1918 1141 1985; x_wconf 83' lang='grc' dir='ltr'><strong>τὰς</strong></span> <span class='ocrx_word' id='word_1_179' title='bbox 1178 1919 1374 1991; x_wconf 80' lang='grc' dir='ltr'><strong>τρίχας</strong></span> <span class='ocrx_word' id='word_1_180' title='bbox 1420 1920 1520 1991; x_wconf 84' lang='grc' dir='ltr'><strong>τῆς</strong></span> <span class='ocrx_word' id='word_1_181' title='bbox 1559 1919 1803 1990; x_wconf 77' lang='grc' dir='ltr'><strong>κεφαλῆς</strong></span> 
     </span>
    </p>
   </div>
   <div class='ocr_carea' id='block_1_32' title="bbox 1955 1895 3486 1993">
    <p class='ocr_par' dir='ltr' id='par_1_32' title="bbox 1983 1916 3486 1993">
     <span class='ocr_line' id='line_1_32' title="bbox 1983 1916 3486 1993; baseline 0.005 -22"><span class='ocrx_word' id='word_1_182' title='bbox 1983 1918 2038 1971; x_wconf 88' lang='grc'><strong>6.</strong></span> <span class='ocrx_word' id='word_1_183' title='bbox 2070 1916 2443 1986; x_wconf 72' lang='lat' dir='ltr'><strong>Multiplicatze</strong></span> <span class='ocrx_word' id='word_1_184' title='bbox 2477 1928 2608 1974; x_wconf 88' lang='lat' dir='ltr'><strong>sunt</strong></span> <span class='ocrx_word' id='word_1_185' title='bbox 2636 1934 2806 1990; x_wconf 81' lang='lat' dir='ltr'><strong>super</strong></span> <span class='ocrx_word' id='word_1_186' title='bbox 2834 1922 3059 1990; x_wconf 83' lang='lat' dir='ltr'><strong>capillos</strong></span> <span class='ocrx_word' id='word_1_187' title='bbox 3106 1924 3299 1993; x_wconf 77' lang='lat' dir='ltr'><strong>capitis</strong></span> <span class='ocrx_word' id='word_1_188' title='bbox 3355 1940 3486 1989; x_wconf 81' lang='lat' dir='ltr'><strong>met,</strong></span> 
     </span>
    </p>
   </div>
   <div class='ocr_carea' id='block_1_33' title="bbox 213 2008 1744 2082">
    <p class='ocr_par' dir='ltr' id='par_1_33' title="bbox 213 2011 1089 2082">
     <span class='ocr_line' id='line_1_33' title="bbox 213 2011 1089 2082; baseline 0.005 -21"><span class='ocrx_word' id='word_1_189' title='bbox 213 2026 322 2079; x_wconf 76' lang='grc' dir='ltr'><strong>μου</strong></span> <span class='ocrx_word' id='word_1_190' title='bbox 353 2012 402 2063; x_wconf 79' lang='lat' dir='ltr'><strong>oi</strong></span> <span class='ocrx_word' id='word_1_191' title='bbox 438 2011 723 2081; x_wconf 72' lang='grc' dir='ltr'>μισοῦντές</span> <span class='ocrx_word' id='word_1_192' title='bbox 760 2028 826 2081; x_wconf 88' lang='grc' dir='ltr'><strong>με</strong></span> <span class='ocrx_word' id='word_1_193' title='bbox 859 2011 1089 2082; x_wconf 90' lang='grc' dir='ltr'>δωρεάν.</span> 
     </span>
    </p>
   </div>
   <div class='ocr_carea' id='block_1_34' title="bbox 1079 2008 2610 2082">
    <p class='ocr_par' dir='ltr' id='par_1_34' title="bbox 1079 2008 2610 2079">
     <span class='ocr_line' id='line_1_34' title="bbox 1079 2008 2610 2079; baseline 0.005 -22"><span class='ocrx_word' id='word_1_194' title='bbox 1079 2053 1089 2066; x_wconf 85' lang='grc'><strong>,</strong></span> <span class='ocrx_word' id='word_1_195' title='bbox 1909 2008 2003 2078; x_wconf 90' lang='lat' dir='ltr'><strong>qui</strong></span> <span class='ocrx_word' id='word_1_196' title='bbox 2037 2009 2270 2063; x_wconf 91' lang='lat' dir='ltr'><strong>oderunt</strong></span> <span class='ocrx_word' id='word_1_197' title='bbox 2306 2025 2392 2064; x_wconf 91' lang='lat' dir='ltr'><strong>me</strong></span> <span class='ocrx_word' id='word_1_198' title='bbox 2422 2010 2610 2079; x_wconf 79' lang='lat' dir='ltr'><strong>gratis.</strong></span> 
     </span>
    </p>
   </div>
   <div class='ocr_carea' id='block_1_35' title="bbox 285 2099 1816 2174">
    <p class='ocr_par' dir='ltr' id='par_1_35' title="bbox 285 2100 1805 2174">
     <span class='ocr_line' id='line_1_35' title="bbox 285 2100 1805 2174; baseline 0 -20"><span class='ocrx_word' id='word_1_199' title='bbox 285 2101 340 2155; x_wconf 90' lang='lat'><strong>7.</strong></span> <span class='ocrx_word' id='word_1_200' title='bbox 386 2100 867 2174; x_wconf 84' lang='grc' dir='ltr'>Ἐκραταιώθησαν</span> <span class='ocrx_word' id='word_1_201' title='bbox 902 2104 952 2155; x_wconf 71' lang='grc' dir='ltr'>οἱ</span> <span class='ocrx_word' id='word_1_202' title='bbox 995 2102 1181 2173; x_wconf 80' lang='grc' dir='ltr'>ἐχθροί</span> <span class='ocrx_word' id='word_1_203' title='bbox 1207 2120 1332 2173; x_wconf 89' lang='grc' dir='ltr'>μου,</span> <span class='ocrx_word' id='word_1_204' title='bbox 1364 2103 1415 2155; x_wconf 79' lang='grc' dir='ltr'>οἱ</span> <span class='ocrx_word' id='word_1_205' title='bbox 1448 2100 1805 2168; x_wconf 81' lang='grc' dir='ltr'>ἐκδιώκοντές</span> 
     </span>
    </p>
   </div>
   <div class='ocr_carea' id='block_1_36' title="bbox 1960 2099 3491 2174">
    <p class='ocr_par' dir='ltr' id='par_1_36' title="bbox 1983 2099 3491 2174">
     <span class='ocr_line' id='line_1_36' title="bbox 1983 2099 3491 2174; baseline 0.007 -22"><span class='ocrx_word' id='word_1_206' title='bbox 1983 2099 2035 2154; x_wconf 93' lang='lat'><strong>7.</strong></span> <span class='ocrx_word' id='word_1_207' title='bbox 2073 2100 2380 2155; x_wconf 76' lang='lat' dir='ltr'><strong>Confortati</strong></span> <span class='ocrx_word' id='word_1_208' title='bbox 2429 2111 2579 2168; x_wconf 90' lang='lat' dir='ltr'><strong>sunt,</strong></span> <span class='ocrx_word' id='word_1_209' title='bbox 2639 2103 2734 2174; x_wconf 90' lang='lat' dir='ltr'><strong>qui</strong></span> <span class='ocrx_word' id='word_1_210' title='bbox 2784 2104 3058 2174; x_wconf 86' lang='lat' dir='ltr'><strong>persecuti</strong></span> <span class='ocrx_word' id='word_1_211' title='bbox 3086 2113 3214 2161; x_wconf 91' lang='lat' dir='ltr'><strong>sunt</strong></span> <span class='ocrx_word' id='word_1_212' title='bbox 3243 2120 3353 2173; x_wconf 91' lang='lat' dir='ltr'><strong>me,</strong></span> <span class='ocrx_word' id='word_1_213' title='bbox 3386 2104 3491 2163; x_wconf 88' lang='lat' dir='ltr'><strong>ini-</strong></span> 
     </span>
    </p>
   </div>
   <div class='ocr_carea' id='block_1_37' title="bbox 212 2192 1743 2264">
    <p class='ocr_par' dir='ltr' id='par_1_37' title="bbox 212 2193 547 2264">
     <span class='ocr_line' id='line_1_37' title="bbox 212 2193 547 2264; baseline 0 -17"><span class='ocrx_word' id='word_1_214' title='bbox 212 2210 285 2264; x_wconf 73' lang='grc' dir='ltr'><strong>με</strong></span> <span class='ocrx_word' id='word_1_215' title='bbox 306 2193 509 2257; x_wconf 81' lang='grc' dir='ltr'><strong>ἀδίκως</strong></span> <span class='ocrx_word' id='word_1_216' title='bbox 532 2233 547 2247; x_wconf 91' lang='grc'><strong>.</strong></span> 
     </span>
    </p>
   </div>
   <div class='ocr_carea' id='block_1_38' title="bbox 921 2192 2452 2264">
    <p class='ocr_par' dir='ltr' id='par_1_38' title="bbox 1908 2192 2452 2261">
     <span class='ocr_line' id='line_1_38' title="bbox 1908 2192 2452 2261; baseline 0.006 -16"><span class='ocrx_word' id='word_1_217' title='bbox 1908 2192 2035 2246; x_wconf 92' lang='lat' dir='ltr'><strong>mici</strong></span> <span class='ocrx_word' id='word_1_218' title='bbox 2068 2192 2175 2246; x_wconf 91' lang='lat' dir='ltr'><strong>mei</strong></span> <span class='ocrx_word' id='word_1_219' title='bbox 2205 2192 2409 2261; x_wconf 90' lang='lat' dir='ltr'><strong>injuste</strong></span> <span class='ocrx_word' id='word_1_220' title='bbox 2438 2210 2452 2247; x_wconf 90' lang='lat'><strong>:</strong></span> 
     </span>
    </p>
   </div>
   <div class='ocr_carea' id='block_1_39' title="bbox 228 2274 1759 2359">
    <p class='ocr_par' dir='ltr' id='par_1_39' title="bbox 228 2274 1375 2359">
     <span class='ocr_line' id='line_1_39' title="bbox 228 2274 1375 2359; baseline -0.001 -17"><span class='ocrx_word' id='word_1_221' title='bbox 228 2274 231 2275; x_wconf 13' lang='grc' dir='ltr'><em>ν</em></span> <span class='ocrx_word' id='word_1_222' title='bbox 281 2286 341 2342; x_wconf 91' lang='grc'><strong>8.</strong></span> <span class='ocrx_word' id='word_1_223' title='bbox 372 2287 439 2339; x_wconf 69' lang='grc' dir='ltr'><strong>*Α</strong></span> <span class='ocrx_word' id='word_1_224' title='bbox 462 2288 560 2357; x_wconf 79' lang='grc' dir='ltr'><strong>οὐχ</strong></span> <span class='ocrx_word' id='word_1_225' title='bbox 587 2287 854 2359; x_wconf 81' lang='grc' dir='ltr'>ἥρπαζον,</span> <span class='ocrx_word' id='word_1_226' title='bbox 883 2286 1007 2339; x_wconf 87' lang='grc' dir='ltr'>τότε</span> <span class='ocrx_word' id='word_1_227' title='bbox 1032 2286 1375 2341; x_wconf 86' lang='grc' dir='ltr'>ἀπετίννυον.</span> 
     </span>
    </p>
   </div>
   <div class='ocr_carea' id='block_1_40' title="bbox 1574 2274 3105 2359">
    <p class='ocr_par' dir='ltr' id='par_1_40' title="bbox 1978 2283 3105 2355">
     <span class='ocr_line' id='line_1_40' title="bbox 1978 2283 3105 2355; baseline 0.004 -18"><span class='ocrx_word' id='word_1_228' title='bbox 1978 2284 2033 2337; x_wconf 88' lang='grc'><strong>8.</strong></span> <span class='ocrx_word' id='word_1_229' title='bbox 2068 2283 2198 2350; x_wconf 70' lang='lat' dir='ltr'><strong>Quae</strong></span> <span class='ocrx_word' id='word_1_230' title='bbox 2219 2300 2328 2338; x_wconf 90' lang='lat' dir='ltr'><strong>non</strong></span> <span class='ocrx_word' id='word_1_231' title='bbox 2356 2286 2536 2355; x_wconf 89' lang='lat' dir='ltr'><strong>rapui,</strong></span> <span class='ocrx_word' id='word_1_232' title='bbox 2571 2297 2704 2341; x_wconf 87' lang='lat' dir='ltr'><strong>tunc</strong></span> <span class='ocrx_word' id='word_1_233' title='bbox 2731 2287 3105 2341; x_wconf 80' lang='lat' dir='ltr'><strong>exsolvebam.</strong></span> 
     </span>
    </p>
   </div>
   <div class='ocr_carea' id='block_1_41' title="bbox 282 2376 1813 2450">
    <p class='ocr_par' dir='ltr' id='par_1_41' title="bbox 282 2377 1533 2450">
     <span class='ocr_line' id='line_1_41' title="bbox 282 2377 1533 2450; baseline -0.002 -18"><span class='ocrx_word' id='word_1_234' title='bbox 282 2378 339 2433; x_wconf 80' lang='lat'><strong>9.</strong></span> <span class='ocrx_word' id='word_1_235' title='bbox 378 2380 437 2432; x_wconf 88' lang='grc' dir='ltr'><strong>Ὀ</strong></span> <span class='ocrx_word' id='word_1_236' title='bbox 462 2378 615 2443; x_wconf 84' lang='grc' dir='ltr'><strong>Θεὸς,</strong></span> <span class='ocrx_word' id='word_1_237' title='bbox 641 2380 705 2432; x_wconf 84' lang='grc' dir='ltr'><strong>σὺ</strong></span> <span class='ocrx_word' id='word_1_238' title='bbox 739 2378 911 2448; x_wconf 81' lang='grc' dir='ltr'><strong>ἔγνως</strong></span> <span class='ocrx_word' id='word_1_239' title='bbox 939 2377 1036 2450; x_wconf 82' lang='grc' dir='ltr'>τὴν</span> <span class='ocrx_word' id='word_1_240' title='bbox 1058 2378 1373 2450; x_wconf 81' lang='grc' dir='ltr'>ἀφροσύνην</span> <span class='ocrx_word' id='word_1_241' title='bbox 1409 2393 1533 2448; x_wconf 89' lang='grc' dir='ltr'>μου,</span> 
     </span>
    </p>
   </div>
   <div class='ocr_carea' id='block_1_42' title="bbox 1563 2376 3094 2450">
    <p class='ocr_par' dir='ltr' id='par_1_42' title="bbox 1977 2376 3094 2449">
     <span class='ocr_line' id='line_1_42' title="bbox 1977 2376 3094 2449; baseline 0.004 -18"><span class='ocrx_word' id='word_1_242' title='bbox 1977 2376 2034 2431; x_wconf 89' lang='grc'><strong>9.</strong></span> <span class='ocrx_word' id='word_1_243' title='bbox 2076 2376 2236 2443; x_wconf 90' lang='lat' dir='ltr'><strong>Deus,</strong></span> <span class='ocrx_word' id='word_1_244' title='bbox 2270 2388 2326 2432; x_wconf 89' lang='lat' dir='ltr'><strong>tu</strong></span> <span class='ocrx_word' id='word_1_245' title='bbox 2354 2379 2463 2434; x_wconf 91' lang='lat' dir='ltr'><strong>scis</strong></span> <span class='ocrx_word' id='word_1_246' title='bbox 2496 2379 2864 2449; x_wconf 87' lang='lat' dir='ltr'><strong>insipientiam</strong></span> <span class='ocrx_word' id='word_1_247' title='bbox 2894 2395 3094 2446; x_wconf 87' lang='lat' dir='ltr'><strong>meam,</strong></span> 
     </span>
    </p>
   </div>
   <div class='ocr_carea' id='block_1_43' title="bbox 282 2467 1813 2543">
    <p class='ocr_par' dir='ltr' id='par_1_43' title="bbox 282 2469 1800 2543">
     <span class='ocr_line' id='line_1_43' title="bbox 282 2469 1800 2543; baseline -0.002 -19"><span class='ocrx_word' id='word_1_248' title='bbox 282 2471 375 2526; x_wconf 77' lang='lat' dir='ltr'><strong>‘IO.</strong></span> <span class='ocrx_word' id='word_1_249' title='bbox 407 2472 519 2524; x_wconf 73' lang='lat' dir='ltr'><strong>Kal.</strong></span> <span class='ocrx_word' id='word_1_250' title='bbox 539 2474 594 2526; x_wconf 82' lang='lat' dir='ltr'><strong>ai</strong></span> <span class='ocrx_word' id='word_1_251' title='bbox 626 2471 1002 2543; x_wconf 83' lang='grc' dir='ltr'>πλημμέλειαί</span> <span class='ocrx_word' id='word_1_252' title='bbox 1034 2488 1134 2541; x_wconf 90' lang='grc' dir='ltr'><strong>μου</strong></span> <span class='ocrx_word' id='word_1_253' title='bbox 1166 2470 1274 2524; x_wconf 82' lang='grc' dir='ltr'><strong>ἀπὸ</strong></span> <span class='ocrx_word' id='word_1_254' title='bbox 1298 2470 1393 2523; x_wconf 88' lang='grc' dir='ltr'><strong>σοῦ</strong></span> <span class='ocrx_word' id='word_1_255' title='bbox 1425 2470 1527 2523; x_wconf 82' lang='grc' dir='ltr'><strong>οὐκ</strong></span> <span class='ocrx_word' id='word_1_256' title='bbox 1555 2469 1800 2541; x_wconf 85' lang='grc' dir='ltr'>ἀπεκρύ-</span> 
     </span>
    </p>
   </div>
   <div class='ocr_carea' id='block_1_44' title="bbox 1810 2467 3341 2543">
    <p class='ocr_par' dir='ltr' id='par_1_44' title="bbox 1978 2467 3341 2528">
     <span class='ocr_line' id='line_1_44' title="bbox 1978 2467 3341 2528; baseline 0.001 -5"><span class='ocrx_word' id='word_1_257' title='bbox 1978 2467 2066 2523; x_wconf 85' lang='grc'><strong>10.</strong></span> <span class='ocrx_word' id='word_1_258' title='bbox 2098 2467 2165 2523; x_wconf 83' lang='grc' dir='ltr'>Ει</span> <span class='ocrx_word' id='word_1_259' title='bbox 2186 2469 2385 2525; x_wconf 89' lang='lat' dir='ltr'><strong>delicta</strong></span> <span class='ocrx_word' id='word_1_260' title='bbox 2412 2487 2531 2526; x_wconf 91' lang='lat' dir='ltr'><strong>mea</strong></span> <span class='ocrx_word' id='word_1_261' title='bbox 2558 2487 2588 2526; x_wconf 93' lang='lat' dir='ltr'><strong>a</strong></span> <span class='ocrx_word' id='word_1_262' title='bbox 2616 2482 2667 2527; x_wconf 89' lang='lat' dir='ltr'><strong>te</strong></span> <span class='ocrx_word' id='word_1_263' title='bbox 2697 2487 2809 2527; x_wconf 91' lang='lat' dir='ltr'><strong>non</strong></span> <span class='ocrx_word' id='word_1_264' title='bbox 2839 2482 2969 2527; x_wconf 90' lang='lat' dir='ltr'><strong>sunt</strong></span> <span class='ocrx_word' id='word_1_265' title='bbox 2999 2471 3341 2528; x_wconf 87' lang='lat' dir='ltr'><strong>abscondita.</strong></span> 
     </span>
    </p>
   </div>
   <div class='ocr_carea' id='block_1_45' title="bbox 205 2563 411 2636">
    <p class='ocr_par' dir='ltr' id='par_1_45' title="bbox 205 2563 411 2636">
     <span class='ocr_line' id='line_1_45' title="bbox 205 2563 411 2636; baseline 0 -19"><span class='ocrx_word' id='word_1_266' title='bbox 205 2563 411 2636; x_wconf 71' lang='grc' dir='ltr'>ϐησαν.</span> 
     </span>
    </p>
   </div>
   <div class='ocr_carea' id='block_1_46' title="bbox 282 2652 1813 2727">
    <p class='ocr_par' dir='ltr' id='par_1_46' title="bbox 282 2654 1799 2727">
     <span class='ocr_line' id='line_1_46' title="bbox 282 2654 1799 2727; baseline -0.002 -17"><span class='ocrx_word' id='word_1_267' title='bbox 282 2657 373 2711; x_wconf 77' lang='lat' dir='ltr'><strong>ii.</strong></span> <span class='ocrx_word' id='word_1_268' title='bbox 406 2657 496 2727; x_wconf 85' lang='grc' dir='ltr'><strong>Μὴ</strong></span> <span class='ocrx_word' id='word_1_269' title='bbox 528 2654 949 2727; x_wconf 71' lang='grc' dir='ltr'>αἰσχυνθείησαν</span> <span class='ocrx_word' id='word_1_270' title='bbox 974 2656 1063 2707; x_wconf 84' lang='grc' dir='ltr'>ἐπ’</span> <span class='ocrx_word' id='word_1_271' title='bbox 1089 2654 1190 2725; x_wconf 79' lang='grc' dir='ltr'><strong>ἐμὲ</strong></span> <span class='ocrx_word' id='word_1_272' title='bbox 1232 2656 1279 2708; x_wconf 86' lang='grc' dir='ltr'><strong>οί</strong></span> <span class='ocrx_word' id='word_1_273' title='bbox 1308 2654 1676 2726; x_wconf 70' lang='grc' dir='ltr'>ὑπομένοντες</span> <span class='ocrx_word' id='word_1_274' title='bbox 1714 2672 1799 2720; x_wconf 85' lang='grc' dir='ltr'><strong>σε,</strong></span> 
     </span>
    </p>
   </div>
   <div class='ocr_carea' id='block_1_47' title="bbox 1958 2652 3489 2727">
    <p class='ocr_par' dir='ltr' id='par_1_47' title="bbox 1979 2652 3489 2724">
     <span class='ocr_line' id='line_1_47' title="bbox 1979 2652 3489 2724; baseline -0.001 -14"><span class='ocrx_word' id='word_1_275' title='bbox 1979 2656 2067 2710; x_wconf 81' lang='lat' dir='ltr'><strong>ll.</strong></span> <span class='ocrx_word' id='word_1_276' title='bbox 2100 2653 2219 2708; x_wconf 88' lang='lat' dir='ltr'><strong>Non</strong></span> <span class='ocrx_word' id='word_1_277' title='bbox 2251 2652 2578 2707; x_wconf 86' lang='lat' dir='ltr'><strong>erubescant</strong></span> <span class='ocrx_word' id='word_1_278' title='bbox 2607 2653 2659 2708; x_wconf 92' lang='lat' dir='ltr'><strong>in</strong></span> <span class='ocrx_word' id='word_1_279' title='bbox 2692 2669 2780 2710; x_wconf 89' lang='lat' dir='ltr'><strong>me</strong></span> <span class='ocrx_word' id='word_1_280' title='bbox 2816 2670 2909 2724; x_wconf 78' lang='lat' dir='ltr'><strong>qui</strong></span> <span class='ocrx_word' id='word_1_281' title='bbox 2933 2662 3255 2724; x_wconf 79' lang='lat' dir='ltr'><strong>exspectant</strong></span> <span class='ocrx_word' id='word_1_282' title='bbox 3280 2662 3355 2714; x_wconf 84' lang='lat' dir='ltr'><strong>te.</strong></span> <span class='ocrx_word' id='word_1_283' title='bbox 3379 2652 3489 2709; x_wconf 90' lang='lat' dir='ltr'><strong>Do-</strong></span> 
     </span>
    </p>
   </div>
   <div class='ocr_carea' id='block_1_48' title="bbox 203 2743 1734 2821">
    <p class='ocr_par' dir='ltr' id='par_1_48' title="bbox 203 2748 1086 2821">
     <span class='ocr_line' id='line_1_48' title="bbox 203 2748 1086 2821; baseline -0.002 -18"><span class='ocrx_word' id='word_1_284' title='bbox 203 2749 407 2820; x_wconf 76' lang='grc' dir='ltr'>Κύριε,</span> <span class='ocrx_word' id='word_1_285' title='bbox 442 2748 616 2821; x_wconf 81' lang='grc' dir='ltr'>Κύριε</span> <span class='ocrx_word' id='word_1_286' title='bbox 634 2748 743 2802; x_wconf 84' lang='grc' dir='ltr'><strong>τῶν</strong></span> <span class='ocrx_word' id='word_1_287' title='bbox 773 2749 1086 2819; x_wconf 83' lang='grc' dir='ltr'>δυνάμεων·</span> 
     </span>
    </p>
   </div>
   <div class='ocr_carea' id='block_1_49' title="bbox 1141 2743 2672 2821">
    <p class='ocr_par' dir='ltr' id='par_1_49' title="bbox 1903 2743 2672 2805">
     <span class='ocr_line' id='line_1_49' title="bbox 1903 2743 2672 2805; baseline 0.003 -7"><span class='ocrx_word' id='word_1_288' title='bbox 1903 2744 2071 2805; x_wconf 89' lang='lat' dir='ltr'><strong>mine,</strong></span> <span class='ocrx_word' id='word_1_289' title='bbox 2110 2743 2338 2798; x_wconf 91' lang='lat' dir='ltr'><strong>Domine</strong></span> <span class='ocrx_word' id='word_1_290' title='bbox 2368 2743 2631 2799; x_wconf 78' lang='lat' dir='ltr'><strong>virtutum</strong></span> <span class='ocrx_word' id='word_1_291' title='bbox 2659 2764 2672 2800; x_wconf 91' lang='lat'>:</span> 
     </span>
    </p>
   </div>
   <div class='ocr_carea' id='block_1_50' title="bbox 1338 2838 2331 2897">
    <p class='ocr_par' dir='ltr' id='par_1_50' title="bbox 1338 2838 2331 2897">
     <span class='ocr_line' id='line_1_50' title="bbox 1338 2838 2331 2897; baseline -0.005 -1"><span class='ocrx_word' id='word_1_292' title='bbox 1338 2841 1715 2897; x_wconf 79' lang='lat' dir='ltr'><strong>ATHANASII</strong></span> <span class='ocrx_word' id='word_1_293' title='bbox 1756 2838 2331 2894; x_wconf 73' lang='lat' dir='ltr'><strong>INTERPRETATIO</strong></span> 
     </span>
    </p>
   </div>
   <div class='ocr_carea' id='block_1_51' title="bbox 277 2929 1808 3008">
    <p class='ocr_par' dir='ltr' id='par_1_51' title="bbox 277 2933 1787 3008">
     <span class='ocr_line' id='line_1_51' title="bbox 277 2933 1787 3008; baseline -0.001 -19"><span class='ocrx_word' id='word_1_294' title='bbox 277 2935 371 3001; x_wconf 83' lang='grc'><strong>81,</strong></span> <span class='ocrx_word' id='word_1_295' title='bbox 404 2933 493 2989; x_wconf 73' lang='grc'><strong>82.</strong></span> <span class='ocrx_word' id='word_1_296' title='bbox 538 2935 595 2988; x_wconf 92' lang='grc' dir='ltr'>Ὀ</span> <span class='ocrx_word' id='word_1_297' title='bbox 622 2934 754 2997; x_wconf 86' lang='grc' dir='ltr'><strong>Θεὸς</strong></span> <span class='ocrx_word' id='word_1_298' title='bbox 791 2933 901 2988; x_wconf 85' lang='grc' dir='ltr'><strong>τῶν</strong></span> <span class='ocrx_word' id='word_1_299' title='bbox 972 2935 1234 3008; x_wconf 79' lang='grc' dir='ltr'>καθαρῶν.</span> <span class='ocrx_word' id='word_1_300' title='bbox 1260 2937 1325 3006; x_wconf 78' lang='grc' dir='ltr'>τῇ</span> <span class='ocrx_word' id='word_1_301' title='bbox 1368 2936 1584 3006; x_wconf 81' lang='grc' dir='ltr'><strong>καρδίᾳ,</strong></span> <span class='ocrx_word' id='word_1_302' title='bbox 1624 2934 1787 2996; x_wconf 81' lang='grc' dir='ltr'>αὐτὸς</span> 
     </span>
    </p>
   </div>
   <div class='ocr_carea' id='block_1_52' title="bbox 1957 2929 3488 3008">
    <p class='ocr_par' dir='ltr' id='par_1_52' title="bbox 1983 2929 3488 3003">
     <span class='ocr_line' id='line_1_52' title="bbox 1983 2929 3488 3003; baseline -0.003 -18"><span class='ocrx_word' id='word_1_303' title='bbox 1983 2931 2072 2997; x_wconf 78' lang='lat' dir='ltr'><strong>8i,</strong></span> <span class='ocrx_word' id='word_1_304' title='bbox 2109 2931 2197 2986; x_wconf 76' lang='lat'><strong>82.</strong></span> <span class='ocrx_word' id='word_1_305' title='bbox 2235 2931 2381 2985; x_wconf 90' lang='lat' dir='ltr'><strong>Deus</strong></span> <span class='ocrx_word' id='word_1_306' title='bbox 2417 2946 2606 2986; x_wconf 86' lang='lat' dir='ltr'><strong>eorum</strong></span> <span class='ocrx_word' id='word_1_307' title='bbox 2636 2932 2729 3003; x_wconf 88' lang='lat' dir='ltr'><strong>qui</strong></span> <span class='ocrx_word' id='word_1_308' title='bbox 2766 2932 2929 2988; x_wconf 90' lang='lat' dir='ltr'><strong>corde</strong></span> <span class='ocrx_word' id='word_1_309' title='bbox 2960 2931 3149 2986; x_wconf 87' lang='lat' dir='ltr'><strong>mundi</strong></span> <span class='ocrx_word' id='word_1_310' title='bbox 3182 2938 3332 2992; x_wconf 90' lang='lat' dir='ltr'><strong>sunt,</strong></span> <span class='ocrx_word' id='word_1_311' title='bbox 3372 2929 3488 2998; x_wconf 83' lang='lat' dir='ltr'><strong>ipse</strong></span> 
     </span>
    </p>
   </div>
   <div class='ocr_carea' id='block_1_53' title="bbox 199 3021 1730 3101">
    <p class='ocr_par' dir='ltr' id='par_1_53' title="bbox 199 3025 1730 3101">
     <span class='ocr_line' id='line_1_53' title="bbox 199 3025 1730 3101; baseline -0.001 -20"><span class='ocrx_word' id='word_1_312' title='bbox 199 3025 369 3081; x_wconf 77' lang='grc' dir='ltr'>δώσει</span> <span class='ocrx_word' id='word_1_313' title='bbox 396 3029 458 3081; x_wconf 89' lang='grc' dir='ltr'><strong>τὸ</strong></span> <span class='ocrx_word' id='word_1_314' title='bbox 491 3027 718 3098; x_wconf 78' lang='grc' dir='ltr'>Πνεῦμα</span> <span class='ocrx_word' id='word_1_315' title='bbox 746 3028 807 3080; x_wconf 89' lang='grc' dir='ltr'><strong>τὸ</strong></span> <span class='ocrx_word' id='word_1_316' title='bbox 842 3028 996 3096; x_wconf 81' lang='grc' dir='ltr'>ἆγιον</span> <span class='ocrx_word' id='word_1_317' title='bbox 1041 3032 1154 3092; x_wconf 85' lang='grc' dir='ltr'>τοῖς</span> <span class='ocrx_word' id='word_1_318' title='bbox 1198 3028 1590 3101; x_wconf 75' lang='grc' dir='ltr'>πειθαρχοῦσιν</span> <span class='ocrx_word' id='word_1_319' title='bbox 1623 3028 1730 3080; x_wconf 67' lang='grc' dir='ltr'>αὐτη</span> 
     </span>
    </p>
   </div>
   <div class='ocr_carea' id='block_1_54' title="bbox 1947 3021 3478 3101">
    <p class='ocr_par' dir='ltr' id='par_1_54' title="bbox 1947 3021 3478 3093">
     <span class='ocr_line' id='line_1_54' title="bbox 1947 3021 3478 3093; baseline -0.002 -17"><span class='ocrx_word' id='word_1_320' title='bbox 1947 3023 2056 3077; x_wconf 89' lang='lat' dir='ltr'><strong>abit</strong></span> <span class='ocrx_word' id='word_1_321' title='bbox 2092 3021 2357 3092; x_wconf 88' lang='lat' dir='ltr'><strong>Spiritum</strong></span> <span class='ocrx_word' id='word_1_322' title='bbox 2384 3032 2637 3079; x_wconf 90' lang='lat' dir='ltr'><strong>sanctum</strong></span> <span class='ocrx_word' id='word_1_323' title='bbox 2671 3024 2772 3088; x_wconf 90' lang='lat' dir='ltr'><strong>eis,</strong></span> <span class='ocrx_word' id='word_1_324' title='bbox 2804 3025 2895 3093; x_wconf 90' lang='lat' dir='ltr'><strong>qui</strong></span> <span class='ocrx_word' id='word_1_325' title='bbox 2923 3024 3024 3093; x_wconf 91' lang='lat' dir='ltr'><strong>ipsi</strong></span> <span class='ocrx_word' id='word_1_326' title='bbox 3051 3023 3331 3086; x_wconf 87' lang='lat' dir='ltr'><strong>obcdiunt,</strong></span> <span class='ocrx_word' id='word_1_327' title='bbox 3354 3036 3478 3090; x_wconf 79' lang='lat' dir='ltr'><strong>nam</strong></span> 
     </span>
    </p>
   </div>
   <div class='ocr_carea' id='block_1_55' title="bbox 199 3116 1730 3189">
    <p class='ocr_par' dir='ltr' id='par_1_55' title="bbox 199 3116 1233 3189">
     <span class='ocr_line' id='line_1_55' title="bbox 199 3116 1233 3189; baseline -0.001 -16"><span class='ocrx_word' id='word_1_328' title='bbox 199 3116 596 3189; x_wconf 80' lang='grc' dir='ltr'>δεδοξασμένος</span> <span class='ocrx_word' id='word_1_329' title='bbox 621 3119 731 3189; x_wconf 82' lang='grc' dir='ltr'><strong>γάρ</strong></span> <span class='ocrx_word' id='word_1_330' title='bbox 758 3119 913 3171; x_wconf 86' lang='grc' dir='ltr'>ἐστιν</span> <span class='ocrx_word' id='word_1_331' title='bbox 938 3120 996 3171; x_wconf 82' lang='grc' dir='ltr'><strong>ἐν</strong></span> <span class='ocrx_word' id='word_1_332' title='bbox 1026 3119 1233 3181; x_wconf 79' lang='grc' dir='ltr'>αὐτοῖς.</span> 
     </span>
    </p>
   </div>
   <div class='ocr_carea' id='block_1_56' title="bbox 1107 3116 2638 3189">
    <p class='ocr_par' dir='ltr' id='par_1_56' title="bbox 1107 3117 2638 3189">
     <span class='ocr_line' id='line_1_56' title="bbox 1107 3117 2638 3189; baseline 0.002 -18"><span class='ocrx_word' id='word_1_333' title='bbox 1107 3121 1233 3181; x_wconf 78' lang='grc' dir='ltr'><strong>τοίς.</strong></span> <span class='ocrx_word' id='word_1_334' title='bbox 1902 3117 2241 3188; x_wconf 80' lang='lat' dir='ltr'><strong>gloriﬁcatus</strong></span> <span class='ocrx_word' id='word_1_335' title='bbox 2272 3125 2359 3172; x_wconf 86' lang='lat' dir='ltr'><strong>est</strong></span> <span class='ocrx_word' id='word_1_336' title='bbox 2391 3118 2445 3171; x_wconf 91' lang='lat' dir='ltr'><strong>in</strong></span> <span class='ocrx_word' id='word_1_337' title='bbox 2481 3118 2638 3189; x_wconf 86' lang='lat' dir='ltr'><strong>ipsis.</strong></span> 
     </span>
    </p>
   </div>
   <div class='ocr_carea' id='block_1_57' title="bbox 286 3205 3485 3285">
    <p class='ocr_par' dir='ltr' id='par_1_57' title="bbox 286 3205 3485 3285">
     <span class='ocr_line' id='line_1_57' title="bbox 286 3205 3485 3285; baseline -0.001 -20"><span class='ocrx_word' id='word_1_338' title='bbox 286 3212 357 3265; x_wconf 86' lang='grc' dir='ltr'><strong>Ἡ</strong></span> <span class='ocrx_word' id='word_1_339' title='bbox 382 3212 716 3285; x_wconf 81' lang='grc' dir='ltr'>προκειμένη</span> <span class='ocrx_word' id='word_1_340' title='bbox 753 3212 1034 3285; x_wconf 79' lang='grc' dir='ltr'>ἐπιγραφὴ</span> <span class='ocrx_word' id='word_1_341' title='bbox 1063 3214 1309 3285; x_wconf 79' lang='grc' dir='ltr'>περιέχει</span> <span class='ocrx_word' id='word_1_342' title='bbox 1342 3213 1418 3285; x_wconf 82' lang='grc'><strong>(1)</strong></span> <span class='ocrx_word' id='word_1_343' title='bbox 1440 3231 1453 3244; x_wconf 87' lang='grc'><strong>·</strong></span> <span class='ocrx_word' id='word_1_344' title='bbox 1478 3217 1585 3278; x_wconf 76' lang='grc' dir='ltr'><strong>Εἰς</strong></span> <span class='ocrx_word' id='word_1_345' title='bbox 1616 3213 1683 3267; x_wconf 85' lang='grc' dir='ltr'><strong>τὸ</strong></span> <span class='ocrx_word' id='word_1_346' title='bbox 1709 3211 2081 3282; x_wconf 74' lang='grc' dir='ltr'>τέλος-,ὺπέρ</span> <span class='ocrx_word' id='word_1_347' title='bbox 2112 3212 2233 3266; x_wconf 80' lang='grc' dir='ltr'><strong>τῶν</strong></span> <span class='ocrx_word' id='word_1_348' title='bbox 2266 3214 2868 3283; x_wconf 76' lang='grc' dir='ltr'>ἀλλοιωθησομένων,</span> <span class='ocrx_word' id='word_1_349' title='bbox 2894 3210 3137 3283; x_wconf 72' lang='grc' dir='ltr'><strong>ψαλμὸς</strong></span> <span class='ocrx_word' id='word_1_350' title='bbox 3171 3205 3249 3279; x_wconf 76' lang='grc' dir='ltr'>τῷ</span> <span class='ocrx_word' id='word_1_351' title='bbox 3283 3208 3485 3265; x_wconf 77' lang='grc' dir='ltr'>Δαϐίδ-</span> 
     </span>
    </p>
   </div>
   <div class='ocr_carea' id='block_1_58' title="bbox 203 3300 3479 3376">
    <p class='ocr_par' dir='ltr' id='par_1_58' title="bbox 203 3300 3479 3376">
     <span class='ocr_line' id='line_1_58' title="bbox 203 3300 3479 3376; baseline -0.002 -18"><span class='ocrx_word' id='word_1_352' title='bbox 203 3303 386 3367; x_wconf 70' lang='grc' dir='ltr'>Τοῦτο</span> <span class='ocrx_word' id='word_1_353' title='bbox 410 3300 504 3359; x_wconf 80' lang='grc' dir='ltr'><strong>οῦν</strong></span> <span class='ocrx_word' id='word_1_354' title='bbox 534 3302 707 3372; x_wconf 82' lang='grc' dir='ltr'>λέγει,</span> <span class='ocrx_word' id='word_1_355' title='bbox 749 3304 843 3357; x_wconf 80' lang='grc' dir='ltr'><strong>ἐπὶ</strong></span> <span class='ocrx_word' id='word_1_356' title='bbox 870 3302 1015 3357; x_wconf 80' lang='grc' dir='ltr'>τέλει</span> <span class='ocrx_word' id='word_1_357' title='bbox 1049 3303 1162 3357; x_wconf 84' lang='grc' dir='ltr'>τῶν</span> <span class='ocrx_word' id='word_1_358' title='bbox 1186 3303 1397 3356; x_wconf 77' lang='grc' dir='ltr'>αἰώνων</span> <span class='ocrx_word' id='word_1_359' title='bbox 1433 3304 1574 3375; x_wconf 80' lang='grc' dir='ltr'>ὑπὲρ</span> <span class='ocrx_word' id='word_1_360' title='bbox 1610 3302 1718 3357; x_wconf 81' lang='grc' dir='ltr'><strong>τῶν</strong></span> <span class='ocrx_word' id='word_1_361' title='bbox 1749 3302 2200 3375; x_wconf 76' lang='grc' dir='ltr'>μεταϐληθέντων</span> <span class='ocrx_word' id='word_1_362' title='bbox 2244 3304 2415 3357; x_wconf 83' lang='grc' dir='ltr'>ἐθνῶν</span> <span class='ocrx_word' id='word_1_363' title='bbox 2454 3306 2563 3358; x_wconf 87' lang='grc' dir='ltr'><strong>ἀπὸ</strong></span> <span class='ocrx_word' id='word_1_364' title='bbox 2595 3306 2696 3376; x_wconf 85' lang='grc' dir='ltr'><strong>τῆς</strong></span> <span class='ocrx_word' id='word_1_365' title='bbox 2732 3305 3006 3376; x_wconf 83' lang='grc' dir='ltr'>ἁμαρτίας</span> <span class='ocrx_word' id='word_1_366' title='bbox 3032 3305 3110 3366; x_wconf 86' lang='grc' dir='ltr'><strong>είς</strong></span> <span class='ocrx_word' id='word_1_367' title='bbox 3136 3302 3225 3355; x_wconf 87' lang='grc' dir='ltr'>τὸν</span> <span class='ocrx_word' id='word_1_368' title='bbox 3252 3300 3479 3373; x_wconf 78' lang='grc' dir='ltr'>Κύριον,</span> 
     </span>
    </p>
   </div>
   <div class='ocr_carea' id='block_1_59' title="bbox 200 3390 3490 3468">
    <p class='ocr_par' dir='ltr' id='par_1_59' title="bbox 200 3390 3490 3468">
     <span class='ocr_line' id='line_1_59' title="bbox 200 3390 3490 3468; baseline -0 -20"><span class='ocrx_word' id='word_1_369' title='bbox 200 3394 299 3448; x_wconf 76' lang='grc' dir='ltr'><strong>καὶ</strong></span> <span class='ocrx_word' id='word_1_370' title='bbox 334 3393 443 3446; x_wconf 78' lang='grc' dir='ltr'><strong>τῶν</strong></span> <span class='ocrx_word' id='word_1_371' title='bbox 482 3393 754 3447; x_wconf 83' lang='grc' dir='ltr'>Ἰουδαίων</span> <span class='ocrx_word' id='word_1_372' title='bbox 776 3392 886 3445; x_wconf 82' lang='grc' dir='ltr'>τῶν</span> <span class='ocrx_word' id='word_1_373' title='bbox 918 3392 1365 3463; x_wconf 75' lang='grc' dir='ltr'>μεταϐληθέντων</span> <span class='ocrx_word' id='word_1_374' title='bbox 1391 3393 1499 3446; x_wconf 84' lang='grc' dir='ltr'><strong>ἀπὸ</strong></span> <span class='ocrx_word' id='word_1_375' title='bbox 1518 3393 1626 3446; x_wconf 85' lang='grc' dir='ltr'>τῶν</span> <span class='ocrx_word' id='word_1_376' title='bbox 1660 3391 1892 3445; x_wconf 84' lang='grc' dir='ltr'>ἐντολῶν</span> <span class='ocrx_word' id='word_1_377' title='bbox 1923 3392 2016 3445; x_wconf 86' lang='grc' dir='ltr'><strong>τοῦ</strong></span> <span class='ocrx_word' id='word_1_378' title='bbox 2041 3392 2176 3446; x_wconf 86' lang='grc' dir='ltr'>Θεοῦ</span> <span class='ocrx_word' id='word_1_379' title='bbox 2208 3397 2289 3458; x_wconf 82' lang='grc' dir='ltr'>είς</span> <span class='ocrx_word' id='word_1_380' title='bbox 2316 3394 2415 3466; x_wconf 79' lang='grc' dir='ltr'>τὴν</span> <span class='ocrx_word' id='word_1_381' title='bbox 2449 3396 2753 3468; x_wconf 84' lang='grc' dir='ltr'>ἁμαρτίαν.</span> <span class='ocrx_word' id='word_1_382' title='bbox 2788 3395 3035 3465; x_wconf 77' lang='grc' dir='ltr'>Ψαλμός</span> <span class='ocrx_word' id='word_1_383' title='bbox 3068 3391 3149 3458; x_wconf 82' lang='grc' dir='ltr'>τῷ</span> <span class='ocrx_word' id='word_1_384' title='bbox 3172 3392 3248 3461; x_wconf 69' lang='grc'><strong>(2)</strong></span> <span class='ocrx_word' id='word_1_385' title='bbox 3274 3390 3452 3447; x_wconf 77' lang='grc' dir='ltr'>Δαϐίδ</span> <span class='ocrx_word' id='word_1_386' title='bbox 3474 3406 3490 3425; x_wconf 83' lang='grc'><strong><em>⁸</em></strong></span> 
     </span>
    </p>
   </div>
   <div class='ocr_carea' id='block_1_60' title="bbox 197 3482 2126 3556">
    <p class='ocr_par' dir='ltr' id='par_1_60' title="bbox 197 3482 2126 3556">
     <span class='ocr_line' id='line_1_60' title="bbox 197 3482 2126 3556; baseline -0.001 -17"><span class='ocrx_word' id='word_1_387' title='bbox 197 3485 412 3547; x_wconf 70' lang='grc' dir='ltr'>ὡσανεὶ</span> <span class='ocrx_word' id='word_1_388' title='bbox 438 3484 655 3556; x_wconf 75' lang='grc' dir='ltr'>ψαλμὸς</span> <span class='ocrx_word' id='word_1_389' title='bbox 676 3482 757 3549; x_wconf 83' lang='grc' dir='ltr'>τῷ</span> <span class='ocrx_word' id='word_1_390' title='bbox 788 3482 975 3549; x_wconf 77' lang='grc' dir='ltr'>ἱκανῷ</span> <span class='ocrx_word' id='word_1_391' title='bbox 1009 3482 1084 3553; x_wconf 78' lang='grc' dir='ltr'><strong>τῇ</strong></span> <span class='ocrx_word' id='word_1_392' title='bbox 1116 3486 1263 3554; x_wconf 78' lang='grc' dir='ltr'>χειρὶ</span> <span class='ocrx_word' id='word_1_393' title='bbox 1276 3518 1298 3549; x_wconf 94' lang='grc'><strong>,-</strong></span> <span class='ocrx_word' id='word_1_394' title='bbox 1315 3485 1564 3538; x_wconf 85' lang='grc' dir='ltr'>τουτέστι</span> <span class='ocrx_word' id='word_1_395' title='bbox 1594 3483 1673 3555; x_wconf 81' lang='grc' dir='ltr'>τῷ</span> <span class='ocrx_word' id='word_1_396' title='bbox 1700 3483 1813 3555; x_wconf 81' lang='grc' dir='ltr'><strong>Υἰῷ</strong></span> <span class='ocrx_word' id='word_1_397' title='bbox 1846 3484 1941 3536; x_wconf 88' lang='grc' dir='ltr'><strong>τοῦ</strong></span> <span class='ocrx_word' id='word_1_398' title='bbox 1969 3484 2126 3537; x_wconf 83' lang='grc' dir='ltr'>Θεοῦ.</span> 
     </span>
    </p>
   </div>
   <div class='ocr_carea' id='block_1_61' title="bbox 274 3574 3489 3649">
    <p class='ocr_par' dir='ltr' id='par_1_61' title="bbox 274 3574 3489 3649">
     <span class='ocr_line' id='line_1_61' title="bbox 274 3574 3489 3649; baseline -0.001 -14"><span class='ocrx_word' id='word_1_399' title='bbox 274 3579 498 3635; x_wconf 85' lang='lat' dir='ltr'><strong>Titulus</strong></span> <span class='ocrx_word' id='word_1_400' title='bbox 530 3578 870 3649; x_wconf 67' lang='lat' dir='ltr'><strong>praepositus,</strong></span> <span class='ocrx_word' id='word_1_401' title='bbox 895 3578 1142 3633; x_wconf 83' lang='lat' dir='ltr'><strong>continet</strong></span> <span class='ocrx_word' id='word_1_402' title='bbox 1172 3597 1183 3632; x_wconf 91' lang='lat'>:</span> <span class='ocrx_word' id='word_1_403' title='bbox 1222 3576 1288 3631; x_wconf 80' lang='lat' dir='ltr'><strong>In</strong></span> <span class='ocrx_word' id='word_1_404' title='bbox 1315 3578 1474 3646; x_wconf 81' lang='lat' dir='ltr'><strong>ﬁnem</strong></span> <span class='ocrx_word' id='word_1_405' title='bbox 1494 3618 1509 3643; x_wconf 95' lang='lat'><strong>,</strong></span> <span class='ocrx_word' id='word_1_406' title='bbox 1537 3593 1633 3646; x_wconf 84' lang='lat' dir='ltr'><strong>pro</strong></span> <span class='ocrx_word' id='word_1_407' title='bbox 1661 3578 1751 3640; x_wconf 82' lang='lat' dir='ltr'><strong>iis,</strong></span> <span class='ocrx_word' id='word_1_408' title='bbox 1787 3578 1877 3647; x_wconf 83' lang='lat' dir='ltr'><strong>qui</strong></span> <span class='ocrx_word' id='word_1_409' title='bbox 1909 3575 2406 3636; x_wconf 82' lang='lat' dir='ltr'><strong>commutabuntur,</strong></span> <span class='ocrx_word' id='word_1_410' title='bbox 2448 3575 2687 3644; x_wconf 78' lang='lat' dir='ltr'><strong>psalmus</strong></span> <span class='ocrx_word' id='word_1_411' title='bbox 2726 3574 2916 3628; x_wconf 78' lang='lat' dir='ltr'><strong>Dat-id.</strong></span> <span class='ocrx_word' id='word_1_412' title='bbox 2945 3574 3059 3629; x_wconf 83' lang='lat' dir='ltr'><strong>Hoc</strong></span> <span class='ocrx_word' id='word_1_413' title='bbox 3085 3576 3250 3647; x_wconf 83' lang='lat' dir='ltr'><strong>igitur</strong></span> <span class='ocrx_word' id='word_1_414' title='bbox 3278 3577 3489 3648; x_wconf 86' lang='lat' dir='ltr'><strong>signiﬁ-</strong></span> 
     </span>
    </p>
   </div>
   <div class='ocr_carea' id='block_1_62' title="bbox 200 3670 3488 3745">
    <p class='ocr_par' dir='ltr' id='par_1_62' title="bbox 200 3670 3488 3745">
     <span class='ocr_line' id='line_1_62' title="bbox 200 3670 3488 3745; baseline -0.001 -14"><span class='ocrx_word' id='word_1_415' title='bbox 200 3687 319 3740; x_wconf 85' lang='lat' dir='ltr'><strong>cat,</strong></span> <span class='ocrx_word' id='word_1_416' title='bbox 351 3676 404 3728; x_wconf 91' lang='lat' dir='ltr'><strong>in</strong></span> <span class='ocrx_word' id='word_1_417' title='bbox 433 3674 541 3728; x_wconf 83' lang='lat' dir='ltr'><strong>ﬁne</strong></span> <span class='ocrx_word' id='word_1_418' title='bbox 571 3674 902 3729; x_wconf 67' lang='lat' dir='ltr'><strong>saeculorum</strong></span> <span class='ocrx_word' id='word_1_419' title='bbox 937 3688 1039 3743; x_wconf 93' lang='lat' dir='ltr'><strong>pro</strong></span> <span class='ocrx_word' id='word_1_420' title='bbox 1066 3674 1322 3745; x_wconf 75' lang='lat' dir='ltr'><strong>gentibus</strong></span> <span class='ocrx_word' id='word_1_421' title='bbox 1347 3715 1361 3740; x_wconf 93' lang='lat'><strong>,</strong></span> <span class='ocrx_word' id='word_1_422' title='bbox 1406 3688 1529 3742; x_wconf 68' lang='lat' dir='ltr'><strong>quae</strong></span> <span class='ocrx_word' id='word_1_423' title='bbox 1572 3673 1851 3728; x_wconf 67' lang='lat' dir='ltr'><strong>translatae</strong></span> <span class='ocrx_word' id='word_1_424' title='bbox 1882 3681 2012 3727; x_wconf 92' lang='lat' dir='ltr'><strong>sunt</strong></span> <span class='ocrx_word' id='word_1_425' title='bbox 2043 3688 2072 3726; x_wconf 89' lang='lat' dir='ltr'><strong>a</strong></span> <span class='ocrx_word' id='word_1_426' title='bbox 2105 3682 2330 3742; x_wconf 87' lang='lat' dir='ltr'><strong>peccato</strong></span> <span class='ocrx_word' id='word_1_427' title='bbox 2376 3672 2429 3724; x_wconf 91' lang='lat' dir='ltr'><strong>in</strong></span> <span class='ocrx_word' id='word_1_428' title='bbox 2472 3671 2802 3733; x_wconf 89' lang='lat' dir='ltr'><strong>Dominum,</strong></span> <span class='ocrx_word' id='word_1_429' title='bbox 2830 3680 2884 3723; x_wconf 93' lang='lat' dir='ltr'><strong>et</strong></span> <span class='ocrx_word' id='word_1_430' title='bbox 2924 3686 3023 3739; x_wconf 88' lang='lat' dir='ltr'><strong>pro</strong></span> <span class='ocrx_word' id='word_1_431' title='bbox 3056 3670 3258 3727; x_wconf 71' lang='lat' dir='ltr'><strong>ludat-is</strong></span> <span class='ocrx_word' id='word_1_432' title='bbox 3279 3715 3292 3739; x_wconf 93' lang='lat'><strong>,</strong></span> <span class='ocrx_word' id='word_1_433' title='bbox 3330 3675 3423 3743; x_wconf 91' lang='lat' dir='ltr'><strong>qui</strong></span> <span class='ocrx_word' id='word_1_434' title='bbox 3455 3689 3488 3729; x_wconf 73' lang='grc' dir='ltr'><strong>ο</strong></span> 
     </span>
    </p>
   </div>
   <div class='ocr_carea' id='block_1_63' title="bbox 203 3764 3488 3837">
    <p class='ocr_par' dir='ltr' id='par_1_63' title="bbox 203 3764 3488 3837">
     <span class='ocr_line' id='line_1_63' title="bbox 203 3764 3488 3837; baseline -0 -13"><span class='ocrx_word' id='word_1_435' title='bbox 203 3768 489 3824; x_wconf 86' lang='lat' dir='ltr'><strong>mandatis</strong></span> <span class='ocrx_word' id='word_1_436' title='bbox 519 3766 615 3823; x_wconf 87' lang='lat' dir='ltr'><strong>Dei</strong></span> <span class='ocrx_word' id='word_1_437' title='bbox 653 3782 713 3825; x_wconf 86' lang='lat' dir='ltr'><strong>se</strong></span> <span class='ocrx_word' id='word_1_438' title='bbox 752 3766 1157 3823; x_wconf 86' lang='lat' dir='ltr'><strong>transtulerunt</strong></span> <span class='ocrx_word' id='word_1_439' title='bbox 1188 3768 1243 3821; x_wconf 92' lang='lat' dir='ltr'><strong>in</strong></span> <span class='ocrx_word' id='word_1_440' title='bbox 1276 3776 1584 3837; x_wconf 89' lang='lat' dir='ltr'><strong>peccatum.</strong></span> <span class='ocrx_word' id='word_1_441' title='bbox 1627 3765 1885 3821; x_wconf 77' lang='lat' dir='ltr'><strong>Psalmus</strong></span> <span class='ocrx_word' id='word_1_442' title='bbox 1925 3765 2096 3820; x_wconf 84' lang='lat' dir='ltr'><strong>David</strong></span> <span class='ocrx_word' id='word_1_443' title='bbox 2120 3780 2139 3818; x_wconf 88' lang='lat'><strong><em>:</em></strong></span> <span class='ocrx_word' id='word_1_444' title='bbox 2167 3766 2421 3820; x_wconf 84' lang='lat' dir='ltr'><strong>videlicet</strong></span> <span class='ocrx_word' id='word_1_445' title='bbox 2465 3764 2712 3834; x_wconf 84' lang='lat' dir='ltr'><strong>psalmus</strong></span> <span class='ocrx_word' id='word_1_446' title='bbox 2758 3781 2918 3817; x_wconf 85' lang='lat' dir='ltr'><strong>manu</strong></span> <span class='ocrx_word' id='word_1_447' title='bbox 2949 3765 3076 3833; x_wconf 73' lang='lat' dir='ltr'><strong>farti</strong></span> <span class='ocrx_word' id='word_1_448' title='bbox 3098 3807 3112 3830; x_wconf 85' lang='lat'><strong>,</strong></span> <span class='ocrx_word' id='word_1_449' title='bbox 3150 3768 3251 3821; x_wconf 90' lang='lat' dir='ltr'><strong>hoc</strong></span> <span class='ocrx_word' id='word_1_450' title='bbox 3277 3776 3360 3822; x_wconf 88' lang='lat' dir='ltr'><strong>est</strong></span> <span class='ocrx_word' id='word_1_451' title='bbox 3392 3766 3488 3823; x_wconf 90' lang='lat' dir='ltr'><strong>Dei</strong></span> 
     </span>
    </p>
   </div>
   <div class='ocr_carea' id='block_1_64' title="bbox 198 3860 351 3921">
    <p class='ocr_par' dir='ltr' id='par_1_64' title="bbox 198 3860 351 3921">
     <span class='ocr_line' id='line_1_64' title="bbox 198 3860 351 3921; baseline -0.033 0"><span class='ocrx_word' id='word_1_452' title='bbox 198 3860 351 3921; x_wconf 70' lang='lat' dir='ltr'><strong>Filio</strong></span> 
     </span>
    </p>
   </div>
   <div class='ocr_carea' id='block_1_65' title="bbox 279 3946 1810 4024">
    <p class='ocr_par' dir='ltr' id='par_1_65' title="bbox 279 3948 1788 4021">
     <span class='ocr_line' id='line_1_65' title="bbox 279 3948 1788 4021; baseline 0 -16"><span class='ocrx_word' id='word_1_453' title='bbox 279 3952 337 4005; x_wconf 76' lang='grc'><strong>1.</strong></span> <span class='ocrx_word' id='word_1_454' title='bbox 379 3950 552 4015; x_wconf 83' lang='grc' dir='ltr'>Ἐλθέ,</span> <span class='ocrx_word' id='word_1_455' title='bbox 580 3948 783 4016; x_wconf 87' lang='grc' dir='ltr'><strong>ὁΘεὸς,</strong></span> <span class='ocrx_word' id='word_1_456' title='bbox 808 3950 890 4014; x_wconf 85' lang='grc' dir='ltr'><strong>είς</strong></span> <span class='ocrx_word' id='word_1_457' title='bbox 921 3949 1169 4021; x_wconf 86' lang='grc' dir='ltr'>βοήθειάν</span> <span class='ocrx_word' id='word_1_458' title='bbox 1206 3968 1331 4021; x_wconf 89' lang='grc' dir='ltr'>μου,</span> <span class='ocrx_word' id='word_1_459' title='bbox 1382 3951 1467 4004; x_wconf 83' lang='grc' dir='ltr'><strong>ὅτι</strong></span> <span class='ocrx_word' id='word_1_460' title='bbox 1504 3953 1558 4005; x_wconf 75' lang='grc' dir='ltr'><strong>αἱ</strong></span> <span class='ocrx_word' id='word_1_461' title='bbox 1601 3952 1788 4005; x_wconf 82' lang='grc' dir='ltr'>ἐπιθυ-</span> 
     </span>
    </p>
   </div>
   <div class='ocr_carea' id='block_1_66' title="bbox 1948 3946 3479 4024">
    <p class='ocr_par' dir='ltr' id='par_1_66' title="bbox 1970 3946 3479 4024">
     <span class='ocr_line' id='line_1_66' title="bbox 1970 3946 3479 4024; baseline 0.002 -19"><span class='ocrx_word' id='word_1_462' title='bbox 1970 3952 2020 4005; x_wconf 85' lang='lat' dir='ltr'><strong>l.</strong></span> <span class='ocrx_word' id='word_1_463' title='bbox 2053 3946 2211 4016; x_wconf 78' lang='lat' dir='ltr'><strong>Veni,</strong></span> <span class='ocrx_word' id='word_1_464' title='bbox 2248 3950 2409 4015; x_wconf 90' lang='lat' dir='ltr'><strong>Deus,</strong></span> <span class='ocrx_word' id='word_1_465' title='bbox 2466 3952 2521 4005; x_wconf 93' lang='lat' dir='ltr'><strong>in</strong></span> <span class='ocrx_word' id='word_1_466' title='bbox 2548 3952 2912 4021; x_wconf 45' lang='lat' dir='ltr'><strong>jadjutorium</strong></span> <span class='ocrx_word' id='word_1_467' title='bbox 2962 3968 3167 4017; x_wconf 88' lang='lat' dir='ltr'><strong>meum,</strong></span> <span class='ocrx_word' id='word_1_468' title='bbox 3215 3954 3479 4024; x_wconf 90' lang='lat' dir='ltr'><strong>quoniam</strong></span> 
     </span>
    </p>
   </div>
   <div class='ocr_carea' id='block_1_67' title="bbox 207 4043 1738 4117">
    <p class='ocr_par' dir='ltr' id='par_1_67' title="bbox 207 4043 1127 4117">
     <span class='ocr_line' id='line_1_67' title="bbox 207 4043 1127 4117; baseline -0.002 -18"><span class='ocrx_word' id='word_1_469' title='bbox 207 4046 335 4117; x_wconf 86' lang='grc' dir='ltr'>μίαι</span> <span class='ocrx_word' id='word_1_470' title='bbox 358 4043 454 4097; x_wconf 85' lang='grc' dir='ltr'><strong>τοῦ</strong></span> <span class='ocrx_word' id='word_1_471' title='bbox 488 4044 696 4114; x_wconf 86' lang='grc' dir='ltr'>κόσμου</span> <span class='ocrx_word' id='word_1_472' title='bbox 727 4043 1013 4113; x_wconf 83' lang='grc' dir='ltr'>κατέχουσί</span> <span class='ocrx_word' id='word_1_473' title='bbox 1041 4061 1127 4114; x_wconf 90' lang='grc' dir='ltr'>με.</span> 
     </span>
    </p>
   </div>
   <div class='ocr_carea' id='block_1_68' title="bbox 1330 4043 2861 4117">
    <p class='ocr_par' dir='ltr' id='par_1_68' title="bbox 1898 4043 2861 4113">
     <span class='ocr_line' id='line_1_68' title="bbox 1898 4043 2861 4113; baseline -0.001 -15"><span class='ocrx_word' id='word_1_474' title='bbox 1898 4043 2229 4113; x_wconf 86' lang='lat' dir='ltr'><strong>cupiditates</strong></span> <span class='ocrx_word' id='word_1_475' title='bbox 2258 4043 2445 4097; x_wconf 91' lang='lat' dir='ltr'><strong>mundi</strong></span> <span class='ocrx_word' id='word_1_476' title='bbox 2481 4044 2724 4098; x_wconf 90' lang='lat' dir='ltr'><strong>detinent</strong></span> <span class='ocrx_word' id='word_1_477' title='bbox 2755 4060 2861 4098; x_wconf 88' lang='lat' dir='ltr'><strong>me.</strong></span> 
     </span>
    </p>
   </div>
   <div class='ocr_carea' id='block_1_69' title="bbox 276 4135 1807 4209">
    <p class='ocr_par' dir='ltr' id='par_1_69' title="bbox 276 4136 1791 4209">
     <span class='ocr_line' id='line_1_69' title="bbox 276 4136 1791 4209; baseline -0.003 -16"><span class='ocrx_word' id='word_1_478' title='bbox 276 4140 335 4193; x_wconf 74' lang='grc'><strong>2.</strong></span> <span class='ocrx_word' id='word_1_479' title='bbox 376 4136 722 4208; x_wconf 87' lang='grc' dir='ltr'>Δεδούλωμαι</span> <span class='ocrx_word' id='word_1_480' title='bbox 752 4138 818 4208; x_wconf 80' lang='grc' dir='ltr'>τῇ</span> <span class='ocrx_word' id='word_1_481' title='bbox 854 4137 1121 4208; x_wconf 74' lang='grc' dir='ltr'>ἁμαρτίᾳ,</span> <span class='ocrx_word' id='word_1_482' title='bbox 1161 4137 1255 4189; x_wconf 79' lang='grc' dir='ltr'><strong>καὶ</strong></span> <span class='ocrx_word' id='word_1_483' title='bbox 1297 4136 1405 4197; x_wconf 74' lang='grc' dir='ltr'><strong>οὐκ</strong></span> <span class='ocrx_word' id='word_1_484' title='bbox 1441 4136 1608 4209; x_wconf 78' lang='grc' dir='ltr'>ἰσχύω</span> <span class='ocrx_word' id='word_1_485' title='bbox 1654 4137 1791 4191; x_wconf 84' lang='grc' dir='ltr'>ἀπο-</span> 
     </span>
    </p>
   </div>
   <div class='ocr_carea' id='block_1_70' title="bbox 1950 4135 3481 4209">
    <p class='ocr_par' dir='ltr' id='par_1_70' title="bbox 1967 4135 3481 4209">
     <span class='ocr_line' id='line_1_70' title="bbox 1967 4135 3481 4209; baseline 0.003 -19"><span class='ocrx_word' id='word_1_486' title='bbox 1967 4139 2021 4190; x_wconf 78' lang='grc'><strong>2.</strong></span> <span class='ocrx_word' id='word_1_487' title='bbox 2058 4135 2115 4189; x_wconf 85' lang='lat' dir='ltr'><strong>In</strong></span> <span class='ocrx_word' id='word_1_488' title='bbox 2152 4137 2468 4191; x_wconf 81' lang='lat' dir='ltr'><strong>servitutem</strong></span> <span class='ocrx_word' id='word_1_489' title='bbox 2498 4139 2752 4193; x_wconf 85' lang='lat' dir='ltr'><strong>redactus</strong></span> <span class='ocrx_word' id='word_1_490' title='bbox 2780 4152 2900 4194; x_wconf 87' lang='lat' dir='ltr'><strong>sum</strong></span> <span class='ocrx_word' id='word_1_491' title='bbox 2938 4155 2967 4193; x_wconf 91' lang='lat' dir='ltr'><strong>a</strong></span> <span class='ocrx_word' id='word_1_492' title='bbox 3010 4150 3232 4209; x_wconf 88' lang='lat' dir='ltr'><strong>peccato</strong></span> <span class='ocrx_word' id='word_1_493' title='bbox 3254 4179 3269 4205; x_wconf 93' lang='lat'><strong>,</strong></span> <span class='ocrx_word' id='word_1_494' title='bbox 3300 4147 3355 4195; x_wconf 91' lang='lat' dir='ltr'><strong>et</strong></span> <span class='ocrx_word' id='word_1_495' title='bbox 3380 4156 3481 4195; x_wconf 84' lang='lat' dir='ltr'><strong>ne-</strong></span> 
     </span>
    </p>
   </div>
   <div class='ocr_carea' id='block_1_71' title="bbox 204 4228 1735 4301">
    <p class='ocr_par' dir='ltr' id='par_1_71' title="bbox 204 4230 423 4301">
     <span class='ocr_line' id='line_1_71' title="bbox 204 4230 423 4301; baseline -0.005 -17"><span class='ocrx_word' id='word_1_496' title='bbox 204 4230 423 4301; x_wconf 83' lang='grc' dir='ltr'>στῆναι.</span> 
     </span>
    </p>
   </div>
   <div class='ocr_carea' id='block_1_72' title="bbox 813 4228 2344 4301">
    <p class='ocr_par' dir='ltr' id='par_1_72' title="bbox 1894 4228 2344 4298">
     <span class='ocr_line' id='line_1_72' title="bbox 1894 4228 2344 4298; baseline 0 -17"><span class='ocrx_word' id='word_1_497' title='bbox 1894 4243 2037 4298; x_wconf 90' lang='lat' dir='ltr'><strong>queo</strong></span> <span class='ocrx_word' id='word_1_498' title='bbox 2060 4228 2344 4283; x_wconf 81' lang='lat' dir='ltr'><strong>absistere.</strong></span> 
     </span>
    </p>
   </div>
   <div class='ocr_carea' id='block_1_73' title="bbox 272 4316 1803 4392">
    <p class='ocr_par' dir='ltr' id='par_1_73' title="bbox 272 4316 1791 4392">
     <span class='ocr_line' id='line_1_73' title="bbox 272 4316 1791 4392; baseline -0.003 -16"><span class='ocrx_word' id='word_1_499' title='bbox 272 4322 332 4376; x_wconf 79' lang='grc'><strong>5.</strong></span> <span class='ocrx_word' id='word_1_500' title='bbox 358 4316 562 4374; x_wconf 76' lang='grc' dir='ltr'><strong>τΗλθον</strong></span> <span class='ocrx_word' id='word_1_501' title='bbox 590 4321 670 4384; x_wconf 87' lang='grc' dir='ltr'>είς</span> <span class='ocrx_word' id='word_1_502' title='bbox 699 4319 801 4383; x_wconf 84' lang='grc' dir='ltr'>τὰς</span> <span class='ocrx_word' id='word_1_503' title='bbox 848 4318 1044 4392; x_wconf 76' lang='grc' dir='ltr'>ἡδονὰς</span> <span class='ocrx_word' id='word_1_504' title='bbox 1093 4319 1189 4372; x_wconf 73' lang='grc' dir='ltr'><strong>καὶ</strong></span> <span class='ocrx_word' id='word_1_505' title='bbox 1220 4318 1319 4382; x_wconf 69' lang='grc' dir='ltr'><strong>τὰς</strong></span> <span class='ocrx_word' id='word_1_506' title='bbox 1367 4318 1661 4389; x_wconf 75' lang='grc' dir='ltr'>ἐπιθυμίας</span> <span class='ocrx_word' id='word_1_507' title='bbox 1696 4318 1791 4372; x_wconf 86' lang='grc' dir='ltr'><strong>τοῦ</strong></span> 
     </span>
    </p>
   </div>
   <div class='ocr_carea' id='block_1_74' title="bbox 1952 4316 3483 4392">
    <p class='ocr_par' dir='ltr' id='par_1_74' title="bbox 1967 4316 3483 4389">
     <span class='ocr_line' id='line_1_74' title="bbox 1967 4316 3483 4389; baseline 0.003 -14"><span class='ocrx_word' id='word_1_508' title='bbox 1967 4322 2017 4375; x_wconf 78' lang='grc'><strong>5.</strong></span> <span class='ocrx_word' id='word_1_509' title='bbox 2060 4320 2195 4375; x_wconf 83' lang='lat' dir='ltr'><strong>Veni</strong></span> <span class='ocrx_word' id='word_1_510' title='bbox 2233 4321 2288 4374; x_wconf 91' lang='lat' dir='ltr'><strong>in</strong></span> <span class='ocrx_word' id='word_1_511' title='bbox 2318 4323 2666 4389; x_wconf 77' lang='lat' dir='ltr'><strong>voluptates,</strong></span> <span class='ocrx_word' id='word_1_512' title='bbox 2711 4324 2766 4370; x_wconf 91' lang='lat' dir='ltr'><strong>et</strong></span> <span class='ocrx_word' id='word_1_513' title='bbox 2808 4316 3287 4387; x_wconf 83' lang='lat' dir='ltr'><strong>concupiscentias</strong></span> <span class='ocrx_word' id='word_1_514' title='bbox 3326 4338 3483 4380; x_wconf 59' lang='lat' dir='ltr'><strong>mun.</strong></span> 
     </span>
    </p>
   </div>
   <div class='ocr_carea' id='block_1_75' title="bbox 200 4409 1731 4484">
    <p class='ocr_par' dir='ltr' id='par_1_75' title="bbox 200 4409 1577 4484">
     <span class='ocr_line' id='line_1_75' title="bbox 200 4409 1577 4484; baseline -0.002 -16"><span class='ocrx_word' id='word_1_515' title='bbox 200 4415 439 4483; x_wconf 77' lang='grc' dir='ltr'>κόσμου,</span> <span class='ocrx_word' id='word_1_516' title='bbox 473 4412 568 4465; x_wconf 73' lang='grc' dir='ltr'><strong>καὶ</strong></span> <span class='ocrx_word' id='word_1_517' title='bbox 606 4414 640 4482; x_wconf 82' lang='grc' dir='ltr'>ἡ</span> <span class='ocrx_word' id='word_1_518' title='bbox 678 4409 923 4483; x_wconf 84' lang='grc' dir='ltr'>ἁμαρτία</span> <span class='ocrx_word' id='word_1_519' title='bbox 951 4411 1347 4484; x_wconf 79' lang='grc' dir='ltr'>κατεκυρίευσέ</span> <span class='ocrx_word' id='word_1_520' title='bbox 1380 4428 1446 4481; x_wconf 91' lang='grc' dir='ltr'><strong>με</strong></span> <span class='ocrx_word' id='word_1_521' title='bbox 1480 4412 1577 4480; x_wconf 76' lang='grc'><strong>(5).</strong></span> 
     </span>
    </p>
   </div>
   <div class='ocr_carea' id='block_1_76' title="bbox 1558 4409 3089 4484">
    <p class='ocr_par' dir='ltr' id='par_1_76' title="bbox 1565 4410 3089 4483">
     <span class='ocr_line' id='line_1_76' title="bbox 1565 4410 3089 4483; baseline -0.003 -13"><span class='ocrx_word' id='word_1_522' title='bbox 1565 4452 1577 4465; x_wconf 86' lang='grc'><strong>.</strong></span> <span class='ocrx_word' id='word_1_523' title='bbox 1894 4415 1980 4481; x_wconf 91' lang='lat' dir='ltr'><strong>di,</strong></span> <span class='ocrx_word' id='word_1_524' title='bbox 2018 4426 2071 4469; x_wconf 86' lang='lat' dir='ltr'><strong>et</strong></span> <span class='ocrx_word' id='word_1_525' title='bbox 2095 4422 2379 4483; x_wconf 86' lang='lat' dir='ltr'><strong>peccatum</strong></span> <span class='ocrx_word' id='word_1_526' title='bbox 2410 4411 2753 4466; x_wconf 86' lang='lat' dir='ltr'><strong>dominatum</strong></span> <span class='ocrx_word' id='word_1_527' title='bbox 2787 4418 2870 4463; x_wconf 86' lang='lat' dir='ltr'><strong>est</strong></span> <span class='ocrx_word' id='word_1_528' title='bbox 2901 4410 2955 4463; x_wconf 93' lang='lat' dir='ltr'><strong>in</strong></span> <span class='ocrx_word' id='word_1_529' title='bbox 2985 4426 3089 4466; x_wconf 91' lang='lat' dir='ltr'><strong>me.</strong></span> 
     </span>
    </p>
   </div>
   <div class='ocr_carea' id='block_1_77' title="bbox 274 4500 1805 4574">
    <p class='ocr_par' dir='ltr' id='par_1_77' title="bbox 274 4500 1789 4573">
     <span class='ocr_line' id='line_1_77' title="bbox 274 4500 1789 4573; baseline -0.003 -14"><span class='ocrx_word' id='word_1_530' title='bbox 274 4506 331 4560; x_wconf 69' lang='grc'><strong>4.</strong></span> <span class='ocrx_word' id='word_1_531' title='bbox 360 4506 455 4568; x_wconf 77' lang='grc' dir='ltr'><strong>Εἰς</strong></span> <span class='ocrx_word' id='word_1_532' title='bbox 485 4505 797 4572; x_wconf 80' lang='grc' dir='ltr'>ἀπόγνωσιν</span> <span class='ocrx_word' id='word_1_533' title='bbox 816 4502 1000 4556; x_wconf 81' lang='grc' dir='ltr'>λοιπὸν</span> <span class='ocrx_word' id='word_1_534' title='bbox 1037 4502 1113 4573; x_wconf 68' lang='grc'><strong>(4)</strong></span> <span class='ocrx_word' id='word_1_535' title='bbox 1141 4502 1250 4555; x_wconf 79' lang='grc' dir='ltr'><strong>ἀπὸ</strong></span> <span class='ocrx_word' id='word_1_536' title='bbox 1275 4501 1369 4569; x_wconf 84' lang='grc' dir='ltr'><strong>τοῦ</strong></span> <span class='ocrx_word' id='word_1_537' title='bbox 1400 4500 1475 4573; x_wconf 82' lang='grc' dir='ltr'><strong>μὴ</strong></span> <span class='ocrx_word' id='word_1_538' title='bbox 1508 4500 1789 4555; x_wconf 74' lang='grc' dir='ltr'>εἰσακούε-</span> 
     </span>
    </p>
   </div>
   <div class='ocr_carea' id='block_1_78' title="bbox 1950 4500 3481 4574">
    <p class='ocr_par' dir='ltr' id='par_1_78' title="bbox 1972 4502 3481 4574">
     <span class='ocr_line' id='line_1_78' title="bbox 1972 4502 3481 4574; baseline -0.005 -16"><span class='ocrx_word' id='word_1_539' title='bbox 1972 4506 2027 4562; x_wconf 76' lang='grc'><strong>4.</strong></span> <span class='ocrx_word' id='word_1_540' title='bbox 2065 4503 2294 4559; x_wconf 90' lang='lat' dir='ltr'><strong>Demum</strong></span> <span class='ocrx_word' id='word_1_541' title='bbox 2336 4504 2389 4557; x_wconf 86' lang='lat' dir='ltr'><strong>in</strong></span> <span class='ocrx_word' id='word_1_542' title='bbox 2422 4502 2859 4572; x_wconf 88' lang='lat' dir='ltr'><strong>desperationem</strong></span> <span class='ocrx_word' id='word_1_543' title='bbox 2897 4502 3055 4568; x_wconf 79' lang='lat' dir='ltr'><strong>veni,</strong></span> <span class='ocrx_word' id='word_1_544' title='bbox 3089 4518 3154 4557; x_wconf 91' lang='lat' dir='ltr'><strong>eo</strong></span> <span class='ocrx_word' id='word_1_545' title='bbox 3188 4506 3335 4574; x_wconf 91' lang='lat' dir='ltr'><strong>quod</strong></span> <span class='ocrx_word' id='word_1_546' title='bbox 3360 4522 3481 4562; x_wconf 83' lang='lat' dir='ltr'><strong>ora.</strong></span> 
     </span>
    </p>
   </div>
   <div class='ocr_carea' id='block_1_79' title="bbox 204 4594 1735 4667">
    <p class='ocr_par' dir='ltr' id='par_1_79' title="bbox 204 4594 835 4667">
     <span class='ocr_line' id='line_1_79' title="bbox 204 4594 835 4667; baseline -0.003 -16"><span class='ocrx_word' id='word_1_547' title='bbox 204 4598 336 4651; x_wconf 88' lang='grc' dir='ltr'>σθαι</span> <span class='ocrx_word' id='word_1_548' title='bbox 368 4594 466 4667; x_wconf 78' lang='grc' dir='ltr'><strong>τὴν</strong></span> <span class='ocrx_word' id='word_1_549' title='bbox 491 4595 676 4667; x_wconf 81' lang='grc' dir='ltr'>δέησίν</span> <span class='ocrx_word' id='word_1_550' title='bbox 712 4612 835 4665; x_wconf 90' lang='grc' dir='ltr'>μου.</span> 
     </span>
    </p>
   </div>
   <div class='ocr_carea' id='block_1_80' title="bbox 1131 4594 2662 4667">
    <p class='ocr_par' dir='ltr' id='par_1_80' title="bbox 1894 4594 2662 4653">
     <span class='ocr_line' id='line_1_80' title="bbox 1894 4594 2662 4653; baseline -0.004 -1"><span class='ocrx_word' id='word_1_551' title='bbox 1894 4598 1971 4653; x_wconf 92' lang='lat' dir='ltr'><strong>tio</strong></span> <span class='ocrx_word' id='word_1_552' title='bbox 2007 4611 2125 4651; x_wconf 89' lang='lat' dir='ltr'><strong>mea</strong></span> <span class='ocrx_word' id='word_1_553' title='bbox 2155 4612 2262 4650; x_wconf 94' lang='lat' dir='ltr'><strong>non</strong></span> <span class='ocrx_word' id='word_1_554' title='bbox 2291 4594 2662 4649; x_wconf 78' lang='lat' dir='ltr'><strong>exaudiretur.</strong></span> 
     </span>
    </p>
   </div>
   <div class='ocr_carea' id='block_1_81' title="bbox 278 4685 1809 4760">
    <p class='ocr_par' dir='ltr' id='par_1_81' title="bbox 278 4685 1793 4760">
     <span class='ocr_line' id='line_1_81' title="bbox 278 4685 1793 4760; baseline -0.005 -14"><span class='ocrx_word' id='word_1_555' title='bbox 278 4690 335 4746; x_wconf 79' lang='lat'><strong>3.</strong></span> <span class='ocrx_word' id='word_1_556' title='bbox 377 4690 509 4742; x_wconf 84' lang='grc' dir='ltr'><strong>Ἀπὸ</strong></span> <span class='ocrx_word' id='word_1_557' title='bbox 536 4687 631 4741; x_wconf 89' lang='grc' dir='ltr'><strong>τοῦ</strong></span> <span class='ocrx_word' id='word_1_558' title='bbox 681 4687 929 4742; x_wconf 88' lang='grc' dir='ltr'>δακεύειν</span> <span class='ocrx_word' id='word_1_559' title='bbox 970 4686 1047 4758; x_wconf 85' lang='grc'><strong>(5)</strong></span> <span class='ocrx_word' id='word_1_560' title='bbox 1081 4704 1171 4759; x_wconf 92' lang='grc' dir='ltr'><strong>με,</strong></span> <span class='ocrx_word' id='word_1_561' title='bbox 1220 4688 1314 4742; x_wconf 74' lang='grc' dir='ltr'><strong>καὶ</strong></span> <span class='ocrx_word' id='word_1_562' title='bbox 1362 4688 1679 4760; x_wconf 81' lang='grc' dir='ltr'>περιμένειν</span> <span class='ocrx_word' id='word_1_563' title='bbox 1733 4685 1793 4740; x_wconf 89' lang='grc' dir='ltr'><strong>τὸ</strong></span> 
     </span>
    </p>
   </div>
   <div class='ocr_carea' id='block_1_82' title="bbox 1949 4685 3480 4760">
    <p class='ocr_par' dir='ltr' id='par_1_82' title="bbox 1962 4685 3480 4756">
     <span class='ocr_line' id='line_1_82' title="bbox 1962 4685 3480 4756; baseline 0.003 -15"><span class='ocrx_word' id='word_1_564' title='bbox 1962 4688 2015 4742; x_wconf 87' lang='lat'><strong>5.</strong></span> <span class='ocrx_word' id='word_1_565' title='bbox 2052 4685 2191 4747; x_wconf 90' lang='lat' dir='ltr'><strong>Dum</strong></span> <span class='ocrx_word' id='word_1_566' title='bbox 2238 4688 2463 4753; x_wconf 81' lang='lat' dir='ltr'><strong>aerem,</strong></span> <span class='ocrx_word' id='word_1_567' title='bbox 2507 4696 2563 4741; x_wconf 92' lang='lat' dir='ltr'><strong>et</strong></span> <span class='ocrx_word' id='word_1_568' title='bbox 2614 4695 2988 4756; x_wconf 76' lang='lat' dir='ltr'><strong>exspectarem</strong></span> <span class='ocrx_word' id='word_1_569' title='bbox 3048 4687 3480 4745; x_wconf 88' lang='lat' dir='ltr'><strong>misericordiam</strong></span> 
     </span>
    </p>
   </div>
   <div class='ocr_carea' id='block_1_83' title="bbox 201 4765 1732 4849">
    <p class='ocr_par' dir='ltr' id='par_1_83' title="bbox 201 4777 795 4849">
     <span class='ocr_line' id='line_1_83' title="bbox 201 4777 795 4849; baseline -0.01 -13"><span class='ocrx_word' id='word_1_570' title='bbox 201 4781 353 4844; x_wconf 79' lang='grc' dir='ltr'>ελεος</span> <span class='ocrx_word' id='word_1_571' title='bbox 381 4780 474 4833; x_wconf 89' lang='grc' dir='ltr'><strong>τοῦ</strong></span> <span class='ocrx_word' id='word_1_572' title='bbox 508 4777 645 4832; x_wconf 86' lang='grc' dir='ltr'>Θεοῦ</span> <span class='ocrx_word' id='word_1_573' title='bbox 673 4795 795 4849; x_wconf 77' lang='grc' dir='ltr'>μου.</span> 
     </span>
    </p>
   </div>
   <div class='ocr_carea' id='block_1_84' title="bbox 893 4765 2424 4849">
    <p class='ocr_par' dir='ltr' id='par_1_84' title="bbox 1892 4765 2393 4835">
     <span class='ocr_line' id='line_1_84' title="bbox 1892 4765 2393 4835; baseline -0.002 0"><span class='ocrx_word' id='word_1_574' title='bbox 1892 4779 1987 4835; x_wconf 84' lang='lat' dir='ltr'><strong>Dei</strong></span> <span class='ocrx_word' id='word_1_575' title='bbox 2019 4780 2147 4835; x_wconf 92' lang='lat' dir='ltr'><strong>mei.</strong></span> <span class='ocrx_word' id='word_1_576' title='bbox 2351 4765 2393 4773; x_wconf 58' lang='grc'>”</span> 
     </span>
    </p>
   </div>
   <div class='ocr_carea' id='block_1_85' title="bbox 274 4870 1805 4945">
    <p class='ocr_par' dir='ltr' id='par_1_85' title="bbox 274 4870 1786 4945">
     <span class='ocr_line' id='line_1_85' title="bbox 274 4870 1786 4945; baseline 0.001 -17"><span class='ocrx_word' id='word_1_577' title='bbox 274 4872 329 4930; x_wconf 89' lang='grc'><strong>6.</strong></span> <span class='ocrx_word' id='word_1_578' title='bbox 356 4871 550 4927; x_wconf 90' lang='grc' dir='ltr'>Πολλοί</span> <span class='ocrx_word' id='word_1_579' title='bbox 576 4875 715 4926; x_wconf 73' lang='grc' dir='ltr'>εἰσιν</span> <span class='ocrx_word' id='word_1_580' title='bbox 736 4873 784 4924; x_wconf 87' lang='lat' dir='ltr'><strong>oi</strong></span> <span class='ocrx_word' id='word_1_581' title='bbox 816 4870 1072 4943; x_wconf 76' lang='grc' dir='ltr'>δαίμονες</span> <span class='ocrx_word' id='word_1_582' title='bbox 1094 4872 1143 4924; x_wconf 81' lang='lat' dir='ltr'><strong>oi</strong></span> <span class='ocrx_word' id='word_1_583' title='bbox 1173 4872 1537 4943; x_wconf 80' lang='grc' dir='ltr'>ἀντικείμενοί</span> <span class='ocrx_word' id='word_1_584' title='bbox 1566 4890 1654 4942; x_wconf 92' lang='grc' dir='ltr'><strong>μοι</strong></span> <span class='ocrx_word' id='word_1_585' title='bbox 1690 4874 1786 4945; x_wconf 87' lang='grc'><strong>(6).</strong></span> 
     </span>
    </p>
   </div>
   <div class='ocr_carea' id='block_1_86' title="bbox 1877 4870 3408 4945">
    <p class='ocr_par' dir='ltr' id='par_1_86' title="bbox 1961 4871 3408 4942">
     <span class='ocr_line' id='line_1_86' title="bbox 1961 4871 3408 4942; baseline 0.003 -16"><span class='ocrx_word' id='word_1_586' title='bbox 1961 4872 2015 4926; x_wconf 88' lang='grc'><strong>6.</strong></span> <span class='ocrx_word' id='word_1_587' title='bbox 2052 4871 2202 4926; x_wconf 89' lang='lat' dir='ltr'><strong>Multi</strong></span> <span class='ocrx_word' id='word_1_588' title='bbox 2242 4880 2371 4926; x_wconf 87' lang='lat' dir='ltr'><strong>sunt</strong></span> <span class='ocrx_word' id='word_1_589' title='bbox 2398 4871 2700 4937; x_wconf 61' lang='lat' dir='ltr'><strong>damones,</strong></span> <span class='ocrx_word' id='word_1_590' title='bbox 2730 4873 2821 4942; x_wconf 88' lang='lat' dir='ltr'><strong>qui</strong></span> <span class='ocrx_word' id='word_1_591' title='bbox 2856 4873 2991 4927; x_wconf 84' lang='lat' dir='ltr'><strong>mihi</strong></span> <span class='ocrx_word' id='word_1_592' title='bbox 3028 4875 3408 4931; x_wconf 86' lang='lat' dir='ltr'><strong>adversantur.</strong></span> 
     </span>
    </p>
   </div>
   <div class='ocr_carea' id='block_1_87' title="bbox 275 4963 1806 5038">
    <p class='ocr_par' dir='ltr' id='par_1_87' title="bbox 275 4963 1644 5038">
     <span class='ocr_line' id='line_1_87' title="bbox 275 4963 1644 5038; baseline 0 -19"><span class='ocrx_word' id='word_1_593' title='bbox 275 4966 333 5021; x_wconf 93' lang='lat'><strong>7.</strong></span> <span class='ocrx_word' id='word_1_594' title='bbox 368 4967 504 5038; x_wconf 76' lang='grc' dir='ltr'>Περὶ</span> <span class='ocrx_word' id='word_1_595' title='bbox 528 4965 637 5019; x_wconf 83' lang='grc' dir='ltr'>τῶν</span> <span class='ocrx_word' id='word_1_596' title='bbox 661 4963 840 5019; x_wconf 80' lang='grc' dir='ltr'>αὐτῶν</span> <span class='ocrx_word' id='word_1_597' title='bbox 871 4964 1133 5018; x_wconf 79' lang='grc' dir='ltr'>ἐναντίων</span> <span class='ocrx_word' id='word_1_598' title='bbox 1156 4964 1440 5035; x_wconf 84' lang='grc' dir='ltr'>δυνάμεων</span> <span class='ocrx_word' id='word_1_599' title='bbox 1475 4965 1644 5034; x_wconf 81' lang='grc' dir='ltr'><strong>λέγει.</strong></span> 
     </span>
    </p>
   </div>
   <div class='ocr_carea' id='block_1_88' title="bbox 1803 4963 3334 5038">
    <p class='ocr_par' dir='ltr' id='par_1_88' title="bbox 1965 4963 3334 5035">
     <span class='ocr_line' id='line_1_88' title="bbox 1965 4963 3334 5035; baseline 0.007 -18"><span class='ocrx_word' id='word_1_600' title='bbox 1965 4965 2016 5019; x_wconf 90' lang='grc'><strong>7.</strong></span> <span class='ocrx_word' id='word_1_601' title='bbox 2053 4963 2131 5019; x_wconf 88' lang='lat' dir='ltr'><strong>De</strong></span> <span class='ocrx_word' id='word_1_602' title='bbox 2165 4965 2299 5034; x_wconf 84' lang='lat' dir='ltr'><strong>ipsis</strong></span> <span class='ocrx_word' id='word_1_603' title='bbox 2330 4964 2664 5020; x_wconf 89' lang='lat' dir='ltr'><strong>adversariis</strong></span> <span class='ocrx_word' id='word_1_604' title='bbox 2688 4967 3052 5035; x_wconf 83' lang='lat' dir='ltr'><strong>potestatibus</strong></span> <span class='ocrx_word' id='word_1_605' title='bbox 3075 4969 3334 5027; x_wconf 86' lang='lat' dir='ltr'><strong>loauitur.</strong></span> 
     </span>
    </p>
   </div>
   <div class='ocr_carea' id='block_1_89' title="bbox 275 5054 1806 5131">
    <p class='ocr_par' dir='ltr' id='par_1_89' title="bbox 275 5054 1252 5131">
     <span class='ocr_line' id='line_1_89' title="bbox 275 5054 1252 5131; baseline -0.004 -18"><span class='ocrx_word' id='word_1_606' title='bbox 275 5057 332 5113; x_wconf 89' lang='lat'><strong>8.</strong></span> <span class='ocrx_word' id='word_1_607' title='bbox 360 5059 439 5131; x_wconf 50' lang='grc' dir='ltr'><strong>ῘΑ</strong></span> <span class='ocrx_word' id='word_1_608' title='bbox 473 5058 719 5129; x_wconf 85' lang='grc' dir='ltr'>ἐμίσουν,</span> <span class='ocrx_word' id='word_1_609' title='bbox 748 5056 923 5109; x_wconf 83' lang='grc' dir='ltr'>ταῦτα</span> <span class='ocrx_word' id='word_1_610' title='bbox 962 5054 1252 5127; x_wconf 82' lang='grc' dir='ltr'>ἔπραττον.</span> 
     </span>
    </p>
   </div>
   <div class='ocr_carea' id='block_1_90' title="bbox 1395 5054 2926 5131">
    <p class='ocr_par' dir='ltr' id='par_1_90' title="bbox 1961 5056 2926 5121">
     <span class='ocr_line' id='line_1_90' title="bbox 1961 5056 2926 5121; baseline -0.001 -10"><span class='ocrx_word' id='word_1_611' title='bbox 1961 5057 2014 5111; x_wconf 88' lang='grc'><strong>8.</strong></span> <span class='ocrx_word' id='word_1_612' title='bbox 2047 5056 2178 5121; x_wconf 63' lang='lat' dir='ltr'><strong>Quae</strong></span> <span class='ocrx_word' id='word_1_613' title='bbox 2206 5057 2454 5119; x_wconf 88' lang='lat' dir='ltr'><strong>oderam,</strong></span> <span class='ocrx_word' id='word_1_614' title='bbox 2491 5056 2607 5110; x_wconf 76' lang='lat' dir='ltr'><strong>haec</strong></span> <span class='ocrx_word' id='word_1_615' title='bbox 2637 5056 2926 5111; x_wconf 82' lang='lat' dir='ltr'><strong>faciebam.</strong></span> 
     </span>
    </p>
   </div>
   <div class='ocr_carea' id='block_1_91' title="bbox 272 5144 1803 5221">
    <p class='ocr_par' dir='ltr' id='par_1_91' title="bbox 272 5144 1464 5221">
     <span class='ocr_line' id='line_1_91' title="bbox 272 5144 1464 5221; baseline -0.003 -13"><span class='ocrx_word' id='word_1_616' title='bbox 272 5150 333 5209; x_wconf 86' lang='lat'><strong>9.</strong></span> <span class='ocrx_word' id='word_1_617' title='bbox 374 5150 435 5203; x_wconf 88' lang='grc' dir='ltr'><strong>Ὀ</strong></span> <span class='ocrx_word' id='word_1_618' title='bbox 463 5149 619 5215; x_wconf 72' lang='grc' dir='ltr'><strong>Θεὸς,</strong></span> <span class='ocrx_word' id='word_1_619' title='bbox 654 5150 719 5203; x_wconf 79' lang='grc' dir='ltr'><strong>σὺ</strong></span> <span class='ocrx_word' id='word_1_620' title='bbox 743 5144 891 5212; x_wconf 75' lang='grc' dir='ltr'>οἶδας</span> <span class='ocrx_word' id='word_1_621' title='bbox 910 5148 1008 5219; x_wconf 85' lang='grc' dir='ltr'><strong>τὴν</strong></span> <span class='ocrx_word' id='word_1_622' title='bbox 1033 5148 1308 5221; x_wconf 85' lang='grc' dir='ltr'>ἁμαρτίαν</span> <span class='ocrx_word' id='word_1_623' title='bbox 1341 5168 1464 5220; x_wconf 92' lang='grc' dir='ltr'>μου.</span> 
     </span>
    </p>
   </div>
   <div class='ocr_carea' id='block_1_92' title="bbox 1476 5144 3007 5221">
    <p class='ocr_par' dir='ltr' id='par_1_92' title="bbox 1963 5147 3007 5217">
     <span class='ocr_line' id='line_1_92' title="bbox 1963 5147 3007 5217; baseline 0.001 -15"><span class='ocrx_word' id='word_1_624' title='bbox 1963 5148 2016 5202; x_wconf 91' lang='grc'><strong>9.</strong></span> <span class='ocrx_word' id='word_1_625' title='bbox 2054 5147 2219 5211; x_wconf 88' lang='lat' dir='ltr'><strong>Deus,</strong></span> <span class='ocrx_word' id='word_1_626' title='bbox 2244 5157 2301 5202; x_wconf 78' lang='lat' dir='ltr'><strong>tu</strong></span> <span class='ocrx_word' id='word_1_627' title='bbox 2326 5148 2467 5202; x_wconf 91' lang='lat' dir='ltr'><strong>nosti</strong></span> <span class='ocrx_word' id='word_1_628' title='bbox 2493 5155 2777 5217; x_wconf 90' lang='lat' dir='ltr'><strong>peccatum</strong></span> <span class='ocrx_word' id='word_1_629' title='bbox 2804 5164 3007 5203; x_wconf 93' lang='lat' dir='ltr'><strong>meum.</strong></span> 
     </span>
    </p>
   </div>
   <div class='ocr_carea' id='block_1_93' title="bbox 277 5234 1808 5313">
    <p class='ocr_par' dir='ltr' id='par_1_93' title="bbox 277 5240 1506 5313">
     <span class='ocr_line' id='line_1_93' title="bbox 277 5240 1506 5313; baseline -0.002 -15"><span class='ocrx_word' id='word_1_630' title='bbox 277 5242 367 5299; x_wconf 76' lang='grc'><strong>10.</strong></span> <span class='ocrx_word' id='word_1_631' title='bbox 391 5244 502 5297; x_wconf 71' lang='lat' dir='ltr'><strong>Kal.</strong></span> <span class='ocrx_word' id='word_1_632' title='bbox 523 5244 578 5297; x_wconf 77' lang='grc' dir='ltr'><strong>αἱ</strong></span> <span class='ocrx_word' id='word_1_633' title='bbox 612 5242 832 5312; x_wconf 84' lang='grc' dir='ltr'>ἀνομίαι</span> <span class='ocrx_word' id='word_1_634' title='bbox 859 5258 960 5312; x_wconf 91' lang='grc' dir='ltr'><strong>μου</strong></span> <span class='ocrx_word' id='word_1_635' title='bbox 984 5240 1215 5312; x_wconf 83' lang='grc' dir='ltr'>φανεραί</span> <span class='ocrx_word' id='word_1_636' title='bbox 1236 5242 1373 5295; x_wconf 77' lang='grc' dir='ltr'>εἰσιν</span> <span class='ocrx_word' id='word_1_637' title='bbox 1406 5242 1506 5313; x_wconf 92' lang='grc'><strong>(7).</strong></span> 
     </span>
    </p>
   </div>
   <div class='ocr_carea' id='block_1_94' title="bbox 1658 5234 3189 5313">
    <p class='ocr_par' dir='ltr' id='par_1_94' title="bbox 1964 5234 3189 5306">
     <span class='ocr_line' id='line_1_94' title="bbox 1964 5234 3189 5306; baseline -0.001 -16"><span class='ocrx_word' id='word_1_638' title='bbox 1964 5236 2053 5292; x_wconf 82' lang='grc'><strong>10.</strong></span> <span class='ocrx_word' id='word_1_639' title='bbox 2088 5235 2155 5290; x_wconf 87' lang='grc' dir='ltr'>Ει</span> <span class='ocrx_word' id='word_1_640' title='bbox 2183 5236 2502 5306; x_wconf 82' lang='lat' dir='ltr'><strong>iniquitates</strong></span> <span class='ocrx_word' id='word_1_641' title='bbox 2538 5251 2673 5290; x_wconf 71' lang='lat' dir='ltr'><strong>meae</strong></span> <span class='ocrx_word' id='word_1_642' title='bbox 2708 5234 3013 5290; x_wconf 66' lang='lat' dir='ltr'><strong>manifestae</strong></span> <span class='ocrx_word' id='word_1_643' title='bbox 3040 5244 3189 5290; x_wconf 90' lang='lat' dir='ltr'><strong>sunt.</strong></span> 
     </span>
    </p>
   </div>
   <div class='ocr_carea' id='block_1_95' title="bbox 276 5327 1807 5405">
    <p class='ocr_par' dir='ltr' id='par_1_95' title="bbox 276 5330 1783 5405">
     <span class='ocr_line' id='line_1_95' title="bbox 276 5330 1783 5405; baseline -0.001 -18"><span class='ocrx_word' id='word_1_644' title='bbox 276 5332 363 5387; x_wconf 78' lang='grc' dir='ltr'><strong>Η.</strong></span> <span class='ocrx_word' id='word_1_645' title='bbox 391 5333 504 5401; x_wconf 86' lang='grc' dir='ltr'><strong>Μὴ,</strong></span> <span class='ocrx_word' id='word_1_646' title='bbox 527 5332 614 5386; x_wconf 76' lang='grc' dir='ltr'><strong>διὰ</strong></span> <span class='ocrx_word' id='word_1_647' title='bbox 647 5332 707 5385; x_wconf 90' lang='grc' dir='ltr'><strong>τὸ</strong></span> <span class='ocrx_word' id='word_1_648' title='bbox 733 5330 1070 5402; x_wconf 85' lang='grc' dir='ltr'>ἁμαρτάνειν</span> <span class='ocrx_word' id='word_1_649' title='bbox 1121 5347 1208 5401; x_wconf 91' lang='grc' dir='ltr'>με,</span> <span class='ocrx_word' id='word_1_650' title='bbox 1242 5330 1318 5402; x_wconf 89' lang='grc'><strong>(8)</strong></span> <span class='ocrx_word' id='word_1_651' title='bbox 1373 5331 1538 5402; x_wconf 79' lang='grc' dir='ltr'>ἔχωσι</span> <span class='ocrx_word' id='word_1_652' title='bbox 1568 5336 1783 5405; x_wconf 72' lang='grc' dir='ltr'>παρρη-</span> 
     </span>
    </p>
   </div>
   <div class='ocr_carea' id='block_1_96' title="bbox 1945 5327 3476 5405">
    <p class='ocr_par' dir='ltr' id='par_1_96' title="bbox 1963 5327 3476 5400">
     <span class='ocr_line' id='line_1_96' title="bbox 1963 5327 3476 5400; baseline 0.001 -16"><span class='ocrx_word' id='word_1_653' title='bbox 1963 5331 2047 5387; x_wconf 79' lang='lat' dir='ltr'><strong>ll.</strong></span> <span class='ocrx_word' id='word_1_654' title='bbox 2086 5327 2165 5383; x_wconf 83' lang='lat' dir='ltr'><strong>Ne</strong></span> <span class='ocrx_word' id='word_1_655' title='bbox 2213 5329 2441 5385; x_wconf 86' lang='lat' dir='ltr'><strong>timeant</strong></span> <span class='ocrx_word' id='word_1_656' title='bbox 2485 5328 2661 5385; x_wconf 88' lang='lat' dir='ltr'><strong>sancti</strong></span> <span class='ocrx_word' id='word_1_657' title='bbox 2708 5330 2786 5385; x_wconf 91' lang='lat' dir='ltr'><strong>tui</strong></span> <span class='ocrx_word' id='word_1_658' title='bbox 2832 5338 3051 5400; x_wconf 88' lang='lat' dir='ltr'><strong>propter</strong></span> <span class='ocrx_word' id='word_1_659' title='bbox 3089 5337 3311 5399; x_wconf 83' lang='lat' dir='ltr'><strong>peccata</strong></span> <span class='ocrx_word' id='word_1_660' title='bbox 3360 5344 3476 5386; x_wconf 68' lang='lat' dir='ltr'><strong>meo</strong></span> 
     </span>
    </p>
   </div>
   <div class='ocr_carea' id='block_1_97' title="bbox 202 5421 1733 5496">
    <p class='ocr_par' dir='ltr' id='par_1_97' title="bbox 202 5421 1525 5496">
     <span class='ocr_line' id='line_1_97' title="bbox 202 5421 1525 5496; baseline -0.002 -16"><span class='ocrx_word' id='word_1_661' title='bbox 202 5423 327 5480; x_wconf 80' lang='grc' dir='ltr'>σίαν</span> <span class='ocrx_word' id='word_1_662' title='bbox 354 5424 413 5477; x_wconf 75' lang='grc' dir='ltr'>οἱ</span> <span class='ocrx_word' id='word_1_663' title='bbox 436 5424 582 5492; x_wconf 83' lang='grc' dir='ltr'>ἆγιοί</span> <span class='ocrx_word' id='word_1_664' title='bbox 605 5440 699 5476; x_wconf 91' lang='grc' dir='ltr'><strong>σου</strong></span> <span class='ocrx_word' id='word_1_665' title='bbox 728 5421 822 5475; x_wconf 87' lang='grc' dir='ltr'><strong>τοῦ</strong></span> <span class='ocrx_word' id='word_1_666' title='bbox 853 5422 1179 5492; x_wconf 75' lang='grc' dir='ltr'>πρεσϐεύειν</span> <span class='ocrx_word' id='word_1_667' title='bbox 1209 5424 1350 5496; x_wconf 81' lang='grc' dir='ltr'>ὑπὲρ</span> <span class='ocrx_word' id='word_1_668' title='bbox 1367 5424 1525 5495; x_wconf 84' lang='grc' dir='ltr'>ἐμοῦ.</span> 
     </span>
    </p>
   </div>
   <div class='ocr_carea' id='block_1_98' title="bbox 943 5421 2474 5496">
    <p class='ocr_par' dir='ltr' id='par_1_98' title="bbox 943 5422 2474 5496">
     <span class='ocr_line' id='line_1_98' title="bbox 943 5422 2474 5496; baseline 0.002 -22"><span class='ocrx_word' id='word_1_669' title='bbox 943 5422 1179 5476; x_wconf 79' lang='grc' dir='ltr'>εσόεύειν</span> <span class='ocrx_word' id='word_1_670' title='bbox 1209 5424 1350 5496; x_wconf 81' lang='grc' dir='ltr'>ὑπὲρ</span> <span class='ocrx_word' id='word_1_671' title='bbox 1367 5424 1525 5495; x_wconf 84' lang='grc' dir='ltr'>ἐμοῦ.</span> <span class='ocrx_word' id='word_1_672' title='bbox 1891 5438 1989 5492; x_wconf 88' lang='lat' dir='ltr'><strong>pro</strong></span> <span class='ocrx_word' id='word_1_673' title='bbox 2012 5437 2097 5476; x_wconf 92' lang='lat' dir='ltr'><strong>me</strong></span> <span class='ocrx_word' id='word_1_674' title='bbox 2120 5422 2474 5477; x_wconf 84' lang='lat' dir='ltr'><strong>intercedere.</strong></span> 
     </span>
    </p>
   </div>
   <div class='ocr_carea' id='block_1_99' title="bbox 1173 5533 2523 5617">
    <p class='ocr_par' dir='ltr' id='par_1_99' title="bbox 1173 5533 2523 5617">
     <span class='ocr_line' id='line_1_99' title="bbox 1173 5533 2523 5617; baseline 0.004 -21"><span class='ocrx_word' id='word_1_675' title='bbox 1173 5536 1485 5600; x_wconf 82' lang='lat' dir='ltr'><strong>Addenda</strong></span> <span class='ocrx_word' id='word_1_676' title='bbox 1518 5544 1579 5600; x_wconf 88' lang='lat' dir='ltr'><strong>et</strong></span> <span class='ocrx_word' id='word_1_677' title='bbox 1615 5535 1995 5617; x_wconf 80' lang='lat' dir='ltr'><strong>corrigenda</strong></span> <span class='ocrx_word' id='word_1_678' title='bbox 2029 5551 2105 5594; x_wconf 81' lang='lat' dir='ltr'><strong>ex</strong></span> <span class='ocrx_word' id='word_1_679' title='bbox 2134 5534 2276 5597; x_wconf 90' lang='lat' dir='ltr'><strong>cod.</strong></span> <span class='ocrx_word' id='word_1_680' title='bbox 2310 5533 2523 5603; x_wconf 71' lang='lat' dir='ltr'><strong>Vatic.</strong></span> 
     </span>
    </p>
   </div>
   <div class='ocr_carea' id='block_1_100' title="bbox 272 5636 2365 5713">
    <p class='ocr_par' dir='ltr' id='par_1_100' title="bbox 272 5636 2365 5713">
     <span class='ocr_line' id='line_1_100' title="bbox 272 5636 2365 5713; baseline -0.001 0"><span class='ocrx_word' id='word_1_681' title='bbox 272 5640 350 5713; x_wconf 71' lang='grc'><strong>(1)</strong></span> <span class='ocrx_word' id='word_1_682' title='bbox 389 5641 458 5713; x_wconf 70' lang='grc' dir='ltr'><strong>Ῑῌ</strong></span> <span class='ocrx_word' id='word_1_683' title='bbox 484 5639 576 5713; x_wconf 65' lang='grc' dir='ltr'>διὰ</span> <span class='ocrx_word' id='word_1_684' title='bbox 608 5641 705 5713; x_wconf 75' lang='grc' dir='ltr'><strong>τῆς</strong></span> <span class='ocrx_word' id='word_1_685' title='bbox 728 5640 1100 5713; x_wconf 61' lang='grc' dir='ltr'>κινναϐάρεως</span> <span class='ocrx_word' id='word_1_686' title='bbox 1127 5658 1252 5713; x_wconf 78' lang='grc' dir='ltr'>περ·</span> <span class='ocrx_word' id='word_1_687' title='bbox 1969 5640 2046 5713; x_wconf 71' lang='grc'><strong>(5)</strong></span> <span class='ocrx_word' id='word_1_688' title='bbox 2070 5636 2365 5713; x_wconf 51' lang='lat' dir='ltr'><strong>Ausim-</strong></span> 
     </span>
    </p>
   </div>
   <div class='ocr_carea' id='block_1_101' title="bbox 294 5706 2210 5782">
    <p class='ocr_par' dir='ltr' id='par_1_101' title="bbox 294 5706 2210 5782">
     <span class='ocr_line' id='line_1_101' title="bbox 294 5706 2210 5782; baseline -0.002 -17"><span class='ocrx_word' id='word_1_689' title='bbox 294 5712 353 5781; x_wconf 73' lang='grc'><strong>2)</strong></span> <span class='ocrx_word' id='word_1_690' title='bbox 389 5706 617 5781; x_wconf 79' lang='grc' dir='ltr'>Ψαλμὸς</span> <span class='ocrx_word' id='word_1_691' title='bbox 642 5706 698 5764; x_wconf 80' lang='grc' dir='ltr'>δὲ</span> <span class='ocrx_word' id='word_1_692' title='bbox 719 5710 818 5782; x_wconf 84' lang='grc' dir='ltr'>τῷ,</span> <span class='ocrx_word' id='word_1_693' title='bbox 857 5706 973 5767; x_wconf 47' lang='lat' dir='ltr'><strong>etc.</strong></span> <span class='ocrx_word' id='word_1_694' title='bbox 1204 5706 1214 5713; x_wconf 78' lang='grc'><em>’</em></span> <span class='ocrx_word' id='word_1_695' title='bbox 1970 5706 2046 5782; x_wconf 85' lang='grc'><strong>(6)</strong></span> <span class='ocrx_word' id='word_1_696' title='bbox 2070 5706 2210 5782; x_wconf 57' lang='lat' dir='ltr'><strong>Mog).</strong></span> 
     </span>
    </p>
   </div>
   <div class='ocr_carea' id='block_1_102' title="bbox 299 5779 2348 5920">
    <p class='ocr_par' dir='ltr' id='par_1_102' title="bbox 299 5779 2348 5920">
     <span class='ocr_line' id='line_1_102' title="bbox 299 5779 2348 5920; baseline 0.001 -85"><span class='ocrx_word' id='word_1_697' title='bbox 299 5783 353 5851; x_wconf 75' lang='grc' dir='ltr'><strong>ὅ)</strong></span> <span class='ocrx_word' id='word_1_698' title='bbox 378 5779 531 5834; x_wconf 64' lang='grc' dir='ltr'>Μου.</span> <span class='ocrx_word' id='word_1_699' title='bbox 770 5779 779 5782; x_wconf 59' lang='grc'>⁷</span> <span class='ocrx_word' id='word_1_700' title='bbox 1967 5780 2044 5920; x_wconf 48' lang='lat'><strong>(7;</strong></span> <span class='ocrx_word' id='word_1_701' title='bbox 2079 5779 2169 5831; x_wconf 84' lang='grc' dir='ltr'><strong>Σοί</strong></span> <span class='ocrx_word' id='word_1_702' title='bbox 2190 5782 2348 5837; x_wconf 74' lang='grc' dir='ltr'>εἰσιν.</span> 
     </span>
     <span class='ocr_line' id='line_1_103' title="bbox 299 5845 2188 5920; baseline 0 -15"><span class='ocrx_word' id='word_1_703' title='bbox 299 5845 598 5919; x_wconf 73' lang='grc' dir='ltr'>4)Ἱ1λθον.</span> <span class='ocrx_word' id='word_1_704' title='bbox 1966 5851 2019 5920; x_wconf 86' lang='grc'>(8</span> <span class='ocrx_word' id='word_1_705' title='bbox 2075 5850 2188 5920; x_wconf 86' lang='grc' dir='ltr'><strong>Μή.</strong></span> 
     </span>
    </p>
   </div>
   <div class='ocr_carea' id='block_1_103' title="bbox 298 5845 2188 5921">
    <p class='ocr_par' dir='ltr' id='par_1_103' title="bbox 298 5845 2188 5921">
     <span class='ocr_line' id='line_1_104' title="bbox 298 5845 2188 5921; baseline 0 -16"><span class='ocrx_word' id='word_1_706' title='bbox 298 5845 349 5919; x_wconf 71' lang='grc'><strong>4)</strong></span> <span class='ocrx_word' id='word_1_707' title='bbox 376 5845 598 5907; x_wconf 83' lang='grc' dir='ltr'>Ἦλθον.</span> <span class='ocrx_word' id='word_1_708' title='bbox 1966 5845 2041 5921; x_wconf 85' lang='grc'><strong>(8)</strong></span> <span class='ocrx_word' id='word_1_709' title='bbox 2075 5850 2188 5921; x_wconf 84' lang='grc' dir='ltr'><strong>Μή.</strong></span> 
     </span>
    </p>
   </div>
  </div>
