3876 6220
385 423 492 478 923
1208 429 1266 485 S.
1303 427 1678 484 ATHANASII
1719 429 1870 486 OPP.
1906 430 2089 486 PARS
2128 431 2217 486 lli.
2266 462 2328 474 —-
2366 431 2781 490 EXEGETICA.
3537 433 3655 489 921‘

452 542 541 598 12.
569 543 757 614 Neque
789 543 1195 603 confundantur
1229 565 1394 620 super
1423 566 1530 616 me,
1580 551 1674 620 qui
1705 563 1956 622 quaarunt

2133 553 2216 606 12.
2249 553 2399 623 Μηδὲ
2429 553 2830 625 ἐντραπείησαν
2851 552 2938 604 ἐπ’
2967 551 3070 622 ἐμὲ
3097 551 3145 605 οἱ
3171 551 3466 622 ζητοῦντές
3501 570 3586 618 σε,
3621 553 3646 604 6

382 642 454 699 te,
491 634 632 690 Deus
661 637 847 692 Israel.

2063 645 2194 706 Θεὸς
2221 645 2314 697 τοῦ
2348 646 2585 717 Ἰσραήλ.

450 729 537 784 15.
580 730 850 796 Quoniam
881 740 1102 800 propter
1136 742 1188 787 te
1216 734 1450 788 sustinui
1489 735 1841 804 opprobrium
1873 758 1884 790 :

1803 753 1841 789 ιη
1873 758 1884 790 :
2133 740 2216 792 15.
2248 739 2370 791 ’Ὁτι
2398 739 2562 792 ἓνεκά
2585 756 2677 791 σου
2699 739 2984 806 ὑπήνεγκα
3015 737 3334 808 δνειδισμόν.

452 821 540 876 14.
573 821 797 891 Operuit
821 823 1072 879 confusio
1108 824 1299 879 faciem
1333 841 1530 882 meam.

2135 831 2220 884 14.
2259 831 2559 900 Ἐκάλυψεν
2583 830 2817 902 ἐντροπὴ
2851 831 2912 883 τὸ
2940 831 3231 901 πρόσωπόν
3269 848 3392 900 μου.

453 913 538 966 15.
578 912 879 969 Extraneus
912 915 1088 971 factus
1122 934 1241 970 sum
1274 917 1536 974 fratribus
1565 919 1699 975 meis
1727 939 1740 973 :

2129 922 2217 974 15.
2241 922 2778 993 Ἀπηλλοτριωμένος
2804 922 3064 993 ἐγενήθην
3089 926 3200 986 τοῖς
3222 923 3473 991 ἀδελφοῖς
3505 940 3610 994 μου
3628 940 3647 955 ο

451 1005 540 1057 16.
579 1004 642 1058 Et
667 1009 985 1078 peregrinus
1019 1011 1144 1064 ﬁliis
1174 1011 1366 1064 matris
1392 1027 1544 1064 meaa.

2134 1013 2220 1066 16.
2249 1015 2360 1066 Kal
2389 1014 2537 1078 ξένος
2572 1017 2687 1077 τοῖς
2718 1016 2852 1077 υἱοῖς
2887 1014 2986 1084 τῆς
3020 1017 3223 1086 μητρός
3252 1033 3374 1085 μου.

450 1096 536 1149 17.
569 1097 836 1162 Quoniam
869 1103 1016 1158 zelus
1050 1104 1245 1159 domus
1274 1114 1379 1158 tum
1410 1105 1646 1160 comedit
1680 1119 1806 1159 me:

2128 1105 2214 1157 17.
2249 1106 2371 1158 Ὅτι
2405 1109 2432 1158 ὁ
2455 1105 2614 1176 ζῆλος
2636 1103 2729 1158 τοῦ
2751 1104 2901 1158 οἴκου
2931 1123 3023 1157 σου
3052 1107 3330 1173 κατέφαγε
3366 1123 3435 1176 με
3457 1123 3470 1136 ·

454 1190 540 1242 18.
572 1189 638 1244 Et
683 1195 973 1262 opprobria
1012 1198 1460 1254 exorobrantium
1514 1199 1608 1253 tibi
1641 1199 1955 1255 ceciderunt

2138 1197 2221 1249 18.
2255 1197 2365 1250 Kal
2390 1199 2437 1250 οἱ
2466 1197 2763 1268 ὀνειδισμοὶ
2804 1197 2912 1250 τῶν
2943 1197 3309 1262 ὀνειδιζόντων
3341 1215 3400 1250 σε
3441 1197 3619 1251 ἐπέπε

381 1293 544 1350 Super
571 1299 678 1340 me.

2069 1305 2158 1342 σον
2188 1289 2275 1341 ἐπ’
2303 1289 2423 1358 ἐμέ.

460 1377 539 1431 19.
575 1376 640 1430 Et
673 1380 864 1447 operui
895 1381 950 1434 in
975 1381 1184 1450 jejunio
1215 1382 1454 1437 animam
1489 1372 1710 1440 meam—ﬁ

2143 1381 2226 1435 19.
2260 1381 2370 1434 Kal
2401 1381 2745 1451 συνεκάλυψα
2779 1385 2836 1435 ἐν
2865 1381 3090 1453 νηστείᾳ
3120 1381 3220 1452 τὴν
3253 1380 3432 1452 ψυχήν
3467 1398 3592 1452 μου.

451 1469 542 1522 21).
570 1470 635 1524 Et
675 1469 876 1526 factum
903 1483 986 1528 est
1009 1474 1208 1546 [factus
1231 1475 1378 1547 sum]
1404 1477 1460 1531 in
1483 1477 1774 1548 opprobria
1801 1477 1954 1533 mihi.

2129 1470 2221 1528 20.
2255 1471 2365 1524 Kal
2393 1471 2625 1544 ἐγενήθη
2667 1471 2978 1544 [ἐγενήθην]
3012 1474 3092 1534 είς
3119 1472 3457 1542 ὀνειδισμοὺς
3501 1471 3650 1542 ἐμοί.

451 1563 544 1616 21.
580 1563 648 1618 Et
674 1567 833 1634 posui
873 1568 1257 1622 vestimentum
1285 1585 1467 1624 meum
1499 1571 1736 1624 cilicium
1767 1589 1780 1624 :

2135 1563 2222 1616 21.
2253 1563 2363 1615 Kal
2400 1562 2606 1634 ἐθέμην
2632 1564 2693 1617 τὸ
2721 1565 2923 1635 ἔνδυμα
2953 1582 3052 1635 μου
3087 1564 3320 1617 σάκκον·

452 1655 542 1709 22.
582 1655 650 1710 Ει
685 1657 858 1713 factus
882 1675 1004 1714 sum
1037 1660 1148 1716 illis
1182 1663 1234 1715 in
1268 1663 1607 1732 parabolam.

2137 1655 2228 1708 22.
2262 1655 2374 1708 Kal
2403 1655 2669 1728 ἐγενόμην
2699 1657 2883 1720 αὐτοῖς
2915 1659 2997 1720 εἰς
3031 1656 3363 1727 παραϐολήν.

443 1746 530 1801 23.
576 1748 878 1806 Adversum
927 1766 1016 1807 me
1065 1753 1429 1814 loquebantur
1468 1756 1563 1825 qui
1610 1754 1870 1810 sedebant
1904 1755 1958 1808 in

2131 1747 2221 1800 25.
2250 1747 2386 1800 Κατ’
2409 1747 2543 1817 ἐμοῦ
2574 1747 2893 1818 ἠδολέσχουν
2914 1750 2963 1800 οἱ
2992 1748 3291 1818 καθήμενοι
3321 1750 3379 1801 ἐν
3412 1747 3615 1810 πύλαις
3635 1764 3650 1778 ·

381 1837 577 1908 portis,
2184 1913 2188 1916 .
2263 1914 2288 1918 ._
2369 1912 2383 1918 -
2489 1913 2492 1915 .

452 1929 542 1982 24.
576 1925 643 1980 Et
671 1927 726 1980 in
753 1942 840 1982 me
875 1927 1182 1997 psallebant
1208 1930 1302 1998 qui
1333 1931 1593 1987 bibebant
1624 1932 1832 1990 vinum.

1991 1919 2032 1970 Β
2136 1915 2226 1981 24.
2255 1915 2473 1992 Kal—el;
2503 1928 2604 2000 ἐμὲ
2637 1928 2866 1999 ἔψαλλον
2899 1931 2947 1982 οἱ
2984 1931 3232 1994 πίνοντες
3269 1926 3430 1984 οἶνον.

453 2019 545 2074 25.
583 2019 694 2090 Ego
720 2035 849 2074 vero
876 2022 1121 2077 oratione
1150 2038 1270 2077 mea
1307 2025 1374 2080 ad
1396 2036 1470 2090 te,
1502 2026 1766 2082 Domine:

2135 2019 2225 2074 25.
2258 2019 2404 2088 Ἐγὼ
2429 2019 2486 2073 δέ
2520 2019 2593 2092 (α)
2625 2023 2689 2092 τῇ
2725 2025 2997 2094 προσευχῇ
3029 2040 3128 2093 μου
3162 2023 3298 2094 πρὸς
3330 2025 3408 2088 σὲ,
3437 2023 3652 2098 Κύριεο

451 2111 543 2167 26.
579 2111 818 2182 Tempus
841 2113 1187 2183 beneplaciti.

2139 2112 2230 2165 26.
2371 2113 2578 2183 Καιρὸς
2601 2113 2867 2176 εὐδοκίας.

451 2203 543 2259 27.
595 2202 764 2269 Deus,
812 2204 869 2259 in
916 2207 1266 2262 multitudine
1307 2205 1700 2263 misericordia-
1723 2212 1837 2262 tua?
1868 2222 1962 2259 ex-

2137 2203 2226 2256 27.
2272 2203 2329 2258 '0
2359 2203 2510 2268 Θεὸς,
2545 2206 2604 2259 ἐν
2736 2205 2929 2277 πλήθει
2956 2207 3049 2260 τοῦ
3075 2207 3254 2272 ἐλέους
3285 2227 3377 2264 σου
3409 2211 3655 2264 ἐπάκου-

382 2295 507 2350 audi
541 2310 646 2350 me.

2073 2295 2160 2347 σόν
2207 2312 2329 2366 μου.

449 2386 540 2442 28.
568 2385 624 2439 In
656 2386 884 2441 veritate
909 2385 1104 2440 salutis
1127 2393 1251 2440 tuae.

2131 2385 2220 2440 28.
2255 2387 2346 2440 Ἐν
2373 2387 2600 2460 ἀληθείᾳ
2631 2390 2730 2458 τῆς
2754 2390 3028 2461 σωτηρίας
3059 2408 3171 2443 σου.

449 2477 542 2530 29.
569 2475 731 2545 Eripe
759 2491 847 2530 me
871 2475 938 2530 de
971 2476 1106 2538 luto,
1146 2485 1205 2530 ut
1236 2492 1344 2530 non
1375 2476 1603 2548 i-nfiga—r:

2137 2477 2224 2530 29.
2265 2477 2446 2531 Σῶσόν
2480 2497 2547 2550 με
2576 2480 2684 2533 ἀπὸ
2711 2483 2905 2551 πηλοῦ,
2939 2484 3026 2536 ἵνα
3061 2483 3135 2555 μὴ
3167 2484 3400 2554 ἐμπαγῶ
3422 2501 3436 2514 ·

450 2566 541 2623 50.
575 2566 864 2622 Liberatus
897 2583 1020 2621 sum
1049 2568 1116 2622 ab
1148 2567 1236 2634 iis,
1269 2569 1360 2637 qui
1388 2568 1620 2622 oderunt
1654 2583 1762 2632 me,
1796 2578 1842 2622 et
1895 2575 1961 2621 de

2141 2571 2228 2624 50.
2274 2570 2556 2642 Ῥυσθείην
2594 2573 2658 2626 ἐκ
2704 2574 2814 2627 τῶν
2861 2576 3160 2630 μισούντων
3207 2595 3274 2647 με
3307 2580 3400 2632 καὶ
3444 2580 3510 2632 ἐκ
3544 2581 3656 2633 τῶν

383 2657 668 2730 profundis
696 2673 982 2727 aquarum.

2072 2660 2280 2729 βαθέων
2310 2661 2417 2714 τῶν
2444 2661 2669 2716 ὑδάτων.

452 2788 531 2856 (a)
564 2787 622 2841 In
666 2805 841 2856 marg.
885 2788 1010 2843 cod.
1045 2785 1238 2854 Κάγώ.

453 2788 507 2856 (a
564 2788 622 2841 In
666 2805 841 2856 marg.
885 2788 1010 2843 cod.
1045 2788 1238 2854 Κάγώ.

453 2788 531 2932 (ὸ)
561 2859 716 2916 Vers.
759 2860 845 2916 26.
899 2859 1104 2931 Καιρὸς
1131 2855 1378 2920 εὐδοκίας
1403 2858 1432 2910 ὁ
1459 2857 1609 2920 Θεός.
1668 2858 1824 2912 V'ers.
1856 2859 1945 2912 27.

814 2807 841 2852 ς.
885 2788 1010 2843 cod.
1045 2788 1238 2854 Κάγώ.

814 2860 845 2916 ς,
899 2859 1104 2931 Καιρὸς
1131 2855 1378 2920 εὐδοκίας
1403 2858 1432 2910 ὁ
1459 2857 1609 2920 Θεός.
1668 2858 1824 2912 Vers.
1856 2859 1945 2912 27.
1987 2860 2076 2912 Ἐν
2113 2860 2211 2930 τῷ,
2240 2871 2345 2918 etc.

1515 2977 1894 3036 ATHANASII
1936 2980 2520 3044 INTERPRETATIO.

457 3099 545 3152 12.
575 3098 642 3153 Et
667 3098 973 3168 deprecatio
1021 3109 1338 3156 sanctorum
1366 3109 1610 3169 tuorum,
1645 3117 1812 3172 quam
1862 3119 1961 3173 pro

2138 3106 2223 3160 12.
2261 3107 2372 3160 Kal
2405 3107 2512 3162 τῶν
2545 3109 2714 3178 ἁγίων
2744 3127 2837 3163 σου
2864 3110 2897 3179 ἥ
2932 3108 3117 3180 ϐἐησις
3163 3113 3196 3178 ή
3221 3111 3362 3165 ὑπεο
3394 3111 3532 3166 ἐμοῦ
3575 3113 3657 3184 μὴ

387 3206 474 3244 me
506 3190 761 3256 fundunt,
792 3192 1008 3247 inﬁrma
1045 3209 1153 3247 non
1190 3193 1305 3247 ﬁat.

1104 3209 1153 3246 »ιι
1190 3193 1305 3247 ﬁat.
2073 3197 2160 3249 ἀνί
2168 3213 2266 3265 σχυ
2274 3215 2365 3268 ρος
2393 3198 2635 3270 γένηται.

459 3283 547 3338 15.
577 3282 846 3348 Quoniam
893 3295 1116 3354 propter
1143 3300 1319 3356 spem,
1371 3300 1539 3356 quam
1569 3285 1743 3344 habeo
1788 3287 1845 3342 in
1895 3294 1977 3353 te.

2143 3287 2229 3344 15.
2265 3288 2386 3342 Ὅτι
2413 3289 2502 3342 διὰ
2533 3291 2630 3360 τὴν
2657 3291 2751 3342 ἐπὶ
2781 3291 2839 3344 σέ
2869 3291 3060 3345 ἐλπίδα
3087 3291 3340 3364 ὑπερορῶ
3371 3292 3601 3362 θλίψεις.

386 3373 631 3443 despicio
660 3375 1069 3432 tribulationes.

462 3467 550 3521 14.
584 3467 812 3522 Infamia
847 3471 1052 3538 peccati
1086 3475 1212 3530 mei.

2148 3467 2234 3522 14.
2276 3469 2340 3522 Ἠ
2367 3469 2597 3540 αἰσχύνη
2639 3473 2738 3541 τῆς
2777 3471 3050 3542 ἁμαρτίας
3085 3491 3207 3544 μου.

457 3557 546 3612 15.
576 3555 896 3626 Baptizatis.

2147 3561 2231 3614 15.
2261 3561 2388 3625 Τοῖς
2411 3563 2471 3618 ἐν
2497 3563 2576 3632 τῷ
2599 3563 2951 3633 βαπτίσματι.

462 3650 546 3704 16.
579 3651 796 3706 Ablutis
826 3652 880 3705 in
910 3651 1152 3706 lavacro.

2146 3651 2230 3705 16.
2266 3653 2390 3716 Τοῖς
2426 3655 2483 3706 ἐν
2513 3657 2578 3724 τῇ
2618 3655 2993 3727 κολυμϐήθρᾳ.

461 3743 546 3796 17.
586 3741 689 3808 Qui
717 3744 852 3796 mihi
881 3753 965 3798 est
986 3753 1181 3799 contra
1211 3755 1514 3814 peccatum.

2146 3743 2234 3797 17.
2264 3746 2326 3798 Οἱ
2363 3743 2490 3814 [Ὃς
2523 3746 2614 3816 μοὶ
2644 3747 2809 3818 κατὰ]
2845 3747 2944 3817 τῆς
2979 3748 3254 3820 ἁμαρτίας
3282 3747 3517 3822 ὑπάρχοι
3555 3754 3662 3825 (1).

458 3835 544 3887 18.
579 3834 1042 3892 Ratiocinationes
1075 3837 1411 3894 daemonum.

2145 3831 2231 3886 18.
2263 3835 2325 3887 Οἱ
2360 3831 2610 3905 λογισμοὶ
2639 3834 2748 3889 τῶν
2777 3837 3066 3906 δαιμόνων.

460 3924 546 3979 19.
579 3923 647 3978 Et
678 3925 918 3980 abstinui
947 3927 1018 3982 ab
1055 3928 1204 3981 omni
1239 3927 1405 3981 malo.

2147 3924 2231 3978 19.
2266 3926 2377 3978 Kal
2407 3925 2646 3996 ἀπέσχον
2673 3925 2748 3996 (2)
2783 3927 2890 3980 ἀπὸ
2920 3929 3123 3992 παντὸς
3154 3930 3343 3986 κακοῦ.

453 4017 544 4070 21).
595 4015 824 4086 Propter
879 4033 1160 4076 sermones
1186 4063 1200 4088 ,
1243 4020 1446 4092 quibus
1505 4019 1974 4092 exprobraverunt

2142 4014 2231 4069 20.
2255 4013 2353 4068 Διὰ
2378 4015 2453 4085 (5)
2479 4015 2586 4070 τῶν
2608 4017 2904 4088 λογισμῶν,
2936 4011 3011 4072 ὧν
3053 4019 3326 4084 ὠνείδιζόν
3365 4038 3434 4091 με
3465 4021 3516 4075 οἱ
3542 4022 3664 4080 δαίρ

391 4109 528 4162 mihi
563 4107 862 4164 dzemones.

723 4123 862 4164 mes.
2077 4121 2254 4174 μονες.

463 4199 553 4254 21.
582 4198 622 4252 F
628 4199 793 4253 letum
831 4199 1125 4270 signiﬁcat.

2143 4196 2232 4250 21.
2272 4195 2431 4264 Λέγω
2459 4195 2524 4267 δὴ
2557 4196 2772 4259 πένθος.

457 4292 552 4347 22.
592 4291 651 4346 In
691 4292 957 4348 derisum.

2142 4287 2233 4340 22.
2265 4288 2360 4350 Εἰς
2389 4289 2763 4356 καταγέλωτα.

458 4383 550 4438 25.
611 4383 917 4440 (Σοου-θῆτε
962 4391 1261 4453 potestates
1307 4393 1502 4439 contra
1551 4399 1642 4440 me
1691 4385 1970 4441 consulta-

465 4486 517 4509 ..ρ

2143 4378 2235 4432 25.
2271 4380 2339 4431 Αἱ
2385 4380 2620 4434 ἐναντίαι
2653 4379 2911 4451 δυνάμεις
2945 4385 3067 4436 κατ’
3111 4383 3244 4456 ἐμοῦ
3293 4384 3662 4443 ἐϐουλεύοντο.

389 4477 454 4538 ba
465 4486 540 4530 nt.

468 4569 554 4624 24.
587 4567 654 4631 Ει
684 4567 739 4623 in
769 4583 857 4623 me
879 4575 1211 4638 aspexerunt
1239 4568 1538 4639 gaudentes
1565 4569 1621 4623 in
1649 4569 1828 4626 malis.

2144 4556 2234 4611 24.
2261 4557 2374 4611 Kal
2398 4558 2478 4621 εἰς
2506 4559 2606 4628 ἐμὲ
2631 4555 2770 4614 εἳδον
2793 4561 2844 4614 οἱ
2870 4560 3286 4635 εὐφραινόμενοι
3312 4565 3406 4619 ἐπὶ
3425 4567 3538 4631 τοῖς
3563 4584 3669 4620 κα-

2075 4668 2212 4714 κοις.

463 4745 552 4800 25.
589 4745 705 4818 Ego
733 4755 915 4803 autem
949 4762 1048 4803 oro
1075 4748 1142 4802 ad
1176 4756 1250 4814 te,
1286 4748 1532 4804 Domine.

2143 4743 2233 4796 25.
2270 4744 2413 4812 Ἐγὼ
2443 4745 2499 4798 δὲ
2525 4744 2716 4817 δέομαι
2739 4745 2968 4818 πρδς’σὲ
2989 4787 3003 4812 ,
3034 4747 3227 4821 Κύριε.

462 4836 554 4892 26.
587 4836 728 4894 Ecce
757 4847 972 4909 tempus
1008 4840 1342 4909 acceptabile
1374 4840 1778 4907 deprecationis
1812 4855 1969 4898 mete.

2142 4835 2234 4888 26.
2257 4835 2392 4888 Ἰδοὺ
2411 4835 2485 4906 (4)
2503 4837 2692 4908 καιρὸς
2712 4837 3107 4910 εὐπρόσδεκτος
3122 4842 3220 4910 τῆς
3237 4839 3474 4910 δεήσεως
3495 4858 3620 4910 μου.

461 4927 552 4982 27.
581 4928 722 4984 Ecce
759 4946 906 4984 nunc
937 4931 1054 4985 dies
1085 4933 1279 4988 salutis
1306 4949 1440 4989 meae
1468 4945 1690 5006 propter
1722 4936 1971 4990 multitu-

2147 4930 2237 4983 27.
2280 4927 2414 4983 Ἰδοὺ
2444 4929 2538 4983 νῦν
2563 4931 2749 5003 ἡμέρα
2778 4933 3050 5005 σωτηρίας
3081 4951 3180 5004 μου
3214 4934 3300 4986 διὰ
3346 4934 3408 4986 τὸ
3455 4933 3663 5002 πλῆθος

391 5021 572 5076 dinem
605 5024 995 5079 misericordiae
1026 5033 1151 5080 tum.

994 5067 995 5070 η
1026 5033 1151 5080 tum.
2076 5021 2168 5074 ⁷τοῦ
2198 5020 2383 5084 ἐλέους
2412 5039 2525 5078 σου.

463 5114 552 5168 28.
587 5113 822 5180 incerta
855 5117 1050 5180 salute,
1078 5131 1200 5186 quae
1234 5115 1366 5170 mihi
1401 5131 1431 5170 a
1472 5126 1523 5172 te
1556 5127 1659 5174 est.

2149 5113 2238 5168 28.
2265 5114 2356 5166 ’Ev
2378 5117 2444 5185 τῇ
2473 5115 2705 5169 ἁπλανεῖ
2729 5117 2975 5190 σωτηρίᾳ.
3003 5134 3102 5188 μου
3131 5120 3196 5189 τῇ
3234 5117 3382 5189 παρὰ
3415 5119 3498 5172 σοί
3528 5120 3627 5186 (5).

461 5206 554 5281 29.
579 5204 768 5262 Reduc
796 5223 884 5263 me
911 5224 941 5262 a
973 5217 1216 5278 peccato,
1250 5224 1319 5264 ne
1346 5225 1718 5279 permaneam.

2147 5206 2234 5260 29.
2262 5205 2399 5258 Ἀπὸ
2425 5205 2524 5277 τῆς
2545 5207 2820 5282 ἁμαρτίας
2853 5207 3096 5278 ἀνάγαγέ
3123 5226 3192 5279 με
3213 5247 3228 5275 ,
3274 5210 3361 5262 ἵνα
3405 5208 3482 5280 μὴ
3525 5212 3663 5261 ἁπο-

2083 5317 2270 5369 μεινω.

463 5383 550 5438 '50.
588 5385 877 5442 Liberatus
905 5402 1025 5442 sum
1050 5387 1120 5443 ab
1152 5387 1451 5443 immundis
1481 5389 1788 5459 spiritibus,
1821 5401 1872 5446 et
1903 5394 1971 5447 ab

2148 5392 2235 5444 50.
2267 5392 2550 5466 Ῥυσθείην
2570 5395 2634 5446 ἐκ
2655 5393 2762 5449 τῶν
2781 5394 3104 5460 ἀκαθάρτων
3125 5393 3451 5465 πνευμάτων
3474 5395 3569 5449 xal
3596 5396 3658 5450 ἐκ

394 5491 585 5533 eorum
615 5481 1023 5552 cupiditatibus.

2075 5483 2182 5534 τῶν
2211 5484 2516 5554 ἐπιθυμιῶν
2549 5486 2748 5546 αὐτῶν.

1351 5593 1659 5657 Addenda
1688 5599 1749 5655 et
1797 5592 2176 5668 corrigenda
2212 5611 2296 5655 ex
2319 5594 2461 5655 cod.
2490 5596 2694 5660 Vatic.

471 5719 548 5790 (1)
580 5718 908 5790 Α’Υπουργοί.
2152 5725 2226 5790 (4)
2262 5726 2392 5780 Ἰδοὺ
2423 5724 2538 5779 νῦν.

471 5726 548 5780 (1)
593 5726 908 5790 Ὑπουργοί.
2175 5727 2205 5780 4
2262 5726 2377 5780 ’1δοί

579 5787 922 5868 ξᾼπεσχόμτπν
2150 5726 2226 5868 ίὸ)
2257 5796 2377 5852 Σοῦ.

473 5857 550 5929 (5)
581 5859 689 5910 Kal
719 5857 826 5912 διὰ.
