3876 6220
183 449 294 509 {25
1087 449 1176 505 DE
1214 449 1491 508 TITULIS
1525 446 1979 504 PSALMORUM.
2018 477 2088 487 ——
2132 444 2327 500 PSAL.
2360 441 2594 498 LXV'lll.
3345 431 3459 485 326

171 597 175 599 λ
259 570 348 625 51.
374 568 466 639 Μή
500 585 565 637 με
595 580 1047 621 καταποντισατω
1080 568 1333 635 καταιγὶς
1360 566 1547 628 ὓδατος
1567 582 1581 594 ·

1795 566 1875 620 Α.
1942 565 2029 617 51.
2070 561 2185 614 Non
2222 574 2307 613 me
2342 558 2624 626 demerget
2652 562 2944 623 tempestas
2974 568 3166 621 aquas:

261 660 349 714 52.
383 660 536 727 Μηδὲ
565 658 881 711 καταπιὲτω
913 673 979 727 με
1011 656 1201 726 βυθός·
1343 724 1346 728 ’

1946 653 2035 708 52.
2070 652 2258 720 Neque
2287 649 2581 703 absorbent
2607 661 2692 699 me
2723 644 3051 713 profundum
3081 662 3093 696 :

258 754 347 807 55.
388 752 541 821 Μηδὲ
578 750 820 820 συσχέτω
848 750 932 801 ἐπ’
961 749 1059 819 ἐμὲ
1090 750 1267 819 φρέαρ
1297 748 1356 801 τὸ
1384 748 1554 818 στρμα
1580 745 1765 802 αὑτοῦ.

1945 746 2033 798 55.
2064 742 2249 811 Neque
2294 746 2483 810 urgeat
2505 754 2669 806 super
2697 752 2782 790 me
2812 745 3009 805 puteus
3043 750 3103 789 os
3132 748 3311 789 suum.

255 846 342 899 54.
383 844 716 897 Είσάκουσόν
753 860 852 913 μου
874 882 888 907 ,
925 842 1118 911 Κύριε,
1153 843 1232 894 ὅτι
1266 841 1499 912 χρηστὸν
1527 841 1587 893 τὸ
1620 840 1768 903 ἔλεός

1945 836 2035 887 54.
2072 832 2278 886 Exaudi
2336 846 2443 894 me,
2498 828 2749 891 Domine,
2780 826 3037 894 quoniam
3089 825 3321 894 benigna
3365 828 3450 877 est

186 954 316 991 σου·

1874 924 2247 981 misericordia
2276 933 2364 977 tua

261 1026 351 1080 55.
385 1025 543 1079 Κατὰ
576 1026 636 1079 τὸ
666 1025 869 1097 πλῆθος
894 1025 1002 1078 τῶν
1026 1025 1324 1097 οἰκτιρμῶν
1360 1042 1451 1077 σου
1479 1024 1768 1091 ὲπίϐλεψον

1945 1018 2032 1072 55.
2081 1016 2391 1069 Secundum
2438 1015 2841 1069 multitudinem
2886 1012 3297 1068 miserationum
3329 1016 3450 1064 tua-

186 1116 275 1170 ὲπ’
305 1116 405 1186 ἐμέ

1876 1123 1995 1162 rum
2022 1106 2232 1174 respice
2274 1106 2326 1158 in
2354 1121 2459 1159 me.

258 1206 346 1262 56.
378 1208 469 1278 Μὴ
489 1208 839 1282 ἁποστρέψῃς
856 1209 917 1262 τὸ
946 1208 1234 1279 πρόσωπόν
1266 1225 1355 1260 σου
1385 1205 1491 1259 ἀπὸ
1516 1205 1613 1258 τοῦ
1643 1222 1771 1259 παι-

1659 1222 1771 1259 ται-
1946 1197 2035 1251 56.
2062 1196 2142 1251 Ne
2164 1208 2377 1251 avertas
2406 1195 2598 1250 faciem
2629 1201 2779 1248 tuam
2813 1209 2842 1246 a
2874 1209 3043 1263 puero
3070 1204 3190 1248 tuo:

183 1297 276 1360 δός
307 1316 401 1352 σου
424 1316 438 1330 ⁸

253 1391 345 1444 57.
386 1393 505 1444 Ὅτι
535 1391 806 1461 θλίϐομαι,
840 1393 976 1464 ταχὺ
1004 1392 1304 1445 ἐπάκουσον
1335 1408 1456 1461 μου.

1945 1374 2033 1425 57.
2066 1373 2330 1438 Quoniam
2367 1370 2619 1435 tribulor,
2646 1370 2908 1426 velociter
2934 1370 3129 1424 exaudi
3163 1385 3270 1425 me.

261 1481 350 1535 58.
390 1482 634 1552 Πρόσχες
667 1486 730 1553 τῇ
780 1483 925 1553 ψυχῇ
980 1501 1109 1553 μου,
1151 1483 1244 1535 καὶ
1272 1481 1545 1553 λύτρωσαι
1576 1478 1765 1551 αὐτήν.

1649 1479 1765 1551 τήν,
1946 1464 2035 1517 58.
2065 1464 2290 1517 Intende
2325 1464 2521 1516 animae
2548 1478 2699 1526 mem,
2735 1472 2789 1515 et
2817 1463 2985 1515 libera
3019 1478 3137 1516 eam
3167 1481 3179 1515 :

253 1574 343 1629 59.
377 1576 581 1628 Ἕνεκα
611 1575 717 1628 τῶν
750 1574 959 1647 ἐχθρῶν
997 1591 1097 1644 μου
1132 1572 1290 1643 ῥῦσαί
1327 1589 1414 1641 με.

1944 1556 2033 1609 59.
2069 1557 2301 1624 Propter
2327 1554 2582 1607 inimicos
2606 1569 2760 1608 meos
2795 1555 2941 1622 eripe
2974 1569 3080 1608 me.

256 1667 345 1723 40.
379 1668 451 1720 Σὺ
482 1668 590 1739 γὰρ
615 1645 902 1736 γινώσκεις
931 1667 1022 1718 τὸν
1048 1665 1349 1735 ὀνειδισμὸν
1386 1680 1489 1735 μου
1511 1703 1526 1729 ,
1552 1662 1646 1717 καὶ
1672 1661 1769 1734 τὴν

1945 1645 2035 1700 40.
2073 1645 2152 1699 Tu
2187 1646 2330 1699 enim
2365 1646 2475 1700 scis
2504 1645 2894 1714 improperium
2928 1661 3129 1710 meum,
3157 1654 3211 1699 et
3255 1646 3449 1700 confu—

186 1760 452 1829 αἰσχύνην
481 1738 607 1831 μοι),
641 1760 733 1812 καὶ
762 1758 858 1829 τὴν
888 1759 1154 1827 ἐντροπὴν
1193 1775 1313 1826 μου.

1876 1738 2085 1793 sionem
2118 1754 2317 1802 meam,
2356 1746 2408 1791 et
2436 1738 2795 1791 reverentiam
2826 1752 2999 1790 meam
3028 1756 3038 1790 :

378 1827 648 1903 Ἐναντίον
683 1867 773 1902 σου
806 1827 1005 1910 στάντες
1039 1850 1087 1900 οἱ
1122 1846 1393 1911 θλίϐοντές
1421 1865 1509 1917 με.

1946 1829 2035 1882 41.
2059 1828 2113 1881 In
2137 1835 2429 1897 conspectu
2452 1836 2541 1881 tuo
2565 1837 2691 1881 sunt
2712 1842 2923 1890 omnes,
2943 1828 3034 1896 qui
3060 1827 3320 1881 tribulant
3339 1843 3447 1881 me.

254 1942 347 1995 42.
384 1942 716 2013 Ὀνειδισμὺν
744 1942 1143 2013 προσεδόκησεν
1177 1943 1209 2012 ἡ
1242 1940 1385 2009 ψυχή
1413 1958 1514 2010 μου
1547 1939 1648 2009 (α),
1677 1938 1773 1994 καὶ

1944 1940 2035 1994 42.
2086 1941 2483 2010 lmproperium
2508 1941 2844 2010 exspectavit
2882 1941 3063 1995 anima
3096 1956 3236 2009 mea,
3268 1949 3321 1995 et
3350 1943 3448 1994 mi-

181 2032 587 2103 ταλαιπωρίαν.
1080 2058 1083 2059 ν

560 2050 587 2084 ν.
1080 2058 1083 2059 ν
1872 2032 2091 2087 seriam.

254 2123 349 2177 45.
380 2126 490 2177 Καὶ
519 2124 788 2178 ὑπέμεινα
814 2123 1083 2176 συλλυπού
1092 2139 1271 2194 μενον,
1295 2122 1390 2176 καὶ
1410 2122 1507 2192 οὐχ
1531 2119 1770 2195 ὐπῆρξεο

1942 2122 2031 2176 1ιῦ.
2068 2122 2134 2176 Ει
2168 2124 2406 2178 sustinui
2439 2125 2532 2194 qui
2565 2125 2728 2179 simul
2762 2126 3203 2194 contristaretur,
3240 2136 3295 2181 et
3336 2142 3448 2181 non

1878 2211 2023 2267 fuit:

257 2296 347 2352 84.
382 2300 492 2352 Καὶ
530 2301 981 2372 παρακαλοῦντας
1002 2344 1017 2367 ,
1042 2302 1139 2354 καὶ
1168 2304 1264 2371 οὐχ
1296 2296 1473 2371 εὗρον.

1946 2305 2037 2359 44.
2073 2304 2138 2359 Et
2163 2307 2255 2375 qui
2289 2309 2684 2374 consolaretur,
2724 2317 2777 2363 et
2806 2324 2915 2363 non
2950 2310 3150 2365 inveni.

254 2388 349 2445 45.
384 2393 492 2445 Καὶ
526 2393 731 2447 ἔδωκαν
756 2396 837 2458 είς
865 2395 926 2447 τὸ
955 2394 1150 2465 βρῶμά
1179 2412 1279 2464 μου
1314 2394 1475 2465 χολήν
1494 2410 1507 2422 ·

1943 2397 2033 2450 45.
2064 2397 2129 2451 Ει
2161 2400 2429 2453 dederunt
2457 2400 2511 2453 in
2545 2416 2728 2454 eseam
2761 2418 2936 2455 meam
2972 2402 3062 2456 fel.

251 2481 349 2537 ιϐ.
381 2484 488 2536 Καὶ
520 2485 600 2548 είς
629 2485 729 2554 τὴν
760 2486 917 2555 δίψαν
951 2504 1051 2557 μου
1084 2487 1338 2540 ὲπότισάν
1366 2504 1433 2557 με
1466 2484 1608 2549 ὅξος.

1940 2490 2029 2544 46.
2059 2490 2125 2545 Ει
2154 2493 2207 2546 in
2232 2494 2320 2547 siti
2356 2510 2475 2548 mea
2510 2505 2841 2564 potaverunt
2869 2512 2955 2549 me
2979 2505 3152 2551 aceto.

291 2574 347 2627 7.
376 2575 661 2648 Γενηθήτω
691 2579 723 2647 ἡ
748 2577 996 2648 τράπεζα
1020 2578 1201 2630 αὐτῶν
1229 2576 1456 2629 ἐνώπιον
1486 2570 1764 2631 αὐτῶνιείς

1942 2585 2034 2641 47.
2059 2587 2179 2642 Fiat
2209 2605 2397 2646 mensa
2422 2606 2609 2646 eorum
2637 2606 2827 2647 coram
2855 2592 2989 2663 ipsis
3018 2593 3070 2646 in
3107 2593 3386 2663 laqueum,

177 2667 416 2734 παγίδα,

254 2760 337 2827 (α)
378 2756 436 2810 ln
470 2773 646 2827 marg.
682 2758 826 2823 cod.,
858 2760 893 2828 ἡ
922 2760 1117 2829 καρδία
1155 2777 1274 2829 μου.

682 2758 826 2823 cod.,
858 2760 893 2828 ἡ
922 2760 1117 2829 καρδία
1155 2777 1274 2829 μου.
2192 2778 2194 2781 ·

1313 2842 1687 2901 ΑΤΗΑΝΑΞΙῙ
1725 2840 2321 2908 lNTERPRETATlO.

251 2940 348 3005 51,
372 2938 457 2994 52.
487 2938 565 3010 (1)
592 2939 683 3010 Μή
720 2956 820 3009 μου
851 2940 1339 3011 κατακυριευσάτω
1379 2939 1644 3012 ἐπιθυμία.
1668 2938 1775 2993 τῶν

1950 2938 2039 3003 51,
2076 2938 2167 2992 52.
2197 2938 2315 2992 Νοη
2359 2942 2592 3010 amplius
2643 2943 2695 2996 in
2734 2958 2821 2997 me
2856 2942 3164 2997 dominetur
3192 2943 3452 3013 concupi-

177 3033 477 3103 δαιμόνων.

1876 3032 2084 3085 scentia
2115 3034 2444 3085 daemonum.

261 3125 353 3180 '55.
385 3124 537 3194 Μηδὲ
567 3125 864 3200 συγκλείσῃ
897 3144 963 3197 με
988 3127 1045 3181 ἐν
1076 3125 1254 3196 ἐαυτῷ
1290 3128 1318 3179 ὁ
1339 3126 1602 3189 διάϐολος.

1944 3120 2035 3173 55.
2070 3118 2258 3189 Neque
2285 3122 2577 3176 concludat
2604 3138 2691 3177 me
2726 3122 2779 3176 in
2808 3138 2867 3177 se
2902 3124 3020 3192 ipso
3044 3122 3312 3179 diabolus.

251 3217 344 3270 54-.
378 3216 668 3287 Ὠφέλιμόν
703 3217 779 3286 (2)
823 3219 992 3270 ἐστιν.

827 3219 992 3270 ἐστιν.
1942 3212 2033 3266 54.
2067 3211 2228 3267 Utilis
2258 3223 2358 3268 est.

253 3310 349 3365 55.
377 3310 538 3363 Ὅσον
567 3311 834 3380 ὑπάρχεις
864 3311 1161 3380 οἰκτίρμων
1187 3350 1200 3373 ,
1250 3309 1512 3381 βοήθησον
1562 3327 1628 3380 με
1665 3309 1768 3379 (5).

1618 3328 1628 3362 ε
1665 3309 1768 3379 (5);
1945 3305 2036 3360 55.
2067 3304 2344 3371 Quantum
2380 3322 2440 3362 es
2466 3308 2785 3361 misericors
2814 3306 3011 3375 adjuva
3045 3322 3149 3361 me.

253 3399 349 3453 56.
386 3398 477 3469 Μὴ
511 3400 792 3469 ὀργισθῇς,
827 3400 1089 3462 Δέσποτα,
1121 3399 1198 3468 τῷ
1233 3399 1309 3469 σῷ
1346 3400 1553 3472 οἰκέτῃ.

1543 3439 1553 3451 .
1940 3395 2029 3449 56.
2067 3394 2145 3450 Ne
2175 3398 2450 3459 irasceris,
2492 3398 2740 3461 Domine,
2774 3414 2933 3454 servo
2962 3410 3074 3453 tuo.

252 3490 345 3542 57.
383 3490 501 3542 ’Ὁτι
528 3489 779 3561 θλίϐομαι
805 3491 892 3543 διὰ
915 3490 1012 3561 τὴν
1040 3491 1314 3560 ἁμαρτίαν
1367 3508 1466 3561 μου
1502 3491 1639 3561 ταχὺ
1672 3491 1774 3544 ἐπ·-

1943 3487 2033 3542 57.
2079 3487 2351 3552 Quoniam
2389 3489 2620 3543 tribulor
2668 3498 2887 3560 propter
2927 3498 3207 3558 peccatum
3244 3504 3450 3554 meum,

184 3578 427 3635 ἀκουσόν
455 3580 530 3649 (4)
562 3584 711 3651 pomi

1869 3576 2129 3631 velociter
2159 3580 2356 3632 exaudi
2388 3595 2493 3632 me.

253 3671 347 3725 58.
384 3672 691 3742 Προνόηςων
722 3676 787 3744 τῇ
824 3673 967 3745 ψυχῇ
1006 3692 1107 3744 μου
1137 3675 1237 3745 (5).

1172 3675 1237 3745 5),
1942 3669 2031 3722 58.
2065 3668 2299 3724 Provide
2325 3672 2520 3723 anima:
2551 3685 2703 3733 mete.

256 3766 351 3819 59.
385 3767 448 3819 Et
478 3768 572 3819 καὶ
597 3768 708 3835 ἐγὼ
735 3769 835 3820 οὐκ
861 3769 980 3837 εἰμὶ
1026 3769 1173 3834 ἄξιος
1207 3768 1282 3838 (6)
1319 3768 1635 3840 δυσωπῆσαί
1686 3785 1773 3833 σε,

1943 3762 2031 3816 59.
2060 3760 2125 3814 Ει
2165 3762 2208 3815 si
2240 3778 2338 3831 ego
2363 3763 2562 3831 dignus
2594 3778 2701 3815 non
2731 3761 2831 3814 sim
2863 3768 2923 3812 ut
2964 3768 3016 3813 te
3052 3775 3292 3823 exorem,
3346 3777 3442 3816 νος

180 3858 323 3934 αλλὰ
356 3858 445 3911 διὰ
480 3858 539 3911 τὸ
575 3863 757 3929 μισεῖν
791 3877 847 3913 σε
877 3861 976 3924 τὰς
1009 3861 1255 3924 ἐναντίας
1285 3861 1563 3931 δυνάμεις.

1872 3862 2186 3906 rumtamen
2226 3852 2485 3919 quoniam
2521 3851 2685 3905 odisti
2726 3850 3031 3904 contrarias
3053 3858 3366 3917 petestates.

254 3948 349 4002 40.
378 3950 449 4003 Σὺ
472 3950 581 4022 γὰρ
610 3951 902 4019 γινώσκεις
926 3953 1017 4005 τὸν
1051 3952 1354 4023 ὀνειδισμόν
1390 3970 1492 4024 μου
1522 3952 1613 4006 τὸν
1644 3953 1779 4023 παρ’

1945 3943 2030 3996 40.
2078 3943 2157 3996 Tu
2203 3944 2346 3995 enim
2401 3943 2510 3996 scis
2560 3941 2914 4011 opprobrium
2961 3955 3166 4005 meum,
3201 3940 3346 4008 quod
3383 3942 3454 3996 ab

182 4042 389 4107 αὐτῶν,
427 4043 521 4096 καὶ
547 4044 648 4114 τὴν
674 4044 937 4114 αἰσχύνην
970 4044 1037 4113 ἥν
1065 4044 1195 4113 ἔχω,
1221 4045 1315 4097 καὶ
1348 4044 1447 4113 τὴν
1480 4046 1713 4116 ὲντροπή

1926 4052 1953 4089 s
1979 4036 2112 4088 mihi
2153 4045 2254 4101 est,
2287 4044 2342 4090 et
2381 4035 2782 4101 confusionem,
2822 4048 2986 4102 quam
3036 4033 3231 4095 habeo,
3268 4042 3322 4086 et
3347 4048 3450 4101 pu-

1872 4127 2079 4182 dorem.

253 4216 346 4269 41.
386 4217 452 4268 Αἱ
484 4217 720 4269 ἐναντίαι
753 4216 1009 4286 δυνάμεις
1048 4218 1267 4272 εἱσὶναὶ
1297 4218 1577 4272 θλίϐουσαί
1610 4237 1698 4290 με.

1946 4219 2037 4271 41.
2070 4218 2376 4271 Contrariae
2406 4226 2703 4288 potestates
2730 4224 2878 4279 sunt,
2905 4230 3025 4285 qum
3055 4215 3315 4269 triliulant
3342 4231 3449 4271 me.

252 4306 347 4359 42.
371 4306 532 4378 Παρὰ
568 4310 732 4371 πᾶσιν
757 4308 958 4371 ὄνειδος
982 4310 1077 4365 καὶ
1101 4308 1391 4378 βδελυκτὺς
1426 4311 1712 4382 ἐγενόμην.

1946 4307 2035 4361 42.
2072 4307 2229 4375 Apud
2263 4323 2459 4363 omnes
2501 4310 2820 4378 probrosus,
2853 4315 2908 4360 et
2940 4302 3324 4360 abominaliilis
3372 4304 3452 4358 fa-

1873 4407 1995 4452 CIUS
2027 4414 2170 4454 sum.

252 4485 345 4538 45.
383 4484 582 4537 Λοιπὸν
613 4487 642 4537 ὁ
671 4485 876 4556 Κύριος
923 4486 1109 4555 λέγει,
1156 4488 1238 4541 ὅτι
1280 4490 1610 4559 Περιέμεινα
1646 4490 1772 4543 ἰδεῖν

1944 4491 2035 4545 45.
2068 4490 2297 4543 Demum
2347 4488 2612 4542 Dominus
2662 4487 2815 4551 dicit,
2846 4486 3102 4555 quoniam
3143 4484 3450 4553 exspectavi

180 4593 309 4628 τινα
365 4576 931 4649 συλλυπούμενονξτῷ
994 4580 1394 4650 ἁμαρτάνοντι,
1446 4581 1540 4633 καὶ
1599 4581 1711 4633 οὐδε

1920 4582 2059 4636 idere
2117 4581 2355 4649 aliquem
2404 4580 2782 4635 condolentem
2831 4578 3140 4648 peccaturi.
3186 4584 3239 4629 ct
3289 4588 3451 4628 nemo

184 4670 347 4733 ὅλως.

1874 4674 2103 4728 omnino
2132 4672 2254 4726 fuit.

256 4762 348 4815 44.
382 4762 790 4827 Νουθετοῠντας
828 4764 1130 4836 ἐξεζήτησα
1185 4763 1263 4831 (7)
1321 4761 1490 4827 ἐλθὼν
1536 4764 1629 4815 ἐπὶ
1672 4763 1772 4836 τὴν

1946 4764 2039 4819 Mi.
2071 4764 2448 4817 Admonentes
2496 4758 2720 4829 quaesivi
2770 4759 2996 4813 veniens
3022 4758 3078 4811 in
3119 4764 3342 4823 terram,
3397 4764 3453 4811 et

221 4852 311 4923 ἦν,
340 4854 435 4905 καὶ
467 4854 563 4923 οὐχ
590 4849 766 4924 εὖρον.

684 4872 766 4909 ιον.
1876 4873 1985 4912 non
2016 4857 2215 4910 inveni.

254 4941 348 4997 £5.
379 4945 505 4997 Ἐπὶ
529 4945 624 4997 τοῦ
656 4944 913 5016 σταυροῦ.

801 4944 913 5015 ροῢ.
1946 4950 2035 5003 45.
2068 4949 2122 5001 In
2152 4962 2332 5003 cruce.

255 5036 344 5090 46.
394 5036 625 5107 Ὁμοίως
646 5037 721 5108 (8)
755 5038 847 5089 ἐπὶ
876 5035 971 5089 τοῦ
1008 5036 1266 5107 σταυροῦ.

1103 5036 1266 5107 ιυροῦ.
1943 5038 2033 5094 46.
2072 5039 2335 5094 Similiter
2366 5039 2419 5093 in
2455 5052 2634 5093 cruce.

257 5127 346 5180 47.
365 5127 428 5179 Ἦ
445 5126 647 5198 καρδία
667 5126 845 5179 αὐτῶν
861 5127 987 5179 είτω
1008 5124 1193 5197 [ἔστω]
1226 5128 1650 5201 εὐτρεπισμένον
1688 5130 1764 5203 (9)

1943 5131 2032 5183 47.
2067 5131 2176 5186 Cor
2199 5146 2387 5186 eorum
2415 5132 2487 5185 sit
2510 5134 2873 5199 prteparatum
2903 5125 3140 5190 diabolo,
3170 5135 3223 5180 et
3245 5123 3452 5196 angelis

182 5216 266 5288 τῷ
296 5218 544 5290 διαόὀλῳ,
576 5219 670 5271 καὶ
702 5221 814 5281 τοῖς
843 5217 1097 5286 ἀγγέλοις
1124 5217 1310 5272 αὐτοῦ.
1872 5224 2013 5292 ejus.

1145 5312 1455 5373 Addenda
1496 5322 1559 5375 et
1591 5313 1973 5394 corrigenda
1995 5332 2075 5375 ex
2098 5311 2238 5373 cod.
2270 5310 2474 5369 Vatic.

369 5433 435 5489 N.
470 5436 558 5489 51.
586 5435 858 5517 ,Μήκθιικ
886 5432 1072 5513 N.52.
1148 5436 1207 5488 Ὀ
1240 5436 1504 5501 διάϐολος.
1565 5438 1645 5507 Ν.
1666 5439 1759 5498 55.
1918 5437 2013 5517 -(6)
2046 5439 2108 5490 Et
2132 5436 2226 5517 θεαὶ
2249 5431 2359 5517 εγὼ
2411 5430 2628 5497 ἀνάξιός
2662 5430 2796 5499 εἰμι-
2840 5429 2960 5483 Mox
2999 5432 3175 5509 μισεῖν
3198 5472 3212 5485 .
3240 5470 3256 5486 .
3282 5471 3297 5485 .
3324 5472 3339 5487 .
3361 5431 3451 5489 δυο

185 5498 777 5579 Μήξέμείιυε,ὲᾳνέῷς
842 5577 850 5579 Α
964 5508 965 5513 ‘
1016 5576 1026 5579 _
1182 5578 1187 5579 ν
1466 5498 1479 5501 “
1642 5504 1645 5507 ‘
1869 5498 2084 5579 νάμεις,
2120 5498 2407 5579 ῥῦσαίξμε,

367 5569 498 5649 ξρτι
530 5569 805 5645 ὠφέλιμόν
837 5577 953 5629 ἐστι
981 5576 1043 5629 τὸ
1076 5575 1222 5641 ἔλεός
1250 5595 1376 5649 σοι).Δ
1940 5569 2016 5649 (7)
2048 5569 2158 5631 Καὶ).
2187 5569 2574 5649 νουθετοβντας
2606 5569 2862 5641 ἐζήτησα.

264 5580 339 5639 (2)
375 5580 498 5628 Ὅτι
530 5580 805 5645 ὠφέλιμόν
837 5580 953 5629 ἐστι
981 5580 1043 5629 τὸ
1076 5580 1222 5641 ἔλεός
1250 5595 1376 5649 σοι).Δ

366 5647 730 5768 Piliiégixouadv.

1113 5580 1222 5641 λεός
1250 5595 1365 5633 σου.
1940 5580 1996 5641 (7
2048 5580 2158 5631 Καὶ
2187 5580 2574 5639 νουθετουντας
2606 5580 2644 5622 ε(

1373 5640 1376 5649 λ
1941 5580 2016 5719 (8)
2063 5646 2297 5717 Ὁμοίως
2330 5642 2509 5702 πάλιν,
2542 5651 2644 5695 etc.

1944 5718 2021 5776 (9)
2057 5720 2213 5771 Ἤτω
2247 5712 2644 5776 εὐτρεπισμένη

371 5714 769 5790 Ἐπάκουσάνσ,,
854 5785 865 5790 ,
953 5786 978 5790 _
2057 5712 2213 5771 Ἠτω
2247 5712 2671 5785 εὐτρεπισμένη.

266 5784 341 5863 (5)
371 5786 677 5858 Προνὸησαι
708 5786 806 5857 τῆς
839 5785 1016 5858 ψυχῆς
1049 5805 1170 5859 μου.
