3876 6220
378 427 487 481 927
1232 424 1289 480 S.
1336 420 1706 482 ATHANASII
1744 419 1901 477 OPP.
1942 414 2123 472 PARS
2163 414 2249 469 lli.
2288 444 2358 464 η-
2393 407 2806 466 EXEGETICA.
3561 394 3681 453 92“

450 542 542 600 48.
573 543 640 597 Ει
669 544 723 598 ἰη
752 544 1193 611 retributionem,
1228 554 1281 599 et
1305 545 1358 598 in
1394 544 1739 599 scandalum.

1999 544 2047 600 Α
2146 536 2215 590 48
2270 536 2380 589 Kal
2413 535 2493 597 είς
2532 529 2913 587 ἀνταπόδοσιν,
2946 522 3047 580 καὶ,
3071 523 3151 585 είς
3180 516 3496 611 σκανδαλον.

452 637 542 691 49.
576 636 955 692 Obscurentur
981 638 1129 692 oculi
1156 653 1373 705 eorum,
1398 654 1467 694 ne
1494 638 1758 693 videant:

2150 625 2236 680 49.
2262 623 2710 694 Σκοτισθήτωσαν
2740 619 2789 670 οἱ
2823 613 3094 685 ὀφθαλμοὶ
3127 610 3306 665 αὐτῶν
3330 607 3424 662 τοῦ
3452 607 3527 677 μὴ
3552 604 3681 676 βλέ-

2079 735 2202 770 πειν
2222 734 2236 747 ⁸

455 809 547 866 50.
584 810 651 864 Et
681 812 909 866 dorsum
944 827 1138 868 eorum
1169 829 1385 884 semper
1416 814 1667 870 incurva.

2151 809 2239 864 50.
2270 807 2381 860 Kal
2430 806 2521 859 τὸν
2581 801 2749 857 νῶτον
2787 797 2967 852 αὐτῶν
2997 793 3287 857 διαπαντὸς
3323 788 3677 861 σύγκαμψον.

456 904 545 958 51.
576 903 805 958 Elfunde
834 921 999 974 super
1032 920 1127 961 eos
1156 906 1295 965 iram
1319 916 1469 960 tuam
1497 920 1513 960 :

2148 902 2236 956 51.
2273 902 2502 969 Ἔκχεον
2524 900 2610 950 ἐπ’
2641 895 2837 957 αὐτοὺς
2869 892 2968 963 τὴν
3002 891 3172 962 ὀργήν
3207 905 3300 942 σου
3320 905 3334 918 ο
3378 972 3380 975 Ι

457 996 547 1049 52.
582 994 649 1048 Et
682 996 837 1051 furor
868 999 964 1052 ira:
991 1007 1097 1053 tuae
1122 998 1553 1069 comprehendat
1578 1012 1695 1052 eos.

2162 993 2250 1047 52.
2288 993 2399 1046 Kal
2426 994 2454 1044 ὁ
2479 988 2652 1059 θυμὸς
2677 985 2775 1057 τῆς
2799 982 2971 1056 ὀργῆς
3002 999 3093 1034 σου
3131 974 3429 1069 καταλάϐοι
3450 974 3676 1038 αὐτούς.

457 1086 545 1141 55.
574 1087 695 1141 Fiat
729 1089 995 1143 habitatio
1022 1106 1214 1143 eorum
1241 1092 1456 1145 deserta
1483 1109 1496 1145 :

2151 1086 2239 1139 55.
2274 1082 2566 1154 Γενηθήτω
2600 1082 2635 1151 ἡ
2677 1078 2903 1140 ἔπαυλις
2936 1074 3114 1128 αὐτῶν
3150 1068 3494 1143 ἠρημωμένη

463 1180 553 1235 54.
583 1180 651 1235 Ει
692 1182 748 1235 in
797 1182 1168 1239 tabernaculis
1202 1198 1396 1238 eorum
1425 1197 1534 1237 non
1564 1181 1657 1248 sit,
1690 1179 1791 1251 qui
1816 1179 1978 1235 inha-

2149 1178 2238 1233 54.
2272 1178 2385 1230 Kal
2423 1178 2480 1229 ὲν
2502 1175 2615 1237 τοῖς
2650 1169 3005 1243 σκηνώμασιν
3038 1165 3218 1221 αὐτῶν
3248 1162 3322 1235 μὴ
3358 1162 3502 1214 ἔστω
3523 1162 3552 1213 ὁ
3578 1177 3679 1215 κα.-

389 1271 546 1328 bitet.

2079 1270 2304 1324 τοικῶν.

458 1362 546 1417 55.
572 1362 843 1429 Quoniam
867 1379 1030 1435 quem
1056 1372 1113 1418 tu
1141 1362 1488 1433 percussisti,
1508 1362 1787 1432 persecuti
1808 1371 1937 1417 sunt
1960 1379 1979 1417 :

1974 1380 1979 1414 ῐ
2155 1364 2246 1419 55.
2275 1364 2397 1416 Ὅτι
2431 1360 2491 1414 δν
2525 1358 2590 1412 σὺ
2622 1355 2920 1418 ὲπάταξας,
2956 1350 3109 1405 αὐτοὶ
3136 1347 3470 1413 κατεδίωξαν
3491 1388 3505 1400 .

462 1454 551 1508 56.
602 1456 666 1509 Et
711 1470 875 1524 super
898 1456 1148 1511 dolorem
1196 1454 1484 1508 vulnerum
1530 1469 1778 1511 meorum
1815 1453 1971 1508 addi-

2157 1455 2248 1510 56.
2285 1453 2398 1508 Kal
2437 1451 2528 1506 ἐπὶ
2561 1448 2624 1503 τδ
2662 1447 2826 1515 ἄλγος
2855 1444 2966 1500 τῶν
2992 1440 3459 1514 τραυμάτωνλμου
3510 1452 3684 1507 προσ-

393 1545 609 1600 derunt.

2081 1547 2301 1618 έθηκαν.

465 1639 551 1693 57.
574 1638 802 1708 Appone
826 1638 1169 1708 iniquitatem
1192 1653 1355 1706 super
1373 1637 1727 1707 iniquitatem
1744 1652 1937 1693 eorum
1963 1654 1977 1690 :

2157 1636 2253 1694 57.
2291 1632 2541 1704 Πρόσθες
2569 1629 2803 1699 ἀνομίαν
2839 1625 2931 1678 ἐπὶ
2959 1627 3023 1695 τῇ
3058 1620 3259 1693 ἀνομίᾳ.
3297 1618 3512 1674 αὐτῶν·

467 1732 557 1787 58.
592 1731 657 1785 Ει
690 1746 799 1783 non
829 1730 1033 1785 intrent
1062 1729 1115 1781 in
1139 1729 1408 1797 justitiam
1439 1738 1611 1782 tuam.

2152 1726 2242 1781 58.
2283 1726 2393 1778 Kal
2426 1723 2500 1795 μὴ
2532 1720 2927 1775 εἰσελθέτωσαν
2954 1719 3011 1769 ὲν
3045 1712 3364 1782 δικαιοσύνῃ
3398 1728 3515 1764 σου.

468 1823 555 1878 59.
589 1822 882 1876 Deleantur
911 1823 979 1873 de
1003 1820 1143 1874 libro
1174 1820 1474 1873 viventium
1502 1837 1515 1873 :

2159 1820 2247 1874 59.
2270 1816 2786 1885 Ἐξαλειφθήτωσαν
2817 1813 2881 1864 ὲκ
2909 1809 3091 1880 βίϐλου
3124 1806 3381 1872 ζώντωνοο

468 1913 558 1966 60.
589 1910 803 1967 Etcum
830 1910 994 1981 justis
1023 1926 1131 1965 non
1162 1910 1494 1964 scribantur.

2013 1886 2056 1941 Β
2160 1911 2250 1967 60.
2289 1910 2402 1964 Καὶ
2432 1907 2570 1979 μετά
2594 1906 2819 1960 δικαίων
2850 1904 2924 1975 μὴ
2948 1902 3338 1973 γραφήτωσαν.

466 2002 555 2056 61.
587 2000 802 2070 Pauper
833 2010 887 2055 et
916 2000 1109 2054 dolens
1141 2015 1262 2054 sum
1295 2016 1434 2069 ego:

2157 2004 2253 2065 6|.
2288 2002 2512 2073 Πτωχὸς
2537 2001 2632 2054 καὶ
2661 1997 2842 2067 ἀλγῶν
2877 1999 2991 2067 εἰμι
3023 1993 3160 2063 ἐγώ·

468 2094 558 2150 62.
593 2094 755 2149 Salus
787 2101 903 2161 tua,
936 2093 1102 2160 Deus,
1136 2095 1378 2163 suscepit
1412 2109 1518 2149 me.

2156 2095 2245 2150 62.
2274 2096 2337 2149 'H
2367 2093 2612 2164 σωτηρία
2640 2109 2732 2144 σου
2764 2092 2792 2143 ὁ
2821 2089 2954 2153 Θεὸς
2980 2085 3319 2142 ἀντιλάϐοιτό
3346 2082 3421 2153 (ιι)
3464 2098 3590 2151 μου.

463 2186 554 2243 65.
591 2187 855 2242 Laudabo
890 2203 1088 2241 nomen
1118 2186 1211 2241 Dei
1245 2186 1363 2260 [Dei
1395 2186 1526 2258 mei]
1576 2201 1707 2243 cum
1729 2187 1985 2243 cantico:

2161 2188 2251 2243 65.
2293 2185 2504 2239 Αἰνέσω
2520 2183 2580 2236 τὸ
2597 2183 2769 2252 ὄνομα
2783 2179 2878 2233 τοῦ
2895 2179 3029 2232 Θεοῦ
3049 2175 3205 2248 [Θεοῦ
3228 2173 3355 2246 μου]
3376 2175 3494 2244 μετ’
3513 2172 3684 2243 ᾠδῆς·

467 2279 554 2335 64.
583 2280 946 2350 Magnilicabo
975 2296 1100 2334 eum
1124 2279 1181 2335 in
1211 2281 1391 2336 laude.

2168 2280 2255 2334 64.
2297 2276 2600 2347 Μεγαλυνῶ
2625 2275 2786 2328 αὐτὸν
2813 2275 2870 2326 έν
2903 2270 3128 2326 αἰνέσει.

470 2372 560 2427 65.
593 2370 659 2426 Ει
680 2373 914 2443 placebit
941 2373 1051 2427 Deo
1082 2389 1249 2443 super
1274 2372 1509 2427 vitulum
1535 2370 1834 2439 novellum,
1862 2385 1990 2428 cor-

2163 2374 2251 2428 65.
2292 2372 2401 2425 Kal
2426 2370 2619 2442 ἀρέσει
2650 2366 2727 2437 τῷ
2755 2365 2874 2436 Θεῷ
2899 2363 3041 2431 ὑπὲρ
3074 2362 3272 2433 μόσχον
3296 2359 3439 2421 νέον,
3473 2356 3685 2427 κέρατα

399 2482 508 2519 nua
537 2466 934 2535 producentem
967 2477 1020 2521 et
1050 2467 1304 2537 ungulas.

1207 2467 1304 2523 Ias.
2091 2467 2396 2537 ἐκφέροντα
2426 2465 2520 2517 καὶ
2545 2460 2738 2526 ὁπλάς.

464 2554 552 2610 66.
586 2554 818 2610 Videant
842 2572 1110 2627 pauperes
1133 2567 1187 2613 et
1216 2557 1486 2613 laetentur.

2161 2558 2252 2614 66.
2296 2557 2371 2629 (b)
2399 2556 2683 2609 Ἰδέτωσαν
2713 2550 2941 2621 πτωχοὶ,
2977 2548 3070 2603 καὶ
3106 2544 3592 2616 εὐφρανθήτωσαν.

485 2666 537 2731 u)
562 2667 911 2721 Ἀντελάσετο
945 2684 1051 2722 ms.
1084 2677 1139 2723 et
1168 2669 1292 2724 cod.
1331 2668 1449 2723 Pal.

460 2666 537 2809 ἵε)
562 2667 911 2721 Ἀντελάσετο
945 2684 1051 2722 ms.
1084 2677 1139 2723 et
1168 2669 1292 2724 cod.
1331 2668 1449 2723 Pal.

489 2737 540 2810 ὁ)
581 2738 643 2793 V.
680 2738 767 2793 66.
797 2738 1045 2811 Κέρατα,
1078 2749 1181 2795 etc.
1214 2738 1279 2795 ν.
1316 2739 1404 2794 67.
1430 2738 1733 2805 Ἰδέτωσαν,
1767 2747 1875 2795 etc.
1902 2736 1972 2793 γ.

1523 2738 1733 2805 Ξτωσαν,
1767 2747 1875 2795 etc.
1902 2736 1972 2793 γ.
2013 2736 2103 2795 68.
2128 2737 2523 2811 Ἐκζητήσατε,
2554 2745 2685 2800 etc.,
2715 2748 2840 2803 usq.
2879 2730 3054 2803 ὑμῶν.

1527 2892 1911 2950 ΑΤΗΑΝΑδιι
1952 2884 2547 2948 INTERPRETATIO.

468 3010 557 3063 48.
594 3011 656 3064 Ει
688 3010 743 3064 in
770 3010 1025 3080 praesenti
1064 3013 1267 3067 saeculo
1316 3012 1795 3081 (retributionem)
1830 3009 1978 3065 acci-

2157 3005 2239 3059 48.
2271 3003 2384 3057 Kal
2431 3004 2490 3057 ὲν
2523 3002 2602 3071 τῷ
2656 2998 2752 3053 νῦν
2786 2998 2943 3052 αἰῶνι
2987 2994 3340 3060 ἀπολάϐωσι,
3379 2995 3475 3048 καὶ
3513 2997 3575 3050 ὲν
3606 2995 3688 3067 τῷ

395 3101 566 3171 piunt,
589 3102 708 3157 etin
731 3102 916 3159 futuro
932 3103 1389 3171 condemnentur,
1404 3105 1536 3179 quia
1555 3102 1818 3159 seandalo
1833 3118 1926 3158 sun

1908 3111 1983 3157 nt.
2093 3098 2340 3170 μέλλοντι
2366 3092 2795 3165 κατακριθῶσιν,
2832 3091 2909 3154 ὡς
2939 3088 3233 3143 σκάνδαλον
3267 3087 3439 3151 ὄντες.

468 3191 557 3245 49.
588 3191 744 3246 Oculi
776 3195 976 3248 mentis
1007 3209 1225 3247 eorum.

2161 3189 2251 3243 49.
2276 3189 2340 3241 Οἱ
2367 3187 2635 3257 ὀφθαλμοὶ
2664 3186 2761 3256 τῆς
2796 3182 3034 3247 διανοίας
3067 3181 3266 3235 αὐτῶν.

467 3273 559 3330 50.
592 3276 657 3329 Ει
687 3292 797 3330 non
845 3278 1173 3348 resipiscam
1203 3296 1234 3335 a
1263 3280 1503 3350 peccatis
1538 3278 1884 3347 eorum,rsed
1929 3277 1990 3335 in

2162 3282 2251 3338 50.
2283 3284 2395 3335 Kal
2425 3282 2500 3352 μὴ
2536 3278 2907 3333 ἀνανεύσωσιν
2930 3276 3037 3330 ἀπὸ
3059 3276 3157 3346 τῆς
3182 3273 3456 3345 ἁμαρτίας
3480 3274 3686 3338 αὐτῶν,

398 3364 534 3435 ipsis
563 3368 894 3422 moriantur.

2089 3374 2203 3430 ἀλλ’
2236 3360 2297 3427 ὲν
2324 3374 2463 3444 αὐτῇ
2493 3370 2944 3426 ἀποθανοῦνται..

464 3458 556 3516 51.
590 3458 719 3530 Igne
755 3462 1002 3517 comburi
1030 3462 1119 3519 fac
1147 3479 1244 3520 eos
1278 3465 1491 3527 ccasio.

2163 3466 2253 3521 5i.
2272 3464 2683 3536 Πυρικαύστους
2714 3462 2910 3525 αὐτοὺς
2934 3460 3010 3532 (1)
3035 3458 3260 3529 ποίησον
3294 3458 3359 3511 ὲκ
3390 3454 3498 3515 τοῦ,
3520 3456 3688 3527 οὐρα-

2096 3579 2206 3619 θον.

471 3634 562 3689 52.
597 3633 662 3689 Et
696 3650 861 3690 nemo
890 3650 1081 3690 eorum
1107 3637 1367 3692 salvetur.

2165 3652 2256 3707 59.
2293 3650 2403 3705 Kal
2444 3649 2634 3719 μηδεὶς
2665 3646 2845 3702 αὐτῶν
2872 3644 3127 3715 διασωθῇ.

469 3726 561 3780 55.
598 3725 832 3781 Mentem
868 3743 1057 3782 eorum
1095 3730 1390 3799 signiﬁcat.

2162 3742 2249 3798 55.
2283 3741 2393 3812 Τὴν
2417 3741 2656 3795 διάνοιαν
2681 3740 2757 3811 (2)
2785 3737 2966 3793 αὐτῶν
2997 3736 3164 3805 λέγει.

471 3818 561 3872 54.
594 3817 725 3874 Sine
760 3819 968 3875 auxilio
993 3822 1125 3876 sint.

2162 3835 2250 3889 54.
2284 3832 2604 3905 Ἀϐοήθητοι
2638 3825 2792 3885 ὦσιν.

472 3908 565 3964 55.
596 3908 893 3977 Quoniam,
920 3927 1083 3981 quem
1117 3921 1175 3967 tu
1226 3913 1437 3973 misisti,
1458 3912 1515 3973 in
1561 3911 1851 3978 mundum,
1880 3912 1986 3985 ipsi

2167 3927 2253 3981 55.
2287 3927 2410 3980 Ὀτι
2454 3926 2513 3978 ὃν
2547 3925 2611 3978 σὺ
2641 3922 2965 3985 ἀπέστειλας
2996 3922 3075 3985 εἰς
3124 3919 3214 3974 τὸν
3256 3919 3462 3973 κόσαον
3487 3917 3698 3979 ..αὐτοὶ

400 4001 738 4057 occiderunt.
2093 4022 2411 4076 ὲτοόνευσαν.

470 4090 557 4145 56.
588 4089 804 4147 Lancea
836 4095 1244 4151 transﬁxerunt.

2103 4075 2108 4076 ν
2137 4075 2249 4168 ¹56.
2283 4112 2467 4183 Δόγχῃ
2501 4110 2576 4183 (5)
2612 4110 2990 4179 ἐξεκέντησαν.

474 4180 564 4234 57.
596 4180 1075 4247 Quemadmodum
1111 4187 1215 4257 ipsi
1245 4188 1483 4243 contenti
1518 4202 1628 4243 non
1656 4186 1877 4241 fuerunt
1901 4199 1986 4237 me

2171 4205 2250 4259 57.
2279 4180 2677 4275 Ὥσπερ-αὖτοὶ
2718 4202 2818 4255 οὐκ
2864 4200 3214 4272 ἠρκέσθησαν
3265 4196 3702 4270 σταυρῶσαντές

400 4272 763 4342 cruciﬁxisse,
810 4278 907 4333 sed
959 4280 1129 4335 aliam
1184 4280 1351 4337 etiam
1396 4280 1612 4352 plagam
1664 4280 1799 4334 mihi
1844 4278 1931 4332 ἱηιι

402 4362 605 4418 lerunt.

1864 4288 1989 4332 mu"
2021 4352 2064 4407 υ
2097 4316 2186 4369 με,
2219 4298 2357 4351 ἀλλὰ.
2388 4272 2485 4351 καλ
2516 4296 2711 4368 ἑτέραν
2735 4293 2948 4367 πληγὴν
2978 4294 3255 4365 ὲπήγαγόν
3278 4309 3389 4361 μοι.

422 4370 605 4421 erunt.

473 4457 564 4513 58.
594 4460 655 4513 1n
680 4474 910 4529 regnum
943 4469 1117 4515 tuum.

2167 4474 2254 4529 58.
2278 4474 2370 4527 Ἐν
2393 4476 2458 4545 τῇ
2489 4474 2735 4544 βασιλείᾳ
2762 4490 2877 4527 σου.

472 4551 565 4606 59.
591 4549 635 4604 Ε
657 4552 833 4608 caelis.

2167 4568 2255 4623 59.
2283 4566 2383 4621 Ἐκ
2406 4567 2515 4621 τῶν
2543 4566 2808 4638 οὐρανῶν.

476 4642 564 4697 6οο
599 4644 659 4698 In
690 4646 868 4701 οωιίεο
2168 4659 2375 4716 60.”Εν
2406 4662 2521 4722 τοῖς
2548 4660 2815 4730 οὐρανοῖς.

473 4735 562 4790 61.
616 4735 946 4793 Mendicavit
995 4737 1049 4793 in
1103 4737 1420 4793 servitutem
1470 4736 1751 4793 redactum
1814 4751 1985 4808 genus

1870 4751 1985 4793 mus
2164 4752 2252 4806 61.
2279 4750 2626 4821 Ἐπτώχευσε
2656 4747 2920 4803 δουλωθὲν
2953 4748 3018 4801 τὸ
3047 4747 3200 4817 γένος
3226 4745 3401 4818 ἡμῶν.

402 4834 674 4882 nostrum.

474 4915 562 4969 62.
599 4916 668 4970 Et
701 4919 981 4989 sepultura
1024 4930 1078 4975 et
1123 4921 1456 4977 resurrectio
1495 4929 1612 4986 tua,
1652 4920 1818 4987 Deus,
1861 4939 1985 4979 sus-

2160 4926 2250 4983 62.
2292 4926 2401 4980 Καὶ
2435 4925 2637 4996 ἡταφὴ
2670 4923 2767 4977 καὶ
2795 4925 2827 4994 ἡ
2858 4922 3154 4985 ἀνάστασίς
3184 4936 3300 4983 σου,
3327 4921 3357 4973 ὁ
3395 4918 3553 4983 Θεὸς,
3585 4923 3686 4975 ἀν.-

400 5008 545 5076 cepit
575 5024 683 5062 me.

2087 5018 2345 5073 τελάὖετό
2379 5035 2502 5087 μου.

471 5096 561 5152 65.
599 5095 830 5168 Hymnis
865 5098 1155 5154 celebrabo
1188 5114 1315 5154 eum
1347 5100 1402 5155 in
1428 5102 1815 5158 exsultatione.

1715 5118 1815 5158 meo
2161 5112 2252 5166 65.
2280 5112 2405 5164 Ἀνυ
2415 5112 2606 5182 μνήσω
2634 5109 2796 5166 αὐτὸν
2826 5110 2884 5162 ὲν
2910 5106 3246 5176 ἀγαλλιάσει.

472 5190 563 5245 64.
596 5189 928 5246 Glorilicabo
952 5206 1077 5246 eum
1111 5193 1166 5246 in
1196 5192 1376 5248 laude.

2163 5203 2254 5258 64.
2297 5202 2515 5266 Δοξάσω
2544 5203 2707 5257 αὐτὸν
2735 5204 2792 5254 ὲν
2821 5200 3045 5254 αἰνέσει.

472 5280 562 5335 65.
603 5280 779 5352 Super
810 5282 1074 5352 populum
1107 5281 1422 5340 Judzeorum
1475 5287 1775 5357 petulcum,
1806 5295 1863 5343 et
1904 5286 1983 5341 la-

2163 5295 2254 5349 65.
2291 5294 2462 5368 Ὑπὲρ
2488 5295 2577 5348 τὸν
2606 5296 2734 5349 λαὸν
2758 5294 2866 5347 τῶν
2900 5292 3171 5347 Ἰουδαίων
3193 5290 3321 5355 τοὺς
3351 5290 3426 5361 (4)
3458 5290 3681 5360 κερατί-

400 5374 721 5431 scivientem
752 5376 807 5429 in
837 5377 1097 5446 peccatis.

2090 5388 2303 5453 ζοντας,
2340 5391 2435 5445 καὶ
2462 5390 2798 5461 σκιρτῶντας
2830 5391 2888 5443 ὲν
2918 5392 3039 5452 ταῖς
3060 5386 3373 5461 ἁμαρτίαις.

471 5470 558 5526 66.
596 5470 873 5543 Pauperes
902 5472 1089 5538 corde,

2158 5482 2248 5536 66.
2289 5484 2352 5535 Οἱ
2386 5487 2451 5555 τῇ
2484 5483 2679 5555 καρδίᾳ
2708 5486 2936 5555 πτωχοὶ.

1360 5585 1667 5651 Addenda
1697 5594 1757 5649 et
1781 5588 2161 5668 corrigenda
2193 5612 2271 5657 ex
2303 5597 2444 5658 cod.
2470 5597 2677 5659 Vatic.

592 5686 800 5769 59195.;
831 5688 1003 5743 deest.

2174 5697 2248 5767 (4)
2287 5698 2353 5751 Ν.
2409 5698 2496 5752 66.
2550 5699 2689 5763 Τοὺς
2736 5716 2880 5769 κερ.,
2922 5697 3044 5755 etc.‘
3074 5698 3140 5752 Ν.
3172 5697 3260 5751 67.
3294 5697 3355 5748 Οἱ
3399 5696 3490 5764 τῇ,
3542 5705 3676 5763 ctc.,

477 5758 553 5899 ΣΞ)
593 5760 657 5811 'H
696 5758 924 5811 διάνοια.

503 5830 556 5897 5)
582 5830 660 5899 Τῇ
691 5828 860 5898 λόγχῃ
888 5828 1242 5899 ἐξεκέντησὰν
1276 5845 1363 5899 με.

2092 5758 2265 5838 usque
2296 5770 2362 5824 ad
2393 5769 2540 5839 ἔθνη.

1009 5828 1242 5899 νέντησὰν
1276 5845 1363 5899 με.

503 5830 556 5897 5)
582 5830 660 5899 Τῇ
691 5828 860 5898 λόγχῃ
888 5828 1242 5900 ἐξεκέντησὰν
1276 5845 1363 5901 με.
