3876 6220
150 258 252 316 9‘20
1043 263 1131 320 DE
1169 261 1451 320 TlTULlS
1478 252 1935 318 PSALMORUM.
1976 292 2048 302 —
2086 255 2287 316 PSAL.
2327 257 2516 314 LXIX.
3342 256 3448 311 9⁸κο

217 382 307 438 67.
330 383 707 454 Ἐκζητήσατε
739 383 831 437 τὸν
859 385 1015 450 Θεὸν,

975 405 1015 450 ν,
1772 394 1821 448 Α
1918 386 2005 440 67.
2034 385 2275 452 Quaerite
2309 381 2506 449 Deum,

217 473 307 530 68.
348 474 459 527 Kal
498 473 729 545 ζήσεται
755 479 788 547 ὴ
820 477 966 551 ψυχὴ
999 479 1173 550 ὑμῶν.

1926 481 2017 535 68.
2054 482 2119 535 Et
2148 481 2291 534 vivet
2320 478 2504 532 anima
2536 484 2735 530 vestra.

217 567 306 623 69.
326 569 449 620 ’Ότι
485 568 775 640 εἰσήκουσε
800 570 909 627 τῶν
940 574 1187 643 πενήτων
1221 574 1249 626 ὁ
1278 573 1514 644 Κύριος·

1927 574 2016 628 69.
2055 573 2326 640 Quoniam
2362 570 2645 627 exaudivit
2680 583 2949 639 pauperes
2981 565 3290 622 Dominus:

218 661 308 716 70.
348 662 458 715 Kal
478 662 604 725 τοὺς
632 664 1046 735 πεπεδημένους
1065 665 1230 719 αὐτοῦ
1248 668 1347 720 οὑκ
1366 667 1742 732 ὲξουδένωσεν.

1404 667 1742 732 ξουδένωσεν.
1927 667 2018 721 70.
2054 666 2117 720 Ει
2146 667 2358 719 vinctos
2386 680 2516 719 suos
2538 679 2645 717 non
2672 662 2935 731 despexit.

219 752 309 809 7i.
348 754 730 810 Αίνεσάτωσαν
760 757 921 810 αὑτὸν
952 760 1000 811 οἱ
1023 759 1243 831 οὐρανοὶ
1271 760 1363 812 καὶ
1397 762 1429 830 ή
1454 762 1546 831 γῆ,

1360 799 1363 811 .
1397 762 1429 830 ή
1454 762 1546 831 γῆ,
1925 757 2013 812 7i.
2050 756 2297 812 Laudent
2327 758 2478 811 illum
2500 755 2624 811 coeli
2647 764 2699 810 et
2728 763 2891 820 terra,

218 844 307 899 7‘2.
348 847 606 900 Θάλασσα
628 849 723 901 καὶ
757 849 934 903 πάντα
961 850 1031 905 τὰ
1066 852 1305 923 ἓρποντα
1333 854 1391 905 ἐν
1424 854 1562 923 αὐτῇ
1588 869 1601 882 ο

1446 854 1562 923 ιύτῂ
1588 869 1601 882 ο
1927 850 2015 903 72.
2046 848 2194 903 Mare
2228 857 2281 903 et
2313 850 2498 902 omnia
2528 849 2743 916 reptilia
2784 849 2840 901 in
2868 861 2933 901 eo
2966 866 2977 901 :

216 936 306 992 75.
325 939 448 992 Ὅτι
477 941 506 992 ὁ
534 940 666 1005 Θεὸς
696 941 858 995 σώσει
891 941 991 1015 τὴν
1020 943 1159 996 Σιών
1182 960 1194 973 ·

1930 939 2019 996 75.
2058 939 2331 1006 Quoniam
2367 937 2512 993 Deus
2539 939 2746 994 salvam
2785 937 2949 992 faciet
2979 937 3151 1002 Sion;

213 1031 306 1086 74.
346 1033 459 1087 Καὶ
496 1034 1019 1107 οἰκοδομηθήσονται
1047 1039 1102 1090 αἱ
1126 1038 1311 1100 πόλεις
1330 1039 1432 1107 τῆς
1453 1035 1737 1100 Ἰουδαίαςο

1528 1035 1737 1100 υδαίας·
1920 1033 2013 1088 74.
2044 1034 2108 1087 Et
2142 1032 2839 1087 tedilicabuntur‘civitates
2878 1029 3015 1084 Juda
3044 1046 3057 1082 :

214 1123 302 1178 75.
344 1125 454 1177 Kal
493 1129 915 1198 κατοικήσουσιν
955 1130 1200 1196 ὲκεῖ,καὶ
1239 1129 1743 1201 κληρονομήσουσιν

1923 1125 2012 1182 75.
2046 1125 2112 1180 Et
2149 1126 2542 1181 inbabitabunt
2579 1126 2677 1194 ibi,
2704 1134 2759 1181 et
2804 1126 3121 1181 haereditate
3155 1124 3433 1195 acquirent

145 1215 337 1284 αὐτήν.

1848 1233 1992 1274 eam.

218 1306 305 1360 76.
325 1308 504 1362 Καὶιτὸ
523 1310 864 1382 σπέρματῶν
881 1312 1083 1367 δούλων
1099 1331 1192 1367 σου
1211 1313 1532 1378 καθέξουσιν
1548 1316 1738 1387 αὐτήν.

1921 1308 2009 1363 76.
2046 1307 2113 1361 Ει
2146 1323 2333 1363 semen
2371 1323 2654 1362 servorum
2685 1316 2903 1361 tuorum
2946 1307 3244 1377 possidebit
3289 1322 3434 1363 eam.

216 1397 303 1449 77.
323 1401 430 1451 Kal
447 1402 496 1452 οἱ
514 1401 838 1470 ἀγαπῶντες
866 1404 928 1457 τὸ
956 1404 1128 1475 ὄνομά
1159 1422 1253 1457 σου
1282 1404 1742 1477 κατασκηνώσου-

1926 1399 2016 1457 77.
2072 1401 2143 1455 Et
2195 1399 2293 1471 qui
2350 1399 2587 1470 diligunt
2646 1413 2845 1453 nomen
2901 1407 3053 1453 tuum
3115 1398 3433 1453 ltabitabunt

145 1505 228 1543 σιν
262 1491 320 1543 ἐν
349 1491 512 1564 αὐτῇ.

483 1496 512 1564 ι.
1847 1491 1904 1549 in
1931 1509 2014 1549 ea.

143 1607 248 1673 Εις
271 1606 335 1660 τὸ
365 1606 560 1675 τέλος,
585 1607 667 1674 τῷ
692 1610 892 1675 Δαϐὶὸ,
918 1612 1006 1678 εἰς
1036 1612 1403 1682 ἀνάμνησιν,
1430 1614 1517 1680 εἰς
1533 1613 1599 1667 τὸ
1622 1628 1674 1666 σε

1899 1607 1959 1664 In
1986 1610 2167 1681 ﬁnem,
2195 1609 2383 1671 David,
2426 1610 2482 1663 in
2512 1609 3001 1662 rememorationem
3056 1611 3195 1679 quod
3225 1610 3430 1664 salvum

501 1700 609 1752 σαί
631 1718 727 1771 με,
754 1702 987 1770 Κύριος.
1024 1706 1198 1759 ΨΑΛ.
1231 1703 1357 1759 ΞΘ’.
1772 1761 1814 1773 ﬁ

1772 1761 1814 1773 λ
2082 1722 2164 1758 me
2210 1705 2389 1773 fecerit
2408 1703 2700 1773 .Dominus.
2739 1702 2942 1757 l’SAL.
2976 1702 3183 1759 LXIX.

215 1790 266 1845 Ι.
296 1791 362 1845 Ὀ.
384 1792 539 1858 Θεὸς,
577 1761 658 1857 εἰς
681 1761 778 1867 τήν
809 1761 1061 1866 βοήθειάν
1092 1813 1194 1867 μου
1234 1796 1494 1868 πρόσχες.

1772 1761 1817 1821 Β
1912 1794 1965 1849 1.
2002 1794 2167 1857 Deus,
2204 1796 2257 1848 in
2290 1796 2623 1864 adiutorium
2664 1810 2846 1848 meum
2875 1796 3133 1849 intende:

212 1884 266 1937 2.
310 1885 508 1956 Κύριε,
540 1888 620 1949 εἰς
642 1886 703 1939 τὸ
735 1886 1004 1959 βοηθῆσαί
1038 1907 1128 1958 μοι
1163 1888 1416 1943 σπεῦσον.

1915 1888 1971 1942 2.
2000 1887 2249 1953 Domine,
2278 1887 2344 1941 ad
2370 1886 2740 1957 adjuvandum
2779 1902 2865 1941 me
2893 1885 3113 1941 festina.

216 1975 272 2030 5.
312 1977 796 2049 Αἰσχυνθήτωσαν,
834 1981 927 2033 καὶ
975 1981 1406 2054 ὲντραπήτωσαν
1439 1982 1488 2035 οἱ
1517 1981 1739 2052 ζητοῦν-

1917 1981 1972 2035 '5.
2021 1979 2461 2043 Confundantur,
2516 1988 2571 2033 et
2619 1986 2993 2043 revereantur,
3031 1978 3124 2047 qui
3177 1985 3432 2047 quaerunt

139 2083 237 2130 τες
260 2068 359 2139 τὴν
387 2070 566 2141 ψυχήν
609 2086 730 2141 μου.

1845 2073 2085 2127 animam
2126 2087 2325 2127 meam.

211 2160 271 2215 4.
288 2162 827 2235 Ἀποστραφήτωσαν
854 2165 933 2226 είς
959 2163 1030 2216 τὰ
1053 2163 1251 2229 ὀπίσω,
1284 2166 1378 2220 καὶ
1404 2182 1737 2236 καταισχυν-

1916 2165 1969 2218 4.
1998 2166 2329 2219 Avertantur
2362 2176 2687 2234 retrorsum,
2724 2177 2778 2222 et
2820 2166 3169 2233 erubescant,
3202 2165 3295 2235 Qui
3327 2176 3430 2218 vo-

136 2250 397 2324 θήτωσαν
421 2256 470 2307 οἱ
500 2253 816 2327 βουλόμενοί
852 2273 941 2327 μοι
973 2257 1139 2312 κακά.

803 2255 816 2309 ί
852 2273 941 2327 μοι
973 2257 1139 2312 κακά.
1846 2256 1965 2312 lunt
1994 2257 2131 2312 mihi
2170 2258 2334 2313 mala.

1279 2417 1659 2475 ATHANASH
1700 2416 2271 2475 INTERPRETATIO

204 2573 303 2629 67.
344 2573 604 2628 Τουτέστι
635 2574 704 2630 τὰ
730 2575 879 2647 ἔθνη.

1909 2576 1997 2630 67.
2026 2574 2142 2631 Hoc
2163 2584 2247 2631 est
2274 2586 2482 2648 gentes.

203 2666 303 2721 68.
344 2665 440 2729 Εἰς
470 2665 558 2720 τὸν
584 2666 756 2722 αἰῶνα
782 2666 875 2722 τοῦ
907 2669 1121 2735 αἰῶνος.

1107 2709 1121 2724 .
1909 2670 1996 2723 68.
2028 2672 2088 2723 In
2129 2671 2389 2726 saeculum
2422 2672 2633 2729 saeculi.

204 2759 306 2814 69.
348 2759 469 2812 Τῶν
501 2761 672 2830 ἁγίων
707 2748 806 2834 (l).

765 2762 806 2829 ).
1915 2764 2004 2819 69.
2042 2763 2295 2819 Sanctos.

204 2851 303 2905 70.
346 2853 483 2916 Τοὺς
506 2854 953 2925 προσφεύγοντας
973 2854 1123 2927 αὑτῷ
1147 2854 1256 2909 ἀπὸ
1281 2855 1381 2927 τῆς
1408 2853 1702 2926 ἁμαρτίας.

1488 2854 1702 2926 αρτίας.
1919 2859 2008 2914 70.
2041 2858 2435 2928 Confugientes
2463 2856 2529 2911 ad
2555 2871 2680 2911 eum
2712 2871 2744 2911 a
2780 2857 3018 2927 peccatis

205 2946 305 3002 7i.
346 2948 407 3000 Οί
436 2949 751 3018 ἐπουράνιοι
777 2949 871 3001 καὶ
896 2950 946 3001 οἱ
975 2948 1226 3017 ἐπίγειοι.

1139 2966 1226 3003 ιοι.
1919 2951 2006 3007 71.
2042 2951 2329 3016 lecstes,
2355 2960 2409 3005 et
2440 2949 2664 3003 terreni.

205 3039 300 3092 '72.
328 3039 385 3092 Ὀ
420 3040 624 3111 κόσμος
658 3040 750 3093 καὶ
779 3043 827 3093 οἱ
862 3040 1330 3112 ἀναστρεφόμενοι
1361 3041 1420 3093 ὲν
1446 3037 1619 3111 αὐτῷ.

1508 3038 1619 3111 ιτῷ.
1766 3040 1811 3100 C
1914 3044 2005 3099 72.
2034 3043 2290 3107 Mundus,
2323 3051 2377 3097 et
2406 3044 2497 3111 qui
2534 3042 2587 3095 in
2623 3056 2689 3097 eo
2730 3054 3039 3097 versantur.

205 3134 299 3186 75.
343 3132 454 3204 Τὴν
480 3132 660 3204 ψυχὴν
707 3134 807 3203 τὴν
841 3134 1081 3203 διψῶσαν
1110 3135 1293 3188 αὐτόν.
1328 3133 1483 3187 Σιὼν
1511 3134 1620 3205 γὰρ
1646 3131 1736 3204 έρ-

1916 3136 2005 3191 75.
2041 3136 2298 3189 Animam
2329 3133 2600 3189 sitientem
2633 3148 2779 3188 eum.
2813 3133 2946 3188 Sion
2985 3135 3130 3190 enim
3165 3136 3428 3209 interpre-

131 3225 435 3299 μηνεύεται
459 3224 723 3294 διψῶσα.

697 3244 723 3279 ι.
1844 3237 1991 3283 tatur
2020 3228 2228 3282 sitiens.

206 3317 300 3372 74.
346 3317 456 3371 Kal
496 3318 1012 3389 οὶκοδομηθήσονται
1061 3320 1115 3372 αἱ
1145 3318 1387 3390 καρδίαι,
1416 3318 1473 3371 αἱ
1504 3316 1581 3387 τῷ
1614 3314 1735 3387 Θεῷ

1916 3323 2003 3377 74.
2042 3321 2108 3377 Ει
2140 3320 2565 3377 aadiiicabuntnr
2613 3318 2776 3374 corda
2813 3319 3125 3376 conﬁtentia
3162 3321 3293 3379 Deo.
3329 3324 3427 3380 Ju-

130 3411 655 3483 ὲξομολογούμεναι.
676 3411 926 3466 Ἰουδαία
953 3412 1062 3484 γὰρ
1092 3410 1455 3484 ἑρμηνεύεται
1490 3408 1612 3476 Θεῷ
1639 3410 1661 3462 ὲ

1509 3408 1612 3476 9εῷ
1639 3409 1736 3475 ἐξ·
1843 3409 1964 3464 dtea
1996 3409 2144 3464 enim
2185 3409 2578 3466 interpretatur
2612 3408 2873 3475 conﬁtens
2910 3408 3040 3464 Deo.

131 3508 622 3577 ομολογούμενος
655 3506 753 3576 (2).
2244 3540 2247 3545 ι
2468 3520 2471 3525 ’

212 3599 308 3653 75.
352 3599 465 3669 Τὴν
493 3599 607 3652 ἄνω
641 3598 1026 3670 Ἰερουσαλήμ.
1575 3633 1579 3636 -

1575 3633 1579 3636 .
1921 3589 2011 3645 75.
2056 3588 2361 3658 Supernam
2385 3587 2710 3643 Jerusalem.

206 3688 300 3742 76.
343 3688 452 3740 Καὶ
469 3688 538 3741 τὰ
553 3688 691 3761 ἔργα
718 3688 824 3741 τῶν
840 3689 1012 3757 ἁγίων
1033 3705 1128 3742 σου
1149 3689 1523 3761 κρατήσουσιν
1544 3687 1737 3759 αὐτήν.

1921 3680 2008 3733 76.
2053 3679 2120 3734 Ει
2149 3695 2313 3749 opera
2339 3689 2657 3734 sanctorum
2685 3689 2901 3733 tuorum
2935 3681 3259 3738 obtinebunt
3285 3701 3428 3743 eam.

209 3781 303 3837 77.
345 3782 457 3835 Kal
485 3782 641 3835 αὐτοὶ
675 3781 821 3851 ἅγιοι
855 3781 1228 3851 σκηνώσουσιν
1259 3781 1336 3851 (5)
1364 3783 1423 3835 ὲν
1456 3782 1617 3852 αὐτῇ.

1456 3782 1617 3852 αὐτῇ.
1919 3773 2009 3827 77.
2043 3772 2108 3826 Ει
2128 3772 2229 3842 ipsi
2256 3772 2429 3826 sancti
2472 3771 2798 3825 habitabunt
2830 3772 2969 3826 inea

218 3894 289 3948 'H
325 3894 661 3966 προκειμένη
698 3895 976 3967 ἐπιγραφὴ
1015 3895 1260 3967 περιέχει
1290 3895 1367 3967 (4)
1388 3913 1401 3927 ⁸
1435 3897 1539 3962 Εἰς
1566 3896 1631 3948 τὸ
1654 3892 1850 3959 τέλος,
1874 3887 1954 3954 τῷ
1983 3887 2179 3950 Δαϐὶδ,
2206 3890 2294 3953 εἰς
2326 3886 2671 3956 ἀνάμνησιν
2712 3888 2800 3951 εἰς
2845 3887 2912 3939 τὸ
2954 3888 3154 3941 σῶσαί
3176 3908 3272 3959 με,
3317 3895 3426 3949 Κύ-

131 4008 267 4058 ριος
296 3992 396 4062 (5).
428 3991 602 4046 Τοῦτο
630 3987 722 4045 οὖν
751 3995 919 4057 ἐστιν,
957 3992 1050 4045 ἐπὶ
1081 3992 1237 4057 τέλος
1266 3992 1344 4063 (6)
1388 3994 1416 4046 ὁ
1466 3988 1909 4060 ἐξουθενημένος,
1943 3986 1974 4055 ἢ
2010 3986 2137 4037 ὅταν
2170 3982 2301 4055 ἔλθῃ
2345 3986 2425 4046 εἷς
2472 3983 2780 4055 ἀνάμνησιν
2805 3986 2884 4047 εἰς
2908 3985 2969 4037 τὸ
3002 3988 3240 4059 σωθῆναι
3267 3992 3431 4047 αὐτὸν

131 4085 244 4139 ὕπὸ
274 4085 481 4155 Κυρίου
511 4083 658 4153 λέγει
678 4084 769 4138 τὸν
792 4084 1029 4155 ψαλμόν.
1051 4084 1231 4139 Δαὸὶδ
1256 4085 1367 4156 γὰρ
1391 4082 1754 4156 ἑρμηνεύεται
1777 4075 2274 4145 ἐξουθενημένος,
2310 4075 2446 4146 ὅπερ
2528 4075 2557 4126 ὁ
2579 4075 2806 4139 δίκαιος,
2828 4074 2930 4147 [ὃς]
2947 4079 3262 4148 εὑρίσκεται
3282 4086 3433 4155 παρὰ

128 4176 248 4229 τῶν
282 4176 340 4227 ἐν
372 4175 449 4247 τῷ
479 4175 670 4247 κόσμῳ
702 4173 1151 4246 ἐξουθενημένος,
1186 4175 1219 4246 ἦ
1251 4175 1280 4225 ὁ
1311 4173 1636 4245 ἁμαρτωλὸς
1667 4170 2078 4238 ὀνειδιζόμενος.

204 4267 429 4323 Titulus
463 4268 788 4339 przeposilus
816 4268 1063 4324 continet
1096 4286 1110 4322 :
1150 4266 1217 4322 In
1253 4269 1434 4338 ﬁnem,
1469 4267 1641 4320 David
1667 4267 1721 4319 in
1748 4262 2259 4329 rememorationem,
2293 4262 2434 4334 quod
2458 4262 2663 4317 salvum
2684 4280 2766 4318 me
2795 4265 2979 4334 fecerit
3013 4264 3289 4322 Dominus.
3316 4268 3429 4325 Hot

129 4366 309 4434 igitur
339 4374 444 4428 est,
476 4365 530 4418 in
566 4367 673 4419 line
701 4373 1072 4435 contemptus,
1108 4374 1204 4420 aut
1240 4380 1365 4419 cum
1396 4361 1611 4419 venerit
1658 4363 1715 4416 in
1754 4357 2291 4421 rememorationem,
2335 4357 2482 4427 quod
2523 4358 2733 4412 salvum
2769 4372 2892 4411 eum
2938 4356 3129 4412 fecerit
3160 4358 3431 4419 Dominus

126 4458 274 4513 dicit
300 4458 593 4528 psalmum.
633 4456 803 4511 David
850 4457 995 4512 enim
1040 4456 1433 4526 interpretatur
1465 4460 1814 4522 contemptus,
1848 4449 2029 4520 qualis
2053 4458 2137 4503 est
2166 4448 2374 4518 justus,
2416 4450 2508 4519 qui
2542 4446 2821 4503 invenitur
2856 4455 3202 4516 contemptus
3243 4452 3312 4506 ab
3362 4454 3430 4507 iis

126 4552 231 4621 qui
259 4550 314 4603 in
348 4549 556 4604 mundo
588 4557 737 4629 sunt,
770 4557 866 4603 aut
888 4547 1070 4618 qualis
1098 4555 1189 4602 est
1218 4557 1473 4616 peccator
1500 4543 1917 4614 opprobriosus.

208 4647 266 4701 1.
298 4646 357 4698 '0
379 4644 532 4710 Θεὸς,
563 4644 852 4714 εὐδόκησω
877 4644 957 4706 εἰς
987 4641 1048 4695 τὸ
1075 4639 1460 4694 ἀντιλαϐέσθαι
1492 4655 1615 4709 μου.

1770 4641 1815 4694 D
1919 4634 1970 4687 l.
2000 4631 2350 4699 Complaceat
2378 4629 2496 4694 tibi,
2533 4630 2693 4695 Deus,
2727 4630 2860 4684 mihi
2896 4646 3053 4700 opem
3082 4632 3223 4689 ferre

204 4740 266 4795 2.
307 4737 505 4809 Κύριε,
529 4739 610 4801 εἰς
630 4737 692 4790 τὸ
716 4735 981 4807 βοηθῆσαι
1002 4736 1140 4809 ὑπὲρ
1158 4733 1293 4805 ἐμοῦ
1314 4732 1618 4804 παραγίνου
1637 4730 1735 4801 (7).

1916 4725 1973 4775 Ξ.
2023 4721 2272 4787 Domine,
2319 4722 2387 4775 ad
2437 4720 2722 4775 ferendum
2756 4738 2860 4790 pro
2890 4738 2976 4777 me
3025 4725 3289 4779 auxilium
3334 4730 3422 4782 ad-

1849 4831 1996 4870 vent.

203 4917 266 4971 5.
308 4915 401 4986 Μὴ
418 4914 689 4985 ποιήσωσι
704 4910 780 4983 (8)
798 4910 859 4965 τὸ
877 4909 1091 4982 θέλημα
1113 4908 1293 4963 αὐτῶν
1315 4910 1373 4961 ὲν
1397 4907 1613 4979 μηδενί.

1909 4906 1965 4960 '5.
1998 4903 2345 4958 Voluntatem
2384 4917 2538 4957 suam
2574 4902 2723 4957 nulla
2750 4903 2803 4957 in
2837 4919 2897 4958 re
2930 4920 3320 4977 exsequantur.

207 5012 265 5065 4.
305 5008 488 5080 Μηδὲν
507 5005 807 5068 ἀνύσαντες
830 5003 906 5076 (9)
932 5002 1248 5058 παραυτίκα
1278 4999 1661 5071 αἰσχυνόμενοι
1684 4997 1733 5049 οἱ

1914 4998 1969 5051 4.
2012 4996 2159 5050 Nihil
2211 4995 2559 5065 proficientes
2613 4998 2797 5050 statim
2828 4997 3153 5055 erubescant
3185 5003 3426 5061 dicentes

120 5104 394 5177 λέγοντές
421 5120 512 5176 μοι
530 5119 546 5134 ο
580 5098 743 5171 Εὖγε,
773 5094 920 5170 εὖγε.

868 5115 920 5153 ε.
1844 5090 1980 5144 mihi
2004 5106 2019 5144 :
2048 5087 2218 5159 Euge,
2243 5102 2399 5159 euge.

1104 5232 1412 5297 Addenda
1446 5238 1508 5294 et
1533 5228 1917 5309 corrigenda
1946 5244 2024 5288 ex
2056 5228 2200 5289 cod.
2223 5224 2426 5287 Vatic.

243 5412 296 5481 1)
326 5409 535 5481 ἈγίωνΔ
555 5406 756 5481 λέγει.-
2016 5394 2141 5481 Ἐπὶ
2166 5394 2332 5474 τέαλει,
2362 5406 2466 5448 etc.
2505 5389 2760 5481 Εἷταιότε
2793 5394 2941 5467 ἔλθῃ,
2973 5409 3077 5455 etc.

241 5466 298 5554 2)
321 5466 852 5554 Ἐξομολογρυμένη.
897 5546 908 5554 Ι
2028 5466 2411 5554 Ηολεμῆσαι...
2452 5466 2778 5536 παραγένον.

280 5537 762 5621 ἱοὶ”σίὑτοὶ’ᾶγὶοι
796 5537 1128 5621 έίξιὴσουσινο
1913 5539 1987 5621 (ἓ)
2029 5537 2270 5621 Emicat:-
2304 5605 2345 5621 ..
2428 5606 2438 5621 .
2500 5606 2511 5617 .
2744 5608 2757 5621 .
2835 5608 2847 5621 .
2931 5609 2943 5621 .
3032 5608 3054 5621 .
3208 5608 3219 5620 .

324 5624 387 5676 Ἡ
411 5622 500 5676 διὰ
520 5621 619 5691 τῆς
644 5605 1013 5688 κινναϐάρεως
1043 5630 1168 5687 περ.
1913 5605 1988 5679 (9)
2028 5605 2388 5693 Ν;,4.ν1ὶξηδὲν
2412 5606 2798 5693 Ῠάνύσαντεςῗέν
2830 5608 3179 5693 ἐμοὶηοῦτωςι
3195 5608 3424 5693 ἀπελεύ-

329 5693 553 5768 Κύριον.
577 5676 618 5691 ’⁷
877 5676 888 5688 ’
995 5676 1007 5679 ⁷
1118 5676 1130 5687 ’
1842 5676 2044 5735 συνται.
2077 5676 2145 5732 Ν.
2174 5677 2227 5732 5.
2250 5676 2675 5747 ’Δπαοάκλητοι.
2708 5692 2837 5733 τις..
2868 5676 3041 5733 αὐτὴν
3069 5678 3361 5737 ἀπώλειαν.
