3876 6220
425 275 524 330 951
1279 273 1338 328 S.
1381 273 1760 330 ATIIANASII
1793 275 1950 332 OPP.

2219 277 2310 333 in.
2343 259 2900 336 —‘EXEGETICA.*
3593 266 3725 330 '93:

495 390 548 444 5.
608 387 1154 443 Avertantur'statim
1199 391 1628 466 erubescentes,
1676 391 1774 462 qui
1811 391 2004 447 dicunt

2192 395 2234 450 Ξ.
2259 395 2797 466 Ἀποστραφήτωσαν
2843 388 3160 462 παραυτίκα
3217 383 3606 457 αῑσγυνόμενοι
3663 388 3723 442 oi.

429 481 607 536 mihi:
647 479 817 550 Euge,
859 495 1016 548 euge.
1067 493 1094 528 ιι

2120 483 2368 552 λέγοντές
2401 501 2522 555 μοι·
2555 479 2715 552 Εὖγε,
2747 477 2897 549 εὖγε.

500 573 557 626 6.
581 571 870 626 Exsultent
919 582 972 628 et
1015 572 1268 628 laetentur
1307 573 1360 626 in
1393 581 1444 628 te
1489 588 1702 638 omnes,
1740 579 1834 643 qui
1871 590 2018 644 qua:-

2191 579 2244 630 6.
2266 575 2743 646 Ἀγαλλιὰσθωσαν
2765 573 2859 627 καὶ
2882 571 3338 644 εὐφρανθήτωσαν
3355 569 3446 621 ἐπὶ
3467 568 3551 620 σοὶ
3573 567 3721 620 πάν-

428 673 560 718 runt
581 670 638 718 te
671 663 836 718 Deus.
1429 679 1438 688 ‘

2119 687 2210 732 τες
2240 671 2286 722 οἱ
2322 669 2612 739 ζητοῦντές
2641 685 2720 732 σε,
2749 669 2777 720 ὀ
2799 665 2932 730 Θεὸς
2963 665 3058 736 (a).

503 755 556 810 7.
619 755 686 810 Et
744 757 932 812 dicant
996 771 1248 826 semper:
1309 745 1692 826 Magniﬁcetur
1751 757 2018 814 Dominus

2195 761 2245 813 '7.
2287 762 2395 813 Καὶ
2423 759 2730 828 λεγέτωσαν
2757 757 3072 819 διαπαντόςο
3099 753 3510 824 Μεγαλυνθήτω
3535 755 3566 807 ὁ
3597 751 3721 806 Κύ-

432 846 648 920 [Deus].

2124 869 2236 922 ριος
2267 850 2319 923 [ὁ
2345 850 2520 923 656;].

499 939 554 994 8.
582 939 686 1006 Qui
708 939 948 1009 diligunt
979 939 1220 994 salutare
1261 947 1440 996 tuum.

2195 945 2248 997 8.
2291 947 2354 998 Oi
2389 943 2710 1012 ἀγαπῶντες
2734 937 2796 995 es
2829 941 3096 1012 σωτήριόν
3135 957 3250 992 σου.

503 1028 557 1084 9.
604 1027 717 1098 Ego
757 1044 890 1084 vero
927 1043 1132 1100 egenus
1175 1045 1318 1096 sum,
1358 1039 1413 1084 ct
1453 1045 1685 1100 pauper,
1723 1031 1890 1100 Deus,
1927 1035 2021 1088 ad-

2196 1037 2248 1088 9.
2272 1033 2418 1103 Ἐγὼ
2439 1035 2494 1087 δὲ
2523 1035 2736 1105 πτωχός
2769 1036 2885 1103 εἰμι
2916 1033 3012 1085 καὶ
3051 1031 3242 1100 πένης,
3272 1031 3300 1080 ὁ
3327 1029 3481 1094 Θεὸς,
3513 1029 3719 1102 βοήθη-

427 1119 564 1190 juva
591 1137 700 1176 me.

2127 1130 2215 1182 σόν
2241 1147 2348 1200 μοι.

501 1213 590 1266 10.
635 1213 866 1282 Adjutor
899 1229 1074 1278 meus,
1106 1221 1160 1266 et
1197 1213 1460 1268 liberator
1503 1212 1826 1288 [protector]
1867 1233 2022 1274 meus

2199 1221 2284 1275 10.
2329 1221 2528 1292 Βοηθός
2572 1237 2696 1292 μου,
2727 1219 2822 1273 καὶ
2857 1217 3058 1291 ῥύστης
3087 1235 3190 1288 μου
3227 1213 3280 1270 εἶ
3299 1217 3386 1281 σὺν
3413 1215 3611 1286 Κύριε»
3643 1213 3725 1286 μὴ

430 1317 492 1360 es
523 1313 600 1371 tu,
639 1304 867 1360 Domine
895 1323 909 1370 ;
951 1321 1019 1359 ne
1053 1307 1309 1360 moreris.

895 1323 909 1370 ;
951 1321 1019 1359 ne
1053 1307 1309 1360 moreris.
2125 1316 2401 1388 χρονίσῃς.

541 1417 794 1474 Psalmus
817 1420 992 1474 David
1019 1422 1258 1490 ﬁliarum
1286 1421 1558 1485 Jonad-ab,
1585 1431 1637 1476 et
1665 1425 1905 1492 priorum

2194 1432 2381 1500 αλμὸς
2425 1429 2504 1496 τῷ
2553 1431 2730 1484 Δαϐὶδ
2781 1429 2900 1484 τῶν
2944 1430 3090 1484 υἱῶν
3122 1427 3414 1490 Ἰωναδάϐ,
3449 1426 3550 1479 καὶ
3595 1422 3725 1476 τῶν

645 1513 970 1578 captivorum
991 1526 1010 1563 :
1035 1513 1150 1566 sine
1183 1513 1338 1566 titulo
1366 1515 1508 1582 apud
1539 1513 1812 1570 Hebrwos.

2197 1524 2440 1592 πρώτων
2468 1524 3064 1594 αἰχμαλωτισθέντων
3084 1539 3097 1551 ·
3140 1519 3548 1589 ἀνεπίγραφος
3577 1517 3723 1583 παρ’

1025 1601 1232 1656 PSAL.
1274 1603 1449 1657 LXX.
2213 1619 2518 1686 Ἑϐραίοις.

1302 1603 1449 1657 LXX.
2213 1619 2518 1686 Ἑϐραίοις.
2563 1619 2736 1670 ΨΑΑ.
2757 1617 2833 1672 Ο’.

505 1692 556 1746 1.
591 1690 650 1746 In
701 1702 775 1758 te,
834 1692 1088 1760 Domine,
1137 1697 1374 1764 speravi,
1433 1713 1542 1752 non
1598 1697 1911 1754 confundar
1968 1697 2022 1753 in

2209 1711 2260 1764 1.
2287 1709 2411 1762 Ἐπὶ
2439 1711 2542 1774 σοὶ,
2575 1709 2768 1778 Κύριε,
2798 1709 3023 1780 ἤλπισα,
3057 1705 3130 1780 μὴ
3159 1703 3614 1775 καταισχυνθείην
3641 1703 3725 1764 εἰς

433 1793 720 1840 eternium.

2063 1793 2100 1802 ”
2130 1802 2221 1854 τὸν
2250 1801 2443 1854 αἰῶνα.

503 1897 560 1952 2.
589 1899 644 1952 ln
677 1899 890 1966 justitia
919 1909 1011 1954 tua
1041 1899 1212 1954 libera
1251 1917 1356 1967 me,
1383 1913 1436 1955 et
1469 1903 1619 1972 eripe
1647 1919 1732 1958 me
1758 1921 1772 1958 :

2199 1895 2252 1948 2.
2299 1896 2385 1946 Ἐν
2409 1899 2473 1967 τῇ
2511 1895 2825 1968 δικαιοσύνῃ
2857 1912 2948 1947 σου
2977 1893 3138 1966 ῥῦσαί
3173 1909 3260 1963 με,
3286 1891 3380 1944 καί
3403 1888 3590 1956 ἐξελοῦ
3626 1901 3723 1960 με’

502 1989 554 2044 5,
593 1990 798 2044 lnclina
833 1990 902 2044 ad
931 2007 1019 2044 me
1049 2007 1240 2046 aurem
1271 2003 1444 2059 tuam,
1473 2003 1528 2048 ct
1555 1996 1706 2050 salva
1731 2010 1838 2050 me.

2191 1987 2242 2042 5.
2283 1988 2477 2043 Κλῖνον
2515 1989 2646 2062 πρὸς
2676 1989 2742 2059 μὲ
2775 1989 2836 2040 τὸ
2863 1985 2955 2050 οὖς
2978 2005 3094 2050 σου,
3129 1986 3223 2038 καὶ
3251 1983 3418 2036 σῶσόν
3449 1998 3541 2052 με.

505 2079 564 2136 4.
591 2079 724 2134 Esto
753 2081 889 2134 mihi
921 2081 972 2133 in
1007 2081 1178 2136 Deum
1209 2093 1600 2152 protectorem,

2196 2083 2249 2134 4.
2281 2081 2444 2136 Γενοῦ
2481 2101 2570 2153 μοι
2607 2085 2685 2144 εἰς
2704 2081 2834 2134 Θεὸν
2859 2077 3286 2151 ὑπερασπιστὴν,

507 2169 562 2224 5.
591 2171 658 2223 Et
681 2171 732 2224 in
763 2171 942 2225 locum
971 2173 1268 2240 munitum,
1301 2185 1360 2227 ut
1391 2177 1604 2230 salvum
1645 2193 1733 2230 me
1759 2176 1930 2232 facias
1957 2197 1968 2230 :

1840 2179 1930 2232 :ias
1957 2197 1968 2230 :
2284 2175 2394 2230 Καὶ
2421 2177 2501 2238 εἰς
2533 2177 2695 2228 τόπον
2729 2173 2921 2245 ὀχυρὸν
2953 2172 3047 2226 τοῦ
3083 2171 3252 2224 σῶσαί
3285 2185 3371 2240 με·

507 2260 559 2315 6.
575 2260 846 2328 Quoniam
865 2262 1270 2318 ﬁrmamentum
1289 2283 1468 2322 meum
1487 2278 1540 2322 et
1560 2267 1828 2340 refugium
1845 2284 2024 2323 meum

2198 2255 2252 2322 ti.
2286 2269 2410 2322 ’Ότι
2440 2269 2730 2342 στερέωμα
2763 2285 2867 2340 μου
2897 2268 2988 2321 καὶ
3017 2265 3306 2336 καταφυγή
3353 2279 3454 2334 μου
3483 2257 3532 2314 ei
3557 2257 3652 2316 σύ.

439 2371 503 2410 es
533 2365 613 2411 ιιι.

511 2445 582 2519 (a)
621 2444 813 2518 Κύριε.
849 2445 916 2501 At
950 2445 1004 2499 in
1033 2461 1209 2516 marg.
1243 2447 1390 2516 cod.,
1425 2453 1453 2503 ὁ
1481 2451 1633 2515 Θεός,
1661 2453 1906 2506 cliaract.
1927 2449 2132 2505 divers.

1570 2607 1946 2666 ATIIANASII
1986 2609 2584 2668 INTERPRETATIO.

503 2762 558 2819 5.
593 2761 672 2818 Re
699 2763 902 2822 infecta
936 2767 1122 2822 statim
1153 2769 1432 2834 recedent,
1463 2771 1554 2840 qui
1601 2769 1796 2828 dicunt
1843 2771 1976 2826 mihi
2005 2787 2020 2825 :

2199 2771 2253 2825 5.
2283 2769 2592 2840 Ἀπρακτοι
2623 2765 2964 2840 παραχρῆμα
2989 2767 3436 2837 ἀναχωρήσουσιν
3463 2763 3514 2816 οἱ
3534 2763 3727 2832 λέγον-

437 2851 636 2926 Utique
659 2857 851 2928 utique
877 2858 1164 2914 videamus
1183 2860 1304 2928 ejus
1339 2860 1640 2918 interitum.

2125 2861 2216 2927 τές
2249 2879 2339 2933 μοι
2361 2877 2376 2893 ο
2401 2861 2509 2914 Ναὶ
2537 2861 2626 2913 ναὶ
2653 2860 2852 2930 ἴδωμεν
2877 2857 3042 2912 αὑτοῦ
3068 2858 3166 2929 τὴν
3188 2856 3481 2910 ἀπώλειαν.

503 2946 557 3000 6.
592 2948 662 3002 Se
693 2950 758 3004 ad
781 2961 832 3004 te
860 2963 1266 3007 convertentes.
1785 3007 1794 3018 ,

1785 3007 1794 3018 ,
2196 2953 2248 3008 6.
2293 2955 2358 3006 Οἱ
2388 2952 2808 3022 ἐπιστρέφοντες
2837 2951 2972 3019 πρὸς
3007 2949 3087 3002 σὲ.

510 3035 564 3090 7.
594 3037 948 3094 Gloriﬁcetur
981 3039 1146 3095 Deus.

2201 3043 2252 3097 7.
2295 3041 2619 3112 Δοξασοήτω
2653 3043 2680 3093 ὁ
2711 3040 2865 3104 Θεὸς.

509 3125 562 3181 8.
608 3126 907 3198 Diligentes
937 3131 1278 3183 voluntatem
1309 3135 1480 3184 tuam.

2204 3133 2258 3186 8.
2301 3134 2364 3184 Οἱ
2391 3131 2714 3199 ἀγαπῶντες
2745 3130 2805 3182 τὸ
2829 3130 3040 3199 Θέλημά
3067 3146 3179 3183 σου.

511 3215 565 3271 9.
601 3216 816 3286 Pauper
841 3235 962 3272 sum
992 3219 1228 3286 iustitia.

2205 3223 2259 3276 9.
2302 3224 2380 3292 Τῇ
2415 3221 2730 3292 δικαιοσύνῃ
2763 3220 2976 3290 πτωχός
3003 3223 3137 3290 εἰμι.

511 3307 596 3361 10.
630 3307 860 3378 Adjutor
895 3321 948 3364 et
994 3311 1258 3365 liberator
1307 3326 1460 3366 meus
1497 3325 1556 3364 es
1589 3321 1644 3366 tu
1691 3327 1757 3366 ex
1787 3311 2025 3369 inimicis

2207 3314 2294 3367 10.
2335 3313 2538 3384 Βοηθος
2587 3313 2680 3366 καὶ
2729 3313 2929 3384 eam;
2965 3329 3070 3384 μου
3108 3307 3160 3364 εἴ
3194 3313 3258 3364 σὺ
3289 3313 3354 3364 ἐκ
3377 3311 3486 3366 τῶν
3513 3311 3729 3384 ἐχθρῶν

436 3399 597 3465 meis,
623 3399 870 3464 Domine,
913 3418 980 3455 ne
1018 3401 1297 3456 cuncteris

2053 3419 2096 3474 ο
2135 3423 2258 3476 μου,
2291 3407 2486 3477 Κύριε,
2515 3405 2590 3476 μὴ
2621 3403 2906 3478 βραδύνῃς.

519 3541 586 3591 Ἡ
619 3538 956 3612 προκειμένη
985 3537 1266 3609 ἐπιγραφὴ
1299 3555 1544 3608 περιεχει
1577 3539 1687 3606 (1)·
1731 3536 1980 3605 Ψαλμός
2007 3534 2086 3601 τῷ
2115 3535 2292 3589 Δαϐὶδ
2321 3535 2441 3590 τῶν
2471 3535 2617 3590 υἱῶν
2649 3535 2944 3598 Ἰωναδὰϐ,
2981 3517 3078 3588 καὶ
3101 3535 3219 3588 τῶν
3239 3535 3484 3604 πρώτων
3508 3539 3728 3608 αἰχμα-

435 3635 882 3691 λωτισθέντων-⁸
933 3635 1340 3702 ἀνεπίγραφος
1390 3635 1524 3703 παρ’
1564 3633 1878 3700 Ἑϐραίοις.
1927 3633 2097 3686 Τοῦτο
2135 3629 2228 3687 οὖν
2275 3633 2425 3702 λέγει
2475 3633 2720 3703 ψαλμὸς
2751 3632 2834 3698 τῷ
2861 3631 3042 3685 Δαὸὶδ
3087 3631 3165 3696 τῷ
3209 3632 3393 3696 ἱκανῷ
3431 3631 3508 3700 τῇ
3549 3635 3730 3702 χειρὶ.

437 3729 1002 3800 τουτέστιτῷΚυρίῳ.
1023 3723 1157 3781 Εἶτα
1175 3729 1280 3781 τῶν
1299 3729 1427 3782 υἱῶν
1455 3729 1713 3782 Ἰωναδὰὸ
1737 3729 1835 3800 (2),
1854 3730 1992 3800 ὅπερ
2021 3731 2138 3782 ἐστὶ
2165 3731 2276 3784 τῶν
2296 3729 2428 3784 υἱῶν
2455 3731 2558 3800 τῆς
2585 3729 2835 3792 εὐδοκίας
2859 3728 2952 3782 τοῦ
2978 3727 3134 3794 Θεοῦ,
3163 3729 3363 3783 ὡσανεὶ
3391 3729 3497 3782 τῶν
3531 3731 3728 3798 ἁγίων.

436 3827 696 3882 Ἶωναδὰϐ
723 3826 833 3898 γὰρ
869 3825 1234 3896 ἑρμηνεύεται
1271 3828 1420 3880 Θεοῦ
1455 3828 1834 3894 ἑκουσιότης.
1869 3825 2002 3881 Εἶτα
2033 3829 2128 3882 καὶ
2161 3828 2281 3882 τῶν
2309 3829 2554 3898 πρώτων
2580 3829 3198 3898 αἰχμαλωτισθέντων,
3229 3828 3474 3881 τουτέστι
3501 3829 3612 3882 τῶν
3647 3830 3730 3900 (5)

439 3919 816 3990 ὑποκειμένων
844 3921 910 3990 τῇ
947 3917 1192 3990 ἁμαρτίᾳ
1221 3917 1282 3970 τὸ
1307 3919 1594 3989 πρότερον,
1627 3919 1852 3990 ὕστερον
1879 3919 1934 3972 δὲ
1965 3919 2430 3991 ἐπιστρεψάντων.

509 4007 724 4062 Titulus
751 4007 1078 4078 praepositus
1111 4009 1356 4062 continet
1388 4027 1401 4063 :
1439 4007 1692 4062 Psalmus
1721 4008 1897 4062 David
1931 4011 2168 4078 ﬁliorum
2190 4009 2459 4074 Ionadab,
2489 4021 2538 4064 et
2581 4013 2818 4080 priorum
2859 4011 3219 4082 captivorum.
3248 4011 3358 4064 sine
3399 4009 3556 4063 titulo
3582 4013 3732 4080 apud

439 4105 714 4160 Hebrwos.
749 4103 862 4160 lloc
895 4112 1080 4159 autem
1109 4105 1378 4174 signiﬁcat
1404 4105 1642 4174 psalmus
1671 4105 1846 4158 David
1879 4123 2041 4159 manu
2075 4107 2228 4174 forti,
2267 4108 2370 4162 hoc
2407 4116 2491 4162 est
2533 4106 2792 4163 Domino.
2821 4105 3042 4172 Deinde,
3074 4104 3306 4173 ﬁliorum
3338 4101 3606 4170 Ionadab,
3645 4105 3728 4156 vi-

437 4201 635 4258 delicet
680 4201 917 4256 ﬁliorum
969 4199 1293 4269 beneplaciti
1347 4197 1462 4264 Dei,
1505 4199 1970 4268 quemadmodum
2007 4201 2182 4254 sancti
2217 4211 2364 4256 sunt.
2396 4201 2643 4256 Jonadab
2671 4203 2814 4258 enim
2846 4202 3233 4270 interpretatur
3255 4198 3354 4252 Dei
3379 4209 3730 4268 spontaneus_

437 4291 507 4345 Et
539 4292 754 4358 deinde,
785 4291 1024 4361 priorum
1051 4291 1397 4359 captivorum,
1433 4289 1536 4342 hoc
1574 4296 1660 4342 est
1693 4303 1908 4353 eorum,
1944 4289 2036 4358 qui
2071 4289 2222 4358 prius
2261 4290 2620 4358 subjacebant
2657 4300 2900 4360 peccato,
2931 4300 2986 4345 et
3019 4291 3214 4346 deinde
3247 4292 3498 4345 conversi
3533 4301 3687 4346 sunt.

511 4434 566 4489 l.
617 4433 678 4488 In
715 4441 769 4489 te
817 4433 1063 4502 speravi,
1115 4432 1364 4498 Domine,
1420 4435 1566 4504 quod
1619 4435 1920 4501 custodiar,
1969 4446 2024 4490 et

2208 4438 2259 4493 1.
2302 4437 2426 4491 Ἐπὶ
2477 4440 2560 4490 σοὶ
2613 4438 2850 4508 ἠλπισα,
2903 4436 3096 4509 Κύριε,
3149 4437 3231 4488 ὅτι
3279 4435 3727 4508 φυλαχθὴσομαι,

439 4523 590 4580 nulla
618 4523 672 4577 in
701 4539 760 4578 re
791 4523 1037 4576 inveniar
1070 4523 1352 4578 oﬁ‘endens
1377 4539 1563 4578 coram
1596 4533 1668 4578 te.

2135 4531 2226 4582 καὶ
2255 4531 2329 4601 (4)
2362 4531 2419 4582 ὲν
2454 4529 2642 4600 μηδενὶ
2669 4527 2878 4600 εὑρεθῶ
2911 4529 3144 4592 πταίσας
3185 4527 3414 4582 ἐνώπιόν
3445 4545 3559 4582 σου.

509 4615 568 4672 2.
594 4615 650 4670 In
681 4615 818 4670 Filio
851 4625 944 4670 tuo
977 4617 1148 4671 libera
1179 4631 1286 4682 me,
1317 4625 1372 4672 et
1402 4618 1555 4688 eripe
1589 4633 1678 4672 me
1715 4633 1746 4672 a
1781 4621 2025 4688 peccatis

2208 4623 2261 4676 Ξ.
2305 4623 2392 4674 Ἐν
2424 4623 2502 4692 τῷ
2533 4621 2647 4692 Υἱῴ
2680 4639 2773 4674 σου
2836 4622 2998 4692 ῥῦσαί
3053 4640 3142 4693 με,
3195 4623 3290 4675 καὶ
3323 4621 3616 4694 ὲξελοῦμαι
3649 4622 3729 4694 (5)

439 4710 599 4766 meis.
2063 4743 2106 4798 ι)
2136 4714 2243 4766 ἀπὸ
2266 4713 2374 4766 τῶν
2399 4713 2678 4784 ἁμαρτιῶν
2703 4729 2824 4784 μου.

509 4801 564 4856 3.
603 4800 812 4856 Exaudi
843 4818 948 4868 me,
983 4814 1037 4858 et
1069 4804 1217 4859 salva
1245 4819 1353 4860 me.

2205 4800 2259 4854 5.
2301 4800 2634 4853 Ἐπὰκουσόν
2666 4819 2796 4870 μου,
2837 4803 2931 4854 καὶ
2966 4801 3138 4855 σῶσόν
3171 4820 3236 4873 με
3269 4803 3364 4873 (6).

507 4893 562 4948 4.
589 4891 718 4947 Esto
751 4893 884 4947 mihi
915 4895 968 4948 in
999 4893 1171 4949 Deum
1209 4905 1595 4966 protectorem.

2203 4891 2257 4944 4.
2286 4893 2465 4944 Ἔστω
2495 4893 2571 4961 (7)
2613 4909 2700 4962 μοι
2725 4895 2804 4955 εἰς
2834 4894 2966 4945 Θεὸν
3002 4895 3433 4966 ὑπερασπιστήν.

509 4985 563 5040 5.
593 4983 652 5038 In
675 5001 963 5054 supernam
990 4985 1311 5042 Jerusalem.

2203 4983 2254 5036 5.
2285 4983 2380 5046 Εἰς
2405 4983 2501 5054 τὴν
2526 4983 2637 5036 ἄνω
2665 4985 3039 5056 Ἰερουσαλήμ.
3391 5047 3397 5054 ,

509 5075 561 5130 6.
598 5074 868 5140 Quoniam
899 5079 1166 5134 auxilium
1209 5096 1388 5136 meum
1436 5090 1490 5135 et
1529 5079 1799 5151 refugium
1833 5095 2016 5136 meum

2199 5075 2250 5130 6.
2283 5077 2405 5128 Ὅτι
2429 5075 2651 5148 βοήθειά
2683 5095 2783 5148 μου
2815 5077 2909 5131 καὶ
2948 5079 3238 5151 καταφυγὴ
3269 5079 3346 5152 (8)
3375 5076 3428 5135 εἴ
3457 5081 3547 5140 σύ.

437 5183 497 5222 es
531 5177 612 5222 tu.

1399 5301 1712 5364 Addenda
1743 5309 1806 5363 et
1836 5299 2218 5380 corrigenda
2247 5317 2326 5362 ex
2351 5301 2492 5362 cod.
2519 5303 2719 5364 Vatic.

513 5461 590 5543 (1)
617 5461 1464 5543 Ἐδτά,τῇἑκιγναδέιρεφάπελο-
1519 5533 1570 5543 __
1645 5535 1662 5543 -
1947 5541 1954 5543 _
2201 5462 2278 5543 (ἓ)
2314 5461 2530 5543 Ἐξελῼῦ
2563 5481 2652 5543 με·

510 5533 586 5615 ρ)
621 5533 1057 5615 ιᾼξγειρψαὶὶμδς
1074 5533 1166 5586 τοῦ
1185 5533 1344 5588 Δαὸὶδ
1359 5533 1465 5588 τῶν
1482 5533 1612 5588 υἱῶν
1645 5533 2012 5598 ἰωναδᾶ6,ριε.
2307 5535 2433 5615 Ἔτι
2467 5533 2705 5599 ἀκούσας
2735 5535 2907 5590 σῶσόν
2939 5553 3026 5607 με.

509 5603 589 5674 (3)
628 5605 785 5671 Λέγω
815 5605 876 5674 δὴ
906 5603 1034 5670 τῶν,
1071 5615 1174 5662 etc.

926 5603 1034 5670 τῶν,
1071 5615 1174 5662 etc.
2203 5603 2280 5674 (7)
2307 5605 2457 5658 Ἔσο.

515 5673 592 5742 (4)
631 5675 738 5728 Καὶ
768 5673 929 5730 deest.

2199 5673 2273 5746 (8)
2301 5674 2532 5746 Βοήθεια
2557 5677 2650 5731 καὶ
2675 5678 2964 5748 καταφυγή
2991 5694 3116 5748 μου,
3147 5689 3249 5739 etc.
