3876 6220
168 250 277 305 955
1097 246 1186 301 DE
1229 244 1505 303 Tl'l'ULlS
1542 242 1991 300 PSALMORUM.
2032 272 2094 282 μ-
2135 239 2333 295 PSAL.
2376 229 2540 293 LXX.
3340 240 3435 297 93¢

248 363 293 419 7.
333 361 393 419 '0
420 364 551 428 Θεός
582 381 705 436 μου,
741 363 897 435 ῥῦσαί
930 381 996 435 με
1020 365 1084 417 ἐκ
1113 363 1295 434 χειρὸς
1324 361 1672 434 ἁμαρτωλοῦο
1772 409 1779 421 η

1784 369 1822 421 Α
1919 358 1971 412 7.
2008 356 2149 411 Deus
2181 372 2358 423 meus,
2388 355 2535 424 eripe
2572 368 2656 408 me
2682 354 2749 409 de
2776 370 2940 409 manu
2974 356 3276 421 peccatoris
3303 375 3315 410 :

237 456 296 516 ,8.
331 458 425 509 Ἐκ
453 456 633 526 χειρὸς
657 454 1096 525 παρανομοῦντος
1127 456 1221 509 καὶ
1250 455 1584 517 ἀδικοῦντος.

1930 452 1983 505 8.
2018 449 2093 503 De
2121 465 2283 503 manu
2312 457 2501 503 contra
2532 448 2706 516 legem
2738 448 2947 517 agentis
2972 458 3025 501 et
3056 450 3247 519 iniqui.

241 548 293 604 9.
319 550 442 601 ’Ότι
465 550 529 601 σὺ
559 546 609 600 εἷ
634 551 666 618 ή
706 548 950 619 ὑπομονὴ
988 565 1111 618 μου,
1148 548 1342 617 Κύριε’

1932 542 1985 597 9.
2017 540 2287 607 Quoniam
2316 550 2372 593 tu
2403 555 2463 593 es
2503 538 2762 607 patientia
2801 554 2943 601 mea,
2972 538 3232 593 Domine:

245 641 326 696 10.
360 642 555 710 Κύριε,
646 641 926 715 ἐλπίςμου
960 643 1024 693 ἐκ
1057 641 1305 711 νεότητός
1330 656 1452 710 μου.

1935 633 2023 687 10.
2061 632 2311 699 Domine,
2339 646 2464 698 spes
2494 647 2612 684 mea
2642 646 2671 683 a
2692 630 2981 699 juventute
3007 647 3147 685 mea.

241 732 331 786 11.
375 732 498 785 Ἐπὶ
536 732 595 784 σὲ
636 732 1037 803 ἐπεστηρίχθην
1066 732 1173 784 ἀπὸ
1200 734 1455 803 γαστρόςο

1934 724 2024 777 11.
2060 720 2117 775 1η
2146 731 2197 775 te
2222 723 2582 775 conﬁrmatus
2612 737 2733 775 sum
2768 736 2835 774 ex
2865 730 3018 775 utero
3046 740 3059 775 :

241 822 329 877 12.
379 824 474 876 Ἐκ
505 823 713 887 κοιλίας
737 825 942 895 μητρός
972 842 1073 895 μου
1106 823 1168 877 σύ
1205 842 1307 894 μου
1340 821 1390 877 εἶ
1421 826 1758 889 σκεπαστής⁸

1936 816 2025 869 12.
2071 814 2145 869 De
2192 822 2380 868 ventre
2417 813 2607 867 matris
2655 828 2790 868 meae
2837 823 2893 867 tu
2936 829 3093 867 meus
3150 830 3211 867 es
3264 824 3434 883 prme-

1864 919 1999 964 ctor.
2164 984 2185 988 _

245 1003 331 1058 15.
370 1004 459 1057 Ἐν
490 1005 571 1056 σοὶ
604 1006 635 1074 ή
662 1004 897 1076 ῦμνησίς
931 1022 1031 1074 μου
1061 1005 1376 1069 διαπαντός.

1364 1048 1376 1060 .
1938 1004 2025 1056 15.
2062 1004 2121 1055 In
2145 1011 2199 1055 te
2228 1002 2469 1056 cantatio
2499 1017 2620 1055 mea
2652 1015 2888 1069 semper.

240 1096 332 1149 14.
376 1096 523 1149 Ὠσεὶ
552 1096 713 1166 τέρας
746 1099 1009 1167 ἐγενήθην
1037 1101 1151 1158 τοῖς
1184 1098 1420 1163 πολλοῖςο

1937 1095 2024 1148 11.
2061 1093 2341 1163 Tanquam
2365 1095 2685 1163 -prodigium
2720 1092 2895 1148 factus
2922 1107 3044 1147 sum
3077 1093 3262 1147 multis
3292 1109 3301 1144 :

241 1186 331 1239 15.
366 1186 476 1239 Kal.
506 1187 571 1239 σὺ
606 1186 798 1256 βοηθός
830 1204 930 1257 μου
963 1188 1240 1258 κραταιός.

1137 1188 1240 1251 tog.
1934 1187 2022 1241 15.
2058 1185 2125 1240 Ει
2156 1196 2209 1240 tu
2242 1188 2461 1255 adjutor
2484 1186 2668 1240 fortis.

237 1276 327 1334 16.
354 1278 703 1349 Πληρωθήτω
736 1280 798 1331 τὸ
837 1280 1010 1349 στόμα
1045 1297 1145 1349 μου
1173 1280 1452 1343 αἰνέσεως,

1347 1298 1452 1343 ;ως,
1941 1279 2027 1332 16.
2067 1280 2362 1349 Repleatur
2396 1296 2457 1334 os
2487 1296 2669 1334 meum
2698 1279 2878 1343 laude,

238 1370 328 1422 17.
368 1372 555 1433 Ὅπως
586 1372 811 1441 ὑμνήσω
844 1372 943 1441 τὴν
974 1371 1129 1435 δόξαν
1154 1388 1267 1424 σου*

1938 1371 2026 1425 17.
2061 1370 2132 1425 Ut
2164 1382 2381 1426 cantem
2418 1373 2648 1442 gloriam
2688 1382 2874 1427 tuam:

244 1462 332 1515 18.
365 1461 532 1532 Ὅλην
558 1462 655 1533 τὴν
682 1462 895 1533 ἡμέραν
929 1463 1027 1533 τὴν
1058 1463 1532 1534 μεγαλοπρέπειαν
1576 1481 1688 1518 σου.

1467 1478 1532 1517 αν
1576 1481 1688 1518 σου.
1939 1466 2027 1519 18.
2066 1464 2201 1520 Tota
2236 1466 2325 1519 die
2360 1466 2791 1535 magnitudinem
2826 1474 2996 1517 tuam.

246 1554 335 1609 19.
366 1554 457 1625 Μὴ
492 1554 801 1625 ἀπορρίψῃς
833 1573 899 1625 με
924 1557 1004 1619 εἰς
1028 1556 1218 1627 καιρὸν
1238 1558 1443 1628 γήρως·

1939 1560 2027 1615 19.
2060 1560 2138 1613 Ne
2170 1560 2429 1629 projicias
2460 1574 2547 1613 me
2570 1560 2625 1612 in
2659 1568 2902 1627 tempore
2931 1558 3226 1612 senectutis
3254 1577 3264 1608 :

242 1644 333 1698 20.
380 1646 466 1698 Ἐν
492 1645 568 1714 τῷ
602 1646 873 1700 ἐκλείπειν
901 1648 1000 1718 τὴν
1039 1650 1193 1719 ἰσχύν
1231 1668 1356 1719 μου,
1415 1668 1492 1722 μη
1525 1667 1763 1720 εγκατα-

1939 1652 2030 1706 20.
2062 1651 2201 1706 Cum
2254 1652 2515 1707 defecerit
2560 1653 2735 1707 virtus
2781 1667 2924 1714 mea,
2980 1667 3047 1705 ne
3098 1651 3442 1719 derelinquat

168 1710 552 1808 λίπηςμε.-
956 1710 968 1718 ¹
1093 1710 1126 1719 Π
1231 1710 1243 1719 '

451 1780 465 1792 .
1796 1710 1841 1768 Β
1870 1758 1976 1797 me.

239 1834 334 1887 21.
368 1834 490 1885 Ὅτι
524 1828 676 1885 εἷπον
697 1834 745 1885 oi
768 1832 950 1904 ἐχθροί
999 1851 1099 1901 μου
1123 1836 1263 1904 ἐμοι·

1938 1833 2026 1886 2t.
2063 1831 2200 1897 Quia
2239 1818 2495 1887 dixerunt
2524 1832 2730 1887 inimici
2757 1834 2860 1887 mei
2889 1834 3056 1886 mihi:

237 1922 329 1977 22.
362 1924 471 1976 Καὶ
494 1924 542 1975 οἱ
570 1924 933 1992 φυλάσσοντες
956 1923 1055 1995 τὴν
1087 1924 1263 1996 ψυχήν
1291 1942 1415 1995 μου,

1939 1924 2028 1979 22.
2063 1924 2131 1977 Et
2153 1925 2246 1994 qui
2277 1925 2661 1979 custodiebant
2694 1925 2930 1977 animam
2968 1940 3163 1991 meam,

240 2014 329 2067 23.
376 2012 801 2066 Ἐϐουλεύσαντο
832 2014 928 2066 ἐπὶ
957 2013 1018 2065 τὸ
1046 2014 1196 2077 αὐτὸ,

1938 2018 2030 2073 25.
2064 2018 2366 2071 Consilium
2399 2017 2645 2072 fecerunt
2673 2017 2728 2071 in
2764 2033 2958 2083 unum,

242 2108 334 2162 24.
367 2108 651 2175 Λέγοντες·
699 2107 756 2159 '0
772 2106 905 2169 Θεὸς
934 2106 1292 2174 ἐγκατέλιπεν
1319 2107 1503 2162 αὐτόν’

1455 2126 1503 2162 νο
1933 2109 2024 2163 24.
2054 2108 2306 2163 Dicentes
2333 2126 2346 2162 :
2378 2108 2521 2164 Deus
2543 2109 2833 2178 dereliquit
2866 2126 2986 2163 eum

245 2199 336 2251 25.
364 2198 772 2264 Καταδιὼξατε,
800 2199 895 2251 καὶ
930 2200 1265 2259 καταλάϐετε
1299 2202 1481 2255 αὐτόν’

1941 2200 2031 2255 25.
2066 2200 2487 2272 Persequimini,
2515 2211 2569 2256 et
2591 2204 3033 2272 comprehendite
3059 2218 3181 2256 eum

242 2289 331 2344 26.
363 2291 484 2344 Ὅτι
507 2292 607 2344 οὐκ
629 2290 773 2345 ἔστιν
792 2294 820 2345 ό
852 2292 1133 2363 ῥυόμενος.
1594 2320 1607 2329 ι

1594 2320 1607 2329 ι
1936 2292 2027 2345 26.
2061 2292 2198 2357 Quia
2230 2309 2338 2346 non
2365 2301 2448 2346 est
2483 2293 2577 2362 qui
2603 2293 2818 2363 eripiat.

244 2382 335 2438 27.
383 2384 440 2437 '0
473 2384 605 2446 Θεός
639 2401 760 2454 μου,
795 2384 868 2456 μὴ
896 2383 1181 2457 μακρύνῃς
1208 2385 1301 2438 ἀπ’
1328 2384 1481 2454 ἐμοῦ.

1942 2384 2032 2436 27.
2070 2383 2213 2437 Deus
2243 2400 2418 2450 meus,
2452 2400 2519 2437 ne
2548 2383 2819 2453 elongeris
2845 2399 2874 2437 a
2904 2399 3022 2437 me:

249 2475 340 2532 28.
390 2477 448 2531 '0
470 2476 603 2539 Θεός
639 2495 762 2547 μου,
792 2479 872 2541 εἰς
898 2477 995 2548 τὴν
1026 2477 1280 2549 βοήθειάν
1339 2494 1439 2546 μου
1473 2483 1730 2548 πρόσχες.

1943 2472 2033 2527 28.
2069 2471 2211 2528 Deus
2240 2490 2419 2542 meus,
2445 2474 2499 2528 in
2528 2461 3007 2528 auxilium'meum
3042 2475 3264 2543 respice.

1309 2676 1687 2734 ATHANASII
1726 2678 2316 2736 INTERPRETATIO.

253 2850 303 2905 7.
336 2851 443 2905 Τοῦ
479 2850 725 2904 διαϐόλου
752 2850 832 2924 (1)
861 2852 1030 2908 λενει.

965 2870 1030 2908 ει.
1951 2856 2001 2911 7.
2034 2855 2268 2921 Diaboli,
2302 2857 2496 2927 inquit.

249 2945 303 2999 8.
337 2945 444 2997 Τοῦ
472 2944 655 3001 αὐτοῦ.

1952 2950 2005 3005 8.
2042 2949 2319 3019 Ejusdem.

253 3034 305 3090 9.
336 3037 459 3089 Ὅτι
482 3038 546 3089 σὺ
578 3035 629 3091 εἴ
655 3040 687 3110 ἡ
712 3039 1057 3114 παράκλησίς
1082 3056 1205 3110 μου,
1228 3036 1425 3110 Κύριε.

1795 3022 1837 3077 C
1876 3100 1883 3103 _
1941 3038 1994 3094 9.
2024 3038 2295 3106 Quoniam
2331 3048 2388 3094 tu
2424 3055 2483 3095 es
2506 3040 2809 3096 consolatio
2836 3054 2979 3105 mea,
3013 3040 3261 3097 Domine.

251 3126 337 3180 10.
375 3127 447 3177 Σὺ
477 3123 529 3179 εἶ
550 3127 707 3192 ἐλπίς
740 3148 842 3199 μου
875 3131 969 3200 ἀφ’
994 3122 1056 3183 οῦ
1079 3130 1403 3202 ἐνεποιήθην
1432 3126 1536 3204 (2).

1941 3131 2028 3187 10.
2060 3130 2141 3186 Τυ
2171 3148 2231 3187 es
2267 3149 2392 3203 spes
2426 3150 2571 3201 mea,
2595 3152 2663 3192 ex
2688 3152 2799 3206 quo
2829 3137 3103 3208 ingenitus
3130 3153 3270 3194 sum.

247 3218 336 3271 11.
381 3220 513 3272 Ἀπὸ
543 3220 637 3273 τοῦ
662 3221 1065 3294 βαπτίσματος.

883 3240 1065 3289 ιατος.
1937 3222 2029 3278 11.
2055 3221 2101 3276 Α
2124 3225 2414 3293 baptismo.

244 3307 335 3362 12.
372 3308 465 3362 Ἐκ
497 3311 594 3380 τῆς
626 3311 1030 3383 κολυμϐήθρας.

889 3311 1030 3383 δρας.
1944 3315 2034 3372 12.
2072 3315 2148 3370 Ex
2182 3317 2420 3373 lavacro.

244 3399 334 3452 15.
376 3400 441 3451 Ἠ
471 3401 769 3471 προσδοκία
806 3418 931 3471 μου.

1943 3407 2033 3463 15.
2066 3409 2413 3479 Exspccratio
2442 3424 2560 3464 mea

245 3492 333 3547 11.
383 3493 527 3545 Ὠσεὶ
562 3493 811 3561 παίγνιον
839 3494 914 3563 (5)
949 3494 1062 3556 τοῖς
1089 3493 1347 3565 δαίμοσι-

1943 3499 2029 3553 11.
2068 3499 2352 3569 Tanquam
2380 3499 2676 3553 ludibrium
2701 3498 3062 3555 daemonibus.

246 3585 335 3639 15.
376 3586 483 3639 Καὶ
518 3587 582 3638 σὺ
610 3586 801 3655 βοηθός
831 3603 931 3656 μου
958 3587 1175 3657 ἰσχυρός
1195 3626 1207 3643 .

1944 3591 2033 3645 15.
2063 3590 2128 3645 Ει
2155 3602 2211 3645 ιιι
2239 3592 2456 3661 adiutor
2479 3606 2635 3646 meus
2662 3592 2897 3646 validus.

248 3679 339 3733 16.
374 3679 484 3748 Τῆς
505 3680 727 3750 χάριτός
751 3697 865 3733 σου.

852 3721 865 3733 .
1955 3680 2043 3733 16.
2076 3679 2259 3734 Gratia
2289 3690 2379 3735 tua

253 3772 341 3824 17.
376 3773 417 3823 Τ
420 3772 483 3842 ὴν
512 3772 821 3843 ὡραιότητα
853 3773 928 3844 (4)
957 3777 1056 3845 τῆς
1079 3774 1361 3846 δυνάμεώς
1381 3789 1499 3830 σου.

1447 3789 1499 3830 υ.
1943 3772 2032 3828 17.
2062 3771 2535 3828 Pulcliritudinem
2566 3775 2822 3842 potentia:
2851 3781 2978 3829 tuae.

249 3864 338 3917 18.
359 3863 775 3934 Κοιταζόμενος,
791 3868 884 3918 καὶ
900 3866 1331 3938 διανιστάμενος,
1354 3870 1450 3924 καὶ
1474 3869 1774 3941 πορευόμε-

1948 3864 2033 3917 18.
2066 3863 2355 3918 Dormiens
2398 3872 2452 3919 et
2493 3879 2749 3932 surgens,
2782 3872 2837 3917 et
2883 3865 3172 3918 ambulans
3222 3865 3457 3921 laudabo

178 3973 268 4020 νος
300 3957 525 4026 ὑμνήσω
548 3956 610 4007 τὸ
641 3956 871 4027 μέγεθος
903 3957 979 4026 ,τὸ
1013 3958 1395 4031 ἀκατάληπτον
1425 3959 1526 4031 τῆς
1572 3962 1709 4033 εὑπρ

1875 3958 2308 4029 magnitudinem
2346 3958 2955 4028 incomprehensibilem
2983 3960 3197 4013 decoris
3230 3962 3326 4012 tui.

182 4064 341 4101 πειας
365 4065 456 4100 σου

251 4065 310 4099 ια
365 4065 456 4100 σου

251 4065 341 4197 19;.
373 4144 463 4214 Μή
517 4143 828 4216 ἀπορρίψῃς
880 4161 970 4216 με,
1025 4145 1153 4199 ὅταν
1214 4147 1379 4215 ἐγγὺς
1431 4146 1653 4218 γίνομαι
1694 4144 1770 4216 (5)

1950 4135 2038 4189 19.
2065 4132 2145 4189 Ne
2174 4134 2401 4203 abjicias
2439 4150 2527 4190 me
2553 4149 2678 4190 cum
2719 4149 2888 4205 prOpe
2920 4150 3000 4200 es,
3041 4145 3098 4189 ut
3128 4137 3451 4204 dispeream.

175 4236 513 4305 ἀφανισμοῦ.

251 4326 341 4381 20.
377 4328 466 4380 Ἐν
493 4328 571 4399 τῷ
595 4327 841 4381 ἀσθενεῖν
869 4328 967 4400 τὴν
993 4327 1171 4399 ψυχήν
1198 4345 1297 4398 μου
1336 4327 1411 4401 μὴ
1440 4329 1605 4399 ἐάσῃς
1642 4343 1706 4395 με

1949 4315 2041 4369 20.
2074 4313 2155 4369 Ne
2175 4314 2416 4369 dimittas
2442 4331 2529 4370 me
2552 4331 2677 4370 cum
2713 4314 2898 4370 anima
2925 4330 3046 4368 mea
3074 4316 3398 4371 infirmatur.

252 4422 345 4475 2|.
383 4422 502 4475 Ὅτι
536 4422 819 4475 ἁπειλοῦσί
853 4440 919 4492 με
955 4422 1030 4491 (6)
1064 4422 1113 4474 οἱ
1138 4420 1411 4490 δαίμονες.

1802 4408 1844 4421 ⁶’
1943 4411 2031 4467 21,
2058 4408 2335 4475 Quoniam
2366 4410 2500 4464 mihi
2537 4411 2812 4464 minantur
2843 4409 3139 4464 daemones.

251 4513 345 4566 22.
384 4513 492 4566 Καὶ
518 4513 566 4565 οἱ
593 4513 940 4582 ἐκδεχόμενοι
974 4511 1302 4580 παγιδεῦσαί
1326 4527 1413 4580 με.

1944 4502 2033 4556 22.
2061 4501 2129 4556 Et
2161 4504 2255 4572 qui
2290 4512 2606 4572 exspectant
2639 4503 2852 4572 laqueis
2885 4518 2971 4556 me
3006 4501 3243 4555 irretire.

248 4605 342 4658 23.
368 4604 646 4673 Συνταγὰς
670 4603 853 4674 ἔχουσι
886 4604 1005 4656 κατ’
1037 4602 1196 4674 ἐμοῦ,

1944 4594 2036 4647 25.
2062 4593 2265 4649 Foedus
2296 4594 2571 4648 iniverunt
2600 4604 2791 4649 contra
2822 4608 2931 4657 me,

245 4696 341 4751 24.
373 4697 657 4765 Λέγοντεςσ
707 4696 766 4748 '0
787 4695 919 4758 Θεὸς
945 4694 1126 4747 εἴασεν
1159 4694 1342 4748 αὐτόν.

1946 4685 2036 4739 24.
2070 4684 2325 4740 Dicentes
2354 4706 2367 4741 :
2401 4685 2543 4741 Deus
2573 4686 2783 4741 dimisit
2820 4702 2964 4741 eum.

248 4789 346 4843 23.
370 4790 696 4859 Κρατήσατε
734 4789 915 4852 αὑτὸν,
948 4788 1041 4841 καὶ
1063 4784 1534 4858 κατακυριεύσατε
1571 4787 1765 4841 αὐτου.

1690 4803 1765 4841 )υ.
1950 4778 2041 4833 25.
2080 4777 2282 4834 Tenete
2306 4795 2453 4844 eum,
2481 4789 2536 4833 et
2564 4779 2922 4833 dominamini
2959 4778 3014 4832 in
3045 4777 3221 4846 ipsum

251 4881 345 4935 26.
376 4882 497 4933 Ὀτι
517 4882 693 4942 οὐδεὶς
716 4879 938 4933 δύναται
970 4880 1132 4931 αὐτὸν
1188 4878 1452 4949 ῥύσασθαι
1491 4878 1551 4943 ἐξ
1583 4878 1764 4949 ἡμῶν.

1952 4870 2042 4924 26.
2075 4870 2344 4936 Quoniam
2374 4886 2535 4926 nemo
2564 4878 2739 4940 potest
2768 4869 2922 4923 illum
2955 4883 2986 4922 a
3020 4868 3175 4923 nobis
3211 4867 3458 4921 liberare.

250 4970 347 5024 27.
392 4970 449 5021 Ὀ
470 4970 602 5033 Θεός
628 4987 750 5040 μου,
785 4968 859 5040 μὴ
888 4969 1055 5041 ἐάσῃς
1090 4987 1184 5039 με.

1947 4962 2037 5014 27.
2070 4961 2213 5017 Deus
2240 4979 2415 5028 meus,
2447 4978 2515 5017 ne
2546 4962 2791 5017 dimittas
2825 4974 2932 5013 me.

247 5061 345 5116 28.
415 5064 472 5122 '0
523 5063 715 5133 ἐφορός
765 5079 894 5131 μου,
960 5064 1268 5135 προνοητής
1322 5080 1422 5133 μου
1474 5061 1767 5131 εὐδόκησον

1951 5053 2041 5106 28.
2074 5052 2352 5123 lnspector
2398 5070 2556 5111 meus
2595 5054 2932 5125 complaceat
2979 5050 3073 5107 tibi
3124 5058 3182 5103 ut
3214 5050 3464 5118 provisor

164 5152 346 5210 εἶναι.

1886 5158 2039 5198 meus
2064 5143 2160 5197 sis.
2471 5144 2476 5151 '

1148 5330 1457 5392 Addenda
1489 5336 1549 5392 et
1584 5326 1966 5405 corrigenda
1998 5342 2075 5385 ex
2121 5323 2264 5383 cod.
2307 5320 2505 5384 Vatic.

251 5529 341 5600 (1)
380 5529 474 5581 Ἐκ
501 5525 798 5600 χειρὸς-τοῦ
820 5524 1089 5581 διαϐόλου.
1121 5521 1282 5579 Deest
1309 5522 1474 5590 λέγει.

254 5578 827 5673 ἰέῖζῖῖλὲεῶπὸιῇθηνς,
860 5578 887 5579 π
1020 5578 1088 5581 ⁷⁷
1180 5578 1187 5579 ί
1382 5578 1393 5590 ’
1948 5578 2317 5673 iﬁlli???“

362 5650 612 5738 Παίκξνιον
640 5650 917 5737 ἐξενῇθηνν
1954 5653 2026 5721 16)
2060 5650 2167 5703 MO"
