3876 6220
133 251 252 309 957

215 365 311 420 46.
332 365 442 420 Καὶ
470 367 804 441 ἐπιστρέψας
833 370 1203 441 ὲζωοποίησάς
1230 389 1319 442 με·

211 459 305 513 47.
325 461 431 512 Καὶ
463 462 526 512 ὲκ
551 460 658 513 τῶν
690 461 939 514 ἀϐύσσων
972 467 1070 534 τῆς
1099 468 1201 536 γῆς
1233 465 1507 536 ἀνήγαγες
1541 483 1606 536 με
1637 466 1734 536 (a).

219 551 310 603 48.
349 551 712 617 Ἐπλεύνασας
747 554 831 606 ἐπ’
857 555 956 624 ἐμὲ
994 555 1091 625 τὴν
1121 557 1508 628 μεγαλωσύνην
1544 575 1659 611 σοιν

217 642 312 697 49.
346 644 451 694 Καὶ
487 645 822 714 ἐπιστρέψας
848 647 1228 716 παρεκάλεσάς
1256 665 1377 717 μου.

217 735 311 788 50.
331 736 440 787 Καὶ
460 737 524 788 ἐκ
541 736 649 788 τῶν
666 737 917 790 ἀϐύσσων
937 739 1036 807 τῆς
1052 740 1154 807 γῆς
1176 740 1335 793 πάλιν
1353 741 1625 813 ἀνήγαγες
1645 759 1731 812 με.

220 823 313 877 51.
350 825 456 876 Καὶ
489 825 596 898 γὰρ
650 827 761 895 ἐγὼ
800 827 1266 901 ἐξομολογήσομαὶ
1313 848 1394 884 σοι
1451 835 1507 885 ἐν
1559 832 1733 896 λαοῖς,

141 915 328 982 Κύριε
359 917 432 982 (bi
459 932 472 944 ·

220 1008 292 1062 se

218 1100 309 1154 55.
345 1101 516 1153 Ψαλὼ
545 1119 622 1154 σοι
653 1105 710 1155 ἐν
738 1103 958 1176 κιθάρα,
992 1108 1020 1158 ὁ
1050 1107 1202 1174 ἆγιος
1230 1107 1323 1159 τοῦ
1371 1108 1612 1179 Ἰσραήλ.

220 1190 312 1245 54.
359 1191 800 1260 Ἀγαλλιάσονται
852 1195 920 1248 τὰ
963 1197 1112 1268 χείλη
1188 1216 1288 1269 μου
1319 1239 1332 1262 ,
1392 1201 1522 1254 ὅταν
1580 1201 1736 1270 ψάλω

143 1299 234 1335 σοι
259 1300 273 1313 ⁸

218 1376 309 1429 55.
343 1378 453 1430 Καὶ
483 1382 514 1450 ἡ
540 1380 684 1450 ψυχή
719 1399 839 1450 μου,
879 1382 946 1453 ἢν
964 1383 1281 1455 ἐλυτρὼσω.

220 1465 313 1518 56.
349 1467 467 1519 Ἔτι
501 1468 556 1520 δε
585 1472 735 1540 καὶὴ
768 1471 989 1539 γλῶσσά
1041 1492 1143 1544 μου
1198 1475 1325 1545 ὅλην
1364 1476 1462 1548 τὴν
1520 1478 1735 1550 ἡμέραν

142 1554 224 1627 (ε)
253 1556 541 1626 μελετήσει
566 1559 664 1631 τὴν
692 1560 1038 1634 δικαιοσύνην
1068 1581 1162 1616 σου
1189 1582 1201 1596 ·

222 1647 314 1700 57.
351 1647 516 1700 Ὅταν
548 1652 895 1720 αἰσχυνϐῶσι,
921 1655 1375 1724 καὶέντραπῶσιν
1422 1660 1470 1710 οἱ
1512 1656 1738 1729 ζητοῦν-

138 1755 242 1801 τες
279 1740 345 1792 τὰ
380 1743 521 1794 κακά
558 1759 667 1811 μοι.

183 1833 296 1897 Εἰς
331 1833 399 1886 τὸ
433 1834 624 1900 τέλος,
661 1835 902 1904 ψαλμὸς
931 1835 1010 1901 τῷ
1042 1837 1220 1891 Δαϐὶδ
1263 1841 1350 1905 εἰς
1386 1840 1693 1910 Σαλομών.

711 1915 720 1922 ’
744 1931 973 1982 ΨΑΑΜ.
1017 1933 1141 1982 οΑν.

222 2013 279 2068 1.
322 2017 379 2068 Ὀ
401 2015 553 2080 Θεὸς,
576 2019 634 2070 τὸ
665 2019 838 2089 κρῖμὰ
866 2036 956 2071 σου
990 2019 1066 2088 τῷ
1089 2020 1298 2089 βασιλεῖ
1331 2022 1418 2084 δός
1439 2040 1452 2052 ·

220 2107 278 2161 2.
306 2111 412 2162 Καὶ
451 2110 546 2182 τὴν
569 2111 915 2182 δικαιοσύνην
951 2130 1044 2166 σου
1076 2114 1154 2183 τῷ
1185 2113 1284 2182 υἱῷ
1312 2115 1405 2167 τοῦ
1447 2115 1734 2184 βασιλέως.

220 2202 278 2256 5.
309 2202 530 2273 Κρίνειν
559 2204 650 2258 τὸν
683 2205 806 2258 λαόν
837 2223 930 2258 σου
965 2208 1022 2259 ὲν
1051 2206 1369 2279 δικαιοσύνῃ
1394 2223 1408 2236 ·

300 1049 312 1061 .
361 1010 448 1060 Ἐν
483 1008 700 1062 σκεύεσι
727 1010 942 1080 ψαλμοῦ
968 1014 1066 1084 τὴν
1088 1013 1344 1084 ἀλήθειάν
1370 1032 1486 1078 σου,
1518 1016 1546 1067 ὁ
1577 1014 1734 1079 Θεός.

1069 253 1157 308 DE
1195 253 1474 310 TITULIS
1515 251 1966 312 PSALMORUM.
2000 283 2072 294 —
2109 253 2306 310 PSAL.
2346 254 2533 310 LXXI.
3308 259 3414 314 958

1772 375 1818 430 Α
1919 369 2006 424 46.
2041 369 2108 423 Ει
2132 386 2428 428 conversus
2457 371 2738 429 viviticasti
2771 389 2889 429 me:

1913 461 2002 516 47.
2035 461 2100 514 Et
2130 464 2195 515 de
2225 463 2435 533 abyssis
2463 476 2618 520 terra:
2648 466 2914 520 reduxisti
2939 481 3044 520 me.

1909 553 1995 606 48.
2036 553 2405 624 Multiplicasti
2432 573 2596 626 super
2621 574 2708 612 me
2737 558 3198 624 magnificentiam
3226 566 3373 615 tuam
3398 577 3414 613 :

1907 646 1996 701 49.
2031 647 2097 702 Ει
2125 665 2423 706 conversus
2451 655 2770 708 consolatus
2805 671 2864 711 es
2895 670 3001 709 me.

1908 740 1996 794 50.
2025 739 2091 794 Et
2119 742 2184 796 de
2218 742 2430 813 abyssis
2456 754 2612 800 terrae
2636 747 2830 801 iterum
2865 747 3128 805 reduxisti
3159 766 3265 805 me.

1910 831 1997 886 5i.
2031 831 2166 886 Nam
2199 843 2253 888 et
2280 849 2381 905 ego
2427 838 2732 893 conﬁtebor
2768 839 2865 894 tibi
2908 840 2963 893 in
3021 843 3266 913 populis,
3311 843 3420 899 Do-

1839 939 2005 978 mine.

1911 1016 1999 1070 5*2.
2036 1014 2092 1070 In
2121 1016 2268 1070 vasis
2293 1017 2489 1085 psalmi
2515 1018 2798 1072 veritatem
2827 1029 3000 1084 tuam,
3041 1021 3180 1078 Deus
3206 1042 3219 1077 :

1911 1108 1998 1161 55.
2027 1107 2261 1161 Psallam
2291 1108 2387 1160 tibi
2423 1108 2476 1162 in
2507 1109 2742 1174 cithara,
2777 1120 3000 1166 sanctus
3026 1111 3210 1168 lsrael.

1908 1197 1996 1252 54.
2023 1197 2392 1280 ,Εκειιιιοὺιιηι
2419 1199 2560 1256 labia
2603 1216 2744 1270 mea,
2779 1218 2902 1256 eum
2937 1214 3230 1261 cantavero
3281 1208 3417 1264 tibi:

1909 1381 1998 1435 55.
2029 1379 2094 1434 Ει
2115 1381 2300 1436 anima
2335 1398 2476 1450 mea,
2507 1399 2671 1454 quam
2699 1383 3003 1440 redemisti.

1912 1472 1999 1527 5‘5.
2031 1472 2139 1527 Sed
2163 1484 2216 1528 et
2245 1475 2431 1544 lingua
2459 1491 2575 1530 mea
2612 1486 2724 1532 tota
2749 1477 2838 1532 die
2871 1478 3225 1534 meditabitur
3249 1480 3414 1550 justi-

1844 1564 1973 1618 tiam
2004 1573 2150 1618 tuam
2189 1584 2202 1619 :

1916 1655 2005 1712 57.
2039 1657 2174 1711 Cum
2206 1657 2442 1724 confusi,
2471 1667 2525 1714 et
2554 1660 2772 1715 reveriti
2795 1660 3022 1726 fuerint,
3045 1664 3141 1734 qui
3169 1671 3423 1735 quierunt

1843 1746 1985 1800 mala
2018 1747 2174 1800 mihi.

2003 1834 2071 1892 1η
2094 1838 2274 1907 ﬁnem,
2310 1838 2558 1892 Psalmus
2588 1838 2762 1894 David
2791 1842 2847 1895 in
2883 1840 3242 1900 Salomonem.

2385 1931 2649 1988 PSALM.
2680 1933 2884 1989 LXXI.

1909 2025 1962 2079 1.
1995 2023 2162 2088 Deus,
2195 2023 2463 2094 judicium
2492 2033 2643 2079 tuum
2670 2026 2781 2096 regi
2806 2026 2873 2080 da
2906 2045 2920 2081 :

1828 2166 1830 2169 ,
1920 2116 1974 2171 2.
2005 2116 2360 2186 Etjustitiam
2395 2128 2545 2173 tuam
2572 2118 2684 2172 ﬁlio
2707 2119 2872 2188 regis.

1919 2210 1976 2264 5.
2002 2207 2255 2264 Judicare
2271 2211 2534 2278 populum
2570 2219 2724 2265 tuum
2762 2209 2815 2263 in
2847 2210 3098 2280 justitia:

213 2358 296 2434 (α)
328 2360 497 2434 Πριλιν
547 2361 822 2434 ἀνήγαγες
859 2379 946 2431 με.
1003 2359 1359 2415 Emendatum
1415 2361 1516 2415 fuit
1562 2362 1732 2415 πάλαι

1913 2380 1936 2417 u
1972 2363 2197 2428 recenti,
2223 2363 2316 2417 sed
2347 2363 2508 2416 πάλιν
2528 2365 2805 2434 legebatur
2834 2374 2894 2421 ut
2921 2367 2975 2421 in
3005 2383 3150 2426 vers.
3181 2368 3272 2429 50.

221 2433 301 2501 (ὑ)
345 2432 431 2483 Ἑν
469 2431 635 2494 λαοῖς,
666 2431 835 2500 Κύριε
863 2435 1076 2484 desunt.

221 2502 297 2572 (ε)
331 2501 496 2572 Ὅλην
521 2504 619 2574 τὴν
650 2502 864 2572 ἡμέραν
903 2502 1132 2568 desunt;
1184 2510 1241 2556 at
1293 2503 1348 2556 in
1395 2518 1568 2574 marg.
1599 2503 1722 2558 cod.

1913 2517 1956 2554 ιι·
1977 2502 2148 2558 diver.
2177 2505 2422 2560 cbaract.
2449 2513 2659 2559 tantum
2694 2504 2848 2575 ὅλην.

1285 2656 1664 2713 ATHANASII
1705 2655 2300 2713 INTERPRETATIO.

221 2816 316 2873 46.
350 2817 461 2870 Καὶ
487 2814 747 2886 ἐποίησάς
779 2833 846 2885 με
895 2817 1222 2884 μετανοῆσαι
1270 2813 1358 2868 διὰ
1396 2815 1495 2884 τῆς
1524 2815 1746 2886 χάριτός

142 2929 272 2975 σου,
304 2910 399 2963 καὶ
424 2907 820 2976 ζωοποιηοῆναι
851 2908 907 2959 ὲν
929 2906 1007 2976 τῷ
1037 2905 1389 2976 βαπτίσματι.

218 3001 314 3056 47.
350 3001 444 3052 Ἐκ
476 2998 582 3050 τῶν
614 2995 893 3068 ἁμαρτιῶν
933 3014 1051 3067 μου.

221 3092 316 3146 48.
346 3091 456 3143 Καὶ
476 3088 635 3141 πάλιν
669 3088 1050 3158 ἡμαρτηκότος
1077 3104 1176 3157 μου
1209 3088 1269 3139 οὐ
1295 3085 1548 3157 παρεῖδες
1578 3104 1668 3156 με.

221 3183 313 3238 49.
350 3182 488 3234 Ἀλλ’
519 3179 852 3249 ἐπιστρέψας
873 3196 938 3250 με
959 3180 1066 3232 ἀπὸ
1096 3179 1193 3250 τῆς
1216 3179 1494 3250 ἁμαρτίας
1519 3180 1610 3233 διὰ
1630 3181 1738 3236 τῶν
1767 3159 1810 3217 C

137 3277 326 3347 ἁγίων
350 3275 580 3347 Γραφῶν
611 3271 972 3343 ἐνουθέτησάς
1011 3288 1098 3342 με.

224 3370 314 3424 50.
343 3371 452 3423 Καὶ
474 3368 632 3422 πάλιν
661 3369 724 3420 ἐκ
755 3366 1008 3436 δευτέρου
1040 3364 1128 3418 διὰ
1167 3365 1268 3436 τῆς
1305 3366 1593 3436 μετανοίας
1644 3368 1738 3437 ep-

142 3463 219 3536 ρύ
232 3480 308 3515 σω
343 3480 408 3533 με
442 3462 548 3514 ἀπὸ
578 3461 684 3514 τῶν
714 3458 952 3530 ἀνομιῶν
985 3476 1108 3529 μου.

227 3553 317 3608 51.
342 3556 682 3623 Διηγήσομαι
717 3553 871 3614 πᾶσι,
900 3549 959 3602 τὸ
986 3549 1104 3612 πῶς
1130 3566 1198 3620 με
1231 3548 1492 3620 ὴλέησας.

229 3645 320 3700 5'2.
362 3644 450 3697 Ἑν
471 3645 536 3714 τῇ
559 3642 780 3714 γλώσσῃ
801 3659 901 3712 μου
923 3640 1014 3694 καὶ
1041 3643 1099 3693 ἐν
1134 3644 1247 3704 τοῖς
1278 3641 1482 3711 χείλεσί
1520 3659 1620 3712 μου
1643 3641 1741 3712 (1).

227 3738 320 3793 55.
355 3734 644 3807 Νεκρώσαι
687 3735 762 3803 (9.)
809 3734 871 3786 τὸ
914 3733 1075 3804 σῶμα
1127 3751 1226 3804 μου
1268 3733 1358 3787 διὰ
1402 3735 1501 3804 τῆς
1537 3736 1742 3807 ἐγκρα-

142 3831 306 3891 τείας
339 3827 514 3891 οὕτως
544 3829 840 3898 ἁνυμνήσω
875 3844 958 3880 σε.

224 3919 318 3975 ξι.
348 3921 428 3972 Τὰ
463 3921 618 3990 χείλη
649 3922 747 3989 τῆς
776 3919 1004 3991 καρδίας
1037 3935 1163 3990 μου.

223 4012 318 4067 55.
362 4013 454 4064 Ἐκ
482 4012 588 4064 τῶν
609 4010 819 4082 ἐχθρῶν
843 4011 1033 4080 αὐτῆς.

225 4103 317 4158 56.
369 4102 456 4156 Ἑν
480 4102 563 4173 τῷ
602 4103 750 4172 νόμῳ
786 4119 878 4155 σου
920 4103 1187 4172 ἐπιζητεῖ,
1231 4103 1260 4154 ὃ
1292 4119 1344 4155 τι
1402 4103 1631 4174 ἀρεστὸν
1679 4104 1736 4156 ἐν

147 4196 239 4252 σοί
274 4197 421 4248 ἐστιν
466 4196 563 4265 (5).

224 4289 318 4344 57.
345 4291 408 4341 Οἱ
435 4289 706 4358 δαίμονες.

1916 2817 2004 2871 46.
2032 2817 2097 2871 Ει
2124 2818 2300 2873 fecisti
2332 2835 2417 2873 me
2447 2820 2619 2891 gratia
2643 2830 2734 2874 tua
2765 2819 3050 2891 paenitere.
3079 2828 3133 2876 et
3162 2820 3424 2878 viviticari

1843 2911 1900 2966 in
1926 2912 2214 2981 baptismo.

1918 3004 2006 3058 47.
2040 3002 2080 3056 Ε
2110 3003 2344 3073 peccatis
2369 3003 2524 3057 meis.

1915 3097 2005 3150 48.
2044 3095 2110 3148 Ει
2138 3111 2330 3150 rursus
2354 3112 2477 3150 cum
2504 3110 2837 3165 peccassem,
2867 3111 2974 3150 non
3002 3095 3288 3166 neglexisti
3313 3111 3422 3150 me.

1912 3189 2000 3246 49.
2040 3188 2145 3245 Sed
2164 3198 2488 3246 convertens
2519 3205 2609 3244 me
2636 3206 2666 3244 a
2687 3197 2911 3260 peccato
2943 3190 3148 3246 sanctis
3177 3189 3424 3262 Scriptu~

1839 3282 1918 3338 ris
1949 3299 2036 3338 me
2069 3283 2420 3338 admonuisti.

1911 3373 2000 3428 50.
2036 3373 2103 3428 Ει
2130 3391 2327 3430 rursus
2353 3373 2597 3429 secundo
2631 3389 2729 3445 per
2758 3374 3139 3446 pmnitentiam
3174 3373 3424 3444 eripuisti

1839 3481 1927 3521 me
1957 3465 2025 3520 ab
2056 3466 2441 3536 iniquitatibus
2469 3468 2626 3522 meis.

1906 3557 1994 3612 5|.
2027 3557 2272 3614 Narrabo
2305 3560 2563 3615 omnibus
2587 3559 2866 3629 quomodo
2901 3557 3160 3613 misertus
3193 3573 3254 3614 es
3293 3555 3422 3612 mei.

1914 3649 2012 3706 5‘2.
2036 3652 2096 3704 In
2125 3651 2308 3721 lingua
2344 3669 2486 3718 mea,
2515 3661 2568 3706 et
2597 3653 2651 3706 in
2683 3653 2845 3707 labiis
2877 3651 3038 3706 meis.

1915 3737 2003 3792 55.
2040 3739 2416 3796 Mortiticando
2460 3758 2660 3812 corpus
2690 3757 2872 3797 meum
2903 3756 3000 3811 per
3027 3741 3423 3797 continentiam

1841 3828 1917 3883 ita
1951 3830 2187 3886 laudabo
2210 3841 2280 3887 te.

1917 3922 2004 3977 54.
2031 3923 2197 4000 Labia
2228 3925 2411 3980 cordis
2437 3927 2566 3979 mei.

1917 4015 2006 4070 55.
2040 4015 2120 4069 Ex
2152 4017 2389 4071 inimicis
2421 4017 2559 4072 suis.

1912 4104 2002 4159 56.
2043 4103 2099 4158 In
2137 4105 2251 4177 lege
2282 4115 2372 4160 tua
2412 4115 2639 4176 quaeret,
2683 4105 3051 4177 quodcunque
3080 4105 3336 4176 placitum
3367 4105 3426 4164 in

1843 4210 1907 4250 ea
1941 4196 2034 4249 tibi
2067 4204 2170 4250 est.
3499 4189 3506 4193 ’

1911 4285 1998 4341 57.
2038 4286 2339 4341 Daemones.

236 4383 304 4436 Ἡ
333 4381 665 4453 προκειμένη
693 4378 969 4451 ἐπιγραφὴ
998 4379 1239 4448 περιέχει
1269 4377 1344 4448 (4)
1365 4392 1380 4406 °
1407 4377 1510 4442 Εἰς
1528 4392 1598 4429 το
1624 4374 1821 4444 τέλος,
1850 4378 2098 4448 ψαλμὸς
2130 4377 2210 4444 τῷ
2242 4378 2420 4432 Δαϐὶδ
2449 4382 2536 4445 εἰς
2571 4378 2862 4448 Σαλομών
2921 4379 3092 4432 Τοῦτο
3110 4376 3202 4433 οὖν
3235 4380 3423 4449 λέγει·

148 4480 244 4536 ἐπ’
273 4476 516 4546 ἐσχάτων
549 4474 656 4528 τῶν
691 4475 911 4546 ἡμερῶν
940 4475 1020 4535 εἰς
1042 4473 1131 4524 τὸν
1154 4469 1574 4542 εἰρηνικώτατόν
1603 4473 1756 4524 ἐστιν
1785 4474 1814 4524 ὁ
1837 4472 2072 4545 ψαλμὸς,
2100 4473 2245 4543 λέγω
2271 4472 2334 4544 δὴ
2365 4475 2447 4536 εἰς
2475 4471 2566 4526 τὸν
2593 4472 2798 4544 Κύριον
2853 4471 3061 4544 Ἰησοῦν
3081 4489 3093 4502 ·
3135 4475 3429 4545 Σαλομὼν

145 4573 270 4646 γὰρ
296 4569 595 4640 εἰρηνικὸς
628 4569 988 4641 ἑρμηνεύεται
1007 4609 1019 4622 .

232 4693 446 4748 Titulus
476 4690 800 4763 prmpositus
834 4685 1076 4741 continet
1105 4699 1118 4734 :
1156 4698 1224 4736 ,η
1258 4689 1414 4751 (mem
1447 4695 1464 4733 :
1501 4678 1759 4733 Psalmus
1801 4678 1973 4734 David
2011 4682 2066 4734 in
2105 4680 2460 4735 Salomoncm.
2515 4681 2630 4736 lloc
2659 4681 2825 4751 igitur
2859 4681 3169 4752 signiﬁcat:
3210 4683 3266 4736 in
3297 4685 3431 4738 ullis

148 4787 268 4846 mis
290 4787 478 4841 diebus
511 4784 566 4837 in
597 4795 810 4837 summe
837 4776 1122 4848 paciﬁcum
1155 4781 1240 4830 est
1265 4773 1530 4843 psalmus.
1575 4770 1706 4827 Dico
1738 4780 1927 4838 autem
1958 4773 2013 4828 in
2054 4772 2348 4829 Dominum
2379 4772 2588 4831 Jesum.
2638 4776 2894 4832 Salomon
2924 4776 3069 4832 enim
3107 4777 3433 4848 interpreta-

148 4891 253 4938 tur
272 4879 546 4950 paciﬁcus.

236 4976 291 5030 1.
341 4973 422 5045 [ᾧ
446 4973 560 5044 Υἱῷ
598 4989 712 5025 σου.

233 5069 292 5123 2.
321 5069 447 5131 Τοῖς
470 5065 644 5134 ἁγίοις
676 5081 793 5117 σου.

229 5161 288 5215 3.
319 5160 498 5212 Ποιεῖν
534 5158 624 5210 τὸν
655 5155 782 5210 λαόν
813 5171 906 5207 σου
939 5153 999 5207 ὲν
1030 5149 1344 5223 δικαιοσύνῃ
1386 5167 1478 5203 σου
1503 5148 1703 5222 πορεύε
1726 5178 1752 5194 ο

155 5252 317 5315 σθαι,

1776 4968 1822 5022 D
1923 4965 1975 5019 1.
2005 4964 2145 5020 Filio
2172 4975 2287 5022 tuo.

1919 5057 1974 5112 2.
2011 5057 2230 5117 Sanctis
2258 5064 2386 5118 tuis.

1919 5150 1973 5204 5.
1999 5150 2227 5219 Facere,
2279 5163 2340 5209 ut
2379 5154 2611 5225 populus
2657 5161 2786 5208 tuus
2838 5151 2895 5206 in
2929 5151 3142 5222 justitia
3179 5161 3270 5206 tua
3310 5163 3432 5202 am-

1848 5243 2000 5298 bulet

1121 5357 1430 5422 Addenda
1458 5363 1520 5418 et
1550 5356 1926 5437 corrigenda
1955 5373 2036 5418 ex
2073 5359 2220 5419 cod.
2258 5357 2463 5420 Vatie.

266 5494 316 5563 Ι)
344 5496 463 5549 Μοο
496 5495 648 5548 deest

263 5568 318 5632 '2)
358 5563 678 5636 Νεκρὼσας.

259 5626 316 5707 ὅ)
359 5626 724 5707 Ἐπιζητήσω,
758 5631 811 5686 τι
836 5632 896 5686 τὸ
925 5628 1150 5702 ἀρεστόν
1181 5626 1299 5694 ἐστι
1326 5642 1426 5680 σοι.

482 5722 762 5782 ΡΑτιιοι..
806 5716 922 5778 Gn.
971 5712 1237 5775 XXVII.

1921 5482 1996 5564 (4)
2032 5484 2098 5538 Ἠ
2123 5483 2209 5538 διὰ
2205 5483 2714 5564 ἱῆςκινναὸάρειυς
2736 5483 2980 5564 περιέχει
2999 5499 3013 5514 ο
3049 5483 3128 5545 εἰς
3147 5478 3431 5554 Σαλομών.

1846 5551 2042 5649 Τοῦτο,
2069 5564 2175 5612 etc.
2205 5551 2378 5611 Paulo
2404 5564 2531 5626 post
2564 5551 2846 5624 Σολομὼν.

3074 5701 3151 5763 30
