3876 6220
466 254 569 313 939
1342 248 1399 305 S.
1444 240 1812 301 ATHANASII
1850 236 1998 295 OPP.
2042 230 2225 288 PARS
2262 228 2350 285 111.
2394 259 2464 269 -
2502 225 2923 281 EXEGETICA.
3644 213 3789 273 940

530 374 583 428 4.
616 372 680 428 Ει
705 390 971 444 pauperes
1001 382 1127 429 tuos
1150 369 1205 424 in
1225 364 1459 437 judicio.

2072 349 2120 407 Α
2216 344 2269 396 4.
2311 342 2419 395 Kal
2450 342 2575 403 τοὺς
2600 337 2849 408 πτωχούς
2894 352 2987 390 σου
3013 336 3070 387 ὲν
3112 333 3312 402 κρίσει.

524 463 577 519 5.
611 422 922 534 Susrcipilant
954 474 1167 519 montes
1202 470 1390 529 pacem
1412 450 1613 524 populo
1650 466 1663 500 :

2218 433 2269 486 5.
2314 430 2655 485 Ἀναλαϐἑτω
2682 429 2748 482 τά
2787 429 2885 498 ὅρη
2925 428 3148 497 εἰρήνην
3193 424 3269 494 τῷ
3305 422 3421 492 λαῷ
3448 437 3464 451 ο

531 554 582 611 6-
625 555 689 611 Et
719 519 885 613 colles
912 519 1221 626 justitiam:
1416 519 1427 524 —
1489 519 1502 521 ἠ

2218 526 2272 581 6.
2301 526 2412 579 Kal
2440 526 2487 577 οἱ
2521 524 2698 594 βουνοὶ
2750 519 3118 589 δικαιοσύνην.

531 610 584 699 έι.
612 610 887 702 suis...
912 610 1181 717 pauperes
1214 637 1401 711 populi
1431 654 1447 692 ς

2221 618 2273 671 7.
2304 618 2497 687 Κρινεῖ
2525 617 2651 677 τοὺς
2691 613 2940 681 πτωχοὺς
2960 610 3054 662 τοῦ
3077 610 3209 662 λαοῦ
3232 623 3243 636 ·

531 734 583 791 8.
615 736 682 790 Et
712 742 892 793 salvos
916 707 1081 791 iaciet
1116 734 1255 788 ﬁlios
1285 738 1591 800 pauperum
1623 742 1635 776 :

2222 711 2273 765 8.
2301 711 2411 763 Kal
2440 708 2604 761 σώσει
2626 707 2751 769 τοὺς
2788 707 2938 767 υἱοὺς
2970 707 3077 757 τῶν
3110 719 3361 774 πενητων
3383 719 3397 733 ⁸

528 827 581 881 9.
619 827 685 881 Et
712 828 1019 882 humiliabit
1044 822 1519 881 calumniatorem.

2222 804 2273 857 9.
2302 803 2413 855 Kal
2435 799 2763 854 ταπεινώσει
2800 797 3164 867 συκοφάντην.

534 916 624 971 10.
652 917 719 973 Et
747 917 1088 988 permanebit
1113 930 1239 971 cum
1271 912 1409 973 sole,

2226 894 2314 947 10.
2349 896 2459 946 Kal
2490 894 2912 977 συμπαραμενεῖ
2942 890 3020 960 τῷ
3049 889 3202 959 ἡλίῳ,

532 1009 620 1065 11.
658 1012 723 1064 Et
748 979 882 1066 ante
912 1011 1094 1064 lunam
1147 1009 1201 1062 in
1246 1000 1596 1075 generatione
1640 1004 1694 1051 et
1736 990 2046 1064 generatio-

2224 984 2311 1037 11.
2340 985 2449 1038 Kal
2471 983 2577 1054 πρὸ
2606 984 2702 1045 τῆς
2728 981 2953 1044 σελήνης
2974 981 3168 1048 γενεᾶς
3203 979 3298 1032 καὶ
3319 980 3396 1051 (a)
3429 980 3662 1049 γενεῶν.

462 1117 581 1158 nes.

535 1195 623 1249 12.
660 1194 962 1247 Descendet
990 1192 1135 1246 sicut
1158 1189 1335 1259 pluvia
1372 1187 1425 1240 in
1454 1183 1629 1239 vellus
1657 1202 1669 1238 :

2226 1184 2312 1237 12.
2346 1181 2732 1253 Καταὸήσεται
2762 1180 2836 1244 ὡς
2866 1180 3018 1243 ὑετὸς
3052 1180 3145 1232 ἐπὶ
3182 1179 3348 1233 πόκον
3375 1197 3386 1210 ·

534 1284 621 1338 15.
657 1282 723 1336 Et
756 1284 897 1338 sicut
928 1291 1077 1352 gutta
1110 1280 1324 1334 stillans
1353 1292 1518 1346 super
1538 1284 1758 1330 terram.

2227 1273 2313 1327 15.
2347 1274 2456 1325 Kal
2476 1272 2608 1325 ὡσεὶ
2645 1270 2857 1338 σταγὼν
2887 1274 2919 1342 ἡ
2948 1272 3219 1335 στάζουσα
3261 1272 3354 1322 ἐπὶ
3386 1271 3487 1341 τὴν
3518 1272 3652 1342 γῆν.

532 1373 622 1429 14.
649 1372 870 1427 Orietur
899 1374 953 1426 in
987 1372 1179 1426 diebus
1206 1370 1325 1439 ejus
1346 1366 1585 1438 justitia,

2228 1364 2315 1417 14.
2364 1365 2636 1417 Ἀνατελεῖ
2674 1365 2731 1416 ἐν
2760 1366 2878 1426 ταῖς
2908 1364 3145 1435 ἡμέραις
3184 1363 3349 1417 αὐτοῦ
3375 1363 3739 1436 δικαιοσύνη,

535 1463 624 1520 15.
653 1462 721 1517 Ει
764 1463 1095 1518 abundantia
1141 1461 1312 1531 pacis,
1357 1458 1533 1512 donec
1571 1454 1851 1511 auferatur
1899 1454 2046 1509 luna.

2250 1460 2315 1514 .5.
2344 1460 2453 1513 Kal
2482 1458 2686 1529 πλῆθος
2725 1460 2967 1529 εἰρήνης,
3000 1459 3105 1522 ἓως
3166 1451 3226 1510 οὗ
3287 1458 3666 1530 ἀνταναιρεθῇ
3733 1463 3781 1529 ἡ

2160 1553 2360 1624 σελήνη
2374 1591 2386 1604 .

537 1643 624 1699 16.
648 1643 715 1699 Et
736 1644 1168 1713 dominabitur}
1201 1644 1341 1698 mari
1364 1656 1537 1714 usque
1563 1642 1632 1697 ad
1665 1656 1839 1705 mare,

2267 1642 2318 1696 6.
2353 1643 2464 1695 Kal
2492 1639 2921 1712 κατακυριεύσει
2950 1640 3057 1692 ἀπὸ
3098 1639 3374 1713 θαλάσσης
3414 1643 3521 1705 ἕως
3552 1641 3790 1695 θαλάσ-

2167 1754 2287 1807 σης,

541 1826 627 1881 17.
655 1825 720 1881 Ει
741 1842 771 1881 a
806 1825 1124 1881 ﬂuminibus
1161 1840 1335 1895 usque
1370 1824 1437 1880 ad
1471 1823 1740 1879 terminos
1768 1820 1920 1877 orbis
1942 1828 2053 1875 ter-

2253 1828 2319 1881 l7.
2352 1826 2463 1881 Kal
2499 1827 2607 1880 ἀπὸ
2634 1823 2893 1897 ποταμῶν
2924 1825 3029 1889 ’ἐως
3067 1826 3323 1897 περάτων
3359 1826 3461 1896 τῆς
3494 1826 3784 1898 οἰκουμέ-

468 1933 680 1974 rarum.

2160 1938 2279 1992 νης.

542 2008 629 2064 18.
663 2007 858 2064 Coram
884 2008 975 2061 illo
1002 2006 1288 2078 procident
1309 2005 1600 2076 {Ethiopes
1636 2023 1651 2060 :

2231 2009 2319 2064 18.
2361 2007 2621 2062 Ἐνὼπιον
2655 2010 2819 2061 αὐτου
2853 2007 3256 2079 προπεσοῦνται
3293 2009 3579 2073 Αἰθίοπες·

542 2098 629 2152 19.
660 2097 727 2152 Et
760 2099 969 2153 inimici
998 2100 1117 2168 ejus
1151 2106 1357 2153 terram
1386 2098 1617 2167 lingent.

2233 2099 2321 2155 19.
2349 2101 2457 2154 Kal
2489 2102 2537 2153 οἱ
2566 2100 2751 2171 ἐχθροὶ
2781 2100 2949 2153 αὑτοῦ
2991 2100 3122 2170 χοῦν
3152 2101 3406 2165 λείξουσι.

537 2190 627 2246 20.
665 2190 839 2260 Reges
874 2190 1123 2255 Tharsis,
1171 2198 1226 2245 et
1266 2190 1461 2245 insulae
1500 2203 1726 2244 munera
1776 2186 2007 2242 offerent
2042 2205 2055 2240 :

2248 2193 2317 2246 10.
2358 2194 2605 2256 Βασιλεῖς
2639 2193 2873 2263 Θαρσεῖς
2904 2195 2999 2245 καὶ
3023 2194 3177 2263 νῆσοι
3199 2194 3348 2266 δῶρα
3378 2197 3779 2267 προσοίσουσι·

539 2282 629 2336 21.
668 2282 840 2352 Reges
866 2282 1104 2338 Arabum
1134 2289 1187 2337 et.
1212 2280 1355 2337 Saba
1382 2281 1526 2336 dona
1558 2280 1853 2335 adducent.

2240 2284 2325 2340 21.
2354 2286 2602 2349 Βασιλεῖς
2643 2285 2889 2357 Ἀράϐων
2914 2287 3006 2339 καὶ
3040 2286 3189 2339 Σαϐἄ
3219 2287 3367 2357 δῶρα
3394 2288 3771 2359 προσάξουσι.

543 2416 620 2492 (a)
651 2417 761 2472 Καί
794 2420 966 2474 deest.

1592 2508 1964 2565 ATHANASII
2006 2508 2607 2565 INTERPRETATIO.

542 2677 599 2731 4.
627 2672 693 2728 Ει
714 2687 980 2743 pauperes
1012 2670 1207 2741 spiritu
1238 2668 1294 2723 in
1314 2668 1565 2723 veritate.

2232 2665 2285 2719 4.
2320 2665 2431 2718 Kal
2459 2665 2588 2728 τοὺς
2629 2667 2877 2735 πτωχοὺς
2908 2665 2983 2735 τῷ
3014 2666 3284 2736 πνεύματι
3321 2667 3380 2719 ὲν
3399 2667 3660 2740 ἀληθείᾳ.

538 2766 598 2821 5.
632 2762 917 2832 l’rophetue
946 2760 1321 2831 przedicahunt
1350 2757 1565 2812 Domini
1591 2757 1908 2811 adventum.

2233 2758 2285 2813 5.
2312 2760 2374 2810 Oi.
2400 2758 2675 2828 προφῆται
2705 2757 3005 2828 κηρύξουσι
3041 2758 3133 2810 τὸν
3161 2758 3364 2828 Κύριον
3390 2761 3723 2830 ἐρχόμενον.

544 2856 599 2911 6.
629 2853 698 2910 Et
727 2853 958 2924 apostoli
981 2854 1159 2922 ipsum
1190 2852 1482 2906 Dominum
1507 2850 1935 2904 annuntiabunt.

2087 2882 2131 2940 G
2233 2850 2286 2904 6.
2315 2850 2426 2903 Kal
2450 2852 2497 2902 οἱ
2521 2849 2810 2903 ἀπόστολοι
2843 2850 2935 2903 τὸν
2962 2851 3126 2904 αὑτὸν
3156 2852 3510 2923 κηρύξουσιν.

543 2948 599 3004 7.
635 2947 881 3001 Adducet
910 2960 1177 3015 pauperes
1204 2944 1419 3013 spiritu.

2236 2942 2291 2997 7.
2328 2942 2551 3011 Ἀγάγει
2578 2944 2705 3005 τοὺς
2729 2943 2983 3012 πτωχοὺς
3020 2942 3098 3013 τῷ
3127 2945 3421 3013 πνεύματι.

547 3037 601 3092 8.
631 3035 700 3090 Ει
722 3036 905 3091 salvos
933 3035 1091 3089 faciet
1124 3034 1504 3105 apostolorum
1532 3032 1858 3103 discipulos.

2234 3035 2289 3090 8.
2319 3035 2428 3087 Kal
2457 3034 2621 3086 σώσει
2656 3036 2781 3098 τοὺς
2809 3035 3061 3105 μαθητὰς
3084 3037 3191 3088 τῶν
3219 3038 3554 3093 ἀποστόλων.

544 3127 599 3183 9.
631 3125 943 3180 Diabolum.

2236 3128 2288 3184 9.
2322 3127 2424 3181 Τὸν
2457 3126 2726 3180 διάϐολον.

548 3219 638 3275 10.
667 3217 735 3272 Ει
764 3216 1104 3288 permanebit
1131 3231 1256 3270 cum
1293 3219 1523 3270 sanctis.

2238 3219 2323 3275 10.
2359 3218 2433 3291 (a)
2458 3220 2566 3272 Kal
2590 3223 3015 3289 συμπαραμενεῖ
3041 3223 3153 3283 τοῖς
3189 3221 3389 3288 ἁγίοις.

548 3314 632 3368 ll.
665 3310 731 3364 Et
758 3320 886 3365 ante
921 3309 1185 3364 mundum
1222 3309 1385 3378 elegit
1414 3322 1535 3363 eos.

2239 3313 2325 3366 11.
2361 3313 2471 3365 Kal
2513 3313 2618 3383 πρὸ
2651 3311 2743 3365 τοῦ
2773 3314 2979 3382 κόσμου
3017 3312 3299 3379 ἐξελέξατο
3327 3313 3546 3377 αὐτούς.

548 3406 635 3458 12.
671 3404 972 3459 Descendet
1005 3419 1035 3457 e
1072 3403 1229 3458 caelis
1270 3402 1579 3457 emundans
1612 3415 1832 3456 omnem
1862 3398 2065 3469 iniqui-

2245 3404 2325 3457 12.
2358 3404 2742 3475 Καταϐήσεται
2777 3404 2884 3457 ἀπὸ
2912 3404 3021 3456 τῶν
3048 3404 3296 3475 οὐρανῶν
3338 3405 3623 3476 καθαίρων
3658 3409 3776 3461 πᾶα

474 3504 641 3551 tatem
652 3536 667 3551 .

2170 3514 2269 3551 σαν
2296 3497 2545 3567 ἀνομίαν.

551 3590 636 3644 15.
666 3587 819 3642 Dona
858 3604 956 3644 sua
987 3588 1043 3643 in
1079 3587 1362 3658 apostolis.

2241 3589 2327 3643 15.
2366 3589 2447 3641 Τά
2473 3587 2787 3659 χαρίσματα
2809 3588 2976 3643 αὑτοῦ
3007 3591 3066 3643 ὲν
3106 3594 3218 3655 τοῖς
3244 3592 3584 3655 ἀποστόλοις.

552 3680 635 3734 14.
670 3677 880 3734 Sancti.

2242 3680 2329 3734 M.
2369 3681 2431 3733 Οἱ
2465 3679 2630 3748 ἅγιοι.

549 3771 634 3831 15.
670 3770 781 3826 Pax
814 3770 984 3825 multa
1008 3769 1111 3823 erit
1141 3769 1194 3821 in
1228 3766 1307 3823 eis
1328 3778 1504 3836 usque
1537 3764 1602 3819 ad
1632 3762 2039 3819 consummatio

2244 3772 2329 3826 15.
2367 3773 2432 3825 Ἡ
2461 3773 2533 3841 (1)
2560 3772 2749 3842 εἰρήνη
2782 3772 2951 3843 πολλὴ
2980 3773 3132 3828 ἔσται
3182 3777 3240 3827 ἐν
3273 3777 3457 3840 αὐτοῖς
3507 3777 3616 3840 ἓως
3667 3777 3775 3847 τῆς

475 3884 602 3925 nem
638 3866 845 3923 saaculi.

2174 3865 2482 3927 συντελείας
2515 3864 2610 3917 τοῦ
2646 3864 2860 3927 αἰῶνος.

550 3961 637 4015 16.
671 3960 717 4012 Α
738 3955 1007 4029 principio
1041 3952 1229 4008 mundi
1265 3963 1439 4019 usque
1460 3948 1527 4002 ad
1559 3946 1742 4002 finem.

2241 3959 2329 4012 16.
2378 3957 2511 4009 Ἀπὸ
2535 3957 2709 4028 ἀρχῆς
2732 3958 2827 4009 τοῦ
2855 3958 3061 4027 κόσμου
3093 3958 3198 4021 ἕως
3236 3959 3527 4031 (ἐσχάτης]
3563 3960 3772 4032 ἀρχῆς.

551 4053 638 4107 17.
671 4049 738 4105 Ει
780 4065 812 4104 a
856 4046 1110 4118 gentibus
1137 4056 1312 4112 usque
1367 4040 1432 4094 ad
1472 4039 1716 4109 reliquos
1739 4052 1933 4093 omnes
1964 4051 2065 4107 po-

2243 4049 2327 4102 17.
2360 4048 2469 4101 Kal
2494 4048 2570 4117 (2)
2594 4048 2702 4100 ἀπὸ
2721 4047 2831 4101 τῶν
2851 4047 3019 4100 ἐθνῶν
3036 4048 3142 4112 ἓως
3163 4049 3273 4101 τῶν
3288 4049 3492 4103 λοιπῶν
3520 4051 3774 4105 πάντων.

522 4145 658 4199 ulos.

522 4161 658 4199 utos.

479 4161 514 4218 Ρ
552 4236 639 4293 18.
670 4232 959 4290 Procident
981 4244 1164 4285 coram
1191 4241 1256 4283 eo
1282 4225 1552 4296 denigrati
1578 4240 1606 4278 a
1646 4225 1905 4293 peccatis.

2247 4218 2333 4272 18.
2364 4219 2778 4291 Προσπέσουσιν
2821 4219 2898 4293 (5)
2931 4222 3081 4293 αὐτῷ
3112 4225 3163 4276 οἱ
3208 4225 3614 4295 μελανωθέντες
3662 4226 3776 4279 ἀπὸ

2175 4311 2285 4364 τῶν
2308 4312 2610 4384 ἁμαρτιῶν.

552 4413 643 4468 19.
676 4411 984 4465 Daemones.

2248 4404 2333 4459 19.
2364 4409 2426 4459 Οἱ
2456 4408 2727 4477 δαίμονες.

548 4500 641 4555 20.
678 4498 943 4569 Apostoli,
978 4508 1029 4551 et
1061 4494 1296 4565 populus
1337 4490 1582 4547 ﬁdelium
1634 4491 1908 4547 adducent
1948 4495 2071 4548 ani-

2246 4496 2335 4551 20.
2369 4499 2432 4551 Οἱ
2463 4499 2749 4555 ἀπόστολοι
2780 4504 2874 4557 καὶ
2903 4506 2930 4557 ὁ
2960 4501 3092 4564 λαὸς
3120 4500 3231 4553 τῶν
3260 4501 3470 4555 πιστῶν
3502 4503 3606 4566 τάς
3642 4504 3775 4558 ἑαυ-

480 4609 601 4650 mas
652 4608 801 4647 suas.
845 4589 1101 4644 Dicemus
1145 4599 1327 4640 autem
1367 4593 1422 4638 et
1452 4584 1615 4637 aliam
1664 4586 2006 4652 interpretati

2243 4606 2280 4641 ιν
2310 4588 2489 4659 ψυχὰς
2514 4596 2963 4663 προσαγάγωσιν.
2991 4594 3249 4663 Λέξωμεν
3276 4593 3331 4646 δὲ
3353 4594 3447 4646 καὶ
3469 4593 3651 4659 ἄλλως
3671 4598 3774 4666 τὴν

481 4701 630 4741 nem.
676 4682 895 4737 Tharsis
939 4682 1328 4748 interpretatur
1364 4675 1618 4745 inspectio
1658 4676 1867 4745 gaudii,
1918 4692 2012 4747 qut

2245 4682 2471 4751 μηνείαν
2498 4697 2510 4709 °
2548 4686 2797 4751 Θαρσεῖς
2836 4685 3202 4758 ἑρμηνεύεται
3252 4686 3612 4754 κατασχοπὴ
3666 4703 3776 4757 χα-

482 4779 738 4833 convenit
763 4773 1044 4845 apostolis,
1064 4788 1131 4825 co
1151 4770 1297 4841 quod
1326 4769 1614 4823 visitarent
1638 4768 1756 4837 ejus
1782 4770 2013 4838 populun

2241 4769 2302 4834 ῖς,
2332 4770 2469 4843 ὅπερ
2492 4767 2632 4842 ἦσαν
2665 4776 2712 4827 οἱ
2742 4776 3051 4839 ἀπόστολοι,
3102 4775 3191 4828 διὰ
3226 4776 3286 4828 τὸ
3334 4777 3772 4831 ἐπισκέπτεσθαι

486 4865 686 4921 Insula:
736 4878 864 4918 vero
911 4861 1164 4915 Ecclesia:
1210 4861 1369 4915 dieue
1411 4866 1560 4922 sunt,
1597 4858 1724 4929 quia
1774 4874 1967 4913 omnes
2012 4860 2017 4912 l

2246 4862 2340 4913 τοῦ
2373 4862 2450 4931 (4)
2481 4864 2572 4916 τὸν
2600 4864 2749 4920 λαόν.
2790 4867 2987 4936 Νῆσοι
3013 4868 3069 4920 δὲ
3098 4870 3158 4921 al
3176 4869 3521 4935 Ἐκκλησίαι
3556 4871 3773 4942 εἰρηνε-

482 4960 617 5029 ipsis
642 4957 947 5012 salvantur.

2172 4970 2283 5017 ται,
2315 4954 2402 5007 διὰ
2432 4955 2494 5007 τὸ
2523 4956 2729 5021 πάντας
2759 4961 2816 5012 ἐν
2851 4961 3044 5024 αὐταῖς
3074 4959 3359 5022 σώζεσθαι.

552 5048 807 5104 21.1ιειιι
858 5047 1109 5102 similiter
1158 5044 1414 5111 apostoli,
1478 5053 1534 5098 et
1588 5058 1646 5098 se
1689 5052 2070 5097 convertentes

2246 5045 2336 5098 21.
2386 5046 2617 5117 Ὁμοίως
2678 5049 2842 5103 πάλιν
2880 5052 2928 5103 οἱ
2977 5050 3265 5105 ἀπόστολοι
3298 5053 3391 5104 καὶ
3423 5052 3472 5104 οἱ
3513 5053 3771 5123 ἐπιστρέ-

482 5144 754 5197 adducent
797 5154 857 5195 se
922 5138 1071 5208 ipsos
1132 5137 1186 5192 in
1241 5137 1448 5193 donum
1503 5134 1755 5190 Domino.
1810 5134 2013 5189 Dicam:

2237 5153 2367 5200 ιντες
2392 5139 2817 5209 προσαγάγωσιν
2848 5143 3075 5205 ἑαυτοὺς
3120 5143 3271 5215 δῶρα
3302 5142 3379 5214 τῷ
3420 5143 3635 5215 Κυρίῳ.
3678 5143 3768 5197 Εἶ-

1408 5294 1719 5360 Addenda
1763 5301 1826 5358 et
1874 5295 2255 5375 corrigenda
2289 5314 2367 5357 ex
2402 5315 2545 5361 coa.
2575 5301 2776 5361 Vattc.

551 5425 629 5503 (1)
662 5423 774 5503 Kal
809 5424 984 5503 pro
2356 5418 2955 5503 ῌροπεσοῦνται,-ειο.,
2987 5423 3087 5492 τῆς
3110 5421 3413 5503 ἀμαρτίας.

551 5487 629 5565 (2)
655 5495 764 5549 Καί
794 5487 967 5549 ἀθεειζ

2244 5487 2322 5560 (4)
2347 5487 2577 5558 Δὺτούς,
2619 5500 2751 5556 etc.,
2774 5487 3053 5561 εἴρηνται.
3071 5487 3174 5548 etc.

549 5638 627 5710 (a)
661 5636 724 5692 Ν.
761 5637 846 5697 10.
879 5634 1059 5693 Deest.
