  <div class='ocr_page' id='page_1' title='image "/cluster/home/n/w/nwhite01/storage/ocr_20150623/27/nnc1.0046978631/490.png"; bbox 0 0 3876 6220; ppageno 0'>
   <div class='ocr_carea' id='block_1_1' title="bbox 142 304 3381 368">
    <p class='ocr_par' dir='ltr' id='par_1_1' title="bbox 142 304 3381 368">
     <span class='ocr_line' id='line_1_1' title="bbox 142 304 3381 368; baseline -0.001 -1"><span class='ocrx_word' id='word_1_1' title='bbox 142 313 243 368; x_wconf 66' lang='grc'><strong>941</strong></span> <span class='ocrx_word' id='word_1_2' title='bbox 1065 309 1152 364; x_wconf 86' lang='lat' dir='ltr'><strong>DE</strong></span> <span class='ocrx_word' id='word_1_3' title='bbox 1191 307 1464 365; x_wconf 85' lang='lat' dir='ltr'><strong>TITULIS</strong></span> <span class='ocrx_word' id='word_1_4' title='bbox 1501 304 1951 364; x_wconf 78' lang='lat' dir='ltr'><strong>PSALMORUM.</strong></span> <span class='ocrx_word' id='word_1_5' title='bbox 1992 307 2277 363; x_wconf 82' lang='lat' dir='ltr'><strong>——PSAL.</strong></span> <span class='ocrx_word' id='word_1_6' title='bbox 2320 309 2504 363; x_wconf 75' lang='lat' dir='ltr'><strong>LXXI.</strong></span> <span class='ocrx_word' id='word_1_7' title='bbox 3273 308 3381 365; x_wconf 71' lang='grc'><strong>942</strong></span> 
     </span>
    </p>
   </div>
   <div class='ocr_carea' id='block_1_2' title="bbox 212 431 1743 505">
    <p class='ocr_par' dir='ltr' id='par_1_2' title="bbox 212 431 1712 505">
     <span class='ocr_line' id='line_1_2' title="bbox 212 431 1712 505; baseline -0.005 -15"><span class='ocrx_word' id='word_1_8' title='bbox 212 435 308 489; x_wconf 88' lang='grc'><strong>22.</strong></span> <span class='ocrx_word' id='word_1_9' title='bbox 341 434 451 489; x_wconf 99' lang='lat' dir='ltr'><strong>Kal</strong></span> <span class='ocrx_word' id='word_1_10' title='bbox 481 434 945 505; x_wconf 74' lang='grc' dir='ltr'><strong>προσκυνήσουσιν</strong></span> <span class='ocrx_word' id='word_1_11' title='bbox 973 431 1118 502; x_wconf 84' lang='grc' dir='ltr'>αὐτῷ</span> <span class='ocrx_word' id='word_1_12' title='bbox 1156 433 1355 496; x_wconf 86' lang='grc' dir='ltr'>πάντες</span> <span class='ocrx_word' id='word_1_13' title='bbox 1380 432 1429 485; x_wconf 79' lang='grc' dir='ltr'><strong>οἱ</strong></span> <span class='ocrx_word' id='word_1_14' title='bbox 1471 431 1712 501; x_wconf 85' lang='grc' dir='ltr'><strong>βασιλεῖς</strong></span> 
     </span>
    </p>
   </div>
   <div class='ocr_carea' id='block_1_3' title="bbox 1637 431 3168 505">
    <p class='ocr_par' dir='ltr' id='par_1_3' title="bbox 1637 431 3168 497">
     <span class='ocr_line' id='line_1_3' title="bbox 1637 431 3168 497; baseline 0.001 -15"><span class='ocrx_word' id='word_1_15' title='bbox 1637 432 1712 494; x_wconf 84' lang='grc' dir='ltr'><strong>εἷς</strong></span> <span class='ocrx_word' id='word_1_16' title='bbox 1745 435 1792 491; x_wconf 81' lang='grc' dir='ltr'><strong>Α</strong></span> <span class='ocrx_word' id='word_1_17' title='bbox 1886 431 1975 485; x_wconf 86' lang='grc'><strong>22.</strong></span> <span class='ocrx_word' id='word_1_18' title='bbox 2011 431 2074 486; x_wconf 88' lang='lat' dir='ltr'><strong>Et</strong></span> <span class='ocrx_word' id='word_1_19' title='bbox 2105 431 2408 487; x_wconf 90' lang='lat' dir='ltr'><strong>adorabunt</strong></span> <span class='ocrx_word' id='word_1_20' title='bbox 2430 446 2553 486; x_wconf 89' lang='lat' dir='ltr'><strong>eum</strong></span> <span class='ocrx_word' id='word_1_21' title='bbox 2579 446 2768 487; x_wconf 88' lang='lat' dir='ltr'><strong>omnes</strong></span> <span class='ocrx_word' id='word_1_22' title='bbox 2794 445 2948 497; x_wconf 76' lang='lat' dir='ltr'><strong>reges</strong></span> <span class='ocrx_word' id='word_1_23' title='bbox 2969 439 3168 485; x_wconf 62' lang='lat' dir='ltr'><strong>terra:</strong></span> 
     </span>
    </p>
   </div>
   <div class='ocr_carea' id='block_1_4' title="bbox 144 540 405 595">
    <p class='ocr_par' dir='ltr' id='par_1_4' title="bbox 144 540 405 595">
     <span class='ocr_line' id='line_1_4' title="bbox 144 540 405 595; baseline -0.031 0"><span class='ocrx_word' id='word_1_24' title='bbox 144 544 245 595; x_wconf 76' lang='grc' dir='ltr'><strong>της</strong></span> <span class='ocrx_word' id='word_1_25' title='bbox 269 541 373 594; x_wconf 80' lang='grc' dir='ltr'><strong>γης</strong></span> <span class='ocrx_word' id='word_1_26' title='bbox 392 540 405 554; x_wconf 83' lang='lat'>&#39;</span> 
     </span>
    </p>
   </div>
   <div class='ocr_carea' id='block_1_5' title="bbox 215 606 1746 685">
    <p class='ocr_par' dir='ltr' id='par_1_5' title="bbox 215 612 1360 685">
     <span class='ocr_line' id='line_1_5' title="bbox 215 612 1360 685; baseline -0.002 -14"><span class='ocrx_word' id='word_1_27' title='bbox 215 619 306 671; x_wconf 85' lang='lat'><strong>25.</strong></span> <span class='ocrx_word' id='word_1_28' title='bbox 332 616 515 670; x_wconf 80' lang='grc' dir='ltr'><strong>Πάντα</strong></span> <span class='ocrx_word' id='word_1_29' title='bbox 548 614 616 667; x_wconf 85' lang='grc' dir='ltr'>τὰ</span> <span class='ocrx_word' id='word_1_30' title='bbox 644 613 769 685; x_wconf 73' lang='grc' dir='ltr'>ἔθνη</span> <span class='ocrx_word' id='word_1_31' title='bbox 794 614 1166 667; x_wconf 81' lang='grc' dir='ltr'>δουλεύσουσιν</span> <span class='ocrx_word' id='word_1_32' title='bbox 1193 612 1360 683; x_wconf 84' lang='grc' dir='ltr'>αὐτῷ.</span> 
     </span>
    </p>
   </div>
   <div class='ocr_carea' id='block_1_6' title="bbox 1245 606 2776 685">
    <p class='ocr_par' dir='ltr' id='par_1_6' title="bbox 1245 606 2776 683">
     <span class='ocr_line' id='line_1_6' title="bbox 1245 606 2776 683; baseline -0.003 -16"><span class='ocrx_word' id='word_1_33' title='bbox 1245 612 1360 683; x_wconf 64' lang='grc' dir='ltr'><strong>ὂτῷ.</strong></span> <span class='ocrx_word' id='word_1_34' title='bbox 1882 609 1975 663; x_wconf 87' lang='grc'><strong>25.</strong></span> <span class='ocrx_word' id='word_1_35' title='bbox 2005 606 2206 663; x_wconf 89' lang='lat' dir='ltr'><strong>Omnes</strong></span> <span class='ocrx_word' id='word_1_36' title='bbox 2232 616 2419 677; x_wconf 83' lang='lat' dir='ltr'><strong>gentes</strong></span> <span class='ocrx_word' id='word_1_37' title='bbox 2446 608 2684 663; x_wconf 84' lang='lat' dir='ltr'><strong>servient</strong></span> <span class='ocrx_word' id='word_1_38' title='bbox 2707 609 2776 662; x_wconf 88' lang='lat' dir='ltr'><strong>ei.</strong></span> 
     </span>
    </p>
   </div>
   <div class='ocr_carea' id='block_1_7' title="bbox 215 697 1746 778">
    <p class='ocr_par' dir='ltr' id='par_1_7' title="bbox 215 704 1405 778">
     <span class='ocr_line' id='line_1_7' title="bbox 215 704 1405 778; baseline -0.003 -18"><span class='ocrx_word' id='word_1_39' title='bbox 215 707 309 760; x_wconf 57' lang='lat'><strong>24.</strong></span> <span class='ocrx_word' id='word_1_40' title='bbox 340 708 462 760; x_wconf 81' lang='grc' dir='ltr'><strong>Ὅτι</strong></span> <span class='ocrx_word' id='word_1_41' title='bbox 496 707 762 778; x_wconf 79' lang='grc' dir='ltr'>ἐρρύσατο</span> <span class='ocrx_word' id='word_1_42' title='bbox 783 707 995 775; x_wconf 86' lang='grc' dir='ltr'>πτωχὸν</span> <span class='ocrx_word' id='word_1_43' title='bbox 1022 708 1085 759; x_wconf 83' lang='grc' dir='ltr'><strong>ἐκ</strong></span> <span class='ocrx_word' id='word_1_44' title='bbox 1121 704 1405 769; x_wconf 86' lang='grc' dir='ltr'>δυνάστου,</span> 
     </span>
    </p>
   </div>
   <div class='ocr_carea' id='block_1_8' title="bbox 1531 697 3062 778">
    <p class='ocr_par' dir='ltr' id='par_1_8' title="bbox 1886 697 3062 766">
     <span class='ocr_line' id='line_1_8' title="bbox 1886 697 3062 766; baseline -0.004 -13"><span class='ocrx_word' id='word_1_45' title='bbox 1886 699 1977 753; x_wconf 72' lang='grc'><strong>24.</strong></span> <span class='ocrx_word' id='word_1_46' title='bbox 2006 698 2144 765; x_wconf 87' lang='lat' dir='ltr'><strong>Quia</strong></span> <span class='ocrx_word' id='word_1_47' title='bbox 2166 697 2415 753; x_wconf 89' lang='lat' dir='ltr'><strong>liberabit</strong></span> <span class='ocrx_word' id='word_1_48' title='bbox 2438 712 2728 766; x_wconf 81' lang='lat' dir='ltr'><strong>pauperem</strong></span> <span class='ocrx_word' id='word_1_49' title='bbox 2757 712 2788 750; x_wconf 90' lang='lat' dir='ltr'><strong>a</strong></span> <span class='ocrx_word' id='word_1_50' title='bbox 2820 702 3062 765; x_wconf 89' lang='lat' dir='ltr'><strong>potente,</strong></span> 
     </span>
    </p>
   </div>
   <div class='ocr_carea' id='block_1_9' title="bbox 216 786 1747 869">
    <p class='ocr_par' dir='ltr' id='par_1_9' title="bbox 216 791 1380 869">
     <span class='ocr_line' id='line_1_9' title="bbox 216 791 1380 869; baseline 0 -18"><span class='ocrx_word' id='word_1_51' title='bbox 216 798 310 851; x_wconf 83' lang='lat'><strong>25.</strong></span> <span class='ocrx_word' id='word_1_52' title='bbox 339 799 448 850; x_wconf 79' lang='lat' dir='ltr'><strong>Kal</strong></span> <span class='ocrx_word' id='word_1_53' title='bbox 475 799 701 869; x_wconf 80' lang='grc' dir='ltr'>πένητα,</span> <span class='ocrx_word' id='word_1_54' title='bbox 728 791 773 865; x_wconf 80' lang='grc' dir='ltr'><strong>ᾧ</strong></span> <span class='ocrx_word' id='word_1_55' title='bbox 802 800 897 868; x_wconf 78' lang='grc' dir='ltr'>οὐχ</span> <span class='ocrx_word' id='word_1_56' title='bbox 921 800 1134 869; x_wconf 80' lang='grc' dir='ltr'>ὑπῆρχε</span> <span class='ocrx_word' id='word_1_57' title='bbox 1161 798 1380 869; x_wconf 82' lang='grc' dir='ltr'>βοηθός.</span> 
     </span>
    </p>
   </div>
   <div class='ocr_carea' id='block_1_10' title="bbox 1541 786 3072 869">
    <p class='ocr_par' dir='ltr' id='par_1_10' title="bbox 1884 786 3072 858">
     <span class='ocr_line' id='line_1_10' title="bbox 1884 786 3072 858; baseline -0.005 -15"><span class='ocrx_word' id='word_1_58' title='bbox 1884 789 1974 843; x_wconf 82' lang='grc'><strong>25.</strong></span> <span class='ocrx_word' id='word_1_59' title='bbox 2005 788 2072 843; x_wconf 88' lang='grc' dir='ltr'>Ει</span> <span class='ocrx_word' id='word_1_60' title='bbox 2098 802 2407 858; x_wconf 83' lang='lat' dir='ltr'><strong>pauperem,</strong></span> <span class='ocrx_word' id='word_1_61' title='bbox 2434 788 2522 841; x_wconf 87' lang='lat' dir='ltr'><strong>cui</strong></span> <span class='ocrx_word' id='word_1_62' title='bbox 2555 802 2662 841; x_wconf 91' lang='lat' dir='ltr'><strong>non</strong></span> <span class='ocrx_word' id='word_1_63' title='bbox 2700 794 2819 841; x_wconf 90' lang='lat' dir='ltr'><strong>erat</strong></span> <span class='ocrx_word' id='word_1_64' title='bbox 2838 786 3072 855; x_wconf 87' lang='lat' dir='ltr'><strong>adjutor.</strong></span> 
     </span>
    </p>
   </div>
   <div class='ocr_carea' id='block_1_11' title="bbox 215 875 1746 960">
    <p class='ocr_par' dir='ltr' id='par_1_11' title="bbox 215 889 1243 960">
     <span class='ocr_line' id='line_1_11' title="bbox 215 889 1243 960; baseline -0.001 -17"><span class='ocrx_word' id='word_1_65' title='bbox 215 889 308 943; x_wconf 86' lang='lat'><strong>26.</strong></span> <span class='ocrx_word' id='word_1_66' title='bbox 336 890 582 941; x_wconf 85' lang='grc' dir='ltr'>Φείσεται</span> <span class='ocrx_word' id='word_1_67' title='bbox 611 890 825 960; x_wconf 87' lang='grc' dir='ltr'>πτωχοῦ</span> <span class='ocrx_word' id='word_1_68' title='bbox 851 890 944 942; x_wconf 74' lang='grc' dir='ltr'><strong>καὶ</strong></span> <span class='ocrx_word' id='word_1_69' title='bbox 978 890 1243 960; x_wconf 75' lang='grc' dir='ltr'>πένητοςο</span> 
     </span>
    </p>
   </div>
   <div class='ocr_carea' id='block_1_12' title="bbox 1177 875 2708 960">
    <p class='ocr_par' dir='ltr' id='par_1_12' title="bbox 1182 875 2708 953">
     <span class='ocr_line' id='line_1_12' title="bbox 1182 875 2708 953; baseline 0.001 -24"><span class='ocrx_word' id='word_1_70' title='bbox 1182 908 1208 953; x_wconf 80' lang='grc' dir='ltr'>ς</span> <span class='ocrx_word' id='word_1_71' title='bbox 1224 902 1243 921; x_wconf 79' lang='grc' dir='ltr'><strong>ο</strong></span> <span class='ocrx_word' id='word_1_72' title='bbox 1880 876 1971 932; x_wconf 85' lang='grc'><strong>26.</strong></span> <span class='ocrx_word' id='word_1_73' title='bbox 1997 875 2185 930; x_wconf 84' lang='lat' dir='ltr'><strong>Parcet</strong></span> <span class='ocrx_word' id='word_1_74' title='bbox 2205 877 2425 946; x_wconf 86' lang='lat' dir='ltr'><strong>pauperi</strong></span> <span class='ocrx_word' id='word_1_75' title='bbox 2446 883 2499 930; x_wconf 89' lang='lat' dir='ltr'><strong>et</strong></span> <span class='ocrx_word' id='word_1_76' title='bbox 2520 876 2665 945; x_wconf 83' lang='lat' dir='ltr'><strong>inOpi</strong></span> <span class='ocrx_word' id='word_1_77' title='bbox 2693 892 2708 931; x_wconf 89' lang='lat'><strong>:</strong></span> 
     </span>
    </p>
   </div>
   <div class='ocr_carea' id='block_1_13' title="bbox 217 965 1748 1052">
    <p class='ocr_par' dir='ltr' id='par_1_13' title="bbox 217 980 1130 1052">
     <span class='ocr_line' id='line_1_13' title="bbox 217 980 1130 1052; baseline 0.002 -19"><span class='ocrx_word' id='word_1_78' title='bbox 217 980 310 1033; x_wconf 90' lang='lat'><strong>27.</strong></span> <span class='ocrx_word' id='word_1_79' title='bbox 341 982 447 1034; x_wconf 86' lang='lat' dir='ltr'><strong>Kal</strong></span> <span class='ocrx_word' id='word_1_80' title='bbox 478 980 656 1051; x_wconf 78' lang='grc' dir='ltr'>ψυχὰς</span> <span class='ocrx_word' id='word_1_81' title='bbox 679 983 924 1052; x_wconf 83' lang='grc' dir='ltr'>πενήτων</span> <span class='ocrx_word' id='word_1_82' title='bbox 948 981 1130 1038; x_wconf 85' lang='grc' dir='ltr'>σώσει.</span> 
     </span>
    </p>
   </div>
   <div class='ocr_carea' id='block_1_14' title="bbox 1501 965 3032 1052">
    <p class='ocr_par' dir='ltr' id='par_1_14' title="bbox 1886 965 3032 1038">
     <span class='ocr_line' id='line_1_14' title="bbox 1886 965 3032 1038; baseline -0.003 -16"><span class='ocrx_word' id='word_1_83' title='bbox 1886 968 1974 1022; x_wconf 85' lang='grc'><strong>27.</strong></span> <span class='ocrx_word' id='word_1_84' title='bbox 2006 966 2071 1021; x_wconf 85' lang='lat' dir='ltr'><strong>Et</strong></span> <span class='ocrx_word' id='word_1_85' title='bbox 2098 969 2309 1023; x_wconf 83' lang='lat' dir='ltr'><strong>animas</strong></span> <span class='ocrx_word' id='word_1_86' title='bbox 2333 982 2629 1038; x_wconf 84' lang='lat' dir='ltr'><strong>pauperum</strong></span> <span class='ocrx_word' id='word_1_87' title='bbox 2658 967 2833 1022; x_wconf 86' lang='lat' dir='ltr'><strong>salvas</strong></span> <span class='ocrx_word' id='word_1_88' title='bbox 2856 965 3032 1021; x_wconf 70' lang='lat' dir='ltr'><strong>faciet.</strong></span> 
     </span>
    </p>
   </div>
   <div class='ocr_carea' id='block_1_15' title="bbox 216 1053 1747 1144">
    <p class='ocr_par' dir='ltr' id='par_1_15' title="bbox 216 1070 1716 1144">
     <span class='ocr_line' id='line_1_15' title="bbox 216 1070 1716 1144; baseline -0.001 -20"><span class='ocrx_word' id='word_1_89' title='bbox 216 1070 308 1124; x_wconf 87' lang='lat'><strong>28.</strong></span> <span class='ocrx_word' id='word_1_90' title='bbox 348 1072 442 1123; x_wconf 86' lang='grc' dir='ltr'>Ἐκ</span> <span class='ocrx_word' id='word_1_91' title='bbox 463 1071 645 1138; x_wconf 86' lang='grc' dir='ltr'>τόκου,</span> <span class='ocrx_word' id='word_1_92' title='bbox 662 1074 753 1125; x_wconf 72' lang='grc' dir='ltr'><strong>καὶ</strong></span> <span class='ocrx_word' id='word_1_93' title='bbox 775 1072 834 1136; x_wconf 79' lang='grc' dir='ltr'>ἐξ</span> <span class='ocrx_word' id='word_1_94' title='bbox 856 1072 1066 1135; x_wconf 82' lang='grc' dir='ltr'>ἀδικίας</span> <span class='ocrx_word' id='word_1_95' title='bbox 1102 1071 1439 1144; x_wconf 82' lang='grc' dir='ltr'>λυτρώσεται</span> <span class='ocrx_word' id='word_1_96' title='bbox 1483 1070 1584 1135; x_wconf 83' lang='grc' dir='ltr'><strong>τὰς</strong></span> <span class='ocrx_word' id='word_1_97' title='bbox 1609 1071 1716 1141; x_wconf 80' lang='grc' dir='ltr'><strong>ψυ-</strong></span> 
     </span>
    </p>
   </div>
   <div class='ocr_carea' id='block_1_16' title="bbox 1845 1053 3376 1144">
    <p class='ocr_par' dir='ltr' id='par_1_16' title="bbox 1881 1053 3376 1128">
     <span class='ocr_line' id='line_1_16' title="bbox 1881 1053 3376 1128; baseline -0.006 -14"><span class='ocrx_word' id='word_1_98' title='bbox 1881 1058 1971 1114; x_wconf 89' lang='grc'><strong>28.</strong></span> <span class='ocrx_word' id='word_1_99' title='bbox 2000 1057 2079 1112; x_wconf 76' lang='lat' dir='ltr'><strong>Ex</strong></span> <span class='ocrx_word' id='word_1_100' title='bbox 2123 1058 2325 1123; x_wconf 90' lang='lat' dir='ltr'><strong>usuris,</strong></span> <span class='ocrx_word' id='word_1_101' title='bbox 2369 1069 2422 1113; x_wconf 89' lang='lat' dir='ltr'><strong>et</strong></span> <span class='ocrx_word' id='word_1_102' title='bbox 2463 1058 2745 1128; x_wconf 75' lang='lat' dir='ltr'><strong>iniquitate</strong></span> <span class='ocrx_word' id='word_1_103' title='bbox 2783 1057 3012 1112; x_wconf 88' lang='lat' dir='ltr'><strong>redimet</strong></span> <span class='ocrx_word' id='word_1_104' title='bbox 3041 1053 3251 1109; x_wconf 90' lang='lat' dir='ltr'><strong>animas</strong></span> <span class='ocrx_word' id='word_1_105' title='bbox 3279 1066 3376 1106; x_wconf 90' lang='lat' dir='ltr'><strong>eo-</strong></span> 
     </span>
    </p>
   </div>
   <div class='ocr_carea' id='block_1_17' title="bbox 140 1163 1671 1232">
    <p class='ocr_par' dir='ltr' id='par_1_17' title="bbox 140 1163 497 1232">
     <span class='ocr_line' id='line_1_17' title="bbox 140 1163 497 1232; baseline -0.003 -17"><span class='ocrx_word' id='word_1_106' title='bbox 140 1163 248 1232; x_wconf 78' lang='grc' dir='ltr'><strong>χὰς</strong></span> <span class='ocrx_word' id='word_1_107' title='bbox 278 1163 458 1216; x_wconf 81' lang='grc' dir='ltr'>αὐτῶν</span> <span class='ocrx_word' id='word_1_108' title='bbox 482 1180 497 1194; x_wconf 88' lang='grc'><strong>·</strong></span> 
     </span>
    </p>
   </div>
   <div class='ocr_carea' id='block_1_18' title="bbox 425 1163 1956 1232">
    <p class='ocr_par' dir='ltr' id='par_1_18' title="bbox 425 1166 1956 1215">
     <span class='ocr_line' id='line_1_18' title="bbox 425 1166 1956 1215; baseline 0.001 -11"><span class='ocrx_word' id='word_1_109' title='bbox 425 1182 458 1215; x_wconf 56' lang='grc' dir='ltr'><strong>ην</strong></span> <span class='ocrx_word' id='word_1_110' title='bbox 482 1180 497 1194; x_wconf 77' lang='grc' dir='ltr'><strong>ο</strong></span> <span class='ocrx_word' id='word_1_111' title='bbox 1817 1166 1956 1206; x_wconf 74' lang='lat' dir='ltr'><strong>rum.</strong></span> 
     </span>
    </p>
   </div>
   <div class='ocr_carea' id='block_1_19' title="bbox 217 1235 1748 1324">
    <p class='ocr_par' dir='ltr' id='par_1_19' title="bbox 217 1251 1643 1324">
     <span class='ocr_line' id='line_1_19' title="bbox 217 1251 1643 1324; baseline 0 -17"><span class='ocrx_word' id='word_1_112' title='bbox 217 1254 309 1309; x_wconf 88' lang='lat'><strong>29.</strong></span> <span class='ocrx_word' id='word_1_113' title='bbox 342 1254 451 1306; x_wconf 88' lang='lat' dir='ltr'><strong>Kal</strong></span> <span class='ocrx_word' id='word_1_114' title='bbox 480 1253 693 1324; x_wconf 77' lang='grc' dir='ltr'>ἔντιμον</span> <span class='ocrx_word' id='word_1_115' title='bbox 718 1254 777 1307; x_wconf 86' lang='grc' dir='ltr'><strong>τὸ</strong></span> <span class='ocrx_word' id='word_1_116' title='bbox 798 1256 966 1324; x_wconf 75' lang='grc' dir='ltr'>ὄνομα</span> <span class='ocrx_word' id='word_1_117' title='bbox 992 1253 1155 1307; x_wconf 75' lang='grc' dir='ltr'>αὐτοῦ</span> <span class='ocrx_word' id='word_1_118' title='bbox 1190 1252 1418 1306; x_wconf 78' lang='grc' dir='ltr'>ἐνώπιον</span> <span class='ocrx_word' id='word_1_119' title='bbox 1441 1251 1643 1307; x_wconf 84' lang='grc' dir='ltr'>αὐτῶν.</span> 
     </span>
    </p>
   </div>
   <div class='ocr_carea' id='block_1_20' title="bbox 1619 1235 3150 1324">
    <p class='ocr_par' dir='ltr' id='par_1_20' title="bbox 1619 1235 3150 1307">
     <span class='ocr_line' id='line_1_20' title="bbox 1619 1235 3150 1307; baseline -0.003 -16"><span class='ocrx_word' id='word_1_120' title='bbox 1619 1271 1643 1307; x_wconf 48' lang='grc' dir='ltr'><strong>,ο</strong></span> <span class='ocrx_word' id='word_1_121' title='bbox 1862 1242 1975 1297; x_wconf 66' lang='grc' dir='ltr'><strong>ο29.</strong></span> <span class='ocrx_word' id='word_1_122' title='bbox 2004 1240 2069 1295; x_wconf 91' lang='lat' dir='ltr'><strong>Et</strong></span> <span class='ocrx_word' id='word_1_123' title='bbox 2096 1240 2413 1295; x_wconf 87' lang='lat' dir='ltr'><strong>bonorabile</strong></span> <span class='ocrx_word' id='word_1_124' title='bbox 2440 1254 2635 1293; x_wconf 90' lang='lat' dir='ltr'><strong>nomen</strong></span> <span class='ocrx_word' id='word_1_125' title='bbox 2663 1237 2781 1307; x_wconf 86' lang='lat' dir='ltr'><strong>ejus</strong></span> <span class='ocrx_word' id='word_1_126' title='bbox 2812 1251 2995 1290; x_wconf 88' lang='lat' dir='ltr'><strong>coram</strong></span> <span class='ocrx_word' id='word_1_127' title='bbox 3024 1235 3150 1290; x_wconf 83' lang='lat' dir='ltr'><strong>illis.</strong></span> 
     </span>
    </p>
   </div>
   <div class='ocr_carea' id='block_1_21' title="bbox 215 1328 1746 1416">
    <p class='ocr_par' dir='ltr' id='par_1_21' title="bbox 215 1342 1718 1416">
     <span class='ocr_line' id='line_1_21' title="bbox 215 1342 1718 1416; baseline -0.001 -18"><span class='ocrx_word' id='word_1_128' title='bbox 215 1345 307 1398; x_wconf 89' lang='lat'><strong>50.</strong></span> <span class='ocrx_word' id='word_1_129' title='bbox 341 1346 449 1397; x_wconf 91' lang='lat' dir='ltr'><strong>Kal</strong></span> <span class='ocrx_word' id='word_1_130' title='bbox 479 1346 721 1415; x_wconf 80' lang='grc' dir='ltr'>ζήσεται,</span> <span class='ocrx_word' id='word_1_131' title='bbox 748 1347 844 1398; x_wconf 75' lang='grc' dir='ltr'><strong>καὶ</strong></span> <span class='ocrx_word' id='word_1_132' title='bbox 872 1346 1156 1416; x_wconf 84' lang='grc' dir='ltr'>δοθήσεται</span> <span class='ocrx_word' id='word_1_133' title='bbox 1183 1344 1330 1415; x_wconf 79' lang='grc' dir='ltr'>αὐτῷ</span> <span class='ocrx_word' id='word_1_134' title='bbox 1361 1345 1425 1397; x_wconf 84' lang='grc' dir='ltr'><strong>ἐκ</strong></span> <span class='ocrx_word' id='word_1_135' title='bbox 1453 1342 1549 1397; x_wconf 77' lang='grc' dir='ltr'>τοῦ</span> <span class='ocrx_word' id='word_1_136' title='bbox 1582 1360 1718 1416; x_wconf 89' lang='grc' dir='ltr'>χρυ-</span> 
     </span>
    </p>
   </div>
   <div class='ocr_carea' id='block_1_22' title="bbox 1694 1328 3225 1416">
    <p class='ocr_par' dir='ltr' id='par_1_22' title="bbox 1694 1328 3225 1400">
     <span class='ocr_line' id='line_1_22' title="bbox 1694 1328 3225 1400; baseline -0.003 -14"><span class='ocrx_word' id='word_1_137' title='bbox 1694 1373 1718 1386; x_wconf 92' lang='grc'><strong><em>-</em></strong></span> <span class='ocrx_word' id='word_1_138' title='bbox 1886 1335 1974 1389; x_wconf 84' lang='grc'><strong>50.</strong></span> <span class='ocrx_word' id='word_1_139' title='bbox 2014 1334 2081 1387; x_wconf 89' lang='lat' dir='ltr'><strong>Et</strong></span> <span class='ocrx_word' id='word_1_140' title='bbox 2112 1335 2273 1400; x_wconf 82' lang='lat' dir='ltr'><strong>vivet,</strong></span> <span class='ocrx_word' id='word_1_141' title='bbox 2301 1342 2355 1387; x_wconf 92' lang='lat' dir='ltr'><strong>et</strong></span> <span class='ocrx_word' id='word_1_142' title='bbox 2386 1332 2605 1386; x_wconf 88' lang='lat' dir='ltr'><strong>dabitur</strong></span> <span class='ocrx_word' id='word_1_143' title='bbox 2632 1332 2680 1385; x_wconf 86' lang='lat' dir='ltr'><strong>ei</strong></span> <span class='ocrx_word' id='word_1_144' title='bbox 2710 1331 2777 1384; x_wconf 91' lang='lat' dir='ltr'><strong>de</strong></span> <span class='ocrx_word' id='word_1_145' title='bbox 2810 1344 2946 1383; x_wconf 90' lang='lat' dir='ltr'><strong>auro</strong></span> <span class='ocrx_word' id='word_1_146' title='bbox 2979 1328 3192 1382; x_wconf 67' lang='lat' dir='ltr'><strong>Arabiae</strong></span> <span class='ocrx_word' id='word_1_147' title='bbox 3212 1353 3225 1372; x_wconf 76' lang='grc' dir='ltr'><strong>ι</strong></span> 
     </span>
    </p>
   </div>
   <div class='ocr_carea' id='block_1_23' title="bbox 142 1432 734 1504">
    <p class='ocr_par' dir='ltr' id='par_1_23' title="bbox 142 1432 734 1504">
     <span class='ocr_line' id='line_1_23' title="bbox 142 1432 734 1504; baseline 0.003 -19"><span class='ocrx_word' id='word_1_148' title='bbox 142 1432 261 1486; x_wconf 83' lang='grc' dir='ltr'>σίου</span> <span class='ocrx_word' id='word_1_149' title='bbox 296 1435 395 1503; x_wconf 82' lang='grc' dir='ltr'><strong>τῆς</strong></span> <span class='ocrx_word' id='word_1_150' title='bbox 430 1434 684 1504; x_wconf 79' lang='grc' dir='ltr'>Ἀραϐίας</span> <span class='ocrx_word' id='word_1_151' title='bbox 719 1451 734 1467; x_wconf 76' lang='grc' dir='ltr'><strong>ο</strong></span> 
     </span>
    </p>
   </div>
   <div class='ocr_carea' id='block_1_24' title="bbox 215 1508 1746 1597">
    <p class='ocr_par' dir='ltr' id='par_1_24' title="bbox 215 1524 1569 1597">
     <span class='ocr_line' id='line_1_24' title="bbox 215 1524 1569 1597; baseline 0.001 -19"><span class='ocrx_word' id='word_1_152' title='bbox 215 1524 308 1578; x_wconf 90' lang='grc'><strong>51.</strong></span> <span class='ocrx_word' id='word_1_153' title='bbox 338 1525 445 1577; x_wconf 88' lang='lat' dir='ltr'><strong>Kal</strong></span> <span class='ocrx_word' id='word_1_154' title='bbox 480 1526 864 1596; x_wconf 78' lang='grc' dir='ltr'>προσεύξονται</span> <span class='ocrx_word' id='word_1_155' title='bbox 894 1528 1022 1597; x_wconf 82' lang='grc' dir='ltr'>περὶ</span> <span class='ocrx_word' id='word_1_156' title='bbox 1047 1525 1210 1579; x_wconf 75' lang='grc' dir='ltr'>αὐτοῦ</span> <span class='ocrx_word' id='word_1_157' title='bbox 1235 1525 1528 1589; x_wconf 81' lang='grc' dir='ltr'>διαπαντός</span> <span class='ocrx_word' id='word_1_158' title='bbox 1554 1543 1569 1558; x_wconf 78' lang='lat'><strong><em>°</em></strong></span> 
     </span>
    </p>
   </div>
   <div class='ocr_carea' id='block_1_25' title="bbox 1405 1508 2936 1597">
    <p class='ocr_par' dir='ltr' id='par_1_25' title="bbox 1405 1508 2936 1589">
     <span class='ocr_line' id='line_1_25' title="bbox 1405 1508 2936 1589; baseline -0.008 -15"><span class='ocrx_word' id='word_1_159' title='bbox 1405 1525 1528 1589; x_wconf 46' lang='grc' dir='ltr'>ηντός</span> <span class='ocrx_word' id='word_1_160' title='bbox 1554 1543 1569 1558; x_wconf 79' lang='grc' dir='ltr'><strong><em>ο</em></strong></span> <span class='ocrx_word' id='word_1_161' title='bbox 1885 1515 1973 1568; x_wconf 92' lang='grc'><strong>51.</strong></span> <span class='ocrx_word' id='word_1_162' title='bbox 2002 1511 2069 1567; x_wconf 87' lang='lat' dir='ltr'><strong>Et</strong></span> <span class='ocrx_word' id='word_1_163' title='bbox 2092 1511 2398 1567; x_wconf 89' lang='lat' dir='ltr'><strong>adorabunt</strong></span> <span class='ocrx_word' id='word_1_164' title='bbox 2422 1508 2488 1564; x_wconf 92' lang='lat' dir='ltr'><strong>de</strong></span> <span class='ocrx_word' id='word_1_165' title='bbox 2522 1509 2641 1578; x_wconf 86' lang='lat' dir='ltr'><strong>ipso</strong></span> <span class='ocrx_word' id='word_1_166' title='bbox 2678 1522 2892 1577; x_wconf 86' lang='lat' dir='ltr'><strong>semper</strong></span> <span class='ocrx_word' id='word_1_167' title='bbox 2922 1526 2936 1562; x_wconf 88' lang='lat'><strong>:</strong></span> 
     </span>
    </p>
   </div>
   <div class='ocr_carea' id='block_1_26' title="bbox 209 1599 1740 1691">
    <p class='ocr_par' dir='ltr' id='par_1_26' title="bbox 209 1617 1483 1691">
     <span class='ocr_line' id='line_1_26' title="bbox 209 1617 1483 1691; baseline -0.001 -20"><span class='ocrx_word' id='word_1_168' title='bbox 209 1617 303 1672; x_wconf 74' lang='lat'><strong>5&#39;2.</strong></span> <span class='ocrx_word' id='word_1_169' title='bbox 327 1617 495 1687; x_wconf 84' lang='grc' dir='ltr'>’Ὀλην</span> <span class='ocrx_word' id='word_1_170' title='bbox 515 1618 609 1688; x_wconf 85' lang='grc' dir='ltr'>τὴν</span> <span class='ocrx_word' id='word_1_171' title='bbox 636 1619 847 1691; x_wconf 82' lang='grc' dir='ltr'>ἡμέραν</span> <span class='ocrx_word' id='word_1_172' title='bbox 882 1619 1270 1688; x_wconf 80' lang='grc' dir='ltr'>εὐλογήσουσιν</span> <span class='ocrx_word' id='word_1_173' title='bbox 1303 1618 1483 1670; x_wconf 84' lang='grc' dir='ltr'>αὐτόν.</span> 
     </span>
    </p>
   </div>
   <div class='ocr_carea' id='block_1_27' title="bbox 1182 1599 2713 1691">
    <p class='ocr_par' dir='ltr' id='par_1_27' title="bbox 1186 1599 2713 1671">
     <span class='ocr_line' id='line_1_27' title="bbox 1186 1599 2713 1671; baseline -0.012 0"><span class='ocrx_word' id='word_1_174' title='bbox 1186 1634 1270 1671; x_wconf 89' lang='grc' dir='ltr'><strong>σιν</strong></span> <span class='ocrx_word' id='word_1_175' title='bbox 1303 1618 1483 1670; x_wconf 83' lang='grc' dir='ltr'>αὐτόν.</span> <span class='ocrx_word' id='word_1_176' title='bbox 1885 1606 1974 1661; x_wconf 89' lang='grc'><strong>52.</strong></span> <span class='ocrx_word' id='word_1_177' title='bbox 2002 1603 2137 1659; x_wconf 91' lang='lat' dir='ltr'><strong>Tota</strong></span> <span class='ocrx_word' id='word_1_178' title='bbox 2170 1603 2257 1657; x_wconf 93' lang='lat' dir='ltr'><strong>die</strong></span> <span class='ocrx_word' id='word_1_179' title='bbox 2292 1601 2609 1655; x_wconf 87' lang='lat' dir='ltr'><strong>benedicent</strong></span> <span class='ocrx_word' id='word_1_180' title='bbox 2643 1599 2713 1653; x_wconf 94' lang='lat' dir='ltr'><strong>ei.</strong></span> 
     </span>
    </p>
   </div>
   <div class='ocr_carea' id='block_1_28' title="bbox 214 1683 1745 1779">
    <p class='ocr_par' dir='ltr' id='par_1_28' title="bbox 214 1683 1714 1779">
     <span class='ocr_line' id='line_1_28' title="bbox 214 1683 1714 1779; baseline -0.001 -19"><span class='ocrx_word' id='word_1_181' title='bbox 214 1706 305 1760; x_wconf 91' lang='lat'><strong>55.</strong></span> <span class='ocrx_word' id='word_1_182' title='bbox 335 1683 524 1759; x_wconf 79' lang='grc' dir='ltr'>Ἔσται</span> <span class='ocrx_word' id='word_1_183' title='bbox 564 1683 839 1779; x_wconf 34' lang='lat' dir='ltr'><strong>emerim</strong></span> <span class='ocrx_word' id='word_1_184' title='bbox 889 1710 947 1761; x_wconf 79' lang='grc' dir='ltr'><strong>ὲν</strong></span> <span class='ocrx_word' id='word_1_185' title='bbox 1115 1709 1184 1778; x_wconf 81' lang='grc' dir='ltr'>γῇ</span> <span class='ocrx_word' id='word_1_186' title='bbox 1248 1706 1334 1760; x_wconf 78' lang='grc' dir='ltr'>ἐπ’</span> <span class='ocrx_word' id='word_1_187' title='bbox 1375 1706 1558 1776; x_wconf 86' lang='grc' dir='ltr'>ἄκρων</span> <span class='ocrx_word' id='word_1_188' title='bbox 1608 1704 1714 1759; x_wconf 87' lang='grc' dir='ltr'><strong>τῶν</strong></span> 
     </span>
    </p>
   </div>
   <div class='ocr_carea' id='block_1_29' title="bbox 1853 1683 3384 1779">
    <p class='ocr_par' dir='ltr' id='par_1_29' title="bbox 1885 1683 3384 1751">
     <span class='ocr_line' id='line_1_29' title="bbox 1885 1683 3384 1751; baseline -0.011 0"><span class='ocrx_word' id='word_1_189' title='bbox 1885 1698 1974 1751; x_wconf 90' lang='grc'><strong>55.</strong></span> <span class='ocrx_word' id='word_1_190' title='bbox 2013 1695 2080 1749; x_wconf 88' lang='lat' dir='ltr'><strong>Et</strong></span> <span class='ocrx_word' id='word_1_191' title='bbox 2126 1695 2229 1749; x_wconf 89' lang='lat' dir='ltr'><strong>erit</strong></span> <span class='ocrx_word' id='word_1_192' title='bbox 2289 1692 2687 1746; x_wconf 84' lang='lat' dir='ltr'><strong>ﬁrmamentum</strong></span> <span class='ocrx_word' id='word_1_193' title='bbox 2736 1690 2791 1744; x_wconf 89' lang='lat' dir='ltr'><strong>in</strong></span> <span class='ocrx_word' id='word_1_194' title='bbox 2842 1698 2985 1742; x_wconf 86' lang='lat' dir='ltr'><strong>terra</strong></span> <span class='ocrx_word' id='word_1_195' title='bbox 3043 1685 3099 1739; x_wconf 90' lang='lat' dir='ltr'><strong>in</strong></span> <span class='ocrx_word' id='word_1_196' title='bbox 3150 1683 3384 1740; x_wconf 87' lang='lat' dir='ltr'><strong>summis</strong></span> 
     </span>
    </p>
   </div>
   <div class='ocr_carea' id='block_1_30' title="bbox 136 1765 1667 1867">
    <p class='ocr_par' dir='ltr' id='par_1_30' title="bbox 136 1765 1464 1867">
     <span class='ocr_line' id='line_1_30' title="bbox 136 1765 1464 1867; baseline -0.002 -89"><span class='ocrx_word' id='word_1_197' title='bbox 136 1795 352 1867; x_wconf 47' lang='lat' dir='ltr'><strong>mw</strong></span> <span class='ocrx_word' id='word_1_198' title='bbox 648 1765 677 1779; x_wconf 92' lang='lat'><strong>..</strong></span> <span class='ocrx_word' id='word_1_199' title='bbox 736 1765 776 1778; x_wconf 92' lang='lat'><strong>..</strong></span> <span class='ocrx_word' id='word_1_200' title='bbox 1042 1765 1067 1777; x_wconf 93' lang='lat'><strong>..</strong></span> <span class='ocrx_word' id='word_1_201' title='bbox 1452 1765 1464 1776; x_wconf 92' lang='lat'><strong>.</strong></span> 
     </span>
    </p>
   </div>
   <div class='ocr_carea' id='block_1_31' title="bbox 594 1765 2125 1867">
    <p class='ocr_par' dir='ltr' id='par_1_31' title="bbox 1745 1765 2125 1846">
     <span class='ocr_line' id='line_1_31' title="bbox 1745 1765 2125 1846; baseline -0.021 1"><span class='ocrx_word' id='word_1_202' title='bbox 1745 1765 1790 1820; x_wconf 78' lang='grc' dir='ltr'><strong>Β</strong></span> <span class='ocrx_word' id='word_1_203' title='bbox 1820 1790 2085 1846; x_wconf 87' lang='lat' dir='ltr'><strong>montium</strong></span> <span class='ocrx_word' id='word_1_204' title='bbox 2113 1805 2125 1839; x_wconf 91' lang='lat'>:</span> 
     </span>
    </p>
   </div>
   <div class='ocr_carea' id='block_1_32' title="bbox 213 1866 1744 1958">
    <p class='ocr_par' dir='ltr' id='par_1_32' title="bbox 213 1884 1709 1958">
     <span class='ocr_line' id='line_1_32' title="bbox 213 1884 1709 1958; baseline 0 -21"><span class='ocrx_word' id='word_1_205' title='bbox 213 1884 306 1938; x_wconf 73' lang='grc'><strong>54.</strong></span> <span class='ocrx_word' id='word_1_206' title='bbox 354 1885 823 1958; x_wconf 86' lang='grc' dir='ltr'>Ὑπεραρθήσεται</span> <span class='ocrx_word' id='word_1_207' title='bbox 866 1887 1008 1958; x_wconf 84' lang='grc' dir='ltr'>ὑπὲρ</span> <span class='ocrx_word' id='word_1_208' title='bbox 1040 1887 1131 1940; x_wconf 78' lang='grc' dir='ltr'><strong>τὸν</strong></span> <span class='ocrx_word' id='word_1_209' title='bbox 1159 1887 1390 1942; x_wconf 79' lang='grc' dir='ltr'>Λίϐανον</span> <span class='ocrx_word' id='word_1_210' title='bbox 1432 1887 1461 1939; x_wconf 91' lang='grc' dir='ltr'><strong>ό</strong></span> <span class='ocrx_word' id='word_1_211' title='bbox 1499 1884 1709 1957; x_wconf 77' lang='grc' dir='ltr'>καρπὸς</span> 
     </span>
    </p>
   </div>
   <div class='ocr_carea' id='block_1_33' title="bbox 1849 1866 3380 1958">
    <p class='ocr_par' dir='ltr' id='par_1_33' title="bbox 1893 1866 3380 1952">
     <span class='ocr_line' id='line_1_33' title="bbox 1893 1866 3380 1952; baseline -0.015 -12"><span class='ocrx_word' id='word_1_212' title='bbox 1893 1884 1981 1940; x_wconf 78' lang='grc'><strong>54.</strong></span> <span class='ocrx_word' id='word_1_213' title='bbox 2018 1879 2480 1952; x_wconf 77' lang='lat' dir='ltr'><strong>Superextolletur</strong></span> <span class='ocrx_word' id='word_1_214' title='bbox 2499 1890 2661 1945; x_wconf 89' lang='lat' dir='ltr'><strong>super</strong></span> <span class='ocrx_word' id='word_1_215' title='bbox 2695 1873 2961 1927; x_wconf 87' lang='lat' dir='ltr'><strong>Libanum</strong></span> <span class='ocrx_word' id='word_1_216' title='bbox 2985 1868 3196 1924; x_wconf 84' lang='lat' dir='ltr'><strong>fructus</strong></span> <span class='ocrx_word' id='word_1_217' title='bbox 3220 1866 3339 1936; x_wconf 90' lang='lat' dir='ltr'><strong>ejus</strong></span> <span class='ocrx_word' id='word_1_218' title='bbox 3368 1883 3380 1917; x_wconf 94' lang='lat'>:</span> 
     </span>
    </p>
   </div>
   <div class='ocr_carea' id='block_1_34' title="bbox 136 1990 332 2026">
    <p class='ocr_par' dir='ltr' id='par_1_34' title="bbox 136 1990 332 2026">
     <span class='ocr_line' id='line_1_34' title="bbox 136 1990 332 2026; baseline -0.005 0"><span class='ocrx_word' id='word_1_219' title='bbox 136 1990 332 2026; x_wconf 86' lang='grc' dir='ltr'>αυτου·</span> 
     </span>
    </p>
   </div>
   <div class='ocr_carea' id='block_1_35' title="bbox 212 2051 1743 2140">
    <p class='ocr_par' dir='ltr' id='par_1_35' title="bbox 212 2064 1714 2140">
     <span class='ocr_line' id='line_1_35' title="bbox 212 2064 1714 2140; baseline 0.008 -23"><span class='ocrx_word' id='word_1_220' title='bbox 212 2064 303 2118; x_wconf 89' lang='lat'><strong>55.</strong></span> <span class='ocrx_word' id='word_1_221' title='bbox 334 2066 441 2119; x_wconf 81' lang='lat' dir='ltr'><strong>Kal</strong></span> <span class='ocrx_word' id='word_1_222' title='bbox 466 2067 850 2140; x_wconf 84' lang='grc' dir='ltr'>ὲξανθήσουσιν</span> <span class='ocrx_word' id='word_1_223' title='bbox 874 2070 938 2121; x_wconf 82' lang='grc' dir='ltr'><strong>ὲκ</strong></span> <span class='ocrx_word' id='word_1_224' title='bbox 968 2068 1175 2132; x_wconf 86' lang='grc' dir='ltr'>πόλεως</span> <span class='ocrx_word' id='word_1_225' title='bbox 1207 2069 1339 2122; x_wconf 80' lang='grc' dir='ltr'>ὡσεὶ</span> <span class='ocrx_word' id='word_1_226' title='bbox 1381 2067 1571 2140; x_wconf 85' lang='grc' dir='ltr'>χόρτος</span> <span class='ocrx_word' id='word_1_227' title='bbox 1613 2066 1714 2136; x_wconf 81' lang='grc' dir='ltr'><strong>τῆς</strong></span> 
     </span>
    </p>
   </div>
   <div class='ocr_carea' id='block_1_36' title="bbox 1791 2051 3322 2140">
    <p class='ocr_par' dir='ltr' id='par_1_36' title="bbox 1887 2051 3322 2118">
     <span class='ocr_line' id='line_1_36' title="bbox 1887 2051 3322 2118; baseline -0.012 0"><span class='ocrx_word' id='word_1_228' title='bbox 1887 2062 1975 2118; x_wconf 82' lang='grc'><strong>55.</strong></span> <span class='ocrx_word' id='word_1_229' title='bbox 2008 2061 2073 2116; x_wconf 83' lang='grc' dir='ltr'>Ει</span> <span class='ocrx_word' id='word_1_230' title='bbox 2105 2059 2369 2116; x_wconf 84' lang='lat' dir='ltr'><strong>ﬂorebunt</strong></span> <span class='ocrx_word' id='word_1_231' title='bbox 2396 2060 2462 2114; x_wconf 91' lang='lat' dir='ltr'><strong>de</strong></span> <span class='ocrx_word' id='word_1_232' title='bbox 2484 2057 2703 2113; x_wconf 85' lang='lat' dir='ltr'><strong>civitate</strong></span> <span class='ocrx_word' id='word_1_233' title='bbox 2736 2055 2878 2109; x_wconf 86' lang='lat' dir='ltr'><strong>sicut</strong></span> <span class='ocrx_word' id='word_1_234' title='bbox 2908 2051 3092 2107; x_wconf 81' lang='lat' dir='ltr'><strong>fenum</strong></span> <span class='ocrx_word' id='word_1_235' title='bbox 3122 2059 3279 2104; x_wconf 77' lang='lat' dir='ltr'><strong>terra:</strong></span> <span class='ocrx_word' id='word_1_236' title='bbox 3309 2065 3322 2100; x_wconf 89' lang='lat'><strong>:</strong></span> 
     </span>
    </p>
   </div>
   <div class='ocr_carea' id='block_1_37' title="bbox 135 2157 3079 2225">
    <p class='ocr_par' dir='ltr' id='par_1_37' title="bbox 135 2157 3079 2225">
     <span class='ocr_line' id='line_1_37' title="bbox 135 2157 3079 2225; baseline -0.005 -1"><span class='ocrx_word' id='word_1_237' title='bbox 135 2157 266 2225; x_wconf 76' lang='grc' dir='ltr'><strong>γῆς·</strong></span> <span class='ocrx_word' id='word_1_238' title='bbox 3068 2157 3079 2165; x_wconf 85' lang='lat'><strong><em>&#39;</em></strong></span> 
     </span>
    </p>
   </div>
   <div class='ocr_carea' id='block_1_38' title="bbox 213 2230 1744 2325">
    <p class='ocr_par' dir='ltr' id='par_1_38' title="bbox 213 2247 1713 2325">
     <span class='ocr_line' id='line_1_38' title="bbox 213 2247 1713 2325; baseline 0.003 -24"><span class='ocrx_word' id='word_1_239' title='bbox 213 2247 304 2302; x_wconf 88' lang='lat'><strong>56.</strong></span> <span class='ocrx_word' id='word_1_240' title='bbox 339 2249 528 2302; x_wconf 87' lang='grc' dir='ltr'>Ἔσται</span> <span class='ocrx_word' id='word_1_241' title='bbox 565 2250 623 2302; x_wconf 84' lang='grc' dir='ltr'><strong>τὸ</strong></span> <span class='ocrx_word' id='word_1_242' title='bbox 657 2250 828 2321; x_wconf 85' lang='grc' dir='ltr'>ὄνομα</span> <span class='ocrx_word' id='word_1_243' title='bbox 860 2251 1027 2305; x_wconf 79' lang='grc' dir='ltr'>αὐτοῦ</span> <span class='ocrx_word' id='word_1_244' title='bbox 1073 2252 1433 2325; x_wconf 81' lang='grc' dir='ltr'>εὐλογημένον</span> <span class='ocrx_word' id='word_1_245' title='bbox 1478 2253 1558 2315; x_wconf 86' lang='grc' dir='ltr'>είς</span> <span class='ocrx_word' id='word_1_246' title='bbox 1588 2252 1713 2315; x_wconf 84' lang='grc' dir='ltr'>τοὺς</span> 
     </span>
    </p>
   </div>
   <div class='ocr_carea' id='block_1_39' title="bbox 1670 2230 3201 2325">
    <p class='ocr_par' dir='ltr' id='par_1_39' title="bbox 1670 2230 3201 2315">
     <span class='ocr_line' id='line_1_39' title="bbox 1670 2230 3201 2315; baseline -0.011 -16"><span class='ocrx_word' id='word_1_247' title='bbox 1670 2269 1713 2315; x_wconf 68' lang='grc' dir='ltr'>ις</span> <span class='ocrx_word' id='word_1_248' title='bbox 1892 2241 1980 2297; x_wconf 96' lang='grc'><strong>56.</strong></span> <span class='ocrx_word' id='word_1_249' title='bbox 2014 2241 2129 2295; x_wconf 86' lang='lat' dir='ltr'><strong>Erit</strong></span> <span class='ocrx_word' id='word_1_250' title='bbox 2148 2255 2343 2295; x_wconf 90' lang='lat' dir='ltr'><strong>nomen</strong></span> <span class='ocrx_word' id='word_1_251' title='bbox 2374 2237 2492 2307; x_wconf 89' lang='lat' dir='ltr'><strong>ejus</strong></span> <span class='ocrx_word' id='word_1_252' title='bbox 2516 2235 2859 2291; x_wconf 85' lang='lat' dir='ltr'><strong>benedictum</strong></span> <span class='ocrx_word' id='word_1_253' title='bbox 2882 2233 2936 2286; x_wconf 91' lang='lat' dir='ltr'><strong>in</strong></span> <span class='ocrx_word' id='word_1_254' title='bbox 2958 2230 3154 2287; x_wconf 69' lang='lat' dir='ltr'><strong>saecula</strong></span> <span class='ocrx_word' id='word_1_255' title='bbox 3185 2246 3201 2282; x_wconf 86' lang='lat'><strong>:</strong></span> 
     </span>
    </p>
   </div>
   <div class='ocr_carea' id='block_1_40' title="bbox 134 2340 366 2403">
    <p class='ocr_par' dir='ltr' id='par_1_40' title="bbox 134 2340 366 2403">
     <span class='ocr_line' id='line_1_40' title="bbox 134 2340 366 2403; baseline 0.009 -12"><span class='ocrx_word' id='word_1_256' title='bbox 134 2340 366 2403; x_wconf 77' lang='grc' dir='ltr'>αἰῶνας·</span> 
     </span>
    </p>
   </div>
   <div class='ocr_carea' id='block_1_41' title="bbox 212 2410 1743 2504">
    <p class='ocr_par' dir='ltr' id='par_1_41' title="bbox 212 2430 1528 2504">
     <span class='ocr_line' id='line_1_41' title="bbox 212 2430 1528 2504; baseline 0.001 -21"><span class='ocrx_word' id='word_1_257' title='bbox 212 2430 303 2484; x_wconf 88' lang='grc'><strong>57.</strong></span> <span class='ocrx_word' id='word_1_258' title='bbox 339 2431 453 2501; x_wconf 82' lang='grc' dir='ltr'>Πρὸ</span> <span class='ocrx_word' id='word_1_259' title='bbox 477 2430 571 2484; x_wconf 77' lang='grc' dir='ltr'>τοῦ</span> <span class='ocrx_word' id='word_1_260' title='bbox 604 2432 756 2504; x_wconf 81' lang='grc' dir='ltr'>ἡλίου</span> <span class='ocrx_word' id='word_1_261' title='bbox 783 2433 1026 2504; x_wconf 80' lang='grc' dir='ltr'>διαμένει</span> <span class='ocrx_word' id='word_1_262' title='bbox 1050 2434 1111 2487; x_wconf 82' lang='grc' dir='ltr'><strong>τὸ</strong></span> <span class='ocrx_word' id='word_1_263' title='bbox 1142 2430 1528 2504; x_wconf 81' lang='grc' dir='ltr'>ὅνομαάὐτοῦ.</span> 
     </span>
    </p>
   </div>
   <div class='ocr_carea' id='block_1_42' title="bbox 1509 2410 3040 2504">
    <p class='ocr_par' dir='ltr' id='par_1_42' title="bbox 1515 2410 3040 2486">
     <span class='ocr_line' id='line_1_42' title="bbox 1515 2410 3040 2486; baseline -0.012 -3"><span class='ocrx_word' id='word_1_264' title='bbox 1515 2470 1528 2483; x_wconf 93' lang='grc'><strong>.</strong></span> <span class='ocrx_word' id='word_1_265' title='bbox 1890 2423 1979 2477; x_wconf 90' lang='grc'><strong>57.</strong></span> <span class='ocrx_word' id='word_1_266' title='bbox 2014 2420 2152 2474; x_wconf 85' lang='lat' dir='ltr'><strong>Ante</strong></span> <span class='ocrx_word' id='word_1_267' title='bbox 2173 2418 2341 2474; x_wconf 92' lang='lat' dir='ltr'><strong>solem</strong></span> <span class='ocrx_word' id='word_1_268' title='bbox 2369 2421 2649 2486; x_wconf 87' lang='lat' dir='ltr'><strong>permanet</strong></span> <span class='ocrx_word' id='word_1_269' title='bbox 2681 2427 2878 2466; x_wconf 90' lang='lat' dir='ltr'><strong>nomen</strong></span> <span class='ocrx_word' id='word_1_270' title='bbox 2902 2410 3040 2481; x_wconf 90' lang='lat' dir='ltr'><strong>ejus.</strong></span> 
     </span>
    </p>
   </div>
   <div class='ocr_carea' id='block_1_43' title="bbox 213 2500 1744 2596">
    <p class='ocr_par' dir='ltr' id='par_1_43' title="bbox 213 2500 1711 2596">
     <span class='ocr_line' id='line_1_43' title="bbox 213 2500 1711 2596; baseline -0.001 -21"><span class='ocrx_word' id='word_1_271' title='bbox 213 2521 303 2575; x_wconf 86' lang='lat'><strong>58.</strong></span> <span class='ocrx_word' id='word_1_272' title='bbox 336 2500 447 2575; x_wconf 87' lang='lat' dir='ltr'><strong>Kal</strong></span> <span class='ocrx_word' id='word_1_273' title='bbox 469 2500 979 2596; x_wconf 82' lang='grc' dir='ltr'>ὲνευλογηθήσονται</span> <span class='ocrx_word' id='word_1_274' title='bbox 1006 2526 1061 2577; x_wconf 87' lang='grc' dir='ltr'>ὲν</span> <span class='ocrx_word' id='word_1_275' title='bbox 1092 2500 1248 2595; x_wconf 80' lang='grc' dir='ltr'>αύτῷ</span> <span class='ocrx_word' id='word_1_276' title='bbox 1264 2525 1434 2577; x_wconf 82' lang='grc' dir='ltr'>πᾶσαι</span> <span class='ocrx_word' id='word_1_277' title='bbox 1459 2524 1513 2576; x_wconf 83' lang='grc' dir='ltr'>αἱ</span> <span class='ocrx_word' id='word_1_278' title='bbox 1547 2518 1711 2593; x_wconf 71' lang='grc' dir='ltr'>φυλαὶ</span> 
     </span>
    </p>
   </div>
   <div class='ocr_carea' id='block_1_44' title="bbox 1844 2500 3375 2596">
    <p class='ocr_par' dir='ltr' id='par_1_44' title="bbox 1889 2500 3375 2574">
     <span class='ocr_line' id='line_1_44' title="bbox 1889 2500 3375 2574; baseline -0.011 -6"><span class='ocrx_word' id='word_1_279' title='bbox 1889 2513 1979 2568; x_wconf 90' lang='lat'><strong>58.</strong></span> <span class='ocrx_word' id='word_1_280' title='bbox 2007 2511 2073 2565; x_wconf 88' lang='lat' dir='ltr'><strong>Et</strong></span> <span class='ocrx_word' id='word_1_281' title='bbox 2097 2508 2484 2565; x_wconf 86' lang='lat' dir='ltr'><strong>benedicentur</strong></span> <span class='ocrx_word' id='word_1_282' title='bbox 2511 2505 2564 2558; x_wconf 91' lang='lat' dir='ltr'><strong>in</strong></span> <span class='ocrx_word' id='word_1_283' title='bbox 2602 2504 2720 2574; x_wconf 90' lang='lat' dir='ltr'><strong>ipso</strong></span> <span class='ocrx_word' id='word_1_284' title='bbox 2748 2517 2938 2557; x_wconf 90' lang='lat' dir='ltr'><strong>omnes</strong></span> <span class='ocrx_word' id='word_1_285' title='bbox 2966 2500 3147 2555; x_wconf 90' lang='lat' dir='ltr'><strong>tribus</strong></span> <span class='ocrx_word' id='word_1_286' title='bbox 3167 2512 3323 2555; x_wconf 84' lang='lat' dir='ltr'><strong>terrae</strong></span> <span class='ocrx_word' id='word_1_287' title='bbox 3362 2515 3375 2552; x_wconf 91' lang='lat'><strong>:</strong></span> 
     </span>
    </p>
   </div>
   <div class='ocr_carea' id='block_1_45' title="bbox 132 2626 401 2685">
    <p class='ocr_par' dir='ltr' id='par_1_45' title="bbox 132 2626 401 2685">
     <span class='ocr_line' id='line_1_45' title="bbox 132 2626 401 2685; baseline 0.004 -7"><span class='ocrx_word' id='word_1_288' title='bbox 132 2630 241 2683; x_wconf 85' lang='grc' dir='ltr'>της</span> <span class='ocrx_word' id='word_1_289' title='bbox 258 2629 363 2685; x_wconf 85' lang='grc' dir='ltr'><strong>γης</strong></span> <span class='ocrx_word' id='word_1_290' title='bbox 386 2626 401 2641; x_wconf 77' lang='grc'><strong><em>⁸</em></strong></span> 
     </span>
    </p>
   </div>
   <div class='ocr_carea' id='block_1_46' title="bbox 1262 2732 2261 2802">
    <p class='ocr_par' dir='ltr' id='par_1_46' title="bbox 1262 2732 2261 2802">
     <span class='ocr_line' id='line_1_46' title="bbox 1262 2732 2261 2802; baseline -0.018 1"><span class='ocrx_word' id='word_1_291' title='bbox 1262 2745 1634 2802; x_wconf 84' lang='lat' dir='ltr'><strong>ATHANASII</strong></span> <span class='ocrx_word' id='word_1_292' title='bbox 1672 2732 2261 2796; x_wconf 78' lang='lat' dir='ltr'><strong>INTERPRETATIO.</strong></span> 
     </span>
    </p>
   </div>
   <div class='ocr_carea' id='block_1_47' title="bbox 135 2840 1666 2935">
    <p class='ocr_par' dir='ltr' id='par_1_47' title="bbox 135 2859 1660 2935">
     <span class='ocr_line' id='line_1_47' title="bbox 135 2859 1660 2935; baseline -0.002 -20"><span class='ocrx_word' id='word_1_293' title='bbox 135 2877 338 2931; x_wconf 78' lang='grc' dir='ltr'>πωμεν</span> <span class='ocrx_word' id='word_1_294' title='bbox 361 2861 419 2914; x_wconf 79' lang='grc' dir='ltr'>δὲ</span> <span class='ocrx_word' id='word_1_295' title='bbox 442 2862 534 2914; x_wconf 77' lang='grc' dir='ltr'><strong>καὶ</strong></span> <span class='ocrx_word' id='word_1_296' title='bbox 556 2862 729 2926; x_wconf 78' lang='grc' dir='ltr'>ἄλλως</span> <span class='ocrx_word' id='word_1_297' title='bbox 755 2864 854 2933; x_wconf 87' lang='grc' dir='ltr'>τὴν</span> <span class='ocrx_word' id='word_1_298' title='bbox 882 2863 1200 2935; x_wconf 81' lang='grc' dir='ltr'>ἑρμηνείαν.</span> <span class='ocrx_word' id='word_1_299' title='bbox 1223 2862 1384 2918; x_wconf 79' lang='grc' dir='ltr'><strong>Σαϐᾶ</strong></span> <span class='ocrx_word' id='word_1_300' title='bbox 1422 2859 1660 2933; x_wconf 79' lang='grc' dir='ltr'>ὲρμηνεύ</span> 
     </span>
    </p>
   </div>
   <div class='ocr_carea' id='block_1_48' title="bbox 1851 2840 3382 2935">
    <p class='ocr_par' dir='ltr' id='par_1_48' title="bbox 1851 2840 3382 2915">
     <span class='ocr_line' id='line_1_48' title="bbox 1851 2840 3382 2915; baseline -0.007 -10"><span class='ocrx_word' id='word_1_301' title='bbox 1851 2859 2002 2906; x_wconf 77' lang='grc' dir='ltr'>,ιιιεω</span> <span class='ocrx_word' id='word_1_302' title='bbox 2029 2857 2083 2903; x_wconf 90' lang='lat' dir='ltr'><strong>et</strong></span> <span class='ocrx_word' id='word_1_303' title='bbox 2114 2848 2275 2901; x_wconf 86' lang='lat' dir='ltr'><strong>aliam</strong></span> <span class='ocrx_word' id='word_1_304' title='bbox 2319 2844 2842 2915; x_wconf 85' lang='lat' dir='ltr'><strong>interpretationem.</strong></span> <span class='ocrx_word' id='word_1_305' title='bbox 2878 2840 3021 2896; x_wconf 89' lang='lat' dir='ltr'><strong>Saba</strong></span> <span class='ocrx_word' id='word_1_306' title='bbox 3060 2841 3382 2911; x_wconf 77' lang='lat' dir='ltr'><strong>interpreta-</strong></span> 
     </span>
    </p>
   </div>
   <div class='ocr_carea' id='block_1_49' title="bbox 136 2933 1667 3027">
    <p class='ocr_par' dir='ltr' id='par_1_49' title="bbox 136 2933 1667 3027">
     <span class='ocr_line' id='line_1_49' title="bbox 136 2933 1667 3027; baseline -0.001 -21"><span class='ocrx_word' id='word_1_307' title='bbox 136 2970 232 3006; x_wconf 86' lang='grc' dir='ltr'><strong>ται</strong></span> <span class='ocrx_word' id='word_1_308' title='bbox 255 2953 609 3023; x_wconf 64' lang='grc' dir='ltr'>ἐπιστροφήο</span> <span class='ocrx_word' id='word_1_309' title='bbox 629 2956 888 3023; x_wconf 76' lang='grc' dir='ltr'>Ἀράϐων</span> <span class='ocrx_word' id='word_1_310' title='bbox 978 2933 1337 3027; x_wconf 82' lang='grc' dir='ltr'>ἑρμηνεύεται</span> <span class='ocrx_word' id='word_1_311' title='bbox 1358 2953 1423 3008; x_wconf 84' lang='grc' dir='ltr'>τὸ</span> <span class='ocrx_word' id='word_1_312' title='bbox 1438 2953 1556 3007; x_wconf 55' lang='grc' dir='ltr'><strong>τῶν⁴</strong></span> <span class='ocrx_word' id='word_1_313' title='bbox 1582 2953 1667 3005; x_wconf 62' lang='grc' dir='ltr'>Ἰολ</span> 
     </span>
    </p>
   </div>
   <div class='ocr_carea' id='block_1_50' title="bbox 1852 2933 3383 3027">
    <p class='ocr_par' dir='ltr' id='par_1_50' title="bbox 1852 2933 3383 3004">
     <span class='ocr_line' id='line_1_50' title="bbox 1852 2933 3383 3004; baseline -0.008 -7"><span class='ocrx_word' id='word_1_314' title='bbox 1852 2960 1909 2998; x_wconf 90' lang='lat' dir='ltr'><strong>ur</strong></span> <span class='ocrx_word' id='word_1_315' title='bbox 1934 2943 2197 2995; x_wconf 86' lang='lat' dir='ltr'><strong>conversio</strong></span> <span class='ocrx_word' id='word_1_316' title='bbox 2229 2955 2246 2992; x_wconf 90' lang='lat'><strong><em>:</em></strong></span> <span class='ocrx_word' id='word_1_317' title='bbox 2280 2936 2477 2992; x_wconf 79' lang='lat' dir='ltr'><strong>Arabes</strong></span> <span class='ocrx_word' id='word_1_318' title='bbox 2517 2944 2697 2989; x_wconf 90' lang='lat' dir='ltr'><strong>autem</strong></span> <span class='ocrx_word' id='word_1_319' title='bbox 2732 2951 2854 3004; x_wconf 81' lang='lat' dir='ltr'><strong>gens</strong></span> <span class='ocrx_word' id='word_1_320' title='bbox 2883 2933 3213 2997; x_wconf 68' lang='lat' dir='ltr'><strong>Iudaeorum,</strong></span> <span class='ocrx_word' id='word_1_321' title='bbox 3244 2946 3383 3002; x_wconf 86' lang='lat' dir='ltr'><strong>quo-</strong></span> 
     </span>
    </p>
   </div>
   <div class='ocr_carea' id='block_1_51' title="bbox 131 3023 1662 3119">
    <p class='ocr_par' dir='ltr' id='par_1_51' title="bbox 131 3023 1662 3119">
     <span class='ocr_line' id='line_1_51' title="bbox 131 3023 1662 3119; baseline -0.001 -21"><span class='ocrx_word' id='word_1_322' title='bbox 131 3044 324 3098; x_wconf 80' lang='grc' dir='ltr'>δαίων</span> <span class='ocrx_word' id='word_1_323' title='bbox 351 3045 545 3112; x_wconf 81' lang='grc' dir='ltr'><strong>ἔθνος,</strong></span> <span class='ocrx_word' id='word_1_324' title='bbox 577 3048 763 3119; x_wconf 80' lang='grc' dir='ltr'>ἐπειδὴ</span> <span class='ocrx_word' id='word_1_325' title='bbox 788 3051 847 3102; x_wconf 82' lang='grc' dir='ltr'>ὲν</span> <span class='ocrx_word' id='word_1_326' title='bbox 878 3048 954 3118; x_wconf 85' lang='grc' dir='ltr'>τῷ</span> <span class='ocrx_word' id='word_1_327' title='bbox 1143 3047 1258 3117; x_wconf 77' lang='grc' dir='ltr'>ὄρει</span> <span class='ocrx_word' id='word_1_328' title='bbox 1281 3047 1374 3099; x_wconf 72' lang='grc' dir='ltr'>τὸν</span> <span class='ocrx_word' id='word_1_329' title='bbox 1400 3046 1561 3116; x_wconf 88' lang='grc' dir='ltr'>νόμον</span> <span class='ocrx_word' id='word_1_330' title='bbox 1597 3044 1662 3096; x_wconf 55' lang='grc' dir='ltr'><strong>ὲδη</strong></span> 
     </span>
    </p>
   </div>
   <div class='ocr_carea' id='block_1_52' title="bbox 1850 3023 3381 3119">
    <p class='ocr_par' dir='ltr' id='par_1_52' title="bbox 1850 3023 3381 3097">
     <span class='ocr_line' id='line_1_52' title="bbox 1850 3023 3381 3097; baseline -0.009 -7"><span class='ocrx_word' id='word_1_331' title='bbox 1850 3037 1966 3090; x_wconf 90' lang='lat' dir='ltr'><strong>iam</strong></span> <span class='ocrx_word' id='word_1_332' title='bbox 1997 3034 2051 3088; x_wconf 91' lang='lat' dir='ltr'><strong>in</strong></span> <span class='ocrx_word' id='word_1_333' title='bbox 2077 3040 2262 3087; x_wconf 90' lang='lat' dir='ltr'><strong>monte</strong></span> <span class='ocrx_word' id='word_1_334' title='bbox 2293 3028 2422 3083; x_wconf 88' lang='lat' dir='ltr'><strong>Sina</strong></span> <span class='ocrx_word' id='word_1_335' title='bbox 2445 3029 2612 3097; x_wconf 84' lang='lat' dir='ltr'><strong>legem</strong></span> <span class='ocrx_word' id='word_1_336' title='bbox 2639 3035 2967 3095; x_wconf 88' lang='lat' dir='ltr'><strong>acceperunt</strong></span> <span class='ocrx_word' id='word_1_337' title='bbox 2997 3023 3166 3092; x_wconf 87' lang='lat' dir='ltr'><strong>;Sina</strong></span> <span class='ocrx_word' id='word_1_338' title='bbox 3199 3032 3381 3077; x_wconf 91' lang='lat' dir='ltr'><strong>autem</strong></span> 
     </span>
    </p>
   </div>
   <div class='ocr_carea' id='block_1_53' title="bbox 133 3115 1664 3223">
    <p class='ocr_par' dir='ltr' id='par_1_53' title="bbox 133 3115 1664 3212">
     <span class='ocr_line' id='line_1_53' title="bbox 133 3115 1664 3212; baseline -0.003 -21"><span class='ocrx_word' id='word_1_339' title='bbox 133 3138 320 3203; x_wconf 79' lang='grc' dir='ltr'>ξαντο.</span> <span class='ocrx_word' id='word_1_340' title='bbox 353 3138 426 3190; x_wconf 85' lang='grc' dir='ltr'>Τὸ</span> <span class='ocrx_word' id='word_1_341' title='bbox 457 3139 514 3191; x_wconf 81' lang='grc' dir='ltr'>δὲ</span> <span class='ocrx_word' id='word_1_342' title='bbox 536 3140 665 3192; x_wconf 89' lang='grc' dir='ltr'><strong>Σινᾶ</strong></span> <span class='ocrx_word' id='word_1_343' title='bbox 697 3115 820 3211; x_wconf 81' lang='grc' dir='ltr'>ὅρος</span> <span class='ocrx_word' id='word_1_344' title='bbox 841 3142 897 3193; x_wconf 84' lang='grc' dir='ltr'><strong>ἐν</strong></span> <span class='ocrx_word' id='word_1_345' title='bbox 913 3115 979 3212; x_wconf 78' lang='grc' dir='ltr'>τῇ</span> <span class='ocrx_word' id='word_1_346' title='bbox 1016 3115 1243 3211; x_wconf 76' lang='grc' dir='ltr'>Ἀραϐίᾳ</span> <span class='ocrx_word' id='word_1_347' title='bbox 1266 3139 1403 3193; x_wconf 83' lang='grc' dir='ltr'>ὲστί.</span> <span class='ocrx_word' id='word_1_348' title='bbox 1439 3115 1537 3191; x_wconf 72' lang='grc' dir='ltr'><strong>Διὰ</strong></span> <span class='ocrx_word' id='word_1_349' title='bbox 1555 3136 1664 3189; x_wconf 67' lang='grc' dir='ltr'><strong>τοῦπ</strong></span> 
     </span>
    </p>
   </div>
   <div class='ocr_carea' id='block_1_54' title="bbox 1852 3115 3383 3223">
    <p class='ocr_par' dir='ltr' id='par_1_54' title="bbox 1852 3115 3383 3189">
     <span class='ocr_line' id='line_1_54' title="bbox 1852 3115 3383 3189; baseline -0.008 -8"><span class='ocrx_word' id='word_1_350' title='bbox 1852 3142 1973 3183; x_wconf 77' lang='grc' dir='ltr'>ιοηε</span> <span class='ocrx_word' id='word_1_351' title='bbox 1998 3126 2051 3180; x_wconf 92' lang='lat' dir='ltr'><strong>in</strong></span> <span class='ocrx_word' id='word_1_352' title='bbox 2075 3124 2273 3177; x_wconf 83' lang='lat' dir='ltr'><strong>Arabia</strong></span> <span class='ocrx_word' id='word_1_353' title='bbox 2305 3130 2405 3176; x_wconf 92' lang='lat' dir='ltr'><strong>est.</strong></span> <span class='ocrx_word' id='word_1_354' title='bbox 2442 3120 2565 3173; x_wconf 91' lang='lat' dir='ltr'><strong>Ideo</strong></span> <span class='ocrx_word' id='word_1_355' title='bbox 2592 3118 2754 3189; x_wconf 83' lang='lat' dir='ltr'><strong>igitur</strong></span> <span class='ocrx_word' id='word_1_356' title='bbox 2781 3115 3089 3171; x_wconf 70' lang='lat' dir='ltr'><strong>Judaeorum</strong></span> <span class='ocrx_word' id='word_1_357' title='bbox 3125 3115 3383 3185; x_wconf 87' lang='lat' dir='ltr'><strong>populum</strong></span> 
     </span>
    </p>
   </div>
   <div class='ocr_carea' id='block_1_55' title="bbox 130 3211 1661 3302">
    <p class='ocr_par' dir='ltr' id='par_1_55' title="bbox 130 3211 1661 3302">
     <span class='ocr_line' id='line_1_55' title="bbox 130 3211 1661 3302; baseline -0.003 -21"><span class='ocrx_word' id='word_1_358' title='bbox 130 3224 230 3282; x_wconf 80' lang='grc' dir='ltr'><strong>οὖν</strong></span> <span class='ocrx_word' id='word_1_359' title='bbox 278 3230 408 3292; x_wconf 83' lang='grc' dir='ltr'>τοὺς</span> <span class='ocrx_word' id='word_1_360' title='bbox 466 3230 573 3282; x_wconf 83' lang='grc' dir='ltr'>ἀπὸ</span> <span class='ocrx_word' id='word_1_361' title='bbox 626 3231 734 3282; x_wconf 89' lang='grc' dir='ltr'><strong>τῶν</strong></span> <span class='ocrx_word' id='word_1_362' title='bbox 771 3211 1038 3286; x_wconf 85' lang='grc' dir='ltr'>Ἰουδαίων</span> <span class='ocrx_word' id='word_1_363' title='bbox 1111 3228 1282 3300; x_wconf 82' lang='grc' dir='ltr'>στόμα</span> <span class='ocrx_word' id='word_1_364' title='bbox 1331 3226 1525 3302; x_wconf 85' lang='grc' dir='ltr'><strong>[Σαϐᾱ</strong></span> <span class='ocrx_word' id='word_1_365' title='bbox 1582 3226 1661 3280; x_wconf 65' lang='grc' dir='ltr'>κα)</span> 
     </span>
    </p>
   </div>
   <div class='ocr_carea' id='block_1_56' title="bbox 982 3211 2513 3302">
    <p class='ocr_par' dir='ltr' id='par_1_56' title="bbox 982 3211 2513 3302">
     <span class='ocr_line' id='line_1_56' title="bbox 982 3211 2513 3302; baseline -0.013 -18"><span class='ocrx_word' id='word_1_366' title='bbox 982 3248 1038 3284; x_wconf 77' lang='grc' dir='ltr'><strong>υν</strong></span> <span class='ocrx_word' id='word_1_367' title='bbox 1111 3228 1282 3300; x_wconf 83' lang='grc' dir='ltr'>στόμα</span> <span class='ocrx_word' id='word_1_368' title='bbox 1331 3226 1525 3302; x_wconf 85' lang='grc' dir='ltr'><strong>[Σαϐᾱ</strong></span> <span class='ocrx_word' id='word_1_369' title='bbox 1582 3222 1708 3297; x_wconf 74' lang='grc' dir='ltr'>καὶ]</span> <span class='ocrx_word' id='word_1_370' title='bbox 1743 3211 1780 3223; x_wconf 57' lang='grc' dir='ltr'>ν</span> <span class='ocrx_word' id='word_1_371' title='bbox 1814 3218 1958 3275; x_wconf 88' lang='lat' dir='ltr'><strong>Saba</strong></span> <span class='ocrx_word' id='word_1_372' title='bbox 1985 3226 2040 3273; x_wconf 90' lang='lat' dir='ltr'><strong>et</strong></span> <span class='ocrx_word' id='word_1_373' title='bbox 2060 3216 2258 3269; x_wconf 80' lang='lat' dir='ltr'><strong>Arabes</strong></span> <span class='ocrx_word' id='word_1_374' title='bbox 2280 3211 2513 3268; x_wconf 78' lang='lat' dir='ltr'><strong>vocavit.</strong></span> 
     </span>
    </p>
   </div>
   <div class='ocr_carea' id='block_1_57' title="bbox 135 3321 776 3391">
    <p class='ocr_par' dir='ltr' id='par_1_57' title="bbox 135 3321 776 3391">
     <span class='ocr_line' id='line_1_57' title="bbox 135 3321 776 3391; baseline 0.002 -17"><span class='ocrx_word' id='word_1_375' title='bbox 135 3322 394 3388; x_wconf 73' lang='grc' dir='ltr'>Ἄραϐας</span> <span class='ocrx_word' id='word_1_376' title='bbox 422 3321 497 3391; x_wconf 92' lang='grc'><strong>(1)</strong></span> <span class='ocrx_word' id='word_1_377' title='bbox 531 3322 776 3376; x_wconf 80' lang='grc' dir='ltr'>ἐκάλεσε.</span> 
     </span>
    </p>
   </div>
   <div class='ocr_carea' id='block_1_58' title="bbox 206 3394 1737 3486">
    <p class='ocr_par' dir='ltr' id='par_1_58' title="bbox 206 3412 1427 3486">
     <span class='ocr_line' id='line_1_58' title="bbox 206 3412 1427 3486; baseline 0.003 -20"><span class='ocrx_word' id='word_1_378' title='bbox 206 3413 297 3467; x_wconf 87' lang='grc'><strong>22.</strong></span> <span class='ocrx_word' id='word_1_379' title='bbox 334 3412 400 3467; x_wconf 81' lang='grc' dir='ltr'><strong>Οἱ</strong></span> <span class='ocrx_word' id='word_1_380' title='bbox 433 3414 801 3483; x_wconf 84' lang='grc' dir='ltr'>βασιλεύοντες</span> <span class='ocrx_word' id='word_1_381' title='bbox 832 3414 971 3468; x_wconf 83' lang='grc' dir='ltr'>κατὰ</span> <span class='ocrx_word' id='word_1_382' title='bbox 1003 3416 1103 3486; x_wconf 78' lang='grc' dir='ltr'>τῆς</span> <span class='ocrx_word' id='word_1_383' title='bbox 1133 3414 1427 3486; x_wconf 83' lang='grc' dir='ltr'>ἁμαρτίας.</span> 
     </span>
    </p>
   </div>
   <div class='ocr_carea' id='block_1_59' title="bbox 1334 3394 2865 3486">
    <p class='ocr_par' dir='ltr' id='par_1_59' title="bbox 1334 3394 2865 3477">
     <span class='ocr_line' id='line_1_59' title="bbox 1334 3394 2865 3477; baseline -0.012 -15"><span class='ocrx_word' id='word_1_384' title='bbox 1334 3415 1427 3477; x_wconf 76' lang='grc' dir='ltr'>Γας,</span> <span class='ocrx_word' id='word_1_385' title='bbox 1890 3396 1980 3450; x_wconf 89' lang='grc'><strong>22.</strong></span> <span class='ocrx_word' id='word_1_386' title='bbox 2007 3394 2313 3476; x_wconf 58' lang='lat' dir='ltr'><strong>[jegnantes</strong></span> <span class='ocrx_word' id='word_1_387' title='bbox 2338 3399 2525 3446; x_wconf 85' lang='lat' dir='ltr'><strong>contra</strong></span> <span class='ocrx_word' id='word_1_388' title='bbox 2560 3398 2865 3460; x_wconf 89' lang='lat' dir='ltr'><strong>peccatum.</strong></span> 
     </span>
    </p>
   </div>
   <div class='ocr_carea' id='block_1_60' title="bbox 206 3483 1737 3575">
    <p class='ocr_par' dir='ltr' id='par_1_60' title="bbox 206 3483 1343 3575">
     <span class='ocr_line' id='line_1_60' title="bbox 206 3483 1343 3575; baseline -0.002 -18"><span class='ocrx_word' id='word_1_389' title='bbox 206 3501 299 3557; x_wconf 89' lang='lat'><strong>25.</strong></span> <span class='ocrx_word' id='word_1_390' title='bbox 348 3502 906 3575; x_wconf 84' lang='grc' dir='ltr'>Ἐξαγορασθήσονται</span> <span class='ocrx_word' id='word_1_391' title='bbox 941 3505 1031 3557; x_wconf 84' lang='grc' dir='ltr'>ὑπ’</span> <span class='ocrx_word' id='word_1_392' title='bbox 1056 3483 1132 3575; x_wconf 85' lang='grc'><strong>(2)</strong></span> <span class='ocrx_word' id='word_1_393' title='bbox 1158 3483 1343 3557; x_wconf 80' lang='grc' dir='ltr'>αὐτοῦ.</span> 
     </span>
    </p>
   </div>
   <div class='ocr_carea' id='block_1_61' title="bbox 1109 3483 2640 3575">
    <p class='ocr_par' dir='ltr' id='par_1_61' title="bbox 1109 3483 2640 3574">
     <span class='ocr_line' id='line_1_61' title="bbox 1109 3483 2640 3574; baseline -0.013 -17"><span class='ocrx_word' id='word_1_394' title='bbox 1109 3504 1132 3574; x_wconf 89' lang='grc'><strong>.)</strong></span> <span class='ocrx_word' id='word_1_395' title='bbox 1158 3483 1343 3557; x_wconf 80' lang='grc' dir='ltr'>αὐτοῦ.</span> <span class='ocrx_word' id='word_1_396' title='bbox 1885 3489 1978 3543; x_wconf 90' lang='grc'><strong>25.</strong></span> <span class='ocrx_word' id='word_1_397' title='bbox 2016 3485 2373 3540; x_wconf 80' lang='lat' dir='ltr'><strong>Redimentur</strong></span> <span class='ocrx_word' id='word_1_398' title='bbox 2402 3484 2470 3537; x_wconf 88' lang='lat' dir='ltr'><strong>ab</strong></span> <span class='ocrx_word' id='word_1_399' title='bbox 2505 3483 2640 3552; x_wconf 92' lang='lat' dir='ltr'><strong>ipso.</strong></span> 
     </span>
    </p>
   </div>
   <div class='ocr_carea' id='block_1_62' title="bbox 205 3575 1736 3667">
    <p class='ocr_par' dir='ltr' id='par_1_62' title="bbox 205 3582 1369 3667">
     <span class='ocr_line' id='line_1_62' title="bbox 205 3582 1369 3667; baseline 0.004 -22"><span class='ocrx_word' id='word_1_400' title='bbox 205 3591 298 3648; x_wconf 65' lang='grc'><strong>24.</strong></span> <span class='ocrx_word' id='word_1_401' title='bbox 333 3593 471 3657; x_wconf 66' lang='grc' dir='ltr'>Τοὺς</span> <span class='ocrx_word' id='word_1_402' title='bbox 502 3582 750 3666; x_wconf 79' lang='grc' dir='ltr'>πτωχοὺς</span> <span class='ocrx_word' id='word_1_403' title='bbox 774 3596 849 3667; x_wconf 90' lang='grc'><strong>(5)</strong></span> <span class='ocrx_word' id='word_1_404' title='bbox 881 3597 945 3648; x_wconf 82' lang='grc' dir='ltr'>ὲκ</span> <span class='ocrx_word' id='word_1_405' title='bbox 978 3594 1071 3648; x_wconf 80' lang='grc' dir='ltr'>τοῦ</span> <span class='ocrx_word' id='word_1_406' title='bbox 1100 3595 1369 3650; x_wconf 76' lang='grc' dir='ltr'>διαϐόλου.</span> 
     </span>
    </p>
   </div>
   <div class='ocr_carea' id='block_1_63' title="bbox 1064 3575 2595 3667">
    <p class='ocr_par' dir='ltr' id='par_1_63' title="bbox 1064 3575 2595 3650">
     <span class='ocr_line' id='line_1_63' title="bbox 1064 3575 2595 3650; baseline -0.012 -6"><span class='ocrx_word' id='word_1_407' title='bbox 1064 3594 1071 3645; x_wconf 81' lang='lat' dir='ltr'><strong>i</strong></span> <span class='ocrx_word' id='word_1_408' title='bbox 1100 3595 1369 3650; x_wconf 75' lang='grc' dir='ltr'>διαϐόλου,</span> <span class='ocrx_word' id='word_1_409' title='bbox 1885 3580 1976 3633; x_wconf 75' lang='grc'><strong>24.</strong></span> <span class='ocrx_word' id='word_1_410' title='bbox 2005 3579 2278 3649; x_wconf 88' lang='lat' dir='ltr'><strong>Pauperes</strong></span> <span class='ocrx_word' id='word_1_411' title='bbox 2306 3592 2333 3631; x_wconf 85' lang='lat' dir='ltr'><strong>a</strong></span> <span class='ocrx_word' id='word_1_412' title='bbox 2365 3575 2595 3631; x_wconf 89' lang='lat' dir='ltr'><strong>diabolo.</strong></span> 
     </span>
    </p>
   </div>
   <div class='ocr_carea' id='block_1_64' title="bbox 203 3670 1734 3760">
    <p class='ocr_par' dir='ltr' id='par_1_64' title="bbox 203 3684 1155 3760">
     <span class='ocr_line' id='line_1_64' title="bbox 203 3684 1155 3760; baseline 0.004 -22"><span class='ocrx_word' id='word_1_413' title='bbox 203 3684 296 3739; x_wconf 87' lang='lat'><strong>25.</strong></span> <span class='ocrx_word' id='word_1_414' title='bbox 329 3686 431 3739; x_wconf 79' lang='grc' dir='ltr'>Τὸν</span> <span class='ocrx_word' id='word_1_415' title='bbox 458 3687 778 3741; x_wconf 84' lang='grc' dir='ltr'>πιστεύοντα</span> <span class='ocrx_word' id='word_1_416' title='bbox 809 3686 1033 3741; x_wconf 87' lang='grc' dir='ltr'>παλαιόν</span> <span class='ocrx_word' id='word_1_417' title='bbox 1059 3687 1155 3760; x_wconf 76' lang='grc'><strong>(4).</strong></span> 
     </span>
    </p>
   </div>
   <div class='ocr_carea' id='block_1_65' title="bbox 1006 3670 2537 3760">
    <p class='ocr_par' dir='ltr' id='par_1_65' title="bbox 1007 3670 2537 3760">
     <span class='ocr_line' id='line_1_65' title="bbox 1007 3670 2537 3760; baseline -0.014 -18"><span class='ocrx_word' id='word_1_418' title='bbox 1007 3706 1033 3741; x_wconf 84' lang='grc' dir='ltr'><strong>ν</strong></span> <span class='ocrx_word' id='word_1_419' title='bbox 1059 3687 1155 3760; x_wconf 78' lang='grc'><strong>(4).</strong></span> <span class='ocrx_word' id='word_1_420' title='bbox 1888 3672 1980 3726; x_wconf 84' lang='grc'><strong>25.</strong></span> <span class='ocrx_word' id='word_1_421' title='bbox 2013 3670 2255 3724; x_wconf 85' lang='lat' dir='ltr'><strong>Fidelem</strong></span> <span class='ocrx_word' id='word_1_422' title='bbox 2281 3676 2537 3723; x_wconf 78' lang='lat' dir='ltr'><strong>veterem.</strong></span> 
     </span>
    </p>
   </div>
   <div class='ocr_carea' id='block_1_66' title="bbox 202 3763 1733 3845">
    <p class='ocr_par' dir='ltr' id='par_1_66' title="bbox 202 3776 669 3845">
     <span class='ocr_line' id='line_1_66' title="bbox 202 3776 669 3845; baseline 0.006 -15"><span class='ocrx_word' id='word_1_423' title='bbox 202 3776 295 3831; x_wconf 88' lang='lat'><strong>26.</strong></span> <span class='ocrx_word' id='word_1_424' title='bbox 325 3776 445 3829; x_wconf 90' lang='grc' dir='ltr'><strong>Τῶν</strong></span> <span class='ocrx_word' id='word_1_425' title='bbox 477 3778 669 3845; x_wconf 84' lang='grc' dir='ltr'>ἁγίων.</span> 
     </span>
    </p>
   </div>
   <div class='ocr_carea' id='block_1_67' title="bbox 722 3763 2253 3845">
    <p class='ocr_par' dir='ltr' id='par_1_67' title="bbox 1887 3763 2253 3820">
     <span class='ocr_line' id='line_1_67' title="bbox 1887 3763 2253 3820; baseline -0.014 0"><span class='ocrx_word' id='word_1_426' title='bbox 1887 3765 1977 3820; x_wconf 86' lang='grc'><strong>26.</strong></span> <span class='ocrx_word' id='word_1_427' title='bbox 2014 3763 2253 3819; x_wconf 93' lang='lat' dir='ltr'><strong>Sanctis.</strong></span> 
     </span>
    </p>
   </div>
   <div class='ocr_carea' id='block_1_68' title="bbox 203 3844 1734 3938">
    <p class='ocr_par' dir='ltr' id='par_1_68' title="bbox 203 3844 1509 3938">
     <span class='ocr_line' id='line_1_68' title="bbox 203 3844 1509 3938; baseline 0.002 -20"><span class='ocrx_word' id='word_1_428' title='bbox 203 3866 293 3919; x_wconf 91' lang='lat'><strong>27.</strong></span> <span class='ocrx_word' id='word_1_429' title='bbox 321 3866 440 3918; x_wconf 88' lang='grc' dir='ltr'><strong>Τῶν</strong></span> <span class='ocrx_word' id='word_1_430' title='bbox 470 3844 923 3938; x_wconf 85' lang='grc' dir='ltr'>προσφευγόντων</span> <span class='ocrx_word' id='word_1_431' title='bbox 951 3869 1043 3922; x_wconf 78' lang='grc' dir='ltr'>ἐπὶ</span> <span class='ocrx_word' id='word_1_432' title='bbox 1070 3869 1128 3923; x_wconf 81' lang='grc' dir='ltr'><strong>τὸ</strong></span> <span class='ocrx_word' id='word_1_433' title='bbox 1150 3868 1295 3933; x_wconf 78' lang='grc' dir='ltr'>ἔλεος</span> <span class='ocrx_word' id='word_1_434' title='bbox 1322 3867 1509 3922; x_wconf 83' lang='grc' dir='ltr'>αὐτοῦ.</span> 
     </span>
    </p>
   </div>
   <div class='ocr_carea' id='block_1_69' title="bbox 1852 3844 3383 3938">
    <p class='ocr_par' dir='ltr' id='par_1_69' title="bbox 1881 3844 3383 3924">
     <span class='ocr_line' id='line_1_69' title="bbox 1881 3844 3383 3924; baseline -0.007 -12"><span class='ocrx_word' id='word_1_435' title='bbox 1881 3858 1971 3912; x_wconf 88' lang='grc'><strong>27.</strong></span> <span class='ocrx_word' id='word_1_436' title='bbox 1998 3856 2198 3913; x_wconf 88' lang='lat' dir='ltr'><strong>Eorum</strong></span> <span class='ocrx_word' id='word_1_437' title='bbox 2226 3852 2319 3924; x_wconf 92' lang='lat' dir='ltr'><strong>qui</strong></span> <span class='ocrx_word' id='word_1_438' title='bbox 2343 3852 2409 3906; x_wconf 94' lang='lat' dir='ltr'><strong>ad</strong></span> <span class='ocrx_word' id='word_1_439' title='bbox 2434 3849 2554 3920; x_wconf 85' lang='lat' dir='ltr'><strong>ejus</strong></span> <span class='ocrx_word' id='word_1_440' title='bbox 2580 3846 3007 3903; x_wconf 89' lang='lat' dir='ltr'><strong>misericordiam</strong></span> <span class='ocrx_word' id='word_1_441' title='bbox 3039 3844 3383 3915; x_wconf 74' lang='lat' dir='ltr'><strong>confugiunt.</strong></span> 
     </span>
    </p>
   </div>
   <div class='ocr_carea' id='block_1_70' title="bbox 202 3938 1733 4029">
    <p class='ocr_par' dir='ltr' id='par_1_70' title="bbox 202 3955 1570 4029">
     <span class='ocr_line' id='line_1_70' title="bbox 202 3955 1570 4029; baseline 0.002 -21"><span class='ocrx_word' id='word_1_442' title='bbox 202 3955 295 4009; x_wconf 89' lang='lat'><strong>28.</strong></span> <span class='ocrx_word' id='word_1_443' title='bbox 332 3957 427 4009; x_wconf 87' lang='grc' dir='ltr'>Ἐκ</span> <span class='ocrx_word' id='word_1_444' title='bbox 448 3956 547 4027; x_wconf 84' lang='grc' dir='ltr'><strong>τῆς</strong></span> <span class='ocrx_word' id='word_1_445' title='bbox 581 3958 1036 4029; x_wconf 78' lang='grc' dir='ltr'>προϋπαρχούσης</span> <span class='ocrx_word' id='word_1_446' title='bbox 1067 3957 1244 4012; x_wconf 82' lang='grc' dir='ltr'>αὐτῶν</span> <span class='ocrx_word' id='word_1_447' title='bbox 1276 3957 1570 4028; x_wconf 87' lang='grc' dir='ltr'>ἁμαρτίας.</span> 
     </span>
    </p>
   </div>
   <div class='ocr_carea' id='block_1_71' title="bbox 1499 3938 3030 4029">
    <p class='ocr_par' dir='ltr' id='par_1_71' title="bbox 1499 3938 3030 4019">
     <span class='ocr_line' id='line_1_71' title="bbox 1499 3938 3030 4019; baseline -0.01 -11"><span class='ocrx_word' id='word_1_448' title='bbox 1499 3974 1570 4019; x_wconf 85' lang='grc' dir='ltr'><strong>ις.</strong></span> <span class='ocrx_word' id='word_1_449' title='bbox 1877 3948 1968 4003; x_wconf 84' lang='grc'><strong>28.</strong></span> <span class='ocrx_word' id='word_1_450' title='bbox 1992 3947 2071 4001; x_wconf 85' lang='lat' dir='ltr'><strong>Ex</strong></span> <span class='ocrx_word' id='word_1_451' title='bbox 2093 3944 2523 4018; x_wconf 71' lang='lat' dir='ltr'><strong>praecedentibus</strong></span> <span class='ocrx_word' id='word_1_452' title='bbox 2552 3955 2741 3996; x_wconf 89' lang='lat' dir='ltr'><strong>eorum</strong></span> <span class='ocrx_word' id='word_1_453' title='bbox 2775 3938 3030 4009; x_wconf 87' lang='lat' dir='ltr'><strong>peccatis.</strong></span> 
     </span>
    </p>
   </div>
   <div class='ocr_carea' id='block_1_72' title="bbox 202 4022 1733 4120">
    <p class='ocr_par' dir='ltr' id='par_1_72' title="bbox 202 4022 1702 4120">
     <span class='ocr_line' id='line_1_72' title="bbox 202 4022 1702 4120; baseline -0.001 -21"><span class='ocrx_word' id='word_1_454' title='bbox 202 4046 293 4100; x_wconf 90' lang='lat'><strong>29.</strong></span> <span class='ocrx_word' id='word_1_455' title='bbox 329 4022 722 4119; x_wconf 70' lang='grc' dir='ltr'>Δεδοξασμένον</span> <span class='ocrx_word' id='word_1_456' title='bbox 928 4022 1100 4120; x_wconf 72' lang='grc' dir='ltr'>ὄνομα</span> <span class='ocrx_word' id='word_1_457' title='bbox 1157 4022 1327 4102; x_wconf 34' lang='grc' dir='ltr'>αὐτοῦ.</span> <span class='ocrx_word' id='word_1_458' title='bbox 1396 4022 1454 4100; x_wconf 68' lang='grc' dir='ltr'><strong>εν</strong></span> <span class='ocrx_word' id='word_1_459' title='bbox 1515 4046 1702 4110; x_wconf 77' lang='grc' dir='ltr'>αὐτοῖς</span> 
     </span>
    </p>
   </div>
   <div class='ocr_carea' id='block_1_73' title="bbox 1614 4022 3145 4120">
    <p class='ocr_par' dir='ltr' id='par_1_73' title="bbox 1614 4022 3145 4110">
     <span class='ocr_line' id='line_1_73' title="bbox 1614 4022 3145 4110; baseline -0.005 -20"><span class='ocrx_word' id='word_1_460' title='bbox 1614 4047 1702 4110; x_wconf 80' lang='grc' dir='ltr'><strong>ὀἷς</strong></span> <span class='ocrx_word' id='word_1_461' title='bbox 1884 4038 1974 4093; x_wconf 86' lang='grc'><strong>29.</strong></span> <span class='ocrx_word' id='word_1_462' title='bbox 2007 4036 2378 4093; x_wconf 83' lang='lat' dir='ltr'><strong>Gloriﬁcatum</strong></span> <span class='ocrx_word' id='word_1_463' title='bbox 2410 4040 2497 4087; x_wconf 90' lang='lat' dir='ltr'><strong>est</strong></span> <span class='ocrx_word' id='word_1_464' title='bbox 2523 4045 2719 4085; x_wconf 83' lang='lat' dir='ltr'><strong>nomen</strong></span> <span class='ocrx_word' id='word_1_465' title='bbox 2746 4028 2865 4098; x_wconf 91' lang='lat' dir='ltr'><strong>ejus</strong></span> <span class='ocrx_word' id='word_1_466' title='bbox 2900 4028 2955 4081; x_wconf 88' lang='lat' dir='ltr'><strong>in</strong></span> <span class='ocrx_word' id='word_1_467' title='bbox 2989 4022 3145 4098; x_wconf 87' lang='lat' dir='ltr'><strong>ipsis.</strong></span> 
     </span>
    </p>
   </div>
   <div class='ocr_carea' id='block_1_74' title="bbox 133 4136 735 4205">
    <p class='ocr_par' dir='ltr' id='par_1_74' title="bbox 133 4136 735 4205">
     <span class='ocr_line' id='line_1_74' title="bbox 133 4136 735 4205; baseline -0.007 -14"><span class='ocrx_word' id='word_1_468' title='bbox 133 4139 286 4191; x_wconf 78' lang='grc' dir='ltr'>ἐστιν</span> <span class='ocrx_word' id='word_1_469' title='bbox 313 4136 410 4205; x_wconf 83' lang='grc'><strong>(5).</strong></span> <span class='ocrx_word' id='word_1_470' title='bbox 730 4198 735 4205; x_wconf 23' lang='grc' dir='ltr'><strong><em>ι</em></strong></span> 
     </span>
    </p>
   </div>
   <div class='ocr_carea' id='block_1_75' title="bbox 203 4201 1734 4299">
    <p class='ocr_par' dir='ltr' id='par_1_75' title="bbox 203 4201 1704 4299">
     <span class='ocr_line' id='line_1_75' title="bbox 203 4201 1704 4299; baseline -0.008 -12"><span class='ocrx_word' id='word_1_471' title='bbox 203 4233 294 4287; x_wconf 86' lang='grc'><strong>50.</strong></span> <span class='ocrx_word' id='word_1_472' title='bbox 322 4201 389 4285; x_wconf 33' lang='lat' dir='ltr'><strong>‘Ol</strong></span> <span class='ocrx_word' id='word_1_473' title='bbox 412 4228 694 4284; x_wconf 88' lang='grc' dir='ltr'>ἀπόστολοι</span> <span class='ocrx_word' id='word_1_474' title='bbox 720 4201 943 4283; x_wconf 80' lang='grc' dir='ltr'>δοθῶσιν</span> <span class='ocrx_word' id='word_1_475' title='bbox 968 4228 1119 4299; x_wconf 75' lang='grc' dir='ltr'>αὐτῷ</span> <span class='ocrx_word' id='word_1_476' title='bbox 1154 4230 1217 4280; x_wconf 81' lang='grc' dir='ltr'><strong>ἐκ</strong></span> <span class='ocrx_word' id='word_1_477' title='bbox 1246 4225 1341 4280; x_wconf 80' lang='grc' dir='ltr'>τοῦ</span> <span class='ocrx_word' id='word_1_478' title='bbox 1375 4225 1560 4288; x_wconf 73' lang='grc' dir='ltr'>ἔθνους</span> <span class='ocrx_word' id='word_1_479' title='bbox 1596 4224 1704 4277; x_wconf 88' lang='grc' dir='ltr'><strong>τῶν</strong></span> 
     </span>
    </p>
   </div>
   <div class='ocr_carea' id='block_1_76' title="bbox 1849 4201 3380 4299">
    <p class='ocr_par' dir='ltr' id='par_1_76' title="bbox 1886 4201 3380 4288">
     <span class='ocr_line' id='line_1_76' title="bbox 1886 4201 3380 4288; baseline -0.011 -16"><span class='ocrx_word' id='word_1_480' title='bbox 1886 4218 1975 4272; x_wconf 84' lang='grc'><strong>50.</strong></span> <span class='ocrx_word' id='word_1_481' title='bbox 2009 4215 2256 4288; x_wconf 89' lang='lat' dir='ltr'><strong>Apostoli</strong></span> <span class='ocrx_word' id='word_1_482' title='bbox 2291 4214 2499 4270; x_wconf 90' lang='lat' dir='ltr'><strong>dabunt</strong></span> <span class='ocrx_word' id='word_1_483' title='bbox 2548 4205 2872 4282; x_wconf 83' lang='lat' dir='ltr'><strong>[dabuntur]</strong></span> <span class='ocrx_word' id='word_1_484' title='bbox 2912 4205 2963 4260; x_wconf 84' lang='lat' dir='ltr'><strong>ei</strong></span> <span class='ocrx_word' id='word_1_485' title='bbox 2997 4220 3063 4260; x_wconf 79' lang='lat' dir='ltr'><strong>ex</strong></span> <span class='ocrx_word' id='word_1_486' title='bbox 3101 4211 3258 4274; x_wconf 82' lang='lat' dir='ltr'><strong>gente</strong></span> <span class='ocrx_word' id='word_1_487' title='bbox 3286 4201 3380 4256; x_wconf 85' lang='lat' dir='ltr'><strong>Ju-</strong></span> 
     </span>
    </p>
   </div>
   <div class='ocr_carea' id='block_1_77' title="bbox 141 4311 1672 4378">
    <p class='ocr_par' dir='ltr' id='par_1_77' title="bbox 141 4322 434 4378">
     <span class='ocr_line' id='line_1_77' title="bbox 141 4322 434 4378; baseline -0.014 1"><span class='ocrx_word' id='word_1_488' title='bbox 141 4322 434 4378; x_wconf 78' lang='grc' dir='ltr'>Ἰουδαίων.</span> 
     </span>
    </p>
   </div>
   <div class='ocr_carea' id='block_1_78' title="bbox 545 4311 2076 4378">
    <p class='ocr_par' dir='ltr' id='par_1_78' title="bbox 1812 4311 2076 4367">
     <span class='ocr_line' id='line_1_78' title="bbox 1812 4311 2076 4367; baseline -0.019 0"><span class='ocrx_word' id='word_1_489' title='bbox 1812 4311 2076 4367; x_wconf 83' lang='lat' dir='ltr'><strong>daeorum.</strong></span> 
     </span>
    </p>
   </div>
   <div class='ocr_carea' id='block_1_79' title="bbox 200 4392 1731 4484">
    <p class='ocr_par' dir='ltr' id='par_1_79' title="bbox 200 4408 1338 4484">
     <span class='ocr_line' id='line_1_79' title="bbox 200 4408 1338 4484; baseline -0.005 -16"><span class='ocrx_word' id='word_1_490' title='bbox 200 4414 290 4469; x_wconf 90' lang='grc'><strong>51.</strong></span> <span class='ocrx_word' id='word_1_491' title='bbox 320 4412 639 4477; x_wconf 78' lang='grc' dir='ltr'>Ἀπαύστως</span> <span class='ocrx_word' id='word_1_492' title='bbox 672 4430 739 4484; x_wconf 89' lang='grc' dir='ltr'><strong>κη</strong></span> <span class='ocrx_word' id='word_1_493' title='bbox 748 4411 964 4483; x_wconf 85' lang='grc' dir='ltr'>ρύξουσι</span> <span class='ocrx_word' id='word_1_494' title='bbox 989 4412 1117 4483; x_wconf 67' lang='grc' dir='ltr'><strong>περ)⁴</strong></span> <span class='ocrx_word' id='word_1_495' title='bbox 1139 4408 1303 4463; x_wconf 77' lang='grc' dir='ltr'>αὐτοῦ</span> <span class='ocrx_word' id='word_1_496' title='bbox 1323 4447 1338 4462; x_wconf 94' lang='grc'>.</span> 
     </span>
    </p>
   </div>
   <div class='ocr_carea' id='block_1_80' title="bbox 1427 4392 2958 4484">
    <p class='ocr_par' dir='ltr' id='par_1_80' title="bbox 1884 4392 2958 4464">
     <span class='ocr_line' id='line_1_80' title="bbox 1884 4392 2958 4464; baseline -0.011 -7"><span class='ocrx_word' id='word_1_497' title='bbox 1884 4404 1973 4457; x_wconf 87' lang='grc'><strong>51.</strong></span> <span class='ocrx_word' id='word_1_498' title='bbox 2010 4404 2355 4456; x_wconf 88' lang='lat' dir='ltr'><strong>Incessanter</strong></span> <span class='ocrx_word' id='word_1_499' title='bbox 2383 4398 2450 4451; x_wconf 91' lang='lat' dir='ltr'><strong>de</strong></span> <span class='ocrx_word' id='word_1_500' title='bbox 2471 4410 2535 4450; x_wconf 88' lang='lat' dir='ltr'><strong>eo</strong></span> <span class='ocrx_word' id='word_1_501' title='bbox 2564 4392 2958 4464; x_wconf 73' lang='lat' dir='ltr'><strong>praedicabunt.</strong></span> 
     </span>
    </p>
   </div>
   <div class='ocr_carea' id='block_1_81' title="bbox 203 4485 1734 4566">
    <p class='ocr_par' dir='ltr' id='par_1_81' title="bbox 203 4500 1272 4566">
     <span class='ocr_line' id='line_1_81' title="bbox 203 4500 1272 4566; baseline -0.005 -9"><span class='ocrx_word' id='word_1_502' title='bbox 203 4504 294 4557; x_wconf 89' lang='lat'><strong>52.</strong></span> <span class='ocrx_word' id='word_1_503' title='bbox 328 4503 713 4566; x_wconf 80' lang='grc' dir='ltr'>Ἀδιαλείπτως</span> <span class='ocrx_word' id='word_1_504' title='bbox 739 4501 1054 4566; x_wconf 81' lang='grc' dir='ltr'>δοξάσουσιν</span> <span class='ocrx_word' id='word_1_505' title='bbox 1085 4500 1272 4554; x_wconf 67' lang='grc' dir='ltr'>αὐτόν.</span> 
     </span>
    </p>
   </div>
   <div class='ocr_carea' id='block_1_82' title="bbox 1482 4485 3013 4566">
    <p class='ocr_par' dir='ltr' id='par_1_82' title="bbox 1734 4485 3013 4560">
     <span class='ocr_line' id='line_1_82' title="bbox 1734 4485 3013 4560; baseline -0.014 -7"><span class='ocrx_word' id='word_1_506' title='bbox 1734 4499 1782 4553; x_wconf 90' lang='lat' dir='ltr'><strong>D</strong></span> <span class='ocrx_word' id='word_1_507' title='bbox 1883 4496 1971 4551; x_wconf 88' lang='grc'><strong>52.</strong></span> <span class='ocrx_word' id='word_1_508' title='bbox 2007 4493 2386 4548; x_wconf 89' lang='lat' dir='ltr'><strong>lndesinenter</strong></span> <span class='ocrx_word' id='word_1_509' title='bbox 2407 4490 2581 4560; x_wconf 90' lang='lat' dir='ltr'><strong>ipsum</strong></span> <span class='ocrx_word' id='word_1_510' title='bbox 2613 4485 3013 4558; x_wconf 82' lang='lat' dir='ltr'><strong>gloriﬁcabunt.</strong></span> 
     </span>
    </p>
   </div>
   <div class='ocr_carea' id='block_1_83' title="bbox 198 4577 1729 4664">
    <p class='ocr_par' dir='ltr' id='par_1_83' title="bbox 198 4586 1698 4664">
     <span class='ocr_line' id='line_1_83' title="bbox 198 4586 1698 4664; baseline -0.005 -14"><span class='ocrx_word' id='word_1_511' title='bbox 198 4596 289 4650; x_wconf 86' lang='lat'><strong>55.</strong></span> <span class='ocrx_word' id='word_1_512' title='bbox 323 4596 515 4647; x_wconf 87' lang='grc' dir='ltr'>Ἔσται</span> <span class='ocrx_word' id='word_1_513' title='bbox 556 4593 845 4664; x_wconf 75' lang='grc' dir='ltr'>βεϐαίωσις</span> <span class='ocrx_word' id='word_1_514' title='bbox 871 4593 978 4646; x_wconf 83' lang='grc' dir='ltr'><strong>τῶν</strong></span> <span class='ocrx_word' id='word_1_515' title='bbox 1012 4591 1365 4664; x_wconf 80' lang='grc' dir='ltr'>προφητικῶν</span> <span class='ocrx_word' id='word_1_516' title='bbox 1396 4589 1571 4658; x_wconf 82' lang='grc' dir='ltr'>λόγων</span> <span class='ocrx_word' id='word_1_517' title='bbox 1618 4586 1698 4662; x_wconf 84' lang='grc'><strong>(6)</strong></span> 
     </span>
    </p>
   </div>
   <div class='ocr_carea' id='block_1_84' title="bbox 1843 4577 3374 4664">
    <p class='ocr_par' dir='ltr' id='par_1_84' title="bbox 1883 4577 3374 4648">
     <span class='ocr_line' id='line_1_84' title="bbox 1883 4577 3374 4648; baseline -0.014 -6"><span class='ocrx_word' id='word_1_518' title='bbox 1883 4588 1972 4642; x_wconf 86' lang='grc'><strong>55.</strong></span> <span class='ocrx_word' id='word_1_519' title='bbox 2004 4584 2121 4637; x_wconf 90' lang='lat' dir='ltr'><strong>Erit</strong></span> <span class='ocrx_word' id='word_1_520' title='bbox 2167 4581 2508 4636; x_wconf 83' lang='lat' dir='ltr'><strong>conﬁrmatio</strong></span> <span class='ocrx_word' id='word_1_521' title='bbox 2555 4577 2997 4648; x_wconf 86' lang='lat' dir='ltr'><strong>propheticorum</strong></span> <span class='ocrx_word' id='word_1_522' title='bbox 3061 4584 3374 4627; x_wconf 89' lang='lat' dir='ltr'><strong>sermonum</strong></span> 
     </span>
    </p>
   </div>
   <div class='ocr_carea' id='block_1_85' title="bbox 124 4674 1655 4755">
    <p class='ocr_par' dir='ltr' id='par_1_85' title="bbox 124 4683 964 4755">
     <span class='ocr_line' id='line_1_85' title="bbox 124 4683 964 4755; baseline -0.002 -17"><span class='ocrx_word' id='word_1_523' title='bbox 124 4686 190 4739; x_wconf 84' lang='grc' dir='ltr'><strong>τὸ</strong></span> <span class='ocrx_word' id='word_1_524' title='bbox 216 4686 479 4755; x_wconf 85' lang='grc' dir='ltr'>κήρυγμα</span> <span class='ocrx_word' id='word_1_525' title='bbox 499 4684 607 4738; x_wconf 90' lang='grc' dir='ltr'><strong>τῶν</strong></span> <span class='ocrx_word' id='word_1_526' title='bbox 628 4683 964 4737; x_wconf 85' lang='grc' dir='ltr'>ἀποστόλων.</span> 
     </span>
    </p>
   </div>
   <div class='ocr_carea' id='block_1_86' title="bbox 1012 4674 2543 4755">
    <p class='ocr_par' dir='ltr' id='par_1_86' title="bbox 1810 4674 2543 4749">
     <span class='ocr_line' id='line_1_86' title="bbox 1810 4674 2543 4749; baseline -0.01 -17"><span class='ocrx_word' id='word_1_527' title='bbox 1810 4676 2123 4749; x_wconf 73' lang='lat' dir='ltr'><strong>praedicatio</strong></span> <span class='ocrx_word' id='word_1_528' title='bbox 2152 4674 2543 4744; x_wconf 87' lang='lat' dir='ltr'><strong>apostolorum.</strong></span> 
     </span>
    </p>
   </div>
   <div class='ocr_carea' id='block_1_87' title="bbox 191 4756 1722 4846">
    <p class='ocr_par' dir='ltr' id='par_1_87' title="bbox 191 4766 1701 4846">
     <span class='ocr_line' id='line_1_87' title="bbox 191 4766 1701 4846; baseline -0.006 -16"><span class='ocrx_word' id='word_1_529' title='bbox 191 4777 284 4832; x_wconf 71' lang='grc'><strong>54.</strong></span> <span class='ocrx_word' id='word_1_530' title='bbox 322 4777 381 4829; x_wconf 88' lang='grc' dir='ltr'>Ὁ</span> <span class='ocrx_word' id='word_1_531' title='bbox 408 4776 533 4840; x_wconf 80' lang='grc' dir='ltr'>λαὸς</span> <span class='ocrx_word' id='word_1_532' title='bbox 553 4776 582 4827; x_wconf 88' lang='grc' dir='ltr'><strong>ό</strong></span> <span class='ocrx_word' id='word_1_533' title='bbox 611 4775 800 4837; x_wconf 85' lang='grc' dir='ltr'>πιστὸς</span> <span class='ocrx_word' id='word_1_534' title='bbox 832 4774 970 4846; x_wconf 81' lang='grc' dir='ltr'>ὑπὲρ</span> <span class='ocrx_word' id='word_1_535' title='bbox 998 4773 1087 4827; x_wconf 81' lang='grc' dir='ltr'><strong>τὸν</strong></span> <span class='ocrx_word' id='word_1_536' title='bbox 1112 4771 1240 4824; x_wconf 83' lang='grc' dir='ltr'>λαὸν</span> <span class='ocrx_word' id='word_1_537' title='bbox 1260 4771 1368 4824; x_wconf 85' lang='grc' dir='ltr'><strong>τῶν</strong></span> <span class='ocrx_word' id='word_1_538' title='bbox 1402 4766 1701 4821; x_wconf 82' lang='grc' dir='ltr'>Ἰουδαίων.</span> 
     </span>
    </p>
   </div>
   <div class='ocr_carea' id='block_1_88' title="bbox 1751 4756 3282 4846">
    <p class='ocr_par' dir='ltr' id='par_1_88' title="bbox 1882 4756 3282 4836">
     <span class='ocr_line' id='line_1_88' title="bbox 1882 4756 3282 4836; baseline -0.011 -14"><span class='ocrx_word' id='word_1_539' title='bbox 1882 4769 1971 4823; x_wconf 75' lang='grc'><strong>54.</strong></span> <span class='ocrx_word' id='word_1_540' title='bbox 2003 4766 2243 4836; x_wconf 89' lang='lat' dir='ltr'><strong>Populus</strong></span> <span class='ocrx_word' id='word_1_541' title='bbox 2268 4764 2439 4818; x_wconf 84' lang='lat' dir='ltr'><strong>ﬁdelis</strong></span> <span class='ocrx_word' id='word_1_542' title='bbox 2472 4776 2637 4831; x_wconf 89' lang='lat' dir='ltr'><strong>super</strong></span> <span class='ocrx_word' id='word_1_543' title='bbox 2669 4773 2927 4830; x_wconf 75' lang='lat' dir='ltr'><strong>populum</strong></span> <span class='ocrx_word' id='word_1_544' title='bbox 2948 4756 3282 4811; x_wconf 62' lang='lat' dir='ltr'><strong>Iudaeorum.</strong></span> 
     </span>
    </p>
   </div>
   <div class='ocr_carea' id='block_1_89' title="bbox 194 4848 1725 4939">
    <p class='ocr_par' dir='ltr' id='par_1_89' title="bbox 194 4859 1695 4939">
     <span class='ocr_line' id='line_1_89' title="bbox 194 4859 1695 4939; baseline -0.008 -15"><span class='ocrx_word' id='word_1_545' title='bbox 194 4869 287 4924; x_wconf 81' lang='grc'><strong>55.</strong></span> <span class='ocrx_word' id='word_1_546' title='bbox 320 4866 424 4920; x_wconf 84' lang='grc' dir='ltr'>Καὶ</span> <span class='ocrx_word' id='word_1_547' title='bbox 455 4867 530 4939; x_wconf 83' lang='lat'><strong>(7)</strong></span> <span class='ocrx_word' id='word_1_548' title='bbox 564 4866 932 4937; x_wconf 72' lang='grc' dir='ltr'>ἐκλάμψουσιν</span> <span class='ocrx_word' id='word_1_549' title='bbox 981 4867 1037 4919; x_wconf 85' lang='grc' dir='ltr'>ἐν</span> <span class='ocrx_word' id='word_1_550' title='bbox 1070 4867 1136 4936; x_wconf 84' lang='grc' dir='ltr'>τῇ</span> <span class='ocrx_word' id='word_1_551' title='bbox 1166 4863 1278 4917; x_wconf 82' lang='grc' dir='ltr'><strong>ἄνω</strong></span> <span class='ocrx_word' id='word_1_552' title='bbox 1317 4859 1695 4932; x_wconf 85' lang='grc' dir='ltr'>Ἰερουσαλήμ.</span> 
     </span>
    </p>
   </div>
   <div class='ocr_carea' id='block_1_90' title="bbox 1606 4848 3137 4939">
    <p class='ocr_par' dir='ltr' id='par_1_90' title="bbox 1606 4848 3137 4930">
     <span class='ocr_line' id='line_1_90' title="bbox 1606 4848 3137 4930; baseline -0.007 -18"><span class='ocrx_word' id='word_1_553' title='bbox 1606 4859 1695 4930; x_wconf 56' lang='lat' dir='ltr'><strong>hit.</strong></span> <span class='ocrx_word' id='word_1_554' title='bbox 1880 4862 1970 4916; x_wconf 87' lang='lat'><strong>55.</strong></span> <span class='ocrx_word' id='word_1_555' title='bbox 2004 4858 2071 4912; x_wconf 89' lang='lat' dir='ltr'><strong>Et</strong></span> <span class='ocrx_word' id='word_1_556' title='bbox 2103 4856 2436 4927; x_wconf 70' lang='lat' dir='ltr'><strong>aﬂ‘ulgebunt</strong></span> <span class='ocrx_word' id='word_1_557' title='bbox 2467 4856 2521 4908; x_wconf 91' lang='lat' dir='ltr'><strong>in</strong></span> <span class='ocrx_word' id='word_1_558' title='bbox 2557 4866 2791 4922; x_wconf 88' lang='lat' dir='ltr'><strong>superna</strong></span> <span class='ocrx_word' id='word_1_559' title='bbox 2815 4848 3137 4904; x_wconf 87' lang='lat' dir='ltr'><strong>Jerusalem.</strong></span> 
     </span>
    </p>
   </div>
   <div class='ocr_carea' id='block_1_91' title="bbox 197 4945 1728 5027">
    <p class='ocr_par' dir='ltr' id='par_1_91' title="bbox 197 4956 1223 5027">
     <span class='ocr_line' id='line_1_91' title="bbox 197 4956 1223 5027; baseline -0.006 -13"><span class='ocrx_word' id='word_1_560' title='bbox 197 4958 288 5016; x_wconf 84' lang='lat'><strong>56.</strong></span> <span class='ocrx_word' id='word_1_561' title='bbox 310 4960 405 5022; x_wconf 84' lang='grc' dir='ltr'><strong>Είς</strong></span> <span class='ocrx_word' id='word_1_562' title='bbox 424 4960 550 5023; x_wconf 80' lang='grc' dir='ltr'>τοὺς</span> <span class='ocrx_word' id='word_1_563' title='bbox 577 4959 966 5027; x_wconf 71' lang='grc' dir='ltr'>ἀτελευτήτους</span> <span class='ocrx_word' id='word_1_564' title='bbox 996 4956 1223 5019; x_wconf 81' lang='grc' dir='ltr'>αἰῶνας.</span> 
     </span>
    </p>
   </div>
   <div class='ocr_carea' id='block_1_92' title="bbox 1022 4945 2553 5027">
    <p class='ocr_par' dir='ltr' id='par_1_92' title="bbox 1022 4945 2553 5019">
     <span class='ocr_line' id='line_1_92' title="bbox 1022 4945 2553 5019; baseline -0.006 -12"><span class='ocrx_word' id='word_1_565' title='bbox 1022 4956 1223 5019; x_wconf 77' lang='grc' dir='ltr'>ιίῶνας.</span> <span class='ocrx_word' id='word_1_566' title='bbox 1882 4950 1971 5004; x_wconf 89' lang='grc'><strong>56.</strong></span> <span class='ocrx_word' id='word_1_567' title='bbox 2006 4947 2062 5002; x_wconf 86' lang='lat' dir='ltr'><strong>In</strong></span> <span class='ocrx_word' id='word_1_568' title='bbox 2093 4947 2303 5001; x_wconf 85' lang='lat' dir='ltr'><strong>inﬁnita</strong></span> <span class='ocrx_word' id='word_1_569' title='bbox 2336 4945 2553 5001; x_wconf 69' lang='lat' dir='ltr'><strong>saecula.</strong></span> 
     </span>
    </p>
   </div>
   <div class='ocr_carea' id='block_1_93' title="bbox 194 5034 1725 5120">
    <p class='ocr_par' dir='ltr' id='par_1_93' title="bbox 194 5048 1131 5120">
     <span class='ocr_line' id='line_1_93' title="bbox 194 5048 1131 5120; baseline 0.001 -18"><span class='ocrx_word' id='word_1_570' title='bbox 194 5050 285 5103; x_wconf 87' lang='lat'><strong>57.</strong></span> <span class='ocrx_word' id='word_1_571' title='bbox 313 5049 588 5120; x_wconf 85' lang='grc' dir='ltr'>Ἀνόιρχως</span> <span class='ocrx_word' id='word_1_572' title='bbox 610 5049 705 5101; x_wconf 77' lang='grc' dir='ltr'><strong>καὶ</strong></span> <span class='ocrx_word' id='word_1_573' title='bbox 733 5048 1131 5118; x_wconf 83' lang='grc' dir='ltr'>ἀπερινοήτως.</span> 
     </span>
    </p>
   </div>
   <div class='ocr_carea' id='block_1_94' title="bbox 1667 5034 3198 5120">
    <p class='ocr_par' dir='ltr' id='par_1_94' title="bbox 1876 5034 3198 5110">
     <span class='ocr_line' id='line_1_94' title="bbox 1876 5034 3198 5110; baseline -0.007 -13"><span class='ocrx_word' id='word_1_574' title='bbox 1876 5043 1964 5097; x_wconf 85' lang='grc'><strong>57.</strong></span> <span class='ocrx_word' id='word_1_575' title='bbox 2000 5040 2130 5095; x_wconf 92' lang='lat' dir='ltr'><strong>Sine</strong></span> <span class='ocrx_word' id='word_1_576' title='bbox 2157 5039 2445 5110; x_wconf 86' lang='lat' dir='ltr'><strong>principio,</strong></span> <span class='ocrx_word' id='word_1_577' title='bbox 2475 5050 2529 5092; x_wconf 92' lang='lat' dir='ltr'><strong>et</strong></span> <span class='ocrx_word' id='word_1_578' title='bbox 2559 5034 3198 5107; x_wconf 86' lang='lat' dir='ltr'><strong>incomprehensibiliter.</strong></span> 
     </span>
    </p>
   </div>
   <div class='ocr_carea' id='block_1_95' title="bbox 198 5125 1729 5210">
    <p class='ocr_par' dir='ltr' id='par_1_95' title="bbox 198 5134 1703 5210">
     <span class='ocr_line' id='line_1_95' title="bbox 198 5134 1703 5210; baseline -0.008 -15"><span class='ocrx_word' id='word_1_579' title='bbox 198 5140 290 5195; x_wconf 88' lang='lat'><strong>58.</strong></span> <span class='ocrx_word' id='word_1_580' title='bbox 321 5142 411 5193; x_wconf 83' lang='lat' dir='ltr'><strong>‘Ev</strong></span> <span class='ocrx_word' id='word_1_581' title='bbox 447 5142 526 5210; x_wconf 78' lang='grc' dir='ltr'>τῷ</span> <span class='ocrx_word' id='word_1_582' title='bbox 559 5140 781 5209; x_wconf 83' lang='grc' dir='ltr'>ὀνόματι</span> <span class='ocrx_word' id='word_1_583' title='bbox 822 5138 986 5193; x_wconf 79' lang='grc' dir='ltr'>αὑτοῦ</span> <span class='ocrx_word' id='word_1_584' title='bbox 1033 5137 1459 5209; x_wconf 86' lang='grc' dir='ltr'>ἀγιασθήσονται</span> <span class='ocrx_word' id='word_1_585' title='bbox 1520 5134 1569 5186; x_wconf 82' lang='grc' dir='ltr'>οἱ</span> <span class='ocrx_word' id='word_1_586' title='bbox 1616 5149 1703 5185; x_wconf 77' lang='lat' dir='ltr'><strong>m-</strong></span> 
     </span>
    </p>
   </div>
   <div class='ocr_carea' id='block_1_96' title="bbox 1846 5125 3377 5210">
    <p class='ocr_par' dir='ltr' id='par_1_96' title="bbox 1883 5125 3377 5200">
     <span class='ocr_line' id='line_1_96' title="bbox 1883 5125 3377 5200; baseline -0.005 -13"><span class='ocrx_word' id='word_1_587' title='bbox 1883 5132 1974 5187; x_wconf 86' lang='lat'><strong>58.</strong></span> <span class='ocrx_word' id='word_1_588' title='bbox 2004 5130 2060 5185; x_wconf 90' lang='lat' dir='ltr'><strong>ln</strong></span> <span class='ocrx_word' id='word_1_589' title='bbox 2096 5130 2317 5185; x_wconf 89' lang='lat' dir='ltr'><strong>nomine</strong></span> <span class='ocrx_word' id='word_1_590' title='bbox 2336 5130 2456 5200; x_wconf 88' lang='lat' dir='ltr'><strong>ejus</strong></span> <span class='ocrx_word' id='word_1_591' title='bbox 2474 5130 2755 5186; x_wconf 87' lang='lat' dir='ltr'><strong>credentes</strong></span> <span class='ocrx_word' id='word_1_592' title='bbox 2784 5129 2838 5183; x_wconf 92' lang='lat' dir='ltr'><strong>in</strong></span> <span class='ocrx_word' id='word_1_593' title='bbox 2865 5127 3043 5198; x_wconf 93' lang='lat' dir='ltr'><strong>ipsum</strong></span> <span class='ocrx_word' id='word_1_594' title='bbox 3070 5125 3377 5181; x_wconf 77' lang='lat' dir='ltr'><strong>sanctiﬁca-</strong></span> 
     </span>
    </p>
   </div>
   <div class='ocr_carea' id='block_1_97' title="bbox 124 5223 1655 5300">
    <p class='ocr_par' dir='ltr' id='par_1_97' title="bbox 124 5228 707 5300">
     <span class='ocr_line' id='line_1_97' title="bbox 124 5228 707 5300; baseline -0.002 -17"><span class='ocrx_word' id='word_1_595' title='bbox 124 5230 408 5293; x_wconf 85' lang='grc' dir='ltr'>στεύοντες</span> <span class='ocrx_word' id='word_1_596' title='bbox 428 5229 503 5300; x_wconf 90' lang='grc'><strong>(8)</strong></span> <span class='ocrx_word' id='word_1_597' title='bbox 536 5228 707 5299; x_wconf 80' lang='grc' dir='ltr'>αὐτῷ.</span> 
     </span>
    </p>
   </div>
   <div class='ocr_carea' id='block_1_98' title="bbox 493 5223 2024 5300">
    <p class='ocr_par' dir='ltr' id='par_1_98' title="bbox 493 5223 2024 5299">
     <span class='ocr_line' id='line_1_98' title="bbox 493 5223 2024 5299; baseline -0.005 -16"><span class='ocrx_word' id='word_1_598' title='bbox 493 5234 503 5292; x_wconf 75' lang='grc'><strong>)</strong></span> <span class='ocrx_word' id='word_1_599' title='bbox 536 5228 707 5299; x_wconf 80' lang='grc' dir='ltr'>αὐτῷ.</span> <span class='ocrx_word' id='word_1_600' title='bbox 1806 5223 2024 5277; x_wconf 84' lang='lat' dir='ltr'><strong>buntur.</strong></span> 
     </span>
    </p>
   </div>
   <div class='ocr_carea' id='block_1_99' title="bbox 1043 5374 2461 5458">
    <p class='ocr_par' dir='ltr' id='par_1_99' title="bbox 1043 5374 2461 5458">
     <span class='ocr_line' id='line_1_99' title="bbox 1043 5374 2461 5458; baseline -0.003 -18"><span class='ocrx_word' id='word_1_601' title='bbox 1043 5379 1349 5441; x_wconf 76' lang='lat' dir='ltr'><strong>Addenda</strong></span> <span class='ocrx_word' id='word_1_602' title='bbox 1395 5387 1457 5441; x_wconf 87' lang='lat' dir='ltr'><strong>et</strong></span> <span class='ocrx_word' id='word_1_603' title='bbox 1498 5376 1877 5458; x_wconf 81' lang='lat' dir='ltr'><strong>corrigenda</strong></span> <span class='ocrx_word' id='word_1_604' title='bbox 1933 5395 2011 5438; x_wconf 76' lang='lat' dir='ltr'><strong>ex</strong></span> <span class='ocrx_word' id='word_1_605' title='bbox 2070 5376 2211 5437; x_wconf 91' lang='lat' dir='ltr'><strong>cod.</strong></span> <span class='ocrx_word' id='word_1_606' title='bbox 2258 5374 2461 5436; x_wconf 85' lang='lat' dir='ltr'><strong>Vatic.</strong></span> 
     </span>
    </p>
   </div>
   <div class='ocr_carea' id='block_1_100' title="bbox 198 5496 1729 5576">
    <p class='ocr_par' dir='ltr' id='par_1_100' title="bbox 198 5496 1391 5576">
     <span class='ocr_line' id='line_1_100' title="bbox 198 5496 1391 5576; baseline -0.003 -19"><span class='ocrx_word' id='word_1_607' title='bbox 198 5504 279 5576; x_wconf 86' lang='grc'><strong>(1)</strong></span> <span class='ocrx_word' id='word_1_608' title='bbox 304 5500 584 5576; x_wconf 47' lang='grc' dir='ltr'>ζιουδαίων</span> <span class='ocrx_word' id='word_1_609' title='bbox 621 5498 949 5564; x_wconf 75' lang='grc' dir='ltr'>ἀποστόλους</span> <span class='ocrx_word' id='word_1_610' title='bbox 978 5496 1241 5566; x_wconf 69' lang='grc' dir='ltr'><strong>Ἀωῇας,</strong></span> <span class='ocrx_word' id='word_1_611' title='bbox 1285 5508 1391 5553; x_wconf 87' lang='lat' dir='ltr'><strong>etc.</strong></span> 
     </span>
    </p>
   </div>
   <div class='ocr_carea' id='block_1_101' title="bbox 841 5496 2372 5576">
    <p class='ocr_par' dir='ltr' id='par_1_101' title="bbox 841 5496 2372 5576">
     <span class='ocr_line' id='line_1_101' title="bbox 841 5496 2372 5576; baseline -0.002 -25"><span class='ocrx_word' id='word_1_612' title='bbox 841 5515 949 5564; x_wconf 69' lang='lat' dir='ltr'><strong>too;</strong></span> <span class='ocrx_word' id='word_1_613' title='bbox 978 5496 1241 5566; x_wconf 56' lang='lat' dir='ltr'><strong>&#39;Amﬁac,</strong></span> <span class='ocrx_word' id='word_1_614' title='bbox 1285 5508 1391 5553; x_wconf 91' lang='lat' dir='ltr'><strong>etc.</strong></span> <span class='ocrx_word' id='word_1_615' title='bbox 1870 5497 1947 5576; x_wconf 62' lang='grc' dir='ltr'><strong>(ξ)</strong></span> <span class='ocrx_word' id='word_1_616' title='bbox 1971 5498 2182 5576; x_wconf 31' lang='grc' dir='ltr'>ζιξιστιις</span> <span class='ocrx_word' id='word_1_617' title='bbox 2204 5497 2372 5551; x_wconf 87' lang='lat' dir='ltr'><strong>deest.</strong></span> 
     </span>
    </p>
   </div>
   <div class='ocr_carea' id='block_1_102' title="bbox 198 5566 2783 5705">
    <p class='ocr_par' dir='ltr' id='par_1_102' title="bbox 198 5566 2783 5705">
     <span class='ocr_line' id='line_1_102' title="bbox 198 5566 2783 5705; baseline -0.003 -78"><span class='ocrx_word' id='word_1_618' title='bbox 198 5566 276 5705; x_wconf 59' lang='lat'><strong>(2)</strong></span> <span class='ocrx_word' id='word_1_619' title='bbox 304 5572 416 5641; x_wconf 85' lang='grc' dir='ltr'><strong>Γὰρ</strong></span> <span class='ocrx_word' id='word_1_620' title='bbox 455 5572 567 5657; x_wconf 70' lang='grc' dir='ltr'>ὑπ’.</span> <span class='ocrx_word' id='word_1_621' title='bbox 1864 5567 1943 5637; x_wconf 83' lang='lat'><strong>(6)</strong></span> <span class='ocrx_word' id='word_1_622' title='bbox 1971 5567 2084 5619; x_wconf 67' lang='lat' dir='ltr'><strong>Tth</strong></span> <span class='ocrx_word' id='word_1_623' title='bbox 2124 5566 2298 5634; x_wconf 84' lang='grc' dir='ltr'>λόγων</span> <span class='ocrx_word' id='word_1_624' title='bbox 2332 5566 2438 5619; x_wconf 88' lang='grc' dir='ltr'><strong>τῶν</strong></span> <span class='ocrx_word' id='word_1_625' title='bbox 2469 5566 2783 5638; x_wconf 81' lang='grc' dir='ltr'>προφητῶν.</span> 
     </span>
     <span class='ocr_line' id='line_1_103' title="bbox 220 5637 2278 5705; baseline -0.003 -10"><span class='ocrx_word' id='word_1_626' title='bbox 220 5645 275 5705; x_wconf 85' lang='grc'><strong>5)</strong></span> <span class='ocrx_word' id='word_1_627' title='bbox 312 5643 563 5705; x_wconf 87' lang='grc' dir='ltr'>Πιστους.</span> <span class='ocrx_word' id='word_1_628' title='bbox 1873 5638 1949 5705; x_wconf 93' lang='lat'><strong>(7)</strong></span> <span class='ocrx_word' id='word_1_629' title='bbox 1971 5638 2083 5689; x_wconf 81' lang='lat' dir='ltr'><strong>Kal</strong></span> <span class='ocrx_word' id='word_1_630' title='bbox 2110 5637 2278 5691; x_wconf 85' lang='lat' dir='ltr'><strong>deest.</strong></span> 
     </span>
    </p>
   </div>
   <div class='ocr_carea' id='block_1_103' title="bbox 220 5637 1751 5714">
    <p class='ocr_par' dir='ltr' id='par_1_103' title="bbox 220 5637 563 5714">
     <span class='ocr_line' id='line_1_104' title="bbox 220 5637 563 5714; baseline 0 -19"><span class='ocrx_word' id='word_1_631' title='bbox 220 5637 275 5714; x_wconf 78' lang='grc'><strong>5)</strong></span> <span class='ocrx_word' id='word_1_632' title='bbox 312 5637 563 5714; x_wconf 74' lang='grc' dir='ltr'>Πιστούς.</span> 
     </span>
    </p>
   </div>
   <div class='ocr_carea' id='block_1_104' title="bbox 746 5637 2277 5714">
    <p class='ocr_par' dir='ltr' id='par_1_104' title="bbox 1873 5637 2277 5714">
     <span class='ocr_line' id='line_1_105' title="bbox 1873 5637 2277 5714; baseline 0 -25"><span class='ocrx_word' id='word_1_633' title='bbox 1873 5638 1949 5714; x_wconf 21' lang='grc'><strong>(17)</strong></span> <span class='ocrx_word' id='word_1_634' title='bbox 1971 5638 2083 5714; x_wconf 48' lang='grc' dir='ltr'>Ις-αί</span> <span class='ocrx_word' id='word_1_635' title='bbox 2110 5637 2277 5714; x_wconf 76' lang='lat' dir='ltr'><strong>deest.</strong></span> 
     </span>
    </p>
   </div>
   <div class='ocr_carea' id='block_1_105' title="bbox 201 5705 2404 5787">
    <p class='ocr_par' dir='ltr' id='par_1_105' title="bbox 201 5705 2404 5787">
     <span class='ocr_line' id='line_1_106' title="bbox 201 5705 2404 5787; baseline -0.003 -20"><span class='ocrx_word' id='word_1_636' title='bbox 201 5705 279 5787; x_wconf 68' lang='lat'><strong>(4)</strong></span> <span class='ocrx_word' id='word_1_637' title='bbox 302 5712 464 5766; x_wconf 81' lang='grc' dir='ltr'>Λαόν.</span> <span class='ocrx_word' id='word_1_638' title='bbox 1880 5705 1956 5777; x_wconf 87' lang='lat'><strong>(8)</strong></span> <span class='ocrx_word' id='word_1_639' title='bbox 1991 5705 2404 5770; x_wconf 85' lang='grc' dir='ltr'>Πιστεύσαντες.</span> 
     </span>
    </p>
   </div>
  </div>
