1938 3110
27 203 95 231 915

75 262 105 288 6.
127 261 182 288 Kal
198 261 342 298 στερέωμα
354 262 383 288 ὲν
398 263 431 297 τῇ
447 262 560 297 μάστιγι
571 262 671 289 αὐτῶν.

77 306 105 333 7.
126 307 170 333 Ἐν
188 307 285 338 κόποις
297 305 449 341 ἀνθρώπων
462 307 512 333 οὐκ
522 307 575 334 είσί
585 315 591 322 ·

78 351 107 380 8.
127 352 183 379 Kal
198 352 267 387 μετὰ
282 352 435 387 ἀνθρώπων
451 352 482 379 οὐ
501 353 766 388 μαπιγωθὴσονται.

81 399 109 425 9.
127 398 178 425 Διὰ
192 399 272 425 τοῦτο
290 400 441 435 ἐκράτησεν
451 400 551 431 αὐτοὺς
569 401 586 435 ἡ
605 399 778 435 ὑπερηφανία
791 400 838 426 αὒ-
857 424 863 431 ,

32 441 99 468 τῶν
113 443 153 474 εἰς
167 442 242 474 τέλος
257 443 306 476 (ιι)-

81 486 128 513 10.
146 487 345 522 Περιεδάλοντο
357 488 465 515 ἀδικίαν
478 488 525 515 καὶ
541 489 668 515 ἀσέεειαν
683 489 798 517 ἑαυτῶν.

81 532 128 560 11.
155 533 341 565 Ἐξελεύσεται
353 533 390 565 ὠς
403 535 434 559 ἐκ
450 534 587 570 στέατοςή
608 534 700 561 ἀδικία
709 534 809 561 αὐτῶν·

84 577 131 605 12.
147 578 296 614 Διήλθοσαν
310 580 351 610 εἰς
365 579 485 606 διάθεσιν
501 580 625 616 καρδίας.

82 622 128 650 15.
145 624 338 660 Διενοήθήσαν,
355 625 402 651 καὶ
416 625 550 660 ἐλάλησαν
563 627 592 652 ἐν
605 627 732 663 πονηρίᾳ·

82 668 128 696 11.
149 669 267 696 Ἀδικίαν
285 671 325 702 είς
337 671 368 697 τὸ
380 671 447 705 ὕψος
462 671 605 707 ἐλάλησαν.

83 715 129 743 15.
148 716 260 743 Ἕθεντο
272 718 312 748 εἰς
325 717 440 752 οὐρανὸν
457 718 487 744 τὸ
500 718 587 754 στόμα
601 719 691 745 αὐτῶν
708 727 715 734 ·

85 761 131 789 16.
146 763 200 789 Kal
214 765 230 799 ἡ
246 763 357 798 γλῶσσα
374 764 463 790 αὐτῶν
473 764 581 799 διῆλθεν
599 766 645 791 ἐπὶ
660 767 709 801 τῆς
724 766 785 801 γῆς.

85 807 130 834 17.
150 808 198 834 Διὰ
210 809 289 835 τοῦτο
305 810 463 845 ἐπιστρέψει
477 811 491 836 ό
507 810 570 842 λαός
585 820 636 846 μου
654 811 785 838 ἐνταῦθα’

85 854 132 882 18.
150 855 203 881 Kal
219 856 322 891 ἡμέραι
334 856 447 893 πλήρεις
462 857 655 893 εὑρεθήσονται
671 859 700 884 ἐν
712 859 813 891 αὐτοῖς.

84 901 130 928 19.
148 902 202 928 Kal
217 900 309 929 εἷπον·
330 903 391 935 Πῶς
406 903 477 938 ἔγνω
493 904 507 929 ὁ
523 904 606 937 Θεός;

83 947 131 975 20.
149 948 204 974 Kal
219 950 243 975 al
261 948 319 976 ἔστι
336 949 436 984 γνῶσις
452 951 481 976 ὲν
495 949 534 985 τῷ
555 950 686 986 ’Υψίστῳς

81 993 131 1022 21.
155 995 221 1021 Ἰδοὺ
238 991 311 1022 οὗτοι
324 996 348 1022 οἱ
365 996 523 1032 ἁμαρτωλοὶ
540 997 588 1024 καὶ
605 997 784 1033 εὑθηνοῦντες

84 1041 133 1069 22.
149 1042 195 1074 Είς
208 1042 253 1069 τὸν
264 1043 350 1069 αἰῶνα
363 1044 495 1079 κατέσχον
511 1044 639 1071 πλούτου.

82 1089 130 1116 25.
151 1089 204 1116 Kal
218 1087 284 1116 εἶπα
295 1098 301 1105 ’
317 1087 390 1125 Ἀρα
408 1080 532 1125 ματαίως
546 1090 694 1119 ἐδικαίωσα
714 1091 764 1128 τὴν
776 1100 840 1127 καρ-

41 1135 108 1162 δίαν
124 1144 175 1171 μου
184 1144 192 1168 ς

83 1197 124 1232 (α)
142 1196 247 1224 Αὐτῶν
253 1199 296 1230 είς
304 1198 391 1230 τέλος
402 1199 509 1226 desum.

479 202 523 229 DE
546 201 689 230 Tl'lllLlS
710 201 936 230 PSALMOBISM.
960 217 989 221 -
1011 201 1107 229 PSAL.
1129 200 1236 228 LXXII.

854 263 877 291 Δ
927 261 953 288 6.
971 260 1004 288 Et
1019 261 1220 288 ﬁrmamentum
1239 259 1265 286 in
1282 259 1358 294 plaga
1372 265 1478 286 eorum.

1626 198 1680 229 9.13

933 308 959 334 7.
975 307 1004 334 In
1017 307 1157 334 laboribus
1176 307 1322 335 hominum
1337 314 1391 333 non
1406 310 1467 333 sunt
1485 315 1491 333 τ

929 354 955 381 8.
971 353 1004 379 Et
1018 361 1079 381 cum
1094 353 1251 381 hominibus
1265 361 1319 380 non
1333 352 1550 388 ﬂagellabuntur.

931 399 957 426 9.
974 398 1037 426 Ideo
1053 399 1140 426 tenuit
1151 406 1199 426 eos
1214 398 1340 427 superbia
1355 406 1450 425 eorum
1466 398 1493 425 in
1509 397 1609 425 ﬁnem:

931 490 975 516 10.
989 488 1079 524 Operti
1095 493 1159 516 sunt
1180 489 1324 523 iniquitate
1338 493 1365 515 et
1379 488 1517 523 impietate
1532 495 1593 515 sua.

930 536 974 562 11.
997 535 1118 563 Prodibit
1131 535 1209 569 quasi
1220 543 1252 562 ex
1269 535 1347 569 adipe
1364 535 1495 569 iniquitas
1507 541 1602 561 eorum
1620 540 1630 562 :

930 583 973 609 12.
991 582 1171 609 Transierunt
1187 582 1214 608 in
1226 581 1351 608 allectum
1368 580 1470 607 cordis.

930 629 974 655 15.
991 628 1193 663 Cogitaverunt,
1210 632 1237 654 et
1253 628 1336 655 locuti
1351 631 1415 654 sunt
1429 627 1455 653 in
1469 626 1590 661 nequitia
1606 632 1616 654 :

930 675 972 702 1-1.
988 675 1158 709 lniquitatem
1173 674 1201 700 in
1225 673 1333 701 excelso
1349 673 1431 700 locuti
1449 677 1523 699 sunt.

931 721 975 748 15.
994 720 1148 748 Posuerunt
1164 721 1191 747 in
1205 720 1304 747 uelum
1318 727 1349 746 os
1361 727 1440 746 suum
1456 728 1462 745 :

929 766 972 794 16.
985 766 1018 794 Et
1031 767 1122 802 lingua
1135 773 1229 794 eorum
1241 765 1367 793 transivit
1383 765 1409 791 in
1423 768 1506 791 terra.

930 813 974 842 17.
989 813 1053 840 ldco
1067 817 1239 840 convertetur
1254 811 1370 846 populus
1385 818 1462 838 meus
1475 810 1520 837 hic
1535 819 1542 837 ε

932 860 975 887 18.
991 859 1024 886 Ει
1039 859 1098 887 dies
1115 858 1188 893 pleni
1205 858 1376 885 invenientur
1393 858 1422 884 in
1441 857 1491 884 eis.

929 906 974 935 19.
991 905 1023 933 Et
1034 906 1179 933 dixerunt:
1197 905 1340 939 Quomodo
1356 905 1436 932 scivit
1449 902 1543 930 Deus?

930 953 976 980 20.
995 953 1028 981 Ει
1041 953 1064 981 si
1079 958 1120 981 est
1134 954 1247 981 scicntia
1260 953 1287 979 in
1299 951 1413 979 Excelso
1428 951 1439 977 ?

932 1000 978 1027 21.
996 999 1066 1027 Ecce
1081 1000 1133 1034 ipsi
1144 1004 1311 1034 peccatores,
1330 1003 1355 1024 ct
1370 996 1559 1037 abundantes:

933 1046 980 1073 22.
997 1045 1026 1073 In
1044 1046 1144 1073 smculo
1157 1045 1336 1072 obtinuerunt
1348 1044 1467 1071 divitias.

933 1093 979 1121 23.
996 1092 1030 1120 Et
1052 1092 1109 1120 dixi
1138 1102 1144 1120 :

898 1139 1012 1167 meum?

1172 1091 1247 1127 Ergo.
1265 1092 1324 1119 sine
1348 1098 1431 1118 causa
1462 1087 1610 1124 justiticavi
1638 1094 1685 1113 cor

622 1256 811 1285 ATHANASII
831 1256 1123 1284 INTERPRETATIO.

85 1312 116 1341 6.
133 1313 188 1340 Kal
200 1314 359 1348 ἐπιμένουσι
371 1316 403 1350 τῇ
416 1315 538 1351 ἁμαρτίᾳ
551 1316 601 1351 (1).

88 1358 117 1386 7.
134 1359 172 1385 Οὐ
193 1358 348 1394 λογίζονται
365 1360 478 1392 ἑαυτοὺς
492 1361 535 1387 ἵνα
548 1361 586 1393 ὡς
598 1361 713 1394 ἕκαστος
727 1362 780 1389 τῶν
794 1364 843 1389 ἀν-

45 1405 62 1433 θ
66 1404 181 1441 ρώπων.

85 1450 115 1477 8.
128 1451 196 1477 Οὐδὲ
221 1451 262 1478 ὅτι
286 1452 355 1487 μετὰ
376 1452 430 1478 τῶν
453 1452 604 1488 ἀνθρώπων
631 1453 757 1489 μέλλουσι
786 1455 845 1490 κρί-

47 1497 157 1525 νεσθαι.

86 1543 115 1571 9.
128 1543 179 1570 Διὰ
194 1542 272 1570 τοῦτο
283 1544 313 1570 οὐ
332 1545 557 1581 μετεμελήθησαν
569 1546 616 1573 ἐπὶ
630 1548 664 1582 τῇ
678 1547 794 1583 σπάρσει
806 1547 846 1582 (2)

47 1589 104 1625 τῆς
115 1589 230 1624 καρδίας
241 1588 341 1617 αὐτῶν.

86 1634 134 1662 10.
154 1634 220 1665 Ταῖς
237 1633 343 1661 ἑαυτῶν
356 1634 506 1671 ἁμαρτίαις
522 1634 569 1662 καὶ
583 1634 700 1667 ἀδικίαις
717 1636 845 1670 σφίγγον-

47 1691 109 1709 ται.

89 1729 135 1756 11.
150 1730 195 1756 Ἐν
211 1731 244 1765 τῇ
256 1730 349 1766 ἡμέρᾳ
366 1730 416 1765 τῆς
435 1730 553 1765 κρίσεως
570 1728 668 1764 ισχυρὰ
685 1729 702 1764 ἡ
723 1728 846 1764 ἁμαρτία

49 1775 145 1803 αὐτῶν
160 1776 303 1811 ἀναδειχθῇ
319 1776 369 1811 (5).

90 1821 137 1849 12.
152 1822 395 1858 Ἐξηκολούθησαν.

90 1867 137 1895 15.
156 1867 335 1902 Ἐσκὲψαντο,
358 1868 406 1894 καὶ
431 1866 565 1902 ἐλάλησαν
584 1866 693 1902 πονηρὰ
709 1865 780 1893 κατά
799 1865 846 1892 τοῦ

51 1914 133 1941 Θεοῦ.

89 1959 138 1987 1-1.
160 1959 283 1995 Ῥήματα
299 1959 446 1994 βλάσφημα
461 1958 532 1985 κατὰ
558 1957 605 1984 τοῦ
619 1956 719 1993 Κυρίου
734 1956 771 1993 (1)
786 1956 848 1984 ὲλά-

50 2006 150 2034 λπσαν.

89 2016 150 2033 σαν.

68 2016 136 2080 η15.
154 2053 366 2088 Δυσφημοῦντες
381 2051 451 2078 κατὰ
465 2050 512 2078 του
529 2050 607 2077 Θεοῦ.

90 2099 137 2128 16.
156 2100 209 2127 Kal
226 2099 348 2135 ήδιδαχὴ
365 2099 455 2126 αὐτῶν
472 2097 604 2133 κατέσχεν
622 2097 668 2123 ἐπὶ
680 2096 729 2132 τῆς
743 2096 805 2131 γῆς.

92 2146 139 2175 17.
154 2146 204 2173 Διὰ
220 2146 300 2172 τοῦτο
321 2145 366 2172 τὸν
386 2145 449 2172 λαόν
467 2153 516 2178 μου
534 2143 725 2178 ὲπισυναγάγῃ
738 2141 770 2177 [ό
783 2141 847 2173 λαός
863 2162 885 2190 D

56 2201 108 2230 μου
124 2191 380 2227 ὲπισυναγάγηται]
399 2192 427 2217 ὲν
445 2191 483 2226 (5)
506 2188 629 2224 βασιλεία
647 2197 707 2223 μου.

91 2239 137 2266 18.
163 2238 215 2265 Kal
243 2238 319 2266 οὐδὲν
349 2237 485 2264 σκοτεινὸν
508 2236 589 2271 ἔργον
607 2235 635 2261 ἐν
660 2234 764 2266 αὐτοῖς,
782 2233 849 2261 ἀλλὰ

54 2286 102 2314 τοῦ
117 2286 206 2321 φωτὸς
219 2285 327 2312 πάντων
344 2282 471 2321 [πάντα]
498 2281 547 2318 (6).

92 2330 137 2357 19.
157 2330 212 2357 Kal
241 2327 322 2356 εἶπαν
343 2330 368 2357 οἰ
390 2328 514 2359 ἁσεὸεῖς¹
541 2326 628 2354 Πόθεν
658 2323 728 2352 οἶδεν
753 2326 767 2351 ὁ
784 2325 850 2357 Θεός

53 2382 82 2403 τι
97 2374 163 2411 περὶ
180 2374 246 2409 ἐμοῦ
262 2374 300 2408 (7)
315 2383 322 2407 ;

89 2420 136 2448 20.
153 2419 205 2446 Kal
217 2421 240 2447 εξ
256 2420 324 2451 ὅλως
337 2418 395 2445 ἐστὶ
409 2417 519 2454 φροντὶς
535 2426 567 2444 πε
573 2418 599 2453 pl
610 2417 711 2444 τούτων
724 2416 763 2452 τῷ
771 2415 847 2451 Θεῷ;

90 2466 138 2494 21.
152 2467 197 2492 Ἐν
214 2465 253 2500 τῷ
268 2465 364 2500 κόσμῳ
375 2464 554 2500 εὐθήνοῦντες
565 2464 615 2498 (8).

92 2512 140 2540 2‘2.
156 2513 203 2544 Εἰς
215 2512 262 2538 τὸν
272 2511 357 2538 αίῶνα
367 2511 412 2537 τὸν
428 2510 475 2537 νῦν
488 2510 538 2545 (9).

91 2557 138 2585 25.
158 2555 213 2584 Kal
227 2557 394 2592 ἐλογισάμην
404 2556 465 2583 καθ’
482 2555 577 2582 ἑαυτόν
586 2562 593 2570 °
607 2552 681 2591 Ἀρα
694 2555 731 2591 μὴ
745 2556 785 2587 είς
799 2555 850 2590 μά-

12 2621 14 2624 ›
55 2610 108 2639 την
121 2603 172 2629 οὐκ
190 2603 309 2636 ἐξέδωκα
329 2603 370 2635 εἱς
395 2602 442 2629 τὸν
465 2601 580 2629 πλοῦτον
605 2600 652 2628 τοῦ
668 2601 770 2637 κόσμου
786 2601 836 2637 τὴν

56 2650 173 2687 καρδίαν
191 2657 241 2685 μου
251 2657 259 2680 ;

935 1317 967 1345 6.
976 1317 1009 1344 Et
1023 1321 1135 1344 manent
1149 1317 1176 1343 in
1191 1321 1315 1352 peccato.
1462 1331 1464 1334 ν

933 1365 959 1391 7.
977 1364 1037 1391 Non
1053 1364 1228 1392 considerant
1249 1363 1355 1398 seipsos
1365 1362 1448 1390 veluti
1461 1361 1581 1396 reliquos
1597 1357 1687 1387 homi-

899 1419 957 1438 nes.

935 1455 962 1482 8.
977 1454 1070 1490 Neque
1096 1454 1169 1490 quod
1194 1462 1256 1481 cum
1282 1453 1343 1480 aliis
1366 1451 1523 1480 hominibus
1547 1450 1685 1483 iudicandi

899 1505 972 1528 sunt.

935 1545 961 1572 9.
978 1543 1124 1579 Propterea
1139 1551 1187 1570 eos
1199 1550 1253 1570 non
1271 1541 1398 1577 paenituit
1414 1544 1526 1576 propter
1540 1540 1687 1568 elationem

898 1591 990 1619 cordis
1005 1598 1111 1618 eorum.

934 1637 978 1664 10.
994 1636 1226 1671 Constringuntur
1240 1633 1407 1670 peccatis,et
1416 1633 1605 1669 iniquitatibus
1618 1632 1686 1660 suis.

937 1729 980 1756 11.
998 1728 1028 1755 ln
1044 1727 1088 1755 die
1101 1725 1197 1762 iudicii
1214 1732 1295 1760 grave
1310 1723 1469 1753 ostendetur
1482 1731 1577 1752 eorum
1593 1732 1689 1759 pecca-

898 1779 966 1803 tum.

934 1821 979 1848 1‘2.
994 1820 1086 1848 Secuti
1103 1824 1179 1847 sunt.

937 1868 980 1895 15.
993 1867 1256 1902 Consideraverunt,
1270 1873 1297 1896 et
1312 1868 1395 1895 locuti
1410 1871 1474 1895 sunt
1484 1867 1609 1902 improba
1624 1873 1690 1894 con-

898 1918 939 1940 tra
953 1913 1049 1940 Deum.

938 1958 981 1986 1-1.
1000 1957 1088 1985 Verba
1107 1957 1267 1992 blasphema
1289 1957 1374 1984 locuti
1396 1961 1461 1984 sunt
1473 1961 1570 1984 contra
1596 1955 1688 1984 Domi-

899 2012 975 2032 num.

941 2050 984 2077 15.
1001 2048 1206 2075 Murmurantes
1216 2051 1312 2074 contra
1323 2045 1419 2074 Deum.

934 2095 979 2122 16.
998 2093 1031 2121 Et
1043 2093 1167 2120 doctrina
1180 2100 1275 2120 eorum
1292 2092 1409 2120 obtinuit
1420 2099 1503 2127 super
1515 2096 1627 2121 terram.

938 2141 983 2168 17.
1006 2140 1154 2175 Propterea
1178 2139 1296 2175 populus
1321 2146 1399 2167 meus
1423 2140 1636 2176 congregabitur
1661 2140 1690 2168 in

900 2194 984 2223 regno
997 2194 1070 2214 meo.

936 2233 980 2261 18.
996 2233 1030 2261 Et
1044 2233 1149 2261 nullum
1162 2240 1232 2269 opus
1243 2234 1418 2261 tenebrosum
1434 2233 1461 2261 in
1479 2233 1556 2269 ipsis,
1571 2233 1618 2261 sed
1631 2241 1692 2260 om-

900 2280 946 2308 nia
961 2281 1006 2307 lux
1024 2283 1116 2307 erunt.

936 2326 980 2354 19.
997 2326 1032 2353 Et
1044 2327 1174 2354 dixerunt
1188 2326 1265 2361 impii
1281 2335 1288 2352 :
1303 2324 1382 2353 Unde
1404 2324 1483 2353 scivit
1501 2324 1573 2352 Deus
1587 2323 1691 2360 aliquid

899 2373 933 2401 de
945 2374 1015 2401 me?

937 2419 982 2447 20.
1000 2418 1067 2447 Etsi
1083 2418 1137 2446 ulla
1153 2422 1195 2446 est
1210 2425 1276 2446 cura
1288 2417 1321 2445 de
1338 2418 1382 2446 his
1397 2417 1452 2446 Deo
1466 2417 1477 2444 ?

938 2466 985 2493 21.
999 2465 1029 2492 In
1047 2465 1150 2492 mundo
1161 2471 1291 2499 prospere
1303 2468 1423 2499 agentes.

936 2512 982 2540 22.
998 2512 1027 2538 in
1045 2512 1098 2539 hoc
1113 2511 1222 2539 smculo.

939 2558 983 2585 25.
995 2557 1027 2585 Et
1037 2558 1108 2593 apud
1124 2565 1167 2584 me
1181 2557 1270 2592 ipsum
1289 2555 1405 2591 cogitavi
1419 2567 1424 2584 :
1436 2554 1507 2591 Ergo
1521 2554 1621 2582 frustra
1634 2554 1694 2582 abs-

907 2604 977 2631 tinui
993 2612 1041 2632 cor
1055 2611 1146 2631 meum
1159 2613 1174 2630 a
1188 2604 1283 2631 mundi
1297 2602 1418 2631 divitiis?

540 2705 696 2736 Addenda
722 2708 754 2736 et
769 2705 957 2745 corrigenda
974 2713 1014 2735 ex
1029 2703 1101 2735 cod.
1114 2703 1205 2734 Vatic

93 2769 134 2805 (1)
156 2770 292 2805 Ἀμαρτίᾳ
306 2768 406 2796 αὐτῶν.

105 2805 134 2835 ἓ)
146 2805 290 2841 Ἐπάρσει.

108 2841 134 2876 5)
146 2839 343 2876 ’ᾼναδειχθείψ

108 2875 135 2910 4)
152 2875 230 2903 Θεοῦ.

94 2909 132 2941 (5)
151 2911 180 2938 Ἐ
185 2910 363 2944 πισυναγὰγω
376 2919 405 2938 εν
420 2909 464 2945 τῇ.

943 2766 982 2801 (6)
995 2766 1076 2793 Ἀλλὰ
1087 2767 1176 2801 πλήρη
1191 2764 1235 2792 τοῦ
1252 2765 1340 2800 φωτὸς
1353 2765 1454 2795 πάντα.

957 2802 985 2837 7)
1006 2803 1034 2828 Ὀ
1050 2802 1125 2833 Θεὸς,
1141 2802 1166 2827 τί
1183 2801 1325 2837 ποιοῦμεν.

958 2837 986 2872 8)
1001 2837 1179 2872 Εὺθηνοῡσιν.

941 2871 986 2909 (9)
1001 2873 1058 2900 Νῦν
1071 2871 1201 2908 κατέσχον
1215 2871 1341 2899 πλούτου.
