3876 6220
475 390 592 447 947

558 511 652 567 24.
684 511 749 568 Et
780 515 885 570 lavi
915 516 1056 572 inter
1082 518 1402 577 innocentes
1436 540 1633 581 manus
1665 543 1833 585 meas.

560 604 652 657 25.
678 603 745 659 Et
776 604 851 660 fui
877 606 1177 677 ﬂagellatus
1200 620 1310 666 tota
1340 613 1427 668 die
1456 632 1471 667 :

561 781 650 835 26.
700 781 763 838 Et
785 786 1069 856 castigatio
1105 806 1223 844 mea
1256 792 1311 845 in
1341 796 1644 851 matutinis.

558 872 648 927 2'1.
704 873 759 928 Si
790 876 1058 943 dicebam,
1090 884 1323 938 narrabo
1358 886 1438 940 sic
1473 903 1486 937 :

551 964 643 1019 28.
708 967 848 1023 Ecce
879 971 1157 1027 nationem
1195 976 1431 1031 ﬁliorum
1474 987 1689 1033 tuorum
1722 981 2027 1051 reprobavi.

552 1055 643 1111 29.
697 1058 761 1113 Et
803 1061 1182 1120 existimabam
1230 1078 1288 1122 ut
1326 1084 1758 1139 cognoscerem:

560 1148 650 1204 50.
698 1150 811 1208 Hoc
839 1155 993 1209 labor
1021 1165 1104 1212 est
1145 1169 1270 1214 ante
1299 1177 1408 1216 me.

558 1243 649 1300 51.
695 1245 876 1304 Donec
906 1250 1101 1305 intrem
1148 1254 1202 1306 in
1238 1258 1605 1311 sanctuarium
1647 1258 1737 1313 Dei
1772 1278 1784 1312 :

559 1334 648 1390 52.
702 1336 769 1392 Et
802 1340 1097 1411 intelligam
1153 1344 1207 1397 in
1253 1348 1565 1403 novissimis
1590 1366 1797 1404 corum.

560 1426 649 1481 55.
700 1428 1085 1489 Verumtamen:
1127 1449 1348 1508 propter
1388 1441 1543 1495 dolos
1591 1456 1779 1495 eorum
1835 1443 2064 1512 posuisti

486 1519 566 1573 eis
594 1522 733 1575 mala
761 1541 773 1575 :

560 1610 649 1663 54.
709 1611 960 1682 Dejecisti
1004 1632 1099 1673 eos
1131 1618 1262 1674 dum
1292 1622 1678 1679 allevarentur.

559 1702 650 1756 55.
702 1702 987 1768 Quomodo
1017 1708 1143 1765 facti
1183 1723 1309 1767 sunt
1344 1715 1397 1767 in
1425 1713 1856 1769 desolationem?

561 1793 645 1847 56.
703 1793 895 1852 Subito
924 1799 1262 1872 defecerunt,
1293 1807 1573 1875 perierunt
1603 1816 1825 1877 propter
1858 1806 2060 1879 iniqui-

491 1892 653 1938 tatem
688 1903 865 1943 suam.

557 1977 646 2031 57.
689 1979 847 2036 Velut
875 1986 1147 2041 somnium
1183 1992 1475 2059 surgentis,

558 2067 647 2121 58.
698 2068 945 2139 Domine,
980 2076 1034 2130 in
1080 2079 1299 2136 civitate
1345 2093 1437 2137 tua
1489 2082 1779 2153 imaginem
1812 2080 2055 2151 ipsorum

488 2161 554 2215 ad
586 2163 815 2219 nihilum
845 2169 1075 2239 rediges.

566 2256 653 2310 59.
699 2257 839 2323 Quia
885 2259 1279 2319 inﬂammatum
1308 2275 1391 2319 est
1433 2280 1527 2321 cor
1560 2279 1764 2328 meum,
1809 2272 1863 2316 et
1899 2275 2057 2316 renes

490 2347 595 2399 mei
624 2352 940 2405 commutati
981 2360 1128 2408 sunt.

562 2456 640 2534 (ᾳ)
672 2458 944 2534 ξξίνάντιόν
976 2481 1096 2531 μου.
1133 2465 1201 2517 ΑΙ.
1235 2466 1287 2519 in
1322 2481 1518 2534 marg.,
1556 2464 1784 2519 ἐνώπιόν
1821 2483 1940 2534 μου.

1331 400 1387 456 s.
1435 401 1807 461 ATHANASII
1844 407 1995 463 opp.
2038 408 2219 465 rans
2257 409 2344 465 ιιι.
2379 444 2450 454 -
2495 395 2924 469 exessum.

3656 420 3765 475 948

2090 539 2138 593 Α
2236 533 2325 587 24.
2357 534 2466 587 Καὶ
2505 533 2776 604 ἐνιψάμην
2808 536 2865 586 ἐν
2894 532 3090 595 ἀθώοις
3118 535 3217 599 τὰς
3243 537 3427 608 χεῖράς
3453 554 3581 607 μου.

2244 625 2335 679 25.
2366 627 2476 679 Καὶ
2520 627 2790 698 ἐγενόμην
2839 628 3328 699 μεμαστιγωμένος
3368 630 3497 702 ὃλην
3540 633 3655 704 τήν
3699 631 3768 705 ἠ-

2180 718 2353 789 αέραν
2377 737 2390 750 ·

2243 810 2331 865 26.
2364 812 2472 865 Καὶ
2502 814 2529 864 ὁ
2567 812 2785 881 ἔλεγχός
2821 831 2920 883 μου
2953 814 3030 876 εἰς
3058 812 3156 877 τὰς
3183 816 3411 885 πρωίας.

2245 902 2334 955 27.
2370 904 2433 955 Εἰ
2460 904 2663 971 ἔλεγον,
2696 905 3024 975 διηγήσομαι
3048 905 3218 968 οὕτως
3238 922 3252 935 ·

2242 992 2331 1047 28.
2374 992 2501 1047 Ἰδοὺ
2529 998 2595 1065 τῇ
2625 997 2786 1065 γενεᾷ
2809 995 2916 1047 τῶν
2948 996 3079 1048 υίῶν
3112 1013 3201 1047 σου
3233 996 3600 1068 ὴσυνθέτηκα.

2239 1084 2327 1138 29.
2366 1086 2476 1137 Καὶ
2506 1086 2774 1139 ὑπέλαϐον
2798 1086 2891 1139 τοῦ
2924 1087 3153 1155 γνῶναι·

2246 1174 2335 1227 50.
2370 1176 2540 1229 Τοῦτο
2569 1178 2736 1241 κόπος
2766 1181 2914 1232 ἐστὶν
2939 1180 3167 1233 ἐνώπιόν
3204 1200 3303 1251 μου
3337 1182 3431 1253 (α).

2246 1265 2334 1321 51.
2367 1265 2515 1331 Ἐως
2544 1262 2603 1321 οὗ
2630 1271 2858 1324 εἰσέλθω
2890 1276 2971 1335 εἰς
3002 1274 3060 1327 τὺ
3090 1277 3441 1347 ἁγιαστήριον
3462 1273 3556 1327 τοῦ
3583 1273 3769 1327 Θεοῦο

2246 1358 2332 1411 52.
2372 1360 2483 1411 Καὶ
2512 1362 2653 1414 συνῶ
2682 1364 2761 1426 είς
2796 1362 2863 1415 τὰ
2891 1363 3093 1434 ἔσχατα
3120 1366 3319 1419 αὐτῶν.

2238 1450 2326 1502 55.
2378 1452 2524 1523 Πλὴν
2564 1453 2652 1506 διὰ
2687 1454 2787 1517 τὰς
2843 1456 3153 1528 δολιότητας
3187 1458 3362 1512 αὐτῶν
3409 1458 3529 1511 ἔθου
3564 1457 3771 1520 αὐτοῖς

2170 1542 2347 1593 κακά·

2232 1631 2325 1686 54.
2356 1634 2669 1698 Κατέϐαλες
2697 1636 2894 1701 αὐτοὺς
2925 1641 2981 1691 ἐν
3007 1639 3084 1710 τῷ
3109 1642 3429 1712 ἐπαρθῆναι.

2232 1720 2322 1775 55.
2358 1721 2481 1785 Πῶς
2500 1724 2573 1794 (ὁ)
2595 1725 2842 1793 ἐγένοντο
2872 1729 2953 1790 είς
2982 1730 3289 1799 ἐρήμωσιν;

2239 1812 2329 1865 56.
2377 1814 2637 1879 Ἐξάπινα
2668 1817 2929 1882 ἐξέλιπον,
2964 1820 3239 1874 ἀπώλοντο
3279 1822 3367 1875 διὰ
3396 1821 3493 1893 τὴν
3522 1822 3771 1892 ἀνομίαν

2099 1892 2141 1946 Β
2169 1902 2369 1958 αὐτῶν.

2240 1994 2329 2049 57.
2372 1996 2520 2050 Ὠσεὶ
2549 2000 2797 2055 ἐνύπνιον
2827 2002 3255 2075 ἐξεγειρομένου,

2241 2086 2329 2140 58.
2382 2090 2589 2161 Κύριε,
2634 2094 2691 2145 ἐν
2736 2097 2801 2165 τῇ
2855 2096 3007 2149 πόλει
3053 2112 3144 2151 σου
3198 2098 3295 2169 τὴν
3340 2098 3526 2151 εἰκόνα
3570 2098 3769 2152 αὐτῶν

2160 2173 2553 2244 ὲξουδενώσεις.

2236 2266 2325 2325 59.
2360 2270 2482 2324 ’Ότι
2511 2274 2775 2347 ἐξεκαύθη
2813 2280 2844 2349 ἡ
2870 2278 3064 2351 καρδία
3093 2297 3213 2349 μου,
3240 2282 3331 2333 καὶ
3357 2282 3405 2333 οἰ
3432 2279 3625 2353 νεφροί
3657 2297 3768 2352 μου

2162 2355 2426 2432 ἠλλοιώθη
2436 2379 2547 2417 σαν.

562 2525 637 2597 (ὁ)
672 2525 827 2584 Vers.
854 2532 943 2595 55,
972 2525 1114 2599 Πῶς,
1148 2543 1275 2600 etc.,
1305 2525 1549 2599 ὲξάπῖνα,
1587 2535 1737 2591 Vers.
1766 2525 1854 2601 56,
1895 2534 2103 2601 Ἐξέλιπ

2226 2546 2328 2591 etc.

1618 2657 1992 2712 ATHANASII
2027 2656 2617 2719 INTERPRETATIO.

560 2759 650 2814 24.
686 2760 747 2816 Et
778 2766 1068 2821 emundavi
1101 2782 1336 2826 mentem
1370 2790 1543 2827 meam
1573 2775 1640 2828 ab
1665 2773 1816 2844 ipsis.

561 2854 653 2908 25.
680 2852 746 2909 Et
771 2857 927 2927 plaga
973 2863 1159 2917 statim
1207 2867 1351 2919 venit
1392 2882 1555 2936 super
1597 2883 1704 2932 me,
1734 2867 1910 2922 solum
1940 2866 2068 2936 quia

492 2945 598 3000 hoc
622 2944 755 3000 dixi.

562 3035 652 3089 26.
692 3035 759 3092 Et
786 3039 1071 3110 evigilans,
1099 3058 1193 3096 cor
1223 3060 1309 3099 me
1334 3047 1634 3108 damnavit.

558 3128 657 3194 27,
693 3130 784 3185 28.
833 3131 899 3186 Et
948 3133 1191 3187 dicebam
1246 3134 1389 3190 Deo:
1439 3136 1682 3193 Narrabo
1730 3140 2062 3210 generationi

495 3225 731 3280 ﬁliorum
763 3238 1005 3292 tuorum,
1050 3229 1136 3282 cui
1178 3240 1442 3298 przecepta
1474 3231 1689 3293 dedisti,
1724 3231 1866 3300 quod
1918 3232 1963 3286 si
1995 3232 2066 3285 ita

495 3318 751 3388 cogitavi,
800 3326 854 3372 et
901 3320 1189 3375 temulatus
1246 3337 1367 3375 sum
1424 3332 1772 3392 peccatorum
1824 3323 2062 3388 divitias,

496 3411 661 3465 etiam
695 3408 995 3479 ﬂagellatus
1034 3428 1154 3467 sum
1183 3429 1211 3467 a
1242 3412 1369 3469 Deo.

566 3584 658 3649 29,
702 3585 790 3641 50.
831 3586 1185 3643 Consideravi
1239 3600 1291 3645 et
1317 3593 1568 3661 cognovi,
1600 3592 1745 3662 quod
1793 3591 2070 3647 tribulatio

499 3676 745 3733 constitit
782 3678 837 3732 in
867 3680 1071 3732 mundo
1104 3682 1363 3737 adversus
1399 3698 1502 3737 me.

569 3852 658 3906 5|.
707 3853 888 3909 Donec
919 3867 1159 3912 revertar
1184 3860 1248 3913 ad
1279 3859 1445 3915 Deum
1479 3876 1683 3914 meum.

569 3943 658 3997 52.
710 3944 777 3998 Et
814 3952 941 3999 tunc
972 3946 1190 4013 videbo,
1219 3967 1341 4021 qua?
1364 3960 1527 4005 erunt
1557 3952 1739 4005 omnia
1775 3949 2071 4004 novissima

499 4044 873 4105 peccatorum.

568 4127 659 4181 55.
700 4124 1086 4181 Verumtamen
1123 4137 1343 4195 propter
1384 4136 1605 4195 peccata
1648 4143 1838 4182 eorum
1868 4146 2074 4201 praepa-

498 4218 632 4271 rasti
676 4219 756 4272 eis
782 4219 1048 4289 supplicia
1078 4229 1299 4273 acterna.

571 4306 660 4361 54.
708 4306 1027 4378 Dispersisti
1056 4324 1152 4363 eos
1176 4325 1205 4363 a
1237 4319 1287 4363 te
1315 4320 1536 4380 propter
1560 4311 1869 4381 superbiam
1897 4313 2076 4368 cordis

498 4414 709 4454 eorum.

570 4492 661 4546 55.
694 4491 981 4557 Quomodo
1010 4493 1353 4547 exterminati
1386 4496 1555 4549 sunt?

572 4584 663 4639 56.
709 4584 905 4637 Mortui
959 4594 1106 4646 sunt,
1157 4594 1211 4639 et
1254 4587 1536 4655 perierunt
1576 4596 1796 4657 propter
1848 4589 2079 4658 injustas

503 4687 693 4727 comm
721 4674 959 4729 divitias.

573 4766 663 4818 57.
707 4763 1178 4831 Quemadmodum
1227 4764 1507 4820 dormiens
1536 4776 1684 4821 amat
1722 4783 1863 4838 saepe
1900 4786 1959 4825 se
1999 4770 2081 4842 ip-

502 4874 627 4915 Sllm
666 4860 720 4912 in
754 4859 960 4914 divitiis
992 4874 1134 4922 esse,
1171 4856 1586 4928 expergefactus
1614 4869 1793 4914 autem
1831 4862 1967 4916 nihil
1997 4864 2081 4917 in-

501 4950 673 5012 venit,
716 4951 787 5004 ita
821 4952 1052 5020 contigit
1083 4950 1248 5005 etiam
1282 4950 1363 5003 his
1388 4950 1533 5004 circa
1572 4951 1789 5006 divitias
1820 4968 1967 5007 snas.

589 5042 679 5096 58.
727 5041 979 5108 Domine,
1029 5043 1082 5096 in
1111 5057 1349 5112 superna
1392 5039 1693 5097 Jerusalem
1726 5043 1950 5112 abjicies
1985 5060 2080 5100 eos

505 5150 534 5187 a
560 5134 697 5189 facie
728 5143 839 5188 tua.

579 5227 668 5280 59.
715 5225 987 5291 Quoniam
1039 5224 1334 5279 tribulatus
1367 5240 1485 5279 sum
1520 5225 1572 5279 in
1616 5226 1839 5290 mundo,
1871 5237 1923 5281 et
1962 5246 2078 5283 nm-

505 5317 638 5370 nino
673 5323 1051 5385 consumptus.

2254 2776 2343 2831 24.
2378 2777 2481 2831 Καὶ
2510 2780 2809 2852 ἱκαθάρισα
2837 2783 2932 2854 τὴν
2959 2781 3196 2836 διάνοιάν
3226 2797 3325 2850 μου
3360 2781 3454 2832 ἀπ’
3477 2778 3685 2834 αὐτῶν.

2247 2871 2336 2924 25.
2370 2874 2478 2925 Καὶ
2512 2874 2692 2947 πληγὴ
2720 2877 2919 2939 εὐθέως
2946 2873 3107 2947 ἦλθεν
3142 2876 3228 2927 ἐπ’
3256 2872 3385 2944 ἐμὲ,
3424 2872 3586 2942 μόνον
3623 2873 3763 2926 εἶπα

2175 2963 2350 3016 τοῦτο.

2245 3056 2331 3109 26.
2366 3057 2475 3109 Καὶ
2504 3058 2882 3130 ἁνανήφουσα,
2913 3059 3280 3127 κατεγίνωσκὲ
3320 3075 3421 3128 μου
3462 3058 3495 3127 ἡ
3534 3058 3757 3129 καρδία.

2243 3149 2331 3212 27,
2366 3149 2455 3204 28.
2493 3152 2603 3203 Καὶ
2648 3152 2827 3220 ἔλεγον
2871 3154 2947 3222 (l)
2998 3151 3075 3221 τῷ
3124 3150 3660 3222 Θεῷ·’Διηγήσομαι
3691 3153 3761 3220 τῇ

2172 3241 2332 3310 γενεᾷ
2365 3240 2471 3293 τῶν
2504 3242 2635 3294 υἱῶν
2665 3260 2777 3304 σου,
2869 3242 3137 3306 ὲνετείλω,
3160 3244 3262 3306 ὅτι,
3296 3242 3381 3293 ἵνα
3413 3241 3557 3311 [ἐὰν]
3585 3241 3762 3304 οὕτως

2171 3331 2502 3403 λογίσωμαι,
2537 3335 2627 3385 καὶ
2662 3334 2889 3404 ζηλώσω
2933 3332 3285 3405 [ἐλογισάμην
3309 3373 3323 3395 ,
3356 3333 3449 3384 καὶ
3483 3330 3762 3403 ἐζήλωσα]

2171 3420 2261 3474 τὸν
2291 3423 2518 3475 πλοῦτον
2548 3424 2654 3476 τῶν
2683 3425 3039 3496 ἁμαρτωλῶν,
3068 3427 3161 3478 καὶ
3186 3425 3572 3496 ὲμαστιγώθην
3608 3427 3768 3497 παρὰ

2168 3514 2261 3567 τοῦ
2297 3516 2450 3568 Θεοῦ.

2240 3608 2329 3672 29,
2361 3607 2448 3663 50.
2490 3609 2877 3679 Ἐνεθυμήθην,
2920 3610 3012 3663 καὶ
3056 3609 3216 3678 ἔγνω,
3260 3612 3341 3663 ὃτι
3388 3609 3566 3678 θλίψις
3603 3608 3767 3661 σύνε-

2175 3718 2257 3753 σιν
2300 3700 2579 3772 [συνέστη]
2608 3704 2667 3754 ὲν
2698 3701 2775 3772 τῷ
2814 3701 2999 3772 κόσμῳ
3026 3702 3103 3772 τῷ
3128 3702 3411 3756 κατέναντι
3460 3702 3539 3772 (2)
3576 3700 3772 3773 [κατέ-

2177 3796 2326 3848 ναντί
2364 3813 2462 3865 μου

2246 3886 2332 3940 51.
2363 3887 2507 3949 Ἕως
2535 3882 2595 3940 οὗ
2620 3887 2870 3940 ἁναλύσω
2898 3886 3034 3957 πρὸς
3066 3887 3155 3939 τὸν
3188 3886 3321 3939 Θεόν
3352 3905 3474 3957 μου.

2246 3976 2334 4028 52.
2393 3976 2503 4028 Καὶ
2564 3977 2685 4028 τότε
2734 3976 2845 4047 ὁρῶ
2904 3976 2956 4028 τί
2998 3977 3150 4029 ἔσται
3195 3977 3371 4030 πάντα
3440 3977 3509 4031 τὰ
3556 3977 3772 4049 ἔσχατα

2175 4067 2282 4119 τῶν
2312 4068 2386 4136 (5)
2416 4068 2775 4139 ἁμαρτωλῶν.

2245 4158 2332 4211 55.
2382 4160 2566 4229 Ὅμως
2636 4161 2714 4225 (4)
2752 4160 2838 4213 διὰ
2909 4159 3007 4222 τὰς
3055 4161 3331 4231 ἁμαρτίας
3382 4160 3563 4213 αὐτῶν
3637 4162 3768 4213 εὐτ-

2182 4248 2411 4321 ρέπισας
2428 4252 2607 4314 αὐτοῖς
2639 4252 2885 4314 κολάσεις
2918 4252 3141 4314 αἰωνίας

2256 4341 2343 4393 54.
2373 4341 2769 4412 Διεσκόρπισας
2813 4343 3009 4406 αὐτοὺς
3050 4343 3158 4395 ἀπὸ
3208 4342 3301 4396 σοῦ
3336 4344 3426 4396 διὰ
3460 4343 3558 4414 τὴν
3591 4343 3769 4415 ὑπερ-

2180 4430 2445 4500 ηφάνειαν
2478 4431 2574 4500 τῆς
2606 4432 2829 4501 καρδίας
2854 4432 3049 4486 αὐτῶν.

2110 4541 2154 4596 ι)
2254 4522 2340 4575 55.
2374 4522 2495 4584 Πῶς
2524 4523 2767 4588 ἐγένοντο
2793 4524 2871 4583 εἰς
2899 4522 3202 4592 ἀφανισμόν
3227 4541 3241 4588 ;

2252 4615 2340 4669 56.
2382 4614 2704 4679 Ἀπέθανον,
2736 4616 2827 4668 καὶ
2851 4613 3128 4668 ἀπώλοντο
3161 4615 3248 4668 διὰ
3270 4614 3359 4667 τὸν
3384 4614 3566 4668 ἄδικον
3601 4615 3765 4669 πλοῦ-

2181 4726 2270 4761 τον
2294 4706 2491 4760 αὐτῶν.

2257 4799 2346 4852 57.
2378 4799 2587 4868 Ὥσπερ
2651 4801 2679 4851 ὀ
2724 4799 3177 4869 ἐνυπνιαζόμενος
3234 4801 3335 4870 ἐρᾷ
3501 4798 3766 4863 πολλάκις

2183 4889 2373 4943 ἑαυτὸν
2404 4890 2460 4941 ἐν
2504 4888 2717 4959 πλούτῳ
2743 4890 2890 4951 ὅντα,
2921 4890 2987 4941 δι’
3027 4889 3310 4960 ὑπρισθε“ις
3340 4890 3395 4942 δὲ
3436 4890 3589 4942 οὐδὲν
3629 4891 3763 4960 ἔχει,

2185 4981 2325 5035 οὕτω
2355 4981 2545 5049 γέγονε
2576 4981 2669 5032 καὶ
2700 4980 2907 5043 τούτοις
2941 4983 2967 5034 ὁ
2997 4982 3224 5044 πλοῦτος
3252 4981 3450 5035 αὐτῶν.

2257 5074 2345 5128 58.
2378 5072 2572 5144 Κύριε,
2606 5075 2663 5124 ἐν
2688 5076 2753 5143 τῇ
2786 5075 2895 5127 ἄνω
2932 5073 3281 5143 Ἰερουσαλὴμ
3315 5071 3637 5142 ἀπορρίψας
3663 5073 3761 5124 αὐ·

2182 5169 2309 5230 τοὺς
2342 5166 2446 5219 ἀπὸ
2482 5166 2553 5237 (6)
2583 5165 2872 5237 προσώπου
2902 5182 3016 5216 σου.

2257 5261 2344 5313 59.
2365 5260 2489 5310 Ὅτι
2522 5257 2811 5327 gemeam
2840 5259 2896 5307 ἐν
2918 5255 2994 5326 τῷ
3022 5256 3229 5325 κόσμῳ,
3257 5256 3349 5308 καὶ
3377 5254 3580 5323 ὲτάκην
3604 5255 3759 5319 ὅλως.

1457 5410 1765 5473 Addenda
1798 5421 1858 5473 et
1895 5418 2274 5497 corrigenda
2302 5435 2379 5480 ex
2428 5414 2568 5476 cod.
2604 5413 2804 5475 Vatic.

577 5516 653 5589 (ξι)
683 5515 793 5569 Ka‘t
834 5514 895 5589 εἰ⁸
928 5513 1135 5589 ξλεγον,
1162 5522 1292 5575 etc.,
1325 5516 1406 5568 ὅτι
1440 5515 1613 5578 οὕτως
1638 5516 1942 5589 λογίσομαι,
1975 5532 2083 5577 etc.

502 5582 768 5640 Ultimum
794 5585 895 5637 καί
921 5585 1093 5639 deest.

578 5655 656 5724 (2)
702 5656 809 5731 Kal.
831 5656 1227 5731 _évs_0upﬁ6n_v,
1286 5654 1617 5731 xa‘t‘évay,
1659 5658 1739 5710 ὅτι
1780 5659 1956 5731 θλίψις
1987 5664 2081 5718 νῦν

507 5724 653 5794 ἐστιν
705 5727 761 5777 ὲν
790 5725 866 5794 τῷ
894 5724 1093 5794 κόσμῳ
1113 5725 1189 5794 τῷ
1217 5725 1357 5777 κατὰ
1382 5725 1513 5779 Θεὸν
1545 5726 1678 5781 ὄντι.

578 5793 657 5863 (5)
687 5793 879 5848 Ἔσται
907 5795 975 5849 τὰ
1000 5793 1205 5865 ἔσχατα
1235 5796 1450 5849 πάντων
1476 5795 1604 5862 τῶν,
1634 5804 1738 5853 εις.

2263 5523 2337 5593 (ί)
2376 5520 2626 5593 Ὁμοίως,
2680 5527 2809 5579 etc.,
2847 5518 3167 5588 εὐτρέπισα,
3200 5527 3328 5583 etc.,
3360 5516 3452 5569 sed
3486 5514 3655 5569 altera
3682 5514 3763 5569 le-

2186 5589 2296 5649 ctio
2325 5589 2678 5659 praeferenda.

2259 5652 2339 5731 (5)
2374 5660 2524 5731 Ὁρᾷ,
2568 5668 2694 5731 etc.,
2729 5674 2854 5713 mox
2897 5657 3249 5723 διυπνισθείς,
3286 5665 3415 5721 elc.,
3452 5653 3629 5720 οὕτως
3672 5652 3767 5725 γέ-

2184 5715 2339 5802 γονεν
2366 5715 2523 5802 οὐδὲν
2540 5729 2653 5802 καί,
2683 5715 2787 5784 etc.

2259 5802 2336 5873 (6)
2379 5799 2516 5853 Ἀπὸ
2539 5798 2631 5851 τοῦ
2651 5829 2665 5843 -
