3876 6220
68 386 208 443 949
967 385 1055 438 DE
1106 386 1384 442 TITULIS
1424 383 1877 441 PSALMOBUM.
1935 417 2004 428 --
2042 384 2236 439 PSAL.
2280 381 2487 438 LXXII.
3276 377 3379 432 950

152 506 255 559 40.
288 504 458 574 Κάγὼ
486 504 931 573 ὲξουδενωμένος,
965 506 1059 557 καὶ
1087 506 1188 557 οὐκ
1211 504 1381 572 ἔγνων
1402 523 1415 534 ·

1868 502 1958 558 40.
2020 502 2087 557 Et
2120 518 2221 573 ego
2253 503 2318 556 ad
2346 501 2578 556 nihilum
2608 497 2861 553 redactus
2889 511 3033 564 sum,
3058 506 3112 551 et
3139 496 3376 552 nescivi:

161 594 260 648 41.
288 592 587 666 Κτηνώδης
614 592 880 664 ἐγενήθην
920 592 1070 663 παρὰ
1106 593 1204 646 σοί.

1875 597 1965 651 4i.
2027 594 2342 650 Jumentum
2376 594 2552 647 factus
2580 607 2701 647 sum
2732 591 2870 660 apud
2901 598 2969 644 te.

160 681 259 739 42.
297 683 467 752 Κάγὼ
493 684 786 746 διαπαντὸς
818 684 957 754 μετὰ
987 682 1079 735 σοῦ
1103 699 1114 711 ·

1871 688 1962 743 42.
2016 689 2082 742 Et
2119 703 2220 759 ego
2258 702 2474 755 semper
2496 695 2674 739 tecum
2706 702 2717 738 :

160 773 257 829 45.
308 775 648 845 Ἐκράτησας
677 775 776 844 τῆς
806 775 984 845 χειρὸς
1008 776 1105 843 τῆς
1130 775 1309 839 δεξιᾶς
1342 793 1441 846 μου
1462 794 1475 807 ⁸

1874 778 1966 832 4'5.
2023 777 2269 831 Tenuisti
2300 791 2522 828 manum
2553 774 2826 828 dexteram
2854 787 3030 825 meam
3058 788 3072 803 ·

162 864 260 918 44.
289 866 401 918 Καὶ
433 868 491 919 ὲν
515 870 581 936 τῇ
617 866 777 937 βουλῇ
810 884 902 919 σου
934 866 1223 937 ὼδήγησὰς
1252 885 1351 937 με·

1867 871 1959 924 44.
2016 868 2083 923 Et
2113 870 2171 922 in
2202 866 2433 921 consilio
2464 876 2556 919 tuo
2581 864 2851 919 deduxisti
2894 878 3018 918 me:

165 954 261 1009 45.
295 956 403 1008 Καὶ
436 956 573 1024 μετὰ
599 955 756 1026 δόξης
787 955 1123 1022 προσελάϐου
1158 973 1245 1025 με.

1872 960 1960 1014 45.
2018 958 2085 1013 Et
2113 973 2236 1012 cum
2268 957 2439 1026 gloria
2470 955 2758 1024 suscepisti
2793 970 2898 1009 me.

167 1048 263 1101 46.
301 1048 364 1101 Τί
390 1048 501 1119 γάρ
536 1067 625 1118 μοι
649 1049 889 1118 ὑπάρχει
921 1050 979 1099 ὲν
1008 1048 1084 1118 τῷ
1116 1047 1356 1119 οὐρανῷς

1872 1052 1967 1105 46.
2025 1050 2167 1117 Quid
2194 1049 2337 1104 enim
2372 1048 2507 1102 mihi
2538 1057 2616 1102 est
2650 1048 2704 1100 in
2732 1046 2904 1101 coelo?

170 1139 267 1193 47.
303 1141 409 1193 Καὶ
434 1140 584 1211 παρὰ
613 1140 707 1193 σοῦ
737 1140 789 1191 τί
819 1139 1058 1209 ἠθέλησα
1090 1141 1181 1192 ἐπὶ
1212 1142 1309 1211 τῆς
1336 1141 1472 1210 γῆς;

1883 1144 1974 1198 47.
2037 1142 2099 1197 Et
2132 1159 2161 1196 a
2204 1150 2257 1196 te
2286 1142 2417 1211 quid
2447 1141 2594 1195 volui
2626 1154 2792 1209 super
2823 1139 3060 1193 terram?

171 1232 262 1286 48.
310 1232 585 1297 Ἐξέλιπεν
636 1234 668 1302 ἡ
704 1233 900 1304 καρδία
936 1249 1036 1302 μου
1073 1233 1166 1286 καὶ
1213 1234 1246 1303 ἡ
1294 1231 1428 1304 σάρξ
1472 1250 1611 1305 μου,
1660 1234 1689 1286 ὁ

1883 1235 1975 1291 48.
2028 1233 2235 1289 Defecit
2261 1249 2391 1288 caro
2437 1247 2557 1287 mea
2588 1241 2641 1286 ct
2672 1246 2766 1286 cor
2798 1244 3001 1293 meum,
3030 1227 3172 1283 Deus
3204 1229 3378 1284 cordis

82 1322 233 1386 Θεὸς
266 1322 342 1393 (α)
372 1325 471 1394 τῆς
497 1322 724 1394 καρδίας
758 1340 861 1393 μου
884 1340 898 1353 ·
1797 1329 1904 1384 mei
1939 1344 1954 1382 :

168 1414 263 1468 49.
292 1415 401 1467 Καὶ
427 1417 459 1485 ἡ
495 1416 653 1485 μερίς
682 1432 781 1485 μου
810 1416 838 1467 ὁ
863 1412 995 1477 Θεὸς
1029 1416 1107 1478 εἰς
1134 1414 1225 1467 τὸν
1250 1418 1442 1471 αἰῶνα.

1880 1419 1971 1473 49.
2031 1416 2097 1471 Et
2127 1434 2254 1488 pars
2280 1434 2401 1473 mea
2437 1418 2580 1472 Deus
2624 1418 2677 1471 in
2709 1425 2993 1472 aeternum.

167 1504 263 1559 50.
311 1506 433 1558 Ὀτι
487 1506 596 1559 ἰδοῦ
653 1508 703 1558 οἱ
756 1506 1123 1577 μακρύνοντες
1167 1509 1396 1573 ἑαυτοὺς
1434 1511 1543 1563 ἀπὸ
1594 1510 1688 1564 σοῦ

1885 1509 1977 1564 50.
2034 1507 2172 1574 Quia
2219 1523 2345 1564 ecce
2377 1508 2469 1578 qui
2514 1507 2769 1579 clongant
2807 1520 2866 1561 se
2894 1520 2923 1558 a
2972 1514 3045 1565 te,
3085 1502 3378 1573 peribunt:

81 1594 431 1651 ἀπολοῦνται
446 1612 460 1625 ·

171 1686 265 1740 5|.
312 1684 539 1752 Ἐξωλόθ
550 1703 745 1757 ρευσας
775 1688 950 1742 πάντα
970 1688 1061 1741 τὸν
1091 1689 1419 1761 πορνεύοντα
1442 1689 1550 1743 ἀπὸ
1572 1690 1688 1747 σοῦ.

1878 1688 1969 1742 54.
2019 1686 2309 1743 Perdidisti
2348 1702 2538 1743 omnes
2570 1687 2664 1754 qui
2700 1685 3038 1741 fornicamur
3082 1686 3179 1739 ahs
3209 1694 3278 1739 te.

165 1777 261 1832 52.
296 1779 452 1847 Ἐμοὶ
479 1777 533 1831 δὲ
560 1778 621 1831 τὸ
646 1778 1082 1850 προσκολλᾶσθαι
1099 1780 1175 1850 τῷ
1193 1780 1310 1850 Θεῷ
1333 1780 1537 1850 ἀγαθόν
1553 1783 1687 1835 ἐστι’

1886 1779 1984 1835 52.
2033 1779 2163 1834 Mihi
2195 1791 2376 1835 autem
2411 1781 2687 1835 adhaerere
2713 1778 2845 1847 Deo,
2876 1780 3078 1835 bonum
3112 1788 3231 1834 est:

168 1868 261 1923 53.
290 1868 549 1923 Τίθεσθαι
574 1871 630 1922 ἐν
656 1870 735 1941 τῷ
763 1871 951 1942 Κυρίῳ
980 1872 1077 1945 τὴν
1111 1873 1299 1926 ἐλπίδα
1332 1890 1455 1944 μου.

1721 1893 1765 1948 Β
1878 1870 1971 1927 55.
2017 1872 2240 1927 Ponere
2272 1873 2325 1927 in
2359 1872 2591 1928 Domino
2620 1872 2729 1928 Deo
2757 1888 2906 1944 spem
2943 1887 3144 1928 meam.

170 1957 264 2012 54.
294 1958 400 2011 Τοῦ
423 1958 737 2028 ἐξαγγεῖλαί
769 1978 836 2031 με
867 1962 1047 2025 πάσας
1076 1962 1172 2025 τὰς
1205 1964 1439 2027 αἰνέσεις
1466 1980 1582 2029 σου,

1534 1982 1582 2029 υ,
1875 1965 1967 2020 54.
2022 1964 2095 2021 Ut
2122 1967 2437 2021 annuntiem
2475 1981 2665 2022 omnes
2694 1967 2881 2022 laudes
2922 1974 3065 2031 tuas,

170 2047 265 2103 55.
309 2049 397 2102 Ἐν
418 2054 538 2113 ταῖς
564 2052 759 2116 πύλαις
784 2052 884 2123 τῆς
917 2051 1187 2121 θυγατρὸς
1212 2050 1372 2107 Σιών.

1105 2052 1187 2121 ρος
1212 2050 1372 2107 Σιών.
1878 2057 1968 2112 55.
2020 2059 2081 2114 1η
2121 2061 2295 2130 portis
2326 2060 2450 2116 ﬁlim
2484 2060 2636 2117 Sion.

174 2223 256 2301 (α)
289 2222 449 2280 Vers.
474 2224 561 2291 49,
603 2227 661 2280 Ὀ
686 2226 838 2291 Θεὸς,
870 2240 1001 2291 etc.,
1031 2229 1122 2282 τὸν
1147 2228 1338 2285 αἰῶνα.

1243 2384 1629 2440 ATHANASII
1670 2384 2257 2443 INTERPRETATIO.

172 2532 269 2588 40.
305 2534 416 2588 Καὶ
439 2534 862 2607 ἐξουδενωμένος
889 2538 1036 2608 ἥμην
1071 2537 1198 2609 παρ’
1229 2538 1448 2606 αὐτοῖς,
1476 2540 1569 2593 καὶ
1600 2540 1700 2594 οὐκ

1681 2558 1700 2594 ι
1888 2540 1981 2597 40.
2031 2541 2099 2597 Et
2127 2548 2478 2613 contemptus
2509 2542 2586 2597 fui
2620 2542 2688 2599 ab
2718 2542 2875 2615 ipsis,
2901 2548 2957 2600 et
2980 2543 3212 2616 neglexi.

95 2625 272 2698 εμελέ
304 2643 414 2697 μοι.

180 2719 275 2773 4L
304 2720 415 2772 Καὶ
440 2719 517 2783 ὡς
544 2718 742 2789 κτῆνος
766 2720 916 2791 ήμην
976 2718 1129 2791 παρὰ
1164 2720 1246 2773 σο)¹
1286 2720 1364 2791 τῷ
1396 2722 1696 2797 βουλήματι

1876 2715 1966 2769 4i.
2025 2713 2094 2771 Et
2120 2718 2287 2772 veluti
2317 2718 2630 2789 jumentum
2658 2719 2735 2775 fui
2760 2719 2906 2791 apud
2937 2728 3009 2787 te,
3034 2720 3183 2776 omni
3199 2720 3389 2777 volun-

99 2810 266 2865 ἑπιθέ
274 2828 433 2882 μενος
459 2810 638 2884 πάντῃ
668 2811 766 2883 (1).

1806 2806 1906 2861 tati
1937 2816 2043 2863 tuae
2076 2809 2314 2865 deditus.

181 2900 276 2955 42.
307 2903 364 2955 Ὀ
394 2901 600 2974 Κύριος
623 2903 770 2971 λέγει
791 2902 929 2974 πρὸς
952 2904 1117 2957 αὐτόν
1138 2921 1151 2934 ⁸
1172 2905 1283 2959 Καὶ
1308 2905 1418 2975 ἐγὼ
1440 2906 1528 2960 διὰ
1548 2907 1711 2961 τοῦτο

1872 2897 1964 2955 42.
2011 2902 2079 2957 Et
2112 2901 2381 2961 Dominus
2411 2906 2547 2963 dicit
2581 2908 2650 2964 ad
2682 2924 2830 2973 eum,
2876 2917 2931 2963 et
2965 2923 3066 2979 ego
3100 2914 3389 2978 propterea

103 2998 263 3071 ήμην
296 2995 586 3059 διαπαντὸς
621 2996 760 3067 μετὰ
785 2995 901 3051 σοῦ.

837 2995 901 3051 μῦ.
1804 2995 1883 3051 fui
1912 3012 2131 3068 semper
2164 3007 2368 3053 tecum.

181 3088 275 3153 45,
306 3088 394 3143 44.
421 3089 531 3142 Καὶ
562 3089 637 3152 ὡς
682 3090 916 3161 κτῆνος·,
960 3089 1096 3143 ὅπου
1129 3089 1224 3143 ἐὰν
1251 3089 1502 3162 ὡδήγησὲ
1532 3091 1607 3164 (2)
1639 3110 1706 3164 με

1874 3091 1968 3158 43,
2007 3091 2098 3146 44.
2143 3090 2213 3146 Et
2243 3092 2411 3147 veluti
2434 3091 2767 3163 jumentum,
2802 3106 3132 3162 quocunque
3163 3091 3390 3148 deduxit

108 3180 145 3249 ἡ
176 3179 305 3249 χείρ
336 3195 429 3230 σου
460 3179 554 3231 καὶ
577 3179 637 3231 τὸ
664 3178 876 3248 Θέλημὰ
909 3196 1024 3243 σου,
1054 3181 1416 3253 ἐπορευόμην.

1729 3167 1774 3227 C
1807 3196 1896 3237 me
1925 3198 2124 3239 manus
2153 3190 2270 3248 tua,
2305 3194 2358 3239 et
2382 3185 2639 3239 voluntas
2663 3193 2775 3249 tua,
2808 3184 3189 3255 procedeham.

181 3270 276 3324 45.
312 3271 419 3323 Καὶ
450 3269 545 3324 νῦν
572 3272 631 3324 ὲν
668 3275 734 3343 τῇ
766 3271 1013 3344 βασιλείᾳ
1048 3290 1142 3325 σου
1184 3274 1323 3344 μετὰ
1349 3274 1507 3347 δόξης
1534 3292 1704 3347 προσ-

1873 3270 1965 3325 45.
2008 3270 2076 3327 Et
2121 3288 2268 3328 nunc
2294 3273 2349 3327 in
2395 3289 2563 3344 regno
2596 3283 2690 3329 tuo
2732 3290 2858 3328 cum
2889 3274 3062 3349 gloria
3104 3269 3392 3342 suscepisti

104 3361 311 3418 ελάδου
336 3380 423 3433 με.

379 3380 423 3415 ε.
1804 3377 1910 3417 me.

182 3452 277 3507 46.
316 3453 381 3505 Τί
400 3454 508 3526 γάρ
544 3454 634 3524 μοί
655 3455 805 3509 ἐστιν
837 3454 963 3508 ἄλλο
992 3456 1050 3509 ὲν
1074 3455 1151 3525 τῷ
1180 3456 1414 3527 οὐρανῷ,
1443 3458 1490 3510 εἰ
1524 3456 1597 3529 μὴ
1615 3455 1702 3510 διὰ

1875 3455 1966 3509 46.
2018 3454 2161 3523 Quid
2191 3455 2336 3509 enim
2371 3455 2505 3509 mihi
2546 3464 2631 3511 est
2669 3456 2817 3511 aliud
2860 3457 2914 3511 in
2964 3459 3125 3525 cmlo,
3180 3460 3287 3516 nisi
3334 3468 3396 3516 υι

107 3544 213 3616 τῆς
235 3544 458 3615 χάριτός
480 3562 571 3598 σου
594 3545 991 3618 δοξασθήσομαι
1022 3548 1100 3617 (5)
1129 3547 1233 3599 ὑπὸ
1268 3548 1360 3601 σοῦ
1382 3566 1397 3616 ἶ

1304 3548 1397 3616 οὖ;
1804 3562 1902 3618 per
1933 3549 2166 3619 gratiam
2200 3556 2350 3603 tuam
2387 3565 2416 3602 a
2443 3557 2493 3603 te
2526 3550 2835 3619 gloriﬁcer?

182 3636 277 3690 47.
308 3638 419 3691 Καὶ
444 3638 523 3691 ἔτι
552 3637 627 3691 ὢν
652 3642 709 3692 ὲν
740 3641 806 3711 τῇ
840 3642 910 3709 γῇ
941 3639 1099 3692 τοῦτο
1126 3640 1367 3711 ἠθέλησα
1398 3640 1551 3712 παρὰ
1582 3640 1698 3696 σοῦ.

1875 3637 1969 3693 47.
2018 3637 2085 3691 Et
2115 3638 2295 3692 adhuc
2323 3638 2512 3693 vivens
2545 3640 2599 3694 in
2637 3648 2779 3694 terra
2820 3640 2925 3695 hoc
2960 3642 3104 3697 volui
3142 3650 3264 3698 ate.

181 3725 275 3781 48.
314 3730 477 3782 Οὐδὲν
517 3729 731 3802 Θὲλημα
760 3732 859 3802 τῆς
885 3732 1111 3803 καρδίας
1143 3750 1266 3803 μου,
1304 3733 1338 3804 ἦ
1374 3733 1472 3804 τῆς
1502 3734 1703 3805 σαρκός

1878 3729 1970 3787 48.
2019 3728 2236 3785 Nullam
2290 3731 2628 3787 voluntatem
2684 3733 2868 3788 cordis
2926 3735 3053 3801 mei,
3110 3743 3163 3789 et
3213 3734 3394 3791 carnis

112 3834 220 3888 μου
247 3820 569 3892 ἐποιούμην.

1803 3837 1941 3878 meae
1972 3822 2147 3877 ell‘eci.

184 3911 279 3968 49.
332 3913 469 3966 Ἀλλ’
504 3916 562 3967 ἐν
594 3914 669 3986 (4)
706 3914 870 3968 παντὶ
918 3917 1010 3969 καὶ
1051 3916 1110 3970 ὲν
1162 3916 1329 3969 πᾶσιν
1361 3916 1391 3968 ὁ
1431 3916 1563 3979 Θεός
1599 3932 1702 3988 μου

1886 3914 1979 3970 49.
2030 3914 2137 3970 Sed
2164 3915 2311 3970 omni
2358 3916 2411 3969 in
2447 3930 2526 3981 re,
2574 3926 2626 3969 et
2674 3916 2727 3970 in
2760 3914 3018 3970 omnibus
3065 3914 3210 3972 Deus
3240 3933 3393 3973 meus

108 4002 375 4075 ΰπάρχει.

1803 4016 1907 4063 est.

185 4095 278 4159 50,
311 4094 400 4148 51.
436 4096 500 4148 Οἱ
546 4096 1017 4167 ἁποσχοινίζοντες
1062 4097 1288 4160 ἑαυτοὺς
1328 4096 1437 4150 ἀπὸ
1487 4096 1581 4150 σοῦ
1625 4096 1701 4168 (5)

1665 4097 1701 4167 i)
1897 4103 1988 4172 50,
2041 4104 2128 4160 5i.
2163 4104 2522 4176 Sejungenles
2548 4106 2759 4176 seipsos
2789 4117 2893 4162 ate
2919 4108 3196 4178 peribunt.

110 4185 465 4241 ἀπολοῦνται.

178 4277 270 4331 52.
310 4279 461 4350 Ἐμοὶ
488 4280 545 4333 δὲ
572 4280 634 4334 τὸ
661 4280 962 4354 ἀχώριστον
991 4277 1129 4335 εἶναι
1156 4279 1251 4334 τοῦ
1274 4280 1409 4335 Θεοῦ
1434 4280 1703 4353 ἐπιθυμη-

1888 4284 1977 4340 52.
2032 4282 2164 4339 Mihi
2197 4292 2378 4339 autem
2413 4298 2522 4339 non
2554 4283 2801 4355 separari
2835 4300 2865 4338 a
2891 4283 3003 4339 Deo
3034 4284 3089 4341 in
3126 4285 3268 4343 votis
3290 4292 3374 4342 est

114 4369 237 4422 τέον
274 4369 352 4440 (6)
384 4369 522 4424 ἐστί.

189 4461 284 4515 55.
330 4462 519 4517 Πᾶσαν
556 4463 657 4534 τὴν
708 4463 979 4535 μέριμνάν
1028 4478 1121 4516 σου
1165 4462 1242 4533 (7)
1283 4460 1571 4532 ὲπίῤῥιψον
1613 4461 1701 4514 ἐπ’

1757 4513 1777 4535 ι
1894 4465 1985 4521 53.
2029 4462 2258 4521 Omnem
2289 4480 2479 4521 curam
2520 4473 2669 4519 tuam
2697 4465 2843 4535 jacta
2870 4479 3033 4535 super
3068 4464 3288 4525 eum“.

165 4511 283 4567 ""
331 4511 510 4517 —"""
570 4511 648 4534 ⁷Ἱ’
708 4511 971 4535 Γ⁷ὗ⁷Τ⁷⁷⁷⁷
1032 4511 1114 4516 ⁷⁷⁷
1168 4511 1241 4533 \'I
1287 4511 1562 4532 ’⁷’“Γδ”ῐ⁷’
1617 4511 1681 4514 ἠ
1732 4511 1777 4567 D

119 4552 308 4605 αυτόν.

191 4643 282 4697 54.
318 4645 423 4698 Τοῦ
453 4646 756 4717 διηγεῖσθαι
782 4644 857 4719 (8)
891 4662 959 4716 με
983 4645 1083 4709 τὰς
1112 4644 1430 4715 εὐεργεσίας
1462 4661 1576 4697 σου.

1462 4661 1576 4697 σου.
1887 4644 1978 4700 54.
2033 4643 2106 4700 Ut
2134 4660 2382 4700 enarrem
2407 4644 2812 4700 beneﬁcientias
2834 4650 2974 4698 tuas.

190 4736 285 4791 55.
328 4739 646 4804 Ἀπαύστως
676 4738 1018 4812 ἀνυμνοῦντά
1059 4755 1118 4791 σε
1150 4741 1208 4791 ὲν
1248 4741 1315 4809 τῇ
1351 4739 1462 4793 ἄνω
1509 4736 1704 4809 Ἰερου-

1889 4737 1979 4792 55.
2033 4734 2405 4793 lndesinenter
2456 4747 2508 4791 te
2554 4737 2785 4792 laudans
2816 4736 2871 4791 in
2904 4749 3139 4807 superna
3181 4731 3373 4789 Jerusa

120 4828 258 4901 σαλή
267 4846 325 4899 μ.

1817 4828 1944 4884 lem.

211 5013 258 5044 ⁸⁸
312 5010 518 5067 Psalm.
552 5028 663 5078 LIV,
687 5013 781 5068 25.

1084 5172 1397 5235 Addenda
1430 5179 1491 5235 et
1516 5166 1894 5247 corrigenda
1936 5184 2017 5228 ex
2059 5166 2202 5227 cod.
2238 5164 2439 5226 Vatic.

221 5338 274 5412 1)
428 5340 726 5412 βουλήματί
757 5358 850 5395 σου
912 5338 1177 5410 ἐπιθόμην
1212 5335 1407 5389 πάντα.
1818 5333 2067 5412 tangong
2104 5340 2207 5412 etc.
2237 5329 2303 5383 N.
2329 5329 2432 5412 .54.
2472 5328 2606 5402 Περὶ⁵
2637 5326 2869 5384 εἰδώλων
2901 5326 3071 5399 λέγει.

224 5400 279 5480 2)
324 5400 628 5480 ’ὁδηγήσέῇ
1071 5400 1084 5410 ’
1134 5400 1144 5409 ’
2002 5400 2397 5480 ςῌπιθυμητόν.

223 5476 277 5551 ’5)
311 5476 643 5551 Δοξασϐῆναί
673 5497 758 5550 με.
2002 5476 2143 5551 Μου.

199 5540 277 5621 (4)
313 5540 478 5621 ξ’ᾼλλὰ
504 5540 575 5605 τᾶ
600 5540 779 5603 πάντα
806 5551 884 5611 ὲν.
914 5559 1020 5605 etc.
1471 5617 1482 5621 Α
1541 5615 1552 5621 _

858 5568 884 5611 ι.
914 5559 1020 5605 etc.
1471 5617 1482 5621 Α
1541 5615 1552 5621 _
1888 5540 1965 5617 (8)
1996 5540 2389 5616 Διηγήᾳασθαί.

310 5619 374 5674 Ν.
410 5621 500 5679 50.
542 5622 663 5676 Ὅτι
707 5621 815 5675 ἰδοὺ
852 5623 902 5675 οἱ
954 5616 1427 5690 ἁποσχοινίζοντες
1460 5615 1567 5670 ἀπὸ
1613 5632 1707 5668 σου
