3876 6220
446 321 543 378 951
1369 326 1428 384 S.
1467 325 1839 386 ATHANASII
1878 333 2028 390 OPP.
2069 331 2253 390 PARS
2290 331 2379 390 lll.
2417 365 2489 378 —
2527 334 2938 392 EXEGETICA.
3608 348 3642 402 9

3645 346 3722 386 ΞΘ

613 440 925 500 Intellectus
966 443 1164 515 Asaph.
1244 446 1512 503 PSALM.
1577 449 1852 506 LXXIII.
2052 459 2097 515 Α

2052 459 2097 515 Α
2405 453 2717 520 Συνέσεως
2742 453 2823 520 τῷ
2851 453 3064 522 Ἀσάφ.
3099 455 3279 509 ΨΑΛ.
3302 455 3433 510 01".

517 536 570 590 1.
625 535 698 591 Ut
725 536 876 605 quid,
915 535 1078 602 Deus,
1107 539 1356 609 repulisti
1381 541 1434 594 in
1468 541 1668 596 tinem?

2203 546 2255 602 1.
2286 545 2404 599 Ἷνα
2437 547 2509 612 τί,
2543 549 2571 599 ὁ
2599 547 2750 614 Θεὸς,
2775 547 2981 601 ἀπώσω
3012 549 3093 610 εἰς
3118 547 3302 616 τέλος;

517 628 571 682 2.
633 626 808 683 Iratus
856 628 1146 684 est‘furor
1211 639 1340 688 tuus
1392 649 1558 704 super
1622 650 1750 690 oves
1811 649 2027 705 pascuae

2211 636 2256 690 2.
2295 637 2551 709 Ὠργίσθη
2583 641 2611 691 ὀ
2644 638 2812 709 θυμός
2846 657 2940 692 σου
2967 640 3058 692 ἐπὶ
3089 641 3336 712 πρόϐατα
3377 643 3555 715 νομῆς
3592 646 3742 711 σαῖς

447 720 592 774 tum?

516 811 570 864 5.
619 808 826 866 Memor
852 819 974 867 esto
1008 815 1448 886 congregationis
1480 826 1607 886 tum,
1640 835 1805 888 quam
1839 834 2030 890 posse-

2214 817 2260 870 5.
2290 817 2714 900 hl~2ﬁ50mt.1ﬁg
2749 820 3074 890 συναγωγῆς
3107 836 3200 873 σου
3224 859 3238 884 ,
3269 816 3338 892 ἧς
3378 823 3599 894 ἐκτήσω
3629 821 3745 877 ἀπ’

449 901 576 956 disti
611 903 679 956 ab
709 902 867 959 initio
897 921 911 959 :

807 905 867 959 ,io
897 921 911 959 :
2131 908 2338 979 ἀρχῆς·

519 994 576 1049 Δ.
633 995 935 1052 Redemisti
976 998 1184 1070 virgam
1215 999 1548 1054 hacreditatis
1580 1010 1685 1056 tua:
1716 1021 1730 1056 :

2205 1000 2260 1053 4.
2301 999 2622 1071 Ἑλυτρὼσω
2649 1000 2843 1073 ῥάϐδον
2864 1001 3230 1072 κληρονομίας
3257 1021 3349 1057 σου
3369 1021 3383 1034 ·

528 1090 581 1144 5.
632 1090 788 1146 Mons
834 1091 988 1158 Sion,
1020 1092 1074 1145 in
1110 1108 1220 1162 quo
1252 1093 1510 1148 babitasti
1545 1095 1598 1148 in
1644 1109 1730 1148 eo.

2209 1091 2261 1145 5.
2291 1093 2456 1160 Ὄρος
2486 1091 2624 1144 Σιὼν
2648 1093 2824 1159 τοῦτο,
2859 1093 2887 1146 ὃ
2916 1096 3342 1164 κατεσκήνωσας
3362 1097 3419 1148 ἐν
3438 1097 3617 1166 αὐτῷ.

533 1183 587 1237 6.
632 1183 776 1239 Leva
811 1201 1009 1241 manus
1057 1194 1178 1241 luas
1226 1187 1280 1240 in
1329 1189 1616 1258 superbias
1649 1203 1839 1243 eorum
1885 1190 1940 1242 in
1969 1190 2030 1242 ti—

2222 1183 2254 1237 ἲ.
2291 1185 2535 1255 Ἕπαρον
2571 1184 2671 1247 τὰς
2707 1185 2895 1258 χεῖράς
2933 1203 3026 1238 σου
3070 1187 3164 1239 ἐπὶ
3206 1189 3305 1252 τὰς
3345 1189 3753 1261 ὑπερηφανίας

454 1291 578 1330 nem
610 1294 624 1330 Ξ

2135 1275 2313 1329 αὐτῶν
2343 1277 2421 1338 εἰς
2446 1275 2619 1338 τέλος.

525 1369 573 1423 7.
633 1370 850 1437 Quanta
895 1375 1226 1447 malignatus
1297 1387 1380 1432 est
1434 1377 1687 1433 inimicus
1741 1377 1793 1430 in
1843 1384 2033 1431 sancto

2220 1368 2410 1422 1.Ὄσα
2438 1367 2845 1439 ὲπονηρεύσατο
2869 1371 2896 1422 ὁ
2924 1370 3116 1443 ἐχθρὸς
3139 1373 3196 1426 ἐν
3218 1373 3295 1444 τῷ
3321 1373 3461 1443 ἁγίῳ
3491 1390 3591 1426 σου
3620 1374 3702 1444 ζα)
3731 1413 3751 1440 ,

456 1462 597 1517 tuo?

525 1553 580 1607 8.
646 1552 711 1607 Et
737 1554 954 1624 gloriati
979 1565 1127 1621 sunt,
1161 1557 1255 1627 qui
1288 1558 1520 1612 oderunt
1556 1567 1628 1620 te,
1659 1557 1710 1612 in
1745 1557 1922 1612 medio
1945 1572 2036 1612 so-

2224 1565 2262 1620 3.
2295 1567 2404 1619 Καὶ
2437 1567 2873 1638 ὲνεκαυχήσαντο
2895 1569 2944 1620 οἱ
2966 1569 3251 1640 μισοῦντές
3278 1587 3334 1622 σε
3366 1571 3422 1622 ἐν
3454 1567 3614 1641 μέσῳ
3636 1569 3755 1641 τῆς

455 1647 755 1703 lcmnitatis
787 1657 913 1704 tuas.

2140 1658 2333 1728 ἑορτῆς
2363 1674 2478 1712 σου.
2943 1667 2945 1671 ’

529 1739 582 1794 9.
631 1739 942 1796 Posuerunt
987 1741 1143 1812 signa
1191 1759 1291 1799 sua
1325 1743 1502 1814 signa,
1535 1753 1728 1799 etnon
1771 1756 2037 1813 cognove-

2224 1749 2266 1804 J.
2313 1749 2537 1803 Ἐθεντο
2594 1749 2664 1804 τὰ
2711 1753 2912 1823 σημεῖα
2961 1751 3140 1805 αὐτῶν
3194 1754 3427 1822 σημεῖα,
3479 1763 3577 1804 και
3638 1752 3755 1804 οὐκ

457 1839 620 1896 runt,

2073 1843 2115 1896 Β
2144 1838 2405 1908 ἔγνωσαν,

529 1926 616 1980 10.
655 1923 808 1978 Sicut
837 1922 890 1975 in
931 1918 1080 1974 exitu
1115 1931 1278 1986 super
1306 1932 1603 1971 summum.

2214 1931 2298 1985 10.
2352 1933 2441 1995 Ὡς
2479 1936 2558 1997 εἰς
2592 1935 2688 2005 τὴν
2721 1934 2894 2000 ἔξοδον
2928 1936 3201 2005 ὑπεράνω.

530 2019 618 2070 11.
653 2013 822 2081 Quasi
869 2014 924 2067 in
959 2013 1091 2067 silva
1147 2012 1446 2082 lignorum,
1495 2011 1782 2066 securibus
1826 2012 2040 2067 excide-

2225 2023 2295 2076 ΙΙ.
2340 2025 2426 2088 Ὠς
2455 2027 2514 2078 ἐν
2542 2027 2733 2098 δρυμῷ
2770 2027 2962 2090 ξύλων,
2993 2027 3204 2092 ἀξίναις
3233 2026 3494 2095 ἐξέκοψαν
3519 2033 3623 2091 τας
3650 2027 3756 2080 θύ-

459 2118 590 2164 runt
622 2109 820 2178 jauuas
846 2107 1004 2176 ejus:

2140 2133 2241 2186 ρας
2275 2114 2348 2187 (b)
2377 2119 2573 2187 αὐτῆς·

533 2200 621 2254 12.
655 2198 714 2252 In
769 2197 1004 2264 idipsum
1051 2196 1105 2249 in
1160 2194 1380 2256 securi,
1427 2203 1480 2246 et
1530 2193 1676 2248 ascia
1730 2194 2040 2262 deiecerunt

2224 2206 2304 2258 l2.
2333 2207 2456 2261 Ἐπὶ
2484 2209 2544 2260 τὸ
2577 2209 2708 2262 αὐτὸ
2731 2211 2786 2263 ὲν
2812 2210 3027 2263 πελέκει
3049 2213 3144 2264 καὶ
3163 2210 3504 2281 λαξευτηριῳ
3535 2213 3755 2282 κατέρ-

457 2307 578 2347 eam
590 2332 603 2345 .

2145 2296 2315 2368 ραξαν
2350 2301 2539 2369 αὐτὴν.

528 2386 618 2440 15.
659 2385 1026 2439 Incenderunt
1057 2384 1111 2437 in
1142 2385 1266 2454 igne
1296 2381 1667 2436 sanctuarium
1698 2388 1847 2436 tuum
1878 2400 1891 2435 :

2221 2389 2308 2443 15.
2339 2391 2699 2462 Ἐνεπύρισαν
2728 2393 2785 2444 ἐν
2814 2393 2946 2464 πυρὶ
2976 2394 3034 2446 τὸ
3067 2394 3421 2466 ἁγιαστήριόν
3453 2413 3549 2448 σου
3580 2395 3656 2464 (c)
3689 2408 3703 2422 '

533 2477 621 2533 14.
680 2476 738 2532 In
792 2487 934 2534 terra
982 2478 1295 2548 polluerunt
1349 2475 1760 2530 tabernaculum
1803 2476 2041 2531 nominis

2222 2480 2305 2533 14.
2335 2482 2432 2544 Εἰς
2462 2481 2558 2553 τὴν
2597 2483 2701 2553 γῆν
2729 2484 3074 2554 ὲ6ε6ήλωσαν
3101 2486 3162 2538 τὸ
3187 2487 3454 2557 σκήνωμα
3488 2485 3583 2538 τοῦ
3619 2483 3753 2538 ὀνό-

459 2568 563 2623 tui.

2151 2570 2320 2640 ματός
2352 2587 2466 2624 σου.

529 2709 605 2784 (α)
659 2711 873 2784 μέν-,τοῖς
898 2711 1074 2784 ἁγίοις
1103 2727 1217 2762 σου.
1243 2711 1312 2762 At
1345 2710 1396 2762 in
1426 2725 1598 2784 marg.
1619 2709 1740 2784 cod.
1767 2709 2033 2784 cha_ract.,

1002 2728 1074 2773 οις
1103 2727 1217 2762 σου.
1243 2711 1312 2762 At
1345 2710 1396 2762 in
1426 2725 1598 2784 marg.
1619 2709 1740 2784 cod.
1767 2709 2033 2784 cha_ract.,
2075 2711 2132 2764 ὲν
2158 2712 2234 2782 τῷ
2257 2714 2397 2784 ἁγίῳ
2421 2732 2533 2768 σου.

535 2778 611 2849 (θ’)
659 2779 863 2844 Ῥίζας.
928 2781 984 2833 lu
1013 2796 1188 2849 marg.
1225 2790 1406 2834 autem
1439 2780 1561 2833 eod.
1590 2783 1831 2834 cbaract.
1858 2778 2049 2848 θύρας.

535 2851 607 2924 (ε)
643 2851 751 2904 Τοῦ
776 2851 911 2904 Θεοῦ
943 2867 1041 2922 pro
1086 2867 1178 2903 σου

1590 2993 1967 3051 ATHANASH
2007 2994 2593 3051 INTERPRETATIO.

545 3109 611 3166 Ἢ
641 3114 980 3185 προκειμένη
1007 3113 1288 3186 ἐπιγραφὴ
1321 3113 1564 3184 περιέχει
1603 3112 1711 3181 (1)·
1743 3111 2059 3178 Συνέσεως
2092 3109 2172 3176 τῷ
2219 3110 2421 3181 Ἀσάφ.
2462 3110 2633 3164 Τοῦτο
2662 3106 2754 3166 οὖν
2789 3110 2938 3179 λέγει
2977 3111 3107 3182 περὶ
3139 3111 3245 3165 τῶν
3285 3112 3366 3174 εἰς
3398 3109 3617 3166 σύνεσιν
3647 3112 3750 3185 ἐρ-

463 3207 710 3279 χομένων
740 3211 805 3260 ὲκ
835 3225 930 3261 του
955 3206 1085 3262 λαοῦ
1111 3208 1218 3263 τῶν
1252 3209 1542 3272 Ἰουδαίων,
1561 3209 1655 3262 καὶ
1681 3208 2122 3279 ἐπιστρεφόντων
2152 3209 2245 3262 ἐπὶ
2273 3209 2364 3262 τὸν
2386 3209 2616 3284 Κύριον.
2662 3209 2843 3276 Ἀσάφ
2875 3208 2984 3280 γὰρ
3010 3209 3370 3280 ἑρμηνεύεται
3394 3211 3749 3281 συναγωγή,

538 3301 754 3357 Titulus
785 3302 1111 3372 praepositus
1137 3301 1380 3356 continet
1412 3318 1423 3353 :
1460 3300 1766 3356 Intellectus
1808 3302 2008 3372 Asaplt.
2043 3301 2158 3357 Hoc
2190 3303 2355 3370 igitur
2398 3303 2670 3372 signiﬁcat
2705 3322 2718 3356 :
2749 3303 2816 3355 de
2847 3301 3188 3355 venientibus
3221 3303 3274 3354 in
3305 3302 3644 3357 intellectum
3678 3321 3753 3359 ex

463 3395 667 3468 popqu
692 3393 1027 3461 Judmorum,
1061 3406 1115 3451 et
1141 3412 1199 3452 se
1223 3396 1667 3452 convertentibus
1699 3396 1766 3450 ad
1797 3397 2112 3452 Dominum.
2150 3397 2328 3466 Asaplt
2355 3399 2500 3452 enim
2539 3398 2924 3466 interpretatur
2952 3412 3242 3466 synagoga.

537 3490 590 3543 1.
635 3488 862 3544 Gentem
890 3487 1226 3545 Judaaorum.

2073 3494 2120 3554 C
2224 3491 2274 3544 1.
2315 3490 2386 3543 Τὸ
2419 3490 2567 3553 ἔθνος
2593 3489 2700 3542 τῶν
2739 3489 3026 3543 Ἰουδαίων.

536 3581 592 3634 2.
637 3580 875 3636 Minatus
925 3597 985 3636 es
1028 3582 1201 3638 iratus
1248 3598 1314 3637 eo
1357 3582 1502 3653 quod
1540 3584 1642 3652 ipsi
1695 3582 2050 3652 epularentur

2223 3582 2278 3636 2.
2322 3581 2650 3652 Ἠπείλησας
2686 3580 2958 3651 θυμωθεὶς
2988 3577 3379 3631 ἐπιδόσκεσθαι
3415 3579 3616 3642 αὐτοὺς
3647 3580 3753 3633 ἐπὶ

465 3689 631 3743 supra
657 3684 892 3736 montes,
925 3685 980 3728 et
1028 3675 1131 3730 sub
1163 3675 1389 3730 arbores
1421 3673 1855 3729 idololatrantcs.

2153 3672 2220 3726 τὰ
2245 3673 2344 3744 ὅρη
2369 3714 2383 3737 ,
2414 3672 2507 3725 καὶ
2538 3671 2608 3724 τὰ
2637 3671 2828 3741 δένδρα
2859 3669 3401 3740 εἰδωλολατροῦντας.
3439 3715 3441 3718 ,

537 3767 590 3820 3.
636 3765 842 3822 Memor
890 3777 1030 3832 esto,
1079 3767 1224 3837 quod
1275 3767 1342 3822 ab
1382 3767 1538 3821 initio
1569 3777 1791 3836 propter
1833 3764 2050 3818 miseri-

2222 3767 2272 3820 5.
2308 3765 2624 3836 Μνήσθητι,
2667 3767 2749 3818 ὅτι
2805 3765 2899 3818 ἀπ’
2945 3764 3126 3834 ἀρχῆς
3188 3762 3275 3814 διὰ
3340 3762 3404 3814 τὸ
3463 3762 3617 3826 ἔλεός
3653 3779 3753 3816 σου

465 3857 711 3912 cordiam
751 3868 898 3913 tuam
929 3859 1224 3928 possedisti
1257 3874 1375 3924 eos,
1404 3867 1462 3913 ut
1498 3859 1740 3914 salvares
1783 3872 1849 3911 ex
1879 3854 1996 3927 Eg;

1989 3872 2049 3927 y-
2155 3859 2372 3929 ἐκτήσω
2399 3860 2596 3921 αὐτοὺς
2620 3858 2679 3921 ἐξ
2703 3857 2980 3925 Αἰγύπτου
3009 3856 3102 3908 ἐπὶ
3133 3853 3192 3906 τὸ
3217 3855 3293 3924 (2)
3322 3854 3517 3909 σῶσαι.

467 3961 582 4022 pto.

541 4045 600 4100 ά.
651 4042 889 4097 Sanctos
920 4051 1062 4097 tuos.

2225 4037 2278 4092 4.
2309 4038 2448 4097 Τοὺς
2481 4039 2669 4106 ἁγίους
2696 4055 2811 4090 σου.

547 4134 600 4188 5.
645 4133 703 4186 In
742 4132 912 4186 choro
962 4141 1299 4187 sanctorum.

2225 4129 2278 4184 5.
2320 4131 2407 4182 Ἐν
2440 4129 2517 4200 τῷ
2549 4128 2693 4200 χορῷ
2722 4128 2829 4181 τῶν
2857 4129 3043 4197 ἁγίων.

535 4226 588 4278 6.
630 4225 833 4278 Contra
867 4224 1163 4279 daemones.

2226 4223 2280 4276 6.
2313 4221 2471 4275 Κατὰ
2496 4223 2602 4274 τῶν
2629 4222 2917 4291 δαιμόνων.

541 4315 595 4370 7.
638 4315 900 4370 Diabolus
936 4324 1126 4370 contra
1149 4316 1414 4386 populum
1443 4317 1677 4372 tidelcm.

2229 4314 2280 4368 7.
2323 4316 2380 4367 Ὀ
2401 4314 2643 4378 διάϐολος
2668 4313 2812 4367 κατὰ
2834 4313 2926 4366 τοῦ
2955 4310 3147 4366 πιστοῦ
3179 4308 3331 4365 λαοῦ.

540 4410 595 4465 8.
649 4408 820 4465 Judmi
857 4411 951 4479 qui
985 4419 1035 4464 te
1071 4410 1483 4464 crueiﬁxerunt.

2189 4430 2197 4434 -
2225 4411 2277 4462 8.
2309 4409 2370 4461 Οἱ
2407 4407 2647 4460 Ἰουδαῖοι
2686 4405 3097 4478 σταυρώσαντές
3124 4423 3202 4458 σε.

540 4504 595 4559 9.
645 4504 1032 4575 Cagnoverunt
1079 4518 1242 4557 voces
1292 4504 1676 4573 prophetarum
1711 4516 1867 4557 veras
1907 4517 2048 4566 esse,

2229 4499 2282 4550 9.
2320 4498 2606 4566 Ἔγνωσαν
2640 4500 2737 4558 τὰς
2766 4497 2949 4564 φωνὰς
2988 4497 3097 4548 τῶν
3137 4489 3454 4566 προφητῶν,
3498 4492 3583 4546 ὅτι
3613 4493 3750 4565 ἀλη-

471 4609 523 4652 et
557 4598 694 4652 l‘also
731 4612 825 4652 eas
857 4596 1196 4666 interpretati
1231 4607 1380 4651 sunt.

2157 4587 2270 4652 θεῖς
2300 4590 2426 4649 εἰσι,
2461 4590 2554 4642 καὶ
2585 4588 3012 4657 παρελογίσαντο
3035 4586 3221 4650 αὑτάς.

543 4690 629 4742 10.
677 4689 962 4742 Auxerunt
995 4703 1141 4742 nunc
1169 4697 1412 4758 peccata,
1448 4703 1570 4757 quae
1606 4695 1968 4757 peccaverunt
1996 4685 2051 4740 in

2226 4682 2314 4736 10.
2349 4679 2519 4736 Πλέον
2550 4681 2643 4734 νῦν
2671 4682 2940 4751 ἥμαρτον,
2973 4671 3047 4731 ὧν
3074 4679 3321 4750 ἥμαρτον
3343 4680 3422 4741 εἰς
3446 4677 3547 4747 τὴν
3568 4677 3739 4743 ἔξοδον

474 4781 624 4834 exitu
659 4778 877 4850 [Egypti

2087 4840 2126 4850 __
2157 4773 2451 4841 Αἰγύπτου.

546 4873 633 4926 11.
670 4840 927 4941 Utwligna
975 4869 1316 4924 iufructifera
1371 4870 1438 4924 ad
1486 4869 1916 4925 comburendum
1959 4885 2055 4940 pa-

2232 4866 2318 4918 11.
2370 4867 2458 4928 Ὡς
2484 4865 2614 4931 ξύλα
2646 4865 2867 4936 ἄκαρπα
2899 4867 2978 4930 εἰς
3021 4863 3216 4919 καῦσιν
3255 4863 3402 4930 ὄντα,
3430 4862 3604 4925 οὕτως
3633 4860 3748 4929 ἐγέ-

472 4971 616 5028 rata,
647 4962 720 5015 ita
751 4961 876 5016 facti
914 4970 1042 5016 sunt
1070 4977 1262 5015 eorum
1296 4963 1590 5030 principes.

2153 4975 2307 5012 νοντο
2338 4957 2388 5009 οἱ
2412 4956 2670 5027 ἄρχοντες
2703 4956 2904 5010 αὐτῶν.
3335 5013 3337 5016 ς

547 5055 635 5108 l2.
669 5055 729 5106 1n
768 5052 1026 5122 peccatis.
1055 5063 1111 5107 et
1139 5052 1522 5122 iniquitatibus
1555 5053 1878 5107 exsistentes
1917 5065 2050 5106 con-

2230 5048 2316 5102 l2.
2337 5047 2425 5101 Ἐν
2453 5049 2745 5119 ἁμαρτίαις
2768 5049 2860 5102 καὶ
2884 5049 3134 5120 ἀνομίαις
3153 5048 3304 5111 ὄντες
3324 5045 3622 5100 κατέπεσον
3647 5043 3744 5114 (5).

470 5145 743 5201 ciderunt.

545 5239 636 5292 15.
674 5237 1208 5292 Contammaveruut
1237 5245 1461 5306 peccato
1488 5235 1746 5306 templum
1782 5233 1897 5288 Dei.

2234 5225 2319 5280 15.
2356 5226 2455 5279 Διὰ
2480 5225 2578 5295 τῆς
2601 5223 2874 5295 ἁμαρτίας
2893 5222 3160 5293 ἐμόλυναν
3182 5221 3274 5274 τὸν
3309 5219 3435 5274 ναὸν
3470 5215 3564 5270 τοῦ
3586 5215 3745 5269 Θεοῦ.

548 5332 640 5386 14.
677 5329 1008 5386 Carnutibus
1048 5329 1532 5398 concupiscentiis,
1584 5342 1722 5398 quas
1773 5334 2055 5397 perpetra-

2236 5320 2322 5374 M.
2358 5321 2436 5373 Δι’
2461 5312 2536 5371 ὧν
2562 5318 2830 5389 ἔπραττον
2864 5315 3140 5386 σαρκικῶν
3170 5311 3471 5383 ἐπιθυμιῶν
3504 5309 3751 5381 βλασφη-

474 5435 623 5489 runt,
656 5438 731 5478 tta
767 5437 825 5479 ut
855 5423 1325 5483 blasphemaretur
1359 5419 1524 5475 Deus.

1254 5437 1325 5474 ur
1359 5419 1524 5475 Deus.
2167 5411 2379 5486 μεῖσθαι
2410 5409 2502 5462 τὸν
2531 5409 2661 5462 Θεὸν
2689 5409 2785 5480 (4).

1437 5553 1746 5616 Addenda
1774 5561 1834 5617 et
1875 5548 2248 5628 corrigenda
2286 5564 2364 5607 ex
2401 5547 2545 5607 cod.
2582 5542 2786 5604 Vatic.

545 5709 620 5778 (t)
664 5711 727 5763 Ἡ
761 5709 848 5761 διὰ
881 5709 978 5778 τῆς
1007 5703 1377 5776 κινναϐάρεως
1406 5719 1536 5775 περι
2245 5695 2317 5778 ἐξ)
2349 5693 2697 5778 Ε,ατὶπὲσαν·
2724 5754 3010 5778 μωμ..

547 5763 863 5851 {simam
936 5763 972 5778 "
1242 5763 1252 5776 '
1359 5763 1371 5767 '
1483 5763 1494 5775 '

2245 5763 2313 5838 [6)
2349 5763 2450 5816 Τὸν
2483 5763 2613 5815 Θεὸν
2660 5763 3092 5828 παρεσκεύαζον.
