3876 6220
248 378 360 438 955
1129 392 1221 448 DE
1259 393 1537 454 TlTULlS
1572 398 2028 462 PSALMOBUM.
2068 435 2138 448 --
2169 405 2366 462 PSAL.
2409 406 2646 488 LXXIII.
3420 413 3527 468 95-5

329 500 414 554 15.
442 497 608 556 Εἶπον
637 503 713 573 (α)
737 505 794 558 ἐν
821 509 886 580 τῇ
917 509 1114 583 καρδίᾳ
1135 513 1316 568 αὐτῶν
1337 518 1393 569 αἱ
1417 519 1730 588 συγγένειαι
1749 522 1826 576 ao.

295 590 362 644 ὧν
392 594 484 646 ἐπὶ
515 596 577 648 τὸ
609 598 741 650 αὐτό
761 615 774 628 ·

2023 526 2108 581 15.
2149 525 2413 582 Dixerunt
2461 528 2516 582 in
2569 527 2736 583 corde
2783 542 2886 584 suo
2937 526 3295 598 cognationes
3336 543 3524 583 eorum

1999 619 2106 650 mnl
2137 637 2149 650 .

244 594 362 644 τῶν
392 594 484 646 ἐπὶ
515 596 577 648 τὸ
609 598 741 649 αὐτό
761 615 774 628 ·

1946 619 2110 674 simul
2137 637 2150 673 :

323 684 414 786 16.
475 687 640 741 Δεῦτε
675 692 768 744 καὶ
804 695 1250 768 καταπαύσωμεν
1297 699 1478 765 πάσας
1513 702 1611 766 τὰς
1649 704 1846 776 ἑορτὰς

2019 707 2108 764 16,
2148 706 2340 761 Venite
2369 715 2423 760 et
2453 707 2735 776 quiescere
2769 706 3040 763 faciamus
3073 723 3266 765 omnes
3295 708 3412 764 dies
3445 706 3525 762 fc-

245 779 346 828 τοῦ
375 779 510 831 (ὺεοῦ
547 782 654 834 ἀπὸ
676 785 771 854 τῆς
805 786 928 855 γῆς.

916 826 928 839 -
1945 807 2060 854 stos
2094 799 2182 852 Dei
2219 816 2246 852 a
2280 808 2445 853 terra.

328 870 416 924 17.
450 873 529 927 Τὰ
569 881 769 946 σημεῖα
797 880 976 932 αὐτῶν
1010 883 1109 936 οὐκ
1147 884 1391 955 εἴδομενο

2017 893 2106 946 17.
2147 891 2311 961 Signa
2350 901 2533 945 nostra
2567 906 2673 944 non
2703 891 2942 945 vidimus
2975 909 2988 945 :
3051 957 3055 961 η

329 961 413 1018 18.
452 967 565 1020 Οὐκ
596 968 742 1023 ἔστιν
774 971 854 1024 ἔτι
885 977 1295 1047 προφήτης,καὶ
1316 981 1461 1049 ἡμᾶς
1482 981 1542 1033 ού
1577 980 1784 1049 γνώσετ

253 1051 278 1068 ..

2018 985 2102 1038 18.
2142 983 2258 1038 Non
2287 995 2369 1038 cst
2397 985 2629 1054 amplius
2658 986 2942 1053 propheta,
2971 993 3024 1038 et
3051 1000 3152 1040 nos
3184 1001 3290 1040 nou
3323 1001 3521 1056 cogno-

249 1069 356 1106 ετι.

1945 1087 2058 1134 sccl
2093 1080 2343 1146 amplius.

445 1149 592 1212 Ἕως
617 1153 768 1215 πότε,
799 1157 826 1208 ό
857 1157 1009 1221 Θεὸς,
1035 1161 1250 1215 ὀνειδιεῖ
1274 1165 1301 1216 ό
1327 1164 1555 1235 ἐχθρόςς

2016 1170 2100 1222 19.
2140 1168 2452 1238 Usquequo,
2489 1167 2648 1230 Deus,
2689 1168 3080 1238 improperabit
3113 1166 3416 1222 inimicus?

325 1237 414 1292 20.
443 1241 744 1311 Παροξννεῖ
765 1247 792 1298 ὁ
817 1249 1132 1316 ὑπεναντίος
1151 1253 1210 1306 τὸ
1236 1253 1406 1325 ὄνομα
1435 1274 1524 1310 σου
1552 1261 1632 1324 εἰς
1654 1261 1804 1326 τέλος
1827 1280 1840 1328 ;

2011 1259 2102 1312 20.
2137 1258 2374 1312 Irritabit
2403 1260 2748 1312 adversarius
2785 1275 2980 1311 nomen
3013 1270 3168 1313 tuum
3214 1260 3268 1313 itt
3302 1259 3464 1313 linem
3495 1255 3520 1313 τ

327 1330 416 1384 21.
449 1333 566 1386 Ἷνα
591 1335 644 1387 τί
669 1338 1035 1409 ἀποστρέφεις
1060 1342 1157 1413 τὴν
1189 1347 1347 1414 χεῖρά
1381 1364 1506 1411 σου;

2013 1355 2100 1408 21.
2135 1353 2333 1423 thuid
2366 1353 2568 1406 avertis
2607 1368 2828 1405 manum
2863 1351 3057 1405 tuam?

325 1421 414 1475 22.
443 1425 550 1477 Καὶ
571 1427 668 1496 τὴν
691 1429 870 1495 δεξιάν
903 1450 996 1486 σου
1021 1436 1085 1486 ὲκ
1113 1436 1282 1506 μέσου
1307 1438 1400 1491 τού
1423 1440 1623 1493 κόλπου
1648 1458 1738 1494 σου
1763 1442 1843 1506 είς

2012 1448 2101 1501 22.
2133 1448 2195 1500 Et
2227 1421 2520 1501 dexteram
2575 1456 2722 1500 tuam
2776 1445 2842 1500 de
2893 1445 3073 1498 medio
3105 1444 3226 1500 sinu
3256 1452 3350 1499 tuo
3375 1445 3430 1500 in
3460 1445 3523 1501 ιι.

246 1512 408 1576 τέλος
429 1532 443 1580 ;

1944 1553 2063 1591 nem
2095 1538 2116 1590 ?

324 1602 415 1657 25.
463 1607 519 1659 Ὀ
540 1608 597 1660 δὲ
627 1609 759 1674 Θεὸς
785 1612 1039 1682 βασιλεὺς
1073 1619 1228 1688 ἡμῶν
1258 1621 1364 1690 πρὸ
1393 1620 1624 1684 αἰώνων,

2013 1630 2101 1682 25.
2141 1629 2282 1682 Deus
2310 1637 2486 1681 autem
2527 1641 2617 1680 rex
2658 1633 2842 1679 noster
2872 1635 2995 1678 ante
3023 1625 3239 1688 smcula,

324 1695 414 1750 24.
446 1699 755 1769 Εἰργάο-ατο
791 1709 1063 1778 σωτηρίαν
1095 1712 1151 1762 ἐν
1199 1712 1349 1783 μέσῳ
1382 1713 1479 1781 τῆς
1502 1715 1623 1783 γῆς.

2011 1722 2104 1774 21.
2135 1720 2400 1789 Opi-ratus
2432 1729 2514 1773 est
2555 1719 2786 1772 salutem
2818 1717 2869 1769 itt
2903 1719 3083 1769 medio
3118 1729 3295 1770 terra}.

325 1788 412 1842 25.
431 1793 502 1844 Σὺ
522 1795 899 1865 ἐκραταίωσας
914 1803 970 1852 ἐν
986 1804 1050 1871 τῇ
1069 1801 1294 1873 δυνάμει
1310 1822 1402 1856 σου
1420 1805 1516 1875 τὴν
1535 1805 1804 1860 θάλασσαν
1818 1824 1832 1839 ·

1710 1824 1832 1860 σαν·
2011 1812 2100 1865 25.
2134 1811 2211 1863 Tn
2245 1811 2577 1864 coulirmasti
2619 1811 2670 1862 in
2699 1813 2901 1861 virtute
2936 1819 3024 1860 tua
3058 1823 3241 1860 mare:

323 1882 411 1938 26.
441 1887 512 1940 Σὺ
547 1890 873 1962 συνέτριψας
903 1895 1001 1958 τὰς
1024 1897 1264 1964 κεφαλὰς
1286 1897 1392 1951 τῶν
1419 1898 1726 1969 δρακόντων
1748 1901 1838 1955 ἐπὶ

2009 1902 2099 1955 26.
2138 1901 2216 1955 Tu
2249 1902 2553 1955 contrivisti
2595 1897 2960 1972 [confregisti]
2989 1899 3164 1966 capita
3218 1898 3516 1951 draconum

246 1976 348 2028 τοῦ
395 1976 604 2044 ὓδατος.

1938 1994 1992 2048 in
2024 2009 2162 2062 aqua

324 2069 414 2123 27.
440 2073 512 2124 Σὺ
546 2075 876 2141 συνέθλασας
897 2079 996 2146 τὴν
1021 2081 1260 2152 κεφαλὴν
1285 2083 1377 2134 τοῦ
1402 2083 1696 2151 δράκοντος
1715 2099 1726 2108 ⁸

2008 2088 2098 2140 27.
2132 2085 2210 2138 Tu
2238 2083 2550 2152 confrcgisti
2592 2077 2939 2153 [contrivisti]
2988 2088 3149 2145 caput
3189 2077 3481 2136 draconis:

321 2163 410 2216 28.
447 2167 693 2231 Ἔδωκας
717 2171 876 2223 αὑτὸν
910 2173 1102 2243 βρςῗςμα
1131 2176 1278 2238 λαοῖς
1306 2178 1418 2236 τοῖς
1445 2174 1675 2245 Αἰθίοψι.

2009 2176 2102 2229 28.
2145 2175 2343 2228 Dediin
2382 2190 2503 2225 cum
2537 2187 2717 2224 cscatn
2753 2169 2966 2237 populis
2990 2167 3309 2238 ᾸΞιΙιίοριιῐη

322 2255 410 2310 29.
446 2258 516 2310 Σὺ
555 2259 846 2332 διέῤῥηξας
874 2267 1054 2334 πηγὰς
1082 2267 1174 2319 καὶ
1201 2269 1565 2338 χειμὰῤῥους·

2009 2267 2100 2320 29.
2129 2265 2208 2318 Tu
2243 2264 2491 2332 dirupiin
2531 2263 2708 2314 fontes
2747 2269 2800 2312 ct
2827 2267 3096 2312 torrentes
3124 2276 3137 2312 :

320 2347 408 2401 50.
439 2351 510 2403 Σὺ
643 2370 805 2423 ρανας
831 2360 1104 2427 ποταμοὺς
1132 2359 1311 2428 ἨΟάμ
1347 2358 1601 2430 [Αίθάμῖο

1402 2358 1601 2430 ιΞΟάμῙ.
2013 2357 2102 2410 50.
2135 2357 2213 2409 Tu
2245 2356 2460 2408 sict-usti
2497 2354 2689 2406 ﬂuvios
2719 2351 2933 2406 Etbatn.

319 2439 408 2495 51.
446 2443 518 2513 Σή
561 2445 706 2497 ἐστιν
787 2449 987 2519 ἡμέρα,
1015 2451 1107 2502 καὶ
1135 2452 1198 2521 σή
1233 2453 1377 2503 ἐστιν
1475 2452 1570 2516 νύξ
1604 2469 1618 2483 ·

1547 2452 1570 2516 ξ
1604 2469 1618 2483 ·
2011 2450 2100 2502 51.
2134 2451 2285 2501 Τιιιις
2318 2457 2402 2500 est
2437 2448 2574 2506 dics,
2605 2456 2658 2499 ct
2693 2455 2781 2499 tua
2819 2455 2902 2499 est
2929 2461 3035 2499 nox
3066 2464 3078 2499 :

323 2530 413 2584 32.
448 2535 518 2587 Σὺ
555 2539 867 2609 κατηρτίσω
896 2542 1094 2608 φαῦσιν
1127 2544 1220 2594 καὶ
1245 2543 1416 2613 ἥλιον.
1537 2543 1545 2553 ’

2011 2543 2099 2596 52.
2139 2541 2216 2594 Tt:
2253 2541 2549 2594 fabricatus
2585 2555 2643 2592 cs
2675 2555 2929 2592 auroram
2953 2550 3008 2592 ct
3042 2539 3236 2596 solem.

320 2621 409 2677 55.
435 2625 506 2677 ΣΞ)
542 2628 803 2699 ἐποίησας
838 2632 1012 2685 πάντα
1039 2633 1106 2686 τὰ
1134 2634 1258 2702 ὅρια
1287 2635 1387 2703 τῆς
1414 2635 1514 2704 γῆς
1538 2651 1553 2666 ’

2009 2635 2098 2689 55.
2138 2634 2219 2688 Tu
2260 2633 2435 2687 fecisti
2464 2647 2654 2685 omnes
2687 2633 2950 2687 terminos
2973 2644 3162 2688 terrae:

321 2737 397 2810 (α)
429 2735 626 2808 Εἶπαν,
657 2751 762 2798 etc.
803 2743 860 2798 In
901 2761 1072 2817 marg.
1121 2747 1245 2802 cod.
1289 2751 1322 2818 ἡ
1357 2748 1668 2816 συγγένεια.

1376 2863 1748 2917 ATIIANASII
1790 2860 2385 2917 INTERPRETATIO.

322 2971 410 3036 15,
434 2971 520 3026 16.
551 2972 624 3045 (1)
647 2975 710 3026 Οἱ
739 2979 1020 3043 συγγενεῖς
1044 2976 1220 3030 αὐτῶν
1242 2979 1291 3030 οἱ
1317 2978 1570 3048 δαίμονες
1592 2977 1836 3031 ἐϐουλεύ-

2009 2977 2097 3040 15,
2139 2975 2226 3029 16.
2261 2972 2489 3041 Cognati
2525 2986 2714 3025 corum
2756 2970 3034 3024 daamoncs
3066 2971 3519 3028 consullavcrunt

242 3081 446 3119 σαντο·
494 3067 768 3120 Ἐκκλῖναι
803 3069 1118 3139 ποιήσωμεν
1160 3070 1366 3133 πάντας
1417 3071 1522 3122 άπδ
1552 3070 1645 3123 τοῦ
1677 3070 1773 3122 Θεο

1939 3065 2182 3120 dicentes
2212 3081 2224 3118 :
2260 3063 2572 3119 Faciamus.
2600 3069 2659 3114 ut
2685 3075 2876 3112 omnes
2902 3059 3157 3112 deﬁciant
3189 3075 3217 3114 a
3255 3059 3381 3114 Deo.

323 3159 409 3212 17.
448 3160 559 3229 Οὐχ
588 3160 804 3230 ὁρῶμεν
853 3163 1081 3226 ἑαυτοὺς
1131 3163 1472 3234 ἀποϐλήτους
1510 3165 1669 3228 ὄντας
1727 3165 1837 3220 ἀπὸ

2014 3158 2100 3210 17.
2134 3155 2252 3210 Non
2282 3156 2530 3209 videmus
2562 3171 2661 3207 nos
2689 3154 2836 3222 ipsos
2866 3153 3136 3222 ptojectos
3165 3169 3286 3208 esse
3326 3153 3395 3206 ab
3421 3152 3521 3207 lto-

237 3248 358 3302 τῶν
393 3249 718 3320 ἀνθρώπιον.

668 3268 718 3304 ν.
1784 3282 1790 3288 -
1939 3250 2199 3303 minibus.

324 3341 408 3394 18.
442 3343 556 3395 Οὐκ
582 3342 696 3395 ἔστι
725 3360 808 3406 τις
835 3344 928 3396 ἐπὶ
967 3345 1067 3413 τῆς
1103 3345 1207 3416 γῆς
1259 3346 1284 3398 ὑ
1321 3345 1630 3418 εὐαρεστῶν
1663 3345 1834 3418 αὐτῷ,

2011 3341 2099 3394 18.
2153 3338 2327 3392 Nemo
2358 3348 2441 3392 cst
2487 3338 2540 3392 in
2593 3347 2760 3399 terra,
2813 3339 2902 3408 qui
2941 3338 3042 3407 ipsi
3076 3337 3431 3408 complaceat,
3465 3345 3518 3393 et

241 3431 344 3482 καὶ
372 3430 519 3499 ἡμᾶς
555 3430 653 3481 οὐκ
685 3429 765 3483 ἔτι
800 3431 1117 3502 πολεμήσει.

1938 3449 2040 3488 nos
2077 3449 2184 3486 non
2221 3433 2564 3502 impugnabit
2596 3432 2851 3500 amplius.

321 3521 408 3574 19.
441 3522 585 3584 Ἕως
615 3522 747 3574 πότε
777 3525 1046 3593 καυχᾶται
1079 3527 1108 3577 ὁ
1135 3525 1379 3590 διάϐολος
1409 3543 1422 3590 ;

2011 3526 2098 3580 19.
2133 3523 2431 3594 Usquequo
2457 3525 2720 3595 gloriatur
2758 3523 3047 3578 diabolus?

319 3612 408 3666 20.
461 3614 518 3666 ’0
541 3614 700 3678 αὐτός

738 3615 828 3686 {2).
2007 3618 2096 3671 ao.
2131 3617 2269 3686 Ipse.

319 3704 408 3767 21,
430 3705 520 3758 22.
543 3706 662 3758 Ἵνα
688 3706 738 3757 τί
763 3705 1156 3778 ἀποκρύπτεις,
1185 3707 1252 3760 δι’
1279 3726 1340 3762 ου
1359 3707 1428 3761 τὰ
1451 3710 1627 3763 πάντα
1653 3711 1836 3781 ἐποίη-

2010 3708 2101 3772 21,
2133 3708 2222 3760 22.
2258 3706 2327 3760 Ut
2371 3706 2502 3775 quid
2535 3703 2852 3768 abscondis,
2884 3719 2982 3773 per
3023 3719 3187 3772 quem
3221 3703 3403 3756 omnia
3438 3701 3518 3756 fe-

242 3813 370 3858 σας,
406 3795 498 3848 τὸν
528 3796 652 3848 Υἱόν
683 3813 774 3849 σου
803 3798 892 3849 τὸν
926 3799 1188 3868 μονογενῆ
1219 3800 1276 3851 ἐν
1307 3800 1505 3870 ἐαυτῷ,
1531 3802 1625 3854 καὶ
1653 3803 1713 3854 ού
1742 3821 1773 3872 φ

1993 3802 2099 3863 sti,
2140 3800 2340 3853 Filium
2391 3809 2542 3853 tuum
2594 3797 2935 3867 unigenitum
2987 3797 3040 3850 in
3082 3799 3282 3866 seipso,
3323 3805 3377 3851 et
3409 3812 3519 3850 non

240 3893 424 3960 νεροῐς
458 3890 625 3942 αὑτὸν
649 3891 754 3954 ἕως
787 3892 1005 3955 τέλους;

1939 3892 2261 3944 manifestas
2291 3906 2414 3945 cum
2453 3905 2627 3957 usque
2657 3890 2708 3940 in
2744 3889 2903 3940 tinctu
2931 3887 2953 3938 *ἓ

321 3981 411 4035 25.
463 3983 519 4034 ὐ
544 3982 653 4054 γὰρ
686 3983 819 4045 Θεὸς
844 3983 1017 4050 Λόγος
1050 3985 1078 4036 ό
1105 3983 1234 4048 Υἱός
1267 4002 1361 4038 σου
1391 3985 1642 4056 βασιλεὺς
1679 3987 1836 4058 ἡμῶν

2006 3985 2100 4037 25.
2155 3983 2298 4036 Deus
2349 3983 2495 4036 cnim
2543 3979 2779 4035 Verbum
2815 3978 2990 4032 Filius
3037 3987 3163 4032 tuus
3197 3993 3291 4032 rex
3336 3985 3522 4033 noster

240 4074 356 4146 πρὸ
384 4075 579 4138 αἰῶνος
607 4075 705 4146 (5).

1939 4089 2065 4134 ante
2095 4079 2313 4132 smcula.

317 4165 408 4220 2-1.
456 4165 651 4218 Ἐσταυ
663 4165 831 4238 ρώθη.

2009 4172 2098 4225 21.
2136 4170 2447 4224 Crucilixus
2477 4175 2579 4221 est.

318 4257 408 4312 25.
439 4259 510 4311 Σὺ
535 4258 824 4330 ἐστήριξας
849 4261 905 4312 ἐν
926 4263 990 4331 τῇ
1018 4260 1195 4312 πίστει
1221 4277 1314 4312 σου
1349 4260 1436 4312 τὸν
1470 4260 1596 4314 λαόν
1620 4262 1693 4332 (Α)
1720 4280 1830 4317 σου.

1898 4307 1914 4357 ι
2009 4265 2099 4318 25.
2130 4263 2210 4316 Tu
2242 4261 2582 4316 conﬁrmasti
2614 4260 2870 4331 populum
2901 4268 3054 4313 tuum
3086 4260 3139 4312 in
3175 4258 3281 4312 tidc
3317 4266 3429 4311 tua.

320 4351 411 4414 26,
448 4351 539 4404 27.
572 4352 648 4420 (5)
679 4351 786 4404 Τοῦ
817 4352 1085 4405 διαϐόλου.

957 4353 1085 4404 5λου.
1867 4351 1910 4359 ⁷
2012 4357 2216 4416 26,27.
2258 4355 2488 4410 Diaboli.

319 4443 410 4497 28.
455 4443 701 4505 Ἔδωκας
725 4443 816 4496 τὸν
849 4442 1090 4497 διάϐολον
1119 4443 1199 4504 εἰς
1224 4441 1490 4494 ἀνάλωσιν
1517 4446 1628 4506 τοῖς
1657 4444 1834 4512 ἁγίοις

2010 4450 2102 4503 28.
2130 4449 2330 4504 Dedisti
2358 4448 2634 4503 diabolum
2669 4447 2722 4500 itt
2752 4445 3278 4500 consummationem
3316 4441 3528 4498 sanctis

244 4553 366 4589 σου.
444 4536 722 4600 Αἰθίοπες
752 4535 860 4605 γὰρ
895 4534 1289 4607 ἐρμηνεύονται
1330 4535 1594 4588 ταπεινοὶ
1621 4575 1634 4600 ,
1694 4537 1775 4589 ὅπε

1994 4543 2070 4595 is.
2108 4541 2387 4609 ᾹΞιΙιὶορρε
2416 4542 2561 4595 enim
2597 4541 3024 4609 interpretantur
3054 4535 3297 4599 humiles,
3332 4535 3525 4604 quales

243 4629 358 4682 εἰσὶ
389 4631 454 4698 τῇ
483 4627 683 4698 καρδίᾳ
715 4629 763 4679 οἰ
799 4629 962 4694 ἆγιοι.

956 4668 962 4680 -
1941 4645 2068 4690 sunt
2101 4635 2262 4687 corde
2291 4637 2487 4688 sancti.

319 4722 409 4776 29.
447 4723 587 4785 Τοὺς
625 4721 960 4784 ἀποστόλους
1000 4723 1095 4775 καὶ
1118 4723 1245 4786 τοὺς
1285 4722 1532 4794 μαθητὰς
1560 4721 1756 4775 αὐτῶν.

1562 4721 1756 4775 αὐτῶν·
2009 4728 2098 4782 29.
2128 4727 2441 4794 Apostolus,
2472 4733 2526 4778 ct
2553 4739 2742 4777 corum
2779 4721 3093 4790 discipulos.

319 4815 411 4870 50.
441 4815 543 4867 Τὸν
566 4814 693 4867 λαὸν
720 4814 828 4866 τῶν
871 4815 1160 4868 Ἰουδαίων.
1186 4816 1372 4884 Αιθὰμ
1400 4817 1508 4887 γὰρ
1538 4815 1834 4886 ἑρμηνεύε-

2007 4799 2101 4872 50.
2130 4819 2393 4886 Populum
2437 4817 2776 4871 Judasorum.
2824 4814 3044 4868 Ait/tant
3077 4811 3222 4866 enim
3259 4809 3520 4879 interpret-

243 4922 340 4960 ται
367 4907 613 4974 ὑψηλὸς
637 4906 1067 4975 πιιροργισμὸς,
1108 4908 1244 4977 ὅπερ
1291 4903 1430 4977 ἦσαν
1460 4909 1702 4960 Ἰουδαῖοι
1732 4907 1774 4977 (ί

1581 4909 1702 4960 Satio:
1732 4907 1830 4977 (6).
1941 4923 2090 4968 tatur
2115 4914 2226 4966 altu
2261 4914 2522 4974 irritatio,
2550 4911 2742 4981 qualos
2764 4919 2919 4963 erant
2945 4905 3112 4960 Judaei

320 4999 410 5052 51.
447 5000 520 5069 Σή
561 5000 798 5052 ἐστικαὶ
845 5001 876 5068 ἡ
911 4998 1099 5070 πρώτη
1136 5001 1407 5070 παρουσία
1431 5042 1444 5063 ,
1477 5003 1534 5053 ἐν
1635 5001 1832 5070 ἐφώτι-

2013 5007 2105 5061 51.
2140 5005 2292 5059 Tuus
2321 5015 2403 5058 cst
2434 5005 2583 5073 prior
2628 5003 2892 5055 adventus
2933 5001 2984 5052 itt
3017 5014 3126 5067 quo
3166 4995 3350 5051 omnia
3399 4991 3523 5047 illu-

245 5108 350 5155 σας
388 5093 456 5146 τὰ
488 5093 687 5151 πάντα,
715 5092 780 5162 σή
811 5093 928 5143 ἐστι
955 5093 1047 5144 καὶ
1074 5095 1105 5162 ἡ
1163 5093 1436 5146 συντέλεια
1461 5093 1568 5146 τῶν
1601 5093 1776 5146 αἰώνω

1944 5096 2188 5159 minasti,
2223 5105 2312 5148 tua
2345 5109 2566 5163 quoque
2591 5103 2674 5146 cst
2698 5090 3020 5145 sa'culorum
3054 5084 3475 5141 consummatio.

317 5184 407 5236 52.
441 5185 511 5238 Συ
548 5183 812 5254 ἐποίησας
861 5185 1009 5248 υἱοὺς
1059 5186 1268 5252 φωτὸς,
1311 5186 1405 5238 καὶ
1438 5184 1513 5246 ὼς
1563 5183 1654 5236 τὸν
1687 5184 1836 5256 ἥλιον

2025 5189 2104 5242 52.
2129 5187 2208 5240 Τιι
2253 5187 2427 5241 fecisti
2458 5187 2598 5241 iilios
2633 5185 2790 5251 lucis,
2824 5194 2876 5238 ct
2919 5183 2994 5236 uti
3027 5181 3197 5236 solent
3237 5177 3556 5263 splendere_

243 5274 486 5347 λάμπειν
517 5278 643 5338 τοὺς
671 5277 880 5344 ἁγίους.

671 5277 880 5344 ἁγίους.
1941 5289 2181 5336 sanctos.

318 5369 407 5423 55.
441 5368 553 5432 Τὰς
586 5369 806 5432 ἐντολάς
843 5385 956 5421 σου.
2011 5371 2100 5425 55.
2129 5370 2401 5439 Ριοιιιοριιιε
2437 5377 2548 5423 tua.

1211 5483 1519 5544 Addenda
1559 5490 1620 5544 et
1669 5483 2044 5565 corrigenda
2079 5502 2156 5546 ex
2183 5486 2324 5548 cod.
2357 5484 2560 5545 Vatic.

319 5614 395 5684 (1)
424 5613 491 5670 Ν.
526 5612 614 5668 15.
639 5615 751 5667 Και
776 5612 828 5667 οῑ
859 5630 1004 5683 συγ.,
1031 5623 1170 5679 ctc.,
1207 5611 1615 5668 ἐϐουλεύσαντο.
1646 5612 1711 5668 Ν.
1745 5614 1833 5669 16.

948 5631 1004 5680 r.,
1031 5623 1170 5679 ctc.,
1207 5611 1615 5668 ἐϐουλεύσαντο.
1646 5612 1711 5668 Ν.
1745 5614 1833 5669 16.
2007 5616 2085 5685 (4)
2113 5618 2216 5671 Τὸν
2255 5616 2479 5684 κόσμον.

242 5683 260 5710 ,
330 5681 336 5684 _
380 5681 383 5682 ,
418 5689 438 5700 _
940 5681 948 5683 ς

263 5685 290 5740 Ῑ
314 5685 981 5831 ιἒῗηιῖιεδξὲξῗδιάϐολος.

2010 5681 2089 5754 (5)
2113 5688 2176 5742 Ν.
2199 5687 2291 5742 26.
2313 5681 2418 5740 Τοῦ
2449 5685 2720 5741 διαϐόλου.
2748 5683 2790 5740 Ν
2800 5722 2814 5739 ι
2840 5685 2931 5750 27,
2959 5683 3058 5739 28.
3074 5681 3342 5748 ’Ἔδωκαῇ
3372 5686 3483 5736 etc.

2009 5746 2086 5831 (6)
2122 5761 2186 5815 Ol.
2214 5757 2479 5814 Ἰουδαῖοι.

322 5756 400 5824 (2)
439 5757 496 5810 Ὀ
527 5756 690 5818 αὐτὸς
720 5756 981 5820 διάϐολος.
2009 5756 2086 5832 (6)
2122 5761 2186 5815 Ol.
2214 5757 2479 5814 Ἰουδαῖοι.

321 5827 398 5897 (5)
433 5825 784 5897 Προαιώνιος.
