3876 6220
340 389 445 445 955

411 504 500 556 54.
533 498 804 556 Estatem
839 508 894 554 et
921 515 1016 555 ver
1045 509 1100 554 tu
1137 501 1418 572 plasmasti
1447 516 1533 560 ea.

408 595 499 650 55.
535 594 744 648 Memor
775 603 892 648 esto
926 594 1110 662 hujus.

409 688 501 742 56.
537 687 801 742 lnimicus
842 685 1237 755 improperavit
1277 683 1552 738 Domino:

409 780 499 834 57.
532 778 597 832 Et
630 779 863 849 populus
896 777 1160 846 insipiens
1207 776 1452 830 incitavit
1481 791 1678 829 nomen
1709 784 1887 832 tuum.

407 869 498 924 58.
531 867 611 925 Ne
640 870 825 924 tradas
857 869 1043 924 bestiis
1069 869 1310 923 animam
1343 868 1692 923 conﬁtentem
1721 869 1816 923 tibi
1845 889 1858 923 ;

411 1050 501 1105 59.
528 1049 753 1105 Animas
794 1065 1092 1120 pauperum
1131 1060 1351 1106 tuorum
1388 1066 1457 1106 ne
1485 1051 1832 1107 obliviscaris
1869 1053 1924 1107 in

342 1145 526 1198 linem.

411 1235 500 1290 40.
531 1236 761 1306 Respice
797 1238 849 1291 in
884 1246 1270 1292 testamentum
1299 1247 1452 1292 tuum
1482 1258 1495 1293 :

410 1331 501 1386 4|.
544 1330 682 1396 Quia
732 1331 919 1400 repleti
968 1340 1098 1385 sunt
1139 1332 1234 1401 qui
1281 1332 1560 1387 obscurati
1609 1339 1739 1386 sunt
1766 1342 1925 1386 terrae

339 1421 598 1479 domibus
646 1423 1024 1490 iniquitatum.

413 1514 504 1568 42.
541 1512 619 1569 Ne
643 1524 920 1568 avertatur
955 1512 1180 1567 humilis
1209 1510 1412 1577 factus,
1447 1521 1501 1566 et
1526 1511 1794 1569 confusus
1825 1532 1841 1568 :

407 1693 500 1750 45.
532 1693 770 1764 Pauper,
807 1705 862 1749 et
892 1695 1052 1764 inops
1075 1695 1379 1750 laudabunt
1413 1710 1610 1750 nomen
1639 1707 1816 1752 tuum.

411 1788 502 1844 44.
535 1789 801 1860 Exsurge,
830 1789 995 1853 Deus,
1031 1790 1218 1858 judica
1245 1805 1469 1844 causam
1499 1799 1646 1844 tuam
1675 1790 1922 1863 [meam]:

409 1882 504 1936 45.
537 1881 744 1935 Memor
766 1891 885 1936 esto
917 1883 1378 1953 improperiorum
1414 1892 1654 1950 tuorum,
1687 1900 1811 1954 quae
1857 1884 1926 1939 ab

339 1971 632 2041 insipiente
668 1981 797 2026 sunt
829 1981 942 2027 tota
975 1974 1083 2027 die.

407 2061 498 2134 46.
533 2061 611 2116 Ne
633 2062 978 2118 obliviscaris
1003 2079 1191 2118 vocem
1224 2080 1510 2120 servorum
1541 2073 1759 2119 tuorum
1789 2085 1804 2121 :
1886 2125 1894 2136 ,

406 2155 496 2209 47.
554 2155 818 2225 Superbia
866 2172 1084 2219 eorum,
1136 2159 1230 2227 qui
1288 2159 1523 2213 oderunt
1578 2166 1650 2224 te,
1683 2160 1931 2216 ascendit

334 2262 551 2318 semper
583 2247 860 2319 [ascendit
886 2249 952 2302 ad
988 2258 1037 2304 te
1060 2250 1320 2321 semper].

495 2338 566 2394 In
595 2340 752 2410 ﬁnem
773 2355 792 2394 :
827 2358 890 2395 ne
913 2357 1238 2405 corrumpas.
1277 2342 1530 2397 l’salmus
1562 2343 1757 2396 cantici

734 2431 932 2500 Asaph.
971 2431 1229 2486 PSALM.
1263 2431 1529 2488 LXXIV.

408 2518 462 2573 4.
493 2517 892 2576 Conﬁtebimur
917 2523 1038 2586 tibi,
1069 2521 1210 2578 Deus
1237 2538 1250 2573 :
1279 2552 1290 2558 ~

411 2638 485 2710 (a)
518 2639 629 2694 Καί
653 2641 826 2696 deest.

1162 385 1220 442 S.
1265 384 1641 440 ATHANASII
1685 383 1836 440 OPP.
1879 383 2059 441 PARS
2099 385 2187 440 lll.
2229 415 2295 424 —
2337 385 2766 441 EXEGETICA.’

3513 388 3631 446 956

1951 506 2000 560 Α
2096 501 2186 555 54.
2221 501 2391 574 Θέρος
2425 504 2519 556 καὶ
2546 503 2648 574 ἔαρ
2683 504 2746 556 σὺ
2780 501 3022 568 ἔπλασας
3048 503 3221 569 αὐτὰ,

2101 593 2192 648 55.
2228 595 2350 664 Μνή
2361 594 2516 665 σθητι
2546 595 2771 666 ταύτης.

2103 684 2192 739 56.
2236 685 2458 757 Ἐχθρὸς
2481 686 2724 740 ὠνείδισε
2749 686 2842 739 τὸν
2870 686 3075 758 Κύριον
3093 704 3108 719 ·

2097 778 2187 831 57.
2222 779 2334 830 Καὶ
2367 777 2496 842 λαὸς
2525 780 2716 850 ἄφρων
2748 777 3035 851 παρώξυνε
3065 779 3127 832 τὸ
3150 778 3322 850 δνομά
3347 795 3466 835 σου.

2099 869 2186 924 58.
2214 871 2304 942 Μὴ
2329 871 2730 943 παραδῷᾖτοῖς
2756 871 2968 944 θηρίοις
2993 870 3172 942 ψυχὴν
3196 870 3634 942 ἐξομολογούμε-

2027 975 2126 1032 νην
2168 979 2270 1015 σοι.

2099 1052 2190 1106 59.
2228 1051 2349 1108 Τῶν
2379 1053 2568 1125 ψυχῶν
2605 1053 2715 1107 τῶν
2751 1053 3000 1124 πενήτων
3035 1069 3130 1105 σου
3167 1051 3241 1124 μὴ
3272 1051 3506 1126 ὲπιλάθῃ
3541 1055 3632 1115 εἰς

2030 1148 2204 1212 τέλος.

2101 1239 2189 1294 40.
2234 1237 2552 1307 Ἐπίὸλεψον
2581 1241 2663 1301 εἰς
2695 1239 2794 1309 τὴν
2825 1237 3090 1309 διαθήκην
3119 1253 3244 1290 σου·

2099 1334 2188 1388 4i.
2225 1336 2346 1386 Ὅτι
2395 1334 2795 1406 ἐπληρώθησαν
2846 1336 2896 1387 οἰ
2939 1332 3317 1404 ὲσκοτισμένοι
3370 1329 3472 1402 τῆς
3516 1329 3635 1403 γῆς

2027 1426 2193 1480 οἴκων
2226 1425 2486 1497 ἀνομιῶν.

2097 1517 2188 1571 42.
2216 1517 2308 1588 Μὴ
2341 1519 2746 1590 ἀποστραφήτω
2772 1516 3263 1588 τεταπεινωμένος,
3281 1516 3374 1568 καὶ
3403 1514 3636 1586 (α)κατ-

2027 1625 2212 1682 ῃσχυμ
2220 1610 2378 1681 μένος
2403 1629 2412 1638 ·

2099 1705 2188 1758 45.
2233 1704 2458 1773 Πτωχὸς
2485 1704 2582 1756 καὶ
2619 1704 2792 1774 πένης
2819 1705 3091 1758 αἰνέσουσι
3125 1704 3188 1756 τὸ
3213 1700 3384 1772 ὄνομά
3413 1717 3527 1752 σου.

2103 1797 2192 1850 44.
2235 1797 2492 1859 Ἀνάστα,
2524 1799 2552 1850 ὁ
2574 1797 2726 1863 Θεὸς,
2760 1797 2980 1850 δίκασον
3010 1797 3108 1866 τὴν
3126 1795 3281 1864 δίκην
3313 1811 3410 1846 σου
3441 1789 3628 1863 [μου]·

2101 1889 2189 1942 45.
2225 1891 2513 1960 Μνήσθητι
2549 1890 2646 1943 τοῦ
2673 1889 2980 1961 ὀνειδισμοῦ
3013 1907 3104 1942 σου
3125 1931 3140 1955 ,
3176 1885 3270 1940 τοῦ
3306 1888 3407 1940 ὑπὸ
3453 1886 3634 1957 ἀφρο-

2028 1998 2118 2045 νος
2151 1981 2281 2051 ὃλην
2313 1980 2413 2052 τὴν
2446 1981 2685 2052 ἡμέραν.

2099 2071 2188 2126 46.
2218 2071 2309 2143 Μὴ
2347 2071 2580 2145 ἐπιλάθῃ
2611 2072 2710 2143 τῆς
2733 2071 2916 2141 φωνῆς
2944 2071 3053 2124 τῶν
3086 2069 3312 2123 οἰκετῶν
3337 2085 3430 2121 σου
3451 2084 3463 2097 ·

2098 2161 2192 2214 47.
2239 2162 2303 2214 Ἦ
2337 2161 2687 2232 ὑπερηφανία
2722 2159 2832 2213 τῶν
2869 2159 3171 2231 μισούντων
3207 2175 3265 2210 σε
3303 2157 3471 2227 ἀνέϐη
3504 2155 3633 2209 δια-

2031 2255 2234 2318 παντός
2261 2252 2452 2325 [ἀνέϐη
2485 2253 2622 2324 πρὸς
2649 2253 2708 2304 σὲ
2746 2251 2944 2323 διαπ.].

2031 2346 2137 2410 Εἰς
2163 2344 2230 2397 τὸ
2262 2344 2470 2410 τέλος·
2509 2343 2597 2413 μὴ
2625 2344 2993 2413 διαφθείρῃς.
3063 2341 3313 2413 Ψαλμὸς
3354 2338 3517 2409 ᾠδῆς
3547 2333 3634 2405 τῷ

2503 2434 2716 2504 Ἀσάφ.
2765 2433 3001 2489 ΨΑΛΜ.
3029 2436 3157 2486 οΔ’.

2104 2527 2157 2583 1.
2201 2527 2744 2601 Ἐξομολογησόμεθὰ
2776 2545 2878 2594 σοι,
2909 2531 2936 2582 ὁ
2961 2528 3091 2590 Θεός
3115 2545 3127 2558 ·

1486 2801 1868 2858 ΑΤΗΑΝΑ811
1908 2803 2500 2861 INTERPRETATIO.

409 2961 500 3018 54.
534 2960 765 3014 Sanctos
804 2966 930 3012 tuos
963 2957 1018 3012 in
1072 2959 1274 3028 quibus
1319 2961 1520 3016 crescit
1565 2963 1660 3017 lux
1709 2973 1826 3032 tua,
1867 2971 1921 3019 et
1947 2968 1984 3025 C

2093 2965 2184 3020 54.
2223 2965 2349 3028 Τοῖς
2381 2963 2559 3032 ἁγίοις
2585 2960 2749 3034 [Τοὺς
2783 2957 2994 3032 ἁγίους]
3041 2977 3131 3013 σου
3152 3000 3166 3022 ,
3195 2962 3251 3015 ὲν
3278 2954 3361 3023 οἷς
3385 2959 3539 3028 αὔξει
3568 2959 3635 3013 τὸ

341 3054 651 3128 germinant
673 3051 834 3105 ﬂores
865 3050 1139 3105 donorum
1173 3058 1418 3117 tuorum,
1453 3063 1508 3108 tu
1540 3053 1740 3110 fecisti.

413 3235 503 3289 55.
537 3232 742 3286 Memor
770 3241 889 3287 esto
928 3230 1094 3302 igitur
1127 3234 1437 3287 testamenti
1473 3233 1657 3305 hujus.

412 3324 501 3380 56.
538 3323 819 3378 Diabolus.

411 3417 500 3470 57.
538 3414 852 3492 ,ἰιιιῖειεοι-υιη
882 3413 1139 3481 populus.

412 3508 501 3563 58.
535 3505 612 3561 Ne
645 3506 830 3560 tradas
861 3505 1200 3559 daemonibus
1244 3506 1516 3575 supplices
1568 3522 1626 3560 se
1661 3506 1755 3562 tibi
1798 3523 1898 3578 pro

341 3606 669 3654 stcrnentes.

413 3688 501 3742 59.
539 3687 865 3741 Sanctorum
901 3694 1141 3738 tuorum.

412 3777 503 3833 40.
540 3777 596 3832 ln
636 3779 855 3832 eosdem
882 3789 1101 3833 sanctos
1137 3787 1281 3831 tuos.

412 3867 503 3922 4i.
540 3865 826 3922 Dzemones
861 3869 965 3922 sibi
1001 3865 1430 3920 adhzerentibus.

409 3956 502 4010 42.
531 3954 608 4011 Ne
638 3958 864 4026 abjicias
892 3957 1294 4026 C(ml‘ugieutcm
1320 3955 1386 4007 ad
1416 3966 1488 4009 te.

411 4049 501 4104 45.
534 4049 809 4120 Pauperes
836 4050 1021 4103 corde.

412 4142 504 4206 44,
550 4141 640 4194 43.
699 4140 966 4209 Exsurge,
1003 4151 1056 4194 et
1111 4154 1320 4194 memor
1375 4148 1492 4192 esto
1546 4154 1759 4208 eorum,
1808 4157 1929 4211 qua:

340 4231 469 4287 fecit
499 4233 730 4287 Satanas
760 4234 812 4286 in
851 4233 956 4286 hoc
991 4234 1211 4286 saeculo.

417 4322 505 4376 46.
547 4327 874 4378 Sanctorum
907 4335 1147 4378 tuorum.

418 4416 507 4469 47.
541 4416 810 4486 Superbia
843 4417 1180 4482 daemonum,
1211 4427 1265 4471 et
1297 4415 1681 4471 haereticorum
1712 4418 1930 4489 cognita

343 4507 442 4561 tibi
480 4519 582 4564 est.

2035 3055 2152 3125 φῶς
2187 3073 2281 3108 σου
2309 3095 2323 3119 ,
2361 3054 2457 3108 καί⁵
2502 3051 2790 3123 βλαστάνει
2823 3049 2894 3103 τὰ
2931 3049 3067 3120 ἄνθη
3114 3050 3222 3103 τῶν
3271 3051 3633 3123 χαρισμάτων

2037 3164 2154 3210 σου,
2187 3148 2251 3199 σὺ
2286 3145 2445 3215 ὲποίη
2454 3162 2569 3207 σας.

2107 3237 2197 3292 55.
2240 3237 2526 3307 Μνήσθητι
2551 3231 2644 3289 οὖν
2675 3235 2775 3304 τῆς
2797 3234 3054 3305 τοιαύτης
3086 3234 3367 3306 διαθήκης.

2109 3329 2200 3383 56.
2249 3330 2306 3382 '0
2337 3328 2602 3391 διάϐολος.

2107 3421 2196 3474 57.
2242 3421 2300 3473 Ὀ
2330 3420 2457 3482 λαὸς
2488 3419 2596 3471 τῶν
2623 3419 2915 3472 Ἰουδαίων.

2109 3512 2198 3567 58.
2233 3511 2327 3583 Μὴ
2358 3509 2617 3583 παραδῷς
2645 3513 2757 3573 τοῖς
2779 3510 2998 3582 δαίμοσι
3028 3509 3156 3574 τοῦς
3191 3509 3635 3581 προσ-πίπτοντός

2039 3624 2142 3661 σοι.

2106 3699 2196 3753 59.
2231 3695 2353 3749 Τῶν
2388 3695 2558 3764 ἁγίων
2589 3713 2705 3748 σου.
3079 3741 3085 3748 .

2105 3789 2194 3844 40.
2226 3790 2322 3852 Εἰς
2355 3789 2482 3852 τοὺς
2510 3788 2710 3851 αὐτοὺς
2741 3787 2927 3854 ἁγίους
2969 3803 3082 3840 σου.

2106 3880 2198 3936 44.
2227 3881 2288 3932 Οί
2328 3879 2582 3950 δαίμονες
2606 3878 2713 3932 τῶν
2739 3877 3097 3948 κολλωμένων
3131 3876 3312 3931 αὐτῶν

2106 3972 2195 4024 4‘2.
2231 3973 2324 4044 Μὴ
2355 3970 2637 4043 ἀποϐάλλῃ
2667 3970 2758 4023 τὸν
2795 3969 3208 4041 προσφεύγοντά
3241 3985 3343 4021 σοι-

2088 4065 2197 4118 .45.
2223 4067 2285 4117 Οἱ
2320 4066 2530 4136 πτωχοὶ
2557 4067 2623 4135 τῇ
2651 4064 2867 4136 καρδίᾳ.

2108 4155 2196 4218 44,
2234 4155 2322 4208 45.
2357 4155 2431 4224 (‘2)
2463 4155 2755 4226 Ἀνάστηθι
2781 4195 2795 4218 ,
2828 4155 2921 4206 καὶ
2948 4151 3218 4224 μνήσθητι
3245 4142 3321 4203 ὧν
3373 4146 3638 4220 ἐποίησεν

2036 4248 2066 4298 ὁ
2099 4247 2344 4310 Σατανᾶς
2371 4247 2429 4298 ὲν
2468 4246 2548 4316 τῷ
2583 4246 2738 4299 αἰῶνι
2765 4243 2957 4313 τούτῳ.

1964 4332 2011 4387 D
2108 4337 2200 4392 46.
2235 4338 2355 4392 Τῶν
2391 4338 2561 4408 ἁγίων
2597 4355 2710 4392 σου.

2112 4429 2203 4482 47.
2250 4430 2314 4481 Ἠ
2349 4431 2698 4502 ὑπερηφανία
2725 4431 2835 4483 τῶν
2868 4427 3136 4499 δαιμόνων
3166 4427 3260 4480 καὶ
3283 4423 3393 4479 τῶν
3426 4424 3638 4495 αἱρετι-

2042 4517 2154 4570 κῶν
2182 4519 2501 4591 ὲγνωσμένη
2540 4523 2621 4574 σοί
2645 4524 2814 4577 ἐστιν.

423 4621 489 4673 Ἦ
527 4620 862 4691 προκειμένη
904 4618 1188 4690 ἐπιγραφὴ
1221 4617 1465 4690 περιέχει
1489 4616 1598 4688 (5)·
1631 4618 1738 4683 Εἰς
1759 4617 1826 4671 τὸ
1859 4620 2069 4691 τέλος,
2096 4626 2182 4697 μὴ
2223 4627 2574 4698 διαφθείρῃς
2594 4647 2606 4659 ο
2644 4630 2806 4696 ᾠδῆς
2826 4628 2904 4694 τῷ
2947 4628 3139 4697 Ἀσάφ
3161 4628 3423 4696 ψαλμός,
3458 4625 3640 4682 Τοῦτο

343 4709 436 4768 οὖν
483 4717 738 4776 παραινεί
777 4713 804 4764 ὁ
837 4711 1050 4782 ψαλμός
1073 4728 1086 4741 ·
1112 4710 1320 4782 Μηδεὶς
1367 4709 1660 4780 διαφθείρῃ
1704 4709 1778 4780 (4)
1807 4710 1913 4778 ἕως
1948 4717 2136 4784 τέλους
2175 4721 2284 4774 τῶν
2330 4721 2560 4775 ἐντολῶν
2601 4723 2692 4775 τοῦ
2735 4724 2890 4778 Θεοῦ.
2933 4725 3165 4795 Ψαλμὸς
3200 4726 3259 4777 δὲ
3298 4721 3374 4788 τῷ
3420 4723 3636 4793 Ἀσάφ,

345 4810 484 4880 ὅπερ
519 4807 878 4878 ἑρμηνεύεται
900 4804 1246 4874 συναγωγὴ,
1276 4805 1372 4857 καὶ
1397 4802 1735 4884 συλλέγων.
1756 4806 1945 4864 Ταῦτα
1979 4813 2038 4867 δὲ
2065 4818 2144 4879 εἰς
2165 4817 2257 4870 τὸν
2283 4817 2490 4890 Κύριον
2533 4819 2929 4891 ἐρμηνεύονται
2954 4821 3056 4892 (5),
3078 4822 3140 4874 τὸ
3167 4818 3506 4890 συλλέγων,
3540 4824 3641 4876 καὶ

341 4902 422 4965 εἰς
462 4905 553 4953 τὸν
595 4900 832 4968 κόσμον,
879 4896 955 4968 τῷ
974 4897 1318 4968 συναγωγή.

415 4991 634 5046 Titulus
664 4991 989 5060 praepositus
1012 4991 1255 5044 continet
1282 5007 1295 5044 :
1338 4989 1405 5042 In
1431 4990 1612 5058 ﬁnem,
1645 5005 1707 5043 ne
1743 5006 2074 5060 corrumpas,
2103 4994 2354 5049 Psalmus
2388 5000 2584 5052 cantici
2615 5001 2812 5068 Asaph.
2852 5000 2968 5057 Hoc
3005 5003 3168 5072 igitur
3216 5006 3460 5074 psalmus
3500 5024 3639 5065 sua-

342 5091 452 5151 det,
485 5099 545 5143 ut
575 5101 734 5141 nemo
769 5095 1087 5155 corrumpat
1111 5102 1284 5156 usque
1314 5086 1366 5140 in
1399 5089 1559 5140 linem
1594 5087 1816 5155 aliquod
1849 5087 1944 5141 Dei
1977 5104 2332 5160 praeceptum.
2373 5091 2624 5150 Psalmus
2669 5105 2853 5149 autem
2889 5098 3090 5167 Asaph,
3128 5099 3273 5167 quod
3310 5101 3637 5171 interpreta-

343 5200 432 5242 tur
462 5185 826 5256 congregatio,
858 5192 912 5239 et
947 5200 1289 5255 congregans.
1327 5182 1452 5238 Haec
1502 5193 1696 5250 autem'
1731 5199 2054 5254 congregans
2089 5187 2483 5259 interpretatur
2529 5193 2596 5246 de
2650 5193 2892 5259 Domino,
2956 5195 3288 5265 congregatio
3336 5205 3516 5251 autem
3565 5196 3637 5252 de

341 5279 565 5334 mundo.

415 5373 464 5425 l.
495 5371 911 5440 Conﬁtebimur,
954 5368 1120 5438 Deus,
1145 5384 1246 5425 nos
1284 5367 1506 5424 servitio
1541 5373 1637 5420 tuo
1679 5365 1928 5421 addictos

341 5478 486 5523 0588.

2111 5369 2162 5423 Ι.
2181 5370 2621 5444 Ὁμολογήσομεν
2648 5373 2874 5437 ἑαυτοὺς
2899 5372 3258 5430 δεδουλῶσθαι
3288 5393 3392 5442 σοι,
3424 5377 3454 5432 ὁ
3473 5376 3634 5445 Θεὸς.

1297 5556 1606 5618 Addenda
1643 5564 1719 5642 et
1751 5557 2129 5637 corrigenda
2179 5577 2258 5620 ex
2291 5559 2434 5620 cod.
2467 5560 2667 5620 Vallo.

438 5660 493 5731 4)
524 5662 739 5726 Αύτοῖς.
1501 5730 1507 5731 γ
1796 5729 1804 5731 4
2035 5661 2211 5730 Ἀσάφ
2251 5662 2414 5731 ᾠδῆς.

436 5715 587 5804 ΞδηΝ.
619 5715 898 5786 44ί³Ελθὲ
924 5774 936 5793 ,
973 5732 1182 5804 Κύριε·
1217 5733 1403 5802 κρῖνον
1461 5730 1560 5801 τὴν
1583 5729 1911 5802 οἰκουμένην
2106 5715 2301 5804 (4)’Μ’ὴ
2330 5715 2669 5804 διαφθείρῃς.

415 5734 493 5804 (2)
523 5734 587 5787 N.
619 5734 708 5786 44.
742 5734 898 5786 Ἐλθὲ
924 5774 936 5793 ,
973 5734 1146 5803 Κύριε
1170 5749 1182 5761 ·
1217 5734 1403 5802 κρῖνον
1461 5734 1560 5801 τὴν
1583 5734 1911 5802 οἰκουμένην
2106 5734 2162 5798 (4
2211 5734 2301 5803 Μὴ
2330 5734 2669 5804 διαφθείρῃς.

350 5799 856 5876 ΝμέῦηΜνῄσθητι
896 5804 1004 5855 τῶν
1044 5801 1296 5876 εποίησεν
1325 5811 1497 5876 etc.__
1623 5870 1634 5876 _
1685 5870 1697 5876 _
1763 5869 1774 5876 _
1904 5871 1908 5876 .
2107 5734 2183 5876 (5)
2226 5803 2641 5875 Ἐρμηνεύεται.
2693 5801 2810 5857 Mox
2839 5802 2900 5856 τὸ
2932 5800 3246 5873 συναγωγῦ.

431 5873 505 5944 (5)
556 5875 620 5927 Ἦ
653 5869 738 5927 διὰ
763 5869 857 5944 τῆς
890 5869 1258 5944 κινναϐάρεως
1283 5889 1405 5944 περ.
1449 5871 1569 5928 Mox
1607 5869 1818 5942 ψαλμὸς
1861 5871 1938 5940 τῳ
