3876 6220
271 401 380 459 957
1152 397 1241 451 DE
1292 395 1567 452 TITULIS
1604 394 2052 451 PSALMORUM.
2088 425 2156 436 —
2181 393 2375 450 PSAL.
2410 394 2642 451 LXXIV.
3420 396 3525 449 958

344 512 401 567 2.
438 509 973 582 Ἐξομολογησόμεθα
990 512 1205 575 ocima!
1231 511 1666 581 ὲπικαλεσὸμεθα
1698 508 1771 581 (a)
1794 507 1855 561 τὸ

2025 507 2081 561 2.
2133 507 2535 563 Conlitebimur
2596 507 2734 574 tibi,
2782 517 2836 563 et
2899 508 3272 564 invocabimus
3327 522 3523 561 nomen

266 606 447 676 ὄνομά
480 622 595 658 σου.

1956 610 2129 657 tuum.

345 696 403 751 5.
442 694 782 764 Διηγήσομαι
807 693 873 747 τὰ
898 692 1177 763 Θαυμάσιά
1200 710 1291 745 σου
1315 709 1329 721 ν

2021 693 2081 747 5.
2144 690 2390 746 Narrabo
2432 701 2702 746 mirabma
2731 701 2822 746 tua
2852 710 2866 747 :

348 786 590 841 4.”Οταν
620 785 767 838 λάϐω
796 784 1008 855 καιρὸν,
1036 783 1145 852 ἐγὼ
1173 782 1471 853 εὐθύτητας
1504 779 1693 851 κρινῶ.

2029 787 2084 840 4.
2136 785 2272 838 Cum
2301 800 2558 855 accepero
2586 794 2822 855 tempus,
2856 802 2958 857 ego
2980 786 3223 856 justitias
3244 786 3524 856 judicabo.

348 880 403 933 5.
426 878 626 949 Ἑτάκη
660 881 692 949 ἡ
718 878 810 948 γῆ,
848 886 941 931 καὶ
972 878 1169 939 πάντες
1203 878 1251 928 oi
1279 875 1658 938 κατοικοῦντες
1678 876 1736 927 ὲν
1756 875 1854 927 αὐ-

2027 876 2082 930 5.
2133 874 2451 946 Liquefacta
2488 887 2571 931 est
2605 885 2769 943 terra,
2824 886 2879 931 et
2919 892 3110 933 omnes
3146 880 3242 948 qui
3284 878 3529 932 habitant

272 970 378 1039 τῇ·

1957 968 2144 1026 inea:

894 1055 1228 1125 Διάψαλμα.
2581 1060 2911 1130 Diapsalma.

350 1146 404 1203 6.
428 1147 573 1216 Ἐγὼ
600 1148 904 1220 ὲστερέωσα
933 1150 1057 1212 τοὺς
1092 1149 1312 1212 στύλους
1338 1148 1537 1217 αὐτῆς]

2027 1152 2080 1206 6.
2134 1152 2249 1223 Ego
2274 1153 2593 1208 conﬁrmavi
2624 1154 2905 1207 columnas
2941 1154 3079 1223 ejus.

352 1242 405 1295 7.
450 1240 593 1295 Εἷπα
621 1245 732 1304 τοῖς
766 1241 1174 1314 παρανομοῦσι·
1202 1244 1293 1312 Μὴ
1330 1245 1693 1313 παρανομεῖτε
1712 1258 1726 1271 ·

1639 1259 1693 1293 τε
1712 1258 1726 1271 ·
2027 1244 2080 1300 7.
2134 1244 2258 1298 Dixi
2287 1246 2525 1315 iniquis:
2552 1244 2729 1299 Nolite
2766 1246 2951 1314 inique
2975 1260 3133 1315 agere
3159 1263 3170 1298 :

350 1332 404 1386 8.
445 1334 555 1385 Καὶ
588 1336 699 1395 τοῖς
733 1334 1137 1405 ἁμαρτάνουσι·
1167 1334 1257 1404 Μὴ
1292 1333 1485 1402 ὑψοῦτε
1516 1334 1699 1404 κέρας.

2030 1337 2084 1391 8.
2141 1336 2208 1390 Ει
2230 1338 2669 1406 delinquentibus
2698 1355 2711 1391 :
2759 1335 2934 1390 Nolite
2959 1336 3198 1390 exaltare
3229 1350 3420 1390 cornu.

354 1422 408 1477 9.
450 1422 540 1492 Μὴ
578 1422 831 1493 ἐπαίρετε
864 1425 940 1485 εἰς
968 1422 1098 1492 ὕψος
1122 1424 1181 1475 τὸ
1211 1423 1374 1493 κέρας
1406 1422 1588 1492 ὑμῶν·

1942 1490 1955 1495 η,
2030 1425 2083 1479 9.
2133 1423 2309 1478 Nolite
2348 1426 2607 1479 extollere
2647 1426 2702 1480 in
2732 1426 2901 1480 altum
2941 1441 3112 1480 cornu
3145 1433 3428 1489 vestrum;

352 1514 440 1569 10.
480 1514 588 1567 Καὶ
620 1515 694 1585 μὴ
729 1514 936 1568 λαλεῖτε
964 1516 1104 1569 κατὰ
1129 1516 1221 1568 τοῦ
1248 1516 1381 1568 Θεοῦ
1412 1517 1640 1569 ἀδικίαν.

2036 1514 2127 1569 10.
2176 1514 2243 1568 Et
2267 1516 2432 1569 nolite
2479 1516 2628 1585 loqui
2659 1517 2920 1571 adversus
2956 1515 3123 1569 Deum
3165 1515 3524 1584 iniquitatem.

353 1605 580 1659 11.”Οτι
606 1604 727 1657 οὔτε
760 1606 817 1671 ἐξ
844 1605 1057 1671 ἐξόδων,
1085 1606 1206 1658 οὗτε
1239 1606 1343 1658 ἀπὸ
1370 1606 1608 1676 δυσμῶν,

2037 1606 2124 1660 11.
2174 1605 2314 1672 Quia
2338 1622 2514 1676 neque
2542 1608 2610 1660 ab
2648 1609 2884 1671 oriente,
2924 1622 3099 1676 neque
3128 1606 3195 1660 ab
3224 1606 3527 1670 occidente,

352 1696 440 1751 12.
482 1696 616 1750 Οὔτε
664 1698 771 1750 ἀπὸ
825 1699 1045 1768 ἐρήμων
1092 1698 1280 1770 ὀρέων,
1312 1700 1392 1751 ὅτι
1437 1697 1465 1750 6
1504 1698 1635 1762 Θεὸς
1664 1700 1855 1770 κριτής

2030 1700 2119 1752 12.
2168 1697 2351 1768 Neque
2380 1714 2411 1754 a
2460 1701 2694 1755 desertis
2740 1700 3037 1763 montibus,
3082 1699 3339 1768 quoniam
3386 1697 3530 1751 Deus

278 1790 421 1842 ἐστι.

932 1883 954 1895 -
1082 1881 1094 1895 .
1194 1879 1218 1889 -
1885 1791 2252 1895 Βίυίῗῗῗίθῗί·

352 1880 439 1934 15.
483 1880 681 1933 Τοῦτον
709 1883 972 1944 ταπεινοῖ,
1011 1881 1103 1932 καὶ
1127 1879 1313 1932 τοῦτον
1342 1879 1484 1947 ὑψοῖ.

1885 1879 1929 1895 ⁵³
2030 1882 2114 1937 15.
2180 1880 2337 1937 llunc
2373 1882 2649 1947 humiliat,
2677 1890 2731 1937 et
2754 1882 2898 1936 hunc
2929 1882 3130 1935 exaltat
3162 1898 3176 1935 :

353 1972 439 2026 M.
459 1973 579 2024 ’Ὁτι
614 1973 870 2042 ποτήριον
896 1974 952 2023 ὲν
982 1972 1124 2042 χειρὶ
1154 1971 1381 2041 Κυρίου,
1410 1970 1553 2023 οἴνου
1585 1970 1658 2040 (b)
1690 1970 1859 2040 ἀκρά-

2031 1974 2117 2027 14.
2167 1970 2305 2039 Quia
2373 1975 2516 2028 calix
2561 1975 2618 2028 in
2670 1989 2835 2027 manu
2911 1972 3155 2038 Domini,
3219 1972 3331 2026 vini
3389 1969 3528 2024 meri

276 2081 375 2116 του
420 2064 624 2136 πλῆρες
652 2082 713 2117 κε
722 2067 1014 2135 ράσματος.

853 2081 1014 2126 ιατος.
1958 2063 2152 2145 plenus
2200 2064 2384 2119 misto.

354 2154 441 2207 15.
490 2156 598 2207 Καὶ
646 2155 851 2207 ἔκλινεν
878 2156 939 2206 ἐκ
982 2152 1167 2206 τούτου
1193 2156 1273 2217 είς
1298 2152 1472 2218 τοῦτο,
1510 2153 1648 2224 πλὴν
1681 2158 1709 2206 6
1735 2170 1860 2223 τρυ-

2030 2155 2119 2209 15.
2161 2154 2228 2209 Ει
2275 2154 2561 2209 inclinavit
2602 2170 2669 2209 ex
2724 2153 2830 2209 hoc
2878 2154 2930 2207 in
2986 2154 3108 2220 hoc,
3161 2161 3529 2207 verumtamen

278 2245 418 2313 γίας
447 2246 609 2298 αὑτοῦ
641 2246 739 2298 οὐκ
765 2244 1064 2314 ὲξεκενώθη
1085 2262 1098 2275 ’

1960 2244 2064 2300 faex
2098 2247 2218 2316 ejus
2250 2261 2360 2300 non
2398 2253 2482 2300 est
2508 2246 2786 2301 exinanita
2814 2265 2827 2300 :

358 2337 442 2391 16.
483 2338 718 2391 Πίωυται
749 2338 945 2400 πάντες
968 2340 1016 2390 οἱ
1043 2336 1355 2407 ἁμαρτωλοὶ
1382 2337 1480 2406 τῆς
1506 2338 1627 2407 γῆς.

2033 2336 2120 2391 16.
2178 2337 2370 2391 Bibent
2402 2352 2594 2391 omnes
2642 2346 2952 2406 peccatores
3004 2345 3178 2390 terrae.

355 2429 445 2485 17-
466 2430 608 2498 Ἐγὼ
634 2430 690 2483 δὲ
726 2430 1121 2500 ἀγαλλιάσομαι
1151 2433 1230 2494 είς
1256 2431 1345 2485 τὸν
1375 2431 1580 2484 αίῶναο

2027 2433 2115 2486 17.
2169 2432 2284 2501 Ego
2319 2443 2500 2486 autem
2534 2432 2779 2501 gaudebo
2813 2431 2868 2484 in
2921 2431 3176 2485 sazculum
3210 2450 3222 2486 :

355 2521 442 2576 18.
483 2520 652 2576 Ψαλῶ
676 2520 753 2592 τῷ
778 2520 896 2592 Θεῴ
918 2519 1133 2574 Ἰακώϐ.

2033 2524 2121 2578 18.
2174 2524 2421 2578 Cantabo
2454 2522 2563 2577 Deo
2586 2522 2775 2578 Jacob.

351 2662 430 2738 (ᾳ)
457 2662 610 2738 Yers.
636 2663 1310 2738 2_._‘Kat__émxalsodpeﬂa,
1333 2673 1446 2738 etc.
1482 2662 1647 2738 “vers.
1674 2665 1726 2719 5.
1756 2667 1882 2738 Διηγ

1056 2663 1310 2738 εσόμεκθα,
1333 2673 1446 2738 Εἰς.
1482 2662 1647 2738 “vers.
1674 2665 1726 2719 5.
1756 2666 2096 2738 Διηγήσομαι
2121 2667 2309 2738 πάντα,
2344 2664 2433 2726 τά,
2480 2673 2584 2738 c_t_c.

352 2732 430 2805 (ὁ)
476 2735 624 2788 Vers.
658 2734 744 2799 15,
780 2735 954 2799 Οἵνου,
982 2746 1085 2789 etc.
1122 2732 1180 2787 V.
1208 2736 1273 2789 16
1332 2734 1442 2788 Kal.
1478 2734 1706 2802 ἔκλινεν,
1736 2732 1878 2793 etc."

1566 2752 1706 2802 .ινεν,
1736 2732 1961 2793 ειοΪἾ.
2001 2732 2088 2803 17,
2117 2736 2261 2808 Πλὴν
2289 2737 2337 2801 6,
2361 2744 2464 2790 etc.
2498 2733 2563 2788 V.
2594 2732 2680 2797 18,
2708 2733 2964 2796 Πίωνται,
2994 2740 3097 2786 etc.

1418 2889 1792 2949 ATHANASII
1831 2889 2396 2948 INTERPRETATIO

350 3009 408 3064 2.
444 3006 730 3078 Δεηθῶμεν
758 3005 1145 3075 ἐπικεκλῆσθαι
1172 3006 1231 3059 τὸ
1255 3006 1424 3076 ὄνομά
1454 3026 1546 3062 σου
1571 3010 1653 3080 ἐφ’
1682 3011 1850 3083 ἡμᾶς.
1880 3035 1881 3049 ι

2026 3007 2083 3062 ‘2.
2129 3005 2441 3069 Orabimus,
2480 3015 2539 3059 ut
2590 3003 2873 3057 invocetur
2920 3014 3117 3055 nomen
3170 3008 3323 3054 tuum
3372 3014 3533 3069 super

1962 3112 2082 3151 D05.

354 3186 412 3241 5.
452 3183 690 3255 Κηρύξω
720 3182 788 3236 τά
813 3180 1349 3252 Θαυματουργήματά
1374 3196 1488 3232 σου.

2033 3187 2087 3241 5.
2138 3184 2456 3239 Ρτιεάἰρεὴο
2485 3182 2756 3237 mirabilia
2784 3184 2965 3250 jopera
3004 3189 3116 3234 tua.

356 3278 413 3331 4.
433 3276 525 3330 Ἐν
558 3280 623 3347 τῇ
658 3273 928 3344 παρουσίᾳ
966 3289 1064 3342 μου
1090 3271 1234 3339 λέγει
1264 3273 1291 3324 6
1322 3270 1546 3343 Κύριος.

2033 3278 2087 3331 4.
2132 3277 2189 3331 1η
2222 3279 2458 3333 adventu
2497 3293 2621 3331 meo
2654 3275 2789 3331 dicit
2833 3274 3118 3330 Dominus.

355 3370 409 3424 5.
436 3370 571 3422 Ὑπὸ
603 3368 680 3437 (1)
711 3367 811 3436 τῆς
835 3364 1125 3436 ἁμαρτίας.

926 3364 1125 3436 κρτίας.
2028 3368 2083 3423 5.
2133 3368 2179 3421 Α
2215 3377 2457 3438 peccato.

357 3461 413 3517 6.
454 3462 592 3523 Τοὺς
619 3459 966 3520 ἀποστόλους.

920 3476 966 3520 ς.
2033 3460 2087 3515 6.
2138 3460 2449 3529 Apostolos.

353 3553 410 3607 7.
452 3551 541 3621 Τῷ
562 3549 675 3620 λαῷ
703 3548 810 3602 τῶν
832 3547 1122 3601 Ἰουδαίων.

2035 3553 2086 3607 7.
2128 3551 2337 3621 Populo
2366 3550 2701 3605 Judzeorum.

355 3643 410 3697 8.
450 3644 576 3704 Τοῖς
603 3642 786 3703 αὐτοῖς
813 3639 959 3708 λέγει
993 3637 1286 3700 Ἰουδαίοις.

2036 3642 2091 3696 8.
2141 3641 2335 3695 Iisdem
2369 3641 2573 3695 Judaeis
2613 3639 2873 3708 loquitur.

359 3736 413 3790 9.
454 3736 546 3805 Μὴ
571 3734 777 3802 λέγετε,
812 3734 893 3785 ὅτι
931 3731 1114 3783 Τέκνα
1144 3727 1389 3796 Ἀϐραάμ
1415 3728 1621 3797 ἐσμεν.

2034 3732 2087 3786 9.
2130 3730 2307 3786 Nolite
2340 3732 2539 3793 dicere,
2572 3730 2704 3781 Filii
2731 3728 2957 3781 Abra/za:
2980 3742 3159 3779 sumus
3189 3725 3255 3778 ".

356 3828 443 3881 10.
484 3827 593 3879 Καὶ
631 3824 704 3895 μὴ
733 3824 918 3891 λέγετε
950 3820 1025 3891 τῷ
1054 3820 1187 3891 Υἱῶ,
1215 3821 1297 3873 ὅτι
1335 3820 1664 3887 Ἀνθρωπος
1695 3812 1753 3871 εἷ
1784 3816 1861 3888 (2)

2030 3821 2115 3875 10.
2152 3821 2220 3876 Et
2274 3822 2441 3876 nolite
2484 3822 2666 3876 dicere
2701 3818 2862 3885 Filio,
2898 3817 3068 3869 Homo
3119 3830 3174 3867 tu
3216 3832 3291 3879 es,
3341 3826 3390 3868 et
3438 3831 3537 3866 non

275 3919 389 3984 σὺ,
409 3918 508 3973 καὶ
538 3916 672 3984 οὐχὶ
709 3916 853 3981 Θεός
884 3930 896 3942 ’
1966 3911 2107 3967 Deus
2151 3914 2220 3967 ⁸⁷.

360 4011 448 4074 11,
480 4010 562 4062 12.
606 4006 741 4060 Οὔτε
775 4006 881 4058 τῶν
910 4004 1014 4058 ἀπὸ
1043 4000 1311 4056 ἀνατολῶν
1345 3998 1645 4070 ἀνθρώπων
1665 3998 1741 4069 (5)
1772 3996 1865 4051 κα).

2038 4007 2125 4071 11,
2166 4006 2251 4059 12.
2296 4004 2481 4074 Neque
2515 4003 2796 4057 hominum
2836 4002 2905 4056 ab
2932 4009 3055 4055 ortu
3087 4016 3261 4070 usque
3286 4000 3349 4053 ad
3382 4015 3542 4053 occa-

285 4102 450 4174 μέχρι
489 4099 725 4169 δυσμῶν,
756 4098 787 4165 ἧ
828 4097 933 4149 τῶν
966 4095 1222 4149 ἐναντίων
1252 4090 1534 4162 δυνάμεων
1564 4108 1646 4154 τις
1673 4090 1816 4159 κριτὶ

2009 4114 2110 4163 am,
2144 4108 2235 4151 aut
2265 4095 2707 4151 adversariarum
2756 4101 3087 4163 potestatum
3138 4092 3336 4159 aliquis
3372 4090 3540 4159 judex

280 4196 433 4247 ἑστιν
469 4193 501 4263 ἢ
540 4193 698 4261 μόνος
731 4192 759 4242 6
786 4188 936 4250 Θεός.

1966 4194 2070 4253 est,
2099 4197 2462 4256 przeterquam
2494 4184 2644 4239 solus
2672 4182 2833 4237 Deus.

358 4284 444 4337 15.
481 4282 585 4335 Τὸν
621 4281 719 4351 μὲν
752 4279 826 4349 (4)
849 4281 927 4342 εἰς
958 4278 1134 4349 γῆρας
1168 4276 1311 4343 ἄγει,
1336 4275 1425 4329 τὸν
1454 4274 1510 4327 δὲ
1537 4275 1866 4347 προκόπτειν

2042 4278 2133 4332 15.
2185 4276 2342 4331 Hunc
2388 4277 2606 4346 quidem
2641 4276 2706 4329 ad
2735 4284 3067 4329 senectutem
3111 4272 3352 4338 adducit,
3387 4270 3537 4325 illum

276 4380 351 4449 τῇ
386 4376 568 4447 ἡλικίᾳ
598 4373 706 4445 [οὗ]
738 4375 899 4425 ποιεῖ.

1895 4366 1939 4387 ν
1968 4378 2147 4425 autem
2178 4376 2337 4425 aetate
2363 4369 2613 4440 progredi
2658 4384 2763 4422 non
2796 4366 2941 4421 facit.

361 4470 591 4524 14.”οτι
641 4469 669 4519 ὁ
713 4466 940 4527 θάνατος
976 4462 1192 4515 πάντων
1237 4461 1294 4511 ὲν
1333 4462 1397 4529 τῇ
1437 4458 1653 4529 ἐξουσία
1698 4456 1862 4509 αὑτοῦ

2040 4459 2129 4512 14.
2171 4456 2442 4525 Quoniam
2468 4475 2615 4511 mors
2648 4458 2891 4511 omnium
2917 4456 2969 4508 in
3000 4455 3119 4524 ejus
3146 4461 3409 4524 potestate
3436 4461 3539 4519 est,

288 4565 430 4625 ἐστι,
481 4560 573 4613 καὶ
616 4558 710 4611 τοῦ
744 4556 819 4626 (5)
869 4555 1120 4625 βρέφους,
1179 4552 1275 4605 κα)¹
1307 4550 1401 4604 τοῦ
1450 4550 1592 4615 νέου,
1639 4548 1732 4601 καὶ
1766 4564 1819 4600 τε

1656 4548 1732 4601 cat
1766 4546 1861 4600 τοῦ
1967 4558 2022 4605 et
2055 4550 2301 4613 infantis,
2341 4558 2395 4604 et
2423 4549 2662 4619 juvenis,
2696 4556 2751 4603 et
2773 4549 2897 4615 viri,
2934 4556 2988 4602 et
3020 4548 3187 4602 senis.

282 4653 515 4715 τελείου,
541 4650 636 4703 καὶ
666 4648 757 4702 τοῦ
788 4649 867 4710 είς
890 4647 1068 4718 γῆρας
1100 4644 1267 4705 ὄντος.

356 4746 448 4798 15.
470 4743 581 4796 Καὶ
608 4742 813 4810 ἤγαγεν
843 4738 1002 4791 αὐτὸν
1023 4738 1087 4789 ἐκ
1109 4734 1201 4788 τοῦ
1232 4732 1537 4805 πρεσϐύτου
1563 4733 1641 4794 εἰς
1662 4730 1723 4783 τὸ
1744 4729 1869 4799 βρέ-

2048 4741 2135 4794 15.
2180 4741 2244 4794 Et
2273 4741 2501 4795 adduxit
2525 4758 2647 4796 eum
2682 4758 2711 4795 a
2739 4757 2866 4797 sene
2908 4756 3082 4811 usque
3126 4741 3193 4796 ad
3233 4740 3492 4796 infantem
3527 4761 3540 4797 :

280 4852 386 4908 φος
405 4852 417 4864 ·
439 4835 587 4903 ὅμως
618 4831 780 4893 αὐτὸς
808 4830 836 4881 6
869 4829 1096 4889 θάνατος
1128 4826 1309 4897 ἀκμὴν
1344 4826 1514 4895 πέρας
1540 4824 1639 4875 οὐκ
1658 4822 1811 4874 ἔλαϐε

2010 4842 2352 4887 erumtamen
2390 4834 2505 4901 ipsa
2549 4849 2697 4887 mors
2731 4824 2910 4887 adhuc
2954 4832 3115 4886 tinem
3160 4848 3268 4887 non
3316 4833 3541 4902 accepit.

358 4926 607 4988 16.Ἕως
637 4940 728 4976 σου
759 4922 886 4993 ἔλθῃ
914 4923 993 4984 εἰς
1015 4921 1221 4982 πάντας
1245 4920 1370 4981 τοὺς
1396 4915 1749 4987 ἁμαρτωλοὺς
1770 4917 1866 4985 τῆς

2050 4918 2135 4974 16.
2198 4918 2499 4989 Usquequo
2529 4922 2709 4973 veniat
2731 4922 2784 4973 in
2819 4936 3008 4976 omnes
3034 4930 3346 4990 peccatores
3369 4930 3544 4977 terra).

487 5111 581 5175 Εἰς
614 5109 705 5162 τὸν
737 5107 995 5179 μέλλοντα
1024 5102 1195 5157 αἰῶνα
1219 5102 1385 5170 λέγει.

2046 5098 2134 5152 17.
2188 5098 2245 5152 In
2280 5099 2525 5155 futurum
2557 5103 2815 5157 szeculum
2842 5103 2972 5156 dicit

358 5203 669 5273 18.”Υμνον
698 5198 1003 5268 ἀναπέμψω
1034 5194 1109 5265 τῷ
1135 5193 1253 5263 Θεῷ
1282 5190 1499 5246 Ἰακώϐ.

2057 5186 2146 5243 18.
2205 5187 2474 5259 Hymnum
2513 5192 2730 5245 reddam
2760 5190 2871 5247 Deo
2896 5190 3080 5247 Jacob.

354 5347 403 5376 ⁸⁸
452 5340 609 5397 Joan.
666 5354 784 5401 vm,
838 5337 907 5390 55
943 5336 1031 5389 57.
1124 5333 1167 5363 ⁸⁷
1211 5330 1371 5386 Joan.
1405 5347 1457 5396 ι,
1494 5330 1583 5384 55.

1243 5446 1555 5508 Addenda
1590 5452 1651 5507 et
1685 5438 2063 5520 corrigenda
2092 5456 2169 5500 ex
2202 5439 2342 5501 cod.
2377 5441 2560 5502 Vatic

356 5584 435 5650 (1)
459 5581 769 5652 Ἐτάκησαν
800 5581 924 5641 ὑπο,
947 5588 1058 5652 _etc.
1216 5644 1238 5652 _
2157 5568 2425 5652 Εἰὲνιγέιρ,
2443 5579 2585 5652 ‘etcL,
2624 5569 2949 5652 προκόπτειν
2962 5560 3068 5649 ξτὴν
3097 5566 3330 5652 διάνοιαν
3353 5567 3513 5652 ποιεῖ,

477 5652 566 5722 Τῷ
597 5635 807 5723 ’Ῑῆσῖοῧῖ
838 5635 1157 5723 "Meamne:
1188 5644 1271 5723 ξῖη
1298 5656 1429 5723 ιλιι).⁸
1456 5714 1480 5723 _
1742 5711 1787 5723 η
1972 5709 2013 5723 η
2045 5635 2136 5723 (5)⁵
2155 5640 2221 5723 -
2247 5635 2331 5693 15-
2354 5635 2467 5723 Κει.)ζ
2486 5639 2605 5723 τρῖ),
2627 5635 3369 5723 etc.amiroﬁj'qféoaxtoc.
3389 5635 3549 5723 N46.

360 5656 436 5723 (2)
477 5653 566 5722 Τῷ
597 5653 773 5721 Ἰησοῦ
795 5668 807 5680 ⁸
838 5653 1157 5718 Ἀνθρωπος
1188 5653 1254 5707 εἱ,
1298 5656 1402 5698 etc.

360 5726 438 5798 (5)
478 5723 597 5798 Τῶν
630 5719 930 5791 ἀνθρώπων
959 5718 1067 5772 τῶν
1102 5716 1209 5771 ἀπὸ
1249 5714 1543 5779 ἀνατολῶν,
1584 5724 1687 5769 etc.
1742 5711 1860 5766 Mox

2045 5653 2122 5706 (δ)
2155 5653 2221 5690 1V.
2247 5653 2331 5693 τι).
2357 5653 2464 5691 nat
2486 5656 2602 5701 του,
2627 5653 2757 5700 etc.,
2785 5653 2878 5692 και
2899 5657 2989 5691 του
3017 5653 3369 5760 γηςασαντος,
3389 5653 3546 5693 ΠΛΟ.

2015 5709 2541 5798 Γαἱ..διιῄγριμενταιὲτρ
2591 5709 2815 5798 ὲκ-τοῦ,
2848 5721 2951 5765 etc.
2986 5710 3051 5763 N.
3092 5732 3093 5735 η
3127 5708 3176 5761 7.
3202 5710 3410 5779 Ὅμως,
3443 5717 3546 5764 etc.

284 5798 337 5851 εἰ
482 5794 657 5863 μόνος,
686 5778 788 5846 etc.

1970 5778 2039 5831 N.
2081 5779 2320 5842 18.Ἕως
2349 5778 2408 5833 οὗ
2436 5779 2583 5850 ἔλθῃ,
2614 5789 2716 5834 etc.
