3876 6220
283 327 386 384 961
1183 335 1274 390 DE
1314 336 1589 394 TlTULlS
1626 339 2168 400 PSALMORUM.—-
2196 345 2391 402 PSAL.
2435 349 2679 409 LXXVI.
3458 359 3562 416 962

357 452 445 507 16.
488 453 562 524 Γῆ
596 454 860 527 ἐφοϐήθη,
889 459 984 513 καὶ
1009 460 1309 531 ⁴ἔλσύχασιεν.
1345 466 1404 517 ὲν
1454 465 1528 536 τῷ
1584 467 1879 536 ἀναστῆναι

2051 469 2138 526 16.
2189 471 2359 527 Terra
2393 478 2617 533 tremuit
2641 488 2698 535 et
2727 479 2959 550 quievit,
3001 494 3126 536 cum
3159 491 3474 552 exsurgeret
3505 481 3565 537 in

279 543 365 606 εἰς
399 543 580 614 κρίσιν
608 545 697 598 τὸν
731 545 863 600 Θεὸν
884 563 898 577 '

1976 561 2244 633 judicium
2275 565 2418 622 Deus
2447 586 2459 622 :

357 635 445 692 17.
491 636 597 689 Τοῦ
641 639 810 692 σῷσαι
847 641 1053 706 πάντας
1089 644 1215 708 τοὺς
1244 649 1442 715 πραεῖς
1471 647 1574 718 τῆς
1605 649 1730 720 γῆς.

2052 652 2139 707 17.
2191 655 2261 711 Ut
2291 659 2470 713 salvos
2496 659 2699 715 faceret
2730 677 2921 718 omnes
2949 673 3266 718 mansuetos
3290 670 3468 716 terrae.

356 724 583 780 18.”Ο·ιι
609 727 864 800 ἐνθύμιον
893 731 1181 802 ἀνθρώπου
1214 733 1671 807 ἐξομολογήσεταί
1703 753 1814 790 σοι·

2059 745 2145 800 18.
2195 748 2464 814 Quoniam
2496 754 2757 822 cogitatio
2777 755 3018 810 hominis
3039 757 3390 810 conﬁtebitur
3418 754 3557 810 tibi:

354 817 445 873 19.
478 822 590 874 Καὶ
621 823 1037 895 ἐγκατάλειμμα
1056 827 1312 895 ἐνθυμίου
1340 828 1659 899 ὲορτάσουσί
1695 845 1796 882 σοι.

2049 835 2135 890 19.
2164 835 2230 893 Et
2273 841 2514 910 reliquiae
2547 846 2896 914 cogitationis
2945 847 3088 900 diem
3142 848 3339 900 festum
3398 854 3562 916 agent

1975 927 2097 983 tibi.

350 1005 442 1062 20.
466 1006 709 1074 Εὖξασθε
741 1008 834 1062 καὶ
863 1009 1090 1062 ἀπόδοτε
1126 1010 1314 1082 Κυρίῳ
1341 1011 1419 1082 τῷ
1453 1011 1573 1083 Θεῷ
1606 1013 1785 1084 ὑμῶν.

2043 1019 2132 1074 20.
2165 1019 2389 1088 Vovete,
2423 1033 2476 1078 ct
2505 1024 2716 1080 reddite
2749 1025 2981 1080 Domino
3010 1025 3121 1080 Deo
3153 1038 3354 1082 vestro.

349 1095 441 1151 21.
476 1099 684 1161 Πάντες
707 1100 756 1150 οἱ
790 1098 974 1170 κύκλῳ
999 1099 1162 1152 αὑτοῦ
1192 1101 1400 1154 οἴσουσι
1433 1101 1584 1172 δῶρα
1609 1143 1622 1164 ,

2039 1113 2127 1169 21.
2156 1113 2358 1172 Omnes
2383 1119 2474 1187 qui
2501 1119 2554 1172 in
2579 1120 2808 1174 circuitu
2837 1121 2956 1189 ejus
2979 1121 3206 1174 afferent
3233 1137 3481 1190 munera,

356 1190 448 1246 22.
477 1190 565 1260 Τῷ
597 1190 814 1262 φοϐερῷ
869 1193 962 1245 καὶ
1007 1193 1397 1265 ἀφαιρουμένῳ
1440 1195 1729 1263 πνεύματα
1759 1194 1862 1266 ἀρ-

2041 1204 2131 1259 22.
2164 1204 2414 1261 Terribili
2446 1217 2499 1262 et
2525 1208 2793 1263 auferenti
2830 1212 3084 1280 spiritum
3113 1214 3447 1283 principum.

271 1282 503 1353 χόντων,

345 1374 438 1430 9-5-
464 1373 686 1446 Φοδερῷ
712 1375 862 1446 παρὰ
894 1379 1008 1439 τοῖς
1037 1375 1318 1446 βασιλεῦσι
1344 1377 1444 1448 τῆς
1472 1380 1598 1451 γῆς,

1474 1380 1598 1451 γῆς.
2037 1385 2127 1442 25.
2167 1387 2422 1444 Terribili
2457 1391 2599 1460 apud
2640 1409 2793 1462 reges
2830 1403 3005 1449 terrm.

261 1488 374 1554 Εἰς
403 1486 470 1541 τὸ
502 1487 697 1554 τέλος,
723 1489 876 1556 ὑπὲρ
919 1488 1178 1558 Ἰδιθούμ
1201 1505 1213 1518 °
1256 1491 1501 1560 ψαλμύς
1532 1491 1612 1557 τῷ
1638 1493 1792 1559 Ἀσὰ

1842 1534 1855 1549 .
2161 1501 2228 1555 1η
2256 1503 2435 1572 ﬁnem,
2463 1520 2557 1573 pro
2591 1505 2827 1560 lditltum
2854 1525 2871 1562 :
2896 1508 3146 1563 Psalmus
3175 1509 3373 1581 Asaph.

869 1582 1102 1634 ΨΑΛΜ.
1145 1583 1290 1648 οιτν.

2477 1596 2740 1652 I’SALM.
2784 1597 2937 1652 LXX
2954 1599 3044 1654 VI.

341 1669 394 1724 1.
421 1671 576 1742 Φωνῇ
613 1688 711 1741 μου
737 1671 872 1742 πρὸς
900 1671 1099 1743 Κύριον
1128 1673 1422 1744 ἐκέκραξα,

2033 1685 2086 1739 1.
2116 1685 2265 1742 Voce
2294 1705 2412 1743 mea
2436 1691 2501 1744 ad
2527 1690 2815 1745 Dominum
2849 1694 3103 1760 clamavi,

338 1761 395 1816 2.
423 1764 576 1834 Φωνῇ
605 1782 704 1834 μου
737 1766 876 1836 πρὸς
911 1766 1000 1817 τὸν
1027 1765 1179 1829 Θεὸν,
1211 1767 1303 1818 καὶ
1339 1766 1609 1839 προσέσχε
1644 1787 1756 1840 μοι.

1720 1789 1756 1825 ι.
2029 1777 2084 1832 2.
2116 1777 2260 1833 Voce
2288 1796 2407 1833 mea
2439 1781 2505 1834 ad
2541 1783 2730 1849 Deum,
2758 1794 2810 1838 et
2833 1785 3063 1838 intendit
3097 1784 3248 1838 mihi.

339 1855 392 1910 5.
425 1854 517 1908 Ἐν
545 1855 729 1928 ἡμέρᾳ
751 1855 981 1926 elated);
1013 1873 1115 1926 μου
1140 1856 1232 1910 τὸν
1259 1856 1392 1911 Θεὸν
1421 1859 1743 1932 ἐξεζήτησα,

2029 1868 2082 1923 '5.
2113 1867 2171 1922 In
2209 1871 2298 1924 die
2330 1871 2704 1929 tribulationis
2732 1890 2868 1930 mea:
2892 1873 3063 1929 Deum
3093 1874 3405 1946 exquisivi,

1393 2039 1770 2100 ATHANASII
1807 2045 2400 2109 INTERPRETATIO.

306 2195 317 2204 ”
335 2210 423 2265 16.
463 2212 545 2266 Τὰ
577 2213 702 2286 ἔθνη
739 2215 915 2268 πάντα
944 2218 1240 2272 ὲπαίσαντο
1258 2219 1366 2273 άπὸ
1389 2221 1487 2291 τῆς
1508 2221 1733 2292 καρδίας
1766 2222 1837 2294 (1)

2019 2227 2108 2283 16.
2157 2231 2358 2286 Gentes
2414 2247 2607 2288 omnes
2678 2232 2867 2288 mundi
2929 2232 3096 2289 corde
3148 2232 3544 2298 conciderunt,

254 2303 356 2358 τοῦ
391 2306 618 2376 κόσμου,
645 2309 701 2360 ὲν
726 2308 803 2378 τῷ
832 2310 922 2361 τὸν
947 2309 1079 2362 Θεὸν
1117 2310 1288 2364 ἐλθεῖν
1317 2313 1408 2366 ἐπὶ
1437 2315 1537 2384 τῆς
1571 2315 1694 2385 γῆς.

1239 2314 1288 2364 ἰν
1317 2313 1408 2366 ἐπὶ
1437 2315 1537 2384 τῆς
1571 2315 1694 2385 γῆς.
1959 2335 2082 2375 cum
2115 2320 2253 2376 Deus
2281 2324 2426 2377 venit
2461 2324 2514 2376 in
2547 2334 2768 2378 terram.

334 2395 422 2450 17.
464 2398 600 2461 Τοὺς
618 2403 1167 2471 καταπραϋνομὲνους
1209 2400 1744 2479 [καταπαυομένους]
1777 2407 1853 2478 (2)

1260 2405 1744 2479 ιαταπαυομένους]
1777 2407 1853 2478 (2)
2027 2411 2116 2465 17.
2159 2410 2452 2468 Cessantes
2486 2429 2516 2467 a
2547 2424 2791 2483 peccato.

253 2487 370 2542 ἀπὸ
401 2491 498 2560 τῆς
528 2492 823 2562 ἁμαρτίας.

333 2577 420 2631 18.
441 2579 609 2632 Ὅταν
627 2583 676 2633 οἱ
697 2581 944 2653 λογισμοί
973 2601 1075 2654 μου
1097 2586 1524 2658 κατηγοροῦσιν,
1548 2588 1581 2659 ἦ
1606 2589 1700 2641 καὶ
1725 2590 1853 2644 άπο-

2024 2585 2112 2641 18.
2153 2586 2290 2642 Cum
2319 2589 2675 2660 cogitationes
2723 2603 2858 2644 mea:
2898 2590 3256 2653 accusabunt,
3303 2599 3398 2644 aut
3446 2588 3540 2644 de-

253 2669 564 2738 λογοῦνται.

1951 2677 2195 2734 feudent.

334 2760 419 2815 19.
455 2762 574 2815 Τῶν
608 2764 1030 2837 ἐνδεικνυμένων
1066 2768 1132 2822 τὸ
1154 2769 1457 2840 ἔργοντοῦ
1495 2775 1685 2842 νόμου
1714 2792 1851 2844 γρα-

2027 2769 2113 2826 19.
2146 2769 2563 2826 Ostendentium
2596 2787 2725 2837 apus
2759 2770 2886 2840 legis
2916 2771 3170 2830 seriptum
3203 2769 3256 2823 in
3287 2772 3534 2827 cordibus

249 2851 490 2906 πτόνέν
505 2853 632 2920 ταῖς
647 2856 913 2924 καρδίαις
933 2858 1150 2924 αὐτῶν,
1171 2866 1722 2938 σ-υμμιιρτυρούσης
1735 2883 1772 2920 α

1824 2897 1845 2908 -
1947 2865 2080 2930 suis,
2115 2864 2477 2917 testimonium
2512 2864 2756 2916 reddente
2789 2862 2902 2916 illis
2929 2864 3253 2916 conscientia
3289 2863 3355 2915 9°.

249 2941 380 3009 τοῖς
397 2943 472 3014 (5)
487 2945 596 3013 τῆς
608 2949 1040 3017 συνειδήσεως.
2220 2948 2232 2961 ⁸

327 3034 416 3090 20.
455 3039 520 3090 ’Ἀ
556 3039 956 3110 ἐπηγγείλασοε
987 3046 1044 3096 ὲν
1095 3045 1173 3116 τῷ
1225 3045 1568 3120 βαπτίσματι
1623 3048 1844 3122 πληρώ-

2014 3043 2105 3099 20.
2138 3043 2270 3111 Quae
2297 3042 2630 3113 promisistis
2658 3043 2712 3096 in
2736 3042 3011 3112 baptismo
3030 3041 3264 3096 Domino
3287 3041 3398 3096 Deo
3426 3056 3526 3098 no.

250 3144 386 3181 σατε
408 3130 596 3200 Κυρίῳ
625 3133 702 3203 τῷ
732 3133 850 3204 Θεῷ
872 3135 1052 3206 ἡμῶν.

807 3134 850 3204 ῷ
872 3135 1052 3206 ἡμῶν.
1943 3146 2060 3194 slro
2092 3139 2330 3206 implete.

323 3217 412 3271 21.
447 3222 507 3272 υἱ
532 3221 675 3291 ἅγιοι
709 3224 872 3278 αὐτοῦ
921 3227 1200 3296 ἀγάγωσιν
1246 3227 1397 3301 αὐτῷ
1443 3230 1515 3284 τὰ
1565 3231 1703 3303 ἔργα
1741 3233 1840 3304 τῆς

1794 3234 1840 3304 ᾗς
2013 3231 2102 3284 21.
2137 3229 2323 3285 Sancti
2349 3232 2468 3300 ejus
2497 3227 2724 3284 afferent
2751 3228 2855 3299 ipsi
2881 3243 3046 3298 opera
3072 3227 3325 3298 justitite.

245 3309 619 3382 δικαιοσύνης,

322 3399 412 3454 22.
451 3402 541 3473 Τῷ
571 3406 797 3477 ἰσχυρῷ,
860 3410 954 3462 καὶ
1007 3410 1216 3483 δυνατῷ
1269 3411 1458 3485 τῷ
1508 3413 1835 3487 ἀφαιροῦντι

2007 3411 2098 3465 22.
2131 3409 2282 3464 Forti
2313 3417 2368 3463 et
2393 3409 2602 3478 potenti
2639 3407 2909 3463 auferenti
2943 3410 3158 3464 animas
3191 3423 3405 3473 eorum,
3432 3407 3526 3480 qui

243 3491 350 3553 τὰς
381 3492 557 3564 ψυχὰς
587 3497 693 3551 τῶν
724 3501 780 3552 ἐν
817 3499 1035 3573 ἐξουσίᾳ
1068 3504 1259 3558 ὄντων.

947 3501 1035 3573 σίᾳ
1068 3504 1259 3558 ὄντων.
1939 3510 2069 3558 sunt
2096 3503 2149 3555 in
2185 3508 2471 3570 potestate.

319 3584 410 3640 25.
441 3589 696 3654 Δυνατοῖς
730 3593 868 3665 ὑπὲρ
917 3597 1040 3659 τοὺς
1076 3596 1332 3666 βασιλέας
1362 3598 1436 3669 (5)
1461 3599 1560 3671 τῆς
1593 3599 1720 3669 γῆς.

1399 3600 1436 3669 5)
1461 3599 1560 3671 τῆς
1593 3599 1720 3669 γῆς.
1861 3579 1903 3638 C
2006 3594 2096 3647 25.
2121 3593 2337 3647 Potenti
2370 3607 2534 3662 super
2565 3606 2722 3660 reges
2751 3597 2930 3645 teme.

333 3766 397 3822 Ἡ
430 3772 764 3844 προκειμένη
799 3775 1078 3848 ἐπιγραφὴ
1106 3779 1349 3850 περιέχει
1381 3779 1454 3849 (6)
1473 3794 1486 3807 ο
1515 3781 1616 3845 Εἰς
1637 3779 1704 3833 τὸ
1728 3781 1922 3843 τέλος,
1957 3778 2112 3846 ὑπὲρ
2158 3774 2414 3845 Ἰδιθούμ
2434 3791 2447 3805 ·
2483 3774 2729 3842 ψαλμός
2757 3771 2837 3839 τῷ
2880 3773 3092 3842 Ἀσάφ.
3118 3772 3288 3827 Τοῦτο
3319 3767 3412 3827 οὖν
3435 3774 3527 3827 λέ-

245 3879 368 3930 γει·
407 3861 529 3914 Ἐπὶ
560 3864 836 3936 συντελείᾳ
853 3866 945 3919 τοῦ
971 3869 1164 3930 αἰῶνος
1193 3869 1346 3937 ὑπὲρ
1370 3868 1574 3937 κριτοῦ
1602 3869 1710 3923 τοῦ
1739 3866 2068 3938 ἐρχομένου
2100 3866 2174 3936 (7)
2200 3881 2213 3895 ο
2240 3864 2398 3917 τοῦτο
2425 3865 2531 3934 γὰρ
2561 3863 2924 3934 ἑρμηνεύεται
2958 3862 3019 3916 τὸ
3063 3862 3337 3933 Ἰδιθούμ.
3365 3859 3519 3916 Εἶτα⁹

249 3953 501 4023 Ψαλμὸς
524 3952 627 4033 τῷ.
649 3955 861 4024 Ἀσάφ,
893 3957 1140 4010 τουτέστι
1174 3957 1420 4028 ψαλμὸς
1448 3958 1528 4024 τῷ
1559 3959 1948 4027 συλλέγοντι.
1999 3956 2183 4024 Ἀσὰςο
2207 3954 2318 4026 γὰρ
2352 3953 2721 4026 ἑρμηνεύεται
2766 3952 3109 4023 συλλέγων,
3156 3953 3293 4026 ὅπερ
3317 3955 3463 4006 ἐστιν
3494 3956 3525 4008 ὁ

242 4047 473 4122 Κύριος,
503 4049 532 4101 ὁ
564 4049 774 4114 πάντας
797 4051 1043 4120 συνάγων

317 4183 529 4239 Titulus
560 4184 886 4253 przepositus
915 4185 1201 4238 continet:
1236 4181 1300 4235 In
1329 4182 1513 4251 ﬂuent,
1549 4196 1644 4249 pro
1669 4178 1934 4242 [dit/tum,
1961 4177 2201 4247 psalmus
2234 4177 2433 4248 Asapli.
2472 4177 2588 4232 Hoc
2623 4178 2789 4248 igitur
2825 4177 3138 4249 signiﬁcat:
3173 4178 3226 4232 in
3260 4193 3520 4234 consum-

241 4281 484 4333 matione
516 4280 699 4334 saeculi
729 4295 824 4348 pro
855 4277 1046 4330 Iudice
1073 4277 1411 4337 adveniente;
1447 4275 1521 4328 ita
1565 4273 1711 4326 enim
1761 4272 2150 4340 interpretatur
2197 4270 2462 4327 [dit/rum.
2497 4271 2700 4327 Deinde
2727 4293 2739 4327 :
2764 4272 3000 4342 psalmus
3040 4273 3241 4341 Asaplt,
3275 4273 3380 4329 hoc
3409 4283 3514 4340 est,

237 4371 478 4443 psalmus
513 4371 802 4442 colligeuti.
836 4371 1018 4439 Asaph
1045 4371 1190 4424 enim
1220 4368 1613 4435 interpretatur
1640 4364 1914 4434 colligens,
1945 4365 2125 4433 qualis
2149 4373 2234 4420 est
2266 4364 2552 4430 Dominus,
2581 4365 2676 4435 qui
2710 4381 2904 4421 omnes
2930 4373 3228 4436 congregat

314 4530 367 4585 1.
407 4530 502 4582 Ἐκ
525 4528 686 4581 πόνου
718 4527 812 4581 καὶ
855 4528 1084 4597 συνοχῆς
1117 4527 1216 4597 τῆς
1244 4524 1474 4596 καρδίας
1515 4540 1614 4594 μου
1662 4521 1823 4594 ἐϐόη-

1999 4523 2052 4576 1.
2085 4521 2127 4574 Ε
2174 4521 2380 4588 labore,
2418 4530 2473 4576 et
2520 4523 2703 4579 cordis
2745 4522 2853 4578 mei
2893 4520 3148 4592 angustia
3177 4519 3409 4576 clamavi
3443 4520 3513 4578 ad

237 4637 315 4674 σοι
339 4619 474 4690 πρὸς
508 4619 567 4670 σὲ
587 4619 699 4689 (9),
728 4617 903 4688 Κύριε
934 4618 962 4668 ὁ
995 4616 1149 4677 Θεός.

934 4618 962 4668 ὁ
995 4616 1149 4677 Θεός.
1931 4624 2004 4682 te,
2035 4615 2262 4669 Domine
2293 4615 2454 4671 Deus.

311 4709 366 4766 2.
403 4711 511 4764 Kal
547 4713 581 4781 ἡ
618 4711 772 4779 φωνή
811 4725 909 4778 μου
940 4705 1180 4777 ἠκούσθη
1229 4703 1382 4774 παρὰ
1422 4703 1499 4774 τῷ
1543 4702 1683 4774 Θεῷ,
1730 4704 1823 4756 καὶ

2001 4707 2055 4761 2.
2091 4705 2158 4760 Ει
2187 4723 2290 4760 vox
2327 4721 2446 4760 mea
2489 4705 2672 4760 audita
2713 4710 2798 4760 est
2837 4719 2869 4759 a
2905 4701 3040 4771 Deo,
3067 4710 3122 4758 et
3156 4703 3412 4768 intendit,
3450 4709 3511 4761 ut

232 4803 533 4876 προσέσχε,
562 4803 654 4856 τοῦ
680 4801 998 4874 πληρῷσθαι
1035 4801 1145 4873 (10)
1173 4798 1269 4870 τὴν
1299 4797 1486 4868 δέησίν
1517 4813 1638 4868 μου.

1334 4797 1486 4868 ἐησίν
1517 4813 1638 4868 μου.
1927 4799 2176 4868 impleret
2200 4798 2637 4869 deprecationem
2667 4813 2865 4852 meam.

309 4896 364 4952 5.
411 4897 500 4950 Ἐν
532 4896 609 4968 τῷ
638 4897 815 4968 καιρῷ
845 4896 944 4966 τῆς
978 4891 1253 4966 ἁμαρτίας
1286 4907 1389 4961 μου
1420 4889 1511 4942 τὸν
1545 4888 1676 4941 Θεὸν
1714 4889 1816 4940 ὲπ-

309 4989 478 5026 ἧτῇηη

1724 4889 1816 4940 ὲπ-
1991 4890 2044 4945 5.
2073 4889 2343 4962 Tempore
2369 4889 2576 4960 peccati
2608 4890 2713 4945 mei
2759 4889 2930 4945 Deum
2962 4889 3255 4962 exquisivi.

1848 4970 1894 5026 D

227 4986 500 5060 εζήτησα.

301 5161 349 5193 ’⁸
381 5159 542 5217 Rom.
579 5175 640 5228 ιι,
672 5160 760 5216 15.

1187 5341 1494 5404 Addenda
1520 5345 1582 5402 et
1613 5339 1996 5420 corrigenda
2029 5356 2107 5401 ex
2153 5339 2296 5400 cod.
2329 5337 2534 5400 Vatic.

329 5511 383 5584 ι)
402 5508 743 5584 Ἐπαύσαντο
769 5508 876 5584 ἀπὸ
900 5507 999 5584 τῆς
1028 5507 1247 5568 κακίας.
1987 5502 2063 5584 (ﬁ)
2105 5503 2172 5584 Ἠ
2193 5502 2278 5584 δξὰ
2305 5505 2406 5584 τῆς
2433 5503 2803 5584 ξιιγναδάρεῳς
2834 5521 2957 5576 περ-

322 5571 378 5650 2)
412 5582 550 5652 Τοὺς
575 5571 1142 5651 καταπραϋνομένους,
1165 5586 1271 5632 etc.
2088 5571 2281 5652 έῐξπὲρ
2310 5571 2402 5626 τοῦ
2433 5575 2551 5639 ἐνὸς
2577 5571 2788 5648 κριτοῦ.

320 5643 666 5735 aere.
764 5643 775 5651 '
1983 5643 2394 5735 ἐξιξιιλὶέγφξί
2493 5715 2533 5735 _.
2617 5643 2662 5735 ζ,
2736 5716 2888 5735 ..-,,,

321 5712 377 5798 ᾖ)
417 5722 501 5798 Τῷ
521 5721 700 5798 deest:
731 5735 862 5798 mox
885 5717 1234 5798 ζώντων)Ῐο
1259 5718 1450 5773 ὄντων.

2111 5712 2398 5798 Ἐφώνησα
2437 5715 2571 5787 πρὸς
2606 5716 2685 5796 σέ.
2724 5716 2892 5798 Deest
2930 5717 3159 5788 Κύριεδ
3184 5719 3353 5787 Θεός.

321 5723 377 5792 4)
417 5723 501 5788 Τῷ
521 5723 700 5776 deest:
733 5735 862 5774 mox
889 5723 1106 5782 ζώντων
1136 5732 1234 5787 pro
1259 5723 1450 5773 ὅντων.
1989 5723 2068 5783 (9)
2111 5723 2398 5785 Ἑφὼνησα
2437 5723 2571 5787 πρὸς
2606 5723 2685 5796 σέ.
2734 5723 2892 5798 Deest.
2930 5723 2994 5771 Kt

295 5723 378 5866 (5)
407 5789 627 5861 Δυνατῷ
651 5791 791 5860 ὑπὲρ
818 5790 946 5852 τοὺς
975 5787 1235 5860 βασιλεῖς.
1982 5785 2095 5856 (10)
2120 5786 2395 5857 Προσέσχε
2425 5803 2536 5857 μοι,
2561 5803 2654 5839 του
2684 5786 2994 5857 πληρωσαι.
