3876 6220
362 347 472 406 963
1221 335 1276 388 S.
1319 329 1689 387 ATHANASII
1727 329 1878 382 DPP.
1918 325 2097 380 PARS
2137 325 2227 378 lll.
2269 355 2339 364 —-
2367 322 2773 378 EXEGETICA.
3511 318 3628 373 964

435 460 491 513 4.
522 454 770 509 Manibus
800 451 932 506 meis
961 458 1116 504 nocte
1142 464 1325 502 coram
1363 461 1450 512 eo,
1479 455 1531 500 et
1559 460 1664 498 non
1693 458 1814 497 sum
1856 441 1950 496 de-

2119 440 2174 494 4.
2210 441 2339 503 Ταῖς
2361 439 2516 509 χερσί
2554 455 2656 509 μου
2681 437 2873 499 νυκτὸς
2912 435 3152 490 ἐναντίον
3179 437 3368 500 αὑτοῦ,
3398 438 3494 489 καὶ
3521 439 3632 491 οὐκ

364 559 584 620 ceptus.

2046 531 2353 603 ἡπατήθην.

439 643 492 697 5.
521 638 718 694 Rennit
741 632 1012 690 consolari
1041 629 1221 684 anima
1255 643 1411 681 mea:

2115 625 2167 679 5.
2200 624 2538 694 Ἀπηνῄνατο
2568 621 2986 691 παρακληθῆναι
3013 622 3046 690 ὴ
3081 618 3225 689 ψυχή
3268 635 3368 689 μου
3392 633 3406 648 ⁸

438 733 492 788 6.
522 730 729 783 Memor
752 726 827 779 fui
855 723 970 788 Dei,
1001 734 1055 775 et
1080 720 1379 774 delectatus
1409 733 1568 770 sum:

2117 715 2171 770 6.
2201 714 2510 785 Ἐμνήσθην
2537 712 2629 765 τοῦ
2664 711 2820 774 Θεοῦ,
2853 711 2946 764 καὶ
2980 710 3288 782 εὐφράνθην
3309 725 3325 742 ⁶

439 823 495 876 7.
526 820 871 874 Exercitatns
903 829 1049 876 sum,
1083 822 1137 864 et
1162 808 1360 862 defecit
1389 807 1612 875 spiritus
1641 819 1812 859 meus.

2121 808 2173 862 7.
2205 807 2592 876 Ἥδολέσχησα,
2621 806 2716 858 καὶ
2746 804 3120 874 ὠλιγοψύχησε
3151 804 3213 856 τὸ
3236 803 3456 874 πνεῦμά
3491 819 3623 873 μου.

443 916 498 971 8.
527 913 980 980 Antieipaverunt
1001 905 1218 974 vigilias
1246 901 1390 956 oculi
1422 898 1526 952 mei
1559 916 1572 951 :

2116 898 2171 964 8,
2201 898 2675 969 Προκατελάϐοντο
2711 897 2956 966 φυλακὰς
2980 900 3028 949 οἱ
3059 897 3324 968 ὀφθαλμοί
3360 915 3462 968 μου
3494 913 3507 926 ·

441 1008 494 1064 9.
527 1005 798 1059 Turbatus
828 1015 972 1064 sum,
1004 1007 1057 1050 et
1086 1011 1195 1049 non
1227 1008 1349 1048 sum
1375 991 1612 1045 locutus.

1567 1003 1612 1041 s.
2115 989 2170 1047 9.
2205 989 2565 1060 Ἐταρὰχθην,
2591 990 2682 1041 καὶ
2710 990 2810 1041 οὐκ
2837 989 3095 1058 ἐλάλησα.

442 1100 530 1156 10.
562 1097 810 1168 Cogitavi
837 1095 952 1148 dies
980 1091 1238 1159 antiquos
1266 1106 1279 1140 :

2114 1081 2203 1136 10.
2227 1082 2618 1152 Διελογισάμην
2646 1082 2860 1152 ἡμέρας
2892 1082 3124 1152 ἀρχαίας
3147 1097 3161 1113 ο

441 1193 528 1246 11.
557 1190 624 1244 Ει
653 1205 827 1243 annos
858 1197 1089 1241 aeternos
1119 1183 1173 1235 in
1210 1187 1390 1234 mente
1426 1177 1610 1242 habui,
1641 1181 1694 1228 et
1723 1171 1952 1226 medita-

2122 1171 2208 1225 11.
2242 1170 2346 1225 Καὶ
2371 1172 2465 1242 ἐτη
2500 1170 2692 1224 αἰώνια.
2726 1171 3023 1242 ἐμνήσθην,
3067 1172 3160 1224 καὶ
3186 1171 3514 1242 ἐμελέτησα.

376 1293 466 1338 tus
502 1297 621 1335 sum
649 1299 663 1333 :

446 1369 533 1424 12.
564 1367 734 1422 Nocte
764 1379 888 1420 cum
931 1361 1095 1417 corde
1140 1371 1262 1412 meo
1289 1353 1652 1419 exercitabar,
1685 1359 1739 1405 et
1761 1363 1952 1418 scope—

2123 1349 2207 1402 12.
2237 1349 2446 1411 Νυκτὸς
2483 1349 2620 1420 μετά
2650 1350 2750 1419 τῆς
2772 1349 2998 1422 καρδίας
3024 1367 3124 1420 μου
3159 1349 3505 1420 ἠδολέσχουν,
3527 1350 3633 1403 καὶ

373 1461 468 1517 bat
494 1460 718 1530 spiritus
745 1471 916 1509 meus.

2052 1440 2281 1493 ἔσκαλλε
2310 1441 2370 1493 τὸ
2397 1441 2614 1510 πνεῦμά
2639 1457 2760 1510 μου.

447 1552 534 1606 15.
570 1548 824 1617 Nunquid
853 1548 905 1598 in
936 1554 1196 1598 aeternum
1223 1537 1472 1608 projiciet
1506 1530 1810 1588 Dominus?

2122 1532 2208 1585 15.
2245 1533 2336 1603 Μὴ
2370 1533 2448 1594 εἰς
2474 1533 2599 1596 τοὺς
2626 1531 2826 1594 αἰῶνας
2851 1531 3127 1584 ἀπώσεται
3163 1531 3405 1602 Κύριοςς

449 1639 536 1692 14.
571 1639 636 1692 Ει
668 1653 778 1690 non
809 1643 1044 1704 apponet
1069 1642 1126 1685 ut
1153 1627 1532 1698 complacitior
1563 1625 1632 1678 sil.
1658 1619 1872 1675 adhuc?

1816 1619 1872 1675 c?
2121 1624 2206 1677 M.
2238 1623 2342 1677 Kal.
2375 1625 2436 1676 οὐ
2471 1623 2769 1695 προσθήσει
2793 1625 2886 1677 τοῦ
2914 1625 3201 1695 εὐδοκῆσαι
3230 1624 3347 1688 Eu;

450 1732 536 1784 15.
569 1730 677 1782 Aut
707 1729 761 1780 in
788 1727 948 1780 linem
991 1720 1424 1777 misericordiam
1457 1730 1613 1770 suam
1647 1711 1950 1775 abscindet,

2125 1714 2211 1768 15.
2251 1716 2326 1783 (a)
2365 1715 2434 1766 ’Ἦ
2468 1716 2547 1777 εἰς
2577 1714 2730 1778 τέλος
2757 1714 2816 1767 τὸ
2839 1715 2982 1777 ἕλεος
2995 1714 3157 1766 αὑτοῦ
3184 1713 3469 1781 ἀποκόψει,
3499 1729 3633 1764 συν-

378 1824 784 1880 consummavit
828 1819 1050 1874 verbum
1084 1834 1115 1871 a
1158 1812 1512 1885 generatione
1553 1811 1607 1862 in
1651 1806 1909 1879 generatit

1651 1806 1954 1879 generatio-
1984 1783 2027 1839 Β
2059 1804 2271 1858 ἐτέλεσε
2297 1805 2447 1875 ῥῆμα
2469 1806 2576 1858 ἀπὸ
2597 1806 2788 1872 γενεᾶς
2817 1807 2895 1868 εἰς
2920 1804 3110 1873 γενεάν
3141 1821 3155 1867 ;

520 1915 543 1954 ν

379 1932 502 1971 nem
525 1932 542 1967 ι

451 2005 538 2058 16.
570 1999 822 2070 Nunquid
846 1995 1194 2051 obliviscetur
1222 1991 1470 2046 misereri
1501 1990 1644 2045 Deus

2124 1981 2211 2038 16.
2242 1981 2334 2052 Μὴ
2367 1982 2680 2052 ἐπιλήσεται
2711 1982 2806 2035 τοῦ
2832 1982 3173 2053 οἰκτειρῆσαι
3206 1981 3234 2033 ὁ
3255 1978 3388 2041 Θεός
3411 2021 3424 2042 ,

454 2096 542 2149 17.
570 2094 679 2147 Aut
707 2089 1005 2146 continebit
1034 2088 1090 2141 in
1116 2087 1197 2140 ira
1220 2100 1319 2140 sua
1350 2081 1756 2139 misericordias
1787 2081 1954 2136 suas?

2119 2074 2206 2126 17.
2242 2075 2312 2126 Ἢ
2336 2074 2546 2140 συνέξει
2580 2076 2637 2126 ἐν
2670 2076 2734 2145 τῇ
2777 2075 2913 2144 ὀργῇ
2954 2071 3119 2126 αὐτοῦ
3156 2070 3284 2132 τοὺς
3313 2066 3639 2136 οἱκτιρμοὺς

2055 2161 2256 2227 αὑτοῦ;

455 2287 529 2358 (a)
557 2285 712 2341 Vers.
745 2286 925 2358 15.7"}!
953 2285 1032 2346 εἰς
1061 2277 1503 2358 semideam?
1534 2277 1597 2329 τὸ
1637 2276 1785 2340 ἕλεος
1813 2274 2002 2331 αὑτοῦ.
2041 2273 2104 2330 ν.
2140 2277 2226 2332 16.
2255 2278 2533 2342 Συνέτελε,
2563 2285 2666 2333 etc.
2698 2274 2764 2330 Υ.
2806 2277 2891 2330 17.
2921 2275 3013 2347 Μὴ
3045 2275 3380 2346 ἐπιλήσεται,
3420 2282 3526 2326 etc.

382 2344 564 2414 V313.
599 2360 668 2410 Ἢ
701 2357 926 2423 συνέξει,
949 2344 1052 2408 etc.
1083 2351 1147 2406 ν.
1186 2352 1270 2405 19.
1306 2344 1586 2411 Ιίαὶεῖπα,
1610 2358 1714 2402 etc.

1506 2498 1878 2557 ATHANASll
1915 2493 2504 2554 INTERPRETATIO.

456 2719 511 2772 1.
541 2715 717 2772 Corde
763 2728 884 2768 meo
929 2713 981 2766 in
1031 2709 1248 2765 silentio
1296 2723 1421 2763 eum
1464 2706 1788 2775 deprecatus
1819 2717 1967 2765 sum,

2143 2701 2195 2754 4.
2231 2702 2308 2770 Τῇ
2357 2699 2553 2770 καρδίᾳ
2597 2714 2696 2768 μου
2732 2699 2788 2751 ἐν
2814 2697 3014 2769 ἡσυχίᾳ
3046 2697 3272 2768 ἐδεήθην
3306 2695 3492 2761 αὑτοῦ,
3546 2701 3645 2752 καὶ

387 2817 444 2865 et
473 2823 581 2863 non
627 2808 888 2875 deceptus
913 2803 1046 2874 [sum
1083 2817 1114 2856 a
1142 2797 1568 2870 cogitationibus
1599 2794 1918 2851 subeuntibt

2117 2794 2170 2846 5x
2198 2793 2482 2863 ὴπατήθην
2530 2791 2634 2844 ὑπὸ
2691 2790 2801 2844 τῶν
2846 2789 3122 2860 λογισμῶν
3165 2789 3272 2842 τῶν
3301 2791 3648 2862 ὑπερεχομέ-

391 2899 546 2956 mihi.

2071 2890 2182 2935 νων·
2205 2881 2279 2951 (1)
2319 2899 2427 2952 μοι.

462 2993 514 3046 5.
551 2989 866 3060 Desperavit
884 2987 950 3042 de
977 3001 1036 3040 se
1067 2985 1250 3039 anima
1273 2995 1392 3035 mea
1420 2984 1642 3049 propter
1674 2974 1965 3044 subingre-

2142 2971 2193 3025 5.
2236 2973 2490 3024 Ἀπεῖπεν
2517 2970 2715 3040 ἑαυτῆς
2745 2972 2778 3042 ἡ
2818 2969 2963 3040 ψυχή
3009 2987 3112 3040 μου
3141 2968 3230 3023 διὰ
3262 2969 3331 3023 τά
3384 2969 3649 3041 ὑπεισερ-

389 3085 594 3139 dientia
622 3085 677 3137 in
707 3097 848 3136 eam.

1992 3106 2040 3166 ο
2070 3062 2275 3132 χόμενα
2297 3061 2454 3130 αὐτῇ.

376 3199 386 3221 ο
461 3174 515 3229 6.
554 3174 941 3228 Verumtamen
972 3165 1188 3220 Domini
1217 3164 1534 3219 recordatus
1567 3161 1783 3214 laetatus
1819 3173 1907 3212 sur

2004 3150 2040 3166 '
2141 3153 2194 3208 6.
2223 3153 2415 3222 Ὅμως
2441 3151 2754 3222 εὐφράνθην
2788 3151 3048 3222 μνησθεὶς
3071 3150 3165 3205 τοῦ
3196 3153 3401 3224 Κυρίου
3436 3154 3535 3225 (9.).

464 3259 518 3314 7.
549 3257 794 3328 Cogitavi
817 3269 1052 3319 mecum,
1078 3266 1198 3321 quae
1230 3245 1864 3318 ad'mespectabautget
1891 3241 1960 3297 ad

2141 3242 2192 3294 7.
2225 3241 2596 3313 Ἐνεθυμήθην
2625 3241 2691 3295 τὰ
2737 3241 2858 3295 κατ’
2897 3242 3154 3311 ἐμαυτὸν,
3205 3245 3299 3296 καὶ
3338 3246 3419 3306 εἰς
3460 3244 3647 3312 ὀλίγον

394 3351 627 3406 nihilum
663 3349 916 3402 redactus
945 3361 1088 3400 sum.
1425 3339 1430 3356 ‘

717 3349 916 3402 :dactus
945 3361 1088 3400 sum.
1425 3339 1430 3356 ‘
2067 3331 2248 3408 ἦλθον.

465 3443 519 3498 8.
548 3442 874 3496 Pramunivi
902 3446 1084 3492 mente
1114 3449 1234 3489 mea
1261 3432 1394 3488 mihi
1425 3431 1550 3502 ipsi.

2140 3432 2193 3486 8.
2239 3430 2744 3503 Προησφαλισάμην
2791 3433 2873 3509 τῇ.
2913 3431 3121 3504 διανοίᾳ
3181 3450 3279 3504 μου
3339 3432 3646 3507 [ἐμαυτῷ]

2071 3523 2248 3594 ἐαυτῷ
2282 3525 2380 3595 (5).

467 3617 521 3673 9.
551 3614 824 3670 Turbatus
855 3628 975 3669 sum
1013 3627 1042 3666 a
1076 3607 1496 3680 cogitationibus
1532 3606 1692 3674 meis,
1738 3613 1793 3661 et
1823 3606 1968 3661 silui.

2142 3613 2195 3668 9.
2227 3613 2640 3684 Ἑταρασσόμην
2675 3613 2779 3666 ὑπὸ
2816 3614 2926 3667 τῶν
2969 3615 3321 3687 ἐνθυμήσεών
3373 3634 3498 3687 μου,
3549 3618 3648 3671 καὶ

2071 3704 2342 3776 ἡσύχασα.

466 3799 554 3854 10.
584 3797 650 3851 Ει
691 3794 922 3866 cogitavi
973 3793 1090 3847 dies
1135 3804 1287 3845 meos
1317 3789 1646 3859 praeteritos,
1692 3787 1746 3842 in
1772 3787 1972 3858 quibus

2145 3794 2230 3848 10.
2263 3794 2373 3846 Καὶ
2402 3793 2776 3866 διελογιζόμην
2811 3811 2910 3858 τας
2962 3796 3231 3866 προτέρας
3272 3813 3373 3866 μου
3407 3796 3646 3868 ἡμέρας,

398 3888 639 3960 peccavi.

2074 3885 2131 3938 ἐν
2151 3879 2238 3949 αἷς
2269 3885 2535 3957 ἥμαρτον.

471 3979 559 4032 11.
587 3977 651 4031 Et
673 3977 727 4031 in
749 3984 928 4030 mente
949 3974 1116 4029 habui
1138 3974 1306 4027 vitam
1335 3980 1616 4038 aeternam,
1635 3978 1689 4025 et
1711 3976 1974 4024 aeternum

2145 3977 2232 4030 11.
2268 3978 2378 4030 Καὶ
2403 3977 2678 4050 ἐμνήσθην
2696 3979 2796 4051 τῆς
2827 3978 3045 4033 αἰωνίου
3073 3979 3220 4048 ζωῆς
3252 3979 3346 4032 καὶ
3383 3979 3481 4048 τῆς
3509 3981 3648 4030 αἰω-

399 4069 752 4141 supplicium.

2075 4070 2190 4122 νίου
2232 4069 2508 4134 κολάσεως
2543 4071 2641 4140 (4).

472 4161 558 4216 12.
591 4161 648 4215 In
698 4161 916 4215 silentio
950 4175 1176 4215 manens
1209 4157 1554 4213 conferebam
1588 4157 1703 4212 haec
1735 4157 1790 4210 in
1815 4156 1978 4211 corde

2148 4159 2234 4212 12.
2274 4161 2361 4212 Ἐν
2395 4161 2592 4233 ἠσυχίᾳ
2623 4160 2698 4214 ὢν
2725 4161 3042 4214 συνέϐαλλον
3065 4160 3237 4213 ταῦτα
3263 4162 3320 4212 ἐν
3346 4163 3413 4231 τῇ
3453 4159 3655 4231 καρδιᾳ

401 4268 545 4320 meo,
571 4261 626 4308 et
653 4255 710 4308 in
739 4253 1105 4309 sollicitudine
1134 4253 1306 4306 multa
1339 4251 1417 4305 fui
1439 4251 1658 4305 dicens:

2081 4267 2204 4321 μου,
2234 4253 2330 4303 καὶ
2357 4252 2414 4304 ἐν
2441 4252 2610 4320 ἀγῶνι
2643 4251 2821 4322 πολλῷ
2844 4253 3109 4322 ἐγενόμην
3131 4251 3302 4320 λέγων
3326 4269 3336 4281 ·

474 4347 561 4401 15.
589 4345 844 4416 Nunquid
870 4352 1134 4416 perpetuo
1160 4345 1409 4414 projiciet
1436 4360 1522 4398 me
1558 4342 1742 4398 Deus?

2154 4341 2240 4397 15.
2267 4338 2414 4414 τΑρα
2449 4343 2522 4415 μὴ
2551 4344 2772 4407 τελείως
2801 4345 3095 4416 ἀπορρίψει
3119 4362 3185 4414 με
3221 4348 3250 4398 ὁ
3280 4345 3411 4409 Θεός
3439 4345 3547 4416 (5);

473 4441 561 4496 14.
599 4440 666 4493 Ει
696 4454 802 4494 non
833 4438 1170 4509 permanebit
1192 4438 1452 4492 voluntas
1486 4437 1606 4505 ejus
1633 4452 1761 4506 erga
1790 4435 1912 4490 me?

1790 4435 1912 4490 me?
2013 4461 2057 4514 ι)
2154 4433 2241 4488 14.
2269 4435 2378 4487 Καὶ
2409 4436 2509 4487 οὐκ
2537 4437 2786 4505 ἐπιμενΞί
2808 4435 2902 4488 τοῦ
2941 4434 3163 4506 θελῆσαι
3201 4453 3295 4507 με;

474 4532 563 4587 15.
594 4531 701 4585 Aut
730 4529 953 4586 omnino
982 4527 1411 4582 misericordiam
1449 4542 1601 4581 suam
1631 4527 1914 4581 abscindet
1945 4541 1976 4580 a

2155 4524 2242 4577 15.
2278 4526 2348 4576 Ἦ
2376 4525 2449 4596 (6)
2484 4525 2704 4590 τελείως
2739 4527 2798 4578 τὸ
2857 4525 3003 4588 ἔλεος
3042 4526 3205 4580 αὑτοῦ
3249 4527 3518 4595 ἀποκόψει
3552 4527 3651 4581 ἀπ’

405 4624 529 4681 me?

2083 4614 2216 4684 ἐμοῦ
2241 4631 2253 4680 ;

477 4715 564 4770 16.
598 4713 852 4784 Nunquid
879 4728 1042 4783 super
1071 4729 1156 4767 me
1182 4712 1416 4768 cessabit
1443 4710 1584 4766 Deus
1613 4711 1906 4766 misereri?

2154 4709 2239 4763 16.
2282 4709 2374 4780 Μὴ
2421 4712 2514 4764 ἐπὶ
2557 4712 2690 4782 ἐμοῦ
2727 4707 2836 4783 ἆρα
2885 4713 3148 4767 παύσεται
3194 4716 3222 4766 ὀ
3261 4713 3393 4774 Θεὸς
3429 4710 3524 4764 τοῦ
3575 4714 3655 4786 μὴ

2082 4801 2453 4872 οίκτειρῆσαι;

482 4887 567 4944 17.
597 4890 708 4945 Aut
735 4897 957 4960 propter
981 4889 1115 4942 iram
1144 4904 1301 4944 suam
1334 4895 1524 4944 contra
1560 4903 1648 4943 me
1676 4905 1707 4943 a
1735 4889 1974 4958 largien-

2152 4893 2239 4946 17.
2273 4895 2343 4944 Ἦ
2366 4894 2455 4946 διὰ
2479 4895 2577 4966 τὴν
2601 4896 2769 4968 ὀργὴν
2795 4897 2961 4951 αὑτοῦ
2997 4897 3096 4969 τὴν
3143 4898 3278 4969 πρὸς
3304 4897 3404 4968 ἐμὲ
3443 4898 3659 4964 συνέξει

405 4981 492 5039 dis
521 4982 653 5036 mihi
686 4982 1131 5037 miserationibus
1157 4981 1274 5036 suis
1303 4996 1362 5036 se
1387 4981 1732 5036 continebit?

1708 4981 1732 5033 ?
2082 4984 2218 5055 πρὸς
2249 4986 2563 5057 οἱκτιρμοὺς
2588 4989 2750 5042 αὐτοῦ
2779 4989 2871 5042 τοῦ
2902 4989 2975 5062 μὴ
3007 4989 3222 5050 δοῦναι;

1355 5159 1664 5223 Addenda
1694 5167 1756 5222 et
1805 5164 2182 5244 corrigenda
2218 5181 2297 5226 ex
2319 5171 2458 5232 cod.
2507 5169 2706 5230 Vatic.

480 5343 560 5479 μζ
595 5341 1126 5432 αῖΥπεισερχομένων.
1180 5412 1205 5437 τ
1340 5411 1366 5424 υ
1599 5416 1611 5434 ν
1719 5416 1730 5432 ν
2076 5368 2156 5403 οτι
2187 5360 2440 5404 ευεσπισε
2470 5354 2529 5406 τὸ
2571 5354 2726 5424 ῥῆμα
2758 5355 2913 5406 τοῦτο
2939 5354 3032 5407 τοῦ
3070 5355 3225 5426 ἐλέην
3264 5355 3659 5420 ἀδιαλείπτως.

481 5413 538 5479 (2
621 5414 782 5479 Ομως
815 5412 1088 5479 ἐμνήσθην
1114 5430 1208 5465 του
1235 5413 1391 5476 Θεου,
1428 5416 1522 5468 καὶ¹
1555 5416 1893 5479 ηυφρανθην.
2074 5420 2138 5473 Ν.
2176 5421 2262 5474 17.
2297 5422 2389 5479 Μὴ
2416 5425 2508 5474 ἐπὶ
2544 5424 2677 5479 ἐμοῦ
2711 5420 2820 5479 ἆρα
2855 5424 3124 5479 παύσεται
3151 5425 3245 5477 τοῦ
3283 5427 3606 5479 οἰκτηοῆσαι
3632 5430 3659 5479 ὁ

588 5411 1088 5498 ἑρμωςέμνιήσθην
1114 5412 1208 5498 τοῦ
1231 5411 1391 5498 θεοῦ)
1428 5416 1522 5468 καὶ¹
1555 5416 1893 5488 ηὐφράνθην.
2166 5411 2677 5498 Δ17.-Μὴ-ἐςτὶη-τξμίὸζ
2711 5420 2820 5498 ἆρα
2855 5424 3124 5479 παύσεται
3151 5411 3245 5498 τρῦ
3283 5411 3662 5498 οἰκτηρῆσαίὸ

586 5482 695 5566 Ξὴν
723 5482 962 5566 ξιάνοιάν
991 5482 1092 5553 μου
1122 5484 1202 5546 εἰς
1225 5484 1438 5539 ἑαυτόν.
1575 5482 1586 5488 ’
1640 5482 1683 5486 ﬂ
1828 5482 1839 5487 ’
2075 5492 2241 5566 Θεος;
2277 5491 2341 5544 Ν.
2378 5482 2465 5546 18.
2509 5487 2686 5566 "nec
2716 5482 2836 5564 τήν,
2870 5504 3000 5556 etc.,
3039 5495 3250 5566 συνέξει
3290 5482 3660 5566 τοὺς’ὸικτιρ-

507 5551 562 5639 εξ
586 5551 920 5639 ιξὲιξέιετεως·
994 5551 1001 5553 '

2130 5551 2237 5623 ούςζ
2265 5571 2394 5639 etc.,
2427 5565 2578 5630 πρός
2604 5579 2712 5639 no_n
2732 5551 2909 5639 eitstat
2940 5551 3136 5639 in'cod.
3170 5551 3234 5619 Ν.
3261 5566 3346 5621 19.
3371 5551 3481 5620 Καὶ
3501 5551 3661 5620 εἷτάιο

487 5620 930 5703 ςρριζοῆύρξᾳςο,
1005 5693 1018 5703 _
1107 5691 1132 5702 _
1177 5693 1192 5703 _
1222 5692 1233 5703 .
1398 5691 1442 5703 η
1507 5693 1566 5703 η
1637 5695 1694 5703 __
1748 5692 1760 5703 ι
1864 5690 1913 5703 ,Δ
2077 5620 2231 5686 deest
2257 5620 2484 5699 Rupta:
2510 5620 2631 5687 [η’οκ
2664 5633 2805 5696 ἴλεός
2831 5651 2920 5703 μοι
2947 5634 3126 5702 γενοῦ.

483 5689 930 5762 (6)Ν.15.⁷Ἀπ’
1003 5691 1134 5762 ἐμοῦ
1177 5692 1343 5760 λέγει.
1398 5691 1460 5747 N.
1501 5693 1588 5749 16.
1637 5692 1782 5762 Ἐγὼ
1836 5690 1972 5762 οἶδα,
