3876 6220
293 271 404 333 955
1181 272 1269 328 DE
1307 271 1584 329 TITULIS
1613 272 2059 329 PSALMORUM.
2092 305 2154 315 -—-
2182 273 2376 333 PSAL.
2420 275 2656 331 LXXVI.
3443 269 3552 324 966

365 392 453 450 18.
490 390 596 445 Καὶ
624 389 750 446 εἶπα
782 407 797 423 ο
833 391 948 446 Νῦν
968 390 1222 463 ἠρξάμην
1249 409 1264 422 ·
1895 450 1896 455 η

1895 403 1947 457 Α
2042 393 2128 448 18.
2162 393 2221 450 Et
2259 395 2412 450 dixi:
2450 395 2607 450 Nunc
2634 395 2774 464 coepi
2807 415 2817 448 :

367 485 455 540 19.
490 483 695 556 Αῦτηή
723 484 1004 547 ἀλλοίωσις
1034 485 1133 554 τῆς
1166 485 1344 549 δεξιᾶς
1373 485 1466 538 τοῦ
1508 485 1787 556 Ὑψίστου.

1535 485 1787 556 Υψίστου.
2043 485 2129 540 19.
2155 485 2278 540 Haec
2307 488 2537 541 mutatio
2565 487 2805 542 dexterae
2833 485 3066 540 Excelsi.

362 574 454 628 20.
486 575 796 645 Ἐμνήσοην
821 574 930 627 τῶν
955 573 1129 645 ἔργων
1152 573 1349 645 Κυρίου
1375 591 1389 604 ’

2038 578 2127 631 20.
2163 576 2368 632 Memor
2400 577 2475 632 fui
2506 594 2731 648 operum
2767 578 3019 630 Domini:

363 666 456 721 21.
487 667 606 718 ’Ότι
637 665 1017 737 μνησθήσομαι
1050 665 1156 718 ἀπὸ
1183 666 1282 735 τῆς
1320 667 1492 738 ἀρχῆς
1519 667 1627 719 τῶν
1661 667 1870 738 θαυμα-

2039 667 2130 722 21.
2159 669 2297 734 Quia
2317 685 2523 724 memor
2547 685 2643 724 ero
2660 670 2728 723 ab
2746 669 2899 723 initio
2932 666 3262 722 mirabilium
3293 675 3536 720 tuorum.

293 755 429 810 σίων
457 772 574 809 σουο

362 846 452 900 22.
489 845 595 897 Καὶ
626 845 908 915 μελετήσω
953 846 1011 898 ὲν
1045 847 1180 898 πᾶσι
1210 847 1324 908 τοῖς
1351 845 1530 916 ἔργοις
1563 862 1656 898 σου
1677 862 1690 875 θ

2040 846 2129 899 22.
2161 845 2229 900 Et
2268 846 2571 900 meditabor
2599 845 2654 899 in
2690 845 2944 899 omnibus
2973 843 3230 912 operibus
3264 843 3402 898 tuis:

362 936 456 989 25.
483 935 593 987 Καὶ
622 939 680 987 έν
702 938 812 998 τοῖς
835 935 1237 1006 ἐπιτηδεύμασί
1275 953 1368 987 σου
1395 936 1758 1006 ἀδολεσχήσω.

2041 937 2130 992 25.
2162 937 2227 990 Et
2254 937 2306 991 in
2342 937 2822 991 adinveutionibus
2852 936 2959 990 tuis
2985 935 3299 990 exercebor.

359 1027 450 1081 24.
497 1027 552 1079 '0
585 1027 738 1091 Θεὸς,
775 1028 832 1078 ἐν
864 1026 940 1096 τῷ
977 1027 1115 1095 ἁγίῳ
1150 1029 1182 1095 ἡ
1209 1027 1326 1090 ὁδός
1358 1044 1449 1079 σου
1479 1045 1491 1056 ·

1387 1044 1449 1079 κου
1479 1045 1491 1056 ·
2041 1028 2130 1079 2t.
2160 1027 2323 1091 Deus,
2360 1027 2412 1080 in
2443 1037 2633 1081 sancto
2668 1027 2754 1078 via
2785 1034 2874 1079 tua
2907 1043 2918 1079 :

363 1117 455 1171 25.
487 1117 582 1180 Τίς
605 1117 737 1179 Θεὸς
765 1118 936 1187 μέγας
965 1117 1038 1180 ὡς
1068 1120 1095 1170 6
1121 1117 1252 1180 Θεὸς
1279 1117 1468 1187 ἡμῶν;

2044 1117 2133 1171 25.
2170 1116 2305 1182 Quis
2330 1117 2471 1172 Deus
2500 1133 2731 1186 magnus
2755 1117 2894 1171 sicut
2918 1117 3060 1172 Deus
3087 1117 3305 1172 noster?

356 1207 450 1262 26.
478 1210 549 1261 Σὺ
567 1204 617 1259 εἴ
639 1209 667 1259 6
689 1208 821 1271 Θεὸς
846 1211 873 1261 6
909 1207 1070 1260 ποιῶν
1107 1207 1408 1278 θαυμάσια.

2041 1205 2130 1258 26.
2167 1207 2244 1258 Tu
2272 1222 2332 1260 es
2356 1206 2516 1271 Deus,
2543 1207 2634 1274 qui
2671 1206 2802 1260 facis
2835 1207 3133 1260 mirabilia:

362 1299 452 1353 27.
485 1297 816 1369 Ἑγνώρισας
849 1300 906 1350 ἐν
933 1301 1046 1360 τοῖς
1076 1297 1224 1360 λαοῖς
1249 1298 1346 1369 τὴν
1375 1297 1604 1368 δύναμίν
1641 1314 1734 1350 σου
1761 1315 1773 1326 ·

2039 1299 2128 1352 27.
2157 1297 2348 1353 Notam
2382 1299 2556 1354 fecisti
2592 1299 2643 1351 in
2672 1299 2886 1367 populis
2915 1299 3165 1352 virtutem
3209 1307 3358 1353 tuam
3381 1315 3400 1354 τ

361 1390 456 1445 28.
489 1388 809 1460 Ἐλυτρώσω
835 1391 891 1440 ὲν
917 1387 992 1458 τῷ
1025 1388 1268 1458 βραχίονί
1292 1407 1382 1442 σου
1412 1389 1503 1442 τὸν
1527 1389 1654 1442 λαόν
1679 1407 1795 1452 σου,

2039 1391 2130 1444 28.
2170 1393 2464 1447 Ιὶθόοηιὶειὶ
2497 1393 2548 1445 ἰη
2571 1393 2796 1445 brachio
2823 1399 2914 1444 tuo
2941 1392 3198 1460 populum
3226 1401 3401 1456 tuum,

362 1481 452 1537 29.
486 1482 622 1544 Τοὺς
655 1481 806 1542 υἱοὺς
841 1480 1036 1533 Ἰακὼϐ
1069 1482 1162 1534 καὶ
1195 1482 1418 1552 Ἰωσήφ.

1343 1498 1418 1552 ιφο
2041 1483 2129 1536 29.
2161 1483 2330 1538 Filios
2359 1483 2530 1537 Jacob
2565 1493 2619 1536 et
2652 1481 2874 1550 Joseph.

365 1572 455 1628 50.
488 1573 714 1626 Εἶδοσάν
739 1589 798 1624 σε
831 1571 1018 1637 ὕδατα,
1045 1575 1072 1625 6
1097 1572 1228 1636 Θεός
1253 1591 1263 1603 ·

2041 1576 2128 1629 50.
2158 1575 2420 1631 Viderunt
2445 1585 2496 1630 te
2524 1592 2697 1645 aquae,
2727 1574 2905 1628 Deus:

362 1663 454 1718 51.
480 1663 704 1717 Εἴδοσάν
732 1680 790 1715 σε
819 1662 1009 1724 ὕδατα,
1043 1664 1135 1716 καὶ
1160 1663 1528 1736 ἐφοϐήθησαν.

1905 1731 1936 1736 _
2045 1665 2131 1718 51.
2165 1666 2431 1720 Viderunt
2461 1676 2511 1720 te
2542 1683 2696 1735 aqua:
2724 1675 2778 1719 et
2802 1666 3118 1718 timuerunt.

359 1754 453 1810 52.
501 1753 905 1826 Ἐταράχθησαν
928 1754 1174 1820 ἄϐυσσοι,
1201 1731 1404 1826 πλῆθος
1426 1755 1592 1826 ἠχοῦς
1637 1754 1869 1808 ὑδάτων·

2046 1756 2134 1809 52.
2162 1755 2385 1811 Turbati
2419 1766 2545 1812 sunt
2575 1731 2776 1826 abyssi,
2805 1755 3094 1808 multitudo
3133 1755 3346 1810 sonitus
3373 1768 3545 1824 aqua-

1978 1863 2098 1902 rum
2128 1865 2141 1901 :

363 1928 454 1982 55.
488 1929 673 1998 Φωνὴν
703 1929 908 1983 ἔδωκαν
942 1931 997 1983 αἱ
1029 1929 1270 1998 νεφέλαι,

2047 1939 2135 1992 55.
2173 1935 2368 1990 Vocem
2393 1935 2658 1990 dederunt
2683 1936 2874 2000 nubes,

365 2019 454 2073 54.
491 2021 598 2071 Καὶ
633 2020 740 2091 γὰρ
772 2022 840 2073 τά
870 2019 997 2091 βέλη
1037 2037 1130 2073 σου
1157 2019 1592 2092 διαπορεύονταιο

1568 2039 1592 2072 ι’
2048 2030 2136 2083 54.
2165 2028 2374 2082 Etenim
2407 2027 2615 2097 sagittae
2641 2034 2748 2080 tuae
2777 2036 3060 2082 transeunt
3087 2047 3099 2081 :

364 2114 454 2168 55.
489 2115 641 2186 Φωνὴ
672 2117 768 2187 τῆς
794 2115 1020 2188 βροντῆς
1054 2132 1146 2169 σου
1171 2117 1228 2168 ἐν
1262 2116 1340 2186 τῷ
1361 2115 1563 2186 τροχῷ.

1379 2115 1563 2186 τροχῷ.
2047 2120 2137 2174 55.
2170 2118 2289 2173 Vox
2319 2117 2545 2172 tonitrui
2570 2117 2649 2171 tui
2684 2117 2739 2171 in
2771 2126 2910 2174 rota.

1418 2232 1794 2289 ATHANASII
1835 2233 2421 2318 ιΝΤΕιιΡΙιΕΤΑΤιο.

368 2342 456 2396 18.
484 2343 593 2395 Καὶ
613 2336 741 2395 εἶπα
760 2359 775 2375 ο
812 2342 1007 2414 Κύριε,
1032 2343 1107 2407 ὡς
1137 2342 1230 2397 νῦν
1265 2343 1570 2414 ἀρξαμένου
1613 2362 1714 2414 μου
1741 2345 1865 2398 κολ-

2047 2347 2132 2404 lS.
2174 2347 2242 2401 Et
2289 2348 2441 2402 dixi:
2476 2345 2726 2410 Domine,
2758 2345 2924 2400 veluti
2955 2360 3101 2400 nunc
3132 2345 3422 2414 incipiente
3459 2359 3542 2398 me

292 2433 497 2488 λᾶσθαί
533 2451 637 2496 σοι,
668 2433 814 2496 ἔλεός
849 2451 948 2504 μου
969 2432 1148 2503 γενοῦ.
1295 2451 1300 2456 ’

1970 2440 2247 2494 adhaerere
2280 2440 2397 2504 tibi,
2417 2447 2537 2493 esto
2569 2437 2947 2492 misericordia
2979 2452 3119 2490 mea.

363 2524 451 2580 19.
479 2524 585 2579 Καὶ
610 2527 671 2577 τὸ
703 2524 874 2588 οὕτως
903 2525 1300 2596 μεταϐληθῆναι
1333 2541 1398 2596 με
1425 2525 1532 2578 ἀπὸ
1558 2525 1658 2595 τῆς
1692 2526 1868 2598 ἀμαρ-

2045 2534 2131 2587 19.
2162 2532 2229 2586 Et
2275 2533 2351 2586 ita
2395 2545 2482 2584 me
2533 2530 2823 2585 transferri
2872 2545 2902 2584 a
2948 2541 3169 2599 peccato
3209 2528 3262 2582 in
3290 2527 3541 2581 timorem

292 2619 419 2682 τίας
451 2621 528 2682 εἰς
553 2618 642 2670 τὸν
670 2617 831 2686 φόϐον
860 2634 952 2670 σου
977 2619 1074 2688 τῆς
1102 2618 1322 2688 χάριτός
1350 2617 1442 2670 σού
1467 2619 1638 2670 ἐστιν.

1104 2618 1322 2688 χάριτός
1350 2617 1442 2670 σού
1467 2619 1638 2670 ἐστιν.
1970 2628 2147 2687 ῑιιυπι,
2183 2621 2370 2691 gratia:
2397 2628 2503 2674 tuae
2535 2628 2635 2674 est.

382 2709 473 2764 20.
505 2711 615 2762 Καὶ
647 2708 833 2762 λοιπὸν
865 2711 922 2762 ὲν
961 2708 1036 2779 νῷ
1067 2708 1254 2762 ἔλαϐον
1303 2709 1355 2761 τί
1401 2711 1515 2761 ἐστι
1569 2709 1630 2761 τὸ
1683 2707 1874 2780 εὐάρε-

2038 2711 2128 2767 20.
2158 2711 2222 2766 Et
2247 2713 2465 2766 demum
2489 2711 2544 2765 in
2571 2715 2751 2765 mente
2773 2709 2978 2779 accepi,
3001 2708 3148 2779 quod
3178 2717 3262 2764 est
3290 2709 3541 2779 benepla-

295 2819 421 2854 στον
442 2801 516 2872 (1)
545 2800 622 2872 τῷ
649 2801 861 2871 Κυρίῳ.

854 2841 861 2852 ·
1967 2819 2098 2860 cens
2131 2803 2385 2857 Domino.

368 2893 618 2958 2l._"0'.:t
656 2891 717 2957 ἐξ
751 2893 927 2965 ἀρχῆς
986 2893 1366 2965 μνησθήσομαι
1410 2892 1519 2945 τῶν
1559 2893 1869 2965 δικαιωμά-

2035 2897 2126 2950 21.
2157 2894 2426 2962 Quoniam
2452 2891 2521 2947 ab
2544 2890 2705 2946 initio
2734 2904 2944 2944 memor
2965 2902 3060 2943 ero
3085 2888 3542 2959 justiﬁcationum

293 2999 406 3034 των
431 2999 522 3034 σου
531 3021 544 3034 .

1968 2994 2209 3042 tuarum.

368 3072 458 3126 22.
495 3073 602 3126 Καὶ
630 3073 871 3144 ἐπιμενῶ
899 3075 1064 3127 πᾶσιν
1094 3074 1297 3138 αὐτοῖς.
1895 3073 1899 3102 ⁴

1895 3057 1937 3113 C
2039 3078 2130 3132 22.
2161 3076 2228 3130 Et
2255 3075 2310 3129 in
2345 3073 2602 3129 omnibus
2624 3073 2754 3139 ipsis
2779 3071 3125 3141 permanebo.

366 3165 454 3218 25.
487 3165 596 3217 Καὶ
620 3167 677 3218 ὲν
704 3168 814 3228 τοῖς
831 3165 1010 3236 ἔργοις
1031 3166 1129 3229 τῆς
1146 3165 1493 3230 δικαιοσύνης
1520 3182 1612 3220 σου
1632 3173 1871 3240 τερφθη-

1826 3185 1871 3240 ι·
2038 3168 2131 3227 25.
2168 3167 2236 3222 Ει
2266 3165 2580 3222 delectabor
2611 3166 2663 3218 iu
2695 3163 2951 3233 operibus
2974 3163 3206 3233 justitia:
3231 3171 3357 3218 tuae.

295 3273 484 3327 σομαι.

369 3347 459 3400 24.
500 3347 557 3400 Ὀ
592 3347 742 3426 Θεὸς,
773 3349 830 3399 ὲν
860 3346 936 3419 τῷ
964 3345 1080 3418 Υίῷ
1108 3365 1202 3400 σου
1233 3349 1265 3418 ὴ
1290 3348 1472 3411 πίστις
1507 3363 1619 3400 σου.

1507 3363 1619 3400 σου.
2038 3347 2130 3400 24.
2162 3343 2323 3408 Deus,
2363 3344 2416 3396 in
2447 3342 2583 3397 Filio
2610 3347 2706 3395 tuo
2732 3340 2865 3396 ﬁdes
2892 3348 3009 3394 tua.

367 3437 456 3491 25.
485 3439 619 3510 Περὶ
644 3433 702 3492 οῦ
744 3438 954 3502 Παῦλος
982 3437 1086 3508 ἔφη
1114 3457 1127 3469 ·
1168 3438 1278 3492 Τοῦ
1307 3437 1574 3508 μεγάλου
1601 3440 1746 3492 Θεου
1772 3455 1870 3493 και

2037 3439 2128 3493 25.
2161 3437 2236 3492 De
2263 3451 2372 3507 quo
2403 3434 2608 3488 Paulus
2639 3433 2854 3487 dicebat
2883 3451 2896 3485 :
2933 3431 3114 3502 Magni
3149 3431 3247 3484 Dei
3272 3440 3322 3485 et
3351 3430 3528 3486 Salva-

293 3529 572 3598 Σωτῆρος
605 3530 772 3598 ἡμῶν
813 3531 1014 3597 Ἰησοῦ
1055 3531 1334 3598 Χριστοῦ,
1361 3530 1467 3584 τοῦ
1496 3530 1705 3597 δόντος
1733 3531 1824 3586 ἐαῑ

2001 3533 2102 3585 oris
2132 3531 2299 3584 nostri
2325 3528 2453 3582 Jesu
2503 3528 2729 3591 Christi,
2766 3527 2856 3596 qui
2892 3525 3036 3579 dedit
3081 3527 3309 3595 seipsum
3340 3526 3532 3580 redem-

296 3619 416 3675 τὸν
440 3622 796 3692 ἀντίλυτρον
818 3623 972 3691 ὑπὲρ
1003 3622 1263 3677 πάντων.

1140 3641 1263 3677 των.
1968 3625 2198 3693 ptionem
2221 3638 2315 3690 pro
2340 3621 2578 3673 omnibus
2605 3620 2671 3671 ⁵⁸.

368 3711 460 3766 26.
494 3712 566 3764 Σὺ
595 3707 644 3764 εἷ
669 3715 696 3764 6
721 3713 852 3778 Θεὸς
902 3716 930 3766 6
974 3715 1265 3784 ἰασάμενος
1299 3714 1356 3767 ἐν
1390 3712 1467 3782 (2)
1499 3717 1564 3784 τῇ
1604 3716 1874 3788 παρουσίᾳ

2043 3713 2133 3766 26.
2172 3711 2252 3766 Tu
2289 3727 2348 3766 es
2377 3710 2542 3772 Dens,
2572 3711 2665 3779 qui
2712 3709 2918 3765 sanasti
2952 3710 3006 3762 in
3034 3709 3267 3763 adventu
3307 3714 3403 3763 tuo
3428 3723 3515 3763 om

295 3819 394 3856 σου
433 3803 637 3868 πάντας
669 3807 792 3870 τοὺς
821 3805 1460 3876 καταδυναστευομένους
1489 3806 1592 3859 ὑπὸ
1626 3807 1721 3860 τοῦ
1753 3808 1826 3861 διο

1626 3807 1721 3860 τοῦ
1753 3808 1873 3861 δια-
1972 3820 2070 3859 nes
2097 3804 2192 3874 qui
2220 3811 2374 3857 erant
2402 3803 2506 3858 sub
2528 3801 2900 3856 dominatione
2933 3799 3157 3853 diaboli.

297 3895 459 3948 δόλου
469 3937 482 3948 .

368 3987 456 4041 27.
504 3990 882 4060 Ἐφανέρωσας
906 3991 1016 4053 τοῖς
1045 3987 1350 4060 ἀνθρώποις
1382 3992 1472 4044 τὸν
1501 3991 1734 4062 Χριστόν
1755 4010 1869 4048 σου.

1854 4035 1869 4048 ,
2038 3981 2131 4037 27.
2161 3979 2523 4034 Manifestasti
2549 3976 2830 4033 Christum
2866 3983 3020 4030 tuum
3051 3972 3383 4029 hominibus.

368 4075 457 4129 28.
492 4077 580 4129 ’Ev
609 4077 758 4147 αὑτῷ
795 4077 873 4148 τῷ
904 4076 1018 4147 Υἱῷ
1049 4093 1166 4129 σου.

1153 4115 1166 4129 -
2041 4073 2134 4128 28.
2170 4071 2226 4125 In
2259 4072 2377 4141 ipso
2406 4069 2544 4123 Filio
2566 4075 2683 4122 tuo.

360 4165 449 4220 29.
487 4167 621 4230 Τοὺς
653 4166 760 4220 τῶν
818 4167 1079 4220 Ἰουδαίων
1114 4167 1206 4220 καὶ
1259 4166 1367 4220 τῶν
1416 4167 1608 4221 ἐθνῶν.
1649 4168 1872 4236 Ἰωσὴφ

2041 4164 2132 4219 29.
2163 4162 2380 4217 Judteos
2417 4174 2470 4214 et
2508 4166 2718 4230 gentes.
2759 4157 2953 4226 Joseph
2982 4155 3129 4210 enim
3157 4153 3535 4222 interpretatur

288 4257 405 4328 γὰρ
460 4257 820 4328 ἑρμηνεύεται
879 4258 1117 4311 ὀνείδου
1179 4256 1486 4330 [ὀνείδους]
1531 4259 1819 4328 ἀφαίρεσι.

1592 4260 1868 4325 οαίρεσις,
1970 4256 2170 4311 ablatio
2199 4253 2486 4325 opprobrii,
2513 4251 2704 4323 quales
2733 4258 2890 4304 erant
2917 4255 3123 4318 gentes.

286 4349 433 4421 ὅπερ
460 4349 565 4400 εἰσὶ
593 4348 661 4400 τά
694 4348 770 4418 (5)
796 4348 946 4420 ἔθνη.

373 4395 428 4421 'I'
461 4395 564 4400 ”⁷“
606 4395 661 4400 ’⁷⁷
695 4395 768 4418 \vl
798 4395 946 4420 ’⁷⁷⁵1⁵
1894 4399 1896 4406 ⁴

365 4440 454 4494 50.
481 4440 826 4509 Ἐπέγνωσάν
860 4459 919 4494 σε
949 4443 1000 4494 οἱ
1027 4441 1304 4512 δαίμονες.
1893 4445 1896 4452 “

1893 4395 1944 4455 D
2041 4431 2130 4486 50.
2161 4429 2547 4501 Cognoverunt
2573 4436 2626 4482 te
2654 4426 2949 4481 daemones.

365 4528 455 4582 51.
491 4508 714 4597 Ἔλεγον
739 4530 846 4600 γάρ
873 4508 1189 4600 οἱδαίμοννες
1212 4547 1225 4558 ·
1264 4529 1322 4582 Τί
1348 4544 1444 4582 σοι
1478 4527 1497 4600 [
1526 4530 1628 4582 Ἔα
1660 4529 1711 4582 τί
1734 4533 1865 4600 ἡμῖν

2042 4523 2130 4575 51.
2161 4521 2423 4575 Dicebant
2457 4520 2601 4572 enim
2643 4518 2917 4572 daemones
2944 4532 2956 4568 :
2983 4511 3125 4579 Quid
3171 4509 3318 4565 nobis
3347 4519 3396 4563 et
3423 4508 3537 4573 tibi,

285 4621 387 4675 καὶ
411 4620 513 4676 σοί.
548 4630 650 4675 etc.
673 4620 692 4693 ]
722 4621 936 4690 όᾶγιος
963 4622 1068 4675 τοῦ
1093 4619 1239 4674 Θεοῦ
1261 4621 1334 4691 (lla)
1356 4637 1370 4685 ;

1050 4622 1068 4674 5
1093 4619 1239 4674 Θεοῦ
1261 4621 1334 4691 (4)
1356 4637 1370 4685 ;
1973 4625 2076 4670 etc.
2089 4659 2102 4678 ,
2127 4613 2352 4668 Sanctus
2380 4612 2476 4665 Dei
2495 4612 2581 4664 "‘2

361 4711 449 4765 52.
478 4713 746 4783 Ἐκραζον
780 4711 886 4783 γὰρ
905 4712 1129 4784 (1616(5)
1162 4711 1340 4783 [τοῦτο
1369 4711 1525 4783 αὑτό]
1547 4729 1560 4743 ·
1605 4713 1863 4780 Δεόμεθά

2042 4707 2130 4759 52.
2166 4705 2555 4759 Claniavcrunt
2593 4701 2738 4756 enim
2788 4701 2892 4754 hoc
2933 4700 3152 4769 ipsum:
3193 4696 3537 4751 Obsecramus

279 4819 427 4867 σου,
453 4803 539 4873 μὴ
560 4805 911 4872 βασανίσῃς
942 4803 1120 4872 ἡμᾶς’
1155 4804 1215 4857 τὸ
1244 4803 1444 4876 πλῆθος
1478 4801 1570 4856 τοῦ
1599 4803 1810 4871 λεγεῶνι

2007 4813 2018 4848 2
2053 4811 2113 4847 ne
2140 4805 2379 4863 torqueas
2410 4808 2501 4846 nos
2524 4791 2603 4844 "z
2633 4789 2926 4844 multitudo
2953 4787 3184 4858 legionis
3207 4785 3538 4842 descendens

276 4894 352 4948 τὸ
391 4895 472 4956 εἰς
495 4895 592 4966 τὴν
629 4894 861 4948 ἄϐυσσον
883 4894 1134 4949 ἀπελθόν.

800 4912 861 4948 ’ον
883 4894 1134 4949 ἀπελθόν.
1972 4888 2024 4942 in
2048 4890 2331 4957 abyssum.

360 4985 448 5037 55.
481 4985 543 5037 Οἱ
566 4986 835 5056 προφῆται
858 4983 1315 5056 προανειρὼνησαν
1344 4984 1472 5054 περὶ
1500 4981 1682 5036 αὐτοῦ.

2035 4980 2125 5034 55.
2153 4977 2436 5047 Propheta:
2461 4975 2963 5045 praenuntiaverunt
2992 4971 3059 5028 de
3082 4972 3218 5042 ipso.

360 5078 449 5132 54.
479 5078 559 5130 Τά
584 5078 740 5146 λόγιὰ
775 5095 867 5131 σου
893 5075 1262 5146 ὴκούσθησαν.

2032 5069 2120 5123 54.
2157 5066 2382 5135 Eloquia
2413 5075 2506 5120 tua
2535 5063 2721 5119 audita
2755 5070 2899 5117 sunt.

357 5169 446 5224 55.
479 5169 553 5222 Τὸ
577 5168 838 5240 κήρυγμὰ
861 5185 953 5222 σου
982 5169 1040 5221 ὲν
1077 5169 1153 5238 τῷ
1179 5167 1389 5239 κόσμῳ.

2040 5160 2130 5215 55.
2159 5157 2482 5213 Praedicatio
2509 5166 2600 5211 tua
2630 5157 2684 5210 in
2716 5156 2940 5209 mundo.

352 5301 395 5331 ⁹¹
433 5297 540 5354 Tit.
565 5315 626 5364 tt,
655 5299 753 5365 1'5;
789 5296 810 5351 Ι
849 5297 990 5352 Tim.
1020 5313 1082 5364 ll,
1124 5295 1177 5350 6.
1255 5299 1300 5330 ⁹²
1334 5295 1524 5351 Matth.
1549 5311 1665 5360 VIII,
1701 5294 1811 5361 29;
1880 5293 1883 5346 ξ

2002 5308 2046 5348 e.
2084 5309 2121 5360 ι,
2155 5290 2255 5356 24;
2297 5287 2431 5345 Luc.
2468 5305 2543 5355 tv,
2576 5287 2666 5343 54.
2707 5286 2936 5341 "Marc.
2962 5303 3017 5350 ν,
3054 5285 3272 5352 7;Luc.
3304 5301 3419 5354 vm,
3445 5287 3533 5341 28.

1230 5404 1536 5467 Addenda
1564 5412 1626 5468 et
1657 5403 2037 5483 corrigenda
2071 5419 2151 5462 ex
2175 5401 2318 5462 cod.
2351 5400 2555 5462 Vatic.

348 5511 427 5582 (1)
463 5509 732 5581 Ἀρεστόν.
2025 5503 2099 5645 (4)
2127 5504 2191 5556 Οἱ
2215 5502 2493 5573 δαίμονες·
2520 5501 2754 5572 Οἴδαμεν
2779 5518 2860 5567 σε,
2885 5500 2969 5563 τίς
2995 5495 3046 5553 εἷ
3065 5500 3218 5569 ἅγιος
3235 5498 3328 5552 τοῦ
3373 5501 3530 5554 Θεοῦ.

352 5581 432 5645 (2)
468 5583 562 5633 Ἐν
588 5582 756 5635 deest.
2050 5573 2102 5644 5)
2132 5571 2310 5642 Αὐτῷ.

352 5573 432 5654 l2")
468 5573 562 5654 ἐἰν
588 5582 766 5654 deest
868 5649 877 5654 -
1066 5649 1088 5654 η
1247 5648 1259 5654 -
1339 5647 1350 5654 _
1472 5645 1482 5654 .

868 5649 877 5654 Α
1066 5649 1088 5654 _
1247 5648 1259 5654 Δ
1339 5647 1350 5654 _
1472 5645 1482 5654 _
2132 5573 2309 5642 Αὐτῷ.

351 5645 430 5722 (5)
475 5649 708 5703 Ὀνείδου
744 5649 1032 5720 ἀφαίρεσις
1062 5649 1199 5718 ὅπερ
1243 5647 1392 5700 ἐστὶν
1425 5645 1512 5710 τά,
1546 5655 1650 5700 etc.
