3876 6220
419 289 514 344 971

494 415 584 470 26.
621 415 742 470 Non
765 415 1146 472 custodierunt
1177 423 1562 470 testamentum
1593 416 1704 470 Dei.

493 507 584 560 27.
610 506 676 562 Et
701 508 755 562 in
787 507 904 578 lege
930 507 1050 578 ejus
1081 507 1376 562 noluerunt
1404 508 1705 561 ambulare.

493 687 584 744 28.
620 687 686 744 Et
711 689 862 744 obliti
891 699 1020 744 sunt
1047 688 1456 744 benefactorum
1487 688 1629 756 ejus,

493 781 584 837 29.
615 779 682 834 Et
715 781 1048 836 mirabilium
1080 781 1220 850 ejus,
1255 796 1378 850 qua:
1405 779 1646 834 ostendit
1669 778 1770 832 eis.

492 959 578 1012 50.
609 958 807 1014 Coram
833 959 1080 1028 patribus
1101 975 1314 1024 eorum,
1340 973 1461 1028 qua:
1490 956 1616 1012 fecit
1642 956 1936 1018 mirabilia,

493 1133 584 1188 51.
615 1132 674 1186 In
700 1143 841 1188 terra
875 1133 1116 1206 ngypti,
1145 1134 1200 1188 in
1231 1149 1426 1202 campo
1447 1133 1666 1188 Taneos

493 1223 582 1279 52.
607 1223 905 1296 Interrupit
931 1242 1102 1292 mare,
1132 1237 1186 1280 et
1221 1225 1472 1296 perduxit
1498 1240 1592 1279 eos
1619 1243 1632 1278 :

497 1319 586 1372 55.
613 1317 679 1373 Ει
703 1321 896 1374 statuit
917 1334 1090 1388 aquas
1118 1318 1276 1386 quasi
1303 1327 1501 1372 utrem.

493 1413 582 1466 54.
615 1413 681 1466 Et
713 1413 938 1467 deduxit
967 1427 1062 1468 eos
1094 1413 1147 1466 in
1179 1415 1324 1466 nube
1352 1412 1496 1465 diei:

495 1502 587 1556 55.
621 1501 688 1556 Et
711 1510 822 1556 tota
857 1512 1017 1556 nocte
1047 1503 1101 1555 in
1131 1500 1530 1556 illuminatione
1559 1499 1722 1570 ignis.

492 1593 583 1648 56.
615 1593 914 1662 Interrupit
941 1601 1150 1662 petram
1175 1593 1230 1646 in
1255 1607 1438 1646 eremo
1465 1611 1480 1648 :

491 1684 582 1739 57.
613 1683 680 1738 Et
707 1685 1002 1754 adaquavit
1027 1700 1124 1740 eos
1153 1685 1300 1739 velut
1327 1685 1382 1738 in
1409 1685 1614 1755 abysso
1645 1685 1816 1738 multa
1845 1701 1857 1738 :

491 1777 583 1832 '58.
615 1777 682 1831 Et
707 1779 898 1832 eduxit
919 1793 1122 1848 aquam
1153 1778 1220 1832 de
1244 1787 1396 1848 petra
1422 1795 1438 1834 :

494 1871 585 1925 59.
625 1869 690 1924 Et
711 1870 900 1925 eduxit
935 1878 1196 1940 tanquam
1227 1869 1456 1924 ﬂumina
1485 1883 1681 1938 aquas.

491 1961 582 2016 40.
607 1961 670 2016 Et
699 1971 1072 2046 apposuerunt
1101 1961 1280 2016 adhuc
1305 1975 1532 2030 peccare
1563 1961 1646 2014 ei:

489 2051 580 2104 4i.
615 2050 670 2104 In
707 2051 844 2104 iram
881 2050 1265 2105 excitaverunt
1293 2049 1586 2104 Excelsum
1615 2049 1670 2102 in
1711 2047 2004 2118 inaquoso.

493 2141 586 2195 42.
617 2141 684 2196 Et
707 2151 1054 2198 tentaverunt
1075 2143 1246 2198 Deum
1281 2142 1338 2197 in
1365 2143 1624 2198 cordibus
1656 2141 1796 2205 suis,

496 2339 575 2410 ia)
604 2341 850 2394 Ἤθελον.
877 2339 946 2394 At
975 2340 1030 2394 in
1061 2355 1236 2411 marg.
1261 2338 1664 2411 ἠϐουλήθησαν.

499 2409 573 2480 (b)
603 2412 709 2463 Τοῦ
735 2411 894 2464 Θεοῦ.
929 2411 986 2464 In
1023 2409 1207 2480 marg.
1235 2409 1424 2463 αὐτοῦ.

496 2483 568 2554 (c)
608 2483 870 2535 Ἔδωκεν.
899 2481 958 2535 In
995 2497 1170 2552 marg.
1203 2480 1427 2548 ἔδειξεν.

1257 292 1314 346 S.
1357 289 1730 346 ATIIANASII
1767 289 1919 346 OPP.
1961 289 2142 348 PARS
2195 289 2286 348 llI.
2323 321 2393 332 ——
2431 289 2842 347 EXEGETICA.

2033 424 2076 479 Α
2173 417 2260 472 26.
2291 417 2404 470 Οὐκ
2441 416 2719 486 ἐφύλαξαν
2747 415 2848 485 τὴν
2879 413 3148 486 διαθήκην
3176 411 3269 465 τοῦ
3293 409 3455 466 Θεοῦ.

3588 289 3700 344 972.

2178 509 2266 562 27.
2297 510 2406 561 Καὶ
2461 510 2519 562 ὲν
2567 508 2646 579 τῷ
2701 509 2851 578 νόμῳ
2881 506 3044 560 αὐτοῦ
3071 507 3174 558 οὐκ
3205 504 3590 576 ἠϐουλήθησαν
3625 503 3708 574 (a)

2107 600 2458 670 πορεύεσθαι.

2179 693 2269 748 28.
2299 694 2408 745 Καὶ
2437 691 2764 746 ἐπελάθοντο
2783 691 2890 744 τῶν
2913 691 3244 764 εὐεργεσιῶν
3263 691 3428 744 αὑτοῦ
3459 687 3560 760 (ἃ),

2179 785 2268 839 29.
2337 785 2442 837 Καὶ
2495 785 2604 838 τῶν
2653 785 2972 856 θαυμασίων
3025 784 3212 846 αὑτοῦ,
3265 777 3340 838 ὧν
3381 783 3586 847 ἔδειξεν
3635 783 3712 854 (ε)

2111 877 2314 940 αὐτοῖς.

2181 971 2268 1024 50.
2343 969 2614 1022 Ἐναντίον
2669 969 2778 1022 τῶν
2813 969 3066 1040 πατέρων
3118 971 3318 1036 αὐτῶν,
3381 969 3418 1024 ἃ.
3474 969 3710 1039 ἐποίησε

2112 1059 2410 1128 Θαυμάσια,

2181 1151 2269 1204 51.
2318 1151 2406 1202 Ἐν
2429 1152 2498 1220 γῇ
2531 1151 2817 1223 Αἰγύπτῳ,
2852 1155 2910 1206 ὲν
2943 1152 3115 1223 πεδίῳ
3145 1153 3387 1216 Τὰνεως.

2257 1283 2268 1292 .
2303 1241 2566 1312 Διέῥρηξε
2601 1243 2902 1308 Θάλασσαν,
2933 1244 3027 1296 καὶ
3060 1244 3322 1315 διήγαγεν
3359 1241 3560 1304 αὐτούς
3583 1255 3600 1270 ·

2181 1243 2250 1295 52.

2181 1335 2249 1387 55

2255 1375 2268 1386 .
2303 1335 2654 1404 Παρέστησεν
2691 1335 2862 1388 ὕδατα
2895 1337 3027 1388 ὡσεὶ
3061 1337 3250 1390 ἀσκόν.

2183 1425 2266 1478 54.
2304 1426 2412 1476 Καὶ
2433 1426 2712 1496 ὡδήγησεν
2737 1428 2932 1490 αὐτοὺς
2958 1429 3014 1480 ἐν
3045 1427 3243 1498 νεφέλῃ
3277 1427 3525 1496 ἡμέρας⁸

2181 1515 2270 1569 55.
2297 1517 2406 1568 Καὶ
2427 1517 2554 1588 ὃλην
2577 1518 2676 1588 τὴν
2708 1519 2880 1572 νύκτα
2903 1521 2961 1572 ὲν
2996 1518 3262 1589 φωτισμῷ
3291 1519 3485 1588 πυρός.

2182 1609 2273 1667 56.
2309 1610 2572 1682 Διέρρηξε
2605 1613 2811 1684 πέτραν
2849 1615 2906 1666 ἐν
2944 1617 3172 1684 ἐρήμῳ·

2187 1703 2276 1755 57.
2315 1703 2426 1754 Καὶ
2453 1703 2704 1756 ἐπότισεν
2727 1705 2924 1767 αὐτοὺς
2947 1705 3022 1767 ὡς
3049 1707 3107 1758 ἐν
3137 1703 3361 1772 ἁϐύσσῳ
3399 1699 3594 1769 πολλῇ.

2185 1793 2274 1846 58.
2309 1795 2420 1846 Καὶ
2447 1793 2717 1864 ἐξήγαγεν
2757 1793 2901 1866 ὕδωρ
2925 1796 2990 1848 ὲκ
3021 1795 3230 1866 πέτρας
3249 1811 3263 1824 ·

2185 1883 2274 1937 59.
2303 1885 2414 1936 Καὶ
2443 1887 2758 1956 κατήγαγεν
2779 1887 2854 1948 ὼς
2881 1888 3158 1956 ποταμοὺς
3187 1885 3370 1938 ὕδατα.

2187 1975 2278 2030 40.
2315 1978 2428 2030 Καὶ
2467 1978 2795 2048 προσέθεντο
2823 1979 2901 2031 ἔτι
2934 1977 3030 2030 τοῦ
3071 1976 3409 2048 ἁμαρτάνειν
3441 1970 3594 2041 αὖτῷ

2187 2067 2278 2122 41.
2315 2070 2744 2142 Παρεπίκραναν
2775 2073 2864 2124 τὸν
2889 2071 3154 2140 ’Ὕψιστον
3179 2071 3239 2122 ὲν
3267 2068 3502 2139 ἀνύδρῳ.

2192 2159 2281 2214 42.
2319 2163 2427 2215 Καὶ
2452 2162 2816 2234 ἐξεπείρασαν
2841 2165 2932 2218 τὸν
2956 2164 3088 2216 Θεὸν
3115 2167 3174 2217 ἐν
3197 2165 3316 2224 ταῖς
3337 2159 3592 2232 καρδίαις
3615 2156 3720 2210 αὑ-

2119 2265 2251 2314 των,

1559 2591 1940 2648 ATHANASII
1978 2587 2565 2646 INTERPRETATIO.

498 2757 588 2814 26.
611 2757 668 2813 In
692 2758 760 2813 iis
785 2772 908 2828 qua:
926 2757 994 2812 de
1013 2757 1246 2813 Domino
1265 2757 1410 2812 dicta
1437 2763 1566 2812 sunt
1583 2771 1680 2826 per
1697 2754 2010 2826 prepbetas.

497 2931 588 2984 27.
625 2927 690 2983 Et
717 2943 780 2984 ea
815 2944 936 2999 quae
961 2929 1096 3002 lpgis
1128 2937 1305 2996 erant,
1335 2931 1630 2986 noluerunt
1665 2927 1864 2983 facere.

498 3021 594 3082 28,
623 3021 713 3074 29.
769 3019 935 3074 Obliti
982 3029 1109 3074 sunt
1162 3022 1442 3090 quomodo
1491 3019 1842 3092 pertransivit
1877 3016 2011 3088 ipsis

430 3111 686 3166 omnibus
723 3107 1096 3174 benefaciens,
1132 3120 1185 3164 et
1219 3129 1422 3168 sanans
1461 3129 1650 3168 omnes
1697 3110 1792 3182 qui
1833 3107 2012 3178 possi-

432 3203 702 3258 debantur
729 3219 758 3256 a
791 3203 1029 3256 diabolo.

507 3293 598 3348 50.
629 3293 828 3349 Coram
861 3293 1203 3364 principibus
1233 3291 1569 3356 Judazorum,
1600 3309 1721 3362 quae
1751 3291 1877 3348 fecit
1909 3292 2015 3346 mi-

435 3387 650 3441 rabilia.

505 3479 597 3532 5i.
631 3479 685 3530 In
724 3485 869 3530 terra
907 3478 1262 3532 obtenebrata
1305 3493 1360 3532 in
1395 3487 1573 3548 gente,
1600 3493 1722 3548 qum
1758 3477 1890 3530 nihil
1921 3493 2016 3529 su-

437 3571 602 3624 blime
627 3571 755 3640 agit.
797 3569 988 3622 Taneis
1027 3571 1172 3624 enim
1214 3572 1604 3640 interpretatur
1638 3571 1866 3622 humilia
1899 3569 2017 3637 jus—

437 3680 551 3726 sus,
582 3665 685 3717 hoc
711 3673 793 3718 est
815 3661 1010 3716 Judzei.

509 3755 600 3809 52.
633 3755 859 3824 Aperuit
889 3755 1054 3810 corda
1086 3769 1300 3820 eorum,
1330 3764 1390 3809 ut
1423 3764 1704 3810 cessarent
1733 3769 1760 3808 a
1791 3753 2020 3823 pristina

438 3863 628 3902 eorum
669 3847 1107 3902 conversatione.

507 3939 595 3994 56.
627 3939 694 3993 Et
721 3939 1009 3994 advocavit
1035 3947 1226 4010 gentes
1250 3949 1494 3994 mortuas
1523 3939 1594 3994 ob
1619 3947 1926 4008 peccatum.

511 4121 602 4175 54.
627 4119 686 4173 ln
719 4120 838 4175 luce
868 4135 989 4174 sua.

506 4211 596 4264 55.
629 4209 694 4263 Et
717 4225 936 4265 omnem
973 4209 1320 4266 tenebrosam
1353 4209 1590 4278 priorem
1620 4210 1866 4278 ipsorum
1901 4225 2028 4264 con-

441 4303 808 4358 versationem
855 4309 1240 4366 commutans,
1287 4301 1341 4354 in
1389 4301 1791 4356 illuminationc
1837 4302 2024 4372 gratia:

441 4411 555 4452 sua:
582 4395 805 4450 deduxit
833 4409 951 4450 eos.

510 4486 601 4546 56.
633 4485 801 4542 Latus
833 4501 995 4540 suum
1029 4485 1084 4539 in
1113 4483 1320 4538 mundo
1355 4484 1590 4554 aperuit.

512 4577 602 4630 57.
632 4575 911 4648 Sanguine
939 4589 1042 4632 suo
1082 4573 1380 4645 adaquavit
1409 4573 1836 4644 justiﬁcationes
1873 4589 2024 4629 suas.

513 4753 602 4808 58.
635 4753 713 4807 Ex
743 4755 914 4808 latere
947 4767 1067 4808 suo.

511 4847 602 4901 59.
639 4845 704 4901 Ει
729 4847 848 4916 ipsa
893 4861 1056 4916 aqua,
1089 4861 1210 4917 quin
1247 4845 1406 4902 ﬂuxit
1444 4861 1512 4900 ex
1547 4845 1716 4898 latere
1746 4857 1866 4912 ejus
1895 4841 2022 4896 illu-

447 4941 669 4994 minavit
697 4949 902 5008 gentes.

513 5033 604 5088 40.
637 5033 905 5088 lncreduli
933 5027 1127 5087 Judaei.

511 5127 601 5180 41.
630 5124 1107 5180 Contristaverunt
1153 5119 1419 5192 Spiritum
1448 5130 1697 5177 sanctum
1725 5122 1782 5176 in
1814 5120 2021 5176 sterili-

443 5229 550 5273 tate
583 5219 782 5271 anim-.e
813 5231 1026 5270 eorum.

511 5308 601 5363 42.
641 5307 838 5362 Filium
867 5305 964 5361 Dei
989 5307 1044 5360 in
1069 5306 1302 5360 adventu
1339 5321 1460 5360 suo.

2189 2751 2281 2806 26.
2309 2749 2419 2803 Καὶ
2441 2749 2552 2811 τοῖς
2585 2747 2894 2819 εἰρημένοις
2926 2749 3053 2820 περὶ
3087 2748 3182 2802 τοῦ
3243 2750 3448 2822 Κυρίου
3475 2750 3566 2805 διὰ
3599 2753 3722 2808 τῶν

2123 2837 2434 2912 προφητῶν.

2183 2930 2275 2984 27.
2309 2929 2420 2982 Καὶ
2447 2925 2517 2979 τα
2542 2925 2636 2979 τοῦ
2667 2928 2834 2997 νόμου
2863 2929 2963 2980 οὐκ
2987 2929 3259 2999 ἠθέλησαν
3284 2931 3529 3001 ποιῆσαι.

2185 3021 2276 3088 28,
2311 3021 2400 3075 29.
2447 3019 2804 3073 Ἐπελάοοντο
2845 3021 2962 3083 πῶς
3019 3023 3230 3092 διῆλθεν
3279 3025 3584 3096 εὐεργετῶν
3615 3027 3720 3080 αὑ-

2113 3113 2240 3174 τοὺς
2263 3111 2490 3174 πάντας,
2527 3111 2620 3174 καὶ
2679 3101 2908 3180 ἰώμενος
2959 3111 3169 3175 πάντας
3217 3115 3342 3176 τοὺς
3403 3117 3720 3170 καταδυνα-

2119 3203 2474 3272 στευομένους
2506 3201 2610 3252 ὑπὸ
2639 3201 2732 3253 τοῦ
2760 3202 3026 3256 διαϐόλου.

2188 3294 2279 3348 50.
2311 3293 2658 3364 ’Ἑμπροσοεν
2707 3293 2816 3346 τῶν
2847 3296 3122 3366 ἀρχόντων
3153 3297 3262 3351 τῶν
3315 3298 3588 3353 Ἰουδαίων
3609 3341 3624 3364 ,
3687 3303 3722 3355 ἃ.

2119 3385 2344 3454 ἐποίησε
2375 3384 2672 3453 Θαυμάσια.

2187 3477 2278 3530 51.
2323 3477 2411 3528 Ἑν
2443 3479 2509 3547 τῇ
2533 3479 2602 3547 γῇ
2635 3477 2710 3548 (Ι)
2747 3479 3110 3550 ὲσκοτισμὲνῃ
3134 3483 3189 3534 ἐν
3214 3481 3293 3553 τῷ
3322 3483 3466 3537 ἔθνει
3495 3485 3576 3556 τῷ
3609 3505 3724 3556 μη-

2120 3568 2207 3621 δὲν
2239 3567 2442 3621 τέλειον
2474 3569 2736 3622 ποιοῦντι.
2763 3570 2936 3638 Τάνις
2969 3574 3078 3643 γὰρ
3099 3575 3470 3644 ἑρμηνεύεται
3503 3579 3722 3634 ἐντελ-

2121 3661 2377 3728 λιζιιενος
2417 3661 2688 3722 ταπεινὰ,
2724 3661 3000 3715 τουτέστιν
3033 3666 3081 3714 οἱ
3127 3665 3386 3718 Ἰουδαῖοι.

2199 3751 2287 3804 52..
2321 3749 2563 3820 Διήνοιξε
2613 3751 2714 3814 τὰς
2757 3753 2994 3822 καρδίας
3035 3755 3246 3819 αὐτῶν,
3277 3757 3370 3809 τοῦ
3397 3757 3722 3814 παύσασςαι

2135 3849 2152 3910 ς
2157 3839 2212 3906 2)
2245 3840 2344 3910 τῆς
2392 3841 2664 3910 προτέρας
2693 3842 2872 3894 αὐτῶν
2901 3845 3269 3916 ἀναστροφῆς.

2196 3933 2284 3986 55.
2319 3934 2424 3985 Καὶ
2459 3933 2900 4003 προσεκαλέσατο
2941 3936 3011 3988 τὰ
3038 3937 3163 4009 ἔθνη
3203 3941 3602 4012 νενεκρωμένα
3643 3943 3722 4014 (5)

2129 4023 2234 4074 ὑπὸ
2261 4023 2360 4093 τῆς
2387 4024 2680 4094 ἁμαρτίας.

2199 4115 2288 4168 57’s.
2337 4115 2426 4168 Ἐν
2461 4115 2542 4184 τῷ
2568 4117 2706 4184 φωτὶ
2741 4116 2928 4174 αὐτοῦ.

2203 4205 2292 4258 55.
2327 4207 2439 4258 Καὶ
2502 4205 2630 4275 ὅλην
2681 4205 2780 4276 τὴν
2823 4207 3103 4276 σκοτεινὴν
3159 4207 3234 4278 (4)
3285 4207 3383 4279 τὴν
3443 4213 3724 4286 προτέραν

2129 4296 2309 4349 αὐτῶν
2339 4297 2684 4367 ἀναστροφὴν
2721 4297 3076 4368 μεταϐαλὼν,
3115 4301 3172 4352 ὲν
3211 4299 3287 4369 τῷ
3317 4305 3588 4375 φωτισμῷ
3624 4307 3726 4375 τῆς

2130 4389 2350 4458 χάριτος
2378 4389 2543 4440 αὑτοῦ
2569 4389 2852 4459 ὡδήγησεν
2886 4389 3085 4451 αὐτούς

2203 4473 2289 4534 56.
2319 4479 2429 4550 Τὴν
2453 4479 2690 4550 πλευρὰν
2717 4481 2882 4534 αὐτοῦ
2905 4482 2962 4533 ὲν
2987 4481 3065 4552 τῷ
3097 4481 3574 4554 κόσμῳνλδιήνοιξε.

2201 4578 2289 4630 57.
2319 4575 2418 4628 Διὰ
2445 4575 2539 4628 τοῦ
2577 4577 2808 4648 αἵματος
2846 4577 3012 4630 αὐτοῦ
3039 4579 3258 4631 ἐπότισε
3397 4555 3465 4633 τῖξ
3491 4581 3722 4636 δικαιώ-

2136 4685 2280 4739 ματα
2305 4666 2502 4738 αὑτοῦ.

2203 4759 2289 4812 58.
2339 4760 2433 4811 Ἐκ
2481 4761 2582 4830 τῆς
2611 4759 2858 4831 πλευρᾶς
2889 4759 3077 4814 αὑτοῦ.

2205 4851 2294 4906 59.
2323 4851 2431 4902 Καὶ
2457 4851 2514 4904 ὲν
2547 4852 2696 4922 αὐτῷ
2723 4852 2801 4922 τῷ
2829 4852 2982 4905 ὕδατι
3015 4855 3092 4924 τῷ
3119 4857 3184 4907 ὲκ
3213 4856 3314 4926 τῆς
3345 4855 3588 4928 πλευρᾶς
3623 4861 3724 4913 αὑ-

2132 4943 2227 4996 τοῦ
2263 4943 2494 5011 ἐφώτισε
2516 4945 2586 4998 τὰ
2607 4945 2754 5017 ἔθνη.

2207 5033 2295 5086 40.
2329 5035 2391 5085 υἱ
2417 5035 2770 5098 ἀπειθοῦντες
2814 5035 3076 5088 Ἰουδαῖοι.

2203 5125 2293 5178 41.
2341 5125 2646 5197 Ἑλύπησαν
2678 5128 2736 5181 τὸ
2767 5129 2990 5198 Πνεῦμα
3009 5130 3068 5181 τὸ
3099 5129 3252 5196 ἅγιον
3279 5147 3336 5182 εν
3367 5133 3434 5202 τῇ
3467 5132 3686 5204 ἁκαρπί

2137 5217 2236 5287 τῆς
2261 5219 2436 5288 ψυχῆς
2465 5219 2662 5273 αὐτῶν.

2209 5310 2292 5364 ιε.
2325 5312 2428 5364 Τὸν
2461 5313 2584 5366 Υἱὸν
2611 5313 2706 5366 τοῦ
2737 5313 2870 5366 Θεοῦ
2905 5315 2964 5368 ἐν
2985 5317 3051 5386 τῇ
3085 5315 3358 5388 παρουσίᾳ
3387 5316 3578 5372 αυτοῦ.

1401 5439 1712 5500 Addenda
1745 5447 1804 5502 et
1835 5445 2209 5524 corrigenda
2246 5465 2322 5510 ex
2355 5451 2494 5512 cod.
2531 5451 2732 5513 Vatic.

517 5567 591 5640 (ᾖ)
621 5569 698 5640 Τῇ
727 5571 796 5640 γῇ
820 5569 908 5640 τῇ,
941 5575 1070 5640 ele.,
1104 5583 1228 5620 mox
1261 5567 1650 5638 ἐντελλόμενοι.

521 5637 598 5760 (ἓ)
623 5637 1005 5709 lum-premnt)
1053 5641 1215 5708 hujus
1255 5641 1392 5693 vers.
1423 5637 1609 5710 ineipit
1642 5657 1670 5694 a
1703 5643 1866 5696 verbo
1889 5643 2024 5696 παύ-

449 5723 544 5760 σεσ
580 5725 656 5761 αι.

2212 5577 2285 5646 (5)
2325 5577 2477 5631 Νικὼ
2485 5595 2640 5648 μενα.

2315 5651 2701 5724 Ἰξϊῆσκοτίανρ
2721 5650 2789 5724 ἣν
2813 5651 2911 5722 τὴν
2939 5653 3236 5724 προτέραν,
3267 5649 3396 5716 etc.|

2207 5719 2283 5786 (ὃ)
2325 5719 2602 5772 Ἑπότισεν
2631 5722 2846 5786 αὺτῡύςν
2867 5719 2978 5778 ‘0":-
