3876 6220
132 309 254 366 975
544 335 546 338 -
1001 301 1090 355 DE
1131 299 1405 356 TITULIS
1443 299 1898 356 PSALMORUM.
1946 330 2013 344 —-
2051 299 2248 356 PSAL.
2291 298 2556 354 LXXV".
3314 296 3420 354 974

213 423 306 478 45.
333 418 440 474 Τοῦ
463 417 683 490 αἰτῆσαι
710 416 976 490 βρώματα
1003 419 1124 480 ταῖς
1145 415 1344 487 ψυχαῖς
1377 415 1576 468 αὐτῶν.

212 513 416 589 44..(α)
449 512 559 564 Καὶ
583 510 962 580 κατελὰλησαν
991 508 1085 561 τοῦ
1113 507 1248 560 Θεοῦ
1271 524 1283 536 ο

212 605 305 658 45.
345 603 462 656 Κᾶν
495 599 682 656 εἷπον⁶
733 602 827 672 Μὴ
871 601 1214 671 δυνήσεταιό
1264 598 1395 662 Θεὸς
1445 599 1727 667 ἑτοιμάσαι

148 695 423 769 τράπεζαν
446 697 502 747 ἐν
543 695 733 765 ἐρήμῳ
761 710 775 758 ;

213 789 304 842 46.
356 787 508 840 Ἐπεὶ
532 787 772 852 ἐπάταξε
801 786 1030 857 πέτραν,
1060 787 1154 838 καὶ
1185 784 1460 856 ἐρρύησαν
1487 784 1674 840 ὕδατα.

211 879 302 930 47.
342 877 452 929 Καὶ
475 876 768 946 χείμαρροι
799 875 1266 946 κατεκλύσθησαν.

211 969 303 1023 48.
340 969 432 1040 Μὴ
463 970 557 1022 καὶ
583 969 745 1040 ἄρτον
775 967 997 1020 δύναται
1031 967 1246 1032 δοῦναι;

213 1059 306 1112 49.
344 1060 413 1110 Ἢ
450 1059 736 1128 ἑτοιμάσαι
766 1058 1044 1128 τράπεζαν
1070 1058 1148 1127 τῷ
1179 1057 1292 1127 λαῷ
1323 1058 1489 1111 αὑτοῦ
1515 1078 1528 1124 ;

216 1149 308 1202 50.
343 1149 442 1202 Διὰ
475 1149 630 1202 τοῦτο
657 1149 855 1220 ήκουσε
885 1149 1109 1222 Κύριος,
1147 1150 1240 1202 καὶ
1266 1150 1585 1203 ἀνεϐάλετο·

217 1241 308 1295 51.
337 1242 448 1293 Καὶ
470 1240 581 1310 πῦρ
612 1241 830 1312 ἀνήφθη
868 1243 925 1293 ὲν
971 1239 1183 1294 Ἰακώϐ.

217 1328 308 1386 5⁸2.
348 1333 456 1383 Καὶ
485 1331 622 1401 ὀργὴ
656 1331 823 1402 ἀνέϐη
860 1333 950 1384 ἐπὶ
976 1332 1065 1384 τὸν
1113 1332 1345 1404 Ἰσραήλ.

222 1425 311 1478 55.
342 1425 464 1477 ’Ότι
489 1425 589 1476 οὐκ
613 1423 939 1478 ἐπίστευσαν
967 1425 1024 1476 ἐν
1063 1421 1137 1494 (b)
1165 1423 1242 1494 τῷ
1275 1423 1411 1492 Θεῷ.

224 1516 313 1569 54.
355 1517 488 1569 Οὐδὲ
521 1515 755 1586 ἤλπισαν
779 1511 872 1568 ἐπ).
895 1516 958 1568 τὸ
993 1517 1256 1588 σωτήριον
1294 1516 1476 1567 αὐτοῦ.

220 1605 311 1660 55.
341 1607 452 1658 Καὶ
478 1606 780 1659 ἐνετείλατο
806 1606 1058 1676 νεφέλαις
1093 1605 1439 1677 ὑπεράνωθεν
1463 1625 1473 1636 ·

221 1697 310 1752 56.
339 1698 449 1750 Καὶ
478 1697 647 1769 θύρας
677 1695 909 1769 οὐρανοῦ
939 1698 1162 1769 ἀνέῳξε.

223 1789 313 1843 57.
356 1789 466 1842 Καὶ¹
505 1786 723 1860 ἔὸρεξεν
754 1787 936 1852 αὐτοῖς
969 1790 1141 1860 μάννα
1193 1795 1384 1859 φαγεῖν
1406 1808 1417 1819 ·

226 1864 312 1934 58.
345 1880 458 1934 Καὶ
490 1880 656 1952 ἄρτον
687 1879 920 1952 οὐρανοῦ
947 1881 1147 1934 ἔδωκεν
1177 1884 1382 1942 αὐτοῖς.

226 1972 313 2028 59.
342 1974 538 2045 ’Ἄρτον
568 1973 814 2042 ἀγγέλων
855 1973 1055 2042 ἔφαγεν
1082 1973 1394 2044 ἅνθρωπος.

253 2181 304 2252 b)
349 2183 489 2236 Ἐπί.
517 2181 574 2237 In
600 2199 775 2252 marg.
806 2184 884 2235 ὲν.

1753 425 1804 480 Α
1900 417 1987 471 45.
2022 417 2156 472 Cum
2187 426 2430 486 peterent
2454 431 2609 471 escas
2637 414 2926 472 animabus
2958 417 3094 473 suis.

1900 511 1989 564 44.
2019 509 2084 564 Et
2117 512 2257 564 male
2291 511 2454 564 locuti
2493 520 2621 563 sunt
2644 509 2709 562 de
2740 508 2886 564 Deo:

1901 603 1991 657 45.
2031 602 2096 657 Et
2135 603 2394 657 dixerunt
2431 619 2443 653 :
2491 601 2748 672 Nunquid
2794 602 2992 672 poterit
3035 601 3177 657 Deus
3223 618 3424 673 para-c

1831 709 2075 748 mensam
2107 695 2159 747 in
2189 695 2438 749 deserto?

1905 784 1993 838 46.
2027 785 2296 851 Quoniam
2327 787 2592 855 percussit
2622 796 2827 854 petram
2845 796 2896 841 et
2923 786 3198 842 ﬂuxerunt
3224 803 3382 858 aquae
3410 808 3420 820 ·

1903 875 1992 929 47.
2029 875 2094 930 Ει
2117 886 2388 931 torrentes
2413 879 2838 932 inundavcrunt.

1903 965 1994 1019 48.
2023 965 2280 1036 Nunquid
2315 977 2367 1021 et
2390 983 2583 1036 panem
2608 969 2805 1036 poterit
2830 969 2997 1022 dare?

1905 1055 1994 1110 49.
2022 1057 2130 1110 Aut
2164 1073 2356 1126 parare
2388 1074 2630 1113 mensam
2660 1060 2860 1128 populo
2885 1060 3030 1114 suo?

1907 1148 1995 1203 50.
2027 1148 2150 1202 Ideo
2177 1149 2383 1202 audivit
2408 1147 2673 1204 Dominus
2701 1160 2754 1203 et
2777 1151 2987 1205 distulit
3011 1170 3026 1218 ;

1909 1239 1998 1293 51.
2031 1240 2094 1293 Et
2121 1240 2260 1308 ignis
2288 1254 2554 1294 accensus
2590 1251 2670 1295 est
2703 1241 2754 1294 in
2777 1239 2985 1296 Jacob:

1907 1331 1998 1384 52.
2036 1330 2104 1384 Ει
2139 1331 2218 1385 ira
2252 1332 2501 1386 ascendit
2523 1333 2577 1385 in
2607 1330 2794 1386 lsrael.

1908 1422 1996 1476 55.
2032 1420 2171 1486 Quia
2200 1436 2310 1475 non
2345 1422 2698 1476 crediderunt
2728 1424 2780 1476 in
2812 1422 2959 1477 Deo:

1911 1513 1998 1566 54.
2035 1511 2144 1567 Nec
2167 1523 2528 1582 speraverant
2563 1515 2616 1567 in
2650 1515 2876 1568 salutari
2901 1516 3043 1585 ejus.

1906 1603 1992 1656 55.
2024 1602 2090 1656 Et
2121 1603 2400 1658 mandavit
2427 1605 2666 1659 nubibus
2699 1605 2963 1675 desuper:

1913 1696 1998 1749 56.
2034 1695 2098 1749 Et
2123 1696 2322 1766 januas
2353 1697 2476 1750 εαξιὶ
2503 1698 2733 1766 aperuit.
2977 1688 2980 1692 ’

1913 1789 2001 1842 57.
2041 1789 2105 1842 Ει
2135 1790 2272 1858 pluit
2299 1787 2406 1843 illis
2435 1805 2635 1842 manna
2659 1790 2724 1842 ad
2756 1790 3199 1846 manducandum

1913 1880 1998 1934 58.
2034 1880 2100 1934 Ει
2125 1896 2318 1950 panem
2349 1881 2472 1936 coeli
2503 1881 2650 1935 dedit
2679 1883 2778 1934 eis.

1912 1974 2002 2028 59.
2041 1973 2242 2028 Panem
2276 1974 2593 2044 angelorum
2629 1975 2979 2029 manducaVit
3001 1976 3202 2030 homo:

225 2110 304 2254 (τι)
330 2111 484 2167 Vers.
504 2112 594 2167 44.
627 2113 756 2177 Καί,
783 2121 910 2179 etc.,
955 2128 1128 2183 usque
1159 2115 1226 2168 ad
1256 2109 1427 2166 εἷπον.
1462 2113 1520 2166 V.
1560 2114 1645 2165 45.
1680 2117 1730 2165 Μ

253 2182 280 2232 b
349 2183 489 2236 Ἐπί.
517 2181 574 2237 In
600 2199 775 2252 marg.
806 2184 884 2235 ὲν.

1912 2117 2115 2186 ήσεται,
2153 2132 2254 2171 etc.

1290 2338 1662 2392 ATHANASII
1701 2339 2287 2394 INTERPRETATIO.

224 2498 315 2552 43.
363 2497 554 2567 Ἐντῷ
599 2496 676 2568 (1)
728 2495 1013 2568 ἐπιθυμεῖν
1069 2498 1262 2560 αὐτοὺς
1319 2499 1416 2560 τὰς
1467 2500 1736 2570 σαρκικὰς

154 2590 312 2647 ῑπιθυ
321 2590 469 2662 μίας.

227 2685 316 2738 44.
353 2685 482 2738 Ὅτε
512 2686 743 2756 ἤρχοντο
771 2683 832 2749 ἐξ
857 2683 1153 2753 Αἰγύπτου,

227 2778 317 2833 45.
367 2777 647 2841 Ἀδύνατος
677 2777 772 2830 τοῦ
804 2777 881 2848 (2)
925 2779 1148 2848 ποιῆσαι
1186 2778 1346 2831 τοῦτο
1373 2781 1575 2848 ελεγον.

225 2869 314 2933 46,
340 2870 428 2924 47.
464 2871 534 2942 (5)
572 2871 811 2940 Νόμισον
852 2871 917 2922 ὲκ
956 2871 1054 2940 τῆς
1112 2871 1317 2940 πέτρας
1369 2873 1598 2942 ἐδυνήθη
1647 2871 1734 2937 ἐξ·
1768 2913 1809 2968 C

156 2962 384 3028 αγαγεῖν
409 2959 574 3030 ὕδωρ,
611 2957 861 3025 διέξοδον,
896 2959 1098 3030 πλῆθος
1142 2960 1348 3012 ὑδέιτων
1373 2978 1386 2989 ·

225 3052 316 3106 48.
346 3053 438 3124 Μὴ
466 3051 522 3104 δὲ
555 3051 631 3124 (4)
671 3051 836 3123 ἄρτον
880 3052 1014 3123 ἔχει,
1045 3051 1207 3106 πόθεν
1238 3053 1370 3115 Θεὸς
1392 3051 1572 3105 δοῦναι
1595 3055 1650 3105 ἐν
1674 3056 1738 3123 τῇ

154 3143 349 3215 ἒρήμίρ
371 3161 386 3208 ;

228 3235 318 3290 49.
354 3237 583 3306 ’Ἄρτους
605 3235 700 3288 καὶ
721 3234 860 3307 κρέα
881 3253 895 3301 ;

167 3385 174 3391 ,
229 3324 318 3378 50.
350 3327 448 3379 Διὰ
471 3327 630 3380 τοῦτο
661 3327 902 3390 ἀκούσας
932 3326 1111 3380 αὐτῶν
1132 3327 1253 3380 τότε
1281 3323 1309 3379 ὁ
1341 3327 1566 3398 Κύριος,
1601 3327 1741 3397 μετὰ

1914 2501 2000 2552 45.
2035 2503 2167 2554 Cum
2221 2501 2322 2570 ipsi
2372 2502 2825 2570 concupiscerent
2869 2503 3116 2557 carnales
3161 2505 3421 2579 concupi-

1839 2593 2096 2646 scentias.

1911 2678 2001 2736 44.
2040 2681 2270 2766 Quando
2306 2689 2570 2763 venerunt
2599 2693 2664 2732 ex
2693 2677 2950 2749 [Egyptm

1912 2775 2003 2828 45.
2041 2775 2319 2842 lmpotens
2369 2783 2472 2837 est,
2511 2771 2796 2834 dicebant,
2833 2771 2899 2824 ad
2932 2772 3036 2825 hoc
3089 2769 3424 2826 faciendum.

1914 2866 2002 2928 46,
2039 2866 2125 2919 47.
2161 2864 2606 2933 Puta,quoniam
2656 2881 2717 2918 ex
2767 2872 2916 2933 petra
2967 2864 3142 2932 potuit
3194 2863 3424 2918 educere

1843 2973 2037 3027 aquas,
2071 2956 2298 3016 exitum,
2331 2954 2736 3008 multitudinem
2773 2967 3074 3022 aquarum:

1908 3048 1995 3102 48.
2028 3045 2279 3116 Nunquid
2304 3055 2484 3099 autem
2508 3061 2702 3114 panem
2732 3046 2914 3108 habet,
2940 3059 3104 3113 quem
3130 3042 3274 3098 Deus
3295 3042 3425 3099 dare

1844 3140 2015 3208 possit
2048 3141 2100 3191 in
2121 3138 2380 3192 deserto?

1913 3232 2000 3285 49.
2031 3231 2228 3284 Panem
2252 3237 2305 3282 et
2329 3227 2587 3282 carnem?

1917 3325 2005 3378 50.
2035 3323 2159 3378 ideo
2187 3339 2310 3377 cum
2338 3322 2635 3376 audivisset
2649 3337 2742 3375 eos
2762 3317 2891 3376 tunc
2917 3322 3207 3388 Dominus,
3235 3327 3423 3394 postea

154 3417 331 3470 ταῦτα
361 3418 656 3490 ὲχόρτασεν
688 3420 886 3482 αὐτοὺς
927 3422 984 3471 ἐν
1043 3420 1318 3490 παρουσίᾳ.
1369 3419 1533 3472 αὐτοῦ
1585 3421 1643 3471 ὲν
1674 3422 1737 3489 τῇ

1912 3417 2062 3470 tiavit
2115 3415 2262 3483 ipsos
2315 3414 2368 3466 in
2428 3414 2662 3468 adventu
2713 3429 2814 3467 suo
2850 3415 2901 3467 in
2943 3416 3181 3480 deserto,
3209 3417 3426 3486 quando

154 3512 371 3582 ἐρήμῳ,
389 3513 474 3565 ὅτε
488 3514 612 3576 τοὺς
627 3511 831 3566 δώδεκα
844 3513 1094 3580 κοφίνους
1112 3509 1283 3583 [ἦραν
1300 3512 1363 3564 τὸ
1376 3512 1744 3580 περισσεῦον

1846 3507 2100 3579 [tulerunt
2132 3507 2385 3575 reliquias
2424 3505 2699 3558 duodecim
2726 3507 2975 3576 cophinos
3006 3509 3427 3579 {ragmentorum

158 3603 283 3656 τῶν
306 3604 690 3673 κλασμάτων,
727 3603 954 3657 δώδεκα
978 3604 1268 3672 κοφίνους
1316 3601 1618 3674 πλήρειςῂ
1650 3602 1737 3655 καὶ

1912 3612 2042 3661 mos,
2067 3605 2115 3648 et
2137 3605 2332 3664 septem
2367 3605 2572 3663 sportas
2595 3595 2686 3666 θη,
2709 3607 2766 3650 ut
2799 3600 3112 3654 ostenderet
3150 3600 3250 3665 eis,
3280 3601 3427 3670 quod

167 3697 258 3759 τὰς
295 3697 432 3748 ἑπτὰ
484 3697 766 3768 σπυρίδας,
805 3697 891 3750 ἵνα
934 3696 1083 3768 δείξῃ
1114 3697 1334 3772 αὐτοῖς,
1390 3697 1472 3748 ὅτι
1522 3695 1741 3747 δύναται

155 3789 448 3859 ἑτοιμάσαι
474 3788 753 3862 τράπεζαν
783 3789 841 3842 ὲν
862 3790 926 3859 τῇ
1062 3788 1275 3858 ἐρήμῳ.

232 3880 322 3936 51.
358 3881 468 3934 Καὶ
526 3881 834 3952 θυμωθεὶς,
885 3882 964 3942 εἰς
1004 3879 1314 3949 ἀφανισμὸν
1379 3879 1580 3932 ἔδωκεν
1645 3877 1741 3929 αὐ-

161 3973 287 4035 τούς
315 3973 410 4035 (6).

233 3973 287 4035 ὂς
337 3973 369 4025 6
397 4014 410 4025 .

349 3973 460 4116 Ιέαὶ
480 4061 789 4133 κατέφαγεν
823 4061 1025 4132 πλῆθος
1053 4061 1110 4128 ἐξ
1131 4059 1332 4115 αὐτῶν.

232 4153 322 4220 55,
351 4157 436 4211 54.
463 4157 585 4208 ’Ότι
611 4155 733 4208 οὔτε
761 4156 821 4208 τὸ
853 4157 1114 4225 πρότερον
1137 4153 1259 4207 οὕτε
1279 4155 1336 4206 ἐν
1367 4155 1433 4225 τῇ
1469 4155 1740 4225 παρουσίᾳ

155 4248 326 4304 αὐτοῦ
361 4249 686 4301 ἐπίστευσαν
711 4247 788 4318 τῷ
819 4247 932 4317 Υἱῷ
963 4247 1058 4299 τοῦ
1095 4246 1251 4299 Θεοῦ.

229 4337 317 4390 55.
351 4336 475 4399 Τοῖς
525 4336 662 4407 μετὰ
709 4337 881 4389 ταῦτα
910 4337 1213 4406 προφήταις
1252 4338 1363 4398 τοῖς
1417 4330 1540 4407 [οἷς]
1583 4354 1740 4408 περι-

153 4429 375 4493 έλαϐον,
421 4429 618 4500 μηκέτι
649 4427 726 4499 (7)
761 4429 944 4491 αὐτοῖς
982 4427 1282 4499 λαληθῆναι
1323 4427 1414 4479 τὸν
1457 4427 1612 4495 λόγον
1642 4430 1741 4499 τῆς

153 4523 328 4593 ζωῆς.

233 4613 322 4667 56.
349 4613 488 4676 Τοὺς
525 4613 877 4678 ἀποστόλους,
902 4614 968 4667 δι’
1002 4607 1076 4667 ὧν
1124 4612 1356 4684 ἀνέῳξεν
1399 4611 1475 4684 (8)
1502 4653 1516 4677 ,
1561 4612 1738 4684 εἰσέρ-

152 4723 350 4778 χονται
378 4705 456 4768 εἰς
481 4705 744 4776 οὐρανοὺς
781 4706 830 4758 οἱ
860 4706 1064 4758 πιστοί.

232 4797 324 4850 57.
355 4796 458 4848 Τὸν
486 4797 614 4850 Υἱὸν
640 4797 804 4850 αὐτοῦ
833 4796 1214 4862 ἐξαπέστειλεν
1250 4797 1455 4860 αὐτοῖς.

234 4888 326 4942 58.
343 4889 444 4941 Τὸν
463 4889 624 4942 αὐτὸν
640 4889 843 4961 Κύριον
859 4889 1065 4959 Ἰησοῦν
1083 4891 1196 4952 τοῖς
1212 4887 1556 4942 πιστεύουσιν
1573 4886 1741 4958 αὐτῷ.

236 4981 328 5034 59.
352 4981 454 5033 Τὸν
503 4981 874 5046 ζωοποιοῦντα
906 4982 1034 5045 τοὺς
1077 4979 1399 5051 ἀνθρώπους
1427 4977 1505 5049 (9)
1543 4978 1744 5049 ἔφαγεν

149 5074 397 5134 ἕκαστος
420 5072 527 5125 τῶν
555 5073 916 5126 πιστευόντων
944 5071 1113 5142 αὐτῷ,
1150 5072 1232 5124 ὃτι
1262 5071 1376 5123 ἔστι
1399 5071 1552 5133 Θεός.

233 5192 285 5226 ’⁸
310 5190 498 5245 Matth.
535 5208 624 5258 xv,
654 5191 723 5245 '57
747 5207 762 5258 ;
786 5189 953 5246 Marc.
985 5207 1062 5259 vt,
1091 5190 1194 5257 45;
1224 5205 1344 5254 vni,
1378 5188 1432 5243 8.

1845 3696 2024 3756 potest
2052 3703 2248 3756 parare
2277 3703 2524 3741 mensam
2552 3689 2605 3740 in
2633 3688 2872 3744 deserto.

1916 3865 2003 3917 5i.
2044 3864 2106 3917 Et
2134 3865 2306 3918 iratus
2336 3865 2389 3917 in
2421 3867 2702 3920 interitum
2738 3869 2883 3922 dedit
2909 3885 3026 3925 eos.

1917 4062 2005 4115 52.
2035 4060 2101 4116 Et
2128 4077 2195 4117 ex
2224 4063 2306 4118 eis
2339 4064 2743 4119 multitudinem
2772 4067 3066 4124 devoravit.

1914 4159 2004 4224 53,
2042 4159 2129 4212 54.
2163 4159 2431 4224 Quoniam
2471 4177 2646 4229 neque
2683 4170 2828 4228 ante,
2863 4178 3038 4218 neaue
3081 4163 3135 4216 in
3189 4166 3430 4223 adventu

1774 4260 1818 4314 ι)
1849 4249 2021 4320 ipsius
2058 4233 2198 4305 Filio
2231 4249 2322 4304 Dei
2355 4252 2726 4305 crediderunt.

1919 4342 2008 4397 55.
2039 4341 2168 4396 Post
2192 4343 2306 4396 hac
2357 4344 2656 4412 prophetis,
2690 4360 2828 4412 quos
2873 4345 3427 4415 comprehenderunt,

1851 4450 1916 4488 ne
1943 4433 2176 4502 amplius
2198 4433 2276 4486 eis
2303 4434 2654 4501 loquerentur
2682 4435 2907 4488 verbum
2932 4435 3074 4490 vita.

1921 4609 2010 4663 56.
2046 4611 2352 4679 Apostolos,
2383 4627 2477 4680 per
2508 4627 2649 4678 quos
2689 4614 2922 4681 aperuit,
2956 4613 3101 4669 unde
3135 4615 3322 4671 ﬁdeles
3375 4617 3430 4672 in

1851 4703 2019 4756 cmios
2055 4702 2445 4772 ingrediantur.

1920 4793 2007 4846 57.
2041 4790 2237 4844 Filium
2272 4809 2431 4846 suunt
2465 4793 2530 4846 ad
2559 4808 2654 4846 eos
2682 4794 2849 4849 misit.

1925 4884 2011 4936 58.
2048 4881 2227 4952 Ipsum
2261 4882 2548 4938 Dominum
2584 4883 2770 4940 Jesum
2819 4888 3164 4946 credentibus
3195 4890 3248 4945 in
3278 4907 3429 4947 eum.

1921 4975 2010 5028 59.
2045 4973 2414 5027 Viviﬁcantem
2446 4976 2715 5038 homines,
2742 4979 3093 5036 manducavit
3131 4987 3431 5054 unusquis-

1855 5084 1959 5137 que
1983 5068 2320 5121 credentium
2345 5067 2416 5132 ci,
2444 5069 2586 5137 quod
2621 5079 2702 5123 est
2730 5070 2890 5128 Deus.

1120 5305 1431 5389 Addenda
1461 5311 1524 5366 et
1552 5303 1928 5382 corrigenda
1967 5305 2071 5365 ex‘
2097 5304 2237 5365 cod.
2269 5305 2473 5369 Vatic.

353 5457 446 5519 Εἰς
472 5455 553 5510 τό.

353 5457 648 5589 ξλξίδύῖῗατός
690 5526 806 5578 ἐστι
841 5525 958 5592 τοῦ,
987 5535 1117 5586 etc.,
1141 5521 1300 5578 τοῦτο
1321 5538 1428 5594 non
1464 5520 1692 5594 legitur.'

259 5531 318 5594 2)
363 5531 648 5589 Ἀδύνατός
690 5531 806 5578 ἐστι
841 5531 958 5592 τοῦ,
987 5535 1117 5586 etc.,
1141 5531 1300 5578 τοῦτο
1321 5538 1428 5578 non
1465 5531 1691 5591 legitur.

201 5531 318 5669 ,(5)
448 5597 533 5669 46.
579 5597 819 5669 Νόμισ-ον
849 5599 914 5669 ὲκ
948 5597 1175 5669 πέτραςἲ
1198 5593 1434 5669 ήδυνήθη
1456 5591 1743 5658 ἐξαγαγεῖν

372 5667 434 5719 Ν.
472 5668 559 5722 47.
594 5667 826 5732 Διέξοδοι
858 5667 1095 5736 πλήθους
1126 5668 1353 5719 ὑδάτων.

237 5740 320 5811 (4)
346 5739 417 5791 Δέ
448 5741 541 5791 καὶ
569 5740 710 5803 Θείῖς
743 5754 846 5792 non
879 5739 1146 5808 leguntur.

1923 5450 1999 5522 (5)
2026 5453 2103 5522 Τῇ
2133 5452 2300 5507 deest.

1925 5523 2000 5590 (6)
2029 5523 2234 5586 Αὐτοὺς
2262 5525 2480 5580 ἔδωκεν.

1928 5594 2004 5670 (7)
2033 5593 2160 5670 Τοῖς
2186 5595 2313 5670 περὶ
2357 5597 2614 5665 Ἂγαὸον,
2647 5599 2864 5670 μηκέτι,
2889 5609 2994 5656 etc.

1954 5663 2010 5743 8)
2045 5663 2302 5743 ’ῥνέιεξξεν
2356 5663 2461 5720 non
2494 5663 2719 5743 lcgiln'ri
2750 5673 2829 5734 εἰς
2858 5673 2987 5743 τοὺς
3020 5672 3302 5743 οὐρανούς,
3325 5679 3433 5730 etc.

1954 5670 2010 5730 ὃ)
2045 5670 2302 5735 Ἀνέῳξεν
2356 5683 2461 5720 non
2494 5670 2719 5736 legitur;
2750 5673 2829 5734 εἰς
2861 5673 2987 5734 τοὺς
3020 5673 3220 5726 οὑοανο

1931 5670 2008 5804 (9)
2057 5736 2359 5804 Ἀγγέλους.
2405 5748 2508 5794 etc.
2552 5740 2705 5795 Deest
2729 5741 2888 5808 αὐτῷ
2915 5745 3008 5796 καὶ
3052 5722 3220 5811 dede.
