3876 6220
435 353 538 410 976
1272 343 1330 399 S.
1372 336 1744 395 ATIlANASll
1782 335 1933 412 Ql’P.
1979 335 2157 390 PARS
2196 333 2284 389 Ill.
2327 365 2394 375 —-
2430 325 2846 385 EXEGETICA.
3592 319 3697 374 οτε

507 471 596 529 60.
621 469 838 526 Cibaria
865 467 1014 524 misit
1040 465 1119 521 eis
1144 464 1196 517 in
1226 459 1581 516 abundantia.

2184 453 2270 507 60.
2310 447 2683 516 Ἐπισιτισμὺν
2706 443 3022 498 ἀπέστειλεν
3050 443 3231 505 αὐτοῖς
3256 443 3334 505 είς
3361 440 3681 511 πλησμονήν

508 564 597 617 61.
631 559 930 616 Transtulit
951 563 1198 611 austmm
1229 556 1292 608 de
1321 553 1460 608 coelo
1488 569 1501 605 :

2197 546 2276 598 61.
2326 543 2531 614 ’Δπῆρε
2554 541 2703 592 νότον
2732 538 2788 603 ἐξ
2817 535 3069 608 οὐρανοῦ·

503 654 597 708 62.
627 651 693 706 Ει
716 651 931 706 induxit
953 649 1007 702 in
1039 648 1236 700 virtute
1264 659 1362 700 sua
1390 641 1640 697 africum.

2191 637 2278 689 6'2.
2310 636 2418 687 Kal.
2447 634 2727 703 ἐπήγαγεν
2761 631 2818 682 ἐν
2843 632 2908 698 τῇ
2932 627 3158 696 δυνάμει
3188 624 3351 677 αὑτοῦ
3382 623 3530 677 λίϐα.

509 749 596 803 65.
626 748 691 802 Et
721 747 854 815 pluit
883 760 1047 812 super
1077 758 1172 796 eos
1195 742 1337 796 sicut
1371 739 1646 807 pulverem
1673 751 1865 789 carnes
1895 753 1906 786 :

2191 727 2277 778 65.
2314 725 2422 777 Kal.
2449 721 2666 794 ἔϐρεξεν
2693 721 2779 774 ἐπ’
2803 721 2998 780 αὐτοὺς
3020 719 3151 770 ὡσεὶ
3177 715 3306 787 χοῦν
3349 716 3590 788 σάρκας·

507 842 595 895 64.
634 841 700 893 Et
730 839 872 892 sicut
893 851 1113 891 arenam
1143 833 1312 886 maris
1341 830 1584 883 volatilia
1611 837 1870 897 pennata.

2194 817 2281 869 64.
2316 817 2423 868 Kal.
2448 815 2578 866 ὡσεὶ
2605 815 2785 884 ἄμμον
2823 809 3108 863 θαλασσῶν
3136 810 3362 861 πετεινὰ
3397 807 3672 880 πτερωτά.

510 935 598 989 65.
632 931 698 986 Et
723 929 1037 984 ceciderunt
1065 927 1115 979 in
1152 925 1328 979 medio
1357 931 1666 978 castrorum
1696 934 1912 980 eorum,

2191 907 2278 960 65.
2305 909 2412 959 Kal.
2437 906 2702 957 ἐπέπεσον
2727 905 2784 954 ἐν
2820 903 2969 972 μέσῳ
2996 901 3100 970 τῆς
3127 918 3239 970 παρ
3257 900 3481 970 ’μεολῆς
3509 899 3709 962 αὐτῶν,

506 1025 592 1081 66.
622 1024 780 1078 Circa
811 1017 1166 1074 tabernacula
1191 1031 1410 1071 eorum.

2192 998 2280 1051 66.
2314 997 2514 1066 Κύκλῳ
2543 995 2650 1048 τῶν
2680 993 3054 1063 σκηνωμάτων
3089 992 3285 1044 αὐτῶν.

506 1117 596 1169 67.
627 1114 694 1167 Ει
716 1111 1181 1166 manducaverunt
1205 1116 1258 1161 et
1285 1104 1518 1162 saturati
1553 1111 1683 1158 sunt
1711 1102 1872 1156 nimis
1898 1120 1922 1154 ι

2196 1090 2283 1144 67.
2317 1089 2427 1141 Καὶ
2461 1088 2564 1155 ,ξφα
2582 1103 2683 1154 τον,
2712 1087 2807 1138 καὶ
2847 1084 3259 1154 ἐνεπλήσθησαν
3293 1082 3529 1153 σφὸἰρα·

512 1203 601 1258 68.
631 1201 698 1255 Et
733 1199 1062 1256 desiderium
1100 1213 1286 1251 eorum
1325 1194 1509 1249 attulit
1541 1194 1660 1247 eis:

2195 1179 2282 1232 68.
2321 1178 2432 1229 Kal
2464 1177 2562 1242 τὴν
2595 1174 2892 1245 ἐπιθυμίαν
2927 1172 3105 1226 αὐτῶν
3137 1174 3362 1242 ἤνεγκεν
3388 1173 3588 1234 αὐτεῖς.

513 1293 602 1348 69.
632 1291 748 1346 Non
778 1298 904 1346 sunt
927 1286 1160 1343 fraudati
1187 1302 1218 1340 a
1245 1284 1516 1340 desiderio
1546 1299 1670 1338 suo.

2193 1271 2280 1325 69.
2315 1271 2428 1322 Οὐκ
2455 1269 2826 1339 ἐστερήθησαν
2857 1267 2964 1319 ἀπὸ
2987 1267 3084 1336 τῆς
3108 1264 3404 1334 ἐπιθυμίας
3438 1263 3641 1315 αὐτῶν.

513 1385 602 1439 70.
639 1385 831 1438 Adhuc
858 1397 984 1435 esca
1015 1386 1132 1435 erat
1158 1381 1210 1432 in
1246 1393 1341 1432 ore
1371 1378 1639 1447 ipsorum,

2193 1363 2282 1416 70.
2324 1363 2444 1414 Ἔτι
2470 1363 2568 1431 τῆς
2596 1360 2850 1430 βρώσεως
2879 1357 3048 1428 οὔσης
3069 1359 3126 1409 ἐν
3156 1357 3232 1426 τῷ
3261 1357 3489 1424 στόματι
3514 1355 3716 1407 αὐτῶν.

519 1477 602 1528 71.
636 1475 701 1528 Ει
731 1474 809 1527 ira
834 1471 927 1526 Dei
957 1471 1203 1526 ascendit
1233 1484 1395 1538 super
1426 1482 1547 1521 eos.

2194 1455 2281 1506 71.
2320 1455 2428 1506 Kal
2453 1454 2588 1524 ὀργὴ
2613 1452 2706 1505 τοῦ
2739 1451 2874 1504 Θεοῦ
2901 1449 3069 1520 ἀνέϐη
3099 1449 3186 1500 ἐπ’
3226 1450 3291 1501 αὐ
3309 1447 3449 1510 τούς.

516 1565 606 1619 79.
634 1565 698 1618 Et
719 1563 917 1619 occidit
942 1562 1209 1631 plurimos
1229 1537 1416 1614 eorum
1443 1575 1456 1610 :

2195 1546 2282 1598 72.
2315 1546 2426 1597 Kal.
2463 1543 2784 1597 ἀπέκτεινεν
2820 1545 2876 1595 ἐν
2903 1544 3016 1603 τοῖς
3050 1540 3292 1592 πλείοσιν
3327 1537 3535 1590 αὐτῶν·

521 1659 606 1713 75.
637 1657 704 1712 Ει
732 1629 1134 1711 electos—Israel
1164 1651 1517 1720 compcdivit.

2196 1635 2282 1690 75.
2322 1636 2432 1688 Kal
2461 1636 2586 1698 τοὺς
2610 1635 2898 1694 ἐκλεκτοὺς
2931 1631 3026 1686 τοῦ
3063 1629 3280 1702 Ἰσραὴλ
3312 1629 3686 1682 συνεπόδισεν.

520 1749 608 1804 71.
639 1750 697 1803 in
729 1747 984 1803 omnibus
1010 1746 1097 1801 his
1123 1747 1489 1814 peccaverunt
1522 1739 1701 1792 adhuc
1729 1755 1742 1790 :

1729 1755 1742 1790 ;
2199 1727 2287 1780 74.
2328 1727 2414 1780 Ἐν
2456 1727 2590 1778 πᾶσι
2620 1725 2833 1787 τούτοις
2866 1725 3110 1793 ἥμαρτον
3143 1722 3221 1774 ἔτι
3241 1737 3254 1752 ·

519 1843 612 1898 75.
640 1841 704 1895 Et
727 1855 832 1894 non
867 1809 1216 1894 crediderunt
1250 1835 1304 1888 in
1343 1830 1691 1887 mirabilibus
1721 1827 1864 1895 ejus.

2202 1819 2289 1872 75.
2323 1820 2432 1871 Kal
2460 1819 2561 1870 οὐκ
2591 1817 2919 1869 ἐπίστευσαν
2947 1817 3004 1868 ἐν
3035 1817 3149 1876 τοῖς
3180 1813 3507 1884 θαυμασίοις
3530 1809 3722 1864 αὑτοῦ.

523 1935 610 1988 76.
644 1934 706 1988 Et
731 1931 1048 1989 defecerunt
1071 1929 1127 1983 in
1157 1927 1397 1982 vanitate
1433 1926 1550 1979 dies
1573 1935 1763 1977 eorum
1791 1937 1804 1974 :

2204 1911 2292 1966 76.
2330 1911 2438 1964 Kal.
2468 1908 2716 1974 ἐξέλιπον
2750 1910 2807 1962 ἐν
2846 1909 3165 1978 ματαιότητι
3196 1907 3249 1959 αἱ
3275 1906 3479 1977 ἡμέραι
3513 1904 3721 1959 αὑτῶνο

523 2027 614 2081 77.
649 2025 717 2079 Ει
745 2024 874 2079 anni
903 2037 1092 2078 eorum
1125 2033 1250 2075 cum
1276 2015 1646 2072 festinatione.

2205 2005 2294 2057 77.
2332 2004 2442 2056 Kal
2463 2003 2531 2055 τὰ
2565 2001 2657 2072 ἔτη
2689 2001 2868 2055 αὐτῶν
2899 1999 3036 2071 μετὰ
3065 1999 3322 2066 σπουδῆς.

535 2118 619 2172 ,8.
649 2118 784 2173 Cum
817 2116 1091 2171 occideret
1119 2128 1244 2174 eos,
1282 2119 1412 2164 tunc
1437 2105 1758 2176 quaerebant
1788 2115 1912 2155 eum
1941 2116 1956 2151 :

2205 2094 2295 2148 78.
2330 2095 2495 2146 Ὅταν
2516 2091 2832 2144 ἀπέκτεινεν
2857 2092 3074 2152 αὐτοὺς,
3091 2091 3209 2142 τότε
3231 2090 3516 2158 ἐξεζήτουν
3533 2086 3723 2139 αὐτόν’

525 2213 613 2268 79.
646 2211 713 2267 Et
753 2209 1187 2269 revertebantur,
1236 2214 1288 2259 et
1337 2199 1580 2257 diluculo
1627 2195 1918 2250 veniebant
1960 2191 2028 2244 ad

2201 2185 2290 2239 79.
2359 2184 2467 2236 Kal.
2532 2184 2903 2254 ἐπέστρεφον,
2974 2183 3069 2239 καὶ
3122 2181 3385 2253 ὥρθριζον
3442 2180 3586 2250 πρὸς
3635 2177 3732 2231 τὸν

453 2304 652 2362 Deum.

2137 2277 2291 2330 Θεόν.

1578 2403 1962 2464 ATHANASlI
2002 2395 2590 2455 lNTERPRETATlO.

519 2566 610 2620 60.
645 2564 823 2618 Vitam
855 2563 1240 2631 sempiternam
1253 2601 1266 2613 .

2214 2540 2301 2594 60.
2340 2540 2492 2610 Ζωὴν
2517 2536 2869 2604 ἀτελεύτητον
2906 2535 2999 2603 (1).

522 2659 612 2717 61.
643 2655 948 2714 Transtulit
975 2622 1243 2726 .populum
1283 2648 1594 2704 Judatorum
1643 2645 1711 2699 de
1750 2639 2037 2714 promissis

2207 2631 2295 2686 61.
2342 2630 2656 2697 Μετέστησε
2711 2627 2803 2678 τὸν
2848 2626 2976 2678 λαὸν
3033 2624 3142 2677 τῶν
3182 2624 3447 2676 Ἰουδαίων
3503 2625 3570 2676 ἐκ
3619 2622 3727 2677 τῶν

461 2751 598 2810 suis.
985 2717 1002 2726 -
2146 2721 2486 2790 ἐπαγγελιῶν
2518 2717 2681 2771 αὑτοῦ
2711 2717 2806 2785 (2).

655 2841 717 2895 Ει
739 2837 966 2894 adduxit
991 2835 1070 2891 eis
1100 2850 1166 2887 ex
1197 2831 1488 2886 Occidente
1513 2826 1929 2896 Vespasianum.

2214 2811 2301 2866 6'2.
2330 2811 2438 2862 Kal.
2459 2811 2665 2880 ἢγαγεν
2696 2807 2878 2869 αὐτοῖς
2913 2807 2976 2858 ἐκ
3000 2805 3098 2874 τῆς
3127 2804 3343 2866 Δύσεως
3376 2801 3724 2856 Οὐεσπασια-

2146 2905 2232 2956 νόν
2257 2903 2355 2973 (ε).

533 3014 622 3080 65,
649 3012 741 3067 64.
774 3008 1172 3064 Multitudinem
1207 3004 1502 3060 exercitus.

2067 2986 2109 3012 υ
2209 2996 2299 3059 65,
2328 2992 2414 3047 64.
2449 2991 2525 3061 (4)
2548 2990 2620 3042 Τὸ
2651 2989 2856 3058 πλῆθος
2891 2986 2986 3041 τοῦ
3025 2988 3481 3061 στρατευομένου.

529 3078 619 3162 65.
653 3105 787 3160 Pars
812 3117 1000 3157 eorum
1033 3099 1311 3154 descendit
1339 3099 1390 3150 in
1419 3106 1596 3150 castra
1631 3093 1966 3147 Judaeorum.

2217 3086 2302 3140 65.
2335 3084 2415 3136 Τὰ
2449 3083 2583 3154 μέλη
2617 3081 2796 3135 αὐτῶν
2832 3078 3102 3150 κατῆλθον
3142 3081 3220 3142 είς
3243 3080 3338 3149 τὴν
3376 3079 3731 3150 παρεμϐολὴν

2143 3177 2252 3230 τῶν
2290 3175 2580 3229 Ἰουδαίων.

537 3283 625 3339 66.
654 3275 1145 3336 Circumdederunt
1173 3289 1288 3330 eos.

2219 3269 2306 3323 66.
2352 3267 2700 3321 Ἐκύκλωσαν
2730 3263 2944 3326 αὐτούς.

537 3373 628 3436 67.
650 3369 830 3438 Plagis
850 3368 917 3423 ab
945 3381 1010 3420 eo
1031 3365 1216 3418 illatis.
2215 3363 2304 3416 67.
2336 3360 2446 3424 Τὰς
2483 3359 2695 3428 πληγὰς
2724 3357 2822 3419 τὰς
2876 3355 3194 3426 ἐναχθείσας
3227 3353 3302 3425 (5)
3352 3352 3492 3424 [ὑπ’]
3539 3355 3736 3407 αὐτοῦ.

541 3465 628 3518 68.
662 3462 728 3517 Ει
753 3473 1063 3517 sermonem
1094 3469 1255 3526 quem
1288 3449 1456 3506 locuti
1492 3458 1620 3502 sunt
1665 3447 2045 3516 crucifigentes

2218 3451 2306 3506 68.
2335 3453 2444 3504 Kal.
2468 3451 2558 3503 τὸν
2585 3449 2764 3517 λόγον,
2785 3450 2842 3502 ὃν
2871 3449 3054 3516 ἔλεγον
3101 3444 3463 3516 σταυροῦντες
3499 3445 3593 3497 τὸν
3626 3444 3738 3497 Κύ-

470 3557 764 3613 Dominum
815 3553 1058 3608 dicentes
1093 3567 1104 3602 :
1145 3545 1257 3600 Nos
1297 3543 1523 3598 Caesaris
1570 3556 1750 3594 sumus
1773 3541 1838 3607 ⁸⁷,
1869 3540 2001 3593 attul

2209 3563 2288 3607 ον,
2315 3545 2398 3597 ὅτι
2435 3543 2634 3612 Ἡμεῖς
2666 3542 2773 3595 τοῦ
2813 3540 3115 3607 Καίσαρός
3143 3539 3350 3608 ἐσμεν,
3377 3538 3614 3606 ἤνεγκεν
3643 3539 3740 3590 αὑ-

469 3650 570 3706 eis.

2151 3639 2281 3700 τοῖς.

541 3740 631 3795 69.
662 3737 815 3805 Quod
841 3732 1253 3804 exquisivcrunt
1270 3740 1321 3783 ct
1339 3729 1516 3799 adepti
1547 3735 1695 3783 sunt.

2226 3727 2312 3780 69.
2355 3727 2418 3778 Ὃ
2453 3723 2820 3793 ἐπεζήτησαν,
2846 3723 2941 3774 καὶ
2973 3720 3163 3788 ἔλαχον
3201 3717 3296 3787 (6).

547 3833 635 3888 70.
670 3830 748 3884 Ex
777 3845 886 3898 quo
919 3827 1173 3880 dicebant
1207 3823 1309 3876 hoc
1343 3821 1396 3874 in
1433 3836 1528 3875 ore
1551 3835 1673 3876 suo.

2227 3818 2317 3871 70.
2359 3818 2476 3884 Ἀφ’
2503 3811 2566 3869 οὗ
2599 3815 2784 3882 ἔλεγον
2819 3812 2978 3865 τοῦτο
3006 3815 3062 3864 ἐν
3088 3809 3166 3881 τῷ
3199 3811 3426 3879 στόματι
3460 3811 3667 3863 αὐτῶν.

545 3921 634 3974 71.
669 3917 793 3971 Fuit
816 3918 931 3987 ipsa
969 3914 1050 3968 ira
1083 3928 1110 3965 a
1136 3912 1245 3966 Deo
1282 3926 1444 3979 super
1473 3927 1590 3966 eos.

2225 3909 2314 3963 7-1.
2341 3905 2447 3961 Ἦν
2475 3909 2610 3977 αὑτὴ
2639 3908 2671 3976 ἡ
2696 3907 2832 3976 ὀργὴ
2863 3907 2948 3958 ἐπ’
2981 3904 3180 3966 αὐτοὺς
3209 3903 3338 3973 περὶ
3364 3902 3439 3972 (7)
3470 3903 3635 3956 Θεοῦ.

547 4011 634 4063 7:2.
667 4008 729 4062 Et
756 4007 955 4062 occidit
982 4005 1386 4060 multitudinem
1414 4017 1627 4055 eorum.

2225 4000 2315 4056 72.
2348 4001 2456 4053 Kal
2481 3999 2541 4051 τὸ
2563 3998 2766 4069 πλῆθος
2801 3997 2979 4050 αὐτῶν
3007 3995 3312 4048 ἀπέκτεινε.

545 4101 632 4154 75.
665 4099 732 4154 Ει
759 4114 947 4153 eorum
971 4097 1233 4166 reliquos,
1261 4095 1354 4163 qui
1380 4093 1744 4148 censebantur
1776 4105 1897 4160 pios
1931 4105 2053 4143 esse

2228 4091 2314 4145 75.
2354 4091 2464 4142 Kal.
2509 4091 2634 4152 τοὺς
2667 4089 2889 4150 λοιποὺς
2942 4085 3122 4139 αὐτῶν
3173 4087 3297 4146 τοὺς
3345 4083 3744 4156 νομιζομένους

473 4192 696 4247 tradidit
721 4191 775 4244 in
801 4190 1142 4244 servitutem.

2160 4179 2428 4241 θεοσεϐεῖς
2463 4174 2604 4231 εἶναι
2626 4180 2704 4240 εἰς
2729 4176 2972 4229 δουλείαν
2995 4175 3215 4227 ἔδωκεν.

547 4285 635 4339 74.
665 4283 731 4336 Et
764 4296 959 4336 rursus
987 4285 1406 4349 permanserunt
1436 4275 1488 4328 in
1522 4281 1764 4342 peccato.

2086 4292 2132 4350 υ
2229 4270 2317 4323 74.
2351 4270 2458 4321 Kal.
2487 4269 2647 4321 πάλιν
2678 4267 2944 4337 ἐπέμενον
2979 4268 3043 4337 τῇ
3075 4265 3337 4336 ἁμαρτία.

545 4379 637 4433 Τὸ.
673 4375 740 4429 Et
767 4389 873 4428 non
906 4371 1252 4427 crediderunt
1288 4368 1400 4431 eis,
1449 4381 1570 4435 quae
1621 4364 1762 4419 facta
1794 4373 1920 4419 sunt
1948 4364 2048 4433 ipsi

2229 4361 2316 4414 75.
2346 4361 2455 4413 Kal
2476 4361 2574 4412 οὐκ
2607 4358 2934 4410 ἐπίστευσαν
2971 4359 3082 4420 τοῖς
3115 4355 3503 4425 γεγενημένοις
3555 4357 3745 4419 αὐτοῖς

477 4480 509 4518 a
541 4463 672 4517 Deo.

2161 4450 2266 4504 ὑπὸ
2288 4450 2381 4502 τοῦ
2417 4449 2571 4502 Θεοῦ.

552 4555 639 4608 76.
670 4550 734 4605 Ει
762 4551 815 4603 in
851 4546 1089 4601 vanitate
1119 4542 1319 4598 mentis
1347 4555 1542 4594 eorum
1575 4538 1871 4608 perierunt.

2231 4540 2321 4594 76.
2355 4541 2465 4594 Kal.
2518 4543 2574 4592 ἐν
2623 4555 2940 4610 ματαιοτητι
2994 4539 3086 4592 τοῦ
3121 4537 3240 4602 νοδς
3280 4535 3458 4590 αὐτῶν
3493 4537 3733 4590 ἀπώλον-

2161 4647 2223 4683 το
2262 4631 2358 4700 (8).

551 4730 638 4784 77.
673 4727 740 4783 Ει
768 4725 895 4780 anni
928 4737 1119 4778 eorum
1162 4733 1285 4775 cum
1331 4715 1679 4772 festinatione
1719 4713 2050 4769 defecerunt.

2235 4722 2323 4774 77.
2356 4722 2467 4774 Kal
2488 4721 2554 4773 τὰ
2579 4720 2672 4789 έτη
2702 4720 2883 4773 αὐτῶν
2913 4719 3051 4790 μετὰ
3091 4718 3322 4788 σπουδῆς
3355 4717 3609 4781 ἐξέλιπεν
3651 4722 3748 4788 (9),

555 4819 643 4874 78.
668 4816 804 4872 Cum
836 4813 1108 4869 occideret
1133 4825 1227 4865 eos
1261 4810 1465 4864 scilicet
1491 4806 1803 4876 qurerebant
1831 4819 1976 4858 eum.

2235 4806 2322 4859 78.
2363 4807 2531 4858 Ὅταν
2560 4807 2877 4860 ἀπέκτεινεν
2901 4807 3012 4876 (10)
3047 4807 3241 4868 αὐτοὺς
3269 4805 3426 4876 δῆθεν
3455 4805 3749 4878 εξεζήτουν

2169 4897 2328 4950 αὐτόν

553 4987 644 5044 79.
675 4985 743 5042 Et
771 4983 1080 5047 veniebant,
1106 4991 1161 5037 et
1185 4981 1580 5035 confitebantur
1610 4993 1758 5032 eum.

2238 4986 2325 5042 79.
2353 4988 2462 5041 Καὶ
2500 4989 2744 5058 ἤρχοντο,
2788 4990 2880 5042 καὶ
2913 4987 3344 5057 ἐξωμολογοῦντο
3372 4987 3539 5042 αὐτόν
3575 4987 3713 5060 (il).

561 5130 608 5165 ’τ
626 5128 782 5184 Joan.
817 5142 931 5192 xu,
958 5125 1045 5179 15.

626 5128 782 5184 Joan.
817 5142 931 5192 xu,
958 5128 1045 5179 15.

1436 5189 1745 5251 Addenda
1775 5199 1834 5252 et
1866 5196 2248 5276 corrigenda
2283 5220 2361 5264 ex
2393 5204 2537 5266 eod.
2584 5205 2787 5265 Vatic.

559 5325 634 5412 tl)
669 5321 992 5412 ξένεὲὶεῖπῖι.
2243 5328 2314 5412 t9)
2350 5329 2605 5412 Ἔλαβον·

787 5392 895 5470 των
934 5390 1104 5443 ἐθνῶν
1137 5390 1246 5470 τῶν
1279 5390 1548 5460 πατρῴων
1574 5390 1766 5442 αὐτοῦ.

979 5390 1104 5443 lvth
1137 5390 1246 5470 τῶν
1279 5390 1548 5460 πατρῴων
1574 5390 1766 5442 αὐτοῦ.
2350 5401 2510 5470 Παρὰ

579 5441 634 5540 3’)
661 5441 1224 5540 ζῖδῦηόὑεςξπάςεοενάν-
1305 5529 1332 5538 -
1395 5441 1452 5460 ”
1597 5529 1608 5540 .
1869 5529 1914 5540 -.
1974 5530 2030 5540 η.
2240 5441 2316 5540 (ἐς
2352 5441 2698 5524 fidem.

561 5529 727 5622 (ιλι-
758 5534 847 5617 δτξ
881 5532 952 5614 ιδ
1869 5529 2058 5622 w—

1588 5529 2058 5622 iuges;
2575 5541 2821 5612 ματαίως
2856 5544 3119 5611 ἐξέλιπον.

489 5579 727 5686 triga;
764 5579 950 5686 aea;
971 5579 1327 5672 {ataui
1347 5579 2062 5668 etas;sexaginta;
2241 5579 2819 5679 tib;‘i&:§.:‘.’.‘.§l“
2856 5579 2914 5611 “

490 5655 1054 5751 κλυέεανζαῦῑεύςί.
1189 5655 1206 5672 ’
1406 5655 1421 5662 ’
1969 5655 2021 5656 ίί
2247 5655 2743 5751 ἰὶἱῦιᾶὗῖέὲ›’ξ”””

561 5746 640 5814 (5i
682 5745 967 5813 ’.Ενεδήσας
997 5742 1198 5802 αὐτοῖς.
