  <div class='ocr_page' id='page_1' title='image "/cluster/home/n/w/nwhite01/storage/ocr_20150623/27/nnc1.0046978631/508.png"; bbox 0 0 3876 6220; ppageno 0'>
   <div class='ocr_carea' id='block_1_1' title="bbox 171 354 273 408">
    <p class='ocr_par' dir='ltr' id='par_1_1' title="bbox 171 354 273 408">
     <span class='ocr_line' id='line_1_1' title="bbox 171 354 273 408; baseline -0.049 -1"><span class='ocrx_word' id='word_1_1' title='bbox 171 354 273 408; x_wconf 80' lang='grc'><strong>977</strong></span> 
     </span>
    </p>
   </div>
   <div class='ocr_carea' id='block_1_2' title="bbox 1051 359 2594 429">
    <p class='ocr_par' dir='ltr' id='par_1_2' title="bbox 1051 359 2594 429">
     <span class='ocr_line' id='line_1_2' title="bbox 1051 359 2594 429; baseline 0.01 -15"><span class='ocrx_word' id='word_1_2' title='bbox 1051 359 1130 424; x_wconf 69' lang='lat' dir='ltr'><strong>Dl‘</strong></span> <span class='ocrx_word' id='word_1_3' title='bbox 1187 361 1464 420; x_wconf 85' lang='lat' dir='ltr'><strong>TlTULlS</strong></span> <span class='ocrx_word' id='word_1_4' title='bbox 1510 367 1964 427; x_wconf 77' lang='lat' dir='ltr'><strong>PSALMORUM.</strong></span> <span class='ocrx_word' id='word_1_5' title='bbox 2005 401 2075 414; x_wconf 86' lang='lat'><strong>-—</strong></span> <span class='ocrx_word' id='word_1_6' title='bbox 2103 372 2299 429; x_wconf 74' lang='lat' dir='ltr'><strong>PSAL.</strong></span> <span class='ocrx_word' id='word_1_7' title='bbox 2340 373 2594 429; x_wconf 69' lang='lat' dir='ltr'><strong>LXXV&quot;.</strong></span> 
     </span>
    </p>
   </div>
   <div class='ocr_carea' id='block_1_3' title="bbox 3345 378 3448 432">
    <p class='ocr_par' dir='ltr' id='par_1_3' title="bbox 3345 378 3448 432">
     <span class='ocr_line' id='line_1_3' title="bbox 3345 378 3448 432; baseline -0.058 0"><span class='ocrx_word' id='word_1_8' title='bbox 3345 378 3448 432; x_wconf 78' lang='grc'>978</span> 
     </span>
    </p>
   </div>
   <div class='ocr_carea' id='block_1_4' title="bbox 238 470 1803 568">
    <p class='ocr_par' dir='ltr' id='par_1_4' title="bbox 238 470 1803 556">
     <span class='ocr_line' id='line_1_4' title="bbox 238 470 1803 556; baseline 0.012 -30"><span class='ocrx_word' id='word_1_9' title='bbox 238 470 324 527; x_wconf 89' lang='grc'><strong>80.</strong></span> <span class='ocrx_word' id='word_1_10' title='bbox 357 474 464 528; x_wconf 80' lang='lat' dir='ltr'><em>Kal</em></span> <span class='ocrx_word' id='word_1_11' title='bbox 511 475 884 548; x_wconf 78' lang='grc' dir='ltr'>ἐμνήσθησαν,</span> <span class='ocrx_word' id='word_1_12' title='bbox 901 479 982 532; x_wconf 82' lang='grc' dir='ltr'>ὅτι</span> <span class='ocrx_word' id='word_1_13' title='bbox 1009 483 1038 534; x_wconf 82' lang='grc' dir='ltr'>ὁ</span> <span class='ocrx_word' id='word_1_14' title='bbox 1057 480 1187 548; x_wconf 76' lang='grc' dir='ltr'>Θεὸς</span> <span class='ocrx_word' id='word_1_15' title='bbox 1205 482 1396 556; x_wconf 82' lang='grc' dir='ltr'>βοηθὸς</span> <span class='ocrx_word' id='word_1_16' title='bbox 1413 488 1593 542; x_wconf 71' lang='grc' dir='ltr'>αὐτῶν</span> <span class='ocrx_word' id='word_1_17' title='bbox 1617 491 1754 544; x_wconf 80' lang='grc' dir='ltr'>ἐστι’</span> <span class='ocrx_word' id='word_1_18' title='bbox 1786 509 1803 554; x_wconf 67' lang='grc' dir='ltr'><em>λ</em></span> 
     </span>
    </p>
   </div>
   <div class='ocr_carea' id='block_1_5' title="bbox 1911 470 3444 568">
    <p class='ocr_par' dir='ltr' id='par_1_5' title="bbox 1933 493 3444 568">
     <span class='ocr_line' id='line_1_5' title="bbox 1933 493 3444 568; baseline 0.003 -20"><span class='ocrx_word' id='word_1_19' title='bbox 1933 495 2022 550; x_wconf 88' lang='lat'><strong>80.</strong></span> <span class='ocrx_word' id='word_1_20' title='bbox 2055 493 2130 550; x_wconf 82' lang='lat' dir='ltr'><strong>Et</strong></span> <span class='ocrx_word' id='word_1_21' title='bbox 2159 499 2508 551; x_wconf 77' lang='lat' dir='ltr'><strong>rememorati</strong></span> <span class='ocrx_word' id='word_1_22' title='bbox 2569 504 2698 551; x_wconf 89' lang='lat' dir='ltr'><strong>sunt</strong></span> <span class='ocrx_word' id='word_1_23' title='bbox 2745 497 2874 568; x_wconf 88' lang='lat' dir='ltr'><strong>quia</strong></span> <span class='ocrx_word' id='word_1_24' title='bbox 2931 495 3074 552; x_wconf 83' lang='lat' dir='ltr'><strong>Deus</strong></span> <span class='ocrx_word' id='word_1_25' title='bbox 3109 497 3326 566; x_wconf 66' lang='lat' dir='ltr'><strong>arljntor</strong></span> <span class='ocrx_word' id='word_1_26' title='bbox 3358 505 3444 555; x_wconf 58' lang='lat' dir='ltr'><strong>est</strong></span> 
     </span>
    </p>
   </div>
   <div class='ocr_carea' id='block_1_6' title="bbox 234 667 1700 749">
    <p class='ocr_par' dir='ltr' id='par_1_6' title="bbox 234 667 1700 749">
     <span class='ocr_line' id='line_1_6' title="bbox 234 667 1700 749; baseline 0.011 -29"><span class='ocrx_word' id='word_1_27' title='bbox 234 667 320 722; x_wconf 85' lang='lat'><strong>8|.</strong></span> <span class='ocrx_word' id='word_1_28' title='bbox 356 669 469 722; x_wconf 89' lang='lat' dir='ltr'><strong>Kal</strong></span> <span class='ocrx_word' id='word_1_29' title='bbox 501 671 532 724; x_wconf 84' lang='grc' dir='ltr'>ὁ</span> <span class='ocrx_word' id='word_1_30' title='bbox 565 669 696 735; x_wconf 84' lang='grc' dir='ltr'>Θεὸς</span> <span class='ocrx_word' id='word_1_31' title='bbox 725 674 753 725; x_wconf 86' lang='grc' dir='ltr'>ὁ</span> <span class='ocrx_word' id='word_1_32' title='bbox 785 672 1007 742; x_wconf 70' lang='grc' dir='ltr'>ὕψιστος</span> <span class='ocrx_word' id='word_1_33' title='bbox 1046 675 1324 749; x_wconf 81' lang='grc' dir='ltr'>λυτρωτὴς</span> <span class='ocrx_word' id='word_1_34' title='bbox 1357 680 1536 733; x_wconf 82' lang='grc' dir='ltr'>αὐτῶν</span> <span class='ocrx_word' id='word_1_35' title='bbox 1566 686 1700 738; x_wconf 83' lang='grc' dir='ltr'>ἐστι.</span> 
     </span>
    </p>
   </div>
   <div class='ocr_carea' id='block_1_7' title="bbox 235 760 1715 842">
    <p class='ocr_par' dir='ltr' id='par_1_7' title="bbox 235 760 1715 842">
     <span class='ocr_line' id='line_1_7' title="bbox 235 760 1715 842; baseline 0.011 -31"><span class='ocrx_word' id='word_1_36' title='bbox 235 760 321 813; x_wconf 74' lang='lat'><strong>8&#39;2.</strong></span> <span class='ocrx_word' id='word_1_37' title='bbox 354 761 468 813; x_wconf 89' lang='lat' dir='ltr'><strong>Kal</strong></span> <span class='ocrx_word' id='word_1_38' title='bbox 501 761 797 834; x_wconf 71' lang='grc' dir='ltr'>ἠγάπησαν</span> <span class='ocrx_word' id='word_1_39' title='bbox 832 766 993 819; x_wconf 80' lang='grc' dir='ltr'>αὑτὸν</span> <span class='ocrx_word' id='word_1_40' title='bbox 1035 769 1093 820; x_wconf 86' lang='grc' dir='ltr'><strong>ἐν</strong></span> <span class='ocrx_word' id='word_1_41' title='bbox 1132 769 1208 839; x_wconf 83' lang='grc' dir='ltr'>τῷ</span> <span class='ocrx_word' id='word_1_42' title='bbox 1244 771 1470 842; x_wconf 85' lang='grc' dir='ltr'>στόματι</span> <span class='ocrx_word' id='word_1_43' title='bbox 1505 775 1683 827; x_wconf 79' lang='grc' dir='ltr'>αὐτῶν</span> <span class='ocrx_word' id='word_1_44' title='bbox 1704 793 1715 805; x_wconf 75' lang='grc' dir='ltr'><strong><em>ο</em></strong></span> 
     </span>
    </p>
   </div>
   <div class='ocr_carea' id='block_1_8' title="bbox 235 850 1559 936">
    <p class='ocr_par' dir='ltr' id='par_1_8' title="bbox 235 850 1559 936">
     <span class='ocr_line' id='line_1_8' title="bbox 235 850 1559 936; baseline 0.012 -33"><span class='ocrx_word' id='word_1_45' title='bbox 235 850 319 905; x_wconf 89' lang='grc'><strong>85.</strong></span> <span class='ocrx_word' id='word_1_46' title='bbox 353 853 463 905; x_wconf 91' lang='lat' dir='ltr'><strong>Kal</strong></span> <span class='ocrx_word' id='word_1_47' title='bbox 499 857 566 925; x_wconf 82' lang='grc' dir='ltr'>τῇ</span> <span class='ocrx_word' id='word_1_48' title='bbox 604 854 826 929; x_wconf 84' lang='grc' dir='ltr'>γλώσσῃ</span> <span class='ocrx_word' id='word_1_49' title='bbox 856 858 1035 930; x_wconf 76' lang='grc' dir='ltr'>αὐτῶν</span> <span class='ocrx_word' id='word_1_50' title='bbox 1065 859 1364 929; x_wconf 73' lang='grc' dir='ltr'>ἐψεύσαντο</span> <span class='ocrx_word' id='word_1_51' title='bbox 1387 863 1559 936; x_wconf 77' lang='grc' dir='ltr'>αὐτῷ.</span> 
     </span>
    </p>
   </div>
   <div class='ocr_carea' id='block_1_9' title="bbox 235 944 1705 1028">
    <p class='ocr_par' dir='ltr' id='par_1_9' title="bbox 235 944 1705 1028">
     <span class='ocr_line' id='line_1_9' title="bbox 235 944 1705 1028; baseline 0.01 -31"><span class='ocrx_word' id='word_1_52' title='bbox 235 944 320 998; x_wconf 74' lang='grc'><strong>84.</strong></span> <span class='ocrx_word' id='word_1_53' title='bbox 368 947 433 998; x_wconf 84' lang='grc' dir='ltr'><em>Ἦ</em></span> <span class='ocrx_word' id='word_1_54' title='bbox 468 947 528 999; x_wconf 82' lang='grc' dir='ltr'>δὲ</span> <span class='ocrx_word' id='word_1_55' title='bbox 565 949 761 1020; x_wconf 83' lang='grc' dir='ltr'>καρδία</span> <span class='ocrx_word' id='word_1_56' title='bbox 792 951 972 1004; x_wconf 80' lang='grc' dir='ltr'>αὐτῶν</span> <span class='ocrx_word' id='word_1_57' title='bbox 1001 953 1101 1006; x_wconf 79' lang='grc' dir='ltr'><strong>οὐκ</strong></span> <span class='ocrx_word' id='word_1_58' title='bbox 1141 954 1322 1008; x_wconf 81' lang='grc' dir='ltr'>εὐθεῖα</span> <span class='ocrx_word' id='word_1_59' title='bbox 1359 960 1474 1028; x_wconf 90' lang='grc' dir='ltr'>μετ’</span> <span class='ocrx_word' id='word_1_60' title='bbox 1503 959 1666 1012; x_wconf 78' lang='grc' dir='ltr'>αὑτοῦ</span> <span class='ocrx_word' id='word_1_61' title='bbox 1691 976 1705 990; x_wconf 84' lang='lat'><strong><em>°</em></strong></span> 
     </span>
    </p>
   </div>
   <div class='ocr_carea' id='block_1_10' title="bbox 233 1037 1582 1122">
    <p class='ocr_par' dir='ltr' id='par_1_10' title="bbox 233 1037 1582 1122">
     <span class='ocr_line' id='line_1_10' title="bbox 233 1037 1582 1122; baseline 0.01 -31"><span class='ocrx_word' id='word_1_62' title='bbox 233 1037 319 1092; x_wconf 91' lang='grc'><strong>85.</strong></span> <span class='ocrx_word' id='word_1_63' title='bbox 357 1039 496 1092; x_wconf 84' lang='grc' dir='ltr'>Οὐδὲ</span> <span class='ocrx_word' id='word_1_64' title='bbox 529 1042 906 1112; x_wconf 77' lang='grc' dir='ltr'>ἐπιστώθησαν</span> <span class='ocrx_word' id='word_1_65' title='bbox 940 1046 997 1097; x_wconf 84' lang='grc' dir='ltr'><strong>ἐν</strong></span> <span class='ocrx_word' id='word_1_66' title='bbox 1035 1048 1099 1117; x_wconf 86' lang='grc' dir='ltr'>τῇ</span> <span class='ocrx_word' id='word_1_67' title='bbox 1124 1046 1368 1122; x_wconf 86' lang='grc' dir='ltr'>Διαθήκῃ</span> <span class='ocrx_word' id='word_1_68' title='bbox 1399 1050 1582 1105; x_wconf 75' lang='grc' dir='ltr'>αὐτοῦ.</span> 
     </span>
    </p>
   </div>
   <div class='ocr_carea' id='block_1_11' title="bbox 233 1129 1284 1208">
    <p class='ocr_par' dir='ltr' id='par_1_11' title="bbox 233 1129 1284 1208">
     <span class='ocr_line' id='line_1_11' title="bbox 233 1129 1284 1208; baseline 0.008 -24"><span class='ocrx_word' id='word_1_69' title='bbox 233 1129 319 1186; x_wconf 84' lang='grc'>86.</span> <span class='ocrx_word' id='word_1_70' title='bbox 356 1131 535 1196; x_wconf 82' lang='grc' dir='ltr'>Αὐτὸς</span> <span class='ocrx_word' id='word_1_71' title='bbox 567 1133 625 1186; x_wconf 82' lang='grc' dir='ltr'><strong>δέ</strong></span> <span class='ocrx_word' id='word_1_72' title='bbox 668 1134 746 1202; x_wconf 85' lang='grc' dir='ltr'>(α)</span> <span class='ocrx_word' id='word_1_73' title='bbox 780 1137 928 1190; x_wconf 84' lang='grc' dir='ltr'>ἐστιν</span> <span class='ocrx_word' id='word_1_74' title='bbox 952 1138 1284 1208; x_wconf 78' lang='grc' dir='ltr'>οἰκτίρμων·</span> 
     </span>
    </p>
   </div>
   <div class='ocr_carea' id='block_1_12' title="bbox 233 1219 1461 1300">
    <p class='ocr_par' dir='ltr' id='par_1_12' title="bbox 233 1219 1461 1300">
     <span class='ocr_line' id='line_1_12' title="bbox 233 1219 1461 1300; baseline 0.009 -25"><span class='ocrx_word' id='word_1_75' title='bbox 233 1219 320 1275; x_wconf 89' lang='lat'><strong>87.</strong></span> <span class='ocrx_word' id='word_1_76' title='bbox 354 1224 468 1276; x_wconf 80' lang='lat' dir='ltr'><strong>Kal</strong></span> <span class='ocrx_word' id='word_1_77' title='bbox 497 1224 742 1279; x_wconf 83' lang='grc' dir='ltr'>ἱλάσεται</span> <span class='ocrx_word' id='word_1_78' title='bbox 773 1231 894 1290; x_wconf 87' lang='grc' dir='ltr'>ταῖς</span> <span class='ocrx_word' id='word_1_79' title='bbox 918 1229 1216 1300; x_wconf 82' lang='grc' dir='ltr'>ἁμαρτίαις</span> <span class='ocrx_word' id='word_1_80' title='bbox 1249 1232 1428 1286; x_wconf 76' lang='grc' dir='ltr'>αὐτῶν</span> <span class='ocrx_word' id='word_1_81' title='bbox 1448 1251 1461 1264; x_wconf 90' lang='grc'><strong>·</strong></span> 
     </span>
    </p>
   </div>
   <div class='ocr_carea' id='block_1_13' title="bbox 233 1309 899 1388">
    <p class='ocr_par' dir='ltr' id='par_1_13' title="bbox 233 1309 899 1388">
     <span class='ocr_line' id='line_1_13' title="bbox 233 1309 899 1388; baseline 0.008 -23"><span class='ocrx_word' id='word_1_82' title='bbox 233 1309 319 1365; x_wconf 87' lang='grc'><strong>88.</strong></span> <span class='ocrx_word' id='word_1_83' title='bbox 357 1314 470 1366; x_wconf 89' lang='lat' dir='ltr'><strong>Kal</strong></span> <span class='ocrx_word' id='word_1_84' title='bbox 501 1316 563 1366; x_wconf 84' lang='grc' dir='ltr'><strong>ού</strong></span> <span class='ocrx_word' id='word_1_85' title='bbox 599 1316 899 1388; x_wconf 76' lang='grc' dir='ltr'>διαφθερεῖ.</span> 
     </span>
    </p>
   </div>
   <div class='ocr_carea' id='block_1_14' title="bbox 231 1402 1751 1488">
    <p class='ocr_par' dir='ltr' id='par_1_14' title="bbox 231 1402 1751 1488">
     <span class='ocr_line' id='line_1_14' title="bbox 231 1402 1751 1488; baseline 0.008 -32"><span class='ocrx_word' id='word_1_86' title='bbox 231 1402 316 1456; x_wconf 88' lang='grc'><strong>89.</strong></span> <span class='ocrx_word' id='word_1_87' title='bbox 340 1406 451 1459; x_wconf 81' lang='lat' dir='ltr'><strong>Kal</strong></span> <span class='ocrx_word' id='word_1_88' title='bbox 471 1407 758 1479; x_wconf 79' lang='grc' dir='ltr'>πληθυνεῖ,</span> <span class='ocrx_word' id='word_1_89' title='bbox 782 1409 876 1463; x_wconf 78' lang='grc' dir='ltr'>τοῦ</span> <span class='ocrx_word' id='word_1_90' title='bbox 896 1412 1237 1485; x_wconf 61' lang='grc' dir='ltr'>ἀποστρέψαι</span> <span class='ocrx_word' id='word_1_91' title='bbox 1257 1415 1347 1468; x_wconf 86' lang='grc' dir='ltr'><strong>τὸν</strong></span> <span class='ocrx_word' id='word_1_92' title='bbox 1374 1416 1544 1488; x_wconf 85' lang='grc' dir='ltr'>θυμὸν</span> <span class='ocrx_word' id='word_1_93' title='bbox 1566 1417 1751 1469; x_wconf 78' lang='grc' dir='ltr'>αὐτοῦ·</span> 
     </span>
    </p>
   </div>
   <div class='ocr_carea' id='block_1_15' title="bbox 233 1494 1647 1582">
    <p class='ocr_par' dir='ltr' id='par_1_15' title="bbox 233 1494 1647 1582">
     <span class='ocr_line' id='line_1_15' title="bbox 233 1494 1647 1582; baseline 0.008 -30"><span class='ocrx_word' id='word_1_94' title='bbox 233 1494 317 1552; x_wconf 86' lang='grc'><strong>90.</strong></span> <span class='ocrx_word' id='word_1_95' title='bbox 350 1499 461 1552; x_wconf 87' lang='lat' dir='ltr'><strong>Kal</strong></span> <span class='ocrx_word' id='word_1_96' title='bbox 493 1502 616 1572; x_wconf 78' lang='grc' dir='ltr'>οὐχὶ</span> <span class='ocrx_word' id='word_1_97' title='bbox 650 1506 912 1559; x_wconf 82' lang='grc' dir='ltr'>ἐκκαύσει</span> <span class='ocrx_word' id='word_1_98' title='bbox 935 1509 1115 1560; x_wconf 79' lang='grc' dir='ltr'>πᾶσαν</span> <span class='ocrx_word' id='word_1_99' title='bbox 1142 1509 1238 1580; x_wconf 85' lang='grc' dir='ltr'>τὴν</span> <span class='ocrx_word' id='word_1_100' title='bbox 1267 1511 1434 1582; x_wconf 82' lang='grc' dir='ltr'>ὀργὴν</span> <span class='ocrx_word' id='word_1_101' title='bbox 1460 1511 1647 1565; x_wconf 69' lang='grc' dir='ltr'>αὑτοῦ.</span> 
     </span>
    </p>
   </div>
   <div class='ocr_carea' id='block_1_16' title="bbox 231 1583 1189 1667">
    <p class='ocr_par' dir='ltr' id='par_1_16' title="bbox 231 1583 1189 1667">
     <span class='ocr_line' id='line_1_16' title="bbox 231 1583 1189 1667; baseline 0.015 -30"><span class='ocrx_word' id='word_1_102' title='bbox 231 1583 317 1639; x_wconf 83' lang='lat' dir='ltr'><strong>9i.</strong></span> <span class='ocrx_word' id='word_1_103' title='bbox 346 1588 457 1642; x_wconf 87' lang='lat' dir='ltr'><strong>Kal</strong></span> <span class='ocrx_word' id='word_1_104' title='bbox 482 1593 754 1666; x_wconf 81' lang='grc' dir='ltr'>ἐμνήσθη,</span> <span class='ocrx_word' id='word_1_105' title='bbox 787 1597 871 1649; x_wconf 87' lang='grc' dir='ltr'>ὃτι</span> <span class='ocrx_word' id='word_1_106' title='bbox 900 1597 1036 1667; x_wconf 81' lang='grc' dir='ltr'>σάρξ</span> <span class='ocrx_word' id='word_1_107' title='bbox 1061 1600 1189 1665; x_wconf 85' lang='grc' dir='ltr'>εἱσι,</span> 
     </span>
    </p>
   </div>
   <div class='ocr_carea' id='block_1_17' title="bbox 233 1673 1641 1762">
    <p class='ocr_par' dir='ltr' id='par_1_17' title="bbox 233 1673 1641 1762">
     <span class='ocr_line' id='line_1_17' title="bbox 233 1673 1641 1762; baseline 0.011 -35"><span class='ocrx_word' id='word_1_108' title='bbox 233 1673 318 1728; x_wconf 67' lang='grc'>92.</span> <span class='ocrx_word' id='word_1_109' title='bbox 355 1678 588 1751; x_wconf 79' lang='grc' dir='ltr'>Πνεῦμα</span> <span class='ocrx_word' id='word_1_110' title='bbox 618 1686 1009 1756; x_wconf 81' lang='grc' dir='ltr'>πορευόμενον,</span> <span class='ocrx_word' id='word_1_111' title='bbox 1035 1688 1130 1741; x_wconf 75' lang='grc' dir='ltr'><strong>καὶ</strong></span> <span class='ocrx_word' id='word_1_112' title='bbox 1159 1688 1259 1742; x_wconf 77' lang='grc' dir='ltr'><strong>οὐκ</strong></span> <span class='ocrx_word' id='word_1_113' title='bbox 1297 1691 1641 1762; x_wconf 70' lang='grc' dir='ltr'>ἐπιστρέφον.</span> 
     </span>
    </p>
   </div>
   <div class='ocr_carea' id='block_1_18' title="bbox 233 1765 1664 1854">
    <p class='ocr_par' dir='ltr' id='par_1_18' title="bbox 233 1765 1664 1854">
     <span class='ocr_line' id='line_1_18' title="bbox 233 1765 1664 1854; baseline 0.012 -34"><span class='ocrx_word' id='word_1_114' title='bbox 233 1765 318 1822; x_wconf 89' lang='grc'><strong>95.</strong></span> <span class='ocrx_word' id='word_1_115' title='bbox 346 1772 594 1837; x_wconf 86' lang='grc' dir='ltr'>Ποσάκις</span> <span class='ocrx_word' id='word_1_116' title='bbox 632 1779 1053 1850; x_wconf 79' lang='grc' dir='ltr'>παρεπίκραναν</span> <span class='ocrx_word' id='word_1_117' title='bbox 1077 1781 1238 1833; x_wconf 77' lang='grc' dir='ltr'>αὑτὸν</span> <span class='ocrx_word' id='word_1_118' title='bbox 1271 1783 1328 1834; x_wconf 85' lang='grc' dir='ltr'><strong>ἐν</strong></span> <span class='ocrx_word' id='word_1_119' title='bbox 1351 1785 1415 1853; x_wconf 84' lang='grc' dir='ltr'>τῇ</span> <span class='ocrx_word' id='word_1_120' title='bbox 1439 1783 1664 1854; x_wconf 68' lang='grc' dir='ltr'>ἐρήμῳς</span> 
     </span>
    </p>
   </div>
   <div class='ocr_carea' id='block_1_19' title="bbox 235 1856 1510 1944">
    <p class='ocr_par' dir='ltr' id='par_1_19' title="bbox 235 1856 1510 1944">
     <span class='ocr_line' id='line_1_19' title="bbox 235 1856 1510 1944; baseline 0.022 -34"><span class='ocrx_word' id='word_1_121' title='bbox 235 1856 317 1912; x_wconf 65' lang='grc'><strong>94.</strong></span> <span class='ocrx_word' id='word_1_122' title='bbox 347 1861 716 1934; x_wconf 84' lang='grc' dir='ltr'>Παρώργισαν</span> <span class='ocrx_word' id='word_1_123' title='bbox 744 1869 905 1922; x_wconf 74' lang='grc' dir='ltr'>αὑτὸν</span> <span class='ocrx_word' id='word_1_124' title='bbox 940 1872 998 1923; x_wconf 85' lang='grc' dir='ltr'><strong>ἐν</strong></span> <span class='ocrx_word' id='word_1_125' title='bbox 1041 1874 1110 1942; x_wconf 82' lang='grc' dir='ltr'><strong>γῇ</strong></span> <span class='ocrx_word' id='word_1_126' title='bbox 1143 1872 1214 1943; x_wconf 71' lang='grc' dir='ltr'>(ὁ)</span> <span class='ocrx_word' id='word_1_127' title='bbox 1253 1871 1467 1944; x_wconf 78' lang='grc' dir='ltr'>ἀνύδρῳ</span> <span class='ocrx_word' id='word_1_128' title='bbox 1497 1891 1510 1938; x_wconf 72' lang='grc' dir='ltr'><strong><em>ἱ</em></strong></span> 
     </span>
    </p>
   </div>
   <div class='ocr_carea' id='block_1_20' title="bbox 235 2042 1648 2120">
    <p class='ocr_par' dir='ltr' id='par_1_20' title="bbox 235 2042 1648 2120">
     <span class='ocr_line' id='line_1_20' title="bbox 235 2042 1648 2120; baseline 0.006 -24"><span class='ocrx_word' id='word_1_129' title='bbox 235 2042 320 2097; x_wconf 88' lang='grc'><strong>95.</strong></span> <span class='ocrx_word' id='word_1_130' title='bbox 351 2045 463 2097; x_wconf 91' lang='lat' dir='ltr'><strong>Kal</strong></span> <span class='ocrx_word' id='word_1_131' title='bbox 498 2043 867 2114; x_wconf 73' lang='grc' dir='ltr'>ἐπέστρεψαν,</span> <span class='ocrx_word' id='word_1_132' title='bbox 906 2048 1001 2100; x_wconf 72' lang='grc' dir='ltr'><strong>καὶ</strong></span> <span class='ocrx_word' id='word_1_133' title='bbox 1040 2048 1339 2120; x_wconf 83' lang='grc' dir='ltr'>ἐπείρασαν</span> <span class='ocrx_word' id='word_1_134' title='bbox 1367 2050 1458 2103; x_wconf 79' lang='grc' dir='ltr'><strong>τὸν</strong></span> <span class='ocrx_word' id='word_1_135' title='bbox 1479 2051 1610 2104; x_wconf 84' lang='grc' dir='ltr'><strong>Θεὸν</strong></span> <span class='ocrx_word' id='word_1_136' title='bbox 1635 2069 1648 2082; x_wconf 73' lang='grc' dir='ltr'><strong>ο</strong></span> 
     </span>
    </p>
   </div>
   <div class='ocr_carea' id='block_1_21' title="bbox 235 2132 1579 2212">
    <p class='ocr_par' dir='ltr' id='par_1_21' title="bbox 235 2132 1579 2212">
     <span class='ocr_line' id='line_1_21' title="bbox 235 2132 1579 2212; baseline 0.005 -25"><span class='ocrx_word' id='word_1_137' title='bbox 235 2132 318 2188; x_wconf 85' lang='grc'>96.</span> <span class='ocrx_word' id='word_1_138' title='bbox 349 2136 461 2188; x_wconf 89' lang='lat' dir='ltr'><strong>Kal</strong></span> <span class='ocrx_word' id='word_1_139' title='bbox 490 2136 584 2189; x_wconf 82' lang='grc' dir='ltr'><strong>τὸν</strong></span> <span class='ocrx_word' id='word_1_140' title='bbox 609 2137 799 2205; x_wconf 77' lang='grc' dir='ltr'>’Ἂγιον</span> <span class='ocrx_word' id='word_1_141' title='bbox 843 2138 937 2190; x_wconf 74' lang='grc' dir='ltr'>τοῦ</span> <span class='ocrx_word' id='word_1_142' title='bbox 981 2140 1198 2211; x_wconf 76' lang='grc' dir='ltr'>Ἰσραὴλ</span> <span class='ocrx_word' id='word_1_143' title='bbox 1232 2141 1579 2212; x_wconf 80' lang='grc' dir='ltr'>παρώξυναν.</span> 
     </span>
    </p>
   </div>
   <div class='ocr_carea' id='block_1_22' title="bbox 234 2218 1625 2303">
    <p class='ocr_par' dir='ltr' id='par_1_22' title="bbox 234 2218 1625 2303">
     <span class='ocr_line' id='line_1_22' title="bbox 234 2218 1625 2303; baseline 0.006 -26"><span class='ocrx_word' id='word_1_144' title='bbox 234 2218 319 2278; x_wconf 83' lang='grc'>97.</span> <span class='ocrx_word' id='word_1_145' title='bbox 356 2227 469 2278; x_wconf 84' lang='lat' dir='ltr'><strong>Kal</strong></span> <span class='ocrx_word' id='word_1_146' title='bbox 501 2227 576 2296; x_wconf 82' lang='grc' dir='ltr'>(ε)</span> <span class='ocrx_word' id='word_1_147' title='bbox 604 2228 702 2280; x_wconf 77' lang='grc' dir='ltr'><strong>οὐκ</strong></span> <span class='ocrx_word' id='word_1_148' title='bbox 722 2229 1074 2300; x_wconf 84' lang='grc' dir='ltr'>ἐμνήσθησαν</span> <span class='ocrx_word' id='word_1_149' title='bbox 1104 2232 1203 2301; x_wconf 79' lang='grc' dir='ltr'>τῆς</span> <span class='ocrx_word' id='word_1_150' title='bbox 1223 2233 1403 2303; x_wconf 79' lang='grc' dir='ltr'>χειρὸς</span> <span class='ocrx_word' id='word_1_151' title='bbox 1438 2232 1625 2296; x_wconf 77' lang='grc' dir='ltr'>αὑτοῦ,</span> 
     </span>
    </p>
   </div>
   <div class='ocr_carea' id='block_1_23' title="bbox 234 2316 1753 2397">
    <p class='ocr_par' dir='ltr' id='par_1_23' title="bbox 234 2316 1753 2397">
     <span class='ocr_line' id='line_1_23' title="bbox 234 2316 1753 2397; baseline 0.011 -26"><span class='ocrx_word' id='word_1_152' title='bbox 234 2316 318 2372; x_wconf 90' lang='grc'><strong>98.</strong></span> <span class='ocrx_word' id='word_1_153' title='bbox 367 2319 635 2392; x_wconf 78' lang='grc' dir='ltr'>Ἡμέρας,</span> <span class='ocrx_word' id='word_1_154' title='bbox 660 2317 728 2391; x_wconf 80' lang='grc' dir='ltr'>ἦς</span> <span class='ocrx_word' id='word_1_155' title='bbox 760 2320 1104 2393; x_wconf 84' lang='grc' dir='ltr'>ἐλυτρὼσατο</span> <span class='ocrx_word' id='word_1_156' title='bbox 1128 2324 1324 2386; x_wconf 79' lang='grc' dir='ltr'>αὐτοὺς</span> <span class='ocrx_word' id='word_1_157' title='bbox 1353 2323 1430 2392; x_wconf 84' lang='lat' dir='ltr'><strong>(d)</strong></span> <span class='ocrx_word' id='word_1_158' title='bbox 1466 2326 1530 2377; x_wconf 65' lang='grc' dir='ltr'><strong>ὲκ</strong></span> <span class='ocrx_word' id='word_1_159' title='bbox 1573 2326 1753 2397; x_wconf 75' lang='grc' dir='ltr'>χειρὸς</span> 
     </span>
    </p>
   </div>
   <div class='ocr_carea' id='block_1_24' title="bbox 173 2407 456 2475">
    <p class='ocr_par' dir='ltr' id='par_1_24' title="bbox 173 2407 456 2475">
     <span class='ocr_line' id='line_1_24' title="bbox 173 2407 456 2475; baseline 0.018 -14"><span class='ocrx_word' id='word_1_160' title='bbox 173 2407 456 2475; x_wconf 80' lang='grc' dir='ltr'>θλίϐοντος.</span> 
     </span>
    </p>
   </div>
   <div class='ocr_carea' id='block_1_25' title="bbox 235 2541 1393 2690">
    <p class='ocr_par' dir='ltr' id='par_1_25' title="bbox 235 2541 1393 2690">
     <span class='ocr_line' id='line_1_25' title="bbox 235 2541 882 2678; baseline 0.006 -83"><span class='ocrx_word' id='word_1_161' title='bbox 235 2541 308 2678; x_wconf 65' lang='grc' dir='ltr'>(α)</span> <span class='ocrx_word' id='word_1_162' title='bbox 342 2545 474 2615; x_wconf 84' lang='grc' dir='ltr'>Γάρ.</span> <span class='ocrx_word' id='word_1_163' title='bbox 508 2549 568 2600; x_wconf 84' lang='lat' dir='ltr'><strong>In</strong></span> <span class='ocrx_word' id='word_1_164' title='bbox 597 2562 769 2615; x_wconf 79' lang='lat' dir='ltr'><strong>marg.</strong></span> <span class='ocrx_word' id='word_1_165' title='bbox 802 2546 882 2600; x_wconf 85' lang='grc' dir='ltr'>δέ.</span> 
     </span>
     <span class='ocr_line' id='line_1_26' title="bbox 235 2614 1393 2690; baseline 0.005 -24"><span class='ocrx_word' id='word_1_166' title='bbox 235 2615 298 2690; x_wconf 34' lang='grc' dir='ltr'><strong>(ὁ.</strong></span> <span class='ocrx_word' id='word_1_167' title='bbox 436 2619 600 2690; x_wconf 83' lang='lat' dir='ltr'><strong>deest</strong></span> <span class='ocrx_word' id='word_1_168' title='bbox 623 2618 678 2690; x_wconf 84' lang='lat' dir='ltr'><strong>in</strong></span> <span class='ocrx_word' id='word_1_169' title='bbox 711 2628 886 2690; x_wconf 76' lang='lat' dir='ltr'><strong>textu;</strong></span> <span class='ocrx_word' id='word_1_170' title='bbox 912 2625 968 2670; x_wconf 90' lang='lat' dir='ltr'><strong>at</strong></span> <span class='ocrx_word' id='word_1_171' title='bbox 996 2617 1100 2687; x_wconf 84' lang='lat' dir='ltr'><strong>leg.</strong></span> <span class='ocrx_word' id='word_1_172' title='bbox 1136 2619 1189 2671; x_wconf 93' lang='lat' dir='ltr'><strong>in</strong></span> <span class='ocrx_word' id='word_1_173' title='bbox 1223 2635 1393 2690; x_wconf 83' lang='lat' dir='ltr'><strong>marg.</strong></span> 
     </span>
    </p>
   </div>
   <div class='ocr_carea' id='block_1_26' title="bbox 234 2681 838 2756">
    <p class='ocr_par' dir='ltr' id='par_1_26' title="bbox 234 2681 838 2756">
     <span class='ocr_line' id='line_1_27' title="bbox 234 2681 838 2756; baseline 0.002 -17"><span class='ocrx_word' id='word_1_174' title='bbox 234 2681 305 2756; x_wconf 69' lang='grc' dir='ltr'>(ιε)</span> <span class='ocrx_word' id='word_1_175' title='bbox 337 2681 445 2737; x_wconf 77' lang='lat' dir='ltr'><em>Kal</em></span> <span class='ocrx_word' id='word_1_176' title='bbox 478 2703 589 2740; x_wconf 87' lang='lat' dir='ltr'><strong>non</strong></span> <span class='ocrx_word' id='word_1_177' title='bbox 622 2687 838 2756; x_wconf 76' lang='lat' dir='ltr'><strong>legitur.</strong></span> 
     </span>
    </p>
   </div>
   <div class='ocr_carea' id='block_1_27' title="bbox 342 2545 882 2615">
    <p class='ocr_par' dir='ltr' id='par_1_27' title="bbox 342 2545 882 2615">
     <span class='ocr_line' id='line_1_28' title="bbox 342 2545 882 2615; baseline 0.006 -19"><span class='ocrx_word' id='word_1_178' title='bbox 342 2545 474 2615; x_wconf 83' lang='grc' dir='ltr'><strong>Γάρ.</strong></span> <span class='ocrx_word' id='word_1_179' title='bbox 508 2549 568 2600; x_wconf 85' lang='grc' dir='ltr'>1η</span> <span class='ocrx_word' id='word_1_180' title='bbox 597 2562 769 2615; x_wconf 79' lang='lat' dir='ltr'><strong>marg.</strong></span> <span class='ocrx_word' id='word_1_181' title='bbox 802 2546 882 2600; x_wconf 85' lang='grc' dir='ltr'>δέ.</span> 
     </span>
    </p>
   </div>
   <div class='ocr_carea' id='block_1_28' title="bbox 1862 602 2096 642">
    <p class='ocr_par' dir='ltr' id='par_1_28' title="bbox 1862 602 2096 642">
     <span class='ocr_line' id='line_1_29' title="bbox 1862 602 2096 642; baseline -0.009 0"><span class='ocrx_word' id='word_1_182' title='bbox 1862 602 1991 642; x_wconf 73' lang='grc'><strong>801⁸1]</strong></span> <span class='ocrx_word' id='word_1_183' title='bbox 2000 603 2050 640; x_wconf 93' lang='lat' dir='ltr'><strong>m</strong></span> <span class='ocrx_word' id='word_1_184' title='bbox 2082 608 2096 641; x_wconf 76' lang='grc' dir='ltr'><strong>ε</strong></span> 
     </span>
    </p>
   </div>
   <div class='ocr_carea' id='block_1_29' title="bbox 1932 677 3286 750">
    <p class='ocr_par' dir='ltr' id='par_1_29' title="bbox 1932 677 3286 750">
     <span class='ocr_line' id='line_1_30' title="bbox 1932 677 3286 750; baseline 0.003 -17"><span class='ocrx_word' id='word_1_185' title='bbox 1932 681 2020 734; x_wconf 83' lang='grc'>81.</span> <span class='ocrx_word' id='word_1_186' title='bbox 2059 679 2124 735; x_wconf 84' lang='grc' dir='ltr'>Ει</span> <span class='ocrx_word' id='word_1_187' title='bbox 2170 679 2313 735; x_wconf 86' lang='lat' dir='ltr'><strong>Deus</strong></span> <span class='ocrx_word' id='word_1_188' title='bbox 2341 680 2591 735; x_wconf 86' lang='lat' dir='ltr'><strong>excelsus</strong></span> <span class='ocrx_word' id='word_1_189' title='bbox 2621 680 2930 750; x_wconf 75' lang='lat' dir='ltr'><strong>redemptor</strong></span> <span class='ocrx_word' id='word_1_190' title='bbox 2951 695 3137 736; x_wconf 89' lang='lat' dir='ltr'><strong>eorum</strong></span> <span class='ocrx_word' id='word_1_191' title='bbox 3168 677 3286 737; x_wconf 49' lang='lat' dir='ltr'><strong>est.&quot;</strong></span> 
     </span>
    </p>
   </div>
   <div class='ocr_carea' id='block_1_30' title="bbox 1931 770 2956 828">
    <p class='ocr_par' dir='ltr' id='par_1_30' title="bbox 1931 770 2956 828">
     <span class='ocr_line' id='line_1_31' title="bbox 1931 770 2956 828; baseline 0.002 -3"><span class='ocrx_word' id='word_1_192' title='bbox 1931 770 2019 825; x_wconf 74' lang='lat'><strong>89..</strong></span> <span class='ocrx_word' id='word_1_193' title='bbox 2051 771 2115 824; x_wconf 83' lang='lat' dir='ltr'><strong>Et</strong></span> <span class='ocrx_word' id='word_1_194' title='bbox 2138 772 2446 826; x_wconf 84' lang='lat' dir='ltr'><strong>dilexerunt</strong></span> <span class='ocrx_word' id='word_1_195' title='bbox 2467 788 2589 828; x_wconf 90' lang='lat' dir='ltr'><strong>eum</strong></span> <span class='ocrx_word' id='word_1_196' title='bbox 2616 773 2669 826; x_wconf 94' lang='lat' dir='ltr'><strong>in</strong></span> <span class='ocrx_word' id='word_1_197' title='bbox 2697 788 2790 826; x_wconf 91' lang='lat' dir='ltr'><strong>ore</strong></span> <span class='ocrx_word' id='word_1_198' title='bbox 2817 787 2918 827; x_wconf 89' lang='lat' dir='ltr'><strong>suo</strong></span> <span class='ocrx_word' id='word_1_199' title='bbox 2943 792 2956 827; x_wconf 85' lang='lat'><strong>;</strong></span> 
     </span>
    </p>
   </div>
   <div class='ocr_carea' id='block_1_31' title="bbox 1927 864 2953 934">
    <p class='ocr_par' dir='ltr' id='par_1_31' title="bbox 1927 864 2953 934">
     <span class='ocr_line' id='line_1_32' title="bbox 1927 864 2953 934; baseline -0.001 -15"><span class='ocrx_word' id='word_1_200' title='bbox 1927 865 2017 919; x_wconf 88' lang='grc'><strong>85.</strong></span> <span class='ocrx_word' id='word_1_201' title='bbox 2056 864 2119 917; x_wconf 84' lang='grc' dir='ltr'>Ει</span> <span class='ocrx_word' id='word_1_202' title='bbox 2149 865 2334 934; x_wconf 81' lang='lat' dir='ltr'><strong>lingua</strong></span> <span class='ocrx_word' id='word_1_203' title='bbox 2365 882 2462 920; x_wconf 91' lang='lat' dir='ltr'><strong>sua</strong></span> <span class='ocrx_word' id='word_1_204' title='bbox 2490 865 2702 920; x_wconf 87' lang='lat' dir='ltr'><strong>mentiti</strong></span> <span class='ocrx_word' id='word_1_205' title='bbox 2734 874 2862 920; x_wconf 91' lang='lat' dir='ltr'><strong>sunt</strong></span> <span class='ocrx_word' id='word_1_206' title='bbox 2884 866 2953 920; x_wconf 92' lang='lat' dir='ltr'><strong>ci.</strong></span> 
     </span>
    </p>
   </div>
   <div class='ocr_carea' id='block_1_32' title="bbox 1929 956 3268 1016">
    <p class='ocr_par' dir='ltr' id='par_1_32' title="bbox 1929 956 3268 1016">
     <span class='ocr_line' id='line_1_33' title="bbox 1929 956 3268 1016; baseline 0.004 -6"><span class='ocrx_word' id='word_1_207' title='bbox 1929 957 2018 1010; x_wconf 65' lang='grc'>84.</span> <span class='ocrx_word' id='word_1_208' title='bbox 2048 956 2156 1010; x_wconf 85' lang='lat' dir='ltr'><strong>Cor</strong></span> <span class='ocrx_word' id='word_1_209' title='bbox 2177 967 2358 1010; x_wconf 85' lang='lat' dir='ltr'><strong>autent</strong></span> <span class='ocrx_word' id='word_1_210' title='bbox 2397 971 2587 1010; x_wconf 93' lang='lat' dir='ltr'><strong>eorum</strong></span> <span class='ocrx_word' id='word_1_211' title='bbox 2625 973 2732 1011; x_wconf 90' lang='lat' dir='ltr'><strong>non</strong></span> <span class='ocrx_word' id='word_1_212' title='bbox 2767 969 2975 1013; x_wconf 89' lang='lat' dir='ltr'><strong>rectum</strong></span> <span class='ocrx_word' id='word_1_213' title='bbox 3011 976 3134 1014; x_wconf 86' lang='lat' dir='ltr'><strong>cum</strong></span> <span class='ocrx_word' id='word_1_214' title='bbox 3165 977 3268 1016; x_wconf 88' lang='lat' dir='ltr'><strong>eo:</strong></span> 
     </span>
    </p>
   </div>
   <div class='ocr_carea' id='block_1_33' title="bbox 1929 1047 3394 1123">
    <p class='ocr_par' dir='ltr' id='par_1_33' title="bbox 1929 1047 3394 1123">
     <span class='ocr_line' id='line_1_34' title="bbox 1929 1047 3394 1123; baseline 0.004 -23"><span class='ocrx_word' id='word_1_215' title='bbox 1929 1047 2018 1102; x_wconf 90' lang='grc'><strong>85.</strong></span> <span class='ocrx_word' id='word_1_216' title='bbox 2050 1047 2160 1102; x_wconf 84' lang='lat' dir='ltr'><strong>Nec</strong></span> <span class='ocrx_word' id='word_1_217' title='bbox 2196 1047 2384 1101; x_wconf 89' lang='lat' dir='ltr'><strong>tideles</strong></span> <span class='ocrx_word' id='word_1_218' title='bbox 2423 1048 2594 1102; x_wconf 86' lang='lat' dir='ltr'><strong>habiti</strong></span> <span class='ocrx_word' id='word_1_219' title='bbox 2632 1059 2762 1104; x_wconf 94' lang='lat' dir='ltr'><strong>sunt</strong></span> <span class='ocrx_word' id='word_1_220' title='bbox 2794 1051 2846 1104; x_wconf 89' lang='lat' dir='ltr'><strong>in</strong></span> <span class='ocrx_word' id='word_1_221' title='bbox 2877 1051 3230 1110; x_wconf 85' lang='lat' dir='ltr'><strong>Testamento</strong></span> <span class='ocrx_word' id='word_1_222' title='bbox 3257 1053 3394 1123; x_wconf 79' lang='lat' dir='ltr'><strong>ejus.</strong></span> 
     </span>
    </p>
   </div>
   <div class='ocr_carea' id='block_1_34' title="bbox 1926 1137 2870 1206">
    <p class='ocr_par' dir='ltr' id='par_1_34' title="bbox 1926 1137 2870 1206">
     <span class='ocr_line' id='line_1_35' title="bbox 1926 1137 2870 1206; baseline 0.007 -15"><span class='ocrx_word' id='word_1_223' title='bbox 1926 1137 2015 1191; x_wconf 90' lang='lat'><strong>86.</strong></span> <span class='ocrx_word' id='word_1_224' title='bbox 2052 1138 2172 1206; x_wconf 90' lang='lat' dir='ltr'><strong>Ipse</strong></span> <span class='ocrx_word' id='word_1_225' title='bbox 2201 1147 2381 1193; x_wconf 88' lang='lat' dir='ltr'><strong>autem</strong></span> <span class='ocrx_word' id='word_1_226' title='bbox 2414 1148 2497 1193; x_wconf 81' lang='lat' dir='ltr'><strong>est</strong></span> <span class='ocrx_word' id='word_1_227' title='bbox 2523 1139 2870 1197; x_wconf 84' lang='lat' dir='ltr'><strong>misericors:</strong></span> 
     </span>
    </p>
   </div>
   <div class='ocr_carea' id='block_1_35' title="bbox 1927 1227 3069 1299">
    <p class='ocr_par' dir='ltr' id='par_1_35' title="bbox 1927 1227 3069 1299">
     <span class='ocr_line' id='line_1_36' title="bbox 1927 1227 3069 1299; baseline 0.006 -17"><span class='ocrx_word' id='word_1_228' title='bbox 1927 1227 2016 1282; x_wconf 80' lang='grc'>87.</span> <span class='ocrx_word' id='word_1_229' title='bbox 2055 1227 2120 1281; x_wconf 85' lang='grc' dir='ltr'>Ει</span> <span class='ocrx_word' id='word_1_230' title='bbox 2153 1229 2423 1299; x_wconf 90' lang='lat' dir='ltr'><strong>propitius</strong></span> <span class='ocrx_word' id='word_1_231' title='bbox 2452 1229 2543 1284; x_wconf 85' lang='lat' dir='ltr'><strong>ﬁet</strong></span> <span class='ocrx_word' id='word_1_232' title='bbox 2566 1232 2807 1298; x_wconf 76' lang='lat' dir='ltr'><strong>peccatis</strong></span> <span class='ocrx_word' id='word_1_233' title='bbox 2835 1248 3026 1288; x_wconf 87' lang='lat' dir='ltr'><strong>eorum</strong></span> <span class='ocrx_word' id='word_1_234' title='bbox 3054 1251 3069 1288; x_wconf 87' lang='lat'><strong>:</strong></span> 
     </span>
    </p>
   </div>
   <div class='ocr_carea' id='block_1_36' title="bbox 1926 1319 2571 1392">
    <p class='ocr_par' dir='ltr' id='par_1_36' title="bbox 1926 1319 2571 1392">
     <span class='ocr_line' id='line_1_37' title="bbox 1926 1319 2571 1392; baseline 0.009 -19"><span class='ocrx_word' id='word_1_235' title='bbox 1926 1319 2016 1375; x_wconf 90' lang='lat'><strong>88.</strong></span> <span class='ocrx_word' id='word_1_236' title='bbox 2047 1319 2114 1375; x_wconf 89' lang='lat' dir='ltr'><strong>Et</strong></span> <span class='ocrx_word' id='word_1_237' title='bbox 2141 1335 2249 1374; x_wconf 91' lang='lat' dir='ltr'><strong>non</strong></span> <span class='ocrx_word' id='word_1_238' title='bbox 2275 1322 2571 1392; x_wconf 85' lang='lat' dir='ltr'><strong>disperdet.</strong></span> 
     </span>
    </p>
   </div>
   <div class='ocr_carea' id='block_1_37' title="bbox 1926 1411 3262 1480">
    <p class='ocr_par' dir='ltr' id='par_1_37' title="bbox 1926 1411 3262 1480">
     <span class='ocr_line' id='line_1_38' title="bbox 1926 1411 3262 1480; baseline 0.007 -14"><span class='ocrx_word' id='word_1_239' title='bbox 1926 1411 2015 1467; x_wconf 87' lang='lat'><strong>89.</strong></span> <span class='ocrx_word' id='word_1_240' title='bbox 2051 1411 2117 1466; x_wconf 83' lang='lat' dir='ltr'><strong>Et</strong></span> <span class='ocrx_word' id='word_1_241' title='bbox 2150 1413 2472 1480; x_wconf 88' lang='lat' dir='ltr'><strong>abundabit,</strong></span> <span class='ocrx_word' id='word_1_242' title='bbox 2509 1425 2569 1470; x_wconf 91' lang='lat' dir='ltr'><strong>ut</strong></span> <span class='ocrx_word' id='word_1_243' title='bbox 2603 1427 2874 1474; x_wconf 80' lang='lat' dir='ltr'><strong>averteret</strong></span> <span class='ocrx_word' id='word_1_244' title='bbox 2900 1421 3037 1474; x_wconf 90' lang='lat' dir='ltr'><strong>iram</strong></span> <span class='ocrx_word' id='word_1_245' title='bbox 3065 1437 3219 1475; x_wconf 83' lang='lat' dir='ltr'><strong>suam</strong></span> <span class='ocrx_word' id='word_1_246' title='bbox 3244 1440 3262 1477; x_wconf 87' lang='lat'><strong>:</strong></span> 
     </span>
    </p>
   </div>
   <div class='ocr_carea' id='block_1_38' title="bbox 1927 1501 3160 1568">
    <p class='ocr_par' dir='ltr' id='par_1_38' title="bbox 1927 1501 3160 1568">
     <span class='ocr_line' id='line_1_39' title="bbox 1927 1501 3160 1568; baseline 0.01 -12"><span class='ocrx_word' id='word_1_247' title='bbox 1927 1501 2015 1556; x_wconf 90' lang='lat'><strong>90.</strong></span> <span class='ocrx_word' id='word_1_248' title='bbox 2052 1501 2117 1557; x_wconf 89' lang='lat' dir='ltr'><strong>Et</strong></span> <span class='ocrx_word' id='word_1_249' title='bbox 2144 1520 2252 1558; x_wconf 89' lang='lat' dir='ltr'><strong>non</strong></span> <span class='ocrx_word' id='word_1_250' title='bbox 2282 1507 2543 1562; x_wconf 86' lang='lat' dir='ltr'><strong>accendet</strong></span> <span class='ocrx_word' id='word_1_251' title='bbox 2570 1523 2789 1564; x_wconf 89' lang='lat' dir='ltr'><strong>omnem</strong></span> <span class='ocrx_word' id='word_1_252' title='bbox 2813 1511 2947 1565; x_wconf 89' lang='lat' dir='ltr'><strong>iram</strong></span> <span class='ocrx_word' id='word_1_253' title='bbox 2983 1528 3160 1568; x_wconf 88' lang='lat' dir='ltr'><strong>suam.</strong></span> 
     </span>
    </p>
   </div>
   <div class='ocr_carea' id='block_1_39' title="bbox 1925 1594 3113 1671">
    <p class='ocr_par' dir='ltr' id='par_1_39' title="bbox 1925 1594 3113 1671">
     <span class='ocr_line' id='line_1_40' title="bbox 1925 1594 3113 1671; baseline 0.008 -22"><span class='ocrx_word' id='word_1_254' title='bbox 1925 1594 2014 1651; x_wconf 86' lang='lat'><strong>9|.</strong></span> <span class='ocrx_word' id='word_1_255' title='bbox 2051 1594 2114 1649; x_wconf 93' lang='lat' dir='ltr'><strong>Et</strong></span> <span class='ocrx_word' id='word_1_256' title='bbox 2141 1599 2467 1655; x_wconf 75' lang='lat' dir='ltr'><strong>recordatus</strong></span> <span class='ocrx_word' id='word_1_257' title='bbox 2490 1611 2602 1666; x_wconf 87' lang='lat' dir='ltr'><strong>est,</strong></span> <span class='ocrx_word' id='word_1_258' title='bbox 2630 1602 2759 1671; x_wconf 86' lang='lat' dir='ltr'><strong>quia</strong></span> <span class='ocrx_word' id='word_1_259' title='bbox 2791 1618 2922 1658; x_wconf 89' lang='lat' dir='ltr'><strong>caro</strong></span> <span class='ocrx_word' id='word_1_260' title='bbox 2955 1613 3113 1670; x_wconf 88' lang='lat' dir='ltr'><strong>sunt,</strong></span> 
     </span>
    </p>
   </div>
   <div class='ocr_carea' id='block_1_40' title="bbox 1927 1685 3010 1757">
    <p class='ocr_par' dir='ltr' id='par_1_40' title="bbox 1927 1685 3010 1757">
     <span class='ocr_line' id='line_1_41' title="bbox 1927 1685 3010 1757; baseline 0.009 -19"><span class='ocrx_word' id='word_1_261' title='bbox 1927 1685 2015 1740; x_wconf 71' lang='lat'>9:2.</span> <span class='ocrx_word' id='word_1_262' title='bbox 2048 1688 2284 1757; x_wconf 82' lang='lat' dir='ltr'><strong>Spiritus</strong></span> <span class='ocrx_word' id='word_1_263' title='bbox 2311 1690 2537 1754; x_wconf 84' lang='lat' dir='ltr'><strong>vadens,</strong></span> <span class='ocrx_word' id='word_1_264' title='bbox 2563 1702 2616 1746; x_wconf 91' lang='lat' dir='ltr'><strong>et</strong></span> <span class='ocrx_word' id='word_1_265' title='bbox 2640 1709 2746 1747; x_wconf 93' lang='lat' dir='ltr'><strong>non</strong></span> <span class='ocrx_word' id='word_1_266' title='bbox 2776 1696 3010 1750; x_wconf 90' lang='lat' dir='ltr'><strong>rediens.</strong></span> 
     </span>
    </p>
   </div>
   <div class='ocr_carea' id='block_1_41' title="bbox 1925 1776 3299 1843">
    <p class='ocr_par' dir='ltr' id='par_1_41' title="bbox 1925 1776 3299 1843">
     <span class='ocr_line' id='line_1_42' title="bbox 1925 1776 3299 1843; baseline 0.009 -14"><span class='ocrx_word' id='word_1_267' title='bbox 1925 1776 2014 1830; x_wconf 80' lang='lat'><strong>95.</strong></span> <span class='ocrx_word' id='word_1_268' title='bbox 2048 1776 2272 1843; x_wconf 77' lang='lat' dir='ltr'><strong>Quoties</strong></span> <span class='ocrx_word' id='word_1_269' title='bbox 2295 1784 2764 1839; x_wconf 81' lang='lat' dir='ltr'><strong>exacerbaverunt</strong></span> <span class='ocrx_word' id='word_1_270' title='bbox 2801 1801 2925 1841; x_wconf 90' lang='lat' dir='ltr'><strong>eum</strong></span> <span class='ocrx_word' id='word_1_271' title='bbox 2958 1788 3014 1840; x_wconf 90' lang='lat' dir='ltr'><strong>in</strong></span> <span class='ocrx_word' id='word_1_272' title='bbox 3046 1787 3299 1842; x_wconf 75' lang='lat' dir='ltr'><strong>deserto?</strong></span> 
     </span>
    </p>
   </div>
   <div class='ocr_carea' id='block_1_42' title="bbox 1929 1867 3437 1934">
    <p class='ocr_par' dir='ltr' id='par_1_42' title="bbox 1929 1867 3437 1934">
     <span class='ocr_line' id='line_1_43' title="bbox 1929 1867 3437 1934; baseline 0.009 -14"><span class='ocrx_word' id='word_1_273' title='bbox 1929 1867 2018 1921; x_wconf 77' lang='grc'>94.</span> <span class='ocrx_word' id='word_1_274' title='bbox 2063 1871 2120 1922; x_wconf 86' lang='lat' dir='ltr'><strong>in</strong></span> <span class='ocrx_word' id='word_1_275' title='bbox 2189 1871 2322 1926; x_wconf 87' lang='lat' dir='ltr'><strong>iram</strong></span> <span class='ocrx_word' id='word_1_276' title='bbox 2402 1876 2814 1932; x_wconf 82' lang='lat' dir='ltr'><strong>concitaverunt</strong></span> <span class='ocrx_word' id='word_1_277' title='bbox 2867 1894 2992 1932; x_wconf 91' lang='lat' dir='ltr'><strong>eum</strong></span> <span class='ocrx_word' id='word_1_278' title='bbox 3045 1879 3100 1932; x_wconf 90' lang='lat' dir='ltr'><strong>in</strong></span> <span class='ocrx_word' id='word_1_279' title='bbox 3152 1889 3292 1934; x_wconf 90' lang='lat' dir='ltr'><strong>terra</strong></span> <span class='ocrx_word' id='word_1_280' title='bbox 3352 1881 3437 1934; x_wconf 86' lang='lat' dir='ltr'><strong>in-</strong></span> 
     </span>
    </p>
   </div>
   <div class='ocr_carea' id='block_1_43' title="bbox 1861 1963 2108 2029">
    <p class='ocr_par' dir='ltr' id='par_1_43' title="bbox 1861 1963 2108 2029">
     <span class='ocr_line' id='line_1_44' title="bbox 1861 1963 2108 2029; baseline 0.016 -17"><span class='ocrx_word' id='word_1_281' title='bbox 1861 1963 2108 2029; x_wconf 77' lang='lat' dir='ltr'><strong>aquosa?</strong></span> 
     </span>
    </p>
   </div>
   <div class='ocr_carea' id='block_1_44' title="bbox 1929 2055 3291 2130">
    <p class='ocr_par' dir='ltr' id='par_1_44' title="bbox 1929 2055 3291 2130">
     <span class='ocr_line' id='line_1_45' title="bbox 1929 2055 3291 2130; baseline 0.01 -21"><span class='ocrx_word' id='word_1_282' title='bbox 1929 2055 2018 2110; x_wconf 83' lang='lat'><strong>95.</strong></span> <span class='ocrx_word' id='word_1_283' title='bbox 2054 2057 2121 2110; x_wconf 90' lang='lat' dir='ltr'><strong>Et</strong></span> <span class='ocrx_word' id='word_1_284' title='bbox 2155 2061 2404 2117; x_wconf 88' lang='lat' dir='ltr'><strong>conversi</strong></span> <span class='ocrx_word' id='word_1_285' title='bbox 2428 2071 2574 2130; x_wconf 91' lang='lat' dir='ltr'><strong>sunt,</strong></span> <span class='ocrx_word' id='word_1_286' title='bbox 2606 2074 2659 2118; x_wconf 90' lang='lat' dir='ltr'><strong>et</strong></span> <span class='ocrx_word' id='word_1_287' title='bbox 2692 2073 3037 2121; x_wconf 89' lang='lat' dir='ltr'><strong>tentaverunt</strong></span> <span class='ocrx_word' id='word_1_288' title='bbox 3074 2068 3243 2123; x_wconf 88' lang='lat' dir='ltr'><strong>Deum</strong></span> <span class='ocrx_word' id='word_1_289' title='bbox 3277 2087 3291 2100; x_wconf 77' lang='grc' dir='ltr'><strong>ο</strong></span> 
     </span>
    </p>
   </div>
   <div class='ocr_carea' id='block_1_45' title="bbox 1929 2145 3118 2214">
    <p class='ocr_par' dir='ltr' id='par_1_45' title="bbox 1929 2145 3118 2214">
     <span class='ocr_line' id='line_1_46' title="bbox 1929 2145 3118 2214; baseline 0.012 -15"><span class='ocrx_word' id='word_1_290' title='bbox 1929 2145 2016 2200; x_wconf 88' lang='grc'>96.</span> <span class='ocrx_word' id='word_1_291' title='bbox 2052 2147 2116 2201; x_wconf 84' lang='grc' dir='ltr'>Ει</span> <span class='ocrx_word' id='word_1_292' title='bbox 2144 2147 2402 2206; x_wconf 88' lang='lat' dir='ltr'><strong>Sanctum</strong></span> <span class='ocrx_word' id='word_1_293' title='bbox 2430 2151 2595 2208; x_wconf 87' lang='lat' dir='ltr'><strong>Israel</strong></span> <span class='ocrx_word' id='word_1_294' title='bbox 2628 2157 3118 2214; x_wconf 78' lang='lat' dir='ltr'><strong>exacerbaverunt.</strong></span> 
     </span>
    </p>
   </div>
   <div class='ocr_carea' id='block_1_46' title="bbox 1931 2237 3090 2321">
    <p class='ocr_par' dir='ltr' id='par_1_46' title="bbox 1931 2237 3090 2321">
     <span class='ocr_line' id='line_1_47' title="bbox 1931 2237 3090 2321; baseline 0.013 -29"><span class='ocrx_word' id='word_1_295' title='bbox 1931 2237 2020 2294; x_wconf 88' lang='lat'>97.</span> <span class='ocrx_word' id='word_1_296' title='bbox 2053 2238 2117 2294; x_wconf 85' lang='lat' dir='ltr'><strong>Et</strong></span> <span class='ocrx_word' id='word_1_297' title='bbox 2146 2257 2253 2295; x_wconf 91' lang='lat' dir='ltr'><strong>non</strong></span> <span class='ocrx_word' id='word_1_298' title='bbox 2280 2246 2547 2299; x_wconf 76' lang='lat' dir='ltr'><strong>recordati</strong></span> <span class='ocrx_word' id='word_1_299' title='bbox 2572 2257 2701 2302; x_wconf 93' lang='lat' dir='ltr'><strong>sunt</strong></span> <span class='ocrx_word' id='word_1_300' title='bbox 2723 2265 2919 2306; x_wconf 88' lang='lat' dir='ltr'><strong>manus</strong></span> <span class='ocrx_word' id='word_1_301' title='bbox 2939 2251 3090 2321; x_wconf 87' lang='lat' dir='ltr'><strong>ejus,</strong></span> 
     </span>
    </p>
   </div>
   <div class='ocr_carea' id='block_1_47' title="bbox 1933 2330 3308 2405">
    <p class='ocr_par' dir='ltr' id='par_1_47' title="bbox 1933 2330 3308 2405">
     <span class='ocr_line' id='line_1_48' title="bbox 1933 2330 3308 2405; baseline 0.015 -22"><span class='ocrx_word' id='word_1_302' title='bbox 1933 2330 2023 2386; x_wconf 85' lang='lat'><strong>98.</strong></span> <span class='ocrx_word' id='word_1_303' title='bbox 2060 2331 2178 2402; x_wconf 85' lang='lat' dir='ltr'><strong>Die,</strong></span> <span class='ocrx_word' id='word_1_304' title='bbox 2205 2351 2313 2405; x_wconf 90' lang='lat' dir='ltr'><strong>qna</strong></span> <span class='ocrx_word' id='word_1_305' title='bbox 2343 2339 2570 2394; x_wconf 80' lang='lat' dir='ltr'><strong>redemit</strong></span> <span class='ocrx_word' id='word_1_306' title='bbox 2591 2355 2687 2396; x_wconf 86' lang='lat' dir='ltr'><strong>eos</strong></span> <span class='ocrx_word' id='word_1_307' title='bbox 2714 2343 2780 2398; x_wconf 86' lang='lat' dir='ltr'><strong>de</strong></span> <span class='ocrx_word' id='word_1_308' title='bbox 2806 2359 2966 2398; x_wconf 87' lang='lat' dir='ltr'><strong>manu</strong></span> <span class='ocrx_word' id='word_1_309' title='bbox 2995 2345 3308 2403; x_wconf 84' lang='lat' dir='ltr'><strong>tribulantis</strong></span> 
     </span>
    </p>
   </div>
   <div class='ocr_carea' id='block_1_48' title="bbox 234 2755 1803 2844">
    <p class='ocr_par' dir='ltr' id='par_1_48' title="bbox 234 2755 1803 2831">
     <span class='ocr_line' id='line_1_49' title="bbox 234 2755 1803 2831; baseline 0.006 -25"><span class='ocrx_word' id='word_1_310' title='bbox 234 2755 308 2825; x_wconf 75' lang='grc' dir='ltr'>(α)</span> <span class='ocrx_word' id='word_1_311' title='bbox 331 2756 541 2820; x_wconf 78' lang='grc' dir='ltr'>Αύτούς</span> <span class='ocrx_word' id='word_1_312' title='bbox 561 2755 711 2812; x_wconf 87' lang='lat' dir='ltr'><strong>deest</strong></span> <span class='ocrx_word' id='word_1_313' title='bbox 737 2758 789 2810; x_wconf 93' lang='lat' dir='ltr'><strong>in</strong></span> <span class='ocrx_word' id='word_1_314' title='bbox 818 2765 962 2810; x_wconf 86' lang='lat' dir='ltr'><strong>textu</strong></span> <span class='ocrx_word' id='word_1_315' title='bbox 989 2772 1004 2824; x_wconf 88' lang='lat'><strong>;</strong></span> <span class='ocrx_word' id='word_1_316' title='bbox 1036 2758 1230 2829; x_wconf 83' lang='lat' dir='ltr'><strong>legitur</strong></span> <span class='ocrx_word' id='word_1_317' title='bbox 1264 2760 1317 2813; x_wconf 90' lang='lat' dir='ltr'><strong>in</strong></span> <span class='ocrx_word' id='word_1_318' title='bbox 1359 2778 1566 2831; x_wconf 80' lang='lat' dir='ltr'><strong>marg.;</strong></span> <span class='ocrx_word' id='word_1_319' title='bbox 1603 2779 1727 2819; x_wconf 81' lang='lat' dir='ltr'><strong>mox</strong></span> <span class='ocrx_word' id='word_1_320' title='bbox 1763 2764 1803 2817; x_wconf 76' lang='grc' dir='ltr'>θ]</span> 
     </span>
    </p>
   </div>
   <div class='ocr_carea' id='block_1_49' title="bbox 1911 2755 2668 2844">
    <p class='ocr_par' dir='ltr' id='par_1_49' title="bbox 1915 2769 2668 2844">
     <span class='ocr_line' id='line_1_50' title="bbox 1915 2769 2668 2844; baseline 0.021 -26"><span class='ocrx_word' id='word_1_321' title='bbox 1915 2785 2068 2832; x_wconf 87' lang='grc' dir='ltr'>ντων,</span> <span class='ocrx_word' id='word_1_322' title='bbox 2095 2769 2149 2823; x_wconf 92' lang='lat' dir='ltr'><strong>in</strong></span> <span class='ocrx_word' id='word_1_323' title='bbox 2183 2788 2350 2844; x_wconf 80' lang='lat' dir='ltr'><strong>marg.</strong></span> <span class='ocrx_word' id='word_1_324' title='bbox 2381 2775 2668 2842; x_wconf 77' lang='grc' dir='ltr'>θλίὸοντος.</span> 
     </span>
    </p>
   </div>
   <div class='ocr_carea' id='block_1_50' title="bbox 1293 2905 2304 2974">
    <p class='ocr_par' dir='ltr' id='par_1_50' title="bbox 1293 2905 2304 2974">
     <span class='ocr_line' id='line_1_51' title="bbox 1293 2905 2304 2974; baseline 0.016 -17"><span class='ocrx_word' id='word_1_325' title='bbox 1293 2905 1679 2962; x_wconf 80' lang='lat' dir='ltr'><strong>ATIIANASH</strong></span> <span class='ocrx_word' id='word_1_326' title='bbox 1717 2908 2304 2974; x_wconf 81' lang='lat' dir='ltr'><strong>INTERPRETATIO.</strong></span> 
     </span>
    </p>
   </div>
   <div class='ocr_carea' id='block_1_51' title="bbox 239 3031 1750 3109">
    <p class='ocr_par' dir='ltr' id='par_1_51' title="bbox 239 3031 1750 3109">
     <span class='ocr_line' id='line_1_52' title="bbox 239 3031 1750 3109; baseline 0.006 -24"><span class='ocrx_word' id='word_1_327' title='bbox 239 3031 324 3096; x_wconf 88' lang='lat'><strong>80,</strong></span> <span class='ocrx_word' id='word_1_328' title='bbox 361 3032 450 3088; x_wconf 78' lang='lat' dir='ltr'><strong>8L</strong></span> <span class='ocrx_word' id='word_1_329' title='bbox 492 3033 604 3086; x_wconf 85' lang='lat' dir='ltr'><strong>Kal</strong></span> <span class='ocrx_word' id='word_1_330' title='bbox 658 3035 824 3106; x_wconf 80' lang='grc' dir='ltr'>ἀνέϐη</span> <span class='ocrx_word' id='word_1_331' title='bbox 882 3037 973 3088; x_wconf 77' lang='grc' dir='ltr'><strong>ἐπὶ</strong></span> <span class='ocrx_word' id='word_1_332' title='bbox 1007 3036 1105 3107; x_wconf 82' lang='grc' dir='ltr'>τὴν</span> <span class='ocrx_word' id='word_1_333' title='bbox 1135 3038 1360 3109; x_wconf 85' lang='grc' dir='ltr'>καρδίαν</span> <span class='ocrx_word' id='word_1_334' title='bbox 1411 3040 1588 3093; x_wconf 77' lang='grc' dir='ltr'>αὐτῶν</span> <span class='ocrx_word' id='word_1_335' title='bbox 1649 3041 1750 3094; x_wconf 80' lang='grc' dir='ltr'><strong>ὅσα</strong></span> 
     </span>
    </p>
   </div>
   <div class='ocr_carea' id='block_1_52' title="bbox 1930 3045 3436 3134">
    <p class='ocr_par' dir='ltr' id='par_1_52' title="bbox 1930 3045 3436 3134">
     <span class='ocr_line' id='line_1_53' title="bbox 1930 3045 3436 3134; baseline 0.014 -32"><span class='ocrx_word' id='word_1_336' title='bbox 1930 3045 2018 3112; x_wconf 88' lang='grc'><strong>80,</strong></span> <span class='ocrx_word' id='word_1_337' title='bbox 2054 3048 2143 3103; x_wconf 80' lang='grc'>81.</span> <span class='ocrx_word' id='word_1_338' title='bbox 2177 3051 2240 3105; x_wconf 77' lang='lat' dir='ltr'><strong>Et</strong></span> <span class='ocrx_word' id='word_1_339' title='bbox 2281 3055 2528 3108; x_wconf 87' lang='lat' dir='ltr'><strong>ascendit</strong></span> <span class='ocrx_word' id='word_1_340' title='bbox 2566 3055 2620 3109; x_wconf 90' lang='lat' dir='ltr'><strong>in</strong></span> <span class='ocrx_word' id='word_1_341' title='bbox 2657 3071 2749 3111; x_wconf 88' lang='lat' dir='ltr'><strong>cor</strong></span> <span class='ocrx_word' id='word_1_342' title='bbox 2783 3073 2973 3113; x_wconf 88' lang='lat' dir='ltr'><strong>eorum</strong></span> <span class='ocrx_word' id='word_1_343' title='bbox 3007 3063 3269 3134; x_wconf 86' lang='lat' dir='ltr'><strong>quidquid</strong></span> <span class='ocrx_word' id='word_1_344' title='bbox 3311 3065 3436 3123; x_wconf 84' lang='lat' dir='ltr'><strong>fecit</strong></span> 
     </span>
    </p>
   </div>
   <div class='ocr_carea' id='block_1_53' title="bbox 177 3120 1803 3215">
    <p class='ocr_par' dir='ltr' id='par_1_53' title="bbox 177 3120 1752 3200">
     <span class='ocr_line' id='line_1_54' title="bbox 177 3120 1752 3200; baseline 0.008 -28"><span class='ocrx_word' id='word_1_345' title='bbox 177 3120 386 3191; x_wconf 85' lang='grc' dir='ltr'>ἐποίησε</span> <span class='ocrx_word' id='word_1_346' title='bbox 424 3126 541 3184; x_wconf 84' lang='grc' dir='ltr'>τοῖς</span> <span class='ocrx_word' id='word_1_347' title='bbox 576 3123 697 3175; x_wconf 78' lang='grc' dir='ltr'>δυσὶ</span> <span class='ocrx_word' id='word_1_348' title='bbox 761 3123 1039 3193; x_wconf 76' lang='grc' dir='ltr'>βασιλεῦσι</span> <span class='ocrx_word' id='word_1_349' title='bbox 1090 3127 1195 3179; x_wconf 80' lang='grc' dir='ltr'>τῶν</span> <span class='ocrx_word' id='word_1_350' title='bbox 1242 3128 1604 3200; x_wconf 70' lang='grc' dir='ltr'>Ἀμορραίων,</span> <span class='ocrx_word' id='word_1_351' title='bbox 1658 3133 1752 3184; x_wconf 69' lang='grc' dir='ltr'><strong>καὶ</strong></span> 
     </span>
    </p>
   </div>
   <div class='ocr_carea' id='block_1_54' title="bbox 1911 3120 3363 3215">
    <p class='ocr_par' dir='ltr' id='par_1_54' title="bbox 1911 3139 3363 3215">
     <span class='ocr_line' id='line_1_55' title="bbox 1911 3139 3363 3215; baseline 0.016 -24"><span class='ocrx_word' id='word_1_352' title='bbox 1911 3139 2072 3195; x_wconf 79' lang='lat' dir='ltr'><strong>iobus</strong></span> <span class='ocrx_word' id='word_1_353' title='bbox 2104 3143 2320 3213; x_wconf 81' lang='lat' dir='ltr'><strong>regibus</strong></span> <span class='ocrx_word' id='word_1_354' title='bbox 2351 3145 2777 3215; x_wconf 69' lang='lat' dir='ltr'><strong>Amorraeorum,</strong></span> <span class='ocrx_word' id='word_1_355' title='bbox 2816 3160 2870 3204; x_wconf 90' lang='lat' dir='ltr'><strong>et</strong></span> <span class='ocrx_word' id='word_1_356' title='bbox 2891 3152 3111 3209; x_wconf 86' lang='lat' dir='ltr'><strong>Amalec</strong></span> <span class='ocrx_word' id='word_1_357' title='bbox 3155 3156 3212 3212; x_wconf 88' lang='lat' dir='ltr'><strong>in</strong></span> <span class='ocrx_word' id='word_1_358' title='bbox 3249 3161 3363 3213; x_wconf 85' lang='lat' dir='ltr'><strong>via.</strong></span> 
     </span>
    </p>
   </div>
   <div class='ocr_carea' id='block_1_55' title="bbox 178 3209 907 3285">
    <p class='ocr_par' dir='ltr' id='par_1_55' title="bbox 178 3209 907 3285">
     <span class='ocr_line' id='line_1_56' title="bbox 178 3209 907 3285; baseline 0.008 -24"><span class='ocrx_word' id='word_1_359' title='bbox 178 3209 276 3264; x_wconf 79' lang='grc' dir='ltr'>τῶν</span> <span class='ocrx_word' id='word_1_360' title='bbox 318 3213 568 3285; x_wconf 83' lang='grc' dir='ltr'>Ἀμαλὴκ</span> <span class='ocrx_word' id='word_1_361' title='bbox 596 3215 652 3266; x_wconf 84' lang='grc' dir='ltr'><strong>ἐν</strong></span> <span class='ocrx_word' id='word_1_362' title='bbox 692 3217 757 3284; x_wconf 83' lang='grc' dir='ltr'>τῇ</span> <span class='ocrx_word' id='word_1_363' title='bbox 785 3214 907 3284; x_wconf 84' lang='grc' dir='ltr'>ὁδῷ.</span> 
     </span>
    </p>
   </div>
   <div class='ocr_carea' id='block_1_56' title="bbox 242 3302 1754 3383">
    <p class='ocr_par' dir='ltr' id='par_1_56' title="bbox 242 3302 1754 3383">
     <span class='ocr_line' id='line_1_57' title="bbox 242 3302 1754 3383; baseline 0.006 -26"><span class='ocrx_word' id='word_1_364' title='bbox 242 3302 326 3358; x_wconf 66' lang='grc'>82.</span> <span class='ocrx_word' id='word_1_365' title='bbox 365 3306 476 3358; x_wconf 86' lang='lat' dir='ltr'><strong>Kal</strong></span> <span class='ocrx_word' id='word_1_366' title='bbox 503 3305 836 3359; x_wconf 79' lang='grc' dir='ltr'>συνετίθεντο</span> <span class='ocrx_word' id='word_1_367' title='bbox 862 3310 974 3370; x_wconf 88' lang='grc' dir='ltr'>τοῖς</span> <span class='ocrx_word' id='word_1_368' title='bbox 999 3309 1418 3380; x_wconf 81' lang='grc' dir='ltr'>προστάγμασιν</span> <span class='ocrx_word' id='word_1_369' title='bbox 1474 3312 1638 3365; x_wconf 80' lang='grc' dir='ltr'>αὐτοῦ</span> <span class='ocrx_word' id='word_1_370' title='bbox 1674 3314 1754 3383; x_wconf 86' lang='grc' dir='ltr'><strong>τῷ</strong></span> 
     </span>
    </p>
   </div>
   <div class='ocr_carea' id='block_1_57' title="bbox 182 3389 636 3460">
    <p class='ocr_par' dir='ltr' id='par_1_57' title="bbox 182 3389 636 3460">
     <span class='ocr_line' id='line_1_58' title="bbox 182 3389 636 3460; baseline 0.013 -19"><span class='ocrx_word' id='word_1_371' title='bbox 182 3389 396 3460; x_wconf 79' lang='grc' dir='ltr'>στόματι</span> <span class='ocrx_word' id='word_1_372' title='bbox 431 3394 636 3448; x_wconf 80' lang='grc' dir='ltr'>αὐτῶν.</span> 
     </span>
    </p>
   </div>
   <div class='ocr_carea' id='block_1_58' title="bbox 242 3483 919 3558">
    <p class='ocr_par' dir='ltr' id='par_1_58' title="bbox 242 3483 919 3558">
     <span class='ocr_line' id='line_1_59' title="bbox 242 3483 919 3558; baseline 0.003 -20"><span class='ocrx_word' id='word_1_373' title='bbox 242 3483 325 3538; x_wconf 90' lang='grc'><strong>85.</strong></span> <span class='ocrx_word' id='word_1_374' title='bbox 373 3486 542 3558; x_wconf 87' lang='grc' dir='ltr'>Ἦρνή</span> <span class='ocrx_word' id='word_1_375' title='bbox 556 3502 716 3539; x_wconf 69' lang='grc' dir='ltr'>παντο</span> <span class='ocrx_word' id='word_1_376' title='bbox 738 3487 919 3540; x_wconf 74' lang='grc' dir='ltr'>αὐτόν.</span> 
     </span>
    </p>
   </div>
   <div class='ocr_carea' id='block_1_59' title="bbox 244 3573 1752 3654">
    <p class='ocr_par' dir='ltr' id='par_1_59' title="bbox 244 3573 1752 3654">
     <span class='ocr_line' id='line_1_60' title="bbox 244 3573 1752 3654; baseline 0.007 -26"><span class='ocrx_word' id='word_1_377' title='bbox 244 3573 327 3631; x_wconf 77' lang='grc'><strong>84.</strong></span> <span class='ocrx_word' id='word_1_378' title='bbox 371 3578 431 3631; x_wconf 88' lang='grc' dir='ltr'><strong>Ἡ</strong></span> <span class='ocrx_word' id='word_1_379' title='bbox 467 3577 525 3630; x_wconf 87' lang='grc' dir='ltr'><strong>δέ</strong></span> <span class='ocrx_word' id='word_1_380' title='bbox 572 3578 768 3648; x_wconf 83' lang='grc' dir='ltr'>καρδία</span> <span class='ocrx_word' id='word_1_381' title='bbox 799 3579 978 3633; x_wconf 75' lang='grc' dir='ltr'>αὐτῶν</span> <span class='ocrx_word' id='word_1_382' title='bbox 1021 3581 1210 3653; x_wconf 74' lang='grc' dir='ltr'><strong>πόρῤιο</strong></span> <span class='ocrx_word' id='word_1_383' title='bbox 1245 3585 1469 3654; x_wconf 82' lang='grc' dir='ltr'>ἀπεῖχεν</span> <span class='ocrx_word' id='word_1_384' title='bbox 1512 3587 1606 3638; x_wconf 80' lang='grc' dir='ltr'>ἀπ’</span> <span class='ocrx_word' id='word_1_385' title='bbox 1653 3587 1752 3639; x_wconf 81' lang='grc' dir='ltr'>αύ-</span> 
     </span>
    </p>
   </div>
   <div class='ocr_carea' id='block_1_60' title="bbox 184 3665 413 3740">
    <p class='ocr_par' dir='ltr' id='par_1_60' title="bbox 184 3665 413 3740">
     <span class='ocr_line' id='line_1_61' title="bbox 184 3665 413 3740; baseline 0.035 -24"><span class='ocrx_word' id='word_1_386' title='bbox 184 3665 280 3718; x_wconf 85' lang='grc' dir='ltr'>τῶν</span> <span class='ocrx_word' id='word_1_387' title='bbox 318 3669 413 3740; x_wconf 73' lang='grc' dir='ltr'>(ι).</span> 
     </span>
    </p>
   </div>
   <div class='ocr_carea' id='block_1_61' title="bbox 247 3757 1756 3842">
    <p class='ocr_par' dir='ltr' id='par_1_61' title="bbox 247 3757 1756 3842">
     <span class='ocr_line' id='line_1_62' title="bbox 247 3757 1756 3842; baseline 0.008 -30"><span class='ocrx_word' id='word_1_388' title='bbox 247 3757 329 3814; x_wconf 87' lang='grc'><strong>85.</strong></span> <span class='ocrx_word' id='word_1_389' title='bbox 361 3763 499 3816; x_wconf 77' lang='grc' dir='ltr'>οὐδὲ</span> <span class='ocrx_word' id='word_1_390' title='bbox 547 3763 824 3834; x_wconf 74' lang='grc' dir='ltr'>ἠνείχοντο</span> <span class='ocrx_word' id='word_1_391' title='bbox 865 3763 1147 3818; x_wconf 81' lang='grc' dir='ltr'>ἐπιθέσθαι</span> <span class='ocrx_word' id='word_1_392' title='bbox 1206 3764 1281 3835; x_wconf 70' lang='lat'><strong>(2)</strong></span> <span class='ocrx_word' id='word_1_393' title='bbox 1325 3769 1423 3839; x_wconf 75' lang='grc' dir='ltr'>τῆς</span> <span class='ocrx_word' id='word_1_394' title='bbox 1483 3769 1756 3842; x_wconf 81' lang='grc' dir='ltr'>Διαθήκης</span> 
     </span>
    </p>
   </div>
   <div class='ocr_carea' id='block_1_62' title="bbox 185 3849 358 3906">
    <p class='ocr_par' dir='ltr' id='par_1_62' title="bbox 185 3849 358 3906">
     <span class='ocr_line' id='line_1_63' title="bbox 185 3849 358 3906; baseline 0.017 -3"><span class='ocrx_word' id='word_1_395' title='bbox 185 3849 358 3906; x_wconf 80' lang='grc' dir='ltr'>αὐτοῦ.</span> 
     </span>
    </p>
   </div>
   <div class='ocr_carea' id='block_1_63' title="bbox 247 3945 1207 4018">
    <p class='ocr_par' dir='ltr' id='par_1_63' title="bbox 247 3945 1207 4018">
     <span class='ocr_line' id='line_1_64' title="bbox 247 3945 1207 4018; baseline 0.004 -19"><span class='ocrx_word' id='word_1_396' title='bbox 247 3945 329 4000; x_wconf 88' lang='grc'>86.</span> <span class='ocrx_word' id='word_1_397' title='bbox 360 3949 526 4009; x_wconf 75' lang='grc' dir='ltr'>Αὐτὸς</span> <span class='ocrx_word' id='word_1_398' title='bbox 563 3948 620 4000; x_wconf 85' lang='grc' dir='ltr'><strong>δέ</strong></span> <span class='ocrx_word' id='word_1_399' title='bbox 659 3947 1013 4018; x_wconf 79' lang='grc' dir='ltr'>μακρόθυμός</span> <span class='ocrx_word' id='word_1_400' title='bbox 1039 3951 1207 4003; x_wconf 88' lang='grc' dir='ltr'>ἐστιν.</span> 
     </span>
    </p>
   </div>
   <div class='ocr_carea' id='block_1_64' title="bbox 247 4034 1450 4107">
    <p class='ocr_par' dir='ltr' id='par_1_64' title="bbox 247 4034 1450 4107">
     <span class='ocr_line' id='line_1_65' title="bbox 247 4034 1450 4107; baseline 0.005 -19"><span class='ocrx_word' id='word_1_401' title='bbox 247 4034 332 4090; x_wconf 86' lang='grc'>87.</span> <span class='ocrx_word' id='word_1_402' title='bbox 360 4039 472 4092; x_wconf 80' lang='lat' dir='ltr'><strong>Kal</strong></span> <span class='ocrx_word' id='word_1_403' title='bbox 502 4037 733 4090; x_wconf 84' lang='grc' dir='ltr'>ἱλατεύει</span> <span class='ocrx_word' id='word_1_404' title='bbox 766 4041 885 4099; x_wconf 84' lang='grc' dir='ltr'>ταῖς</span> <span class='ocrx_word' id='word_1_405' title='bbox 916 4039 1212 4107; x_wconf 84' lang='grc' dir='ltr'>ἁμαρτίαις</span> <span class='ocrx_word' id='word_1_406' title='bbox 1247 4041 1450 4094; x_wconf 73' lang='grc' dir='ltr'>αὐτῶν.</span> 
     </span>
    </p>
   </div>
   <div class='ocr_carea' id='block_1_65' title="bbox 249 4124 1756 4204">
    <p class='ocr_par' dir='ltr' id='par_1_65' title="bbox 249 4124 1756 4204">
     <span class='ocr_line' id='line_1_66' title="bbox 249 4124 1756 4204; baseline 0.005 -25"><span class='ocrx_word' id='word_1_407' title='bbox 249 4124 331 4180; x_wconf 90' lang='grc'><strong>88.</strong></span> <span class='ocrx_word' id='word_1_408' title='bbox 364 4129 476 4183; x_wconf 90' lang='lat' dir='ltr'><strong>Kal</strong></span> <span class='ocrx_word' id='word_1_409' title='bbox 498 4130 598 4182; x_wconf 81' lang='grc' dir='ltr'><strong>οὐκ</strong></span> <span class='ocrx_word' id='word_1_410' title='bbox 646 4128 868 4180; x_wconf 85' lang='grc' dir='ltr'>ἀπόλλει</span> <span class='ocrx_word' id='word_1_411' title='bbox 901 4130 973 4199; x_wconf 89' lang='grc'><strong>(5)</strong></span> <span class='ocrx_word' id='word_1_412' title='bbox 1028 4132 1226 4195; x_wconf 74' lang='grc' dir='ltr'>αὐτοὺς</span> <span class='ocrx_word' id='word_1_413' title='bbox 1270 4133 1622 4203; x_wconf 77' lang='grc' dir='ltr'>ἐκδεχόμενος</span> <span class='ocrx_word' id='word_1_414' title='bbox 1657 4135 1756 4204; x_wconf 84' lang='grc' dir='ltr'>τὴν</span> 
     </span>
    </p>
   </div>
   <div class='ocr_carea' id='block_1_66' title="bbox 191 4219 696 4284">
    <p class='ocr_par' dir='ltr' id='par_1_66' title="bbox 191 4219 696 4284">
     <span class='ocr_line' id='line_1_67' title="bbox 191 4219 696 4284; baseline 0.014 -17"><span class='ocrx_word' id='word_1_415' title='bbox 191 4219 459 4284; x_wconf 82' lang='grc' dir='ltr'>μετάνοιαν</span> <span class='ocrx_word' id='word_1_416' title='bbox 495 4219 696 4274; x_wconf 78' lang='grc' dir='ltr'>αὐτῶν.</span> 
     </span>
    </p>
   </div>
   <div class='ocr_carea' id='block_1_67' title="bbox 251 4307 1757 4388">
    <p class='ocr_par' dir='ltr' id='par_1_67' title="bbox 251 4307 1757 4388">
     <span class='ocr_line' id='line_1_68' title="bbox 251 4307 1757 4388; baseline 0.007 -28"><span class='ocrx_word' id='word_1_417' title='bbox 251 4307 331 4363; x_wconf 90' lang='lat'>89.</span> <span class='ocrx_word' id='word_1_418' title='bbox 364 4312 475 4365; x_wconf 86' lang='lat' dir='ltr'><strong>Kal</strong></span> <span class='ocrx_word' id='word_1_419' title='bbox 515 4312 608 4365; x_wconf 86' lang='grc' dir='ltr'><strong>ἐπί</strong></span> <span class='ocrx_word' id='word_1_420' title='bbox 652 4311 786 4364; x_wconf 86' lang='grc' dir='ltr'>πολὺ</span> <span class='ocrx_word' id='word_1_421' title='bbox 817 4315 1070 4383; x_wconf 87' lang='grc' dir='ltr'>ἐπιμενεῖ</span> <span class='ocrx_word' id='word_1_422' title='bbox 1099 4313 1173 4384; x_wconf 68' lang='grc'><strong>(4)</strong></span> <span class='ocrx_word' id='word_1_423' title='bbox 1207 4317 1272 4385; x_wconf 85' lang='grc' dir='ltr'>τῇ</span> <span class='ocrx_word' id='word_1_424' title='bbox 1309 4309 1605 4388; x_wconf 79' lang='grc' dir='ltr'>ἀγΞιθότητι</span> <span class='ocrx_word' id='word_1_425' title='bbox 1661 4318 1757 4370; x_wconf 76' lang='grc' dir='ltr'>αύ-</span> 
     </span>
    </p>
   </div>
   <div class='ocr_carea' id='block_1_68' title="bbox 189 4412 292 4450">
    <p class='ocr_par' dir='ltr' id='par_1_68' title="bbox 189 4412 292 4450">
     <span class='ocr_line' id='line_1_69' title="bbox 189 4412 292 4450; baseline 0.039 -4"><span class='ocrx_word' id='word_1_426' title='bbox 189 4412 271 4450; x_wconf 84' lang='grc' dir='ltr'><strong>του</strong></span> <span class='ocrx_word' id='word_1_427' title='bbox 282 4439 292 4449; x_wconf 88' lang='lat'><strong>.</strong></span> 
     </span>
    </p>
   </div>
   <div class='ocr_carea' id='block_1_69' title="bbox 250 4490 1110 4566">
    <p class='ocr_par' dir='ltr' id='par_1_69' title="bbox 250 4490 1110 4566">
     <span class='ocr_line' id='line_1_70' title="bbox 250 4490 1110 4566; baseline 0.013 -25"><span class='ocrx_word' id='word_1_428' title='bbox 250 4490 331 4543; x_wconf 82' lang='lat'>90.</span> <span class='ocrx_word' id='word_1_429' title='bbox 368 4495 478 4548; x_wconf 87' lang='lat' dir='ltr'><strong>Kal</strong></span> <span class='ocrx_word' id='word_1_430' title='bbox 499 4495 598 4548; x_wconf 84' lang='grc' dir='ltr'><strong>οὐκ</strong></span> <span class='ocrx_word' id='word_1_431' title='bbox 624 4495 834 4566; x_wconf 77' lang='grc' dir='ltr'>ὀργίζει</span> <span class='ocrx_word' id='word_1_432' title='bbox 871 4495 1110 4560; x_wconf 82' lang='grc' dir='ltr'>τελείως.</span> 
     </span>
    </p>
   </div>
   <div class='ocr_carea' id='block_1_70' title="bbox 251 4581 1381 4660">
    <p class='ocr_par' dir='ltr' id='par_1_70' title="bbox 251 4581 1381 4660">
     <span class='ocr_line' id='line_1_71' title="bbox 251 4581 1381 4660; baseline 0.008 -25"><span class='ocrx_word' id='word_1_433' title='bbox 251 4581 332 4636; x_wconf 81' lang='grc'>91.</span> <span class='ocrx_word' id='word_1_434' title='bbox 365 4585 708 4658; x_wconf 83' lang='grc' dir='ltr'>Μνημονεύει</span> <span class='ocrx_word' id='word_1_435' title='bbox 743 4587 871 4658; x_wconf 81' lang='grc' dir='ltr'>γὰρ,</span> <span class='ocrx_word' id='word_1_436' title='bbox 902 4590 984 4642; x_wconf 82' lang='grc' dir='ltr'>ὅτι</span> <span class='ocrx_word' id='word_1_437' title='bbox 1019 4588 1221 4660; x_wconf 83' lang='grc' dir='ltr'>πλῆθός</span> <span class='ocrx_word' id='word_1_438' title='bbox 1255 4593 1381 4644; x_wconf 85' lang='grc' dir='ltr'>εἰσι.</span> 
     </span>
    </p>
   </div>
   <div class='ocr_carea' id='block_1_71' title="bbox 250 4671 1756 4754">
    <p class='ocr_par' dir='ltr' id='par_1_71' title="bbox 250 4671 1756 4754">
     <span class='ocr_line' id='line_1_72' title="bbox 250 4671 1756 4754; baseline 0.009 -30"><span class='ocrx_word' id='word_1_439' title='bbox 250 4671 332 4726; x_wconf 74' lang='grc'>92.</span> <span class='ocrx_word' id='word_1_440' title='bbox 367 4677 486 4730; x_wconf 83' lang='grc' dir='ltr'>’Ότι</span> <span class='ocrx_word' id='word_1_441' title='bbox 529 4675 605 4748; x_wconf 88' lang='grc'><strong>(5)</strong></span> <span class='ocrx_word' id='word_1_442' title='bbox 642 4677 737 4730; x_wconf 79' lang='grc' dir='ltr'>ἐὰν</span> <span class='ocrx_word' id='word_1_443' title='bbox 793 4679 1124 4752; x_wconf 78' lang='grc' dir='ltr'>ἀναχωρήσῃ</span> <span class='ocrx_word' id='word_1_444' title='bbox 1165 4675 1350 4733; x_wconf 75' lang='grc' dir='ltr'>αὐτῶν</span> <span class='ocrx_word' id='word_1_445' title='bbox 1409 4682 1756 4754; x_wconf 68' lang='grc' dir='ltr'>ήψυχὴ.ούκ</span> 
     </span>
    </p>
   </div>
   <div class='ocr_carea' id='block_1_72' title="bbox 192 4758 918 4839">
    <p class='ocr_par' dir='ltr' id='par_1_72' title="bbox 192 4758 918 4839">
     <span class='ocr_line' id='line_1_73' title="bbox 192 4758 918 4839; baseline 0.017 -28"><span class='ocrx_word' id='word_1_446' title='bbox 192 4758 262 4813; x_wconf 78' lang='grc' dir='ltr'><strong>ἔτι</strong></span> <span class='ocrx_word' id='word_1_447' title='bbox 288 4764 535 4822; x_wconf 78' lang='grc' dir='ltr'>δύνανται</span> <span class='ocrx_word' id='word_1_448' title='bbox 566 4771 918 4839; x_wconf 73' lang='grc' dir='ltr'>μετανοῆσαι.</span> 
     </span>
    </p>
   </div>
   <div class='ocr_carea' id='block_1_73' title="bbox 253 4854 1452 4934">
    <p class='ocr_par' dir='ltr' id='par_1_73' title="bbox 253 4854 1452 4934">
     <span class='ocr_line' id='line_1_74' title="bbox 253 4854 1452 4934; baseline 0.009 -26"><span class='ocrx_word' id='word_1_449' title='bbox 253 4854 334 4921; x_wconf 88' lang='grc'>95,</span> <span class='ocrx_word' id='word_1_450' title='bbox 368 4859 455 4914; x_wconf 66' lang='grc'><strong>94.</strong></span> <span class='ocrx_word' id='word_1_451' title='bbox 493 4859 826 4931; x_wconf 81' lang='grc' dir='ltr'>Παρώξυναν</span> <span class='ocrx_word' id='word_1_452' title='bbox 852 4862 910 4914; x_wconf 81' lang='grc' dir='ltr'><strong>ἐν</strong></span> <span class='ocrx_word' id='word_1_453' title='bbox 936 4865 1000 4932; x_wconf 80' lang='grc' dir='ltr'>τῇ</span> <span class='ocrx_word' id='word_1_454' title='bbox 1024 4863 1221 4934; x_wconf 73' lang='grc' dir='ltr'>καρδία</span> <span class='ocrx_word' id='word_1_455' title='bbox 1253 4866 1452 4920; x_wconf 74' lang='grc' dir='ltr'>αὐτῶν.</span> 
     </span>
    </p>
   </div>
   <div class='ocr_carea' id='block_1_74' title="bbox 252 4945 1678 5026">
    <p class='ocr_par' dir='ltr' id='par_1_74' title="bbox 252 4945 1678 5026">
     <span class='ocr_line' id='line_1_75' title="bbox 252 4945 1678 5026; baseline 0.009 -27"><span class='ocrx_word' id='word_1_456' title='bbox 252 4945 333 5013; x_wconf 89' lang='grc'><strong>95,</strong></span> <span class='ocrx_word' id='word_1_457' title='bbox 356 4951 443 5005; x_wconf 87' lang='grc'>96.</span> <span class='ocrx_word' id='word_1_458' title='bbox 475 4951 585 5004; x_wconf 86' lang='lat' dir='ltr'><strong>Kal</strong></span> <span class='ocrx_word' id='word_1_459' title='bbox 608 4952 822 5004; x_wconf 83' lang='grc' dir='ltr'>ἐποίουν</span> <span class='ocrx_word' id='word_1_460' title='bbox 849 4954 1074 5016; x_wconf 82' lang='grc' dir='ltr'>ἑαυτοὺς</span> <span class='ocrx_word' id='word_1_461' title='bbox 1100 4956 1228 5018; x_wconf 85' lang='grc' dir='ltr'>τοὺς</span> <span class='ocrx_word' id='word_1_462' title='bbox 1268 4956 1678 5026; x_wconf 75' lang='grc' dir='ltr'>μετανοοῦντας.</span> 
     </span>
    </p>
   </div>
   <div class='ocr_carea' id='block_1_75' title="bbox 251 5029 1369 5111">
    <p class='ocr_par' dir='ltr' id='par_1_75' title="bbox 251 5029 1369 5111">
     <span class='ocr_line' id='line_1_76' title="bbox 251 5029 1369 5111; baseline 0.013 -28"><span class='ocrx_word' id='word_1_463' title='bbox 251 5029 332 5086; x_wconf 84' lang='grc'>97.</span> <span class='ocrx_word' id='word_1_464' title='bbox 363 5038 478 5090; x_wconf 76' lang='grc' dir='ltr'><strong>Οὐκ</strong></span> <span class='ocrx_word' id='word_1_465' title='bbox 509 5039 814 5110; x_wconf 82' lang='grc' dir='ltr'>ἐμέμνηντο</span> <span class='ocrx_word' id='word_1_466' title='bbox 844 5040 943 5110; x_wconf 81' lang='grc' dir='ltr'>τῆς</span> <span class='ocrx_word' id='word_1_467' title='bbox 973 5041 1154 5111; x_wconf 83' lang='grc' dir='ltr'>ἰσχύος</span> <span class='ocrx_word' id='word_1_468' title='bbox 1185 5044 1369 5097; x_wconf 77' lang='grc' dir='ltr'>αὑτοῦ.</span> 
     </span>
    </p>
   </div>
   <div class='ocr_carea' id='block_1_76' title="bbox 253 5121 1751 5207">
    <p class='ocr_par' dir='ltr' id='par_1_76' title="bbox 253 5121 1751 5207">
     <span class='ocr_line' id='line_1_77' title="bbox 253 5121 1751 5207; baseline 0.009 -29"><span class='ocrx_word' id='word_1_469' title='bbox 253 5121 336 5177; x_wconf 82' lang='grc'><strong>98.</strong></span> <span class='ocrx_word' id='word_1_470' title='bbox 371 5128 494 5180; x_wconf 72' lang='lat' dir='ltr'><strong>&quot;Uti.</strong></span> <span class='ocrx_word' id='word_1_471' title='bbox 523 5128 685 5193; x_wconf 77' lang='grc' dir='ltr'>αὐτός</span> <span class='ocrx_word' id='word_1_472' title='bbox 709 5131 854 5182; x_wconf 81' lang='grc' dir='ltr'>ἐστιν</span> <span class='ocrx_word' id='word_1_473' title='bbox 883 5133 910 5183; x_wconf 82' lang='grc' dir='ltr'>ὁ</span> <span class='ocrx_word' id='word_1_474' title='bbox 940 5130 1302 5203; x_wconf 85' lang='grc' dir='ltr'>λυτρούμενος</span> <span class='ocrx_word' id='word_1_475' title='bbox 1329 5136 1526 5199; x_wconf 79' lang='grc' dir='ltr'>αὐτοὺς</span> <span class='ocrx_word' id='word_1_476' title='bbox 1550 5138 1612 5190; x_wconf 83' lang='grc' dir='ltr'><strong>ἐκ</strong></span> <span class='ocrx_word' id='word_1_477' title='bbox 1640 5155 1751 5207; x_wconf 88' lang='grc' dir='ltr'>χει-</span> 
     </span>
    </p>
   </div>
   <div class='ocr_carea' id='block_1_77' title="bbox 195 5210 510 5291">
    <p class='ocr_par' dir='ltr' id='par_1_77' title="bbox 195 5210 510 5291">
     <span class='ocr_line' id='line_1_78' title="bbox 195 5210 510 5291; baseline 0.025 -25"><span class='ocrx_word' id='word_1_478' title='bbox 195 5210 275 5276; x_wconf 71' lang='grc' dir='ltr'>ρὸς</span> <span class='ocrx_word' id='word_1_479' title='bbox 297 5217 510 5291; x_wconf 82' lang='grc' dir='ltr'>Φαραώ.</span> 
     </span>
    </p>
   </div>
   <div class='ocr_carea' id='block_1_78' title="bbox 1931 3319 3238 3406">
    <p class='ocr_par' dir='ltr' id='par_1_78' title="bbox 1931 3319 3238 3406">
     <span class='ocr_line' id='line_1_79' title="bbox 1931 3319 3238 3406; baseline 0.017 -33"><span class='ocrx_word' id='word_1_480' title='bbox 1931 3319 2022 3377; x_wconf 68' lang='grc'>82.</span> <span class='ocrx_word' id='word_1_481' title='bbox 2061 3321 2126 3377; x_wconf 86' lang='lat' dir='ltr'><strong>Et</strong></span> <span class='ocrx_word' id='word_1_482' title='bbox 2161 3329 2370 3382; x_wconf 88' lang='lat' dir='ltr'><strong>assensi</strong></span> <span class='ocrx_word' id='word_1_483' title='bbox 2407 3340 2536 3384; x_wconf 90' lang='lat' dir='ltr'><strong>sunt</strong></span> <span class='ocrx_word' id='word_1_484' title='bbox 2557 3333 2825 3390; x_wconf 87' lang='lat' dir='ltr'><strong>mandatis</strong></span> <span class='ocrx_word' id='word_1_485' title='bbox 2853 3335 2972 3406; x_wconf 84' lang='lat' dir='ltr'><strong>ejus</strong></span> <span class='ocrx_word' id='word_1_486' title='bbox 2997 3353 3091 3392; x_wconf 84' lang='lat' dir='ltr'><strong>ore</strong></span> <span class='ocrx_word' id='word_1_487' title='bbox 3116 3354 3238 3395; x_wconf 87' lang='lat' dir='ltr'><strong>suo.</strong></span> 
     </span>
    </p>
   </div>
   <div class='ocr_carea' id='block_1_79' title="bbox 1927 3493 2507 3567">
    <p class='ocr_par' dir='ltr' id='par_1_79' title="bbox 1927 3493 2507 3567">
     <span class='ocr_line' id='line_1_80' title="bbox 1927 3493 2507 3567; baseline 0.021 -19"><span class='ocrx_word' id='word_1_488' title='bbox 1927 3493 2016 3550; x_wconf 88' lang='grc'><strong>85.</strong></span> <span class='ocrx_word' id='word_1_489' title='bbox 2053 3495 2333 3567; x_wconf 76' lang='lat' dir='ltr'><strong>Negabant</strong></span> <span class='ocrx_word' id='word_1_490' title='bbox 2363 3520 2507 3562; x_wconf 90' lang='lat' dir='ltr'><strong>eum.</strong></span> 
     </span>
    </p>
   </div>
   <div class='ocr_carea' id='block_1_80' title="bbox 1927 3586 3222 3673">
    <p class='ocr_par' dir='ltr' id='par_1_80' title="bbox 1927 3586 3222 3673">
     <span class='ocr_line' id='line_1_81' title="bbox 1927 3586 3222 3673; baseline 0.018 -35"><span class='ocrx_word' id='word_1_491' title='bbox 1927 3586 2015 3640; x_wconf 75' lang='grc'><strong>84.</strong></span> <span class='ocrx_word' id='word_1_492' title='bbox 2052 3587 2160 3643; x_wconf 83' lang='lat' dir='ltr'><strong>Cor</strong></span> <span class='ocrx_word' id='word_1_493' title='bbox 2184 3603 2366 3648; x_wconf 86' lang='lat' dir='ltr'><strong>autem</strong></span> <span class='ocrx_word' id='word_1_494' title='bbox 2403 3611 2593 3652; x_wconf 91' lang='lat' dir='ltr'><strong>eorum</strong></span> <span class='ocrx_word' id='word_1_495' title='bbox 2628 3601 2786 3673; x_wconf 81' lang='lat' dir='ltr'><strong>longe</strong></span> <span class='ocrx_word' id='word_1_496' title='bbox 2821 3605 3008 3660; x_wconf 83' lang='lat' dir='ltr'><strong>aberat</strong></span> <span class='ocrx_word' id='word_1_497' title='bbox 3036 3606 3104 3660; x_wconf 86' lang='lat' dir='ltr'><strong>ab</strong></span> <span class='ocrx_word' id='word_1_498' title='bbox 3137 3622 3222 3661; x_wconf 88' lang='lat' dir='ltr'><strong>eo.</strong></span> 
     </span>
    </p>
   </div>
   <div class='ocr_carea' id='block_1_81' title="bbox 1928 3767 3438 3842">
    <p class='ocr_par' dir='ltr' id='par_1_81' title="bbox 1928 3767 3438 3842">
     <span class='ocr_line' id='line_1_82' title="bbox 1928 3767 3438 3842; baseline 0.013 -21"><span class='ocrx_word' id='word_1_499' title='bbox 1928 3767 2018 3823; x_wconf 89' lang='grc'><strong>85.</strong></span> <span class='ocrx_word' id='word_1_500' title='bbox 2053 3767 2239 3840; x_wconf 89' lang='lat' dir='ltr'><strong>Neque</strong></span> <span class='ocrx_word' id='word_1_501' title='bbox 2305 3776 2687 3834; x_wconf 89' lang='lat' dir='ltr'><strong>sustinuerunt</strong></span> <span class='ocrx_word' id='word_1_502' title='bbox 2741 3782 3022 3838; x_wconf 78' lang='lat' dir='ltr'><strong>intendere</strong></span> <span class='ocrx_word' id='word_1_503' title='bbox 3088 3785 3438 3842; x_wconf 86' lang='lat' dir='ltr'><strong>Testamento</strong></span> 
     </span>
    </p>
   </div>
   <div class='ocr_carea' id='block_1_82' title="bbox 1858 3857 1997 3926">
    <p class='ocr_par' dir='ltr' id='par_1_82' title="bbox 1858 3857 1997 3926">
     <span class='ocr_line' id='line_1_83' title="bbox 1858 3857 1997 3926; baseline 0.029 -16"><span class='ocrx_word' id='word_1_504' title='bbox 1858 3857 1997 3926; x_wconf 85' lang='lat' dir='ltr'><strong>ejus.</strong></span> 
     </span>
    </p>
   </div>
   <div class='ocr_carea' id='block_1_83' title="bbox 1931 3950 2871 4027">
    <p class='ocr_par' dir='ltr' id='par_1_83' title="bbox 1931 3950 2871 4027">
     <span class='ocr_line' id='line_1_84' title="bbox 1931 3950 2871 4027; baseline 0.014 -23"><span class='ocrx_word' id='word_1_505' title='bbox 1931 3950 2020 4004; x_wconf 84' lang='lat'><strong>86.</strong></span> <span class='ocrx_word' id='word_1_506' title='bbox 2060 3953 2176 4021; x_wconf 90' lang='lat' dir='ltr'><strong>Ipse</strong></span> <span class='ocrx_word' id='word_1_507' title='bbox 2203 3965 2387 4009; x_wconf 89' lang='lat' dir='ltr'><strong>autem</strong></span> <span class='ocrx_word' id='word_1_508' title='bbox 2422 3958 2748 4027; x_wconf 78' lang='lat' dir='ltr'><strong>longanimis</strong></span> <span class='ocrx_word' id='word_1_509' title='bbox 2772 3973 2871 4018; x_wconf 85' lang='lat' dir='ltr'><strong>est.</strong></span> 
     </span>
    </p>
   </div>
   <div class='ocr_carea' id='block_1_84' title="bbox 1930 4043 3185 4123">
    <p class='ocr_par' dir='ltr' id='par_1_84' title="bbox 1930 4043 3185 4123">
     <span class='ocr_line' id='line_1_85' title="bbox 1930 4043 3185 4123; baseline 0.012 -26"><span class='ocrx_word' id='word_1_510' title='bbox 1930 4043 2020 4098; x_wconf 92' lang='lat'><strong>87.</strong></span> <span class='ocrx_word' id='word_1_511' title='bbox 2058 4043 2119 4097; x_wconf 87' lang='lat' dir='ltr'><strong>Et</strong></span> <span class='ocrx_word' id='word_1_512' title='bbox 2155 4048 2421 4117; x_wconf 90' lang='lat' dir='ltr'><strong>propitius</strong></span> <span class='ocrx_word' id='word_1_513' title='bbox 2443 4051 2688 4107; x_wconf 88' lang='lat' dir='ltr'><strong>redditur</strong></span> <span class='ocrx_word' id='word_1_514' title='bbox 2716 4056 2950 4123; x_wconf 84' lang='lat' dir='ltr'><strong>peccatis</strong></span> <span class='ocrx_word' id='word_1_515' title='bbox 2975 4073 3185 4112; x_wconf 90' lang='lat' dir='ltr'><strong>eorum.</strong></span> 
     </span>
    </p>
   </div>
   <div class='ocr_carea' id='block_1_85' title="bbox 1930 4135 3437 4222">
    <p class='ocr_par' dir='ltr' id='par_1_85' title="bbox 1930 4135 3437 4222">
     <span class='ocr_line' id='line_1_86' title="bbox 1930 4135 3437 4222; baseline 0.013 -34"><span class='ocrx_word' id='word_1_516' title='bbox 1930 4135 2019 4189; x_wconf 93' lang='lat'><strong>88.</strong></span> <span class='ocrx_word' id='word_1_517' title='bbox 2049 4135 2111 4189; x_wconf 90' lang='lat' dir='ltr'><strong>Et</strong></span> <span class='ocrx_word' id='word_1_518' title='bbox 2145 4154 2253 4192; x_wconf 93' lang='lat' dir='ltr'><strong>non</strong></span> <span class='ocrx_word' id='word_1_519' title='bbox 2295 4141 2473 4210; x_wconf 86' lang='lat' dir='ltr'><strong>perdit</strong></span> <span class='ocrx_word' id='word_1_520' title='bbox 2493 4159 2588 4198; x_wconf 83' lang='lat' dir='ltr'><strong>eos</strong></span> <span class='ocrx_word' id='word_1_521' title='bbox 2609 4158 2931 4215; x_wconf 80' lang='lat' dir='ltr'><strong>exspectans</strong></span> <span class='ocrx_word' id='word_1_522' title='bbox 2956 4165 3143 4204; x_wconf 90' lang='lat' dir='ltr'><strong>eorum</strong></span> <span class='ocrx_word' id='word_1_523' title='bbox 3169 4154 3437 4222; x_wconf 64' lang='lat' dir='ltr'><strong>pcenitcno</strong></span> 
     </span>
    </p>
   </div>
   <div class='ocr_carea' id='block_1_86' title="bbox 1859 4226 2010 4281">
    <p class='ocr_par' dir='ltr' id='par_1_86' title="bbox 1859 4226 2010 4281">
     <span class='ocr_line' id='line_1_87' title="bbox 1859 4226 2010 4281; baseline 0 -1"><span class='ocrx_word' id='word_1_524' title='bbox 1859 4226 2010 4281; x_wconf 88' lang='lat' dir='ltr'><strong>tiam.</strong></span> 
     </span>
    </p>
   </div>
   <div class='ocr_carea' id='block_1_87' title="bbox 1929 4320 3400 4397">
    <p class='ocr_par' dir='ltr' id='par_1_87' title="bbox 1929 4320 3400 4397">
     <span class='ocr_line' id='line_1_88' title="bbox 1929 4320 3400 4397; baseline 0.015 -24"><span class='ocrx_word' id='word_1_525' title='bbox 1929 4320 2016 4375; x_wconf 87' lang='lat'>89.</span> <span class='ocrx_word' id='word_1_526' title='bbox 2059 4320 2121 4375; x_wconf 87' lang='lat' dir='ltr'><strong>Et</strong></span> <span class='ocrx_word' id='word_1_527' title='bbox 2153 4323 2379 4378; x_wconf 90' lang='lat' dir='ltr'><strong>multum</strong></span> <span class='ocrx_word' id='word_1_528' title='bbox 2413 4330 2754 4397; x_wconf 79' lang='lat' dir='ltr'><strong>exspectabit</strong></span> <span class='ocrx_word' id='word_1_529' title='bbox 2789 4332 2856 4386; x_wconf 82' lang='lat' dir='ltr'><strong>ob</strong></span> <span class='ocrx_word' id='word_1_530' title='bbox 2887 4348 3040 4387; x_wconf 87' lang='lat' dir='ltr'><strong>suam</strong></span> <span class='ocrx_word' id='word_1_531' title='bbox 3080 4334 3400 4395; x_wconf 83' lang='lat' dir='ltr'><strong>bonitatem.</strong></span> 
     </span>
    </p>
   </div>
   <div class='ocr_carea' id='block_1_88' title="bbox 1932 4496 3043 4575">
    <p class='ocr_par' dir='ltr' id='par_1_88' title="bbox 1932 4496 3043 4575">
     <span class='ocr_line' id='line_1_89' title="bbox 1932 4496 3043 4575; baseline 0.014 -27"><span class='ocrx_word' id='word_1_532' title='bbox 1932 4496 2018 4549; x_wconf 85' lang='lat'><strong>90.</strong></span> <span class='ocrx_word' id='word_1_533' title='bbox 2058 4496 2121 4552; x_wconf 88' lang='lat' dir='ltr'><strong>Et</strong></span> <span class='ocrx_word' id='word_1_534' title='bbox 2147 4514 2254 4553; x_wconf 91' lang='lat' dir='ltr'><strong>non</strong></span> <span class='ocrx_word' id='word_1_535' title='bbox 2289 4500 2542 4557; x_wconf 88' lang='lat' dir='ltr'><strong>irascitur</strong></span> <span class='ocrx_word' id='word_1_536' title='bbox 2577 4521 2748 4575; x_wconf 89' lang='lat' dir='ltr'><strong>usque</strong></span> <span class='ocrx_word' id='word_1_537' title='bbox 2784 4507 2836 4561; x_wconf 94' lang='lat' dir='ltr'><strong>in</strong></span> <span class='ocrx_word' id='word_1_538' title='bbox 2861 4508 3043 4563; x_wconf 86' lang='lat' dir='ltr'><strong>ﬁnem.</strong></span> 
     </span>
    </p>
   </div>
   <div class='ocr_carea' id='block_1_89' title="bbox 1788 4587 3267 4666">
    <p class='ocr_par' dir='ltr' id='par_1_89' title="bbox 1788 4587 3267 4666">
     <span class='ocr_line' id='line_1_90' title="bbox 1788 4587 3267 4666; baseline 0.015 -28"><span class='ocrx_word' id='word_1_539' title='bbox 1788 4611 1830 4664; x_wconf 80' lang='grc' dir='ltr'><strong>ι)</strong></span> <span class='ocrx_word' id='word_1_540' title='bbox 1932 4588 2021 4642; x_wconf 83' lang='grc'>91.</span> <span class='ocrx_word' id='word_1_541' title='bbox 2057 4587 2396 4646; x_wconf 82' lang='lat' dir='ltr'><strong>Recordatur</strong></span> <span class='ocrx_word' id='word_1_542' title='bbox 2422 4595 2590 4662; x_wconf 91' lang='lat' dir='ltr'><strong>enim,</strong></span> <span class='ocrx_word' id='word_1_543' title='bbox 2620 4599 2764 4666; x_wconf 89' lang='lat' dir='ltr'><strong>quod</strong></span> <span class='ocrx_word' id='word_1_544' title='bbox 2793 4601 3086 4657; x_wconf 84' lang='lat' dir='ltr'><strong>multitudo</strong></span> <span class='ocrx_word' id='word_1_545' title='bbox 3121 4615 3267 4660; x_wconf 90' lang='lat' dir='ltr'><strong>sunt.</strong></span> 
     </span>
    </p>
   </div>
   <div class='ocr_carea' id='block_1_90' title="bbox 1935 4677 3440 4769">
    <p class='ocr_par' dir='ltr' id='par_1_90' title="bbox 1935 4677 3440 4769">
     <span class='ocr_line' id='line_1_91' title="bbox 1935 4677 3440 4769; baseline 0.017 -37"><span class='ocrx_word' id='word_1_546' title='bbox 1935 4677 2023 4732; x_wconf 72' lang='lat'><strong>92.</strong></span> <span class='ocrx_word' id='word_1_547' title='bbox 2055 4680 2210 4746; x_wconf 83' lang='lat' dir='ltr'><strong>Quod</strong></span> <span class='ocrx_word' id='word_1_548' title='bbox 2239 4683 2282 4737; x_wconf 91' lang='lat' dir='ltr'><strong>si</strong></span> <span class='ocrx_word' id='word_1_549' title='bbox 2309 4687 2600 4742; x_wconf 91' lang='lat' dir='ltr'><strong>recesserit</strong></span> <span class='ocrx_word' id='word_1_550' title='bbox 2625 4690 2693 4744; x_wconf 88' lang='lat' dir='ltr'><strong>ab</strong></span> <span class='ocrx_word' id='word_1_551' title='bbox 2726 4690 2806 4746; x_wconf 81' lang='lat' dir='ltr'><strong>eis</strong></span> <span class='ocrx_word' id='word_1_552' title='bbox 2837 4693 3042 4761; x_wconf 81' lang='lat' dir='ltr'><strong>anima,</strong></span> <span class='ocrx_word' id='word_1_553' title='bbox 3073 4711 3180 4750; x_wconf 88' lang='lat' dir='ltr'><strong>non</strong></span> <span class='ocrx_word' id='word_1_554' title='bbox 3205 4698 3440 4769; x_wconf 86' lang='lat' dir='ltr'><strong>amplius</strong></span> 
     </span>
    </p>
   </div>
   <div class='ocr_carea' id='block_1_91' title="bbox 1862 4780 2397 4846">
    <p class='ocr_par' dir='ltr' id='par_1_91' title="bbox 1862 4780 2397 4846">
     <span class='ocr_line' id='line_1_92' title="bbox 1862 4780 2397 4846; baseline 0.011 -19"><span class='ocrx_word' id='word_1_555' title='bbox 1862 4785 2090 4841; x_wconf 84' lang='lat' dir='ltr'><strong>possunt</strong></span> <span class='ocrx_word' id='word_1_556' title='bbox 2118 4780 2397 4846; x_wconf 68' lang='lat' dir='ltr'><strong>paenitere.</strong></span> 
     </span>
    </p>
   </div>
   <div class='ocr_carea' id='block_1_92' title="bbox 1930 4866 3036 4936">
    <p class='ocr_par' dir='ltr' id='par_1_92' title="bbox 1930 4866 3036 4936">
     <span class='ocr_line' id='line_1_93' title="bbox 1930 4866 3036 4936; baseline 0.015 -17"><span class='ocrx_word' id='word_1_557' title='bbox 1930 4866 2020 4934; x_wconf 81' lang='grc'><strong>95,</strong></span> <span class='ocrx_word' id='word_1_558' title='bbox 2047 4868 2133 4922; x_wconf 76' lang='grc'><strong>94.</strong></span> <span class='ocrx_word' id='word_1_559' title='bbox 2162 4871 2519 4930; x_wconf 85' lang='lat' dir='ltr'><strong>Irritaverunt</strong></span> <span class='ocrx_word' id='word_1_560' title='bbox 2553 4877 2604 4931; x_wconf 93' lang='lat' dir='ltr'><strong>in</strong></span> <span class='ocrx_word' id='word_1_561' title='bbox 2631 4879 2792 4933; x_wconf 85' lang='lat' dir='ltr'><strong>corde</strong></span> <span class='ocrx_word' id='word_1_562' title='bbox 2824 4894 3036 4936; x_wconf 87' lang='lat' dir='ltr'><strong>eorum.</strong></span> 
     </span>
    </p>
   </div>
   <div class='ocr_carea' id='block_1_93' title="bbox 1933 4957 3183 5042">
    <p class='ocr_par' dir='ltr' id='par_1_93' title="bbox 1933 4957 3183 5042">
     <span class='ocr_line' id='line_1_94' title="bbox 1933 4957 3183 5042; baseline 0.015 -31"><span class='ocrx_word' id='word_1_563' title='bbox 1933 4957 2022 5020; x_wconf 86' lang='grc'><strong>95,</strong></span> <span class='ocrx_word' id='word_1_564' title='bbox 2056 4959 2145 5016; x_wconf 84' lang='grc'>96.</span> <span class='ocrx_word' id='word_1_565' title='bbox 2179 4961 2243 5016; x_wconf 86' lang='lat' dir='ltr'><strong>Et</strong></span> <span class='ocrx_word' id='word_1_566' title='bbox 2273 4964 2549 5020; x_wconf 84' lang='lat' dir='ltr'><strong>ﬁnxerunt</strong></span> <span class='ocrx_word' id='word_1_567' title='bbox 2580 4985 2637 5023; x_wconf 84' lang='lat' dir='ltr'><strong>sc</strong></span> <span class='ocrx_word' id='word_1_568' title='bbox 2661 4970 2806 5038; x_wconf 87' lang='lat' dir='ltr'><strong>ipsos</strong></span> <span class='ocrx_word' id='word_1_569' title='bbox 2837 4973 3183 5042; x_wconf 76' lang='lat' dir='ltr'><strong>pcenitentes.</strong></span> 
     </span>
    </p>
   </div>
   <div class='ocr_carea' id='block_1_94' title="bbox 1935 5049 3140 5132">
    <p class='ocr_par' dir='ltr' id='par_1_94' title="bbox 1935 5049 3140 5132">
     <span class='ocr_line' id='line_1_95' title="bbox 1935 5049 3140 5132; baseline 0.016 -30"><span class='ocrx_word' id='word_1_570' title='bbox 1935 5049 2022 5104; x_wconf 91' lang='lat'>97.</span> <span class='ocrx_word' id='word_1_571' title='bbox 2053 5049 2171 5106; x_wconf 89' lang='lat' dir='ltr'><strong>Non</strong></span> <span class='ocrx_word' id='word_1_572' title='bbox 2204 5057 2470 5111; x_wconf 82' lang='lat' dir='ltr'><strong>recordati</strong></span> <span class='ocrx_word' id='word_1_573' title='bbox 2499 5070 2626 5114; x_wconf 91' lang='lat' dir='ltr'><strong>sunt</strong></span> <span class='ocrx_word' id='word_1_574' title='bbox 2651 5063 2980 5129; x_wconf 58' lang='lat' dir='ltr'><strong>puanitentiaa</strong></span> <span class='ocrx_word' id='word_1_575' title='bbox 3001 5066 3140 5132; x_wconf 89' lang='lat' dir='ltr'><strong>ejus.</strong></span> 
     </span>
    </p>
   </div>
   <div class='ocr_carea' id='block_1_95' title="bbox 1933 5139 3436 5220">
    <p class='ocr_par' dir='ltr' id='par_1_95' title="bbox 1933 5139 3436 5220">
     <span class='ocr_line' id='line_1_96' title="bbox 1933 5139 3436 5220; baseline 0.013 -28"><span class='ocrx_word' id='word_1_576' title='bbox 1933 5139 2021 5193; x_wconf 91' lang='lat'><strong>98.</strong></span> <span class='ocrx_word' id='word_1_577' title='bbox 2053 5140 2209 5207; x_wconf 90' lang='lat' dir='ltr'><strong>Quod</strong></span> <span class='ocrx_word' id='word_1_578' title='bbox 2237 5147 2352 5215; x_wconf 86' lang='lat' dir='ltr'><strong>ipse</strong></span> <span class='ocrx_word' id='word_1_579' title='bbox 2377 5161 2477 5214; x_wconf 90' lang='lat' dir='ltr'><strong>est,</strong></span> <span class='ocrx_word' id='word_1_580' title='bbox 2501 5151 2593 5220; x_wconf 94' lang='lat' dir='ltr'><strong>qui</strong></span> <span class='ocrx_word' id='word_1_581' title='bbox 2615 5153 2871 5207; x_wconf 70' lang='lat' dir='ltr'><strong>liberavit</strong></span> <span class='ocrx_word' id='word_1_582' title='bbox 2894 5170 2992 5210; x_wconf 86' lang='lat' dir='ltr'><strong>cus</strong></span> <span class='ocrx_word' id='word_1_583' title='bbox 3014 5155 3082 5210; x_wconf 83' lang='lat' dir='ltr'><strong>de</strong></span> <span class='ocrx_word' id='word_1_584' title='bbox 3107 5171 3270 5212; x_wconf 89' lang='lat' dir='ltr'><strong>manu</strong></span> <span class='ocrx_word' id='word_1_585' title='bbox 3295 5157 3436 5212; x_wconf 77' lang='lat' dir='ltr'><strong>Plia—</strong></span> 
     </span>
    </p>
   </div>
   <div class='ocr_carea' id='block_1_96' title="bbox 1858 5234 2060 5289">
    <p class='ocr_par' dir='ltr' id='par_1_96' title="bbox 1858 5234 2060 5289">
     <span class='ocr_line' id='line_1_97' title="bbox 1858 5234 2060 5289; baseline 0.02 -4"><span class='ocrx_word' id='word_1_586' title='bbox 1858 5234 2060 5289; x_wconf 87' lang='lat' dir='ltr'><strong>raonis.</strong></span> 
     </span>
    </p>
   </div>
   <div class='ocr_carea' id='block_1_97' title="bbox 1135 5381 2487 5470">
    <p class='ocr_par' dir='ltr' id='par_1_97' title="bbox 1135 5381 2487 5470">
     <span class='ocr_line' id='line_1_98' title="bbox 1135 5381 2487 5470; baseline 0.006 -20"><span class='ocrx_word' id='word_1_587' title='bbox 1135 5388 1442 5453; x_wconf 83' lang='lat' dir='ltr'><strong>Addenda</strong></span> <span class='ocrx_word' id='word_1_588' title='bbox 1476 5397 1534 5451; x_wconf 82' lang='lat' dir='ltr'><strong>et</strong></span> <span class='ocrx_word' id='word_1_589' title='bbox 1580 5389 1956 5470; x_wconf 81' lang='lat' dir='ltr'><strong>corrigenda</strong></span> <span class='ocrx_word' id='word_1_590' title='bbox 1996 5410 2073 5453; x_wconf 82' lang='lat' dir='ltr'><strong>ex</strong></span> <span class='ocrx_word' id='word_1_591' title='bbox 2111 5394 2250 5456; x_wconf 84' lang='lat' dir='ltr'><strong>cod.</strong></span> <span class='ocrx_word' id='word_1_592' title='bbox 2285 5381 2487 5458; x_wconf 69' lang='lat' dir='ltr'><strong>Vatic.</strong></span> 
     </span>
    </p>
   </div>
   <div class='ocr_carea' id='block_1_98' title="bbox 256 5529 545 5598">
    <p class='ocr_par' dir='ltr' id='par_1_98' title="bbox 256 5529 545 5598">
     <span class='ocr_line' id='line_1_99' title="bbox 256 5529 545 5598; baseline 0.014 -13"><span class='ocrx_word' id='word_1_593' title='bbox 256 5529 327 5598; x_wconf 72' lang='lat' dir='ltr'><strong>tl)</strong></span> <span class='ocrx_word' id='word_1_594' title='bbox 354 5535 545 5589; x_wconf 71' lang='grc' dir='ltr'>Αὑτοῦ.</span> 
     </span>
    </p>
   </div>
   <div class='ocr_carea' id='block_1_99' title="bbox 262 5599 1171 5686">
    <p class='ocr_par' dir='ltr' id='par_1_99' title="bbox 262 5599 1171 5686">
     <span class='ocr_line' id='line_1_100' title="bbox 262 5599 1171 5686; baseline 0.011 -30"><span class='ocrx_word' id='word_1_595' title='bbox 357 5605 647 5686; x_wconf 45' lang='lat' dir='ltr'><strong>[lauisse-at</strong></span> <span class='ocrx_word' id='word_1_596' title='bbox 676 5611 743 5680; x_wconf 78' lang='grc' dir='ltr'>τῇ</span> <span class='ocrx_word' id='word_1_597' title='bbox 770 5611 1034 5686; x_wconf 76' lang='grc' dir='ltr'>Διαθήκῃ,</span> <span class='ocrx_word' id='word_1_598' title='bbox 1068 5620 1171 5669; x_wconf 87' lang='lat' dir='ltr'><strong>elc.</strong></span> 
     </span>
    </p>
   </div>
   <div class='ocr_carea' id='block_1_100' title="bbox 260 5669 668 5735">
    <p class='ocr_par' dir='ltr' id='par_1_100' title="bbox 260 5669 668 5735">
     <span class='ocr_line' id='line_1_101' title="bbox 260 5669 668 5735; baseline 0.025 -13"><span class='ocrx_word' id='word_1_599' title='bbox 260 5669 329 5735; x_wconf 83' lang='grc'><strong>(5)</strong></span> <span class='ocrx_word' id='word_1_600' title='bbox 369 5676 668 5732; x_wconf 82' lang='grc' dir='ltr'>Ἀπολλύει.</span> 
     </span>
    </p>
   </div>
   <div class='ocr_carea' id='block_1_101' title="bbox 262 5739 662 5818">
    <p class='ocr_par' dir='ltr' id='par_1_101' title="bbox 262 5739 662 5818">
     <span class='ocr_line' id='line_1_102' title="bbox 262 5739 662 5818; baseline 0.015 -19"><span class='ocrx_word' id='word_1_601' title='bbox 262 5739 332 5810; x_wconf 61' lang='grc' dir='ltr'>(ὅ)</span> <span class='ocrx_word' id='word_1_602' title='bbox 370 5745 486 5800; x_wconf 89' lang='grc' dir='ltr'>Ἐπι</span> <span class='ocrx_word' id='word_1_603' title='bbox 495 5747 662 5818; x_wconf 82' lang='grc' dir='ltr'>μένει.</span> 
     </span>
    </p>
   </div>
   <div class='ocr_carea' id='block_1_102' title="bbox 1932 5545 3438 5625">
    <p class='ocr_par' dir='ltr' id='par_1_102' title="bbox 1932 5545 3438 5625">
     <span class='ocr_line' id='line_1_103' title="bbox 1932 5545 3438 5625; baseline 0.004 -23"><span class='ocrx_word' id='word_1_604' title='bbox 1932 5545 2220 5625; x_wconf 70' lang='lat' dir='ltr'><strong>(5)_N.92.</strong></span> <span class='ocrx_word' id='word_1_605' title='bbox 2266 5551 2532 5625; x_wconf 67' lang='lat' dir='ltr'><strong>&quot;_(_)‘cc___av,</strong></span> <span class='ocrx_word' id='word_1_606' title='bbox 2574 5561 2680 5608; x_wconf 79' lang='lat' dir='ltr'><strong>etc.</strong></span> <span class='ocrx_word' id='word_1_607' title='bbox 2732 5553 2796 5608; x_wconf 79' lang='grc' dir='ltr'>Ν.</span> <span class='ocrx_word' id='word_1_608' title='bbox 2842 5557 2932 5619; x_wconf 83' lang='grc'><strong>95,</strong></span> <span class='ocrx_word' id='word_1_609' title='bbox 2981 5554 3070 5625; x_wconf 71' lang='grc'><strong>94.</strong></span> <span class='ocrx_word' id='word_1_610' title='bbox 3107 5552 3438 5625; x_wconf 69' lang='grc' dir='ltr'>Παρῷξυναν</span> 
     </span>
    </p>
   </div>
   <div class='ocr_carea' id='block_1_103' title="bbox 1863 5619 3436 5697">
    <p class='ocr_par' dir='ltr' id='par_1_103' title="bbox 1863 5619 3436 5697">
     <span class='ocr_line' id='line_1_104' title="bbox 1863 5619 3436 5697; baseline 0.005 -27"><span class='ocrx_word' id='word_1_611' title='bbox 1863 5634 1972 5697; x_wconf 64' lang='lat' dir='ltr'><strong>non</strong></span> <span class='ocrx_word' id='word_1_612' title='bbox 2005 5619 2347 5697; x_wconf 77' lang='lat' dir='ltr'><strong>leg_itt_1r._N.</strong></span> <span class='ocrx_word' id='word_1_613' title='bbox 2384 5622 2471 5679; x_wconf 81' lang='grc'><strong>95.</strong></span> <span class='ocrx_word' id='word_1_614' title='bbox 2529 5625 2658 5690; x_wconf 82' lang='grc' dir='ltr'>Καί,</span> <span class='ocrx_word' id='word_1_615' title='bbox 2688 5634 2794 5680; x_wconf 86' lang='lat' dir='ltr'><strong>etc.</strong></span> <span class='ocrx_word' id='word_1_616' title='bbox 2850 5625 2914 5681; x_wconf 85' lang='lat' dir='ltr'><strong>N.</strong></span> <span class='ocrx_word' id='word_1_617' title='bbox 2949 5624 3037 5682; x_wconf 82' lang='lat'>96.</span> <span class='ocrx_word' id='word_1_618' title='bbox 3092 5619 3298 5697; x_wconf 77' lang='grc' dir='ltr'>Ἰησοῦν</span> <span class='ocrx_word' id='word_1_619' title='bbox 3344 5625 3436 5679; x_wconf 70' lang='grc' dir='ltr'><strong>τὸν</strong></span> 
     </span>
    </p>
   </div>
   <div class='ocr_carea' id='block_1_104' title="bbox 1859 5687 2288 5774">
    <p class='ocr_par' dir='ltr' id='par_1_104' title="bbox 1859 5687 2288 5774">
     <span class='ocr_line' id='line_1_105' title="bbox 1859 5687 2288 5774; baseline 0.012 -33"><span class='ocrx_word' id='word_1_620' title='bbox 1859 5687 1986 5774; x_wconf 59' lang='grc' dir='ltr'>Ϊίὺν</span> <span class='ocrx_word' id='word_1_621' title='bbox 2008 5687 2101 5743; x_wconf 79' lang='grc' dir='ltr'>τοῦ</span> <span class='ocrx_word' id='word_1_622' title='bbox 2133 5691 2288 5747; x_wconf 78' lang='grc' dir='ltr'>Θεοῦ.</span> 
     </span>
    </p>
   </div>
  </div>
