3876 6220
189 334 301 390 981
1089 333 1174 386 DE
1218 333 1492 388 TITULIS
1525 334 1974 392 PSALMORUM.
2014 368 2084 378 —
2122 336 2314 390 PSAL.
2355 337 2608 395 LXXVII.
3369 343 3473 400 982

277 454 402 507 118.
449 452 728 524 Ἀπαρχήν
762 454 960 516 παντὸς
984 455 1144 507 πόνου
1177 457 1375 520 αὐτῶν,
1421 458 1477 508 ὲν
1517 461 1628 521 τοῖς
1657 475 1790 529 σκηο

1965 461 2086 514 118.
2121 459 2398 516 Primitias
2441 460 2624 517 omnis
2655 461 2860 516 laboris
2891 475 3081 516 eorum
3125 463 3176 515 in
3223 464 3473 520 taberna-

194 547 422 616 νώμασι
456 546 606 616 Χάμ.

1895 553 2032 608 culis
2061 553 2253 606 Cham.

275 638 404 692 119.
441 638 551 690 Καὶ
587 637 800 708 ἀπῆρεν
820 637 893 701 ὡς
925 637 1172 712 πρόϐατα
1204 639 1295 692 τὸν
1324 640 1451 694 λαὸν
1476 642 1659 697 αὐτοῦ.

1967 643 2090 695 119.
2124 641 2189 695 Et
2217 642 2442 696 abstulit
2475 642 2620 695 sicut
2643 655 2774 693 oves
2809 641 3066 708 populum
3093 658 3250 696 suum
3281 661 3295 697 :

276 730 404 785 120.
433 732 542 784 Καὶ
565 731 844 804 ἀνήγαγεν
866 733 1062 796 αὐτοὺς
1083 733 1214 786 ὡσεὶ
1238 733 1484 804 ποίμνιον
1502 737 1558 786 ἐν
1580 737 1787 806 ἐρήμῳ.

1970 734 2094 788 120.
2128 733 2194 787 Et
2245 735 2496 804 perduxit
2548 749 2644 790 eos
2688 744 2947 803 tanquam
3002 750 3218 805 gregem
3269 735 3325 790 in
3379 736 3475 792 de—

1895 837 2042 882 serto
2075 846 2085 880 :

277 908 406 964 121.
435 909 546 962 Καὶ
577 909 858 981 ὡδήγησεν
922 911 1118 976 αὐτοὺς
1175 912 1261 965 ἐπ’
1302 911 1499 975 ἑλπίδι,
1541 914 1634 965 καὶ
1696 915 1795 966 οὐκ

1971 919 2094 974 121.
2132 919 2199 973 Et
2219 917 2446 974 deduxit
2476 932 2574 974 eos
2603 918 2657 972 in
2687 933 2802 986 spe,
2829 926 2882 971 et
2917 934 3026 972 non
3053 922 3356 974 timuerunt
3385 937 3398 971 :

198 1002 532 1056 ὲδειλίασαν.

278 1096 403 1148 122.
446 1096 556 1148 Καὶ
580 1095 707 1160 τοὺς
737 1096 964 1168 ἐχθροὺς
996 1096 1174 1150 αὐτῶν
1205 1098 1440 1168 ἐκάλυψε
1473 1099 1736 1153 θάλασσα.

1615 1118 1736 1153 σσα.
1976 1098 2098 1152 122.
2135 1097 2198 1152 Et
2225 1097 2475 1154 inimicos
2502 1112 2689 1152 eorum
2724 1096 2938 1165 operuit
2974 1113 3140 1152 mare.

281 1189 404 1244 I25.
447 1188 555 1242 Καὶ
579 1190 870 1260 εἰσήγαγεν
921 1189 1116 1252 αὐτοὺς
1165 1191 1244 1253 είς
1289 1189 1414 1261 ὅρος
1461 1192 1794 1262 ἀγιάσματος

1977 1193 2098 1246 125.
2141 1191 2204 1244 Et
2251 1191 2465 1246 induxit
2502 1207 2598 1246 eos
2640 1191 2692 1242 in
2740 1199 2980 1244 montem
3025 1189 3477 1244 sanctiﬁcationis

201 1277 400 1339 αὑτοῦ,

1898 1299 2010 1336 811111
2026 1325 2037 1343 .,

280 1373 409 1426 124.
429 1374 594 1444 Ὄρος
622 1372 800 1437 τοῦτο,
831 1372 860 1425 ὃ
882 1372 1156 1444 ἐκτήσατο
1183 1375 1216 1445 ἡ
1243 1373 1392 1440 δεξιά
1417 1376 1602 1429 αὐτοῦ.

1977 1375 2102 1427 124.
2141 1372 2376 1427 Montem
2439 1373 2623 1439 hunc,
2683 1386 2843 1441 quem
2905 1371 3193 1440 acquisivit
3254 1369 3475 1426 dextera

1896 1471 2036 1539 ejus.
2959 1461 2962 1464 8

282 1549 411 1604 125.
452 1551 565 1604 Καὶ
586 1550 839 1617 ἐξέϐαλεν
875 1551 984 1604 ἀπὸ
1011 1551 1304 1623 προσώπου
1331 1555 1510 1607 αὐτῶν
1543 1555 1666 1626 ἔθνη
1689 1573 1700 1585 ·

1592 1561 1700 1626 Νη·
1972 1562 2093 1613 125i.
2141 1561 2202 1612 Et
2237 1560 2399 1629 ejecit
2427 1574 2453 1610 a
2485 1557 2623 1612 facie
2667 1571 2855 1612 eorum
2889 1565 3075 1625 gentes
3110 1573 3123 1608 :

287 1640 408 1694 126.
450 1637 560 1694 Καὶ
597 1641 1022 1712 ἐκληροδότησεν
1051 1642 1244 1706 αὐτοὺς
1271 1646 1329 1696 ἐν
1354 1645 1570 1715 σχοινίῳ
1599 1645 1796 1716 κληρο-

1974 1654 2098 1705 126.
2137 1651 2200 1706 Et
2233 1660 2380 1705 sorte
2400 1648 2588 1703 divisit
2607 1649 2686 1703 eis
2705 1649 2757 1702 in
2784 1648 3026 1702 funiculo
3052 1644 3475 1701 distributionis.

207 1729 414 1795 δοσίας.

284 1825 408 1877 127.
449 1826 560 1878 Καὶ
594 1827 1006 1896 κατεσκήνωσεν
1031 1827 1086 1880 ὲν
1107 1829 1218 1890 τοῖς
1241 1826 1594 1898 σκηνώμασιν
1620 1829 1796 1883 αὐτῶν

1967 1829 2088 1880 127.
2122 1828 2185 1881 Et
2220 1827 2466 1882 habitare
2496 1826 2624 1880 fecit
2656 1828 2710 1880 in
2757 1824 3120 1881 tabernaculis
3153 1840 3343 1879 eorum
3379 1823 3477 1876 tri-

210 1917 310 1980 τάς
341 1916 510 1984 φυλὰς
540 1918 634 1970 τοῦ
673 1918 908 1990 Ἰσραήλ.

674 1918 908 1990 Ἰσραήλ.
1894 1920 1995 1974 bus
2025 1918 2205 1972 Israel.

284 2008 408 2060 128.
451 2010 560 2061 Καὶ
604 2010 922 2080 ἐπείρασαν,
971 2012 1064 2064 καὶ
1093 2011 1506 2084 παρεπίκραναν
1535 2013 1628 2066 τὸν
1666 2013 1798 2067 Θεὸν

1971 2009 2090 2062 128.
2142 2006 2209 2062 Ει
2243 2016 2620 2073 tentavcrunt,
2679 2017 2732 2061 et
2785 2015 3251 2061 exaceroaverunt
3307 2001 3474 2056 Deum

209 2102 303 2153 τὸν
334 2100 556 2170 ὕψιστον
575 2118 589 2132 ⁶

1893 2103 2171 2156 excelsum
2209 2121 2221 2154 :

288 2193 411 2246 129.
453 2193 566 2245 Kal.
598 2193 668 2246 τὰ
703 2194 978 2266 μαρτύρια
1005 2195 1172 2247 αὐτοῦ
1197 2197 1296 2249 οὐκ
1326 2195 1676 2264 ἐφυλάξαντο.

1967 2193 2088 2248 129.
2127 2193 2189 2246 Ει
2223 2193 2534 2247 testimonia
2565 2191 2685 2260 ejus
2729 2205 2838 2245 non
2867 2190 3265 2245 custodierunt.

289 2285 410 2337 150.
452 2287 560 2338 Καὶ
593 2285 962 2356 ἀπέστρεψαν,
997 2287 1090 2339 καὶ
1123 2287 1415 2358 ἠθέτησαν,
1469 2287 1650 2350 καθὼς
1704 2289 1797 2341 καὶ

1973 2285 2093 2339 150.
2129 2283 2196 2338 Ει
2222 2291 2534 2339 averterunt
2554 2299 2632 2345 sc,
2651 2290 2704 2336 et
2728 2299 2834 2336 non
2859 2288 3214 2336 servaverunt
3235 2287 3477 2348 pactum,

210 2371 264 2424 οἱ
292 2370 524 2442 πατέρες
557 2373 734 2425 αὐτῶν
755 2391 768 2402 ο

1905 2377 2364 2446 quemadmodum
2391 2385 2444 2430 et
2473 2384 2655 2444 patres
2688 2389 2878 2428 eorum
2907 2392 2919 2426 :

292 2463 415 2515 151.
457 2466 924 2537 Μετεστράφησαν
954 2470 1032 2532 εἰς
1059 2468 1210 2534 τόξον
1243 2468 1515 2539 στρεϐλόν.

1981 2467 2098 2518 151.
2136 2464 2397 2519 Conversi
2427 2475 2553 2519 sunt
2584 2465 2637 2518 in
2676 2479 2862 2518 arcum
2896 2477 3147 2534 pravum.

289 2554 410 2608 152.
452 2556 563 2610 Καὶ
589 2557 947 2629 παρώργισαν
969 2559 1128 2615 αὑτὸν
1152 2563 1209 2613 ὲν
1230 2564 1340 2624 τοῖς
1369 2561 1576 2630 βουνοῖς
1597 2559 1793 2614 αὑτῶνο

1978 2559 2098 2611 152.
2133 2557 2199 2611 Ει
2233 2558 2286 2611 in
2335 2558 2470 2610 iram
2510 2562 2922 2612 concitaverunt
2969 2571 3092 2610 eum
3145 2555 3199 2608 in
3251 2551 3482 2608 collibus

1905 2667 2020 2706 SUIS
2055 2670 2067 2705 ε

1346 2823 1728 2879 ATHANASH
1765 2822 2354 2880 INTERPRETATIO.

289 3025 412 3082 118.
451 3025 582 3079 Ἀπὸ
629 3027 723 3080 τοῦ
757 3026 1002 3098 ἀρχηγοῦ
1033 3028 1211 3081 αὐτῶν
1246 3029 1340 3082 τοῦ
1388 3029 1635 3083 διαϐόλου
1663 3071 1676 3095 ,
1710 3032 1805 3084 καὶ

1979 3030 2098 3084 118.
2135 3029 2180 3082 Α
2210 3029 2452 3099 principe
2483 3043 2668 3082 eorum
2701 3025 2936 3093 diabolo,
2971 3033 3025 3078 et
3053 3024 3203 3078 omni
3236 3023 3355 3094 ejus
3379 3038 3482 3093 po-

215 3117 402 3190 πάσης
455 3119 622 3172 αὐτοῦ
660 3121 759 3190 τῆς
815 3119 1122 3191 δυνάμεως.
1167 3120 1296 3190 Χὰμ
1342 3123 1450 3192 γὰρ
1505 3127 1746 3192 τολμηρ‹

1606 3123 1806 3192 ῑμηρὸς
1907 3130 2117 3176 testate.
2145 3121 2312 3175 Cltam
2339 3121 2483 3174 enim
2515 3121 2901 3188 interpretatur
2937 3117 3137 3170 audax.

217 3207 599 3279 ἑρμηνεύεται.
1509 3197 1518 3212 ’
1937 3213 1940 3216 ’

273 3281 414 3354 119.
445 3302 554 3354 Καὶ
585 3303 853 3374 ἐρρύσατο
868 3301 942 3364 ὼς
972 3304 1066 3356 ἀπ’
1098 3303 1248 3356 ὲλέου
1284 3303 1359 3375 (1)
1381 3303 1506 3367 τοὺς
1528 3303 1804 3358 πιστεύον-

1975 3303 2097 3358 119.
2138 3301 2203 3356 Et
2223 3301 2391 3356 veluti
2419 3316 2530 3370 prae
2558 3298 2908 3353 miseratione
2923 3293 3177 3350 liberavit
3197 3293 3483 3349 credentes

216 3410 315 3456 τας
345 3393 513 3463 αὐτῷ.

1827 3433 1874 3494 c
1906 3394 1960 3447 in
1987 3393 2185 3462 ipsum.

293 3486 413 3541 120.
444 3488 553 3540 Καὶ
599 3487 875 3558 ἀνήγαγεν
920 3488 1116 3551 αὐτοὺς
1162 3487 1269 3542 ἀπὸ
1318 3489 1418 3561 τῆς
1455 3490 1658 3560 φθορας
1701 3488 1802 3558 τῆς

1978 3484 2103 3538 120.
2139 3484 2204 3538 Ει
2235 3483 2449 3538 reduxit
2503 3498 2598 3536 eos
2652 3497 2681 3534 a
2729 3480 3083 3550 corruptione
3132 3477 3340 3549 peccati
3392 3493 3485 3546 per

219 3577 494 3648 ἁμαρτίας
521 3577 615 3631 τοῦ
654 3580 728 3650 (2)
755 3579 1146 3649 βαπτίσματος.

726 3607 728 3626 .
755 3579 1146 3649 βαπτίσματος.
1905 3577 2257 3646 baptismum.

293 3670 415 3723 121.
445 3670 555 3722 Καὶ
577 3669 862 3740 ὡδήγησαν
896 3671 970 3735 (5)
993 3671 1187 3734 αὐτοὺς
1237 3673 1294 3723 ὲν
1339 3671 1542 3738 πίστει,
1584 3671 1678 3723 καὶ
1703 3671 1802 3724 οὐκ

1982 3669 2104 3723 121.
2143 3669 2208 3722 Et
2234 3667 2461 3723 deduxit
2503 3682 2599 3722 eos
2641 3667 2694 3721 in
2742 3667 2880 3729 ﬁde,
2922 3677 2978 3721 et
3028 3679 3139 3719 non
3187 3665 3485 3720 limuerunt

221 3764 568 3834 ἐφοϐήθησαν
596 3765 694 3833 τὴν
723 3763 1020 3833 ἁμαρτίαν.

675 3781 694 3815 ν
723 3765 836 3833 ἁμα
847 3763 1020 3833 ρτίαν.
1905 3769 2206 3829 peccatum.

291 3856 415 3909 122.
433 3856 542 3918 Τὰς
559 3857 806 3919 ἐναντίας
822 3856 1078 3926 δυνάμεις
1096 3855 1404 3909 ἐθανάτωσε
1421 3856 1483 3908 τὸ
1499 3855 1798 3927 βάπτισμα.

1978 3849 2100 3902 122.
2136 3847 2494 3902 Adversarias
2551 3855 2846 3917 potestates
2898 3845 3250 3900 mortiﬁcavit
3308 3843 3486 3912 bapti-

1905 3955 2080 3994 smus.

291 4035 414 4088 125.
434 4036 529 4098 Είς
553 4035 652 4100 τὴν
681 4035 1008 4105 Ἐκκλησίαν

1039 4035 1136 4107 (1).
1977 4030 2098 4084 125.
2133 4027 2191 4083 In
2218 4027 2542 4084 Ecclesiam.

294 4129 418 4182 124.
460 4130 524 4181 Ἠ
559 4129 856 4199 Ἐκκλησία
898 4129 963 4199 ἢν
1007 4129 1082 4199 (5)
1139 4131 1535 4201 περιποιήσατο
1577 4130 1664 4183 διὰ
1709 4129 1802 4182 τοῦ

1977 4119 2100 4176 121.
2137 4118 2478 4182 Εοοὶεείιιηι,,
2508 4134 2670 4188 quam
2718 4116 3056 4188 comparavit
3103 4115 3324 4186 proprio
3357 4129 3488 4170 san-

220 4220 353 4272 ιδίου
380 4219 610 4290 αἵματος
637 4223 665 4272 ὁ
701 4221 994 4289 μονογενὴς
1027 4220 1151 4283 Υἱὸς
1177 4221 1270 4272 τοῦ
1297 4221 1451 4276 Θεοῦ.

1230 4221 1270 4272 ,ὖ
1297 4221 1451 4276 Θεοῦ,
1907 4212 2069 4281 guine
2096 4212 2409 4280 unigenitus
2442 4209 2613 4264 Filius
2647 4209 2761 4263 Dei.

295 4313 416 4365 125.
460 4312 598 4374 Τοὺς
625 4311 883 4382 δαίμονας
909 4314 970 4363 ἐκ
1002 4311 1110 4362 τῶν
1136 4313 1370 4381 καρδιῶν
1393 4313 1591 4366 αὐτῶν.

1501 4313 1591 4366 ῶν,
1979 4303 2104 4356 125.
2143 4301 2426 4356 Daemones
2447 4318 2512 4355 ex
2543 4301 2798 4356 cordibus
2819 4316 3032 4355 eorum.

299 4401 728 4473 126.Ἐμέρισεν
763 4402 944 4464 αὐτοῖς
984 4403 1050 4454 τὰ
1085 4402 1399 4472 χαρίσματα
1451 4403 1548 4472 τῆς
1585 4402 1804 4473 χάριτος

1451 4403 1548 4472 τῆς
1585 4402 1804 4473 χάριτος
1983 4394 2107 4451 126.
2139 4393 2333 4448 Divisit
2363 4393 2444 4447 eis
2463 4394 2602 4447 dona
2625 4395 2812 4464 gratia:
2844 4411 2975 4448 sine.

219 4493 408 4548 αὑτοῦ.

302 4585 423 4639 127.
463 4583 836 4654 Καὶήγεῖσθαι
855 4586 1107 4655 ἐποίησεν
1124 4584 1301 4637 αὐτῶν
1317 4587 1442 4648 τοὺς
1454 4585 1803 4648 ἀποστόλους.

1719 4603 1803 4648 υς⁹
1979 4573 2103 4627 127.
2135 4571 2199 4626 Ει
2229 4571 2513 4626 constituit.
2540 4571 2708 4626 duces
2730 4587 2920 4626 eorum
2949 4569 3246 4639 apostolos.

297 4676 422 4730 128.
465 4678 528 4729 Οἱ
562 4678 636 4747 μὴ
669 4677 1058 4740 πιστεύσαντες
1094 4677 1243 4747 αὑτῴ
1274 4677 1538 4730 Ἰουδαῖοι.

1982 4661 2106 4715 128.
2143 4659 2340 4725 Judzei,
2363 4661 2457 4729 qui
2489 4661 2587 4730 ipsi
2621 4675 2729 4713 non
2762 4660 3131 4714 crediderunt.

301 4766 417 4819 I29.
459 4767 570 4830 Τὰς
595 4768 900 4839 μαρτυρίας
926 4768 1024 4830 τὰς
1053 4769 1350 4840 εἰρημένας
1377 4770 1505 4840 περὶ
1531 4768 1696 4823 αὐτοῦ
1719 4769 1806 4822 διὰ

1842 4771 1884 4824 ι)
1981 4753 2106 4808 129.
2141 4751 2478 4808 Testimonia
2504 4753 2646 4806 dicta
2680 4751 2747 4806 de
2770 4751 2888 4821 ipso
2912 4767 3007 4806 Der
3032 4748 3345 4819 prophetas.

217 4877 329 4913 των
366 4876 407 4910 π
413 4875 682 4929 ροφητων.

297 4950 418 5004 150.
460 4952 568 5004 Καὶ
582 4953 615 5021 ή
625 4953 887 5023 ρνήσαντο
900 4953 1081 5018 αὐτὸν,
1097 4953 1276 5018 καθὼς
1287 4955 1334 5007 οἱ
1350 4953 1581 5026 πατέρες
1601 4953 1666 5007 αὐ
1674 4954 1799 5007 τῶν.

1985 4929 2108 4983 150.
2143 4927 2208 4981 Ει
2235 4937 2570 4999 negaverunt
2599 4942 2724 4982 eum
2747 4965 2764 4992 ,
2803 4927 3260 4996 quemadmoaum
3305 4936 3490 4998 pot-es

1942 5039 2120 5076 orum.

295 5107 420 5162 151.
461 5108 558 5170 Εἰς
584 5107 928 5162 διδασκαλίαν
954 5109 1054 5162 οὐκ
1086 5109 1273 5181 ὀρθήν.

1908 5038 2120 5077 eorum.

1983 5112 2109 5166 151.
2142 5110 2199 5163 1η
2229 5111 2532 5165 doctrinam
2564 5125 2897 5178 perversam.

297 5198 423 5264 152,
465 5199 586 5254 155.
605 5199 697 5253 Ἐν
724 5203 846 5264 ταῖς
872 5199 1121 5271 καρδίαις
1149 5200 1346 5256 αὐτῶν.

1337 5243 1346 5256 .
1985 5203 2110 5268 152,
2150 5204 2271 5259 155.
2294 5202 2351 5256 1η
2374 5201 2632 5256 cordibus
2655 5217 2868 5259 eorum.

1189 5387 1500 5451 Addenda
1531 5395 1594 5452 et
1617 5388 2004 5468 corrigenda
2035 5407 2116 5452 ex
2147 5395 2288 5451 cod.
2329 5390 2535 5452 Vatic.

295 5593 372 5670 (1)
570 5592 782 5670 λέοντος
1993 5599 2069 5669 (4)
2114 5600 2223 5670 Τὴν
2261 5598 2588 5670 Ἐκκλησίαν
2618 5599 2784 5669 λέγει.

298 5666 375 5742 (f3)
405 5664 636 5742 4.553705.

1991 5664 2067 5742 (5)
2108 5664 2218 5742 Τήν
2257 5664 2606 5742 Ἐκκλησίαν,
2631 5664 2718 5742 ἤν,
2749 5679 2858 5728 etc.

300 5735 376 5805 (5)
412 5735 722 5805 Ὠδήγησεν.
