3876 6220
199 325 312 381 989

198 537 267 589 ,ιύ
276 537 384 588 τῶν
411 554 424 601 ;

272 628 364 681 22.
404 630 510 682 Καὶ
563 630 862 702 γνωσθήτω
908 635 965 686 ἐν
1003 636 1116 699 τοῖς
1159 635 1370 690 ἔθνεσιν
1405 639 1634 692 ἐνώπιον
1685 641 1793 696 τῶν

196 719 269 787 ὀιρ
279 720 503 790 θαλμῶν
541 725 572 791 ἡ
585 721 722 790 μῶν,

273 811 366 862 25.
412 811 474 863 Ἦ
506 812 784 885 ἐκδίκησις
811 814 905 868 τοῦ
945 818 1176 888 αἵματος
1204 820 1313 873 τῶν
1343 822 1544 877 δούλων
1576 841 1668 876 σου
1701 825 1792 877 τοῦ

197 901 408 970 ὲκκεχυ
418 901 576 971 μένου
587 944 598 956 .

275 994 368 1046 2-1.
403 994 703 1048 Εἰσελθέτω
727 996 957 1052 ἐνώπιόν
990 1019 1083 1054 σου
1107 1004 1135 1054 ὁ
1164 1005 1466 1075 στεναγμὸς
1495 995 1604 1058 τῶν
1635 1025 1795 1059 πεπε-

197 1085 264 1155 δη
275 1088 476 1154 μένων.

276 1178 368 1231 25.
415 1179 567 1233 Κατὰ
601 1179 696 1252 τὴν
740 1183 1132 1256 μεγαλωσύνην
1158 1186 1252 1239 τοῦ
1295 1187 1578 1258 βραχίονός
1606 1208 1718 1258 σου,

277 1269 369 1321 26.
414 1271 777 1341 Περιποίησαι
821 1276 946 1337 τοὺς
980 1276 1129 1338 υἱοὺς
1162 1277 1270 1330 τῶν
1310 1279 1788 1351 τεθανατωμένων.

275 1361 369 1414 27.
414 1363 630 1426 Ἀπόδος
657 1367 768 1428 τοῖς
808 1367 1044 1433 γείτοσιν
1077 1367 1237 1439 ήμῶν
1269 1371 1674 1427 ἑπταπλασίονα
1715 1377 1794 1440 εἰς

199 1452 298 1504 τὸν
333 1453 530 1507 κόλπον
563 1457 778 1523 αὐτῶν,

277 1543 369 1598 28.
396 1545 498 1598 Τὸν
525 1545 827 1618 ὀνειδισμὸν
854 1551 1052 1617 αὐτῶν,
1085 1553 1144 1605 ὃν
1177 1554 1461 1608 ὠνείδισάν
1489 1574 1568 1618 σε,
1599 1557 1790 1629 Κύριε,

275 1636 367 1690 29.
417 1637 606 1705 Ἡμεῖς
635 1637 690 1690 δὲ
717 1639 845 1703 λαός
884 1659 976 1694 σου
1008 1645 1102 1697 καὶ
1137 1645 1385 1713 πρόϐατα
1416 1650 1586 1718 νομῆς
1624 1670 1736 1707 σου.

277 1788 366 1841 '50.
399 1788 971 1864 ’Λνθομολογησόμεθά
994 1813 1095 1858 σοι,
1127 1799 1154 1850 ὁ
1188 1798 1341 1864 Θεὸς,
1365 1803 1445 1864 είς
1472 1802 1562 1856 τὸν
1587 1804 1785 1857 αἰῶναο

276 1880 366 1932 51.
402 1881 496 1943 Εἰς
529 1884 722 1946 γενεὰν
745 1885 839 1936 καὶ
873 1886 1064 1952 γενεὰν
1092 1887 1493 1962 ἐξαγγελοῦμεν
1513 1894 1612 1966 τὴν
1649 1898 1793 1950 αἴνεε
1828 1871 1870 1930 Β

206 1971 293 2023 σίν
327 1988 440 2031 σου..

204 2067 315 2129 Εἰς
345 2067 410 2118 τὸ
440 2067 637 2134 τέλος,
679 2070 830 2139 ὑπὲρ
862 2071 979 2126 τῶν
1013 2075 1612 2147 ἀλλοιωθησομένων,
1651 2098 1798 2150 μαρ-

256 2160 463 2227 τύριον
493 2162 570 2226 τῷ
605 2164 808 2233 Ἀσάφ,
830 2167 1073 2236 ψαλμὸς
1096 2168 1246 2238 ὑπὲρ
1280 2171 1386 2224 τοῦ
1427 2173 1762 2242 Ἀσσυρίου.

830 2262 994 2313 ‘FAA.
1038 2265 1128 2314 ΟΘ
1145 2269 1176 2315 ’.

280 2353 336 2410 ε.
371 2345 430 2410 Ὀ
467 2348 766 2418 ποιμαίνων
801 2349 890 2404 τὸν
933 2345 1170 2424 Ἰσραὴλ,
1206 2353 1472 2425 πρόσχες·

1099 335 1190 392 DE
1233 339 1518 397 TITULIS
1556 340 2004 399 PSALMORUM.
2045 377 2115 385 —
2151 346 2346 404 PSAL.
2390 350 2624 406 LXX1X.

273 442 367 498 21.
406 444 634 514 Μήποτε
688 446 884 501 εἴπωσι
925 445 992 502 τὰ
1026 449 1153 522 ἔθνη
1179 468 1194 481 ο
1245 453 1356 505 Ποῦ
1409 455 1555 506 ἐστιν
1599 456 1627 507 ὁ
1663 455 1794 520 Θεὸς
1822 463 1868 518 Α

1970 458 2057 510 21.
2087 457 2163 514 Ne
2192 461 2330 515 forte
2356 463 2541 519 dicant
2567 476 2753 533 gentes
2791 483 2805 518 :
2843 463 2945 518 Ubi
2973 473 3052 518 est
3077 463 3222 517 Deus
3249 460 3480 516 eorum?

1970 613 2058 666 22.
2092 614 2156 667 Et
2192 617 2495 672 innotescat
2527 621 2578 672 in
2619 621 2933 674 nationibus
2961 634 3146 674 coram
3179 616 3352 672 oculis
3387 630 3482 668 no—

1897 706 2048 770 stris,

1974 797 2063 850 25.
2108 797 2254 852 Ultio
2297 801 2579 868 sanguinis
2617 817 2898 856 servorum
2935 809 3174 866 tuorum,
3217 797 3312 867 qui
3344 795 3478 850 ell'u-

1895 903 1992 942 sus
2014 896 2115 943 est.

1968 979 2061 1032 24.
2100 978 2340 1035 lntrocat
2380 981 2433 1033 in
2466 990 2763 1050 conspectu
2795 990 2889 1034 tuo
2921 981 3154 1050 gemitus
3197 976 3475 1044 compedi-

1897 1080 2101 1124 tOrun'I.

1969 1161 2062 1214 25.
2103 1158 2415 1213 Secundum
2451 1157 2856 1210 multitudinem
2894 1155 3100 1209 brachii
3132 1155 3231 1217 tui,

1967 1253 2057 1306 26.
2094 1251 2322 1305 Posside
2356 1250 2495 1304 lilios
2535 1249 3014 1304 n‘Iortilicatmum.

1968 1345 2058 1398 27.
2096 1342 2280 1397 Redde
2321 1342 2516 1396 vicinis
2541 1342 2745 1395 nostris
2789 1341 3097 1409 septuplum
3132 1340 3186 1392 in
3235 1339 3359 1394 sinu
3384 1355 3473 1394 eo-

1897 1451 2040 1499 rum,

1965 1525 2055 1576 28.
2094 1523 2490 1593 Improperium
2526 1524 2791 1592 ipsorum,
2831 1524 2976 1592 quod
3010 1521 3475 1590 exprobraverunt

1897 1615 2015 1678 tibi,
2056 1615 2306 1669 Domine.

1965 1710 2062 1766 29.
2095 1711 2204 1762 Nos
2233 1718 2413 1762 autem
2445 1707 2678 1776 populus
2701 1715 2850 1768 tuus,
2871 1715 2920 1758 et
2951 1721 3080 1759 oves
3111 1721 3325 1774 pascua:
3345 1717 3471 1771 tuae,

1970 1808 2058 1859 50.
2087 1802 2500 1862 Conlitebimur,
2525 1801 2641 1862 tibi,
2665 1799 2828 1860 licus,
2863 1799 2916 1851 in
2948 1799 3206 1852 saeculum
3236 1819 3250 1853 :

1970 1899 2057 1951 51.
2091 1895 2145 1949 1η
2180 1894 2581 1964 generationem
2607 1899 2661 1946 et
2698 1891 3099 1961 generationem
3131 1890 3476 1944 annuntiabi—

1895 2005 2017 2044 mus
2044 1989 2257 2040 laudem
2291 1994 2460 2037 tuam.

2001 2079 2067 2131 In
2097 2079 2248 2146 ﬁnem
2283 2093 2300 2128 :
2335 2092 2428 2144 pro
2457 2075 2560 2139 his,
2592 2074 2680 2142 qui
2708 2072 3190 2135 commutabunlur,
3223 2075 3368 2126 testi-

2131 2169 2368 2222 monium
2394 2166 2592 2234 Asaph,
2624 2165 2856 2232 psalmus
2889 2181 2982 2232 pro
3009 2163 3250 2234 Assyrio.

2437 2257 2643 2313 PSAL.
2677 2257 2934 2310 LXXIX.

1969 2356 2019 2409 1.
2055 2353 2158 2422 Qui
2182 2355 2326 2424 regis
2358 2351 2544 2416 Israel,
2577 2353 2796 2405 intende
2829 2369 2843 2405 :

1343 2510 1726 2567 ATHANASII
1765 2510 2352 2566 iNTERPRETATlO.

275 2666 366 2719 21.
397 2666 476 2720 Τὰ
509 2668 796 2737 πνεύματα
835 2668 902 2721 τὰ
933 2669 1241 2740 ἀκάθαρτα.

277 2757 369 2812 22.
398 2759 506 2811 Καὶ
541 2759 835 2826 ἐπιγνῶσιν
884 2762 938 2813 αἱ
965 2762 1126 2813 αὐταὶ
1158 2761 1417 2830 δυνάμεις
1447 2758 1540 2811 τοῦ
1571 2758 1785 2829 ἐχθροῦ,

198 2850 286 2904 ὅτ.
319 2849 570 2921 ὁρώντων
608 2852 764 2922 ἡμῶν
797 2856 970 2915 ποιεῖς
1003 2853 1101 2924 τὴν
1138 2853 1436 2922 ἐκδίκησιν.

274 2943 365 2998 25.
399 2943 568 3014 Ὑπὲρ
591 2943 698 2997 τῶν
723 2945 1076 3015 ἀπολομένων
1103 2944 1293 3015 ψυχῶν
1317 2945 1422 2998 τῶν
1445 2946 1644 3001 δούλων
1675 2961 1789 2996 σου.

182 3070 197 3084 .
272 3034 365 3088 21.
394 3035 718 3108 Καταξιωθῇ
767 3037 1024 3090 εἰσελθεῖν
1060 3038 1196 3109 πρὸς
1229 3038 1287 3090 σέ
1337 3040 1370 3109 ἡ
1407 3038 1794 3109 ἐξομολόγησις

200 3127 314 3179 τῶν
340 3126 638 3197 δεδεμένων
666 3129 771 3181 ὑπὸ
802 3131 900 3199 τῆς
927 3130 1222 3200 ἁμαρτίας.

274 3219 364 3274 25.
403 3219 560 3273 Κατὰ
587 3221 686 3292 τὴν
717 3222 871 3291 ἰσχὺν
898 3222 990 3273 τοῦ
1020 3221 1150 3273 Υἰοῦ
1187 3238 1302 3274 σου.

274 3314 364 3387 26.
402 3314 762 3385 Περιποίησαι
793 3315 879 3368 διὰ
904 3315 997 3367 τοῦ
1040 3316 1271 3386 αἵματος
1299 3313 1466 3366 αὑτοῦ
1507 3315 1585 3377 είς
1615 3331 1791 3384 σωτη-

205 3408 330 3479 ρίαν
355 3407 480 3470 τοὺς
506 3408 664 3470 ὄντας
691 3407 843 3470 υἱοὺς
875 3407 985 3460 τῶν
1017 3407 1508 3479 παραπτωμάτων.

276 3497 366 3562 27.
411 3499 795 3562 ’Λδιαλείπτως
821 3499 920 3569 τὴν
948 3499 1171 3553 κόλασιν
1203 3499 1524 3570 εὐτρέπισον
1555 3503 1673 3563 ταῖς
1702 3500 1792 3553 τοῦ

199 3588 451 3643 διαϐόλου
490 3591 805 3660 δυνάμεσιν.

277 3679 368 3733 28.
404 3683 526 3734 ’Ότι
558 3683 976 3754 κατεκαυχῶντο
1005 3682 1081 3746 ὡς
1109 3681 1356 3753 ἀνίκητοι
1385 3683 1557 3745 ὄντες.

274 3773 364 3828 29.
410 3775 600 3844 Ἡμεῖς
635 3775 691 3827 δὲ
721 3776 923 3846 κλῆρός
956 3793 1082 3840 σου,
1142 3775 1238 3828 καὶ
1288 3775 1538 3845 πρόϐατά
1574 3792 1666 3828 σου
1700 3773 1793 3826 τοῦ

199 3865 460 3933 ἀληθινοῦ
493 3866 770 3936 ποιμένος,
809 3867 902 3919 καὶ
930 3867 1038 3920 τῶν
1069 3867 1176 3920 σῶν
1211 3866 1408 3920 αὐλῶν.

274 3957 363 4012 50.
384 3957 658 4029 Ἀλλήλοις
676 3957 1072 4030 διηγησόμεθα,
1091 3959 1185 4012 καὶ
1206 3957 1350 4013 κατὰ
1382 3961 1561 4012 πᾶσαν
1577 3958 1791 4026 γενεάν.

1971 2668 2060 2722 21.
2093 2667 2364 2722 Immundi
2396 2667 2641 2736 spiritus.

1969 2759 2058 2811 22.
2088 2757 2153 2811 Et
2195 2766 2533 2827 cognoscant
2574 2757 2704 2826 ipsa:
2747 2766 3044 2826 potestates
3083 2758 3286 2814 inimici
3328 2758 3476 2830 quod

1895 2852 2055 2905 nobis
2079 2850 2454 2920 spectantibus
2477 2850 2770 2903 vindictam
2791 2849 2947 2906 facis.

1964 2943 2054 2995 2'5.
2092 2941 2163 2994 De
2193 2941 2392 2995 animis
2427 2956 2712 2995 servorum
2743 2952 2984 3010 tuorum,
3022 2959 3144 3012 qum
3180 2944 3473 3013 perierunt.

1966 3033 2056 3087 24.
2089 3031 2260 3102 Digna
2295 3033 2388 3086 liat
2417 3033 2628 3102 ingredi
2656 3033 2723 3087 ad
2756 3042 2806 3088 te
2833 3033 3109 3088 confessio
3138 3050 3350 3098 eorum,
3383 3035 3476 3103 qni

1898 3135 2025 3181 sunt
2053 3126 2334 3181 constricti
2371 3141 2401 3180 a
2431 3134 2677 3194 peccato.

1968 3214 2059 3267 25.
2091 3211 2403 3267 Secundum
2438 3212 2811 3266 fortitudinem
2839 3211 2961 3264 Filii
2989 3213 3089 3264 tui.

1968 3304 2059 3358 26.
2087 3303 2316 3358 Posside
2352 3304 2618 3374 sanguine
2645 3312 2738 3357 tuo
2777 3303 2830 3356 in
2863 3305 3094 3357 salutem
3133 3302 3274 3356 ﬁlios
3300 3311 3482 3355 trans-

1898 3397 2242 3466 gressionum
2255 3437 2268 3449 .

1966 3487 2058 3542 27.
2095 3487 2422 3558 Perpetuum
2473 3487 2804 3557 supplicium
2845 3501 3091 3557 praepara
3120 3484 3482 3555 potestatibus

1897 3579 2118 3634 diaboli.

1980 3669 2070 3724 28.
2091 3669 2362 3735 Quoniam
2387 3669 2600 3738 gloriati
2627 3679 2754 3723 sunt
2783 3678 3038 3738 tanquam
3059 3667 3478 3738 insuperabiles.

1966 3759 2056 3812 29.
2090 3758 2199 3812 Nos
2231 3768 2410 3812 autem
2439 3760 2729 3813 lnereditas
2756 3770 2868 3823 tua,
2898 3769 2952 3813 ct
2977 3775 3106 3814 oves
3139 3768 3263 3824 tuae,
3299 3760 3393 3828 qui
3423 3773 3484 3813 es

1897 3849 2095 3905 Pastor
2124 3866 2306 3912 verus,
2333 3860 2385 3903 et
2422 3852 2499 3903 tui
2533 3851 2714 3904 ovilis.

1971 3944 2060 3996 '50.
2096 3942 2331 3995 Invicem
2381 3943 2768 4009 narrabimus,
2823 3952 2878 3996 et
2925 3944 2980 3997 in
3042 3943 3195 3998 omni
3252 3957 3480 4012 genera-

3373 350 3478 403 9ﬂ0
3565 393 3567 396 .

1824 4033 1866 4086 D
1897 4037 2067 4091 tione.

273 4135 364 4190 51.
399 4136 509 4208 Τὴν
534 4137 692 4204 δόξαν
722 4139 821 4208 τῆς
851 4138 1263 4210 φιλανθρωπίας
1297 4155 1408 4190 σου.

1972 4130 2058 4182 51.
2094 4127 2332 4182 Gloriam
2367 4128 2716 4198 benignitatis
2747 4138 2873 4182 tuae.

288 4255 353 4307 Ἠ
387 4255 724 4326 προκειμένη
765 4255 1045 4328 ἐπιγραφὴ
1081 4254 1357 4328 περιέχει·
1383 4255 1484 4318 Εἰς
1519 4252 1581 4304 τὸ
1616 4251 1810 4314 τέλος,
1842 4249 1996 4316 ὑπὲρ
2027 4248 2145 4302 τῶν
2165 4244 2774 4315 άλσιοιωθησομένων,
2802 4247 3131 4314 μαρτύριον
3159 4242 3240 4307 τῷ
3268 4239 3481 4307 Ἀσάφ,

201 4349 447 4418 ψαλμὸς
468 4349 622 4419 ὑπὲρ
650 4349 757 4404 τοῦ
802 4350 1122 4417 Ἀσσυρίου
1146 4365 1157 4378 ’
1190 4347 1494 4412 τουτέστιν,
1522 4345 1663 4416 ὑπὲρ
1712 4345 1791 4413 τῷ
1829 4343 1974 4396 τέλει
2009 4341 2407 4411 ἁλλοιουμένων
2437 4339 2547 4391 απὸ
2596 4339 2695 4408 τῆς
2732 4343 2975 4411 πονηρᾶς
3007 4333 3353 4406 ἀναστροφῆς
3392 4329 3486 4382 ἐπὶ

205 4440 306 4511 τὴν
330 4439 497 4512 ὀρθὴν
522 4443 618 4494 καὶ
646 4441 935 4512 ἄμεμπτον
965 4437 1264 4492 πολιτείαν.
1313 4433 1445 4488 Εἶτα
1473 4435 1802 4504 μαρτύριον
1835 4431 1916 4497 τῷ
1957 4431 2147 4499 Ἀσὴρ
2175 4472 2188 4491 ,
2215 4432 2352 4500 ὅπερ
2384 4430 2531 4482 ἐστὶν
2573 4428 3006 4499 ἑρμηνευόμενον
3039 4429 3134 4480 καὶ
3159 4424 3484 4496 δηλούμενον

203 4539 533 4609 μαρτύριον
560 4532 640 4599 τῷ
671 4533 1063 4602 συλλὲνγον-τι,
1091 4531 1337 4583 τουτέστι
1378 4529 1486 4583 τοῦ
1546 4527 1684 4581 Υἱσῦ
1727 4525 1826 4598 [τῷ
1859 4525 1998 4596 Υἱῷ]
2028 4525 2133 4576 τοῦ
2167 4524 2334 4576 Θεοῦ.
2374 4518 2503 4574 Εἶτα
2534 4521 2778 4589 mauide
2809 4521 2961 4588 ὑπὲρ
2998 4520 3104 4572 τοῦ
3146 4517 3482 4595 Ἀσσυρίουν

206 4637 346 4707 ὅπερ
377 4633 650 4688 καὶτοῦτο
679 4630 1043 4703 ἑρμηνεύεται
1071 4629 1225 4697 ὑπὲρ
1266 4627 1371 4681 τοῦ
1402 4626 1899 4688 κατευθύνοντος,
1935 4622 2135 4674 ὡσανεὶ
2162 4620 2256 4672 τοῦ
2283 4617 2707 4680 κατευθύνοντος
2732 4616 2830 4685 τὴν
2861 4613 3091 4684 καρδίαν
3130 4630 3242 4664 σου.

282 4775 498 4830 Titulus
526 4775 850 4844 praepositus
867 4773 1114 4828 continet
1137 4791 1148 4824 :
1170 4771 1232 4822 In
1253 4771 1430 4839 ﬁnem,
1447 4785 1540 4837 pro
1560 4769 1648 4830 iis,
1668 4767 1756 4836 qui
1773 4781 1972 4818 comma
1986 4764 2256 4825 labuntur,
2280 4759 2635 4812 testimonium
2659 4756 2852 4824 Asaph,
2874 4753 3110 4824 psalmus
3125 4769 3216 4820 pro
3231 4750 3447 4818 Assyrio
3466 4764 3484 4801 :

206 4875 314 4927 huc
338 4881 421 4926 est
447 4888 544 4942 pro
576 4872 664 4933 iis,
690 4870 784 4939 qui
812 4870 865 4923 in
893 4871 1049 4923 linem
1074 4867 1558 4922 commutabuntur
1577 4865 1641 4915 ab
1665 4863 1911 4931 improha
1933 4861 2052 4913 vitae
2083 4857 2498 4912 conversatione
2529 4857 2582 4909 in
2619 4861 2820 4906 rectam
2856 4861 2907 4904 et
2933 4844 3482 4916 irrepreltcnsibilem.

207 4967 414 5022 Deinde
445 4966 802 5019 testimonium
832 4964 1034 5033 Asaph,
1071 4962 1217 5033 quod
1254 4978 1316 5016 ea
1362 4960 1760 5030 signiﬁcatione
1804 4965 2082 5024 sumptum
2129 4963 2232 5016 est.
2274 4953 2500 5021 perinde
2545 4967 2608 5004 ac
2650 4949 2893 5002 diceret:
2929 4943 3308 4997 Testimonium
3336 4938 3485 5033 colli.

205 5062 369 5130 genti,
401 5060 503 5112 hoc
531 5068 636 5122 est,
669 5057 766 5111 Dei
797 5032 964 5110 Filio.
999 5032 1192 5111 Postea
1230 5053 1469 5124 psalmus
1498 5071 1593 5111 pro
1625 5052 1865 5120 Assyrio,
1896 5050 2040 5119 quod
2067 5048 2229 5102 etiam
2265 5047 2656 5113 interpretatur
2710 5057 2805 5110 pro
2847 5041 3103 5108 dirigcnle
3138 5049 3329 5102 nempe
3355 5032 3484 5085 diri-

206 5176 236 5226 g
278 5167 366 5207 nte
395 5170 486 5207 cor
516 5162 693 5207 tuum.

1982 5285 2033 5338 1.
2073 5283 2174 5349 Qui
2235 5284 2380 5350 regis
2431 5281 2675 5335 videntes
2723 5286 2773 5331 te
2829 5274 3154 5339 Dominum,
3207 5278 3260 5324 et
3313 5267 3484 5323 Dctittt

1913 5386 2093 5430 mente
2125 5395 2137 5428 :
2172 5375 2244 5428 ita
2275 5375 2420 5427 enim
2455 5373 2843 5440 interpretatur
2871 5365 3065 5420 Israel.

290 5297 334 5350 1.
374 5294 433 5346 '0
465 5294 770 5362 ποιμαίνων
795 5293 920 5354 τοὺς
964 5290 1207 5362 ὁρῶντάς
1249 5307 1307 5342 σε
1340 5288 1432 5341 τὸν
1460 5286 1665 5357 Κύριον
1700 5287 1797 5356 (1),

205 5390 301 5443 καὶ
321 5384 456 5439 (θεὸν
477 5389 545 5456 τῇ
568 5386 777 5454 διανοίᾳ
793 5401 804 5412 ·
839 5383 996 5437 τοῦτο
1016 5382 1124 5453 γὰρ
1150 5377 1797 5455 ἑρμηνεύεται-Ἰσραήλ.

1180 5553 1485 5619 Addenda
1520 5561 1580 5615 et
1607 5551 1987 5631 corrigenda
2019 5569 2095 5613 ex
2129 5551 2269 5612 cod.
2332 5548 2530 5612 Vatic.

292 5683 368 5757 (l)
405 5681 633 5753 Κύριον,
662 5681 753 5736 καὶ
781 5682 995 5737 desunt.
