3876 6220
185 303 311 362 995
1081 305 1170 360 DE
1210 306 1483 362 TlTULlS
1525 305 1977 362 PSALMORUM.
2021 339 2088 349 —
2127 307 2322 363 PSAL.
2365 305 2601 364 LXXlX.
3393 309 3497 366 9N

277 423 368 480 18.
406 424 756 496 Ὠδοποίησας
780 423 1090 497 ἔμπροσθεν
1119 426 1309 494 αὐτῆς.

1839 429 1885 484 Α
1990 425 2077 478 18.
2108 422 2224 478 Dux
2254 423 2465 478 itineris
2493 422 2645 477 fuisti
2676 421 2732 475 in
2774 431 3073 491 conspectu
3104 421 3224 490 ejus
3252 439 3264 476 :

280 515 370 571 19.
403 517 514 570 Kal
541 516 954 588 κατεφύτευσας
985 517 1084 581 τὰς
1115 518 1270 590 ῥίζας
1300 518 1494 587 αὐτῆς,
1514 519 1608 571 καὶ
1638 518 1806 590 ἐπλή-

1985 517 2070 570 19.
2103 515 2170 570 Ει
2191 517 2450 587 plantasti
2477 515 2689 569 radices
2718 514 2858 583 ejus,
2892 524 2946 568 et
2979 514 3223 584 implevit
3258 523 3493 568 terrain;

184 625 352 680 ρωσε
386 611 484 680 τὴν
511 611 636 680 γῆν.

273 702 364 756 20.
415 703 715 773 Ἑκάλυψεν
744 704 844 775 ὅρη
877 707 909 778 ἡ
947 706 1073 758 σκιὰ
1097 705 1288 776 αὐτῆς·

1979 695 2071 748 20.
2109 693 2335 763 Operuit
2363 701 2581 748 montes
2612 693 2803 747 umbra
2833 694 2951 761 ejus
2979 711 2994 748 :

270 796 364 848 2|.
409 797 519 850 Kal
573 797 630 849 αἱ
679 797 1066 869 ἀναδενδράδες
1100 799 1269 869 αὐτῆς
1302 797 1400 861 τὰς
1443 797 1668 868 κέδρους
1710 796 1801 850 τοῦ

1443 797 1668 868 κέδρους
1710 796 1803 850 τοῦ
1981 787 2070 840 21.
2107 786 2174 841 Et
2209 787 2434 842 arbusta
2459 786 2581 855 ejus
2616 787 2810 841 cedros
2839 785 2955 841 Dei.

184 886 364 941 Θεοῦ.

268 979 361 1032 22.
404 979 667 1044 Ἐξέτεινε
699 981 768 1034 τὰ
800 982 1055 1054 κλήματα
1087 986 1256 1055 αὐτῆς
1286 984 1390 1047 ἕως
1431 983 1731 1053 Θαλάσσης,

1977 987 2068 1042 22.
2103 985 2364 1041 Extendit
2393 984 2647 1056 palmites
2688 999 2821 1038 suos
2855 999 3028 1052 usque
3056 983 3121 1036 ad
3164 999 3333 1049 mare,

271 1069 364 1123 25.
396 1071 504 1122 Kal
529 1071 633 1135 ἕως
667 1073 928 1143 ποταμῶν
953 1074 1050 1137 τὰς
1081 1076 1440 1146 παραφυάδας
1469 1077 1659 1147 αὐτῆς.

1976 1073 2066 1126 25.
2103 1071 2168 1124 Et
2195 1086 2371 1141 usque
2406 1072 2472 1124 ad
2499 1069 2724 1123 ﬁumina
2760 1071 3086 1138 prepagines
3114 1069 3253 1135 ejus.

273 1163 365 1216 21.
407 1166 522 1216 Ἵνα
541 1165 594 1218 τί
616 1166 866 1230 καθεῖλες
902 1167 993 1220 τὸν
1024 1169 1278 1239 φραγμὸν
1303 1171 1493 1241 αὐτῆς

1973 1165 2064 1219 24.
2095 1161 2301 1234 thuid
2330 1163 2650 1218 destruxisti
2680 1163 2975 1216 maceriam
3009 1162 3127 1230 ejus
3155 1179 3167 1214 :

267 1257 363 1311 25.
393 1259 502 1311 Kal
530 1259 804 1330 τρυγῶσιν
835 1261 1005 1333 αὐτὴν
1036 1263 1236 1325 πάντες
1267 1264 1314 1315 οἱ
1341 1263 1798 1336 παραπορευόμε-

1976 1255 2064 1309 25.
2116 1254 2184 1308 Et
2215 1254 2556 1308 vindemiant
2585 1268 2705 1307 eam
2763 1267 2976 1319 onmes,
3029 1252 3122 1321 qui
3175 1258 3488 1320 praetergre-

182 1363 276 1399 νοι
313 1348 414 1418 τὴν
447 1349 561 1400 ὁδόν
583 1366 597 1414 ;

1904 1341 2134 1396 diuntur
2159 1341 2354 1396 viam?

261 1437 354 1491 26.
402 1438 741 1510 Ἐλυμήνατο
774 1441 944 1513 αὐτὴν
973 1434 1036 1506 ὗς
1068 1445 1130 1495 ἐκ
1164 1443 1395 1514 δρυμοῦ·

1975 1433 2065 1488 26.
2107 1433 2505 1487 Exterminavit
2529 1447 2648 1486 eam
2681 1447 2811 1501 aper
2835 1432 2903 1485 de
2932 1431 3064 1485 silva
3095 1449 3106 1483 :

267 1528 361 1581 27.
397 1529 506 1581 Kal
533 1531 715 1600 μονιὸς
743 1532 933 1603 ἄγριος
955 1536 1366 1604 κατενεμὴσατο
1395 1535 1585 1605 αὑτήν.

1972 1527 2062 1580 27.
2099 1525 2167 1580 Ει
2197 1525 2495 1596 singularis
2523 1526 2676 1580 ferus
2707 1526 2967 1593 depastus
2993 1532 3076 1578 est
3108 1539 3248 1576 eant.

266 1617 359 1670 23.
403 1619 460 1671 '0
494 1619 626 1682 Θεὸς
659 1621 767 1673 τῶν
795 1623 1099 1694 δυνάμεων,
1128 1625 1457 1696 ἐπίστρεψον
1487 1626 1574 1697 δήο

1562 1645 1574 1657 ο
1972 1620 2060 1673 28.
2096 1618 2240 1674 Deus
2269 1620 2556 1682 virtutum,
2591 1627 2911 1672 convertere
2933 1617 3048 1685 jam
3082 1633 3093 1670 :

263 1707 359 1760 29.
390 1709 501 1762 Kal
523 1709 813 1781 ἐπίϐλεψον
838 1712 896 1777 ἐξ
927 1713 1182 1784 οὐρανοῦ,
1218 1715 1311 1768 καὶ
1343 1715 1440 1778 ἴδε,

1429 1755 1440 1778 ,
1829 1770 1869 1784 ἢ
1974 1714 2063 1768 29.
2095 1711 2158 1765 Et
2188 1711 2400 1781 respice
2431 1711 2498 1764 de
2531 1711 2693 1774 caelo,
2727 1720 2782 1764 et
2817 1711 2960 1777 vide,

265 1800 358 1853 50.
390 1801 498 1854 Kal
531 1802 823 1873 ἐπίσκεψαι
851 1804 947 1875 τὴν
980 1805 1222 1876 ἄμπελον
1247 1807 1471 1876 ταύτην.

1295 1807 1471 1876 ιύτην.
1828 1770 1870 1824 Β
1974 1804 2063 1860 50.
2097 1803 2165 1858 Ει
2193 1804 2356 1858 visita
2387 1803 2605 1855 vineam
2643 1802 2826 1855 islam.

264 1892 356 1944 51.
392 1894 503 1946 Kal
550 1897 876 1967 κατάρτισαι
932 1898 1125 1969 αὐτὴν,
1163 1899 1230 1970 ἢν
1284 1899 1581 1969 ἐφύτευσεν
1632 1901 1664 1971 ὴ
1708 1902 1793 1954 δε-

1976 1898 2067 1952 51.
2098 1896 2164 1951 Ει
2192 1896 2392 1966 perﬁce
2422 1911 2563 1956 eam,
2595 1910 2758 1964 quam
2789 1894 3054 1963 plantavit
3089 1893 3312 1949 dextera
3351 1903 3463 1950 tua.

190 1982 284 2047 ξιά
321 2001 434 2037 σου.

265 2077 356 2129 52.
415 2078 524 2132 Kal
573 2079 666 2131 ἐπὶ
715 2081 828 2133 υἱὸν
893 2082 1218 2153 ἀνθρώπου,
1287 2084 1345 2137 ὃν
1407 2087 1789 2157 ὲκραταίωσας

1972 2141 2062 2196 52.
2096 2138 2164 2193 Et
2199 2153 2365 2208 super
2407 2137 2578 2191 ﬁlium
2615 2134 2883 2199 hominis,
2932 2151 3094 2205 quem
3150 2138 3483 2192 conlirmasti

188 2189 428 2260 σεαυτῷ.

1903 2189 1995 2290 tibi

264 2299 357 2353 55.
405 2301 895 2378 Ἐμπεπυρισμὲνη
927 2308 1082 2380 πυρὶ,
1114 2310 1207 2364 καὶ
1236 2311 1655 2386 ἁνεσκαμμένη·

1373 2313 1655 2386 καμμένη·
1973 2325 2060 2378 55.
2100 2323 2325 2378 Incensa
2361 2321 2494 2390 igni,
2521 2329 2577 2373 et
2616 2319 2852 2374 suti‘ossa
2886 2338 2898 2374 :

263 2391 356 2445 54.
427 2394 558 2448 Ἀπὸ
609 2399 980 2470 ἐπιτιμήσεως
1032 2401 1128 2454 τοῦ
1175 2402 1473 2473 προσώπου
1519 2421 1614 2459 σου
1656 2408 1719 2460 ἅτ

1700 2425 1795 2460 πο-
1973 2417 2062 2470 54.
2093 2415 2177 2469 Ab
2216 2412 2592 2482 increpatione
2622 2412 2807 2464 vultus
2845 2411 2923 2465 tui
2957 2410 3231 2480 peribunt.

187 2499 396 2538 Αουντα
405 2504 419 2538 ι
429 2530 442 2544 ,

1328 2701 1707 2759 ΑΤΗΑΝΔΞΙΙ
1747 2701 2341 2759 INTEBPRETATIO.

268 2899 359 2953 18.
389 2899 500 2962 Τάς
529 2900 749 2963 ἐντολάς
782 2917 872 2953 σου
900 2897 1238 2972 προσέθηκεν
1264 2903 1340 2972 (1)
1375 2904 1531 2973 αὐτῇ.

1388 2904 1531 2973 ιὺτῇ.
1818 2914 1859 2968 (3
1971 2905 2055 2958 18.
2098 2902 2369 2973 Praecepta
2398 2913 2487 2958 tua
2513 2910 2818 2975 apposuts'tt
2853 2909 2919 2960 ei.

265 2996 354 3047 19.
383 2995 522 3055 Τοὺς
544 2993 736 3061 λόγους
764 2995 872 3046 τῶν
907 2996 1220 3066 προφηεῶν.

1974 2997 2060 3050 19.
2093 2994 2387 3051 Sermones
2417 3000 2826 3067 prOphetarnm.

265 3087 359 3142 20.
399 3086 737 3140 Ἐθανάτωσε
781 3088 880 3150 τὰς
932 3088 1181 3150 ἐναντίας
1215 3089 1534 3164 δυνάμειςή
1573 3094 1790 3164 βοήθεια

1965 3088 2054 3144 20.
2088 3087 2432 3143 Mortitieavit
2476 3091 2820 3147 adversarias
2875 3101 3169 3162 potestates
3206 3093 3472 3151 auxilium

186 3181 386 3249 αὐτῆς,
412 3180 687 3232 τουτέστιν
721 3181 748 3232 ὁ
777 3180 908 3243 Θεὸς
933 3181 1120 3251 αὐτῆς.

1108 3223 1120 3235 .
1897 3180 2036 3248 ejus,
2069 3181 2173 3234 hoc
2206 3189 2288 3234 est
2324 3178 2464 3234 Deus
2491 3181 2631 3249 ejus.

263 3274 356 3327 21.
416 3273 524 3326 Kal
569 3276 623 3327 αἱ
680 3273 773 3326 τοῦ
817 3273 952 3327 Θεοῦ
995 3274 1332 3331 διδασκαλίαι
1363 3279 1636 3346 ὲιρὺλαςαν
1665 3281 1789 3343 τοὺς

1963 3272 2052 3327 21.
2108 3273 2174 3326 Et
2223 3274 2420 3326 divinae
2479 3277 2745 3329 doctrina:
2796 3277 3209 3331 custodiverttttt
3259 3290 3480 3338 sanctor;

185 3365 386 3429 ἁγίους
416 3365 508 3419 τοῦ
543 3366 679 3420 Θεοῦ
713 3368 808 3437 (2).
1894 3362 2013 3418 Dei.

263 3457 356 3511 22.
395 3458 533 3521 Τοὺς
558 3459 889 3521 ἀποστόλους
913 3459 1230 3513 ἀπέστειλεν
1257 3463 1336 3525 είς
1364 3462 1454 3514 τὸν
1489 3463 1714 3532 κόσμον.

1410 3462 1454 3514 ιν
1489 3463 1714 3532 κόσμον,
1963 3455 2052 3510 22.
2086 3455 2231 3510 Misit
2258 3459 2536 3526 apostolos
2564 3459 2616 3512 in
2656 3462 2941 3514 mundum.

263 3550 358 3603 25.
393 3550 491 3620 (2⁸)
537 3551 650 3604 Kal
706 3551 810 3614 ἕως
860 3553 1123 3623 ποταμῶν
1155 3554 1254 3618 τὰς
1286 3555 1636 3619 διδασκαλίας
1678 3556 1785 3608 τῶν

1963 3548 2054 3601 25.
2103 3546 2169 3601 Ει
2214 3565 2389 3619 usque
2449 3553 2516 3604 ad
2574 3551 2800 3606 ﬂumina
2862 3556 3142 3609 doctrinas
3206 3557 3479 3625 apostolo-

187 3640 528 3698 ἀποστόλων.

504 3659 528 3695 ν,
1893 3656 2035 3694 rum.

263 3733 354 3786 24.
393 3733 510 3786 ’Ἰνα
541 3734 592 3786 τί
618 3735 840 3802 ἀφείλου
868 3735 966 3806 τὴν
999 3736 1248 3807 βοήθειαν
1269 3740 1366 3810 τῆς
1403 3743 1738 3812 συναγωγῆς·

1724 3755 1738 3769 ~
1963 3731 2050 3783 21o.
2082 3731 2280 3802 thuid
2313 3733 2582 3786 abstulisti
2615 3735 2876 3786 auxilium
2914 3735 3217 3805 Synagogze
3245 3755 3255 3789 :

262 3825 351 3877 23.
401 3827 513 3880 Kal
560 3826 1046 3880 κατακυριεύουσιν
1096 3830 1266 3901 αὐτῆς
1311 3832 1365 3883 αἱ
1421 3831 1661 3886 ἐναντίαι
1695 3833 1785 3886 δυ-

1961 3823 2052 3877 25.
2086 3823 2150 3878 Et
2183 3825 2538 3879 dominantur
2574 3826 2626 3878 in
2659 3841 2721 3879 ea
2753 3826 3081 3881 adversaria:
3107 3830 3445 3896 potestates?

186 3917 422 3983 νάμειςς

261 4007 352 4060 26.
401 4009 459 4060 'O
480 4008 707 4072 Θάνατος
743 4009 831 4062 διὰ
865 4010 938 4078 (5)
969 4009 1067 4082 τῆς
1106 4013 1401 4084 ἁμαρτίας.

1170 4013 1401 4084 tam-51;.
1960 4001 2051 4054 26.
2086 3999 2233 4055 Mors
2271 4016 2367 4070 per
2399 4010 2701 4070 peccatum.

259 4101 352 4153 27.
380 4101 486 4154 Kal
510 4104 537 4155 ὁ
555 4101 796 4166 διάϐολος
825 4104 1204 4175 κατανήλωσεν
1229 4107 1396 4175 αὑτήν
1963 4093 2052 4148 27·
2083 4093 2148 4147 Εἴ
2171 4093 2423 4148 (“almus
2456 4093 2800 4162 εοηευηψδίῑ
2825 4108 2970 4148 θῧῖηο

261 4192 352 4246 28.
398 4193 452 4246 Ὀ
479 4193 610 4256 Θεὸς
631 4192 738 4246 τῶν
765 4193 1065 4265 δυνάμεων,
1099 4196 1220 4249 ὲλοὲ
1253 4198 1386 4268 πρὸς
1416 4200 1588 4268 ἡμᾶς.

1417 4200 1588 4268 ἡμᾶς.
1820 4256 1855 4268 λ
1961 4185 2051 4240 28.
2092 4184 2233 4240 Deus
2266 4186 2552 4247 virtutum,
2580 4187 2699 4240 veni
2733 4187 2800 4242 ad
2827 4202 2948 4243 nos,

261 4283 356 4337 29.
385 4284 492 4336 Kal
511 4283 1004 4356 εὐσπλαγχνίσθητι
1032 4285 1091 4348 ἐξ
1117 4287 1372 4358 οὐρανοῦ,
1403 4291 1496 4342 καὶ
1521 4291 1778 4361 πρόσχες.

1553 4256 1778 4361 ξρόσχες,
1818 4256 1860 4310 ί)
1958 4277 2048 4332 29.
2091 4276 2156 4331 Et
2183 4279 2248 4332 de
2275 4279 2416 4332 caelo
2449 4279 2730 4343 miserere,
2763 4288 2818 4334 et
2847 4281 3084 4334 attende.

262 4375 352 4429 50.
381 4374 486 4427 Kal
516 4374 810 4444 ἐπίσκεψαι
837 4375 934 4446 τὴν
957 4377 1284 4449 Συναγωγὴν
1320 4379 1430 4432 τῶν
1470 4382 1758 4434 Ἰουδαίων.
1964 4365 2051 4420 τ’)οο
2082 4365 2148 4420 Et
2179 4367 2343 4422 νίείίδ
2373 4366 2715 4440 synagogam
2746 4368 3084 4424 Ῑυάωθνιηη·

261 4465 351 4520 51.
393 4466 500 4519 Kal
526 4467 854 4538 κατάρτισαι
891 4467 1060 4539 αὐτὴν
1097 4469 1196 4538 τὴν
1243 4471 1576 4541 Συναγωγὴν
1611 4473 1670 4523 ὲν
1709 4472 1792 4524 πί-

1961 4459 2048 4511 51.
2078 4457 2142 4512 Ιῖι
2171 4461 2371 4528 perﬁce
2409 4462 2654 4515 eamdem
2687 4462 3029 4532 Synagogam
3070 4461 3122 4515 in
3154 4461 3276 4527 ﬁde,
3307 4477 3478 4533 quam

190 4575 307 4611 οτει
335 4557 434 4628 (5),
467 4557 535 4628 ἢν
560 4557 852 4625 ἐφύτευσεν
881 4561 908 4610 ὁ
943 4559 1068 4622 Υἱός
1101 4576 1192 4611 σου
1231 4561 1328 4613 καὶ
1350 4564 1382 4631 ἡ
1407 4562 1527 4632 χείρ
1564 4579 1681 4615 σου.

1475 4562 1527 4632 ίρ
1564 4579 1681 4615 σου,
1891 4551 2153 4619 plantavit
2186 4552 2358 4607 Filius
2391 4562 2538 4619 tuus,
2575 4564 2628 4606 et
2661 4570 2857 4607 manus
2893 4564 3003 4608 tua.

263 4649 351 4703 52.
389 4651 493 4702 Kal
518 4651 608 4702 ἐπὶ
655 4649 780 4702 Υἱὸν
828 4649 1114 4722 ἀνθρώπου
1167 4652 1465 4717 πιστεύειν,
1509 4652 1569 4705 ὃν
1619 4653 1793 4706 διεϐε-

1963 4645 2051 4698 52.
2084 4643 2151 4698 Et
2176 4646 2400 4700 credere
2430 4646 2482 4699 in
2513 4645 2712 4700 Filium
2747 4646 3007 4709 hominis,
3062 4661 3224 4716 quem
3273 4649 3475 4702 conﬁr-

188 4739 414 4796 ϐαιώσω
437 4740 512 4810 (6)
540 4737 680 4794 εἷναί
716 4759 807 4793 σου
833 4742 960 4794 Υἱὸν
988 4741 1177 4795 ἀΐδιον.

1899 4738 2054 4789 masti
2095 4753 2216 4792 esse
2246 4737 2444 4791 Filium
2478 4747 2628 4792 tuum
2662 4747 2946 4791 Meritum.

261 4834 348 4887 55.
391 4833 528 4886 ’Υπὸ
564 4834 662 4903 τῆς
689 4833 963 4904 ἁμαρτίας
995 4833 1226 4902 ἐφθάρη.
1258 4835 1350 4886 καὶ
1381 4834 1678 4904 ἠφανίσθη.

1967 4823 2054 4876 55.
2088 4826 2129 4877 Α
2163 4835 2384 4893 peccato
2407 4835 2661 4894 corrupta
2699 4838 2800 4888 est,
2832 4838 2884 4880 et
2907 4839 3246 4897 consumpta.

261 4926 351 4980 54.
395 4927 528 4980 Ἀπὸ
585 4927 684 4996 τῆς
715 4926 1018 4997 παρουσίας
1066 4925 1159 4979 τοῦ
1195 4927 1324 4979 Υίοῦ
1354 4926 1446 4979 σοῦ
1500 4929 1789 4999 συντριϐή-

1984 4913 2054 4967 ῑ4.
2085 4914 2331 4970 Adventu
2368 4915 2489 4970 Filii
2523 4916 2598 4970 ttti
2628 4927 2984 4973 conterentur
3022 4920 3347 4977 adversariae
3376 4936 3472 4992 po-
3505 4913 3515 4927 ’

192 5035 374 5070 σονται
408 5019 464 5071 αἱ
495 5020 732 5072 ἐναντίαι
756 5017 1037 5088 δυνάμεις.

605 5020 732 5072 ιτίαι
756 5017 1037 5088 δυνάμεις.
1893 5012 2136 5061 testates.

1155 5244 1463 5307 Addenda
1494 5252 1554 5306 et
1585 5245 1963 5325 corrigenda
2023 5267 2099 5309 ex
2138 5252 2280 5314 cod.
2319 5253 2520 5316 Vatic.

261 5477 343 5558 ll.)
373 5476 744 5558 Ηροεέθηκες·
766 5547 791 5558 -

1963 5481 2038 5558 (5)
2071 5483 2158 5534 Ἐν
2188 5487 2251 5555 τῇ
2300 5487 2501 5540 πίστει.
2560 5487 2684 5543 "me
2731 5501 2908 5544 autem
2949 5489 3138 5544 ultima
3175 5507 3338 5546 verna
3375 5494 3471 5547 καὶ

385 5549 599 5622 [Αγίους
629 5549 814 5622 αςῦτοῦ.

1885 5553 1916 5620 ἡ
1951 5552 2066 5622 χείρ
2105 5549 2445 5614 σου,”‹1‹ξςυηῑ
2479 5560 2532 5611 in
2569 5563 2686 5613 cotl.

261 5615 791 5701 {2')nln‘co-l._deeat
829 5633 1121 5676 comment.
1162 5623 1324 5695 hujus
1359 5637 1571 5676 versus.

1952 5615 2048 5701 ’(61
2083 5624 2392 5701 ’ᾼνθρὼπου
2425 5632 2723 5701 πιστεύειν,
2783 5632 2874 5684 καὶ
2907 5630 3234 5701 καταρτίσαι
3270 5631 3468 5698 αὐτοὺς

258 5689 340 5766 β)
373 5691 439 5766 19
467 5688 553 5742 διὰ
577 5691 696 5766 ῖῆς-
1235 5688 1250 5695 ⁷

1235 5688 1250 5695 ⁷
1885 5695 1943 5745 ὲν
1967 5694 2164 5764 ἐαυτῷ
2198 5688 2581 5766 διεὸεϐαιώσω,
2615 5689 2715 5755 t‘lc.

266 5761 343 5832 (1)
373 5761 786 5813 Κατανάλωσεν.
