3876 6220
128 288 256 343 997
278 284 280 286 ⁷

217 409 278 467 9.
318 411 635 482 Μαρτύριον
668 429 726 465 εν
754 412 831 484 τῷ
876 410 1072 482 Ἰωσὴφ
1100 411 1250 464 ἔθετο
1276 411 1436 464 αὐτόν
1455 429 1467 442 ·

223 502 314 556 10.
350 503 439 555 Ἐν
471 503 548 574 τῷ
577 502 813 570 ἐξελθεῖν
846 504 1006 555 αὐτὸν
1041 507 1105 556 ἐκ
1136 504 1238 572 γῆς
1266 503 1561 571 Αἰγύπτου.

221 594 286 646 11
305 636 318 647 .
347 595 605 647 Γλῶσσαν
629 596 696 666 ἢν
726 596 825 648 οὐκ
851 595 1010 664 ἔγνω,
1050 596 1300 666 ἤκουσεν.
1491 595 1495 600 ’

219 683 317 738 12.
347 685 685 753 Ἀπέστησεν
711 685 818 736 ἀπὸ
846 685 1059 755 ἅρσεων
1090 685 1179 736 τὸν
1211 686 1378 737 νῶτον
1415 685 1579 738 αὐτοῦ
1601 703 1612 714 ο

219 775 318 830 15.
350 777 416 827 Αἱ
448 779 626 845 χεῖρες
659 775 822 828 αὑτοῦ
847 777 903 826 ἐν
936 773 1013 843 τῷ
1046 773 1247 844 κοφίνῳ
1283 773 1630 826 ἐδούλευσανο

223 867 322 920 LI».
355 868 445 919 Ἐν
473 867 649 936 θλίψει
679 867 993 920 ὲπεκαλέσω
1030 884 1118 936 με,
1151 867 1242 919 καὶ
1274 867 1592 936 ἐρρυσάμην
1622 883 1679 917 σε
1701 882 1712 896 '

221 956 316 1009 15.
350 957 668 1027 Ἐπήκουσὰ
696 974 788 1008 σου
821 959 878 1009 ἐν
911 957 1214 1027 ἀποκρύφῳ
1244 956 1581 1018 καταιγίδος·

220 1046 316 1101 16.
348 1047 681 1118 Ἐδοκίμασὰ
712 1067 770 1101 σε
803 1051 896 1102 ἐπὶ
929 1050 1119 1113 ὓδατος
1147 1050 1472 1118 ἀντιλογίας.

839 1146 875 1194 Δ
885 1143 1155 1210 ιίὶψαλμα
1168 1181 1182 1194 .

227 1234 320 1287 17.
349 1235 636 1301 ⁸Ἄκουσον,
663 1234 793 1297 λαός
837 1252 970 1306 μου,
1019 1236 1113 1287 καὶ
1155 1232 1597 1303 διαμαρτύρομαί
1641 1249 1740 1294 σοι,

156 1324 391 1396 Ἰσραήλ
415 1324 488 1392 (a)

227 1419 319 1472 18.
371 1418 495 1471 Ἐὰν
542 1417 782 1488 ἀκούσῃς
838 1435 972 1488 μου,
1015 1418 1114 1469 οὐκ
1161 1415 1312 1468 ἔσται
1363 1417 1421 1467 ὲν
1472 1415 1556 1466 σοὶ
1614 1415 1744 1476 Θεὸς

145 1508 475 1580 πρόσφατος
492 1525 506 1540 ⁶

226 1599 315 1654 19.
348 1600 419 1671 (b)
449 1601 585 1654 Οὐδὲ
614 1601 1014 1673 προσκυνήσεις
1043 1599 1149 1670 θεῷ
1180 1599 1464 1670 ἀλλοτρίῳ.

224 1690 318 1744 20.
359 1690 498 1759 Ἐγὼ
531 1691 639 1763 γάρ
669 1695 782 1763 εἰμι
813 1692 1014 1762 Κύριος
1044 1695 1071 1744 ὁ
1093 1692 1222 1754 Θεός
1258 1709 1349 1743 σου
1371 1708 1384 1720 ·

230 1784 322 1837 21.
364 1785 423 1837 Ὀ
457 1784 749 1853 ἀναγαγών
783 1803 840 1837 σε
867 1788 931 1838 ὲκ
965 1786 1066 1854 γῆς
1089 1784 1363 1853 Αἰγύπτου
1385 1800 1398 1813 σ

224 1879 317 1932 22.
347 1878 622 1932 Πλάτυνον
650 1879 710 1931 τὸ
744 1879 916 1948 στόμα
947 1895 1061 1943 σου,
1098 1878 1192 1929 καὶ
1226 1874 1500 1947 πληρώσω
1532 1875 1681 1928 αὑτό.

228 1971 320 2024 25.
349 1971 460 2022 Καὶ
493 1970 592 2022 οὐκ
622 1971 864 2046 ἤκουσεν,
894 1973 922 2022 ό
959 1969 1085 2032 λαός
1120 1986 1221 2039 μου
1257 1969 1354 2038 τῆς
1385 1968 1566 2037 φωνῆς
1604 1978 1739 2036 μου⁸

223 2059 315 2113 24.
345 2061 455 2112 Καὶ
489 2059 706 2132 Ἰσραὴλ
735 2062 796 2112 οὐ
827 2061 1096 2130 προσέσχε
1133 2077 1244 2130 μοι.

228 2154 320 2208 25.
355 2155 468 2207 Καὶ
494 2154 847 2221 ὲξαπὲστειλα
863 2155 1024 2218 αὐτὸς
1045 2152 1288 2225 [αὐτούς]
1307 2153 1447 2206 κατὰ
1465 2151 1532 2204 τὰ
1556 2153 1743 2220 ἐπιτη-

181 2245 404 2318 εύματα
433 2247 543 2300 τῶν
577 2245 813 2318 καρδιῶν
837 2245 1046 2298 αὐτῶν·

1050 287 1139 342 DE
1175 286 1452 342 TITULIS
1494 287 1954 344 PSALMORUM.
1995 315 2065 328 -—
2105 285 2303 342 PSAL.
2348 286 2564 344 LXXX.

3327 293 3431 348 998

1772 420 1819 474 Α
1916 413 1969 466 9.
2008 411 2405 466 Testimonium
2440 412 2496 466 in
2525 410 2726 483 Joseph
2754 413 2936 483 posuit
2967 411 3102 468 illud
3135 429 3150 467 :

1915 500 2000 554 10.
2031 501 2166 555 Cum
2201 504 2376 556 exiret
2405 503 2522 572 ipse
2553 503 2620 556 de
2660 511 2803 557 terra
2839 504 3060 574 Aﬂgypti
3094 519 3108 555 :

1915 590 2002 643 11.
2033 589 2297 660 Linguam
2330 608 2494 661 quam
2530 607 2640 646 non
2674 602 2924 658 noverat,
2961 593 3190 648 audivit.

1919 683 2002 736 I2.
2038 682 2266 737 Divertit
2300 686 2367 738 ab
2395 685 2655 739 oneribus
2689 686 2914 738 dorsum
2941 686 3062 754 ejus
3095 701 3112 739 :

1916 777 2003 830 15,
2036 775 2230 829 Manus
2263 777 2384 844 ejus
2419 777 2472 829 in
2509 777 2750 845 cophino
2783 778 3113 832 servierunt.

1915 867 2004 920 M.
2039 864 2095 918 In
2134 867 2487 920 tribulatione
2518 867 2784 920 invocasti
2817 884 2924 933 me,
2952 876 3006 922 et
3036 869 3261 923 liberavi
3294 879 3342 924 te
3375 888 3390 924 :

1917 959 2004 1020 15.
2038 957 2304 1011 Exaudivi
2337 965 2386 1010 te
2419 959 2470 1010 in
2500 959 2821 1012 abscondito
2856 960 3200 1028 tempestatis
3237 979 3249 1014 :

1918 1051 2006 1104 16.
2039 1049 2364 1103 Probavi'te
2391 1051 2531 1118 apud
2570 1066 2767 1119 aquam
2801 1052 3274 1107 contradictionis.

2476 1141 2811 1209 Diapsalma.

1922 1234 2003 1287 l7.
2037 1233 2197 1296 Audi,
2235 1235 2466 1303 populus
2497 1251 2670 1300 meus,
2707 1247 2760 1289 et
2808 1245 3085 1290 contestor
3122 1246 3171 1290 te
3208 1236 3378 1291 Israel
3410 1253 3427 1290 :

1925 1411 2005 1464 IS.
2052 1410 2107 1463 Si
2155 1411 2394 1466 audieris
2443 1427 2567 1477 me,
2619 1427 2728 1466 non
2784 1413 2888 1468 erit
2941 1414 2997 1468 in
3046 1422 3096 1468 te
3148 1413 3289 1471 Deus
3339 1430 3429 1470 re~

1847 1521 1976 1558 C(‘IIS
2017 1524 2028 1557 ε

1918 1598 2002 1651 19.
2040 1596 2226 1666 Neque
2259 1598 2515 1652 adorabis
2554 1599 2718 1652 deum
2756 1599 3016 1653 alienum.

1915 1690 2004 1744 20.
2036 1689 2149 1759 Ego
2179 1691 2323 1745 enim
2358 1707 2479 1744 sum
2516 1691 2781 1746 Dominus
2812 1692 2955 1748 Deus
2983 1702 3115 1748 tuus
3144 1711 3160 1749 :

1777 1795 1820 1848 Β
1915 1781 2006 1834 21.
2042 1780 2147 1846 Qui
2180 1782 2340 1834 eduxi
2376 1790 2425 1834 te
2457 1783 2522 1835 de
2554 1791 2698 1836 terra
2735 1783 2954 1852 Aﬂgypti
2988 1801 3000 1833 :

1909 1872 2000 1924 22.
2038 1872 2212 1926 Dilata
2240 1889 2302 1926 os
2327 1883 2502 1934 tuum,
2531 1885 2586 1926 et
2620 1875 2856 1943 implebo
2881 1873 3034 1927 illud.

1910 1963 2000 2018 23.
2033 1963 2098 2018 Et
2124 1980 2230 2018 non
2267 1965 2477 2018 audivit
2509 1966 2744 2035 p0pulus
2789 1981 2942 2020 meus
2974 1981 3164 2019 vocem
3201 1981 3375 2020 meam
3414 1983 3427 1992 ·

1909 2057 2002 2109 24.
2037 2055 2103 2109 Ει
2138 2055 2303 2111 Israel
2338 2072 2445 2110 non
2479 2057 2716 2130 intendit
2740 2057 2896 2110 mihi.

1912 2149 2001 2203 25.
2068 2149 2131 2202 Et
2181 2149 2364 2203 dimisi
2409 2164 2504 2203 eos
2563 2150 2866 2204 secundum
2927 2149 3198 2204 desideria
3246 2151 3430 2204 cordis

1843 2257 2034 2297 eorum
2068 2258 2080 2294 2

250 2370 305 2433 α)
349 2362 505 2417 Vers.
555 2363 642 2417 18.
701 2364 948 2434 Ἰσραήλ·
1015 2363 1180 2425 Ἐάν,
1231 2372 1332 2417 etc.
1371 2362 1435 2434 v.
1482 2362 1568 2434 to.
1615 2361 1728 2413 Οὐκ
1771 2360 1777 2409 ι

1909 2377 1962 2434 'zz
1999 2367 2105 2434 ⁸19·

227 2364 305 2504 Σο)
349 2364 505 2417 Vers.
555 2364 642 2417 18.
701 2364 948 2434 Ἰσραήλ·
1015 2364 1180 2425 Ἐάν,
1231 2372 1332 2417 etc.
1373 2364 1435 2416 V.
1482 2364 1568 2416 19.
1615 2364 1728 2413 Οὺκ
1771 2364 1777 2409 l

254 2436 306 2505 ὸ)
343 2434 495 2489 Vers.
539 2434 629 2487 20.
676 2435 847 2501 Ούόἑ,
880 2445 984 2488 etc.
1031 2435 1091 2488 V.
1131 2434 1219 2486 21.
1262 2433 1401 2502 Ἐγὼ
1447 2433 1590 2504 γάρ,
1648 2440 1754 2484 etc.

1904 2367 2411 2498 22.6%.dvatyaydw
2440 2447 2522 2495 σε,
2553 2438 2660 2483 etc.

1294 2543 1669 2602 ATIIANASII
1711 2541 2294 2598 INTERPRETATIO.

230 2647 284 2702 9.
315 2646 390 2699 Τὸ
427 2645 600 2708 πάθος
641 2643 806 2697 αὑτοῦ
853 2645 1199 2716 μνημόσυνον
1238 2642 1389 2696 ἔθετο
1425 2645 1482 2696 ἐν
1525 2639 1601 2710 τῷ
1628 2638 1744 2708 λαῷ

146 2738 235 2810 τῷ
278 2735 695 2809 καθαριζομένῳ
746 2738 854 2789 ἀπὸ
895 2736 1004 2788 τῶν
1052 2735 1336 2807 ἁμαρτιῶν
1380 2735 1478 2804 (I).

149 2831 268 2902 γὰρ
302 2829 662 2900 ἑρμηνεύεται
697 2828 935 2880 ὀνείδου
963 2827 1300 2896 ἀφαίρεσις,
1331 2825 1488 2894 οἵπερ
1522 2824 1659 2874 εἰσιν
1693 2821 1742 2872 οἱ

150 2923 542 2997 φωτιζόμενοι.

1917 2640 1970 2694 9.
2003 2640 2326 2694 Passionem
2371 2656 2525 2695 suam
2570 2641 2896 2694 memoriam
2931 2651 3114 2709 posuit
3146 2643 3198 2693 in
3234 2645 3433 2709 papam

1530 2731 1742 2799 Ἰωσὴφ
1842 2735 2138 2787 emundato
2193 2749 2223 2786 a
2276 2734 2535 2803 peccatis.
2585 2731 2779 2802 Ioseph
2833 2733 2978 2787 enim
3048 2734 3432 2801 interpretatur

1844 2825 2040 2878 oblatio
2073 2825 2362 2895 opprobrii,
2399 2826 2545 2896 quod
2586 2826 2842 2880 convenit
2873 2825 3218 2879 illuminatis.

229 3017 319 3071 10.
347 3017 437 3067 Ἐν
463 3014 536 3087 (2)
561 3013 638 3085 τῷ
666 3014 758 3068 τὸν
791 3013 919 3066 λαὸν
956 3010 1280 3084 λυτροῦσθαι
1314 3008 1420 3062 τῶν
1457 3005 1738 3078 ἁμαρτιῶν
1767 3043 1777 3089 ε

1917 3003 2004 3056 10.
2038 3002 2173 3056 Cum
2211 3004 2466 3058 liberaret
2498 3003 2762 3073 populum
2798 3019 2826 3057 a
2861 3004 3103 3072 peccatis
3142 3018 3356 3056 eorum.

149 3106 363 3161 αὐτῶν.
1255 3099 1274 3128 ⁸

231 3199 320 3253 11.
362 3198 436 3251 Τὸ
473 3198 733 3268 κήρυγμα
773 3194 865 3251 τοῦ
908 3194 1116 3267 Κυρίου
1139 3235 1153 3257 ,
1190 3195 1327 3265 ὅπερ
1358 3194 1457 3245 οὐκ
1502 3192 1742 3263 ᾔδεισαν,

149 3288 401 3358 ἤκουσαν
435 3286 505 3338 τὰ
527 3286 674 3358 ἔθνη.

227 3379 319 3432 12.
360 3377 681 3450 Ἀπέστησε,
737 3378 831 3431 καὶ
887 3375 1213 3447 ἀπεστράφη
1277 3374 1416 3445 μετὰ
1471 3371 1644 3426 ταῦτα
1677 3372 1740 3423 τὸ

149 3471 586 3543 σκληροτραχεῖν
621 3474 694 3542 (5)
721 3471 830 3524 τῶν
866 3470 1156 3523 Ἰουδαίων.

225 3563 320 3618 15.
349 3565 411 3616 Οἱ
441 3563 728 3617 ἀπόστολοι
757 3564 814 3614 ἐν
853 3559 931 3630 τῷ
959 3560 1148 3630 κόσμῳ
1187 3557 1263 3629 τῷ
1295 3556 1664 3627 πεπληγμένῳ
1687 3554 1748 3606 τὸ

152 3655 424 3728 κήρυγμα
457 3655 758 3724 διηκόνουν.

234 3749 319 3804 14.
349 3748 494 3819 Πρὸς
542 3747 633 3799 τὸν
665 3747 792 3799 λαὸν
834 3745 1018 3812 λέγει·
1064 3744 1150 3794 Ἐν
1183 3741 1481 3813 ἁμαρτίαις
1513 3739 1588 3791 ὢν
1647 3739 1746 3791 ὲπ-

151 3841 402 3895 εκαλέσω
436 3858 524 3910 με,
555 3840 650 3893 καὶ
684 3838 1003 3910 ἐρρυσάμην
1038 3851 1118 3889 σε.

229 3934 320 3987 15.
353 3933 669 4004 Ἐπήκουσά
694 3948 787 3983 σου
816 3932 872 3982 ἐν
899 3929 975 4000 τῷ
1013 3927 1192 3980 σκότει
1217 3927 1314 3995 τῆς
1334 3925 1409 3996 (4)
1451 3925 1743 3996 ἁμαρτίας.

226 4024 318 4078 16.
362 4024 486 4076 Ἐπὶ
513 4023 607 4075 τοῦ
645 4019 1035 4092 βαπτίσματος.

226 4116 251 4168 1
265 4117 316 4180 7,
352 4115 434 4168 18.
457 4115 530 4185 (5)
549 4115 672 4166 Ἐπὶ
687 4112 781 4165 τοῦ
797 4111 1170 4182 βαπτίσματος
1186 4107 1618 4179 διαμαρτύρεται
1642 4107 1706 4157 αύ
1718 4135 1743 4145 -

154 4207 261 4278 τῷο
299 4208 437 4278 ἀνὴρ
461 4207 600 4259 ὁ’τὸν
629 4204 759 4257 Θεὸν
782 4203 944 4274 ὁρῶν,
969 4201 1064 4255 ἐὰν
1088 4199 1327 4269 ἀκούσῃς
1359 4217 1481 4270 μου,
1512 4198 1610 4250 οὐκ
1632 4198 1746 4248 ἔστι

153 4301 214 4354 ὲν
249 4299 356 4364 σοὶ,
391 4298 466 4360 ὡς
495 4295 602 4368 πρὸ
625 4295 813 4348 τούτου
853 4294 950 4364 μὲν
981 4291 1053 4363 μὴ
1082 4289 1176 4354 ὢν,
1200 4289 1336 4360 μετὰ
1356 4289 1526 4340 ταῦτα
1549 4289 1736 4355 λέγων.

230 4393 315 4446 19.
367 4389 500 4442 Οὐδὲ
562 4386 767 4458 κτίσμα
811 4384 1130 4456 προσθήκην
1179 4379 1302 4433 τινὰ
1346 4381 1740 4450 προσκυνήσεις
1774 4393 1814 4445 ι)

156 4485 300 4555 πλὴν
332 4484 433 4553 τῆς
461 4481 713 4552 Τριὰδος.

133 4571 144 4580 ’
225 4576 316 4637 20⁹
348 4575 438 4628 21.
479 4572 619 4642 Ἐγὼ
659 4571 768 4643 γάρ
802 4571 916 4639 εἰμι
957 4571 984 4621 ὁ
1015 4565 1310 4635 Δεσπότης,
1348 4566 1442 4616 καὶ
1471 4565 1745 4634 Δημιουρ-

156 4668 252 4737 γός
295 4684 420 4729 σου,
459 4667 487 4718 ό
527 4664 617 4716 διὰ
641 4663 736 4715 τοῦ
768 4661 972 4725 πάθους
1007 4678 1107 4732 μου
1135 4655 1426 4726 ἀναγαγών
1459 4672 1516 4706 σε
1555 4659 1615 4706 ὲκ
1646 4658 1744 4724 τῆς

151 4759 401 4821 δουλείας
427 4758 523 4826 τῆς
552 4755 845 4826 ἁμαρτίας.

227 4850 319 4904 22.
350 4847 591 4910 Ἀνοιξον
618 4846 678 4899 τὸ
712 4845 887 4915 στόμα
915 4859 1028 4904 σου,
1054 4842 1148 4893 καὶ
1170 4838 1301 4890 λαϐὲ
1329 4836 1551 4905 Πνεῦμα
1574 4836 1747 4902 ἅγιον.

229 4941 324 4995 25.
365 4941 535 4992 Καὶοί
572 4935 892 4998 ὰπιθοῦντες
907 4934 983 5004 (a)
1022 4931 1263 4986 Ἰουδαῖοι
1299 4928 1398 4980 οὐκ
1426 4926 1756 4977 ἐπίστευσάν

203 5052 284 5088 ου.

159 5055 320 5180 Pagi.
348 5125 412 5177 Oi
436 5121 588 5175 αὐτοὶ
627 5118 870 5172 Ἰουδαῖοι
897 5113 1204 5186 ἠρνήσαντό
1240 5128 1340 5182 με.

227 5217 318 5273 25.
343 5215 455 5268 Καὶ
480 5213 638 5266 εἴασα
663 5211 859 5270 αὐτοὺς
881 5209 938 5262 ὲν
959 5207 1078 5268 ταῖς
1107 5203 1424 5274 ἐπιθυμίαις
1458 5199 1566 5254 τῶν
1603 5219 1735 5272 καρ-

154 5307 287 5362 διῶν
321 5303 521 5359 αὐτῶν.

1925 3183 2013 3237 11.
2047 3180 2386 3237 Dominicam
2436 3182 2880 3251 praedicationem
2920 3199 2932 3233 :
2977 3198 3142 3252 quam
3183 3199 3290 3236 non
3333 3198 3432 3237 no-

1849 3285 2057 3336 verant,
2085 3276 2410 3328 audiverunt
2441 3284 2648 3342 gentes.

1919 3367 2006 3419 12.
2047 3365 2343 3429 Discessit,
2396 3373 2450 3419 et
2504 3376 2650 3419 retro
2703 3381 2968 3420 conversa
3021 3375 3104 3420 est
3148 3375 3268 3434 post
3319 3367 3434 3420 hmc

1847 3459 2152 3528 pervicacia
2187 3456 2523 3510 Judteorum.

1923 3551 2009 3604 1⁸5.
2045 3550 2288 3618 Apostoli
2322 3550 2375 3602 in
2425 3549 2633 3602 mundo
2681 3559 2904 3618 stupore
2952 3549 3202 3616 perculso
3233 3548 3428 3616 pra-di-

1849 3642 2118 3696 cationem
2155 3640 2638 3694 administrabant.

1927 3735 2009 3786 I-‘i.
2041 3733 2118 3785 Ad
2152 3733 2413 3801 populum
2455 3732 2711 3799 loquitur
2738 3749 2750 3783 :
2782 3730 3067 3785 Exsistens
3097 3731 3149 3784 in
3197 3731 3432 3797 pecra=is

1851 3823 2116 3878 invocasti
2155 3837 2262 3884 me,
2301 3831 2353 3874 et
2383 3820 2611 3874 liberavi
2651 3829 2720 3872 te.

1924 3916 2010 3968 15.
2041 3914 2302 3968 Exaudivi
2338 3922 2387 3966 te
2413 3913 2468 3966 in
2493 3911 2732 3966 tenebris
2757 3909 2990 3980 peccati.

1923 4010 2010 4062 10.
2042 4009 2094 4060 In
2134 4008 2426 4076 baptismo.

1924 4101 2014 4166 17,
2049 4100 2138 4154 18.
2184 4097 2241 4151 1η
2286 4097 2557 4166 baptismo
2595 4101 2934 4149 contestatus
2964 4100 3050 4146 est
3092 4093 3181 4156 ei;
3231 4091 3312 4144 vir
3355 4092 3433 4143 vi-

1850 4191 1986 4246 dens
2019 4193 2209 4252 Deum,
2245 4189 2288 4243 si
2322 4185 2560 4241 audieris
2593 4200 2700 4247 me,
2734 4199 2843 4238 non
2877 4183 2982 4237 erit
3028 4183 3082 4235 in
3127 4192 3198 4246 te,
3241 4198 3432 4251 quem-

1852 4285 2144 4338 admodum
2185 4297 2284 4335 nec
2322 4289 2478 4332 antea
2505 4277 2627 4340 fuit,
2656 4285 2716 4330 ut
2743 4284 2932 4345 postea
2967 4273 3117 4327 dicit.

1925 4376 2012 4429 19.
2055 4373 2240 4443 Neque
2280 4387 2392 4425 rem
2438 4378 2679 4424 creatam
2729 4366 3161 4420 additamentum
3210 4362 3430 4431 aliquod

1843 4469 2120 4530 adorabis,
2159 4467 2250 4520 sed
2285 4465 2459 4518 solam
2500 4461 2846 4514 Trinitatem.

1919 4560 2012 4619 20,
2046 4560 2136 4610 21.
2166 4557 2276 4626 Ego
2311 4556 2456 4608 enim
2495 4569 2613 4607 sum
2641 4550 2926 4613 Dominus,
2956 4557 3010 4602 et
3031 4547 3256 4602 Creator
3281 4555 3427 4611 tuus,

1847 4653 1940 4720 qni
1977 4668 2070 4719 per
2105 4649 2416 4719 passionem
2453 4659 2626 4699 meam
2653 4642 2815 4696 eduxi
2857 4651 2910 4694 te
2945 4655 2976 4694 e
3017 4640 3275 4694 servitute
3308 4654 3432 4707 pec-

1849 4745 1975 4797 cati.

1926 4838 2017 4890 22.
2052 4832 2212 4901 Aperi
2248 4847 2310 4884 os
2338 4839 2514 4891 tuum,
2545 4835 2599 4880 et
2627 4825 2812 4893 accipe
2840 4824 3099 4894 Spiritum
3125 4831 3394 4877 sanctum.

1921 4931 2012 4985 25.
2053 4928 2118 4981 Et
2148 4924 2410 4980 increduli
2437 4922 2608 4977 Jud:ei
2632 4919 2764 4974 mihi
2792 4934 2899 4972 non
2922 4917 3288 4972 crediderunt.

1919 5107 2010 5162 21.
2046 5105 2213 5160 Iidem
2238 5103 2412 5158 Judaei
2441 5106 2774 5171 negaverunt
2798 5111 2905 5150 me.

1925 5198 2088 5253 25.Et
2102 5197 2282 5252 dimisi
2297 5210 2391 5250 eos
2407 5196 2459 5248 in
2477 5189 2936 5260 concupiscentiis
2953 5185 3199 5242 cordium
3217 5197 3430 5238 eorum.

1112 5359 1417 5422 Addenda
1469 5366 1530 5418 et
1578 5362 1956 5444 corrigenda
1987 5378 2064 5421 ex
2098 5359 2239 5421 cod.
2273 5357 2471 5418 Vatic.

231 5477 310 5550 (I)
350 5473 662 5550 ‘Apaprtgiv
682 5468 881 5550 αὐτῶν,
913 5473 1046 5550 rte;
1079 5463 1248 5531 ὅσπερ
1286 5475 1386 5529 pro
1413 5459 1592 5529 οἵπερ.

227 5537 306 5620 (2)
418 5537 528 5620 10'.
549 5545 677 5620 _‘E1c".
701 5542 794 5620 τού
829 5537 1222 5620 βαπτίσματος.

413 5599 498 5691 1:2.
518 5599 866 5691 1353195551;
890 5627 945 5678 μ.
967 5624 1016 5658 τ.
1036 5599 1095 5657 ’τ.
1116 5599 1612 5671 σκληροτράχηλον,
1634 5613 1736 5657 etc.

230 5782 307 5836 (al
351 5779 738 5839 Ἀπιθοῦντες.
773 5772 930 5828 Forte
966 5765 1338 5827 ἀπιστοῦντες.
1369 5764 1526 5819 Εοιτ.

1924 5463 2013 5533 (δ),
2049 5459 2111 5514 Ν.
2149 5459 2234 5511 17.
2293 5457 2438 5533 Ἐπί,
2485 5451 2695 5533 ςξιοηΝ.
2739 5453 2846 5533 ιδ..
2873 5451 3057 5533 Ἀνῄρ,
3095 5457 3207 5533 ἀρ.
3240 5446 3304 5501 Ν.
3343 5447 3429 5532 19‘.

1855 5517 1963 5585 υύκ
1983 5517 2145 5588 ἔσται
2174 5533 2230 5581 ὲν
2260 5530 2363 5586 σοὶ,
2403 5517 2507 5595 πρὸ
2535 5524 2724 5577 τούτου
2759 5517 3022 5595 Θεὸς-μὲν
3050 5520 3122 5589 μὴ
3148 5518 3259 5595 Αῶν,
3294 5517 3435 5587 μετὰ

1847 5608 2016 5655 ταύτα
2039 5603 2091 5653 δὲ
2119 5600 2211 5651 ὧν.
2247 5597 2309 5650 Ν.
2336 5598 2422 5650 20.
2450 5591 2590 5647 Ὀύόὲ
2618 5595 2821 5662 κτίσμα
2841 5635 2854 5654 ,
2890 5593 2922 5662 ἣ
2958 5591 3297 5662 προσθήκην,
3323 5598 3428 5641 ete.

1849 5673 1910 5729 N.
1946 5674 2034 5726 21.
2071 5673 2210 5722 Ἒνιῖ)
2243 5669 2349 5720 "io
2404 5677 2505 5721 ('lc.
2537 5670 2598 5718 IV.
2626 5666 2715 5716 2'3.
2752 5661 2810 5716 Ὁ
2839 5661 2924 5716 διᾶ
2953 5661 3044 5712 σοῦ
3075 5662 3279 5720 πάθους
3307 5674 3429 5727 μου.
