3876 6220
383 290 521 347 1005

449 405 501 459 8.
542 402 609 457 Et
641 418 747 458 non
787 408 1120 457 memoratur
1160 415 1359 455 nomen
1388 399 1553 455 Israel
1586 400 1749 454 ultra.

452 491 506 545 9.
548 489 821 558 Quoniam
852 488 1233 558 cogitaverunt
1259 486 1595 541 unanimiter
1618 486 1780 541 simul
1804 525 1819 549 ,

453 582 543 638 10.
574 582 876 635 Adversum
899 586 952 634 te
985 586 1372 633 testamentum
1398 577 1807 645 disposuerunt.

455 674 540 728 11.
572 672 947 729 Tabemacula
971 671 1361 737 Idumazorum,
1385 678 1440 724 et
1456 668 1754 726 lsmaelitae

456 856 543 913 12.
578 854 767 922 Moab,
807 862 862 911 et
891 854 1161 924 Agareni,

452 948 543 1002 15.
581 944 780 1012 Gebal,
820 955 874 1001 et
901 946 1160 1010 Ammon,
1193 956 1247 999 et
1278 942 1541 1010 Amalec,

447 1035 535 1089 14.
578 1035 907 1104 Alienigena:
941 1051 1065 1089 cum
1093 1034 1469 1089 habitantibus
1502 1032 1705 1105 Tyrum

450 1127 537 1181 15.
574 1127 785 1181 Etenim
809 1136 863 1181 et
894 1126 1072 1182 Assur
1093 1126 1243 1181 venit
1275 1141 1400 1181 cum
1427 1125 1572 1179 illis:

452 1220 540 1277 16.
576 1219 725 1276 Facti
755 1229 882 1276 sunt
907 1221 962 1275 in
993 1220 1324 1289 adjutorium
1352 1218 1477 1273 ﬁliis
1521 1217 1645 1274 Lot.

449 1313 538 1366 17.
577 1310 684 1366 Fac
713 1312 819 1367 illis
851 1312 994 1368 sicut
1022 1311 1237 1366 Madian
1272 1319 1326 1365 et
1358 1310 1558 1365 Sisara:
1578 1349 1596 1378 ,

448 1404 533 1460 18.
577 1404 733 1459 Sicut
759 1403 920 1459 Jabin
950 1404 1005 1457 in
1040 1412 1284 1459 torrente
1318 1403 1557 1459 Cisson:

449 1497 538 1551 19.
573 1496 952 1567 Disperierunt
986 1496 1039 1550 in
1077 1495 1299 1550 Endor:

448 1589 538 1643 20.
577 1589 727 1645 Facti
771 1599 900 1644 sunt
928 1599 987 1643 ut
1011 1598 1223 1644 stercus
1260 1598 1437 1643 terrae.

448 1679 539 1733 21.
576 1679 725 1771 Pone
751 1680 1022 1751 principes
1048 1695 1237 1736 eorum
1272 1681 1415 1737 sicut
1444 1676 1592 1737 Oreb
1611 1718 1630 1749 ,
1658 1688 1714 1736 et
1735 1676 1849 1736 Zeb
1870 1685 1964 1746 ,et
1991 1714 2037 1771 Β

382 1771 574 1837 Zebee,
607 1780 662 1827 et
692 1770 949 1826 Salmana
981 1792 994 1827 :

450 1864 542 1918 22.
572 1863 776 1919 Omnes
800 1864 1074 1934 principes
1110 1878 1317 1920 eorum.

452 1998 530 2068 (a)
560 1995 719 2053 Vcrs.
754 1996 845 2052 22.
873 1996 986 2050 Καὶ
1017 1996 1149 2067 Ζὴϐ,
1174 2006 1283 2051 etc.

1229 284 1285 340 S.
1330 280 1705 339 ATHANASII
1744 280 1894 336 Ol‘P.
1938 278 2119 363 PARS
2155 279 2239 335 Ill.
2285 311 2351 320 ——
2387 278 2805 335 EXEGETICA.

3522 278 3547 330 1
3559 276 3681 331 004

1988 406 2035 461 Α
2135 400 2185 453 8.
2219 398 2330 452 Καὶ
2358 399 2418 450 ού
2459 398 2532 467 μὴ
2573 398 2785 467 μνησθῇ
2808 397 2866 449 τὸ
2889 396 3060 467 ὄνομα
3109 395 3326 463 Ἰσραὴλ
3356 393 3456 449 ἔτι.

2138 491 2189 544 9.
2222 491 2343 541 Ὅτι
2373 489 2763 542 ἐϐουλεύσαντο
2786 491 2843 541 ἐν
2868 488 3093 559 ὁμονοία
3128 488 3221 539 ἐπὶ
3245 487 3305 538 τὸ
3334 486 3465 539 αὐτὸ

2140 583 2227 637 10.
2266 582 2424 636 Κατὰ
2460 582 2551 634 σοῦ
2575 582 2843 653 διαθήκην
2870 581 3124 634 διέθεντο.

2141 675 2227 727 11.
2263 674 2343 727 Τὰ
2378 673 2717 745 σκηνώματα
2744 674 2853 727 τῶν
2890 673 3227 744 Ἰδουμαίων,
3252 672 3343 725 καὶ¹
3358 673 3408 725 οί
3440 671 3677 743 Ἰσμαη-

2068 767 2210 818 λίται
2231 806 2245 829 ,

2143 858 2227 911 12.
2267 856 2465 919 Μωὰϐ,
2494 855 2589 908 καὶ
2609 854 2659 906 οἱ
2696 854 2991 924 Ἀγαρηνοι
3013 892 3028 913 ,

2141 950 2229 1004 15.
2254 947 2448 1013 Γεϐὰλ,
2477 948 2571 1000 καὶ
2630 945 2880 1017 Ἀμμὼν,
2905 962 2999 998 και
3046 945 3301 1017 Αμαλὴκ,

2173 1042 2227 1095 4.
2259 1039 2570 1110 Ἀλλόφυλοι
2602 1038 2741 1109 μετὰ
2772 1038 2880 1091 τῶν
2912 1038 3311 1091 κατοικούντων
3337 1038 3513 1110 Τύρον
3532 1053 3547 1065 ·

2139 1134 2225 1187 15.
2244 1133 2471 1203 Καὶγὰρ
2489 1132 2584 1185 καὶ
2602 1133 2658 1184 Ἀ
2668 1132 2794 1184 acroi:
2803 1149 2834 1202 ρ
2852 1147 2914 1183 συ
2924 1131 3300 1201 μπαρεγενετο
3320 1133 3435 1202 μετ’
3448 1133 3667 1186 αὐτῶνι

2140 1223 2227 1276 16.
2266 1222 2639 1292 Ἐγενήθησαν
2672 1222 2753 1284 είς
2784 1219 3069 1289 ἀντίληψιν
3093 1222 3205 1281 τοῖς
3232 1222 3369 1283 υἱοῖς
3399 1220 3551 1273 Λώτ.

2142 1314 2228 1368 17.
2260 1314 2495 1384 Ποίησον
2522 1313 2705 1375 αὐτοῖς
2733 1312 2808 1376 ὡς
2835 1315 2900 1382 τῇ
2933 1311 3159 1382 Μαδιᾶμ
3190 1312 3285 1364 καὶ
3315 1311 3391 1382 τῷ
3421 1313 3664 1383 Σισάρᾳ,

2138 1406 2225 1461 18.
2255 1407 2341 1469 Ὧς
2356 1406 2434 1477 τῷ
2456 1404 2907 1476 ’1αϐεὶμ[’ῐαϐὴν]
2926 1406 2984 1458 ἐν
3004 1404 3079 1475 τῷ
3097 1404 3383 1477 χειμάρρῳ
3404 1406 3665 1459 Κισσών.

2144 1498 2231 1553 19.
2268 1497 2780 1569 Ἐξωλοθρεύθησαν
2814 1500 2871 1549 ὲν
2900 1496 3136 1568 Ἀενδώρ
3161 1514 3176 1528 ·

2134 1589 2227 1645 29.
2258 1589 2629 1661 Ἐγενῆθησαν
2658 1588 2789 1641 ὡσεὶ
2812 1588 3015 1659 κόπρος
3038 1592 3104 1659 τῇ
3139 1592 3231 1660 γῇ.

2136 1681 2226 1737 21.
2253 1680 2357 1734 Θοῦ
2401 1683 2529 1743 τοὺς
2568 1681 2835 1751 ἄρχοντας
2877 1679 3059 1733 αὐτῶν
3100 1680 3175 1743 ὡς
3214 1680 3307 1734 τὸν
3351 1680 3515 1752 Ὡρὴϐ
3564 1681 3668 1735 καὶ

2063 1772 2177 1846 Ζὴϐ
2213 1773 2311 1844 (a),
2359 1774 2453 1825 καὶ
2484 1772 2669 1837 Ζεϐεὲ,
2704 1772 2799 1824 καὶ
2831 1771 3121 1842 Σαλμανᾶν
3146 1789 3159 1801 ·

2137 1862 2229 1917 22.
2263 1862 2479 1926 Πάντας
2512 1863 2638 1925 τοὺς
2667 1862 2934 1933 ἄρχοντας
2963 1861 3160 1915 αὐτῶν.

1509 2108 1885 2166 ATHANASll
1924 2110 2511 2170 INTERPRETATIO.

454 2248 506 2304 8.
538 2246 855 2304 Videntium
884 2249 1057 2305 Deum
1083 2259 1288 2307 mente.

450 2343 504 2407 9,
540 2341 628 2397 10.
659 2341 726 2396 Et
754 2342 1030 2398 daemones
1069 2359 1192 2399 cum
1225 2343 1430 2401 Judmis
1456 2346 1754 2402 consilium
1781 2346 1965 2416 ,iuive—

380 2444 513 2490 runt
541 2446 731 2491 contra
766 2445 836 2491 te.

456 2526 543 2581 11.
586 2525 908 2582 Deﬁcientes
976 2528 1293 2597 daemones,
1356 2538 1411 2585 et
1467 2529 1820 2589 exaudientes
1871 2547 1968 2588 eos

382 2619 580 2675 Judaei.

456 2710 662 2774 12,15.
703 2708 771 2765 Ει
811 2711 1153 2781 hospitantes
1202 2713 1255 2766 in
1300 2722 1546 2783 peccato.
1593 2713 1757 2769 Cebat
1798 2729 1967 2771 inter-

384 2807 629 2868 pretatur
668 2798 889 2867 populus
936 2798 1216 2868 deﬁciens,
1258 2818 1382 2873 quae
1425 2804 1610 2859 omnia
1649 2806 1719 2863 de
1762 2804 1967 2862 Judazis

385 2888 835 2957 interpretantur.

456 2977 545 3031 14.
579 2976 751 3034 Judaei
780 2994 906 3035 cum
936 2980 1276 3040 daemonibus
1326 2984 1699 3045 habitantibus
1732 2970 1964 3045 idolola-

386 3069 548 3123 triam
582 3088 594 3124 :
625 3070 803 3141 qualis
828 3080 912 3126 est
940 3088 1074 3143 gens
1101 3072 1436 3133 Judzeorum.
1478 3077 1647 3148 Tyrus
1679 3092 1861 3135 autem
1884 3082 1968 3136 in-

387 3170 717 3232 terpretatur
746 3166 1028 3233 angustia,
1062 3168 1222 3236 quale
1255 3177 1338 3223 est
1374 3178 1680 3239 peccatum.

461 3348 548 3402 15.
584 3346 725 3400 Asur
756 3346 1145 3416 interpretatur
1189 3350 1435 3418 insidia,
1481 3351 1628 3422 quod
1669 3353 1737 3408 de
1763 3353 1967 3422 populo

387 3437 614 3493 Judaico
640 3439 845 3494 dictum
880 3447 986 3495 est.

460 3528 548 3585 16.
580 3530 871 3600 Adjutores
900 3529 1124 3587 fuerunt
1163 3532 1292 3588 ﬁliis
1318 3533 1542 3589 diaboli.
1572 3533 1672 3590 Lot
1703 3550 1848 3592 enim
1876 3552 1964 3592 .n-

388 3628 713 3692 terpretatur
744 3620 1009 3689 exclusus,
1044 3622 1222 3693 qualis
1248 3631 1333 3678 est
1364 3622 1634 3679 diabolus.

461 3799 549 3866 17,
580 3800 665 3856 18.
698 3798 808 3856 Fac
833 3800 940 3857 illis
970 3801 1112 3856 sicut
1140 3800 1439 3872 iniquitati,
1469 3811 1524 3857 et
1548 3802 1785 3857 diabolo.
1814 3804 1967 3860 Sisar

388 3893 533 3946 enim
565 3892 952 3961 interpretatur
984 3893 1189 3949 elevans
1223 3895 1459 3949 rebelles.
1494 3894 1655 3949 Jabin
1695 3896 1966 3968 interpre-

390 3993 537 4039 tatur
566 3985 854 4055 ignominia
888 3986 1155 4059 earsiccata
1181 3987 1237 4041 in
1267 3987 1468 4043 duritia
1502 4002 1716 4043 eorum.

462 4159 549 4214 19.
583 4159 841 4230 Disperiit
902 4162 1256 4233 intelligentia
1330 4165 1697 4235 generationis
1754 4182 1965 4223 eorum.

394 4249 578 4305 Eudor
606 4255 752 4306 enim
779 4253 1168 4324 interpretatur
1196 4255 1378 4310 oculus
1410 4258 1785 4327 generationis.

458 4342 548 4397 20.
579 4342 817 4399 Perditio
840 4343 967 4400 facti
1003 4354 1132 4400 sunt
1154 4346 1209 4399 in
1244 4346 1470 4402 mundo.

458 4433 548 4487 21.
588 4432 660 4489 Ut
702 4451 913 4489 corvum
962 4436 1211 4504 aridum,
1258 4436 1333 4492 ita
1386 4439 1531 4494 enim
1583 4440 1969 4511 interpretatur

2132 2256 2185 2312 8.
2210 2256 2332 2309 Τῶν
2353 2255 2604 2329 ὁρώντων
2631 2253 2765 2307 Θεὸν
2792 2251 2872 2325 (1)
2906 2254 2972 2323 τῇ
3000 2249 3229 2322 διανοίᾳ.

2133 2349 2188 2413 9,
2214 2348 2301 2403 10.
2336 2348 2413 2419 (2)
2446 2347 2557 2401 Καὶ
2580 2348 2627 2399 oi
2662 2345 2916 2415 δαίμονες
2945 2344 3059 2414 ἅμα
3082 2344 3195 2408 τοῖς
3231 2342 3511 2406 Ἰουδαίοις
3531 2359 3663 2396 συν-

2063 2440 2457 2494 εϐουλεύσαντο
2486 2436 2819 2510 συμϐουλίαν
2843 2434 2983 2489 κατὰ
3012 2434 3129 2488 σοῦ.

2137 2532 2223 2587 11.
2262 2532 2325 2584 Οἱ
2356 2530 2703 2594 ἐκλείποντες
2742 2528 3014 2599 δαίμονες,
3058 2527 3154 2580 καὶ
3193 2528 3243 2580 οί
3277 2526 3662 2591 είσακούοντες

1993 2657 2039 2720 C
2068 2625 2265 2688 αὐτοὺς
2288 2622 2367 2695 (5)
2395 2623 2667 2678 Ἰουδαῖοι.

2140 2717 2227 2782 12,
2266 2716 2350 2769 13.
2387 2715 2466 2787 (4)
2504 2715 2617 2769 Καὶ
2654 2716 2704 2767 οἱ
2752 2713 3249 2786 προσηλυτεύοντες
3278 2715 3345 2783 τῇ
3385 2712 3660 2782 ἁμαρτίᾳ.

2069 2806 2267 2860 Γεϐὰλ
2297 2804 2655 2876 ἑρμηνεύεται
2678 2805 2829 2871 λαός
2854 2806 3172 2869 ἐκλείπων,
3195 2804 3339 2874 ἅπερ
3360 2802 3661 2873 ἀμφότερα

2071 2887 2154 2964 ε’ίς
2176 2900 2301 2963 τοὺς
2330 2897 2615 2961 Ἰουδαίους
2645 2898 3060 2969 ἑρμηνεύονται.

2141 2992 2230 3047 14.
2264 2992 2327 3044 Οί
2349 2990 2592 3044 Ἰουδαῖοι
2625 2989 2763 3060 μετὰ
2783 2989 2892 3043 τῶν
2921 2988 3322 3044 κατοικούντων
3461 2988 3661 3059 δαιμό-

2069 3101 2174 3139 νων
2219 3083 2320 3155 τὴν
2344 3082 2790 3153 εἰδωλολατρείαν
2824 3100 2838 3113 ·
2872 3082 3218 3153 ἁλποτήματι
3262 3082 3400 3151 ὅπερ
3444 3080 3563 3132 ἐστὶ
3596 3078 3662 3131 τὸ

2070 3175 2223 3238 ἔθνος
2252 3174 2361 3229 τῶν
2379 3174 2669 3228 Ἰουδαίων.
2706 3174 2889 3243 Τύρος
2913 3174 2969 3227 δὲ
3000 3173 3240 3243 συνοχὴ
3270 3172 3659 3244 ἑρμηνεύεται,

2072 3267 2213 3338 ὅπερ
2247 3266 2395 3319 ἐστὶν
2424 3266 2459 3337 ἡ
2490 3265 2753 3335 ἁμαρτία.

2142 3360 2229 3413 15.
2256 3358 2466 3427 Ἀσοὺρ
2508 3357 2871 3429 ἑρμηνεύεται
2916 3357 3191 3425 ἕνεδρον,
3241 3358 3378 3427 ὅπερ
3425 3358 3507 3420 εἰς
3564 3356 3661 3409 τὸν

2070 3451 2322 3505 Ἰουδαῖον
2354 3449 2431 3521 (6)
2464 3448 2699 3520 εἴρηται.

2143 3541 2230 3597 16.
2264 3540 2460 3611 Βοηθοὶ
2494 3540 2749 3608 γεγόνασι
2776 3542 2887 3603 τοῖς
2922 3541 3055 3603 υἱοῖς
3100 3538 3194 3592 τοῦ
3220 3538 3488 3592 διαϐόλου.
3526 3537 3661 3591 Λὼτ

2071 3630 2179 3702 γὰρ
2206 3628 2755 3699 ἀποκεκλεισμένος
2803 3630 3185 3702 ἑρμηνεύεται,
3244 3631 3380 3699 ὅπερ
3425 3630 3571 3681 ἐστὶν
3628 3630 3660 3681 ὁ

2069 3723 2337 3786 διάϐολος.

2143 3817 2230 3879 17,
2272 3816 2357 3869 18.
2404 3816 2480 3886 (7)
2528 3815 2758 3886 Ποίησον
2804 3815 2986 3878 αὐτοῖς
3024 3814 3099 3877 ὡς
3123 3817 3189 3885 τῇ
3219 3814 3403 3884 ἀδικίᾳ
3435 3814 3528 3867 καὶ
3579 3813 3659 3885 τῷ

2070 3908 2318 3978 διαϐόλῳ.
2360 3907 2588 3975 Σισάρα
2618 3908 2725 3978 γὰρ
2759 3905 3121 3978 ἑρμηνεύεται
3162 3906 3349 3973 αἴρων
3381 3906 3655 3959 ἀποστα-

1998 4032 2043 4087 D
2072 3998 2269 4065 σίους.
2309 3999 2497 4067 Ἰαϐὶμ
2541 3998 2901 4070 ἑρμηνεύεται
2930 3998 3195 4066 αἰσχύνη
3247 3996 3656 4067 ξηραινομένη

2072 4092 2130 4143 ἑν
2160 4093 2225 4161 τῇ
2255 4089 2579 4161 σκληρότητι
2606 4089 2805 4144 αὐτῶν.

2143 4179 2231 4236 19.
2264 4176 2671 4251 Ἐξωλοθρεύθη
2726 4181 2759 4251 ἡ
2807 4179 3020 4234 διάνοια
3063 4181 3163 4251 τῆς
3210 4181 3405 4249 γενεᾶς
3446 4181 3651 4236 αὐτῶν.

2070 4270 2326 4340 Ἀενδὼρ
2361 4270 2469 4341 γὰρ
2502 4271 2865 4343 ἑρμηνεύεται
2901 4273 3213 4341 ὀφθαλμὸς
3240 4271 3471 4341 γενεᾶς.

2139 4361 2229 4415 20.
2256 4358 2527 4415 Ἀπώλεια
2554 4363 2843 4433 γεγόνασιν
2866 4364 2924 4415 ὲν
2948 4363 3027 4432 τῷ
3056 4363 3269 4434 κόσμῳ.

2136 4452 2226 4506 21.
2265 4452 2340 4523 (8)
2388 4454 2474 4517 Ὠς
2504 4455 2729 4524 κόρακα
2755 4454 2962 4524 ξηρὸν,
2998 4455 3158 4509 τοῦτο
3206 4455 3313 4527 γὰρ
3351 4456 3661 4527 ἑρμηνεύε-

389 4525 547 4591 Oreb,
579 4535 633 4582 et
664 4537 717 4582 ut
748 4528 951 4597 lupum,
1006 4537 1061 4583 et
1098 4538 1159 4584 ut
1203 4531 1503 4599 victimam,
1537 4542 1588 4588 et
1624 4542 1684 4588 ut
1727 4536 1969 4588 umbram

2109 4562 2159 4597 αι
2189 4542 2385 4612 Ὠρὴϐ,
2424 4545 2612 4608 καὶὼς
2644 4545 2827 4613 λύκον,
2861 4547 2954 4598 καὶ
2988 4547 3063 4610 ὡς
3086 4525 3392 4617 θυσιασμὸν
3420 4525 3655 4617 [θυσία-

385 4616 774 4685 ﬂuctuationis.
818 4617 945 4675 Haac
983 4628 1066 4675 est
1100 4620 1245 4675 enim
1299 4622 1516 4678 illorum
1559 4625 1843 4678 nominum
1884 4626 1969 4679 in-

386 4709 727 4776 terpretatio.

456 4800 545 4854 22.
581 4801 638 4855 In
667 4802 848 4875 gladio
873 4818 1137 4862 consume
1158 4814 1218 4861 ut
1244 4806 1365 4862 illos

2071 4634 2218 4707 σμα]
2245 4674 2260 4697 ,
2298 4636 2392 4689 καὶ
2411 4636 2486 4699 ὡς
2515 4637 2699 4691 σκιὰν
2722 4636 3094 4709 σάλον.Δῦτη
3123 4638 3231 4710 γὰρ
3262 4640 3529 4711 ἑρμηνεία
3545 4642 3657 4694 τῶν

2070 4724 2159 4775 ὀνο
2166 4721 2371 4792 μάτων.

2143 4814 2233 4867 22.
2274 4815 2363 4868 Ἐν
2396 4817 2642 4889 ῥομφαίᾳ
2669 4818 2945 4872 ἁνάλωσον
2967 4820 3043 4883 ὡς
3076 4820 3334 4885 ἐκείνους.

1343 4970 1651 5033 Addenda
1701 4981 1761 5033 et
1791 4974 2170 5055 corrigenda
2211 4992 2287 5037 ex
2320 4977 2461 5038 cod.
2495 4980 2696 5040 Vatic.

463 5102 541 5175 (1)
570 5103 680 5175 Τὸν
712 5105 862 5158 Θεόν.

567 5173 720 5256 Νεέ).
772 5177 893 5229 ’Ότι
922 5177 971 5256 oi
998 5177 1247 5256 δαίμονες
1290 5178 1796 5234 συνεϐουλεύσαντο.
1832 5182 1967 5253 Συμ-

382 5245 604 5299 ϐούλιον
632 5246 816 5299 ἔθεντο
838 5248 976 5299 κατὰ
996 5245 1122 5300 σού.

462 5319 539 5394 (5)
560 5316 751 5394 Αὐτῶν
772 5317 1013 5371 Ἰουδαῖοι
1040 5336 1051 5348 ·
1084 5319 1241 5372 τοῦτο
1265 5320 1374 5392 γὰρ
1400 5320 1551 5391 δηλοῖ
1573 5324 1605 5393 ἡ
1643 5322 1752 5374 τῶν
1776 5323 1969 5394 ὀνομά-

388 5405 497 5441 των
522 5387 809 5459 ἑρμττνεία.

942 5459 1034 5533 τοῦ
1067 5461 1291 5533 πατρὸς,
1332 5462 1427 5514 καὶ
1452 5464 1499 5514 οἱ
1533 5464 1963 5533 προσηλυτεύον-

387 5538 502 5592 τες,
532 5529 808 5605 τουτέστιν
833 5533 898 5605 τῇ
932 5529 1193 5605 ἁμαρτίᾳζ
1342 5533 1427 5585 15.
1467 5529 1642 5605 Γεϐὰλ
1670 5529 1965 5605 ἑρμηνεύε-

386 5589 1015 5673 ταίὺνχίσμαεταλᾷιόὶθ.
1036 5589 1213 5673 ’Ἀμῷν
1229 5602 1285 5654 δὲ
1300 5603 1661 5673 ἑρμηνεύεται
1674 5589 1967 5669 ύὶὖέλαοῦ

384 5688 526 5742 μου.
579 5671 836 5742 Ἀμαλὴκ-
856 5670 912 5723 δὲ
935 5670 1293 5742 ἑρμηνεύεται
1331 5670 1479 5736 ⁸λαός
1505 5674 1826 5733 ἐκλείπων.
1858 5687 1963 5729 etc.

464 5739 538 5810 (δ)
574 5739 983 5795 Κατοικούντων
1006 5739 1014 5742 ’
1038 5739 1206 5799 deest.
1244 5743 1719 5800 Είδωλολατοείαν.
1789 5745 1965 5799 Ἀλλό-

2069 5115 2225 5199 ερυλοι
2262 5116 2366 5199 γαρ
2411 5118 2807 5189 ἑρμηνεύονται
2847 5122 3139 5184 πίπτοντες
3182 5122 3479 5191 ποτήματι,
3520 5128 3659 5199 ὅπερ

2068 5187 2241 5249 ἐστὶν,
2278 5187 2386 5239 etc.

2162 5256 2216 5325 6)
2254 5256 2477 5309 Ἰούδαν.

2247 5258 2696 5401 ἐῗῖᾃῖῗῇοίησον,
2718 5334 3540 5401 οιο.,αἷρωνάποστασίαν.Ν.
3568 5337 3656 5391 18.

2080 5396 2267 5477 Ἰαϐίν,
2296 5406 2429 5477 etc,
2464 5396 3140 5477 ggpairoﬁm._l(tact‘uv
3162 5405 3253 5477 de
3292 5407 3662 5477 ἑρμηνεύεται

2071 5468 2435 5551 ςκληρότης.
2475 5468 2755 5551 ςΩσαύτως
2789 5468 3393 5551 οἱξἸουδαίοιηὺπῆρίον
3424 5468 3657 5551 αἰσχύνη

2076 5536 2442 5615 ξηρξινρμέξῃ
2472 5541 2623 5615 ἐγλτῇ
2661 5542 2990 5615 σκληρότητι
3020 5544 3220 5598 αὐτῶν.

2151 5556 2442 5676 ῗὲἷνῧιεέἶι
2472 5556 2623 5661 εγΩτῃ
2661 5556 2990 5626 σκληρότητι
3020 5556 3220 5598 αὑτων.
3468 5619 3481 5634 ⁸

2172 5677 2238 5688 Μ
2294 5650 2389 5688 _:_
2447 5651 2466 5688 ._
2542 5628 2600 5688 _g_
2646 5630 2894 5688 κορακα,
2959 5624 3069 5688 etc.
3125 5631 3298 5688 usque
3351 5616 3429 5688 ad,
3483 5618 3656 5688 Ωρήϐ.

2077 5675 2261 5763 Νλ22.
2294 5680 2401 5763 βοαὶ
2437 5680 2513 5742 ὼς
2542 5675 2724 5747 λύκον,
2745 5685 2837 5737 καὶ
2859 5675 2931 5749 ὡς
2953 5675 3271 5757 θυσιασμὸν,
3290 5688 3383 5739 καὶ
3406 5687 3481 5751 ὡς
3502 5675 3663 5743 σὶιίὰν

2076 5749 2259 5802 σάλου.
2280 5749 2448 5821 Λύτη,
2473 5760 2574 5807 etc.
