  <div class='ocr_page' id='page_1' title='image "/cluster/home/n/w/nwhite01/storage/ocr_20150623/27/nnc1.0046978631/522.png"; bbox 0 0 3876 6220; ppageno 0'>
   <div class='ocr_carea' id='block_1_1' title="bbox 289 326 3579 389">
    <p class='ocr_par' dir='ltr' id='par_1_1' title="bbox 289 326 3579 389">
     <span class='ocr_line' id='line_1_1' title="bbox 289 326 3579 389; baseline 0.001 -4"><span class='ocrx_word' id='word_1_1' title='bbox 289 327 437 387; x_wconf 78' lang='grc'><strong>1005</strong></span> <span class='ocrx_word' id='word_1_2' title='bbox 1150 331 1237 386; x_wconf 88' lang='lat' dir='ltr'><strong>DE</strong></span> <span class='ocrx_word' id='word_1_3' title='bbox 1278 326 1555 387; x_wconf 88' lang='lat' dir='ltr'><strong>TITULIS</strong></span> <span class='ocrx_word' id='word_1_4' title='bbox 1585 330 2044 388; x_wconf 76' lang='lat' dir='ltr'><strong>PSALMORUM.</strong></span> <span class='ocrx_word' id='word_1_5' title='bbox 2086 358 2156 371; x_wconf 86' lang='lat'><strong>-—</strong></span> <span class='ocrx_word' id='word_1_6' title='bbox 2195 328 2391 386; x_wconf 85' lang='lat' dir='ltr'><strong>PSAL.</strong></span> <span class='ocrx_word' id='word_1_7' title='bbox 2421 330 2709 388; x_wconf 75' lang='lat' dir='ltr'><strong>LXXXIII.</strong></span> <span class='ocrx_word' id='word_1_8' title='bbox 3444 332 3579 389; x_wconf 87' lang='lat' dir='ltr'><strong>I006</strong></span> 
     </span>
    </p>
   </div>
   <div class='ocr_carea' id='block_1_2' title="bbox 362 439 1893 523">
    <p class='ocr_par' dir='ltr' id='par_1_2' title="bbox 362 439 1884 521">
     <span class='ocr_line' id='line_1_2' title="bbox 362 439 1884 521; baseline 0.003 -24"><span class='ocrx_word' id='word_1_9' title='bbox 362 444 453 498; x_wconf 86' lang='grc'><strong>25.</strong></span> <span class='ocrx_word' id='word_1_10' title='bbox 484 443 696 507; x_wconf 75' lang='grc' dir='ltr'>Οῖτινες</span> <span class='ocrx_word' id='word_1_11' title='bbox 742 439 898 499; x_wconf 80' lang='grc' dir='ltr'>εἷπον</span> <span class='ocrx_word' id='word_1_12' title='bbox 936 463 948 475; x_wconf 91' lang='grc'><strong>·</strong></span> <span class='ocrx_word' id='word_1_13' title='bbox 1004 447 1522 521; x_wconf 85' lang='grc' dir='ltr'>Κληρονομήσωμεν</span> <span class='ocrx_word' id='word_1_14' title='bbox 1566 451 1781 515; x_wconf 80' lang='grc' dir='ltr'><strong>ἑαυτοῖς</strong></span> <span class='ocrx_word' id='word_1_15' title='bbox 1825 451 1884 503; x_wconf 77' lang='grc' dir='ltr'>τὸ</span> 
     </span>
    </p>
   </div>
   <div class='ocr_carea' id='block_1_3' title="bbox 2045 439 3576 523">
    <p class='ocr_par' dir='ltr' id='par_1_3' title="bbox 2062 448 3576 523">
     <span class='ocr_line' id='line_1_3' title="bbox 2062 448 3576 523; baseline 0.005 -20"><span class='ocrx_word' id='word_1_16' title='bbox 2062 448 2154 504; x_wconf 97' lang='grc'><strong>25.</strong></span> <span class='ocrx_word' id='word_1_17' title='bbox 2188 450 2292 513; x_wconf 77' lang='lat' dir='ltr'><strong>Qui</strong></span> <span class='ocrx_word' id='word_1_18' title='bbox 2324 451 2582 507; x_wconf 86' lang='lat' dir='ltr'><strong>dixerunt</strong></span> <span class='ocrx_word' id='word_1_19' title='bbox 2608 470 2621 505; x_wconf 92' lang='lat'>:</span> <span class='ocrx_word' id='word_1_20' title='bbox 2657 449 2981 507; x_wconf 70' lang='lat' dir='ltr'><strong>Hazreditate</strong></span> <span class='ocrx_word' id='word_1_21' title='bbox 3010 451 3391 523; x_wconf 82' lang='lat' dir='ltr'><strong>possideamus</strong></span> <span class='ocrx_word' id='word_1_22' title='bbox 3418 454 3576 511; x_wconf 75' lang='lat' dir='ltr'><strong>nobis</strong></span> 
     </span>
    </p>
   </div>
   <div class='ocr_carea' id='block_1_4' title="bbox 284 535 1815 610">
    <p class='ocr_par' dir='ltr' id='par_1_4' title="bbox 284 535 957 610">
     <span class='ocr_line' id='line_1_4' title="bbox 284 535 957 610; baseline -0.003 -16"><span class='ocrx_word' id='word_1_23' title='bbox 284 535 650 610; x_wconf 85' lang='grc' dir='ltr'>ἀγιαστήριον</span> <span class='ocrx_word' id='word_1_24' title='bbox 672 540 765 593; x_wconf 78' lang='grc' dir='ltr'>τοῦ</span> <span class='ocrx_word' id='word_1_25' title='bbox 800 541 957 595; x_wconf 79' lang='grc' dir='ltr'>Θεοῦ.</span> 
     </span>
    </p>
   </div>
   <div class='ocr_carea' id='block_1_5' title="bbox 972 535 2503 610">
    <p class='ocr_par' dir='ltr' id='par_1_5' title="bbox 1982 543 2503 598">
     <span class='ocr_line' id='line_1_5' title="bbox 1982 543 2503 598; baseline -0.002 -1"><span class='ocrx_word' id='word_1_26' title='bbox 1982 543 2357 597; x_wconf 87' lang='lat' dir='ltr'><strong>sanctuarium</strong></span> <span class='ocrx_word' id='word_1_27' title='bbox 2389 543 2503 598; x_wconf 90' lang='lat' dir='ltr'><strong>Dei.</strong></span> 
     </span>
    </p>
   </div>
   <div class='ocr_carea' id='block_1_6' title="bbox 358 631 1889 708">
    <p class='ocr_par' dir='ltr' id='par_1_6' title="bbox 358 631 1569 708">
     <span class='ocr_line' id='line_1_6' title="bbox 358 631 1569 708; baseline 0.004 -24"><span class='ocrx_word' id='word_1_28' title='bbox 358 631 449 684; x_wconf 72' lang='grc'><strong>24.</strong></span> <span class='ocrx_word' id='word_1_29' title='bbox 495 633 551 685; x_wconf 86' lang='grc'><strong>’0</strong></span> <span class='ocrx_word' id='word_1_30' title='bbox 580 632 715 697; x_wconf 87' lang='grc' dir='ltr'>Θεός</span> <span class='ocrx_word' id='word_1_31' title='bbox 745 652 868 704; x_wconf 90' lang='grc' dir='ltr'>μου,</span> <span class='ocrx_word' id='word_1_32' title='bbox 897 634 991 687; x_wconf 82' lang='grc' dir='ltr'>θοῦ</span> <span class='ocrx_word' id='word_1_33' title='bbox 1015 635 1215 699; x_wconf 83' lang='grc' dir='ltr'>αὐτοὺς</span> <span class='ocrx_word' id='word_1_34' title='bbox 1238 636 1315 700; x_wconf 86' lang='grc' dir='ltr'>ὼς</span> <span class='ocrx_word' id='word_1_35' title='bbox 1344 636 1569 708; x_wconf 83' lang='grc' dir='ltr'>τροχόν·</span> 
     </span>
    </p>
   </div>
   <div class='ocr_carea' id='block_1_7' title="bbox 1643 631 3174 708">
    <p class='ocr_par' dir='ltr' id='par_1_7' title="bbox 2051 633 3174 705">
     <span class='ocr_line' id='line_1_7' title="bbox 2051 633 3174 705; baseline 0.004 -18"><span class='ocrx_word' id='word_1_36' title='bbox 2051 633 2143 688; x_wconf 66' lang='grc'><strong>24.</strong></span> <span class='ocrx_word' id='word_1_37' title='bbox 2182 633 2326 688; x_wconf 88' lang='lat' dir='ltr'><strong>Deus</strong></span> <span class='ocrx_word' id='word_1_38' title='bbox 2360 650 2540 702; x_wconf 90' lang='lat' dir='ltr'><strong>meus,</strong></span> <span class='ocrx_word' id='word_1_39' title='bbox 2561 650 2700 705; x_wconf 88' lang='lat' dir='ltr'><strong>pone</strong></span> <span class='ocrx_word' id='word_1_40' title='bbox 2726 636 2848 691; x_wconf 88' lang='lat' dir='ltr'><strong>illos</strong></span> <span class='ocrx_word' id='word_1_41' title='bbox 2872 644 2933 691; x_wconf 85' lang='lat' dir='ltr'><strong>ut</strong></span> <span class='ocrx_word' id='word_1_42' title='bbox 2960 645 3135 691; x_wconf 86' lang='lat' dir='ltr'><strong>rotam</strong></span> <span class='ocrx_word' id='word_1_43' title='bbox 3162 657 3174 691; x_wconf 87' lang='lat'><strong>:</strong></span> 
     </span>
    </p>
   </div>
   <div class='ocr_carea' id='block_1_8' title="bbox 358 723 1889 801">
    <p class='ocr_par' dir='ltr' id='par_1_8' title="bbox 358 724 1626 801">
     <span class='ocr_line' id='line_1_8' title="bbox 358 724 1626 801; baseline 0.005 -24"><span class='ocrx_word' id='word_1_44' title='bbox 358 724 450 778; x_wconf 81' lang='grc'><strong>25.</strong></span> <span class='ocrx_word' id='word_1_45' title='bbox 499 725 587 788; x_wconf 86' lang='grc' dir='ltr'>Ὡς</span> <span class='ocrx_word' id='word_1_46' title='bbox 620 727 876 798; x_wconf 78' lang='grc' dir='ltr'><strong>καλάμην</strong></span> <span class='ocrx_word' id='word_1_47' title='bbox 901 729 1041 783; x_wconf 80' lang='grc' dir='ltr'>κατὰ</span> <span class='ocrx_word' id='word_1_48' title='bbox 1077 731 1368 801; x_wconf 85' lang='grc' dir='ltr'>πρόσωπον</span> <span class='ocrx_word' id='word_1_49' title='bbox 1399 732 1626 801; x_wconf 78' lang='grc' dir='ltr'>ἀνέμου.</span> 
     </span>
    </p>
   </div>
   <div class='ocr_carea' id='block_1_9' title="bbox 1759 723 3290 801">
    <p class='ocr_par' dir='ltr' id='par_1_9' title="bbox 2050 723 3290 793">
     <span class='ocr_line' id='line_1_9' title="bbox 2050 723 3290 793; baseline 0.004 -17"><span class='ocrx_word' id='word_1_50' title='bbox 2050 723 2142 777; x_wconf 76' lang='grc'><strong>25.</strong></span> <span class='ocrx_word' id='word_1_51' title='bbox 2181 723 2247 778; x_wconf 84' lang='grc' dir='ltr'>Ει</span> <span class='ocrx_word' id='word_1_52' title='bbox 2279 725 2421 779; x_wconf 98' lang='lat' dir='ltr'><strong>sicut</strong></span> <span class='ocrx_word' id='word_1_53' title='bbox 2454 726 2706 793; x_wconf 88' lang='lat' dir='ltr'><strong>stipulam</strong></span> <span class='ocrx_word' id='word_1_54' title='bbox 2747 736 2872 781; x_wconf 91' lang='lat' dir='ltr'><strong>ante</strong></span> <span class='ocrx_word' id='word_1_55' title='bbox 2898 726 3088 781; x_wconf 78' lang='lat' dir='ltr'><strong>faciem</strong></span> <span class='ocrx_word' id='word_1_56' title='bbox 3127 728 3290 782; x_wconf 80' lang='lat' dir='ltr'><strong>venti.</strong></span> 
     </span>
    </p>
   </div>
   <div class='ocr_carea' id='block_1_10' title="bbox 357 814 1888 894">
    <p class='ocr_par' dir='ltr' id='par_1_10' title="bbox 357 816 1434 894">
     <span class='ocr_line' id='line_1_10' title="bbox 357 816 1434 894; baseline 0.006 -26"><span class='ocrx_word' id='word_1_57' title='bbox 357 816 448 869; x_wconf 86' lang='grc'><strong>26.</strong></span> <span class='ocrx_word' id='word_1_58' title='bbox 488 818 632 871; x_wconf 79' lang='grc' dir='ltr'>Ὡσεὶ</span> <span class='ocrx_word' id='word_1_59' title='bbox 662 818 796 890; x_wconf 79' lang='grc' dir='ltr'>πῦρ,</span> <span class='ocrx_word' id='word_1_60' title='bbox 827 820 855 873; x_wconf 87' lang='grc' dir='ltr'>ὃ</span> <span class='ocrx_word' id='word_1_61' title='bbox 879 821 1153 890; x_wconf 73' lang='grc' dir='ltr'>διαφλέξει</span> <span class='ocrx_word' id='word_1_62' title='bbox 1187 822 1392 894; x_wconf 82' lang='grc' dir='ltr'>δρυμόν</span> <span class='ocrx_word' id='word_1_63' title='bbox 1419 839 1434 856; x_wconf 80' lang='grc' dir='ltr'><strong>ο</strong></span> 
     </span>
    </p>
   </div>
   <div class='ocr_carea' id='block_1_11' title="bbox 1719 814 3250 894">
    <p class='ocr_par' dir='ltr' id='par_1_11' title="bbox 2058 814 3250 887">
     <span class='ocr_line' id='line_1_11' title="bbox 2058 814 3250 887; baseline 0.005 -19"><span class='ocrx_word' id='word_1_64' title='bbox 2058 814 2151 869; x_wconf 88' lang='grc'><strong>26.</strong></span> <span class='ocrx_word' id='word_1_65' title='bbox 2189 814 2344 877; x_wconf 89' lang='lat' dir='ltr'><strong>Sicut</strong></span> <span class='ocrx_word' id='word_1_66' title='bbox 2374 816 2537 885; x_wconf 83' lang='lat' dir='ltr'><strong>ignis,</strong></span> <span class='ocrx_word' id='word_1_67' title='bbox 2567 819 2660 887; x_wconf 87' lang='lat' dir='ltr'><strong>qui</strong></span> <span class='ocrx_word' id='word_1_68' title='bbox 2692 821 2980 874; x_wconf 85' lang='lat' dir='ltr'><strong>comburet</strong></span> <span class='ocrx_word' id='word_1_69' title='bbox 3013 820 3209 875; x_wconf 90' lang='lat' dir='ltr'><strong>silvam</strong></span> <span class='ocrx_word' id='word_1_70' title='bbox 3238 839 3250 874; x_wconf 91' lang='lat'>:</span> 
     </span>
    </p>
   </div>
   <div class='ocr_carea' id='block_1_12' title="bbox 354 906 1885 985">
    <p class='ocr_par' dir='ltr' id='par_1_12' title="bbox 354 906 1499 985">
     <span class='ocr_line' id='line_1_12' title="bbox 354 906 1499 985; baseline 0.008 -27"><span class='ocrx_word' id='word_1_71' title='bbox 354 906 446 959; x_wconf 88' lang='grc'>27.</span> <span class='ocrx_word' id='word_1_72' title='bbox 488 908 631 961; x_wconf 78' lang='grc' dir='ltr'>Ὡσεὶ</span> <span class='ocrx_word' id='word_1_73' title='bbox 653 908 803 978; x_wconf 79' lang='grc' dir='ltr'>φλὸξ,</span> <span class='ocrx_word' id='word_1_74' title='bbox 835 910 869 979; x_wconf 83' lang='grc' dir='ltr'>ἢ</span> <span class='ocrx_word' id='word_1_75' title='bbox 902 910 976 981; x_wconf 88' lang='grc' dir='ltr'><strong>(α)</strong></span> <span class='ocrx_word' id='word_1_76' title='bbox 1006 912 1342 965; x_wconf 82' lang='grc' dir='ltr'>κατακαύσει</span> <span class='ocrx_word' id='word_1_77' title='bbox 1372 913 1499 985; x_wconf 73' lang='grc' dir='ltr'><strong>ὅρη.</strong></span> 
     </span>
    </p>
   </div>
   <div class='ocr_carea' id='block_1_13' title="bbox 1899 906 3430 985">
    <p class='ocr_par' dir='ltr' id='par_1_13' title="bbox 2054 906 3430 980">
     <span class='ocr_line' id='line_1_13' title="bbox 2054 906 3430 980; baseline 0.007 -22"><span class='ocrx_word' id='word_1_78' title='bbox 2054 906 2146 961; x_wconf 87' lang='grc'><strong>27.</strong></span> <span class='ocrx_word' id='word_1_79' title='bbox 2179 906 2245 962; x_wconf 84' lang='grc' dir='ltr'>Ει</span> <span class='ocrx_word' id='word_1_80' title='bbox 2279 909 2423 963; x_wconf 90' lang='lat' dir='ltr'><strong>sicut</strong></span> <span class='ocrx_word' id='word_1_81' title='bbox 2450 908 2689 977; x_wconf 83' lang='lat' dir='ltr'><strong>ﬂamma,</strong></span> <span class='ocrx_word' id='word_1_82' title='bbox 2714 928 2837 980; x_wconf 82' lang='lat' dir='ltr'><strong>quae</strong></span> <span class='ocrx_word' id='word_1_83' title='bbox 2874 915 3159 967; x_wconf 86' lang='lat' dir='ltr'><strong>comburet</strong></span> <span class='ocrx_word' id='word_1_84' title='bbox 3198 925 3430 968; x_wconf 82' lang='lat' dir='ltr'><strong>montes.</strong></span> 
     </span>
    </p>
   </div>
   <div class='ocr_carea' id='block_1_14' title="bbox 352 995 1883 1075">
    <p class='ocr_par' dir='ltr' id='par_1_14' title="bbox 352 995 1873 1074">
     <span class='ocr_line' id='line_1_14' title="bbox 352 995 1873 1074; baseline 0.005 -25"><span class='ocrx_word' id='word_1_85' title='bbox 352 995 445 1051; x_wconf 87' lang='grc'><strong>28.</strong></span> <span class='ocrx_word' id='word_1_86' title='bbox 470 996 626 1050; x_wconf 72' lang='grc' dir='ltr'>Οὕτω</span> <span class='ocrx_word' id='word_1_87' title='bbox 652 998 1004 1063; x_wconf 77' lang='grc' dir='ltr'>καταδιώξεις</span> <span class='ocrx_word' id='word_1_88' title='bbox 1030 1000 1228 1063; x_wconf 76' lang='grc' dir='ltr'>αὐτοὺς</span> <span class='ocrx_word' id='word_1_89' title='bbox 1265 1004 1323 1054; x_wconf 83' lang='grc' dir='ltr'><strong>ὲν</strong></span> <span class='ocrx_word' id='word_1_90' title='bbox 1361 1005 1426 1074; x_wconf 82' lang='grc' dir='ltr'>τῇ</span> <span class='ocrx_word' id='word_1_91' title='bbox 1459 1001 1728 1072; x_wconf 85' lang='grc' dir='ltr'>καταιγίδι</span> <span class='ocrx_word' id='word_1_92' title='bbox 1761 1020 1873 1055; x_wconf 75' lang='grc' dir='ltr'>σου·</span> 
     </span>
    </p>
   </div>
   <div class='ocr_carea' id='block_1_15' title="bbox 1897 995 3428 1075">
    <p class='ocr_par' dir='ltr' id='par_1_15' title="bbox 2053 998 3428 1075">
     <span class='ocr_line' id='line_1_15' title="bbox 2053 998 3428 1075; baseline 0.006 -24"><span class='ocrx_word' id='word_1_93' title='bbox 2053 998 2143 1055; x_wconf 88' lang='grc'><strong>28.</strong></span> <span class='ocrx_word' id='word_1_94' title='bbox 2182 999 2259 1053; x_wconf 86' lang='lat' dir='ltr'><strong>Ita</strong></span> <span class='ocrx_word' id='word_1_95' title='bbox 2302 1004 2646 1071; x_wconf 76' lang='lat' dir='ltr'><strong>persequeris</strong></span> <span class='ocrx_word' id='word_1_96' title='bbox 2675 1003 2796 1057; x_wconf 87' lang='lat' dir='ltr'><strong>illos</strong></span> <span class='ocrx_word' id='word_1_97' title='bbox 2830 1004 2882 1057; x_wconf 92' lang='lat' dir='ltr'><strong>in</strong></span> <span class='ocrx_word' id='word_1_98' title='bbox 2921 1014 3243 1075; x_wconf 89' lang='lat' dir='ltr'><strong>tempestate</strong></span> <span class='ocrx_word' id='word_1_99' title='bbox 3285 1014 3380 1061; x_wconf 90' lang='lat' dir='ltr'><strong>tua</strong></span> <span class='ocrx_word' id='word_1_100' title='bbox 3416 1024 3428 1059; x_wconf 91' lang='lat'><strong>:</strong></span> 
     </span>
    </p>
   </div>
   <div class='ocr_carea' id='block_1_16' title="bbox 352 1086 1883 1162">
    <p class='ocr_par' dir='ltr' id='par_1_16' title="bbox 352 1086 1705 1162">
     <span class='ocr_line' id='line_1_16' title="bbox 352 1086 1705 1162; baseline 0.005 -21"><span class='ocrx_word' id='word_1_101' title='bbox 352 1086 442 1141; x_wconf 88' lang='grc'><strong>29.</strong></span> <span class='ocrx_word' id='word_1_102' title='bbox 475 1089 588 1141; x_wconf 78' lang='grc' dir='ltr'><strong>Καὶ</strong></span> <span class='ocrx_word' id='word_1_103' title='bbox 618 1091 675 1142; x_wconf 81' lang='grc' dir='ltr'>ἐν</span> <span class='ocrx_word' id='word_1_104' title='bbox 706 1093 771 1161; x_wconf 86' lang='grc' dir='ltr'>τῇ</span> <span class='ocrx_word' id='word_1_105' title='bbox 797 1091 932 1162; x_wconf 81' lang='grc' dir='ltr'><strong>ὀργῇ</strong></span> <span class='ocrx_word' id='word_1_106' title='bbox 970 1104 1063 1144; x_wconf 85' lang='grc' dir='ltr'><strong>σου</strong></span> <span class='ocrx_word' id='word_1_107' title='bbox 1099 1092 1454 1162; x_wconf 78' lang='grc' dir='ltr'>συνταράξεις</span> <span class='ocrx_word' id='word_1_108' title='bbox 1487 1094 1705 1157; x_wconf 82' lang='grc' dir='ltr'>αὐτούς.</span> 
     </span>
    </p>
   </div>
   <div class='ocr_carea' id='block_1_17' title="bbox 1574 1086 3105 1162">
    <p class='ocr_par' dir='ltr' id='par_1_17' title="bbox 1574 1090 3105 1157">
     <span class='ocr_line' id='line_1_17' title="bbox 1574 1090 3105 1157; baseline 0.003 -10"><span class='ocrx_word' id='word_1_109' title='bbox 1574 1094 1705 1157; x_wconf 64' lang='grc' dir='ltr'>τούς.</span> <span class='ocrx_word' id='word_1_110' title='bbox 2052 1090 2142 1145; x_wconf 86' lang='grc'>29.</span> <span class='ocrx_word' id='word_1_111' title='bbox 2178 1090 2247 1145; x_wconf 83' lang='grc' dir='ltr'>Ει</span> <span class='ocrx_word' id='word_1_112' title='bbox 2274 1092 2326 1145; x_wconf 93' lang='lat' dir='ltr'><strong>in</strong></span> <span class='ocrx_word' id='word_1_113' title='bbox 2359 1093 2438 1146; x_wconf 83' lang='lat' dir='ltr'><strong>ira</strong></span> <span class='ocrx_word' id='word_1_114' title='bbox 2470 1103 2561 1147; x_wconf 82' lang='lat' dir='ltr'><strong>tua</strong></span> <span class='ocrx_word' id='word_1_115' title='bbox 2599 1096 2955 1151; x_wconf 83' lang='lat' dir='ltr'><strong>conturbabis</strong></span> <span class='ocrx_word' id='word_1_116' title='bbox 2991 1111 3105 1151; x_wconf 89' lang='lat' dir='ltr'><strong>eos.</strong></span> 
     </span>
    </p>
   </div>
   <div class='ocr_carea' id='block_1_18' title="bbox 353 1176 1884 1256">
    <p class='ocr_par' dir='ltr' id='par_1_18' title="bbox 353 1176 1642 1255">
     <span class='ocr_line' id='line_1_18' title="bbox 353 1176 1642 1255; baseline 0.005 -23"><span class='ocrx_word' id='word_1_117' title='bbox 353 1176 441 1232; x_wconf 84' lang='grc'>50.</span> <span class='ocrx_word' id='word_1_118' title='bbox 478 1179 772 1251; x_wconf 86' lang='grc' dir='ltr'>Πλήρωσον</span> <span class='ocrx_word' id='word_1_119' title='bbox 798 1180 867 1233; x_wconf 80' lang='grc' dir='ltr'>τὰ</span> <span class='ocrx_word' id='word_1_120' title='bbox 896 1181 1163 1253; x_wconf 78' lang='grc' dir='ltr'>πρόσωπα</span> <span class='ocrx_word' id='word_1_121' title='bbox 1194 1181 1373 1235; x_wconf 80' lang='grc' dir='ltr'>αὐτῶν</span> <span class='ocrx_word' id='word_1_122' title='bbox 1400 1184 1642 1255; x_wconf 57' lang='grc' dir='ltr'>ἀτιμίας</span> 
     </span>
    </p>
   </div>
   <div class='ocr_carea' id='block_1_19' title="bbox 1606 1176 3137 1256">
    <p class='ocr_par' dir='ltr' id='par_1_19' title="bbox 1606 1182 3137 1256">
     <span class='ocr_line' id='line_1_19' title="bbox 1606 1182 3137 1256; baseline 0.005 -21"><span class='ocrx_word' id='word_1_123' title='bbox 1606 1202 1642 1249; x_wconf 87' lang='grc'><strong>;·</strong></span> <span class='ocrx_word' id='word_1_124' title='bbox 2055 1182 2144 1239; x_wconf 86' lang='grc'>50.</span> <span class='ocrx_word' id='word_1_125' title='bbox 2177 1184 2349 1254; x_wconf 88' lang='lat' dir='ltr'><strong>Imple</strong></span> <span class='ocrx_word' id='word_1_126' title='bbox 2385 1184 2554 1241; x_wconf 82' lang='lat' dir='ltr'><strong>facies</strong></span> <span class='ocrx_word' id='word_1_127' title='bbox 2584 1202 2772 1240; x_wconf 89' lang='lat' dir='ltr'><strong>corum</strong></span> <span class='ocrx_word' id='word_1_128' title='bbox 2805 1188 3137 1256; x_wconf 85' lang='lat' dir='ltr'><strong>ignominia:</strong></span> 
     </span>
    </p>
   </div>
   <div class='ocr_carea' id='block_1_20' title="bbox 350 1269 1881 1349">
    <p class='ocr_par' dir='ltr' id='par_1_20' title="bbox 350 1269 1579 1349">
     <span class='ocr_line' id='line_1_20' title="bbox 350 1269 1579 1349; baseline 0.007 -26"><span class='ocrx_word' id='word_1_129' title='bbox 350 1269 439 1323; x_wconf 80' lang='grc'>51.</span> <span class='ocrx_word' id='word_1_130' title='bbox 472 1272 582 1324; x_wconf 83' lang='grc' dir='ltr'>Καὶ</span> <span class='ocrx_word' id='word_1_131' title='bbox 612 1272 907 1344; x_wconf 80' lang='grc' dir='ltr'>ζητήσουσι</span> <span class='ocrx_word' id='word_1_132' title='bbox 942 1274 1002 1327; x_wconf 83' lang='grc' dir='ltr'><strong>τὸ</strong></span> <span class='ocrx_word' id='word_1_133' title='bbox 1022 1274 1194 1345; x_wconf 75' lang='grc' dir='ltr'>ὄνομά</span> <span class='ocrx_word' id='word_1_134' title='bbox 1230 1292 1347 1340; x_wconf 89' lang='grc' dir='ltr'>σου,</span> <span class='ocrx_word' id='word_1_135' title='bbox 1383 1276 1579 1349; x_wconf 85' lang='grc' dir='ltr'>Κύριε.</span> 
     </span>
    </p>
   </div>
   <div class='ocr_carea' id='block_1_21' title="bbox 1723 1269 3254 1349">
    <p class='ocr_par' dir='ltr' id='par_1_21' title="bbox 2053 1277 3254 1349">
     <span class='ocr_line' id='line_1_21' title="bbox 2053 1277 3254 1349; baseline 0.003 -15"><span class='ocrx_word' id='word_1_136' title='bbox 2053 1279 2142 1334; x_wconf 83' lang='grc'>51.</span> <span class='ocrx_word' id='word_1_137' title='bbox 2176 1277 2246 1332; x_wconf 87' lang='grc' dir='ltr'>Ει</span> <span class='ocrx_word' id='word_1_138' title='bbox 2277 1290 2527 1349; x_wconf 83' lang='lat' dir='ltr'><strong>quaerent</strong></span> <span class='ocrx_word' id='word_1_139' title='bbox 2561 1297 2761 1336; x_wconf 91' lang='lat' dir='ltr'><strong>nomen</strong></span> <span class='ocrx_word' id='word_1_140' title='bbox 2800 1292 2976 1349; x_wconf 87' lang='lat' dir='ltr'><strong>tuum,</strong></span> <span class='ocrx_word' id='word_1_141' title='bbox 3007 1283 3254 1338; x_wconf 88' lang='lat' dir='ltr'><strong>Domine.</strong></span> 
     </span>
    </p>
   </div>
   <div class='ocr_carea' id='block_1_22' title="bbox 350 1350 1881 1441">
    <p class='ocr_par' dir='ltr' id='par_1_22' title="bbox 350 1350 1878 1441">
     <span class='ocr_line' id='line_1_22' title="bbox 350 1350 1878 1441; baseline 0.008 -29"><span class='ocrx_word' id='word_1_142' title='bbox 350 1350 440 1412; x_wconf 65' lang='grc'><strong>52.</strong></span> <span class='ocrx_word' id='word_1_143' title='bbox 501 1362 979 1435; x_wconf 80' lang='grc' dir='ltr'>Αίσχυνθήτωσαν,</span> <span class='ocrx_word' id='word_1_144' title='bbox 1038 1367 1130 1418; x_wconf 79' lang='grc' dir='ltr'><strong>καὶ</strong></span> <span class='ocrx_word' id='word_1_145' title='bbox 1186 1367 1618 1441; x_wconf 83' lang='grc' dir='ltr'>ταραχθήτωσαν</span> <span class='ocrx_word' id='word_1_146' title='bbox 1667 1371 1746 1433; x_wconf 84' lang='grc' dir='ltr'>εἰς</span> <span class='ocrx_word' id='word_1_147' title='bbox 1787 1370 1878 1424; x_wconf 81' lang='grc' dir='ltr'><strong>τὸν</strong></span> 
     </span>
    </p>
   </div>
   <div class='ocr_carea' id='block_1_23' title="bbox 2032 1350 3563 1441">
    <p class='ocr_par' dir='ltr' id='par_1_23' title="bbox 2052 1371 3563 1441">
     <span class='ocr_line' id='line_1_23' title="bbox 2052 1371 3563 1441; baseline 0.006 -17"><span class='ocrx_word' id='word_1_148' title='bbox 2052 1371 2140 1425; x_wconf 88' lang='grc'><strong>52.</strong></span> <span class='ocrx_word' id='word_1_149' title='bbox 2178 1371 2539 1441; x_wconf 83' lang='lat' dir='ltr'><strong>Erubescant,</strong></span> <span class='ocrx_word' id='word_1_150' title='bbox 2566 1381 2620 1429; x_wconf 87' lang='lat' dir='ltr'><strong>et</strong></span> <span class='ocrx_word' id='word_1_151' title='bbox 2649 1375 3043 1430; x_wconf 84' lang='lat' dir='ltr'><strong>conturbentur</strong></span> <span class='ocrx_word' id='word_1_152' title='bbox 3079 1376 3133 1429; x_wconf 88' lang='lat' dir='ltr'><strong>in</strong></span> <span class='ocrx_word' id='word_1_153' title='bbox 3163 1376 3422 1432; x_wconf 64' lang='lat' dir='ltr'><strong>smculum</strong></span> <span class='ocrx_word' id='word_1_154' title='bbox 3454 1392 3563 1433; x_wconf 64' lang='lat' dir='ltr'><strong>sm-</strong></span> 
     </span>
    </p>
   </div>
   <div class='ocr_carea' id='block_1_24' title="bbox 271 1448 1802 1520">
    <p class='ocr_par' dir='ltr' id='par_1_24' title="bbox 271 1448 825 1520">
     <span class='ocr_line' id='line_1_24' title="bbox 271 1448 825 1520; baseline 0.016 -19"><span class='ocrx_word' id='word_1_155' title='bbox 271 1448 453 1504; x_wconf 83' lang='grc' dir='ltr'>αίῶνα</span> <span class='ocrx_word' id='word_1_156' title='bbox 481 1453 575 1506; x_wconf 80' lang='grc' dir='ltr'>τοῦ</span> <span class='ocrx_word' id='word_1_157' title='bbox 605 1454 825 1520; x_wconf 76' lang='grc' dir='ltr'>αἰῶνοςο</span> 
     </span>
    </p>
   </div>
   <div class='ocr_carea' id='block_1_25' title="bbox 598 1448 2129 1520">
    <p class='ocr_par' dir='ltr' id='par_1_25' title="bbox 605 1454 2129 1520">
     <span class='ocr_line' id='line_1_25' title="bbox 605 1454 2129 1520; baseline 0.007 -13"><span class='ocrx_word' id='word_1_158' title='bbox 605 1454 825 1520; x_wconf 74' lang='grc' dir='ltr'>αἰῶνοςο</span> <span class='ocrx_word' id='word_1_159' title='bbox 1978 1465 2089 1520; x_wconf 82' lang='lat' dir='ltr'><strong>culi</strong></span> <span class='ocrx_word' id='word_1_160' title='bbox 2118 1483 2129 1518; x_wconf 96' lang='lat'>:</span> 
     </span>
    </p>
   </div>
   <div class='ocr_carea' id='block_1_26' title="bbox 349 1544 1880 1628">
    <p class='ocr_par' dir='ltr' id='par_1_26' title="bbox 349 1544 1625 1620">
     <span class='ocr_line' id='line_1_26' title="bbox 349 1544 1625 1620; baseline 0.006 -23"><span class='ocrx_word' id='word_1_161' title='bbox 349 1544 438 1598; x_wconf 90' lang='grc'><strong>55.</strong></span> <span class='ocrx_word' id='word_1_162' title='bbox 472 1546 584 1599; x_wconf 75' lang='grc' dir='ltr'><strong>Καὶ</strong></span> <span class='ocrx_word' id='word_1_163' title='bbox 614 1549 1061 1620; x_wconf 83' lang='grc' dir='ltr'>ἐντραπήτωσαν,</span> <span class='ocrx_word' id='word_1_164' title='bbox 1092 1549 1184 1604; x_wconf 80' lang='grc' dir='ltr'><strong>καὶ</strong></span> <span class='ocrx_word' id='word_1_165' title='bbox 1216 1550 1625 1606; x_wconf 82' lang='grc' dir='ltr'>ἀπολέσθωσαν.</span> 
     </span>
    </p>
   </div>
   <div class='ocr_carea' id='block_1_27' title="bbox 1478 1544 3009 1628">
    <p class='ocr_par' dir='ltr' id='par_1_27' title="bbox 1478 1553 3009 1628">
     <span class='ocr_line' id='line_1_27' title="bbox 1478 1553 3009 1628; baseline 0.007 -24"><span class='ocrx_word' id='word_1_166' title='bbox 1478 1569 1625 1606; x_wconf 79' lang='grc' dir='ltr'>οσαν.</span> <span class='ocrx_word' id='word_1_167' title='bbox 2049 1556 2139 1610; x_wconf 83' lang='grc'><strong>55.</strong></span> <span class='ocrx_word' id='word_1_168' title='bbox 2177 1553 2243 1609; x_wconf 85' lang='lat' dir='ltr'><strong>Et</strong></span> <span class='ocrx_word' id='word_1_169' title='bbox 2270 1554 2677 1611; x_wconf 82' lang='lat' dir='ltr'><strong>confundantur</strong></span> <span class='ocrx_word' id='word_1_170' title='bbox 2704 1566 2757 1613; x_wconf 91' lang='lat' dir='ltr'><strong>et</strong></span> <span class='ocrx_word' id='word_1_171' title='bbox 2787 1569 3009 1628; x_wconf 85' lang='lat' dir='ltr'><strong>pereant</strong></span> 
     </span>
    </p>
   </div>
   <div class='ocr_carea' id='block_1_28' title="bbox 348 1633 1879 1718">
    <p class='ocr_par' dir='ltr' id='par_1_28' title="bbox 348 1633 1610 1715">
     <span class='ocr_line' id='line_1_28' title="bbox 348 1633 1610 1715; baseline 0.008 -29"><span class='ocrx_word' id='word_1_172' title='bbox 348 1633 435 1687; x_wconf 70' lang='lat' dir='ltr'><strong>5L</strong></span> <span class='ocrx_word' id='word_1_173' title='bbox 468 1636 579 1688; x_wconf 72' lang='grc' dir='ltr'>Καὶ</span> <span class='ocrx_word' id='word_1_174' title='bbox 607 1636 924 1705; x_wconf 83' lang='grc' dir='ltr'>γνώτωσαν,</span> <span class='ocrx_word' id='word_1_175' title='bbox 950 1640 1033 1692; x_wconf 84' lang='grc' dir='ltr'><strong>ὅτι</strong></span> <span class='ocrx_word' id='word_1_176' title='bbox 1064 1640 1236 1711; x_wconf 79' lang='grc' dir='ltr'>ὄνομά</span> <span class='ocrx_word' id='word_1_177' title='bbox 1271 1660 1353 1695; x_wconf 93' lang='grc' dir='ltr'><strong>σοι</strong></span> <span class='ocrx_word' id='word_1_178' title='bbox 1382 1642 1610 1715; x_wconf 84' lang='grc' dir='ltr'>Κύριος·</span> 
     </span>
    </p>
   </div>
   <div class='ocr_carea' id='block_1_29' title="bbox 1957 1633 3488 1718">
    <p class='ocr_par' dir='ltr' id='par_1_29' title="bbox 2051 1647 3488 1718">
     <span class='ocr_line' id='line_1_29' title="bbox 2051 1647 3488 1718; baseline 0.004 -16"><span class='ocrx_word' id='word_1_179' title='bbox 2051 1648 2140 1702; x_wconf 72' lang='grc'>54.</span> <span class='ocrx_word' id='word_1_180' title='bbox 2178 1647 2243 1701; x_wconf 83' lang='grc' dir='ltr'>Ει</span> <span class='ocrx_word' id='word_1_181' title='bbox 2278 1658 2635 1717; x_wconf 81' lang='lat' dir='ltr'><strong>cognoscant,</strong></span> <span class='ocrx_word' id='word_1_182' title='bbox 2662 1651 2790 1718; x_wconf 84' lang='lat' dir='ltr'><strong>quia</strong></span> <span class='ocrx_word' id='word_1_183' title='bbox 2814 1667 3015 1707; x_wconf 88' lang='lat' dir='ltr'><strong>nomen</strong></span> <span class='ocrx_word' id='word_1_184' title='bbox 3051 1654 3145 1708; x_wconf 85' lang='lat' dir='ltr'><strong>tibi</strong></span> <span class='ocrx_word' id='word_1_185' title='bbox 3184 1653 3448 1707; x_wconf 80' lang='lat' dir='ltr'><strong>Dominus</strong></span> <span class='ocrx_word' id='word_1_186' title='bbox 3476 1693 3488 1708; x_wconf 93' lang='lat'><strong>.</strong></span> 
     </span>
    </p>
   </div>
   <div class='ocr_carea' id='block_1_30' title="bbox 346 1724 1877 1806">
    <p class='ocr_par' dir='ltr' id='par_1_30' title="bbox 346 1724 1588 1806">
     <span class='ocr_line' id='line_1_30' title="bbox 346 1724 1588 1806; baseline 0.01 -29"><span class='ocrx_word' id='word_1_187' title='bbox 346 1724 437 1783; x_wconf 79' lang='lat'><strong>55.</strong></span> <span class='ocrx_word' id='word_1_188' title='bbox 461 1726 533 1779; x_wconf 83' lang='grc' dir='ltr'>Σὺ</span> <span class='ocrx_word' id='word_1_189' title='bbox 576 1727 735 1798; x_wconf 79' lang='grc' dir='ltr'>μόνος</span> <span class='ocrx_word' id='word_1_190' title='bbox 758 1730 979 1801; x_wconf 79' lang='grc' dir='ltr'>ὕψιστος</span> <span class='ocrx_word' id='word_1_191' title='bbox 1009 1733 1102 1785; x_wconf 77' lang='grc' dir='ltr'>ἐπὶ</span> <span class='ocrx_word' id='word_1_192' title='bbox 1125 1735 1302 1788; x_wconf 84' lang='grc' dir='ltr'>πᾶσαν</span> <span class='ocrx_word' id='word_1_193' title='bbox 1330 1733 1429 1806; x_wconf 85' lang='grc' dir='ltr'>τὴν</span> <span class='ocrx_word' id='word_1_194' title='bbox 1463 1735 1588 1806; x_wconf 80' lang='grc' dir='ltr'><strong>γῆν.</strong></span> 
     </span>
    </p>
   </div>
   <div class='ocr_carea' id='block_1_31' title="bbox 1716 1724 3247 1806">
    <p class='ocr_par' dir='ltr' id='par_1_31' title="bbox 2051 1736 3247 1797">
     <span class='ocr_line' id='line_1_31' title="bbox 2051 1736 3247 1797; baseline 0.003 -4"><span class='ocrx_word' id='word_1_195' title='bbox 2051 1736 2142 1793; x_wconf 75' lang='grc'><strong>55.</strong></span> <span class='ocrx_word' id='word_1_196' title='bbox 2178 1737 2261 1792; x_wconf 89' lang='lat' dir='ltr'><strong>Tu</strong></span> <span class='ocrx_word' id='word_1_197' title='bbox 2299 1737 2451 1794; x_wconf 86' lang='lat' dir='ltr'><strong>solus</strong></span> <span class='ocrx_word' id='word_1_198' title='bbox 2481 1736 2787 1795; x_wconf 87' lang='lat' dir='ltr'><strong>altissimus</strong></span> <span class='ocrx_word' id='word_1_199' title='bbox 2821 1739 2878 1795; x_wconf 85' lang='lat' dir='ltr'><strong>in</strong></span> <span class='ocrx_word' id='word_1_200' title='bbox 2906 1744 3055 1796; x_wconf 87' lang='lat' dir='ltr'><strong>omni</strong></span> <span class='ocrx_word' id='word_1_201' title='bbox 3084 1753 3247 1797; x_wconf 81' lang='lat' dir='ltr'><strong>terra.</strong></span> 
     </span>
    </p>
   </div>
   <div class='ocr_carea' id='block_1_32' title="bbox 268 1817 1799 1925">
    <p class='ocr_par' dir='ltr' id='par_1_32' title="bbox 268 1832 1799 1917">
     <span class='ocr_line' id='line_1_32' title="bbox 268 1832 1799 1917; baseline 0.01 -28"><span class='ocrx_word' id='word_1_202' title='bbox 268 1832 380 1902; x_wconf 65' lang='grc' dir='ltr'><strong>Εἰς</strong></span> <span class='ocrx_word' id='word_1_203' title='bbox 399 1837 466 1892; x_wconf 81' lang='grc' dir='ltr'>τὸ</span> <span class='ocrx_word' id='word_1_204' title='bbox 489 1837 682 1906; x_wconf 77' lang='grc' dir='ltr'>τέλος,</span> <span class='ocrx_word' id='word_1_205' title='bbox 731 1842 886 1912; x_wconf 79' lang='grc' dir='ltr'>ὑπὲρ</span> <span class='ocrx_word' id='word_1_206' title='bbox 935 1842 1285 1913; x_wconf 73' lang='grc' dir='ltr'><strong>τῶνληνιῶν</strong></span> <span class='ocrx_word' id='word_1_207' title='bbox 1338 1845 1465 1913; x_wconf 83' lang='grc' dir='ltr'>τοῖς</span> <span class='ocrx_word' id='word_1_208' title='bbox 1512 1846 1666 1913; x_wconf 79' lang='grc' dir='ltr'>υἱοῖς</span> <span class='ocrx_word' id='word_1_209' title='bbox 1716 1851 1799 1917; x_wconf 79' lang='lat' dir='ltr'><strong>KQ</strong></span> 
     </span>
    </p>
   </div>
   <div class='ocr_carea' id='block_1_33' title="bbox 1952 1817 3483 1925">
    <p class='ocr_par' dir='ltr' id='par_1_33' title="bbox 2081 1848 3483 1925">
     <span class='ocr_line' id='line_1_33' title="bbox 2081 1848 3483 1925; baseline 0.004 -20"><span class='ocrx_word' id='word_1_210' title='bbox 2081 1848 2150 1905; x_wconf 87' lang='lat' dir='ltr'><strong>In</strong></span> <span class='ocrx_word' id='word_1_211' title='bbox 2173 1852 2350 1921; x_wconf 83' lang='lat' dir='ltr'><strong>ﬁnem,</strong></span> <span class='ocrx_word' id='word_1_212' title='bbox 2380 1868 2477 1921; x_wconf 87' lang='lat' dir='ltr'><strong>pro</strong></span> <span class='ocrx_word' id='word_1_213' title='bbox 2505 1852 2862 1909; x_wconf 80' lang='lat' dir='ltr'><strong>torcularibus</strong></span> <span class='ocrx_word' id='word_1_214' title='bbox 2886 1856 3016 1924; x_wconf 87' lang='lat' dir='ltr'><strong>ﬁliis</strong></span> <span class='ocrx_word' id='word_1_215' title='bbox 3044 1856 3178 1911; x_wconf 84' lang='lat' dir='ltr'><strong>Core</strong></span> <span class='ocrx_word' id='word_1_216' title='bbox 3226 1857 3483 1925; x_wconf 81' lang='lat' dir='ltr'><strong>psalmus.</strong></span> 
     </span>
    </p>
   </div>
   <div class='ocr_carea' id='block_1_34' title="bbox 714 1936 2245 2004">
    <p class='ocr_par' dir='ltr' id='par_1_34' title="bbox 714 1936 1409 2003">
     <span class='ocr_line' id='line_1_34' title="bbox 714 1936 1409 2003; baseline 0.009 -17"><span class='ocrx_word' id='word_1_217' title='bbox 714 1936 977 2003; x_wconf 72' lang='grc' dir='ltr'>ψαλμός.</span> <span class='ocrx_word' id='word_1_218' title='bbox 1014 1938 1246 1991; x_wconf 80' lang='grc' dir='ltr'><strong>ΨΑΑΜ.</strong></span> <span class='ocrx_word' id='word_1_219' title='bbox 1269 1940 1409 1992; x_wconf 74' lang='lat' dir='ltr'><strong>III&quot;.</strong></span> 
     </span>
    </p>
   </div>
   <div class='ocr_carea' id='block_1_35' title="bbox 1547 1936 3078 2004">
    <p class='ocr_par' dir='ltr' id='par_1_35' title="bbox 2430 1942 3078 2004">
     <span class='ocr_line' id='line_1_35' title="bbox 2430 1942 3078 2004; baseline 0.006 -5"><span class='ocrx_word' id='word_1_220' title='bbox 2430 1942 2699 2001; x_wconf 80' lang='lat' dir='ltr'><strong>PSALM.</strong></span> <span class='ocrx_word' id='word_1_221' title='bbox 2744 1946 3078 2004; x_wconf 79' lang='lat' dir='ltr'><strong>LXXXIII.</strong></span> 
     </span>
    </p>
   </div>
   <div class='ocr_carea' id='block_1_36' title="bbox 348 2021 1879 2109">
    <p class='ocr_par' dir='ltr' id='par_1_36' title="bbox 348 2021 1864 2104">
     <span class='ocr_line' id='line_1_36' title="bbox 348 2021 1864 2104; baseline 0.009 -29"><span class='ocrx_word' id='word_1_222' title='bbox 348 2021 399 2075; x_wconf 81' lang='lat' dir='ltr'>I.</span> <span class='ocrx_word' id='word_1_223' title='bbox 437 2022 526 2088; x_wconf 80' lang='grc' dir='ltr'>Ὠς</span> <span class='ocrx_word' id='word_1_224' title='bbox 557 2025 820 2096; x_wconf 82' lang='grc' dir='ltr'>ἀγαπητὰ</span> <span class='ocrx_word' id='word_1_225' title='bbox 866 2026 935 2081; x_wconf 87' lang='grc' dir='ltr'>τὰ</span> <span class='ocrx_word' id='word_1_226' title='bbox 989 2027 1327 2100; x_wconf 84' lang='grc' dir='ltr'>σκηνώματά</span> <span class='ocrx_word' id='word_1_227' title='bbox 1378 2048 1492 2098; x_wconf 89' lang='grc' dir='ltr'>σου,</span> <span class='ocrx_word' id='word_1_228' title='bbox 1552 2032 1725 2104; x_wconf 85' lang='grc' dir='ltr'>Κύριε</span> <span class='ocrx_word' id='word_1_229' title='bbox 1755 2034 1864 2090; x_wconf 81' lang='grc' dir='ltr'>τῶν</span> 
     </span>
    </p>
   </div>
   <div class='ocr_carea' id='block_1_37' title="bbox 2026 2021 3557 2109">
    <p class='ocr_par' dir='ltr' id='par_1_37' title="bbox 2041 2036 3557 2109">
     <span class='ocr_line' id='line_1_37' title="bbox 2041 2036 3557 2109; baseline 0.007 -20"><span class='ocrx_word' id='word_1_230' title='bbox 2041 2036 2092 2090; x_wconf 76' lang='grc'>1.</span> <span class='ocrx_word' id='word_1_231' title='bbox 2128 2036 2304 2104; x_wconf 86' lang='lat' dir='ltr'><strong>Quam</strong></span> <span class='ocrx_word' id='word_1_232' title='bbox 2335 2038 2531 2095; x_wconf 83' lang='lat' dir='ltr'><strong>dilecta</strong></span> <span class='ocrx_word' id='word_1_233' title='bbox 2557 2040 2909 2098; x_wconf 83' lang='lat' dir='ltr'><strong>tabernacula</strong></span> <span class='ocrx_word' id='word_1_234' title='bbox 2939 2052 3029 2097; x_wconf 80' lang='lat' dir='ltr'><strong>tua</strong></span> <span class='ocrx_word' id='word_1_235' title='bbox 3051 2084 3065 2109; x_wconf 92' lang='lat'><strong>,</strong></span> <span class='ocrx_word' id='word_1_236' title='bbox 3114 2044 3345 2101; x_wconf 84' lang='lat' dir='ltr'><strong>Domine</strong></span> <span class='ocrx_word' id='word_1_237' title='bbox 3378 2044 3557 2100; x_wconf 55' lang='lat' dir='ltr'><strong>virtu&#39;</strong></span> 
     </span>
    </p>
   </div>
   <div class='ocr_carea' id='block_1_38' title="bbox 262 2110 1793 2184">
    <p class='ocr_par' dir='ltr' id='par_1_38' title="bbox 262 2110 586 2184">
     <span class='ocr_line' id='line_1_38' title="bbox 262 2110 586 2184; baseline 0.009 -19"><span class='ocrx_word' id='word_1_238' title='bbox 262 2110 553 2184; x_wconf 83' lang='grc' dir='ltr'>δυνάμεων</span> <span class='ocrx_word' id='word_1_239' title='bbox 574 2116 586 2168; x_wconf 82' lang='grc' dir='ltr'><strong>ι</strong></span> 
     </span>
    </p>
   </div>
   <div class='ocr_carea' id='block_1_39' title="bbox 602 2110 2133 2184">
    <p class='ocr_par' dir='ltr' id='par_1_39' title="bbox 1971 2132 2133 2184">
     <span class='ocr_line' id='line_1_39' title="bbox 1971 2132 2133 2184; baseline 0.006 -1"><span class='ocrx_word' id='word_1_240' title='bbox 1971 2136 2088 2184; x_wconf 87' lang='lat' dir='ltr'><strong>tum</strong></span> <span class='ocrx_word' id='word_1_241' title='bbox 2119 2132 2133 2184; x_wconf 79' lang='lat' dir='ltr'><strong>l</strong></span> 
     </span>
    </p>
   </div>
   <div class='ocr_carea' id='block_1_40' title="bbox 342 2228 1944 2308">
    <p class='ocr_par' dir='ltr' id='par_1_40' title="bbox 342 2228 1944 2308">
     <span class='ocr_line' id='line_1_40' title="bbox 342 2228 1944 2308; baseline 0.011 -28"><span class='ocrx_word' id='word_1_242' title='bbox 342 2228 423 2300; x_wconf 85' lang='lat' dir='ltr'><strong>(a)</strong></span> <span class='ocrx_word' id='word_1_243' title='bbox 453 2229 527 2282; x_wconf 86' lang='grc' dir='ltr'>Ἥ</span> <span class='ocrx_word' id='word_1_244' title='bbox 555 2230 706 2288; x_wconf 87' lang='lat' dir='ltr'><strong>deest</strong></span> <span class='ocrx_word' id='word_1_245' title='bbox 735 2232 792 2288; x_wconf 89' lang='lat' dir='ltr'><strong>in</strong></span> <span class='ocrx_word' id='word_1_246' title='bbox 830 2241 1002 2303; x_wconf 84' lang='lat' dir='ltr'><strong>textu,</strong></span> <span class='ocrx_word' id='word_1_247' title='bbox 1040 2235 1239 2307; x_wconf 85' lang='lat' dir='ltr'><strong>Iegitur</strong></span> <span class='ocrx_word' id='word_1_248' title='bbox 1278 2237 1334 2293; x_wconf 90' lang='lat' dir='ltr'><strong>in</strong></span> <span class='ocrx_word' id='word_1_249' title='bbox 1363 2252 1537 2308; x_wconf 86' lang='lat' dir='ltr'><strong>marg.</strong></span> <span class='ocrx_word' id='word_1_250' title='bbox 1572 2241 1944 2298; x_wconf 80' lang='grc' dir='ltr'>κατακαῦσαι.</span> 
     </span>
    </p>
   </div>
   <div class='ocr_carea' id='block_1_41' title="bbox 1369 2398 2394 2466">
    <p class='ocr_par' dir='ltr' id='par_1_41' title="bbox 1369 2398 2394 2466">
     <span class='ocr_line' id='line_1_41' title="bbox 1369 2398 2394 2466; baseline 0.011 -12"><span class='ocrx_word' id='word_1_251' title='bbox 1369 2398 1753 2459; x_wconf 73' lang='lat' dir='ltr'><strong>ATHANASII</strong></span> <span class='ocrx_word' id='word_1_252' title='bbox 1807 2401 2394 2466; x_wconf 82' lang='lat' dir='ltr'><strong>INTERPRETATIO.</strong></span> 
     </span>
    </p>
   </div>
   <div class='ocr_carea' id='block_1_42' title="bbox 339 2542 1870 2651">
    <p class='ocr_par' dir='ltr' id='par_1_42' title="bbox 339 2542 1859 2623">
     <span class='ocr_line' id='line_1_42' title="bbox 339 2542 1859 2623; baseline 0.01 -24"><span class='ocrx_word' id='word_1_253' title='bbox 339 2542 428 2601; x_wconf 81' lang='grc'><strong>25.</strong></span> <span class='ocrx_word' id='word_1_254' title='bbox 459 2546 961 2623; x_wconf 80' lang='grc' dir='ltr'>Αίχμαλωτίσωμεν</span> <span class='ocrx_word' id='word_1_255' title='bbox 994 2555 1085 2611; x_wconf 84' lang='grc' dir='ltr'><strong>τὸν</strong></span> <span class='ocrx_word' id='word_1_256' title='bbox 1111 2555 1239 2611; x_wconf 76' lang='grc' dir='ltr'>λαὸν</span> <span class='ocrx_word' id='word_1_257' title='bbox 1263 2556 1451 2622; x_wconf 80' lang='grc' dir='ltr'>αὐτοῦ,</span> <span class='ocrx_word' id='word_1_258' title='bbox 1488 2557 1582 2611; x_wconf 81' lang='grc' dir='ltr'><strong>καὶ</strong></span> <span class='ocrx_word' id='word_1_259' title='bbox 1612 2558 1702 2612; x_wconf 80' lang='grc' dir='ltr'><strong>τὸν</strong></span> <span class='ocrx_word' id='word_1_260' title='bbox 1730 2559 1859 2614; x_wconf 84' lang='grc' dir='ltr'>ναὸν</span> 
     </span>
    </p>
   </div>
   <div class='ocr_carea' id='block_1_43' title="bbox 2020 2542 3551 2651">
    <p class='ocr_par' dir='ltr' id='par_1_43' title="bbox 2029 2560 3551 2651">
     <span class='ocr_line' id='line_1_43' title="bbox 2029 2560 3551 2651; baseline 0.014 -35"><span class='ocrx_word' id='word_1_261' title='bbox 2029 2560 2122 2618; x_wconf 88' lang='grc'><strong>25.</strong></span> <span class='ocrx_word' id='word_1_262' title='bbox 2158 2562 2216 2617; x_wconf 88' lang='lat' dir='ltr'><strong>In</strong></span> <span class='ocrx_word' id='word_1_263' title='bbox 2249 2565 2615 2636; x_wconf 81' lang='lat' dir='ltr'><strong>captivitatem</strong></span> <span class='ocrx_word' id='word_1_264' title='bbox 2651 2572 2990 2630; x_wconf 81' lang='lat' dir='ltr'><strong>abducamus</strong></span> <span class='ocrx_word' id='word_1_265' title='bbox 3024 2575 3285 2646; x_wconf 83' lang='lat' dir='ltr'><strong>popuiam</strong></span> <span class='ocrx_word' id='word_1_266' title='bbox 3316 2579 3460 2651; x_wconf 85' lang='lat' dir='ltr'><strong>ejus,</strong></span> <span class='ocrx_word' id='word_1_267' title='bbox 3493 2574 3551 2639; x_wconf 71' lang='lat' dir='ltr'><strong>et</strong></span> 
     </span>
    </p>
   </div>
   <div class='ocr_carea' id='block_1_44' title="bbox 254 2636 1785 2731">
    <p class='ocr_par' dir='ltr' id='par_1_44' title="bbox 254 2636 970 2714">
     <span class='ocr_line' id='line_1_44' title="bbox 254 2636 970 2714; baseline 0.011 -25"><span class='ocrx_word' id='word_1_268' title='bbox 254 2636 434 2690; x_wconf 76' lang='grc' dir='ltr'>αὐτοῦ</span> <span class='ocrx_word' id='word_1_269' title='bbox 460 2637 538 2707; x_wconf 75' lang='grc'><strong>(1)</strong></span> <span class='ocrx_word' id='word_1_270' title='bbox 559 2639 970 2714; x_wconf 83' lang='grc' dir='ltr'>διαρπάσωμεν.</span> 
     </span>
    </p>
   </div>
   <div class='ocr_carea' id='block_1_45' title="bbox 1217 2636 2748 2731">
    <p class='ocr_par' dir='ltr' id='par_1_45' title="bbox 1957 2655 2748 2731">
     <span class='ocr_line' id='line_1_45' title="bbox 1957 2655 2748 2731; baseline 0.015 -23"><span class='ocrx_word' id='word_1_271' title='bbox 1957 2656 2221 2725; x_wconf 83' lang='lat' dir='ltr'><strong>templum</strong></span> <span class='ocrx_word' id='word_1_272' title='bbox 2250 2655 2373 2726; x_wconf 89' lang='lat' dir='ltr'><strong>ejus</strong></span> <span class='ocrx_word' id='word_1_273' title='bbox 2399 2659 2748 2731; x_wconf 89' lang='lat' dir='ltr'><strong>diripiamus.</strong></span> 
     </span>
    </p>
   </div>
   <div class='ocr_carea' id='block_1_46' title="bbox 336 2728 1867 2837">
    <p class='ocr_par' dir='ltr' id='par_1_46' title="bbox 336 2728 1857 2809">
     <span class='ocr_line' id='line_1_46' title="bbox 336 2728 1857 2809; baseline 0.011 -28"><span class='ocrx_word' id='word_1_274' title='bbox 336 2728 429 2783; x_wconf 74' lang='grc'>24.</span> <span class='ocrx_word' id='word_1_275' title='bbox 474 2730 883 2806; x_wconf 40' lang='grc' dir='ltr'>Κιλιουμένους,</span> <span class='ocrx_word' id='word_1_276' title='bbox 919 2736 996 2808; x_wconf 89' lang='grc'>(2)</span> <span class='ocrx_word' id='word_1_277' title='bbox 1055 2738 1160 2791; x_wconf 86' lang='grc' dir='ltr'>ὑπὸ</span> <span class='ocrx_word' id='word_1_278' title='bbox 1199 2738 1307 2793; x_wconf 86' lang='grc' dir='ltr'>τῶν</span> <span class='ocrx_word' id='word_1_279' title='bbox 1349 2740 1616 2795; x_wconf 77' lang='grc' dir='ltr'>ἑλκόντων</span> <span class='ocrx_word' id='word_1_280' title='bbox 1658 2744 1857 2809; x_wconf 77' lang='grc' dir='ltr'>αὐτοὺς</span> 
     </span>
    </p>
   </div>
   <div class='ocr_carea' id='block_1_47' title="bbox 2016 2728 3547 2837">
    <p class='ocr_par' dir='ltr' id='par_1_47' title="bbox 2026 2738 3547 2837">
     <span class='ocr_line' id='line_1_47' title="bbox 2026 2738 3547 2837; baseline 0.016 -37"><span class='ocrx_word' id='word_1_281' title='bbox 2026 2738 2115 2801; x_wconf 77' lang='grc'>24.</span> <span class='ocrx_word' id='word_1_282' title='bbox 2149 2748 2209 2803; x_wconf 91' lang='lat' dir='ltr'><strong>In</strong></span> <span class='ocrx_word' id='word_1_283' title='bbox 2247 2750 2433 2807; x_wconf 87' lang='lat' dir='ltr'><strong>orbem</strong></span> <span class='ocrx_word' id='word_1_284' title='bbox 2462 2763 2714 2812; x_wconf 85' lang='lat' dir='ltr'><strong>versatos</strong></span> <span class='ocrx_word' id='word_1_285' title='bbox 2744 2773 2775 2813; x_wconf 87' lang='lat' dir='ltr'><strong>a</strong></span> <span class='ocrx_word' id='word_1_286' title='bbox 2812 2758 3156 2818; x_wconf 81' lang='lat' dir='ltr'><strong>trahentibus</strong></span> <span class='ocrx_word' id='word_1_287' title='bbox 3194 2777 3294 2821; x_wconf 86' lang='lat' dir='ltr'><strong>eos</strong></span> <span class='ocrx_word' id='word_1_288' title='bbox 3332 2765 3388 2820; x_wconf 90' lang='lat' dir='ltr'><strong>in</strong></span> <span class='ocrx_word' id='word_1_289' title='bbox 3416 2780 3547 2837; x_wconf 81' lang='lat' dir='ltr'><strong>pec-</strong></span> 
     </span>
    </p>
   </div>
   <div class='ocr_carea' id='block_1_48' title="bbox 256 2820 1787 2895">
    <p class='ocr_par' dir='ltr' id='par_1_48' title="bbox 256 2820 671 2893">
     <span class='ocr_line' id='line_1_48' title="bbox 256 2820 671 2893; baseline 0.012 -21"><span class='ocrx_word' id='word_1_290' title='bbox 256 2820 351 2883; x_wconf 77' lang='grc' dir='ltr'><strong>είς</strong></span> <span class='ocrx_word' id='word_1_291' title='bbox 373 2821 671 2893; x_wconf 83' lang='grc' dir='ltr'>ἁμαρτίαν.</span> 
     </span>
    </p>
   </div>
   <div class='ocr_carea' id='block_1_49' title="bbox 628 2820 2159 2895">
    <p class='ocr_par' dir='ltr' id='par_1_49' title="bbox 628 2840 2159 2895">
     <span class='ocr_line' id='line_1_49' title="bbox 628 2840 2159 2895; baseline 0.012 -18"><span class='ocrx_word' id='word_1_292' title='bbox 628 2840 671 2877; x_wconf 81' lang='grc' dir='ltr'>ν.</span> <span class='ocrx_word' id='word_1_293' title='bbox 1954 2848 2159 2895; x_wconf 89' lang='lat' dir='ltr'><strong>catum.</strong></span> 
     </span>
    </p>
   </div>
   <div class='ocr_carea' id='block_1_50' title="bbox 332 2910 1863 3007">
    <p class='ocr_par' dir='ltr' id='par_1_50' title="bbox 332 2910 1847 2994">
     <span class='ocr_line' id='line_1_50' title="bbox 332 2910 1847 2994; baseline 0.013 -29"><span class='ocrx_word' id='word_1_294' title='bbox 332 2912 424 2969; x_wconf 82' lang='grc'><strong>25.</strong></span> <span class='ocrx_word' id='word_1_295' title='bbox 457 2910 586 2968; x_wconf 85' lang='grc' dir='ltr'>’Ὧδε</span> <span class='ocrx_word' id='word_1_296' title='bbox 619 2918 779 2971; x_wconf 87' lang='grc' dir='ltr'>κάκεῖ</span> <span class='ocrx_word' id='word_1_297' title='bbox 812 2922 1279 2994; x_wconf 80' lang='grc' dir='ltr'>περιφερομένους</span> <span class='ocrx_word' id='word_1_298' title='bbox 1322 2925 1428 2980; x_wconf 80' lang='grc' dir='ltr'>ὑπὸ</span> <span class='ocrx_word' id='word_1_299' title='bbox 1455 2926 1567 2981; x_wconf 84' lang='grc' dir='ltr'><strong>τῶν</strong></span> <span class='ocrx_word' id='word_1_300' title='bbox 1611 2930 1847 2985; x_wconf 74' lang='grc' dir='ltr'>καταδυ-</span> 
     </span>
    </p>
   </div>
   <div class='ocr_carea' id='block_1_51' title="bbox 1869 2910 3400 3007">
    <p class='ocr_par' dir='ltr' id='par_1_51' title="bbox 2020 2931 3400 3007">
     <span class='ocr_line' id='line_1_51' title="bbox 2020 2931 3400 3007; baseline 0.016 -22"><span class='ocrx_word' id='word_1_301' title='bbox 2020 2931 2110 2988; x_wconf 83' lang='grc'><strong>25.</strong></span> <span class='ocrx_word' id='word_1_302' title='bbox 2143 2931 2263 2991; x_wconf 87' lang='lat' dir='ltr'><strong>Huc</strong></span> <span class='ocrx_word' id='word_1_303' title='bbox 2294 2935 2418 2993; x_wconf 85' lang='lat' dir='ltr'><strong>illos</strong></span> <span class='ocrx_word' id='word_1_304' title='bbox 2456 2938 2878 3000; x_wconf 87' lang='lat' dir='ltr'><strong>circumdelatos</strong></span> <span class='ocrx_word' id='word_1_305' title='bbox 2905 2959 2937 3000; x_wconf 89' lang='lat' dir='ltr'><strong>a</strong></span> <span class='ocrx_word' id='word_1_306' title='bbox 2966 2946 3400 3007; x_wconf 85' lang='lat' dir='ltr'><strong>dominantibus.</strong></span> 
     </span>
    </p>
   </div>
   <div class='ocr_carea' id='block_1_52' title="bbox 250 3007 801 3081">
    <p class='ocr_par' dir='ltr' id='par_1_52' title="bbox 250 3007 801 3081">
     <span class='ocr_line' id='line_1_52' title="bbox 250 3007 801 3081; baseline 0.013 -25"><span class='ocrx_word' id='word_1_307' title='bbox 250 3007 677 3078; x_wconf 83' lang='grc' dir='ltr'>ναστευομένων</span> <span class='ocrx_word' id='word_1_308' title='bbox 702 3010 801 3081; x_wconf 84' lang='grc'>(5).</span> 
     </span>
    </p>
   </div>
   <div class='ocr_carea' id='block_1_53' title="bbox 334 3096 1865 3185">
    <p class='ocr_par' dir='ltr' id='par_1_53' title="bbox 334 3096 1789 3177">
     <span class='ocr_line' id='line_1_53' title="bbox 334 3096 1789 3177; baseline 0.015 -26"><span class='ocrx_word' id='word_1_309' title='bbox 334 3096 428 3153; x_wconf 86' lang='grc'><strong>26.</strong></span> <span class='ocrx_word' id='word_1_310' title='bbox 473 3098 561 3163; x_wconf 83' lang='grc' dir='ltr'>Ὠς</span> <span class='ocrx_word' id='word_1_311' title='bbox 593 3096 725 3165; x_wconf 82' lang='grc' dir='ltr'>ξύλα</span> <span class='ocrx_word' id='word_1_312' title='bbox 754 3102 981 3175; x_wconf 86' lang='grc' dir='ltr'>ἄκαρπα</span> <span class='ocrx_word' id='word_1_313' title='bbox 1020 3108 1300 3163; x_wconf 85' lang='grc' dir='ltr'>ἀνάλωσον</span> <span class='ocrx_word' id='word_1_314' title='bbox 1334 3110 1559 3177; x_wconf 83' lang='grc' dir='ltr'>αὐτούς.</span> <span class='ocrx_word' id='word_1_315' title='bbox 1786 3172 1789 3173; x_wconf 30' lang='grc' dir='ltr'><em>ν</em></span> 
     </span>
    </p>
   </div>
   <div class='ocr_carea' id='block_1_54' title="bbox 1665 3096 3196 3185">
    <p class='ocr_par' dir='ltr' id='par_1_54' title="bbox 1786 3110 3196 3185">
     <span class='ocr_line' id='line_1_54' title="bbox 1786 3110 3196 3185; baseline 0.016 -25"><span class='ocrx_word' id='word_1_316' title='bbox 1786 3172 1789 3173; x_wconf 14' lang='grc' dir='ltr'><em>γ</em></span> <span class='ocrx_word' id='word_1_317' title='bbox 2019 3110 2110 3165; x_wconf 91' lang='grc'><strong>26.</strong></span> <span class='ocrx_word' id='word_1_318' title='bbox 2146 3110 2218 3168; x_wconf 92' lang='lat' dir='ltr'><strong>Ut</strong></span> <span class='ocrx_word' id='word_1_319' title='bbox 2245 3114 2391 3184; x_wconf 87' lang='lat' dir='ltr'><strong>ligna</strong></span> <span class='ocrx_word' id='word_1_320' title='bbox 2419 3117 2765 3177; x_wconf 84' lang='lat' dir='ltr'><strong>infructifera</strong></span> <span class='ocrx_word' id='word_1_321' title='bbox 2795 3138 3059 3183; x_wconf 88' lang='lat' dir='ltr'><strong>consume</strong></span> <span class='ocrx_word' id='word_1_322' title='bbox 3084 3143 3196 3185; x_wconf 80' lang='lat' dir='ltr'><strong>eos.</strong></span> 
     </span>
    </p>
   </div>
   <div class='ocr_carea' id='block_1_55' title="bbox 327 3188 1858 3295">
    <p class='ocr_par' dir='ltr' id='par_1_55' title="bbox 327 3188 1851 3276">
     <span class='ocr_line' id='line_1_55' title="bbox 327 3188 1851 3276; baseline 0.012 -34"><span class='ocrx_word' id='word_1_323' title='bbox 327 3188 419 3243; x_wconf 82' lang='grc'><strong>27.</strong></span> <span class='ocrx_word' id='word_1_324' title='bbox 459 3191 549 3255; x_wconf 84' lang='grc' dir='ltr'>Ὠς</span> <span class='ocrx_word' id='word_1_325' title='bbox 576 3194 611 3265; x_wconf 76' lang='grc' dir='ltr'><strong>ἡ</strong></span> <span class='ocrx_word' id='word_1_326' title='bbox 640 3193 977 3267; x_wconf 67' lang='grc' dir='ltr'>θειότηςέσου</span> <span class='ocrx_word' id='word_1_327' title='bbox 1010 3202 1303 3257; x_wconf 78' lang='grc' dir='ltr'>κατακαίει</span> <span class='ocrx_word' id='word_1_328' title='bbox 1340 3203 1439 3276; x_wconf 85' lang='grc' dir='ltr'><strong>τὴν</strong></span> <span class='ocrx_word' id='word_1_329' title='bbox 1483 3207 1732 3260; x_wconf 79' lang='grc' dir='ltr'>ἐναντίαν</span> <span class='ocrx_word' id='word_1_330' title='bbox 1759 3208 1851 3261; x_wconf 90' lang='grc' dir='ltr'>δύ-</span> 
     </span>
    </p>
   </div>
   <div class='ocr_carea' id='block_1_56' title="bbox 2007 3188 3538 3295">
    <p class='ocr_par' dir='ltr' id='par_1_56' title="bbox 2021 3201 3538 3295">
     <span class='ocr_line' id='line_1_56' title="bbox 2021 3201 3538 3295; baseline 0.017 -40"><span class='ocrx_word' id='word_1_331' title='bbox 2021 3201 2113 3257; x_wconf 90' lang='grc'>27.</span> <span class='ocrx_word' id='word_1_332' title='bbox 2149 3201 2305 3261; x_wconf 90' lang='lat' dir='ltr'><strong>Sicut</strong></span> <span class='ocrx_word' id='word_1_333' title='bbox 2334 3208 2598 3267; x_wconf 88' lang='lat' dir='ltr'><strong>divinitas</strong></span> <span class='ocrx_word' id='word_1_334' title='bbox 2647 3220 2738 3268; x_wconf 84' lang='lat' dir='ltr'><strong>tua</strong></span> <span class='ocrx_word' id='word_1_335' title='bbox 2782 3215 3057 3272; x_wconf 86' lang='lat' dir='ltr'><strong>comburit</strong></span> <span class='ocrx_word' id='word_1_336' title='bbox 3086 3221 3415 3279; x_wconf 80' lang='lat' dir='ltr'><strong>contrariam</strong></span> <span class='ocrx_word' id='word_1_337' title='bbox 3444 3237 3538 3295; x_wconf 73' lang='lat' dir='ltr'><strong>po-</strong></span> 
     </span>
    </p>
   </div>
   <div class='ocr_carea' id='block_1_57' title="bbox 248 3281 1779 3355">
    <p class='ocr_par' dir='ltr' id='par_1_57' title="bbox 248 3281 560 3355">
     <span class='ocr_line' id='line_1_57' title="bbox 248 3281 560 3355; baseline 0.013 -23"><span class='ocrx_word' id='word_1_338' title='bbox 248 3298 325 3335; x_wconf 86' lang='grc' dir='ltr'><strong>να</strong></span> <span class='ocrx_word' id='word_1_339' title='bbox 332 3299 425 3351; x_wconf 91' lang='grc' dir='ltr'><strong>μιν</strong></span> 
     </span>
    </p>
   </div>
   <div class='ocr_carea' id='block_1_58' title="bbox 693 3281 2224 3355">
    <p class='ocr_par' dir='ltr' id='par_1_58' title="bbox 1953 3299 2224 3351">
     <span class='ocr_line' id='line_1_58' title="bbox 1953 3299 2224 3351; baseline 0.022 -6"><span class='ocrx_word' id='word_1_340' title='bbox 1953 3299 2202 3351; x_wconf 84' lang='lat' dir='ltr'><strong>testatem</strong></span> <span class='ocrx_word' id='word_1_341' title='bbox 2213 3336 2224 3350; x_wconf 89' lang='lat'><strong>.</strong></span> 
     </span>
    </p>
   </div>
   <div class='ocr_carea' id='block_1_59' title="bbox 327 3364 1858 3463">
    <p class='ocr_par' dir='ltr' id='par_1_59' title="bbox 327 3371 970 3452">
     <span class='ocr_line' id='line_1_59' title="bbox 327 3371 970 3452; baseline 0.019 -27"><span class='ocrx_word' id='word_1_342' title='bbox 327 3371 419 3427; x_wconf 91' lang='grc'><strong>28.</strong></span> <span class='ocrx_word' id='word_1_343' title='bbox 460 3374 548 3428; x_wconf 84' lang='grc' dir='ltr'>Ἐν</span> <span class='ocrx_word' id='word_1_344' title='bbox 569 3375 647 3447; x_wconf 82' lang='grc' dir='ltr'>τῷ</span> <span class='ocrx_word' id='word_1_345' title='bbox 672 3377 827 3452; x_wconf 87' lang='grc' dir='ltr'><strong>θυμῷ</strong></span> <span class='ocrx_word' id='word_1_346' title='bbox 857 3399 970 3438; x_wconf 90' lang='grc' dir='ltr'>σου.</span> 
     </span>
    </p>
   </div>
   <div class='ocr_carea' id='block_1_60' title="bbox 1228 3364 2759 3463">
    <p class='ocr_par' dir='ltr' id='par_1_60' title="bbox 1882 3364 2759 3463">
     <span class='ocr_line' id='line_1_60' title="bbox 1882 3364 2759 3463; baseline 0.017 -26"><span class='ocrx_word' id='word_1_347' title='bbox 1882 3364 1925 3422; x_wconf 64' lang='grc' dir='ltr'><strong>(ἶ</strong></span> <span class='ocrx_word' id='word_1_348' title='bbox 2027 3385 2117 3441; x_wconf 90' lang='grc'><strong>28.</strong></span> <span class='ocrx_word' id='word_1_349' title='bbox 2158 3387 2217 3443; x_wconf 89' lang='lat' dir='ltr'><strong>In</strong></span> <span class='ocrx_word' id='word_1_350' title='bbox 2244 3389 2617 3463; x_wconf 85' lang='lat' dir='ltr'><strong>indignatione</strong></span> <span class='ocrx_word' id='word_1_351' title='bbox 2647 3403 2759 3452; x_wconf 87' lang='lat' dir='ltr'><strong>tua.</strong></span> 
     </span>
    </p>
   </div>
   <div class='ocr_carea' id='block_1_61' title="bbox 328 3465 1859 3564">
    <p class='ocr_par' dir='ltr' id='par_1_61' title="bbox 328 3465 1850 3556">
     <span class='ocr_line' id='line_1_61' title="bbox 328 3465 1850 3556; baseline 0.015 -37"><span class='ocrx_word' id='word_1_352' title='bbox 328 3465 420 3522; x_wconf 85' lang='grc'>29.</span> <span class='ocrx_word' id='word_1_353' title='bbox 441 3468 573 3533; x_wconf 83' lang='grc' dir='ltr'>Ταῖς</span> <span class='ocrx_word' id='word_1_354' title='bbox 598 3471 849 3544; x_wconf 86' lang='grc' dir='ltr'>ἀνομίαις</span> <span class='ocrx_word' id='word_1_355' title='bbox 879 3475 1061 3529; x_wconf 82' lang='grc' dir='ltr'>αὐτῶν</span> <span class='ocrx_word' id='word_1_356' title='bbox 1115 3479 1500 3547; x_wconf 84' lang='grc' dir='ltr'>συναπολέσεις</span> <span class='ocrx_word' id='word_1_357' title='bbox 1533 3483 1610 3556; x_wconf 81' lang='lat'>(5)</span> <span class='ocrx_word' id='word_1_358' title='bbox 1633 3486 1850 3552; x_wconf 88' lang='grc' dir='ltr'>αὐτούς.</span> 
     </span>
    </p>
   </div>
   <div class='ocr_carea' id='block_1_62' title="bbox 1761 3465 3292 3564">
    <p class='ocr_par' dir='ltr' id='par_1_62' title="bbox 1761 3480 3292 3564">
     <span class='ocr_line' id='line_1_62' title="bbox 1761 3480 3292 3564; baseline 0.015 -34"><span class='ocrx_word' id='word_1_359' title='bbox 1761 3486 1850 3552; x_wconf 71' lang='grc' dir='ltr'>ύς,</span> <span class='ocrx_word' id='word_1_360' title='bbox 2024 3480 2113 3534; x_wconf 87' lang='grc'>29.</span> <span class='ocrx_word' id='word_1_361' title='bbox 2146 3480 2285 3537; x_wconf 88' lang='lat' dir='ltr'><strong>Cum</strong></span> <span class='ocrx_word' id='word_1_362' title='bbox 2318 3499 2510 3540; x_wconf 87' lang='lat' dir='ltr'><strong>eorum</strong></span> <span class='ocrx_word' id='word_1_363' title='bbox 2548 3486 2929 3557; x_wconf 81' lang='lat' dir='ltr'><strong>iniquitatibus</strong></span> <span class='ocrx_word' id='word_1_364' title='bbox 2958 3494 3153 3564; x_wconf 89' lang='lat' dir='ltr'><strong>perdes</strong></span> <span class='ocrx_word' id='word_1_365' title='bbox 3178 3513 3292 3554; x_wconf 73' lang='lat' dir='ltr'><strong>eos.</strong></span> 
     </span>
    </p>
   </div>
   <div class='ocr_carea' id='block_1_63' title="bbox 330 3559 1861 3643">
    <p class='ocr_par' dir='ltr' id='par_1_63' title="bbox 330 3559 1055 3638">
     <span class='ocr_line' id='line_1_63' title="bbox 330 3559 1055 3638; baseline 0.014 -25"><span class='ocrx_word' id='word_1_366' title='bbox 330 3559 419 3615; x_wconf 86' lang='grc'>50.</span> <span class='ocrx_word' id='word_1_367' title='bbox 451 3562 563 3627; x_wconf 84' lang='grc' dir='ltr'><strong>Τὰς</strong></span> <span class='ocrx_word' id='word_1_368' title='bbox 600 3566 830 3638; x_wconf 85' lang='grc' dir='ltr'>καρδίας</span> <span class='ocrx_word' id='word_1_369' title='bbox 856 3568 1055 3623; x_wconf 81' lang='grc' dir='ltr'>αὐτῶν.</span> 
     </span>
    </p>
   </div>
   <div class='ocr_carea' id='block_1_64' title="bbox 1026 3559 2557 3643">
    <p class='ocr_par' dir='ltr' id='par_1_64' title="bbox 1026 3573 2557 3643">
     <span class='ocr_line' id='line_1_64' title="bbox 1026 3573 2557 3643; baseline 0.008 -23"><span class='ocrx_word' id='word_1_370' title='bbox 1026 3587 1055 3622; x_wconf 75' lang='grc' dir='ltr'>ι.</span> <span class='ocrx_word' id='word_1_371' title='bbox 1950 3620 1972 3643; x_wconf 50' lang='grc'>,-</span> <span class='ocrx_word' id='word_1_372' title='bbox 2021 3573 2109 3629; x_wconf 85' lang='grc'><strong>50.</strong></span> <span class='ocrx_word' id='word_1_373' title='bbox 2141 3575 2321 3631; x_wconf 88' lang='lat' dir='ltr'><strong>Corda</strong></span> <span class='ocrx_word' id='word_1_374' title='bbox 2345 3593 2557 3634; x_wconf 88' lang='lat' dir='ltr'><strong>eorum.</strong></span> 
     </span>
    </p>
   </div>
   <div class='ocr_carea' id='block_1_65' title="bbox 328 3650 1859 3749">
    <p class='ocr_par' dir='ltr' id='par_1_65' title="bbox 328 3650 1846 3743">
     <span class='ocr_line' id='line_1_65' title="bbox 328 3650 1846 3743; baseline 0.036 -40"><span class='ocrx_word' id='word_1_375' title='bbox 328 3650 417 3704; x_wconf 81' lang='grc'>51.</span> <span class='ocrx_word' id='word_1_376' title='bbox 445 3654 555 3707; x_wconf 78' lang='grc' dir='ltr'><strong>Καὶ</strong></span> <span class='ocrx_word' id='word_1_377' title='bbox 583 3657 724 3726; x_wconf 82' lang='grc' dir='ltr'>μετὰ</span> <span class='ocrx_word' id='word_1_378' title='bbox 774 3659 950 3715; x_wconf 82' lang='grc' dir='ltr'>ταῦτα</span> <span class='ocrx_word' id='word_1_379' title='bbox 995 3663 1391 3732; x_wconf 77' lang='grc' dir='ltr'>ἐπιγνώσονται</span> <span class='ocrx_word' id='word_1_380' title='bbox 1445 3666 1523 3740; x_wconf 73' lang='grc'>(6)</span> <span class='ocrx_word' id='word_1_381' title='bbox 1576 3670 1675 3741; x_wconf 74' lang='grc' dir='ltr'><strong>τὴν</strong></span> <span class='ocrx_word' id='word_1_382' title='bbox 1719 3670 1846 3743; x_wconf 75' lang='grc' dir='ltr'><strong>βοή·</strong></span> 
     </span>
    </p>
   </div>
   <div class='ocr_carea' id='block_1_66' title="bbox 2005 3650 3536 3749">
    <p class='ocr_par' dir='ltr' id='par_1_66' title="bbox 2021 3664 3536 3749">
     <span class='ocr_line' id='line_1_66' title="bbox 2021 3664 3536 3749; baseline 0.015 -30"><span class='ocrx_word' id='word_1_383' title='bbox 2021 3664 2108 3719; x_wconf 66' lang='grc'><strong>51.</strong></span> <span class='ocrx_word' id='word_1_384' title='bbox 2143 3664 2213 3721; x_wconf 86' lang='grc' dir='ltr'>Ει</span> <span class='ocrx_word' id='word_1_385' title='bbox 2239 3676 2363 3736; x_wconf 91' lang='lat' dir='ltr'><strong>post</strong></span> <span class='ocrx_word' id='word_1_386' title='bbox 2395 3684 2458 3725; x_wconf 89' lang='lat' dir='ltr'><strong>ea</strong></span> <span class='ocrx_word' id='word_1_387' title='bbox 2489 3684 2822 3742; x_wconf 78' lang='lat' dir='ltr'><strong>cognoscent</strong></span> <span class='ocrx_word' id='word_1_388' title='bbox 2852 3677 3116 3734; x_wconf 82' lang='lat' dir='ltr'><strong>auxilium</strong></span> <span class='ocrx_word' id='word_1_389' title='bbox 3146 3688 3323 3749; x_wconf 87' lang='lat' dir='ltr'><strong>tuum,</strong></span> <span class='ocrx_word' id='word_1_390' title='bbox 3349 3692 3407 3738; x_wconf 89' lang='lat' dir='ltr'><strong>et</strong></span> <span class='ocrx_word' id='word_1_391' title='bbox 3438 3682 3536 3740; x_wconf 80' lang='lat' dir='ltr'><strong>be-</strong></span> 
     </span>
    </p>
   </div>
   <div class='ocr_carea' id='block_1_67' title="bbox 246 3739 2287 3824">
    <p class='ocr_par' dir='ltr' id='par_1_67' title="bbox 246 3739 2287 3824">
     <span class='ocr_line' id='line_1_67' title="bbox 246 3739 2287 3824; baseline 0.012 -30"><span class='ocrx_word' id='word_1_392' title='bbox 246 3739 410 3797; x_wconf 80' lang='grc' dir='ltr'>θειάν</span> <span class='ocrx_word' id='word_1_393' title='bbox 440 3762 533 3799; x_wconf 90' lang='grc' dir='ltr'><strong>σου</strong></span> <span class='ocrx_word' id='word_1_394' title='bbox 559 3749 651 3801; x_wconf 79' lang='grc' dir='ltr'>καὶ</span> <span class='ocrx_word' id='word_1_395' title='bbox 684 3750 783 3815; x_wconf 87' lang='grc' dir='ltr'>τὰς</span> <span class='ocrx_word' id='word_1_396' title='bbox 812 3753 1133 3824; x_wconf 81' lang='grc' dir='ltr'>εὐεργεσίας</span> <span class='ocrx_word' id='word_1_397' title='bbox 1164 3774 1278 3812; x_wconf 88' lang='grc' dir='ltr'>σου.</span> <span class='ocrx_word' id='word_1_398' title='bbox 1504 3739 1508 3740; x_wconf 15' lang='grc' dir='ltr'><em>ν</em></span> <span class='ocrx_word' id='word_1_399' title='bbox 1631 3739 1640 3741; x_wconf 14' lang='grc' dir='ltr'>ἡ</span> <span class='ocrx_word' id='word_1_400' title='bbox 1721 3739 1729 3741; x_wconf 15' lang='grc' dir='ltr'><strong>ἠ</strong></span> <span class='ocrx_word' id='word_1_401' title='bbox 1804 3739 1814 3743; x_wconf 29' lang='grc' dir='ltr'><em>Π</em></span> <span class='ocrx_word' id='word_1_402' title='bbox 1947 3756 2141 3811; x_wconf 72' lang='grc' dir='ltr'><strong>116ῧοίὲ</strong></span> <span class='ocrx_word' id='word_1_403' title='bbox 2177 3766 2287 3813; x_wconf 74' lang='lat' dir='ltr'><strong>Illa.</strong></span> 
     </span>
    </p>
   </div>
   <div class='ocr_carea' id='block_1_68' title="bbox 327 3837 1858 3926">
    <p class='ocr_par' dir='ltr' id='par_1_68' title="bbox 327 3837 1535 3926">
     <span class='ocr_line' id='line_1_68' title="bbox 327 3837 1535 3926; baseline 0.015 -35"><span class='ocrx_word' id='word_1_404' title='bbox 327 3837 417 3892; x_wconf 84' lang='grc'><strong>52.</strong></span> <span class='ocrx_word' id='word_1_405' title='bbox 447 3841 751 3907; x_wconf 77' lang='grc' dir='ltr'>Διαπαντὸς</span> <span class='ocrx_word' id='word_1_406' title='bbox 779 3847 828 3899; x_wconf 82' lang='grc' dir='ltr'>οἱ</span> <span class='ocrx_word' id='word_1_407' title='bbox 865 3846 939 3918; x_wconf 82' lang='grc' dir='ltr'>μὴ</span> <span class='ocrx_word' id='word_1_408' title='bbox 968 3849 1277 3921; x_wconf 79' lang='grc' dir='ltr'>πειθόμενοι</span> <span class='ocrx_word' id='word_1_409' title='bbox 1312 3870 1405 3907; x_wconf 89' lang='grc' dir='ltr'><strong>σου</strong></span> <span class='ocrx_word' id='word_1_410' title='bbox 1436 3854 1535 3926; x_wconf 88' lang='grc'><strong>(7).</strong></span> 
     </span>
    </p>
   </div>
   <div class='ocr_carea' id='block_1_69' title="bbox 1569 3837 3100 3926">
    <p class='ocr_par' dir='ltr' id='par_1_69' title="bbox 2023 3848 3100 3923">
     <span class='ocr_line' id='line_1_69' title="bbox 2023 3848 3100 3923; baseline 0.012 -21"><span class='ocrx_word' id='word_1_411' title='bbox 2023 3849 2111 3903; x_wconf 87' lang='grc'><strong>52.</strong></span> <span class='ocrx_word' id='word_1_412' title='bbox 2149 3848 2396 3921; x_wconf 86' lang='lat' dir='ltr'><strong>Semper,</strong></span> <span class='ocrx_word' id='word_1_413' title='bbox 2428 3853 2521 3923; x_wconf 88' lang='lat' dir='ltr'><strong>qui</strong></span> <span class='ocrx_word' id='word_1_414' title='bbox 2549 3854 2645 3909; x_wconf 91' lang='lat' dir='ltr'><strong>tibi</strong></span> <span class='ocrx_word' id='word_1_415' title='bbox 2678 3869 2789 3910; x_wconf 87' lang='lat' dir='ltr'><strong>non</strong></span> <span class='ocrx_word' id='word_1_416' title='bbox 2818 3858 3100 3916; x_wconf 87' lang='lat' dir='ltr'><strong>obediunt.</strong></span> 
     </span>
    </p>
   </div>
   <div class='ocr_carea' id='block_1_70' title="bbox 326 3929 1857 4016">
    <p class='ocr_par' dir='ltr' id='par_1_70' title="bbox 326 3929 1245 4012">
     <span class='ocr_line' id='line_1_70' title="bbox 326 3929 1245 4012; baseline 0.014 -29"><span class='ocrx_word' id='word_1_417' title='bbox 326 3929 414 3984; x_wconf 87' lang='grc'><strong>55.</strong></span> <span class='ocrx_word' id='word_1_418' title='bbox 457 3931 544 3984; x_wconf 87' lang='grc' dir='ltr'>Ἐν</span> <span class='ocrx_word' id='word_1_419' title='bbox 564 3936 631 4004; x_wconf 84' lang='grc' dir='ltr'>τῇ</span> <span class='ocrx_word' id='word_1_420' title='bbox 664 3935 849 4008; x_wconf 78' lang='grc' dir='ltr'>ἡμέρᾳ</span> <span class='ocrx_word' id='word_1_421' title='bbox 868 3937 967 4008; x_wconf 84' lang='grc' dir='ltr'>τῆς</span> <span class='ocrx_word' id='word_1_422' title='bbox 991 3940 1245 4012; x_wconf 85' lang='grc' dir='ltr'>κρίσεως.</span> 
     </span>
    </p>
   </div>
   <div class='ocr_carea' id='block_1_71' title="bbox 1029 3929 2560 4016">
    <p class='ocr_par' dir='ltr' id='par_1_71' title="bbox 1033 3940 2560 4016">
     <span class='ocr_line' id='line_1_71' title="bbox 1033 3940 2560 4016; baseline 0.005 -23"><span class='ocrx_word' id='word_1_423' title='bbox 1033 3940 1245 4012; x_wconf 86' lang='grc' dir='ltr'>ρίσεως.</span> <span class='ocrx_word' id='word_1_424' title='bbox 2021 3944 2110 3999; x_wconf 78' lang='lat'><strong>55.</strong></span> <span class='ocrx_word' id='word_1_425' title='bbox 2145 3944 2205 3999; x_wconf 89' lang='lat' dir='ltr'><strong>In</strong></span> <span class='ocrx_word' id='word_1_426' title='bbox 2236 3945 2323 4001; x_wconf 89' lang='lat' dir='ltr'><strong>die</strong></span> <span class='ocrx_word' id='word_1_427' title='bbox 2348 3946 2560 4016; x_wconf 88' lang='lat' dir='ltr'><strong>judicii.</strong></span> 
     </span>
    </p>
   </div>
   <div class='ocr_carea' id='block_1_72' title="bbox 324 4020 1855 4120">
    <p class='ocr_par' dir='ltr' id='par_1_72' title="bbox 324 4020 1851 4110">
     <span class='ocr_line' id='line_1_72' title="bbox 324 4020 1851 4110; baseline 0.013 -35"><span class='ocrx_word' id='word_1_428' title='bbox 324 4020 417 4086; x_wconf 77' lang='grc'><strong>54,</strong></span> <span class='ocrx_word' id='word_1_429' title='bbox 449 4023 538 4079; x_wconf 83' lang='grc'><strong>55.</strong></span> <span class='ocrx_word' id='word_1_430' title='bbox 569 4025 658 4079; x_wconf 87' lang='grc' dir='ltr'><strong>Ἐν</strong></span> <span class='ocrx_word' id='word_1_431' title='bbox 679 4030 743 4098; x_wconf 82' lang='grc' dir='ltr'>τῇ</span> <span class='ocrx_word' id='word_1_432' title='bbox 766 4028 892 4101; x_wconf 79' lang='grc' dir='ltr'>δόξῃ</span> <span class='ocrx_word' id='word_1_433' title='bbox 936 4031 1037 4101; x_wconf 81' lang='grc' dir='ltr'><strong>τῆς</strong></span> <span class='ocrx_word' id='word_1_434' title='bbox 1073 4035 1376 4106; x_wconf 86' lang='grc' dir='ltr'>παρουσίας</span> <span class='ocrx_word' id='word_1_435' title='bbox 1400 4054 1492 4090; x_wconf 83' lang='grc' dir='ltr'><strong>σου</strong></span> <span class='ocrx_word' id='word_1_436' title='bbox 1523 4037 1598 4110; x_wconf 90' lang='grc'><strong>(8)</strong></span> <span class='ocrx_word' id='word_1_437' title='bbox 1622 4039 1851 4109; x_wconf 83' lang='grc' dir='ltr'>ἐπιγνῶ-</span> 
     </span>
    </p>
   </div>
   <div class='ocr_carea' id='block_1_73' title="bbox 2002 4020 3533 4120">
    <p class='ocr_par' dir='ltr' id='par_1_73' title="bbox 2020 4038 3533 4120">
     <span class='ocr_line' id='line_1_73' title="bbox 2020 4038 3533 4120; baseline 0.009 -27"><span class='ocrx_word' id='word_1_438' title='bbox 2020 4038 2114 4104; x_wconf 75' lang='grc'><strong>54,</strong></span> <span class='ocrx_word' id='word_1_439' title='bbox 2141 4038 2229 4093; x_wconf 85' lang='grc'><strong>55.</strong></span> <span class='ocrx_word' id='word_1_440' title='bbox 2264 4039 2320 4093; x_wconf 90' lang='lat' dir='ltr'><strong>In</strong></span> <span class='ocrx_word' id='word_1_441' title='bbox 2352 4039 2522 4110; x_wconf 82' lang='lat' dir='ltr'><strong>gloria</strong></span> <span class='ocrx_word' id='word_1_442' title='bbox 2562 4042 2827 4100; x_wconf 86' lang='lat' dir='ltr'><strong>adventus</strong></span> <span class='ocrx_word' id='word_1_443' title='bbox 2871 4045 2949 4101; x_wconf 88' lang='lat' dir='ltr'><strong>tui</strong></span> <span class='ocrx_word' id='word_1_444' title='bbox 2996 4056 3352 4117; x_wconf 86' lang='lat' dir='ltr'><strong>cognoscant,</strong></span> <span class='ocrx_word' id='word_1_445' title='bbox 3383 4051 3533 4120; x_wconf 89' lang='lat' dir='ltr'><strong>quod</strong></span> 
     </span>
    </p>
   </div>
   <div class='ocr_carea' id='block_1_74' title="bbox 252 4112 1783 4206">
    <p class='ocr_par' dir='ltr' id='par_1_74' title="bbox 252 4112 1783 4203">
     <span class='ocr_line' id='line_1_74' title="bbox 252 4112 1783 4203; baseline 0.014 -40"><span class='ocrx_word' id='word_1_446' title='bbox 252 4127 363 4177; x_wconf 85' lang='grc' dir='ltr'>σιν,</span> <span class='ocrx_word' id='word_1_447' title='bbox 393 4112 473 4167; x_wconf 83' lang='grc' dir='ltr'>ὅτι</span> <span class='ocrx_word' id='word_1_448' title='bbox 502 4114 561 4168; x_wconf 81' lang='grc' dir='ltr'>ὃν</span> <span class='ocrx_word' id='word_1_449' title='bbox 583 4115 899 4183; x_wconf 81' lang='grc' dir='ltr'>ὲξουθένουν</span> <span class='ocrx_word' id='word_1_450' title='bbox 946 4122 1072 4176; x_wconf 76' lang='grc' dir='ltr'>Υἱδν</span> <span class='ocrx_word' id='word_1_451' title='bbox 1099 4124 1413 4195; x_wconf 84' lang='grc' dir='ltr'>ἀνθρώπου,</span> <span class='ocrx_word' id='word_1_452' title='bbox 1441 4122 1595 4193; x_wconf 69' lang='grc' dir='ltr'>οὗτος</span> <span class='ocrx_word' id='word_1_453' title='bbox 1646 4131 1783 4203; x_wconf 87' lang='grc' dir='ltr'>Κύρι</span> 
     </span>
    </p>
   </div>
   <div class='ocr_carea' id='block_1_75' title="bbox 2002 4112 3533 4206">
    <p class='ocr_par' dir='ltr' id='par_1_75' title="bbox 2002 4133 3533 4206">
     <span class='ocr_line' id='line_1_75' title="bbox 2002 4133 3533 4206; baseline 0.01 -23"><span class='ocrx_word' id='word_1_454' title='bbox 2002 4144 2112 4184; x_wconf 82' lang='lat' dir='ltr'><strong>iem</strong></span> <span class='ocrx_word' id='word_1_455' title='bbox 2145 4136 2594 4202; x_wconf 87' lang='lat' dir='ltr'><strong>contempserunt</strong></span> <span class='ocrx_word' id='word_1_456' title='bbox 2620 4133 2818 4191; x_wconf 90' lang='lat' dir='ltr'><strong>Filium</strong></span> <span class='ocrx_word' id='word_1_457' title='bbox 2846 4138 3084 4195; x_wconf 87' lang='lat' dir='ltr'><strong>hominis</strong></span> <span class='ocrx_word' id='word_1_458' title='bbox 3106 4179 3120 4206; x_wconf 95' lang='lat'><strong>,</strong></span> <span class='ocrx_word' id='word_1_459' title='bbox 3149 4141 3238 4196; x_wconf 92' lang='lat' dir='ltr'><strong>hic</strong></span> <span class='ocrx_word' id='word_1_460' title='bbox 3264 4141 3533 4199; x_wconf 91' lang='lat' dir='ltr'><strong>Dominus</strong></span> 
     </span>
    </p>
   </div>
   <div class='ocr_carea' id='block_1_76' title="bbox 250 4202 1781 4304">
    <p class='ocr_par' dir='ltr' id='par_1_76' title="bbox 250 4202 1781 4295">
     <span class='ocr_line' id='line_1_76' title="bbox 250 4202 1781 4295; baseline 0.014 -40"><span class='ocrx_word' id='word_1_461' title='bbox 250 4202 474 4259; x_wconf 70' lang='grc' dir='ltr'>πάντων</span> <span class='ocrx_word' id='word_1_462' title='bbox 508 4208 645 4273; x_wconf 77' lang='grc' dir='ltr'>ἐστὶ,</span> <span class='ocrx_word' id='word_1_463' title='bbox 681 4212 776 4263; x_wconf 72' lang='grc' dir='ltr'>καὶ</span> <span class='ocrx_word' id='word_1_464' title='bbox 799 4212 947 4284; x_wconf 80' lang='grc' dir='ltr'>αὐτῷ</span> <span class='ocrx_word' id='word_1_465' title='bbox 999 4218 1148 4271; x_wconf 78' lang='grc' dir='ltr'>πᾶσα</span> <span class='ocrx_word' id='word_1_466' title='bbox 1181 4218 1404 4286; x_wconf 83' lang='grc' dir='ltr'>γλῶσσα</span> <span class='ocrx_word' id='word_1_467' title='bbox 1452 4202 1781 4295; x_wconf 71' lang='grc' dir='ltr'>ἐξομολογῆσ</span> 
     </span>
    </p>
   </div>
   <div class='ocr_carea' id='block_1_77' title="bbox 2004 4202 3535 4304">
    <p class='ocr_par' dir='ltr' id='par_1_77' title="bbox 2004 4202 3535 4304">
     <span class='ocr_line' id='line_1_77' title="bbox 2004 4202 3535 4304; baseline 0.008 -28"><span class='ocrx_word' id='word_1_468' title='bbox 2004 4222 2199 4277; x_wconf 89' lang='lat' dir='ltr'><strong>nnium</strong></span> <span class='ocrx_word' id='word_1_469' title='bbox 2226 4232 2329 4289; x_wconf 78' lang='lat' dir='ltr'><strong>est,</strong></span> <span class='ocrx_word' id='word_1_470' title='bbox 2363 4232 2418 4280; x_wconf 89' lang='lat' dir='ltr'><strong>et</strong></span> <span class='ocrx_word' id='word_1_471' title='bbox 2444 4224 2547 4296; x_wconf 91' lang='lat' dir='ltr'><strong>ipsi</strong></span> <span class='ocrx_word' id='word_1_472' title='bbox 2575 4228 2756 4283; x_wconf 89' lang='lat' dir='ltr'><strong>omnis</strong></span> <span class='ocrx_word' id='word_1_473' title='bbox 2777 4228 2961 4300; x_wconf 84' lang='lat' dir='ltr'><strong>lingua</strong></span> <span class='ocrx_word' id='word_1_474' title='bbox 2987 4202 3358 4299; x_wconf 79' lang='lat' dir='ltr'><strong>conlitebitur,</strong></span> <span class='ocrx_word' id='word_1_475' title='bbox 3395 4250 3535 4304; x_wconf 85' lang='lat' dir='ltr'><strong>quo-</strong></span> 
     </span>
    </p>
   </div>
   <div class='ocr_carea' id='block_1_78' title="bbox 246 4296 1777 4398">
    <p class='ocr_par' dir='ltr' id='par_1_78' title="bbox 246 4296 1777 4389">
     <span class='ocr_line' id='line_1_78' title="bbox 246 4296 1777 4389; baseline 0.015 -41"><span class='ocrx_word' id='word_1_476' title='bbox 246 4311 367 4363; x_wconf 72' lang='grc' dir='ltr'>ται,</span> <span class='ocrx_word' id='word_1_477' title='bbox 399 4296 480 4351; x_wconf 84' lang='grc' dir='ltr'><strong>ὅτι</strong></span> <span class='ocrx_word' id='word_1_478' title='bbox 506 4301 568 4354; x_wconf 84' lang='grc' dir='ltr'><strong>σὺ</strong></span> <span class='ocrx_word' id='word_1_479' title='bbox 590 4297 642 4356; x_wconf 87' lang='grc' dir='ltr'><strong>εἴ</strong></span> <span class='ocrx_word' id='word_1_480' title='bbox 670 4299 873 4375; x_wconf 86' lang='grc' dir='ltr'>Κύριος</span> <span class='ocrx_word' id='word_1_481' title='bbox 897 4306 1119 4377; x_wconf 79' lang='grc' dir='ltr'>ὕψιστος</span> <span class='ocrx_word' id='word_1_482' title='bbox 1141 4311 1222 4374; x_wconf 87' lang='grc' dir='ltr'>εἰς</span> <span class='ocrx_word' id='word_1_483' title='bbox 1251 4312 1410 4379; x_wconf 80' lang='grc' dir='ltr'>δόξαν</span> <span class='ocrx_word' id='word_1_484' title='bbox 1434 4313 1570 4368; x_wconf 77' lang='grc' dir='ltr'>Θεοῦ</span> <span class='ocrx_word' id='word_1_485' title='bbox 1600 4317 1777 4389; x_wconf 83' lang='grc' dir='ltr'>Πατρέ</span> 
     </span>
    </p>
   </div>
   <div class='ocr_carea' id='block_1_79' title="bbox 1998 4296 3529 4398">
    <p class='ocr_par' dir='ltr' id='par_1_79' title="bbox 1998 4319 3529 4398">
     <span class='ocr_line' id='line_1_79' title="bbox 1998 4319 3529 4398; baseline 0.008 -25"><span class='ocrx_word' id='word_1_486' title='bbox 1998 4319 2099 4374; x_wconf 85' lang='lat' dir='ltr'><strong>iam</strong></span> <span class='ocrx_word' id='word_1_487' title='bbox 2130 4333 2191 4374; x_wconf 86' lang='grc' dir='ltr'><strong>ιιι</strong></span> <span class='ocrx_word' id='word_1_488' title='bbox 2214 4334 2274 4376; x_wconf 91' lang='lat' dir='ltr'><strong>es</strong></span> <span class='ocrx_word' id='word_1_489' title='bbox 2300 4319 2566 4378; x_wconf 90' lang='lat' dir='ltr'><strong>Dominus</strong></span> <span class='ocrx_word' id='word_1_490' title='bbox 2596 4322 2899 4381; x_wconf 88' lang='lat' dir='ltr'><strong>altissimus</strong></span> <span class='ocrx_word' id='word_1_491' title='bbox 2929 4325 2985 4381; x_wconf 90' lang='lat' dir='ltr'><strong>in</strong></span> <span class='ocrx_word' id='word_1_492' title='bbox 3009 4327 3181 4398; x_wconf 84' lang='lat' dir='ltr'><strong>gloria</strong></span> <span class='ocrx_word' id='word_1_493' title='bbox 3210 4328 3303 4383; x_wconf 92' lang='lat' dir='ltr'><strong>Dei</strong></span> <span class='ocrx_word' id='word_1_494' title='bbox 3329 4327 3529 4386; x_wconf 79' lang='lat' dir='ltr'><strong>Patris.</strong></span> 
     </span>
    </p>
   </div>
   <div class='ocr_carea' id='block_1_80' title="bbox 267 4388 1798 4467">
    <p class='ocr_par' dir='ltr' id='par_1_80' title="bbox 267 4388 464 4463">
     <span class='ocr_line' id='line_1_80' title="bbox 267 4388 464 4463; baseline 0.01 -21"><span class='ocrx_word' id='word_1_495' title='bbox 267 4388 464 4463; x_wconf 75' lang='grc' dir='ltr'>Ἀμήν.</span> 
     </span>
    </p>
   </div>
   <div class='ocr_carea' id='block_1_81' title="bbox 608 4388 2139 4467">
    <p class='ocr_par' dir='ltr' id='par_1_81' title="bbox 1867 4407 2139 4467">
     <span class='ocr_line' id='line_1_81' title="bbox 1867 4407 2139 4467; baseline 0 0"><span class='ocrx_word' id='word_1_496' title='bbox 1867 4407 1922 4467; x_wconf 89' lang='lat' dir='ltr'><strong>D</strong></span> <span class='ocrx_word' id='word_1_497' title='bbox 1947 4412 2139 4467; x_wconf 87' lang='lat' dir='ltr'><strong>Amen.</strong></span> 
     </span>
    </p>
   </div>
   <div class='ocr_carea' id='block_1_82' title="bbox 341 4526 3521 4629">
    <p class='ocr_par' dir='ltr' id='par_1_82' title="bbox 341 4526 3521 4629">
     <span class='ocr_line' id='line_1_82' title="bbox 341 4526 3521 4629; baseline 0.009 -48"><span class='ocrx_word' id='word_1_498' title='bbox 341 4526 407 4579; x_wconf 86' lang='lat' dir='ltr'><strong>&#39;H</strong></span> <span class='ocrx_word' id='word_1_499' title='bbox 440 4534 776 4605; x_wconf 83' lang='grc' dir='ltr'>προκειμένη</span> <span class='ocrx_word' id='word_1_500' title='bbox 810 4538 1091 4611; x_wconf 81' lang='grc' dir='ltr'>ἐπιγραφὴ</span> <span class='ocrx_word' id='word_1_501' title='bbox 1115 4542 1361 4614; x_wconf 78' lang='grc' dir='ltr'>περιέχει</span> <span class='ocrx_word' id='word_1_502' title='bbox 1390 4544 1490 4617; x_wconf 87' lang='grc'>(9)·</span> <span class='ocrx_word' id='word_1_503' title='bbox 1515 4548 1618 4612; x_wconf 75' lang='grc' dir='ltr'><strong>Εἰς</strong></span> <span class='ocrx_word' id='word_1_504' title='bbox 1657 4547 1722 4600; x_wconf 81' lang='grc' dir='ltr'><em>τὸ</em></span> <span class='ocrx_word' id='word_1_505' title='bbox 1751 4548 1946 4616; x_wconf 85' lang='grc' dir='ltr'>τέλος,</span> <span class='ocrx_word' id='word_1_506' title='bbox 1973 4549 2127 4618; x_wconf 79' lang='grc' dir='ltr'>ὑπὲρ</span> <span class='ocrx_word' id='word_1_507' title='bbox 2154 4550 2276 4605; x_wconf 79' lang='grc' dir='ltr'><strong>τῶν</strong></span> <span class='ocrx_word' id='word_1_508' title='bbox 2304 4542 2511 4621; x_wconf 67' lang='grc' dir='ltr'><strong>λίην-ὥν</strong></span> <span class='ocrx_word' id='word_1_509' title='bbox 2538 4550 2663 4619; x_wconf 84' lang='grc' dir='ltr'>τοῖς</span> <span class='ocrx_word' id='word_1_510' title='bbox 2686 4550 2837 4620; x_wconf 77' lang='grc' dir='ltr'>υἱοῖς</span> <span class='ocrx_word' id='word_1_511' title='bbox 2889 4555 3045 4623; x_wconf 80' lang='grc' dir='ltr'>Κορὲ</span> <span class='ocrx_word' id='word_1_512' title='bbox 3101 4554 3363 4625; x_wconf 65' lang='grc' dir='ltr'>ψαλμὸς,</span> <span class='ocrx_word' id='word_1_513' title='bbox 3397 4556 3521 4629; x_wconf 64' lang='grc' dir='ltr'>δπετ</span> 
     </span>
    </p>
   </div>
   <div class='ocr_carea' id='block_1_83' title="bbox 252 4617 3515 4721">
    <p class='ocr_par' dir='ltr' id='par_1_83' title="bbox 252 4617 3515 4721">
     <span class='ocr_line' id='line_1_83' title="bbox 252 4617 3515 4721; baseline 0.01 -50"><span class='ocrx_word' id='word_1_514' title='bbox 252 4617 640 4691; x_wconf 74' lang='grc' dir='ltr'>ἑρμηνεύεταιο</span> <span class='ocrx_word' id='word_1_515' title='bbox 680 4629 761 4690; x_wconf 84' lang='grc' dir='ltr'>εἰς</span> <span class='ocrx_word' id='word_1_516' title='bbox 789 4629 848 4681; x_wconf 84' lang='grc' dir='ltr'><strong>τὸ</strong></span> <span class='ocrx_word' id='word_1_517' title='bbox 874 4630 1024 4695; x_wconf 85' lang='grc' dir='ltr'>τέλος</span> <span class='ocrx_word' id='word_1_518' title='bbox 1057 4632 1164 4687; x_wconf 82' lang='grc' dir='ltr'><strong>τῶν</strong></span> <span class='ocrx_word' id='word_1_519' title='bbox 1188 4634 1401 4690; x_wconf 84' lang='grc' dir='ltr'>αἰώνων</span> <span class='ocrx_word' id='word_1_520' title='bbox 1427 4637 1568 4708; x_wconf 81' lang='grc' dir='ltr'>ὑπὲρ</span> <span class='ocrx_word' id='word_1_521' title='bbox 1593 4639 1702 4693; x_wconf 84' lang='grc' dir='ltr'><strong>τῶν</strong></span> <span class='ocrx_word' id='word_1_522' title='bbox 1732 4635 1964 4710; x_wconf 77' lang='grc' dir='ltr'>ἐχόντων</span> <span class='ocrx_word' id='word_1_523' title='bbox 1984 4642 2042 4694; x_wconf 85' lang='grc' dir='ltr'>ὲν</span> <span class='ocrx_word' id='word_1_524' title='bbox 2071 4617 2189 4706; x_wconf 78' lang='grc' dir='ltr'>ταῖς</span> <span class='ocrx_word' id='word_1_525' title='bbox 2213 4617 2464 4713; x_wconf 78' lang='grc' dir='ltr'>καρδίαις</span> <span class='ocrx_word' id='word_1_526' title='bbox 2483 4645 2594 4716; x_wconf 83' lang='lat' dir='ltr'><strong>(I0)</strong></span> <span class='ocrx_word' id='word_1_527' title='bbox 2638 4617 2733 4699; x_wconf 70' lang='grc' dir='ltr'><strong>τὸν</strong></span> <span class='ocrx_word' id='word_1_528' title='bbox 2779 4617 2921 4701; x_wconf 59' lang='grc' dir='ltr'>οῗνον</span> <span class='ocrx_word' id='word_1_529' title='bbox 2948 4617 3048 4718; x_wconf 72' lang='grc' dir='ltr'>τῆς</span> <span class='ocrx_word' id='word_1_530' title='bbox 3077 4617 3421 4721; x_wconf 64' lang='grc' dir='ltr'>εύφροσύντλς</span> <span class='ocrx_word' id='word_1_531' title='bbox 3438 4617 3515 4703; x_wconf 48' lang='grc' dir='ltr'>τδῖ.</span> 
     </span>
    </p>
   </div>
   <div class='ocr_carea' id='block_1_84' title="bbox 250 4714 3527 4821">
    <p class='ocr_par' dir='ltr' id='par_1_84' title="bbox 250 4714 3527 4821">
     <span class='ocr_line' id='line_1_84' title="bbox 250 4714 3527 4821; baseline 0.014 -52"><span class='ocrx_word' id='word_1_532' title='bbox 250 4714 459 4786; x_wconf 80' lang='grc' dir='ltr'>Κύριον</span> <span class='ocrx_word' id='word_1_533' title='bbox 491 4721 523 4790; x_wconf 88' lang='grc' dir='ltr'><strong>ή</strong></span> <span class='ocrx_word' id='word_1_534' title='bbox 533 4721 648 4791; x_wconf 85' lang='grc' dir='ltr'><strong>μῶν</strong></span> <span class='ocrx_word' id='word_1_535' title='bbox 685 4722 912 4793; x_wconf 80' lang='grc' dir='ltr'>Ἰησοῦν.</span> <span class='ocrx_word' id='word_1_536' title='bbox 947 4722 1082 4781; x_wconf 77' lang='grc' dir='ltr'>Εἶτα</span> <span class='ocrx_word' id='word_1_537' title='bbox 1113 4727 1236 4796; x_wconf 82' lang='grc' dir='ltr'>τοῖς</span> <span class='ocrx_word' id='word_1_538' title='bbox 1256 4731 1408 4798; x_wconf 85' lang='grc' dir='ltr'>υίοῖς</span> <span class='ocrx_word' id='word_1_539' title='bbox 1429 4733 1582 4801; x_wconf 79' lang='grc' dir='ltr'>Κορὲ</span> <span class='ocrx_word' id='word_1_540' title='bbox 1608 4736 1870 4806; x_wconf 72' lang='grc' dir='ltr'>ψαλμός.</span> <span class='ocrx_word' id='word_1_541' title='bbox 1895 4738 2041 4807; x_wconf 83' lang='grc' dir='ltr'>Κορὲ</span> <span class='ocrx_word' id='word_1_542' title='bbox 2074 4738 2185 4810; x_wconf 83' lang='grc' dir='ltr'><strong>γὰρ</strong></span> <span class='ocrx_word' id='word_1_543' title='bbox 2213 4714 2574 4811; x_wconf 74' lang='grc' dir='ltr'>ἑρμηνεύεται</span> <span class='ocrx_word' id='word_1_544' title='bbox 2602 4740 2931 4813; x_wconf 77' lang='grc' dir='ltr'>φαλακρός·</span> <span class='ocrx_word' id='word_1_545' title='bbox 2954 4740 2982 4797; x_wconf 86' lang='grc' dir='ltr'>ὁ</span> <span class='ocrx_word' id='word_1_546' title='bbox 3004 4714 3062 4797; x_wconf 85' lang='grc' dir='ltr'>δὲ</span> <span class='ocrx_word' id='word_1_547' title='bbox 3086 4714 3360 4818; x_wconf 72' lang='grc' dir='ltr'>φαλακρὸς</span> <span class='ocrx_word' id='word_1_548' title='bbox 3374 4714 3527 4821; x_wconf 33' lang='grc' dir='ltr'><strong>*παρά</strong></span> 
     </span>
    </p>
   </div>
   <div class='ocr_carea' id='block_1_85' title="bbox 244 4806 1764 4885">
    <p class='ocr_par' dir='ltr' id='par_1_85' title="bbox 244 4806 1764 4885">
     <span class='ocr_line' id='line_1_85' title="bbox 244 4806 1764 4885; baseline 0.02 -25"><span class='ocrx_word' id='word_1_549' title='bbox 244 4806 334 4879; x_wconf 76' lang='grc' dir='ltr'>τῷ</span> <span class='ocrx_word' id='word_1_550' title='bbox 362 4811 510 4883; x_wconf 85' lang='grc' dir='ltr'>νόμῳ</span> <span class='ocrx_word' id='word_1_551' title='bbox 538 4818 795 4885; x_wconf 84' lang='grc' dir='ltr'>καθαρός</span> <span class='ocrx_word' id='word_1_552' title='bbox 811 4820 981 4877; x_wconf 77' lang='grc' dir='ltr'>ἐστιν.</span> <span class='ocrx_word' id='word_1_553' title='bbox 1759 4842 1764 4846; x_wconf 81' lang='grc'><em>”</em></span> 
     </span>
    </p>
   </div>
   <div class='ocr_carea' id='block_1_86' title="bbox 326 4900 3531 5007">
    <p class='ocr_par' dir='ltr' id='par_1_86' title="bbox 326 4900 3531 5007">
     <span class='ocr_line' id='line_1_86' title="bbox 326 4900 3531 5007; baseline 0.013 -52"><span class='ocrx_word' id='word_1_554' title='bbox 326 4900 541 4962; x_wconf 90' lang='lat' dir='ltr'><strong>Titulus</strong></span> <span class='ocrx_word' id='word_1_555' title='bbox 568 4913 895 4980; x_wconf 79' lang='lat' dir='ltr'><strong>praepositus</strong></span> <span class='ocrx_word' id='word_1_556' title='bbox 931 4915 1176 4972; x_wconf 86' lang='lat' dir='ltr'><strong>continet</strong></span> <span class='ocrx_word' id='word_1_557' title='bbox 1205 4934 1222 4973; x_wconf 89' lang='lat'>:</span> <span class='ocrx_word' id='word_1_558' title='bbox 1259 4914 1328 4972; x_wconf 87' lang='lat' dir='ltr'><strong>In</strong></span> <span class='ocrx_word' id='word_1_559' title='bbox 1360 4919 1552 4990; x_wconf 86' lang='lat' dir='ltr'><strong>ﬁnem‘,</strong></span> <span class='ocrx_word' id='word_1_560' title='bbox 1582 4939 1679 4993; x_wconf 88' lang='lat' dir='ltr'><strong>pro</strong></span> <span class='ocrx_word' id='word_1_561' title='bbox 1704 4926 2061 4983; x_wconf 76' lang='lat' dir='ltr'><strong>torcularibus</strong></span> <span class='ocrx_word' id='word_1_562' title='bbox 2091 4928 2221 5000; x_wconf 88' lang='lat' dir='ltr'><strong>ﬁliis</strong></span> <span class='ocrx_word' id='word_1_563' title='bbox 2249 4928 2384 4986; x_wconf 84' lang='lat' dir='ltr'><strong>Core</strong></span> <span class='ocrx_word' id='word_1_564' title='bbox 2409 4924 2679 5002; x_wconf 83' lang='lat' dir='ltr'><strong>psalmus,</strong></span> <span class='ocrx_word' id='word_1_565' title='bbox 2725 4935 2873 5005; x_wconf 91' lang='lat' dir='ltr'><strong>quod</strong></span> <span class='ocrx_word' id='word_1_566' title='bbox 2918 4935 3308 5007; x_wconf 88' lang='lat' dir='ltr'><strong>interpretatur</strong></span> <span class='ocrx_word' id='word_1_567' title='bbox 3337 4940 3391 4996; x_wconf 91' lang='lat' dir='ltr'><strong>in</strong></span> <span class='ocrx_word' id='word_1_568' title='bbox 3423 4942 3531 4997; x_wconf 81' lang='lat' dir='ltr'><strong>ﬁne</strong></span> 
     </span>
    </p>
   </div>
   <div class='ocr_carea' id='block_1_87' title="bbox 245 4998 3534 5104">
    <p class='ocr_par' dir='ltr' id='par_1_87' title="bbox 245 4998 3534 5104">
     <span class='ocr_line' id='line_1_87' title="bbox 245 4998 3534 5104; baseline 0.011 -52"><span class='ocrx_word' id='word_1_569' title='bbox 245 4998 578 5055; x_wconf 66' lang='lat' dir='ltr'><strong>saeculorum</strong></span> <span class='ocrx_word' id='word_1_570' title='bbox 617 5019 718 5073; x_wconf 85' lang='lat' dir='ltr'><strong>pro</strong></span> <span class='ocrx_word' id='word_1_571' title='bbox 759 5006 1086 5064; x_wconf 86' lang='lat' dir='ltr'><strong>habentibus</strong></span> <span class='ocrx_word' id='word_1_572' title='bbox 1128 5010 1185 5065; x_wconf 87' lang='lat' dir='ltr'><strong>in</strong></span> <span class='ocrx_word' id='word_1_573' title='bbox 1226 5013 1487 5072; x_wconf 87' lang='lat' dir='ltr'><strong>cordibus</strong></span> <span class='ocrx_word' id='word_1_574' title='bbox 1512 5016 1700 5073; x_wconf 89' lang='lat' dir='ltr'><strong>vinum</strong></span> <span class='ocrx_word' id='word_1_575' title='bbox 1732 5014 1932 5077; x_wconf 74' lang='lat' dir='ltr'><strong>laetitiae</strong></span> <span class='ocrx_word' id='word_1_576' title='bbox 1960 4998 2250 5080; x_wconf 84' lang='lat' dir='ltr'><strong>Dominum</strong></span> <span class='ocrx_word' id='word_1_577' title='bbox 2297 4998 2551 5083; x_wconf 75' lang='lat' dir='ltr'><strong>nostrum</strong></span> <span class='ocrx_word' id='word_1_578' title='bbox 2584 4998 2795 5086; x_wconf 73' lang='lat' dir='ltr'><strong>Iesum.</strong></span> <span class='ocrx_word' id='word_1_579' title='bbox 2823 5029 3026 5086; x_wconf 88' lang='lat' dir='ltr'><strong>Deinde</strong></span> <span class='ocrx_word' id='word_1_580' title='bbox 3057 4998 3189 5100; x_wconf 76' lang='lat' dir='ltr'><strong>ﬁliis</strong></span> <span class='ocrx_word' id='word_1_581' title='bbox 3233 5031 3367 5087; x_wconf 89' lang='lat' dir='ltr'><strong>Core</strong></span> <span class='ocrx_word' id='word_1_582' title='bbox 3388 5034 3534 5104; x_wconf 77' lang='lat' dir='ltr'><strong>psal-</strong></span> 
     </span>
    </p>
   </div>
   <div class='ocr_carea' id='block_1_88' title="bbox 248 5092 2754 5195">
    <p class='ocr_par' dir='ltr' id='par_1_88' title="bbox 248 5092 2754 5195">
     <span class='ocr_line' id='line_1_88' title="bbox 248 5092 2754 5195; baseline 0.016 -55"><span class='ocrx_word' id='word_1_583' title='bbox 248 5105 391 5143; x_wconf 82' lang='lat' dir='ltr'><strong>mus.</strong></span> <span class='ocrx_word' id='word_1_584' title='bbox 423 5092 555 5149; x_wconf 83' lang='lat' dir='ltr'><strong>Core</strong></span> <span class='ocrx_word' id='word_1_585' title='bbox 583 5099 729 5153; x_wconf 89' lang='lat' dir='ltr'><strong>enim</strong></span> <span class='ocrx_word' id='word_1_586' title='bbox 755 5100 1142 5174; x_wconf 82' lang='lat' dir='ltr'><strong>interpretatur</strong></span> <span class='ocrx_word' id='word_1_587' title='bbox 1166 5107 1366 5164; x_wconf 85' lang='lat' dir='ltr'><strong>calvus.</strong></span> <span class='ocrx_word' id='word_1_588' title='bbox 1393 5108 1596 5169; x_wconf 88' lang='lat' dir='ltr'><strong>Calvus</strong></span> <span class='ocrx_word' id='word_1_589' title='bbox 1619 5124 1801 5172; x_wconf 86' lang='lat' dir='ltr'><strong>autem</strong></span> <span class='ocrx_word' id='word_1_590' title='bbox 1833 5120 2138 5176; x_wconf 91' lang='lat' dir='ltr'><strong>secundum</strong></span> <span class='ocrx_word' id='word_1_591' title='bbox 2168 5124 2342 5195; x_wconf 85' lang='lat' dir='ltr'><strong>legem</strong></span> <span class='ocrx_word' id='word_1_592' title='bbox 2377 5124 2607 5179; x_wconf 84' lang='lat' dir='ltr'><strong>mundus</strong></span> <span class='ocrx_word' id='word_1_593' title='bbox 2651 5135 2754 5181; x_wconf 87' lang='lat' dir='ltr'><strong>est.</strong></span> 
     </span>
    </p>
   </div>
   <div class='ocr_carea' id='block_1_89' title="bbox 325 5182 1856 5291">
    <p class='ocr_par' dir='ltr' id='par_1_89' title="bbox 325 5182 1504 5265">
     <span class='ocr_line' id='line_1_89' title="bbox 325 5182 1504 5265; baseline 0.023 -30"><span class='ocrx_word' id='word_1_594' title='bbox 325 5182 376 5237; x_wconf 82' lang='grc'>1.</span> <span class='ocrx_word' id='word_1_595' title='bbox 401 5185 467 5238; x_wconf 75' lang='lat' dir='ltr'><strong>Ai</strong></span> <span class='ocrx_word' id='word_1_596' title='bbox 497 5186 710 5244; x_wconf 84' lang='grc' dir='ltr'>αἰώνιαί</span> <span class='ocrx_word' id='word_1_597' title='bbox 752 5211 845 5247; x_wconf 90' lang='grc' dir='ltr'><strong>σου</strong></span> <span class='ocrx_word' id='word_1_598' title='bbox 877 5193 1233 5265; x_wconf 83' lang='grc' dir='ltr'>ἀναπαύσεις.</span> <span class='ocrx_word' id='word_1_599' title='bbox 1495 5206 1504 5215; x_wconf 84' lang='grc'><em>’</em></span> 
     </span>
    </p>
   </div>
   <div class='ocr_carea' id='block_1_90' title="bbox 1260 5182 2791 5291">
    <p class='ocr_par' dir='ltr' id='par_1_90' title="bbox 1495 5182 2791 5291">
     <span class='ocr_line' id='line_1_90' title="bbox 1495 5182 2791 5291; baseline 0.012 -31"><span class='ocrx_word' id='word_1_600' title='bbox 1495 5206 1504 5215; x_wconf 86' lang='grc'><em>’</em></span> <span class='ocrx_word' id='word_1_601' title='bbox 2019 5215 2069 5267; x_wconf 76' lang='grc'>1.</span> <span class='ocrx_word' id='word_1_602' title='bbox 2109 5182 2335 5272; x_wconf 47' lang='lat' dir='ltr'><strong>Eteina</strong></span> <span class='ocrx_word' id='word_1_603' title='bbox 2371 5228 2460 5274; x_wconf 88' lang='lat' dir='ltr'><strong>tua</strong></span> <span class='ocrx_word' id='word_1_604' title='bbox 2489 5219 2791 5291; x_wconf 81' lang='lat' dir='ltr'><strong>refrigeria.</strong></span> 
     </span>
    </p>
   </div>
   <div class='ocr_carea' id='block_1_91' title="bbox 1206 5314 2570 5406">
    <p class='ocr_par' dir='ltr' id='par_1_91' title="bbox 1206 5314 2570 5406">
     <span class='ocr_line' id='line_1_91' title="bbox 1206 5314 2570 5406; baseline 0.015 -31"><span class='ocrx_word' id='word_1_605' title='bbox 1206 5314 1517 5381; x_wconf 85' lang='lat' dir='ltr'><strong>Addenda</strong></span> <span class='ocrx_word' id='word_1_606' title='bbox 1542 5326 1603 5382; x_wconf 90' lang='lat' dir='ltr'><strong>et</strong></span> <span class='ocrx_word' id='word_1_607' title='bbox 1651 5324 2029 5406; x_wconf 81' lang='lat' dir='ltr'><strong>corrigenda</strong></span> <span class='ocrx_word' id='word_1_608' title='bbox 2060 5347 2138 5392; x_wconf 86' lang='lat' dir='ltr'><strong>ex</strong></span> <span class='ocrx_word' id='word_1_609' title='bbox 2188 5332 2331 5393; x_wconf 91' lang='lat' dir='ltr'><strong>cod.</strong></span> <span class='ocrx_word' id='word_1_610' title='bbox 2368 5334 2570 5397; x_wconf 86' lang='lat' dir='ltr'><strong>Vatic.</strong></span> 
     </span>
    </p>
   </div>
   <div class='ocr_carea' id='block_1_92' title="bbox 324 5397 3010 5524">
    <p class='ocr_par' dir='ltr' id='par_1_92' title="bbox 324 5397 3010 5524">
     <span class='ocr_line' id='line_1_92' title="bbox 324 5397 2228 5524; baseline 0.004 -72"><span class='ocrx_word' id='word_1_611' title='bbox 324 5397 401 5524; x_wconf 45' lang='lat' dir='ltr'><strong>si)</strong></span> <span class='ocrx_word' id='word_1_612' title='bbox 425 5401 636 5459; x_wconf 84' lang='grc' dir='ltr'>Αὐτῶν.</span> <span class='ocrx_word' id='word_1_613' title='bbox 1822 5397 1857 5406; x_wconf 46' lang='grc' dir='ltr'>ν</span> <span class='ocrx_word' id='word_1_614' title='bbox 2008 5430 2085 5498; x_wconf 74' lang='grc'><strong>(7)</strong></span> <span class='ocrx_word' id='word_1_615' title='bbox 2121 5432 2228 5483; x_wconf 52' lang='grc' dir='ltr'><strong>Σοι.</strong></span> 
     </span>
     <span class='ocr_line' id='line_1_93' title="bbox 346 5471 3010 5524; baseline 0 0"><span class='ocrx_word' id='word_1_616' title='bbox 346 5471 400 5524; x_wconf 67' lang='grc' dir='ltr'>Ξ)</span> <span class='ocrx_word' id='word_1_617' title='bbox 437 5474 847 5524; x_wconf 68' lang='grc' dir='ltr'>Κοιιιωιιένους-</span> <span class='ocrx_word' id='word_1_618' title='bbox 2011 5500 2082 5524; x_wconf 78' lang='grc' dir='ltr'>ιοι</span> <span class='ocrx_word' id='word_1_619' title='bbox 2149 5502 2236 5524; x_wconf 68' lang='grc' dir='ltr'>τυ..</span> <span class='ocrx_word' id='word_1_620' title='bbox 2299 5507 2357 5524; x_wconf 67' lang='grc'><strong>-99</strong></span> <span class='ocrx_word' id='word_1_621' title='bbox 2414 5505 2554 5524; x_wconf 52' lang='grc' dir='ltr'><strong>,ηυμ-</strong></span> <span class='ocrx_word' id='word_1_622' title='bbox 2999 5506 3010 5519; x_wconf 72' lang='grc' dir='ltr'><strong>ο</strong></span> 
     </span>
    </p>
   </div>
   <div class='ocr_carea' id='block_1_93' title="bbox 346 5474 3533 5623">
    <p class='ocr_par' dir='ltr' id='par_1_93' title="bbox 346 5474 3533 5623">
     <span class='ocr_line' id='line_1_94' title="bbox 346 5474 3533 5593; baseline 0.017 -71"><span class='ocrx_word' id='word_1_623' title='bbox 346 5474 400 5534; x_wconf 73' lang='lat'>2)</span> <span class='ocrx_word' id='word_1_624' title='bbox 437 5474 875 5564; x_wconf 48' lang='grc' dir='ltr'>Κοιμωμένους..</span> <span class='ocrx_word' id='word_1_625' title='bbox 1087 5551 1100 5569; x_wconf 49' lang='grc'><strong><em>’</em></strong></span> <span class='ocrx_word' id='word_1_626' title='bbox 1189 5553 1202 5570; x_wconf 46' lang='grc'><strong><em>1</em></strong></span> <span class='ocrx_word' id='word_1_627' title='bbox 2295 5507 2360 5577; x_wconf 81' lang='grc' dir='ltr'>τῇ</span> <span class='ocrx_word' id='word_1_628' title='bbox 2411 5505 2602 5577; x_wconf 80' lang='grc' dir='ltr'>ἐνδόξῳ</span> <span class='ocrx_word' id='word_1_629' title='bbox 2663 5524 2756 5561; x_wconf 87' lang='grc' dir='ltr'><strong>σου</strong></span> <span class='ocrx_word' id='word_1_630' title='bbox 2805 5506 3101 5584; x_wconf 79' lang='grc' dir='ltr'>παρουσίᾳ,</span> <span class='ocrx_word' id='word_1_631' title='bbox 3154 5523 3262 5572; x_wconf 90' lang='lat' dir='ltr'><strong>etc.</strong></span> <span class='ocrx_word' id='word_1_632' title='bbox 3316 5520 3533 5593; x_wconf 73' lang='grc' dir='ltr'>Πατρδς</span> 
     </span>
     <span class='ocr_line' id='line_1_95' title="bbox 346 5540 2113 5623; baseline 0.018 -30"><span class='ocrx_word' id='word_1_633' title='bbox 430 5543 1017 5623; x_wconf 58' lang='grc' dir='ltr'>Ιξαςταδυναστευοντων</span> <span class='ocrx_word' id='word_1_634' title='bbox 1043 5570 1285 5623; x_wconf 70' lang='grc' dir='ltr'><strong>αυτούς.Δ</strong></span> <span class='ocrx_word' id='word_1_635' title='bbox 1386 5620 1388 5623; x_wconf 92' lang='lat'><strong><em>_</em></strong></span> <span class='ocrx_word' id='word_1_636' title='bbox 1937 5572 2113 5623; x_wconf 75' lang='grc' dir='ltr'>ἡμῶν.</span> 
     </span>
    </p>
   </div>
   <div class='ocr_carea' id='block_1_94' title="bbox 345 5589 2994 5722">
    <p class='ocr_par' dir='ltr' id='par_1_94' title="bbox 345 5589 2994 5722">
     <span class='ocr_line' id='line_1_96' title="bbox 345 5589 2994 5722; baseline 0.015 -54"><span class='ocrx_word' id='word_1_637' title='bbox 345 5589 400 5722; x_wconf 53' lang='grc' dir='ltr'><strong>ἐξ</strong></span> <span class='ocrx_word' id='word_1_638' title='bbox 686 5629 823 5722; x_wconf 44' lang='grc' dir='ltr'><strong>ἒϐη</strong></span> <span class='ocrx_word' id='word_1_639' title='bbox 855 5621 952 5685; x_wconf 79' lang='grc' dir='ltr'>τὰς</span> <span class='ocrx_word' id='word_1_640' title='bbox 987 5589 1545 5699; x_wconf 54' lang='grc' dir='ltr'>ἐναντίαῖδυνάμεις.</span> <span class='ocrx_word' id='word_1_641' title='bbox 2220 5642 2440 5722; x_wconf 37' lang='grc' dir='ltr'>δια-τῆς</span> <span class='ocrx_word' id='word_1_642' title='bbox 2470 5649 2840 5722; x_wconf 67' lang='grc' dir='ltr'>κινναϐάρεως</span> <span class='ocrx_word' id='word_1_643' title='bbox 2869 5669 2994 5722; x_wconf 84' lang='grc' dir='ltr'>περ.</span> 
     </span>
    </p>
   </div>
   <div class='ocr_carea' id='block_1_95' title="bbox 346 5681 2647 5824">
    <p class='ocr_par' dir='ltr' id='par_1_95' title="bbox 346 5681 2647 5824">
     <span class='ocr_line' id='line_1_97' title="bbox 592 5681 2647 5701; baseline 0.009 -19"><span class='ocrx_word' id='word_1_644' title='bbox 592 5681 602 5686; x_wconf 86' lang='grc'>,</span> <span class='ocrx_word' id='word_1_645' title='bbox 810 5681 818 5686; x_wconf 90' lang='grc'><em>,</em></span> <span class='ocrx_word' id='word_1_646' title='bbox 933 5681 946 5685; x_wconf 81' lang='lat'><strong>-</strong></span> <span class='ocrx_word' id='word_1_647' title='bbox 1212 5681 1228 5690; x_wconf 82' lang='lat'><strong><em>.</em></strong></span> <span class='ocrx_word' id='word_1_648' title='bbox 1343 5681 1417 5699; x_wconf 47' lang='grc' dir='ltr'>ην,</span> <span class='ocrx_word' id='word_1_649' title='bbox 1455 5681 1542 5693; x_wconf 34' lang='lat' dir='ltr'><strong>nr</strong></span> <span class='ocrx_word' id='word_1_650' title='bbox 2034 5681 2061 5695; x_wconf 88' lang='grc' dir='ltr'><em>υ</em></span> <span class='ocrx_word' id='word_1_651' title='bbox 2147 5681 2192 5695; x_wconf 78' lang='grc' dir='ltr'>ιι</span> <span class='ocrx_word' id='word_1_652' title='bbox 2221 5681 2307 5696; x_wconf 68' lang='grc' dir='ltr'>νυνι</span> <span class='ocrx_word' id='word_1_653' title='bbox 2352 5681 2391 5698; x_wconf 75' lang='grc' dir='ltr'><strong>ιιι</strong></span> <span class='ocrx_word' id='word_1_654' title='bbox 2472 5681 2525 5699; x_wconf 64' lang='lat' dir='ltr'><strong>tu</strong></span> <span class='ocrx_word' id='word_1_655' title='bbox 2569 5681 2647 5701; x_wconf 55' lang='lat' dir='ltr'><strong>vui.</strong></span> 
     </span>
     <span class='ocr_line' id='line_1_98' title="bbox 346 5681 2647 5824; baseline 0.018 -92"><span class='ocrx_word' id='word_1_656' title='bbox 346 5681 400 5824; x_wconf 67' lang='lat'><strong>5)</strong></span> <span class='ocrx_word' id='word_1_657' title='bbox 434 5683 782 5769; x_wconf 70' lang='grc' dir='ltr'>Συναπολεῖς.</span> <span class='ocrx_word' id='word_1_658' title='bbox 1818 5735 1827 5745; x_wconf 85' lang='lat'><strong><em>-</em></strong></span> <span class='ocrx_word' id='word_1_659' title='bbox 2009 5681 2128 5770; x_wconf 55' lang='grc' dir='ltr'><strong>Ἰώ)</strong></span> <span class='ocrx_word' id='word_1_660' title='bbox 2156 5681 2647 5780; x_wconf 56' lang='grc' dir='ltr'>Καοδίαιῗαύτῶν.</span> 
     </span>
     <span class='ocr_line' id='line_1_99' title="bbox 346 5751 795 5824; baseline 0.02 -19"><span class='ocrx_word' id='word_1_661' title='bbox 346 5751 377 5805; x_wconf 87' lang='grc'><strong>6</strong></span> <span class='ocrx_word' id='word_1_662' title='bbox 450 5754 795 5824; x_wconf 84' lang='grc' dir='ltr'>Ἐπιγνωσιν.</span> 
     </span>
    </p>
   </div>
   <div class='ocr_carea' id='block_1_96' title="bbox 343 5751 795 5829">
    <p class='ocr_par' dir='ltr' id='par_1_96' title="bbox 343 5751 795 5829">
     <span class='ocr_line' id='line_1_100' title="bbox 343 5751 795 5829; baseline 0.02 -24"><span class='ocrx_word' id='word_1_663' title='bbox 343 5751 398 5824; x_wconf 89' lang='lat'>6)</span> <span class='ocrx_word' id='word_1_664' title='bbox 420 5751 795 5829; x_wconf 28' lang='grc' dir='ltr'>ΜἘπιγνῶσιν.</span> 
     </span>
    </p>
   </div>
  </div>
