3876 6220
379 329 516 386 1007
1227 326 1285 381 S.
1321 321 1690 378 ATHANASII
1733 320 1883 377 UPP.

2147 320 2236 376 ιιι.
2274 351 2343 361 -
2384 319 2800 376 EXEGETICA.
3275 285 3292 288 ”
3514 320 3660 374 mos

448 447 501 502 2.
533 445 904 516 Concupiseit,
961 452 1014 498 et
1071 442 1251 498 deﬁcit
1304 444 1484 496 anima
1539 457 1659 496 mea
1703 441 1759 495 in
1808 438 1979 502 atria.

2126 441 2174 494 2.
2235 440 2541 505 Ἐπιποθεῖ,
2600 441 2695 492 καὶ
2747 438 2990 492 ἐκλείπει
3026 441 3058 510 ἡ
3104 439 3252 512 ψυχή
3289 456 3393 512 μου
3428 439 3510 503 είς
3555 439 3657 501 τὰς

378 539 615 596 Domini.

2053 532 2223 595 αὐλὰς
2250 531 2346 586 τοῦ
2384 533 2611 604 Κυρίου.

341 651 344 654 λ
452 635 505 688 5.
539 633 648 690 Cor
677 647 857 687 meum
877 639 932 687 et
956 645 1084 688 caro
1111 645 1234 686 mea
1259 629 1672 686 exsultaverunt
1699 626 1753 682 in
1782 625 1872 682 Det

2128 625 2180 678 5.
2218 624 2280 676 Ἦ
2302 625 2499 695 καρδία
2527 641 2628 696 μου
2662 625 2760 679 καὶ
2820 625 2852 694 ἠ
2912 623 3048 696 σάρξ
3091 641 3190 694 μου
3252 624 3659 694 ¹Ιιγαλλισιὶςιιιντο

380 726 562 782 vivum

2056 716 2149 769 ἐπὶ
2171 716 2303 770 Θεὸν
2331 716 2527 780 ζῶντα.

451 819 502 873 4.
539 816 751 871 Etenim
783 831 972 885 passer
1003 812 1208 868 invenit
1231 812 1333 867 sibi
1361 812 1624 867 domum:

2127 811 2182 865 4.
2211 812 2324 864 Καὶ
2351 809 2460 880 γὰρ
2493 809 2771 880 στρουθίον
2809 802 2965 879 εὗρεν
2995 809 3173 881 ἑαυτῷ
3201 810 3399 864 οἰκίαν·

451 909 503 964 5.
541 908 608 962 Et
640 917 824 963 turtur
867 908 1053 961 nidum
1090 906 1218 970 sibi,
1252 905 1344 959 ubi
1377 912 1542 974 ponat
1579 903 1755 976 pullos
1781 914 1953 958 suos:

2128 900 2181 953 5.
2210 901 2322 953 Kal.
2353 900 2568 971 τρυγὼν
2592 899 2811 954 νοσσιὰν
2838 901 3029 971 ἑαυτῇ,
3077 893 3138 953 οὗ
3167 900 3322 972 θήσει
3356 901 3428 955 τὰ
3461 901 3655 955 νοσσία

2056 991 2277 1062 ἑαυτῆς.

445 1085 499 1140 6.
537 1084 743 1139 Altaria
775 1092 899 1149 tua,
930 1083 1160 1137 Domine
1203 1080 1502 1145 virtutum,
1550 1094 1646 1134 rex
1703 1093 1858 1134 meus
1903 1085 1958 1134 et

2128 1082 2179 1137 6.
2209 1083 2288 1136 Τά
2317 1084 2684 1157 θυσιαστήριά
2731 1105 2848 1150 σου,
2901 1086 3076 1158 Κύριε
3121 1085 3232 1139 τῶν
3268 1085 3580 1157 δυνάμεων,
3631 1089 3659 1139 5

383 1178 525 1234 Deus
551 1193 726 1232 meus.

2059 1176 2313 1248 βασιλεύς
2339 1179 2414 1248 (α)
2454 1198 2556 1250 μου
2589 1180 2682 1233 καὶ
2708 1181 2736 1232 6
2758 1181 2890 1244 Θεός
2916 1197 3038 1251 μου.

451 1271 506 1323 7.
541 1268 688 1323 Beati
719 1270 811 1338 qui
842 1267 1089 1321 habitant
1112 1269 1165 1319 in
1197 1266 1359 1319 domo
1391 1273 1480 1319 tua
1510 1285 1521 1318 :

2130 1269 2183 1322 7.
2217 1273 2493 1341 Μακάριοι
2519 1273 2566 1324 oi
2593 1273 2974 1335 κατοικοῦντες
2996 1273 3053 1325 ὲν
3081 1270 3158 1342 τῷ
3189 1271 3322 1341 οἴκῳ
3351 1287 3465 1324 σου·

451 1362 505 1417 8.
542 1359 601 1415 ln
632 1360 831 1416 saecula
859 1358 1184 1415 saeculorum
1219 1358 1518 1412 laudabunt
1546 1366 1617 1412 te.

2131 1361 2184 1416 8.
2219 1364 2314 1427 Εἰς
2340 1365 2466 1426 τοὺς
2495 1363 2695 1428 αἰῶνας
2720 1362 2824 1415 τῶν
2845 1363 3056 1418 αἰώνων
3079 1363 3348 1418 αἰνέσουσί
3377 1380 3457 1416 σε.

1006 1448 1339 1516 Diapsalma.

2665 1458 2701 1509 Δ
2710 1457 2765 1508 (ά
2775 1461 2894 1524 ἒβη-αλ
2895 1475 2999 1526 μα.

454 1546 506 1601 9.
541 1545 741 1600 Beatus
770 1542 873 1607 vir,
903 1540 991 1596 cui
1012 1549 1095 1595 est
1119 1541 1378 1595 auxilium
1407 1540 1508 1610 ipsi
1535 1540 1632 1595 abs
1661 1547 1712 1594 te
1739 1557 1752 1593 :

2128 1545 2469 1619 9.Μακάριος
2479 1548 2577 1618 divi;
2588 1539 2684 1617 ρ,ᾧ
2696 1548 2840 1599 ἐστιν
2854 1548 3133 1618 ἀντίληψις
3145 1550 3291 1620 αὐτῷ
3305 1548 3455 1620 παρὰ
3469 1548 3657 1616 σοί(ί›).

458 1638 541 1690 10.
573 1635 938 1691 Ascensiones
962 1634 1015 1687 in
1043 1633 1206 1687 corde
1235 1648 1335 1687 suo
1364 1633 1668 1702 disposuit,

2134 1639 2220 1694 10.
2262 1640 2578 1702 Ἀναϐἀσεις
2603 1642 2659 1692 ἐν
2688 1643 2752 1710 τῇ
2777 1640 2976 1710 καρδίᾳ
3007 1641 3170 1694 αὐτοῦ
3211 1641 3432 1706 διέθετο,

457 1731 542 1786 11.
579 1728 634 1781 Ιιι
669 1726 806 1782 valle
827 1725 1190 1796 lacrymarum
1219 1724 1274 1778 in
1300 1725 1443 1788 loco,
1475 1740 1638 1794 quem
1680 1722 1884 1793 posuit.

2134 1731 2220 1785 11.
2254 1733 2348 1795 Εἰς
2380 1732 2476 1802 τὴν
2506 1731 2727 1786 κοιλάδα
2783 1731 2879 1785 τοῦ
2912 1733 3285 1804 κλαυθμῶνος,
3335 1735 3414 1797 είς
3454 1732 3546 1788 τὸν
3581 1733 3657 1805 (τ)

1987 1805 2036 1866 Β
2061 1824 2248 1888 τόπον,
2280 1825 2339 1878 ὃν
2362 1825 2534 1879 ἔθετο.

456 1911 542 1968 12.
578 1907 790 1962 Etenim
815 1906 1245 1962 benedictionem
1281 1905 1430 1961 dabit
1455 1906 1775 1977 legislator:

2132 1915 2221 1969 12.
2244 1916 2354 1968 Καὶ
2379 1916 2486 1990 γὰρ
2511 1916 2757 1985 εὐλογίας
2804 1917 2965 1972 δώσει
2987 1921 3015 1971 6
3041 1916 3365 1988 νομοθετῶν.

460 2003 547 2057 15.
576 2001 737 2055 Ibunt
762 1999 830 2054 de
852 1999 1052 2054 virtute
1074 1999 1130 2052 in
1158 1998 1416 2053 virtutem
1445 2015 1458 2052 :

2135 2009 2220 2062 15.
2259 2009 2623 2080 Πορεύσονται
2654 2013 2717 2064 ἐκ
2743 2012 3025 2081 δυνάμεως
3060 2014 3139 2074 εἰς
3165 2011 3412 2080 δύναμιν·

454 2095 543 2149 14.
580 2091 866 2146 Videbitur
895 2091 1041 2146 Deus
1067 2092 1299 2146 deorum
1335 2091 1388 2145 in
1426 2089 1582 2145 Sion.

2139 2101 2223 2153 14.
2271 2103 2595 2173 Ὀςροήσεται
2621 2108 2648 2157 ὁ
2671 2105 2803 2167 Θεὸς·
2829 2104 2936 2157 τῶν
2974 2105 3112 2158 θεῶν
3149 2107 3204 2156 ὲν
3239 2103 3395 2156 Σιών.

457 2188 544 2268 15.
583 2184 811 2240 Domine
869 2183 1010 2240 Deus
1062 2185 1364 2251 virtutum,
1417 2184 1614 2241 exaudi
1657 2183 1964 2240 orationem

2137 2195 2223 2248 15.
2257 2195 2430 2266 Κύριε
2455 2200 2482 2250 6
2515 2198 2648 2261 Θεὸς
2670 2198 2778 2251 τῶν
2837 2199 3140 2269 δυνάμεων,
3191 2183 3504 2252 είσάκὸυσον
3550 2197 3656 2266 τῆς

386 2297 564 2340 meam
600 2301 612 2335 :

2065 2288 2375 2358 προσευχῆς
2407 2307 2528 2359 μου·

1014 2371 1352 2441 Diapsaima.

2676 2381 3009 2449 Διάψαλμα.

463 2467 547 2524 16.
579 2466 818 2521 Auribus
847 2463 1084 2535 percipe,
1126 2461 1271 2518 Deus
1302 2462 1493 2520 Jacnh.

2137 2470 2223 2523 16.
2263 2471 2569 2540 Ἐνώτισαι,
2592 2473 2621 2525 6
2656 2473 2787 2536 Θεὸς
2825 2472 3037 2526 Ἰακὼϐ.

459 2559 546 2614 17.
581 2557 867 2614 Protector
895 2563 1080 2610 noster
1109 2555 1313 2625 aSpice,
1355 2553 1501 2610 Deus
1527 2574 1541 2609 :

2141 2561 2228 2616 17.
2277 2563 2689 2636 ’Υπερασπιστὰ
2713 2564 2891 2636 ἡμῶν,
2927 2565 3023 2630 ἴδε,
3053 2567 3081 2617 6
3110 2565 3260 2629 Θεός·

460 2693 535 2772 (ᾳ)
572 2692 727 2772 Ygrs.
764 2693 818 2746 7.
860 2691 921 2772 ’Θ
946 2689 1196 2772 βασιλεύς
1239 2701 1503 2772 pontem.
1633 2691 1684 2745 8.
1717 2689 1991 2772 μακάριοι

963 2689 1196 2772 ιασιλεύς
1239 2701 1503 2772 pontem.
1633 2691 1684 2745 8.
1717 2689 2002 2772 μακάριοι
2033 2692 2237 2759 πάντες
2260 2700 2354 2772 -οί,
2387 2706 2494 2755 etc.

459 2756 644 2907 (1)ξοῦ
697 2765 844 2817 ἔστιν
900 2756 1181 2830 ἀντίληψις
1230 2756 1393 2816 αὐτοῦ
1442 2762 1593 2833 παρὰ
1650 2761 1763 2816 σοῦ.
1796 2767 1865 2815 At
1897 2756 1990 2814 in!

463 2835 511 2907 (c
555 2835 657 2888 Τόν
697 2834 864 2890 deest.

758 2780 844 2815 τιν
900 2756 1181 2830 ἀντίληψις
1230 2756 1393 2816 αὐτοῦ
1442 2762 1593 2833 παρὰ
1650 2761 1763 2816 σοῦ.
1796 2767 1865 2815 At
1897 2756 1953 2814 in
1983 2777 2155 2836 marg.
2189 2756 2289 2822 σοί.

758 2840 864 2889 ιθεί.

1522 2917 1892 2974 ATHANASII
1935 2917 2522 2978 INTERPRETATIU.

461 3045 516 3100 2.
549 3043 715 3114 Cupio
745 3041 996 3108 dissolvi,
1027 3049 1077 3093 et
1106 3054 1215 3093 esse
1249 3054 1365 3092 cum
1403 3036 1612 3092 Christo
1643 3040 1684 3091 ³.

2141 3038 2196 3092 2.
2235 3035 2530 3091 Ἐπιποθῶ
2563 3034 2894 3102 ἀναλῦσαι,
2928 3037 3026 3091 καί
3059 3037 3182 3092 σὺν
3212 3038 3448 3107 Χριστῷ
3475 3041 3655 3097 εἶναι.

463 3136 517 3190 5.
550 3133 686 3190 Tota
715 3134 918 3197 anima,
948 3140 1002 3187 et
1027 3145 1255 3200 corpore
1284 3129 1340 3183 in
1375 3129 1482 3184 Deo
1509 3129 1768 3185 inhazreo.

2141 3131 2194 3186 5.
2231 3129 2406 3190 ’Όλως
2428 3129 2492 3198 τῇ
2530 3127 2674 3200 ψυχῇ
2702 3129 2795 3182 καὶ¹
2821 3128 2898 3200 τῷ
2923 3128 3135 3202 σώματι
3179 3132 3511 3204 πρόσκειμαι
3563 3138 3660 3190 ἐπὶ

2070 3222 2162 3275 τὸν
2183 3220 2336 3274 Θεόν.

465 3311 518 3366 4.
548 3309 738 3366 Omnis
786 3309 968 3364 anima
1012 3317 1328 3364 sanctorum
1353 3307 1496 3377 apud
1527 3307 1696 3361 Deum
1726 3306 1969 3378 requiem

2140 3313 2194 3367 4.
2220 3313 2377 3366 Πᾶσα
2397 3311 2543 3385 ψυχὴ
2570 3312 2739 3382 ἁγίων
2767 3313 2878 3384 ἔχει
2901 3314 3207 3368 ἀνάπαυσιν
3235 3316 3387 3388 παρὰ
3415 3318 3494 3389 τῷ
3513 3319 3657 3390 Θεῷ.

393 3403 577 3458 habet.

467 3497 519 3550 5.
555 3494 622 3550 Et
645 3492 818 3548 Filius
847 3490 942 3547 Dei
969 3489 1132 3545 habet
1166 3501 1359 3544 rursus
1392 3486 1486 3543 ubi
1530 3489 1779 3546 habitare
1807 3489 1970 3547 faciat

2139 3488 2190 3541 5.
2229 3487 2339 3540 Καὶ
2359 3489 2387 3540 6
2414 3485 2540 3549 Υἱὸς
2561 3485 2655 3539 τοῦ
2688 3487 2822 3539 Θεοῦ
2854 3487 2964 3558 ἔχει
2995 3490 3157 3544 πάλιν
3185 3493 3319 3546 ὅπου
3352 3494 3428 3566 (1)
3469 3514 3661 3550 κατοι-

395 3595 613 3643 sanctos
648 3597 800 3639 SUOS.-

2069 3580 2227 3650 κήσει
2252 3579 2377 3642 τοὺς
2403 3578 2589 3646 ἁγίους
2618 3579 2803 3636 αὐτοῦ.

465 3676 518 3734 6.
553 3673 734 3732 Corda
765 3681 1083 3729 sanctorum
1132 3676 1350 3724 tuorum
1377 3707 1392 3732 ,
1441 3682 1677 3740 regnans
1711 3676 1766 3724 et
1794 3670 1970 3726 domi-

2140 3672 2192 3726 6.
2225 3671 2292 3724 Ai
2322 3673 2542 3742 καρδίαι
2573 3671 2680 3724 τῶν
2713 3671 2884 3740 ἁγίων
2912 3690 3006 3727 σου
3033 3675 3130 3746 (2-),
3165 3677 3194 3729 6
3225 3676 3524 3747 βασιλεύων
3555 3680 3662 3752 (5),

396 3786 536 3828 nans
564 3771 621 3826 in
653 3782 762 3823 me.-

2071 3764 2165 3816 καὶ
2197 3765 2224 3816 6
2251 3763 2527 3828 δεσπόζων
2553 3781 2674 3834 μου.

470 3863 524 3918 7.
564 3863 624 3916 In
657 3873 892 3930 superna
937 3853 1261 3912 Jerusalem.

2141 3853 2194 3905 7.
2228 3854 2320 3917 Εἰς
2353 3853 2466 3907 ἄνω
2493 3853 2868 3928 Ἰερουσαλήμ.

464 3955 519 4009 8.
551 3952 914 4007 Incessanter.

2143 3945 2195 3999 8.
2241 3945 2720 4010 Ἀκαταπαύστως.

465 4048 519 4102 9.
553 4045 611 4100 Ιιι
639 4058 749 4115 quo
775 4039 1100 4097 inhabitavit
1129 4039 1302 4109 gratia
1329 4049 1443 4093 tua.

2143 4034 2194 4089 9.
2223 4035 2317 4097 Είς
2338 4034 2396 4087 ὃν
2436 4037 2814 4105 ἐπεσκήνωσεν
2844 4039 2876 4106 ἡ
2922 4037 3080 4109 χάρις
3116 4055 3229 4095 σου.

469 4139 558 4194 10.
594 4136 851 4193 Ctelestia
878 4133 1099 4204 cogitat,
1127 4139 1182 4186 et
1205 4140 1484 4200 operatur.

2142 4125 2228 4179 10.
2255 4127 2336 4180 Τὰ
2368 4128 2666 4198 ἐπουράνια
2700 4131 2906 4199 φρονεῖ,
2940 4129 3031 4182 καὶ
3074 4131 3430 4187 πολιτεύεται.

469 4233 558 4286 11.
592 4229 902 4285 Humilians
944 4229 1039 4294 sei,
1081 4233 1136 4282 et
1171 4225 1396 4295 plorans
1440 4221 1603 4280 corde
1643 4237 1750 4278 suo
1794 4222 1968 4277 inhae-

2144 4220 2231 4273 11.
2267 4220 2568 4286 Ταπεινῶν,
2603 4222 2697 4274 καὶ
2723 4221 2799 4292 (εί)
2831 4223 3041 4276 πενθῶν
3069 4226 3126 4275 ἐν
3159 4228 3224 4295 τῇ
3262 4227 3457 4300 καρδίᾳ
3489 4231 3659 4286 αὐτοῦ

327 4313 336 4323 ”
396 4333 550 4383 rente
589 4321 707 4378 tibi.

2071 4313 2137 4380 τῇ
2167 4310 2502 4382 ἀνακειμένη
2527 4327 2629 4369 σοι.

1098 4408 1106 4420 Ι
1146 4409 1181 4424 ι-
1222 4407 1479 4424 ἈκαοηηΑ
1566 4404 1743 4424 ἰῒκκιιε
1826 4406 1940 4424 ιη--
1994 4363 2048 4424 D
2151 4403 2212 4424 Δ.)
2279 4402 2369 4424 ἽῘ).
2405 4406 2462 4424 -2
2521 4401 2624 4424 ΩΑ--

469 4416 558 4470 12.
593 4416 650 4469 In
680 4426 850 4482 regno
878 4425 1017 4474 suo,
1055 4408 1188 4465 dicit
1222 4407 1521 4463 Dominus:
1566 4404 1776 4471 Venite,
1821 4406 1971 4458 bene-
1999 4415 2000 4420 ‘

2148 4403 2234 4456 1‘2.
2279 4402 2369 4456 Ἐν
2401 4406 2467 4474 τῇ
2521 4401 2766 4475 βασιλείᾳ
2796 4405 2973 4458 αὐτῶν
3032 4407 3106 4477 (5)
3161 4407 3308 4477 λέγει
3364 4413 3392 4463 6
3427 4412 3654 4484 Κύριος·

397 4509 529 4564 dicti
557 4505 734 4561 Patris
763 4505 886 4571 mei,
916 4501 1134 4571 accipite
1158 4509 1406 4570 paratum
1444 4497 1585 4552 vobis
1613 4513 1828 4568 regnum
1854 4497 1892 4550 ³.

2126 4496 2266 4559 εῦτε,
2302 4498 2357 4549 oi
2378 4496 2771 4566 εὐλογημένοι
2809 4497 2915 4551 τοῦ
2966 4501 3196 4568 Πατρός
3236 4520 3375 4571 μου,
3426 4505 3657 4561 ἀπολά·

2070 4591 2198 4642 ϐετε
2229 4588 2342 4655 τὴν
2374 4587 2827 4657 ἡτοιμασμένην
2840 4589 2982 4656 ὑμῖν
3000 4591 3349 4654 βασιλείαν.

467 4683 556 4739 15.
587 4683 744 4738 ibunt
768 4696 834 4737 ex
857 4679 1054 4751 gratia,
1081 4693 1203 4750 quae
1228 4676 1319 4731 hic
1342 4684 1427 4732 est
1464 4675 1519 4730 in
1551 4675 1708 4746 ipsis,
1742 4674 1796 4728 in
1823 4675 1970 4728 lutu-

2139 4678 2226 4734 15.
2257 4678 2623 4750 Πορεύσονται
2654 4681 2718 4732 ὲκ
2740 4679 2840 4748 τῆς
2864 4681 3082 4751 χάριτος
3133 4683 3230 4754 τῆς
3267 4685 3433 4758 οὔσης
3464 4689 3522 4742 ἐν
3553 4690 3658 4743 αὖ-

396 4791 515 4832 ram
543 4776 728 4830 vitam.

2066 4769 2177 4831 τοῖς
2206 4767 2441 4820 ἐνταῦθα
2470 4769 2548 4832 εἰς
2570 4769 2669 4839 τὴν
2704 4768 2998 4840 μέλλουσαν
3032 4772 3194 4844 ζωήν.

469 4868 557 4922 14.
597 4866 875 4922 Videbitur
924 4864 1018 4919 Dei
1063 4863 1236 4918 Filius
1263 4861 1404 4918 Deus
1432 4861 1680 4928 deorum,
1707 4863 1798 4932 qui
1831 4861 1964 4916 tales

2144 4860 2233 4915 14.
2275 4860 2636 4932 Ὀραθήσεται
2665 4862 2692 4913 6
2714 4861 2843 4925 Υἱὸς
2864 4863 2956 4915 τοῦ
2981 4863 3117 4916 Θεοῦ
3147 4865 3222 4938 (6)
3252 4868 3360 4922 τῶν
3389 4871 3534 4926 κατά
3561 4873 3659 4944 χά..

397 4954 573 5026 gratia
603 4961 748 5019 sunt,
771 4953 827 5006 in
857 4951 1091 5007 adventu
1123 4965 1245 5006 suo.

2070 4969 2152 5024 ριν
2176 4951 2312 5004 θεῶν
2347 4954 2402 5003 ἐν
2429 4955 2493 5022 τῇ
2523 4952 2795 5023 παρουσίᾳ
2819 4953 3005 5006 αὐτοῦ.

469 5046 560 5105 15.
589 5045 757 5117 imple
780 5044 1063 5116 petitiones
1099 5057 1270 5098 meas.

2138 5043 2226 5098 15.
2253 5043 2543 5115 Πλήρωσον
2569 5044 2636 5097 τὰ
2665 5047 2786 5116 αἰτή
2796 5047 2938 5116 ματά
2963 5064 3084 5117 μου.

468 5139 556 5195 16.
593 5139 766 5203 Audi,
791 5136 934 5192 Deus
955 5133 1141 5190 J—acob.

2139 5134 2225 5187 16.
2255 5136 2536 5201 Ἀκουσον,
2571 5137 2600 5188 6
2636 5137 2767 5199 Θεὸς
2805 5137 3016 5192 Ἰακώϐ.

467 5235 555 5290 17.
592 5230 841 5294 Attende,
877 5228 1040 5283 Deus.

2142 5228 2228 5281 17.
2259 5228 2523 5299 Πρόσχες,
2565 5232 2593 5281 6
2623 5230 2775 5294 Θεὸς.

467 5328 490 5360 ²
516 5323 751 5394 Philipp.
786 5337 822 5387 ι,
844 5319 934 5373 25.
1014 5318 1033 5348 ³
1063 5315 1249 5370 Matth.
1289 5329 1416 5378 xxv,
1448 5313 1537 5369 54.

1348 5430 1657 5493 Addenda
1686 5441 1747 5495 et
1785 5434 2164 5515 corrigenda
2212 5453 2290 5497 ex
2321 5435 2460 5497 cod.
2499 5436 2702 5497 Vatic.

470 5568 548 5631 (1)
571 5567 752 5631 Πόλιν,
787 5561 890 5618 ποῦ
923 5570 1049 5624 etc.,
1081 5557 1245 5612 αὑτοῦ
1273 5555 1442 5614 deest.

2147 5564 2224 5628 (4i
2247 5561 2533 5631 Ταπεινῶν
2570 5562 2780 5626 ἑαυτὸν,
2805 5560 2919 5627 καὶ,
2949 5572 3052 5620 etc.

470 5569 518 5630 (1
571 5568 752 5631 Πόλιν,
787 5568 890 5618 ποῦ
923 5570 1049 5624 etc.,
1081 5568 1245 5612 αὐτου
1273 5568 1442 5614 deest.

469 5568 1073 5712 (2i¥9v_n0.nlssitt"-.
1445 5701 1456 5712 .
1564 5711 1569 5712 ,
1670 5703 1690 5712 1
1786 5705 1814 5712 ..
1875 5705 1934 5712 __

2147 5568 2224 5628 (4i
2247 5568 2533 5615 Ταπεινῶν
2570 5568 2780 5626 ἑαυτὸν,
2805 5568 2919 5627 καὶ,
2949 5572 3053 5620 etc.

2130 5633 2227 5712 _(5)
2275 5630 2471 5698 Αὐτοῦ,
2519 5641 2655 5696 etc.,
2695 5633 2968 5704 βασιλείαν
3031 5634 3138 5708 πρὸ
3199 5638 3506 5712 καταϐολῆς
3558 5641 3661 5697 τοῦ

469 5701 644 5780 (‘5')7N.
680 5707 736 5762 7.
772 5707 830 5759 ὐ
860 5701 1156 5774 βασιλεύων
1194 5713 1318 5768 μου,
1373 5701 1489 5767 καὶ,
1524 5711 1628 5758 etc.
1669 5703 1732 5758 Ν.
1784 5705 1836 5758 8.
1875 5705 1970 5768 Ei;

772 5707 830 5759 ὐ
860 5701 1156 5774 βασιλεύων
1194 5713 1318 5768 μου,
1373 5701 1489 5767 καὶ,
1524 5711 1628 5758 etc.
1669 5703 1732 5758 Ν.
1784 5705 1836 5758 8.
1875 5705 1970 5768 Ei;
2080 5701 2303 5780 κόσμου..

469 5721 546 5780 (5)
579 5721 644 5760 Ν.
680 5721 736 5762 '1.
773 5721 830 5759 ‘U
860 5721 1156 5774 ρασιλευων
1194 5721 1318 5768 μου,
1373 5721 1489 5767 και,
1524 5721 1628 5758 etc.
1669 5721 1732 5758 ιν.
1784 5721 1836 5758 δ.
1877 5721 1970 5768 tu;
2080 5721 2304 5826 xoagou.

397 5776 495 5848 τὴν
535 5779 666 5835 ἄνω.
2159 5779 2176 5842 (
2217 5778 2232 5841 )
2282 5774 2339 5828 Ὀ
2365 5773 2516 5842 Θεός,
2546 5782 2651 5830 etc.
