3876 6220
1010 232 1034 267 1

212 295 359 351 1009
1072 298 1160 353 DE
1199 301 1477 359 TITULIS
1517 306 1743 361 PSALM

1941 308 1970 363 l.
2014 339 2081 349 —
2121 308 2316 373 PSAL.
2352 306 2634 367 LXXXIV.
3336 317 3472 375 1010

294 411 380 467 18.
414 412 524 465 Καὶ
554 412 627 483 (a)
657 412 942 483 ἐπίδλεψον
990 417 1068 478 εἰς
1111 418 1171 471 τὸ
1226 420 1514 491 πρόσωπον
1546 422 1636 475 τοῦ
1666 425 1799 494 Χρι-

1546 422 1636 475 τοῦ
1666 425 1799 494 Χρι-
1828 433 1875 487 Α
1974 424 2058 478 18.
2098 425 2164 479 Et
2193 427 2403 496 respice
2428 426 2485 481 in
2515 427 2709 483 faciem
2733 426 2936 484 Christi
2966 429 3062 483 tui.

213 521 352 560 στου
389 523 503 559 σου.

296 597 381 652 19.
408 598 529 650 Ὅτι
573 599 840 669 κρείσσων
870 601 1053 673 ἡμέρα
1107 603 1203 673 μία
1237 605 1295 658 ὲν
1318 607 1439 669 ταῖς
1489 607 1677 672 αὐλαῖς
1712 626 1803 662 σου

1980 604 2067 658 19.
2105 604 2243 677 Quia
2274 606 2469 660 melior
2491 616 2577 661 est
2596 606 2712 663 dies
2738 623 2845 661 una
2872 606 2925 661 in
2969 607 3124 665 atriis
3158 610 3287 674 tuis,
3317 625 3481 681 super

214 686 365 759 ὑπὲρ
388 689 650 759 χιλιάδας.

587 708 650 753 ις.
1908 695 2077 749 millia
2107 716 2118 749 :

294 780 383 835 20.
419 781 776 854 Ἐξελεξάμην
815 787 1311 856 παραῤῥιπτεῖσθαι
1340 790 1396 843 ἐν
1418 789 1496 861 τῷ
1529 792 1661 862 οἴκῳ
1715 792 1808 845 τοῦ

1983 787 2075 843 20.
2108 786 2257 857 Elegi
2298 789 2542 858 abjectus
2585 806 2707 849 esse
2739 791 2793 844 in
2822 790 2986 847 domo
3019 793 3113 849 Dei
3148 795 3255 849 mei
3286 794 3479 866 magis,

218 870 360 924 Θεοῦ
394 889 494 942 μου
546 872 834 945 μᾶλλον,ἥ
897 876 971 946 (b)
1022 880 1189 930 οἰκεῖν
1238 898 1304 949 με
1352 884 1408 935 ὲν
1459 882 1749 955 σκηνώμαο

1701 902 1810 938 mw
1914 895 2077 934 uuam
2112 880 2358 937 habitare
2389 882 2441 935 in
2474 882 2842 938 tabernaculis
2861 894 3232 951 peccatorum.

223 965 590 1035 ἁμαρτωλῶν.

299 1057 387 1111 21.
421 1059 541 1111 Ὅτι
566 1057 713 1123 ἕλεος
738 1062 830 1113 καὶ
856 1061 1112 1133 ἀλήθειαν
1144 1065 1336 1137 ἀγαπᾷ
1361 1067 1565 1138 Κύριος
1596 1069 1623 1119 ὁ
1653 1068 1807 1131 Θεὸς,

1985 1058 2074 1112 21.
2112 1058 2249 1133 Quia
2281 1058 2716 1116 misericordiam
2754 1072 2807 1116 et
2856 1062 3139 1117 veritatem
3171 1062 3347 1133 diligit
3381 1061 3485 1117 Do-

1915 1150 2097 1204 minus
2128 1149 2271 1204 Deus

300 1238 391 1292 22.
413 1240 586 1310 Χάριν
618 1240 887 1306 καὶδόξαν
918 1242 1102 1297 δώσει.

1984 1239 2075 1294 22.
2108 1238 2347 1295 Gratiam
2384 1247 2435 1294 et
2461 1241 2686 1313 gloriam
2720 1242 2890 1296 dabit.

304 1330 395 1385 25.
414 1331 615 1404 Κύριος
640 1335 699 1385 ού
723 1337 973 1404 στεοήσει
1003 1336 1069 1389 τὰ
1097 1337 1283 1405 ἀγαθὰ·
1298 1340 1408 1402 τοῖς
1434 1338 1817 1410 πορευομένοις

1986 1330 2077 1385 25.
2114 1332 2379 1387 Dominus
2416 1350 2524 1388 non
2556 1335 2791 1405 privabit
2826 1336 2989 1390 bonis
3025 1350 3142 1401 eos,
3172 1336 3265 1407 qui
3291 1336 3488 1392 ambu—

226 1421 289 1471 ὲν
321 1421 543 1492 ἀκακία.

1918 1418 2032 1473 lant
2056 1421 2108 1472 in
2142 1420 2472 1477 innocentia.

310 1512 398 1565 24.
429 1514 600 1583 Κύριε
629 1516 656 1567 ὁ
682 1514 812 1580 Θεὸς
836 1517 945 1570 τῶν
983 1517 1283 1587 δυνάμεων,
1318 1519 1583 1590 μακάριος
1606 1519 1817 1591 ἄνθρω-

1988 1509 2078 1563 24.
2110 1510 2343 1565 Domine
2403 1513 2547 1567 Deus
2567 1511 2827 1567 virtutum
2859 1553 2871 1577 ,
2920 1514 3112 1569 beatus
3159 1514 3357 1581 homo,
3394 1513 3488 1584 qui

226 1620 338 1667 πος
359 1605 387 1658 ὁ
414 1604 645 1669 ἐλπίζων
679 1608 772 1660 ἐπὶ
804 1609 882 1660 σέ.

758 1610 772 1660 ί
804 1609 882 1660 σε.
1921 1611 2102 1673 sperat
2130 1604 2183 1656 in
2219 1610 2289 1657 te.

337 1719 441 1781 Εὶς
462 1715 529 1769 τὸ
560 1716 755 1787 τέλος.
788 1718 911 1784 τοῖς
936 1719 1088 1785 υἱοῖς
1113 1720 1285 1788 Κορέ.
1320 1722 1552 1776 ΨΑΛΜ.
1588 1724 1716 1777 ΠΔ¹.

2083 1713 2145 1767 In
2180 1716 2356 1784 ﬁnem,
2389 1716 2517 1786 ﬁliis
2542 1715 2692 1771 Core.
2727 1717 2988 1773 PSALJI.
3021 1718 3333 1774 LXXXIV.

313 1807 363 1859 1.
396 1807 730 1879 Εὑδόκησας,
769 1809 963 1881 Κύριε,
998 1811 1096 1882 τὴν
1130 1812 1234 1882 γῆν
1265 1829 1390 1866 σουο

1849 1791 1894 1846 Β
1992 1806 2043 1860 1.
2076 1805 2429 1870 Benedixisti,
2459 1806 2934 1873 Domine,terram
2961 1819 3107 1863 tuam
3141 1827 3153 1862 :
3254 1850 3258 1855 .

312 1899 363 1951 2.
414 1900 785 1971 Ἀπέστρεψας
813 1902 912 1973 τὴν
938 1903 1310 1973 αἰχμαλωσίαν
1350 1904 1565 1958 Ἰακώ6.

1397 1904 1565 1958 ακώὸ.
1986 1899 2039 1951 2.
2074 1898 2329 1952 Avertisti
2358 1899 2721 1967 captivitatem
2744 1897 2928 1953 Jacob.

310 1992 363 2044 '5.
410 1990 654 2061 Ἀφῆκας
682 1992 781 2056 τὰς
810 1994 1037 2064 ἀνομίας
1060 1993 1138 2064 τῷ
1162 1994 1277 2065 λαῷ
1308 2012 1402 2047 σου
1420 2012 1435 2028 ο

1994 1992 2046 2047 5.
2078 1990 2354 2049 Remisisti
2380 1991 2694 2060 iniquitates
2716 1990 2856 2059 plebi
2891 2002 2996 2046 tuae
3022 2010 3036 2046 :

321 2083 375 2136 4.
418 2084 725 2154 Ἐκὰλυψας
746 2087 926 2149 πάσας
956 2084 1053 2150 τὰς
1079 2087 1352 2158 ἁμαρτίας
1376 2086 1574 2141 αὐτῶν.

1560 2126 1574 2141 .
1994 2084 2047 2137 4.
2080 2083 2353 2152 Operuisti
2387 2084 2570 2137 omnia
2607 2094 2826 2153 peccata
2861 2100 3074 2140 eorum.

317 2173 369 2227 5.
402 2174 770 2240 Κατέπαυσας
794 2178 974 2229 πᾶσαν
1007 2176 1111 2244 τὴν,
1136 2176 1303 2245 ὀργήν
1327 2193 1418 2229 σου
1438 2194 1451 2206 θ

2005 2174 2353 2246 5._Mitigasti
2387 2191 2606 2233 omnem
2637 2176 2774 2238 iram
2812 2185 2958 2231 tuam
2987 2195 2997 2207 -

318 2288 394 2359 (a)
418 2290 535 2359 Καὶ
562 2305 667 2344 non
701 2290 913 2357 legitur.

323 2358 394 2429 (ὁ)
418 2358 569 2414 Veis.
589 2361 677 2415 21.
701 2362 771 2414 Ἢ
784 2364 970 2429 οἰκεῖν,
988 2371 1093 2418 etc.
1109 2359 1263 2417 Vers.
1282 2360 1501 2415 22.”Οτι
1524 2360 1690 2425 ἔλεος,
1716 2369 1822 2416 etc.

1373 2463 1753 2521 ATHANASll
1792 2461 2377 2520 INTERPRETATIO.

328 2554 409 2608 18.
459 2556 771 2611 Ἀντιλαδοῦ
808 2559 884 2629 (1)
910 2561 1019 2613 τῶν
1047 2561 1215 2630 ἁγίων
1251 2580 1366 2617 σου.

1251 2580 1366 2617 σου.
1926 2590 1945 2629 ι
1996 2561 2083 2617 18.
2124 2561 2352 2631 Suspice
2381 2570 2600 2617 sanctos
2626 2570 2766 2617 tuos.

323 2647 408 2699 19.
449 2647 571 2700 Ὅτι
596 2646 778 2718 μεῖζον
806 2651 866 2703 τὸ
895 2652 1060 2705 ἀΐδιον
1118 2652 1234 2722 φῶς
1286 2655 1385 2725 τῆς
1421 2655 1694 2725 βασιλείας
1735 2672 1828 2708 σου

2004 2653 2088 2709 19.
2124 2654 2261 2721 Quia
2292 2654 2482 2708 melior
2508 2663 2595 2709 est
2623 2664 2825 2709 aeterna
2874 2654 2966 2709 lux
3014 2655 3167 2725 regni
3211 2655 3287 2709 tui
3337 2670 3499 2726 super

244 2735 392 2807 ὑπὲρ
425 2736 523 2800 τὰς
564 2731 624 2803 ἒξ
652 2740 896 2809 χιλιάδας
941 2743 1050 2796 τῶν
1079 2745 1336 2801 ἐνιαυτῶν
1368 2747 1461 2799 τοῦ
1492 2748 1585 2801 νῦν
1612 2747 1775 2800 αἱῶνο

1685 2747 1827 2808 ὒνος.
1929 2764 2025 2805 sex
2056 2748 2224 2802 millia
2256 2762 2525 2802 annorum
2559 2749 2845 2817 praesentis
2885 2748 3067 2802 saeculi
3098 2748 3216 2817 (a).

327 2829 414 2884 20.
457 2831 954 2904 Συγκακουχεῖσθαι
988 2836 1065 2907 τῷ
1094 2837 1206 2909 λαῷ
1255 2838 1349 2892 τοῦ
1382 2834 1457 2911 (2)
1501 2839 1657 2903 Θεοῦ,
1697 2838 1833 2911 (5)ἢ

1999 2840 2089 2896 20.
2126 2839 2316 2894 Potius
2347 2839 2533 2894 vexari
2563 2856 2685 2894 cum
2721 2841 2922 2909 populo
2954 2839 3065 2904 Dei,
3096 2853 3260 2909 quam
3289 2847 3500 2908 tempo-

248 2923 589 2994 πρόσκαιρον
606 2924 749 2995 ἔχειν
764 2927 1036 3000 ἁμαρτίας
1052 2930 1348 2984 ἀπόλαυσιν
1364 2933 1422 2985 ὲν
1437 2934 1547 2995 τοῖς
1559 2931 1779 2985 πλουσίο

1971 2934 2079 2987 aria
2106 2933 2387 3002 voluptate
2427 2933 2635 3001 peccati
2678 2931 2787 2985 frui
2829 2932 2969 2985 inter
2989 2930 3184 2985 divites
3218 2932 3502 3001 praesentis

246 3012 347 3066 τοῦ
372 3013 463 3066 νῦν
485 3015 678 3079 αἰῶνος
694 3020 807 3080 τοῖς
824 3019 897 3089 μὴ
915 3020 1126 3074 ποιοῦσι
1143 3022 1210 3075 τὰ
1227 3022 1506 3093 θελήματα
1526 3022 1619 3076 τοῦ
1642 3022 1777 3076 Θεοῦ

1592 3022 1619 3075 ὖ
1642 3022 1801 3078 Θεοῦ.
1863 3012 1907 3024 “
1935 3023 2140 3085 saeculi,
2171 3022 2264 3092 qui
2297 3036 2407 3075 non
2437 3020 2643 3077 faciunt
2676 3022 2769 3075 Dei
2795 3022 3123 3075 voluntates.

326 3104 415 3157 21.
439 3106 563 3159 Ὅτι
593 3109 658 3178 τῇ
695 3108 1033 3184 ἐλεημοσύνη
1070 3113 1165 3166 καὶ
1198 3115 1376 3168 πίστει
1412 3117 1838 3188 εὐαρεστεῖταιὸ

2004 3115 2094 3171 21.
2130 3112 2403 3178 Quoniam
2455 3112 2871 3177 misericordia,
2928 3121 2983 3167 et
3044 3110 3151 3167 ﬁde
3206 3110 3505 3167 delectatur-

248 3197 406 3259 Θεός.

1932 3204 2094 3259 Deus.

331 3287 417 3341 22.
454 3289 543 3343 Ἐν
601 3290 677 3362 τῷ
710 3292 802 3351 νῦν
846 3293 1000 3348 αἰῶνι
1033 3288 1145 3359 τοῖς
1195 3298 1406 3352 ποιοῦσι
1464 3300 1633 3353 ταῦτα
1676 3299 1835 3354 δώσει

2002 3294 2092 3347 22.
2125 3293 2251 3350 Haec
2280 3292 2613 3349 facientibus
2642 3292 2695 3345 in
2724 3292 2827 3347 hoc
2851 3292 3052 3347 saeculo
3081 3292 3231 3349 dabit
3252 3292 3503 3363 gratiam,

250 3381 436 3451 χάριν,
460 3384 552 3434 καὶ
574 3384 631 3436 ἐν
653 3384 727 3454 τῷ
756 3384 998 3455 μέλλοντι
1023 3387 1233 3452 δοξάσει
1265 3390 1477 3453 αὐτούς.

1265 3390 1477 3453 αὐτούς.
1937 3398 1991 3442 et
2018 3388 2069 3440 in
2100 3387 2282 3443 futuro
2308 3387 2632 3458 gloriﬁcabit
2650 3401 2764 3440 eos.

328 3472 417 3525 25.
446 3475 519 3526 Οὐ
552 3473 658 3546 γὰρ
684 3477 935 3547 στερήσει
970 3479 1039 3533 τὰ
1064 3480 1323 3549 μέλλοντα
1353 3482 1533 3551 ἀγαθὰ
1563 3483 1687 3546 τοὺς
1730 3498 1833 3552 μη-

2010 3480 2099 3533 25.
2132 3477 2250 3533 Non
2277 3479 2421 3534 enim
2446 3479 2682 3548 privabit
2705 3477 2903 3532 futuris
2928 3476 3089 3533 bonis
3104 3491 3229 3543 eos,
3257 3474 3350 3545 qui
3373 3472 3511 3528 nihil

251 3565 347 3618 δὲν
376 3566 606 3636 πονηρὸν
636 3568 939 3633 ποιοῦντας.

1942 3572 2247 3639 improbum
2280 3571 2505 3627 faciunt.

328 3656 417 3712 24.
455 3659 515 3711 '0
544 3659 811 3713 πιστεύων
844 3663 924 3725 εἰς
944 3661 1026 3715 σέ.

2011 3663 2098 3715 24.
2136 3662 2239 3729 Qui
2272 3663 2328 3717 in
2353 3673 2403 3717 te
2423 3663 2612 3717 credit.

348 3774 411 3828 Ἡ
437 3774 771 3845 προκειμένη
798 3773 1078 3845 ἐπιγραφὴ
1105 3774 1347 3845 περιέχει
1389 3773 1465 3844 (4)
1493 3790 1509 3805 ⁸
1537 3777 1640 3842 Εἰς
1665 3777 1731 3829 τὸ
1762 3777 1954 3842 τέλος,
1982 3777 2107 3842 τοῖς
2128 3776 2281 3843 υἱοῖς
2314 3776 2466 3845 Κορὲ
2504 3774 2747 3844 ψαλμὸς
2766 3813 2780 3835 ,
2825 3773 2961 3843 ὅπερ
2998 3770 3361 3843 ἑρμηνεύεται
3388 3770 3512 3836 τοῖς

254 3867 411 3932 υἱοῖς
438 3867 548 3935 τῆς
570 3858 876 3935 ἁμαρτίας.
903 3864 1046 3936 Κορὲ
1078 3865 1184 3936 γὰρ
1208 3865 1483 3938 ἀντιλογία
1505 3868 1768 3935 σχεήσατο
1807 3866 2104 3939 [ὲσχίσατο]
2141 3868 2215 3938 (5)
2250 3868 2386 3937 πρὸς
2416 3866 2508 3919 τὸν
2539 3866 2689 3919 Θεόν.
2723 3862 2931 3917 Οὐκοῦν
2970 3865 3080 3926 τοῖς
3114 3864 3247 3925 υἱοῖς
3276 3862 3374 3931 τῆς
3414 3862 3509 3914 ἀν-

260 3959 525 4027 τιλογίας,
566 3958 811 4011 τουτέστι
867 3957 967 4027 τῆς
1003 3958 1296 4028 ἁμαρτίας,
1347 3958 1425 4028 τῷ
1451 3958 1564 4028 λαῷ
1602 3958 1709 4012 τῶν
1746 3961 2008 4014 Ἰουδαίων
2043 3961 2138 4016 καὶ
2158 3959 2264 4014 τῶν
2295 3960 2462 4014 ἐθνῶν
2498 3963 2525 4013 ό
2547 3959 2760 4031 ψαλμὸς
2783 3958 2995 4027 εἴρηται
3031 3954 3294 4028 περὶτῶν
3322 3957 3401 4017 είς
3437 3953 3527 4007 τὰ.

259 4051 392 4123 τέλη
432 4050 539 4103 τῶν
562 4048 773 4103 αἰώνων
804 4048 1254 4120 παρασχεθέντων
1283 4048 1467 4113 αὐτοῖς
1496 4050 1650 4120 παρὰ
1687 4051 1781 4105 τοῦ
1822 4052 1978 4106 Θεοῦ.

338 4143 553 4197 Titulus
580 4141 905 4211 praepositus
938 4141 1180 4195 continet
1213 4140 1317 4194 :In
1348 4141 1526 4210 ﬁnem,
1559 4143 1688 4211 ﬁliis
1720 4142 1853 4197 Core
1878 4143 2140 4213 psalmus,
2168 4142 2316 4213 quod
2344 4143 2735 4211 interpretatur
2768 4141 2897 4210 ﬁliis
2942 4141 3159 4210 peccati.
3188 4139 3327 4193 Core
3366 4137 3531 4195 enim,

262 4239 700 4298 contradictione
729 4246 1012 4307 separatus
1041 4244 1124 4292 est
1151 4240 1411 4292 adversus
1442 4237 1633 4291 Deum.
1674 4237 1842 4309 Igitur
1872 4240 1999 4294 liliis
2022 4237 2494 4303 contradictionis,
2526 4239 2631 4295 boc
2675 4246 2757 4292 est
2799 4236 3029 4306 peccati,
3067 4233 3267 4303 populo
3294 4230 3513 4292 Iudaeo?

260 4347 388 4387 rum
412 4340 467 4387 et
494 4331 733 4400 gentium
772 4329 1014 4399 psalmus
1050 4329 1226 4383 dictus
1258 4338 1339 4383 est
1367 4329 1433 4384 de
1455 4330 1543 4396 iis,
1574 4346 1695 4399 qua:
1728 4331 1781 4384 in
1816 4332 1922 4387 line
1956 4333 2280 4390 saeculorum
2304 4333 2533 4403 praebita
2552 4339 2678 4387 sunt
2712 4330 2846 4399 ipsis
2868 4344 2898 4382 a
2926 4327 3057 4383 Deo.

344 4426 393 4479 1.
444 4423 736 4493 Ἐπιθυμίᾳ
773 4420 1122 4492 ἐπεθύμησας
1170 4420 1338 4473 σῶσον
1375 4421 1448 4492 (6)
1486 4423 1577 4475 τὸν
1613 4423 1831 4494 κόσμον.
1868 4429 1875 4483 ]

1748 4441 1831 4477 .ov.
1868 4428 1912 4483 Ι)
2014 4428 2065 4481 1.
2098 4426 2374 4483 Desiderio
2406 4423 2724 4479 desiderasti
2757 4422 2968 4477 salvare
2995 4417 3279 4477 mundum.

337 4518 391 4571 2.
441 4515 686 4587 Ἐῤῥύσω
716 4514 841 4577 τοὺς
882 4512 958 4583 (7)
1004 4512 1287 4576 Ἰουδαίους
1331 4516 1455 4577 τοὺς
1482 4514 1833 4579 πιστεύοντας

2015 4518 2072 4573 2.
2119 4517 2387 4573 Liberasti
2438 4514 2653 4572 Judaeos
2698 4515 2978 4569 credentes
3022 4510 3120 4565 tibi
3173 4524 3205 4565 e
3260 4505 3516 4562 servitute

265 4629 355 4665 σοι
390 4612 452 4662 ὲκ
481 4610 579 4679 τῆς
611 4606 856 4669 δουλείας
882 4605 982 4674 τῆς
1008 4605 1298 4677 ἁμαρτίας.

642 4606 856 4669 ουλείας
882 4605 982 4674 τῆς
1008 4605 1298 4677 ἁμαρτίας.
1945 4610 2170 4681 peccati.

345 4701 396 4754 5.
425 4699 814 4770 Συνεχώρησας
868 4697 1072 4758 πάντας
1120 4695 1193 4767 (8)
1226 4696 1321 4748 τὸν
1364 4694 1566 4765 κόσμον
1633 4696 1848 4769 [πάσας

1734 4697 1848 4761 ica;
2016 4700 2068 4753 5.
2104 4696 2439 4753 Condonasti
2472 4710 2664 4750 omnes
2694 4694 3010 4764 iniquitates
3041 4690 3265 4745 mundo.

265 4792 500 4862 ἀνομίας
529 4790 608 4861 τῷ
648 4787 889 4859 κόσμῳ].

347 4886 402 4941 4.
431 4885 614 4955 Λήθην
645 4883 950 4952 πεποίηκας
975 4879 1164 4937 πασῶν
1187 4881 1292 4934 τῶν
1327 4880 1612 4953 ἁμαρτιῶν
1644 4880 1850 4935 τουκόσ

2016 4878 2068 4931 4.
2102 4875 2161 4932 In
2203 4876 2532 4931 oblivionem
2566 4872 2837 4930 tradidisti
2883 4871 3064 4927 omnia
3109 4875 3332 4940 peccata
3370 4865 3516 4938 ejus-

270 4996 415 5049 σμου
457 4976 571 5049 [τοῦ
604 4974 795 5046 αὑτοῦ]
836 4991 951 5029 σου.

780 4974 795 5046 ]
836 4991 951 5029 σου,
1953 4983 2075 5024 dem
2104 4967 2311 5022 mundi.

350 5074 402 5128 5.
431 5069 784 5129 Μετεϐλῇθτις
807 5068 944 5131 ὅλως
978 5066 1055 5137 (9)
1085 5068 1164 5130 είς
1202 5066 1387 5130 ἕλεος.“

2025 5061 2078 5115 5.
2117 5058 2287 5115 Totus
2314 5071 2613 5114 conversus
2644 5070 2706 5111 es
2737 5056 2794 5117 in
2821 5051 3270 5111 misericordiam.

1224 5175 1533 5238 Addenda
1564 5181 1624 5237 et
1664 5173 2039 5253 corrigenda
2075 5190 2153 5233 ex
2199 5173 2340 5233 cod.
2369 5170 2572 5232 Vatic.

353 5291 425 5361 (1)
446 5290 553 5343 Καὶ
583 5286 897 5361 ὀιντιλαϐοῦἓ
2144 5277 2306 5361 ζΕηχρή
2314 5293 2465 5361 σατο.

456 5360 790 5432 Τοῖςίὰγίοις
807 5357 922 5421 τοῦ,
945 5365 1052 5432 etc.
1278 5431 1282 5432 ν
1451 5421 1464 5432 ι
1532 5422 1555 5432 Α
1575 5419 1606 5432 ﬂ
1823 5421 1849 5431 _
2144 5344 2319 5432 ζῶσαι
2355 5345 2445 5432 τὸν
2476 5344 2676 5432 κόσμον
2704 5362 2817 5399 σου.

562 5417 701 5503 ἶ21ίῌ
723 5417 792 5503 Ἦ
826 5417 1202 5503 Δπρόσκαιρον,
1236 5421 1477 5503 εαξη-’τὸ
1530 5419 1735 5503 θέλημα
1760 5421 1851 5474 τοῦ

1114 5441 1202 5487 ιον,
1236 5421 1477 5503 οιαὶ-τὸ
1530 5419 1735 5503 θέλημα
1760 5421 1851 5474 τοῦ
2134 5417 2340 5503 aurci);
2360 5418 2507 5499 τοὺς,
2541 5424 2645 5469 etc.

268 5486 433 5558 Θεοῦ.
465 5502 533 5555 Ν.
556 5501 645 5556 22.
679 5501 799 5554 ’Ὁτι
822 5486 1175 5569 ἐλεημοσύνη,
1191 5486 1333 5559 νεῑοη
1361 5492 1559 5561 Κύριος
1582 5495 1608 5544 ὁ
1631 5486 1778 5553 Θεός.
2136 5486 2305 5569 "licunt
2328 5486 2405 5569 τῷ
2428 5486 2615 5569 κόσμῳ
2638 5503 2750 5539 σου.

351 5575 425 5643 (4)
471 5572 651 5628 Ἡδιὰ
672 5571 770 5635 τῆς
801 5556 1170 5636 κιννάίδάρεοίξ
1190 5556 1327 5633 περ(
1451 5556 1461 5561 ’
2031 5556 2106 5629 (9)
2136 5557 2292 5619 Ὅλος
2323 5558 2400 5619 είς
2430 5556 2594 5617 ἕλεος.

353 5689 425 5752 (a)
470 5685 600 5741 Vide
625 5681 765 5739 Psal.
790 5698 841 5737 γι
878 5693 929 5736 et
952 5696 1005 5735 xi
1029 5690 1081 5735 et
1104 5658 1501 5732 l’rzefationcm.
