3876 6220
401 365 535 420 1011
1245 360 1305 417 S.
1347 356 1723 415 ATHANASII
1763 355 1913 412 OPP.
1956 348 2138 405 PARS
2181 344 2357 400 Ill.—-
2397 342 2814 399 EXEGETICA.
3534 337 3679 392 1012

468 480 524 538 6.
552 480 812 537 Avertisti
836 482 904 538 ab
932 482 1015 538 ira
1047 482 1442 554 indignationis
1471 494 1597 539 tuae.

2010 480 2061 537 Α
2160 473 2214 527 6.
2259 468 2632 538 Ἀπέστρενᾷας
2657 467 2764 519 ἀπὸ
2787 464 2952 536 ὀργῆς
2981 461 3151 534 θυμοῦ
3177 478 3289 515 σου.

469 573 520 627 7.
560 572 828 643 Converte
850 591 971 643 nos,
1001 576 1144 632 Deus
1172 578 1431 633 salutaris
1462 587 1670 631 noster.
1826 556 1829 557 ν

2155 565 2208 617 7.
2250 561 2607 631 Ἐπίστρεψον
2635 560 2802 629 ἡμᾶς,
2836 560 2864 609 ὁ
2891 556 3023 618 Θεὸς
3046 556 3154 607 τῶν
3182 552 3467 626 σωτηρίων
3490 551 3674 624 ἡμῶν·

467 665 522 719 8.
558 664 627 721 Et
656 676 840 723 averte
866 668 1003 723 iram
1033 678 1181 723 tuam
1219 686 1249 724 a
1280 670 1459 725 nobis.

2154 655 2209 708 8.
2244 653 2354 707 Καὶ
2378 651 2723 722 ἀπόστρεψον
2750 649 2841 702 τὸν
2879 647 3049 717 θυμόν
3080 663 3173 698 σου
3209 645 3301 714 ἁιρ⁹
3331 647 3363 716 ἡ
3374 644 3514 715 μῶν.

470 756 525 812 9.
555 755 809 828 Nunquid
832 759 886 813 in
917 769 1179 814 aeternum
1207 761 1463 815 irasceris
1494 757 1701 813 nobis?

2154 746 2208 799 9.
2237 744 2330 814 Μὴ
2368 745 2448 805 εἰς
2476 743 2602 804 τοὺς
2629 740 2833 802 αἰῶνας
2860 736 3121 809 ὀργισθῇς
3150 738 3313 807 ἡμῖν;

475 849 700 905 10.Αιιι
745 852 1003 908 extendes
1049 854 1185 907 iram
1240 862 1392 907 tuam
1444 868 1477 907 a
1532 850 1883 922 generatione
1924 848 1981 903 in

2158 836 2246 890 10.
2281 834 2352 887 ’Ἡ
2377 832 2640 893 διατενεξς
2660 829 2759 899 τὴν
2783 827 2957 899 ὀργῆν
2985 842 3079 877 σου
3112 824 3219 877 ἀπὸ
3249 823 3446 891 γενεᾶς
3472 822 3555 885 εἰς
3585 838 3680 891 γε-

400 946 809 1015 generationem
831 945 861 999 ἲ

716 960 809 999 θη]
831 945 861 999 ?
2085 928 2211 983 νεάν
2234 946 2247 993 ;

473 1038 561 1093 11.
594 1037 758 1106 Deus,
790 1049 849 1095 tu
879 1055 1177 1096 conversus
1205 1038 1508 1095 viviﬁcabis
1531 1053 1633 1093 nos
1660 1058 1675 1093 :

2158 1019 2244 1071 11.
2286 1017 2343 1070 Ὀ
2375 1015 2529 1079 Θεὸς,
2556 1014 2618 1066 σὺ
2654 1008 2990 1079 ἐπιστρέψας
3020 1006 3263 1071 ζωώσεις
3287 1007 3440 1077 ἡμᾶς
3462 1023 3475 1036 ·

470 1128 561 1184 12.
591 1128 659 1184 Et
688 1096 839 1200 plebs
868 1139 959 1185 tua
989 1132 1264 1186 laetabitur
1292 1132 1347 1186 in
1377 1140 1451 1187 te.

2156 1110 2245 1163 12.
2279 1108 2389 1161 Καὶ
2419 1109 2447 1159 ὁ
2473 1104 2599 1167 λαός
2641 1119 2733 1154 σου
2755 1099 3191 1171 εὐφρανθήσεται
3221 1099 3314 1150 ἐπὶ
3350 1096 3452 1150 σοί.

474 1221 563 1275 15.
587 1218 826 1277 Ostende
855 1223 1036 1287 nobis,
1061 1222 1311 1287 Domine,
1332 1220 1761 1277 misericordiam
1786 1228 1932 1274 tuam
1965 1238 1977 1272 :

1758 1228 1932 1276 Lluam
1965 1238 1977 1272 ε
2157 1201 2243 1254 15.
2280 1198 2461 1263 Δεῖξον
2486 1198 2639 1266 ἡμῖν,
2672 1192 2864 1263 Κύριε,
2894 1190 2953 1243 τὸ
2981 1189 3131 1251 ἔλεός
3165 1206 3257 1241 σου
3277 1204 3289 1217 ·

476 1312 562 1368 14.
599 1315 668 1369 Et
702 1314 943 1368 salutare
965 1323 1119 1369 tuum
1146 1315 1216 1369 da
1246 1282 1429 1369 nobis.

2159 1293 2246 1346 M.
2274 1291 2384 1343 Καὶ
2416 1289 2477 1341 τὸ
2505 1285 2770 1357 σωτήριόν
2803 1300 2894 1336 σου
2925 1282 3067 1353 δῴης
3102 1283 3255 1352 ἡμῖν.

471 1405 557 1459 15.
591 1405 859 1471 Audiam,
915 1407 1046 1477 quid
1119 1408 1376 1477 loquatur
1444 1406 1499 1460 in
1566 1420 1654 1461 me
1719 1402 1983 1459 Dominus

2158 1382 2245 1436 15.
2284 1379 2613 1448 Ἀκούσομαι
2640 1377 2692 1429 τί
2718 1374 2938 1446 λαλήσει
2968 1376 3024 1427 ὲν
3055 1372 3179 1442 ἐμοὶ
3209 1371 3413 1442 Κύριος
3452 1373 3480 1424 ὁ
3509 1371 3673 1437 Θεός.

405 1495 573 1553 Deus.

381 1640 387 1667 τ
477 1586 565 1641 16.
592 1587 862 1654 Quoniam
896 1589 1150 1659 loquetur
1180 1604 1365 1658 pacem
1394 1589 1450 1641 in
1476 1588 1685 1657 plebem
1715 1602 1889 1650 suam,

2158 1580 2244 1636 16.
2278 1581 2399 1633 Ὅτι
2418 1577 2643 1649 λαλήσει
2673 1576 2897 1648 εἰρήνην
2921 1575 3013 1627 ἐπὶ
3045 1575 3135 1627 τὸν
3161 1574 3291 1627 λαὸν
3319 1572 3508 1635 αὐτου,

476 1679 563 1732 17.
591 1679 656 1734 Ει
684 1696 847 1750 super
876 1689 1099 1736 sanctos
1133 1694 1288 1748 suos,
1316 1687 1370 1734 et
1403 1693 1567 1750 super
1592 1693 1707 1746 eos,
1739 1676 1832 1748 qui
1854 1691 1984 1733 con-

2158 1673 2245 1724 17.
2276 1670 2388 1725 Καὶ
2415 1670 2509 1721 ἐπὶ
2530 1668 2655 1731 τοὺς
2696 1668 2873 1730 ὁσίους
2902 1664 3088 1730 αὑτοῦ,
3125 1665 3220 1718 καὶ
3249 1665 3341 1717 ἐπὶ
3373 1665 3501 1727 τοὺς
3550 1665 3684 1716 ἐπι-

404 1778 626 1826 vertunt
645 1786 739 1826 cor
762 1771 829 1826 ad
857 1787 1003 1827 eum.

2011 1814 2058 1835 ﬁ
2089 1764 2419 1835 στρέφοντας
2444 1760 2671 1831 καρδίαν
2705 1760 2790 1812 ἐπ’
2826 1758 3007 1811 αὐτόν.

476 1863 565 1919 18.
595 1862 987 1919 Verumtamen
1044 1878 1213 1934 prope
1262 1863 1515 1919 timentes
1564 1877 1691 1918 eum
1746 1859 1983 1918 salutare

2155 1854 2241 1909 18.
2272 1852 2417 1923 Πλὴν
2446 1854 2611 1920 ὲγγὺς
2645 1850 2753 1903 τῶν
2788 1848 3138 1920 φοϐουμένων
3177 1849 3341 1904 αὐτὸν
3379 1850 3440 1903 τὸ
3485 1853 3682 1906 σωτή-

407 1956 606 2025 ἱρείης,
2086 1962 2201 2017 ριον
2230 1941 2421 2009 αὐτοῦ,

476 2049 566 2103 19.
594 2045 666 2102 Ut
698 2045 967 2101 inhabitet
986 2045 1158 2115 gloria
1184 2044 1239 2099 in
1269 2053 1413 2099 terra
1452 2053 1661 2100 nostra.

2154 2037 2239 2092 19.
2277 2036 2383 2090 Τοῦ
2423 2035 2845 2105 κατασκηνῶσαι
2867 2035 3024 2100 δόξαν
3052 2038 3111 2089 ἐν
3129 2038 3194 2107 τῇ
3229 2038 3298 2107 γῇ
3340 2035 3515 2107 ἡμῶν.

473 2137 564 2194 20.
591 2136 963 2192 Misericordia
999 2144 1053 2190 et
1071 2137 1274 2191 veritas
1302 2136 1658 2191 obviaverunt
1688 2152 1701 2187 :

2157 2130 2246 2184 20.
2282 2130 2471 2193 Ἔλεος
2501 2129 2596 2182 καὶ
2630 2128 2860 2199 ἀλήθεια
2891 2131 3234 2199 συνήντησαν
3258 2146 3272 2160 ·

479 2231 572 2286 21.
607 2228 824 2287 Justitia
848 2237 904 2283 et
924 2243 1029 2298 pax
1062 2228 1322 2283 osculata
1349 2235 1497 2283 sunt.

2170 2221 2259 2275 21.
2299 2220 2625 2290 Δικαιοσύνη
2652 2222 2747 2274 καὶ
2777 2222 2964 2292 εἰρήνη
2991 2219 3394 2291 κατειρίλησαν.¹

479 2324 573 2377 22.
598 2321 814 2378 Veritas
834 2322 901 2376 de
923 2329 1067 2376 terra
1092 2328 1213 2375 orta
1237 2328 1321 2374 est
1346 2337 1360 2373 :

2169 2312 2260 2365 22.
2308 2312 2558 2383 Ἀλήθεια
2589 2314 2652 2364 ὲκ
2673 2313 2775 2382 τῆς
2797 2313 2899 2383 γῆς
2924 2312 3163 2366 ἀνέτειλε
3188 2330 3200 2342 ·

480 2416 571 2473 25.
595 2414 663 2472 Et
689 2414 903 2489 iustitia
934 2413 1002 2469 de
1027 2412 1166 2470 coelo
1191 2410 1499 2482 prospexit.

2168 2405 2261 2460 25.
2292 2406 2404 2460 Καὶ
2439 2404 2753 2475 δικαιοσύνη
2786 2407 2850 2458 ὲκ
2876 2403 2968 2457 τοῦ
3000 2402 3231 2475 ούρανοῦ
3252 2401 3498 2471 διέκυψε.

1533 2604 1909 2664 ATHANASII
1945 2603 2531 2662 INTERPRETATIO.

483 2796 539 2854 6.
566 2795 845 2867 Propitius
874 2791 1051 2849 factus
1090 2807 1151 2848 es
1186 2790 1445 2846 universo
1489 2786 1678 2859 generi
1722 2786 1982 2844 humano.

2161 2784 2215 2837 6.
2247 2782 2435 2847 Ἴλεως
2464 2781 2623 2852 γενοῦ
2658 2782 2821 2837 παντὶ
2842 2780 2919 2853 τῷ
2950 2782 3097 2850 γένει
3124 2782 3232 2834 τῶν
3262 2777 3591 2851 ἀνθρώπων.

487 2891 542 2947 7.
569 2889 653 2944 Ad
677 2898 728 2944 to
749 2889 930 2958 ipsum
955 2900 1225 2955 congrega
1252 2897 1374 2937 nos.

2164 2877 2219 2931 7.
2263 2876 2665 2944 Ἐπισυνάγαγε
2695 2877 2843 2947 ἡμᾶς
2880 2876 3019 2948 πρὸς
3051 2875 3262 2928 ἑαυτόν.

486 2982 540 3037 8.
576 2980 644 3036 Et
668 2994 886 3037 cessare
906 2977 994 3033 fac
1015 2976 1386 3039 maledictum,
1409 2973 1558 3045 quod
1581 2970 1687 3028 fuit
1713 2973 1782 3028 ab
1799 2970 1995 3040 Adam,

2164 2967 2217 3021 8.
2252 2968 2361 3021 Καὶ
2410 2966 2620 3021 παῦσον
2648 2968 2748 3039 τὴν
2791 2967 3036 3038 κατάραν
3062 2966 3160 3037 τὴν
3206 2964 3314 3019 ἀπὸ
3346 2963 3437 3017 τοῦ
3482 2964 3682 3036 Ἀδὰμ,

415 3084 471 3131 et
501 3073 659 3139 Cain,
695 3081 751 3128 et
779 3070 1028 3140 reliquis.

2097 3060 2192 3113 καὶ
2224 3058 2385 3125 Κάῖν,
2412 3060 2506 3112 καὶ
2534 3059 2641 3113 τῶν
2672 3058 2894 3112 λοιπῶν.

488 3166 543 3221 9.
572 3163 826 3235 Nunquid
856 3161 1192 3233 permanebit
1220 3159 1486 3216 sententia
1517 3158 1608 3214 illa
1630 3172 1845 3228 semper
1871 3157 1899 3210 ?‘

2168 3152 2221 3205 9.
2260 3150 2349 3222 Μὴ
2375 3150 2629 3221 ἐπιμείνῃ
2664 3152 2697 3221 ή
2725 3150 3001 3217 ἀπόφασις
3031 3147 3213 3218 ἐκείνη
3235 3147 3323 3200 διὰ
3353 3148 3588 3213 παντόςς

493 3258 580 3311 10.
605 3256 1002 3311 Transeuntem
1048 3254 1115 3309 de
1178 3253 1527 3323 generatione
1580 3250 1637 3304 in
1694 3249 2001 3321 generatio-

1856 3249 2001 3304 ,alio-
2170 3244 2257 3299 10,
2296 3243 2665 3314 Διερχομένην
2690 3241 2798 3296 ἀπὸ
2831 3242 3026 3309 γενεᾶς
3053 3242 3133 3303 εἰς
3158 3239 3351 3308 γενεάν
3374 3257 3387 3306 ;

420 3348 583 3405 nem?

491 3443 579 3496 11.
618 3441 763 3497 Deus
794 3450 879 3510 tu,
925 3440 1021 3512 qui
1053 3437 1375 3495 convenisti
1413 3451 1516 3492 nos
1553 3451 1621 3491 ex
1663 3443 1840 3490 morte
1876 3448 2000 3503 pec-

2173 3423 2259 3478 11.
2305 3424 2363 3478 '0
2387 3422 2539 3489 Θεὸς,
2572 3423 2636 3474 σὺ
2665 3419 2999 3492 ἐπιστρέψας
3029 3420 3177 3490 ἡμᾶς
3206 3418 3273 3471 ὲκ
3321 3415 3415 3470 τοῦ
3446 3417 3690 3472 θανάτου

422 3536 550 3601 cati,
578 3534 791 3589 viviﬁca
815 3549 910 3605 per
942 3532 1172 3605 gratiam
1201 3540 1368 3585 tuam.

2102 3519 2199 3587 τῆς
2226 3517 2520 3588 ἁμαρτίας,
2553 3514 2893 3584 ζωοποίησον
2919 3511 3007 3565 διὰ
3036 3510 3136 3580 τῆς
3164 3509 3387 3582 χάριτός
3415 3525 3531 3564 σου.

493 3600 582 3679 12.
610 3600 905 3681 Credentes
939 3600 994 3679 in
1019 3632 1090 3679 te.

2178 3609 2263 3662 12.
2307 3610 2370 3661 Οἱ
2416 3606 2763 3668 πιστεύοντες
2796 3607 2853 3657 ἐν
2885 3603 2966 3655 σοί
3000 3600 3094 3672 (1).

495 3720 585 3773 15.
616 3718 820 3773 Filium
858 3727 1035 3775 tuum.

2175 3702 2261 3756 15.
2300 3700 2401 3753 Τὸν
2428 3700 2558 3751 Υίόν
2592 3715 2709 3751 σου.

494 3810 581 3863 14.
620 3808 883 3880 Spiritum
913 3817 1162 3865 sanctum
1194 3818 1373 3864 tuum.

2174 3791 2261 3844 M.
2294 3790 2366 3842 Τὸ
2398 3788 2623 3859 Πνεῦμά
2646 3804 2739 3840 σου
2763 3786 2825 3840 τὸ
2856 3786 3031 3854 ἅγιον.

498 3901 588 3958 15.
615 3874 880 3972 Adjiciam
909 3904 1023 3974 jam
1058 3910 1296 3959 mentem
1337 3914 1517 3956 meam
1547 3898 1637 3966 iis,
1683 3913 1805 3969 quae
1845 3896 1915 3951 ab
1938 3910 2005 3951 eo

2175 3884 2261 3937 15.
2310 3883 2619 3952 Ἐπιστήσω
2640 3880 2731 3932 τὸν
2763 3877 2888 3932 νοῦν
2918 3896 3016 3948 μου
3047 3876 3236 3931 λοιπὸν
3287 3877 3399 3939 τοῖς
3457 3874 3697 3946 λεγομέ-

427 3993 570 4049 dieta
605 3997 809 4049 suntin
841 3996 1073 4050 adventu
1101 4010 1222 4050 suo.

2106 3993 2216 4040 νοις
2251 3975 2329 4047 (2)
2365 3973 2456 4026 ὑπ’
2486 3971 2652 4025 αὐτοῦ
2680 3973 2738 4024 ὲν
2762 3973 2828 4041 τῇ
2870 3969 3145 4040 παρουσίᾳ.
3165 3966 3351 4021 αὐτοῦ.

500 4086 588 4139 16.
614 4086 886 4153 Quoniam
916 4102 1106 4157 pacem
1142 4102 1299 4142 suam
1322 4086 1549 4141 donabit
1574 4085 1753 4141 nobis.

2032 4132 2082 4157 n
2180 4067 2265 4120 16.
2291 4067 2415 4119 Ὅτι
2440 4064 2537 4135 τὴν
2565 4062 2756 4116 ἑαυτοῦ
2780 4061 3000 4132 εἰρήνην
3029 4060 3330 4131 δωρήσεται
3357 4060 3507 4129 ἡμῖν.

504 4132 588 4139 _--
622 4132 886 4153 νην-η.
917 4132 1106 4157 νην---
1142 4132 1299 4142 ---ω
1325 4132 1549 4141 an.--"
1575 4132 1753 4141 πη---

498 4176 588 4232 17.
618 4177 684 4233 Et
720 4193 885 4248 super
911 4176 1190 4248 apoStolos
1222 4192 1374 4244 suos,
1402 4184 1458 4231 et
1490 4191 1653 4245 super
1675 4189 1866 4229 omnes
1894 4187 2005 4227 cre-

2176 4158 2267 4211 17.
2300 4156 2412 4209 Καὶ
2462 4132 2555 4207 ἐπὶ
2596 4155 2724 4215 τοὺς
2752 4151 3080 4214 ἀποστόλους
3104 4150 3291 4216 αὑτοῦ,
3345 4152 3439 4203 καὶ
3471 4151 3552 4212 εἰς
3611 4149 3695 4220 (5)

426 4270 620 4326 dentes
652 4270 709 4324 in
735 4286 880 4326 eum.

2106 4250 2313 4312 πάντας
2332 4248 2459 4309 τοὺς
2485 4245 2840 4306 πιστεύοντας
2868 4246 2946 4307 είς
2975 4243 3151 4296 αὐτόν.

499 4360 587 4415 18.
640 4361 1028 4418 Verumtamen
1074 4363 1324 4431 proxima
1366 4369 1451 4417 est
1496 4362 1646 4417 salus
1701 4357 2008 4413 timentium

2179 4341 2265 4394 18.
2299 4340 2492 4408 Ὅμως
2513 4336 2739 4407 πλησίον
2772 4335 2919 4388 ἐστὶν
2950 4336 2982 4404 ἡ
3010 4334 3252 4406 σωτηρία
3288 4334 3395 4386 τῶν
3418 4332 3695 4402 φοϐουμέ-

428 4469 579 4517 eum,
608 4462 664 4508 et
687 4455 1030 4510 credentium
1059 4456 1183 4525 ipsi.

2108 4451 2213 4488 νων
2246 4432 2427 4495 αὐτὸν,
2457 4431 2551 4483 καὶ
2582 4429 2943 4481 πιστευόντων
2970 4426 3138 4497 αύτῷ.

502 4545 595 4601 19.
630 4543 702 4601 Ut
724 4547 902 4616 gratia
928 4546 1027 4602 Dei
1055 4516 1239 4602 veniat
1266 4547 1321 4599 in
1348 4545 1513 4601 corda
1543 4552 1751 4599 nostra.

2180 4526 2268 4582 19,
2296 4524 2403 4577 Τοῦ
2436 4524 2532 4593 τὴν
2556 4521 2713 4591 χάριν
2742 4520 2832 4572 τοῦ
2867 4518 3001 4573 Θεοῦ
3024 4519 3195 4573 ἐλθεῖν
3219 4519 3299 4581 εἰς
3328 4516 3425 4581 τὰς
3460 4518 3696 4590 καρδίας

2108 4617 2266 4689 ἡμῶν
2307 4615 2404 4687 (4)-

500 4720 590 4776 29.
624 4720 879 4778 Gentium
925 4731 979 4778 et
1008 4721 1319 4779 Iudaeorum
1365 4725 1601 4794 populus
1640 4721 1806 4778 simul
1836 4720 2014 4776 credi-

2181 4710 2270 4765 20.
2306 4706 2426 4762 Τῶν
2476 4704 2645 4759 ἐθνῶν
2698 4703 2793 4756 καὶ
2836 4701 2940 4756 τῶν
2987 4701 3256 4756 Ἰουδαίων
3410 4702 3538 4766 λαὸς
3573 4704 3696 4756 ἐπί-

431 4812 652 4869 derunt.

2112 4816 2342 4854 στευσαν
2373 4799 2508 4868 ἅμα.

503 4904 594 4958 21.
623 4903 883 4961 Similiter
905 4906 1242 4970 Judmorum,
1285 4917 1339 4962 et
1380 4908 1619 4976 gentium
1664 4905 1847 4976 populi
1881 4920 2013 4959 con-

2182 4894 2272 4948 21.
2316 4890 2547 4961 Ὁμοίως
2583 4892 2631 4941 οἱ
2676 4889 2781 4942 τῶν
2818 4888 3083 4942 Ἰουδαίων
3107 4889 3201 4941 καὶ
3231 4887 3399 4941 ἐθνῶν
3426 4888 3505 4959 (6)
3528 4888 3693 4960 [λαοὶ]

434 4998 604 5052 iuncti
639 5008 767 5053 sunt
796 4999 1028 5054 invicem
1058 5001 1111 5054 in
1148 5000 1249 5055 lide
1276 5008 1330 5054 et
1363 5000 1649 5054 charitate.

2116 4981 2401 5052 ήνώθησαν
2428 4980 2485 5032 ὲν
2511 4980 2689 5031 πίστει
2725 4978 2819 5031 καὶ
2845 4976 3032 5046 ἀγάπῃ
3066 4977 3333 5047 ἀλλήλοις.

503 5092 595 5146 22.
623 5090 799 5162 Opera
834 5090 1061 5162 iustitia:
1088 5092 1156 5146 de
1188 5093 1447 5147 cordibus
1475 5091 1783 5146 hominum.

2189 5076 2278 5129 22.
2308 5073 2387 5127 Τὰ
2417 5072 2554 5143 ἔργα
2583 5073 2682 5142 τῆς
2709 5069 3055 5140 δικαιοσύνης
3076 5072 3141 5123 ὲκ
3174 5069 3281 5122 τῶν
3315 5069 3558 5142 καρδιῶν
3586 5067 3695 5121 τῶν

2117 5170 2212 5222 ἀνθ
2220 5168 2415 5241 ρώπων
2424 5207 2436 5217 .

502 5261 594 5318 25.
633 5259 809 5317 Filius
843 5258 940 5315 Dei
974 5259 1215 5316 advenit.

2190 5260 2281 5313 25.
2326 5260 2384 5312 Ὀ
2425 5258 2551 5320 Υἱὸς
2577 5255 2670 5308 τοῦ
2710 5255 2844 5311 Θεοῦ
2874 5256 3232 5324 παραγέγονε.

1391 5446 1702 5512 Addenda
1740 5452 1799 5512 et
1834 5443 2213 5525 corrigenda
2242 5460 2321 5505 ex
2359 5442 2505 5505 cod.
2541 5440 2735 5499 Vatis.

507 5637 589 5776 «η
615 5636 711 5699 Εἰς
751 5635 834 5722 σέ.
2197 5630 2274 5727 (ἐξ)
2312 5628 2516 5716 ζΥμῶν.

507 5706 565 5774 (2
616 5709 943 5776 Λεγομενοις
977 5722 1087 5776 μοι.
2198 5702 2275 5776 (ρ)
2313 5705 2371 5776 _t_)
2409 5716 2515 5776 τξυν

506 5690 586 5776 (‘25
616 5690 943 5777 Λεγομένοις
977 5722 1087 5777 μοι.
2312 5690 2717 5777 ἔφ’τξῦνιξθνῶν
2749 5695 2841 5749 καὶ
2884 5690 3169 5777 Ἰουδαίων.

511 5761 589 5847 (5')
632 5761 776 5829 Ἐἑτίῖ
844 5761 848 5762 ί
927 5761 939 5770 ·
977 5761 988 5777 “

2198 5761 2273 5840 (θ)
2304 5771 2361 5824 Oi
2389 5767 2493 5827 τῶν
2531 5766 2794 5825 Ἰουδαίων
2828 5764 2919 5820 καὶ
2950 5761 3058 5820 τῶν
3088 5762 3276 5831 ἐθνῶν,
3295 5768 3402 5821 etc.
