3876 6220
225 360 379 416 1015
1104 357 1196 412 DE
1235 357 1514 415 TlTULlS
1546 357 1756 414 PSAL-‘l

1985 403 1998 415 .
2043 393 2112 400 —
2144 357 2339 415 PSAL.
2376 359 2628 418 LXXXV.
2736 387 2740 391 λ
3368 359 3505 416 1οη

299 474 390 528 24.
427 473 536 526 Καὶ
571 473 678 545 γὰρ
704 474 732 527 ὁ
754 472 958 544 Κύριος
981 471 1142 525 δώσει
1167 473 1512 545 χρηστότητα
1531 492 1546 507 ο

1845 476 1893 533 Α
1991 473 2084 527 24.
2117 472 2330 528 Etenim
2364 473 2632 528 Dominus
2653 471 2805 526 dabit
2827 471 3212 543 benignitatem
3245 490 3259 527 :

301 568 394 624 25.
426 568 537 622 Καὶ
553 568 587 637 ἡ
618 567 692 636 γῆ
717 566 869 638 ὑμῶν
888 565 942 638 [ἡ
953 565 1093 638 μῶν]
1110 565 1270 620 δώσει
1287 566 1378 620 τὸν
1395 567 1604 641 καρπὸν
1623 569 1816 639 αὐτῆς.

1688 569 1816 639 ιτῆς.
1994 565 2086 627 25.
2116 563 2182 619 Ει
2214 575 2361 620 terra
2381 574 2566 620 nostra
2596 564 2748 619 dabit
2769 564 3007 620 fructum
3037 581 3219 621 suum.

298 659 392 714 26.
424 658 748 729 Δικαιοσύνη
778 657 1006 712 ἐνώπιον
1036 658 1202 713 αὐτοῦ
1235 661 1671 732 προπορεύσεται
1696 681 1709 693 ·

1486 661 1671 715 ύσεται
1696 681 1709 693 ·
1994 656 2086 712 26.
2115 655 2335 712 Iustitia
2366 665 2492 712 ante
2512 671 2637 712 eum
2670 656 2974 711 ambulabit
3001 675 3014 713 :

296 750 390 805 27.
420 751 531 804 Καὶ
558 749 716 822 θήσει
743 752 825 814 είς
849 750 966 805 ὁδὸν
994 751 1065 805 τὰ
1099 751 1420 825 διαδήματα
1450 754 1638 810 αὑτοῦ.

1464 754 1638 810 κὺτοῦ,
1997 748 2089 803 27.
2128 747 2192 802 Ει
2221 756 2387 818 ponet
2416 747 2471 801 in
2497 747 2584 802 via
2609 763 2830 818 gressus
2856 761 2995 807 suos.

468 865 790 937 Προσευχὴ
814 862 896 930 τῷ
927 864 1126 920 Δαϐίδ.
1169 868 1402 924 ΨΑΛΜ.
1444 870 1575 926 ΠΕ’.

2215 859 2402 915 Oratio
2427 858 2622 914 David.
2648 856 2914 916 PSALM.
2941 859 3215 914 LXXXV.

300 956 356 1012 1.
387 956 607 1025 Κλίνον,
641 956 839 1026 Κύριε,
871 956 931 1010 τὸ
954 952 1049 1021 οὖς
1078 974 1194 1024 σου,
1225 959 1318 1012 καὶ
1361 959 1667 1016 ὲπάκουσόν
1693 980 1814 1034 μου.

2005 954 2057 1008 1.
2099 950 2338 1020 lnclina,
2405 950 2673 1018 Domine,
2726 967 2914 1008 aurem
2967 963 3148 1021 tuam,
3203 959 3264 1008 et-
3309 952 3506 1008 exaudi

1921 1063 2053 1104 me:

295 1134 353 1188 2.
388 1135 512 1188 Ὅτι
541 1135 757 1206 πτωχὸς
791 1137 897 1190 καὶ,
920 1137 1089 1208 πένης
1112 1139 1231 1209 εἰμὶ
1257 1139 1387 1209 ἐγώ.

1995 1142 2054 1195 2.
2084 1139 2358 1208 Quoniam
2387 1139 2546 1210 inops
2573 1151 2628 1195 et
2653 1155 2860 1212 pauper
2891 1156 3012 1196 sum
3032 1157 3149 1212 ego.

295 1228 354 1282 5.
386 1226 625 1294 Φύλαξον
660 1228 760 1298 τὴν
784 1229 963 1302 ψυχήν
989 1247 1112 1300 μου,
1138 1233 1220 1285 ὅτι
1259 1233 1404 1297 ὅσιός
1431 1236 1548 1306 εἰμι
1569 1252 1583 1264 ⁸

1995 1235 2050 1289 5.
2077 1233 2308 1290 Custodi
2325 1233 2564 1288 animam
2591 1249 2792 1299 meam,
2811 1235 3071 1304 quoniam
3097 1240 3322 1289 sanctus
3347 1248 3503 1288 sum:

296 1319 352 1375 4,
387 1321 569 1374 Σῶσον
619 1320 711 1375 τὸν
750 1321 937 1375 δοῦλόν
973 1339 1089 1390 σου,
1123 1325 1152 1376 ὁ
1200 1324 1333 1390 Θεός
1375 1345 1497 1398 μου,
1547 1331 1636 1383 τὸν
1670 1330 1820 1384 ἐλπί-

2007 1327 2062 1382 4..
2094 1325 2316 1381 Salvum
2346 1323 2432 1380 fac
2463 1340 2682 1380 servum
2700 1333 2878 1390 tuum,
2901 1325 3045 1382 Deus
3073 1341 3250 1392 meus,
3280 1340 3507 1395 speran-

217 1410 393 1476 ζοντα
427 1413 520 1466 ἐπὶ
549 1412 609 1465 σέ
650 1413 802 1486 [σοί].

675 1413 802 1486 σοί).
1920 1426 2028 1474 tem
2057 1419 2114 1471 in
2150 1426 2202 1472 te

299 1504 355 1558 5.
405 1505 656 1576 Ἐλέησόν
689 1523 780 1576 με,
828 1506 1026 1579 Κύριε,
1071 1509 1156 1563 ὅτι
1187 1514 1325 1582 πρὸς
1373 1514 1432 1567 σὲ
1477 1517 1818 1591 κεκράξομαι

1997 1511 2054 1566 5.
2086 1509 2345 1566 Miserere
2371 1507 2794 1575 mei,,Domine,,
2815 1508 3074 1579 quoniam
3105 1507 3172 1564 ad
3195 1515 3246 1563 te
3277 1508 3508 1564 clamavi

215 1593 358 1666 ὃλην
385 1594 485 1666 τὴν
511 1595 748 1666 ἡμέραν.

646 1613 748 1652 ›αν.
1922 1611 2033 1657 tota
2068 1602 2177 1659 die.

299 1688 355 1742 6.
384 1687 672 1760 Εὔφρανον
692 1691 790 1761 τὴν
812 1691 994 1763 ψυχὴν
1026 1691 1328 1749 τοῦιδούλου
1364 1715 1456 1751 σου
1483 1715 1496 1730 ο

1390 1715 1456 1751 ’ου
1483 1715 1496 1730 ο
1996 1695 2050 1751 6.
2089 1695 2326 1751 Laetiﬁca
2354 1696 2596 1751 animam
2626 1695 2770 1750 servi
2800 1695 2880 1749 tui
2907 1715 2921 1748 ς

296 1779 349 1830 7.
381 1779 504 1832 Ὅτι
541 1781 679 1852 πρὸς
707 1781 765 1834 σὲ
789 1777 901 1854 ἦρα
931 1783 1030 1855 τὴν
1055 1784 1388 1857 ψυχήν.μου.

1850 1832 1894 1888 Β
1999 1786 2051 1842 7.
2083 1785 2354 1853 Quoniam
2391 1787 2458 1841 ad
2490 1795 2542 1841 te
2575 1785 2814 1839 animam
2847 1798 3023 1837 meam
3061 1782 3256 1837 levavi.

297 1874 353 1926 8.
389 1873 511 1927 Ὅτι
538 1874 625 1937 σὺ,
655 1874 850 1944 Κύριε,
883 1879 1122 1948 χρηστὸς
1146 1882 1238 1934 καὶ
1257 1883 1529 1953 ἐπιεικὴς,

1851 1873 1894 1888 ’³
1995 1879 2050 1937 8.
2083 1879 2354 1945 Quoniam
2383 1888 2462 1944 tu,
2487 1877 2742 1938 Domine.
2769 1876 2954 1932 suavis
2988 1883 3042 1930 et
3070 1875 3238 1940 mitis,

296 1966 350 2019 9.
382 1965 491 2019 Καὶ
521 1965 807 2031 πολυὲλεος
850 1969 983 2023 πᾶσι
1016 1973 1130 2035 τοῖς
1158 1973 1608 2046 ἐπικαλουμένοις
1643 1995 1722 2033 σε.

1991 1973 2044 2027 9.
2070 1973 2137 2027 Ει
2189 1972 2374 2027 multa:
2422 1969 2812 2026 misericordiae
2875 1969 3130 2023 onmibus
3204 1967 3507 2022 invocanti‘

1924 2065 2027 2122 bus
2051 2074 2122 2120 te.

304 2141 392 2194 10.
442 2142 749 2208 Ἐνώτισαι,
789 2145 983 2217 Κύριε,
1017 2147 1117 2218 τὴν
1160 2153 1470 2223 προσευχήν
1504 2169 1643 2224 μου·

1994 2161 2082 2216 10.
2115 2158 2357 2214 Auribus
2387 2156 2626 2228 percipe,
2655 2154 2904 2221 Domine,
2937 2153 3247 2209 orationem
3283 2164 3505 2205 meam:

303 2232 394 2286 11.
422 2235 534 2288 Καὶ
565 2237 804 2306 πρόσχες
835 2241 900 2310 τῇ
929 2242 1079 2310 φωνῇ
1107 2241 1209 2310 τῆς
1235 2242 1326 2314 δεή
1340 2244 1472 2308 sed);
1501 2263 1625 2316 μου.

1994 2255 2084 2309 11.
2118 2253 2186 2307 Et
2217 2253 2435 2307 intende
2465 2251 2584 2305 voci
2611 2245 3014 2317 deprecationis
3036 2259 3193 2300 meae.

297 2325 388 2380 12.
433 2328 522 2381 Ἐν
553 2329 736 2403 ἡμέρᾳ
771 2330 1003 2418 Θλίψεώς
1035 2351 1138 2405 μου
1170 2335 1444 2408 ἐκέκραξα
1473 2339 1611 2414 πρὸς
1635 2341 1723 2405 σε,
1739 2342 1822 2396 ὅτι

1993 2347 2082 2402 12.
2111 2345 2171 2400 In
2205 2344 2293 2400 die
2320 2341 2692 2399 tribulationis
2718 2355 2852 2395 meae
2877 2337 3111 2394 clamavi
3152 2336 3220 2391 ad
3265 2344 3338 2400 te,
3375 2331 3511 2403 quia

220 2418 542 2489 ἔπήκουσάς
584 2439 710 2491 μου.

1923 2439 2193 2496 exaudisti
2222 2452 2343 2494 me..

1357 2630 1733 2690 ATHANASH
1768 2635 2358 2692 INTERPRETATIO.

295 2799 386 2854 24.
420 2799 494 2853 Τὸ
524 2800 748 2870 Πνεῦμα
788 2803 954 2858 αὐτοῦ
981 2806 1046 2858 τδ
1068 2805 1222 2874 ἅγιον
1263 2808 1358 2861 καὶ
1399 2809 1604 2877 ἁγαοδν
1647 2812 1820 2884 δωρή-

1990 2815 2079 2870 24.
2110 2813 2376 2884 Spiritum
2429 2827 2589 2868 suum
2629 2820 2902 2877 sanctum,
2934 2813 2990 2864 et
3032 2807 3241 2863 bonum
3279 2804 3521 2863 donabit:

222 2908 382 2946 σεται
414 2894 569 2962 ἡμῖν.

1921 2909 2106 2964 nobis.

296 2984 388 3041 25.
421 2986 494 3039 Τὸ
527 2986 684 3054 γένος
711 2988 820 3044 τῶν
848 2989 1154 3062 ἀνθρώπων
1186 2991 1255 3046 τὰ
1289 2992 1429 3064 ἔργα
1476 2995 1579 3066 τῆς
1611 2994 1807 3050 δικαιο·

1560 3012 1579 3059 ς
1611 2994 1820 3050 δικαιο-
1988 3001 2077 3056 25.
2107 3001 2292 3058 Genus
2321 3001 2626 3056 humanum
2653 3012 2818 3068 opera
2845 2993 3091 3067 iustitiae.

222 3094 417 3142 συνης.

297 3095 326 3130 ν
402 3118 417 3133 .

434 3171 752 3243 Ἰωάννης-ὁ
787 3173 1142 3246 Βαπτιστὴς,
1193 3178 1288 3230 καὶ
1338 3178 1400 3231 τὺ
1448 3179 1652 3252 πλῆθος
1703 3178 1824 3233 τῶν.

1989 3183 2080 3237 26.
2118 3187 2366 3239 Joannes
2391 3180 2654 3253 Baptista,
2690 3187 2746 3235 et
2775 3175 3068 3233 multitudo
3096 3172 3506 3244 prophetarum.

219 3268 545 3317 προφητῶν.
967 3268 984 3286 ⁸

269 3279 545 3335 ροφητων.
967 3279 984 3286 ‘

295 3356 388 3412 '27.
421 3357 539 3412 Καὶ·
566 3357 859 3412 ἐντελεῖται
879 3360 937 3413 ὲν
963 3360 1145 3414 πίστει
1163 3362 1233 3416 τὰ
1255 3363 1601 3436 δικαιώματα
1627 3365 1800 3419 αὐτοῦ.

1798 3405 1812 3418 .
1994 3362 2083 3416 27.
2115 3359 2191 3416 Et
2211 3359 2491 3432 praecipiet
2515 3358 2570 3414 in
2601 3357 2706 3414 ﬁde
2733 3355 3156 3428 justiﬁcationes
3183 3352 3323 3423 ejus.

307 3476 741 3550 Ἦοπροκειμένη
773 3481 1056 3551 ἐπιγραφὴ
1091 3482 1337 3553 περιέχει
1374 3483 1486 3553 (1)ο
1523 3480 1848 3552 Προσευχὴ
1884 3478 1966 3545 τῷ
1994 3475 2192 3540 Δαϐὶδ,
2212 3475 2464 3530 τουτέστι
2511 3473 2592 3540 τῷ
2631 3469 2819 3538 ἱκανῷ
2856 3470 2932 3540 τῇ
2966 3469 3154 3541 χειρί’
3211 3465 3370 3521 τοῦτο
3399 3462 3508 3534 γὰρ

219 3569 590 3641 ἑρμηνεύεται
613 3569 797 3633 Δαῦὶδ,
837 3571 976 3643 ὅπερ
1010 3573 1160 3626 ἐστὶν
1201 3576 1230 3626 ὁ
1260 3574 1386 3638 Υἱὸς
1409 3574 1503 3628 τοῦ
1534 3575 1706 3631 Θεοῦ..

293 3658 514 3717 Titulus
571 3661 901 3732 praepositus
949 3663 1195 3720 continet
1225 3683 1237 3718 :
1270 3663 1461 3720 Oratio
1497 3665 1694 3732 David,
1759 3665 1869 3719 hoc
1924 3669 2031 3726 est,
2059 3675 2219 3714 manu
2243 3659 2393 3728 forti,
2431 3658 2506 3713 ita
2535 3657 2682 3712 enim
2714 3656 3105 3727 interpretatur
3142 3653 3335 3719 David,
3368 3668 3507 3724 qua-

217 3758 292 3815 lis
319 3766 403 3813 est
428 3755 605 3814 Filius
638 3759 757 3814 Dei.

296 3851 350 3904 1.
386 3851 628 3922 Εὐμενὲς
660 3870 752 3922 μοι
800 3853 1026 3926 ποίησον
1058 3857 1120 3911 τὸ
1150 3854 1244 3924 οὖς
1292 3877 1422 3924 σου,.
1455 3860 1550 3913 καὶ
1574 3858 1810 3915 ἐπάκου-

1986 3853 2038 3906 1.
2071 3849 2370 3920 Benignam
2421 3844 2557 3900 mihi
2607 3843 2694 3899 fac
2745 3857 2944 3898 aurem-
2985 3849 3157 3907 tuam,
3193 3850 3246 3896 et
3301 3838 3500 3895 exaudi

219 3963 318 4000 σον
348 3945 449 4015 τῆς
481 3947 790 4017 προσευχῆς
819 3964 920 4019 μου
962 3947 1061 4021 (2).

962 3947 1061 4021 οὶ)-
1921 3944 2231 4001 orationem
2257 3953 2455 3995 meam.

291 4031 349 4086 2.
389 4032 466 4103 Τῇ
499 4032 720 4104 καρδίᾳ.

1988 4035 2044 4089 2.
2077 4034 2273 4090 Corde.

294 4124 350 4178 5.
397 4125 715 4191 Ἀσφάλισαι
740 4125 838 4201 τὴν
872 4127 1052 4202 ψυχήν
1077 4149 1199 4203 μου,
1226 4134 1308 4188 ὅτι
1335 4151 1394 4187 σε
1417 4134 1529 4204 ἐγὼ
1565 4132 1811 4205 σέϐομαι.

1991 4124 2046 4179 5.
2079 4123 2230 4177 Muni
2257 4123 2498 4177 animam
2531 4134 2732 4183 meam,
2772 4115 3032 4186 quoniam
3063 4129 3165 4184 ego
3201 4121 3252 4167 te
3285 4127 3425 4169 οοιο.

293 4213 349 4267 4.
389 4213 570 4269 Σῶσόν
607 4233 672 4286 με
713 4215 804 4269 τὸν
835 4217 1022 4275 δοῦλόν
1057 4239 1174 4292 σου,
1213 4225 1242 4277 ὁ
1270 4224 1404 4288 Θεὸς
1427 4264 1442 4288 ,
1472 4225 1553 4277 ὅτι
1589 4204 1812 4288 ἐλπίζω,

1988 4218 2042 4272 4.
2079 4215 2244 4272 Salva
2285 4231 2374 4271 me
2416 4228 2634 4268 servum
2674 4220 2852 4277 tuum,
2881 4207 3047 4276 Deus,
3081 4204 3341 4276 quoniam
3376 4218 3514 4276 spe-n

213 4308 306 4360 ὅτι
333 4305 525 4372 σώζεις
560 4326 649 4380 με.

1917 4328 1982 4368 ro
2029 4309 2180 4382 quod
2213 4324 2304 4364 me
2335 4307 2596 4364 salvabis.

293 4400 347 4454 5.
393 4400 778 4469 Ἀδιαλείπτως
812 4406 1190 4478 προσεύχομαι
1237 4407 1295 4460 ὲν
1346 4407 1542 4478 καρδίᾳ
1577 4425 1822 4478 πεφωτι-

1587 4425 1822 4478 πεφωτι-
1989 4404 2048 4460 5.
2073 4401 2452 4459 lndesinenter
2475 4415 2574 4456 oro
2596 4398 2760 4456 corde
2791 4397 3118 4454 illuminato.

218 4493 426 4565 σμένῃ.

293 4582 346 4637 6.
378 4583 476 4636 Διὰ
513 4585 612 4656 τῆς
637 4586 857 4657 χάριτός
887 4605 1003 4643 σου.

1988 4587 2040 4640 6.
2072 4584 2177 4639 Per
2211 4582 2442 4656 gratiam
2471 4589 2643 4637 tuam.

296 4673 348 4725 7.
383 4673 473 4745 Τῷ
513 4675 780 4747 Θελήματι
815 4678 891 4749 (5)
921 4679 1092 4750 αὐτὴν
1123 4681 1416 4753 ἀνεθέμην.

1990 4676 2041 4730 7.
2078 4675 2136 4729 ln
2169 4675 2454 4730 voluntate
2487 4683 2579 4728 tua
2611 4685 2732 4726 eam
2760 4682 3005 4738 reposui.

298 4766 352 4820 8.
401 4767 631 4835 Ἀγαϐὸς
657 4770 751 4822 καὶ
772 4771 971 4839 πραΰς.

1987 4767 2040 4821 8.
2071 4766 2278 4832 Bonus,
2309 4775 2364 4821 et
2389 4765 2559 4820 mitis.

295 4855 350 4911 9.
381 4858 490 4911 Καὶ
514 4859 820 4932 ἀμέτρητος
865 4862 929 4914 σὺ
967 4864 1025 4914 ἐν
1062 4862 1140 4933 τῷ
1168 4863 1337 4920 ἐλεεῖν
1371 4865 1495 4928 τοὺς
1533 4865 1809 4936 καταφεύ-

1985 4859 2038 4913 9.
2072 4857 2140 4913 Ει
2161 4859 2433 4914 immensa
2464 4865 2551 4914 est
2573 4855 2951 4912 misericordia
2986 4862 3078 4907 tua
3103 4865 3235 4922 erga
3259 4865 3376 4918 eos,
3400 4846 3515 4921 qui.

208 4965 422 5019 γοντας
449 4949 544 5000 ἐπὶ
574 4950 654 5003 σέ.

1915 4950 2243 5022 confugiunt
2276 4951 2345 5007 ad
2376 4960 2448 5006 te.

296 5043 383 5100 10.
420 5046 706 5100 Ἀκουσον.

1988 5045 2076 5100 10.
2103 5044 2265 5100 Audi.

297 5134 386 5190 11.
418 5135 521 5191 Καὶ
561 5137 723 5209 ἔργον
751 5139 1075 5197 ἀποτέλεσον
1099 5143 1198 5215 τὴν
1220 5147 1530 5216 προσευχήν
1573 5163 1674 5217 μου
1708 5145 1804 5217 (4).
1842 5215 1867 5217 _
1986 5136 2075 5191 “-
2106 5137 2172 5192 Ει
2200 5151 2340 5208 οριιε
2369 5137 2518 5193 θΠῙοθ
2541 5136 2843 5191 oralionem
2866 5147 3065 5189 meam-

290 5227 379 5282 12.
427 5229 514 5282 Ἐν
544 5229 624 5301 τῷ
652 5231 828 5304 καιρῷ
846 5231 941 5286 τοῦ
963 5215 1353 5305 ἀπολέσθαιμε
1509 5215 1608 5307 τῆς
1622 5215 1803 5308 ἁμαρ-

1986 5229 2073 5284 12.
2107 5228 2164 5283 ln
2194 5239 2460 5298 tempore,
2503 5244 2614 5299 quo
2655 5227 2793 5298 perii
2835 5242 2864 5281 a
2913 5232 3136 5296 peccato
3168 5221 3517 5292 deprecatus

205 5320 339 5385 τίας
367 5320 592 5395 ἐδεήθην
618 5341 734 5391 σου,
769 5325 955 5396 ἐπειδὴ
987 5328 1080 5381 καὶ
1110 5327 1297 5382 ἄλλοτε
1331 5329 1643 5399 ὲπήκουσάς
1677 5347 1736 5400 με

1592 5329 1643 5393 εις
1677 5347 1800 5400 μου.
1914 5343 2036 5383 sum
2069 5337 2141 5395 te,
2173 5326 2433 5396 quoniam
2470 5334 2524 5381 et
2545 5325 2681 5381 alias
2713 5339 2798 5380 me
2833 5319 3123 5379 exaudisti.

1191 5512 1500 5576 Addenda
1519 5521 1589 5582 ,et
1620 5513 1996 5595 corrigenda
2046 5530 2125 5576 ex
2157 5513 2296 5577 cod.
2336 5497 2542 5574 Vatic.

287 5671 366 5743 (1)
411 5673 595 5748 Ἠγδιᾲ
623 5673 722 5745 τῆς
759 5677 1126 5748 κινναϐάρεως
1163 5694 1311 5748 περ.,
1337 5684 1442 5732 etc.
1480 5678 1643 5733 Δαϐὶδ
1687 5680 1812 5734 ἱκα·
1992 5679 2067 5748 (5)
2094 5676 2370 5748 Θελήματί
2407 5693 2518 5729 σου.

205 5746 866 5821 νὸςλχεφὶηὸπερκεῐρ.
917 5820 920 5821 ν
990 5746 998 5748 “
1239 5746 1246 5748 ⁷
1352 5819 1359 5821 _
1992 5746 2068 5821 (4)
2098 5750 2174 5820 Τῇ
2211 5746 2484 5819 προσευχῇ
2521 5764 2639 5818 μου.

291 5817 368 5882 (‘2)
411 5815 753 5886 Ἐπιθυμητή
780 5835 872 5873 σου
899 5820 1010 5885 ἤτω
1035 5821 1064 5885 ἡ
1096 5819 1368 5887 προσευχὴ
1404 5836 1522 5886 μου.
