3874 6222
410 331 551 389 1015
1273 323 1334 378 S.
1374 317 1751 376 ATHANASII
1789 317 1940 373 ΟΡΡ.

2202 310 2289 365 ΙΙΙ.
2331 338 2402 352 -—
2436 304 2848 362 EXEGETICA.
3550 295 3697 356 1016

482 453 570 507 15.
609 450 729 505 Non
753 461 837 506 est
865 447 1063 504 similis
1089 447 1169 503 tui
1194 446 1250 502 in
1277 446 1406 512 diis,
1434 445 1664 500 Domine
1700 463 1712 497 :

2023 444 2073 503 Α
2169 437 2257 504 15.
2286 435 2400 487 Οὐκ
2430 435 2576 486 ἔστιν
2605 429 2790 502 ὅμοιός
2826 446 2908 482 σοι
2935 429 2992 480 ὲν
3029 426 3191 490 Θεοῖς,
3219 423 3394 477 Κύοιε
3416 437 3431 452 ·

479 545 564 598 il.
594 542 662 597 Et
693 557 805 596 non
826 550 911 597 est
937 539 1238 595 secundum
1270 552 1438 607 Opera
1469 547 1583 591 tua.

2174 530 2260 584 M.
2295 528 2406 580 Kal
2430 527 2530 579 οὐκ
2551 524 2666 578 ἐστι
2697 520 2842 576 κατὰ
2861 519 2932 573 τὰ
2960 518 3098 601 ἔργα
3135 535 3248 571 σου.

481 637 568 692 15.
604 633 808 690 Omnes
849 641 1060 704 gentes,
1107 646 1466 701 quascunque
1510 627 1709 691 iecisti,
1754 625 1994 690 venient,

1917 635 1994 690 nt,
2168 622 2258 677 15.
2290 621 2475 686 Πάντα
2506 619 2576 672 τὰ
2603 616 2753 687 ἔθνη,
2788 616 2888 668 ὃσα
2918 613 3201 684 ἐποίησας,
3231 609 3446 680 ἥξουσι,

483 730 571 785 16.
605 729 672 784 Ει
698 699 1006 792 adorabunt
1032 699 1222 781 coriam
1249 734 1323 790 te,
1356 723 1607 786 Domine,

2174 715 2263 769 16.
2300 712 2411 768 Kal
2435 710 2910 783 προσκυνήσουσιν
2940 705 3170 760 ἐνώπιόν
3194 720 3310 767 σου,
3346 699 3549 771 Κύριε,

485 823 572 878 17.
606 821 675 877 Et
697 821 1080 893 glorilicabunt
1110 832 1310 873 nomen
1337 826 1511 871 tuum.

2174 805 2264 858 17.
2301 803 2413 860 Καὶ
2444 801 2730 868 δοξὰσουσι
2758 799 2820 853 τὸ
2851 800 3023 870 ὄνομα
3047 815 3161 852 σου.

487 915 572 969 18.
610 886 880 981 Quoniam
922 928 1156 983 magnus
1194 925 1254 967 es
1307 920 1390 975 tu,
1440 920 1493 966 et
1531 906 1738 969 faciens
1776 900 2000 964 mirabi-

2102 917 2115 968 λ
2171 898 2258 952 18.
2291 896 2370 970 (α)
2401 897 2523 950 Ὅτι
2549 894 2722 966 μέγας
2743 886 2794 945 εἶ
2821 893 2907 959 σὺ,
2938 890 3033 945 καὶ
3062 889 3230 944 ποιῶν
3264 886 3583 942 θαυιιάσια’

413 1009 485 1064 lia
523 1028 539 1065 :

484 1105 574 1160 19.
605 1103 686 1158 Tu
709 1119 768 1158 es
797 1103 942 1159 Deus
967 1101 1140 1156 solus.

482 1195 573 1250 20.
604 1195 789 1250 Deduc
823 1210 930 1260 me,
966 1194 1218 1256 Domine,
1253 1195 1309 1246 in
1343 1191 1428 1245 via
1451 1198 1585 1244 tua:

2172 1077 2258 1131 19.
2297 1076 2369 1128 Σὺ
2401 1069 2450 1129 εἶ
2479 1071 2613 1136 Θεὸς
2645 1071 2708 1144 [ὁ
2735 1068 2906 1141 Θεὸς]
2955 1069 3134 1138 μόνος.

2170 1169 2260 1223 20.
2304 1165 2601 1238 Ὁδήγησόν
2638 1182 2727 1236 με,
2762 1163 2960 1234 Κύριε,
2993 1163 3050 1213 ὲν
3072 1164 3140 1232 τῇ
3163 1158 3265 1229 ὁδῷ
3298 1173 3420 1210 σου·

484 1289 568 1342 21.
606 1287 976 1358 Et-ingrediar
998 1285 1050 1340 in
1082 1294 1307 1340 veritate
1333 1293 1444 1338 tua.

2171 1262 2261 1330 2|.
2292 1260 2403 1315 Kal
2439 1257 2781 1330 πορεύσομαι
2809 1257 2868 1308 ἐν
2902 1258 2970 1326 τῇ
3006 1251 3235 1324 ἀληθείᾳ
3266 1268 3382 1304 σου.

404 1445 409 1476 ί
484 1381 572 1435 22.
611 1380 850 1436 Lzetetur
873 1397 971 1436 cor
999 1394 1210 1447 meum,
1236 1389 1296 1433 ut
1319 1379 1508 1432 timeat
1532 1389 1728 1430 nomen
1768 1382 1934 1427 tuum.

2171 1354 2261 1408 22.
2300 1350 2674 1424 Εὑφρανθήτω
2701 1352 2735 1419 ἡ
2762 1347 2960 1420 καρδία
2997 1362 3098 1418 μου
3128 1386 3142 1409 ,
3177 1342 3273 1396 τοῦ
3311 1340 3603 1411 φοϐεῖσθαι
3634 1338 3700 1391 τὸ

2170 1465 2277 1500 oua
2309 1463 2426 1500 σου.

403 1463 409 1522 ἱ
2104 1463 2277 1518 ονομα
2309 1463 2426 1500 σου.

403 1529 406 1544 Ι
486 1560 577 1615 25.
607 1559 917 1615 Conﬁtebor
946 1561 1065 1627 tibi,
1098 1559 1322 1614 Domine
1367 1556 1513 1613 Deus
1558 1569 1736 1620 meus,
1783 1553 1838 1608 in
1888 1559 1933 1606 lt

2173 1537 2264 1592 25.
2303 1531 2801 1606 Ἐξομολογήσομαί
2840 1548 2944 1602 σοι,
2983 1529 3156 1599 Κύριε
3203 1528 3230 1579 ὁ
3279 1527 3408 1589 Θεὸς
3465 1541 3592 1596 μου,
3638 1524 3702 1577 ἐν

417 1652 579 1710 corde
613 1667 736 1707 meo
771 1671 784 1705 :

2105 1631 2202 1704 ὅλῃ
2224 1629 2422 1700 καρδία
2459 1645 2558 1699 μου
2579 1643 2590 1656 ·

481 1746 570 1800 24.
602 1744 668 1800 Et
689 1745 1006 1817 gloriﬁcabo
1037 1761 1235 1800 nomen
1271 1755 1428 1800 tuum
1457 1745 1513 1800 in
1535 1753 1820 1800 aeternum.

2028 1801 2075 1817 ﬁ
2175 1724 2266 1777 2-1.
2295 1724 2404 1776 Kal
2429 1720 2639 1786 δοξάσω
2669 1719 2730 1772 τὸ
2753 1716 2927 1787 ὄνομά
2951 1733 3045 1768 σου
3075 1717 3154 1780 εἰς
3175 1713 3264 1765 τὸν
3285 1710 3474 1765 αἰῶνα.

485 1837 574 1889 25.
609 1835 750 1902 Quia
778 1835 1157 1892 misericordia
1188 1843 1280 1890 tua
1315 1851 1514 1905 magna
1551 1843 1634 1888 est
1667 1846 1831 1901 super
1865 1844 1996 1883 me:

1737 1846 1831 1901 per
1865 1844 1953 1883 me
1980 1844 1996 1883 ε
2028 1801 2076 1864 Β
2174 1815 2264 1870 25.
2299 1815 2423 1866 ’Ότι
2443 1812 2506 1866 τὸ
2530 1810 2678 1874 ἔλεός
2709 1827 2802 1862 σου
2839 1809 2981 1880 μέγα
3015 1809 3102 1860 ἐπ’
3135 1804 3267 1876 ὲμέ·

485 1929 573 1982 26.
600 1927 668 1986 Ει
689 1928 883 1984 eruisti
907 1928 1149 1982 animam
1186 1941 1364 1982 meam
1392 1942 1460 1982 ex
1485 1925 1701 1980 inferno
1730 1919 2004 1978 inferiori.

2175 1906 2266 1960 26.
2296 1905 2407 1959 Kal
2429 1902 2648 1977 ἐρρύσω
2668 1901 2767 1972 τὴν
2787 1900 2967 1972 ψυχήν
2993 1915 3096 1969 μου
3122 1895 3181 1960 ἐξ
3198 1894 3323 1966 ᾅδου
3350 1890 3700 1946 κατωτάτω.

478 2024 567 2076 27.
594 2022 758 2087 Deus,
798 2023 970 2092 iniqui
1001 2023 1421 2078 insurrexerunt
1444 2036 1608 2090 super
1635 2035 1721 2072 me
1753 2037 1766 2072 :

2179 2005 2275 2059 27.
2317 2004 2376 2056 Ὀ
2405 2002 2559 2066 Θεὸς,
2598 2001 2907 2072 παράνομοι
2939 1997 3316 2065 ἐπανέστησαν
3354 1990 3441 2043 ἐπ’
3473 1987 3574 2092 ἐμὲ
3600 2004 3616 2017 ο

483 2112 574 2168 28.
602 2111 670 2168 Ει
707 2077 983 2184 synagoga
1025 2114 1331 2182 potentium
1374 2077 1714 2182 quwsierunt
1763 2109 2008 2163 animam

2180 2095 2270 2151 28.
2304 2095 2417 2148 Kal
2464 2091 2756 2163 συναγωγὴ
2785 2089 3064 2164 κραταιῶν
3091 2087 3365 2158 ἐζήτησαν
3389 2081 3486 2152 τὴν
3511 2077 3706 2148 ψυχήν

415 2219 590 2258 meam
624 2223 636 2257 ε

2113 2206 2216 2261 μου
2235 2231 2252 2257 ,
2552 2187 2565 2206 "

484 2295 573 2349 29.
602 2294 668 2349 Et
696 2310 802 2349 non
828 2303 1228 2364 proposuerunt
1252 2292 1378 2347 tein
1409 2299 1704 2361 conspectu
1735 2303 1856 2344 suo.

2180 2281 2274 2338 29.
2305 2281 2418 2336 Kal
2437 2277 2823 2352 οἰδ-προέθεντο
2855 2295 2914 2330 σε
2947 2275 3175 2330 ἐνώπιον
3199 2270 3396 2326 αὐτῶν.

485 2387 574 2442 50.
603 2387 670 2442 Ει
693 2397 774 2453 tu,
799 2387 1029 2443 Domine
1056 2387 1200 2442 Deus
1223 2357 1728 2457 meusgmise—rator,
1757 2393 1810 2438 et
1835 2382 1998 2440 mise-

2177 2374 2263 2430 50.
2297 2374 2406 2428 Καὶ
2435 2375 2520 2439 σὺ,
2546 2374 2719 2426 Κύοιε
2741 2374 2768 2425 ὁ
2793 2371 2926 2434 Θεός
2950 2385 3075 2440 μου,
3093 2365 3391 2437 οἰκτίρμων
3419 2360 3516 2415 καὶ
3543 2357 3707 2448 ἐλεήέ

415 2481 612 2543 ricors,

2113 2481 2265 2540 μων.

484 2619 558 2692 (a)
584 2615 739 2674 Vers.
765 2616 856 2686 18,
883 2614 971 2683 19,
989 2614 1092 2679 sub
1121 2613 1284 2670 unico
1309 2626 1448 2675 vers.

1545 2788 1920 2867 ATHANASII
1975 2782 2556 2845 INTERPRETATIO.

488 2987 576 3061 15.
608 2985 906 3054 Benignus.
1343 3009 1348 3014 ·

1343 3009 1348 3014 ·
2027 2981 2073 3042 C
2178 2973 2268 3028 15.
2291 2970 2487 3026 Φιλάνο
2497 2985 2698 3040 ρωπος.

489 3056 578 3150 14.
607 3077 684 3149 Ita
709 3053 972 3144 liberans,
1007 3087 1062 3133 et
1096 3077 1334 3142 salvans.

2176 3063 2261 3117 14.
2291 3062 2479 3124 Οὕτως
2504 3059 2895 3131 λυτρούμενος,
2927 3056 3024 3110 καὶ
3055 3053 3261 3118 σώζων.

485 3148 572 3228 15.
608 3146 692 3243 Ad
725 3171 1065 3228 tremendum
1097 3179 1254 3225 tuum
1283 3167 1573 3238 baptisma.

2181 3155 2266 3210 15.
2297 3157 2393 3218 Εἰς
2420 3154 2482 3206 τὸ
2510 3151 2793 3223 βάπτισμά
2823 3166 2920 3202 σου
2948 3149 2966 3216 ί
2974 3147 3027 3218 1)
3055 3148 3116 3200 τὸ
3145 3145 3396 3217 φοϐερόν.

492 3264 582 3321 16.
617 3263 824 3319 Flectet
852 3278 1016 3320 omne
1041 3277 1204 3333 genu.

2177 3247 2264 3314 16.
2295 3246 2518 3317 Κάμψει
2547 3246 2656 3297 πᾶν
2679 3243 2829 3312 γόνυ.
2918 3259 2931 3272 ·

490 3360 576 3413 17.
613 3359 681 3414 Et
711 3358 895 3415 omnis
920 3328 1107 3429 lingua
1135 3354 1490 3413 conﬁtebitur
1513 3353 1635 3420 tibi,
1653 3351 1791 3418 Quia
1819 3352 2002 3406 Domi-

2179 3342 2267 3395 17.
2306 3341 2419 3393 Kal
2455 3339 2608 3391 πᾶσα
2640 3335 2861 3404 γλῶσσα
2886 3330 3295 3404 ἐξομολογείταί
3343 3346 3427 3383 σοι
3457 3328 3562 3399 (2),
3608 3328 3709 3382 ὅτι

419 3470 516 3524 nus
545 3452 701 3508 Iesus
731 3455 786 3508 in
808 3453 979 3523 gloria
1008 3451 1107 3518 Dei
1137 3449 1321 3504 Patris
1350 3447 1392 3503 ἕ.
1419 3449 1615 3502 Amen.

2104 3435 2321 3504 Κύριος
2343 3431 2575 3500 Ἰησοῦς
2601 3432 2688 3494 εὶς
2713 3426 2902 3492 δόξαν
2924 3424 3073 3480 Θεοῦ
3104 3425 3359 3492 Πατρός.
3385 3421 3589 3492 Ἀμήν.

492 3549 578 3614 18,
611 3549 697 3603 19.
727 3512 1136 3603 Ine'narrabilis.

2178 3524 2266 3588 18,
2302 3524 2388 3580 19.
2421 3521 2834 3592 Ἀνεκδιήγησις
2868 3513 3332 3590 [ἁνεκδιήγητος]
3363 3512 3464 3585 (5).

380 3677 387 3684 α
489 3605 580 3708 20,
611 3640 702 3696 21.
750 3640 867 3696 Duc
915 3656 1024 3706 me,
1073 3639 1324 3708 Domine,
1353 3639 1410 3694 in
1455 3637 1562 3698 ﬁde
1604 3646 1697 3692 tua
1740 3634 1796 3690 in
1841 3647 1910 3689 on

2175 3617 2264 3680 20,
2294 3616 2385 3670 21.
2416 3615 2494 3686 (4)
2525 3613 2736 3682 Ἀγαγὲ
2775 3628 2865 3683 με,
2911 3609 3107 3682 Κύριε,
3155 3610 3214 3662 ἐν
3256 3611 3329 3688 τῇ
3377 3605 3565 3659 πίστει
3601 3621 3705 3659 σου

421 3749 559 3803 opus
593 3733 820 3787 bonum.

1310 3703 1319 3708 ’
2106 3709 2187 3772 εἰς
2215 3709 2321 3761 πᾶν
2352 3706 2514 3778 ἔργον
2540 3703 2761 3774 ἀγαθόν.

488 3823 580 3881 22.
607 3823 793 3880 Gratia
811 3823 989 3880 sancti
1009 3821 1245 3894 Spiritus
1264 3821 1343 3877 tui
1366 3820 1655 3892 impleatur
1671 3833 1768 3888 cor
1798 3831 2001 3880 meum,

2178 3799 2267 3854 22.
2295 3799 2407 3870 Τῆς
2427 3799 2649 3869 χάριτος
2676 3795 2773 3849 τοῦ
2806 3795 2968 3864 ἁγίου
3006 3790 3327 3864 Πνεύματός
3356 3807 3452 3844 σου
3479 3789 3708 3861 πληρω-

422 3928 478 3972 ut
508 3919 732 3972 timeam
762 3931 960 3970 nomen
997 3923 1176 3969 tuum.

2112 3894 2256 3964 Βήτω
2282 3895 2316 3963 ἡ
2348 3891 2544 3963 καρδία
2569 3907 2691 3960 μου,
2721 3889 2810 3942 ἵνα
2840 3887 3094 3958 φοὸῶμαι
3127 3885 3209 3957 (5)
3243 3885 3304 3938 τὸ
3328 3884 3502 3954 ὄνομα
3527 3901 3642 3937 σου.

491 4009 580 4064 25.
611 4008 1094 4064 lnterminabiliter
1121 4007 1357 4062 laudabo
1397 4015 1470 4063 te.

2176 3985 2267 4039 23.
2293 3983 2618 4054 Ἀνυμνήσω
2649 3998 2711 4035 σε
2743 3980 3186 4052 ἁμετεωρὶστως.

491 4103 578 4158 24.
605 4102 662 4156 In
687 4102 838 4157 omni
867 4109 1130 4171 tempore.

1105 4119 1130 4157 ε,
2180 4077 2271 4130 2-1.
2310 4075 2635 4144 Διαπαντός.

492 4198 581 4254 25.
619 4197 891 4265 Quoniam
915 4197 1238 4252 condonasti
1278 4195 1415 4251 mihi
1443 4195 1849 4251 multitudinem
1883 4209 2006 4262 pec-

2182 4170 2272 4243 25.
2309 4171 2434 4223 Ὅτι
2470 4167 2676 4239 πλῆθος
2709 4166 2995 4239 ἁμαρτιῶν
3034 4182 3135 4236 μου
3172 4162 3560 4234 συνεχώρησας
3601 4160 3703 4233 (6).

419 4302 668 4347 ΕΠῙΟΙῚΙΠΙ
717 4305 984 4345 meorum.

490 4384 578 4437 26.
605 4383 646 4436 Ε
679 4381 918 4436 diabolo.

2043 4333 2085 4384 Β
2184 4385 2272 4438 26.
2307 4383 2412 4436 Τοῦ
2443 4382 2709 4440 διαϐόλου.

497 4478 588 4531 27.
624 4475 970 4532 Adversarize
1008 4476 1328 4542 potestates.

2178 4478 2268 4532 27.
2303 4479 2370 4529 Αἱ
2395 4477 2639 4530 ἐναντίαι
2662 4476 2920 4546 δυνάμεις

491 4574 581 4626 28.
612 4571 900 4626 Exercitus
931 4565 1159 4622 diaboli.

2183 4569 2272 4623 28.
2315 4570 2378 4621 Ἠ
2411 4569 2487 4638 (7)
2520 4569 2752 4640 στρατιὰ
2774 4568 2865 4621 τοῦ
2891 4567 3162 4622 διαϐόλου.

489 4666 579 4720 29.
612 4664 679 4718 Ει
708 4679 818 4718 non
858 4664 1258 4733 cogitaverunt,
1292 4664 1439 4734 quod
1468 4663 1544 4733 tul
1569 4664 1685 4733 ipse
1736 4664 2008 4734 inspectas

2182 4660 2272 4712 29.
2307 4660 2418 4712 Kal
2449 4660 2549 4712 οὐκ
2600 4659 2935 4735 ἐλογίσαντο,
2991 4659 3073 4711 ὅτι
3123 4658 3325 4728 ἐφορᾷς
3386 4657 3552 4719 αὐτὸς
3604 4655 3711 4730 (8),

419 4774 540 4828 qua:
565 4757 666 4827 ipsi
696 4756 923 4812 faciunt.

2114 4751 2149 4805 ἃ.
2191 4751 2453 4804 ποιοῦσιν.

489 4848 577 4902 50.
614 4847 682 4903 Ει
712 4850 862 4914 novi,
893 4849 1124 4908 Domine
1154 4851 1300 4908 Deus
1328 4866 1505 4918 meus,
1537 4849 1803 4920 quoniam
1842 4846 2006 4902 mise-

2187 4846 2276 4898 50.
2306 4844 2418 4897 Kal
2441 4840 2580 4910 οἶδα,
2609 4843 2784 4916 Κύριε
2818 4846 2848 4900 ὁ
2877 4843 3014 4908 Θεὸς
3045 4861 3170 4916 μου,
3200 4846 3280 4897 ὅτι
3311 4842 3617 4914 οἰκτίρμων
3657 4837 3709 4912 εἷ

421 4954 570 4998 ratur
591 4950 645 4998 et
670 4942 984 4999 misericors
1009 4959 1089 5000 es.

2118 4938 2208 4990 καὶ
2237 4937 2485 5007 ἐλεήμων

490 5131 512 5163 ⁴
545 5130 780 5201 Philipp.
809 5145 868 5197 ιι,
913 5128 1001 5194 10,
1043 5127 1132 5182 11.

1378 5301 1689 5366 Addenda
1723 5308 1784 5363 et
1819 5303 2197 5384 corrigenda
2239 5321 2317 5365 ex
2353 5303 2493 5365 cod.
2533 5302 2734 5365 Vatic.

2290 5495 2429 5559 Μου,
2459 5494 2546 5564 ἵνα
2581 5492 2872 5564 φοϐοῦμαι.

491 5495 566 5561 (ι)
591 5494 754 5565 Βῆμά
782 5497 904 5548 σου.
2185 5494 2262 5564 (δ)

2243 5566 2258 5634 )
2289 5563 2706 5636 Συνεχώρησαν,
2735 5563 2892 5619 male.

2249 5637 2265 5704 )
2300 5637 2492 5690 'Hnon
2525 5636 2736 5704 legitur.

2250 5716 2260 5760 l

491 5495 566 5561 (Ι)
591 5494 754 5565 Βῆμά
782 5497 904 5548 σου.

489 5565 565 5630 (2)
595 5563 686 5618 Σοι
709 5567 882 5620 deest.

706 5494 754 5548 ιά
782 5497 904 5548 σου.
2185 5494 2236 5561 (5

709 5567 882 5620 deest.
2185 5565 2236 5632 (6

491 5635 564 5704 (5)
596 5636 1029 5706 ᾋνεκδιήγητα.
1577 5705 1611 5706 η
1672 5705 1678 5706 7
1856 5705 1862 5706 γ
2189 5643 2200 5696 ί

490 5705 564 5767 (4)
599 5705 664 5758 Ν.
694 5705 786 5760 20.
826 5705 1055 5774 Ἄγαγέ,
1075 5717 1202 5773 etc.,
1234 5706 1408 5760 πξστει
1437 5720 1546 5759 σου.
1570 5705 1634 5761 Ν.
1659 5705 1746 5760 2|.
1770 5705 1876 5758 Kal
1910 5720 2001 5756 πο·
2187 5711 2200 5774 (

421 5775 684 5849 ρεύσομαι
709 5778 782 5838 εἱς
807 5778 933 5842 πᾶν,
957 5789 1060 5832 etc.

2300 5637 2364 5688 'H
2385 5651 2492 5690 non
2525 5636 2736 5706 legitur.

2297 5706 2519 5769 Αὖτούς.
