3874 6222
135 328 268 384 1017
983 323 1073 380 DE
1112 324 1389 381 TlTULlS
1428 324 1878 383 PSALMORUM.
1921 357 1989 368 —
2025 325 2221 382 PSAL.
2263 327 2552 383 LXXXVI.
3273 328 3406 383 1018

201 448 286 501 5|.
315 445 710 516 Μακρὸθυμος,
738 449 832 499 καὶ
863 447 1170 510 πολυέλεος,
1193 449 1285 499 καὶ
1314 447 1563 518 ἀληθινός
1587 467 1599 480 ·

1771 469 1816 516 ι,
1886 450 1972 504 5|.
2004 449 2246 518 Patiens,
2273 459 2326 505 et
2351 451 2534 504 multm
2565 448 2977 513 misericordiae,
3013 459 3069 506 et
3093 464 3258 506 verax
3286 467 3301 505 :

202 540 288 594 5‘2.
327 538 654 609 Ἐπίϐλεῲον
682 539 767 592 ἐπ’
805 541 926 610 ἐμὲ,
964 540 1058 592 καὶ
1087 541 1307 610 ἐλέησόν
1340 557 1427 594 tte.

1887 543 1977 596 52.
2015 542 2246 612 Respice
2273 545 2328 598 in
2352 560 2461 608 me,
2486 552 2541 598 et
2572 543 2831 599 miserere
2865 543 2991 597 mei.

199 633 286 689 55.
319 632 420 695 Δὸς
444 632 508 685 τὸ
523 631 724 702 κράτος
755 648 848 684 σου
883 630 961 702 τῷ
996 631 1147 684 παιδί
1177 649 1269 684 σου
1289 648 1301 661 ·

1890 636 1982 690 55.
2019 633 2096 690 Da
2121 636 2406 704 imperium
2436 645 2591 690 tuum
2619 651 2788 706 puero
2813 645 2906 690 tuo
2937 653 2951 690 :

203 727 289 782 54.
323 726 436 780 Καὶ
462 725 635 778 σῶσον
663 725 754 777 τὸν
777 725 889 778 υἱὸν
922 725 1023 795 τῆς
1057 724 1348 795 παιδίσκης
1384 742 1498 778 σου.

1894 726 1984 780 54.
2022 726 2089 780 Et
2122 728 2334 781 salvum
2372 726 2459 783 fac-
2489 728 2661 782 (ilium
2693 729 2906 782 ancilla:
2944 735 3072 786 tute.
3176 753 3185 762 -

204 819 288 873 55.
320 818 559 888 Ποίησον
591 817 709 888 μετ’
741 816 876 888 ἐμοῦ
908 819 1132 888 σημεῖον
1165 820 1243 881 εἰς
1270 817 1508 886 ἀγαθόν’

1447 835 1508 870 ν’
1888 817 1979 871 55.
2013 817 2121 873 Fac
2151 835 2366 874 mecum
2389 820 2607 891 signum
2639 821 2693 874 in
2725 822 2932 876 bonum
2960 841 2973 876 :

204 910 289 965 56.
320 911 430 964 Καὶ
470 909 730 964 ἰδέτωσαν
763 911 813 962 οἱ
852 909 1138 980 μισοῦντές
1171 926 1260 979 με,
1289 910 1384 964 καί
1427 908 1719 982 αἰσχυνθή-

1889 909 1978 964 56.
2009 908 2081 965 Ut
2127 911 2368 980 videant,
2413 913 2509 982 qui
2551 913 2784 969 oderunt
2817 930 2926 982 me,
2985 921 3039 969 et
3064 909 3405 970 confundan-

139 1021 330 1058 τωσαν.

1819 1007 1927 1058 tur.

202 1098 288 1153 57.
325 1097 454 1150 Ὅτι
487 1097 576 1160 σὺ,
619 1093 816 1166 Κύριε,
848 1091 1154 1163 ἐϐοήθησας
1185 1109 1297 1162 μοι,
1329 1091 1424 1146 καὶ
1467 1091 1716 1164 παρεκά-

1890 1093 1982 1147 57.
2016 1091 2288 1158 Quoniam
2320 1101 2399 1160 tu,
2423 1092 2676 1162 Domine,
2701 1093 2957 1164 adjuvisti
2985 1108 3092 1160 me,
3125 1105 3180 1150 et
3203 1111 3404 1152 conso-

141 1193 292 1254 λεσὰς
322 1208 413 1261 με.

1816 1184 1962 1239 latus
1995 1201 2054 1240 es
2079 1200 2185 1238 me.

219 1308 340 1372 Τοῖς
365 1304 521 1371 υἱοῖς
548 1301 699 1372 Κορὲ
722 1299 964 1371 ψαλμὸς
991 1298 1168 1366 ᾠδῆς.
1216 1300 1449 1351 ΨΑΛΜ.
1478 1299 1625 1364 11G".

1869 1298 2028 1352 Filiis
2057 1297 2188 1352 Core
2221 1297 2460 1368 psalmus
2487 1300 2701 1354 cantici.
2727 1298 2997 1354 PSALM.
3030 1299 3347 1356 LXXXVI.

211 1398 258 1453 1.
284 1399 343 1451 Οἱ
371 1396 614 1466 Θεμέλιοι
638 1391 802 1446 αὐτοῦ
835 1393 892 1444 ὲν
918 1393 1030 1452 τοῖς
1055 1388 1206 1459 ὄρεσι
1231 1390 1342 1450 τοῖς
1368 1387 1575 1454 ἁγίοις·

1892 1391 1943 1443 1.
1971 1389 2351 1445 Fundamenta
2381 1389 2502 1460 ejus
2535 1391 2590 1444 in
2626 1391 2909 1446 montibus
2943 1393 3148 1446 sanctis
3182 1411 3194 1446 :

207 1489 256 1542 2.
299 1488 518 1557 Ἀγαπᾷ
548 1485 623 1554 (a)
653 1482 859 1553 Κύριος
887 1480 984 1543 τὰς
1011 1478 1182 1541 πύλας
1210 1477 1347 1532 Σιὼν
1372 1478 1513 1548 ὑπὲρ
1540 1475 1714 1531 πάντα

1887 1481 1941 1535 2.
1977 1480 2163 1551 Diligit
2200 1480 2471 1538 Dominus
2501 1491 2693 1552 portas
2737 1479 2894 1546 Sion,
2922 1497 3086 1552 super
3115 1485 3299 1539 omnia
3327 1493 3407 1540 ta-

144 1581 205 1633 ea
231 1578 568 1649 σκηνώματα
607 1573 826 1629 Ἰακώϐ.

815 1615 826 1627 .
1817 1573 2112 1627 bernacula
2149 1571 2339 1629 Jacob.

207 1673 257 1727 5.
294 1669 669 1741 Δεδοξασμένα
712 1664 953 1736 ἐλαλήθη
997 1663 1126 1735 περὶ
1179 1661 1270 1716 σοῦ
1298 1701 1313 1726 ,
1355 1664 1392 1731 ἡ
1436 1660 1589 1724 πόλις
1620 1659 1714 1713 τοῦ

1620 1659 1714 1713 τοῦ
1889 1666 1942 1720 5.
1977 1665 2230 1720 Gloriosa
2257 1666 2402 1722 dicta
2430 1676 2560 1722 sunt
2579 1665 2650 1723 de
2679 1674 2754 1728 te,
2779 1667 2975 1722 civitas
3004 1667 3121 1723 Dei.

145 1763 287 1816 Θεοῦ.

209 1858 256 1910 4.
286 1855 691 1926 Μνησθήσομαι
734 1850 926 1915 Ῥαὰϐ,
978 1849 1072 1903 καὶ
1124 1845 1444 1908 Βαϐυλῶνος
1475 1845 1588 1908 τοῖς
1633 1860 1717 1911 γι-

1891 1851 1949 1908 4.
1976 1850 2214 1923 Μθωοιχ
2244 1867 2339 1907 ero
2390 1851 2588 1909 Rahab
2609 1893 2627 1922 ,
2662 1859 2719 1909 et
2767 1852 3068 1925 Babylonis
3117 1853 3404 1910 scicntium

147 1948 398 2002 νώσκουσί
429 1965 523 2018 με.
1824 1953 1934 1997 me.
2265 1943 2272 1950 ’

768 2037 1106 2106 Διάψαλμα.
1685 2101 1688 2104 ρ
1830 2104 1847 2106 _

1685 2101 1688 2104 ἠ
1830 2104 1847 2106 _
2451 2027 2784 2098 Diapsalma.

209 2133 255 2186 5.
290 2133 400 2186 Καὶ
443 2131 557 2185 ἰδοὺ
593 2104 905 2199 ἀλλόφυλοι,
942 2104 1038 2181 καὶ
1077 2125 1251 2196 Τύρος
1277 2165 1292 2190 ,
1327 2123 1421 2176 καὶ
1453 2121 1580 2184 λαὸς
1609 2119 1716 2174 τῶν

1891 2123 1940 2177 5.
1973 2121 2112 2176 Ecce
2143 2121 2485 2192 alienigenae,
2528 2121 2812 2193 ethyrus,
2841 2131 2895 2178 et
2919 2122 3150 2194 populus
3192 2123 3404 2183 Ethio—

147 2226 422 2294 Αἰθιόπων,
455 2219 606 2279 οὗτοι
637 2223 712 2297 (ὁ)
746 2222 1084 2293 ἐγενήθησαν
1116 2221 1251 2273 ἐκεῖ.

932 2224 1084 2292 υησαν
1116 2221 1251 2273 ἐκεῖ.
1825 2230 1978 2284 pum,
2003 2215 2059 2268 hi
2081 2212 2306 2268 fuerunt
2331 2213 2462 2268 illic.

211 2343 282 2411 (a)
304 2343 544 2412 Ἀγαπᾷ,
577 2348 686 2412 etc.
724 2339 918 2409 Ὑπὲρ,
953 2347 1056 2412 etc.
1091 2335 1249 2392 Vers.
1292 2335 1399 2412 duo
1431 2332 1552 2412 sub"
1575 2331 1737 2412 unico
1774 2346 1927 2412 num.

212 2401 468 2485 (bjﬂVérs.
589 2403 770 2472 Οὗτοι,
806 2401 924 2485 etc._
950 2409 1321 2485 Mﬁcnp,_ete.
1505 2401 1742 2485 .avﬂ'pwr.

1869 2410 2007 2485 etc,
2050 2409 2362 2485 uersantrcs
2386 2402 2488 2457 sub
2517 2402 2681 2460 unico
2709 2417 2864 2458 num.
2899 2401 2961 2461 V.
2989 2403 3042 2456 7.
3067 2405 3179 2458 Kal.
3216 2403 3399 2470 αὐτὸς,

149 2470 242 2540 etc‘.
375 2484 427 2539 8.
448 2483 680 2555 Κύριος,
702 2470 806 2536 etc.
836 2470 1145 2549 Διάψαλμόί.
1181 2477 1246 2533 ν.
1276 2475 1329 2530 9.
1353 2474 1464 2527 Kal.
1494 2470 1679 2542 ἀρχόνει

919 2470 1145 2549 ὶψαλμαξ
1181 2477 1246 2533 ν.
1276 2475 1329 2530 9.
1353 2474 1464 2527 Kal.
1494 2470 1790 2542 ἀρχόντων,
1826 2482 1930 2526 etc.
1968 2471 2029 2529 ν.
2066 2470 2153 2524 10.
2202 2471 2310 2537 Ὡς,
2343 2482 2449 2527 etc.

1263 2628 1641 2687 ATHANASII
1689 2627 2276 2685 INTERPBETATIO.

212 2794 692 2863 51.’Δνεξίκακος,
738 2792 833 2847 καὶ
881 2789 1241 2853 ἀδιαλείπτως
1287 2787 1478 2853 ἐλεεῖς,
1511 2787 1605 2840 καὶ
1660 2788 1718 2840 ἐν

1888 2788 1979 2843 5-1.
2009 2787 2250 2854 Patiens,
2277 2799 2332 2844 et
2363 2788 2736 2845 indesinenter
2763 2792 3068 2862 misereris,
3090 2801 3146 2849 et
3175 2793 3233 2849 in
3259 2792 3403 2852 veri-

153 2889 384 2963 ἀληθείᾳ.

1818 2891 1948 2937 tate.

213 2982 294 3037 52.
319 2983 587 3055 Πρόσχες,
617 2982 812 3053 Κύριε,
846 2983 942 3036 καὶ
972 2978 1194 3052 ἐλέησόν
1226 2994 1315 3049 με.

1885 2972 1975 3027 52.
2001 2972 2252 3036 Attende,
2287 2971 2540 3036 Domine,
2575 2979 2631 3026 et
2659 2971 2922 3028 miserere
2953 2973 3080 3029 mei.

214 3075 296 3130 55.
331 3076 428 3139 Δὸς
447 3077 550 3148 τὴν
579 3076 739 3148 χάριν
772 3093 866 3128 σου
891 3074 968 3146 τῷ
993 3073 1164 3142 δούλῳ
1195 3088 1312 3125 σου.

1901 3066 1995 3120 55.
2026 3062 2102 3119 Da
2133 3065 2362 3135 gratiam
2390 3073 2536 3118 tuam
2563 3078 2718 3120 servo
2749 3072 2863 3119 tuo.

214 3167 295 3221 54.
325 3169 435 3222 Καὶ
465 3167 640 3221 σῶσον
664 3167 756 3221 τὸν
790 3168 915 3221 λαὸν
941 3169 1038 3234 τῇς
1074 3164 1404 3235 συναγωγῆς
1440 3180 1549 3217 των
1595 3166 1716 3217 ‘low

1691 3181 1716 3214 ιε
1894 3158 1982 3214 54.
2018 3158 2085 3214 Et
2112 3159 2264 3215 salva
2289 3159 2548 3229 populum
2577 3173 2866 3229 synagoga:
2890 3155 3221 3224 Judaeorum.

152 3273 321 3312 οαιων.

215 3349 297 3404 55.
323 3350 539 3422 Νεκρδν
553 3349 684 3403 ὄντα
709 3367 776 3421 με
808 3348 1166 3420 ζωοποίησον.

1135 3367 1166 3402 μ.
1887 3343 1975 3398 55.
2013 3349 2289 3397 Mortuum
2315 3355 2403 3395 me
2428 3339 2665 3394 vivilica.

215 3441 300 3495 56.
332 3443 398 3497 Ai
432 3443 678 3498 ἐναντίαι
704 3442 980 3514 δυνάμεις.

1889 3438 1978 3492 56.
2012 3435 2313 3491 Contraria
2341 3441 2657 3504 potestates.

215 3530 297 3586 57.
322 3533 442 3588 Ὅτι
475 3535 564 3599 σὺ,
595 3533 788 3606 Κύριε,
832 3533 1139 3606 ἐϐοήθησας
1185 3551 1297 3604 μοι,
1346 3534 1440 3589 καὶ
1483 3535 1722 3590 ἀνέπαυ·

1891 3531 1980 3586 57.
2012 3529 2284 3596 Quoniam
2341 3536 2420 3592 tu,
2465 3523 2714 3586 Domine,
2757 3523 3014 3593 adjuvisti
3060 3537 3168 3586 me,
3220 3530 3275 3576 et
3321 3537 3407 3578 re-

158 3623 242 3685 σάς
265 3641 328 3696 με
350 3629 413 3682 ὲκ
438 3626 537 3681 τοῦ
578 3628 750 3687 κόπου
781 3627 874 3688 καὶ
909 3627 1134 3698 φορτίου
1179 3629 1255 3698 (1)
1299 3627 1410 3683 τῶν
1436 3629 1688 3702 ἁμαρτιῶ

1931 3623 2025 3679 isti
2079 3637 2167 3677 me
2207 3637 2237 3675 a
2288 3619 2500 3680 labore,
2552 3626 2607 3671 et
2646 3631 2815 3672 onere
2859 3624 3208 3686 peccatorum
3257 3629 3410 3670 meo‘
3455 3692 3461 3700 _

159 3730 262 3780 μου.

1827 3736 1949 3775 rum

225 3918 284 3970 Ἠ
305 3920 638 3993 προκειμένη
680 3921 959 3993 ἐπιγραφὴ
983 3940 1228 3995 περιεχει
1259 3923 1335 3995 (2)
1356 3941 1370 3956 ο
1404 3923 1532 3989 Τοῖς
1560 3922 1714 3988 υἱοῖς
1742 3923 1894 3991 Κορὲ
1924 3917 2167 3990 ψαλμὸς
2200 3914 2384 3984 ᾠδῆς,
2411 3908 2660 3966 τουτέστι
2690 3911 2802 3972 τοῖς
2827 3908 3088 3981 καθαροῖς
3115 3911 3182 3978 τῇ
3212 3906 3409 3978 καρδία

153 4009 179 4059 ὁ
204 4009 272 4080 (5)
304 4011 518 4084 ψαλμὸς
547 4013 752 4085 ᾄδεται.

217 4102 417 4163 Titulus
442 4107 773 4180 praepositus
805 4105 1049 4174 continet
1083 4123 1096 4159 :
1128 4102 1290 4158 Filiis
1315 4102 1449 4158 Core
1476 4101 1714 4171 psalmus
1741 4099 1938 4153 cantici
1969 4110 1987 4150 :
2017 4097 2122 4150 hoc
2147 4103 2230 4149 est
2259 4094 2482 4150 mundis
2507 4094 2672 4149 corde
2699 4093 2946 4164 psalmus
2984 4090 3217 4147 canitur.

221 4259 265 4313 l.
291 4264 356 4316 Ai
390 4218 689 4336 μαρτυρίαι
717 4262 816 4332 τῆς
859 4259 1164 4331 παρουσίας
1199 4259 1292 4312 καὶ
1321 4258 1428 4311 τῶν
1459 4254 1716 4328 παθημά-
1747 4265 1751 4320 ξ

1891 4254 1942 4307 1.
1977 4251 2313 4309 Testimonia
2371 4251 2661 4318 adventus,
2713 4258 2768 4305 et
2811 4249 3130 4320 passionum
3181 4247 3314 4316 ejus
3349 4248 3402 4300 in

157 4367 250 4406 των
270 4356 426 4410 αὑτοῦ
453 4360 513 4411 ὲν
538 4358 650 4418 τοῖς
674 4355 999 4424 προφήταις·

591 4358 650 4418 ιτς
674 4355 999 4424 προφήταις.
1823 4344 2121 4418 prophetis.

218 4445 266 4499 2.
290 4447 422 4511 Τοὺς
469 4447 801 4510 ἀποστόλους
835 4447 1025 4516 ἀγαπᾷ
1064 4444 1267 4508 Κύριος
1301 4444 1440 4514 ὑπὲρ
1485 4443 1547 4497 τὸ
1581 4442 1716 4514 πλῆ·

1897 4437 1951 4495 2.
1988 4435 2280 4506 Apostolos
2336 4431 2513 4502 diligit
2555 4430 2822 4488 Dominus
2883 4446 3049 4500 supra
3098 4429 3403 4484 multitudi—

161 4530 238 4597 θος
263 4537 363 4590 τῶν
398 4538 689 4593 Ἰουδαίων.

1824 4544 1950 4584 nem
1977 4526 2315 4584 Iudaeorum.

219 4628 267 4681 5.
293 4632 518 4701 Μεγὰλα
548 4631 642 4685 καὶ
669 4630 745 4701 (4)
774 4628 1064 4702 θαυμαστά
1084 4629 1297 4702 εἴρηται
1329 4627 1457 4699 περὶ
1500 4627 1594 4681 σοῦ
1619 4627 1718 4697 τῆς

1895 4624 1952 4676 5.
1989 4621 2207 4692 Magna,
2239 4629 2293 4678 et
2334 4616 2605 4672 mirabilia
2631 4615 2774 4671 dicta
2819 4623 2949 4670 sunt
2975 4615 3042 4670 de
3073 4623 3147 4681 te,
3173 4629 3407 4685 superna

157 4719 257 4772 ἄνω
291 4721 667 4795 Ἰερουσαλήμ.

614 4741 667 4794 μ.
1823 4715 2144 4772 Jerusalem.

219 4809 266 4863 4.
290 4813 398 4884 Τῆς
420 4815 750 4886 Ἐκκλησίας
769 4816 875 4869 τῶν
903 4814 1175 4868 Ἰουδαίων
1202 4814 1280 4886 (5)
1295 4813 1404 4866 τῶν
1431 4813 1717 4866 πιστευόν-

1895 4811 1948 4864 4.
1981 4809 2241 4864 Ecclesiae
2272 4805 2583 4863 Judaaorum
2618 4805 2956 4860 credentium
2991 4805 3044 4858 in
3085 4819 3189 4860 me.
3225 4803 3405 4856 Rahab

158 4918 252 4955 των
273 4907 347 4970 είς
381 4911 499 4980 ἐμέ.
547 4907 732 4964 Ῥαὰϐ
757 4909 1120 4981 ἑρμηνεύεται
1153 4906 1585 4963 πλατυνθεῖσα.
1606 4909 1688 4960 Βα

1877 4909 2213 4972 lter-pretatur
2247 4903 2497 4954 dilatata.
2531 4898 2772 4969 Babylon
2798 4909 2979 4954 autem
3017 4898 3407 4968 interpretatur

161 4992 340 5050 ευλὼπν
360 4999 415 5052 δὲ
438 4999 801 5072 ἑρμηνεύεται
827 5001 1152 5070 σύγχυσις,
1187 5000 1323 5071 ὅπερ
1352 4999 1458 5051 εἰσὶ
1479 4997 1546 5051 τὰ
1567 4996 1691 5068 ἔθνη

1187 5000 1323 5071 ὅπερ
1352 4999 1458 5051 εἰσὶ
1479 4997 1546 5051 τὰ
1567 4996 1714 5068 ἔθνη.
1826 4997 2088 5066 confusio,
2122 4993 2309 5064 quales
2338 5002 2464 5048 sunt
2488 5001 2696 5064 gentes.

224 5086 270 5140 5.
303 5090 408 5144 Kal.
454 5094 565 5146 ἰδοὺ
596 5096 652 5148 οἱ
697 5094 1090 5158 πιστεύοντες
1117 5093 1193 5161 (6)
1220 5110 1232 5122 ·
1280 5091 1439 5144 τοῦτο
1473 5089 1582 5161 γὰρ
1627 5090 1720 5162 ἐρ·

1901 5089 1953 5142 5.
1985 5087 2053 5141 Et
2085 5101 2211 5142 ecce
2239 5085 2503 5141 credentes
2530 5101 2547 5139 .'
2574 5085 2647 5140 ita
2669 5084 2814 5139 enim
2839 5085 3264 5153 interpretantur
3283 5083 3409 5137 alie-

165 5181 430 5270 μηνεύεται
458 5186 815 5254 ἀλλόφυλοι.
840 5181 969 5239 Εἶτα
999 5185 1200 5252 Τύρος,
1221 5184 1494 5237 τουτέστιν
1517 5183 1553 5250 ἠ
1581 5198 1695 5237 συν

1873 5181 2049 5251 igenaz.
2081 5175 2287 5234 Deinde
2324 5176 2515 5248 Tyrus,
2546 5177 2651 5232 hoc
2681 5184 2766 5232 est
2788 5175 3058 5247 angustia,
3087 5185 3143 5230 et
3176 5175 3403 5245 populus

1094 5363 1406 5426 Addenda
1441 5379 1505 5426 et
1535 5357 1916 5441 corrigenda
1947 5375 2027 5420 ex
2068 5357 2210 5420 cod.
2239 5357 2443 5420 Vatie.

320 5551 540 5626 1931195
569 5554 838 5626 φορτίουη
869 5624 875 5626 _
1897 5548 1974 5611 (εἰ)
2001 5547 2121 5626 Tan
2143 5543 2689 5626 sevﬁwntbvzm'Paﬁ
2724 5541 2832 5612 γὰο
2868 5541 3226 5610 ὲομηνευεται
3257 5553 3404 5607 συγ-
3477 5543 3480 5545 ’

414 5624 499 5701 διὰ
523 5615 623 5695 τῆς
643 5615 1024 5696 ’κινναϐάρεως
1057 5640 1182 5693 περ.
1827 5617 2344 5701 χιινοςιςλσόπερρστι
2374 5617 2440 5669 τὰ
2473 5615 2618 5685 ἔθνη,

225 5676 296 5750 '5')
340 5691 394 5743 ὀ
425 5676 620 5750 mat“
931 5676 1024 5687 ην
1134 5677 1144 5693 ·

1898 5676 2064 5754 (6)Ὀὶ
2089 5676 2367 5751 πεσόντες,
2400 5697 2531 5743 ctc..
2572 5676 2818 5739 τουτέστι
2863 5680 3080 5752 συνοχὴ,
3107 5680 3198 5737 καὶ
3223 5681 3250 5733 ὁ
3274 5676 3401 5754 λαὸς

229 5755 298 5829 (4)
334 5762 434 5817 Καί
459 5767 623 5824 deest.

1872 5750 2143 5824 ταπεινὸς,
2169 5766 2253 5813 ctc
2330 5750 2337 5751 ί
3048 5750 3056 5752 “
3389 5750 3391 5754 ’
