3874 6222
451 337 591 394 1019
1237 332 1292 387 S.
1335 331 1706 388 ATHA-NASII
1747 331 1900 388 OPP.
1945 331 2126 388 PARS
2169 329 2358 388 ΙΙΙ’.’-
2397 327 2814 386 EXEGETICA.
3621 321 3750 378 i020

517 451 570 508 6.
603 449 775 504 Mater
803 451 958 514 Sion,
987 451 1128 506 dicet
1155 451 1322 504 homo
1359 471 1372 504 :

2052 453 2097 508 Α
2195 449 2248 503 6.
2282 449 2480 518 Μήτηρ
2509 445 2667 510 Σιὼν,
2699 447 2813 516 ἐρεῖ
2837 443 3167 514 ἄνθρωποςν

518 546 568 601 7.
601 545 667 600 Et
697 545 862 599 homo
891 553 1054 598 natus
1082 552 1168 598 est
1195 545 1251 598 in
1283 561 1346 598 ea

2218 541 2268 594 7.
2305 541 2409 594 Καὶ
2443 539 2730 610 ἄνθρωπος
2763 535 2997 607 ἐγενήθη
3025 537 3082 588 ἐν
3105 533 3275 604 αὐτῇ·

517 637 568 692 8.
603 636 672 691 Ει
705 619 822 706 ipse
847 635 1100 690 fundavit
1120 651 1240 690 eam
1268 635 1610 692 Altissimus.

2310 633 2415 685 Καὶ
2449 631 2612 694 αὐτὸς
2637 628 3002 699 ἐθεμελίωσεν
3037 625 3208 697 αὐτὴν
3240 627 3269 678 ὁ
3296 623 3606 694 ’Ύψιστος.
3839 698 3840 719 γ

515 731 570 786 9.
601 729 866 784 Dominus
897 728 1142 782 narrabit
1171 727 1227 782 in
1263 729 1551 798 scripturis
1583 729 1938 799 populorum,
1980 735 2035 782 et

2310 723 2504 796 Κύριος
2533 723 2856 794 διηγήσεται
2883 722 2940 775 ἑν
2965 724 3152 792 γραφῇ
3193 719 3362 785 λαῶν,
3401 719 3497 772 καὶ
3545 717 3752 788 ἀρχόν·
3839 724 3840 785 1

445 822 752 892 principum
781 821 999 886 horum,
1031 822 1126 891 qui
1151 820 1372 876 fuerunt
1403 821 1459 874 in
1487 836 1572 875 ea.
1775 873 1778 876 .

2139 835 2247 870 των
2280 816 2507 881 τούτων,
2541 814 2650 868 τῶν
2679 813 3068 885 γεγενημένων
3099 815 3157 865 ἐν
3183 812 3343 884 αὐτῇ.

518 911 604 968 10.
640 911 797 968 Sicut
826 913 1130 968 laetantium
1163 914 1411 967 omnium
1453 912 1718 966 habitatio
1747 919 1831 966 est
1867 909 1920 964 in
1958 917 2028 964 te.

2219 915 2306 969 10.
2351 915 2438 977 Ὡς
2470 913 2916 984 εὐφραινομένων
2951 910 3169 965 πάντων
3193 911 3228 980 ἡ
3257 909 3510 962 κατοικία
3543 909 3612 960 ἐν
3647 905 3749 961 σοί.

446 1025 727 1082 Canticum
766 1025 958 1095 psalmi
985 1025 1114 1095 ﬁliis
1153 1025 1306 1090 Core,
1336 1029 1390 1080 in
1421 1027 1578 1096 ﬁnem
1616 1043 1710 1096 pro
1745 1025 1976 1078 Mahelet

2225 1027 2290 1095 δὴ
2315 1025 2561 1095 ψαλμοῦ
2595 1024 2722 1091 τοῖς
2757 1023 2911 1090 υἱοῖς
2951 1021 3104 1090 Κορὲ
3122 1060 3137 1086 ,
3167 1023 3254 1086 εις
3281 1019 3346 1073 τὸ
3375 1019 3563 1085 τέλος
3595 1019 3755 1088 ὑπὲρ

516 1119 587 1174 ad
647 1119 1069 1188 respondendum
1126 1136 1418 1174 sermonem
1459 1121 1758 1174 intellectus
1805 1119 2029 1172 zEtham

2227 1119 2446 1176 nausa
2467 1159 2481 1182 ,
2547 1117 2656 1172 τοῦ
2719 1115 3121 1186 ἀποκριθῆναι
3171 1115 3358 1181 λόγον
3419 1112 3757 1178 συνέσεως

515 1209 804 1265 Israelita.
839 1209 1108 1265 PSALM.
1142 1211 1346 1264 LXXX
1369 1211 1498 1265 VII.

2208 1215 2397 1280 Αὶθὰμ
2433 1210 2513 1276 τῷ
2559 1210 2924 1278 Ἱσραηλίτῃ.
2961 1211 3135 1262 ΨΑΛ.
3168 1209 3313 1262 ΠΖθ.

517 1305 570 1359 1.
602 1304 834 1360 Domine
867 1302 1014 1359 Deus
1038 1305 1232 1359 salutis
1267 1321 1423 1368 meae,

2209 1305 2264 1360 1.
2293 1304 2464 1376 Κύριε
2495 1305 2526 1356 ὁ
2552 1303 2684 1366 Θεὸς
2716 1303 2817 1372 τῆς
2845 1301 3122 1373 σωτηρίας
3149 1317 3252 1370 μου
3274 1341 3288 1365 ,

514 1395 573 1450 2.
599 1395 696 1450 Die
729 1395 966 1450 clamavi
995 1403 1050 1450 et
1075 1407 1235 1452 nocte
1266 1413 1452 1452 coram
1485 1405 1559 1450 te.
1677 1437 1686 1448 .

2208 1395 2262 1450 2.
2312 1396 2554 1468 Ἡμέρας
2581 1395 2859 1466 ἐκέκραξα
2892 1395 2988 1447 καὶ
3017 1397 3074 1446 ἐν
3103 1392 3262 1447 νυκτὶ
3289 1392 3534 1446 ἐναντίον
3569 1408 3695 1444 σου.

515 1486 572 1541 5.
605 1485 778 1541 Intret
813 1486 870 1539 in
898 1497 1198 1556 conspectu
1229 1497 1323 1542 tuo
1351 1487 1527 1541 oratio
1557 1501 1676 1540 mea
1705 1505 1718 1539 :

2211 1489 2265 1543 5.
2295 1487 2601 1542 Εἰσελθέτω
2631 1487 2862 1540 ἐνώπιόν
2885 1504 2978 1539 σου
3005 1488 3039 1556 ἡ
3067 1484 3341 1556 προσευχὴ
3379 1499 3482 1554 μου
3504 1499 3518 1513 ·

516 1578 572 1632 4.
604 1575 812 1632 Inclina
848 1593 1036 1632 aurem
1071 1587 1218 1632 tuam
1253 1579 1319 1632 ad
1348 1593 1565 1646 precem
1597 1593 1798 1630 meam.

2207 1577 2262 1631 4.
2295 1578 2490 1631 Κλῖνον
2511 1577 2572 1630 τὸ
2595 1573 2688 1641 οὖς
2723 1593 2816 1629 σου
2852 1577 2932 1639 εἰς
2953 1577 3050 1647 τὴν
3076 1575 3258 1646 δέησίν
3293 1591 3413 1644 μου.

519 1669 572 1725 5.
598 1667 738 1735 Quia
765 1669 968 1739 repleta
993 1679 1078 1723 cst
1105 1671 1265 1724 malis
1293 1671 1474 1724 anima
1505 1685 1624 1723 mea
1657 1688 1670 1722 :

2208 1669 2260 1723 5.
2299 1670 2422 1722 Ὅτι
2448 1668 2693 1740 ἐπλήσθη
2718 1668 2904 1722 κακῶν
2938 1669 2971 1738 ἡ
2999 1667 3146 1738 ψυχή
3185 1684 3288 1737 μου
3306 1682 3319 1696 ·

521 1759 572 1817 6.
605 1760 674 1817 Et
705 1761 817 1817 vita
845 1777 968 1817 mea
997 1761 1216 1817 inferno
1245 1763 1723 1834 appropinquavit.

1678 1773 1723 1817 lt.
2053 1741 2104 1800 Β
2201 1760 2253 1814 6.
2279 1762 2444 1834 Καὶὴ
2471 1760 2582 1834 ζωή
2623 1777 2722 1832 μου
2755 1761 2833 1831 τῷ
2867 1760 2970 1834 ᾄδῃ
3013 1761 3208 1832 ἧγγισε

1593 1916 1966 1973 ATHANASII
1997 1915 2597 1976 INTERPRETATIO.

449 2059 705 2134 [populus
731 2057 1076 2130 Ethiopum]
1111 2059 1335 2114 humilis
1367 2059 1684 2130 denigratus
1723 2076 1754 2116 a
1783 2069 1979 2131 peccati

2219 2063 2274 2130 ὴ,
2303 2061 2398 2116 καὶ
2432 2059 2560 2122 λαῆς
2595 2057 2752 2132 [λαὸς
2783 2056 2891 2112 τῶν
2915 2055 3218 2126 Αἰθιόπων)
3244 2057 3272 2110 ὁ
3305 2055 3560 2120 ταπεινὸς
3579 2057 3749 2127 ὀμει-

447 2151 504 2206 hi
532 2167 724 2207 omnes
755 2151 812 2206 in
840 2153 1059 2208 lavacro
1091 2153 1338 2207 renovati
1368 2163 1517 2208 sunt.

2217 2155 2522 2226 λανωμένος
2562 2153 2667 2206 ὑπὸ
2704 2155 2804 2224 τῆς
2838 2150 3134 2224 ἁμαρτίας,
3167 2143 3310 2204 οὗτοι
3341 2149 3542 2213 πάντες
3573 2153 3640 2203 ἐν
3677 2153 3747 2220 τῇ

2139 2246 2267 2300 κολυ
2277 2246 2420 2316 μϐήϐ
2433 2263 2502 2316 pa
2524 2242 2924 2314 ἀνενεώθησαν.

485 2325 538 2379 6.
602 2329 826 2385 Matrem
869 2339 1064 2386 vocant
1093 2331 1416 2399 Ecclesiam,
1461 2332 1552 2388 ubi
1600 2331 1876 2388 confessio
1913 2333 2015 2388 sin-

2215 2339 2260 2390 Β.
2291 2338 2523 2408 Μητέρα
2557 2335 2784 2388 καλοῦσι
2818 2335 2917 2406 τὴν
2953 2333 3308 2404 Ἐκκλησίαν,
3345 2334 3478 2386 ὅπου
3521 2333 3556 2402 ἡ
3603 2334 3745 2402 ὀμο-

446 2421 698 2491 gulorum
719 2421 982 2478 ﬁdelium.

2138 2430 2296 2498 λογία
2316 2431 2550 2482 ἑκάστου
2582 2428 2692 2482 τῶν
2719 2427 2949 2480 πιστῶν.

518 2513 570 2581 7,
603 2513 655 2568 8.
679 2514 745 2569 Et
771 2515 1087 2572 Altissimus
1115 2515 1284 2571 homo
1317 2516 1535 2571 advenit
1566 2515 1619 2570 in
1653 2532 1798 2582 eam,
1833 2525 1886 2572 et
1913 2517 2030 2586 ipsc

2215 2521 2264 2586 7,
2287 2520 2342 2574 8.
2381 2521 2458 2592 (1)
2489 2521 2600 2573 Καὶ
2637 2520 2666 2572 ὁ
2717 2519 2980 2589 Ὗψιστος
3029 2518 3318 2590 ἄνθρωπος
3355 2516 3745 2587 παραγέγονεν

445 2604 693 2663 fundavit
721 2623 866 2664 eam.

2136 2615 2192 2666 ἐν
2227 2613 2388 2682 αὐτῇ,
2423 2611 2520 2664 καὶ
2551 2611 2713 2674 αὐτὸς
2737 2611 3100 2682 ἑθεμελίωσεν
3126 2611 3318 2680 αὐτήν.

517 2698 572 2753 9.
599 2698 867 2756 Dominus
895 2701 1012 2756 haec
1051 2700 1168 2771 ipsa
1216 2701 1464 2756 narrabit
1495 2701 1548 2755 in
1585 2699 1884 2770 Scripturis
1925 2698 2027 2754 Ju-

2211 2701 2256 2756 9.
2301 2701 2360 2753 '0
2381 2700 2590 2771 Κύριος
2619 2701 2758 2755 αὐτὰ
2781 2700 2956 2754 ταῦτα
2987 2701 3308 2771 διηγήσεται
3339 2701 3396 2752 ἐν
3427 2701 3494 2768 τῇ
3527 2697 3648 2767 Γρα
3663 2697 3741 2766 φῇ

445 2789 711 2859 datorum,
752 2800 806 2846 et
854 2794 1250 2863 apostolorum,
1302 2802 1356 2848 et
1399 2795 1882 2863 evangelistarum,
1934 2811 1975 2864 q'

2215 2792 2571 2856 νὲΊουδαίων,
2603 2794 2697 2845 καὶ
2723 2791 2830 2845 τῶν
2859 2790 3193 2856 ἀποστόλων,
3217 2793 3312 2844 καὶ
3329 2791 3743 2860 εὐαγγελιστῶν

446 2892 578 2938 sunt
605 2884 660 2938 in
691 2883 938 2940 Ecclesia
980 2885 1242 2940 ﬁdelium.

2133 2883 2244 2938 τῶν
2281 2885 2450 2938 ὄντων
2475 2887 2534 2938 ἐν
2557 2889 2625 2956 τῇ
2675 2884 2972 2957 Ἐκκλησία
3002 2885 3112 2939 τῶν
3139 2883 3369 2938 πιστῶν.

519 2974 606 3029 10.
637 2975 796 3032 Sicut
821 2977 1096 3032 exercitus
1128 2987 1444 3032 sanctorum
1475 2978 1793 3050 angelorum
1816 2993 2032 3033 semper

2212 2977 2298 3032 10.
2347 2979 2436 3042 Ὦς
2476 2978 2672 3033 αἰτῶν
2713 2979 2886 3047 ἁγίων
2929 2979 3182 3048 ἀγγέλων
3228 2977 3480 3049 στρατιαὶ
3507 2977 3622 3031 τῶν

445 3066 768 3137 laetantium,
799 3070 874 3124 ita
899 3081 982 3126 est
1016 3070 1285 3126 habitatio
1311 3072 1364 3125 in
1399 3081 1472 3127 te.

2062 3067 2106 3126 C
2140 3071 2464 3143 χαιρόντων,
2499 3071 2676 3135 οὕτως
2706 3072 2856 3125 ἐστὶν
2886 3073 2920 3143 ἡ
2951 3071 3202 3126 κατοικία
3235 3073 3291 3124 ὲν
3323 3071 3429 3125 σοί.

529 3160 594 3212 Ἡ
623 3162 960 3232 προκειμένη
991 3163 1272 3234 ἐπιγραφὴ
1305 3164 1552 3234 περιέχει
1586 3163 1661 3236 (9.)
1684 3179 1698 3192 ·
1742 3163 1882 3234 ’ῼδὴ
1913 3163 2157 3234 ψαλμοῦ
2185 3163 2310 3230 τοῖς
2339 3163 2492 3230 υἱοῖς
2527 3163 2699 3232 Κορὲ,
2727 3165 2816 3231 είς
2843 3165 2912 3219 τὸ
2957 3165 3136 3229 τέλος
3159 3163 3312 3232 ὑπὲρ
3337 3165 3604 3227 Μαελὲθ,
3631 3163 3743 3217 τοῦ

444 3253 839 3321 ἀποκριθῆναι
870 3255 1056 3322 λόγον
1085 3254 1395 3322 συνέσεως
1427 3256 1616 3326 Αὶθὰμ
1643 3253 1722 3320 τῷ
1765 3257 2135 3325 Ἰσραηλίτῃ.
2171 3254 2320 3326 Αὕτη
2349 3249 2443 3308 οὖν
2481 3253 2749 3326 ἑρμηνεία
2782 3253 2878 3309 τοῦ
2907 3255 3351 3326 ἐπιγράμματος.
3384 3253 3542 3322 Κορὲ
3568 3255 3742 3308 ἀντι-

445 3347 694 3416 λογικός
727 3349 1020 3420 γεγένηται
1070 3351 1208 3422 πρὸς
1241 3351 1331 3404 τὸν
1381 3351 1536 3404 Θεόν.
1597 3351 1837 3406 Μαελὲθ
1885 3351 1942 3404 δὲ
1991 3351 2359 3423 ἑρμηνεύεται
2394 3351 2662 3420 ἀπαρχὴ.
2724 3353 2916 3421 Αίθὰμ
2958 3351 3016 3404 δέ
3059 3349 3422 3422 ἑρμηνεύεται
3467 3353 3742 3419 ὑψηλός.

459 3437 845 3508 Ἰσραηλίτης
870 3441 926 3494 δὲ
951 3442 1312 3514 ἑρμηνεύεται
1365 3442 1522 3510 ἀνὴρ
1553 3442 1709 3510 ὁρῶν
1741 3443 1850 3496 τὸν
1886 3445 2053 3496 Θεόν.
2103 3445 2166 3495 Ἥ
2193 3441 2304 3512 ᾠδὴ
2329 3439 2422 3496 οὖν
2453 3441 2548 3495 τοῦ
2577 3441 2796 3514 ψαλμοῦ
2827 3445 2941 3508 τοῖς
2970 3445 3331 3514 ἀντιλογικοῖς
3353 3445 3455 3510 ἔτι,
3486 3445 3743 3500 τουτέστι

445 3528 525 3598 τῷ
560 3527 676 3599 λαῷ
703 3527 813 3581 τῶν
843 3530 1115 3583 Ἰουδαίων
1145 3532 1285 3602 ὑπὲρ
1315 3531 1412 3602 τῆς
1440 3531 1720 3602 ἀπαρχῆς,
1763 3531 1965 3584 ὡσανεὶ
1987 3531 2080 3584 τοῦ
2103 3531 2345 3603 Χριστοῦ
2381 3533 2775 3604 ἀποκρίνοντος
2805 3535 2886 3598 είς
2910 3533 3126 3588 σύνεσιν
3161 3535 3309 3606 αὑτῷ
3331 3535 3410 3606 τῷ
3437 3537 3634 3608 ὑψηλῷ
3663 3537 3744 3608 τῷ

446 3615 565 3687 Υίῷ
589 3617 685 3670 τοῦ
708 3617 842 3672 Θεοῦ
874 3617 952 3690 τῷ
979 3620 1176 3691 ὁρῶντι
1203 3621 1296 3674 τὸν
1335 3621 1580 3691 Πατέρα.
1619 3620 1832 3687 Οὐδεὶς
1861 3618 2084 3688 ἑώρακε
2111 3620 2222 3675 τὸν
2255 3621 2492 3690 Πατέρα
2515 3625 2568 3676 el
2587 3622 2674 3691 μὴ
2709 3627 2750 3678 ὀ
2775 3623 2882 3677 τοῦ
2919 3625 3152 3693 Πατρός
3173 3625 3276 3690 ὢν,
3303 3626 3488 3691 καθὼς
3515 3629 3742 3701 εἴρηκεν

446 3715 505 3765 ὲν
535 3707 873 3780 Εὑαγγελίῳ.
903 3711 1000 3764 Ἐκ
1025 3711 1320 3784 προσώπου
1349 3707 1442 3766 οὖν
1471 3712 1579 3766 τῶν
1609 3713 1887 3766 Ἰουδαίων
1917 3713 2024 3766 τῶν
2055 3713 2499 3784 ἐπιστρεφόντων
2538 3717 2618 3778 εἰς
2643 3715 2736 3770 τὸν
2763 3715 2970 3787 Κύριόν
3009 3719 3158 3770 ἐστιν
3183 3720 3212 3772 ὁ
3246 3717 3464 3790 ψαλμός

517 3798 732 3858 Titulus
753 3806 1080 3874 praepositus
1113 3808 1361 3863 continet
1385 3826 1400 3864 :
1425 3808 1708 3863 Canticum
1744 3809 1940 3880 psalmi
1965 3810 2096 3878 ﬁliis
2143 3810 2298 3870 Core.
2327 3811 2382 3863 in
2413 3811 2572 3879 ﬁnem
2608 3827 2704 3880 pro
2739 3811 3030 3879 Maheleth,
3069 3813 3140 3867 ad
3170 3817 3596 3884 respondendum
3626 3837 3738 3873 ser-

447 3911 653 3950 monem
684 3898 985 3954 intellectus
1018 3901 1248 3957 .Etham
1273 3903 1560 3960 Israelita.
1593 3905 1720 3960 Haec
1746 3906 1914 3976 igitur
1941 3915 2022 3960 est
2049 3906 2434 3976 interpretatio
2466 3907 2860 3976 inscriptionis.
2888 3907 3023 3963 Core
3053 3912 3418 3966 contradiclor
3445 3913 3630 3970 factus
3656 3927 3742 3970 est

450 3997 640 4043 contra
681 3987 878 4047 Deum.
913 3992 1180 4050 Maheleth
1209 4007 1393 4054 autem
1439 3999 1830 4069 interpretatur
1872 4000 2147 4068 primitiis.
2181 3999 2410 4056 Etham
2452 4010 2635 4056 autem
2671 4002 3070 4073 interpretatur
3115 4005 3432 4062 altissimas.
3475 4007 3741 4064 Israelita

450 4089 634 4176 autem
663 4083 1060 4176 interpretatur
1107 4089 1196 4143 Vir
1222 4093 1402 4148 uidens
1428 4093 1617 4147 Deum.
1651 4093 1938 4150 Canticum
1971 4095 2138 4165 igitur
2164 4096 2361 4166 psalmi
2389 4106 2472 4152 est
2500 4097 2804 4154 etiamnum
2829 4101 3356 4168 contradicentibus,
3395 4104 3501 4160 hoc
3531 4115 3622 4160 est
3642 4123 3740 4176 po—

449 4171 578 4237 pulo
601 4171 914 4231 Judmorum
951 4193 1054 4248 pro
1079 4183 1359 4250 primitiis,
1383 4201 1578 4254 nempe
1609 4184 1832 4241 Christo
1861 4186 2228 4256 respondente
2269 4187 2323 4240 in
2363 4187 2726 4254 intellectum,
2757 4189 2862 4259 ipsi
2893 4189 3180 4246 Altissimo
3221 4191 3316 4248 Dei
3345 4192 3488 4247 Filio
3527 4171 3738 4249 videnti

450 4263 691 4323 Patrem.
731 4266 904 4324 Nemo
936 4273 1064 4325 vidit
1101 4273 1336 4342 Patrem,
1365 4279 1470 4330 nisi
1496 4279 1584 4348 qui
1613 4277 1798 4332 Patris
1823 4289 1902 4332 est
1933 4294 1951 4331 .'
1977 4279 2444 4350 quemadmodum
2473 4281 2615 4338 dixit
2663 4282 2720 4336 in
2767 4282 3068 4354 Evangelio
3095 4285 3139 4340 ⁸.
3175 4283 3254 4340 Ex
3290 4302 3530 4357 persona
3571 4288 3740 4359 igitur

449 4359 768 4416 Judaeorum
803 4367 1242 4422 convertentium
1271 4385 1331 4424 se
1364 4371 1433 4425 ad
1463 4370 1758 4426 Dominum
1792 4379 1879 4428 cst
1913 4371 2183 4442 psalmus.

526 4459 576 4510 1.
612 4456 842 4514 Domine
875 4459 1020 4515 Deus
1041 4461 1168 4518 vitae
1203 4479 1360 4520 meae.

2063 4469 2112 4526 Β
2211 4467 2266 4521 1.
2301 4467 2478 4540 Κύριε
2505 4468 2535 4521 ὁ
2557 4467 2691 4533 Θεὸς
2725 4469 2826 4540 τῆς
2865 4470 3010 4540 ζωῆς
3048 4489 3170 4541 μου.

523 4549 576 4600 ’2.
614 4549 864 4606 lncessan
873 4557 973 4606 ter.

2213 4560 2268 4614 ‘2.
2297 4560 2473 4614 Ἀπαύ
2483 4579 2641 4626 στως.

523 4640 580 4696 5.
607 4638 728 4696 Non
772 4643 1142 4713 prohibebunt
1191 4659 1410 4718 peccata
1455 4665 1574 4706 mea
1605 4665 1676 4706 ne
1707 4649 1776 4707 ad
1804 4659 1856 4708 te
1881 4667 2037 4709 acce-

2211 4651 2264 4706 5.
2297 4651 2388 4724 Μὴ
2409 4653 2744 4708 κωλύσουσιν
2767 4655 2822 4708 ai
2843 4656 3110 4728 ἁμαρτίαι
3135 4676 3235 4729 μου
3257 4659 3349 4712 τοῦ
3373 4658 3735 4728 προσεγγίσαι

453 4730 544 4785 dat
572 4731 884 4803 deprecatio
921 4752 1064 4793 mea.

2143 4763 2227 4800 σοι
2258 4745 2359 4818 τὴν
2385 4745 2568 4818 δέησίν
2599 4763 2719 4816 μου.

523 4825 577 4880 4.
608 4823 864 4882 Libenter
895 4830 1084 4900 excipe
1108 4831 1562 4900 supplicationem
1599 4835 1824 4904 meam.)

1790 4835 1824 4904 .1
2211 4837 2266 4891 4.
2313 4837 2518 4902 Ἡδέως
2547 4855 2650 4908 μου
2673 4837 2822 4904 δέξαι
2851 4839 2950 4912 τὴν
2983 4839 3192 4897 ἱκεσίαν
3223 4839 3320 4912 (5).

527 4915 580 4970 5.
616 4916 756 4984 Quia
787 4922 991 4990 repleta
1017 4932 1100 4978 est
1127 4925 1363 4994 peccatis
1389 4926 1570 4980 anima
1597 4941 1738 4982 mea.

2216 4927 2270 4981 5.
2307 4929 2430 4982 Ὅτι
2460 4928 2707 4999 ἐπλήσθη
2735 4931 3022 5000 ἁμαρτιῶν
3056 4933 3092 5002 ἡ
3119 4931 3264 5002 ψυχή
3299 4948 3419 4999 μου.

527 5007 579 5061 6.
611 5007 679 5062 Ει
707 5019 993 5082 propterea
1029 5013 1138 5068 vita
1165 5031 1286 5070 mea
1313 5015 1571 5073 Christus
1597 5016 1812 5073 inferno
1841 5033 2038 5090 appro-

2218 5019 2272 5072 6.
2314 5019 2425 5072 Καὶ
2451 5018 2540 5072 διὰ
2570 5019 2730 5073 τοῦτο
2757 5023 2789 5091 ἡ
2819 5019 2930 5084 ζιυῇ
2961 5039 3061 5074 μου
3087 5023 3116 5075 ὁ
3138 5021 3374 5094 Χριστὸς
3395 5020 3476 5094 τῷ
3503 5022 3605 5095 ᾄδῃ
3637 5023 3734 5095 ἥγ-

453 5099 759 5173 pinquavit,
791 5112 851 5158 ut
884 5103 1141 5160 liberaret
1167 5123 1277 5162 me.

1403 5185 1408 5192 Ι
2145 5127 2318 5180 γισεν,
2345 5111 2433 5164 ἵνα
2459 5110 2690 5183 ρύσηταί
2721 5129 2808 5183 με.

567 5263 590 5295 ⁵
622 5259 760 5316 Joan
797 5277 838 5328 ι,
873 5261 974 5330 18;
1007 5279 1082 5330 vt,
1121 5261 1209 5318 46.

1408 5337 1719 5402 Addenda
1751 5349 1812 5401 et
1859 5343 2238 5422 corrigenda
2270 5363 2348 5408 ex
2379 5348 2520 5410 cod.
2561 5343 2763 5407 Vatia.

491 5498 662 5580 gii‘N.
710 5500 764 5554 6.
793 5501 917 5580 ξςαξ
947 5503 1008 5580 6_,_
1032 5499 1252 5580 ete._N._
1284 5503 1336 5556 8.
1487 5505 1892 5580 K6ptog,__etc._,
1925 5509 2021 5580 at?»

2209 5509 2402 5579 ιιθῆναι
2426 5511 2713 5576 συνέσεως,
2747 5518 2873 5574 ctc.,
2899 5513 3012 5575 τοῖς
3029 5510 3388 5580 ἀντιλογικοῖς
3409 5511 3578 5574 ἐστιν,
3603 5525 3739 5580 etc.,

469 5569 758 5656 Ἰουδαίων.
793 5569 872 5656 Ν..
888 5572 1076 5656 921090.
1097 5573 1205 5656 τῶν
1231 5569 1710 5656 ἁποστόλωνίειε.
1730 5575 1794 5629 Ν.
1829 5577 1910 5631 10.
1951 5579 2040 5640 Ὠς
2147 5569 2240 5656 τοῦ
2255 5569 2514 5656 Χριστοιξ.
2535 5569 2942 5656 Ἀποκρίνονται
2975 5569 3072 5646 εἰς,
3103 5569 3383 5656 ειεξὸᾒὲῇ
3401 5581 3496 5656 τοῦ
3523 5569 3742 5656 [lat-pb;

457 5641 702 5724 Gia‘ﬂc;
721 5644 778 5724 ὲ]
797 5643 969 5724 9οξτῇ
1003 5642 1114 5695 ἅνω
1133 5644 1522 5724 ςιιερουσαλήμε
1862 5717 1885 5724 _
1918 5721 1928 5724 _
2149 5649 2245 5724 ῶν,
2273 5641 2404 5724 οἱα,
2433 5652 2537 5704 τῶν
2573 5641 3008 5724 ἐπιστρεφόντων
3033 5641 3180 5708 ἐστὶν
3213 5641 3240 5706 δ
3266 5651 3500 5722 ψαλμός.

536 5710 611 5780 (2)
643 5711 704 5766 Ἡ
733 5713 820 5767 διὰ
845 5710 1341 5784 τῆςήκινναὸάρεως
1372 5710 1886 5792 περιέχει,εῑο.,τοῦ
1907 5721 2039 5774 ἁπο-
2221 5710 2299 5795 l3)
2341 5710 2554 5794 Δέησιν.
