3874 6222
408 286 546 342 1025
1275 283 1332 338 S.
1373 281 1748 338 ATIIANASll
1785 279 1936 336 OPP.
1977 276 2156 332 PARS
2197 277 2369 330 lll.—
2409 275 2820 331 EXEGETICA.
3553 277 3722 334 1024

475 409 564 463 24.
599 407 663 463 Ει
691 409 970 464 veritatem
1005 415 1150 462 tuam
1185 407 1238 460 in
1263 408 1610 490 perditione}
2013 443 2023 466 Α

2201 401 2248 454 4.
2295 401 2406 454 Καὶ
2431 399 2528 471 τὴν
2555 398 2811 470 ἀλήθειάν
2837 415 2932 452 σου
2965 399 3022 452 ἐν
3049 401 3115 469 τῇ
3144 399 3424 470 antelata;

480 500 569 554 25.
621 497 880 570 Nunquid
919 506 1318 569 cognoscentur
1351 498 1405 552 in
1447 498 1684 555 tenebris
1715 495 1988 553 mirabilia

2205 494 2254 547 5.
2287 494 2378 564 Μή
2424 492 2797 564 γνωσθήσεται
2841 491 2899 544 ὲν
2951 491 3028 561 τῷ
3069 491 3250 545 σκότει
3293 492 3362 546 τὰ
3396 491 3722 564 θαυμάσιά

411 591 547 645 tua?

483 679 576 733 26.
611 677 676 733 Et
695 679 908 750 justitia
939 690 1034 734 tua
1071 679 1126 734 in
1157 689 1303 744 terra
1337 678 1600 735 oblivioni
1637 678 1882 734 tradita?
1999 747 2005 758 I

2205 677 2257 731 6.
2292 675 2460 746 Kell)
2492 672 2808 744 δικαιοσύνη
2839 689 2932 726 σου
2965 673 3022 726 ὲν
3051 675 3120 744 γῇ
3157 673 3630 748 ὲπιλελησμένῃ;

483 771 572 826 27.
603 771 668 826 Et
701 788 801 842 ego
826 773 894 827 ad
923 781 995 840 te,
1031 773 1282 838 Domine,
1310 772 1541 828 clamavi
1569 789 1582 824 :

2206 769 2255 821 7.
2283 765 2452 836 Κάγὼ
2489 766 2624 838 πρὸς
2653 766 2733 828 σὲ,
2764 763 2958 836 Κύριε,
2999 764 3270 836 ἐκέκραξα
3289 782 3303 794 ·

481 863 571 918 28.
605 863 670 916 Et
695 880 852 919 mane
877 865 1056 919 oratio
1093 881 1210 920 mea
1242 865 1534 934 praeveniet
1559 872 1632 918 te.

2201 861 2260 914 :8.
2293 861 2404 913 Kal
2444 859 2503 911 τὸ
2533 857 2678 929 πρωῒ
2717 859 2749 930 ἡ
2789 859 3064 928 προσευχὴ
3101 875 3202 928 μου
3237 856 3550 930 προφθὰσει
3621 873 3724 908 σε.

483 953 576 1006 29.
608 954 682 1008 Ut
710 954 865 1022 quid,
905 939 1154 1020 Domine,
1187 955 1404 1024 repellis
1429 955 1669 1008 animam
1699 969 1874 1008 meam
1893 954 1925 1024 ﬁt;

2201 954 2256 1008 :9.
2295 955 2410 1006 "Iva
2437 953 2511 1016 τί,
2546 951 2738 1022 Κύριε,
2773 951 2966 1021 ἀπωθῇ
2995 951 3093 1021 τὴν
3119 951 3296 1021 ψυχήν
3325 968 3462 1022 μους

485 1045 576 1098 50.
609 1047 822 1100 Avertis
855 1045 1046 1100 faciem
1075 1057 1224 1100 tuam
1259 1063 1290 1101 a
1325 1047 1446 1100 me?

2201 1045 2258 1098 ιο.
2291 1009 2680 1116 Ἀποστρὲφείς
2705 1009 2850 1114 (λητδ
2879 1009 3168 1116 πρόσωπόν
3195 1009 3288 1096 σου
3320 1009 3414 1096 ἐπ’
3439 1009 3588 1115 έμοῦ
3613 1061 3636 1108 ;

491 1135 580 1189 51.
615 1135 830 1206 Pauper
863 1153 984 1192 sum
1014 1153 1133 1198 ego.
1166 1139 1300 1194 etin
1341 1138 1621 1195 laboribus
1655 1153 1685 1193 a
1707 1138 1995 1209 juventute

2201 1137 2260 1190 ιι.
2279 1137 2500 1206 Πτωχός
2519 1139 2636 1208 είμι
2653 1135 2784 1204 ἐγὼ,
2803 1137 2898 1190 καὶ
2913 1138 2971 1190 ὲν
2991 1136 3180 1200 κόποις
3198 1139 3262 1190 ὲκ
3276 1136 3530 1207 νεότητός
3551 1152 3680 1208 μου
3701 1149 3724 1166 ·

419 1243 541 1282 mea
572 1245 586 1281 ἒ

488 1323 578 1376 52.
611 1321 894 1376 Exaltatus
925 1329 1128 1385 autem,
1158 1321 1478 1377 humiliatus
1507 1337 1652 1390 sum,
1679 1331 1732 1378 et
1769 1329 1995 1378 contur-

2201 1311 2261 1367 ὶ2.
2314 1313 2575 1382 Ὑψωθεὶς
2609 1313 2665 1366 δὲ
2685 1356 2699 1382 ,
2749 1315 3116 1387 ἐταπεινώθην
3137 1357 3151 1382 ,
3187 1316 3282 1370 καὶ
3313 1315 3724 1388 ὲξηπορήθην.

417 1413 598 1468 batus.

495 1506 584 1559 55.
616 1503 672 1557 ln
701 1521 790 1558 me
820 1505 1161 1560 transierunt
1189 1508 1282 1560 iraa
1311 1513 1452 1560 tum:

2201 1472 2263 1522 35.
2296 1471 2412 1524 Ἐπ’
2449 1471 2548 1541 ἐμὲ
2571 1471 2785 1542 διῆλθον
2819 1472 2874 1524 αἱ
2905 1472 3064 1542 ὀργαί
3099 1489 3224 1525 σου’

496 1593 584 1646 δι.
618 1593 685 1647 Et
713 1603 948 1648 terrores
987 1595 1062 1648 tui
1092 1596 1560 1648 conturbaverunt
1583 1609 1690 1648 me.

2201 1562 2264 1614 δι.
2299 1563 2361 1613 υἱ
2385 1561 2709 1632 φοϐερισμοί
2741 1579 2830 1614 σου
2859 1561 3186 1634 ὲξετάραξάν
3213 1582 3303 1635 με.

493 1685 580 1738 55.
612 1684 1098 1740 Circumdederunt
1131 1701 1218 1738 me
1248 1687 1389 1740 sicut
1421 1703 1562 1758 aqua
1589 1694 1706 1742 tota
1735 1685 1822 1739 die
1851 1701 1862 1738 :

2201 1651 2266 1704 35.
2298 1651 2648 1706 Ἐκύκλωσάν
2679 1669 2744 1722 με
2765 1652 2895 1706 ὡσεὶ
2921 1651 3064 1722 ὕδωρ
3087 1653 3214 1724 ὃλην
3233 1655 3304 1724 (b)
3323 1653 3419 1724 τὴν
3443 1653 3684 1726 ἡμέραν
3701 1668 3722 1684 ⁸

497 1773 585 1826 56.
615 1772 1107 1830 Circumdederunt
1135 1792 1221 1830 me
1255 1777 1443 1832 simul.
1471 1742 1490 1758 ‘

2201 1742 2266 1796 56.
2301 1743 2594 1814 Περιέσχον
2624 1760 2692 1814 με
2718 1742 2851 1813 ἅμα.

499 1863 588 1916 57.
622 1863 898 1934 Elongasti
933 1881 964 1918 a
991 1881 1078 1920 me
1107 1867 1368 1933 amicum,

2201 1834 2268 1886 i7.
2295 1834 2642 1906 Ἐμάκρυνας
2679 1835 2772 1887 ἀπ’
2813 1831 2946 1904 ἐμοῦ
2984 1831 3156 1903 φίλον,

498 1953 588 2007 58.
621 1952 687 2008 Et
717 1955 1030 2024 proximum
1060 1967 1114 2012 et
1147 1967 1308 2014 notos
1333 1972 1484 2014 meos
1516 1973 1542 2011 a
1573 1956 1817 2012 miseria.

2201 1925 2265 1978 38.
2307 1927 2417 1979 Καὶ
2444 1925 2690 1998 πλησίον,
2727 1927 2822 1980 καὶ
2859 1927 2983 1989 τοὺς
3021 1925 3296 1994 γνωστούς
3326 1943 3426 1996 μου
3459 1925 3573 1980 ἀπὸ
3599 1944 3726 1980 τα-

2106 2020 2430 2092 λαιπωρίας.

431 2125 737 2184 Intellectus
765 2129 989 2182 Etham
1023 2131 1309 2186 Israelitaz.
1365 2129 1572 2186 PSAL.
1624 2128 1826 2184 LXXX
1841 2128 2008 2182 VIII.

2201 2129 2422 2196 νέσεως
2445 2131 2634 2204 Αἱθὰμ
2659 2131 2738 2198 τῷ
2761 2133 3108 2202 Ἰσραηλίτῃ
3145 2131 3240 2203 (c).
3287 2135 3526 2186 ΨΑΛΜ.
3565 2133 3720 2200 ΠΗ’.

503 2221 552 2272 1.
577 2219 980 2276 Misericordias
995 2223 1394 2286 tuas,Domine,
1412 2225 1467 2276 in
1484 2232 1746 2277 aeternum
1761 2221 2010 2276 cantabo.

2201 2224 2242 2276 ι.
2284 2223 2365 2277 Τὰ
2400 2224 2524 2294 ὲλέη
2563 2241 2678 2289 σου,
2720 2225 2914 2297 Κύριε,
2939 2226 3019 2289 εἰς
3050 2225 3142 2278 τὸν
3171 2225 3343 2290 αἰῶνα
3373 2225 3614 2296 ᾄσομαι·

506 2331 1001 2404 (οξξᾼποστρέφῃς,
1049 2335 1105 2388 ln
1145 2351 1314 2404 marg.
1347 2332 1757 2404 Ἀποστρέφεις.

506 2351 584 2400 (α)
611 2351 806 2384 νΑποστ
847 2351 1001 2404 εφῃς.
1051 2351 1105 2388 ιη
1145 2351 1314 2404 marg.
1351 2351 1757 2404 Ἀποστρεφεις.

503 2351 1396 2544 2'2;

2201 2423 2230 2460 ι.
2265 2405 2354 2458 58.
2387 2406 2498 2458 Καὶ
2529 2423 2655 2468 τους
2681 2423 2956 2480 γνωστους
2991 2425 3116 2479 μου,
3152 2417 3256 2462 etc.

1550 2585 1926 2642 ATllANASll
1973 2585 2566 2644 INTERPRETATIO.

509 2702 601 2759 24.
633 2703 702 2758 Ει
740 2703 946 2760 discam
987 2705 1166 2761 facere
1199 2706 1619 2778 justilicationes
1669 2713 1814 2770 tuas,
1864 2713 2016 2775 post-

2201 2704 2282 2758 24.
2318 2704 2430 2758 Καὶ
2473 2703 2630 2774 μάθω
2661 2703 2732 2758 τὰ
2758 2704 3105 2774 δικαιώματά
3137 2721 3232 2758 σου
3262 2707 3439 2760 ποιεῖν
3473 2705 3618 2778 μετὰ
3647 2709 3720 2762 τὸ

439 2811 606 2864 quam
627 2811 881 2851 reversus
903 2795 1058 2852 fuero
1076 2799 1128 2851 in
1146 2807 1367 2862 terram,
1383 2815 1450 2852 ex
1465 2814 1575 2869 qua
1589 2807 1836 2868 sumptus
1849 2813 1970 2852 sum
1993 2799 2017 2851 ?

2201 2795 2388 2849 αλῦσαί
2425 2813 2489 2866 με
2523 2797 2600 2858 είς
2629 2799 2752 2867 γῆν,
2786 2796 2845 2860 ἐξ
2877 2792 2943 2869 ἦς
2969 2797 3242 2868 ὲλήφθην;

512 2887 602 2942 25.
640 2885 897 2958 Nunquid
928 2890 1022 2958 qui
1055 2891 1108 2944 in
1135 2899 1358 2960 peccato
1387 2901 1534 2956 sunt,
1565 2900 1796 2961 possunt
1819 2906 2019 2961 cogno-

2201 2889 2282 2942 25.
2305 2887 2396 2958 Μὴ
2427 2889 2484 2942 ὲν
2513 2890 2578 2959 τῇ
2612 2887 2856 2960 ἁμαρτίᾳ
2878 2888 3028 2951 ὄντες
3052 2889 3304 2942 δύνανται
3329 2888 3398 2940 τὰ
3425 2888 3720 2959 θαυμάσιά

445 2996 598 3035 scere
635 2981 906 3035 mirabilia
941 2981 1078 3036 tua?

2201 2999 2222 3033 δ
2249 2981 2449 3049 γνῶναι
2467 2999 2481 3047 ;

525 3069 615 3123 26.
635 3069 702 3122 Ει
722 3069 936 3138 iustitia
952 3079 1042 3123 tua
1067 3070 1312 3142 nunquid
1330 3079 1508 3141 potest
1531 3069 1758 3140 intelligi
1780 3070 1836 3124 in
1859 3071 2023 3126 corde

2201 3071 2284 3126 26.
2315 3073 2423 3125 Καὶ
2445 3075 2478 3146 ἡ
2505 3073 2818 3144 δικαιοσύνη
2838 3091 2930 3126 σου
2959 3073 3033 3144 μὴ
3050 3071 3273 3127 δύναται
3295 3074 3608 3146 γνωσθῆναι
3631 3077 3722 3147 (ι)

447 3161 709 3214 derelicto
729 3161 753 3214 ‘l

2215 3167 2413 3239 καρδίᾳ
2443 3168 2981 3240 ὲγκαταλελειμμένῃ
3002 3185 3017 3232 ;

519 3249 611 3305 27.
644 3249 762 3304 Non
798 3249 948 3304 aliud
974 3249 1238 3304 auxilium
1271 3250 1404 3304 mihi
1435 3253 1695 3323 proposui
1729 3253 1836 3308 nisi
1871 3263 1942 3308 te.

2201 3258 2285 3313 27.
2320 3261 2432 3313 Ούκ
2455 3260 2622 3331 ἄλλην
2657 3260 2906 3332 βοήθειαν
2935 3259 3140 3331 ἐθέμην
3181 3258 3257 3332 (2)
3283 3261 3330 3312 εξ
3361 3277 3434 3331 μη
3467 3277 3544 3316 σε.

522 3341 614 3398 28.
643 3342 782 3396 Cum
827 3341 916 3395 lux
965 3349 1058 3394 tua
1099 3343 1153 3394 in
1192 3341 1358 3396 corde
1397 3357 1520 3398 meo
1551 3344 1818 3410 exoritur,
1851 3343 2023 3400 oratio

2201 3351 2286 3405 28.
2309 3353 2400 3406 Ἐν
2424 3352 2501 3423 τῷ
2527 3353 2585 3405 τὸ
2604 3352 2718 3422 φῶς
2742 3369 2834 3405 σου
2857 3353 3165 3406 ἀνατέλλειν
3187 3355 3244 3405 ἐν
3266 3355 3331 3424 τῇ
3357 3353 3556 3425 καρδίᾳ
3583 3371 3720 3423 μου,

449 3447 572 3498 mea
603 3441 656 3486 te
685 3430 1108 3500 praestolabitur.

517 3523 607 3577 29.
633 3521 862 3592 Projicis
888 3523 1014 3578 me?

518 3613 608 3668 50.
641 3611 760 3668 Non
787 3615 1014 3668 exaudis
1037 3613 1167 3668 me?

521 3707 610 3760 51.
645 3705 775 3760 Sine
794 3703 1064 3775 adjutorio
1084 3721 1227 3771 sum,
1259 3713 1314 3760 et
1345 3706 1398 3760 in
1421 3709 1662 3778 peccatis
1684 3724 1714 3761 a
1737 3709 2024 3777 principio.

519 3800 611 3852 52.
645 3798 922 3853 Gloriatus
951 3807 1130 3852 autem
1169 3799 1488 3856 humiliatus
1528 3817 1648 3856 sum
1679 3811 1733 3858 et
1761 3803 2023 3872 abjectus.

521 3891 612 3945 '55.
639 3889 965 3944 Tolerantiaa
987 3889 1041 3942 in
1069 3889 1184 3958 lege
1215 3900 1324 3944 tua.

2127 3446 2160 3514 ή
2197 3445 2474 3514 προσευχὴ
2509 3461 2610 3515 μου
2643 3450 2930 3518 περιμενεῖ
2957 3447 3032 3516 (5)
3057 3463 3137 3499 σε.

2199 3533 2290 3590 29.
2322 3535 2708 3606 Ἀπορῤίπτεις
2747 3553 2812 3606 με
2837 3553 2850 3600 ;

2200 3626 2288 3680 50.
2322 3628 2436 3680 Οὐκ
2465 3629 2771 3692 εἰσακούεις
2803 3631 2877 3701 (4)
2898 3620 3051 3699 ’μους

2201 3721 2289 3774 51.
2319 3721 2644 3792 Ἀϐοήθητός
2685 3725 2798 3794 εἰμι
2825 3766 2839 3790 ,
2879 3725 2975 3777 καὶ
3007 3726 3064 3777 ὲν
3099 3723 3398 3794 ἁμαρτίαις
3427 3721 3488 3785 ἐξ
3517 3719 3718 3790 ἀρχῆς.

2202 3815 2290 3869 52.
2315 3815 2645 3886 Μεγαλαυχή
2655 3834 2749 3880 σας
2771 3817 2827 3870 δὲ
2843 3817 3212 3886 ὲταπεινὼθην
3231 3817 3328 3869 καὶ
3345 3815 3688 3888 ἀπερῤίφην.

2204 3905 2295 3958 55.
2325 3907 2390 3957 Αἱ
2421 3908 2709 3978 καρτερίαι
2741 3907 2815 3978 (ὃ)
2850 3909 2908 3960 ὲν
2935 3907 3010 3978 τῷ
3037 3907 3186 3978 νόμῳ
3217 3923 3334 3960 σου.

527 3985 616 4039 54.
647 3982 807 4038 .‘llinae
836 3991 962 4036 tuae.

2204 3995 2293 4049 54.
2325 3997 2391 4049 Al
2421 3997 2641 4050 ἀπειλαί
2675 4015 2789 4052 σου.

523 4076 614 4130 55.
649 4074 1053 4130 Continuerunt
1081 4089 1189 4128 me.

2203 4086 2292 4141 55.
2322 4087 2584 4158 Συνέσχον
2615 4106 2702 4158 με.

529 4167 618 4221 56.
648 4165 1042 4222 lndesinenter.

2205 4175 2293 4230 56.
2328 4177 2730 4242 ’Λδιαλείπτως,

530 4259 616 4312 57.
654 4257 856 4312 Omnes
886 4265 1105 4312 sanctos
1131 4265 1274 4322 tuos.

2205 4267 2292 4320 57.
2317 4267 2584 4321 Ἕκαστον
2615 4267 2724 4321 τῶν
2754 4269 2922 4336 ἁγίων
2951 4285 3042 4322 σου
3075 4268 3176 4339 (6).

527 4350 615 4402 58.
653 4347 953 4416 Prophetas
977 4353 1029 4402 et
1059 4349 1335 4416 apostolos
1368 4349 1436 4402 ah
1463 4353 1610 4404 omni
1641 4365 1881 4421 peccato.

2206 4357 2297 4411 58.
2337 4358 2476 4421 Τοὺς
2527 4361 2810 4430 προφήτας
2852 4360 2945 4413 καὶ
2985 4359 3318 4424 ἀποστόλους
3369 4359 3478 4414 ἀπὸ
3539 4359 3724 4430 πάσης

2143 4445 2438 4514 ἁμαρτίας.
2909 4489 2918 4500 .
3237 4505 3240 4508 ,

543 4528 606 4580 Ἦ
640 4527 974 4599 προκειμένη
1009 4525 1288 4596 ἐπιγραφὴ
1319 4529 1563 4598 περιέχει
1596 4529 1704 4599 (7)·
1731 4533 2041 4600 Συνέσεως
2068 4537 2256 4606 Αὶθὰμ
2288 4538 2368 4603 τῷ
2401 4541 2772 4608 Ἰσραηλίτῃθ
2800 4541 3065 4605 τουτέστι,
3099 4542 3197 4612 τῆς
3221 4543 3440 4614 χάριτος
3463 4541 3563 4594 τοῦ
3591 4542 3728 4612 ὑψη-

461 4627 555 4681 λοῦ
587 4627 681 4680 τοῦ
717 4627 1039 4698 σπείραντος
1069 4623 1204 4678 Θεοῦ
1233 4625 1466 4696 ψαλμὸις,
1500 4627 1744 4697 περιέχει
1774 4628 1870 4698 (8).
1900 4629 2120 4696 Σύνεσις
2149 4635 2256 4704 γὰρ
2285 4637 2462 4707 ἀγαθὴ
2501 4639 2532 4708 ἡ
2568 4639 2726 4708 χάρις
2759 4637 2921 4691 αὑτοῦ
2957 4621 3434 4708 ὑπάρχει.’Διθὰμ
3459 4637 3518 4690 δὲ
3553 4638 3726 4708 ἑρμη-

463 4721 674 4779 νεύεται
713 4719 976 4788 ὑψηλός.
995 4718 1373 4785 Ἰσραηλίτου
1405 4717 1461 4770 δὲ
1491 4719 1852 4788 ἑρμηνεύεται
1882 4723 2242 4791 σπείραντος
2271 4729 2438 4782 Θεοῦ.

537 4811 751 4866 Titulus
777 4809 1054 4879 appositus
1079 4808 1322 4862 continet
1355 4828 1366 4861 :
1402 4807 1708 4862 Intellectus
1740 4809 1966 4864 [Etham
1997 4811 2259 4870 Israelita:
2282 4835 2298 4870 :
2324 4819 2426 4874 hoc
2457 4820 2766 4890 est,'gratize
2799 4818 3066 4873 Altissimi
3101 4819 3196 4873 Dei
3228 4818 3558 4874 seminantis
3581 4817 3724 4886 psal-

465 4921 610 4960 mus.
647 4903 954 4958 lntellectus
982 4900 1126 4955 enim
1165 4899 1342 4954 bonus
1369 4901 1540 4969 gratia
1577 4901 1748 4971 ipsius
1781 4911 1883 4958 est.
1911 4903 2137 4962 zEt/tam
2163 4921 2343 4964 autem
2377 4913 2763 4981 interpretatur
2792 4911 3114 4966 Altissimus.
3148 4907 3402 4964 Israelita
3429 4917 3612 4964 autem
3643 4910 3727 4962 in-

471 5007 793 5069 terpretatur
821 4996 960 5050 Deus
991 4995 1276 5050 seminans.

541 5098 594 5151 1.
625 5095 755 5162 Quae
785 5093 965 5149 fecisti
988 5093 1046 5147 in
1074 5092 1302 5162 singulis
1323 5095 1764 5164 generationibus
1795 5097 1923 5154 [iliis
1949 5099 2023 5154 ho

2225 5104 2274 5156 l.
2298 5105 2362 5156 *Α
2395 5105 2657 5177 ἐποίησας
2681 5104 2804 5158 καθ’
2826 5103 3062 5174 ἑκάστην
3091 5103 3284 5172 γενεὰν
3311 5105 3424 5166 τοῖς
3457 5103 3592 5168 υἱοῖς
3619 5103 3726 5164 τῶν

471 5191 700 5258 mitium.

2201 5197 2248 5248 νο
2257 5196 2473 5266 ρώπων.

1429 5298 1740 5362 Addenda
1789 5308 1850 5364 et
1881 5305 2254 5385 corrigenda
2294 5329 2374 5371 ex
2404 5313 2543 5374 cod.
2577 5313 2781 5376 Vatic.

545 5425 1149 5506 (υίῗῖθφρέσεέἦνῖιιο
1414 5505 1422 5506 ,
1495 5489 1520 5506 .
1567 5491 1621 5506 ,.

2233 5435 2308 5506 (6)
2347 5437 2448 5488 Σου
2479 5435 2649 5506 deest.

545 5487 622 5578 (ei
661 5487 1030 5578 ιςαῖὲτὼὸὺκ
1065 5490 1231 5558 ἄλλην
1260 5487 1463 5560 ἐθέμην
1493 5489 1769 5564 βοήθειαν,
1805 5507 1908 5556 etc.
2336 5487 2640 5576 Ἦδιᾶἑῆξ
2669 5503 3034 5574 κινναςάρεως
3067 5519 3218 5574 περ,
3247 5509 3350 5559 etc.
3387 5500 3493 5556 Τοῦ
3517 5499 3725 5570 Ἰσραη-

549 5570 625 5644 (5)
661 5570 969 5644 Περιμένει.

2201 5570 2332 5642 lico,
2364 5588 2467 5631 etc.

549 5641 626 5716 (4)
654 5641 1024 5701 Εἰσακούσεις.

553 5721 627 5780 (ὃ)
659 5718 724 5770 ΛΕ
757 5715 988 5780 κατάραι
1023 5716 1099 5780 αἰ,
1135 5723 1238 5770 etc.

2245 5641 2327 5720 (8)7
2361 5650 2606 5718 Περιέχει
2643 5644 2919 5704 abundare
2947 5645 3160 5700 videtur

553 5721 627 5786 (ὃ)
659 5721 724 5770 ΛΕ
757 5721 988 5783 κατάραι
1023 5721 1099 5782 αἱ,
1135 5723 1238 5770 etc.
