3874 6222
107 314 250 370 1025
923 315 1012 370 DE
1051 315 1326 372 TITULIS
1364 301 1817 372 PSALMORUM.
1851 346 1922 358 —-
1950 316 2149 372 PSAL.
2193 314 2524 370 LXXXVIII.
3235 315 3373 371 1026

173 431 234 485 2.
272 431 364 494 Εἰς
387 430 580 500 γενεάν
620 431 714 484 καὶ
751 433 944 500 γενεάν
975 435 1271 504 ἀπαγγελῶ
1299 435 1397 507 τὴν
1428 435 1691 509 ἀλήθειάν

1864 438 1919 492 2.
1962 437 2020 490 ln
2049 436 2454 508 generationem
2507 442 2556 489 et
2593 432 2994 504 generationem
3036 434 3373 488 annuntiabo

109 540 205 574 σου
237 523 296 576 ὲν
319 523 396 594 τῷ
427 523 657 594 στόματί
689 541 811 593 μου.

1794 529 2075 582 veritatem
2099 538 2248 583 tuam
2277 528 2329 581 in
2356 542 2450 580 ore
2477 541 2617 579 meo.

177 615 229 668 5.
250 615 370 668 Ὅτι
406 611 566 680 εἶπας
585 634 598 648 ·
647 618 742 682 Εἰς
771 617 862 671 τὸν
894 618 1066 672 αἰῶνα
1091 618 1236 684 ἔλεος
1271 621 1693 693 οἰκοδομηθήσε-

1871 623 1924 675 3.
1946 621 2218 686 Quoniam
2240 620 2426 675 dixisti
2448 639 2460 674 :
2484 618 2539 672 ln
2558 618 3223 690 aeternummisericordia
3247 621 3376 676 mdi-

106 723 231 759 ται·

1796 713 2052 768 ﬁeabitu-r
2077 729 2091 765 :

177 798 230 852 4.
261 799 349 852 Ἐν
376 801 489 864 τοῖς
511 800 758 872 οὐρανοῖς
785 800 1240 873 ὲτοιμασθήσεται
1272 803 1305 874 ὴ
1329 801 1556 874 ἀλήθειά
1579 819 1693 855 σου.

1471 803 1556 856 ειά
1579 819 1693 855 σου.
1865 806 1920 860 4.
1951 804 2009 858 ln
2037 804 2192 859 uelis
2225 803 2624 874 praeparabitur
2655 811 2858 857 veritas
2885 812 2998 860 tua.

273 893 538 964 Διεθέμην
576 894 842 966 διαθήκην
876 898 986 960 τοῖς
1019 895 1292 959 ἐκλεκτοῖς
1327 912 1428 966 μου
1450 911 1464 926 ο

1868 896 1922 951 5.
1957 896 2212 966 Disposui
2241 905 2631 950 testamentum
2667 894 2854 948 electis
2881 895 3018 950 meis
3046 913 3057 947 :

177 984 234 1040 6.
254 986 465 1054 Ὠμοσα
489 985 655 1039 Δαϐὶδ
682 985 761 1058 τῷ
789 987 960 1059 δούλῳ
990 1006 1113 1060 μου.

1867 985 1920 1042 6.
1947 988 2134 1042 Juravi
2159 987 2335 1040 David
2370 990 2529 1040 servo
2564 1001 2707 1040 meo.

180 1074 233 1127 7.
251 1074 394 1137 Ἕως
425 1075 518 1127 τοῦ
543 1075 738 1140 αἰῶνος
767 1076 1044 1148 ἑτοιμάσω
1065 1077 1126 1131 τὸ
1162 1076 1380 1148 σπέρμα
1422 1094 1514 1130 σου
1539 1095 1552 1108 ο

1871 1082 1922 1135 7.
1956 1079 2140 1148 Usque
2186 1080 2240 1133 in
2282 1089 2546 1133 aeternum
2593 1081 2912 1149 prmparabo
2947 1094 3134 1135 semen
3169 1085 3326 1134 tuum
3361 1099 3371 1134 :

176 1163 231 1219 8.
275 1165 382 1218 Καὶ
408 1166 747 1238 οἰκοδομήσω
783 1169 863 1232 εἰς
891 1169 1086 1237 γενεὰν
1119 1170 1211 1222 καὶ
1238 1168 1428 1237 γενεάν
1458 1169 1546 1222 τὸν
1575 1167 1699 1242 θρό-

1869 1173 1921 1226 8.
1950 1171 2017 1224 Et
2045 1172 2322 1226 :edilieabo
2348 1171 2402 1224 in
2444 1173 2847 1238 generationem
2878 1181 2931 1226 et
2963 1173 3368 1243 generationem

108 1277 198 1312 νον
224 1276 339 1316 σου.

1799 1263 1983 1318 sedem
2016 1272 2188 1318 tuam.

718 1352 1056 1422 Διάψαλμα.

2424 1354 2759 1426 Diapsalma.

182 1442 237 1498 9.
273 1441 791 1514 Ἑξομολογήσονται
829 1445 877 1498 οἱ
911 1444 1130 1518 οὐρανοὶ
1163 1443 1231 1497 τὰ
1266 1443 1547 1516 θαυμάσιά
1584 1461 1697 1510 σου,

1872 1446 1925 1500 9.
1959 1445 2380 1500 Confitebuntur
2410 1447 2534 1501 οωιί
2566 1446 2838 1500 mirabilia
2874 1455 2996 1510 tua,
3028 1445 3258 1502 Domine
3288 1465 3300 1500 :

108 1533 286 1604 Κύριε
302 1551 316 1565 ·

179 1623 268 1677 10.
315 1625 422 1679 Καὶ
452 1626 564 1697 γὰρ
595 1625 694 1696 τὴν
723 1625 980 1698 ἀλήθειάν
1003 1643 1097 1678 σου
1121 1627 1178 1678 ὲν
1197 1624 1493 1697 Ἐκκλησία
1509 1623 1697 1692 ἁγίων.

1874 1617 1961 1670 10.
1994 1616 2200 1672 Etenim
2226 1618 2508 1672 veritatem
2531 1629 2679 1672 tuam
2707 1619 2758 1672 in
2776 1618 3018 1674 Ecclesia
3041 1628 3378 1675 sanctorum.

182 1714 271 1768 11.
293 1715 416 1768 Ὅτι
441 1715 525 1778 τίς
564 1716 621 1768 ὲν
652 1715 902 1784 νεφέλαις
933 1715 1259 1786 ίσωθήσεται
1289 1714 1366 1784 τῷ
1405 1714 1630 1786 Κυρίῳ;

1874 1710 1962 1764 11.
1988 1709 2254 1775 Quoniam
2286 1711 2410 1781 quis
2440 1712 2492 1764 in
2519 1711 2756 1766 nubibus
2785 1712 3090 1781 aequabitur
3116 1712 3386 1768 Domino?

181 1804 270 1860 12.
298 1805 729 1878 Ὀμοιωθήσεται
757 1806 834 1878 τῷ
861 1806 1051 1878 Κυρίῳ
1084 1808 1141 1859 ὲν
1164 1808 1298 1869 υίοῖς
1331 1805 1502 1871 Θεοῦς

1487 1822 1502 1871 ;
1729 1807 1772 1862 B
1871 1803 1960 1857 12.
1989 1802 2197 1857 Similis
2227 1803 2329 1858 erit
2361 1802 2592 1857 Domino
2625 1806 2680 1857 in
2707 1804 2832 1858 liliis
2866 1803 2997 1858 Dei?

179 1894 270 1949 13.
299 1896 357 1949 Ὁ
394 1896 547 1962 Θεὸς,
588 1899 616 1950 ὁ
646 1896 1058 1967 ὲνδοξαξόμενος
1089 1900 1145 1950 ὲν
1177 1897 1336 1968 βουλῇ
1367 1897 1556 1965 ἁγίων,

1872 1895 1959 1948 15.
1989 1895 2151 1960 Deus,
2179 1896 2271 1964 qui
2315 1896 2650 1979 glpriﬁeatur
2690 1896 2743 1948 in
2785 1896 3018 1950 consilio
3043 1905 3381 1963 sanctorum,

179 1987 194 2049 Ι
217 1987 272 2042 4.
312 1988 503 2056 Μέγας
529 1988 622 2041 καὶ
645 1987 876 2060 φοϐερός
896 1990 1045 2042 ἐστιν
1074 1990 1165 2041 ὲπὶ
1187 1989 1394 2051 πάντας
1423 1988 1550 2052 τοὺς
1571 1987 1699 2060 περὶ

1877 1987 1964 2040 14.
1998 1985 2227 2055 Magnus
2249 1994 2304 2040 et
2338 1987 2598 2041 terribilis
2644 2002 2812 2056 super
2839 2001 3036 2042 omnes
3067 1987 3162 2057 qui
3191 1987 3246 2040 in
3277 1989 3384 2042 cir-

111 2077 297 2150 κύκλῳ
331 2079 516 2132 αὐτοῦ.
1368 2137 1378 2147 ι

1368 2137 1378 2147 _
1803 2079 1954 2134 cuitu
1982 2079 2101 2148 ejus
2121 2086 2267 2132 sunt.

183 2169 275 2223 15.
315 2169 488 2239 Κύριε
513 2169 542 2221 ὁ
573 2169 704 2234 Θεὸς
736 2169 844 2225 τῶν
876 2171 1176 2243 δυνάμεων,
1205 2169 1288 2233 τίς
1324 2170 1509 2240 ὅμοιός
1544 2186 1662 2236 σοις

1878 2171 1965 2224 15.
1994 2168 2243 2233 Domine,
2279 2168 2421 2222 Deus
2453 2166 2743 2234 virtutum,
2775 2168 2900 2237 quis
2937 2168 3133 2224 similis
3165 2170 3311 2224 tibi?

181 2260 271 2314 16.
292 2262 524 2325 Δυνατὸς
545 2257 614 2332 εἷ,
636 2261 829 2333 Κύριε,
848 2265 944 2318 καὶ
963 2265 997 2336 ἡ
1013 2261 1241 2335 ἀλήθειά
1256 2278 1348 2315 σου
1364 2260 1563 2314 κύκλου
1584 2278 1698 2316 σου.

1880 2263 1968 2318 16.
2001 2261 2204 2316 Potens
2227 2277 2307 2328 es,
2339 2259 2588 2326 Domine,
2619 2269 2672 2315 et
2709 2263 2909 2319 veritas
2943 2273 3036 2318 tua
3064 2265 3118 2319 in
3151 2264 3383 2320 circuitu

1812 2365 1924 2411 tuo.
2947 2408 2955 2417 ο

178 2440 272 2494 17.
314 2440 386 2493 Σὺ
410 2440 691 2504 δεσπόζεις
721 2437 816 2492 τοῦ
847 2439 1080 2510 κράτους
1119 2437 1219 2508 τῆς
1251 2435 1522 2506 θαλάσσης
1544 2451 1556 2463 ⁸

1415 2451 1522 2506 τσης
1544 2451 1556 2463 ⁸
1879 2445 1964 2499 17.
2006 2444 2087 2500 Τυ
2122 2445 2422 2501 dominaris
2451 2445 2705 2515 potestati
2740 2445 2945 2499 maris:

180 2533 274 2588 18.
317 2533 420 2586 Τὸν
445 2533 502 2586 δὲ
528 2533 686 2587 σάλον
706 2533 815 2586 τῶν
836 2531 1096 2604 κυμάτων
1117 2529 1288 2600 αὐτῆς
1308 2529 1370 2582 σὺ
1390 2526 1708 2598 καταπραΰτ

1697 2555 1708 2569 ·
1888 2537 1975 2592 18.
2014 2537 2220 2591 Motum
2255 2547 2436 2592 autem
2470 2535 2732 2590 ﬂuctuum
2759 2537 2878 2608 ejus
2901 2544 2956 2589 tu
2987 2536 3227 2608 mitigas.

111 2641 248 2688 νεις.

1252 2788 1627 2848 A'I‘HANASII
1665 2785 2261 2844 INTERPRETATIO.

178 2997 236 3052 2.
282 2995 364 3050 Τά
390 2996 788 3068 προστάγματά
817 3013 910 3050 σου
941 2995 1181 3069 κηρύξω.

1180 3037 1181 3044 η
1879 2988 1933 3042 2.
1961 2987 2240 3057 Praecepta
2271 2995 2360 3042 tua
2386 2986 2710 3058 praedicabo.

176 3091 236 3144 ’5.
255 3089 379 3142 Ὅτι
418 3091 732 3161 ἐπηγγείλω
763 3089 1121 3154 ἀδιαλείπτως
1143 3088 1234 3143 τὸν
1255 3087 1388 3160 ὴλεη
1397 3086 1555 3158 μένον
1574 3085 1704 3140 λαὸν

1880 3083 1932 3136 5.
1969 3080 2108 3147 Quia
2140 3080 2508 3134 indesinenter
2558 3077 2889 3134 denuntiasti
2933 3075 3194 3146 populum
3218 3072 3383 3130 mise-

108 3183 474 3254 περιποιῆσαι
502 3182 577 3254 (1)
612 3184 690 3246 εἰς
718 3183 1030 3254 οἰκοδομήν.

1810 3173 2103 3228 ricordiam
2132 3173 2384 3242 adeptum
2418 3172 2697 3242 possidere
2729 3171 2781 3225 in
2810 3167 3241 3224 aedificationem.

176 3275 236 3327 4.
269 3272 357 3325 Ἐν
380 3275 494 3337 τοῖς
521 3274 697 3342 ἁγίοις
723 3275 756 3344 ή
783 3273 965 3337 πίστις

919 3292 965 3337 ις
995 3274 1092 3346 (2).
1882 3267 1937 3320 4.
1968 3266 2028 3319 In
2054 3265 2262 3320 sanctis
2295 3263 2447 3318 ﬁdes.

270 3364 718 3437 Ἑπηγγειλάμην
737 3369 846 3429 τοῖς
863 3367 1035 3435 ἁγίοις
1065 3366 1162 3439 τὴν
1191 3365 1464 3436 βασιλείαν
1487 3381 1584 3434 μου
1605 3363 1701 3432 (⁸5).

1504 3363 1701 3432 ιου(’5).
1734 3383 1776 3440 C
1881 3363 1932 3416 5.
1966 3361 2303 3414 Annuntiavi
2327 3358 2531 3414 sanctis
2564 3373 2791 3428 regnum
2828 3373 3034 3412 meum.

176 3457 236 3512 6.
283 3457 408 3519 Τοῖς
434 3455 576 3509 κατὰ
611 3457 703 3510 τὸν
737 3457 900 3510 Δαϐὶδ
928 3460 1120 3528 πραεῖς
1163 3454 1411 3529 [πραέσι]
1453 3458 1520 3526 τῇ
1577 3470 1706 3524 καρ-

1260 3454 1411 3526 nec.)
1453 3458 1520 3526 τῇ
1577 3470 1710 3524 καρ-
1883 3452 1934 3506 6.
1968 3451 2129 3507 Juxta
2158 3451 2324 3505 David
2357 3451 2580 3504 mitibus
2607 3451 2790 3504 corde.

110 3555 198 3625 ea;
222 3553 326 3625 (4).

185 3647 239 3699 7.
285 3644 595 3716 Προαγάγω
629 3646 687 3697 ὲν
721 3643 799 3714 τῷ
827 3643 1037 3713 κόσμῳ.

1889 3630 1941 3684 7.
1972 3629 2281 3682 Produeam
2315 3629 2369 3681 in
2405 3627 2631 3682 mundo.

183 3740 243 3794 8.
287 3735 406 3808 Τὴν
428 3737 703 3808 βασιλείαν
729 3753 844 3791 σου.

1883 3729 1936 3784 8.
1971 3729 2216 3800 Regnum
2247 3739 2417 3782 tuum.

180 3829 238 3885 9.
283 3831 641 3901 Διηγήσονται
685 3830 734 3881 οἱ
781 3825 1072 3881 ἀπόστολοι
1099 3825 1191 3880 καὶ
1231 3824 1308 3894 (5)
1357 3824 1407 3876 οἱ
1455 3822 1598 3892 ἅγιοι
1642 3821 1708 3877 τὰ

1885 3823 1937 3878 9.
1968 3821 2277 3876 Narrabunt
2306 3818 2539 3889 apostoli
2573 3828 2625 3872 et
2661 3820 2836 3874 saneti
2864 3819 3137 3873 mirabilia
3169 3829 3282 3876 tua.

112 3922 405 3992 θαυμάσιά
440 3938 556 3977 σου.

183 4013 280 4068 10.
319 4015 431 4066 Καὶ
451 4013 560 4086 γὰρ
583 4014 684 4083 τὴν
701 4013 883 4068 πίστιν
902 4029 993 4065 σου
1014 4013 1072 4064 ὲν
1087 4010 1164 4082 τῷ
1181 4009 1372 4080 πλήθει
1387 4009 1495 4061 τῶν
1515 4007 1707 4075 ἁγίων.

1886 4003 1972 4058 10.
1998 4003 2210 4058 Etenim
2233 4001 2392 4056 ﬁdem
2415 4010 2562 4054 tuam
2594 3999 2648 4052 in
2676 3999 3021 4053 multitudine
3052 4007 3389 4053 sanctorum.

186 4107 283 4169 11,
313 4106 400 4159 12.
434 4106 510 4177 (6)
545 4106 641 4168 Τίς
669 4105 777 4159 τῶν
804 4103 1098 4176 προφητῶν
1124 4103 1156 4174 ἢ
1182 4101 1292 4155 τῶν
1331 4101 1501 4170 ἁγίων
1537 4099 1710 4152 ἰσοδυ-

1886 4097 1974 4164 11,
2006 4097 2091 4148 12.
2129 4095 2264 4160 Quis
2308 4094 2695 4163 prophetarum
2726 4102 2820 4145 aut
2860 4101 3174 4146 sanctorum
3204 4105 3392 4160 aequa-

111 4213 280 4250 ναται
324 4191 460 4248 εἶναι
501 4195 596 4248 τοῦ
643 4195 848 4266 Κυρίου
879 4193 992 4266 [τῷ
1026 4191 1289 4264 Κυρίῳ];
1339 4192 1566 4244 Ἐκεῖνοι
1601 4208 1641 4258 γη

1857 4207 1880 4244 s
1911 4205 2033 4244 esse
2079 4198 2256 4258 potest
2305 4185 2576 4239 Domino?
2605 4184 2683 4237 llli
2733 4185 2878 4239 enim
2922 4184 3096 4253 gratia
3142 4183 3387 4252 ejusdem

110 4285 266 4340 κατὰ
297 4285 457 4357 χάριν
489 4285 656 4339 αὐτοϋ
686 4285 781 4338 τοῦ
827 4283 1000 4356 Ἰησοῦ
1035 4286 1139 4337 εἰσι
1167 4284 1273 4336 υίο).
1298 4281 1393 4335 τοῦ
1424 4281 1582 4348 Θεοῦ,
1607 4297 1640 4333 α

1449 4281 1582 4348 iam},
1607 4281 1712 4333 αὺ-
1811 4281 1938 4338 Jesu
1967 4291 2094 4338 sunt
2118 4280 2210 4335 Dei
2243 4280 2359 4344 ﬁlii,
2397 4280 2513 4348 ipse
2545 4286 2725 4331 autem
2765 4287 2979 4330 natura.

113 4378 205 4442 τὸς
233 4377 296 4430 δὲ
326 4375 467 4430 κατά
495 4376 676 4447 φύσιν.

187 4469 285 4525 15.
305 4471 395 4524 Ἐν
425 4473 545 4536 ταῖς
575 4471 824 4543 καρδίαις
859 4469 1057 4524 αὐτῶν.
1641 4478 1644 4482 ’

1641 4478 1644 4482 ·
1881 4461 1969 4514 15.
1995 4457 2052 4511 In
2081 4457 2342 4512 cordibus
2376 4469 2588 4509 eorum.

185 4563 283 4618 14.
303 4542 713 4636 Ἀκατάληπτος
733 4565 826 4617 καὶ
854 4562 1260 4633 παντοδύναμός
1283 4562 1429 4614 ἐστιν
1452 4559 1546 4612 ἐπὶ
1567 4557 1702 4610 πάν-

1883 4553 1971 4606 14.
2008 4545 2576 4617 lncomprebensibilis
2624 4550 2677 4599 et
2713 4542 3059 4612 omnipotens
3109 4549 3192 4595 est
3231 4552 3397 4609 super

115 4673 215 4722 τας
243 4658 372 4720 τοὺς
401 4657 589 4727 ἁγίους
621 4657 806 4711 αὐτοῦ.

1814 4661 2008 4702 omnes
2032 4653 2255 4699 58110108
2287 4655 2441 4695 SUOS.

190 4750 284 4804 15.
323 4750 706 4822 Φιλάνθρωπος
732 4750 825 4803 καὶ
850 4749 1119 4822 ἐλεήμων.

1742 4743 1788 4801 D
1890 4739 1978 4794 15.
2013 4736 2289 4805 Benignus
2310 4741 2363 4787 et
2388 4729 2719 4786 misericors.

191 4841 286 4895 16.
327 4843 390 4894 υἱ
423 4842 568 4910 amt
603 4860 721 4896 σου.
1395 4829 1408 4844 ’

1395 4829 1408 4844 ’
1889 4830 1972 4883 16.
2002 4827 2188 4881 Sancti
2213 4827 2308 4879 tui.

190 4933 284 4987 17.
324 4934 511 5004 Πάσης
546 4933 680 5002 ὁμοῦ
715 4934 814 5003 τῆς
839 4931 1162 5002 οἰκουμένης
1184 4927 1428 4992 ἐξουσίαν
1461 4925 1538 4996 (7)
1565 4924 1713 4995 ἔχεις

1883 4921 1970 4974 17.
2010 4919 2202 4973 Totius
2253 4915 2417 4970 simul
2464 4914 2707 4969 universi
2755 4919 3080 4983 potestatem
3129 4909 3295 4966 babes
3335 4913 3397 4965 ut

118 5025 196 5088 ὡς
223 5024 558 5095 δημιουργὸς
585 5025 777 5094 αὐτῆς.

1814 5011 2058 5084 ejusdem
2097 5014 2338 5063 creator.

192 5117 283 5172 18.
325 5119 463 5180 Τοὺς
489 5120 826 5188 τιειρασμους
850 5117 1019 5188 αὐτῆς
1051 5114 1372 5184 ἀνισχύρους
1399 5113 1594 5172 ποιεῖς.

1430 5113 1594 5172 τοιεῖς.
1888 5105 1973 5158 18.
2009 5101 2362 5156 Tentationes
2390 5098 2509 5167 ejus
2536 5096 2782 5150 infirmas
2811 5094 2960 5148 facis.

1086 5337 1392 5401 Addenda
1423 5343 1485 5401 et
1531 5332 1914 5414 corrigenda
1944 5348 2023 5392 ex
2058 5327 2200 5392 cod.
2235 5326 2437 5388 Vatic.

194 5537 279 5610 (1)
300 5532 740 5610 Περιποιεῖσθαι.

1879 5518 1956 5589 (5)
1995 5516 2057 5568 Οἱ
2083 5513 2394 5578 ἀπόστολοι,
2418 5512 2513 5570 καὶ
2537 5511 2755 5565 desunt.
3106 5579 3127 5588 _

1883 5591 1956 5610 un
1998 5588 2044 5610 Μ
2103 5587 2155 5610 In
2218 5587 2313 5610 νιη-
2464 5583 2574 5610 1-..-
2610 5581 2829 5610 κάμω-η.
2871 5595 3000 5610 μην..
3041 5594 3127 5610 σν...

1881 5570 1957 5662 iis")
1997 5588 2064 5639 N.
2103 5587 2184 5647 Η,
2218 5570 2410 5647 Τίς.
2464 5583 2574 5645 ίσος
2609 5581 2834 5680 δύνατὲιι
2870 5595 3004 5631 ειναι
3041 5579 3132 5630 τοῦ
3165 5570 3399 5648 Κυρίου.

228 5679 252 5680 η
327 5679 349 5680 ἡ
1807 5661 1854 5680 ιτ
1916 5659 1976 5680 ιι)
2018 5659 2242 5680 πλη-3..-.
2354 5654 2444 5680 --π
2473 5652 2600 5680 νε,π
2632 5652 2724 5680 -..Π
2804 5649 2891 5680 ...π

539 5652 648 5658 "ﬂ
1807 5652 2315 5747 N.‘19,‘:13)t'$§‘10t.'..
2354 5654 2446 5708 τοῦ
2473 5652 2601 5708 Υἰοῦ
2632 5652 2726 5705 τοῦ
2756 5652 2914 5703 Θεοῦ.

192 5725 282 5821 (4)
320 5750 516 5820 Πραείς
543 5742 660 5802 οὖσι
691 5744 832 5802 κατά
861 5744 957 5816 τὴν
988 5743 1210 5815 καρδίαν
1239 5757 1360 5812 μου.
1880 5731 1958 5801 (7)
1998 5729 2068 5780 Σὺ
2099 5725 2370 5791 ἐξουσίανο
