3874 6222
469 288 607 345 1027

540 405 629 459 19.
662 402 743 456 Τιι
767 402 1069 458 bumiliasti
1095 402 1238 457 sicut
1265 402 1612 457 vulneratum
1642 401 1968 471 superbum:

538 496 629 550 20.
675 496 734 548 In
782 495 1007 550 brachio
1043 495 1258 550 virtutis
1306 503 1413 549 tuae
1459 493 1764 563 dispersisti
1794 492 2046 547 inimicos

469 596 615 643 tuos.

540 682 630 735 21.
660 678 763 733 Tui
798 687 927 735 sunt
953 677 1079 734 coeli
1113 686 1165 733 et
1190 687 1284 733 tua
1311 689 1392 734 est
1418 688 1565 733 terra
1597 692 1611 729 :

538 774 629 828 22.
656 772 858 827 Orbem
912 780 1067 826 terrae
1114 779 1169 827 ct
1212 771 1608 841 plenitudinem
1653 767 1773 838 ejus
1822 776 1881 821 tu
1923 767 2049 823 fun-

468 864 631 921 dasti.

540 959 633 1013 25.
661 955 986 1026 Aquilonem
1019 961 1073 1008 et
1101 967 1254 1007 mare
1280 963 1339 1007 tu
1369 952 1567 1008 creasti
1597 970 1612 1007 :

538 1047 630 1102 24.
665 1024 886 1100 Tliabor
930 1054 984 1100 et
1030 1043 1269 1098 Hermon
1315 1045 1371 1097 in
1401 1024 1762 1098 nomine'tuo
1803 1042 2049 1097 exsulta-

467 1141 644 1195 bunt:

537 1229 629 1283 25.
666 1224 845 1280 Tuum
874 1224 1163 1279 brachium
1193 1239 1319 1279 cum
1349 1223 1619 1293 potentia.

541 1320 631 1374 26.
668 1319 942 1371 Firmetur
988 1331 1183 1371 manus
1230 1325 1357 1383 tua,
1408 1325 1462 1369 et
1514 1315 1783 1371 exaltetur
1827 1318 2051 1374 dextera

469 1428 584 1467 illa.

537 1506 630 1562 27.
660 1504 881 1559 Iustitia
912 1512 965 1556 et
988 1500 1281 1571 judicium,
1312 1502 1644 1571 przeparatio
1676 1502 1821 1557 sedis
1851 1512 1978 1557 tum.

538 1597 630 1651 28.
678 1594 1051 1650 Misericordia
1112 1600 1165 1647 et
1211 1592 1413 1648 veritas
1476 1594 1785 1664 praecedent
1847 1594 2048 1667 faciem

472 1696 622 1743 tuam
652 1704 666 1740 :

541 1780 632 1833 29.
662 1779 859 1833 Beatus
894 1778 1127 1848 p0pu1us
1159 1777 1251 1845 qui
1290 1776 1395 1831 scit
1417 1776 1824 1845 jubilationem.

542 1872 632 1925 50.
664 1869 915 1936 Domine,
940 1870 993 1922 in
1026 1869 1233 1922 lumine
1256 1868 1441 1922 vultus
1480 1868 1556 1921 tui
1583 1868 1981 1923 ambulabunt:

539 2072 628 2127 51.
662 2071 729 2126 Et
757 2073 812 2126 in
843 2072 1064 2127 nomine
1094 2080 1187 2126 tuo
1221 2071 1574 2127 exsultabunt
1597 2080 1709 2128 tota
1741 2073 1828 2128 die
1859 2092 1873 2127 :

538 2230 630 2287 52.
668 2230 734 2286 Ει
766 2231 818 2284 in
850 2232 1060 2301 justitia
1086 2239 1175 2287 tua
1200 2234 1610 2288 exaltabuntur.

540 2320 631 2374 55.
663 2319 932 2387 Quoniam
964 2322 1132 2391 gloria
1164 2323 1379 2378 virtutis
1409 2338 1599 2377 eorum
1628 2328 1687 2377 tu
1716 2337 1775 2378 es
1803 2340 1816 2377 :

544 2414 635 2468 54.
672 2413 738 2469 Ει
769 2415 821 2468 in
868 2416 1211 2486 beneplacito
1261 2426 1354 2470 tuo
1393 2416 1720 2471 exaltabitur
1747 2430 1917 2470 cornu
1950 2429 2050 2469 no-

472 2514 671 2561 strum.

1312 288 1369 344 s.
1410 278 1785 344 ATHANASII
1823 289 1973 345 opp.
2011 288 2193 346 rans
2230 288 2320 347 ιιι.
2354 281 2427 333 —"-
2464 267 2888 350 EXEGETICA.

3598 291 3739 349 1028

2074 406 2121 462 Α
2220 400 2307 455 19.
2349 401 2420 453 Σὺ
2450 399 2821 463 ὲταπείνωσας
2844 398 2920 462 ὡς
2946 399 3285 468 τραυματίαν
3310 401 3659 475 ὑπερήφανον
3684 425 3699 438 .
3726 409 3731 412 ·

2220 492 2309 546 20.
2338 493 2426 545 Ἐν
2463 491 2542 562 τῷ
2584 492 2828 563 βραχίονι
2857 491 2959 561 τῆς
2984 492 3267 563 δυνάμεώς
3300 511 3395 548 σου
3423 496 3735 569 διεσκόρπι-

2153 600 2251 646 σας
2280 584 2406 645 τοὺς
2434 582 2662 653 ἐχθρούς
2696 599 2812 635 σου.

2221 673 2309 726 21.
2353 672 2441 725 Σοί
2480 674 2617 725 εἰσιν
2645 672 2693 725 οἱ
2721 672 2960 743 οὐρανοὶ,
2993 673 3087 727 καὶ
3117 673 3183 743 σή
3219 674 3367 729 ἐστιν
3400 678 3432 748 ἡ
3460 677 3567 748 γῆο

2218 765 2310 819 22.
2351 766 2463 835 Τὴν
2487 765 2813 836 οἰκουμένην
2842 765 2935 819 καὶ
2959 765 3019 818 τὸ
3041 765 3315 838 πλήρωμα
3340 768 3513 839 αὐτῆς
3542 770 3605 823 σὺ
3630 770 3741 823 ἐθε-

2154 853 2451 923 μελίωσας.

2219 945 2309 999 25.
2351 947 2453 998 Τὸν
2482 946 2683 1017 βορρᾶν
2708 946 2802 1000 καὶ
2830 946 2927 1017 τὴν
2958 945 3233 1001 θάλασσαν
3262 949 3325 1002 σὺ
3357 948 3578 1015 ἔκτισας
3598 971 3612 980 ·

2220 1037 2311 1091 24.
2353 1036 2550 1109 Θαὸὼρ
2576 1039 2668 1092 καὶ
2701 1038 2915 1109 Ἑρμὼν
2940 1040 2997 1092 ὲν
3023 1039 3100 1109 τῷ
3128 1038 3353 1111 ὀνόματί
3376 1059 3468 1095 σου
3488 1043 3746 1112 ἀγαλλιὰ-

2154 1146 2337 1183 σονται
2358 1147 2369 1158 ⁹

2219 1222 2311 1276 25.
2352 1220 2450 1284 Σὸς
2482 1224 2510 1275 6
2545 1221 2781 1292 βραχίων
2814 1226 2954 1293 μετὰ
2975 1224 3311 1288 δυναστείας.

2220 1312 2311 1369 26.
2352 1314 2766 1385 Κραταιωθήτω
2788 1315 2822 1385 ἡ
2841 1315 2963 1386 χείρ
2982 1333 3096 1380 σου,
3118 1316 3435 1389 ὑψωθήτωή
3455 1318 3607 1384 δεξιά
3626 1337 3746 1374 σου.

2219 1492 2309 1548 27.
2352 1494 2671 1567 Δικαιοσύνη
2690 1494 2785 1547 καὶ
2805 1495 2979 1566 κρῖμα
2996 1496 3279 1567 ἐτοιμασία
3294 1498 3389 1551 τοῦ
3407 1498 3599 1571 θρόνου
3624 1518 3752 1556 σου.

2220 1586 2311 1640 28.
2330 1586 2517 1650 Ἔλεος
2556 1587 2650 1640 καὶ
2682 1586 2907 1657 ἀλήθεια
2950 1589 3548 1663 προπορεύσονται,πῴ
3573 1611 3753 1665 προσ·-

2151 1696 2301 1732 ωπου
2334 1695 2426 1730 σου
2448 1694 2459 1707 ⁸

2081 1770 2124 1826 Β
2222 1773 2311 1826 29.
2355 1770 2641 1840 Μακάριος
2662 1772 2693 1822 6
2725 1770 2851 1837 λαὸς
2876 1774 2908 1826 ὁ
2938 1773 3222 1842 γινώσκων
3252 1776 3598 1847 ἁλαλαγμόν.

2225 1864 2314 1918 50.
2355 1863 2548 1934 Κύριε,
2568 1864 2623 1917 ἐν
2642 1862 2719 1932 τῷ
2748 1866 2887 1933 φωτὶ
2904 1867 2998 1921 τοῦ
3016 1867 3311 1939 προσώπου
3335 1887 3428 1923 σου
3448 1868 3751 1941 πορεύσον-

2153 1973 2266 2010 ται·

2210 2034 2318 2104 ’51.
2356 2052 2467 2105 Καὶ
2495 2053 2551 2105 ὲν
2574 2050 2652 2122 τῷ
2682 2051 2905 2123 ὀνόματί
2926 2069 3017 2105 σου
3055 2053 3477 2122 ἁγαλλιάσονται
3495 2055 3627 2127 ὃλην
3644 2055 3752 2127 τὴν

2154 2141 2366 2213 ἡμέραν
2386 2159 2401 2175 ο

2225 2235 2315 2290 52.
2356 2234 2467 2289 Καὶ
2500 2237 2559 2289 ὲν
2588 2238 2653 2307 τῇ
2680 2236 2992 2307 δικαιοσύνῃ
3029 2254 3121 2289 σου
3152 2236 3557 2309 ὑψωθήσονται.

2226 2326 2315 2381 55.
2332 2327 2452 2380 Ὅτι
2478 2327 2739 2398 καύχημα
2764 2328 2862 2399 τῆς
2890 2327 3170 2398 δυνάμεως
3195 2330 3372 2383 αὐτῶν
3406 2330 3471 2383 σὺ
3504 2323 3576 2382 εἴ.

2226 2418 2315 2471 54.
2359 2419 2468 2471 Καὶ
2511 2420 2569 2471 ὲν
2608 2421 2675 2489 τῇ
2722 2419 2939 2490 εὐδοκία
2981 2436 3071 2472 σου
3103 2418 3450 2491 ὑψωθήσεται
3483 2420 3546 2473 τὸ
3575 2419 3745 2492 κέρας

2157 2507 2337 2578 ἡμῶν.

1593 2657 1975 2717 ATHANASII
2009 2659 2590 2717 INTERPRETATIO.

542 2765 647 2827 19‘."
662 2756 973 2830 Diabolum.

533 2865 623 2917 20.
653 2866 712 2920 In
769 2865 1092 2923 fortitudine
1123 2866 1249 2922 Filii
1290 2869 1365 2922 tui
1418 2868 1705 2939 perdidisti
1750 2869 2053 2925 contrarias

473 2964 793 3024 potestates.

2219 2778 2308 2833 19.
2350 2779 2453 2831 Τὸν
2483 2777 2743 2832 διάϐολον.

2222 2870 2314 2923 20.
2333 2870 2424 2924 Ἐν
2450 2873 2518 2942 τῇ
2548 2869 2693 2941 ἰσχύϊ
2720 2868 2813 2922 τοῦ
2845 2867 2974 2923 Υἱοῢ
3008 2886 3101 2922 σου
3128 2866 3416 2935 ἀπώλεσας
3444 2868 3545 2934 τὰς
3582 2870 3741 2925 ὲναν-

2153 2962 2273 3025 τίας
2297 2962 2577 3033 δυνάμεις.

546 3045 633 3101 21.
671 3044 773 3098 Tui
820 3053 948 3100 sunt
978 3046 1152 3101 sancti
1186 3047 1263 3101 tui
1306 3048 1361 3101 in
1408 3049 1569 3114 coelo,
1602 3057 1657 3103 et
1701 3058 1888 3120 gentes
1931 3026 2101 3105 οπο-ί

2226 3054 2317 3111 21.
2356 3026 2445 3106 Σοί
2474 3026 2611 3107 εἰσιν
2637 3054 2712 3125 (Ι)
2736 3055 2786 3106 oi
2818 3055 2875 3107 ὲν
2899 3053 2976 3124 τῷ
3001 3052 3213 3123 οὐρανῷ
3240 3050 3383 3122 ἆγιοί
3409 3069 3523 3119 σου,
3548 3056 3648 3107 καὶ
3669 3056 3741 3108 τὰ

473 3137 663 3192 dentes
696 3137 749 3190 in
780 3144 831 3190 te
857 3156 871 3191 :
903 3138 1155 3193 similiter
1196 3148 1251 3193 et
1282 3140 1485 3195 malum
1515 3148 1570 3195 ct
1602 3148 1750 3196 terra
1784 3149 1875 3195 tua
1904 3150 2052 3207 sunt,

473 3229 601 3298 quia
631 3244 694 3283 ea
726 3229 951 3284 creasti.

542 3319 635 3371 22.
663 3318 868 3373 Omnes
897 3317 1062 3372 simul
1092 3318 1342 3374 homines
1374 3318 1619 3378 fundasti
1650 3323 1705 3378 in
1731 3323 1835 3379 ﬁde
1867 3334 1980 3379 tua.

543 3497 634 3551 25.
666 3495 1032 3551 Adversantes
1060 3492 1156 3550 tibi
1181 3492 1420 3565 Judaeos,
1453 3506 1507 3553 et
1538 3499 1803 3555 mundum
1832 3508 1901 3571 tu
1926 3516 2053 3555 rur-

474 3605 569 3646 sus
593 3590 893 3644 renovasti.

543 3684 634 3737 24.
670 3682 837 3739 Electi
869 3681 949 3736 tui
977 3690 1031 3737 et
1059 3690 1375 3752 peccatores
1402 3683 1455 3737 in
1488 3685 1711 3739 nomine
1733 3693 1826 3742 tuo
1851 3688 2052 3758 gaude-

475 3781 632 3830 bunt.

542 3864 633 3918 25.
667 3861 840 3918 Filius
872 3872 999 3919 tuus
1023 3863 1116 3934 qui
1143 3872 1339 3935 potens
1367 3874 1473 3919 est.

543 3958 634 4014 26.
671 3956 878 4027 Reguet
920 3955 1093 4012 Filius
1120 3966 1268 4023 tuus,
1300 3964 1354 4011 et
1393 3957 1726 4025 gloriﬁcelur
1759 3966 1885 4014 tuus
1914 3958 2051 4013 Uni-

2155 3142 2281 3215 ἔθνη
2321 3143 2390 3196 τὰ
2424 3142 2746 3196 πιστεύοντα
2783 3145 2862 3205 εἰς
2900 3144 2991 3195 σέ·
3027 3144 3228 3213 ὁμοίως
3258 3143 3352 3195 καὶ
3381 3144 3523 3196 κατὰ
3554 3144 3620 3197 τὸ
3649 3144 3745 3215 δη⁴

2159 3237 2546 3310 μιουργητικὸν
2584 3235 2750 3291 αὐτοῦ
2785 3239 2922 3289 εἰσιν
2952 3236 3001 3288 οἱ
3030 3236 3247 3307 οὐρανοὶ
3282 3237 3374 3287 καὶ
3402 3238 3435 3306 ἡ
3464 3236 3558 3305 γῆ.

2224 3329 2314 3384 22.
2356 3330 2571 3390 Πάντας
2601 3328 2735 3399 ὁμοῦ
2770 3329 2894 3391 τοὺς
2932 3327 3248 3399 ἀνθρώπους
3284 3326 3655 3398 ἐθεμελίωσας
3684 3329 3744 3381 ἐν

2153 3424 2219 3492 τῇ
2256 3421 2436 3474 πίστει
2468 3437 2582 3474 σου.

2222 3513 2309 3565 25.
2352 3508 2489 3573 Τοὺς
2515 3512 2956 3582 ἐναντιουμένους
2981 3528 3062 3564 σοι
3097 3510 3381 3574 Ἰουδαίους
3414 3512 3622 3565 καὶτὸν
3655 3515 3745 3567 κάκ

2163 3588 2296 3676 σμόν
2332 3604 2396 3656 σὺ
2427 3601 2587 3656 πάλιν
2617 3605 2985 3666 ἁνεκαίνισας.

2221 3696 2310 3751 24.
2353 3697 2416 3748 υἱ
2448 3696 2691 3750 ἐκλεκτοί
2727 3713 2815 3748 σου
2850 3694 2943 3749 καὶ
2976 3697 3024 3748 οἱ
3059 3694 3371 3767 ἁμαρτωλοὶ
3420 3697 3479 3749 ὲν
3511 3695 3589 3768 τῷ
3621 3699 3742 3752 6νό-

2158 3789 2285 3861 ματί
2312 3806 2404 3841 σου
2431 3789 2762 3859 χαρίσονται.

2220 3883 2309 3935 25.
2355 3883 2452 3945 Σὸς
2480 3884 2507 3933 6
2543 3881 2668 3944 Υἱὸς
2696 3884 2723 3933 6
2749 3882 2974 3945 δυνατός

2220 3972 2310 4026 26.
2350 3972 2689 4026 Βασιλευέτω
2720 3974 2795 4043 (5)
2845 3975 2873 4025 6
2905 3974 3031 4037 Υἱός
3081 3990 3195 4037 σου,
3231 3974 3326 4027 καὶ
3367 3973 3683 4046 δοξασθήτω
3716 3972 3745 4029 ὦ

2152 4064 2465 4135 Μονογενής
2495 4082 2608 4117 σου.

2150 4198 2177 4225 ,
2223 4156 2310 4211 27.
2352 4157 2655 4228 Αἰσηρότης
2686 4156 2761 4227 (4)
2790 4157 2882 4209 καὶ
2912 4158 3374 4229 απροσωποληψία
3414 4159 3475 4214 ὲν
3520 4158 3600 4229 τῷ
3643 4159 3743 4232 βήο

2156 4248 2287 4318 μοιτί
2323 4265 2438 4302 σου.

2220 4340 2309 4394 28.
2340 4340 2429 4393 Ἐν
2464 4340 2520 4393 δὲ
2547 4338 2624 4410 τῷ
2663 4339 2754 4392 νῦν
2781 4340 2935 4394 αἰῶνι
2966 4341 3144 4404 πίστις
3170 4341 3263 4395 καὶ
3289 4342 3629 4413 ἐλεημοσύνη
3651 4343 3741 4397 δερ

2152 4431 2276 4483 κτα)
2301 4428 2452 4500 παρὰ
2484 4429 2583 4483 σοί.

2221 4520 2311 4574 29.
2338 4521 2395 4573 Ὀ
2419 4520 2484 4573 ὲκ
2506 4520 2603 4591 τῆς
2627 4520 2851 4591 καρδίας
2878 4521 3043 4575 αὑτοῦ
3076 4522 3262 4575 πενθεῖ
3290 4523 3386 4592 (5).

2221 4612 2311 4667 50.
2342 4612 2429 4667 Ἐν
2457 4614 2523 4684 τῇ
2556 4614 2735 4683 χάριτι
2764 4614 2856 4667 τοῦ
2889 4610 3020 4667 Υἱοῦ
3050 4632 3165 4668 σου.

2222 4703 2308 4756 51.
2336 4702 2719 4766 Ἀδιαλείπτως
2763 4704 2820 4757 ἐν
2871 4705 2949 4774 τῷ
2996 4704 3152 4775 ἀϊδίῳ
3190 4706 3327 4775 φωτὶ
3365 4704 3444 4777 τῷ
3486 4708 3743 4777 μέλλοντι

2152 4794 2483 4865 χαρίσονταιι

2222 4883 2309 4937 52.
2353 4885 2461 4937 Καὶ
2498 4886 2554 4936 ἐν
2592 4884 2669 4955 τῷ
2704 4884 2816 4955 Υίῷ
2846 4902 2936 4938 σου
2969 4886 3410 4960 δοξασθήσονται.

2224 4971 2311 5026 55.
2334 4974 2453 5026 Ὅτι
2491 4975 2548 5028 ἐν
2588 4977 2670 5029 σοὶ
2698 4976 3005 5047 καυχῶνται
3030 4978 3126 5032 καὶ
3147 4979 3527 5052 δυναμοῦνται.

2223 5062 2310 5117 54.
2352 5066 2463 5117 Καὶ
2502 5068 2558 5119 ἐν
2595 5067 2674 5138 τῷ
2722 5068 2983 5139 θελήματί
3035 5086 3146 5135 σου,
3185 5073 3279 5125 καὶ
3317 5071 3411 5125 τοῦ
3457 5072 3590 5127 Υίοῦ
3638 5091 3735 5127 σου

2150 5155 2587 5228 ἁνορθωθήσεται
2618 5160 2692 5231 (6)
2722 5163 2754 5230 ἡ
2802 5158 3018 5228 ἐξουσία
3052 5164 3229 5235 ἡμῶν,
3271 5166 3337 5236 ἢν
3379 5167 3514 5236 ἡμῖν
3545 5166 3606 5233 ἐξ
3630 5169 3736 5238 ἀρ-

2153 5247 2254 5318 χῆς
2281 5249 2540 5315 δέδωκας.

1419 5358 1727 5420 Addenda
1779 5368 1839 5420 et
1874 5361 2252 5440 corrigenda
2289 5380 2367 5427 ex
2391 5368 2532 5429 cod.
2571 5369 2772 5435 Vatic.

540 5482 613 5562 (l)
653 5482 743 5537 Σοί
774 5486 878 5537 εἰσι
910 5484 1003 5538 καὶ
1033 5484 1103 5549 of,
1134 5486 1435 5562 etc/Opto);
1463 5484 1574 5551 καί,
1604 5470 1715 5543 etc.
1754 5485 1882 5558 Leg.
1910 5487 2045 5554 vid.,

464 5554 686 5624 ὁμοίως.

538 5625 615 5691 (2)
643 5626 699 5677 ὐ
732 5625 820 5688 σὸς
846 5626 970 5688 Υἱὸς
1000 5626 1239 5690 δυνατός.

537 5695 613 5764 (5)
652 5697 1043 5750 Βασιλευσὰτω.

509 4052 706 4106 enitus.

509 4068 706 4106 emrus.

474 4068 506 4122 Β
539 4144 630 4198 27.
661 4144 933 4200 Severitas
965 4152 1020 4200 et
1045 4146 1276 4214 aequitas
1307 4144 1362 4198 in
1391 4154 1484 4199 tuo
1518 4144 1797 4199 tribunali.

542 4324 634 4379 28.
658 4323 716 4378 In
750 4326 1005 4395 praesenti
1035 4332 1215 4379 autem
1252 4326 1451 4381 sreculo
1481 4326 1613 4382 {ich
1643 4336 1695 4382 et
1730 4326 2044 4384 misericor-

471 4417 560 4470 dia
591 4398 824 4485 acceptae
849 4417 991 4485 apud
1030 4426 1101 4470 te.

541 4506 633 4561 29.
663 4506 768 4572 Qui
802 4522 869 4561 ex
894 4508 1059 4561 corde
1092 4524 1192 4562 suo
1216 4509 1401 4577 gemit.

539 4600 631 4654 50.
664 4601 724 4653 In
760 4600 931 4669 gratia
952 4597 1076 4653 Filii
1105 4602 1201 4654 tui.

539 4691 629 4746 51.
662 4691 1035 4747 Indesinenter
1057 4693 1112 4747 in
1131 4702 1335 4748 aeterna
1358 4691 1542 4749 futura
1567 4694 1688 4751 luce
1712 4696 2046 4765 gaudebunt.

2081 4384 2127 4440 D

538 4875 629 4929 52.
662 4875 729 4929 Et
758 4874 813 4927 in
844 4873 985 4929 Filio
1017 4882 1110 4929 tuo
1143 4874 1615 4945 gloriﬁcabuntur.

536 4967 625 5020 55.
652 4966 918 5030 Quoniam
951 4968 1003 5021 in
1032 4976 1084 5020 te
1106 4967 1407 5037 gloriantur
1437 4978 1491 5022 et
1516 4968 1968 5026 corroborantur.

537 5057 626 5110 54.
659 5056 723 5110 Et
753 5058 805 5110 in
836 5059 1109 5113 voluntate
1142 5070 1232 5113 tua
1260 5069 1312 5115 et
1344 5061 1466 5115 Filii
1513 5063 1587 5115 tui
1636 5064 1898 5133 dirigetur
1938 5078 2040 5135 po-

468 5159 637 5206 tcstas
669 5160 879 5217 nostra,
910 5168 1074 5221 quam
1106 5153 1265 5209 nobis
1296 5154 1363 5209 ab
1390 5155 1546 5210 initio
1570 5156 1789 5215 dedisti.

2226 5491 2303 5565 (4)
2344 5493 2707 5565 Αὐπηρότης-

2223 5564 2300 5629 (ὃ)
2341 5564 2577 5618 Πενῧῶν.

2227 5633 2301 5702 (ti)
2321 5634 2725 5705 Ἀνορθωθὴτω.
