3874 6222
123 282 274 342 1029
985 285 1073 339 DE
1113 282 1390 340 TITULIS
1419 283 1872 343 PSALMORUM.
1912 313 1981 326 —
2015 284 2210 342 PSAL.
2245 245 2578 339 LXXXVIII.
3264 284 3400 339 1050

195 401 428 462 55.Ὅτι
452 399 548 453 τοῦ
578 401 786 472 Κυρίου
820 403 853 473 ἡ
884 403 1192 474 ἀντίληψις,

1758 410 1804 472 Α
1903 405 1996 460 55.
2026 405 2164 472 Quia
2194 404 2409 460 Domini
2433 404 2760 474 assumptio,

195 493 290 550 56.
331 494 443 547 Kal
473 492 568 547 τοῦ
606 494 762 563 ἁγίου
797 495 1013 566 Ἰσραὴλ
1046 495 1310 566 βασιλέως
1344 494 1523 566 ἡμῶν.

1897 497 1988 551 56.
2017 496 2084 550 Ει
2114 496 2288 552 sancti
2313 496 2478 551 Israel
2511 497 2657 564 regis
2684 493 2880 550 nostri.
3250 565 3253 570 Ι

195 586 289 641 '57.
329 585 464 638 Τότε
497 586 763 653 ἐλάλησας
789 589 845 639 ἐν
873 588 1061 658 ὁράσει
1092 590 1203 651 τοῖς
1242 590 1378 649 υἱοῖς
1413 603 1528 651 σου,

1899 589 1989 644 57.
2025 588 2177 642 Tunc
2204 588 2420 642 locutus
2446 602 2506 642 es
2537 587 2592 640 in
2620 587 2834 642 visione
2868 585 2995 640 ﬁliis
3028 584 3155 651 tuis,

194 676 288 732 58.
330 677 441 730 Kal
467 673 656 740 εἴπας⁶
697 677 932 750 Ἐθέμην
965 679 1216 750 βοήθειαν
1248 679 1342 730 ἐπὶ
1367 676 1593 731 δυνατόν
1615 692 1631 708 ⁸

1896 679 1986 734 58.
2016 677 2287 733 Etdixisti
2313 697 2326 732 :
2352 677 2519 732 Posui
2556 678 2889 748 adjutorium
2919 679 2972 731 in
3000 684 3220 748 potente
3247 695 3261 732 :

196 766 288 821 59.
321 765 554 835 ’Ύψωσα
582 767 838 820 ἐκλεκτὸν
868 770 932 822 ἐκ
964 768 1058 822 τοῦ
1089 767 1219 822 λαοῦ
1250 785 1376 838 μου.

1895 773 1985 827 59.
2021 772 2263 826 Exaltavi
2289 773 2522 827 electum
2555 772 2621 826 de
2651 772 2804 841 plebe
2833 787 2975 828 mea.

191 859 284 913 40.
321 853 494 928 Εὗρον
519 858 682 912 Δαὸὶδ
706 859 800 912 τὸν
824 859 1007 914 δοῦλόν
1045 877 1168 931 μου·

1900 864 1991 919 40.
2021 864 2206 918 Inveni
2234 861 2404 918 David
2436 879 2656 919 servum
2677 878 2893 917 meum:

194 950 288 1005 41.
332 951 420 1004 Ἐν
451 950 616 1022 ἐλαίῳ
646 951 786 1023 ἁγίῳ
815 970 912 1024 μου
943 952 1135 1024 ἐχρισα
1155 950 1337 1004 αὐτόν.

1900 956 1992 1010 41.
2019 953 2152 1010 Oleo
2183 964 2375 1010 sancto
2402 970 2526 1010 meo
2558 955 2693 1008 unxi
2731 970 2879 1010 eum.

192 1042 289 1098 42.
335 1043 402 1096 Ἦ
432 1043 541 1116 γάρ
573 1043 694 1115 χείρ
731 1063 830 1116 μου
867 1044 1315 1115 συναντιλήψεται
1346 1039 1515 1109 αὐτῷ’

1503 1055 1515 1068 ‘
1896 1048 1985 1102 42.
2015 1047 2207 1102 Manus
2237 1047 2381 1100 enim
2414 1062 2534 1102 mea
2574 1047 2929 1100 auxiliabitur
2962 1045 3033 1100 ei.

191 1135 288 1190 45.
322 1135 436 1188 Kal
462 1135 490 1185 ὁ
518 1135 754 1206 βραχίων
782 1155 883 1207 μου
913 1137 1228 1207 κατισχύσει
1254 1134 1438 1187 αὐτόν.

1898 1140 1988 1194 45.
2019 1139 2084 1194 Ει
2111 1140 2397 1194 brachium
2437 1155 2618 1193 meum
2645 1139 2973 1194 confortabit
2997 1155 3142 1194 cum.

197 1226 290 1279 44.
321 1225 435 1279 Οὐκ
463 1226 731 1297 ὠφελήσει
753 1230 944 1301 ἐχθρὸς
977 1232 1034 1284 ἐν
1070 1227 1240 1298 αὐτῷ·

1896 1230 1988 1287 44.
2020 1228 2165 1283 Nihil
2196 1228 2441 1298 proﬁciet
2469 1229 2726 1283 inimicus
2751 1229 2806 1281 in
2837 1243 2902 1282 eo
2930 1247 2941 1282 :

195 1318 288 1372 45.
317 1318 430 1370 Kal
479 1318 593 1383 υίὸς
639 1321 870 1392 ἀνομίας
919 1323 980 1374 οὺ
1017 1322 1318 1393 προσθήσει
1345 1316 1440 1372 τοῦ
1471 1312 1722 1369 κακῶσαι

1898 1321 1989 1376 45.
2015 1319 2081 1374 Ει
2112 1320 2256 1375 Illius
2290 1319 2596 1390 iniquitatis
2625 1335 2732 1373 non
2769 1329 3003 1389 apponet
3034 1334 3231 1374 nocere
3257 1317 3331 1375 ei.

126 1412 316 1465 αὐτόν.

189 1500 405 1557 46.Kal
430 1497 684 1568 συγκόψω
716 1497 823 1552 ἀπὸ
841 1495 1133 1567 προσώπου
1160 1493 1324 1548 αὐτοῦ
1347 1495 1473 1560 τοὺς
1497 1496 1719 1569 ἐχθροὺς

1892 1492 1986 1551 46.
2013 1493 2080 1550 Et
2101 1493 2385 1550 concidam
2416 1506 2448 1547 a
2478 1491 2616 1546 facie
2647 1490 2820 1560 ipsius
2846 1490 3102 1545 "uimicos
3132 1489 3283 1559 ejus:

125 1611 297 1648 αυτου
319 1611 332 1623 ⁵

196 1686 287 1739 47.
317 1683 430 1737 Kal
455 1683 579 1745 τοὺς
614 1677 905 1752 μισοῦντας
939 1677 1100 1731 αὐτὸν
1126 1677 1507 1749 τροπώσομαι.

1895 1673 1984 1728 47.
2017 1675 2084 1729 Et
2105 1673 2350 1730 odientes
2372 1687 2496 1727 eum
2525 1670 2580 1724 in
2607 1670 2791 1741 fugam
2828 1679 3141 1725 convertam

199 1777 288 1832 48.
310 1776 422 1830 Kal
451 1778 484 1847 ἡ
506 1773 732 1846 ἀλήθειά
755 1788 878 1842 μου,
893 1772 987 1824 καὶ
1001 1770 1078 1828 ,τὸ
1100 1769 1245 1834 ἔλεός
1272 1787 1372 1841 μου
1399 1773 1514 1842 μετ’
1530 1769 1714 1824 αὐτοῦ’

1892 1767 1981 1821 48.
2025 1766 2094 1820 Et
2145 1765 2351 1820 veritas
2405 1779 2548 1830 mea,
2585 1771 2641 1817 et
2687 1761 3064 1817 misericordia
3109 1776 3232 1816 mea
3277 1775 3400 1815 cum

1820 1876 1939 1932 ipso
1964 1878 1978 1913 :

195 1957 286 2012 49.
321 1956 432 2008 Kal
458 1956 516 2008 ἐν
541 1953 620 2025 τῷ
653 1950 878 2024 ὀνόματί
915 1968 1016 2023 μου
1053 1951 1399 2023 ὑψωθήσεται
1448 1951 1506 2004 τὸ
1555 1951 1722 2022 κέρας

1889 1951 1977 2006 49.
2009 1949 2076 2006 Et
2105 1949 2160 2004 in
2197 1948 2420 2003 nomine
2449 1962 2574 2003 meo
2606 1945 2939 2002 exaltabitur
2967 1961 3138 2002 cornu
3167 1947 3325 2018 ejus:

125 2064 316 2102 αυτου.

194 2139 285 2194 50.
309 2139 418 2191 Kal
443 2136 678 2208 Θήσομαι
709 2136 767 2188 ἐν
802 2134 1043 2206 θαλάσσῃ
1071 2135 1226 2205 χεῖρα
1253 2132 1438 2186 αὐτοῦ·

1889 2127 1978 2182 50.
2010 2127 2076 2181 Ει
2103 2141 2301 2197 ponam
2329 2126 2385 2180 in
2415 2127 2553 2180 mari
2584 2141 2809 2180 manum
2834 2125 2986 2195 ejus:

195 2227 285 2281 51.
315 2228 426 2280 Kal
452 2227 510 2280 ἐν
539 2227 803 2295 ποταμοῖς
835 2223 1014 2288 δεξιάν
1042 2223 1231 2276 αὐτοῦ.

1891 2221 1978 2274 51.
2007 2220 2075 2274 Ει
2098 2220 2151 2273 in
2176 2218 2494 2273 ﬂuminibus
2519 2219 2803 2272 dexteram
2833 2219 2972 2286 ejus.

191 2317 286 2372 52.
306 2317 479 2380 Αὐτὸς
509 2315 895 2369 ἐπικαλέσεταί
932 2331 1020 2386 με·
1049 2313 1240 2384 Πατήρ
1273 2329 1374 2383 μου
1397 2305 1448 2364 εἷ
1477 2312 1562 2374 σὺ,

1894 2311 1984 2364 52.
2019 2310 2140 2380 Ipse
2170 2309 2446 2364 invocabit
2476 2323 2600 2364 me:
2632 2307 2796 2362 Pater
2828 2323 2984 2362 meus
3009 2322 3068 2362 cs
3091 2316 3150 2362 tu

194 2408 286 2462 55.
316 2407 448 2471 Θεός
476 2424 603 2477 μου,
633 2405 728 2459 καὶ
754 2404 1107 2474 ἀντιλήπτωρ
1130 2404 1230 2474 τῆς
1251 2402 1524 2474 σωτηρίας
1559 2417 1682 2471 μου.

1633 2417 1682 2456 υ.
1888 2400 1979 2454 55.
2016 2400 2160 2455 Deus
2182 2414 2356 2464 meus,
2385 2409 2436 2454 et
2470 2406 2756 2469 susceptor
2785 2397 2978 2453 salutis
3009 2413 3163 2453 meae.

185 2499 286 2554 54.
314 2498 484 2567 Κάγὼ
505 2497 846 2570 πρωτότοκον
880 2495 1118 2566 θήσομαι
1147 2494 1332 2558 αὑτὸν,

1890 2492 1979 2545 54.
2011 2490 2079 2545 Ει
2112 2507 2211 2561 ego
2239 2493 2661 2561 primogenitum
2687 2505 2888 2559 ponam
2914 2490 3089 2555 illum,

194 2591 282 2645 55.
323 2589 556 2661 ’Υψηλὸν
589 2587 738 2660 παρά
759 2590 869 2653 τοῖς
899 2586 1176 2659 βασιλεῦσι
1198 2587 1296 2658 τῆς
1325 2586 1450 2656 γῆς.

1379 2587 1450 2656 τίς,
1888 2585 1980 2640 55.
2009 2584 2301 2640 Excelsum
2340 2599 2451 2654 prae
2485 2585 2704 2653 regibus
2732 2593 2909 2640 terrae.

1253 2737 1626 2793 ATIIANASII
1665 2736 2258 2793 INTERPRETATIO.

193 2865 286 2928 55,
323 2863 413 2918 56.
451 2863 574 2917 ’Ὀτι
611 2862 706 2916 τοῦ
753 2863 984 2934 Πατρὸς,
1015 2862 1108 2915 καὶ
1152 2860 1242 2914 τοῦ
1290 2859 1443 2925 Υἱοῦ,
1469 2861 1562 2914 καὶ
1614 2860 1706 2913 τοῦ

1883 2861 1974 2924 55,
2015 2859 2105 2916 56.
2139 2859 2407 2926 Quoniam
2437 2861 2616 2918 Patris
2645 2869 2698 2918 et
2726 2861 2847 2917 Filii
2879 2870 2934 2919 et
2960 2861 3196 2934 Spiritus
3223 2866 3397 2921 sancti

113 2954 284 3009 ἁγίου
320 2952 638 3024 Πνεύματος
667 2955 700 3023 ή
727 2951 1011 3022 ἀντίληψις
1040 2952 1170 3019 ἡμῖν
1196 2951 1293 3019 (1).

830 2951 1011 3022 ίληψις
1040 2952 1170 3019 ἡμῖν
1196 2951 1293 3019 (1).
1816 2953 2120 3020 assumptio
2147 2960 2359 3008 nostra.

195 3041 271 3098 57'
317 3043 450 3096 Τότε
478 3045 588 3104 τοῖς
617 3043 892 3105 Ἰουδαίοις
922 3043 978 3094 ἐν
1016 3040 1303 3110 αἰνίγμασι
1328 3039 1416 3092 διά
1441 3038 1544 3093 τῶν
1578 3056 1712 3110 προ-

1882 3044 1968 3097 57.
2006 3042 2160 3098 Tunc
2191 3042 2392 3099 Judmis
2441 3044 2496 3097 in
2548 3044 2928 3115 :enigmatibus
2974 3063 3072 3117 per
3104 3049 3401 3120 prophetas

111 3135 310 3205 φητῶν
340 3133 504 3204 ἐλάλη
512 3150 632 3196 σας,

609 3152 632 3196 “,
1817 3136 2033 3192 locutus
2059 3152 2139 3204 es,

193 3226 283 3282 58.
323 3225 436 3280 Kal
463 3221 620 3288 εἶπας
639 3241 652 3254 °
682 3223 772 3294 Τῷ
792 3222 907 3294 Υίῷ
931 3240 1030 3293 μου
1063 3223 1315 3294 βοηθήσω
1345 3222 1493 3292 ὑμῖν.

1886 3227 1977 3282 58.
2005 3227 2071 3282 Et
2095 3227 2283 3282 dixisti
2313 3247 2325 3282 :
2355 3228 2413 3281 In
2446 3227 2584 3282 Filio
2613 3244 2735 3283 meo
2758 3229 3028 3298 adjuvaho
3053 3246 3169 3286 vos.

181 3317 281 3373 59.
318 3316 422 3369 Τὸν
458 3317 614 3388 χορὸν
636 3316 744 3369 τῶν
800 3315 971 3384 ἁγίων
1025 3314 1338 3368 ἀποστόλων
1378 3312 1710 3383 ἐξελεξάμην

1889 3319 1982 3374 59.
2013 3319 2256 3374 Chorum
2285 3330 2602 3376 sanctorum
2639 3321 3011 3391 apostolorum
3042 3323 3180 3394 elegi
3203 3331 3259 3379 et
3285 3323 3400 3395 glo-

106 3410 216 3465 xal
236 3408 483 3473 ἐδόξασα.

1816 3411 2049 3465 riﬁcavi.

190 3500 280 3554 40.
307 3493 479 3571 Εὗρον
505 3497 581 3570 (2)
603 3498 732 3552 λαὸν
757 3497 850 3550 τὸν
890 3495 1101 3566 πεποοη
1112 3496 1294 3565 μενον.

1884 3506 1974 3560 40.
2008 3505 2194 3559 Inveni
2222 3507 2485 3574 populum
2518 3508 2913 3566 desideratum.

189 3589 278 3644 41.
317 3588 405 3644 Ἑν
430 3588 511 3659 τῷ
559 3586 840 3658 Πνεύματί
900 3604 1000 3658 μου
1024 3585 1104 3657 τῷ
1133 3587 1272 3656 ἁγίῳ
1303 3586 1394 3638 τὸν
1427 3586 1589 3640 αὐτὸν
1624 3604 1714 3638 ττι-

1885 3593 1975 3647 41.
2011 3591 2070 3646 In
2103 3592 2306 3660 Spiritu
2335 3602 2526 3648 sancto
2551 3611 2674 3651 meo
2703 3598 2956 3653 eumdem
2984 3599 3200 3656 lidelem
3224 3615 3397 3671 popu-

103 3682 246 3737 στὸν
273 3681 400 3735 λαὸν
432 3680 698 3751 ἠγάπησα
718 3678 818 3748 (5).

616 3698 698 3750 ισα
718 3678 818 3748 (5)·
1815 3685 1928 3740 lum
1961 3687 2146 3741 dilexi.

188 3774 277 3827 49..
319 3774 378 3825 Ὀ
404 3771 513 3844 γὰρ
547 3772 675 3834 Υἱός
700 3789 798 3841 μου
823 3771 1188 3842 ὑπερασπίζει
1227 3771 1409 3824 αὐτόν.

1886 3779 1974 3832 42.
2003 3779 2136 3832 Nam
2165 3779 2336 3834 Filius
2360 3794 2513 3834 meus
2533 3781 2767 3852 protegit
2803 3781 3003 3852 ipsum.

184 3865 276 3918 45.
305 3865 414 3916 Kal
445 3863 606 3925 αὐτὸς
632 3865 659 3914 ὁ
691 3863 818 3925 Υἱός
856 3879 956 3932 μου
981 3861 1217 3931 ἐνισχύει
1248 3861 1323 3931 (4)
1357 3863 1540 3917 αὐτόν.

1884 3870 1973 3924 45.
2007 3869 2074 3923 Εῑ
2105 3869 2247 3923 idem
2279 3869 2450 3923 Filius
2483 3885 2638 3924 meus
2665 3871 2941 3927 confortat
2964 3888 3110 3928 eum.

187 3956 277 4010 44.
307 3957 380 4010 Οὐ
416 3953 838 4024 κατακυριεύσει
875 3955 904 4006 ὁ
936 3952 1181 4015 διάϐολος
1207 3951 1394 4007 αὐτοῦ.

1883 3961 1972 4015 44.
2005 3960 2120 4016 Non
2152 3962 2522 4016 dominabitur
2549 3963 2602 4016 iu
2637 3978 2762 4018 eum
2793 3965 3067 4021 diabolus.

186 4049 278 4103 45.
316 4048 376 4100 Ὁ
402 4045 563 4110 αὐτὸς
593 4045 965 4116 ἀντικείμενος
1000 4045 1099 4097 οὐκ
1128 4043 1192 4097 ἂν
1227 4043 1423 4115 δυνηθῇ
1451 4044 1636 4098 αὑτοῦ.

1883 4053 1974 4107 45.
2005 4052 2147 4108 Idem
2179 4054 2525 4110 adversarius
2550 4055 2686 4109 nihil
2717 4058 2919 4126 poterit
2957 4059 3218 4116 adversus
3245 4074 3388 4116 eum.

186 4137 275 4194 46.
312 4138 424 4202 Τάς
446 4138 693 4201 ἐναντίας
721 4135 1002 4207 δυνάμεις.

1743 4211 1771 4216 _
1885 4145 1978 4199 46.
2010 4145 2368 4201 Adversarias
2403 4153 2723 4216 potestates.

184 4233 275 4286 47.
300 4233 438 4296 Τοὺς
463 4235 721 4305 δαίμονας
746 4231 998 4296 ὑποτάξω
1023 4233 1226 4295 αὐτοῖς.

1743 4211 1783 4264 D
1882 4236 1972 4289 47.
2006 4235 2290 4290 Daemones
2323 4211 2609 4304 subjiciam
2647 4238 2796 4308 ipsis,

186 4325 277 4378 48.
311 4326 419 4378 Kal
442 4325 502 4378 τὸ
527 4324 756 4395 Πνεῦμά
799 4341 899 4394 μου
930 4323 991 4376 τὸ
1024 4323 1201 4390 ἅγιον,
1240 4322 1335 4375 καὶ
1367 4323 1394 4374 ὁ
1449 4321 1575 4384 Υἱός
1610 4338 1711 4391 μου

1882 4327 1970 4379 48.
2001 4325 2068 4380 Et
2106 4325 2344 4395 Spiritus
2367 4338 2592 4382 sanctus
2617 4345 2793 4396 meus,
2819 4339 2873 4385 et
2903 4331 3075 4388 Filius
3107 4348 3261 4389 meus
3284 4349 3387 4390 non

97 4417 406 4488 ἀχώριστοι
428 4417 639 4470 ἔσονται
664 4416 758 4469 τοῦ
787 4416 978 4470 πιστοῦ
1004 4415 1157 4470 λαοῦ.

1810 4420 2208 4487 scparahuntur
2233 4436 2260 4473 a
2290 4421 2494 4490 populo
2525 4421 2691 4475 ﬁdeli.

179 4508 271 4562 49.
319 4508 384 4559 'I-I
413 4507 657 4577 βασιλεία
683 4506 777 4560 τοῦ
807 4506 964 4560 λαοῦ.

957 4547 964 4558 .
1879 4512 1964 4564 49.
2003 4509 2249 4581 Regnum
2278 4513 2487 4580 populi.

180 4598 272 4652 50.
307 4599 394 4651 Ἐν
415 4599 494 4669 τῷ
517 4599 708 4670 κόσμῳ
734 4597 832 4670 τὴν
865 4597 1182 4652 δυναστείαν
1217 4595 1406 4649 αὐτοῦ.

1392 4635 1406 4649 .
1874 4604 1962 4659 50.
1995 4603 2051 4656 In
2083 4605 2290 4658 mundo
2311 4605 2741 4661 dominationem
2779 4608 2922 4676 ejus.

180 4691 272 4746 51.
301 4691 411 4745 Kal
440 4693 496 4744 ἐν
524 4693 638 4755 τοῖς
669 4690 844 4744 ἔθνεσι
872 4689 971 4753 τὰς
1001 4687 1221 4752 ἐντολὰς
1252 4684 1439 4740 αὐτοῦ.

1406 4684 1439 4740 3.
1872 4695 1961 4750 51.
1995 4694 2061 4750 Et
2083 4696 2136 4749 in
2163 4697 2416 4767 gentibus
2447 4711 2712 4770 praecepta
2736 4701 2936 4766 ipsius.

177 4783 272 4838 52.
308 4783 400 4847 Τὸ,
435 4782 627 4852 Πάτερ
655 4782 826 4852 ἡμῶν
855 4785 888 4836 ό
915 4783 984 4835 ἐν
1006 4783 1122 4846 τοῖς
1165 4780 1464 4848 οὐρανοῖς.

1311 4780 1464 4844 νοῒς.
1870 4787 1960 4841 52.
1991 4786 2152 4841 Pater
2183 4797 2360 4842 noster
2386 4791 2476 4858 qui
2503 4808 2556 4844 es
2589 4791 2643 4844 in
2677 4793 2841 4846 caelis.

176 4875 268 4930 55.
317 4874 416 4942 Μὴ
475 4875 826 4943 εἰσενέγκῃς
875 4872 1034 4942 ἡμᾶς
1077 4873 1152 4943 (5)
1211 4876 1298 4938 εἰς
1347 4869 1701 4940 πειρασμὸν,

1871 4878 1958 4933 55.
2003 4878 2083 4933 Νε
2110 4880 2331 4933 inducas
2363 4898 2455 4935 nos
2491 4883 2546 4936 in
2576 4864 2942 4954 tentationcm,
2976 4887 3066 4941 sed
3098 4885 3265 4942 libera
3291 4903 3383 4942 nos

89 4965 271 5022 ἀλλὰ
288 4963 476 5038 ῥῦσαι
498 4964 656 5034 ἡμᾶς
680 4965 799 5018 ἀπὸ
829 4965 935 5019 τοῦ
959 4965 1254 5033 πονηροῦ.
1800 4985 1833 5022 a
1867 4969 2007 5021 malo
2031 4971 2074 5025 θ.

172 5059 269 5114 54.
308 5058 396 5111 Ἑν
427 5060 492 5128 τῇ
528 5057 771 5128 βασιλείᾳ
799 5057 908 5110 τῶν
937 5059 1206 5129 οὐρανῶν.

1086 5059 1206 5112 νῶν.
1879 5061 1969 5114 54.
1996 5059 2050 5113 ln
2080 5076 2307 5131 regnum
2335 5064 2616 5119 ccelorum.

169 5149 268 5204 55.
300 5148 694 5219 Δεδοξασμένον
723 5149 861 5220 ὑπὲρ
893 5150 1018 5212 τοὺς
1043 5149 1296 5220 βασιλέας
1331 5147 1429 5218 (6).

1245 5166 1296 5212 ις
1331 5147 1429 5218 (6).
1877 5151 1965 5205 55.
2003 5150 2370 5208 Gloriﬁcatum
2406 5171 2570 5225 super
2599 5172 2775 5228 reges.

190 5263 214 5295 ⁶
251 5259 444 5317 Matth.
473 5278 549 5329 v1,
589 5263 741 5318 9-15.

1066 5353 1380 5415 Addenda
1409 5359 1470 5415 et
1501 5351 1880 5432 corrigenda
1933 5371 2012 5416 ex
2042 5355 2184 5418 cod.
2222 5357 2425 5420 Vatic.

281 5474 565 5553 ίῌμῇἒνο-..
728 5549 740 5553 _
807 5549 819 5553 ,
877 5551 887 5553 _
1001 5549 1011 5553 _
1233 5549 1245 5553 ,
1356 5549 1366 5553 ,
1598 5549 1621 5553 η
1869 5481 1945 5550 (ιί)
1991 5483 2309 5553 Ἐνισχύσει.

167 5542 256 5638 (2)
363 5542 468 5632 ’40ἶ
494 5542 665 5638 Εὗρον
694 5549 790 5638 ’ἓν
807 5549 933 5605 λαὸν
967 5549 1056 5604 τὸν
1082 5549 1480 5621 πεποθημένονο
1529 5549 1690 5605 τοῦτο

1332 5549 1480 5603 ,ἐνονο
1529 5549 1690 5605 τοῦτο
1973 5553 2047 5638 Ille
2078 5542 2176 5638 pro
2208 5557 2369 5638 ἡμᾶς.
2411 5553 2484 5638 Ita
2517 5557 2677 5637 etiam
2717 5573 2862 5614 mox.

86 5617 594 5698 γὰρ-ἐρμῃνεύεται
625 5621 804 5674 Δαϐίδ.
1282 5617 1313 5621 ’⁷
1866 5617 1940 5693 (6)
1976 5617 2134 5696 Ποιρὰ
2163 5617 2288 5689 toqu
2325 5625 2562 5695 βασιλεῖς
2586 5627 2680 5695 τῆς
2714 5629 2836 5698 γῆς.

171 5687 252 5752 (5)
294 5687 535 5754 Ἡγίασα.
