3874 6222
445 292 579 348 1051
1301 280 1359 335 S.
1404 276 1780 333 ATHANASII
1824 274 1977 329 OPP.
2020 273 2204 329 PARS
2242 272 2332 327 III.
2374 302 2444 311 -——-
2484 268 2902 327 EXEGETICA.
3610 270 3750 324 {032

512 404 602 459 56.
640 405 696 458 In
716 411 976 457 aeternum
1000 398 1228 453 servabo
1247 397 1322 449 illi
1350 394 1782 450 misericordiam
1804 406 1983 446 meam
2008 409 2019 443 :

2076 398 2103 453 λ
2200 390 2288 441 56.
2320 390 2411 451 Εἰς
2446 388 2535 440 τὸν
2570 388 2740 440 αἰῶνα
2773 384 2993 456 φυλάξω
3022 383 3170 454 αύτῷ
3202 384 3264 437 τὸ
3299 384 3445 449 ἔλεός
3480 403 3606 457 μου·

513 497 603 552 57.
633 495 699 549 Et
727 500 1111 549 testamentum
1139 505 1321 543 meum
1357 487 1511 541 ﬁdele
1540 487 1663 555 ipsi.

2206 482 2295 534 57.
2336 481 2501 549 Καὶὴ
2536 478 2770 548 διαθήκη
2806 495 2906 547 μου
2945 477 3111 545 πιστὴ
3140 475 3308 546 αύτῷ.

513 588 606 645 58.
644 587 710 641 Ει
738 601 934 655 ponam
967 586 1018 637 in
1050 582 1311 637 sazculum
1339 580 1526 635 sazeuli
1556 594 1742 634 semen
1768 578 1888 647 ejus
1914 594 1929 632 :

2218 575 2291 627 38.
2348 574 2457 626 Kal
2510 573 2747 643 θήσομαι
2804 573 2883 634 εἰς
2936 572 3025 625 τὸν
3056 573 3227 627 αἰῶνα
3274 570 3371 625 τοῦ
3430 571 3631 635 αἰῶνος
3684 584 3748 625 το

2134 670 2359 740 σπέρμα
2382 668 2568 722 αὑτοῦ·

519 768 705 828 59..Ει
730 768 989 823 thronum
1019 765 1139 837 ejus
1163 764 1305 820 sicut
1330 764 1447 819 dies
1482 762 1605 818 coeli
1636 780 1649 815 :

2216 760 2303 813 59.
2342 760 2450 812 Kal
2479 756 2568 811 τὸν
2593 757 2780 827 θρόνον
2810 757 2974 810 αὐτοῦ
3032 757 3105 821 ὼς
3137 755 3239 821 τὰς
3270 756 3486 827 ἡμέρας
3519 755 3618 809 τοῦ
3649 756 3740 807 ού-

2138 871 2320 925 ρανου.

522 948 610 1004 60.
640 948 699 1003 Si
732 956 911 1002 autem
933 943 1330 1014 dereliquerint
1361 940 1456 995 ﬁlii
1493 940 1613 1010 ejus
1634 939 1807 1008 legem
1827 953 2028 1004 meam,

2212 946 2291 1001 ΒΟ.
2364 944 2489 997 Ἐὰν
2550 942 2991 1012 ἐγκαταλίπωσιν
3046 944 3095 994 οἱ
3150 942 3255 995 υἱοὶ
3319 941 3485 995 αὐτοῦ
3534 942 3629 995 τὸν
3658 942 3742 992 νό-

2139 1057 2237 1110 μον
2275 1055 2376 1108 μου
2396 1080 2411 1104 ,

514 1134 603 1188 61.
639 1132 705 1187 Et
741 1132 793 1186 in
819 1130 1040 1201 judiciis
1070 1128 1210 1183 meis
1244 1141 1354 1180 non
1388 1122 1797 1178 ambulaverint

2204 1131 2291 1183 6l.
2326 1131 2434 1183 Kal
2456 1130 2569 1193 τοῖς
2597 1130 2829 1202 κρίμασί
2866 1146 2967 1200 μου
3004 1128 3078 1199 μὴ
3109 1125 3469 1198 πορευθῶσιν·

516 1229 605 1282 69..
645 1228 701 1281 Si
725 1227 965 1297 justitias
986 1238 1137 1278 meas
1161 1218 1607 1292 profanaverint:

2207 1225 2294 1278 6:2.
2346 1224 2471 1278 Ἐὰν
2496 1224 2566 1277 τὰ
2588 1223 2935 1293 δικαιώματά
2967 1239 3067 1292 μου
3101 1220 3471 1291 βεϐηλὼσωσι·

516 1321 604 1375 65.
640 1319 705 1372 Et
740 1320 994 1373 mandata
1023 1330 1141 1370 mea
1174 1329 1285 1367 non
1313 1308 1700 1372 custodierint,

2204 1315 2292 1369 65.
2332 1317 2442 1368 Kal
2466 1316 2565 1379 τὰς
2597 1314 2815 1377 ἐντολάς
2846 1330 2950 1384 μου
2982 1312 3055 1383 μὴ
3082 1310 3410 1380 φυλάξωσιν·

514 1414 604 1467 64.
640 1412 889 1467 Visitabo
925 1410 980 1462 in
1014 1408 1167 1475 virga
1197 1404 1516 1473 iniquitates
1548 1413 1739 1455 eorum
1770 1437 1785 1451 .

2208 1408 2735 1482 64ηἙπισκέψομαι
2762 1408 2817 1458 ὲν
2852 1405 3033 1477 ῥάϐδῳ
3066 1403 3165 1467 τὰς
3198 1402 3428 1473 ἀνομίας
3459 1404 3668 1467 αὐτῶν,

517 1505 605 1561 65.
635 1504 698 1557 Et
727 1503 781 1555 in
814 1500 1134 1555 verberibus
1165 1506 1389 1567 peccata
1419 1509 1636 1549 eorum.

2208 1502 2295 1555 65.
2332 1503 2441 1554 Kal
2462 1502 2519 1553 ἐν
2545 1499 2763 1570 μάστιξι
2791 1498 2893 1561 τὰς
2921 1496 3138 1559 ἀδικίας
3169 1495 3346 1549 αὐτῶν

516 1596 604 1650 66.
642 1594 1073 1650 Misericordiam
1126 1600 1310 1645 autem
1353 1603 1533 1643 meam
1585 1602 1693 1642 non
1724 1586 2035 1657 dispergam

2216 1596 2297 1650 66.
2332 1595 2403 1647 Τὸ
2424 1595 2481 1648 δὲ
2510 1594 2658 1656 ἔλεός
2692 1611 2794 1665 μου
2822 1594 2882 1645 οὐ
2910 1590 2986 1662 μὴ
3024 1589 3366 1645 διασκεδάσω
3400 1589 3495 1643 ἀπ’
3533 1587 3746 1641 αὐτῶν·

444 1692 516 1746 ab
547 1690 647 1744 eis.

516 1780 602 1834 67.
630 1777 817 1849 Neque
844 1774 1051 1831 nocebo
1086 1774 1137 1827 in
1169 1771 1399 1827 veritate
1425 1784 1567 1824 mea.

2060 1774 2106 1831 Β
2204 1774 2292 1829 67.
2322 1774 2444 1826 Οὐδ’
2467 1774 2529 1826 ού
2568 1772 2643 1844 μὴ
2679 1772 2921 1843 ἀδικήσω
2947 1772 3004 1825 ὲν
3033 1774 3100 1843 τῇ
3124 1770 3355 1842 ἀληθείᾳ
3384 1788 3507 1841 μου.

517 1871 605 1925 68.
642 1869 827 1938 Neque
853 1866 1151 1938 profanabo
1174 1871 1559 1918 testamentum
1588 1866 1807 1916 meum:

2201 1868 2289 1923 68.
2314 1869 2435 1921 Οὐδ’
2470 1867 2529 1919 ού
2567 1867 2639 1938 μὴ
2674 1866 2967 1937 βεϐηλώσω
2989 1867 3087 1937 τὴν
3127 1865 3395 1936 διαθήκην
3433 1879 3553 1933 μου·

515 1964 604 2018 69.
642 1962 705 2016 Et
732 1976 854 2031 qua:
882 1957 1189 2029 procedunt
1211 1956 1278 2010 de
1307 1954 1470 2011 labiis
1495 1952 1657 2020 meis,
1688 1967 1799 2006 non
1834 1948 2032 2006 faciam

2211 1960 2287 2016 69.
2320 1960 2430 2014 Kal
2452 1959 2521 2012 τὰ
2553 1957 2969 2029 ἐκπορευόμενα
2996 1957 3084 2009 διὰ
3130 1956 3239 2009 τῶν
3272 1955 3499 2025 χειλέων
3546 1972 3652 2024 μου
3678 1954 3741 2005 ού

444 2056 621 2110 irrita.

2136 2055 2209 2125 μὴ
2247 2052 2520 2123 ἀθετήσω.

516 2149 602 2201 70.
640 2145 819 2200 Semel
860 2142 1041 2215 juravi
1069 2141 1124 2196 in
1158 2148 1350 2196 sancto
1394 2152 1543 2205 meo,
1587 2139 1634 2195 si
1669 2136 1835 2193 David
1882 2152 2037 2191 men-

2213 2145 2291 2199 70.
2325 2141 2511 2208 ’Ἃπαξ
2570 2141 2761 2212 ὤμοσα
2805 2142 2864 2195 ὲν
2910 2139 2991 2210 τῷ
3020 2140 3161 2211 ἁγίῳ
3192 2155 3318 2211 μου,
3368 2140 3417 2191 εἰ
3464 2138 3545 2209 τῷ
3572 2138 3743 2192 Δαϐιδ

444 2243 589 2296 tiar?

2134 2236 2406 2307 ψεύσομαι
2432 2254 2445 2301 ;

517 2335 604 2388 71.
638 2332 834 2387 Semen
860 2330 982 2400 ejus
1009 2328 1066 2384 in
1091 2335 1357 2383 mternum
1392 2324 1637 2380 manebit
1666 2324 1897 2397 [manet]
1925 2343 1937 2377 :

2212 2330 2300 2382 7|.
2330 2329 2402 2382 Τὸ
2427 2328 2648 2399 σπέρμα
2672 2328 2836 2381 αὑτοῦ
2868 2330 2948 2391 είς
2981 2326 3072 2380 τὸν
3103 2326 3274 2381 αἰῶνα
3306 2328 3462 2397 μενεῖ
3493 2325 3702 2398 [μένει]
3724 2343 3737 2355 ·

518 2428 607 2481 72.
647 2427 713 2481 Et
742 2426 973 2479 thronus
996 2422 1116 2491 ejus
1154 2422 1298 2477 sicut
1333 2420 1415 2475 sol
1451 2421 1504 2474 in
1546 2426 1844 2489 conspectu
1883 2433 2025 2473 meo.

2214 2422 2300 2475 72.
2328 2421 2437 2475 Kal
2460 2422 2489 2473 ὁ
2512 2421 2701 2493 θρόνος
2741 2420 2901 2474 αὑτοῦ
2930 2420 3007 2483 ὡς
3046 2421 3075 2473 ὁ
3106 2420 3255 2490 ἥλιος
3293 2420 3541 2474 ἐναντίον
3577 2426 3698 2488 μουξ

520 2510 608 2574 75.
642 2518 707 2573 Ει
738 2518 880 2573 sicut
908 2516 1037 2569 luna
1061 2512 1301 2584 perfecta
1333 2512 1387 2565 in
1421 2520 1729 2565 aeternum:

2209 2515 2297 2569 75.
2326 2515 2435 2569 Kal
2464 2515 2540 2578 ῶς
2568 2517 2600 2586 ἡ
2624 2515 2817 2587 σελήνη
2849 2516 3259 2587 κατηρτισμένη
3293 2518 3374 2578 εἰς
3414 2515 3506 2568 τὸν
3540 2515 3735 2567 αἰῶνα·

1040 2604 1384 2677 Diapsalma.

2750 2603 3069 2674 Διάψαλμα

529 2706 607 2760 Il.
638 2703 706 2758 Et
737 2703 890 2758 testis
916 2702 971 2756 in
1007 2700 1146 2755 eualo
1176 2697 1377 2752 ﬁdelis.

2208 2696 2296 2752 74.
2323 2699 2434 2752 Kal
2465 2699 2494 2751 ὁ
2525 2698 2732 2769 μάρτυς
2759 2699 2815 2750 ἐν
2840 2697 3054 2769 ούρανῷ
3081 2698 3282 2761 πιστός.

1582 2826 1959 2886 ΑΤΗΑΝΑΒΠ
1999 2829 2586 2887 INTERPRETATIO.

518 2951 609 3005 56.
637 2949 1032 3005 lndesinenter.

2208 2948 2297 3003 56.
2345 2949 2738 3004 Ἀδιάλειπτον.

518 3045 610 3099 57.
640 3043 705 3098 Et
738 3045 1022 3113 passiones
1058 3040 1246 3096 ﬁdeles
1272 3036 1405 3110 ipsi.

2210 3041 2298 3095 57.
2329 3042 2439 3093 Kal
2473 3041 2541 3094 τὰ
2576 3042 2876 3112 παθήματα
2903 3042 2979 3113 (1)
3009 3042 3177 3096 πιστὰ
3214 3042 3383 3113 αύτῷ.

520 3137 611 3193 58.
643 3136 819 3207 Opera
841 3136 1070 3207 justitize
1097 3136 1240 3205 ejus.

2208 3131 2295 3185 58.
2328 3132 2407 3185 Τὰ
2430 3132 2563 3203 ἔργα
2588 3134 2686 3202 τῆς
2712 3132 3055 3202 δικαιοσύνης
3089 3133 3273 3189 αὑτοῦ.

520 3232 610 3286 59.
648 3231 716 3286 Et
747 3246 976 3301 regnum
1011 3230 1183 3299 ipsius
1214 3226 1640 3283 interminabile.

2206 3223 2296 3278 59.
2332 3225 2443 3276 Kal
2467 3224 2565 3295 τὴν
2600 3224 2880 3294 βασιλείαν
2902 3225 3070 3278 αὐτοῦ
3098 3225 3477 3296 ἀτελεύτητον.

518 3322 609 3377 60.
637 3322 698 3376 ln
725 3322 1186 3393 concupiscentiis
1216 3322 1469 3377 cordium
1493 3335 1685 3376 eorum
1714 3327 2033 3390 sequentur.

2211 3316 2293 3372 60.
2342 3319 2429 3370 Ἑν
2458 3322 2579 3383 ταῖς
2625 3320 2943 3391 ἐπιθυμίαις
2982 3320 3089 3374 τῶν
3143 3320 3383 3391 καρδιῶν
3428 3319 3612 3373 αὐτῶν
3657 3322 3741 3388 ἐξ·

2058 3399 2102 3457 C
2135 3410 2395 3481 ακολουθή
2406 3428 2494 3463 σου
2504 3428 2573 3466 σι.

522 3502 613 3558 61.
642 3502 709 3555 Ει
736 3501 1029 3557 declinabit
1056 3517 1153 3557 cor
1181 3516 1374 3557 eorum
1410 3516 1466 3555 m
1495 3500 1815 3555 vanitatem.

2211 3502 2299 3556 61.
2336 3503 2445 3555 Kal
2468 3502 2692 3575 ἐκκλίνῃ
2715 3504 2747 3574 ἡ
2775 3504 2975 3575 καρδία
3002 3503 3182 3557 αὐτῶν
3222 3504 3305 3567 εἰς
3338 3504 3701 3575 ματαιότητα.

524 3597 613 3651 62.
644 3596 699 3650 In
728 3596 1174 3666 intemperantias
1198 3604 1610 3651 convertentur.

2213 3592 2301 3646 62.
2350 3593 2436 3645 Ἑν
2460 3593 2770 3661 ἀσελγείαις
2798 3596 3193 3667 τραπὴσονται.

526 3690 617 3743 65.
646 3689 711 3742 Ει
733 3689 957 3743 omnino
988 3704 1016 3742 a
1044 3703 1131 3742 me
1160 3689 1467 3743 discedent.

2210 3689 2297 3743 65.
2331 3690 2439 3743 Kal
2473 3690 3173 3761 παντελῶςρποστήσουσιν
3210 3690 3285 3762 (2)
3312 3691 3405 3743 ἀπ’
3435 3690 3591 3761 ἐμοῦ.

523 3780 612 3834 64.
645 3779 820 3845 Quem
843 3780 989 3833 enim
1014 3779 1201 3848 diligo,
1236 3779 1455 3848 corrigo
1479 3786 1535 3832 et
1565 3779 1796 3848 castigo.

2212 3782 2300 3835 64.
2337 3785 2431 3835 Ὃν
2463 3782 2569 3854 γὰρ
2591 3783 2815 3850 ἀγαπῶ,
2857 3784 3066 3853 ἐλέγχω
3092 3785 3184 3837 καὶ
3220 3783 3482 3837 παιδεύω.

524 3874 614 3928 65.
649 3874 890 3944 Flagello
924 3882 1105 3928 autem
1154 3874 1209 3927 in
1252 3873 1567 3927 infirmitate
1593 3882 1647 3927 et
1674 3871 2041 3935 tribulatione,

2216 3875 2303 3928 65.
2340 3875 2601 3939 Μαστίςω
2645 3876 2701 3928 δὲ
2760 3878 2817 3927 ἐν
2872 3875 3155 3947 ἀρρωστίᾳ
3191 3877 3287 3929 καὶ
3333 3875 3533 3944 θλίψει,
3562 3877 3743 3931 πάντα

455 3972 674 4019 Omnem
712 3965 886 4018 lilium
921 3974 1249 4034 exspectans
1280 3965 1347 4019 ad
1384 3965 1791 4035 pmnitentiam.

1635 3965 1791 4019 tiam.
2145 3968 2258 4019 υἱὸν
2289 3969 2368 4030 εἰς
2397 3967 2682 4037 μετάνοιαν
2712 3966 3162 4037 ἀπεκδεχόμενος.

537 4058 617 4113 66.
653 4059 939 4130 Castigans
970 4069 1151 4114 autem
1178 4074 1274 4115 eos
1299 4076 1407 4114 non
1439 4060 1603 4113 morti
1632 4060 1865 4114 tradam.

2218 4061 2306 4115 66.
2350 4060 2626 4114 Παιδεύων
2658 4061 2715 4113 δὲ
2745 4060 2940 4123 αὐτοὺς
2960 4061 3019 4112 ού
3048 4060 3121 4131 μὴ
3157 4059 3468 4116 θανατώσει).

532 4152 619 4205 67.
650 4150 838 4221 Neque
880 4153 1170 4224 projiciam
1205 4168 1301 4209 eos
1323 4163 1703 4208 convertentes
1740 4169 1799 4208 se
1823 4154 1875 4207 in
1909 4166 2046 4223 prae-

2219 4150 2307 4206 67.
2354 4148 2487 4203 Ούδὲ
2530 4150 2603 4220 μὴ
2647 4150 2722 4220 (5)
2755 4149 3045 4221 ἀπορρίψω
3074 4148 3271 4212 αὐτοὺς
3311 4151 3746 4221 ἐπιστρέφοντας

466 4245 641 4314 ceptis
669 4246 828 4301 meis.
1846 4304 1859 4315 κ

1846 4304 1859 4315 κ
2148 4245 2206 4296 ὲν
2227 4246 2337 4306 τοῖς
2360 4242 2742 4315 προστάγμασί
2776 4260 2897 4312 μου.

531 4339 622 4393 68.
658 4338 846 4408 Neque
872 4338 1099 4393 omnino
1132 4338 1666 4395 exterminabuntur.

2218 4335 2306 4389 68.
2336 4334 2470 4389 Οὐδὲ
2515 4335 2589 4405 μὴ
2621 4334 2839 4397 τελείως
2874 4335 2953 4397 εἰς
2992 4334 3300 4405 ἁφανισμον
3323 4340 3537 4391 ἔσονται
3568 4339 3666 4408 (4).

531 4431 619 4488 69.
652 4430 720 4485 Ει
753 4432 1165 4509 quaehpromitto
1185 4448 1294 4486 non
1327 4431 1587 4487 destituo.

2219 4428 2305 4483 69.
2365 4427 2475 4480 Kal
2532 4427 2676 4497 ἆπερ
2728 4426 3150 4497 ὲπαγγείλομαι,
3202 4429 3263 4480 οὐ
3322 4430 3395 4499 μὴ
3450 4430 3748 4482 παοεκλεί-

1842 4528 1847 4537 ·
2152 4538 2238 4574 πω
2264 4520 2361 4591 (5).

533 4613 620 4669 70.
686 4613 869 4670 Semel
917 4614 1177 4671 constitui
1225 4613 1279 4667 in
1310 4613 1421 4668 ﬁlio
1458 4629 1609 4684 ~meo
1667 4610 1877 4679 David,
1936 4629 2044 4669 non

2222 4612 2518 4675 70.”Απαξ
2569 4611 2742 4682 ὥρισα
2787 4611 2849 4665 ὲν
2888 4608 2968 4685 τῷ
3020 4611 3124 4685 υἱῷ
3162 4630 3260 4683 μου
3295 4612 3371 4683 τῷ
3432 4614 3620 4677 Δαϐὶδ.
3686 4618 3745 4671 οὐ

461 4708 716 4762 mentiar.

2069 4755 2122 4778 ᾗ
2150 4706 2437 4778 ψεύσομαι.

538 4800 624 4853 71.
660 4799 867 4855 Sancti.

2069 4755 2123 4816 Β
2156 4755 2183 4778 Τ
2221 4755 2398 4855 71.Γοὶ
2428 4800 2571 4867 ἆγιοι

535 4893 626 4947 72.
660 4892 909 4963 Regnum
940 4892 1184 4963 ipsorum
1211 4891 1508 4963 eﬁ'ulgebit.

2225 4893 2313 4945 7‘2.
2358 4892 2421 4944 Ἥ
2456 4892 2698 4960 βασιλεία
2717 4890 2900 4946 αὐτῶν
3024 4892 3307 4964 ὲκλὰμψει.

533 4987 623 5041 75.
660 4985 925 5039 Similiter
955 5001 1181 5055 regnum
1210 4986 1379 5055 ipsius
1408 4983 1696 5038 fundatum
1724 4992 1829 5037 est.
2042 5045 2047 5054 ι

2228 4984 2316 5038 75.
2350 4982 2799 5053 Τεθεμελιωμένη
2834 4982 3034 5053 ὁμοίως
3066 4986 3100 5054 ἡ
3132 4983 3373 5054 βασιλεία
3396 4983 3579 5043 αὐτοῦ.

489 5102 494 5107 ·
534 5079 625 5134 74.
656 5076 772 5132 Hoc
806 5077 1004 5131 dicitur
1045 5078 1111 5131 de
1136 5076 1316 5143 Patre,
1356 5087 1410 5131 et
1449 5076 1516 5131 de
1547 5075 1709 5141 Filio,
1743 5081 1797 5129 et
1829 5074 1891 5128 de
1924 5072 2016 5142 Spi

2226 5076 2313 5127 74.
2342 5075 2570 5141 Λέγεται
2631 5073 2787 5127 τοῦτο
2837 5074 2928 5126 ἐπὶ
2970 5075 3047 5145 (8)
3096 5077 3190 5129 τοῦ
3224 5077 3454 5147 Πατρὸς,
3504 5078 3597 5131 καὶ
3650 5081 3742 5132 τοῦ

461 5172 573 5227 ritu
622 5179 853 5252 sancto:
888 5170 955 5225 de
1005 5169 1167 5225 Patre
1223 5171 1482 5241 quidem,
1532 5171 1791 5241 quoniam
1839 5184 1869 5222 e
1908 5183 1991 5221 coe

2212 5166 2313 5228 ἱοῦ,
2338 5168 2431 5218 καὶ
2458 5166 2551 5218 τοῦ
2586 5167 2739 5233 ἁγίου
2772 5166 3108 5235 Πνεύματοςσ
3134 5167 3227 5219 ἐπὶ
3258 5168 3355 5238 μὲν
3382 5168 3478 5221 τοῦ
3504 5171 3742 5241 Πατρὸς,

466 5258 637 5319 diXit:
669 5256 773 5317 Hic
807 5271 885 5317 est
914 5262 1089 5317 Filius
1116 5281 1258 5319 meus
1287 5264 1581 5320 dilectus":
1608 5265 1672 5319 de
1706 5264 1843 5318 Filio
1866 5270 1991 5315 aute

2215 5257 2343 5327 ιειδὴ
2405 5258 2513 5311 ἀπὸ
2561 5257 2669 5310 τῶν
2722 5258 2967 5328 οὐρανῶν
3011 5252 3183 5311 εἶπεν·
3248 5255 3436 5328 Οὗτός
3490 5262 3664 5317 ἐστιν
3713 5266 3745 5319 ὀ

548 5361 571 5394 ⁷
596 5358 791 5416 Matth.
815 5377 973 5429 ,xvn,
1004 5360 1059 5415 5.
1425 5431 1739 5494 Addenda
1782 5435 1844 5492 et
1877 5427 2257 5505 corrigenda
2289 5443 2369 5486 ex
2402 5423 2542 5485 Cod.
2578 5423 2781 5485 Vatia,

561 5534 615 5606 ς)
648 5533 957 5606 ῌαθήματά
986 5552 1105 5606 μου,
2340 5524 2801 5606 ςξῐπαγγέλλομαι,
2845 5529 2905 5579 οὐ
2934 5546 3007 5598 μη
3036 5531 3376 5601 παραλείπω.

535 5534 615 5672 (1)
648 5534 957 5604 Παθήματὰ
986 5552 1105 5606 μου.
2234 5534 2311 5595 (5)
2346 5534 2801 5595 Ἑπαγγέλλομαι,
2845 5534 2887 5578 οι

560 5604 619 5675 2)
653 5605 819 5657 Παντὶ
847 5606 1176 5663 ἀποστῶσιν.
2235 5598 2311 5675 (6)
2340 5597 2622 5675 TOPTéf‘ﬂV
2650 5597 2697 5646 οἱ
2727 5596 2887 5663 ἅγιοι.

540 5668 619 5746 (ὃ)
652 5675 772 5746 9!?5’
801 5677 860 5726 οὐ
885 5679 959 5746 μή
2239 5671 2315 5746 l3)
2351 5668 2542 5746 ἑὺζτοῦ·

538 5736 619 5816 (Δ)
654 5736 959 5800 "Romam"
2232 5740 2308 5810 (8)
2351 5738 2519 5793 Τοῦτο
2543 5738 2637 5793 καὶ
2663 5736 2779 5806 ἐπὶ,
2816 5745 2918 5793 etc.
