3874 6222
152 330 293 387 10εό
962 328 1056 386 DE
1098 329 1375 386 TITULIS
1409 330 1864 386 PSALMORUM.
1902 362 1970 371 —
2008 330 2208 386 PSAL.
2242 331 2581 387 LXXXVIII.
3270 338 3410 396 1051

217 449 308 502 75.
335 448 411 501 Σὺ
446 447 500 500 δὲ
531 444 733 500 ἀπώσω
762 448 856 501 καὶ
878 446 1268 514 ’ὲξουδένωσας,

1758 458 1806 511 Α
1904 449 1991 504 75.
2026 448 2108 503 Tu
2137 463 2266 503 vero
2294 449 2541 519 repulisti
2572 459 2624 504 et
2657 449 2977 520 despexisti,

219 539 311 590 76.
356 536 643 589 Ἀνεϐάλου
672 536 765 590 τὸν
800 537 1036 607 Χριστόν
1076 555 1168 590 σου
1191 578 1204 602 ,

1914 538 2000 593 76.
2032 537 2303 593 Distulisti
2332 537 2613 593 Christum
2644 546 2820 601 tuum,

213 628 305 682 77.
342 626 732 697 Κατέστρεψας
751 627 851 698 τὴν
879 628 1141 700 διαθήκην
1166 628 1258 680 τοῦ
1289 627 1476 680 δούλου
1512 640 1626 679 σουο

1512 640 1626 679 σου’
1911 630 2000 682 77.
2034 628 2289 684 Evertisti
2324 636 2706 683 testamentum
2735 630 2875 683 servi
2909 629 2986 683 tui
3014 647 3026 683 :

219 723 307 776 78.
353 721 733 789 Ἐϐεδήλωσας
760 724 840 784 είς
883 722 981 791 τὴν
1010 723 1115 792 γῆν
1145 722 1206 774 τὸ
1238 723 1484 792 ἁγίασμα
1511 720 1697 775 αὐτοῦ.

1645 720 1697 775 ὖ.
1912 720 2001 774 78.
2036 719 2345 775 Profanasti
2381 721 2434 775 in
2466 730 2610 776 terra
2640 721 3012 776 sanctuarium
3036 723 3174 792 ejus.

219 814 305 868 79.
337 813 604 876 Καθεῖλες
635 813 843 876 πάντας
872 814 997 877 τοὺς
1022 815 1309 885 φραγμοὺς
1338 808 1523 867 αὐτοῦ·

1411 808 1523 867 τοῦ·
1913 812 2002 866 79.
2032 811 2357 867 Destruxisti
2395 828 2585 868 omnes
2608 829 2763 883 sepcs
2791 814 2907 883 ejus
2931 832 2941 867 :

215 907 305 961 80.
339 905 503 958 Ἕθου
526 907 592 959 τὰ
624 904 955 976 ὀχυρώματα
996 906 1160 959 αὑτοῦ
1194 906 1417 960 δειλίαν.

1910 905 1999 960 80.
2022 904 2273 960 'Posuisti
2297 905 2699 961 firmamentum
2734 908 2854 977 ejus
2885 906 3249 961 formidinem.

218 998 307 1050 81.
332 998 641 1068 Διήρπαζον
664 997 823 1049 αὑτὸν
853 998 1051 1061 πάντες
1075 1000 1123 1051 οἱ
1145 997 1472 1061 διοδεύοντες
1502 997 1619 1050 ὁδόν
1638 996 1735 1067 (α)’

1913 996 2001 1050 81.
2032 994 2381 1065 Diripuerunt
2408 1012 2532 1050 eum
2566 1012 2758 1051 omnes
2790 1005 3135 1052 transeuntes
3167 999 3339 1051 viam:

220 1088 308 1142 83.
356 1088 618 1159 Ἐγενήθη
649 1088 847 1151 ὄνειδος
872 1090 983 1151 τοῖς
1012 1089 1244 1157 γείτοσιν
1270 1089 1454 1143 αὑτοῦ.

1912 1088 2002 1142 82.
2030 1088 2233 1144 Factus
2262 1099 2345 1143 est
2375 1090 2723 1159 opprobrium
2755 1088 2952 1144 vicinis
2978 1092 3112 1145 suis.

221 1178 308 1231 85.
347 1180 611 1247 ’Υψωσας
641 1179 739 1249 τὴν
770 1176 946 1243 δεξιὰν
966 1179 1073 1233 τῶν
1097 1180 1387 1234 θλιϐόντων
1414 1181 1595 1234 αὐτόν’

1912 1180 1999 1235 85.
2036 1179 2298 1234 Exaltasti
2334 1168 2610 1235 dexteram
2635 1181 3055 1250 deprimentium
3074 1196 3232 1237 eum:

227 1268 315 1322 84.
343 1268 639 1339 Εὖςρρανας
664 1268 872 1330 πάντας
900 1270 1025 1331 τοὺς
1056 1270 1281 1340 ἐχθροὺς
1310 1269 1497 1321 αὑτοῦ.

1490 1309 1497 1321 .
1914 1269 2003 1324 84.
2036 1270 2347 1324 Laetiﬁcasti
2380 1286 2573 1325 omnes
2596 1271 2848 1325 inimicos
2880 1272 3020 1340 ejus.

226 1359 313 1414 85.
380 1358 757 1430 Ἀπέστρεψας
821 1358 922 1429 τὴν
984 1357 1235 1431 βοήθειαν
1299 1360 1399 1430 τῆς
1466 1360 1741 1430 ῥομφαίας

1505 1360 1741 1429 ομφαίας
1912 1362 2000 1419 85.
2039 1363 2297 1417 Avertisti
2328 1362 2655 1431 adjutorium
2684 1361 2846 1433 gladii
2873 1363 2992 1432 ejus
3021 1379 3035 1415 :

157 1450 318 1503 αὑτοῦ
340 1468 353 1481 ο

226 1542 313 1595 86.
338 1544 449 1595 Καὶ
476 1544 576 1595 οὐκ
599 1542 894 1596 ἀντελάϐου
922 1543 1086 1598 αὐτοῦ
1132 1546 1189 1596 ἐν
1220 1542 1299 1613 τῷ
1332 1542 1572 1613 πολέμῳ.

1459 1561 1572 1613 μω.
1904 1541 2001 1595 '86.
2035 1540 2101 1594 Et
2128 1554 2235 1595 non
2257 1556 2315 1595 es
2338 1541 2632 1595 auxiliatus
2663 1540 2713 1594 ei
2746 1541 2798 1594 in
2826 1540 2989 1595 bello.

225 1634 314 1688 87.
347 1636 670 1699 Κατέλυσας
721 1637 830 1689 ἀπὸ
874 1636 1219 1708 καθαρισμοῦ
1250 1634 1417 1689 αὑτοῦ
1445 1650 1457 1664 °

1911 1634 2001 1690 87.
2036 1633 2360 1688 Destruxisti
2393 1633 2460 1687 ab
2486 1634 2873 1687 emundatione
2897 1649 3030 1687 sua:

227 1725 314 1779 88.
347 1728 450 1779 Τὸν
483 1727 671 1799 θρόνον
704 1729 868 1781 αἱ)τοῦ
896 1730 975 1792 είς
998 1729 1096 1799 τὴν
1126 1729 1231 1797 γῆν
1262 1727 1628 1799 κατέῤῥαξας.

1483 1727 1628 1791 ιξας.
1913 1726 2002 1779 88.
2036 1727 2101 1779 Et
2131 1727 2309 1780 sedem
2344 1725 2462 1793 ejus
2496 1726 2548 1778 in
2576 1733 2718 1778 terra
2748 1726 3013 1780 collisisti.

224 1822 310 1877 89.
357 1824 725 1894 Ἐσμίκρυνας
754 1823 853 1887 τὰς
883 1825 1095 1897 ἡμέρας
1137 1821 1227 1876 τοῦ
1264 1824 1453 1893 χρόνου
1498 1820 1694 1874 αὑτοῦ·

1396 1840 1453 1875 ου
1498 1820 1694 1874 αὑτοῦ·
1771 1803 1811 1855 Β
1911 1818 2001 1873 89.
2026 1817 2309 1873 Minorasti
2337 1819 2452 1871 dies
2482 1818 2745 1887 temporis
2770 1818 2889 1886 ejus
2916 1837 2926 1871 :

225 1914 311 1970 90.
346 1915 633 1985 Κατέχεας
664 1914 828 1969 αὐτοῦ
861 1914 1053 1987 [αὐτῷ]
1096 1915 1378 1986 αἰσχύνην.

1308 1933 1378 1986 γν.
1908 1911 1997 1966 90.
2022 1910 2316 1965 Perfudisti
2342 1926 2467 1965 eum
2498 1910 2838 1964 confusione.

795 2006 1129 2076 Διάψαλμα.

2474 2000 2806 2070 Diapsalma.

226 2094 313 2149 91.
343 2096 495 2161 Ἕως
518 2098 669 2159 πότε,
703 2098 894 2170 Κύριε,
934 2098 1251 2171 ἀποστρέφῃ
1283 2099 1363 2160 εἰς
1391 2099 1575 2161 τέλος;

1911 2095 2000 2151 91.
2036 2093 2352 2163 Usquequo,
2378 2092 2628 2157 Domine,
2659 2094 2857 2148 avertis
2893 2094 2946 2147 in
2980 2092 3182 2149 tinem?

224 2188 315 2242 92.
360 2190 797 2261 Ἐκκαυθήσεται
834 2191 907 2253 ὡς
942 2191 1052 2261 πῦρ
1081 2192 1113 2260 ἡ
1138 2191 1274 2261 ὀργή
1308 2208 1437 2255 σου;

1910 2188 1999 2242 92.
2031 2186 2362 2241 Exardescet
2391 2186 2533 2241 sicut
2565 2186 2707 2255 ignis
2739 2186 2819 2240 ira
2854 2187 2989 2240 tua?

224 2282 312 2336 95.
338 2283 631 2353 Μνήσθητι
664 2284 750 2346 τίς
785 2299 886 2352 μου
922 2286 955 2353 ἡ
980 2284 1277 2346 ὑπόστασις
1299 2300 1314 2313 °

1921 2278 2010 2333 95.
2047 2277 2349 2332 Memorare
2377 2291 2499 2344 quae
2533 2292 2651 2331 mea
2685 2276 3026 2330 substantia:

226 2418 299 2491 (α)
332 2422 395 2474 Οί
430 2421 933 2491 παραπορευόμενοι
969 2421 1066 2492 τὴν
1105 2420 1243 2473 ὀδόν.
1280 2419 1349 2473 At
1377 2418 1433 2473 in
1456 2433 1652 2487 marg.,
1682 2417 1731 2470 οἱ
1768 2414 2092 2481 διοδεύοντες
2119 2414 2258 2467 ὁδόν.

1313 2534 1685 2589 ATHANASII
1722 2530 2302 2589 INTERPRETATIO.

168 2652 295 2718 Υιός
316 2671 442 2722 μου
494 2654 798 2723 ἀγαπητός
823 2656 923 2727 (1)*
968 2659 1096 2728 περὶ
1142 2659 1198 2711 δὲ
1227 2658 1321 2711 τοῦ
1356 2658 1509 2722 Υίοῦ,
1560 2657 1698 2711 ἐπειί

1885 2656 1973 2711 uia
2045 2670 2242 2727 passus
2306 2662 2390 2708 est
2459 2653 2515 2708 in
2578 2660 2756 2717 terra;
2833 2652 2903 2706 de
2973 2663 3163 2708 sancto
3236 2664 3415 2707 autem

160 2742 422 2796 πέπονθεν
452 2746 544 2797 ἐπὶ
584 2746 679 2816 τῆς
712 2748 833 2817 γῆς·
865 2748 992 2820 περὶ
1021 2750 1077 2802 δὲ
1112 2750 1204 2801 τοῦ
1225 2750 1378 2817 ἁγίου
1409 2748 1690 2818 Πνεύματο

1884 2748 2088 2817 ιρίτίιυ,
2145 2746 2273 2816 quia
2335 2745 2706 2799 testimonium
2776 2744 3052 2814 perhibuit
3122 2745 3189 2799 de
3258 2744 3414 2803 Filio.

162 2832 341 2905 ἐπειδὴ
364 2835 718 2907 ἐμαρτύρησε
746 2838 874 2909 περὶ
936 2835 1029 2891 τοῦ
1076 2837 1228 2901 Υίοῦ,
1256 2838 1437 2901 καθὼς
1484 2840 1511 2891 ὁ
1546 2837 1692 2907 Κύριε

1886 2835 2302 2891 uemadmodum
2354 2834 2621 2889 Dominus
2649 2835 2786 2889 dixit
2814 2854 2825 2889 :
2855 2833 2983 2889 Cum
3026 2845 3198 2889 autem
3225 2847 3416 2889 venam

161 2918 338 2978 εἴπενο
370 2928 562 2979 ’Ὅταν
603 2927 669 2980 δὲ
694 2927 840 2996 ἔλθῃ
899 2932 931 2982 ό
964 2927 1354 2997 Παράκλητος
1390 2929 1454 2982 τὸ
1504 2927 1691 2996 Πινεῦι

1887 2928 2162 2982 ἀναειειιιδ
2189 2925 2422 2997 Spiritus
2454 2929 2714 2993 veritatis,
2743 2927 2831 2981 ille
2864 2928 3217 2981 testimonium
3242 2928 3417 2996 perhi-

164 3014 265 3083 τῆς
289 3019 595 3085 ἀληθείας,
626 3020 855 3087 ἐκεῖνος
878 3021 1243 3091 μαρτυρήσει
1280 3021 1410 3089 περὶ
1436 3019 1600 3090 ἐμοῦ.

730 3021 855 3087 ἷνος
878 3021 1243 3091 μαρτυρήσει
1280 3021 1410 3089 περὶ
1436 3019 1600 3090 ἐμοῦ.
1772 3058 1815 3116 C
1840 3022 1984 3076 rbebit
2013 3023 2078 3076 de
2111 3022 2255 3091 mel“.

228 3105 313 3159 75.
364 3109 441 3161 Σὺ
475 3108 551 3169 δὲ,
600 3110 627 3161 ὁ
680 3109 807 3172 λαὸς
867 3109 972 3163 τῶν
1043 3110 1330 3177 Ἰουδαίων,
1384 3109 1611 3174 ἀπώσω,
1651 3111 1742 3163 καὶ

1920 3115 2007 3170 75.
2042 3115 2121 3169 Tu
2167 3125 2371 3180 autem,
2420 3115 2623 3184 popule
2676 3114 3010 3180 Judteorum,
3043 3114 3310 3185 repulisti,
3362 3122 3416 3169 et

161 3195 517 3264 ἑξουδένωσας
536 3201 628 3253 τὸν
657 3200 784 3254 Υίὸν
808 3202 900 3254 τοῦ
935 3202 1068 3255 Θεοῦ
1102 3204 1191 3255 τὸν
1222 3203 1447 3273 βασιλέα
1484 3220 1597 3255 σου.

1370 3204 1447 3255 ιέα
1484 3220 1597 3255 σου.
1845 3205 2137 3275 despexisti
2166 3206 2359 3261 Filium
2386 3207 2480 3261 Dei
2513 3222 2693 3277 regem
2722 3216 2900 3261 tuum.

226 3286 310 3339 76.
335 3289 442 3340 Τὸν
467 3289 698 3360 Χριστὸν
730 3290 814 3342 ἓτε
825 3308 915 3358 ρον
951 3294 1078 3362 παρ’
1098 3293 1258 3344 αὑτὸν
1286 3292 1737 3362 ἁπεκδεχόμενος.

1918 3296 2004 3351 76.
2034 3297 2214 3351 Alium
2238 3296 2519 3352 Christum
2552 3306 2748 3367 praeter
2773 3311 2897 3351 eum
2932 3305 3274 3367 exspectans.

229 3377 313 3433 77.
345 3380 455 3434 Τοῦ
486 3380 615 3434 λαοῦ
644 3381 752 3435 τῶν
800 3383 1086 3437 Ἰουδαίων.

1053 3404 1086 3436 ι.
1904 3387 1999 3442 77.
2033 3387 2223 3459 Populi
2252 3388 2583 3445 Judaaorum.

230 3467 313 3522 78.
362 3471 608 3539 ’Ᾱφείλου
644 3473 719 3543 (2)
773 3474 872 3544 τὴν
900 3474 1058 3545 χάριν
1091 3492 1182 3528 σου
1208 3475 1315 3528 ἀπὸ
1341 3473 1433 3528 τοῦ
1459 3476 1738 3545 ἁγιᾶσμα-

1919 3480 2007 3534 78.
2035 3482 2323 3537 Abstulisti
2354 3483 2584 3548 gratiam
2616 3490 2763 3537 tuam
2795 3499 2825 3537 a
2856 3484 3169 3538 sanctuario
3203 3498 3415 3538 eorum.

164 3572 248 3622 τος
273 3562 472 3615 αὐτῶν.

230 3651 315 3705 79.
352 3654 584 3718 Ἔλαϐες
613 3654 707 3725 τὴν
744 3654 992 3727 βοήθειάν
1020 3675 1110 3711 σου
1144 3659 1237 3711 ἀπ’
1264 3658 1470 3711 αὐτῶν.

1915 3658 2005 3713 79.
2038 3660 2322 3714 Abstulisti
2350 3660 2682 3730 adjutorium
2707 3671 2859 3716 tuum
2886 3663 2953 3716 ah
2980 3664 3128 3733 ipsis.

228 3742 312 3797 80.
338 3745 412 3797 Τὸ
438 3745 635 3816 θράσος
668 3748 845 3800 αὐτῶν
868 3748 944 3818 (5)
973 3749 1264 3820 μετέϐαλες
1297 3754 1377 3814 είς
1406 3749 1629 3805 δειλίαν.

1917 3750 2007 3805 80.
2035 3751 2332 3806 Audaciam
2376 3768 2565 3806 eorum
2607 3756 2920 3809 convertisti
2968 3756 3022 3809 in
3050 3755 3414 3814 formidinem.

231 3832 312 3888 81.
360 3838 822 3909 ᾘχμαλώτευσαν
856 3842 1052 3906 αὐτοὺς
1074 3844 1142 3895 τὰ
1168 3844 1317 3916 ἔθνη.

1950 3843 2001 3896 1.
2032 3843 2088 3896 In
2130 3842 2498 3911 captivitatem
2526 3842 2871 3898 abduxerunt
2898 3860 2994 3900 eos
3029 3854 3236 3917 gentes.

226 3922 313 3978 82.
346 3926 441 3990 Εἰς
480 3929 723 3982 δουλείαν
750 3932 1005 3999 γεγόνασι
1035 3935 1147 3996 τοῖς
1183 3933 1358 3987 ἔθνεσι
1396 3933 1494 4005 (4).

1914 3933 2003 3988 8‘2.
2038 3932 2095 3986 In
2119 3934 2431 3988 servitutem
2460 3933 2586 3987 facti
2614 3944 2743 3989 sunt
2778 3936 3050 4007 gentibus.

231 4016 315 4070 83.
340 4021 847 4093 Κατακυριεύεσθαι
881 4024 1073 4089 αὐτοὺς
1100 4025 1485 4097 συνεχώρησας
1509 4026 1613 4080 ὑπὸ
1634 4026 1743 4079 τῶν

1913 4025 2001 4081 85.
2036 4024 2337 4080 Permisisti
2377 4032 2437 4079 ut
2474 4026 2731 4101 homines
2755 4027 2811 4099 in
2854 4040 2950 4083 eos
2979 4027 3412 4085 dominarentur.

165 4106 255 4159 ἀνθ
266 4109 487 4180 ρώπων.

232 4199 313 4256 84.
346 4205 551 4269 Εἴασας
577 4208 774 4272 αὐτοὺς
810 4208 1131 4280 σαλευθῆναι
1163 4209 1240 4279 (5)
1273 4210 1365 4263 ὑπ’
1390 4210 1593 4265 αὐτῶν.

1287 4210 1365 4263 ὕπ’
1390 4210 1593 4265 αὐτῶν.
1913 4202 2001 4259 84.
2036 4202 2222 4258 Sivisti
2251 4219 2345 4259 eos
2375 4205 2443 4259 ab
2472 4206 2604 4276 ipsis
2624 4206 2817 4276 jactari

230 4290 313 4347 85.
352 4297 659 4370 Ἀνίσχυροι
682 4301 989 4369 γεγόνασιν.

1915 4293 2005 4348 85.
2030 4291 2234 4347 Inﬁrmi
2261 4292 2389 4349 facti
2413 4304 2559 4350 sunt.

231 4380 314 4437 86.
342 4385 608 4457 Πρόνοιαν
642 4389 818 4442 αὐτῶν
852 4392 950 4444 οὐκ
980 4390 1059 4443 ἔτι
1084 4392 1326 4462 ἐποιήσω
1359 4391 1453 4462 (6).

1768 4398 1815 4453 ι)
1913 4382 2004 4437 86.
2040 4382 2160 4439 Non
2190 4384 2424 4455 amplius
2457 4398 2643 4442 curam
2669 4388 2735 4444 de
2756 4389 2863 4445 illis
2888 4392 3122 4462 gessisti.

231 4473 315 4529 87.
340 4476 453 4549 Τὴν
490 4482 789 4551 περιτομὴν
828 4481 1035 4536 ἑαυτῶν
1063 4483 1355 4552 κατέλεγεν
1388 4484 1487 4555 (7).

1917 4470 2007 4526 87.
2040 4469 2244 4527 Eorum
2273 4474 2744 4533 circumcisionem
2772 4470 3093 4550 reprobasti.

232 4564 313 4622 88.
340 4570 450 4641 Τὴν
475 4570 631 4636 δόξαν
654 4572 832 4627 αὐτῶν
857 4575 949 4627 καὶ
970 4576 1068 4646 τὴν
1091 4575 1475 4647 ὑπερηφανίαν
1502 4579 1583 4640 είς
1608 4595 1740 4631 σπο-

1914 4564 2005 4621 88.
2035 4563 2273 4620 Gloriam
2302 4581 2493 4623 eorum
2520 4579 2574 4624 et
2603 4573 2914 4642 superbiam
2941 4575 2994 4628 in
3021 4575 3295 4645 pulverem
3322 4578 3415 4632 de-

169 4653 249 4711 δὸν
272 4664 600 4733 κατήγαγες.

532 4682 600 4725 ες,
1840 4657 2062 4714 duxisti.

231 4746 312 4804 89.
345 4754 457 4822 Τῆς
494 4754 712 4807 αἰωνίου
747 4756 891 4827 ζωῆς
914 4759 1314 4829 ἐστερήθησαν.

1282 4777 1314 4811 ν.
1909 4749 1999 4806 89.
2034 4750 2261 4807 Eterna
2292 4752 2407 4807 Viod
2438 4753 2637 4822 privati
2667 4763 2812 4808 sunt.

233 4838 313 4897 90.
340 4846 449 4899 Καὶ
470 4848 527 4898 ἐν
558 4847 635 4917 τῷ
659 4847 772 4909 νῦν,
808 4850 901 4902 καὶ
927 4852 984 4903 ὲν
1013 4850 1091 4921 τῷ
1121 4851 1366 4922 μέλλοντι
1407 4852 1585 4905 αἰῶνι.

1560 4889 1585 4905 ,,
1910 4842 2002 4899 90.
2029 4844 2098 4897 Ει
2122 4845 2177 4900 in
2212 4847 2466 4915 praesenti
2497 4854 2550 4902 et
2576 4846 2631 4900 in
2664 4846 2846 4902 futuro
2875 4850 3090 4904 saeculo.

232 4930 314 4986 91.
356 4938 413 4989 '0
447 4939 730 5009 προφήτης
753 4940 930 4994 δέεται
962 4942 1103 5014 ὑπὲρ
1149 4942 1331 4996 αὐτῶν
1358 4959 1371 4971 ’
1408 4943 1510 4997 Διὰ
1548 4943 1605 4997 τι
1640 4959 1734 4996 τε-

1911 4936 2001 4991 91.
2029 4935 2303 5008 Propheta
2336 4952 2436 5008 pro
2468 4940 2602 5009 ipsis
2645 4940 3007 5009 deprecatur:
3038 4942 3214 5009 Quare
3235 4959 3414 5014 perpo-

168 5021 333 5090 λείως
353 5026 703 5098 ἀποστρέφῃ
728 5033 951 5098 αὐτούς
973 5048 993 5096 ;

843 5033 951 5098 ούς
973 5048 993 5096 ;
1841 5039 1931 5083 tuo
1958 5032 2211 5085 averseris
2240 5046 2326 5085 eos
2345 5032 2371 5085 2’

238 5108 320 5164 92.
369 5114 485 5169 Ἐπ’
510 5116 706 5181 αὐτοὺς
740 5120 797 5171 ὲν
822 5123 887 5191 τῇ
912 5124 1188 5195 παρουσίᾳ
1214 5142 1309 5178 σου

1291 5143 1309 5176 J
1912 5120 2001 5175 92.
2035 5118 2208 5191 Super
2236 5134 2331 5177 eos
2363 5122 2416 5175 in
2443 5121 2677 5176 adventu
2710 5130 2821 5175 tuo.

235 5197 317 5254 95.
346 5204 465 5257 Ὀτι
487 5209 557 5276 γῆ
583 5208 675 5261 καὶ
700 5209 892 5273 σποδός
919 5214 1055 5282 εἰμι.
1520 5261 1546 5278 κ

1520 5261 1546 5278 ,
1911 5211 1999 5266 93.
2032 5211 2191 5279 Quod
2221 5223 2367 5268 terra
2398 5222 2453 5268 et
2485 5214 2662 5282 pulvis
2688 5229 2828 5269 sum.

247 5311 268 5343 ⁸
292 5313 443 5372 Joan.
479 5336 568 5386 xv,
601 5320 694 5374 26.

1117 5418 1427 5481 Addenda
1460 5426 1522 5482 et
1557 5417 1940 5499 corrigenda
1965 5436 2045 5481 ex
2077 5422 2218 5483 cod.
2257 5419 2458 5482 Vatic.

230 5502 305 5590 Ω)
335 5508 399 5590 ξς)
418 5512 719 5590 ἀῐαπητός.

1912 5521 1990 5590 (5)
2024 5520 2404 5590 Σκυλευθῆναι.

232 5574 305 5674 3Ξέ
335 5574 644 5674 ’ἐπἓέἱῇ
680 5574 736 5674 ’.
790 5656 838 5674 ί-
1915 5574 1994 5674 ζέί)
2026 5592 2264 5674 ῌριήσω·

350 5644 646 5732 Τρλθάράος
678 5656 861 5732 ςιὺτρῦ.
2020 5644 2205 5716 Αὖτών
2230 5644 2527 5715 πατὲλυσαν

237 5712 310 5783 (ὃ)
350 5712 595 5776 Ἔθνεσιν
625 5712 819 5778 αὐτοῦ.

474 5815 749 5877 Parnm“
776 5818 893 5877 Gn.
933 5817 1193 5879 XXVII.
2428 5904 2433 5911 Ι
3050 5811 3131 5873 33
