3874 6222
446 333 459 342 .
476 294 616 350 1055
1314 299 1372 355 S.
1413 298 1786 356 ATIIANASH
1825 299 1976 355 OPP.

2196 327 2200 347 ι
2239 300 2325 356 Ill.
2364 330 2435 342 -
2472 302 2883 359 EXEGETICA.
3594 310 3726 367 1056

544 416 629 473 94.
665 416 916 489 Nunquid
940 423 1087 475 enim
1106 435 1241 476 vane
1283 422 1618 477 constituisti
1651 437 1842 477 omnes
1890 422 2039 478 ﬁlios

2213 424 2301 477 94.
2337 425 2431 493 Μὴ
2468 425 2576 495 γὰρ
2621 427 2865 496 ματαίως
2903 426 3125 489 ἔκτισας
3158 427 3373 490 πάντας
3412 427 3542 491 τοὺς
3573 430 3724 493 υἱοὺς

474 507 758 562 hominum
780 510 803 562 ?

2147 518 2255 569 τῶν
2283 517 2381 569 ἀνθ
2391 517 2585 587 ρώπων
2606 536 2619 583 ;

546 597 634 653 95.
665 594 797 663 Quis
844 606 926 653 est
978 598 1143 654 homo
1183 600 1276 670 qui
1329 601 1513 667 vivet,
1564 612 1618 656 et
1679 616 1789 656 non
1838 600 2047 656 videbit

2218 609 2306 662 95.
2342 610 2438 671 Τίς
2470 612 2618 662 ἐστιν
2651 609 2956 681 ἄνθρωπος,
2990 609 3050 673 ὃς
3075 609 3322 680 ζήσεται,
3358 611 3453 665 καὶ
3482 611 3586 665 οὐκ
3609 611 3732 681 61.!»-

473 687 744 741 mortem?

2146 715 2234 751 ται
2256 698 2482 752 θάνατον
2500 716 2514 764 ;

544 774 631 831 96.
662 774 826 831 Eruet
844 777 1078 832 animam
1111 792 1266 832 suam
1287 779 1354 833 de
1384 794 1546 832 manu
1578 777 1759 832 inferi.

2214 790 2303 844 96.
2346 790 2599 843 Ῥύσεται
2628 790 2728 862 τὴν
2753 791 2934 864 ψυχὴν
2959 792 3122 847 αὐτοῦ
3153 795 3217 846 ὲκ
3252 792 3435 862 χειρὸς
3457 791 3609 862 ᾆδον.

543 867 633 921 97.
667 864 766 921 Ubi
820 878 947 923 sunt
999 870 1393 926 misericordiae
1449 880 1554 924 tua?
1609 869 1880 937 antiqua,
1936 865 2043 920 Do-

2019 896 2043 905 ··
2213 881 2299 934 97.
2337 879 2447 932 Ποῦ
2474 882 2576 933 εἰσι
2604 881 2673 933 τὰ
2708 880 2832 951 ὲλέη
2869 899 2959 935 σου
2989 882 3057 934 τά
3085 883 3308 952 ἀρχαῖα,
3336 880 3546 952 Κύριε,

473 971 621 1011 mine
638 997 653 1021 ,

542 1048 631 1101 98.
662 1046 809 1114 Quas
826 1050 1022 1119 jurasti
1050 1048 1218 1104 David
1250 1049 1306 1103 in
1334 1048 1563 1103 veritate
1594 1048 1724 1101 tua?

2209 1060 2296 1113 98.
2336 1061 2404 1113 Ἀ
2431 1060 2649 1131 ὤμοσας
2676 1062 2754 1131 τῷ
2778 1062 2941 1116 Δαὸὶδ
2984 1065 3042 1117 ὲν
3074 1065 3139 1134 τῇ
3178 1062 3407 1133 ἀληθείᾳ
3439 1076 3573 1126 σούς

544 1136 633 1192 99.
667 1137 873 1193 Memor
926 1149 1043 1195 esto
1068 1180 1084 1205 ,
1133 1138 1385 1205 Domine,
1421 1136 1703 1207 opprobrii
1760 1149 2043 1191 servorum

2214 1147 2297 1204 99.
2327 1150 2633 1220 Μνήσθητι,
2675 1152 2848 1221 Κύριε
2875 1191 2889 1215 ,
2923 1152 3016 1204 τοῦ
3048 1152 3351 1220 ὁνειδισμοῦ
3380 1150 3489 1204 τῶν
3519 1149 3732 1202 δούλων

471 1236 715 1295 tuorum,

2144 1260 2259 1308 σου¹

546 1319 667 1377 100.
698 1319 853 1388 Quod
880 1322 1124 1377 continui
1160 1323 1216 1377 in
1260 1322 1383 1377 sinu
1415 1334 1539 1374 meo
1580 1318 1874 1372 multarum
1908 1332 2042 1387 gen-

2210 1333 2329 1389 100.
2360 1328 2434 1389 Ub
2457 1334 2695 1406 ὑπέσχου
2727 1334 3010 1408 [ὑπέσχον]
3039 1336 3097 1389 ὲν
3127 1334 3206 1405 τῷ
3244 1333 3430 1401 κόλπῳ
3454 1349 3561 1402 μου
3591 1330 3732 1383 πολ-

442 1440 445 1443 ν
473 1411 631 1464 tium.

2140 1425 2247 1479 λῶν
2281 1425 2468 1480 ἐθνῶν.

543 1499 664 1554 101.
704 1497 858 1565 Quod
898 1497 1361 1568 exprobraverunt
1410 1498 1616 1552 inimici
1656 1497 1755 1563 tui,
1786 1496 2037 1559 Domine,

1899 1496 2037 1559 nine,
2177 1501 2333 1569 ’101.
2369 1509 2443 1568 Οὗ
2470 1517 2751 1571 ὠνείδισαν
2782 1519 2829 1570 οἱ
2853 1517 3034 1587 ἐχθροί
3067 1534 3181 1582 σου,
3221 1517 3429 1586 Κύριεν

549 1591 671 1645 102.
700 1589 856 1656 Quod
881 1591 1347 1658 exprobraverunt
1370 1589 1852 1645 commutationem
1879 1587 2040 1642 Chri-

2211 1603 2333 1657 102.
2366 1599 2441 1658 Οῦ
2466 1606 2746 1660 ὠνείδισαν
2771 1608 2836 1659 τὸ
2851 1606 3200 1678 ἀντάλλαγμα
3220 1605 3310 1657 τοῦ
3336 1603 3575 1677 Χριστοῦ
3603 1619 3726 1657 σου.

472 1683 540 1737 sti
575 1683 675 1736 tui.

542 1774 664 1828 105.
692 1772 1015 1828 Benedictus
1040 1771 1304 1827 Dominus
1333 1772 1388 1825 in
1418 1781 1685 1827 teternum
1714 1788 1729 1826 :
1760 1770 1874 1834 ﬁat,
1918 1770 2032 1823 liat.
2067 1769 2072 1823 Ι

2207 1756 2329 1810 105.
2363 1757 2666 1829 Εὐλογητὸς
2693 1757 2896 1827 Κύριος
2919 1759 2997 1821 εἰς
3023 1757 3115 1811 τὸν
3135 1756 3325 1811 αἰῶνα.
3359 1755 3597 1817 Γένοιτο,
3615 1753 3716 1823 γέ-

2145 1864 2306 1901 νοιτο.

563 1944 748 2001 Oratio
782 1944 955 2016 Moysi
985 1916 1213 2001 hominis
1236 1946 1358 2002 Dei.
1401 1944 1607 2004 PSAL.
1646 1942 1964 1999 LXXXIX.

2248 1938 2567 2009 Προσευχὴ
2602 1938 2827 2007 Μωῦσῇ
2857 1937 3171 2006 ἀνθρώπου
3204 1937 3279 2009 (a)
3301 1937 3407 1993 τοῦ
3440 1936 3594 1992 Θεοῦ

2734 2012 2963 2063 ΨΑΛΜ.
2994 2011 3126 2062 ΠΘ’.

541 2113 591 2150 ι.
622 2094 876 2161 Domine,
913 2096 1180 2168 refugium
1222 2098 1400 2155 factus
1433 2113 1492 2155 es
1530 2096 1685 2153 nobis
1712 2098 1768 2151 in
1807 2110 2036 2168 genera-

2214 2104 2266 2158 1.
2297 2105 2490 2178 Κύριε,
2518 2103 2808 2175 καταφυγὴ
2862 2104 3126 2175 ὲγενήθης
3158 2105 3290 2175 ἡμῖν
3327 2103 3387 2158 ὲν
3420 2105 3587 2159 νενεᾶ
3625 2102 3725 2156 καὶ

436 2200 437 2203 ‘
465 2186 615 2241 tione
646 2196 699 2242 et
728 2189 1092 2257 generatione.

795 2189 1092 2245 neratione.
2143 2198 2322 2268 γενεᾷ.

508 2362 511 2365 .
539 2316 615 2390 (a)
661 2318 953 2389 Ἀνθοώπῳ
984 2320 1039 2375 in
1072 2320 1157 2376 ed.

1585 2435 1961 2492 ATHANASII
2000 2428 2588 2491 INTERPRETATIO.

506 2588 626 2643 ιθι.
672 2587 927 2660 Nunquid
957 2588 1132 2647 fecisti
1164 2592 1434 2661 homines,
1462 2601 1521 2647 ut
1560 2592 1863 2664 perderes?

2210 2590 2300 2645 94.
2333 2587 2427 2661 Μὴ
2457 2586 2567 2657 γὰρ
2592 2588 2685 2640 ἐπὶ
2713 2586 2773 2640 τὸ
2817 2588 3081 2642 ἀπολέσαι
3109 2588 3416 2659 πεποίηκας
3456 2591 3592 2654 τοὺς
3630 2592 3723 2645 ἀν-

2144 2680 2394 2752 θρώπους
2418 2697 2433 2745 ;

529 2772 729 2839 95,96.
773 2772 907 2840 Quis
942 2774 1223 2829 hominum
1272 2783 1448 2845 potest
1486 2775 1690 2842 vivere,
1729 2782 1784 2828 et
1814 2788 1923 2828 non
1955 2774 2041 2828 vi-

2212 2772 2302 2835 95,
2325 2770 2413 2827 96.
2446 2770 2541 2834 Τις
2564 2769 2785 2824 δύναται
2814 2770 2924 2823 τῶν
2953 2766 3254 2840 ἀνθρώπων
3281 2768 3444 2838 ζῆσαι
3466 2809 3482 2833 ,
3522 2772 3623 2823 καὶ
3651 2774 3722 2842 μὴ

437 2865 593 2920 ς’όενο
642 2865 918 2919 mortem?
962 2864 1028 2919 Et
1076 2866 1122 2920 si
1171 2866 1367 2920 viderit
1411 2875 1662 2929 mortem,
1693 2866 1818 2935 quis
1861 2873 1967 2934 poti

2190 2868 2272 2918 εῖν
2299 2863 2561 2930 θάνατον;
2592 2864 2701 2917 Καὶ
2728 2863 2823 2916 ἐὰν
2866 2863 2951 2936 ἴδῃ
2984 2861 3236 2929 θάνατον,
3260 2860 3342 2925 τίς
3375 2862 3603 2915 δύναται
3629 2865 3720 2932 (5:3-

442 2969 658 3009 eruere
684 2956 923 3009 animam
954 2971 1133 3022 suam,
1157 2956 1265 3011 nisi
1291 2966 1349 3009 tu
1377 2955 1549 3021 solus,
1572 2956 1666 3025 qui
1692 2963 1910 3024 propter
1940 2969 1972 3006 n

2190 2956 2339 3011 ισθαι
2370 2957 2469 3027 τὴν
2492 2955 2682 3009 ἑαυτοῦ
2703 2955 2908 3027 ψυχὴν,
2942 2956 2989 3007 εἰ
3032 2955 3106 3024 μὴ
3153 2953 3217 3006 σὺ
3264 2953 3340 3023 (1)
3376 2954 3539 3024 μόνος
3589 2958 3617 3007 ὁ
3658 2956 3720 3006 δι’

465 3044 630 3098 homo
653 3042 830 3099 factus
850 3047 953 3098 es?
982 3042 1193 3097 Etenim
1223 3059 1332 3097 non
1358 3044 1534 3099 solum
1564 3058 1623 3098 se
1650 3042 1826 3112 ipsum
1860 3044 1995 3097 susc‘:

2192 3051 2286 3115 stic;
2314 3047 2603 3119 γενόμενος
2624 3045 2939 3117 ᾶνθρωπος;
2966 3045 3041 3097 Οὐ
3066 3045 3225 3114 μόνον
3250 3045 3360 3115 γὰρ
3410 3047 3606 3099 ἑαυτὸν
3639 3050 3722 3100 ἀν-

464 3136 620 3199 tavit,
662 3135 759 3191 sed
792 3136 962 3194 multa
1012 3151 1236 3206 corpora
1290 3144 1593 3189 sanctorum
1620 3176 1635 3202 ,
1679 3136 1767 3204 qui
1820 3133 1994 3185 dormi.

2193 3154 2386 3208 πτησεν,
2399 3137 2534 3190 ἀλλά
2550 3135 2648 3190 καὶ
2664 3135 2864 3190 πολλὰ
2878 3134 3121 3203 σώματα
3142 3133 3258 3189 τῶν
3273 3136 3723 3205 κεκοιμημένων·

466 3238 590 3282 rant
614 3230 656 3282 ’.

2138 3229 2326 3298 ἁγίων
2358 3228 2616 3297 ἤγειρεν.

534 3316 624 3381 97,
648 3315 736 3371 98.
769 3315 874 3372 Ubi
914 3323 1043 3371 sunt
1086 3314 1508 3380 misericordiae,
1555 3327 1695 3384 quas
1741 3308 2043 3381 promisisti

2211 3319 2301 3383 97,
2338 3317 2425 3372 98.
2463 3316 2571 3370 Ποῦ
2602 3318 2761 3382 εἰσιν,
2784 3316 2820 3370 ἃ
2845 3316 3156 3386 ὲπηγγείλω
3176 3316 3254 3387 τῷ
3279 3316 3393 3388 Υξῷ
3421 3334 3521 3372 σου
3548 3322 3723 3373 ποιεῖν

466 3407 604 3462 Filio
634 3416 727 3483 tuo
753 3407 932 3479 (acere
953 3414 1116 3476 super
1140 3406 1379 3460 omnes?

1140 3406 1379 3460 omnes?
2063 3398 2106 3455 C
2139 3410 2233 3462 ἐπὶ
2263 3409 2470 3471 πάντας
2502 3407 2661 3479 uti};

537 3499 625 3565 99,
661 3498 781 3553 100.
812 3496 1140 3564 Recordare,
1176 3495 1426 3560 Domine,
1449 3494 1594 3564 quod
1620 3489 1929 3562 opprobriis
1956 3487 2036 3543 af-

2203 3501 2293 3565 99,
2325 3500 2445 3556 100.
2472 3499 2751 3571 Μνήσθητι
2779 3539 2793 3563 ,
2826 3497 2998 3568 Κύριε
3019 3539 3034 3563 ,
3070 3499 3153 3551 ὅτι
3205 3498 3577 3570 ὀνειδιζόμεθα
3618 3502 3727 3555 ὑπὸ

466 3592 681 3646 (icimur
709 3592 779 3646 ab
808 3589 1136 3645 adversariis
1167 3587 1529 3658 potestatibus
1557 3586 1898 3641 dicentibus:
1933 3583 1996 3637 Ul

2192 3593 2242 3647 Iw
2275 3592 2533 3645 ἐναντίων
2564 3590 2846 3659 δυνάμεων
2879 3588 3173 3656 λεγόντων·
3194 3589 3303 3642 Ποῦ
3331 3592 3468 3642 εἰσιν
3487 3591 3523 3644 5.
3551 3594 3722 3663 ἐπηγ-

466 3692 613 3749 sunt,
650 3698 772 3753 qua
797 3680 1046 3752 promisit
1070 3678 1214 3735 Deus
1239 3678 1525 3734 ostendere
1554 3679 1704 3748 genti
1732 3676 1946 3731 David?

2131 3686 2347 3755 γεξλατο
2365 3686 2393 3736 ὁ
2420 3683 2550 3745 Θεὸς
2575 3679 2882 3734 δείκνυσθαι
2913 3679 3054 3733 ἔθνει
3083 3680 3178 3733 τοῦ
3207 3681 3371 3734 Δαὸίδ
3397 3681 3475 3752 (2)
3502 3700 3519 3747 ;

537 3773 874 3829 101.]ιιι1ωἱ.

2206 3778 2329 3832 101.
2364 3779 2427 3830 Οἱ
2469 3775 2706 3830 Ἰουδαῖοι
2738 3774 2836 3845 (5).

536 3867 661 3921 102.
686 3864 915 3931 Quando
957 3863 1247 3918 conviciati
1292 3870 1421 3916 sunt
1464 3860 1601 3915 Filio
1626 3870 1742 3927 tuo,
1772 3862 1863 3932 qui
1888 3861 2037 3917 dedit

2215 3870 2335 3923 102.
2365 3871 2491 3923 "Ore
2524 3869 2804 3922 ὼνείδισαν
2857 3869 2948 3922 τὸν
3000 3870 3125 3924 Υἱόν
3164 3886 3257 3922 σου
3301 3871 3393 3923 τὸν
3450 3868 3722 3924 δεδωκότα

468 3973 526 4012 se
554 3957 731 4026 ipsum
778 3956 1262 4011 commutationem
1302 3968 1403 4023 pro
1431 3954 1635 4024 populo
1666 3964 1777 4019 tuo,
1812 3955 1906 4024 qui
1935 3969 1998 4008 un

2186 3960 2330 4018 ιυτὸν
2354 3958 2707 4025 ἀντάλλαγμα
2724 3959 2864 4028 ὑπὲρ
2878 3958 2973 4012 τοῦ
2993 3958 3121 4013 λαοῦ
3148 3976 3240 4012 σου
3256 3959 3351 4012 τοῦ
3377 3960 3716 4030 χρισθέντος.

462 4056 587 4101 etus
619 4053 723 4101 est.

541 4137 660 4192 105.
692 4138 886 4205 Amen,
918 4153 1097 4192 amen.

2214 4134 2336 4188 105.
2375 4132 2568 4205 Ἀμὴν,
2606 4133 2773 4204 ἀμήν.

547 4252 612 4304 Ἦ
650 4252 982 4323 προκειμένη
1010 4249 1287 4322 ἐπιγραφὴ
1313 4247 1553 4319 περιέχει
1574 4246 1945 4315 ’.ιΠροσευχὴ
1969 4243 2049 4311 τῷ
2068 4247 2314 4300 Μωῠσεῐ
2332 4245 2649 4314 ἀνθρώπου
2690 4244 2767 4316 (4)
2792 4244 2901 4298 τοῦ
2928 4245 3096 4299 Θεοῦ.
3126 4244 3272 4315 Αὕτη
3305 4240 3399 4298 οῦν
3449 4246 3725 4316 ἑρμηνεία

468 4344 722 4417 ὑπάρχει.
752 4346 1012 4415 Μωϋσῆς
1039 4344 1346 4412 ἀνάληψις
1371 4341 1750 4414 ἑρμηνεύεται.
1783 4342 1897 4404 Πᾶς
1928 4337 2020 4394 οὖν
2047 4341 2332 4412 ἄνθρωπος
2360 4340 2453 4393 τοῦ
2493 4340 2628 4393 Θεοῦ
2657 4340 3017 4411 προσεύχεται
3046 4340 3139 4392 τὸν
3184 4341 3544 4410 προκείμενον
3578 4342 3690 4410 ψα).
3712 4372 3723 4379 -

471 4440 570 4508 μὸν
594 4442 660 4510 τῇ
683 4439 966 4510 ἀναλήψει,
995 4439 1239 4492 τουτέστι
1278 4437 1357 4508 τῷ
1406 4435 1517 4505 Υἱῷ
1566 4434 1661 4486 τοῦ
1705 4434 1861 4488 Θεοῦ.
1891 4436 1963 4487 Οὐ
1999 4435 2108 4505 γὰρ
2140 4431 2281 4499 εἶπε,
2315 4434 2626 4502 προσευχὴ
2679 4434 2977 4499 Μωῡσέως
3008 4433 3109 4504 (5),
3167 4433 3301 4486 ἀλλά
3347 4432 3428 4498 τῷ
3482 4436 3733 4489 Μωϋσεῐ

464 4533 664 4586 ὡσανεὶ
690 4535 755 4603 τῇ
784 4532 1041 4605 ἀναλήψει
1064 4532 1354 4605 [τουτέστι]
1380 4530 1455 4601 τῷ
1485 4529 1594 4599 Υῑῷ
1615 4528 1707 4581 τοῦ
1732 4527 1888 4593 Θεοῦ,
1921 4526 2102 4591 καθὼς
2140 4528 2217 4599 (6)
2254 4529 2616 4599 προείπαμεν,
2639 4529 2720 4580 ὅτι
2741 4528 2970 4590 ἕκαστος
3000 4526 3110 4579 τῶν
3132 4526 3225 4579 τοῦ
3256 4524 3390 4579 Θεοῦ
3412 4526 3722 4596 ἀνθριυπων

465 4622 638 4688 οὕτως
663 4625 1043 4695 προσεύχεται,
1077 4624 1257 4688 καθὼς
1281 4627 1310 4679 ὁ
1352 4623 1564 4694 eam;
1591 4622 1858 4692 περιέχει.

539 4715 752 4795 Titulus
782 4742 1106 4810 praepositus
1128 4741 1407 4795 continet:
1441 4738 1627 4793 Oratio
1658 4737 1830 4807 Moysi
1856 4736 2081 4789 hominis
2112 4734 2233 4789 Dei.
2266 4736 2392 4790 Haec
2443 4736 2607 4805 igitur
2648 4735 3023 4806 interpretatio
3060 4743 3161 4789 est.
3195 4731 3399 4802 Moyses
3426 4736 3721 4801 assumptio

466 4837 877 4904 interpretatur.
909 4835 1099 4890 Omnis
1124 4837 1286 4906 igitur
1311 4836 1475 4889 homo
1505 4833 1598 4888 Dei
1626 4841 1748 4887 orat
1782 4834 2088 4901 appositum
2122 4831 2389 4900 psalmum
2440 4831 2829 4899 assumptioni,
2858 4831 2958 4883 hoc
2990 4838 3072 4883 est
3109 4826 3247 4880 Filio
3274 4825 3389 4879 Dei.
3423 4825 3544 4879 Non
3574 4829 3720 4880 enim

465 4928 625 4991 dixit,
653 4927 823 4980 oratio
846 4923 1071 4995 Moysis,
1099 4926 1192 4979 sed
1229 4923 1425 4995 Moysi,
1454 4922 1679 4991 perinde
1706 4937 1771 4976 ac
1799 4923 1846 4975 si
1875 4921 2109 4976 dixisset
2136 4922 2519 4989 assumptiOni,
2553 4924 2655 4975 hoc
2674 4930 2758 4975 est
2776 4920 2913 4974 Filio
2943 4919 3058 4985 Dei,
3094 4919 3235 4972 sicut
3265 4927 3425 4971 antea
3455 4918 3720 4983 diximus,

463 5023 613 5093 quod
645 5021 1024 5091 unusquisque
1053 5022 1214 5075 homo
1247 5019 1336 5073 Dei
1364 5020 1437 5073 ita
1467 5027 1587 5072 orat
1620 5017 2082 5087 quemadmodum
2119 5019 2366 5086 psalmus
2394 5017 2660 5071 continet:

533 5117 586 5169 1.
608 5114 707 5187 ,Αδ
733 5114 888 5180 Abel,
912 5120 966 5168 et
1001 5114 1056 5166 in
1086 5112 1313 5182 singulis
1347 5110 1807 5183 generationibus.

2202 5108 2253 5162 1.
2303 5109 2436 5161 Ἀπὸ
2465 5108 2653 5172 Ἅϐελ,
2685 5110 2779 5161 καὶ
2813 5107 2891 5178 (7)
2916 5106 3035 5160 καθ’
3065 5107 3300 5175 ἑκάστην
3329 5100 3548 5171 γενεάν.

534 5230 555 5261 ⁹
584 5224 773 5279 Matth.
810 5242 981 5290 xxvu,
1012 5225 1100 5280 52.

1423 5316 1734 5378 Addenda
1763 5322 1825 5378 et
1853 5315 2228 5395 corrigenda
2281 5332 2359 5375 ex
2396 5313 2539 5376 cod.
2569 5314 2772 5377 Vatic.

537 5460 615 5533 (1)
646 5462 708 5515 Εἰ
746 5462 820 5533 μὴ
854 5464 1021 5533 μόνος
1055 5461 1279 5533 σύνειο.
1336 5532 1347 5533 7
1400 5531 1409 5533 ᾉ
1498 5530 1519 5533 μ
2066 5512 2067 5516 η

1336 5532 1347 5533 ,
1400 5531 1409 5533 μ
1498 5530 1519 5533 μ
2066 5463 2111 5518 D
2138 5458 2384 5533 Μῳῄσεῒ
2399 5457 2706 5533 ᾀνςᾷρὼπῳ,
2741 5466 2844 5513 etc.

536 5517 616 5600 (2)
646 5517 1094 5602 ῘΔναδείὶινυσθαι
1122 5517 1249 5602 ἔθνη
1270 5532 1361 5585 τοῦ
1387 5530 1522 5585 Θεοῦ
1551 5549 1565 5595 ;
2068 5517 2072 5518 ν
2217 5530 2291 5602 (5)
2325 5529 2430 5602 Τοῦ
2459 5517 2760 5602 Manios-tog.

641 5600 797 5656 Deest
823 5606 876 5656 οι
927 5601 1209 5657 Ἰουδαῖοι.
1238 5594 1249 5602 ’
1554 5594 1559 5595 ν
2008 5670 2013 5671 ί

2008 5670 2013 5671 γ
2215 5594 2291 5671 (6)
2331 5598 2615 5671 Ἀναλήψει
2638 5616 2689 5655 τ.
2730 5598 2795 5655 Υ.
2829 5615 2881 5653 τ.
2907 5597 2966 5650 Θ.
2992 5594 3154 5658 καθά,
3184 5603 3288 5649 etc.

537 5604 613 5671 (5)
641 5604 797 5656 Deest
823 5606 876 5656 οι
927 5604 1209 5657 Ἰουδαῖοι.
2237 5604 2291 5666 6)
2331 5604 2615 5667 Ἀναλήψει

537 5666 613 5746 (4)
653 5672 717 5723 Ἡ
740 5672 826 5725 διὰ
860 5673 957 5742 τῆς
989 5672 1356 5743 κινναϐάρεως
1383 5671 1660 5742 περιέχει·
1714 5670 2032 5740 Προσευχὴ
2215 5604 2294 5740 (7)
2327 5669 2435 5723 Καί
2469 5670 2633 5725 deest.
