3874 6222
131 289 271 344 1037
1010 286 1101 341 DE
1140 285 1414 342 TITULIS
1451 285 1902 342 PSALMORUM.
1928 287 2214 344 -—I‘SAL.
2261 286 2548 341 LXXXIX.
3258 290 3395 347 {038

206 404 261 458 2.
290 403 403 475 Πρὸ
424 403 518 455 τοῦ
544 402 645 474 ὅρη
670 401 985 475 γενηθῆναι,
1012 403 1109 457 zeal
1132 403 1436 474 πλασθῆναι
1462 402 1560 476 τὴν
1587 405 1711 475 γῆν,

1890 404 1945 458 2.
1977 402 2304 475 Priusquam
2333 413 2545 461 montes
2567 404 2780 469 ﬁerent,
2807 410 2862 457 et
2892 401 3220 458 [armaretur
3252 411 3396 461 terra

126 494 225 548 καὶ
261 495 361 565 τὴν
391 493 743 566 οἰκουμένην,

542 518 544 537 ι
552 493 743 566 μένην,
1822 505 1874 552 et
1903 496 2072 560 orbis.

200 585 256 640 5.
285 586 394 640 Kal
423 585 532 639 ἀπὸ
560 584 653 639 τοῦ
686 584 881 649 αἰῶνος
911 585 1008 639 zeal.
1040 586 1147 650 ἕως
1173 583 1268 638 τοῦ
1300 584 1495 649 αἰῶνος
1525 585 1588 637 σὺ
1616 580 1685 638 εί.

1806 640 1811 645 .
1888 589 1943 644 5.
1982 588 2048 642 Ει
2078 604 2110 643 a
2139 587 2361 653 saeculo,
2396 595 2452 643 et
2481 601 2657 658 usque
2682 586 2737 641 in
2764 586 3025 642 saeculum
3066 596 3121 641 tu
3153 601 3232 642 es.

200 674 256 728 4.
284 675 375 747 Μὴ
417 674 771 747 ἀποστρέψῃς
798 675 1087 747 ἄνθρωπον
1116 677 1196 739 είς
1225 674 1553 730 ταπείνωσιν
1573 692 1587 704 ·

1890 679 1943 734 4.
1978 678 2058 735 Ne
2090 689 2304 735 avertas
2333 680 2611 734 hominem
2645 679 2699 732 in
2730 677 3129 732 humilitatem:

204 767 256 821 5.
292 768 403 821 Kal
432 762 592 831 εἶπας
616 782 630 797 ⁸
677 767 1095 839 Ἐπιστρέψατε,
1126 768 1230 821 υἱοὶ
1247 768 1354 821 τῶν
1383 766 1711 840 ἀνθρώπων.

1664 785 1711 822 ν.
1888 771 1940 827 5.
1976 772 2039 825 Et
2062 771 2247 826 dixisti
2275 789 2288 825 :
2315 769 2730 835 Convertimini,
2763 769 2857 823 lilii
2889 770 3194 824 hominum.

211 859 265 913 6.
298 859 420 912 Ὀτι
443 858 588 929 χίλια
620 857 715 929 ἐτη
738 860 797 912 ἐν
822 859 1118 930 ὀφθαλμοῖς
1161 877 1278 925 σου,
1318 859 1512 931 Κύριε,
1543 861 1713 931 ὡς(α)

1885 862 1939 917 6.
1974 861 2240 930 Quoniam
2274 863 2423 918 mille
2442 863 2570 917 anni
2594 869 2719 916 ante
2748 859 2940 915 oculos
2972 868 3114 925 tuos,
3141 857 3394 919 Domine,

121 950 335 1023 ἡμέραν
1814 966 2073 1028 tanquam
2102 958 2221 1013 dies
2254 956 2542 1029 [tanquam
2570 956 2625 1009 in
2658 952 2864 1024 nocte],

196 1041 249 1095 7.
294 1042 359 1095 Ἠ
386 1040 561 1113 ἐχθὲς,
585 1041 706 1113 ἥτις
730 1041 936 1113 διῆλθε,
972 1042 1067 1097 zeal
1096 1041 1314 1115 φυλακή
1339 1046 1397 1097 ἐν
1427 1044 1603 1111 νυκτὶ,

1890 1047 1942 1101 7.
1975 1047 2102 1103 Dies
2132 1048 2410 1115 hesterna,
2444 1060 2567 1117 quae
2600 1043 2895 1115 fpraeteriit,
2929 1049 2989 1098 et
3030 1041 3286 1098 custodia
3335 1042 3390 1097 in

1816 1148 2001 1203 110018,

196 1219 251 1274 8.
282 1219 363 1273 Τά
387 1220 796 1292 ἐξουδενὼματα
828 1223 1009 1278 αὐτῶν
1035 1222 1130 1295 ἔτη
1164 1221 1403 1278 ἔσονται.

1882 1231 1936 1286 8.
1969 1230 2101 1296 Quae
2134 1242 2232 1298 pro
2265 1225 2437 1280 nihilo
2459 1222 2731 1279 habentur
2760 1240 2950 1280 eorum
2975 1223 3107 1281 anni
3135 1235 3315 1281 erunt.

197 1313 252 1369 9.
286 1312 359 1365 Τὸ
389 1313 531 1383 πρωὶ
560 1312 694 1366 ὡσεὶ
726 1314 857 1387 χλόη
890 1314 1151 1387 παρέλθοι
1169 1332 1184 1348 ⁸

1882 1325 1932 1380 9.
1968 1322 2123 1377 Mane
2145 1321 2288 1376 sicut
2313 1318 2481 1373 herba
2506 1325 2751 1375 transeat
2777 1336 2790 1372 :

196 1403 285 1457 10.
319 1403 392 1456 Τὸ
416 1405 560 1477 πρωὶ
585 1405 839 1476 ἀνθήσαι,
872 1408 967 1460 zeal
1007 1407 1300 1479 παρέλθοιο

1250 1426 1300 1461 ι’
1885 1414 1968 1469 10.
2001 1413 2158 1468 Mane
2186 1411 2376 1466 ﬂoreat
2404 1418 2457 1465 et
2491 1416 2776 1465 transeat:

196 1493 286 1547 11.
318 1494 391 1547 Τὸ
412 1494 647 1568 ἑσπέρας
676 1497 963 1563 ἀποπέσοι,
988 1498 1373 1571 σκληρυνθείη,
1398 1500 1490 1554 zeal
1507 1500 1708 1572 ξηραν-

1539 1518 1708 1572 ηραν·
1880 1507 1967 1560 11.
1995 1504 2231 1574 Vespere
2252 1499 2486 1566 decidat,
2520 1498 2737 1554 induret
2756 1505 2811 1555 et
2831 1508 3065 1555 arescat.

121 1585 265 1661 θείη.

194 1677 283 1734 12.
320 1679 441 1733 Ὀτι
478 1678 799 1750 ἐξελίπομεν
827 1682 884 1733 ἐν
906 1684 971 1752 τῇ
1003 1682 1140 1753 ὀργῇ
1175 1699 1266 1735 σου
1290 1698 1304 1711 ο

1880 1682 1967 1737 12.
2002 1680 2143 1748 Quia
2176 1677 2484 1734 defecimus
2511 1677 2567 1732 in
2606 1677 2685 1731 ira
2713 1686 2803 1732 tua
2836 1695 2848 1730 :

194 1769 283 1824 15.
317 1771 429 1824 Kal
462 1772 520 1823 ἐν
548 1770 627 1841 τῷ
654 1771 811 1843 θυμῷ
835 1790 928 1826 σου
965 1774 1369 1846 ἐταράχθημεν.

1742 1786 1786 1840 Β
1881 1775 1970 1828 15.
2011 1774 2077 1827 Et
2099 1773 2151 1828 in
2176 1769 2361 1826 furore
2384 1779 2478 1825 tuo
2503 1769 2705 1824 turbati
2737 1783 2950 1823 sumus.

192 1859 281 1914 14.
304 1862 468 1915 Ἔθου
484 1862 584 1926 τὰς
598 1864 825 1934 ἀνομίας
840 1863 996 1935 ἡμῶν
1022 1866 1265 1920 ἐναντίον
1282 1865 1559 1940 [ἐνώπιόν]
1586 1884 1703 1923 σου·

1885 1867 1975 1922 14.
2005 1863 2246 1920 Posuisti
2270 1862 2582 1932 iniquitates
2610 1869 2829 1916 nostras
2861 1861 2917 1916 in
2938 1870 3233 1933 conspectu
3259 1870 3385 1920 tuo:

196 1954 285 2009 15.
331 1955 392 2008 Ὀ
421 1956 556 2031 αἰὼν
574 1957 731 2027 ήμῶν
753 1958 833 2020 εἰς
856 1956 1134 2028 φωτισμὸν
1160 1956 1254 2012 τοῦ
1274 1958 1565 2032 προσώπου
1584 1975 1703 2015 σου.

1918 1960 1973 2014 5.
2001 1955 2274 2017 Saeculum
2293 1970 2539 2019 nostrum
2564 1963 2619 2018 in
2642 1962 3045 2022 illuminatione
3067 1965 3252 2023 vultus
3280 1965 3386 2023 tui.

190 2158 271 2227 (a)
300 2156 455 2213 Vers.
500 2184 545 2213 ι.
586 2158 697 2223 Ὧς,
727 2168 857 2223 etc.,
890 2156 1066 2215 νυκτί.

1254 2359 1637 2417 ΑΤΗΑΝΑδιι
1678 2360 2264 2422 INTEBPRETATIO.

189 2559 247 2625 2,
285 2559 338 2614 5.
363 2559 438 2630 (1)
470 2559 559 2622 Ὠς
584 2558 693 2632 γὰρ
712 2559 881 2625 ἀΐδιος
903 2560 1032 2625 Θεὸς
1054 2560 1272 2617 πάντων
1303 2563 1697 2636 προῦπάρχων,

1876 2565 1934 2633 2,
1961 2566 2015 2621 5.
2050 2564 2187 2621 Nam
2239 2567 2384 2622 sicut
2421 2566 2568 2624 Deus
2598 2576 2836 2625 aeternus
2869 2582 2994 2626 ante
3024 2585 3206 2627 omnia
3239 2572 3384 2630 exsi-

115 2652 191 2717 ὡς
238 2651 462 2707 πάντων
495 2652 856 2725 Δημιουργδς,
907 2650 1033 2707 οὔτε
1065 2653 1240 2726 ἀρχὴν
1268 2654 1492 2726 ήμερῶν
1524 2654 1645 2724 ἐχετ

1850 2659 1993 2716 lens,
2040 2659 2103 2705 ut
2145 2651 2391 2705 omnium
2431 2652 2682 2715 Creator,
2728 2668 2904 2724 neque
2950 2653 3142 2710 habuit
3168 2656 3380 2711 dierum

115 2743 244 2799 οὔτε
276 2744 424 2816 ζωῆς
457 2744 630 2809 τέλος.

1811 2742 2162 2815 principium,
2193 2758 2370 2813 neque
2409 2743 2628 2799 habebit
2656 2744 2781 2798 vitae
2810 2744 2995 2801 linem.

183 2837 240 2893 4.
274 2836 365 2908 Μὴ
390 2835 564 2902 οὕτως
592 2837 761 2912 ἐάσῃς
784 2839 933 2910 ἡμᾶς
969 2839 1028 2890 ἐν
1050 2837 1350 2909 ἁμαρτίαις
1384 2838 1544 2904 ὄντας
1569 2839 1704 2894 ἀπο-

1880 2838 1935 2894 4.
1961 2835 2041 2891 Ne
2067 2835 2141 2892 ita
2171 2836 2323 2893 sinas
2353 2852 2453 2894 nos
2484 2837 2537 2892 in
2567 2839 2805 2908 peccatis
2832 2838 3160 2896 exsistentes
3184 2840 3378 2895 reverti

117 2930 352 3003 στρέψαι
388 2931 469 2994 είς
497 2932 623 3001 γῆν,
648 2929 710 2996 ἐξ
738 2925 806 3003 ἧς
836 2928 1174 3001 ἐλήφθημεν.

1731 2962 1775 3019 C
1808 2931 1864 2986 in
1894 2939 2114 2995 terram,
2139 2945 2205 2985 ex
2232 2946 2339 3000 qua
2365 2931 2569 3001 sumpti
2598 2946 2812 2987 sumus.

185 3022 241 3079 5.
280 3022 392 3077 Kal
441 3019 623 3088 εἶπαςο
664 3025 749 3077 Οὐ
788 3023 1096 3094 ,Βούλομαι
1145 3025 1252 3080 τὸν
1296 3024 1555 3081 θάνατον
1599 3022 1706 3077 τοῦ

1883 3022 1935 3077 5.
1966 3022 2034 3077 Et
2060 3023 2247 3077 dixisti
2282 3040 2295 3078 ε
2328 3021 2472 3077 Nolo
2498 3031 2719 3077 mortem
2747 3022 3061 3091 peccatoris,
3096 3023 3188 3079 sed
3211 3025 3380 3096 magis

113 3114 493 3186 ἀμαρτωλοῦ,
526 3117 609 3183 ὡς
639 3116 706 3171 τὸ
734 3116 1115 3188 ἐπιστρέψαι,
1146 3118 1244 3173 καὶ
1276 3116 1384 3186 ζῇν
1410 3115 1618 3172 αὐτόν.

1046 3136 1115 3184 ze,
1146 3118 1244 3173 καὶ
1276 3116 1384 3186 ζῇν
1410 3115 1618 3172 αὐτόν.
1808 3122 1867 3169 ut
1899 3124 2236 3169 convertatur
2263 3122 2313 3168 et
2343 3116 2479 3169 vivat
2512 3116 2576 3170 ¹⁰.

182 3207 243 3264 6.
286 3208 352 3263 Ἦ
374 3208 557 3281 ήμὲρα
580 3209 679 3280 τῆς
704 3209 959 3281 κρίσεως.

802 3227 959 3275 σεως.
1878 3207 1934 3263 6.
1967 3206 2093 3263 Dies
2110 3208 2329 3279 judicii,

184 3301 242 3355 7.
292 3301 381 3365 Ὦς
409 3302 443 3372 ή
474 3300 823 3374 παρελθοῦσα
862 3302 1068 3374 ἡμέρα,
1101 3301 1274 3367 οὕτως
1311 3302 1584 3373 διερχεται
1609 3299 1706 3354 zeal

1878 3300 1930 3354 7.
1972 3298 2125 3357 Sicut
2162 3300 2301 3363 dies.
2333 3315 2458 3370 quae
2510 3299 2792 3370 praeteriit,
2826 3299 2903 3355 ita
2945 3301 3142 3356 transit
3182 3308 3237 3356 et
3264 3300 3382 3356 dies

118 3393 154 3464 ή
186 3391 380 3464 ήμέρα
405 3392 506 3464 τῆς
538 3393 800 3464 κρίσεως·
842 3394 935 3447 zeal
968 3392 1159 3467 ὥσπερ
1204 3396 1261 3448 ἐν
1310 3394 1467 3447 νυκτὶ
1496 3391 1572 3464 (2)
1605 3409 1648 3461 φη

1850 3389 2119 3447 ιᾱίοἱίεει
2169 3391 2631 3461 quemadmodum
2678 3391 2732 3446 in
2779 3400 2939 3448 nocte
2976 3392 3223 3473 custodia
3275 3403 3380 3456 est.

115 3484 257 3556 λακή
290 3486 460 3550 ἐστιν,
488 3484 659 3549 οὕτως
687 3486 782 3540 zeal
805 3484 946 3557 μετά
975 3485 1072 3557 τὴν
1101 3485 1313 3557 ἡμέραν
1338 3485 1438 3555 τῆς
1464 3483 1645 3555 κρίσεο

1854 3500 1882 3539 a
1926 3491 1982 3539 et
2032 3491 2156 3554 post
2202 3483 2346 3538 diem
2395 3482 2585 3553 judicii
2620 3484 2888 3541 securitas
2920 3485 3045 3550 erit,
3070 3494 3125 3541 et
3169 3493 3384 3541 aeterne

115 3575 391 3647 ἀσφάλεια
410 3575 616 3641 ἔσεται,
658 3578 872 3649 καὶτῆς
899 3576 1117 3631 αἰωνίου
1137 3576 1305 3647 ζωῆς,
1338 3576 1430 3628 zeal
1450 3575 1547 3645 τῆς
1572 3576 1645 3628 ait

999 3576 1117 3630 .vlou
1137 3576 1305 3647 ζωῆς,
1338 3576 1430 3628 zeal
1450 3575 1547 3645 τῆς
1572 3576 1703 3628 αἰω-
1805 3577 1929 3633 vita:
1956 3585 2010 3631 et
2035 3576 2226 3632 aeterni
2257 3576 2529 3646 supplicii.

115 3666 229 3721 νίου
272 3666 567 3732 κολάσεως.

182 3757 239 3815 8.
278 3758 343 3813 ΑΞ
364 3758 612 3825 κολάσεις
629 3760 829 3827 αὐτῶν,
885 3763 944 3816 ἐν
1003 3758 1092 3826 αἷς
1146 3759 1506 3833 ἀναρίθμητοι
1554 3759 1704 3814 locv-

1877 3749 1933 3806 8.
1961 3747 2236 3820 Supplicia
2272 3763 2487 3811 eorum,
2522 3748 2576 3804 in
2600 3748 2802 3819 quibus
2834 3749 2954 3806 sine
2982 3750 3093 3805 ulla
3119 3753 3382 3820 temporis

115 3867 206 3906 ται
234 3850 344 3923 (5).

1806 3857 2061 3897 mensura
2085 3840 2500 3911 permanebunt.
2721 3922 2723 3924 η

185 3944 243 3999 3.
291 3946 356 3999 Ἡ
388 3946 652 4019 νηπιότης
682 3947 760 4012 ὡς
798 3947 927 4019 χλόη
960 3948 1237 4022 παρέλθοι.

1876 3932 1931 3987 9.
1965 3930 2197 3987 Infantia
2228 3927 2370 3988 sicut
2406 3930 2575 3986 herba
2602 3937 2868 3987 transeat.

188 4036 282 4092 10.
320 4038 428 4091 Kal
470 4039 630 4093 πάλιν
661 4039 863 4105 εὐθέως
895 4043 929 4112 ή
953 4021 1215 4113 νηπιότης
1234 4041 1457 4113 ἀνθήσει
1479 4042 1559 4103 είς
1584 4038 1701 4093 νεό-

1879 4023 1963 4077 l0.
1992 4023 2061 4078 Et
2088 4038 2281 4078 rursus
2312 4022 2495 4078 statim
2526 4021 2893 4078 adulescentia
2918 4021 3193 4080 adolescet
3216 4023 3274 4078 in
3288 4022 3382 4094 ju-

115 4147 279 4201 τητα,
308 4130 402 4183 zeal
433 4130 568 4202 αὐτὴ
593 4131 792 4201 ὁμοίως
832 4112 1243 4202 παρελεύσεται.
1360 4112 1366 4113 ⁷

1804 4120 2103 4179 ventutem,
2136 4120 2191 4168 et
2221 4113 2341 4183 ipsa
2367 4112 2620 4169 similiter
2648 4112 3023 4181 pertransibit.

187 4222 279 4278 11.
317 4224 484 4278 Ὅταν
511 4224 569 4277 δὲ
593 4226 833 4299 γηράσῃ,
855 4225 1344 4298 συγκαμφθήσεται
1374 4227 1468 4280 zeal
1514 4226 1701 4279 τελευ-

1878 4204 1965 4262 11.
1999 4205 2136 4261 Cum
2170 4215 2353 4262 autem
2396 4206 2638 4262 senuerit
2679 4206 3057 4262 incurvabitur
3084 4212 3140 4260 et
3179 4206 3379 4261 morie-

187 4333 297 4371 σει,
1735 4313 1780 4371 θ
1808 4307 1917 4354 tur.

255 4334 297 4370 e.

119 4317 281 4463 “5:;
318 4406 441 4461 Ὀτι
470 4408 873 4481 ἡμαρτηκότων
926 4406 1085 4482 ήμῶν
1126 4408 1215 4463 διὰ
1264 4409 1364 4479 τῆς
1418 4393 1649 4483 παρακᾶ

1849 4317 1917 4354 η’.

1884 4393 1970 4449 l2.
1996 4392 2266 4460 Quoniam
2284 4388 2638 4463 peccantibus
2656 4388 2819 4446 nobis
2836 4404 2935 4460 per
2960 4389 3379 4447 inobedientiam

116 4497 418 4570 ὠργίσθης,
445 4500 539 4552 zeal
567 4500 912 4572 ἀπέστρεψας
938 4502 1088 4573 ἡμᾶς
1114 4502 1214 4573 (4).

1045 4503 1088 4566 ἱς
1114 4502 1214 4573 (4).
1808 4486 1981 4542 iratus
2013 4501 2072 4541 es
2105 4495 2161 4540 et
2188 4483 2430 4540 avertisti
2456 4497 2575 4538 nos.

190 4592 280 4647 15.
320 4592 441 4645 ’Ότι
481 4590 689 4663 ἐλήφθη
715 4609 804 4663 με,
837 4592 929 4646 zeal
949 4592 1024 4664 (5)
1058 4592 1403 4664 θυμωθέντοες
1435 4612 1529 4649 σου
1560 4598 1703 4666 ἀφα-

1875 4578 1965 4633 15.
1998 4578 2266 4645 Quoniam
2301 4574 2573 4646 reliquisti
2606 4589 2715 4642 me,
2741 4582 2797 4630 et
2820 4582 3163 4632 tetrascente
3201 4584 3380 4631 exter-

119 4684 310 4754 νισμὸς
351 4681 670 4754 ἐγενόμεθα.

1803 4670 1995 4725 minati
2026 4684 2237 4724 sumus.

190 4777 280 4832 M.
328 4777 838 4848 Ἀναγεγραμμέναι
876 4778 1014 4831 εἰσὶν
1040 4776 1199 4849 ήμῶν
1230 4779 1288 4831 αἱ
1327 4779 1555 4850 ’ἀνομίαι
1610 4783 1697 4835 ἐν-

1881 4763 1969 4817 M.
2005 4762 2300 4830 Descriptae
2342 4768 2471 4816 sunt
2491 4758 2813 4831 iniquitates
2844 4768 3048 4817 nostra:
3090 4775 3277 4817 coram
3304 4767 3379 4815 te.

120 4868 294 4923 ὠπιόν
320 4886 440 4925 σου.

189 4963 280 5018 15.
324 4964 390 5015 Ἥ
417 4960 530 5033 ζωὴ
558 4960 716 5032 ἡμῶν
744 4961 968 5032 γένηται
1000 4961 1412 5034 ,πεφωτισμένη
1462 4963 1549 5017 διὰ
1599 4968 1699 5035 τῆς

1599 4968 1699 5035 τῆς
1881 4967 1969 5023 l5:
1999 4966 2120 5022 Vita
2152 4976 2339 5023 nostra
2361 4965 2701 5023 illuminetur
2722 4967 2958 5021 adventu
2983 4975 3095 5022 tuo.

124 5056 424 5132 παρουσίας
455 5074 571 5110 σου.

176 5173 218 5204 ιο
249 5171 447 5227 Ezech.
478 5185 679 5235 xxxm,
715 5170 800 5224 li.

1076 5326 1398 5388 Addenda
1438 5334 1498 5389 et
1529 5325 1907 5407 corrigenda
1938 5344 2011 5387 ex
2045 5325 2184 5387 cod.
2219 5326 2423 5386 Vatic.

190 5491 270 5562 (1)
300 5493 369 5548 Ν.
394 5494 449 5550 2.
493 5494 602 5558 Ὧς,
629 5500 758 5555 etc.,
787 5490 1184 5564 προῦπάρχεις,
1212 5498 1315 5547 etc.
1352 5491 1418 5545 N.
1464 5491 1519 5545 5.
1556 5490 1695 5545 Οὔτε

190 5563 294 5634 ιχὴν
332 5564 555 5634 ήμερῶν
589 5562 762 5634 ἔχεις,
790 5572 895 5634 etc.
942 5631 966 5634 __
1121 5632 1128 5634 _
1339 5632 1346 5634 _
1420 5630 1428 5634 _
1677 5633 1683 5634 γ

1238 5498 1315 5546 etc.
1352 5491 1418 5545 N.
1464 5491 1519 5545 5.
1556 5490 1695 5545 Οῠτε
1874 5490 1953 5634 ἓὸ)
1982 5487 2080 5556 Al;
2109 5490 2578 5564 παραδοθήσονται
2608 5490 2768 5563 ἀναρ.

1339 5632 1346 5634 _
1420 5630 1428 5634 _
1677 5633 1683 5634 ί
1900 5562 1952 5631 4)
1993 5564 2187 5631 Ἡμᾶς,
2210 5560 2697 5634 κόθεν-ἐλήφθημεν.

122 5560 294 5703 αρχξςδ
332 5564 555 5637 ἡμερῶν
589 5562 753 5633 ἔχεις,
790 5560 895 5617 etc.
1875 5560 1952 5634 (4)
1993 5560 2338 5631 Ήμᾶς,’ὅθεν
2362 5560 2728 5631 ἐλήφθημεν.’

135 5702 143 5703 7
192 5632 249 5702 (2
300 5636 642 5703 Παρέρχεται
686 5633 779 5686 zeal
818 5633 852 5702 ή
906 5631 1269 5703 τῆςηκρίσεως
1326 5630 1539 5703 ἡμέραι
1604 5633 1699 5686 zeal
1878 5634 1953 5703 (5)
1985 5635 2175 5688 N913.
2208 5633 2317 5686 Kal
2344 5630 2685 5703 θυμωθέντος
2704 5648 2796 5686 σου
2828 5631 2907 5695 εἰς
2937 5631 3061 5699 ἀφαγ

300 5628 650 5707 Πᾶρέρχεταῖ
686 5633 779 5686 zeal
818 5633 852 5702 ή
906 5631 1003 5702 τῆς
1038 5632 1269 5703 κρίσεως
1326 5630 1506 5703 ἡμέρα
1527 5650 1539 5662 ι
1604 5633 1699 5686 zeal
1985 5628 2175 5688 N313.
2208 5633 2317 5686 Kal
2344 5628 2685 5703 θυμωθέντος
2704 5648 2796 5686 σου
2828 5631 2907 5695 εἰς
2937 5628 3259 5701 ἀφανισμόν,
3277 5641 3388 5695 etc.

131 5702 309 5773 ὥσπερ
337 5708 393 5759 ἐν
424 5709 489 5775 τῇ
515 5703 690 5767 νυκτί,
721 5711 849 5765 etc.,
885 5701 1150 5770 ἀσφάλειά
1178 5704 1338 5754 ἐστιν.
1904 5722 1913 5725 -
