3874 6222
482 303 632 360 Ὶοὸθ
1332 302 1390 358 S.
1428 304 1800 360 ATHANASII
1842 305 1989 361 OPP.
2034 306 2217 362 PARS
2254 307 2340 362 Ill.
2384 340 2453 347 —
2488 308 2882 366 EXEGETICA
3314 367 3337 381 ι
3616 325 3758 381 4050

3314 367 3341 399 ἡ

560 415 649 471 16.
684 418 953 482 Quoniam
980 429 1168 471 omnes
1198 415 1314 471 dies
1343 420 1517 473 nostri
1542 419 1894 477 defecerunt:
2084 489 2090 499 ε

2084 443 2136 500 Α
2234 422 2319 477 16.
2339 423 2460 476 Ὅτι
2489 426 2660 477 πᾶσαι
2686 427 2741 478 αἱ
2772 427 2975 497 ἡμέραι
2999 428 3156 498 ἡμῶν
3187 428 3431 496 ἐξέλιπον
3452 450 3463 462 ·

560 508 651 564 17.
674 506 742 562 Ει
761 508 817 561 in
842 508 921 562 ira
948 516 1037 561 tua
1063 506 1386 564 defecimus.
1723 503 1784 545 θ’

2236 515 2324 569 17.
2364 516 2474 569 Καὶ
2507 520 2564 569 ὲν
2597 521 2665 589 τῇ
2690 521 2827 590 ὀργῇ
2861 538 2953 573 σου
2981 520 3320 592 ὲξελίπομεν.

558 600 627 657 18
684 600 827 654 Anni
847 601 1017 655 nostri
1045 600 1186 655 sicut
1207 616 1405 656 aranea
1439 602 1880 659 meditabantur:

2231 606 2318 661 18.
2360 607 2439 661 Τὰ
2473 607 2567 679 ἐτη
2593 608 2749 680 ἡμῶν
2776 610 2907 663 ώσεὶ
2934 611 3144 683 ἀράχνη
3173 613 3465 683 ἐμελέτων·

559 693 649 748 19.
678 692 802 747 Dies
825 706 1093 746 annorum
1120 702 1437 748 nostrorum
1468 695 1524 748 in
1554 694 1690 765 ipsis
1713 697 2055 768 septuaginta

2232 701 2319 754 19.
2360 702 2427 752 Αἱ
2470 700 2677 773 ἡμέραι
2720 702 2829 757 τῶν
2862 704 2996 756 ἐτών
3025 705 3181 775 ἡμῶν
3211 707 3269 759 ἐν
3296 709 3483 773 αὐτοῖς
3515 709 3756 781 ἑϐδομή-

487 787 614 842 anni
636 803 649 840 :

2160 808 2323 845 κοντα
2353 793 2446 864 ἔτη
2469 809 2482 822 ·

561 878 651 934 20.
687 876 742 933 Si
769 889 947 934 autem
976 879 1031 932 in
1060 880 1427 947 potentatibus
1457 880 1736 950 octoginta
1767 881 1897 935 anni
1933 900 1945 934 :

2226 884 2318 939 20.
2340 883 2467 937 Ἐὰν
2494 885 2557 939 δὲ
2578 887 2635 939 ἐν
2669 886 3007 951 δυναστείαις
3037 889 3362 960 ὀγδοήκοντα
3386 891 3481 964 ἔτη
3505 911 3517 922 ·

556 964 649 1017 21.
686 962 753 1017 Ει
784 964 1016 1034 amplius
1044 978 1236 1019 eorum
1270 966 1442 1033 labor,
1472 974 1527 1021 et
1564 966 1745 1022 dolor.

2227 975 2317 1031 21.
2358 977 2471 1029 Καὶ
2498 977 2559 1030 τὸ
2590 977 2774 1031 πλεῖον
2796 979 2973 1033 αὐτῶν
3006 982 3172 1045 κόπος
3204 986 3294 1037 καὶ
3325 962 3502 1048 πόνος.

549 1056 641 1110 22.
670 1056 940 1123 Quoniam
969 1058 1284 1127 supervenit
1321 1060 1686 1117 mansuetudo
1732 1075 1897 1131 super
1929 1074 2052 1128 nos,

2232 1065 2315 1120 22.
2336 1067 2456 1120 Ὀτι
2488 1067 2689 1139 ἐπῆλθε
2728 1069 2971 1141 πραότης
2997 1072 3081 1139 ἐφ’
3109 1074 3276 1143 ἡμᾶς,
3323 1076 3414 1127 καὶ
3457 1074 3762 1146 παιδευθη-

482 1156 536 1203 et
570 1149 956 1218 corripiemur.

852 1164 956 1203 tur.
2159 1159 2382 1229 σόμεθα.

553 1240 644 1295 25.
671 1239 807 1306 Quis
832 1239 983 1293 novit
1006 1246 1330 1308 potestatem
1358 1238 1454 1293 iraa
1484 1238 1635 1294 tuae?

2225 1250 2313 1305 25.
2356 1251 2453 1314 Τίς
2478 1251 2738 1321 γινώσκει
2763 1252 2822 1306 τὺ
2844 1251 3047 1323 κράτος
3073 1255 3172 1326 τῆς
3203 1256 3374 1327 ὀργῆς
3414 1274 3507 1311 σου
3535 1276 3550 1324 ;

551 1332 641 1386 24.
672 1331 738 1386 Ει
768 1346 877 1387 orae
908 1332 1103 1385 timore
1138 1339 1233 1385 tuo
1283 1331 1423 1385 iram
1470 1340 1621 1386 tuam
1661 1330 2053 1387 dinumerare?

2232 1342 2311 1396 24.
2350 1344 2462 1397 Καὶ
2507 1345 2615 1399 ἀπὸ
2657 1343 2753 1398 τοῦ
2801 1345 2967 1414 φόϐου
3018 1364 3111 1399 σου
3158 1348 3249 1400 τὸν
3298 1348 3467 1419 θυμόν
3520 1367 3617 1403 σου
3671 1353 3762 1416 ἐξ-

2156 1433 2596 1505 αριθμήσασθαι;

549 1513 640 1567 25.
672 1512 958 1568 Dexteram
992 1520 1142 1566 tuam
1175 1512 1257 1568 sic
1285 1519 1472 1568 notam
1506 1511 1593 1567 fac
1622 1511 1759 1567 mihi
1787 1530 1801 1567 :
1866 1581 1871 1585 ἢ

2223 1522 2312 1578 25.
2357 1524 2466 1596 Τὴν
2491 1526 2672 1591 δεξιάν
2703 1543 2799 1579 σου
2829 1527 2971 1581 οὕτω
2993 1529 3259 1601 γνώρισόν
3290 1548 3410 1600 μοι·

548 1601 639 1657 26.
676 1601 742 1655 Ει
772 1603 1015 1657 eruditos
1046 1603 1211 1658 corde
1244 1602 1299 1657 in
1332 1603 1625 1673 sapientia.

2226 1616 2312 1669 26.
2353 1618 2462 1670 Καὶ
2493 1619 2618 1681 τοὺς
2652 1620 3119 1691 πεπαιδευμένους
3150 1625 3214 1693 τῇ
3244 1623 3439 1695 καρδίᾳ
3477 1625 3537 1677 ὲν
3562 1626 3756 1695 σοφίᾳ.

547 1694 639 1749 27.
665 1694 1012 1759 Convertere,
1053 1693 1302 1785 Domine.
1334 1696 1665 1766 usquequo?

2225 1710 2313 1765 27.
2335 1710 2714 1782 Ἐπίστρεψον,
2745 1712 2940 1784 Κύριε,
2969 1713 3074 1777 ἕως
3100 1714 3264 1781 πότε;

547 1785 638 1840 28.
672 1785 738 1839 Ει
763 1784 1121 1854 deprecabilis
1146 1784 1265 1840 εειο
1289 1800 1454 1856 super
1485 1801 1674 1842 servos
1704 1792 1853 1871 tuos.

2082 1809 2124 1864 Β
2220 1801 2310 1855 28.
2352 1802 2463 1855 Καὶ
2488 1804 2871 1875 παρακλήθητι
2898 1806 2990 1858 ἐπὶ
3014 1808 3127 1869 τοῖς
3152 1806 3360 1870 δούλοις
3383 1824 3499 1862 σου.

539 1878 631 1933 29.
665 1877 873 1948 Repleti
910 1892 1100 1933 sumus
1144 1893 1305 1933 mane
1345 1878 1724 1935 misericordia
1766 1888 1892 1943 tua,
1944 1878 2049 1935 Do-

2223 1894 2314 1949 29.
2334 1894 2671 1965 Ἐνεπλήσθη
2680 1913 2777 1965 μεν
2792 1896 2852 1949 τὸ
2869 1897 3014 1967 πρωὶ
3025 1897 3120 1950 τοῦ
3134 1898 3315 1962 ἐλέους
3330 1916 3444 1964 σου,
3458 1898 3638 1972 Κύριε
3648 1900 3753 1972 (α)-

475 1986 654 2027 mine:

544 2062 636 2117 50.
670 2061 737 2117 Et
766 2063 1179 2127 exsultavimus,
1214 2070 1269 2117 et
1296 2063 1545 2119 delectati
1577 2080 1770 2122 sumus

2226 2070 2315 2124 50.
2356 2070 2465 2123 Kal.
2494 2071 2962 2145 ἡγαλλιασάμεθα,
2992 2075 3084 2129 καὶ
3109 2076 3519 2149 εὐφράνθημεν,

544 2157 636 2211 51.
669 2156 730 2211 In
759 2158 1013 2212 omnibus
1040 2158 1232 2213 diebus
1262 2157 1485 2212 nostris.

2225 2163 2315 2217 51.
2358 2164 2434 2232 (b)
2466 2163 2557 2217 Ἐν
2580 2166 2783 2231 πάσαις
2810 2172 2930 2232 ταῖς
2953 2170 3185 2241 ἡμέραις
3219 2172 3395 2242 ἡμῶν.

545 2251 635 2305 52.
668 2250 1102 2306 Ῑλαξιθιίλευηιιιε.
2228 2254 2317 2309 52.
2360 2254 2811 2331 Εὐφρανθείημεν
2843 2260 3295 2335 [εὐφράνθημεν]·

548 2340 637 2394 55.
668 2339 776 2394 Pro
805 2340 994 2395 diebus
1018 2339 1219 2410 quibus
1244 2355 1346 2395 nos
1381 2340 1718 2396 humiliasti:

2225 2346 2315 2402 55.
2338 2346 2481 2400 ’Δνθ’
2506 2340 2583 2404 ὧν
2608 2350 2830 2421 ἡμερῶν
2854 2352 3228 2418 ὲταπείνωσας
3252 2354 3426 2427 ἡμᾶς·

546 2431 638 2487 54.
663 2429 836 2486 Annis
866 2431 1065 2501 quibus
1093 2431 1330 2486 vidimus
1362 2431 1527 2486 mala.

2227 2437 2315 2492 54.
2343 2438 2534 2507 Ἐτῶν,
2560 2432 2635 2497 ὧν
2664 2442 2875 2514 εἴδομεν
2906 2446 3072 2500 κακά.

571 2586 627 2659 a)
666 2587 1231 2659 Kuptainonglegitur.

571 2587 627 2659 a)
666 2588 846 2656 Κύριε
873 2602 981 2641 non
1013 2587 1231 2657 legitur.

546 2587 622 2729 (ὁ)
666 2658 822 2715 Vers.
854 2658 945 2721 5|,
981 2656 1071 2723 52,
1104 2658 1207 2712 sub
1236 2656 1399 2713 unico
1427 2672 1583 2712 num.

1603 2812 1980 2869 ATHANASII
2020 2814 2609 2875 INTERPRETATIO.

548 2959 633 3015 16.
669 2957 937 3023 Quoniam
964 2955 1076 3025 jam
1113 2953 1446 3023 completum
1472 2964 1555 3009 est
1579 2954 1996 3025 hocisaaculum.

1954 2972 1996 3009 ι.
2086 2962 2134 3025 C
2236 2961 2323 3015 16.
2344 2962 2466 3014 Ὅτι
2491 2961 2675 3016 λοιπὸν
2709 2965 3064 3036 πεπλήρωται
3093 2969 3121 3020 ό
3148 2968 3283 3021 αἰὼν
3307 2960 3484 3033 οὗτος.

548 3051 635 3105 1ῐ1.
662 3048 795 3103 Nam
820 3048 986 3117 priori
1017 3047 1215 3101 smeulo
1238 3055 1638 3115 nongentorum
1675 3054 1795 3101 erat
1822 3046 1931 3101 vita
1959 3048 2055 3102 ho-

2229 3054 2317 3110 i7.
2349 3056 2406 3108 '0
2437 3055 2544 3127 γὰρ
2593 3057 2859 3129 πρότερος
2892 3058 3026 3112 αίὼν
3058 3059 3133 3133 (1)
3172 3062 3501 3115 ἐννακοσίων
3524 3063 3663 3119 ἐτῶν
3683 3060 3751 3137 ἦν

473 3142 708 3207 minum,
732 3154 879 3193 nunc
915 3144 1095 3192 autem
1146 3136 1419 3191 diminuta
1474 3144 1557 3192 est
1604 3135 1659 3189 in
1700 3144 1920 3191 centum
1974 3154 2003 3191 v

2221 3149 2332 3221 ζωὴ
2376 3149 2483 3204 τῶν
2526 3151 2848 3223 ἀνθρώπων,
2875 3152 2973 3206 νῦν
3018 3153 3075 3206 δὲ
3122 3153 3520 3225 ἠλαττώθησαν
3555 3158 3636 3220 εἰς
3666 3135 3751 3231 ρκ’

476 3235 611 3307 ginti
641 3246 835 3287 annos.

742 3246 835 3285 IOS.
2156 3239 2272 3309 ἔτη.

549 3326 635 3382 18.
670 3325 808 3378 Anni
844 3324 1017 3378 nostri
1056 3322 1395 3376 miserabiles
1420 3328 1475 3375 et
1501 3320 1704 3375 inﬁrmi
1742 3321 1874 3377 facti
1904 3331 2051 3377 sunt.

2227 3331 2313 3385 18.
2354 3330 2434 3385 Τὰ
2463 3332 2556 3403 ἔτη
2586 3332 2742 3405 ἡμῶν
2762 3334 2954 3405 οἰκτρὰ
2982 3333 3077 3387 κα)⁸
3104 3334 3373 3407 ἀνίσχυρα
3397 3337 3714 3405 γεγόνασιν.

550 3418 731 3475 19-21.
765 3416 902 3471 Nam
945 3416 1011 3470 ad
1057 3415 1397 3486 septuaginta
1442 3422 1498 3471 et
1538 3416 1821 3486 octoginta
1881 3431 2055 3470 annos

2226 3424 2338 3478 19-
2360 3423 2449 3477 21.
2501 3424 2594 3487 Εἰς
2623 3425 2991 3497 ἐϐδομήκοντα
3023 3427 3131 3498 γὰρ
3164 3430 3256 3481 καὶ
3287 3431 3622 3502 ὀγδοήκοντα
3656 3434 3751 3505 ἔτη

474 3512 825 3582 pervenimus
852 3529 865 3564 :
895 3511 940 3565 si
974 3519 1157 3564 autem
1198 3507 1413 3577 longius
1444 3508 1645 3563 vixerit
1687 3509 1874 3575 homo,
1902 3508 2004 3562 labi

2227 3514 2503 3585 θάσαμεν·
2559 3515 2654 3569 ἐὰν
2705 3517 2762 3570 δὲ
2810 3518 3029 3591 πλείονα
3074 3520 3214 3592 ζήσῃ
3243 3521 3551 3592 ἄνθρωπος,
3584 3525 3754 3588 κόπος

474 3612 579 3670 est,
602 3613 656 3659 et
682 3603 836 3659 dolor
858 3610 1077 3672 propter
1106 3611 1412 3671 peccatum,
1442 3600 1590 3670 quod
1619 3607 1704 3655 est
1741 3599 1797 3653 in
1823 3600 2004 3654 mundt

2223 3605 2272 3657 τι
2313 3606 2406 3658 καὶ
2455 3606 2616 3670 πόνος
2660 3607 2747 3660 διὰ
2786 3607 2885 3680 τὴν
2930 3609 3201 3679 ἁμαρτίαν
3239 3610 3339 3682 τὴν
3383 3608 3551 3666 οὖσαν
3582 3615 3642 3664 ἐν
3673 3613 3753 3683 τῷ

2156 3697 2369 3769 κόσμῳ.

541 3796 631 3852 22.
665 3795 934 3862 Quoniam
980 3794 1155 3849 Filius
1202 3793 1299 3848 Dei
1348 3794 1516 3858 venit,
1548 3801 1603 3847 et
1636 3793 1816 3848 edocti
1864 3808 2055 3848 sumus

2224 3790 2318 3846 22.
2338 3791 2461 3845 ’Ότι
2488 3791 2617 3854 Υἱὸς
2642 3789 2736 3845 τοῦ
2765 3790 2901 3843 Θεοῦ
2930 3788 3080 3863 ἦλθε,
3118 3794 3211 3845 καὶ
3250 3792 3622 3863 παιδευόμεθα
3649 3814 3751 3848 κα-

475 3899 825 3944 contemnere
851 3887 991 3940 hanc
1024 3887 1215 3940 vitam.
1438 3952 1443 3957 ἱ

2156 3886 2443 3954 ταφρονεῖν
2477 3886 2576 3954 τῆς
2606 3882 2752 3953 ζωῆς
2780 3884 3002 3953 ταύτης.

539 3981 631 4035 25.
658 3978 794 4051 Quis
815 3978 967 4033 novit
987 3986 1187 4032 aeterna
1217 3975 1527 4047 supplicia?

2224 3973 2317 4028 25.
2360 3975 2455 4036 Τίς
2475 3971 2583 4027 οἶδε
2610 3972 2680 4026 τὰ
2712 3974 2929 4026 αἰωνίου
2961 3973 3265 4040 κολάσεωςς

543 4075 634 4129 24.
664 4073 880 4129 Habens
908 4072 1175 4143 timorem
1209 4080 1362 4126 tuum
1392 4078 1571 4141 potest
1603 4087 1934 4143 cognoscere
1960 4071 2057 4145 ju-

2226 4065 2319 4120 24.
2345 4066 2404 4119 Ὀ
2432 4066 2568 4136 ἔχων
2594 4064 2686 4117 τὸν
2714 4065 2876 4134 φόϐον
2922 4082 3013 4117 σου
3058 4064 3279 4118 δύναται
3311 4065 3614 4133 ἐπιγνῶναι
3650 4067 3756 4138 τὴν

475 4165 677 4219 dicium
705 4172 882 4218 tuum.

2157 4157 2337 4228 κρίσιν
2364 4176 2477 4211 σου.
2804 4223 2808 4227 ί

543 4252 633 4307 25.
667 4251 969 4307 Potentiam
1017 4260 1165 4308 tuam
1214 4268 1311 4323 per
1351 4252 1604 4309 timorem
1647 4261 1802 4308 tuum
1848 4252 1936 4309 fac
1966 4269 2053 4308 me

2226 4250 2316 4305 25.
2348 4250 2419 4301 Τὸ
2452 4249 2675 4303 δυνατόν
2711 4266 2803 4302 σου
2826 4248 2915 4302 διὰ
2935 4248 3029 4301 τοῦ
3059 4248 3225 4317 φόόου
3262 4265 3355 4301 σου
3406 4248 3640 4319 ποίησόν
3669 4248 3754 4321 (2)

476 4345 797 4416 intelligere.

2086 4332 2132 4387 Ῐ)
2161 4360 2229 4413 με
2248 4343 2473 4411 εἰδέναι.

544 4437 637 4493 26.
667 4437 733 4493 Ει
772 4437 1005 4492 humiles
1040 4436 1204 4491 corde
1238 4436 1469 4506 repletos
1491 4436 1666 4508 gratia
1709 4445 1802 4490 tua
1846 4435 1933 4491 fac
1970 4452 2058 4492 me

2231 4434 2321 4488 26.
2353 4435 2461 4486 Καὶ
2489 4434 2614 4497 τοὺς
2641 4435 2928 4496 ταπεινοὺς
2965 4435 3028 4502 τῇ
3060 4432 3255 4504 καρδίᾳ
3286 4434 3412 4496 τοὺς
3451 4434 3756 4507 πεπληρω-

477 4547 788 4605 agnoscere.

2165 4527 2355 4598 μένους
2386 4528 2451 4595 τῇ
2486 4525 2667 4597 χάριτί
2693 4541 2784 4577 σου
2821 4525 2896 4595 (5)
2922 4523 3145 4595 ποίησόν
3178 4542 3245 4593 με
3277 4525 3493 4578 εἰδέναι.

547 4624 634 4679 27.
668 4622 804 4678 Veni
840 4622 909 4678 ad
942 4638 1062 4690 nos,
1098 4620 1346 4676 Domine.

2227 4619 2317 4673 27.
2342 4617 2495 4671 Ἐλθὲ
2528 4619 2665 4688 πρὸς
2693 4619 2861 4688 ἡμᾶς,
2895 4618 3086 4688 Κύριε.

544 4718 637 4773 28.
664 4717 740 4771 De
762 4716 1130 4772 anterioribus
1158 4716 1498 4787 temporibus
1524 4716 1756 4785 peccati.

2230 4711 2317 4764 28.
2358 4710 2495 4780 Περὶ
2524 4711 2632 4762 τῶν
2663 4709 2939 4781 προτέρων
2970 4708 3176 4778 χρόνων
3205 4708 3300 4777 τῆς
3329 4708 3627 4779 ἁμαρτιας.

546 4810 636 4864 29.
664 4808 955 4863 Exoriente
981 4817 1053 4875 te,
1089 4806 1294 4877 impleti
1329 4822 1522 4863 sumus
1549 4807 1723 4878 gratia
1756 4815 1874 4862 tua.

2233 4802 2323 4858 29.
2346 4801 2748 4864 ’Δνατείλαντός
2782 4817 2908 4866 σου,
2949 4798 3345 4869 ἐπληρώθημεν
3384 4800 3484 4870 τῆς
3524 4802 3747 4872 χάριτός

2164 4911 2279 4948 σου.

544 4988 634 5042 50.
669 4988 729 5042 In
760 4985 964 5055 Spiritu
993 4994 1203 5042 saneto.

2232 4988 2321 5042 50.
2343 4986 2433 5040 Ἑν
2461 4986 2737 5056 Πνεύματι
2768 4984 2925 5055 ἁγίῳ.

556 5079 645 5133 51.
683 5078 741 5133 1η
770 5079 920 5134 omni
952 5095 1115 5149 opere
1134 5081 1299 5135 bono.

2229 5080 2317 5133 51.
2360 5079 2436 5150 (4)
2461 5077 2551 5131 Ἐν
2578 5077 2738 5130 παντὶ
2762 5076 2907 5146 ἔργῳ
2927 5074 3135 5145 ἀγαθῷ.

556 5170 648 5225 52.
676 5168 733 5225 1η
766 5171 1015 5242 praesenti
1049 5171 1267 5226 saeculo.

2230 5171 2320 5224 52.
2344 5169 2436 5223 Ἐν
2468 5170 2545 5240 τῷ
2574 5168 2669 5223 νῦν
2706 5169 2882 5222 αἰῶνι.

557 5262 648 5329 55,
676 5263 766 5317 54.
796 5262 1061 5334 Tempore
1088 5263 1314 5333 peccati.

2231 5262 2320 5328 55,
2349 5262 2436 5317 54.
2466 5261 2556 5316 Ἑν
2580 5262 2659 5333 τῷ
2687 5260 2865 5333 καιρῷ
2889 5261 2987 5332 τῆς
3013 5261 3303 5331 ἁμαρτιας.

1431 5418 1735 5483 Addenda
1783 5427 1845 5483 et
1876 5416 2254 5499 corrigenda
2283 5435 2364 5479 ex
2393 5417 2535 5480 cod.
2570 5418 2770 5479 Vatic.

578 5584 629 5665 1
669 5584 741 5665 '_l'_b
774 5583 878 5665 γὰρ
908 5584 1169 5665 πρότερον
1196 5584 1226 5636 ό
1250 5583 1404 5651 αἰών,
1433 5596 1537 5640 etc.

2231 5582 2314 5665 (4)
2452 5581 2542 5665 ,
2686 5579 2777 5662 Ἰξν
2810 5579 3005 5662 παντί,
3049 5588 3157 5665 etc.
3199 5580 3267 5635 Ν.
3302 5581 3390 5645 55,
3424 5576 3519 5633 Ἐν
3544 5577 3625 5649 τῷ
3649 5577 3748 5632 νῦν

575 5654 631 5726 2)
670 5651 1212 5726 Ποιήσομαίεἰδέναι.
2163 5651 2337 5708 αἰῶνι.
2362 5652 2431 5711 Ν,
2458 5652 2546 5718 54,
2572 5651 2661 5706 Ἐν
2684 5651 2761 5721 τῷ
2789 5651 2987 5724 καιρῷ,
3014 5658 3119 5706 etc.

576 5724 626 5795 5)
668 5724 777 5794 Τῆς
793 5724 1021 5794 χάριτός
1060 5741 1172 5776 σου.
