3874 6222
150 329 308 386 ίωδ
1097 338 1182 393 DE
1225 339 1503 399 TlTULlS
1544 343 1735 400 PSAL]

1907 346 1997 403 1M.
2037 381 2107 392 —
2142 350 2336 407 PSAL.
2373 354 2503 411 XCI.
3280 364 3419 421 low

236 442 334 497 26.
370 444 594 517 Μήποτε
630 450 942 523 προσκόψῃς
976 454 1112 524 πρὸς
1145 456 1291 510 λίθον
1314 459 1405 513 τὸν
1439 461 1573 516 πόδα
1600 480 1711 515 σου.

1926 465 2019 522 26.
2048 465 2125 523 Ne
2153 468 2293 524 forte
2327 472 2567 528 otl'endas
2591 474 2658 528 ad
2688 475 2917 545 lapidem
2954 475 3141 547 pedem
3177 485 3352 536 tuum.

234 533 333 587 27.
377 536 498 588 Ἐπὶ
528 537 730 594 ἀσπίδα
756 542 848 594 καὶ
874 542 1185 613 βασιλίσκον
1213 550 1455 625 ἐπιϐήσῃ
1478 570 1490 582 ·

1925 558 2016 613 27.
2053 558 2224 630 Super
2249 564 2514 633 aspidem,
2543 574 2596 621 et
2621 533 2935 624 basiliscum
2954 533 3309 628 ambulabith

238 625 341 682 28.
378 629 929 706 Καὶκαταπατήσεις
954 637 1142 693 λέοντα
1172 643 1266 694 καὶ
1288 643 1577 713 δράκοντα.

1923 651 2015 705 28.
2055 625 2493 715 ΕιέοηευἸροὺίδ
2522 660 2731 715 leonem
2759 670 2811 716 et
2839 663 3149 718 draconem.

236 719 333 771 29.
367 719 486 773 Ὅτι
513 724 600 775 ἐπ’
630 724 729 794 ἐμὲ
763 726 978 796 ἤλπισε,
1010 732 1102 783 καὶ
1133 732 1366 803 ῥύσομαι
1403 736 1566 789 αὐτόν

1926 742 2020 796 29.
2060 743 2326 808 Quoniam
2357 749 2409 802 in
2451 766 2536 804 me
2568 752 2825 820 speravit,
2860 764 2912 810 et
2940 754 3179 809 liberabo
3208 770 3335 811 eum

236 810 331 866 50.
370 812 633 868 Σκεπάσω
654 817 839 885 αὑτὸν,
870 820 951 874 ὅτι
979 822 1122 891 ἔγνω
1153 826 1213 877 τὸ
1247 825 1419 896 ὄνομά
1452 844 1577 896 μου.

1927 831 2016 885 50.
2063 832 2347 897 Proteaam
2391 855 2550 909 eum,
2597 810 2863 911 unoniam
2908 844 3162 915 cognovit
3216 862 3344 903 nom

1851 938 2053 978 meum.

242 990 335 1046 51.
371 992 711 1065 Κεκράξεται
762 996 899 1067 πρὸς
945 998 1033 1069 μὲ,
1068 998 1163 1053 καὶ
1213 998 1325 1069 ἐγὼ
1368 1000 1735 1066 ἐπακούσομαι

1937 1012 2025 1068 51.
2057 1014 2324 1072 Clamabit
2351 1033 2418 1075 au
2440 1036 2546 1088 me,
2574 1032 2626 1078 et
2654 1039 2754 1095 ego
2780 1028 3067 1084 exaudiam
3093 1043 3251 1086 eum:

162 1084 339 1138 αὐτοῦ
366 1105 376 1115 ·

242 1177 336 1233 52.
367 1180 498 1232 Μετ’
527 1179 693 1234 αὑτοῦ
716 1183 832 1252 εἰμι
866 1182 925 1235 ἐν
952 1182 1158 1253 θλίψειτ

240 1268 335 1322 55.
370 1269 687 1340 Ἐξελιιῦμαι
718 1273 902 1336 αὐτὴν,
939 1274 1032 1327 καὶ
1056 1274 1265 1338 δοξάσω
1294 1276 1478 1331 αὐτόν.

242 1359 334 1414 54.
371 1362 705 1433 Μακρότητα
737 1364 961 1436 ἡμερῶν
995 1367 1261 1437 ἐμπλήσω
1284 1369 1447 1421 αὐτόν
1468 1386 1484 1401 ·

242 1450 331 1505 55.
361 1452 470 1505 Καὶ
501 1453 660 1520 δείξω
686 1455 836 1526 αύτῷ
864 1456 926 1508 τὸ
960 1458 1239 1529 Σωτήριόν
1275 1477 1397 1529 μου.

235 1543 471 1613 ίαλμὸς
505 1544 684 1615 ᾠδῆς,
719 1547 807 1613 είς
834 1546 949 1615 τὴν
976 1547 1204 1617 ἡμέραν
1231 1551 1338 1605 τοῦ
1369 1552 1694 1606 Σαϐϐαῖον.

767 1635 998 1691 ΨΑΛΜ.
1042 1642 1161 1703 iw.

248 1724 296 1779 ί.
342 1725 569 1792 Ἀγαθὸν
593 1726 654 1780 τὸ
677 1726 1113 1798 ἐξομολογεῖσθαι
1139 1729 1218 1801 τῷ
1246 1731 1460 1802 Κυρίῳ,

242 1812 298 1867 2.
330 1814 439 1868 Kal
470 1815 691 1884 ψάλλειν
718 1816 794 1887 τῷ
821 1818 1045 1888 ὀνόματί
1082 1837 1196 1882 σου,
1231 1819 1481 1889 ’Υψιστε.

240 1904 293 1959 5.
328 1905 433 1958 Τοῦ
462 1907 812 1975 ἀναγγέλλειν
840 1909 899 1963 τὸ
928 1911 1071 1982 πρωὶ
1094 1913 1155 1964 τὸ
1180 1912 1324 1975 ἔλεός
1347 1929 1462 1978 σου,

242 1994 296 2048 4.
332 1997 442 2049 Kal
469 1996 568 2064 τὴν
597 1998 854 2069 ἀλήθειάν
887 2018 977 2053 σου
1006 2002 1148 2056 κατὰ
1172 2002 1360 2067 νύκτα,

240 2086 291 2141 5.
335 2087 420 2141 'Ev
448 2088 755 2163 δεκαχόρδῳ
775 2093 1076 2165 ψαλτηρίῳ,
1108 2095 1225 2167 μετ’
1253 2096 1398 2167 ᾠδῆς
1427 2097 1487 2152 ἐν
1518 2097 1741 2171 κιθάρᾳ.

240 2176 295 2233 6.
322 2179 444 2235 Ὅτι
466 2180 740 2256 εὔφρανας
763 2202 854 2256 με,
885 2186 1080 2259 Κύριε,
1112 2188 1170 2242 ἐν
1201 2187 1281 2260 τῷ
1312 2190 1574 2261 ποιήματι
1608 2206 1732 2244 σου·

1922 1189 2014 1244 52.
2044 1188 2181 1247 Cum
2215 1194 2332 1263 ipso
2359 1213 2479 1250 sum
2512 1199 2564 1253 in
2600 1200 2981 1261 tribulatione:

1922 1280 2014 1335 55.
2046 1281 2282 1353 Eripiam
2317 1302 2464 1353 eum,
2499 1298 2551 1345 et
2576 1292 2888 1360 gloriﬁcabo
2913 1312 3057 1352 eum.

1920 1371 2009 1425 54.
2046 1370 2404 1443 Longitudine
2424 1379 2634 1435 dierum
2665 1386 2883 1453 replebo
2907 1401 3063 1444 eum:

1919 1462 2008 1516 55.
2041 1461 2105 1517 Ει
2135 1467 2413 1521 ostendam
2458 1469 2535 1522 illi
2566 1469 2815 1529 Salutare
2850 1492 3051 1533 meum.

1883 1553 2131 1610 Psalmus
2167 1558 2381 1624 cantici,
2414 1560 2470 1613 in
2498 1562 2637 1615 diem
2670 1562 2912 1623 Sabbati.
2938 1567 3210 1634 PSALM.
3230 1573 3385 1641 XC..

1924 1732 1972 1786 l.
2005 1731 2214 1788 Bonum
2250 1745 2333 1792 est
2366 1739 2609 1795 confiteri
2644 1743 2895 1814 Domino,

1920 1825 1973 1879 2.
2007 1827 2072 1881 Et
2105 1829 2334 1897 psallere
2364 1834 2569 1886 nomini
2596 1844 2712 1903 tuo,
2742 1838 3041 1898 Altissime.

1923 1918 1977 1972 5.
2012 1917 2092 1973 Ad
2128 1923 2558 1979 annuntiandum
2598 1943 2756 1985 mane
2790 1933 3216 1992 misericordiam
3240 1946 3415 2006 tuam,

1922 2007 1977 2061 4.
2009 2006 2076 2061 Ει
2108 2011 2386 2066 veritatem
2419 2023 2565 2069 tuam
2594 2034 2688 2086 per
2716 2031 2947 2093 noctem,

1920 2096 1975 2153 5,
2006 2098 2061 2153 In
2084 2101 2421 2158 decachordo
2442 2110 2697 2175 psalterio
2716 2127 2838 2166 cum
2860 2117 3073 2172 cantico
3101 2117 3155 2173 in
3181 2120 3414 2178 cithara.

1918 2189 1971 2245 6.
2009 2189 2147 2258 Quia
2182 2194 2461 2253 delectasti
2504 2215 2612 2267 me,
2652 2200 2902 2274 Domine,
2928 2206 2983 2262 in
3015 2207 3225 2268 factura
3254 2222 3345 2269 tua
3376 2233 3392 2269 :

1280 2321 1661 2377 ATHANASII
1700 2323 2288 2386 INTERPRETATIO.

237 2430 325 2486 26.
354 2434 581 2502 Μήποτε
633 2438 778 2491 κατὰ
810 2438 943 2492 Θεὸν
998 2440 1371 2505 ἐπιτελοῦντός
1408 2443 1485 2514 (1)
1520 2461 1612 2497 σου
1647 2446 1741 2519 ἔρ-

165 2536 262 2590 γον
293 2523 623 2597 ὲνθυμηθῇς,
656 2528 741 2592 τίς
785 2531 1049 2602 ἐπιθυμία
1086 2532 1182 2586 τοῦ
1219 2533 1486 2600 διαϐόλου,
1522 2538 1616 2590 καὶ
1643 2540 1739 2590 ὲκ-

166 2609 352 2681 κλίνῃς
371 2612 466 2664 ἀπ’
488 2614 674 2679 αὐτῆς.

1773 1888 1822 1948 Β

1919 2448 2007 2503 26.
2038 2450 2116 2505 Ne
2144 2450 2285 2507 forte
2315 2451 2549 2509 obeunte
2571 2463 2623 2511 te
2653 2470 2791 2526 opus
2818 2452 3118 2515 secundum
3150 2458 3318 2517 Deum
3348 2478 3412 2520 ea

1846 2542 2077 2612 cogites,
2110 2559 2231 2613 quae
2264 2553 2394 2601 sunt
2441 2547 2885 2618 concupiscentia
2927 2551 3150 2619 diaboli,
3195 2555 3292 2611 sed
3320 2555 3415 2611 de-

1845 2633 2016 2689 clines
2038 2634 2107 2688 ab
2142 2634 2281 2704 ipsa.

1917 2723 2009 2778 27.
2050 2723 2227 2805 Super
2254 2735 2597 2794 venenatam,
2620 2737 2674 2785 et
2693 2731 3031 2799 tyrannicam
3054 2733 3253 2790 diaboli
3285 2750 3414 2807 ope-

1848 2815 2116 2871 rationem
2154 2800 2491 2886 pirazvalcbis.

1915 2904 2007 2959 28.
2043 2904 2110 2959 Et
2150 2922 2341 2962 eorum
2373 2910 2671 2979 potentiam
2699 2920 2969 2969 conteres.

236 2700 324 2754 27.
358 2704 482 2756 Ἐπὶ
508 2705 603 2775 τὴν
631 2706 831 2762 ἰοϐόλον
860 2711 955 2765 καὶ
986 2711 1315 2786 τυραννικὴν
1342 2713 1625 2786 ἐνέργειαν
1648 2720 1741 2772 τοῦ

166 2790 413 2846 διαϐόλου
459 2798 827 2867 κατισχύσεις,

237 2882 326 2937 28.
362 2885 470 2938 Kal
504 2888 564 2940 τὸ
589 2890 789 2959 κράτος
817 2893 995 2946 αυτῶν
1030 2895 1339 2968 συντρίψεις
1372 2899 1471 2970 (2).

237 2973 327 3029 29.
359 2976 482 3030 ’Ότι
511 2980 610 3050 ἐμὲ
642 2981 833 3053 βοηθὸν
867 2985 1018 3038 ἔθετο
1042 2987 1099 3041 ὲν
1132 2990 1198 3059 τῇ
1226 2988 1423 3061 καρδίᾳ
1450 2989 1638 3048 αὐτοῦ.

1912 2994 2003 3050 29.
2047 2995 2319 3061 Quoniam
2348 2973 2433 3054 me
2465 3000 2768 3070 adjutorem
2799 3005 2981 3074 posuit
3011 3005 3065 3059 in
3092 3005 3253 3062 corde
3289 3020 3410 3063 suo.

237 3065 327 3120 50.
356 3068 577 3133 Φυλάξω
610 3075 790 3143 αὑτὸν,
828 3077 910 3132 ὅτι
939 3079 1301 3136 πεπίστευκεν
1335 3083 1415 3147 είς
1450 3082 1571 3156 ἐμὲ.

1912 3088 2004 3145 56.
2049 3088 2367 3145 Custodiam
2393 3065 2548 3160 eum,
2569 3065 2831 3164 quoniam
2858 3097 3088 3154 credidit
3114 3100 3171 3154 in
3198 3115 3305 3156 me.

235 3157 321 3212 51.
356 3160 428 3215 Τὸ
459 3160 671 3236 θέλημα
701 3168 866 3222 αὑτοῦ
902 3174 1132 3242 ποιήσω.

1910 3180 2002 3236 51.
2032 3179 2377 3237 Voluntatem
2408 3157 2535 3253 ejus
2558 3157 2777 3241 faciam.

236 3251 303 3305 52
354 3254 553 3325 Βοηθὸς
573 3259 733 3312 αὑτοῦ
756 3261 947 3332 ἔσομαι
970 3266 1025 3316 ἐν
1040 3268 1104 3335 τῇ
1123 3267 1303 3338 ἡμέρᾳ
1317 3268 1416 3339 τῆς
1428 3268 1735 3337 ἀπολογίας.

1914 3273 2003 3329 52.
2032 3275 2263 3345 Adjutor
2297 3275 2415 3345 ejus
2438 3251 2539 3331 iero
2572 3277 2625 3332 in
2655 3279 2742 3334 die
2770 3278 3123 3339 defensionis.

241 3343 327 3398 55.
362 3347 458 3399 Ἐκ
492 3350 589 3418 τῆς
634 3354 856 3406 αἰωνίου
888 3356 1160 3420 κολάσεως
1191 3357 1610 3431 λυτρωσάμενος
1642 3362 1735 3414 αὐ-

1917 3366 2003 3422 55.
2034 3368 2077 3421 Ε
2113 3343 2381 3437 Supplicio
2415 3378 2617 3425 aeterno
2661 3371 2899 3429 liberans
2931 3389 3057 3430 eum
3090 3375 3417 3434 transferam

168 3432 279 3495 τὸν,
318 3441 642 3511 μεταστήσω
679 3444 840 3497 αὐτὸν
876 3446 932 3498 ἐν
962 3450 1027 3518 τῇ
1065 3448 1309 3520 βασιλείᾳ
1333 3467 1454 3521 μου.

1907 3476 1971 3514 im
2001 3461 2053 3514 in
2082 3477 2309 3532 regnum
2351 3479 2553 3519 meum.

232 3525 321 3579 54.
356 3528 449 3592 Et;
479 3531 554 3603 (5)
600 3533 702 3599 τὰς
768 3538 1047 3602 αἰωνίους
1080 3541 1417 3607 ἀναπαύσεις
1464 3544 1735 3616 εἰσαγάγω

1916 3551 2009 3606 54.
2041 3554 2100 3606 1η
2130 3525 2331 3608 aeterna
2356 3554 2638 3624 refrigeria
2661 3556 3003 3616 introducam
3034 3561 3239 3620 iusum.

170 3616 351 3670 αὐτόν.

240 3709 327 3764 ⁸55.
359 3712 469 3783 Τὴν
499 3715 849 3773 ἀνταπόδοσίν
885 3738 1009 3791 μου.

1914 3727 2004 3782 55.
2035 3726 2465 3787 Retributionem
2494 3748 2693 3790 meam.

250 3830 315 3882 Ἥ
345 3837 678 3905 προκειμένη
715 3837 992 3909 ἐπιγραφὴ
1017 3840 1261 3911 περιέχει
1288 3841 1365 3913 (4)
1392 3859 1406 3874 ·
1444 3842 1690 3913 Ψαλμὸς
1717 3842 1899 3912 ᾠδῆς,
1937 3845 2025 3912 είς
2052 3846 2168 3915 τὴν
2192 3847 2421 3918 ἡμέραν
2459 3849 2569 3905 τοῦ
2595 3851 2919 3919 Σαϐϐάτου,
2953 3854 3088 3925 ὅπερ
3118 3854 3414 3926 ἑρμηνεύε-

171 3940 258 3976 ται
285 3924 373 3987 εις
406 3922 522 3990 τὴν
551 3925 931 3982 συντέλειαν.
961 3930 1131 3984 Τοῦτο
1162 3932 1272 4003 γὰρ
1299 3933 1449 4005 δηλοῖ
1476 3934 1535 3988 τὸ
1564 3935 1886 4001 Σάϐϐατόν,
1922 3935 2059 4009 ὅπερ
2089 3939 2520 4011 ἑρμηνευόμενον
2560 3940 2776 4010 λέγεται
2805 3922 3200 4011 κατάπαυσις.

240 4037 452 4092 Titulus
484 4039 808 4108 praepositus
841 4043 1121 4098 continet:
1155 4043 1407 4101 Psalmus
1436 4048 1653 4115 cantici,
1682 4050 1738 4103 in
1760 4050 1899 4103 diem
1929 4048 2176 4118 Sabbau,
2213 4053 2361 4124 quod
2385 4054 2773 4127 interpretatur
2800 4058 2857 4112 in
2885 4059 3408 4114 consummationem.

171 4131 287 4190 Hoc
315 4134 459 4188 enim
498 4138 735 4193 declarat
762 4140 931 4195 dictio
959 4140 1049 4194 illa
1082 4138 1374 4196 Sabbatum
1403 4145 1550 4214 quod
1590 4144 1979 4214 interpretatur
2012 4150 2239 4220 requies.

243 4252 294 4306 1.
326 4252 406 4306 Τὰ
434 4255 655 4324 κρυπτὰ
678 4255 777 4325 τῆς
801 4256 1028 4328 καρδίας
1043 4256 1308 4328 διηγεῖται
1328 4259 1405 4330 τῷ
1426 4260 1615 4331 Κυρίῳ
1643 4260 1735 4333 (5).

1920 4266 1974 4322 1.
2003 4267 2337 4323 Abscondita
2365 4267 2549 4326 cordis
2576 4284 2835 4327 enarrare
2863 4270 3113 4327 Domino.

238 4344 292 4399 2.
323 4344 411 4397 Ἐν
441 4345 639 4418 μελέτῃ
668 4347 964 4402 ἐπαίνουσά
984 4348 1321 4421 [ἐπαίνεσίν]
1352 4368 1433 4404 σοι
1461 4351 1537 4423 (6)
1571 4369 1742 4424 προσ-

171 4436 379 4507 φέρειν.

240 4530 291 4584 5.
326 4529 431 4583 Τοῦ
461 4530 765 4602 διηγεῖσθαι
797 4533 1047 4604 φανερῶς
1078 4533 1138 4587 τὸ
1166 4533 1283 4599 πῶς
1317 4534 1553 4607 ὴλεήθης
1586 4535 1684 4607 (7).

239 4620 292 4675 4.
323 4622 433 4676 Kal
461 4624 605 4678 κατὰ
646 4623 722 4693 (8)
764 4625 943 4696 πάσης
980 4626 1257 4699 ἁμαρτίας
1285 4628 1614 4701 προσφέρειν
1644 4628 1744 4701 τὴν

166 4713 427 4785 ἀλήθειαν
453 4716 561 4769 τῶν
589 4719 1025 4789 προσταγμάτων
1051 4738 1168 4775 σου.

243 4806 293 4861 5.
332 4808 422 4862 Ἐν
447 4811 571 4872 ταῖς
592 4808 723 4863 δέκα
748 4810 989 4876 ἐντολαῖς
1013 4810 1296 4884 νεκρὼσας
1328 4812 1390 4865 τὸ
1412 4811 1571 4884 σῶμα
1598 4814 1656 4867 ἐν
1678 4816 1745 4885 τῇ

164 4898 377 4970 διανοίᾳ
411 4902 469 4953 ἐν
499 4900 735 4971 ψαλμοῖς
758 4901 904 4973 ᾄδειν
931 4902 1009 4973 τῷ
1042 4904 1234 4975 Κυρίῳ
1266 4903 1369 4973 (9).

237 4990 289 5044 6.
315 4991 426 5062 Τὴν
455 4990 681 5065 καρδίαν
718 5010 818 5063 μου
851 4992 939 5047 διὰ
958 4993 1066 5048 τῶν
1094 4993 1322 5047 ἐντολῶν
1360 5011 1478 5048 σου.

1917 4358 1971 4413 2.
2006 4358 2064 4414 ln
2094 4360 2450 4418 meditatione
2476 4362 2689 4418 laudem
2719 4363 2814 4417 tibi
2848 4362 3063 4421 aﬁ‘erre.

1919 4538 1974 4591 5.
2008 4538 2091 4592 Ad
2123 4538 2583 4595 manifestandum
2613 4541 2891 4611 Quomodo
2920 4540 3177 4598 misertus
3206 4557 3283 4598 es.

1920 4629 1975 4683 4.
2023 4629 2090 4683 Et
2124 4630 2192 4685 ad
2244 4630 2625 4700 proferendam
2671 4641 2863 4687 contra
2919 4646 3081 4688 omne
3133 4640 3415 4703 peccatum

1842 4721 2128 4777 veritatem
2166 4733 2561 4792 praeceptorum
2592 4729 2837 4778 tuorum.

1918 4812 1971 4867 5.
2002 4812 2059 4867 In
2088 4813 2273 4868 decem
2297 4814 2584 4883 praeceptis
2616 4814 2943 4873 mortiﬁcata
2972 4830 3199 4887 corpore
3219 4831 3419 4874 canere

1845 4915 2027 4960 mente
2052 4904 2293 4974 psalmos
2323 4904 2575 4959 Domino.

1921 4994 1977 5050 6.
2007 4993 2118 5051 Cor
2142 5010 2325 5051 meum
2354 4995 2408 5050 in
2432 4996 2705 5053 mandatis
2726 4998 2852 5053 tuis.

1079 5126 1384 5189 Addenda
1420 5132 1482 5187 et
1517 5124 1894 5206 corrigenda
1945 5145 2024 5190 ex
2054 5128 2195 5191 cod.
2229 5127 2424 5191 Vatic.

241 5249 318 5320 (1)
368 5247 797 5339 :EveugnPéVEos
851 5266 943 5302 σου
1000 5248 1159 5320 ἔργον
1186 5291 1205 5336 τ
1226 5248 1585 5339 Λένθύμησις
1641 5248 1744 5319 τῆς
1847 5249 2237 5339 μὲνβοςληᾜοῦτο
2253 5252 2383 5339 γάρ,
2414 5260 2519 5306 etc.
2548 5321 2595 5339 Μ
2688 5323 2713 5339 ᾗ
2840 5324 2863 5339 _
2900 5323 2925 5339 Α
3055 5324 3089 5339 ..Δ
3128 5323 3171 5339 Δ
3207 5324 3235 5337 _

166 5317 451 5389 ἐνεργείας
481 5317 574 5371 τοῦ
598 5317 853 5372 διαϐόλου
878 5317 1353 5375 συναντιποάττει.
1423 5317 1431 5320 “
1484 5317 1491 5318 ί
1701 5317 1708 5319 '
1848 5317 1862 5321 “
1939 5321 1995 5458 5)
2020 5322 2100 5373 Τὰ
2136 5317 2281 5375 κατά
2306 5317 2407 5392 τῆς
2435 5321 2662 5394 καρδίας
2684 5323 2988 5394 διηγεῖσθαι
3014 5324 3093 5400 τῷ
3124 5323 3263 5398 Θεῷ.

243 5389 316 5459 (2»
347 5386 520 5441 Αὐτοῦ
559 5389 861 5513 συντίίψει.
1214 5459 1225 5473 '
1404 5458 1417 5477 ν
1914 5324 1970 5527 ἓϐ
2031 5391 2118 5483 ξΕν
2153 5390 2292 5445 ἐλέει
2321 5392 2578 5457 ἐπαίνους
2612 5409 2715 5462 σοι,
2744 5404 2849 5453 etc.

240 5461 316 5527 (5)
345 5458 408 5511 Ν.
440 5458 530 5521 52,
556 5458 626 5512 55
708 5458 761 5514 4.
800 5460 916 5523 Είς.
953 5468 1086 5525 etc.,
1123 5460 1318 5527 ἀγαγω
1359 5458 1541 5523 αυτόν,
1575 5457 1746 5514 addu-
1940 5462 1996 5527 7)
2053 5461 2324 5527 Ηλεήθην.

243 5389 316 5462 (ἓν
347 5389 520 5462 ἂύἶοῧ
557 5389 861 5462 Ξὲντρέψεέτ
1135 5460 1145 5462 μ
1216 5459 1225 5462 ,
1404 5458 1416 5462 ,
1476 5458 1487 5462 ,
1625 5457 1675 5462 __
1915 5389 1993 5462 (6)
2031 5391 2118 5462 Ἐν
2153 5390 2292 5462 ἐλέει
2321 5389 2578 5457 ἐπαίνοὺς
2612 5409 2715 5462 σοι,
2744 5389 2849 5453 etc.

240 5457 408 5541 (5).N.
440 5458 530 5521 52,
556 5458 626 5512 55
672 5457 774 5514 5-4.
800 5460 916 5523 Είς.
953 5468 1086 5525 etc.,
1123 5459 1318 5529 ἀγάγω
1359 5458 1541 5523 αὐτόν,
1575 5457 1735 5514 addu-

1914 5457 1996 5548 (Zi
2033 5461 2324 5548 ἰέίλεῄθηγ·

166 5529 303 5586 οδω
328 5530 528 5597 ipsum.

240 5600 419 5673 (4U!
449 5596 537 5673 δξά
575 5596 677 5673 τῗις
709 5599 1083 5673 Ριξὶιναδάρεως
1110 5616 1261 5673 περτρ
1299 5597 1735 5673 θὲεοεὲρμηνεύε-

1919 5529 1997 5673 (8)
2033 5529 2211 5599 Κατᾶ,
2246 5529 2377 5603 etc.,
2412 5533 2569 5591 deest
2587 5532 2710 5588 καί.

1943 5601 1998 5673 9)
2029 5602 2166 5673 Θεῳ.

240 5600 419 5674 (4U!
449 5597 537 5674 δεά
575 5597 677 5674 τῗις
709 5599 1083 5674 κινναβάρεως
1110 5616 1261 5674 περτε
1299 5597 1744 5674 θὲε-εὲρμηνξύε-
1922 5597 1998 5673 (9)
2029 5602 2166 5674 Θείρ-

170 5688 199 5723 τ
226 5666 279 5724 ιε.
298 5666 538 5737 ’Ψαλμδς
563 5667 665 5737 τῆς
694 5668 838 5740 ῲδῆς
858 5666 1058 5741 εἰς’τὴν
1086 5666 1393 5726 συντέλειάν
1420 5666 1566 5722 ἐστιν
1580 5666 1740 5739 ἐίρη-

3421 1576 3430 1649 i
