3874 6222
111 325 268 386 1069
1055 335 1143 391 BE
1190 338 1467 399 TlTULlS
1497 342 1946 402 PSALMORUM.
1969 378 2040 388 —
2069 346 2263 403 PSAL.
2301 345 2458 404 XCII.
3246 350 3386 409 1050

187 419 293 498 25..
340 446 424 496 Ἐν
453 450 573 508 ταῖς
609 445 798 510 αὐλαῖς
826 444 922 500 τοῦ
947 447 1083 503 Θεοῦ
1120 452 1278 522 ἡμῶν
1299 453 1701 526 ὲξανθήσουσιν.

1354 454 1701 526 ξανθήσουσιν.
1735 466 1782 522 Α
1877 459 1967 514 25.
2000 457 2058 513 In
2087 459 2240 515 atriis
2273 459 2366 514 Dei
2397 461 2573 516 nostri
2597 461 2884 518 ﬂorebunt.

182 537 287 591 26.
328 537 446 589 Ἔτι
479 535 943 610 πληθυνθήσονται
978 543 1035 594 ὲν
1069 543 1216 614 γήρᾳ
1247 547 1408 599 πίονι.

1878 549 1967 604 26.
2002 551 2192 604 Adhuc
2228 551 2736 621 multiplicabuntur
2760 553 2816 607 in
2846 560 3063 609 senecta
3099 553 3285 610 uberi:

185 626 289 679 27.
323 628 432 680 Καὶ
460 627 826 692 εὐπαθοῦντες
856 629 1071 685 ἔσονται
1099 633 1176 704 (α)
1201 635 1296 688 τοῦ
1325 639 1667 706 ἀναγγεῖλαι⁸

1642 657 1667 689 πο
1878 641 1969 693 27.
2003 640 2067 692 Et
2095 641 2230 694 bene
2261 642 2524 709 patientes
2547 651 2708 697 erunt
2734 653 2792 698 ut
2823 645 3172 700 annuntient:

186 717 289 771 28.
324 718 443 770 Ὅτι
477 718 638 782 εὐθὺς
673 719 878 790 Κύριος
904 721 931 773 6
960 722 1092 788 Θεὸς
1113 725 1300 796 ἡμῶν·

1879 730 1967 784 28.
2008 731 2277 796 Quoniam
2305 740 2488 786 rectus
2520 733 2784 788 Dominus
2817 731 2957 789 Deus
2986 744 3172 792 noster
3199 753 3213 801 ;

189 807 289 860 29.
329 809 438 860 Καὶ
470 809 568 862 οῦκ
595 808 741 862 ἐστιν
769 811 954 866 ἀδικία
985 815 1044 866 ὲν
1073 817 1241 887 αὐτῷ.

1879 819 1968 874 29.
2003 819 2068 874 Et
2101 835 2208 875 non
2239 830 2323 876 est
2350 822 2612 892 iniquitas
2639 825 2693 877 in
2722 839 2807 880 eo.

192 915 385 986 Αἶνος
417 919 577 988 ᾠδῆς
615 921 695 986 τῷ
718 924 916 989 Δαϐὶὸ,
962 930 1049 992 είς
1101 929 1219 996 τὴν
1265 931 1496 1000 ἡμέραν
1537 935 1646 990 τοῦ

1830 926 1975 984 Laus
2005 930 2203 982 cantici
2235 930 2425 997 David,
2460 934 2511 985 in
2544 934 2628 986 die
2651 947 2772 987 ante
2802 934 3117 1003 Sabbatum,
3148 939 3355 1009 quando

313 1013 754 1081 προσαϐϐάτου,
787 1016 886 1072 ὅτε
911 1018 1244 1082 κατῴκιστο
1268 1023 1306 1090 ἠ
1331 1021 1406 1092 γῆ
1439 1023 1536 1093 (b).

2071 1021 2295 1090 fundata
2325 1032 2400 1075 est
2443 1031 2604 1080 terra.
2628 1025 2895 1085 PSALM.
2927 1029 3111 1086 XCII.

733 1109 964 1164 ΨΑΑΜ.
997 1107 1117 1175 uel.

193 1193 253 1246 ι,
293 1192 500 1265 Κύριος
527 1194 901 1264 ἐϐασίλευσεν,
934 1198 1272 1269 εὐπρέπειαν
1297 1201 1604 1256 ἐνεδύσατο,
1886 1191 1936 1245 1.
1973 1190 2240 1250 Dominus
2269 1198 2535 1266 regnavit,
2566 1199 2817 1254 decorem
2846 1201 3067 1257 indutus
3082 1212 3198 1258 est:

191 1283 250 1338 2.
296 1285 612 1339 Ἐνεδῦσατο
640 1288 845 1358 Κύριος
872 1287 1122 1360 δύναμιν,
1155 1293 1250 1344 καὶ
1280 1291 1672 1363 περιεζώσατο.

1881 1282 1936 1336 2.
1991 1282 2220 1340 lndutus
2267 1297 2352 1341 est
2397 1288 2659 1346 Dominus
2705 1291 3100 1362 fortitudinem,
3152 1304 3207 1350 et
3243 1312 3381 1364 pra:-

1810 1371 1982 1424 cinxit
2012 1388 2088 1426 se.

194 1459 252 1514 3.
288 1459 402 1512 Καὶ
431 1459 540 1532 γὰρ
573 1462 871 1533 ὲστερέωσε
915 1465 1018 1534 τὴν
1066 1466 1414 1536 οἰκουμένην,
1471 1468 1594 1539 ἥτις
1644 1468 1708 1525 οὐ

1875 1463 1927 1516 5.
1967 1462 2180 1519 Etenim
2216 1469 2456 1524 ﬁrmavit
2499 1472 2685 1528 orbem
2737 1483 2917 1542 terrae,
2948 1477 3042 1548 qui
3079 1493 3185 1533 non
3224 1493 3377 1534 com-

121 1551 550 1621 σαλευθήσεται.

1809 1554 2133 1608 movebitur.

193 1638 251 1693 4.
292 1639 549 1710 Ἕτοιμος
570 1642 600 1692 6
633 1641 819 1712 θρόνος
841 1659 933 1696 σου
967 1643 1076 1698 ἀπὸ
1097 1645 1250 1699 τότε·

1879 1642 1934 1694 4.
1971 1642 2164 1698 Parata
2200 1660 2356 1704 seaes
2393 1658 2483 1705 tua
2512 1667 2580 1706 ex
2618 1661 2751 1710 tunc
2782 1673 2795 1708 :

193 1730 250 1784 5.
298 1730 432 1782 Ἀπὸ
463 1730 556 1783 τοῦ
583 1731 778 1795 αἰῶνος
817 1733 882 1786 σὺ
918 1729 988 1786 εἴ.

918 1729 988 1786 εἴ.
1879 1731 1930 1785 5.
1968 1734 2009 1784 Α
2040 1737 2239 1791 sarculo
2278 1751 2333 1793 tu
2364 1756 2443 1797 es.

194 1819 253 1876 6.
295 1822 537 1893 Ἐπῆραν
561 1825 609 1876 οἱ
639 1825 892 1894 ποταμοὶ,
931 1825 1103 1895 Κύριε
1124 1843 1138 1857 ⁶

1738 1811 1779 1866 Β
1876 1821 1928 1875 6.
1960 1823 2590 1900 Elevaveruntﬂumina,
2620 1836 2883 1905 Domine;

194 1912 252 1968 ’1.
293 1914 539 1983 Ἐπῆραν
560 1915 610 1969 οί
635 1917 870 1984 ποταμοὶ
899 1917 1082 1984 φωνὰς
1114 1917 1314 1973 αὐτῶν.

1882 1913 1934 1967 7.
1968 1914 2330 1975 Elevaverunt
2361 1923 2584 1983 ﬂumina
2617 1944 2776 1985 voces
2806 1946 2952 1986 suas.

191 2003 250 2060 8.
294 2005 546 2076 Ἀροῦσιν
576 2007 628 2060 οι
648 2007 883 2076 ποταμοὶ
907 2008 1214 2081 ὲπιτρίψεις
1233 2007 1417 2068 αὐτῶν
1439 2027 1456 2046 ο

1451 2028 1456 2045 .
1880 2001 1935 2058 8.
1967 2002 2333 2068 Elevaverunt
2359 2013 2586 2074 ﬂumina
2602 2018 2801 2076 ﬂuctus
2817 2035 2947 2077 suos
2967 2062 2981 2077 .

193 2161 273 2235 (α)
307 2161 465 2235 fers.
497 2165 588 2220 28.
625 2165 731 2218 Τοῦ
761 2166 1080 2235 ἀναγγεῖλαι
1117 2167 1220 2234 ὅτι,
1251 2175 1360 2226 etc.
1453 2173 1478 2191 ⁴

191 2233 271 2304 μ»)
299 2233 432 2289 Siue
457 2237 617 2292 titulo
644 2237 789 2306 apud
821 2233 1098 2292 Hebraeos.

1255 2409 1629 2471 ATHANASII
1668 2415 2254 2474 lNTERPRETATIO.

186 2564 282 2620 25.
321 2568 624 2633 Διαπαντὸς
655 2569 1024 2642 ἐκλάμψουσιν
1054 2573 1133 2636 είς
1156 2574 1256 2640 τὰς
1284 2575 1530 2644 αἰωνίους
1560 2579 1700 2634 ἀνασ-

1872 2576 1964 2632 25.
2003 2573 2229 2644 Semper
2255 2570 2585 2642 edulgebunt
2610 2572 2666 2624 in
2695 2570 2914 2625 aeternis
2945 2567 3243 2638 refrigeriis

119 2656 379 2711 παύσεις.

185 2675 379 2720 ιυσεις.

185 2746 280 2802 26.
314 2749 414 2811 Εἰς
440 2749 830 2824 ἀτελευτήτους
855 2753 1058 2816 αἰῶνας
1088 2754 1454 2825 διαμενοῦσιν.

1451 2798 1454 2807 .
1874 2751 1962 2806 £6.
1997 2749 2052 2803 In
2086 2749 2296 2803 inﬁnita
2331 2749 2530 2804 saacula
2566 2747 2981 2820 permanebunt.

184 2837 277 2894 27.
306 2839 674 2912 Εὑθηνοῦντες
699 2845 759 2896 ὲν
808 2845 1031 2914 ἀγαθοῖς
1074 2845 1286 2900 ἔσονται
1311 2889 1325 2914 ,
1355 2849 1451 2902 τοῦ
1477 2848 1701 2914 ψάλλειν

1871 2839 1963 2894 27.
2023 2839 2165 2894 Bene
2219 2848 2439 2907 agentes
2482 2847 2644 2896 erunt
2689 2840 2745 2896 in
2792 2839 2990 2905 bonis,
3037 2845 3097 2891 ut
3141 2833 3371 2909 psallam

130 2925 194 2988 τῷ
217 2927 365 2988 Θεῷ.

1802 2931 1932 2988 Deo.

130 2959 148 2980 υ
217 2944 365 2982 υεω.

119 2944 279 3083 ρῳεε,
309 2985 400 3075 ἐξ).
443 3020 668 3092 uinea;
703 3021 906 3094 Κύριος
963 3025 992 3076 ὁ
1019 3023 1148 3088 Θεὸς
1199 3023 1376 3094 ἡμῶν,
1428 3024 1649 3080 utaris:

1840 2944 1933 2988 leo.

1869 3022 1958 3087 28,
1989 3023 2078 3079 29.
2117 3023 2294 3081 Verax
2343 3023 2608 3080 Dominus
2648 3022 2790 3078 Deus
2822 3029 3026 3084 noster,
3079 3027 3132 3072 et
3161 3017 3370 3073 nullum

119 3110 316 3178 ψεῦδος
353 3113 501 3184 παρά
530 3112 606 3184 τῷ
628 3113 768 3184 Θεῷ.

1801 3117 2147 3171 mendacium
2183 3117 2237 3172 in
2282 3117 2392 3171 Deo
2419 3124 2523 3171 est.

198 3223 266 3278 Ἦ
302 3225 636 3298 προκειμένη
669 3228 945 3299 ἐπιγραφὴ
985 3229 1230 3300 περιέχει
1255 3229 1358 3300 (1)·
1389 3227 1566 3297 Αἶνος
1603 3229 1763 3299 ᾠδῆς
1802 3228 1883 3294 τῷ
1912 3231 2110 3295 Δαϐὶδ,
2149 3231 2256 3304 [εὶς
2287 3231 2403 3298 τὴν
2431 3229 2659 3300 ἡμέραν
2686 3227 2792 3282 τοῦ
2821 3223 3252 3295 προσαϐϐἁτου,
3277 3220 3376 3275 ὅτε

121 3312 478 3384 κατῴκιστο]
506 3316 910 3385 ἀνεπίγραφος
931 3319 1064 3385 παρ’
1096 3318 1403 3386 Ἑϐραίοις.
1420 3319 1591 3374 Τοῦτο
1617 3318 1672 3371 δὲ
1702 3318 1776 3387 (2)
1804 3318 1986 3387 λέγει·
2012 3316 2159 3383 αἶνος
2186 3320 2260 3388 τῇ
2289 3320 2458 3390 χειρὶ,
2485 3319 2728 3371 τουτέστι
2753 3314 2832 3382 τῷ
2861 3314 2966 3380 Υίῷ
2998 3315 3257 3385 ψαλμός,
3281 3314 3376 3366 καὶ

121 3399 206 3457 ῖτό
224 3422 238 3436 ·
266 3408 362 3472 είς
384 3405 499 3474 τὴν
524 3407 753 3476 ἡμέραν
777 3407 884 3460 τοῦ
910 3409 1350 3475 προσαϐϐάτου,
1379 3410 1478 3463 ὅτε
1499 3407 1874 3481 κατῴκιστο],
1908 3411 1990 3462 ὅτι
2013 3411 2286 3480 βασιλεύει
2309 3412 2396 3464 διὰ
2421 3410 2519 3478 τῆς
2543 3409 2776 3469 πίστεως
2808 3406 2900 3459 ἐπὶ
2928 3406 3103 3458 πάντα
3132 3405 3200 3458 τὰ
3225 3403 3372 3473 ἔθνη.

134 3497 428 3570 Ἐπειδὴῶ
457 3501 508 3553 οἰ
550 3500 786 3571 Ἑϐραῖοι
832 3501 932 3555 οὐκ
960 3501 1209 3566 ἐδέξαντο
1237 3503 1336 3573 τὴν
1378 3503 1653 3573 βασιλείαν
1687 3504 1782 3556 τοῦ
1822 3503 1981 3569 Θεοῦ,
2036 3505 2123 3557 διὰ
2156 3504 2313 3558 τοῦτο
2370 3505 2774 3574 ἐπιγέγραπται
2812 3501 3213 3569 ἀνεπίγραφος
3244 3513 3376 3568 παρ’

133 3590 429 3665 Ἑϐραίοις,
455 3592 656 3648 ὡσανεὶ
680 3594 740 3646 οὐ
770 3593 1083 3666 γέγραπται
1111 3598 1231 3660 ταῖς
1271 3596 1348 3668 (ὅ)
1386 3597 1633 3667 καρδίαις
1667 3597 1867 3662 αὐτῶν,
1907 3599 2035 3668 περὶ
2067 3590 2126 3650 οὗ
2157 3597 2462 3668 διαγορεύει
2488 3600 2515 3650 6
2553 3596 2782 3666 ψαλμός.

188 3710 412 3767 Titulus
447 3713 772 3783 praepositus
807 3714 1089 3769 continet:
1124 3714 1268 3768 Laus
1310 3718 1508 3769 cantici
1545 3716 1717 3769 David
1751 3716 1937 3788 [indie
1968 3725 2090 3768 ante
2127 3714 2440 3780 Sabbatum,
2467 3714 2675 3784 quando
2699 3713 2923 3780 fundata
2949 3723 3025 3766 est
3060 3711 3224 3781 terra]
3263 3713 3374 3765 sine

127 3804 277 3858 titulo
301 3807 446 3872 apud
474 3804 739 3858 Hebrceos.
771 3803 885 3860 Hoc
919 3815 1102 3861 autem
1130 3807 1436 3876 signiﬁcat:
1467 3809 1584 3863 laus
1613 3826 1771 3861 manu
1802 3810 2022 3878 potenti,
2049 3809 2153 3862 hoc
2177 3818 2278 3874 est,
2310 3807 2557 3861 Psalmus
2593 3806 2688 3859 Dei
2716 3805 2880 3868 Filio,
2911 3813 2963 3857 et
2994 3803 3178 3874 [illudz
3211 3804 3262 3854 in
3288 3803 3373 3857 die

125 3911 242 3955 ante
283 3899 601 3968 Sabbatum,
633 3902 843 3971 quando
869 3903 1096 3971 fundata
1128 3914 1204 3957 est
1240 3903 1430 3975 terra,]
1462 3907 1589 3974 quia
1620 3921 1712 3974 per
1741 3906 1900 3958 (idem
1948 3913 2138 3974 regnat
2189 3919 2353 3972 super
2389 3917 2578 3956 omnes
2625 3911 2828 3970 gentes.
2871 3899 3136 3964 Quoniam
3189 3907 3368 3953 autem

127 3995 335 4054 llebrazi
371 4015 477 4053 non
509 4008 865 4068 susceperunt
894 4016 1121 4069 regnum
1156 4000 1273 4063 Dei,
1304 4002 1425 4055 ideo
1468 4002 1786 4055 inscribitur
1829 4003 1942 4054 sine
2003 3999 2160 4054 titulo
2213 4016 2308 4054 seu
2380 3998 2724 4065 inscriptione
2754 3996 2888 4062 apud
2931 3994 3201 4056 llcbratos,
3253 4005 3371 4047 tan-

126 4107 284 4160 quam
315 4093 360 4146 si
385 4093 607 4154 diceret,
640 4093 783 4161 quod
830 4093 1124 4163 inscriptus
1164 4112 1269 4150 non
1313 4108 1397 4150 est
1449 4097 1501 4150 in
1530 4096 1789 4150 cordibus
1821 4111 2012 4148 eorum
2045 4095 2152 4158 ille,
2195 4094 2262 4148 de
2295 4108 2406 4163 quo
2447 4091 2688 4159 loquitur
2719 4090 2979 4158 psalmus.

193 4185 244 4238 1.
287 4184 664 4238 Ἐϐασίλευσεν
693 4185 766 4251 (4)
797 4183 888 4236 ἐπὶ
911 4185 1034 4248 τοὺς
1063 4186 1344 4256 οὐρανοὺς,
1380 4187 1474 4239 καὶ
1499 4186 1590 4239 τὸν
1612 4204 1700 4238 πι-

1875 4185 1926 4237 1.
1978 4184 2243 4254 Regnavit
2292 4197 2456 4250 super
2505 4179 2708 4242 caelos,
2768 4178 3062 4245 et,lidclcm
3110 4177 3366 4246 populum

128 4273 246 4326 στὸν
276 4274 408 4327 λαὸν
434 4275 860 4345 περιεποιήσατο
880 4273 969 4326 διὰ
999 4274 1093 4327 τοῦ
1123 4277 1352 4344 αἵματος
1373 4275 1556 4328 αὑτοῦ.

1009 4274 1093 4327 τοῦ
1123 4277 1352 4344 αἵματος
1373 4275 1556 4328 αὑτοῦ.
1800 4279 2091 4347 acquisivit
2122 4277 2388 4344 sanguine
2423 4289 2539 4328 suo.

191 4364 246 4417 2.
299 4363 554 4434 Ἐξῆλθεν
578 4366 656 4426 είς
685 4363 919 4434 πόλεμον
959 4364 1101 4417 κατὰ
1128 4366 1221 4418 τοῦ
1249 4366 1516 4420 διαϐόλου.

1468 4384 1516 4420 υ.
1869 4371 1922 4422 2.
1957 4368 2137 4422 Exivit
2165 4369 2217 4420 in
2251 4366 2448 4420 bellum
2480 4373 2667 4419 contra
2703 4363 2998 4417 diabolum.

191 4454 244 4508 5.
297 4456 449 4507 Ἐστε
461 4456 631 4524 ρέωσε
651 4455 749 4525 τὴν
779 4456 1104 4527 Ἐκκλησίαν
1125 4459 1182 4508 ὲν
1207 4459 1272 4527 τῇ
1305 4457 1482 4510 πίστει
1511 4458 1696 4520 αὑτοῦ,

1873 4463 1926 4514 5.
1954 4460 2220 4512 Firmavit
2251 4457 2546 4512 Ecclesium
2572 4457 2623 4508 in
2659 4455 2760 4508 [ide
2790 4470 2908 4519 sua,
2934 4452 2999 4508 Et
3028 4463 3191 4524 portae
3213 4453 3369 4523 infert

127 4547 230 4600 Καὶ
261 4549 451 4600 πύλαι
481 4547 629 4614 ᾅδου
655 4551 726 4601 οὐ
757 4549 1244 4618 κατισχύσουσιν
1275 4547 1482 4616 αὐτῆς.

1275 4547 1482 4616 αὐτῆς.
1801 4568 1902 4604 non
1927 4548 2279 4617 prava/ebant
2312 4548 2558 4599 adversus
2581 4562 2695 4597 eam
2717 4544 2777 4596 ‘9.

192 4640 245 4694 4.
293 4639 406 4692 Ἀεὶ
431 4640 678 4710 ὑπῆρχεν
711 4640 744 4710 ἡ
787 4639 1034 4708 βασιλεία
1069 4656 1180 4692 σου.

1870 4643 1924 4698 4.
1963 4642 2188 4710 Semper
2219 4639 2424 4693 exstitit
2458 4653 2680 4705 regnum
2705 4647 2878 4691 tuum.

194 4729 244 4784 5.
289 4731 350 4783 '0
380 4729 565 4797 ὀφθεὶς
599 4729 691 4780 ἐπὶ
711 4730 809 4800 τῆς
844 4730 967 4800 γῆς.

1872 4735 1924 4789 5.
1959 4733 2060 4799 Qui
2096 4733 2248 4786 visus
2270 4740 2352 4784 est
2381 4746 2544 4798 super
2585 4739 2801 4782 terram.

193 4821 244 4875 6.
275 4824 340 4874 Oi.
376 4821 754 4889 εὐαγγελισταὶ
779 4820 840 4872 τὸ
867 4823 1127 4892 κήρυγμα
1152 4821 1348 4873 αυτῶν.

1871 4827 1924 4878 6.
1961 4825 2235 4894 Evangelii
2273 4837 2549 4892 praecones
2577 4819 3014 4889 praedicationem
3050 4833 3223 4872 suam.

194 4911 245 4965 7.
287 4912 602 4980 Ἀνύψωσαν
649 4911 858 4984 μεγάλῃ
899 4915 965 4984 τῇ
1003 4916 1152 4984 φωνῇ
1204 4911 1342 4982 μετὰ
1384 4911 1694 4983 παῤῥησίας

1874 4914 1924 4967 7.
1961 4916 2350 4969 Exaltaverunt
2383 4928 2575 4981 magna
2607 4926 2737 4964 voce
2765 4926 2887 4965 cum
2933 4908 3127 4962 ﬁducia
3176 4908 3367 4978 praedi-

130 5001 186 5056 τὸ
208 5006 468 5076 κήρυγμα
491 5005 691 5058 αὐτῶν.

1795 5006 2062 5060 cntionem
2100 5023 2275 5061 suam.

196 5096 246 5150 8.
289 5097 746 5166 Ἀποχωοίσουσιν
777 5097 826 5149 οἱ
855 5096 1238 5166 εὐαγγελισταὶ
1258 5095 1356 5156 τὰς
1386 5095 1590 5147 ἑαυτῶν
1619 5095 1688 5146 δι-

1868 5096 1920 5148 8.
1955 5096 2292 5166 Separabunt
2323 5096 2600 5150 doctrinas
2630 5110 2759 5148 suas
2802 5093 3074 5162 Evangelii
3109 5091 3362 5150 praedira:

127 5184 434 5252 δατκαλίας,

1804 5196 1969 5251 tores,

197 5306 240 5338 ¹³
267 5305 456 5363 Matth.
508 5319 618 5366 xvt,
647 5301 735 5356 18.

1067 5416 1374 5479 Addenda
1407 5425 1468 5479 et
1500 5419 1873 5498 corrigenda
1916 5437 1994 5479 ex
2045 5418 2184 5479 cod.
2225 5416 2418 5479 Vatic.

194 5573 265 5712 ξι)
307 5576 370 5628 'H
394 5575 481 5630 διὰ
511 5575 611 5644 τῆς
633 5573 1001 5662 κινναϐάρεως
1028 5588 1152 5656 περ.
1199 5638 1226 5652 η
1398 5639 1423 5651 η
1721 5568 1770 5628 Ι)
1796 5569 1942 5653 λέγει
1979 5571 2005 5622 ὁ
2032 5569 2263 5651 ςκαλμὸς,
2295 5570 2388 5622 καὶ
2411 5569 2492 5620 ὅτι
2518 5567 2662 5636 βασ..
2687 5575 2798 5652 etc.

218 5644 270 5710 2)
297 5646 464 5699 Τοῦτο
485 5643 576 5698 οὖν
604 5645 750 5712 λέγει
773 5661 788 5676 ο
813 5646 969 5703 Αινος
995 5641 1138 5712 ῲοης
1158 5658 1235 5710 τῳ
1265 5642 1434 5712 ίκανῳ
1454 5641 1519 5710 τῇ
1546 5641 1690 5712 χειρ)¹
1871 5645 1944 5712 (ot
1980 5639 2492 5712 0112727765ququ
2520 5641 2575 5689 ὲν
2619 5652 2759 5697 ταις,
2797 5671 2798 5674 η

218 5644 270 5710 2)
297 5646 464 5699 Τοῦτο
485 5639 577 5698 οὖν
604 5645 750 5712 λέγει
773 5661 788 5676 ο
813 5639 969 5703 Αἶνος
995 5639 1138 5712 ᾠδῆς
1158 5639 1235 5710 τῷ
1265 5639 1434 5712 ἱκανῷ
1454 5641 1519 5710 τῇ
1546 5641 1690 5712 χειρ)¹
1871 5640 1944 5712 (.3)
1980 5639 2492 5712 0132727765790:qu
2520 5641 2575 5689 ὲν
2619 5639 2759 5697 ταῖς,
2797 5646 2902 5690 etc.

130 5726 178 5764 τ.
207 5708 263 5767 τ.
287 5717 350 5772 Υ.
379 5716 474 5769 τοῦ
501 5714 634 5772 Θεοῦ
659 5708 688 5745 ί
717 5715 843 5784 περὶ
889 5708 1021 5782 γὰρ’
1046 5711 1146 5779 τῆς
1190 5708 1686 5780 παρουσίαςξαύτοῦ
1870 5711 1942 5778 (ti)
1990 5709 2046 5761 Ὀ
2077 5709 2277 5778 Κύριος
2295 5708 2667 5770 ἐϐασίλευσεν,
2695 5715 2799 5759 etc.
