3874 6222
483 328 618 385 1051
1369 333 1425 389 S.
1470 332 1841 391 ATHANASII
1882 337 2031 394 OPP.
2075 340 2258 397 PARS
2299 343 2387 400 IlI.
2428 374 2498 386 —-
2538 343 2951 400 EXEGETICA.
3608 346 3757 405 1οίιῖ

550 447 602 501 9.
630 446 675 499 Α
704 448 927 503 vocibus
960 465 1226 518 aquarum
1264 453 1589 508 multarum.

2086 469 2133 523 Α
2235 465 2286 519 9.
2332 466 2464 519 Ἀπὸ
2486 466 2680 535 φωνῶν
2707 466 2916 520 ὑδάτων
2946 465 3173 519 πολλῶν.

552 540 641 594 10.
678 540 953 597 Mirabiles
983 542 1248 597 elationes
1278 546 1481 601 maris:

2236 558 2320 613 10.
2353 558 2671 629 Θαυμαστοὶ
2699 562 2747 613 oi
2778 560 3144 630 μετεωρισμοὶ
3177 559 3278 628 τῆς
3304 560 3584 632 θαλάσσης
3609 578 3623 592 ⁸

547 632 634 686 11.
670 632 936 689 Mirabilis
973 637 1027 691 in
1058 639 1182 693 altis
1212 638 1497 695 Dominus.

2234 649 2320 703 11.
2354 650 2680 720 Θαυμαστὸς
2707 652 2763 703 ὲν
2792 650 3013 720 ὑψηλοῖς
3042 651 3070 701 6
3104 650 3323 722 Κύριος.

552 724 640 779 12.
685 724 1018 782 Testimonia
1059 739 1148 784 tua
1190 733 1466 785 credibilia
1504 732 1644 787 facta
1677 744 1802 787 sunt
1842 736 2049 790 nimis:

2037 756 2049 790 :
2234 740 2321 793 12.
2357 740 2439 792 Τὰ
2474 741 2751 813 μαρτύριά
2783 758 2875 793 σου
2910 740 3285 813 ἐπιστώθησαν
3319 742 3523 812 σφόδρα
3547 759 3562 772 °

547 817 635 870 13.
669 815 901 871 Domum
940 828 1083 873 luam
1135 823 1288 877 decet
1335 824 1666 891 sanctitudo,
1710 824 1957 893 Domine,
2001 829 2052 881 iu

2227 834 2315 887 15.
2351 834 2441 904 Τῷ
2466 836 2599 905 οἴκῳ
2634 852 2726 887 σου
2750 834 2949 906 πρέπει
2984 835 3250 904 ἁγίασμα,
3274 833 3467 904 Κύριε,
3521 836 3605 897 είς
3650 853 3753 902 μα-

474 902 868 975 Ιοηεὶιυιιὶηρηι
906 911 1143 966 dierum.
2158 902 2676 996 xpétntarﬂpEptLV.

546 1017 796 1073 Psalmus
838 1021 1006 1075 David
1029 1034 1221 1092 quarta
1248 1024 1491 1080 Sabbati.
1520 1024 1720 1080 PSAL.
1760 1026 1982 1082 XCIII.

2341 1016 2590 1086 Ψαλμός
2629 1015 2708 1082 τῷ
2958 1014 3190 1151 «ﬁgam
3235 1014 3559 1069 Σαϐϐάτου.

547 1174 597 1227 1.
631 1174 770 1230 Deus
798 1176 1064 1231 ultionum
1095 1178 1376 1243 Dominus,
1404 1179 1549 1235 Deus
1578 1181 1849 1235 ultionum
1882 1181 2053 1235 libere

2230 1177 2281 1230 1.
2318 1176 2451 1241 Θεὸς
2480 1177 2812 1249 ὲκδικήσεων
2856 1177 3061 1249 Κύριος
3082 1217 3097 1243 ,
3127 1176 3259 1240 Θεὸς
3296 1178 3373 1247 (α)
3401 1178 3753 1249 ἐκδικήσεων

476 1264 607 1332 egit.

2155 1267 2625 1339 ἐπαρρησιάσατο.

502 1370 505 1377 ·
544 1355 599 1407 ‘2.
637 1354 909 1418 Exaltare,
940 1359 1031 1424 qui
1066 1358 1278 1427 judiras
1305 1370 1505 1413 terram
1539 1380 1551 1414 :

2227 1357 2280 1410 2.
2325 1356 2616 1428 ’Υψὼθητι,
2642 1360 2670 1412 6
2696 1358 2895 1428 κρίνων
2920 1360 3018 1428 τὴν
3046 1359 3148 1428 γῆν
3168 1376 3182 1390 ’

543 1444 598 1499 5.
632 1444 818 1499 Redde
850 1450 1260 1502 retributionem
1295 1452 1566 1517 superbis.

2229 1446 2282 1500 3.
2328 1447 2550 1509 Ἀπόδος
2576 1447 2929 1501 ἀνταπόδοσιν
2959 1450 3069 1510 τοῖς
3094 1448 3481 1519 ὑπερηφανοις.

540 1537 595 1590 4.
636 1534 932 1607 Usquoquo
971 1551 1307 1609 peccatores,
1337 1540 1609 1595 Domine?

2229 1533 2281 1586 4.
2315 1535 2463 1597 Ἕως
2496 1534 2625 1586 πότε
2660 1534 2997 1606 ἁμαρτωλοὶ,
3030 1537 3232 1608 Κύριε;

547 1625 601 1679 5.
644 1625 938 1697 Usquequo
971 1640 1281 1698 pi'ccatores
1312 1632 1727 1700 gloriabuntur?

2225 1622 2277 1677 5.
2310 1624 2457 1685 Ἕως
2495 1624 2625 1676 πότε
2656 1624 2972 1695 ἁμαρτωλοὶ
3014 1626 3410 1695 καυχήσονται;

542 1715 597 1770 6.
638 1717 955 1773 Eﬂ'abuntur
985 1731 1036 1773 et
1066 1722 1356 1792 loquentur
1384 1724 1723 1791 iniquitatem

2224 1714 2276 1768 6.
2308 1714 2635 1783 Φθέγξονται
2663 1717 2755 1769 καὶ
2784 1716 3105 1787 λαλήσουσιν
3138 1717 3383 1782 ἁδικίαν;

539 1806 595 1861 7.
632 1806 951 1877 Loquentur
982 1827 1192 1876 omnes,
1235 1814 1328 1881 qui
1363 1824 1660 1882 operantur
1701 1813 2040 1881 injustitiam.

2229 1812 2282 1863 7.
2317 1812 2624 1881 Λαλήσουσι
2656 1813 2857 1875 πάντες
2886 1812 2934 1864 οἱ
2968 1810 3324 1881 ἐργαζόμενοι
3354 1809 3451 1881 τὴν
3475 1827 3740 1882 ανομιαν.

540 1896 597 1951 8.
636 1898 897 1968 Populum
937 1913 1111 1966 tuum,
1150 1904 1396 1969 Domine,
1435 1908 1899 1962 liumiliaverunt:

1886 1927 1899 1961 :
2177 1972 2183 1977 _
2225 1902 2277 1955 8.
2315 1902 2418 1954 Τὸν
2456 1903 2584 1955 λαόν
2614 1920 2728 1967 σου,
2759 1902 2955 1975 Κύριε,
2992 1902 3356 1955 ἐταπείνωσαν
3382 1918 3393 1931 ·

537 1988 591 2042 9.
630 1988 692 2043 Et
724 1992 1086 2048 haereditatem
1118 2005 1262 2048 tuam
1294 2007 1641 2052 vexavorunt.

2223 2000 2274 2053 9.
2308 1999 2417 2049 Καὶ
2448 1997 2545 2067 τὴν
2581 1998 2946 2069 κληρονομίαν
2979 2014 3071 2050 σου
3102 1997 3404 2051 ἐκάκωσαν.

543 2077 631 2132 10.
666 2080 921 2150 Viduam,
955 2094 1007 2138 et
1039 2087 1298 2154 pupillum
1332 2089 1717 2142 interfecerunt
1746 2108 1759 2141 :

2228 2088 2314 2141 10.
2348 2091 2536 2160 Χήραν
2566 2090 2660 2142 καὶ
2694 2089 2926 2160 ὀρφανὸν
2956 2090 3281 2142 ἀπέκτειναν
3303 2105 3317 2119 '

543 2213 616 2285 (a)
649 2212 803 2270 Vers.
841 2216 895 2269 2.
934 2216 991 2271 '0
1022 2217 1173 2285 Θεός,
1202 2229 1305 2273 etc.

1589 2328 1965 2384 ATHANASII
2006 2327 2598 2384 INTERPRETATIO.

545 2479 598 2533 9.
631 2480 678 2532 A
718 2480 967 2537 doctrina
1014 2481 1179 2553 hujus
1214 2484 1423 2551 mundi,
1456 2484 1662 2539 scilicet
1705 2500 1734 2538 a
1780 2483 2046 2556 sapientia

2221 2483 2274 2537 9.
2328 2482 2460 2534 Ἀ-πδ
2493 2482 2590 2552 τῆς
2623 2482 2845 2552 διδαχῆς
2890 2484 2989 2553 τῆς
3020 2483 3076 2537 ὲν
3105 2482 3181 2553 τῷ
3229 2482 3450 2554 κόσμῳ,
3484 2483 3738 2537 τουτέστι

465 2571 766 2626 mundana.

2146 2575 2245 2647 τῆς
2278 2576 2467 2643 σοφίας
2488 2575 2587 2643 τῆς
2614 2576 2671 2626 ὲν
2700 2573 2777 2643 τῷ
2810 2574 3017 2645 κόσμῳ.

537 2662 623 2716 10.
656 2663 953 2718 Glorillcati
991 2666 1165 2721 sancti
1208 2666 1261 2721 in
1291 2667 1516 2722 mundo.

2223 2668 2307 2722 10.
2339 2666 2727 2737 Δεδοξασμένοι
2750 2669 2799 2720 οἱ
2823 2669 2967 2735 ἆγιοι
2996 2668 3054 2720 ὲν
3087 2667 3161 2738 τῷ
3182 2668 3371 2739 κόσμῳ

541 2755 626 2808 11.
667 2753 1014 2811 Glorificatus
1046 2757 1099 2811 iu
1136 2759 1337 2813 sanetis
1375 2758 1657 2813 Dominus.

2225 2759 2306 2811 11.
2342 2758 2732 2827 Δεδοξασμένος
2756 2762 2813 2811 ὲν
2838 2763 2949 2821 τοῖς
2974 2760 3148 2825 ἁγίοις
3173 2762 3199 2813 ὀ
3223 2759 3442 2829 Κύριος.

536 2845 617 2899 12.
653 2846 945 2903 Passioues
982 2858 1086 2902 ture
1126 2850 1346 2903 creditae
1370 2860 1497 2903 sunt
1526 2851 1579 2902 in
1616 2849 1838 2904 mundo.

2222 2848 2307 2901 12.
2340 2850 2425 2903 Τὰ
2454 2849 2754 2920 παθήματὰ
2777 2868 2868 2902 σου
2904 2851 3301 2922 ἐπιστεύθησαν
3325 2852 3380 2903 ὲν
3412 2851 3490 2922 τῷ
3513 2852 3729 2922 κόσμῳ.

535 2936 620 2990 15.
670 2936 936 3007 Populum
988 2948 1139 2992 tuum
1188 2940 1342 2993 decet
1390 2940 1561 3009 gratia
1608 2948 1697 2994 tua
1734 2940 1786 2992 in
1830 2939 2038 2993 inﬁnita

2218 2938 2301 2992 15.
2332 2938 2421 3006 Τῷ
2451 2938 2563 3007 λαῷ
2596 2956 2687 2990 σου
2730 2940 2924 3008 πρέπει
2964 2941 2996 3009 ἡ
3030 2940 3189 3011 χάρις
3240 2956 3332 2992 σου
3376 2943 3455 3004 είς
3478 2940 3607 3003 τοὺς
3649 2940 3732 3013 (1)

461 3027 683 3081 smcula.

2148 3028 2538 3097 ἁτελευτήτους
2565 3029 2786 3092 αἰῶνας.

544 3122 607 3173 Ἠ
635 3122 969 3193 προκειμένη
1001 3122 1280 3193 ἐπιγραφὴ
1306 3123 1547 3192 περιέχει
1573 3122 1648 3190 (9.)
1675 3141 1687 3153 ·
1726 3124 1972 3190 Ψαλμὺς
2002 3122 2079 3186 τῷ
2103 3121 2283 3174 Δαϐὶδ
2314 3120 2546 3188 τετράδι
2574 3122 2879 3177 Σαϐϐάτου
2903 3139 2915 3151 ·
2963 3124 3039 3187 ὡς
3073 3125 3332 3189 πολλάκις
3381 3128 3688 3198 εἰρήκαμεν
3714 3145 3729 3157 ·

464 3217 713 3282 Ψαλμὸς
745 3216 846 3288 [τῷ
867 3218 1063 3283 Δαϐὶδ,
1106 3217 1371 3289 τουτέστι]
1401 3216 1478 3283 τῷ
1505 3217 1686 3283 ἱκανῷ
1719 3218 1794 3285 τῇ
1817 3219 1987 3287 χειρὶ.
2016 3219 2263 3271 τουτέστι
2288 3218 2365 3287 τῷ
2390 3217 2501 3287 Υἱῷ
2533 3218 2625 3269 τοῦ
2649 3218 2805 3272 Θεοῦ.
2832 3217 2963 3272 Εἶτα
2994 3220 3225 3288 τετράδι
3248 3221 3570 3285 Σαϐϐἀτου.
3588 3226 3736 3295 ὅπερ

459 3311 629 3384 δηλοῖ,
665 3313 746 3364 ὅτι
782 3312 909 3382 περὶ
938 3313 1199 3382 νηστειῶν
1222 3315 1313 3366 καὶ
1347 3316 1672 3385 ἐγκρατείας
1716 3315 1866 3383 δηλοῖ
1899 3316 1926 3366 6
1976 3313 2190 3383 ψαλμός
2210 3329 2223 3342 σ
2253 3311 2425 3372 οὕτως
2442 3309 2549 3381 γὰρ
2576 3310 2647 3379 (ὅ)
2676 3309 2796 3373 ἔθος
2835 3311 2977 3381 ἔχειν
3010 3312 3107 3383 τὴν
3139 3313 3393 3382 τετράδα.
3432 3316 3539 3369 Τοῦ
3567 3316 3625 3369 δὲ
3653 3314 3739 3386 (4)

460 3406 765 3459 Σαϐϐάτου
798 3404 1069 3475 σημαίνει,
1106 3406 1185 3459 ὅτι
1224 3408 1316 3457 καὶ
1341 3407 1468 3476 περὶ
1501 3406 1602 3475 τῆς
1639 3406 1938 3476 μελλούσης
1966 3407 2201 3477 κρίσεως
2234 3405 2263 3456 6
2284 3400 2494 3471 ψαλμὸς
2521 3400 2736 3471 εἴρηται
2764 3402 2863 3472 (5).
2888 3404 3245 3467 Κατάπαυσις
3276 3404 3383 3477 γὰρ
3414 3407 3474 3459 τὸ
3508 3407 3730 3463 Σάϐϐα-

458 3517 552 3555 τον
582 3499 814 3555 εἴρηται.

533 3518 552 3551 ν
582 3515 628 3551 ει
708 3515 814 3551 ται.

533 3515 754 3641 Τιιιῗίηυε
792 3583 1117 3654 prmpositps
1144 3582 1384 3635 continet
1414 3598 1427 3645 ;
1464 3581 1712 3634 Psalmus
1750 3581 1918 3635 David
1944 3599 2063 3651 quat

2198 3581 2424 3635 iabbati:
2450 3594 2507 3636 ut
2539 3585 2737 3653 smpius
2768 3585 3051 3641 diximus:
3084 3584 3334 3642 Psalmus
3380 3588 3574 3658 David,
3618 3594 3728 3651 hoc

461 3690 565 3737 est.
602 3698 761 3733 manu
785 3680 939 3748 forti,
969 3693 1160 3746 nempe
1201 3675 1293 3729 Dei
1328 3675 1485 3729 Filio.
1530 3675 1733 3730 Deinde
1756 3689 1947 3746 quarta
1988 3677 2231 3739 Sabbati,
2266 3679 2409 3747 quod
2454 3679 2746 3748 signiﬁcat,
2787 3682 3058 3749 psalmum
3089 3698 3249 3751 agere
3272 3685 3337 3739 de
3387 3686 3636 3757 jejuniis,
3674 3704 3729 3747 et

461 3772 826 3835 continentia;
884 3771 953 3822 ita
997 3770 1140 3822 enim
1197 3784 1313 3821 mos
1356 3780 1439 3822 est
1481 3768 1725 3836 accipere
1793 3784 2080 3822 numerum
2133 3770 2567 3838 quaternarium.
2616 3769 2790 3825 Dictio
2834 3783 3015 3827 autem
3078 3775 3167 3828 illa
3204 3772 3427 3829 Sabbati
3480 3780 3722 3847 indicat,

462 3866 606 3937 quod
638 3866 798 3917 etiam
841 3864 904 3916 de
938 3861 1118 3916 futuro
1160 3862 1366 3929 judicio
1401 3861 1639 3930 psalmus
1680 3862 1858 3915 dictus
1887 3872 1988 3915 est.
2031 3863 2326 3916 Sabbatum
2368 3862 2513 3916 enim
2551 3864 2767 3932 requies
2797 3865 3181 3935 interpretatur

536 3960 586 4013 1.
641 3955 962 4023 Uuigenitus
1015 3954 1106 4007 Dei
1158 3952 1346 4013 FllillS.
1400 3955 1617 4023 quando
1667 3956 1817 4009 visus
1853 3964 1936 4008 est
1988 3956 2039 4008 in

2217 3956 2265 4010 1,
2311 3958 2370 4009 Ὁ
2409 3958 2701 4028 μονογενὴς
2718 3958 2844 4023 Υἱὸς
2870 3959 2962 4012 τοῦ
2986 3959 3142 4023 θεοῦ,
3166 3961 3255 4013 ὅτε
3281 3959 3357 4031 (6)
3383 3963 3476 4014 ἐπὶ
3504 3964 3604 4036 τῆς
3618 3968 3730 4036 γῆς

462 4060 628 4114 terra,
650 4059 703 4102 et
737 4063 859 4100 cum
891 4045 1199 4099 hominibus
1229 4056 1581 4100 Conversatus
1620 4054 1702 4100 est
1728 4046 1793 4110 “,
1832 4045 1987 4099 diceb

2194 4048 2294 4120 φθη
2327 4052 2419 4103 καὶ
2450 4054 2560 4113 τοῖς
2584 4050 2894 4122 ἀνθρώποις
2923 4052 3350 4122 συνανεστρὰφη,
3396 4052 3582 4123 ἔλεγεν
3610 4060 3724 4121 τοῖς

461 4140 771 4194 Iudaeorum
814 4136 1181 4191 sacerdotibus
1208 4154 1219 4188 :
1250 4134 1362 4205 Ego
1391 4136 1573 4205 palam
1603 4134 1807 4189 locutus
1836 4152 1953 4190 sum
1981 4136 1991 4188 ὲ

2195 4140 2249 4193 ὒν
2295 4142 2562 4195 Ἰουδαίων
2610 4142 2988 4215 ἀρχιερεῦσιν
3048 4142 3190 4213 Ἐγὼ
3232 4146 3541 4215 παρρησίᾳ
3584 4149 3725 4204 ἑλά-

465 4233 656 4300 templo
686 4232 750 4277 ’⁸.

2138 4233 2308 4299 λησα
2332 4232 2401 4284 ἐν
2423 4230 2502 4296 τῷ
2544 4232 2697 4300 ἱερῷ.

531 4324 586 4378 2.
622 4321 954 4382 Gloriﬁrarc,
981 4318 1083 4373 Fili
1114 4318 1228 4375 Dei.

2209 4322 2265 4375 2.
2302 4322 2620 4391 Δοξάσθητι,
2655 4325 2683 4374 6
2718 4322 2845 4386 Υἱὸς
2875 4323 2968 4375 τοῦ
3002 4322 3159 4379 Θεοῦ.

532 4418 585 4471 3.
621 4416 678 4468 In
720 4414 806 4467 die
836 4412 1048 4482 judicii.

2213 4411 2266 4466 5.
2316 4413 2402 4464 Ἐν
2432 4415 2497 4482 τῇ
2532 4411 2714 4483 ἡμέρᾳ
2738 4413 2837 4482 τῆς
2867 4414 3117 4484 κρίσεως.

533 4507 586 4561 4.
630 4506 1039 4560 Deliciabuutur
1072 4502 1123 4556 in
1154 4502 1397 4555 mundo?

2211 4504 2265 4557 4.
2313 4504 2650 4575 Ἐντρυφῶσι
2673 4504 2751 4574 τῷ
2780 4506 2969 4575 κόσμῳ
2995 4522 3008 4570 ;

534 4601 587 4654 5.
632 4600 685 4652 In
715 4598 996 4666 jactantia.
1035 4606 1087 4651 el
1116 4596 1320 4665 rapinis
1346 4596 1480 4650 suis.

2211 4596 2265 4649 5.
2308 4595 2430 4647 Ἐπὶ
2461 4598 2524 4666 τῇ
2551 4594 2838 4666 ἀλαζονείᾳ
2871 4596 2967 4649 καὶ
2993 4598 3211 4669 ἁρπαγῇ
3252 4597 3452 4653 αὐτῶν.

535 4691 587 4746 6.
621 4690 822 4743 Contra
857 4698 926 4753 te,
971 4686 1218 4741 Domine.

2208 4683 2262 4736 6.
2297 4682 2455 4736 Κατὰ
2494 4684 2609 4748 σοῦ,
2642 4683 2813 4754 Κύριε
2848 4684 2944 4751 (7).

535 4782 587 4836 7.
619 4780 1008 4836 Gloriabuutur
1042 4780 1094 4833 in
1129 4779 1411 4846 jactantiis
1453 4778 1587 4833 suis.

2207 4772 2258 4828 7.
2294 4775 2672 4845 Καυχήσονται
2703 4777 2760 4827 ὲν
2788 4778 2908 4838 ταῖς
2938 4776 3272 4841 ἀλαζονείαις
3298 4778 3500 4834 αὐτῶν.

535 4871 589 4926 8.
622 4871 913 4925 Credentes
952 4870 1006 4923 in
1041 4882 1090 4923 te
1119 4870 1451 4923 occiderunt.

2213 4865 2267 4918 8.
2305 4865 2444 4929 Τοὺς
2472 4867 2823 4930 πιστεύοντας
2850 4870 2929 4929 εἰς
2958 4868 3015 4919 σὲ
3037 4868 3380 4924 ἀπέκτειναν.

535 4964 587 5018 9.
626 4962 855 5017 Sanctos
886 4972 1004 5016 tuos
1036 4962 1087 5015 in
1127 4962 1437 5016 carceribus
1464 4959 1866 5015 concluserunt.

2213 4958 2267 5011 9.
2301 4957 2441 5019 Τοὺς
2475 4957 2661 5025 ἁγίους
2695 4976 2787 5010 σου
2820 4961 2876 5011 ὲν
2903 4958 3167 5027 φυλακαῖς
3201 4960 3578 5018 κατέκλεισαν.

535 5055 623 5110 10.
662 5053 870 5124 Egenos
908 5054 1091 5124 p0puli
1128 5053 1226 5107 tui.

2216 5050 2303 5106 10.
2342 5051 2478 5113 Τοὺς
2512 5051 2756 5121 πτωχοὺς
2789 5050 2881 5104 τοῦ
2910 5052 3038 5105 λαοῦ
3072 5068 3183 5107 σου.

463 5264 490 5321 ³
534 5194 581 5227 ⁸⁵
617 5194 827 5247 Baruch
855 5208 968 5318 aut,
1017 5191 1107 5249 '58.
1215 5193 1257 5225 "
1294 5192 1405 5263 Ego
1450 5190 1632 5262 palam
1666 5191 1872 5245 locutus
1910 5206 2027 5245 sum
2062 5188 2258 5243 mundo
2284 5204 2304 5242 :
2344 5204 2438 5258 ego
2469 5204 2674 5257 semper
2705 5189 2864 5244 docui
2910 5191 2964 5243 in
2999 5198 3370 5259 synagoga,“
3401 5190 3456 5242 in
3504 5193 3718 5260 templo.

498 5282 621 5321 oan.
660 5280 814 5321 xvut.
933 5305 946 5318 .

498 5282 621 5321 oan.
660 5280 814 5328 xw",
855 5280 946 5318 zu.

1415 5356 1725 5420 Addenda
1751 5362 1811 5419 et
1836 5351 2213 5432 corrigenda
2246 5368 2325 5413 ex
2354 5350 2489 5412 cod.
2524 5351 2721 5414 Vatic.

560 5483 613 5550 1)
649 5484 713 5535 Ν.
754 5484 838 5535 14.
873 5485 967 5547 Εἰς
990 5484 1133 5547 τούς,
1161 5492 1265 5539 etc.
2070 5486 2090 5544 1

560 5554 612 5585 οι
656 5554 717 5585 'n
744 5554 827 5585 καὶ.
858 5554 956 5585 '3'“-
984 5554 1349 5585 uun.~ﬁ&.»o..\-
1380 5572 1482 5585 ..ρ-Α

2070 5486 2114 5544 υ
2216 5480 2293 5585 s22
2324 5479 2389 5585 λε)
2418 5477 2631 5585 res
2669 5478 2970 5566 .

1440 5572 1482 5585 ι..
2329 5565 2334 5585 ι
2587 5566 2642 5585 -.-=
2721 5559 2802 5585 ριρ
2915 5548 2970 5585 ΗΑ

651 5554 828 5626 ᾎΗὲδιά
858 5546 957 5626 τῆς
984 5546 1349 5625 κινναϐάρεως
1380 5572 1504 5626 περ.
2216 5550 2293 5626 ςϐ)
2324 5549 2391 5602 Ν.
2423 5546 2476 5602 2.
2517 5546 2667 5626 ἶψτε,
2721 5546 2837 5626 ete.‘
2886 5546 3079 5626 :E‘Aeye
3132 5546 3239 5620 γὰρ
3283 5549 3396 5611 τοῖς
3434 5562 3488 5603 τ.
3558 5546 3622 5605 Ἰ,
3652 5546 3723 5607 ξε.

650 5622 820 5693 Τοῦτο
854 5616 981 5693 γάρ,
1014 5634 1120 5679 etc.
1217 5616 1227 5625 ’
1456 5616 1466 5626 ’

2151 5616 2369 5693 ρεῦσιν.
2390 5628 2495 5693 etc.
2526 5617 2589 5671 N.
2619 5620 2671 5671 5.
2691 5616 3025 5693 Αοξάσθητι,
3051 5628 3152 5672 etc.

550 5687 614 5761 μ)
642 5691 713 5744 Δέ
738 5687 904 5747 deest.
935 5687 944 5693 ’
1342 5698 1349 5709 ’

2151 5687 2160 5692 ⁷
2227 5689 2296 5761 ('7)
2326 5690 2521 5753 Κύριε,
2549 5704 2654 5742 non
2691 5687 2903 5755 legitur.
