3874 6222
149 397 294 455 1053
1095 404 1183 458 ΒΕ
1228 402 1503 461 TITULIS
1542 405 1679 459 PSA‘

1885 402 1990 458 UM.
2022 433 2093 443 --
2124 403 2321 458 PSAL.
2363 400 2546 458 XCIII.
3275 398 3415 458 1Π54

225 519 317 574 11.
344 522 457 575 Καὶ
489 522 824 595 προσήλυτον
854 526 1169 594 ἐφόνευσαν.

1766 534 1812 589 Α
1913 528 1998 581 11.
2028 525 2094 581 Et
2123 529 2384 581 advenam
2412 525 2750 580 occiderunt.

220 612 314 668 12.
355 615 467 668 Καὶ
500 611 651 668 εἶπον
675 633 691 648 ο
725 618 839 670 Ούκ
870 618 1061 687 ὄψεται
1090 620 1292 691 Κύριος
1319 639 1331 650 ·

1910 619 1997 673 12.
2038 618 2101 672 Ει
2130 619 2382 673 dixerunt
2408 637 2420 672 :
2453 616 2572 672 Non
2598 617 2802 672 videbit
2830 615 3091 674 Dominus
3115 632 3131 672 :

224 702 319 759 15.
352 706 490 758 υὺδὲ
514 708 735 779 συνήσει
760 709 788 760 ὀ
815 708 946 773 Θεὸς
972 708 1065 762 τοῦ
1108 709 1322 763 Ἰακώϐ.

1914 710 1998 765 15.
2018 708 2202 776 Neque
2243 710 2501 779 intelliget
2526 708 2667 763 Deus
2692 706 2878 762 Jacob.

220 795 313 849 14.
349 796 546 851 Σύνετε
566 799 651 870 δὴ,
689 800 943 871 ἄφρονες,
969 804 1026 854 ὲν
1060 801 1135 872 τῷ
1161 801 1273 872 λαῷ
1295 818 1311 834 ·

1911 799 1999 852 14.
2040 799 2341 867 lntclligite,
2375 799 2692 866 insipientes
2724 799 2775 852 in
2816 799 3042 870 populo:

219 885 313 941 15.
346 889 458 942 Καὶ
486 892 658 961 μωροὶ
680 892 831 955 ποτὲ,
863 892 1191 962 φρονήσατε.

1913 887 2002 941 15.
2038 887 2099 941 Et
2131 889 2278 943 stulti
2308 890 2619 957 aliquando,
2645 891 2838 958 sapite.

221 977 315 1033 16.
367 980 427 1033 '0
454 982 725 1049 φυτεύσας
747 984 806 1037 τὸ
830 980 921 1048 οῦς
949 986 1069 1054 οὐχὶ
1100 983 1321 1050 ἀκούεις

1909 978 1995 1032 16.
2032 978 2134 1045 Qui
2172 981 2432 1049 plantavit
2461 996 2671 1043 aurem,
2708 996 2812 1034 non
2837 980 3031 1035 audit?

220 1070 311 1125 17.
348 1072 422 1125 Ἦ
447 1075 475 1125 ὁ
503 1073 713 1137 πλάσας
738 1075 829 1127 τὸν
851 1075 1128 1146 ὀφθαλμὸν
1154 1076 1274 1145 οὐχὶ
1302 1077 1555 1129 κατανοεῖ
1578 1092 1594 1142 ;

1907 1068 1995 1123 17.
2031 1071 2140 1123 Αιιι
2164 1070 2257 1139 qui
2288 1071 2441 1124 linxit
2475 1072 2717 1134 oculum,
2747 1087 2853 1123 non
2885 1072 3236 1127 considerat1

219 1164 311 1219 18.
356 1166 415 1220 Ὀ
447 1167 715 1221 παιδεύων
740 1168 865 1240 ἔθνη
900 1169 1020 1239 οὐχὶ
1061 1168 1304 1236 ὲλέγξεις

1909 1160 1995 1214 18.
2037 1160 2139 1227 Qui
2179 1163 2405 1231 corripit
2433 1173 2641 1232 gentes,
2678 1179 2784 1216 non
2818 1164 3048 1233 arguet?

219 1254 311 1310 19.
358 1257 418 1310 '0
444 1257 710 1312 διδάσκων
739 1258 1023 1330 ἄνθρωπον
1057 1259 1289 1327 γνῶσιν;

1910 1252 1995 1305 19.
2026 1251 2129 1316 Qui
2162 1253 2318 1306 docet
2349 1253 2418 1306 ho
2444 1254 2621 1307 uinem
2657 1253 2978 1307 scientiam?

218 1345 311 1401 20.
340 1347 547 1418 Κύριος
568 1347 825 1416 γινώσκει
845 1349 971 1412 τοὺς
991 1349 1371 1420 διαλογισμοὺς
1390 1348 1499 1404 τῶν
1525 1347 1736 1421 ἀνθρὼ-

1907 1343 1997 1397 20.
2051 1342 2315 1399 Dominus
2372 1346 2476 1400 scit
2527 1346 2884 1416 cogitationes
2935 1347 3236 1413 hominum,
3270 1360 3406 1417 quo-

147 1452 303 1503 πων,
337 1438 421 1491 ὅτι
455 1440 563 1491 εἰσὶ
603 1440 842 1510 μάταιοι.

814 1459 842 1494 ι,
1838 1435 1983 1488 niam
2015 1451 2165 1490 vame
2198 1446 2344 1490 sunt.

216 1527 311 1582 2|.
342 1530 632 1599 Μακάριος
661 1532 974 1602 ἄνθρωπος,
1008 1533 1066 1587 ὃν
1091 1533 1156 1587 ἂν
1183 1533 1497 1604 παιδεύσῃς,
1527 1532 1698 1605 Κύριε

1909 1526 1998 1579 21.
2039 1527 2236 1582 Beatus
2280 1530 2461 1592 homo,
2494 1545 2656 1598 quem
2687 1538 2743 1587 tu
2773 1530 3063 1596 erudieris,
3093 1528 3354 1586 DomineH

221 1617 317 1674 22.
346 1621 458 1673 Καὶ
496 1622 559 1673 ἐκ
588 1621 683 1673 τοῦ
714 1622 878 1693 νόμου
923 1639 1016 1675 σου
1058 1621 1270 1693 διδάξῃς
1300 1622 1478 1674 αὐτόν.

1361 1623 1478 1674 adv.
1908 1617 1993 1670 22Δ
2029 1617 2095 1672 Ει
2127 1620 2191 1673 de
2217 1622 2329 1691 lege
2354 1631 2443 1674 tua
2468 1622 2720 1678 docueris
2745 1639 2891 1679 eum.

214 1710 305 1766 25.
346 1711 455 1764 Τοῦ
488 1713 724 1783 πραῧναι
756 1713 918 1766 αὐτὸν
952 1715 1043 1783 ἀφ’
1072 1712 1295 1785 ἡμερῶν
1338 1712 1590 1784 πονηρῶν
1612 1729 1626 1745 ·

1411 1712 1590 1784 νηρῶν
1612 1729 1626 1745 ·
1906 1707 1977 1760 25
2033 1707 2102 1762 Ut
2135 1710 2346 1780 milich
2368 1712 2416 1766 ei
2453 1727 2481 1765 a
2515 1712 2707 1767 diebus
2742 1715 2898 1768 malis
2928 1731 2941 1768 :

218 1803 312 1857 24.
345 1803 493 1867 Ἕως
513 1798 573 1858 οῦ
607 1806 777 1875 ὀρυγῇ
804 1805 881 1876 τῷ
904 1804 1212 1875 ἁμαρτωλῷ
1243 1804 1451 1873 βόθρος.

1425 1821 1451 1863 :.
1768 1874 1788 1876 Α
1904 1797 1995 1852 24.
2023 1797 2202 1853 Donec
2226 1799 2460 1854 fodiatur
2492 1803 2758 1869 peccaturi
2785 1800 2955 1855 fovea.

217 1893 309 1948 25.
341 1896 466 1949 Ὅτι
492 1899 593 1950 οὐκ
621 1897 900 1951 ἀπώσεται
929 1898 1131 1967 Κύριος
1154 1898 1243 1950 τὸν
1276 1896 1400 1949 λαὸν
1427 1895 1590 1949 αὐτοῦ
1614 1910 1626 1921 ⁸

1906 1890 1996 1944 25.
2032 1888 2170 1955 Quia
2211 1906 2315 1944 non
2357 1893 2577 1960 repellet
2610 1893 2871 1948 Dominus
2903 1893 3108 1955 plebem
3146 1908 3342 1959 suam;

217 1984 311 2039 26.
350 1986 466 2039 Kal.
495 1985 596 2057 τὴν
622 1986 986 2058 κληρονομίαν
1014 1987 1176 2039 αὑτοῦ
1208 1987 1308 2039 οὐκ
1330 1984 1733 2055 ἐγκαταλείψει.

1682 2004 1733 2040 ιι,
1905 1980 1995 2033 26.
2026 1980 2091 2033 Et
2126 1982 2493 2036 haereditatem
2528 2000 2681 2037 suam
2727 1999 2832 2037 non
2859 1984 3212 2053 derclinquvt.

217 2077 311 2131 27.
350 2080 498 2143 Ἕως
531 2072 592 2132 οῦ
624 2079 936 2151 δικαιοσύνη
972 2080 1278 2150 ἐπιστρέψῃ
1308 2081 1387 2142 εἰς
1424 2079 1626 2149 κρίσιν.

1901 2072 1989 2125 27.
2025 2073 2392 2142 Quoadusque
2414 2075 2624 2141 justitia
2653 2086 2996 2130 convertetur
3022 2077 3358 2145 injudicium
3392 2098 3406 2133 :

213 2168 305 2225 28.
334 2170 447 2226 Καὶ
470 2170 718 2224 ὲυὸιιενοι
744 2171 913 2240 αὐτῆς
936 2171 1136 2233 πάντες
1157 2171 1205 2223 οἱ
1228 2171 1402 2233 εὐθείς
1424 2173 1489 2241 τῇ
1515 2168 1729 2240 καρδίᾳ.

1899 2165 1989 2219 28.
2025 2164 2090 2219 Et
2136 2166 2230 2236 qui
2279 2168 2435 2236 juxta
2479 2167 2626 2221 illam
2668 2182 2893 2235 omnes,
2951 2170 3045 2238 qui
3084 2179 3233 2224 recto
3281 2185 3411 2227 sunt

1829 2258 2015 2312 corde.

221 2340 313 2395 29.
348 2341 448 2406 Τίς
477 2342 838 2415 ἀναστήσεται
889 2361 976 2397 αοι
1004 2344 1097 2397 ἐπὶ
1127 2341 1579 2415 πονηρευομένοις
1608 2339 1731 2413 [πο-

1907 2348 1997 2404 29.
2035 2349 2169 2416 Quis
2199 2359 2494 2422 consurget
2526 2351 2661 2407 mihi
2686 2352 2951 2410 adversus
2980 2355 3387 2428 malignantes?

151 2433 574 2508 νηρευομένους]
594 2454 609 2501 ;

1273 2571 1649 2627 ATHANASII
1689 2571 2276 2630 INTERPRETATIO.

220 2731 310 2787 11.
336 2731 453 2784 Καὶ
473 2728 580 2783 τῶν
606 2730 853 2801 πενήτων
875 2729 1373 2784 κατεδυνάστευσαν

1908 2729 1995 2783 11.
2027 2728 2092 2782 Ει
2115 2744 2378 2799 pauperes
2406 2730 2647 2799 potentia
2673 2748 2771 2788 sua
2802 2744 3211 2804 oppresserunt.

221 2820 309 2875 12.
338 2821 418 2874 Οὐ
454 2824 686 2874 ποιεῖται
716 2822 973 2893 πρόνοιαν
1007 2820 1114 2872 τῶν
1141 2817 1462 2890 ἀνθρώπων.

1280 2817 1462 2872 ώπων.
1909 2819 1993 2872 12.
2036 2818 2152 2873 Non
2184 2822 2443 2891 prospicit
2478 2823 2809 2878 hominibus.

220 2912 310 2968 13.
349 2913 488 2966 Οὐδὲ
520 2916 630 2966 νοεῖ
654 2913 721 2967 τὰ
750 2913 1088 2983 γεγενημένα
1123 2910 1218 2981 (1).

1912 2910 1995 2966 15.
2028 2909 2214 2980 Neque
2243 2930 2363 2982 quae
2396 2915 2538 2971 facta
2573 2926 2701 2970 sunt
2724 2918 2912 2971 noscit.

221 3001 308 3056 14.
343 3003 618 3073 Νοήσατε,
648 3003 697 3055 οἱ
728 3003 980 3069 λέγοντες
1004 3000 1079 3079 (2)
1107 2994 1247 3051 εἶναι
1279 2996 1431 3051 Θεόν.

1755 3047 1798 3106 c
1908 3003 1994 3058 14.
2033 3002 2340 3075 lntelligite,
2366 3007 2605 3062 dicentes
2640 3025 2745 3063 non
2770 3025 2891 3065 esse
2918 3009 3101 3064 Deum.

221 3095 306 3149 15.
335 3096 450 3149 Καὶ
470 3096 517 3148 οἱ
543 3095 812 3159 ἀσύνετοί,
830 3094 1162 3164 ἀνανήψατε.

1760 3094 1798 3106 ““
1906 3095 1991 3150 15.
2028 3094 2091 3148 Et
2128 3097 2465 3165 insipientes,
2491 3101 2808 3169 resipiscite.

224 3188 310 3243 16.
362 3190 424 3242 Ὀ
456 3189 743 3259 ἰασάμενος
782 3190 872 3242 τὸν
918 3188 1101 3241 δοῦλον
1133 3185 1226 3240 τοῦ
1279 3182 1599 3256 ἀρχιερέως,
1642 3184 1732 3233 ὅτε

1904 3186 1988 3242 16.
2046 3187 2146 3254 Qui
2197 3190 2316 3244 solo
2371 3199 2515 3245 tactu
2579 3193 2791 3246 sanavit
2854 3209 3070 3249 servum
3122 3195 3406 3266 principis,

155 3279 359 3350 Πέτρος
395 3280 668 3350 ἀπέκοψεν
689 3280 852 3333 αὑτοῦ
884 3278 945 3332 τὸ
968 3278 1127 3331 ὠτίον
1150 3276 1304 3347 μόνον
1322 3274 1617 3345 ἁψάμενος,
1637 3286 1685 3323 κι

1874 3278 2049 3333 nando
2071 3278 2268 3335 Petrus
2304 3282 2352 3335 ei
2393 3282 2625 3338 abscidit
2672 3286 2971 3340 auriculam
2998 3286 3064 3352 η,
3094 3303 3221 3342 num
3271 3289 3404 3358 ipse,

157 3368 230 3436 (5)
258 3370 427 3432 αὐτὸς
457 3370 485 3421 ὁ
519 3371 806 3440 ἰασάμενος
824 3366 932 3440 ἆρα
962 3370 1062 3422 οὐκ
1092 3367 1315 3431 ἀκούει;

1243 3382 1315 3431 Et;
1832 3370 1923 3439 qui
1960 3386 2143 3425 aurem
2174 3373 2406 3438 sanavit,
2445 3389 2552 3427 non
2582 3376 2773 3429 audit?

224 3458 311 3511 17.
368 3460 428 3512 '0
456 3459 548 3512 τοῦ
592 3462 655 3513 ἐκ
672 3460 937 3529 γεννητῆς
960 3457 1162 3526 τυφλοῦ
1196 3455 1275 3525 τῷ
1313 3454 1425 3525 ἰδίῳ
1455 3452 1730 3522 πτύσματι

1903 3464 1990 3517 17.
2024 3462 2128 3530 Qui
2176 3467 2365 3521 oculos
2412 3468 2539 3522 caeci
2575 3483 2605 3522 a
2660 3469 2940 3523 nativitate
2984 3472 3206 3539 proprio
3252 3482 3409 3541 sputo

156 3552 279 3616 τοὺς
309 3550 622 3622 ὀφθαλμοὺς
652 3552 862 3614 πλάσας
891 3550 963 3621 (4)
988 3567 1002 3616 ;

680 3552 862 3614 πλάσας
891 3550 963 3621 (4)
988 3567 1002 3616 ;
1832 3551 2092 3608 formavit
2125 3556 2167 3587 ³⁷
2189 3556 2210 3609 1

227 3644 320 3710 18,
353 3644 439 3698 19.
484 3645 539 3698 '0
572 3644 794 3698 ὲνοικῶν
828 3646 908 3707 εἰς
935 3644 1035 3705 τὰς
1070 3640 1291 3713 καρδίας
1316 3638 1423 3693 τῶν
1449 3636 1732 3690 πιστευόν-

1906 3646 1994 3709 18,
2033 3647 2118 3702 l9.
2154 3645 2257 3712 Qui
2290 3648 2559 3703 inhabitat
2587 3649 2639 3702 in
2672 3650 2930 3705 cordibus
2975 3651 3309 3706 credentium
3354 3654 3406 3706 in

157 3750 258 3788 των
274 3737 362 3799 είς
383 3735 564 3802 αὐτὸν,
591 3738 684 3789 καὶ
711 3735 976 3789 διδάσκων
1007 3735 1203 3796 αὐτοὺς
1232 3731 1293 3784 τὸ
1326 3730 1538 3799 θέλημα
1564 3728 1687 3780 αύτε

1881 3754 1978 3802 im,
2015 3745 2068 3792 et
2109 3739 2267 3792 docet
2300 3740 2447 3807 ipsos
2497 3740 2826 3795 voluntatem
2860 3757 3037 3804 suam,
3089 3744 3411 3813 redarguere

158 3826 253 3881 οὐκ
280 3828 400 3899 ἔχει
441 3828 653 3897 ἐλέγξαι
684 3830 829 3898 ὑμᾶς
859 3830 917 3881 έν
940 3830 1005 3899 τῇ
1039 3827 1221 3898 ἡμέρᾳ
1256 3825 1357 3894 τῆς
1388 3823 1655 3891 κρίσεως;

1143 3844 1221 3897 -ρᾳ
1256 3825 1357 3894 τῆς
1388 3823 1655 3891 κρίσεως;
1834 3828 2080 3898 nequibit
2116 3844 2209 3882 vos
2236 3830 2289 3882 in
2331 3830 2673 3897 diejudicii?

225 3920 319 3975 20.
349 3920 473 3974 ’Ότι
496 3922 788 3991 ἀνωφελεῖς
816 3923 953 3974 εἰσιν
977 3922 1030 3974 αἱ
1065 3918 1244 3987 σοφίαι
1269 3916 1377 3970 τῶν
1407 3912 1730 3983 ἀνθρώπων.

1906 3919 1997 3972 20.
2038 3918 2304 3985 Quoniam
2337 3921 2556 3976 inutiles
2586 3932 2711 3975 sunt
2753 3923 3005 3977 humanae
3035 3924 3293 3978 scientias.

223 4013 312 4067 21.
337 4013 434 4066 Διὰ
457 4014 553 4082 τῆς
573 4014 792 4085 χάριτός
828 4029 920 4065 σου
943 4052 957 4076 ,
994 4011 1051 4064 ὃν
1081 4009 1146 4063 ἂν
1173 4007 1469 4080 παιδεύσῃς
1497 4002 1734 4072 ἐπιγνῶ-

1904 4010 1995 4064 21.
2027 4008 2198 4075 Quem
2233 4026 2326 4079 per
2362 4011 2589 4078 gratiam
2621 4021 2767 4065 tuam
2808 4012 3075 4068 erudieris
3108 4015 3173 4068 ad
3205 4029 3411 4084 cogno-

160 4121 245 4158 ναι
272 4104 346 4159 τὰ
381 4104 779 4175 προστάγματά
810 4121 902 4156 σου
920 4145 936 4168 ,

1836 4103 2033 4159 scenda
2064 4111 2331 4172 praecepta
2358 4112 2469 4164 tua,

231 4195 322 4249 22.
349 4196 589 4261 Διδάξεις
616 4195 691 4265 (5)
726 4195 886 4248 αὑτὸν
911 4193 1177 4248 ἐπιτελεῖν
1203 4189 1361 4245 αὐτά.

1904 4194 1994 4248 22.
2030 4194 2256 4248 Docebis
2282 4210 2406 4248 eum
2447 4194 2633 4248 eadem
2667 4194 2908 4263 implere.

230 4286 320 4342 25.
365 4286 472 4341 Τοῦ
494 4288 593 4358 τὴν
621 4288 841 4359 εἰρήνην
872 4303 964 4339 σου
1005 4283 1187 4338 δοῦναι
1221 4286 1277 4336 ὲν
1303 4284 1368 4352 τῇ
1412 4278 1609 4351 καρδίᾳ
1632 4277 1733 4332 αύ-

1532 4278 1609 4350 Ξίᾳ
1632 4277 1733 4332 αὖ·
1905 4285 1997 4340 25.
2036 4284 2103 4341 Ut
2130 4286 2225 4340 des
2254 4300 2441 4355 pacem
2477 4296 2624 4340 tuam
2652 4287 2707 4340 in
2733 4288 2894 4343 corde
2922 4285 3062 4357 ejus.

159 4378 250 4431 τοῦ
287 4377 387 4449 (6).
1767 4388 1811 4443 o

228 4470 320 4525 24.
347 4470 490 4534 Ἕως
515 4461 575 4522 οὗ
621 4469 682 4522 τὸ
708 4466 923 4523 αἰώνιον
954 4467 1064 4539 πῦρ
1104 4466 1322 4535 δέξηται
1348 4464 1437 4518 τὸν
1464 4462 1731 4517 διάϐολον.

1688 4479 1731 4517 ν.
1901 4463 1993 4520 24.
2021 4464 2203 4519 Donec
2229 4473 2464 4520 aeternus
2495 4465 2637 4538 ignis
2669 4468 2903 4537 excipiat
2928 4467 3218 4523 diabolum.

226 4561 317 4617 25.
354 4562 473 4616 Ὅτι
505 4562 605 4614 οὐκ
632 4560 910 4634 annosam
939 4559 1143 4632 Κύριος
1168 4559 1258 4612 τὸν
1280 4558 1406 4611 λαὸν
1440 4554 1625 4610 αὐτοῦ.

1900 4558 1990 4613 25.
2059 4558 2327 4624 Quoniam
2382 4575 2489 4615 non
2551 4560 2768 4629 abjieiet
2820 4560 3083 4617 Dominus
3147 4562 3405 4632 populum

1833 4664 2011 4706 suum.

228 4742 317 4797 26.
350 4743 461 4795 Καὶ
491 4743 618 4805 τοὺς
639 4740 831 4806 ἁγίους
862 4737 1027 4793 αυτοῦ
1058 4739 1118 4791 οὐ
1151 4737 1368 4808 παρίδῃ.

1902 4740 1992 4794 26.
2033 4738 2101 4794 Et
2125 4751 2345 4796 sanctos
2377 4756 2507 4796 suos
2537 4756 2645 4796 non
2681 4742 2961 4811 despiciet.

226 4836 317 4890 27.
349 4835 494 4899 Ἕως
514 4828 576 4889 οῦ
596 4838 624 4888 ὁ
649 4834 777 4896 Υἱὸς
796 4831 889 4885 τοῦ
915 4829 1050 4884 Θεοῦ
1077 4829 1205 4902 ἔλθῃ
1234 4831 1416 4899 κρῖναι
1438 4827 1535 4898 τὴν
1558 4828 1736 4880 οἰκου-

1904 4829 1995 4883 27.
2029 4828 2400 4900 Quoadusque
2430 4829 2523 4885 Dei
2552 4829 2724 4886 Filius
2756 4833 2934 4886 veniet
2966 4832 3030 4887 ad
3054 4832 3405 4902 judicandum

165 4927 349 4998 μένην-

1834 4920 2117 4974 mundum.

227 5018 314 5074 28.
351 5019 462 5072 Καὶ
495 5019 721 5089 πλησίον
752 5018 824 5088 (7)
849 5017 1013 5071 αὑτοῦ
1039 5016 1238 5078 πάντες
1274 5014 1325 5067 οἱ
1374 5013 1517 5082 ἅγιοι
1546 5014 1732 5066 αὑτοῦ.

1546 5014 1732 5066 αὐτου.
1835 5005 1840 5010 ’
1904 5009 1993 5063 28.
2029 5008 2094 5061 Ει
2117 5010 2272 5079 juxta
2308 5026 2432 5064 eum
2465 5026 2656 5066 omnes
2686 5014 2858 5068 sancti
2890 5014 3076 5084 ipsius.

227 5109 317 5184 2S).
354 5111 449 5174 Τίς
478 5112 543 5165 ἂν
569 5111 755 5183 ἕτερος
785 5107 916 5182 ἦλθε
950 5108 1256 5180 πολεμῆσαι
1288 5106 1430 5160 κατὰ
1450 5104 1559 5156 τῶν
1585 5106 1738 5158 ὲναν-

1903 5102 1994 5157 29.
2027 5101 2287 5168 Quisnam
2318 5104 2459 5158 alius
2492 5106 2672 5160 veniet
2716 5106 2781 5160 ad
2826 5108 3177 5177 pugnandum
3218 5116 3409 5167 contra

164 5200 288 5254 τίων
319 5202 601 5272 δυνάμεων

1837 5194 2179 5249 adversarias
2218 5196 2558 5266 potestates?

233 5317 275 5354 ⁸·
314 5312 445 5369 Luc.
488 5330 627 5379 xxn,
658 5314 747 5379 50,
780 5315 869 5370 51.
949 5314 991 5346 "
1016 5313 1174 5370 Joan.
1211 5330 1287 5378 Ix,
1323 5313 1377 5377 6,
1411 5313 1459 5368 7.

1116 5431 1139 5470 θ
1161 5428 1412 5490 ddenda
1445 5433 1505 5488 et
1538 5420 1911 5502 corrigenda
1942 5438 2019 5483 ex
2049 5423 2190 5485 cod.
2232 5425 2431 5486 Vatic.

228 5577 304 5641 (1)
330 5576 612 5645 Γινόμενα.
1908 5571 1985 5645 (4)
2023 5574 2259 5637 Πλασας,
2284 5573 2359 5645 ᾡς
2395 5573 2697 5643 νομίζεται,
2731 5570 2830 5624 οὐκ
2859 5570 3058 5640 caepa;

227 5646 300 5719 (2)
330 5647 395 5719 9t
528 5648 800 5719 λέγοντες.
859 5716 867 5719 Α
903 5716 910 5719 Α
1170 5716 1178 5719 _
1302 5715 1344 5719 __
1557 5715 1565 5719 _
1647 5712 1670 5719 _
1914 5644 1988 5719 (ᾗ)
2032 5643 2433 5719 Κ-αὶῌῧιδάξεις,
2470 5650 2574 5698 etc.

229 5722 241 5772 ί
251 5718 302 5783 5)
338 5717 412 5769 Τὸ
431 5712 779 5773 ὠτίον-αὺτοῦ
808 5716 1085 5788 ἁψάμενος
1115 5716 1272 5787 μόνον
1301 5715 1488 5769 ἰάσατο
1522 5715 1580 5768 τὸ
1615 5712 1725 5777 οῦς,
1909 5714 1983 5788 (6i
2020 5714 2223 5788 ᾼὺτῶν.

166 5776 405 5851 καὴἐῑε.
858 5776 868 5786 ’
927 5776 937 5788 ’
1067 5776 1126 5787 ”
1692 5776 1695 5777 7

1692 5776 1695 5777 ν
1912 5787 1985 5855 (7)
2019 5786 2126 5840 Καὶ
2162 5786 2397 5855 πλησίοι,
2433 5793 2560 5847 ctc.,
2593 5784 2637 5836 οἱ
2674 5782 2843 5844 εὐθεῐς
2868 5782 2932 5850 τῇ
2969 5776 3185 5849 καρδίᾳ.
