3874 6222
430 314 570 371 1055
1280 320 1754 377 δῖᾹΤΗΑΝΑΞΙΙ
1793 323 1944 379 OPP.

2204 326 2292 381 Ill.
2335 359 2401 368 —
2426 328 2843 385 EXEGETICA.
3564 340 3718 396 4056

500 428 589 483 50.
626 428 735 484 Aut
763 429 887 500 quis
934 432 1100 486 stabit
1132 432 1345 488 mecum
1394 434 1657 490 adversus
1716 449 2003 506 operantes

2190 443 2267 496 50.
2301 445 2368 496 Ἦ
2402 443 2487 506 τίς
2517 447 3043 514 συμπαραστήσεταί
3080 465 3169 519 μοι
3200 450 3291 503 ἐπὶ
3325 455 3437 517 τοῖς
3470 455 3720 524 ἐργαζο-

428 516 810 588 iniquitatem?

2117 531 2298 598 μένοις
2331 532 2429 603 τὴν
2463 534 2694 603 ἀνομίαν
2712 552 2724 599 ;

502 614 592 667 51.
625 611 739 668 Nisi
774 616 902 683 quia
940 616 1205 673 Dominus
1242 620 1451 689 adjmit
1496 640 1619 678 me:

2184 621 2276 675 5i.
2305 622 2370 674 Εἰ
2404 622 2478 692 μὴ
2508 623 2589 675 ὃτι
2621 624 2823 695 Κύριος
2851 624 3115 696 ἐϐοήθησέ
3149 643 3267 696 μοι’

507 704 595 759 52.
650 704 821 761 Paulo
871 709 1055 765 minus
1094 710 1411 768 habitasset
1458 716 1513 769 in
1565 717 1782 772 inferno
1829 719 2011 773 anima

2186 714 2275 768 52.
2326 714 2484 785 Παρά
2523 715 2697 786 βραχὺ
2757 718 3051 789 παρῴκησε
3080 718 3159 789 τῷ
3192 718 3292 790 ᾅδῃ
3323 721 3357 792 ἡ
3390 721 3537 795 ψυχή
3579 742 3714 793 μου.

429 812 573 850 mea.

502 890 591 943 55.
638 888 693 944 Si
720 891 969 945 dicebam
1000 910 1013 945 :
1046 892 1225 948 Motus
1256 905 1340 949 est
1368 912 1465 965 pes
1498 914 1689 953 meus:

2187 892 2277 945 55.
2310 894 2373 945 Εἰ
2401 892 2585 961 ἔλεγον
2606 911 2618 923 ·
2650 895 2975 950 Σεσάλευται
3000 898 3028 950 6
3052 898 3185 962 ποῦς
3215 917 3317 970 μου
3344 916 3358 932 ·

501 982 589 1035 54.
622 982 989 1039 Misericordia
1027 995 1139 1049 tua,
1172 988 1419 1051 Domine,
1444 989 1739 1059 adjuvabat
1762 1008 1868 1048 me.

1786 1008 1868 1048 ηρ,
2188 982 2278 1035 54.
2311 983 2383 1036 Τὸ
2412 984 2561 1049 ἔλεός
2590 1003 2703 1051 σου,
2734 987 2928 1058 Κύριε,
2958 989 3173 1061 ἐϐοήθει
3208 1008 3316 1061 μοι.

502 1072 591 1127 55.
622 1071 930 1128 Secundum
964 1077 1367 1132 multitudinem
1400 1078 1651 1134 dolorum
1689 1098 1933 1137 meorum
1958 1084 2011 1138 in

2189 1075 2278 1129 55.
2310 1076 2467 1129 Κατά
2489 1077 2550 1129 τὸ
2584 1077 2787 1147 πλῆθος
2818 1079 2927 1133 τῶν
2955 1080 3155 1133 ὀδυνῶν
3183 1100 3283 1152 μου
3315 1083 3371 1136 ἐν
3402 1087 3466 1155 τῇ
3502 1087 3718 1157 καρδίᾳ

433 1167 596 1219 corde
627 1182 768 1233 meo,
821 1170 1227 1226 consolationes
1277 1180 1382 1225 tua:
1438 1174 1853 1230 lmtiticaverunt
1885 1179 1963 1231 an‘

2191 1186 2220 1220 υ
2249 1208 2262 1223 .
2298 1170 2352 1220 αἱ
2389 1168 2768 1239 παοακλήσεις
2812 1186 2906 1222 σου
2936 1169 3212 1242 εὕφραναν
3244 1172 3340 1244 τὴν
3364 1174 3541 1245 ψυχήν
3577 1193 3718 1246 μου.

433 1272 578 1310 mam
610 1274 807 1312 meam.

504 1349 591 1403 56.
622 1349 875 1419 Nunquid
906 1352 1144 1407 adhazret
1176 1355 1273 1408 tibi
1300 1357 1457 1410 sedes
1484 1356 1811 1425 iniquitatis,

2189 1336 2279 1389 56.
2316 1333 2408 1407 Μὴ
2446 1338 2845 1409 συμπροσέστω
2872 1357 2954 1393 σοι
2978 1340 3166 1411 θρόνος
3190 1342 3452 1413 ἀνομίας,

504 1441 592 1495 57.
619 1441 722 1506 Qui
752 1443 909 1512 ﬁngis
937 1444 1177 1497 laborem
1210 1446 1262 1497 in
1291 1447 1608 1515 prtecepto?

2188 1429 2275 1481 57.
2320 1430 2377 1481 '0
2408 1429 2667 1484 πλάσσων
2693 1432 2861 1485 κόπον
2894 1433 2987 1485 ἐπὶ
3017 1432 3380 1503 πρόσταγμα;

504 1532 592 1586 58.
623 1532 933 1601 Captabunt
963 1535 1016 1587 in
1043 1536 1280 1588 animam
1309 1536 1482 1603 justi:

2191 1521 2281 1575 58.
2314 1522 2391 1591 Θη
2404 1523 2689 1593 ρεύσουσιν
2722 1525 2814 1577 ἐπὶ
2841 1524 3015 1594 ψυχὴν
3043 1524 3254 1579 δικαίου
3274 1544 3287 1557 ·

505 1621 596 1675 59.
631 1621 696 1674 Ει
723 1622 1043 1691 sanguinem
1081 1623 1427 1677 innocentem
1458 1626 1923 1680 condemnabunt.

1783 1634 1923 1680 ῃιηι,
2188 1612 2277 1665 59.
2320 1614 2433 1666 Kal
2464 1609 2604 1683 αἷμα
2638 1616 2812 1670 ἀθῶον
2839 1618 3313 1673 καταδικάσονται.

506 1711 595 1765 40.
636 1709 701 1762 Εῑ
733 1710 908 1763 factus
943 1718 1027 1763 est
1056 1711 1188 1763 mihi
1220 1710 1483 1765 Dominus
1520 1712 1572 1765 in
1605 1711 1878 1781 refugium
1908 1730 1922 1767 :

2188 1702 2277 1757 40.
2312 1704 2423 1755 Kal
2451 1704 2669 1771 ἐγένετό
2702 1724 2790 1776 μοι
2814 1707 3018 1778 Κύριος
3050 1710 3132 1771 εἰς
3161 1711 3513 1781 καταφυγήν

506 1795 593 1847 41.
628 1793 695 1847 Et
724 1793 869 1847 Deus
892 1795 1116 1848 meusin
1148 1796 1480 1864 adjutorium
1506 1796 1619 1866 spei
1644 1813 1798 1851 meae.

2190 1794 2281 1848 41.
2316 1798 2428 1848 Kal
2451 1800 2478 1849 6
2509 1796 2643 1861 Θεός
2685 1816 2785 1868 μου
2812 1801 2893 1862 είς
2927 1800 3118 1871 βοηθὸν
3149 1801 3366 1866 ἐλπίδος
3396 1820 3516 1873 μου.

506 1886 596 1940 42.
633 1885 699 1940 Ει
725 1888 915 1941 reddet
950 1888 1057 1943 illis
1085 1887 1350 1943 Dominus
1376 1888 1728 1963 [secundum]
1758 1891 2016 1961 iniquita-

2192 1886 2277 1939 42.
2320 1888 2426 1939 Kal
2470 1887 2738 1942 ἀποδώσει
2773 1891 2955 1955 αὐτοῖς
3006 1890 3210 1961 Κύριος
3250 1891 3348 1962 τὴν
3385 1890 3722 1967 [ητάξτὴνί

435 1985 544 2031 tem
578 1976 847 2045 ipsorum.

2121 1978 2353 2047 ἀνομίαν
2392 1979 2590 2036 αὐτῶν.

506 2068 594 2121 45.
633 2066 708 2137 (a)
741 2067 809 2121 Et
832 2068 1131 2123 Secundum
1158 2070 1421 2124 malitiam
1452 2086 1640 2125 eorum
1671 2090 1685 2127 :

2193 2068 2283 2123 45.
2321 2070 2432 2122 Kal
2461 2070 2602 2123 κατά
2633 2069 2732 2141 τὴν
2761 2071 3025 2142 πονηρίαν
3054 2071 3231 2125 αὐτῶν

504 2158 595 2212 44.
631 2157 914 2228 Disperdet
944 2160 1066 2215 illos
1093 2160 1359 2215 Dominus
1386 2162 1529 2219 Deus
1565 2162 1798 2235 [noster]

2195 2159 2284 2215 44.
2333 2163 2582 2229 Ἀφανιεῖ
2608 2162 2806 2225 αὐτοὺς
2838 2162 3042 2232 Κύριος
3069 2164 3099 2216 6
3123 2162 3256 2227 Θεὸς

505 2376 583 2449 (a)
608 2376 764 2434 Vers.
794 2379 885 2443 45,
914 2380 1003 2444 44,
1033 2395 1177 2434 vers.
1209 2396 1373 2434 unus.

1559 2604 1936 2695 ATHANASII
1972 2639 2563 2697 INTERPRETATIO.

502 2816 591 2871 50.
620 2815 728 2871 Aut
758 2818 881 2887 quis
909 2817 1043 2871 mihi
1070 2833 1224 2888 opem
1276 2819 1409 2873 feret
1459 2828 1651 2873 contra
1688 2820 2006 2876 immundos

2191 2821 2277 2875 50.
2307 2822 2379 2874 Ἦ
2406 2823 2490 2885 τίς
2520 2821 2971 2877 συναντελάϐεταί
2997 2821 3072 2893 (1)
3106 2839 3196 2892 μοι
3223 2822 3316 2875 ἐπὶ
3361 2822 3429 2875 τὰ
3466 2823 3721 2897 πνεύμα-

431 2909 659 2979 spiritus
685 2910 708 2962 ?

2116 2932 2186 2969 τα
2221 2915 2506 2987 ἀκάθαρτα
2528 2933 2540 2981 ;

505 3002 594 3057 51.
623 2999 737 3055 Nisi
764 2999 904 3055 Deus
931 3000 1026 3055 Dei
1054 3000 1227 3055 Filius
1256 3000 1556 3069 adjuvisset
1591 3018 1696 3057 me.

2190 3007 2277 3060 5i.
2317 3009 2378 3059 Εί
2414 3007 2488 3079 μὴ
2517 3009 2545 3060 6
2581 3008 2712 3070 Θεὸς
2746 3005 2841 3059 τοῦ
2872 3004 3007 3058 Θεοῦ
3045 3006 3309 3079 ἐϐοήθησέ
3340 3026 3451 3079 μοι.

503 3094 592 3148 52.
626 3086 795 3147 Paulo
846 3094 1027 3147 minus
1060 3094 1485 3162 permansissem
1541 3096 1597 3148 in
1655 3105 1833 3151 morte
1886 3112 2013 3166 pec-

2194 3094 2281 3148 52.
2314 3095 2450 3165 Παρ’
2486 3096 2663 3163 ὀλίγον
2694 3096 3022 3166 ἐναπέμεινα
3050 3095 3127 3166 τῷ
3150 3097 3367 3167 θανάτῳ
3394 3097 3494 3169 τῆς
3519 3098 3717 3170 ἀμαρ-

432 3186 565 3240 cati.

2119 3181 2260 3245 τίας.

507 3277 593 3330 55.
631 3274 687 3329 Si
716 3275 964 3327 videbam
1008 3290 1095 3328 me
1143 3275 1321 3344 ipsum
1364 3276 1418 3329 in
1461 3276 1780 3341 tentatione,
1815 3286 1869 3332 et
1910 3278 2019 3333 cla-

2192 3275 2275 3327 55.
2316 3275 2377 3326 El
2410 3273 2637 3327 ἔϐλεπον
2679 3274 2872 3329 ἑαυτὸν
2905 3275 3335 3349 πειραζόμενον,
3392 3276 3489 3329 καὶ
3535 3274 3722 3328 ἐϐόων

431 3367 651 3421 mabam
689 3367 755 3419 ad
790 3376 860 3421 te.

847 3406 860 3419 .
2123 3366 2260 3437 πρὸς
2296 3366 2374 3419 σέ.

504 3458 594 3511 54.
631 3456 744 3510 Nisi
772 3457 862 3511 Dei
898 3457 1067 3512 Filius
1096 3458 1301 3527 adjuvit
1336 3474 1443 3512 me.

2190 3458 2278 3509 54.
2312 3459 2373 3510 Εἰ
2409 3459 2485 3529 (2)
2527 3458 2600 3530 μὴ
2631 3460 2659 3510 6
2683 3458 2813 3521 Υἱὸς
2839 3459 2934 3512 τοῦ
2972 3460 3108 3513 Θεοῦ
3139 3458 3406 3530 ἐϐοήθησὲ
3448 3476 3560 3529 μοι.

506 3549 595 3602 55.
620 3548 929 3603 Secundum
956 3550 1354 3604 multitudinem
1389 3552 1828 3607 adversariarum
1870 3561 2022 3621 pote~

2193 3548 2280 3601 55.
2318 3548 2473 3601 Κατά
2516 3550 2574 3601 τὸ
2616 3549 2818 3619 πλῆθος
2857 3550 2963 3604 τῶν
2998 3552 3254 3607 ἐναντίων
3287 3550 3571 3621 δυνάμεων
3598 3550 3710 3604 τῶν

437 3651 637 3697 statum
678 3642 1077 3710 insurgentium
1130 3644 1183 3695 in
1227 3642 1391 3697 corde
1445 3658 1563 3697 meo
1610 3644 1967 3712 superabund:

2180 3640 2569 3709 τανισταμένων
2610 3643 2666 3693 ὲν
2698 3644 2762 3712 τῇ
2793 3644 2991 3715 καρδία
3038 3661 3139 3715 μου
3173 3643 3710 3714 ὑπερεπερίσσευσεν

435 3734 513 3787 vit
556 3735 727 3803 gratia
782 3743 892 3795 tua,
945 3744 999 3787 et
1032 3735 1259 3803 ejiciens
1310 3735 1529 3788 illorum
1569 3736 1927 3805 cogitationes
1964 3752 1965 3755 ‘

2180 3731 2339 3801 χάρις
2372 3748 2487 3795 σου,
2520 3733 2614 3785 καὶ
2641 3734 2886 3787 ἐκϐαλὼν
2907 3735 3001 3798 τὰς
3030 3734 3253 3788 ἐκείνων
3276 3733 3605 3804 ἐνθυμήσεις
3628 3733 3709 3795 εἰς

437 3827 677 3883 ιειίιίοιη
712 3838 766 3879 et
787 3827 1043 3895 gaudium
1091 3828 1328 3881 animam
1365 3843 1542 3881 meam
1578 3828 1863 3881 convertit.

2121 3824 2463 3896 εὐφροσύνην
2499 3825 2592 3878 καὶ
2623 3825 2796 3896 χαρὰν
2834 3824 3097 3896 μετέϐαλε
3123 3825 3221 3896 τὴν
3249 3824 3425 3895 ψυχήν
3457 3842 3583 3894 μου.

514 3918 602 3973 56.
634 3917 889 3988 Nunquid
938 3918 1211 3974 inhabitat
1252 3921 1307 3973 in
1343 3920 1507 3974 corde
1557 3935 1678 3973 meo
1720 3919 2019 3973 dominatio

2191 3918 2279 3971 56.
2314 3917 2405 3988 Μὴ
2441 3918 2719 3971 ἐνοικείτω
2746 3919 2802 3971 ἐν
2833 3920 2899 3987 τῇ
2931 3918 3129 3991 καρδίᾳ
3175 3934 3278 3987 μου
3303 3915 3593 3970 δυναστεία
3613 3914 3708 3968 τοῦ

437 4010 660 4065 diaboli.
1380 4012 1383 4013 ⁷

1380 4012 1383 4013 ⁷
2120 4010 2366 4062 διαϐόλου
2377 4051 2391 4066 .
2784 4021 2798 4030 “

508 4102 597 4156 57.
628 4099 829 4156 Volens
865 4101 1033 4155 vitam
1084 4102 1368 4156 instituere
1416 4101 1717 4156 secundum
1753 4099 1849 4155 Dei
1881 4115 2019 4169 prae-

2193 4100 2280 4152 57.
2324 4100 2380 4152 Ὀ
2401 4100 2543 4153 κατά
2572 4100 2631 4152 τὸ
2661 4099 2737 4170 (5)
2765 4100 3093 4172 πρόσταγμα
3118 4097 3215 4151 τοῦ
3242 4098 3376 4151 Θεοῦ
3407 4099 3707 4154 ἀσκεῖσθαι

438 4202 612 4261 cepta.

2131 4192 2284 4263 βουλό
2293 4208 2467 4261 μενος.

507 4284 596 4338 58.
631 4284 940 4353 Captabunt
990 4284 1135 4338 enim
1188 4283 1490 4349 daamones,
1543 4283 1593 4337 si
1648 4282 1768 4337 ﬁeri
1818 4290 2014 4351 potest,

2191 4281 2277 4335 58.
2316 4280 2655 4352 Θηρεύσουσι
2682 4280 2790 4352 γὰρ
2817 4280 2866 4333 οἱ
2900 4279 3150 4352 δαίμονες
3174 4322 3189 4345 ,
3232 4282 3283 4333 εἰ
3310 4281 3537 4335 δυνατὸν
3556 4324 3572 4347 ,
3618 4284 3714 4337 καὶ

436 4377 604 4430 etiam
636 4377 847 4429 animas
880 4376 1081 4444 justas.

2118 4374 2299 4445 ψυχὰς
2331 4373 2546 4436 δικαίας

510 4467 597 4521 59.
640 4466 707 4521 Et
744 4467 955 4521 animas
1005 4475 1322 4522 sanctorum
1358 4476 1615 4538 tanquam
1650 4468 1857 4537 peccati
1894 4484 2016 4523 reas

2190 4468 2278 4522 59.
2312 4467 2422 4519 Kal
2456 4465 2553 4529 τὰς
2580 4464 2689 4517 τῶν
2733 4463 2905 4531 ἁγίων
2936 4461 3112 4533 ψυχὰς
3140 4464 3601 4543 συκοφαντοῦσιν,
3634 4466 3714 4529 ὡς

438 4558 941 4613 calumniabuntur.

2048 4580 2093 4633 Β
2123 4557 2489 4619 ὑποκειμένας
2520 4554 2761 4626 ἁμαρτίᾳ
2795 4554 2892 4623 (5).

509 4648 598 4702 40.
630 4649 709 4701 All
736 4649 912 4716 ipsum
943 4648 1087 4701 enim
1133 4648 1453 4721 confugiens
1482 4649 1742 4705 liberatus
1781 4665 1901 4704 sum
1950 4649 2019 4704 ab

2196 4648 2281 4701 40.
2323 4646 2481 4716 Αὐτῷ
2532 4646 2641 4715 γὰρ
2705 4642 3074 4714 προσδραμὼν
3124 4643 3395 4716 ἐρῤύσθην
3435 4646 3495 4697 ἐν
3528 4645 3606 4716 (6)
3633 4647 3713 4716 τῷ

436 4738 675 4793 inimicis
715 4741 872 4793 meis.

2125 4740 2304 4811 ἐχθρῷ
2344 4756 2464 4810 μου.

509 4832 593 4883 ll.
634 4830 708 4883 Ex
743 4831 875 4899 ipsis
913 4846 1001 4885 me
1030 4832 1280 4886 redemit.

2192 4830 2280 4882 M.
2324 4828 2695 4901 Ἐλυτρώσατό
2733 4845 2799 4899 με
2836 4827 2913 4899 (7)
2948 4828 3232 4893 ἐξαύτῶν.

512 4920 602 4973 42.
641 4919 698 4977 In
731 4919 818 4973 die
848 4920 1061 4988 judicii.

2194 4919 2283 4972 42.
2318 4921 2405 4972 Ἑν
2441 4923 2506 4991 τῇ
2543 4920 2726 4991 ἡμέρα
2758 4920 2853 4991 τῆς
2882 4919 3133 4992 κρίσεως.

510 5011 599 5072 45,
629 5010 716 5062 44.
754 5008 821 5063 Et
849 5026 1150 5066 secunuum
1186 5028 1374 5067 eorum
1426 5014 1688 5067 malitiam
1742 5015 1917 5069 tradet
1963 5015 2016 5068 in

2193 5013 2282 5076 45,
2312 5012 2399 5065 44.
2429 5012 2541 5065 Kal
2590 5013 2732 5065 κατά
2765 5012 2864 5083 τὴν
2913 5011 3113 5065 κακίαν
3162 5009 3345 5064 αὐτῶν
3387 5006 3712 5080 παραδώσει

441 5102 767 5172 supplicium
808 5113 1093 5157 mternum.

2124 5106 2205 5167 εἰς
2236 5104 2312 5172 (8i
2351 5104 2571 5157 κόλασιν
2606 5102 2838 5158 αἰώνιον.

1396 5329 1701 5391 Addenda
1732 5337 1792 5389 et
1828 5327 2205 5404 corrigenda
2247 5344 2325 5388 ex
2358 5328 2498 5388 cod.
2538 5327 2737 5387 Vatic.

518 5511 594 5648 (1)
628 5512 1053 5567 Συναντελάϐετό
1086 5532 1174 5585 μοι
1208 5516 1518 5584 πνεύματα,
1554 5524 1657 5565 etc.
2198 5512 2274 5577 (5)
2314 5512 2652 5582 Ἀμαρτίαις.

542 5581 596 5648 2)
638 5583 697 5633 ΕΞ
733 5584 1102 5648 εὐσπλαγχνία
1137 5604 1259 5648 σου,
1315 5586 1485 5648 Κύριε
1508 5622 1521 5647 ,
1549 5582 1748 5648 ὲϐοήθη
1784 5600 1892 5648 μοι.
2199 5582 2276 5648 (0)
2309 5584 2404 5634 Ἐκ
2428 5582 2535 5634 τῶν
2559 5581 2651 5648 ἐχο

542 5581 596 5656 ἓ)
733 5581 1102 5656 εὐσπλαγχνία
1137 5604 1259 5651 σου,
1315 5581 1485 5655 Κύριε
1508 5622 1521 5647 ,
1549 5582 1748 5655 ὲϐοήθη
1784 5600 1892 5652 μοι.

1718 5602 1748 5655 η
1784 5600 1892 5652 μοι.
2199 5582 2276 5656 (ρὲ)
2428 5581 2535 5634 τῶν
2559 5581 2767 5653 ἐχθρῶν
2805 5601 2926 5654 μου,
2962 5595 3010 5641 ct
3045 5586 3117 5638 ita
3146 5584 3246 5651 leg.

519 5651 594 5723 (5)
628 5652 699 5704 Τό
731 5654 899 5708 deest.
1407 5651 1416 5655 ’
1667 5651 1676 5654 ⁷
1739 5651 1748 5655 “
1788 5651 1794 5652 ⁷

1407 5651 1416 5655 ·
1667 5651 1676 5654 ·
1739 5651 1794 5655 ’ί
2201 5652 2275 5723 (τ)
2310 5652 2421 5723 Γάρ
2458 5669 2543 5722 με.

519 5720 593 5789 (4)
616 5724 867 5776 Δικαίων.

2206 5722 2279 5791 (8)
2312 5720 2578 5792 Πονηρίαν
2617 5722 2793 5778 αὐτῶν
2836 5724 3143 5795 παραδώσει
3166 5725 3360 5785 αὐτους
3401 5723 3502 5788 είς,
3555 5729 3676 5779 etc.
