  <div class='ocr_page' id='page_1' title='image "/cluster/home/n/w/nwhite01/storage/ocr_20150623/27/nnc1.0046978631/548.png"; bbox 0 0 3874 6222; ppageno 0'>
   <div class='ocr_carea' id='block_1_1' title="bbox 146 308 3432 379">
    <p class='ocr_par' dir='ltr' id='par_1_1' title="bbox 146 308 3432 379">
     <span class='ocr_line' id='line_1_1' title="bbox 146 308 3432 379; baseline 0.003 -10"><span class='ocrx_word' id='word_1_1' title='bbox 146 313 296 370; x_wconf 71' lang='grc'><strong>1057</strong></span> <span class='ocrx_word' id='word_1_2' title='bbox 1050 309 1135 365; x_wconf 89' lang='lat' dir='ltr'><strong>DE</strong></span> <span class='ocrx_word' id='word_1_3' title='bbox 1173 308 1447 366; x_wconf 86' lang='lat' dir='ltr'><strong>TlTULlS</strong></span> <span class='ocrx_word' id='word_1_4' title='bbox 1481 310 1935 368; x_wconf 73' lang='lat' dir='ltr'><strong>PSALMORUM.</strong></span> <span class='ocrx_word' id='word_1_5' title='bbox 1983 343 2049 352; x_wconf 93' lang='lat'><strong>—-</strong></span> <span class='ocrx_word' id='word_1_6' title='bbox 2090 312 2289 369; x_wconf 87' lang='lat' dir='ltr'><strong>PSAL.</strong></span> <span class='ocrx_word' id='word_1_7' title='bbox 2322 314 2506 372; x_wconf 81' lang='lat' dir='ltr'><strong>XCIV.</strong></span> <span class='ocrx_word' id='word_1_8' title='bbox 3295 322 3432 379; x_wconf 71' lang='lat'><strong>1058</strong></span> 
     </span>
    </p>
   </div>
   <div class='ocr_carea' id='block_1_2' title="bbox 139 428 1669 501">
    <p class='ocr_par' dir='ltr' id='par_1_2' title="bbox 139 428 1666 500">
     <span class='ocr_line' id='line_1_2' title="bbox 139 428 1666 500; baseline -0.001 -15"><span class='ocrx_word' id='word_1_9' title='bbox 139 428 326 498; x_wconf 76' lang='grc' dir='ltr'>Αἶνος</span> <span class='ocrx_word' id='word_1_10' title='bbox 351 431 512 500; x_wconf 82' lang='grc' dir='ltr'>ᾠδῆς</span> <span class='ocrx_word' id='word_1_11' title='bbox 540 431 619 496; x_wconf 85' lang='grc' dir='ltr'>τῷ</span> <span class='ocrx_word' id='word_1_12' title='bbox 639 429 837 495; x_wconf 79' lang='grc' dir='ltr'><strong>Δαϐὶδ,</strong></span> <span class='ocrx_word' id='word_1_13' title='bbox 858 428 1265 497; x_wconf 71' lang='grc' dir='ltr'><strong>ἀνεπίγραφος</strong></span> <span class='ocrx_word' id='word_1_14' title='bbox 1285 430 1420 496; x_wconf 82' lang='grc' dir='ltr'>παρ’</span> <span class='ocrx_word' id='word_1_15' title='bbox 1436 430 1666 497; x_wconf 83' lang='grc' dir='ltr'>Ἐϐραίο</span> 
     </span>
    </p>
   </div>
   <div class='ocr_carea' id='block_1_3' title="bbox 1815 428 3345 501">
    <p class='ocr_par' dir='ltr' id='par_1_3' title="bbox 1815 429 3345 501">
     <span class='ocr_line' id='line_1_3' title="bbox 1815 429 3345 501; baseline 0.004 -18"><span class='ocrx_word' id='word_1_16' title='bbox 1815 471 1828 501; x_wconf 47' lang='grc' dir='ltr'><strong>γ</strong></span> <span class='ocrx_word' id='word_1_17' title='bbox 1943 429 2087 485; x_wconf 83' lang='lat' dir='ltr'><strong>Laus</strong></span> <span class='ocrx_word' id='word_1_18' title='bbox 2116 432 2311 485; x_wconf 81' lang='lat' dir='ltr'><strong>cantici</strong></span> <span class='ocrx_word' id='word_1_19' title='bbox 2340 430 2537 493; x_wconf 82' lang='lat' dir='ltr'><strong>David,</strong></span> <span class='ocrx_word' id='word_1_20' title='bbox 2568 431 2680 484; x_wconf 80' lang='lat' dir='ltr'><strong>sine</strong></span> <span class='ocrx_word' id='word_1_21' title='bbox 2705 429 2861 484; x_wconf 82' lang='lat' dir='ltr'><strong>titulo</strong></span> <span class='ocrx_word' id='word_1_22' title='bbox 2888 434 3030 501; x_wconf 83' lang='lat' dir='ltr'><strong>apud</strong></span> <span class='ocrx_word' id='word_1_23' title='bbox 3067 431 3345 489; x_wconf 65' lang='lat' dir='ltr'><strong>Hebraeos.</strong></span> 
     </span>
    </p>
   </div>
   <div class='ocr_carea' id='block_1_4' title="bbox 786 520 2316 588">
    <p class='ocr_par' dir='ltr' id='par_1_4' title="bbox 786 524 1119 588">
     <span class='ocr_line' id='line_1_4' title="bbox 786 524 1119 588; baseline 0 -13"><span class='ocrx_word' id='word_1_24' title='bbox 786 525 958 578; x_wconf 78' lang='lat' dir='ltr'><strong>&#39;FAA.</strong></span> <span class='ocrx_word' id='word_1_25' title='bbox 992 524 1119 588; x_wconf 61' lang='grc' dir='ltr'>ιιΔν.</span> 
     </span>
    </p>
   </div>
   <div class='ocr_carea' id='block_1_5' title="bbox 1335 520 2865 588">
    <p class='ocr_par' dir='ltr' id='par_1_5' title="bbox 2413 520 2865 578">
     <span class='ocr_line' id='line_1_5' title="bbox 2413 520 2865 578; baseline 0.011 -5"><span class='ocrx_word' id='word_1_26' title='bbox 2413 520 2619 576; x_wconf 83' lang='lat' dir='ltr'><strong>PSAL.</strong></span> <span class='ocrx_word' id='word_1_27' title='bbox 2656 521 2865 578; x_wconf 79' lang='lat' dir='ltr'><strong>XCIV.</strong></span> 
     </span>
    </p>
   </div>
   <div class='ocr_carea' id='block_1_6' title="bbox 230 610 1760 683">
    <p class='ocr_par' dir='ltr' id='par_1_6' title="bbox 230 610 1351 683">
     <span class='ocr_line' id='line_1_6' title="bbox 230 610 1351 683; baseline -0.004 -16"><span class='ocrx_word' id='word_1_28' title='bbox 230 614 279 667; x_wconf 77' lang='grc'>1.</span> <span class='ocrx_word' id='word_1_29' title='bbox 306 611 493 677; x_wconf 83' lang='grc' dir='ltr'>Δεῦτε,</span> <span class='ocrx_word' id='word_1_30' title='bbox 528 610 990 683; x_wconf 83' lang='grc' dir='ltr'>ἀγαλλιασὼμεθα</span> <span class='ocrx_word' id='word_1_31' title='bbox 1016 612 1093 683; x_wconf 82' lang='grc' dir='ltr'>τῷ</span> <span class='ocrx_word' id='word_1_32' title='bbox 1127 612 1317 683; x_wconf 83' lang='grc' dir='ltr'>Κυρίῳ</span> <span class='ocrx_word' id='word_1_33' title='bbox 1337 628 1351 641; x_wconf 74' lang='grc' dir='ltr'><strong>ο</strong></span> 
     </span>
    </p>
   </div>
   <div class='ocr_carea' id='block_1_7' title="bbox 1348 610 2878 683">
    <p class='ocr_par' dir='ltr' id='par_1_7' title="bbox 1348 612 2878 668">
     <span class='ocr_line' id='line_1_7' title="bbox 1348 612 2878 668; baseline 0.001 -3"><span class='ocrx_word' id='word_1_34' title='bbox 1348 630 1351 639; x_wconf 74' lang='grc'><em>’</em></span> <span class='ocrx_word' id='word_1_35' title='bbox 1924 615 1971 666; x_wconf 81' lang='grc' dir='ltr'>Ι.</span> <span class='ocrx_word' id='word_1_36' title='bbox 2009 612 2197 667; x_wconf 87' lang='lat' dir='ltr'><strong>Venite</strong></span> <span class='ocrx_word' id='word_1_37' title='bbox 2225 613 2566 668; x_wconf 76' lang='lat' dir='ltr'><strong>exsultemus</strong></span> <span class='ocrx_word' id='word_1_38' title='bbox 2608 613 2839 668; x_wconf 84' lang='lat' dir='ltr'><strong>Domino</strong></span> <span class='ocrx_word' id='word_1_39' title='bbox 2867 633 2878 667; x_wconf 91' lang='lat'><strong>:</strong></span> 
     </span>
    </p>
   </div>
   <div class='ocr_carea' id='block_1_8' title="bbox 228 703 1758 775">
    <p class='ocr_par' dir='ltr' id='par_1_8' title="bbox 228 703 1532 775">
     <span class='ocr_line' id='line_1_8' title="bbox 228 703 1532 775; baseline 0.001 -18"><span class='ocrx_word' id='word_1_40' title='bbox 228 703 280 757; x_wconf 77' lang='grc'>2.</span> <span class='ocrx_word' id='word_1_41' title='bbox 315 704 699 774; x_wconf 80' lang='grc' dir='ltr'>Ἀλαλάξωμεν</span> <span class='ocrx_word' id='word_1_42' title='bbox 728 704 807 773; x_wconf 88' lang='grc' dir='ltr'>τῷ</span> <span class='ocrx_word' id='word_1_43' title='bbox 832 704 951 774; x_wconf 82' lang='grc' dir='ltr'><strong>Θεῷ</strong></span> <span class='ocrx_word' id='word_1_44' title='bbox 988 704 1066 774; x_wconf 81' lang='grc' dir='ltr'>τῷ</span> <span class='ocrx_word' id='word_1_45' title='bbox 1106 704 1309 775; x_wconf 84' lang='grc' dir='ltr'>σωτῆρι</span> <span class='ocrx_word' id='word_1_46' title='bbox 1354 704 1532 775; x_wconf 80' lang='grc' dir='ltr'>ἡμῶν.</span> 
     </span>
    </p>
   </div>
   <div class='ocr_carea' id='block_1_9' title="bbox 1439 703 2969 775">
    <p class='ocr_par' dir='ltr' id='par_1_9' title="bbox 1439 704 2969 759">
     <span class='ocr_line' id='line_1_9' title="bbox 1439 704 2969 759; baseline 0.001 -2"><span class='ocrx_word' id='word_1_47' title='bbox 1439 704 1532 758; x_wconf 86' lang='grc' dir='ltr'>ὦν.</span> <span class='ocrx_word' id='word_1_48' title='bbox 1920 706 1973 759; x_wconf 75' lang='grc'>2.</span> <span class='ocrx_word' id='word_1_49' title='bbox 2009 704 2317 759; x_wconf 86' lang='lat' dir='ltr'><strong>Juhilemus</strong></span> <span class='ocrx_word' id='word_1_50' title='bbox 2349 704 2461 759; x_wconf 92' lang='lat' dir='ltr'><strong>Deo</strong></span> <span class='ocrx_word' id='word_1_51' title='bbox 2485 705 2711 759; x_wconf 81' lang='lat' dir='ltr'><strong>salutari</strong></span> <span class='ocrx_word' id='word_1_52' title='bbox 2742 715 2969 759; x_wconf 90' lang='lat' dir='ltr'><strong>nostro:</strong></span> 
     </span>
    </p>
   </div>
   <div class='ocr_carea' id='block_1_10' title="bbox 232 794 1762 869">
    <p class='ocr_par' dir='ltr' id='par_1_10' title="bbox 232 794 1747 869">
     <span class='ocr_line' id='line_1_10' title="bbox 232 794 1747 869; baseline -0.001 -18"><span class='ocrx_word' id='word_1_53' title='bbox 232 794 281 851; x_wconf 80' lang='lat'><strong>5.</strong></span> <span class='ocrx_word' id='word_1_54' title='bbox 308 796 719 867; x_wconf 83' lang='grc' dir='ltr'>Προφθάσωμεν</span> <span class='ocrx_word' id='word_1_55' title='bbox 736 796 799 849; x_wconf 83' lang='grc' dir='ltr'><strong>τὸ</strong></span> <span class='ocrx_word' id='word_1_56' title='bbox 828 796 1118 867; x_wconf 86' lang='grc' dir='ltr'>πρόσωπον</span> <span class='ocrx_word' id='word_1_57' title='bbox 1146 795 1310 848; x_wconf 81' lang='grc' dir='ltr'>αὑτοῦ</span> <span class='ocrx_word' id='word_1_58' title='bbox 1334 796 1392 849; x_wconf 83' lang='grc' dir='ltr'>ὲν</span> <span class='ocrx_word' id='word_1_59' title='bbox 1423 795 1747 869; x_wconf 76' lang='grc' dir='ltr'>ἐξομολογή-</span> 
     </span>
    </p>
   </div>
   <div class='ocr_carea' id='block_1_11' title="bbox 1789 794 3319 869">
    <p class='ocr_par' dir='ltr' id='par_1_11' title="bbox 1918 794 3319 865">
     <span class='ocr_line' id='line_1_11' title="bbox 1918 794 3319 865; baseline 0 -14"><span class='ocrx_word' id='word_1_60' title='bbox 1918 798 1972 853; x_wconf 78' lang='grc'>5.</span> <span class='ocrx_word' id='word_1_61' title='bbox 2010 798 2458 865; x_wconf 67' lang='lat' dir='ltr'><strong>l’raeoccupemus</strong></span> <span class='ocrx_word' id='word_1_62' title='bbox 2487 795 2681 851; x_wconf 86' lang='lat' dir='ltr'><strong>faciem</strong></span> <span class='ocrx_word' id='word_1_63' title='bbox 2714 796 2833 865; x_wconf 88' lang='lat' dir='ltr'><strong>ejus</strong></span> <span class='ocrx_word' id='word_1_64' title='bbox 2854 796 2907 848; x_wconf 90' lang='lat' dir='ltr'><strong>in</strong></span> <span class='ocrx_word' id='word_1_65' title='bbox 2942 794 3319 851; x_wconf 71' lang='lat' dir='ltr'><strong>confessione:</strong></span> 
     </span>
    </p>
   </div>
   <div class='ocr_carea' id='block_1_12' title="bbox 147 903 276 941">
    <p class='ocr_par' dir='ltr' id='par_1_12' title="bbox 147 903 276 941">
     <span class='ocr_line' id='line_1_12' title="bbox 147 903 276 941; baseline 0 0"><span class='ocrx_word' id='word_1_66' title='bbox 147 903 239 941; x_wconf 85' lang='grc' dir='ltr'><strong>σει</strong></span> <span class='ocrx_word' id='word_1_67' title='bbox 262 906 276 918; x_wconf 86' lang='grc'>⁸</span> 
     </span>
    </p>
   </div>
   <div class='ocr_carea' id='block_1_13' title="bbox 231 975 1761 1050">
    <p class='ocr_par' dir='ltr' id='par_1_13' title="bbox 231 978 1339 1050">
     <span class='ocr_line' id='line_1_13' title="bbox 231 978 1339 1050; baseline -0.004 -16"><span class='ocrx_word' id='word_1_68' title='bbox 231 980 283 1034; x_wconf 71' lang='grc'>4.</span> <span class='ocrx_word' id='word_1_69' title='bbox 318 981 429 1033; x_wconf 81' lang='grc' dir='ltr'>Καὶ</span> <span class='ocrx_word' id='word_1_70' title='bbox 454 982 509 1033; x_wconf 82' lang='grc' dir='ltr'>ὲν</span> <span class='ocrx_word' id='word_1_71' title='bbox 538 979 775 1050; x_wconf 77' lang='grc' dir='ltr'><strong>ψαλμοῖς</strong></span> <span class='ocrx_word' id='word_1_72' title='bbox 801 978 1159 1048; x_wconf 82' lang='grc' dir='ltr'>ἁλαλάξωμεν</span> <span class='ocrx_word' id='word_1_73' title='bbox 1189 978 1339 1050; x_wconf 83' lang='grc' dir='ltr'>αὐτῷ</span> 
     </span>
    </p>
   </div>
   <div class='ocr_carea' id='block_1_14' title="bbox 1298 975 2828 1050">
    <p class='ocr_par' dir='ltr' id='par_1_14' title="bbox 1298 975 2828 1050">
     <span class='ocr_line' id='line_1_14' title="bbox 1298 975 2828 1050; baseline -0.001 -20"><span class='ocrx_word' id='word_1_74' title='bbox 1298 978 1339 1050; x_wconf 79' lang='grc' dir='ltr'>ᾦ</span> <span class='ocrx_word' id='word_1_75' title='bbox 1920 976 1972 1030; x_wconf 75' lang='grc'>4.</span> <span class='ocrx_word' id='word_1_76' title='bbox 2001 975 2067 1030; x_wconf 88' lang='lat' dir='ltr'><strong>Et</strong></span> <span class='ocrx_word' id='word_1_77' title='bbox 2098 977 2153 1029; x_wconf 92' lang='lat' dir='ltr'><strong>in</strong></span> <span class='ocrx_word' id='word_1_78' title='bbox 2175 976 2406 1045; x_wconf 84' lang='lat' dir='ltr'><strong>psalmis</strong></span> <span class='ocrx_word' id='word_1_79' title='bbox 2434 975 2733 1045; x_wconf 90' lang='lat' dir='ltr'><strong>juhilemus</strong></span> <span class='ocrx_word' id='word_1_80' title='bbox 2758 976 2828 1029; x_wconf 90' lang='lat' dir='ltr'><strong>ei.</strong></span> 
     </span>
    </p>
   </div>
   <div class='ocr_carea' id='block_1_15' title="bbox 228 1063 1758 1139">
    <p class='ocr_par' dir='ltr' id='par_1_15' title="bbox 228 1067 1078 1139">
     <span class='ocr_line' id='line_1_15' title="bbox 228 1067 1078 1139; baseline -0.004 -16"><span class='ocrx_word' id='word_1_81' title='bbox 228 1070 283 1123; x_wconf 83' lang='lat'><strong>5.</strong></span> <span class='ocrx_word' id='word_1_82' title='bbox 310 1070 433 1122; x_wconf 84' lang='grc' dir='ltr'>’Ότι</span> <span class='ocrx_word' id='word_1_83' title='bbox 459 1069 593 1133; x_wconf 82' lang='grc' dir='ltr'>Θεὸς</span> <span class='ocrx_word' id='word_1_84' title='bbox 632 1070 805 1139; x_wconf 83' lang='grc' dir='ltr'>μέγας</span> <span class='ocrx_word' id='word_1_85' title='bbox 834 1067 1039 1139; x_wconf 87' lang='grc' dir='ltr'>Κύριος</span> <span class='ocrx_word' id='word_1_86' title='bbox 1062 1082 1078 1099; x_wconf 69' lang='grc' dir='ltr'><strong><em>υ</em></strong></span> 
     </span>
    </p>
   </div>
   <div class='ocr_carea' id='block_1_16' title="bbox 1542 1063 3072 1139">
    <p class='ocr_par' dir='ltr' id='par_1_16' title="bbox 1922 1063 3072 1135">
     <span class='ocr_line' id='line_1_16' title="bbox 1922 1063 3072 1135; baseline -0.001 -16"><span class='ocrx_word' id='word_1_87' title='bbox 1922 1066 1972 1119; x_wconf 84' lang='grc'>5.</span> <span class='ocrx_word' id='word_1_88' title='bbox 2005 1065 2278 1131; x_wconf 86' lang='lat' dir='ltr'><strong>Quoniam</strong></span> <span class='ocrx_word' id='word_1_89' title='bbox 2320 1063 2465 1119; x_wconf 90' lang='lat' dir='ltr'><strong>Deus</strong></span> <span class='ocrx_word' id='word_1_90' title='bbox 2501 1080 2734 1135; x_wconf 80' lang='lat' dir='ltr'><strong>magnus</strong></span> <span class='ocrx_word' id='word_1_91' title='bbox 2767 1063 3033 1118; x_wconf 71' lang='lat' dir='ltr'><strong>Dominus</strong></span> <span class='ocrx_word' id='word_1_92' title='bbox 3061 1082 3072 1117; x_wconf 89' lang='lat'><strong>:</strong></span> 
     </span>
    </p>
   </div>
   <div class='ocr_carea' id='block_1_17' title="bbox 228 1156 1758 1233">
    <p class='ocr_par' dir='ltr' id='par_1_17' title="bbox 228 1159 1747 1233">
     <span class='ocr_line' id='line_1_17' title="bbox 228 1159 1747 1233; baseline 0.001 -18"><span class='ocrx_word' id='word_1_93' title='bbox 228 1161 283 1216; x_wconf 85' lang='lat'><strong>6.</strong></span> <span class='ocrx_word' id='word_1_94' title='bbox 325 1162 434 1214; x_wconf 97' lang='lat' dir='ltr'><strong>Kal</strong></span> <span class='ocrx_word' id='word_1_95' title='bbox 480 1160 728 1231; x_wconf 79' lang='grc' dir='ltr'>βασιλεὺς</span> <span class='ocrx_word' id='word_1_96' title='bbox 782 1161 955 1233; x_wconf 87' lang='grc' dir='ltr'>μέγας</span> <span class='ocrx_word' id='word_1_97' title='bbox 1007 1159 1102 1212; x_wconf 72' lang='grc' dir='ltr'><strong>ἐπὶ</strong></span> <span class='ocrx_word' id='word_1_98' title='bbox 1152 1160 1332 1213; x_wconf 80' lang='grc' dir='ltr'>πᾶσαν</span> <span class='ocrx_word' id='word_1_99' title='bbox 1356 1160 1457 1231; x_wconf 77' lang='grc' dir='ltr'>τὴν</span> <span class='ocrx_word' id='word_1_100' title='bbox 1486 1162 1590 1233; x_wconf 82' lang='grc' dir='ltr'><strong>γῆν</strong></span> <span class='ocrx_word' id='word_1_101' title='bbox 1618 1160 1747 1233; x_wconf 72' lang='grc' dir='ltr'>[ἐπὶ</span> 
     </span>
    </p>
   </div>
   <div class='ocr_carea' id='block_1_18' title="bbox 1904 1156 3434 1233">
    <p class='ocr_par' dir='ltr' id='par_1_18' title="bbox 1920 1156 3434 1233">
     <span class='ocr_line' id='line_1_18' title="bbox 1920 1156 3434 1233; baseline 0.004 -23"><span class='ocrx_word' id='word_1_102' title='bbox 1920 1157 1972 1211; x_wconf 86' lang='grc'>6.</span> <span class='ocrx_word' id='word_1_103' title='bbox 2016 1156 2083 1212; x_wconf 88' lang='lat' dir='ltr'><strong>Et</strong></span> <span class='ocrx_word' id='word_1_104' title='bbox 2114 1174 2207 1213; x_wconf 81' lang='lat' dir='ltr'><strong>rex</strong></span> <span class='ocrx_word' id='word_1_105' title='bbox 2248 1174 2479 1229; x_wconf 83' lang='lat' dir='ltr'><strong>magnus</strong></span> <span class='ocrx_word' id='word_1_106' title='bbox 2514 1173 2679 1227; x_wconf 85' lang='lat' dir='ltr'><strong>super</strong></span> <span class='ocrx_word' id='word_1_107' title='bbox 2730 1170 2945 1229; x_wconf 85' lang='lat' dir='ltr'><strong>omnem</strong></span> <span class='ocrx_word' id='word_1_108' title='bbox 3002 1166 3199 1213; x_wconf 89' lang='lat' dir='ltr'><strong>terram</strong></span> <span class='ocrx_word' id='word_1_109' title='bbox 3250 1160 3434 1233; x_wconf 80' lang='lat' dir='ltr'><strong>[super</strong></span> 
     </span>
    </p>
   </div>
   <div class='ocr_carea' id='block_1_19' title="bbox 151 1251 1681 1326">
    <p class='ocr_par' dir='ltr' id='par_1_19' title="bbox 151 1251 767 1323">
     <span class='ocr_line' id='line_1_19' title="bbox 151 1251 767 1323; baseline 0.003 -18"><span class='ocrx_word' id='word_1_110' title='bbox 151 1255 371 1316; x_wconf 80' lang='grc' dir='ltr'><strong>πάντας</strong></span> <span class='ocrx_word' id='word_1_111' title='bbox 403 1254 527 1315; x_wconf 84' lang='grc' dir='ltr'>τοὺς</span> <span class='ocrx_word' id='word_1_112' title='bbox 560 1251 743 1323; x_wconf 86' lang='grc' dir='ltr'>λαούς]</span> <span class='ocrx_word' id='word_1_113' title='bbox 754 1294 767 1307; x_wconf 95' lang='grc'><strong>.</strong></span> 
     </span>
    </p>
   </div>
   <div class='ocr_carea' id='block_1_20' title="bbox 846 1251 2376 1326">
    <p class='ocr_par' dir='ltr' id='par_1_20' title="bbox 1850 1253 2376 1326">
     <span class='ocr_line' id='line_1_20' title="bbox 1850 1253 2376 1326; baseline 0.004 -19"><span class='ocrx_word' id='word_1_114' title='bbox 1850 1269 2041 1309; x_wconf 90' lang='lat' dir='ltr'><strong>omnes</strong></span> <span class='ocrx_word' id='word_1_115' title='bbox 2079 1253 2335 1326; x_wconf 89' lang='lat' dir='ltr'><strong>populos]</strong></span> <span class='ocrx_word' id='word_1_116' title='bbox 2363 1273 2376 1308; x_wconf 88' lang='lat'>:</span> 
     </span>
    </p>
   </div>
   <div class='ocr_carea' id='block_1_21' title="bbox 227 1342 1757 1419">
    <p class='ocr_par' dir='ltr' id='par_1_21' title="bbox 227 1342 1744 1415">
     <span class='ocr_line' id='line_1_21' title="bbox 227 1342 1744 1415; baseline 0 -18"><span class='ocrx_word' id='word_1_117' title='bbox 227 1345 423 1398; x_wconf 83' lang='grc' dir='ltr'>’1.’Ὂτι</span> <span class='ocrx_word' id='word_1_118' title='bbox 452 1345 509 1396; x_wconf 77' lang='grc' dir='ltr'>ὲν</span> <span class='ocrx_word' id='word_1_119' title='bbox 536 1346 602 1414; x_wconf 82' lang='grc' dir='ltr'>τῇ</span> <span class='ocrx_word' id='word_1_120' title='bbox 637 1344 781 1414; x_wconf 80' lang='grc' dir='ltr'>χειρὶ</span> <span class='ocrx_word' id='word_1_121' title='bbox 834 1342 935 1415; x_wconf 80' lang='grc' dir='ltr'>[ὅτι</span> <span class='ocrx_word' id='word_1_122' title='bbox 969 1344 1071 1397; x_wconf 80' lang='grc' dir='ltr'><strong>οὐκ</strong></span> <span class='ocrx_word' id='word_1_123' title='bbox 1115 1343 1397 1398; x_wconf 83' lang='grc' dir='ltr'><strong>ἀπώσεται</strong></span> <span class='ocrx_word' id='word_1_124' title='bbox 1426 1344 1631 1413; x_wconf 86' lang='grc' dir='ltr'>Κύριος</span> <span class='ocrx_word' id='word_1_125' title='bbox 1656 1346 1744 1397; x_wconf 80' lang='grc' dir='ltr'><strong>τὸν</strong></span> 
     </span>
    </p>
   </div>
   <div class='ocr_carea' id='block_1_22' title="bbox 1904 1342 3434 1419">
    <p class='ocr_par' dir='ltr' id='par_1_22' title="bbox 1924 1345 3434 1419">
     <span class='ocr_line' id='line_1_22' title="bbox 1924 1345 3434 1419; baseline 0.003 -22"><span class='ocrx_word' id='word_1_126' title='bbox 1924 1345 1974 1397; x_wconf 87' lang='grc'>7.</span> <span class='ocrx_word' id='word_1_127' title='bbox 2018 1345 2159 1411; x_wconf 85' lang='lat' dir='ltr'><strong>Quia</strong></span> <span class='ocrx_word' id='word_1_128' title='bbox 2219 1347 2275 1400; x_wconf 89' lang='lat' dir='ltr'><strong>in</strong></span> <span class='ocrx_word' id='word_1_129' title='bbox 2324 1362 2489 1401; x_wconf 91' lang='lat' dir='ltr'><strong>manu</strong></span> <span class='ocrx_word' id='word_1_130' title='bbox 2534 1345 2842 1419; x_wconf 84' lang='lat' dir='ltr'><strong>[Quoniam</strong></span> <span class='ocrx_word' id='word_1_131' title='bbox 2888 1366 2999 1405; x_wconf 89' lang='lat' dir='ltr'><strong>non</strong></span> <span class='ocrx_word' id='word_1_132' title='bbox 3052 1350 3274 1418; x_wconf 81' lang='lat' dir='ltr'><strong>repellet</strong></span> <span class='ocrx_word' id='word_1_133' title='bbox 3326 1347 3434 1402; x_wconf 87' lang='lat' dir='ltr'><strong>Dc-</strong></span> 
     </span>
    </p>
   </div>
   <div class='ocr_carea' id='block_1_23' title="bbox 151 1433 1681 1514">
    <p class='ocr_par' dir='ltr' id='par_1_23' title="bbox 151 1433 1681 1508">
     <span class='ocr_line' id='line_1_23' title="bbox 151 1433 1681 1508; baseline -0.001 -18"><span class='ocrx_word' id='word_1_134' title='bbox 151 1438 288 1491; x_wconf 79' lang='grc' dir='ltr'>λαὸν</span> <span class='ocrx_word' id='word_1_135' title='bbox 317 1436 480 1490; x_wconf 79' lang='grc' dir='ltr'>αὑτοῦ</span> <span class='ocrx_word' id='word_1_136' title='bbox 499 1453 512 1465; x_wconf 90' lang='grc'><strong>·</strong></span> <span class='ocrx_word' id='word_1_137' title='bbox 545 1437 627 1489; x_wconf 84' lang='grc' dir='ltr'><strong>ὅτι</strong></span> <span class='ocrx_word' id='word_1_138' title='bbox 660 1438 718 1488; x_wconf 81' lang='grc' dir='ltr'><strong>έν</strong></span> <span class='ocrx_word' id='word_1_139' title='bbox 748 1438 816 1506; x_wconf 84' lang='grc' dir='ltr'>τῇ</span> <span class='ocrx_word' id='word_1_140' title='bbox 848 1437 1015 1507; x_wconf 86' lang='grc' dir='ltr'>χειρί,</span> <span class='ocrx_word' id='word_1_141' title='bbox 1047 1436 1198 1508; x_wconf 79' lang='lat' dir='ltr'><strong>etc.]</strong></span> <span class='ocrx_word' id='word_1_142' title='bbox 1244 1434 1407 1489; x_wconf 78' lang='grc' dir='ltr'>αὑτοῦ</span> <span class='ocrx_word' id='word_1_143' title='bbox 1433 1433 1502 1486; x_wconf 73' lang='grc' dir='ltr'>τὰ</span> <span class='ocrx_word' id='word_1_144' title='bbox 1533 1436 1681 1488; x_wconf 51' lang='grc' dir='ltr'>πέοαι</span> 
     </span>
    </p>
   </div>
   <div class='ocr_carea' id='block_1_24' title="bbox 1906 1433 3436 1514">
    <p class='ocr_par' dir='ltr' id='par_1_24' title="bbox 1909 1436 3436 1514">
     <span class='ocr_line' id='line_1_24' title="bbox 1909 1436 3436 1514; baseline 0.005 -25"><span class='ocrx_word' id='word_1_145' title='bbox 1909 1436 2033 1490; x_wconf 91' lang='lat' dir='ltr'><strong>inus</strong></span> <span class='ocrx_word' id='word_1_146' title='bbox 2062 1437 2271 1507; x_wconf 84' lang='lat' dir='ltr'><strong>plebem</strong></span> <span class='ocrx_word' id='word_1_147' title='bbox 2309 1441 2640 1510; x_wconf 88' lang='lat' dir='ltr'><strong>suam,quia</strong></span> <span class='ocrx_word' id='word_1_148' title='bbox 2678 1440 2734 1494; x_wconf 90' lang='lat' dir='ltr'><strong>in</strong></span> <span class='ocrx_word' id='word_1_149' title='bbox 2767 1458 2952 1507; x_wconf 70' lang='lat' dir='ltr'><strong>manu,</strong></span> <span class='ocrx_word' id='word_1_150' title='bbox 2983 1442 3115 1514; x_wconf 90' lang='lat' dir='ltr'><strong>etc.]</strong></span> <span class='ocrx_word' id='word_1_151' title='bbox 3137 1444 3269 1498; x_wconf 80' lang='lat' dir='ltr'><strong>eius</strong></span> <span class='ocrx_word' id='word_1_152' title='bbox 3305 1443 3436 1497; x_wconf 76' lang='lat' dir='ltr'><strong>lines</strong></span> 
     </span>
    </p>
   </div>
   <div class='ocr_carea' id='block_1_25' title="bbox 150 1528 1680 1598">
    <p class='ocr_par' dir='ltr' id='par_1_25' title="bbox 150 1528 414 1598">
     <span class='ocr_line' id='line_1_25' title="bbox 150 1528 414 1598; baseline 0.008 -6"><span class='ocrx_word' id='word_1_153' title='bbox 150 1530 258 1598; x_wconf 80' lang='grc' dir='ltr'>τῆς</span> <span class='ocrx_word' id='word_1_154' title='bbox 288 1528 414 1598; x_wconf 80' lang='grc' dir='ltr'><strong>γῆς’</strong></span> 
     </span>
    </p>
   </div>
   <div class='ocr_carea' id='block_1_26' title="bbox 529 1528 2059 1598">
    <p class='ocr_par' dir='ltr' id='par_1_26' title="bbox 1852 1537 2059 1583">
     <span class='ocr_line' id='line_1_26' title="bbox 1852 1537 2059 1583; baseline 0.01 -3"><span class='ocrx_word' id='word_1_155' title='bbox 1852 1537 2011 1583; x_wconf 61' lang='lat' dir='ltr'><strong>terrm</strong></span> <span class='ocrx_word' id='word_1_156' title='bbox 2048 1548 2059 1582; x_wconf 96' lang='lat'>:</span> 
     </span>
    </p>
   </div>
   <div class='ocr_carea' id='block_1_27' title="bbox 227 1618 1757 1697">
    <p class='ocr_par' dir='ltr' id='par_1_27' title="bbox 227 1618 1380 1690">
     <span class='ocr_line' id='line_1_27' title="bbox 227 1618 1380 1690; baseline 0.003 -16"><span class='ocrx_word' id='word_1_157' title='bbox 227 1621 282 1674; x_wconf 92' lang='lat'><strong>8.</strong></span> <span class='ocrx_word' id='word_1_158' title='bbox 325 1620 435 1673; x_wconf 81' lang='lat' dir='ltr'><strong>Kal</strong></span> <span class='ocrx_word' id='word_1_159' title='bbox 461 1619 529 1672; x_wconf 82' lang='grc' dir='ltr'>τὰ</span> <span class='ocrx_word' id='word_1_160' title='bbox 552 1618 662 1689; x_wconf 77' lang='grc' dir='ltr'>ὕψη</span> <span class='ocrx_word' id='word_1_161' title='bbox 686 1620 795 1673; x_wconf 85' lang='grc' dir='ltr'>τῶν</span> <span class='ocrx_word' id='word_1_162' title='bbox 818 1619 987 1690; x_wconf 87' lang='grc' dir='ltr'>ὀρέων</span> <span class='ocrx_word' id='word_1_163' title='bbox 1018 1620 1183 1673; x_wconf 79' lang='grc' dir='ltr'>αὑτοῦ</span> <span class='ocrx_word' id='word_1_164' title='bbox 1217 1623 1380 1677; x_wconf 78' lang='grc' dir='ltr'>εἰσιν.</span> 
     </span>
    </p>
   </div>
   <div class='ocr_carea' id='block_1_28' title="bbox 1572 1618 3102 1697">
    <p class='ocr_par' dir='ltr' id='par_1_28' title="bbox 1918 1621 3102 1697">
     <span class='ocr_line' id='line_1_28' title="bbox 1918 1621 3102 1697; baseline 0.005 -23"><span class='ocrx_word' id='word_1_165' title='bbox 1918 1621 1969 1675; x_wconf 89' lang='grc'><strong>8.</strong></span> <span class='ocrx_word' id='word_1_166' title='bbox 2007 1621 2074 1676; x_wconf 85' lang='grc' dir='ltr'>Ει</span> <span class='ocrx_word' id='word_1_167' title='bbox 2097 1624 2413 1680; x_wconf 89' lang='lat' dir='ltr'><strong>altitudines</strong></span> <span class='ocrx_word' id='word_1_168' title='bbox 2442 1627 2713 1681; x_wconf 81' lang='lat' dir='ltr'><strong>montium</strong></span> <span class='ocrx_word' id='word_1_169' title='bbox 2748 1628 2922 1697; x_wconf 89' lang='lat' dir='ltr'><strong>ipsius</strong></span> <span class='ocrx_word' id='word_1_170' title='bbox 2956 1636 3102 1684; x_wconf 88' lang='lat' dir='ltr'><strong>sunt.</strong></span> 
     </span>
    </p>
   </div>
   <div class='ocr_carea' id='block_1_29' title="bbox 229 1711 1759 1841">
    <p class='ocr_par' dir='ltr' id='par_1_29' title="bbox 229 1711 1745 1841">
     <span class='ocr_line' id='line_1_29' title="bbox 229 1711 1745 1783; baseline 0.001 -18"><span class='ocrx_word' id='word_1_171' title='bbox 229 1713 284 1765; x_wconf 85' lang='lat'><strong>9.</strong></span> <span class='ocrx_word' id='word_1_172' title='bbox 302 1713 425 1766; x_wconf 83' lang='grc' dir='ltr'>Ὅτι</span> <span class='ocrx_word' id='word_1_173' title='bbox 450 1712 617 1765; x_wconf 82' lang='grc' dir='ltr'>αὐτοῦ</span> <span class='ocrx_word' id='word_1_174' title='bbox 647 1713 795 1766; x_wconf 78' lang='grc' dir='ltr'>ἐστιν</span> <span class='ocrx_word' id='word_1_175' title='bbox 823 1713 856 1783; x_wconf 82' lang='grc' dir='ltr'>ἡ</span> <span class='ocrx_word' id='word_1_176' title='bbox 886 1711 1153 1779; x_wconf 85' lang='grc' dir='ltr'>θάλασσα,</span> <span class='ocrx_word' id='word_1_177' title='bbox 1179 1714 1274 1766; x_wconf 77' lang='lat' dir='ltr'><strong>xal</strong></span> <span class='ocrx_word' id='word_1_178' title='bbox 1303 1716 1466 1780; x_wconf 80' lang='grc' dir='ltr'>αὐτὸς</span> <span class='ocrx_word' id='word_1_179' title='bbox 1492 1714 1745 1775; x_wconf 73' lang='grc' dir='ltr'>εποίησεν</span> 
     </span>
     <span class='ocr_line' id='line_1_30' title="bbox 230 1805 363 1841; baseline 0 0"><span class='ocrx_word' id='word_1_180' title='bbox 230 1805 331 1841; x_wconf 62' lang='grc' dir='ltr'>ηιμ.</span> <span class='ocrx_word' id='word_1_181' title='bbox 349 1821 363 1833; x_wconf 84' lang='lat'><strong>-</strong></span> 
     </span>
    </p>
   </div>
   <div class='ocr_carea' id='block_1_30' title="bbox 1869 1711 3399 1841">
    <p class='ocr_par' dir='ltr' id='par_1_30' title="bbox 1921 1712 3399 1790">
     <span class='ocr_line' id='line_1_31' title="bbox 1921 1712 3399 1790; baseline 0.005 -24"><span class='ocrx_word' id='word_1_182' title='bbox 1921 1712 1974 1766; x_wconf 89' lang='lat'><strong>9.</strong></span> <span class='ocrx_word' id='word_1_183' title='bbox 2025 1712 2296 1779; x_wconf 86' lang='lat' dir='ltr'><strong>Quoniam</strong></span> <span class='ocrx_word' id='word_1_184' title='bbox 2334 1716 2505 1786; x_wconf 89' lang='lat' dir='ltr'><strong>ipsius</strong></span> <span class='ocrx_word' id='word_1_185' title='bbox 2532 1727 2615 1773; x_wconf 86' lang='lat' dir='ltr'><strong>est</strong></span> <span class='ocrx_word' id='word_1_186' title='bbox 2646 1733 2821 1785; x_wconf 88' lang='lat' dir='ltr'><strong>mare,</strong></span> <span class='ocrx_word' id='word_1_187' title='bbox 2850 1728 2905 1775; x_wconf 90' lang='lat' dir='ltr'><strong>et</strong></span> <span class='ocrx_word' id='word_1_188' title='bbox 2936 1720 3052 1790; x_wconf 88' lang='lat' dir='ltr'><strong>ipse</strong></span> <span class='ocrx_word' id='word_1_189' title='bbox 3077 1720 3206 1775; x_wconf 83' lang='lat' dir='ltr'><strong>fecit</strong></span> <span class='ocrx_word' id='word_1_190' title='bbox 3230 1718 3361 1774; x_wconf 85' lang='lat' dir='ltr'><strong>illud</strong></span> <span class='ocrx_word' id='word_1_191' title='bbox 3387 1738 3399 1774; x_wconf 94' lang='lat'>:</span> 
     </span>
    </p>
   </div>
   <div class='ocr_carea' id='block_1_31' title="bbox 152 1805 655 1876">
    <p class='ocr_par' dir='ltr' id='par_1_31' title="bbox 152 1805 655 1876">
     <span class='ocr_line' id='line_1_32' title="bbox 152 1805 655 1876; baseline 0.002 -20"><span class='ocrx_word' id='word_1_192' title='bbox 152 1805 363 1876; x_wconf 83' lang='grc' dir='ltr'>αὐτήν·</span> <span class='ocrx_word' id='word_1_193' title='bbox 652 1846 655 1849; x_wconf 90' lang='grc'><strong>.</strong></span> 
     </span>
    </p>
   </div>
   <div class='ocr_carea' id='block_1_32' title="bbox 1289 1962 2308 2027">
    <p class='ocr_par' dir='ltr' id='par_1_32' title="bbox 1289 1962 2308 2027">
     <span class='ocr_line' id='line_1_33' title="bbox 1289 1962 2308 2027; baseline 0.008 -9"><span class='ocrx_word' id='word_1_194' title='bbox 1289 1962 1671 2019; x_wconf 81' lang='lat' dir='ltr'><strong>ATHANASII</strong></span> <span class='ocrx_word' id='word_1_195' title='bbox 1709 1963 2308 2027; x_wconf 78' lang='lat' dir='ltr'><strong>INTERPRETATIO.</strong></span> 
     </span>
    </p>
   </div>
   <div class='ocr_carea' id='block_1_33' title="bbox 237 2121 3432 2200">
    <p class='ocr_par' dir='ltr' id='par_1_33' title="bbox 237 2121 3432 2200">
     <span class='ocr_line' id='line_1_34' title="bbox 237 2121 3432 2200; baseline 0.003 -26"><span class='ocrx_word' id='word_1_196' title='bbox 237 2123 303 2175; x_wconf 88' lang='grc' dir='ltr'><strong>Ἦ</strong></span> <span class='ocrx_word' id='word_1_197' title='bbox 326 2122 664 2194; x_wconf 75' lang='grc' dir='ltr'>προκειμένη</span> <span class='ocrx_word' id='word_1_198' title='bbox 687 2123 970 2197; x_wconf 78' lang='grc' dir='ltr'>ἐπιγραφὴ</span> <span class='ocrx_word' id='word_1_199' title='bbox 1000 2124 1244 2195; x_wconf 80' lang='grc' dir='ltr'>περιέχει</span> <span class='ocrx_word' id='word_1_200' title='bbox 1271 2124 1379 2195; x_wconf 78' lang='grc'><strong>(1)⁶</strong></span> <span class='ocrx_word' id='word_1_201' title='bbox 1405 2121 1586 2191; x_wconf 76' lang='grc' dir='ltr'>Αἶνος</span> <span class='ocrx_word' id='word_1_202' title='bbox 1616 2126 1776 2197; x_wconf 83' lang='grc' dir='ltr'><strong>ᾠδῆς</strong></span> <span class='ocrx_word' id='word_1_203' title='bbox 1806 2125 1886 2193; x_wconf 81' lang='grc' dir='ltr'><strong>τῷ</strong></span> <span class='ocrx_word' id='word_1_204' title='bbox 1918 2127 2117 2191; x_wconf 79' lang='grc' dir='ltr'>Δαϐίδ,</span> <span class='ocrx_word' id='word_1_205' title='bbox 2152 2128 2561 2197; x_wconf 70' lang='grc' dir='ltr'>ἀνεπίγραφος</span> <span class='ocrx_word' id='word_1_206' title='bbox 2588 2131 2723 2197; x_wconf 82' lang='grc' dir='ltr'>παρ’</span> <span class='ocrx_word' id='word_1_207' title='bbox 2740 2131 3043 2200; x_wconf 83' lang='grc' dir='ltr'>Ἑϐραίοις,</span> <span class='ocrx_word' id='word_1_208' title='bbox 3068 2132 3143 2195; x_wconf 84' lang='grc' dir='ltr'>ὡς</span> <span class='ocrx_word' id='word_1_209' title='bbox 3171 2131 3432 2196; x_wconf 82' lang='grc' dir='ltr'><strong>πολλάκις</strong></span> 
     </span>
    </p>
   </div>
   <div class='ocr_carea' id='block_1_34' title="bbox 152 2208 3434 2288">
    <p class='ocr_par' dir='ltr' id='par_1_34' title="bbox 152 2208 3434 2288">
     <span class='ocr_line' id='line_1_35' title="bbox 152 2208 3434 2288; baseline 0.001 -19"><span class='ocrx_word' id='word_1_210' title='bbox 152 2216 484 2287; x_wconf 74' lang='grc' dir='ltr'>εἰρήκαμεν,</span> <span class='ocrx_word' id='word_1_211' title='bbox 511 2210 659 2279; x_wconf 73' lang='grc' dir='ltr'>αἶνος</span> <span class='ocrx_word' id='word_1_212' title='bbox 689 2216 831 2286; x_wconf 82' lang='grc' dir='ltr'>ᾠδῆς</span> <span class='ocrx_word' id='word_1_213' title='bbox 853 2212 934 2279; x_wconf 84' lang='grc' dir='ltr'><strong>τῷ</strong></span> <span class='ocrx_word' id='word_1_214' title='bbox 959 2212 1144 2280; x_wconf 79' lang='grc' dir='ltr'>ἱκανῷ</span> <span class='ocrx_word' id='word_1_215' title='bbox 1165 2215 1241 2284; x_wconf 81' lang='grc' dir='ltr'>τῇ</span> <span class='ocrx_word' id='word_1_216' title='bbox 1267 2215 1442 2284; x_wconf 79' lang='grc' dir='ltr'>χειρὶ,</span> <span class='ocrx_word' id='word_1_217' title='bbox 1466 2217 1719 2270; x_wconf 81' lang='grc' dir='ltr'><strong>τουτέστι</strong></span> <span class='ocrx_word' id='word_1_218' title='bbox 1748 2216 1828 2283; x_wconf 82' lang='grc' dir='ltr'>τῷ</span> <span class='ocrx_word' id='word_1_219' title='bbox 1857 2218 1969 2285; x_wconf 87' lang='grc' dir='ltr'><strong>Υίῷ</strong></span> <span class='ocrx_word' id='word_1_220' title='bbox 1992 2218 2101 2271; x_wconf 84' lang='grc' dir='ltr'><strong>τοῦ</strong></span> <span class='ocrx_word' id='word_1_221' title='bbox 2120 2208 2299 2271; x_wconf 73' lang='grc' dir='ltr'>Θεοῦ.</span> <span class='ocrx_word' id='word_1_222' title='bbox 2329 2213 2462 2270; x_wconf 84' lang='grc' dir='ltr'>Εἶτα</span> <span class='ocrx_word' id='word_1_223' title='bbox 2489 2218 2899 2288; x_wconf 60' lang='grc' dir='ltr'>ἀνεπίγραφος</span> <span class='ocrx_word' id='word_1_224' title='bbox 2930 2220 3070 2287; x_wconf 82' lang='grc' dir='ltr'>παρ’</span> <span class='ocrx_word' id='word_1_225' title='bbox 3110 2220 3403 2286; x_wconf 81' lang='grc' dir='ltr'>Ἑϐραίοις</span> <span class='ocrx_word' id='word_1_226' title='bbox 3427 2236 3434 2242; x_wconf 61' lang='grc'><strong><em>⁸</em></strong></span> 
     </span>
    </p>
   </div>
   <div class='ocr_carea' id='block_1_35' title="bbox 151 2305 3434 2385">
    <p class='ocr_par' dir='ltr' id='par_1_35' title="bbox 151 2305 3434 2385">
     <span class='ocr_line' id='line_1_36' title="bbox 151 2305 3434 2385; baseline 0.002 -26"><span class='ocrx_word' id='word_1_227' title='bbox 151 2306 236 2369; x_wconf 83' lang='grc' dir='ltr'>ὠς</span> <span class='ocrx_word' id='word_1_228' title='bbox 262 2305 527 2369; x_wconf 85' lang='grc' dir='ltr'>πολλάκις</span> <span class='ocrx_word' id='word_1_229' title='bbox 563 2307 870 2378; x_wconf 82' lang='grc' dir='ltr'>εἰρήκαμεν</span> <span class='ocrx_word' id='word_1_230' title='bbox 910 2310 987 2383; x_wconf 73' lang='grc'><strong>(2)</strong></span> <span class='ocrx_word' id='word_1_231' title='bbox 1012 2329 1023 2341; x_wconf 89' lang='grc'><strong>·</strong></span> <span class='ocrx_word' id='word_1_232' title='bbox 1053 2312 1114 2364; x_wconf 80' lang='grc' dir='ltr'><strong>οὐ</strong></span> <span class='ocrx_word' id='word_1_233' title='bbox 1135 2311 1244 2383; x_wconf 82' lang='grc' dir='ltr'><strong>γὰρ</strong></span> <span class='ocrx_word' id='word_1_234' title='bbox 1271 2312 1455 2382; x_wconf 83' lang='grc' dir='ltr'>έχουσι</span> <span class='ocrx_word' id='word_1_235' title='bbox 1489 2313 1587 2384; x_wconf 80' lang='grc' dir='ltr'>τὴν</span> <span class='ocrx_word' id='word_1_236' title='bbox 1620 2314 1969 2369; x_wconf 82' lang='grc' dir='ltr'>διδασκαλίαν</span> <span class='ocrx_word' id='word_1_237' title='bbox 2014 2315 2108 2368; x_wconf 86' lang='grc' dir='ltr'><strong>τοῦ</strong></span> <span class='ocrx_word' id='word_1_238' title='bbox 2154 2314 2371 2385; x_wconf 73' lang='grc' dir='ltr'>ψαλμοῦ</span> <span class='ocrx_word' id='word_1_239' title='bbox 2402 2316 2459 2367; x_wconf 82' lang='grc' dir='ltr'>ὲν</span> <span class='ocrx_word' id='word_1_240' title='bbox 2496 2317 2614 2378; x_wconf 87' lang='grc' dir='ltr'>ταῖς</span> <span class='ocrx_word' id='word_1_241' title='bbox 2645 2315 2892 2385; x_wconf 84' lang='grc' dir='ltr'>καρδίαις</span> <span class='ocrx_word' id='word_1_242' title='bbox 2926 2315 3126 2369; x_wconf 82' lang='grc' dir='ltr'>αὐτῶν.</span> <span class='ocrx_word' id='word_1_243' title='bbox 3186 2314 3292 2366; x_wconf 87' lang='grc' dir='ltr'><strong>Τοῦ</strong></span> <span class='ocrx_word' id='word_1_244' title='bbox 3329 2313 3434 2384; x_wconf 71' lang='grc' dir='ltr'><strong>γὰ(</strong></span> 
     </span>
    </p>
   </div>
   <div class='ocr_carea' id='block_1_36' title="bbox 149 2397 3434 2477">
    <p class='ocr_par' dir='ltr' id='par_1_36' title="bbox 149 2397 3434 2477">
     <span class='ocr_line' id='line_1_37' title="bbox 149 2397 3434 2477; baseline 0.002 -28"><span class='ocrx_word' id='word_1_245' title='bbox 149 2397 377 2467; x_wconf 75' lang='grc' dir='ltr'>ψαλμοῦ</span> <span class='ocrx_word' id='word_1_246' title='bbox 402 2397 691 2461; x_wconf 85' lang='grc' dir='ltr'>καλοῦντος</span> <span class='ocrx_word' id='word_1_247' title='bbox 720 2400 918 2465; x_wconf 79' lang='grc' dir='ltr'>αὐτοὺς</span> <span class='ocrx_word' id='word_1_248' title='bbox 946 2401 1086 2472; x_wconf 80' lang='grc' dir='ltr'>πρὸς</span> <span class='ocrx_word' id='word_1_249' title='bbox 1112 2404 1203 2456; x_wconf 83' lang='grc' dir='ltr'><strong>τὸν</strong></span> <span class='ocrx_word' id='word_1_250' title='bbox 1232 2402 1457 2477; x_wconf 81' lang='grc' dir='ltr'>Κύριον,</span> <span class='ocrx_word' id='word_1_251' title='bbox 1481 2405 1576 2457; x_wconf 74' lang='grc' dir='ltr'><strong>καὶ</strong></span> <span class='ocrx_word' id='word_1_252' title='bbox 1604 2404 1765 2459; x_wconf 80' lang='grc' dir='ltr'>πάλιν</span> <span class='ocrx_word' id='word_1_253' title='bbox 1778 2405 2048 2474; x_wconf 87' lang='grc' dir='ltr'>λέγοντος·</span> <span class='ocrx_word' id='word_1_254' title='bbox 2077 2404 2349 2474; x_wconf 81' lang='grc' dir='ltr'>Σήμερον</span> <span class='ocrx_word' id='word_1_255' title='bbox 2376 2406 2487 2458; x_wconf 78' lang='grc' dir='ltr'><strong>ἐὰν</strong></span> <span class='ocrx_word' id='word_1_256' title='bbox 2512 2405 2625 2474; x_wconf 85' lang='grc' dir='ltr'>τῆς</span> <span class='ocrx_word' id='word_1_257' title='bbox 2656 2406 2863 2476; x_wconf 72' lang='grc' dir='ltr'><strong>φωνῆς</strong></span> <span class='ocrx_word' id='word_1_258' title='bbox 2893 2404 3081 2460; x_wconf 83' lang='grc' dir='ltr'>αὐτοῦ</span> <span class='ocrx_word' id='word_1_259' title='bbox 3106 2405 3434 2472; x_wconf 81' lang='grc' dir='ltr'>ἀκούσητε,</span> 
     </span>
    </p>
   </div>
   <div class='ocr_carea' id='block_1_37' title="bbox 145 2489 3427 2563">
    <p class='ocr_par' dir='ltr' id='par_1_37' title="bbox 145 2489 3427 2563">
     <span class='ocr_line' id='line_1_38' title="bbox 145 2489 3427 2563; baseline 0.001 -21"><span class='ocrx_word' id='word_1_260' title='bbox 145 2489 240 2558; x_wconf 81' lang='grc' dir='ltr'><strong>μὴ</strong></span> <span class='ocrx_word' id='word_1_261' title='bbox 274 2490 659 2557; x_wconf 78' lang='grc' dir='ltr'>σκληρύνητε</span> <span class='ocrx_word' id='word_1_262' title='bbox 680 2490 788 2555; x_wconf 85' lang='grc' dir='ltr'>τὰς</span> <span class='ocrx_word' id='word_1_263' title='bbox 819 2490 1068 2558; x_wconf 80' lang='grc' dir='ltr'>καρδίας</span> <span class='ocrx_word' id='word_1_264' title='bbox 1090 2489 1373 2559; x_wconf 61' lang='grc' dir='ltr'><strong>ὐμῶνβ).</strong></span> <span class='ocrx_word' id='word_1_265' title='bbox 1402 2492 1704 2555; x_wconf 90' lang='grc' dir='ltr'>Λαλοῦντος</span> <span class='ocrx_word' id='word_1_266' title='bbox 1734 2493 1791 2545; x_wconf 85' lang='grc' dir='ltr'>δὲ</span> <span class='ocrx_word' id='word_1_267' title='bbox 1814 2494 1996 2557; x_wconf 78' lang='grc' dir='ltr'>αὐτοῖς</span> <span class='ocrx_word' id='word_1_268' title='bbox 2019 2492 2113 2546; x_wconf 86' lang='grc' dir='ltr'><strong>τοῦ</strong></span> <span class='ocrx_word' id='word_1_269' title='bbox 2145 2492 2352 2562; x_wconf 82' lang='grc' dir='ltr'>Κυρίου</span> <span class='ocrx_word' id='word_1_270' title='bbox 2378 2494 2436 2545; x_wconf 81' lang='grc' dir='ltr'>ὲν</span> <span class='ocrx_word' id='word_1_271' title='bbox 2467 2495 2533 2563; x_wconf 84' lang='grc' dir='ltr'>τῇ</span> <span class='ocrx_word' id='word_1_272' title='bbox 2564 2493 2837 2563; x_wconf 83' lang='grc' dir='ltr'>παρουσίᾳ</span> <span class='ocrx_word' id='word_1_273' title='bbox 2865 2491 3053 2556; x_wconf 82' lang='grc' dir='ltr'>αὑτοῦ,</span> <span class='ocrx_word' id='word_1_274' title='bbox 3073 2493 3171 2562; x_wconf 83' lang='grc' dir='ltr'><strong>οὐχ</strong></span> <span class='ocrx_word' id='word_1_275' title='bbox 3198 2493 3427 2563; x_wconf 73' lang='grc' dir='ltr'><strong>ὑπήκου⁶</strong></span> 
     </span>
    </p>
   </div>
   <div class='ocr_carea' id='block_1_38' title="bbox 151 2575 3415 2657">
    <p class='ocr_par' dir='ltr' id='par_1_38' title="bbox 151 2575 3415 2657">
     <span class='ocr_line' id='line_1_39' title="bbox 151 2575 3415 2657; baseline 0.002 -28"><span class='ocrx_word' id='word_1_276' title='bbox 151 2593 260 2629; x_wconf 86' lang='grc' dir='ltr'><strong>σαν</strong></span> <span class='ocrx_word' id='word_1_277' title='bbox 295 2575 459 2629; x_wconf 81' lang='grc' dir='ltr'>αὑτοῦ</span> <span class='ocrx_word' id='word_1_278' title='bbox 478 2591 489 2604; x_wconf 73' lang='grc'><strong>⁸</strong></span> <span class='ocrx_word' id='word_1_279' title='bbox 513 2576 592 2630; x_wconf 87' lang='grc' dir='ltr'><strong>διὸ</strong></span> <span class='ocrx_word' id='word_1_280' title='bbox 616 2576 1021 2648; x_wconf 84' lang='grc' dir='ltr'>ἐπιγέγραπται</span> <span class='ocrx_word' id='word_1_281' title='bbox 1049 2578 1421 2649; x_wconf 84' lang='grc' dir='ltr'>ἀνεπίγραφος</span> <span class='ocrx_word' id='word_1_282' title='bbox 1448 2583 1577 2651; x_wconf 79' lang='grc' dir='ltr'>παρ’</span> <span class='ocrx_word' id='word_1_283' title='bbox 1608 2581 1903 2657; x_wconf 75' lang='grc' dir='ltr'>Ἑϐραίοις.</span> <span class='ocrx_word' id='word_1_284' title='bbox 1936 2582 2048 2653; x_wconf 86' lang='grc' dir='ltr'>Τῆς</span> <span class='ocrx_word' id='word_1_285' title='bbox 2073 2582 2181 2653; x_wconf 85' lang='grc' dir='ltr'>γὰρ</span> <span class='ocrx_word' id='word_1_286' title='bbox 2206 2580 2583 2653; x_wconf 83' lang='grc' dir='ltr'>παραγγελίας</span> <span class='ocrx_word' id='word_1_287' title='bbox 2605 2584 2701 2635; x_wconf 86' lang='grc' dir='ltr'><strong>τοῦ</strong></span> <span class='ocrx_word' id='word_1_288' title='bbox 2720 2584 2935 2657; x_wconf 72' lang='grc' dir='ltr'>ψαλμοῦ</span> <span class='ocrx_word' id='word_1_289' title='bbox 2965 2585 3063 2654; x_wconf 80' lang='grc' dir='ltr'>οὐχ</span> <span class='ocrx_word' id='word_1_290' title='bbox 3094 2585 3415 2654; x_wconf 84' lang='grc' dir='ltr'>ὑπήκουσαν</span> 
     </span>
    </p>
   </div>
   <div class='ocr_carea' id='block_1_39' title="bbox 148 2656 3433 2757">
    <p class='ocr_par' dir='ltr' id='par_1_39' title="bbox 148 2656 3433 2757">
     <span class='ocr_line' id='line_1_40' title="bbox 148 2656 3433 2757; baseline 0.001 -34"><span class='ocrx_word' id='word_1_291' title='bbox 148 2669 231 2735; x_wconf 85' lang='grc' dir='ltr'>ὡς</span> <span class='ocrx_word' id='word_1_292' title='bbox 265 2672 340 2743; x_wconf 84' lang='grc' dir='ltr'>μὴ</span> <span class='ocrx_word' id='word_1_293' title='bbox 374 2671 588 2741; x_wconf 75' lang='grc' dir='ltr'>ἔχοντες</span> <span class='ocrx_word' id='word_1_294' title='bbox 617 2673 780 2725; x_wconf 82' lang='grc' dir='ltr'>αὐτὸν</span> <span class='ocrx_word' id='word_1_295' title='bbox 815 2676 872 2726; x_wconf 82' lang='grc' dir='ltr'>ὲν</span> <span class='ocrx_word' id='word_1_296' title='bbox 902 2672 1088 2737; x_wconf 77' lang='grc' dir='ltr'>αὐτοῖς</span> <span class='ocrx_word' id='word_1_297' title='bbox 1125 2674 1222 2745; x_wconf 72' lang='grc'>(4).</span> <span class='ocrx_word' id='word_1_298' title='bbox 1258 2674 1470 2729; x_wconf 77' lang='grc' dir='ltr'>Οὐκοῦν</span> <span class='ocrx_word' id='word_1_299' title='bbox 1496 2656 1901 2747; x_wconf 56' lang='grc' dir='ltr'>ἀνεπίγραφος</span> <span class='ocrx_word' id='word_1_300' title='bbox 1935 2679 2073 2746; x_wconf 82' lang='grc' dir='ltr'>παρ’</span> <span class='ocrx_word' id='word_1_301' title='bbox 2110 2678 2403 2757; x_wconf 78' lang='grc' dir='ltr'>Ἑϐραίοις</span> <span class='ocrx_word' id='word_1_302' title='bbox 2433 2681 2465 2733; x_wconf 85' lang='grc' dir='ltr'><strong><em>ό</em></strong></span> <span class='ocrx_word' id='word_1_303' title='bbox 2486 2656 2765 2747; x_wconf 12' lang='grc' dir='ltr'><strong>ψαλμὸςν,</strong></span> <span class='ocrx_word' id='word_1_304' title='bbox 2798 2676 3001 2729; x_wconf 73' lang='grc' dir='ltr'>ὡσανεὶ</span> <span class='ocrx_word' id='word_1_305' title='bbox 3030 2674 3398 2746; x_wconf 86' lang='grc' dir='ltr'>ἁπρόσδεκτος</span> <span class='ocrx_word' id='word_1_306' title='bbox 3421 2692 3433 2704; x_wconf 88' lang='grc'>·</span> 
     </span>
    </p>
   </div>
   <div class='ocr_carea' id='block_1_40' title="bbox 150 2762 944 2835">
    <p class='ocr_par' dir='ltr' id='par_1_40' title="bbox 150 2762 944 2835">
     <span class='ocr_line' id='line_1_41' title="bbox 150 2762 944 2835; baseline 0.009 -21"><span class='ocrx_word' id='word_1_307' title='bbox 150 2763 215 2815; x_wconf 81' lang='grc' dir='ltr'><strong>οὐ</strong></span> <span class='ocrx_word' id='word_1_308' title='bbox 254 2762 364 2834; x_wconf 81' lang='grc' dir='ltr'>γὰρ</span> <span class='ocrx_word' id='word_1_309' title='bbox 398 2764 715 2835; x_wconf 81' lang='grc' dir='ltr'>ὑπήκουσαν</span> <span class='ocrx_word' id='word_1_310' title='bbox 755 2767 944 2823; x_wconf 83' lang='grc' dir='ltr'>αὐτοῦ.</span> 
     </span>
    </p>
   </div>
   <div class='ocr_carea' id='block_1_41' title="bbox 230 2874 3423 2951">
    <p class='ocr_par' dir='ltr' id='par_1_41' title="bbox 230 2874 3423 2951">
     <span class='ocr_line' id='line_1_42' title="bbox 230 2874 3423 2951; baseline 0.001 -23"><span class='ocrx_word' id='word_1_311' title='bbox 230 2874 453 2931; x_wconf 80' lang='lat' dir='ltr'><strong>Titulus</strong></span> <span class='ocrx_word' id='word_1_312' title='bbox 482 2880 808 2949; x_wconf 69' lang='lat' dir='ltr'><strong>prwpositus</strong></span> <span class='ocrx_word' id='word_1_313' title='bbox 851 2881 1133 2937; x_wconf 89' lang='lat' dir='ltr'><strong>continet:</strong></span> <span class='ocrx_word' id='word_1_314' title='bbox 1163 2881 1309 2936; x_wconf 81' lang='lat' dir='ltr'><strong>Laus</strong></span> <span class='ocrx_word' id='word_1_315' title='bbox 1340 2882 1537 2936; x_wconf 87' lang='lat' dir='ltr'><strong>cantici</strong></span> <span class='ocrx_word' id='word_1_316' title='bbox 1563 2880 1732 2935; x_wconf 84' lang='lat' dir='ltr'><strong>David</strong></span> <span class='ocrx_word' id='word_1_317' title='bbox 1763 2880 1875 2935; x_wconf 82' lang='lat' dir='ltr'><strong>sine</strong></span> <span class='ocrx_word' id='word_1_318' title='bbox 1908 2879 2068 2935; x_wconf 80' lang='lat' dir='ltr'><strong>titulo</strong></span> <span class='ocrx_word' id='word_1_319' title='bbox 2106 2880 2247 2951; x_wconf 87' lang='lat' dir='ltr'><strong>apud</strong></span> <span class='ocrx_word' id='word_1_320' title='bbox 2276 2878 2552 2945; x_wconf 61' lang='lat' dir='ltr'><strong>Hebraeos,</strong></span> <span class='ocrx_word' id='word_1_321' title='bbox 2582 2887 2643 2933; x_wconf 91' lang='lat' dir='ltr'><strong>ut</strong></span> <span class='ocrx_word' id='word_1_322' title='bbox 2670 2893 2812 2948; x_wconf 69' lang='lat' dir='ltr'><strong>saepe</strong></span> <span class='ocrx_word' id='word_1_323' title='bbox 2847 2875 3105 2940; x_wconf 81' lang='lat' dir='ltr'><strong>diximus.</strong></span> <span class='ocrx_word' id='word_1_324' title='bbox 3143 2879 3263 2933; x_wconf 88' lang='lat' dir='ltr'><strong>laus</strong></span> <span class='ocrx_word' id='word_1_325' title='bbox 3307 2893 3423 2933; x_wconf 89' lang='lat' dir='ltr'><strong>can-</strong></span> 
     </span>
    </p>
   </div>
   <div class='ocr_carea' id='block_1_42' title="bbox 134 2967 3433 3047">
    <p class='ocr_par' dir='ltr' id='par_1_42' title="bbox 134 2967 3433 3047">
     <span class='ocr_line' id='line_1_43' title="bbox 134 2967 3433 3047; baseline 0 -23"><span class='ocrx_word' id='word_1_326' title='bbox 134 2967 254 3024; x_wconf 83' lang='lat' dir='ltr'><strong>:tici</strong></span> <span class='ocrx_word' id='word_1_327' title='bbox 282 2984 450 3021; x_wconf 77' lang='lat' dir='ltr'><strong>manu</strong></span> <span class='ocrx_word' id='word_1_328' title='bbox 484 2968 639 3037; x_wconf 82' lang='lat' dir='ltr'><strong>forti,</strong></span> <span class='ocrx_word' id='word_1_329' title='bbox 682 2970 790 3025; x_wconf 91' lang='lat' dir='ltr'><strong>hoc</strong></span> <span class='ocrx_word' id='word_1_330' title='bbox 818 2980 922 3040; x_wconf 89' lang='lat' dir='ltr'><strong>est,</strong></span> <span class='ocrx_word' id='word_1_331' title='bbox 961 2971 1061 3027; x_wconf 88' lang='lat' dir='ltr'><strong>Dei</strong></span> <span class='ocrx_word' id='word_1_332' title='bbox 1096 2972 1263 3028; x_wconf 88' lang='lat' dir='ltr'><strong>Filio.</strong></span> <span class='ocrx_word' id='word_1_333' title='bbox 1306 2972 1511 3047; x_wconf 83' lang='lat' dir='ltr'><strong>Deinde</strong></span> <span class='ocrx_word' id='word_1_334' title='bbox 1534 2973 1646 3026; x_wconf 85' lang='lat' dir='ltr'><strong>sine</strong></span> <span class='ocrx_word' id='word_1_335' title='bbox 1682 2970 1839 3025; x_wconf 81' lang='lat' dir='ltr'><strong>titulo</strong></span> <span class='ocrx_word' id='word_1_336' title='bbox 1884 2971 2025 3041; x_wconf 86' lang='lat' dir='ltr'><strong>apud</strong></span> <span class='ocrx_word' id='word_1_337' title='bbox 2056 2970 2354 3025; x_wconf 77' lang='lat' dir='ltr'><strong>Hebrwos:</strong></span> <span class='ocrx_word' id='word_1_338' title='bbox 2394 2986 2503 3024; x_wconf 89' lang='lat' dir='ltr'><strong>non</strong></span> <span class='ocrx_word' id='word_1_339' title='bbox 2545 2968 2712 3035; x_wconf 88' lang='lat' dir='ltr'><strong>enim,</strong></span> <span class='ocrx_word' id='word_1_340' title='bbox 2754 2978 2814 3023; x_wconf 91' lang='lat' dir='ltr'><strong>ut</strong></span> <span class='ocrx_word' id='word_1_341' title='bbox 2854 2984 2995 3039; x_wconf 67' lang='lat' dir='ltr'><strong>saepe</strong></span> <span class='ocrx_word' id='word_1_342' title='bbox 3033 2969 3295 3037; x_wconf 79' lang='lat' dir='ltr'><strong>diximus,</strong></span> <span class='ocrx_word' id='word_1_343' title='bbox 3338 2971 3433 3025; x_wconf 41' lang='lat' dir='ltr'><strong>har</strong></span> 
     </span>
    </p>
   </div>
   <div class='ocr_carea' id='block_1_43' title="bbox 150 3064 3431 3138">
    <p class='ocr_par' dir='ltr' id='par_1_43' title="bbox 150 3064 3431 3138">
     <span class='ocr_line' id='line_1_44' title="bbox 150 3064 3431 3138; baseline 0.001 -21"><span class='ocrx_word' id='word_1_344' title='bbox 150 3064 289 3118; x_wconf 87' lang='lat' dir='ltr'><strong>bent</strong></span> <span class='ocrx_word' id='word_1_345' title='bbox 315 3064 620 3118; x_wconf 81' lang='lat' dir='ltr'><strong>doctrinam</strong></span> <span class='ocrx_word' id='word_1_346' title='bbox 653 3067 847 3136; x_wconf 88' lang='lat' dir='ltr'><strong>psalmi</strong></span> <span class='ocrx_word' id='word_1_347' title='bbox 881 3070 937 3122; x_wconf 92' lang='lat' dir='ltr'><strong>in</strong></span> <span class='ocrx_word' id='word_1_348' title='bbox 979 3069 1242 3124; x_wconf 86' lang='lat' dir='ltr'><strong>cordibus</strong></span> <span class='ocrx_word' id='word_1_349' title='bbox 1273 3070 1408 3124; x_wconf 89' lang='lat' dir='ltr'><strong>suis.</strong></span> <span class='ocrx_word' id='word_1_350' title='bbox 1443 3066 1580 3123; x_wconf 86' lang='lat' dir='ltr'><strong>Nam</strong></span> <span class='ocrx_word' id='word_1_351' title='bbox 1623 3068 1838 3138; x_wconf 85' lang='lat' dir='ltr'><strong>psalmo</strong></span> <span class='ocrx_word' id='word_1_352' title='bbox 1868 3076 2097 3123; x_wconf 86' lang='lat' dir='ltr'><strong>vocante</strong></span> <span class='ocrx_word' id='word_1_353' title='bbox 2112 3083 2208 3123; x_wconf 89' lang='lat' dir='ltr'><strong>eos</strong></span> <span class='ocrx_word' id='word_1_354' title='bbox 2230 3068 2295 3121; x_wconf 90' lang='lat' dir='ltr'><strong>ad</strong></span> <span class='ocrx_word' id='word_1_355' title='bbox 2326 3065 2644 3132; x_wconf 90' lang='lat' dir='ltr'><strong>Dominum,</strong></span> <span class='ocrx_word' id='word_1_356' title='bbox 2671 3073 2726 3120; x_wconf 91' lang='lat' dir='ltr'><strong>et</strong></span> <span class='ocrx_word' id='word_1_357' title='bbox 2755 3082 2946 3121; x_wconf 87' lang='lat' dir='ltr'><strong>rursus</strong></span> <span class='ocrx_word' id='word_1_358' title='bbox 2978 3066 3191 3121; x_wconf 90' lang='lat' dir='ltr'><strong>dicente</strong></span> <span class='ocrx_word' id='word_1_359' title='bbox 3218 3086 3231 3120; x_wconf 87' lang='lat'><strong>:</strong></span> <span class='ocrx_word' id='word_1_360' title='bbox 3266 3065 3431 3132; x_wconf 65' lang='lat' dir='ltr'><strong>Hodie</strong></span> 
     </span>
    </p>
   </div>
   <div class='ocr_carea' id='block_1_44' title="bbox 136 3155 3431 3234">
    <p class='ocr_par' dir='ltr' id='par_1_44' title="bbox 136 3155 3431 3234">
     <span class='ocr_line' id='line_1_45' title="bbox 136 3155 3431 3234; baseline 0.001 -25"><span class='ocrx_word' id='word_1_361' title='bbox 136 3158 199 3209; x_wconf 70' lang='lat' dir='ltr'><strong>si</strong></span> <span class='ocrx_word' id='word_1_362' title='bbox 237 3172 414 3209; x_wconf 81' lang='lat' dir='ltr'><strong>vocem</strong></span> <span class='ocrx_word' id='word_1_363' title='bbox 451 3157 562 3225; x_wconf 81' lang='lat' dir='ltr'><strong>ejus</strong></span> <span class='ocrx_word' id='word_1_364' title='bbox 596 3159 901 3227; x_wconf 82' lang='lat' dir='ltr'><strong>audieritis,</strong></span> <span class='ocrx_word' id='word_1_365' title='bbox 929 3159 1091 3214; x_wconf 86' lang='lat' dir='ltr'><strong>nolite</strong></span> <span class='ocrx_word' id='word_1_366' title='bbox 1115 3159 1379 3214; x_wconf 83' lang='lat' dir='ltr'><strong>obdurare</strong></span> <span class='ocrx_word' id='word_1_367' title='bbox 1410 3160 1573 3213; x_wconf 86' lang='lat' dir='ltr'><strong>corda</strong></span> <span class='ocrx_word' id='word_1_368' title='bbox 1612 3168 1807 3215; x_wconf 81' lang='lat' dir='ltr'><strong>vestra.</strong></span> <span class='ocrx_word' id='word_1_369' title='bbox 1854 3157 2137 3234; x_wconf 75' lang='lat' dir='ltr'><strong>Loquente</strong></span> <span class='ocrx_word' id='word_1_370' title='bbox 2176 3174 2305 3213; x_wconf 86' lang='lat' dir='ltr'><strong>vero</strong></span> <span class='ocrx_word' id='word_1_371' title='bbox 2340 3157 2473 3227; x_wconf 91' lang='lat' dir='ltr'><strong>ipsis</strong></span> <span class='ocrx_word' id='word_1_372' title='bbox 2526 3155 2762 3211; x_wconf 86' lang='lat' dir='ltr'><strong>Domino</strong></span> <span class='ocrx_word' id='word_1_373' title='bbox 2810 3158 2863 3211; x_wconf 92' lang='lat' dir='ltr'><strong>in</strong></span> <span class='ocrx_word' id='word_1_374' title='bbox 2897 3156 3135 3212; x_wconf 82' lang='lat' dir='ltr'><strong>adventu</strong></span> <span class='ocrx_word' id='word_1_375' title='bbox 3175 3172 3277 3212; x_wconf 91' lang='lat' dir='ltr'><strong>suo</strong></span> <span class='ocrx_word' id='word_1_376' title='bbox 3325 3171 3431 3213; x_wconf 88' lang='lat' dir='ltr'><strong>non</strong></span> 
     </span>
    </p>
   </div>
   <div class='ocr_carea' id='block_1_45' title="bbox 136 3253 3432 3326">
    <p class='ocr_par' dir='ltr' id='par_1_45' title="bbox 136 3253 3432 3326">
     <span class='ocr_line' id='line_1_46' title="bbox 136 3253 3432 3326; baseline 0.001 -19"><span class='ocrx_word' id='word_1_377' title='bbox 136 3253 485 3307; x_wconf 79' lang='lat' dir='ltr'><strong>audiverunt</strong></span> <span class='ocrx_word' id='word_1_378' title='bbox 508 3268 655 3320; x_wconf 90' lang='lat' dir='ltr'><strong>eum,</strong></span> <span class='ocrx_word' id='word_1_379' title='bbox 685 3255 807 3310; x_wconf 89' lang='lat' dir='ltr'><strong>ideo</strong></span> <span class='ocrx_word' id='word_1_380' title='bbox 834 3255 1155 3312; x_wconf 83' lang='lat' dir='ltr'><strong>inscribitur</strong></span> <span class='ocrx_word' id='word_1_381' title='bbox 1182 3256 1302 3312; x_wconf 89' lang='lat' dir='ltr'><strong>sine</strong></span> <span class='ocrx_word' id='word_1_382' title='bbox 1341 3256 1500 3311; x_wconf 87' lang='lat' dir='ltr'><strong>titulo</strong></span> <span class='ocrx_word' id='word_1_383' title='bbox 1536 3255 1677 3326; x_wconf 89' lang='lat' dir='ltr'><strong>apud</strong></span> <span class='ocrx_word' id='word_1_384' title='bbox 1708 3254 1985 3311; x_wconf 61' lang='lat' dir='ltr'><strong>Hebraeos.</strong></span> <span class='ocrx_word' id='word_1_385' title='bbox 2016 3254 2220 3311; x_wconf 87' lang='lat' dir='ltr'><strong>Psalmi</strong></span> <span class='ocrx_word' id='word_1_386' title='bbox 2250 3256 2397 3309; x_wconf 89' lang='lat' dir='ltr'><strong>enim</strong></span> <span class='ocrx_word' id='word_1_387' title='bbox 2433 3254 2907 3309; x_wconf 84' lang='lat' dir='ltr'><strong>denuntiationem</strong></span> <span class='ocrx_word' id='word_1_388' title='bbox 2937 3270 3048 3309; x_wconf 89' lang='lat' dir='ltr'><strong>non</strong></span> <span class='ocrx_word' id='word_1_389' title='bbox 3088 3255 3432 3310; x_wconf 86' lang='lat' dir='ltr'><strong>audiverunt.</strong></span> 
     </span>
    </p>
   </div>
   <div class='ocr_carea' id='block_1_46' title="bbox 134 3344 3410 3420">
    <p class='ocr_par' dir='ltr' id='par_1_46' title="bbox 134 3344 3410 3420">
     <span class='ocr_line' id='line_1_47' title="bbox 134 3344 3410 3420; baseline 0 -18"><span class='ocrx_word' id='word_1_390' title='bbox 134 3356 215 3402; x_wconf 76' lang='lat' dir='ltr'><strong>tut</strong></span> <span class='ocrx_word' id='word_1_391' title='bbox 244 3346 339 3415; x_wconf 89' lang='lat' dir='ltr'><strong>qui</strong></span> <span class='ocrx_word' id='word_1_392' title='bbox 370 3360 475 3399; x_wconf 90' lang='lat' dir='ltr'><strong>non</strong></span> <span class='ocrx_word' id='word_1_393' title='bbox 504 3346 776 3403; x_wconf 88' lang='lat' dir='ltr'><strong>habebant</strong></span> <span class='ocrx_word' id='word_1_394' title='bbox 812 3349 965 3403; x_wconf 89' lang='lat' dir='ltr'><strong>illum</strong></span> <span class='ocrx_word' id='word_1_395' title='bbox 997 3349 1055 3403; x_wconf 88' lang='lat' dir='ltr'><strong>in</strong></span> <span class='ocrx_word' id='word_1_396' title='bbox 1094 3366 1151 3405; x_wconf 92' lang='lat' dir='ltr'><strong>se</strong></span> <span class='ocrx_word' id='word_1_397' title='bbox 1189 3349 1343 3420; x_wconf 89' lang='lat' dir='ltr'><strong>ipsis.</strong></span> <span class='ocrx_word' id='word_1_398' title='bbox 1377 3348 1565 3418; x_wconf 86' lang='lat' dir='ltr'><strong>Itaque</strong></span> <span class='ocrx_word' id='word_1_399' title='bbox 1602 3350 1714 3402; x_wconf 82' lang='lat' dir='ltr'><strong>sine</strong></span> <span class='ocrx_word' id='word_1_400' title='bbox 1754 3348 1906 3402; x_wconf 85' lang='lat' dir='ltr'><strong>titulo</strong></span> <span class='ocrx_word' id='word_1_401' title='bbox 1952 3348 2091 3417; x_wconf 83' lang='lat' dir='ltr'><strong>apud</strong></span> <span class='ocrx_word' id='word_1_402' title='bbox 2125 3346 2376 3401; x_wconf 62' lang='lat' dir='ltr'><strong>Hebraeos</strong></span> <span class='ocrx_word' id='word_1_403' title='bbox 2410 3344 2670 3417; x_wconf 79' lang='lat' dir='ltr'><strong>psalmus,</strong></span> <span class='ocrx_word' id='word_1_404' title='bbox 2712 3346 2913 3417; x_wconf 85' lang='lat' dir='ltr'><strong>quippe</strong></span> <span class='ocrx_word' id='word_1_405' title='bbox 2939 3345 3035 3417; x_wconf 88' lang='lat' dir='ltr'><strong>qui</strong></span> <span class='ocrx_word' id='word_1_406' title='bbox 3079 3346 3148 3401; x_wconf 84' lang='lat' dir='ltr'><strong>ab</strong></span> <span class='ocrx_word' id='word_1_407' title='bbox 3180 3347 3314 3418; x_wconf 87' lang='lat' dir='ltr'><strong>ipsis</strong></span> <span class='ocrx_word' id='word_1_408' title='bbox 3341 3361 3410 3402; x_wconf 78' lang='lat' dir='ltr'><strong>ex</strong></span> 
     </span>
    </p>
   </div>
   <div class='ocr_carea' id='block_1_47' title="bbox 136 3440 1578 3506">
    <p class='ocr_par' dir='ltr' id='par_1_47' title="bbox 136 3440 1578 3506">
     <span class='ocr_line' id='line_1_48' title="bbox 136 3440 1578 3506; baseline 0.001 -13"><span class='ocrx_word' id='word_1_409' title='bbox 136 3447 351 3506; x_wconf 84' lang='lat' dir='ltr'><strong>ceptus</strong></span> <span class='ocrx_word' id='word_1_410' title='bbox 392 3452 501 3489; x_wconf 92' lang='lat' dir='ltr'><strong>non</strong></span> <span class='ocrx_word' id='word_1_411' title='bbox 533 3444 639 3505; x_wconf 85' lang='lat' dir='ltr'><strong>est,</strong></span> <span class='ocrx_word' id='word_1_412' title='bbox 672 3454 782 3493; x_wconf 92' lang='lat' dir='ltr'><strong>non</strong></span> <span class='ocrx_word' id='word_1_413' title='bbox 812 3440 960 3495; x_wconf 90' lang='lat' dir='ltr'><strong>enim</strong></span> <span class='ocrx_word' id='word_1_414' title='bbox 1000 3441 1078 3495; x_wconf 91' lang='lat' dir='ltr'><strong>illi</strong></span> <span class='ocrx_word' id='word_1_415' title='bbox 1105 3441 1578 3497; x_wconf 88' lang='lat' dir='ltr'><strong>auscultaverunt.</strong></span> 
     </span>
    </p>
   </div>
   <div class='ocr_carea' id='block_1_48' title="bbox 226 3525 1756 3601">
    <p class='ocr_par' dir='ltr' id='par_1_48' title="bbox 226 3525 1739 3601">
     <span class='ocr_line' id='line_1_49' title="bbox 226 3525 1739 3601; baseline 0 -21"><span class='ocrx_word' id='word_1_416' title='bbox 226 3527 281 3580; x_wconf 76' lang='grc'>1.</span> <span class='ocrx_word' id='word_1_417' title='bbox 308 3525 491 3589; x_wconf 85' lang='grc' dir='ltr'>Δεῦτε,</span> <span class='ocrx_word' id='word_1_418' title='bbox 518 3526 896 3599; x_wconf 84' lang='grc' dir='ltr'>πληρωθῶμεν</span> <span class='ocrx_word' id='word_1_419' title='bbox 923 3529 1104 3599; x_wconf 84' lang='grc' dir='ltr'>πάσης</span> <span class='ocrx_word' id='word_1_420' title='bbox 1135 3531 1310 3601; x_wconf 77' lang='grc' dir='ltr'>χαρᾶς</span> <span class='ocrx_word' id='word_1_421' title='bbox 1333 3530 1391 3584; x_wconf 85' lang='grc' dir='ltr'>ὲν</span> <span class='ocrx_word' id='word_1_422' title='bbox 1422 3528 1497 3600; x_wconf 83' lang='grc'><strong>(5)</strong></span> <span class='ocrx_word' id='word_1_423' title='bbox 1528 3527 1739 3601; x_wconf 85' lang='grc' dir='ltr'>Κυρίῳ.</span> 
     </span>
    </p>
   </div>
   <div class='ocr_carea' id='block_1_49' title="bbox 1906 3525 3436 3601">
    <p class='ocr_par' dir='ltr' id='par_1_49' title="bbox 1918 3527 3436 3599">
     <span class='ocr_line' id='line_1_50' title="bbox 1918 3527 3436 3599; baseline 0.003 -17"><span class='ocrx_word' id='word_1_424' title='bbox 1918 3529 1972 3582; x_wconf 76' lang='grc'>1.</span> <span class='ocrx_word' id='word_1_425' title='bbox 2004 3527 2217 3593; x_wconf 81' lang='lat' dir='ltr'><strong>Venite,</strong></span> <span class='ocrx_word' id='word_1_426' title='bbox 2250 3528 2578 3598; x_wconf 89' lang='lat' dir='ltr'><strong>impleamur</strong></span> <span class='ocrx_word' id='word_1_427' title='bbox 2601 3527 2753 3584; x_wconf 90' lang='lat' dir='ltr'><strong>omni</strong></span> <span class='ocrx_word' id='word_1_428' title='bbox 2788 3529 2993 3599; x_wconf 24' lang='lat' dir='ltr'><strong>gaudio.</strong></span> <span class='ocrx_word' id='word_1_429' title='bbox 3016 3528 3073 3583; x_wconf 92' lang='lat' dir='ltr'><strong>in</strong></span> <span class='ocrx_word' id='word_1_430' title='bbox 3106 3528 3356 3587; x_wconf 88' lang='lat' dir='ltr'><strong>Domino.</strong></span> <span class='ocrx_word' id='word_1_431' title='bbox 3434 3576 3436 3580; x_wconf 92' lang='lat'><strong>.</strong></span> 
     </span>
    </p>
   </div>
   <div class='ocr_carea' id='block_1_50' title="bbox 228 3618 1758 3694">
    <p class='ocr_par' dir='ltr' id='par_1_50' title="bbox 228 3618 1742 3694">
     <span class='ocr_line' id='line_1_51' title="bbox 228 3618 1742 3694; baseline 0.001 -22"><span class='ocrx_word' id='word_1_432' title='bbox 228 3618 284 3672; x_wconf 76' lang='grc'>2.</span> <span class='ocrx_word' id='word_1_433' title='bbox 313 3618 603 3689; x_wconf 84' lang='grc' dir='ltr'>Δεηθῶμεν</span> <span class='ocrx_word' id='word_1_434' title='bbox 631 3618 768 3690; x_wconf 84' lang='grc' dir='ltr'>μετὰ</span> <span class='ocrx_word' id='word_1_435' title='bbox 787 3619 1036 3692; x_wconf 79' lang='grc' dir='ltr'>δακρύων</span> <span class='ocrx_word' id='word_1_436' title='bbox 1064 3622 1159 3675; x_wconf 87' lang='grc' dir='ltr'><strong>τοῦ</strong></span> <span class='ocrx_word' id='word_1_437' title='bbox 1185 3620 1318 3674; x_wconf 84' lang='grc' dir='ltr'>Θεοῦ</span> <span class='ocrx_word' id='word_1_438' title='bbox 1344 3622 1502 3694; x_wconf 84' lang='grc' dir='ltr'>ἡμῶν</span> <span class='ocrx_word' id='word_1_439' title='bbox 1532 3620 1707 3692; x_wconf 88' lang='grc' dir='ltr'>Ἰησοῦ</span> <span class='ocrx_word' id='word_1_440' title='bbox 1729 3638 1742 3651; x_wconf 72' lang='grc' dir='ltr'><strong>ο</strong></span> 
     </span>
    </p>
   </div>
   <div class='ocr_carea' id='block_1_51' title="bbox 1900 3618 3430 3694">
    <p class='ocr_par' dir='ltr' id='par_1_51' title="bbox 1917 3620 3430 3693">
     <span class='ocr_line' id='line_1_52' title="bbox 1917 3620 3430 3693; baseline 0.003 -19"><span class='ocrx_word' id='word_1_441' title='bbox 1917 3621 1972 3674; x_wconf 73' lang='lat'><strong>2.</strong></span> <span class='ocrx_word' id='word_1_442' title='bbox 2004 3620 2371 3691; x_wconf 87' lang='lat' dir='ltr'><strong>Deprecemur</strong></span> <span class='ocrx_word' id='word_1_443' title='bbox 2407 3637 2531 3677; x_wconf 90' lang='lat' dir='ltr'><strong>cum</strong></span> <span class='ocrx_word' id='word_1_444' title='bbox 2564 3622 2821 3693; x_wconf 88' lang='lat' dir='ltr'><strong>lacrymis</strong></span> <span class='ocrx_word' id='word_1_445' title='bbox 2856 3621 3149 3675; x_wconf 89' lang='lat' dir='ltr'><strong>Dominum</strong></span> <span class='ocrx_word' id='word_1_446' title='bbox 3180 3633 3430 3679; x_wconf 88' lang='lat' dir='ltr'><strong>nostrum</strong></span> 
     </span>
    </p>
   </div>
   <div class='ocr_carea' id='block_1_52' title="bbox 146 3708 1676 3786">
    <p class='ocr_par' dir='ltr' id='par_1_52' title="bbox 146 3710 1414 3786">
     <span class='ocr_line' id='line_1_53' title="bbox 146 3710 1414 3786; baseline 0.002 -22"><span class='ocrx_word' id='word_1_447' title='bbox 146 3713 215 3765; x_wconf 82' lang='grc' dir='ltr'><strong>τὸ</strong></span> <span class='ocrx_word' id='word_1_448' title='bbox 251 3711 360 3781; x_wconf 84' lang='grc' dir='ltr'>γὰρ</span> <span class='ocrx_word' id='word_1_449' title='bbox 386 3710 612 3780; x_wconf 81' lang='grc' dir='ltr'><strong>Σωτὴρ,</strong></span> <span class='ocrx_word' id='word_1_450' title='bbox 655 3712 886 3780; x_wconf 85' lang='grc' dir='ltr'>Ἰησοῦς</span> <span class='ocrx_word' id='word_1_451' title='bbox 917 3713 994 3784; x_wconf 88' lang='grc'><strong>(6)</strong></span> <span class='ocrx_word' id='word_1_452' title='bbox 1030 3714 1414 3786; x_wconf 79' lang='grc' dir='ltr'>ἑρμηνεύεται.</span> 
     </span>
    </p>
   </div>
   <div class='ocr_carea' id='block_1_53' title="bbox 1624 3708 3154 3786">
    <p class='ocr_par' dir='ltr' id='par_1_53' title="bbox 1844 3708 3154 3781">
     <span class='ocr_line' id='line_1_54' title="bbox 1844 3708 3154 3781; baseline 0.002 -16"><span class='ocrx_word' id='word_1_453' title='bbox 1844 3708 2030 3766; x_wconf 83' lang='lat' dir='ltr'><strong>Jesum</strong></span> <span class='ocrx_word' id='word_1_454' title='bbox 2060 3730 2074 3778; x_wconf 91' lang='lat'>;</span> <span class='ocrx_word' id='word_1_455' title='bbox 2101 3710 2353 3766; x_wconf 87' lang='lat' dir='ltr'><strong>Salvator</strong></span> <span class='ocrx_word' id='word_1_456' title='bbox 2380 3714 2527 3767; x_wconf 91' lang='lat' dir='ltr'><strong>enim</strong></span> <span class='ocrx_word' id='word_1_457' title='bbox 2559 3711 2716 3767; x_wconf 76' lang='lat' dir='ltr'><strong>Jesus</strong></span> <span class='ocrx_word' id='word_1_458' title='bbox 2750 3712 3154 3781; x_wconf 85' lang='lat' dir='ltr'><strong>interpretatur.</strong></span> 
     </span>
    </p>
   </div>
   <div class='ocr_carea' id='block_1_54' title="bbox 227 3802 1757 3877">
    <p class='ocr_par' dir='ltr' id='par_1_54' title="bbox 227 3802 1742 3877">
     <span class='ocr_line' id='line_1_55' title="bbox 227 3802 1742 3877; baseline 0 -19"><span class='ocrx_word' id='word_1_459' title='bbox 227 3803 282 3858; x_wconf 79' lang='lat'><strong>5.</strong></span> <span class='ocrx_word' id='word_1_460' title='bbox 309 3804 416 3856; x_wconf 85' lang='lat' dir='ltr'><strong>Kal</strong></span> <span class='ocrx_word' id='word_1_461' title='bbox 450 3803 557 3874; x_wconf 85' lang='grc' dir='ltr'><strong>πρὸ</strong></span> <span class='ocrx_word' id='word_1_462' title='bbox 587 3804 686 3876; x_wconf 81' lang='grc' dir='ltr'>τῆς</span> <span class='ocrx_word' id='word_1_463' title='bbox 721 3806 1020 3875; x_wconf 83' lang='grc' dir='ltr'>παρουσίας</span> <span class='ocrx_word' id='word_1_464' title='bbox 1058 3806 1224 3860; x_wconf 82' lang='grc' dir='ltr'>αὑτοῦ</span> <span class='ocrx_word' id='word_1_465' title='bbox 1250 3805 1529 3877; x_wconf 83' lang='grc' dir='ltr'>δεηθῶμεν</span> <span class='ocrx_word' id='word_1_466' title='bbox 1555 3802 1742 3859; x_wconf 82' lang='grc' dir='ltr'>αὑτοῦ.</span> 
     </span>
    </p>
   </div>
   <div class='ocr_carea' id='block_1_55' title="bbox 1769 3802 3299 3877">
    <p class='ocr_par' dir='ltr' id='par_1_55' title="bbox 1914 3803 3299 3874">
     <span class='ocr_line' id='line_1_56' title="bbox 1914 3803 3299 3874; baseline 0.001 -18"><span class='ocrx_word' id='word_1_467' title='bbox 1914 3803 1969 3858; x_wconf 82' lang='grc'>5.</span> <span class='ocrx_word' id='word_1_468' title='bbox 2005 3803 2067 3858; x_wconf 86' lang='grc' dir='ltr'>Ει</span> <span class='ocrx_word' id='word_1_469' title='bbox 2094 3812 2218 3858; x_wconf 86' lang='lat' dir='ltr'><strong>ante</strong></span> <span class='ocrx_word' id='word_1_470' title='bbox 2243 3804 2539 3859; x_wconf 89' lang='lat' dir='ltr'><strong>adventum</strong></span> <span class='ocrx_word' id='word_1_471' title='bbox 2573 3804 2747 3874; x_wconf 90' lang='lat' dir='ltr'><strong>ipsius</strong></span> <span class='ocrx_word' id='word_1_472' title='bbox 2775 3804 3128 3858; x_wconf 84' lang='lat' dir='ltr'><strong>Obsecremus</strong></span> <span class='ocrx_word' id='word_1_473' title='bbox 3153 3819 3299 3858; x_wconf 88' lang='lat' dir='ltr'><strong>eum.</strong></span> 
     </span>
    </p>
   </div>
   <div class='ocr_carea' id='block_1_56' title="bbox 228 3879 1758 3967">
    <p class='ocr_par' dir='ltr' id='par_1_56' title="bbox 228 3879 1619 3966">
     <span class='ocr_line' id='line_1_57' title="bbox 228 3879 1619 3966; baseline 0.004 -20"><span class='ocrx_word' id='word_1_474' title='bbox 228 3893 282 3947; x_wconf 74' lang='grc'>4.</span> <span class='ocrx_word' id='word_1_475' title='bbox 312 3894 423 3946; x_wconf 81' lang='lat' dir='ltr'><strong>Kal</strong></span> <span class='ocrx_word' id='word_1_476' title='bbox 446 3893 741 3964; x_wconf 72' lang='grc' dir='ltr'>ψάλλοντες</span> <span class='ocrx_word' id='word_1_477' title='bbox 774 3894 1141 3966; x_wconf 84' lang='grc' dir='ltr'>ίκετεύσωμεν</span> <span class='ocrx_word' id='word_1_478' title='bbox 1168 3897 1348 3950; x_wconf 83' lang='grc' dir='ltr'>αὐτόν.</span> <span class='ocrx_word' id='word_1_479' title='bbox 1614 3879 1619 3885; x_wconf 36' lang='grc'><em>’</em></span> 
     </span>
    </p>
   </div>
   <div class='ocr_carea' id='block_1_57' title="bbox 1413 3879 2943 3967">
    <p class='ocr_par' dir='ltr' id='par_1_57' title="bbox 1614 3879 2943 3967">
     <span class='ocr_line' id='line_1_58' title="bbox 1614 3879 2943 3967; baseline -0.001 -17"><span class='ocrx_word' id='word_1_480' title='bbox 1614 3879 1619 3885; x_wconf 54' lang='grc'><em>’</em></span> <span class='ocrx_word' id='word_1_481' title='bbox 1913 3895 1967 3950; x_wconf 74' lang='grc'>4.</span> <span class='ocrx_word' id='word_1_482' title='bbox 2009 3896 2073 3950; x_wconf 85' lang='grc' dir='ltr'>Ει</span> <span class='ocrx_word' id='word_1_483' title='bbox 2106 3898 2399 3966; x_wconf 87' lang='lat' dir='ltr'><strong>psallentes</strong></span> <span class='ocrx_word' id='word_1_484' title='bbox 2423 3897 2797 3967; x_wconf 89' lang='lat' dir='ltr'><strong>supplicemus</strong></span> <span class='ocrx_word' id='word_1_485' title='bbox 2818 3896 2943 3965; x_wconf 91' lang='lat' dir='ltr'><strong>ipsi.</strong></span> 
     </span>
    </p>
   </div>
   <div class='ocr_carea' id='block_1_58' title="bbox 232 3983 1762 4061">
    <p class='ocr_par' dir='ltr' id='par_1_58' title="bbox 232 3983 1744 4061">
     <span class='ocr_line' id='line_1_59' title="bbox 232 3983 1744 4061; baseline -0.004 -20"><span class='ocrx_word' id='word_1_486' title='bbox 232 3986 284 4041; x_wconf 84' lang='lat'><strong>5.</strong></span> <span class='ocrx_word' id='word_1_487' title='bbox 322 3988 530 4057; x_wconf 81' lang='grc' dir='ltr'>Ἰησοῦς</span> <span class='ocrx_word' id='word_1_488' title='bbox 569 3987 809 4059; x_wconf 84' lang='grc' dir='ltr'>Χριστός</span> <span class='ocrx_word' id='word_1_489' title='bbox 836 3989 913 4061; x_wconf 82' lang='grc'><strong>(7)</strong></span> <span class='ocrx_word' id='word_1_490' title='bbox 936 4007 946 4017; x_wconf 90' lang='grc'>·</span> <span class='ocrx_word' id='word_1_491' title='bbox 976 3989 1160 4053; x_wconf 85' lang='grc' dir='ltr'>καθὼς</span> <span class='ocrx_word' id='word_1_492' title='bbox 1184 3992 1212 4043; x_wconf 88' lang='grc' dir='ltr'>ὁ</span> <span class='ocrx_word' id='word_1_493' title='bbox 1238 3987 1560 4049; x_wconf 86' lang='grc' dir='ltr'>Ἀπόστολος</span> <span class='ocrx_word' id='word_1_494' title='bbox 1583 3983 1744 4038; x_wconf 83' lang='grc' dir='ltr'>αὐτὸν</span> 
     </span>
    </p>
   </div>
   <div class='ocr_carea' id='block_1_59' title="bbox 1906 3983 3436 4061">
    <p class='ocr_par' dir='ltr' id='par_1_59' title="bbox 1915 3986 3436 4058">
     <span class='ocr_line' id='line_1_60' title="bbox 1915 3986 3436 4058; baseline 0 -15"><span class='ocrx_word' id='word_1_495' title='bbox 1915 3989 1968 4044; x_wconf 86' lang='grc'>5.</span> <span class='ocrx_word' id='word_1_496' title='bbox 2036 3987 2198 4044; x_wconf 86' lang='lat' dir='ltr'><strong>Jesus</strong></span> <span class='ocrx_word' id='word_1_497' title='bbox 2256 3989 2549 4045; x_wconf 86' lang='lat' dir='ltr'><strong>Christus:</strong></span> <span class='ocrx_word' id='word_1_498' title='bbox 2615 3987 3077 4058; x_wconf 88' lang='lat' dir='ltr'><strong>quemadmodum</strong></span> <span class='ocrx_word' id='word_1_499' title='bbox 3134 3986 3436 4057; x_wconf 75' lang='lat' dir='ltr'><strong>Apostolus</strong></span> 
     </span>
    </p>
   </div>
   <div class='ocr_carea' id='block_1_60' title="bbox 148 4075 1678 4151">
    <p class='ocr_par' dir='ltr' id='par_1_60' title="bbox 148 4077 1678 4151">
     <span class='ocr_line' id='line_1_61' title="bbox 148 4077 1678 4151; baseline -0.003 -19"><span class='ocrx_word' id='word_1_500' title='bbox 148 4080 305 4148; x_wconf 83' lang='grc' dir='ltr'>λέγει</span> <span class='ocrx_word' id='word_1_501' title='bbox 343 4079 517 4149; x_wconf 85' lang='grc' dir='ltr'>μέγαν</span> <span class='ocrx_word' id='word_1_502' title='bbox 551 4078 682 4132; x_wconf 86' lang='grc' dir='ltr'>Θεὸν</span> <span class='ocrx_word' id='word_1_503' title='bbox 712 4081 769 4134; x_wconf 80' lang='grc' dir='ltr'><strong>έν</strong></span> <span class='ocrx_word' id='word_1_504' title='bbox 799 4080 878 4151; x_wconf 80' lang='grc' dir='ltr'>τῷ</span> <span class='ocrx_word' id='word_1_505' title='bbox 902 4082 1105 4135; x_wconf 83' lang='grc' dir='ltr'>εἰπεῖν·</span> <span class='ocrx_word' id='word_1_506' title='bbox 1144 4080 1254 4136; x_wconf 85' lang='grc' dir='ltr'>Τοῦ</span> <span class='ocrx_word' id='word_1_507' title='bbox 1280 4077 1550 4151; x_wconf 63' lang='grc' dir='ltr'>μεγάλου</span> <span class='ocrx_word' id='word_1_508' title='bbox 1573 4079 1678 4130; x_wconf 86' lang='grc' dir='ltr'><strong>Θεο</strong></span> 
     </span>
    </p>
   </div>
   <div class='ocr_carea' id='block_1_61' title="bbox 1898 4075 3428 4151">
    <p class='ocr_par' dir='ltr' id='par_1_61' title="bbox 1898 4076 3428 4151">
     <span class='ocr_line' id='line_1_62' title="bbox 1898 4076 3428 4151; baseline -0.001 -18"><span class='ocrx_word' id='word_1_509' title='bbox 1898 4095 1970 4133; x_wconf 87' lang='lat' dir='ltr'><strong>Im</strong></span> <span class='ocrx_word' id='word_1_510' title='bbox 2023 4090 2185 4135; x_wconf 82' lang='lat' dir='ltr'><strong>vocat</strong></span> <span class='ocrx_word' id='word_1_511' title='bbox 2221 4096 2488 4151; x_wconf 84' lang='lat' dir='ltr'><strong>magnum</strong></span> <span class='ocrx_word' id='word_1_512' title='bbox 2536 4078 2710 4135; x_wconf 89' lang='lat' dir='ltr'><strong>Deum</strong></span> <span class='ocrx_word' id='word_1_513' title='bbox 2761 4079 2972 4146; x_wconf 86' lang='lat' dir='ltr'><strong>dicens,</strong></span> <span class='ocrx_word' id='word_1_514' title='bbox 3020 4076 3205 4149; x_wconf 78' lang='lat' dir='ltr'><strong>Magni</strong></span> <span class='ocrx_word' id='word_1_515' title='bbox 3252 4078 3349 4132; x_wconf 87' lang='lat' dir='ltr'><strong>Dei</strong></span> <span class='ocrx_word' id='word_1_516' title='bbox 3377 4087 3428 4132; x_wconf 92' lang='lat' dir='ltr'><strong>et</strong></span> 
     </span>
    </p>
   </div>
   <div class='ocr_carea' id='block_1_62' title="bbox 150 4167 1680 4243">
    <p class='ocr_par' dir='ltr' id='par_1_62' title="bbox 150 4168 1680 4241">
     <span class='ocr_line' id='line_1_63' title="bbox 150 4168 1680 4241; baseline -0.004 -17"><span class='ocrx_word' id='word_1_517' title='bbox 150 4171 256 4225; x_wconf 79' lang='grc' dir='ltr'>καὶ</span> <span class='ocrx_word' id='word_1_518' title='bbox 287 4170 562 4240; x_wconf 82' lang='grc' dir='ltr'>Σωτῆρος</span> <span class='ocrx_word' id='word_1_519' title='bbox 590 4170 759 4241; x_wconf 72' lang='grc' dir='ltr'>ἡμῶν</span> <span class='ocrx_word' id='word_1_520' title='bbox 798 4170 1008 4241; x_wconf 83' lang='grc' dir='ltr'>Ἰησοῦ</span> <span class='ocrx_word' id='word_1_521' title='bbox 1051 4173 1347 4241; x_wconf 86' lang='grc' dir='ltr'>Χριστοῦ,</span> <span class='ocrx_word' id='word_1_522' title='bbox 1404 4171 1473 4237; x_wconf 83' lang='grc' dir='ltr'>ὃς</span> <span class='ocrx_word' id='word_1_523' title='bbox 1520 4168 1680 4222; x_wconf 75' lang='grc' dir='ltr'>ἐδωκ.</span> 
     </span>
    </p>
   </div>
   <div class='ocr_carea' id='block_1_63' title="bbox 1897 4167 3427 4243">
    <p class='ocr_par' dir='ltr' id='par_1_63' title="bbox 1897 4167 3427 4243">
     <span class='ocr_line' id='line_1_64' title="bbox 1897 4167 3427 4243; baseline 0.001 -21"><span class='ocrx_word' id='word_1_524' title='bbox 1897 4172 2139 4223; x_wconf 70' lang='grc' dir='ltr'>πίυαιοτὶε</span> <span class='ocrx_word' id='word_1_525' title='bbox 2169 4172 2337 4225; x_wconf 83' lang='lat' dir='ltr'><strong>nostri</strong></span> <span class='ocrx_word' id='word_1_526' title='bbox 2365 4167 2497 4225; x_wconf 75' lang='lat' dir='ltr'><strong>Iesu</strong></span> <span class='ocrx_word' id='word_1_527' title='bbox 2528 4167 2753 4237; x_wconf 86' lang='lat' dir='ltr'><strong>Christi,</strong></span> <span class='ocrx_word' id='word_1_528' title='bbox 2787 4171 2878 4243; x_wconf 84' lang='lat' dir='ltr'><strong>qui</strong></span> <span class='ocrx_word' id='word_1_529' title='bbox 2902 4169 3049 4225; x_wconf 78' lang='lat' dir='ltr'><strong>dedit</strong></span> <span class='ocrx_word' id='word_1_530' title='bbox 3092 4169 3427 4239; x_wconf 75' lang='lat' dir='ltr'><strong>semetipsum</strong></span> 
     </span>
    </p>
   </div>
   <div class='ocr_carea' id='block_1_64' title="bbox 149 4261 1679 4334">
    <p class='ocr_par' dir='ltr' id='par_1_64' title="bbox 149 4263 773 4334">
     <span class='ocr_line' id='line_1_65' title="bbox 149 4263 773 4334; baseline 0.003 -17"><span class='ocrx_word' id='word_1_531' title='bbox 149 4264 376 4318; x_wconf 72' lang='grc' dir='ltr'><strong>ἑαυτὸν</strong></span> <span class='ocrx_word' id='word_1_532' title='bbox 399 4265 551 4333; x_wconf 84' lang='grc' dir='ltr'>ὑπὲρ</span> <span class='ocrx_word' id='word_1_533' title='bbox 582 4263 773 4334; x_wconf 75' lang='grc' dir='ltr'>ἡμῶν.</span> 
     </span>
    </p>
   </div>
   <div class='ocr_carea' id='block_1_65' title="bbox 664 4261 2194 4334">
    <p class='ocr_par' dir='ltr' id='par_1_65' title="bbox 666 4261 2194 4332">
     <span class='ocr_line' id='line_1_66' title="bbox 666 4261 2194 4332; baseline 0.012 -34"><span class='ocrx_word' id='word_1_534' title='bbox 666 4263 773 4320; x_wconf 56' lang='grc' dir='ltr'><em>ὧν,</em></span> <span class='ocrx_word' id='word_1_535' title='bbox 1843 4278 1937 4332; x_wconf 85' lang='lat' dir='ltr'><strong>pro</strong></span> <span class='ocrx_word' id='word_1_536' title='bbox 1962 4261 2108 4314; x_wconf 84' lang='lat' dir='ltr'><strong>nobis</strong></span> <span class='ocrx_word' id='word_1_537' title='bbox 2131 4262 2194 4316; x_wconf 64' lang='lat'><strong>“3.</strong></span> 
     </span>
    </p>
   </div>
   <div class='ocr_carea' id='block_1_66' title="bbox 227 4353 1757 4430">
    <p class='ocr_par' dir='ltr' id='par_1_66' title="bbox 227 4354 1744 4430">
     <span class='ocr_line' id='line_1_67' title="bbox 227 4354 1744 4430; baseline 0.004 -20"><span class='ocrx_word' id='word_1_538' title='bbox 227 4360 281 4412; x_wconf 79' lang='lat'><strong>6.</strong></span> <span class='ocrx_word' id='word_1_539' title='bbox 312 4359 434 4411; x_wconf 79' lang='grc' dir='ltr'>Ἐπὶ</span> <span class='ocrx_word' id='word_1_540' title='bbox 464 4360 641 4412; x_wconf 83' lang='grc' dir='ltr'>πάντα</span> <span class='ocrx_word' id='word_1_541' title='bbox 683 4360 739 4412; x_wconf 82' lang='grc' dir='ltr'><strong>δὲ</strong></span> <span class='ocrx_word' id='word_1_542' title='bbox 777 4358 851 4430; x_wconf 87' lang='grc'><strong>(8)</strong></span> <span class='ocrx_word' id='word_1_543' title='bbox 894 4358 963 4413; x_wconf 82' lang='grc' dir='ltr'>τὰ</span> <span class='ocrx_word' id='word_1_544' title='bbox 995 4357 1124 4427; x_wconf 77' lang='grc' dir='ltr'>ἔθνη</span> <span class='ocrx_word' id='word_1_545' title='bbox 1158 4355 1466 4427; x_wconf 83' lang='grc' dir='ltr'>βασιλεύσει</span> <span class='ocrx_word' id='word_1_546' title='bbox 1512 4354 1602 4410; x_wconf 77' lang='grc' dir='ltr'>διὰ</span> <span class='ocrx_word' id='word_1_547' title='bbox 1648 4355 1744 4425; x_wconf 79' lang='grc' dir='ltr'><strong>τῆς</strong></span> 
     </span>
    </p>
   </div>
   <div class='ocr_carea' id='block_1_67' title="bbox 1897 4353 3427 4430">
    <p class='ocr_par' dir='ltr' id='par_1_67' title="bbox 1909 4353 3427 4429">
     <span class='ocr_line' id='line_1_68' title="bbox 1909 4353 3427 4429; baseline 0.003 -21"><span class='ocrx_word' id='word_1_548' title='bbox 1909 4355 1963 4414; x_wconf 83' lang='grc'><strong>6.</strong></span> <span class='ocrx_word' id='word_1_549' title='bbox 2003 4353 2178 4424; x_wconf 90' lang='lat' dir='ltr'><strong>Super</strong></span> <span class='ocrx_word' id='word_1_550' title='bbox 2204 4371 2396 4411; x_wconf 88' lang='lat' dir='ltr'><strong>omnes</strong></span> <span class='ocrx_word' id='word_1_551' title='bbox 2435 4365 2619 4412; x_wconf 88' lang='lat' dir='ltr'><strong>autem</strong></span> <span class='ocrx_word' id='word_1_552' title='bbox 2653 4366 2843 4429; x_wconf 74' lang='lat' dir='ltr'><strong>gentes</strong></span> <span class='ocrx_word' id='word_1_553' title='bbox 2865 4356 3119 4428; x_wconf 79' lang='lat' dir='ltr'><strong>regnabit</strong></span> <span class='ocrx_word' id='word_1_554' title='bbox 3146 4370 3242 4427; x_wconf 88' lang='lat' dir='ltr'><strong>per</strong></span> <span class='ocrx_word' id='word_1_555' title='bbox 3263 4354 3427 4412; x_wconf 85' lang='lat' dir='ltr'><strong>ﬁdem</strong></span> 
     </span>
    </p>
   </div>
   <div class='ocr_carea' id='block_1_68' title="bbox 150 4450 1680 4514">
    <p class='ocr_par' dir='ltr' id='par_1_68' title="bbox 150 4450 612 4514">
     <span class='ocr_line' id='line_1_69' title="bbox 150 4450 612 4514; baseline 0.004 -13"><span class='ocrx_word' id='word_1_556' title='bbox 150 4451 397 4514; x_wconf 84' lang='grc' dir='ltr'>πίστεως</span> <span class='ocrx_word' id='word_1_557' title='bbox 428 4450 612 4505; x_wconf 83' lang='grc' dir='ltr'>αὑτοῦ.</span> 
     </span>
    </p>
   </div>
   <div class='ocr_carea' id='block_1_69' title="bbox 489 4450 2019 4514">
    <p class='ocr_par' dir='ltr' id='par_1_69' title="bbox 489 4450 2019 4505">
     <span class='ocr_line' id='line_1_70' title="bbox 489 4450 2019 4505; baseline -0.002 -2"><span class='ocrx_word' id='word_1_558' title='bbox 489 4450 612 4505; x_wconf 77' lang='grc' dir='ltr'>ιτοῧ.</span> <span class='ocrx_word' id='word_1_559' title='bbox 1842 4461 2019 4505; x_wconf 88' lang='lat' dir='ltr'><strong>suam.</strong></span> 
     </span>
    </p>
   </div>
   <div class='ocr_carea' id='block_1_70' title="bbox 228 4536 1758 4608">
    <p class='ocr_par' dir='ltr' id='par_1_70' title="bbox 228 4543 819 4608">
     <span class='ocr_line' id='line_1_71' title="bbox 228 4543 819 4608; baseline 0.007 -14"><span class='ocrx_word' id='word_1_560' title='bbox 228 4543 280 4595; x_wconf 92' lang='lat'><strong>7.</strong></span> <span class='ocrx_word' id='word_1_561' title='bbox 310 4544 366 4595; x_wconf 87' lang='grc' dir='ltr'>Ὀ</span> <span class='ocrx_word' id='word_1_562' title='bbox 392 4544 519 4607; x_wconf 80' lang='grc' dir='ltr'>λαὸς</span> <span class='ocrx_word' id='word_1_563' title='bbox 552 4545 580 4595; x_wconf 90' lang='grc' dir='ltr'>ὁ</span> <span class='ocrx_word' id='word_1_564' title='bbox 611 4545 819 4608; x_wconf 84' lang='grc' dir='ltr'>πιστός.</span> 
     </span>
    </p>
   </div>
   <div class='ocr_carea' id='block_1_71' title="bbox 971 4536 2501 4608">
    <p class='ocr_par' dir='ltr' id='par_1_71' title="bbox 1914 4536 2501 4607">
     <span class='ocr_line' id='line_1_72' title="bbox 1914 4536 2501 4607; baseline 0.002 -16"><span class='ocrx_word' id='word_1_565' title='bbox 1914 4537 1965 4597; x_wconf 85' lang='lat'><strong>7.</strong></span> <span class='ocrx_word' id='word_1_566' title='bbox 2019 4536 2261 4607; x_wconf 91' lang='lat' dir='ltr'><strong>Populus</strong></span> <span class='ocrx_word' id='word_1_567' title='bbox 2302 4536 2501 4592; x_wconf 85' lang='lat' dir='ltr'><strong>ﬁdelis.</strong></span> 
     </span>
    </p>
   </div>
   <div class='ocr_carea' id='block_1_72' title="bbox 228 4628 1758 4707">
    <p class='ocr_par' dir='ltr' id='par_1_72' title="bbox 228 4632 1155 4707">
     <span class='ocr_line' id='line_1_73' title="bbox 228 4632 1155 4707; baseline -0.001 -19"><span class='ocrx_word' id='word_1_568' title='bbox 228 4632 282 4688; x_wconf 90' lang='lat'><strong>8.</strong></span> <span class='ocrx_word' id='word_1_569' title='bbox 323 4636 386 4687; x_wconf 85' lang='grc' dir='ltr'>Οἱ</span> <span class='ocrx_word' id='word_1_570' title='bbox 422 4634 567 4703; x_wconf 83' lang='grc' dir='ltr'>λόγοι</span> <span class='ocrx_word' id='word_1_571' title='bbox 597 4636 703 4688; x_wconf 86' lang='grc' dir='ltr'><strong>τῶν</strong></span> <span class='ocrx_word' id='word_1_572' title='bbox 737 4636 813 4707; x_wconf 83' lang='lat'><strong>(9)</strong></span> <span class='ocrx_word' id='word_1_573' title='bbox 842 4635 1155 4707; x_wconf 84' lang='grc' dir='ltr'>προφητῶν.</span> 
     </span>
    </p>
   </div>
   <div class='ocr_carea' id='block_1_73' title="bbox 1231 4628 2761 4707">
    <p class='ocr_par' dir='ltr' id='par_1_73' title="bbox 1912 4628 2761 4701">
     <span class='ocr_line' id='line_1_74' title="bbox 1912 4628 2761 4701; baseline -0.001 -16"><span class='ocrx_word' id='word_1_574' title='bbox 1912 4630 1967 4688; x_wconf 89' lang='lat'><strong>8.</strong></span> <span class='ocrx_word' id='word_1_575' title='bbox 2013 4628 2412 4701; x_wconf 88' lang='lat' dir='ltr'><strong>Pr0phetarum</strong></span> <span class='ocrx_word' id='word_1_576' title='bbox 2454 4644 2761 4686; x_wconf 83' lang='lat' dir='ltr'><strong>sermones.</strong></span> 
     </span>
    </p>
   </div>
   <div class='ocr_carea' id='block_1_74' title="bbox 226 4717 1756 4799">
    <p class='ocr_par' dir='ltr' id='par_1_74' title="bbox 226 4725 1738 4799">
     <span class='ocr_line' id='line_1_75' title="bbox 226 4725 1738 4799; baseline -0.002 -18"><span class='ocrx_word' id='word_1_577' title='bbox 226 4728 279 4781; x_wconf 89' lang='grc'>9.</span> <span class='ocrx_word' id='word_1_578' title='bbox 298 4729 420 4780; x_wconf 84' lang='grc' dir='ltr'><strong>Ὅτι</strong></span> <span class='ocrx_word' id='word_1_579' title='bbox 455 4727 620 4781; x_wconf 80' lang='grc' dir='ltr'>αὑτοῦ</span> <span class='ocrx_word' id='word_1_580' title='bbox 653 4730 766 4781; x_wconf 78' lang='grc' dir='ltr'>ἐστι</span> <span class='ocrx_word' id='word_1_581' title='bbox 801 4730 908 4782; x_wconf 83' lang='grc' dir='ltr'><strong>πᾶν</strong></span> <span class='ocrx_word' id='word_1_582' title='bbox 953 4730 1013 4780; x_wconf 83' lang='grc' dir='ltr'><strong>τὸ</strong></span> <span class='ocrx_word' id='word_1_583' title='bbox 1042 4727 1243 4799; x_wconf 78' lang='grc' dir='ltr'>πλῆθος</span> <span class='ocrx_word' id='word_1_584' title='bbox 1273 4725 1381 4780; x_wconf 85' lang='grc' dir='ltr'><strong>τῶν</strong></span> <span class='ocrx_word' id='word_1_585' title='bbox 1414 4725 1738 4799; x_wconf 83' lang='grc' dir='ltr'>ἀνθρώπων,</span> 
     </span>
    </p>
   </div>
   <div class='ocr_carea' id='block_1_75' title="bbox 1896 4717 3426 4799">
    <p class='ocr_par' dir='ltr' id='par_1_75' title="bbox 1909 4717 3426 4791">
     <span class='ocr_line' id='line_1_76' title="bbox 1909 4717 3426 4791; baseline 0.003 -19"><span class='ocrx_word' id='word_1_586' title='bbox 1909 4717 1968 4772; x_wconf 89' lang='grc'>9.</span> <span class='ocrx_word' id='word_1_587' title='bbox 2014 4718 2283 4784; x_wconf 89' lang='lat' dir='ltr'><strong>Quoniam</strong></span> <span class='ocrx_word' id='word_1_588' title='bbox 2314 4720 2487 4791; x_wconf 88' lang='lat' dir='ltr'><strong>ipsius</strong></span> <span class='ocrx_word' id='word_1_589' title='bbox 2522 4727 2610 4776; x_wconf 87' lang='lat' dir='ltr'><strong>est</strong></span> <span class='ocrx_word' id='word_1_590' title='bbox 2642 4720 2899 4774; x_wconf 84' lang='lat' dir='ltr'><strong>universa</strong></span> <span class='ocrx_word' id='word_1_591' title='bbox 2943 4720 3232 4776; x_wconf 89' lang='lat' dir='ltr'><strong>hominum</strong></span> <span class='ocrx_word' id='word_1_592' title='bbox 3284 4737 3426 4776; x_wconf 81' lang='lat' dir='ltr'><strong>mu.-</strong></span> 
     </span>
    </p>
   </div>
   <div class='ocr_carea' id='block_1_76' title="bbox 150 4809 1680 4894">
    <p class='ocr_par' dir='ltr' id='par_1_76' title="bbox 150 4818 1680 4894">
     <span class='ocr_line' id='line_1_77' title="bbox 150 4818 1680 4894; baseline -0.002 -21"><span class='ocrx_word' id='word_1_593' title='bbox 150 4821 252 4873; x_wconf 82' lang='grc' dir='ltr'>καὶ</span> <span class='ocrx_word' id='word_1_594' title='bbox 282 4821 433 4887; x_wconf 81' lang='grc' dir='ltr'>αὐτὸ,</span> <span class='ocrx_word' id='word_1_595' title='bbox 459 4822 553 4875; x_wconf 78' lang='grc' dir='ltr'>καὶ</span> <span class='ocrx_word' id='word_1_596' title='bbox 580 4823 639 4875; x_wconf 86' lang='grc' dir='ltr'><strong>τὸ</strong></span> <span class='ocrx_word' id='word_1_597' title='bbox 670 4822 883 4894; x_wconf 86' lang='grc' dir='ltr'>πρῶτον</span> <span class='ocrx_word' id='word_1_598' title='bbox 915 4820 1025 4892; x_wconf 80' lang='grc'><strong>(10)</strong></span> <span class='ocrx_word' id='word_1_599' title='bbox 1056 4818 1489 4891; x_wconf 78' lang='grc' dir='ltr'>ἐδημιούργησεν</span> <span class='ocrx_word' id='word_1_600' title='bbox 1520 4818 1680 4871; x_wconf 73' lang='grc' dir='ltr'>αὑτοῦ</span> 
     </span>
    </p>
   </div>
   <div class='ocr_carea' id='block_1_77' title="bbox 1897 4809 3427 4894">
    <p class='ocr_par' dir='ltr' id='par_1_77' title="bbox 1897 4809 3427 4881">
     <span class='ocr_line' id='line_1_78' title="bbox 1897 4809 3427 4881; baseline 0.002 -17"><span class='ocrx_word' id='word_1_601' title='bbox 1897 4810 2042 4876; x_wconf 85' lang='lat' dir='ltr'><strong>Ludo,</strong></span> <span class='ocrx_word' id='word_1_602' title='bbox 2089 4818 2145 4866; x_wconf 88' lang='lat' dir='ltr'><strong>et</strong></span> <span class='ocrx_word' id='word_1_603' title='bbox 2189 4811 2325 4881; x_wconf 88' lang='lat' dir='ltr'><strong>ipse,</strong></span> <span class='ocrx_word' id='word_1_604' title='bbox 2365 4820 2419 4866; x_wconf 89' lang='lat' dir='ltr'><strong>et</strong></span> <span class='ocrx_word' id='word_1_605' title='bbox 2464 4809 2706 4881; x_wconf 86' lang='lat' dir='ltr'><strong>primum</strong></span> <span class='ocrx_word' id='word_1_606' title='bbox 2739 4810 2947 4865; x_wconf 87' lang='lat' dir='ltr'><strong>creavit</strong></span> <span class='ocrx_word' id='word_1_607' title='bbox 2991 4824 3111 4878; x_wconf 89' lang='lat' dir='ltr'><strong>eos,</strong></span> <span class='ocrx_word' id='word_1_608' title='bbox 3141 4819 3199 4865; x_wconf 88' lang='lat' dir='ltr'><strong>et</strong></span> <span class='ocrx_word' id='word_1_609' title='bbox 3229 4811 3427 4867; x_wconf 85' lang='lat' dir='ltr'><strong>deinde</strong></span> 
     </span>
    </p>
   </div>
   <div class='ocr_carea' id='block_1_78' title="bbox 149 4901 2532 4985">
    <p class='ocr_par' dir='ltr' id='par_1_78' title="bbox 149 4901 2532 4985">
     <span class='ocr_line' id='line_1_79' title="bbox 149 4901 2532 4985; baseline -0 -19"><span class='ocrx_word' id='word_1_610' title='bbox 149 4912 252 4966; x_wconf 80' lang='grc' dir='ltr'><strong>καὶ</strong></span> <span class='ocrx_word' id='word_1_611' title='bbox 285 4911 447 4967; x_wconf 85' lang='grc' dir='ltr'>πάλιν</span> <span class='ocrx_word' id='word_1_612' title='bbox 474 4915 531 4965; x_wconf 81' lang='grc' dir='ltr'>ὲν</span> <span class='ocrx_word' id='word_1_613' title='bbox 550 4911 628 4983; x_wconf 79' lang='grc' dir='ltr'>τῷ</span> <span class='ocrx_word' id='word_1_614' title='bbox 654 4912 989 4985; x_wconf 84' lang='grc' dir='ltr'>βαπτίσματι</span> <span class='ocrx_word' id='word_1_615' title='bbox 1015 4908 1375 4965; x_wconf 84' lang='grc' dir='ltr'>ἀνεκαίνισεν.</span> <span class='ocrx_word' id='word_1_616' title='bbox 1773 4910 1818 4965; x_wconf 85' lang='grc' dir='ltr'><strong>Ι)</strong></span> <span class='ocrx_word' id='word_1_617' title='bbox 1842 4903 1900 4958; x_wconf 88' lang='lat' dir='ltr'><strong>in</strong></span> <span class='ocrx_word' id='word_1_618' title='bbox 1923 4902 2197 4973; x_wconf 89' lang='lat' dir='ltr'><strong>baptismo</strong></span> <span class='ocrx_word' id='word_1_619' title='bbox 2225 4901 2532 4965; x_wconf 67' lang='grc' dir='ltr'><strong>ι’θῐιυνανίῑν</strong></span> 
     </span>
    </p>
   </div>
   <div class='ocr_carea' id='block_1_79' title="bbox 227 5045 750 5115">
    <p class='ocr_par' dir='ltr' id='par_1_79' title="bbox 227 5045 750 5115">
     <span class='ocr_line' id='line_1_80' title="bbox 227 5045 750 5115; baseline 0.002 -15"><span class='ocrx_word' id='word_1_620' title='bbox 227 5047 272 5078; x_wconf 82' lang='grc'><strong>¹⁸</strong></span> <span class='ocrx_word' id='word_1_621' title='bbox 299 5045 406 5102; x_wconf 83' lang='lat' dir='ltr'><strong>Tit.</strong></span> <span class='ocrx_word' id='word_1_622' title='bbox 444 5063 505 5115; x_wconf 88' lang='lat' dir='ltr'><strong>ll,</strong></span> <span class='ocrx_word' id='word_1_623' title='bbox 532 5049 619 5114; x_wconf 77' lang='lat' dir='ltr'><strong>l5,</strong></span> <span class='ocrx_word' id='word_1_624' title='bbox 666 5047 750 5101; x_wconf 71' lang='grc'><strong>14.</strong></span> 
     </span>
    </p>
   </div>
   <div class='ocr_carea' id='block_1_80' title="bbox 1108 5193 2460 5278">
    <p class='ocr_par' dir='ltr' id='par_1_80' title="bbox 1108 5193 2460 5278">
     <span class='ocr_line' id='line_1_81' title="bbox 1108 5193 2460 5278; baseline -0.007 -8"><span class='ocrx_word' id='word_1_625' title='bbox 1108 5205 1416 5272; x_wconf 83' lang='lat' dir='ltr'><strong>Addenda</strong></span> <span class='ocrx_word' id='word_1_626' title='bbox 1468 5210 1529 5267; x_wconf 87' lang='lat' dir='ltr'><strong>et</strong></span> <span class='ocrx_word' id='word_1_627' title='bbox 1561 5199 1938 5278; x_wconf 82' lang='lat' dir='ltr'><strong>corrigenda</strong></span> <span class='ocrx_word' id='word_1_628' title='bbox 1965 5215 2046 5261; x_wconf 81' lang='lat' dir='ltr'><strong>ex</strong></span> <span class='ocrx_word' id='word_1_629' title='bbox 2076 5196 2220 5261; x_wconf 66' lang='lat' dir='ltr'><strong>cod.-</strong></span> <span class='ocrx_word' id='word_1_630' title='bbox 2253 5193 2460 5260; x_wconf 73' lang='lat' dir='ltr'><strong>Vatia.</strong></span> 
     </span>
    </p>
   </div>
   <div class='ocr_carea' id='block_1_81' title="bbox 224 5362 2848 5457">
    <p class='ocr_par' dir='ltr' id='par_1_81' title="bbox 224 5362 2848 5457">
     <span class='ocr_line' id='line_1_82' title="bbox 224 5362 2848 5457; baseline -0.005 -22"><span class='ocrx_word' id='word_1_631' title='bbox 224 5383 302 5457; x_wconf 59' lang='grc' dir='ltr'><strong>(ξ)</strong></span> <span class='ocrx_word' id='word_1_632' title='bbox 337 5382 410 5457; x_wconf 36' lang='lat' dir='ltr'><strong>ﬁll</strong></span> <span class='ocrx_word' id='word_1_633' title='bbox 440 5379 532 5433; x_wconf 86' lang='grc' dir='ltr'>διὰ</span> <span class='ocrx_word' id='word_1_634' title='bbox 556 5381 656 5457; x_wconf 66' lang='grc' dir='ltr'>τῆς</span> <span class='ocrx_word' id='word_1_635' title='bbox 682 5377 1050 5457; x_wconf 71' lang='grc' dir='ltr'>κινναϐᾁρεως</span> <span class='ocrx_word' id='word_1_636' title='bbox 1085 5396 1209 5457; x_wconf 87' lang='grc' dir='ltr'>περ.</span> <span class='ocrx_word' id='word_1_637' title='bbox 1312 5449 1326 5457; x_wconf 83' lang='lat'><em>_</em></span> <span class='ocrx_word' id='word_1_638' title='bbox 1524 5446 1537 5457; x_wconf 33' lang='grc' dir='ltr'><strong>θ</strong></span> <span class='ocrx_word' id='word_1_639' title='bbox 1689 5445 1703 5457; x_wconf 37' lang='grc'>⁸</span> <span class='ocrx_word' id='word_1_640' title='bbox 2004 5369 2107 5457; x_wconf 46' lang='grc' dir='ltr'><strong>’Τῷ</strong></span> <span class='ocrx_word' id='word_1_641' title='bbox 2130 5368 2238 5449; x_wconf 63' lang='grc' dir='ltr'><strong>γριρ</strong></span> <span class='ocrx_word' id='word_1_642' title='bbox 2257 5368 2495 5457; x_wconf 47' lang='lat' dir='ltr'><strong>Pyr-apt,</strong></span> <span class='ocrx_word' id='word_1_643' title='bbox 2522 5362 2723 5457; x_wconf 77' lang='grc' dir='ltr'>Ἰησοῦ,</span> <span class='ocrx_word' id='word_1_644' title='bbox 2743 5373 2848 5457; x_wconf 60' lang='lat' dir='ltr'><strong>etc.1</strong></span> 
     </span>
    </p>
   </div>
   <div class='ocr_carea' id='block_1_82' title="bbox 224 5397 1754 5530">
    <p class='ocr_par' dir='ltr' id='par_1_82' title="bbox 224 5397 1726 5530">
     <span class='ocr_line' id='line_1_83' title="bbox 224 5397 1209 5503; baseline -0.005 -67"><span class='ocrx_word' id='word_1_645' title='bbox 224 5397 302 5453; x_wconf 82' lang='grc' dir='ltr'><strong>(ι)</strong></span> <span class='ocrx_word' id='word_1_646' title='bbox 351 5397 409 5435; x_wconf 79' lang='lat' dir='ltr'><strong>‘u</strong></span> <span class='ocrx_word' id='word_1_647' title='bbox 440 5397 532 5433; x_wconf 87' lang='grc' dir='ltr'><strong>οια</strong></span> <span class='ocrx_word' id='word_1_648' title='bbox 556 5398 656 5451; x_wconf 83' lang='grc' dir='ltr'><strong>της</strong></span> <span class='ocrx_word' id='word_1_649' title='bbox 682 5397 1050 5450; x_wconf 87' lang='grc' dir='ltr'>κινναοαρεως</span> <span class='ocrx_word' id='word_1_650' title='bbox 1085 5397 1209 5503; x_wconf 53' lang='grc' dir='ltr'>περ.</span> 
     </span>
     <span class='ocr_line' id='line_1_84' title="bbox 224 5445 1726 5530; baseline -0.005 -24"><span class='ocrx_word' id='word_1_651' title='bbox 224 5453 303 5530; x_wconf 62' lang='grc' dir='ltr'><strong>ρ)</strong></span> <span class='ocrx_word' id='word_1_652' title='bbox 337 5451 433 5530; x_wconf 58' lang='grc' dir='ltr'>ίρς</span> <span class='ocrx_word' id='word_1_653' title='bbox 456 5450 756 5530; x_wconf 46' lang='lat' dir='ltr'><strong>{totidem</strong></span> <span class='ocrx_word' id='word_1_654' title='bbox 782 5449 1119 5530; x_wconf 67' lang='grc' dir='ltr'>είρήκαμεν,</span> <span class='ocrx_word' id='word_1_655' title='bbox 1196 5464 1272 5504; x_wconf 72' lang='lat' dir='ltr'><strong>auc</strong></span> <span class='ocrx_word' id='word_1_656' title='bbox 1296 5449 1493 5530; x_wconf 69' lang='lat' dir='ltr'><strong>desunt</strong></span> <span class='ocrx_word' id='word_1_657' title='bbox 1524 5446 1579 5500; x_wconf 90' lang='lat' dir='ltr'><strong>in</strong></span> <span class='ocrx_word' id='word_1_658' title='bbox 1605 5445 1726 5501; x_wconf 93' lang='lat' dir='ltr'><strong>cod.</strong></span> 
     </span>
    </p>
   </div>
   <div class='ocr_carea' id='block_1_83' title="bbox 1563 5397 3093 5530">
    <p class='ocr_par' dir='ltr' id='par_1_83' title="bbox 1563 5397 3093 5530">
     <span class='ocr_line' id='line_1_85' title="bbox 1903 5397 2848 5442; baseline -0.004 -18"><span class='ocrx_word' id='word_1_659' title='bbox 1903 5397 1982 5441; x_wconf 53' lang='grc' dir='ltr'>ιυ)</span> <span class='ocrx_word' id='word_1_660' title='bbox 2026 5397 2107 5440; x_wconf 82' lang='grc' dir='ltr'>ιῳ</span> <span class='ocrx_word' id='word_1_661' title='bbox 2131 5397 2238 5441; x_wconf 67' lang='grc' dir='ltr'><strong>γαρ</strong></span> <span class='ocrx_word' id='word_1_662' title='bbox 2269 5397 2486 5442; x_wconf 63' lang='grc' dir='ltr'>εωιηρι.</span> <span class='ocrx_word' id='word_1_663' title='bbox 2538 5397 2723 5440; x_wconf 69' lang='grc' dir='ltr'>ιηυυυ,</span> <span class='ocrx_word' id='word_1_664' title='bbox 2743 5397 2848 5422; x_wconf 61' lang='lat' dir='ltr'><strong>aug.</strong></span> 
     </span>
     <span class='ocr_line' id='line_1_86' title="bbox 1563 5435 3093 5530; baseline -0.007 -30"><span class='ocrx_word' id='word_1_665' title='bbox 1563 5461 1579 5500; x_wconf 85' lang='lat' dir='ltr'><strong>I</strong></span> <span class='ocrx_word' id='word_1_666' title='bbox 1605 5445 1726 5501; x_wconf 93' lang='lat' dir='ltr'><strong>cod.</strong></span> <span class='ocrx_word' id='word_1_667' title='bbox 2004 5439 2547 5530; x_wconf 47' lang='lat' dir='ltr'><strong>’l‘chifiprw-cdg,</strong></span> <span class='ocrx_word' id='word_1_668' title='bbox 2580 5448 2718 5503; x_wconf 89' lang='lat' dir='ltr'><strong>etc.,</strong></span> <span class='ocrx_word' id='word_1_669' title='bbox 2742 5436 2803 5501; x_wconf 79' lang='grc' dir='ltr'>ὃς</span> <span class='ocrx_word' id='word_1_670' title='bbox 2835 5435 3093 5491; x_wconf 83' lang='grc' dir='ltr'>δέδωκεν.</span> 
     </span>
    </p>
   </div>
   <div class='ocr_carea' id='block_1_84' title="bbox 245 5456 1775 5593">
    <p class='ocr_par' dir='ltr' id='par_1_84' title="bbox 245 5456 1728 5593">
     <span class='ocr_line' id='line_1_87' title="bbox 246 5456 1726 5593; baseline -0.005 -86"><span class='ocrx_word' id='word_1_671' title='bbox 246 5456 303 5593; x_wconf 52' lang='lat'><strong>2;</strong></span> <span class='ocrx_word' id='word_1_672' title='bbox 337 5456 433 5516; x_wconf 86' lang='grc' dir='ltr'>Ὧς</span> <span class='ocrx_word' id='word_1_673' title='bbox 456 5456 756 5532; x_wconf 58' lang='lat' dir='ltr'><strong>grauatam</strong></span> <span class='ocrx_word' id='word_1_674' title='bbox 782 5456 1119 5530; x_wconf 67' lang='grc' dir='ltr'>είρηκαμεν,</span> <span class='ocrx_word' id='word_1_675' title='bbox 1157 5456 1272 5504; x_wconf 74' lang='lat' dir='ltr'><strong>haec</strong></span> <span class='ocrx_word' id='word_1_676' title='bbox 1296 5456 1493 5530; x_wconf 68' lang='lat' dir='ltr'><strong>desunt</strong></span> <span class='ocrx_word' id='word_1_677' title='bbox 1524 5456 1579 5500; x_wconf 84' lang='lat' dir='ltr'><strong>In</strong></span> <span class='ocrx_word' id='word_1_678' title='bbox 1605 5456 1726 5501; x_wconf 83' lang='lat' dir='ltr'><strong>coa.</strong></span> 
     </span>
     <span class='ocr_line' id='line_1_88' title="bbox 245 5521 1728 5593; baseline -0.005 -15"><span class='ocrx_word' id='word_1_679' title='bbox 245 5524 279 5578; x_wconf 77' lang='grc'><strong>5</strong></span> <span class='ocrx_word' id='word_1_680' title='bbox 337 5522 546 5593; x_wconf 55' lang='grc' dir='ltr'>ῘΥμων,</span> <span class='ocrx_word' id='word_1_681' title='bbox 572 5521 647 5585; x_wconf 87' lang='grc' dir='ltr'>ὼς</span> <span class='ocrx_word' id='word_1_682' title='bbox 685 5522 849 5593; x_wconf 20' lang='grc' dir='ltr'>ὲνᾼτῳ</span> <span class='ocrx_word' id='word_1_683' title='bbox 887 5531 1491 5593; x_wconf 37' lang='grc' dir='ltr'>παραπικρασμῳιεῑι).</span> <span class='ocrx_word' id='word_1_684' title='bbox 1715 5586 1728 5593; x_wconf 88' lang='lat'><em>_</em></span> 
     </span>
    </p>
   </div>
   <div class='ocr_carea' id='block_1_85' title="bbox 855 5456 2385 5593">
    <p class='ocr_par' dir='ltr' id='par_1_85' title="bbox 855 5456 2385 5593">
     <span class='ocr_line' id='line_1_89' title="bbox 855 5456 2385 5518; baseline 0.003 -17"><span class='ocrx_word' id='word_1_685' title='bbox 855 5456 1119 5518; x_wconf 64' lang='grc' dir='ltr'>πῖκαμεν,</span> <span class='ocrx_word' id='word_1_686' title='bbox 1157 5456 1272 5504; x_wconf 74' lang='lat' dir='ltr'><strong>haec</strong></span> <span class='ocrx_word' id='word_1_687' title='bbox 1296 5456 1493 5503; x_wconf 87' lang='lat' dir='ltr'><strong>desunt</strong></span> <span class='ocrx_word' id='word_1_688' title='bbox 1524 5456 1579 5500; x_wconf 84' lang='lat' dir='ltr'><strong>In</strong></span> <span class='ocrx_word' id='word_1_689' title='bbox 1605 5456 1726 5501; x_wconf 83' lang='lat' dir='ltr'><strong>coa.</strong></span> <span class='ocrx_word' id='word_1_690' title='bbox 1932 5456 1950 5493; x_wconf 78' lang='grc' dir='ltr'><strong>ι</strong></span> <span class='ocrx_word' id='word_1_691' title='bbox 2009 5456 2217 5511; x_wconf 65' lang='grc' dir='ltr'>Ἰησους</span> <span class='ocrx_word' id='word_1_692' title='bbox 2248 5456 2385 5510; x_wconf 54' lang='grc' dir='ltr'>ολιρι</span> 
     </span>
     <span class='ocr_line' id='line_1_90' title="bbox 887 5456 2385 5593; baseline -0.006 -22"><span class='ocrx_word' id='word_1_693' title='bbox 887 5518 1491 5593; x_wconf 37' lang='grc' dir='ltr'>παραπικρασμῷιεῑι).</span> <span class='ocrx_word' id='word_1_694' title='bbox 1715 5586 1728 5593; x_wconf 86' lang='lat'><em>_</em></span> <span class='ocrx_word' id='word_1_695' title='bbox 2117 5510 2293 5593; x_wconf 56' lang='lat' dir='ltr'><strong>deest:</strong></span> <span class='ocrx_word' id='word_1_696' title='bbox 2359 5578 2385 5592; x_wconf 42' lang='grc' dir='ltr'><strong><em>η</em></strong></span> 
     </span>
    </p>
   </div>
   <div class='ocr_carea' id='block_1_86' title="bbox 245 5579 1775 5663">
    <p class='ocr_par' dir='ltr' id='par_1_86' title="bbox 245 5579 1729 5663">
     <span class='ocr_line' id='line_1_91' title="bbox 245 5579 1729 5663; baseline -0.004 -17"><span class='ocrx_word' id='word_1_697' title='bbox 245 5579 300 5663; x_wconf 67' lang='grc'><strong>4)</strong></span> <span class='ocrx_word' id='word_1_698' title='bbox 335 5579 577 5656; x_wconf 71' lang='grc' dir='ltr'>Ἐσὶυτοΐς</span> <span class='ocrx_word' id='word_1_699' title='bbox 603 5579 832 5662; x_wconf 54' lang='grc' dir='ltr'>,⁷ρειιιο’</span> <span class='ocrx_word' id='word_1_700' title='bbox 862 5579 989 5659; x_wconf 77' lang='grc' dir='ltr'><strong>ι)οεὶ</strong></span> <span class='ocrx_word' id='word_1_701' title='bbox 1044 5579 1177 5661; x_wconf 77' lang='grc' dir='ltr'>παρ’</span> <span class='ocrx_word' id='word_1_702' title='bbox 1221 5579 1405 5651; x_wconf 69' lang='grc' dir='ltr'>αὐτοῖς</span> <span class='ocrx_word' id='word_1_703' title='bbox 1456 5602 1556 5659; x_wconf 85' lang='lat' dir='ltr'><strong>pro</strong></span> <span class='ocrx_word' id='word_1_704' title='bbox 1600 5586 1729 5657; x_wconf 80' lang='grc' dir='ltr'>παρ’</span> 
     </span>
    </p>
   </div>
   <div class='ocr_carea' id='block_1_87' title="bbox 1051 5579 2581 5663">
    <p class='ocr_par' dir='ltr' id='par_1_87' title="bbox 1051 5579 2581 5663">
     <span class='ocr_line' id='line_1_92' title="bbox 1051 5579 2581 5663; baseline -0.005 -21"><span class='ocrx_word' id='word_1_705' title='bbox 1051 5579 1177 5661; x_wconf 77' lang='grc' dir='ltr'>παρ’</span> <span class='ocrx_word' id='word_1_706' title='bbox 1221 5579 1405 5651; x_wconf 54' lang='lat' dir='ltr'><strong>alia;</strong></span> <span class='ocrx_word' id='word_1_707' title='bbox 1456 5602 1556 5659; x_wconf 85' lang='lat' dir='ltr'><strong>pro</strong></span> <span class='ocrx_word' id='word_1_708' title='bbox 1600 5586 1729 5657; x_wconf 79' lang='grc' dir='ltr'>παρ’</span> <span class='ocrx_word' id='word_1_709' title='bbox 2117 5579 2581 5663; x_wconf 36' lang='grc' dir='ltr'><strong>λονηφίπὶὑν,ισὶιίεζ</strong></span> 
     </span>
    </p>
   </div>
   <div class='ocr_carea' id='block_1_88' title="bbox 157 5646 3413 5787">
    <p class='ocr_par' dir='ltr' id='par_1_88' title="bbox 157 5646 3413 5787">
     <span class='ocr_line' id='line_1_93' title="bbox 157 5646 3413 5726; baseline -0.003 -15"><span class='ocrx_word' id='word_1_710' title='bbox 157 5646 255 5719; x_wconf 75' lang='grc' dir='ltr'><strong>Ἕὸ</strong></span> <span class='ocrx_word' id='word_1_711' title='bbox 282 5646 452 5726; x_wconf 77' lang='grc' dir='ltr'>ἀίοις.</span> <span class='ocrx_word' id='word_1_712' title='bbox 556 5646 574 5656; x_wconf 81' lang='grc'><em>’</em></span> <span class='ocrx_word' id='word_1_713' title='bbox 604 5646 617 5657; x_wconf 84' lang='grc'><strong>’</strong></span> <span class='ocrx_word' id='word_1_714' title='bbox 645 5646 665 5662; x_wconf 76' lang='grc'><strong><em>³</em></strong></span> <span class='ocrx_word' id='word_1_715' title='bbox 863 5646 883 5659; x_wconf 72' lang='grc'><strong><em>⁵</em></strong></span> <span class='ocrx_word' id='word_1_716' title='bbox 1129 5646 1141 5661; x_wconf 70' lang='grc'><strong><em>⁵</em></strong></span> <span class='ocrx_word' id='word_1_717' title='bbox 1385 5646 1401 5651; x_wconf 65' lang='grc'>⁷</span> <span class='ocrx_word' id='word_1_718' title='bbox 1458 5646 1477 5659; x_wconf 73' lang='grc'><strong>⁸</strong></span> <span class='ocrx_word' id='word_1_719' title='bbox 1681 5646 1694 5657; x_wconf 89' lang='grc'><em>’</em></span> <span class='ocrx_word' id='word_1_720' title='bbox 1899 5646 2011 5720; x_wconf 82' lang='grc'><strong>(10)</strong></span> <span class='ocrx_word' id='word_1_721' title='bbox 2051 5650 2162 5702; x_wconf 89' lang='lat' dir='ltr'><strong>Kal</strong></span> <span class='ocrx_word' id='word_1_722' title='bbox 2186 5650 2369 5721; x_wconf 84' lang='grc' dir='ltr'>αὐτὸς,</span> <span class='ocrx_word' id='word_1_723' title='bbox 2397 5651 2491 5707; x_wconf 79' lang='grc' dir='ltr'><strong>καὶ</strong></span> <span class='ocrx_word' id='word_1_724' title='bbox 2539 5650 2599 5704; x_wconf 81' lang='grc' dir='ltr'><strong>τὸ</strong></span> <span class='ocrx_word' id='word_1_725' title='bbox 2653 5648 2936 5723; x_wconf 84' lang='grc' dir='ltr'>πρότερον,</span> <span class='ocrx_word' id='word_1_726' title='bbox 2983 5658 3112 5719; x_wconf 88' lang='lat' dir='ltr'><strong>etc.,</strong></span> <span class='ocrx_word' id='word_1_727' title='bbox 3138 5646 3413 5719; x_wconf 53' lang='grc' dir='ltr'>ἀνεκαίνισε</span> 
     </span>
     <span class='ocr_line' id='line_1_94' title="bbox 218 5680 2166 5787; baseline -0.002 0"><span class='ocrx_word' id='word_1_728' title='bbox 218 5680 297 5787; x_wconf 53' lang='lat' dir='ltr'><strong>l5?)</strong></span> <span class='ocrx_word' id='word_1_729' title='bbox 330 5731 668 5787; x_wconf 70' lang='grc' dir='ltr'>Πλησθῶιιεν</span> <span class='ocrx_word' id='word_1_730' title='bbox 694 5732 875 5787; x_wconf 83' lang='grc' dir='ltr'>πάσης</span> <span class='ocrx_word' id='word_1_731' title='bbox 907 5730 1128 5787; x_wconf 70' lang='grc' dir='ltr'>γάοιτος</span> <span class='ocrx_word' id='word_1_732' title='bbox 1153 5730 1218 5784; x_wconf 75' lang='grc' dir='ltr'><strong>ἐν</strong></span> <span class='ocrx_word' id='word_1_733' title='bbox 1253 5726 1351 5787; x_wconf 81' lang='grc' dir='ltr'>τῷ.</span> <span class='ocrx_word' id='word_1_734' title='bbox 1385 5734 1489 5782; x_wconf 83' lang='lat' dir='ltr'><strong>etc.</strong></span> <span class='ocrx_word' id='word_1_735' title='bbox 1831 5738 1919 5774; x_wconf 84' lang='grc' dir='ltr'><strong>σεν</strong></span> <span class='ocrx_word' id='word_1_736' title='bbox 1952 5720 2166 5784; x_wconf 73' lang='grc' dir='ltr'><strong>αὐτούς·</strong></span> 
     </span>
    </p>
   </div>
   <div class='ocr_carea' id='block_1_89' title="bbox 278 5720 2166 5804">
    <p class='ocr_par' dir='ltr' id='par_1_89' title="bbox 278 5720 2166 5804">
     <span class='ocr_line' id='line_1_95' title="bbox 278 5720 2166 5804; baseline -0.008 -16"><span class='ocrx_word' id='word_1_737' title='bbox 278 5735 297 5804; x_wconf 88' lang='grc'><strong>)</strong></span> <span class='ocrx_word' id='word_1_738' title='bbox 330 5720 668 5804; x_wconf 66' lang='grc' dir='ltr'>Πλῖησθῶμεν</span> <span class='ocrx_word' id='word_1_739' title='bbox 694 5732 875 5802; x_wconf 85' lang='grc' dir='ltr'>πάσης</span> <span class='ocrx_word' id='word_1_740' title='bbox 907 5730 1128 5804; x_wconf 83' lang='grc' dir='ltr'>χάριτος</span> <span class='ocrx_word' id='word_1_741' title='bbox 1153 5730 1218 5784; x_wconf 75' lang='grc' dir='ltr'><strong>ἐν</strong></span> <span class='ocrx_word' id='word_1_742' title='bbox 1253 5726 1351 5797; x_wconf 83' lang='grc' dir='ltr'><strong>τῷ,</strong></span> <span class='ocrx_word' id='word_1_743' title='bbox 1385 5734 1489 5782; x_wconf 85' lang='lat' dir='ltr'><strong>etc.</strong></span> <span class='ocrx_word' id='word_1_744' title='bbox 1831 5738 1919 5774; x_wconf 87' lang='grc' dir='ltr'><strong>σεν</strong></span> <span class='ocrx_word' id='word_1_745' title='bbox 1952 5720 2166 5784; x_wconf 83' lang='grc' dir='ltr'>αὐτούς.</span> 
     </span>
    </p>
   </div>
  </div>
