3874 6222
442 328 582 385 1039
1291 328 1345 382 S.
1385 326 1758 381 ATHANASII
1796 325 1947 379 OPP.
1983 325 2170 379 PARS
2203 327 2292 380 lli.
2335 356 2401 366 —
2442 324 2852 382 EXEGETICA.
3559 326 3724 383 1060

507 441 594 497 10.
636 442 701 497 Et
726 446 934 499 aridam
969 462 1165 500 manus
1198 447 1319 514 ejus
1346 445 1739 499 formaverunt.

2053 454 2099 507 Α
2202 446 2285 499 10.
2328 446 2440 497 Καὶ
2471 446 2570 516 τὴν
2602 444 2773 515 ξηρὰν
2806 445 2861 497 αἱ
2889 445 3070 514 χεῖρες
3103 444 3268 497 αὐτοῦ
3300 443 3559 500 ἔπλασαν.

509 531 599 589 11.
646 531 837 590 Venite
866 537 1182 598 adoremus,
1215 547 1266 590 et
1301 536 1654 605 procidamus
1687 534 1735 587 ei
1763 552 1777 588 :

2195 534 2280 587 11.
2301 534 2484 597 Δεῦτε,
2500 536 2983 605 προσκυνήσωμεν,
3002 533 3096 586 καὶ
3114 534 3513 602 προσπέῖωμεν
3532 533 3724 604 αὐτῷ’

505 624 593 679 12.
643 626 709 679 Et
738 629 1017 695 ploremus
1047 644 1230 683 coram
1279 628 1532 690 Domino,
1566 627 1660 696 qui
1709 625 1838 680 fecit
1885 639 2018 695 nos:

2196 626 2282 679 12.
2324 628 2433 679 Καὶ
2486 626 2810 695 κλαύσωμεν
2864 624 3105 677 ἐναντίον
3157 624 3385 694 Κυρίου,
3416 623 3509 676 τοῦ
3548 626 3726 696 ποιήε-

2128 734 2315 780 σαντος
2352 719 2518 787 ἡμᾶς.

510 819 598 875 15.
654 819 791 887 Quia
825 824 939 893 ipse
974 835 1057 880 est
1089 825 1232 881 Deus
1262 834 1488 880 noster:

2195 809 2281 862 15.
2300 810 2419 861 Ὅτι
2448 809 2610 870 αὑτός
2640 810 2783 860 ἐστιν
2815 808 2843 858 ὁ
2869 805 3001 869 Θεὸς
3025 806 3179 876 ἡμῶν
3203 823 3214 835 ·

503 911 593 967 14.
649 912 712 967 ΕΙ.
740 931 838 969 nos
861 920 1095 986 populus
1128 934 1340 986 pascua:
1368 919 1525 985 ejus:

2196 901 2281 955 14.
2324 902 2434 953 Kal
2471 902 2631 970 ἡμεῖς
2662 899 2785 963 λαὸς
2815 899 2985 969 νομῆς
3011 896 3197 950 αὑτοῦ.

512 999 602 1055 15.
652 1000 720 1055 Et
753 1020 880 1058 oves
920 1022 1115 1058 manus
1144 1007 1285 1075 ejus.

2196 993 2282 1047 15.
2324 993 2435 1045 Kal
2473 992 2719 1064 πρόϐατα
2753 991 2933 1062 χειρὸς
2958 990 3142 1043 αὐτοῦ.

520 1089 607 1144 16.
657 1090 850 1156 Hodie,
889 1097 933 1148 si
965 1113 1151 1150 vocem
1187 1098 1305 1165 ejus
1344 1095 1661 1149 audieritis:

2197 1084 2282 1138 16.
2325 1086 2572 1155 Σήμερον
2611 1083 2704 1135 ἐὰν
2730 1086 2827 1153 τῆς
2862 1082 3042 1151 φωνῆς
3076 1080 3241 1133 αὐτοῦ
3273 1080 3576 1149 ἀκούσητε·

513 1178 597 1234 17.
652 1181 829 1239 Nolite
874 1187 1144 1242 obdurare
1169 1190 1351 1257 .corda
1385 1199 1587 1249 vestra,
1624 1186 1765 1239 sicut
1811 1184 1864 1237 in
1896 1184 2021 1237 irri-

2196 1177 2282 1231 17.
2323 1178 2412 1247 Μὴ
2449 1176 2786 1248 σκληρύνητε
2827 1174 2925 1237 τὰς
2972 1173 3199 1242 καρδίας
3226 1173 3402 1242 ὑμῶν,
3434 1173 3599 1235 ὠς,ὲν
3631 1170 3716 1243 τῷ

439 1272 653 1326 talione
678 1292 691 1327 .

2126 1270 2595 1339 παραπικρασμῷ.

511 1362 599 1415 18.
649 1362 961 1417 Secundum
994 1364 1136 1418 diem
1168 1364 1480 1418 tentationis
1512 1364 1565 1417 in
1595 1364 1853 1423 deserto:

2197 1363 2282 1416 18.
2325 1362 2482 1414 Κατὰ
2502 1362 2597 1431 τὴν
2629 1360 2839 1431 ἡμέραν
2860 1358 2951 1411 τοῦ
2976 1355 3282 1427 πειρασμοῦ
3307 1359 3364 1409 ἐν
3390 1360 3455 1426 τῇ
3484 1358 3711 1428 ἐρήμῳ·

509 1450 597 1506 19.
656 1454 753 1507 Ubi
788 1463 1134 1508 tentaverunt
1175 1471 1260 1508 me
1293 1465 1471 1523 patres
1503 1454 1668 1507 vestri
1698 1475 1711 1508 :

2196 1454 2281 1507 19.
2322 1446 2397 1505 Οὗ
2427 1454 2723 1523 ἐπείρασαν
2762 1468 2828 1521 με
2854 1452 2901 1503 οἱ
2938 1450 3177 1519 πατέρες
3207 1448 3358 1517 ὑμῶν

507 1541 597 1595 20.
647 1544 1025 1601 Probaverunt
1054 1564 1161 1611 me,
1206 1557 1260 1601 et
1290 1549 1541 1601 viderunt
1572 1562 1737 1614 opera
1772 1561 1913 1600 mea.

2192 1544 2281 1598 20.
2311 1544 2669 1615 Ἐδοκίμασὰν
2704 1560 2791 1614 με,
2824 1543 2915 1594 καὶ
2946 1538 3083 1594 εἶδον
3108 1540 3178 1593 τὰ
3216 1541 3353 1611 ἔργα
3382 1558 3507 1611 μου.

506 1632 595 1689 21.
645 1637 1013 1711 Quadraginta
1060 1642 1218 1694 annis
1252 1640 1493 1694 offensus
1544 1640 1621 1692 fui
1684 1648 2019 1706 generation.

2192 1639 2280 1692 21.
2324 1638 2737 1709 Τεσσαράκοντα
2785 1635 2879 1706 ἔτη
2935 1633 3285 1705 προσώχθισα
3314 1633 3390 1704 (α)
3432 1637 3499 1705 τῇ
3536 1641 3711 1709 γενεᾷ

437 1725 517 1779 illi
553 1743 568 1778 :

2123 1730 2306 1799 ἐκείνῃ
2326 1746 2339 1759 ⁸

504 1816 593 1871 22.
654 1813 717 1867 Et
751 1811 899 1867 dixi:
940 1814 1165 1883 Semper
1190 1824 1376 1869 errant
1419 1816 1603 1871 corde.

2046 1813 2087 1867 Β
2184 1820 2274 1873 22.
2317 1820 2425 1873 Kal
2454 1814 2582 1872 εἶπα
2601 1836 2615 1850 ·
2652 1819 2761 1872 Ἀεὶ
2787 1816 3093 1872 πλανῶνται
3116 1819 3183 1889 τῇ
3217 1816 3431 1892 καρδίᾳ.

505 1906 594 1960 25.
647 1905 748 1973 Ipsi
776 1921 903 1958 vero
930 1921 1037 1958 non
1073 1916 1447 1974 cognoverunt
1480 1908 1595 1962 vias
1625 1925 1813 1966 meas:

2189 1911 2280 1965 25.
2325 1913 2489 1965 Αὐτοὶ
2516 1911 2572 1965 δὲ
2595 1913 2694 1965 οὐκ
2721 1911 2966 1980 ἔγνωσαν
2998 1910 3097 1974 τὰς
3120 1909 3272 1973 ὁδούς
3307 1927 3411 1981 μου
3431 1926 3446 1941 ⁸

505 1995 594 2050 21.
636 1994 738 2049 Ubi
767 1995 949 2064 juravi
981 1996 1035 2048 in
1082 1994 1163 2049 ira
1195 2011 1313 2050 mea
1344 2010 1359 2050 :
1410 1996 1467 2051 Si
1499 1999 1805 2057 introibunt
1834 2001 1887 2057 in
1918 2018 2007 2060 re-

2187 2002 2278 2055 24.
2325 2004 2413 2067 Ὠς
2440 2003 2631 2074 ὢμοσα
2657 2006 2715 2058 ὲν
2764 2008 2831 2076 τῇ
2872 2005 3011 2074 ὀργῇ
3042 2018 3179 2075 μου·
3214 2002 3277 2055 El
3305 2000 3713 2060 εἰσελεύσονται

436 2088 622 2155 quiem
653 2102 848 2139 meam.

2121 2094 2202 2159 εἰς
2233 2096 2332 2165 τὴν
2365 2098 2712 2153 κατάπαυσίν
2746 2117 2865 2170 μου.

528 2243 584 2307 α)
624 2242 779 2298 Vers.
813 2242 904 2306 21,
932 2241 1311 2315 Προσὼχθισα,
1340 2252 1445 2298 etc.

1580 2407 1959 2465 ATHANASII
1992 2407 2576 2467 INTERPRETATIO.

511 2556 597 2611 10.
642 2554 708 2610 Et
757 2571 851 2611 cor
908 2558 1155 2613 omnium
1211 2560 1419 2615 creavit
1486 2560 1722 2633 Spiritus
1786 2574 2011 2622 sanctus

2184 2566 2269 2620 10.
2306 2566 2416 2620 Kal
2448 2566 2548 2635 τὴν
2587 2564 2815 2638 καρδίαν
2862 2564 3078 2619 πάντων
3104 2564 3287 2619 ἔκτισε
3312 2563 3373 2617 τὸ
3392 2562 3623 2635 Πνεῦμα
3644 2563 3710 2619 τὸ

434 2645 555 2714 eius
580 2648 633 2701 in
672 2648 889 2702 lavacro
924 2649 1484 2719 incorruptibilitatis.

2111 2656 2266 2726 ἆγιον
2299 2658 2461 2712 αὑτοῦ
2498 2660 2570 2729 (1)
2603 2657 2764 2728 ὲνιτῷ
2795 2658 3003 2728 λουτρῷ
3032 2657 3133 2727 τῆς
3161 2657 3484 2727 ἀφθαρσίας.

508 2737 597 2795 11.
644 2736 889 2793 Primum
937 2738 1221 2796 ﬂectamus
1255 2742 1303 2796 ei
1345 2760 1542 2815 genua,
1590 2754 1850 2815 tanquam
1890 2746 2012 2811 rei,

2186 2749 2271 2803 11.
2330 2749 2555 2820 Πρῶτον
2601 2750 2749 2819 αὐτῷ
2788 2750 3059 2819 κλίνωμεν
3087 2750 3238 2817 γόνυ,
3282 2748 3358 2811 ὡς
3405 2748 3707 2802 ὑπεύθυνοι

432 2837 489 2884 et
520 2840 650 2885 tunc
681 2833 1023 2900 postulemus
1065 2835 1281 2889 veniam
1323 2850 1543 2903 eorum,
1592 2854 1829 2908 quorum
1863 2840 1962 2895 deb

2179 2858 2286 2904 τες,
2322 2842 2415 2893 καὶ
2467 2841 2591 2894 τότε
2635 2840 2982 2912 συγχώρησιν
3032 2842 3365 2910 αἰτήσωμεν,
3390 2833 3467 2893 ὧν
3493 2839 3709 2909 ὀφείλο-

435 2930 582 2977 tores
607 2938 822 2979 sumus.

2044 2974 2090 3032 ϐ
2123 2948 2222 3002 μεν
2250 2931 2449 2986 αὐτῶν.

509 3014 598 3068 12.
646 3014 1048 3071 Conﬁtebimur
1096 3032 1282 3074 coram
1321 3019 1576 3090 Domino,
1606 3022 1701 3091 qui
1734 3036 2021 3094 regenera-

2198 3023 2287 3077 12.
2322 3022 2852 3094 Ἑξομολογησόμεθα
2876 3022 3106 3076 ὲνώπιον
3123 3024 3328 3095 Κυρίου
3352 3022 3450 3077 τοῦ
3476 3023 3707 3078 ἀνακαι-

435 3103 516 3158 vit
544 3120 667 3160 nos.

2122 3115 2367 3177 νισαντος
2400 3116 2566 3185 ἡμᾶς.

506 3193 597 3252 1τ.
646 3196 750 3261 Qui
782 3196 1026 3252 intuetur
1070 3214 1285 3256 omnes.

2193 3208 2281 3261 15.
2303 3209 2398 3270 ’ος
2421 3208 2593 3277 ἐφορᾷ
2618 3206 2846 3270 πάντας.

504 3284 574 3339 14
646 3285 711 3342 Et
742 3303 842 3342 nos
886 3290 1120 3373 populus
1143 3292 1302 3346 ovilis
1329 3291 1480 3362 ejus.

2195 3298 2281 3353 M.
2324 3299 2434 3351 Kal
2474 3300 2632 3369 ἡμεῖς
2654 3298 2782 3361 λαὸς
2809 3298 2908 3369 τῆς
2929 3297 3100 3369 αὐλῆς
3131 3298 3314 3352 αὑτοῦ.

506 3376 594 3432 15.
656 3377 718 3431 Et
744 3394 875 3434 oves
897 3381 1133 3437 dextera:
1160 3384 1303 3452 ejus.
1514 3378 1522 3385 ’

2195 3393 2281 3446 15.
2323 3394 2436 3445 Kal
2472 3392 2718 3462 πρόϐατα
2752 3392 2849 3463 τῆς
2878 3392 3057 3458 δεξιᾶς
3086 3390 3272 3447 αὑτοῦ.

508 3467 597 3524 16.
650 3466 729 3523 Ex
763 3485 874 3538 quo
903 3472 1057 3526 visus
1086 3482 1170 3527 est
1204 3473 1257 3526 in
1304 3472 1489 3540 terris,
1521 3471 1719 3544 faudite
1754 3482 1809 3530 et
1836 3489 2021 3530 vocem

2194 3482 2279 3537 16.
2309 3482 2427 3552 Ἀφ’
2448 3478 2509 3538 ού
2530 3483 2668 3554 ὀφθῇ
2695 3483 2771 3553 (2)
2828 3484 2921 3537 ἐπὶ
2943 3485 3042 3555 τῆς
3067 3488 3191 3555 γῆς,
3223 3484 3319 3537 καὶ
3354 3484 3587 3543 ἀκούετε
3606 3488 3711 3560 τῆς

434 3558 577 3629 ejus,
614 3570 667 3613 et
696 3562 1106 3630 praedicandum
1142 3566 1343 3631 ipsum.

2123 3574 2306 3645 φωνῆς
2343 3574 2528 3638 αὐτοῦ,
2561 3576 2651 3629 καὶ
2685 3574 2793 3627 τῶν
2821 3575 3204 3646 κηρυσσόντων
3235 3575 3417 3632 αὐτόν.

506 3653 594 3708 17.
641 3650 719 3705 Ne
749 3656 871 3708 sitis
901 3656 1066 3708 corde
1100 3657 1336 3725 lapideo.

2196 3667 2284 3720 1ῑ.
2324 3668 2413 3737 Μὴ
2444 3669 2655 3735 γίνεσθε
2686 3668 3036 3741 λιθοκάρδιοι.

505 3740 594 3795 18.
654 3742 809 3795 Sicut
867 3743 1104 3812 majores
1150 3746 1348 3813 nostri,
1403 3746 1498 3817 qui
1550 3746 2021 3804 exacerbaverunt

2192 3760 2279 3813 18.
2318 3762 2391 3829 (5)
2429 3761 2513 3823 Ὠς
2546 3762 2595 3813 οἱ
2622 3762 2728 3833 πρὸ
2771 3740 2930 3833 ἡμῶν
2973 3763 3023 3815 οἱ
3054 3762 3578 3835 παραπικράναντες
3608 3763 3707 3819 αὐ-

442 3851 573 3890 cnm
606 3836 660 3889 in
688 3852 895 3895 eremo.

2119 3850 2211 3904 τὸν
2241 3854 2298 3903 ἐν
2324 3854 2388 3921 τῇ
2425 3852 2634 3922 ἐρήμῳ.

508 3926 598 3983 19.
657 3927 1011 3999 Nequaquam
1061 3946 1161 3986 vos
1195 3946 1319 3986 eum
1360 3932 1432 3987 ita
1476 3933 1759 3989 tentabitis
1809 3934 1863 3987 in
1923 3934 2018 3988 ad—

2194 3944 2278 3997 19.
2312 3945 2460 4013 Μηδὲ
2491 3945 2648 4013 ὑμεῖς
2674 3944 2845 4007 οὕτως
2871 3943 3033 3997 αύτόν
3074 3942 3298 4013 μέλλετε
3324 3945 3627 4014 πειράζειν
3651 3947 3712 3998 ὲν

434 4031 597 4074 ventu
625 4037 746 4089 suo,
781 4025 1239 4092 quemadmodum
1272 4037 1450 4095 patres
1485 4027 1648 4080 vestri
1679 4036 1954 4080 tentaveru

2174 4038 2183 4107 ᾗ
2208 4036 2475 4108 παρουσίᾳ
2499 4036 2681 4102 αὑτοῦ,
2698 4037 2771 4101 ὼς
2799 4039 2845 4089 οἱ
2864 4036 3097 4107 πατέρες
3121 4035 3275 4105 ὑμῶν
3294 4036 3599 4103 ἐπειρωτᾶν
3617 4053 3704 4106 με,

435 4128 544 4170 me.

507 4208 598 4267 20.
648 4207 865 4278 Experti
893 4218 1022 4262 sunt
1053 4210 1259 4275 omnia,
1303 4224 1425 4277 quae
1458 4209 1637 4263 intulit
1673 4209 1777 4267 eis.

2188 4210 2511 4280 20.Ἔχουσι
2532 4214 2724 4282 πεῖραν
2742 4209 2957 4262 πάντων
2984 4202 3060 4261 ὧν
3099 4210 3379 4279 ἐπήγαγεν
3398 4208 3473 4278 (4)
3501 4210 3707 4272 αὐτοῖς.

506 4298 596 4357 21.
647 4299 1016 4371 Quadraginta
1047 4316 1222 4355 annos
1250 4303 1523 4369 permansi
1562 4304 1616 4356 in
1661 4303 1750 4356 illa
1782 4318 2008 4373 genera-

2184 4303 2273 4355 21.
2295 4303 2715 4373 Τεσσαράκοντα
2746 4302 2839 4371 ἔτη
2873 4302 3179 4371 παρέμεινα
3196 4304 3251 4353 ὲν
3268 4302 3431 4370 γενεᾷ
3458 4301 3539 4367 (5)
3564 4301 3712 4353 ἐκεί-

436 4392 585 4446 tione
614 4392 925 4461 indignatus
966 4408 1158 4447 eorum
1190 4394 1471 4463 operibus,
1516 4403 1569 4448 et
1614 4396 1881 4463 patienter
1928 4393 1966 4447 [ε

2195 4394 2546 4467 ὀργιζόμενος
2563 4396 2653 4450 ἐπὶ
2668 4398 2776 4457 τοῖς
2792 4394 2974 4466 ἔργοις
2988 4392 3190 4452 αὐτῶν,
3204 4394 3297 4445 καὶ
3308 4391 3681 4464 μακροθυμῶ
3693 4445 3712 4463 ο

436 4494 589 4538 rens.

410 4598 419 4605 ι
509 4572 596 4628 22.
649 4572 716 4628 Et
740 4574 884 4628 dixi:
917 4571 1035 4628 Non
1060 4582 1144 4629 est
1177 4574 1307 4629 ﬁdes
1336 4574 1390 4628 in
1423 4575 1579 4644 ipsis.

2187 4577 2279 4631 22.
2320 4576 2429 4629 Kal
2457 4573 2583 4628 εἶπα
2613 4574 2710 4645 (6)'
2746 4576 2860 4627 Οὐκ
2886 4574 3001 4627 ἔστι
3028 4574 3210 4637 πίστις
3237 4574 3294 4627 ὲν
3319 4572 3526 4636 αὐτοῖς.

410 4672 413 4673 ⁷
507 4664 601 4723 25.
652 4665 757 4734 Ipsi
806 4675 984 4718 autem
1032 4667 1324 4720 noluerunt
1372 4680 1705 4732 cognoscere
1762 4665 1940 4719 mand:

2191 4671 2281 4725 25.
2319 4670 2482 4723 Αὐτοὶ
2498 4668 2554 4720 δὲ
2572 4669 2671 4722 οὐκ
2700 4667 2971 4738 ἠθέλησαν
2998 4666 3195 4719 εἰδέναι
3214 4666 3310 4729 τὰς
3341 4664 3565 4728 ἐντολάς
3583 4681 3707 4737 μου.

424 4771 466 4805 :II
495 4766 583 4806 ea.

509 4842 600 4897 24.
649 4840 720 4898 Ut
752 4845 1010 4899 constitui
1036 4844 1103 4899 de
1143 4845 1318 4914 ipsis:
1357 4844 1417 4899 Si
1448 4843 1753 4899 introibunt
1780 4845 1831 4897 in
1864 4852 2020 4897 aeter-

2194 4845 2284 4899 24.
2311 4846 2398 4908 Ὠς
2426 4845 2600 4917 ὥρισα
2627 4846 2754 4915 περ).
2789 4844 2985 4897 αὐτῶν·
3012 4846 3075 4897 El
3108 4845 3186 4913 (7)
3214 4842 3614 4897 εἰσελεύσονται
3633 4843 3714 4907 ιις

441 4949 509 4988 na
539 4949 660 4990 mea
684 4934 989 5004 refrigeria.

2126 4936 2224 5001 τὰς
2256 4938 2505 5001 αἰωνίους
2535 4955 2634 5007 μου
2666 4936 3019 4997 ἀναπαύσεις.

1405 5122 1713 5185 Addenda
1751 5130 1814 5183 et
1846 5120 2225 5199 corrigenda
2257 5138 2337 5181 ex
2363 5119 2503 5181 cod.
2540 5119 2741 5179 Velie.

508 5286 852 5368 (1)][ἁντων
878 5285 984 5338 τῶν
1023 5285 1322 5357 ἀνθρώπων
1369 5285 1548 5338 ἔκτισε
1582 5285 1642 5336 τὸ
1669 5284 1891 5355 Πνεῦμα
1914 5285 2013 5337 αύ-
2137 5282 2354 5368 Ὦς,
2384 5283 2430 5368 οξ
2469 5281 2721 5351 πατέρες,
2758 5288 2854 5336 ett.

443 5353 536 5410 τοῦ
566 5353 627 5410 τὸ
661 5358 832 5425 ἆγιον,
864 5366 969 5411 etc.
1127 5353 1137 5357 ⁷
1819 5353 1827 5355 ⁷
2194 5354 2268 5425 (ﬁ)
2299 5353 2629 5425 Em'jyayov.

517 5426 595 5497 (2)
630 5421 1020 5497 Ὀςρθείωειεη
1049 5425 1461 5497 ἀκούσετεηθῑο.
1489 5496 1496 5497 7
1886 5495 1895 5497 4

1156 5425 1461 5497 ύσετεηθῑο.
1489 5496 1496 5497 7
1886 5495 1895 5497 4
2192 5422 2268 5497 (5)
2299 5421 2385 5497 ’ἓν
2415 5421 2479 5492 τῇ
2510 5423 2686 5491 γενεᾷ.

517 5489 595 5566 (5)
636 5489 827 5550 Ν.’18.
874 5496 959 5557 Ὠς
1000 5498 1049 5547 οἱ
1104 5496 1207 5566 πρὸ
1254 5494 1405 5563 ὑμῶν
1453 5496 1501 5547 οἱ
1549 5495 2011 5566 παραπικραίνον-
2193 5495 2268 5566 (gi)
2312 5489 2493 5566 ξῖπον.

443 5563 556 5631 πε,
581 5576 685 5621 etc.
712 5567 802 5636 Μὴ
847 5566 939 5617 καὶ
968 5563 1275 5636 ὑμεῖς,ὀιε.
1315 5581 1485 5635 usque
1514 5565 1577 5617 ad
1612 5563 1796 5617 αὑτοῦ.
1834 5564 1902 5620 Ν.
1924 5564 1973 5615 li

1037 5563 1275 5629 .a?;,'ctc.
1315 5581 1485 5635 usque
1514 5565 1577 5617 ad
1612 5563 1796 5617 αὑτοῦ.
1834 5564 1902 5620 N.
1924 5564 2009 5624 l9,
2193 5564 2270 5632 ('7)
2306 5563 2376 5615 El
2402 5564 2567 5617 deest.
