3874 6222
464 351 598 406 1065
1302 346 1355 397 S.
1396 344 1762 398 ATHANASII
1803 344 1952 400 OPP.
1993 342 2171 395 PARS
2212 341 2295 395 111.
2333 372 2400 381 -—
2440 335 2848 394 EXEGETICA.
3586 328 3727 384 10C}

534 465 619 519 15.
663 461 861 516 Aﬁ‘erte
892 458 1142 518 Domino,
1185 459 1373 525 patria:
1414 457 1678 525 gentium,
2060 505 2064 514 γ

2208 454 2292 506 13.
2321 450 2608 518 Ἐνέγκατε
2643 447 2721 517 τῷ
2756 447 2965 517 Κυρίῳ,
3002 446 3056 497 αἱ
3088 443 3314 513 πατριαὶ
3346 442 3455 495 τῶν
3484 442 3688 506 ἐθνων,

535 554 623 609 11.
673 551 870 605 Aﬁ‘erte
900 547 1134 601 Domino
1168 546 1392 615 gloriam
1439 556 1491 599 et
1520 546 1783 599 honorem
1809 563 1822 575 ·

2216 545 2296 598 14.
2325 544 2611 612 Ἐνέγκατε
2649 540 2728 610 τῷ
2765 539 2953 608 Κυρίῳ
2989 539 3146 603 δόξαν
3184 538 3278 589 καὶ
3308 538 3506 607 τιμήν·

534 646 625 700 15.
676 641 875 695 Aﬁerte
903 640 1131 692 Domino
1158 639 1381 707 gloriam
1415 639 1620 691 nomini
1655 637 1797 705 ejus.

2213 637 2298 690 15.
2326 635 2611 702 Ἐνέγκατε
2650 631 2726 700 τῷ
2766 632 2954 699 Κυρίῳ
2992 629 3149 695 δόξαν
3186 628 3407 697 ὀνόματι
3442 626 3634 681 αὐτοῦ.

536 736 625 791 16.
676 733 869 787 Tollite
892 732 1120 794 hostias,
1152 737 1205 782 et
1237 731 1453 782 introile
1482 730 1535 781 in
1565 730 1702 783 atria
1733 728 1851 795 ejus
1878 743 1891 778 :

2217 730 2519 798 16.·’Λρατε
2552 724 2759 789 Θυσίας,
2784 724 2878 776 καὶ
2900 720 3285 792 είσπορεύεσθε
3314 724 3394 782 είς
3421 719 3520 781 τὰς
3548 717 3734 779 αὐλὰς

2144 820 2333 873 αὑτοῦ.

540 911 628 965 17.
675 910 911 964 Adorate
939 907 1229 961 Dominum
1268 908 1322 960 in
1358 907 1498 959 atrio
1522 914 1711 959 sancto
1755 898 1895 973 ejus.

2215 908 2300 962 17.
2342 908 2757 979 Προσκυνήσατε
2788 904 2866 973 τῷ
2895 904 3086 973 Κυρίῳ
3114 904 3171 955 ἐν
3201 901 3336 971 αὐλῇ
3371 901 3500 971 ἁγίᾳ
3530 901 3727 952 αὖτοζ.

540 999 629 1052 18.
678 997 1095 1052 Commoveatur
1122 1012 1149 1049 a
1177 995 1313 1049 facie
1349 996 1471 1063 ejus
1497 996 1747 1048 universa
1775 1004 1918 1047 terra
1947 1008 1962 1045 :

2216 1000 2302 1055 18.
2344 999 2666 1067 Σαλευθήτω
2699 996 2805 1048 ἀπὸ
2833 993 3121 1064 προσώπου
3151 992 3314 1044 αὐτοῦ
3340 995 3486 1043 πᾶσα
3520 994 3551 1061 ἡ
3593 992 3688 1059 γῆ.

543 1090 630 1143 19.
666 1089 833 1143 Dicite
860 1088 914 1141 in
946 1089 1213 1157 gentibus,
1250 1088 1375 1155 quia
1402 1086 1663 1139 Dominus
1690 1087 1949 1153 regnavit.

2219 1091 2297 1142 19.
2337 1090 2537 1141 Εἴπατε
2570 1089 2626 1139 ἐν
2654 1089 2765 1148 τοῖς
2797 1084 3121 1149 ἐθνεσιν,ὄτι
3149 1082 3353 1152 Κύριος
3378 1083 3731 1134 ἐϐασίλευσε.

546 1181 634 1234 20.
665 1180 875 1234 Etenim
902 1179 1140 1234 correxit
1182 1180 1369 1233 orbem
1410 1187 1600 1241 terrae,
1630 1177 1722 1247 qui
1754 1192 1864 1230 non
1892 1190 2040 1229 com-

2216 1178 2305 1232 20.
2331 1178 2440 1231 Καὶ
2469 1178 2576 1247 γὰρ
2608 1174 2937 1245 κατώρθωσε
2997 1172 3095 1242 τὴν
3126 1173 3473 1242 οἰκουμένην,
3504 1173 3633 1241 ἣτις
3671 1174 3738 1224 οὐ

478 1277 801 1331 movebitur.

2152 1268 2556 1337 σαλευθήσεται.

547 1367 637 1421 21.
665 1366 939 1419 Judicabit
964 1365 1191 1434 populos
1220 1364 1275 1416 in
1300 1363 1574 1431 aequitate.

1560 1405 1574 1417 .
2216 1361 2305 1413 21.
2334 1363 2525 1431 Κρινεῖ
2548 1361 2708 1423 λαοὺς
2738 1361 2794 1411 ἐν
2816 1358 3088 1424 εὐθύτητι.

548 1457 637 1511 22.
670 1457 943 1511 Laetentur
970 1456 1115 1520 cmli,
1140 1464 1194 1508 et
1220 1456 1452 1508 exsultet
1485 1463 1626 1506 terra
1651 1471 1663 1505 :

2218 1451 2305 1505 22.
2326 1451 2862 1523 Εὑφραινέσθωσανοί
2875 1453 3108 1525 οὐρανοὶ,
3122 1451 3216 1502 καὶ
3231 1450 3573 1516 ἁγαλλιάσθω
3590 1449 3625 1515 ἡ
3640 1450 3738 1517 γῆ·

550 1546 639 1599 25.
677 1547 1095 1600 (Ξυιηιηονεοιιη
1125 1561 1296 1603 mare.
1330 1556 1382 1599 et
1404 1542 1683 1614 plenitudo
1706 1543 1825 1612 ejus
1854 1563 1867 1597 :

2214 1544 2304 1597 25.
2337 1544 2655 1614 Σαλευθήτω
2683 1547 2715 1615 ἡ
2746 1546 2986 1597 Θάλασσα
3021 1544 3115 1596 καὶ
3144 1544 3205 1594 τὸ
3234 1543 3505 1611 πλήρωμα
3535 1540 3740 1609 αὐτῆς⁸

550 1637 640 1690 24.
679 1636 1001 1690 Gaudehunt
1027 1638 1224 1704 campi,
1255 1646 1309 1690 et
1338 1638 1541 1701 omnia,
1561 1652 1680 1704 qua:
1708 1637 1762 1689 in
1793 1636 1873 1690 eis
1896 1644 2041 1690 sunt.

2220 1637 2307 1690 24.
2336 1639 2645 1707 Χαρήσεται
2670 1637 2735 1690 τὰ
2762 1638 2917 1689 πεδία
2940 1637 3033 1689 καὶ
3063 1636 3239 1688 πάντα
3266 1635 3333 1685 τά
3360 1635 3419 1684 ἐν
3450 1634 3661 1694 αὐτοῖς.

553 1725 642 1777 25.
676 1724 828 1779 Tunc
856 1726 1207 1779 exsultahunt
1240 1726 1419 1780 omnia
1452 1727 1597 1796 ligna
1622 1727 1881 1781 silvarum

2220 1728 2310 1780 25.
2330 1728 2461 1779 Τότε
2492 1729 2907 1795 ἁγαλλιάσονται
2934 1729 3110 1780 πάντα
3140 1726 3206 1778 τὰ
3232 1726 3361 1789 ξύλα
3386 1724 3477 1778 τοῦ
3502 1723 3744 1795 δρυμοῦ,

555 1815 646 1869 26.
676 1821 720 1866 Λ
748 1814 883 1869 facie
914 1815 1149 1879 Domini,
1180 1816 1307 1884 quia
1340 1816 1486 1870 venit
1512 1835 1526 1871 :
2078 1812 2085 1870 ἶ

2078 1810 2126 1870 Β
2221 1819 2309 1873 26.
2353 1820 2485 1872 ’Λπὸ
2507 1822 2796 1891 προσώπου
2832 1821 3061 1889 Κυρίου,
3091 1821 3172 1871 ὅτι
3206 1818 3444 1887 ἔρχεται·

557 1904 645 1957 27.
677 1903 948 1970 Quoniam
974 1904 1385 1973 venitjudicare
1412 1914 1632 1958 terram.

2222 1911 2310 1964 27.
2338 1913 2458 1965 Ὅτι
2489 1913 2704 1983 ἔρχεται
2730 1917 2909 1983 κρῖναι
2937 1912 3036 1982 τὴν
3062 1911 3182 1980 γῆν.

555 1996 647 2051 28.
677 1996 950 2049 Judicabit
978 1996 1165 2049 orbem
1195 2003 1352 2048 terra!
1378 1996 1429 2048 in
1463 1997 1716 2067 aequitate
1748 2011 1762 2048 :

2223 2001 2313 2056 28.
2338 2004 2529 2073 Κρινεῖ
2553 2004 2649 2074 τὴν
2676 2004 3000 2073 οἰκουμένην
3034 2004 3091 2054 ἐν
3117 2000 3451 2071 δικαιοσύνῃ·

559 2086 647 2142 29.
677 2085 744 2139 Ει
774 2086 1004 2156 populos
1032 2086 1087 2139 in
1114 2087 1342 2139 veritate
1375 2100 1492 2139 sua.

2227 2095 2314 2148 29.
2347 2095 2455 2147 Καὶ
2484 2095 2645 2157 λαοὺς
2674 2098 2730 2146 ἐν
2759 2099 2823 2164 τῇ
2851 2095 3078 2164 ἀληθείᾳ
3105 2094 3286 2146 αὑτοῦ.

494 2197 740 2253 Psalmus
781 2198 945 2252 David
982 2214 1001 2251 :
1045 2198 1255 2268 quando
1304 2206 1445 2250 terra
1496 2197 1607 2266 ejus
1652 2199 1900 2251 restituta
1940 2206 2015 2251 est

2215 2206 2404 2274 αλμὸς
2431 2205 2511 2270 τῷ
2536 2206 2743 2258 Δαϐίδ·
2771 2206 2867 2258 ὅτε
2888 2207 2924 2273 ἠ
2953 2205 3027 2274 γῆ
3059 2206 3244 2259 αὑτοῦ
3269 2205 3745 2259 ἀποκαθίσταται·

655 2293 767 2346 sine
799 2290 954 2345 titulo
981 2291 1121 2360 apud
1150 2290 1421 2344 Hebrazos.
1452 2289 1658 2345 PSAL.
1690 2290 1784 2346 XC
1801 2290 1897 2345 VI.

2271 2301 2672 2369 ἀνεπίγραφος
2728 2301 2864 2366 παρ’
2906 2298 3214 2366 Ἑϐραίοις.
3274 2301 3449 2352 ΨΑΛ.
3503 2300 3640 2364 ι-,ζῖκ

565 2404 617 2457 1.
650 2403 913 2459 Dominus
940 2402 1202 2473 regnavit,
1233 2403 1467 2458 exsultet
1495 2411 1638 2459 terra
1671 2423 1683 2456 :

2238 2409 2289 2463 1.
2329 2410 2390 2463 '0
2418 2410 2619 2481 Κύριος
2649 2410 3014 2475 ἐϐασίλευσεν,
3042 2410 3386 2479 ἀγαλλιάσθω
3411 2411 3444 2480 ἡ

1619 2579 1994 2636 ATHANASII
2033 2580 2618 2640 INTERPRETATIO.

569 2738 774 2803 15,1ι1.
824 2739 1089 2811 Populum
1144 2740 1379 2795 ﬁdelem.

2243 2741 2329 2804 15,
2358 2740 2444 2793 14.
2480 2741 2582 2793 Τὸν
2609 2740 2794 2792 πιστὸν
2825 2738 2969 2792 λαόν.

569 2832 655 2885 15.
706 2831 1003 2888 Credentes
1034 2832 1090 2886 in
1119 2846 1319 2886 nomen
1345 2832 1488 2901 ejus.

2245 2832 2331 2885 15.
2373 2832 2510 2894 Τοὺς
2539 2830 2893 2893 πιστεύοντας
2923 2833 3000 2892 εἰς
3025 2830 3084 2882 τὸ
3114 2831 3284 2900 ὄνομα
3315 2830 3498 2883 αὑτοῦ.

572 2922 655 2976 16.
711 2922 992 2979 Facientes
1040 2923 1474 2978 misericordiam
1506 2921 1909 2978 communicato
1955 2938 2074 2992 my-

2243 2922 2329 2975 16.
2359 2923 2755 2994 Ἐλεημοσύνην
2781 2921 3057 2983 ποιοῦντες
3083 2925 3385 2974 κοινωνεῖτε
3409 2925 3522 2985 τοῖς
3549 2941 3759 2993 μυστι-

500 3017 682 3070 steriis
703 3014 894 3085 ipsius.
916 3015 1144 3070 Talibus
1168 3016 1314 3071 enim
1334 3015 1619 3071 sacriﬁciis
1645 3015 1894 3085 placatur
1907 3012 2030 3067 Deus

2230 3032 2307 3077 οις
2336 3014 2519 3067 αὐτοῦ.
2540 3013 2805 3067 Τοιαύτας
2825 3013 2933 3083 γὰρ
2951 3013 3139 3076 Θυσίας
3162 3015 3533 3083 εὐαρεστεῖται
3552 3016 3581 3066 ὁ
3601 3015 3757 3078 Θεός.

575 3109 660 3163 17.
707 3108 767 3162 In
800 3110 962 3163 corde
987 3108 1212 3169 mundo.
2100 3099 2105 3132 ⁴

2100 3086 2142 3143 C
2249 3107 2332 3159 17.
2360 3107 2447 3158 Ἐν
2482 3106 2677 3177 καρδίᾳ
2706 3105 2938 3174 καθαρᾷ.

577 3205 661 3259 18.
718 3202 1137 3257 Transferantur
1185 3202 1253 3257 ab
1303 3216 1491 3257 errore
1519 3201 1591 3271 .in
1632 3198 1918 3255 veritatem
1956 3212 2075 3252 om-

2247 3196 2334 3251 18.
2376 3194 2756 3249 Μετατεθῶσιν
2778 3197 2883 3247 ἀπὸ
2911 3194 3005 3265 τῆς
3029 3194 3231 3266 πλάνης
3254 3201 3332 3257 εἰς
3363 3199 3461 3268 τὴν
3492 3201 3760 3271 dot-5.03:,“

504 3310 603 3348 nes
628 3302 812 3362 gentes
844 3293 912 3345 ob
946 3294 1237 3346 adventum
1270 3292 1414 3361 ejus.

2174 3288 2262 3342 διὰ
2296 3289 2370 3358 (1)
2394 3291 2492 3358 τῆς
2517 3286 2816 3357 παρουσίας
2840 3287 3003 3340 αὐτοῦ
3038 3286 3215 3339 πάντα
3251 3289 3318 3340 τὰ
3345 3290 3496 3360 ἔθνη.

578 3384 661 3437 19.
696 3383 989 3437 Prmdicate
1016 3383 1071 3436 in
1115 3382 1384 3452 gentibus,
1420 3380 1568 3450 quod
1596 3378 1857 3436 contrivit
1882 3378 2077 3433 adver-

2246 3380 2332 3434 19.
2365 3378 2649 3448 Κηρύξατε
2680 3380 2735 3429 ἐν
2769 3381 2879 3439 τοῖς
2936 3377 3164 3439 ἔθνεσιν,
3199 3377 3280 3429 ὅτι
3336 3381 3633 3452 συνέτριψε
3666 3385 3763 3445 τὰς

499 3477 682 3531 sarias
709 3485 1021 3544 potestates.

2178 3470 2421 3533 ἐναντίας
2446 3469 2669 3539 δυνάμει

577 3567 664 3621 20.
697 3566 951 3620 Omnium
976 3565 1139 3621 corda
1167 3565 1225 3620 in
1252 3565 1356 3621 ﬁde
1386 3581 1483 3622 sua
1506 3565 1808 3622 renovavit.

2248 3560 2338 3615 20.
2376 3561 2709 3613 Ἀνεκαίνισε
2756 3561 2852 3623 τὰς
2881 3561 3108 3631 καρδίας
3142 3561 3356 3614 πάντων
3382 3564 3445 3614 ἐν
3484 3567 3551 3615 τε
3583 3566 3763 3617 πίστει

2180 3651 2365 3704 αὐτοῦ.

578 3741 666 3796 21.
699 3740 918 3796 Docebit
944 3749 1127 3811 gentes
1158 3740 1335 3796 facere
1370 3741 1674 3795 veritatem.

2249 3743 2337 3795 2i.
2370 3743 2576 3807 Διδάξει
2606 3745 2778 3796 ποιεῖν
2803 3742 2870 3795 τὰ
2903 3743 3027 3813 ἔθνη
3059 3742 3330 3812 ἀλήθειαν.

579 3832 669 3886 22.
704 3833 1125 3901 Βυρετοωιεεῑεε
1156 3833 1409 3897 virtutes,
1441 3841 1494 3888 et
1528 3830 1820 3886 multitudo
1848 3830 2076 3885 creden-

2249 3835 2337 3890 22.
2386 3837 2450 3887 Ai
2501 3835 2813 3905 ἐπουράνιοι
2866 3834 3119 3904 δυνάμεις
3183 3836 3276 3886 καὶ
3331 3835 3393 3887 τὸ
3422 3834 3631 3907 πλῆθος
3655 3838 3768 3889 τῶν

504 3926 667 3980 tium.

2182 3926 2565 3978 πιστευόντων.

579 4016 667 4071 25.
696 4015 964 4071 Turhetur
1005 4016 1267 4083 mundus,
1309 4023 1363 4073 et
1388 4017 1442 4070 in
1478 4016 1598 4086 ipso
1624 4016 1986 4086 principatus,
2028 4026 2083 4070 et

2251 4018 2341 4072 2?).
2378 4019 2712 4090 Ταραχθήτω
2738 4020 2766 4071 ὁ
2799 4019 3020 4089 κόσμος,
3053 4020 3145 4071 καὶ
3178 4022 3234 4072 ἐν
3266 4020 3417 4091 αὑτῷ
3453 4022 3625 4092 ἀρχαὶ
3674 4024 3771 4076 καὶ

508 4119 828 4181 potestates.

2182 4108 2442 4174 ἐξουσίαι.

584 4202 671 4256 24.
706 4202 913 4256 Animae
942 4209 1349 4256 mansuetorum
1382 4208 1435 4254 et
1462 4198 1774 4255 humilium.

2217 4201 2341 4269 £24.
2380 4204 2443 4253 Αἱ
2472 4201 2639 4271 ψυχαὶ
2668 4201 2774 4255 τῶν
2805 4202 3022 4275 πραέων
3051 4203 3144 4255 καὶ
3172 4205 3463 4257 ταπεινῶν.

580 4297 670 4351 25.
704 4297 899 4351 Gentes
927 4312 1049 4365 quae
1082 4297 1233 4365 prius
1262 4295 1480 4365 quidem
1520 4304 1676 4350 erant
1703 4292 2077 4358 infructil‘erae,

2252 4291 2342 4345 25.
2376 4292 2456 4343 Τὰ
2482 4292 2607 4361 ἔθνη
2634 4293 2701 4345 τὰ
2724 4290 2984 4363 πρότερον
3019 4293 3119 4362 μὲν
3146 4292 3275 4346 ὄντα
3309 4295 3555 4363 ἄκαρπα,
3586 4292 3686 4345 νῦν
3715 4293 3772 4345 δε

510 4403 660 4442 nunc
693 4395 874 4440 autem
904 4387 1202 4441 credentes.

1072 4395 1202 4441 ntes.
2185 4383 2602 4436 πεπιστευκότα.

585 4478 673 4532 26.
707 4476 776 4532 Ut
808 4478 1053 4532 videatur
1084 4478 1137 4531 in
1172 4486 1338 4532 terra.
2114 4448 2115 4455 γ

2114 4446 2160 4501 D
2262 4473 2353 4527 26.
2400 4473 2654 4542 Ὀφθῆναι
2682 4473 2773 4525 ἐπὶ
2801 4474 2902 4543 τῆς
2926 4473 3048 4542 γῆς.

584 4569 675 4622 27.
708 4566 774 4620 Et
799 4583 991 4621 rursus
1018 4567 1072 4620 in
1099 4556 1336 4637 glorioso
1369 4566 1487 4633 ejus
1518 4564 1776 4618 adventu.

2262 4562 2351 4615 27.
2376 4563 2484 4615 Καὶ
2518 4563 2677 4615 πάλιν
2703 4564 2759 4615 ἐν
2784 4566 2848 4633 τῇ
2886 4560 3081 4633 ἐνδόξῳ
3103 4561 3266 4615 αὑτοῦ
3296 4562 3588 4633 παρουσίᾳ.

585 4662 676 4715 28.
706 4659 1029 4715 Universum
1064 4660 1348 4714 mundum.

2261 4656 2351 4711 28.
2378 4657 2559 4708 Πάντα
2579 4656 2668 4709 τὸν
2701 4657 2919 4725 κόσμον.

588 4751 678 4806 29.
714 4751 844 4807 Sine
872 4750 1184 4821 acceptione
1214 4764 1593 4819 personarum.

1428 4764 1593 4802 trum.
2261 4748 2350 4802 29.
2400 4748 2958 4819 Ἀπροσωπολήπτως.

601 4871 666 4924 Ἦ
695 4869 1027 4943 προκειμένη
1058 4868 1335 4940 ἐπιγραφὴ
1368 4867 1614 4938 περιέχει
1647 4867 1745 4936 (2)·
1810 4864 1900 4931 Τῷ
1932 4863 2107 4918 Δαϐίδ
2168 4866 2348 4917 ὁπότε
2382 4865 2453 4916 ἐν
2500 4863 2575 4931 τῇ
2635 4864 2712 4934 γῇ
2760 4863 2945 4918 αὐτοῦ
2987 4864 3433 4919 ἀποκαθίστατο
3471 4862 3594 4935 [ὅτε
3629 4867 3666 4933 ἠ
3700 4865 3773 4934 γῆ

514 4967 705 5022 αὐτοῦ
720 4964 1206 5036 ἁποκαθίστατο]·
1236 4963 1640 5032 ἀνεπίγραφος
1659 4962 1793 5028 παρ’
1823 4960 2123 5027 Ἑϐραίοις,
2158 4958 2232 5020 ὡς
2258 4959 2517 5022 πολλάκις
2539 4960 2840 5029 εἰρήκαμεν
2867 4959 2968 5030 (5),
2994 4958 3090 5012 καὶ
3120 4958 3280 5011 πάλιν
3311 4958 3454 5027 λέγω
3484 4956 3563 5021 τῷ
3585 4960 3776 5021 ἱκανῴ

593 5060 801 5114 Titulus
829 5059 1110 5129 appositus
1143 5057 1423 5111 continet:
1453 5053 1703 5107 Psalmus
1742 5051 1911 5103 David
1944 5068 1961 5104 :
1990 5050 2201 5119 quando
2233 5052 2289 5103 in
2316 5059 2511 5104 terram
2548 5065 2701 5101 suam
2747 5051 3019 5101 restitutus
3064 5058 3142 5101 est
3176 5048 3342 5118 [terra
3371 5047 3484 5116 ejus
3528 5049 3777 5100 restituta

517 5151 622 5224 est]
649 5168 664 5207 :
695 5151 803 5205 sine
835 5151 988 5205 titulo
1020 5150 1160 5221 apud
1189 5149 1460 5213 Hebraeos,
1492 5156 1553 5202 ut
1579 5160 1720 5215 saepe
1743 5145 2003 5209 diximus,
2034 5154 2088 5198 et
2122 5160 2339 5199 rursum
2370 5144 2494 5198 dico
2530 5143 2767 5211 psalmus
2800 5141 2967 5195 Davtd
2994 5144 3375 5210 interpretatur
3415 5157 3575 5194 manu
3618 5142 3771 5208 forti,

595 5244 644 5296 1.
664 5240 766 5295 Per
794 5240 954 5295 ﬁdem
980 5241 1258 5312 regnavit:
1285 5240 1555 5296 exsultent
1583 5247 1789 5307 gentes,
1814 5236 2071 5307 quoniam

2254 5235 2305 5288 1.
2336 5234 2435 5287 Διὰ
2484 5238 2582 5305 τῆς
2616 5234 2854 5297 πίστεως
2899 5233 3269 5287 ἐϐασίλευσεν·
3327 5233 3772 5302 ἀγαλλιάσθωσαν

523 5332 767 5404 regnavit
797 5347 961 5401 super
984 5346 1078 5387 eas
2020 5359 2025 5363 ο

2020 5359 2025 5363 ~
2196 5327 2263 5379 τὰ
2289 5327 2435 5396 ἔθνη,
2464 5327 2545 5378 ὃτι
2571 5326 2913 5379 ἐϐασίλευσεν
2932 5328 3017 5377 ἐπ’
3045 5326 3197 5380 αὑτά.

1465 5485 1774 5547 Addenda
1801 5491 1861 5546 et
1891 5483 2270 5561 corrigenda
2302 5499 2380 5543 ex
2415 5481 2559 5543 cod.
2598 5482 2801 5543 Vatic.

620 5632 673 5704 1)
709 5631 813 5686 Διά
834 5641 888 5688 et
918 5631 1111 5686 πάντα
1131 5630 1202 5685 τὰ
1222 5631 1385 5699 ἔθνη.
1411 5630 1537 5686 Des.
1556 5632 1670 5685 haec
1689 5630 1850 5685 verba
1876 5631 1929 5684 in
1955 5631 2072 5685 cod.

590 5631 677 5778 12)
716 5705 778 5757 Ἠ
802 5704 888 5758 διὰ
918 5703 1017 5773 τῆς
1067 5701 1431 5773 κινναϐάρεως
1464 5701 1725 5772 περιέχει·
1758 5700 1848 5752 Τῶ
1892 5701 2083 5765 Άαϐὶδ,

1599 5646 1670 5685 :ec
1689 5630 1850 5685 verba
1876 5631 1929 5684 in
1955 5631 2072 5685 cod.
2184 5631 2271 5682 ὅτε
2301 5632 2333 5698 ἡ
2353 5631 2423 5698 γῆ
2450 5625 2611 5678 αὑτοῦ
2649 5624 2994 5687 καθίσταται,
3029 5633 3129 5678 ctc.

1599 5701 1725 5772 έχει’
1758 5700 1848 5752 Τῶ
1892 5701 2083 5765 Άαϐὶδ,
2266 5701 2339 5769 (ὃ)
2375 5699 2602 5766 Είρηκα.

620 5699 677 5774 2)
716 5705 778 5757 Ἠ
802 5704 888 5758 διὰ
918 5703 1017 5773 τῆς
1067 5701 1431 5773 κινναϐάρεως
1464 5701 1725 5772 περιέχει·
1758 5700 1848 5752 Τῶ
1892 5701 2083 5765 Άαϐὶδ,
2266 5701 2339 5769 (5)
2375 5699 2602 5766 Είρηκα.
