3874 6222
206 247 359 306 1065
1102 247 1191 302 DE
1231 245 1510 301 TITULIS
1550 244 1997 301 PSALMORUM.
2035 278 2098 286 —
2132 245 2333 303 PSAL.
2377 244 2563 302 XCVI.
3342 245 3475 301 1066

284 366 340 419 2.
372 364 844 436 Εὑφρανυήτωσαν
870 365 1024 434 νῆσοι
1052 365 1260 418 πολλαί.

1830 370 1878 426 Α
1974 365 2027 418 9..
2058 364 2330 419 Lzetentur
2363 364 2555 418 insulae
2586 363 2792 419 multa.

286 462 339 514 5.
368 458 580 530 Νεφέλη
611 460 702 511 καὶ
732 460 927 528 γνόφος
952 460 1134 530 κύκλῳ
1164 458 1351 512 αὐτοῦ’

1972 457 2024 510 5.
2052 454 2232 510 Nubes
2263 464 2316 511 et
2347 456 2520 525 caligo
2552 456 2605 509 in
2640 454 2872 510 circuitu
2899 453 3021 523 ejus
3054 471 3066 507 τ

280 550 335 604 4.
365 550 683 619 Δικαιοσύνη
720 552 814 603 καὶ
860 553 1033 622 κρῖμα
1088 550 1427 620 κατόρθωσις
1482 548 1576 602 τοῦ
1611 549 1799 621 θρόνου

1972 549 2027 601 1.
2052 545 2294 612 Justitia,
2325 556 2380 602 et
2407 538 2685 617 judiciun‘f
2710 546 2981 601 correctio
3015 545 3159 600 sedis
3193 546 3332 613 ejus.

204 640 402 695 αὐτοῦ.

283 734 338 787 5.
372 732 487 803 Πῦρ
518 730 747 785 ἐνώπιον
781 731 945 784 αὐτοῦ
979 732 1439 803 προπορεύσεταιο

1382 748 1439 783 ιι⁹
1972 722 2024 775 5.
2055 721 2199 790 Ignis
2230 731 2353 775 ante
2386 721 2563 789 ipsum
2598 718 2867 790 praecedet
2902 737 2912 770 :

283 822 341 877 6.
366 824 473 875 Kal.
507 824 719 891 φλογιεῖ
749 822 934 889 κύκλῳ
964 824 1088 886 τοὺς
1116 822 1343 893 ἐχθροὺς
1375 823 1561 876 αὐτου.

1973 812 2025 866 6.
2052 812 2118 865 Et
2146 811 2501 865 inﬂammabit
2531 810 2585 863 in
2619 810 2853 864 circuitu
2882 810 3133 865 inimicos
3159 810 3298 879 ejus.

283 915 340 968 7.
378 915 623 983 Ἕφαναν
652 915 708 965 αἱ
730 915 1009 985 ἀστραπαὶ
1050 914 1215 967 αὑτοῦ
1244 917 1309 985 τῇ
1341 913 1657 984 οἰκουμένῃ’

1586 929 1657 984 ,n-
1976 902 2026 956 7.
2062 901 2359 955 llluxerunt
2390 900 2599 971 fulgura
2622 901 2740 969 ejus
2768 901 2884 955 orbi
2922 910 3116 956 terrae:

284 1006 342 1063 8.
372 1007 515 1072 Εἶδε,
544 1006 638 1058 καὶ
667 1006 931 1077 ἐσαλεύθη
1032 1007 1122 1076 γῆ.

1974 993 2024 1047 8.
2059 992 2224 1057 Vidit,
2255 1002 2307 1046 et
2340 1000 2609 1047 commota
2644 1004 2727 1046 est
2762 1001 2905 1047 terra
2934 1009 2946 1044 :

281 1098 337 1152 9.
367 1098 449 1151 Τὰ
498 1098 600 1169 ὅρη
630 1098 760 1150 ὡσεὶ
816 1099 983 1170 κηρὸς
1042 1098 1317 1170 ἐτάκησαν
1346 1098 1455 1152 ἀπὸ
1510 1097 1800 1168 προσώπου

1973 1084 2025 1137 9.
2056 1084 2264 1138 Montes
2298 1084 2441 1138 sicut
2469 1098 2589 1137 cera
2625 1083 2896 1138 [luxerunt
2918 1100 2947 1138 a
2978 1085 3114 1141 facie
3142 1086 3349 1143 Domini
3386 1106 3398 1143 :

206 1189 437 1262 Κυρίου·

284 1282 374 1336 10.
412 1280 546 1334 ’Δπδ
575 1278 865 1351 προσώπου
900 1282 1106 1353 Κυρίου
1139 1283 1321 1353 πάσης
1352 1282 1450 1353 τῆς
1483 1281 1608 1350 γῆς.

1433 1298 1450 1343 ς
1483 1281 1608 1350 γῆς,
1975 1263 2058 1317 10.
2094 1264 2137 1316 Α
2166 1264 2303 1318 facie
2332 1263 2543 1317 Domini
2574 1265 2752 1319 omnis
2779 1273 2921 1319 terra
2951 1282 2963 1319 :

281 1371 375 1426 11.
424 1371 771 1443 Ἀνήγγειλαν
797 1374 844 1424 οἱ
865 1372 1084 1443 οὐρανοὶ
1113 1373 1211 1444 τὴν
1236 1371 1584 1441 δικαιοσύνην
1614 1370 1797 1425 αὑτοῦ·
1976 1355 2059 1406 “-
2092 1354 2564 1408 Αηηυηῑίτινθΐυηῐ
2592 1357 2711 1410 C03”
2735 1355 3003 1424 Ῑυειίίίδηῖ
3035 1355 3151 1425 eius
3179 1376 3191 1411 ε

280 1465 369 1517 19...
400 1465 510 1517 Καὶ
544 1464 755 1516 εῐδοσαν
778 1463 979 1526 πάντες
995 1466 1043 1517 οἱ
1070 1463 1189 1517 λαοὶ
1222 1464 1321 1535 τὴν
1352 1462 1509 1529 δόξαν
1540 1460 1724 1514 αὐτοῦ.

1973 1447 2059 1500 12.
2096 1447 2158 1501 Et
2188 1448 2440 1501 viderunt
2468 1462 2658 1502 omnes
2691 1449 2872 1518 populi
2907 1448 3129 1518 gloriam
3158 1450 3297 1519 ejus.

283 1556 373 1609 13.
406 1554 864 1625 Αίσχυνθήτωσαν
900 1555 1099 1619 πάντες
1121 1557 1167 1608 οἱ
1222 1552 1657 1626 προσκυνοῦντες
1689 1553 1800 1615 τοῖς

1973 1538 2059 1590 15.
2090 1536 2508 1591 Confundantur
2536 1552 2729 1593 omnes
2753 1578 2767 1603 ,
2801 1538 2893 1608 qui
2927 1538 3157 1593 adorant
3184 1539 3471 1611 sculptilia,

203 1648 488 1715 γλυπτοῖς,

281 1740 369 1793 14.
402 1742 463 1794 Oi
496 1743 905 1815 ἐγκαυχώμενοι
934 1745 993 1795 ὲν
1012 1743 1123 1804 τοῖς
1153 1739 1392 1804 εἰδώλοις
1425 1738 1629 1794 αὐτῶν.

1591 1757 1629 1794 θ,
1828 1716 1869 1769 Β
1972 1734 2059 1787 14.
2093 1733 2195 1799 Qui
2225 1734 2526 1803 gloriantur
2558 1735 2612 1788 in
2644 1735 2953 1790 simulacris
2989 1738 3121 1793 suis.

279 1832 369 1885 15.
405 1833 821 1905 Προσκυνήσατε
854 1833 1023 1903 αὐτῷ,
1062 1832 1261 1894 πάντες
1289 1830 1509 1899 ἄγγελοι
1532 1828 1717 1883 αὑτοῦ·

1590 1828 1717 1881 ποῦ·
1974 1825 2060 1879 15.
2096 1825 2329 1879 Adorate
2360 1840 2508 1888 eum,
2535 1840 2727 1879 omnes
2756 1827 2931 1896 angeli
2961 1828 3080 1897 ejus
3105 1844 3120 1878 τ

281 1923 371 1978 16.
412 1925 673 1989 Ἤκουσε,
704 1926 795 1979 καὶ
824 1924 1099 1996 εὐφράνθη
1122 1925 1155 1993 ἡ
1189 1922 1265 1993 (α)
1290 1923 1451 1988 Σιὼν,

1400 1940 1451 1988 ν,
1974 1917 2058 1971 16.
2096 1917 2316 1971 Audivit
2337 1959 2351 1985 ,
2378 1927 2431 1972 et
2458 1919 2636 1971 laetata
2664 1926 2747 1972 est
2778 1917 2928 1985 Sion,

283 2038 363 2109 (a)
401 2040 464 2092 Ἢ
486 2039 656 2095 deest.

1330 2125 1711 2185 ATHANASII
1756 2116 2340 2179 INTERPRETATIO.

199 2240 287 2313 τῇ
331 2242 477 2312 χειρὶ
505 2241 862 2313 ἑρμηνεύεται
909 2240 989 2307 τῷ
1022 2243 1218 2309 Δαϐὶδ,
1246 2242 1493 2294 τουτέστι
1516 2240 1593 2310 τῷ
1620 2239 1735 2310 Υἱῷ
1778 2237 1872 2292 τοῦ
1920 2235 2075 2291 Θεοῦ·
2132 2231 2271 2288 εἶτα·
2330 2234 2427 2287 ὅτε
2453 2236 2521 2287 ἐν
2555 2235 2631 2300 (1)
2658 2234 2733 2303 τῇ
2777 2235 2856 2307 γῇ
2882 2238 3067 2292 αὑτοῦ
3097 2239 3471 2303 καθίσταται,

200 2336 412 2391 ὡσανεὶ
432 2337 521 2389 ὅτε
544 2336 633 2389 τὸν
665 2336 867 2406 κόσμον
894 2337 1056 2390 αὐτοῦ
1080 2335 1511 2407 περιφερόμενον
1543 2335 1621 2404 (Ξ)
1652 2338 1717 2405 τῇ
1748 2334 1991 2406 ἁμαρτίᾳ
2031 2330 2352 2403 ῥυσάμενος,
2382 2331 2475 2383 καὶ
2518 2333 2598 2393 είς
2649 2332 2977 2402 κατάσχεσιν
2997 2332 3216 2401 ἀγαγὼν
3270 2336 3472 2398 παντὸς

202 2429 374 2500 ἔργου
403 2426 628 2495 ἀγαθοῦ.
654 2424 804 2480 Εἶτα·
838 2429 1242 2497 ἀνεπίγραφος
1277 2430 1413 2496 παρ’
1458 2430 1766 2497 Ἑϐραίοις,
1790 2429 1933 2497 λέγω
1959 2428 2024 2498 δὴ
2050 2427 2148 2498 τὴν
2176 2424 2253 2496 τῷ
2282 2425 2359 2495 (5)
2392 2424 2590 2495 ψαλμῴ
2625 2424 2899 2494 βασιλείαν
2930 2428 3024 2481 τοῦ
3056 2428 3185 2481 Υίοῦ
3211 2428 3305 2482 τοῦ
3336 2428 3470 2482 Θεοῦ

205 2519 469 2591 ῥηθεῖσαν
502 2519 562 2572 οὐ
592 2520 1001 2590 προσεδέξαντο,
1035 2521 1172 2575 ἀλλά
1196 2522 1503 2576 ἀπώσαντο.
1540 2523 1748 2575 Οὐκοῦν
1780 2523 2003 2585 δικαίως
2026 2520 2239 2591 εἴρηται
2262 2520 2290 2571 ὀ
2317 2517 2528 2588 ψαλμὸς
2555 2519 2958 2589 ἀνεπίγραφος
2986 2523 3123 2591 παρ’
3162 2524 3470 2592 Ἑϐραίοις.

202 2614 291 2669 Τά
317 2614 429 2686 γὰρ
455 2615 513 2667 ὲν
542 2614 690 2685 αὐτῴ
741 2616 1035 2687 ἐγκείμενα
1062 2617 1192 2689 περὶ
1230 2618 1325 2670 τοῦ
1381 2618 1512 2671 Υἰοῦ
1556 2618 1651 2672 τοῦ
1697 2619 1834 2673 Θεοῦ
1888 2618 2120 2673 ἀϐέϐαια
2160 2616 2483 2688 γεγένηνται
2537 2618 2665 2687 παρ’
2715 2617 2897 2682 αὐτοῖς
2935 2619 3020 2673 διὰ
3060 2619 3157 2691 τὴν
3217 2621 3472 2673 ἀπιστίαν

200 2708 410 2764 αὐτῶν.

202 2803 317 2858 hoc
346 2812 431 2859 est
459 2803 552 2858 Dei
576 2803 735 2859 Filio.
761 2802 965 2859 Deinde
994 2824 1007 2860 :
1035 2806 1245 2876 quando
1271 2807 1327 2859 in
1356 2815 1553 2860 terram
1577 2824 1729 2861 suam
1774 2810 2051 2864 restitutus
2084 2818 2163 2862 est
2188 2807 2371 2881 [terra
2414 2810 2525 2879 ejus
2570 2810 2815 2864 restituta
2856 2819 2931 2862 est
2955 2808 2994 2880 ],
3043 2809 3299 2862 nimirum
3345 2826 3471 2865 cum

201 2898 474 2953 mundum
505 2914 666 2955 suum
698 2899 752 2953 in
789 2902 1022 2968 peccatis
1053 2902 1365 2958 immersum
1396 2904 1649 2959 liberavit
1672 2948 1687 2968 ,
1727 2916 1782 2963 et
1824 2910 1878 2962 in
1911 2908 2314 2978 possessionem
2346 2909 2527 2963 omnis
2571 2908 2701 2962 boni
2730 2907 2911 2978 operis
2944 2907 3189 2962 deduxit.
3224 2907 3417 2964 Postea
3454 2928 3468 2965 :

198 2993 321 3046 sine
346 2992 503 3045 titulo
529 2994 668 3063 apud
696 2993 964 3060 Ilebrwos,
998 2995 1282 3066 Regnum,
1316 2999 1538 3069 inquam
1563 3044 1577 3067 ,
1614 3001 1707 3057 Dei
1741 3002 1865 3058 Filii
1916 3005 1971 3059 in
2006 3007 2216 3075 psalmo
2243 3006 2625 3061 annuntiatum
2655 3002 2757 3073 ipsi
2789 3020 2898 3060 non
2940 3004 3312 3073 admiserunt,
3362 3006 3473 3062 imo

201 3082 546 3150 repulerunt.
576 3082 761 3153 Itaque
791 3084 1033 3154 psalmus
1067 3084 1363 3155 inscriptus
1407 3095 1492 3142 est
1536 3106 1549 3142 :
1596 3090 1708 3143 sine
1740 3092 1897 3146 titulo
1924 3095 2065 3164 apud
2110 3096 2359 3150 Hebrazos
2387 3137 2401 3163 ,
2438 3110 2560 3166 quae
2592 3097 2738 3150 enim
2776 3096 2829 3148 in
2865 3095 2984 3165 ipso
3019 3096 3369 3152 continentur
3404 3096 3474 3149 de

199 3169 349 3226 Filio
380 3172 496 3237 Dei,
526 3174 678 3228 irrita
706 3172 846 3228 facta
878 3182 1003 3229 sunt
1037 3175 1179 3242 apud
1206 3189 1301 3230 eos
1331 3184 1552 3247 propter
1585 3194 1775 3235 eorum
1809 3184 2117 3253 perﬁdiam.

276 3264 332 3319 2.
359 3267 425 3317 Αἱ
450 3264 734 3335 ἐκκλησίαι
762 3266 871 3318 τῶν
899 3264 1105 3317 πιστῶν
1141 3265 1241 3334 (4).

1062 3264 1105 3316 iv
1141 3265 1241 3334 (4).
1819 3281 1861 3336 C
1965 3277 2019 3330 2.
2054 3276 2309 3332 Ecclesiae
2338 3276 2592 3341 ﬁdelium.

279 3359 335 3411 5.
368 3358 432 3410 Οἱ
487 3356 833 3422 ἀπειθοῦντες
894 3357 1134 3410 Ἰουδαῖοι
1186 3358 1281 3411 καὶ
1329 3360 1588 3433 Ἕλληνες
1636 3364 1784 3427 ἐκτὸς

1766 3382 1793 3427 ς
1969 3374 2021 3426 5.
2051 3371 2318 3427 lncreduli
2348 3370 2541 3436 Judaei,
2569 3381 2622 3426 et
2651 3373 2878 3442 gentiles
2907 3385 3059 3427 extra
3094 3374 3294 3445 ipsum.

198 3466 373 3503 αυτου
382 3488 396 3503 ο

275 3542 334 3597 4.
368 3542 428 3595 Oi
454 3542 878 3608 πεπιστευκότες
903 3544 1051 3617 αὐτῷ
1072 3547 1210 3614 λαοὶ,
1247 3546 1670 3617 εὐτρεπίσαντες
1695 3547 1794 3610 τὰς

1965 3547 2019 3599 4.
2063 3548 2273 3617 Populi,
2317 3547 2410 3616 qui
2445 3547 2793 3602 crediderunt
2822 3549 2870 3603 ei
2904 3564 3277 3618 praeparantes
3307 3552 3470 3606 corda

203 3632 436 3703 καρδίας
469 3632 695 3698 ἑαυτῶν,
731 3633 983 3700 ἐδέξαντο
1006 3637 1061 3688 ὲν
1082 3637 1261 3700 αὐτοῖς
1294 3637 1370 3707 (5)
1395 3636 1493 3707 τὴν
1519 3637 1733 3705 βασιλείι

1455 3654 1493 3707 ιν
1519 3637 1794 3705 βασιλείαν
1896 3622 1994 3693 sua
2020 3647 2349 3708 exceperunt
2376 3638 2430 3691 in
2456 3638 2590 3708 ipsis
2616 3654 2840 3708 regnum
2870 3637 2985 3695 Dei.

201 3723 300 3775 τοῦ
336 3723 493 3777 Θεοῦ.

278 3816 332 3869 5.
378 3817 466 3868 Ἐν
489 3819 554 3888 τῇ
580 3816 765 3889 ἡμέρᾳ
794 3817 893 3887 τῆς
917 3818 1171 3889 κρίσεως.

934 3818 1171 3889 ιρίσεως.
1966 3817 2020 3870 5.
2056 3816 2115 3870 ln
2142 3817 2229 3871 die
2254 3815 2464 3886 judicii.

275 3908 331 3962 6.
360 3909 470 3961 Καὶ
493 3910 913 3980 κατακυριεύσει
944 3909 1019 3979 (6)
1040 3910 1133 3962 τοῦ
1168 3909 1519 3973 ἀπειθοῦντος
1549 3910 1718 3979 αύτῷ.

1549 3910 1718 3979 αὐτῷ.
1965 3908 2018 3963 6.
2048 3908 2112 3961 Ει
2133 3907 2444 3978 subjugabit
2467 3922 2576 3963 non
2603 3908 2911 3963 credentem
2944 3910 3071 3965 sibi.

276 4000 331 4052 7.
364 4001 427 4052 Οἱ
454 3999 737 4053 ἀπόστολοι
769 3999 1040 4069 έφώτισαν
1061 4001 1128 4055 τά
1150 4002 1274 4073 έθνη
1298 4001 1387 4055 διὰ
1416 4001 1790 4073 κηρύγματος.

1966 4000 2267 4069 7.Apostoli
2288 4002 2460 4055 lucem
2477 4001 2775 4055 attulerunt
2793 4002 3044 4072 gentibus
3062 4002 3464 4070 pmdicatione.

277 4090 329 4144 8.
377 4090 697 4160 Ἀνέσλεψον
732 4091 807 4161 (7)
835 4090 901 4144 τὰ
930 4091 1054 4163 ἔθνη
1085 4094 1150 4163 τῇ
1185 4092 1412 4164 διανοίᾳ,
1448 4094 1543 4145 καὶ
1569 4092 1793 4163 ἠκολού-

1965 4094 2017 4147 8.
2038 4094 2213 4148 Mente
2243 4101 2600 4162 respexerunt
2624 4101 2831 4163 gentes,
2852 4102 2903 4147 et
2922 4102 3123 4149 secutae
3139 4103 3266 4149 sunt
3285 4094 3465 4148 ﬁdem.

202 4180 380 4253 θησαν
398 4184 463 4253 τῇ
498 4184 698 4239 πίστει.

282 4274 335 4328 9.
367 4275 433 4327 Αἱ
464 4275 706 4329 ἐναντίαι
738 4275 993 4347 δυνάμεις
1024 4276 1269 4341 ὲξέλιπον
1322 4276 1429 4330 ἀπὸ
1458 4277 1557 4347 τῆς
1586 4294 1793 4349 παρου-

1963 4273 2015 4327 9.
2062 4273 2398 4328 Adversarize
2443 4279 2740 4342 potestates
2792 4268 3106 4325 defecerunt
3148 4269 3466 4325 adveniente

200 4369 329 4432 είας
347 4368 442 4422 τοῦ
474 4367 697 4439 Κυρίου.

615 4386 697 4421 ου.
1894 4364 2145 4420 Domino.

278 4460 367 4515 10.
404 4461 534 4514 Ἀπὸ
554 4461 654 4531 τῆς
680 4460 979 4532 παρουσίας
1005 4458 1097 4514 τοῦ
1134 4460 1402 4514 Δεσπότου
1424 4460 1533 4514 τῶν
1564 4459 1752 4514 ἐθνῶν.

1439 4460 1533 4514 τῶν
1564 4459 1752 4514 ἐθνῶν.
1969 4458 2052 4511 10.
2086 4456 2417 4511 Adveniente
2447 4456 2686 4526 gentium
2718 4454 2969 4509 Domino.

275 4554 365 4609 11.
395 4555 456 4606 Οἱ
488 4552 774 4607 ἀπόστολοι
801 4552 887 4606 διὰ
908 4552 1001 4606 τοῦ
1028 4552 1399 4624 κηρύγματος.

1966 4555 2047 4607 11.
2086 4552 2326 4622 Apostoli
2357 4566 2452 4620 per
2478 4551 2937 4620 praedicationem.

277 4644 363 4698 12.
393 4645 503 4698 Kal
538 4644 917 4715 ἐφωτίσθησαν
946 4644 1146 4708 πάντες
1191 4643 1269 4715 τῷ
1304 4644 1468 4697 πάθει
1494 4644 1569 4715 (8)
1596 4644 1781 4698 αὐτοῦ.

1780 4688 1781 4695 η
1819 4625 1864 4678 Ῑ)
1967 4644 2052 4697 12.
2088 4640 2152 4696 Et
2180 4640 2470 4695 illuminati
2502 4648 2631 4693 sunt
2659 4654 2851 4693 omnes
2886 4637 3140 4707 passione
3172 4636 3310 4705 ejus.

274 4737 362 4790 1'5.
398 4735 605 4800 Ξύλοις,
635 4737 727 4789 καὶ
747 4735 933 4801 λίθοις,
966 4736 1059 4789 καὶ
1106 4736 1305 4799 πάσαις
1339 4735 1491 4799 ὕλαις
1520 4739 1783 4799 κτισταῖς.

1968 4737 2051 4790 15.
2090 4735 2280 4803 Ligna,
2308 4742 2363 4787 et
2388 4732 2616 4801 lapides,
2653 4740 2705 4785 et
2730 4746 2918 4785 omnes
2948 4730 3203 4783 materias
3233 4739 3462 4784 creatas.

272 4828 358 4883 14.
387 4830 508 4884 Ὀτι
534 4829 608 4901 (9)
638 4830 698 4883 τὸ
726 4830 986 4901 καύχημα
1017 4828 1195 4884 αὐτῶν
1229 4828 1520 4899 τύφλωσιν,
1564 4830 1655 4881 καὶ
1690 4829 1793 4881 κώ-

1968 4824 2052 4877 1ι1.
2085 4823 2352 4889 Quoniam
2388 4821 2758 4890 gloriationem
2794 4833 2949 4874 suam
2979 4818 3033 4872 in
3063 4818 3241 4883 caecis,
3279 4820 3462 4881 mutis,

201 4939 397 4991 φωσιν,
431 4923 525 4977 καὶ
554 4922 816 4994 νέκρωσιν
846 4918 1009 4992 εἶχον.

1891 4924 1946 4969 et
1978 4912 2207 4967 mortuis
2240 4912 2563 4966 habuerunt.

272 5010 358 5065 15.
390 5014 450 5064 υἱ
477 5013 655 5065 πιστοὶ
686 5014 733 5065 οἱ
755 5011 1093 5077 δουλεύοντες
1125 5011 1291 5081 αὐτῷ.

1231 5011 1291 5081 ᾧ.
1963 5006 2049 5059 15.
2078 5004 2289 5060 Fideles
2313 5004 2611 5059 servientes
2640 5003 2761 5072 ipsi.

272 5100 358 5156 16.
410 5103 496 5155 Ἐν
516 5101 627 5174 (10)
658 5104 770 5157 ἀνω
813 5102 1187 5173 Ἰερουσαλήμ.

1964 5096 2048 5149 16.
2082 5096 2138 5149 In
2173 5110 2405 5164 superna
2434 5093 2761 5149 Jerusalem.

1162 5198 1470 5259 Addenda
1525 5203 1585 5256 et
1617 5194 1993 5275 corrigenda
2025 5210 2103 5254 ex
2137 5192 2279 5253 cod.
2315 5193 2523 5253 Vatic.

269 5292 347 5375 (1)
383 5293 564 5367 ’Ὸιεή
598 5298 671 5366 γῆ
702 5298 888 5357 αὑτοῦ,
918 5304 1021 5350 etc.

269 5365 346 5419 t2)
402 5366 949 5419 Συμπεοιιοεοόιιενον
980 5382 1030 5418 τ.
1093 5366 1148 5419 ἀ.
1208 5369 1259 5419 ὁ.
1309 5369 1389 5419 εἰς
1447 5367 1778 5419 κατάστασιν

1959 5292 2035 5419 (6)
2064 5293 2412 5347 Κατακαύσει
2440 5291 2567 5357 τοὺς
2597 5291 2971 5355 ἀπειθοῦντας,
3006 5302 3110 5346 etc.

1580 5381 1778 5419 ιστασιν
1982 5364 2034 5419 7»
2062 5364 2405 5419 Ἀνέὸλεψαν.

268 5364 346 5433 (2)
402 5364 949 5437 Συμπεριέρερόμενον
980 5382 1030 5418 τ.
1093 5366 1148 5421 ἀ.
1206 5369 1259 5437 ῤ.
1309 5369 1389 5431 εἰς
1447 5367 1778 5420 κατάστασιν
1959 5364 2405 5437 (ῖρᾉνέόλεψαν.

268 5387 346 5433 (2)
402 5387 589 5436 ιιυμπε
634 5387 949 5437 ιφερομενον
980 5387 1030 5418 τ.
1093 5387 1148 5421 α.
1206 5387 1259 5437 ρ.
1309 5387 1389 5431 εις
1447 5387 1722 5420 κατασταο

192 5431 403 5503 ἤγαγεν
431 5387 651 5503 «mnf;
683 5446 787 5490 etc.

832 5387 949 5419 ενον
980 5387 1030 5418 τι
1093 5387 1148 5421 α.
1206 5387 1259 5437 ρ.
1309 5387 1389 5431 εις
1447 5387 1778 5420 καταστᾶσιν
1959 5387 2034 5432 Il!
2078 5387 2361 5433 ΑνευΛεψα

1962 5435 2037 5503 (8)
2074 5434 2145 5486 Τὸ
2174 5434 2361 5498 πάθος.

378 5506 465 5578 Ἑν
485 5506 581 5578 τῷ.
638 5502 643 5503 ί
2072 5506 2242 5578 (λί-τό,
2266 5514 2394 5567 etc.,
2424 5503 2657 5575 ἔχοντες.

263 5574 343 5711 (4)
387 5574 605 5629 Ἐθνῶν.
1961 5575 2071 5645 (10)
2107 5574 2167 5627 Ἦ
2196 5576 2326 5641 ἄνω,
2352 5586 2458 5635 etc.

287 5645 342 5711 5)
388 5646 648 5710 Ἐαυτοτς.

287 5645 342 5716 5)
388 5646 648 5710 Ἐαυτοτς.

503 5744 777 5805 ruam.
810 5743 926 5805 Gn.
949 5742 1209 5804 xxvu.
3116 5728 3193 5788 3b
