3874 6222
359 234 497 315 ιοδτ
1182 247 1238 302 s.
1280 241 1651 299 ATHANASII
1692 239 1841 295 opp.
1882 239 1889 293 1

2101 238 2191 292 Ill.
2233 266 2302 277 —
2338 232 2752 289 EXEGETICA.
3476 227 3624 282 1068

428 378 509 432 t7.
543 375 606 430 Et
632 375 1039 430 exsultaverunt
1069 368 1189 423 ﬁliae
1217 366 1390 430 Judae,
1950 401 1958 418 .

2095 356 2181 413 17,
2214 356 2324 408 Καὶ
2354 351 2751 424 ὴγαλλιάσαντο
2781 350 2836 402 αἱ
2868 348 3168 418 θυγατέρες
3191 346 3289 416 τῆς
3330 344 3618 407 Ἰουδαίας,

428 470 513 523 18.
549 467 775 535 Propter
804 465 1007 535 judicia
1034 470 1146 516 tua.
1178 456 1429 551 Pomine.

2106 447 2191 500 18.
2222 447 2444 499 Ἕνεκεν
2474 446 2582 498 τῶν
2615 441 2897 514 κριμάτων
2927 457 3041 503 σου,
3074 438 3264 509 Κύριε.

2112 538 2169 551 ,η
2217 539 2280 551 ..Α
2401 536 2537 551 ..μ
2687 535 2743 551 ...
2896 533 3235 551 ..ε-ες--.

426 563 511 617 19.
530 560 796 627 Quoniam
830 567 885 611 tu
902 553 1165 610 Dominus
1178 527 1495 605 'aitissimus
1524 560 1687 615 super
1708 557 1925 598 omnem

2106 538 2191 592 19.
2217 539 2337 591 Ὅτι
2365 538 2427 590 σὺ
2460 536 2662 607 Κύριος
2686 535 2906 603 ὕψιστος
2934 533 3027 585 ἐπὶ
3056 533 3235 585 πᾶσαν
3261 529 3359 600 τὴν
3382 527 3506 597 γῆν’

359 668 554 712 terram
591 670 605 707 2

424 748 516 803 20.
551 745 725 800 Nimis
752 743 1021 799 exaltatus
1049 756 1107 794 es
1130 752 1293 808 super
1316 749 1505 790 omnes
1538 732 1693 787 deos.

2103 723 2191 776 20.
2218 721 2425 792 Σφόδρα
2451 717 2814 790 ὑπερυψώθης
2843 716 2984 787 ὑπὲρ
3014 714 3222 777 πάντας
3253 714 3380 776 τοὺς
3433 708 3620 773 θεούς.

424 840 512 893 21.
547 838 650 903 Qui
677 835 898 906 diligitis
930 803 1239 895 Dominum,
1274 829 1421 884 odite
1446 826 1679 890 malum;

2105 814 2192 867 21.
2220 815 2280 865 Οἱ
2310 810 2629 879 ἀγαπῶντες
2652 809 2742 861 τὸν
2773 807 2996 878 Κύριον,
3032 808 3238 876 μισεῖτε
3273 803 3500 874 πονηρά·

422 932 514 987 22.
535 928 781 984 Custodit
804 925 1066 980 Dominus
1087 924 1295 977 animas
1320 929 1632 974 sanctorum
1661 930 1885 971 suorum
1909 930 1922 965 :

2103 903 2191 956 22.
2225 901 2491 953 Φυλάσσει
2520 899 2722 970 Κύριος
2740 897 2838 959 τὰς
2867 895 3045 966 ψυχᾲς
3066 894 3173 945 τῶν
3206 893 3366 945 ὁσίων
3393 892 3583 946 αὐτοῦ’

426 1025 515 1078 25.
551 1022 625 1076 De
659 1035 819 1075 manu
851 1015 1147 1087 peccatoris
1178 1011 1429 1068 liberabit
1459 1025 1575 1065 eos.

2105 995 2193 1048 23.
2242 995 2334 1046 Ἐκ
2364 993 2544 1063 χειρὸς
2575 987 2898 1063 ἁμαρτωλοῦ
2932 986 3153 1059 ῥύσεται
3182 984 3399 1049 αὐτούς.
3476 1020 3504 1032 .-

426 1114 514 1167 24.
550 1112 666 1166 Lux
701 1119 817 1165 orta
851 1082 933 1162 est
959 1107 1107 1176 justo
1142 1124 1156 1159 :

2102 1086 2191 1139 24.
2221 1085 2338 1148 Φῶς
2361 1083 2597 1137 ἀνέτειλε
2623 1082 2700 1151 τῷ
2724 1082 2933 1150 δικαίῳ·

426 1207 517 1261 25.
547 1205 611 1259 Et
640 1203 802 1257 rectis
831 1186 991 1255 corde
1024 1198 1227 1252 laetitia.

2102 1177 2189 1230 25.
2215 1176 2325 1228 Καὶ
2348 1178 2457 1237 τοῖς
2477 1173 2657 1225 εὐθέσι
2684 1174 2749 1242 τῇ
2778 1171 2973 1242 καρδίᾳ
3003 1167 3326 1239 εὐφροσύνη.

427 1297 517 1351 26.
552 1291 835 1348 Lmtamini
862 1289 994 1360 justi
1026 1289 1078 1342 in
1106 1286 1337 1339 Domino
1364 1303 1376 1338 :

2104 1268 2191 1322 26.
2218 1268 2595 1338 Εὐφράνθητε,
2624 1266 2837 1328 δίκαιοι,
2862 1267 2919 1318 έν
2940 1262 3017 1333 τῷ
3041 1263 3231 1333 Κυρίῳ
3249 1279 3261 1291 ·

428 1387 517 1440 27.
545 1385 610 1438 Et
631 1381 963 1438 conlitemini
996 1377 1273 1433 memoriae
1317 1372 1761 1431 sanctiﬁcationis
1786 1370 1924 1440 ejus.

2103 1360 2303 1413 27.Kai.
2318 1356 2713 1429 ἐξομολογεῖσθε
2726 1359 2790 1426 τῇ
2813 1358 2913 1427 μνή
2923 1372 2994 1426 μῃ
3008 1355 3105 1425 τῆς
3120 1349 3423 1423 ἁγιωσύνης
3433 1346 3622 1402 αὐτοῦ.

642 1475 893 1529 Psalmus
934 1471 1122 1525 David.
1158 1468 1359 1523 PSAL.
1396 1465 1489 1519 XC
1507 1464 1638 1518 VII.

2352 1451 2599 1519 Ψαλμός
2624 1449 2702 1514 τῷ
2735 1448 2929 1502 Δαϐίδ.
2972 1451 3145 1501 ΨΑΛ.
3179 1449 3298 1512 kZ’.

437 1573 483 1625 1.
514 1570 739 1624 Cant-ate
763 1566 990 1620 Domino
1020 1563 1291 1617 canticum
1318 1573 1518 1613 novum
1552 1574 1565 1621 ;

2112 1548 2160 1599 1.
2197 1546 2400 1616 ’ᾼσατε
2432 1544 2509 1613 τῷ
2543 1542 2731 1615 Κυρίῳ
2757 1538 2907 1613 ᾆσμα
2928 1540 3112 1594 καινόν
3131 1556 3142 1567 ·

431 1665 487 1717 2.
521 1662 657 1728 Quia
688 1657 954 1713 mirabilia
980 1654 1108 1709 fecit
1141 1652 1439 1721 Dominus.

2110 1640 2163 1693 2.
2193 1640 2316 1690 ’Ὁτι
2351 1636 2640 1706 Θαυμαστὰ
2665 1636 2915 1705 ἐποίησεν
2938 1636 2964 1686 ὁ
2996 1632 3220 1703 Κύριος.

434 1755 485 1807 5.
527 1750 763 1805 διλινὲνίῐ
793 1762 918 1802 eum
947 1745 1168 1799 dextera
1200 1742 1342 1811 ejus.

1971 1727 2014 1782 Β
2114 1731 2165 1783 '5.
2205 1729 2447 1779 Ἕσωσεν
2474 1726 2634 1779 αὐτὸν
2669 1728 2702 1796 ἡ
2730 1724 2879 1791 δεξιὰ
2911 1723 3077 1776 αὑτοῦ
3108 1738 3120 1749 ·

433 1845 488 1897 4.
518 1843 583 1896 Et
610 1841 893 1897 brachium
925 1845 1174 1892 sanctum
1206 1833 1345 1902 ejus.

2112 1822 2160 1874 4.
2193 1822 2304 1873 Καὶ
2334 1823 2362 1872 ὁ
2391 1818 2629 1888 βραχίων
2651 1818 2678 1869 ὁ
2704 1816 2857 1884 ἆγιος
2883 1812 3068 1867 αὑτοῦ.

437 1934 487 1987 5.
524 1932 724 1987 Notum
760 1929 883 1983 fecit
915 1926 1174 1980 Dominus
1208 1900 1445 1977 salutare
1480 1932 1639 1972 suum
1670 1933 1685 1971 :

2110 1912 2160 1967 5.
2209 1912 2499 1981 Ἐγνώρισε
2531 1908 2732 1980 Κύριος
2763 1907 2823 1959 τὸ
2851 1907 3111 1975 σωτήριον
3133 1900 3297 1955 αὑτοῦ
3317 1917 3331 1929 ·

436 2024 488 2079 6.
544 2022 601 2075 lu
671 2027 966 2089 conspectu
1042 2013 1282 2085 gentium
1347 2008 1606 2065 revelavit
1672 2005 1940 2076 justitiam

2111 2002 2162 2055 6.
2202 2000 2472 2053 Ἐναντίον
2498 1997 2605 2051 τῶν
2645 1996 2813 2050 ἐθνῶν
2860 1992 3176 2061 ἀπεκάλυψε
3219 1991 3316 2062 τὴν
3347 1986 3624 2043 δικαιοσύ-

367 2134 544 2174 suam.

2042 2112 2137 2166 νην
2162 2092 2344 2147 αὑτοῦ.

1488 2274 1865 2335 ATHANASII
1902 2271 2496 2329 INTERPRETATIO.

439 2455 529 2510 17.
563 2452 771 2507 Animae
800 2454 1145 2508 sanctorum,
1189 2448 1242 2496 et
1279 2453 1400 2511 quae
1431 2437 1681 2508 repositae
1721 2440 1851 2489 sunt
1883 2433 1939 2486 in

2117 2429 2204 2483 17.
2234 2429 2297 2479 Ai
2349 2425 2518 2495 ψυχαὶ
2544 2423 2651 2477 τῶν
2689 2421 2883 2490 ἁγίων,
2914 2421 3007 2474 καὶ
3045 2419 3120 2491 (1)
3164 2419 3520 2491 ἀνακείμεναι
3564 2423 3634 2491 τῇ

334 2572 345 2585 ο
370 2538 981 2616 δυρονιιοἨὶεΓυεοὶεηι.
2046 2521 2157 2575 ἄνω
2190 2518 2559 2589 Ἰερουσαλήμ.

442 2602 771 2705 18.Ριόριει“
787 2645 1006 2699 ea,qu:e
1023 2628 1089 2682 de
1115 2625 1271 2680 nobis
1298 2619 1633 2686 deliberasti,
1658 2629 1711 2673 et
1740 2616 1939 2672 fecisti.

2114 2611 2200 2665 18.
2224 2613 2447 2663 Ἕνεκεν
2468 2602 2541 2660 ὧν
2562 2606 2862 2659 ἐϐουλεύσω
2884 2604 3011 2676 περὶ
3033 2604 3207 2675 ἡμῶν,
3228 2604 3323 2657 καὶ
3344 2603 3632 2671 ἐποίησας.

441 2732 529 2786 19.
564 2728 833 2795 Quoniam
864 2734 955 2790 tu,
995 2720 1244 2785 Domine,
1276 2715 1611 2787 gioriﬁcatus
1638 2726 1697 2766 es
1736 2710 1791 2764 in
1820 2708 1942 2763 uni-

2116 2705 2203 2759 19.
2241 2704 2365 2755 Ὅτι
2398 2701 2462 2753 σὺ
2499 2696 2550 2752 εἷ
2599 2698 3001 2769 δεδοξασμένος,
3034 2697 3229 2767 Κύριε,
3277 2699 3334 2748 ὲν
3362 2694 3528 2747 παντὶ
3557 2693 3638 2763 τῷ

371 2840 528 2880 verso
558 2819 782 2875 mundo.
1782 2820 1789 2825 υ

722 2835 782 2873 νο.
1782 2820 1789 2825 '
2044 2796 2252 2866 κόσμῳ.

440 2915 530 2970 20.
561 2912 700 2967 Vere
725 2912 1129 2965 demonstratus
1158 2919 1235 2970 es,
1261 2900 1406 2973 quod
1432 2909 1489 2954 tu
1515 2914 1575 2953 es
1604 2896 1752 2953 solus
1772 2894 1938 2958 Deus,

2109 2888 2199 2943 20.
2240 2884 2482 2957 Ἀληθῶς
2535 2883 2802 2954 ὲδείχθης,
2855 2882 2938 2935 ὅτι
2972 2882 3036 2933 σὺ
3070 2875 3121 2932 εἷ
3156 2877 3288 2940 Θεὸς
3322 2877 3398 2948 (2)
3452 2877 3633 2948 μόνος.

372 3024 481 3064 non
514 3014 695 3061 autem
727 3002 825 3068 illi,
860 3001 953 3070 qui
983 2998 1056 3053 dii
1087 2997 1364 3052 dicuntur.

1256 3002 1364 3047 tur.
2047 2980 2107 3032 ού
2134 2980 2242 3046 γὰρ
2266 2976 2625 3045 οί-λεγόμενοι
2658 2974 2786 3028 θεοί.

580 3060 1191 3166 Diligentes-Dominum
1233 3085 1401 3156 fugite
1438 3096 1601 3139 omne
1631 3088 1939 3152 peccatum.
1969 3099 1970 3110 π

2192 3072 2299 3124 ,Οἱ
2358 3066 2678 3137 ἀγαπῶντες
2734 3066 2823 3118 τὸν
2884 3062 3112 3135 Κύριον,
3169 3060 3398 3131 φεύγετε
3453 3060 3638 3112 πᾶσαν
3696 3107 3720 3118 _

2046 3162 2341 3235 ἁμαρτίαν.

442 3281 535 3335 22.
566 3276 870 3333 Colentium
902 3288 1050 3327 eum.

2114 3254 2204 3308 22.
2234 3250 2352 3304 Τῶν
2377 3250 2683 3321 σεϐομένων
2711 3247 2872 3303 αὐτόν

443 3374 533 3428 25.
567 3360 646 3423 Ex
677 3366 877 3423 diaboli
906 3369 1189 3435 potestate.

2115 3346 2205 3400 23.
2248 3346 2342 3397 Ἐκ
2375 3345 2474 3413 τῆς
2497 3344 2589 3395 τοῦ
2620 3341 2866 3395 διαϐόλου
2901 3335 3238 3398 δυναστείας.

567 3457 753 3513 Gratia
780 3469 877 3510 sua
908 3425 967 3507 in
997 3450 1254 3507 cordibus
1278 3446 1538 3502 ﬁdelium.

2116 3438 2204 3491 21.
2236 3437 2345 3506 Τὴν
2380 3437 2539 3506 χάριν
2577 3433 2675 3505 [Ἦ
2710 3430 2891 3505 χάρις]
2920 3428 3083 3484 αὑτοῦ
3133 3430 3191 3479 έν
3217 3428 3335 3487 ταῖς
3385 3425 3637 3497 καρδίαις

2050 3528 2157 3582 τῶν
2190 3528 2263 3597 (4)
2294 3526 2519 3579 πιστῶν.

445 3636 535 3692 25.
568 3634 634 3688 Et
664 3632 881 3687 mundis
911 3629 1073 3685 corde
1106 3627 1338 3696 Spiritus
1371 3625 1491 3695 ejus
1523 3632 1766 3679 sanctus.

2120 3620 2209 3673 25.
2243 3620 2350 3671 Καὶ
2379 3618 2454 3687 (5)
2508 3619 2619 3679 τοῖς
2672 3615 2932 3684 καθαροῖς
2968 3615 3033 3683 τῇ
3065 3613 3262 3684 καρδίᾳ,
3301 3614 3364 3667 τὸ
3408 3610 3637 3679 Πνεῦμα

2054 3709 2216 3763 αὑτοῦ
2248 3709 2307 3761 τὸ
2340 3708 2511 3776 ἅγιον.

448 3807 537 3874 26,
566 3806 656 3860 27.
689 3804 989 3868 Exsultate,
1032 3810 1087 3857 et
1125 3799 1421 3871 gloriﬁcate
1464 3814 1588 3853 eum
1619 3798 1945 3853 memoriam

2124 3799 2193 3853 26
2212 3839 2227 3865 ,
2258 3799 2347 3854 27.
2381 3797 2758 3866 Ἀγαλλιᾶσθε,
2794 3796 2890 3850 καὶ
2920 3796 3169 3861 δοξάζετε
3197 3796 3381 3860 αὐτὸν,
3421 3809 3635 3863 μνημο-

381 3901 640 3956 habentes
673 3897 976 3953 sanctitatis
1020 3894 1158 3964 ejus,
1201 3908 1308 3962 qua
1352 3891 1675 3947 sanctiﬁcati
1710 3892 1861 3955 estis,
1897 3908 1911 3946 ε

2107 3890 2299 3953 μύοντες
2322 3888 2415 3941 τοῦ
2456 3886 2729 3957 ἁγιασμοῦ
2764 3885 2837 3957 (6)
2854 3886 3042 3953 αὐτοῦ,
3070 3882 3131 3940 οὗ
3181 3885 3503 3956 ἡγιάσθητε,
3540 3884 3637 3936 καὶ

380 4005 480 4045 vos
513 3988 830 4045 sanctiﬁcat.

2054 3982 2269 4051 ἁγιάζει
2302 3982 2464 4052 ὑμᾶς.

462 4128 529 4178 Ἦ
561 4120 894 4195 προκειμένη
916 4116 1193 4188 ἐπιγραφὴ
1222 4116 1465 4185 περιέχει
1496 4113 1571 4183 (7i
1591 4129 1602 4139 '
1646 4114 1889 4181 Ψαλμὸς
1908 4112 1987 4178 τῷ
2011 4113 2209 4179 Δαϐὶδ,
2236 4113 2483 4165 τουτέστι
2512 4111 2592 4177 τῷ
2613 4111 2795 4179 ἱκανῷ
2819 4112 2894 4182 τῇ
2923 4112 3094 4183 χειρὶ,
3118 4111 3195 4183 τῷ
3239 4112 3431 4185 Κυρίῳ
3478 4108 3638 4182 ἡμῶν

396 4220 570 4294 Ἰησοῦ
600 4214 836 4290 Χριστῷ.

455 4312 669 4367 Titulus
696 4308 1018 4379 praapositus
1053 4304 1298 4359 continet
1336 4322 1348 4356 :
1386 4300 1636 4354 Psalmus
1667 4300 1869 4365 David,
1904 4303 2008 4355 hoc
2034 4308 2117 4355 est
2145 4316 2308 4353 manu
2342 4299 2494 4368 forti,
2539 4297 2772 4373 Domino
2802 4308 2994 4356 nostro
3025 4297 3155 4355 Jesu
3177 4298 3417 4353 Christo.

452 4425 504 4475 1.
537 4420 814 4475 Mundum.

1983 4416 2033 4475 De
2128 4410 2155 4463 1
2168 4450 2180 4464 .
2208 4410 2480 4483 Καθαρόν.

452 4514 507 4568 2.
538 4512 595 4565 1η
632 4522 793 4565 terra.

2132 4500 2183 4555 2.
2230 4503 2351 4554 Ἐπὶ
2383 4502 2483 4571 τῆς
2515 4502 2637 4571 γῆς.

453 4607 506 4659 5.
538 4602 708 4658 Filius
742 4601 861 4669 ejus
889 4598 1178 4668 acquisivit
1214 4612 1406 4650 omnes
1434 4595 1537 4651 sibi
1567 4594 1692 4666 ipsi,
1726 4603 1780 4649 et
1804 4592 1953 4648 Patri

2130 4594 2184 4646 '5.
2228 4593 2288 4645 '0
2320 4592 2447 4655 Υἱὸς
2467 4592 2634 4645 αὑτοῦ
2671 4594 3094 4665 περιεποιήσατο
3117 4594 3325 4657 πάντας
3352 4590 3429 4663 (8)
3455 4591 3641 4664 ἑαυτῷ

378 4712 500 4754 suo.
2063 4684 2154 4737 καὶ
2176 4683 2253 4755 τῷ
2288 4684 2463 4753 Πατρὶ
2492 4684 2678 4739 αὑτοῦ.

448 4790 501 4843 4.
539 4785 856 4857 Unigenitus
879 4782 1021 4837 Deus
1044 4780 1305 4836 Verbum.

2130 4772 2186 4826 4.
2231 4773 2291 4824 '0
2327 4774 2624 4843 μονογενὴς
2642 4772 2772 4837 Θεὸς
2794 4774 2982 4842 Λόγος.

449 4881 501 4933 5.
535 4874 893 4933 Manifestavit
926 4871 1087 4927 Pater
1117 4871 1316 4926 Filium
1347 4887 1529 4927 suum.

2123 4865 2175 4919 5.
2224 4864 2593 4936 Ἐφανέρωσεν
2622 4868 2651 4918 ὁ
2674 4867 2864 4937 Πατὴρ
2886 4866 2975 4919 τὸν
3002 4866 3128 4920 Υἱὺν
3166 4864 3353 4920 αὑτοῦ.

445 4971 501 5024 6.
539 4969 639 5023 Per
673 4963 1113 5037 prtedicationem
1156 4964 1414 5018 revelavit
1454 4961 1613 5016 Pater
1649 4959 1947 5015 Dominum

2127 4958 2179 5012 6.
2215 4956 2313 5009 Διὰ
2331 4956 2426 5009 τοῦ
2464 4958 2818 5029 κηρύγματος
2841 4958 3189 5029 ἀπεκάλυψεν
3222 4960 3262 5026 ,ὁ
3302 4959 3493 5029 Πατὴρ
3545 4959 3640 5012 τὸν

379 5071 625 5120 nostrum
647 5058 832 5115 Iesum
861 5054 1082 5110 Christu
1097 5073 1149 5111 m

2058 5049 2263 5121 Κύριον
2293 5047 2450 5118 ἡμῶν
2483 5050 2692 5120 Ἰησοῦν
2722 5051 2974 5105 Χοιστόν.

1325 5244 1631 5309 Addenda
1661 5248 1721 5305 et
1778 5238 2155 5319 corrigenda
2186 5256 2267 5301 ex
2302 5238 2445 5300 cod.
2485 5235 2687 5297 Vatic.

450 5423 526 5494 (1)
561 5423 623 5494 Αἱ
657 5434 753 5494 pro
781 5420 892 5470 καί.

2129 5404 2206 5494 ei
2238 5405 2345 5494 πβρι

448 5464 525 5573 isi
566 5491 622 5573 :9
654 5464 805 5573 ξδεάςς
834 5497 960 5573 ςιοο.
1002 5555 1049 5573 ,ξ
2132 5464 2210 5573 is“?
2252 5464 3251 5573 latussic:shf’zsiﬁrfﬁiaz-
3273 5470 3447 5541 ἡμᾶς·

471 5502 504 5546 2
567 5502 622 5542 ὐ
654 5502 805 5551 mag,
834 5502 936 5541 etc.
2132 5502 2210 5545 (υ)
2268 5502 2612 5543 Λμυυυμαιυί,
2643 5502 2829 5535 uuwu,
2860 5502 2921 5526 υυ
2955 5502 3251 5541 “suum...

554 5560 722 5635 5032;»
752 5561 808 5609 ὲν
830 5555 1072 5635 άλῃθείᾳ..
2246 5542 2969 5635 Δᾘ-ξιὰιλιτῆς-κιννοιϐάριεως
2994 5540 3253 5610 περιέχει.

471 5613 523 5700 4)
554 5628 659 5682 Τοῦ
691 5626 877 5684 πιστοῦ
903 5613 1051 5677 λαοῦ.
2133 5613 2208 5684 (8)
2234 5613 2389 5684 Αὐτῷ
2414 5614 2646 5676 πάντας.
