3874 6222
325 316 452 374 1071
1165 307 1223 360 S.
1263 303 1644 359 ATIIANASII
1684 303 1835 359 OPP.
1875 300 2054 357 PARS
2093 300 2182 356 111.
2223 331 2290 340 —
2328 298 2746 355 EXEGETICA.
3312 348 3315 351 ,
3443 300 3589 353 1072

388 432 443 483 9.
478 427 582 495 Qui
622 425 779 481 sedes
802 439 963 495 super
990 422 1291 487 cherubim,
1324 432 1609 477 moveatur
1648 432 1813 477 terra.

2064 420 2119 473 ‘2.
2167 420 2224 471 '0
2260 417 2571 489 καθήμενος
2598 416 2690 469 ἐπὶ
2722 416 2832 468 τῶν
2866 414 3165 487 χερουσὶμ,
3199 415 3517 487 σαλευθήτω
3549 417 3590 489 ἡ

2002 529 2093 581 γη·

389 600 440 651 5.
480 596 743 652 Dominus
776 596 831 649 in
864 592 997 649 Sion
1030 608 1260 665 magnus
1282 635 1295 658 ,

1293 639 1295 651 .
2070 602 2122 657 5,
2160 602 2362 670 Κύριος
2383 602 2441 654 ἑν
2463 600 2599 653 Σιὼν
2633 601 2823 672 μέγας.

388 689 440 744 4.
475 687 542 742 Ει
577 688 828 743 excelsus
856 700 1020 755 super
1045 700 1234 740 omnes
1265 684 1516 754 populos.

2070 692 2119 744 4.
2151 694 2260 747 Καὶ
2286 692 2486 762 ὑψηλός
2520 693 2668 745 ἑστιν
2703 693 2796 744 ἑπὶ
2829 691 3040 755 πάντας
3071 692 3199 755 τοὺς
3226 692 3409 756 λαούς.

389 780 441 836 5.
480 780 853 836 Conliteantur
878 776 1118 849 [omnes]
1157 777 1365 831 nomini
1408 785 1501 831 tuo
1527 791 1726 847 magno
1756 792 1767 827 :

2070 784 2122 837 5.
2167 782 2789 852 Ἑξομολογησάσθωσαν
2820 781 3067 855 [πάντες]
3105 782 3184 854 τῷ
3227 784 3453 855 ὀνόματί
3488 802 3585 837 σου

1997 872 2073 941 τῷ
2108 873 2355 943 μεγάλῳ·

389 950 442 1004 6.
475 948 742 1016 Quoniam
775 947 1036 1011 terribile,
1061 957 1114 1001 et
1145 955 1394 1001 sanctum
1423 954 1503 1001 est
1534 965 1545 999 :

1534 965 1545 999 ⁵
2068 964 2120 1017 6.
2150 965 2270 1017 ’Ότι
2307 964 2535 1033 φοϐερὸν
2574 964 2669 1015 καὶ
2690 963 2842 1031 ἅγιόν
2874 961 3039 1017 ἑστι.’

388 1042 442 1095 7.
480 1040 545 1094 Et
578 1040 754 1094 honor
786 1039 932 1109 regis
955 1039 1224 1108 judicium
1255 1039 1452 1108 diligit.

2068 1052 2121 1104 7.
2155 1053 2263 1104 Καὶ
2289 1051 2423 1122 τιμὴ
2451 1052 2713 1121 βασιλέως
2740 1052 2918 1123 κρίσιν
2947 1053 3157 1123 ἀγαπᾷ.

389 1127 440 1181 8.
478 1125 558 1180 Τιι
588 1127 793 1197 parasti
822 1127 1158 1183 directiones
1186 1144 1201 1181 :

2068 1140 2119 1194 8.
2156 1141 2227 1194 Σὺ
2254 1141 2556 1213 ἡτοίμασας
2588 1140 2892 1211 εὐθύτητας
2912 1154 2924 1166 ·

388 1219 441 1273 9.
477 1216 752 1273 Judicium
784 1227 838 1272 et
860 1217 1131 1287 justitiam
1159 1234 1211 1271 In
1240 1217 1409 1273 Jacob
1436 1226 1492 1271 tu
1522 1217 1717 1273 fecisti.

2066 1233 2119 1287 9.
2147 1233 2344 1303 Κρίσιν
2374 1234 2465 1287 καὶ
2489 1233 2835 1303 δικαιοσύνην
2860 1234 2917 1285 ἑν
2959 1232 3156 1285 Ἰακὼϐ
3200 1234 3264 1287 σὺ
3296 1232 3584 1305 ἐποίησας.

391 1311 477 1364 10.
502 1309 748 1364 Exaltate
771 1308 1063 1364 Dominum
1091 1308 1261 1363 Deum
1299 1318 1544 1364 nostrum
1571 1325 1586 1363 :

2069 1322 2154 1377 10.
2200 1324 2426 1394 Ὑψοῦτε
2463 1326 2668 1397 Κύριον
2694 1326 2785 1378 τὸν
2813 1326 2944 1379 Θεὸν
2969 1326 3154 1396 ἡμῶν·

391 1402 476 1455 11.
509 1400 575 1455 Et
599 1402 823 1483 adorate
848 1402 1148 1456 scabellum
1177 1401 1374 1471 pedum
1397 1400 1516 1471 ejus
1542 1422 1554 1456 :

2069 1414 2155 1467 11.
2178 1417 2286 1468 Καὶ
2313 1420 2667 1489 προσκυνεῖτε
2683 1417 2762 1489 τῷ
2780 1418 3057 1490 ὑποποδίῳ
3074 1418 3180 1471 τῶν
3202 1418 3375 1472 ποδῶν
3392 1417 3582 1472 αὐτοῦ’

390 1493 476 1547 12.
508 1490 781 1558 Quoniam
808 1501 1033 1547 sanctus
1054 1499 1156 1547 est.

1131 1530 1156 1545 ..
2069 1505 2156 1559 12.
2190 1507 2311 1560 Ὅτι
2342 1508 2497 1576 ἅγιός
2526 1511 2661 1563 ἐστι.

389 1586 475 1638 15.
507 1584 744 1655 Moyses,
770 1594 823 1638 et
845 1584 1030 1637 Aaron
1061 1586 1112 1637 in
1140 1584 1515 1639 sacerdotibus
1544 1584 1663 1653 ejus
1684 1626 1699 1650 ,

2070 1596 2153 1651 15.
2190 1600 2451 1665 Μωῦσῆς,
2484 1600 2579 1652 καὶ
2624 1598 2831 1671 Ἀαρὼν
2858 1601 2916 1654 ἑν
2948 1603 3058 1663 τοῖς
3092 1601 3327 1672 ἱερεῦσιν
3349 1601 3513 1655 αὑτοῦ
3537 1641 3554 1666 ,

388 1673 476 1727 14.
513 1673 581 1728 Ει
634 1673 856 1729 Samuel
907 1675 1203 1751 inter.eos,
1259 1679 1351 1744 qui
1396 1676 1653 1731 invocant
1694 1692 1893 1733 nomen

2074 1687 2159 1740 M.
2194 1690 2303 1741 Και
2332 1690 2585 1761 Σαμουὴλ
2613 1693 2669 1744 ἐν
2694 1694 2805 1754 τοῖς
2837 1692 3287 1763 ἐπικαλουμένοις
3323 1695 3384 1747 τὸ
3413 1688 3588 1763 ὄνομα

317 1766 465 1835 ejus,

1932 1771 1973 1824 Β
2003 1780 2189 1845 αὐτοῦ,

388 1857 834 1914 15.1ιινοοαι)ειῐιι
892 1858 1218 1927 Dominum,
1280 1869 1335 1914 et
1390 1860 1513 1930 ipso
1559 1863 1889 1918 exaudiebat

2075 1874 2162 1927 15.
2209 1874 2602 1929 Ἐπεκαλοῦντο
2627 1878 2716 1931 τὸν
2742 1877 2967 1948 Κύριον,
2995 1879 3088 1932 καὶ
3116 1880 3275 1943 αὐτὸς
3304 1883 3593 1953 εἰσήκουεν

316 1969 431 2009 eos.
2002 1963 2204 2017 αὐτῶν.

390 2044 476 2098 16.
507 2044 562 2098 In
589 2044 842 2099 columna
868 2045 1030 2101 nubis
1053 2046 1379 2116 loquebatur
1406 2048 1474 2103 ad
1512 2063 1631 2106 eos.

2074 2054 2160 2107 16.
2201 2056 2288 2107 Ἐν
2311 2056 2487 2127 στύλῳ
2511 2058 2741 2129 νεφέλης
2771 2058 2952 2113 ἐλάλει
2990 2062 3127 2131 πρὸς
3150 2063 3369 2126 αὐτούς.

390 2136 474 2189 17.
512 2135 782 2203 Quoniam
812 2138 1190 2193 custodiebant
1213 2140 1524 2194 testimonia
1558 2142 1678 2211 ejus
1698 2182 1713 2207 ,

2074 2146 2160 2201 17.
2194 2146 2316 2200 Ὀτι
2342 2148 2645 2216 ἐφύλασσον
2669 2151 2735 2204 τὰ
2761 2153 3038 2224 μαρτύρια
3061 2155 3228 2209 αὑτοῦ
3250 2194 3265 2219 ,

1433 2353 1811 2411 ATHANASII
1857 2358 2447 2424 INTERPRETATIO.

317 2552 603 2653 lic—crwjp‘tﬁ
651 2553 801 2653 χειρὶ
972 2551 1087 2653 Titii
1130 2551 1225 2653 τού
1259 2550 1585 2653 θεοὶ-Εἶτα
1618 2556 2027 2653 ἀγεπίγραφος
2086 2568 2222 2635 παρ’
2261 2569 2577 2639 Ἑϐραίοις·
2614 2574 2987 2646 ἀπρόσδεκτος
3013 2575 3091 2647 (1)
3125 2577 3234 2651 γάρ
3268 2578 3423 2634 ἑστιν
3460 2582 3596 2653 παρ’

332 2646 607 2718 Ἑϐραίοις
654 2647 682 2698 6
713 2646 1035 2716 ἐγκείμενος
1065 2647 1124 2698 ἐν
1155 2644 1231 2715 τῷ
1263 2646 1486 2717 ψαλμῷ,
1516 2648 1794 2705 τουτέστιν
1818 2655 1845 2706 6
1879 2654 2005 2721 Υἱὸς
2034 2659 2129 2713 τοῦ
2164 2660 2320 2714 Θεοῦ.

318 2737 529 2882 ιιίθὶιιάθ
558 2738 671 2791 sine
704 2737 860 2791 titulo
897 2736 1040 2805 apud
1074 2735 1325 2791 Hebraeos
1359 2754 1378 2791 :
1408 2748 1671 2809 exceptus
1692 2744 1839 2799 enim
1865 2762 1975 2803 non
2004 2762 2090 2806 est
2128 2752 2197 2808 ab
2230 2751 2495 2823 Hebraeis,
2526 2757 2621 2826 qui
2659 2756 2715 2811 in
2744 2758 2961 2828 psalmo
2992 2758 3327 2825 continetur,
3360 2762 3469 2818 hoc
3507 2772 3598 2817 est

366 2834 413 2882 ei
442 2829 632 2882 Filius.

366 2834 413 2885 ei
442 2829 632 2885 Filius.

390 2967 443 3020 2.
480 2966 586 3032 ριιὶ
621 2966 765 3020 sedes
791 2982 947 3036 super
980 2966 1262 3022 Cnerubim
1283 3008 1297 3033 ,
1331 2968 1384 3022 in
1414 2972 1783 3041 cognitionem
1814 2988 1907 3030 veb

2076 2960 2130 3015 2.
2186 2962 2249 3015 '0
2303 2968 2648 3034 καθήμενος
2689 2965 2789 3019 ἐπὶ
2839 2964 2959 3019 τῶν
2996 2968 3301 3037 χερουσὶμ,
3370 2970 3451 3031 είς
3513 2969 3596 3042 (2)

320 3057 473 3111 niant
503 3066 710 3128 gentes.

2006 3051 2302 3121 ἐπίγνωσιν
2328 3057 2458 3130 ἔλθῃ
2484 3057 2554 3112 τὰ
2585 3057 2734 3128 ἔθνη.

391 3149 443 3201 5.
482 3149 538 3202 In
570 3148 859 3203 animabus
886 3148 1199 3205 sitientibus
1221 3165 1346 3205 eum
1380 3166 1613 3222 magnus
1638 3161 1743 3209 est.
1771 3152 1901 3210 Sion

2075 3147 2127 3200 5.
2173 3147 2258 3201 Ἐν
2279 3152 2396 3213 ταῖς
2417 3151 2613 3222 ψυχαῖς
2636 3156 2751 3214 ταῖς
2773 3149 3031 3218 διψώσαις
3048 3153 3209 3207 αὐτὸν
3229 3153 3401 3224 μέγας
3426 3154 3597 3211 ἐστίν.

319 3241 463 3295 enim
493 3240 882 3309 interpretatur
906 3240 1113 3295 sitiens.

2005 3236 2160 3291 Σιὼν
2185 3239 2292 3310 γὰρ
2321 3240 2562 3309 διψῶσα
2590 3240 2974 3312 ἑρμηνεύεται.

389 3331 443 3387 4.
485 3330 835 3386 Gloriﬂcatus
869 3330 924 3385 in
960 3330 1233 3402 gentibus.

2076 3327 2133 3383 4.
2163 3329 2559 3401 Δεδοξασμένος
2580 3334 2638 3383 ἑν
2670 3334 2783 3395 τοῖς
2812 3331 3013 3386 ἔθνεσι.

391 3422 441 3475 5.
478 3420 709 3477 Peccata
740 3437 859 3475 sua.

2080 3420 2129 3474 5.
2165 3422 2277 3485 Τὰς
2313 3424 2589 3495 ἁμαρτίας
2614 3425 2814 3479 αὐτῶν.

391 3516 443 3568 6.
476 3512 751 3580 Quoniam
784 3513 1125 3581 ltonorabile,
1162 3523 1215 3569 et
1244 3514 1558 3571 immortale
1582 3526 1687 3571 est.

1617 3526 1687 3571 st.
2074 3512 2127 3564 6.
2159 3512 2279 3565 Ὅτι
2312 3513 2529 3585 ἔντιμον
2564 3516 2659 3567 καὶ
2695 3514 2969 3570 ἀθάνατόν
3008 3518 3145 3570 ἑστι.

392 3607 446 3661 7.
480 3606 545 3659 Et
576 3605 747 3676 gloria
772 3604 897 3659 Filii
924 3604 1020 3660 Dei
1049 3622 1240 3660 verum
1277 3606 1474 3676 diligit.

2081 3602 2131 3657 7.
2165 3604 2274 3656 Kal.
2300 3606 2333 3675 ή
2367 3604 2493 3672 δόξα
2515 3606 2609 3659 τοῦ
2635 3606 2765 3659 Υίοῦ
2791 3606 3046 3659 τοῦνΘεοῦ
3068 3606 3128 3659 τὸ
3153 3605 3354 3677 ἀληθὲς
3380 3606 3596 3677 ἀγαπᾷ.

394 3698 445 3754 8.
479 3698 731 3753 Mandata
760 3706 853 3753 tua
892 3707 1019 3753 ante
1048 3698 1497 3754 constitutionem
1524 3700 1736 3754 mundi.

2079 3693 2131 3747 8.
2164 3695 2273 3758 Τὰς
2310 3696 2527 3760 ἑντολάς
2551 3715 2644 3750 σου
2677 3698 2753 3767 (5)
2781 3698 2889 3769 πρὸ
2918 3697 3227 3768 καταϐολῆς
3255 3697 3484 3767 κόσμου.

394 3792 448 3845 9.
479 3788 699 3861 Legem,
740 3800 794 3845 et
832 3789 1128 3860 prophetas
1158 3792 1211 3844 in
1242 3790 1446 3859 ponulo
1482 3789 1801 3849 Iudaeorum
1846 3799 1905 3844 tu

2079 3789 2131 3843 9.
2164 3789 2268 3841 Τὸν
2283 3790 2445 3854 νόμον
2476 3792 2569 3843 καὶ
2586 3790 2660 3862 (4)
2677 3793 2963 3862 προφήτας
2990 3792 3049 3843 ἑν
3076 3790 3153 3861 τῷ
3175 3790 3289 3861 λαῷ
3312 3791 3425 3845 τῶν
3468 3792 3601 3846 Ἰου-

324 3884 546 3939 dedisti.

2011 3880 2176 3934 δαίων
2205 3883 2269 3935 σὺ
2302 3882 2532 3946 ἔδωκας.

398 3977 485 4031 10.
514 3975 847 4032 Gloriiicate.

2084 3974 2171 4029 10.
2202 3974 2473 4041 Δοξάσατε

397 4068 486 4135 11,
519 4069 605 4123 12.
641 4066 871 4123 Crucem
899 4066 1041 4136 ejus.

2082 4066 2171 4133 11,
2203 4067 2289 4121 12.
2321 4067 2412 4139 Τῷ
2450 4068 2669 4140 σταυρῴ
2701 4069 2888 4125 αὐτοῦ.

396 4162 482 4215 15.
516 4160 573 4215 F1
596 4160 728 4215 leles
774 4158 943 4214 veluti
986 4157 1203 4228 Moyses
1256 4158 1311 4211 in
1364 4155 1797 4228 praedicatione,
1855 4167 1911 4212 et

2083 4157 2169 4211 15.
2200 4158 2264 4210 Οἱ
2300 4159 2483 4212 πιστοὶ
2535 4160 2609 4223 ὠς
2658 4161 2898 4231 Μωῦσῆς
2951 4162 3031 4223 είς
3059 4160 3121 4213 τὸ
3154 4161 3438 4233 κήρυγμα,
3503 4160 3601 4212 καὶ

325 4252 505 4307 omnis
529 4249 793 4305 Ecclesia.
818 4249 1003 4302 Aaron
1025 4248 1173 4302 enim
1201 4248 1594 4317 interpretatur
1621 4263 1771 4301 mons
1798 4247 1847 4301 vi

2070 4250 2225 4320 ἰσαή
2270 4249 2582 4321 Ἐκκλησία.
2632 4249 2851 4319 Ἀαρὼν
2900 4250 3009 4321 γὰρ
3056 4252 3418 4321 ἑρμηνεύεται
3459 4249 3600 4319 ὄρος

327 4346 476 4409 tutis,
507 4341 687 4413 qualis
721 4350 805 4396 est
834 4339 1079 4396 Ecclesia
1104 4339 1373 4394 ﬁdelium.

1936 4322 1981 4377 D
2010 4337 2340 4407 δυνάμεως,
2371 4340 2507 4409 ὅπερ
2532 4342 2677 4393 ἐστὶν
2702 4343 2735 4411 ἡ
2775 4342 3074 4411 Ἐκκλησία
3092 4342 3201 4394 τῶν
3240 4340 3463 4394 πιστῶν.

398 4435 483 4489 14.
517 4433 756 4505 Populus
786 4432 994 4487 habens
1030 4446 1231 4485 nomen
1282 4430 1415 4496 Dei,
1466 4430 1571 4485 hoc
1618 4438 1703 4485 est
1749 4429 1909 4485 Chri-

2088 4428 2173 4482 M.
2214 4430 2273 4482 '0
2302 4430 2429 4493 λαὸς
2453 4432 2480 4483 ὁ
2507 4430 2646 4501 ἔχων
2666 4432 2727 4484 τὸ
2747 4431 2919 4503 ὄνομα
2941 4432 3019 4503 (6)
3043 4431 3139 4484 τοῦ
3166 4431 3325 4493 Θεοῦ.
3351 4431 3603 4485 τουτέστι

327 4530 555 4584 stianus.
614 4525 750 4581 Nam
813 4524 1028 4581 Samuel
1081 4524 1474 4594 interpretatur
1538 4538 1727 4576 nomen
1792 4521 1857 4591 ej:

2072 4523 2357 4592 ριπιανὸς.
2400 4522 2687 4592 Σαμουὴλ
2726 4523 2835 4594 γὰρ
2867 4523 3230 4595 ἑρμηνεύεται
3264 4523 3453 4593 ὄνομα
3489 4524 3602 4576 αὑ·

326 4618 488 4671 Deus.

2017 4611 2123 4666 τοῦ
2156 4617 2189 4668 d
2209 4614 2370 4680 Θεός.

398 4710 486 4764 15.
519 4707 772 4763 Fideles.-

2092 4707 2179 4760 15.
2206 4710 2269 4759 Ul
2300 4706 2479 4759 πιστοί
2505 4704 2601 4776 (Ἰ).

398 4800 487 4854 16.
517 4798 574 4853 In
604 4798 866 4867 apostolis
886 4836 901 4863 ,
930 4812 1025 4867 qui
1056 4811 1122 4852 ex
1151 4797 1439 4867 propnetis
1479 4806 1670 4860 erant,
1709 4795 1910 4865 praedi-

2089 4797 2175 4851 16.
2222 4796 2309 4849 Ἐν
2334 4800 2445 4860 τοῖς
2469 4794 2786 4860 ἀποστόλοις
2810 4800 2922 4859 τοῖς
2958 4795 3034 4866 (8)
3067 4797 3130 4849 ἑκ
3162 4795 3272 4851 τῶν
3305 4795 3606 4869 προφητῶν

328 4893 471 4948 cavit
490 4892 594 4945 eis.

2019 4893 2118 4962 εκή
2129 4893 2284 4963 ρυξεν
2307 4892 2508 4953 αὐτοῖς.

400 4976 488 5030 17.
513 4975 780 5042 Quoniam
818 4974 1165 5043 crediderunt
1193 4975 1245 5030 in
1273 4974 1555 5032 doctrinas
1602 4973 1723 5044 ejus
1745 5014 1787 5042 ,ι

2092 4985 2180 5039 17.
2214 4985 2336 5036 Ὀτι
2371 4983 2700 5037 ἐπίστευσαν
2728 4981 2806 5053 (9)
2834 4984 2892 5035 ἑν
2925 4983 3041 5044 τοῖς
3071 4981 3389 5053 μαθήμασιν
3414 4978 3604 5036 αὑτοῦ.

1279 5207 1589 5271 Addenda
1623 5215 1684 5269 et
1715 5206 2095 5286 corrigenda
2125 5222 2204 5267 ex
2233 5204 2372 5267 eod.
2410 5204 2614 5266 Vatic.

425 5415 784 5488 1,)Τουτέστιν
822 5414 1185 5486 ἀπρόσδεκτος
1226 5415 1354 5486 παρ’
1396 5410 1668 5483 Ἑϐραίοις
1718 5412 1777 5463 ἑν
1823 5411 1901 5482 τῷ
2197 5412 2471 5488 deificum
2493 5413 2676 5466 αὐτόν.

327 5483 826 5566 ψαλμῷ-ἒαισιλεύνς,
862 5483 968 5541 etc.
1309 5483 1320 5486 ⁷

1309 5483 1320 5486 ⁷
2086 5486 2160 5566 (εί)
2197 5483 2524 5566 Ὡνάματοξκ
2583 5554 2608 5564 -

400 5505 435 5539 πΑ
556 5505 826 5556 βασιλευς,
862 5505 968 5541 etc.

400 5505 644 5627 (59mm
680 5556 903 5625 γνῶσιν.

2086 5505 2160 5555 ιο)
2213 5505 2486 5553 υνοματα.

2089 5555 2163 5627 (ἶ)
2192 5556 2256 5627 gl
2282 5555 2470 5627 πιστοὶ
2504 5554 2773 5625 ὑπῆρχον.

400 5624 473 5699 (ξ)
504 5628 643 5680 κου.
696 5624 724 5699 ι

2094 5624 2171 5699 L8)
2198 5624 2328 5699 Ῑοίς
2353 5624 2523 5677 deest.

400 5691 475 5769 (Ξ)
504 5698 610 5751 Καὶ
636 5696 781 5760 τούς,
812 5705 915 5752 etc.
2086 5693 2161 5765 (9)
2198 5693 2531 5763 Ἐπίστευον,
2571 5702 2702 5760 etc.,
2733 5691 3068 5765 παθήμασιν.
