3874 6222
272 315 415 370 1073
1190 308 1277 364 DE
1321 311 1598 367 mnus
1636 310 2091 369 PSALMORUM.
2132 345 2200 354 —
2232 312 2428 368 psac.
2466 310 2645 366 κους.
2778 292 2785 297 ’
3394 292 3534 358 ιδῃ

345 427 431 479 18.
468 425 579 477 Καὶ
612 422 680 476 τὰ
719 423 1114 494 προστάγματα
1140 422 1326 488 αὐτοῦ,
1358 424 1394 476 ἃ
1424 423 1624 477 ἔδωκεν
1655 425 1855 488 αὐτοῖς.

1620 443 1624 466 ι
1655 425 1855 488 αὐτοῖς.
1890 436 1931 491 Α
2035 422 2121 477 18.
2159 422 2225 477 Et
2249 434 2513 493 praecepta
2538 423 2681 492 ejus.
2705 433 2827 489 quae
2854 416 3002 473 dedit
3024 417 3150 472 illis.

341 516 427 570 19.
455 513 626 585 Κύριε
658 513 686 564 ὁ
714 512 843 575 Θεὸς
870 512 1047 583 ἡμῶν,
1081 513 1143 565 σὺ
1177 514 1445 584 ὲπήκουες
1477 514 1654 567 αὐτῶν
1676 532 1687 543 ·

2031 515 2117 569 19.
2152 515 2378 569 Domine
2416 515 2559 569 Deus
2587 520 2790 577 noster,
2817 519 2875 565 tu
2897 509 3230 566 exaudiebas
3263 523 3394 566 eos:

349 607 440 660 20.
478 606 537 657 '0
560 603 713 669 Θεὸς,
740 605 803 656 σὺ
829 602 1073 666 εὐῖλατος
1101 603 1278 671 ὲγίνου
1310 605 1517 670 αὐτοῖς,

1471 622 1517 670 ς,
2028 606 2118 660 20.
2148 605 2290 662 Deus
2327 615 2380 660 tu
2417 605 2686 676 propitius
2720 602 2871 659 fuisti
2892 603 3001 669 eis,

340 700 431 753 21.
452 695 563 751 Καὶ
585 696 815 750 ἐκδικῶν
836 696 930 748 ἐπὶ
950 696 1124 749 πάντα
1143 695 1211 749 τὰ
1231 695 1637 767 ἐπιτηδεύματα
1659 696 1856 751 αὐτῶν.

2030 698 2122 755 21.
2152 698 2220 753 Ει
2251 700 2525 755 ulciscens
2561 698 2616 753 in
2653 712 2848 753 omnes
2876 694 3289 751 adinventiones
3321 709 3531 751 eorum.

348 791 440 843 22.
485 788 713 858 ’Υψοῢτε
744 787 950 860 Κύριον
973 788 1064 840 τὸν
1096 788 1228 840 Θεὸν
1257 790 1289 857 ἡ
1300 788 1415 858 μῶν
1436 804 1451 818 ⁸

2030 790 2121 843 22.
2151 791 2397 845 Exaltate
2430 791 2719 845 Dominum
2743 789 2911 842 Deum
2935 796 3187 841 nostrum
3217 806 3231 839 :

344 882 434 936 25.
468 882 580 935 Καὶ
608 883 963 961 προσκυνεῖτε
995 882 1074 944 εἰς
1100 880 1224 951 ὅρος
1253 879 1404 948 ἆγιον
1425 878 1620 933 αὑτοῦ·

2030 881 2120 935 23.
2151 882 2217 936 Et
2250 882 2471 936 adorate
2502 881 2556 934 in
2582 890 2767 935 monte
2793 883 2985 933 sancto
3028 876 3184 947 ejus:

347 974 440 1027 21.
470 974 594 1026 ’Ότι
622 974 775 1042 ἆγιος
808 972 1013 1043 Κύριος
1040 974 1068 1025 ὁ
1095 972 1227 1035 Θεὸς
1264 972 1445 1043 ἡμῶν.

2032 973 2125 1028 24.
2153 972 2420 1040 Quoniam
2451 980 2673 1028 sanctus
2700 971 2964 1026 Dominus
3002 968 3146 1025 Deus
3192 975 3398 1023 noster.

276 1108 527 1178 Ψαλμός
580 1107 660 1173 τῷ
698 1106 873 1162 Δαϐὶδ
902 1108 991 1171 εἰς
1034 1106 1493 1178 ἐξομολόγησιν.
1538 1109 1712 1164 ΨΑΛ.
1739 1111 1806 1176 ιιε

2070 1104 2319 1159 Psalmus
2354 1102 2529 1158 David
2560 1104 2615 1157 in
2640 1101 2979 1171 confessione.
3003 1099 3204 1156 PSAL.
3222 1097 3432 1156 XCIX.

352 1245 405 1297 1.
445 1243 770 1309 Ἀλαλάξατε
803 1242 882 1314 τῷ
905 1243 1044 1315 Θεῷ,
1073 1245 1220 1298 πᾶσα
1249 1246 1280 1315 ἡ
1314 1244 1387 1315 γῆ
1406 1262 1420 1276 ⁸

2034 1241 2086 1294 1.
2129 1238 2365 1295 Jubilate
2399 1238 2533 1302 Deo,
2573 1237 2753 1293 omnis
2790 1244 2935 1291 terra
2968 1253 2983 1290 :

347 1337 401 1388 2.
434 1334 766 1388 Δουλεύσατε
796 1333 873 1405 τῷ
898 1335 1089 1407 Κυρίῳ
1121 1338 1180 1389 ὲν
1204 1335 1533 1408 εὐφροσύνῃ.

1425 1335 1533 1408 ὃνῃ.
2031 1331 2087 1388 2.
2132 1330 2341 1387 Servite
2382 1330 2613 1385 Domino
2651 1329 2706 1383 in
2746 1327 2955 1383 laetitia.

352 1428 406 1479 5.
440 1425 723 1479 Εὶσέλθετε
750 1425 976 1479 ἐνώπιον
1010 1426 1171 1480 αὑτοῦ
1206 1430 1263 1481 ὲν
1291 1423 1628 1498 ἀγαλλιάσει.

2033 1424 2084 1478 '5.
2129 1423 2357 1478 lntroite
2386 1423 2440 1477 in
2474 1428 2771 1491 conspectu
2809 1417 2929 1489 ejus
2964 1418 3020 1472 in
3057 1416 3435 1474 exsultatione.

349 1519 403 1571 4.
440 1519 636 1584 Γνῶτε,
671 1519 752 1572 ὅτι
784 1518 987 1589 Κύριος
1017 1518 1178 1583 αὐτός
1203 1522 1350 1575 ἐστιν
1372 1522 1400 1573 ό
1426 1521 1557 1586 Θεὸς
1592 1522 1747 1593 ἡμῶν
1773 1540 1787 1553 ο

2033 1517 2087 1571 4.
2133 1516 2371 1583 Scitote,
2438 1516 2699 1585 quoniam
2762 1514 3028 1570 Dominus
3080 1512 3202 1582 ipse
3254 1517 3337 1565 est
3404 1508 3545 1565 Deus:

1962 1616 2172 1662 noster.

357 1697 409 1751 5.
442 1696 613 1760 Αὐτὸς
641 1697 897 1768 ἐποίησεν
926 1698 1097 1768 ἡμᾶς,
1131 1697 1226 1751 καὶ
1254 1700 1350 1769 οὐχ
1384 1700 1542 1770 ἡμεῖς
1563 1717 1577 1731 υ

1563 1717 1577 1731 ο
2035 1699 2088 1753 5.
2127 1697 2247 1767 lpse
2279 1695 2409 1751 fecit
2444 1712 2566 1761 nos,
2589 1705 2643 1751 et
2672 1711 2780 1750 non
2812 1695 2913 1765 ipsi
2945 1710 3048 1749 nos
3077 1711 3092 1749 :

356 1790 411 1843 6.
442 1790 629 1860 Ἡμεῖς
654 1789 711 1843 δὲ
732 1789 861 1854 λαὸς
877 1790 1065 1859 αὐτοῦ,
1087 1791 1184 1846 καὶ
1213 1790 1463 1862 πρόϐατα
1488 1791 1657 1863 νομῆς
1678 1791 1863 1847 αὐτοῦ.

2037 1790 2091 1845 6.
2127 1788 2238 1844 Nos
2293 1796 2474 1843 autem
2530 1788 2763 1858 populus
2813 1786 2969 1856 ejus,
3031 1793 3085 1841 et
3146 1798 3277 1840 oves
3334 1794 3548 1853 pascuae

768 1907 782 1916 .
1965 1897 2104 1951 ejus.

352 1964 406 2015 7.
434 1962 714 2017 Εξσέλθετε
748 1965 829 2029 εἰς
849 1964 948 2029 τὰς
981 1966 1157 2029 πύλας
1187 1964 1352 2019 αὐτοῦ
1381 1968 1438 2019 ὲν
1463 1965 1865 2040 ἐξομολογήσειο

1675 1970 1865 2040 ιγήσειο
2038 1974 2089 2027 7.
2132 1971 2357 2028 lntroite
2389 1981 2573 2041 portas
2594 1970 2715 2041 ejus
2746 1970 2799 2024 in
2829 1967 3205 2035 confessione,

359 2055 417 2111 8.
452 2054 542 2119 Ei;
574 2054 674 2119 τὰς
703 2056 873 2120 αὐλὰς
906 2056 1073 2110 αὑτοῦ
1105 2058 1163 2110 ὲν
1197 2055 1409 2128 ὕμνοις.

1246 2074 1409 2126 ανοις.
2035 2063 2089 2117 8.
2133 2062 2285 2116 Atria
2309 2063 2431 2131 ejus
2460 2061 2515 2115 in
2539 2061 2776 2130 hymnis.

357 2147 412 2201 9.
453 2148 888 2220 Ἐξομολογεῖσθε
918 2149 1089 2221 αὐτῷ,
1133 2150 1336 2203 αἰνεῖτε
1375 2150 1438 2203 τὸ
1462 2150 1633 2222 ὄνομα
1663 2152 1826 2206 αὑτοῦ
1848 2171 1861 2183 ·

1742 2152 1826 2206 τοῦ
1848 2171 1861 2183 ·
2043 2153 2098 2207 9.
2135 2151 2481 2209 Confitemini
2510 2152 2609 2217 illi,
2638 2151 2855 2206 laudate
2883 2164 3082 2205 nomen
3115 2148 3272 2219 ejus:

366 2239 450 2295 ll).
483 2242 603 2295 Ὀτι
635 2241 870 2314 χρηστὸς
900 2242 1122 2315 Κύριος.

2048 2247 2135 2302 10.
2175 2244 2446 2312 Quoniam
2480 2245 2666 2303 suavis
2702 2255 2786 2301 est
2823 2242 3108 2298 Dominus.

365 2334 449 2387 11.
480 2333 575 2399 Εἰς
608 2334 699 2388 τὸν
727 2335 899 2390 αἰῶνα
928 2336 988 2389 τὸ
1018 2334 1217 2410 [αἰῶνα
1250 2336 1343 2391 τοῦ
1375 2335 1570 2401 αἰῶνος
1606 2336 1688 2410 τὸ]
1722 2336 1870 2402 ἔλεος

2050 2339 2137 2393 11.
2171 2337 2232 2393 1η
2259 2347 2525 2394 mternum
2563 2336 2643 2411 [in
2685 2336 2943 2394 saeculum
2986 2330 3198 2406 saeculi]
3238 2327 3550 2387 misericor-

275 2419 450 2475 αὐτοῦ
473 2439 487 2453 ο

1982 2429 2069 2484 dia
2091 2429 2211 2499 ejus
2238 2446 2268 2485 :.

1417 2600 1799 2659 ATHANASII
1836 2601 2423 2665 INTERPRETATIO.

364 2756 452 2809 18.
487 2756 598 2819 Τὰς
643 2758 966 2828 παραδόσεις
994 2756 1089 2811 τοῦ
1138 2756 1439 2829 μυστηρίου
1478 2756 1573 2810 τοῦ
1615 2756 1871 2812 θανάτου.

1505 2756 1573 2810 ’οὖ
1615 2756 1871 2812 θανάτου.
1903 2761 1947 2820 c
2051 2760 2137 2817 18.
2167 2760 2513 2816 Traditiones
2547 2760 2792 2833 mysterii
2822 2760 3035 2818 mortis.

364 2849 449 2902 19.
481 2848 553 2900 Σὺ
582 2847 659 2918 (1)
691 2849 958 2921 ὲπλήρους
986 2849 1053 2903 τὰ
1081 2849 1363 2920 αἰτήματα
1387 2848 1593 2905 αὐτῶν.

2050 2854 2136 2908 19.
2169 2854 2251 2909 Tu
2286 2853 2622 2924 adimplebas
2644 2853 2934 2925 petitiones
2964 2867 3174 2909 eorum.

361 2939 453 2993 20.
487 2939 587 2993 Διὰ
611 2938 706 2993 τοῦ
737 2940 917 3011 τιμίου
954 2958 1047 2994 σου
1077 2940 1328 3011 σώματος
1356 2941 1450 2994 καὶ
1480 2940 1729 3011 αἵματος,

2047 2946 2140 3001 20.
2176 2946 2278 3001 Per
2308 2946 2607 3016 pretiosum
2649 2954 2804 3001 tuum
2850 2960 3070 3015 corpus,
3118 2953 3175 3000 et
3206 2944 3550 3016 sanguinem.

361 3034 423 3085 21
440 3033 566 3085 Καὶ
582 3032 832 3103 πολεμῶν
849 3035 942 3087 καὶ
960 3051 1089 3087 συντ
1102 3033 1265 3105 ρίὸων
1281 3035 1407 3099 τοὺς
1424 3034 1651 3106 ἐχθροὺς
1666 3034 1868 3089 αὐτῶν.

2046 3038 2141 3092 21.
2172 3039 2238 3093 Ει
2264 3039 2616 3110 impugnans,
2646 3048 2702 3094 et
2733 3048 3025 3095 conterens
3052 3052 3242 3094 eorum
3284 3036 3552 3110 inimicos.

360 3124 451 3177 22.
484 3123 754 3191 Δοξάσατε
787 3125 970 3180 αὐτόν.

2048 3129 2140 3184 22.
2175 3129 2485 3185 Glorilicate
2521 3145 2666 3185 eum.

363 3216 457 3271 25.
496 3218 583 3271 Ἐν
610 3220 675 3289 τῇ
706 3217 818 3271 ἄνω
857 3218 1230 3290 Ἰερουσαλήμ.

2049 3220 2138 3275 25.
2173 3221 2233 3275 In
2260 3236 2497 3291 superna
2523 3218 2844 3276 Jerusalem.

364 3308 455 3362 24.
484 3310 639 3365 Κατὰ
674 3310 835 3381 φύσιν
867 3310 1026 3382 μόνος
1054 3312 1239 3375 αὑτός.

2051 3311 2141 3367 2-1.
2177 3311 2494 3367 Secundum
2528 3319 2783 3365 naturam
2814 3311 2966 3367 solus
2996 3310 3130 3381 ipse.

380 3490 441 3542 'H
476 3488 812 3560 προκειμένη
840 3490 1119 3562 ἐπιγραφὴ
1149 3489 1395 3562 περιέχει
1419 3490 1533 3563 (2)·
1562 3491 1812 3562 Ψαλμὸς
1851 3491 2085 3557 πάντας
2108 3492 2197 3558 εὶς
2233 3490 2464 3556 πίστιν,
2496 3491 2596 3546 καὶ
2628 3489 3095 3561 ἐξομολόγησικι

372 3603 591 3659 Titulus
624 3604 953 3674 praepositus
986 3605 1231 3661 continet
1260 3623 1273 3658 :
1303 3605 1559 3662 Psalmus
1591 3623 1769 3661 omnes
1814 3606 1883 3660 ad
1920 3607 2101 3677 ﬁdem,
2129 3615 2179 3661 et
2209 3607 2614 3677 confessionem.

371 3762 420 3815 1.
455 3759 692 3831 Δεήθητε
720 3758 814 3813 τοῦ
838 3758 972 3814 Θεοῦ
1004 3760 1141 3833 μετὰ
1167 3761 1438 3833 δακρύων.

1430 3802 1438 3815 .
2057 3763 2109 3818 1.
2137 3761 2300 3817 Orate
2322 3762 2494 3816 Deum
2528 3776 2652 3817 cum
2686 3758 2960 3831 lacrymis.

370 3852 423 3904 2.
462 3851 741 3920 ’Υπάγητε
766 3849 842 3923 (5)
875 3850 1024 3922 αὐτῷ
1058 3852 1197 3922 μετὰ
1222 3852 1553 3923 προθυμίας.

2055 3856 2111 3909 2.
2153 3853 2415 3923 Subjicite
2447 3868 2544 3908 vos
2577 3853 2654 3906 illi
2683 3868 2807 3908 cum
2837 3851 3139 3907 alacritate.

365 3944 419 3996 5.
455 3941 786 4013 ΙΙροσέλθετε
817 3942 894 4013 (4)
926 3942 1076 4014 αὐτῷ
1113 3943 1251 4014 μετὰ
1276 3945 1471 4015 χαρᾶς.

2055 3947 2109 4001 '5.
2137 3945 2391 4001 Accedite
2417 3944 2484 3999 ad
2518 3959 2640 3999 eum
2669 3958 2792 3998 cum
2816 3943 3031 4013 gaudio.

371 4036 423 4088 4.
453 4034 787 4087 Πιστεύσατε
811 4034 887 4105 (5)
920 4035 997 4105 τῷ
1026 4034 1409 4108 σταυρωθέντι,
1433 4036 1514 4089 ὅτι
1542 4037 1704 4101 αὑτός
1730 4037 1878 4089 ἐστιν

2055 4026 2357 4096 4.Credite
2415 4037 2716 4105 cruciﬁxo,
2778 4037 2922 4109 quod
2979 4038 3096 4109 ipse
3156 4044 3241 4092 est
3298 4032 3563 4091 Dominus

295 4132 329 4183 ὁ
366 4128 497 4191 Θεὸς
534 4128 710 4199 ἡμῶν.
819 4096 831 4105 ’
869 4096 879 4103 ’
968 4096 980 4105 ’
1166 4096 1178 4108 ’
1396 4096 1404 4100 ’
1682 4096 1698 4101 ⁷

667 4144 710 4181 ν.
1911 4096 1955 4150 D
1990 4142 2197 4191 noster.

368 4219 419 4275 5.
466 4220 637 4283 Αὐτὸς
667 4220 814 4290 ἡμᾶς
842 4219 1065 4291 ἐποίησε
1102 4220 1213 4293 (6),
1259 4222 1354 4276 καὶ
1399 4222 1520 4294 οὐχὶ
1550 4222 1610 4289 ἐξ
1637 4221 1795 4294 ἡμῶν
1820 4220 1883 4274 τὸ

2064 4226 2117 4280 5.
2152 4225 2271 4297 lpse
2296 4240 2398 4282 nos
2431 4222 2582 4292 fecit,
2608 4232 2664 4281 et
2698 4238 2810 4280 non
2846 4238 2915 4279 ex
2944 4221 3102 4278 nobis
3139 4234 3353 4287 sumus,
3379 4229 3440 4275 ut
3461 4219 3563 4273 ali-

297 4311 465 4377 εἷναι,
490 4312 565 4377 ὦς
592 4328 736 4377 τινες
763 4311 1032 4380 λέγουσιν.

780 4313 1032 4380 ιιέγουσιν.
1988 4319 2080 4392 qui
2102 4318 2310 4375 dicunt.

375 4405 427 4459 6.
465 4405 654 4476 Ἡμεῖς
682 4403 739 4457 δὲ
758 4403 887 4468 λαὸς
909 4404 1097 4473 αὐτοῦ,
1118 4405 1213 4458 καὶ
1240 4403 1489 4476 πρόϐατα
1520 4404 1621 4475 τῆς
1652 4403 1885 4475 ποίμνης

2063 4415 2118 4469 6.
2146 4413 2256 4472 Nos
2278 4422 2462 4471 autem
2491 4412 2724 4486 populus
2750 4413 2892 4485 ejus,
2921 4420 2975 4467 et
3002 4425 3130 4466 oves
3152 4409 3328 4482 gregis
3352 4408 3493 4481 ejus.

301 4517 492 4553 αυτου.

272 4592 280 4599 ’
380 4592 430 4646 7.
467 4593 546 4663 Τῇ
583 4591 658 4664 (7)
691 4591 897 4660 διανοίᾳ.
928 4587 1102 4660 ὑμῶν.

1025 4587 1102 4644 ὗν.
2064 4594 2116 4648 7.
2152 4592 2331 4649 Mente
2355 4602 2555 4648 vestra.

377 4688 429 4741 8.
466 4685 800 4754 Εἰσαγάγετε
841 4685 900 4735 ἐν
945 4685 1060 4745 τοῖς
1097 4682 1349 4754 οὐρανοῖς
1378 4680 1479 4746 τὰς
1520 4680 1682 4752 εὐχὰς
1709 4680 1887 4752 ὑμῶν.

1727 4680 1887 4752 ὃμῶν.
2065 4686 2123 4740 8.
2163 4685 2502 4740 lntroducile
2528 4685 2583 4739 in
2611 4684 2778 4740 caelos
2810 4697 2998 4753 preces
3024 4689 3257 4737 vestras.

376 4777 429 4830 9.
468 4775 944 4847 Ἐξομολογοῦντες
971 4774 1070 4837 τὰς
1098 4774 1374 4845 ἁμαρτίας
1400 4775 1577 4846 ὑμῶν,
1610 4775 1702 4828 καὶ
1728 4775 1890 4846 εὐχα-

2066 4778 2119 4832 9.
2145 4776 2507 4832 Confitentes‘
2551 4784 2771 4847 peccata
2830 4784 3042 4839 vestra,
3101 4782 3155 4829 et
3215 4771 3415 4843 gratias
3466 4772 3568 4841 ipsi

306 4867 617 4939 ριστοῦντες
647 4866 814 4937 αὐτῷ.

701 4866 814 4937 itif).
1994 4878 2231 4939 agentes.

380 4960 467 5023 10,
506 4960 591 5013 11.
623 4960 745 5012 Ὅτι
780 4956 983 5027 ἀγαθὸς
1024 4958 1227 5030 Κύριος
1249 4998 1264 5024 ,
1292 4958 1388 5012 καὶ
1418 4960 1497 5030 (8)
1534 4958 1891 5027 ἀτελεύτητον

2068 4959 2159 5023 10,
2189 4960 2279 5014 11.
2310 4958 2579 5026 Quoniam
2600 4960 2779 5016 bonus
2802 4956 3086 5021 Dominus,
3112 4963 3167 5010 et
3186 4962 3444 5011 aeternum
3472 4967 3568 5006 no-

304 5049 366 5103 τὸ
389 5049 558 5119 όνομα
584 5047 771 5102 αὐτοῦ.

757 5087 771 5102 .
1995 5065 2120 5105 men
2150 5049 2287 5119 ejus.

1264 5225 1570 5288 Addenda
1618 5232 1678 5287 et
1719 5224 2100 5303 corrigenda
2127 5240 2205 5285 ex
2237 5222 2378 5284 cod.
2413 5221 2612 5283 Vatic.

381 5412 454 5484 (1)
486 5411 709 5484 Κύριεᾼό
731 5412 861 5484 Θεὸς
894 5412 1071 5484 ἡμῶν,
1102 5413 1188 5483 σύ,
1212 5423 1315 5468 ctc.
1395 5483 1401 5484 γ
2063 5415 2138 5483 (5)
2174 5411 2579 5484 Ἐπιστεύσατε.

383 5481 484 5554 (2),
503 5481 685 5535 Ἠδιὰ
718 5482 818 5551 τῆς
848 5481 1218 5554 κινναϐάρεως
1252 5483 1512 5554 περιέχει·
1550 5484 1774 5554 Ψαλμὸς
1807 5486 1884 5546 εἰς
2069 5481 2145 5553 (6)
2172 5484 2463 5554 Ἑπλασεν,
2488 5483 2791 5553 plasmauit.

308 5548 1100 5651 ἐξομολόγδςηοιιᾌξροτρέπεται
1124 5553 1232 5625 γὰρ
1257 5548 1516 5625 όιξὲαλμὸς
1541 5548 1889 5619 πάνταςωω.
2005 5548 2455 5651 m(__'i)ﬁl‘j._7.LTfj
2469 5548 3155 5651 {eti-,-
3189 5551 3253 5619 8,
3289 5552 3345 5619 9,
3382 5548 3571 5625 ὁμωρ-

500 5621 888 5697 ᾉΥποτόιγητεξ
1137 5621 1145 5625 ⁷
1204 5621 1215 5624 “
1317 5621 1325 5624 ’
1418 5621 1427 5625 ⁷
2005 5621 2228 5697 γοῦντες
2258 5641 2307 5697 τ.
2337 5625 2388 5677 ἁ.
2424 5621 2502 5697 ὗν
2537 5621 3005 5697 εὐχαριὰτήσατε,.
3028 5632 3134 5679 etc.

388 5691 463 5762 (1)
499 5693 858 5763 Προσέλθατε.

2021 5691 2025 5692 ⁷
2077 5695 2149 5761 (8)
2182 5693 2288 5747 Καί
2323 5710 2431 5750 non
2464 5691 2691 5764 legitur.“
