3874 6222
313 310 453 365 1075
1159 317 1216 373 S.
1259 318 1628 378 ATHANASII
1669 324 1819 379 OPP.
1863 327 2041 383 PARS
2080 329 2167 386 111.
2209 361 2276 371 —-
2317 330 2725 389 EXEGETICA.
3426 335 3579 390 1076

384 458 468 513 12.
504 457 571 513 Ει
602 473 774 528 usque
816 459 869 512 in
911 461 1313 527 generationem
1336 505 1351 531 ,
1389 474 1443 519 et
1482 468 1883 536 generationem

2061 451 2147 504 12.
2179 450 2287 503 Καὶ
2319 451 2424 515 ἕως
2446 454 2637 520 γενεᾶς
2670 452 2761 504 καὶ
2792 452 2980 519 γενεᾶς
3002 450 3252 523 [γενεῶν]
3279 454 3311 523 ἡ
3340 453 3578 527 ἀλήθεια

314 547 741 620 [generationes]
775 550 974 603 veritas
1000 551 1139 619 ejus.
1984 536 2170 590 αυτοῦ.

687 640 943 695 Psalmus
975 641 1165 695 David.
1197 642 1399 700 PSAL.
1432 646 1473 701 C

2310 630 2555 699 Ψαλμός
2587 629 2665 695 τῷ
2692 632 2889 685 Δαϐίδ.
2930 634 3104 685 ΨΑΛ.
3141 636 3218 687 P'.

384 735 435 787 1.
472 733 897 789 Misericordiam
925 745 978 787 et
1006 734 1276 804 judicium
1321 739 1554 792 cantabo
1598 739 1728 805 tibi,
1782 739 1885 795 Do-

1782 739 1885 795 Do.
2056 735 2109 789 1.
2142 737 2332 789 Ἐλεον
2366 737 2459 789 καὶ
2496 738 2676 807 κρίσιν
2709 736 2910 807 ᾇσομαί
2940 755 3040 802 σοι,
3073 739 3269 809 Κύριε·

311 841 458 880 nune
482 844 495 878 ξ

380 920 434 971 2.
476 917 711 972 Psallam
764 927 817 972 et
874 916 1172 990 intelligam
1235 919 1291 973 in
1345 920 1431 974 via
1495 920 1880 986 immaculata,

2052 915 2105 968 2.
2132 916 2304 969 Ψαλῶ
2348 916 2443 970 καὶ
2484 918 2698 988 συνήσω
2727 920 2783 969 ἐν
2809 916 2914 985 ὀδῷ
2946 915 3194 986 ἀμώμῳ,
3244 916 3374 969 πότε
3413 917 3573 986 ἥξεις

310 1009 527 1079 quando
557 1009 742 1065 venies
764 1011 829 1065 ad
863 1026 970 1065 me.

706 1026 742 1065 :s
764 1011 829 1065 ad
863 1026 970 1065 me.
1984 1006 2122 1077 πρὸς
2150 1007 2236 1077 μέ.

381 1105 433 1157 '5.
470 1103 920 1157 Perambulabam
979 1102 1034 1156 in
1088 1102 1402 1158 innocentia
1451 1102 1635 1157 cordis
1677 1103 1785 1156 mei
1830 1102 1885 1156 in

2051 1100 2104 1151 5.
2139 1099 2545 1170 Διεπορευόμην
2580 1099 2637 1152 ὲν
2682 1100 2890 1170 ἀκακία
2919 1098 3145 1169 καρδίας
3188 1116 3287 1168 μου
3321 1100 3378 1150 ὲν
3415 1098 3573 1168 μέσῳ

310 1192 492 1246 medio
523 1191 723 1246 domus
753 1208 908 1249 meae.

1983 1190 2076 1243 τοῦ
2106 1190 2251 1243 οἴκου
2289 1209 2409 1261 μου.
3356 1224 3358 1227 -

380 1282 434 1337 4.
470 1281 589 1337 Non
644 1283 1016 1353 proponebam
1072 1287 1197 1338 ante
1233 1283 1418 1338 oculos
1456 1298 1605 1337 meos
1649 1298 1762 1336 rem
1805 1282 1887 1336 in-

2056 1281 2110 1334 4.
2152 1282 2226 1334 Οὐ
2274 1282 2638 1353 προετιθέμην
2685 1282 3064 1355 [προεθέμην]
3115 1282 3219 1354 πρὸ
3274 1281 3568 1351 ὀφθαλμῶν

303 1375 510 1446 justam
541 1394 553 1428 :

1991 1390 2091 1441 μου
2122 1375 2354 1444 πρᾶγμα
2388 1374 2705 1444 παράνομον
2724 1392 2738 1405 ο

380 1466 431 1520 5.
468 1465 752 1521 Facientes
794 1465 1272 1534 praevaricationes
1300 1466 1465 1519 odivi.

2056 1465 2108 1517 5.
2146 1464 2439 1527 Ποιοῦντας
2472 1465 2809 1535 παραϐάσεις
2840 1465 3094 1535 ἐμίπσα.

378 1560 432 1614 6.
468 1557 587 1612 Non
618 1557 850 1611 adhaesit
874 1557 1010 1610 mihi
1038 1572 1133 1611 cor
1164 1573 1390 1626 pravum
1421 1575 1433 1609 :

2055 1555 2108 1608 6.
2138 1556 2252 1608 Οὐκ
2282 1556 2542 1626 ἐκολλήθη
2580 1574 2667 1625 μοι
2698 1556 2893 1627 καρδία
2928 1558 3144 1627 σκαμϐη
3165 1572 3179 1586 ·

380 1652 432 1706 7.
470 1650 841 1706 Declinantem
890 1665 921 1705 a
970 1665 1057 1704 me
1103 1650 1399 1719 malignum
1444 1664 1554 1703 non
1589 1663 1887 1719 cognosce-

2060 1648 2115 1701 7.
2156 1647 2524 1711 Ἐκκλίνοντος
2551 1649 2644 1700 ἀπ’
2681 1648 2814 1719 ἐμοῦ
2841 1648 2933 1700 τοῦ
2961 1648 3216 1719 πονηροῦ,
3254 1648 3351 1701 οὐκ
3377 1648 3569 1716 ἐγίνω-

306 1744 453 1799 bam.

1994 1755 2139 1793 σκον.

378 1834 431 1887 8.
470 1832 856 1889 Detrahentem
893 1837 1106 1884 secreto
1137 1831 1393 1899 proximo
1432 1844 1552 1895 suo,
1587 1830 1731 1883 hunc
1757 1844 1882 1898 per—

2059 1830 2109 1883 8.
2149 1830 2252 1883 Τὸν
2285 1830 2688 1884 καταλαλοῦντα
2722 1832 2897 1902 λάθρα
2929 1831 3018 1885 τὸν
3049 1832 3275 1903 πλησίον
3294 1831 3409 1903 [τοῦ
3434 1833 3562 1901 πληι

308 1927 596 1997 sequebar.

1992 1921 2130 1992 σίου]
2161 1922 2347 1985 αὑτοῦ,
2374 1922 2562 1975 τοῦτον
2597 1922 2895 1986 ἐξεδίωκον.

378 2021 431 2073 9.
465 2019 713 2087 Superbo
754 2017 935 2083 oculo,
967 2026 1020 2072 et
1067 2013 1365 2070 insatiabili
1402 2013 1582 2075 corde,
1620 2027 1743 2065 cum
1778 2010 1881 2065 hoc

2061 2013 2112 2065 9.
2153 2013 2520 2083 ’Υπερηφάνῳ
2568 2014 2829 2085 ὀφθαλμῷ
2855 2056 2869 2079 ,
2919 2017 3010 2067 καὶ
3046 2015 3303 2087 ἀπλήστῳ
3339 2015 3568 2087 καρξίᾳ,

306 2125 416 2165 non
447 2109 693 2164 edebam.

1986 2102 2159 2171 τούτῳ
2187 2103 2247 2153 οὐ
2278 2102 2579 2170 συνήσθιον.

379 2200 467 2254 10.
498 2198 655 2253 Oculi
686 2198 791 2252 mei
821 2198 887 2251 ad
917 2196 1101 2251 ﬁdeles
1132 2202 1288 2249 terrae
1314 2234 1327 2255 ,

2056 2193 2141 2247 10.
2181 2194 2242 2244 Οἱ
2276 2193 2543 2263 ὀμθαλμοί
2573 2212 2673 2263 μου
2709 2196 2800 2246 ἐπι
2825 2213 2949 2255 τους
2980 2212 3203 2259 πιστους
3236 2215 3333 2268 της
3368 2213 3492 2267 γης,

376 2291 465 2347 11.
503 2289 574 2345 Ut
600 2291 821 2345 sedeant
849 2290 949 2359 ipsi
979 2302 1211 2341 mecum.

2060 2282 2145 2335 11.
2184 2282 2290 2333 Τοῦ
2324 2283 2699 2355 ωγκαθῆσθαι
2723 2285 2917 2348 αὐτοὺς
2946 2288 3063 2357 μετ’
3093 2289 3247 2358 ἐμοῦ.

379 2384 466 2438 12.
493 2384 794 2439 Ambulans
836 2384 890 2437 in
932 2383 1016 2435 via
1074 2377 1458 2441 immaculata,
1495 2376 1582 2430 hic
1615 2374 1755 2429 mihi
1780 2375 1883 2427 mi-

2059 2371 2143 2424 12.
2181 2373 2559 2443 Πορευόμενος
2608 2377 2667 2427 ὲν
2704 2376 2807 2447 ὀδῷ
2842 2376 3088 2449 ἀμώμῳ,
3126 2375 3276 2443 οὗτος
3308 2400 3396 2451 μοι
3435 2381 3578 2434 ἐλει-

308 2476 596 2532 nistrabat.

1986 2462 2077 2516 τοῦ
2086 2481 2225 2533 ργει.
3110 2452 3117 2459 ’

1438 2622 1817 2682 ATHANASII
1859 2621 2447 2678 INTERPRETATIO.

378 2794 468 2851 12.
501 2793 569 2848 Et
595 2793 729 2850 ﬁdes
756 2792 881 2864 eius
903 2792 1254 2863 sempiterna.

2068 2784 2151 2837 12.
2180 2784 2289 2837 Καὶ
2322 2784 2355 2853 ἡ
2393 2783 2571 2847 πίστις
2602 2783 2766 2837 αὑτοῦ
2796 2783 3165 2853 ἀτελεύτητος.

390 2909 455 2962 Ἡ
487 2907 825 2981 προκειμένη
856 2905 1135 2979 ἐπιγραφὴ
1170 2902 1417 2975 περιέχει
1449 2899 1523 2969 (1)
1547 2917 1560 2930 ’
1600 2898 1846 2965 Ψαλμὸς
1878 2896 1958 2962 τῷ
1992 2897 2201 2961 Δαϐὶδ,
2250 2891 2494 2949 τουτέσλτι
2553 2894 2634 2960 τῷ
2676 2894 3101 2962 εὺαρεστοῦντι
3134 2895 3203 2946 ἐν
3234 2893 3385 2947 πᾶσι
3428 2892 3573 2964 Θεῷ,

322 3000 714 3074 Ἐρμηνεύεται
740 3001 848 3071 γὰρ
867 2998 945 3069 τῷ
969 2998 1043 3069 (2)
1067 2995 1159 3050 τοῦ
1192 2993 1369 3048 Δαϐὶδ
1393 2992 1563 3061 ὄνομα
1584 2990 1800 3043 τοῦτον
1828 2989 2086 3058 ἐποίησα
2110 2986 2467 3059 [ἠγάπησα],
2495 2987 2695 3040 ὡσανεὶ
2723 2986 2828 3038 τῶν
2846 2988 2903 3036 ὲν
2934 2986 3068 3038 πᾶσι
3095 2983 3210 3054 Θεῷ
3234 2984 3572 3054 εὑαρεστῶν,

377 3094 593 3150 Titulus
618 3093 941 3164 praepositus
968 3090 1214 3145 continet
1248 3106 1261 3142 :
1302 3085 1553 3139 Psalmus
1583 3083 1789 3148 David,
1830 3083 1936 3136 hoc
1966 3090 2045 3137 est
2075 3083 2158 3148 ei,
2196 3082 2285 3150 qui
2323 3083 2377 3134 in
2417 3082 2658 3133 omnibus
2690 3080 2975 3148 complacet
3014 3078 3143 3132 Deo.
3180 3077 3579 3148 Interpretatur

308 3190 457 3244 enim
500 3186 668 3240 David
696 3199 892 3239 nomen
916 3183 1051 3235 hunc
1079 3182 1177 3250 feci
1204 3176 1439 3250 [dilexi],
1472 3190 1665 3244 nempe
1699 3189 1850 3237 eum,
1876 3176 1991 3244 quif
2020 3176 2073 3228 in
2110 3173 2367 3228 omnibus
2399 3172 2511 3227 Deo
2536 3172 2857 3241 complacet.

380 3278 437 3332 1.
469 3274 888 3330 Beneﬁcentiam
928 3285 1112 3335 tuam,
1158 3280 1212 3324 et
1255 3268 1416 3322 ﬁdem
1458 3278 1607 3320 tuam
1657 3267 1887 3320 medita-

2061 3264 2112 3317 1.
2144 3264 2254 3335 Τὴν
2283 3262 2528 3316 εὐποιίαν
2557 3281 2647 3315 σου
2678 3264 2770 3315 καὶ
2793 3263 2891 3333 τὴν
2926 3262 3106 3314 πίστιν
3134 3278 3225 3313 σου
3263 3262 3571 3333 μελετήσω,

311 3372 435 3435 bor,
472 3368 721 3423 Domine.

658 3382 721 3422 te.
1995 3356 2188 3426 Κύριε.

383 3464 436 3517 2.
474 3461 811 3531 lntelligam,
852 3473 974 3529 quae
1002 3455 1233 3527 psallam
1273 3454 1327 3507 in
1363 3452 1527 3507 corde
1568 3465 1726 3521 puro,
1763 3464 1889 3503 cum

2063 3444 2117 3497 2.
2169 3442 2437 3514 Ἐννοήσω
2489 3443 2563 3511 (5)
2605 3442 2749 3510 ἅπερ
2795 3441 2949 3510 ψαλῶ
2996 3444 3052 3495 ἐν
3097 3441 3293 3513 καρδίᾳ
3338 3442 3579 3513 καθαρᾷ,

313 3553 642 3611 inhabitabit
670 3555 723 3607 in
756 3567 842 3606 me
870 3551 1042 3621 gratia
1065 3558 1179 3612 tua,
1217 3543 1468 3600 Domine.

1993 3538 2119 3589 ὅταν
2151 3535 2517 3607 ὲπισκηνώσει
2551 3538 2583 3605 ἡ
2615 3536 2773 3605 χάρις
2802 3552 2917 3599 σου,
2946 3536 3138 3607 Κύριε.

383 3646 438 3700 5.
474 3643 870 3700 Permanebam
925 3641 980 3694 in
1013 3637 1380 3695 exsultatione
1439 3634 1623 3691 cordis
1677 3631 1782 3687 mei
1838 3629 1891 3683 in

2062 3629 2113 3682 5.
2143 3628 2424 3681 Διετέλουν
2480 3629 2537 3679 ὲν
2589 3626 2911 3695 ἀγαλλιάσει
2953 3628 3052 3697 τῆς
3096 3626 3323 3695 καρδίας
3369 3645 3475 3699 μου
3525 3632 3581 3681 ἐν

312 3739 493 3793 medio
539 3737 909 3791 membrorum
948 3746 1218 3786 meorum.

1128 3747 1218 3784 Im.
1998 3722 2149 3791 μέσῳ
2179 3721 2285 3773 τῶν
2321 3720 2498 3789 μελῶν
2536 3737 2658 3790 μου.

386 3831 440 3885 4.
476 3828 594 3885 Νοιι
625 3827 809 3897 recepi
840 3827 895 3880 in
924 3834 1106 3880 mente
1134 3823 1318 3879 cordis
1346 3820 1451 3875 mei
1490 3833 1606 3874 rem
1642 3830 1889 3887 pravam.

2067 3812 2119 3866 4.
2156 3813 2270 3865 Οὐκ
2303 3812 2564 3882 ἐδεχόμην
2607 3814 2665 3863 ὲν
2703 3813 2769 3882 τῇ
2813 3810 3022 3880 διανοίᾳ
3068 3810 3165 3879 τῆς
3207 3808 3435 3879 καρδίας
3477 3827 3581 3881 μου

1996 3906 2229 3975 πρᾶγμα
2258 3902 2331 3974 (4)
2367 3903 2619 3974 πονηρόν.

384 4009 438 4063 5.
474 4006 847 4078 Cogitationes
894 4000 1215 4057 diabolicas.

2067 3998 2119 4051 5.
2165 3995 2401 4067 Ἐνθυμή
2412 4013 2522 4060 σεις
2556 3996 2896 4066 δαιμονικάς.

386 4094 440 4146 6.
482 4089 742 4145 Doctrina
766 4087 989 4142 diaboli.

2066 4087 2120 4141 6.
2152 4086 2480 4141 Διδασκαλίαι
2511 4088 2603 4140 τοῦ
2636 4088 2901 4140 διαϐόλου.

390 4184 446 4236 7.
480 4181 796 4237 Absistente
822 4191 1015 4248 parum
1049 4191 1081 4229 a
1120 4189 1207 4229 me
1236 4171 1500 4243 maligno,
1527 4184 1636 4224 non
1671 4176 1904 4223 cuncta-

2066 4178 2119 4230 7.
2162 4178 2558 4248 Ἀφισταμένου
2612 4180 2805 4249 μικρὸν
2854 4180 2947 4231 ἀπ’
2982 4179 3116 4249 ἐμοῦ
3160 4178 3255 4231 τοῦ
3305 4178 3546 4250 πονηροῦ
3575 4220 3588 4241 ,

318 4279 442 4341 bar,
466 4275 562 4331 sed
590 4271 968 4341 inspiciebant.
1501 4254 1527 4273 ⁵

1997 4268 2095 4321 οὐκ
2123 4270 2355 4339 ἤμελλον
2384 4270 2481 4339 (5),
2515 4270 2628 4323 ἀλλ’
2664 4272 2913 4341 ἐνηφόρῳ
2949 4270 3313 4343 [εναφώρων].

392 4370 441 4422 8.
476 4362 878 4434 Cogitationem
929 4365 1307 4429 suggerentem
1348 4354 1481 4409 mihi
1526 4352 1731 4421 aliquid
1771 4367 1899 4420 pra-

2069 4361 2122 4416 8.
2167 4361 2269 4413 Τὸν
2302 4361 2559 4432 λογισμὸν
2589 4364 2677 4415 τὸν
2712 4362 3089 4415 ὑποϐάλλοντα
3122 4363 3211 4433 μοί
3251 4380 3303 4415 τι
3347 4363 3587 4432 πονηρὸν

318 4474 448 4513 vum
498 4464 693 4512 contra
732 4453 971 4522 aiiquem
1017 4450 1301 4503 hominem
1334 4446 1622 4517 ejiciebam
1667 4460 1696 4498 e
1732 4460 1848 4499 cort

2058 4452 2143 4505 ιτά
2177 4470 2320 4515 τινος
2344 4452 2451 4506 τῶν
2486 4454 2784 4525 ἀνθρώπων
2814 4454 3064 4519 ἐξέϐαλον
3109 4456 3173 4507 ὲκ
3217 4455 3315 4526 τῆς
3358 4454 3588 4523 καρδίας

319 4564 464 4603 11180.

2004 4563 2124 4614 μου.

388 4640 443 4695 9.
490 4638 701 4693 Sensus
752 4635 1063 4707 superbiae,
1114 4640 1171 4687 et
1221 4630 1464 4686 avaritiae
1513 4645 1623 4683 non
1678 4628 1788 4681 alui
1839 4629 1892 4681 in

2077 4634 2131 4689 9.
2174 4635 2531 4705 Ἐνθυμήσεις
2568 4635 2644 4706 (6)
2683 4636 3061 4707 ὑπερηφανίας
3093 4637 3185 4688 καὶ
3226 4636 3587 4705 (ιοιλοιργναρίειξ

318 4733 485 4788 corde
520 4743 663 4784 meo.

2004 4727 2104 4778 οὐκ
2130 4725 2359 4797 ἔτρεφον
2386 4729 2442 4779 ἐν
2465 4729 2530 4797 τῇ
2562 4727 2757 4797 καρδίᾳ
2794 4745 2914 4797 μου.

391 4822 478 4886 10,
509 4821 595 4875 11.
623 4819 774 4875 Mens
822 4834 945 4873 mea
987 4817 1042 4871 in
1090 4814 1382 4887 praeceptis
1425 4812 1557 4876 tuis,
1593 4820 1654 4865 ut
1685 4826 1901 4880 perma—

2084 4817 2171 4881 10,
2210 4819 2296 4874 11.
2351 4818 2416 4871 Ἠ
2449 4818 2657 4871 διάνοια
2689 4836 2790 4888 μου
2827 4821 2883 4870 ὲν
2924 4822 3036 4882 τοῖς
3070 4819 3453 4889 προστὰγμασί
3498 4821 3590 4871 σού

318 4923 488 4969 neaut
521 4913 640 4981 ipsa
675 4913 731 4965 in
761 4910 927 4966 corde
958 4924 1097 4964 meo.
1390 4919 1394 4923 '

2010 4910 2125 4960 ἐστι
2150 4908 2244 4960 τοῦ
2274 4910 2547 4979 διαμένειν
2572 4910 2712 4964 αὐτὰ
2738 4912 2794 4961 ἐν
2824 4913 2887 4980 τῇ
2918 4911 3112 4980 καρδίᾳ
3146 4928 3268 4980 μου.

392 5006 478 5061 12.
521 5005 761 5075 Spiritus
796 5010 1019 5059 sanctus
1060 5012 1188 5056 tuus
1231 5000 1322 5053 hic
1376 4997 1508 5051 mihi
1558 4995 1903 5050 ministrabat

2089 5000 2173 5053 12.
2222 5000 2294 5053 Τὸ
2332 5001 2556 5072 Πνεῦμὰ
2590 5019 2681 5054 σου
2724 5002 2783 5054 τὸ
2811 5003 2963 5069 ἆγιον
2999 5001 3151 5053 τοῦτό
3200 5001 3274 5071 (7)
3321 5018 3410 5071 μοι
3456 5001 3576 5057 ἐλει

320 5102 552 5171 gratiam
587 5109 759 5153 tuam.

2006 5092 2228 5163 τούργει
2256 5093 2354 5165 τὴν
2378 5094 2535 5165 χάριν
2559 5111 2671 5147 σου.

1285 5266 1594 5329 Addenda
1632 5276 1693 5326 et
1730 5268 2109 5346 corrigenda
2140 5286 2219 5331 ex
2252 5272 2391 5332 cod.
2425 5272 2629 5333 Vatic.

390 5422 468 5493 (ι)
504 5423 568 5474 Ἡ
596 5421 693 5493 διὰ-
710 5424 809 5491 τῆς
834 5417 1216 5493 ,κινναϐάρεως
1241 5412 1522 5493 ετεριέχεις.
1723 5484 1736 5493 .
1885 5482 1897 5493 .
2083 5415 2158 5493 (1.)
2194 5416 2384 5493 435.70)!-

396 5482 471 5560 (2)
517 5493 589 5544 Τὸ
614 5492 708 5544 τοῦ
741 5482 904 5544 Ᾰαϐὶδ
944 5482 1144 5560 ὄνομα,
1175 5482 1362 5538 τοῦτον
1398 5482 1659 5554 ἐπόθησα,
1708 5482 1908 5536 ὡσανεὶ
2201 5482 2492 5560 ΔἮμέλουν,
2523 5486 2636 5539 ἀλλ’
2671 5486 2867 5560 ἔνιφον.

322 5555 413 5614 τὸν
442 5555 489 5613 ἐξ.
525 5579 584 5612 π.
613 5555 1148 5631 θ.-εὐαρεστοῦνῒσιἈ
1316 5624 1326 5631 ,
1519 5623 1531 5631 .
1788 5628 1798 5631 -

1788 5628 1798 5631 _
2200 5556 2545 5631 ’Eytitipnotv,
2575 5565 2702 5620 etc.,
2732 5555 2975 5625 ἔτρεφον,
3003 5562 3111 5610 cie.

394 5632 469 5701 (5)
499 5631 667 5684 Ψαλῶ
687 5671 702 5692 ,
738 5622 833 5683 κοί).
876 5633 1087 5701 συνήσω
1111 5628 1267 5699 ,ἅπερ
1301 5622 1487 5693 ψάλλω
1516 5623 1593 5689 ὲν,
1623 5633 1753 5688 etc.,
1786 5628 1908 5679 ἐπι·
2198 5627 2337 5678 Αὑτό
2364 5622 2477 5695 μοι.

328 5700 616 5772 σκηνώσει,
653 5709 759 5754 etc.
