  <div class='ocr_page' id='page_1' title='image "/cluster/home/n/w/nwhite01/storage/ocr_20150623/27/nnc1.0046978631/558.png"; bbox 0 0 3874 6222; ppageno 0'>
   <div class='ocr_carea' id='block_1_1' title="bbox 189 350 1719 429">
    <p class='ocr_par' dir='ltr' id='par_1_1' title="bbox 189 350 1719 429">
     <span class='ocr_line' id='line_1_1' title="bbox 189 350 1719 429; baseline 0.001 -25"><span class='ocrx_word' id='word_1_1' title='bbox 189 351 323 405; x_wconf 73' lang='grc'>1077</span> <span class='ocrx_word' id='word_1_2' title='bbox 790 424 795 429; x_wconf 20' lang='grc' dir='ltr'><em>ι</em></span> <span class='ocrx_word' id='word_1_3' title='bbox 1214 350 1302 403; x_wconf 89' lang='lat' dir='ltr'>DE</span> <span class='ocrx_word' id='word_1_4' title='bbox 1349 352 1623 408; x_wconf 84' lang='lat' dir='ltr'><strong>TiTULlS</strong></span> <span class='ocrx_word' id='word_1_5' title='bbox 1662 354 1719 406; x_wconf 74' lang='lat' dir='ltr'><strong>ps</strong></span> 
     </span>
    </p>
   </div>
   <div class='ocr_carea' id='block_1_2' title="bbox 1915 350 3445 429">
    <p class='ocr_par' dir='ltr' id='par_1_2' title="bbox 1915 354 3445 416">
     <span class='ocr_line' id='line_1_2' title="bbox 1915 354 3445 416; baseline 0.004 -6"><span class='ocrx_word' id='word_1_6' title='bbox 1915 354 2113 411; x_wconf 81' lang='lat' dir='ltr'><strong>)RUM.</strong></span> <span class='ocrx_word' id='word_1_7' title='bbox 2153 387 2222 400; x_wconf 90' lang='lat'>—-</span> <span class='ocrx_word' id='word_1_8' title='bbox 2252 356 2448 414; x_wconf 77' lang='lat' dir='ltr'>PSAL.</span> <span class='ocrx_word' id='word_1_9' title='bbox 2483 359 2568 413; x_wconf 79' lang='lat' dir='ltr'>Cl.</span> <span class='ocrx_word' id='word_1_10' title='bbox 3310 361 3445 416; x_wconf 75' lang='grc'>1073</span> 
     </span>
    </p>
   </div>
   <div class='ocr_carea' id='block_1_3' title="bbox 260 461 1790 544">
    <p class='ocr_par' dir='ltr' id='par_1_3' title="bbox 260 461 1770 538">
     <span class='ocr_line' id='line_1_3' title="bbox 260 461 1770 538; baseline 0.002 -19"><span class='ocrx_word' id='word_1_11' title='bbox 260 466 343 519; x_wconf 77' lang='grc'><strong>15.</strong></span> <span class='ocrx_word' id='word_1_12' title='bbox 393 464 466 519; x_wconf 78' lang='grc' dir='ltr'>Οὐ</span> <span class='ocrx_word' id='word_1_13' title='bbox 510 462 746 534; x_wconf 80' lang='grc' dir='ltr'>κατῴκει</span> <span class='ocrx_word' id='word_1_14' title='bbox 794 463 852 515; x_wconf 79' lang='grc' dir='ltr'>ἐν</span> <span class='ocrx_word' id='word_1_15' title='bbox 888 461 1036 535; x_wconf 84' lang='grc' dir='ltr'>μέσῳ</span> <span class='ocrx_word' id='word_1_16' title='bbox 1079 466 1176 537; x_wconf 84' lang='grc' dir='ltr'>τῆς</span> <span class='ocrx_word' id='word_1_17' title='bbox 1221 467 1400 531; x_wconf 91' lang='grc' dir='ltr'>οἰκίας</span> <span class='ocrx_word' id='word_1_18' title='bbox 1452 486 1552 538; x_wconf 88' lang='grc' dir='ltr'>μου</span> <span class='ocrx_word' id='word_1_19' title='bbox 1604 469 1770 523; x_wconf 78' lang='grc' dir='ltr'>ποιῶν</span> 
     </span>
    </p>
   </div>
   <div class='ocr_carea' id='block_1_4' title="bbox 1914 461 3444 544">
    <p class='ocr_par' dir='ltr' id='par_1_4' title="bbox 1950 469 3444 544">
     <span class='ocr_line' id='line_1_4' title="bbox 1950 469 3444 544; baseline 0.005 -21"><span class='ocrx_word' id='word_1_20' title='bbox 1950 471 2036 524; x_wconf 78' lang='grc'><strong>15.</strong></span> <span class='ocrx_word' id='word_1_21' title='bbox 2080 469 2197 524; x_wconf 92' lang='lat' dir='ltr'><strong>Non</strong></span> <span class='ocrx_word' id='word_1_22' title='bbox 2224 472 2505 527; x_wconf 86' lang='lat' dir='ltr'><strong>babitabat</strong></span> <span class='ocrx_word' id='word_1_23' title='bbox 2530 474 2584 526; x_wconf 86' lang='lat' dir='ltr'>in</span> <span class='ocrx_word' id='word_1_24' title='bbox 2624 472 2805 527; x_wconf 87' lang='lat' dir='ltr'><strong>medio</strong></span> <span class='ocrx_word' id='word_1_25' title='bbox 2831 471 3024 527; x_wconf 85' lang='lat' dir='ltr'><strong>domus</strong></span> <span class='ocrx_word' id='word_1_26' title='bbox 3052 486 3213 538; x_wconf 65' lang='lat' dir='ltr'><strong>mea,</strong></span> <span class='ocrx_word' id='word_1_27' title='bbox 3244 474 3336 544; x_wconf 85' lang='lat' dir='ltr'>qui</span> <span class='ocrx_word' id='word_1_28' title='bbox 3362 473 3444 531; x_wconf 78' lang='lat' dir='ltr'><strong>fa-</strong></span> 
     </span>
    </p>
   </div>
   <div class='ocr_carea' id='block_1_5' title="bbox 183 557 1713 629">
    <p class='ocr_par' dir='ltr' id='par_1_5' title="bbox 183 557 586 629">
     <span class='ocr_line' id='line_1_5' title="bbox 183 557 586 629; baseline -0.01 -17"><span class='ocrx_word' id='word_1_29' title='bbox 183 557 586 629; x_wconf 73' lang='grc' dir='ltr'>ὑπερηφανίαν.</span> 
     </span>
    </p>
   </div>
   <div class='ocr_carea' id='block_1_6' title="bbox 778 557 2308 629">
    <p class='ocr_par' dir='ltr' id='par_1_6' title="bbox 1872 559 2308 627">
     <span class='ocr_line' id='line_1_6' title="bbox 1872 559 2308 627; baseline 0.009 -16"><span class='ocrx_word' id='word_1_30' title='bbox 1872 559 1945 612; x_wconf 90' lang='lat' dir='ltr'>cit</span> <span class='ocrx_word' id='word_1_31' title='bbox 1978 560 2308 627; x_wconf 88' lang='lat' dir='ltr'>superbiam.</span> 
     </span>
    </p>
   </div>
   <div class='ocr_carea' id='block_1_7' title="bbox 258 648 1788 725">
    <p class='ocr_par' dir='ltr' id='par_1_7' title="bbox 258 648 1769 714">
     <span class='ocr_line' id='line_1_7' title="bbox 258 648 1769 714; baseline 0.003 -12"><span class='ocrx_word' id='word_1_32' title='bbox 258 648 347 702; x_wconf 75' lang='grc'>14.</span> <span class='ocrx_word' id='word_1_33' title='bbox 395 648 586 701; x_wconf 74' lang='grc' dir='ltr'>Λαλῶν</span> <span class='ocrx_word' id='word_1_34' title='bbox 642 648 839 714; x_wconf 83' lang='grc' dir='ltr'>ἄδικα,</span> <span class='ocrx_word' id='word_1_35' title='bbox 890 650 950 702; x_wconf 86' lang='grc' dir='ltr'>ού</span> <span class='ocrx_word' id='word_1_36' title='bbox 1003 648 1332 704; x_wconf 87' lang='grc' dir='ltr'>κατεύθυνεν</span> <span class='ocrx_word' id='word_1_37' title='bbox 1384 652 1613 706; x_wconf 84' lang='grc' dir='ltr'>ἐνώπιον</span> <span class='ocrx_word' id='word_1_38' title='bbox 1660 653 1769 707; x_wconf 85' lang='grc' dir='ltr'>τῶν</span> 
     </span>
    </p>
   </div>
   <div class='ocr_carea' id='block_1_8' title="bbox 1914 648 3444 725">
    <p class='ocr_par' dir='ltr' id='par_1_8' title="bbox 1950 648 3444 725">
     <span class='ocr_line' id='line_1_8' title="bbox 1950 648 3444 725; baseline 0.005 -24"><span class='ocrx_word' id='word_1_39' title='bbox 1950 649 2037 702; x_wconf 73' lang='grc'>14.</span> <span class='ocrx_word' id='word_1_40' title='bbox 2070 648 2172 716; x_wconf 86' lang='lat' dir='ltr'>Qui</span> <span class='ocrx_word' id='word_1_41' title='bbox 2200 651 2680 725; x_wconf 84' lang='lat' dir='ltr'><strong>loquituriniqua,</strong></span> <span class='ocrx_word' id='word_1_42' title='bbox 2708 669 2815 709; x_wconf 90' lang='lat' dir='ltr'>non</span> <span class='ocrx_word' id='word_1_43' title='bbox 2842 653 3037 709; x_wconf 80' lang='lat' dir='ltr'><strong>direxit</strong></span> <span class='ocrx_word' id='word_1_44' title='bbox 3068 653 3121 707; x_wconf 91' lang='lat' dir='ltr'>in</span> <span class='ocrx_word' id='word_1_45' title='bbox 3152 663 3444 724; x_wconf 83' lang='lat' dir='ltr'><strong>conspectu</strong></span> 
     </span>
    </p>
   </div>
   <div class='ocr_carea' id='block_1_9' title="bbox 181 740 1711 810">
    <p class='ocr_par' dir='ltr' id='par_1_9' title="bbox 181 740 638 810">
     <span class='ocr_line' id='line_1_9' title="bbox 181 740 638 810; baseline -0.002 -17"><span class='ocrx_word' id='word_1_46' title='bbox 181 740 480 810; x_wconf 79' lang='grc' dir='ltr'>ὀφθαλμῶν</span> <span class='ocrx_word' id='word_1_47' title='bbox 517 757 638 810; x_wconf 74' lang='grc' dir='ltr'>μου.</span> 
     </span>
    </p>
   </div>
   <div class='ocr_carea' id='block_1_10' title="bbox 930 740 2460 810">
    <p class='ocr_par' dir='ltr' id='par_1_10' title="bbox 1872 741 2460 797">
     <span class='ocr_line' id='line_1_10' title="bbox 1872 741 2460 797; baseline 0.003 -2"><span class='ocrx_word' id='word_1_48' title='bbox 1872 741 2155 795; x_wconf 84' lang='lat' dir='ltr'><strong>oculorum</strong></span> <span class='ocrx_word' id='word_1_49' title='bbox 2196 758 2460 797; x_wconf 86' lang='lat' dir='ltr'><strong>meorum.</strong></span> 
     </span>
    </p>
   </div>
   <div class='ocr_carea' id='block_1_11' title="bbox 254 830 1784 906">
    <p class='ocr_par' dir='ltr' id='par_1_11' title="bbox 254 830 1766 905">
     <span class='ocr_line' id='line_1_11' title="bbox 254 830 1766 905; baseline 0.001 -20"><span class='ocrx_word' id='word_1_50' title='bbox 254 832 343 885; x_wconf 79' lang='grc'><strong>15.</strong></span> <span class='ocrx_word' id='word_1_51' title='bbox 378 832 473 894; x_wconf 76' lang='grc' dir='ltr'>Εἰς</span> <span class='ocrx_word' id='word_1_52' title='bbox 500 830 601 893; x_wconf 81' lang='grc' dir='ltr'>τὰς</span> <span class='ocrx_word' id='word_1_53' title='bbox 627 832 839 901; x_wconf 85' lang='grc' dir='ltr'>πρωΐας</span> <span class='ocrx_word' id='word_1_54' title='bbox 858 831 1175 885; x_wconf 80' lang='grc' dir='ltr'>ἀπέκτεινον</span> <span class='ocrx_word' id='word_1_55' title='bbox 1197 832 1542 905; x_wconf 76' lang='grc' dir='ltr'>[ἀπέκτενον]</span> <span class='ocrx_word' id='word_1_56' title='bbox 1561 833 1766 897; x_wconf 86' lang='grc' dir='ltr'>πάντας</span> 
     </span>
    </p>
   </div>
   <div class='ocr_carea' id='block_1_12' title="bbox 1913 830 3443 906">
    <p class='ocr_par' dir='ltr' id='par_1_12' title="bbox 1948 830 3443 906">
     <span class='ocr_line' id='line_1_12' title="bbox 1948 830 3443 906; baseline 0.005 -22"><span class='ocrx_word' id='word_1_57' title='bbox 1948 832 2038 886; x_wconf 84' lang='grc'><strong>15.</strong></span> <span class='ocrx_word' id='word_1_58' title='bbox 2071 830 2131 885; x_wconf 93' lang='lat' dir='ltr'>ln</span> <span class='ocrx_word' id='word_1_59' title='bbox 2162 835 2431 890; x_wconf 88' lang='lat' dir='ltr'><strong>matutino</strong></span> <span class='ocrx_word' id='word_1_60' title='bbox 2464 835 2852 892; x_wconf 86' lang='lat' dir='ltr'><strong>interﬁciebam</strong></span> <span class='ocrx_word' id='word_1_61' title='bbox 2898 851 3088 891; x_wconf 88' lang='lat' dir='ltr'><strong>omnes</strong></span> <span class='ocrx_word' id='word_1_62' title='bbox 3129 844 3443 906; x_wconf 77' lang='lat' dir='ltr'><strong>peccatores</strong></span> 
     </span>
    </p>
   </div>
   <div class='ocr_carea' id='block_1_13' title="bbox 180 923 1710 995">
    <p class='ocr_par' dir='ltr' id='par_1_13' title="bbox 180 923 986 995">
     <span class='ocr_line' id='line_1_13' title="bbox 180 923 986 995; baseline 0.004 -19"><span class='ocrx_word' id='word_1_63' title='bbox 180 923 699 995; x_wconf 82' lang='grc' dir='ltr'>τοὺς“άμαρτωλοὺς</span> <span class='ocrx_word' id='word_1_64' title='bbox 729 923 827 993; x_wconf 81' lang='grc' dir='ltr'>τῆς</span> <span class='ocrx_word' id='word_1_65' title='bbox 852 924 955 995; x_wconf 85' lang='grc' dir='ltr'>γῆς</span> <span class='ocrx_word' id='word_1_66' title='bbox 972 965 986 987; x_wconf 89' lang='grc'>,</span> 
     </span>
    </p>
   </div>
   <div class='ocr_carea' id='block_1_14' title="bbox 514 923 2044 995">
    <p class='ocr_par' dir='ltr' id='par_1_14' title="bbox 514 923 2044 995">
     <span class='ocr_line' id='line_1_14' title="bbox 514 923 2044 995; baseline 0.001 -19"><span class='ocrx_word' id='word_1_67' title='bbox 514 923 699 986; x_wconf 77' lang='grc' dir='ltr'>ῖωλοὺς</span> <span class='ocrx_word' id='word_1_68' title='bbox 729 923 827 993; x_wconf 81' lang='grc' dir='ltr'>τῆς</span> <span class='ocrx_word' id='word_1_69' title='bbox 852 924 955 995; x_wconf 84' lang='grc' dir='ltr'>γῆς</span> <span class='ocrx_word' id='word_1_70' title='bbox 972 965 986 987; x_wconf 93' lang='grc'>,</span> <span class='ocrx_word' id='word_1_71' title='bbox 1866 930 2044 978; x_wconf 83' lang='lat' dir='ltr'><strong>terrae.</strong></span> 
     </span>
    </p>
   </div>
   <div class='ocr_carea' id='block_1_15' title="bbox 254 1015 1784 1089">
    <p class='ocr_par' dir='ltr' id='par_1_15' title="bbox 254 1016 1765 1089">
     <span class='ocr_line' id='line_1_15' title="bbox 254 1016 1765 1089; baseline 0.002 -20"><span class='ocrx_word' id='word_1_72' title='bbox 254 1016 344 1071; x_wconf 87' lang='grc'>16.</span> <span class='ocrx_word' id='word_1_73' title='bbox 370 1016 477 1069; x_wconf 76' lang='grc' dir='ltr'>Τοῦ</span> <span class='ocrx_word' id='word_1_74' title='bbox 524 1016 899 1087; x_wconf 77' lang='grc' dir='ltr'>ἐξολοθρεῦσαι</span> <span class='ocrx_word' id='word_1_75' title='bbox 938 1019 1001 1070; x_wconf 86' lang='grc' dir='ltr'>ἐκ</span> <span class='ocrx_word' id='word_1_76' title='bbox 1051 1018 1257 1081; x_wconf 84' lang='grc' dir='ltr'>πόλεως</span> <span class='ocrx_word' id='word_1_77' title='bbox 1302 1018 1510 1089; x_wconf 82' lang='grc' dir='ltr'>Κυρίου</span> <span class='ocrx_word' id='word_1_78' title='bbox 1557 1019 1765 1082; x_wconf 80' lang='grc' dir='ltr'>πάντας</span> 
     </span>
    </p>
   </div>
   <div class='ocr_carea' id='block_1_16' title="bbox 1912 1015 3442 1089">
    <p class='ocr_par' dir='ltr' id='par_1_16' title="bbox 1941 1015 3442 1087">
     <span class='ocr_line' id='line_1_16' title="bbox 1941 1015 3442 1087; baseline 0.003 -19"><span class='ocrx_word' id='word_1_79' title='bbox 1941 1016 2028 1069; x_wconf 86' lang='grc'>16.</span> <span class='ocrx_word' id='word_1_80' title='bbox 2066 1015 2133 1071; x_wconf 90' lang='lat' dir='ltr'><strong>Ut</strong></span> <span class='ocrx_word' id='word_1_81' title='bbox 2186 1018 2555 1087; x_wconf 88' lang='lat' dir='ltr'><strong>disperderem</strong></span> <span class='ocrx_word' id='word_1_82' title='bbox 2602 1020 2670 1073; x_wconf 92' lang='lat' dir='ltr'>de</span> <span class='ocrx_word' id='word_1_83' title='bbox 2716 1018 2933 1074; x_wconf 86' lang='lat' dir='ltr'><strong>civitate</strong></span> <span class='ocrx_word' id='word_1_84' title='bbox 2982 1017 3200 1073; x_wconf 86' lang='lat' dir='ltr'><strong>Domini</strong></span> <span class='ocrx_word' id='word_1_85' title='bbox 3251 1034 3442 1073; x_wconf 74' lang='lat' dir='ltr'><strong>omnes</strong></span> 
     </span>
    </p>
   </div>
   <div class='ocr_carea' id='block_1_17' title="bbox 178 1093 1708 1183">
    <p class='ocr_par' dir='ltr' id='par_1_17' title="bbox 178 1108 1146 1180">
     <span class='ocr_line' id='line_1_17' title="bbox 178 1108 1146 1180; baseline 0.003 -20"><span class='ocrx_word' id='word_1_86' title='bbox 178 1110 309 1172; x_wconf 79' lang='grc' dir='ltr'>τοὺς</span> <span class='ocrx_word' id='word_1_87' title='bbox 342 1108 744 1180; x_wconf 74' lang='grc' dir='ltr'>ἐργαζομένους</span> <span class='ocrx_word' id='word_1_88' title='bbox 770 1108 869 1180; x_wconf 79' lang='grc' dir='ltr'>τὴν</span> <span class='ocrx_word' id='word_1_89' title='bbox 898 1109 1146 1180; x_wconf 88' lang='grc' dir='ltr'>ἀνομίαν.</span> 
     </span>
    </p>
   </div>
   <div class='ocr_carea' id='block_1_18' title="bbox 1029 1093 2559 1183">
    <p class='ocr_par' dir='ltr' id='par_1_18' title="bbox 1029 1093 2559 1183">
     <span class='ocr_line' id='line_1_18' title="bbox 1029 1093 2559 1183; baseline 0 -21"><span class='ocrx_word' id='word_1_90' title='bbox 1029 1110 1146 1163; x_wconf 71' lang='grc' dir='ltr'>ιίαν.</span> <span class='ocrx_word' id='word_1_91' title='bbox 1870 1093 2169 1183; x_wconf 66' lang='grc' dir='ltr'>δρεινίιηῑοέ</span> <span class='ocrx_word' id='word_1_92' title='bbox 2198 1108 2559 1179; x_wconf 73' lang='lat' dir='ltr'><strong>iniquitatem.</strong></span> 
     </span>
    </p>
   </div>
   <div class='ocr_carea' id='block_1_19' title="bbox 179 1219 1709 1293">
    <p class='ocr_par' dir='ltr' id='par_1_19' title="bbox 179 1219 1709 1293">
     <span class='ocr_line' id='line_1_19' title="bbox 179 1219 1709 1293; baseline -0.004 -16"><span class='ocrx_word' id='word_1_93' title='bbox 179 1223 502 1293; x_wconf 79' lang='grc' dir='ltr'>Προσευχὴ</span> <span class='ocrx_word' id='word_1_94' title='bbox 533 1223 614 1288; x_wconf 88' lang='grc' dir='ltr'>τῷ</span> <span class='ocrx_word' id='word_1_95' title='bbox 652 1221 883 1291; x_wconf 81' lang='grc' dir='ltr'>πτωχῷ,</span> <span class='ocrx_word' id='word_1_96' title='bbox 916 1220 1061 1274; x_wconf 76' lang='grc' dir='ltr'>ὅταν·</span> <span class='ocrx_word' id='word_1_97' title='bbox 1102 1221 1428 1289; x_wconf 81' lang='grc' dir='ltr'>ἁκηδιάσῃ,</span> <span class='ocrx_word' id='word_1_98' title='bbox 1458 1219 1555 1273; x_wconf 82' lang='grc' dir='ltr'>καὶ</span> <span class='ocrx_word' id='word_1_99' title='bbox 1584 1220 1709 1272; x_wconf 64' lang='lat' dir='ltr'><strong>erat</strong></span> 
     </span>
    </p>
   </div>
   <div class='ocr_carea' id='block_1_20' title="bbox 1918 1219 3448 1293">
    <p class='ocr_par' dir='ltr' id='par_1_20' title="bbox 1925 1222 3448 1293">
     <span class='ocr_line' id='line_1_20' title="bbox 1925 1222 3448 1293; baseline -0.004 -14"><span class='ocrx_word' id='word_1_100' title='bbox 1925 1226 2058 1279; x_wconf 80' lang='lat' dir='ltr'><strong>ratio</strong></span> <span class='ocrx_word' id='word_1_101' title='bbox 2099 1225 2349 1293; x_wconf 81' lang='lat' dir='ltr'>pauperi,</span> <span class='ocrx_word' id='word_1_102' title='bbox 2379 1238 2497 1275; x_wconf 85' lang='lat' dir='ltr'><strong>cum</strong></span> <span class='ocrx_word' id='word_1_103' title='bbox 2539 1222 2728 1275; x_wconf 76' lang='lat' dir='ltr'><strong>anxius</strong></span> <span class='ocrx_word' id='word_1_104' title='bbox 2768 1222 2958 1291; x_wconf 80' lang='lat' dir='ltr'><strong>fuerit,</strong></span> <span class='ocrx_word' id='word_1_105' title='bbox 2992 1231 3039 1275; x_wconf 86' lang='lat' dir='ltr'>et</span> <span class='ocrx_word' id='word_1_106' title='bbox 3081 1223 3136 1273; x_wconf 84' lang='lat' dir='ltr'>in</span> <span class='ocrx_word' id='word_1_107' title='bbox 3170 1231 3448 1288; x_wconf 68' lang='lat' dir='ltr'><strong>conspectu</strong></span> 
     </span>
    </p>
   </div>
   <div class='ocr_carea' id='block_1_21' title="bbox 250 1314 1780 1387">
    <p class='ocr_par' dir='ltr' id='par_1_21' title="bbox 250 1315 1759 1387">
     <span class='ocr_line' id='line_1_21' title="bbox 250 1315 1759 1387; baseline -0.003 -14"><span class='ocrx_word' id='word_1_108' title='bbox 250 1322 386 1373; x_wconf 83' lang='grc' dir='ltr'>τίον</span> <span class='ocrx_word' id='word_1_109' title='bbox 464 1320 684 1387; x_wconf 83' lang='grc' dir='ltr'>Κυρίου</span> <span class='ocrx_word' id='word_1_110' title='bbox 788 1315 969 1386; x_wconf 77' lang='grc' dir='ltr'>ἐκχέῃ</span> <span class='ocrx_word' id='word_1_111' title='bbox 1039 1315 1154 1385; x_wconf 81' lang='grc' dir='ltr'>τὴν</span> <span class='ocrx_word' id='word_1_112' title='bbox 1228 1317 1462 1386; x_wconf 59' lang='grc' dir='ltr'>,δέησιν</span> <span class='ocrx_word' id='word_1_113' title='bbox 1552 1316 1759 1372; x_wconf 85' lang='grc' dir='ltr'>αὐτοῦ.</span> 
     </span>
    </p>
   </div>
   <div class='ocr_carea' id='block_1_22' title="bbox 1770 1314 3300 1387">
    <p class='ocr_par' dir='ltr' id='par_1_22' title="bbox 2007 1314 3300 1385">
     <span class='ocr_line' id='line_1_22' title="bbox 2007 1314 3300 1385; baseline -0.001 -13"><span class='ocrx_word' id='word_1_114' title='bbox 2007 1317 2223 1372; x_wconf 81' lang='lat' dir='ltr'><strong>Domini</strong></span> <span class='ocrx_word' id='word_1_115' title='bbox 2257 1317 2500 1385; x_wconf 73' lang='lat' dir='ltr'><strong>e/fudzrit</strong></span> <span class='ocrx_word' id='word_1_116' title='bbox 2525 1332 2723 1384; x_wconf 80' lang='lat' dir='ltr'>precem</span> <span class='ocrx_word' id='word_1_117' title='bbox 2764 1334 2936 1370; x_wconf 81' lang='lat' dir='ltr'><strong>suam.</strong></span> <span class='ocrx_word' id='word_1_118' title='bbox 2969 1314 3170 1372; x_wconf 83' lang='lat' dir='ltr'>PSAL.</span> <span class='ocrx_word' id='word_1_119' title='bbox 3203 1315 3300 1372; x_wconf 88' lang='lat' dir='ltr'>CI.</span> 
     </span>
    </p>
   </div>
   <div class='ocr_carea' id='block_1_23' title="bbox 259 1408 610 1464">
    <p class='ocr_par' dir='ltr' id='par_1_23' title="bbox 259 1408 610 1464">
     <span class='ocr_line' id='line_1_23' title="bbox 259 1408 610 1464; baseline -0.009 0"><span class='ocrx_word' id='word_1_120' title='bbox 259 1412 437 1464; x_wconf 81' lang='grc' dir='ltr'>ΨΑΛ.</span> <span class='ocrx_word' id='word_1_121' title='bbox 478 1408 610 1462; x_wconf 86' lang='grc' dir='ltr'>ΡΑ’.</span> 
     </span>
    </p>
   </div>
   <div class='ocr_carea' id='block_1_24' title="bbox 260 1495 1790 1573">
    <p class='ocr_par' dir='ltr' id='par_1_24' title="bbox 260 1499 1514 1573">
     <span class='ocr_line' id='line_1_24' title="bbox 260 1499 1514 1573; baseline -0.004 -17"><span class='ocrx_word' id='word_1_122' title='bbox 260 1503 315 1557; x_wconf 92' lang='grc'><strong>1.</strong></span> <span class='ocrx_word' id='word_1_123' title='bbox 349 1502 544 1573; x_wconf 84' lang='grc' dir='ltr'>Κύριε,</span> <span class='ocrx_word' id='word_1_124' title='bbox 581 1500 898 1554; x_wconf 83' lang='grc' dir='ltr'>εἰσάκουσον</span> <span class='ocrx_word' id='word_1_125' title='bbox 924 1499 1021 1570; x_wconf 77' lang='grc' dir='ltr'>τῆς</span> <span class='ocrx_word' id='word_1_126' title='bbox 1048 1500 1355 1569; x_wconf 82' lang='grc' dir='ltr'>προσευχῆς</span> <span class='ocrx_word' id='word_1_127' title='bbox 1381 1517 1481 1571; x_wconf 89' lang='grc' dir='ltr'>μου</span> <span class='ocrx_word' id='word_1_128' title='bbox 1502 1517 1514 1530; x_wconf 92' lang='grc'><strong>·</strong></span> 
     </span>
    </p>
   </div>
   <div class='ocr_carea' id='block_1_25' title="bbox 1541 1495 3071 1573">
    <p class='ocr_par' dir='ltr' id='par_1_25' title="bbox 1940 1495 3071 1559">
     <span class='ocr_line' id='line_1_25' title="bbox 1940 1495 3071 1559; baseline 0.003 -9"><span class='ocrx_word' id='word_1_129' title='bbox 1940 1497 1991 1550; x_wconf 87' lang='grc'>1.</span> <span class='ocrx_word' id='word_1_130' title='bbox 2026 1495 2276 1559; x_wconf 89' lang='lat' dir='ltr'>Domine,</span> <span class='ocrx_word' id='word_1_131' title='bbox 2308 1496 2505 1550; x_wconf 82' lang='lat' dir='ltr'><strong>exaudi</strong></span> <span class='ocrx_word' id='word_1_132' title='bbox 2530 1496 2832 1550; x_wconf 87' lang='lat' dir='ltr'><strong>orationem</strong></span> <span class='ocrx_word' id='word_1_133' title='bbox 2856 1512 3032 1552; x_wconf 85' lang='lat' dir='ltr'><strong>meam</strong></span> <span class='ocrx_word' id='word_1_134' title='bbox 3062 1517 3071 1527; x_wconf 94' lang='grc'><strong>·</strong></span> 
     </span>
    </p>
   </div>
   <div class='ocr_carea' id='block_1_26' title="bbox 255 1584 1785 1662">
    <p class='ocr_par' dir='ltr' id='par_1_26' title="bbox 255 1591 1403 1662">
     <span class='ocr_line' id='line_1_26' title="bbox 255 1591 1403 1662; baseline -0.001 -17"><span class='ocrx_word' id='word_1_135' title='bbox 255 1593 312 1647; x_wconf 72' lang='grc'><strong>2.</strong></span> <span class='ocrx_word' id='word_1_136' title='bbox 345 1593 455 1645; x_wconf 79' lang='grc' dir='ltr'>Καὶ</span> <span class='ocrx_word' id='word_1_137' title='bbox 480 1595 512 1661; x_wconf 85' lang='grc' dir='ltr'><strong>ἡ</strong></span> <span class='ocrx_word' id='word_1_138' title='bbox 549 1593 760 1662; x_wconf 86' lang='grc' dir='ltr'>κραυγή</span> <span class='ocrx_word' id='word_1_139' title='bbox 798 1608 898 1662; x_wconf 90' lang='grc' dir='ltr'>μου</span> <span class='ocrx_word' id='word_1_140' title='bbox 927 1591 1063 1661; x_wconf 83' lang='grc' dir='ltr'>πρὸς</span> <span class='ocrx_word' id='word_1_141' title='bbox 1096 1591 1155 1644; x_wconf 82' lang='grc' dir='ltr'>σὲ</span> <span class='ocrx_word' id='word_1_142' title='bbox 1184 1591 1403 1644; x_wconf 84' lang='grc' dir='ltr'>ἐλθέτω.</span> 
     </span>
    </p>
   </div>
   <div class='ocr_carea' id='block_1_27' title="bbox 1371 1584 2901 1662">
    <p class='ocr_par' dir='ltr' id='par_1_27' title="bbox 1371 1584 2901 1644">
     <span class='ocr_line' id='line_1_27' title="bbox 1371 1584 2901 1644; baseline -0.003 -1"><span class='ocrx_word' id='word_1_143' title='bbox 1371 1610 1403 1644; x_wconf 73' lang='grc' dir='ltr'>ι.</span> <span class='ocrx_word' id='word_1_144' title='bbox 1934 1585 1987 1638; x_wconf 77' lang='lat'><strong>2.</strong></span> <span class='ocrx_word' id='word_1_145' title='bbox 2022 1584 2089 1640; x_wconf 86' lang='lat' dir='ltr'><strong>Et</strong></span> <span class='ocrx_word' id='word_1_146' title='bbox 2109 1586 2315 1639; x_wconf 92' lang='lat' dir='ltr'><strong>clamor</strong></span> <span class='ocrx_word' id='word_1_147' title='bbox 2351 1601 2507 1639; x_wconf 90' lang='lat' dir='ltr'><strong>meus</strong></span> <span class='ocrx_word' id='word_1_148' title='bbox 2530 1584 2598 1638; x_wconf 86' lang='lat' dir='ltr'>ad</span> <span class='ocrx_word' id='word_1_149' title='bbox 2631 1593 2680 1639; x_wconf 86' lang='lat' dir='ltr'>te</span> <span class='ocrx_word' id='word_1_150' title='bbox 2700 1586 2901 1639; x_wconf 79' lang='lat' dir='ltr'><strong>veniat.</strong></span> 
     </span>
    </p>
   </div>
   <div class='ocr_carea' id='block_1_28' title="bbox 252 1676 1782 1754">
    <p class='ocr_par' dir='ltr' id='par_1_28' title="bbox 252 1681 1647 1754">
     <span class='ocr_line' id='line_1_28' title="bbox 252 1681 1647 1754; baseline 0.001 -17"><span class='ocrx_word' id='word_1_151' title='bbox 252 1685 307 1737; x_wconf 80' lang='lat'><strong>3.</strong></span> <span class='ocrx_word' id='word_1_152' title='bbox 336 1684 425 1753; x_wconf 85' lang='grc' dir='ltr'>Μὴ</span> <span class='ocrx_word' id='word_1_153' title='bbox 456 1682 804 1754; x_wconf 70' lang='grc' dir='ltr'>ἀποστρέψῃς</span> <span class='ocrx_word' id='word_1_154' title='bbox 833 1681 892 1735; x_wconf 87' lang='grc' dir='ltr'>τὸ</span> <span class='ocrx_word' id='word_1_155' title='bbox 918 1681 1207 1753; x_wconf 85' lang='grc' dir='ltr'>πρόσωπόν</span> <span class='ocrx_word' id='word_1_156' title='bbox 1242 1700 1334 1735; x_wconf 91' lang='grc' dir='ltr'>σου</span> <span class='ocrx_word' id='word_1_157' title='bbox 1359 1683 1451 1735; x_wconf 82' lang='grc' dir='ltr'>ἀπ’</span> <span class='ocrx_word' id='word_1_158' title='bbox 1478 1683 1611 1753; x_wconf 76' lang='grc' dir='ltr'>ἐμοῦ</span> <span class='ocrx_word' id='word_1_159' title='bbox 1635 1701 1647 1712; x_wconf 92' lang='grc'><strong>·</strong></span> 
     </span>
    </p>
   </div>
   <div class='ocr_carea' id='block_1_29' title="bbox 1452 1676 2982 1754">
    <p class='ocr_par' dir='ltr' id='par_1_29' title="bbox 1478 1676 2982 1753">
     <span class='ocr_line' id='line_1_29' title="bbox 1478 1676 2982 1753; baseline -0.001 -19"><span class='ocrx_word' id='word_1_160' title='bbox 1478 1683 1611 1753; x_wconf 76' lang='grc' dir='ltr'>ἐμοῦ</span> <span class='ocrx_word' id='word_1_161' title='bbox 1635 1701 1647 1712; x_wconf 93' lang='grc'><strong>·</strong></span> <span class='ocrx_word' id='word_1_162' title='bbox 1934 1679 1987 1733; x_wconf 80' lang='lat'><strong>3.</strong></span> <span class='ocrx_word' id='word_1_163' title='bbox 2013 1676 2130 1731; x_wconf 90' lang='lat' dir='ltr'><strong>Non</strong></span> <span class='ocrx_word' id='word_1_164' title='bbox 2154 1686 2369 1733; x_wconf 83' lang='lat' dir='ltr'><strong>avertas</strong></span> <span class='ocrx_word' id='word_1_165' title='bbox 2402 1676 2593 1733; x_wconf 84' lang='lat' dir='ltr'><strong>faciem</strong></span> <span class='ocrx_word' id='word_1_166' title='bbox 2627 1688 2771 1733; x_wconf 90' lang='lat' dir='ltr'><strong>tuam</strong></span> <span class='ocrx_word' id='word_1_167' title='bbox 2800 1694 2832 1733; x_wconf 87' lang='lat' dir='ltr'>a</span> <span class='ocrx_word' id='word_1_168' title='bbox 2855 1695 2941 1733; x_wconf 89' lang='lat' dir='ltr'>me</span> <span class='ocrx_word' id='word_1_169' title='bbox 2970 1699 2982 1711; x_wconf 75' lang='grc' dir='ltr'><strong><em>ο</em></strong></span> 
     </span>
    </p>
   </div>
   <div class='ocr_carea' id='block_1_30' title="bbox 253 1766 1783 1876">
    <p class='ocr_par' dir='ltr' id='par_1_30' title="bbox 253 1766 1759 1846">
     <span class='ocr_line' id='line_1_30' title="bbox 253 1766 1759 1846; baseline 0.001 -21"><span class='ocrx_word' id='word_1_170' title='bbox 253 1773 309 1826; x_wconf 75' lang='grc' dir='ltr'>ιι.</span> <span class='ocrx_word' id='word_1_171' title='bbox 346 1774 435 1825; x_wconf 87' lang='grc' dir='ltr'>Ἐν</span> <span class='ocrx_word' id='word_1_172' title='bbox 532 1773 599 1827; x_wconf 88' lang='grc' dir='ltr'>ἂν</span> <span class='ocrx_word' id='word_1_173' title='bbox 632 1773 817 1845; x_wconf 77' lang='grc' dir='ltr'>ἡμέρᾳ</span> <span class='ocrx_word' id='word_1_174' title='bbox 858 1773 1146 1844; x_wconf 81' lang='grc' dir='ltr'>θλίϐωμαι,</span> <span class='ocrx_word' id='word_1_175' title='bbox 1193 1774 1371 1827; x_wconf 87' lang='grc' dir='ltr'>κλῖνον</span> <span class='ocrx_word' id='word_1_176' title='bbox 1417 1772 1552 1844; x_wconf 83' lang='grc' dir='ltr'>πρὸς</span> <span class='ocrx_word' id='word_1_177' title='bbox 1598 1773 1665 1843; x_wconf 82' lang='grc' dir='ltr'>μὲ</span> <span class='ocrx_word' id='word_1_178' title='bbox 1698 1774 1759 1826; x_wconf 83' lang='grc' dir='ltr'>τὸ</span> 
     </span>
    </p>
   </div>
   <div class='ocr_carea' id='block_1_31' title="bbox 1912 1766 3442 1876">
    <p class='ocr_par' dir='ltr' id='par_1_31' title="bbox 1933 1769 3442 1841">
     <span class='ocr_line' id='line_1_31' title="bbox 1933 1769 3442 1841; baseline 0 -18"><span class='ocrx_word' id='word_1_179' title='bbox 1933 1770 1988 1823; x_wconf 74' lang='grc' dir='ltr'>ι.</span> <span class='ocrx_word' id='word_1_180' title='bbox 2018 1769 2075 1823; x_wconf 91' lang='lat' dir='ltr'>In</span> <span class='ocrx_word' id='word_1_181' title='bbox 2108 1786 2437 1841; x_wconf 83' lang='lat' dir='ltr'><strong>quacunque</strong></span> <span class='ocrx_word' id='word_1_182' title='bbox 2476 1771 2564 1826; x_wconf 90' lang='lat' dir='ltr'>die</span> <span class='ocrx_word' id='word_1_183' title='bbox 2607 1770 2857 1837; x_wconf 88' lang='lat' dir='ltr'><strong>tribulor,</strong></span> <span class='ocrx_word' id='word_1_184' title='bbox 2890 1770 3091 1824; x_wconf 88' lang='lat' dir='ltr'><strong>inclina</strong></span> <span class='ocrx_word' id='word_1_185' title='bbox 3134 1770 3201 1823; x_wconf 87' lang='lat' dir='ltr'>ad</span> <span class='ocrx_word' id='word_1_186' title='bbox 3226 1784 3313 1823; x_wconf 88' lang='lat' dir='ltr'>me</span> <span class='ocrx_word' id='word_1_187' title='bbox 3344 1784 3442 1823; x_wconf 79' lang='lat' dir='ltr'><strong>au-</strong></span> 
     </span>
    </p>
   </div>
   <div class='ocr_carea' id='block_1_32' title="bbox 176 1862 1706 1929">
    <p class='ocr_par' dir='ltr' id='par_1_32' title="bbox 176 1862 419 1929">
     <span class='ocr_line' id='line_1_32' title="bbox 176 1862 419 1929; baseline -0.008 -9"><span class='ocrx_word' id='word_1_188' title='bbox 176 1862 272 1929; x_wconf 69' lang='grc' dir='ltr'>οῧς</span> <span class='ocrx_word' id='word_1_189' title='bbox 308 1882 419 1918; x_wconf 83' lang='grc' dir='ltr'>σου.</span> 
     </span>
    </p>
   </div>
   <div class='ocr_carea' id='block_1_33' title="bbox 650 1862 2180 1929">
    <p class='ocr_par' dir='ltr' id='par_1_33' title="bbox 1788 1862 2180 1915">
     <span class='ocr_line' id='line_1_33' title="bbox 1788 1862 2180 1915; baseline -0.003 0"><span class='ocrx_word' id='word_1_190' title='bbox 1788 1862 1829 1876; x_wconf 82' lang='lat'><em>&quot;</em></span> <span class='ocrx_word' id='word_1_191' title='bbox 1858 1876 1972 1915; x_wconf 87' lang='lat' dir='ltr'>rem</span> <span class='ocrx_word' id='word_1_192' title='bbox 2008 1868 2180 1914; x_wconf 87' lang='lat' dir='ltr'><strong>tuam.</strong></span> 
     </span>
    </p>
   </div>
   <div class='ocr_carea' id='block_1_34' title="bbox 253 1949 1783 2028">
    <p class='ocr_par' dir='ltr' id='par_1_34' title="bbox 253 1951 1753 2028">
     <span class='ocr_line' id='line_1_34' title="bbox 253 1951 1753 2028; baseline -0.001 -19"><span class='ocrx_word' id='word_1_193' title='bbox 253 1956 304 2009; x_wconf 87' lang='lat'><strong>5.</strong></span> <span class='ocrx_word' id='word_1_194' title='bbox 352 1957 439 2009; x_wconf 89' lang='grc' dir='ltr'>Ἐν</span> <span class='ocrx_word' id='word_1_195' title='bbox 563 1956 628 2010; x_wconf 81' lang='grc' dir='ltr'>ἀν</span> <span class='ocrx_word' id='word_1_196' title='bbox 668 1956 851 2028; x_wconf 80' lang='grc' dir='ltr'>ἡμέρᾳ</span> <span class='ocrx_word' id='word_1_197' title='bbox 886 1954 1293 2027; x_wconf 84' lang='grc' dir='ltr'>ἐπικαλέσωμαί</span> <span class='ocrx_word' id='word_1_198' title='bbox 1337 1972 1424 2019; x_wconf 88' lang='grc' dir='ltr'>σε,</span> <span class='ocrx_word' id='word_1_199' title='bbox 1469 1956 1605 2028; x_wconf 74' lang='grc' dir='ltr'>ταχὺ</span> <span class='ocrx_word' id='word_1_200' title='bbox 1655 1956 1753 2008; x_wconf 84' lang='grc' dir='ltr'>ἐπ-</span> 
     </span>
    </p>
   </div>
   <div class='ocr_carea' id='block_1_35' title="bbox 1910 1949 3440 2028">
    <p class='ocr_par' dir='ltr' id='par_1_35' title="bbox 1928 1949 3440 2023">
     <span class='ocr_line' id='line_1_35' title="bbox 1928 1949 3440 2023; baseline -0.003 -17"><span class='ocrx_word' id='word_1_201' title='bbox 1928 1952 1980 2006; x_wconf 83' lang='lat'><strong>5.</strong></span> <span class='ocrx_word' id='word_1_202' title='bbox 2014 1951 2070 2005; x_wconf 91' lang='lat' dir='ltr'><strong>In</strong></span> <span class='ocrx_word' id='word_1_203' title='bbox 2138 1967 2469 2023; x_wconf 90' lang='lat' dir='ltr'><strong>quacunque</strong></span> <span class='ocrx_word' id='word_1_204' title='bbox 2525 1952 2615 2007; x_wconf 90' lang='lat' dir='ltr'>die</span> <span class='ocrx_word' id='word_1_205' title='bbox 2668 1952 2992 2007; x_wconf 89' lang='lat' dir='ltr'><strong>invocavcro</strong></span> <span class='ocrx_word' id='word_1_206' title='bbox 3049 1957 3122 2014; x_wconf 88' lang='lat' dir='ltr'>te,</span> <span class='ocrx_word' id='word_1_207' title='bbox 3181 1949 3440 2005; x_wconf 75' lang='lat' dir='ltr'><strong>velociter</strong></span> 
     </span>
    </p>
   </div>
   <div class='ocr_carea' id='block_1_36' title="bbox 177 2044 1707 2118">
    <p class='ocr_par' dir='ltr' id='par_1_36' title="bbox 177 2048 565 2118">
     <span class='ocr_line' id='line_1_36' title="bbox 177 2048 565 2118; baseline -0.003 -19"><span class='ocrx_word' id='word_1_208' title='bbox 177 2048 314 2100; x_wconf 84' lang='grc' dir='ltr'>ἀκου</span> <span class='ocrx_word' id='word_1_209' title='bbox 322 2048 410 2100; x_wconf 87' lang='grc' dir='ltr'>σόν</span> <span class='ocrx_word' id='word_1_210' title='bbox 446 2064 565 2118; x_wconf 88' lang='grc' dir='ltr'>μου.</span> 
     </span>
    </p>
   </div>
   <div class='ocr_carea' id='block_1_37' title="bbox 649 2044 2179 2118">
    <p class='ocr_par' dir='ltr' id='par_1_37' title="bbox 1854 2044 2179 2100">
     <span class='ocr_line' id='line_1_37' title="bbox 1854 2044 2179 2100; baseline 0.003 -1"><span class='ocrx_word' id='word_1_211' title='bbox 1854 2044 2049 2099; x_wconf 83' lang='lat' dir='ltr'><strong>exaudi</strong></span> <span class='ocrx_word' id='word_1_212' title='bbox 2074 2060 2179 2100; x_wconf 90' lang='lat' dir='ltr'>me.</span> 
     </span>
    </p>
   </div>
   <div class='ocr_carea' id='block_1_38' title="bbox 248 2132 1778 2207">
    <p class='ocr_par' dir='ltr' id='par_1_38' title="bbox 248 2136 1601 2207">
     <span class='ocr_line' id='line_1_38' title="bbox 248 2136 1601 2207; baseline -0.003 -15"><span class='ocrx_word' id='word_1_213' title='bbox 248 2138 302 2192; x_wconf 80' lang='grc'>6.</span> <span class='ocrx_word' id='word_1_214' title='bbox 334 2138 455 2192; x_wconf 87' lang='grc' dir='ltr'>Ὅτι</span> <span class='ocrx_word' id='word_1_215' title='bbox 484 2138 731 2203; x_wconf 80' lang='grc' dir='ltr'>ἐξέλιπον</span> <span class='ocrx_word' id='word_1_216' title='bbox 754 2139 886 2191; x_wconf 79' lang='grc' dir='ltr'>ὡσεὶ</span> <span class='ocrx_word' id='word_1_217' title='bbox 918 2137 1121 2200; x_wconf 82' lang='grc' dir='ltr'>καπνὸς</span> <span class='ocrx_word' id='word_1_218' title='bbox 1146 2138 1201 2190; x_wconf 88' lang='grc' dir='ltr'>αἱ</span> <span class='ocrx_word' id='word_1_219' title='bbox 1229 2136 1428 2207; x_wconf 85' lang='grc' dir='ltr'>ἡμέραι</span> <span class='ocrx_word' id='word_1_220' title='bbox 1462 2154 1564 2206; x_wconf 89' lang='grc' dir='ltr'>μου</span> <span class='ocrx_word' id='word_1_221' title='bbox 1585 2151 1601 2167; x_wconf 73' lang='grc' dir='ltr'><strong>ο</strong></span> 
     </span>
    </p>
   </div>
   <div class='ocr_carea' id='block_1_39' title="bbox 1692 2132 3222 2207">
    <p class='ocr_par' dir='ltr' id='par_1_39' title="bbox 1924 2132 3222 2199">
     <span class='ocr_line' id='line_1_39' title="bbox 1924 2132 3222 2199; baseline 0 -12"><span class='ocrx_word' id='word_1_222' title='bbox 1924 2132 1977 2188; x_wconf 90' lang='lat'><strong>6.</strong></span> <span class='ocrx_word' id='word_1_223' title='bbox 2014 2133 2154 2199; x_wconf 86' lang='lat' dir='ltr'><strong>Quia</strong></span> <span class='ocrx_word' id='word_1_224' title='bbox 2191 2133 2511 2190; x_wconf 84' lang='lat' dir='ltr'><strong>defecerunt</strong></span> <span class='ocrx_word' id='word_1_225' title='bbox 2548 2133 2689 2190; x_wconf 84' lang='lat' dir='ltr'><strong>sicut</strong></span> <span class='ocrx_word' id='word_1_226' title='bbox 2713 2132 2898 2189; x_wconf 84' lang='lat' dir='ltr'><strong>fumus</strong></span> <span class='ocrx_word' id='word_1_227' title='bbox 2931 2133 3049 2189; x_wconf 87' lang='lat' dir='ltr'><strong>dies</strong></span> <span class='ocrx_word' id='word_1_228' title='bbox 3074 2132 3222 2188; x_wconf 90' lang='lat' dir='ltr'><strong>mei:</strong></span> 
     </span>
    </p>
   </div>
   <div class='ocr_carea' id='block_1_40' title="bbox 250 2226 1780 2301">
    <p class='ocr_par' dir='ltr' id='par_1_40' title="bbox 250 2227 1749 2301">
     <span class='ocr_line' id='line_1_40' title="bbox 250 2227 1749 2301; baseline -0.001 -19"><span class='ocrx_word' id='word_1_229' title='bbox 250 2230 303 2283; x_wconf 92' lang='lat'><strong>7.</strong></span> <span class='ocrx_word' id='word_1_230' title='bbox 336 2230 443 2283; x_wconf 76' lang='grc' dir='ltr'>Καὶ</span> <span class='ocrx_word' id='word_1_231' title='bbox 474 2230 543 2284; x_wconf 82' lang='grc' dir='ltr'>τὰ</span> <span class='ocrx_word' id='word_1_232' title='bbox 585 2231 717 2284; x_wconf 77' lang='grc' dir='ltr'>ὀστᾶ</span> <span class='ocrx_word' id='word_1_233' title='bbox 764 2247 862 2300; x_wconf 85' lang='grc' dir='ltr'>μου</span> <span class='ocrx_word' id='word_1_234' title='bbox 895 2230 1027 2282; x_wconf 78' lang='grc' dir='ltr'>ὡσεὶ</span> <span class='ocrx_word' id='word_1_235' title='bbox 1056 2228 1285 2301; x_wconf 83' lang='grc' dir='ltr'>φρύγιον</span> <span class='ocrx_word' id='word_1_236' title='bbox 1316 2227 1749 2298; x_wconf 85' lang='grc' dir='ltr'>συνεφρύγησαν.</span> 
     </span>
    </p>
   </div>
   <div class='ocr_carea' id='block_1_41' title="bbox 1623 2226 3153 2301">
    <p class='ocr_par' dir='ltr' id='par_1_41' title="bbox 1623 2226 3153 2294">
     <span class='ocr_line' id='line_1_41' title="bbox 1623 2226 3153 2294; baseline 0.001 -15"><span class='ocrx_word' id='word_1_237' title='bbox 1623 2244 1749 2294; x_wconf 73' lang='grc' dir='ltr'>σαν.</span> <span class='ocrx_word' id='word_1_238' title='bbox 1928 2226 1980 2282; x_wconf 91' lang='lat'><strong>7.</strong></span> <span class='ocrx_word' id='word_1_239' title='bbox 2014 2226 2081 2283; x_wconf 89' lang='lat' dir='ltr'><strong>Et</strong></span> <span class='ocrx_word' id='word_1_240' title='bbox 2109 2242 2232 2283; x_wconf 92' lang='lat' dir='ltr'><strong>ossa</strong></span> <span class='ocrx_word' id='word_1_241' title='bbox 2260 2242 2379 2282; x_wconf 89' lang='lat' dir='ltr'>mea</span> <span class='ocrx_word' id='word_1_242' title='bbox 2408 2228 2550 2283; x_wconf 86' lang='lat' dir='ltr'><strong>sicut</strong></span> <span class='ocrx_word' id='word_1_243' title='bbox 2578 2226 2845 2283; x_wconf 86' lang='lat' dir='ltr'><strong>cremium</strong></span> <span class='ocrx_word' id='word_1_244' title='bbox 2872 2233 3153 2280; x_wconf 84' lang='lat' dir='ltr'><strong>aruerunt.</strong></span> 
     </span>
    </p>
   </div>
   <div class='ocr_carea' id='block_1_42' title="bbox 1305 2381 2308 2439">
    <p class='ocr_par' dir='ltr' id='par_1_42' title="bbox 1305 2381 2308 2439">
     <span class='ocr_line' id='line_1_42' title="bbox 1305 2381 2308 2439; baseline -0.001 -1"><span class='ocrx_word' id='word_1_245' title='bbox 1305 2381 1684 2439; x_wconf 79' lang='lat' dir='ltr'>ATHANASII</span> <span class='ocrx_word' id='word_1_246' title='bbox 1714 2381 2308 2439; x_wconf 80' lang='lat' dir='ltr'>INTERPRETATIO.</span> 
     </span>
    </p>
   </div>
   <div class='ocr_carea' id='block_1_43' title="bbox 254 2535 1784 2612">
    <p class='ocr_par' dir='ltr' id='par_1_43' title="bbox 254 2536 1751 2612">
     <span class='ocr_line' id='line_1_43' title="bbox 254 2536 1751 2612; baseline -0.003 -17"><span class='ocrx_word' id='word_1_247' title='bbox 254 2541 340 2595; x_wconf 79' lang='lat' dir='ltr'>l3.</span> <span class='ocrx_word' id='word_1_248' title='bbox 368 2542 441 2595; x_wconf 82' lang='grc' dir='ltr'><strong>Οὐ</strong></span> <span class='ocrx_word' id='word_1_249' title='bbox 467 2539 702 2612; x_wconf 82' lang='grc' dir='ltr'>κατῴκει</span> <span class='ocrx_word' id='word_1_250' title='bbox 733 2538 811 2612; x_wconf 90' lang='grc'>(1)</span> <span class='ocrx_word' id='word_1_251' title='bbox 835 2541 896 2596; x_wconf 72' lang='grc' dir='ltr'>ἐν</span> <span class='ocrx_word' id='word_1_252' title='bbox 919 2542 995 2611; x_wconf 82' lang='grc' dir='ltr'>τῇ·</span> <span class='ocrx_word' id='word_1_253' title='bbox 1015 2538 1212 2611; x_wconf 76' lang='grc' dir='ltr'>καρδίᾳ</span> <span class='ocrx_word' id='word_1_254' title='bbox 1241 2555 1343 2609; x_wconf 91' lang='grc' dir='ltr'>μου</span> <span class='ocrx_word' id='word_1_255' title='bbox 1374 2537 1637 2609; x_wconf 82' lang='grc' dir='ltr'>λογισμὸς</span> <span class='ocrx_word' id='word_1_256' title='bbox 1657 2536 1751 2591; x_wconf 80' lang='grc' dir='ltr'>τοῦ</span> 
     </span>
    </p>
   </div>
   <div class='ocr_carea' id='block_1_44' title="bbox 1900 2535 3430 2612">
    <p class='ocr_par' dir='ltr' id='par_1_44' title="bbox 1938 2535 3430 2607">
     <span class='ocr_line' id='line_1_44' title="bbox 1938 2535 3430 2607; baseline 0.001 -17"><span class='ocrx_word' id='word_1_257' title='bbox 1938 2538 2021 2592; x_wconf 82' lang='lat' dir='ltr'>I5.</span> <span class='ocrx_word' id='word_1_258' title='bbox 2056 2536 2176 2593; x_wconf 82' lang='lat' dir='ltr'>Non</span> <span class='ocrx_word' id='word_1_259' title='bbox 2203 2537 2485 2593; x_wconf 84' lang='lat' dir='ltr'><strong>habitabat</strong></span> <span class='ocrx_word' id='word_1_260' title='bbox 2526 2537 2581 2592; x_wconf 91' lang='lat' dir='ltr'>in</span> <span class='ocrx_word' id='word_1_261' title='bbox 2621 2537 2785 2593; x_wconf 87' lang='lat' dir='ltr'><strong>corde</strong></span> <span class='ocrx_word' id='word_1_262' title='bbox 2822 2551 2946 2593; x_wconf 86' lang='lat' dir='ltr'>meo</span> <span class='ocrx_word' id='word_1_263' title='bbox 2983 2535 3253 2592; x_wconf 84' lang='lat' dir='ltr'><strong>diabolica</strong></span> <span class='ocrx_word' id='word_1_264' title='bbox 3287 2537 3430 2607; x_wconf 70' lang='lat' dir='ltr'><strong>cogi-</strong></span> 
     </span>
    </p>
   </div>
   <div class='ocr_carea' id='block_1_45' title="bbox 171 2629 1701 2686">
    <p class='ocr_par' dir='ltr' id='par_1_45' title="bbox 171 2629 489 2686">
     <span class='ocr_line' id='line_1_45' title="bbox 171 2629 489 2686; baseline 0 -2"><span class='ocrx_word' id='word_1_265' title='bbox 171 2630 424 2686; x_wconf 78' lang='grc' dir='ltr'>διαὸόλου</span> <span class='ocrx_word' id='word_1_266' title='bbox 482 2629 489 2641; x_wconf 90' lang='grc'><strong>’</strong></span> 
     </span>
    </p>
   </div>
   <div class='ocr_carea' id='block_1_46' title="bbox 482 2629 2012 2686">
    <p class='ocr_par' dir='ltr' id='par_1_46' title="bbox 482 2629 2012 2684">
     <span class='ocr_line' id='line_1_46' title="bbox 482 2629 2012 2684; baseline -0.015 21"><span class='ocrx_word' id='word_1_267' title='bbox 482 2629 489 2641; x_wconf 57' lang='grc'><strong>’</strong></span> <span class='ocrx_word' id='word_1_268' title='bbox 1864 2630 2012 2684; x_wconf 86' lang='lat' dir='ltr'><strong>talio.</strong></span> 
     </span>
    </p>
   </div>
   <div class='ocr_carea' id='block_1_47' title="bbox 248 2715 1778 2794">
    <p class='ocr_par' dir='ltr' id='par_1_47' title="bbox 248 2715 1759 2791">
     <span class='ocr_line' id='line_1_47' title="bbox 248 2715 1759 2791; baseline -0.005 -15"><span class='ocrx_word' id='word_1_269' title='bbox 248 2720 351 2776; x_wconf 75' lang='grc'><strong>14.·</strong></span> <span class='ocrx_word' id='word_1_270' title='bbox 396 2719 813 2791; x_wconf 85' lang='grc' dir='ltr'>Ὑποτιθέμενός</span> <span class='ocrx_word' id='word_1_271' title='bbox 866 2736 954 2790; x_wconf 87' lang='grc' dir='ltr'>μοι</span> <span class='ocrx_word' id='word_1_272' title='bbox 1002 2719 1331 2790; x_wconf 79' lang='grc' dir='ltr'>ἐνθυμήσεις</span> <span class='ocrx_word' id='word_1_273' title='bbox 1388 2717 1606 2781; x_wconf 83' lang='grc' dir='ltr'>ἀδίκους</span> <span class='ocrx_word' id='word_1_274' title='bbox 1658 2715 1759 2769; x_wconf 77' lang='grc' dir='ltr'>οὐκ</span> 
     </span>
    </p>
   </div>
   <div class='ocr_carea' id='block_1_48' title="bbox 1900 2715 3430 2794">
    <p class='ocr_par' dir='ltr' id='par_1_48' title="bbox 1937 2720 3430 2794">
     <span class='ocr_line' id='line_1_48' title="bbox 1937 2720 3430 2794; baseline -0.001 -19"><span class='ocrx_word' id='word_1_275' title='bbox 1937 2722 2027 2776; x_wconf 71' lang='grc'>14.</span> <span class='ocrx_word' id='word_1_276' title='bbox 2066 2720 2378 2792; x_wconf 80' lang='lat' dir='ltr'><strong>Subjiciens</strong></span> <span class='ocrx_word' id='word_1_277' title='bbox 2435 2723 2572 2778; x_wconf 89' lang='lat' dir='ltr'><strong>mihi</strong></span> <span class='ocrx_word' id='word_1_278' title='bbox 2628 2722 2988 2794; x_wconf 79' lang='lat' dir='ltr'><strong>cogitationes</strong></span> <span class='ocrx_word' id='word_1_279' title='bbox 3037 2720 3272 2792; x_wconf 85' lang='lat' dir='ltr'><strong>injustas</strong></span> <span class='ocrx_word' id='word_1_280' title='bbox 3323 2736 3430 2775; x_wconf 90' lang='lat' dir='ltr'>non</span> 
     </span>
    </p>
   </div>
   <div class='ocr_carea' id='block_1_49' title="bbox 173 2810 1703 2883">
    <p class='ocr_par' dir='ltr' id='par_1_49' title="bbox 173 2810 975 2881">
     <span class='ocr_line' id='line_1_49' title="bbox 173 2810 975 2881; baseline 0.001 -17"><span class='ocrx_word' id='word_1_281' title='bbox 173 2812 400 2881; x_wconf 78' lang='grc' dir='ltr'>ισχυσεν</span> <span class='ocrx_word' id='word_1_282' title='bbox 433 2813 492 2864; x_wconf 86' lang='grc' dir='ltr'>ἐν</span> <span class='ocrx_word' id='word_1_283' title='bbox 520 2814 584 2881; x_wconf 80' lang='grc' dir='ltr'>τῇ</span> <span class='ocrx_word' id='word_1_284' title='bbox 610 2810 821 2881; x_wconf 74' lang='grc' dir='ltr'>διανοίᾳ</span> <span class='ocrx_word' id='word_1_285' title='bbox 850 2827 975 2881; x_wconf 90' lang='grc' dir='ltr'>μου.</span> 
     </span>
    </p>
   </div>
   <div class='ocr_carea' id='block_1_50' title="bbox 1059 2810 2589 2883">
    <p class='ocr_par' dir='ltr' id='par_1_50' title="bbox 1863 2813 2589 2883">
     <span class='ocr_line' id='line_1_50' title="bbox 1863 2813 2589 2883; baseline 0.004 -17"><span class='ocrx_word' id='word_1_286' title='bbox 1863 2813 2149 2883; x_wconf 70' lang='lat' dir='ltr'><strong>praevaluit</strong></span> <span class='ocrx_word' id='word_1_287' title='bbox 2170 2814 2225 2868; x_wconf 91' lang='lat' dir='ltr'>in</span> <span class='ocrx_word' id='word_1_288' title='bbox 2248 2824 2429 2869; x_wconf 91' lang='lat' dir='ltr'><strong>mente</strong></span> <span class='ocrx_word' id='word_1_289' title='bbox 2450 2830 2589 2869; x_wconf 90' lang='lat' dir='ltr'><strong>mea.</strong></span> 
     </span>
    </p>
   </div>
   <div class='ocr_carea' id='block_1_51' title="bbox 250 2897 1780 2976">
    <p class='ocr_par' dir='ltr' id='par_1_51' title="bbox 250 2897 1759 2973">
     <span class='ocr_line' id='line_1_51' title="bbox 250 2897 1759 2973; baseline -0.003 -17"><span class='ocrx_word' id='word_1_290' title='bbox 250 2902 341 2959; x_wconf 76' lang='grc'><strong>15.</strong></span> <span class='ocrx_word' id='word_1_291' title='bbox 377 2903 465 2955; x_wconf 88' lang='grc' dir='ltr'>Ἐν</span> <span class='ocrx_word' id='word_1_292' title='bbox 494 2903 604 2973; x_wconf 79' lang='grc' dir='ltr'>γὰρ</span> <span class='ocrx_word' id='word_1_293' title='bbox 630 2906 697 2973; x_wconf 82' lang='grc' dir='ltr'>τῇ</span> <span class='ocrx_word' id='word_1_294' title='bbox 727 2901 909 2973; x_wconf 90' lang='grc' dir='ltr'>χάριτί</span> <span class='ocrx_word' id='word_1_295' title='bbox 937 2918 1030 2955; x_wconf 94' lang='grc' dir='ltr'>σου</span> <span class='ocrx_word' id='word_1_296' title='bbox 1057 2900 1421 2972; x_wconf 77' lang='grc' dir='ltr'>φωτιζόμενον</span> <span class='ocrx_word' id='word_1_297' title='bbox 1446 2897 1524 2970; x_wconf 73' lang='grc'>(2)</span> <span class='ocrx_word' id='word_1_298' title='bbox 1552 2897 1759 2960; x_wconf 81' lang='grc' dir='ltr'>πάντας</span> 
     </span>
    </p>
   </div>
   <div class='ocr_carea' id='block_1_52' title="bbox 1906 2897 3436 2976">
    <p class='ocr_par' dir='ltr' id='par_1_52' title="bbox 1936 2904 3436 2976">
     <span class='ocr_line' id='line_1_52' title="bbox 1936 2904 3436 2976; baseline 0 -18"><span class='ocrx_word' id='word_1_299' title='bbox 1936 2904 2023 2959; x_wconf 81' lang='grc'>15.</span> <span class='ocrx_word' id='word_1_300' title='bbox 2059 2906 2196 2959; x_wconf 89' lang='lat' dir='ltr'><strong>Nam</strong></span> <span class='ocrx_word' id='word_1_301' title='bbox 2217 2907 2391 2976; x_wconf 80' lang='lat' dir='ltr'><strong>gratia</strong></span> <span class='ocrx_word' id='word_1_302' title='bbox 2422 2916 2509 2961; x_wconf 87' lang='lat' dir='ltr'>tua</span> <span class='ocrx_word' id='word_1_303' title='bbox 2554 2906 2890 2961; x_wconf 87' lang='lat' dir='ltr'><strong>illuminatus</strong></span> <span class='ocrx_word' id='word_1_304' title='bbox 2931 2918 3120 2960; x_wconf 90' lang='lat' dir='ltr'><strong>omnes</strong></span> <span class='ocrx_word' id='word_1_305' title='bbox 3161 2918 3257 2959; x_wconf 88' lang='lat' dir='ltr'>eos</span> <span class='ocrx_word' id='word_1_306' title='bbox 3290 2916 3436 2958; x_wconf 89' lang='lat' dir='ltr'><strong>mor-</strong></span> 
     </span>
    </p>
   </div>
   <div class='ocr_carea' id='block_1_53' title="bbox 172 2994 1702 3065">
    <p class='ocr_par' dir='ltr' id='par_1_53' title="bbox 172 2994 914 3065">
     <span class='ocr_line' id='line_1_53' title="bbox 172 2994 914 3065; baseline 0 -16"><span class='ocrx_word' id='word_1_307' title='bbox 172 2994 377 3057; x_wconf 75' lang='grc' dir='ltr'>αὑτοὺς</span> <span class='ocrx_word' id='word_1_308' title='bbox 408 2996 633 3065; x_wconf 76' lang='grc' dir='ltr'>νεκροὺς</span> <span class='ocrx_word' id='word_1_309' title='bbox 660 2994 914 3049; x_wconf 86' lang='grc' dir='ltr'>ἀπέλυον.</span> 
     </span>
    </p>
   </div>
   <div class='ocr_carea' id='block_1_54' title="bbox 926 2994 2456 3065">
    <p class='ocr_par' dir='ltr' id='par_1_54' title="bbox 1862 2994 2456 3049">
     <span class='ocr_line' id='line_1_54' title="bbox 1862 2994 2456 3049; baseline 0.005 -3"><span class='ocrx_word' id='word_1_310' title='bbox 1862 2998 1987 3048; x_wconf 80' lang='lat' dir='ltr'><strong>tuos</strong></span> <span class='ocrx_word' id='word_1_311' title='bbox 2019 2995 2062 3025; x_wconf 77' lang='lat'>“</span> <span class='ocrx_word' id='word_1_312' title='bbox 2099 2994 2456 3049; x_wconf 87' lang='lat' dir='ltr'><strong>dimittebam.</strong></span> 
     </span>
    </p>
   </div>
   <div class='ocr_carea' id='block_1_55' title="bbox 250 3079 1780 3158">
    <p class='ocr_par' dir='ltr' id='par_1_55' title="bbox 250 3079 1753 3158">
     <span class='ocr_line' id='line_1_55' title="bbox 250 3079 1753 3158; baseline -0.005 -17"><span class='ocrx_word' id='word_1_313' title='bbox 250 3085 339 3141; x_wconf 85' lang='grc'><strong>16.</strong></span> <span class='ocrx_word' id='word_1_314' title='bbox 373 3086 477 3139; x_wconf 79' lang='grc' dir='ltr'>Τοῦ</span> <span class='ocrx_word' id='word_1_315' title='bbox 510 3085 810 3158; x_wconf 74' lang='grc' dir='ltr'>ἀπορρῖψαι</span> <span class='ocrx_word' id='word_1_316' title='bbox 855 3088 919 3137; x_wconf 84' lang='grc' dir='ltr'>ἐκ</span> <span class='ocrx_word' id='word_1_317' title='bbox 966 3084 1043 3156; x_wconf 78' lang='lat'>(5)</span> <span class='ocrx_word' id='word_1_318' title='bbox 1084 3085 1183 3155; x_wconf 84' lang='grc' dir='ltr'>τῆς</span> <span class='ocrx_word' id='word_1_319' title='bbox 1213 3083 1440 3155; x_wconf 87' lang='grc' dir='ltr'>καρδίας</span> <span class='ocrx_word' id='word_1_320' title='bbox 1486 3099 1585 3153; x_wconf 90' lang='grc' dir='ltr'>μου</span> <span class='ocrx_word' id='word_1_321' title='bbox 1619 3079 1753 3134; x_wconf 86' lang='grc' dir='ltr'>πάν-</span> 
     </span>
    </p>
   </div>
   <div class='ocr_carea' id='block_1_56' title="bbox 1904 3079 3434 3158">
    <p class='ocr_par' dir='ltr' id='par_1_56' title="bbox 1935 3084 3434 3157">
     <span class='ocr_line' id='line_1_56' title="bbox 1935 3084 3434 3157; baseline 0 -19"><span class='ocrx_word' id='word_1_322' title='bbox 1935 3084 2024 3138; x_wconf 90' lang='grc'><strong>16.</strong></span> <span class='ocrx_word' id='word_1_323' title='bbox 2058 3084 2129 3139; x_wconf 91' lang='lat' dir='ltr'><strong>Ut</strong></span> <span class='ocrx_word' id='word_1_324' title='bbox 2149 3087 2471 3157; x_wconf 86' lang='lat' dir='ltr'><strong>projicerem</strong></span> <span class='ocrx_word' id='word_1_325' title='bbox 2500 3101 2563 3141; x_wconf 83' lang='lat' dir='ltr'><strong>ex</strong></span> <span class='ocrx_word' id='word_1_326' title='bbox 2586 3086 2752 3142; x_wconf 91' lang='lat' dir='ltr'><strong>corde</strong></span> <span class='ocrx_word' id='word_1_327' title='bbox 2778 3100 2900 3140; x_wconf 92' lang='lat' dir='ltr'>meo</span> <span class='ocrx_word' id='word_1_328' title='bbox 2930 3100 3121 3140; x_wconf 85' lang='lat' dir='ltr'><strong>omnes</strong></span> <span class='ocrx_word' id='word_1_329' title='bbox 3145 3093 3434 3154; x_wconf 84' lang='lat' dir='ltr'><strong>operantes</strong></span> 
     </span>
    </p>
   </div>
   <div class='ocr_carea' id='block_1_57' title="bbox 171 3173 1701 3250">
    <p class='ocr_par' dir='ltr' id='par_1_57' title="bbox 171 3174 1701 3250">
     <span class='ocr_line' id='line_1_57' title="bbox 171 3174 1701 3250; baseline -0.003 -20"><span class='ocrx_word' id='word_1_330' title='bbox 171 3196 276 3241; x_wconf 85' lang='grc' dir='ltr'>τας</span> <span class='ocrx_word' id='word_1_331' title='bbox 310 3179 436 3241; x_wconf 79' lang='grc' dir='ltr'>τοὺς</span> <span class='ocrx_word' id='word_1_332' title='bbox 462 3176 863 3250; x_wconf 74' lang='grc' dir='ltr'>ἐργαζομένους</span> <span class='ocrx_word' id='word_1_333' title='bbox 895 3177 994 3249; x_wconf 83' lang='grc' dir='ltr'>τὴν</span> <span class='ocrx_word' id='word_1_334' title='bbox 1040 3177 1293 3247; x_wconf 85' lang='grc' dir='ltr'>ἀνομίαν,</span> <span class='ocrx_word' id='word_1_335' title='bbox 1322 3175 1417 3229; x_wconf 71' lang='grc' dir='ltr'>καὶ</span> <span class='ocrx_word' id='word_1_336' title='bbox 1448 3174 1627 3238; x_wconf 87' lang='grc' dir='ltr'>πάσας</span> <span class='ocrx_word' id='word_1_337' title='bbox 1656 3174 1701 3226; x_wconf 70' lang='grc' dir='ltr'>τί</span> 
     </span>
    </p>
   </div>
   <div class='ocr_carea' id='block_1_58' title="bbox 1904 3173 3434 3250">
    <p class='ocr_par' dir='ltr' id='par_1_58' title="bbox 1904 3176 3434 3249">
     <span class='ocr_line' id='line_1_58' title="bbox 1904 3176 3434 3249; baseline 0.001 -20"><span class='ocrx_word' id='word_1_338' title='bbox 1904 3176 2225 3246; x_wconf 71' lang='lat' dir='ltr'><strong>tiquitatem,</strong></span> <span class='ocrx_word' id='word_1_339' title='bbox 2264 3187 2319 3234; x_wconf 87' lang='lat' dir='ltr'>et</span> <span class='ocrx_word' id='word_1_340' title='bbox 2362 3193 2554 3234; x_wconf 89' lang='lat' dir='ltr'><strong>omnes</strong></span> <span class='ocrx_word' id='word_1_341' title='bbox 2593 3178 2951 3249; x_wconf 80' lang='lat' dir='ltr'><strong>cogitationes</strong></span> <span class='ocrx_word' id='word_1_342' title='bbox 2997 3177 3434 3232; x_wconf 85' lang='lat' dir='ltr'><strong>adversariarum</strong></span> 
     </span>
    </p>
   </div>
   <div class='ocr_carea' id='block_1_59' title="bbox 172 3268 1702 3357">
    <p class='ocr_par' dir='ltr' id='par_1_59' title="bbox 172 3268 1285 3353">
     <span class='ocr_line' id='line_1_59' title="bbox 172 3268 1285 3353; baseline 0 -31"><span class='ocrx_word' id='word_1_343' title='bbox 172 3268 506 3341; x_wconf 74' lang='grc' dir='ltr'>ἐνθυμήσεις</span> <span class='ocrx_word' id='word_1_344' title='bbox 537 3268 644 3322; x_wconf 84' lang='grc' dir='ltr'>τῶν</span> <span class='ocrx_word' id='word_1_345' title='bbox 674 3268 931 3324; x_wconf 77' lang='grc' dir='ltr'>ἐναντίων</span> <span class='ocrx_word' id='word_1_346' title='bbox 962 3268 1285 3353; x_wconf 69' lang='grc' dir='ltr'>δυνάμεων.</span> 
     </span>
    </p>
   </div>
   <div class='ocr_carea' id='block_1_60' title="bbox 684 3268 2214 3357">
    <p class='ocr_par' dir='ltr' id='par_1_60' title="bbox 684 3268 2214 3357">
     <span class='ocr_line' id='line_1_60' title="bbox 684 3268 2214 3357; baseline 0.001 -35"><span class='ocrx_word' id='word_1_347' title='bbox 684 3268 931 3324; x_wconf 65' lang='grc' dir='ltr'>ἐναντίων</span> <span class='ocrx_word' id='word_1_348' title='bbox 962 3268 1263 3339; x_wconf 86' lang='grc' dir='ltr'>δυνάμεων.</span> <span class='ocrx_word' id='word_1_349' title='bbox 1284 3348 1285 3353; x_wconf 9' lang='grc' dir='ltr'>γ</span> <span class='ocrx_word' id='word_1_350' title='bbox 1783 3301 1825 3357; x_wconf 75' lang='lat' dir='ltr'><strong>c</strong></span> <span class='ocrx_word' id='word_1_351' title='bbox 1860 3276 2214 3339; x_wconf 83' lang='lat' dir='ltr'><strong>potestatum.</strong></span> 
     </span>
    </p>
   </div>
   <div class='ocr_carea' id='block_1_61' title="bbox 262 3395 3440 3476">
    <p class='ocr_par' dir='ltr' id='par_1_61' title="bbox 262 3395 3440 3476">
     <span class='ocr_line' id='line_1_61' title="bbox 262 3395 3440 3476; baseline 0.001 -21"><span class='ocrx_word' id='word_1_352' title='bbox 262 3404 327 3455; x_wconf 79' lang='grc' dir='ltr'><strong>Ἡ</strong></span> <span class='ocrx_word' id='word_1_353' title='bbox 362 3402 695 3473; x_wconf 84' lang='grc' dir='ltr'>προκειμένη</span> <span class='ocrx_word' id='word_1_354' title='bbox 729 3400 1008 3472; x_wconf 78' lang='grc' dir='ltr'>ἐπιγραφὴ</span> <span class='ocrx_word' id='word_1_355' title='bbox 1036 3399 1281 3472; x_wconf 90' lang='grc' dir='ltr'>περιέχει</span> <span class='ocrx_word' id='word_1_356' title='bbox 1309 3398 1386 3470; x_wconf 66' lang='grc'>(4)</span> <span class='ocrx_word' id='word_1_357' title='bbox 1409 3413 1424 3427; x_wconf 90' lang='grc'><strong>·</strong></span> <span class='ocrx_word' id='word_1_358' title='bbox 1453 3395 1773 3473; x_wconf 69' lang='grc' dir='ltr'>Ιζοοσευχὴ</span> <span class='ocrx_word' id='word_1_359' title='bbox 1806 3398 1887 3465; x_wconf 83' lang='grc' dir='ltr'>τῷ</span> <span class='ocrx_word' id='word_1_360' title='bbox 1911 3402 2152 3472; x_wconf 82' lang='grc' dir='ltr'>πτωχῷ,</span> <span class='ocrx_word' id='word_1_361' title='bbox 2181 3404 2427 3459; x_wconf 87' lang='grc' dir='ltr'>τουτέστι</span> <span class='ocrx_word' id='word_1_362' title='bbox 2456 3405 2535 3472; x_wconf 84' lang='grc' dir='ltr'>τῷ</span> <span class='ocrx_word' id='word_1_363' title='bbox 2560 3403 2904 3476; x_wconf 76' lang='grc' dir='ltr'>ἁμαρτωλῷ.</span> <span class='ocrx_word' id='word_1_364' title='bbox 2937 3400 3094 3458; x_wconf 70' lang='grc' dir='ltr'>Εἶτα*</span> <span class='ocrx_word' id='word_1_365' title='bbox 3125 3404 3270 3459; x_wconf 75' lang='grc' dir='ltr'>ὅταν</span> <span class='ocrx_word' id='word_1_366' title='bbox 3296 3405 3440 3473; x_wconf 84' lang='grc' dir='ltr'>ἀκη-</span> 
     </span>
    </p>
   </div>
   <div class='ocr_carea' id='block_1_62' title="bbox 172 3494 3443 3571">
    <p class='ocr_par' dir='ltr' id='par_1_62' title="bbox 172 3494 3443 3571">
     <span class='ocr_line' id='line_1_62' title="bbox 172 3494 3443 3571; baseline 0 -18"><span class='ocrx_word' id='word_1_367' title='bbox 172 3500 387 3568; x_wconf 79' lang='grc' dir='ltr'>διάσῃ,</span> <span class='ocrx_word' id='word_1_368' title='bbox 423 3500 622 3553; x_wconf 76' lang='grc' dir='ltr'>ὡσανεὶ</span> <span class='ocrx_word' id='word_1_369' title='bbox 651 3500 777 3553; x_wconf 87' lang='grc' dir='ltr'>ὅταν</span> <span class='ocrx_word' id='word_1_370' title='bbox 819 3503 899 3561; x_wconf 83' lang='grc' dir='ltr'>εἰς</span> <span class='ocrx_word' id='word_1_371' title='bbox 946 3498 1253 3566; x_wconf 86' lang='grc' dir='ltr'>ἀπόγνωσιν</span> <span class='ocrx_word' id='word_1_372' title='bbox 1294 3495 1423 3567; x_wconf 80' lang='grc' dir='ltr'>ἔλθῃ</span> <span class='ocrx_word' id='word_1_373' title='bbox 1456 3494 1683 3548; x_wconf 82' lang='grc' dir='ltr'>ἐαυτοῦ·</span> <span class='ocrx_word' id='word_1_374' title='bbox 1726 3496 1826 3550; x_wconf 80' lang='grc' dir='ltr'>καὶ</span> <span class='ocrx_word' id='word_1_375' title='bbox 1864 3497 2145 3553; x_wconf 77' lang='grc' dir='ltr'>ἐναντίον</span> <span class='ocrx_word' id='word_1_376' title='bbox 2170 3502 2393 3568; x_wconf 82' lang='grc' dir='ltr'>Κυρίου</span> <span class='ocrx_word' id='word_1_377' title='bbox 2424 3501 2618 3571; x_wconf 82' lang='grc' dir='ltr'>ἐκχέει</span> <span class='ocrx_word' id='word_1_378' title='bbox 2658 3501 2773 3570; x_wconf 82' lang='grc' dir='ltr'>τὴν</span> <span class='ocrx_word' id='word_1_379' title='bbox 2804 3501 3015 3569; x_wconf 79' lang='grc' dir='ltr'>δέησιν</span> <span class='ocrx_word' id='word_1_380' title='bbox 3047 3500 3264 3556; x_wconf 85' lang='grc' dir='ltr'>αὑτοῦ·</span> <span class='ocrx_word' id='word_1_381' title='bbox 3299 3501 3443 3569; x_wconf 86' lang='grc' dir='ltr'>λέγω</span> 
     </span>
    </p>
   </div>
   <div class='ocr_carea' id='block_1_63' title="bbox 173 3586 3440 3665">
    <p class='ocr_par' dir='ltr' id='par_1_63' title="bbox 173 3586 3440 3665">
     <span class='ocr_line' id='line_1_63' title="bbox 173 3586 3440 3665; baseline 0 -21"><span class='ocrx_word' id='word_1_382' title='bbox 173 3592 245 3661; x_wconf 83' lang='grc' dir='ltr'>δὴ</span> <span class='ocrx_word' id='word_1_383' title='bbox 281 3590 573 3661; x_wconf 86' lang='grc' dir='ltr'>μετανοῶν,</span> <span class='ocrx_word' id='word_1_384' title='bbox 599 3592 683 3658; x_wconf 85' lang='grc' dir='ltr'>ἐφ’</span> <span class='ocrx_word' id='word_1_385' title='bbox 710 3586 907 3661; x_wconf 78' lang='grc' dir='ltr'>οἷσπερ</span> <span class='ocrx_word' id='word_1_386' title='bbox 940 3590 1154 3662; x_wconf 71' lang='grc' dir='ltr'>ἐκρίψει</span> <span class='ocrx_word' id='word_1_387' title='bbox 1196 3587 1385 3641; x_wconf 80' lang='grc' dir='ltr'>ἑαυτὸν</span> <span class='ocrx_word' id='word_1_388' title='bbox 1413 3588 1500 3640; x_wconf 85' lang='grc' dir='ltr'>ἐπ’</span> <span class='ocrx_word' id='word_1_389' title='bbox 1532 3588 1761 3657; x_wconf 79' lang='grc' dir='ltr'>ἐδάφους</span> <span class='ocrx_word' id='word_1_390' title='bbox 1782 3629 1797 3654; x_wconf 91' lang='grc'>,</span> <span class='ocrx_word' id='word_1_391' title='bbox 1824 3592 1918 3642; x_wconf 80' lang='grc' dir='ltr'>καὶ</span> <span class='ocrx_word' id='word_1_392' title='bbox 1964 3588 2103 3660; x_wconf 86' lang='grc' dir='ltr'>μετά</span> <span class='ocrx_word' id='word_1_393' title='bbox 2128 3591 2376 3662; x_wconf 84' lang='grc' dir='ltr'>δακρύων</span> <span class='ocrx_word' id='word_1_394' title='bbox 2420 3590 2654 3663; x_wconf 85' lang='grc' dir='ltr'>ἰσχυρῶν</span> <span class='ocrx_word' id='word_1_395' title='bbox 2684 3593 2778 3645; x_wconf 80' lang='grc' dir='ltr'>καὶ</span> <span class='ocrx_word' id='word_1_396' title='bbox 2808 3593 3129 3662; x_wconf 80' lang='grc' dir='ltr'>στεναγμῶν</span> <span class='ocrx_word' id='word_1_397' title='bbox 3157 3592 3440 3665; x_wconf 86' lang='grc' dir='ltr'>ἁλαλήτων</span> 
     </span>
    </p>
   </div>
   <div class='ocr_carea' id='block_1_64' title="bbox 176 3678 1977 3755">
    <p class='ocr_par' dir='ltr' id='par_1_64' title="bbox 176 3678 1977 3755">
     <span class='ocr_line' id='line_1_64' title="bbox 176 3678 1977 3755; baseline -0.001 -19"><span class='ocrx_word' id='word_1_398' title='bbox 176 3683 581 3755; x_wconf 69' lang='grc' dir='ltr'>ἱξομολογεῖται</span> <span class='ocrx_word' id='word_1_399' title='bbox 604 3684 682 3755; x_wconf 80' lang='grc' dir='ltr'>τῷ</span> <span class='ocrx_word' id='word_1_400' title='bbox 706 3684 894 3755; x_wconf 83' lang='grc' dir='ltr'>Κυρίῳ</span> <span class='ocrx_word' id='word_1_401' title='bbox 920 3686 980 3736; x_wconf 87' lang='grc' dir='ltr'>ού</span> <span class='ocrx_word' id='word_1_402' title='bbox 1010 3683 1271 3753; x_wconf 86' lang='grc' dir='ltr'>σχήματι,</span> <span class='ocrx_word' id='word_1_403' title='bbox 1306 3680 1419 3734; x_wconf 83' lang='grc' dir='ltr'>ἀλλ’</span> <span class='ocrx_word' id='word_1_404' title='bbox 1450 3678 1631 3751; x_wconf 78' lang='grc' dir='ltr'>ἔργοις</span> <span class='ocrx_word' id='word_1_405' title='bbox 1656 3681 1749 3733; x_wconf 74' lang='grc' dir='ltr'>καὶ</span> <span class='ocrx_word' id='word_1_406' title='bbox 1782 3679 1977 3750; x_wconf 84' lang='grc' dir='ltr'>λόγοις.</span> 
     </span>
    </p>
   </div>
   <div class='ocr_carea' id='block_1_65' title="bbox 252 3793 3441 3871">
    <p class='ocr_par' dir='ltr' id='par_1_65' title="bbox 252 3793 3441 3871">
     <span class='ocr_line' id='line_1_65' title="bbox 252 3793 3441 3871; baseline -0.001 -19"><span class='ocrx_word' id='word_1_407' title='bbox 252 3797 469 3855; x_wconf 85' lang='lat' dir='ltr'><strong>Titulus</strong></span> <span class='ocrx_word' id='word_1_408' title='bbox 503 3801 824 3871; x_wconf 70' lang='lat' dir='ltr'><strong>praepositus</strong></span> <span class='ocrx_word' id='word_1_409' title='bbox 844 3797 1121 3855; x_wconf 87' lang='lat' dir='ltr'><strong>continet:</strong></span> <span class='ocrx_word' id='word_1_410' title='bbox 1154 3796 1341 3852; x_wconf 80' lang='lat' dir='ltr'><strong>Oratio</strong></span> <span class='ocrx_word' id='word_1_411' title='bbox 1387 3794 1629 3865; x_wconf 79' lang='lat' dir='ltr'><strong>pauperi,</strong></span> <span class='ocrx_word' id='word_1_412' title='bbox 1666 3793 1773 3850; x_wconf 85' lang='lat' dir='ltr'><strong>hoc</strong></span> <span class='ocrx_word' id='word_1_413' title='bbox 1812 3808 1899 3850; x_wconf 91' lang='lat' dir='ltr'>est</span> <span class='ocrx_word' id='word_1_414' title='bbox 1927 3798 2214 3867; x_wconf 71' lang='lat' dir='ltr'><strong>peccaturi.</strong></span> <span class='ocrx_word' id='word_1_415' title='bbox 2248 3798 2451 3853; x_wconf 86' lang='lat' dir='ltr'><strong>Deinde</strong></span> <span class='ocrx_word' id='word_1_416' title='bbox 2485 3816 2498 3852; x_wconf 92' lang='lat'><strong>:</strong></span> <span class='ocrx_word' id='word_1_417' title='bbox 2541 3814 2659 3851; x_wconf 87' lang='lat' dir='ltr'>cum</span> <span class='ocrx_word' id='word_1_418' title='bbox 2693 3796 2886 3849; x_wconf 76' lang='lat' dir='ltr'><strong>anxius</strong></span> <span class='ocrx_word' id='word_1_419' title='bbox 2916 3795 3099 3864; x_wconf 79' lang='lat' dir='ltr'><strong>fuerit,</strong></span> <span class='ocrx_word' id='word_1_420' title='bbox 3126 3794 3352 3864; x_wconf 80' lang='lat' dir='ltr'><strong>perinde</strong></span> <span class='ocrx_word' id='word_1_421' title='bbox 3376 3811 3441 3849; x_wconf 85' lang='lat' dir='ltr'>ac</span> 
     </span>
    </p>
   </div>
   <div class='ocr_carea' id='block_1_66' title="bbox 176 3873 3437 3965">
    <p class='ocr_par' dir='ltr' id='par_1_66' title="bbox 176 3873 3437 3965">
     <span class='ocr_line' id='line_1_66' title="bbox 176 3873 3437 3965; baseline 0 -15"><span class='ocrx_word' id='word_1_422' title='bbox 176 3896 226 3950; x_wconf 84' lang='lat' dir='ltr'>si</span> <span class='ocrx_word' id='word_1_423' title='bbox 254 3894 462 3949; x_wconf 86' lang='lat' dir='ltr'><strong>diceret</strong></span> <span class='ocrx_word' id='word_1_424' title='bbox 493 3909 620 3948; x_wconf 91' lang='lat' dir='ltr'>cum</span> <span class='ocrx_word' id='word_1_425' title='bbox 643 3894 700 3948; x_wconf 93' lang='lat' dir='ltr'>in</span> <span class='ocrx_word' id='word_1_426' title='bbox 721 3893 1160 3963; x_wconf 84' lang='lat' dir='ltr'><strong>desperationem</strong></span> <span class='ocrx_word' id='word_1_427' title='bbox 1188 3890 1274 3946; x_wconf 91' lang='lat' dir='ltr'>sui</span> <span class='ocrx_word' id='word_1_428' title='bbox 1301 3890 1418 3959; x_wconf 89' lang='lat' dir='ltr'><strong>ipse</strong></span> <span class='ocrx_word' id='word_1_429' title='bbox 1438 3889 1651 3943; x_wconf 85' lang='lat' dir='ltr'><strong>venerit</strong></span> <span class='ocrx_word' id='word_1_430' title='bbox 1682 3898 1764 3944; x_wconf 86' lang='lat' dir='ltr'>:et</span> <span class='ocrx_word' id='word_1_431' title='bbox 1789 3907 1968 3945; x_wconf 88' lang='lat' dir='ltr'><strong>coram</strong></span> <span class='ocrx_word' id='word_1_432' title='bbox 1996 3893 2485 3965; x_wconf 64' lang='lat' dir='ltr'><strong>Dominae/fuderit</strong></span> <span class='ocrx_word' id='word_1_433' title='bbox 2509 3873 2925 3963; x_wconf 60' lang='lat' dir='ltr'><strong>deprecationem</strong></span> <span class='ocrx_word' id='word_1_434' title='bbox 2951 3912 3123 3960; x_wconf 86' lang='lat' dir='ltr'><strong>suam,</strong></span> <span class='ocrx_word' id='word_1_435' title='bbox 3145 3895 3437 3964; x_wconf 62' lang='lat' dir='ltr'><strong>paenitens.</strong></span> 
     </span>
    </p>
   </div>
   <div class='ocr_carea' id='block_1_67' title="bbox 176 3974 3437 4061">
    <p class='ocr_par' dir='ltr' id='par_1_67' title="bbox 176 3974 3437 4061">
     <span class='ocr_line' id='line_1_67' title="bbox 176 3974 3437 4061; baseline 0.001 -18"><span class='ocrx_word' id='word_1_436' title='bbox 176 3990 426 4057; x_wconf 83' lang='lat' dir='ltr'><strong>inquam,</strong></span> <span class='ocrx_word' id='word_1_437' title='bbox 459 4004 672 4056; x_wconf 90' lang='lat' dir='ltr'><strong>eorum,</strong></span> <span class='ocrx_word' id='word_1_438' title='bbox 694 4004 795 4058; x_wconf 87' lang='lat' dir='ltr'>pro</span> <span class='ocrx_word' id='word_1_439' title='bbox 815 3987 1014 4057; x_wconf 86' lang='lat' dir='ltr'><strong>quibus</strong></span> <span class='ocrx_word' id='word_1_440' title='bbox 1035 3985 1600 4055; x_wconf 68' lang='lat' dir='ltr'><strong>seipsumjprosternit</strong></span> <span class='ocrx_word' id='word_1_441' title='bbox 1626 3999 1790 4056; x_wconf 80' lang='lat' dir='ltr'><strong>super</strong></span> <span class='ocrx_word' id='word_1_442' title='bbox 1820 3996 2048 4055; x_wconf 85' lang='lat' dir='ltr'><strong>terram,</strong></span> <span class='ocrx_word' id='word_1_443' title='bbox 2072 3999 2125 4045; x_wconf 91' lang='lat' dir='ltr'>et</span> <span class='ocrx_word' id='word_1_444' title='bbox 2156 4006 2279 4045; x_wconf 93' lang='lat' dir='ltr'>cum</span> <span class='ocrx_word' id='word_1_445' title='bbox 2311 3991 2569 4061; x_wconf 84' lang='lat' dir='ltr'><strong>lacrymis</strong></span> <span class='ocrx_word' id='word_1_446' title='bbox 2591 3974 2805 4057; x_wconf 58' lang='lat' dir='ltr'><strong>validis,</strong></span> <span class='ocrx_word' id='word_1_447' title='bbox 2829 4000 2883 4046; x_wconf 89' lang='lat' dir='ltr'>et</span> <span class='ocrx_word' id='word_1_448' title='bbox 2907 3990 3196 4061; x_wconf 82' lang='lat' dir='ltr'><strong>gemitibus</strong></span> <span class='ocrx_word' id='word_1_449' title='bbox 3219 3990 3437 4045; x_wconf 86' lang='lat' dir='ltr'><strong>inenar—</strong></span> 
     </span>
    </p>
   </div>
   <div class='ocr_carea' id='block_1_68' title="bbox 179 4074 2427 4159">
    <p class='ocr_par' dir='ltr' id='par_1_68' title="bbox 179 4074 2427 4159">
     <span class='ocr_line' id='line_1_68' title="bbox 179 4074 2427 4159; baseline 0.004 -23"><span class='ocrx_word' id='word_1_450' title='bbox 179 4082 452 4137; x_wconf 75' lang='lat' dir='ltr'><strong>rabilibus</strong></span> <span class='ocrx_word' id='word_1_451' title='bbox 491 4082 782 4137; x_wconf 72' lang='lat' dir='ltr'><strong>confitetur</strong></span> <span class='ocrx_word' id='word_1_452' title='bbox 804 4083 1036 4139; x_wconf 87' lang='lat' dir='ltr'><strong>Domino</strong></span> <span class='ocrx_word' id='word_1_453' title='bbox 1067 4100 1178 4139; x_wconf 93' lang='lat' dir='ltr'>non</span> <span class='ocrx_word' id='word_1_454' title='bbox 1212 4084 1402 4139; x_wconf 89' lang='lat' dir='ltr'><strong>habitu</strong></span> <span class='ocrx_word' id='word_1_455' title='bbox 1435 4084 1705 4154; x_wconf 88' lang='lat' dir='ltr'><strong>corporis,</strong></span> <span class='ocrx_word' id='word_1_456' title='bbox 1733 4085 1829 4141; x_wconf 89' lang='lat' dir='ltr'>sed</span> <span class='ocrx_word' id='word_1_457' title='bbox 1855 4074 2038 4143; x_wconf 85' lang='lat' dir='ltr'><strong>verbis</strong></span> <span class='ocrx_word' id='word_1_458' title='bbox 2071 4096 2125 4143; x_wconf 90' lang='lat' dir='ltr'>et</span> <span class='ocrx_word' id='word_1_459' title='bbox 2150 4089 2427 4159; x_wconf 84' lang='lat' dir='ltr'><strong>Operibus.</strong></span> 
     </span>
    </p>
   </div>
   <div class='ocr_carea' id='block_1_69' title="bbox 254 4166 1784 4249">
    <p class='ocr_par' dir='ltr' id='par_1_69' title="bbox 254 4166 1753 4245">
     <span class='ocr_line' id='line_1_69' title="bbox 254 4166 1753 4245; baseline 0.002 -21"><span class='ocrx_word' id='word_1_460' title='bbox 254 4172 306 4224; x_wconf 93' lang='grc'>1.</span> <span class='ocrx_word' id='word_1_461' title='bbox 338 4170 532 4242; x_wconf 80' lang='grc' dir='ltr'>Κύριε,</span> <span class='ocrx_word' id='word_1_462' title='bbox 561 4170 849 4224; x_wconf 86' lang='grc' dir='ltr'>εἰσελθέτω</span> <span class='ocrx_word' id='word_1_463' title='bbox 863 4175 938 4236; x_wconf 90' lang='grc' dir='ltr'>εἰς</span> <span class='ocrx_word' id='word_1_464' title='bbox 954 4173 1023 4225; x_wconf 86' lang='grc' dir='ltr'>τὰ</span> <span class='ocrx_word' id='word_1_465' title='bbox 1040 4166 1153 4226; x_wconf 73' lang='grc' dir='ltr'>ὦτά</span> <span class='ocrx_word' id='word_1_466' title='bbox 1168 4190 1259 4226; x_wconf 91' lang='grc' dir='ltr'>σου</span> <span class='ocrx_word' id='word_1_467' title='bbox 1279 4175 1312 4245; x_wconf 85' lang='grc' dir='ltr'>ἡ</span> <span class='ocrx_word' id='word_1_468' title='bbox 1336 4174 1609 4245; x_wconf 79' lang='grc' dir='ltr'>προσευχὴ</span> <span class='ocrx_word' id='word_1_469' title='bbox 1630 4190 1753 4245; x_wconf 91' lang='grc' dir='ltr'>μου.</span> 
     </span>
    </p>
   </div>
   <div class='ocr_carea' id='block_1_70' title="bbox 1905 4166 3435 4249">
    <p class='ocr_par' dir='ltr' id='par_1_70' title="bbox 1941 4177 3435 4249">
     <span class='ocr_line' id='line_1_70' title="bbox 1941 4177 3435 4249; baseline 0.005 -19"><span class='ocrx_word' id='word_1_470' title='bbox 1941 4178 1989 4231; x_wconf 90' lang='grc'><strong>1.</strong></span> <span class='ocrx_word' id='word_1_471' title='bbox 2024 4177 2273 4246; x_wconf 87' lang='lat' dir='ltr'><strong>Domine,</strong></span> <span class='ocrx_word' id='word_1_472' title='bbox 2303 4178 2641 4249; x_wconf 80' lang='lat' dir='ltr'><strong>ingrediatur</strong></span> <span class='ocrx_word' id='word_1_473' title='bbox 2669 4180 2724 4234; x_wconf 91' lang='lat' dir='ltr'>in</span> <span class='ocrx_word' id='word_1_474' title='bbox 2762 4194 2921 4235; x_wconf 85' lang='lat' dir='ltr'><strong>aures</strong></span> <span class='ocrx_word' id='word_1_475' title='bbox 2947 4189 3069 4235; x_wconf 82' lang='lat' dir='ltr'><strong>tuas</strong></span> <span class='ocrx_word' id='word_1_476' title='bbox 3090 4178 3265 4234; x_wconf 85' lang='lat' dir='ltr'><strong>oratio</strong></span> <span class='ocrx_word' id='word_1_477' title='bbox 3294 4194 3435 4238; x_wconf 84' lang='lat' dir='ltr'><strong>mea.</strong></span> 
     </span>
    </p>
   </div>
   <div class='ocr_carea' id='block_1_71' title="bbox 248 4262 1778 4335">
    <p class='ocr_par' dir='ltr' id='par_1_71' title="bbox 248 4262 1227 4335">
     <span class='ocr_line' id='line_1_71' title="bbox 248 4262 1227 4335; baseline 0.003 -20"><span class='ocrx_word' id='word_1_478' title='bbox 248 4263 307 4315; x_wconf 74' lang='lat'><strong>2.</strong></span> <span class='ocrx_word' id='word_1_479' title='bbox 338 4262 451 4332; x_wconf 86' lang='grc' dir='ltr'>Τῆς</span> <span class='ocrx_word' id='word_1_480' title='bbox 475 4262 698 4332; x_wconf 86' lang='grc' dir='ltr'>καρδίας</span> <span class='ocrx_word' id='word_1_481' title='bbox 725 4280 825 4334; x_wconf 92' lang='grc' dir='ltr'>μου</span> <span class='ocrx_word' id='word_1_482' title='bbox 850 4265 879 4317; x_wconf 90' lang='grc' dir='ltr'>ὁ</span> <span class='ocrx_word' id='word_1_483' title='bbox 908 4264 1227 4335; x_wconf 86' lang='grc' dir='ltr'>στεναγμός.</span> 
     </span>
    </p>
   </div>
   <div class='ocr_carea' id='block_1_72' title="bbox 1098 4262 2628 4335">
    <p class='ocr_par' dir='ltr' id='par_1_72' title="bbox 1098 4264 2628 4335">
     <span class='ocr_line' id='line_1_72' title="bbox 1098 4264 2628 4335; baseline 0.007 -19"><span class='ocrx_word' id='word_1_484' title='bbox 1098 4264 1227 4335; x_wconf 73' lang='grc' dir='ltr'>’μός.</span> <span class='ocrx_word' id='word_1_485' title='bbox 1936 4269 1991 4323; x_wconf 75' lang='lat'><strong>2.</strong></span> <span class='ocrx_word' id='word_1_486' title='bbox 2022 4268 2269 4326; x_wconf 87' lang='lat' dir='ltr'><strong>Gemitus</strong></span> <span class='ocrx_word' id='word_1_487' title='bbox 2298 4270 2478 4326; x_wconf 90' lang='lat' dir='ltr'><strong>cordis</strong></span> <span class='ocrx_word' id='word_1_488' title='bbox 2502 4271 2628 4326; x_wconf 90' lang='lat' dir='ltr'><strong>mei.</strong></span> 
     </span>
    </p>
   </div>
   <div class='ocr_carea' id='block_1_73' title="bbox 252 4354 1782 4431">
    <p class='ocr_par' dir='ltr' id='par_1_73' title="bbox 252 4354 1020 4427">
     <span class='ocr_line' id='line_1_73' title="bbox 252 4354 1020 4427; baseline 0.001 -20"><span class='ocrx_word' id='word_1_489' title='bbox 252 4354 307 4407; x_wconf 82' lang='lat'>&#39;5.</span> <span class='ocrx_word' id='word_1_490' title='bbox 342 4354 443 4407; x_wconf 85' lang='grc' dir='ltr'>Διὰ</span> <span class='ocrx_word' id='word_1_491' title='bbox 466 4355 563 4419; x_wconf 86' lang='grc' dir='ltr'>τὰς</span> <span class='ocrx_word' id='word_1_492' title='bbox 596 4355 870 4427; x_wconf 80' lang='grc' dir='ltr'>ἁμαρτίας</span> <span class='ocrx_word' id='word_1_493' title='bbox 901 4373 1020 4426; x_wconf 88' lang='grc' dir='ltr'>μου.</span> 
     </span>
    </p>
   </div>
   <div class='ocr_carea' id='block_1_74' title="bbox 1131 4354 2661 4431">
    <p class='ocr_par' dir='ltr' id='par_1_74' title="bbox 1937 4359 2661 4431">
     <span class='ocr_line' id='line_1_74' title="bbox 1937 4359 2661 4431; baseline -0.003 -17"><span class='ocrx_word' id='word_1_494' title='bbox 1937 4361 1990 4415; x_wconf 77' lang='grc'><strong>5.</strong></span> <span class='ocrx_word' id='word_1_495' title='bbox 2020 4359 2250 4429; x_wconf 89' lang='lat' dir='ltr'><strong>Propter</strong></span> <span class='ocrx_word' id='word_1_496' title='bbox 2278 4367 2500 4431; x_wconf 88' lang='lat' dir='ltr'><strong>peccata</strong></span> <span class='ocrx_word' id='word_1_497' title='bbox 2522 4374 2661 4415; x_wconf 91' lang='lat' dir='ltr'><strong>mea.</strong></span> 
     </span>
    </p>
   </div>
   <div class='ocr_carea' id='block_1_75' title="bbox 250 4445 1780 4521">
    <p class='ocr_par' dir='ltr' id='par_1_75' title="bbox 250 4445 1759 4521">
     <span class='ocr_line' id='line_1_75' title="bbox 250 4445 1759 4521; baseline 0.004 -23"><span class='ocrx_word' id='word_1_498' title='bbox 250 4445 306 4498; x_wconf 72' lang='grc' dir='ltr'>ι.</span> <span class='ocrx_word' id='word_1_499' title='bbox 343 4446 518 4500; x_wconf 82' lang='grc' dir='ltr'>Μόνον</span> <span class='ocrx_word' id='word_1_500' title='bbox 557 4445 871 4517; x_wconf 79' lang='grc' dir='ltr'>θλιϐόμενον</span> <span class='ocrx_word' id='word_1_501' title='bbox 904 4446 1266 4520; x_wconf 74' lang='grc' dir='ltr'>[θλιϐόμενος]</span> <span class='ocrx_word' id='word_1_502' title='bbox 1296 4446 1371 4519; x_wconf 80' lang='grc'>(5)</span> <span class='ocrx_word' id='word_1_503' title='bbox 1404 4447 1583 4521; x_wconf 79' lang='grc' dir='ltr'>βοήσω</span> <span class='ocrx_word' id='word_1_504' title='bbox 1622 4450 1759 4521; x_wconf 84' lang='grc' dir='ltr'>πρὸς</span> 
     </span>
    </p>
   </div>
   <div class='ocr_carea' id='block_1_76' title="bbox 1638 4445 3168 4521">
    <p class='ocr_par' dir='ltr' id='par_1_76' title="bbox 1638 4450 3168 4521">
     <span class='ocr_line' id='line_1_76' title="bbox 1638 4450 3168 4521; baseline 0.001 -19"><span class='ocrx_word' id='word_1_505' title='bbox 1638 4450 1759 4521; x_wconf 67' lang='grc' dir='ltr'>πρὸς</span> <span class='ocrx_word' id='word_1_506' title='bbox 1940 4452 1997 4507; x_wconf 70' lang='grc'>4.</span> <span class='ocrx_word' id='word_1_507' title='bbox 2030 4451 2241 4520; x_wconf 91' lang='lat' dir='ltr'><strong>Solum,</strong></span> <span class='ocrx_word' id='word_1_508' title='bbox 2277 4466 2403 4507; x_wconf 91' lang='lat' dir='ltr'>cum</span> <span class='ocrx_word' id='word_1_509' title='bbox 2433 4452 2684 4520; x_wconf 90' lang='lat' dir='ltr'><strong>tribulor,</strong></span> <span class='ocrx_word' id='word_1_510' title='bbox 2712 4452 2960 4508; x_wconf 87' lang='lat' dir='ltr'><strong>clamabo</strong></span> <span class='ocrx_word' id='word_1_511' title='bbox 2986 4452 3054 4508; x_wconf 90' lang='lat' dir='ltr'>ad</span> <span class='ocrx_word' id='word_1_512' title='bbox 3084 4461 3168 4506; x_wconf 71' lang='lat' dir='ltr'><strong>te-</strong></span> 
     </span>
    </p>
   </div>
   <div class='ocr_carea' id='block_1_77' title="bbox 182 4534 243 4585">
    <p class='ocr_par' dir='ltr' id='par_1_77' title="bbox 182 4534 243 4585">
     <span class='ocr_line' id='line_1_77' title="bbox 182 4534 243 4585; baseline 0 0"><span class='ocrx_word' id='word_1_513' title='bbox 182 4534 243 4585; x_wconf 72' lang='grc' dir='ltr'>σέ</span> 
     </span>
    </p>
   </div>
   <div class='ocr_carea' id='block_1_78' title="bbox 255 4605 1785 4701">
    <p class='ocr_par' dir='ltr' id='par_1_78' title="bbox 255 4626 1473 4701">
     <span class='ocr_line' id='line_1_78' title="bbox 255 4626 1473 4701; baseline 0.003 -21"><span class='ocrx_word' id='word_1_514' title='bbox 255 4626 309 4680; x_wconf 83' lang='grc'>5.</span> <span class='ocrx_word' id='word_1_515' title='bbox 344 4626 627 4698; x_wconf 89' lang='grc' dir='ltr'>Συντόμως</span> <span class='ocrx_word' id='word_1_516' title='bbox 654 4628 940 4701; x_wconf 86' lang='grc' dir='ltr'>πλήρωσόν</span> <span class='ocrx_word' id='word_1_517' title='bbox 977 4646 1077 4699; x_wconf 90' lang='grc' dir='ltr'>μου</span> <span class='ocrx_word' id='word_1_518' title='bbox 1105 4628 1205 4699; x_wconf 82' lang='grc' dir='ltr'>τὴν</span> <span class='ocrx_word' id='word_1_519' title='bbox 1239 4628 1473 4701; x_wconf 74' lang='grc' dir='ltr'>αἴτησιν.</span> 
     </span>
    </p>
   </div>
   <div class='ocr_carea' id='block_1_79' title="bbox 1575 4605 3105 4701">
    <p class='ocr_par' dir='ltr' id='par_1_79' title="bbox 1791 4605 3105 4701">
     <span class='ocr_line' id='line_1_79' title="bbox 1791 4605 3105 4701; baseline -0.002 -14"><span class='ocrx_word' id='word_1_520' title='bbox 1791 4605 1837 4659; x_wconf 68' lang='grc' dir='ltr'><strong>Β</strong></span> <span class='ocrx_word' id='word_1_521' title='bbox 1939 4632 1993 4687; x_wconf 82' lang='grc'>5.</span> <span class='ocrx_word' id='word_1_522' title='bbox 2025 4630 2324 4687; x_wconf 82' lang='lat' dir='ltr'><strong>Confestim</strong></span> <span class='ocrx_word' id='word_1_523' title='bbox 2348 4631 2513 4701; x_wconf 89' lang='lat' dir='ltr'><strong>imple</strong></span> <span class='ocrx_word' id='word_1_524' title='bbox 2541 4630 2858 4701; x_wconf 87' lang='lat' dir='ltr'><strong>petitionem</strong></span> <span class='ocrx_word' id='word_1_525' title='bbox 2891 4646 3105 4686; x_wconf 90' lang='lat' dir='ltr'><strong>meam..</strong></span> 
     </span>
    </p>
   </div>
   <div class='ocr_carea' id='block_1_80' title="bbox 253 4714 1783 4794">
    <p class='ocr_par' dir='ltr' id='par_1_80' title="bbox 253 4714 1264 4791">
     <span class='ocr_line' id='line_1_80' title="bbox 253 4714 1264 4791; baseline 0.005 -23"><span class='ocrx_word' id='word_1_526' title='bbox 253 4714 307 4769; x_wconf 89' lang='lat'><strong>6.</strong></span> <span class='ocrx_word' id='word_1_527' title='bbox 341 4716 461 4768; x_wconf 86' lang='grc' dir='ltr'>Ὅτι</span> <span class='ocrx_word' id='word_1_528' title='bbox 493 4718 548 4769; x_wconf 87' lang='grc' dir='ltr'>ἐν</span> <span class='ocrx_word' id='word_1_529' title='bbox 583 4718 825 4790; x_wconf 82' lang='grc' dir='ltr'>ἁμαρτίᾳ</span> <span class='ocrx_word' id='word_1_530' title='bbox 853 4719 928 4787; x_wconf 90' lang='grc'>(6)</span> <span class='ocrx_word' id='word_1_531' title='bbox 959 4720 1264 4791; x_wconf 85' lang='grc' dir='ltr'>γεγήρακα.</span> 
     </span>
    </p>
   </div>
   <div class='ocr_carea' id='block_1_81' title="bbox 1275 4714 2805 4794">
    <p class='ocr_par' dir='ltr' id='par_1_81' title="bbox 1938 4723 2805 4794">
     <span class='ocr_line' id='line_1_81' title="bbox 1938 4723 2805 4794; baseline -0.001 -17"><span class='ocrx_word' id='word_1_532' title='bbox 1938 4723 1993 4780; x_wconf 85' lang='lat'><strong>6.</strong></span> <span class='ocrx_word' id='word_1_533' title='bbox 2030 4724 2169 4790; x_wconf 83' lang='lat' dir='ltr'><strong>Quia</strong></span> <span class='ocrx_word' id='word_1_534' title='bbox 2196 4725 2249 4778; x_wconf 92' lang='lat' dir='ltr'>in</span> <span class='ocrx_word' id='word_1_535' title='bbox 2271 4737 2492 4794; x_wconf 87' lang='lat' dir='ltr'><strong>peccato</strong></span> <span class='ocrx_word' id='word_1_536' title='bbox 2524 4723 2805 4778; x_wconf 88' lang='lat' dir='ltr'><strong>consenui.</strong></span> 
     </span>
    </p>
   </div>
   <div class='ocr_carea' id='block_1_82' title="bbox 254 4804 1784 4887">
    <p class='ocr_par' dir='ltr' id='par_1_82' title="bbox 254 4804 1755 4885">
     <span class='ocr_line' id='line_1_82' title="bbox 254 4804 1755 4885; baseline 0.005 -27"><span class='ocrx_word' id='word_1_537' title='bbox 254 4804 309 4858; x_wconf 87' lang='lat'>7.</span> <span class='ocrx_word' id='word_1_538' title='bbox 351 4805 456 4860; x_wconf 74' lang='lat' dir='ltr'>Kal</span> <span class='ocrx_word' id='word_1_539' title='bbox 504 4811 535 4879; x_wconf 83' lang='grc' dir='ltr'><strong>ἡ</strong></span> <span class='ocrx_word' id='word_1_540' title='bbox 578 4809 729 4879; x_wconf 87' lang='grc' dir='ltr'>ἰσχύς</span> <span class='ocrx_word' id='word_1_541' title='bbox 774 4809 848 4879; x_wconf 92' lang='lat'>(7)</span> <span class='ocrx_word' id='word_1_542' title='bbox 897 4827 997 4880; x_wconf 83' lang='grc' dir='ltr'>μου</span> <span class='ocrx_word' id='word_1_543' title='bbox 1040 4811 1427 4880; x_wconf 86' lang='grc' dir='ltr'>συγκέκαυται,</span> <span class='ocrx_word' id='word_1_544' title='bbox 1463 4812 1555 4865; x_wconf 75' lang='grc' dir='ltr'>καὶ</span> <span class='ocrx_word' id='word_1_545' title='bbox 1586 4828 1755 4885; x_wconf 84' lang='grc' dir='ltr'>μεμε-</span> 
     </span>
    </p>
   </div>
   <div class='ocr_carea' id='block_1_83' title="bbox 1911 4804 3441 4887">
    <p class='ocr_par' dir='ltr' id='par_1_83' title="bbox 1941 4810 3441 4887">
     <span class='ocr_line' id='line_1_83' title="bbox 1941 4810 3441 4887; baseline 0.002 -25"><span class='ocrx_word' id='word_1_546' title='bbox 1941 4811 1995 4863; x_wconf 85' lang='grc'>7.</span> <span class='ocrx_word' id='word_1_547' title='bbox 2028 4810 2096 4865; x_wconf 84' lang='grc' dir='ltr'>Ει</span> <span class='ocrx_word' id='word_1_548' title='bbox 2143 4812 2474 4887; x_wconf 85' lang='lat' dir='ltr'><strong>virtus_mea</strong></span> <span class='ocrx_word' id='word_1_549' title='bbox 2504 4810 2788 4866; x_wconf 87' lang='lat' dir='ltr'><strong>combusta</strong></span> <span class='ocrx_word' id='word_1_550' title='bbox 2821 4820 2924 4874; x_wconf 89' lang='lat' dir='ltr'><strong>est,</strong></span> <span class='ocrx_word' id='word_1_551' title='bbox 2962 4819 3016 4864; x_wconf 90' lang='lat' dir='ltr'>et</span> <span class='ocrx_word' id='word_1_552' title='bbox 3044 4810 3325 4880; x_wconf 73' lang='lat' dir='ltr'><strong>denigrata</strong></span> <span class='ocrx_word' id='word_1_553' title='bbox 3360 4822 3441 4867; x_wconf 82' lang='lat' dir='ltr'>est</span> 
     </span>
    </p>
   </div>
   <div class='ocr_carea' id='block_1_84' title="bbox 182 4897 1712 4974">
    <p class='ocr_par' dir='ltr' id='par_1_84' title="bbox 182 4897 1467 4974">
     <span class='ocr_line' id='line_1_84' title="bbox 182 4897 1467 4974; baseline 0.007 -27"><span class='ocrx_word' id='word_1_554' title='bbox 182 4897 421 4951; x_wconf 84' lang='grc' dir='ltr'>λάνωται</span> <span class='ocrx_word' id='word_1_555' title='bbox 446 4898 579 4951; x_wconf 86' lang='grc' dir='ltr'>ὠσεί</span> <span class='ocrx_word' id='word_1_556' title='bbox 603 4900 875 4972; x_wconf 77' lang='grc' dir='ltr'>φρύγανον</span> <span class='ocrx_word' id='word_1_557' title='bbox 909 4902 1014 4954; x_wconf 80' lang='grc' dir='ltr'>ὑπὸ</span> <span class='ocrx_word' id='word_1_558' title='bbox 1045 4903 1143 4973; x_wconf 81' lang='grc' dir='ltr'>τῆς</span> <span class='ocrx_word' id='word_1_559' title='bbox 1174 4903 1467 4974; x_wconf 80' lang='grc' dir='ltr'>ἁμαρτίας.</span> 
     </span>
    </p>
   </div>
   <div class='ocr_carea' id='block_1_85' title="bbox 1166 4897 2696 4974">
    <p class='ocr_par' dir='ltr' id='par_1_85' title="bbox 1174 4903 2696 4974">
     <span class='ocr_line' id='line_1_85' title="bbox 1174 4903 2696 4974; baseline 0 -19"><span class='ocrx_word' id='word_1_560' title='bbox 1174 4903 1467 4974; x_wconf 78' lang='grc' dir='ltr'>ἁμαρτίας.</span> <span class='ocrx_word' id='word_1_561' title='bbox 1871 4917 1900 4956; x_wconf 90' lang='lat' dir='ltr'>a</span> <span class='ocrx_word' id='word_1_562' title='bbox 1941 4910 2186 4971; x_wconf 84' lang='lat' dir='ltr'><strong>peccato,</strong></span> <span class='ocrx_word' id='word_1_563' title='bbox 2217 4903 2385 4958; x_wconf 81' lang='lat' dir='ltr'><strong>veluti</strong></span> <span class='ocrx_word' id='word_1_564' title='bbox 2411 4903 2696 4959; x_wconf 88' lang='lat' dir='ltr'><strong>cremium.</strong></span> 
     </span>
    </p>
   </div>
   <div class='ocr_carea' id='block_1_86' title="bbox 256 5011 701 5083">
    <p class='ocr_par' dir='ltr' id='par_1_86' title="bbox 256 5011 701 5083">
     <span class='ocr_line' id='line_1_86' title="bbox 256 5011 701 5083; baseline 0.018 -20"><span class='ocrx_word' id='word_1_565' title='bbox 256 5011 299 5041; x_wconf 82' lang='lat'>“</span> <span class='ocrx_word' id='word_1_566' title='bbox 337 5011 532 5082; x_wconf 79' lang='lat' dir='ltr'><strong>Eplies.</strong></span> <span class='ocrx_word' id='word_1_567' title='bbox 557 5029 617 5083; x_wconf 90' lang='grc' dir='ltr'>ιι,</span> <span class='ocrx_word' id='word_1_568' title='bbox 648 5014 701 5071; x_wconf 93' lang='grc'>1.</span> 
     </span>
    </p>
   </div>
   <div class='ocr_carea' id='block_1_87' title="bbox 380 5028 2482 5184">
    <p class='ocr_par' dir='ltr' id='par_1_87' title="bbox 380 5028 2482 5184">
     <span class='ocr_line' id='line_1_87' title="bbox 419 5028 701 5083; baseline 0.021 -18"><span class='ocrx_word' id='word_1_569' title='bbox 419 5028 532 5068; x_wconf 87' lang='lat' dir='ltr'><strong>nes.</strong></span> <span class='ocrx_word' id='word_1_570' title='bbox 557 5029 617 5083; x_wconf 90' lang='grc' dir='ltr'>ιι,</span> <span class='ocrx_word' id='word_1_571' title='bbox 648 5028 701 5071; x_wconf 82' lang='grc'>1.</span> 
     </span>
     <span class='ocr_line' id='line_1_88' title="bbox 380 5028 2482 5184; baseline 0 -18"><span class='ocrx_word' id='word_1_572' title='bbox 380 5028 413 5082; x_wconf 74' lang='lat' dir='ltr'>p</span> <span class='ocrx_word' id='word_1_573' title='bbox 1134 5105 1443 5169; x_wconf 82' lang='lat' dir='ltr'><strong>Addenda</strong></span> <span class='ocrx_word' id='word_1_574' title='bbox 1485 5115 1545 5168; x_wconf 90' lang='lat' dir='ltr'>et</span> <span class='ocrx_word' id='word_1_575' title='bbox 1590 5108 1967 5184; x_wconf 79' lang='lat' dir='ltr'><strong>corrigenda</strong></span> <span class='ocrx_word' id='word_1_576' title='bbox 1998 5122 2075 5167; x_wconf 81' lang='lat' dir='ltr'><strong>ex</strong></span> <span class='ocrx_word' id='word_1_577' title='bbox 2107 5105 2247 5166; x_wconf 90' lang='lat' dir='ltr'><strong>cod.</strong></span> <span class='ocrx_word' id='word_1_578' title='bbox 2281 5105 2482 5166; x_wconf 82' lang='lat' dir='ltr'><strong>Vatic.</strong></span> 
     </span>
    </p>
   </div>
   <div class='ocr_carea' id='block_1_88' title="bbox 252 5248 3444 5325">
    <p class='ocr_par' dir='ltr' id='par_1_88' title="bbox 252 5248 3444 5325">
     <span class='ocr_line' id='line_1_89' title="bbox 252 5248 3444 5325; baseline -0.005 -8"><span class='ocrx_word' id='word_1_579' title='bbox 356 5248 709 5325; x_wconf 63' lang='grc' dir='ltr'>Ῑξατίίξκησενο</span> <span class='ocrx_word' id='word_1_580' title='bbox 1860 5255 1939 5324; x_wconf 83' lang='grc' dir='ltr'>τῷ</span> <span class='ocrx_word' id='word_1_581' title='bbox 1964 5252 2308 5325; x_wconf 29' lang='grc' dir='ltr'>άμαρτωλῷῌ·</span> <span class='ocrx_word' id='word_1_582' title='bbox 2346 5254 2473 5306; x_wconf 82' lang='grc' dir='ltr'>ὅταν</span> <span class='ocrx_word' id='word_1_583' title='bbox 2502 5252 2793 5325; x_wconf 80' lang='grc' dir='ltr'>ἀκηδιάσῃ,</span> <span class='ocrx_word' id='word_1_584' title='bbox 2810 5251 3026 5325; x_wconf 12' lang='grc' dir='ltr'>,ὠσμνεί</span> <span class='ocrx_word' id='word_1_585' title='bbox 3049 5251 3176 5325; x_wconf 64' lang='grc' dir='ltr'>ὅταν</span> <span class='ocrx_word' id='word_1_586' title='bbox 3204 5248 3347 5325; x_wconf 11' lang='grc' dir='ltr'>ἔλθῃ,</span> <span class='ocrx_word' id='word_1_587' title='bbox 3363 5257 3444 5325; x_wconf 67' lang='grc' dir='ltr'>εἰς</span> 
     </span>
    </p>
   </div>
   <div class='ocr_carea' id='block_1_89' title="bbox 257 5269 3441 5395">
    <p class='ocr_par' dir='ltr' id='par_1_89' title="bbox 257 5269 3441 5395">
     <span class='ocr_line' id='line_1_90' title="bbox 257 5269 3441 5325; baseline -0.005 -8"><span class='ocrx_word' id='word_1_588' title='bbox 257 5269 330 5319; x_wconf 76' lang='grc'>[⁷)</span> <span class='ocrx_word' id='word_1_589' title='bbox 358 5269 709 5321; x_wconf 66' lang='grc' dir='ltr'>λατφκησενο</span> <span class='ocrx_word' id='word_1_590' title='bbox 1860 5274 1939 5324; x_wconf 87' lang='grc' dir='ltr'>τῳ</span> <span class='ocrx_word' id='word_1_591' title='bbox 1964 5269 2275 5325; x_wconf 76' lang='grc' dir='ltr'>αμαρτωλῳ</span> <span class='ocrx_word' id='word_1_592' title='bbox 2295 5271 2308 5285; x_wconf 93' lang='grc'><strong>·</strong></span> <span class='ocrx_word' id='word_1_593' title='bbox 2346 5269 2473 5306; x_wconf 87' lang='grc' dir='ltr'>οταν</span> <span class='ocrx_word' id='word_1_594' title='bbox 2502 5269 2793 5324; x_wconf 81' lang='grc' dir='ltr'>ακηοιασῃ,</span> <span class='ocrx_word' id='word_1_595' title='bbox 2824 5269 3026 5304; x_wconf 89' lang='grc' dir='ltr'>ωσανει</span> <span class='ocrx_word' id='word_1_596' title='bbox 3049 5269 3176 5303; x_wconf 89' lang='grc' dir='ltr'>οταν</span> <span class='ocrx_word' id='word_1_597' title='bbox 3204 5269 3295 5302; x_wconf 74' lang='lat' dir='ltr'>am</span> <span class='ocrx_word' id='word_1_598' title='bbox 3363 5269 3441 5319; x_wconf 76' lang='grc' dir='ltr'>εις</span> 
     </span>
     <span class='ocr_line' id='line_1_91' title="bbox 257 5269 3441 5395; baseline -0.005 -10"><span class='ocrx_word' id='word_1_599' title='bbox 257 5319 337 5395; x_wconf 65' lang='lat'>(2-)</span> <span class='ocrx_word' id='word_1_600' title='bbox 362 5320 752 5395; x_wconf 57' lang='grc' dir='ltr'>(Ρςυτξξόιέενος.</span> <span class='ocrx_word' id='word_1_601' title='bbox 804 5391 815 5395; x_wconf 26' lang='grc' dir='ltr'><strong>Α</strong></span> <span class='ocrx_word' id='word_1_602' title='bbox 1862 5328 2195 5394; x_wconf 87' lang='grc' dir='ltr'>ἐπίγνωσιν·</span> <span class='ocrx_word' id='word_1_603' title='bbox 2246 5322 2366 5378; x_wconf 75' lang='grc' dir='ltr'>εἶτα</span> <span class='ocrx_word' id='word_1_604' title='bbox 2423 5324 2696 5395; x_wconf 83' lang='grc' dir='ltr'>μετανοῶν</span> <span class='ocrx_word' id='word_1_605' title='bbox 2739 5315 2958 5395; x_wconf 47' lang='grc' dir='ltr'>ἐφ’-οἷς</span> <span class='ocrx_word' id='word_1_606' title='bbox 2994 5318 3263 5395; x_wconf 65' lang='grc' dir='ltr'>ἔπραξεν,</span> <span class='ocrx_word' id='word_1_607' title='bbox 3296 5269 3441 5394; x_wconf 51' lang='lat' dir='ltr'><strong>yid,“</strong></span> 
     </span>
    </p>
   </div>
   <div class='ocr_carea' id='block_1_90' title="bbox 256 5389 1786 5464">
    <p class='ocr_par' dir='ltr' id='par_1_90' title="bbox 256 5389 1763 5464">
     <span class='ocr_line' id='line_1_92' title="bbox 256 5389 1763 5464; baseline 0.003 -20"><span class='ocrx_word' id='word_1_608' title='bbox 256 5389 333 5458; x_wconf 76' lang='grc' dir='ltr'>(ὅ)</span> <span class='ocrx_word' id='word_1_609' title='bbox 369 5390 511 5464; x_wconf 36' lang='grc' dir='ltr'>-ᾉπὸ</span> <span class='ocrx_word' id='word_1_610' title='bbox 550 5389 855 5464; x_wconf 11' lang='grc' dir='ltr'>τῆςὲρειιιίο</span> <span class='ocrx_word' id='word_1_611' title='bbox 902 5404 1027 5460; x_wconf 86' lang='lat' dir='ltr'><strong>post</strong></span> <span class='ocrx_word' id='word_1_612' title='bbox 1059 5395 1224 5464; x_wconf 83' lang='lat' dir='ltr'><strong>_decst</strong></span> <span class='ocrx_word' id='word_1_613' title='bbox 1264 5396 1391 5459; x_wconf 86' lang='grc' dir='ltr'>καί,</span> <span class='ocrx_word' id='word_1_614' title='bbox 1418 5396 1612 5450; x_wconf 92' lang='lat' dir='ltr'><strong>deinde</strong></span> <span class='ocrx_word' id='word_1_615' title='bbox 1681 5398 1763 5459; x_wconf 86' lang='grc' dir='ltr'>εἰς</span> 
     </span>
    </p>
   </div>
   <div class='ocr_carea' id='block_1_91' title="bbox 1910 5389 3440 5464">
    <p class='ocr_par' dir='ltr' id='par_1_91' title="bbox 1910 5389 3440 5464">
     <span class='ocr_line' id='line_1_93' title="bbox 1910 5389 3440 5464; baseline -0.001 -15"><span class='ocrx_word' id='word_1_616' title='bbox 1910 5389 2075 5460; x_wconf 78' lang='grc' dir='ltr'>ιυτόν,</span> <span class='ocrx_word' id='word_1_617' title='bbox 2126 5406 2255 5461; x_wconf 87' lang='lat' dir='ltr'><strong>etc.,</strong></span> <span class='ocrx_word' id='word_1_618' title='bbox 2290 5389 2744 5464; x_wconf 79' lang='grc' dir='ltr'>ἐξομολογήσεται</span> <span class='ocrx_word' id='word_1_619' title='bbox 2782 5389 2870 5462; x_wconf 70' lang='grc' dir='ltr'>τῷ</span> <span class='ocrx_word' id='word_1_620' title='bbox 2916 5389 3106 5460; x_wconf 84' lang='grc' dir='ltr'>Κυρίῳ</span> <span class='ocrx_word' id='word_1_621' title='bbox 3152 5389 3333 5460; x_wconf 68' lang='grc' dir='ltr'>ἔργῳ,</span> <span class='ocrx_word' id='word_1_622' title='bbox 3366 5389 3440 5447; x_wconf 73' lang='grc' dir='ltr'>ὀὐ</span> 
     </span>
    </p>
   </div>
   <div class='ocr_carea' id='block_1_92' title="bbox 185 5459 2436 5544">
    <p class='ocr_par' dir='ltr' id='par_1_92' title="bbox 185 5459 2436 5544">
     <span class='ocr_line' id='line_1_94' title="bbox 185 5459 2436 5544; baseline 0.003 -34"><span class='ocrx_word' id='word_1_623' title='bbox 185 5459 283 5544; x_wconf 52' lang='grc' dir='ltr'>τὸν.</span> <span class='ocrx_word' id='word_1_624' title='bbox 327 5459 829 5544; x_wconf 39' lang='grc' dir='ltr'>αίῷναμδυνάμεων</span> <span class='ocrx_word' id='word_1_625' title='bbox 869 5459 967 5533; x_wconf 82' lang='lat' dir='ltr'>pro</span> <span class='ocrx_word' id='word_1_626' title='bbox 1010 5462 1119 5516; x_wconf 84' lang='grc' dir='ltr'>τῶν</span> <span class='ocrx_word' id='word_1_627' title='bbox 1168 5465 1422 5519; x_wconf 76' lang='grc' dir='ltr'>ἐναντίων</span> <span class='ocrx_word' id='word_1_628' title='bbox 1455 5466 1757 5536; x_wconf 85' lang='grc' dir='ltr'>δυνάμεων,</span> <span class='ocrx_word' id='word_1_629' title='bbox 1864 5459 2121 5544; x_wconf 70' lang='grc' dir='ltr'>σχήματι,</span> <span class='ocrx_word' id='word_1_630' title='bbox 2154 5459 2249 5544; x_wconf 62' lang='grc' dir='ltr'>καὶ</span> <span class='ocrx_word' id='word_1_631' title='bbox 2276 5459 2436 5544; x_wconf 58' lang='grc' dir='ltr'>λόγιρ.</span> 
     </span>
    </p>
   </div>
   <div class='ocr_carea' id='block_1_93' title="bbox 190 5518 1720 5607">
    <p class='ocr_par' dir='ltr' id='par_1_93' title="bbox 190 5518 1697 5607">
     <span class='ocr_line' id='line_1_95' title="bbox 190 5518 1697 5607; baseline 0.003 -26"><span class='ocrx_word' id='word_1_632' title='bbox 190 5530 441 5607; x_wconf 40' lang='lat' dir='ltr'><strong>scduvct.‘</strong></span> <span class='ocrx_word' id='word_1_633' title='bbox 468 5531 562 5607; x_wconf 46' lang='lat' dir='ltr'><strong>alt:</strong></span> <span class='ocrx_word' id='word_1_634' title='bbox 600 5518 781 5607; x_wconf 64' lang='lat' dir='ltr'><strong>lectio.</strong></span> <span class='ocrx_word' id='word_1_635' title='bbox 869 5518 887 5533; x_wconf 57' lang='grc'><strong><em>³</em></strong></span> <span class='ocrx_word' id='word_1_636' title='bbox 919 5602 968 5607; x_wconf 32' lang='grc' dir='ltr'>Δ.</span> <span class='ocrx_word' id='word_1_637' title='bbox 1310 5606 1317 5607; x_wconf 14' lang='lat'><em>7</em></span> <span class='ocrx_word' id='word_1_638' title='bbox 1408 5518 1411 5519; x_wconf 13' lang='grc' dir='ltr'><em>ν</em></span> <span class='ocrx_word' id='word_1_639' title='bbox 1560 5518 1603 5536; x_wconf 33' lang='grc' dir='ltr'>Ἰ</span> 
     </span>
    </p>
   </div>
   <div class='ocr_carea' id='block_1_94' title="bbox 1066 5518 2596 5607">
    <p class='ocr_par' dir='ltr' id='par_1_94' title="bbox 1310 5518 2596 5607">
     <span class='ocr_line' id='line_1_96' title="bbox 1310 5518 2596 5607; baseline -0.016 0"><span class='ocrx_word' id='word_1_640' title='bbox 1310 5606 1317 5607; x_wconf 61' lang='lat'><strong><em>,</em></strong></span> <span class='ocrx_word' id='word_1_641' title='bbox 1408 5518 1411 5519; x_wconf 10' lang='grc' dir='ltr'><em>ν</em></span> <span class='ocrx_word' id='word_1_642' title='bbox 1874 5518 2596 5607; x_wconf 45' lang='grc' dir='ltr'>Άάἦιίἰιύτίζομαίβοῆσαι.</span> 
     </span>
    </p>
   </div>
   <div class='ocr_carea' id='block_1_95' title="bbox 232 5598 2392 5680">
    <p class='ocr_par' dir='ltr' id='par_1_95' title="bbox 232 5598 2392 5680">
     <span class='ocr_line' id='line_1_97' title="bbox 232 5598 2392 5680; baseline 0.005 -29"><span class='ocrx_word' id='word_1_643' title='bbox 232 5598 342 5680; x_wconf 41' lang='grc'>,(4)</span> <span class='ocrx_word' id='word_1_644' title='bbox 382 5598 441 5653; x_wconf 83' lang='grc' dir='ltr'><strong><em>Ἥ</em></strong></span> <span class='ocrx_word' id='word_1_645' title='bbox 458 5600 569 5680; x_wconf 44' lang='grc' dir='ltr'>’διᾲ-</span> <span class='ocrx_word' id='word_1_646' title='bbox 600 5603 721 5680; x_wconf 42' lang='grc' dir='ltr'>τῆς.</span> <span class='ocrx_word' id='word_1_647' title='bbox 750 5602 1118 5680; x_wconf 75' lang='grc' dir='ltr'>κινναϐάρεως</span> <span class='ocrx_word' id='word_1_648' title='bbox 1143 5606 1438 5680; x_wconf 33' lang='grc' dir='ltr'>μπεριέχει·</span> <span class='ocrx_word' id='word_1_649' title='bbox 1485 5606 1757 5680; x_wconf 80' lang='grc' dir='ltr'>προσευχὴ</span> <span class='ocrx_word' id='word_1_650' title='bbox 2052 5598 2392 5680; x_wconf 38' lang='grc' dir='ltr'>έΑμαῷία-ις.</span> 
     </span>
    </p>
   </div>
   <div class='ocr_carea' id='block_1_96' title="bbox 191 5670 3441 5756">
    <p class='ocr_par' dir='ltr' id='par_1_96' title="bbox 191 5670 3441 5756">
     <span class='ocr_line' id='line_1_98' title="bbox 191 5670 3441 5756; baseline 0.002 -35"><span class='ocrx_word' id='word_1_651' title='bbox 191 5670 267 5756; x_wconf 69' lang='grc' dir='ltr'>τῷ</span> <span class='ocrx_word' id='word_1_652' title='bbox 294 5670 511 5756; x_wconf 64' lang='grc' dir='ltr'>πτωχῷ,</span> <span class='ocrx_word' id='word_1_653' title='bbox 542 5670 670 5756; x_wconf 71' lang='grc' dir='ltr'>ὅταν</span> <span class='ocrx_word' id='word_1_654' title='bbox 698 5670 993 5753; x_wconf 66' lang='grc' dir='ltr'>ἀκηδιάσῃ,</span> <span class='ocrx_word' id='word_1_655' title='bbox 1020 5675 1111 5756; x_wconf 75' lang='grc' dir='ltr'>καὶ</span> <span class='ocrx_word' id='word_1_656' title='bbox 1141 5670 1556 5756; x_wconf 38' lang='lat' dir='ltr'><strong>tantumith</strong></span> <span class='ocrx_word' id='word_1_657' title='bbox 1590 5670 1757 5756; x_wconf 73' lang='grc' dir='ltr'>ἐκχέῂ</span> <span class='ocrx_word' id='word_1_658' title='bbox 1881 5747 1893 5756; x_wconf 81' lang='lat'><em>_</em></span> <span class='ocrx_word' id='word_1_659' title='bbox 1936 5670 2011 5746; x_wconf 41' lang='lat'>(7&#39;)</span> <span class='ocrx_word' id='word_1_660' title='bbox 2055 5670 2229 5747; x_wconf 78' lang='grc' dir='ltr'>’ἰσχὺς</span> <span class='ocrx_word' id='word_1_661' title='bbox 2280 5678 2377 5745; x_wconf 79' lang='grc' dir='ltr'>τῆς</span> <span class='ocrx_word' id='word_1_662' title='bbox 2410 5678 2586 5749; x_wconf 65' lang='grc' dir='ltr'>ψυχῆς</span> <span class='ocrx_word' id='word_1_663' title='bbox 2634 5694 2730 5748; x_wconf 78' lang='grc' dir='ltr'>μου</span> <span class='ocrx_word' id='word_1_664' title='bbox 2756 5721 2769 5745; x_wconf 88' lang='grc'>,</span> <span class='ocrx_word' id='word_1_665' title='bbox 2826 5689 2926 5735; x_wconf 79' lang='lat' dir='ltr'><strong>etc.</strong></span> <span class='ocrx_word' id='word_1_666' title='bbox 2984 5679 3127 5733; x_wconf 74' lang='grc' dir='ltr'>Ὠσεί</span> <span class='ocrx_word' id='word_1_667' title='bbox 3169 5677 3441 5750; x_wconf 77' lang='grc' dir='ltr'>φρύγανον</span> 
     </span>
    </p>
   </div>
   <div class='ocr_carea' id='block_1_97' title="bbox 192 5739 2075 5816">
    <p class='ocr_par' dir='ltr' id='par_1_97' title="bbox 192 5739 2075 5816">
     <span class='ocr_line' id='line_1_99' title="bbox 192 5739 2075 5816; baseline 0.005 -26"><span class='ocrx_word' id='word_1_668' title='bbox 192 5742 292 5809; x_wconf 68' lang='grc' dir='ltr'>τὴν</span> <span class='ocrx_word' id='word_1_669' title='bbox 342 5739 523 5811; x_wconf 70' lang='grc' dir='ltr'>δέησιν</span> <span class='ocrx_word' id='word_1_670' title='bbox 569 5741 764 5796; x_wconf 77' lang='grc' dir='ltr'>αὑτοῦ·</span> <span class='ocrx_word' id='word_1_671' title='bbox 795 5739 1091 5814; x_wconf 67' lang='grc' dir='ltr'>προσευχὴ</span> <span class='ocrx_word' id='word_1_672' title='bbox 1134 5745 1211 5815; x_wconf 79' lang='grc' dir='ltr'>τῷ</span> <span class='ocrx_word' id='word_1_673' title='bbox 1255 5739 1471 5816; x_wconf 76' lang='grc' dir='ltr'>πτωχῷ,</span> <span class='ocrx_word' id='word_1_674' title='bbox 1510 5739 1756 5799; x_wconf 78' lang='grc' dir='ltr'>τουτέστῖ</span> <span class='ocrx_word' id='word_1_675' title='bbox 1863 5739 2075 5804; x_wconf 69' lang='lat' dir='ltr'><strong>desunt.</strong></span> 
     </span>
    </p>
   </div>
  </div>
