3874 6222
402 356 538 413 1070
1241 362 1298 418 S.
1340 365 1709 423 ATIIANASII
1748 368 1901 430 OPP.
1936 372 2118 430 PARS
2155 375 2243 431 Ill.
2279 408 2347 420 -
2390 375 2806 433 EXEGETICA.
3519 389 3675 444 {(80

470 472 522 525 8.
551 471 848 527 Percussus
873 488 994 528 sum
1031 480 1091 528 ut
1122 473 1331 543 fenum,

2003 497 2055 554 Α
2152 490 2204 544 8.
2241 491 2518 564 Ἔπλήγην
2550 492 2680 545 ὡσεὶ
2715 494 2925 564 χόρτος,

466 562 521 618 9.
550 561 615 615 Ει
640 565 784 617 aruit
818 579 912 618 cor
941 580 1121 620 meum
1161 585 1175 620 :

2147 581 2202 633 9.
2226 581 2335 633 Καὶ
2361 561 2634 652 ἐξηράνθη
2669 561 2936 654 magna
2963 599 3085 654 μου·

466 655 554 710 10.
588 654 725 722 Quia
755 657 956 713 oblitus
981 675 1098 712 sum
1133 659 1420 715 comedere
1445 677 1641 732 panem
1676 682 1869 720 meum.

2150 671 2234 724 10.
2271 673 2393 726 "Oct
2425 673 2769 745 ἐπελαθόμην
2798 674 2892 727 τοῦ
2921 679 3113 745 φαγεῖν
3145 678 3233 730 τὸν
3263 677 3428 746 ἄρτον
3464 699 3591 751 μου.

469 748 556 801 11.
588 748 634 802 A
665 764 797 804 voce
825 751 1059 820 gemitus
1098 754 1201 807 mei
1242 753 1472 809 adbazsit
1501 771 1564 811 os
1605 774 1784 813 meum
1823 763 1972 814 carni

2149 765 2233 818 11.
2263 765 2397 818 Ἀπὸ
2435 767 2620 836 φωνῆς
2666 765 2758 819 τοῦ
2810 768 3112 838 στεναγμοῦ
3163 787 3263 840 μου
3297 748 3565 844 ἐκολλήθη
3604 771 3677 825 τὺ

397 855 550 894 II'CZB.

2074 853 2265 907 ὀστοῦν
2305 872 2408 924 μου
2440 859 2504 927 τῇ
2539 857 2703 927 σαρκὲ
2731 874 2853 926 μου.

472 932 554 986 12.
585 932 792 988 Similis
830 931 1007 988 factus
1042 951 1162 989 sum
1201 936 1448 1003 pelicano
1470 939 1780 997 solitudinis
1808 961 1820 996 :

1636 939 1780 997 dinis
1808 961 1820 996 :
2147 949 2234 1002 12.
2269 949 2568 1021 Ὡμοιώθην
2601 950 2856 1005 πελεκᾶνι
2881 952 3132 1024 ἐρημικῷ
3150 971 3165 983 ·

468 1022 553 1076 13.
585 1022 784 1078 Factus
817 1039 936 1079 sum
965 1025 1434 1097 sicutnycticorax
1472 1030 1526 1083 in
1567 1033 1862 1088 domicilio.
1900 1039 1905 1054 ‘

2149 1040 2238 1093 15.
2265 1040 2561 1112 Ἑγενήθην
2593 1042 2726 1095 ὡσεὶ
2753 1022 3077 1114 νυκτικόραξ
3104 1022 3162 1098 ἐν
3190 1049 3472 1116 οἰκοπέδῳ.

472 1113 551 1166 11.
588 1113 839 1184 Vigilavi,
863 1124 918 1171 et
944 1114 1121 1172 factus
1142 1132 1264 1171 sum
1294 1121 1437 1175 sicut
1466 1136 1657 1190 passer
1693 1125 1974 1180 solitarius

2147 1133 2235 1187 H.
2269 1133 2644 1204 Ἧγρύπνησα,
2689 1135 2784 1188 καὶ
2829 1113 3098 1208 ἐγενόμην
3142 1139 3218 1202 ὡς
3255 1113 3531 1211 στρουθίον
3562 1159 3674 1211 μο-

400 1205 454 1258 in
486 1214 646 1262 lecto.

2076 1224 2236 1289 νὰζον
2271 1226 2363 1279 ἐπὶ
2388 1224 2636 1297 δώματος
2662 1226 2970 1298 [ἐγενήθην,
2994 1205 3127 1294 etc,
3153 1205 3405 1302 δώματι].

467 1300 555 1356 15.
581 1299 716 1354 Tota
752 1299 839 1356 die
863 1301 1265 1371 exprobrabant
1299 1305 1434 1358 mihi
1467 1305 1675 1362 inimici
1705 1308 1808 1362 mei
1842 1327 1861 1362 ε·

2149 1319 2236 1372 45.
2267 1319 2436 1389 Ὅλην
2464 1319 2564 1390 τὴν
2590 1319 2805 1391 ἡμέραν
2835 1320 3108 1384 ὠνείδιζόν
3138 1340 3204 1393 με
3232 1299 3279 1374 δι
3310 1299 3493 1394 ἐχθροί
3520 1342 3632 1395 μου
3653 1342 3671 1353 ο

468 1392 556 1447 16.
594 1391 662 1447 Ει
705 1393 798 1462 qui
854 1393 1151 1448 laudabant
1207 1410 1297 1450 me
1343 1396 1630 1452 adversum
1682 1415 1768 1453 me
1825 1400 1976 1469 jura-

2152 1410 2235 1464 l6.
2273 1411 2384 1463 Kal
2415 1412 2463 1462 οἱ
2491 1409 2837 1475 ἐπαινοῦντές
2865 1429 2932 1482 με
2963 1413 3082 1466 κατ’
3115 1413 3249 1483 ἐμοῦ
3278 1413 3515 1484 ῶμνυον.

398 1485 550 1538 bant.

469 1572 555 1626 17.
599 1570 741 1639 Quia
803 1574 1042 1628 cinerem
1094 1582 1352 1644 tanquam
1413 1591 1610 1646 panem
1649 1580 1973 1636 ‘manduca—

1690 1580 1973 1636 nanduca--
2149 1585 2237 1639 17.
2271 1586 2392 1640 Ὀτι
2425 1585 2616 1640 σποδὸν
2641 1586 2773 1639 ὡσεὶ
2804 1586 2967 1658 ἄρτον
2992 1587 3220 1657 ἐφαγοψ

399 1662 522 1716 ham
557 1681 571 1717 :

469 1754 558 1808 18.
590 1751 655 1807 Et
679 1762 867 1823 potum
899 1766 1083 1808 meum
1114 1768 1239 1808 cum
1271 1752 1398 1808 ﬂetu
1430 1753 1749 1818 miscebam.

2150 1745 2236 1800 18.
2272 1746 2382 1798 Καὶ
2408 1743 2468 1797 τὸ
2499 1744 2652 1816 πόμα
2682 1763 2782 1816 μου
2810 1745 2948 1817 μετὰ
2977 1745 3254 1818 κλαυθμοῦ
3287 1747 3535 1819 ἐκίρνων.

469 1844 557 1899 19.
589 1843 636 1903 Α
662 1842 804 1898 facie
830 1844 926 1898 ira;
949 1851 1072 1908 tua},
1107 1851 1161 1898 et
1187 1843 1575 1915 indignationis
1605 1853 1712 1899 tuae
1746 1863 1758 1876 ·

2152 1837 2382 1890 19.Ἀπὸ
2401 1840 2693 1906 προσώπου
2712 1837 2810 1906 τῆς
2825 1837 2993 1908 ὀργῆς
3012 1854 3128 1900 σου,
3141 1837 3234 1890 καί
3245 1836 3336 1889 τοῦ
3352 1837 3527 1909 θυμοῦ
3542 1855 3673 1891 σου-ο

465 1935 557 1990 20.
590 1935 731 2002 Quia
761 1935 979 1990 elevans
1007 1934 1227 1991 allisisti
1257 1951 1364 1989 me.

2149 1928 2238 1982 20.
2267 1929 2388 1981 Ὅτι
2414 1929 2626 2000 ἐπάρας
2655 1927 2998 1999 κατέῤῥαξάς
3029 1947 3114 2001 με.

469 2028 559 2082 21.
585 2026 710 2083 Dies
739 2027 844 2081 mei
875 2026 1017 2082 sicut
1043 2027 1235 2082 umbra
1261 2027 1671 2082 declina-verunt
1704 2046 1720 2081 :

2148 2021 2240 2074 21.
2268 2023 2332 2073 Al
2364 2020 2567 2093 ἡμέραι
2601 2037 2700 2090 μου
2730 2021 2862 2073 ὡσεὶ
2891 2021 3019 2074 σκιὰ
3051 2021 3340 2092 ἐκλίθησαν
3359 2039 3374 2052 '

468 2123 560 2178 22.
594 2120 662 2176 Et
691 2137 792 2192 ego
821 2121 964 2176 sicut
988 2121 1172 2174 fenum
1206 2123 1347 2175 arui.

2147 2111 2239 2165 22.
2274 2111 2444 2180 Κάγὼ
2471 2111 2602 2164 ὡσεὶ
2635 2113 2825 2181 χόρτος
2859 2113 3180 2184 ἐξηράνθην.

466 2217 558 2272 25.
593 2215 676 2271 Tu
708 2224 916 2284 autem,
943 2213 1203 2283 Domine,
1227 2214 1281 2269 in
1309 2222 1575 2269 aeternum
1616 2225 1903 2283 permanes
1930 2222 1946 2264 :

1829 2225 1903 2265 tes
1930 2222 1946 2264 :
2150 2203 2243 2258 25.
2278 2203 2350 2257 Σὺ
2380 2203 2457 2270 δὲ,
2483 2203 2792 2275 mima-sl;
2817 2205 2916 2259 τὸν
2945 2203 3359 2278 αἰῶνα-μὲδειςο

1522 2406 1898 2464 ATHANASII
1947 2403 2532 2460 lNTERPRETATlO';

468 2575 527 2629 8..
558 2573 780 2629 Concidi
809 2571 1129 2626 vulneratus
1161 2586 1194 2625 a
1219 2578 1462 2640 peccato.

2152 2564 2204 2618 8.
2238 2565 2519 2620 Συνέπεσα
2544 2565 2774 2636 πληγεὶς
2797 2565 2901 2618 ὑπὸ
2925 2566 3024 2636 τῆς
3051 2565 3344 2636 ἁμαρτίας.

467 2668 522 2722 9.
551 2666 690 2734 Quia
713 2665 886 2736 gratia
915 2663 1154 2735 Spiritus
1179 2663 1258 2718 tui
1293 2677 1400 2717 non
1431 2669 1550 2716 erat
1581 2660 1636 2714 in
1667 2673 1775 2714 me.

2149 2658 2202 2712 9.
2226 2657 2360 2710 ’Λπὺ
2382 2657 2475 2710 τοῦ
2496 2658 2656 2730 χάριν
2679 2656 2755 2729 (1)
2779 2657 2872 2710 τοῦ
2889 2657 3205 2730 Πνεύματός
3228 2675 3317 2711 σου
3343 2657 3419 2730 μὴ
3440 2655 3583 2714 εἶναι
3605 2659 3677 2714 ἐν

2079 2749 2220 2821 ἐμοί.

469 2847 558 2900 10.
593 2844 860 2912 Quoniam
883 2845 1093 2915 neglexi
1116 2842 1370 2898 meditari
1401 2842 1458 2896 in
1493 2841 1611 2911 lege
1633 2848 1749 2893 tua.

2154 2844 2238 2899 10.
2274 2844 2396 2898 ’Ότι
2422 2845 2671 2917 ἠμέλησα
2705 2843 2782 2914 (2)
2819 2845 3047 2915 μελετᾷν
3080 2845 3138 2897 ἐν
3163 2843 3241 2915 τῷ
3272 2845 3422 2917 νόμῳ
3448 2863 3567 2900 σου.

472 2933 562 2989 11.
593 2932 675 2988 0b
707 2933 968 3005 gemitum
1012 2941 1374 3003 consumptus
1403 2947 1550 2998 sum,
1579 2938 1635 2985 et
1660 2943 1788 2985 ossa
1825 2926 1978 2998 peni-

2152 2937 2238 2990 11.
2280 2935 2412 2988 Ἀπὸ
2463 2935 2556 2988 τοῦ
2604 2934 2881 2998 στενάζειν
2929 2951 2995 3005 με
3037 2933 3331 3006 ἐξετάκην,
3387 2939 3482 2990 καὶ
3523 2937 3663 3000 ὅλως

399 3036 489 3081 tas
521 3026 692 3081 evasi.
1005 3043 1012 3049 ·

1005 3043 1012 3049 ·
2080 3027 2264 3080 ὀστέον
2290 3028 2507 3096 γέγονα.

470 3116 560 3172 12.
592 3115 765 3172 Sicuti
796 3116 1076 3186 pelicanus
1129 3115 1184 3170 in
1234 3115 1356 3168 loco
1402 3112 1557 3168 arido
1604 3110 1976 3208 deprehensus

2153 3119 2240 3173 12.
2276 3119 2485 3190 Ὥσπερ
2505 3120 2533 3171 ὁ
2552 3117 2786 3171 πελεκὰν
2812 3116 2887 3189 (5)
2915 3119 2972 3170 ἐν
3002 3115 3215 3188 ἀνύδρῳ
3233 3117 3384 3187 τόπῳ
3411 3116 3662 3187 εὑρεθεὶς

399 3207 624 3261 omnino
667 3208 1032 3273 consumitur,
1055 3206 1134 3261 ita
1165 3215 1219 3260 et
1251 3218 1352 3275 ego
1387 3210 1746 3272 consumptus
1775 3197 1929 3254 sumi

2131 3228 2214 3274 ,ως
2242 3211 2641 3280 κατατήκεται,
2674 3207 2847 3273 οὕτως
2882 3207 3038 3278 κάγὼ
3075 3209 3468 3281 κατανηλώθην
3498 3211 3558 3262 ἐν
3589 3212 3661 3281 τῇ

398 3307 645 3371 peccato,
679 3314 804 3355 cum
834 3299 1009 3370 gratia
1034 3307 1126 3353 tua
1153 3297 1287 3351 mihi
1311 3296 1548 3352 deesset.

2079 3299 2346 3372 ἁμαρτίᾳ,
2374 3299 2475 3368 τῆς
2503 3298 2722 3372 χάριτός
2746 3315 2840 3350 σου
2872 3297 2947 3368 μὴ
2980 3296 3147 3368 οὔσης
3176 3300 3233 3351 ἐν
3258 3299 3380 3369 ἐμοι

471 3393 558 3446 15.
586 3389 913 3464 Nycticorax
944 3391 998 3444 in
1025 3389 1264 3445 tenebris
1297 3389 1462 3460 degit.
1495 3394 1550 3442 et
1582 3385 1638 3440 in
1665 3393 1824 3439 nocte
1865 3381 1977 3437 cla-

2149 3392 2238 3446 15.
2284 3392 2344 3444 Ὁ
2369 3389 2696 3461 νυκτικόραξ
2723 3391 2781 3442 ἐν
2827 3389 3008 3442 σκότει
3053 3389 3248 3456 διάγει,
3285 3388 3382 3442 καὶ
3409 3390 3468 3441 ἐν
3501 3389 3663 3442 νυκτὶ

398 3492 552 3537 mat:
590 3482 664 3536 ita
700 3481 885 3553 igitur,
914 3481 1110 3551 inquit,
1139 3488 1194 3536 et
1225 3494 1328 3551 ego
1373 3492 1606 3532 manens
1634 3476 1690 3530 in
1738 3473 1926 3530 tenebr

2136 3486 2176 3556 μᾷ
2197 3503 2210 3516 ·
2255 3481 2429 3547 οὕτως
2460 3479 2576 3550 οὖν,
2608 3482 2786 3551 λέγει,
2820 3480 3006 3551 κάγὼ,
3037 3482 3095 3535 ἐν
3131 3482 3313 3535 σκότει
3346 3482 3448 3552 τῆς
3481 3483 3666 3554 ἁμαρ-

399 3574 628 3643 peccati,
652 3574 874 3644 plorans
901 3573 1102 3628 clamo.
1678 3602 1682 3605 -

1678 3602 1682 3605 ·
2075 3576 2198 3637 τίας
2221 3573 2317 3640 ὢν,
2350 3575 2671 3646 ὀδυρόμενος

473 3666 560 3720 14.
597 3665 797 3720 Multos
838 3664 1188 3720 insidiatores
1230 3663 1391 3717 habet
1432 3675 1624 3732 passer
1669 3657 1973 3722 solitarius,

2151 3669 2239 3723 M.
2272 3667 2510 3732 Πολλοὺς
2557 3666 2878 3732 ἐπιϐούλους
2925 3667 3038 3738 ἔχει
3087 3666 3148 3720 τὸ
3194 3667 3512 3738 στρουθίον,
3567 3668 3665 3720 τόν

400 3769 656 3824 anguem,
687 3762 746 3808 ct
767 3753 1134 3808 abominanda
1177 3752 1474 3822 reptilium,
1498 3759 1553 3805 et
1590 3749 1760 3804 multa
1783 3748 1928 3802 volat

2133 3778 2232 3825 2w,
2261 3761 2356 3814 καὶ
2393 3760 2463 3812 τὰ
2511 3759 2732 3830 μυσαρὰ
2772 3760 2879 3814 τῶν
2920 3759 3182 3830 ἑρπετῶν,
3211 3761 3306 3813 καὶ
3351 3759 3521 3812 πολλὰ
3549 3760 3663 3812 τῶν

398 3844 534 3898 lium
566 3862 582 3913 ;
614 3845 669 3899 in
704 3846 816 3900 ictu
855 3846 1022 3915 igitur
1050 3844 1195 3900 oculi
1225 3859 1480 3899 somnum
1517 3842 1634 3913 ipse
1659 3841 1823 3911 capit,
1849 3856 1928 3910 qu:

2139 3849 2369 3903 ιτεινῶν·
2415 3850 2473 3902 ἐν
2507 3852 2638 3920 ῥιπῇ
2673 3843 2764 3903 οὖν
2798 3848 3074 3920 ὀφθαλμοῦ
3110 3851 3256 3902 ἐστιν
3287 3853 3314 3903 ὁ
3358 3849 3526 3914 ὕπνος
3563 3853 3669 3905 αὐ-

400 3937 791 4008 c-ircumspicit,
854 3953 924 3993 ne
993 3938 1284 3993 insidiator
1343 3935 1541 4006 aliquis
1597 3935 1649 3989 ei
1721 3948 1930 4004 superv:

2131 3940 2192 4004 ιῦ,
2227 3940 2314 3994 διὰ
2339 3941 2400 3994 τὸ
2444 3939 2866 4012 περιϐλέπεσθαι
2896 3940 3026 3994 αὐτὸ
3067 3941 3140 4012 μή
3171 3957 3256 4004 τις
3283 3941 3392 3994 τῶν
3432 3941 3661 3995 ἐπιϐού-

399 4030 554 4084 niat:
593 4029 669 4084 ita
716 4029 902 4100 igitur,
941 4029 1138 4100 inquit,
1180 4038 1234 4084 et
1277 4043 1378 4098 ego
1406 4041 1556 4082 eram
1590 4026 1877 4090 sollicitus,
1909 4040 1929 4078 ι

2133 4048 2184 4084 ον
2216 4030 2290 4101 (4)
2327 4029 2544 4100 ἔρχεται
2587 4030 2674 4083 ἐπ’
2717 4029 2900 4100 αὐτῷ·
2941 4030 3113 4093 οὕτως
3158 4025 3272 4095 οὖν,
3299 4030 3468 4099 λέγει,
3503 4032 3663 4098 κάγὼ

399 4119 583 4188 aliqua
612 4119 1049 4175 adversariarum
1078 4125 1408 4174 ootestatum
1443 4116 1502 4170 in
1527 4129 1614 4170 me
1638 4115 1891 4170 irrueret.

2132 4139 2226 4192 ιην
2253 4121 2551 4194 μεριμνῶν,
2590 4123 2663 4194 μή
2712 4140 2795 4186 τις
2828 4123 3091 4194 ἐπιῤῥίψῃ
3133 4140 3224 4194 μοι
3261 4122 3370 4175 τῶν
3396 4124 3662 4176 ἐναντίων

2078 4214 2378 4268 δυνάμεων.
3618 4256 3630 4264 .

470 4301 559 4356 15.
591 4300 933 4358 Incessanter
959 4303 1235 4360 daemones
1260 4311 1456 4358 contra
1479 4317 1566 4357 me
1581 4301 1976 4373 gloriabantur.

2127 4231 2208 4268 wa
2255 4231 2378 4267 εων.
3618 4256 3630 4264 .

2150 4231 2583 4370 151ῗἈπαύστως
2607 4306 2658 4358 οἱ
2682 4305 2933 4377 δαίμονες
2967 4307 3382 4378 κατεκαυχῶντό
3415 4324 3519 4378 μου
3555 4307 3657 4378 (5).

472 4394 561 4448 16.
597 4392 666 4450 Et
708 4395 801 4466 qui
843 4397 999 4466 prius
1041 4396 1350 4466 gaudebant
1394 4410 1516 4451 mea
1565 4394 1974 4466 prodigalitate,

2150 4401 2237 4455 16.
2269 4399 2381 4454 Καὶ
2420 4401 2471 4452 οἱ
2501 4399 2560 4452 τὸ
2591 4400 2853 4471 πρότερον
2899 4401 3182 4472 χαίροντες
3220 4401 3311 4454 ἐπὶ
3351 4403 3416 4471 τῇ
3445 4400 3663 4471 ἀσωτίᾳ

397 4495 522 4554 post
551 4485 668 4540 haec
704 4500 790 4541 me
816 4485 1116 4541 irridebant
1143 4486 1409 4554 dicentes,
1451 4501 1521 4542 ne
1548 4485 1622 4540 ita
1662 4484 1810 4554 ﬁam,
1853 4491 1927 4540 tat

2130 4509 2207 4558 ου,
2237 4490 2376 4562 μετὰ
2401 4489 2572 4544 ταῦτα
2601 4489 2910 4559 κατεγέλων
2941 4508 3042 4562 μου
3064 4490 3332 4560 λέγοντεςο
3363 4489 3552 4554 Οὕτως
3582 4490 3660 4562 μὴ

399 4591 564 4645 quam
593 4575 722 4632 iste.

2074 4585 2341 4656 γένωμαι,
2372 4583 2448 4648 ὡς
2479 4575 2651 4646 οὗτος.

473 4663 558 4717 17.
593 4665 651 4718 in
675 4664 994 4735 pmnilentia
1025 4681 1167 4721 mea.

2147 4674 2235 4728 17.
2271 4673 2361 4726 Ἐν
2392 4676 2459 4744 τῇ
2500 4672 2754 4743 μετανοίᾳ
2792 4689 2916 4742 μου.

472 4755 564 4809 18.
606 4755 922 4812 Deﬂuebant
966 4758 1221 4829 lacrymre
1264 4773 1400 4814 mea:
1431 4757 1490 4813 in
1539 4764 1726 4829 potum
1769 4771 1985 4823 meum,

2149 4766 2234 4820 13.
2266 4764 2542 4836 Κατέρρει
2587 4762 2657 4816 τὰ.
2699 4763 2912 4835 δάκρυά
2947 4781 3049 4835 μου
3091 4765 3149 4817 ἐν
3183 4763 3263 4835 τῷ
3291 4761 3500 4834 πόματί
3531 4780 3657 4834 μου,

400 4861 526 4900 cum
551 4846 826 4902 bibebam.

2076 4855 2152 4918 ὡς
2183 4854 2382 4907 ἔπινον.

474 4938 563 4992 19.
591 4937 731 5004 Quia
764 4940 1014 5011 cognovi,
1049 4940 1194 5010 quod
1223 4951 1504 4997 aversatus
1532 4956 1592 4998 es
1622 4956 1728 4996 me.

2150 4945 2236 5000 19.
2266 4945 2364 4998 Διὰ
2391 4945 2450 4999 τὸ
2472 4945 2770 5014 ἐπιγνῶναι
2799 4965 2888 5016 με,
2918 4947 2998 4999 ὅτι
3032 4946 3389 5018 ἀπεστράφης
3423 4963 3512 5016 με.

469 5026 560 5081 20.
598 5026 665 5082 Ει
692 5028 838 5098 quod
870 5029 1152 5100 proiecisti
1183 5045 1268 5086 me
1290 5041 1415 5085 ate.

2147 5035 2238 5090 20.
2272 5035 2384 5088 Καὶ
2408 5036 2490 5089 ὅτι
2520 5036 2832 5108 ἀπέρῤιψάς
2865 5055 2931 5108 με
2965 5037 3073 5090 ἀπὸ
3102 5037 3216 5090 σοῦ.

470 5121 565 5187 21,
591 5119 686 5174 22.
711 5119 788 5175 Eo
813 5122 958 5191 quod
983 5138 1091 5177 non
1121 5123 1377 5179 haberem
1409 5122 1796 5194 pinguedinem
1826 5137 1980 5191 aquae

2146 5125 2350 5190 21,22.
2386 5124 2460 5195 (6)
2503 5125 2639 5178 Ἀπὸ
2679 5123 2775 5178 τοῦ
2829 5126 2904 5197 μὴ
2946 5127 3091 5197 ἔχειν
3160 5144 3229 5199 με
3281 5127 3511 5198 πιότητα
3559 5124 3658 5178 τοῦ

402 5213 588 5282 gratia:
623 5223 729 5268 tuae

2080 5213 2271 5277 ὓδατος
2298 5214 2399 5284 τῆς
2425 5216 2646 5286 χάριτός
2675 5234 2788 5271 σου.

473 5305 563 5360 9.5.
595 5303 950 5360 immortalis.

2148 5305 2239 5358 25.
2275 5305 2603 5378 Ἀφθαρτος.

1354 5418 1662 5481 Addenda
1691 5426 1752 5480 et
1781 5417 2157 5497 corrigenda
2197 5435 2277 5478 ex
2325 5421 2474 5482 cod.
2501 5420 2709 5482 Vatic.

2183 5589 2210 5617 ιι,
2290 5611 2294 5614 _
2365 5591 2370 5594 .

505 5583 554 5722 13
583 5585 1161 5722 Τέθέλέγὲδινμελετῶν.
2259 5588 2383 5714 Libo}.

587 5655 869 5733 Laetique
902 5657 1161 5727 μελετῶν.
2160 5655 2235 5733 (6⁷)
2279 5659 2344 5714 Ν.
2401 5660 2490 5715 21.
2553 5661 2874 5733 ’ᾼνωφελεῖς
2925 5680 3013 5733 μοι
3076 5661 3386 5731 γεγόνασιν.
3445 5657 3512 5730 IS.
3557 5659 3665 5725 22.

585 5726 912 5802 Ψλεκάνος.
994 5796 1008 5802 _
1085 5794 1112 5802 _
1303 5799 1376 5802 __7
1449 5798 1459 5802 _
1659 5801 1666 5802 ί
1745 5801 1752 5802 7
2100 5726 2250 5798 Ἀπό,
2281 5742 2407 5799 etc.,
2441 5730 2618 5802 ἐαυτῷ
2651 5726 2902 5801 πιότητα.

480 5795 558 5864 (4)
594 5794 924 5852 Ἐπιὸούλων
950 5794 1132 5863 αὐτοῦ,
1164 5806 1268 5853 etc.
1303 5798 1473 5861 Κάγώ
1508 5815 1614 5856 nou
1656 5801 1869 5870 legitur.
