3874 6222
167 347 308 404 1081
1133 342 1221 397 DE
1261 342 1540 400 TiTULlS
1577 343 1697 398 PSA

1927 342 2042 398 ΗΜ.
2085 373 2152 384 -
2189 341 2388 398 PSAL.
2431 342 2514 396 Cl.
3316 341 3457 398 1082

243 466 340 521 24.
373 463 487 518 Καὶ
529 460 591 515 τὸ
634 459 979 533 μνημόσυνόν
1031 477 1124 513 σου
1173 439 1252 524 εἰς
1299 460 1496 529 γενεὰν
1537 463 1630 514 καὶ
1673 478 1766 530 γε-

1947 460 2144 515 24.’Ὲι
2164 460 2480 515 memoriale
2514 468 2667 514 tuum
2694 459 2748 512 in
2783 459 3184 530 generationem
3216 467 3270 513 et
3295 475 3459 518 uene-

168 559 332 613 νεαν.

1875 553 2164 607 rationem.

247 647 340 700 25.
370 646 446 698 Σὺ
473 642 714 706 ἀναστὰς
745 642 1110 713 οἱκτειρήσεις
1141 641 1238 712 τὴν
1264 639 1402 692 Σιών
1424 658 1435 672 ο

1943 644 2035 698 25.
2069 643 2148 698 Tu
2179 659 2481 712 exsurgens
2511 642 2856 698 misereberis
2890 641 3020 696 Sion
3058 661 3069 693 :

247 738 342 792 26.
376 738 500 790 Ὅτι
546 735 739 806 καιρὸς
775 733 870 788 τοῦ
923 732 1264 804 οἱκτειρῆσαι
1314 731 1502 803 αὐτὴν,
1532 733 1614 784 ὅτι
1645 731 1770 802 ἥκει

1943 737 2034 792 26.
2075 736 2214 803 Quia
2242 747 2460 805 tempus
2486 736 2783 790 miserendi
2806 736 2948 805 ejus,
2984 737 3111 806 quia
3135 736 3284 792 venit
3314 745 3455 790 tem-

172 829 395 899 καιρός.
1419 877 1422 881 .

1419 877 1422 881 .
1869 842 1993 896 pus.

249 920 342 973 27.
369 919 494 971 Ὅτι
515 917 816 986 εὐδόκησαν
836 916 885 968 οἱ
911 915 1087 968 δοῦλοί
1115 931 1208 966 σου
1230 915 1355 976 τοὺς
1375 912 1558 976 λίθους
1577 913 1766 983 αὐτῆς·

1943 919 2034 973 27.
2072 918 2341 983 Quoniam
2375 919 2696 987 placuerunt
2725 920 2899 974 servis
2922 920 3029 975 tuis
3061 921 3268 991 lapides
3297 923 3451 993 ejus:

247 1012 340 1066 28.
372 1011 482 1066 Καὶ
509 1011 600 1063 τὸν
629 1009 756 1080 χοῦν
787 1009 956 1080 αὐτῆς
979 1008 1399 1078 οἱκτειρήσουσι.

1942 1010 2033 1064 28.
2068 1010 2132 1065 Et
2169 1021 2328 1065 terra:
2363 1011 2482 1080 ejus
2507 1012 2933 1067 miserebuntur.

248 1105 338 1159 29.
370 1105 483 1157 Καὶ
531 1101 933 1172 φοϐηθήσονται
978 1100 1047 1153 τὰ
1097 1099 1231 1171 ἔθνη
1257 1100 1318 1152 τὸ
1352 1099 1523 1170 ὄνομα
1564 1098 1769 1171 Κυρίου

1941 1103 2032 1156 29.
2069 1101 2133 1156 Ει
2174 1103 2447 1157 timebunt
2490 1113 2682 1176 gentes
2717 1121 2914 1161 nomen
2969 1105 3186 1161 Domini
3231 1106 3451 1179 [nomen

176 1196 382 1271 [ὄνομά
413 1213 527 1261 σου,
559 1192 759 1266 Κύριε]
780 1209 792 1222 ·

1873 1203 2053 1257 tuum,
2083 1191 2332 1264 Domine]
2366 1211 2380 1251 :

251 1286 345 1341 50.
381 1286 492 1341 Καὶ
523 1285 722 1346 πάντες
747 1285 796 1336 οἱ
825 1281 1066 1352 βασιλεῖς
1091 1282 1191 1351 τῆς
1218 1281 1319 1351 γῆς
1355 1280 1452 1351 τὴν
1472 1280 1630 1348 δόξαν
1654 1298 1768 1334 σου.

1675 1298 1768 1334 ιου.
1946 1285 2036 1340 50.
2069 1285 2137 1340 Et
2166 1302 2361 1341 omnes
2394 1303 2550 1357 reges
2579 1296 2738 1343 terrae
2772 1289 3001 1357 gloriam
3034 1301 3205 1346 tuam.

253 1380 346 1433 51.
381 1379 504 1430 "Ott
533 1375 880 1446 οἰκοδομήσει
910 1375 1114 1444 Κύριος
1148 1374 1246 1443 τὴν
1277 1372 1443 1424 Σιών·

1941 1379 2033 1431 51.
2064 1377 2203 1443 Quia
2227 1377 2520 1433 mdiﬁcabit
2549 1379 2811 1436 Dominus
2841 1380 2972 1434 Sion
3001 1397 3013 1436 :

250 1469 342 1522 52.
375 1469 486 1521 Ka't
507 1466 800 1535 ὀφθήσεται
837 1467 896 1517 ἐν
927 1467 992 1534 τῇ
1025 1463 1154 1534 δόξῃ
1187 1461 1375 1515 αὑτοῦ.

1332 1461 1375 1515 5.
1945 1469 2035 1524 52.
2073 1469 2140 1523 Et
2163 1471 2438 1525 videbitur
2469 1472 2521 1524 in
2546 1473 2720 1542 gloria
2743 1489 2862 1527 sua.

252 1563 344 1616 55.
387 1559 715 1629 Ἐπέϐλεψεν
764 1558 858 1611 ἐπὶ
905 1559 1004 1628 τὴν
1058 1558 1372 1628 προσευχὴν
1422 1555 1532 1609 τῶν
1577 1574 1770 1610 ταπει-

1947 1564 2036 1618 55.
2077 1565 2337 1635 Respexit
2374 1564 2429 1618 in
2454 1567 2758 1621 orationem
2796 1569 3084 1624 humilium
3118 1567 3407 1644 [gentium]
3437 1586 3453 1627 :

176 1655 290 1708 νῶν
320 1653 341 1726 [
365 1654 533 1708 ἐθνῶν
556 1652 576 1725 ]
599 1668 615 1685 ⁸

254 1747 347 1801 54.
378 1745 488 1800 Καὶ
521 1746 622 1798 οὐκ
652 1743 973 1811 ἐξουδένωσε
1002 1742 1099 1814 τὴν
1129 1741 1312 1813 δέησιν
1339 1740 1538 1796 αὐτῶν.

1467 1740 1538 1796 ὒν.
1941 1743 2030 1798 54.
2059 1743 2126 1797 Ει
2156 1760 2264 1799 non
2296 1745 2500 1814 sprevit
2530 1761 2744 1815 precem
2783 1762 2997 1804 eorum.

257 1840 351 1894 55.
383 1839 654 1910 Γραφήτω
681 1835 820 1906 αῦτη
852 1836 930 1898 είς
958 1836 1151 1904 γενεὰν
1175 1835 1369 1906 ἑτέραν
1389 1851 1403 1866 ο

1801 1829 1840 1883 Β
1944 1836 2034 1890 55.
2066 1834 2352 1891 Scribatur
2386 1837 2500 1892 1133c
2527 1838 2581 1891 in
2613 1841 2966 1909 generatione
2997 1841 3165 1895 altera
3200 1861 3211 1894 :

254 1932 347 1986 56.
383 1931 492 1984 Καὶ
519 1930 649 1992 λαὸς
675 1932 702 1982 ὁ
735 1928 1050 1998 κτιζόμενος
1085 1927 1291 1980 αἰνέσει
1324 1926 1414 1979 τὸν
1438 1926 1662 1998 Κύριον.

1946 1929 2034 1984 56.
2066 1929 2131 1983 Ει
2170 1929 2402 2000 populus
2453 1931 2548 2000 qui
2596 1941 2815 1986 creatur
2854 1934 3095 1988 laudabit
3141 1933 3454 1990 Dominum.

256 2021 350 2073 57.
377 2020 500 2072 Ὅτι
530 2016 790 2086 ἐξέκυψεν
823 2015 882 2083 ἐξ
932 2015 1102 2084 ὕψους
1134 2015 1289 2083 ἁγίου
1321 2013 1486 2068 αὐτοῦ
1513 2031 1526 2044 ·

1938 2021 2027 2076 57.
2061 2021 2202 2086 Quia
2234 2022 2605 2092 prospexitde
2629 2025 2850 2079 excelso
2881 2035 3071 2080 sancto
3104 2041 3206 2081 suo
3239 2046 3252 2083 :

257 2111 348 2165 58.
380 2110 584 2182 Κύριος
613 2108 674 2173 ἐξ
697 2108 928 2180 ούρανοῦ
961 2109 1053 2161 ἐπὶ
1087 2108 1183 2176 τὴν
1211 2108 1313 2178 γῆν
1343 2108 1612 2174 ἐπέϐλεψε
1649 2149 1664 2171 ,
1747 2127 1751 2130 ·

1649 2149 1664 2171 .
1747 2127 1751 2130 ‘
1942 2114 2036 2168 58.
2071 2113 2337 2170 Dominus
2359 2116 2426 2169 de
2465 2116 2605 2169 coelo
2631 2117 2684 2169 in
2713 2125 2914 2171 terram
2945 2118 3177 2188 aspexit,

257 2204 350 2258 59.
385 2202 492 2254 Τοῦ
516 2201 748 2255 ἀκοῦσαι
764 2199 857 2254 τοῦ
883 2199 1187 2270 στεναγμοῦ
1219 2199 1328 2252 τῶν
1355 2200 1770 2270 πεπεδημένων,

1572 2200 1770 2270 μένων,
1934 2206 2022 2259 59.
2058 2205 2127 2260 Ut
2152 2207 2365 2262 audiret
2391 2208 2624 2278 gemitus
2649 2209 3101 2279 compeditornm,

259 2295 350 2350 40.
381 2292 488 2346 Τοῦ
521 2291 678 2346 λῦσαι
707 2292 833 2354 τοὺς
863 2291 1011 2354 υἱοὺς
1030 2289 1140 2344 τῶν
1167 2289 1655 2359 τεθανατωμένων.

1544 2309 1655 2344 νων.
1941 2297 2033 2353 40.
2069 2295 2140 2351 Ut
2161 2299 2395 2354 solveret
2425 2299 2567 2355 ﬁlios
2600 2301 3074 2372 interemptorum.

1319 2466 1696 2524 ATHANASII
1737 2468 2320 2530 INTERPRETATIO.

259 2631 354 2685 24.
397 2626 799 2698 Ἀτελεύτητον.

1950 2630 2040 2684 24.
2076 2630 2498 2702 Sempiternun..

260 2721 353 2776 25.
399 2718 538 2773 Σιὼν
569 2718 825 2780 ἆϐεστος
875 2713 1184 2787 [ἄσϐεστος]
1247 2714 1324 2787 (1)
1379 2714 1774 2786 ἑρμηνεύεται·

1945 2723 2036 2776 25.
2071 2725 2200 2778 Sion
2232 2726 2684 2797 inexstinguibilis
2720 2729 3109 2801 interpretatur
3146 2749 3159 2785 :
3192 2735 3456 2791 mundum

182 2813 291 2882 τὴν
320 2808 646 2879 οἰκουμένην
672 2802 764 2860 οὖν
790 2805 960 2873 λέγει.

829 2805 960 2873 ἑγει.
1875 2813 2043 2884 igitur
2066 2815 2359 2885 significat.

260 2901 353 2956 26.
385 2901 498 2970 Τῆς
523 2898 827 2971 παρουσίας
867 2915 961 2950 σου
989 2895 1089 2968 (2).

947 2915 961 2949 ›
989 2895 1089 2968 (2).
1943 2905 2034 2960 26.
2066 2907 2346 2965 Adventus
2378 2910 2477 2965 tui.

259 2995 352 3048 27.
379 2994 505 3046 Ὅτι
547 2992 792 3045 θέλουσιν
837 2989 912 3058 (5)
961 2990 1010 3041 οἱ
1061 2987 1206 3056 ἆγιοί
1243 3003 1360 3054 σου,
1406 2987 1684 3040 τουτέστιν
1743 2989 1772 3039 ὁ

1947 2999 2038 3052 27.
2070 3001 2338 3066 Quoniam
2388 3004 2575 3058 volunt
2622 3005 2798 3059 sancti
2835 3007 2937 3073 tui,
2988 3006 3092 3061 hoc
3135 3015 3218 3062 est
3257 3009 3459 3066 chorus

183 3088 352 3162 γορὸς
401 3087 512 3139 τῶν
546 3081 840 3156 προφητῶν
887 3082 982 3135 καὶ
1033 3079 1364 3144 ἀποστόλων,
1409 3079 1478 3132 τὰ
1523 3078 1648 3150 ἔθνη
1684 3079 1710 3130 ἐ

1931 3092 2290 3160 rophetarum,
2330 3104 2383 3148 et
2415 3097 2810 3166 apostolorum,
2841 3106 2899 3153 ut
2937 3107 3127 3170 gentes
3161 3101 3214 3154 in
3261 3110 3312 3156 te
3343 3118 3461 3158 cre-

184 3191 281 3232 ςττι
313 3178 610 3232 πιστεύειν.

502 3194 610 3231 ιεινο
1881 3184 2032 3240 dant.

261 3273 354 3328 28.
383 3272 497 3325 Kal.
537 3271 598 3324 τὸ
640 3267 844 3340 πλῆθος
887 3267 996 3320 τῶν
1036 3265 1139 3336 ἤδη
1181 3262 1639 3335 καταφθαρέντων
1675 3261 1781 3314 ὑπὸ

1950 3277 2042 3334 28.
2077 3277 2143 3332 Et
2171 3279 2381 3334 miserti
2421 3291 2549 3336 sunt
2590 3281 2957 3338 multitudinis
2983 3299 3175 3339 eorum
3209 3285 3301 3355 qui
3333 3300 3462 3341 cor-

182 3368 293 3437 τῆς
328 3363 603 3436 ἁμαρτίας
634 3360 977 3432 ᾠκτείρησαν
1008 3357 1108 3428 (4).

1021 3357 1108 3428 ίι).
1882 3369 2026 3437 rupti
2059 3379 2218 3423 erant
2243 3386 2273 3424 a
2307 3381 2551 3441 peccato.

264 3460 356 3513 29.
393 3454 780 3511 ’Υπακούσωσι
805 3453 882 3522 τῷ
909 3449 1221 3522 κηρύγματι
1255 3447 1332 3518 (5)
1362 3447 1548 3500 αὐτοῦ.

1371 3447 1548 3500 κὺτοῦ.
1951 3460 2043 3518 29.
2071 3460 2336 3517 Obedient
2361 3465 2732 3532 praedicationi
2762 3466 2901 3535 ejus.

265 3549 356 3606 50.
400 3550 463 3602 Οἱ
499 3545 871 3619 βασιλεύοντες
919 3541 1062 3595 κατὰ
1106 3539 1207 3609 τῆς
1245 3539 1517 3610 ἁμαρτίας
1563 3536 1651 3590 διὰ
1683 3537 1781 3607 τῆς

1955 3554 2044 3607 50.
2074 3552 2384 3624 Regnantes
2403 3565 2595 3609 contra
2612 3565 2897 3625 peccatum
2925 3574 3020 3628 per
3039 3560 3271 3629 gratiam
3291 3569 3463 3627 tuam,

189 3643 420 3717 χάριτός
455 3658 544 3694 σου
574 3638 971 3710 φοϐηθήσονται
1000 3635 1089 3687 τὸν
1116 3633 1347 3704 σταυρόν
1381 3649 1496 3684 σου.

1085 3652 1089 3677 ι
1116 3633 1347 3704 σταυρόν
1381 3649 1496 3684 σου.
1886 3644 2156 3698 timebunt
2189 3660 2408 3699 crucem
2445 3657 2615 3701 tuam.

269 3735 355 3788 51.
398 3732 507 3804 Τὴν
541 3731 800 3786 ἄσϐεστον
825 3727 921 3798 (6),
948 3726 1045 3797 τὴν
1093 3725 1354 3796 διψῶσαν,
1387 3722 1634 3776 τουτέστι
1681 3720 1781 3791 τὴν

1954 3737 2041 3790 51.
2068 3735 2594 3807 lnexstinguibilem,
2630 3745 2684 3793 et
2715 3738 3008 3807 sitientem,
3038 3741 3144 3797 hoc
3173 3752 3258 3798 est
3287 3743 3465 3799 Eccle-

191 3827 258 3893 ἐξ
282 3826 452 3880 ἐθνῶν
485 3821 828 3894 Ἐκκλησίαν·
862 3818 929 3872 τὰ
960 3818 1070 3889 γὰρ
1104 3817 1389 3888 ἀμφότερα
1418 3813 1720 3885 ὲρμηνεύετ

1937 3843 2022 3880 am
2050 3843 2116 3881 ex
2147 3828 2400 3898 gentibus
2432 3847 2446 3894 ;
2479 3836 2713 3898 utroque
2758 3832 2904 3885 enim
2938 3833 3102 3886 modo
3141 3833 3466 3905 interpreta—

187 3919 372 3983 Σιὼν,
401 3918 496 3971 καὶ
518 3917 773 3981 ἅϐεστος
797 3909 1130 3986 [ἄσϐεστος),
1160 3910 1254 3961 καὶ
1285 3907 1544 3975 διψῶσα.

1539 3946 1544 3960 ι
1889 3928 1976 3973 tur
2007 3917 2157 3985 Sion,
2194 3930 2247 3974 et
2279 3921 2750 3990 inexstinguibilis,
2779 3932 2832 3978 et
2863 3923 3069 3978 sitiens.

269 4011 361 4066 52.
401 4010 524 4063 Ἐπὶ
552 4010 658 4080 γῆς
683 4011 741 4063 ἐν
769 4009 837 4080 τῇ
865 4004 1140 4079 παρουσίᾳ
1175 4000 1361 4055 αὐτοῦ.

1958 4011 2044 4063 52.
2086 4009 2260 4080 Super
2295 4019 2494 4064 terram
2523 4011 2576 4064 in
2609 4012 2845 4067 adventu
2874 4028 2996 4068 suo.

269 4105 362 4158 55.
395 4101 514 4154 Τῶν
540 4101 731 4170 ἁγίων.

1956 4103 2043 4156 55.
2075 4101 2419 4158 Sanctorum.

264 4195 355 4250 54.
387 4195 497 4248 Ka‘t
525 4193 585 4246 οὐ
618 4191 842 4262 παρεῖδε
884 4188 983 4260 τὴν
1032 4186 1241 4242 ἱκεσίαν
1284 4182 1485 4248 αὐτῶν,
1519 4182 1586 4253 ἣν
1636 4179 1784 4234 ἐποί-

1957 4194 2044 4249 54.
2083 4193 2146 4248 Ει
2175 4208 2284 4248 non
2311 4194 2554 4264 despexit
2578 4195 3030 4265 supplicationem
3057 4209 3270 4262 eorum,
3299 4211 3463 4266 quain

192 4307 294 4345 ουν
327 4286 403 4358 (7)
441 4286 580 4357 ὑπὲρ
613 4284 770 4356 ἡμῶν
791 4283 985 4345 νυκτὸς
1013 4281 1108 4335 καὶ
1141 4278 1379 4350 ἡμέρας.

1887 4285 1996 4351 die,
2022 4293 2293 4356 noctuque.
2323 4300 2420 4355 pro
2447 4286 2603 4341 nobis
2635 4285 2927 4340 faciebant.

271 4383 364 4437 55.
409 4381 474 4434 Ἥ
517 4376 898 4450 φιλανθρωπία
941 4373 1079 4444 αὕτη
1124 4371 1220 4424 τοῦ
1279 4369 1414 4423 Θεοῦ
1471 4368 1782 4440 γνωρισθή-

1961 4378 2050 4433 55.
2081 4377 2393 4448 Benignitas
2417 4380 2550 4448 ipsa
2576 4377 2670 4432 Dei
2706 4387 2836 4433 nota
2868 4379 2962 4433 ﬁat
2993 4393 3090 4448 per
3134 4376 3465 4447 scripturam

191 4495 277 4530 τω
315 4474 390 4545 (8)
420 4471 508 4526 διὰ
539 4471 638 4542 τῆς
659 4468 880 4540 γραφῆς
909 4469 1021 4530 τοῖς
1044 4466 1178 4527 υἱοῖς
1207 4461 1316 4515 τῶν
1341 4461 1438 4514 ἀνο
1451 4459 1672 4532 ρώπων.

827 4468 880 4538 ῆς
909 4469 1021 4530 τοῖς
1044 4466 1178 4527 υἱοῖς
1207 4461 1316 4515 τῶν
1341 4461 1438 4514 ἀνθ
1451 4459 1672 4532 ρώπων.
1886 4464 2015 4518 ﬁliis
2051 4465 2357 4518 hominum.

271 4567 364 4622 56.
403 4566 460 4618 Ὀ
488 4565 546 4616 ἐν
570 4561 651 4632 τῷ
686 4561 1023 4632 βαπτίσματι
1055 4553 1535 4624 ἀνακαινιζόμενος
1560 4552 1658 4624 (9).

1371 4570 1535 4624 μενος
1560 4552 1658 4624 (9).
1954 4557 2044 4611 56.
2076 4555 2180 4622 Qui
2213 4556 2266 4609 in
2297 4555 2566 4624 baptismo
2591 4564 2901 4610 renovatur.

269 4659 361 4714 57.
383 4658 505 4710 Ὅτι
527 4657 593 4708 ἐκ
617 4651 712 4707 τοῦ
746 4647 976 4722 ούρανοῦ
1009 4645 1364 4717 κατελήλυθε.

1284 4645 1364 4698 Θε.
1954 4649 2043 4703 57.
2080 4649 2216 4717 Quia
2250 4651 2316 4705 de
2344 4651 2482 4706 coelo
2513 4649 2814 4706 descendit.

273 4749 364 4803 58.
398 4747 603 4819 Κύριος
627 4746 691 4797 ἐκ
716 4743 812 4796 τοῦ
831 4737 1062 4813 οὐρανοῦ
1081 4738 1173 4790 ἐπὶ
1193 4737 1292 4808 τὴν
1308 4736 1410 4806 γῆν
1435 4733 1783 4807 παρεγένετο.

1653 4739 1783 4786 θέτο.
1957 4743 2046 4798 58.
2081 4742 2346 4797 Dominus
2379 4742 2446 4797 de
2467 4742 2606 4798 coelo
2635 4742 2689 4795 in
2718 4751 2919 4797 terram
2947 4741 3183 4797 advenit.

274 4840 366 4895 59.
401 4838 509 4891 Τοῦ
539 4835 761 4905 ποιῆσαι
810 4832 1090 4904 ἐκδίκησιν
1139 4828 1250 4899 (10)
1294 4825 1405 4879 τῶν
1448 4841 1787 4878 καταπονου-

1612 4841 1787 4877 τονου-
1963 4836 2051 4890 59.
2084 4834 2152 4889 Ut
2183 4835 2487 4889 vindicaret
2518 4848 2809 4903 oppressos
2839 4848 2869 4886 a
2899 4839 3142 4902 peccato.

204 4935 389 5007 μένων
416 4931 523 4984 ὑπὸ
551 4929 650 5000 τῆς
679 4925 974 4998 ἁμαρτίας.

275 5025 365 5079 40.
399 5023 509 5077 Τοῦ
536 5019 916 5093 λυτρώσασθαι
941 5016 1012 5072 τὰ
1036 5015 1202 5069 τέκνα
1237 5010 1340 5081 τῆς
1379 5009 1652 5082 ἁμαρτίας
1698 5011 1792 5064 καὶ

1698 5011 1792 5064 καὶ
1962 5015 2053 5071 40.
2087 5013 2158 5068 Ut
2186 5012 2478 5069 redimeret
2507 5012 2646 5067 ﬁlios
2670 5011 2878 5081 peccati
2911 5020 2966 5066 et
2995 5011 3213 5069 mortis.

200 5119 303 5174 τοῦ
341 5117 597 5172 θανάτου.

1171 5289 1482 5354 Addenda
1518 5295 1576 5350 et
1609 5283 1983 5361 corrigenda
2013 5297 2090 5342 ex
2140 5279 2278 5342 cod.
2310 5279 2514 5340 Vatic.

283 5490 361 5562 (ι)
397 5490 650 5551 -Αδατος,
2070 5474 2486 5562 ;ίξϐατοκι,’θιο.,
2515 5471 2575 5524 τὸ
2603 5471 2764 5532 Σιὼν,
2792 5487 2887 5525 και
2917 5469 3139 5533 ἄϐατος,
3163 5474 3275 5526 Cic.

394 5562 517 5631 Ὀτι
547 5546 672 5630 ἥκει
697 5557 888 5627 καιρὸς
915 5558 1014 5631 τῆς
1044 5555 1347 5631 παρουσίας
1376 5573 1502 5626 μου.
2153 5562 2204 5597 τι
2231 5546 2494 5631 ἐποίουν-θ
2553 5630 2558 5631 ν
2629 5629 2657 5631 Η
2762 5613 2839 5631 ’ᾗ
2881 5613 2960 5631 ψ’

287 5617 368 5698 (5)
391 5617 740 5701 Θελήσουσιν,
773 5617 902 5694 εἰρξ,
931 5617 1262 5690 ἐννσοίξθιο.
1329 5617 1339 5620 ⁷
1376 5617 1389 5626 ’
1555 5636 1560 5642 ‘

1965 5618 2040 5686 (8)
2069 5617 2328 5685 Γνωρίσει
2361 5632 2440 5666 σοι
2467 5617 2515 5665 δ.
2545 5630 2594 5667 τ.
2625 5629 2678 5681 γ.
2712 5617 2844 5666 πᾶσι
2877 5617 3009 5674 τοῖς,
3035 5618 3143 5666 etc.

285 5688 362 5776 (45
411 5688 783 5824 ’ίέκέείρησάςο
890 5688 899 5694 ⁷
1112 5688 1117 5690 ’
1965 5688 2040 5754 (9)
2078 5688 2589 5773 ’Λννακαινούμενοῇ

288 5772 366 5824 t5)
395 5772 435 5824 T
499 5772 782 5824 κήρυγμα.
1199 5808 1210 5824 ,
1968 5759 2076 5824 (ιο)
2108 5759 2218 5824 Ίην
2251 5755 2550 5824 ἐκδίκησιν,

395 5755 468 5824 Τδ
499 5755 782 5841 κήρυγμά.
1199 5808 1210 5828 ,
1968 5759 2076 5828 (10)
2108 5759 2218 5826 Τὴν
2251 5755 2550 5824 ἐκδίκησιν.
