3874 6222
438 348 576 403 1085
1287 349 1342 403 S.
1383 348 1761 404 ATHANASII
1798 350 1951 406 OPP.

2209 350 2297 406 ιιι.
2325 382 2395 391 -
2429 348 2839 404 EXEGETICA.
3100 324 3113 331 “
3558 339 3714 392 lost

502 462 592 515 41.
632 459 696 513 Ut
722 460 1043 514 annuntient
1075 461 1129 514 in
1160 461 1289 514 Sion
1324 479 1520 515 nomen
1546 463 1783 519 Domini.

2046 477 2095 531 Α
2191 468 2279 521 41.
2317 465 2422 518 Τοῦ
2445 464 2764 532 ἀναγγεῖλαι
2790 463 2846 514 ἐν
2867 460 3005 515 Σιὼν
3030 460 3089 512 τὸ
3111 460 3280 529 ὄνομα
3306 459 3513 529 Κυρίου
3535 498 3552 524 ,

506 551 597 609 42.
633 550 699 604 Et
732 551 947 605 laudem
975 552 1095 620 ejus
1121 551 1173 604 in
1204 550 1565 611 Hierusalem.

2194 560 2283 614 42.
2317 557 2424 611 Καὶ
2452 555 2551 626 τὴν
2589 556 2792 609 αῖνεσιν
2817 553 2978 607 αὑτοῦ
3003 555 3059 605 ἐν
3094 552 3466 623 Ἰερουσαλήμ.

507 641 595 695 45.
632 640 689 695 In
722 642 1364 711 conveniendo'populos
1391 644 1444 696 in
1482 660 1673 711 unum,
1709 654 1763 700 et
1787 663 1938 716 reges
1963 657 2021 702 ut

2192 651 2280 704 45.
2318 652 2406 703 Ἐν
2453 648 2529 718 τῷ
2578 644 3001 714 ἐπισυναχθῆναι
3057 642 3218 704 λαοὺς
3268 643 3360 695 ἐπὶ
3410 641 3473 695 τὸ
3520 642 3714 705 αὐτὸ,

435 734 677 786 serviant
715 730 970 791 Domino.

2122 739 2260 812 [καὶ]
2298 740 2370 812 (a)
2402 739 2641 809 βασιλεῖς
2674 734 2766 786 τοῦ
2793 734 3059 787 δουλεύειν
3088 733 3165 803 τῷ
3197 734 3407 803 Κυρίῳ.

504 826 594 880 44.
631 828 931 895 Ιὶρεροηᾱίι
957 831 1003 881 ei
1041 828 1093 881 in
1126 829 1211 881 via
1241 830 1459 885 virtutis
1482 846 1595 885 suze
1632 851 1644 885 :

2188 832 2283 885 44.
2318 830 2620 900 Ἀπεκρίθη
2648 829 2794 897 αὐτῴ
2826 830 2881 881 ἐν
2904 826 3009 897 ὀδῷ
3040 825 3223 896 ἰσχύος
3245 824 3408 878 αὑτοῦ
3431 840 3448 858 ⁸

503 915 592 969 45.
626 915 957 970 Pancitatem
989 919 1197 971 dierum
1235 934 1481 972 meorum
1518 922 1706 974 nuntia
1738 922 1895 974 mihi.

2189 922 2277 974 45.
2312 921 2421 992 Τὴν
2436 921 2721 989 ὀλιγότητα
2743 920 2848 971 τῶν
2878 917 3099 988 ἡμερῶν
3122 935 3221 987 μου
3236 918 3559 985 ἀνάγγειλόν
3580 937 3705 988 μοι.

501 1004 589 1058 46.
625 1005 701 1059 Ne
728 1024 947 1081 revoces
978 1025 1063 1061 me
1091 1008 1144 1061 iu
1184 1011 1410 1063 dimidio
1456 1011 1669 1064 dierum
1714 1027 1961 1066 meorum
1998 1027 2013 1065 :

2186 1009 2275 1063 46.
2312 1011 2401 1077 Μὴ
2440 1008 2725 1079 ἀναγάγῃς
2762 1024 2826 1077 με
2860 1008 2917 1058 ἐν
2942 1006 3127 1076 ἡμίσει
3160 1006 3379 1076 ἡμερῶν
3414 1024 3514 1077 μου
3541 1025 3559 1039 ο

502 1097 591 1150 47.
621 1098 676 1151 1η
708 1101 1113 1167 generationem
1143 1102 1552 1169 generatimium
1591 1104 1719 1155 anni
1754 1104 1852 1156 tui.

1668 1104 1719 1155 ni
1754 1104 1852 1156 tui.
2185 1100 2273 1154 47.
2323 1102 2409 1153 ’Ev
2433 1102 2596 1169 γενεᾷ
2628 1099 2827 1167 γενεῶν
2861 1099 2927 1151 τὰ
2954 1099 3046 1167 ἐτη
3074 1115 3188 1150 σου.

501 1187 589 1240 48.
628 1188 786 1243 Initio
819 1201 896 1254 tu,
938 1191 1183 1254 Domine,
1218 1202 1423 1245 terram
1460 1191 1696 1246 fundasti
1732 1212 1744 1247 :

2185 1191 2272 1243 48.
2309 1194 2443 1244 Κατ’
2480 1191 2651 1260 ἀρχὰς
2687 1192 2773 1255 σὺ,
2799 1190 2991 1261 Κύριε,
3020 1189 3119 1251 τὴν
3144 1189 3247 1258 γῆν
3281 1188 3663 1257 ἐθεμελίωσας
3686 1204 3704 1221 ·

475 1275 592 1359 .49.
628 1276 692 1329 Et
722 1294 884 1345 opera
911 1296 1168 1333 manuum
1201 1290 1418 1334 tuarum
1449 1290 1575 1335 sunt
1609 1283 1753 1336 cmli.

2184 1281 2271 1335 49.
2299 1282 2410 1334 Καὶ
2440 1282 2576 1353 ἔργα
2595 1282 2702 1333 τῶν
2735 1281 2932 1351 χειρῶν
2972 1280 3063 1333 σού
3100 1282 3236 1332 εἰσιν
3265 1283 3313 1331 οἱ
3338 1280 3578 1351 οὐρανοί.

505 1367 591 1423 50.
620 1369 725 1437 lpsi
760 1373 1013 1439 peribunt
1046 1392 1056 1426 :
1085 1382 1139 1426 tu
1172 1382 1354 1427 autem
1388 1390 1675 1443 permanes
1710 1394 1721 1428 :

2186 1372 2271 1427 50.
2306 1373 2469 1425 Αὐτοὶ
2495 1372 2847 1424 ἀπολοῦνταιο
2877 1373 2940 1424 σὺ
2969 1372 3023 1423 δὲ
3048 1371 3340 1440 διαμένεις·

506 1458 593 1512 51.
628 1460 693 1514 Ει
715 1478 904 1517 omnes
936 1465 1076 1517 sicut
1107 1470 1487 1519 vestimentum
1526 1475 1887 1520 veterascent.

2183 1461 2269 1515 51.
2300 1463 2408 1514 Καὶ
2430 1462 2629 1525 πάντες
2662 1462 2737 1524 ὡς
2766 1462 2976 1531 ἱμάτιον
3011 1461 3496 1533 παλαιωθήσονται.

503 1550 593 1607 52.
626 1551 692 1606 Ει
722 1558 862 1608 sicut
888 1556 1221 1624 opertorium
1254 1568 1433 1612 vertes
1466 1573 1581 1623 eos,
1617 1567 1671 1611 et
1718 1558 2013 1613 mutabun-

2186 1554 2274 1608 52.
2312 1557 2422 1607 Καὶ
2457 1555 2590 1606 ὡσεὶ
2624 1553 2966 1625 περιϐόλαιον
2994 1552 3187 1619 ἑλίξεις
3218 1554 3435 1618 αὐτοὺς,
3464 1554 3557 1606 καὶ
3594 1555 3704 1606 ἀλ-

433 1650 562 1697 tur:

2112 1644 2440 1715 λαγήσονται
2466 1661 2480 1675 ·

500 1732 590 1786 55.
621 1732 700 1787 Tu
729 1743 911 1789 autem
941 1736 1082 1791 idem
1116 1738 1232 1806 ipse
1259 1754 1338 1805 es,
1366 1748 1420 1793 et
1453 1739 1581 1793 anni
1620 1740 1699 1794 tui
1729 1756 1837 1795 non
1875 1741 2007 1795 deﬁ-

2185 1732 2270 1786 55.
2302 1734 2372 1784 Σὺ
2404 1731 2461 1784 δὲ
2498 1734 2526 1784 ὁ
2559 1730 2719 1794 αὐτὸς
2761 1729 2831 1798 εἴ,
2879 1731 2975 1783 καὶ
3006 1729 3075 1782 τὰ
3110 1730 3204 1801 ἐτη
3253 1748 3346 1784 σου
3382 1732 3480 1785 οὐκ
3514 1731 3705 1785 ἐκλεί-

429 1824 592 1877 οΞοιιι.
944 1890 945 1893 η

2041 1813 2088 1871 Β
2114 1823 2327 1891 ψουσιν.

506 1915 596 1969 54.
621 1914 744 1968 Filii
770 1932 1050 1972 servorum
1084 1930 1302 1975 tuorum
1333 1922 1692 1976 habitabunt:

2185 1911 2271 1964 54.
2312 1914 2371 1964 Οἱ
2400 1911 2507 1963 υἱοὶ
2532 1910 2640 1962 τῶν
2666 1909 2867 1962 δούλων
2899 1927 2992 1963 σου
3024 1910 3506 1982 κατασκηνώσουσι
3529 1928 3542 1941 ·

500 2006 586 2059 55.
615 2006 681 2061 Ει
710 2023 893 2063 semen
927 2026 1117 2066 eorum
1144 2014 1196 2066 in
1220 2015 1479 2069 szeculum
1514 2015 1796 2083 dirigetur.

2188 2002 2275 2057 55.
2308 2003 2419 2054 Καὶ
2461 2002 2520 2053 τὸ
2568 2003 2790 2073 σπέρμα
2824 2001 3003 2055 αὐτῶν
3040 2005 3119 2066 εἰς
3150 2004 3239 2057 τὸν
3272 2002 3444 2057 αἰῶνα
3486 2020 3700 2056 κατευ-

2106 2094 2446 2154 θυνθήσεται.

500 2266 572 2335 (a)
610 2267 762 2325 Vers.
800 2270 887 2337 45,
925 2274 1033 2325 Καὶ
1062 2271 1319 2343 βασιλεῖς,
1353 2283 1457 2329 etc.
1482 2274 1615 2329 Vers
1632 2277 1723 2341 44,
1774 2276 2095 2346 Ἀπεκρίθη,
2137 2284 2242 2330 etc.

1549 2428 1927 2483 ATHANASH
1972 2426 2564 2484 INTERPRETATIO.

493 2579 578 2631 41.
618 2579 689 2635 Ut
722 2585 1110 2652 praedicaretur
1167 2588 1219 2641 in
1271 2592 1475 2646 mundo
1528 2600 1877 2660 peccatorum
1920 2606 2005 2645 re-

2175 2590 2263 2643 41.
2301 2590 2406 2642 Τοῦ
2432 2589 2773 2659 κηρυχθῆναι
2801 2590 2859 2642 ἐν
2881 2592 2948 2660 τῇ
2986 2590 3276 2661 οἰκουμένῃ
3292 2588 3485 2657 ἄφεσιν
3504 2590 3698 2662 ἁμαρ.

424 2670 616 2724 missio
642 2672 693 2724 in
720 2676 938 2728 nomine
976 2674 1190 2729 Domini
1224 2680 1396 2733 nostri
1429 2678 1558 2735 Jesu
1584 2678 1812 2734 Christi.

2160 2682 2232 2733 ὧν
2252 2684 2308 2734 ἐν
2342 2682 2419 2752 τῷ
2445 2683 2668 2752 ὀνόματι
2695 2681 2788 2735 τοῦ
2813 2683 3017 2752 Κυρίου
3044 2680 3200 2751 ἡμῶν
3226 2678 3401 2750 Ἰησοῦ
3416 2681 3685 2752 Χριστοῦ.

492 2762 583 2816 42.
614 2761 670 2817 1n
695 2781 928 2834 superna
957 2766 1314 2823 Hierusalem.

2171 2774 2259 2828 42.
2299 2775 2470 2845 Ἐντῇ
2504 2775 2615 2827 ἄνω
2658 2773 3030 2844 Ἰερουσαλήμ.

495 2850 586 2907 45.
621 2854 677 2908 In
709 2860 1083 2912 convcniendo
1106 2871 1291 2929 gentes
1317 2878 1412 2931 per
1434 2861 1898 2932 praedicationem.

2173 2864 2262 2918 45.
2308 2865 2395 2917 Ἐν
2428 2865 2505 2934 τῷ
2537 2865 2710 2918 ἐλθεῖν
2740 2864 2827 2917 διὰ
2858 2865 2951 2916 τοῦ
2983 2866 3339 2937 κηρύγματος
3365 2867 3435 2919 τὰ
3462 2865 3617 2935 ἔθνη.

494 2945 584 3000 44.
616 2948 1290 3023 Auscullaverunt.gentes
1325 2954 1555 3009 Domino
1586 2956 1857 3011 credendo
1887 2972 2003 3027 pas-

2171 2954 2259 3008 44.
2299 2955 2373 3025 (1)
2435 2956 2783 3025 ’Υπήκουσαν
2832 2955 2899 3008 τὰ
2944 2955 3069 3025 ἐθνη
3122 2957 3199 3026 τῷ
3239 2958 3429 3029 Κυρίῳ
3496 2957 3688 3010 πίστει

422 3036 632 3092 sionem
668 3041 806 3109 ejus.

2099 3044 2192 3097 τοῦ
2227 3046 2430 3109 πάθους
2453 3046 2640 3100 αὐτοῦ.

489 3128 575 3183 45.
604 3130 850 3185 Concede
874 3134 1026 3199 mihi,
1060 3144 1111 3188 te
1138 3136 1423 3206 deprecor,
1450 3146 1509 3191 ut
1532 3153 1757 3207 prorsus
1779 3155 2004 3207 persua-

2167 3138 2257 3192 45.
2291 3139 2492 3208 Δέομαί
2527 3156 2640 3203 σου,
2682 3140 2771 3203 δός
2810 3158 2898 3210 μοι
2937 3140 3440 3211 πληροφορηθῆναι,
3487 3142 3573 3194 ὅτι
3620 3144 3678 3195 αι

419 3237 565 3284 sum,
603 3232 921 3295 certumque
956 3227 1209 3293 habeam,
1254 3246 1459 3300 paucos
1506 3247 1628 3287 esse
1671 3233 1789 3287 dies
1838 3233 1949 3302 huji

1718 3234 1789 3287 les
1838 3233 1999 3302 hujus
2096 3230 2298 3301 ἡμέραι
2331 3228 2425 3282 τοῦ
2459 3230 2653 3294 αἰῶνος
2682 3231 2871 3283 τούτου
2896 3231 3072 3284 ὀλίγαι
3095 3230 3248 3283 εἰσίν.

418 3316 622 3368 saeculi.

489 3402 577 3457 46.
604 3403 681 3459 Ne
710 3423 797 3461 me
830 3409 1130 3465 transferas
1172 3412 1240 3466 ab
1274 3413 1376 3469 hoc
1404 3415 1629 3480 mundo,
1675 3417 1993 3488 priusquam

2171 3407 2258 3461 46.
2285 3412 2375 3480 Μή
2410 3429 2475 3480 με
2508 3414 2852 3483 μεταστήσης
2879 3413 2986 3465 ἀπὸ
3013 3410 3104 3465 τοῦ
3138 3412 3346 3482 κόσμου
3376 3411 3570 3466 τούτου
3604 3413 3677 3482 μὴ

419 3494 753 3557 impleverim
780 3510 1045 3571 praecepta
1080 3512 1189 3557 tua.

2103 3498 2461 3555 τελειώσαντά
2495 3519 2561 3572 με
2594 3502 2691 3564 τὰς
2722 3503 2942 3564 ἐντολάς
2978 3518 3093 3557 σου.

488 3585 576 3640 47.
608 3586 956 3656 Sempiterni.

2171 3588 2258 3642 47.
2294 3591 2368 3659 (2)
2405 3592 2780 3661 Ἀτελεύιητα.

484 3672 574 3727 48,
616 3672 786 3729 NaIUs
818 3692 877 3729 es
909 3678 959 3729 in
994 3687 1159 3733 terra.

2172 3680 2261 3733 48.
2307 3682 2563 3753 Ἐτέχοης
2598 3684 2688 3734 ἐπὶ
2721 3682 2818 3753 τῆς
2839 3682 2963 3752 γῆς.

487 3762 577 3814 49.
606 3761 709 3827 Qui
742 3764 795 3817 in
828 3780 924 3819 eos
954 3778 1270 3836 assumptus
1300 3785 1378 3825 es.

2168 3773 2257 3827 49.
2293 3774 2399 3826 Τοῦ
2430 3774 2828 3844 ἀναληφθέντος
2859 3777 2915 3827 ἐν
2944 3775 3144 3838 αὐτοῖς.

485 3850 573 3905 50.
598 3852 776 3908 Novos
810 3866 989 3909 autem
1022 3858 1210 3921 caelos,
1240 3868 1294 3912 et
1326 3876 1520 3914 novam
1564 3871 1764 3917 terram
1794 3878 1992 3921 exsoe-

2168 3858 2256 3913 50.
2291 3861 2527 3924 Καινοὺς
2549 3862 2604 3914 δέ
2632 3863 2912 3933 οὐρανοὺς,
2956 3864 3047 3916 καὶ
3077 3864 3271 3935 καινὴν
3306 3864 3412 3934 γῆν
3446 3870 3672 3939 προσδο-

413 3951 626 3997 ctamus
658 3945 811 4013 juxta
838 3953 987 4000 tuam
1018 3950 1460 4017 promissionem.

2097 3949 2281 4019 κῶμεν
2308 3952 2447 4004 κατά
2481 3952 2541 4004 τὸ
2566 3953 2887 4023 ἐπάγγελμα
2916 3954 3100 4008 αὑτοῦ.

487 4032 575 4087 51.
609 4033 1061 4106 Corrumpentur.

2165 4039 2251 4091 51.
2281 4040 2826 4112 Καταφθαρήσονται.

488 4121 574 4175 52.
613 4122 895 4193 Tanquam
922 4127 1056 4180 liber
1088 4130 1209 4182 coeli
1244 4129 1609 4189 involvenlur.

2157 4131 2242 4184 52.
2275 4133 2665 4202 Εἰληθὴσονται
2697 4134 2772 4202 (5)
2798 4136 2846 4185 οἱ
2875 4133 3091 4204 οὐρανοὶ
3116 4135 3191 4198 ὼς
3217 4135 3437 4205 βιϐλίον.

489 4210 576 4264 55.
615 4211 694 4265 Tu
753 4222 935 4269 autem
984 4227 1034 4271 et
1088 4217 1260 4273 factus
1310 4221 1493 4286 homo,
1527 4223 1668 4276 idem
1714 4240 1772 4278 es
1813 4227 1988 4295 qualis

2163 4220 2250 4273 55.
2284 4222 2353 4273 Σὺ
2377 4222 2431 4273 δὲ
2460 4223 2551 4275 καὶ
2583 4222 2872 4291 γενόμενος
2905 4223 2979 4293 (4)
3004 4223 3286 4293 ἄνθρωπος
3331 4228 3358 4278 ὀ
3412 4225 3573 4288 αὐτὸς
3619 4221 3671 4278 ei

414 4316 558 4365 eras,
593 4311 646 4355 et
673 4306 813 4358 sicut
836 4306 1046 4361 dierum
1072 4310 1398 4380 principium
1436 4329 1546 4367 non
1585 4315 1772 4379 habes,
1796 4317 1867 4370 ita
1891 4333 1944 4372 nt

2140 4314 2273 4374 τοῖος
2296 4308 2381 4382 ἧς,
2416 4315 2509 4365 καὶ
2532 4314 2720 4384 ὥσπερ
2764 4313 2935 4385 ἀρχὴν
2985 4316 3202 4385 ἡμερῶν
3241 4317 3341 4369 οὐκ
3383 4316 3546 4387 ἔχεις,
3578 4317 3670 4369 οὕ-

412 4405 518 4459 que
547 4392 668 4445 vita:
699 4396 880 4449 linem.

2093 4418 2199 4465 τως
2224 4404 2345 4455 οὐδὲ
2375 4402 2519 4476 ζωῆς
2548 4404 2717 4469 τέλος.

481 4482 568 4535 54.
606 4483 708 4549 Qui
739 4496 866 4541 sunt
896 4503 990 4556 per
1027 4487 1185 4543 ﬁdem
1214 4492 1306 4545 ﬁlii
1348 4496 1758 4563 prOphetarum,
1787 4508 1840 4553 et
1866 4516 1988 4570 apo-

2164 4493 2251 4547 54.
2283 4496 2347 4549 Οἱ
2384 4496 2473 4548 διὰ
2515 4496 2614 4566 τῆς
2658 4496 2895 4560 πίστεως
2931 4497 3038 4549 υἱοὶ
3074 4497 3179 4550 τῶν
3224 4500 3522 4571 προφητῶν
3573 4504 3668 4555 καὶ

408 4574 673 4629 stolorum
708 4577 1029 4633 habitabant
1062 4582 1115 4634 in
1155 4598 1388 4652 superna
1414 4585 1773 4642 Hierusalem.

2136 4584 2199 4638 Iw
2225 4586 2539 4639 ἀποστόλων
2569 4587 3083 4658 κατασκηνώσουσιν
3113 4590 3169 4642 ἐν
3208 4592 3275 4659 τῇ
3304 4590 3417 4643 ἄνω
3466 4589 3666 4661 Ἰερου-

2096 4675 2228 4745 σαλή
2239 4694 2296 4745 μ.

482 4750 568 4804 55.
599 4750 663 4805 Et
694 4768 855 4822 opera
886 4756 1112 4825 justitiaa
1142 4774 1332 4815 eorum
1370 4764 1766 4833 permanebunt
1796 4764 1849 4817 iu
1883 4779 1985 4819 sar-

2164 4767 2251 4821 55.
2281 4766 2391 4820 Καὶ
2417 4768 2484 4821 τὰ
2526 4768 2660 4839 ἔργα
2702 4769 2799 4838 τῆς
2847 4768 3190 4841 δικαιοσύνης
3231 4769 3409 4825 αὑτῶν
3456 4772 3539 4835 εις
3569 4770 3660 4824 τὸν

409 4842 589 4895 culum
620 4847 1032 4914 sempiternum.

2091 4860 2447 4931 ἀτελεύτητον
2476 4861 2648 4915 αἰῶνα
2683 4864 2851 4932 μενεῖ.

1415 5035 1667 5097 ddenda
1710 5043 1771 5098 et
1802 5041 2179 5119 corrigenda
2218 5060 2295 5104 ex
2329 5041 2470 5104 cod.
2501 5041 2704 5105 Vatic.

443 5189 556 5271 ~(1)
582 5188 655 5275 ,N.
691 5192 782 5249 44.
971 5200 1095 5276 τοὺς
1133 5197 1506 5276 βασιλεῖςμτοῧ
1562 5203 1846 5259 δουλεῦσαι
1899 5203 1973 5258 διδ

1745 5207 1846 5259 beat
1899 5203 1988 5258 διὰ
2157 5206 2231 5276 (2)
2263 5204 2327 5259 N.
2358 5205 2448 5267 47,
2473 5205 2561 5259 48.
2602 5206 2661 5259 Ὀ
2683 5205 2895 5276 τεχθεὶς
2916 5208 3008 5260 ἐπὶ
3031 5208 3129 5274 τῆς
3154 5208 3275 5275 τῆς.

480 5206 556 5262 (ι)
592 5206 655 5245 1V.
691 5206 782 5249 44.
816 5206 925 5248 Kal.
971 5206 1095 5260 τοὺς
1136 5206 1373 5268 βασιλεῖς
1413 5206 1506 5256 τοῦ
1562 5206 1846 5259 δουλεῦσαι
1899 5206 1988 5258 διὰ
2177 5207 2231 5265 2)
2263 5206 2327 5259 N.
2358 5206 2448 5267 47,
2473 5206 2561 5259 48.
2602 5206 2661 5259 Ὀ
2683 5206 2895 5276 τεχθεὶς
2916 5208 3008 5260 ἐπὶ
3031 5208 3129 5274 τῆς
3154 5208 3275 5275 τῆς.

408 5262 505 5348 ﬁs
534 5261 765 5348 τξίστεως
788 5264 865 5336 τῷ
897 5268 1102 5338 Κυρίῳ.
1131 5270 1192 5324 Ν.
1227 5270 1315 5326 45.
1359 5272 1725 5344 ’Υπήκουσαν,
1762 5290 1893 5344 etc.,
1928 5279 1985 5330 ἐν
2157 5206 2233 5348 ί5)
2268 5276 2616 5345 Εἰλιγήσεται
2643 5278 2672 5330 ὁ
2704 5276 2930 5347 οὐρανὸς
2955 5276 3029 5341 ὡς
3054 5277 3275 5348 βιϐλίον.

407 5333 475 5401 τῇ
501 5333 701 5389 πίστει.
839 5333 847 5336 ⁷
988 5333 999 5338 ’
1057 5333 1066 5338 ’
1487 5333 1497 5344 ’
1710 5333 1723 5341 ⁷
1880 5333 1891 5344 ’
2270 5333 2592 5417 Γενάίμένος.
