3874 6222
77 343 226 402 1033
1011 341 1101 394 DE
1136 341 1413 397 TlI‘ULlS
1450 338 1899 396 PSALMORUM.
1940 368 2010 380 —-
2043 336 2239 392 PSAL.
2274 335 2386 390 Cll.
3210 324 3349 380 1030

395 460 641 528 Ψαλμὸς
669 457 750 524 τῷ
777 459 974 514 Δαϐίδ.
1018 462 1192 515 ΨΑΑ.
1225 462 1351 514 ΡΒν.
1693 463 1744 520 Α

1693 463 1744 520 Α
2128 474 2375 528 Psalmus
2409 471 2601 525 David.
2634 468 2838 524 PSAL.
2865 466 2995 523 CII.

148 550 214 606 1.
253 549 509 619 Εὐλόγει,
531 551 564 620 ή
589 549 734 620 ψυχή
771 566 895 618 μου,
922 548 1014 603 τὸν
1036 548 1271 620 Κύριον·

1841 569 1894 623 1.
1922 568 2178 634 Benedic,
2215 567 2398 620 anima
2433 579 2574 628 mea,
2610 562 2842 616 Domino
2875 580 2888 615 :

147 642 212 698 2.
247 644 362 696 Καὶ
408 641 588 695 πάντα
635 641 705 694 τά
753 641 904 704 ἐντός
950 658 1051 711 μου
1093 641 1154 694 τὸ
1203 642 1374 712 ὄνομα
1415 641 1476 695 τὸ
1516 641 1668 711 ἅγιον

1838 660 1895 713 2.
1926 658 1994 713 Ει
2039 658 2244 725 omnia,
2291 672 2413 726 qua:
2455 656 2602 710 intra
2644 670 2731 708 me
2763 663 2890 708 sunt
2919 651 3124 707 nomini
3159 657 3349 706 sancto

75 733 274 790 αὑτοῦ.

605 821 611 822 γ
952 821 956 822 ν
1770 752 1889 822 ejus

151 823 213 877 ‘5.
251 822 498 890 Εύλόγει,
525 822 558 891 ἠ
585 821 732 892 ψυχή
765 838 890 891 μου,
913 821 1004 874 τὸν
1033 823 1234 893 Κύριον
1253 841 1268 854 ·

1840 843 1897 898 5.
1934 840 2182 902 Benedic,
2210 841 2391 894 anima
2416 855 2556 906 mea,
2594 838 2824 892 Domino
2857 856 2869 892 :

152 915 208 968 4.
244 915 358 967 Καὶ
399 913 474 985 μὴ
526 912 886 966 ἐπιλανθάνου
930 914 1106 978 πάσας
1150 915 1249 980 τὰς
1290 916 1670 980 ἀνταποδόσεις

1655 934 1670 980 ς
1839 932 1893 985 4.
1923 931 1990 986 Ει
2019 932 2129 985 noli
2155 930 2404 986 oblivisci
2425 945 2617 985 omnes
2641 929 3028 984 retributiones
3049 927 3185 997 ejus.

76 1025 277 1062 συτου.

157 1096 214 1152 5.
245 1098 288 1148 Τ
292 1096 352 1149 ὸν
393 1095 772 1148 εύῖλατεύοντα
806 1096 986 1159 πάσας
1014 1096 1114 1160 τὰς
1158 1097 1386 1168 ἀνομίας
1415 1115 1506 1151 σου
1535 1097 1674 1170 [πά-

1844 1108 1896 1163 5.
1929 1108 2030 1174 Qui
2057 1107 2386 1178 propitiatur
2413 1104 2671 1160 omnibus
2698 1101 3078 1172 iniquitatibus
3109 1099 3217 1153 tuis
3245 1117 3257 1153 :

81 1205 212 1251 σαις
237 1189 361 1249 ταῖς
391 1186 638 1256 ἀνομίαις
666 1204 756 1239 σου
785 1186 803 1259 ]
827 1203 840 1216 ο

153 1281 211 1331 6.
249 1277 354 1329 Τὸν
387 1275 616 1347 ἰώμενον
648 1278 830 1340 πάσας
861 1277 960 1340 τὰς
987 1278 1176 1342 νόσους
1204 1295 1318 1332 σου·

1843 1289 1896 1342 6.
1927 1286 2029 1353 Qui
2064 1295 2220 1341 sanat
2249 1300 2441 1340 omnes
2477 1283 2824 1337 inﬁrmitates
2856 1290 2997 1336 tuas.

155 1367 212 1420 7.
244 1367 350 1420 Τὸν
384 1367 748 1437 λυτρούμενον
775 1370 840 1421 ἐκ
874 1369 1078 1440 φθορᾶς
1100 1371 1195 1441 τὴν
1228 1372 1372 1442 ζωήν
1403 1390 1526 1426 σου·

1511 1391 1526 1406 ⁶
1846 1378 1896 1433 7.
1932 1378 2034 1444 Qui
2062 1378 2277 1432 redimit
2305 1377 2371 1431 de
2399 1377 2620 1429 interitu
2656 1375 2822 1427 vitam
2847 1383 2996 1427 tuam
3029 1391 3040 1425 :

153 1457 210 1512 8.
247 1458 352 1512 Τὸν
381 1459 751 1526 στεφανοῦντά
784 1477 843 1512 σε
875 1462 931 1513 ἐν
964 1462 1101 1514 ἐλέει
1127 1464 1219 1515 καὶ
1242 1467 1565 1536 οἰκτιρμοῖς.

1845 1469 1896 1523 8.
1933 1469 2037 1536 Qui
2075 1478 2304 1524 coronat
2349 1476 2400 1522 te
2441 1467 2496 1521 in
2545 1465 2922 1521 misericordia
2952 1474 3007 1518 et
3042 1462 3349 1517 miseratio-

1776 1559 1961 1614 nibus.

1847 1643 1900 1697 9.
1938 1643 2041 1709 Qui
2076 1645 2244 1714 replet
2273 1643 2328 1697 in
2352 1643 2514 1698 bonis
2539 1643 2872 1698 desiderium
2903 1650 3055 1696 tuum
3084 1658 3097 1693 :

1846 1733 1933 1788 10.
1971 1734 2341 1789 Renovabitur
2367 1744 2426 1789 ut
2451 1735 2646 1803 aquilae
2675 1734 2933 1803 juventus
2961 1742 3073 1786 tua.

1703 1821 1746 1875 Β
1845 1825 1932 1878 11.
1966 1826 2194 1881 Faciens
2223 1829 2630 1883 misericordias
2654 1827 2918 1881 Dominus
2945 1845 2957 1879 :

1841 1917 1928 1970 1‘2.
1960 1918 2026 1972 Et
2054 1919 2317 1989 judicium
2346 1921 2602 1975 omnibus
2628 1920 2888 1989 injuriam
2914 1917 3269 1988 patientibus.

1843 2009 1926 2063 15.
1961 2009 2129 2066 Notas
2161 2011 2288 2065 fecit
2318 2013 2434 2066 vias
2463 2028 2592 2066 suas
2620 2011 2792 2082 Moysi
2820 2030 2837 2066 .'

1846 2098 1932 2152 14.
1965 2100 2116 2155 Filiis
2143 2100 2305 2155 Israel
2341 2103 2650 2157 voluntates
2679 2118 2828 2156 suas.

1853 2191 1940 2245 15.
1979 2192 2265 2248 Miserator
2298 2202 2353 2246 et
2383 2195 2697 2250 misericors
2731 2193 3012 2248 Dominus.

1851 2281 1938 2336 16.
1976 2281 2326 2353 Louganimis
2350 2294 2403 2338 et
2428 2285 2657 2338 multum
2689 2284 3020 2338 misericors.

1858 2372 1947 2426 17.
1974 2372 2090 2426 Non
2123 2375 2176 2428 in
2215 2383 2531 2445 perpetuum
2565 2375 2864 2430 irascetur:

1859 2463 1947 2516 18.
1974 2463 2158 2535 Neque
2184 2466 2239 2520 in
2269 2477 2530 2522 aeternum
2563 2465 3005 2522 comminabitur.

154 1615 212 1670 9.
245 1616 350 1680 Τὸν
373 1615 774 1686 ἐμπιμπλῶντα
796 1618 854 1670 ἐν
872 1618 1095 1686 ἀγαθοῖς
1117 1620 1214 1690 τὴν
1236 1621 1530 1692 ἐπιθυμίαν
1557 1641 1673 1676 σου’

154 1707 249 1759 10.
291 1708 835 1780 Ἀνακαινισθὴσεται
870 1710 946 1773 ὡς
985 1711 1145 1764 ἀετοῦ
1181 1715 1213 1784 ἡ
1248 1714 1436 1783 νεότης
1476 1730 1604 1768 σου⁶

159 1800 252 1853 11.
283 1799 461 1852 Ποιῶν
497 1800 866 1872 ἐλεημοσύνας
889 1804 915 1854 6
939 1802 1142 1874 Κύριος
1162 1823 1176 1835 ·

156 1893 250 1946 12.
285 1893 395 1945 Καὶ
426 1895 601 1964 κρῖμα
639 1895 772 1946 πᾶσι
798 1897 911 1957 τοῖς
937 1895 1335 1966 ἀδικουμένοις.

159 1983 250 2037 15.
295 1983 590 2055 Ἐγνὼρισε
617 1985 717 2049 τὰς
747 1987 900 2050 ὁδοὺς
923 1988 1086 2041 αὐτοῦ
1117 1988 1193 2060 τῷ
1227 1992 1432 2061 Μωῦσῇ
1461 2008 1474 2021 ’

158 2076 252 2130 14.
295 2077 419 2140 Τοῖς
444 2079 582 2140 υἱοῖς
620 2079 834 2149 Ἰσραὴλ
861 2080 930 2132 τὰ
951 2081 1076 2152 θελή
1088 2100 1230 2152 ματα
1251 2083 1434 2140 αὑτοῦ,

160 2167 252 2223 15.
288 2167 610 2239 Οἰκτίρμων
641 2171 735 2223 καὶ
764 2171 1012 2243 ἐλεήμων
1042 2176 1070 2226 6
1102 2176 1323 2246 Κύριος,

161 2259 253 2313 16.
292 2261 666 2332 Μακρόθυμος
698 2264 792 2316 καὶ
817 2264 1124 2330 πολυέλεος.

167 2354 258 2406 17.
293 2356 408 2408 Οὐκ
437 2357 518 2419 είς
544 2355 700 2420 τέλος
735 2357 1124 2430 ὀργισθήσεται
1149 2377 1163 2391 ⁸

161 2443 250 2498 18.
284 2445 419 2499 Ούδὲ
439 2448 521 2510 εἰς
545 2447 637 2499 τὸν
662 2447 837 2501 αἰῶνα
865 2453 1066 2520 μηνιεῖ.

1181 2635 1185 2640 “
1221 2628 1596 2688 ATHANASII
1647 2639 2230 2702 lNTERPRETATlO.

176 2735 244 2830 :ﬂ
268 2738 604 2830 προκειμένη
643 2739 918 2811 ἐπιτραφῆ
943 2743 1188 2813 περιέχει
1221 2743 1296 2816 (ί)
1321 2762 1334 2776 ⁹
1362 2747 1445 2812 Τῷ
1467 2752 1645 2806 Δαϐὶδ
1660 2758 1922 2827 ψαλμὸς,
1947 2762 2191 2814 τουτέστι
2220 2762 2299 2828 τῷ
2320 2759 2504 2827 ἱκανῷ
2523 2759 2598 2829 τῇ
2620 2760 2767 2830 χειρὶ
2787 2756 2864 2828 τῷ
2885 2755 3000 2827 Υἱῷ
3019 2755 3112 2810 τοῦ
3131 2756 3284 2813 Θεοῦ.

165 2827 380 2882 Titulus
407 2830 731 2898 praepositus
760 2833 1004 2886 continet
1037 2853 1049 2888 :
1081 2834 1327 2914 Psalmus
1355 2839 1550 2905 David,
1584 2845 1690 2901 hoc
1721 2860 1806 2905 est
1832 2870 1994 2906 manu
2023 2854 2150 2921 forti
2174 2827 2453 2908 DeiFilio.

164 2919 218 2981 1,
240 2919 368 2983 2,5.
401 2920 462 2971 Ἡ
495 2918 640 2988 ψυχή
668 2937 789 2990 μου,
817 2922 912 2974 καὶ
946 2925 979 2993 ἡ
1012 2925 1211 2994 καρδία
1237 2944 1336 2998 μου
1371 2925 1473 2999 (2),
1511 2935 1605 2984 καὶ
1648 2935 1680 3006 ἡ

1861 2941 1912 3004 1,
1940 2943 1996 3008 2,
2024 2943 2078 2997 5.
2110 2944 2304 2998 Anima
2337 2959 2478 3006 mea,
2506 2953 2561 2998 et
2592 2957 2688 2997 cor
2721 2955 2903 2994 meum
2930 2944 2986 2994 et
3013 2938 3188 2993 virtus
3217 2953 3355 2994 mea:

99 3009 252 3081 ἰσχύς
276 3028 402 3081 μου,
425 3010 634 3078 εὐλόγει
658 3011 749 3064 τὸν
775 3013 1000 3084 Κύριον.

842 3013 1000 3084 δριονο
1783 3033 2085 3088 benedicile
2119 3035 2372 3088 Domino.

162 3104 198 3156 4
234 3104 310 3174 (5)
356 3105 477 3155 Ὅτι
519 3104 583 3155 ἐκ
626 3103 720 3155 τοῦ
752 3103 825 3176 μὴ
850 3105 1002 3170 ὄντος
1022 3106 1233 3163 τὸεῖναί
1268 3129 1326 3163 σε
1358 3117 1678 3187 παρήγαγε.

1589 3133 1678 3185 γε.
1852 3125 1908 3179 4.
1943 3124 2214 3191 Quoniam
2239 3143 2304 3180 ex
2337 3126 2508 3180 nihilo
2536 3134 2587 3180 te
2615 3121 2840 3178 adduxit
2866 3131 2925 3176 ut
2947 3136 3117 3178 esses.

171 3193 206 3246 5
262 3192 372 3246 Καὶ
403 3191 480 3261 τῷ
515 3193 705 3261 αἵματι
740 3193 835 3245 τοῦ
870 3195 1000 3248 Υἱοῦ
1045 3199 1210 3252 αὑτοῦ
1245 3199 1587 3273 ἐλυτρώσατό
1621 3222 1683 3258 σε

1855 3215 1905 3268 ὃ.
1936 3216 1997 3270 Ει
2034 3220 2300 3287 sanguine
2326 3216 2448 3270 Filii
2481 3217 2564 3270 sui
2599 3214 2830 3269 redemit
2864 3222 2916 3266 te
2949 3230 2979 3267 a
3024 3219 3200 3267 morte
3235 3224 3360 3280 peo—

95 3287 206 3340 ἀπὸ
234 3285 464 3339 θανάτου
493 3285 592 3355 τῆς
618 3287 913 3358 ἁμαρτίας,
937 3291 1030 3344 καὶ
1047 3292 1414 3362 ὲπηγγείλατό
1434 3313 1514 3349 σοι
1538 3295 1625 3360 Curi

1389 3295 1514 3349 ὅσοι
1538 3295 1682 3369 ζωὴν
1785 3307 1912 3373 cati,
1946 3315 1999 3362 et
2017 3285 2271 3378 promisit
2295 3309 2390 3362 tibi
2418 3309 2586 3362 vitam
2619 3315 2874 3360 astcrt'iam
2906 3322 2919 3357 :

95 3377 335 3432 αἰώνιον.

169 3469 224 3526 6.
261 3468 361 3523 Διά
387 3469 480 3523 τοῦ
513 3469 719 3534 πάθους
749 3469 844 3524 τοῦ
877 3471 1006 3525 Υἰοῦ
1041 3472 1207 3527 αὐτοῦ
1243 3477 1308 3530 ὲκ
1333 3477 1539 3549 φθορᾶς
1582 3477 1681 3551 τὴν

1854 3475 1906 3528 6.
1940 3473 2043 3530 Per
2090 3477 2401 3546 passionem
2450 3475 2572 3529 Filii
2627 3475 2711 3530 sui
2771 3474 2840 3529 de
2909 3474 3136 3529 interitu
3194 3473 3358 3526 vitam

97 3563 248 3634 ζωήν
273 3581 387 3616 σου.

1783 3575 1949 3622 tuam.

171 3654 224 3708 7.
261 3653 360 3708 Διά
387 3655 486 3725 τῆς
505 3656 725 3726 χάριτος
742 3654 835 3708 τοῦ
857 3656 1175 3727 Πνεύματος
1197 3659 1361 3712 αὑτοῦ
1384 3660 1477 3714 τοῦ
1501 3661 1678 3729 ἁγίου.

1261 3659 1361 3712 ,τοῦ
1384 3660 1477 3714 τοῦ
1501 3661 1678 3729 ἁγίου,
1855 3655 1904 3708 7.
1932 3653 2034 3710 Per
2061 3656 2288 3725 gratiam
2324 3655 2564 3723 Spiritus
2593 3655 2791 3709 sancti.

94 3792 101 3798 .
168 3749 224 3802 8.
261 3748 362 3800 Τὸν
383 3749 749 3820 χαρισάμενόν
779 3766 860 3802 σοι
889 3749 950 3802 τὸ
989 3750 1291 3819 βασιλεύειν
1315 3754 1373 3805 ἐν
1396 3757 1462 3825 τῇ
1497 3755 1622 3826 χάρι

1851 3748 1903 3802 8.
1940 3746 2043 3812 Qui
2088 3747 2312 3801 donavit
2354 3747 2474 3812 tibi,
2521 3756 2580 3802 ut
2614 3762 2875 3818 reguares
2926 3747 2980 3800 in
3026 3747 3196 3817 gratia
3236 3745 3359 3800 Filii

96 3840 190 3894 τοῦ
226 3839 355 3893 Υἱοῦ
383 3840 568 3905 αὑτοῦ,
595 3841 689 3894 καὶ
721 3838 816 3892 τοῦ
844 3840 998 3910 ἁγίου
1023 3841 1360 3913 Πνεύματος.

943 3859 998 3893 ου
1023 3841 1360 3913 Πνεύματος,
1783 3837 1888 3900 sui,
1931 3847 1985 3890 et
2013 3836 2247 3905 Spiritus
2281 3838 2473 3891 sancti.

169 3933 225 3986 9.
262 3931 366 3985 Τὸν
406 3930 718 4001 πληροῦντα
756 3931 832 4001 (4)
873 3931 983 3984 τῶν
1021 3935 1379 4005 χαρισμάτων
1418 3935 1516 4007 τὴν
1546 3953 1682 4007 καρ-

1584 3953 1682 4007 αρ.
1853 3927 1907 3980 9.
1940 3924 2042 3991 Qui
2071 3926 2259 3997 implet
2285 3925 2602 3982 coelestibus
2622 3927 2782 3982 donis
2811 3942 2906 3982 cor
2942 3934 3111 3981 tuum.

98 4026 222 4078 δίαν
257 4039 375 4077 σου.

174 4115 264 4170 10.
311 4114 401 4166 Ἐν
448 4113 526 4184 τῷ
580 4113 915 4183 βαπτίσματι
956 4115 1050 4167 καὶ
1085 4117 1142 4168 ὲν
1175 4119 1240 4188 τῇ
1279 4117 1527 4190 βασιλείᾳ
1571 4118 1680 4173 τῶν

1493 4136 1527 4190 ᾳ
1571 4118 1680 4173 τῶν
1855 4100 1942 4154 10.
1973 4099 2030 4152 In
2055 4100 2351 4170 baptismo,
2377 4109 2428 4156 et
2464 4119 2518 4155 ιιι
2545 4116 2711 4173 regno
2737 4102 3023 4156 caelorum.

95 4202 366 4278 οὐρανῶν.

171 4273 261 4348 11.
299 4294 561 4365 Παρέχων
580 4293 648 4348 τά
677 4295 800 4365 ἐλέη
826 4296 990 4349 αὑτοῦ
1018 4299 1045 4349 6
1081 4296 1305 4369 Κύριος.

1710 4291 1754 4347 D
1855 4273 1940 4326 11.
1971 4273 2223 4329 Praebens
2251 4274 2657 4329 misericordias
2693 4289 2820 4328 suas
2856 4273 3141 4327 Dominus.

388 4351 398 4365 .
452 4351 484 4364 ι.
790 4351 800 4365 .
1172 4351 1183 4369 .
1268 4351 1281 4360 -

166 4387 257 4441 12.
288 4388 397 4440 Καὶ
422 4385 651 4439 ἐκδικῶν
680 4387 886 4450 πάντας
924 4388 999 4458 (ὅ)
1046 4391 1170 4452 τοὺς
1215 4389 1681 4445 καταδυναστευο-

1855 4366 1942 4420 12.
1978 4365 2043 4420 Et
2078 4367 2362 4421 vindicans
2393 4381 2585 4423 omnes
2613 4381 2911 4438 oppressos
2937 4381 2968 4418 a
2996 4365 3235 4420 diabolo.

100 4480 299 4552 μένους
330 4479 433 4532 ὑπὸ
451 4479 544 4531 τοῦ
575 4479 845 4534 διαϐόλου.

171 4569 260 4623 15.
296 4568 385 4638 Τῷ
403 4567 516 4638 λαῷ
549 4569 623 4637 ((5)
653 4567 998 4638 ἀνανεχθέντι
1027 4568 1135 4621 ἀπὸ
1159 4569 1253 4621 τοῦ
1290 4570 1682 4642 βαπτίσματος.

1857 4568 1942 4622 15.
1971 4566 2318 4637 Populo,qui
2346 4569 2594 4624 sublatus
2641 4576 2724 4622 est
2765 4583 2794 4621 e
2828 4566 3120 4636 baptismo.
3157 4563 3359 4634 Moyses

95 4656 360 4722 Μωῦσῆς
383 4657 492 4726 γὰρ
519 4656 881 4727 ἑρμηνεύεται
911 4658 1218 4725 ἀναίρεσις
1252 4658 1491 4725 ὕδατος.

1373 4677 1491 4725 τος.
1784 4659 1928 4712 enim
1966 4657 2355 4724 interpretatur
2384 4658 2618 4711 sublatio
2651 4657 2715 4709 ab
2746 4673 2903 4726 aqua.

173 4749 260 4803 14.
294 4749 416 4810 Τοῖς
467 4749 602 4810 υἱοῖς
642 4747 750 4800 τῶν
799 4747 1051 4820 ὁρώντων
1100 4749 1191 4802 τὸν
1241 4750 1372 4803 Θεὸν
1420 4749 1685 4822 ἐγνώρισε

1860 4746 1946 4799 14.
1983 4745 2137 4800 Filiis
2167 4747 2466 4801 videntium
2497 4748 2666 4802 Deum
2694 4756 2820 4802 nota
2849 4747 2979 4800 fecit
3001 4753 3361 4816 praeceptam!

96 4841 200 4906 τὰς
236 4840 454 4903 ἐντολὰς
477 4841 571 4893 καὶ
596 4841 657 4892 τὸ
685 4841 897 4911 Θέλημα
927 4839 1115 4893 αὐτοῦ.

796 4859 897 4911 αμα
927 4839 1115 4893 αὐτοῦ.
1784 4837 2117 4890 voluntatem
2149 4850 2326 4889 suam.

171 4933 261 4994 13,
295 4932 380 4986 16.
410 4933 686 5003 Οἰκτείρει
716 4933 791 5003 (7)
825 4934 1035 4996 πάντας
1080 4935 1108 4986 ὁ
1168 4933 1406 5005 Κύριος,
1453 4936 1545 4988 καὶ
1582 4953 1687 5005 μα-

1855 4926 1943 4989 15,
1983 4925 2069 4981 16.
2104 4925 2389 4980 Miserctur
2418 4928 2665 4980 omnium
2701 4926 2988 4990 Dominus,
3019 4935 3074 4981 et
3115 4926 3359 4996 longani-

100 5023 389 5098 κροθυμεῖ,
421 5022 519 5074 καὶ⁴
548 5021 812 5092 πληθύνει
840 5024 902 5074 τὸ
931 5022 1079 5086 ἔλεος
1105 5024 1293 5076 αὑτοῦ.

1784 5019 1889 5072 mis
1923 5029 2025 5081 est,
2060 5029 2112 5073 et
2141 5019 2468 5088 multiplicat
2495 5019 2927 5074 miscricordiam
2959 5035 3135 5074 suam.

172 5117 263 5182 17,
302 5114 368 5169 18
419 5115 534 5167 Οὐκ
557 5115 1046 5186 ἀποστραφήσεται
1082 5116 1157 5188 (8)
1181 5119 1349 5187 ἡμᾶς.

1199 5119 1349 5187 mag.
1856 5115 1943 5176 17,
1972 5113 2061 5167 18.
2091 5112 2208 5167 Non
2238 5114 2580 5168 aversabitur
2608 5130 2729 5168 nos.

1058 5209 1366 5268 Addenda
1400 5216 1460 5268 et
1503 5206 1877 5284 corrigenda
1911 5223 1988 5265 ex
2037 5205 2179 5265 cod.
2206 5204 2406 5266 Vatic.

171 5314 248 5375 (1)
280 5312 443 5365 Ἡδιά
463 5310 945 5383 τῆςκινναὸἀρεως
960 5312 1488 5383 περ.,ρῑο.,Ψαλμός
1510 5313 1678 5364 deest.
1791 5308 2112 5383 gﬂopigfhv
2137 5307 2281 5378 ζωήν
2297 5325 2422 5383 ησου.
2459 5307 2524 5364 Ν.
2558 5309 2611 5372 6,
2639 5309 2690 5360 7.
2723 5308 2820 5360 Διὰ
2848 5307 2946 5377 τῆς
2977 5306 3218 5378 χάριτος,
3254 5318 3358 5360 etc-

173 5383 248 5450 (Ξ)
280 5383 398 5435 Μου
422 5377 574 5452 καῖὴ
595 5377 820 5434 διάνοιά
830 5400 953 5452 μου,
973 5377 1067 5435 καὶ
1089 5385 1122 5452 ἠ
1154 5382 1305 5452 ἰσχύς
1328 5377 1690 5453 μόυᾸὶαΙίιιυο
1975 5377 2445 5453 Πληροιροροῦντα.

106 5453 323 5508 (1681111⁸.
565 5450 573 5452 -
833 5450 842 5452 ἡ
1111 5450 1118 5452 Ὗ
1208 5450 1216 5452 ν
1331 5450 1339 5453 1

1111 5450 1118 5452 ἡ
1208 5450 1216 5452 ’
1331 5450 1339 5453 ’
1869 5450 1942 5517 (5)
1979 5451 2385 5510 Ili‘nagdecst.

171 5523 246 5588 ('5)
272 5519 336 5575 Ν.
368 5523 424 5576 4.
453 5523 579 5592 Ὅτι
600 5523 663 5574 ἐκ
689 5521 785 5576 τοῦ
812 5520 885 5592 μὴ
915 5521 1066 5592 ὄντος
1091 5524 1170 5585 εἰς
1201 5523 1259 5574 τὸ
1291 5517 1429 5575 εἷναί
1457 5538 1514 5573 σε
1542 5539 1688 5592 παρ-

1457 5538 1514 5573 σε
1542 5539 1688 5592 παρ-
1867 5521 1942 5592 (ti)
1975 5519 2065 5589 Τῷ
2095 5519 2208 5592 λαῷ
2234 5518 2487 5592 τῷ.εῐο.,
2520 5517 2734 5592 εὕρεσις
2765 5517 2971 5592 ὓδατος.

105 5583 332 5660 ἤγαγεν,
385 5593 478 5646 καὶ
515 5591 593 5662 τῷ
632 5583 828 5661 αἵματὶ
869 5583 963 5644 τοῦ
1009 5583 1393 5662 Υῐοῦ“(ειι[ι[›1.
1445 5609 1507 5645 ex
1560 5583 1635 5646 cui

1975 5583 2245 5662 Οἵκτείρει
2273 5583 2499 5662 πάντας,
2538 5583 2630 5662 καὶ
2658 5588 2798 5662 ἐξλεεῖ
2825 5588 2852 5638 6
2877 5587 3100 5656 Κύριος,
3135 5583 3226 5639 καὶ
3262 5599 3367 5640 n.1—

109 5651 265 5717 llarli.
301 5651 465 5716 αὐτοῦ
491 5651 832 5732 ὲλύτρὼσατό
854 5679 912 5714 σε
936 5662 1041 5714 ἀπὸ
1074 5651 1344 5733 θανάτού)
1377 5662 1475 5731 τῆς
1499 5663 1690 5783 ἁμαρ-
1795 5651 2064 5732 προθυμεῖ
2092 5651 2224 5729 πρὶς
2251 5651 2474 5724 πάνταςς
2507 5661 2599 5712 καὶ
2628 5657 2908 5729 πληθύι-κει,
2943 5651 3046 5710 etc.

110 5733 226 5783 τίας
264 5733 359 5783 καί
404 5734 448 5783 ὲ.
495 5733 544 5783 ζ.
575 5731 730 5783 αἰών-
756 5729 816 5783 Ν.
855 5732 909 5783 5.
945 5731 1042 5783 Διά
1077 5731 1189 5783 τοῦ.
1227 5742 1354 5783 etc..
1387 5733 1583 5783 desunt
1658 5749 1691 5783 κ
1870 5732 1942 5783 t8)
1988 5732 2357 5783 Ἀ’ποστοαεοῆ.

110 5733 226 5796 sta;
264 5733 359 5786 καί
404 5734 448 5787 ὲ.
495 5733 544 5798 ζ.
575 5729 730 5789 αἰών.
756 5729 816 5786 Ν.
855 5732 909 5792 5,
945 5731 1042 5784 Διά
1077 5731 1189 5795 τοῦ,
1227 5729 1354 5798 etc.,
1387 5729 1583 5787 desunt
1623 5729 1640 5783 ὲ

855 5732 909 5792 5.
945 5731 1042 5784 Διά
1077 5731 1189 5795 τοῦ,
1227 5729 1354 5798 etc.,
1387 5729 1583 5787 desunt
1623 5729 1691 5784 ὲκ
1835 5729 1942 5795 ’(8)
1988 5732 2356 5800 Ἀ’ποστραιρῇ.
