3874 6222
500 327 628 380 1087
1345 332 1403 387 s.
1447 332 1820 390 ATIIANASH
1849 319 2012 392 ουρ.

2284 341 2356 394 ill.
2397 369 2468 382 -—
2507 339 2919 394 EXEGETICA.
3642 339 3754 392 1088
3801 291 3814 378 1

565 465 653 521 19.
693 463 811 518 Νοη
854 467 1151 521 secundum
1196 468 1516 538 iniquitates
1565 480 1782 526 iiostras
1830 471 2078 543 [peccata

2257 453 2344 506 l9.
2377 454 2452 505 Ού
2489 453 2629 507 κατὰ
2655 454 2754 517 τὰς
2780 453 3009 524 ἀνομίας
3037 451 3056 524 [
3081 450 3386 523 ἁμαρτίας]
3410 452 3576 523 ἡμῶν
3595 453 3757 520 ἐποιη-

499 559 705 628 noslra]
737 557 866 613 fecit
891 559 1051 613 nobis
1079 577 1093 613 :

937 559 1051 613 nbis
1079 577 1093 613 :
2180 560 2272 595 σεν
2303 546 2433 614 ἡμῖν
2456 561 2467 573 '

3815 641 3819 858 ι

561 648 651 702 20.
682 645 868 718 Neque
897 649 1200 703 secundum
1236 657 1461 718 peccata
1504 660 1692 704 nostra
1735 650 2076 722 [iniquitates

2286 635 2337 689 0.
2371 635 2506 687 Ούδὲ
2561 634 2706 687 κατά
2769 633 2869 696 τὰς
2914 633 3193 706 ἁμαρτίας
3249 630 3568 702 [ἀνομίας]
3623 631 3759 700 ἡμῶν

498 749 713 794 nostras
752 740 1006 794 retribuit
1048 741 1226 794 nobis.

1219 780 1226 792 _
2178 725 2562 778 ἀνταπέδωκεν
2596 727 2749 796 ἡμῖν.

561 830 652 885 21.
679 831 951 896 Quoniam
988 831 1291 885 secundum
1324 830 1668 884 altitudinem
1697 831 1869 886 coalia
1906 841 2072 894 terra,

2247 815 2337 869 2l.
2375 816 2499 868 ’Ότι
2529 815 2670 868 κατὰ
2693 816 2754 868 τὸ
2785 814 2920 883 ὕψος
2943 814 3037 867 τοῦ
3066 813 3297 885 ούρανοῦ
3319 814 3427 868 ἀπὸ
3456 812 3565 882 τῆς
3594 812 3715 880 γῆς,

561 920 653 974 22.
685 919 1077 974 Corroboravit
1123 918 1387 975 Dominus
1435 919 1872 974 misericordiam
1918 937 2076 974 suam

2248 907 2337 960 22.
2381 908 2756 978 Ἐκραταίωσε
2793 907 2996 978 Κύριος
3038 907 3098 960 τὸ
3131 906 3283 970 ἕλεος
3313 905 3480 960 αὐτοῦ
3520 904 3628 956 ἐπὶ
3657 905 3765 965 τοὶς

497 1027 660 1080 super
685 1011 936 1066 timentes
968 1026 1046 1065 se.

2180 998 2553 1069 φοϐουμένους
2575 999 2755 1053 αὐτόν.

561 1107 655 1159 25.
687 1104 962 1171 Quantum
987 1104 1152 1158 distat
1179 1112 1333 1156 ortus
1367 1102 1434 1155 ab
1468 1101 1773 1162 occidente,

2251 1091 2342 1144 25.
2380 1090 2627 1144 Καθόσον
2646 1090 2942 1161 ἀπέχουσιν
2965 1089 3224 1143 ἀνατολαὶ
3249 1088 3357 1143 ἀπὸ
3374 1086 3636 1159 δυσμῶν,

561 1196 653 1250 21.
685 1195 868 1268 Longe
894 1195 1023 1251 fecit
1052 1211 1082 1248 a
1113 1195 1272 1249 nobis
1304 1194 1620 1262 iniquitates
1647 1203 1885 1249 nostras.

2250 1180 2340 1234 24.
2383 1180 2724 1251 Ἐμὰκρυνεν
2754 1183 2846 1248 ἀφ’
2870 1179 3030 1250 ἡμῶν
3051 1180 3152 1242 τὰς
3184 1179 3415 1250 ἀνομίας
3447 1177 3636 1249 ἡμῶν.

561 1288 653 1342 25.
690 1287 976 1352 Quomodo
1003 1286 1297 1340 miseretur
1324 1295 1476 1354 pater
1508 1284 1742 1338 ﬁliorum
1779 1303 1792 1338 ε

1779 1303 1792 1338 ε
2251 1271 2342 1323 25.
2382 1270 2580 1334 Καθὼς
2613 1271 2873 1342 οἱκτείρει
2897 1272 3080 1342 πατὴρ
3111 1270 3289 1333 υἱούς·

562 1380 652 1434 26.
689 1380 943 1434 Misertus
972 1388 1056 1434 est
1084 1377 1346 1433 Dominus
1379 1377 1698 1430 timentibus
1725 1392 1803 1431 se.

2251 1363 2344 1419 26.
2393 1363 2710 1434 ’ῼκτείρησε
2737 1365 2943 1435 Κύριος
2964 1365 3092 1426 τοὺς
3122 1361 3494 1432 φοϐουμένους
3528 1358 3725 1415 αὐτόν.

563 1471 653 1525 2'7.
681 1471 949 1536 Quoniam
980 1472 1094 1540 ipse
1131 1471 1388 1540 cognovit
1427 1469 1746 1539 ﬁgmentum
1777 1478 2025 1523 nostrum
2062 1487 2077 1522 :

1898 1484 2025 1523 .rum
2062 1487 2077 1522 :
2248 1454 2338 1509 27.
2373 1455 2496 1507 ’Ὁτι
2527 1455 2689 1518 αὐτὸς
2718 1455 2861 1524 ἔγνω
2888 1456 2949 1508 τὸ
2981 1455 3207 1525 πλάσμα
3238 1452 3390 1526 ἡμῶν
3415 1471 3428 1483 ·

563 1563 653 1616 28.
683 1563 1018 1617 Recordatus
1047 1570 1151 1626 est,
1190 1560 1450 1630 quoniam
1487 1559 1666 1628 pulvis
1697 1575 1910 1615 sumus.

1647 1577 1666 1614 s
1697 1575 1910 1615 sumus.
2251 1546 2342 1600 28.
2392 1547 2693 1618 Ἐμνήσθη,
2717 1549 2798 1601 ὃτι
2835 1547 2961 1619 χοῦς
2989 1549 3177 1618 ἐσμεν.

563 1655 654 1710 29.
691 1653 866 1709 llomo
892 1655 1032 1710 sicut
1064 1653 1247 1708 fenum
1279 1653 1396 1707 dies
1425 1653 1544 1721 ejus
1570 1671 1583 1706 :

2260 1637 2350 1692 29.
2381 1637 2705 1708 Ἀνθρωπος
2740 1640 2872 1692 ὡσεὶ
2901 1639 3095 1710 χόρτος
3125 1640 3180 1691 αἱ
3219 1637 3426 1708 ἡμέραι
3456 1632 3629 1688 αὑτοῦ
3659 1648 3673 1662 ⁸

564 1745 654 1800 50.
677 1745 961 1815 Tanquam
990 1745 1090 1799 ﬁos
1118 1745 1232 1814 agri
1264 1747 1345 1798 sic
1367 1743 1653 1798 eﬁlorebit.

2253 1730 2343 1784 50.
2393 1730 2538 1783 Ὢσεὶ
2567 1731 2725 1795 ἄνθος
2758 1731 2854 1784 τοῦ
2888 1731 3060 1803 ἀγροῦ
3085 1730 3257 1793 οὓτως
3287 1728 3598 1798 ἐξανθήσει.

566 1839 657 1892 51.
684 1838 959 1905 Quoniam
985 1837 1212 1907 spiritus
1257 1837 1609 1907 pertransibit
1647 1837 1698 1890 in
1733 1836 1846 1902 illo,
1879 1843 1933 1890 et
1975 1850 2084 1890 non

2257 1817 2348 1870 51.
2381 1818 2504 1870 Ὅτι
2537 1820 2752 1890 πνεῦμα
2783 1820 2998 1891 διῆλθεν
3041 1823 3097 1874 ἐν
3134 1817 3303 1889 αὐτῷ,
3334 1819 3429 1872 καὶ
3465 1818 3564 1886 οὺχ
3603 1815 3775 1884 ὑπ’-ἀρα

498 1931 759 1985 subsistet
791 1949 804 1983 :
1015 1905 1028 1907 _
1258 1905 1275 1907 ﬁ

568 2020 657 2074 52.
695 2019 761 2074 Ει
790 2035 896 2074 non
929 2029 1226 2089 cognoscet
1256 2019 1490 2089 amplius
1513 2020 1695 2074 locum
1723 2035 1906 2075 suum.

2255 1996 2343 2050 52.
2383 1995 2495 2049 Καὶ
2520 1995 2622 2049 οὐκ
2643 1995 3010 2066 ἐπιγνώσεται
3041 1996 3121 2050 ἐτι
3148 1998 3241 2052 τὸν
3279 1999 3441 2051 τόπον
3474 1996 3670 2050 αὐτοῦ.

567 2112 656 2167 55.
689 2084 1064 2168 Misericordia
1117 2121 1297 2166 autem
1347 2084 1571 2166 Domini
1624 2112 1694 2166 ab
1743 2119 1973 2178 αξιοι-ιιο,
2033 2120 2088 2166 et

2252 2088 2339 2142 55.
2378 2088 2450 2140 Τὸ
2475 2087 2533 2140 δέ
2569 2087 2717 2151 ἕλεος
2744 2087 2839 2142 τοῦ
2889 2089 3099 2160 Κυρίου
3150 2089 3260 2144 ἀπὸ
3308 2089 3402 2141 τοῦ
3449 2087 3654 2150 αἰῶνος
3689 2084 3774 2138 καὶ

502 2220 673 2273 us:|ue
703 2205 756 2258 in
788 2214 1050 2259 mternum
1080 2220 1245 2274 super
1274 2204 1530 2259 timentes
1558 2219 1707 2258 eum.

2181 2181 2286 2244 ἕως
2310 2179 2403 2233 τοῦ
2438 2179 2634 2242 αἰῶνος
2657 2180 2750 2232 ἐπὶ
2770 2182 2898 2245 τοὺς
2922 2181 3297 2252 φοϐουμένους
3329 2180 3513 2233 αὐτόν.

569 2271 660 2349 34.
691 2295 757 2349 Et
775 2296 988 2365 justitia
1018 2271 1164 2351 illius
1197 2297 1251 2349 iu
1287 2297 1428 2351 ﬁlios
1458 2296 1718 2360 ﬁliorum,

2257 2272 2346 2325 54.
2377 2272 2488 2325 Καὶ
2511 2273 2543 2342 ἡ
2568 2272 2879 2344 δικαιοσύνη
2912 2272 3076 2326 αὐτοῦ
3119 2272 3212 2325 ἐπί
3245 2273 3381 2335 υἱοῖς
3407 2271 3565 2336 υίῶν,

573 2387 664 2441 55.
699 2364 796 2443 His
822 2390 914 2458 qui
947 2399 1167 2444 servant
1188 2398 1571 2443 testamentum
1603 2389 1743 2458 ejus,

2256 2364 2346 2417 55.
2379 2364 2504 2428 Τοῖς
2531 2364 2864 2433 φυλάσσουσι
2894 2365 2994 2436 τὴν
3021 2365 3287 2436 διαθήκην
3320 2365 3486 2419 αὑτοῦ
3519 2406 3533 2429 ,

576 2477 669 2534 56.
699 2476 764 2531 Ει
786 2454 1059 2536 memores
1093 2490 1220 2535 sunt
1246 2454 1646 2534 mandatorum-
1669 2479 1864 2548 ipsius,
1897 2479 1962 2533 ad
2008 2477 2089 2533 fa-

2258 2454 2346 2509 56.
2384 2455 2496 2508 Καὶ
2529 2457 2900 2526 μεμνημένοις
2925 2454 3036 2510 τῶν
3053 2457 3281 2509 ἐντολῶν
3300 2455 3486 2519 αὑτοῦ,
3511 2454 3608 2508 τοῦ
3626 2456 3772 2525 ποιῆ-

503 2567 755 2622 ciendum
788 2584 870 2622 ea.

2041 2575 2050 2594 ι
2189 2562 2280 2599 σαι
2308 2562 2498 2608 αυτας.

573 2655 661 2709 57.
693 2654 960 2712 Dominus
995 2657 1050 2712 in
1083 2659 1223 2714 cmlo
1252 2659 1467 2730 paravit
1498 2658 1682 2714 sedem
1707 2673 1862 2714 suam
1889 2678 1902 2712 τ

2254 2634 2341 2688 57.
2369 2633 2576 2704 Κύριος
2593 2637 2650 2689 ἐν
2665 2633 2742 2704 τῷ
2762 2633 2979 2706 ούρανῷ
2995 2636 3263 2706 ἡτοίμασε
3277 2637 3367 2690 τὸν
3382 2637 3572 2708 θρόνον
3592 2635 3767 2692 αὑτοῦ·

569 2747 658 2802 58.
694 2747 759 2802 Et
787 2765 1012 2820 regnum
1039 2751 1208 2820 ipsius
1239 2726 1495 2806 omnibus
1524 2749 1868 2804 dominatur.

2253 2726 2341 2780 58.
2374 2729 2486 2781 Καὶ
2509 2729 2542 2797 ἡ
2578 2727 2824 2796 βασιλεία
2854 2727 3022 2780 αὐτοῦ
3053 2727 3271 2782 πάντων
3304 2727 3579 2792 δεσπόζει.

571 2841 659 2894 59.
689 2818 997 2897 Benedicite
1017 2818 1270 2907 Domino,
1300 2859 1492 2899 omnes
1515 2844 1692 2914 angeli
1723 2842 1866 2912 ejus,

2257 2818 2347 2874 59.
2384 2819 2671 2888 Εὑλογεῖτε
2692 2819 2783 2871 τὸν
2806 2819 3033 2890 Κύριον,
3055 2819 3257 2883 πάντες
3276 2820 3327 2873 οἱ
3351 2820 3769 2890 ἄγγελοιαύτοῦ,

571 2933 661 2988 40.
694 2933 951 2990 Potentes
974 2935 1174 2991 virtute
1204 2935 1469 2992 facientes
1495 2910 1721 2990 verbum
1747 2910 1918 2998 illius,

2262 2910 2351 2966 40.
2381 2912 2608 2964 Δυνατοὶ
2634 2912 2778 2982 ίσχύῐ
2814 2910 3100 2975 ποιοῦντες
3136 2912 3226 2967 τὸν
3253 2911 3415 2981 λόγον
3441 2913 3635 2982 αὑτοῦ,

1629 3108 2007 3165 ATHANASII
2057 3108 2638 3164 INTERPRETATIO.

578 3279 668 3336 19.
698 3275 816 3333 Non
869 3277 1072 3331 oblitus
1123 3285 1208 3330 est
1247 3277 1445 3345 nostri,
1493 3277 1956 3347 quemadmodum
1993 3293 2091 3332 uos

2266 3273 2352 3328 19.
2381 3271 2497 3326 Οὐκ
2523 3271 2822 3326 ἐπελάθετο
2869 3271 3047 3343 ἡμῶν,
3090 3269 3275 3335 καθὼς
3311 3273 3479 3342 ἡμεῖς
3521 3274 3773 3328 ἐπελαθῦ-

504 3372 626 3442 ejus
653 3370 807 3425 obliti
839 3383 1033 3424 sumus
1063 3367 1117 3420 in
1152 3367 1414 3436 peccatis.

2196 3364 2335 3435 μεθα
2368 3361 2538 3416 αύτιῦ
2562 3365 2619 3416 ἐν
2651 3366 2772 3427 ταῖς
2807 3362 3125 3434 ἁμαρτίαις.

575 3463 665 3518 20.
695 3461 884 3533 Neque
913 3462 989 3516 ita
1020 3460 1165 3526 fecit,
1197 3459 1664 3530 quemadmodum
1696 3461 1844 3532 digni
1875 3477 2088 3527 sumus,

2261 3461 2350 3515 20.
2379 3459 2514 3512 02ιέ
2543 3457 2724 3523 καθὼς
2771 3458 2911 3523 ἄξιοί
2958 3459 3127 3528 ἐσμεν
3175 3455 3268 3510 τοῦ
3302 3455 3661 3529 βδελυχθῆναι
3689 3457 3772 3512 ἀπ’

508 3569 566 3611 ut
599 3571 700 3611 nos
730 3556 845 3626 ipse
875 3553 1306 3608 abominaretur.

2191 3551 2380 3617 αὑτοῦ,
2401 3549 2503 3604 οὐκ
2527 3552 2750 3623 ἐποίησε
2778 3550 2955 3604 τοῦτο.

574 3647 665 3712 21,
695 3647 784 3701 22.
833 3645 1159 3699 immensam
1203 3653 1258 3699 et
1294 3644 1728 3712 investigabilem
1772 3645 2090 3700 misericor-

2262 3644 2352 3706 21,
2379 3645 2474 3697 22.
2516 3644 2848 3716 Ἀμέτρητον
2880 3645 2974 3696 καὶ
3017 3643 3421 3714 ἀνεξιχνίαστον
3468 3644 3771 3716 ἐδωρήσατο

507 3740 651 3794 diam
681 3740 942 3809 elargitus
971 3745 1056 3792 est
1089 3737 1411 3791 timentibus
1444 3754 1592 3794 eum.

2192 3737 2339 3800 ἔλεος
2371 3739 2444 3808 (1)
2479 3755 2595 3801 τος
2625 3737 2980 3806 φοϐουμένοις
3008 3737 3190 3790 αὐτόν.

577 3831 668 3897 25,
702 3830 790 3884 24.
827 3827 938 3884 Nos
967 3829 1114 3884 enim
1150 3829 1288 3884 lucis
1326 3829 1468 3885 ﬁlios
1498 3830 1699 3897 eﬁ‘ecit,
1733 3841 1957 3902 peccata
1995 3848 2093 3886 au-

2263 3835 2353 3891 25,
2389 3827 2478 3880 24.
2524 3827 2702 3897 Ἡμεῖς
2728 3830 2837 3897 γὰρ
2881 3826 3034 3888 υἱοὺς
3069 3824 3246 3893 φωτὸς
3283 3823 3524 3889 ἀνέδειξε
3546 3863 3561 3888 ,
3600 3824 3697 3886 τὰς
3725 3821 3775 3874 δὲ

512 3937 617 3978 tem
651 3934 840 3978 nostra
865 3923 1114 3977 dissolvit
1141 3923 1192 3976 in
1217 3923 1511 3992 baptismo.

2196 3923 2470 3994 ἁμαρτίας
2499 3920 2655 3992 ἡμῶν
2685 3919 2982 3972 κατέλυσεν
3016 3919 3072 3969 ἐν
3105 3915 3183 3987 τῷ
3217 3915 3577 3987 βαπτίσματι.

579 4017 672 4079 25,
700 4017 791 4072 26.
825 4015 1052 4086 Propter
1083 4016 1465 4072 miserationes
1499 4019 1628 4086 ejus
1652 4032 1850 4086 passus
1882 4025 1966 4072 est
1997 4033 2095 4086 pro

2267 4021 2357 4083 25,
2389 4020 2478 4074 26.
2501 4016 2748 4090 [Διά]Τά
2781 4015 3066 4085 σπλάγχνα
3098 4012 3263 4068 αὐτοῦ
3302 4013 3507 4067 ἔπαθον
3535 4013 3616 4085 (2)
3645 4011 3775 4080 ὑπὲρ

511 4110 692 4164 nobis.

2200 4115 2232 4184 ὴ
2241 4112 2376 4183 μῶν.

581 4199 671 4264 27,
703 4198 793 4253 28.
825 4197 1094 4264 Quoniam
1127 4205 1273 4252 terra
1301 4205 1355 4252 et
1383 4197 1562 4266 pulvis
1589 4213 1800 4252 sumus.

1763 4213 1800 4252 5-
2267 4203 2360 4265 27,
2387 4201 2475 4255 28.
2511 4202 2633 4254 Ὀτι
2663 4199 2737 4270 γῆ
2765 4198 2859 4252 καὶ
2888 4196 3080 4260 σποδός
3106 4196 3293 4266 ἐσμεν.

581 4289 672 4344 29.
703 4287 1061 4352 Germiuavit,
1089 4286 1293 4352 ﬂoruit,
1327 4289 1562 4342 exaruit.

2267 4296 2358 4350 29.
2396 4294 2764 4365 Ἐϐλάστησεν
2800 4293 2897 4362 (5),
2927 4290 3184 4362 ἤνθησεν,
3214 4287 3507 4359 ἐξηράνθη.

581 4379 671 4434 50.
704 4379 950 4441 Ditescit,
981 4387 1034 4434 et
1062 4379 1402 4450 gloriﬁcatur
1427 4380 1480 4432 in
1509 4381 1619 4435 vita
1657 4397 1776 4436 sua.

2269 4384 2360 4438 50.
2397 4383 2648 4448 Πλουτεῖ,
2693 4383 2788 4436 καὶ
2817 4369 3098 4446 δοξάζεται
3125 4382 3183 4433 ἐν
3214 4382 3280 4450 τῇ
3315 4380 3425 4449 ζωῇ
3461 4376 3647 4430 αὑτοῦ.

583 4471 674 4526 51.
705 4472 974 4538 Quoniam
1018 4471 1245 4539 angelus
1290 4472 1682 4541 superveniens
1723 4473 1927 4543 accepit
1975 4475 2086 4529 ani-

2268 4479 2356 4532 51.
2391 4478 2515 4530 Ὅτι
2565 4475 2797 4545 ἄγγελος
2851 4472 3085 4538 ἐπιστὰς
3128 4473 3206 4545 (4)
3245 4471 3419 4542 ιἔλαϐε
3463 4470 3566 4541 τὴν
3612 4467 3777 4540 ψυχὴν

514 4579 659 4619 mam
691 4563 862 4630 illius,
903 4571 959 4618 et
989 4561 1211 4618 defecit.

2203 4568 2392 4634 αὐτοῦ,
2421 4569 2516 4622 καὶ
2540 4567 2807 4632 ἐξέλιπεν.

585 4657 674 4709 52.
703 4653 769 4708 Et
797 4669 904 4708 non
936 4654 1173 4724 amplius
1196 4653 1511 4708 revertitur.

2126 4658 2170 4714 D
2270 4661 2357 4717 52.
2391 4660 2496 4713 Καὶ
2524 4661 2625 4714 ούκ
2759 4659 2839 4712 ἔτι
2869 4657 3292 4729 ὑποστρέφεται.

583 4747 673 4801 55.
702 4745 908 4812 Gratia,
942 4755 998 4801 et
1030 4746 1340 4818 benignitas
1363 4747 1503 4818 ejus.

2268 4754 2356 4808 55.
2403 4754 2469 4806 Ἡ
2495 4753 2656 4824 χάρις
2684 4753 2780 4806 καὶ
2807 4755 2840 4823 ἡ
2873 4749 3248 4822 φιλανθρωπία
3280 4747 3466 4802 αὐτοῦ.

584 4838 675 4892 54.
705 4837 771 4892 Et
798 4839 1090 4894 retributio
1113 4840 1254 4909 ejus.
1443 4906 1446 4908 η

2266 4847 2354 4899 51.
2392 4845 2648 4917 Καὶ(6)ὴ
2687 4843 3077 4918 μισθαποδοσία
3098 4843 3265 4897 αὑτοῦ

584 4931 674 4998 55,
709 4931 797 4985 56.
833 4929 951 4995 His,
977 4932 1072 5002 qui
1099 4933 1149 4986 ei
1187 4932 1566 5002 beneplaccut.

2275 4938 2364 5000 55,
2396 4937 2486 4994 56.
2512 4940 2637 5002 Τοῖς
2663 4936 3050 5011 εύαρεστοῦσιν
3084 4935 3253 5006 αὐτῷ.

587 5025 676 5080 ⁵57.
709 5023 932 5091 Habuit,
959 5035 1014 5081 et
1044 5027 1228 5081 habet.

2274 5031 2366 5086 57.
2397 5026 2546 5102 Εἶχε,
2579 5031 2674 5085 καὶ
2696 5030 2825 5100 ἔχει.

587 5117 676 5173 58.
711 5117 1064 5184 C(Blestibus,
1085 5130 1140 5174 et
1169 5120 1543 5186 terrestribus,
1581 5128 1635 5174 et
1658 5117 1870 5173 inferis.

2274 5121 2364 5174 '58.
2397 5120 2792 5191 Ἐπουρανίων,
2829 5120 2924 5173 κα.)⁵
2957 5121 3240 5188 ἐπιγείων,
3267 5118 3360 5172 καὶ
3392 5115 3777 5186 καταχθονίων.

587 5213 678 5277 59,
703 5212 791 5269 10.
825 5212 1155 5268 Obedientcs
1185 5212 1234 5265 ei
1264 5211 1317 5265 in
1351 5210 1630 5266 omnibus.

2275 5212 2367 5275 59,
2399 5210 2489 5266 40.
2525 5212 2589 5262 Oi
2624 5207 2992 5273 ὑπακούοντες
3021 5207 3168 5278 αὐτῷ
3197 5209 3278 5270 εἰς
3305 5206 3500 5262 πάντα.

1476 5365 1787 5428 Addenda
1837 5373 1898 5426 et
1925 5365 2304 5446 corrigenda
2336 5383 2415 5428 ex
2455 5365 2597 5426 cod.
2622 5363 2824 5426 Vatic.

600 5538 668 5600 il)
703 5537 776 5589 Τδ
803 5535 969 5598 ἔλεος.
2270 5535 2348 5607 (5)
2406 5536 2512 5588 Καὶ
2555 5536 2656 5588 ούκ
2716 5535 3026 5607 ἐπιστραφῇ
3082 5534 3181 5588 οὐκ
3224 5533 3303 5587 ἔτι
3346 5536 3402 5587 ἐν
3449 5531 3528 5604 τῷ
3583 5547 3771 5605 κοσμφ

593 5610 671 5670 t2)
711 5607 953 5660 Ἔπαθεν
966 5647 978 5660 .
1946 5675 1950 5676 ν
2198 5605 2390 5676 τούτῳ.

591 5679 667 5741 (5)
712 5676 1360 5748 Ἐϐλάστησεν,νηύξησεν
1422 5677 1680 5748 ἤνθησεν,
1731 5675 2024 5748 ἐξηράνθη.
2283 5676 2358 5747 (6)
2397 5677 2503 5730 Καί
2529 5675 2698 5732 deest.

597 5749 670 5810 μ)
711 5747 965 5810 Ἐπιστὰς
997 5747 1160 5811 αὐτῷ.
