3874 6222
36 294 205 349 1089
1018 287 1107 341 DE
1145 288 1420 342 TITULIS
1457 287 1885 343 PSALMORUM
1923 322 2001 339 -η
2034 290 2225 345 PSAL.
2266 289 2401 346 CIII.
3185 290 3323 347 1090

129 408 227 460 41.
249 401 358 458 Τοῦ
386 402 615 456 ἀκοῦσαι
640 401 739 472 τῆς
774 400 958 470 φωνῆς
988 400 1095 453 τῶν
1129 401 1302 469 λόγων
1335 400 1521 453 αὐτοῦ.

1863 404 1903 452 1.
1940 401 2018 453 Ad
2043 401 2365 455 audiendam
2395 415 2578 454 vocem
2614 414 2928 455 sermonum
2958 400 3100 469 ejus.
3171 448 3181 469 ,

128 499 227 552 42.
247 496 534 564 Εὐλογεῖτε
546 493 637 546 τὸν
663 493 887 563 Κύριον,
907 494 1076 545 πᾶσαι
1102 496 1155 546 αἱ
1176 492 1435 563 δυνάμεις
1458 490 1645 555 αὑτοῦ,

1850 491 1908 543 :2.
1938 491 2243 545 Benedicite
2268 491 2520 552 Domino,
2550 506 2740 545 omnes
2762 492 2992 545 virtutes
3018 491 3159 557 ejus,

132 590 228 643 45.
260 586 579 659 Λειτουργοὶ
605 583 791 649 αὑτοῦ,
827 586 876 638 oi
912 585 988 656 (a)
1020 587 1299 649 ποιοῦντες
1332 587 1394 638 τὸ
1433 585 1647 656 θέλημα

1850 586 1907 637 5.
1940 582 2169 637 Ministri
2192 582 2332 652 ejus,
2367 581 2459 651 qui
2490 580 2670 636 facilis
2702 581 3032 635 voluntatem
3062 578 3204 649 ejus.

42 697 258 735 αυτου.

132 769 229 822 44.
255 769 541 836 Εὑλογεῖτε
565 765 654 818 τὸν
676 764 902 836 Κύριον,
929 765 1106 818 πάντα
1131 764 1201 817 τὰ
1230 764 1368 835 ἔργα
1396 762 1585 829 αὑτοῦ,

1850 764 1907 817 4.
1933 764 2239 820 Benedicite
2273 763 2521 831 Domino,
2548 766 2731 819 omnia
2756 779 2919 834 opera
2954 764 3096 834 ejus,

134 861 230 914 45.
273 860 361 912 Ἐν
395 859 557 912 παντὶ
590 857 741 929 τόπῳ
762 858 863 928 τῆς
891 857 1209 921 δεσποτείας
1232 856 1397 911 αὐτοῦ
1421 873 1433 885 ·

1944 861 2002 911 In
2032 859 2178 913 omni
2212 859 2329 913 loco
2352 860 2740 913 dominationis
2775 858 2893 928 ejus
2921 875 2934 910 :

136 952 233 1006 46.
262 951 509 1020 Εὑλὸγει,
530 953 562 1021 ἡ
587 950 729 1021 ψυχή
757 968 881 1018 μου,
910 951 1001 1004 τὸν
1035 950 1261 1021 Κύριον.

1850 950 1908 1006 -6.
1936 951 2188 1020 Benedic,
2224 953 2404 1006 anima
2436 968 2579 1017 mea,
2613 951 2865 1005 Domino.

64 1062 326 1132 Ψαλμὸς
350 1062 431 1127 τῷ
459 1061 657 1127 Δαϐίδ,
687 1062 837 1130 ὑπὲρ
865 1061 975 1130 τῆς
1000 1062 1106 1115 τοῦ
1141 1062 1372 1130 κόσμου
1422 1059 1651 1114 συστά-

2002 1062 2249 1118 Psalmus
2276 1063 2445 1117 David
2474 1081 2568 1133 pro
2597 1066 2860 1118 creatione
2881 1062 3086 1117 mundi.
3180 1110 3181 1113 η

373 1170 525 1219 σεως
550 1152 912 1226 [γενέσεως].
958 1156 1131 1207 ΨΑΛ.
1164 1152 1298 1206 PI”.

2334 1155 2540 1212 PSAL.
2566 1156 2735 1213 CIII.

140 1246 195 1298 1.
232 1244 479 1313 Εύλόγει,
507 1246 540 1314 ἡ
573 1245 716 1315 ψυχή
752 1263 873 1315 μου,
900 1244 989 1298 τὸν
1014 1244 1218 1317 Κύριον
1244 1260 1257 1274 °

1860 1285 1874 1300 .
1914 1244 2167 1311 Benedic,
2204 1247 2385 1301 anima
2414 1264 2555 1313 mea,
2596 1249 2827 1303 Domino
2864 1267 2877 1301 :

137 1337 198 1390 2.
237 1336 409 1408 Κύριε
445 1339 473 1389 6
513 1336 646 1399 Θεός
684 1354 807 1407 μου,
850 1337 1219 1409 ὲμεγαλύνθης
1258 1334 1649 1408 [ὲμεγαλύνθη]

1850 1344 1874 1391 ι.
1914 1338 2141 1395 Domine
2179 1339 2324 1396 Deus
2366 1357 2544 1410 meus,
2592 1343 2973 1414 magniﬁcatus
3010 1357 3070 1399 es
3101 1340 3331 1414 [magni-

66 1430 309 1497 σφόδρα.

1850 1440 1949 1487 ltus
1979 1433 2083 1504 est]
2116 1434 2483 1488 vehementer.

140 1522 198 1575 5.
248 1521 661 1592 Ἐξομολόγησιν
686 1522 780 1575 καὶ
807 1521 1281 1593 μεγαλοπρέπειαν
1318 1522 1550 1575 ἐνεδύσω
1570 1539 1583 1552 ι

1850 1526 1874 1575 ἱ.
1909 1525 2320 1580 Conlcssmnem
2355 1535 2408 1579 et
2435 1526 2683 1580 decorem
2710 1525 2937 1579 induisti
2966 1542 2980 1579 :

148 1613 207 1664 4.
241 1611 701 1682 Ἀναϐαλλόμενος
732 1612 847 1681 φῶς
872 1613 947 1675 ὡς
971 1613 1205 1682 ἱμάτιον.

1850 1618 1877 1671 μ.
1910 1618 2157 1671 Amic-tus
2191 1618 2400 1671 lumine
2428 1617 2571 1671 sicut
2598 1617 2941 1671 vestimento.

139 1702 198 1754 5.
235 1702 521 1755 Ἐκτείνων
549 1703 640 1756 τὸν
655 1704 879 1774 οὐρανὸν
896 1704 1025 1756 ὡσεὶ
1047 1704 1227 1774 δέρῤιν
1258 1721 1271 1735 ο

1850 1711 1875 1763 ἱ.
1907 1710 2215 1765 Extendens
2241 1712 2439 1766 coelum
2476 1711 2619 1765 sicut
2643 1710 2835 1779 pellem
2866 1728 2878 1763 :

137 1790 194 1843 6.
244 1791 303 1843 '0
337 1793 613 1860 στεγάζων
640 1796 696 1846 ἐν
725 1792 882 1847 ’ύδασι
906 1793 975 1846 τὰ
1002 1794 1228 1865 ὑπερῷα
1258 1796 1444 1849 αὐτοῦ.

1850 1757 1875 1763 ,,
1910 1757 2214 1765 -,,,ν,,,,ν,,,
2245 1757 2439 1766 Νη..-
2477 1757 2619 1765 -.-Ἦ
2643 1757 2835 1779 νων---
2866 1757 2878 1763 _

1850 1805 1876 1858 ἰ.
1913 1802 2013 1868 Qui
2047 1804 2174 1872 tegit
2201 1804 2255 1855 in
2287 1803 2444 1871 aquis
2473 1803 2752 1871 superiora
2779 1801 2918 1869 ejus.

138 1883 196 1933 7.
238 1882 297 1934 '0
325 1883 496 1947 τιθεὶς
519 1883 656 1954 νέφη
683 1882 781 1955 τὴν
807 1884 1058 1939 ἐπίϐασιν
1093 1885 1257 1939 αὑτοῦ
1280 1902 1293 1915 ο

1856 1935 1868 1947 .
1905 1893 2010 1960 Qui
2042 1896 2193 1965 ponit
2223 1894 2396 1949 nubes
2427 1909 2716 1949 ascensum
2758 1907 2920 1947 suum
2962 1910 2975 1944 :

142 1998 223 2069 (α)
256 2000 319 2053 Oi
346 2013 456 2053 non
489 1998 709 2070 legitur.

1194 2160 1568 2217 ATIIANASII
1621 2162 2210 2219 INTERPRETATIO.

136 2282 232 2345 42,
260 2282 351 2335 45.
392 2280 732 2345 Ἐπίσκοποι,
763 2279 1143 2351 πρεσϐύτεροι,
1171 2280 1409 2339 διάκονοι
1435 2283 1651 2337 ποιοῦν-

1850 2286 1908 2347 2,
1939 2284 2028 2339 45.
2080 2280 2369 2352 Episcopi,
2415 2279 2752 2352 presbyteri,
2802 2277 3020 2333 diaconi
3072 2276 3337 2333 facientes

55 2392 159 2437 τες
194 2374 257 2427 τὸ
282 2374 493 2444 θέλημα
515 2373 701 2427 αὑτοῦ.

1850 2385 2083 2431 untatem
2109 2376 2250 2445 ejus.

137 2464 335 2519 44-46.
386 2463 674 2533 Εὐλογεῖτε
728 2464 820 2517 τὸν
880 2462 1099 2536 Κύριον,
1155 2464 1354 2531 πάντες
1387 2469 1436 2521 οἱ
1472 2470 1653 2523 πιστοὶ

1850 2465 2014 2522 4-46.
2051 2464 2361 2521 Benedicite
2390 2462 2642 2529 Domino,
2681 2476 2872 2517 omnes
2905 2460 3089 2515 ﬁdeles
3114 2460 3236 2530 ejus
3280 2461 3335 2513 in

61 2555 237 2609 αὺτοῦ
272 2558 330 2608 ἐν
360 2556 523 2609 παντὶ
544 2556 715 2627 τόπῳ,
743 2557 800 2610 ὲν
828 2548 872 2624 ᾧ
902 2558 1039 2609 είσιν
1071 2558 1119 2609 οί
1148 2552 1575 2619 διδάσκαλοι’καὶ
1604 2562 1653 2613 oi

1850 2560 1901 2612 ni
1929 2561 2069 2622 loco,
2103 2559 2156 2612 in
2201 2572 2311 2627 quo
2349 2564 2477 2610 sunt
2510 2553 2776 2624 magistri,
2807 2561 2861 2607 et
2894 2552 3132 2607 ministri
3161 2553 3336 2607 dono.

59 2650 310 2703 διάκονοι
337 2646 445 2700 τῶν
476 2647 834 2719 χαρισμάτων
868 2646 1055 2701 αὑτοῦ.
1097 2647 1313 2718 Ὥσπερ
1360 2650 1470 2720 γὰρ
1500 2652 1573 2721 (1)
1605 2653 1653 2704 οἱ

1850 2668 1877 2704 n
1908 2651 2049 2720 ejus.
2080 2649 2214 2703 Nam
2244 2648 2707 2718 quemadmodum
2745 2661 2901 2716 reges
2948 2645 3113 2715 hujus
3145 2644 3337 2699 mundi

62 2742 161 2795 τοῦ
176 2741 384 2810 κόσμου
400 2739 588 2793 τούτου
604 2738 845 2808 βασιλεῖς
861 2739 919 2791 ὲν
932 2741 1043 2801 τοῖς
1062 2738 1268 2803 τόποις,
1288 2741 1345 2792 ἐν
1368 2737 1448 2805 οἷς
1464 2741 1518 2794 δε
1526 2743 1653 2795 σπό-

1850 2744 1997 2808 locis,
2044 2742 2098 2796 in
2134 2742 2337 2812 quibus
2388 2740 2764 2801 dominantur,
2805 2738 3147 2793 constituunt
3184 2738 3338 2792 viros

64 2836 247 2899 ζουσι,
266 2832 566 2887 καθιστῶσι
582 2832 660 2903 (2)
677 2833 804 2894 τοὺς
838 2830 1045 2884 ἑαυτῶν
1080 2833 1307 2895 πιστοὺς
1330 2833 1653 2904 ἄνδρας,οὖ-

1850 2834 2093 2899 iﬁdeles,
2123 2835 2196 2889 ita
2241 2834 2403 2889 etiam
2435 2833 2699 2886 Dominus
2735 2832 2788 2885 in
2822 2831 2978 2897 locis,
3008 2846 3147 2900 quos
3188 2830 3340 2883 novit

61 2942 181 2987 τως
198 2924 290 2977 καὶ
306 2926 333 2976 6
355 2922 554 2994 Κύριος
572 2923 651 2985 είς
670 2920 761 2985 οὒς
777 2917 883 2974 οἶδε
906 2920 1104 2984 τόπους
1129 2921 1211 2974 ὅτι
1230 2922 1327 2991 τῆς
1341 2922 1653 2987 δεσποτείας

1853 2942 1883 2980 e
1923 2925 2317 2980 dominationis
2365 2940 2499 2991 suae,
2539 2924 2875 2978 habitatores
2916 2921 3199 2978 constituit
3235 2921 3337 2975 sibi

58 3014 239 3068 αὐτοῦ
262 3015 390 3079 εἰσι,
423 3016 548 3078 τοὺς
600 3015 825 3076 ἑαυτοὺς
868 3012 1093 3075 πιστοὺς
1126 3012 1342 3077 οἰκέτας
1373 3013 1653 3085 καθίστησι

1850 3018 1966 3081 ales,
1996 3026 2058 3072 ut
2082 3017 2462 3072 administrent
2500 3031 2621 3085 quae
2654 3017 2720 3069 ad
2749 3016 2865 3084 ipsa
2890 3015 3008 3070 loca
3040 3013 3338 3085 pertinent,

58 3109 297 3160 διοικεῖν
323 3106 391 3159 τὰ
416 3106 474 3159 ὲν
503 3107 687 3169 αὐτοῖς
711 3107 825 3167 τοῖς
875 3105 1086 3168 τόποις,
1119 3103 1260 3156 ὥστε
1298 3105 1406 3157 ἀπὸ
1445 3105 1553 3158 τῶν
1587 3105 1653 3176 (ες

1853 3126 1883 3164 a
1908 3110 2042 3165 locis
2073 3109 2374 3165 dominatio
2404 3115 2788 3179 cognoscatur.

60 3198 253 3249 τόπων
279 3198 314 3267 ἡ
349 3195 635 3248 δεσποτεία
659 3193 1007 3264 γνωρίζεται.

152 3312 222 3363 Ἠ
255 3308 587 3379 προκειμένη
627 3307 906 3378 ἐπιγραφὴ
939 3304 1179 3377 περιέχει
1214 3304 1288 3376 (II)
1314 3323 1327 3335 ·
1371 3305 1485 3375 Τῆς
1520 3307 1627 3362 τοῦ
1655 3308 1889 3377 κόσμου
1916 3308 2207 3379 γενέσεως
2235 3310 2640 3378 ἀνεπίγραφος
2673 3311 2808 3377 παρ’
2854 3309 3158 3378 Ἑϐραίοις,
3190 3324 3345 3361 τουτ-

63 3404 222 3455 έστιν
266 3403 355 3454 ὅτε
396 3401 503 3463 πᾶς
536 3402 564 3453 6
593 3401 795 3469 κόσμος
823 3399 1277 3469 ἁνεκαινοποιήθη
1308 3398 1416 3453 τῶν
1441 3400 1630 3454 ἐθνῶν.
1654 3398 1808 3467 Εἶτα,
1839 3401 1920 3467 τῷ
1950 3404 2151 3469 Δαὸὶδ,
2186 3404 2321 3476 ὅπερ
2362 3404 2725 3476 ἑρμηνεύεται
2765 3402 2845 3469 τῷ
2877 3402 3063 3467 ἱκανῷ
3098 3400 3174 3471 τῇ
3219 3418 3343 3471 χειο

59 3498 125 3564 pi
152 3496 255 3566 (5),
286 3494 364 3547 τῶ
389 3493 502 3565 Υίῷ
525 3492 616 3546 τοῦ
643 3493 800 3546 Θεοῦ.
840 3488 997 3555 Εἶτα,
1028 3492 1434 3561 ἀνεπίγραφος
1459 3495 1596 3562 παρ’
1637 3494 2174 3562 Ἑϐραίοις,-ὼσανεὶ
2205 3496 2299 3548 τὸν
2330 3496 2638 3567 λαλήσαντα
2662 3496 2719 3548 ἐν
2753 3494 2830 3564 τῷ
2867 3494 3065 3565 ψαλμῷ
3094 3493 3185 3547 τὸν
3216 3493 3349 3546 Υἱὺν

65 3586 167 3640 τοῦ
204 3584 337 3638 Θεοῦ
372 3585 472 3638 οὐκ
492 3583 698 3637 οἴδασιν
727 3584 776 3635 οἱ
830 3580 1094 3652 Ἑϐραῖοι.

144 3676 364 3730 Titulus
398 3674 723 3744 praepositus
755 3672 1043 3727 continet:
1080 3670 1187 3724 Pro
1228 3672 1414 3725 mundi
1456 3674 1724 3728 creatione
1773 3674 2025 3729 Psalmus
2066 3675 2238 3729 David
2281 3678 2394 3729 sine
2445 3677 2599 3730 titulo
2650 3678 2790 3746 apud
2836 3677 3109 3745 Hebraeos,
3136 3679 3241 3735 hoc
3264 3693 3346 3737 est

69 3771 302 3841 quando
341 3770 577 3824 mundus
608 3769 897 3824 universus
939 3767 1185 3838 gentium
1216 3776 1512 3822 renovatus
1541 3778 1644 3824 est.
1673 3768 1877 3824 Deinde
1903 3770 2095 3834 David,
2138 3772 2283 3839 quod
2315 3772 2700 3840 interpretatur
2727 3788 2885 3825 manu
2913 3774 3062 3840 forti,
3095 3775 3347 3845 (scilicet)

72 3867 171 3921 Dei
198 3864 355 3920 Filio.
386 3864 587 3920 Deinde
619 3881 633 3918 :
664 3866 778 3919 sine
803 3864 958 3918 titulo
985 3864 1127 3934 apud
1166 3861 1443 3929 Hebraeos,
1474 3864 1697 3934 perinde
1724 3882 1788 3922 ac
1818 3867 1864 3921 si
1894 3868 2099 3921 diceret
2129 3886 2141 3921 :
2172 3867 2267 3921 Dei
2298 3867 2521 3933 Filium,
2556 3869 2650 3938 qui
2680 3869 2896 3925 locutus
2926 3883 3010 3925 est
3031 3871 3085 3925 in
3109 3872 3345 3939 osalmo,

73 3959 293 4014 Hebraei
330 3973 438 4012 non
467 3966 758 4013 noverunt.

148 4055 203 4108 1.
232 4052 433 4125 Διηγοῦ
460 4053 639 4108 πάντα
666 4053 764 4125 (6),
795 4052 937 4125 ἅπερ
965 4051 1220 4123 ἐποίησεν
1254 4054 1333 4115 εἰς
1354 4051 1653 4107 ἀπόλαυσιν

1850 4058 1884 4110 l.
1915 4055 2084 4110 Narra
2115 4056 2324 4124 omnia,
2350 4071 2470 4126 qua;
2509 4056 2656 4125 fecit,
2692 4057 2759 4110 ad
2792 4064 2942 4110 tuam
2971 4055 3330 4127 voluptatem.

76 4148 209 4201 σήν.

136 4186 209 4290 ‘2:
240 4234 532 4301 Ἐπεδείξω
553 4234 634 4306 (7)
656 4233 729 4287 τὸ’
746 4234 907 4303 σοφὸν
938 4233 1033 4287 καὶ⁹
1064 4232 1286 4287 δυνατὸν
1322 4233 1409 4287 διὰ
1434 4232 1543 4285 τῶν
1569 4232 1653 4304 ἕρ·

1850 4237 1885 4290 ζ.
1916 4234 2211 4290 Ostendisti
2267 4235 2613 4306 sapientiam,
2662 4244 2715 4291 et
2752 4238 3051 4306 potentiam
3090 4239 3346 4307 operibus

72 4347 195 4400 των
235 4342 352 4380 σου.

1850 4345 1897 4383 S.

155 4422 212 4471 5.
247 4419 352 4472 Τὸν
380 4418 507 4473 λαὸν
532 4417 641 4471 τῶν
670 4418 840 4487 ἁγίων
864 4418 1260 4489 περιεποιήσω.

1850 4422 1897 4479 5.
1915 4418 2184 4490 Populum
2213 4428 2528 4475 sanctorum
2560 4420 2921 4490 acquisivisti.

155 4512 207 4566 1.
249 4510 597 4582 Ἐμπροσθεν
632 4509 705 4581 (8)
736 4509 844 4562 τῶν
870 4508 1127 4581 μαθητῶν
1158 4505 1323 4561 αὐτοῦ
1358 4507 1565 4576 γέγονε
1591 4506 1653 4559 τὰ

1850 4513 1889 4566 ί.
1931 4512 2131 4567 Coram
2178 4512 2461 4582 discipulis
2518 4514 2634 4568 suis
2679 4515 2985 4568 vestimenta
3027 4519 3141 4583 ejus
3199 4516 3348 4586 facta

78 4603 283 4671 ἱμάτια
317 4599 504 4654 αὐτοῦ
536 4598 748 4661 λευκὰ,
794 4598 874 4664 ὡς
915 4597 981 4650 τὸ
1029 4596 1175 4667 φῶς.
1225 4595 1653 4666 Προϐαλλόμενος

1850 4616 1886 4659 ιι
1918 4607 2061 4665 alba,
2092 4608 2228 4659 sicut
2258 4607 2352 4660 lux
2373 4608 2439 4659 ¹².
2478 4605 2863 4662 Circumdatus
2892 4606 3119 4680 singulis
3141 4610 3349 4663 sanctis

77 4697 313 4755 ἕκαστος
347 4689 847 4762 [Περιϐαλλόμενος
868 4689 1096 4741 ἕκαστον
1099 4710 1117 4758 j
1148 4686 1263 4738 ιτῶν
1303 4686 1474 4755 ἁγίων
1502 4684 1653 4739 αὑτοῐ

1857 4715 1882 4754 s
1906 4698 2067 4752 veluti
2095 4706 2430 4767 tegumento.

76 4787 156 4837 ὡς
194 4784 426 4837 σκέπην.

128 4804 156 4849 ς
194 4801 426 4855 σκεπην.

153 4878 212 4939 5,
239 4876 293 4930 6.
340 4877 397 4930 '0
418 4875 668 4947 βοήθειαν
705 4875 960 4946 παρέχων
1004 4875 1062 4927 ὲν
1103 4876 1217 4937 τοῖς
1251 4872 1429 4926 ἔθνεσι
1467 4872 1536 4926 τὰ
1575 4889 1650 4943 χα

1850 4877 1893 4943 5,
1923 4878 1977 4931 6.
2011 4876 2114 4943 Qui
2147 4876 2199 4929 in
2232 4876 2495 4931 auxilium
2527 4877 2731 4947 praebet
2770 4879 3022 4949 gentibus
3055 4879 3196 4935 dona
3225 4895 3347 4936 sua.

84 4970 329 5039 ρίσματα
351 4968 540 5021 αὐτοῦ.

155 5061 211 5113 7.
254 5061 316 5112 '0
334 5058 652 5130 ἐμϐατεύων
672 5060 751 5122 είς
775 5060 901 5121 τοὺς
927 5058 1117 5126 ἁγίους
1147 5057 1341 5111 αὑτοῦ.

1850 5054 1891 5108 7.
1925 5054 2028 5119 Qui
2054 5052 2299 5107 ascendit
2330 5052 2385 5106 in
2419 5062 2639 5108 sanctos
2673 5068 2824 5109 suos.

150 5156 199 5185 ﬂ
238 5152 426 5207 “mh.
461 5169 592 5217 ml,
617 5151 677 5207 θ’
1037 5220 1343 5282 Addenda
1375 5226 1437 5281 et
1465 5217 1838 5300 corrigenda
1875 5232 1955 5277 ex
1994 5212 2135 5275 cod.
2183 5211 2390 5275 Vatic.

155 5348 237 5414 (1)
267 5347 382 5416 Γάρ
410 5346 585 5402 deest.

1853 5343 1905 5416 5)
1938 5342 2118 5416 ξε-ιρὶ,
2149 5340 2398 5416 τουτέστι
2424 5338 2520 5409 τῷ,
2551 5350 2654 5393 etc.

154 5412 232 5479 (9)
270 5412 376 5470 Καὶ
402 5417 748 5470 καθιστῶσιν.

1850 5412 1905 5479 6)
1945 5412 2152 5475 Πάντα,
2183 5412 2305 5475 ὅσα,
2346 5418 2453 5465 etc.

156 5488 233 5557 (5)
270 5487 709 5557 Οἰκονομούντων
733 5486 825 5539 τὸν
856 5486 1020 5539 τόπον
1056 5487 1115 5556 ἡ,
1149 5495 1253 5557 etc.
1396 5556 1429 5557 η
1482 5556 1488 5557 γ
1938 5481 2252 5557 ξβπιδείξω.

155 5556 347 5628 (4))11
374 5556 462 5608 διὰ
492 5557 591 5628 τῆς
632 5556 1024 5628 κινναϐάρεως
1049 5556 1293 5628 περιέχει
1322 5574 1333 5584 ·
1392 5556 1502 5628 Exi
1554 5557 1653 5628 τῆς

3148 5621 3159 5639 Υ

78 5627 173 5680 τοῦ
204 5620 409 5698 κόσμου
437 5620 723 5695 γενέσεως.
758 5627 848 5698 Τῷ
866 5620 1057 5693 Ἀαϐὶδ,
1087 5620 1363 5680 τουτέστιν
1402 5626 1491 5678 ὅτι
1522 5620 1649 5689 πᾶς,
1734 5620 1968 5698 .etc'._'N.
2002 5622 2054 5686 5,
2080 5620 2544 5698 ΠροϐαλλόμειὉ-ς,
2569 5620 2808 5698 etc.,_d)g
2843 5620 3077 5693 σκέπην.
3118 5620 3179 5675 Ν.

78 5710 184 5753 etc.
308 5690 320 5698 ’
450 5690 461 5695 ’
820 5690 831 5698 ’
1045 5690 1053 5693 ⁷

1850 5694 2037 5765 λθειαν.
2066 5690 2171 5750 etc.
2208 5690 2274 5746 N.
2307 5690 2375 5748 7.7
2407 5691 2463 5746 Ὀ
2487 5690 2829 5761 ἐμϐατεύων,
2867 5701 2972 5748 etc.

1850 5547 1905 5624 8)
1938 5550 2005 5605 N.
2037 5553 2227 5605 4.Ὅτε
2253 5554 2308 5604 ὲν
2335 5549 2414 5621 τῷ
2440 5549 2555 5621 ὄρει
2586 5547 2985 5623 μετεμορφώθη
3012 5551 3349 5623 ἔμπροσθεν,

1850 5664 1861 5677 .
1902 5621 1968 5676 Ν.
2002 5622 2054 5677 5.
2080 5621 2544 5677 Ποοϐαλλόμενος,
2572 5629 2703 5677 etc..
2734 5620 2808 5677 ὼς
2843 5622 3077 5677 σκέπην.
3118 5621 3179 5675 Ν.
3222 5622 3353 5677 6.ὐ
