3874 6222
122 242 266 297 1095
1048 248 1136 301 DE
1177 249 1455 306 TITULIS
1495 252 1685 309 PSAL!

1854 261 1947 318 Ili.
1994 296 2061 305 —-
2094 266 2284 322 PSAL.
2326 269 2463 323 Clll.
3255 275 3393 333 1094

187 374 280 427 21.
317 375 376 428 Ὀ
406 375 814 443 ὲξαποστέλλων
844 381 1027 450 πηγὰς
1051 383 1108 437 ἐν
1135 385 1430 458 φάραγξιψ

1886 378 1975 432 21.
2007 380 2107 446 Qui
2134 381 2337 437 emittis
2368 381 2546 435 fontcs
2579 380 2633 435 in
2665 382 3004 438 convallibus
3038 401 3051 437 :

188 466 282 518 22.
311 466 440 520 Ἀνὰ
473 470 636 538 μέσον
662 470 769 524 τῶν
793 472 966 543 ὀρέων
999 474 1361 530 διελεύσονται
1386 479 1572 535 ὕδατα.

1887 471 1976 526 22.
2006 472 2148 527 Inter
2191 474 2426 528 medium
2463 475 2726 528 montium
2762 477 3175 544 pertransibunt
3212 493 3388 549 aqum.

188 557 285 611 25.
312 560 566 614 Ποτιοῦσι
592 563 769 616 πάντα
797 565 865 618 τὰ
898 564 1061 637 θηρία
1083 568 1177 621 τοῦ
1202 570 1394 642 ἀγροῦο

1886 563 1975 619 25.
2014 563 2283 619 Potabunt
2309 580 2500 620 omnes
2543 567 2729 622 bestia:
2760 567 2875 637 agri
2909 609 2921 620 .

189 648 283 701 24.
309 651 699 720 Προσδέξονται
724 654 942 726 ὅναγροι
968 660 1048 721 εἰς
1065 658 1221 727 δίψαν
1252 662 1453 716 αὐτῶν.

1883 652 1973 707 24.
2005 652 2407 722 Exspectabnnt
2436 657 2625 725 onagri
2656 657 2710 710 in
2743 658 2829 711 siti
2866 673 2986 713 sua.

187 740 282 792 25.
310 740 427 794 Ἐπ’
458 743 598 796 αὐτὰ
649 746 718 797 τά
771 748 993 801 πετεινὰ
1024 748 1115 801 τοῦ
1165 750 1394 821 οὐρανοῦ
1429 771 1679 829 κατασκη

168 829 181 846 ρ

1883 744 1974 801 25.
2008 744 2181 814 Super
2203 761 2266 800 ea
2297 748 2545 802 volucres
2576 749 2699 803 coeli
2731 749 3061 804 habitabant
3090 769 3104 804 :

116 847 285 883 νωσει
306 848 318 860 ⁸

182 923 278 976 26.
312 924 408 977 Ἐκ
441 925 611 995 μέσου
644 928 750 981 τῶν
784 931 998 1001 πετρῶν
1028 930 1258 986 δώσουσι
1289 936 1497 1005 φωνήν.

1880 920 1971 975 26.
2008 921 2080 975 De
2101 922 2278 976 medio
2307 930 2585 989 petrarum
2608 924 2813 976 dabunt
2841 940 3022 979 voces.

187 1012 282 1067 27.
320 1013 565 1077 Ποτίζων
593 1016 693 1087 ὅρη
723 1018 786 1071 ὲκ
806 1018 916 1072 τῶν
941 1021 1209 1091 ὑπερῴων
1239 1023 1425 1079 αὐτοῦ.

1879 1012 1969 1065 27.
2009 1012 2212 1081 [ligans
2240 1025 2453 1067 montes
2475 1015 2540 1068 de
2570 1014 2943 1083 superimibus
2967 1015 3101 1073 suis.

183 1103 277 1157 28.
315 1106 448 1158 Ἀπὸ
482 1108 695 1179 καρποῦ
747 1109 857 1164 τῶν
903 1111 1080 1184 ἔργων
1127 1132 1222 1168 σου
1281 1119 1684 1189 χορτασθήσετα

1877 1104 1967 1159 28.
1999 1103 2074 1159 De
2108 1103 2287 1159 fructu
2326 1122 2553 1176 operum
2606 1115 2825 1162 tuorum
2883 1108 3168 1163 satiabitur
3217 1115 3380 1163 terra.

114 1210 281 1265 ηγησ

184 1285 275 1339 29.
313 1287 371 1339 Ὀ
398 1286 764 1351 ὲξανατέλλων
793 1291 984 1362 χόρτον
1011 1295 1123 1357 τοῖς
1147 1295 1388 1366 κτήνεσι,

1876 1285 1966 1339 29.
2001 1284 2317 1339 Producens
2348 1284 2532 1338 fenum
2555 1284 2840 1353 jnmentis.

181 1376 273 1429 50.
302 1377 409 1430 Kal
438 1378 600 1449 χλόην
632 1382 697 1451 τῇ
734 1380 948 1454 δουλείᾳ
970 1384 1079 1436 τῶν
1108 1386 1203 1439 ἀνθ
1213 1386 1430 1456 ρώπων.

1877 1378 1964 1430 50.
1992 1376 2057 1427 Ει
2082 1374 2302 1427 herbam
2335 1374 2581 1427 servituti
2616 1374 2923 1429 hominum.

176 1468 269 1520 51.
306 1469 410 1521 Τοῦ
444 1470 731 1539 ἐξαγαγεῖν
754 1473 916 1536 ἄρτον
946 1476 1011 1529 ὲκ
1042 1478 1145 1547 τῆς
1172 1479 1297 1549 γῆς·

1876 1468 1965 1521 51.
2003 1466 2074 1520 Ut
2100 1466 2301 1520 educas
2326 1482 2519 1535 panem
2542 1466 2606 1519 de
2631 1476 2773 1520 terra
2804 1484 2818 1519 :

177 1562 270 1615 52.
305 1563 414 1615 Kal
441 1560 583 1627 οἶνος
611 1565 891 1635 εὐφραίνει
926 1570 1154 1640 καρδίαν
1184 1569 1492 1641 ἀνθρώπου.

1874 1562 1963 1615 52.
1997 1560 2063 1613 Ει
2096 1560 2282 1613 vinum
2317 1558 2553 1612 laetiﬁcet
2580 1573 2673 1611 cor
2703 1558 2965 1613 hominis.

184 1654 275 1707 55.
310 1654 415 1708 Τοῦ
454 1655 699 1728 ἱλαρῦναι
730 1659 1021 1729 πρόσωπον
1054 1664 1110 1715 ὲν
1142 1661 1322 1731 ἐλαίῳθ

1874 1653 1965 1706 55.
1992 1649 2064 1705 Ut
2089 1651 2355 1704 exhilaret
2390 1648 2584 1703 faciem
2621 1650 2672 1702 in
2706 1650 2827 1704 oleo
2862 1668 2875 1703 :

178 1747 273 1803 54.
300 1750 407 1802 Kal
430 1722 593 1820 ἄρτος
622 1722 850 1821 καρδίαν
884 1752 1171 1824 ἀνθρώπου
1202 1722 1467 1823 στῆρίζει.

1874 1743 1963 1796 54.
1992 1741 2058 1795 Ει
2084 1742 2239 1810 panis
2264 1756 2359 1795 cor
2387 1741 2625 1795 hominis
2649 1741 2954 1795 conﬁrmet.

178 1840 268 1894 55.
307 1842 780 1914 Χορτασθήσονται
808 1844 878 1897 τὰ
910 1844 1041 1909 ξύλα
1069 1847 1162 1899 τοῦ
1197 1846 1401 1910 πεδίου,

1872 1832 1961 1886 55.
2001 1830 2404 1885 Saturabuntur
2426 1831 2572 1900 ligna
2600 1830 2801 1898 campi.

179 1931 270 1986 56.
316 1936 382 1987 At
410 1934 589 2005 κέδροι
611 1935 703 1988 τοῦ
734 1936 989 2001 Λιϐάνου,
1020 1938 1087 2002 ἂς
1119 1937 1439 2007 ἐφύτευσας.

1873 1920 1961 1982 56.
1999 1925 2064 1979 Et
2090 1924 2237 1979 cedri
2266 1922 2479 1987 Libani,
2504 1938 2641 1991 quas
2678 1922 2957 1991 plantavit.

179 2022 269 2079 57.
303 2027 450 2079 Ἐκεῖ
480 2029 736 2099 στρουθία
767 2030 1197 2084 ὲννοσσεύσουσι·

1876 2017 1967 2075 57.
1998 2016 2112 2071 Illic
2132 2031 2380 2087 passeres
2412 2014 2769 2069 nidificabunt
2799 2032 2812 2068 :

1230 2166 1611 2224 ATHANASII
1661 2152 2257 2220 INTERPRETATIO.

172 2331 267 2385 21.
313 2331 371 2385 '0
396 2329 800 2395 ἑξαποστέλλων
834 2326 957 2389 τοὺς
992 2327 1322 2391 ἀποστόλους
1342 2329 1422 2391 εἰς
1450 2316 1521 2381 τῖι
1549 2325 1685 2399 ἔθνη.

1866 2318 1956 2373 21.
1990 2314 2095 2382 Qui
2128 2310 2331 2369 emittis
2358 2307 2636 2379 apostolos
2657 2305 2710 2359 in
2738 2315 2945 2377 gentes.

170 2422 264 2477 22.
292 2423 423 2477 Ἀνὰ
462 2422 623 2493 μέσον
678 2420 787 2475 τῶν
835 2418 1005 2473 ἐθνῶν
1056 2418 1417 2473 διελεύσονται
1456 2422 1505 2473 οἱ
1535 2397 1672 2488 εὐαγ

1862 2410 1954 2465 22.
1989 2407 2093 2462 Per
2114 2404 2351 2459 medium
2385 2401 2624 2472 gentium
2656 2398 3064 2468 pertransibunt
3102 2397 3381 2468 praedicat

104 2515 370 2581 γελισταί.

1855 2516 1944 2555 res
1973 2495 2275 2567 Evangelii.

170 2605 263 2659 25.
318 2605 422 2658 Τὸν
470 2603 626 2674 λόγον
688 2603 783 2657 τοῦ
834 2602 1224 2671 εὐαγγελιστοῦ
1276 2603 1352 2677 (1)
1404 2603 1680 2676 κηρύξουσ

1864 2592 1956 2646 25.
2006 2590 2328 2644 Sermonem
2374 2582 2651 2653 Evangelii
2694 2580 3070 2651 prtedicabunt
3108 2580 3368 2637 omnibus

97 2701 240 2752 πᾶσι
266 2701 379 2761 τοῖς
405 2698 579 2751 ἔθνεσι
606 2697 700 2750 τοῦ
727 2698 953 2768 κόσμου.

1854 2683 2046 2736 εηιῑὺιιε
2068 2680 2278 2732 mundi.

164 2788 255 2843 24.
289 2790 679 2861 Προσδέξονται
706 2789 772 2844 τὰ
802 2764 927 2860 ἔθνη
958 2789 1017 2842 τὸ
1039 2790 1299 2862 κήρυγμα
1328 2791 1408 2853 εἰς
1443 2788 1685 2860 ἀπάντη-

1864 2774 1952 2828 24.
1990 2770 2395 2838 Exspectabunt
2434 2774 2621 2839 gentes
2661 2765 3099 2836 praedicationem
3142 2765 3193 2819 in
3218 2764 3371 2820 refri-

97 2901 187 2936 σιν
213 2882 289 2953 (2)
322 2881 425 2935 τῶν
455 2882 661 2952 ψυχῶν.

1854 2865 2000 2918 ετίυιη
2028 2862 2356 2915 animarum.

162 2947 414 3029 25."E7:‘
615 2973 686 3027 τὰ
735 2973 862 3044 ἔθνη
888 2974 1203 3045 κατοικήσει
1256 2972 1325 3026 τὰ
1366 2973 1685 3044 χαρίσματα

1860 2958 1956 3016 25.
1989 2956 2166 3026 Super
2196 2952 2343 3022 ipsas
2374 2957 2560 3020 gentes
2585 2947 2913 3003 habitabunt
2937 2948 3057 3018 ejus
3081 2947 3243 3004 dona.

94 3066 292 3123 αὑτοῦ.
1390 3070 1402 3085 ⁴

162 3160 256 3214 26.
286 3158 389 3212 Ἐκ
416 3158 579 3230 μέσου
606 3158 713 3212 τῶν
735 3156 971 3229 καρδιῶν
1022 3155 1200 3209 αὐτῶν
1250 3153 1562 3220 δοξάσουσιν
1592 3155 1711 3209 a6-‘

94 3254 188 3305 τόν
216 3253 314 3323 (5).

164 3344 256 3399 27.
282 3342 522 3407 Ποτίζων
551 3342 618 3395 τὰ
641 3340 769 3411 ἔθνη
787 3340 859 3411 (4)
884 3341 946 3393 ὲκ
971 3339 1079 3393 τῶν
1099 3339 1451 3410 χαρισμάτων
1493 3337 1680 3392 αὐτοῦ.

162 3436 256 3490 28.
290 3436 425 3488 Ἀπὸ
478 3437 578 3505 τῆς
633 3433 856 3504 χάριτος
912 3432 1020 3486 τῶν
1095 3433 1533 3505 προσταγμάτων
1590 3448 1682 3484 σου

90 3526 570 3598 ὲμπλησθήσονται
603 3529 659 3580 αἱ
690 3526 861 3596 ψυχαὶ
891 3525 997 3578 τῶν
1023 3524 1214 3577 ἐθνῶν.

158 3619 249 3674 29.
293 3620 353 3672 Ὅ
386 3618 663 3689 μαραίνων
687 3618 777 3671 τὸν
800 3617 1028 3670 πλοῦτον
1058 3615 1164 3668 τῶν
1196 3615 1431 3669 ἀσεϐῶν.

1858 3136 1949 3191 26.
1974 3135 2017 3189 Ε
2045 3133 2223 3189 medio
2247 3132 2498 3188 cordium
2531 3144 2758 3185 suorum
2801 3127 3184 3199 gloriﬁcabunt
3212 3141 3359 3181 eum.

1857 3311 1949 3366 27.
1981 3310 2187 3377 Rigans
2216 3317 2402 3377 gentes
2430 3307 2496 3361 de
2526 3306 2686 3361 donis
2712 3305 2847 3360 suis.

1853 3400 1943 3455 28.
1980 3401 2166 3457 Gratia
2195 3402 2577 3455 mandatorum
2612 3409 2828 3451 tuorum
2856 3395 3222 3466 implebuntur
3241 3393 3365 3448 ani-

1784 3509 1888 3547 ma:
1919 3496 2184 3564 gentium.

1852 3583 1943 3638 29.
1976 3582 2308 3637 Marcescere
2340 3582 2544 3637 faciens
2573 3580 2789 3634 divitias
2818 3579 3130 3649 impiorum.

1855 3671 1942 3725 50.
1968 3670 2033 3723 Ει
2074 3672 2275 3725 exoriri
2326 3670 2532 3724 faciens
2560 3679 2825 3737 praecepta
2866 3684 2962 3721 sua
3006 3666 3225 3729 animis,
3276 3664 3362 3719 in-

161 3710 252 3766 50.
301 3711 410 3763 Kal
476 3707 886 3781 [ὲξανατέλλων]
950 3707 1020 3761 τὰ
1068 3708 1462 3777 προστάγματα
1517 3703 1681 3758 αὐτοῦ
2316 3703 2916 3781 "1:":

1785 3763 2062 3830 ternisque
2086 3762 2338 3817 sensibus
2367 3762 2777 3830 agnoscentium
2807 3762 3112 3812 veritatem.

88 3804 215 3863 ταῖς
242 3801 461 3872 ψυχαῖς,
497 3802 591 3855 καὶ
614 3802 723 3862 τοῖς
760 3799 944 3869 μέλεσι
974 3797 1081 3851 τῶν
1134 3796 1526 3866 ὲπεγνωκότων
1580 3796 1681 3866 τὴν

87 3892 377 3963 ἀλήθειαν.

158 3985 250 4038 51.
276 3984 348 4036 Τὸ
370 3982 623 4054 σύστημα
651 3981 759 4035 τῶν
783 3979 1223 4034 πεπιστευκότων

156 4076 248 4129 52.
289 4076 347 4128 '0
380 4074 582 4146 Κύριος
610 4072 766 4145 ἡμῶν
803 4070 1030 4144 Ἰησοῦς.

150 4168 242 4221 55.
276 4165 382 4218 Τοῦ
416 4163 701 4235 πληρῶσαι
728 4163 828 4233 τῆς
865 4163 1087 4232 χάριτος
1123 4158 1286 4212 αὐτοῦ
1321 4159 1499 4212 πᾶσαν
1545 4174 1680 4229 καρ-

83 4257 205 4309 δίαν
230 4258 288 4308 ὲν
319 4254 396 4325 τῷ
421 4254 561 4307 ἐλέει
594 4252 778 4308 αὑτοῦ.

157 4346 249 4399 54.
297 4345 356 4397 '0
385 4343 706 4416 ἐπουράνιος
743 4342 906 4413 ἄρτος
935 4339 1011 4411 (6)
1050 4340 1079 4391 6
1129 4337 1334 4409 Κύριος
1358 4336 1515 4407 ἡμῶν
1573 4337 1677 4407 Ἰη-

1853 3937 1943 3991 51.
1983 3935 2471 4006 Congregationem
2498 3932 2863 3987 credentium.

1852 4030 1942 4083 52.
1983 4029 2245 4084 Dominus
2274 4037 2468 4094 noster_
2490 4026 2673 4081 Jesus.

1851 4121 1943 4176 55.
1970 4120 2040 4175 Ut
2068 4121 2288 4191 impleat
2314 4119 2483 4191 gratia
2516 4133 2614 4174 sua
2653 4132 2744 4173 cor
2773 4115 3020 4171 omnium
3048 4114 3105 4169 in
3140 4113 3356 4169 miseri-

1780 4211 1966 4265 cordia
1992 4210 2186 4280 ipsius.

1848 4301 1936 4355 54.
1970 4300 2382 4372 Supercmlestis
2404 4298 2562 4369 panis
2593 4296 2858 4352 Dominus
2890 4301 3075 4349 noster
3103 4291 3284 4348 Jesus.

86 4438 242 4500 σοῦς.

155 4529 248 4584 55.
287 4528 359 4580 Τὸ
389 4526 589 4597 πλῆθος
621 4526 727 4579 τῶν
776 4523 947 4594 ἁγίων
980 4522 1087 4576 τῶν
1119 4520 1195 4593 (7)
1234 4520 1443 4592 πλῆρες
1495 4518 1670 4589 ἔργων

1854 4519 1939 4573 55.
1974 4518 2266 4574 Multitudo
2320 4529 2634 4575 sanctorum
2691 4518 2847 4589 plena
2892 4515 3147 4587 operibus
3196 4514 3354 4570 bonis

82 4621 309 4691 ἀγαθῶν
340 4619 766 4691 χορτασθήσεται
785 4618 883 4688 τῆς
904 4615 1126 4688 χάριτος
1148 4612 1336 4667 αὑτοῦ.

1854 4611 2069 4666 tiabitur
2095 4614 2271 4683 gratia
2310 4613 2504 4681 ipsius.

148 4714 240 4769 56.
269 4715 332 4767 Οἱ
362 4713 515 4767 αὐτοὶ
541 4712 682 4781 ἅγιοι
708 4710 962 4779 ἄσηπτοι,
992 4708 1083 4760 καὶ
1112 4706 1346 4778 καθαροὶ
1376 4708 1443 4777 τῇ
1470 4702 1671 4774 καρδίᾳ

1854 4702 1929 4756 56.
1958 4702 2066 4773 Ipsi
2106 4705 2281 4759 sancti
2329 4701 2795 4770 incorruptibiles,
2850 4708 2904 4754 et
2951 4699 3139 4754 mundi
3186 4698 3354 4753 corde

79 4809 129 4858 οἱ
152 4804 509 4873 φυτευθέντες
530 4805 586 4857 ὲν
629 4804 694 4873 τῇ
739 4800 918 4854 πίστει
944 4799 1093 4869 παρὰ
1145 4797 1240 4852 τοῦ
1294 4797 1520 4869 Κυρίου.
1567 4797 1671 4852 Λι-

1854 4795 2001 4848 mtati
2030 4797 2082 4847 in
2111 4795 2217 4849 ﬁde
2242 4811 2273 4849 a
2296 4794 2547 4848 Domino.
2578 4792 2812 4846 Libanus
2848 4792 2992 4846 enim
3025 4790 3350 4859 interpreta-

80 4900 265 4961 ϐανος
312 4894 421 4966 γὰρ
465 4890 810 4959 λευκασμὸς
852 4888 1233 4961 ἑρμηνεύεται,
1289 4890 1426 4959 ὅπερ
1460 4889 1607 4942 ἐστὶν
1641 4889 1669 4939 6

1854 4902 1865 4937 ξ
1905 4886 2194 4953 dealbatio,
2226 4888 2373 4958 quod
2417 4885 2674 4942 convenit
2714 4883 2972 4949 Domino,
3009 4883 3103 4953 qui
3136 4880 3351 4935 dealbat

79 4988 287 5056 Κύριος
323 4990 352 5043 6
376 4985 672 5039 λευκαίνων
694 4983 768 5052 (8)
805 4983 1032 5047 πάντας.
1769 4989 1985 5033 omnes.

148 5080 241 5133 57.
268 5079 348 5132 Τὰ
378 5078 505 5149 ἔθνη
538 5079 596 5130 ὲν
624 5076 735 5138 τοῖς
756 5075 1093 5138 ἀποστόλοις.

1854 5073 1931 5126 57.
1976 5070 2177 5126 Gentes
2204 5071 2258 5124 in
2288 5069 2573 5140 apostolis.

1037 5232 1345 5295 Addenda
1401 5238 1461 5295 et
1493 5230 1870 5310 corrigenda
1901 5246 1982 5292 ex
2012 5228 2153 5290 cod.
2190 5227 2391 5290 Vatic.

172 5364 227 5433 1)
253 5363 583 5434 Εὐαγγελίου
616 5364 938 5435 ποιήσαντες
970 5365 1121 5428 πᾶσι,
1152 5374 1256 5419 etc.

1854 5359 1905 5435 β)
1934 5358 2112 5435 Arms.
2129 5372 2235 5435 Ρνο
2266 5356 2453 5435 arrec-

214 5414 631 5497 ῑῇνᾶἓτὲυάὶὸζ
669 5414 703 5416 Ἢ
732 5414 835 5435 ’-η’
1158 5414 1256 5419 ΠΗ
1935 5429 2008 5481 Τὸ
2055 5414 2318 5496 πλῆρες,’
2351 5414 2481 5491 ete.,
2516 5423 2986 5496 χορτασθήσονται
3033 5418 3135 5488 τῆς
3181 5414 3343 5490 χάρι-

144 5500 205 5571 (5
254 5506 360 5559 Τὸν
389 5505 543 5557 Θεόν.
1752 5500 1843 5563 τός
1874 5516 1988 5553 σου.

144 5506 226 5645 (41
260 5578 419 5645 ὀρηο
734 5643 775 5645 ,_
832 5642 854 5645 μ
1832 5568 1907 5644 (8)
1936 5570 1988 5623 At

153 5568 224 5645 ’4)
260 5578 419 5647 Ὂρη.
1832 5568 1907 5644 (8)
1936 5568 2268 5623 Λευκαίνων.

143 5577 227 5718 18)
258 5646 700 5718 Παπιστευκότων
728 5642 915 5697 ιθνῶν.
1546 5710 1552 5718 λ
