3874 6222
474 262 616 318 1095

542 378 630 431 58.
670 378 848 432 Erodii
878 378 1075 432 domus
1107 377 1216 431 dux
1250 385 1335 431 est
1364 392 1577 431 comm.

541 470 629 521 '59.
664 469 872 523 Montes
895 469 1096 523 excelsi
1125 471 1300 523 cervis
1334 487 1349 522 :

541 561 631 614 40.
659 560 817 614 Petra
846 561 1111 630 refugium
1143 561 1447 629 leporibus.

541 652 631 705 41.
664 651 815 705 Fecit
843 653 1027 705 lunam
1066 653 1119 705 in
1159 662 1402 721 tempora
1438 670 1450 705 :

544 749 634 801 42.
669 746 761 801 Sol
784 747 1039 816 cognovit
1066 760 1322 799 occasum
1350 759 1532 799 suum.

544 840 634 895 45.
662 839 899 893 l‘osuisti
934 838 1182 892 tenebras
1207 846 1260 891 et
1287 836 1428 891 facta
1455 845 1539 891 est
1560 853 1662 890 nox
1697 856 1709 889 :

545 934 632 987 44.
671 933 725 986 in
751 933 865 1002 ipsa
894 931 1304 1001 pertransibunt
1329 944 1518 983 omnes
1550 929 1737 983 bestia:
1768 927 1943 982 silvae.

548 1105 636 1160 45.
667 1105 847 1159 Catuli
877 1106 1097 1159 leonum
1125 1105 1403 1175 rugientes
1430 1112 1490 1158 ut
1527 1102 1760 1174 rapient,

550 1199 636 1253 46.
674 1199 734 1252 Et
761 1208 1007 1268 quzerant
1034 1215 1061 1252 a
1088 1197 1199 1251 Deo
1234 1214 1416 1251 escam
1450 1198 1577 1252 sibi.

550 1291 637 1343 47.
671 1289 833 1344 Ortus
857 1299 939 1344 est
965 1291 1066 1354 sol,
1094 1300 1147 1343 et
1182 1288 1494 1359 congregati
1529 1298 1655 1342 sunt
1683 1307 1695 1340 :

552 1382 640 1436 48.
676 1381 737 1434 Et
764 1383 816 1434 in
847 1382 1121 1435 cubilibus
1145 1382 1262 1435 suis
1291 1380 1729 1434 collocabuntur.

552 1474 639 1526 49.
680 1474 857 1527 Exibit
894 1475 1058 1527 homo
1087 1475 1151 1527 ad
1189 1489 1329 1541 opus
1366 1488 1552 1538 suum,

555 1565 643 1619 50.
679 1564 739 1618 Et
775 1566 838 1618 ad
865 1564 1237 1633 operationem
1269 1580 1423 1617 suam
1449 1578 1624 1631 usque
1654 1562 1720 1615 ad
1756 1577 2057 1630 vesperam.

554 1658 641 1713 5i.
675 1657 849 1723 Quam
895 1656 1241 1725 magniﬁcata
1278 1664 1406 1708 sunt
1453 1670 1618 1707 onera
1650 1664 1761 1713 tua,
1792 1652 2020 1707 Domine
2050 1672 2062 1706 :

1321 260 1377 314 S.
1422 258 1793 313 ATllANASll
1829 256 1979 311 OPP.
2024 254 2202 309 PARS
2244 253 2330 309 Ιῖῐ.
2368 283 2436 292 -
2477 248 2895 303 ΕΧΕΟΕΤΙΟᾹ.

3648 239 3776 298 1οῗἓὸ

2231 370 2318 423 58.
2358 369 2462 420 Τοῦ
2500 365 2725 439 ἐρωδιοῦ
2752 367 2784 436 ἡ
2814 362 3064 416 κατοικία
3099 364 3311 432 ἡγεῖται
3343 361 3557 416 αὐτῶν.

2228 461 2317 514 59.
2359 462 2498 529 Ὄρη
2533 459 2599 510 τὰ
2629 456 2812 527 ὑψηλὰ
2833 458 2953 517 ταῖς
2989 455 3229 522 ἐλάφοις·

2228 551 2314 603 40.
2352 550 2540 620 Πέτρα
2569 546 2862 617 καταφυγὴ
2889 550 3003 609 τοῖς
3033 546 3288 612 λαγωοῖς.

2228 643 2317 696 41.
2349 642 2607 710 Ἐποίησε
2645 640 2874 710 σελήνην
2911 640 2989 701 εἰς
3013 637 3256 705 καιρούςο

2229 733 2321 785 ΛΞ.
2371 732 2429 783 'U
2456 730 2607 801 ἥλιος
2644 729 2787 797 ἔγνω
2818 728 2917 799 τὴν
2967 727 3117 780 δύσιν
3145 728 3333 781 αὐτοῦ.

2230 822 2319 876 45.
2358 820 2522 872 Ἕθου
2558 817 2768 880 σκότος,
2795 816 2890 869 καὶ
2928 817 3146 884 ἐγένετο
3170 816 3288 881 νύξ’

2231 914 2436 966 44.Ἐν
2491 913 2626 981 αὐτῇ
2677 907 3043 963 διελεύσονται
3107 909 3285 962 πάντα
3341 909 3408 963 τὰ
3458 909 3643 980 θηρία
3692 908 3780 961 τοῦ

2156 1005 2386 1077 δρυμοῦ.

2236 1098 2323 1151 45.
2348 1097 2585 1167 Σκύμνοι
2610 1095 2915 1166 ὠρυόμενοι
2943 1094 3036 1147 τοῦ
3065 1094 3335 1165 ἁρπάσαι,

2238 1188 2327 1242 46.
2354 1189 2463 1241 Καὶ
2496 1187 2731 1257 ζητῆσαι
2768 1186 2920 1257 παρά
2944 1184 3022 1255 τῷ
3046 1184 3164 1255 Θεῷ
3201 1184 3406 1255 βρῶσιν
3459 1185 3685 1246 αὺτοῖς.

2233 1281 2320 1334 47.
2353 1278 2650 1333 Ἀνέτειλεν
2671 1280 2699 1331 ὁ
2736 1278 2907 1348 ἥλιος,
2939 1276 3031 1330 καὶ
3057 1276 3425 1347 συνήχθησανο

2235 1373 2321 1425 48.
2352 1372 2461 1425 Καὶ
2484 1374 2562 1435 εἰς
2585 1371 2685 1433 τάς
2713 1370 2955 1441 μάνδρας
2977 1368 3158 1421 αὐτῶν
3188 1369 3677 1440 κοιτασθήσονταε.

2233 1466 2319 1517 49.
2358 1464 2732 1530 Ἔξελεύσεται
2767 1462 3054 1533 ἄνθρωπος
3080 1463 3171 1513 ἐπὶ
3193 1462 3252 1513 τὸ
3282 1461 3440 1531 ἔργον
3474 1460 3678 1513 αὐτοῦ.

2239 1556 2325 1609 fit).
2364 1556 2471 1606 Καὶ
2506 1556 2597 1607 ἐπὶ
2624 1554 2721 1623 τὴν
2758 1553 3021 1621 ἐργασίαν
3051 1550 3217 1603 αὐτοῦ
3261 1551 3366 1614 ’ἐως
3398 1551 3680 1621 ἑσπέρας.

2238 1648 2325 1701 δίο
2374 1649 2459 1711 Ὡς
2494 1646 2837 1717 ἐμεγαλύνθη
2866 1645 2938 1698 τὰ
2969 1645 3105 1717 ἔργα
3132 1662 3249 1709 σου,
3280 1644 3477 1714 Κύριε·

1610 1824 1988 1880 ATHANASII
2042 1823 2633 1878 INTERPRETATIO.

556 1989 645 2044 58.
679 1987 865 2041 Erodii
889 1989 1275 2056 interpretatur
1298 1985 1633 2055 imperantis.
1656 1982 1710 2036 In
1736 1983 2073 2037 habitatione
2106 1996 2115 2048 ι

2246 1980 2336 2033 58.
2369 1978 2651 2046 Ἐρωδιοῦ
2679 1978 2754 2049 (l)
2802 1977 3167 2048 ἑρμηνεύεται
3220 1976 3653 2045 κατάρχοντος.
3678 1976 3788 2028 Τοῦ

487 2083 654 2153 igitur
707 2081 923 2135 Domini
994 2080 1316 2150 imperantis
1368 2078 1563 2132 merito
1621 2075 1856 2146 apostoli
1902 2077 2070 2129 duces

489 2183 620 2228 sunt
642 2174 908 2243 gentium.

558 2266 648 2322 59.
687 2264 937 2319 Mandata
985 2263 1226 2318 caalestia
1282 2258 1739 2315 interﬁcientibus
1803 2264 2071 2311 venenata

489 2358 771 2413 animalia.

560 2453 656 2506 40:
676 2451 938 2506 Dominus
965 2448 1287 2510 humilibus,
1316 2454 1369 2499 et
1392 2444 1781 2509 mansuetis,et
1804 2440 2074 2511 promptis

491 2546 557 2599 ad
589 2541 1043 2615 proﬁciscendum
1072 2539 1340 2611 refugium
1374 2544 1477 2592 est.

561 2636 651 2699 41,
684 2634 775 2689 42.
806 2633 1073 2687 Dominus
1105 2632 1325 2685 locutus
1358 2637 1441 2683 est
1462 2628 1529 2682 de
1559 2636 1735 2681 morte
1766 2641 1887 2681 sua.

560 2727 650 2781 45.
685 2725 925 2780 Posuisti
967 2723 1219 2778 tenebras
1246 2721 1299 2775 in
1341 2734 1613 2791 synagoga
1647 2726 1868 2788 propter
1899 2717 2077 2770 incre-

492 2819 773 2874 dulitatem
798 2832 1026 2872 eorum:
1062 2814 1210 2869 nocti
1240 2813 1386 2867 enim
1424 2827 1522 2881 per
1562 2812 1883 2881 prophetam
1934 2809 2075 2863 assi-

492 2911 696 2966 milasti
722 2926 867 2965 eam.

563 3001 652 3055 44.
680 3002 740 3054 1n
766 2998 1004 3055 tenebris
1027 2997 1229 3067 degunt
1258 2994 1430 3050 Judaei
1462 3009 1571 3047 non
1597 2993 1882 3048 credentes
1904 2991 2001 3045 illi.

564 3178 654 3245 45,
689 3176 775 3231 46.
801 3175 1002 3230 Gentes
1030 3174 1269 3229 clamant
1296 3173 1364 3227 ad
1396 3170 1591 3235 Deum,
1632 3178 1692 3224 ut
1721 3170 1936 3239 rapiant
1959 3168 2079 3237 ejus

494 3286 746 3343 regnum.
805 3268 1024 3322 Catulos
1080 3266 1217 3320 dixit
1262 3275 1477 3335 gentes,
1532 3263 1793 3333 quoniam
1840 3260 2076 3324 catulus,

2173 2072 2378 2140 Κυρίου
2409 2068 2501 2124 οὖν
2525 2074 2891 2142 κατάρχοντος
2912 2073 2978 2141 τῇ
3004 2070 3277 2140 κατοικία,
3304 2070 3533 2132 εἰκότως
3554 2072 3603 2121 οἱ
3639 2070 3786 2121 ἀπό-

2176 2164 2348 2216 στολοι
2378 2164 2637 2233 ἡγοῦνται
2668 2163 2777 2216 τῶν
2813 2162 3005 2217 ἐθνῶν.

2245 2252 2333 2306 39.
2365 2254 2430 2304 Αἱ
2457 2253 2667 2306 ἐντολαὶ
2710 2254 2765 2305 αἱ
2805 2252 3127 2323 ὲπουράνιαι
3150 2249 3359 2321 (2)701;
3394 2251 3691 2322 ἀναιροῦσι
3721 2251 3787 2302 τὰ

2179 2345 2358 2397 ίοϐόλα
2389 2344 2495 2397 τῶν
2527 2344 2753 2417 θηρίων.

2252 2437 2339 2493 40.
2376 2439 2433 2491 '0
2470 2438 2674 2508 Κύριος
2717 2438 2791 2507 (5)
2814 2440 2927 2500 τοῖς
2968 2439 3263 2501 ταπεινοῖς,
3299 2437 3395 2490 καὶ
3424 2437 3654 2507 πραέσι,
3693 2439 3786 2490 καὶ

2177 2531 2483 2605 προθύμοις
2513 2532 2607 2582 ἐπὶ
2635 2531 2733 2601 τὴν
2760 2530 2985 2601 πορείαν
3024 2532 3315 2602 καταφυγὴ
3351 2532 3611 2603 ὑπάρχει.

2249 2623 2338 2686 41,
2357 2622 2444 2675 42.
2478 2625 2535 2675 ὐ
2555 2622 2751 2694 Κύριος
2773 2622 2924 2691 ἔλεγε
2946 2623 3019 2694 (4)
3046 2625 3172 2694 περὶ
3196 2624 3289 2676 τοῦ
3310 2624 3545 2677 Θανάτου
3586 2626 3783 2679 αὑτοῦ.

2245 2714 2332 2767 45.
2367 2714 2531 2766 Ἔθου
2591 2714 2780 2777 σκότος
2836 2716 2893 2767 ἐν
2923 2717 2987 2784 τῇ
3041 2720 3329 2787 συναγωγῇ
3362 2716 3451 2770 διὰ
3495 2719 3595 2788 τὴν
3658 2721 3789 2773 ἀπι-

2181 2800 2331 2855 στίαν
2367 2801 2588 2872 αὐτῶνς
2649 2802 2805 2855 νυκτὶ
2864 2802 2975 2872 γάρ
3025 2803 3317 2874 ὡμοίωσας
3362 2805 3441 2877 (5)
3491 2809 3671 2880 αὐτὴν
3703 2810 3790 2863 διὰ

2178 2893 2271 2946 τοῦ
2306 2895 2610 2966 προφήτου.

2251 2984 2341 3038 44.
2398 2985 2486 3037 Ἐν
2532 2985 2713 3038 σκότει
2762 2985 3097 3041 διατελοῦσιν
3151 2991 3199 3041 οἱ
3240 2990 3594 3056 ἀπειθοῦντες
3632 2993 3790 3064 αὐτῷ

2181 3072 2446 3125 Ἰουδαῖοι.

2254 3165 2345 3227 45,
2400 3163 2487 3218 46.
2545 3163 2618 3235 (6)
2653 3164 2732 3217 Τὰ
2764 3166 2890 3238 ἔθνη
2949 3166 3115 3237 βοῶσι
3162 3171 3298 3235 πρὸς
3354 3172 3447 3225 τὸν
3498 3173 3640 3227 Θεὸν
3697 3177 3792 3228 τοῦ

2184 3256 2428 3328 ἁρπάσαι
2461 3256 2558 3327 τὴν
2584 3255 2862 3326 βασιλείαν
2913 3260 3099 3314 αὐτοῦ.
3145 3265 3463 3331 Σκύμνους
3492 3267 3695 3338 εἴρηκε
3725 3271 3793 3321 τὰ

496 3362 718 3434 quando
746 3370 905 3413 natus
936 3367 1040 3423 est,
1081 3362 1224 3411 intra
1262 3367 1374 3411 tres
1397 3356 1514 3410 dies
1550 3355 1742 3409 oculos
1774 3354 1968 3423 aperit,
2006 3353 2079 3405 ita
2108 3358 2115 3396 ι

2220 3352 2349 3415 θνη,
2381 3348 2568 3420 ἐπειδὴ
2602 3352 2630 3403 ό
2660 3351 2920 3422 σκύμνος,
2945 3354 3034 3405 ὅτε
3064 3354 3252 3426 τεχθῇ,
3282 3356 3371 3408 διὰ
3417 3359 3586 3429 τριῶν
3647 3365 3794 3433 ἡμε-

494 3456 661 3509 etiam
684 3461 869 3521 gentes
891 3465 983 3519 per
1004 3450 1240 3504 triduam
1265 3447 1838 3503 commemorationem
1867 3445 2081 3499 Domini

499 3547 555 3601 in
586 3545 858 3614 baptismo
886 3544 1065 3598 visum
1109 3550 1452 3610 receperunt.
1478 3538 1614 3594 Nam
1648 3542 1701 3593 in
1738 3539 1913 3593 tribus
1953 3538 2084 3592 sub—

499 3635 864 3692 mersionibus
894 3632 1149 3703 baptismi
1199 3641 1310 3685 tres
1374 3640 1561 3684 noctes
1614 3633 1805 3685 mortis
1868 3629 2084 3683 Domini

500 3732 982 3797 repraesentantur,
1018 3721 1279 3792 quoniam
1328 3720 1383 3774 in
1418 3721 1798 3775 submersione
1842 3719 1978 3772 nihil
2010 3719 2086 3770 vi—

500 3822 631 3876 dere
662 3825 895 3889 possunt
944 3826 1203 3885 tanquam
1252 3813 1307 3867 in
1353 3823 1533 3876 nocte,
1575 3813 1630 3865 in
1676 3811 1853 3865 tribus
1902 3818 2085 3864 autem

501 3912 902 3968 emersionibus
924 3907 1180 3978 baptismi
1208 3915 1322 3961 tres
1356 3905 1471 3960 dies
1506 3903 1728 3957 Domini
1769 3902 2089 3971 exprimun-

503 4015 613 4068 tur,
655 4003 915 4074 quoniam
961 4002 1109 4055 velut
1161 4000 1217 4052 in
1263 3998 1352 4052 die
1407 4005 1602 4051 cuncta
1648 3994 2001 4054 conspiciunt
2033 3992 2086 4044 in

504 4097 855 4152 emersione:
890 4096 1005 4149 haec
1026 4093 1191 4147 catuli
1229 4100 1308 4146 est
1336 4089 1738 4160 interpretatio.

575 4277 663 4331 47.
691 4273 1009 4330 Resurrexit
1032 4271 1317 4335 Dominus,
1347 4277 1400 4322 et
1430 4266 1800 4329 crediderunt,
1834 4271 1889 4319 et
1924 4274 2089 4316 vene-

507 4378 632 4423 runt
660 4368 726 4422 ad
761 4382 885 4421 eum
918 4366 971 4418 itt
1004 4364 1098 4417 Dei
1128 4362 1419 4416 Ecclesias.

576 4456 665 4511 48.
692 4456 758 4510 Ει
788 4457 840 4509 in
872 4454 1087 4509 aeternis
1118 4453 1474 4523 requietibus.

577 4550 668 4604 49.
706 4548 947 4616 Quisque
980 4545 1215 4599 ﬁdelium
1262 4552 1507 4614 prompte
1550 4541 1788 4610 seipsum
1831 4538 2005 4592 tradet
2032 4537 2088 4591 in

505 4641 693 4696 divina
717 4638 992 4692 mandata.

580 4732 670 4786 50.
702 4729 767 4783 Et
801 4730 855 4783 in
885 4744 1047 4798 opera
1079 4726 1308 4797 iustitiae
1341 4741 1513 4796 usque
1546 4724 1609 4778 ad
1639 4722 2082 4778 consummatio-

509 4839 656 4880 nem.

580 4916 668 4971 5L
703 4914 876 4982 Quam
898 4911 1410 4982 superabundarunt
1437 4910 1579 4965 dona
1613 4918 1727 4962 tua.

2186 3439 2296 3509 ρῶν
2315 3439 2631 3493 ἀναϐλέπει’
2654 3439 2824 3505 οὕτως
2842 3438 2933 3495 οῦν
2959 3444 3052 3496 καὶ
3078 3445 3145 3497 τὰ
3180 3445 3305 3515 ἔθνη
3331 3447 3417 3501 διὰ
3438 3450 3536 3520 τῆς
3559 3455 3795 3524 τριημέ.

2190 3548 2281 3602 ρου
2309 3534 2631 3603 μεμνήσεως
2663 3532 2756 3585 τοῦ
2782 3533 2981 3605 Κυρίου
3016 3538 3072 3588 ὲν
3098 3536 3176 3607 τῷ
3204 3538 3545 3611 βαπτίσματι
3574 3546 3794 3598 ἀνέϐλε-

2185 3624 2312 3693 ψαν.
2340 3626 2429 3677 Ἐν
2452 3624 2561 3696 γάρ
2592 3628 2713 3688 ταῖς
2749 3630 2896 3697 τρισὶ
2923 3629 3250 3683 καταδύσεσι
3279 3632 3374 3685 τοῦ
3410 3635 3793 3709 βαπτίσματος

2186 3715 2285 3778 τὰς
2338 3718 2486 3786 τρεῖς
2540 3718 2741 3781 νύκτας
2785 3718 2880 3771 τοῦ
2941 3719 3171 3774 θανάτου
3212 3722 3413 3795 Κυρίου
3471 3730 3791 3799 μιμοῦνται,

2187 3808 2375 3879 ἐπειδὴ
2407 3810 2464 3861 ἐν
2514 3814 2582 3881 τῇ
2632 3812 3106 3866 καταδύσειούδὲν
3147 3816 3401 3873 δύνανται
3462 3821 3688 3891 βλέπειν
3740 3828 3791 3877 ἐν

2187 3902 2358 3953 νυκτί·
2391 3904 2447 3953 ὲν
2477 3902 2533 3954 δὲ
2564 3906 2683 3967 ταῖς
2734 3906 2913 3974 τρισὶν
2962 3906 3253 3961 ἀναλύσεσι
3280 3912 3379 3963 τοῦ
3409 3912 3795 3985 βαπτίσματος

2187 3990 2286 4053 τὰς
2306 3994 2454 4062 τρεῖς
2481 3991 2697 4063 ἡμέρας
2746 3992 2841 4045 τοῦ
2878 3992 3078 4065 Κυρίου
3130 3996 3441 4067 μιμοῦνται,
3474 4002 3667 4073 ἐπειδὴ
3720 4004 3795 4063 ὡς

2188 4083 2245 4135 ἐν
2273 4085 2337 4153 τῇ
2368 4083 2554 4154 ἡμέρα
2578 4085 2756 4138 πάντα
2799 4087 3106 4158 καθορῶσιν
3152 4091 3211 4141 ὲν
3242 4093 3306 4161 τῇ
3341 4092 3618 4146 ἁναλύσει·
3651 4095 3792 4164 αὕτη

2187 4170 2278 4229 οῦν
2300 4177 2568 4245 ἑρμηνεία
2593 4177 2699 4230 τοῦ
2746 4181 3047 4248 σκύμνου.

2260 4268 2348 4321 47.
2379 4268 2604 4340 Ἀνέστη
2635 4272 2662 4323 ὁ
2690 4269 2907 4341 Κύριος,
2964 4274 3059 4325 καὶ
3110 4275 3464 4341 ἐπίστευσαν,
3508 4280 3607 4332 καὶ
3660 4277 3789 4353 ἦλθε

2192 4360 2327 4430 πρὸς
2357 4361 2516 4413 αὑτὸν
2546 4362 2625 4424 είς
2646 4363 2744 4427 τὰς
2778 4364 2872 4416 τοῦ
2899 4365 3033 4418 Θεοῦ
3078 4368 3424 4439 Ἐκκλησίας.

2262 4451 2347 4503 48.
2376 4450 2478 4503 Καὶ
2511 4453 2591 4515 εἰς
2618 4453 2715 4516 τὰς
2742 4454 2995 4518 αἰωνίους
3020 4457 3379 4522 ἀναπαύσεις.

2263 4542 2350 4596 49.
2387 4544 2501 4607 Πᾶς
2526 4543 2636 4597 τῶν
2666 4546 2871 4599 πιστῶν
2911 4548 3208 4619 προθύμως
3248 4551 3419 4622 ἐπιδῷ
3460 4554 3661 4610 ἑαυτὸν
3713 4561 3790 4621 εἰς

2193 4636 2262 4689 τὰ
2287 4640 2689 4709 προστάγματα
2720 4638 2813 4692 τοῦ
2848 4640 3008 4696 Θεοῦ.

2267 4730 2354 4784 50.
2383 4729 2489 4783 Καὶ
2511 4731 2605 4783 ἐπὶ
2624 4732 2691 4785 τὰ
2721 4732 2859 4804 ἔργα.
2908 4734 3007 4803 τῆς
3030 4734 3377 4800 δικαιοσύνης
3405 4736 3512 4802 ἕως
3546 4741 3650 4812 τῆς
3674 4759 3793 4795 συν-

2195 4822 2407 4886 τελείας

2273 4914 2363 4966 51.
2405 4915 2492 4977 Ὠς
2518 4915 2993 4985 ύπερεπλεόνασαν
3042 4920 3116 4990 (7)
3152 4922 3220 4974 τὰ
3256 4926 3576 4997 χαρίσματά
3610 4946 3725 4985 σου.

1463 5045 1771 5107 Addenda.
1806 5050 1867 5106 et
1898 5043 2274 5122 corrigenda
2320 5064 2399 5107 ex
2434 5053 2578 5109 cod.
2624 5050 2831 5112 Vatic.

576 5173 989 5247 (1))Ἐρωδιοῦη
1018 5181 1147 5247 etc.,
1181 5172 1273 5224 τοῦ
1326 5170 1693 5241 κατάρχοντος
1726 5171 1759 5240 ή
1807 5169 2081 5233 κατοικία,

510 5242 785 5301 eodem»;
810 5247 857 5296 οἱ
886 5242 1191 5307 ἀπόστολοι,
1227 5253 1331 5297 etc.

611 5318 660 5384 Ξ)
696 5318 861 5368 Ἐπου
871 5316 1062 5384 ράνιοι.

605 5318 641 5370 2
696 5317 1062 5384 Ἐπουράνιοι.

585 5317 662 5458 (ὃ)
702 5388 759 5439 '0
791 5383 1041 5458 Χριστός,
1072 5392 1201 5447 etc.,
1226 5383 1502 5453 ὑπάρχων.

589 5456 666 5524 (4)
691 5456 1011 5525 Προέλεγεν.

612 5527 665 5595 5)
688 5525 1098 5597 fﬂtmeofeams

612 5529 665 5595 5)
705 5529 1098 5597 Ὠμομοίωσας.

586 5529 753 5669 (6)
796 5595 882 5669 45.
936 5594 1016 5646 Τὰ
1068 5594 1220 5669 ἔθνη,
1261 5602 1364 5647 etc.
1427 5591 1958 5669 thigyoucl'pnxsv,
1991 5600 2095 5669 etc:

514 5661 734 5737 Ἐπειδὴ
768 5667 895 5737 γάρ,
930 5676 1058 5728 etc.,
1091 5661 1371 5736 μιμήσεως
1416 5665 1509 5717 τοῦ
1545 5661 1783 5734 Κυρίου,
1826 5661 1970 5727 etc.,
2004 5662 2098 5715 τοῦ

2186 5170 2417 5249 θανάτου
2472 5171 2564 5224 τοῦ
2604 5172 2832 5249 Κυρίου,
2888 5169 3274 5249 θιαὶδύναται
3313 5179 3556 5249 βλέπειν,
3598 5184 3677 5249 ὡς
3735 5190 3786 5239 ἐν

2187 5240 2364 5326 νυκτί..
2418 5250 2545 5303 etc.,
2571 5233 2924 5326 “avdﬁticeotv
2948 5233 3064 5310 τοῦ,
3118 5257 3247 5314 etc.,
3299 5233 3358 5304 ἐν

2190 5311 2529 5394 καθαίρωσιν
2566 5313 2774 5394 (ιεςζνιιι
2800 5315 2872 5394 in
2901 5318 3020 5394 cod.
3055 5311 3241 5394 βαι-ί).⁷
3282 5311 3615 5394 καθορῶσίν)
3645 5329 3703 5379 ἐν
3726 5331 3785 5394 τῇ

2192 5381 2472 5458 ἀναξύσει,
2509 5381 2733 5458 ειαΝ.
2786 5383 2874 5458 46..
2929 5386 3012 5439 Τά
3068 5388 3223 5458 λόγια
3258 5392 3352 5445 τοῦ

2192 5452 2418 5538 Ἀνέστη
2452 5453 2479 5503 ὁ
2507 5451 2734 5538 Εὐξιοξ,
2767 5454 2874 5538 ﬁdi
2906 5451 3254 5538 ,ἐπίστευσαν
3282 5465 3363 5526 είς
3392 5467 3576 5520 αὐτόν.
3601 5467 3666 5521 Ν.
3701 5470 3786 5521 43.

2194 5523 2288 5600 Et;
2313 5523 2409 5600 τὰς
2443 5523 2536 5576 τοῦ
2581 5524 2735 5600 θεοῦ
2767 5526 3119 5600 Ἐκκλησίαῇ
3152 5532 3244 5582 καὶ
3274 5523 3356 5595 εἰς
3404 5537 3503 5600 τὰς
3537 5539 3789 5600 αἰωνίους

2195 5579 2550 5655 ἀναπαύσεις.
2580 5592 2645 5647 Ν.
2672 5594 2759 5647 49.
2788 5579 2926 5662 Πᾶς,
3277 5579 3352 5595 ’Ἰ
3415 5579 3786 5614 "ag-Mn",

3642 5437 3656 5450 .
3700 5380 3787 5449 4τί

3448 5394 3559 5447 εοῦ.

2266 5662 2343 5732 (7)
2385 5662 2904 5733 ’Υπερεπλεόνασεν,
2938 5686 2990 5723 τ.
3027 5690 3080 5736 χ.
3111 5688 3161 5724 σ.
3197 5674 3392 5731 Κυριι.
