3874 6222
207 321 352 379 1097
1123 326 1213 382 DE
1254 314 1533 384 TITULIS
1546 328 1737 400 _PSAL

1926 333 2022 391 ιιι.
2064 366 2133 375 -
2168 334 2367 392 PSAL.
2411 322 2541 393 cut.
3317 343 3456 401 1098

276 437 371 493 62.
398 436 585 491 Πάντα
611 435 671 490 ὲν
700 439 863 510 σοφίᾳ
885 440 1163 510 ἐποίησας·

1817 453 1865 506 A
1959 449 2048 503 52.
2078 447 2270 504 Omnia
2305 450 2360 504 in
2391 450 2656 521 sapientia
2684 448 2860 505 fecisti
2892 468 2905 507 :

278 529 371 585 55.
408 527 730 600 Ἐπληρώθη
759 531 793 600 ἡ
818 532 888 602 γῆ
917 532 1014 602 τῆς
1038 532 1265 596 κτίσεώς
1296 551 1409 588 σου.

1960 539 2049 595 55.
2074 538 2293 609 Impleta
2319 551 2402 595 est
2428 550 2572 594 terra
2612 541 2959 610 possessione
2991 551 3105 595 tua.

281 621 373 677 56.
407 620 557 692 Αὕτη
586 623 619 692 ἡ
649 621 892 675 θάλασσα
918 625 950 693 ἡ
985 624 1192 695 μεγάλη
1219 627 1313 679 καὶ
1344 625 1675 697 εὐρύχωρος

1960 632 2046 685 54.
2078 630 2193 688 Hoc
2227 648 2377 688 mare
2416 650 2696 704 magnum,
2728 642 2782 688 et
2812 634 3112 704 spatiosum
3158 636 3414 692 manibus
3440 653 3454 691 :

279 712 368 768 55.
395 714 544 766 Ἐκεῖ
574 713 778 784 ἑρπετὰ
802 708 876 768 ὧν
904 715 1005 769 οὐκ
1028 715 1176 769 ἐστιν
1203 717 1458 789 ἀριθμὸς,

1960 723 2048 779 55.
2083 725 2197 780 Illic
2233 726 2466 795 reptilia,
2498 741 2730 795 quorum
2766 743 2873 781 non
2901 735 2987 782 est
3015 743 3298 795 numerus,

281 804 370 859 56.
405 804 528 858 Ζῶα
558 803 728 875 μικρὰ
756 805 895 875 μετὰ
924 806 1199 877 μεγάλων.

1958 816 2048 871 56.
2078 818 2351 872 Animalia
2376 818 2572 888 pusilla
2596 834 2721 873 cum
2755 818 2992 890 magnis.

279 895 371 950 57.
411 896 554 948 Ἐκεῖ
590 895 748 949 πλοῖα
773 895 1221 967 διαπορεύονται⁶

1958 907 2046 962 57.
2070 907 2184 963 Illic
2207 925 2372 965 naves
2404 917 2825 980 pertranseunt:

278 987 369 1041 58.
405 988 631 1058 Δράκων
677 982 862 1052 οὗτος,
916 988 975 1040 ὃν
1001 986 1244 1052 ἔπλασας
1281 990 1571 1059 ἐμπαίζειν
1612 992 1782 1064 αὐτῷ.

1957 1000 2045 1053 58.
2078 998 2253 1055 Draco
2274 1000 2398 1067 iste,
2426 1016 2589 1071 quem
2635 998 2886 1056 formasti
2912 1001 2979 1056 ad
3018 1000 3350 1056 illudendum
3380 1001 3452 1056 ei.

279 1078 371 1133 59.
403 1080 587 1132 Πάντα
615 1080 753 1149 πρὸς
779 1079 839 1132 σὲ
872 1080 1216 1150 προσδοκῶσι
1245 1080 1427 1136 δοῦναι
1452 1084 1551 1156 τὴν
1578 1087 1784 1159 τροφὴν

1956 1092 2044 1147 59.
2076 1090 2272 1147 Omnia
2298 1108 2329 1147 a
2364 1103 2416 1148 te
2448 1102 2767 1165 exspectant
2791 1103 2854 1149 ut
2880 1094 2976 1150 des
3002 1110 3186 1149 escam
3210 1096 3452 1165 ipsorum

200 1171 388 1226 αὐτῶν
420 1170 647 1244 [αὐτοῖς]
671 1173 751 1235 είς
774 1170 1024 1243 εὔκαιρον
1041 1189 1055 1205 ο

936 1189 1024 1243 ρον
1041 1189 1055 1205 ⁸
1888 1181 2065 1255 [ipsis]
2092 1183 2147 1238 in
2179 1192 2423 1254 tempore
2448 1203 2460 1239 ι

279 1265 371 1318 60.
402 1265 593 1328 Δόντος
627 1282 718 1317 σου
757 1266 958 1328 αὐτοῖς,
996 1264 1361 1330 συλλέξουσιν.

1272 1283 1361 1322 τιν.
1884 1322 1885 1325 η
1956 1273 2046 1328 60.
2074 1274 2246 1329 Dante
2285 1284 2336 1331 te
2365 1275 2492 1342 illis,
2526 1274 2802 1346 colligent.

277 1354 367 1408 6].
423 1348 755 1419 Ἀνοίξαντός
800 1371 893 1407 σου
928 1353 1008 1425 [δέ
1040 1352 1158 1425 σου]
1189 1354 1289 1426 τὴν
1316 1357 1473 1429 χεῖρα
1495 1398 1510 1423 ,
1544 1357 1612 1411 τὰ
1646 1356 1785 1431 σύμ-

1954 1367 2042 1422 61.
2072 1368 2358 1438 Aperientc
2401 1366 2629 1442 [autem]
2666 1376 2720 1423 te
2758 1382 3004 1433 manum,
3048 1355 3232 1423 omnia
3261 1364 3453 1438 imples

200 1463 386 1499 πάντα
417 1446 818 1518 πλησθήσονται
847 1445 1241 1517 χρηστότητοςο

854 1445 1211 1517 χρηστότητος
1227 1464 1241 1477 ⁸
1882 1458 2086 1516 buntur
2115 1460 2298 1515 bonita
2310 1468 2384 1516 te.

274 1538 367 1592 69..
404 1538 869 1611 Ἀποστρέψαντος
887 1539 944 1593 δέ
976 1555 1069 1591 σου
1096 1538 1157 1590 τὸ
1177 1537 1487 1609 πρόσωπον,
1513 1540 1785 1614 ταραγθῇο

1781 1572 1785 1583 ν
1952 1549 2041 1604 62.
2070 1550 2359 1606 Avertente
2390 1559 2573 1606 autem
2600 1559 2655 1607 te
2678 1549 2899 1617 faciem,
2926 1551 3311 1609 turbabuntur.

201 1647 413 1683 σονται.

275 1722 363 1775 65.
408 1719 739 1783 Ἀντανελεῖς
764 1718 825 1773 τὸ
851 1719 1069 1790 πνεῦμα
1091 1720 1291 1784 αὐτῶν,
1321 1718 1416 1771 καὶ
1443 1716 1776 1787 ἐκλείψσυσυ

1698 1733 1776 1770 σι·
1952 1703 2041 1758 65.
2072 1703 2300 1760 Auferes
2333 1703 2586 1774 spiritum
2616 1721 2829 1771 eorum,
2854 1714 2907 1761 et
2932 1705 3184 1761 deﬁcient
3213 1748 3228 1761 .

276 1811 365 1866 64.
394 1813 504 1865 Καὶ
529 1814 608 1875 είς
643 1810 733 1864 τὸν
766 1810 894 1881 χοῦν
920 1811 1100 1864 αὐτῶν
1129 1807 1565 1880 ἐπιστρέφουσιν.

1809 1802 1852 1857 Β
1949 1793 2038 1852 64.
2067 1793 2135 1848 Et
2167 1794 2220 1848 in
2261 1796 2536 1864 pulverem
2572 1813 2733 1853 suum
2766 1807 3134 1853 revertentur.

277 1904 366 1959 65,
411 1904 819 1970 Ἐξαποστελεῖς
842 1902 903 1957 τὸ
928 1901 1155 1973 Πνεῡμά
1182 1919 1275 1955 σου
1296 1941 1311 1967 ,
1343 1900 1436 1954 καὶ
1458 1898 1779 1970 κτισθήσον-
1956 1887 2044 1942 65.
2075 1886 2300 1943 Emittes
2322 1886 2585 1958 Spiritum
2619 1898 2794 1956 tuum,
2825 1899 2880 1944 et
2908 1891 3233 1946 creabantur

200 2008 297 2050 ται
319 2014 332 2027 ’

276 2088 367 2142 66.
394 2087 506 2141 Καὶ
537 2087 871 2149 ἀνακαινιεῖς
897 2086 959 2140 τὸ
984 2085 1273 2158 πρόσωπον
1306 2076 1406 2154 τῆς
1436 2084 1562 2153 γῆς.

1347 2076 1406 2154 ἧς
1436 2084 1562 2153 γῆς.
1954 2087 2043 2145 66.
2073 2087 2139 2143 Et
2166 2089 2453 2145 renovabis
2484 2078 2678 2144 faciem
2702 2099 2877 2145 terrae.

271 2180 360 2233 67.
401 2180 555 2233 Ἤτω
587 2181 621 2250 ή
651 2177 777 2243 δόξα
806 2170 1009 2250 Κυρίου
1044 2171 1121 2241 είς
1152 2172 1277 2241 τοὺς
1304 2176 1537 2238 αἰῶναςο

1426 2191 1537 2238 iam:
1955 2179 2044 2235 67.
2078 2180 2159 2235 Sit
2184 2181 2353 2251 gloria
2388 2180 2601 2236 Domini
2626 2179 2681 2235 in
2708 2180 2910 2236 saecula
2941 2196 2956 2235 :

273 2274 362 2329 68.
390 2273 837 2345 Εὑφρανθήσεται
880 2272 1082 2343 Κύριος
1117 2270 1209 2323 ἐπὶ
1235 2270 1348 2331 τοῖς
1383 2266 1565 2338 ἔργοις
1591 2263 1775 2318 αὐτοῦ.

1652 2263 1775 2318 ιτοῦ.
1953 2268 2043 2322 68.
2070 2267 2359 2324 Laetabitur
2381 2270 2645 2326 Dominus
2670 2271 2726 2325 in
2757 2271 3012 2341 operibus
3046 2269 3182 2326 suis.

275 2367 363 2423 69.
404 2367 463 2420 '0
494 2365 802 2419 ἐπιϐλέπων
832 2365 926 2417 ἐπὶ
954 2364 1049 2435 τὴν
1084 2363 1186 2433 γῆν
1212 2402 1228 2430 ,
1272 2360 1367 2415 καὶ
1402 2357 1568 2413 ποιῶν
1610 2356 1779 2427 αὐτὴν

1954 2358 2045 2416 69.
2077 2359 2181 2428 Qui
2204 2362 2424 2432 respicit
2449 2370 2672 2429 terram,
2700 2372 2755 2417 et
2783 2360 2913 2420 facit
2935 2378 3058 2420 eam
3088 2369 3342 2424 tremere.

197 2460 447 2532 τρέμειν.

1324 2649 1696 2709 ATHANASII
1734 2634 2319 2706 lNTERPRETATlO.

270 2860 361 2917 52.
387 2860 574 2915 Πάντα
597 2860 666 2914 τὰ
687 2858 999 2931 χαρίσματά
1029 2875 1121 2911 σου
1144 2857 1200 2912 ὲν
1222 2860 1287 2931 τῇ
1311 2857 1677 2927 πολυποικίλῳ
1694 2874 1787 2911 σου

1958 2861 2048 2916 52.
2075 2860 2271 2917 Omnia
2301 2860 2446 2917 dona
2490 2869 2604 2930 tua,
2636 2868 2695 2917 ιη
2730 2850 3030 2918 multifaria
3062 2866 3156 2921 tua
3184 2864 3447 2939 sapienti:

195 2952 364 3022 σοφίᾳ.
392 2951 723 3021 κατήρτισας
751 2950 850 3019 (Ι).

648 2966 723 3013 τας
751 2950 850 3019 (l).
1882 2952 2178 3021 perfecisti.

268 3041 360 3098 55.
399 3041 459 3094 Ὀ
485 3041 686 3112 κόσμος
728 3040 805 3111 (2)
830 3040 938 3095 τῶν
975 3038 1145 3108 ἁγίων
1170 3054 1288 3092 σου.

1170 3054 1288 3092 σου.
1950 3046 2036 3103 55.
2066 3045 2299 3102 Mundus
2320 3047 2524 3103 sanctis
2560 3047 2687 3102 tuis.

267 3134 357 3189 54.
403 3134 468 3186 Ἡ
492 3133 807 3204 οἰκουμένη.

1948 3128 2038 3190 54.
2064 3133 2225 3191 Orbis
2251 3146 2543 3191 terrarum.

266 3226 358 3281 55.
387 3227 449 3278 Οί
482 3225 755 3296 δαίμονες.

1806 3239 1851 3302 C
1953 3225 2042 3280 55.
2071 3224 2374 3281 Daemones.-

265 3318 354 3372 56.
387 3319 449 3371 Oi
470 3317 565 3372 ἄνθ
576 3334 765 3389 ρωποι.

1949 3316 2039 3372 56.
2075 3316 2351 3373 Homines.-

266 3413 354 3468 57.
388 3416 448 3467 Οἱ
481 3414 623 3481 ἅγιοι
669 3412 884 3483 ἔχοντες
939 3412 997 3464 ὲν
1040 3405 1223 3473 αὐτοῖς
1276 3398 1350 3480 (5)
1379 3407 1448 3462 τὰ
1484 3393 1639 3475 λόγια
1673 3403 1770 3459 τοῦ

1948 3408 2040 3463 57.
2072 3407 2257 3464 Sancti
2296 3408 2557 3464 habentes
2607 3394 2661 3463 in
2718 3409 2912 3480 seipsis
2961 3398 3177 3483 eloquia
3219 3413 3339 3483 Dei,
3394 3416 3448 3473 et

190 3504 352 3569 Θεοῦ,
375 3504 471 3558 καὶ
490 3504 582 3557 διὰ
599 3503 706 3558 τῶν
723 3503 797 3576 (4)
820 3502 1112 3572 τρέφοντες
1139 3506 1201 3555 τὸ
1236 3501 1392 3572 γένος
1429 3499 1538 3554 τῶν
1563 3496 1720 3571 ἁνθρε

1322 3518 1392 3565 θος
1429 3499 1538 3554 τῶν
1563 3496 1773 3571 ἀνθρώ-
1873 3500 2081 3558 eisdem
2103 3503 2309 3558 alentes
2333 3501 2634 3557 humanum
2660 3516 2852 3571 genus.

193 3613 354 3741 πωέέ.
370 3686 430 3740 'O
456 3683 697 3750 διάϐολος
717 3685 746 3737 6
760 3681 836 3754 (
859 3682 1326 3753 καταπαιςόμενος
1350 3680 1454 3733 ὑπὸ
1474 3679 1580 3733 τῶν
1600 3680 1723 3751 ἁγία

1502 3679 1580 3733 ὧν
1600 3680 1770 3751 ἀγιων
1945 3661 2037 3729 58.
2070 3667 2331 3731 Diabolus
2355 3664 2580 3731 delusus
2611 3689 2643 3730 a
2668 3674 2873 3735 sanctis
2904 3678 3032 3736 tuis.

193 3793 314 3831 σου.

264 3870 351 3925 59.
385 3868 468 3921 Τὰ
499 3866 626 3935 ἔθνη
661 3865 1049 3935 άπεκδέχονται
1089 3862 1188 3918 τὴν
1218 3861 1369 3933 παρὰ
1405 3862 1499 3913 σοῦ
1540 3878 1768 3933 τροφην,

1947 3854 2035 3910 59.
2065 3852 2264 3910 Gentes
2302 3864 2620 3925 exspectant
2660 3872 2692 3911 a
2746 3866 2800 3912 te
2845 3874 3051 3929 escam,
3100 3876 3265 3932 quam
3310 3864 3446 3936 ipsis

187 3962 258 4033 ἢν
295 3962 479 4024 αὐτοῖς
503 3959 694 4022 δώσεις
726 3960 782 4011 ὲν
812 3960 1022 4029 εἰρήνῃ.

762 3976 782 4011 ν
812 3960 1022 4029 εἰρήνῃ.
1874 3946 2030 4001 dabis
2061 3946 2116 3999 in
2139 3959 2292 4015 pace.

260 4052 352 4109 60.
379 4050 682 4113 Δεδωκότος
709 4066 800 4102 σου
830 4049 1012 4111 αὐτοῖς
1036 4084 1050 4111 ,
1082 4045 1181 4109 τὰς
1213 4043 1432 4107 ἐντολάς
1466 4060 1559 4096 σου
1588 4044 1768 4108 δέξον-

1944 4038 2032 4093 60.
2064 4037 2205 4092 Cum
2244 4045 2304 4092 tu
2327 4035 2540 4093 dederis
2570 4036 2706 4108 ipsis
2726 4039 2982 4096 mandata
3005 4051 3119 4108 tua,
3147 4043 3441 4115 excipient.-

186 4164 302 4202 ται.

259 4238 350 4293 61.
378 4234 796 4307 Φανερώσαντος
834 4229 889 4285 δέ
920 4249 1014 4285 σου
1062 4230 1153 4285 τὸν
1183 4228 1389 4300 Κύριον
1421 4228 1550 4282 Υίὸν
1571 4267 1586 4291 ,
1631 4230 1658 4282 6
1689 4228 1766 4300 (6)

1942 4235 2032 4292 61.
2069 4234 2455 4292 Manifestante
2505 4244 2689 4291 autem
2752 4246 2805 4294 te
2858 4238 3148 4297 Dominum
3205 4244 3439 4318 Filium.

182 4331 392 4400 κόσμος
416 4346 509 4381 σου
526 4326 895 4397 πλησθήσεται
912 4323 1004 4377 τοῦ
1026 4321 1343 4394 Πνεύματός
1362 4338 1455 4374 σου
1475 4320 1569 4373 τοῦ
1588 4319 1709 4388 άγίο

1676 4320 1764 4374 ἴου.
1872 4330 2112 4386 mundus
2143 4338 2272 4385 tuus
2303 4328 2616 4399 implebitur
2643 4326 2851 4400 Spiritu
2880 4342 3070 4389 sancto
3092 4344 3206 4392 tuo.

257 4419 349 4475 62.
391 4419 524 4472 Ἀπὸ
551 4418 659 4472 τῶν
701 4417 966 4471 Ἰουδαίων
1010 4415 1454 4486 ἀποστρέψαντος
1476 4412 1554 4466 ’τὸ
1595 4413 1765 4485 πρόσ-

1941 4423 2033 4479 62.
2064 4422 2352 4478 Avertente
2379 4429 2434 4478 te
2460 4420 2655 4479 faciem
2687 4430 2841 4480 tuam
2877 4441 2910 4482 a
2949 4425 3151 4483 Judaeis
3192 4429 3260 4484 ad
3296 4430 3439 4486 nihil

178 4512 334 4567 ωπόν
365 4528 489 4576 σου,
520 4512 599 4574 είς
629 4508 931 4580 ἀφανισμὸν
970 4507 1181 4561 ἔσονται
1210 4506 1304 4579 (7).

809 4508 931 4580 ςμὺν
970 4507 1181 4561 ἔσονται
1210 4506 1304 4579 (7).
1870 4513 1985 4569 lum
2008 4512 2339 4583 redigentur.

254 4599 345 4654 65.
367 4599 552 4672 Λάϐης
573 4599 673 4670 τὴν
691 4598 850 4670 χάριν
875 4597 967 4651 ἀπ’
984 4595 1184 4661 αὐτῶν,
1214 4595 1308 4648 καὶ
1327 4594 1756 4666 διαλυθήσονται.

1687 4613 1756 4649 αι.
1792 4598 1838 4654 D
1938 4604 2028 4660 65.
2052 4603 2280 4659 Auferes
2310 4603 2539 4674 gratiam
2570 4604 2642 4661 ab
2672 4605 2827 4675 ipsis,
2854 4616 2909 4663 et
2943 4610 3217 4678 peribunt.

252 4689 345 4744 64.
376 4691 487 4743 Καὶ
515 4692 573 4743 ὲν
604 4692 671 4761 τῇ
704 4688 947 4761 ἁμαρτίᾳ
984 4686 1162 4741 αὐτῶν
1188 4687 1594 4757 ὲναπομένωσιν
1626 4685 1731 4759 (8).

1487 4703 1594 4740 υσιν
1626 4685 1731 4759 (8).
1935 4696 2026 4752 64.
2054 4695 2123 4750 Ει
2147 4697 2203 4751 in
2233 4706 2455 4767 peccato
2470 4713 2573 4753 suo
2602 4701 3017 4769 permanebunt.

251 4778 344 4834 65.
388 4781 510 4833 Ἐπὶ
542 4782 668 4845 τοὺς
702 4780 1055 4843 πιστεύοντας
1083 4779 1165 4842 είς
1199 4778 1283 4833 σέ.

1208 4778 1283 4833 τέ.
1936 4785 2024 4841 65.
2052 4784 2229 4854 Super
2263 4785 2547 4842 credentes
2574 4788 2632 4842 in
2662 4799 2738 4842 te.

248 4871 341 4927 66.
361 4873 470 4926 Kal.
485 4871 808 4936 άνανεώσεις
830 4871 926 4945 τὴν
945 4871 1182 4927 διάνοιαν
1197 4870 1299 4942 τῆς
1314 4869 1543 4944 καρδίας
1559 4869 1765 4925 αὐτῶν.

1630 4871 1765 4925 τῶν.
1935 4875 2024 4931 66.
2058 4875 2125 4930 Et
2149 4878 2438 4933 renovabis
2470 4889 2707 4935 mentem
2729 4881 2912 4937 cordis
2941 4896 3156 4937 eorum;

250 4958 344 5027 67,
378 4963 463 5018 68.
494 4964 568 5037 (9)
596 4965 721 5027 Τοῖς
746 4963 945 5033 ἁγίοις.

1933 4966 2024 5034 67,
2054 4966 2144 5024 68.
2168 4965 2229 5023 In
2251 4970 2475 5025 sanctis.

251 5053 341 5108 69.
372 5055 498 5109 Ἐπὶ
524 5056 585 5108 τὸ
620 5055 873 5127 σύστημα
902 5052 1016 5110 τῶν
1039 5054 1334 5128 δαιμόνων.
1934 5056 2022 5114 69.
2049 5056 2368 5114 Βαιηιοιιιιω
2400 5067 2626 5117 emtum.

1136 5230 1445 5294 Addenda
1490 5234 1551 5293 et
1578 5233 1955 5312 corrigenda
1984 5248 2068 5293 ex
2112 5233 2256 5297 cod.
2281 5234 2482 5298 Vatic.

358 5398 695 5477 ξς-ατιήρτισα.
724 5469 741 5477 Δ
820 5467 838 5477 Δ
1928 5406 2009 5477 (6)
2040 5409 2145 5464 Τὸν
2168 5409 2297 5464 Υίόν
2328 5428 2420 5463 σου
2445 5449 2461 5475 ,
2489 5411 2541 5477 6,
2573 5419 2678 5465 etc.

273 5468 329 5551 ξ)
366 5467 690 5551 ξὲπλήρὼθη
715 5469 745 5525 ὁ
772 5467 996 5538 κόσμος,
1027 5482 1130 5529 etc.

845 5486 996 5538 σμος,
1027 5482 1130 5529 etc.
2034 5481 2167 5551 Γενή
2176 5498 2375 5535 σονται.

370 5540 630 5619 Ἑαυτοίς.
678 5538 689 5541 ⁷
2034 5538 2517 5619 ῨἘνάπομείνωσιν.
2926 5612 2927 5615 η

273 5607 325 5749 ἕ)
356 5610 672 5733 dignam
1614 5704 1625 5715 .
1930 5607 2007 5688 (9)
2029 5618 2073 5672 Ν
2140 5620 2186 5647 ”"
2239 5607 2578 5683 Ἇπαύστως.
2626 5621 2695 5679 Ν.
2726 5622 2813 5677 68.
2842 5612 2968 5688 Τοῖς
2993 5624 3186 5693 ἁγίοις.

358 5679 417 5733 '0
449 5680 619 5733 deest.
1614 5704 1625 5715 -

456 5780 725 5839 ΡΔτιιοι..
773 5779 892 5840 Gn.
939 5779 1202 5844 Χχνιι.

3036 5786 3114 5849 35
