3874 6222
425 295 560 351 1099
1273 289 1331 347 S.
1367 288 1738 346 ATHANASII
1775 291 1927 348 OPP.
1974 290 2156 347 PARS
2193 289 2281 345 Ill.
2323 322 2391 332 -
2430 287 2845 345 EXEGETICA.
3553 296 3707 353 H00

493 410 583 467 70.
611 409 717 478 Qui
743 406 916 477 tangit
942 412 1153 459 montes
1183 411 1239 458 et
1273 401 1562 473 fumigant.

2177 403 2265 457 70.
2306 404 2363 457 '0
2388 403 2691 473 ἁπτόμενος
2726 401 2834 455 τῶν
2861 402 3068 473 ὀρέων,
3104 405 3201 457 καὶ
3230 403 3613 472 καπνίζονται.

495 503 583 559 71.
620 501 865 557 Cantabo
892 496 1124 551 Domino
1157 496 1210 549 in
1242 496 1352 549 vita
1380 510 1500 549 mea
1540 513 1554 550 :

2187 496 2275 551 71.
2310 496 2460 567 ’ᾼσω
2484 495 2563 565 τῷ
2594 495 2783 565 Κυρίῳ
2812 496 2870 547 ὲν
2905 496 2971 565 τῇ
3011 494 3124 566 ζωῇ
3154 513 3255 567 μου
3277 515 3290 528 ι

492 593 585 648 72.
618 592 854 647 Psallam
890 589 1001 643 Deo
1031 602 1154 642 meo
1178 587 1421 657 quandiu
1447 600 1592 640 sum.

2184 587 2274 640 72.
2309 586 2478 639 Ψαλῶ
2509 585 2586 656 τῷ
2612 586 2730 657 Θεῷ
2764 604 2867 657 μου
2901 588 3005 650 ἕως
3034 589 3285 659 ὑπάρχω.

497 683 585 739 75.
627 682 937 739 Jucundum
966 672 1047 735 'sit
1074 678 1121 732 ei
1148 677 1428 747 eloquium
1461 691 1645 731 meum
1674 693 1687 729 :

2185 678 2274 733 75.
2323 677 2601 750 Ἥδυνθείη
2629 678 2781 749 αὐτῷ
2816 681 2848 749 ἡ
2875 679 3097 751 διαλογή
3130 697 3233 751 μου
3262 698 3274 712 ·

499 777 585 832 74.
618 776 727 846 Ego
751 790 882 831 vero
915 773 1226 829 delectabor
1261 772 1317 827 in
1354 770 1604 825 Domino.

2185 769 2272 822 74.
2318 768 2458 838 Ἐγὼ
2486 769 2542 822 δὲ
2570 770 3015 841 εὐφρανθήσομαι
3044 771 3138 824 ἐπὶ
3172 773 3251 843 τῷ
3280 774 3488 847 Κυρίῳ.

498 870 587 924 75.
617 869 883 924 Deﬁciant
912 874 1228 936 peccatores
1256 879 1285 918 a
1321 872 1483 928 terra,

2187 864 2273 917 75.
2314 861 2644 916 Ἐκλείποιεν
2673 863 2991 934 ἁμαρτωλοὶ
3018 862 3126 916 ἀπὸ
3155 865 3254 936 τῆς
3280 866 3420 936 γῆς,,

442 984 443 987 η
498 961 588 1016 76.
621 961 688 1016 Ει
708 961 878 1031 iniqui
915 958 991 1013 ita
1024 968 1083 1012 ut
1112 972 1217 1011 non
1248 957 1361 1011 sint
1394 974 1407 1010 :

2172 953 2270 1008 '76.
2302 955 2410 1007 Kal.
2440 953 2654 1024 ἄνομοι,
2678 952 2819 1005 ὥστε
2856 954 2930 1024 μὴ
2966 955 3235 1026 ὑπάρχειν
3265 956 3463 1019 αὐτούς

499 1053 588 1111 77.
623 1054 871 1119 Benedic,
890 1052 1072 1106 anima
1108 1048 1521 1113 mea,Domino.

2187 1045 2273 1099 77.
2308 1044 2554 1115 Εύλόγει,
2588 1046 2621 1115 ἡ
2652 1044 2796 1116 ψυχή
2842 1063 2966 1117 μου,
2995 1046 3088 1099 τὸν
3123 1047 3350 1120 Κύριον.

877 1164 1128 1219 Alleluia.
1170 1161 1368 1217 PSAL.
1403 1158 1554 1215 CIV.
1620 1198 1625 1203 η

2528 1158 2908 1225 Ἀλληλούῖα.
2970 1162 3145 1213 ΨΑΑ.
3191 1162 3313 1214 ΡΔο.

500 1258 552 1312 1.
584 1256 929 1314 Conﬁtemini
959 1255 1212 1318 Domino,
1246 1262 1300 1308 et
1339 1254 1591 1309 invocate
1623 1267 1821 1307 nomen
1849 1252 1968 1322 ejus
1995 1270 2007 1305 :

2186 1250 2236 1303 1.
2284 1248 2723 1320 Ἐξομολογεῖσθε
2753 1250 2829 1320 τῷ
2866 1251 3061 1322 Κυρίῳ
3082 1293 3098 1316 ,
3133 1257 3226 1306 καὶ
3254 1250 3607 1308 ἐπικαλεῖσθε
3651 1254 3716 1308 τὸ

500 1349 555 1405 2.
594 1348 930 1403 Annuntiate
993 1348 1134 1401 inter
1205 1355 1391 1418 gentes
1441 1361 1607 1417 opera
1667 1344 2011 1417 [magnalial

996 1348 1134 1401 inter
1205 1355 1391 1418 gentes
1441 1361 1607 1417 opera
1667 1344 2011 1417 [magnalial
2110 1338 2285 1410 ὄνομα
2322 1340 2526 1393 αὐτοῦ·

432 1456 573 1511 ejus.
2181 1433 2239 1487 2.
2287 1434 2684 1503 Ἀπαγγείλατε
2711 1435 2770 1488 ὲν
2801 1438 2919 1498 τοῖς
2944 1433 3123 1488 ἔθνεσι
3144 1435 3213 1489 τὰ
3235 1436 3374 1508 ἔργα
3406 1438 3596 1494 αὐτοῦ.

501 1532 553 1587 5.
582 1533 814 1587 Cantate
840 1532 912 1598 ei,
943 1541 996 1587 et
1033 1531 1248 1602 psallite
1269 1532 1316 1586 ei
1347 1531 1588 1603 [laudate
1612 1530 1763 1603 eum]
1795 1550 1839 1591 ε.

1718 1530 1763 1603 ι]
1795 1550 1839 1591 ε,
2186 1525 2240 1580 5.
2283 1526 2489 1597 ’ᾼσατε
2520 1527 2689 1597 αὐτῷ,
2718 1528 2812 1580 καὶ
2841 1527 3048 1596 ψάλατε
3079 1528 3248 1599 αὐτῷ.

500 1621 553 1675 4.
580 1620 809 1675 Narrate
832 1622 1017 1676 omnia
1046 1621 1320 1675 mirabilia
1347 1624 1489 1691 ejus.

2185 1618 2237 1671 4.
2272 1618 2618 1689 Διηγήσασθε
2648 1618 2829 1673 πάντα
2854 1619 2922 1673 τὰ
2954 1619 3235 1690 θαυμάσια
3265 1621 3430 1675 αὐτοῦ
3453 1640 3467 1654 ·

504 1713 553 1767 5.
593 1712 911 1768 Laudamini
939 1714 992 1767 in
1024 1723 1217 1768 sancto
1249 1713 1523 1787 [nomine]
1557 1714 1680 1785 ejus
1713 1734 1727 1769 ι

2046 1770 2089 1787 ἢ
2186 1710 2239 1763 5.
2283 1712 2625 1764 Ἐπαινεῖσθε
2659 1713 2717 1764 ἐν
2744 1711 2822 1782 τῷ
2855 1713 2993 1783 ἁγίῳ
3026 1706 3297 1785 [ὀνόματι]
3330 1714 3498 1767 αὐτοϋ
3519 1732 3535 1749 ο

500 1804 553 1858 6.
585 1803 819 1859 Lzetetur
852 1820 948 1859 cor
977 1807 1337 1875 quaerentium
1371 1807 1683 1861 Dominum.

2046 1770 2090 1827 Β
2188 1800 2242 1855 6.
2270 1802 2639 1873 Εὑφρανθήτω
2670 1770 2868 1875 καρδία
2900 1770 3208 1875 ξητοῖύντιυν
3233 1770 3322 1859 τον
3354 1806 3576 1878 Κύριον.

504 1896 555 1948 7.
584 1895 819 1963 Quaerite
849 1895 1165 1962 Dominum,
1196 1906 1249 1952 et
1279 1898 1726 1952 conﬁrmamini:

2192 1894 2244 1947 7.
2274 1896 2557 1965 Ζητήσατε
2584 1896 2675 1949 τὸν
2702 1896 2930 1969 Κύριον,
2961 1898 3056 1951 καὶ
3084 1899 3497 1970 κραταιώθητε·

500 1989 535 2044 8
585 1987 822 2055 Quaerite
854 1989 1046 2044 faciem
1069 1990 1188 2060 ejus
1218 2006 1451 2059 semper.

2188 1985 2241 2039 8.
2274 1988 2555 2058 Ζητήσατε
2583 1988 2645 2040 τὸ
2680 1990 2970 2061 πρόσωπον
2997 1990 3163 2043 αὑτοῦ
3193 1990 3508 2055 διαπαντός.

502 2080 554 2135 9.
584 2078 908 2135 Mementote
942 2080 1275 2137 mirabilium
1303 2081 1444 2151 ejus,
1472 2096 1598 2152 qum
1629 2077 1774 2148 fecit,

2181 2080 2235 2135 9.
2263 2080 2557 2152 Μνΰσθητε
2594 2082 2700 2136 τῶν
2752 2081 3073 2137 θαυμασίων
3106 2081 3271 2136 αὐτοῦ
3294 2122 3308 2147 ,
3347 2076 3422 2136 ὧν
3459 2083 3711 2153 ἐποίησε,

1554 2288 1931 2345 ATHANASII
1971 2287 2562 2345 INTERPRETATIO.

503 2483 590 2538 70.
626 2484 725 2552 Qui
753 2486 865 2541 urit
890 2482 1195 2541 contrarias
1220 2488 1538 2551 potestates,
1568 2488 1623 2534 et
1664 2478 1942 2537 deﬁciunt.

2186 2477 2273 2532 70.
2318 2476 2377 2530 '0
2411 2474 2624 2546 φλέγων
2657 2475 2758 2540 τὰς
2790 2474 3038 2539 ἐναντίας
3071 2475 3332 2546 δυνάμεις
3404 2476 3500 2530 καὶ
3534 2475 3715 2527 ἐκλεί-

2115 2587 2330 2623 πουσιν.

502 2662 590 2719 7|.
617 2664 673 2716 ln
706 2662 894 2717 futuro
919 2660 1141 2715 smculo.

2187 2662 2277 2716 71.
2306 2662 2397 2714 Ἐν
2434 2660 2512 2732 τῷ
2546 2660 2790 2733 μέλλοντι
2816 2660 2994 2715 αἰῶνι.

502 2754 589 2811 72.
624 2755 678 2808 In
702 2754 951 2825 praesenti
984 2762 1257 2821 tempore.

2184 2754 2271 2807 72.
2314 2754 2404 2806 Ἐν
2428 2752 2506 2825 τῷ
2548 2752 2642 2805 νῦν
2675 2752 2851 2807 αίῶνι.

503 2847 588 2903 75.
615 2846 853 2903 Placebit
876 2847 978 2918 ipsi
1003 2844 1245 2900 laudatio
1272 2856 1414 2899 mea.

2190 2846 2278 2899 75.
2313 2845 2527 2917 Ἀρέσει
2559 2843 2708 2916 αὑτῷ
2738 2846 2771 2914 ἡ
2801 2843 3099 2915 ὕμνολογία
3133 2862 3254 2917 μου.

509 2940 596 2994 74.
630 2940 914 2995 Gaudebo.

2197 2936 2284 2990 74.
2327 2938 2675 3008 Χαρήσομαι.

505 3028 591 3084 75.
626 3029 910 3084 Daemones
950 3043 981 3081 a
1015 3034 1157 3081 terra
1186 3032 1528 3091 sanctorum,
1576 3025 1735 3095 cujus
1770 3025 2019 3080 haeredes

2188 3026 2276 3080 75.
2300 3027 2361 3079 Ol
2388 3026 2639 3096 δαίμονες
2662 3027 2769 3081 ἀπὺ
2789 3027 2888 3100 τῆς
2910 3026 3015 3097 γῆς
3039 3026 3147 3080 τῶν
3169 3027 3340 3096 ἁγίων
3361 3023 3430 3099 ἧς
3457 3028 3718 3099 μέλλουσι

435 3120 536 3190 ipsi
561 3119 729 3174 futuri
752 3128 900 3175 sunt.

2117 3118 2496 3190 κληρονομεῖν.

506 3211 591 3266 76.
615 3210 955 3265 Adversariae
979 3216 1292 3280 potestates,
1323 3218 1377 3265 et
1396 3209 1488 3280 qui
1513 3209 1621 3265 illis
1661 3208 1945 3265 obediunt.

2189 3212 2276 3266 76.
2302 3214 2365 3264 Al
2396 3212 2635 3265 ἐναντίαι
2658 3212 2936 3285 δυνάμεις,
2964 3214 3061 3268 καὶ
3085 3214 3134 3266 οἱ
3160 3212 3475 3284 πειθόμενοι
3502 3213 3714 3277 αὐτοῖς.

505 3303 593 3358 77.
620 3302 899 3358 Gloriﬁca.

2195 3305 2285 3357 77.
2319 3301 2599 3373 Δοξολόγει
2632 3305 2731 3374 (1).

500 3483 577 3537 Ἦ
610 3482 943 3555 προκειμένη
973 3482 1253 3555 ἐπιγραφὴ
1298 3483 1541 3555 περιέχει
1583 3484 1660 3551 (2)
1682 3498 1695 3513 °
1746 3483 2125 3551 Ἀλληλούῖα,
2145 3481 2336 3553 αἶνος,
2354 3486 2493 3557 ὅπερ
2516 3484 2891 3556 ¹ἑρμηνεύεται
2914 3486 3133 3540 αἱνεῖτε
3162 3488 3269 3541 τὸν
3294 3488 3443 3542 ὄντα
3466 3489 3642 3548 Θεόν.

496 3574 719 3631 Titulus
738 3575 1061 3658 praepositus
1092 3576 1366 3632 continet:
1397 3575 1654 3641 Alleluia,
1678 3575 1830 3642 (laus,
1863 3576 2012 3645 quod
2042 3578 2431 3649 interpretatur
2456 3578 2674 3631 laudate
2705 3594 2845 3645 eum,
2876 3579 2965 3647 qui
2992 3578 3130 3632 Deus
3151 3589 3247 3634 est.

504 3736 559 3789 1.
593 3734 856 3790 Enarrate
879 3743 1101 3805 peccata
1127 3743 1307 3790 vestra
1338 3733 1590 3802 Domino,
1632 3746 1782 3793 orate
1817 3753 1964 3793 eum.

2189 3737 2240 3790 1.
2270 3737 2713 3810 Ἐξαγορεύονται
2760 3739 3237 3812 [Ἐξαγορεύεσθε]
3272 3740 3348 3813 (5)
3392 3740 3493 3805 τὰς
3527 3745 3718 3818 ἁμαρ-

502 3825 557 3881 2.
587 3825 881 3882 Praedicate
914 3828 1469 3897 gentibus'prae‘cepta
1504 3827 1646 3898 ejus.

2123 3828 2243 3892 τίας
2276 3831 2423 3900 ἡμᾶς
2450 3830 2528 3901 τῷ
2562 3831 2773 3903 Κυρίῳ,
2801 3832 3112 3885 ἱκετεύσατε
3135 3832 3314 3886 αὐτόν.

498 3917 550 3971 5.
589 3916 932 3973 Exsultantes
958 3918 1255 3988 gloriﬁcate
1270 3933 1417 3973 eum.

2192 3920 2247 3974 2.
2275 3921 2563 3992 Κηρύξατε
2584 3927 2696 3987 τοῖς
2714 3922 2788 3994 (4)
2814 3923 2991 3977 ἔθνεσι
3011 3923 3078 3978 τὰ
3101 3924 3500 3996 προστάγματα
3522 3928 3716 3983 αὐτοῦ.

430 4034 433 4035 ν
500 4004 557 4059 ι.
584 4008 856 4074 Quoniam
887 4014 1012 4063 'cum
1053 4004 1196 4063 Deus
1249 4018 1413 4073 esset,
1453 4021 1673 4079 propter
1703 4018 1804 4065 nos
1837 4007 1960 4065 facti

1788 4023 1804 4065 ς
1837 4007 2020 4066 factus
2190 4006 2244 4068 3.
2287 4015 2709 4087 ’Ᾱγαλλιώμενοι
2735 4018 2994 4084 δοξάσατε
3025 4018 3103 4088 (5)
3133 4020 3318 4073 αὐτόν.

434 4109 519 4154 est
567 4099 731 4155 homo
782 4116 1010 4155 manens
1053 4099 1215 4164 Deus,
1262 4109 1317 4156 et
1357 4116 1552 4170 passus
1599 4109 1704 4165 est,
1744 4109 1798 4156 et
1836 4117 1961 4156 resu

2193 4106 2246 4159 4.
2276 4107 2417 4172 Ὅτι,
2444 4110 2575 4172 Θεὸς
2604 4109 2700 4175 ὣν,
2722 4110 2913 4180 γέγονε
2942 4111 3006 4164 δι’
3034 4112 3184 4183 ἡμᾶς
3207 4112 3496 4182 ἄνθρωπος
3520 4114 3721 4184 μείνας

434 4191 595 4254 rexit,
624 4192 678 4245 et
711 4200 1028 4259 assumptus
1064 4198 1153 4245 εει
1200 4190 1345 4246 unde
1380 4202 1600 4261 propter
1643 4206 1745 4248 nos
1786 4192 1964 4251 descel

2190 4199 2253 4263 ὸς
2277 4238 2292 4262 ,
2327 4202 2421 4255 καὶ
2448 4201 2681 4254 πέπονθε
2706 4244 2720 4267 ,
2751 4203 2847 4254 καὶ
2876 4204 3074 4272 ἀνέστη
3098 4241 3112 4266 ,
3144 4203 3245 4255 καὶ
3277 4200 3557 4276 ἀνελήφθη
3590 4206 3720 4261 ὅθεν

435 4283 570 4339 dens
599 4298 705 4337 non
733 4282 910 4338 fuerat
933 4291 1239 4352 separatus.

2120 4289 2185 4342 δι’
2222 4292 2369 4362 ἡμᾶς
2404 4291 2678 4345 κατελθὼν
2710 4295 2812 4346 οὐκ
2850 4294 3142 4365 ἐχωρίσθη.

509 4376 563 4430 5.
586 4374 664 4429 Ex
693 4375 834 4430 bona
863 4383 1041 4429 vestra
1086 4375 1502 4431 conversatione
1549 4375 1901 4432 honorabiles
1944 4376 2021 4432 si-

2195 4380 2246 4433 5.
2303 4380 2399 4434 Ἐκ
2440 4382 2539 4451 τῆς
2580 4382 2753 4452 καλῆς
2794 4384 2948 4453 ὑμῶν
2988 4383 3323 4456 ἐπιστροφῆς
3360 4384 3583 4457 ’ἔντιμοι
3626 4390 3719 4457 γίι-

435 4470 529 4535 tis,
559 4477 613 4523 et
638 4467 750 4523 Deo
775 4477 831 4523 et
863 4467 1201 4523 hominibus.

2121 4470 2278 4524 νεσθε
2305 4471 2398 4541 (6),
2441 4473 2535 4526 κα)⁵
2573 4472 2691 4543 Θεῷ
2723 4474 2818 4527 καὶ
2849 4474 3174 4546 ἀνθρώποις.

507 4560 911 4631 6.1mplebitur
968 4558 1162 4631 Spiritu
1210 4575 1305 4615 cor
1346 4561 1686 4617 credentium
1736 4562 1795 4617 in
1837 4560 2022 4616 Domi-

2194 4562 2247 4616 6.
2276 4563 2653 4635 Πλησθήσεται
2677 4565 2985 4637 πνεύματος
3011 4567 3208 4638 καρδία
3236 4569 3607 4624 πιστευόντων
3633 4573 3718 4635 εἰς

438 4668 593 4707 num.

2122 4655 2214 4709 τὸν
2246 4656 2472 4727 Κύριον.

508 4746 561 4799 7.
597 4743 815 4799 Credite
844 4744 896 4797 in
924 4742 1117 4805 Deum,
1143 4753 1199 4797 et
1219 4744 1624 4800 confortamini.

2196 4746 2245 4799 7.
2278 4748 2612 4802 Πιστεύσατε
2661 4750 2739 4813 εἰς
2773 4751 2867 4804 τὸν
2911 4752 3043 4805 Θεὸν
3072 4754 3148 4824 (7)
3169 4794 3182 4817 ,
3218 4754 3314 4807 καὶ
3344 4754 3717 4827 δυναμοῦσθε.

507 4837 562 4891 8.
595 4835 869 4892 Postulate
898 4835 1128 4907 gratiam
1171 4835 1345 4905 ipsius
1371 4837 1770 4891 indesinenter.

2194 4838 2247 4892 8.
2276 4839 2581 4910 Αίτήσασθε
2613 4842 2713 4912 τὴν
2737 4843 2897 4914 χάριν
2928 4845 3092 4898 αὐτοῦ
3125 4846 3505 4911 ἀδιαλείπτως.

507 4924 651 4982 9.1n
690 4926 1008 4980 memoriam
1061 4934 1332 4993 revocate,
1377 4926 1847 4996 quemadmodum
1889 4942 2017 4997 per-

2195 4926 2246 4980 9.
2295 4927 2630 4998 ’Υπόμνησιν
2660 4929 2874 4997 λάϐετε,
2901 4932 2976 4996 ὼς
3009 4930 3221 5005 διῆλθεν
3243 4936 3588 5005 εὐεργετῶν,
3622 4939 3716 4993 καὶ

437 5015 693 5071 transivit
743 5013 1112 5080 benefaciens,
1157 5025 1210 5069 et
1258 5030 1461 5070 sanans
1511 5030 1726 5081 omnes,
1765 5016 1861 5069 oui
1912 5030 1967 5071 su

2184 5035 2355 5088 »μενος
2388 5020 2597 5073 πάντα·
2627 5022 2754 5084 τοὺς
2792 5023 3427 5097 καταδυναστευομένους
3473 5029 3584 5082 ὑπὸ
3606 5030 3714 5085 τοῦ

437 5115 707 5179 potestate
731 5116 888 5161 erant
911 5107 1135 5161 diaboli.

859 5116 888 5161 lt
911 5107 1135 5161 diaboli.
2052 5113 2096 5168 Ι)
2120 5109 2389 5164 διαϐόλου.

1392 5282 1706 5345 Addenda
1735 5291 1797 5346 et
1826 5286 2203 5366 corrigenda
2239 5306 2318 5349 ex
2366 5288 2509 5349 cod.
2537 5288 2740 5351 Vatic.

532 5472 585 5551 ἒ)
620 5472 916 5551 451591975?-
1131 5540 1187 5551 -.
1510 5542 1521 5551 .
2204 5478 2277 5551 (5)
2302 5478 2730 5551 amnem;
2753 5481 2938 5551 δόξαζε
2964 5521 2977 5545 .
3009 5492 3114 5538 etc.

528 5544 585 5626 ἓ)
723 5540 939 5626 διαίτης
969 5540 1631 5626 κινναδάρειοςηπεριέχει.
1744 5612 1757 5626 ’
2304 5540 2550 5626 [ενέσθε.

531 5612 583 5690 ξ)
614 5612 1082 5690 Ἑξαγορεύοντες,
1114 5612 1218 5669 etc.
1252 5612 1557 5682 agonem.
1581 5612 1871 5686 ἱκετεύει-ε,
1910 5626 2013 5673 etc.

997 5629 1082 5681 ες,
1114 5612 1218 5669 etc.
1252 5612 1557 5682 ὑμῶν,’θι(ἑ.
1581 5612 1871 5686 ίκετεύετε,
1910 5626 2013 5673 etc.
2305 5619 2527 5689 Κύριον.

508 5682 583 5750 (4)
620 5682 709 5735 Ἐν
731 5682 859 5745 τοῖς.
