3874 6222
170 346 319 407 1101

1108 347 1197 405 DE
1236 347 1513 408 TITULIS
1553 351 1996 415 PSALMORUM.
2039 358 2323 414 —PSAL.
2365 359 2501 416 CIV.

3322 362 3460 416 1102

257 464 345 521 10.
370 464 451 519 Τὰ
473 464 675 537 τέρατα
703 463 868 522 αὐτοῦ
890 505 907 531 ,
942 464 1036 519 καὶ
1073 466 1141 520 τὰ
1165 468 1410 538 κρίματα
1438 471 1533 525 τοῦ
1565 473 1756 543 στόμα-

1945 479 2031 532 10.
2060 477 2312 550 Prodigia
2351 483 2493 551 ejus,
2521 478 2798 549 etjudicia
2823 477 2938 534 oris
2960 477 3099 546 ejus.

179 575 277 624 τος
312 558 504 613 αὑτοῦ.

257 652 341 705 11.
375 652 606 723 Σπέρμα
645 651 896 723 ’Δὸραὰμ
924 652 1102 706 δοῦλοι
1133 652 1322 717 αὑτοῦ,
1436 650 1439 653 ’

255 744 344 800 12.
381 744 503 797 Υἱοὶ
547 743 740 798 Ἰακὼϐ
771 745 1019 797 ἐκλεκτοὶ
1050 744 1238 799 αὑτοῦ.

253 833 343 887 15.
379 833 551 896 Αὐτὸς
590 833 796 905 Κύριος
837 835 865 887 ὁ
897 832 1029 894 Θεὸς
1063 831 1255 902 ἡμῶν,

254 925 343 979 14.
394 927 482 978 Ἐν
512 926 659 997 πάσῃ
693 929 759 996 τῇ
791 928 862 996 γῇ
897 925 964 978 τὰ
992 927 1235 998 κρίματα
1268 924 1456 982 αὐτοῦ.

249 1018 340 1073 15.
385 1018 661 1089 Ἐμνήσθη
690 1021 770 1081 εἰς
800 1020 891 1071 τὸν
920 1020 1093 1073 αἰῶνα
1127 1018 1389 1092 διαθήκης
1415 1020 1601 1088 αὑτοῦ,

249 1110 338 1167 16ι
370 1111 569 1179 Λόγου,
597 1104 657 1163 οὗ
685 1110 989 1164 ἐνετείλατο
1017 1113 1097 1175 είς
1134 1110 1312 1181 χιλίας
1343 1114 1553 1181 γενεάς.

251 1203 340 1256 17.
377 1205 475 1255 Ὃν
505 1201 710 1255 διέθετο
744 1203 819 1273 τῷ
854 1203 1126 1275 Ἀϐραὰμ,

247 1294 337 1347 18.
376 1295 485 1347 Καὶ
511 1294 604 1347 τοῦ
637 1295 799 1365 ὅρκου
830 1295 997 1349 αὐτοῦ
1033 1296 1111 1368 τῷ
1150 1298 1356 1351 Ἰσαάκ.

249 1388 337 1443 19.
372 1387 483 1441 Kal.
514 1386 744 1455 ἔστησεν
779 1387 943 1441 αὐτὸν
971 1387 1047 1458 τῷ
1085 1388 1276 1441 Ἰακὼϐ
1305 1392 1385 1452 εἰς
1415 1388 1743 1461 πρόσταγμα

244 1479 337 1533 20.
372 1479 482 1532 Καὶ
505 1478 585 1549 τῷ
630 1479 847 1550 Ἰσραὴλ
877 1480 957 1542 είς
985 1477 1254 1551 διαθήκην
1282 1479 1519 1533 αἰώνιον.

243 1571 336 1625 21.
372 1572 561 1639 Λέγων
588 1588 601 1602 ο
635 1572 726 1624 Σοὶ
760 1570 916 1623 δώσω
944 1570 1042 1642 τὴν
1072 1573 1177 1642 γῆν
1208 1572 1428 1625 Χαναὰν
1465 1587 1481 1603 ·

244 1664 336 1717 22.
363 1663 660 1735 Σχοίνισμα
689 1662 1051 1735 κληρονομίας
1086 1663 1260 1732 ὑμῶν.

241 1758 335 1812 25.
384 1758 472 1810 Ἐν
500 1756 577 1827 τῷ
607 1753 745 1809 εἷναι
775 1757 971 1819 αὐτοὺς
1004 1754 1223 1826 ἀριθμῷ
1258 1755 1502 1826 βραχεῖς,

242 1849 333 1902 24.
383 1848 718 1917 Ὀλιγοστοὺς
744 1850 838 1900 καὶ
868 1847 1166 1918 παροίκους
1190 1849 1246 1899 ὲν
1276 1847 1436 1918 αὐτῇ.

240 1940 336 1994 25.
358 1940 466 1993 Καὶ
489 1939 702 2011 διῆλθεν
733 1939 794 2003 ἐξ
825 1938 1013 2002 ἔθνους
1046 1940 1126 2001 εἰς
1150 1938 1302 2002 ἔθνος
1323 1955 1337 1970 ·

243 2032 335 2087 26.
361 2032 472 2084 Καὶ
497 2033 563 2085 ὲκ
591 2030 868 2101 βασιλείας
903 2030 984 2092 εἰς
1008 2029 1134 2083 λαὸν
1171 2029 1382 2101 ἓτερον.

1943 660 2028 714 11.
2060 658 2254 714 Semen
2286 661 2561 716 Abraham
2596 662 2739 716 servi
2771 661 2911 731 ejus,

1943 750 2031 805 12.
2062 749 2183 804 Filii
2214 749 2384 805 Jacob
2413 752 2566 805 electi
2590 751 2731 820 ejus.

1941 841 2029 895 15.
2058 841 2179 911 Ipse
2210 844 2473 898 Dominus
2498 843 2641 897 Deus
2677 849 2883 906 noster,

1941 931 2027 986 14.
2061 933 2118 985 In
2153 932 2408 987 universa
2441 943 2584 988 terra
2608 932 2813 1002 judicia
2839 931 2979 1001 ejus.

1939 1022 2027 1076 15.
2064 1022 2270 1077 Memor
2304 1022 2484 1078 fuitin
2509 1025 2767 1079 smculum
2801 1024 3110 1077 testamenti
3138 1020 3246 1083 sui,

1939 1109 2028 1164 16.
2064 1108 2248 1178 Verbi,
2273 1114 2419 1182 quod
2450 1113 2733 1167 mandavit
2771 1114 2825 1167 in
2867 1112 3014 1167 mille
3040 1109 3443 1182 generationes.

1938 1203 2027 1257 17.
2053 1205 2211 1271 Quod
2238 1206 2511 1274 disposuit
2536 1206 2838 1269 Abraham,

1936 1295 2025 1351 18.
2055 1296 2120 1350 Et
2142 1297 2436 1366 juramenti
2466 1299 2547 1351 sui
2588 1295 2759 1352 Isaac.

1937 1387 2022 1441 19.
2053 1386 2119 1441 Et
2147 1388 2337 1441 statuit
2362 1388 2488 1441 illud
2511 1385 2681 1442 Iacob
2708 1387 2761 1439 in
2792 1393 3150 1456 praeceptum,

1934 1479 2026 1533 20.
2059 1480 2126 1534 Et
2148 1481 2313 1536 lsrael
2344 1481 2396 1534 in
2424 1488 2810 1535 testamentum
2846 1488 3135 1534 aeternum.

1934 1566 2024 1619 21.
2062 1565 2297 1622 Dicens:
2331 1566 2452 1622 Tibi
2476 1569 2619 1623 dabo
2654 1577 2857 1623 terram
2882 1568 3167 1631 Chanaan,

1934 1659 2024 1711 22.
2062 1658 2390 1715 Funiculum
2431 1660 2768 1715 hereditatis
2791 1669 2992 1714 vestrae

1934 1750 2022 1803 25.
2058 1748 2196 1804 Cum
2227 1762 2412 1806 essent
2438 1752 2543 1820 ipsi
2576 1767 2807 1805 numero
2839 1751 3062 1814 modici,

1790 1841 1834 1902 Β
1932 1840 2024 1893 24.
2058 1839 2382 1897 Paucissimi
2405 1852 2460 1897 et
2487 1843 2680 1897 incolae.
2712 1844 2854 1912 ejus.

1938 1932 2029 1986 25.
2065 1934 2130 1986 Et
2157 1934 2595 2003 pertransierunt
2623 1936 2690 1988 de
2720 1944 2877 2004 gente
2907 1937 3209 2007 ingentem
3240 1956 3256 1993 :

1939 2026 2024 2080 26.
2062 2024 2128 2081 Et
2156 2027 2222 2082 de
2246 2042 2413 2098 regno
2445 2027 2512 2081 ad
2538 2027 2799 2097 populum
2830 2028 3087 2084 alterum.

1296 2225 1671 2284 ATHANASII
1709 2227 2302 2286 lNTERPRETATlO.

248 2385 334 2444 10.
356 2385 422 2438 Al
454 2386 622 2453 ἰάσεις
656 2389 748 2442 καὶ
770 2389 825 2441 αἱ
849 2385 1188 2443 διδασκαλίαι
1217 2383 1312 2443 τοῦ
1335 2384 1497 2457 λόγου
1525 2388 1626 2458 τῆς
1655 2387 1755 2458 χά-

172 2495 322 2549 ριτος
354 2477 519 2531 αὐτοῦ
548 2480 650 2549 (1).

243 2570 329 2623 11.
359 2572 422 2624 Οἱ
450 2573 630 2625 πιστοὶ
662 2573 738 2634 ώς
766 2570 1041 2641 Ἀϐραάμ.

245 2663 330 2719 12.
363 2665 424 2715 Οί
461 2663 746 2717 ἀπόστολοι
779 2664 854 2727 ὡς
879 2660 1071 2715 Ἰακὼῦ
1092 2700 1107 2726 ,
1133 2660 1382 2714 τουτέστι
1426 2660 1657 2734 καθαροὶ
1689 2664 1756 2733 τῇ

167 2755 391 2827 καρδίᾳ.
622 2803 631 2811 .

245 2849 331 2902 15.
373 2848 430 2902 Ὀ
462 2847 520 2918 ἐξ
543 2848 717 2920 ἀρχῆς
747 2845 909 2910 αὐτὸς
935 2845 1029 2899 καὶ
1060 2844 1151 2898 ἐπὶ
1176 2845 1278 2915 γῆς
1303 2844 1489 2913 ὀφθείς
1517 2842 1613 2916 (2).

248 2941 332 2995 14.
370 2940 450 2995 Τὰ
482 2944 538 2994 ὲν
570 2943 680 3005 τοῖς
731 2938 1084 3007 Εὑαγγελίοις
1119 2938 1515 3007 προστάγματα
1568 2936 1755 2991 αὑτοῦ.

248 3034 331 3089 15.
361 3034 709 3105 Ἐπλήρωσεν
730 3034 789 3086 ὲν
809 3032 986 3105 καιρῷ
1016 3032 1227 3103 ἐσχάτῳ
1248 3030 1314 3083 τὰ
1336 3031 1462 3101 περὶ
1484 3030 1583 3101 τῆς
1608 3030 1761 3100 βασι-

168 3128 324 3191 λείας
350 3126 541 3179 αὐτοῦ.

241 3219 329 3274 16.
368 3219 505 3289 Περὶ
534 3217 626 3271 τοῦ
650 3217 856 3281 πάθους
885 3216 1069 3283 αὐτοῦ,
1098 3210 1159 3270 οὗ
1188 3217 1450 3288 προέλεγε
1478 3216 1600 3270 καθ’
1625 3217 1757 3271 ἐκά-

170 3330 307 3383 στην
332 3311 525 3380 γενεὰν
550 3310 640 3364 διὰ
666 3308 776 3362 τῶν
801 3307 1117 3381 προφητῶν.

245 3403 335 3457 17.
366 3403 488 3456 Ὀτι
521 3398 642 3466 εἶπε
669 3400 747 3470 τῷ
773 3399 1027 3471 Ἀϐραάμ
1046 3414 1059 3428 ⁸
1099 3400 1291 3452 Ἔσται
1321 3397 1382 3450 τὸ
1416 3399 1638 3469 σπέρμα
1668 3414 1762 3451 σου

172 3495 250 3560 ὡς
281 3496 352 3549 τὰ
389 3494 565 3565 ἄστρα
608 3491 700 3545 τοῦ
735 3490 967 3560 οὐρανοῦ
1000 3490 1078 3560 τῷ
1118 3489 1313 3558 πλήθει
1345 3489 1439 3541 καὶ
1479 3489 1556 3559 τῷ
1602 3488 1759 3557 φωτί.

249 3587 336 3641 18.
368 3587 478 3639 Καὶ
511 3585 612 3655 τὴν
647 3584 828 3638 πίστιν
864 3582 1011 3653 αὐτῷ
1043 3582 1119 3653 τῷ
1148 3580 1263 3652 λαῷ
1292 3582 1389 3652 τῆς
1422 3581 1644 3652 χάριτος
1684 3579 1761 3649 (5)

172 3677 420 3751 [χαρᾶς].
443 3678 644 3748 Ὅρκος
692 3675 801 3747 γὰρ
847 3675 1032 3738 πίστις
1071 3674 1240 3728 ἐστίν.
1268 3671 1474 3727 Ἰακὼϐ
1496 3672 1554 3726 δὲ
1584 3673 1761 3742 ἑρμη-

176 3771 394 3827 νεύεται
430 3768 623 3839 χάρις.

249 3860 330 3914 19.
370 3860 477 3911 Καὶ
508 3857 824 3928 ἐπλήρωσεν
858 3854 1027 3925 αὐτὴν
1056 3852 1352 3909 ἀσάλευτον
1394 3853 1492 3923 τὴν
1516 3852 1760 3919 ἐπαγγε-

165 3956 290 4008 λίαν
316 3950 418 4020 τῆς
446 3949 681 4012 πίστεως
708 3947 788 4017 τῷ
816 3945 931 4017 λαῷ
966 3943 1045 4015 τῷ
1071 3943 1142 3999 τὰ
1173 3942 1301 4015 τέλη
1338 3942 1446 3996 τῶν
1488 3941 1761 3994 Ἰουδαίων

166 4043 522 4111 κατασχόντι.

234 4134 328 4188 20.
360 4133 471 4186 Καὶ
508 4134 620 4194 τοῖς
672 4129 994 4193 ἀποστόλοις
1061 4129 1155 4182 καὶ
1211 4129 1323 4190 τοῖς
1378 4126 1555 4196 ἁγίοις
1623 4125 1757 4178 πᾶσι

160 4229 282 4290 τοῖς
302 4224 502 4296 ὁρῶσιν
526 4223 685 4276 αὐτὸν
711 4225 770 4275 ὲν
795 4220 1101 4291 ὁμοιώματι
1147 4218 1243 4272 ἀνθ
1254 4216 1470 4289 ρώπων,
1512 4217 1605 4269 καὶ
1626 4218 1757 4287 ὁμο-

160 4316 420 4386 λογοῦσιν
449 4314 630 4379 αὐτὸν,
662 4312 738 4375 ὡς
783 4311 915 4364 Θεὸν
943 4310 1019 4381 (4)
1074 4311 1194 4361 κατ’
1218 4306 1427 4369 οὐσίαν,
1479 4303 1667 4375 ὥσπερ
1722 4305 1756 4359 ό

176 4406 425 4476 Ἰσραὴλ
450 4404 605 4474 ὀρῶν
626 4404 733 4457 τὸν
761 4404 931 4457 Θεόν.

240 4499 332 4553 21.
361 4497 549 4565 Λέγων
580 4494 659 4565 τῷ
688 4493 835 4565 χορῷ
868 4492 977 4546 τῶν
1011 4490 1325 4543 ἀποστόλων
1352 4504 1365 4517 ο
1419 4488 1578 4558 Ὑμῖν
1600 4485 1757 4540 δώσω

166 4590 353 4643 πάντα
373 4587 464 4639 τὸν
486 4586 690 4656 κόσμον
717 4583 826 4637 τῶν
857 4580 1052 4636 ἐθνῶν.
1078 4582 1318 4634 Χαναὰν
1333 4577 1440 4648 γὰρ
1461 4574 1760 4647 ἑρμηνεύε-

1930 2387 2020 2443 10.
2059 2387 2405 2460 Sanationes,
2451 2401 2505 2445 et
2542 2389 2806 2447 doctrinae
2848 2393 2999 2448 verbi
3031 2397 3222 2466 gratiae
3268 2400 3445 2470 ipsius

1940 2564 2021 2620 11.
2052 2566 2264 2623 Fideles
2294 2568 2438 2623 sicut
2467 2568 2768 2624 Abraham.

1934 2660 2019 2714 12.
2056 2659 2307 2726 Apostoli
2357 2662 2497 2716 sicut
2534 2659 2725 2716 Jacob.
2762 2664 2865 2718 hoc
2909 2673 2993 2718 est
3029 2665 3218 2759 mundi
3247 2666 3450 2726 corde:

1934 2836 2023 2890 15.
2053 2836 2155 2902 Qui
2180 2852 2211 2891 a
2243 2838 2533 2909 principio,
2573 2838 2713 2894 idem
2752 2849 2806 2894 et
2829 2840 2882 2894 in
2912 2850 3057 2896 terra
3082 2842 3232 2897 visus
3254 2853 3355 2898 est.

1932 2925 2019 2979 14.
2055 2925 2329 2997 Praecepta
2351 2928 2492 2998 ejus,
2514 2943 2636 2997 quae
2660 2929 2712 2981 in
2737 2928 3045 3001 Evangeliis
3068 2935 3445 2987 continentur.

1932 3015 2018 3068 15.
2049 3016 2292 3085 Implevit
2313 3018 2366 3071 in
2399 3027 2642 3089 tempore
2672 3020 2975 3075 novissimo
3010 3036 3134 3090 qua:
3168 3021 3235 3076 de
3272 3036 3443 3093 regno

1862 3122 1963 3162 suo
1991 3110 2343 3179 promiserat.

1934 3197 2023 3252 16.
2052 3197 2129 3253 De
2159 3200 2412 3266 passione
2445 3214 2566 3267 sua,
2603 3216 2768 3271 quam
2814 3201 3068 3273 pra’dixit
3109 3203 3164 3258 in
3211 3207 3445 3277 singulis

1787 3317 1835 3379 ο
1865 3291 2306 3363 generationibus
2335 3307 2432 3362 per
2461 3293 2781 3362 prophetas.

1938 3382 2024 3438 17.
2055 3381 2324 3448 Quoniam
2370 3383 2509 3437 dixit
2545 3383 2821 3441 Abraham
2861 3400 2879 3444 :
2918 3384 3035 3441 Erit
3076 3403 3260 3444 semen
3289 3397 3445 3444 tuum

1864 3473 2005 3531 sicut
2034 3485 2183 3529 astra
2203 3476 2325 3530 coeli
2356 3478 2720 3539 multitudine,
2756 3486 2808 3532 et
2837 3478 2957 3534 luce
2987 3479 3054 3532 ⁸³.

1935 3564 2021 3619 18.
2053 3564 2121 3619 Et
2145 3566 2300 3619 iidem
2334 3566 2507 3620 eidem
2537 3568 2738 3636 populo
2769 3569 2955 3638 gratiae
2988 3565 3237 3643 [laetitia]
3274 3588 3289 3638 ;
3321 3586 3444 3625 nam

1857 3656 2233 3726 juramentum
2281 3657 2413 3713 lides
2458 3667 2559 3713 est.
2600 3657 2766 3711 Iacob
2814 3669 2994 3714 autem
3057 3661 3447 3734 interpretatur

1900 3749 2061 3802 ralia.

1900 3766 2061 3802 rana.

1863 3766 1895 3819 9
1934 3839 2020 3893 19.
2053 3838 2120 3891 Et
2148 3838 2391 3908 implevit
2420 3838 2595 3908 ipsam
2649 3839 3156 3896 incommutabilem
3206 3844 3444 3912 promis-

1862 3932 2070 3985 sionem
2099 3929 2224 3985 ﬁdei
2249 3930 2447 4000 populo
2471 3931 2743 3986 detinenti
2763 3933 3066 3988 novissima
3098 3932 3437 3991 Iudaeorum.

1931 4109 2021 4165 20.
2061 4108 2128 4165 Ει
2168 4109 2432 4178 apostolis
2480 4119 2535 4166 et
2584 4109 2792 4165 sanctis
2832 4110 3090 4166 omnibus
3131 4111 3443 4169 videntibus

1860 4217 1987 4259 eum
2026 4203 2083 4267 in
2136 4203 2550 4259 similitudinem
2602 4202 2886 4257 hominum
2939 4211 2994 4258 et
3048 4204 3438 4261 conﬁtentibus

1860 4312 1985 4351 eum
2014 4305 2073 4350 ut
2099 4296 2265 4351 Deum
2301 4296 2599 4352 secundum
2630 4295 2949 4361 essentiam,
2974 4296 3437 4367 quemadmodum

1862 4387 2034 4442 Israel
2057 4388 2234 4442 videns
2268 4387 2435 4441 Deum
2466 4387 2873 4457 interpretatur.

1930 4484 1989 4535 2t
2003 4524 2016 4535 .
2049 4481 2243 4537 Dicens
2260 4482 2428 4536 choro
2450 4481 2817 4551 apostolorum
2838 4498 2853 4536 :
2874 4478 3039 4535 Vobis
3057 4481 3198 4536 dabo
3218 4496 3436 4538 omnem

1862 4574 2123 4625 mundum
2148 4571 2413 4642 gentium.
2440 4569 2714 4624 Chanaam
2736 4571 2880 4626 enim
2919 4570 3307 4641 interpretatur
3340 4573 3437 4625 ad-

163 4698 262 4736 ται
278 4676 639 4746 προσκυνῶν
661 4676 776 4745 τὴν
795 4675 869 4746 (5)
897 4673 1172 4742 ἀνομίαν,
1191 4671 1326 4740 ὅπερ
1349 4664 1487 4739 ἦσαν
1516 4666 1580 4725 τὰ
1603 4666 1749 4739 ἔθνη.

1907 4680 2019 4716 rans
2044 4662 2399 4733 iniquitatem,
2430 4662 2623 4731 quales
2654 4670 2809 4716 erant
2837 4671 3046 4732 gentes.

240 4771 335 4827 22.
388 4769 717 4840 Ἀπέραντον
738 4766 941 4837 πλῆθος
977 4765 1078 4835 τῆς
1110 4758 1475 4833 κληρονομίας
1504 4758 1532 4819 ὑ
1543 4757 1680 4829 μῶν.

244 4862 336 4916 25.
367 4857 548 4915 Ἦσαν
576 4860 684 4932 γὰρ
711 4858 940 4912 δώδεκα.

240 4946 333 5001 24.
382 4946 617 5010 ’ἰδιώτας
641 4946 718 5018 τῷ
742 4946 905 5017 λόγῳ,
941 4944 1035 4998 καὶ
1064 4941 1310 5011 πτωχοὺς
1346 4939 1402 4992 ὲν
1431 4938 1508 5009 τῷ
1535 4938 1749 5009 κόσμῳ.

242 5039 334 5093 25.
366 5038 749 5109 Κηρύσσοντες
773 5038 870 5108 τὴν
900 5034 1173 5108 βασιλείαν
1196 5032 1287 5087 τοῦ
1320 5029 1458 5085 Θεοῦ
1494 5030 1595 5101 (6).

240 5130 333 5185 26.
364 5131 474 5183 Καὶ
503 5131 568 5183 ἐκ
584 5129 680 5182 τοῦ
707 5128 836 5182 λαοῦ
859 5129 969 5181 τῶν
1006 5125 1276 5180 Ἰουδαίων
1303 5122 1519 5193 διῆλθον
1546 5120 1754 5191 κηρύσ-

168 5238 361 5285 σοντες
392 5222 474 5285 είς
498 5221 569 5275 τὰ
597 5220 747 5292 ἔθνη.

244 5357 292 5389 ’³
330 5355 464 5411 Gen.
492 5373 584 5421 xv,
612 5357 645 5411 5
677 5373 691 5422 ;
732 5372 844 5421 xw,
879 5354 967 5407 10.

1929 4755 2021 4808 2:2.
2047 4753 2317 4808 lnlinitam
2344 4753 2744 4807 multitudinem
2778 4753 3115 4808 haereditatis
3141 4760 3340 4809 vestrae

1926 4847 2017 4900 25.
2056 4847 2223 4900 Erant
2248 4845 2393 4900 enim
2416 4844 2727 4900 duodecim.

1920 4939 2009 4992 24.
2041 4938 2304 4993 Sermone
2332 4938 2574 5008 imperiti
2604 4948 2657 4991 et
2685 4952 2953 5007 pauperes
2983 4938 3039 4992 in
3066 4936 3271 4991 mundo

1921 5032 2009 5086 25.
2043 5031 2410 5085 Praedicantes
2444 5044 2673 5100 regnum
2709 5028 2822 5083 Dei.

1921 5122 2010 5176 26.
2042 5121 2109 5175 Et
2158 5122 2226 5177 de
2264 5121 2470 5191 populo
2519 5119 2837 5175 Judmorum
2886 5128 3326 5191 pertransnerunt
3365 5118 3434 5174 ad

1854 5213 2258 5283 praedicandum
2288 5212 2339 5266 in
2367 5210 2620 5282 gentibus

1128 5444 1434 5509 Addenda
1472 5451 1534 5505 et
1569 5439 1943 5519 corrigenda
1974 5455 2052 5499 ex
2098 5436 2242 5497 cod.
2273 5433 2472 5496 Vatic.

265 5602 316 5673 1)
346 5603 580 5673 Χάριτός
610 5619 723 5656 σου.

264 5670 319 5754 ἓ)
353 5670 606 5754 Frisiis.
641 5670 947 5754 111269011-

246 5733 511 5807 133Aﬁzoﬁ
538 5733 616 5812 τῷ
648 5733 761 5813 λαῷ
789 5733 886 5813 τῆς
910 5733 1152 5813 χάριτος,
1171 5736 1490 5807 θιο.,Ἰσαὰκ
1521 5733 1601 5801 δέ,
1633 5740 1741 5790 etc.

1928 5587 2003 5725 (4)
2034 5587 2127 5650 Είς
2152 5585 2306 5649 Θεόν,
2340 5593 2445 5640 etc.

1949 5659 2003 5722 5)
2040 5657 2161 5725 Τήν
2189 5658 2358 5711 deest.

1930 5657 2003 5725 (5)
2040 5657 2161 5725 Τήν
2189 5658 2358 5711 deest.

1930 5728 2001 5801 (6)
2026 5727 2160 5781 Θεοῦ
2191 5728 2268 5789 εἰς
2290 5725 2466 5779 πάντα
2499 5723 2568 5779 τὰ
2595 5723 2747 5799 ἔθνη.
