3874 6222
162 230 303 285 1095
1084 238 1172 292 DE
1213 240 1490 298 TITULIS
1530 245 1705 301 PSAL

1879 255 1982 312 ΠΜ.
2028 290 2097 298 ——
2128 260 2318 316 PSAL.
2362 263 2498 317 CIII.
3290 273 3429 331 1094

224 362 317 416 21.
353 363 412 417 Ὀ
442 363 849 431 ὲξαποστέλλων
880 371 1063 441 πηγὰς
1086 374 1143 427 ἐν
1171 376 1464 449 φάραγξιν·

1920 372 2010 426 21.
2041 374 2142 440 Qui
2169 376 2371 431 emittis
2403 376 2581 431 fontes
2614 375 2667 429 in
2700 378 3039 435 convallibus
3074 399 3086 434 :

347 454 476 509 Ἀνὰ
509 458 671 527 μέσον
696 458 804 513 τῶν
829 462 1001 533 ὀρέων
1034 465 1396 523 διελεύσονται
1421 472 1607 528 ὕδατα.

1922 464 2011 519 22.
2040 465 2183 521 Inter
2225 469 2460 523 medium
2497 471 2760 524 montium
2798 473 3210 540 pertransibunt
3246 491 3424 547 aquae.

225 544 321 599 25.
347 548 601 603 Ποτιοῦσι
628 552 804 605 πάντα
832 555 900 608 τὰ
933 555 1096 627 θηρία
1118 560 1212 612 τοῦ
1237 562 1428 634 ἀγροῦ·

1920 556 2010 612 25.
2049 557 2317 614 Potabunt
2343 575 2535 615 omnes
2578 562 2764 617 bestia:
2795 564 2909 633 agri
2944 605 2956 617 .

226 636 319 690 24.
343 639 734 708 Προσδέξονται
759 644 977 717 ὅναγροι
1003 651 1082 711 είς
1100 649 1255 719 δίψαν
1287 654 1487 708 αὐτῶν.

1918 646 2007 701 24.
2038 645 2441 717 Exspectabunt
2470 653 2660 720 onagri
2689 653 2744 706 in
2777 654 2863 707 siti
2899 670 3021 710 sua.

223 727 317 780 25.
344 728 461 783 Ἐπ’
492 732 632 785 αὐτὰ
683 736 753 787 τὰ
806 738 1027 791 πετεινὰ
1058 739 1150 792 τοῦ
1199 742 1428 812 ούρανοῦ
1463 763 1710 821 κατασκη

203 817 217 834 .

1917 738 2007 794 25.
2042 736 2215 809 Super
2237 756 2299 794 ea
2330 742 2579 797 volucres
2610 744 2733 799 coeli
2765 745 3095 801 habitabant
3125 766 3137 801 :

153 834 319 871 νωσει
339 836 352 849 ⁹

218 911 313 965 26.
346 912 442 965 Ἐκ
475 914 644 983 μέσου
678 918 784 970 τῶν
817 921 1032 991 πετρῶν
1061 921 1292 977 δώσουσι
1322 928 1530 997 φωνήν.

1914 913 2004 969 26.
2041 914 2113 969 De
2135 916 2311 970 medio
2339 926 2619 983 petrarum
2641 919 2846 973 dabunt
2874 937 3056 976 voces.

221 999 316 1055 27.
354 1002 599 1065 Ποτίζων
627 1005 727 1077 ὅρη
756 1007 820 1059 ἐκ
840 1008 950 1063 τῶν
975 1012 1242 1082 ὑπερῴων
1272 1015 1458 1071 αὑτοῦ.

1912 1005 2003 1058 27.
2042 1006 2245 1075 Rigans
2272 1020 2486 1062 montes
2508 1010 2573 1063 de
2604 1011 2977 1078 superimibus
3000 1012 3134 1071 suis.

155 1182 167 1195 .
218 1091 311 1194 2S.
349 1094 481 1147 Ἀπὸ
516 1098 729 1169 καρποῦ
781 1100 891 1154 τῶν
936 1101 1113 1174 ἔργων
1160 1123 1255 1159 σου
1314 1111 1710 1180 χορτασθήσετα

1910 1096 1999 1152 28.
2032 1097 2107 1152 De
2140 1097 2320 1154 fructu
2358 1116 2585 1171 cperum
2639 1110 2858 1157 tuorum
2915 1105 3201 1161 satiabitur
3250 1113 3413 1161 terra.

150 1198 179 1251 τι
218 1198 315 1253 γη.

217 1273 309 1327 29.
345 1276 404 1328 '0
431 1274 798 1339 ἐξανατέλλων
826 1281 1017 1352 χόρτον
1044 1285 1155 1347 τοῖς
1180 1286 1420 1357 κτήνεσι,
1909 1278 1999 1332 29-
2033 1278 2349 1333 Ρΐοάιιοθηε
2380 1278 2563 1333 fenum
2586 1279 2872 1348 ,ῖηῐηθηῑῖεο

214 1364 307 1418 50.
335 1366 442 1419 Καὶ
471 1367 633 1438 χλόην
665 1372 730 1440 τῇ
767 1370 980 1444 δουλείᾳ
1002 1375 1110 1427 τῶν
1140 1377 1462 1448 ἀνθρώπων.

1908 1370 1996 1423 50.
2025 1369 2089 1421 Ει
2114 1369 2334 1421 herbam
2367 1369 2611 1422 servituti
2648 1369 2955 1425 hominum.

210 1456 303 1509 51.
338 1457 441 1509 Τοῦ
477 1458 764 1528 ἐξαγαγεῖν
787 1463 948 1527 ἄρτον
978 1466 1043 1519 ὲκ
1075 1468 1177 1537 τῆς
1204 1470 1330 1539 γῆς’

1908 1460 1996 1514 51.
2034 1459 2106 1514 Ut
2131 1460 2333 1515 educas
2356 1476 2549 1530 panem
2572 1461 2638 1515 de
2662 1470 2804 1515 terra
2836 1481 2849 1516 :

211 1549 303 1603 52.
337 1551 446 1603 Kal
473 1549 615 1616 οἶνος
643 1554 923 1625 εὐφραίνει
958 1560 1185 1631 καρδίαν
1216 1560 1523 1633 ἀνθρώπου.

1905 1555 1994 1608 52.
2029 1553 2094 1606 Ει
2127 1553 2313 1606 vinum
2348 1552 2584 1607 Iaelificet
2611 1569 2704 1606 cor
2734 1554 2996 1609 hominis.

217 1642 309 1696 55.
342 1642 448 1696 Τοῦ
486 1644 731 1716 ίλαρῦναι
762 1649 1053 1719 πρόσωπον
1085 1654 1141 1705 ὲν
1173 1653 1353 1723 ἐλαίην

1905 1646 1996 1699 55.
2023 1643 2095 1698 Ut
2120 1645 2386 1698 exhilaret
2421 1643 2615 1698 Faciem
2652 1646 2703 1698 in
2736 1646 2858 1700 oleo
2893 1665 2906 1698 :

212 1735 306 1791 5-1.
332 1738 439 1790 Kal.
461 1714 625 1809 ἄρτος
653 1714 881 1810 καρδίαν
915 1742 1202 1814 ἀνθρώπου
1233 1714 1497 1814 στηρίξει.

1905 1736 1994 1789 54.
2023 1735 2089 1788 Et
2114 1736 2269 1804 panis
2295 1751 2391 1789 cor
2418 1736 2656 1790 hominis
2680 1737 2984 1791 conﬁrmet.

212 1828 301 1882 55.
338 1831 812 1903 Χορτασθήσονται
840 1833 909 1887 τὰ
941 1834 1072 1899 ξύλα
1100 1837 1193 1889 τοῦ
1228 1837 1432 1902 πεδίου,

1904 1825 1992 1879 55.
2032 1824 2435 1879 Saturabuntur
2457 1825 2602 1894 ligna
2631 1827 2831 1894 campi.

212 1919 302 1974 56.
348 1924 413 1975 AI
441 1922 620 1994 κέδροι
642 1924 735 1977 τοῦ
764 1926 1020 1991 Λιϐάνου,
1051 1928 1118 1992 ἃς
1149 1928 1470 1998 ἐφύτευσας.

1903 1913 1991 1974 56.
2030 1918 2095 1973 Ει
2121 1918 2268 1972 cedri
2296 1916 2509 1980 Libani,
2535 1934 2672 1986 quas
2708 1919 2987 1986 plantavit.

212 2010 301 2068 57.
333 2015 481 2068 Ἐκεῖ
510 2018 766 2088 στρουθία
799 2020 1227 2075 ὲννοσσεύσουσι⁸

1906 2009 1997 2067 57.
2028 2010 2143 2065 Illic
2162 2025 2411 2080 passeres
2442 2009 2799 2064 nidiﬁcabunt
2828 2028 2842 2064 :

1260 2158 1641 2215 ATHANASII
1691 2146 2287 2213 INTERPRETATIO.

206 2318 297 2372 21.
342 2319 401 2373 '0
426 2317 829 2383 ἑξαποστέλλων
863 2316 987 2379 τοὺς
1022 2317 1352 2382 ἀποστόλους
1372 2320 1452 2382 εἰς
1480 2308 1550 2373 τά
1578 2318 1710 2391 ἔθνη.

1895 2311 1986 2366 2i.
2020 2307 2124 2375 Qui
2157 2304 2361 2363 emittis
2388 2302 2666 2374 apostolos
2686 2300 2740 2355 in
2768 2311 2975 2373 gentes.

203 2410 295 2465 22.
322 2411 452 2465 Ἀνὰ
490 2412 653 2482 μέσον
708 2409 817 2464 τῶν
864 2409 1035 2463 ὲθνῶν
1085 2410 1446 2465 διελεύσονται
1485 2414 1534 2465 οἱ
1565 2412 1701 2481 εύαγ

1891 2403 1983 2457 22.
2018 2401 2122 2455 Per
2143 2398 2380 2453 medium
2414 2396 2652 2467 gentium
2685 2395 3093 2464 pertransibunt
3132 2394 3409 2465 praedicat

138 2502 399 2569 γελισταί.

1883 2510 1972 2548 res
2002 2490 2304 2561 Evangelii.

202 2593 293 2647 25.
347 2594 450 2646 Τὸν
498 2592 656 2662 λόγον
717 2592 812 2646 τοῦ
863 2593 1253 2662 εὐαγγελιστοῦ
1304 2594 1381 2668 tl)
1433 2595 1709 2668 κηρύξουσ

1892 2585 1984 2639 25.
2034 2583 2357 2637 Sermonem
2403 2577 2679 2648 Evangelii
2723 2576 3098 2647 prtedicabunt
3136 2578 3396 2635 omnibus

129 2688 271 2740 πᾶσι
296 2689 406 2749 τοῖς
432 2686 608 2739 ἔθνεσι
634 2686 728 2740 τοῦ
756 2688 982 2757 κόσμου.

1879 2677 2074 2729 :ntibus
2097 2673 2306 2726 mundi.

197 2776 284 2831 24.
318 2778 707 2850 Προσδὲξονται
734 2779 801 2834 τὰ
830 2778 955 2849 ἔθνη
987 2780 1045 2832 τὸ
1067 2781 1327 2853 κήρυγμα
1356 2782 1437 2844 εἰς
1470 2781 1710 2853 ἀπάντη-

1891 2768 1980 2821 24,
2019 2764 2423 2832 Exspectabunt
2462 2769 2648 2833 gentes
2689 2761 3125 2832 praedicationem
3168 2762 3221 2815 in
3246 2760 3398 2818 refri-

128 2888 216 2923 σιν
241 2870 317 2941 (2)
350 2870 453 2923 τῶν
482 2870 689 2941 ψυχῶν.

1879 2858 2028 2911 :rium
2055 2856 2384 2909 animarum.

194 2961 286 3016 25.
326 2963 441 3016 Ἐπ’
477 2963 617 3017 αὐτὰ
644 2962 714 3016 τὰ
764 2963 890 3034 ἔθνη
916 2965 1232 3035 κατοικήσει
1284 2963 1353 3018 τὰ
1393 2964 1710 3035 χαρίσματα

1888 2951 1983 3009 25.
2017 2949 2193 3020 Super
2223 2946 2369 3016 ipsas
2402 2953 2588 3015 gentes
2614 2943 2940 2999 babitabunt
2964 2945 3084 3015 ejus
3108 2944 3270 3001 dona.

124 3054 318 3111 αὐτοῦ.
1416 3062 1431 3075 ¹

193 3147 284 3201 26.
313 3146 417 3201 Ἐκ
443 3147 607 3219 μέσου
634 3147 741 3201 τῶν
762 3146 998 3219 καρδιῶν
1050 3146 1228 3199 αὐτῶν
1277 3145 1589 3211 δοξάσουσιν
1619 3148 1739 3201 αὺ-’

123 3240 216 3293 τόν
243 3241 340 3311 (3).

194 3331 284 3387 27.
310 3330 549 3396 Ποτίξων
578 3331 645 3384 τὰ
669 3329 795 3400 ἔθνη
814 3329 887 3401 (4)
910 3331 973 3383 ἐκ
998 3330 1106 3384 τῶν
1125 3330 1478 3401 χαρισμάτων
1520 3329 1707 3383 αὐτοῦ.

192 3423 283 3478 28.
317 3424 452 3476 Ἀπὸ
505 3426 605 3494 τῆς
660 3422 883 3493 χάριτος
939 3422 1046 3476 τῶν
1121 3424 1559 3496 προσταγμάτων
1616 3440 1709 3476 σου

120 3515 596 3587 ἑμπλησθήσονται
630 3518 686 3569 αἱ
717 3516 887 3585 ψυχαὶ
917 3515 1024 3568 τῶν
1050 3515 1240 3568 ἐθνῶν.

187 3607 276 3662 29.
318 3608 379 3660 ‘U
412 3607 690 3678 μαραίνων
713 3607 803 3660 τὸν
826 3607 1054 3660 πλοῦτον
1084 3605 1190 3659 τῶν
1222 3606 1458 3660 ἀσεϐῶν.

189 3698 278 3753 50.
326 3700 436 3752 Kal.
500 3697 911 3769 [ἐξανατέλλων]
976 3697 1046 3750 τὰ
1093 3698 1488 3768 προστάγματα
1543 3695 1707 3750 αὐτοῦ

116 3792 240 3851 ταῖς
268 3789 486 3860 ψυχαῖς,
523 3791 749 3852 καὶτοῖς
786 3788 969 3859 μέλεσι
1000 3787 1107 3841 τῶν
1160 3788 1551 3857 ὲπεγνωκότων
1606 3788 1705 3858 τὴν

114 3880 402 3951 ἀλήθειαν.

187 3973 245 4026 51
263 4013 275 4026 .
301 3973 374 4024 Τὸ
395 3970 648 4043 σύστημα
676 3970 784 4023 τῶν
808 3969 1248 4023 πεπιστευκότων

183 4064 273 4117 52.
313 4065 372 4116 '0
404 4063 606 4134 Κύριος
634 4062 791 4135 ἡμῶν
827 4061 1054 4133 Ἰησοῦς.

178 4154 266 4209 55.
300 4153 405 4206 Τοῦ
441 4152 726 4225 πληρῶσαι
752 4153 853 4222 τῆς
890 4153 1112 4223 χάριτος
1147 4149 1310 4203 αὐτοῦ
1346 4150 1523 4203 πᾶσαν
1568 4166 1703 4220 καρ-

108 4244 227 4296 δίαν
253 4246 311 4296 ὲν
342 4243 420 4313 τῷ
446 4243 584 4295 ἐλέει
617 4242 802 4297 αὑτοῦ.

184 4333 273 4387 54.
319 4333 379 4386 '0
408 4332 729 4405 ἐπουράνιος
766 4331 930 4403 ἄρτος
959 4328 1035 4400 (6)
1074 4330 1103 4381 ὁ
1153 4327 1357 4399 Κύριος
1381 4327 1538 4398 ἡμῶν
1597 4328 1700 4399 Ἰη-

1884 3128 1975 3184 26.
2001 3128 2044 3182 E
2072 3127 2250 3183 medio
2274 3126 2524 3183 cordium
2557 3140 2784 3181 suorum
2827 3123 3210 3195 gloriﬁcabunt
3239 3138 3385 3178 eum.

1883 3303 1975 3359 27.
2007 3303 2213 3371 Rigans
2242 3311 2429 3371 gentes
2456 3302 2522 3356 de
2552 3301 2712 3355 donis
2738 3300 2874 3356 suis.

1880 3393 1969 3447 28.
2006 3394 2192 3449 Gratia
2220 3396 2602 3448 mandatorum
2637 3404 2853 3447 tuorum
2882 3392 3248 3462 implebantur
3266 3390 3389 3445 ani-

1810 3500 1913 3540 mae
1945 3488 2209 3556 gentium.

1878 3576 1968 3630 29.
2002 3575 2333 3630 Marcescere
2365 3576 2568 3631 faciens
2598 3575 2814 3629 divitias
2842 3575 3154 3644 impiorum.

1880 3663 1967 3718 50.
1993 3663 2057 3716 Ει
2099 3665 2299 3718 exoriri
2352 3664 2556 3718 faciens
2587 3674 2850 3732 prmcepta
2890 3679 2987 3716 sua
3030 3664 3249 3727 animis,
3301 3663 3386 3717 in-

1810 3755 2087 3824 ternisque
2111 3755 2362 3810 sensibus
2391 3756 2801 3825 agnoscentium
2831 3755 3136 3809 veritatem.

1877 3929 1968 3984 51.
2008 3930 2495 3999 Congregationem
2523 3928 2886 3983 credentium.

1876 4023 1966 4077 52.
2007 4022 2269 4078 Dominus
2299 4032 2492 4089 noster
2513 4020 2698 4077 Jesus.

1874 4113 1967 4169 55.
1993 4113 2064 4169 Ut
2092 4115 2313 4184 impleat
2337 4114 2507 4185 gratia
2539 4129 2638 4170 sua
2676 4128 2768 4168 cor
2796 4111 3043 4167 omnium
3072 4112 3128 4166 in
3163 4110 3378 4166 miseri-

1803 4203 1990 4257 cordia
2016 4204 2209 4273 ipsius.

1871 4294 1959 4348 54.
1993 4293 2406 4365 Supercoelestis
2427 4293 2586 4364 panis
2616 4292 2880 4348 Dominus
2912 4297 3098 4346 noster
3125 4289 3306 4346 J‘esus.

111 4425 264 4489 σοῦς.

180 4517 270 4572 55.
308 4516 381 4568 Τὸ
412 4515 612 4586 πλῆθος
643 4515 750 4568 τῶν
799 4513 970 4583 ἁγίων
1002 4512 1110 4567 τῶν
1142 4511 1217 4583 (7)
1257 4510 1466 4583 πλῆρες
1518 4509 1693 4580 ἔργων

1879 4511 1961 4565 55.
1997 4511 2288 4569 Multitudo
2342 4523 2656 4569 sanctorum
2713 4514 2869 4584 plena
2914 4512 3170 4583 operibus
3218 4512 3377 4567 bonis

107 4609 330 4678 ἀγαθῶν
362 4609 788 4680 χορτασθήσεται
807 4608 906 4678 τῆς
927 4605 1148 4677 χάριτος
1171 4602 1359 4657 αὑτοῦ.

1879 4603 2091 4659 Liabitur
2116 4608 2293 4677 gratia
2333 4607 2527 4675 ipsius.

172 4702 261 4757 56.
290 4704 353 4755 Οἱ
384 4702 536 4756 αὐτοὶ
562 4700 704 4770 ἆγιοι
730 4699 984 4768 ἄσηπτοι,
1014 4699 1105 4751 καὶ
1134 4697 1369 4769 καθαροὶ
1398 4698 1465 4768 τῇ
1493 4694 1693 4766 καρδίᾳ

1879 4695 1950 4748 56.
1980 4695 2088 4766 Ipsi
2128 4699 2303 4752 sancti
2351 4696 2817 4764 incorruptibiles,
2871 4704 2925 4750 et
2972 4696 3159 4749 mundi
3207 4694 3376 4750 corde

103 4796 152 4846 οἱ
175 4792 531 4861 φυτευθέντες
551 4794 608 4846 ὲν
651 4793 716 4862 τῇ
760 4789 940 4843 πίστει
966 4788 1114 4859 παρὰ
1167 4788 1261 4843 τοῦ
1316 4788 1542 4860 Κυρίου.
1589 4788 1693 4843 Λί-

1879 4788 2022 4841 .ntati
2052 4790 2103 4841 in
2132 4788 2238 4843 fide
2264 4804 2294 4843 a
2317 4788 2568 4842 Domino.
2599 4787 2833 4841 Libanus
2869 4788 3013 4841 enim
3047 4786 3371 4855 interpreta-

104 4887 286 4949 ϐανος
334 4882 443 4954 γὰρ
486 4879 832 4948 λευκασμὸς
874 4878 1254 4951 ἑρμηνεύεται,
1311 4880 1447 4950 ὅπερ
1482 4880 1628 4933 ἐστὶν
1662 4881 1691 4931 ό

1879 4894 1887 4908 -
1926 4879 2215 4947 dealbatio,
2246 4882 2394 4952 quod
2437 4880 2694 4936 convenit
2736 4878 2992 4944 Domino,
3030 4879 3124 4948 qui
3156 4876 3371 4932 dealbat

102 4976 308 5045 Κύριος
344 4979 373 5031 ὁ
396 4973 693 5028 λευκαίνων
716 4972 789 5042 (8)
827 4974 1053 5037 πάντας.

1887 4986 2006 5026 nes.

171 5067 261 5120 57.
289 5067 369 5120 Τὰ
398 5066 527 5137 ἔθνη
559 5068 617 5119 ἐν
644 5066 756 5127 τοῖς
777 5064 1113 5129 ἀποστόλοις.

1879 5065 1952 5119 57.
1996 5064 2197 5119 Gentes
2224 5065 2279 5118 in
2308 5063 2594 5135 apostolis.

1058 5222 1365 5286 Addenda
1421 5230 1481 5285 et
1513 5221 1890 5302 corrigenda
1922 5240 2001 5284 ex
2032 5222 2173 5283 cod.
2210 5221 2412 5285 Vatic.

192 5352 247 5421 1)
273 5352 604 5424 Εὐαγγελίου
637 5354 958 5424 ποιήσαντες
990 5355 1140 5419 πᾶσι,
1173 5364 1276 5410 etc.

1879 5351 1925 5417 Ii)
1955 5351 2128 5424 atus;
2150 5366 2255 5424 pro
2286 5350 2473 5419 ἄρτος.

232 5411 620 5485 ἱἈνάὲεᾶυσιν-
752 5411 761 5424 ’
939 5411 954 5416 ⁷
1129 5411 1138 5419 ’
1955 5422 2027 5473 Τὸ
2074 5411 2337 5490 πλῆρες,’
2370 5429 2500 5486 etc.,
2536 5417 3005 5490 χορτασθήσονται
3051 5414 3153 5484 τῆς
3200 5411 3361 5486 χάρι-

164 5494 246 5559 (5)
274 5495 379 5547 Τὸν
409 5493 562 5545 Θεὸν.
1772 5492 1863 5555 τός
1893 5508 2008 5545 σου.

189 5494 224 5547 5
274 5495 379 5547 Τὸν
409 5494 562 5545 Θεόν.
1772 5494 1863 5555 τός
1893 5508 2008 5545 σου,

188 5494 246 5636 έί
280 5566 439 5636 ἷορηο
601 5634 608 5636 _
752 5632 796 5636 ﬂ
850 5631 874 5636 μ
1851 5561 1926 5636 (8)
1956 5561 2286 5616 Λευκαίνων.

227 5636 246 5705 >
279 5631 719 5707 Πεῖηιστευᾉότων
747 5631 933 5686 ὶθνῶν.
