3874 6222
477 254 618 311 1095
1323 253 1380 307 S.
1423 251 1796 306 ATHANASII
1831 249 1982 304 OPP.
2027 247 2204 302 PARS
2246 246 2333 302 IIl.
2371 277 2440 285 —
2480 241 2897 298 EXEGETICA.
3635 234 3796 294 1096

544 371 633 423 58.
672 371 850 424 Erodii
881 370 1077 424 domus
1109 369 1218 424 dux
1252 377 1338 424 est
1365 385 1579 424 eorum.

2087 375 2132 428 Α
2233 363 2320 416 '58.
2360 361 2465 414 Τοῦ
2502 359 2728 432 ἐρωδιοῦ
2755 361 2787 430 ἡ
2817 356 3067 410 κατοικία
3101 357 3313 426 ἡγεῖται
3345 355 3551 410 αὐτῶν.

543 462 632 515 59.
667 461 874 515 Montes
897 461 1098 516 excelsi
1127 463 1302 516 cervis
1337 479 1351 515 :

2230 454 2319 508 59.
2361 455 2501 523 Ὄρη
2535 452 2602 504 τὰ
2632 449 2814 521 ὑψηλὰ
2835 452 2956 511 ταῖς
2993 448 3231 516 ἐλάφοις·

543 553 633 606 40.
661 552 820 606 Petra
847 553 1113 622 refugium
1145 554 1449 622 leporibus.

2230 544 2316 596 40.
2356 544 2542 613 Πέτρα
2571 540 2865 611 καταφυγὴ
2891 543 3006 602 τοῖς
3035 539 3289 606 λαγωοῖς.

543 644 633 697 41.
667 643 817 697 Fecit
845 645 1028 697 lunam
1068 645 1121 698 in
1161 655 1404 714 tempora
1440 663 1453 698 :

2231 637 2319 690 41.
2351 636 2610 704 Ἐποίησε
2648 633 2877 704 σελήνην
2914 634 2992 694 είς
3015 631 3257 699 καιρούς·

545 740 636 793 42.
671 738 763 794 Sol
785 739 1041 808 cognovit
1069 753 1324 792 occasum
1351 752 1534 792 suum.

2231 726 2324 779 42.
2373 726 2432 778 ὐ
2459 724 2610 795 ἥλιος
2647 723 2790 791 ἔγνω
2820 721 2920 792 τὴν
2969 721 3120 774 δύσιν
3147 721 3335 774 αὑτοῦ.

545 832 637 888 45.
665 831 902 886 Posuisti
935 831 1184 884 tenebras
1209 840 1262 884 et
1289 829 1430 884 facta
1457 838 1541 884 est
1563 845 1664 884 nox
1699 849 1712 882 :

2233 815 2321 870 45.
2360 813 2524 866 Ἔθου
2560 811 2771 874 σκότος,
2797 809 2893 863 καὶ
2930 810 3148 878 ἐγένετο
3172 809 3289 874 νύξ·

547 925 635 979 44.
673 925 726 978 In
753 925 868 994 ipsa
896 923 1307 994 pertransibunt
1330 937 1521 976 omnes
1552 922 1740 976 bestia:
1770 920 1945 976 silvae.

2257 908 2438 960 i4.‘Ev
2493 906 2629 976 αὐτῇ
2679 901 3046 957 διελεύσονται
3109 903 3288 956 πάντα
3343 903 3411 957 τὰ
3461 902 3632 974 θηρία
3686 903 3787 956 τοῦ

2159 999 2389 1071 δρυμοῦ.

550 1098 639 1152 45.
670 1097 848 1152 Catuli
879 1097 1100 1152 leonum
1127 1099 1406 1168 rugientes
1432 1106 1493 1152 ut
1528 1096 1762 1168 rapient,

2238 1091 2326 1145 45.
2351 1090 2588 1161 Σκύμνοι
2612 1089 2917 1161 ὠρυόμενοι
2944 1087 3038 1141 τοῦ
3067 1088 3336 1159 ἁρπάσαι,

551 1191 639 1246 46.
675 1191 737 1245 Et
763 1201 1010 1260 quaarant
1037 1208 1064 1245 a
1091 1190 1202 1245 Deo
1236 1207 1418 1245 escam
1452 1191 1580 1246 sibi.

2240 1182 2330 1235 46.
2356 1183 2467 1235 Καὶ
2498 1181 2733 1251 ζητῆσαι
2769 1179 2921 1250 παρὰ
2946 1178 3024 1249 τῷ
3049 1178 3166 1249 Θεῷ
3203 1178 3408 1249 βρῶσιν
3461 1178 3677 1241 αὐτοῖς.

551 1283 640 1336 47.
672 1282 836 1338 Ortus
859 1292 941 1338 est
967 1284 1068 1348 sol,
1096 1293 1150 1337 et
1185 1282 1497 1352 congregati
1531 1290 1657 1336 sunt
1685 1301 1697 1334 :

2235 1275 2323 1328 47.
2355 1272 2652 1326 Ἀνέτειλεν
2672 1274 2701 1325 ὁ
2737 1272 2909 1342 ἥλιος,
2940 1270 3034 1324 καὶ
3059 1269 3427 1341 συνήχθησανο

553 1375 642 1429 48.
679 1375 738 1426 Et
766 1375 818 1427 in
850 1375 1124 1428 cubilibus
1147 1375 1265 1429 suis
1293 1373 1732 1428 collocabuntur.

2237 1366 2324 1419 48.
2355 1366 2464 1419 Καὶ
2487 1368 2565 1429 είς
2587 1365 2687 1427 τὰς
2714 1364 2956 1435 μάνδρας
2979 1363 3160 1415 αὐτῶν
3191 1363 3670 1434 κοιτασθήσονται.

554 1467 642 1519 49.
682 1466 860 1520 Exibit
898 1467 1061 1520 homo
1089 1468 1154 1520 ad
1191 1482 1331 1535 opus
1369 1481 1554 1532 suum,

2236 1460 2320 1512 49.
2361 1458 2734 1524 Ἑξελεύσεται
2768 1456 3056 1526 ἄνθρωπος
3083 1457 3172 1508 ἐπὶ
3195 1456 3254 1508 τὸ
3284 1454 3443 1525 ἔργον
3476 1455 3671 1508 αὑτοῦ.

557 1557 645 1612 50.
680 1557 742 1611 Et
777 1558 840 1611 ad
867 1557 1239 1626 operationem
1271 1573 1425 1610 suam
1452 1571 1626 1625 usque
1656 1555 1721 1609 ad
1758 1571 2059 1624 vesperam.

2240 1550 2328 1603 50.
2365 1549 2473 1600 Καὶ
2507 1549 2600 1600 ἐπὶ
2625 1547 2722 1617 τὴν
2759 1547 3023 1614 ἐργασίαν
3054 1544 3218 1597 αὐτοῦ
3263 1545 3368 1608 ἕως
3400 1545 3673 1616 ἑσπέρας.

556 1651 643 1706 51.
677 1649 851 1716 Quam
897 1650 1244 1718 magniﬁcata
1281 1658 1408 1702 sunt
1455 1663 1620 1702 onera
1652 1656 1763 1706 tua,
1794 1647 2022 1701 Domine
2051 1666 2064 1700 :

1956 1663 2022 1701 ne
2051 1666 2064 1700 :
2239 1643 2327 1696 51.
2376 1643 2461 1704 Ὠς
2495 1639 2839 1710 ἐμεγαλύνθη
2872 1639 2940 1692 τὰ
2971 1638 3107 1711 ἔργα
3133 1655 3250 1703 σου,
3282 1637 3479 1709 Κύριε·

1611 1818 1990 1874 ATHANASH
2043 1816 2634 1872 INTERPRETATIO.

557 1982 647 2037 58.
681 1980 867 2034 Erodii
891 1982 1278 2049 interpretatur
1300 1979 1635 2049 imperantis.
1657 1976 1712 2030 ln
1737 1976 2075 2031 habitatione

2255 1973 2338 2027 58.
2371 1972 2652 2040 Ἐρωδιοῦ
2680 1972 2755 2042 (1)
2803 1970 3169 2043 ἑρμηνεύεται
3221 1969 3652 2040 κατάρχοντας.
3673 1970 3785 2023 Τοῦ

489 2075 656 2146 igitur
709 2074 925 2128 Domini
995 2073 1318 2143 imperantis
1369 2071 1566 2125 merito
1623 2069 1857 2139 apostoli
1903 2069 2019 2122 (ιω

2254 2065 2379 2133 δρίου
2409 2061 2502 2118 οὖν
2525 2067 2894 2136 κατάρχοντας
2914 2067 2980 2135 τῇ
3004 2064 3278 2134 κατοικία,
3305 2064 3534 2126 εἰκότως
3555 2065 3606 2115 οἱ
3638 2064 3784 2116 ἁπό-

491 2175 622 2220 sunt
645 2167 909 2236 gentium.

2177 2157 2350 2209 στολοι
2379 2157 2637 2227 ἡγοῦνται
2669 2157 2780 2209 τῶν
2813 2156 3006 2210 ἐθνῶν.

559 2258 650 2315 39.
688 2257 938 2312 Mandata
987 2256 1228 2312 coelestia
1284 2251 1741 2308 interﬁcientibus
1805 2258 2073 2304 venenata

2257 2245 2335 2299 59.
2366 2248 2430 2297 Ai
2458 2247 2669 2299 ἐντολαὶ
2711 2247 2768 2300 αἱ
2807 2246 3128 2317 ἐπουράνιαι
3151 2243 3229 2315 (2)
3249 2247 3360 2308 τοῖς
3395 2244 3687 2316 ἀναιροῦσι
3717 2245 3787 2297 τὰ

491 2351 773 2406 animalia.

2180 2337 2359 2390 ίοόόλα
2390 2337 2497 2390 τῶν
2528 2338 2753 2410 θηρίων.

561 2445 658 2499 40.·
678 2443 940 2498 Dominus
967 2440 1288 2503 humilibus,
1317 2446 1371 2492 et
1394 2437 1783 2501 mansuetis,et
1805 2433 2076 2504 promptis

2254 2430 2340 2486 40.
2376 2431 2434 2484 '0
2470 2431 2676 2502 Κύριος
2718 2431 2792 2502 (5)
2816 2433 2929 2494 τοῖς
2969 2434 3265 2496 ταπεινοῖς,
3301 2431 3397 2485 καὶ
3424 2431 3652 2502 πραέσι,
3689 2433 3784 2485 καὶ

492 2538 559 2592 ad
590 2534 1046 2608 proﬁciscendum
1075 2532 1342 2604 refugium
1375 2537 1479 2586 est.

2177 2523 2484 2598 προθύμοις
2515 2526 2608 2576 ἐπὶ
2636 2525 2735 2595 τὴν
2761 2524 2987 2595 πορείαν
3026 2525 3317 2596 καταφυγὴ
3352 2526 3611 2596 ὑπάρχει.

563 2629 652 2692 41,
684 2626 776 2681 42.
808 2626 1075 2680 Dominus
1107 2625 1328 2678 locutus
1360 2629 1443 2676 est
1463 2620 1531 2675 de
1560 2628 1737 2674 morte
1767 2633 1889 2674 sua.

2251 2616 2338 2680 41,
2358 2616 2446 2669 42.
2479 2618 2537 2668 '0
2556 2615 2753 2688 Κύριος
2774 2616 2926 2686 ἔλεγε
2948 2616 3022 2689 (4)
3047 2619 3173 2688 περὶ
3197 2617 3292 2671 τοῦ
3311 2617 3546 2672 θανάτου
3589 2619 3781 2673 αὑτοῦ.

561 2719 651 2774 4'5.
687 2717 927 2773 Posuisti
969 2716 1221 2770 tenebras
1248 2714 1301 2767 in
1342 2727 1614 2784 synagoga
1647 2719 1870 2781 propter
1900 2710 2078 2764 incre-

2258 2707 2334 2762 15.
2369 2707 2533 2760 ΙἘΟου
2592 2709 2782 2770 σκότος
2837 2710 2894 2762 ἐν
2924 2711 2988 2778 τῇ
3043 2714 3330 2782 συναγωγῇ
3363 2711 3451 2764 διὰ
3497 2713 3599 2783 τὴν
3655 2715 3788 2767 ἀπι-

494 2811 775 2866 dulitatem
799 2824 1029 2865 eorum:
1064 2807 1212 2862 nocti
1241 2805 1387 2860 enim
1425 2820 1524 2874 per
1563 2805 1885 2874 prophetam
1935 2817 2024 2856 ass

2259 2794 2333 2848 ἴαν
2367 2795 2589 2866 αύτῶνς
2650 2796 2806 2849 νυκτὶ
2865 2796 2976 2867 γὰρ
3026 2797 3319 2868 ὡμοίωσας
3363 2799 3441 2870 (5)
3492 2803 3666 2874 αὐτὴν
3699 2805 3789 2858 διὰ

493 2903 698 2959 milasti
723 2918 870 2958 eam.

2179 2887 2272 2940 τοῦ
2307 2890 2611 2960 προφήτου.

564 2994 654 3048 44.
682 2995 742 3048 1n
767 2991 1007 3048 tenebris
1029 2990 1231 3061 degunt
1259 2986 1433 3042 Judaei
1463 3001 1574 3041 non
1598 2985 1884 3041 credentes
1905 2985 2003 3039 illi.

2259 2977 2342 3032 44.
2399 2979 2488 3031 Ἐν
2533 2979 2715 3032 σκότει
2763 2979 3098 3035 διατελοῦσιν
3151 2984 3201 3035 οί
3242 2984 3598 3051 ἀπειθοῦντες
3629 2989 3789 3060 αὐτῷ

2182 3066 2447 3119 Ἰουδαῖοι.

565 3171 656 3237 45,
690 3169 776 3223 46.
803 3168 1004 3223 Gentes
1031 3167 1271 3222 clamant
1297 3166 1366 3220 ad
1397 3163 1592 3228 Deum,
1633 3171 1694 3218 ut
1722 3163 1937 3232 rapiant
1959 3161 2080 3231 ejus

2257 3158 2346 3222 45,
2401 3157 2488 3212 46.
2545 3157 2620 3229 (6)
2654 3158 2734 3212 Τὰ
2765 3159 2890 3232 ἔθνη
2950 3161 3116 3232 βοῶσι
3163 3165 3300 3230 πρὸς
3355 3167 3448 3219 τὸν
3499 3167 3636 3221 Θεὸν
3689 3172 3787 3224 τοῦ

495 3278 748 3335 regnum.
806 3260 1026 3316 Catulos
1082 3259 1219 3312 dixit
1263 3268 1478 3328 gentes,
1533 3256 1794 3326 quoniam
1841 3253 2022 3307 catulu

2261 3250 2430 3303 πάσαι
2461 3250 2559 3322 τὴν
2585 3250 2864 3320 βασιλείαν
2914 3254 3100 3309 αὑτοῦ.
3145 3259 3462 3326 Σκύμνους
3492 3261 3688 3333 εἴρηκε
3717 3266 3788 3317 τὰ

497 3355 720 3426 quando
747 3362 907 3406 natus
938 3360 1042 3416 est,
1082 3355 1226 3404 intra
1264 3359 1376 3404 tres
1397 3349 1516 3404 dies
1551 3348 1743 3402 oculos
1776 3347 1969 3416 aperit,
2007 3346 2022 3398 i

2257 3360 2350 3410 νη,
2382 3342 2569 3415 ἐπειδὴ
2603 3346 2631 3396 ὁ
2661 3345 2921 3416 σκύμνος,
2946 3348 3034 3400 ὅτε
3065 3349 3252 3421 τεχθῇ,
3283 3350 3371 3404 διὰ
3417 3354 3587 3424 τριῶν
3643 3359 3787 3428 ἡμε-

495 3448 663 3502 etiam
685 3453 871 3514 gentes
892 3457 985 3512 per
1006 3442 1241 3496 triduam
1266 3441 1840 3496 commemorationem
1869 3437 2021 3492 Domi

2259 3451 2296 3485 »ν
2316 3433 2632 3487 ἁναϐλέπει’
2654 3434 2825 3499 οὕτως
2843 3433 2933 3489 οῦν
2960 3439 3054 3491 καὶ
3079 3440 3148 3492 τὰ
3181 3439 3306 3510 ἔθνη
3331 3441 3418 3495 διὰ
3438 3445 3536 3515 τῆς
3559 3450 3789 3519 τριημέ.

500 3539 557 3594 in
587 3537 860 3606 baptismo
887 3536 1066 3590 visum
1111 3543 1454 3602 receperunt.
1479 3531 1616 3586 Nam
1649 3534 1702 3586 in
1739 3532 1915 3587 tribus
1954 3531 2030 3586 sui

2257 3544 2282 3578 υ
2310 3528 2632 3598 μεμνήσεως
2663 3527 2758 3580 τοῦ
2783 3527 2982 3599 Κυρίου
3017 3533 3074 3584 ἐν
3099 3531 3178 3602 τῷ
3205 3533 3543 3605 βαπτίσματι
3571 3541 3787 3594 ἀνέϐλε-

500 3627 866 3685 mersionibus
896 3624 1151 3696 baptismi
1200 3633 1312 3677 tres
1374 3633 1563 3678 noctes
1615 3626 1807 3678 mortis
1870 3621 2024 3676 Domi

2255 3636 2313 3672 ιν.
2340 3619 2430 3671 Ἐν
2453 3618 2562 3691 γὰρ
2592 3622 2714 3683 ταῖς
2750 3624 2896 3692 τρισὶ
2923 3624 3251 3678 καταδύσεσι
3279 3627 3374 3680 τοῦ
3409 3628 3785 3702 βαπτίσματος

502 3724 983 3789 repraesentantur,
1019 3714 1281 3784 quoniam
1329 3713 1385 3767 in
1420 3714 1800 3768 submersione
1843 3711 1980 3766 nihil
2012 3729 2032 3764 ι

2253 3727 2286 3772 ις
2338 3712 2488 3780 τρεῖς
2541 3712 2742 3776 νύκτας
2786 3712 2881 3766 τοῦ
2942 3714 3173 3769 θανάτου
3213 3717 3414 3789 Κυρίου
3469 3724 3783 3792 μιμοῦνται,

501 3813 632 3868 dere
664 3817 897 3881 possunt
945 3818 1204 3878 tanquam
1252 3806 1308 3860 in
1355 3816 1535 3868 nocte,
1577 3806 1632 3859 in
1678 3804 1855 3859 tribus
1902 3811 2030 3857 aute

2255 3802 2376 3873 τειδὴ
2408 3804 2465 3855 ἐν
2515 3807 2583 3876 τῇ
2633 3806 2925 3860 καταδύσει
2953 3808 3107 3861 οὐδὲν
3148 3810 3401 3866 δύνανται
3460 3815 3677 3884 βλέπειν
3730 3823 3785 3871 ἐν

501 3903 904 3961 emersionibus
926 3900 1182 3970 baptismi
1209 3908 1323 3954 tres
1357 3899 1472 3953 dies
1507 3895 1730 3950 Domini
1770 3895 2031 3964 exprimui

2259 3895 2360 3947 κτί·
2392 3898 2448 3948 ἐν
2477 3896 2534 3948 δὲ
2565 3901 2686 3961 ταῖς
2736 3899 2914 3969 τρισὶν
2962 3901 3254 3956 ἀναλύσεσι
3279 3905 3378 3957 τοῦ
3409 3906 3789 3979 βαπτίσματος

503 4008 614 4060 tur,
657 3995 916 4067 quoniam
962 3994 1110 4048 velut
1162 3993 1218 4045 in
1265 3991 1353 4046 die
1407 3999 1603 4045 cuncta
1649 3987 2003 4047 conspiciunt

2263 3988 2454 4056 ςτρεῖς
2481 3985 2698 4058 ἡμέρας
2747 3986 2843 4038 τοῦ
2877 3986 3078 4058 Κυρίου
3129 3990 3441 4061 μιμοῦνται,
3472 3995 3660 4067 ἐπειδὴ
3709 3998 3789 4060 ὡς

504 4089 857 4145 emersione:
892 4088 1006 4141 haec
1027 4085 1192 4140 catuli
1231 4093 1310 4139 est
1337 4083 1740 4153 interpretatio.

2274 4079 2339 4147 τῇ
2369 4076 2556 4149 ἡμέρᾳ
2579 4079 2757 4132 πάντα
2799 4081 3106 4152 καθορῶσιν
3151 4085 3211 4136 ἐν
3241 4087 3306 4156 τῇ
3341 4086 3613 4140 ἁναλύσει·
3645 4088 3785 4161 αῦτη

2189 4164 2280 4223 οὖν
2301 4170 2569 4240 ἑρμηνεία
2595 4171 2701 4225 τοῦ
2747 4174 3048 4242 σκύμνου.

575 4270 665 4324 47.
691 4265 1010 4323 Resurrexit
1032 4263 1318 4329 Dominus,
1348 4270 1402 4316 et
1432 4259 1802 4323 crediderunt,
1836 4264 1892 4312 et
1926 4268 2091 4309 vene-

2261 4262 2349 4315 47.
2380 4263 2605 4334 Ἀνέστη
2635 4267 2662 4317 ὁ
2690 4263 2908 4336 Κύριος,
2965 4268 3060 4320 καὶ
3110 4270 3462 4336 ἐπίστευσαν,
3505 4273 3600 4328 καὶ
3651 4271 3782 4348 ἦλθε

507 4370 633 4416 runt
661 4361 728 4415 ad
761 4375 886 4414 eum
919 4358 973 4411 in
1006 4356 1099 4411 Dei
1129 4355 1421 4409 Ecclesias.

2193 4353 2328 4424 πρὸς
2357 4354 2516 4408 αὐτὸν
2547 4357 2626 4418 είς
2646 4356 2744 4420 τὰς
2779 4358 2872 4411 τοῦ
2899 4359 3034 4413 Θεοῦ
3079 4362 3423 4434 Ἐκκλησίας.

576 4449 666 4505 48.
693 4449 758 4502 Ει
788 4450 841 4502 in
873 4447 1088 4502 aeternis
1120 4446 1476 4516 requietibus.
2261 4444 2348 4497 48.
2377 4443 2479 4497 Καὶ
2512 4447 2591 4509 εἰς
2619 4446 2716 4509 τὰς
2742 4449 2995 4513 αἰωνίους
3020 4451 3378 4516 ἀναπαύσεις.

577 4543 668 4597 49.
706 4541 948 4609 Quisque
981 4538 1217 4592 ﬁdelium
1263 4544 1509 4608 prompte
1552 4535 1791 4603 seipsum
1833 4531 2006 4586 tradet
2032 4531 2089 4585 in

2263 4535 2350 4590 49.
2387 4539 2502 4600 Πᾶς
2525 4537 2637 4592 τῶν
2666 4541 2872 4594 πιστῶν
2911 4542 3208 4614 προθύμως
3248 4546 3418 4617 ἐπιδῷ
3461 4549 3650 4603 ἐαυτὸν
3702 4557 3780 4618 εἰς

505 4633 694 4689 divina
717 4630 992 4685 mandata.

2123 4685 2165 4702 ἢ
2193 4629 2263 4683 τὰ
2288 4634 2690 4702 προστάγματα
2720 4632 2814 4687 τοῦ
2850 4634 3007 4691 Θεοῦ.

580 4724 670 4780 50.
702 4722 768 4776 Ει
801 4722 855 4776 in
886 4737 1048 4791 opera
1079 4719 1309 4790 justitiae
1342 4733 1515 4789 usque
1547 4717 1611 4771 ad
1641 4715 2082 4771 consummatio-

2267 4685 2354 4778 50'.
2384 4723 2490 4776 Καὶ
2625 4726 2692 4778 τὰ
2722 4727 2860 4798 ἔργα
2909 4727 3008 4797 τῆς
3030 4728 3377 4795 δικαιοσύνης
3405 4731 3509 4796 ἕως
3543 4735 3640 4806 τῆς
3663 4753 3783 4790 συνι

509 4832 656 4874 nem.

2195 4815 2407 4880 τελείας

581 4909 668 4964 51.
703 4907 876 4974 Quam
898 4904 1412 4975 superabundarunt
1439 4903 1580 4958 dona
1615 4910 1728 4955 tua.

2273 4907 2363 4960 51.
2405 4908 2493 4971 Ὠς
2519 4909 2994 4979 ὑπερεπλεόνασαν
3043 4914 3117 4984 (7)
3151 4915 3220 4969 τὰ
3257 4921 3573 4992 χαρίσματά
3603 4941 3712 4980 σου.

1465 5037 1772 5100 Addenda.
1807 5042 1867 5098 et
1899 5036 2275 5116 corrigenda
2321 5058 2399 5101 ex
2434 5047 2578 5102 cod.
2626 5044 2832 5106 Vatic.

576 5165 990 5244 (g)_'Epm§m_5,-
1019 5174 1148 5244 ete.,
1181 5164 1274 5217 τοῦ
1329 5162 1694 5234 κατάρχοντος
1727 5163 1760 5233 ἡ
1807 5162 2081 5226 κατοικία,
2187 5164 2418 5244 θανάτου
2472 5165 2564 5218 τοῦ
2604 5165 2833 5244 Κυρίου,
2888 5176 3018 5234 etc.,
3047 5163 3275 5226 δύναται
3313 5173 3553 5244 βλέπειν,
3594 5178 3668 5243 ὡς
3722 5184 3776 5234 ἐν

510 5234 786 5320 τουτέστιν
811 5239 858 5289 οἱ
887 5234 1192 5320 ἀπόστολοι,
1229 5245 1332 5290 etc.

2247 5234 2365 5320 orci:
2417 5243 2546 5297 etc.,
2571 5234 2925 5320 ’,ἀναδύσεσιν
2949 5239 3249 5320 195,_etc.,
3301 5234 3359 5298 ἐν
3393 5234 3575 5320 ἡμέρα
3609 5234 3777 5304 πᾶντχ

585 5310 661 5380 (9.)
696 5310 861 5380 Ἐπου
871 5307 1064 5380 ράνιοι.
1236 5375 1246 5380 Α
1319 5376 1329 5380 _

2244 5304 2530 5380 ιθαίρωσιν
2567 5306 2776 5380 (leg_._ut
2800 5309 2873 5380 _t‘_n
2901 5311 3020 5363 cod.
3055 5304 3244 5365 Barbf
3284 5304 3611 5380 καθόρὦσίν)
3638 5322 3693 5373 ἐν
3714 5326 3774 5380 τῆ

586 5374 759 5452 (5)19
791 5374 1042 5452 Χρὶστάςν
1073 5375 1503 5446 θιοονὺπάρχωνι
2192 5374 2472 5452 muscast,
2510 5374 2732 5452 _et_c.‘N.
2786 5377 2875 5452 46..
2930 5380 3011 5432 Τὰ
3067 5382 3224 5451 λόγια
3259 5386 3353 5439 τοῦ
3403 5374 3559 5442 Θεοῦ.
3588 5374 3650 5444 Ν.
3691 5375 3776 5445 4τὶ

589 5445 666 5535 (ι)
691 5445 1011 5535 ιιηροέλετεν-
1345 5445 1409 5446 λ
2449 5445 2734 5535 ἐ-Ξίύρειοίν
2766 5448 2876 5535 ,ιαι
2906 5445 3256 5535 ,ἐπέπεσσαγ
3283 5458 3365 5535 εις
3393 5460 3576 5535 am».
3600 5461 3659 5516 Ν.

688 5515 1119 5594 ..ρῳ-μοίὲᾳαςᾷ
1428 5586 1464 5594 _
1520 5585 1532 5594 I
1748 5584 1770 5594 _
2030 5592 2037 5594 _
2195 5517 2288 5594 lii;
2313 5515 2409 5594 τὰς
2443 5515 2536 5568 τοῦ
2582 5517 2736 5594 Θεοῦ
2766 5519 3120 5594 Ἑκκλησίας,
3152 5526 3245 5577 καὶ
3276 5515 3358 5590 εἰς
3406 5530 3505 5594 τὰς
3537 5515 3780 5594 αἰωνίους

608 5574 884 5658 6518.13.
937 5588 1016 5640 Τὰ
1060 5574 1217 5660 ἔθνη,
1261 5596 1366 5642 etc.
1428 5584 1958 5660 Egﬁgyouefp'qxsv,
1990 5592 2096 5660 etc:

2245 5574 2550 5660 ’ᾲ-παέῖῗεις·
2580 5585 2645 5660 N:
2673 5587 2759 5660 4,9-
2787 5591 2926 5655 Πᾶς,
2958 5574 3119 5648 inc."
3416 5574 3775 5608 "'-"""""‘

514 5654 734 5730 Ἐπειδὴ
769 5661 897 5730 γάρ,
931 5670 1058 5722 etc.,
1091 5654 1372 5730 μιμήσεως
1417 5658 1510 5711 τοῦ
1545 5654 1783 5727 Κυρίου,
1826 5654 1970 5720 ὀιοη
2003 5656 2098 5708 τοῦ
2266 5655 2343 5726 (7)
2384 5654 2989 5727 ’Υπερεπλεόνασεν,τ.
3025 5683 3080 5730 χ.
3111 5681 3162 5718 σ.
3199 5668 3394 5727 Κυριε.
