3874 6222
219 330 355 388 1097
1125 330 1216 386 DE
1256 318 2025 402 TlTULlS7PSALMORUM.
2067 366 2136 376 -
2170 334 2370 390 PSAL.
2413 326 2543 390 cut.
3319 336 3459 395 1098

283 446 375 502 53.
401 444 588 499 Πάντα
615 442 674 496 ὲν
703 444 866 516 σοφίᾳ
888 445 1167 515 ἐποίησας·

1821 454 1868 507 Α
1962 449 2051 504 52.
2080 446 2273 503 Omnia
2308 449 2363 503 in
2394 448 2659 519 sapientia
2687 445 2863 501 fecisti
2895 464 2909 502 :

285 538 376 593 55.
412 534 734 607 Ἐπληρώθη
763 537 797 607 ὴ
822 537 892 608 γῆ
921 538 1017 607 τῆς
1042 536 1269 600 κτίσεώς
1300 555 1413 591 σου.

1964 539 2052 595 55.
2078 537 2297 608 lmpleta
2322 549 2405 593 est
2432 548 2576 591 terra
2614 537 2961 606 possessione
2995 546 3109 590 tua.

287 629 377 686 δι.
411 627 561 699 Αὔτη
590 631 623 699 ή
652 627 896 681 θάλασσα
922 631 955 699 ἡ
988 628 1197 700 μεγάλη
1223 630 1317 683 καὶ
1349 628 1679 701 εὐρύχωρος

1964 632 2050 685 54.
2083 630 2197 687 Hoc
2231 647 2381 686 mare
2420 647 2701 702 magnum,
2732 638 2786 685 et
2816 629 3116 700 spatiosum
3162 630 3458 686 manibus:

286 721 373 777 55.
399 723 548 774 Ἐκεῖ
579 720 783 791 ἑρπετά
806 714 881 774 ὧν
909 721 1010 774 οὐκ
1033 720 1180 774 ἔστιν
1208 721 1462 793 ἀριθμὸς,

1964 724 2052 779 55.
2088 725 2202 779 lllic
2237 724 2471 794 reptilia,
2502 738 2735 793 quorum
2770 739 2877 777 non
2906 731 2992 778 est
3020 737 3302 789 numerus,

287 813 375 868 56.
411 812 533 867 Ζῶα
564 810 733 883 μικρά
761 811 900 881 μετὰ
930 811 1204 882 μεγάλων.

1962 817 2053 871 56.
2083 816 2356 870 Animalia
2381 816 2578 886 pusilla
2601 831 2726 870 cum
2760 812 2997 886 magnis.

286 904 376 959 57.
416 904 559 956 Ἐκεῖ
596 903 755 956 πλοῖα
778 901 1227 973 διαπορεύονταιο

1963 908 2052 963 57.
2075 907 2189 963 Illic
2212 923 2377 963 naves
2410 914 2830 978 pertranseunt:

285 996 375 1051 58.
411 996 637 1066 Δράκων
683 989 869 1058 οὗτος,
922 993 981 1046 ὃν
1007 992 1249 1057 ἔπλασας
1288 993 1577 1063 ἐμπαίζειν
1618 994 1788 1065 αὐτῷ.

1963 1000 2051 1054 58.
2083 998 2259 1054 Draco
2281 999 2404 1066 iste,
2432 1013 2594 1069 quem
2641 995 2891 1053 formasti
2918 996 2985 1052 ad
3022 994 3356 1050 illudendum
3386 994 3458 1049 ei.-

287 1087 378 1142 59.
409 1088 594 1139 Πάντα
623 1087 759 1157 πρὸς
787 1085 846 1138 σὲ
879 1084 1222 1157 προσδοκῶσι
1251 1084 1433 1139 δοῦναι
1458 1087 1558 1159 τὴν
1584 1089 1790 1160 τροφὴν

1963 1093 2051 1147 59.
2082 1090 2279 1147 Omnia
2305 1107 2335 1145 a
2371 1101 2423 1147 te
2454 1098 2773 1162 exspectant
2797 1099 2860 1145 ut
2886 1090 2982 1145 des
3008 1104 3192 1145 escam
3216 1090 3458 1159 ipsorum

210 1180 394 1235 αὐτῶν
428 1178 654 1251 [αὐτοῖς]
678 1180 759 1242 είς
780 1176 1032 1249 εΰκαιρον
1048 1195 1062 1209 ο

943 1194 1032 1249 ρον
1048 1195 1062 1209 ’
1894 1182 2071 1255 [ipsis]
2099 1183 2155 1237 in
2186 1192 2430 1252 tempore
2455 1201 2467 1237 z

288 1274 377 1327 60.
410 1273 601 1335 Δόντος
635 1289 725 1324 σου
764 1272 966 1334 αὐτοῖς,
1004 1268 1369 1335 συλλέξουσιν.

1280 1287 1369 1325 τιν.
1963 1274 2054 1329 60.
2081 1273 2254 1329 Dante
2292 1284 2343 1329 te
2372 1273 2500 1339 illis,
2534 1271 2810 1343 colligeut.

286 1363 374 1417 6-1.
431 1356 765 1427 Ἀνοίξαντός
808 1378 901 1413 σου
936 1358 1015 1431 [δέ
1048 1356 1166 1430 σου]
1198 1358 1297 1430 τὴν
1324 1360 1481 1432 χεῖρα
1502 1401 1518 1426 ,
1551 1359 1620 1413 τὰ
1654 1358 1793 1432 σύμπ-

1962 1367 2051 1422 61.
2080 1367 2365 1437 Aperiente
2409 1363 2637 1438 [autem]
2674 1373 2728 1420 te
2765 1378 3012 1427 manum,
3056 1350 3240 1417 omnia
3269 1357 3461 1431 impr

208 1472 393 1509 πάντα
425 1454 826 1526 πλησθήσονται
855 1451 1249 1523 χρηστότητοςο

863 1451 1219 1522 χρηστότητος
1236 1468 1249 1480 ⁸
1890 1458 2093 1517 buntur
2123 1459 2393 1514 bonitate.

284 1547 375 1601 69..
412 1546 877 1618 Ἀποστρέψαντος
896 1545 953 1598 δέ
985 1560 1078 1596 σου
1106 1542 1165 1595 τὸ
1186 1541 1496 1613 πρόσωπον,
1522 1542 1793 1616 ταραγθῇ-

1790 1573 1793 1584 ι
1962 1550 2051 1604 62.
2079 1550 2368 1604 Avertente
2399 1557 2582 1604 autem
2609 1556 2663 1603 te
2687 1545 2907 1613 faciem,
2934 1546 3320 1603 turbabuntur.

211 1657 422 1692 σονται.

286 1731 373 1784 65.
417 1726 749 1790 Ἀντανελεῖς
773 1725 835 1779 τὺ
861 1724 1079 1796 πνεῦμα
1101 1724 1301 1788 αὐτῶν,
1331 1721 1426 1775 καὶ
1453 1718 1786 1789 ὲκλείψουσι·

1707 1735 1786 1772 σι·
1961 1704 2051 1758 65.
2083 1702 2310 1759 Auferes
2343 1701 2595 1773 spiritum
2625 1717 2838 1767 eorum,
2864 1711 2917 1756 et
2941 1700 3194 1756 deﬁcient
3223 1742 3237 1755 .

287 1820 375 1875 64.
404 1821 514 1874 Kal.
540 1822 619 1883 είς
654 1817 744 1871 τὸν
776 1817 905 1887 χοῦν
930 1793 1110 1869 αὐτῶν
1139 1810 1575 1884 ἐπιστρέφουσιν.

1819 1804 1862 1858 Β
1959 1794 2048 1852 64.
2078 1793 2145 1848 Ει
2178 1793 2230 1847 in
2271 1794 2546 1863 pulverem
2582 1810 2744 1849 suum
2776 1802 3144 1848 revertentur.

289 1914 377 1968 65.
422 1885 831 1978 Ἐξαποστελεῗς
854 1909 914 1963 τὸ
939 1908 1079 1964 Πνεῦ
1088 1907 1165 1979 μά
1193 1923 1286 1959 σου
1307 1944 1323 1971 ,
1354 1904 1447 1958 καὶ
1469 1900 1789 1973 κτισθήσον-

1713 1918 1789 1955 w-
1966 1887 2055 1942 65.
2086 1886 2311 1941 Emittes
2333 1885 2595 1955 Spiritum
2630 1895 2805 1952 tuum,
2835 1894 2890 1940 ct
2918 1886 3243 1941 creabuntur

210 2018 309 2060 ται
331 2023 343 2035 ⁸

289 2098 379 2151 66.
405 2095 517 2149 Kal.
549 2095 883 2155 ἀνακαινιεῖς
909 2091 971 2145 τὸ
996 2090 1285 2163 πρόσωπον
1318 2080 1417 2158 τῆς
1448 2086 1573 2157 γῆς.

1360 2080 1417 2158 ἧς
1448 2086 1573 2157 γῆς.
1966 2088 2055 2145 66.
2085 2087 2151 2142 Et
2177 2088 2465 2143 renovabis
2496 2076 2690 2142 faciem
2713 2094 2890 2141 terrae.

285 2189 373 2243 67.
413 2189 567 2241 Ἤτω
600 2188 633 2259 ή
664 2184 789 2249 δόξα
818 2182 1021 2256 Κυρίου
1056 2176 1134 2246 εἰς
1164 2178 1289 2245 τοὺς
1316 2179 1549 2241 αἰῶνας

1438 2194 1549 2241 ρας·
1966 2180 2057 2235 67.
2091 2180 2172 2234 Sit
2197 2179 2365 2250 gloria
2401 2178 2613 2234 Domini
2638 2176 2692 2231 in
2720 2175 2922 2232 saecula
2954 2192 2968 2230 :

287 2283 375 2337 68.
402 2280 850 2353 Εὑφρανθήσεται
894 2277 1094 2348 Κύριος
1130 2274 1222 2328 ἐπὶ
1248 2274 1360 2335 τοῖς
1396 2269 1577 2341 ἔργοις
1604 2264 1788 2319 αὐτοῦ.

1665 2264 1788 2319 ιτοῦ.
1965 2268 2056 2322 68.
2084 2267 2371 2323 Laatabitur
2393 2268 2657 2323 Dominus
2683 2268 2739 2322 in
2769 2266 3025 2337 operibus
3058 2264 3195 2321 suis.

289 2376 377 2431 69.
418 2375 477 2429 '0
508 2372 815 2427 ἐπιϐλέπων
846 2371 939 2423 ἐπὶ
967 2369 1063 2440 τὴν
1097 2367 1199 2438 γῆν
1225 2406 1241 2434 ,
1285 2362 1381 2418 καὶ
1415 2360 1581 2416 ποιῶν
1623 2357 1792 2429 αὐτὴν

1967 2359 2059 2416 69.
2091 2359 2195 2428 Qui
2218 2360 2437 2430 respicit
2462 2368 2685 2426 terram,
2713 2368 2768 2414 et
2796 2356 2926 2416 facit
2948 2373 3071 2415 eam
3101 2364 3355 2417 tremere.

208 2468 462 2541 τρέμειν.

1339 2651 1710 2712 ATHANASII
1748 2635 2334 2707 lNTERPRETATlO.

287 2869 378 2925 ετ.
402 2868 590 2923 Πάντα
613 2868 682 2921 τὰ
704 2863 1015 2937 χαρίσματα
1045 2880 1137 2916 σου
1160 2862 1216 2916 ὲν
1238 2864 1303 2934 τῇ
1327 2859 1693 2929 πολυποικίλῳ
1710 2875 1803 2912 σου

1974 2862 2064 2916 52.
2091 2860 2287 2916 Omnia
2317 2858 2461 2915 dona
2506 2867 2619 2927 tua,
2652 2873 2711 2913 in
2746 2846 3045 2914 multifaria
3078 2858 3172 2916 tua
3200 2860 3463 2933 sapienti:

208 2960 380 3031 σοφία
408 2959 739 3029 κατήρτισας
768 2957 866 3026 (l).

664 2973 739 3020 ra;
768 2957 866 3026 (l).
1898 2952 2194 3022 perfecisti.

288 3050 377 3107 55.
416 3050 475 3102 'O
500 3049 704 3119 κόσμος
744 3046 821 3119 (2)
848 3046 954 3100 τῶν
993 3043 1161 3114 ἁγίων
1188 3058 1304 3096 σου.

1188 3058 1304 3096 σου.
1967 3046 2054 3103 55.
2082 3045 2315 3101 Mundus
2337 3045 2541 3100 sanctis
2577 3044 2703 3099 tuis.

286 3143 375 3197 54.
420 3143 484 3194 Ἦ
509 3140 824 3212 οἰκουμένη.

1965 3136 2054 3191 54.
2081 3133 2242 3191 Orbis
2269 3145 2560 3190 terrarum.

286 3235 375 3290 55.
405 3236 467 3287 Ol
499 3234 772 3303 δαίμονες.

1824 3241 1869 3303 C
1970 3226 2060 3281 55.
2088 3224 2392 3280 Daamones.

284 3327 371 3381 56.
404 3328 467 3380 Οί
488 3325 583 3379 ἄνθ
595 3341 784 3397 ρωποι.
1554 3396 1559 3397 7

1554 3396 1559 3397 7
1968 3316 2057 3372 56.
2093 3316 2370 3371 Homines.

286 3423 373 3477 57.
406 3424 467 3476 Οἱ
500 3393 641 3490 ἅγιοι
688 3420 902 3490 ἔχοντες
958 3417 1015 3470 ὲν
1059 3409 1241 3478 αὐτοῖς
1295 3402 1369 3483 ('5)
1398 3410 1467 3465 τὰ
1502 3396 1658 3479 λόγια
1692 3404 1789 3461 τοῦ

1966 3409 2059 3464 57.
2091 3407 2277 3463 Sancti
2315 3406 2575 3461 habentes
2626 3405 2679 3460 in
2736 3404 2931 3476 seipsis
2979 3393 3195 3477 eloquia
3238 3407 3359 3476 Oet,
3412 3410 3467 3466 et

206 3513 371 3578 Θεοῦ,
393 3512 490 3566 καὶ
509 3513 601 3565 διὰ
618 3510 725 3565 τῶν
743 3510 817 3582 (4)
840 3508 1131 3579 τρέφοντες
1158 3510 1221 3559 τὸ
1256 3505 1411 3576 γένος
1448 3502 1557 3557 τῶν
1582 3498 1736 3572 ἀνθρι

1341 3522 1411 3568 ρος
1448 3502 1557 3557 τῶν
1582 3498 1792 3572 ἀνθρώ-
1892 3501 2101 3558 eisdem
2123 3502 2329 3557 alentes
2352 3500 2652 3555 humanum
2680 3514 2871 3568 genus.

389 3694 450 3749 'O
476 3690 717 3757 διάϐολος
738 3692 767 3745 6
781 3686 856 3760 (5)
879 3686 1346 3758 καταπαιζόμενος
1370 3683 1474 3736 ὑπὸ
1494 3681 1599 3736 τῶν
1620 3682 1740 3752 ἁγία

1522 3681 1599 3736 πῶν
1620 3682 1791 3752 ἁγίων
1966 3662 2057 3729 58.
2091 3670 2351 3729 Diabolus
2375 3663 2600 3728 delusus
2631 3687 2662 3727 a
2688 3670 2892 3730 sanctis
2924 3673 3052 3731 tuis.

211 3802 373 3934 €056.
406 3876 489 3929 Τὰ
521 3874 648 3943 ἔθνη
683 3872 1070 3941 ἀπεκδέχονται
1110 3867 1209 3923 τὴν
1240 3864 1390 3937 παρὰ
1426 3865 1519 3917 σοῦ
1560 3880 1741 3935 τροφη·

1968 3855 2056 3911 59.
2086 3852 2285 3909 Gentes
2323 3861 2641 3923 exspectant
2681 3868 2713 3907 a
2766 3861 2820 3908 te
2866 3869 3072 3923 escam,
3121 3871 3285 3927 quam
3331 3857 3466 3929 ipsis

207 3971 281 4043 ἣν
317 3971 500 4032 αὐτοῖς
525 3967 715 4029 δώσεις
748 3967 804 4017 ὲν
833 3965 1044 4034 εἰρήνῃ.

783 3983 804 4017 ν
833 3965 1044 4034 εἰρήνῃ.
1895 3946 2052 4001 dabis
2083 3946 2137 3999 in
2161 3958 2313 4015 pace.

285 4061 374 4117 60.
400 4058 703 4121 Δεδωκότος
730 4073 821 4109 σου
852 4032 1035 4116 αὗτοές
1058 4090 1073 4116 ,
1104 4050 1203 4113 τὰς
1236 4046 1454 4111 ἐντολάς
1488 4063 1581 4099 σου
1610 4046 1789 4110 δέξον-

1966 4039 2055 4092 60.
2086 4036 2228 4091 Cum
2265 4044 2326 4091 tu
2348 4034 2561 4091 dederis
2592 4032 2727 4105 ipsis
2748 4034 3005 4091 mandata
3026 4045 3141 4103 tua,
3168 4036 3463 4108 excipient.

206 4174 373 4301 τα61.
400 4241 819 4315 Φανερώσαντος
858 4235 913 4291 δέ
943 4254 1037 4291 σου
1084 4234 1176 4289 τὸν
1205 4232 1412 4304 Κύριον
1444 4231 1573 4285 Υίὸν
1595 4270 1609 4294 ,
1653 4232 1681 4284 6
1712 4231 1736 4301 (‹

1965 4234 2055 4292 6l.
2092 4233 2477 4291 Manifestante
2528 4241 2711 4288 autem
2774 4241 2828 4289 te
2881 4232 3171 4291 Dominum
3228 4238 3462 4311 Filium,

205 4340 416 4409 κόσμος
440 4354 533 4390 σου
550 4333 919 4404 πλησθήσεται
935 4329 1028 4382 τοῦ
1049 4325 1366 4398 Πνεύματός
1386 4341 1478 4377 σου
1498 4322 1592 4376 τοῦ
1611 4321 1735 4390 άγίοη

1700 4322 1787 4375 ἴου.
1896 4330 2136 4386 mundus
2167 4338 2296 4383 tuus
2327 4326 2638 4397 implebitur
2666 4322 2873 4396 Spiritu
2903 4336 3093 4383 sancto
3115 4338 3230 4385 tuo.

283 4428 373 4484 62.
415 4427 549 4480 Ἀπὸ
575 4425 684 4480 τῶν
724 4423 991 4477 Ἰουδαίων
1034 4418 1477 4491 ἀποστρέψαντος
1500 4415 1578 4469 ’τὸ
1619 4414 1788 4486 πρόσ-

1964 4422 2057 4479 62.
2088 4422 2376 4477 Avertente
2403 4426 2458 4475 te
2484 4418 2679 4476 faciem
2711 4426 2864 4476 tuam
2901 4435 2934 4476 a
2973 4420 3175 4477 Judacis
3216 4422 3283 4478 ad
3320 4423 3463 4479 nihil

202 4521 359 4576 ωπόν
389 4537 513 4584 σου,
544 4520 623 4581 είς
653 4514 956 4587 ἀφανισμὸν
994 4512 1205 4566 ἔσονται
1234 4510 1328 4583 (7).

833 4514 956 4586 τμὸν
994 4512 1205 4566 ἔσονται
1234 4510 1328 4583 (7).
1895 4514 2009 4569 lum
2032 4512 2363 4582 redigentur.

280 4609 370 4663 65.
392 4607 577 4680 Λάόῃς
598 4606 697 4677 τὴν
716 4604 875 4676 χάριν
901 4603 992 4656 ἀπ’
1010 4600 1209 4666 αὐτῶν,
1238 4598 1332 4653 καί
1351 4596 1780 4668 διαλυθήσονται.

1712 4615 1780 4650 ιιι.
1816 4600 1862 4655 D
1962 4604 2053 4659 65.
2077 4602 2305 4657 Auferes
2335 4600 2565 4672 gratiam
2595 4601 2667 4657 ab
2697 4601 2851 4671 ipsis,
2878 4611 2933 4658 et
2968 4604 3242 4673 peribunt.

280 4698 370 4753 64.
402 4699 512 4751 Καὶ
541 4700 599 4750 ὲν
630 4699 697 4768 τῇ
730 4695 973 4766 ἁμαρτίᾳ
1010 4692 1188 4746 αὐτῶν
1213 4689 1619 4759 ὲναπομένωσιν
1651 4687 1756 4761 (8).

1512 4705 1619 4743 now
1651 4687 1756 4761 (8).
1960 4696 2051 4752 64,
2079 4694 2149 4750 Ει
2173 4696 2229 4750 in
2258 4704 2480 4765 peccato
2495 4710 2598 4750 suo
2626 4696 3042 4766 permanebunt.

278 4788 370 4843 65.
413 4790 536 4842 Ἐπὶ
567 4790 693 4852 τοὺς
728 4786 1081 4848 πιστεύοντας
1108 4784 1191 4847 είς
1225 4782 1309 4836 σέ.

1233 4782 1309 4836 τέ.
1961 4785 2050 4840 65.
2078 4783 2255 4854 Super
2289 4782 2573 4839 credentes
2600 4785 2657 4838 in
2688 4796 2763 4839 te.

277 4880 368 4936 66.
387 4882 497 4934 Kal.
512 4879 835 4943 ἁνανεώσεις
856 4877 952 4950 τὴν
971 4877 1208 4932 διάνοιαν
1223 4874 1325 4946 τῆς
1340 4872 1568 4947 καρδίας
1584 4872 1791 4926 αὐτῶν.

1651 4872 1791 4926 τῶν.
1962 4875 2050 4931 66.
2084 4874 2152 4928 Et
2176 4876 2464 4931 renovabis
2496 4886 2734 4932 mentem
2755 4876 2938 4933 cordis
2967 4890 3181 4932 eorum.

279 4967 371 5035 67,
404 4971 490 5026 68.
521 4972 595 5044 (9)
623 4972 748 5034 Τοῖς
774 4970 973 5039 ἁγίοις.

972 5012 973 5015 η
1960 4967 2051 5034 67,
2080 4965 2171 5023 68.
2195 4964 2254 5022 In
2278 4967 2502 5022 sanctis.

280 5062 369 5117 69.
400 5064 526 5117 Ἐπὶ
551 5063 613 5116 τὸ
648 5063 900 5133 σύστημα
928 5058 1043 5115 τῶν
1066 5058 1361 5133 δαιμόνων.
1961 5056 2050 5114 69.
2076 5056 2395 5113 Βωωοηυη)
2426 5064 2652 5113 emtum.

1164 5233 1473 5297 Addenda
1518 5237 1579 5295 et
1606 5234 1983 5313 corrigenda
2012 5247 2096 5292 ex
2140 5230 2284 5294 cod.
2309 5232 2510 5294 Vatic.

305 5405 359 5476 1)
388 5407 725 5477 Κατήρτισα.
760 5476 765 5477 7
852 5474 865 5477 _
1957 5405 2038 5477 (6)
2068 5407 2174 5462 Τὸν
2195 5407 2326 5462 Υἱόν
2356 5424 2448 5460 σου
2474 5446 2489 5471 ,
2516 5407 2569 5473 6,
2601 5415 2707 5461 etc.

395 5474 720 5550 ξξπλήρώθη
745 5476 775 5531 6
802 5474 1025 5545 κόσμος,
1056 5487 1160 5533 etc.
2062 5480 2405 5550 Γενήσονται.

304 5548 356 5616 5,)
400 5548 660 5609 Ἐαυτοῖς.
711 5547 716 5548 “
1961 5547 2037 5617 (8)
2072 5547 2546 5617 Ἐναπομείνωσιν.
2696 5616 2701 5617 7
2896 5616 2899 5617 7
2956 5606 2957 5609 η

302 5617 356 5681 4)
387 5618 463 5669 Δι’
498 5617 702 5669 αὐτῶν.

302 5686 355 5759 5)
389 5688 448 5741 '0
480 5689 649 5741 deest.
1645 5705 1655 5718 ·

1960 5616 2037 5687 (9)
2059 5618 2103 5672 Ν
2170 5619 2216 5647 ""
2270 5616 2608 5680 Ἇπαύστως.
2657 5616 2725 5675 Ν.
2756 5617 2843 5673 68.
2872 5616 2998 5683 Τοῖς
3024 5619 3215 5688 ἁγίοις.

389 5688 448 5741 '0
480 5689 649 5741 deest.
1645 5705 1655 5718 η

487 5789 756 5848 ΡΔτιιοι..
804 5786 922 5847 Gn.
971 5783 1233 5849 XXVII.

3067 5781 3144 5844 35
