3874 6222
404 338 539 394 1099
848 326 851 327 ⁷
1252 325 1309 382 S.
1346 321 1717 378 ATHANASII
1754 321 1907 379 OPP.

2172 315 2261 371 Ill.
2302 347 2370 357 —
2409 309 2825 368 EXEGETICA.
3532 308 3683 365 1100

472 453 564 510 70.
591 451 697 521 Qui
723 446 896 517 tangit
922 450 1133 498 montes
1163 448 1218 495 et
1252 438 1542 508 l'umigant.

2060 487 2062 493 ,
2157 429 2246 483 70.
2285 430 2343 482 ’0
2370 427 2671 497 ἁπτόμενος
2707 423 2814 477 τῶν
2841 423 3049 493 ὀρέων,
3085 422 3180 475 καὶ
3209 418 3590 487 καπνίζονται.

476 546 565 601 71.
601 513 847 599 Eantabo
872 535 1104 590 Domino
1137 534 1190 586 in
1223 532 1332 585 vita
1360 545 1481 584 mea
1521 547 1535 583 :

2167 522 2257 577 71.
2291 522 2442 593 ’ᾼσω
2466 519 2545 589 τῷ
2574 517 2764 588 Κυρίῳ
2792 516 2850 568 ἐν
2885 516 2953 585 τῇ
2993 513 3106 584 ζωῇ
3135 530 3270 585 μου·

474 636 566 691 72.
601 634 835 689 Psallam
872 629 983 682 Deo
1013 640 1135 680 meo
1159 623 1402 694 quandiu
1429 635 1574 675 sum.

2166 614 2256 667 72.
2292 611 2461 666 Ψαλῶ
2492 609 2568 680 τῷ
2594 609 2712 679 Θεῷ
2746 624 2849 677 μου
2882 608 2987 669 ἕως
3018 606 3267 676 ὑπάρχω.

480 727 569 783 73.
610 722 919 779 Jucundum
948 711 1030 773 'sit
1056 716 1103 770 ei
1130 713 1410 784 eloquium
1444 724 1628 765 meum
1658 725 1670 761 :

2168 706 2258 759 75.
2306 702 2585 773 Ἦδυνθείη
2612 699 2763 770 αὐτῷ
2799 701 2831 770 ἡ
2858 698 3081 769 διαλογή
3114 715 3215 767 μου
3244 714 3257 728 ·

483 820 570 875 74,
600 818 711 888 Ego
736 830 867 871 vero
898 810 1209 867 delectabar
1245 808 1301 864 in
1338 805 1588 859 Domino.

2168 796 2257 849 74.
2302 794 2442 864 Ἐγὼ
2470 793 2527 847 δὲ
2554 792 2999 863 εὐφρανθήσομαι
3028 789 3122 843 ἐπὶ
3156 789 3234 860 τῷ
3264 790 3472 861 Κυρίῳ.

482 913 572 967 75.
603 879 868 965 Deliciant
897 913 1213 976 peccatores
1241 915 1269 955 a
1305 908 1468 963 terra,

2171 890 2258 944 75.
2299 886 2628 942 Ἐκλείποιεν
2658 883 2976 956 ἁμαρτωλοὶ
3003 879 3111 934 ἀπὸ
3140 882 3237 952 τῆς
3263 882 3404 951 γῆς,,

426 1028 429 1031 -
484 1005 574 1059 76.
607 1003 673 1057 Et
694 1000 865 1071 iniqui
898 970 976 1052 ita
1010 1006 1068 1050 ut
1098 1009 1203 1049 non
1234 993 1393 1048 sint:

2156 981 2256 1035 ·76.
2288 980 2396 1033 Καὶ
2426 978 2640 1047 ἄνομοι,
2664 974 2805 1027 ὥστε
2842 974 2916 1045 μὴ
2952 973 3220 1044 ὑπάρχειν
3249 970 3448 1033 αὐτούς

486 1096 574 1154 77.
610 1095 857 1159 Benedic,
877 1091 1059 1146 anima
1095 1084 1506 1150 mea,Domino.

2156 1073 2259 1155 r77.
2295 1069 2541 1139 Εύλόγει,
2574 1069 2607 1137 ἡ
2638 1067 2782 1137 ψυχή
2828 1081 2952 1136 μου,
2981 1064 3075 1118 τὸν
3109 1064 3336 1136 Κύριον.

865 1202 1116 1257 Alleluia.
1158 1196 1356 1253 PSAL.
1390 1192 1543 1249 CIV.
1608 1232 1613 1235 -

2515 1179 2896 1247 Ἀλληλούῖα.
2957 1180 3132 1231 ΨΑΛ.
3178 1178 3300 1230 ΡΔ’.

488 1302 540 1356 1.
573 1296 918 1357 Conﬁtemini
947 1293 1201 1354 Domino,
1236 1299 1289 1344 et
1328 1289 1579 1343 invocate
1612 1299 1809 1340 nomen
1837 1282 1995 1352 ejus:

2174 1276 2224 1329 1.
2272 1271 2711 1344 Ἐξομολογεῖσθε
2741 1270 2817 1341 τῷ
2854 1266 3050 1340 Κυρίῳ
3071 1309 3086 1334 ,
3120 1273 3214 1322 καὶ
3242 1265 3595 1321 ἐπικαλεῖσθε
3637 1266 3701 1320 τὸ

490 1394 545 1449 2.
583 1388 920 1446 Annuntiate
982 1387 1124 1440 inter
1195 1391 1381 1455 gentes
1430 1395 1597 1451 opera
1656 1372 2000 1449 [magnalia]

985 1387 1124 1440 inter
1195 1391 1381 1455 gentes
1430 1395 1597 1451 opera
1656 1372 2000 1449 [magnalia]
2098 1366 2274 1437 ὄνομα
2312 1363 2515 1417 αὐτοῦ·

423 1501 564 1556 ejus.
1201 1451 1220 1455 —
2171 1459 2229 1513 2.
2276 1456 2674 1526 Ἀπαγγείλατε
2701 1457 2759 1508 ἐν
2791 1458 2908 1518 τοῖς
2934 1452 3113 1507 {Ovem
3135 1452 3203 1506 τὰ
3225 1452 3363 1524 ἔργα
3395 1451 3587 1507 αὑτοῦ.

493 1577 545 1631 5.
572 1575 806 1629 Cantate
832 1573 904 1638 ei,
934 1580 989 1627 et
1025 1569 1240 1641 psallite
1261 1568 1308 1623 ei
1339 1566 1580 1639 [laudate
1604 1562 1755 1635 eum]
1786 1581 1830 1622 ε.

1709 1562 1755 1635 ι]
1786 1581 1830 1622 ε,
2176 1551 2230 1606 ’5.
2273 1552 2480 1623 ’ᾼσατε
2511 1548 2680 1619 αὐτῷ,
2708 1549 2804 1601 καὶ
2832 1547 3039 1616 ψάλατε
3071 1545 3239 1616 αὐτῷ.

493 1665 545 1719 4.
572 1662 801 1717 Narrate
825 1662 1011 1716 omnia
1039 1658 1313 1714 mirabilia
1340 1660 1482 1726 ejus.

2176 1644 2229 1697 4.
2264 1640 2609 1713 Διηγήσασθε
2640 1639 2820 1693 πάντα
2846 1638 2915 1692 τὰ
2946 1637 3227 1708 θαυμάσια
3257 1637 3422 1691 αὐτοῦ
3444 1655 3458 1669 ·

498 1756 546 1811 5.
587 1754 905 1810 Laudamini
933 1754 986 1807 in
1018 1760 1210 1806 sancto
1242 1747 1517 1821 [nomine]
1551 1747 1673 1817 ejus
1706 1766 1719 1801 :

2038 1798 2081 1821 ἢ
2178 1737 2231 1791 5.
2275 1734 2618 1789 Ἐπαινεῖσθε
2652 1735 2709 1785 ὲν
2737 1732 2815 1802 τῷ
2848 1732 2986 1801 ἁγίῳ
3020 1729 3291 1803 [ὀνόματι]
3322 1729 3491 1783 αὐτοῦ
3512 1746 3527 1763 ·

499 1798 546 1811 δ’
587 1798 905 1810 ““”““⁴¹“““¹⁵¹¹“““
933 1798 986 1807 ⁸⁸⁸
1018 1798 1205 1806 ’⁸⁷’”“’“⁹
1244 1798 1517 1821 ι··’·’-··-νι
1558 1798 1661 1817 ’σ’⁷“
1709 1798 1719 1801 ⁷

494 1848 546 1903 6.
579 1847 814 1903 Laetetur
846 1861 942 1901 cor
971 1844 1332 1914 quaerentium
1365 1842 1677 1895 Dominum.

2040 1798 2083 1855 Β
2182 1826 2235 1882 6.
2263 1826 2633 1897 Εὐφρανθήτω
2663 1798 2863 1896 καρδία
2895 1798 3202 1895 ζητούντων
3226 1798 3315 1875 τδν
3348 1821 3570 1893 Κύριον.

498 1941 549 1993 7.
579 1938 815 2006 Quaerite
845 1936 1160 1999 Dominum,
1191 1943 1245 1989 et
1274 1931 1679 1989 conlirmaniini
1705 1947 1721 1981 :

2186 1920 2238 1973 7.
2268 1920 2551 1989 Ζητήσατε
2577 1919 2668 1971 τὸν
2697 1917 2926 1989 Κύριον,
2956 1916 3052 1970 καὶ
3080 1914 3461 1988 κραταιώθητε
3481 1929 3493 1941 ·

497 2034 531 2089 8
581 2031 818 2099 Quaerite
850 2030 1041 2085 faciem
1064 2028 1184 2099 ejus
1214 2041 1448 2095 semper.

2183 2011 2237 2065 8.
2269 2013 2549 2082 Ζητήσατε
2578 2010 2640 2063 τὸ
2674 2011 2967 2083 πρόσωπον
2993 2008 3159 2061 αὑτοῦ
3190 2007 3504 2069 διαπαντός.

499 2124 551 2179 9.
581 2092 904 2177 ᾗεωθηιοιε
938 2092 1271 2175 miraliilium
1300 2092 1441 2187 ejus,
1468 2129 1594 2185 quae
1626 2108 1770 2179 fecit,

2178 2106 2231 2162 9.
2259 2104 2553 2176 Μνΰσθητε
2589 2104 2697 2158 τῶν
2748 2102 3070 2157 Θαυμασίων
3103 2098 3267 2153 αὐτοῦ
3291 2138 3306 2163 ,
3344 2092 3419 2151 ὧν
3454 2096 3706 2166 ἐποίησε,

1553 2318 1928 2376 ATHAN-ASH
1969 2310 2561 2373 INTERPRETATIO.

504 2527 590 2581 70.
626 2526 725 2593 Qui
754 2526 864 2581 urit
890 2519 1195 2579 contrarias
1220 2522 1538 2586 potestates,
1568 2520 1623 2566 et
1664 2509 1942 2567 deﬁciunt.

2186 2503 2273 2558 70.
2317 2501 2377 2555 ὐ
2412 2499 2625 2570 φλέγων
2658 2497 2758 2561 τὰς
2791 2494 3040 2559 ἐναντίας
3072 2493 3331 2563 δυνάμεις
3405 2490 3502 2544 καὶ
3535 2487 3713 2541 ἐκλείο

2116 2613 2331 2650 πουσιν.

503 2705 563 2759 71
578 2747 592 2761 .
618 2706 676 2758 ln
708 2702 896 2759 futuro
920 2698 1144 2754 saeculo.

2188 2688 2279 2743 71.
2308 2686 2399 2739 Ἐν
2436 2683 2515 2755 τῷ
2550 2683 2793 2755 μέλλοντι
2819 2680 2996 2735 αίῶνι.

505 2798 593 2854 72.
627 2797 681 2851 In
705 2794 953 2867 praesenti
986 2801 1261 2858 tempore.

2187 2780 2274 2833 72.
2317 2779 2407 2831 Ἐν
2431 2776 2510 2848 τῷ
2552 2776 2647 2828 νῦν
2679 2774 2854 2828 αἰῶνι.

506 2891 592 2946 73.
618 2862 857 2945 Placebit
879 2886 980 2957 ipsi
1006 2881 1249 2938 laudatio
1276 2890 1418 2934 mea.

2193 2872 2281 2925 75.
2316 2870 2532 2942 Ἀρέσει
2564 2865 2714 2938 αὐτῷ
2744 2868 2777 2936 ἡ
2806 2862 3102 2936 ὑμνολογία
3137 2878 3257 2934 μου.

513 2984 601 3037 74.
634 2980 919 3037 Gaudebo.

2201 2962 2288 3016 74.
2332 2961 2682 3032 Χαρήσομαι.

510 3072 596 3126 75.
631 3071 916 3125 Daemones
955 3081 985 3120 a
1020 3073 1163 3120 terra
1192 3067 1533 3124 sanctorum,
1582 3056 1740 3127 cujus
1775 3054 2026 3110 haeredes

2194 3052 2283 3105 75.
2306 3052 2366 3104 Οί
2394 3049 2646 3120 δαίμονες
2669 3048 2776 3102 ἀπὸ
2796 3047 2895 3119 τῆς
2916 3044 3021 3115 γῆς
3046 3044 3152 3097 τῶν
3174 3043 3345 3112 ἁγίων
3366 3037 3435 3113 ἧς
3461 3040 3724 3112 μέλλουσι

441 3164 542 3233 ipsi
567 3161 736 3216 futuri
758 3166 906 3215 sunt.

2125 3144 2504 3216 κληρονομεῖν.

513 3253 598 3308 76.
622 3250 963 3306 Adversariae
986 3253 1300 3319 potestates,
1330 3253 1384 3299 et
1404 3243 1496 3315 qui
1521 3242 1629 3297 illis
1669 3239 1953 3296 obediunt.

2196 3237 2283 3291 76.
2309 3239 2372 3289 At
2404 3235 2645 3290 ἐναντίαι
2668 3232 2944 3303 δυνάμεις,
2971 3232 3069 3285 καὶ
3093 3231 3143 3282 οί
3167 3227 3482 3299 πειθόμενοι
3508 3226 3724 3288 αὺτοῖς.

513 3346 601 3400 77.
628 3343 908 3400 Gloriiica.

2203 3331 2293 3383 77.
2327 3325 2608 3396 Δοξολόγει
2642 3326 2740 3396 (1).

517 3526 587 3601 Ἦ
620 3521 954 3597 προκειμένη
984 3519 1262 3593 ἐπιγραφὴ
1307 3517 1550 3590 περιέχει
1593 3516 1670 3583 (2)
1692 3529 1706 3544 °
1755 3511 2136 3581 ‘Aunloﬁta,
2156 3507 2346 3578 αἶνος,
2365 3510 2504 3580 ὅπερ
2526 3504 2902 3579 ἑρμηνεύεται
2925 3502 3143 3557 αἰνεῖτε
3173 3503 3278 3555 τὸν
3304 3503 3453 3556 ὄντα
3476 3502 3653 3559 Θεόγ.

506 3595 730 3674 Titulus
750 3614 1072 3687 praepositus
1102 3613 1377 3669 continet:
1408 3609 1665 3673 Alleluia,
1688 3606 1841 3672 laus,
1874 3605 2024 3676 quod
2054 3606 2442 3675 interpretatur
2468 3601 2685 3654 laudate
2716 3614 2857 3665 eum,
2887 3597 2977 3667 qui
3004 3595 3141 3649 Deus
3162 3604 3259 3649 est.

516 3779 573 3831 1.
606 3776 869 3831 Enarrate
893 3780 1114 3844 peccata
1138 3779 1319 3827 vestra
1350 3768 1603 3834 Domino,
1644 3777 1795 3823 orate
1830 3782 1977 3823 eum.

2202 3764 2253 3816 1.
2282 3762 2726 3834 Ἐξαγορεύονται
2773 3754 3251 3831 [Ἐξαγορεύεσθε]
3284 3754 3361 3826 (5)
3406 3754 3504 3818 τὰς
3538 3757 3730 3829 ἁμαρ-

516 3868 571 3923 2.
600 3866 894 3923 Praedicate
928 3866 1482 3936 gentibus‘pra‘ecepta
1517 3860 1659 3931 ejus.

2136 3856 2256 3919 τίας
2290 3856 2437 3925 ἡμᾶς
2463 3854 2541 3924 τῷ
2575 3853 2787 3925 Κυρίῳ,
2814 3851 3125 3904 ἱκετεύσατε
3148 3848 3328 3903 αὐτόν.

512 3961 566 4013 3.
604 3958 947 4014 Exsultantes
972 3955 1269 4027 gloriﬁcate
1283 3968 1431 4008 eum.

2206 3946 2261 4000 2.
2288 3946 2578 4017 Κηρύξατε
2598 3949 2710 4009 τοῖς
2728 3944 2803 4015 (4)
2829 3943 3006 3997 ἔθνεσι
3026 3942 3092 3996 τὰ
3114 3939 3515 4013 προστάγματα
3536 3939 3730 3994 αὐτοῦ.

516 4048 573 4102 4.
598 4050 871 4116 Quoniam
902 4062 1029 4103 cum
1069 4042 1211 4100 Deus
1264 4053 1428 4107 esset,
1469 4053 1689 4113 propter
1718 4050 1820 4096 nos
1853 4037 2036 4095 factus

1804 4054 1820 4096 ς
1853 4037 2036 4095 factus
2206 4032 2260 4094 3.
2302 4040 2725 4110 Ἀγαλλιώμενοι
2751 4038 3010 4103 δοξάσατε
3040 4036 3118 4105 (5)
3148 4035 3334 4090 αὐτόν.

450 4153 536 4197 est
584 4142 748 4197 homo
800 4155 1026 4194 manens
1069 4137 1231 4200 Deus,
1277 4144 1332 4191 et
1373 4150 1569 4205 passus
1616 4142 1721 4197 est,
1760 4140 1815 4187 et
1853 4146 1978 4186 resu

2210 4132 2262 4186 4.
2292 4133 2434 4196 Ὅτι,
2460 4132 2592 4195 Θεὸς
2621 4130 2717 4196 ὢν,
2739 4131 2931 4201 γέγονε
2959 4130 3023 4182 δι’
3051 4129 3199 4200 ἡμᾶς
3223 4128 3511 4198 ἄνθρωπος
3535 4126 3735 4196 μείνας

450 4234 613 4297 rexit,
642 4234 695 4288 et
729 4239 1046 4299 assumptus
1081 4236 1171 4283 εει
1217 4226 1362 4282 unde
1396 4236 1617 4296 propter
1660 4239 1763 4280 nos
1804 4223 1980 4279 descei

2205 4226 2270 4289 ,ὸς
2295 4264 2309 4288 ,
2343 4227 2438 4279 καὶ
2465 4223 2699 4277 πέπονθε
2723 4264 2739 4287 ,
2769 4223 2864 4274 καὶ
2894 4221 3092 4289 ἀνέστη
3115 4259 3129 4283 ,
3166 4220 3262 4272 καὶ
3294 4217 3571 4289 ἀνελήφθη
3602 4218 3735 4272 ὅθεν

453 4327 589 4382 dens
618 4340 725 4379 non
751 4324 929 4379 fuerat
951 4329 1257 4390 separatus.

2138 4317 2203 4369 δι’
2240 4317 2387 4388 ἡμᾶς
2421 4313 2696 4369 κατελθὼν
2728 4316 2830 4368 οὐκ
2868 4312 3160 4384 ἐχωρίσθη.

529 4419 583 4473 5.
606 4417 685 4472 Ex
712 4417 854 4471 bona
882 4422 1060 4469 vestra
1106 4410 1521 4466 conversatione
1568 4408 1919 4464 honorabiles
1963 4405 2041 4461 si-

2214 4406 2265 4460 5.
2322 4406 2418 4459 Ἐκ
2458 4406 2558 4474 τῆς
2599 4404 2771 4474 καλῆς
2812 4403 2967 4473 ὑμῶν
3008 4399 3342 4473 ἐπιστροφῆς
3380 4400 3597 4470 ἐντιμοι
3641 4400 3734 4467 γί-

455 4513 550 4579 tis,
581 4520 634 4567 et
660 4509 771 4565 Deo
795 4518 851 4564 et
882 4505 1221 4563 hominibus.

2141 4496 2298 4551 νεσθε
2325 4496 2418 4567 (6),
2461 4496 2555 4550 καὶ
2592 4495 2711 4565 Θεῷ
2743 4495 2838 4548 καὶ
2868 4492 3196 4565 ἀνθρώποις.

528 4601 932 4673 6.1mplebitur
988 4596 1183 4670 spiritu
1231 4612 1326 4653 cor
1367 4594 1707 4652 credentium
1757 4593 1815 4648 in
1857 4590 2043 4645 Domi-

2215 4589 2269 4643 6.
2298 4588 2673 4659 ΙΙλησθήο-εται
2697 4586 3005 4657 πνεύματος
3032 4584 3229 4656 καρδία
3258 4582 3626 4637 πιστευόντων
3651 4584 3732 4646 είς

461 4711 616 4751 num.

2144 4682 2235 4736 τὸν
2267 4681 2493 4753 Κύριον.

532 4790 585 4842 7.
621 4785 838 4841 Credite
867 4784 920 4837 in
946 4782 1141 4843 Deum,
1166 4790 1221 4835 et
1241 4778 1647 4834 confortamini.

2218 4772 2267 4825 7.
2300 4771 2635 4825 Πιστεύσατε
2683 4772 2762 4835 είς
2796 4772 2889 4825 τὸν
2934 4771 3066 4825 Θεὸν
3095 4771 3207 4842 (7),
3241 4770 3337 4823 καὶ
3367 4768 3735 4840 δυναμοῦσθε.

532 4881 587 4935 8.
620 4878 893 4933 Postulate
921 4874 1152 4946 gratiam
1196 4872 1368 4941 ipsius
1395 4870 1794 4925 indesinenter.

2218 4864 2271 4918 8.
2300 4862 2604 4935 Αίτήσασθε
2636 4864 2736 4935 τὴν
2761 4864 2920 4935 χάριν
2951 4863 3116 4917 αὑτοῦ
3149 4863 3529 4925 ἀδιαλείπτως.

532 4970 589 5026 9.
618 4967 677 5023 1η
714 4966 1034 5022 memoriam
1087 4970 1357 5027 revocate,
1401 4957 1871 5030 quemadmodum
1914 4970 2041 5027 per-

2219 4952 2271 5005 9.
2319 4952 2654 5022 ’Υπόμνησιν
2683 4952 2898 5017 λάϐετε,
2925 4952 3000 5016 ὡς
3034 4948 3246 5022 διῆλθεν
3268 4950 3610 5020 εὐεργετῶν,
3643 4950 3737 5004 καὶ

462 5057 720 5115 transivit
768 5052 1137 5117 benefaciens,
1182 5061 1236 5105 et
1284 5064 1487 5105 sanans
1536 5060 1750 5112 omnes,
1791 5045 1886 5100 aui
1937 5059 1992 5099 su

2206 5060 2380 5113 »μενος
2413 5044 2621 5096 πάντα·
2652 5044 2778 5106 τοὺς
2817 5042 3453 5113 καταδυναστευομένους
3499 5042 3736 5097 ὐπὺητοῦ

464 5158 734 5224 potestate
758 5155 914 5202 erant
937 5145 1162 5201 diaboli.

886 5155 914 5201 ,ι
937 5145 1162 5201 diaboli.
2079 5141 2123 5195 D
2146 5134 2416 5190 διαϐόλου.

1419 5314 1734 5379 Addenda
1763 5322 1825 5377 et
1855 5313 2232 5395 corrigenda
2268 5332 2346 5376 ex
2395 5312 2537 5374 cod.
2565 5310 2768 5372 Vatia.

561 5516 615 5583 1)
650 5512 946 5581 Δοξολογεϊ.
1164 5576 1217 5583 Δ.
1540 5575 1552 5583 _
2332 5504 2759 5583 ξᾼγαλλιώμενος
2782 5501 2968 5572 δόξαζε
2994 5540 3008 5566 ,
3038 5511 3145 5557 etc.

645 5575 971 5669 ’ᾙδιὰπῇς
1000 5575 1663 5669 κινναδάρεωςῂπεριιέχειι,
1776 5643 1788 5660 '
1946 5654 1947 5657 η
2335 5575 2580 5669 Ξεγέσθε.

562 5643 615 5717 5)
645 5643 1113 5722 Ἐξαγορεύοντες,
1146 5643 1250 5705 εις.
1283 5643 1589 5717 ὑμῶν,’θῑὸ.
1613 5643 1905 5716 ίκετεύετε,
1942 5654 2045 5702 etc.

1028 5666 1113 5717 ες,
1146 5643 1250 5705 εις.
1283 5643 1589 5717 optamus;
1613 5643 1905 5716 ίκετεύετε,
1942 5654 2045 5702 etc.
2229 5643 2302 5717 (7)
2337 5644 2558 5713 Κύριον.

540 5725 616 5791 (4)
651 5723 741 5775 Ἐν
762 5724 892 5784 τοῖς.
