  <div class='ocr_page' id='page_1' title='image "/cluster/home/n/w/nwhite01/storage/ocr_20150623/27/nnc1.0046978631/576.png"; bbox 0 0 3874 6222; ppageno 0'>
   <div class='ocr_carea' id='block_1_1' title="bbox 180 347 1710 419">
    <p class='ocr_par' dir='ltr' id='par_1_1' title="bbox 180 347 1710 413">
     <span class='ocr_line' id='line_1_1' title="bbox 180 347 1710 413; baseline 0 -6"><span class='ocrx_word' id='word_1_1' title='bbox 180 347 328 407; x_wconf 77' lang='grc'><strong>1101</strong></span> <span class='ocrx_word' id='word_1_2' title='bbox 1117 349 1206 407; x_wconf 83' lang='lat' dir='ltr'><strong>DE</strong></span> <span class='ocrx_word' id='word_1_3' title='bbox 1246 348 1523 409; x_wconf 79' lang='lat' dir='ltr'><strong>TITULIS</strong></span> <span class='ocrx_word' id='word_1_4' title='bbox 1562 352 1710 413; x_wconf 77' lang='lat' dir='ltr'><strong>PSA!</strong></span> 
     </span>
    </p>
   </div>
   <div class='ocr_carea' id='block_1_2' title="bbox 1938 347 3468 419">
    <p class='ocr_par' dir='ltr' id='par_1_2' title="bbox 1938 358 3468 419">
     <span class='ocr_line' id='line_1_2' title="bbox 1938 358 3468 419; baseline 0 -2"><span class='ocrx_word' id='word_1_5' title='bbox 1938 358 2004 417; x_wconf 80' lang='grc' dir='ltr'><strong>Μ.</strong></span> <span class='ocrx_word' id='word_1_6' title='bbox 2048 360 2333 416; x_wconf 83' lang='lat' dir='ltr'><strong>—PSAL.</strong></span> <span class='ocrx_word' id='word_1_7' title='bbox 2374 361 2510 418; x_wconf 83' lang='lat' dir='ltr'><strong>CIV.</strong></span> <span class='ocrx_word' id='word_1_8' title='bbox 3331 364 3468 419; x_wconf 85' lang='grc'><strong>1102</strong></span> 
     </span>
    </p>
   </div>
   <div class='ocr_carea' id='block_1_3' title="bbox 266 464 1796 577">
    <p class='ocr_par' dir='ltr' id='par_1_3' title="bbox 266 464 1777 545">
     <span class='ocr_line' id='line_1_3' title="bbox 266 464 1777 545; baseline 0.005 -25"><span class='ocrx_word' id='word_1_9' title='bbox 266 465 355 521; x_wconf 90' lang='grc'><strong>10.</strong></span> <span class='ocrx_word' id='word_1_10' title='bbox 381 465 461 519; x_wconf 79' lang='grc' dir='ltr'><strong>Τὰ</strong></span> <span class='ocrx_word' id='word_1_11' title='bbox 482 465 684 538; x_wconf 84' lang='grc' dir='ltr'>τέρατα</span> <span class='ocrx_word' id='word_1_12' title='bbox 712 465 877 523; x_wconf 76' lang='grc' dir='ltr'>αὑτοῦ</span> <span class='ocrx_word' id='word_1_13' title='bbox 899 507 916 531; x_wconf 84' lang='grc'><strong><em>,</em></strong></span> <span class='ocrx_word' id='word_1_14' title='bbox 951 464 1045 521; x_wconf 80' lang='grc' dir='ltr'>καὶ</span> <span class='ocrx_word' id='word_1_15' title='bbox 1082 468 1150 521; x_wconf 82' lang='grc' dir='ltr'>τὰ</span> <span class='ocrx_word' id='word_1_16' title='bbox 1175 469 1418 540; x_wconf 82' lang='grc' dir='ltr'>κρίματα</span> <span class='ocrx_word' id='word_1_17' title='bbox 1447 472 1542 526; x_wconf 75' lang='grc' dir='ltr'><strong>τοῦ</strong></span> <span class='ocrx_word' id='word_1_18' title='bbox 1574 475 1777 545; x_wconf 84' lang='grc' dir='ltr'>στόμα-</span> 
     </span>
    </p>
   </div>
   <div class='ocr_carea' id='block_1_4' title="bbox 1577 464 3107 577">
    <p class='ocr_par' dir='ltr' id='par_1_4' title="bbox 1577 475 3107 553">
     <span class='ocr_line' id='line_1_4' title="bbox 1577 475 3107 553; baseline 0.002 -22"><span class='ocrx_word' id='word_1_19' title='bbox 1577 475 1777 545; x_wconf 83' lang='grc' dir='ltr'>στόμα-</span> <span class='ocrx_word' id='word_1_20' title='bbox 1808 484 1854 540; x_wconf 76' lang='grc' dir='ltr'><strong>Α</strong></span> <span class='ocrx_word' id='word_1_21' title='bbox 1954 480 2039 534; x_wconf 88' lang='grc'><strong>10.</strong></span> <span class='ocrx_word' id='word_1_22' title='bbox 2069 478 2321 553; x_wconf 76' lang='lat' dir='ltr'><strong>Prodigia</strong></span> <span class='ocrx_word' id='word_1_23' title='bbox 2361 485 2502 553; x_wconf 88' lang='lat' dir='ltr'><strong>ejus,</strong></span> <span class='ocrx_word' id='word_1_24' title='bbox 2530 480 2807 551; x_wconf 85' lang='lat' dir='ltr'><strong>eljudicia</strong></span> <span class='ocrx_word' id='word_1_25' title='bbox 2832 479 2947 536; x_wconf 90' lang='lat' dir='ltr'><strong>oris</strong></span> <span class='ocrx_word' id='word_1_26' title='bbox 2968 479 3107 548; x_wconf 80' lang='lat' dir='ltr'><strong>ejus.</strong></span> 
     </span>
    </p>
   </div>
   <div class='ocr_carea' id='block_1_5' title="bbox 188 575 513 625">
    <p class='ocr_par' dir='ltr' id='par_1_5' title="bbox 188 575 513 625">
     <span class='ocr_line' id='line_1_5' title="bbox 188 575 513 625; baseline -0.006 -9"><span class='ocrx_word' id='word_1_27' title='bbox 188 575 286 625; x_wconf 77' lang='grc' dir='ltr'><strong>τος</strong></span> <span class='ocrx_word' id='word_1_28' title='bbox 322 575 513 614; x_wconf 86' lang='grc' dir='ltr'>αυτου.</span> 
     </span>
    </p>
   </div>
   <div class='ocr_carea' id='block_1_6' title="bbox 266 650 1796 733">
    <p class='ocr_par' dir='ltr' id='par_1_6' title="bbox 266 650 1447 725">
     <span class='ocr_line' id='line_1_6' title="bbox 266 650 1447 725; baseline 0.005 -20"><span class='ocrx_word' id='word_1_29' title='bbox 266 653 352 706; x_wconf 90' lang='grc'><strong>11.</strong></span> <span class='ocrx_word' id='word_1_30' title='bbox 385 653 614 724; x_wconf 79' lang='grc' dir='ltr'><strong>Σπέρμα</strong></span> <span class='ocrx_word' id='word_1_31' title='bbox 654 652 905 725; x_wconf 75' lang='grc' dir='ltr'>Ἀϐραὰμ</span> <span class='ocrx_word' id='word_1_32' title='bbox 933 653 1111 711; x_wconf 83' lang='grc' dir='ltr'>δοῦλοι</span> <span class='ocrx_word' id='word_1_33' title='bbox 1142 653 1330 718; x_wconf 80' lang='grc' dir='ltr'>αὐτοῦ,</span> <span class='ocrx_word' id='word_1_34' title='bbox 1446 650 1447 653; x_wconf 33' lang='grc'><em>“</em></span> 
     </span>
    </p>
   </div>
   <div class='ocr_carea' id='block_1_7' title="bbox 1389 650 2919 733">
    <p class='ocr_par' dir='ltr' id='par_1_7' title="bbox 1446 650 2919 733">
     <span class='ocr_line' id='line_1_7' title="bbox 1446 650 2919 733; baseline 0.003 -20"><span class='ocrx_word' id='word_1_35' title='bbox 1446 650 1447 653; x_wconf 35' lang='grc'><em>“</em></span> <span class='ocrx_word' id='word_1_36' title='bbox 1953 662 2036 715; x_wconf 86' lang='grc'><strong>11.</strong></span> <span class='ocrx_word' id='word_1_37' title='bbox 2068 660 2263 716; x_wconf 85' lang='lat' dir='ltr'><strong>Semen</strong></span> <span class='ocrx_word' id='word_1_38' title='bbox 2295 663 2570 718; x_wconf 81' lang='lat' dir='ltr'><strong>Abraham</strong></span> <span class='ocrx_word' id='word_1_39' title='bbox 2605 664 2747 718; x_wconf 81' lang='lat' dir='ltr'><strong>servi</strong></span> <span class='ocrx_word' id='word_1_40' title='bbox 2780 663 2919 733; x_wconf 88' lang='lat' dir='ltr'><strong>ejus,</strong></span> 
     </span>
    </p>
   </div>
   <div class='ocr_carea' id='block_1_8' title="bbox 266 744 1796 822">
    <p class='ocr_par' dir='ltr' id='par_1_8' title="bbox 266 744 1248 801">
     <span class='ocr_line' id='line_1_8' title="bbox 266 744 1248 801; baseline 0.002 -3"><span class='ocrx_word' id='word_1_41' title='bbox 266 744 354 800; x_wconf 82' lang='grc'><strong>12.</strong></span> <span class='ocrx_word' id='word_1_42' title='bbox 391 744 512 798; x_wconf 76' lang='grc' dir='ltr'>Υἱοὶ</span> <span class='ocrx_word' id='word_1_43' title='bbox 556 744 749 799; x_wconf 76' lang='grc' dir='ltr'>Ἰακὼϐ</span> <span class='ocrx_word' id='word_1_44' title='bbox 779 745 1027 799; x_wconf 79' lang='grc' dir='ltr'>ἐκλεκτοὶ</span> <span class='ocrx_word' id='word_1_45' title='bbox 1059 745 1248 801; x_wconf 81' lang='grc' dir='ltr'>αὑτοῦ.</span> 
     </span>
    </p>
   </div>
   <div class='ocr_carea' id='block_1_9' title="bbox 1209 744 2739 822">
    <p class='ocr_par' dir='ltr' id='par_1_9' title="bbox 1209 746 2739 822">
     <span class='ocr_line' id='line_1_9' title="bbox 1209 746 2739 822; baseline 0.004 -23"><span class='ocrx_word' id='word_1_46' title='bbox 1209 746 1248 801; x_wconf 77' lang='grc'><strong>5.</strong></span> <span class='ocrx_word' id='word_1_47' title='bbox 1952 752 2040 807; x_wconf 91' lang='grc'><strong>12.</strong></span> <span class='ocrx_word' id='word_1_48' title='bbox 2070 751 2192 806; x_wconf 88' lang='lat' dir='ltr'><strong>Filii</strong></span> <span class='ocrx_word' id='word_1_49' title='bbox 2222 751 2393 808; x_wconf 86' lang='lat' dir='ltr'><strong>Jacob</strong></span> <span class='ocrx_word' id='word_1_50' title='bbox 2421 754 2575 807; x_wconf 90' lang='lat' dir='ltr'><strong>electi</strong></span> <span class='ocrx_word' id='word_1_51' title='bbox 2599 753 2739 822; x_wconf 87' lang='lat' dir='ltr'><strong>ejus.</strong></span> 
     </span>
    </p>
   </div>
   <div class='ocr_carea' id='block_1_10' title="bbox 264 832 1794 913">
    <p class='ocr_par' dir='ltr' id='par_1_10' title="bbox 264 832 1263 905">
     <span class='ocr_line' id='line_1_10' title="bbox 264 832 1263 905; baseline -0.001 -17"><span class='ocrx_word' id='word_1_52' title='bbox 264 834 353 888; x_wconf 80' lang='grc'><strong>15.</strong></span> <span class='ocrx_word' id='word_1_53' title='bbox 389 834 560 897; x_wconf 71' lang='grc' dir='ltr'>Αὐτὸς</span> <span class='ocrx_word' id='word_1_54' title='bbox 599 833 804 905; x_wconf 84' lang='grc' dir='ltr'>Κύριος</span> <span class='ocrx_word' id='word_1_55' title='bbox 845 836 873 889; x_wconf 83' lang='grc' dir='ltr'>ὁ</span> <span class='ocrx_word' id='word_1_56' title='bbox 906 833 1038 896; x_wconf 83' lang='grc' dir='ltr'>Θεὸς</span> <span class='ocrx_word' id='word_1_57' title='bbox 1072 832 1263 903; x_wconf 82' lang='grc' dir='ltr'>ἡμῶν,</span> 
     </span>
    </p>
   </div>
   <div class='ocr_carea' id='block_1_11' title="bbox 1362 832 2892 913">
    <p class='ocr_par' dir='ltr' id='par_1_11' title="bbox 1950 843 2892 913">
     <span class='ocr_line' id='line_1_11' title="bbox 1950 843 2892 913; baseline 0 -17"><span class='ocrx_word' id='word_1_58' title='bbox 1950 843 2037 897; x_wconf 77' lang='grc'><strong>15.</strong></span> <span class='ocrx_word' id='word_1_59' title='bbox 2068 843 2188 913; x_wconf 91' lang='lat' dir='ltr'><strong>Ipse</strong></span> <span class='ocrx_word' id='word_1_60' title='bbox 2219 846 2481 900; x_wconf 81' lang='lat' dir='ltr'><strong>Dominus</strong></span> <span class='ocrx_word' id='word_1_61' title='bbox 2507 845 2650 899; x_wconf 84' lang='lat' dir='ltr'><strong>Deus</strong></span> <span class='ocrx_word' id='word_1_62' title='bbox 2686 852 2892 908; x_wconf 79' lang='lat' dir='ltr'><strong>noster,</strong></span> 
     </span>
    </p>
   </div>
   <div class='ocr_carea' id='block_1_12' title="bbox 266 926 1796 1004">
    <p class='ocr_par' dir='ltr' id='par_1_12' title="bbox 266 926 1465 999">
     <span class='ocr_line' id='line_1_12' title="bbox 266 926 1465 999; baseline 0.003 -19"><span class='ocrx_word' id='word_1_63' title='bbox 266 926 354 980; x_wconf 87' lang='grc'><strong>14.</strong></span> <span class='ocrx_word' id='word_1_64' title='bbox 403 928 491 979; x_wconf 87' lang='grc' dir='ltr'>Ἐν</span> <span class='ocrx_word' id='word_1_65' title='bbox 521 927 668 998; x_wconf 81' lang='grc' dir='ltr'>πάσῃ</span> <span class='ocrx_word' id='word_1_66' title='bbox 702 929 767 997; x_wconf 83' lang='grc' dir='ltr'>τῇ</span> <span class='ocrx_word' id='word_1_67' title='bbox 800 930 871 997; x_wconf 80' lang='grc' dir='ltr'><strong>γῇ</strong></span> <span class='ocrx_word' id='word_1_68' title='bbox 906 926 973 980; x_wconf 79' lang='grc' dir='ltr'>τὰ</span> <span class='ocrx_word' id='word_1_69' title='bbox 1002 928 1244 999; x_wconf 88' lang='grc' dir='ltr'>κρίματα</span> <span class='ocrx_word' id='word_1_70' title='bbox 1277 926 1465 983; x_wconf 80' lang='grc' dir='ltr'>αὑτοῦ.</span> 
     </span>
    </p>
   </div>
   <div class='ocr_carea' id='block_1_13' title="bbox 1458 926 2988 1004">
    <p class='ocr_par' dir='ltr' id='par_1_13' title="bbox 1458 933 2988 1004">
     <span class='ocr_line' id='line_1_13' title="bbox 1458 933 2988 1004; baseline 0.005 -22"><span class='ocrx_word' id='word_1_71' title='bbox 1458 966 1465 982; x_wconf 85' lang='grc'>.</span> <span class='ocrx_word' id='word_1_72' title='bbox 1950 934 2036 987; x_wconf 83' lang='grc'><strong>14.</strong></span> <span class='ocrx_word' id='word_1_73' title='bbox 2069 934 2127 987; x_wconf 87' lang='lat' dir='ltr'><strong>In</strong></span> <span class='ocrx_word' id='word_1_74' title='bbox 2161 934 2416 990; x_wconf 87' lang='lat' dir='ltr'><strong>universa</strong></span> <span class='ocrx_word' id='word_1_75' title='bbox 2451 945 2593 990; x_wconf 87' lang='lat' dir='ltr'><strong>terra</strong></span> <span class='ocrx_word' id='word_1_76' title='bbox 2617 935 2823 1004; x_wconf 87' lang='lat' dir='ltr'><strong>judicia</strong></span> <span class='ocrx_word' id='word_1_77' title='bbox 2848 933 2988 1003; x_wconf 82' lang='lat' dir='ltr'><strong>ejus.</strong></span> 
     </span>
    </p>
   </div>
   <div class='ocr_carea' id='block_1_14' title="bbox 260 1018 1790 1093">
    <p class='ocr_par' dir='ltr' id='par_1_14' title="bbox 260 1018 1610 1093">
     <span class='ocr_line' id='line_1_14' title="bbox 260 1018 1610 1093; baseline 0.002 -20"><span class='ocrx_word' id='word_1_78' title='bbox 260 1018 350 1073; x_wconf 80' lang='grc'><strong>15.</strong></span> <span class='ocrx_word' id='word_1_79' title='bbox 394 1019 670 1090; x_wconf 78' lang='grc' dir='ltr'><strong>Ἐμνήσθη</strong></span> <span class='ocrx_word' id='word_1_80' title='bbox 698 1022 779 1082; x_wconf 82' lang='grc' dir='ltr'><strong>είς</strong></span> <span class='ocrx_word' id='word_1_81' title='bbox 808 1021 900 1072; x_wconf 84' lang='grc' dir='ltr'>τὸν</span> <span class='ocrx_word' id='word_1_82' title='bbox 929 1022 1102 1075; x_wconf 83' lang='grc' dir='ltr'>αἰῶνα</span> <span class='ocrx_word' id='word_1_83' title='bbox 1136 1020 1398 1093; x_wconf 85' lang='grc' dir='ltr'><strong>διαθήκης</strong></span> <span class='ocrx_word' id='word_1_84' title='bbox 1423 1022 1610 1089; x_wconf 81' lang='grc' dir='ltr'>αὐτοῦ,</span> 
     </span>
    </p>
   </div>
   <div class='ocr_carea' id='block_1_15' title="bbox 1724 1018 3254 1093">
    <p class='ocr_par' dir='ltr' id='par_1_15' title="bbox 1948 1022 3254 1085">
     <span class='ocr_line' id='line_1_15' title="bbox 1948 1022 3254 1085; baseline -0.002 -8"><span class='ocrx_word' id='word_1_85' title='bbox 1948 1025 2036 1078; x_wconf 90' lang='grc'><strong>15.</strong></span> <span class='ocrx_word' id='word_1_86' title='bbox 2072 1024 2279 1079; x_wconf 90' lang='lat' dir='ltr'><strong>Memor</strong></span> <span class='ocrx_word' id='word_1_87' title='bbox 2312 1024 2417 1080; x_wconf 88' lang='lat' dir='ltr'><strong>fuit</strong></span> <span class='ocrx_word' id='word_1_88' title='bbox 2440 1028 2493 1080; x_wconf 89' lang='lat' dir='ltr'><strong>in</strong></span> <span class='ocrx_word' id='word_1_89' title='bbox 2518 1027 2775 1081; x_wconf 77' lang='lat' dir='ltr'><strong>saeculum</strong></span> <span class='ocrx_word' id='word_1_90' title='bbox 2811 1026 3119 1080; x_wconf 72' lang='lat' dir='ltr'><strong>testamenti</strong></span> <span class='ocrx_word' id='word_1_91' title='bbox 3147 1022 3254 1085; x_wconf 91' lang='lat' dir='ltr'><strong>sui,</strong></span> 
     </span>
    </p>
   </div>
   <div class='ocr_carea' id='block_1_16' title="bbox 260 1105 1790 1184">
    <p class='ocr_par' dir='ltr' id='par_1_16' title="bbox 260 1105 1561 1183">
     <span class='ocr_line' id='line_1_16' title="bbox 260 1105 1561 1183; baseline 0.004 -19"><span class='ocrx_word' id='word_1_92' title='bbox 260 1111 348 1168; x_wconf 74' lang='grc'><strong>16.</strong></span> <span class='ocrx_word' id='word_1_93' title='bbox 380 1112 577 1179; x_wconf 83' lang='grc' dir='ltr'>Λόγου,</span> <span class='ocrx_word' id='word_1_94' title='bbox 606 1105 666 1164; x_wconf 75' lang='grc' dir='ltr'><strong>οὗ</strong></span> <span class='ocrx_word' id='word_1_95' title='bbox 693 1112 998 1166; x_wconf 83' lang='grc' dir='ltr'>ἐνετείλατο</span> <span class='ocrx_word' id='word_1_96' title='bbox 1026 1115 1105 1177; x_wconf 80' lang='grc' dir='ltr'>εἰς</span> <span class='ocrx_word' id='word_1_97' title='bbox 1143 1112 1321 1183; x_wconf 86' lang='grc' dir='ltr'>χιλίας</span> <span class='ocrx_word' id='word_1_98' title='bbox 1352 1116 1561 1182; x_wconf 87' lang='grc' dir='ltr'>γενεάς.</span> 
     </span>
    </p>
   </div>
   <div class='ocr_carea' id='block_1_17' title="bbox 1922 1105 3452 1184">
    <p class='ocr_par' dir='ltr' id='par_1_17' title="bbox 1948 1110 3452 1184">
     <span class='ocr_line' id='line_1_17' title="bbox 1948 1110 3452 1184; baseline 0 -19"><span class='ocrx_word' id='word_1_99' title='bbox 1948 1111 2037 1165; x_wconf 92' lang='grc'><strong>16.</strong></span> <span class='ocrx_word' id='word_1_100' title='bbox 2073 1110 2257 1179; x_wconf 73' lang='lat' dir='ltr'><strong>Verbi,</strong></span> <span class='ocrx_word' id='word_1_101' title='bbox 2281 1116 2427 1184; x_wconf 91' lang='lat' dir='ltr'><strong>quod</strong></span> <span class='ocrx_word' id='word_1_102' title='bbox 2459 1116 2741 1169; x_wconf 83' lang='lat' dir='ltr'><strong>mandavit</strong></span> <span class='ocrx_word' id='word_1_103' title='bbox 2780 1115 2835 1169; x_wconf 90' lang='lat' dir='ltr'><strong>in</strong></span> <span class='ocrx_word' id='word_1_104' title='bbox 2876 1115 3023 1169; x_wconf 89' lang='lat' dir='ltr'><strong>mille</strong></span> <span class='ocrx_word' id='word_1_105' title='bbox 3049 1111 3452 1184; x_wconf 81' lang='lat' dir='ltr'><strong>generationes.</strong></span> 
     </span>
    </p>
   </div>
   <div class='ocr_carea' id='block_1_18' title="bbox 260 1202 1790 1277">
    <p class='ocr_par' dir='ltr' id='par_1_18' title="bbox 260 1202 1135 1277">
     <span class='ocr_line' id='line_1_18' title="bbox 260 1202 1135 1277; baseline 0.003 -21"><span class='ocrx_word' id='word_1_106' title='bbox 260 1204 351 1257; x_wconf 84' lang='grc'><strong>17.</strong></span> <span class='ocrx_word' id='word_1_107' title='bbox 385 1206 483 1256; x_wconf 84' lang='grc' dir='ltr'>Ὃν</span> <span class='ocrx_word' id='word_1_108' title='bbox 514 1202 719 1256; x_wconf 80' lang='grc' dir='ltr'>διέθετο</span> <span class='ocrx_word' id='word_1_109' title='bbox 752 1204 828 1274; x_wconf 84' lang='grc' dir='ltr'>τῷ</span> <span class='ocrx_word' id='word_1_110' title='bbox 864 1204 1135 1277; x_wconf 80' lang='grc' dir='ltr'>Ἀϐραὰμ,</span> 
     </span>
    </p>
   </div>
   <div class='ocr_carea' id='block_1_19' title="bbox 1316 1202 2846 1277">
    <p class='ocr_par' dir='ltr' id='par_1_19' title="bbox 1947 1205 2846 1277">
     <span class='ocr_line' id='line_1_19' title="bbox 1947 1205 2846 1277; baseline 0.002 -18"><span class='ocrx_word' id='word_1_111' title='bbox 1947 1205 2035 1259; x_wconf 86' lang='grc'><strong>17.</strong></span> <span class='ocrx_word' id='word_1_112' title='bbox 2062 1207 2220 1273; x_wconf 85' lang='lat' dir='ltr'><strong>Quod</strong></span> <span class='ocrx_word' id='word_1_113' title='bbox 2245 1208 2520 1277; x_wconf 86' lang='lat' dir='ltr'><strong>disposuit</strong></span> <span class='ocrx_word' id='word_1_114' title='bbox 2545 1208 2846 1271; x_wconf 80' lang='lat' dir='ltr'><strong>Abraham,</strong></span> 
     </span>
    </p>
   </div>
   <div class='ocr_carea' id='block_1_20' title="bbox 257 1294 1787 1369">
    <p class='ocr_par' dir='ltr' id='par_1_20' title="bbox 257 1294 1364 1369">
     <span class='ocr_line' id='line_1_20' title="bbox 257 1294 1364 1369; baseline 0.005 -22"><span class='ocrx_word' id='word_1_115' title='bbox 257 1294 346 1349; x_wconf 91' lang='grc'><strong>18.</strong></span> <span class='ocrx_word' id='word_1_116' title='bbox 384 1296 493 1348; x_wconf 80' lang='grc' dir='ltr'>Καὶ</span> <span class='ocrx_word' id='word_1_117' title='bbox 520 1295 613 1348; x_wconf 82' lang='grc' dir='ltr'>τοῦ</span> <span class='ocrx_word' id='word_1_118' title='bbox 646 1296 808 1366; x_wconf 82' lang='grc' dir='ltr'>ὅρκου</span> <span class='ocrx_word' id='word_1_119' title='bbox 840 1296 1007 1350; x_wconf 80' lang='grc' dir='ltr'>αὐτοῦ</span> <span class='ocrx_word' id='word_1_120' title='bbox 1042 1298 1120 1369; x_wconf 86' lang='grc' dir='ltr'><strong>τῷ</strong></span> <span class='ocrx_word' id='word_1_121' title='bbox 1158 1299 1364 1353; x_wconf 85' lang='grc' dir='ltr'>Ἰσαάκ.</span> 
     </span>
    </p>
   </div>
   <div class='ocr_carea' id='block_1_21' title="bbox 1237 1294 2767 1369">
    <p class='ocr_par' dir='ltr' id='par_1_21' title="bbox 1237 1297 2767 1367">
     <span class='ocr_line' id='line_1_21' title="bbox 1237 1297 2767 1367; baseline 0 -15"><span class='ocrx_word' id='word_1_122' title='bbox 1237 1300 1364 1353; x_wconf 86' lang='grc' dir='ltr'><strong>αάκ.</strong></span> <span class='ocrx_word' id='word_1_123' title='bbox 1946 1297 2033 1353; x_wconf 88' lang='grc'><strong>18.</strong></span> <span class='ocrx_word' id='word_1_124' title='bbox 2063 1297 2129 1353; x_wconf 88' lang='lat' dir='ltr'><strong>Et</strong></span> <span class='ocrx_word' id='word_1_125' title='bbox 2150 1299 2444 1367; x_wconf 89' lang='lat' dir='ltr'><strong>juramenti</strong></span> <span class='ocrx_word' id='word_1_126' title='bbox 2475 1301 2556 1353; x_wconf 91' lang='lat' dir='ltr'><strong>sui</strong></span> <span class='ocrx_word' id='word_1_127' title='bbox 2597 1297 2767 1354; x_wconf 87' lang='lat' dir='ltr'><strong>Isaac.</strong></span> 
     </span>
    </p>
   </div>
   <div class='ocr_carea' id='block_1_22' title="bbox 258 1387 1788 1462">
    <p class='ocr_par' dir='ltr' id='par_1_22' title="bbox 258 1387 1752 1462">
     <span class='ocr_line' id='line_1_22' title="bbox 258 1387 1752 1462; baseline 0.002 -21"><span class='ocrx_word' id='word_1_128' title='bbox 258 1389 347 1444; x_wconf 90' lang='grc'><strong>19.</strong></span> <span class='ocrx_word' id='word_1_129' title='bbox 381 1388 491 1442; x_wconf 93' lang='lat' dir='ltr'><strong>Kal</strong></span> <span class='ocrx_word' id='word_1_130' title='bbox 522 1387 752 1457; x_wconf 71' lang='grc' dir='ltr'>ἔστησεν</span> <span class='ocrx_word' id='word_1_131' title='bbox 787 1388 951 1442; x_wconf 80' lang='grc' dir='ltr'>αὐτὸν</span> <span class='ocrx_word' id='word_1_132' title='bbox 979 1388 1056 1458; x_wconf 84' lang='grc' dir='ltr'><strong>τῷ</strong></span> <span class='ocrx_word' id='word_1_133' title='bbox 1093 1390 1285 1443; x_wconf 82' lang='grc' dir='ltr'>Ἰακὼὸ</span> <span class='ocrx_word' id='word_1_134' title='bbox 1314 1393 1393 1453; x_wconf 83' lang='grc' dir='ltr'>εἰς</span> <span class='ocrx_word' id='word_1_135' title='bbox 1424 1389 1752 1462; x_wconf 82' lang='grc' dir='ltr'>πρόσταγμα</span> 
     </span>
    </p>
   </div>
   <div class='ocr_carea' id='block_1_23' title="bbox 1628 1387 3158 1462">
    <p class='ocr_par' dir='ltr' id='par_1_23' title="bbox 1628 1387 3158 1462">
     <span class='ocr_line' id='line_1_23' title="bbox 1628 1387 3158 1462; baseline -0.002 -20"><span class='ocrx_word' id='word_1_136' title='bbox 1628 1407 1752 1462; x_wconf 84' lang='grc' dir='ltr'>,γμα</span> <span class='ocrx_word' id='word_1_137' title='bbox 1946 1389 2031 1443; x_wconf 90' lang='grc'><strong>19.</strong></span> <span class='ocrx_word' id='word_1_138' title='bbox 2062 1387 2127 1442; x_wconf 85' lang='grc' dir='ltr'>Ει</span> <span class='ocrx_word' id='word_1_139' title='bbox 2156 1390 2345 1444; x_wconf 89' lang='lat' dir='ltr'><strong>statuit</strong></span> <span class='ocrx_word' id='word_1_140' title='bbox 2370 1389 2497 1443; x_wconf 90' lang='lat' dir='ltr'><strong>illud</strong></span> <span class='ocrx_word' id='word_1_141' title='bbox 2520 1387 2689 1443; x_wconf 78' lang='lat' dir='ltr'><strong>J-acob</strong></span> <span class='ocrx_word' id='word_1_142' title='bbox 2717 1390 2769 1441; x_wconf 88' lang='lat' dir='ltr'><strong>in</strong></span> <span class='ocrx_word' id='word_1_143' title='bbox 2802 1395 3158 1458; x_wconf 81' lang='lat' dir='ltr'><strong>praeceptum,</strong></span> 
     </span>
    </p>
   </div>
   <div class='ocr_carea' id='block_1_24' title="bbox 253 1479 1783 1552">
    <p class='ocr_par' dir='ltr' id='par_1_24' title="bbox 253 1479 1529 1552">
     <span class='ocr_line' id='line_1_24' title="bbox 253 1479 1529 1552; baseline -0.002 -17"><span class='ocrx_word' id='word_1_144' title='bbox 253 1479 346 1535; x_wconf 85' lang='grc'><strong>20.</strong></span> <span class='ocrx_word' id='word_1_145' title='bbox 381 1480 490 1533; x_wconf 84' lang='lat' dir='ltr'><strong>Kal</strong></span> <span class='ocrx_word' id='word_1_146' title='bbox 513 1479 594 1550; x_wconf 82' lang='grc' dir='ltr'>τῷ</span> <span class='ocrx_word' id='word_1_147' title='bbox 639 1480 855 1551; x_wconf 82' lang='grc' dir='ltr'>Ἰσραὴλ</span> <span class='ocrx_word' id='word_1_148' title='bbox 886 1481 965 1543; x_wconf 77' lang='grc' dir='ltr'><strong>εἰς</strong></span> <span class='ocrx_word' id='word_1_149' title='bbox 993 1479 1263 1552; x_wconf 81' lang='grc' dir='ltr'><strong>διαθήκην</strong></span> <span class='ocrx_word' id='word_1_150' title='bbox 1290 1481 1529 1535; x_wconf 72' lang='grc' dir='ltr'>αἰώνιον.</span> 
     </span>
    </p>
   </div>
   <div class='ocr_carea' id='block_1_25' title="bbox 1614 1479 3144 1552">
    <p class='ocr_par' dir='ltr' id='par_1_25' title="bbox 1943 1480 3144 1537">
     <span class='ocr_line' id='line_1_25' title="bbox 1943 1480 3144 1537; baseline -0.002 -2"><span class='ocrx_word' id='word_1_151' title='bbox 1943 1480 2034 1535; x_wconf 90' lang='grc'><strong>20.</strong></span> <span class='ocrx_word' id='word_1_152' title='bbox 2067 1481 2134 1536; x_wconf 85' lang='grc' dir='ltr'>Ει</span> <span class='ocrx_word' id='word_1_153' title='bbox 2157 1483 2321 1537; x_wconf 88' lang='lat' dir='ltr'><strong>Israel</strong></span> <span class='ocrx_word' id='word_1_154' title='bbox 2352 1483 2404 1536; x_wconf 92' lang='lat' dir='ltr'><strong>in</strong></span> <span class='ocrx_word' id='word_1_155' title='bbox 2434 1490 2819 1537; x_wconf 88' lang='lat' dir='ltr'><strong>testamentum</strong></span> <span class='ocrx_word' id='word_1_156' title='bbox 2854 1489 3144 1536; x_wconf 61' lang='lat' dir='ltr'><strong>aeternum.</strong></span> 
     </span>
    </p>
   </div>
   <div class='ocr_carea' id='block_1_26' title="bbox 251 1567 1781 1643">
    <p class='ocr_par' dir='ltr' id='par_1_26' title="bbox 251 1571 1489 1643">
     <span class='ocr_line' id='line_1_26' title="bbox 251 1571 1489 1643; baseline -0.001 -17"><span class='ocrx_word' id='word_1_157' title='bbox 251 1572 344 1626; x_wconf 88' lang='grc'><strong>21.</strong></span> <span class='ocrx_word' id='word_1_158' title='bbox 382 1574 570 1641; x_wconf 80' lang='grc' dir='ltr'><strong>Λέγων</strong></span> <span class='ocrx_word' id='word_1_159' title='bbox 597 1589 610 1603; x_wconf 79' lang='grc' dir='ltr'><strong>ο</strong></span> <span class='ocrx_word' id='word_1_160' title='bbox 644 1573 736 1625; x_wconf 79' lang='grc' dir='ltr'><strong>Σοὶ</strong></span> <span class='ocrx_word' id='word_1_161' title='bbox 768 1571 925 1624; x_wconf 83' lang='grc' dir='ltr'><strong>δώσω</strong></span> <span class='ocrx_word' id='word_1_162' title='bbox 952 1571 1050 1643; x_wconf 77' lang='grc' dir='ltr'>τὴν</span> <span class='ocrx_word' id='word_1_163' title='bbox 1081 1575 1186 1643; x_wconf 83' lang='grc' dir='ltr'><strong>γῆν</strong></span> <span class='ocrx_word' id='word_1_164' title='bbox 1216 1573 1436 1626; x_wconf 84' lang='grc' dir='ltr'>Χαναάν</span> <span class='ocrx_word' id='word_1_165' title='bbox 1473 1589 1489 1605; x_wconf 74' lang='grc' dir='ltr'><strong><em>ο</em></strong></span> 
     </span>
    </p>
   </div>
   <div class='ocr_carea' id='block_1_27' title="bbox 1644 1567 3174 1643">
    <p class='ocr_par' dir='ltr' id='par_1_27' title="bbox 1943 1567 3174 1633">
     <span class='ocr_line' id='line_1_27' title="bbox 1943 1567 3174 1633; baseline 0.001 -13"><span class='ocrx_word' id='word_1_166' title='bbox 1943 1568 2032 1621; x_wconf 95' lang='grc'><strong>21.</strong></span> <span class='ocrx_word' id='word_1_167' title='bbox 2070 1567 2306 1624; x_wconf 87' lang='lat' dir='ltr'><strong>Dicens:</strong></span> <span class='ocrx_word' id='word_1_168' title='bbox 2340 1568 2462 1624; x_wconf 87' lang='lat' dir='ltr'><strong>Tibi</strong></span> <span class='ocrx_word' id='word_1_169' title='bbox 2484 1570 2627 1624; x_wconf 88' lang='lat' dir='ltr'><strong>dabo</strong></span> <span class='ocrx_word' id='word_1_170' title='bbox 2663 1579 2865 1625; x_wconf 87' lang='lat' dir='ltr'><strong>terram</strong></span> <span class='ocrx_word' id='word_1_171' title='bbox 2891 1570 3174 1633; x_wconf 84' lang='lat' dir='ltr'><strong>Chanaan,</strong></span> 
     </span>
    </p>
   </div>
   <div class='ocr_carea' id='block_1_28' title="bbox 252 1659 1782 1736">
    <p class='ocr_par' dir='ltr' id='par_1_28' title="bbox 252 1664 1269 1736">
     <span class='ocr_line' id='line_1_28' title="bbox 252 1664 1269 1736; baseline -0.003 -17"><span class='ocrx_word' id='word_1_172' title='bbox 252 1665 345 1719; x_wconf 83' lang='grc'><strong>22.</strong></span> <span class='ocrx_word' id='word_1_173' title='bbox 371 1664 669 1736; x_wconf 86' lang='grc' dir='ltr'>Σχοίνισμα</span> <span class='ocrx_word' id='word_1_174' title='bbox 698 1664 1060 1736; x_wconf 76' lang='grc' dir='ltr'>κληρονομίας</span> <span class='ocrx_word' id='word_1_175' title='bbox 1094 1665 1269 1734; x_wconf 82' lang='grc' dir='ltr'>ὑμῶν.</span> 
     </span>
    </p>
   </div>
   <div class='ocr_carea' id='block_1_29' title="bbox 1469 1659 2999 1736">
    <p class='ocr_par' dir='ltr' id='par_1_29' title="bbox 1943 1659 2999 1717">
     <span class='ocr_line' id='line_1_29' title="bbox 1943 1659 2999 1717; baseline 0.002 -6"><span class='ocrx_word' id='word_1_176' title='bbox 1943 1660 2032 1713; x_wconf 89' lang='grc'><strong>22.</strong></span> <span class='ocrx_word' id='word_1_177' title='bbox 2071 1659 2398 1716; x_wconf 84' lang='lat' dir='ltr'><strong>Funiculum</strong></span> <span class='ocrx_word' id='word_1_178' title='bbox 2439 1662 2776 1717; x_wconf 74' lang='lat' dir='ltr'><strong>haereditatis</strong></span> <span class='ocrx_word' id='word_1_179' title='bbox 2800 1671 2999 1715; x_wconf 72' lang='lat' dir='ltr'><strong>vestrae</strong></span> 
     </span>
    </p>
   </div>
   <div class='ocr_carea' id='block_1_30' title="bbox 250 1750 1780 1828">
    <p class='ocr_par' dir='ltr' id='par_1_30' title="bbox 250 1754 1510 1828">
     <span class='ocr_line' id='line_1_30' title="bbox 250 1754 1510 1828; baseline -0.01 -15"><span class='ocrx_word' id='word_1_180' title='bbox 250 1759 343 1813; x_wconf 72' lang='grc'><strong>25.</strong></span> <span class='ocrx_word' id='word_1_181' title='bbox 392 1758 481 1811; x_wconf 88' lang='grc' dir='ltr'><strong>Ἐν</strong></span> <span class='ocrx_word' id='word_1_182' title='bbox 508 1758 586 1828; x_wconf 83' lang='grc' dir='ltr'><strong>τῷ</strong></span> <span class='ocrx_word' id='word_1_183' title='bbox 617 1754 753 1810; x_wconf 74' lang='grc' dir='ltr'>εἶναι</span> <span class='ocrx_word' id='word_1_184' title='bbox 783 1758 979 1821; x_wconf 79' lang='grc' dir='ltr'>αὐτοὺς</span> <span class='ocrx_word' id='word_1_185' title='bbox 1013 1755 1232 1827; x_wconf 84' lang='grc' dir='ltr'>ἀριθμῷ</span> <span class='ocrx_word' id='word_1_186' title='bbox 1266 1756 1510 1828; x_wconf 69' lang='grc' dir='ltr'>βραχεῖς,</span> 
     </span>
    </p>
   </div>
   <div class='ocr_carea' id='block_1_31' title="bbox 1540 1750 3070 1828">
    <p class='ocr_par' dir='ltr' id='par_1_31' title="bbox 1943 1750 3070 1822">
     <span class='ocr_line' id='line_1_31' title="bbox 1943 1750 3070 1822; baseline 0.002 -19"><span class='ocrx_word' id='word_1_187' title='bbox 1943 1751 2030 1804; x_wconf 77' lang='grc'><strong>25.</strong></span> <span class='ocrx_word' id='word_1_188' title='bbox 2067 1750 2205 1813; x_wconf 88' lang='lat' dir='ltr'><strong>Cum</strong></span> <span class='ocrx_word' id='word_1_189' title='bbox 2235 1764 2421 1807; x_wconf 89' lang='lat' dir='ltr'><strong>essent</strong></span> <span class='ocrx_word' id='word_1_190' title='bbox 2446 1754 2550 1822; x_wconf 90' lang='lat' dir='ltr'><strong>ipsi</strong></span> <span class='ocrx_word' id='word_1_191' title='bbox 2585 1769 2815 1808; x_wconf 85' lang='lat' dir='ltr'><strong>numero</strong></span> <span class='ocrx_word' id='word_1_192' title='bbox 2847 1753 3070 1816; x_wconf 85' lang='lat' dir='ltr'><strong>modici,</strong></span> 
     </span>
    </p>
   </div>
   <div class='ocr_carea' id='block_1_32' title="bbox 251 1841 1781 1919">
    <p class='ocr_par' dir='ltr' id='par_1_32' title="bbox 251 1848 1444 1919">
     <span class='ocr_line' id='line_1_32' title="bbox 251 1848 1444 1919; baseline -0.001 -16"><span class='ocrx_word' id='word_1_193' title='bbox 251 1850 341 1903; x_wconf 90' lang='grc'><strong>24.</strong></span> <span class='ocrx_word' id='word_1_194' title='bbox 391 1848 727 1917; x_wconf 79' lang='grc' dir='ltr'>Ὀλιγοστοὺς</span> <span class='ocrx_word' id='word_1_195' title='bbox 753 1850 847 1901; x_wconf 71' lang='grc' dir='ltr'><strong>καὶ</strong></span> <span class='ocrx_word' id='word_1_196' title='bbox 876 1848 1174 1918; x_wconf 83' lang='grc' dir='ltr'>παροίκους</span> <span class='ocrx_word' id='word_1_197' title='bbox 1198 1851 1255 1900; x_wconf 80' lang='grc' dir='ltr'><strong>ὲν</strong></span> <span class='ocrx_word' id='word_1_198' title='bbox 1285 1848 1444 1919; x_wconf 79' lang='grc' dir='ltr'>αὐτῇ.</span> 
     </span>
    </p>
   </div>
   <div class='ocr_carea' id='block_1_33' title="bbox 1332 1841 2862 1919">
    <p class='ocr_par' dir='ltr' id='par_1_33' title="bbox 1332 1841 2862 1919">
     <span class='ocr_line' id='line_1_33' title="bbox 1332 1841 2862 1919; baseline 0.003 -24"><span class='ocrx_word' id='word_1_199' title='bbox 1332 1848 1444 1919; x_wconf 66' lang='grc' dir='ltr'>ὺτῇ,</span> <span class='ocrx_word' id='word_1_200' title='bbox 1798 1843 1843 1903; x_wconf 82' lang='grc' dir='ltr'><strong>Β</strong></span> <span class='ocrx_word' id='word_1_201' title='bbox 1940 1841 2032 1895; x_wconf 76' lang='grc'><strong>24.</strong></span> <span class='ocrx_word' id='word_1_202' title='bbox 2066 1841 2391 1899; x_wconf 83' lang='lat' dir='ltr'><strong>Paucissimi</strong></span> <span class='ocrx_word' id='word_1_203' title='bbox 2414 1854 2468 1898; x_wconf 90' lang='lat' dir='ltr'><strong>et</strong></span> <span class='ocrx_word' id='word_1_204' title='bbox 2496 1845 2689 1899; x_wconf 69' lang='lat' dir='ltr'><strong>incolae</strong></span> <span class='ocrx_word' id='word_1_205' title='bbox 2721 1846 2862 1914; x_wconf 90' lang='lat' dir='ltr'><strong>ejus.</strong></span> 
     </span>
    </p>
   </div>
   <div class='ocr_carea' id='block_1_34' title="bbox 249 1934 1779 2012">
    <p class='ocr_par' dir='ltr' id='par_1_34' title="bbox 249 1939 1346 2012">
     <span class='ocr_line' id='line_1_34' title="bbox 249 1939 1346 2012; baseline -0.004 -17"><span class='ocrx_word' id='word_1_206' title='bbox 249 1941 344 1995; x_wconf 81' lang='grc'><strong>25.</strong></span> <span class='ocrx_word' id='word_1_207' title='bbox 367 1942 473 1995; x_wconf 82' lang='grc' dir='ltr'>Καὶ</span> <span class='ocrx_word' id='word_1_208' title='bbox 496 1940 711 2012; x_wconf 82' lang='grc' dir='ltr'><strong>διῆλθεν</strong></span> <span class='ocrx_word' id='word_1_209' title='bbox 742 1940 803 2004; x_wconf 78' lang='grc' dir='ltr'>ἐξ</span> <span class='ocrx_word' id='word_1_210' title='bbox 834 1940 1021 2003; x_wconf 80' lang='grc' dir='ltr'>ἔθνους</span> <span class='ocrx_word' id='word_1_211' title='bbox 1054 1941 1134 2003; x_wconf 77' lang='grc' dir='ltr'>εἰς</span> <span class='ocrx_word' id='word_1_212' title='bbox 1159 1939 1310 2003; x_wconf 70' lang='grc' dir='ltr'>ἔθνος</span> <span class='ocrx_word' id='word_1_213' title='bbox 1331 1956 1346 1971; x_wconf 76' lang='grc' dir='ltr'><strong><em>ο</em></strong></span> 
     </span>
    </p>
   </div>
   <div class='ocr_carea' id='block_1_35' title="bbox 1732 1934 3262 2012">
    <p class='ocr_par' dir='ltr' id='par_1_35' title="bbox 1947 1934 3262 2009">
     <span class='ocr_line' id='line_1_35' title="bbox 1947 1934 3262 2009; baseline 0.006 -22"><span class='ocrx_word' id='word_1_214' title='bbox 1947 1934 2038 1988; x_wconf 88' lang='grc'><strong>25.</strong></span> <span class='ocrx_word' id='word_1_215' title='bbox 2074 1935 2138 1988; x_wconf 87' lang='lat' dir='ltr'><strong>Et</strong></span> <span class='ocrx_word' id='word_1_216' title='bbox 2166 1936 2603 2005; x_wconf 89' lang='lat' dir='ltr'><strong>pertransierunt</strong></span> <span class='ocrx_word' id='word_1_217' title='bbox 2631 1938 2698 2005; x_wconf 87' lang='lat' dir='ltr'><strong>de</strong></span> <span class='ocrx_word' id='word_1_218' title='bbox 2728 1946 2886 2007; x_wconf 86' lang='lat' dir='ltr'><strong>gente</strong></span> <span class='ocrx_word' id='word_1_219' title='bbox 2915 1939 2979 1997; x_wconf 87' lang='lat' dir='ltr'><strong>iu</strong></span> <span class='ocrx_word' id='word_1_220' title='bbox 3001 1949 3217 2009; x_wconf 82' lang='lat' dir='ltr'><strong>gentem</strong></span> <span class='ocrx_word' id='word_1_221' title='bbox 3247 1958 3262 1996; x_wconf 89' lang='lat'><strong>:</strong></span> 
     </span>
    </p>
   </div>
   <div class='ocr_carea' id='block_1_36' title="bbox 252 2026 1782 2102">
    <p class='ocr_par' dir='ltr' id='par_1_36' title="bbox 252 2030 1390 2102">
     <span class='ocr_line' id='line_1_36' title="bbox 252 2030 1390 2102; baseline -0.004 -15"><span class='ocrx_word' id='word_1_222' title='bbox 252 2034 342 2089; x_wconf 86' lang='grc'><strong>26.</strong></span> <span class='ocrx_word' id='word_1_223' title='bbox 370 2033 480 2085; x_wconf 85' lang='lat' dir='ltr'><strong>Kal</strong></span> <span class='ocrx_word' id='word_1_224' title='bbox 505 2034 570 2085; x_wconf 82' lang='grc' dir='ltr'>ὲκ</span> <span class='ocrx_word' id='word_1_225' title='bbox 600 2031 877 2102; x_wconf 83' lang='grc' dir='ltr'>βασιλείας</span> <span class='ocrx_word' id='word_1_226' title='bbox 912 2031 992 2093; x_wconf 82' lang='grc' dir='ltr'>εἰς</span> <span class='ocrx_word' id='word_1_227' title='bbox 1016 2030 1143 2084; x_wconf 82' lang='grc' dir='ltr'>λαὸν</span> <span class='ocrx_word' id='word_1_228' title='bbox 1179 2030 1390 2101; x_wconf 73' lang='grc' dir='ltr'>ἕτερον.</span> 
     </span>
    </p>
   </div>
   <div class='ocr_carea' id='block_1_37' title="bbox 1564 2026 3094 2102">
    <p class='ocr_par' dir='ltr' id='par_1_37' title="bbox 1948 2026 3094 2099">
     <span class='ocr_line' id='line_1_37' title="bbox 1948 2026 3094 2099; baseline 0.004 -18"><span class='ocrx_word' id='word_1_229' title='bbox 1948 2027 2033 2082; x_wconf 85' lang='grc'><strong>26.</strong></span> <span class='ocrx_word' id='word_1_230' title='bbox 2071 2026 2137 2083; x_wconf 87' lang='lat' dir='ltr'><strong>Et</strong></span> <span class='ocrx_word' id='word_1_231' title='bbox 2163 2029 2231 2083; x_wconf 91' lang='lat' dir='ltr'><strong>de</strong></span> <span class='ocrx_word' id='word_1_232' title='bbox 2255 2044 2422 2099; x_wconf 84' lang='lat' dir='ltr'><strong>regno</strong></span> <span class='ocrx_word' id='word_1_233' title='bbox 2453 2029 2521 2084; x_wconf 90' lang='lat' dir='ltr'><strong>ad</strong></span> <span class='ocrx_word' id='word_1_234' title='bbox 2547 2029 2808 2099; x_wconf 88' lang='lat' dir='ltr'><strong>populum</strong></span> <span class='ocrx_word' id='word_1_235' title='bbox 2839 2030 3094 2086; x_wconf 87' lang='lat' dir='ltr'><strong>alterum.</strong></span> 
     </span>
    </p>
   </div>
   <div class='ocr_carea' id='block_1_38' title="bbox 1304 2227 2310 2288">
    <p class='ocr_par' dir='ltr' id='par_1_38' title="bbox 1304 2227 2310 2288">
     <span class='ocr_line' id='line_1_38' title="bbox 1304 2227 2310 2288; baseline 0.005 -5"><span class='ocrx_word' id='word_1_236' title='bbox 1304 2227 1679 2285; x_wconf 68' lang='lat' dir='ltr'><strong>ATHANASII</strong></span> <span class='ocrx_word' id='word_1_237' title='bbox 1717 2228 2310 2288; x_wconf 80' lang='lat' dir='ltr'><strong>INTERPRETATIO.</strong></span> 
     </span>
    </p>
   </div>
   <div class='ocr_carea' id='block_1_39' title="bbox 256 2384 1786 2472">
    <p class='ocr_par' dir='ltr' id='par_1_39' title="bbox 256 2384 1762 2460">
     <span class='ocr_line' id='line_1_39' title="bbox 256 2384 1762 2460; baseline 0.001 -20"><span class='ocrx_word' id='word_1_238' title='bbox 256 2386 341 2445; x_wconf 90' lang='grc'><strong>10.</strong></span> <span class='ocrx_word' id='word_1_239' title='bbox 364 2386 429 2440; x_wconf 86' lang='lat' dir='ltr'><strong>Al</strong></span> <span class='ocrx_word' id='word_1_240' title='bbox 462 2387 631 2453; x_wconf 78' lang='grc' dir='ltr'>ἰάσεις</span> <span class='ocrx_word' id='word_1_241' title='bbox 664 2390 756 2443; x_wconf 74' lang='grc' dir='ltr'><strong>καὶ</strong></span> <span class='ocrx_word' id='word_1_242' title='bbox 779 2390 834 2442; x_wconf 84' lang='grc' dir='ltr'>αἱ</span> <span class='ocrx_word' id='word_1_243' title='bbox 857 2386 1196 2445; x_wconf 77' lang='grc' dir='ltr'>διδασκαλίαι</span> <span class='ocrx_word' id='word_1_244' title='bbox 1226 2384 1321 2443; x_wconf 80' lang='grc' dir='ltr'>τοῦ</span> <span class='ocrx_word' id='word_1_245' title='bbox 1344 2386 1505 2458; x_wconf 83' lang='grc' dir='ltr'>λόγου</span> <span class='ocrx_word' id='word_1_246' title='bbox 1532 2390 1634 2459; x_wconf 85' lang='grc' dir='ltr'>τῆς</span> <span class='ocrx_word' id='word_1_247' title='bbox 1663 2388 1762 2460; x_wconf 84' lang='grc' dir='ltr'><strong>χά-</strong></span> 
     </span>
    </p>
   </div>
   <div class='ocr_carea' id='block_1_40' title="bbox 1922 2384 3452 2472">
    <p class='ocr_par' dir='ltr' id='par_1_40' title="bbox 1938 2388 3452 2472">
     <span class='ocr_line' id='line_1_40' title="bbox 1938 2388 3452 2472; baseline 0.01 -28"><span class='ocrx_word' id='word_1_248' title='bbox 1938 2389 2028 2444; x_wconf 90' lang='grc'><strong>10.</strong></span> <span class='ocrx_word' id='word_1_249' title='bbox 2067 2388 2413 2461; x_wconf 87' lang='lat' dir='ltr'><strong>Sanationes,</strong></span> <span class='ocrx_word' id='word_1_250' title='bbox 2460 2404 2513 2447; x_wconf 84' lang='lat' dir='ltr'><strong>et</strong></span> <span class='ocrx_word' id='word_1_251' title='bbox 2551 2392 2814 2449; x_wconf 68' lang='lat' dir='ltr'><strong>doctrina:</strong></span> <span class='ocrx_word' id='word_1_252' title='bbox 2856 2395 3007 2450; x_wconf 89' lang='lat' dir='ltr'><strong>verbi</strong></span> <span class='ocrx_word' id='word_1_253' title='bbox 3039 2399 3230 2469; x_wconf 70' lang='lat' dir='ltr'><strong>gratiae</strong></span> <span class='ocrx_word' id='word_1_254' title='bbox 3276 2402 3452 2472; x_wconf 76' lang='lat' dir='ltr'><strong>ipsius</strong></span> 
     </span>
    </p>
   </div>
   <div class='ocr_carea' id='block_1_41' title="bbox 180 2479 659 2551">
    <p class='ocr_par' dir='ltr' id='par_1_41' title="bbox 180 2479 659 2551">
     <span class='ocr_line' id='line_1_41' title="bbox 180 2479 659 2551; baseline 0.002 -19"><span class='ocrx_word' id='word_1_255' title='bbox 180 2496 329 2550; x_wconf 77' lang='grc' dir='ltr'>ριτος</span> <span class='ocrx_word' id='word_1_256' title='bbox 362 2479 528 2533; x_wconf 81' lang='grc' dir='ltr'>αὑτοῦ</span> <span class='ocrx_word' id='word_1_257' title='bbox 557 2481 659 2551; x_wconf 85' lang='grc'><strong>(1).</strong></span> 
     </span>
    </p>
   </div>
   <div class='ocr_carea' id='block_1_42' title="bbox 251 2566 1781 2642">
    <p class='ocr_par' dir='ltr' id='par_1_42' title="bbox 251 2570 1050 2642">
     <span class='ocr_line' id='line_1_42' title="bbox 251 2570 1050 2642; baseline 0.003 -18"><span class='ocrx_word' id='word_1_258' title='bbox 251 2571 337 2624; x_wconf 86' lang='grc'><strong>11.</strong></span> <span class='ocrx_word' id='word_1_259' title='bbox 367 2573 430 2625; x_wconf 84' lang='grc' dir='ltr'><strong>Οἱ</strong></span> <span class='ocrx_word' id='word_1_260' title='bbox 457 2574 638 2625; x_wconf 79' lang='grc' dir='ltr'>πιστοὶ</span> <span class='ocrx_word' id='word_1_261' title='bbox 670 2574 746 2636; x_wconf 82' lang='grc' dir='ltr'>ὡς</span> <span class='ocrx_word' id='word_1_262' title='bbox 775 2570 1050 2642; x_wconf 75' lang='grc' dir='ltr'>Ἀϐραάμ.</span> 
     </span>
    </p>
   </div>
   <div class='ocr_carea' id='block_1_43' title="bbox 1245 2566 2775 2642">
    <p class='ocr_par' dir='ltr' id='par_1_43' title="bbox 1948 2566 2775 2626">
     <span class='ocr_line' id='line_1_43' title="bbox 1948 2566 2775 2626; baseline 0.006 -5"><span class='ocrx_word' id='word_1_263' title='bbox 1948 2566 2029 2622; x_wconf 66' lang='lat' dir='ltr'><strong>ll.</strong></span> <span class='ocrx_word' id='word_1_264' title='bbox 2060 2568 2273 2625; x_wconf 87' lang='lat' dir='ltr'><strong>Fideles</strong></span> <span class='ocrx_word' id='word_1_265' title='bbox 2302 2570 2446 2625; x_wconf 89' lang='lat' dir='ltr'><strong>sicut</strong></span> <span class='ocrx_word' id='word_1_266' title='bbox 2475 2571 2775 2626; x_wconf 87' lang='lat' dir='ltr'><strong>Abraham.</strong></span> 
     </span>
    </p>
   </div>
   <div class='ocr_carea' id='block_1_44' title="bbox 253 2661 1783 2734">
    <p class='ocr_par' dir='ltr' id='par_1_44' title="bbox 253 2661 1764 2734">
     <span class='ocr_line' id='line_1_44' title="bbox 253 2661 1764 2734; baseline -0.001 -18"><span class='ocrx_word' id='word_1_267' title='bbox 253 2664 337 2721; x_wconf 85' lang='grc'><strong>12.</strong></span> <span class='ocrx_word' id='word_1_268' title='bbox 370 2666 433 2716; x_wconf 74' lang='lat' dir='ltr'><strong>Ol</strong></span> <span class='ocrx_word' id='word_1_269' title='bbox 468 2664 754 2718; x_wconf 72' lang='grc' dir='ltr'>ἀπόστολοι</span> <span class='ocrx_word' id='word_1_270' title='bbox 787 2665 863 2728; x_wconf 85' lang='grc' dir='ltr'>ὡς</span> <span class='ocrx_word' id='word_1_271' title='bbox 887 2661 1079 2716; x_wconf 80' lang='grc' dir='ltr'>Ἰακὼϐ</span> <span class='ocrx_word' id='word_1_272' title='bbox 1100 2702 1114 2727; x_wconf 91' lang='grc'><strong>,</strong></span> <span class='ocrx_word' id='word_1_273' title='bbox 1141 2661 1391 2715; x_wconf 79' lang='grc' dir='ltr'>τουτέστι</span> <span class='ocrx_word' id='word_1_274' title='bbox 1434 2662 1665 2734; x_wconf 77' lang='grc' dir='ltr'>καθαροὶ</span> <span class='ocrx_word' id='word_1_275' title='bbox 1697 2665 1764 2734; x_wconf 81' lang='grc' dir='ltr'>τῇ</span> 
     </span>
    </p>
   </div>
   <div class='ocr_carea' id='block_1_45' title="bbox 1928 2661 3458 2734">
    <p class='ocr_par' dir='ltr' id='par_1_45' title="bbox 1942 2661 3458 2729">
     <span class='ocr_line' id='line_1_45' title="bbox 1942 2661 3458 2729; baseline 0.007 -13"><span class='ocrx_word' id='word_1_276' title='bbox 1942 2662 2027 2716; x_wconf 90' lang='grc'><strong>12.</strong></span> <span class='ocrx_word' id='word_1_277' title='bbox 2064 2661 2316 2728; x_wconf 82' lang='lat' dir='ltr'><strong>Apostoli</strong></span> <span class='ocrx_word' id='word_1_278' title='bbox 2365 2663 2506 2718; x_wconf 91' lang='lat' dir='ltr'><strong>sicut</strong></span> <span class='ocrx_word' id='word_1_279' title='bbox 2543 2662 2733 2719; x_wconf 85' lang='lat' dir='ltr'><strong>Jacob.</strong></span> <span class='ocrx_word' id='word_1_280' title='bbox 2771 2666 2873 2720; x_wconf 94' lang='lat' dir='ltr'><strong>hoc</strong></span> <span class='ocrx_word' id='word_1_281' title='bbox 2918 2675 3002 2720; x_wconf 89' lang='lat' dir='ltr'><strong>est</strong></span> <span class='ocrx_word' id='word_1_282' title='bbox 3038 2667 3227 2723; x_wconf 90' lang='lat' dir='ltr'><strong>mundi</strong></span> <span class='ocrx_word' id='word_1_283' title='bbox 3256 2669 3458 2729; x_wconf 83' lang='lat' dir='ltr'><strong>corde:</strong></span> 
     </span>
    </p>
   </div>
   <div class='ocr_carea' id='block_1_46' title="bbox 175 2742 3099 2828">
    <p class='ocr_par' dir='ltr' id='par_1_46' title="bbox 175 2742 3099 2828">
     <span class='ocr_line' id='line_1_46' title="bbox 175 2742 3099 2828; baseline 0.005 -18"><span class='ocrx_word' id='word_1_284' title='bbox 175 2757 399 2828; x_wconf 80' lang='grc' dir='ltr'>καρδίᾳ.</span> <span class='ocrx_word' id='word_1_285' title='bbox 631 2803 639 2812; x_wconf 95' lang='grc'><strong>.</strong></span> <span class='ocrx_word' id='word_1_286' title='bbox 3087 2742 3099 2762; x_wconf 66' lang='grc'><strong>⁸</strong></span> 
     </span>
    </p>
   </div>
   <div class='ocr_carea' id='block_1_47' title="bbox 253 2837 1783 2921">
    <p class='ocr_par' dir='ltr' id='par_1_47' title="bbox 253 2844 1620 2921">
     <span class='ocr_line' id='line_1_47' title="bbox 253 2844 1620 2921; baseline -0.003 -18"><span class='ocrx_word' id='word_1_287' title='bbox 253 2850 339 2903; x_wconf 82' lang='grc'><strong>15.</strong></span> <span class='ocrx_word' id='word_1_288' title='bbox 381 2849 438 2903; x_wconf 88' lang='grc' dir='ltr'>Ὁ</span> <span class='ocrx_word' id='word_1_289' title='bbox 470 2848 528 2919; x_wconf 77' lang='grc' dir='ltr'>ἐξ</span> <span class='ocrx_word' id='word_1_290' title='bbox 551 2849 726 2921; x_wconf 77' lang='grc' dir='ltr'>ἀρχῆς</span> <span class='ocrx_word' id='word_1_291' title='bbox 755 2846 917 2911; x_wconf 82' lang='grc' dir='ltr'>αὐτὸς</span> <span class='ocrx_word' id='word_1_292' title='bbox 944 2846 1036 2900; x_wconf 77' lang='grc' dir='ltr'><strong>καὶ</strong></span> <span class='ocrx_word' id='word_1_293' title='bbox 1068 2846 1158 2899; x_wconf 71' lang='grc' dir='ltr'><strong>ἐπὶ</strong></span> <span class='ocrx_word' id='word_1_294' title='bbox 1184 2846 1286 2916; x_wconf 75' lang='grc' dir='ltr'><strong>γῆς</strong></span> <span class='ocrx_word' id='word_1_295' title='bbox 1311 2845 1497 2915; x_wconf 83' lang='grc' dir='ltr'>ὀφθείς</span> 
     </span>
    </p>
   </div>
   <div class='ocr_carea' id='block_1_48' title="bbox 1833 2837 3363 2921">
    <p class='ocr_par' dir='ltr' id='par_1_48' title="bbox 1942 2837 3363 2911">
     <span class='ocr_line' id='line_1_48' title="bbox 1942 2837 3363 2911; baseline 0.006 -20"><span class='ocrx_word' id='word_1_296' title='bbox 1942 2838 2031 2892; x_wconf 82' lang='grc'><strong>15.</strong></span> <span class='ocrx_word' id='word_1_297' title='bbox 2061 2837 2163 2904; x_wconf 82' lang='lat' dir='ltr'><strong>Qui</strong></span> <span class='ocrx_word' id='word_1_298' title='bbox 2189 2854 2218 2893; x_wconf 88' lang='lat' dir='ltr'><strong>a</strong></span> <span class='ocrx_word' id='word_1_299' title='bbox 2250 2839 2542 2911; x_wconf 91' lang='lat' dir='ltr'><strong>principio,</strong></span> <span class='ocrx_word' id='word_1_300' title='bbox 2581 2840 2722 2896; x_wconf 91' lang='lat' dir='ltr'><strong>idem</strong></span> <span class='ocrx_word' id='word_1_301' title='bbox 2760 2850 2814 2896; x_wconf 92' lang='lat' dir='ltr'><strong>et</strong></span> <span class='ocrx_word' id='word_1_302' title='bbox 2838 2843 2890 2896; x_wconf 94' lang='lat' dir='ltr'><strong>in</strong></span> <span class='ocrx_word' id='word_1_303' title='bbox 2920 2852 3064 2899; x_wconf 89' lang='lat' dir='ltr'><strong>terra</strong></span> <span class='ocrx_word' id='word_1_304' title='bbox 3091 2844 3241 2899; x_wconf 86' lang='lat' dir='ltr'><strong>visus</strong></span> <span class='ocrx_word' id='word_1_305' title='bbox 3262 2855 3363 2901; x_wconf 89' lang='lat' dir='ltr'><strong>est.</strong></span> 
     </span>
    </p>
   </div>
   <div class='ocr_carea' id='block_1_49' title="bbox 256 2927 1786 3009">
    <p class='ocr_par' dir='ltr' id='par_1_49' title="bbox 256 2937 1763 3009">
     <span class='ocr_line' id='line_1_49' title="bbox 256 2937 1763 3009; baseline -0.003 -13"><span class='ocrx_word' id='word_1_306' title='bbox 256 2942 340 2997; x_wconf 87' lang='grc'><strong>14.</strong></span> <span class='ocrx_word' id='word_1_307' title='bbox 377 2942 458 2996; x_wconf 78' lang='grc' dir='ltr'><strong>Τὰ</strong></span> <span class='ocrx_word' id='word_1_308' title='bbox 489 2945 546 2995; x_wconf 82' lang='grc' dir='ltr'><strong>ὲν</strong></span> <span class='ocrx_word' id='word_1_309' title='bbox 578 2944 689 3006; x_wconf 84' lang='grc' dir='ltr'>τοῖς</span> <span class='ocrx_word' id='word_1_310' title='bbox 739 2939 1092 3009; x_wconf 81' lang='grc' dir='ltr'>Εὐαγγελίοις</span> <span class='ocrx_word' id='word_1_311' title='bbox 1127 2939 1524 3009; x_wconf 82' lang='grc' dir='ltr'>προστάγματα</span> <span class='ocrx_word' id='word_1_312' title='bbox 1575 2937 1763 2993; x_wconf 81' lang='grc' dir='ltr'>αὑτοῦ.</span> 
     </span>
    </p>
   </div>
   <div class='ocr_carea' id='block_1_50' title="bbox 1922 2927 3452 3009">
    <p class='ocr_par' dir='ltr' id='par_1_50' title="bbox 1940 2927 3452 3003">
     <span class='ocr_line' id='line_1_50' title="bbox 1940 2927 3452 3003; baseline 0.006 -23"><span class='ocrx_word' id='word_1_313' title='bbox 1940 2927 2027 2980; x_wconf 89' lang='grc'><strong>14.</strong></span> <span class='ocrx_word' id='word_1_314' title='bbox 2062 2927 2337 2999; x_wconf 70' lang='lat' dir='ltr'><strong>Praecepta</strong></span> <span class='ocrx_word' id='word_1_315' title='bbox 2359 2930 2500 3000; x_wconf 90' lang='lat' dir='ltr'><strong>ejus,</strong></span> <span class='ocrx_word' id='word_1_316' title='bbox 2523 2946 2645 2999; x_wconf 81' lang='lat' dir='ltr'><strong>quae</strong></span> <span class='ocrx_word' id='word_1_317' title='bbox 2668 2930 2721 2983; x_wconf 92' lang='lat' dir='ltr'><strong>in</strong></span> <span class='ocrx_word' id='word_1_318' title='bbox 2744 2929 3053 3003; x_wconf 86' lang='lat' dir='ltr'><strong>Evangeliis</strong></span> <span class='ocrx_word' id='word_1_319' title='bbox 3076 2938 3452 2989; x_wconf 87' lang='lat' dir='ltr'><strong>continentur.</strong></span> 
     </span>
    </p>
   </div>
   <div class='ocr_carea' id='block_1_51' title="bbox 255 3016 1785 3107">
    <p class='ocr_par' dir='ltr' id='par_1_51' title="bbox 255 3031 1769 3107">
     <span class='ocr_line' id='line_1_51' title="bbox 255 3031 1769 3107; baseline -0.005 -17"><span class='ocrx_word' id='word_1_320' title='bbox 255 3035 339 3090; x_wconf 78' lang='grc'><strong>15.</strong></span> <span class='ocrx_word' id='word_1_321' title='bbox 368 3036 718 3107; x_wconf 85' lang='grc' dir='ltr'>Ἐπλήρωσεν</span> <span class='ocrx_word' id='word_1_322' title='bbox 740 3036 797 3088; x_wconf 80' lang='grc' dir='ltr'><strong>ἐν</strong></span> <span class='ocrx_word' id='word_1_323' title='bbox 818 3034 995 3106; x_wconf 83' lang='grc' dir='ltr'>καιρῷ</span> <span class='ocrx_word' id='word_1_324' title='bbox 1024 3034 1235 3104; x_wconf 77' lang='grc' dir='ltr'>ἐσχάτῳ</span> <span class='ocrx_word' id='word_1_325' title='bbox 1256 3031 1322 3085; x_wconf 84' lang='grc' dir='ltr'>τὰ</span> <span class='ocrx_word' id='word_1_326' title='bbox 1344 3033 1470 3103; x_wconf 73' lang='grc' dir='ltr'>περὶ</span> <span class='ocrx_word' id='word_1_327' title='bbox 1492 3032 1591 3103; x_wconf 81' lang='grc' dir='ltr'>τῆς</span> <span class='ocrx_word' id='word_1_328' title='bbox 1616 3031 1769 3102; x_wconf 40' lang='grc' dir='ltr'>βασι.-</span> 
     </span>
    </p>
   </div>
   <div class='ocr_carea' id='block_1_52' title="bbox 1921 3016 3451 3107">
    <p class='ocr_par' dir='ltr' id='par_1_52' title="bbox 1940 3016 3451 3095">
     <span class='ocr_line' id='line_1_52' title="bbox 1940 3016 3451 3095; baseline 0.006 -26"><span class='ocrx_word' id='word_1_329' title='bbox 1940 3016 2026 3070; x_wconf 86' lang='grc'><strong>15.</strong></span> <span class='ocrx_word' id='word_1_330' title='bbox 2056 3018 2374 3087; x_wconf 88' lang='lat' dir='ltr'><strong>lmplevitin</strong></span> <span class='ocrx_word' id='word_1_331' title='bbox 2407 3029 2651 3092; x_wconf 90' lang='lat' dir='ltr'><strong>tempore</strong></span> <span class='ocrx_word' id='word_1_332' title='bbox 2680 3022 2983 3077; x_wconf 89' lang='lat' dir='ltr'><strong>novissimo</strong></span> <span class='ocrx_word' id='word_1_333' title='bbox 3019 3038 3141 3093; x_wconf 65' lang='lat' dir='ltr'><strong>qua:</strong></span> <span class='ocrx_word' id='word_1_334' title='bbox 3176 3023 3244 3078; x_wconf 82' lang='lat' dir='ltr'><strong>de</strong></span> <span class='ocrx_word' id='word_1_335' title='bbox 3280 3039 3451 3095; x_wconf 73' lang='lat' dir='ltr'><strong>regno</strong></span> 
     </span>
    </p>
   </div>
   <div class='ocr_carea' id='block_1_53' title="bbox 176 3111 1706 3192">
    <p class='ocr_par' dir='ltr' id='par_1_53' title="bbox 176 3127 1223 3192">
     <span class='ocr_line' id='line_1_53' title="bbox 176 3127 1223 3192; baseline -0.01 -9"><span class='ocrx_word' id='word_1_336' title='bbox 176 3129 331 3192; x_wconf 83' lang='grc' dir='ltr'>λείας</span> <span class='ocrx_word' id='word_1_337' title='bbox 359 3128 424 3180; x_wconf 79' lang='grc' dir='ltr'><strong>αὑ</strong></span> <span class='ocrx_word' id='word_1_338' title='bbox 433 3127 549 3181; x_wconf 83' lang='grc' dir='ltr'>τοῦ.</span> <span class='ocrx_word' id='word_1_339' title='bbox 1214 3164 1223 3173; x_wconf 94' lang='grc'>.</span> 
     </span>
    </p>
   </div>
   <div class='ocr_carea' id='block_1_54' title="bbox 821 3111 2351 3192">
    <p class='ocr_par' dir='ltr' id='par_1_54' title="bbox 1214 3111 2351 3181">
     <span class='ocr_line' id='line_1_54' title="bbox 1214 3111 2351 3181; baseline 0.009 -25"><span class='ocrx_word' id='word_1_340' title='bbox 1214 3164 1223 3173; x_wconf 87' lang='lat'>_</span> <span class='ocrx_word' id='word_1_341' title='bbox 1870 3123 1970 3164; x_wconf 89' lang='lat' dir='ltr'><strong>suo</strong></span> <span class='ocrx_word' id='word_1_342' title='bbox 2000 3111 2351 3181; x_wconf 89' lang='lat' dir='ltr'><strong>promiserat.</strong></span> 
     </span>
    </p>
   </div>
   <div class='ocr_carea' id='block_1_55' title="bbox 249 3198 1779 3291">
    <p class='ocr_par' dir='ltr' id='par_1_55' title="bbox 249 3211 1764 3291">
     <span class='ocr_line' id='line_1_55' title="bbox 249 3211 1764 3291; baseline 0 -17"><span class='ocrx_word' id='word_1_343' title='bbox 249 3220 337 3275; x_wconf 88' lang='grc'><strong>16.</strong></span> <span class='ocrx_word' id='word_1_344' title='bbox 376 3220 513 3291; x_wconf 75' lang='grc' dir='ltr'>Περὶ</span> <span class='ocrx_word' id='word_1_345' title='bbox 542 3218 634 3272; x_wconf 78' lang='grc' dir='ltr'>τοῦ</span> <span class='ocrx_word' id='word_1_346' title='bbox 660 3218 864 3281; x_wconf 82' lang='grc' dir='ltr'>πάθους</span> <span class='ocrx_word' id='word_1_347' title='bbox 893 3218 1077 3284; x_wconf 78' lang='grc' dir='ltr'>αὑτοῦ,</span> <span class='ocrx_word' id='word_1_348' title='bbox 1105 3211 1166 3271; x_wconf 75' lang='grc' dir='ltr'>οὗ</span> <span class='ocrx_word' id='word_1_349' title='bbox 1196 3218 1457 3290; x_wconf 76' lang='grc' dir='ltr'>προέλεγε</span> <span class='ocrx_word' id='word_1_350' title='bbox 1487 3217 1607 3272; x_wconf 81' lang='grc' dir='ltr'>καθ’</span> <span class='ocrx_word' id='word_1_351' title='bbox 1633 3218 1764 3274; x_wconf 81' lang='grc' dir='ltr'>ἐκά-</span> 
     </span>
    </p>
   </div>
   <div class='ocr_carea' id='block_1_56' title="bbox 1922 3198 3452 3291">
    <p class='ocr_par' dir='ltr' id='par_1_56' title="bbox 1942 3198 3452 3279">
     <span class='ocr_line' id='line_1_56' title="bbox 1942 3198 3452 3279; baseline 0.007 -26"><span class='ocrx_word' id='word_1_352' title='bbox 1942 3199 2031 3255; x_wconf 88' lang='grc'><strong>16.</strong></span> <span class='ocrx_word' id='word_1_353' title='bbox 2061 3198 2137 3255; x_wconf 93' lang='lat' dir='ltr'><strong>De</strong></span> <span class='ocrx_word' id='word_1_354' title='bbox 2167 3201 2421 3268; x_wconf 82' lang='lat' dir='ltr'><strong>passione</strong></span> <span class='ocrx_word' id='word_1_355' title='bbox 2454 3216 2575 3269; x_wconf 92' lang='lat' dir='ltr'><strong>sua,</strong></span> <span class='ocrx_word' id='word_1_356' title='bbox 2612 3219 2777 3273; x_wconf 90' lang='lat' dir='ltr'><strong>quam</strong></span> <span class='ocrx_word' id='word_1_357' title='bbox 2823 3204 3076 3275; x_wconf 67' lang='lat' dir='ltr'><strong>praedixit</strong></span> <span class='ocrx_word' id='word_1_358' title='bbox 3117 3205 3173 3260; x_wconf 89' lang='lat' dir='ltr'><strong>in</strong></span> <span class='ocrx_word' id='word_1_359' title='bbox 3219 3209 3452 3279; x_wconf 80' lang='lat' dir='ltr'><strong>singulis</strong></span> 
     </span>
    </p>
   </div>
   <div class='ocr_carea' id='block_1_57' title="bbox 179 3293 1709 3385">
    <p class='ocr_par' dir='ltr' id='par_1_57' title="bbox 179 3308 1125 3385">
     <span class='ocr_line' id='line_1_57' title="bbox 179 3308 1125 3385; baseline -0.002 -20"><span class='ocrx_word' id='word_1_360' title='bbox 179 3330 315 3385; x_wconf 72' lang='grc' dir='ltr'>στην</span> <span class='ocrx_word' id='word_1_361' title='bbox 340 3312 533 3382; x_wconf 84' lang='grc' dir='ltr'>γενεὰν</span> <span class='ocrx_word' id='word_1_362' title='bbox 558 3311 648 3366; x_wconf 84' lang='grc' dir='ltr'>διὰ</span> <span class='ocrx_word' id='word_1_363' title='bbox 674 3309 783 3363; x_wconf 83' lang='grc' dir='ltr'><strong>τῶν</strong></span> <span class='ocrx_word' id='word_1_364' title='bbox 809 3308 1125 3382; x_wconf 80' lang='grc' dir='ltr'>προφητῶν.</span> 
     </span>
    </p>
   </div>
   <div class='ocr_carea' id='block_1_58' title="bbox 1258 3293 2788 3385">
    <p class='ocr_par' dir='ltr' id='par_1_58' title="bbox 1794 3293 2788 3381">
     <span class='ocr_line' id='line_1_58' title="bbox 1794 3293 2788 3381; baseline 0.003 -34"><span class='ocrx_word' id='word_1_365' title='bbox 1794 3318 1843 3381; x_wconf 76' lang='lat' dir='ltr'>c</span> <span class='ocrx_word' id='word_1_366' title='bbox 1873 3293 2314 3365; x_wconf 81' lang='lat' dir='ltr'><strong>generationibus</strong></span> <span class='ocrx_word' id='word_1_367' title='bbox 2342 3308 2441 3363; x_wconf 90' lang='lat' dir='ltr'><strong>per</strong></span> <span class='ocrx_word' id='word_1_368' title='bbox 2470 3295 2788 3364; x_wconf 88' lang='lat' dir='ltr'><strong>prophetas.</strong></span> 
     </span>
    </p>
   </div>
   <div class='ocr_carea' id='block_1_59' title="bbox 253 3383 1783 3472">
    <p class='ocr_par' dir='ltr' id='par_1_59' title="bbox 253 3383 1769 3472">
     <span class='ocr_line' id='line_1_59' title="bbox 253 3383 1769 3472; baseline -0.005 -13"><span class='ocrx_word' id='word_1_369' title='bbox 253 3383 343 3459; x_wconf 84' lang='grc'><strong>17.</strong></span> <span class='ocrx_word' id='word_1_370' title='bbox 374 3403 497 3457; x_wconf 85' lang='grc' dir='ltr'>Ὅτι</span> <span class='ocrx_word' id='word_1_371' title='bbox 530 3399 651 3456; x_wconf 79' lang='grc' dir='ltr'>εἷπε</span> <span class='ocrx_word' id='word_1_372' title='bbox 678 3401 754 3471; x_wconf 84' lang='grc' dir='ltr'>τῷ</span> <span class='ocrx_word' id='word_1_373' title='bbox 782 3400 1035 3472; x_wconf 83' lang='grc' dir='ltr'>’Δϐραάμ</span> <span class='ocrx_word' id='word_1_374' title='bbox 1054 3416 1067 3429; x_wconf 89' lang='grc'>·</span> <span class='ocrx_word' id='word_1_375' title='bbox 1107 3401 1299 3453; x_wconf 90' lang='grc' dir='ltr'>Ἔσται</span> <span class='ocrx_word' id='word_1_376' title='bbox 1329 3399 1391 3451; x_wconf 85' lang='grc' dir='ltr'><strong>τὸ</strong></span> <span class='ocrx_word' id='word_1_377' title='bbox 1424 3401 1647 3471; x_wconf 83' lang='grc' dir='ltr'>σπέρμα</span> <span class='ocrx_word' id='word_1_378' title='bbox 1675 3416 1769 3453; x_wconf 86' lang='grc' dir='ltr'><strong>σου</strong></span> 
     </span>
    </p>
   </div>
   <div class='ocr_carea' id='block_1_60' title="bbox 1923 3383 3453 3472">
    <p class='ocr_par' dir='ltr' id='par_1_60' title="bbox 1946 3383 3453 3450">
     <span class='ocr_line' id='line_1_60' title="bbox 1946 3383 3453 3450; baseline 0.007 -13"><span class='ocrx_word' id='word_1_379' title='bbox 1946 3383 2031 3439; x_wconf 89' lang='grc'><strong>17.</strong></span> <span class='ocrx_word' id='word_1_380' title='bbox 2063 3383 2332 3450; x_wconf 84' lang='lat' dir='ltr'><strong>Quoniam</strong></span> <span class='ocrx_word' id='word_1_381' title='bbox 2379 3385 2517 3440; x_wconf 80' lang='lat' dir='ltr'><strong>dixit</strong></span> <span class='ocrx_word' id='word_1_382' title='bbox 2554 3385 2829 3442; x_wconf 83' lang='lat' dir='ltr'><strong>Abraham</strong></span> <span class='ocrx_word' id='word_1_383' title='bbox 2868 3402 2887 3447; x_wconf 85' lang='lat'><strong>:</strong></span> <span class='ocrx_word' id='word_1_384' title='bbox 2926 3385 3043 3443; x_wconf 89' lang='lat' dir='ltr'><strong>Erit</strong></span> <span class='ocrx_word' id='word_1_385' title='bbox 3084 3405 3269 3446; x_wconf 86' lang='lat' dir='ltr'><strong>semen</strong></span> <span class='ocrx_word' id='word_1_386' title='bbox 3298 3399 3453 3447; x_wconf 90' lang='lat' dir='ltr'><strong>tuum</strong></span> 
     </span>
    </p>
   </div>
   <div class='ocr_carea' id='block_1_61' title="bbox 179 3476 1709 3565">
    <p class='ocr_par' dir='ltr' id='par_1_61' title="bbox 179 3490 1709 3565">
     <span class='ocr_line' id='line_1_61' title="bbox 179 3490 1709 3565; baseline -0.006 -15"><span class='ocrx_word' id='word_1_387' title='bbox 179 3496 257 3561; x_wconf 82' lang='grc' dir='ltr'>ὡς</span> <span class='ocrx_word' id='word_1_388' title='bbox 288 3496 360 3550; x_wconf 82' lang='grc' dir='ltr'>τὰ</span> <span class='ocrx_word' id='word_1_389' title='bbox 397 3495 573 3565; x_wconf 77' lang='grc' dir='ltr'>ἄστρα</span> <span class='ocrx_word' id='word_1_390' title='bbox 616 3490 708 3547; x_wconf 82' lang='grc' dir='ltr'>τοῦ</span> <span class='ocrx_word' id='word_1_391' title='bbox 743 3492 975 3561; x_wconf 79' lang='grc' dir='ltr'>οὐρανοῦ</span> <span class='ocrx_word' id='word_1_392' title='bbox 1007 3491 1086 3562; x_wconf 86' lang='grc' dir='ltr'>τῷ</span> <span class='ocrx_word' id='word_1_393' title='bbox 1125 3490 1321 3560; x_wconf 82' lang='grc' dir='ltr'>πλήθει</span> <span class='ocrx_word' id='word_1_394' title='bbox 1352 3490 1448 3543; x_wconf 70' lang='grc' dir='ltr'><strong>καὶ</strong></span> <span class='ocrx_word' id='word_1_395' title='bbox 1487 3490 1565 3561; x_wconf 80' lang='grc' dir='ltr'>τῷ</span> <span class='ocrx_word' id='word_1_396' title='bbox 1610 3507 1709 3559; x_wconf 63' lang='lat' dir='ltr'><strong>(pum</strong></span> 
     </span>
    </p>
   </div>
   <div class='ocr_carea' id='block_1_62' title="bbox 1531 3476 3061 3565">
    <p class='ocr_par' dir='ltr' id='par_1_62' title="bbox 1531 3476 3061 3561">
     <span class='ocr_line' id='line_1_62' title="bbox 1531 3476 3061 3561; baseline 0.004 -31"><span class='ocrx_word' id='word_1_397' title='bbox 1531 3490 1565 3561; x_wconf 56' lang='grc' dir='ltr'><strong>ᾧ</strong></span> <span class='ocrx_word' id='word_1_398' title='bbox 1610 3490 1767 3559; x_wconf 74' lang='grc' dir='ltr'>φωτί,</span> <span class='ocrx_word' id='word_1_399' title='bbox 1872 3476 2013 3533; x_wconf 90' lang='lat' dir='ltr'><strong>sicut</strong></span> <span class='ocrx_word' id='word_1_400' title='bbox 2042 3486 2190 3531; x_wconf 88' lang='lat' dir='ltr'><strong>astra</strong></span> <span class='ocrx_word' id='word_1_401' title='bbox 2211 3478 2333 3532; x_wconf 78' lang='lat' dir='ltr'><strong>cceli</strong></span> <span class='ocrx_word' id='word_1_402' title='bbox 2364 3480 2728 3541; x_wconf 88' lang='lat' dir='ltr'><strong>multitudine,</strong></span> <span class='ocrx_word' id='word_1_403' title='bbox 2764 3488 2817 3534; x_wconf 84' lang='lat' dir='ltr'><strong>et</strong></span> <span class='ocrx_word' id='word_1_404' title='bbox 2846 3480 2966 3536; x_wconf 90' lang='lat' dir='ltr'><strong>luce</strong></span> <span class='ocrx_word' id='word_1_405' title='bbox 2994 3481 3061 3535; x_wconf 80' lang='grc'><strong>’³.</strong></span> 
     </span>
    </p>
   </div>
   <div class='ocr_carea' id='block_1_63' title="bbox 256 3566 1786 3656">
    <p class='ocr_par' dir='ltr' id='par_1_63' title="bbox 256 3581 1769 3656">
     <span class='ocr_line' id='line_1_63' title="bbox 256 3581 1769 3656; baseline -0.004 -15"><span class='ocrx_word' id='word_1_406' title='bbox 256 3588 344 3641; x_wconf 91' lang='grc'><strong>18.</strong></span> <span class='ocrx_word' id='word_1_407' title='bbox 374 3588 486 3641; x_wconf 87' lang='lat' dir='ltr'><strong>Kal</strong></span> <span class='ocrx_word' id='word_1_408' title='bbox 519 3587 620 3656; x_wconf 80' lang='grc' dir='ltr'>τὴν</span> <span class='ocrx_word' id='word_1_409' title='bbox 655 3585 836 3639; x_wconf 86' lang='grc' dir='ltr'>πίστιν</span> <span class='ocrx_word' id='word_1_410' title='bbox 872 3583 1019 3655; x_wconf 81' lang='grc' dir='ltr'>αὐτῷ</span> <span class='ocrx_word' id='word_1_411' title='bbox 1051 3584 1127 3655; x_wconf 78' lang='grc' dir='ltr'><strong>τῷ</strong></span> <span class='ocrx_word' id='word_1_412' title='bbox 1157 3582 1271 3654; x_wconf 88' lang='grc' dir='ltr'>λαῷ</span> <span class='ocrx_word' id='word_1_413' title='bbox 1299 3583 1396 3654; x_wconf 82' lang='grc' dir='ltr'><strong>τῆς</strong></span> <span class='ocrx_word' id='word_1_414' title='bbox 1432 3583 1651 3655; x_wconf 86' lang='grc' dir='ltr'>χάριτος</span> <span class='ocrx_word' id='word_1_415' title='bbox 1691 3581 1769 3651; x_wconf 79' lang='grc'><strong>(5)</strong></span> 
     </span>
    </p>
   </div>
   <div class='ocr_carea' id='block_1_64' title="bbox 1922 3566 3452 3656">
    <p class='ocr_par' dir='ltr' id='par_1_64' title="bbox 1943 3566 3452 3646">
     <span class='ocr_line' id='line_1_64' title="bbox 1943 3566 3452 3646; baseline 0.003 -24"><span class='ocrx_word' id='word_1_416' title='bbox 1943 3566 2029 3622; x_wconf 89' lang='grc'><strong>18.</strong></span> <span class='ocrx_word' id='word_1_417' title='bbox 2062 3566 2129 3621; x_wconf 85' lang='grc' dir='ltr'>Ει</span> <span class='ocrx_word' id='word_1_418' title='bbox 2153 3568 2308 3621; x_wconf 84' lang='lat' dir='ltr'><strong>fidem</strong></span> <span class='ocrx_word' id='word_1_419' title='bbox 2342 3569 2515 3622; x_wconf 92' lang='lat' dir='ltr'><strong>eidem</strong></span> <span class='ocrx_word' id='word_1_420' title='bbox 2546 3570 2747 3638; x_wconf 92' lang='lat' dir='ltr'><strong>populo</strong></span> <span class='ocrx_word' id='word_1_421' title='bbox 2777 3571 2963 3640; x_wconf 79' lang='lat' dir='ltr'><strong>gratiae</strong></span> <span class='ocrx_word' id='word_1_422' title='bbox 2996 3567 3245 3646; x_wconf 72' lang='lat' dir='ltr'><strong>[laetitiae]</strong></span> <span class='ocrx_word' id='word_1_423' title='bbox 3282 3590 3297 3640; x_wconf 91' lang='lat'><strong>;</strong></span> <span class='ocrx_word' id='word_1_424' title='bbox 3329 3588 3452 3627; x_wconf 88' lang='lat' dir='ltr'><strong>nam</strong></span> 
     </span>
    </p>
   </div>
   <div class='ocr_carea' id='block_1_65' title="bbox 180 3658 1710 3752">
    <p class='ocr_par' dir='ltr' id='par_1_65' title="bbox 180 3672 1710 3752">
     <span class='ocr_line' id='line_1_65' title="bbox 180 3672 1710 3752; baseline -0.006 -18"><span class='ocrx_word' id='word_1_425' title='bbox 180 3678 428 3752; x_wconf 78' lang='grc' dir='ltr'><strong>[χαρᾶς].</strong></span> <span class='ocrx_word' id='word_1_426' title='bbox 452 3678 652 3749; x_wconf 88' lang='grc' dir='ltr'>Ὅρκος</span> <span class='ocrx_word' id='word_1_427' title='bbox 700 3676 809 3749; x_wconf 85' lang='grc' dir='ltr'><strong>γὰρ</strong></span> <span class='ocrx_word' id='word_1_428' title='bbox 855 3677 1040 3739; x_wconf 87' lang='grc' dir='ltr'>πίστις</span> <span class='ocrx_word' id='word_1_429' title='bbox 1078 3676 1249 3730; x_wconf 79' lang='grc' dir='ltr'>ἐστίν.</span> <span class='ocrx_word' id='word_1_430' title='bbox 1276 3672 1483 3729; x_wconf 81' lang='grc' dir='ltr'>Ἰακὼϐ</span> <span class='ocrx_word' id='word_1_431' title='bbox 1504 3674 1563 3727; x_wconf 85' lang='grc' dir='ltr'>δὲ</span> <span class='ocrx_word' id='word_1_432' title='bbox 1592 3674 1710 3744; x_wconf 66' lang='grc' dir='ltr'>ὲρμπ</span> 
     </span>
    </p>
   </div>
   <div class='ocr_carea' id='block_1_66' title="bbox 1925 3658 3455 3752">
    <p class='ocr_par' dir='ltr' id='par_1_66' title="bbox 1925 3660 3455 3736">
     <span class='ocr_line' id='line_1_66' title="bbox 1925 3660 3455 3736; baseline 0.005 -24"><span class='ocrx_word' id='word_1_433' title='bbox 1925 3669 2240 3713; x_wconf 90' lang='lat' dir='ltr'><strong>.ramentum</strong></span> <span class='ocrx_word' id='word_1_434' title='bbox 2289 3660 2422 3715; x_wconf 86' lang='lat' dir='ltr'><strong>lides</strong></span> <span class='ocrx_word' id='word_1_435' title='bbox 2466 3669 2567 3715; x_wconf 87' lang='lat' dir='ltr'><strong>est.</strong></span> <span class='ocrx_word' id='word_1_436' title='bbox 2608 3660 2774 3713; x_wconf 85' lang='lat' dir='ltr'><strong>Jacob</strong></span> <span class='ocrx_word' id='word_1_437' title='bbox 2823 3670 3003 3716; x_wconf 89' lang='lat' dir='ltr'><strong>autem</strong></span> <span class='ocrx_word' id='word_1_438' title='bbox 3066 3663 3455 3736; x_wconf 88' lang='lat' dir='ltr'><strong>interpretatur</strong></span> 
     </span>
    </p>
   </div>
   <div class='ocr_carea' id='block_1_67' title="bbox 184 3752 1714 3841">
    <p class='ocr_par' dir='ltr' id='par_1_67' title="bbox 184 3770 632 3841">
     <span class='ocr_line' id='line_1_67' title="bbox 184 3770 632 3841; baseline 0.002 -15"><span class='ocrx_word' id='word_1_439' title='bbox 184 3772 402 3829; x_wconf 69' lang='grc' dir='ltr'>νεύεται</span> <span class='ocrx_word' id='word_1_440' title='bbox 438 3770 632 3841; x_wconf 79' lang='grc' dir='ltr'>χάρις.</span> 
     </span>
    </p>
   </div>
   <div class='ocr_carea' id='block_1_68' title="bbox 538 3752 2068 3841">
    <p class='ocr_par' dir='ltr' id='par_1_68' title="bbox 538 3752 2068 3835">
     <span class='ocr_line' id='line_1_68' title="bbox 538 3752 2068 3835; baseline 0 -32"><span class='ocrx_word' id='word_1_441' title='bbox 538 3788 632 3835; x_wconf 52' lang='grc' dir='ltr'><strong>ης.</strong></span> <span class='ocrx_word' id='word_1_442' title='bbox 1871 3752 2068 3822; x_wconf 82' lang='lat' dir='ltr'><strong>gratia.</strong></span> 
     </span>
    </p>
   </div>
   <div class='ocr_carea' id='block_1_69' title="bbox 258 3840 1788 3929">
    <p class='ocr_par' dir='ltr' id='par_1_69' title="bbox 258 3854 1768 3929">
     <span class='ocr_line' id='line_1_69' title="bbox 258 3854 1768 3929; baseline -0.007 -15"><span class='ocrx_word' id='word_1_443' title='bbox 258 3860 339 3914; x_wconf 86' lang='grc'><strong>19.</strong></span> <span class='ocrx_word' id='word_1_444' title='bbox 377 3861 485 3913; x_wconf 72' lang='grc' dir='ltr'><strong>Καὶ</strong></span> <span class='ocrx_word' id='word_1_445' title='bbox 516 3859 831 3929; x_wconf 76' lang='grc' dir='ltr'>ἐπλήρωσεν</span> <span class='ocrx_word' id='word_1_446' title='bbox 866 3856 1035 3927; x_wconf 80' lang='grc' dir='ltr'>αὐτὴν</span> <span class='ocrx_word' id='word_1_447' title='bbox 1063 3854 1360 3910; x_wconf 82' lang='grc' dir='ltr'>ἀσάλευτον</span> <span class='ocrx_word' id='word_1_448' title='bbox 1402 3854 1500 3924; x_wconf 79' lang='grc' dir='ltr'>τὴν</span> <span class='ocrx_word' id='word_1_449' title='bbox 1524 3854 1768 3920; x_wconf 45' lang='grc' dir='ltr'>ἐπαγγελ-</span> 
     </span>
    </p>
   </div>
   <div class='ocr_carea' id='block_1_70' title="bbox 1921 3840 3451 3929">
    <p class='ocr_par' dir='ltr' id='par_1_70' title="bbox 1942 3840 3451 3914">
     <span class='ocr_line' id='line_1_70' title="bbox 1942 3840 3451 3914; baseline 0 -19"><span class='ocrx_word' id='word_1_450' title='bbox 1942 3842 2028 3895; x_wconf 86' lang='grc'><strong>19.</strong></span> <span class='ocrx_word' id='word_1_451' title='bbox 2062 3840 2128 3894; x_wconf 90' lang='lat' dir='ltr'><strong>Et</strong></span> <span class='ocrx_word' id='word_1_452' title='bbox 2155 3841 2399 3911; x_wconf 85' lang='lat' dir='ltr'><strong>implevit</strong></span> <span class='ocrx_word' id='word_1_453' title='bbox 2429 3841 2604 3910; x_wconf 87' lang='lat' dir='ltr'><strong>ipsam</strong></span> <span class='ocrx_word' id='word_1_454' title='bbox 2657 3841 3164 3898; x_wconf 86' lang='lat' dir='ltr'><strong>incommutabilem</strong></span> <span class='ocrx_word' id='word_1_455' title='bbox 3214 3846 3451 3914; x_wconf 66' lang='lat' dir='ltr'><strong>promis-</strong></span> 
     </span>
    </p>
   </div>
   <div class='ocr_carea' id='block_1_71' title="bbox 179 3932 1709 4021">
    <p class='ocr_par' dir='ltr' id='par_1_71' title="bbox 179 3942 1709 4021">
     <span class='ocr_line' id='line_1_71' title="bbox 179 3942 1709 4021; baseline -0.008 -14"><span class='ocrx_word' id='word_1_456' title='bbox 179 3955 300 4007; x_wconf 85' lang='grc' dir='ltr'>λίαν</span> <span class='ocrx_word' id='word_1_457' title='bbox 326 3951 426 4021; x_wconf 78' lang='grc' dir='ltr'>τῆς</span> <span class='ocrx_word' id='word_1_458' title='bbox 454 3951 689 4013; x_wconf 85' lang='grc' dir='ltr'>πίστεως</span> <span class='ocrx_word' id='word_1_459' title='bbox 716 3948 795 4019; x_wconf 81' lang='grc' dir='ltr'>τῷ</span> <span class='ocrx_word' id='word_1_460' title='bbox 823 3947 939 4018; x_wconf 84' lang='grc' dir='ltr'>λαῷ</span> <span class='ocrx_word' id='word_1_461' title='bbox 974 3945 1053 4017; x_wconf 85' lang='grc' dir='ltr'>τῷ</span> <span class='ocrx_word' id='word_1_462' title='bbox 1078 3945 1150 4001; x_wconf 85' lang='grc' dir='ltr'>τὰ</span> <span class='ocrx_word' id='word_1_463' title='bbox 1181 3944 1309 4017; x_wconf 86' lang='grc' dir='ltr'>τέλη</span> <span class='ocrx_word' id='word_1_464' title='bbox 1345 3944 1453 3998; x_wconf 85' lang='grc' dir='ltr'>τῶν</span> <span class='ocrx_word' id='word_1_465' title='bbox 1496 3942 1709 3996; x_wconf 82' lang='grc' dir='ltr'>Ἰουδαὶι</span> 
     </span>
    </p>
   </div>
   <div class='ocr_carea' id='block_1_72' title="bbox 1914 3932 3444 4021">
    <p class='ocr_par' dir='ltr' id='par_1_72' title="bbox 1914 3932 3444 4003">
     <span class='ocr_line' id='line_1_72' title="bbox 1914 3932 3444 4003; baseline 0.005 -18"><span class='ocrx_word' id='word_1_466' title='bbox 1914 3949 2078 3987; x_wconf 86' lang='lat' dir='ltr'><strong>onem</strong></span> <span class='ocrx_word' id='word_1_467' title='bbox 2106 3932 2231 3987; x_wconf 82' lang='lat' dir='ltr'><strong>ﬁdei</strong></span> <span class='ocrx_word' id='word_1_468' title='bbox 2256 3933 2456 4003; x_wconf 91' lang='lat' dir='ltr'><strong>populo</strong></span> <span class='ocrx_word' id='word_1_469' title='bbox 2479 3934 2752 3988; x_wconf 89' lang='lat' dir='ltr'><strong>delinenti</strong></span> <span class='ocrx_word' id='word_1_470' title='bbox 2772 3935 3073 3990; x_wconf 89' lang='lat' dir='ltr'><strong>novissima</strong></span> <span class='ocrx_word' id='word_1_471' title='bbox 3107 3934 3444 3992; x_wconf 63' lang='lat' dir='ltr'><strong>Iudaeorum.</strong></span> 
     </span>
    </p>
   </div>
   <div class='ocr_carea' id='block_1_73' title="bbox 181 4043 2179 4112">
    <p class='ocr_par' dir='ltr' id='par_1_73' title="bbox 181 4043 2179 4112">
     <span class='ocr_line' id='line_1_73' title="bbox 181 4043 2179 4112; baseline -0.003 -13"><span class='ocrx_word' id='word_1_472' title='bbox 181 4043 530 4112; x_wconf 80' lang='grc' dir='ltr'>κατασχόντι.</span> <span class='ocrx_word' id='word_1_473' title='bbox 2074 4110 2106 4112; x_wconf 35' lang='grc' dir='ltr'><strong>Α</strong></span> <span class='ocrx_word' id='word_1_474' title='bbox 2178 4070 2179 4073; x_wconf 58' lang='grc' dir='ltr'><strong>η</strong></span> 
     </span>
    </p>
   </div>
   <div class='ocr_carea' id='block_1_74' title="bbox 247 4110 1777 4198">
    <p class='ocr_par' dir='ltr' id='par_1_74' title="bbox 247 4110 1766 4198">
     <span class='ocr_line' id='line_1_74' title="bbox 247 4110 1766 4198; baseline -0.006 -10"><span class='ocrx_word' id='word_1_475' title='bbox 247 4134 338 4188; x_wconf 88' lang='grc'><strong>20.</strong></span> <span class='ocrx_word' id='word_1_476' title='bbox 367 4110 479 4187; x_wconf 77' lang='lat' dir='ltr'><strong>Kal</strong></span> <span class='ocrx_word' id='word_1_477' title='bbox 515 4135 628 4195; x_wconf 87' lang='grc' dir='ltr'>τοῖς</span> <span class='ocrx_word' id='word_1_478' title='bbox 680 4131 1002 4195; x_wconf 84' lang='grc' dir='ltr'>ἀποστόλοις</span> <span class='ocrx_word' id='word_1_479' title='bbox 1069 4130 1163 4184; x_wconf 75' lang='grc' dir='ltr'><strong>καὶ</strong></span> <span class='ocrx_word' id='word_1_480' title='bbox 1219 4131 1331 4192; x_wconf 85' lang='grc' dir='ltr'>τοῖς</span> <span class='ocrx_word' id='word_1_481' title='bbox 1386 4128 1563 4198; x_wconf 81' lang='grc' dir='ltr'>ἁγίοις</span> <span class='ocrx_word' id='word_1_482' title='bbox 1630 4127 1766 4180; x_wconf 74' lang='grc' dir='ltr'>πᾶσι</span> 
     </span>
    </p>
   </div>
   <div class='ocr_carea' id='block_1_75' title="bbox 1919 4110 3449 4198">
    <p class='ocr_par' dir='ltr' id='par_1_75' title="bbox 1939 4110 3449 4180">
     <span class='ocr_line' id='line_1_75' title="bbox 1939 4110 3449 4180; baseline 0.003 -13"><span class='ocrx_word' id='word_1_483' title='bbox 1939 4112 2029 4167; x_wconf 82' lang='grc'><strong>20.</strong></span> <span class='ocrx_word' id='word_1_484' title='bbox 2068 4110 2135 4166; x_wconf 89' lang='lat' dir='ltr'><strong>Et</strong></span> <span class='ocrx_word' id='word_1_485' title='bbox 2175 4112 2440 4180; x_wconf 89' lang='lat' dir='ltr'><strong>apostolis</strong></span> <span class='ocrx_word' id='word_1_486' title='bbox 2488 4122 2543 4168; x_wconf 90' lang='lat' dir='ltr'><strong>et</strong></span> <span class='ocrx_word' id='word_1_487' title='bbox 2592 4112 2800 4167; x_wconf 89' lang='lat' dir='ltr'><strong>sanctis</strong></span> <span class='ocrx_word' id='word_1_488' title='bbox 2840 4111 3098 4169; x_wconf 90' lang='lat' dir='ltr'><strong>omnibus</strong></span> <span class='ocrx_word' id='word_1_489' title='bbox 3139 4113 3449 4171; x_wconf 85' lang='lat' dir='ltr'><strong>videntibus</strong></span> 
     </span>
    </p>
   </div>
   <div class='ocr_carea' id='block_1_76' title="bbox 174 4204 1704 4297">
    <p class='ocr_par' dir='ltr' id='par_1_76' title="bbox 174 4218 1704 4297">
     <span class='ocr_line' id='line_1_76' title="bbox 174 4218 1704 4297; baseline -0.007 -15"><span class='ocrx_word' id='word_1_490' title='bbox 174 4230 292 4290; x_wconf 74' lang='grc' dir='ltr'>τοῖς</span> <span class='ocrx_word' id='word_1_491' title='bbox 312 4226 510 4297; x_wconf 77' lang='grc' dir='ltr'>ὁρῶσιν</span> <span class='ocrx_word' id='word_1_492' title='bbox 533 4224 693 4278; x_wconf 85' lang='grc' dir='ltr'>αὐτὸν</span> <span class='ocrx_word' id='word_1_493' title='bbox 719 4226 778 4277; x_wconf 82' lang='grc' dir='ltr'>ὲν</span> <span class='ocrx_word' id='word_1_494' title='bbox 803 4221 1108 4292; x_wconf 82' lang='grc' dir='ltr'>ὁμοιώματι</span> <span class='ocrx_word' id='word_1_495' title='bbox 1155 4218 1478 4291; x_wconf 81' lang='grc' dir='ltr'>ἀνθρώπων,</span> <span class='ocrx_word' id='word_1_496' title='bbox 1520 4218 1613 4271; x_wconf 68' lang='grc' dir='ltr'><strong>καὶ</strong></span> <span class='ocrx_word' id='word_1_497' title='bbox 1633 4220 1704 4289; x_wconf 85' lang='grc' dir='ltr'><strong>όμ</strong></span> 
     </span>
    </p>
   </div>
   <div class='ocr_carea' id='block_1_77' title="bbox 1915 4204 3445 4297">
    <p class='ocr_par' dir='ltr' id='par_1_77' title="bbox 1915 4204 3445 4263">
     <span class='ocr_line' id='line_1_77' title="bbox 1915 4204 3445 4263; baseline 0.002 -4"><span class='ocrx_word' id='word_1_498' title='bbox 1915 4221 1994 4260; x_wconf 77' lang='lat' dir='ltr'><strong>im</strong></span> <span class='ocrx_word' id='word_1_499' title='bbox 2038 4205 2091 4259; x_wconf 90' lang='lat' dir='ltr'><strong>in</strong></span> <span class='ocrx_word' id='word_1_500' title='bbox 2144 4204 2558 4260; x_wconf 89' lang='lat' dir='ltr'><strong>similitudinem</strong></span> <span class='ocrx_word' id='word_1_501' title='bbox 2610 4205 2894 4259; x_wconf 89' lang='lat' dir='ltr'><strong>hominum</strong></span> <span class='ocrx_word' id='word_1_502' title='bbox 2946 4213 3002 4259; x_wconf 90' lang='lat' dir='ltr'><strong>et</strong></span> <span class='ocrx_word' id='word_1_503' title='bbox 3057 4206 3445 4263; x_wconf 73' lang='lat' dir='ltr'><strong>confitentibus</strong></span> 
     </span>
    </p>
   </div>
   <div class='ocr_carea' id='block_1_78' title="bbox 174 4297 1704 4386">
    <p class='ocr_par' dir='ltr' id='par_1_78' title="bbox 174 4305 1674 4386">
     <span class='ocr_line' id='line_1_78' title="bbox 174 4305 1674 4386; baseline -0.009 -14"><span class='ocrx_word' id='word_1_504' title='bbox 174 4317 428 4386; x_wconf 82' lang='grc' dir='ltr'>λογοῦσιν</span> <span class='ocrx_word' id='word_1_505' title='bbox 457 4315 639 4380; x_wconf 75' lang='grc' dir='ltr'>αὐτὸν,</span> <span class='ocrx_word' id='word_1_506' title='bbox 670 4313 746 4376; x_wconf 86' lang='grc' dir='ltr'>ὡς</span> <span class='ocrx_word' id='word_1_507' title='bbox 791 4312 923 4366; x_wconf 87' lang='grc' dir='ltr'>Θεὸν</span> <span class='ocrx_word' id='word_1_508' title='bbox 951 4312 1026 4381; x_wconf 83' lang='grc'><strong>(4)</strong></span> <span class='ocrx_word' id='word_1_509' title='bbox 1080 4312 1202 4363; x_wconf 77' lang='grc' dir='ltr'>κατ’</span> <span class='ocrx_word' id='word_1_510' title='bbox 1226 4307 1434 4371; x_wconf 77' lang='grc' dir='ltr'>οὐσίαν,</span> <span class='ocrx_word' id='word_1_511' title='bbox 1486 4305 1674 4376; x_wconf 82' lang='grc' dir='ltr'>ὥσπερ</span> 
     </span>
    </p>
   </div>
   <div class='ocr_carea' id='block_1_79' title="bbox 1913 4297 3443 4386">
    <p class='ocr_par' dir='ltr' id='par_1_79' title="bbox 1913 4297 3443 4369">
     <span class='ocr_line' id='line_1_79' title="bbox 1913 4297 3443 4369; baseline 0.001 -16"><span class='ocrx_word' id='word_1_512' title='bbox 1913 4314 1993 4353; x_wconf 80' lang='lat' dir='ltr'><strong>um</strong></span> <span class='ocrx_word' id='word_1_513' title='bbox 2021 4307 2081 4352; x_wconf 91' lang='lat' dir='ltr'><strong>ut</strong></span> <span class='ocrx_word' id='word_1_514' title='bbox 2106 4297 2273 4353; x_wconf 90' lang='lat' dir='ltr'><strong>Deum</strong></span> <span class='ocrx_word' id='word_1_515' title='bbox 2309 4298 2606 4353; x_wconf 86' lang='lat' dir='ltr'><strong>secundum</strong></span> <span class='ocrx_word' id='word_1_516' title='bbox 2638 4297 2956 4363; x_wconf 88' lang='lat' dir='ltr'><strong>essentiam,</strong></span> <span class='ocrx_word' id='word_1_517' title='bbox 2982 4298 3443 4369; x_wconf 89' lang='lat' dir='ltr'><strong>quemadmodum</strong></span> 
     </span>
    </p>
   </div>
   <div class='ocr_carea' id='block_1_80' title="bbox 189 4389 1719 4478">
    <p class='ocr_par' dir='ltr' id='par_1_80' title="bbox 189 4404 939 4478">
     <span class='ocr_line' id='line_1_80' title="bbox 189 4404 939 4478; baseline -0.012 -13"><span class='ocrx_word' id='word_1_518' title='bbox 189 4406 433 4478; x_wconf 65' lang='grc' dir='ltr'>Ἰσραὴλ</span> <span class='ocrx_word' id='word_1_519' title='bbox 458 4405 613 4476; x_wconf 78' lang='grc' dir='ltr'><strong>ὀρῶν</strong></span> <span class='ocrx_word' id='word_1_520' title='bbox 634 4404 741 4458; x_wconf 72' lang='grc' dir='ltr'><strong>τὸν</strong></span> <span class='ocrx_word' id='word_1_521' title='bbox 769 4405 939 4458; x_wconf 74' lang='grc' dir='ltr'>Θεόν.</span> 
     </span>
    </p>
   </div>
   <div class='ocr_carea' id='block_1_81' title="bbox 1349 4389 2879 4478">
    <p class='ocr_par' dir='ltr' id='par_1_81' title="bbox 1870 4389 2879 4459">
     <span class='ocr_line' id='line_1_81' title="bbox 1870 4389 2879 4459; baseline -0.002 -16"><span class='ocrx_word' id='word_1_522' title='bbox 1870 4389 2042 4445; x_wconf 75' lang='lat' dir='ltr'><strong>Israel</strong></span> <span class='ocrx_word' id='word_1_523' title='bbox 2064 4390 2241 4443; x_wconf 80' lang='lat' dir='ltr'><strong>videns</strong></span> <span class='ocrx_word' id='word_1_524' title='bbox 2276 4389 2442 4442; x_wconf 88' lang='lat' dir='ltr'><strong>Deum</strong></span> <span class='ocrx_word' id='word_1_525' title='bbox 2474 4390 2879 4459; x_wconf 88' lang='lat' dir='ltr'><strong>interpretatur.</strong></span> 
     </span>
    </p>
   </div>
   <div class='ocr_carea' id='block_1_82' title="bbox 250 4481 1780 4567">
    <p class='ocr_par' dir='ltr' id='par_1_82' title="bbox 250 4487 1765 4567">
     <span class='ocr_line' id='line_1_82' title="bbox 250 4487 1765 4567; baseline -0.007 -14"><span class='ocrx_word' id='word_1_526' title='bbox 250 4500 341 4553; x_wconf 86' lang='grc'><strong>21.</strong></span> <span class='ocrx_word' id='word_1_527' title='bbox 370 4498 558 4567; x_wconf 85' lang='grc' dir='ltr'>Λέγων</span> <span class='ocrx_word' id='word_1_528' title='bbox 588 4496 667 4567; x_wconf 83' lang='grc' dir='ltr'><strong>τῷ</strong></span> <span class='ocrx_word' id='word_1_529' title='bbox 696 4494 843 4567; x_wconf 82' lang='grc' dir='ltr'>χορῷ</span> <span class='ocrx_word' id='word_1_530' title='bbox 876 4492 985 4547; x_wconf 85' lang='grc' dir='ltr'><strong>τῶν</strong></span> <span class='ocrx_word' id='word_1_531' title='bbox 1018 4492 1332 4545; x_wconf 84' lang='grc' dir='ltr'>ἀποστόλων</span> <span class='ocrx_word' id='word_1_532' title='bbox 1360 4506 1371 4519; x_wconf 92' lang='grc'><strong>·</strong></span> <span class='ocrx_word' id='word_1_533' title='bbox 1427 4489 1586 4559; x_wconf 86' lang='grc' dir='ltr'>Ὑμῖν</span> <span class='ocrx_word' id='word_1_534' title='bbox 1608 4487 1765 4543; x_wconf 85' lang='grc' dir='ltr'>δώσω</span> 
     </span>
    </p>
   </div>
   <div class='ocr_carea' id='block_1_83' title="bbox 1912 4481 3442 4567">
    <p class='ocr_par' dir='ltr' id='par_1_83' title="bbox 1937 4481 3442 4552">
     <span class='ocr_line' id='line_1_83' title="bbox 1937 4481 3442 4552; baseline 0.002 -15"><span class='ocrx_word' id='word_1_535' title='bbox 1937 4485 1997 4537; x_wconf 85' lang='grc'><strong>21</strong></span> <span class='ocrx_word' id='word_1_536' title='bbox 2011 4526 2023 4537; x_wconf 94' lang='grc'><strong>.</strong></span> <span class='ocrx_word' id='word_1_537' title='bbox 2057 4483 2251 4539; x_wconf 86' lang='lat' dir='ltr'><strong>Dicens</strong></span> <span class='ocrx_word' id='word_1_538' title='bbox 2267 4484 2435 4537; x_wconf 89' lang='lat' dir='ltr'><strong>choro</strong></span> <span class='ocrx_word' id='word_1_539' title='bbox 2457 4483 2824 4552; x_wconf 90' lang='lat' dir='ltr'><strong>apostolorum</strong></span> <span class='ocrx_word' id='word_1_540' title='bbox 2845 4501 2860 4539; x_wconf 90' lang='lat'><strong>:</strong></span> <span class='ocrx_word' id='word_1_541' title='bbox 2882 4481 3046 4538; x_wconf 81' lang='lat' dir='ltr'><strong>Vobis</strong></span> <span class='ocrx_word' id='word_1_542' title='bbox 3064 4483 3206 4538; x_wconf 88' lang='lat' dir='ltr'><strong>dabo</strong></span> <span class='ocrx_word' id='word_1_543' title='bbox 3226 4499 3442 4540; x_wconf 90' lang='lat' dir='ltr'><strong>omnem</strong></span> 
     </span>
    </p>
   </div>
   <div class='ocr_carea' id='block_1_84' title="bbox 178 4571 1708 4657">
    <p class='ocr_par' dir='ltr' id='par_1_84' title="bbox 178 4576 1705 4657">
     <span class='ocr_line' id='line_1_84' title="bbox 178 4576 1705 4657; baseline -0.009 -14"><span class='ocrx_word' id='word_1_544' title='bbox 178 4590 361 4644; x_wconf 79' lang='grc' dir='ltr'>πάντα</span> <span class='ocrx_word' id='word_1_545' title='bbox 382 4588 472 4640; x_wconf 84' lang='grc' dir='ltr'><strong>τὸν</strong></span> <span class='ocrx_word' id='word_1_546' title='bbox 494 4588 697 4657; x_wconf 86' lang='grc' dir='ltr'>κόσμον</span> <span class='ocrx_word' id='word_1_547' title='bbox 725 4584 833 4638; x_wconf 84' lang='grc' dir='ltr'><strong>τῶν</strong></span> <span class='ocrx_word' id='word_1_548' title='bbox 865 4582 1060 4637; x_wconf 83' lang='grc' dir='ltr'>ὲθνῶν.</span> <span class='ocrx_word' id='word_1_549' title='bbox 1085 4582 1325 4635; x_wconf 73' lang='grc' dir='ltr'>Χαναὰν</span> <span class='ocrx_word' id='word_1_550' title='bbox 1340 4579 1447 4649; x_wconf 82' lang='grc' dir='ltr'><strong>γὰρ</strong></span> <span class='ocrx_word' id='word_1_551' title='bbox 1469 4576 1705 4649; x_wconf 79' lang='grc' dir='ltr'>ἑρμηνεύ</span> 
     </span>
    </p>
   </div>
   <div class='ocr_carea' id='block_1_85' title="bbox 1914 4571 3444 4657">
    <p class='ocr_par' dir='ltr' id='par_1_85' title="bbox 1914 4571 3444 4644">
     <span class='ocr_line' id='line_1_85' title="bbox 1914 4571 3444 4644; baseline 0.001 -17"><span class='ocrx_word' id='word_1_552' title='bbox 1914 4576 2130 4627; x_wconf 74' lang='grc' dir='ltr'>ιυηάυιη</span> <span class='ocrx_word' id='word_1_553' title='bbox 2155 4573 2420 4643; x_wconf 86' lang='lat' dir='ltr'><strong>gentium.</strong></span> <span class='ocrx_word' id='word_1_554' title='bbox 2447 4571 2722 4625; x_wconf 82' lang='lat' dir='ltr'><strong>Chanaam</strong></span> <span class='ocrx_word' id='word_1_555' title='bbox 2743 4573 2887 4627; x_wconf 92' lang='lat' dir='ltr'><strong>enim</strong></span> <span class='ocrx_word' id='word_1_556' title='bbox 2926 4573 3315 4644; x_wconf 84' lang='lat' dir='ltr'><strong>interpretatur</strong></span> <span class='ocrx_word' id='word_1_557' title='bbox 3348 4575 3444 4628; x_wconf 86' lang='lat' dir='ltr'><strong>ad-</strong></span> 
     </span>
    </p>
   </div>
   <div class='ocr_carea' id='block_1_86' title="bbox 173 4664 1703 4748">
    <p class='ocr_par' dir='ltr' id='par_1_86' title="bbox 173 4666 1698 4748">
     <span class='ocr_line' id='line_1_86' title="bbox 173 4666 1698 4748; baseline -0.009 -11"><span class='ocrx_word' id='word_1_558' title='bbox 173 4699 270 4737; x_wconf 84' lang='grc' dir='ltr'><strong>ται</strong></span> <span class='ocrx_word' id='word_1_559' title='bbox 286 4678 648 4748; x_wconf 77' lang='grc' dir='ltr'>προσκυνῶν</span> <span class='ocrx_word' id='word_1_560' title='bbox 668 4677 784 4746; x_wconf 76' lang='grc' dir='ltr'>τὴν</span> <span class='ocrx_word' id='word_1_561' title='bbox 803 4677 876 4747; x_wconf 90' lang='grc'><strong>(5)</strong></span> <span class='ocrx_word' id='word_1_562' title='bbox 904 4675 1180 4743; x_wconf 81' lang='grc' dir='ltr'>ἀνομίαν,</span> <span class='ocrx_word' id='word_1_563' title='bbox 1199 4672 1334 4742; x_wconf 83' lang='grc' dir='ltr'>ὅπερ</span> <span class='ocrx_word' id='word_1_564' title='bbox 1356 4666 1495 4741; x_wconf 80' lang='grc' dir='ltr'>ἦσαν</span> <span class='ocrx_word' id='word_1_565' title='bbox 1523 4668 1589 4722; x_wconf 77' lang='grc' dir='ltr'>τὰ</span> <span class='ocrx_word' id='word_1_566' title='bbox 1611 4668 1698 4724; x_wconf 77' lang='grc' dir='ltr'>ἐθν</span> 
     </span>
    </p>
   </div>
   <div class='ocr_carea' id='block_1_87' title="bbox 1522 4664 3052 4748">
    <p class='ocr_par' dir='ltr' id='par_1_87' title="bbox 1523 4664 3052 4741">
     <span class='ocr_line' id='line_1_87' title="bbox 1523 4664 3052 4741; baseline -0.004 -19"><span class='ocrx_word' id='word_1_567' title='bbox 1523 4668 1589 4722; x_wconf 78' lang='grc' dir='ltr'>τὰ</span> <span class='ocrx_word' id='word_1_568' title='bbox 1611 4668 1757 4741; x_wconf 76' lang='grc' dir='ltr'>ἔθνη.</span> <span class='ocrx_word' id='word_1_569' title='bbox 1794 4686 1838 4741; x_wconf 75' lang='lat' dir='ltr'><strong>D</strong></span> <span class='ocrx_word' id='word_1_570' title='bbox 1868 4681 2026 4718; x_wconf 82' lang='lat' dir='ltr'><strong>orans</strong></span> <span class='ocrx_word' id='word_1_571' title='bbox 2051 4665 2407 4734; x_wconf 77' lang='lat' dir='ltr'><strong>iniquitatem,</strong></span> <span class='ocrx_word' id='word_1_572' title='bbox 2437 4664 2630 4733; x_wconf 87' lang='lat' dir='ltr'><strong>quales</strong></span> <span class='ocrx_word' id='word_1_573' title='bbox 2660 4673 2816 4717; x_wconf 81' lang='lat' dir='ltr'><strong>erant</strong></span> <span class='ocrx_word' id='word_1_574' title='bbox 2844 4673 3052 4734; x_wconf 86' lang='lat' dir='ltr'><strong>gentes.</strong></span> 
     </span>
    </p>
   </div>
   <div class='ocr_carea' id='block_1_88' title="bbox 249 4754 1779 4842">
    <p class='ocr_par' dir='ltr' id='par_1_88' title="bbox 249 4759 1688 4842">
     <span class='ocr_line' id='line_1_88' title="bbox 249 4759 1688 4842; baseline -0.008 -16"><span class='ocrx_word' id='word_1_575' title='bbox 249 4772 343 4827; x_wconf 85' lang='grc'><strong>22.</strong></span> <span class='ocrx_word' id='word_1_576' title='bbox 395 4771 725 4842; x_wconf 80' lang='grc' dir='ltr'>Ἀπέραντον</span> <span class='ocrx_word' id='word_1_577' title='bbox 746 4768 948 4838; x_wconf 82' lang='grc' dir='ltr'>πλῆθος</span> <span class='ocrx_word' id='word_1_578' title='bbox 985 4766 1085 4836; x_wconf 78' lang='grc' dir='ltr'>τῆς</span> <span class='ocrx_word' id='word_1_579' title='bbox 1117 4760 1483 4835; x_wconf 84' lang='grc' dir='ltr'>κληρονομίας</span> <span class='ocrx_word' id='word_1_580' title='bbox 1510 4759 1688 4831; x_wconf 77' lang='grc' dir='ltr'>ὑμῶν.</span> 
     </span>
    </p>
   </div>
   <div class='ocr_carea' id='block_1_89' title="bbox 1816 4754 3346 4842">
    <p class='ocr_par' dir='ltr' id='par_1_89' title="bbox 1936 4754 3346 4817">
     <span class='ocr_line' id='line_1_89' title="bbox 1936 4754 3346 4817; baseline 0.001 -8"><span class='ocrx_word' id='word_1_581' title='bbox 1936 4757 2029 4810; x_wconf 68' lang='grc'><strong>22.</strong></span> <span class='ocrx_word' id='word_1_582' title='bbox 2055 4755 2324 4810; x_wconf 80' lang='lat' dir='ltr'><strong>Inﬁnitam</strong></span> <span class='ocrx_word' id='word_1_583' title='bbox 2352 4754 2752 4809; x_wconf 89' lang='lat' dir='ltr'><strong>multitudinem</strong></span> <span class='ocrx_word' id='word_1_584' title='bbox 2784 4754 3122 4810; x_wconf 75' lang='lat' dir='ltr'><strong>haereditatis</strong></span> <span class='ocrx_word' id='word_1_585' title='bbox 3149 4762 3346 4817; x_wconf 69' lang='lat' dir='ltr'><strong>vestrae</strong></span> 
     </span>
    </p>
   </div>
   <div class='ocr_carea' id='block_1_90' title="bbox 251 4846 1781 4934">
    <p class='ocr_par' dir='ltr' id='par_1_90' title="bbox 251 4858 949 4934">
     <span class='ocr_line' id='line_1_90' title="bbox 251 4858 949 4934; baseline -0.007 -16"><span class='ocrx_word' id='word_1_586' title='bbox 251 4863 344 4918; x_wconf 79' lang='grc'><strong>25.</strong></span> <span class='ocrx_word' id='word_1_587' title='bbox 374 4858 555 4916; x_wconf 84' lang='grc' dir='ltr'>Ἦσαν</span> <span class='ocrx_word' id='word_1_588' title='bbox 584 4862 692 4934; x_wconf 80' lang='grc' dir='ltr'>γὰρ</span> <span class='ocrx_word' id='word_1_589' title='bbox 719 4859 949 4914; x_wconf 85' lang='grc' dir='ltr'>δώδεκα.</span> 
     </span>
    </p>
   </div>
   <div class='ocr_carea' id='block_1_91' title="bbox 1203 4846 2733 4934">
    <p class='ocr_par' dir='ltr' id='par_1_91' title="bbox 1933 4846 2733 4903">
     <span class='ocr_line' id='line_1_91' title="bbox 1933 4846 2733 4903; baseline -0.003 0"><span class='ocrx_word' id='word_1_590' title='bbox 1933 4849 2024 4903; x_wconf 80' lang='grc'><strong>25.</strong></span> <span class='ocrx_word' id='word_1_591' title='bbox 2062 4849 2230 4902; x_wconf 83' lang='lat' dir='ltr'><strong>Erant</strong></span> <span class='ocrx_word' id='word_1_592' title='bbox 2256 4848 2400 4902; x_wconf 90' lang='lat' dir='ltr'><strong>enim</strong></span> <span class='ocrx_word' id='word_1_593' title='bbox 2423 4846 2733 4901; x_wconf 90' lang='lat' dir='ltr'><strong>duodecim.</strong></span> 
     </span>
    </p>
   </div>
   <div class='ocr_carea' id='block_1_92' title="bbox 248 4938 1778 5019">
    <p class='ocr_par' dir='ltr' id='par_1_92' title="bbox 248 4940 1757 5019">
     <span class='ocr_line' id='line_1_92' title="bbox 248 4940 1757 5019; baseline -0.007 -17"><span class='ocrx_word' id='word_1_594' title='bbox 248 4948 341 5002; x_wconf 82' lang='grc'><strong>24.</strong></span> <span class='ocrx_word' id='word_1_595' title='bbox 389 4946 626 5011; x_wconf 78' lang='grc' dir='ltr'>’ἰδιώτας</span> <span class='ocrx_word' id='word_1_596' title='bbox 649 4947 725 5019; x_wconf 77' lang='grc' dir='ltr'><strong>τῷ</strong></span> <span class='ocrx_word' id='word_1_597' title='bbox 750 4947 912 5018; x_wconf 79' lang='grc' dir='ltr'>λόγῳ,</span> <span class='ocrx_word' id='word_1_598' title='bbox 949 4946 1042 5000; x_wconf 75' lang='grc' dir='ltr'><strong>καὶ</strong></span> <span class='ocrx_word' id='word_1_599' title='bbox 1071 4943 1317 5013; x_wconf 80' lang='grc' dir='ltr'>πτωχοὺς</span> <span class='ocrx_word' id='word_1_600' title='bbox 1353 4942 1409 4994; x_wconf 83' lang='grc' dir='ltr'>ἐν</span> <span class='ocrx_word' id='word_1_601' title='bbox 1438 4940 1516 5012; x_wconf 80' lang='grc' dir='ltr'>τῷ</span> <span class='ocrx_word' id='word_1_602' title='bbox 1542 4940 1757 5011; x_wconf 85' lang='grc' dir='ltr'>κόσμῳ.</span> 
     </span>
    </p>
   </div>
   <div class='ocr_carea' id='block_1_93' title="bbox 1747 4938 3277 5019">
    <p class='ocr_par' dir='ltr' id='par_1_93' title="bbox 1748 4938 3277 5010">
     <span class='ocr_line' id='line_1_93' title="bbox 1748 4938 3277 5010; baseline -0.001 -17"><span class='ocrx_word' id='word_1_603' title='bbox 1748 4982 1757 4993; x_wconf 91' lang='grc'><strong>.</strong></span> <span class='ocrx_word' id='word_1_604' title='bbox 1928 4941 2016 4994; x_wconf 82' lang='grc'><strong>24.</strong></span> <span class='ocrx_word' id='word_1_605' title='bbox 2047 4941 2311 4995; x_wconf 89' lang='lat' dir='ltr'><strong>Sermone</strong></span> <span class='ocrx_word' id='word_1_606' title='bbox 2339 4940 2580 5010; x_wconf 90' lang='lat' dir='ltr'><strong>imperiti</strong></span> <span class='ocrx_word' id='word_1_607' title='bbox 2610 4949 2663 4993; x_wconf 91' lang='lat' dir='ltr'><strong>et</strong></span> <span class='ocrx_word' id='word_1_608' title='bbox 2692 4954 2960 5009; x_wconf 90' lang='lat' dir='ltr'><strong>pauperes</strong></span> <span class='ocrx_word' id='word_1_609' title='bbox 2990 4939 3046 4993; x_wconf 91' lang='lat' dir='ltr'><strong>in</strong></span> <span class='ocrx_word' id='word_1_610' title='bbox 3072 4938 3277 4993; x_wconf 86' lang='lat' dir='ltr'><strong>mundo</strong></span> 
     </span>
    </p>
   </div>
   <div class='ocr_carea' id='block_1_94' title="bbox 249 5030 1779 5111">
    <p class='ocr_par' dir='ltr' id='par_1_94' title="bbox 249 5032 1602 5111">
     <span class='ocr_line' id='line_1_94' title="bbox 249 5032 1602 5111; baseline -0.006 -18"><span class='ocrx_word' id='word_1_611' title='bbox 249 5040 342 5093; x_wconf 86' lang='grc'><strong>25.</strong></span> <span class='ocrx_word' id='word_1_612' title='bbox 374 5040 756 5111; x_wconf 81' lang='grc' dir='ltr'>Κηρύσσοντες</span> <span class='ocrx_word' id='word_1_613' title='bbox 781 5039 877 5110; x_wconf 86' lang='grc' dir='ltr'>τὴν</span> <span class='ocrx_word' id='word_1_614' title='bbox 907 5035 1181 5109; x_wconf 84' lang='grc' dir='ltr'>βασιλείαν</span> <span class='ocrx_word' id='word_1_615' title='bbox 1203 5034 1295 5088; x_wconf 75' lang='grc' dir='ltr'>τοῦ</span> <span class='ocrx_word' id='word_1_616' title='bbox 1328 5032 1465 5087; x_wconf 78' lang='grc' dir='ltr'>Θεοῦ</span> <span class='ocrx_word' id='word_1_617' title='bbox 1501 5032 1602 5104; x_wconf 90' lang='grc'><strong>(6).</strong></span> 
     </span>
    </p>
   </div>
   <div class='ocr_carea' id='block_1_95' title="bbox 1298 5030 2828 5111">
    <p class='ocr_par' dir='ltr' id='par_1_95' title="bbox 1328 5030 2828 5104">
     <span class='ocr_line' id='line_1_95' title="bbox 1328 5030 2828 5104; baseline -0.001 -17"><span class='ocrx_word' id='word_1_618' title='bbox 1328 5032 1465 5087; x_wconf 81' lang='grc' dir='ltr'>Θεοῦ</span> <span class='ocrx_word' id='word_1_619' title='bbox 1501 5032 1602 5104; x_wconf 90' lang='grc'><strong>(6).</strong></span> <span class='ocrx_word' id='word_1_620' title='bbox 1928 5035 2016 5088; x_wconf 87' lang='grc'><strong>25.</strong></span> <span class='ocrx_word' id='word_1_621' title='bbox 2049 5033 2417 5087; x_wconf 82' lang='lat' dir='ltr'><strong>Praedicautes</strong></span> <span class='ocrx_word' id='word_1_622' title='bbox 2450 5047 2680 5103; x_wconf 82' lang='lat' dir='ltr'><strong>regnum</strong></span> <span class='ocrx_word' id='word_1_623' title='bbox 2717 5030 2828 5085; x_wconf 91' lang='lat' dir='ltr'><strong>Dei.</strong></span> 
     </span>
    </p>
   </div>
   <div class='ocr_carea' id='block_1_96' title="bbox 248 5120 1778 5195">
    <p class='ocr_par' dir='ltr' id='par_1_96' title="bbox 248 5122 1760 5195">
     <span class='ocr_line' id='line_1_96' title="bbox 248 5122 1760 5195; baseline -0.007 -10"><span class='ocrx_word' id='word_1_624' title='bbox 248 5131 341 5186; x_wconf 86' lang='grc'><strong>26.</strong></span> <span class='ocrx_word' id='word_1_625' title='bbox 372 5132 481 5184; x_wconf 84' lang='lat' dir='ltr'><strong>Kal</strong></span> <span class='ocrx_word' id='word_1_626' title='bbox 510 5133 576 5184; x_wconf 84' lang='grc' dir='ltr'>ὲκ</span> <span class='ocrx_word' id='word_1_627' title='bbox 592 5130 687 5183; x_wconf 81' lang='grc' dir='ltr'><strong>τοῦ</strong></span> <span class='ocrx_word' id='word_1_628' title='bbox 714 5129 843 5183; x_wconf 74' lang='grc' dir='ltr'>λαοῦ</span> <span class='ocrx_word' id='word_1_629' title='bbox 866 5130 976 5182; x_wconf 83' lang='grc' dir='ltr'><strong>τῶν</strong></span> <span class='ocrx_word' id='word_1_630' title='bbox 1013 5126 1284 5181; x_wconf 83' lang='grc' dir='ltr'>Ἰουδαίων</span> <span class='ocrx_word' id='word_1_631' title='bbox 1311 5124 1526 5195; x_wconf 84' lang='grc' dir='ltr'>διῆλθον</span> <span class='ocrx_word' id='word_1_632' title='bbox 1554 5122 1760 5194; x_wconf 81' lang='grc' dir='ltr'>κηρύσ-</span> 
     </span>
    </p>
   </div>
   <div class='ocr_carea' id='block_1_97' title="bbox 1910 5120 3440 5195">
    <p class='ocr_par' dir='ltr' id='par_1_97' title="bbox 1928 5120 3440 5194">
     <span class='ocr_line' id='line_1_97' title="bbox 1928 5120 3440 5194; baseline -0.001 -17"><span class='ocrx_word' id='word_1_633' title='bbox 1928 5125 2017 5178; x_wconf 85' lang='grc'><strong>26.</strong></span> <span class='ocrx_word' id='word_1_634' title='bbox 2049 5124 2116 5177; x_wconf 85' lang='grc' dir='ltr'>Ει</span> <span class='ocrx_word' id='word_1_635' title='bbox 2164 5125 2232 5178; x_wconf 92' lang='lat' dir='ltr'><strong>de</strong></span> <span class='ocrx_word' id='word_1_636' title='bbox 2272 5124 2477 5193; x_wconf 86' lang='lat' dir='ltr'><strong>populo</strong></span> <span class='ocrx_word' id='word_1_637' title='bbox 2526 5122 2844 5178; x_wconf 79' lang='lat' dir='ltr'><strong>Judaeorum</strong></span> <span class='ocrx_word' id='word_1_638' title='bbox 2892 5131 3333 5194; x_wconf 74' lang='lat' dir='ltr'><strong>pertransnerunt</strong></span> <span class='ocrx_word' id='word_1_639' title='bbox 3372 5120 3440 5177; x_wconf 85' lang='lat' dir='ltr'><strong>ad</strong></span> 
     </span>
    </p>
   </div>
   <div class='ocr_carea' id='block_1_98' title="bbox 174 5213 1704 5294">
    <p class='ocr_par' dir='ltr' id='par_1_98' title="bbox 174 5222 754 5294">
     <span class='ocr_line' id='line_1_98' title="bbox 174 5222 754 5294; baseline -0.005 -16"><span class='ocrx_word' id='word_1_640' title='bbox 174 5239 369 5287; x_wconf 84' lang='grc' dir='ltr'>σοντες</span> <span class='ocrx_word' id='word_1_641' title='bbox 400 5223 481 5287; x_wconf 80' lang='grc' dir='ltr'><strong>είς</strong></span> <span class='ocrx_word' id='word_1_642' title='bbox 505 5223 577 5276; x_wconf 80' lang='grc' dir='ltr'>τὰ</span> <span class='ocrx_word' id='word_1_643' title='bbox 604 5222 754 5294; x_wconf 73' lang='grc' dir='ltr'>ἔθνη.</span> 
     </span>
    </p>
   </div>
   <div class='ocr_carea' id='block_1_99' title="bbox 1096 5213 2626 5294">
    <p class='ocr_par' dir='ltr' id='par_1_99' title="bbox 1861 5213 2626 5286">
     <span class='ocr_line' id='line_1_99' title="bbox 1861 5213 2626 5286; baseline 0 -18"><span class='ocrx_word' id='word_1_644' title='bbox 1861 5215 2264 5286; x_wconf 64' lang='lat' dir='ltr'><strong>praedicandum</strong></span> <span class='ocrx_word' id='word_1_645' title='bbox 2295 5215 2346 5267; x_wconf 90' lang='lat' dir='ltr'><strong>in</strong></span> <span class='ocrx_word' id='word_1_646' title='bbox 2374 5213 2626 5285; x_wconf 85' lang='lat' dir='ltr'><strong>gentibus</strong></span> 
     </span>
    </p>
   </div>
   <div class='ocr_carea' id='block_1_100' title="bbox 251 5356 974 5424">
    <p class='ocr_par' dir='ltr' id='par_1_100' title="bbox 251 5356 974 5424">
     <span class='ocr_line' id='line_1_100' title="bbox 251 5356 974 5424; baseline -0.007 -11"><span class='ocrx_word' id='word_1_647' title='bbox 251 5358 299 5389; x_wconf 80' lang='grc'><strong>’³</strong></span> <span class='ocrx_word' id='word_1_648' title='bbox 338 5356 472 5413; x_wconf 86' lang='lat' dir='ltr'><strong>Gen.</strong></span> <span class='ocrx_word' id='word_1_649' title='bbox 499 5375 591 5423; x_wconf 83' lang='lat' dir='ltr'><strong>xv,</strong></span> <span class='ocrx_word' id='word_1_650' title='bbox 618 5358 652 5412; x_wconf 90' lang='grc'><strong>5</strong></span> <span class='ocrx_word' id='word_1_651' title='bbox 684 5374 698 5424; x_wconf 86' lang='grc'><strong>;</strong></span> <span class='ocrx_word' id='word_1_652' title='bbox 740 5373 851 5423; x_wconf 72' lang='lat' dir='ltr'><strong>xw,</strong></span> <span class='ocrx_word' id='word_1_653' title='bbox 886 5356 974 5409; x_wconf 91' lang='grc'><strong>10.</strong></span> 
     </span>
    </p>
   </div>
   <div class='ocr_carea' id='block_1_101' title="bbox 1136 5436 2479 5522">
    <p class='ocr_par' dir='ltr' id='par_1_101' title="bbox 1136 5436 2479 5522">
     <span class='ocr_line' id='line_1_101' title="bbox 1136 5436 2479 5522; baseline -0.009 -11"><span class='ocrx_word' id='word_1_654' title='bbox 1136 5446 1441 5511; x_wconf 84' lang='lat' dir='ltr'><strong>Addenda</strong></span> <span class='ocrx_word' id='word_1_655' title='bbox 1479 5452 1541 5506; x_wconf 90' lang='lat' dir='ltr'><strong>et</strong></span> <span class='ocrx_word' id='word_1_656' title='bbox 1576 5441 1949 5522; x_wconf 80' lang='lat' dir='ltr'><strong>corrigenda</strong></span> <span class='ocrx_word' id='word_1_657' title='bbox 1981 5457 2059 5501; x_wconf 90' lang='lat' dir='ltr'><strong>ex</strong></span> <span class='ocrx_word' id='word_1_658' title='bbox 2105 5438 2249 5499; x_wconf 91' lang='lat' dir='ltr'><strong>cod.</strong></span> <span class='ocrx_word' id='word_1_659' title='bbox 2278 5436 2479 5499; x_wconf 78' lang='lat' dir='ltr'><strong>Vatic.</strong></span> 
     </span>
    </p>
   </div>
   <div class='ocr_carea' id='block_1_102' title="bbox 246 5587 2452 5743">
    <p class='ocr_par' dir='ltr' id='par_1_102' title="bbox 246 5587 2452 5743">
     <span class='ocr_line' id='line_1_102' title="bbox 246 5587 2452 5743; baseline -0.006 -87"><span class='ocrx_word' id='word_1_660' title='bbox 246 5603 323 5743; x_wconf 50' lang='grc' dir='ltr'><strong>ρ)</strong></span> <span class='ocrx_word' id='word_1_661' title='bbox 354 5604 587 5684; x_wconf 38' lang='grc' dir='ltr'>Χάριτόης</span> <span class='ocrx_word' id='word_1_662' title='bbox 617 5620 731 5686; x_wconf 66' lang='grc' dir='ltr'>σου.</span> <span class='ocrx_word' id='word_1_663' title='bbox 1664 5614 1667 5617; x_wconf 53' lang='grc' dir='ltr'><strong>ί</strong></span> <span class='ocrx_word' id='word_1_664' title='bbox 1935 5590 2011 5727; x_wconf 54' lang='grc' dir='ltr'>μζ</span> <span class='ocrx_word' id='word_1_665' title='bbox 2041 5589 2134 5652; x_wconf 83' lang='grc' dir='ltr'><strong>Εἰς</strong></span> <span class='ocrx_word' id='word_1_666' title='bbox 2160 5587 2313 5652; x_wconf 87' lang='grc' dir='ltr'><strong>Θεὸν,</strong></span> <span class='ocrx_word' id='word_1_667' title='bbox 2346 5596 2452 5643; x_wconf 89' lang='lat' dir='ltr'><strong>etc.</strong></span> 
     </span>
     <span class='ocr_line' id='line_1_103' title="bbox 271 5659 2365 5743; baseline 0.001 -2"><span class='ocrx_word' id='word_1_668' title='bbox 271 5673 327 5741; x_wconf 70' lang='grc'><strong>2)</strong></span> <span class='ocrx_word' id='word_1_669' title='bbox 361 5675 485 5726; x_wconf 73' lang='grc' dir='ltr'><strong>Ἐπὶ</strong></span> <span class='ocrx_word' id='word_1_670' title='bbox 512 5690 610 5743; x_wconf 88' lang='grc' dir='ltr'><strong>της</strong></span> <span class='ocrx_word' id='word_1_671' title='bbox 648 5691 751 5743; x_wconf 88' lang='grc' dir='ltr'>γης</span> <span class='ocrx_word' id='word_1_672' title='bbox 776 5671 954 5743; x_wconf 74' lang='grc' dir='ltr'>ὤφθη·</span> <span class='ocrx_word' id='word_1_673' title='bbox 1312 5739 1350 5743; x_wconf 92' lang='lat'>__</span> <span class='ocrx_word' id='word_1_674' title='bbox 1435 5737 1445 5743; x_wconf 86' lang='lat'>_</span> <span class='ocrx_word' id='word_1_675' title='bbox 1532 5735 1583 5743; x_wconf 77' lang='lat'><strong>-.</strong></span> <span class='ocrx_word' id='word_1_676' title='bbox 1941 5661 2003 5743; x_wconf 65' lang='grc' dir='ltr'><strong>ἓ.</strong></span> <span class='ocrx_word' id='word_1_677' title='bbox 2036 5659 2167 5743; x_wconf 66' lang='grc' dir='ltr'><strong>,Τήϊ</strong></span> <span class='ocrx_word' id='word_1_678' title='bbox 2196 5661 2365 5743; x_wconf 55' lang='grc' dir='ltr'>ἀρθείς</span> 
     </span>
    </p>
   </div>
   <div class='ocr_carea' id='block_1_103' title="bbox 271 5659 1801 5744">
    <p class='ocr_par' dir='ltr' id='par_1_103' title="bbox 271 5659 1685 5744">
     <span class='ocr_line' id='line_1_104' title="bbox 271 5659 1685 5744; baseline 0.002 -3"><span class='ocrx_word' id='word_1_679' title='bbox 271 5659 954 5744; x_wconf 59' lang='grc' dir='ltr'><strong>εόἰςτὶιτῆςγῆςῶφθη-</strong></span> <span class='ocrx_word' id='word_1_680' title='bbox 1311 5739 1350 5744; x_wconf 88' lang='lat'>__</span> <span class='ocrx_word' id='word_1_681' title='bbox 1435 5737 1445 5744; x_wconf 91' lang='lat'>_</span> <span class='ocrx_word' id='word_1_682' title='bbox 1532 5735 1583 5744; x_wconf 81' lang='lat'><strong>-.</strong></span> <span class='ocrx_word' id='word_1_683' title='bbox 1679 5742 1685 5744; x_wconf 16' lang='grc' dir='ltr'><strong>Α</strong></span> 
     </span>
    </p>
   </div>
   <div class='ocr_carea' id='block_1_104' title="bbox 834 5659 2364 5744">
    <p class='ocr_par' dir='ltr' id='par_1_104' title="bbox 834 5659 2364 5744">
     <span class='ocr_line' id='line_1_105' title="bbox 834 5659 2364 5744; baseline 0.002 -3"><span class='ocrx_word' id='word_1_684' title='bbox 834 5674 954 5744; x_wconf 60' lang='lat'><strong>&#39;90?!-</strong></span> <span class='ocrx_word' id='word_1_685' title='bbox 1311 5739 1350 5744; x_wconf 87' lang='lat'>__</span> <span class='ocrx_word' id='word_1_686' title='bbox 1435 5737 1445 5744; x_wconf 90' lang='lat'><strong>.</strong></span> <span class='ocrx_word' id='word_1_687' title='bbox 1532 5735 1583 5744; x_wconf 79' lang='lat'><strong>-.</strong></span> <span class='ocrx_word' id='word_1_688' title='bbox 1679 5742 1685 5744; x_wconf 20' lang='grc' dir='ltr'><strong>Α</strong></span> <span class='ocrx_word' id='word_1_689' title='bbox 1935 5659 2167 5744; x_wconf 58' lang='grc' dir='ltr'><strong>(ἕὶῖήϊ</strong></span> <span class='ocrx_word' id='word_1_690' title='bbox 2196 5661 2364 5744; x_wconf 59' lang='lat'><strong>“995‘:</strong></span> 
     </span>
    </p>
   </div>
   <div class='ocr_carea' id='block_1_105' title="bbox 252 5726 2754 5815">
    <p class='ocr_par' dir='ltr' id='par_1_105' title="bbox 252 5726 2754 5815">
     <span class='ocr_line' id='line_1_106' title="bbox 252 5726 2754 5815; baseline -0.005 -18"><span class='ocrx_word' id='word_1_691' title='bbox 346 5726 623 5814; x_wconf 61' lang='grc' dir='ltr'><strong>Αὐτοῦτῷ</strong></span> <span class='ocrx_word' id='word_1_692' title='bbox 655 5726 768 5815; x_wconf 49' lang='lat' dir='ltr'><strong>ita;</strong></span> <span class='ocrx_word' id='word_1_693' title='bbox 916 5726 1159 5815; x_wconf 61' lang='grc' dir='ltr'>Ξίάριτος,</span> <span class='ocrx_word' id='word_1_694' title='bbox 1178 5737 1497 5809; x_wconf 74' lang='grc' dir='ltr'>οιο.,Ἰσαὰκ</span> <span class='ocrx_word' id='word_1_695' title='bbox 1528 5735 1609 5803; x_wconf 76' lang='grc' dir='ltr'><strong>δέ,</strong></span> <span class='ocrx_word' id='word_1_696' title='bbox 1640 5742 1748 5792; x_wconf 83' lang='lat' dir='ltr'><strong>etc.</strong></span> <span class='ocrx_word' id='word_1_697' title='bbox 1936 5726 2008 5804; x_wconf 72' lang='lat'><strong>(6)</strong></span> <span class='ocrx_word' id='word_1_698' title='bbox 2033 5726 2167 5784; x_wconf 77' lang='grc' dir='ltr'>Θεοῦ</span> <span class='ocrx_word' id='word_1_699' title='bbox 2198 5732 2275 5793; x_wconf 83' lang='grc' dir='ltr'><strong>εἰς</strong></span> <span class='ocrx_word' id='word_1_700' title='bbox 2298 5728 2473 5782; x_wconf 76' lang='grc' dir='ltr'>πάντα</span> <span class='ocrx_word' id='word_1_701' title='bbox 2506 5726 2575 5782; x_wconf 70' lang='grc' dir='ltr'>τὰ</span> <span class='ocrx_word' id='word_1_702' title='bbox 2602 5727 2754 5802; x_wconf 74' lang='grc' dir='ltr'>ἔθνη.</span> 
     </span>
    </p>
   </div>
  </div>
