3874 6222
466 343 605 401 1105
1314 344 1368 395 S.
1411 341 1774 397 ATHANASII
1816 343 1965 401 OPP.
2008 344 2185 402 PARS
2224 347 2309 401 Ill.
2352 344 2859 401 -EXEGETICA.
3574 346 3725 405 ΗΜ

536 465 604 517 27
662 460 778 515 Non
805 460 1020 529 reliquit
1054 459 1326 513 hominem
1368 472 1563 512 nocere
1596 457 1709 512 eis:
2063 508 2066 518 γ

2063 471 2110 519 Α
2204 462 2293 514 27.
2326 462 2437 513 Ούκ
2466 462 2675 530 ἀφῆκεν
2702 461 2986 531 ἄνθρωπον
3008 460 3263 533 ἀδικῆσαι
3292 461 3491 526 αὐτούς
3515 480 3529 495 ·

535 552 625 607 28.
652 552 718 605 Et
746 551 1007 621 corripuit
1034 564 1131 619 pro
1158 550 1236 603 eis
1266 564 1439 618 reges.

2206 553 2296 606 28.
2331 552 2438 605 Καὶ
2466 552 2688 621 ῆλεγξεν
2710 552 2849 623 ὑπὲρ
2878 552 3057 605 αὐτῶν
3087 552 3349 622 βασιλεῖς.

534 645 623 699 ‘29.
658 642 833 697 Nolite
861 650 1080 709 tangere
1114 641 1352 695 christos
1388 657 1539 697 meos
1564 684 1579 697 .

2205 644 2296 697 29.
2330 645 2421 712 Μὴ
2458 644 2693 699 ἅπτεσθε
2725 644 2834 697 τῶν
2867 644 3101 716 χριστῶν
3131 663 3232 715 μου
3258 663 3270 676 ·

538 733 625 788 50.
663 733 725 787 Et
758 734 809 785 in
840 731 1115 801 prophetis
1147 730 1281 783 meis
1313 732 1480 785 nolite
1509 731 1825 802 malignari.

2206 735 2294 789 50.
2330 736 2439 788 Καὶ
2473 736 2531 788 ἐν
2557 738 2671 798 τοῖς
2701 737 3008 806 προφήταις
3038 752 3139 805 μου
3172 737 3247 807 μὴ
3274 738 3665 809 πονηρεύεσθε.

536 823 624 877 51.
663 824 725 877 Et
751 823 964 877 vocavit
999 821 1195 875 famem
1220 837 1384 891 super
1416 833 1655 878 terram:

2208 823 2294 877 5i.
2330 827 2441 878 Καὶ
2473 825 2696 879 ἐκάλεσε
2720 825 2877 896 λιμὸν
2905 826 2998 878 ἐπὶ
3026 824 3124 897 τὴν
3153 826 3256 896 γῆν

538 916 624 970 59..
660 914 831 970 Omne
862 918 1263 968 firmamentum
1287 914 1445 983 panis
1474 915 1751 970 contrivit.

2209 915 2296 969 52.
2331 917 2444 968 Πᾶν
2476 918 2752 988 στήριγμα
2783 917 2949 987 ἄρτου
2988 915 3329 987 συνέτριψεν.

538 1010 622 1063 55.
659 1009 801 1062 Misit
823 1017 949 1061 ante
978 1023 1071 1062 eos
1106 1008 1326 1061 virum:

2206 1007 2294 1060 55.
2336 1008 2676 1061 Ἀπέστειλεν
2708 1008 3014 1081 ἔμπροσθεν
3036 1007 3214 1063 αὐτῶν
3246 1006 3536 1080 ἄνθρωπον

538 1099 625 1154 54.
657 1099 715 1153 In
738 1115 949 1154 servum
982 1098 1321 1153 venundatus
1353 1108 1435 1154 est
1456 1096 1678 1169 Joseph.

1618 1099 1678 1152 rh,
2207 1098 2291 1151 54.
2326 1099 2421 1161 Εἰς
2453 1098 2637 1152 δοῦλον
2670 1100 2883 1172 ἐπράθη
2926 1101 3148 1172 Ἰωσήφ.

539 1193 630 1246 55.
660 1191 1093 1244 Humiliaverunt
1122 1190 1175 1243 in
1206 1192 1565 1261 compedibus
1601 1191 1761 1260 pedes
1792 1190 1911 1261 ejus
1931 1203 1951 1223 ⁶

2208 1188 2297 1242 55.
2339 1189 2737 1242 Ἐταπείνωσαν
2766 1192 2823 1242 ἐν
2849 1190 3037 1252 πέδαις
3062 1192 3187 1255 τοὺς
3210 1190 3380 1254 πόδας
3403 1190 3572 1246 αὐτοῦ
3588 1206 3604 1221 ·

538 1282 628 1336 56.
662 1280 888 1335 Ferrum
923 1283 1237 1349 pertransiit
1264 1283 1503 1336 animam
1539 1282 1678 1352 ejus.

2207 1279 2293 1333 56.
2326 1279 2547 1351 Σίδηρον
2569 1280 2782 1351 διῆλθεν
2808 1284 2839 1353 ἡ
2870 1282 3016 1353 ψυχὴ
3039 1283 3223 1337 αὐτοῦ.

538 1372 625 1425 57.
657 1372 838 1425 Donec
865 1370 1073 1424 veniret
1097 1372 1317 1425 verbum
1350 1371 1469 1440 ejus
1497 1390 1509 1425 :

2205 1369 2292 1422 57.
2326 1368 2495 1439 Μέχρι
2528 1369 2621 1422 τοῦ
2650 1370 2823 1424 ἐλθεῖν
2853 1373 2941 1426 τὸν
2970 1372 3126 1441 λόγον
3153 1372 3338 1428 αὐτοῦ.

538 1462 626 1514 58.
664 1460 951 1529 Eloquium
981 1460 1193 1513 Domini
1223 1461 1573 1514 inﬂammavit
1605 1475 1755 1514 eum:

2203 1462 2292 1515 58.
2326 1461 2398 1512 Τὸ
2425 1461 2601 1528 λόγιον
2627 1463 2830 1532 Κυρίου
2862 1464 3143 1535 ἐπύρωσεν
3180 1464 3362 1516 αὐτόν.

539 1553 625 1607 59.
662 1551 808 1605 Misit
832 1567 946 1615 rex,
971 1560 1024 1605 et
1045 1552 1205 1606 solvit
1232 1568 1355 1606 eum
1382 1569 1393 1604 :

2205 1552 2293 1605 59.
2332 1552 2645 1605 ’Δπέστειλε
2682 1553 2952 1622 βασιλεὺς,
2988 1555 3084 1607 καὶ
3116 1554 3305 1606 ἔλυσεν
3330 1553 3531 1607 αὐτόν’

540 1646 624 1697 4ο.
656 1642 912 1712 Princeps
946 1643 1124 1712 p0puli
1161 1653 1215 1696 et
1237 1643 1443 1697 dimisit
1470 1659 1613 1699 eum.

2206 1642 2293 1696 40.
2330 1646 2545 1717 Ἀρχων
2574 1646 2728 1713 λαοῦ,
2762 1646 2854 1699 καὶ
2882 1646 3095 1716 ἀφῆκεν
3144 1646 3326 1700 αὐτόν.

537 1736 624 1787 ιι.
658 1733 952 1789 Constituit
984 1750 1108 1787 eum
1142 1732 1431 1787 Dominum
1458 1733 1657 1789 domus
1687 1748 1823 1797 suae,

2204 1736 2293 1791 41.
2325 1738 2671 1810 Κατέστησεν
2704 1740 2864 1792 αὑτὸν
2890 1740 3091 1810 Κύριον
3112 1738 3205 1791 τοῦ
3235 1740 3381 1791 οίκου
3415 1734 3604 1803 αὐτοῦ,

535 1826 625 1878 £2.
668 1825 729 1879 Et
761 1826 1060 1895 principem
1096 1827 1275 1880 omnis
1304 1826 1671 1894 possessionis
1702 1841 1835 1880 suae.

2201 1828 2290 1881 42.
2316 1830 2425 1881 Καὶ
2453 1830 2691 1901 ἄρχοντα
2730 1831 2913 1899 πάσης
2946 1832 3042 1899 τῆς
3067 1830 3311 1899 κτήσεως
3346 1828 3532 1884 αὑτοῦ.

536 1918 621 1971 45.
662 1916 730 1973 Ut
757 1919 995 1973 erudiret
1032 1918 1305 1987 principes
1331 1917 1451 1987 ejus
1486 1919 1629 1973 sicut
1659 1918 2035 1986 semetipsum,

2204 1916 2292 1971 45,
2326 1916 2433 1969 Τοῦ
2457 1918 2742 1972 παιδεῦσαι
2763 1920 2887 1981 τοὺς
2916 1908 3179 1990 ἄρχοντας
3201 1919 3367 1971 αὑτοῦ
3388 1919 3464 1981 ὡς
3491 1918 3715 1984 ἐαυτὸν,

1590 2053 1973 2110 ATHANASII
2016 2051 2597 2113 INTERPRETATIO.

537 2229 626 2284 27.
660 2227 775 2283 Νοη
802 2230 1021 2300 reliquit
1053 2232 1363 2301 quempiam
1398 2246 1607 2296 eorum,
1639 2230 1733 2299 qui
1768 2239 1897 2284 tunc
1929 2230 2031 2282 im-
2062 2234 2067 2287 l

2199 2223 2289 2278 27.
2324 2224 2437 2276 Οὐκ
2476 2224 2653 2293 ἀφῆκέ
2690 2240 2809 2277 τινα
2846 2222 2953 2275 τῶν
2982 2223 3105 2275 τότε
3163 2220 3510 2293 κρατούντων
3542 2236 3716 2273 κατα-

464 2324 673 2391 perium
703 2323 1040 2387 obtinebant,
1076 2333 1133 2377 ut
1169 2324 1446 2393 apostolos
1479 2331 1827 2393 superarent.

1479 2331 1827 2393 superarent.
2134 2313 2491 2368 δυναστεῦσαι
2522 2317 2629 2367 τῶν
2663 2314 2996 2367 ἀποστόλων.

533 2414 620 2468 28.
660 2412 925 2467 Herodem
954 2424 1008 2469 et
1040 2412 1311 2469 Neronem
1342 2413 1641 2469 interfecit.

2203 2408 2292 2461 28.
2344 2408 2589 2477 Ἡρώδην
2616 2408 2709 2459 καὶ
2738 2406 2963 2475 Νέρωνα
2998 2405 3355 2459 ἐθανάτωσεν.

533 2505 625 2559 29.
655 2505 965 2572 Apostolos.

2202 2499 2291 2552 29.
2330 2498 2450 2552 Τῶν
2479 2498 2811 2551 ἀποστόλων.

535 2591 622 2645 50.
655 2593 820 2645 Erant
871 2592 1017 2646 enim
1069 2592 1230 2645 iidem
1269 2591 1502 2661 apostoli
1534 2594 1699 2647 etiam
1730 2592 2031 2662 prophetae,

2204 2589 2292 2642 50.
2318 2584 2497 2641 Ἦσαν
2530 2588 2637 2659 γάρ
2676 2590 2723 2640 οί
2756 2589 2911 2641 αὐτοὶ
2949 2586 3234 2640 ἀπόστολοι
3265 2586 3359 2641 καὶ
3410 2587 3716 2660 προφῆται,

465 2683 849 2737 annuntiantes
876 2698 996 2752 qua:
1023 2682 1205 2737 futura
1241 2694 1368 2738 sunt
1400 2684 1450 2736 in
1484 2698 1649 2753 regno
1673 2684 1963 2739 caelorum.

2134 2676 2379 2745 λέγοντες
2412 2676 2477 2728 τὰ
2510 2676 2770 2746 μέλλοντα
2799 2680 2855 2731 ἐν
2876 2679 2941 2746 τῇ
2968 2674 3216 2747 βασιλείᾳ
3241 2674 3349 2728 τῶν
3374 2675 3644 2746 οὐρανῶν.

535 2772 624 2826 5i.
654 2771 713 2825 In
761 2772 1100 2843 Synagogam
1135 2773 1315 2827 intulit
1346 2788 1454 2826 non
1503 2771 1699 2827 famem
1733 2774 1910 2843 panis,
1941 2772 2035 2828 sed

2205 2769 2292 2823 5L
2335 2770 2422 2821 Ἐν
2460 2772 2526 2839 τῇ
2573 2772 2860 2840 συναγωγῇ
2918 2770 3150 2839 ἤνεγκεν
3202 2770 3265 2822 οὐ
3313 2768 3474 2840 λιμὸν
3516 2768 3718 2840 ἄρτου,

466 2862 662 2917 famem
693 2864 947 2918 audiendi
983 2864 1203 2917 verbum
1235 2862 1448 2917 Domini
1475 2864 1538 2915 “.

2134 2859 2269 2914 ἀλλὰ
2299 2859 2452 2928 λιμὸν
2481 2859 2575 2912 τοῦ
2611 2859 2841 2913 ἀκοῦσαι
2869 2859 3022 2926 λόγον
3052 2860 3255 2932 Κυρίου
3292 2859 3389 2931 (1).

532 2954 620 3008 52.
652 2953 877 3009 Omnem
913 2969 1103 3009 eorum
1155 2954 1485 3009 mundanam
1535 2955 1841 3010 doctrinam
1888 2954 2036 3011 dedit

2203 2950 2290 3003 52.
2326 2951 2513 3003 Πᾶσαν
2544 2950 2721 3004 αὐτῶν
2770 2950 2866 3022 τὴν
2898 2951 3245 3005 διδασκαλίαν
3293 2952 3392 3021 τὴν
3440 2951 3718 3026 κοσμικὴν

465 3047 520 3101 ἰη
554 3047 935 3116 perditionem.

2137 3044 2217 3107 είς
2242 3043 2546 3113 ἀφανισμὸν
2566 3043 2784 3097 ἔδωκεν.

535 3137 623 3191 55.
658 3134 785 3190 Fuit
813 3137 966 3191 homo
988 3136 1182 3192 missus
1208 3152 1240 3191 a
1260 3135 1387 3204 Deo,
1409 3136 1495 3189 cui
1519 3152 1706 3190 nomen
1727 3147 1842 3190 erat
1868 3135 2037 3191 Joan-

2206 3135 2294 3188 55.
2348 3134 2609 3199 Ἐγένετο
2670 3134 2978 3202 ἅνθρωπος
3042 3135 3499 3204 ἀπεσταλμένος
3550 3136 3722 3204 παρὰ

466 3243 554 3281 nes
571 3228 639 3279 ".
2139 3226 2305 3290 Θεοῦ,
2328 3225 2513 3294 ὄνομα
2540 3224 2701 3290 αὐτῷ
2735 3225 3021 3293 Ἰωάννης

535 3319 623 3373 54.
655 3316 963 3372 Humanum
994 3332 1163 3387 genus
1186 3318 1463 3373 venditum
1497 3327 1613 3372 erat
1635 3319 1689 3372 in
1717 3318 2035 3373 servitutem

2205 3316 2293 3369 54.
2325 3315 2398 3367 Τὸ
2422 3316 2576 3384 γένος
2606 3315 2713 3368 τῶν
2751 3314 3054 3386 ἀνθρώπων
3099 3318 3181 3380 είς
3227 3315 3471 3369 δουλείαν
3514 3312 3584 3388 ἦν
3617 3334 3722 3370 πε-

465 3408 536 3463 ab
566 3409 738 3463 Adam
782 3409 851 3463 ob
898 3416 1179 3477 peccatum
1212 3425 1226 3461 :
1253 3423 1378 3461 nam
1422 3406 1615 3478 Ioseph
1648 3409 1995 3479 inlerpretatu

2190 3403 2414 3475 ραμένος
2460 3404 2535 3476 (2)
2576 3408 2640 3475 τῇ
2682 3406 2925 3477 ἁμαρτίᾳ
2969 3406 3079 3459 ἀπὺ
3111 3407 3205 3460 τοῦ
3245 3406 3449 3478 Ἀδάμο
3485 3409 3720 3480 Ἰωσὴφ

467 3499 674 3552 addidi.

2069 3558 2101 3567 _
2137 3497 2245 3565 γὰρ
2283 3495 2639 3567 ἑρμηνεύεται
2672 3496 3035 3564 προσέθηκα.

536 3592 624 3645 55.
662 3590 999 3645 Domuerunt
1028 3590 1350 3646 adversariae
1385 3601 1684 3661 potestates
1726 3608 1896 3663 genus
1933 3571 2066 3647 hu-‘

2208 3558 2292 3638 55.
2314 3558 2325 3567 ’
2346 3558 2651 3653 ξΕδάμασαν
2691 3558 2933 3639 ἐναντίαι
2961 3586 3035 3657 (5)
3064 3584 3317 3655 δυνάμεις
3346 3586 3408 3637 τὸ
3426 3587 3586 3654 γένος
3603 3588 3722 3643 τῶν

467 3698 687 3738 manum
715 3692 955 3753 peccato.

2137 3674 2439 3745 ἀνθρώπων
2463 3678 2529 3745 τῇ
2565 3676 2829 3747 ἁμαρτίᾳ.

536 3772 623 3826 56.
676 3770 733 3825 ln
785 3781 1015 3827 mortem
1048 3772 1239 3827 incidit
1287 3774 1468 3826 anima
1517 3773 1758 3828 universi
1811 3773 2036 3829 humani

2207 3766 2295 3819 56.
2332 3766 2426 3828 Είς
2457 3765 2684 3819 θάνατον
2718 3768 2988 3821 ἐπέπεσεν
3024 3769 3101 3839 (4)
3137 3770 3171 3840 ἡ
3209 3770 3355 3841 ψυχὴ
3387 3771 3589 3836 παντὸς
3617 3772 3720 3826 τοῦ

466 3863 699 3932 generis.

2134 3857 2323 3925 γένους
2353 3858 2460 3910 τῶν
2488 3858 2583 3911 ἀνθ
2591 3857 2810 3929 ρώπων.

534 3953 624 4006 57.
650 3952 830 4009 Donec
856 3953 1006 4008 venit
1036 3953 1346 4026 unigenitus
1369 3952 1537 4008 Filius
1562 3953 1672 4007 Dei.

2203 3949 2293 4003 57.
2314 3950 2457 4015 Ἕως
2482 3946 2543 4004 οὗ
2572 3946 2732 4019 ἦλθεν
2764 3952 2791 4002 ό
2827 3952 3118 4023 μονογενὴς
3141 3953 3269 4016 Υίὸς
3295 3952 3388 4006 τοῦ
3421 3953 3578 4007 Θεοῦ.

534 4044 623 4100 58.
657 4043 913 4100 Doctrina
943 4057 999 4100 et
1016 4044 1283 4102 adventus
1309 4044 1525 4100 Domini
1548 4044 1831 4098 mundavit
1863 4060 2034 4114 genus

2204 4042 2292 4096 58.
2336 4042 2400 4094 Ἦ
2425 4042 2610 4113 διδαχὴ
2642 4043 2734 4095 καὶ
2762 4045 2793 4113 ὴ
2825 4044 3098 4115 παρουσία
3130 4045 3225 4097 τοῦ
3260 4046 3465 4116 Κυρίου
3503 4045 3720 4100 ἐκαθὰ-

468 4136 788 4189 humanum.
1600 4150 1606 4157 ι

1600 4150 1606 4157 ο
2138 4148 2253 4203 ρισε
2276 4132 2337 4184 τὸ
2368 4133 2523 4201 γένος
2546 4133 2654 4186 τῶν
2677 4133 2995 4204 ἀνθρώπων.

534 4225 622 4281 59.
652 4224 813 4281 Pater
842 4226 1039 4280 Filium
1071 4226 1244 4293 misit,
1276 4235 1329 4281 et
1357 4226 1519 4281 solvit
1550 4234 1727 4280 totum
1767 4225 2032 4280 mundum

2203 4225 2291 4280 59.
2334 4225 2392 4277 '0
2412 4225 2603 4296 Πατὴρ
2626 4226 2717 4277 τὸν
2738 4226 2865 4280 Υίὸν
2885 4227 3192 4291 ἀπέστειλε,
3227 4229 3320 4281 καὶ
3343 4227 3499 4281 ἔλυσε
3528 4229 3721 4284 πάντα·

466 4333 493 4369 a
520 4319 752 4386 peccatis
777 4319 907 4372 suis.

2132 4316 2222 4370 τὸν
2246 4316 2448 4387 κόσμον
2474 4318 2582 4370 ἀπὸ
2607 4317 2715 4369 τῶν
2739 4318 3021 4389 ἁμαρτιῶν
3062 4319 3262 4373 αὐτῶν.

532 4406 618 4460 40.
659 4406 883 4463 Liberos
910 4409 1059 4463 insos
1096 4408 1273 4463 eﬂ‘ecit
1318 4424 1349 4463 a
1391 4410 1765 4464 dominatione
1802 4410 2027 4479 peccati.

2203 4408 2292 4463 40.
2349 4409 2696 4480 Ἐλευθέρους
2749 4410 2948 4473 αὐτοὺς
2996 4410 3263 4479 πεποίηκε
3319 4410 3413 4464 τοῦ
3453 4411 3711 4482 κυριεύε-

2136 4496 2257 4551 σθαι
2292 4498 2370 4570 (5)
2401 4499 2506 4551 ὑπὸ
2534 4500 2634 4569 τῆς
2654 4501 2970 4571 ἁμαρτίας.)

537 4587 625 4641 Η.
658 4585 819 4641 Pater
850 4588 1044 4642 Filium
1073 4604 1232 4643 suum
1262 4587 1563 4642 declaravit
1601 4589 1886 4642 Dominum
1912 4604 2032 4642 om-

2199 4590 2290 4647 H.
2330 4590 2391 4642 Ὀ
2418 4591 2607 4664 Πατὴρ
2635 4591 2868 4657 ἀνέδειξε
2892 4592 2985 4644 τὸν
3010 4591 3139 4645 Υίὺν
3159 4591 3321 4646 αὐτοῦ
3346 4592 3552 4664 Κύριον
3572 4595 3710 4647 πάν-

465 4677 616 4733 nium
647 4688 982 4742 sanctorum,
1013 4687 1068 4733 et
1106 4678 1279 4733 dixit:
1316 4678 1421 4732 Hic
1442 4688 1521 4732 est
1564 4678 1739 4733 Filius
1779 4696 1921 4733 meus
1950 4681 1995 4733 d1

2182 4698 2238 4734 nv
2258 4680 2365 4733 τῶν
2407 4682 2597 4750 ἁγίων,
2644 4684 2738 4736 καὶ
2774 4684 3024 4754 εἴρηκεν,
3073 4684 3147 4747 ὡς
3186 4681 3374 4751 Οὗτός
3409 4684 3484 4752 (6)
3534 4687 3712 4739 ἐστιν

466 4772 648 4837 lectus,
684 4773 855 4838 ipsum
882 4769 1082 4823 audite.

2133 4774 2165 4825 ὁ
2199 4773 2331 4837 Υἱός
2358 4791 2477 4842 μου
2504 4777 2537 4827 ὀ
2560 4775 2882 4844 ἀγαπητὸς,
2907 4777 3093 4830 αὑτοῦ
3117 4776 3384 4829 ἀκούετε.

534 4863 619 4918 £2.
656 4861 960 4931 Principem
990 4869 1044 4916 et
1069 4859 1471 4915 Dominatorem
1511 4862 1695 4915 omnis
1728 4861 1891 4916 simul
1915 4876 2029 4919 caa-
2062 4886 2064 4939 ς

2203 4862 2291 4917 42.
2328 4864 2595 4935 Ἀρχοντα
2656 4867 2749 4918 καὶ
2797 4866 3145 4938 ἐξουσιαστὴν
3194 4868 3373 4937 πάσης
3425 4866 3559 4943 όμοῦ
3606 4868 3705 4936 τῆς

470 4955 613 5012 testis
638 4964 689 5009 et
716 4953 1010 5018 terrestris,
1035 4961 1087 5007 et
1122 4951 1348 5007 inferna:
1380 4961 1664 5008 creaturae.

2172 4955 2479 5023 πουρανίου,
2506 4956 2597 5008 καὶ
2637 4956 2915 5023 ἐπιγείων,
2958 4958 3051 5011 καὶ
3078 4957 3443 5028 καταχθονίων
3475 4957 3552 5027 (7)
3583 4957 3702 5011 κτίο

2143 5059 2298 5105 σεως.

529 5130 617 5184 45.
653 5126 942 5198 Αροειοίοδ
959 5126 1094 5194 cius.
2198 5132 2289 5188 45.
2325 5135 2463 5197 Τοὺς
2496 5134 2823 5198 ἀποστόλους
2850 5135 3035 5189 αὐτοῦ.

530 5249 576 5281 ³⁸
613 5248 781 5302 Amos
808 5259 932 5310 vni,
968 5242 1056 5297 il.
1141 5243 1188 5277 ³⁵
1214 5240 1375 5296 Joan.
1411 5258 1449 5307 ι,
1477 5240 1535 5295 6.

1401 5336 1711 5401 Addenda
1748 5344 1811 5401 et
1841 5340 2219 5421 corrigenda
2266 5357 2345 5403 ex
2372 5341 2513 5403 cod.
2548 5343 2729 5405 Vatic

527 5510 603 5580 (ι)
624 5504 783 5580 Θεοῦ·
883 5574 896 5580 -
1348 5569 1390 5580 .-
2202 5505 2278 5580 (ξ)
2307 5504 2437 5580 Τρῦ,
2454 5505 2528 5575 μὴ
2557 5506 2928 5580 κνριξύεσθαιο

527 5567 603 5649 (2)
634 5574 1010 5649 Πεπραμένον,
1036 5580 1164 5636 elc.,
1194 5569 1552 5643 προσέθηκεν.
2320 5567 2732 5649 Ἁγίων-αὺτοῦ,
2762 5574 2997 5649 εἰρηκῴς
3026 5567 3259 5649 Ἀοῦτας,
3292 5588 3400 5634 etc.

528 5645 605 5717 (3)
628 5650 693 5701 Δί
727 5645 986 5717 ἐναντίαι.
1101 5712 1145 5717 _
1178 5710 1203 5717 _
1244 5711 1259 5717 _

2207 5646 2282 5716 (7)
2328 5645 2622 5713 Ἐπιγείου,
2649 5648 2742 5701 καὶ
2764 5645 3143 5717 καταχθονίου,
3171 5656 3276 5702 etc.

523 5710 598 5793 (4)
634 5716 953 5782 ’Υπέπεσεν,
971 5724 1075 5770 etc.
1101 5710 1207 5768 Τοῦ
1229 5711 1397 5767 deest.
