3874 6222
174 305 316 365 1105
1071 309 1159 363 DE
1198 308 1476 367 TlTULlS
1513 311 1969 372 PSALMORUM.
2009 343 2077 355 -ο
2120 311 2315 371 PSAL.
2345 314 2482 371 CIV.
3301 318 3432 375 H0!

244 422 333 476 44.
372 420 483 476 Kal.
512 421 639 486 τοὺς
666 422 1071 495 πρεσϐυτέρους
1103 424 1270 479 αὐτοῦ
1306 427 1544 496 σοφίσαι.

1786 433 1836 490 Α
1931 430 2022 484 44.
2061 429 2128 483 Ει
2151 445 2312 486 senes
2344 430 2464 499 ejus
2502 428 2841 499 prudentiam
2875 430 3115 487 doceret.

242 512 335 567 45.
371 512 481 565 Kal.
509 513 759 584 εἰσῆλθεν
806 515 1026 585 Ἰσραὴλ
1057 516 1137 579 είς
1166 517 1442 585 Αἴγυπτον
1462 534 1476 548 ·

1931 524 2020 578 45.
2058 523 2126 577 Et
2152 522 2379 577 intravit
2406 521 2573 577 Israel
2605 522 2657 576 in
2680 520 2974 593 Egyptum
3005 541 3017 577 :

240 604 332 659 46.
368 604 479 658 Kal.
516 604 714 658 Ἰακὼϐ
748 605 1078 678 παρῴκησεν
1110 608 1167 660 ἐν
1197 611 1267 679 γῇ
1299 607 1449 679 Χάμ.

1931 615 2020 670 46.
2052 614 2118 670 Et
2145 614 2315 670 Jacob
2346 614 2534 670 accola
2566 614 2668 669 fuit
2696 618 2751 668 in
2782 624 2924 670 terra
2953 614 3145 669 Cham.

241 695 334 749 47.
370 696 480 749 Kal
510 695 716 767 ηὕξησε
740 696 831 751 τὸν
864 698 992 752 λαὸν
1014 698 1181 751 αὐτοῦ
1216 700 1452 771 σφόδρα·

1929 708 2019 762 47.
2051 709 2117 762 Et
2152 709 2304 763 auxit
2335 709 2595 778 papulum
2629 724 2789 763 suum
2825 708 3172 763 vehementer
3200 727 3213 762 :

241 784 333 842 4S.
364 787 471 840 Καὶ
504 789 873 861 ἐκραταίωσεν
906 789 1069 844 αὐτὸν
1099 791 1238 863 ὑπὲρ
1261 791 1387 855 τοὺς
1414 788 1641 863 ἐχθροὺς
1663 791 1758 844 αύ-

1663 791 1758 844 αύ-
1930 796 2019 852 48.
2053 797 2120 852 Ει
2145 798 2384 852 firmavit
2413 813 2538 852 eum
2571 813 2737 868 super
2762 798 3017 853 inimicos
3048 798 3189 868 ejus.

170 894 267 929 του
278 918 289 929 .

243 968 333 1023 49.
371 968 721 1041 Μετὲστρεψε
766 971 865 1043 τὴν
917 972 1141 1045 καρδίαν
1184 972 1352 1027 αὐτοῦ
1385 973 1478 1028 τοῦ
1529 978 1757 1049 μισῆσαι

1931 970 2016 1027 49.
2049 970 2328 1026 Convertit
2354 986 2450 1027 cor
2480 970 2601 1042 ejus
2627 982 2687 1027 ut
2710 970 2887 1028 odiret
2912 973 3174 1044 populum
3202 972 3323 1046 ejus
3348 994 3361 1031 :

170 1060 264 1113 τὺν
289 1058 421 1113 λαὸν
447 1058 610 1112 αὐτοῦ
627 1076 642 1091 ·
2264 1064 2269 1068 ’

244 1149 335 1206 50.
372 1150 478 1203 Τοῦ
517 1150 819 1205 δολιοῦσθαι
853 1153 911 1205 ἐν
941 1156 1053 1217 τοῖς
1081 1153 1286 1217 δούλοις
1322 1154 1505 1208 αὑτοῦ.

1503 1195 1505 1204 ,
1926 1149 2016 1205 50.
2056 1150 2120 1204 Ει
2146 1150 2331 1205 dolum
2364 1148 2568 1204 faceret
2600 1149 2654 1203 in
2679 1164 2866 1204 servos
2895 1150 3033 1219 ejus.

243 1241 337 1297 51.
379 1241 759 1307 Ἐξαπέστειλε
792 1244 1033 1315 Μωῦσῆν
1059 1246 1150 1298 τὸν
1182 1244 1365 1298 δοῦλον
1390 1244 1575 1309 αὐτοῦ,

1390 1244 1575 1309 αὐτοῦ,
1923 1240 1984 1294 51
2002 1280 2014 1292 .
2040 1237 2200 1316 Misit
2222 1237 2443 1311 Moysen
2470 1252 2687 1293 servum
2717 1253 2898 1305 suum,

244 1331 335 1386 52.
373 1330 599 1402 Ἀαρὼν,
640 1334 699 1386 ὃν
730 1333 1014 1400 ἐξελέξατο
1040 1334 1235 1405 ἑαυτῷ.

1925 1328 2014 1384 52.
2046 1329 2249 1395 Aaron,
2279 1344 2443 1399 quem
2472 1327 2637 1397 elegit
2666 1328 2786 1383 sibi.

246 1421 337 1477 55.
373 1422 564 1476 Ἔθετο
586 1424 642 1475 ἐν
676 1424 858 1487 αὐτοῖς
875 1424 1003 1489 τοὺς
1024 1423 1217 1494 λόγους
1253 1425 1361 1477 τῶν
1394 1423 1635 1497 σημείων
1659 1425 1753 1479 αύ-

1666 1425 1753 1479 αὑ-
1923 1420 2014 1475 55.
2044 1418 2237 1476 Posuit
2259 1419 2311 1473 in
2342 1420 2423 1475 eis
2444 1420 2611 1474 verba
2638 1419 2918 1489 signorum
2947 1434 3196 1486 suorum,

169 1530 291 1578 του,

366 1604 476 1659 Kal.
500 1604 609 1677 τῶν
636 1602 879 1676 τεράτων
905 1603 1069 1659 αὐτοῦ
1096 1606 1154 1658 ἐν
1182 1607 1251 1675 γῇ
1281 1606 1429 1677 Χάμ.

1920 1601 2011 1657 54.
2041 1599 2108 1655 Et
2136 1598 2517 1670 prodigiorum
2541 1614 2769 1654 suorum
2804 1599 2859 1653 in
2884 1608 3030 1654 terra
3058 1599 3249 1654 Cham.

244 1694 335 1749 55.
376 1674 755 1760 Ἐξατπὲστειλε
787 1694 977 1758 σκότος
1008 1696 1103 1749 καὶ
1137 1674 1461 1749 ἐσκότασενο

1407 1714 1431 1749 ν
1446 1712 1461 1728 ο
1920 1693 2012 1749 55.
2043 1692 2192 1747 Misit
2219 1692 2474 1746 tenebras
2503 1700 2558 1746 et
2582 1691 2900 1747 obscuravit
2926 1711 2937 1745 :

243 1783 337 1839 56.
371 1784 492 1837 Ὀτι
517 1783 933 1854 παρεπίκραναν
962 1784 1089 1848 τοὺς
1118 1785 1321 1854 ,λόγους
1354 1786 1541 1840 αὑτοῦ.

1783 1776 1827 1832 Β
1924 1784 2015 1841 56.
2045 1782 2186 1851 Quia
2214 1783 2683 1839 exacerbaverunt
2706 1799 2990 1840 sermones
3025 1800 3192 1839 suos:

242 1876 334 1931 57.
364 1875 713 1948 Μετὲστρεψε
740 1875 809 1930 τά
837 1875 1009 1930 ὕδατα
1036 1876 1214 1930 αὐτῶν
1241 1879 1320 1942 είς
1347 1873 1486 1950 αἷμα
1504 1893 1519 1908 ο

1924 1876 2010 1931 57.
2048 1874 2331 1930 Convertit
2365 1888 2538 1943 aquas
2566 1889 2755 1929 eorum
2789 1874 2844 1929 in
2875 1874 3196 1947 sanguinem
3224 1890 3238 1929 :

242 1968 335 2025 58.
370 1969 480 2023 Kal
509 1968 796 2031 ἀπέκτεινε
815 1969 943 2033 τοὺς
972 1969 1163 2041 ἰχθύας
1195 1970 1395 2026 αὐτῶν.

1249 1970 1395 2026 ὅτῶν.
1926 1968 2014 2023 58.
2047 1966 2114 2021 Ει
2139 1966 2340 2022 occidit
2360 1965 2539 2035 pisces
2568 1981 2779 2020 eorum.

243 2060 331 2115 59.
378 2060 655 2131 Ἐξεῖρψεν
687 2062 721 2131 ἡ
756 2060 826 2131 γῆ
857 2059 1037 2113 αὐτῶν
1072 2059 1380 2131 βατράχους

1278 2078 1380 2127 ζους
1924 2059 2012 2113 59.
2048 2058 2230 2113 Edidit
2254 2068 2398 2114 terra
2426 2073 2618 2113 eorum
2649 2073 2808 2114 ranas

243 2151 334 2210 60.
374 2153 466 2208 Ἐν
491 2155 602 2215 τοῖς
630 2151 899 2221 ταμιείοις
927 2151 1035 2204 τῶν
1067 2150 1331 2222 βασιλέων
1365 2151 1565 2207 αὐτῶν.

1480 2151 1565 2206 ὧν.
1921 2149 2010 2205 60.
2042 2150 2101 2205 In
2122 2151 2494 2221 penetralibus
2523 2164 2713 2219 regum
2739 2150 3010 2222 ipsorum:

1306 2287 1678 2345 ATllANASll
1724 2284 2311 2343 INTERPRETATIO.

242 2448 333 2508 44.
364 2452 475 2529 Kal
508 2452 840 2514 ἐπισκόπους
877 2451 971 2505 καὶ
1013 2449 1418 2523 πρεσϐυτέρους
1455 2450 1511 2502 ἐν
1554 2448 1744 2517 πλήθει

1919 2447 2007 2502 44.
2045 2446 2111 2503 Ει
2150 2447 2436 2519 episcopos
2480 2454 2537 2502 et
2582 2445 2929 2518 presbyteros
2980 2446 3049 2504 in.
3089 2446 3430 2506 plenitudine

168 2546 271 2617 τῆς
304 2545 381 2617 (1)
413 2545 632 2617 χάριτος
664 2542 850 2598 αὑτοῦ.

670 2542 850 2598 αὑτοῦ.
1846 2537 2037 2609 gratiae
2063 2553 2200 2592 suae.

240 2636 332 2691 45.
377 2636 435 2690 '0
458 2635 616 2707 χορὸς
644 2635 753 2689 τῶν
776 2633 1087 2689 ἀποστόλων
1120 2635 1367 2705 εἰσῆλθεν
1392 2636 1449 2689 ἑν
1478 2638 1543 2707 τῇ
1571 2633 1747 2704 θλίψει

1916 2629 2000 2683 45.
2034 2629 2249 2685 Chorus
2280 2629 2661 2701 apostolorum
2685 2629 2969 2701 ingressus
2997 2636 3082 2685 est
3108 2628 3163 2683 in
3199 2629 3430 2684 tribula-

168 2726 266 2781 τοῦ
299 2726 528 2797 κόσμου.
575 2726 821 2795 Ἰσραὴλ
857 2725 966 2797 γὰρ
1015 2726 1378 2797 ἑρμηνεύεται
1419 2726 1566 2794 νοῦς
1594 2725 1698 2796 ὁρᾶ

1895 2736 2050 2777 onem
2067 2721 2279 2776 mundi.
2301 2721 2479 2777 Israel
2501 2722 2645 2777 enim
2673 2722 3062 2791 interpretatur
3087 2738 3229 2776 mem
3247 2722 3425 2775 videns

168 2819 279 2873 τὸν
310 2818 477 2884 Θεὸν,
513 2820 648 2889 ὅπερ
679 2813 819 2889 ἦσαν
841 2820 889 2872 οί
923 2819 1229 2873 ἀπόστολοι.
1260 2819 1559 2888 Αἴγυπτος
1579 2820 1635 2873 δὲ
1659 2820 1698 2891 ἐι

1897 2829 2038 2878 eum,
2068 2814 2258 2884 quales
2280 2823 2438 2869 erant
2480 2816 2735 2886 apostoli.
2764 2813 3027 2886 ngypzus
3052 2822 3233 2869 autem
3263 2815 3427 2870 inter-

168 2911 465 2981 μηνεύεται
488 2912 713 2979 θλίψις.

1787 2901 1802 2903 ⁷
1847 2909 2095 2973 pretatur
2129 2901 2431 2956 tribulatio.

238 3002 329 3057 46.
376 3004 435 3055 Ὀ
465 3002 595 3067 Υίδς
623 3002 716 3056 τοῦ
745 3002 881 3057 Θεοῦ
909 3004 1241 3076 παρῴκησεν
1272 3005 1331 3056 ἐν
1352 3001 1429 3074 τῷ
1465 3003 1674 3075 κόσμῳ.

1465 3003 1674 3075 κόσμῳ.
1918 2992 2003 3047 46.
2041 2993 2215 3048 Filius
2249 2993 2344 3048 Dei
2375 2993 2645 3049 habitavit
2674 2993 2729 3048 in
2764 2996 2990 3050 mundo.

240 3095 330 3148 47.
361 3096 470 3149 Kal.
496 3097 793 3168 κατήρτισε
813 3098 939 3161 τοὺς
962 3096 1149 3165 ἁγίους
1191 3095 1378 3152 αύτοῦ.

1262 3095 1378 3152 τοῦ,
1917 3086 2005 3140 47.
2039 3085 2106 3140 Et
2136 3086 2363 3157 perfecit
2389 3094 2609 3142 sanctos
2635 3100 2788 3141 suos.

242 3186 330 3240 48.
382 3186 660 3256 Ἐνίσχυσε
690 3189 817 3253 τοὺς
850 3188 1037 3257 ἁγίους
1069 3188 1209 3260 ὑπὲρ
1241 3187 1338 3249 τὰς
1372 3187 1617 3253 ἐναντίας
1654 3189 1746 3243 δυ-

1918 3179 2009 3234 48.
2042 3179 2435 3267 tiorroboravit
2465 3187 2689 3236 sanctos
2716 3195 2879 3251 super
2909 3179 3255 3238 adversariae
3285 3190 3433 3252 pote-

170 3277 382 3350 νάμεις.

1847 3279 2035 3328 states.

240 3369 329 3424 49.
377 3369 726 3441 Ἀπεστράφη
754 3366 816 3422 τὸ
860 3367 1012 3432 ἔθνος
1051 3367 1160 3423 τῶν
1201 3367 1467 3423 Ἰουδαίων
1516 3367 1605 3422 διά
1650 3368 1748 3441 τὴν

1917 3364 2006 3418 49.
2039 3362 2339 3420 Aversatus
2361 3372 2447 3420 est
2470 3373 2684 3436 gentem
2703 3363 3014 3421 Judazorum
3041 3373 3262 3436 propter
3275 3380 3428 3418 suam

169 3460 429 3515 ἀπιστίαν
460 3461 658 3516 αὐτῶν.

1848 3453 2250 3510 inﬁdelitatem.

247 3553 336 3607 50.
384 3553 603 3625 Ἐπειδὴ
620 3550 1004 3607 »ἐδολιεύσαντο
1027 3551 1166 3606 κατὰ
1189 3552 1298 3605 τῶν
1323 3548 1615 3624 προφητῶν
1651 3549 1750 3604 αύ-

1919 3546 2005 3602 50.
2061 3545 2332 3613 Quoniam
2379 3545 2533 3602 dolos
2604 3546 2856 3602 iecerunt
2903 3556 3093 3605 contra
3135 3549 3430 3619 prophetas

169 3642 289 3697 τοῦ.

1849 3652 2003 3692 SUOS.

245 3734 332 3789 51.
381 3732 759 3799 Ἐξαπὲστειλε
815 3732 908 3789 τὸν
980 3733 1138 3805 χορὸν
1208 3733 1316 3788 τῶν
1388 3732 1581 3791 ἁλιέων
1647 3732 1745 3803 (2).

1919 3728 2010 3781 5i.
2046 3726 2193 3782 Misit
2214 3727 2443 3782 chorum
2464 3728 2820 3797 piscatorum.
2853 3725 3061 3799 Moyses
3089 3729 3233 3784 enim
3261 3729 3430 3783 inter-

170 3821 435 3892 Μωῡσῆς
462 3823 568 3895 γὰρ
600 3821 959 3893 ἑρμηνεύεται
1006 3822 1311 3891 ἀναίρεσις
1354 3821 1455 3891 ἀφ’
1506 3821 1700 3875 ὕδατα

1901 3828 2093 3874 'etatur
2119 3820 2410 3888 assumptio
2438 3821 2502 3873 ab
2527 3838 2681 3891 aqua.
2712 3820 2753 3873 E
2776 3836 2925 3876 mare
2952 3823 3218 3893 siquidem
3246 3832 3431 3877 sustu-

181 3913 317 3967 Ἀπὸ
346 3914 455 3986 γὰρ
481 3915 580 3986 τῆς
605 3914 879 3985 θαλάσσης
920 3914 1162 3969 ἀνείλετο
1204 3916 1329 3978 τοὺς
1375 3913 1706 3976 ἀποστόλους

1443 3913 1706 3976 εοστόλους
1731 3930 1745 3945 ο
1848 3913 1911 3967 lit
1940 3911 2218 3981 apostolos
2246 3926 2260 3965 :
2294 3919 2453 3964 erant
2483 3913 2626 3965 enim
2654 3913 2973 3981 piscatores.

168 4000 307 4076 ἦσαν
334 4005 444 4076 γὰρ
467 4005 655 4069 ἁλιεῖς.

244 4095 332 4150 52.
382 4094 608 4164 Ἀαρὼν
664 4094 1026 4166 ἑρμηνεύεται
1079 4095 1217 4163 ὄρος
1268 4094 1607 4166 δυνάμενος
1648 4096 1744 4165 (5),

1920 4089 2011 4146 52.
2038 4089 2220 4143 Aaron
2258 4088 2649 4159 interpretatur
2681 4105 2829 4142 mons
2880 4089 3113 4155 virtutis,
3143 4088 3321 4159 qualis
3348 4097 3434 4144 est

170 4189 309 4260 ὅπερ
342 4188 547 4259 ἐστὶνή
585 4188 879 4260 Ἐκκλησία
906 4188 1013 4241 τῶν
1045 4187 1271 4254 πιστῶν,
1303 4188 1370 4258 ἢν
1424 4190 1700 4261 περιεποιεί

1901 4181 2094 4238 cclesia
2150 4181 2413 4249 ﬁdelium,
2446 4195 2610 4250 quam
2663 4180 2999 4251 comparavit
3031 4180 3135 4237 sibi
3168 4181 3431 4252 sanguine

171 4298 306 4334 σατο
328 4280 416 4333 διὰ
436 4279 531 4333 τοῦ
562 4280 692 4333 ἰδίου
718 4281 969 4351 αἵματος.
1847 4290 1969 4331 suo.

246 4372 333 4427 55.
363 4371 444 4425 Τὰ
478 4372 880 4444 προστάγματα
907 4372 1073 4427 αὐτοῦ
1101 4372 1252 4425 ἔθετο
1270 4373 1327 4426 ἐν
1366 4370 1443 4443 τῷ
1472 4371 1605 4443 λαῷ.

1472 4371 1605 4443 λαῷ.
1917 4367 2011 4423 55.
2041 4365 2316 4434 Praecepta
2344 4379 2442 4417 sua
2476 4362 2657 4432 posuit
2691 4362 2744 4417 in
2772 4364 2989 4432 populo.

248 4463 337 4519 54.
368 4464 481 4518 Kal.
514 4463 623 4518 τῶν
656 4465 996 4535 παθημάτων
1035 4464 1199 4518 αὑτοῦ
1228 4505 1243 4528 ,
1286 4458 1360 4518 ὧν
1391 4464 1650 4535 ὑπέμεινε
1683 4466 1747 4535 τῇ

1917 4459 2007 4513 54.
2048 4455 2116 4511 Ει
2135 4458 2454 4527 passionum
2479 4471 2729 4520 suarum,
2750 4470 2887 4524 quas
2904 4470 3101 4525 passus
3114 4464 3198 4509 est
3219 4455 3272 4509 in
3297 4470 3430 4511 con-

173 4556 255 4628 (4)
302 4560 590 4629 συναγωγῇ
637 4557 747 4610 τῶν
795 4557 1080 4629 τολμηρῶν
1112 4557 1433 4629 ἀνθρώπων.
1476 4551 1604 4627 Χᾶμ
1642 4556 1703 4626 γὲ

1902 4548 2164 4619 egatione
2194 4548 2482 4603 audacium
2521 4548 2829 4603 hominum.
2868 4545 3035 4602 Cham
3065 4548 3210 4603 enim
3251 4550 3432 4602 audax

170 4648 472 4719 τολμηρὸς
508 4649 888 4721 ἑρμηνεύεται.

721 4649 888 4703 ύεται.
1849 4644 2251 4712 interpretatur.

246 4738 335 4792 55.
376 4739 464 4792 Ἐν
487 4742 554 4810 τῇ
597 4741 883 4815 συναγωγῇ
912 4739 1091 4794 αὐτῶν
1123 4738 1212 4794 διά
1236 4739 1616 4811 τηνζάπιστίαν
1647 4739 1749 4793 αύ-

1919 4734 2008 4790 55.
2037 4732 2097 4787 ln
2124 4732 2606 4804 congregationem
2636 4747 2827 4788 eorum
2862 4741 3083 4807 propter
3116 4746 3308 4787 eorum
3344 4731 3430 4785 in-

168 4828 303 4884 τῶν.

1847 4828 2190 4883 ﬁdelitatem.

245 4917 335 4973 56.
370 4918 495 4973 Ὀτι
526 4920 628 4974 ούκ
662 4918 933 4989 ἐφύλαξαν
955 4919 1021 4974 τά
1044 4918 1442 4991 προστάγματα
1472 4918 1661 4973 αὐτοῦ.

1918 4919 2009 4974 56.
2039 4917 2175 4986 Quia
2205 4930 2314 4971 non
2346 4913 2765 4971 custodiverunt
2788 4915 2907 4985 ejus
2938 4926 3225 4986 praecepta.

245 5008 335 5064 57.
382 5008 658 5079 Ἀφείλετο
681 5010 861 5065 αὐτῶν
884 5012 985 5081 τὴν
1030 5011 1210 5082 χάριν,
1242 5010 1332 5065 καὶ
1373 5009 1521 5064 εἴασε
1553 5011 1750 5073 αὐτοὺς

1918 5012 2009 5067 57.
2040 5008 2375 5067 Abstuliteis
2395 5007 2652 5078 gratiam,
2696 5014 2751 5069 et
2798 5009 3047 5079 permisit
3088 5024 3183 5064 eos
3227 5007 3431 5069 servire

167 5098 447 5154 δουλεύειν
477 5104 543 5175 τῇ
573 5102 832 5175 ἁμαρτίᾳ.

573 5102 832 5175 ἁμαρτίᾳ.
1844 5111 2089 5174 peccato.

246 5191 334 5245 58.
364 5192 476 5255 Τὰς
500 5173 674 5263 ἱιυχάς
695 5173 876 5248 αὐτῶν
904 5192 1003 5258 τάς
1034 5194 1091 5247 ἐν
1116 5194 1303 5265 κόσμῳ
1321 5194 1399 5266 (5)
1424 5194 1747 5266 νηχομένας.

1579 5194 1747 5257 ιὲνας.
1847 5173 1858 5174 ⁷
1916 5191 2008 5248 58.
2034 5192 2260 5248 Animas
2288 5206 2476 5247 eorum
2507 5190 2562 5245 in
2596 5191 2803 5247 mundo
2834 5200 3109 5250 natantes.

246 5283 334 5338 59.
369 5286 435 5337 Αί
457 5285 675 5355 καρδίαι
703 5286 881 5340 αὐτῶν
901 5286 999 5352 τὰς
1020 5286 1311 5358 ἐπιθυμίας
1327 5287 1433 5340 τῶν
1457 5287 1746 5357 δαιμόνων.

1915 5286 2004 5341 59.
2037 5284 2215 5345 Corda
2240 5299 2439 5341 eorum
2461 5283 2940 5353 concupiscentias
2968 5285 3302 5340 daemonum.

242 5374 333 5430 60.
375 5375 465 5428 ’Ev
495 5377 617 5439 ταῖς
645 5375 905 5441 διανοίαις
931 5376 1039 5431 τῶν
1069 5378 1346 5448 ἀρχόντων
1368 5377 1568 5431 αὐτῶν.

1473 5377 1568 5431 ῶν.
1918 5376 2005 5431 60.
2026 5358 2099 5430 'ln
2135 5374 2414 5431 mentibus
2442 5375 2753 5445 principum
2786 5390 3001 5442 eorum.

1126 5495 1433 5558 Addenda
1465 5502 1526 5557 et
1555 5496 1931 5577 corrigenda
1970 5512 2048 5556 ex
2078 5494 2218 5556 cod.
2253 5492 2454 5553 Vatic.

273 5594 325 5731 Ι)
361 5597 666 5719 Ἐμπλῆσαι
696 5598 815 5669 τῆς,
853 5609 958 5655 etc.

273 5666 303 5719 Ξ
369 5666 426 5719 Ἀ
468 5667 611 5731 ιὲων,
653 5661 726 5723 ὧν
775 5671 1011 5731 Μωῡσῆς
1071 5670 1429 5731 ἑρμηνεύεται
1474 5671 1753 5731 ἀναίρεσις

808 5639 815 5660 ,
853 5609 958 5655 etc.
1924 5600 2000 5731 $3)
2028 5598 2338 5667 Δυνάμεως,

808 5671 1011 5731 Ιωῦσῆς
1071 5670 1429 5731 ἑρμηνεύεται
1474 5671 1753 5731 ἀναίρεσις
1949 5669 2002 5731 4)
2041 5671 2128 5723 Ἑν
2156 5671 2241 5731 τῇ·

273 5600 295 5649 l
361 5600 417 5650 'E
468 5600 666 5667 πλῆσαι
696 5600 815 5669 τῆς,
853 5609 958 5655 etc.
1946 5600 2000 5667 5)
2028 5600 2239 5667 Δυνάμε

268 5600 325 5731 2)
369 5614 611 5733 Ἀζίιὲωη
653 5661 726 5723 ὧν
775 5671 1011 5741 Μωῡσῆς
1071 5670 1429 5744 ἑρμηνεύεται
1474 5671 1753 5746 ἀναίρεσις
1924 5600 2003 5813 34;
2041 5671 2128 5723 Ὲν
2156 5671 2241 5749 τῇ.

268 5752 392 5804 ιτος,
422 5746 526 5794 etc.
560 5738 816 5810 ἀνήλατο,
843 5748 945 5797 etc.
1950 5740 1982 5793 5
2047 5741 2134 5795 Ἐν
2162 5756 2237 5811 τῳ

169 5735 392 5804 ὕδατος,
422 5746 526 5794 etc.
560 5738 816 5810 ἀνήλατο,
843 5735 978 5797 etcf
1102 5735 1113 5743 ⁷
1141 5735 1152 5743 ⁷
1203 5735 1214 5744 ⁷
1604 5735 1615 5746 ⁷

970 5735 978 5741 ⁷
1102 5735 1113 5743 ⁷
1141 5735 1152 5743 ⁷
1203 5735 1214 5744 ⁷
1604 5735 1615 5746 ⁷
1734 5735 1741 5737 ⁷
1927 5735 2003 5811 (5)
2047 5741 2134 5795 Ἐν
2162 5735 2237 5811 τῷ
2278 5737 2486 5809 κόσμῳ.
