3874 6222
451 303 589 360 1107

519 424 606 478 61.
651 423 816 491 Dixit,
845 432 900 479 et
928 425 1075 480 venit
1095 415 1422 497 cmudniyia,
1458 436 1461 443 ‘

518 514 609 569 62.
643 515 710 568 Et
725 516 984 586 'cinipbes
1013 517 1068 570 in
1091 519 1345 574 omnibus
1384 517 1585 573 ﬁnibus
1608 534 1822 575 eorum.

518 606 609 661 63.
648 606 841 661 Posuit
870 608 1082 677 pluvias
1109 624 1295 665 eorum
1337 610 1678 680 grandinem,

518 695 606 750 64.
649 696 828 766 Ignem
861 698 1269 753 comburentem
1304 700 1359 754 in
1401 709 1544 755 terra
1578 701 1842 770 ipsorum.

522 786 612 842 65.
652 786 721 841 Et
763 790 1035 859 percussit
1077 791 1265 847 vineas
1298 806 1489 847 eorum
1521 801 1576 848 et
1621 794 1884 850 ﬁculneas
1929 812 2023 851 eo-

452 893 573 935 rum
606 897 620 932 :

522 967 612 1021 66.
652 965 720 1021 Et
752 969 1011 1023 contrivit
1043 984 1205 1026 omne
1232 970 1439 1043 lignum
1481 972 1673 1027 ﬁnium
1714 988 1927 1028 eorum.

522 1059 611 1114 67.
648 1060 813 1125 Dixit,
849 1072 903 1116 et
930 1063 1077 1117 venit
1109 1064 1337 1128 locusta,

520 1151 608 1207 68.
647 1152 713 1206 Et
742 1154 1005 1218 bruchus,
1044 1155 1201 1224 cujus
1236 1171 1344 1209 non
1372 1163 1491 1210 erat
1518 1170 1801 1211 numerus.

522 1244 608 1299 69.
652 1245 718 1299 Et
749 1247 986 1301 comedit
1009 1262 1169 1301 omne
1193 1246 1378 1301 fenum
1406 1247 1459 1301 in
1492 1254 1637 1303 terra
1666 1263 1857 1302 eorum
1881 1246 2023 1320 [om-

452 1351 574 1389 nem
608 1336 843 1392 fructum
880 1348 1038 1393 terra;
1068 1338 1317 1411 eorum]:

524 1427 611 1483 70.
648 1428 715 1483 Et
760 1432 997 1484 comedit
1053 1447 1268 1486 omnem
1312 1432 1549 1486 fructum
1611 1439 1771 1487 terra:
1831 1447 2023 1488 eorum

452 1513 638 1587 [omne
670 1518 853 1573 fenum
899 1521 950 1573 in
985 1532 1128 1576 terra
1180 1522 1419 1594 eorum].
1952 1588 1955 1589 ν

524 1608 610 1663 71.
657 1611 723 1664 Et
776 1614 1045 1681 percussit
1086 1630 1246 1669 omne
1296 1616 1719 1687 primogenitum
1778 1615 1834 1669 in
1877 1623 2021 1668 terra

450 1714 638 1755 eorum
668 1704 744 1774 [in
777 1715 917 1759 terra
944 1704 1184 1779 Aigypti]
1214 1726 1226 1761 :

522 1801 607 1855 72.
653 1801 928 1856 Primitias
956 1803 1135 1854 omnis
1159 1800 1364 1855 laboris
1400 1814 1613 1855 eorum.

522 1894 609 1949 75.
636 1892 719 1974 .Et
750 1893 937 1947 eduxit
970 1906 1065 1945 eos
1096 1892 1148 1945 in
1188 1898 1412 1961 argento
1450 1898 1503 1945 et
1533 1906 1670 1945 auro
1696 1908 1708 1943 :

524 1983 609 2038 74.
662 1984 727 2038 Et
756 2000 864 2037 non
899 1992 1017 2037 erat
1052 1982 1103 2035 in
1139 1984 1389 2038 tribubus
1425 1996 1610 2037 eorum
1645 1983 1915 2035 inlirmus.

520 2076 610 2132 75.
651 2072 854 2128 Laetam
888 2083 971 2128 est
1002 2072 1272 2144 Egyptus
1314 2090 1367 2127 1n
1412 2074 1752 2142 protectione
1792 2087 2025 2127 eorum:

524 2166 610 2220 76.
650 2166 789 2232 Quia
819 2166 1067 2219 incubuit
1090 2166 1254 2218 timor
1278 2179 1466 2219 eorum
1504 2179 1668 2233 super
1695 2178 1812 2219 eos.

522 2256 608 2312 77.
646 2257 916 2326 Expandit
946 2257 1143 2310 nubem
1178 2257 1233 2309 in
1279 2255 1679 2324 protectionem
1723 2254 1845 2310 eis:

522 2339 607 2393 78.
650 2339 714 2393 Et
744 2342 920 2412 ignem
946 2349 1006 2395 ut
1034 2341 1236 2394 luceret
1266 2340 1346 2394 eis
1381 2354 1478 2409 per
1504 2350 1741 2399 noctem.

524 2431 610 2489 79.
650 2430 949 2500 Petierunt,
972 2440 1027 2488 et
1047 2432 1196 2487 venit
1222 2432 1477 2487 coturnix
1502 2448 1517 2485 :

1301 308 1359 362 s.
1402 296 1777 365 ΑΤΗΑΝΑΞΠ
1819 308 1970 370 opp.
2010 313 2191 370 PARS
2231 317 2316 373 ιιι.
2358 351 2425 361 -
2464 319 2877 377 EXEGETICA.

2055 441 2098 496 Δ

2056 1783 2099 1838 B

3578 320 3717 379 1108

2200 436 2288 490 61.
2331 434 2487 498 Eine,
2521 439 2615 490 καὶ
2642 432 2771 508 ἦλθε
2796 434 3086 507 κυνόμυια,

2195 529 2283 585 62.
2326 531 2435 584 Kd'l
2465 534 2690 593 σκνῖπες
2719 531 2777 582 ἐν
2808 531 2937 582 πᾶσι
2961 533 3073 593 τοῖς
3098 528 3265 600 ὁρίοις
3296 529 3493 588 αὐτῶν.

2197 622 2283 677 65.
2305 623 2495 676 ’Έθετο
2526 623 2625 687 τὰς
2659 622 2858 694 βροχὰς
2881 623 3058 676 αὐτῶν
3091 622 3352 694 χάλαζαν,

2198 714 2286 768 64.
2330 714 2448 785 Πῦρ
2472 713 2807 783 καταφλέγον
2836 716 2894 767 ὲν
2924 717 2987 785 τῇ
3019 718 3089 787 γῇ
3118 714 3318 769 αὐτῶν.

2200 803 2288 858 65.
2330 805 2439 857 Kal
2462 804 2697 870 ἐπάταξε
2721 803 2820 866 τὰς
2853 803 3131 875 ἀμπέλους
3164 803 3342 856 αὐτῶν
3370 802 3464 856 καὶ
3488 800 3590 862 τὰς
3620 815 3712 856 συ-

2128 895 2230 957 κᾶς
2255 893 2433 948 αὐτῶν
2448 910 2461 923 ·

2200 984 2287 1038 66.
2330 985 2441 1039 Kal
2467 985 2750 1057 συνέτριψε
2786 987 2892 1039 πᾶν
2924 985 3076 1050 ξύλον
3097 986 3245 1058 ὁρίου
3270 985 3470 1041 αὐτῶν.

2197 1076 2287 1133 67.
2326 1074 2479 1143 Εἶπε,
2508 1080 2600 1131 καὶ
2632 1075 2794 1150 ἦλθεν
2819 1079 2997 1150 ἀκρὶς,

2200 1168 2289 1224 68.
2332 1170 2441 1223 Kal
2473 1169 2719 1242 βροῦχος,
2750 1165 2809 1224 οὗ
2843 1171 2941 1223 οὐκ
2967 1165 3035 1240 ἧν
3064 1169 3317 1241 ἀριθμός.

2192 1260 2281 1315 69.
2326 1261 2435 1316 Kal
2466 1263 2738 1317 κατέφαγε
2773 1263 2950 1317 πάντα
2975 1263 3165 1333 χόρτον
3192 1264 3250 1315 ὲν
3272 1263 3337 1332 τῇ
3365 1262 3434 1331 γῇ
3460 1258 3674 1312 αὐτῶνθ

2197 1438 2284 1494 70.
2325 1440 2435 1492 Kat
2454 1438 2727 1509 κατέφαγε
2746 1438 2922 1494 πάντα
2939 1438 3028 1492 τὸν
3045 1437 3253 1510 καρπὸν
3269 1436 3369 1506 τῆς
3383 1435 3484 1506 γῆς
3502 1432 3710 1488 αὐτῶν.

2194 1617 2280 1670 71.
2320 1616 2430 1671 Kal
2461 1615 2696 1683 ἐπάταξε
2732 1617 2839 1671 πᾶν
2877 1614 3221 1687 πρωτότοκον
3242 1615 3298 1667 ἐν
3322 1606 3389 1685 τῇ
3412 1616 3483 1683 γῇ
3504 1611 3708 1666 αὐτῶν·

2200 1796 2286 1849 72.
2316 1796 2599 1867 Ἀπαρχὴν
2629 1793 2829 1857 παντὸς
2859 1793 3019 1847 πόνου
3050 1792 3248 1848 αὐτῶν.

2195 1886 2281 1941 75.
2323 1886 2433 1939 Kal
2458 1885 2726 1956 ἐξήγαγεν
2760 1883 2956 1945 αὐτοὺς
2991 1883 3047 1934 ὲν
3076 1880 3325 1952 ἀργυρίῳ
3352 1878 3447 1932 καὶ
3476 1875 3708 1948 χρυσίῳ.

2196 1979 2282 2032 74.
2324 1978 2434 2030 Καὶ
2459 1978 2559 2029 οὐκ
2580 1972 2648 2047 ἦν
2678 1979 2736 2029 ὲν
2761 1976 2881 2037 ταῖς
2912 1973 3105 2043 φυλαῖς
3139 1970 3316 2025 αὐτῶν
3348 1971 3376 2022 6
3408 1966 3673 2022 ἀσθενῶν.

2196 2067 2282 2121 75.
2326 2065 2617 2138 Εὑφράνθη
2652 2064 2923 2132 Αἴγυπτος
2955 2065 3012 2115 ὲν
3042 2063 3108 2133 τῇ
3139 2060 3299 2130 ἐξόδῳ
3327 2060 3503 2113 αὐτῶν
3528 2075 3542 2090 ο

2196 2159 2282 2213 76.
2300 2160 2422 2211 Ὅτι
2448 2158 2715 2210 ἐπέπεσεν
2735 2159 2763 2209 6
2790 2155 2953 2224 φόϐος
2988 2155 3165 2208 αὐτῶν
3197 2155 3282 2206 ἐπ’
3310 2149 3527 2213 αὐτούς.

2202 2249 2289 2305 77.
2329 2249 2622 2301 Διεπέτασε
2648 2246 2875 2315 νεφέλην
2898 2248 2977 2309 εἰς
3016 2244 3225 2316 σκέπην
3256 2245 3436 2305 αὐτοῖς
3454 2257 3472 2274 ο

2202 2339 2289 2392 78.
2330 2340 2439 2391 Καὶ
2467 2338 2577 2408 πῦρ
2602 2336 2694 2390 τοῦ
2724 2336 2954 2404 φωτίσαι
2976 2336 3156 2398 αὐτοῖς
3178 2334 3275 2405 τὴν
3305 2333 3495 2395 νύκτα..

2206 2428 2293 2484 79.
2313 2431 2582 2501 ᾜτησαν.
2612 2429 2707 2481 καὶ
2734 2423 2897 2498 ἦλθεν
2927 2426 3316 2497 ὀρτυγομήτρα
3335 2440 3355 2458 ο

1575 2607 1952 2665 ATHANASI]
2007 2604 2586 2663 lNTERPRETATlO.

522 2770 611 2825 6i.
650 2768 923 2834 Permisit,
957 2776 1011 2823 et
1041 2776 1308 2822 venerunt
1348 2777 1536 2837 gentes
1562 2774 1752 2821 contra
1787 2765 1955 2834 ipsos.

522 2861 611 2915 62.
662 2859 729 2914 Et
756 2860 911 2931 plaga
941 2859 1261 2914 insanabilis
1303 2873 1468 2927 super
1496 2873 1686 2912 eorum
1716 2856 1953 2910 animas.

522 2952 608 3007 65.
660 2951 899 3022 Reliquit
925 2967 1020 3007 eos
1049 2950 1269 3006 obedire
1299 2950 1560 3005 doctrinae
1596 2948 1931 3003 daemonum.

521 3130 609 3184 64.
652 3129 955 3192 Diabolum,
984 3130 1074 3198 qui
1111 3129 1451 3197 consumpsit
1500 3142 1690 3183 eorum
1718 3134 1953 3196 gentem.

524 3220 610 3275 65.
650 3220 878 3274 Animas
908 3226 1117 3284 eorum,
1148 3221 1277 3289 quia
1314 3217 1667 3272 infructiferaa
1707 3215 2021 3269 manebant.

523 3313 612 3368 66.
652 3314 881 3367 Omnem
937 3314 1213 3369 hominem
1259 3329 1446 3368 earum
1494 3312 1735 3367 tribuum
1784 3308 2024 3364 fructum

453 3423 563 3461 non
595 3407 879 3469 ferentem,

523 3503 611 3557 67.
652 3501 928 3565 Permisit,
961 3502 1297 3561 ut,venirent
1323 3508 1511 3571 gentes
1551 3508 1814 3553 adversus
1836 3510 1953 3551 eos.

525 3682 613 3735 68.
656 3680 801 3738 Gens
849 3680 1225 3735 Romanorum
1272 3678 1429 3733 valde
1461 3693 1557 3734 eos
1588 3691 1817 3732 numero
1864 3689 2025 3731 exce-

453 3772 612 3827 dens.

524 3789 612 3826 ns.

491 3789 611 3927 e69,
646 3860 732 3915 70.
770 3861 1013 3915 Perdidit
1039 3875 1253 3913 omnem
1283 3874 1469 3913 eorum
1506 3867 1744 3927 gentem.

523 3953 611 4007 7i.
656 3951 722 4005 Et
778 3951 975 4006 occidit
1034 3965 1248 4004 omnem
1292 3950 1539 4004 Judaeum
1587 3949 1642 4002 in
1690 3946 2026 4013 Jerusalem;

455 4044 630 4110 ipsum
659 4042 805 4096 enim
842 4042 1102 4112 populum
1136 4038 1417 4110 Scriptura
1464 4039 1890 4110 primogenitum
1923 4053 2025 4091 an-

454 4144 540 4189 tea
571 4134 728 4188 dixit.

528 4225 616 4277 72.
658 4223 797 4278 Cum
846 4222 980 4292 ipsis
1008 4221 1339 4292 primoribus
1372 4218 1765 4275 interfecerunt
1809 4232 2028 4273 omnem

453 4332 643 4370 eorum
672 4313 1099 4369 multitudinem.

525 4407 612 4463 75.
650 4404 866 4460 Judzeos
915 4415 1095 4459 autem
1124 4404 1227 4474 ipsi
1294 4403 1576 4458 credentes
1608 4400 1798 4456 eduxit
1841 4415 1907 4455 ex
1941 4397 2031 4454 Je-

456 4499 693 4553 rusalem
724 4497 778 4549 in
815 4496 987 4563 gratia
1015 4511 1139 4554 sua.

527 4589 611 4643 74.
655 4591 721 4642 Et
751 4588 935 4641 nullus
955 4586 1266 4641 Iudaeorum
1287 4584 1625 4641 credentium
1652 4583 1905 4638 inventus
1922 4591 2027 4649 est,

453 4680 547 4749 qui
580 4679 896 4734 vulneratus
920 4677 1084 4732 fuerit
1107 4677 1163 4730 in
1198 4676 1362 4731 bello.

529 4772 615 4825 75.
658 4771 715 4825 ln
740 4787 930 4827 eorum
963 4770 1209 4824 interitu.
1243 4801 1246 4804 ~

525 4862 611 4915 76.
656 4861 791 4928 Quia
817 4859 1195 4916 custodiebant
1212 4872 1325 4912 eos.

527 4952 613 5007 77.
656 4953 926 5023 Expandit
960 4952 1222 5006 auxilium
1255 4964 1422 5009 suum
1469 4946 1851 5003 credentibus:

525 5042 613 5098 78.
657 5041 899 5098 Gratiam
943 5052 1120 5105 suam,
1158 5051 1217 5095 ut
1244 5052 1508 5093 mundum
1541 5038 1894 5099 illuminaret.

526 5138 614 5193 79.
655 5136 913 5193 leeStia
941 5152 1036 5192 sua
1072 5137 1215 5192 dona
1253 5132 1401 5189 dedit
1431 5131 1678 5187 ﬁdelibus
1710 5149 1725 5185 :

2194 2760 2283 2815 61.
2325 2759 2700 2832 Συνεχὼρησε,
2728 2760 2821 2812 καὶ
2846 2752 2978 2829 ἦλθε
3006 2756 3072 2810 τὰ
3099 2755 3226 2826 ἔθνη
3252 2753 3369 2807 κατ’
3400 2751 3603 2808 αὐτῶν.

2195 2853 2282 2906 62.
2325 2852 2431 2905 Kal
2466 2852 2647 2923 πληγὴ
2685 2852 2904 2914 ἀνίατος
2937 2849 3030 2903 ἐπὶ
3070 2848 3168 2911 τὰς
3192 2846 3367 2917 ψυχὰς
3400 2846 3604 2901 αὐτῶν.

2194 2944 2285 2998 65.
2327 2945 2522 2997 Εῖασεν
2555 2945 2751 3007 αὐτοὺς
2780 2942 2965 3013 διδαχῇ
3000 2941 3077 3012 (1)
3116 2938 3227 2993 τῶν
3272 2939 3539 3009 δαιμόνων
3588 2935 3709 2992 πείο

2126 3035 2333 3089 Θεσθαι.

2200 3129 2289 3183 64.
2331 3129 2432 3182 Τὸν
2458 3127 2700 3181 διάϐολον
2723 3125 3151 3194 καταφθείροντα
3176 3124 3236 3177 τὸ
3264 3120 3413 3185 ἔθνος
3439 3116 3643 3175 αὐτῶν.

2197 3222 2285 3276 65.
2329 3222 2438 3284 Τὰς
2467 3220 2641 3291 ψυχὰς
2666 3218 2862 3280 αὐτῶν,
2886 3212 3070 3287 ἐπειδὴ
3092 3216 3327 3287 ἄκαρποι
3357 3214 3547 3285 ἔμενον
3573 3213 3676 3282 (2).

2201 3313 2291 3367 66.
2336 3313 2522 3366 Πάντα
2544 3311 2828 3381 ἄνθρωπον
2855 3308 2960 3362 τῶν
2982 3307 3164 3377 φυλῶν
3196 3306 3374 3360 αὐτῶν
3405 3305 3480 3376 μὴ
3509 3321 3693 3374 καρπο

2130 3405 2418 3477 φοροῦντα.

2199 3496 2287 3550 67.
2331 3496 2411 3549 Τὰ
2443 3493 2568 3566 ἔθνη
2607 3494 2983 3564 συνεχώρησεν
3026 3489 3197 3544 ὲλθεῖν
3223 3487 3360 3560 πρὸς
3397 3487 3559 3540 αὐτόν
3593 3486 3714 3539 fab-

2127 3586 2276 3659 τούς]
2313 3588 2411 3657 (5).

2203 3677 2291 3732 68.
2337 3679 2410 3730 Τὸ
2439 3676 2589 3739 ἔθνος
2621 3675 2730 3728 τῶν
2767 3671 3056 3743 Ῥωμαίων
3092 3671 3220 3725 λαὸν
3262 3668 3586 3723 ἐκλείποντα
3633 3667 3717 3740 (4)

2128 3767 2272 3841 [λίαν
2300 3765 2571 3837 ἐκλεῖπον]
2608 3763 2823 3827 αὐτούς.

2200 3858 2287 3921 69,
2316 3856 2400 3909 70.
2433 3854 2858 3924 Ἑξωλόθρευσεν
2890 3852 3032 3905 ἅπαν
3068 3850 3144 3919 (5)
3179 3850 3239 3903 τὸ
3278 3848 3428 3912 έθνος
3470 3846 3673 3903 αὐτῶν.

2197 3948 2259 4001 71
2276 3989 2288 4001 .
2318 3948 2425 4000 Kal
2442 3945 2699 4013 ἐφόνευσε
2718 3944 2892 3997 πάντα
2906 3940 3155 3995 Ἰουδαῖον
3172 3941 3228 3991 ὲν
3241 3943 3304 4010 τῇ
3321 3938 3677 4010 Ἰερουσαλήμ
3700 3979 3718 3993 .

2132 4038 2303 4090 Αὑτὸν
2336 4034 2445 4107 γὰρ
2474 4035 2564 4089 τὸν
2594 4034 2721 4087 λαὸν
2751 4034 2784 4103 ἡ
2822 4032 3012 4105 Γραφὴ
3044 4031 3382 4103 πρωτότοκον
3408 4031 3559 4098 ἔλεγε
3580 4029 3717 4101 πρό-

2133 4144 2309 4199 τερον.

2202 4214 2290 4270 7‘2.
2324 4215 2457 4270 Ἀπὸ
2503 4215 2611 4270 τῶν
2659 4215 2892 4289 πρώτων
2940 4213 3115 4267 αὐτῶν
3154 4213 3445 4282 ἐφόνευσαν
3494 4212 3605 4263 πᾶν
3648 4211 3717 4264 τὸ

2131 4309 2333 4381 πλῆθος
2356 4309 2553 4362 αὐτῶν.

2203 4401 2291 4455 75.
2334 4401 2470 4465 Τοὺς
2495 4400 2552 4452 δὲ
2578 4400 2973 4464 πιστεύσαντας
3020 4396 3168 4468 αὐτῷ
3201 4394 3485 4459 Ἰουδαίους
3511 4394 3716 4466 ἐξήγα-

2061 4507 2105 4562 Ῑ)
2133 4510 2229 4563 γεν
2263 4494 2327 4546 ἐκ
2348 4493 2448 4563 τῆς
2489 4491 2843 4563 Ἰερουσαλὴμ
2878 4492 2936 4543 ἐν
2962 4493 3027 4562 τῇ
3058 4492 3239 4561 χάριτι
3269 4485 3454 4541 αὑτοῦ.

2204 4586 2290 4638 74.
2340 4585 2450 4638 Kal
2495 4584 2593 4654 οὐχ
2637 4584 2836 4655 εὑρέθη
2881 4601 2965 4647 τις
2993 4584 3099 4636 τῶν
3127 4581 3531 4636 πιστευσάντων
3570 4577 3711 4635 Ἰου-

2129 4676 2291 4731 δαίων
2316 4677 2344 4728 ὁ
2370 4674 2599 4745 πληγεὶς
2631 4676 2689 4729 ὲν
2722 4674 2802 4744 τῷ
2837 4674 3077 4744 πολέμῳ.

2204 4767 2290 4822 75.
2316 4765 2438 4819 Ἐπὶ
2464 4768 2529 4837 τῇ
2563 4766 2639 4835 (6)
2670 4766 2917 4838 ἀπωλείᾳ
2950 4764 3150 4820 αὐτῶν.

2208 4858 2293 4912 76.
2310 4858 2431 4910 Ὅτι
2456 4856 2815 4928 ἐφρουροῦντο
2841 4856 2913 4925 (7)
2940 4855 3156 4920 αὐτούς.

2206 4948 2295 5002 77.
2334 4946 2444 5018 Τὴν
2468 4926 2718 5017 βοήθειαν
2738 4945 2901 5000 αὐτοῦ
2918 4946 3136 5017 ἦπλωσε
3146 4949 3257 5011 τοῖς
3274 4926 3589 5000 πιστεύουσι
3607 4940 3701 5016 (8)⁹

2208 5038 2294 5095 78.
2336 5038 2446 5110 Τὴν
2473 5038 2630 5109 χάριν
2660 5037 2736 5109 (9)
2763 5038 2926 5093 αὑτοῦ
2960 5038 3191 5106 φωτίσαι
3219 5037 3309 5092 τὸν
3335 5038 3562 5110 κόσμον.

2208 5130 2294 5186 79.
2333 5129 2415 5183 Τὰ
2444 5131 2757 5203 χαρίσματα
2782 5129 2943 5185 αὐτοῦ
2970 5129 3139 5184 ἔδωκε
3168 5133 3277 5196 τοῖς
3300 5126 3508 5194 πιστοῖς
3531 5148 3546 5162 ·

1416 5292 1719 5356 Addenda
1749 5301 1813 5356 et
1844 5292 2217 5372 corrigenoa
2248 5311 2325 5354 ex
2355 5291 2498 5355 cod.
2547 5291 2749 5354 Vatic.

527 5421 605 5493 (ι)
644 5420 725 5493 Τῇ
751 5422 937 5493 διδαχῇ

525 5492 602 5555 (2)
642 5492 731 5545 Διέ
740 5492 920 5561 μενον.

528 5562 605 5629 (5)
648 5558 815 5615 Αὐτόν
844 5564 1003 5617 habet
1024 5560 1186 5614 etiam
1212 5558 1335 5614 cod.
1364 5558 1486 5613 Vat.

630 5631 961 5754 ’ἓκλίχοντα
989 5630 1149 5685 Forte
1174 5630 1456 5700 legendum
1485 5625 1882 5698 ἑκλιχνεύοντα.

530 5716 540 5754 t
696 5719 851 5754 αντα.

530 5703 607 5773 (5)
647 5703 851 5759 Πάντα.

2196 5414 2275 5485 (6)
2302 5412 2390 5465 Ἐν
2420 5414 2509 5485 iii:

2196 5482 2274 5555 (7)
2300 5482 2636 5555 Ἐφοὸρῦντο.

2221 5552 2274 5623 8)
2312 5552 2493 5623 Αὐτοῦλ
2510 5554 2627 5623 τοῖς.
2662 5553 2888 5613 πιστοῖς.

2221 5557 2274 5623 8)
2312 5557 2485 5606 Αὐτοῦ
2510 5557 2621 5614 τοῖς
2662 5557 2882 5613 πιστοῖς.

2197 5557 2274 5697 (9)
2314 5623 2423 5685 Kal
2447 5621 2543 5694 τὴν
2568 5621 2746 5693 χάριν,
2778 5630 2882 5676 etc.
