3874 6222
169 328 314 385 1109
1098 327 1185 382 DE
1232 327 1505 385 TITULIS
1533 329 1998 389 PSALMORUM.
2036 360 2113 389 -τ,
2142 327 2335 386 PSAL.
2376 319 2508 384 CV."
3290 325 3440 386 Fmo

246 443 337 498 80.
377 443 487 496 Kal
517 441 941 514 ἀρτον⁶οὺρανοῦ
976 440 1270 511 ἐνέπλησεν
1302 443 1518 507 αύτούς.

1932 444 2021 499 80.
2044 443 2107 498 Et
2119 458 2259 514 pane
2272 443 2395 498 celi
2411 442 2778 497 saturaviteos
2793 441 3009 513 (panem
3026 443 3145 498 caeli
3161 442 3305 500 dedit
3315 445 3439 519 eis].

247 535 337 589 81.
379 533 641 606 Διέρῤηξε
670 534 898 605 πέτραν,
923 532 1018 586 καὶ
1043 532 1321 605 ἐρρύησαν
1350 534 1517 587 ὕδατα
1536 552 1549 565 ο

1940 535 2031 591 81.
2074 534 2317 604 Disrupit
2345 542 2574 603 petram,
2607 542 2661 588 et
2684 532 2955 588 ﬂuxerunt
2981 549 3174 601 aquae:

250 627 341 681 82.
371 626 779 698 Ἐπορεύθησαν
815 628 875 678 ἐν
908 624 1159 696 ἀνύδροις
1190 626 1445 696 ποταμοί.

1939 628 2032 684 82.
2071 628 2337 683 Abierunt
2358 625 2447 697 [Et
2474 625 2740 697 abierunt]
2771 627 2824 679 in
2864 626 3024 682 siccis
3056 626 3298 685 ﬂumina.

251 719 341 772 85.
361 720 486 771 "tm
513 717 757 789 ἐμνήσθη
781 716 877 770 τοῦ
900 715 1057 786 λόγου
1079 716 1173 774 τοῦ
1207 717 1362 785 ἁγίου
1387 717 1572 783 αὐτοῦ,

1940 719 2035 774 85.
2076 718 2344 786 Quoniam
2372 732 2583 771 memor
2610 716 2711 771 fuit
2747 717 2897 771 verbi
2921 718 3092 772 sancti
3123 718 3206 773 sui

252 810 342 865 84.
382 808 492 863 Τοῦ
526 811 661 881 πρὸς
704 808 959 881 Ἀϐραὰμ
982 807 1074 861 τὸν
1101 807 1287 862 δοῦλον
1318 807 1505 863 αὐτοῦ.

1946 811 2036 868 84.
2072 810 2227 876 Quod
2254 809 2441 863 habuit
2474 807 2540 862 ad
2565 808 2838 863 Abraham
2868 825 3095 878 puerum
3132 826 3313 868 suum.

254 902 341 956 85.
384 902 493 955 Kal
532 902 767 971 ἐξήγαγε
795 900 886 953 τὸν
918 900 1047 953 λαὸν
1078 898 1243 953 αὐτοῦ
1278 901 1338 954 ἐν
1364 900 1680 969 ἀγαλλιάσει
1700 914 1713 930 ⁸

1945 904 2035 960 85.
2074 901 2139 956 Ει
2162 901 2349 957 eduxit
2373 901 2633 971 populum
2662 917 2821 955 suum
2855 902 2908 955 in
2936 903 3332 962 exsultatione:

254 995 344 1049 86.
385 996 497 1048 Kal
532 996 661 1057 τοὺς
694 994 985 1057 ἐκλεκτοὺς
1010 992 1176 1046 αὐτοῦ
1204 994 1263 1046 ἐν
1297 992 1626 1065 εὐφροσύνῃ.

1472 992 1626 1065 σύνῃ.
1943 996 2033 1053 86.
2071 994 2136 1048 Et
2179 994 2382 1049 electos
2405 1008 2536 1049 suos
2562 993 2614 1047 in
2644 992 2847 1049 Iaatitia.
2992 976 3000 983 ’

254 1087 343 1141 87.
384 1088 494 1139 Kal
532 1086 733 1141 ἔδωκεν
760 1087 943 1149 αὐτοῖς
969 1083 1154 1156 χώρας
1187 1083 1356 1137 ἐθνῶν
1375 1100 1387 1114 ⁸

1943 1089 2033 1143 87.
2074 1088 2139 1142 Et
2157 1088 2305 1142 dedit
2333 1088 2439 1143 illis
2471 1087 2716 1157 regiones
2741 1089 2979 1156 gentium
3006 1105 3021 1144 :

255 1180 345 1235 88.
388 1179 499 1233 Kal
538 1180 732 1242 πόνους
769 1178 916 1231 λαῶν
949 1176 1521 1248 κατεκληρονόμησαν.

1941 1182 2031 1239 88.
2072 1182 2138 1236 Et
2169 1182 2385 1236 labores
2427 1181 2747 1251 populorum
2786 1182 3164 1250 possederunt.

257 1272 346 1325 89.
364 1272 553 1334 Ὅπως
581 1268 647 1323 ἂν
683 1268 958 1338 φυλάξωσι
981 1267 1049 1320 τά
1081 1264 1427 1337 δικαιώματα
1459 1265 1625 1319 αὐτοῦ
1644 1281 1658 1295 ⁸

1598 1265 1658 1318 ὖ’
1942 1275 2034 1331 89.
2076 1272 2147 1328 Ut
2189 1273 2497 1329 custodiant
2524 1271 2940 1342 iustificationes
2967 1272 3087 1340 ejus
3115 1290 3128 1327 :

256 1363 347 1420 90.
388 1363 500 1417 Kal
529 1363 623 1416 τὸν
648 1362 812 1433 νόμον
843 1360 1009 1416 αὐτοῦ
1037 1361 1402 1432 ἐκζητήσωσι.

1942 1363 2035 1421 90.
2074 1363 2139 1418 Ει
2170 1364 2341 1435 legem
2379 1363 2499 1433 ejus
2528 1362 2810 1432 requirant
2836 1359 3182 1435 [requirent].

621 1477 1009 1544 ’AJJnJodm.
1043 1477 1380 1530 ΨΑΛ.ΡΕ’.
2326 1475 2575 1530 Alleluia.
2634 1472 2835 1530 PSAL.
2886 1472 3002 1531 CV.

258 1571 309 1626 1.
342 1569 782 1643 Ἔξομολογεῖσθε
811 1568 890 1639 τῷ
922 1568 1132 1639 Κυρίῳ,
1162 1568 1243 1620 ὅτι
1274 1565 1508 1638 χρηστός
1527 1583 1540 1595 ⁸

1948 1571 2000 1626 Ι.
2033 1568 2377 1624 Conﬁtemini
2411 1566 2661 1628 Domino,
2688 1567 2947 1635 quoniam
2990 1566 3166 1622 bonus
3191 1606 3208 1621 .

255 1664 451 1719 2.”Οτι
482 1664 563 1726 είς
593 1663 685 1715 τὸν
718 1662 890 1715 αἰῶνα
920 1660 980 1713 τὸ
1006 1660 1153 1723 ἔλεος
1181 1658 1365 1713 αὐτοῦ.

1944 1663 2001 1717 2.
2043 1661 2312 1728 Quoniam
2344 1661 2397 1714 in
2426 1660 2684 1715 saeculum
2715 1659 3087 1713 misericordia
3115 1657 3254 1737 ejus.

257 1755 311 1811 ὅ.
353 1756 448 1819 Τίς
479 1754 702 1823 λαλήσει
730 1754 827 1817 τάς
857 1751 1177 1815 δυναστείας
1204 1750 1298 1803 τοῦ
1334 1749 1574 1821 Κυρίου;

1556 1765 1574 1815 ἒ
1636 1838 1665 1847 α
1806 1792 1849 1847 Β
1950 1754 2003 1808 5.
2052 1752 2186 1819 Quis
2216 1752 2471 1822 loquetur
2513 1751 2787 1821 potentias
2819 1748 3072 1805 Domini?

258 1847 312 1902 4.
342 1846 637 1911 Ἀκουστάς
671 1847 885 1915 ποιήσει
919 1844 1097 1907 πάσας
1121 1842 1219 1905 τὰς
1248 1841 1479 1903 αἱνέσεις
1505 1838 1666 1899 αὐτοῦ
1690 1857 1706 1907 ;

1546 1838 1706 1907 ὐτοῢς
1807 1838 1847 1847 ’
1949 1846 2001 1900 4.
2046 1844 2275 1899 Auditas
2300 1844 2457 1897 faciet
2489 1858 2680 1898 omnes
2712 1842 2895 1897 laudes
2918 1840 3076 1911 ejus?

260 1938 312 1992 5.
355 1939 630 2009 Μακάριοι
649 1940 697 1990 oi
722 1937 1087 2006 φυλάσσοντες
1111 1935 1314 2006 κρίσιν,
1336 1934 1431 1987 καὶ
1454 1932 1530 2003 (a)
1558 1933 1775 1989 ποιοῦν-

1948 1938 2001 1994 5.
2042 1936 2193 1993 Beati
2220 1938 2314 2008 qui
2361 1936 2676 1991 custodiunt
2716 1933 3007 2004 judicium,
3038 1942 3093 1990 et
3128 1932 3335 1990 faciunt
3364 1932 3454 2005 ju-

188 2042 279 2093 τίς
303 2028 650 2101 δικαιοσύνην
683 2031 741 2082 ἐν
776 2028 938 2083 παντὶ
971 2026 1170 2099 καιρῷ.

1102 2026 1170 2099 ιῷ.
1878 2032 2081 2088 stitiam
2111 2032 2164 2086 in
2191 2029 2340 2086 omni
2367 2038 2632 2099 tempore.

260 2168 339 2240 (a)
375 2166 527 2224 Vers.
551 2168 605 2224 6.
634 2168 743 2225 Kal
775 2166 1077 2235 ποιοῦντες,
1100 2174 1208 2225 etc.
1250 2164 1310 2220 ν.
1347 2166 1397 2220 7.
1433 2165 1736 2237 Μνήσθητι,
1767 2176 1869 2221 etc.

1324 2347 1708 2405 ATHANASII
1747 2347 2331 2406 INTERPRETATIO.

266 2507 355 2563 80.
397 2507 502 2561 Τὸν
533 2509 662 2562 Υίὸν
700 2509 866 2564 αὐτοῦ
909 2508 1003 2563 τὸν
1050 2510 1310 2581 μονογενῆ
1345 2509 1543 2564 εδωκεν
1569 2506 1647 2580 (1)
1705 2509 1786 2573 εῒς

1954 2509 2043 2563 80.
2081 2509 2279 2565 Filium
2307 2524 2470 2565 suum
2503 2509 2839 2584 unigenitum
2881 2509 3030 2565 dedit
3073 2511 3126 2564 in
3162 2511 3454 2583 participa-

197 2600 507 2672 μετάληψιν
540 2601 639 2671 (α).

579 2601 639 2671 ι).
1883 2602 2109 2658 tionem.

266 2693 355 2747 81.
396 2695 507 2765 Τὴν
534 2693 774 2765 πλευρὰν
791 2692 887 2747 τοῦ
917 2691 1051 2747 Υίοῢ
1094 2690 1259 2747 αὐτοῦ
1293 2690 1372 2763 (2)
1398 2689 1656 2766 διήνοιξι,
1689 2691 1789 2747 καὶ

1949 2694 2041 2755 81.
2084 2694 2256 2751 Latus
2310 2693 2437 2749 Filii
2501 2694 2588 2750 sui
2647 2692 2880 2764 aperuit,
2941 2701 2995 2748 et
3053 2704 3245 2763 potum
3312 2693 3457 2751 dedit

196 2786 414 2841 δπότισε
443 2784 789 2857 τὸν’κόσμον.
1165 2817 1169 2821 ~

578 2786 789 2857 ιιόσμον.
1165 2817 1169 2821 ~
1880 2789 2108 2844 mundo.

268 2878 359 2933 82.
386 2875 793 2949 'Empsdenoav
826 2879 883 2931 ἐν
909 2879 1022 2941 τοῖς
1045 2876 1251 2930 ἔθνεσιν
1286 2879 1334 2930 οἱ
1369 2876 1781 2945 εύαγγελισταί.

1752 2876 1781 2934 ἱ.
1960 2878 2359 2949 82κΑιδὶετιιηι
2385 2879 2438 2933 in
2465 2888 2649 2951 gentes
2681 2876 2957 2950 Evangelii
2984 2894 3282 2950 praecones.

272 2970 361 3035 85,
398 2970 485 3026 84.
518 2971 594 3040 (5)
637 2963 711 3023 Οὖ
759 2969 1125 3040 ἐπηγγείλατο
1157 2968 1332 3039 λέγων
1368 2969 1447 3039 τῷ
1493 2968 1781 3045 Ἀϐραάμ⁹

1958 2967 2052 3035 85,
2084 2968 2172 3023 84.
2215 2968 2370 3035 Quod
2419 2969 2749 3038 promiserat
2798 2968 3071 3023 Abraham
3116 2967 3302 3023 dicens
3334 3005 3349 3021 .
3400 2964 3462 3023 In

213 3061 305 3117 'Ev
329 3066 393 3133 τῇ
428 3064 606 3115 πίστει
634 3080 727 3115 σου
761 3062 1212 3133 εὐλογηθήσονται
1253 3062 1432 3115 πάντα
1458 3060 1525 3114 τὰ
1564 3060 1712 3132 ἔθνη.

1564 3060 1712 3132 ἔθνη.
1891 3059 1997 3117 ﬁde
2026 3068 2118 3115 tua
2148 3061 2539 3116 benedicentur
2572 3077 2761 3116 omnes
2789 3070 2977 3132 gentes
3006 3060 3072 3115 ".

274 3154 360 3208 85.
391 3153 485 3207 Ἐκ
518 3153 611 3207 τοῦ
639 3154 841 3225 κόσμου
873 3153 1063 3207 τούτου
1098 3154 1224 3217 τοὺς
1250 3156 1473 3217 πιστοὺς
1502 3154 1665 3207 αὑτοῦ
1695 3154 1787 3227 ep.

1695 3154 1787 3227 ἐρ-
1818 3212 1859 3227 Α
1962 3153 2054 3212 85.
2092 3154 2171 3209 Ex
2200 3154 2305 3209 hoc
2335 3154 2540 3209 mundo
2564 3152 2751 3208 ﬁdeles
2789 3167 2921 3210 suos
2952 3152 3218 3213 liberavit.

203 3244 428 3319 ῥύσατο.

276 3339 364 3393 86.
405 3338 516 3392 Kal
548 3340 674 3401 τοὺς
698 3338 886 3407 ἁγίους
913 3339 1080 3393 αὐτοῦ
1108 3341 1165 3392 ἐν
1199 3339 1365 3409 χαρᾷ.

1959 3333 2047 3389 86.
2088 3332 2155 3388 Et
2185 3343 2408 3390 sanctos
2441 3348 2574 3390 suos
2607 3333 2663 3388 in
2687 3332 2904 3403 gaudio.

278 3429 367 3485 87.
408 3430 519 3492 Τὰς
547 3430 799 3494 αἰωνίους
823 3430 1082 3485 ἀνέπαλιν
1112 3428 1211 3501 (4).

1134 3428 1211 3500 4).
1960 3426 2051 3481 87.
2093 3424 2319 3480 Eterna
2360 3424 2661 3496 refrigeria.

279 3522 366 3577 88.
408 3523 451 3574 Τ
456 3522 519 3586 ἀς
550 3523 717 3593 μονὰς
746 3524 855 3577 τῶν
883 3525 1075 3594 ἁγίων.

1959 3518 2048 3572 88.
2090 3515 2420 3572 Sanctorum
2451 3516 2782 3570 mansiones.

280 3615 367 3671 89.
396 3616 792 3688 Ἀτελευτήτως
826 3617 1154 3689 διαμένωσιν
1190 3617 1268 3689 (5)
1313 3618 1392 3681 είς
1423 3616 1482 3670 τδ
1508 3615 1791 3686 βάπτισμα

1959 3610 2051 3665 89.
2093 3610 2151 3663 In
2177 3610 2571 3678 sempiternum
2597 3613 2952 3677 permaneant
2976 3604 3028 3658 in
3058 3604 3151 3660 Dei
3175 3603 3464 3675 baptismo.

206 3707 303 3762 τοῦ
340 3707 497 3763 Θεοῦ.

282 3801 371 3856 90.
402 3803 511 3855 Kal
543 3802 636 3856 τὸν
674 3802 839 3875 νόμον
880 3801 1047 3855 αὑτοῦ
1082 3800 1551 3873 ἐξακριϐὡσαντες
1574 3796 1796 3870 πληρώ-

1963 3790 2052 3843 90.
2094 3788 2163 3842 Ει
2230 3788 2405 3857 legem
2451 3786 2572 3856 ejus
2626 3794 2879 3841 accurate
2925 3799 2988 3839 ac
3034 3784 3318 3854 diligenter
3374 3781 3470 3836 im-

212 3909 391 3948 σουσι.

1891 3884 2088 3953 pleanl.

297 4007 362 4061 Ἦ
395 4005 728 4077 προκειμένη
759 4004 1037 4075 ἐπιγραφὴ
1068 4002 1309 4074 περιέχει
1341 4002 1420 4072 (6)
1441 3998 1849 4065 ·Ἀλληλούϊα,
1893 3994 2029 4065 ὅπερ
2069 3989 2432 4063 ἑρμηνεύεται
2466 3986 2684 4049 αἱνεῖτε
2728 3987 2836 4042 τὸν
2870 3987 3015 4040 ὄντα
3050 3985 3216 4040 Θεόν.

295 4097 502 4154 fitulus
533 4099 815 4169 appositus
862 4097 1105 4152 continet
1143 4114 1157 4151 :
1188 4095 1452 4157 Alleluia;
1482 4092 1627 4163 quod
1661 4090 2049 4158 interpretatur
2074 4083 2288 4137 laudate
2318 4098 2436 4136 eum
2463 4081 2552 4151 qui
2581 4080 2724 4134 Deus
2746 4088 2844 4133 est.

373 4218 755 4287 Ἐξαγγείλατε
799 4216 948 4287 αὐτῷ
995 4216 1093 4281 τὰς
1128 4217 1401 4289 προτέρας
1430 4217 1487 4271 ἐν
1513 4217 1578 4286 τῇ
1610 4212 1802 4283 ἀγνοίᾳ
1834 4214 1875 4268 D

1977 4208 2030 4263 1.
2072 4206 2363 4265 Enuntiate
2397 4203 2502 4274 ipsi
2562 4201 2775 4272 priores
2799 4208 3007 4261 vestras
3037 4198 3299 4263 actiones,
3336 4210 3474 4266 quas

216 4312 374 4384 ὑμῶν
405 4312 650 4382 πράξεις,
680 4313 762 4365 ὅτι
788 4309 993 4379 ἀγαθός
1020 4311 1189 4364 ἐστιν.

1901 4301 1955 4357 in
1981 4298 2287 4371 ignorantia
2320 4294 2694 4358 commisistis,
2726 4290 2986 4363 quoniam
3026 4290 3203 4345 bonus
3228 4298 3329 4344 est.

289 4406 343 4459 2.
384 4380 495 4458 Kal
524 4404 867 4457 ἀδιάλειπτον
896 4404 955 4456 τὸ
982 4402 1128 4466 ἕλεος
1158 4399 1345 4454 αὐτοῦ.

1970 4391 2027 4445 2.
2071 4389 2137 4443 Et
2161 4384 2547 4442 indefectibilis
2572 4382 2953 4438 misericordia
2984 4380 3124 4449 ejus.

291 4498 347 4560 5,
373 4498 427 4550 4.
474 4497 572 4559 Τίς
611 4495 811 4566 δυνηθῇ
846 4493 1209 4566 διηγήσασθαι
1242 4493 1401 4563 μόνον
1443 4490 1543 4553 τὰς
1589 4489 1806 4562 εὐεργε-

1973 4482 2029 4546 '5,
2071 4480 2127 4535 4.
2167 4478 2303 4547 Quis
2353 4476 2553 4548 poterit
2596 4490 2820 4531 narrare
2863 4474 3041 4530 solum
3096 4469 3476 4526 beneﬂcentias

219 4587 345 4651 σίας
394 4587 486 4641 τοῦ
536 4560 865 4659 Κυρίου,
916 4560 1146 4657 παρέχει
1196 4560 1307 4651 τοῖς
1355 4560 1696 4655 ἀνθρώποις,
1721 4581 1749 4633 ἴε

1946 4572 2148 4639 ποωὶιιί,
2182 4585 2322 4640 quas
2344 4568 2548 4641 praebet
2572 4566 2909 4627 hominibus.
2942 4573 3001 4619 ut
3034 4562 3319 4621 audientes
3360 4560 3476 4617 lau-

220 4678 516 4742 ἀκούοντες
548 4678 789 4749 ὑμνῶσιν
820 4678 895 4747 (7)
918 4676 1081 4731 αὐτόν
1106 4696 1121 4743 ,

692 4695 789 4731 ισιν
820 4678 895 4747 (7)
918 4676 1081 4731 αὐτόν
1106 4696 1121 4743 ,
1904 4668 2031 4723 dent
2059 4664 2222 4721 eum?

295 4770 351 4825 5.
385 4764 464 4839 (8)
504 4741 781 4841 Μακάριοι
818 4741 886 4822 δι’
915 4741 1282 4831 πιστεύοντες,
1320 4766 1402 4820 ὃτι
1444 4763 1557 4820 ἔστι
1606 4762 1806 4834 κρίσις,

1978 4759 2032 4819 5.
2074 4755 2225 4821 Beati
2277 4754 2583 4818 credentes,
2633 4751 2780 4822 quod
2839 4757 2925 4806 est
2967 4748 3255 4820 judicium,
3286 4754 3365 4817 ,et
3397 4741 3478 4800 fa-

218 4863 319 4919 ata‘t
352 4834 630 4927 ποιοῦντες
675 4834 1039 4930 δικαιοσύνην,
1082 4859 1177 4914 καὶ
1220 4857 1413 4921 νυκτὸς
1461 4856 1556 4911 καὶ
1596 4854 1748 4925 ημέρ

1943 4841 2117 4906 ientes
2137 4847 2430 4921 justitiam,
2457 4858 2511 4902 et
2540 4855 2699 4901 nocte
2726 4860 2792 4901 ac
2811 4843 2900 4901 die
2937 4842 3139 4898 bonum
3167 4846 3473 4911 operantcs.

225 4953 517 5017 ποιοῦντες
545 4951 768 5021 ἀγαθόν.
1162 4998 1165 5003 .
1312 4964 1315 4967 ·

305 5093 353 5125 ’⁸
378 5092 515 5147 Gen.
550 5108 694 5155 “ﬂ,
725 5089 809 5149 18.
1181 5156 1492 5221 Addenda
1525 5161 1585 5217 et
1630 5149 2010 5231 corrigenda
2047 5164 2122 5209 ex
2156 5163 2297 5210 coo.
2334 5143 2530 5204 Vatic.

301 5306 383 5374 (‘1)
408 5305 649 5359 Ἔδωκεν
680 5306 883 5372 αὐτοῖς,
922 5313 1028 5362 etc.

2170 5292 2392 5371 6t&.1'7’j;
2418 5287 2788 5359 κινναϐάρεως
2819 5286 3082 5360 περιέχει.

304 5362 383 5442 (2)
420 5376 616 5430 Αὐτοῦ
649 5377 815 5430 deest.
842 5362 881 5372 ”

869 5362 881 5372 ’
1980 5362 2056 5442 (ἴ)
2085 5362 2393 5442 Ἐἶμῖτέὖεὲἱν-

304 5376 360 5442 (2
420 5376 616 5430 Αὐτοῦ
649 5377 815 5430 deest.

302 5376 383 5517 (3)
412 5448 486 5517 7N.
512 5446 600 5511 85,
632 5442 727 5509 Οὔ,
751 5456 856 5502 etc.
885 5446 954 5501 N.
982 5445 1073 5511 84,
1108 5444 1200 5501 85.
1240 5443 1334 5497 Ἐκ
1366 5442 1484 5496 τοῦ.

1980 5376 2056 5432 (7)
2086 5376 2096 5383 ‘
2112 5376 2394 5434 ἵμνουσιν.

1983 5436 2067 5517 (δ).
2101 5434 2266 5517 Ν-,δι
2297 5430 2571 5517 Maleam
2615 5423 3484 5517 11599934,}???523“:2:19“

301 5495 379 5581 ἰὶὶ
407 5495 856 5579 ’λξδᾶτὲἆύνσέῖςῗῄ
885 5495 953 5501 η
987 5495 1073 5511 η’
1113 5495 1198 5501 "-
1257 5495 1330 5497 -Π
1381 5495 1388 5496 ί
1905 5495 2121 5581 νυδὶτός,
2147 5514 2253 5559 etc.
2278 5502 2338 5555 τὸ
2364 5495 2582 5569 ἀγαθόν.
2615 5495 2817 5557 Desunt
2850 5499 2942 5552 καὶ
2974 5495 3248 5561 ποιοῦντες
3282 5495 3485 5549 δὶκαιο-

304 5577 383 5657 (5)
421 5577 798 5658 Διαμείνωσιν.
1908 5577 2094 5648 σύνην.

306 5731 386 5803 (a)
428 5731 765 5802 Μετάληψις,
797 5734 1095 5787 communio
1127 5747 1219 5787 seu
1261 5726 1605 5800 participatio
1633 5721 2008 5780 Eucharistiaz.
2044 5719 2165 5775 Vid.
2201 5717 2325 5772 Lex.
2364 5715 2512 5772 Suic.
