3874 6222
424 305 559 369 “il
1270 302 1328 358 S.
1370 303 1747 359 A'I‘HANASII
1784 302 1935 360 OPP.
1978 302 2162 359 PARS
2200 300 2287 359 111.
2326 332 2398 345 -
2434 301 2844 365 EXEGETICA.
3546 308 3692 363 1112

489 421 546 478 6.
582 382 849 477 Memento
887 430 1081 485 nostu,
1129 420 1378 487 ﬂvmine,
1424 422 1478 474 in
1529 421 1865 491 beneplacito
1907 436 2006 492 po—

2179 418 2231 473 6.
2272 419 2555 491 Μνήσθητι
2584 418 2762 490 ήμῶν,
2794 418 2984 489 Κύριε,
3015 418 3073 471 ὲν
3103 422 3168 490 τῇ
3200 419 3416 490 εὐδοκία
3439 421 3535 475 τοῦ
3556 424 3689 478 λαοῦ

418 508 532 568 Puli
563 513 639 568 tui
664 530 679 567 :

2096 527 2224 563 σου·

492 607 544 661 7.
588 604 759 660 Visita
788 619 890 660 nos
916 604 971 658 in
997 603 1225 661 salutari
1254 613 1371 659 tuo.

2168 602 2222 659 7.
2255 602 2581 673 Ἐπίσκεψαι
2611 603 2759 674 ἡμᾶς
2780 602 2837 655 ἐν
2862 600 2941 673 τῷ
2966 601 3218 672 σωτηρίῳ
3250 618 3367 656 σου.

489 698 544 757 8.
584 700 664 752 Ad
690 697 976 751 videndum
1007 698 1061 751 in
1090 698 1329 752 bonitate
1356 697 1653 752 electorum
1695 704 1937 764 tuorum,

2163 695 2218 750 8.
2260 694 2367 751 Τοῦ
2410 695 2536 749 ίδεῖν
2570 696 2628 747 ἐν
2658 696 2724 764 τῇ
2759 693 3083 764 χρηστότητι
3112 693 3221 747 τῶν
3253 692 3527 747 ἐκλεκτῶν
3563 710 3684 761 σου,

489 788 541 841 9.
584 788 664 845 Ad
692 787 986 841 laetandum
1026 787 1081 840 in
1111 786 1298 841 laetitia
1329 787 1504 857 gentis
1534 794 1662 850 tute.

2169 788 2221 843 9.
2261 787 2367 840 Τοῦ
2387 786 2756 858 εὐφρανθῆναι
2774 788 2831 839 ἐν
2849 789 2911 857 τῇ
2930 784 3235 857 εὐφροσύνῃ
3248 785 3342 837 τοῦ
3361 785 3546 850 ἔθνους
3562 803 3681 852 σου,

489 876 574 939 10.
622 875 692 935 Ut
721 877 961 933 lauderis
994 890 1119 937 cum
1159 877 1476 935 haereditate
1500 885 1613 930 tua.

2169 880 2259 937 10.
2301 878 2407 931 Τοῦ
2436 877 2775 932 ἐπαινεῖσθαι
2811 877 2949 949 μετὰ
2974 878 3073 947 τῆς
3098 876 3460 947 κληρονομίας
3490 894 3610 934 σου.

490 969 576 1024 11.
618 968 969 1023 Peccavimus
997 984 1121 1023 cum
1154 968 1403 1039 patribus
1447 968 1690 1025 nostris:

2161 970 2250 1025 11.
2297 970 2645 1040 Ἦμάρτομεν
2683 968 2819 1039 μετά
2849 967 2956 1019 τῶν
2986 966 3236 1037 πατέρων
3264 966 3451 1037 ἡμῶν·

492 1061 576 1117 12.
614 1060 817 1130 lnjuste
842 1061 1074 1129 egimus,
1107 1060 1447 1129 iniquitatem
1480 1059 1733 1115 fecimus.

1572 1060 1733 1115 imus.
2162 1062 2253 1115 12.
2300 1061 2705 1131 Ἦνομήσαμεν,
2741 1059 3102 1129 ἠδικήσαμεν.

492 1153 577 1207 15.
618 1151 808 1219 Patres
842 1153 1019 1208 nostri
1067 1151 1126 1207 in
1169 1150 1403 1222 IEgypto
1451 1166 1560 1209 non
1609 1150 1994 1209 intellexerunt

2163 1153 2253 1208 15.
2285 1154 2347 1207 Ol
2381 1153 2618 1224 πατέρες
2653 1150 2812 1222 ἡμῶν
2859 1152 2916 1204 ἐν
2966 1150 3227 1222 Αἰγύπτῳ
3249 1151 3310 1203 οὐ
3343 1150 3583 1222 συνῆκαν
3610 1149 3681 1207 τὰ

416 1243 685 1309 mirabilia
718 1252 809 1297 tua
844 1260 860 1300 :

2092 1247 2373 1317 θαυμάσιά
2406 1263 2498 1299 σου
2519 1263 2531 1276 ·

488 1335 572 1389 14.
618 1334 740 1391 Non
788 1334 1013 1390 fuerunt
1044 1350 1312 1397 memores
1361 1335 1729 1391 multitudinis
1773 1336 1993 1393 miseri-

2166 1339 2255 1394 14.
2289 1338 2406 1395 Οὐκ
2444 1336 2793 1410 ἐμνήσθησαν
2821 1336 2915 1392 τοῦ
2943 1335 3180 1409 πλήθους
3200 1335 3295 1393 τοῦ
3327 1336 3510 1400 ἐλέους
3544 1353 3641 1390 σου
3663 1352 3678 1367 ο

416 1428 615 1491 cordia:
647 1437 752 1483 tuae
782 1446 795 1482 :

488 1520 573 1577 15.
618 1520 685 1575 Et
710 1521 1058 1587 irritaverunt
1081 1519 1435 1576 ascendentes
1464 1520 1520 1575 in
1542 1534 1691 1577 mare
1722 1520 1989 1579 Rubrum.

2164 1518 2253 1572 1'5.
2281 1518 2395 1570 Kal
2418 1518 2838 1589 παρεπίκραναν
2866 1514 3245 1579 ἀναϐαίνοντες
3267 1516 3324 1568 ἐν
3345 1518 3412 1586 τῇ
3440 1515 3680 1588 Ἐρυθρᾷ

2093 1608 2358 1681 θαλάσσῃ.

489 1699 575 1757 16.
611 1698 677 1754 Ει
702 1699 930 1759 salvavit
952 1716 1044 1757 eos
1074 1710 1296 1771 propter
1325 1716 1526 1757 nomen
1554 1718 1715 1757 suum
1744 1720 1757 1757 :

2159 1701 2245 1754 16.
2270 1701 2381 1753 Kal
2414 1699 2617 1754 ἔσωσεν
2648 1698 2846 1762 αὐτοὺς
2872 1698 3058 1751 ἕνεκεν
3080 1697 3173 1751 τοῦ
3197 1697 3460 1768 ὀνόματος
3484 1696 3672 1751 αὐτοῦ·

488 1791 574 1846 17.
617 1790 688 1846 Ut
720 1801 905 1847 notam
934 1792 1134 1847 faceret
1167 1794 1461 1863 potentiam
1501 1811 1678 1853 suam.

2022 1780 2067 1840 Β
2161 1792 2249 1851 17.
2286 1791 2392 1851 Τοῦ
2422 1792 2685 1862 γνωρίσαι
2709 1789 2810 1863 τὴν
2842 1790 3158 1844 δυναστείαν
3186 1790 3372 1844 αὐτοῦ.

487 1881 574 1935 18.
617 1880 683 1939 Ει
726 1882 996 1953 increpuit
1027 1896 1177 1936 mare
1222 1881 1494 1943 Rubrum.
1547 1892 1601 1938 et
1650 1883 1986 1940 exsiccatum

2154 1883 2240 1937 18.
2286 1884 2398 1939 Kal
2427 1883 2727 1956 ἐπετίμησε
2761 1886 2827 1955 τῇ
2867 1883 3106 1956 Ἐρυθρᾷ
3129 1881 3394 1955 θαλάσσῃ,
3422 1882 3514 1935 καὶ
3546 1880 3676 1953 ἐξη-

416 1981 499 2029 est
527 2005 545 2029 ε
1946 1970 1965 1989 ’
2092 1975 2260 2047 ράνθη
2275 1992 2290 2007 ⁸

488 2067 573 2124 19.
612 2065 679 2121 Ει
705 2066 930 2122 deduxit
959 2082 1055 2123 eos
1084 2068 1139 2122 in
1171 2067 1369 2139 abysso
1397 2070 1539 2123 sicut
1566 2068 1621 2123 in
1646 2068 1885 2131 deserto,

2160 2069 2245 2123 19.
2276 2068 2387 2121 Kal
2415 2066 2699 2138 ὡδήγησεν
2721 2066 2917 2129 αὐτοὺς
2946 2068 3005 2120 ἐν
3024 2064 3246 2136 ἀὸὐσσῳ
3266 2065 3345 2130 ὡς
3372 2067 3430 2119 ἐν
3458 2067 3672 2138 ἐρήμῳ.

484 2158 576 2214 20.
614 2157 680 2213 Et
705 2159 934 2213 salvavit
954 2174 1050 2215 eos
1073 2160 1139 2215 dc
1161 2176 1328 2214 manu
1357 2158 1987 2231 odientis[odientium]:

2158 2160 2251 2215 20.
2284 2160 2397 2215 Καὶ
2428 2158 2631 2213 ἔσωσεν
2662 2160 2860 2222 αὐτοὺς
2893 2161 2957 2211 ἐκ
2988 2158 3171 2231 χειρὸς
3203 2157 3487 2228 μισοῦντος
3514 2173 3530 2188 ·

484 2248 573 2309 31.
621 2249 690 2307 Et
720 2250 950 2309 redemit
979 2266 1073 2307 eos
1105 2252 1172 2308 de
1206 2267 1370 2309 manu
1397 2251 1769 2313 inimicorum.

2156 2250 2249 2304 21.
2279 2252 2389 2304 Καὶ
2415 2251 2758 2323 ἐλυτρώσατο
2781 2251 2978 2315 αὐτοὺς
3006 2254 3071 2309 ἐκ
3096 2248 3287 2322 χειρὸς·
3300 2249 3531 2320 ἐχθρῶν.

1549 2401 1918 2460 ATHANASll
1962 2401 2541 2471 INTERPRETATIO.

485 2562 540 2618 6.
574 2560 843 2617 Memento
890 2562 1083 2629 nostri,
1137 2562 1385 2643 Domine,
1431 2563 1686 2632 quoniam
1735 2563 1833 2625 tibi
1861 2564 1977 2634 pla-

2158 2562 2211 2617 6.
2256 2560 2538 2634 Μνήσθητι
2587 2562 2764 2635 ήμῶν,
2804 2561 2997 2634 Κύριε,
3044 2562 3126 2616 ὅτι
3167 2562 3408 2626 εὐδοκεῖς
3454 2560 3549 2616 τοῦ
3580 2561 3674 2613 ἐλ-

416 2655 531 2724 cuit
561 2663 622 2710 ut
652 2655 867 2719 venires
898 2654 966 2709 ad
992 2671 1087 2710 eos
1114 2655 1209 2725 qui
1233 2654 1492 2709 credituri
1521 2663 1701 2717 erant.

1602 2663 1701 2717 mt.
2091 2653 2203 2707 θεῖν
2247 2653 2430 2727 [πρὸς]
2462 2656 2589 2718 τοὺς
2614 2653 3006 2719 πιστεύσοντας
3035 2656 3132 2726 (1).

487 2746 541 2805 7.
592 2745 766 2801 Visita
799 2762 899 2802 nos
938 2747 1184 2801 inﬁrmos
1214 2746 1267 2800 in
1294 2748 1548 2815 passione
1588 2756 1703 2809 tua,

2164 2747 2213 2801 7.
2241 2746 2564 2817 Ἐπίσκεψαι
2592 2749 2740 2818 ἡμᾶς
2760 2748 2887 2810 τοὺς
2916 2747 3163 2812 ἀσθενεῖς
3194 2750 3252 2800 ἐν
3280 2746 3358 2818 τῷ
3376 2748 3539 2802 πάθει
3557 2763 3676 2802 amr

486 2841 541 2896 8.
579 2839 660 2894 Ad
684 2838 985 2894 faciendam
1019 2839 1450 2894 misericordiam
1490 2839 1777 2895 nobiscum
1803 2838 1855 2894 in
1882 2839 1981 2894 bo-

2162 2837 2216 2892 8.
2257 2838 2363 2891 Τοῦ
2402 2839 2459 2891 δὲ
2498 2841 2645 2909 ἡμᾶς
2692 2838 2765 2909 (2)
2809 2838 3029 2908 ἐλεῆσαι
3063 2841 3121 2893 ἐν
3160 2843 3225 2913 τῇ
3266 2840 3565 2910 ἀγαθότητι
3610 2843 3678 2911 ἣν

418 2934 606 3004 nitate,
633 2947 795 3005 quam
824 2931 957 2986 facis
987 2946 1112 3002 erga
1140 2930 1234 2985 Dei
1267 2932 1488 2986 electos.

2094 2932 2266 2989 ποιεῖν
2304 2929 2519 3001 [ποιεῖς]
2551 2931 2676 2994 τούς
2705 2932 2992 2995 ἐκλεκτοὺς
3014 2931 3108 2984 τοῦ
3137 2931 3293 2986 Θεοῦ.

487 3026 543 3079 9.
590 3023 672 3078 Ad
701 3023 995 3086 laetandum
1027 3026 1080 3076 in
1113 3023 1307 3093 gratia,
1340 3038 1504 3093 quam
1532 3022 1741 3094 pmbes
1777 3023 1984 3080 sanctis

2161 3023 2214 3078 9.
2254 3022 2358 3075 Τοῦ
2392 3023 2758 3095 εὐφρανθῆναι
2785 3025 2842 3079 ἐν
2869 3027 2936 3095 τῇ
2966 3025 3147 3097 χάριτι
3181 3026 3247 3097 ἣν
3304 3024 3682 3097 (5).παρέχεις

416 3116 548 3171 tuis.

2015 3101 2061 3163 Ο
2089 3118 2203 3179 τοῖς
2226 3116 2403 3184 ἁγίοις
2428 3134 2544 3169 σου.

490 3206 580 3260 10.
623 3212 690 3263 Ut
731 3205 880 3276 digni
927 3203 1224 3258 elliciamur
1269 3206 1603 3261 beatltudine
1649 3221 1863 3273 eorum,
1893 3208 1988 3279 qui

2161 3206 2247 3262 10.
2280 3208 2385 3261 Τοῦ
2440 3208 2738 3281 ἀξιωθῆναι
2786 3210 3275 3283 μακαριασμοῦμ)
3323 3212 3431 3265 τῶν
3477 3214 3682 3285 εὐαρε-

416 3299 773 3369 beneplacent
806 3297 924 3351 tibi.

2092 3301 2407 3371 στησάντων
2432 3319 2532 3367 σοι.

490 3391 577 3452 11,
613 3390 701 3444 12.
734 3382 935 3445 Νυεόι
968 3398 1150 3460 patres
1188 3391 1362 3447 nostri
1399 3390 1775 3460 cruciﬁgentes
1800 3404 1853 3447 te
1884 3392 1986 3447 ini-

2160 3391 2353 3456 11,12.
2386 3394 2579 3463 Ἡμεῖς
2606 3393 2700 3455 καὶ,
2727 3395 2776 3447 οἱ
2806 3396 3042 3467 πατέρες
3070 3395 3226 3467 ἡμῶν
3252 3398 3302 3449 οἱ
3328 3396 3685 3469 σταυρώσαν-

416 3498 522 3553 que
548 3483 781 3553 egimus.

2088 3480 2180 3545 τές
2210 3498 2269 3534 σε
2299 3484 2676 3553 ὴνομήσαμεν.

485 3574 575 3628 15.
623 3573 814 3630 Patres
860 3576 1057 3643 nostri,
1100 3590 1227 3631 cum
1272 3576 1328 3633 in
1360 3574 1595 3629 tenebris
1625 3585 1831 3639 essent,
1879 3592 1988 3631 non

2160 3572 2245 3629 15.
2280 3573 2343 3625 Oi
2370 3573 2606 3645 πατέρες
2635 3574 2789 3646 ἡμῶν
2827 3576 2883 3627 ἐν
2910 3575 2986 3641 (5)
3031 3575 3213 3629 σκότει
3252 3575 3405 3639 ὄντες
3444 3577 3508 3629 οὐ
3548 3594 3681 3633 συν-

416 3665 795 3721 intellexerunt
822 3668 1248 3737 magnitudinem
1278 3666 1665 3722 misericordiae
1688 3676 1815 3723 tuae.

2088 3660 2228 3731 ἧκαν
2255 3661 2353 3731 τὴν
2387 3662 2689 3733 ὑπερϐολὴν
2718 3663 2817 3733 τῆς
2846 3662 3250 3732 εὐσπλαγχνίας
3273 3680 3387 3717 σου.

490 3757 576 3813 14.
612 3755 729 3813 Νοη
777 3760 1043 3815 recordati
1086 3768 1215 3815 sunt
1258 3758 1645 3814 immensitatis
1676 3759 1987 3814 misericor-

2164 3752 2246 3805 14.
2279 3753 2392 3805 Οὐκ
2424 3753 2771 3823 ἐμνήσθησαν
2797 3754 2859 3806 τὸ
2892 3756 3197 3827 ἀμέτρητον
3236 3755 3312 3827 (6)
3339 3755 3524 3819 ἐλέους
3558 3772 3676 3821 σου,

414 3849 516 3909 diae
540 3858 667 3915 tute,
694 3851 788 3920 qui
813 3866 937 3905 cum
967 3851 1110 3906 Deus
1138 3866 1311 3917 esses,
1334 3850 1590 3920 dignatus
1620 3866 1681 3908 es
1708 3852 1944 3907 homine:

2154 3860 2169 3893 t
2193 3841 2324 3903 Θεὸς
2350 3840 2425 3894 ὢν
2449 3842 2687 3911 ἠξίωσας
2719 3844 3003 3915 ἄνθρωπος
3028 3845 3298 3915 γενέσθαι,
3321 3848 3416 3901 καὶ
3442 3847 3681 3917 ὀφθῆναι

412 3939 550 4005 ﬁeri,
585 3948 639 3995 et
663 3941 998 4003 manifestari
1023 3942 1355 4013 hominibus,

1032 3942 1355 4013 hominibus,
2089 3936 2202 3997 τοῖς
2236 3933 2333 3991 ἀνθ
2343 3932 2562 4003 ρώποις·

484 4030 573 4085 15.
614 4030 681 4085 Et
708 4042 890 4088 mente
918 4033 1045 4087 elati
1072 4033 1428 4103 irritaverunt
1465 4042 1518 4103 te
1558 4033 1838 4095 mundana
1871 4044 1989 4090 tur-

2160 4024 2249 4077 15.
2304 4025 2415 4077 Kal
2463 4026 2883 4096 παρεπίκρανάν
2946 4045 3003 4080 σε
3049 4029 3399 4100 ἐπαιρόμενοι
3451 4033 3517 4103 τῇ
3558 4031 3678 4087 δια-

412 4122 679 4191 pitudine.

2088 4118 2207 4188 νοία
2240 4118 2297 4169 ἐν
2329 4116 2406 4186 (7)
2429 4119 2494 4187 τῇ
2527 4118 2757 4189 αἰσχύνῃ
2782 4119 2877 4171 τοῦ
2906 4120 3130 4190 κόσμου.

422 4194 429 4207 ’
486 4212 572 4266 16.
614 4212 680 4267 Ει
705 4228 898 4269 eorum
944 4213 1215 4282 inﬁrmos,
1245 4224 1340 4271 aut
1370 4231 1399 4269 a
1435 4214 1654 4272 diabolo
1699 4230 1952 4287 possessa

2162 4208 2246 4267 16.
2305 4208 2418 4267 Kal
2460 4209 2583 4272 τοὺς
2626 4209 2985 4275 ἀσθενοῦντας
3029 4213 3242 4277 αὐτῶν,
3292 4214 3326 4284 ῆ
3370 4213 3674 4268 καταδυνα-

414 4305 643 4374 salvavit
683 4314 902 4376 propter
930 4307 1321 4379 benignitatem
1366 4308 1609 4365 nominis
1638 4309 1743 4364 sui.

2146 4300 2449 4370 πενομένους
2488 4299 2592 4352 ὐπὸ
2624 4298 2717 4352 τοῦ
2762 4301 3008 4355 διαϐόλου
3057 4301 3229 4356 ἔσωσε
3271 4303 3361 4358 διά
3404 4304 3466 4358 τὸ
3502 4304 3676 4375 ὄνομα

2092 4391 2254 4445 αὐτοῦ
2284 4391 2345 4444 τὸ
2374 4391 2771 4463 φιλάνθρωπον.
3164 4382 3167 4389 ’

482 4485 571 4539 17.
620 4483 691 4540 Ut
720 4487 1032 4543 ostenderet
1072 4488 1207 4558 ipsis
1234 4504 1389 4544 suam
1423 4489 1747 4560 potentiam.

2017 4450 2065 4509 D
2164 4484 2252 4537 17.
2287 4450 2403 4538 Ἵνα
2435 4450 2725 4556 φανερώοῃ
2752 4485 2933 4548 αὐτοῖς
2958 4485 3056 4556 τὴν
3083 4487 3235 4557 ἰσχὺν
3260 4484 3444 4540 αὐτοῦ.

484 4577 571 4631 18.
619 4576 687 4631 Ει
747 4578 1020 4649 increpuit
1066 4581 1235 4635 verbo
1290 4579 1479 4650 gratia:
1532 4595 1646 4636 suae
1704 4587 1989 4652 peccatum

2162 4576 2251 4630 18.
2285 4576 2397 4629 Kal
2422 4576 2723 4647 ἐπετίμησε
2753 4576 2842 4630 διὰ
2872 4576 2967 4631 τοῦ
3000 4577 3159 4646 λόγου
3186 4578 3285 4648 τῆς
3314 4579 3537 4652 χάριτος
3570 4580 3675 4632 αὐ-

413 4668 623 4735 mundi,
652 4679 706 4724 et
731 4671 1081 4725 mortiﬁcavit
1111 4672 1264 4727 illud.

2086 4668 2181 4722 τοῦ
2212 4670 2277 4739 τῇ
2302 4668 2546 4739 ἁμαρτία
2570 4668 2662 4722 τοῦ
2694 4669 2921 4741 κόσμου,
2948 4671 3041 4724 καὶ
3081 4671 3381 4742 ἐνέκρωσεν
3406 4672 3597 4743 αὐτήν.

485 4759 572 4813 19.
614 4759 681 4813 Et
704 4762 991 4817 credentes
1024 4763 1075 4816 ei
1110 4763 1339 4818 deduxit
1366 4763 1419 4818 in
1447 4764 1744 4834 baptismo,
1780 4765 1834 4819 in
1865 4765 1989 4849 illu:

2159 4761 2248 4819 19.
2297 4761 2409 4813 Kal
2448 4762 2576 4825 τοὺς
2620 4762 2974 4825 πιστεύοντας
3012 4763 3159 4833 αὐτῷ
3196 4763 3479 4833 ὡδήγησεν
3509 4765 3567 4816 ἐν
3595 4765 3676 4835 τῷ

416 4854 713 4910 minatione
742 4865 802 4909 ut
830 4856 973 4912 ﬁlios
1003 4858 1165 4912 Israel
1192 4858 1247 4912 in
1282 4873 1489 4916 eremo.
1624 4877 1629 4882 λ

2146 4853 2461 4923 ιπτίσματι,
2496 4852 2555 4905 ἐν
2600 4853 2865 4925 φωτισμῷ
2906 4853 2982 4917 ὡς
3013 4854 3141 4917 τούς
3178 4854 3328 4917 υἱοὺς
3375 4854 3589 4926 Ἰσραὴλ
3617 4859 3676 4909 ἐν

2089 4942 2154 4993 τῆ
2192 4940 2403 4993 sonum.

482 5036 572 5103 20,
605 5036 697 5108 21.
739 5036 1051 5107 Baptismus
1078 5039 1353 5110 principes
1377 5038 1592 5096 Satanae
1612 5042 1981 5097 mortificavit.

2192 4941 2216 4991 ὲ
2390 4980 2403 4993 .

2143 4941 2383 5099 ἱὲθῗέξῗῗ)
2406 5028 2484 5098 (8)
2524 5029 2598 5080 Τὸ
2644 5029 2922 5101 βάπτίσμα
2964 5032 3089 5095 τοὺς
3134 5033 3400 5111 ᾇρχοντας
3432 5032 3528 5086 τοῦ
3569 5035 3673 5088 Σα-

2143 5116 2232 5168 ινᾶ
2260 5114 2615 5172 ἐθανάτωσεν.

2094 5132 2232 5170 τανα
2260 5132 2615 5173 ευανατωσεν.

1367 5290 1673 5353 Addenda
1706 5300 1766 5354 et
1793 5296 2171 5374 corrigenda
2204 5316 2285 5359 ex
2322 5301 2465 5362 cod.
2496 5303 2697 5365 Vatic.

584 5431 823 5521 'EXQEEV,‘
842 5435 1133 5521 καὶησῶσαι
1163 5437 1665 5521 ’ἰοὺςπιστεύ-οντάς
1704 5457 1807 5521 om:
2269 5448 2556 5521 'Aperpov.

602 5505 711 5593 ,Τοῦ
738 5505 1014 5576 καὶήμᾶς,
1033 5519 1135 5564 etc.
1230 5512 1402 5571 ποιεῖς
1425 5511 1536 5573 τοῖς
1559 5510 1847 5576 ἐκλεκτοῖς,
1878 5522 1981 5577 etc.
2082 5584 2085 5585 ν
2271 5504 2488 5593 gravet};
2514 5520 2655 5593 κατὰ
2688 5521 2802 5583 σος,
2840 5522 2918 5585 ὲν,
2951 5530 3055 5577 etc,

598 5578 702 5698 11316
741 5647 1107 5713 μακαρισμοῦ.

2144 5575 2256 5671 λε’),
2286 5579 2495 5713 Νὲωὲό,
2529 5592 2619 5656 at,
2670 5593 2762 5648 22.
2792 5575 3028 5658 πίω.
3075 5591 3140 5648 N.
3184 5593 3273 5649 εδ.
3308 5592 3525 5656 Πάντας
3568 5594 3674 5661 γὰρ

2144 5674 2311 5713 λτους,

592 5646 702 5725 Τοῦ
741 5647 1107 5725 μακαρισμοῦ.

895 5647 1107 5719 ρισμοῦ.
2096 5646 2311 5725 αὐτοῦς,
2335 5670 2418 5715 etc

486 5715 564 5797 (ὅ)
592 5714 679 5771 Ἑν
708 5716 803 5786 τῷ,
845 5714 948 5772 etc.
