3874 6222
147 298 307 355 1115

221 419 318 474 22.
354 416 655 486 Ἐκάλυψεν
686 416 830 489 ὕδωρ
860 418 987 481 τοὺς
1014 417 1295 483 θλίϐοντας
1319 419 1514 483 αὐτούς
1532 438 1548 452 δ

226 510 325 564 25.
352 503 449 571 Εἷς
479 507 539 572 ἐξ
568 508 746 561 αὐτῶν
771 509 868 577 οὐχ
894 507 1212 579 ὑπελείφθη.

226 599 321 655 24.
356 599 467 653 Kal
492 599 817 653 ἐπίστευσαν
841 598 919 670 τῷ
949 600 1093 671 λόγῳ
1120 600 1308 657 αὐτοῦ.

220 687 318 743 25.
346 689 458 743 Kal
486 684 625 763 ᾖσαν
649 689 749 761 τὴν
776 691 982 747 αῖνεσιν
1006 689 1197 749 αὐτοῦ.

228 865 321 920 26.
362 865 678 936 Ἑτάχυναν,
709 866 1035 921 ἐπελάθοντο
1058 869 1167 923 τῶν
1192 869 1368 941 ἔργων
1399 870 1564 924 αὐτοῦ
1584 888 1598 901 ·

232 956 325 1010 27.
354 957 465 1027 Οὐχ
488 956 784 1026 ὑπέμειναν
808 956 907 1029 τὴν
943 958 1135 1030 βουλὴν
1168 959 1357 1014 αὑτοῦ.

228 1049 323 1103 28.
354 1052 464 1102 Kal
496 1049 848 1121 ἐπεθύμησαν
876 1051 1170 1122 ἐπιθυμίαν
1202 1055 1258 1105 ἐν
1288 1057 1353 1125 τῇ
1387 1054 1600 1126 ἐρήμῳ*

227 1139 320 1194 29.
351 1141 459 1193 Kal
485 1140 780 1211 ἐπείρασαν
811 1142 900 1195 τὸν
930 1142 1060 1196 Θεὸν
1086 1145 1143 1196 ἐν
1178 1144 1412 1215 ἀνύδρῳ.

232 1233 325 1287 50.
362 1235 471 1286 Καὶ
502 1232 702 1287 ἔδωκεν
734 1234 918 1296 αὐτοῖς
944 1234 1006 1286 τὸ
1040 1236 1248 1306 αἴτημα
1277 1236 1455 1290 αὐτῶν
1478 1252 1493 1267 ⁸

233 1324 326 1378 51.
366 1324 742 1390 Ἐξαπέστειλε
767 1326 1087 1399 πλησμονὴν
1114 1330 1193 1391 είς
1217 1328 1313 1391 τὰς
1334 1328 1512 1399 ψυχὰς
1542 1327 1739 1383 αὐτῶν.

227 1416 318 1469 52.
349 1416 457 1468 Kal
481 1415 839 1489 παρώργισαν
854 1417 944 1471 τὸν
969 1420 1206 1490 Μωῦσῆν
1225 1421 1280 1472 ἐν
1295 1422 1361 1489 τῇ
1396 1420 1740 1492 παρεμϐολῇ,

228 1509 321 1563 55.
352 1509 452 1562 Τὸν
480 1510 555 1579 (a)
592 1509 803 1581 Ἀαρὼν
835 1510 927 1564 τὸν
961 1512 1115 1580 ἅγιον
1148 1511 1376 1582 Κυρίου.

230 1601 320 1654 54.
363 1601 609 1673 Ἦνοίχθη
644 1604 677 1673 ἡ
710 1603 802 1673 γῆ,
830 1603 924 1657 καὶ¹
957 1604 1186 1658 κατέπιε
1210 1605 1420 1658 Δαθάν·

227 1694 320 1749 55.
352 1695 460 1748 Kal
489 1694 755 1765 ἐκάλυψεν
780 1696 871 1749 ἐπὶ
893 1695 992 1767 τὴν
1017 1698 1337 1768 συναγωγὴν
1370 1696 1649 1770 Ἀὄειρών.

228 1785 319 1840 56.
361 1787 471 1840 Kal
497 1787 767 1858 ἐξεκαύθη
803 1787 915 1860 πῦρ
944 1789 1002 1841 ἐν
1034 1791 1099 1858 τῇ
1136 1791 1425 1860 συναγωγῇ
1452 1788 1633 1845 αὐτῶν
1652 1806 1667 1822 ⁸

231 1879 327 1935 57.
353 1879 487 1945 me
520 1879 848 1950 κατέφλεξεν
875 1880 1255 1954 ἁμαρτωλούς.

234 2021 309 2096 (α)
341 2024 444 2078 Τόν
472 2024 644 2083 deest.

1087 301 1176 356 DE
1215 301 1496 360 TITULIS
1533 305 1983 363 PSALMORUM.
2023 339 2094 351 —
2124 305 2321 363 PSAL.
2361 305 2477 362 CV.

3282 308 3426 368 HM

1773 429 1817 483 Α
1915 420 2007 477 22.
2046 420 2276 488 Operuit
2305 435 2447 490 aqua
2481 418 2800 475 tribulantes
2828 434 2966 477 eos:

1910 513 2003 569 25.
2044 512 2200 568 Unus
2235 528 2303 567 ex
2335 513 2413 566 eis
2447 527 2556 565 non
2588 513 2870 566 remansit.

1912 605 2003 660 24.
2050 604 2118 659 Ει
2144 605 2495 660 crediderunt
2517 605 2683 658 verbo
2714 605 2835 674 ejus
2864 602 3094 676 [verbis]
3124 624 3139 659 :

1910 696 2003 751 25.
2055 694 2123 750 Et
2158 696 2475 751 cecinerunt
2512 695 2729 751 laudem
2771 694 3155 767 [laudaverunt
3180 694 3422 771 laudem]

1844 788 1981 860 ejus.

1913 880 2007 935 26.
2050 879 2173 934 Cito
2206 878 2476 944 iecerunt,
2506 879 2663 934 obliti
2697 886 2824 934 sunt
2851 893 3078 949 operum
3117 878 3277 949 ejus:

1917 972 2006 1026 27.
2048 972 2112 1027 Et
2152 988 2263 1026 non
2292 972 2675 1028 sustinuerunt
2706 971 2996 1026 consilium
3036 970 3180 1040 ejus.

1912 1065 2002 1119 28.
2044 1064 2110 1118 Et
2133 1064 2528 1133 concupierunt
2554 1063 3053 1132 concupiscentiam
3081 1061 3136 1115 in
3168 1060 3419 1116 deserto;

1913 1155 2005 1213 29.
2042 1156 2109 1209 Et
2142 1162 2495 1210 tentaverunt
2534 1153 2701 1207 Deum
2749 1154 2803 1207 in
2851 1154 3141 1223 inaquoso.

1911 1246 2000 1301 50.
2054 1245 2122 1300 Et
2153 1246 2302 1301 dedit
2328 1246 2410 1300 eis
2444 1246 2759 1314 petitionem
2797 1246 3038 1313 ipsorum
3073 1264 3087 1299 :

1912 1336 2003 1390 51.
2056 1335 2203 1389 Misit
2228 1335 2566 1389 saturitatem
2597 1334 2651 1388 in
2685 1334 2900 1388 animas
2929 1350 3142 1395 eorum.

1912 1423 2002 1477 52.
2042 1424 2109 1477 Et
2134 1424 2483 1478 irritaverunt
2512 1422 2731 1494 Moysen
2762 1424 2816 1477 in
2852 1426 3048 1479 castris
3067 1462 3085 1489 ,

1913 1517 2003 1571 55.
2047 1516 2228 1571 Aaron
2264 1528 2515 1573 sanctum
2548 1516 2790 1572 Domini.

1912 1610 2002 1665 54.
2046 1610 2249 1681 Aperta
2270 1623 2353 1666 cst
2384 1620 2548 1677 terra,
2574 1621 2627 1665 et
2649 1611 2933 1680 deglutivit
2956 1606 3168 1663 Dathan
3196 1627 3210 1663 :

1912 1702 2002 1756 55.
2044 1703 2110 1757 Et
2136 1705 2352 1773 operuit
2378 1719 2543 1773 super
2569 1706 3046 1774 congregationem
3084 1703 3314 1757 Abiron.

1916 1790 2006 1850 56.
2048 1791 2114 1846 Et
2134 1794 2341 1849 exarsit
2385 1794 2528 1865 ignis
2570 1793 2626 1848 in
2659 1809 2931 1864 synagoga
2961 1808 3150 1848 eorum
3174 1833 3194 1849 .

1777 1878 1821 1933 Β
1929 1883 2023 1941 57.
2060 1884 2302 1941 Flamma
2328 1885 2631 1942 combussit
2670 1894 3007 1956 peccatores.

1284 2179 1667 2237 ATHANASII
1707 2176 2301 2237 INTERPRETATIO.

231 2340 327 2405 22,
351 2339 442 2394 25.
466 2338 683 2403 Πάντας
709 2338 818 2412 γὰρ
844 2337 1161 2411 συνέτριψεν
1182 2336 1277 2392 ἐπὶ
1304 2337 1399 2392 τοῦ
1426 2337 1636 2403 ὓδατος.

234 2428 327 2483 24.
367 2429 433 2482 Οί
464 2426 851 2497 βαπτισθέντες
883 2427 1209 2482 ἐπίστευσαν
1235 2429 1349 2491 τοῖς
1381 2427 1588 2501 ῥηθεῖσι
1616 2429 1745 2499 παρ’

164 2518 333 2581 αὐτοῦ
373 2522 430 2573 ἐν
460 2522 572 2583 τοῖς
595 2518 950 2588 Εὐαγγελίοις
976 2520 1106 2590 περὶ
1130 2518 1231 2589 τῆς
1254 2519 1623 2589 ἀποκειμένης
1647 2517 1746 2588 βα-

164 2611 373 2676 σιλείας
398 2611 505 2665 τῶν
534 2610 798 2681 οὐρανῶν.

235 2703 327 2758 25.
364 2704 475 2758 Kal
502 2703 758 2769 ἐδόξασαν
787 2703 970 2758 αὐτόν.

232 2792 323 2847 26.
364 2794 421 2847 Ὁ
450 2793 575 2856 λαὸς
606 2793 715 2847 τῶν
749 2793 1017 2849 Ἰουδαίων

233 2884 322 2937 27.
356 2884 431 2937 Ού
458 2884 732 2955 διέμειναν
768 2885 826 2938 ἐν
847 2883 926 2955 τῷ
951 2885 1099 2955 νόμῳ
1147 2883 1241 2938 καὶ
1266 2884 1388 2947 ταῖς
1414 2884 1620 2953 φωναῖς
1638 2883 1749 2936 τῶν

163 2977 481 3050 προφητῶν.

230 3067 325 3124 28.
380 3069 491 3121 Kal
543 3066 741 3138 μᾶλλον
786 3067 1081 3139 ἠγάπησαν
1134 3067 1235 3137 τὴν
1301 3065 1601 3121 ἀπόλαυσιν
1649 3064 1743 3121 τοῦ

163 3159 371 3233 κόσμοί)
401 3160 612 3216 τούτου.

234 3253 323 3309 29.
354 3253 463 3307 Kal
501 3253 799 3324 ἐπείρασαν
831 3252 922 3306 τὸν
953 3252 1085 3306 Θεὸν
1121 3253 1178 3306 ἐν
1211 3253 1330 3313 ταῖς
1366 3250 1614 3321 καρδίαις
1650 3251 1747 3303 αύ-

164 3344 273 3398 τῶν
317 3347 437 3407 ταῖς
482 3344 557 3415 μὴ
595 3343 844 3414 ἐχούσαις
893 3346 1053 3414 χάριν
1084 3342 1219 3396 Θεοῦ
1242 3380 1258 3407 ,
1290 3340 1539 3411 λέγοντες
1566 3342 1743 3413 αὐτῷ·

166 3436 419 3503 Σημεῖον
444 3435 701 3505 θέλομεν
732 3435 880 3489 ἰδεῖν
907 3435 1025 3490 ἀπὸ
1056 3434 1195 3490 σοῦ.
1427 3440 1435 3447 ”

235 3526 324 3580 50.
357 3528 536 3598 Ὅπερ
570 3528 647 3598 (1)
683 3526 975 3597 ἠθέλησαν.

235 3614 326 3671 51.
370 3615 464 3668 Ἐκ
488 3615 595 3669 τῶν
639 3615 803 3671 πέντε
843 3614 918 3686 (2)
952 3614 1154 3686 ἀρτων,
1190 3614 1285 3669 καὶ
1324 3612 1487 3669 πάλιν
1525 3613 1591 3666 ἐκ
1637 3612 1745 3667 τῶν

166 3707 303 3761 ἑπτὰ
335 3706 625 3778 ἐχόρτασεν
655 3706 873 3770 αύτούς.

270 3798 325 3863 2,
364 3800 452 3854 55.
516 3799 592 3870 (5)
636 3801 747 3852 Kal
793 3799 1088 3870 ἐπέμειναν
1162 3796 1590 3869 παροργίζοντες
1655 3796 1745 3851 τὸν

166 3889 292 3945 Υίὸν
333 3892 391 3943 ἐν
424 3890 500 3961 τῷ
530 3891 743 3962 κόσμῳ.
777 3889 1040 3959 Μωϋσῆς
1068 3889 1176 3961 γὰρ
1208 3889 1565 3961 ἑρμηνεύεται
1599 3890 1743 3943 ἀνά-

164 3984 351 4049 ληψις
370 4022 386 4047 ,
430 3982 565 4053 ὅπερ
591 3983 739 4037 ἐστὶν
780 3985 810 4038 ό
847 3983 973 4048 Υἱὸς
1001 3983 1093 4037 τοῦ
1120 3983 1279 4048 Θεοῦ,
1308 3983 1583 4054 ἀνελήφθη
1614 3982 1742 4052 γάρ.

177 4073 391 4127 Ἆαηὼν
424 4074 784 4145 ἑρμηνεύεται
811 4076 948 4144 ὄρος
983 4075 1289 4145 δυνάμεως
1313 4092 1328 4107 ο
1358 4074 1447 4129 τὸν
1483 4070 1575 4128 οὖν
1616 4074 1744 4127 Υίὸν

164 4164 254 4218 1...."
286 4163 424 4218 Θεοῦ
447 4165 618 4233 λέγει,
651 4167 742 4219 τὸν
765 4166 907 4221 κατὰ
934 4165 1096 4237 φύσιν
1121 4167 1299 4235 ἆγιον.

236 4258 325 4311 54.
368 4257 619 4328 Ἦνοίχθη
648 4260 681 4329 ἡ
707 4258 851 4331 ψυχὴ
882 4259 990 4313 τῶν
1020 4258 1389 4313 ἀπειθούντων
1422 4274 1498 4326 τῳ
1531 4254 1742 4325 Κυρίῳ,

162 4350 255 4411 καὶ
284 4349 477 4404 ἐλαϐεν
507 4353 733 4414 ἑαυτοὺς
758 4353 856 4422 τὴν
880 4352 1152 4426 ἁμαρτία-ν
1181 4352 1238 4424 [ἡ
1259 4349 1523 4422 ἁμαρτία]
1541 4349 1740 4403 αὐτῶν

161 4441 360 4495 Δαθὰν
388 4441 495 4514 γὰρ
528 4444 731 4510 κρίσις
762 4442 1050 4513 δεδομένη
1087 4441 1449 4515 ἑρμηνεύεται
1481 4441 1578 4511 (4).

230 4533 325 4588 55.
390 4535 686 4603 Ἀϐειρὼν.
730 4536 1093 4607 ἑρμηνεύεται
1145 4534 1415 4603 πατέρων
1466 4531 1745 4601 ὑψηλῶν.

1910 2335 2003 2402 22,
2044 2337 2135 2392 25.
2188 2334 2393 2391 Omnes
2420 2334 2566 2389 enim
2595 2332 2852 2389 contrivit
2882 2331 2934 2386 in
2977 2348 3138 2403 aqua.

1910 2430 2002 2485 24.
2040 2428 2307 2499 Baptizati
2364 2434 2549 2481 autem
2603 2424 2954 2481 crediderunt
3000 2440 3060 2479 ea
3115 2439 3237 2493 quas
3280 2423 3424 2479 dicta

1841 2528 1971 2576 sunt
1995 2520 2049 2574 in
2079 2518 2388 2590 Evangeliis
2414 2518 2481 2573 de
2506 2532 2675 2588 regno
2704 2517 2990 2581 caelorum,
3022 2516 3166 2586 quod
3213 2516 3294 2579 eis
3340 2532 3426 2570 re-

1842 2614 2078 2685 positum
2103 2621 2205 2668 est.

1847 2727 1883 2777 ε
1917 2706 2009 2761 25.
2051 2704 2117 2759 Et
2142 2705 2585 2775 gloriﬁcaverunt
2607 2718 2756 2757 eum.

1915 2798 2007 2851 26.
2056 2796 2297 2866 Populus
2333 2794 2667 2848 Judaeorum.

1917 2889 2010 2943 27.
2052 2886 2170 2943 Non
2202 2894 2619 2956 permanserunt
2659 2886 2714 2940 in
2743 2885 2862 2957 lege
2912 2890 2967 2939 et
3004 2882 3162 2938 dictis
3194 2880 3427 2952 prOphe-

1848 2991 2118 3127 laggfhEt
2141 3070 2317 3142 magis
2351 3069 2661 3126 dilexerunt
2692 3067 2883 3124 mundi
2916 3066 3082 3135 hujus
3105 3062 3424 3121 oblectatio-

1774 3142 1817 3200 C
1849 3177 1996 3217 nem.

1915 3254 2006 3310 29.
2047 3252 2114 3309 Et
2168 3260 2519 3309 tentaverunt
2594 3251 2766 3308 Deum
2838 3252 2895 3307 in
2931 3252 3190 3308 cordibus
3234 3266 3425 3306 eorum

1846 3345 2073 3416 gratiam
2104 3343 2200 3398 Dei
2234 3358 2341 3398 non
2378 3344 2728 3411 habentibus,
2775 3342 3025 3399 dicentes
3068 3342 3214 3414 ipsi:
3259 3340 3424 3395 Votu-

1847 3453 1964 3490 ηεαδ
1991 3453 2024 3489 a
2063 3444 2109 3489 te
2138 3438 2346 3506 signum
2361 3436 2532 3491 videre
2565 3438 2652 3489 ²⁶⁹.

1919 3528 2010 3582 50.
2055 3526 2211 3592 Quod
2247 3528 2556 3582 voluerunt.

1918 3620 2007 3673 5i.
2048 3618 2300 3689 Quinque
2330 3621 2581 3689 panibus,
2613 3632 2668 3675 et
2703 3634 2897 3675 rursus
2962 3625 3168 3688 septem
3211 3617 3430 3673 satiavit

1846 3726 1941 3765 eos
1976 3711 2041 3770 .".

1916 3801 2005 3867 52,
2052 3802 2141 3857 55.
2184 3800 2251 3855 Et
2282 3810 2768 3872 perseveraverunt
2811 3801 3092 3855 irritantes
3123 3797 3322 3852 Filium
3372 3798 3427 3851 in

1846 3893 2071 3964 mundo.
2109 3893 2317 3963 Moyses
2341 3894 2485 3948 enim
2517 3894 2907 3960 interpretatur
2934 3891 3250 3959 assumptio,
3282 3890 3429 3958 quod

1845 3987 2101 4041 convenit
2126 3985 2221 4039 Dei
2251 3984 2410 4049 Filio,
2440 3985 2533 4054 qui
2567 3993 2884 4053 assumptus
2915 3992 3017 4038 est.
3052 3985 3231 4035 Aaron
3264 3981 3432 4035 inter-

1847 4083 2091 4143 pretatur
2138 4091 2285 4128 mons
2342 4075 2587 4127 virtutis:
2642 4074 2829 4143 itaque
2876 4073 3149 4143 signiticat
3188 4070 3285 4126 Dei
3335 4069 3430 4123 Fi-

1846 4165 2001 4231 lium,
2030 4165 2123 4234 qui
2159 4166 2458 4220 secundum
2491 4174 2741 4218 naturam
2775 4176 2999 4218 sanctus
3039 4172 3147 4218 est.

1915 4256 2005 4309 54.
2055 4255 2256 4324 Aperta
2283 4266 2365 4309 est
2415 4256 2595 4309 anima
2635 4270 2745 4308 non
2795 4254 3286 4322 obtemperantium
3322 4252 3433 4307 Do-

1845 4347 2015 4408 mino,
2042 4354 2097 4399 et
2125 4354 2405 4415 peccatum
2436 4362 2623 4400 eorum
2651 4346 2892 4415 suscepit
2924 4347 3109 4416 ipsos;
3148 4360 3277 4399 nam
3304 4344 3425 4398 Da-

1853 4441 1979 4493 than
2008 4439 2273 4508 judicium
2302 4439 2489 4492 datum
2533 4440 2945 4507 interpretatur.

1922 4530 2010 4585 55.
2047 4531 2249 4615 Aliiron
2284 4530 2676 4599 interpretatur
2724 4539 2874 4598 pater
2926 4525 3182 4581 excelsus.
3232 4524 3434 4581 Pecca-

174 4622 471 4693 Ἐκάλυψεν
514 4621 606 4679 οὖν
653 4626 685 4695 ἡ
737 4626 982 4697 ἁμαρτία
1038 4624 1137 4696 τὴν
1172 4623 1495 4693 συναγωγὴν
1542 4622 1602 4675 τὸ
1653 4622 1739 4691 μετ

1882 4636 1964 4673 lim
2023 4621 2192 4689 igitur
2244 4620 2535 4689 cooperuit
2591 4634 2923 4690 synagogam
2992 4628 3151 4673 antea
3206 4616 3429 4671 Patrum

160 4713 379 4783 πρῶτον
427 4716 536 4768 τῶν
591 4716 851 4787 Πατέρων
906 4717 1015 4771 τῶν
1062 4718 1255 4786 ἁγίων,
1313 4714 1605 4786 [δεύτερον
1657 4710 1750 4785 δὲ]

158 4807 269 4861 τῶν
294 4806 569 4877 ἀρχόντων
600 4808 675 4879 (5)
706 4809 815 4863 τῶν
842 4809 1287 4879 τετυφλωμένων.

232 4896 321 4951 56.
337 4899 447 4951 Kal
470 4899 795 4954 ἐπλεόνασεν
825 4903 857 4972 ἡ
891 4901 1135 4972 ἁμαρτία
1157 4902 1213 4953 ἐν
1235 4902 1301 4971 τῇ
1329 4898 1526 4972 καρδίᾳ
1545 4896 1746 4950 αὐτῶν.

234 4987 322 5042 57.
354 4989 467 5042 Kal
490 4990 689 5061 ἀνομία
722 4991 1100 5062 κατηνάλωσεν
1128 4991 1345 5055 αύτούς.

1849 4720 2187 4777 sanctorum,
2221 4722 2276 4766 et
2302 4712 2495 4767 deinde
2535 4712 2840 4781 principum
2882 4725 3095 4771 eorum.
3124 4710 3218 4781 qui
3248 4725 3431 4765 excat-

1850 4804 1958 4857 cati
1988 4812 2136 4857 sunt.

1923 4893 2011 4947 56.
2063 4895 2128 4948 Ει
2150 4888 2453 4972 abundavit
2479 4904 2761 4965 peccatum
2793 4895 2847 4949 in
2882 4896 3047 4952 corde
3079 4913 3291 4956 eorum.

1927 4985 2019 5041 57.
2062 4985 2128 5039 Et
2157 4987 2418 5056 iniquitas
2444 4988 2786 5059 consumpsit
2822 5005 2916 5043 eos

254 5141 527 5198 "‘Matth.
560 5160 659 5207 xu.
694 5145 784 5200 52.
867 5147 909 5176 ’⁷
956 5146 1145 5201 Matth.
1196 5163 1305 5213 xw,
1357 5147 1461 5212 16;
1505 5161 1594 5208 xv,
1647 5145 1751 5211 5i;
1787 5142 1953 5197 Marc.
1979 5158 2068 5201 v1.
2103 5142 2206 5211 58;
2242 5160 2360 5209 \‘lll,
2392 5145 2456 5210 i;
2498 5144 2657 5202 Joan.
2695 5163 2783 5202 vt.
2846 5147 2934 5202 10.

1116 5301 1425 5362 Addenda
1459 5310 1520 5361 et
1554 5302 1933 5381 corrigenda
1966 5319 2045 5361 ex
2084 5301 2228 5362 cod.
2268 5302 2469 5363 Vatie.

232 5470 310 5541 (1)
336 5470 445 5524 Kal
476 5469 674 5524 ἔδωκεν
704 5471 888 5535 αὐτοῖς
911 5470 1067 5541 ὅπερ,
1099 5480 1203 5525 etc.

231 5540 666 5612 (ἓωέντεγάρ-
1010 5540 1027 5612 ξ
1214 5608 1306 5612 μ-
1390 5610 1402 5612 ,
1576 5604 1577 5607 η

231 5608 309 5681 (5)
337 5610 405 5666 Ν.
444 5608 681 5681 52.Kal
715 5613 761 5665 ὲ.
816 5630 873 5665 π.
909 5628 960 5663 τ.
1009 5611 1097 5681 Υἱ.
1144 5608 1237 5664 τοῦ
1280 5610 1415 5664 Θεοῦ
1457 5627 1629 5680 usque
1680 5614 1743 5668 ad

152 5681 437 5756 ἀνελήφθη
472 5684 599 5756 γάρ.
639 5680 704 5737 Ν.
742 5683 830 5737 55.
874 5680 1083 5759 Ἀαρὼν
1119 5683 1164 5736 ἐ.
1193 5681 1239 5736 ὅ.
1271 5681 1513 5747 δυνατόν,
1540 5691 1647 5744 etc.

1918 5472 1996 5545 (4)
2030 5472 2269 5545 Ἐλαὸον-
2326 5475 2423 5545 εφέ
2460 5475 2688 5537 ἑαυτοὺς
2747 5485 2847 5544 την
2892 5474 3167 5545 αμαρτίαν
3218 5474 3421 5530 αὐτῶν.

1847 5544 2022 5617 Δαθάν
2040 5544 2767 5617 χάργέρμηνεύεταιλκρίσις
2791 5544 3069 5616 δεδομένη.

1919 5614 1994 5681 (5)
2038 5614 2136 5666 Τὸῖ
2159 5614 2232 5667 δέ
2259 5614 2510 5687 δεύτερον
2559 5614 2805 5685 βούλεται
2837 5618 2868 5687 ἡ
2903 5614 3165 5689 ἑρμηνεία
3193 5616 3297 5671 τῶν
3328 5614 3430 5688 ἀρ·

1848 5685 2071 5755 χόντων,
2104 5694 2207 5741 etc.
