3874 6222
434 302 571 349 tua
1267 296 1327 353 S.
1370 298 1746 357 ATHANASH
1786 303 1939 359 OPP.

2202 300 2292 356 111.
2334 329 2407 342 -
2448 295 2861 351 EXEGETICA.
3562 288 3702 347 1116

503 413 591 468 58.
635 413 702 467 Et
731 413 974 469 fecerunt
998 414 1223 469 vitulum
1256 418 1309 471 in
1341 417 1558 476 Choreb
1588 440 1601 476 :

2034 433 2081 488 Α
2182 424 2271 476 58.
2303 422 2413 475 Kal
2442 418 2702 487 ἐποίησαν
2733 417 2931 488 μόσχον
2960 418 3017 470 ὲν
3043 416 3275 488 Χωρήθο

504 507 590 559 59.
637 506 701 558 Et
748 506 1113 561 adoraverunt
1166 510 1438 580 sculptile.

2179 511 2267 566 59.
2300 510 2413 563 Kal
2444 507 2862 580 προσεκύνησαν
2896 505 2974 575 τῷ
3004 504 3249 575 γλυπτῷ.

504 595 594 652 40.
658 596 720 651 Ει
746 606 1095 652 mutaverunt
1121 600 1350 668 gloriam
1379 619 1538 658 suam

2183 604 2272 658 40.
2305 603 2415 656 Kal
2443 601 2743 671 ἠλλάξαντο
2771 600 2870 670 τὴν
2901 598 3058 664 δόξαν
3090 596 3255 652 αὐτοῦ

504 689 594 744 41.
638 685 695 740 1η
735 689 1149 745 similitudinem
1175 693 1331 746 vituli
1361 696 1701 750 comedentis
1730 694 1937 750 fenum.

2184 694 2271 749 41.
2311 694 2401 746 Ἐν
2431 688 2736 763 ὁμοιώματι
2768 692 2973 761 μόσχου
3000 690 3273 752 ἐσθίοντος

504 777 596 835 42.
636 777 877 833 Etobliti
905 790 1033 836 sunt
1062 781 1255 848 Deum,
1298 785 1395 853 qui
1423 787 1653 841 salvavit
1676 802 1811 843 eos:

2181 784 2269 837 42.
2298 786 2408 839 Kal
2437 784 2510 855 (a)
2542 782 2869 837 ἐπελάθοντο
2897 781 2989 835 τοῦ
3019 781 3154 834 Θεοῦ
3182 779 3273 834 τοῦ
3302 778 3571 845 σώζοντος
3602 777 3701 833 αὐ-

2111 892 2268 939 τουςο

503 961 593 1016 45.
634 960 737 1028 Qui
761 962 890 1017 fecit
911 966 1184 1035 magnalia
1212 968 1265 1020 in
1295 966 1554 1038 Egypto,

2182 965 2272 1018 45.
2304 963 2410 1017 Τοῦ
2445 965 2770 1035 ποιήσαντος
2804 960 3018 1032 μεγάλα
3043 963 3103 1015 ὲν
3129 962 3411 1031 Αἰγύπτῳ,

504 1054 593 1108 44.
635 1055 901 1109 Mirabilia
929 1057 983 1109 in
1009 1066 1153 1111 terra
1182 1058 1377 1123 Cham,

2184 1056 2273 1112 44.
2304 1056 2596 1126 Θαυμάσια
2626 1059 2684 1109 ὲν
2717 1057 2788 1125 γῇ
2817 1053 2969 1123 Χάμ,

506 1148 593 1203 45.
630 1147 920 1204 Terribilia
948 1150 1002 1204 in
1031 1153 1167 1205 mari
1202 1151 1406 1208 Rubro.

2182 1152 2272 1206 45.
2299 1150 2509 1221 Φοϐερά
2539 1150 2630 1204 ἐπὶ
2658 1150 2933 1221 θαλάσσης
2966 1146 3251 1218 Ἐρυθρᾶς.

504 1242 593 1298 46.
644 1241 710 1296 Et
738 1243 872 1297 dixit
900 1254 956 1297 ut
991 1245 1327 1313 disperderet
1348 1262 1444 1300 eos
1477 1266 1493 1302 :

2182 1243 2271 1298 46.
2304 1244 2413 1296 Kal
2434 1239 2553 1295 εἷπε
2583 1239 2675 1294 τοῦ
2702 1239 3077 1312 ὲξολοθρεῦσαι
3107 1236 3333 1300 αύτούς·

507 1330 597 1385 47.
640 1330 696 1384 Si
722 1348 832 1384 non
862 1331 1075 1403 Moyses
1100 1334 1305 1388 electus
1330 1334 1449 1401 ejus

2182 1336 2273 1392 47.
2305 1337 2368 1388 Εί
2408 1336 2482 1406 μὴ
2515 1335 2752 1405 Μωῦσῆς
2782 1336 2810 1387 6
2843 1330 3097 1393 ἐκλεκτὸς
3129 1328 3292 1383 αὑτοῦ

507 1422 595 1476 48.
639 1422 892 1478 Stetisset
941 1425 995 1477 in
1035 1425 1408 1481 confractione
1444 1426 1496 1480 in
1534 1438 1825 1496 conspectu
1871 1429 2011 1498 ejus,

1952 1445 2011 1495 is,
2182 1428 2272 1481 48.
2303 1429 2374 1496 (b)
2409 1429 2579 1497 Ἔστη
2615 1429 2669 1479 ὲν
2696 1429 2762 1496 τῇ
2796 1424 3020 1495 θραύσει
3045 1421 3273 1475 ἐνώπιον
3296 1418 3482 1485 αὑτοῦ,

504 1514 592 1567 49.
639 1514 707 1570 Ut
734 1527 1002 1572 averteret
1026 1519 1164 1572 iram
1186 1520 1328 1589 ejus,
1367 1536 1432 1575 ne
1465 1520 1800 1590 disperderet
1824 1537 1942 1577 eos.

2182 1520 2270 1573 49.
2321 1517 2426 1571 Τοῦ
2476 1518 2817 1588 ἀποστρέψαι
2858 1516 2949 1568 τὸν
2992 1514 3161 1584 θυμὸν
3200 1510 3403 1575 αὐτοῦ,
3461 1508 3557 1563 τοῦ
3622 1507 3698 1581 μὴ

2111 1610 2291 1677 ὲξολοθ
2302 1609 2490 1681 ρεῦσαι
2521 1608 2737 1672 αὐτούς.

507 1689 593 1744 50.
628 1689 693 1744 Ει
709 1707 806 1760 pro
824 1693 992 1747 nihilo
1017 1693 1325 1748 habuerunt
1344 1705 1542 1749 terram
1562 1696 2003 1753 desiderabilem:

1813 1697 2003 1753 bilem:
2180 1702 2267 1757 50.
2297 1704 2407 1756 Kal
2440 1701 2805 1767 ἐξουδένωσαν
2831 1700 2934 1769 γῆν
2964 1698 3308 1767 ἐπιθυμητήν
3327 1712 3339 1726 ·

505 1780 594 1835 5|.
633 1780 749 1836 Non
782 1786 1133 1840 crediderunt
1166 1788 1335 1841 verbo
1366 1789 1506 1856 ejus.

2042 1780 2084 1839 Β
2184 1792 2269 1846 51.
2306 1793 2419 1844 οὐκ
2448 1792 2773 1845 ἐπίστευσαν
2801 1790 2879 1859 τῷ
2907 1788 3051 1858 λόγῳ
3074 1789 3139 1840 αὑ
3152 1786 3257 1840 τοῦ.

508 1869 595 1923 52.
636 1871 701 1926 Ει
727 1886 1208 1934 murmuraverunt
1246 1877 1709 1951 lmurmurabant]
1742 1880 1797 1934 in
1824 1882 2007 1936 taber-

2184 1884 2271 1938 52.
2306 1884 2417 1936 Kal
2442 1885 2751 1952 ἐγόγγυσαν
2784 1879 3127 1955 [ἐγόγγυζον]
3161 1882 3216 1933 ὲν
3249 1881 3361 1941 τοῖς
3398 1873 3696 1945 σκννὼμαο

436 1964 647 2019 naculis
676 1967 791 2021 suis
816 1985 829 2021 :

2114 1992 2198 2029 σιν
2229 1974 2408 2028 αὐτῶν
2427 1989 2442 2005 ·

507 2099 584 2169 (a)
614 2101 722 2156 Καί
748 2102 918 2158 deest.
2186 2106 2262 2178 (b)
2294 2105 2451 2162 Vers.
2478 2105 2546 2161 48
2572 2104 2811 2161 omissus
2833 2113 2916 2160 est
2943 2106 3012 2161 ab
3038 2105 3265 2176 antiquo
3299 2106 3587 2178 scriptore.

1571 2284 1949 2341 ATHANASII
1988 2286 2568 2343 INTERPRETATIG.

507 2426 594 2481 58.
637 2424 705 2480 Ει
732 2426 979 2481 fecerunt
1004 2428 1107 2482 sibi
1142 2428 1275 2497 ipsis
1305 2442 1397 2481 cor
1423 2426 1688 2495 insipiens
1726 2426 1783 2480 in
1816 2425 2017 2479 mentis

2182 2423 2269 2479 58.
2307 2425 2415 2477 Kal
2445 2423 2708 2495 ἐποίησαν
2740 2424 2954 2487 ἑαυτοῖς
2983 2420 3239 2475 ἀσύνετον
3283 2422 3512 2493 καρδίαν
3543 2424 3600 2475 ὲν
3628 2426 3697 2494 τῇ

437 2532 550 2573 suae
578 2517 963 2571 obcaecatione.
1010 2517 1215 2573 Choreb
1243 2519 1389 2573 enim
1419 2518 1811 2588 interpretatur
1839 2520 1967 2573 exsii

2170 2514 2359 2585 ηρὼσει
2386 2514 2484 2584 τῆς
2507 2513 2744 2577 διανοίας
2775 2513 2975 2567 αὐτῶν.
3016 2510 3227 2580 Χωρὴϐ
3251 2512 3359 2583 γὰρ
3396 2514 3700 2585 ἑρμηνεύε-

437 2611 596 2669 catio.
630 2611 808 2679 qualis
837 2621 922 2665 est
947 2613 1187 2667 caecitas.

2112 2623 2199 2658 ται
2234 2605 2565 2674 ξηρασμὸς,
2598 2606 2734 2675 ὅπερ
2769 2605 2883 2658 ἐστὶ
2915 2606 3181 2675 πήρωσις.

506 2701 595 2754 59.
656 2700 723 2754 Ει
750 2702 802 2755 in
831 2702 1145 2757 servitutem
1178 2702 1383 2758 redacti
1414 2714 1545 2757 sunt
1577 2720 1607 2758 a
1640 2713 1881 2773 peccato.

1663 2713 1881 2759 teccalo.
2185 2697 2272 2750 50.
2297 2698 2407 2749 Kal
2433 2695 2805 2765 ἐδουλώθησαν
2838 2698 2902 2765 τῇ
2931 2696 3193 2766 ἁμαρτίᾳ.

505 2792 592 2846 40.
634 2791 699 2846 Et
728 2795 954 2863 gloriam
987 2796 1311 2858 intellectus,
1356 2812 1515 2865 quem
1561 2798 1707 2852 dedit
1737 2799 1817 2853 eis
1849 2797 2011 2861 Deus,

2187 2788 2274 2841 40.
2306 2789 2412 2840 Kal
2444 2788 2543 2858 τὴν
2590 2789 2665 2858 (1)
2714 2787 2872 2851 δόξαν
2912 2788 3011 2857 τῆς
3045 2788 3348 2852 συνέσεως,
3386 2781 3455 2859 ἦς
3500 2786 3705 2841 ἔδωκεν

437 2893 941 2939 transmutaverunt
977 2888 1029 2940 in
1077 2896 1310 2941 mentem
1347 2889 1658 2957 reprobam.

2052 2878 2083 2882 ⁷
2119 2879 2300 2943 αὐτοῖς
2324 2882 2352 2932 6
2379 2879 2529 2943 Θεὸς,
2558 2879 2849 2949 μετέϐαλον
2879 2880 2959 2942 είς
2983 2879 3238 2949 ἀδόκιμον
3268 2878 3411 2934 νοῦν.

510 2977 598 3033 41.
634 2977 699 3031 Ει
748 2979 1036 3033 assimilati
1113 2990 1241 3034 sunt
1286 2980 1536 3049 jumento
1595 2981 1895 3050 insipienti,
1963 2990 2013 3037 et

2188 2972 2274 3024 41.
2320 2972 2427 3024 Καὶ
2462 2970 2822 3043 ὼμοιώθησαν
2849 2972 3037 3040 κτήνει
3069 2970 3336 3040 ἀσυνέτῳ,
3380 2970 3476 3023 καὶ
3509 2969 3705 3041 ὥσπερ

438 3069 897 3135 quemadmodum
934 3070 1064 3124 illud
1110 3070 1297 3124 fenum
1341 3072 1472 3134 edit,
1530 3072 1677 3141 quod
1728 3074 1783 3125 in
1836 3073 1968 3143 ignei

2173 3065 2300 3115 εεῖνα
2346 3062 2535 3133 χόρτον
2565 3064 2733 3116 ἐσθίει
2771 3063 2862 3115 τὸν
2896 3064 2975 3127 εἰς
3001 3062 3062 3119 τὸ
3092 3062 3202 3133 πῦρ
3232 3062 3580 3133 βαλλόμενον,
3607 3062 3703 3115 οῦ-

440 3163 695 3223 mittitur.
744 3164 816 3216 ita
850 3173 904 3217 et
935 3164 1024 3218 isti
1073 3174 1355 3231 peccatum
1404 3165 1732 3233 suscipiunt,
1784 3165 1970 3234 quodi

2178 3173 2224 3217 ›ς
2265 3156 2358 3207 καὶ
2381 3150 2525 3208 οὗτοι
2550 3155 2650 3223 τὴν
2675 3154 2951 3227 ἁμαρτίαν
2984 3153 3461 3225 μεταλαμϐάνουσι
3490 3155 3595 3225 τὴν
3623 3156 3708 3219 εἰς

439 3253 878 3307 combustionem
916 3253 1225 3322 projicitur.

1166 3268 1225 3305 ιε’.
2118 3245 2313 3300 καῦσιν
2348 3245 2696 3316 βαλλομένην.

509 3345 599 3399 42.
641 3345 708 3398 Ει
746 3346 899 3400 obliti
932 3355 1058 3400 sunt
1092 3344 1430 3399 Salvatorem
1473 3344 1684 3400 mundi.

2188 3338 2278 3391 42.
2313 3338 2422 3390 Kal
2456 3336 2778 3391 ἐπελάθοντο
2808 3337 2902 3390 τοῦ
2925 3336 3177 3409 Σωτῆρος
3204 3335 3297 3390 τοῦ
3324 3335 3555 3406 κόσμου.

513 3440 599 3493 45.
651 3439 755 3504 Qui
785 3454 979 3508 magna
1013 3438 1140 3493 fecit
1182 3438 1236 3491 in
1274 3438 1518 3493 tenebris
1567 3438 1792 3503 mundi;
1841 3436 2017 3507 «Egy-

2190 3429 2276 3483 45.
2323 3429 2428 3482 Τοῦ
2475 3432 2797 3501 ποιήσαντος
2851 3429 3061 3500 μεγάλα
3112 3430 3171 3481 ὲν
3230 3428 3307 3497 τῷ
3361 3429 3543 3482 σκότει
3606 3427 3710 3481 τοῦ

438 3540 559 3601 ρεαδ
586 3531 729 3584 enim
769 3530 994 3585 tenebrat:
1039 3531 1452 3601 interpretatur.

2120 3520 2344 3590 κόσμου.
2372 3521 2673 3590 Αἴγυπτος
2705 3522 2813 3593 γὰρ
2843 3524 3067 3587 σκότος
3101 3520 3462 3592 ἑρμηνεύεται
3492 3521 3593 3590 (2).

509 3620 596 3674 44.
635 3618 692 3674 In
737 3636 1010 3691 synagoga
1050 3619 1388 3675 Iudaeorum.
1424 3620 1591 3674 Cham
1642 3622 1787 3676 enim
1836 3619 2018 3674 audax

2189 3610 2278 3663 44.
2331 3612 2418 3663 Ἐν
2468 3615 2532 3682 τῇ
2587 3614 2876 3682 συναγωγῇ
2920 3610 3030 3662 τῶν
3084 3610 3375 3665 Ἰουδαίων.
3421 3609 3553 3679 Χὰμ
3593 3609 3710 3683 γὰρ

439 3710 846 3782 interpretatur,
881 3713 1061 3783 qualis
1109 3721 1194 3768 est
1225 3712 1540 3768 Judzeorum
1586 3714 1841 3783 populus.

2181 3704 2417 3773 νλμηρὸς
2453 3705 2835 3777 ἑρμηνεύεται,
2871 3706 3009 3776 ὅπερ
3038 3704 3184 3757 ἐστὶν
3213 3706 3240 3757 6
3268 3704 3397 3768 λαὸς
3426 3704 3535 3759 τῶν
3572 3704 3711 3757 Ἰου-

2120 3795 2301 3849 δαίων.
3554 3816 3555 3819 η

506 3891 593 3946 45.
639 3890 926 3946 Terribilia
958 3892 1013 3945 in
1044 3893 1249 3947 mundo
1289 3892 1624 3963 iniquitatis.

2191 3888 2280 3942 45.
2308 3887 2516 3959 Φοὸερὰ
2542 3891 2599 3941 ὲν
2631 3888 2707 3959 τῷ
2738 3889 2928 3959 κόσμῳ
2954 3889 3056 3959 τῆς
3080 3887 3308 3960 ἀνομίας

506 3982 595 4037 46.
636 3982 702 4035 Ει
736 3984 873 4037 dixit
900 3985 1075 4049 Pater,
1101 3995 1160 4038 ut
1192 3985 1531 4054 disperderet
1554 4000 1666 4038 eos.

2190 3982 2279 4037 46.
2313 3983 2422 4036 Kal
2458 3978 2610 4036 εἶπεν
2652 3985 2681 4035 6
2710 3982 2901 4053 Πατὴρ
2932 3981 3027 4035 τοῦ
3062 3980 3444 4051 ὲξολοθρεῦσαι
3482 3979 3710 4043 αὐτούς.

507 4076 596 4141 47,
636 4075 725 4129 48.
766 4075 885 4131 Nisi
930 4076 1101 4133 Filius
1168 4078 1287 4147 ejus
1340 4082 1579 4132 stetisset
1628 4078 1683 4130 in
1732 4091 1895 4131 cruce
1938 4076 2019 4130 di-

2193 4077 2281 4139 47,
2325 4075 2415 4129 48.
2470 4077 2532 4128 Εί
2578 4075 2653 4146 μὴ
2699 4079 2727 4128 6
2772 4075 2901 4137 Υἱὸς
2950 4075 3117 4128 αὑτοῦ
3172 4075 3302 4144 ἔστη
3351 4075 3427 4144 (5)
3471 4075 3564 4126 ἐπὶ
3610 4074 3712 4127 τοῦ

438 4182 568 4222 cens
597 4185 609 4220 :
647 4165 835 4233 Pater,
867 4168 1078 4223 dimitte
1108 4169 1241 4237 illis,
1275 4185 1381 4223 non
1404 4169 1545 4223 enim
1580 4170 1755 4222 sciunt
1777 4169 1906 4239 quid
1938 4169 1968 4238 fi

2184 4168 2361 4239 ταυροῦ
2391 4168 2565 4236 λέγων
2595 4185 2606 4199 ·
2642 4167 2832 4236 Πάτερ
2852 4210 2867 4234 ,
2910 4167 3060 4236 ἄφες
3090 4167 3329 4233 αὐτοῖς’
3359 4168 3432 4219 οὐ
3470 4166 3580 4235 γὰρ
3618 4166 3714 4218 οἷ-

436 4257 582 4309 οἱιιηι
616 4257 682 4311 ³⁸.

2114 4264 2255 4317 δασι
2286 4263 2345 4315 τί
2377 4261 2677 4314 ποιοῦσιν.

508 4347 599 4401 49.
644 4347 715 4402 Ut
743 4359 1012 4405 averteret
1054 4351 1193 4406 iram
1235 4350 1379 4424 ejus,
1416 4367 1484 4407 ne
1517 4352 1854 4421 disperderet
1902 4367 2017 4407 eos.

2185 4355 2275 4410 49.
2323 4356 2514 4415 Ὅπως
2564 4353 2881 4424 ἀποστρέψῃ
2924 4352 3016 4406 τὸν
3056 4350 3227 4423 θυμὸν
3274 4348 3439 4404 αὐτοῦ
3487 4349 3581 4402 τοῦ
3632 4348 3712 4419 μὴ

438 4437 646 4509 Moyses
674 4442 819 4495 enim
857 4444 1151 4513 assumptio
1191 4444 1605 4513 interpretatur,
1640 4443 1787 4513 quod
1816 4459 1968 4499 COHW

2186 4442 2493 4515 ολοθρεῦσαι
2524 4442 2740 4511 αὐτούς.
2771 4442 3035 4511 Μωυσῆς
3061 4442 3170 4513 γὰρ
3201 4442 3507 4508 ἀνάληψις
3538 4442 3716 4511 ἑρμη-

438 4534 520 4588 nit
547 4533 778 4591 Domino
808 4545 997 4593 nostro
1022 4536 1175 4607 Jesu,
1210 4540 1306 4611 qui
1337 4549 1657 4610 assumptus
1681 4546 1786 4595 est.

2181 4538 2355 4601 ύεται,
2378 4539 2515 4610 ὅπερ
2538 4538 2685 4591 ἐστὶν
2706 4540 2734 4592 6
2755 4537 2961 4609 Κύριος
2989 4536 3149 4609 ἡμῶν
3179 4535 3402 4608 Ἰησοῦς·
3430 4533 3711 4605 ἀνελήφθη

2119 4634 2247 4700 γάρ.

511 4707 600 4761 50.
641 4708 925 4781 Deiparam
967 4711 1191 4768 Mariam
1224 4714 1444 4784 injuriis
1481 4714 1801 4780 allicientes,
1833 4723 1887 4769 et
1916 4712 2021 4768 Do-

2312 4723 2425 4793 Τὴν
2454 4720 2715 4776 Θεοτόκον
2746 4720 2966 4792 Μαρίαν
2992 4716 3373 4783 ὀνειδίζοντες,
3406 4716 3483 4787 τῷ
3517 4716 3714 4788 Κυρίῳ

440 4802 591 4857 mino
621 4804 688 4859 de
723 4804 839 4872 ipsa
873 4806 1118 4861 dicentes
1162 4826 1176 4861 :
1229 4806 1342 4860 Nos
1377 4823 1442 4861 ea:
1500 4807 1853 4877 fornicatione
1908 4824 1970 4859 na

2183 4815 2249 4887 ιρὶ
2295 4815 2463 4886 αὐτῆς
2498 4814 2593 4868 καὶ
2626 4812 2877 4881 λέγοντες
2898 4827 2911 4841 ·
2964 4810 3154 4881 Ἡμεῖς
3194 4811 3265 4863 ἐκ
3312 4809 3599 4877 πορνείας
3640 4811 3713 4861 οὺ

440 4910 542 4947 non
559 4911 739 4949 sumus
754 4896 819 4951 “.

2121 4904 2541 4975 γεγεννήμεθα.

514 4983 600 5036 51.
640 4982 758 5038 Non
790 4986 1164 5051 crediderunt,
1195 4990 1340 5059 quod
1387 4989 1558 5043 Filius
1593 4990 1685 5043 Dei
1716 4997 1881 5045 esset.

2194 4999 2281 5052 5|.
2310 4998 2423 5050 Οὐκ
2445 4996 2790 5060 ἐπίστευσαν,
2814 4996 2896 5047 ὅτι
2925 4996 2953 5047 6
2982 4995 3109 5057 Υἱός
3138 4995 3252 5046 ἐστι
3281 4992 3375 5045 τοῦ
3409 4990 3567 5044 Θεοῦ.

513 5072 601 5131 52.
650 5073 1128 5133 Murmuraverunt
1157 5080 1213 5134 in
1256 5096 1314 5135 se
1348 5083 1481 5152 ipsis
1507 5082 1792 5137 dicentes:
1833 5080 2021 5136 Nonne

2189 5089 2276 5141 52.
2319 5087 2647 5155 Ἐγόγγυζον
2679 5086 2802 5139 καθ’
2831 5088 3054 5151 ἑαυτοὺς
3087 5086 3367 5155 λέγοντες·
3398 5077 3709 5154 Οὐχοῦτός

443 5165 526 5219 hic
574 5177 651 5221 est
701 5169 843 5238 fabri
890 5171 1036 5240 ﬁlius
1088 5173 1183 5226 "?

2120 5181 2289 5233 ἐστιν
2317 5183 2348 5233 o'
2377 5177 2483 5232 τοῦ
2515 5177 2793 5244 τέκτονος
2833 5180 2996 5244 vide;

540 5300 904 5370 “Lucum,
951 5303 1040 5359 54.
1125 5307 1169 5338 ²⁹
1224 5304 1388 5362 Joan.
1420 5309 1668 5369 vui,4|.
1755 5310 1800 5341 ³⁰
1851 5308 2043 5366 Matth.

1264 5323 1388 5362 Dan.
1420 5323 1515 5363 vui
1540 5349 1554 5369 ,
1581 5309 1668 5362 4|.
1755 5310 1800 5341 ³ο
1851 5308 2043 5366 Matth.
2077 5328 2173 5365 xm
2198 5355 2210 5378 ,
2251 5311 2356 5375 55;
2388 5309 2546 5366 Joan.
2585 5328 2670 5375 vr,
2708 5310 2794 5363 42.

1407 5476 1712 5537 Addenda
1747 5484 1804 5536 et
1838 5478 2210 5557 corrigenda
2242 5493 2319 5535 ex
2357 5474 2496 5534 cod.
2545 5472 2744 5533 l'atic.

490 5615 612 5696 {(1);
760 5615 847 5696 4ολ
905 5619 1011 5671 Kal
1058 5622 1155 5689 τήν
1245 5632 1369 5688 etc.,
1418 5639 1590 5693 usque
1640 5623 1705 5678 ad
1754 5621 2014 5693 ἀσυνέτῳ.
2142 5590 2147 5593 ἤ
2201 5619 2276 5696 (2)
2316 5617 2703 5696 ξξῙ-ρμηνεύετκι
2740 5613 3021 5696 σκότωσις.

536 5680 642 5739 ⁷41.
676 5686 780 5739 Kal
813 5686 1019 5761 ὥσπερ,
1045 5680 1147 5745 etc.
1358 5680 1369 5688 ’
1503 5680 1517 5693 ’
1968 5680 1982 5693 ’

1358 5680 1369 5688 ’
1503 5680 1517 5693 ’
1968 5680 1982 5693 ’
2207 5680 2286 5760 (5)
2318 5680 2500 5754 "Boni
2533 5703 2635 5742 non
2674 5686 2886 5756 legitur.
