3874 6222
168 315 228 371 ll
253 319 316 371 l7
1175 327 1264 382 DE
1305 329 1580 386 TITULIS
1617 327 2078 396 PSALMORUM.
2119 372 2188 382 —
2227 341 2424 399 PSAL.
2455 344 2566 400 CV.
3311 354 3450 410 “18

245 431 339 487 55.
374 436 490 487 Οὐκ
516 437 844 508 εἰσήκουσαν
865 437 965 509 τῆς
993 441 1175 512 φωνῆς
1212 445 1440 516 Κυρίου.

1801 454 1842 511 Α
1952 455 2039 512 55.
2065 455 2181 513 Non
2209 460 2568 516 exaudierunt
2598 475 2783 517 vocem
2818 461 3055 519 Domini.

245 523 338 577 54.
370 523 474 577 K'al
505 527 677 598 ἐπῆρε
700 529 799 599 τὴν
835 533 995 602 χεῖρα
1019 533 1182 586 αὐτοῦ
1232 537 1318 588 ἐπ’
1350 539 1566 603 αὐτοὺς,

1949 547 2038 602 54.
2073 547 2137 601 Et
2165 551 2397 604 elevavit
2430 567 2650 606 manum
2683 569 2839 607 suam
2864 549 3174 624 super‘eos,

246 614 337 669 55.
371 615 478 669 Τοῦ
509 619 836 673 καταϐαλεῖν
867 623 1066 687 αὐτοὺς
1092 625 1151 676 έν
1183 629 1248 696 τῇ
1273 628 1486 698 ἐρήμῳ.

1480 667 1486 682 ι
1946 637 2035 694 55.
2071 637 2141 692 Ut
2172 650 2540 709 prosterneret
2569 657 2664 698 eos
2693 644 2748 697 in
2777 614 3010 699 deserlo.

245 705 340 759 56.
365 703 470 759 Kal
497 707 593 761 τοῦ
618 710 948 767 καταϐαλεῖν
973 712 1035 766 τὸ
1066 715 1288 786 σπέρμα
1313 719 1494 774 αὐτῶν
1540 719 1602 776 ἐν
1656 722 1770 787 τοῖς

1946 727 2034 782 56.
2067 728 2132 782 Et
2169 703 2225 785 ut
2252 731 2507 796 dejiceret
2537 747 2720 789 semen
2757 749 2948 790 eorum
2981 737 3036 790 in
3067 737 3421 795 nationibus:

180 792 376 849 ίθνεσι.

248 886 339 940 57.
371 886 476 941 Kal
505 889 892 959 διασκορπίσαι
925 893 1126 958 αὐτοὺς
1156 897 1216 949 ὲν
1248 901 1368 962 ταῖς
1397 898 1624 972 χώραις.

1556 917 1624 964 ις.
1950 901 2039 956 57.
2075 901 2140 956 Ει
2168 903 2501 974 dispergeret
2530 920 2624 960 eos
2660 907 2712 959 in
2747 907 3084 977 regionibus.

247 976 338 1031 58.
382 976 487 1032 Kal
514 980 874 1052 ἐτελέσθησαν
907 983 986 1055 τῷ
1018 985 1358 1058 Βεελφεγώρ·

1945 992 2034 1049 58.
2069 992 2135 1048 Ει
2168 994 2364 1051 initiati
2399 1008 2527 1052 sunt
2562 976 2925 1068 Beelphegor:

249 1069 336 1122 59.
369 1067 473 1124 Kal
498 1070 701 1141 ἔφαγον
734 1074 921 1139 θυσίας
953 1077 1182 1148 νεκρῶν.

1940 1085 2032 1141 59.
2071 1086 2138 1141 Ει
2181 1089 2536 1145 comederunt
2575 1067 2842 1146 sacriﬁcia
2894 1100 3255 1148 mortuarum.

250 1161 340 1214 60.
376 1161 485 1217 Kal
517 1165 842 1235 παρώξυναν
884 1169 1046 1224 αὐτὸν
1075 1173 1133 1224 ὲν
1179 1177 1292 1236 τοῖς
1343 1173 1770 1248 ἐπιτηδεύμασιν

1951 1176 2042 1235 60.
2115 1177 2182 1234 Et
2231 1181 2586 1236 irritaverunt
2637 1198 2760 1238 eum
2841 1186 2896 1238 in
2966 1186 3449 1243 adinventionibus

184 1251 378 1308 ιύτῶν”

1867 1270 1989 1328 illis
2018 1289 2035 1326 :

251 1346 341 1399 61.
376 1346 478 1401 Kal
511 1349 818 1424 ἐπληθύνθη
853 1352 911 1406 ἐν
944 1354 1125 1418 αὐτοῖς
1156 1357 1187 1426 ἡ
1223 1357 1450 1425 πτῶσις.

1944 1362 2036 1417 61.
2072 1363 2139 1417 Ει
2165 1365 2526 1436 multiplicata
2559 1377 2642 1423 est
2668 1368 2721 1422 in
2752 1369 2834 1423 eis
2861 1367 3041 1425 ruina.

251 1437 341 1491 69..
377 1437 481 1492 Kal
513 1439 642 1512 ἔστη
666 1443 848 1506 Φινεὲς
877 1444 971 1496 καὶ
1003 1446 1310 1510 ὲξιλάσατοο

1949 1455 2040 1512 62.
2073 1457 2137 1510 Et
2176 1459 2326 1512 stetit
2351 1456 2585 1513 Phinees
2615 1468 2668 1514 et
2695 1461 2930 1529 placavit
2957 1479 2970 1516 :

251 1529 343 1583 65.
380 1529 486 1583 Kal
512 1526 833 1606 ἐκόπασενὴ
864 1535 1110 1606 θραῦσις.

1941 1546 2030 1600 65.
2060 1547 2123 1601 Et
2155 1549 2391 1603 cessavit
2430 1526 2727 1618 quassatio.

252 1621 343 1676 64.
371 1622 474 1677 Kal
507 1625 760 1698 ἐλογίσθη
787 1629 934 1700 αὐτῷ
954 1631 1036 1694 είς
1059 1630 1426 1705 δικαιοσύνην,
1570 1684 1575 1688 .

1570 1684 1575 1688 .
1944 1637 2038 1693 64.
2073 1637 2141 1694 Et
2180 1649 2489 1710 reputatum
2522 1652 2605 1697 est
2631 1644 2680 1698 ei
2711 1643 2766 1696 in
2801 1643 3095 1712 justitiam,

249 1714 338 1769 65.
363 1717 456 1780 Εἰς
496 1718 688 1786 γενεὰν
716 1722 812 1774 καὶ
836 1722 1026 1790 γενεὰν
1051 1725 1155 1789 ἕως
1175 1725 1270 1778 τοῦ
1295 1727 1510 1793 αἰῶνος.

1943 1730 2031 1784 65.
2080 1731 2138 1785 1η
2191 1734 2596 1803 generationem
2633 1743 2687 1790 et
2735 1736 3138 1805 generationem
3192 1749 3362 1804 usque
3395 1733 3451 1789 ir.

1801 1797 1842 1851 Β
1872 1824 2288 1892 sempiternum.

253 1893 344 1950 66.
377 1896 487 1949 Kal
519 1897 878 1970 παρὼργισαν
900 1903 1062 1958 αὑτὸν
1092 1905 1185 1958 ἐπὶ
1212 1904 1404 1971 ὓδατος
1443 1906 1769 1980 ἀντιλογίας

1944 1912 2033 1968 66.
2095 1914 2158 1970 Et
2219 1916 2577 1972 irritaverant
2633 1933 2759 1972 eum
2811 1917 2876 1972 ad
2927 1932 3125 1987 aquam
3177 1917 3457 1986 contradi-

1869 2004 2068 2060 ctionis
2096 2024 2109 2060 :

253 2073 344 2128 67.
381 2076 490 2129 Kal
509 2079 762 2152 ἐκακώθη
789 2081 1027 2152 Μωῦσῆς
1059 2083 1124 2136 δι’
1151 2083 1368 2148 αὐτούς.

1943 2097 2030 2151 67.
2068 2097 2134 2151 Et
2162 2108 2393 2154 vexatus
2417 2110 2497 2154 est
2529 2099 2742 2171 Moyses
2769 2109 2990 2172 prOpter
3017 2116 3132 2157 eos.

254 2162 345 2219 68.
375 2166 494 2220 Ὀτι
525 2169 941 2242 παρεπίκραναν
973 2175 1034 2227 τὸ
1059 2174 1276 2244 πνεῦμα
1301 2177 1490 2232 αύτοῦο

1949 2189 2040 2244 68.
2076 2189 2214 2256 Quia
2241 2162 2707 2246 exacerbaverunt
2729 2193 2982 2263 spiritum
3009 2194 3165 2262 eius:

256 2257 344 2314 69.
381 2256 484 2314 Kal
510 2260 801 2318 διέστειλεν
829 2266 886 2319 ἐν
908 2270 1023 2331 τοῖς
1051 2268 1287 2338 γείλεσιν
1311 2251 1501 2326 αύτόῦ.

1337 2251 1501 2326 mas.
1952 2280 2040 2335 69.
2077 2251 2144 2336 ἐι
2174 2281 2422 2337 distinxit
2454 2284 2508 2336 in
2541 2283 2703 2339 labiis
2730 2251 2867 2340 suis.

1316 2469 1692 2529 ATHANASH
1732 2475 2303 2537 INTEBPRETATIO

258 2636 346 2691 55.
386 2638 500 2691 Ουκ
546 2640 870 2709 εισήκουσαν
912 2643 1010 2714 τῆς
1063 2647 1367 2719 μαρτυρίας
1416 2648 1510 2704 τοῦ
1553 2653 1765 2725 Πατρὸς

1934 2657 2023 2711 55.
2070 2654 2188 2712 Non
2219 2659 2578 2714 exaudierunt
2604 2659 2782 2716 Patris
2813 2661 3185 2714 testimonium
3228 2676 3259 2716 e
3300 2661 3456 2720 caelis

190 2729 285 2783 ἀπ’
312 2729 556 2802 οὐρανῶν
593 2731 802 2804 βοώσης
830 2733 934 2805 (1)’
975 2733 1162 2805 Οὗτός
1190 2741 1362 2795 ἐστιν
1398 2746 1431 2797 ό
1480 2744 1612 2810 Υἱός
1647 2763 1720 2815 με

1581 2766 1612 2810 ς
1647 2763 1768 2815 μου
1867 2748 2113 2806 clamans
2141 2768 2154 2805 :
2187 2749 2290 2805 Hic
2316 2761 2396 2806 est
2419 2751 2597 2808 Filius
2628 2769 2770 2807 meus
2798 2754 3019 2808 dilectus
3044 2753 3110 2806 ³¹.

188 2822 226 2876 ὀ
260 2821 586 2890 ἀγαπητός.

258 2911 346 2966 54.
379 2910 484 2966 Kal
507 2912 750 2986 ὠργίσθη
779 2915 978 2980 αὐτούς
1004 2917 1105 2988 (2).

1049 2917 1105 2988 ί).
1945 2926 2036 2982 54.
2075 2926 2142 2983 Et
2175 2929 2348 2984 iratus
2369 2938 2453 2984 est
2479 2929 2579 2984 eis.

260 3000 347 3056 55.
389 3003 496 3056 Τοῦ
527 3006 922 3060 συναπολέσθαι
949 3008 1027 3079 (5)
1070 3011 1268 3074 αὐτοὺς
1297 3015 1360 3082 τῇ
1395 3013 1660 3087 ἁμαρτίᾳ.

263 3092 327 3121 Et!
383 3091 483 3121 II...\
513 3093 604 3121 --π
637 3096 966 3121 _--_:-.'.-.._-
1001 3099 1144 3121 ...ι-,ε
1178 3119 1191 3121 -
1223 3104 1280 3121 -ω
1351 3101 1376 3115 ιο
1446 3105 1498 3121 -Α
1547 3105 1569 3116 «-
1655 3107 1666 3121 ς

1802 3056 1848 3118 c
1950 3017 2042 3073 55.
2078 3014 2150 3072 Ut
2188 3019 2336 3088 ipsos
2378 3019 2626 3088 perderet
2658 3033 2781 3073 cum
2815 3025 3058 3086 peccato.

260 3092 346 3146 56.
383 3091 488 3146 Kal
512 3093 605 3146 τοῦ
637 3096 970 3167 παραδοῦναι
997 3099 1192 3164 αὐτοὺς
1218 3104 1284 3174 τῇ
1311 3101 1416 3156 τῶν
1442 3105 1611 3159 ἐθνῶν
1643 3107 1776 3160 ἀνα-

1775 3091 1848 3145 πυ
1951 3112 2040 3166 56.
2076 3111 2142 3166 Ει
2179 3121 2235 3166 ut
2267 3112 2504 3166 traderet
2543 3126 2638 3166 eos
2664 3111 2905 3177 gentium
2941 3108 3305 3164 subversioni.

191 3196 393 3238 στροφὴ
405 3223 418 3235 .

291 3201 322 3238 ο
405 3223 418 3235 .

259 3187 483 3331 57εῗῗίίαὶ
522 3277 864 3350 ἀποστρέψαι
907 3279 984 3352 (4)
1028 3282 1225 3347 αὐτοὺς
1261 3285 1318 3337 ἐν
1339 3287 1459 3351 ταῖς
1513 3286 1607 3341 τοῦ
1661 3287 1778 3358 βίου

1664 3287 1778 3358 βίου
1951 3290 2040 3344 57.
2076 3288 2144 3344 Et
2177 3299 2444 3344 averteret
2472 3305 2564 3344 eos
2593 3289 2648 3343 in
2680 3288 3030 3358 deccptioncs
3051 3285 3194 3340 vitae.

191 3366 448 3430 ἀπάταις.

262 3459 347 3514 58.
385 3458 490 3513 Kal
511 3460 843 3532 ἐλάτρευσαν
900 3463 976 3535 τῷ
1005 3465 1236 3539 διαϐόλῳ
1277 3467 1367 3522 διὰ
1395 3471 1494 3542 τῆς
1525 3471 1776 3542 ἀνομίας·

1951 3467 2039 3520 58.
2073 3465 2140 3520 Et
2160 3468 2449 3522 coluerunt
2480 3468 2756 3521 diabolum
2793 3483 2890 3537 per
2916 3465 3290 3536 iniquitatem:
3317 3464 3460 3520 Beel-

193 3550 534 3619 Βεελερεγὼρ
560 3553 668 3623 γὰρ
696 3554 1056 3626 ἑρμηνεύεται
1083 3567 1086 3571 ’
1114 3555 1276 3627 εἶδος
1317 3562 1718 3632 ἀσχημοσύνη

1931 3559 2074 3630 legor
2126 3562 2276 3614 enim
2311 3561 2697 3630 interpretatur
2743 3562 2938 3629 species
2989 3560 3368 3629 deformitatis,
3409 3565 3461 3615 et

192 3640 286 3694 καὶ
317 3642 740 3712 δαιμοχαιρῶν.

1884 3651 2173 3704 immanem
2213 3666 2420 3703 amans.

261 3732 347 3787 59.
377 3732 483 3786 Kal
521 3736 815 3805 μετέλαϐον
865 3739 966 3803 τὰς
1019 3740 1317 3813 ἐπιθυμίας
1348 3743 1448 3808 τὰς
1478 3744 1779 3817 νεκρούσας

1952 3742 2042 3796 59.
2097 3739 2163 3794 Εῐ
2219 3749 2551 3811 acceperunt
2609 3737 3085 3809 concupiscentias
3139 3737 3455 3793 occidentes

190 3826 288 3900 τὴν
312 3826 488 3898 ψυχὴν
515 3826 717 3882 αὐτῶν.

1881 3850 2071 3891 eorum
2109 3834 2368 3888 animam.

260 3919 350 3977 60.
384 3920 474 3972 Ἐν
500 3923 620 3984 ταῖς
644 3919 942 3993 ἁμαρτίαις
966 3923 1164 3978 αὐτῶν.

1103 3926 1164 3978 iv.
1952 3924 2043 3980 60.
2077 3923 2131 3977 In
2157 3923 2396 3994 peccatis
2422 3937 2633 3977 eorum.

261 4011 349 4066 61.
381 4011 486 4064 Kal
513 4013 574 4064 τὺ
599 4013 802 4082 πλῆθος
828 4014 1005 4068 αὐτῶν
1028 4016 1292 4070 συνέπεσε
1320 4021 1384 4090 τῇ
1410 4020 1671 4093 ἁμαρτίᾳ.

1952 4017 2041 4072 61.
2075 4016 2138 4071 Et
2166 4016 2457 4071 multitudo
2490 4029 2678 4068 eorum
2705 4012 2945 4067 concidit
2977 4019 3222 4081 peccato.

262 4105 350 4160 62.
384 4103 489 4158 Kal
513 4105 784 4173 Στέφανος
823 4107 984 4159 πάλιν
1021 4109 1367 4180 προσηύξατο
1424 4114 1552 4184 περὶ
1603 4114 1781 4168 αὐτῶν

1957 4109 2046 4166 62.
2078 4109 2146 4164 Ει
2178 4125 2372 4164 rursus
2409 4107 2719 4176 Stephanus
2768 4120 2893 4159 cum
2921 4103 3257 4173 lapidaretur
3285 4103 3461 4154 oravit

190 4198 543 4269 λιθαζὸμενος
573 4198 767 4266 λέγων·
796 4201 994 4267 Κύριε,
1038 4201 1122 4270 μὴ
1173 4203 1370 4273 θήσῃς
1420 4206 1626 4273 αὐτοῖς
1669 4207 1720 4261 τί

1930 4218 1982 4256 ro
2003 4201 2083 4257 eis
2116 4199 2304 4255 dicens
2332 4213 2347 4252 :
2383 4198 2624 4263 Domine,
2653 4213 2714 4250 ne
2741 4205 2949 4248 statuas
2989 4195 3097 4247 illis
3141 4195 3236 4246 hoc
3280 4208 3460 4261 pecca-

191 4290 484 4365 ἁμιιρτίαν
511 4292 756 4357 ταύτην.
781 4291 986 4356 Φινεὲς
1013 4291 1120 4364 γὰρ
1169 4295 1532 4367 ἑρμηνεύεται
1586 4301 1721 4369 ard;

1894 4304 1999 4348 tum
2020 4294 2086 4348 ³³⁵.
2142 4292 2362 4346 Phineas
2394 4291 2538 4346 enim
2592 4290 2981 4360 interpretatur
3011 4303 3068 4340 as
3099 4287 3212 4356 ejus
3262 4284 3424 4338 silens

189 4382 378 4436 αὐτοῦ
399 4380 605 4450 σιγῶνο
635 4382 796 4437 τοῦτο
824 4384 933 4456 γὰρ
966 4386 1134 4439 είπὼν
1166 4387 1457 4459 ἐκοιμήθη.

1226 4390 1457 4459 ςοιμήθη.
1807 4397 1858 4456 ι)
1887 4383 1990 4439 hoc
2012 4385 2154 4438 enim
2192 4383 2379 4438 dicens
2409 4381 2756 4436 obdormivit.

263 4473 352 4528 65.
384 4471 490 4527 Kal
509 4474 783 4528 ἐπαύσατο
813 4477 845 4546 ἡ
879 4476 1016 4548 ὀργὴ
1051 4478 1144 4529 τοῦ
1170 4477 1324 4532 Θεοῦ.

1957 4476 2046 4530 65.
2085 4473 2150 4528 Et
2178 4475 2412 4529 cessavit
2442 4474 2520 4527 ira
2554 4472 2668 4526 Dei.

264 4566 355 4630 64,
373 4565 460 4619 65.
495 4565 600 4620 Kal
624 4567 877 4639 ἐλογίσθη
910 4567 988 4638 τῷ
1014 4570 1271 4639 Στεφάνῳ
1305 4572 1385 4634 είς
1411 4569 1778 4643 δικαιοσύνην.

1959 4568 2050 4632 64,
2076 4567 2164 4622 65.
2195 4565 2260 4620 Et
2286 4575 2594 4635 reputatum
2623 4573 2704 4619 est
2740 4562 3016 4633 Stephano
3041 4562 3094 4615 in
3138 4562 3433 4629 justitiam.

263 4657 351 4713 66.
385 4657 488 4713 Kal
518 4658 877 4729 παρώργισαν
915 4661 1006 4714 τὸν
1031 4661 1231 4732 Κύριον
1261 4663 1336 4733 μὴ
1380 4663 1668 4716 πιστεῦσαι
1700 4664 1780 4736 (5)

1959 4662 2048 4716 66.
2083 4658 2148 4716 Et
2189 4661 2544 4714 irritaverant
2572 4658 2862 4714 Dominum
2909 4656 3030 4727 ejus
3063 4655 3333 4723 baptismo
3358 4667 3462 4705 non

190 4749 272 4821 τῷ
306 4749 640 4820 βαπτίσματι
678 4751 862 4805 αὑτοῦ.

678 4751 862 4805 αὑτοῦ.
1889 4753 2182 4812 credendo.

263 4842 352 4896 67.
383 4840 488 4894 Kal
517 4841 814 4913 ἠσθένησεν
845 4847 873 4897 ὁ
893 4844 1055 4916 νόμος
1089 4844 1155 4898 δι’
1183 4844 1398 4909 αὐτούς.

1959 4846 2048 4901 67.
2080 4843 2146 4899 Ει
2175 4845 2260 4899 lex
2303 4844 2576 4898 infirmata
2601 4851 2685 4898 est
2716 4848 2937 4914 propter
2972 4853 3086 4894 eos.

263 4933 354 4989 68.
389 4935 510 4988 ’Ότι
540 4933 855 5007 παρὼργισε
888 4938 981 4990 τὸν
1007 4937 1317 5008 λαλήσαντα
1351 4939 1416 4991 δι’
1447 4939 1613 4993 αὑτοῦ
1643 4939 1741 5012 (6).

1705 4942 1741 5004 ).
1959 4937 2048 4991 68.
2080 4935 2219 5001 Quia
2244 4934 2595 4989 irritaverant
2627 4933 2935 5002 loquentem
2965 4943 3060 4998 per
3087 4942 3233 4982 eum.

265 5024 353 5080 69.
389 5026 502 5081 Ούκ
523 5025 602 5079 ἔτι
621 5026 798 5081 ἐλάλει
830 5029 1010 5093 αὐτοῖς
1039 5031 1069 5082 ὁ
1102 5028 1282 5102 νόμος.

1959 5027 2047 5084 69.
2083 5027 2202 5082 Non
2234 5027 2472 5098 amplius
2499 5026 2579 5082 eis
2604 5023 2930 5095 loquebatur
2954 5021 3061 5076 lex.

263 5226 311 5262 ³¹
334 5225 524 5282 Matth.
558 5244 692 5292 xvn,
723 5230 777 5284 5.
855 5230 901 5262 "
924 5231 1044 5284 Aet.
1077 5245 1178 5301 vn,
1209 5227 1304 5288 59.

1152 5404 1455 5466 Addenda
1494 5410 1551 5466 et
1597 5401 1971 5482 corrigenda
2008 5418 2085 5461 ex
2131 5397 2274 5460 cod.
2313 5395 2493 5457 Vatic

266 5589 342 5670 ii)
371 5590 632 5670 Ξοῶντος,
653 5600 784 5670 ειη..
815 5594 842 5644 ὁ
890 5591 1189 5663 ἀγαπητὸς,
1217 5592 1274 5644 ἐν
1299 5581 1342 5658 ᾧ
1369 5588 1665 5660 ηύδόκησα.
2061 5583 2406 5670 Empylum.

265 5663 341 5727 (Ξ,
371 5661 488 5714 Ἔπ,
516 5659 732 5741 αὑῖιᾯύς.
940 5656 950 5660 -
1064 5656 1076 5663 -
1315 5656 1326 5658 -
1391 5656 1400 5660 ·
1561 5656 1571 5659 ’
2067 5656 2482 5741 ριστεύσ-ῖντες.
2545 5723 2562 5741 ε
2621 5724 2632 5738 ,
2668 5739 2672 5741 Α
2708 5721 2836 5741 *μ’

266 5721 341 5798 (5i
371 5721 757 5787 Συναπολέσαι.
1962 5721 2037 5799 (6)
2070 5724 2432 5792 [Ιαοώργισαν
2463 5742 2510 5778 τ.
2545 5723 2592 5778 λ.
2618 5724 2674 5776 ἐν
2699 5721 2867 5796 αὐτῷ.
