3874 6222
423 290 564 352 1119
1303 301 1360 356 5.
1393 301 1773 359 ATHANASII
1815 302 1969 358 OPP.
2009 303 2193 363 PARS
2234 308 2325 364 lli.
2367 343 2435 355 —
2474 312 2890 375 EXEGETICA.
3551 322 3693 379 H20

501 415 585 471 70.
771 419 1212 489 disperdiderunt
1258 436 1445 495 gentes
1470 467 1486 493 ,
1539 444 1679 498 quas
1728 426 1866 482 dixit
1902 428 2007 483 Do-

2179 432 2267 486 70.
2320 435 2436 488 Οὐκ
2486 435 2889 507 ἐξωλόθρευσαν
2936 441 3004 490 τά
3040 438 3188 508 ἔθνη,
3246 436 3283 492 ἃ
3334 433 3457 492 εἶπε
3494 436 3692 511 Κύριος

425 506 610 561 minus
643 488 788 563 illis:
858 488 867 489 7
1259 488 1287 495 ⁷
1471 488 1483 493 ⁷
1556 488 1575 498 ’

776 528 788 563 ε
2103 524 2304 589 αὐτοῖς·

500 599 589 653 71.
634 599 699 654 Ει
724 603 997 658 commisti
1026 615 1154 661 sunt
1184 608 1324 663 inter
1352 620 1540 679 gentes
1566 634 1577 666 :

2175 618 2262 671 7|.
2297 617 2401 671 Kal
2431 620 2701 692 ἐμίγησαν
2728 623 2785 674 ἐν
2810 625 2920 685 τοῖς
2949 622 3140 676 ἔθνεσι·

496 690 582 744 72.
616 692 683 746 Ει
719 694 1027 751 didicerunt
1058 713 1223 767 opera
1258 716 1471 757 eorum.

2177 708 2267 763 7‘2.
2298 709 2402 763 Kal
2432 690 2633 780 ἔμαθον
2665 712 2733 766 τὰ
2761 713 2895 785 ἔργα
2929 713 3119 769 αὐτῶν.

498 783 583 837 75.
613 783 679 839 Ει
713 789 1021 843 servierunt.
1051 793 1397 861 sculptilibus
1423 811 1613 850 eorum
1642 815 1657 852 :

2174 798 2264 855 73.
2292 800 2395 855 Kal
2424 802 2741 857 ἐδούλευσαν
2767 783 2877 867 τοῖς
2899 806 3155 873 γλυπτοῖς
3186 807 3384 859 αὐτῶν·

500 873 586 929 74.
616 874 683 929 Ει
714 877 916 934 factum
951 890 1036 934 est
1059 881 1165 936 illis
1207 882 1260 935 in
1293 885 1634 941 scandalum.

2103 905 2109 958 ί
2141 952 2147 958 λ
2177 889 2268 944 74.
2304 890 2409 945 Kal
2438 893 2667 964 ἐγενήθη
2701 895 2884 958 αὐτοῖς
2913 896 2993 959 είς
3025 897 3337 951 σκάνδαλον.

501 963 587 1020 75.
637 965 705 1021 Ει
742 970 1166 1029 immolaverunt
1214 974 1357 1030 ﬁlios
1403 992 1558 1046 suos,
1585 985 1639 1033 et
1684 977 1827 1036 ﬁlias
1870 994 2007 1038 suas

2178 982 2269 1037 75.
2304 982 2409 1036 Kal
2450 963 2651 1037 ἔθυσαν
2692 986 2819 1048 τοὺς
2859 987 3008 1049 υἱοὺς
3048 986 3227 1039 αὐτῶν
3270 988 3365 1039 καὶ
3399 987 3501 1050 τὰς
3521 984 3696 1055 θυγα-

424 1056 734 1116 daemoniis.

2102 1073 2267 1145 τέρας
2287 1075 2463 1128 αὐτῶν
2493 1079 2605 1139 τοῖς
2635 1077 2948 1146 δαιμονίοις.

498 1147 585 1201 76.
623 1148 688 1203 Et
721 1150 1031 1208 effuderunt
1062 1157 1382 1227 sanguinem
1412 1160 1780 1226 innocentem,

1503 1169 1780 1226 nocentem,
2176 1167 2263 1221 76.
2296 1167 2401 1220 Kal
2426 1167 2648 1238 ἐξέχεαν
2681 1163 2818 1239 αἷμα
2841 1170 3033 1234 ἀθῶον,

617 1238 946 1311 Sanguinem
980 1246 1215 1301 ﬁliorum
1245 1265 1466 1304 suorum
1494 1259 1547 1304 et
1579 1251 1814 1311 ﬁliarum
1844 1294 1859 1319 ,

1744 1269 1814 1307 Im
1844 1294 1859 1319 ,
2176 1259 2266 1313 77.
2291 1255 2441 1330 Αἷμα
2470 1260 2600 1312 υἱῶν
2623 1261 2801 1313 αὐτῶν
2821 1261 2915 1314 καὶ
2943 1260 3274 1333 θυγατέρων,

497 1324 582 1421 78.
614 1329 763 1393 Quas
792 1334 1238 1393 sacriﬁcaverunt
1267 1341 1610 1409 sculptilibus
1648 1342 1929 1399 Chanaan.

1774 1360 1929 1399 naan.
2175 1354 2264 1407 78.
2293 1324 2392 1405 Ὧν
2416 1352 2612 1406 ἔθυσαν
2639 1356 2750 1415 τοῖς
2779 1324 3038 1421 γλυπτοῖς
3068 1324 3304 1409 Χαναάν.

426 1510 446 1583 [
498 1419 585 1474 79.
637 1421 703 1585 11h
750 1425 897 1480 cede
930 1427 1138 1495 polluta
1190 1440 1275 1486 est
1326 1440 1472 1487 terra
1526 1433 1583 1488 in
1648 1437 1956 1505 sanguinibt

439 1521 638 1566 eorum
693 1528 710 1567 :

2186 1446 2275 1500 79.
2300 1446 2403 1500 Kal
2426 1419 2823 1516 ἐφονοκτονήθη
2848 1446 2882 1515 ἡ
2912 1446 2981 1515 γῆ
2998 1447 3055 1498 ἐν
3083 1450 3197 1510 τοῖς
3218 1447 3412 1516 αἵμασι
3435 1445 3691 1520 [αὐτῶν]⁶

589 1528 710 1567 ml:

499 1602 589 1659 80.
636 1602 701 1661 Et
768 1611 1136 1666 contaminata
1192 1621 1276 1668 est
1334 1612 1558 1686 [terra]
1623 1616 1678 1670 in
1748 1618 1956 1686 operibt

426 1707 661 1754 eorum:

2181 1627 2269 1683 80.
2302 1628 2409 1682 Kal
2440 1628 2672 1700 ἐμιάνθη
2703 1627 2759 1699 [ἡ
2786 1627 2882 1701 γῆ]
2916 1630 2973 1682 ἐν
2994 1631 3107 1692 τοῖς
3132 1627 3317 1700 ἔργοις
3339 1628 3550 1681 αὐτῶν·

498 1786 588 1842 81.
620 1788 688 1843 Et
719 1789 972 1846 fornicati
1000 1804 1123 1847 sunt
1162 1795 1215 1848 in
1247 1796 1725 1853 adinventinnibus
1754 1800 1894 1857 suis.

2173 1815 2262 1870 81.
2292 1814 2396 1868 Και
2430 1830 2762 1885 επορνευσαν
2799 1815 2857 1867 ἐν
2887 1816 2999 1877 τοῖς
3030 1812 3453 1884 ἐπιτηδεύμασιν
3485 1810 3689 1866 αὐτῶν.

495 1881 585 1938 82.
620 1883 680 1939 Ει
738 1883 915 1941 iratus
962 1896 1045 1941 est
1094 1886 1281 1944 furore
1329 1888 1593 1947 Dominus
1647 1892 1702 1945 in
1743 1893 1952 1963 populu:

422 1984 586 2024 suum
616 1988 629 2024 :

2171 1908 2262 1965 82.
2290 1907 2395 1962 Kal
2425 1881 2671 1978 ὠργίσθη
2696 1906 2852 1977 θυμῷ
2874 1905 3079 1977 Κύριος
3102 1881 3193 1958 ἐπί
3214 1881 3304 1958 τὸν
3330 1904 3460 1957 λαὸν
3482 1903 3649 1959 αὐτοῦ
3668 1919 3688 1939 ·

496 2060 585 2115 85.
621 2062 689 2117 Ει
722 2063 1070 2121 abominatus
1092 2076 1175 2122 est
1204 2067 1569 2124 haereditatem
1597 2086 1774 2125 suam.

2173 2091 2265 2149 83.
2296 2091 2403 2145 Kal
2430 2089 2747 2154 ἐδδελύξατο
2772 2088 2868 2160 τὴν
2889 2085 3254 2158 κληρονομίαν
3282 2082 3467 2138 αὐτοῦ.

496 2153 583 2206 84.
615 2154 681 2209 Et
732 2157 955 2212 tradidit
1005 2173 1102 2214 eos
1138 2160 1193 2214 in
1225 2176 1424 2216 manus
1469 2162 1817 2217 inimicorum
1845 2160 1956 2237 [get

426 2245 584 2318 tium]
611 2264 625 2301 :

2180 2182 2268 2238 84.
2295 2182 2401 2236 Kal
2425 2180 2743 2253 παρέδωκεν
2771 2153 3065 2239 αὖτοὺςείς
3099 2153 3285 2235 νεῖοας
3314 2171 3546 2227 ἐνθοῶν’

449 2262 625 2301 11111112

498 2339 588 2392 85.
624 2339 689 2394 Et
721 2341 980 2398 dominati
1012 2353 1140 2400 sunt
1167 2361 1386 2411 eorum,
1420 2348 1513 2418 qui
1544 2348 1777 2404 oderunt
1811 2364 1927 2406 eos.

2180 2344 2269 2399 85.
2297 2342 2403 2396 Kal
2427 2340 2750 2411 ἐκυρίευσαν
2781 2337 2959 2391 αὐτῶν
2992 2338 3041 2387 οἱ
3076 2331 3361 2404 μισοῦντες
3400 2328 3616 2394 αὐτούς.

493 2431 583 2487 86.
621 2433 687 2487 Ει
715 2436 1112 2494 tribulaverunt
1144 2455 1239 2495 eos
1270 2440 1475 2495 inimici
1510 2456 1697 2496 eorum
1726 2459 1742 2496 :

2179 2437 2267 2492 86.
2298 2434 2405 2488 Kal
2431 2434 2651 2503 ἐθλιψαν
2681 2430 2878 2494 αὐτοὺς
2907 2431 2955 2482 οἱ
2978 2428 3161 2500 ἐχθροὶ
3193 2424 3389 2478 αὑτῶν⁶

494 2525 584 2579 87.
613 2525 677 2582 Et
712 2528 979 2585 humiliati
1015 2541 1145 2587 sunt
1180 2532 1282 2587 sub
1307 2534 1558 2589 manibus
1588 2548 1776 2589 eorum
1805 2550 1822 2587 :

2178 2530 2267 2587 87.
2298 2529 2403 2582 Kal
2433 2523 2869 2595 ἐταπεινώθησαν
2897 2522 3001 2576 ὑπὸ
3020 2521 3118 2583 τὰς
3138 2522 3326 2590 χεῖρας
3349 2515 3546 2570 αὐτῶν.

1582 2746 1953 2804 ATHANASII
1987 2742 2570 2804 INTERPRETATIO.

498 2952 585 3006 70.
640 2950 757 3005 Non
806 2955 1155 3023 projecernnt
1200 2955 1450 3009 carnales
1501 2955 2001 3027 concupiscentias,

2173 2955 2262 3010 70.
2295 2954 2409 3006 Οὐκ
2435 2950 2747 3022 ἀπέρριψαν
2792 2950 2891 3013 τὰς
2953 2946 3222 3018 σαρκικὰς
3276 2940 3598 3013 ἐπιθυμίας,
3626 2938 3698 3004 ἃς

426 3059 565 3115 quas
594 3044 731 3099 dixit
751 3043 859 3099 illis
887 3044 1176 3101 Dominus.

1173 3085 1176 3097 .
2100 3040 2254 3097 εἶπεν
2276 3043 2458 3105 αὐτοῖς
2486 3041 2703 3112 Κύριος.

501 3134 587 3187 71.
626 3133 691 3187 Ει
720 3134 1067 3190 adhaeserunt
1098 3137 1459 3195 daemonibus.

2172 3135 2262 3190 71.
2292 3133 2400 3187 Kal
2426 3132 2796 3204 ἐκολλήθησαν
2819 3133 2932 3194 τοῖς
2954 3128 3191 3199 δαίμοσι.

502 3226 592 3281 72.
627 3230 693 3282 lit
726 3228 1036 3283 didicerunt
1070 3245 1260 3284 eorum
1292 3231 1593 3289 doctrinas.

2171 3226 2261 3281 72.
2294 3225 2398 3278 Kal
2429 3224 2630 3296 ἔμαθον
2656 3223 2755 3287 τὰς
2784 3221 3003 3293 διδαχὰς
3033 3220 3230 3273 αὐτῶν.

500 3321 587 3376 75.
622 3320 1026 3391 lniquitatibus.
2028 3375 2030 3399 η

2028 3353 2077 3418 C
2175 3315 2264 3369 75.
2302 3316 2433 3378 Ταῖς
2466 3312 2731 3383 ἁνομίαις.

498 3415 588 3468 74.
618 3413 684 3467 Et
714 3414 1095 3484 comprehensi
1136 3425 1263 3471 sunt
1294 3416 1348 3471 in
1378 3416 1508 3473 illis.

2030 3400 2077 3418 v
2175 3411 2265 3465 74.
2298 3409 2403 3463 Kal
2442 3408 2870 3478 ἐπαγιδεύθησαν
2897 3408 2955 3460 ἐν
2987 3406 3169 3466 αὐτοῖς
3201 3400 3296 3470 (1).

500 3506 590 3563 75.
630 3506 880 3579 Corpora
924 3516 980 3563 et
1010 3507 1224 3564 animas
1274 3525 1465 3565 eorum
1510 3507 1899 3568 interfecerunt
1948 3513 2002 3566 in

2175 3502 2265 3556 75.
2304 3501 2384 3553 Τὰ
2418 3500 2644 3569 σώματα
2673 3500 2766 3553 καὶ
2793 3498 2893 3562 τὰς
2919 3495 3098 3567 ψυχὰς
3125 3493 3300 3548 αὐτῶν
3346 3492 3698 3546 ἐθανάτωσαν

428 3606 670 3668 peccato.

2105 3593 2162 3645 ἐν
2185 3594 2251 3662 τῇ
2294 3592 2556 3661 ἁμαρτίᾳ.

501 3690 712 3749 76-78.
759 3690 826 3746 Ει
883 3691 1348 3747 dedecoraverunt
1402 3708 1575 3764 genus
1642 3708 1832 3748 eorum
1896 3696 2004 3748 ele-

2178 3680 2360 3735 76-78.
2394 3679 2496 3733 Kal
2520 3679 2862 3750 κατῄσχυναν
2893 3677 2953 3730 τδ
2977 3676 3129 3745 γένος
3154 3674 3330 3729 αὐτῶν
3356 3673 3417 3726 τὸ
3440 3672 3700 3764 ἐκλεκτὸν

429 3792 577 3838 ctum
612 3783 918 3852 redigentes
964 3783 1018 3836 in
1073 3784 1393 3837 servitutem
1432 3785 1681 3847 animas.
1727 3794 1779 3840 et
1814 3800 1959 3839 eorui

2168 3770 2469 3833 υλώσαντες
2500 3771 2599 3832 τὰς
2634 3769 2831 3839 ψυχὰς,
2858 3769 2953 3822 καὶ
3001 3768 3071 3820 τὰ
3116 3765 3343 3836 σώματα
3374 3765 3577 3828 αὐτῶν,
3627 3757 3698 3821 δι’

428 3890 657 3946 corpora
716 3892 815 3946 per
874 3891 975 3941 ea,
1032 3876 1234 3945 quibus
1300 3885 1751 3947 perpetraverunt
1806 3878 1953 3946 iniqu

2168 3861 2489 3915 θέπετέλουν
2515 3862 2611 3931 τὴν
2637 3861 2885 3931 ἀνομίαν.
2920 3858 3162 3913 Χαναὰν
3193 3857 3301 3929 γάρ
3328 3855 3698 3928 ἑρμηνεύεται

429 3981 613 4026 tatem.
653 3970 909 4025 Chanaan
962 3969 1108 4023 enim
1168 3970 1555 4038 interpretatur
1599 3968 1845 4024 adoratio
1896 3971 1959 4023 in:

1398 3977 1555 4024 :talur
1599 3968 1845 4024 adoratio
1896 3971 2005 4023 ini-
2106 3955 2471 4023 προσκύνησ
2476 3972 2529 4019 ις
2558 3951 2928 4024 ἀνομίας.(⁶·ἶ)’

426 4064 673 4135 quitatis.

500 4153 590 4217 79,
627 4153 716 4207 80.
751 4151 816 4204 Et
853 4149 1175 4204 mortiﬁcata
1208 4156 1294 4205 est
1337 4157 1448 4205 tota
1486 4146 1796 4204 Iudaeorum
1840 4163 2004 4220 syna-

2177 4134 2265 4197 79,
2298 4134 2385 4187 80.
2414 4133 2490 4202 (5)
2516 4132 2619 4185 Kal
2680 4130 2959 4203 ἐνεκρώθη
3017 4129 3112 4201 ὅλη
3156 4130 3189 4199 ἡ
3240 4126 3534 4197 συναγωγὴ
3583 4126 3699 4179 τῶν

428 4262 566 4319 goga
597 4245 650 4298 in
680 4243 938 4314 peccatis.

2108 4223 2377 4277 Ἰουδαίων
2411 4226 2468 4277 ἐν
2492 4227 2611 4287 ταῖς
2644 4223 2954 4293 ἁμαρτίαις.

499 4310 590 4392 81.
651 4310 1009 4391 Adhaerentes
1069 4334 1431 4401 daemonibus,
1470 4340 1526 4389 et
1582 4334 1925 4390 discedentes
1973 4349 2005 4389 a

2179 4314 2267 4368 81.
2306 4313 2669 4387 Κολληθέντες
2690 4318 2801 4379 τοῖς
2823 4314 3063 4384 δαίμοσι,
3099 4310 3195 4366 καὶ
3225 4311 3561 4374 ἀποστάντες
3598 4310 3698 4364 τοῦ

2168 4421 2263 4457 εου.

428 4430 561 4484 Deo.

2107 4421 2262 4457 υεου.

499 4520 588 4574 82.
625 4517 692 4572 Et
713 4518 883 4571 iratus
924 4527 1005 4572 est
1035 4521 1089 4570 in
1123 4519 1380 4587 populum
1410 4524 1569 4571 antea
1609 4531 1791 4572 suum.

2177 4496 2267 4550 82.
2296 4494 2402 4549 Kal
2423 4495 2668 4567 ὠργίσθη
2700 4496 2793 4549 ἐπὶ
2818 4495 2909 4549 τὸν
2941 4497 3202 4567 πρότερον
3233 4493 3358 4548 λαὸν
3381 4492 3564 4548 αὐτοῦ.

499 4613 586 4666 85.
616 4611 768 4680 Ipsos
793 4608 1028 4664 Iudaeos.

2178 4588 2266 4642 85.
2300 4588 2504 4651 Αὐτοὺς
2535 4590 2661 4651 τοὺς
2706 4588 3010 4651 Ἰουδαίους.

501 4703 593 4758 84.
629 4701 907 4768 Permisit,
950 4708 1011 4755 ut
1038 4700 1093 4755 in
1121 4714 1217 4756 eos
1262 4699 1679 4755 dominarentur
1721 4697 2008 4755 contrariae

2186 4679 2273 4733 84.
2305 4678 2688 4750 Συνεχώρησεν
2722 4681 2917 4744 αὐτοὺς
2973 4677 3533 4734 καταδυναστεὺεσθαι
3588 4675 3696 4730 ὑπὸ

432 4803 750 4867 potestates.

2104 4770 2214 4823 τῶν
2239 4771 2496 4824 ἐναντίων
2524 4772 2824 4843 δυνάμεων.

503 4885 592 4940 85.
632 4884 938 4941 Daemones.

2177 4864 2264 4917 85.
2299 4865 2362 4916 Οἱ
2386 4865 2653 4935 δαίμονες.

504 4974 593 5028 86.
639 4975 696 5027 In
726 4974 1046 5030 servitutem
1080 4973 1406 5041 redegerunt
1438 4988 1532 5028 eos
1582 4980 1873 5044 potestates
1907 4976 2010 5026 mi-

2178 4956 2269 5009 86.
2286 4955 2763 5010 Κατεδουλὼσαντο
2784 4956 2980 5019 αὐτοὺς
3000 4956 3055 5009 αἱ
3083 4955 3175 5008 τοῦ
3198 4954 3392 5025 ἐχθροῦ
3414 4954 3690 5024 δυνάμεις.

432 5082 580 5122 111101.

503 5158 592 5212 87.
618 5157 686 5212 Ει
714 5157 986 5229 subjugati
1011 5167 1138 5214 sunt
1160 5173 1189 5212 a
1214 5158 1577 5228 potestatibus
1601 5157 2007 5211 immundorum

2179 5152 2267 5206 87.
2304 5151 2410 5205 Kal
2445 5152 2794 5222 ὑπετάγησαν
2847 5150 2952 5204 ὑπὸ
3000 5149 3097 5212 τὰς
3129 5146 3374 5213 ἐξουσίας
3406 5144 3513 5197 τῶν
3553 5145 3691 5197 ἀκα-

432 5253 748 5323 Spirituum.
944 5262 959 5269 ‘

2109 5246 2323 5318 θάρτων
2347 5246 2688 5316 πνευμάτων.

1394 5452 1699 5517 Addenda
1741 5456 1801 5514 et
1832 5448 2207 5529 corrigenda
2242 5463 2320 5508 ex
2359 5446 2497 5508 cod.
2532 5443 2735 5505 Vatic.

507 5644 582 5711 (1)
608 5645 825 5707 Αὑταῖς.

2192 5631 2366 5711 ςξὸ)
2404 5631 2491 5685 79.
2539 5629 2663 5695 Καί,
2686 5637 2799 5711 etc.
2829 5626 3124 5711 ἁμαρτίαις
3158 5625 3355 5681 αὐτῶν.
3392 5620 3456 5679 Ν.
3491 5618 3582 5689 80,
3598 5617 3692 5677 81.

507 5645 553 5711 (ί
608 5645 825 5707 Αὖταῖς.
2199 5645 2277 5701 (ὃ)
2304 5645 2366 5686 LV.
2405 5645 2491 5685 '19.
2540 5645 2663 5695 nat,
2693 5645 2799 5683 etc.
2829 5645 3093 5707 αμαρτιίιι

504 5645 582 5786 (2;
609 5713 933 5784 Προσκυνῶν
961 5711 1207 5783 ἀνομίαν.
2115 5701 2492 5775 Κολληθέντες,
2516 5711 2642 5768 etc.,
2675 5699 2779 5756 ἀπὸ
2812 5716 2904 5752 του
2937 5697 3093 5751 Θεου’.
