3874 6222
186 334 319 387 mi
1125 320 1212 375 me:
1251 318 1527 377 rrruus
1562 316 2017 374 PSALMORUM.
2053 345 2125 358 -
2161 316 2359 373 PSAL.
2405 313 2544 371 Cvr.
3318 316 3462 373 “22

248 431 337 489 88.
370 431 664 496 Πλεονάκις
699 430 968 503 ὲρῤὐσατο
996 431 1213 495 αὐτούς·

1138 431 1213 495 5.;-
1800 438 1846 493 Α
1945 428 2034 485 88.
2065 428 2217 499 εαξρο
2250 429 2500 484 liberavit
2526 442 2622 483 eos
2654 471 2668 482 .

249 524 338 579 89.
400 524 566 577 Αὐτοὶ
610 524 670 576 δὲ
718 523 1138 594 παρεπίκραναν
1184 525 1347 578 αὐτὸν
1400 540 1457 577 εν
1487 541 1555 595 τῃ
1607 525 1770 593 βουλῇ

1949 521 2035 576 89.
2070 520 2178 592 Ipsi
2228 530 2410 576 autem
2462 520 2928 576 exacerbaverunt
2967 535 3092 577 eum
3138 521 3198 576 in
3227 520 3464 578 consilio

184 616 357 678 ιύτῶν
373 636 387 648 ’

1878 628 1980 671 SUO
2006 631 2018 668 ε

249 710 340 765 90.
369 708 474 762 Kal
498 705 943 777 ἐταπεινώθησαν
974 707 1032 760 ὲν
1059 708 1179 770 ταῖς
1206 707 1461 777 ἀνομίαις
1494 705 1703 759 αὐτῶν.

1949 706 2039 760 90.
2070 702 2137 759 Et
2161 704 2431 759 humiliati
2466 713 2595 760 sunt
2621 706 2677 759 in
2712 704 3095 776 iniquitatibus
3121 705 3260 762 suis.

251 804 342 860 91.
369 788 477 857 Kal
494 798 603 856 εἶδε
633 801 837 873 Κύριος
862 803 919 853 ὲν
948 798 1024 868 τῷ
1057 798 1336 852 θλίϐεσθαι
1382 798 1599 861 αὐτούς’

1949 799 2039 855 91.
2070 799 2133 853 Et
2167 799 2297 853 vidit
2330 798 2610 862 Dominus,
2639 814 2764 854 cum
2796 801 2897 869 ipsi
2928 800 3359 856 tribularentur:

252 896 345 953 92.
384 897 472 950 Ἐν
498 895 574 966 τῷ
612 894 773 947 αὐτὸν
805 893 1121 948 εἰσακοῦσαι
1150 893 1251 961 τῆς
1272 893 1509 963 δεήσεως
1533 891 1735 945 αὐτῶν.

1416 909 1509 956 εως
1533 891 1735 945 αὐτῶν.
1948 893 2037 947 9‘2.
2068 892 2133 947 Et
2171 893 2376 948 audivit
2404 894 2707 948 orationem
2736 908 2946 947 eorum.

254 989 343 1045 93.
380 987 484 1041 Kal
512 986 757 1059 ἐμνήσθη
782 986 882 1056 τῆς
910 985 1177 1056 διαθήκης
1210 984 1399 1037 αὐτοῦ’

1950 987 2040 1041 95.
2078 986 2145 1040 Et
2176 1001 2386 1040 memor
2412 983 2517 1039 fuit
2546 986 2855 1039 testamenti
2883 986 2967 1039 sui
2995 1004 3009 1039 :

254 1081 345 1137 94.
381 1079 487 1134 Kal
510 1078 852 1151 μετεμελήθη
884 1077 1026 1132 κατὰ
1066 1078 1127 1130 τὸ
1178 1076 1384 1147 πλῆθος
1430 1075 1524 1129 τοῦ
1585 1075 1769 1139 ἐλέους

1948 1077 2038 1133 94.
2096 1076 2162 1131 Ει
2206 1076 2463 1147 paenituit
2520 1092 2646 1131 eum
2702 1077 3003 1131 secundum
3052 1075 3458 1133 multitudinem

184 1173 375 1230 αὐτοῦ.

1878 1170 2270 1225 misericordia:
2304 1185 2436 1225 suae.

254 1267 345 1323 95.
378 1265 483 1321 Kal
510 1264 709 1319 ἔδωκεν
736 1262 934 1326 αὐτοὺς
954 1263 1035 1326 είς
1067 1262 1406 1335 οίκτιρμούς,

1946 1260 2037 1314 95.
2073 1258 2138 1313 Et
2169 1260 2317 1314 dedit
2347 1274 2441 1315 eos
2471 1260 2526 1313 in
2559 1259 2985 1325 misericordias,

256 1360 346 1416 96.
410 1358 681 1413 Ἐναντίον
744 1356 961 1410 πάντων
1031 1353 1141 1409 τῶν
1210 1354 1772 1426 αἰχμαλωτευσάντων

1950 1350 2041 1408 96.
2070 1350 2130 1406 1n
2165 1363 2463 1422 conspectu
2494 1352 2763 1418 omnium,
2798 1354 2894 1424 qui
2923 1363 3175 1423 ceperant
3199 1371 3319 1413 eos.

184 1452 405 1515 αὐτούς.

256 1545 348 1601 97.
374 1545 554 1597 Σῶσον
581 1542 748 1615 ἡμᾶς,
778 1539 945 1611 Κύριε
973 1541 1001 1592 6
1032 1539 1163 1602 Θεὸς
1187 1540 1342 1612 ἡμῶν
1377 1557 1394 1570 ο

1952 1531 2041 1586 97.
2077 1530 2269 1587 Salvos
2294 1548 2394 1587 nos
2423 1532 2530 1597 fac,
2566 1532 2799 1589 Domine
2833 1533 2978 1589 Deus
3008 1543 3228 1592 noster:

260 1641 351 1696 98.
389 1640 499 1692 Καὶ
531 1636 902 1705 ὲπισυνάγαγε
937 1636 1085 1706 ἡμᾶς
1106 1636 1170 1687 ὲκ
1206 1634 1312 1687 τῶν
1345 1633 1517 1686 ἐθνῶν
1541 1650 1556 1663 ·

1541 1650 1556 1663 -
1947 1625 2038 1679 98.
2071 1625 2138 1679 Et
2165 1640 2433 1695 congrega
2460 1641 2563 1681 nos
2592 1626 2660 1681 de
2694 1627 3007 1683 nationibus
3032 1645 3050 1683 :

261 1734 349 1790 99.
377 1732 483 1786 Τοῦ
503 1728 999 1801 ἐξομολογήσασθαι
1026 1727 1105 1798 τῷ
1131 1726 1353 1798 ὀνόματί
1382 1742 1473 1779 σου
1504 1724 1582 1795 τῷ
1603 1723 1767 1796 ἀγίῳο

1618 1723 1767 1796 ιγίφο
1949 1717 2039 1772 99.
2072 1715 2143 1770 Ut
2167 1716 2524 1771 conﬁteantur
2549 1717 2757 1772 nomini
2781 1725 2973 1773 sancto
3013 1728 3148 1775 tuo:

263 1824 387 1879 100.
421 1824 527 1878 Τοῦ
553 1798 925 1893 ἐγκαυχόισθαι
953 1822 1010 1873 ὲν
1028 1823 1093 1891 τῇ
1118 1819 1321 1873 αἰνέσει
1354 1835 1468 1872 σου.

1375 1835 1468 1872 που.
1798 1798 1847 1857 Β
1943 1808 2067 1863 100.
2102 1810 2167 1863 Et
2190 1809 2485 1878 gloriemur
2508 1809 2567 1863 in
2605 1809 2765 1864 laude
2791 1820 2905 1865 tua.

262 1916 385 1971 101.
421 1915 724 1986 Εὐλογητὸς
772 1912 1026 1984 Κύριοςὸ
1057 1910 1190 1973 Θεὸς
1231 1908 1481 1980 Ἰσραήλο

1945 1904 2068 1958 101.
2091 1901 2416 1957 Benedictus
2446 1901 2709 1957 Dominus
2738 1902 2882 1958 Deus
2906 1902 3072 1958 Israel
3097 1922 3112 1959 :

260 2006 386 2062 102.
425 2006 554 2059 Ἀπὸ
575 2005 667 2058 τοῦ
690 2003 881 2067 αἰῶνος
909 2003 1004 2055 καὶ
1034 2002 1138 2062 ἕως
1160 1998 1256 2051 τοῦ
1284 1998 1502 2061 αἰῶνος.
1674 2010 1685 2023 ·

1674 2010 1685 2023 ·
1945 1995 2069 2050 102.
2102 1992 2145 2045 Α
2171 1993 2394 2058 saeculo,
2428 2001 2483 2047 et
2517 2008 2691 2063 usque
2728 1992 2780 2046 in
2811 1994 3094 2047 saeculum.

261 2097 384 2154 105.
416 2098 525 2152 Καὶ
563 2098 678 2168 ὲρεῖ
705 2096 812 2159 πᾶς
845 2095 874 2147 6
904 2093 1030 2156 λαός
1051 2112 1063 2123 ·
1096 2091 1331 2155 Γένοιτο,
1361 2089 1593 2158 γένοιτο.

1943 2087 2068 2142 105.
2102 2085 2168 2140 Et
2195 2086 2340 2141 dicet
2370 2086 2552 2141 omnis
2590 2086 2865 2155 populus:
2902 2084 3041 2153 Fiat,
3076 2088 3190 2142 liat.

582 2212 958 2279 Ἆλληλούτα.
1013 2211 1189 2263 ΨΑΛ.
1238 2209 1380 2274 PG’.

2314 2200 2568 2255 Alleluia.
2612 2199 2822 2257 PSAL.
2858 2202 2899 2258 C
2913 2201 3012 2257 VI.

257 2306 312 2363 1.
355 2303 793 2378 Ἐξομολογεῖσθε
825 2302 903 2375 τῷ
928 2302 1138 2375 Κυρίῳ,
1175 2302 1257 2355 ὄτι
1286 2297 1525 2371 χρηστός
1546 2312 1569 2330 ο

1949 2293 2000 2347 1.
2029 2292 2379 2350 Conﬁtemini
2414 2294 2669 2362 Domino,
2702 2297 2963 2367 quoniam
2990 2298 3134 2352 bono

1314 2475 1683 2533 ATHANASII
1739 2471 2327 2529 INTERPRETATIO.

258 2646 347 2703 88.
382 2646 653 2708 Πολλάκις
688 2658 1065 2715 συνεχωρησεν
1093 2637 1313 2701 αὐτούς.

1190 2637 1313 2701 τούς.
1945 2629 2037 2686 88.
2070 2630 2225 2703 Saepe
2252 2629 2582 2686 condonavit
2618 2629 2720 2685 eis.

260 2740 344 2795 89.
395 2738 557 2791 Αὐτοὶ
609 2738 666 2790 δὲ
716 2735 1065 2809 παρώργιζον
1117 2733 1279 2786 αὐτὸν
1329 2733 1387 2785 ὲν
1430 2734 1498 2802 τῇ
1551 2727 1782 2801 ἀπιστίᾳ.

1946 2720 2176 2795 89.1psi
2228 2732 2413 2778 autem
2465 2723 2819 2777 irritaverant
2868 2735 2994 2777 eum
3034 2722 3093 2779 in
3141 2724 3457 2786 inﬁdelitate

189 2833 388 2887 αὐτῶν.
1875 2827 2001 2870 ⁸³³⁸

262 2926 351 2981 90.
384 2924 489 2980 Kal
517 2921 893 2992 κατενύγησάν
916 2935 1062 2983 τινες
1091 2917 1296 2973 αὐτῶν.

1946 2911 2037 2968 90.
2075 2909 2142 2962 Et
2167 2906 2335 2976 aliqui
2363 2921 2552 2961 eorum
2582 2906 2897 2975 compuncti
2928 2916 3078 2962 sunt.

262 3018 348 3071 91.
386 3017 524 3079 Τοὺς
551 3016 627 3087 (1)
660 3012 1029 3083 λυπουμένους
1057 3009 1256 3065 αὐτῶν.

1095 3009 1256 3065 ὐτῶν.
1801 3035 1849 3097 c
2071 2999 2223 3097 Ipsos
2248 2998 2625 3097 contristatos.

261 3107 346 3161 92.
376 3106 482 3161 Καὶ
536 3106 803 3179 δεομένων
851 3102 1031 3158 αὐτῶν
1074 3101 1209 3174 πρὸς
1243 3101 1407 3156 αὐτὸν
1455 3102 1778 3176 είσήκουσεν

1954 3095 2043 3153 92.
2077 3094 2146 3148 Et
2173 3091 2589 3149 deorecantibus
2619 3088 2753 3159 ipsis
2778 3088 2952 3155 illum,
2979 3090 3256 3149 exaudivit
3285 3109 3399 3151 eos.

189 3201 257 3254 αὐ
264 3200 389 3253 τῶν.

262 3292 348 3348 93.
372 3292 478 3347 Καὶ
497 3291 763 3365 ἐμνήσθη,
799 3293 879 3345 ὅτι
933 3289 1030 3345 καὶ
1061 3290 1215 3345 αὐτοὶ
1260 3289 1485 3362 σπέρμα
1523 3289 1778 3362 ’Δὸρααμ

1954 3309 2043 3367 95.
2076 3307 2145 3364 Et
2169 3307 2490 3365 recordatus
2516 3317 2622 3376 est,
2662 3310 2809 3382 quod
2839 3320 2893 3367 et
2918 3312 3024 3383 ipsi
3069 3330 3257 3376 semen
3285 3319 3464 3379 Abra-

187 3386 317 3440 εισι.

1884 3404 2012 3460 ham
2040 3409 2190 3457 sunt.

262 3479 348 3535 94.
377 3478 482 3533 Kal
503 3478 924 3550 ἐσπλαγχνίσθη.

1955 3496 2042 3550 94.
2079 3494 2145 3550 Et
2176 3495 2435 3551 misertus
2456 3504 2559 3552 est.

261 3572 348 3628 95.
383 3572 486 3624 Kal
509 3571 707 3625 ἔδωκεν
736 3573 932 3635 αὐτοὺς
959 3570 1040 3633 είς
1076 3568 1369 3639 ἐπίγνωσιν
1393 3569 1575 3633 ἐλέους
1602 3571 1700 3639 (2).

1954 3588 2045 3643 95.
2077 3587 2144 3641 Et
2170 3588 2318 3642 dedit
2344 3603 2441 3643 eos
2472 3589 2529 3642 in
2561 3588 2927 3661 cognitionem
2962 3594 3368 3655 misericordia.

262 3666 347 3720 96.
380 3664 484 3717 Kal
521 3663 893 3717 ἐναντιοῦσθαι
945 3665 1060 3727 τοῖς
1088 3662 1307 3734 δαίμοσι
1357 3666 1468 3725 τοῖς
1496 3662 1778 3733 αἰχμαλω-

1954 3678 2043 3735 96.
2076 3677 2136 3731 Et
2171 3693 2476 3748 repugnare
2507 3678 2847 3736 daemonibus
2874 3663 3245 3755 redigentibus
3278 3705 3373 3747 eos
3402 3693 3458 3748 in

184 3759 442 3814 τεύσασιν
474 3757 690 3820 αὐτούς.

1883 3771 2273 3841 captivitatem.

259 3851 347 3906 97.
376 3850 479 3905 Kal
504 3850 599 3903 τοῦ
634 3849 758 3920 βοᾷν
787 3848 922 3921 πρὸς
948 3846 1109 3902 αὐτὸν
1137 3846 1224 3900 διὰ
1249 3846 1342 3900 τοῦ
1376 3845 1771 3919 βαπτίσματοςο

1953 3864 2043 3918 97.
2079 3861 2146 3917 Et
2172 3862 2413 3917 clamare
2448 3861 2517 3917 ad
2546 3877 2673 3918 eum
2706 3878 2803 3933 per
2826 3864 3159 3936 baptismum
3188 3886 3204 3924 :
3231 3869 3461 3929 Domine

184 3941 354 4013 Κύριε
378 3945 406 3996 6
434 3943 565 4007 Θεὸς
596 3942 771 4014 ήμῶν.

734 3961 771 3996 νο
1881 3950 2028 4008 Deus
2060 3960 2264 4006 noster.

257 4035 344 4091 98.
391 4037 485 4088 Ἐκ
517 4034 592 4105 (ὅ)
627 4034 732 4088 τῶν
765 4035 1022 4088 ἐναντίων
1052 4033 1358 4105 δυνάμεων.

1352 4070 1358 4087 .
1951 4045 2042 4099 98.
2074 4043 2154 4097 Ex
2180 4042 2471 4099 contrariis
2499 4045 2882 4113 potestatibus.

257 4125 344 4181 99.
380 4126 489 4188 Τὰς
512 4125 784 4196 ἁμαρτίας
810 4124 989 4195 ἡμῶν.

1951 4138 2040 4193 99.
2071 4134 2300 4192 Peccata
2331 4144 2538 4190 nostra.

258 4218 382 4273 100.
428 4218 513 4269 Ἐν
550 4218 623 4287 (4)
654 4220 766 4279 τοῖς
789 4213 1175 4288 προστάγμασι
1212 4232 1334 4270 σου.

1103 4213 1175 4268 ισι
1212 4232 1334 4270 σου.
1951 4228 2075 4284 100.
2105 4228 2160 4282 In
2191 4227 2474 4299 praeceptis
2505 4227 2633 4283 tuis.

258 4307 380 4361 101.
414 4308 717 4377 Εὐλογητὸς
748 4307 952 4377 Κύριος
979 4308 1006 4360 6
1052 4306 1186 4370 Θεὸς
1217 4306 1328 4361 τῶν
1366 4306 1619 4360 διανοιων
1653 4306 1765 4360 τῶν

1951 4320 2073 4376 101.
2109 4319 2433 4376 Benedictus
2480 4319 2749 4377 Dominus
2797 4320 2941 4378 Deus
2984 4326 3245 4382 mentium
3283 4331 3460 4386 conli-

179 4395 586 4466 ὁμολογούντων
622 4414 703 4460 σε,
727 4398 807 4449 ὅτι
843 4397 976 4460 Θεὸς
1010 4391 1081 4451 εἴ.
1114 4396 1286 4450 Τοῦτο
1314 4398 1423 4470 γὰρ
1463 4398 1704 4471 ἑρμηνεύ

1932 4413 2101 4465 ntium
2162 4418 2217 4465 te
2280 4409 2453 4465 Deum
2516 4426 2659 4466 esse.
2712 4413 2787 4467 lta
2849 4417 2996 4469 enim
3072 4416 3462 4489 interpretatur

178 4500 277 4542 cat
320 4488 555 4559 Ἰσραὴλ,
592 4488 739 4555 νοῦς
770 4487 927 4557 ὀρῶν
952 4487 1061 4542 τὸν
1093 4487 1166 4558 (5)
1196 4491 1365 4545 Θεόν.

1130 4490 1166 4558 ⁵)
1196 4491 1365 4545 Θεόν.
1877 4500 2065 4566 Israel,
2094 4518 2237 4556 mens
2269 4501 2449 4555 videns
2471 4500 2660 4556 Deum.

257 4578 380 4632 102.
434 4581 565 4633 Ἀπὸ
583 4580 676 4633 τοῦ
709 4580 902 4643 αίῶνος
933 4582 1027 4634 καὶ
1061 4584 1141 4645 είς
1168 4581 1256 4635 τὸν
1291 4581 1573 4653 μέλλοντα.

1949 4591 2075 4646 102.
2106 4591 2153 4644 Α
2180 4593 2435 4662 praesenti
2464 4594 2689 4660 saeculo,
2720 4604 2773 4650 et
2804 4595 2858 4649 in
2893 4593 3161 4653 futurum.

259 4670 383 4727 103.
412 4673 521 4726 Kal
550 4674 657 4736 πᾶς
689 4676 718 4726 6
752 4673 883 4737 λαὸς
928 4672 1037 4728 τῶν
1080 4672 1289 4727 πιστῶν
1321 4674 1505 4743 λέγει’
1550 4674 1725 4748 Ἀμὴν
1753 4713 1768 4741 ,

1946 4683 2069 4737 105.
2096 4680 2161 4738 Et
2184 4684 2472 4739 universus
2513 4685 2753 4741 ﬁdelium
2780 4688 3016 4759 populus
3043 4690 3225 4747 dicat:
3259 4692 3455 4761 Amen,

184 4764 356 4837 ἀμήν.

1878 4789 2058 4828 amen.

266 4882 332 4932 Ἦ
356 4881 686 4953 προκειμένη
714 4881 993 4955 ἐπιγραφὴ
1018 4882 1283 4954 περιέχει’
1321 4882 1703 4953 Ἀλληλούτα,
1730 4884 1865 4956 ὅπερ
1889 4885 2275 4959 ἑρμηνεύεται,
2296 4886 2605 4955 αἱνέσατε,
2630 4890 2732 4944 καὶ
2749 4889 2823 4963 (6)
2841 4892 3156 4964 ὑμνήσατε
3180 4897 3286 4952 τὸν
3308 4899 3455 4954 ὄντα

266 4974 365 5027 νόν.

190 4984 365 5029 θεόν.

258 5068 476 5124 Titulus
514 5070 836 5138 praepositus
862 5067 1106 5123 continet
1143 5084 1157 5121 :
1184 5066 1441 5134 Alleluia,
1492 5068 1638 5139 quod
1667 5068 2083 5140 interpretatur,
2135 5068 2380 5139 laudate,
2407 5079 2455 5125 et
2482 5071 2718 5128 exaltate
2760 5090 2899 5141 eum,
2925 5081 3017 5147 qui
3039 5078 3179 5135 Deus
3203 5090 3301 5136 est.

257 5183 309 5238 1..
337 5184 413 5257 (7)
435 5184 820 5257 Προσαγάγετε
848 5183 947 5248 τὰς
971 5182 1146 5255 ψυχὰς
1173 5182 1328 5255 ὑμῶν
1348 5182 1425 5255 τῷ
1457 5182 1670 5256 Κυρίῳ.

1470 5182 1670 5256 Κυρίῳ.
1951 5184 2004 5237 1.
2034 5183 2239 5239 Allerte
2269 5185 2483 5243 animas
2511 5195 2720 5244 vestras
2750 5187 3000 5246 Domino.

1137 5319 1447 5383 Addenda
1469 5328 1539 5383 'et
1573 5319 1951 5399 corrigenda
2004 5336 2084 5379 ex
2116 5318 2257 5381 cod.
2292 5319 2497 5381 Vatic.

253 5443 332 5513 (1)
360 5444 466 5500 Kal
492 5441 598 5499 εἶδε
621 5444 819 5518 Κύριος
846 5444 1003 5508 τούς,
1034 5453 1142 5499 etc.

253 5514 334 5583 (ε)
362 5517 587 5571 Ἐλθεῖν.

1930 5442 2012 5566 ἐξ)
2057 5442 2248 5504 Ἦ,διὰ
2290 5445 2391 5516 τῆς
2425 5445 2799 5518 κινναϐάρεως
2838 5448 3107 5521 περιέχει,
3140 5456 3246 5507 etc.
3291 5450 3460 5514 Deest

359 5590 474 5661 [Sal
499 5585 863 5661 επισυνάγαγε
888 5587 1035 5658 ἡμᾶς
1057 5587 1140 5650 ὲκ,
1175 5597 1284 5643 etc.

1931 5584 2009 5655 (7)
2042 5586 2109 5640 Ν.
2143 5587 2194 5643 1.
2246 5588 2664 5661 Προσαγάγετε,
2715 5604 2889 5660 usque
2924 5591 2992 5647 ad
3052 5592 3223 5645 ἐστιν.
3270 5592 3343 5650 Ν.
3384 5593 3457 5661 ,2.

250 5514 334 5797 ἕ
359 5517 863 5656 ἕέἒῖἓισυνάγαγε
888 5587 1035 5658 ἡμᾶς
1057 5587 1140 5650 ὲκ,
1175 5597 1284 5643 etc.

280 5655 335 5725 ι)
369 5659 475 5711 Τοῦ
508 5657 881 5728 ὲγκαυχᾶσθαι
913 5661 971 5712 ὲν
1026 5665 1132 5714 etc.
1565 5711 1573 5715 -

310 5735 329 5795 )
360 5729 472 5783 Τόν
495 5731 669 5786 deest.

2041 5586 2194 5714 ξιξ.
2246 5588 2664 5661 Προσαγάγετε,
2715 5604 2889 5660 usque
2924 5591 2992 5647 ad
3052 5592 3223 5645 ἐστιν.
3270 5592 3343 5650 Ν.
3384 5658 3388 5663 ,
