3874 6222
422 324 562 380 1125
1228 322 1283 378 S.
1327 320 1698 378 ATHANASII
1739 321 1893 378 OPP.
1933 320 1952 373 1

2171 315 2241 370 11.
2285 347 2353 357 -
2395 314 2813 373 EXEGETICA.
3552 319 3701 371 nu

489 442 543 495 2.
574 440 843 506 Quoniam
874 440 928 494 in
966 439 1227 494 saeculum
1265 440 1645 495 misericordia
1680 441 1823 512 ejus.

1746 456 1823 497 us.
2030 446 2076 500 Α
2175 436 2229 488 2.
2264 436 2385 487 ’Ὁτι
2413 436 2492 498 εἰς
2519 434 2609 487 τὸν
2638 434 2805 487 αἰῶνα
2831 432 2891 486 τὸ
2922 433 3071 496 ἔλεος
3092 432 3276 487 αὑτοῦ.

491 534 546 589 5.
582 532 775 587 Dicant
800 532 894 602 qui
929 530 1194 601 redempti
1220 541 1348 586 sunt
1375 548 1406 586 a
1434 532 1668 587 Domino
1696 550 1709 585 :

2178 528 2230 580 5.
2259 527 2590 580 Είπάτωσαν
2613 530 2660 580 οἱ
2688 526 3088 597 λελυτρωμένοι
3122 526 3228 577 ὑπὸ
3258 524 3466 594 Κυρίου
3495 544 3508 558 ·

491 631 544 684 4.
576 630 725 696 Quos
761 629 990 683 redemit
1016 628 1083 683 de
1117 643 1281 682 manu
1315 628 1523 681 inimici
1553 645 1565 681 :

2183 619 2236 671 4.
2268 618 2374 681 Οῦς
2396 617 2741 689 ὲλυτρώσατο
2770 621 2834 671 ἐκ
2855 616 3037 689 χειρὸς
3068 615 3264 687 ἐχθροῦ
3286 632 3299 644 ο

496 725 548 779 5.
583 723 650 777 Et
676 723 742 777 de
772 722 1092 792 regionibus
1125 721 1476 790 congregavit
1503 735 1636 775 eos:

2266 711 2375 762 Kal.
2409 711 2473 762 ὲκ
2506 708 2616 761 τῶν
2642 708 2836 779 χωρῶν
2864 708 3171 777 συνήγαγεν
3199 706 3398 771 αὐτούς
3420 722 3434 737 ⁸
3788 774 3796 787 ,

496 815 549 871 6.
606 815 652 869 Α
702 814 836 871 solis
889 823 1051 877 ortu,
1105 820 1159 868 et
1209 827 1407 867 occasu
1438 854 1453 880 ,
1502 814 1569 866 ab
1622 812 1897 881 aquilone,
1955 817 2009 863 et

2178 800 2230 854 6.
2276 799 2409 853 Ἀπὸ
2433 800 2727 864 ἀνατολῶν,
2754 800 2849 852 καὶ
2872 797 3113 869 δυσμῶν,
3147 799 3235 852 καὶ
3262 798 3454 868 βορρᾶ,
3481 797 3580 852 καὶ
3604 794 3704 853 οαρ

425 908 588 964 mari.

2108 891 2335 963 λάσσης.

497 1000 547 1056 7.
581 998 915 1054 Erraverunt
940 998 996 1051 in
1034 996 1328 1051 solitudine
1357 996 1411 1048 in
1456 996 1768 1063 inaquoso:

2182 984 2236 1038 7.
2283 981 2693 1054 Ἐπλανήθησαν
2723 985 2781 1035 ἐν
2802 984 2868 1052 τῇ
2910 983 3102 1053 ἐρήμῳ
3129 984 3188 1035 ἐν
3218 981 3463 1052 ἀνύδρῳ·

495 1090 549 1146 8.
588 1089 751 1143 Viam
786 1087 1025 1143 civitatis
1061 1086 1357 1140 habitaculi
1386 1102 1493 1139 non
1530 1086 1859 1138 invenerunt

2180 1074 2233 1129 8.
2274 1074 2421 1129 Ὀδὸν
2457 1076 2663 1138 πόλεως
2702 1074 3124 1145 κατοικητηρίου
3155 1075 3255 1146 οὐχ
3284 1068 3444 1147 εὖρον

495 1182 548 1239 9.
589 1182 922 1245 Esurientes,
960 1188 1013 1234 et
1047 1180 1334 1234 sitientes:

2180 1168 2234 1222 9.
2267 1165 2589 1231 Πεινῶντες,
2621 1167 2715 1219 καὶ
2742 1165 3005 1236 διψῶντες
3026 1183 3037 1195 ·

498 1275 585 1331 10.
611 1274 807 1329 Anima
836 1270 1095 1345 [Animas]
1120 1287 1310 1326 eorum
1340 1271 1395 1325 in
1436 1270 1571 1341 ipsis
1605 1268 1805 1325 defecit
1842 1268 2011 1339 [defe-

2184 1259 2269 1312 10.
2310 1259 2373 1309 Ἡ
2404 1257 2550 1329 ψυχὴ
2597 1257 2681 1329 [Αἱ
2710 1256 2907 1331 ψυχαὶ]
2933 1257 3111 1312 αὐτῶν
3156 1260 3215 1312 ὲν
3244 1258 3429 1322 αὐτοῖς
3475 1258 3701 1324 ἐξέλιπε

427 1367 669 1439 cerunt].

2116 1349 2131 1425 ξ
2140 1347 2431 1422 ὲξέλιπον].

505 1460 589 1513 11.
638 1457 705 1512 Et
748 1457 1122 1512 clamaverunt
1150 1455 1218 1510 ad
1266 1453 1559 1509 Dominum
1607 1468 1731 1508 cum
1785 1454 2012 1508 tribula-

2184 1444 2269 1497 H.
2294 1443 2405 1496 Kal.
2442 1440 2745 1514 ὲκέκραξαν
2772 1442 2907 1514 πρὸς
2954 1441 3157 1512 Κύριον
3199 1443 3257 1495 ἐν
3286 1441 3365 1513 τῷ
3413 1441 3703 1496 θλίϐεσθαι

427 1561 614 1604 rentur
632 1567 645 1602 ζ

2112 1535 2309 1598 αὐτούς
2331 1554 2342 1565 ·

499 1641 587 1695 12.
623 1639 689 1695 Ει
719 1638 787 1693 de
817 1638 1239 1695 necessitatibus
1268 1650 1459 1690 eorum
1488 1636 1689 1707 eripuit
1716 1650 1832 1691 eos.

2184 1625 2269 1678 12.
2300 1628 2407 1678 Καὶ
2438 1628 2501 1680 ὲκ
2530 1626 2638 1679 τῶν
2679 1626 2935 1691 ἀναγκῶν
2964 1626 3143 1677 αὐτῶν
3167 1624 3440 1694 ἐρρύσατο
3473 1623 3699 1687 αὐτούς.

501 1733 589 1785 15.
621 1731 686 1784 Ει
718 1731 941 1785 deduxit
966 1746 1060 1785 eos
1088 1731 1141 1783 in
1169 1729 1313 1782 viam
1340 1738 1567 1793 rectam,

2045 1789 2075 1793 _
2183 1719 2270 1772 1⁸5.
2302 1721 2409 1772 Καὶ
2435 1720 2715 1790 ὡδήγησεν
2743 1718 2939 1781 αὐτοὺς
2970 1719 3049 1780 εἰς
3079 1717 3196 1771 ὁδὸν
3223 1716 3444 1769 εὐθεῖαν
3466 1756 3482 1778 ,

500 1824 587 1878 M.
632 1822 705 1877 Ut
735 1825 875 1877 irent
906 1823 958 1876 in
990 1823 1265 1876 civitatem
1296 1820 1671 1875 habitationis.

2183 1811 2268 1863 M.
2303 1811 2409 1864 Τοῦ
2441 1789 2771 1882 πορευθῆναι
2794 1813 2873 1873 εὶς
2906 1810 3059 1862 πόλιν
3089 1810 3541 1880 κατοικητηρίου.

502 1917 591 1970 15.
625 1914 1000 1969 Conﬁteantur
1031 1913 1263 1967 Domino
1294 1912 1682 1966 misericordia:
1715 1910 1851 1981 ejus,

2183 1904 2269 1957 15.
2319 1904 2932 1974 Ἐξομολογησάσθωσαν
2951 1903 3029 1973 τῷ
3052 1904 3238 1975 Κυρίῳ
3258 1903 3326 1956 τὰ
3345 1903 3471 1974 ὲλέη
3498 1903 3693 1967 αὑτοῦ,

502 2005 589 2059 16.
625 2004 691 2058 Et
721 2003 993 2058 mirabilia
1022 2002 1141 2073 ejus
1172 2002 1299 2055 [iliis
1330 2003 1633 2055 hominum.

2178 1993 2262 2047 16.
2302 1995 2411 2048 Καὶ
2435 1996 2505 2049 τὰ
2532 1994 2815 2065 θαυμάσια
2837 1996 3001 2049 αὑτοῦ
3026 1993 3142 2059 ’τοῖς
3169 1998 3304 2059 υἱοῖς
3332 1996 3442 2048 τῶν
3479 1994 3702 2067 ἀνθρώ-

2111 2102 2250 2139 πων.

504 2179 587 2233 17.
621 2176 757 2244 Quia
785 2176 1007 2232 satiavit
1033 2176 1273 2233 animam
1308 2175 1525 2230 inanem
1558 2199 1569 2231 :

2175 2177 2263 2231 17.
2302 2179 2423 2231 Ὅτι
2452 2179 2714 2251 ἐχόρτασε
2754 2179 2932 2251 ψυχὴν
2966 2184 3126 2252 κενήν
3148 2197 3160 2211 ·

501 2269 590 2323 18.
620 2268 686 2322 Ει
719 2266 957 2320 animam
988 2264 1315 2321 esurientem
1349 2265 1569 2319 satiavit
1600 2266 1779 2321 bonis.

2184 2267 2268 2324 18,
2298 2270 2406 2324 Καὶ
2427 2270 2603 2343 ψυχὴν
2629 2271 2900 2327 πεινῶσαν
2926 2273 3222 2342 ἐνέπλησεν
3248 2272 3492 2343 ἀγαθῶν.

1557 2451 1943 2511 ΔἸῊΑΝΑΞΙῘ
1979 2452 2566 2510 ΙΝΤΕΒΡΒΕΤΑΤΙΟ.

504 2647 555 2668 υ.
596 2613 865 2682 Quoniam
903 2613 1083 2668 bonus
1117 2622 1224 2679 est,
1252 2612 1516 2684 quoniam
1548 2612 1761 2668 inﬁnita
1796 2621 1879 2668 est
1911 2612 2016 2667 mi-

2180 2611 2236 2664 2.
2273 2612 2394 2663 Ὅτι
2418 2610 2621 2681 ἀγαθός
2649 2613 2818 2675 ἐστιν,
2849 2612 2931 2664 ὅτι
2962 2611 3318 2683 ἀτελεύτητον
3343 2613 3407 2667 τὸ
3430 2614 3582 2680 ἕλεος
3602 2617 3703 2672 αῦ-

426 2706 733 2765 6θινίυοῐιιὶιι
762 2707 903 2776 ejus.

694 2709 733 2761 ia
762 2707 903 2776 ejus.
2110 2706 2224 2758 τοῦ.

503 2798 555 2852 3.
611 2796 803 2853 Dicant
858 2795 1074 2852 liberati
1140 2810 1170 2849 a
1229 2795 1461 2851 Domino
1512 2811 1610 2867 per
1658 2796 2014 2866 baptismum,

2181 2796 2234 2850 5.
2261 2795 2584 2848 Είπὰτωσαν
2617 2800 2665 2850 οἱ
2690 2797 3083 2868 λελυτρωμένοι
3123 2797 3227 2850 ὑπὸ
3256 2799 3461 2868 Κυρίου
3493 2798 3572 2870 τῷ
3606 2800 3706 2870 βαι-

432 2889 691 2958 quoniam
742 2891 965 2955 bonus,
1013 2896 1073 2944 et
1124 2888 1445 2945 indeﬁciens
1490 2898 1577 2944 est
1636 2889 1959 2945 misericord

2174 2887 2494 2958 τίσματι,ὅτι
2518 2888 2741 2958 ἀγαθὸς,
2765 2889 2858 2943 καὶ
2884 2888 2944 2941 τὸ
2974 2888 3120 2952 ἔλεος
3140 2888 3305 2942 αὐτοῦ
3350 2888 3704 2944 ἀδιάλειπιόν

428 2980 575 3049 ejus.

2042 3015 2086 3075 c
2117 2982 2231 3075 έσῗι
2267 2981 2362 3075 (Pi

504 3071 557 3125 ι.
601 3070 833 3127 Diaboli.

2048 3070 2085 3075 ⁷
2185 3071 2240 3127 4.
2278 3073 2382 3127 Τοῦ
2412 3072 2686 3128 διαϐόλου.

507 3160 558 3213 5.
585 3158 651 3214 Ει
684 3158 936 3214 circuivit
962 3156 1123 3214 Jesus
1149 3157 1313 3213 urbes
1345 3167 1399 3213 et
1428 3158 1679 3228 regiones
1708 3158 2014 3228 praedicans

2186 3165 2238 3221 5.
2274 3166 2383 3218 Kal.
2410 3169 2672 3237 περιῆγεν
2707 3166 2736 3219 ὁ
2773 3164 2850 3238 (2)
2894 3164 3101 3236 Ἰησοῦς
3121 3166 3222 3229 τὰς
3249 3166 3453 3231 πόλεις,
3482 3167 3582 3222 καὶ
3602 3168 3706 3235 τὰς

432 3260 662 3316 regnum
703 3245 832 3309 Dei,
869 3254 924 3300 et
961 3262 1163 3303 sanans
1216 3261 1435 3301 omnem
1492 3247 1747 3303 morbum
1812 3259 1866 3303 et
1896 3263 1962 3305 on

2177 3257 2297 3329 ipa;
2334 3257 2626 3328 κηρύσσων
2655 3258 2752 3329 τὴν
2787 3257 3069 3327 βασιλείαν
3097 3258 3193 3312 τοῦ
3222 3258 3380 3323 Θεοῦ,
3409 3260 3505 3312 καὶ
3536 3260 3707 3332 ἰώμε-

437 3350 559 3388 nem
593 3334 988 3389 inﬁrmitatem.

2114 3368 2202 3415 νος
2224 3352 2402 3403 πᾶσαν
2433 3350 2609 3413 νόσον,
2637 3350 2732 3402 καὶ
2766 3352 2946 3403 πᾶσαν
2981 3349 3272 3420 μαλακίαν.

507 3421 558 3475 6ο
592 3423 636 3475 Α
667 3423 870 3493 ρορυιο
895 3422 1232 3489 Ῐυάἓεοΐυῐη,
1258 3432 1313 3479 et
1339 3425 1603 3499 gentium.
2184 3439 2236 3493 6.
2284 3440 2416 3491 Ἀπὸ
2442 3438 2536 3491 τοῦ
2566 3438 2694 3490 λαοῦ
2724 3437 2831 3490 τῶν
2870 3438 3141 3491 Ἰουδαίων
3174 3439 3269 3493 καὶ
3300 3439 3410 3491 τῶν
3442 3438 3642 3495 ἐθνῶν.

510 3515 560 3571 7.
596 3514 929 3570 Erraverunt
963 3517 1017 3569 in
1066 3517 1271 3571 mundo
1310 3517 1365 3572 in
1402 3518 1731 3586 idololatria,
1762 3529 1817 3575 et
1863 3521 2013 3578 omni

2184 3531 2237 3583 7.
2274 3529 2685 3602 Ἐπλανήθησαν
2714 3532 2777 3582 ὲν
2799 3529 2877 3600 τῷ
2899 3530 3089 3601 κόσμῳ
3110 3532 3168 3583 ὲν
3194 3534 3259 3604 τῇ
3284 3531 3706 3605 είδολωλατρείᾳ

438 3606 1055 3662 δοιίοηθι-ἰηΐιθυοιίΐθιέ.
2114 3623 2208 3677 καὶ
2242 3622 2391 3697 πάσῃ
2422 3620 2618 3693 πράξει
2645 3622 2901 3693 ἀκάρπῳ.

506 3700 560 3755 8.
587 3700 923 3769 Praeceptum
961 3701 1199 3755 caelestis
1246 3703 1484 3758 civitatis
1522 3720 1631 3758 non
1666 3706 2008 3761 invenerunt.

2184 3713 2236 3767 8.
2272 3712 2349 3782 (3)
2402 3713 2647 3784 Ἐντολὴν
2680 3714 2777 3784 τῆς
2797 3713 3123 3783 ἐπουρανίου
3149 3714 3356 3779 πόλεως
3378 3715 3480 3787 οὐχ
3507 3709 3702 3788 εὗρον.

505 3791 559 3845 9.
589 3789 660 3844 Ut
691 3790 1130 3845 refocillarentur
1156 3806 1345 3847 eorum
1373 3795 1588 3849 animae.
1630 3866 1647 3877 _

2181 3807 2235 3863 9.
2268 3806 2385 3860 Ἵνα
2418 3805 2835 3858 ἀναπαύσωνται
2874 3808 2932 3860 αἱ
2955 3806 3124 3877 ψυχαὶ
3148 3807 3345 3861 αὐτῶν.

506 3878 592 3933 111.
616 3879 1042 3945 Exarserunt,et
1071 3892 1413 3952 consumpta:
1435 3895 1562 3939 sunt
1593 3866 1785 3939 eorum
1817 3886 2012 3947 anima:

2185 3895 2270 3949 10.
2313 3896 2668 3962 Ἐξεκαίοντο,
2699 3897 2793 3950 καὶ
2815 3866 3178 3969 κατετήίιὶοντο
3203 3902 3255 3952 αἱ
3299 3900 3469 3971 ψυχαὶ
3513 3901 3704 3956 αὐτῶν

436 3990 466 4028 a
498 3983 745 4045 peccato.

2113 3989 2220 4043 ἀπὸ
2246 3990 2343 4058 τῆς
2368 3989 2661 4059 ἁμαρτίας.

511 4067 594 4120 ll.
628 4065 695 4120 Et
717 4067 1092 4125 clamaverunt
1121 4070 1188 4125 ad
1219 4068 1391 4125 Deum
1442 4086 1566 4126 cum
1595 4073 2013 4144 possiderentur

2186 4079 2273 4134 11.
2326 4080 2437 4132 Καὶ
2482 4079 2716 4149 ἐϐόησαν
2756 4081 2895 4153 πρὸς
2940 4082 3030 4135 τὸν
3073 4082 3225 4146 Θεὸν,
3272 4084 3352 4137 ὅτι
3398 4084 3703 4139 κατεδυνα-

435 4172 466 4210 a
504 4170 747 4226 peccato.

2115 4170 2367 4226 στεύοντο
2395 4172 2499 4225 ὑπὸ
2526 4175 2623 4244 τῆς
2652 4176 2950 4247 ἁμαρτίας.

508 4246 594 4298 12.
633 4245 705 4300 De
732 4246 1061 4303 adversariis
1092 4249 1478 4318 potestatibus.

2185 4262 2273 4315 12.
2314 4263 2408 4315 Ἐκ
2429 4264 2503 4333 (4)
2533 4266 2639 4318 τῶν
2666 4267 2923 4322 ἐναντίων
2956 4269 3260 4340 δυνάμεων.

513 4338 592 4392 15.
624 4335 682 4391 In
713 4337 872 4393 ﬁdem
898 4340 1143 4394 veritatis
1176 4355 1311 4396 suae.

2042 4351 2088 4409 D
2187 4353 2274 4408 15.
2310 4354 2403 4415 Εἰς
2430 4355 2527 4425 τὴν
2555 4356 2736 4409 πίστιν
2769 4358 2868 4429 τῆς
2894 4359 3150 4430 ἀληθείας
3175 4359 3362 4413 αὑτοῦ.

505 4430 591 4486 14.
618 4428 690 4485 Ut
722 4432 1030 4487 invenirent
1060 4434 1301 4503 requiem
1330 4435 1383 4488 in
1416 4450 1649 4506 superna
1683 4435 2010 4495 Jerusalem.

2190 4444 2277 4500 M.
2314 4445 2420 4498 Τοῦ
2454 4449 2632 4519 εὑρεῖν
2656 4449 2853 4514 αὐτοὺς
2880 4428 3184 4505 ἀνάπαυσιν
3213 4454 3279 4522 τῇ
3316 4451 3392 4523 (5)
3429 4450 3544 4505 ἄνω
3596 4451 3700 4507 ἰε-

2119 4552 2213 4607 ρου
2222 4534 2353 4606 σαλή
2364 4553 2422 4606 μ.

508 4611 593 4665 15.
626 4608 939 4666 Narrabunt
964 4612 1219 4669 omnibus
1244 4614 1645 4672 misericordias
1676 4618 1818 4687 ejus.

1771 4635 1818 4674 s.
2188 4626 2275 4680 15.
2307 4629 2667 4700 Διηγήσονται
2705 4632 2840 4685 πᾶσι
2867 4631 2936 4685 τά
2968 4632 3089 4704 ὲλέη
3112 4632 3298 4686 αὐτοῦ.

506 4702 595 4757 16.
622 4701 949 4758 lmmensam
988 4703 1110 4775 ejus
1140 4706 1437 4762 bonitatem
1472 4707 1598 4764 ﬁliis
1628 4710 1933 4765 hominum.

2188 4718 2273 4772 16.
2306 4721 2415 4773 Καὶ
2443 4721 2540 4794 τὴν
2564 4722 2873 4795 ἀμέτρητον
2910 4701 3089 4776 αὐτοῦ-
3110 4724 3422 4795 ἀγαθότητα
3453 4725 3567 4788 τοῖς

2115 4811 2249 4874 υἱοῖς
2271 4811 2379 4865 τῶν
2409 4813 2504 4867 ἀνθ
2513 4813 2733 4885 ρώπων.

504 4889 591 4946 17.
622 4888 729 4957 Qui
759 4889 1086 4948 confortavit
1107 4907 1325 4949 omnem
1352 4894 1591 4951 animam
1630 4898 1923 4955 inﬁrmam.

2180 4902 2266 4957 17.
2308 4904 2429 4958 Ὅτι
2451 4908 2632 4960 πᾶσαν
2662 4907 2840 4979 ψυχὴν
2866 4906 3067 4978 ἀσθενῆ
3098 4907 3175 4979 (7)
3198 4906 3638 4978 ἐνεδυνάμωσεν.

507 4982 595 5039 18.
624 4982 690 5038 Ει
714 4984 958 5054 implevit
980 4983 1141 5040 donis
1173 4983 1412 5056 Spiritus
1440 4989 1524 5044 sui
1552 4990 1701 5045 boni.

2183 4994 2267 5048 18.
2296 4997 2402 5048 Καὶ
2432 4997 2693 5066 ἐνέπλησε
2726 4999 2837 5053 τῶν
2863 4999 3217 5070 χαρισμάτων
3244 4997 3341 5055 τοῦ
3367 4998 3692 5064 Πνεύματος

2113 5086 2275 5139 αὑτοῦ
2304 5087 2396 5140 τοῦ
2425 5089 2655 5157 ἀγαθοῦ.

1379 5253 1685 5318 Addenda
1716 5264 1776 5318 et
1820 5260 2198 5341 corrigenda
2246 5280 2325 5326 ex
2356 5266 2496 5327 cod.
2533 5266 2733 5328 Vatic.

509 5416 589 5501 (1)
632 5416 724 5469 Ἐν
746 5415 822 5487 τῷ
853 5415 1189 5489 βαπτίσματι
1222 5418 1328 5475 ὑπὸ
1352 5420 1582 5493 Κυρίου,
1618 5435 1747 5491 etc.,
1777 5426 2002 5481 διαπαν-

1061 5435 1189 5489 ματι
1222 5418 1328 5475 ὑπὸ
1352 5420 1582 5493 Κυρίου,
1618 5435 1747 5491 etc.,
1777 5426 2002 5481 διαπαν-
2182 5431 2255 5501 (4)
2300 5434 2399 5486 Ἐκ
2423 5434 2591 5488 deest.

428 5485 926 5574 coctaecgtvurtﬂ‘
1018 5485 1071 5574 .’
1129 5569 1140 5574 _
1444 5485 1455 5493 ’
1570 5485 1574 5487 Ἴ
1733 5485 1742 5491 ’
2300 5485 2387 5574 Ἑν
2421 5485 2508 5574 τῇ.

526 5555 1056 5639 ἓὶὲερξῆγξηγάρ.‹ξς
1092 5569 1195 5614 θιε·
1378 5631 1387 5639 .
1470 5632 1561 5639 ._
1674 5635 1721 5639 __
1782 5635 1800 5639 _

1378 5631 1387 5639 .
1470 5633 1481 5639 -
1538 5632 1561 5639 _
1674 5635 1721 5639 __
1782 5635 1800 5639 _
2296 5555 2835 5637 T07¢.'etc.,desunt.

528 5626 583 5712 ξ)
607 5625 1075 5712 ΙξίςθίΑἙντολήν
1121 5646 1293 5701 usque
1324 5631 1389 5686 ad
1424 5632 1623 5687 αὐτῶν.
1674 5635 1741 5690 Ν.
1774 5635 1827 5690 9.
1879 5639 1997 5703 Ἔξ-

1141 5646 1293 5701 Isque
1324 5631 1389 5686 ad
1424 5632 1623 5687 αὖτῶν.
1674 5635 1741 5690 Ν.
1774 5635 1827 5690 9.
1879 5639 1997 5703 Ἔξ-
2299 5625 2671 5711 Ἇσθενοῦσαν.

433 5695 699 5759 σκαίοντο,
730 5705 834 5750 etc.
