3874 6222
191 320 337 376 1125
1097 315 1184 370 DE
1221 314 1500 370 TlTllLlS
1539 311 1993 369 PSALMORUM.
2032 342 2101 354 -—-
2137 310 2344 367 PSAL.
2377 311 2512 368 CVI.
3311 315 3443 370 H26

264 429 351 483 i9.
388 428 746 497 Καθημένους
783 426 839 478 ἐν
862 440 1048 478 «σκοτει
1075 428 1169 480 καὶ
1194 428 1320 496 σκιᾷ
1348 426 1601 491 Θανάτου,
1789 475 1794 485 ,

1789 431 1834 485 Α
1935 426 2019 480 l9.
2052 424 2311 480 Sedentes
2345 425 2398 479 in
2430 423 2669 481 tenebris
2702 432 2755 477 et
2787 423 2980 478 umbra
3016 423 3225 489 mortis,

256 519 351 573 20.
385 517 802 587 Πεπεδημένους
834 519 892 569 ἐν
924 517 1167 586 πτωχείᾳ
1196 518 1288 569 καὶ
1328 518 1553 588 σιδήρῳ.

1499 537 1553 588 ῳ.
1941 516 2031 572 20.
2076 517 2297 571 Vinctos
2325 518 2379 570 in
2416 516 2758 572 mendicitate
2785 523 2839 569 et
2864 513 3029 569 ferro.

264 611 354 663 21.
382 610 504 662 Ὅτι
534 607 950 680 παρεπίκραναν
990 609 1057 661 τὰ
1088 609 1245 676 λόγια
1272 608 1364 661 τοῦ
1405 611 1539 665 Θεοῦ
1563 628 1574 639 ·

1572 629 1574 638 ι
1942 607 2002 659 21
2019 649 2031 661 .
2058 607 2195 671 Quia
2227 608 2692 661 exacerbaverunt
2714 606 2930 675 eloquia
2966 605 3062 661 Dei
3089 625 3102 661 :

260 701 352 754 22.
380 700 489 752 Καὶ
524 699 846 780 τὴνοβουλὴν
876 699 965 752 τοῦ
1004 700 1256 769 Ὑψίστου
1284 702 1628 771 παρώξυναν.

1598 721 1628 757 ν.
1939 698 2027 751 22.
2062 697 2127 751 Et
2152 700 2437 754 consilium
2464 699 2729 754 Altissimi
2756 698 3128 753 irritaverunt.

256 790 348 843 25.
380 791 490 842 Καὶ
520 788 857 858 ἐταπεινώθη
879 791 938 842 ἐν
960 789 1146 853 κόποις
1178 793 1209 860 ή
1245 791 1440 863 καρδία
1467 794 1649 847 αὐτῶν
1672 808 1686 822 °

1940 789 2027 842 25.
2066 787 2132 842 Et
2179 789 2525 844 bumiliatum
2558 802 2642 845 est
2675 791 2730 843 in
2773 789 3055 844 laboribus
3082 805 3178 846 eor
3209 788 3436 863 [anima]

1870 893 2110 933 θονυηιι

260 970 349 1023 24.
399 969 753 1038 Ἦσθένησαν,
786 970 877 1021 καὶ
899 969 997 1022 οὐκ
1027 964 1095 1039 ἦν
1126 971 1154 1021 ὁ
1178 970 1404 1040 βοηθῶν.

1940 972 2029 1025 24.
2062 971 2321 1027 lnlirmati
2355 983 2503 1041 sunt,
2533 990 2633 1029 nec
2658 985 2776 1031 erat
2812 977 2907 1046 qui
2944 975 3242 1045 adjuvaret.

261 1062 353 1117 25.
384 1062 494 1116 Kal
525 1060 826 1125 ἐκέκραξαν
862 1062 997 1131 πρὸς
1036 1060 1241 1131 Κύριον
1286 1064 1343 1115 ἐν
1375 1062 1454 1133 τῷ
1484 1063 1769 1133 θλίϐεσθαι

1938 1064 2027 1119 25.
2077 1063 2143 1119 Ει
2192 1065 2563 1121 clamaverunt
2606 1067 2674 1121 ad
2708 1067 2995 1123 Dominum
3044 1084 3170 1124 cum
3211 1069 3438 1122 tribuia-

192 1154 395 1216 αὐτούς
414 1169 428 1183 '

1869 1170 2055 1213 rentur
2082 1180 2094 1215 :

262 1243 352 1298 26.
382 1244 489 1296 Kal
523 1245 586 1296 ἐκ
611 1240 715 1294 τῶν
744 1240 997 1310 ἀναγκῶν
1025 1241 1204 1295 αὐτῶν
1232 1240 1437 1297 ἔσωσεν
1468 1242 1685 1307 αὐτούς.

1938 1250 2030 1306 26.
2056 1251 2121 1306 Et
2142 1252 2210 1307 de
2236 1254 2647 1311 necessitatibus
2671 1270 2861 1311 eorum
2885 1257 3111 1313 salvavit
3132 1256 3431 1329 .[liberavit]

1867 1355 2012 1396 608..

262 1416 354 1469 27.
389 1418 498 1470 Kal
522 1416 786 1487 ἐξήγαγεν
813 1416 1008 1480 αὐτοὺς
1036 1418 1101 1471 ἐκ
1130 1416 1354 1483 σκότους
1375 1416 1473 1472 καὶ
1497 1418 1654 1480 σκιᾶς
1676 1416 1770 1470 θα-

1935 1433 2024 1487 27.
2062 1433 2129 1489 Ει
2158 1433 2347 1490 eduxit
2378 1450 2474 1492 eos
2511 1437 2579 1493 de
2600 1438 2845 1494 tenebris
2868 1447 2922 1493 et
2950 1439 3145 1494 umbra
3173 1439 3398 1494 mortis:

187 1510 357 1561 νάτου
376 1524 390 1537 ο

257 1601 347 1655 28.
383 1601 490 1653 Kal
523 1601 646 1662 τοὺς
671 1599 904 1672 δεσμοὺς
933 1600 1117 1657 αὐτῶν
1143 1600 1452 1672 διέρρηξεν.

1356 1601 1452 1667 ἱεν.
1937 1614 2028 1667 28.
2074 1613 2139 1669 Ει
2167 1617 2381 1672 vincula
2410 1633 2598 1673 eorum
2636 1620 2886 1690 disrupit.

261 1692 351 1745 29.
392 1692 1008 1763 Ἐξομολογησάσθωσαν
1032 1692 1108 1765 τῷ
1130 1693 1318 1765 Κυρίῳ
1342 1693 1412 1746 τὰ
1432 1692 1555 1765 ἐλὲη
1581 1691 1765 1756 αὐτοῦ,

1738 1692 1765 1756 ί,
1800 1770 1839 1783 “
1938 1704 2028 1758 29.
2057 1705 2431 1783 Qonﬁteantur
2458 1709 2690 1765 Domino
2721 1712 3104 1767 misericordiae
3128 1712 3268 1783 ejus,

265 1784 355 1837 50.
392 1784 501 1835 Kal
529 1782 598 1835 τὰ
623 1783 900 1853 θαυμάσια
930 1783 1094 1836 αὐτοῦ
1121 1786 1233 1849 τοῖς
1268 1783 1401 1846 υἱοῖς
1430 1780 1538 1836 τῶν
1560 1781 1767 1853 ἀνθρώ-

1522 1781 1767 1853 νάνθρώ-
1799 1770 1839 1825 Β
1937 1794 2006 1848 50
2058 1778 2122 1850 Et
2149 1798 2417 1853 mirabilia
2444 1800 2562 1870 ejus
2590 1800 2717 1856 ﬁliis
2746 1788 3052 1855 hominum.

188 1892 334 1929 ταον.

260 1966 348 2020 51.
382 1967 504 2019 Ὀτι
535 1964 819 2037 συνέτριψε
846 1964 1018 2027 πύλας
1044 1964 1254 2035 χαλκᾶς
1275 1978 1294 1996 ⁸

1931 1972 2020 2027 51.
2055 1973 2192 2040 Quia
2225 1978 2478 2032 contrivit
2505 1988 2691 2049 portas
2716 1995 2889 2036 aereas
2916 1998 2930 2034 :

262 2058 352 2111 52.
386 2058 497 2110 Kal
531 2056 759 2128 μοχλοὺς
783 2057 1035 2128 σιδηροῦς
1065 2055 1411 2110 συνέθλασεν.

1362 2073 1411 2110 ν.
1931 2064 2018 2117 52.
2062 2065 2127 2119 Ει
2160 2076 2341 2122 vectes
2376 2068 2579 2124 ferreos
2606 2068 2890 2140 confregit.

262 2151 354 2205 35.
393 2149 738 2203 Ἀντελάϐετο
771 2148 950 2201 αὐτῶν
977 2148 1037 2213 ἐξ
1054 2148 1174 2202 ὁδοῦ
1204 2148 1432 2219 ἀνομίας
1459 2150 1639 2203 αὐτῶν

1931 2154 2019 2209 55.
2054 2154 2302 2227 Suscepit
2332 2174 2427 2214 eos
2444 2160 2510 2214 de
2542 2161 2625 2214 via
2661 2161 2965 2230 iniquitatis
2987 2177 3174 2217 eorum
3205 2185 3216 2218 :

260 2243 349 2297 34.
382 2242 479 2295 Διά
506 2243 612 2314 γὰρ
640 2242 739 2305 τὰς
766 2242 994 2313 ἀνομίας
1020 2238 1198 2294 αὐτῶν
1218 2240 1658 2312 ἐταπεινώθησαν

1941 2242 2031 2297 54.
2068 2242 2294 2316 Propter
2328 2248 2625 2319 injustitias
2654 2241 2799 2305 enim
2827 2267 2956 2307 suas
2990 2252 3256 2307 liumiliati
3280 2262 3424 2309 sunt.

260 2335 351 2388 35.
380 2336 494 2387 Πᾶν
529 2334 723 2405 βρῶμα
747 2334 1062 2398 ἐϐδελύξατο
1098 2334 1131 2404 ἡ
1161 2332 1306 2405 ψυχὴ
1338 2332 1518 2386 αὐτῶν
1544 2350 1556 2361 ⁸

1943 2335 2031 2391 55.
2066 2336 2293 2394 Omnem
2320 2356 2501 2396 escam
2532 2341 2839 2396 abominata
2869 2351 2947 2397 est
2984 2344 3165 2397 anima
3196 2360 3383 2398 eorum
3412 2388 3424 2399 .

261 2424 349 2478 56.
379 2425 488 2477 Kal
512 2423 871 2495 ἠγγισανὲως
909 2422 1017 2476 τῶν
1046 2424 1229 2477 πυλῶν
1250 2420 1357 2476 τοῐῖ
1366 2420 1614 2479 θανάτου.

1937 2428 2026 2483 56.
2092 2429 2156 2484 Ει
2227 2435 2796 2508 appropinquaverunt
2869 2450 3041 2513 usque
3103 2436 3169 2498 ad
3240 2447 3428 2513 ponas

1870 2521 2084 2578 mortis.

1304 2646 1683 2703 ATHANASII
1724 2650 2311 2717 INTERPRETATIO.

264 2767 348 2822 l9.
397 2766 864 2838 Ἐγκεκλεισμένοι
893 2766 969 2836 (1)
1001 2768 1058 2820 ἐν
1097 2769 1164 2838 τῇ
1202 2767 1444 2840 ἁμαρτίᾳ
1477 2768 1571 2822 τοῦ
1606 2769 1764 2825 θανάσ⁸

1349 2767 1444 2840 σία
1477 2768 1571 2822 τοῦ
1606 2769 1764 2825 θανάσ-
1930 2779 2024 2835 '19.
2050 2779 2294 2837 lnclusos
2324 2782 2378 2836 in
2411 2793 2638 2853 peccato
2669 2786 2879 2841 mortis.

186 2876 307 2913 του.

259 2947 350 3001 20.
402 2948 805 3020 Ῥερημμένους
834 2946 1309 3019 [Πεπεδημένουθ]
1340 2950 1398 3002 ἐν
1424 2948 1621 3021 θλίψει.⁹
1663 2950 1759 3006 καὶ
1787 3008 1789 3029 4

1930 2950 2020 3005 20.
2050 2951 2275 3007 Fractos
2298 2951 2684 3027 [compeditos]
2719 2955 3090 3024 tribulatione,
3135 2970 3189 3011 et
3237 2956 3295 3013 d(
3311 2959 3426 3014 lore

184 3038 351 3098 ὀδύνῃ
382 3039 598 3098 ἰσχυρᾷ.

529 3039 598 3098 ›ᾷ.
1794 3038 1827 3045 “
1865 3040 2059 3098 valido.

258 3053 351 3111 υνῃ
382 3053 598 3109 ισχυρᾳ.

258 3130 351 3184 21.
388 3130 509 3182 Ὅτι
536 3129 750 3182 ἐναντία
770 3128 877 3184 τῶν
897 3129 1069 3197 λόγων
1096 3129 1186 3184 τοῦ
1214 3130 1348 3183 Θεοῦ
1400 3133 1759 3202 πεποιήκασι.

1891 3053 2060 3098 'auao.

1932 3134 2022 3187 2|.
2057 3118 2328 3199 Quoniam
2359 3137 2631 3190 contraria
2660 3135 3004 3192 sermonibus
3032 3135 3125 3191 Dei
3159 3138 3421 3193 fecerunt.

259 3221 347 3275 22.
377 3220 469 3291 Μὴ
501 3223 823 3291 ποιήσαντες
849 3220 911 3273 τὸ
936 3220 1145 3291 θέλημα
1172 3221 1358 3274 αὐτοῦ.

1931 3225 2021 3280 22.
2046 3224 2162 3280 Non
2190 3226 2453 3281 facientes
2478 3227 2814 3282 voluntatem
2854 3229 2993 3298 ejus.

258 3315 348 3368 23.
389 3312 683 3380 Ἐδουλώθη
707 3315 763 3366 ἐν
789 3313 1030 3385 ἁμαρτίᾳ
1069 3314 1143 3383 (2)
1184 3315 1217 3385 ἠ
1244 3312 1437 3382 καρδία
1461 3313 1666 3368 αὐτῶν.

1930 3317 2020 3372 25.
2053 3317 2412 3390 Subjugatum
2438 3328 2522 3373 est
2548 3319 2601 3372 in
2632 3327 2853 3389 peccato
2882 3336 2976 3375 cor
3002 3334 3216 3385 eorum,

257 3405 349 3459 24.
386 3405 449 3456 Δί
488 3403 659 3474 ψυχαὶ
697 3404 874 3457 αὐτῶν
901 3403 1225 3473 ὴσθένησαν,
1268 3403 1362 3457 καὶ
1406 3404 1578 3467 οὐδεὶς
1611 3404 1762 3474 ἴσχυε

1932 3408 2021 3462 24.
2058 3407 2126 3462 Et
2169 3410 2364 3463 animae
2414 3424 2605 3463 eorum
2653 3410 2940 3465 inﬁrmata:
2996 3420 3142 3479 sunt,
3179 3420 3233 3466 et
3267 3426 3428 3466 nemo

189 3500 455 3575 βοηθῆσαι
482 3502 688 3563 αὐτοῖς.

1862 3502 2040 3572 potuit
2068 3501 2149 3555 eis
2173 3503 2456 3556 auxiliari.

262 3593 351 3647 25.
382 3593 491 3645 Kal
522 3590 820 3662 ἐδεήθησαν
853 3591 909 3642 ἐν
943 3591 1024 3661 τῷ
1050 3588 1394 3661 κυριευεσθαι
1438 3589 1631 3654 αυτοὺς
1660 3589 1764 3643 ὑπὸ

1931 3593 2021 3647 25.
2057 3593 2123 3647 Et
2153 3593 2425 3663 deprecati
2471 3602 2618 3659 sunt,
2663 3609 2787 3649 cum
2841 3595 2897 3648 in
2933 3610 3028 3650 eos
3059 3595 3427 3652 dominaretur

188 3684 290 3755 τῆς
326 3682 620 3755 ἁμαρτίας.
1032 3732 1035 3735 ,

1032 3732 1035 3735 ,
1856 3690 2166 3751 peccatum.

261 3773 350 3827 26.
384 3773 492 3825 Kal
514 3775 582 3824 ἐκ
604 3772 711 3826 τῶν
733 3769 1057 3842 ἀκαθάρτων
1091 3768 1418 3840 πνευμάτων
1440 3767 1766 3823 ἔσωσεν-αὒ-

1706 3770 1766 3823 ὒ-
1932 3772 2020 3827 26.
2058 3772 2125 3826 Et
2142 3787 2209 3827 ex
2236 3771 2838 3842 immundis-spiritibus
2870 3773 3096 3828 salvavit
3122 3788 3236 3828 eos.

188 3886 351 4011 ἰὬέἷῖ..
389 3953 501 4027 Τῆς
526 3955 774 4020 ἐξουσίας
804 3956 899 4008 τοῦ
932 3954 1201 4009 διαϐόλου.

1149 3972 1201 4006 υ.
1742 4008 1747 4013 ,
1933 3948 2025 4002 27.
2054 3946 2133 4000 Ex
2166 3948 2367 4001 diaboli
2394 3956 2678 4017 potestate.

263 4048 353 4102 28.
385 4047 494 4100 Kal
540 4047 637 4109 τὰς
673 4044 965 4115 ἐπιθυμίας
987 4044 1085 4107 τὰς
1129 4059 1368 4114 πονηρας
1400 4058 1465 4096 εκ
1491 4058 1599 4095 των
1629 4058 1766 4114 καρ-

1936 4038 2027 4093 28.
2057 4036 2125 4094 Et
2153 4038 2369 4107 disjccit
2401 4039 2677 4108 improbas
2713 4038 3179 4108 concupiscentias
3225 4056 3291 4096 ex
3330 4056 3425 4097 eo-

188 4140 320 4193 διῶν
349 4138 526 4192 αὐτῶν
553 4136 879 4207 ἀπέρριψεν.

752 4136 879 4205 ,ψεν.
1863 4148 1984 4186 rum
2011 4132 2282 4187 cordibus.

261 4231 351 4283 29.
400 4230 768 4300 Ἀνυμνήσατε
799 4226 874 4297 (5)
903 4226 970 4279 τὰ
996 4226 1118 4295 ἐλέη
1143 4223 1237 4278 τοῦ
1270 4224 1497 4296 Κυρίου.

1461 4247 1497 4278 ο.
1933 4224 2023 4278 29.
2059 4221 2302 4278 Laudate
2328 4222 2731 4279 misericordias
2758 4222 2991 4278 Domini.

248 4320 351 4376 30.
372 4321 489 4373 ’Καὶ
513 4321 857 4391 διηγήσονται
882 4317 977 4390 τὴν
1000 4315 1306 4387 ἀμέτρητον
1356 4313 1519 4367 αὑτοῦ
1571 4314 1759 4383 φιλαν-

1934 4310 2023 4364 50.
2056 4309 2122 4364 Ει
2145 4311 2443 4366 narrabunt
2468 4312 2787 4366 immensam
2822 4311 2939 4381 ejus
2966 4311 3369 4383 benignitatem.

191 4414 462 4486 θρωπίαν.

262 4502 354 4559 51.
390 4504 511 4557 ’Ότι
546 4500 829 4573 συνέτριψε
853 4499 951 4563 τὰς
972 4497 1221 4559 ἐναντίας
1249 4495 1529 4566 δυνάμεις.

1929 4483 2019 4536 51.
2051 4481 2323 4549 Quoniam
2355 4483 2611 4539 contrivit
2638 4488 3316 4554 adversariaspotestates.

261 4594 349 4649 32.
379 4595 491 4646 Kal
508 4594 633 4656 τοὺς
660 4594 925 4664 ἄρχοντας
956 4589 1047 4643 τοῦ
1098 4588 1327 4650 σκότους
1362 4586 1460 4656 τῆς
1491 4584 1765 4657 ἁμαρτίας

1930 4574 2017 4629 52.
2050 4575 2115 4629 Et
2143 4576 2377 4645 perdidit
2403 4577 2675 4647 principes
2705 4579 3050 4632 tenebrarum
3078 4577 3305 4647 peccati.

191 4686 493 4740 ἀπώλεσεν.

261 4779 350 4833 55.
398 4777 695 4849 Ἐρρύσατο
719 4775 912 4837 αὐτοὺς
946 4775 1009 4827 ἐκ
1048 4770 1147 4843 τῆς
1189 4768 1537 4840 ἀναστροφῆς
1581 4765 1721 4821 αὑτῶ

1930 4748 2019 4801 55.
2053 4746 2325 4803 Liberavit
2357 4763 2455 4803 eos
2497 4764 2565 4803 ex
2601 4749 2847 4818 improba
2894 4764 3087 4804 eorum
3135 4765 3425 4805 conversa-

192 4870 293 4940 τῆς
324 4846 584 4939 πονηρᾶς.

1862 4846 2029 4891 tione.

262 4926 352 5015 34.
388 4926 485 5011 Διά
509 4926 616 5030 γάρ
639 4956 736 5021 τὰς
758 4955 984 5027 ἀνομίας
1015 4951 1197 5008 αὐτῶν
1229 4949 1620 5021 ἐδουλώθησαν.

1932 4928 2021 4983 54.
2050 4926 2182 4982 Nam
2213 4928 2266 4982 in
2301 4931 2616 4984 servitutem
2661 4928 2866 4985 redacti
2916 4938 3044 4985 sunt
3080 4938 3299 5001 propter
3330 4944 3422 4985 eo-

1862 5034 1984 5073 rum
2016 5029 2345 5088 iniquitates.

264 5130 356 5185 35.
408 5130 768 5200 Ἐξετάκησαν
828 5132 885 5181 αἱ
929 5126 1098 5198 ψυχαὶ
1147 5124 1323 5179 αὐτῶν
1371 5124 1464 5177 καὶ
1509 5122 1758 5190 ἀπεγνώς

1935 5110 2023 5163 55.
2052 5110 2461 5165 Contabuerunt
2514 5112 2709 5165 animat
2758 5127 2947 5166 eorum
2997 5120 3051 5166 et
3100 5112 3424 5181 desperave-

202 5220 297 5290 σθη
306 5238 424 5273 σαν.

1867 5210 2012 5256 runt.

267 5310 356 5365 56.
386 5312 530 5373 Ἕως
563 5311 639 5380 (4)
670 5310 769 5380 τῆς
790 5308 1093 5362 συντελείας
1119 5308 1247 5362 παο⁹
1272 5305 1450 5374 ὀλίγον
1481 5306 1509 5356 ὁ
1533 5303 1761 5365 θάνατος

1937 5295 2024 5347 56.
2077 5290 2261 5360 Usque
2326 5293 2393 5347 ad
2452 5294 2971 5351 consummationem
3028 5294 3189 5365 paulo
3243 5291 3426 5348 minus

203 5401 478 5457 ἐκυρίευσε
518 5403 623 5455 τῶν
655 5402 751 5458 ἀνθ
758 5402 975 5473 ρώπων.

1870 5400 2020 5441 mors
2052 5384 2327 5437 dominata
2356 5386 2516 5439 estin
2550 5385 2876 5441 hominibus.

372 5536 403 5569 ο
1142 5508 1449 5572 Addenda
1478 5513 1539 5569 et
1585 5501 1960 5584 corrigenda
1987 5516 2067 5561 ex
2100 5498 2242 5560 cod.
2276 5498 2475 5560 Vatic.

270 5626 347 5698 (ξ)
386 5628 913 5698 Ἐγκεκλεισμένους.
2032 5618 2171 5698 ξένυ
2180 5615 2413 5698 μνρῦσινο

270 5686 349 5765 (2')
390 5686 723 5769 Ἀξιαρτεαιςὶ
872 5686 887 5693 ⁷
1933 5688 2008 5757 (4)
2032 5687 2176 5750 Ἕως
2198 5686 2323 5758 γάρο
