3874 6222
448 327 586 385 1127
1329 326 1385 378 S.
1428 324 1803 380 ATHANASII
1850 327 2002 381 OPP.
2056 327 2237 383 PARS
2276 327 2365 383 111.
2409 357 2477 369 --
2519 327 2937 388 EXEGETICA.
3586 337 3734 393 H28

551 446 604 500 7.
640 443 705 498 Et
731 444 1100 500 clamaverunt
1124 444 1191 498 ad
1211 444 1503 500 Dominum
1533 461 1658 501 cum
1689 448 2028 505 tribularen-

2207 451 2296 505 57.
2339 452 2449 505 Kal
2494 451 2799 523 ὲκέκραξαν
2848 454 2984 525 πρὸς
3010 451 3215 523 Κύριον
3247 450 3304 507 έν
3346 453 3426 525 τῷ
3452 453 3741 511 θλίϐεσθαι

443 548 537 597 tur
564 556 579 591 :
2137 544 2333 607 αὐτούς
2361 560 2374 573 ’

514 633 605 687 58.
631 630 699 686 Et
724 632 791 686 de
825 630 1246 686 necessitatibus
1273 645 1466 684 eorum
1498 631 1749 686 liberavit
1782 646 1905 688 eos.

2209 634 2298 689 58.
2340 636 2451 689 Καὶ
2477 638 2542 689 ὲκ
2574 637 2683 691 τῶν
2716 638 2975 707 ἀναγκῶν
3008 638 3188 693 αὐτῶν
3225 638 3432 693 ἔσωσεν
3467 640 3700 705 αὐτούς.

514 724 600 780 o9.
632 722 778 778 Misit
804 725 1032 777 verbum
1066 738 1250 788 suum,
1282 732 1336 778 et
1364 723 1579 777 sanavit
1607 739 1703 779 eos
1732 740 1746 776 :

2207 727 2295 781 59.
2327 726 2640 780 Ἀπέστειλε
2670 728 2762 781 τὸν
2790 728 2947 797 λόγον
2968 729 3155 793 αὐτοῦ,
3178 730 3273 783 καὶ
3298 729 3489 782 ίάσατο
3512 729 3736 793 αὐτούς’

511 812 601 869 40.
634 812 701 867 Ει
724 812 927 882 eripuit
958 828 1053 867 eos
1079 813 1145 866 de
1173 813 1580 868 interitionibus
1604 828 1825 870 eorum.

2207 818 2299 872 40.
2340 819 2451 872 Kal
2476 819 2747 891 ἐρρύσατο
2768 822 2967 885 αὐτοὺς
2990 823 3053 875 ἐκ
3072 822 3180 876 τῶν
3199 822 3509 894 διαφθορῶν
3530 822 3737 877 αὐτῶν.

516 902 609 957 41.
638 900 1014 956 Conﬁteantur
1039 902 1273 957 Domino
1305 903 1700 959 misericordiae
1728 902 1879 975 ejus,

2209 910 2298 964 4|.
2325 911 2947 982 Ἐξομολογησάσθωσαν
2983 913 3061 982 τῷ
3088 915 3278 985 Κυρίῳ
3297 915 3365 967 τὰ
3392 914 3518 984 ὲλέη
3544 904 3614 968 αὖ
3630 914 3741 978 τοῦ,

516 995 603 1049 42.
638 995 705 1049 Et
736 995 1007 1049 mirabilia
1035 996 1155 1064 ejus
1180 996 1308 1050 tiliis
1343 996 1657 1051 hominum.

2208 1003 2299 1057 42.
2342 1005 2454 1057 Kal
2488 1004 2559 1058 τὰ
2594 1004 2877 1077 θαυμάσια
2910 1006 3076 1059 αὐτοῦ
3104 1011 3216 1071 τοῖς
3237 1009 3373 1071 υἱοῖς
3394 1008 3504 1061 τῶν
3524 1007 3745 1080 ἀνθρώ·

2138 1110 2279 1151 πων.

519 1173 608 1228 45.
643 1172 710 1227 Et
732 1174 1042 1228 sacriﬁcent
1071 1174 1121 1228 ei
1158 1174 1490 1230 sacriﬁcium
1518 1175 1729 1244 laudis,

2208 1189 2297 1243 45.
2342 1191 2450 1244 Kal
2485 1190 2802 1246 θυσάτωσαν
2837 1193 2987 1263 αὐτῷ
3017 1193 3208 1247 θυσίαν
3235 1195 3520 1260 αἰνέσεως·

522 1265 613 1320 44.
647 1267 715 1320 Ει
741 1267 1069 1321 annuntient
1094 1282 1259 1337 opera
1284 1271 1403 1337 ejus
1433 1269 1489 1323 in
1512 1270 1906 1351 exsultatione.

2208 1276 2298 1330 44.
2340 1278 2451 1331 Kal
2484 1279 2959 1348 ὲξαγγειλάτωσαν
2986 1283 3055 1337 τά
3084 1282 3221 1356 ἔργα
3255 1285 3421 1339 αὐτοῦ
3469 1288 3527 1341 ὲν
3566 1285 3743 1353 ἀγαλ-

2139 1366 2341 1420 λιάσει.

521 1442 611 1498 45.
647 1442 750 1508 Qui
776 1442 1115 1499 descendunt
1147 1443 1205 1498 in
1236 1460 1389 1500 mare
1419 1445 1473 1499 in
1502 1448 1757 1514 navibus,

2208 1459 2298 1513 45.
2342 1460 2405 1513 Οἱ
2444 1462 2867 1529 καταϐαίνοντες
2893 1467 2973 1530 εἰς
2999 1466 3275 1522 θάλασσαν
3299 1471 3356 1523 ὲν
3382 1470 3618 1535 πλοίοις,

517 1535 608 1590 46.
641 1536 923 1593 Facientes
954 1539 1325 1608 operationem
1359 1538 1414 1592 in
1442 1542 1606 1610 aquis
1630 1544 1839 1600 multis.

2208 1551 2296 1606 46.
2338 1553 2630 1619 Ποιοῦντες
2657 1558 2922 1628 ἐργασίαν
2956 1561 3014 1613 ὲν
3047 1561 3201 1614 ὕδασι
3231 1563 3471 1627 πολλοῖς.

517 1628 608 1681 47.
638 1627 739 1697 Ipsi
769 1630 1025 1684 viderunt
1047 1646 1211 1700 opera
1244 1629 1484 1698 Domini,

2209 1644 2299 1697 47.
2339 1646 2506 1699 Αὐτοὶ
2535 1642 2675 1700 εἶδον
2703 1648 2962 1723 [εἴδοσαν]
2993 1653 3061 1706 τὰ
3090 1653 3225 1725 ἔργα
3255 1652 3488 1727 Κυρίου,

521 1718 611 1773 48.
645 1718 711 1772 Et
744 1720 1013 1774 mirabilia
1044 1722 1162 1788 ejus
1193 1721 1248 1775 in
1278 1720 1578 1790 profundo.

2208 1737 2298 1791 48.
2340 1739 2450 1792 Kal
2474 1739 2543 1793 τὰ
2572 1718 2851 1812 θαυμάσια
2880 1718 3045 1799 αὑτοῦ
3076 1718 3133 1799 ε
3158 1718 3235 1818 τῷ
3267 1718 3436 1820 βυὸῷ.

517 1810 606 1864 49.
636 1811 800 1875 Dixit,
829 1823 881 1867 et
905 1812 1054 1868 stetit
1087 1814 1310 1883 spiritus
1338 1814 1592 1884 procellae
1618 1834 1632 1871 :

2211 1824 2298 1880 49.
2340 1823 2498 1895 Eine,
2537 1830 2630 1883 καὶ
2660 1831 2788 1903 ἔστη
2831 1834 3050 1905 πνεῦμα
3079 1838 3427 1907 καταιγίδος“

520 1901 608 1956 50.
640 1901 707 1956 Et
733 1904 955 1959 exaltati
983 1913 1114 1960 sunt
1142 1905 1342 1961 ﬂuctus
1376 1907 1521 1977 ejus.

2212 1917 2302 1972 δυ.
2343 1919 2454 1973 Καὶ
2490 1921 2678 1996 ὑψώθη
2712 1901 3025 1998 mia...
3053 1929 3246 1999 αὐτῆς.

522 1995 611 2050 5i.
646 1997 963 2053 Ascendunt
995 2014 1168 2067 usque
1197 2000 1265 2054 ad
1299 2001 1472 2056 caelos
1499 2016 1515 2054 :

2212 2009 2298 2064 5|.
2328 2012 2734 2069 Ἀναϐαίνουσιν
2765 2017 2871 2082 ἓως
2904 2020 3011 2074 τῶν
3036 2021 3281 2094 οὐρανῶν
3303 2039 3317 2053 ο

520 2088 610 2143 52.
640 2087 707 2142 Et
737 2089 1074 2145 descendunt
1101 2106 1275 2161 usque
1300 2090 1369 2146 ad
1398 2092 1627 2163 abyssos
1659 2109 1671 2144 :

2211 2100 2299 2154 52.
2340 2104 2453 2156 Kal
2476 2106 2899 2163 καταϐαίνουσιν
2920 2110 3027 2175 ’έως
3057 2112 3166 2166 τῶν
3193 2113 3451 2168 ἀϐύσσων
3469 2132 3483 2147 ο

1588 2207 1962 2268 ATHANASII
2003 2215 2592 2280 INTERPRETATIO.

519 2316 608 2373 57.
638 2316 1025 2373 Clamaverunt
1066 2320 1132 2374 ad
1174 2319 1467 2377 Dominum
1495 2333 1549 2379 et
1586 2324 1758 2381 Deum
1791 2342 1916 2383 cum
1944 2328 2039 2385 de-

2207 2332 2649 2409 57.Ἀνεϐόησαν
2691 2341 2829 2410 πρὸς
2868 2343 3072 2415 Κύριον
3113 2347 3209 2399 καὶ
3243 2347 3377 2402 Θεὸν
3422 2327 3499 2421 (1)
3547 2352 3608 2405 ὲν
3653 2358 3731 2429 τῷ

451 2409 756 2465 tinerentur
788 2422 818 2460 a
852 2410 1090 2476 peccatis
1117 2412 1254 2466 suis.

2185 2423 2461 2494 Jvéxecﬁat
2489 2429 2689 2493 αὐτοὺς
2714 2432 2820 2485 ὑπὸ
2856 2432 2964 2485 τῶν
2997 2436 3281 2506 ἁμαρτιῶν
3308 2439 3509 2493 αὐτῶν.

517 2497 605 2554 58.
631 2495 699 2550 Ει
724 2497 789 2552 de
818 2498 1058 2566 potentia
1082 2498 1284 2555 diaboli
1316 2502 1548 2557 salvavit
1580 2519 1695 2559 eos.

2207 2514 2295 2570 58.
2324 2517 2433 2570 Kal
2453 2520 2518 2573 ὲκ
2536 2519 2645 2574 τῶν
2664 2522 2757 2576 τοῦ
2777 2524 3021 2578 διαϐόλου
3043 2527 3373 2582 δυναστειῶν
3396 2530 3607 2589 ἔσωσεν
3627 2537 3730 2592 αὗ-

2135 2621 2281 2669 τους.

2209 2697 2297 2751 59.
2318 2699 2629 2756 Ἀπέστειλε
2656 2703 2746 2758 τὸν
2771 2705 2904 2761 Θεὸν
2926 2708 3099 2778 Λόγον
3122 2712 3150 2764 ὁ
3179 2714 3391 2786 Πατὴρ,
3413 2718 3508 2770 καὶ
3534 2736 3733 2790 κεντηα

2140 2787 2326 2853 θέντος
2373 2792 2545 2846 αὑτοῦ
2582 2796 2681 2868 τὴν
2724 2798 2963 2871 πλευρὰν
3008 2804 3168 2873 ἡμεῖς
3208 2805 3406 2869 πάντες
3472 2787 3728 2883 ίάθημεν,

2141 2882 2215 2945 ὡς
2250 2883 2476 2949 Ἡσαΐας
2504 2886 2686 2957 λέγει·
2718 2890 2803 2957 Τῷ
2818 2891 3065 2961 μώλωπι
3090 2896 3278 2951 αὐτοῦ
3303 2898 3528 2966 πάντες
3566 2882 3732 2970 ἰάθη-

2135 2988 2249 3043 μεν
2274 2973 2373 3044 (2)-

522 3023 613 3079 40.
640 3020 776 3078 Nam
813 3032 989 3079 morte
1012 3039 1112 3079 sua
1145 3026 1404 3080 contrivit
1426 3036 1682 3083 mortem.

528 3128 577 3153 ιι
641 3127 1037 3153 [ΠΛ-,ΞΩΑλιη-..ι
1071 3128 1477 3153 ...ηελλ-ειηηηιιειι-
1507 3129 1620 3153 λε---

2208 3020 2299 3120 4οκ.
2333 3020 2431 3138 ίΓῷ
2452 3067 2561 3140 γὰρ
2582 3069 2797 3143 θανάτῳ
2817 3074 2981 3128 αὐτοῦ
3002 3075 3093 3129 τὸν
3120 3075 3348 3131 θάνατον
3381 3079 3727 3153 συνέτριψεν.

520 3128 608 3183 4t.
641 3127 1040 3183 Gloriﬁcabunt
1071 3128 1480 3184 misericordias
1502 3129 1644 3200 ejus.

2212 3157 2301 3211 41.
2341 3127 2636 3225 Δόξάσουσι
2670 3164 2745 3235 (δ)
2769 3127 2843 3219 ’τά
2873 3166 2998 3238 ὲλέη
3016 3127 3211 3222 *..s..1~;;

520 3219 611 3273 42.
656 3218 723 3273 Et
749 3220 1055 3274 narrabunt
1087 3219 1214 3274 [iliis
1241 3221 1548 3285 hominum,
1578 3222 1726 3292 quod
1755 3222 1810 3277 in
1841 3222 2036 3279 simili-

453 3310 698 3363 tudinem
737 3318 985 3363 nostram
1036 3306 1216 3363 factus
1241 3309 1306 3373 ",
1338 3324 1536 3380 passus
1565 3319 1650 3365 est
1678 3319 1901 3382 propter
1933 3326 2036 3367 nos

453 3400 600 3455 Deus
620 3399 881 3464 Verbum,
911 3410 967 3455 et
987 3401 1306 3456 resurrexit.

522 3494 611 3548 45.
640 3492 707 3547 Ει
733 3492 1034 3548 laudabunt
1058 3508 1184 3548 eum
1213 3493 1269 3548 in
1295 3493 1557 3549 cordibus
1580 3493 1717 3550 suis.

518 2671 608 2726 59.
639 2670 785 2727 Misit
827 2672 996 2727 Deum
1030 2671 1265 2729 Verbum
1300 2674 1482 2741 Pater,
1516 2688 1571 2732 et
1600 2678 1867 2734 transﬁxo
1915 2696 2036 2752 ejus

451 2762 624 2818 latere
655 2778 755 2818 nos
786 2779 979 2820 omnes
1022 2766 1202 2821 sanati
1244 2783 1472 2831 sumus,
1511 2777 1572 2824 ut
1605 2769 1785 2841 inquit
1821 2771 2032 2827 Isaias:

451 2851 638 2908 Litore
666 2852 780 2922 ejus
812 2870 993 2909 omnes
1019 2856 1197 2908 sanati
1227 2873 1409 2910 sumus
1432 2856 1499 2912 ³³.

2208 3251 2298 3305 42.
2339 3252 2451 3305 Kal
2483 3252 2831 3326 διηγήσονται
2853 3261 2967 3321 τοῖς
2996 3261 3130 3324 υίοῖς
3159 3262 3265 3315 τῶν
3301 3263 3730 3337 ἀνθρώπων,ὄτι

2137 3342 2195 3394 ὲν
2241 3342 2548 3413 ὁμοιώματι
2600 3346 2760 3417 ὴμῶν
2806 3350 3096 3422 γενόμενος
3135 3352 3369 3409 πέπονθε
3410 3356 3478 3410 δι’
3506 3359 3664 3429 ἡμᾶς
3704 3361 3732 3413 ό

2137 3432 2271 3497 Θεὸς
2303 3435 2496 3503 Λόγος,
2531 3437 2627 3490 καὶ
2653 3439 2874 3512 ἀνέστη.

2207 3524 2298 3577 45.
2344 3525 2454 3578 Kal
2490 3526 2895 3599 ἀνυμνήσουσιν
2913 3528 2988 3603 (4)
3017 3532 3181 3587 αὐτὸν
3215 3534 3274 3589 ὲν
3312 3539 3433 3600 ταῖς
3475 3538 3729 3610 καρδίαις

2136 3615 2338 3672 αὐτῶν.
2512 3633 2517 3636 ·

2207 3709 2297 3763 44.
2330 3711 2438 3763 Kal
2470 3711 2821 3785 διηγήσονται
2843 3714 2911 3770 τὰ
2944 3718 3243 3792 παθήματα
3267 3722 3434 3779 αὑτοῦ
3456 3767 3474 3792 ,
3507 3728 3612 3780 καὶ
3635 3727 3730 3798 τὴν

2139 3801 2455 3870 ἀνάστασιν,
2487 3807 2834 3880 καυχώμενοι
2867 3813 2961 3866 καὶ
2987 3815 3290 3886 χαίροντες.

2208 3894 2296 3949 45.
2335 3897 2399 3948 Ui
2442 3898 2731 3955 ἀπόστολοι
2770 3903 3049 3974 λέγοντες·
3104 3908 3268 3979 Ἡμῖν
3316 3908 3386 3964 δὲ
3429 3910 3519 3980 μὴ
3561 3907 3609 3985 ᾖ
3656 3912 3728 3983 (5)

2137 3988 2477 4079 καυχᾶσθαι
2506 3994 2559 4045 εἰ
2590 3993 2672 4063 μὴ
2706 3996 2777 4049 ἐν
2800 3996 2879 4063 τῷ
2912 4001 3151 4070 σταυρῷ
3180 4004 3285 4058 τοῦ
3311 4003 3538 4073 Κυρίου
3560 4007 3731 4079 ἡμῶν

2152 4077 2357 4144 Ἰησοῦ
2387 4082 2667 4149 Χριστοῦ.

2210 4169 2298 4226 46,
2314 4167 2495 4226 1Ἦσαν
2520 4175 2628 4248 γὰρ
2659 4177 2826 4242 ἀλιεῖς
2848 4179 2947 4251 (6).

2210 4262 2302 4318 47.
2341 4264 2617 4321 Αὐτόπται
2664 4268 2919 4339 γεγόνασι
2964 4274 3077 4327 τῶν
3122 4272 3464 4348 παθημάτων
3499 4278 3583 4352 (7)
3635 4282 3728 4336 καὶ

2140 4354 2239 4425 τῆς
2263 4356 2635 4424 ἀναστάσεως.

2212 4446 2302 4502 48.
2320 4450 2447 4503 Ὅτε
2482 4450 2671 4507 ἔπλεον
2697 4455 2778 4519 εἰς
2802 4455 2900 4528 τὴν
2925 4457 3109 4530 χώραν
3135 4459 3245 4514 τῶν
3269 4461 3624 4535 Γαδαρηνῶν.

2207 4539 2295 4593 49.
2338 4541 2429 4611 Τῷ
2475 4544 2751 4616 Πνεύματι
2809 4549 2904 4601 τοῦ
2947 4550 3026 4623 (8)
3088 4552 3514 4625 προστάγματος
3558 4557 3725 4613 αὐτοῦ

2144 4633 2348 4706 κατέϐη
2381 4636 2577 4709 λαῖλαψ
2605 4638 2828 4711 ἀνέμου.

2213 4723 2303 4780 50.
2343 4727 2660 4799 Διηγείρετο
2689 4731 2766 4803 (9)
2799 4734 2832 4805 ἡ
2858 4733 3121 4790 θάλασσα.

2211 4816 2300 4870 51.
2344 4818 2454 4871 Kal
2478 4820 2800 4877 συνέϐαλλον
2828 4822 3190 4902 [συνέϐαινον]
3222 4830 3290 4884 τὰ
3309 4832 3533 4903 κύματα
3566 4837 3647 4900 είς
3666 4834 3727 4889 τὸ

2140 4905 2341 4963 πλοῖον.

2208 5000 2297 5055 52.
2338 5002 2448 5056 Kal
2479 5000 2932 5079 συνεπληροῦντο,
2969 5011 3061 5066 καὶ
3094 5014 3423 5088 ἐκινήθησαν
3448 5017 3587 5089 (10).

526 3670 614 3724 44.
660 3668 727 3724 Et
767 3670 1070 3724 narrabunt
1099 3671 1390 3739 passiones
1415 3670 1557 3743 ejus,
1588 3682 1644 3729 et
1674 3676 2039 3733 resurrectio-

452 3777 602 3829 nem,
626 3763 921 3832 gloriantes
954 3772 1009 3818 et
1034 3765 1350 3835 gaudentes.

522 3854 611 3908 45.
644 3854 888 3924 Apostoli
920 3854 1163 3912 dicentes
1192 3876 1206 3912 :
1236 3856 1407 3912 Nobis
1428 3868 1613 3915 autem
1636 3862 1778 3917 absit
1810 3864 2036 3935 gloriari

452 3950 558 4004 nisi
585 3950 637 4002 in
673 3965 825 4002 cruce
865 3948 1076 4003 Domini
1106 3952 1277 4004 nostri
1309 3950 1441 4005 Iesu
1462 3954 1665 4008 Christi
1690 3956 1755 4009 ³⁸.

529 4129 614 4184 46.
648 4127 817 4183 Erant
845 4128 991 4183 enim
1024 4129 1344 4198 piscatores.

523 4219 611 4273 47.
662 4201 789 4273 Suis
838 4219 1016 4274 oculis
1060 4231 1463 4290 conspexerunt
1494 4225 1808 4293 passionem
1857 4237 1912 4283 et
1951 4244 2041 4284 re-

451 4310 873 4369 surrectionem.

524 4404 615 4459 48.
647 4403 785 4457 Cum
818 4404 1136 4475 navigarent
1177 4405 1232 4459 in
1270 4406 1547 4475 regionem
1590 4408 2033 4467 Gaoarenorum.

524 4497 615 4551 49.
688 4493 897 4567 Spiritu
952 4498 1210 4567 praecepti
1268 4497 1391 4566 ejus
1449 4500 1729 4558 descendit
1792 4507 2032 4574 procella
2067 4503 2112 4558 D

450 4588 625 4644 venti.

526 4679 617 4735 50.
655 4677 803 4735 Mare
828 4681 1122 4736 excitatum
1154 4692 1257 4738 est.
1340 4695 1345 4701 ·

523 4767 612 4823 5|.
646 4768 714 4823 Et
740 4771 959 4826 coibant
984 4771 1468 4849 [conseendebant]
1499 4776 1700 4835 ﬂuctus
1730 4778 1787 4834 in
1817 4796 2036 4839 navem.

523 4973 614 5030 52.
644 4974 711 5029 Et
742 4976 1175 5046 complebantur,
1206 4992 1260 5035 et
1287 4984 1546 5037 commoti
1579 4994 1729 5040 sunt.

562 5088 607 5120 ³³
630 5087 734 5144 lsa.
766 5104 890 5157 Lm,
921 5092 976 5147 5.
1051 5092 1097 5125 ³⁸
1126 5092 1362 5166 Philipp.
1400 5113 1462 5158 ιι,
1500 5096 1552 5150 7.
1626 5098 1671 5130 ³⁸
1701 5097 1881 5154 Galat.
1910 5116 1989 5171 v1,
2027 5105 2115 5161 14.

1412 5210 1716 5275 Addenda
1743 5220 1805 5275 et
1834 5219 2213 5298 corrigenda
2247 5242 2326 5286 ex
2384 5228 2525 5289 cod.
2562 5229 2768 5293 Vatic.

554 5331 608 5437 ἒ(
642 5330 1316 5437 Εἵῗῗέὦξῖξῗδῖιξίὲιηπ
1351 5408 1515 5437 μη-..
1544 5427 1644 5437 -_..
2149 5421 2163 5437 .
2214 5350 2289 5423 (δ)
2325 5349 2734 5437 ἶΑλιεῖξὶβμως
2774 5359 2870 5437 κει
2905 5359 2962 5412 ἐν
2993 5362 3108 5425 τοῖς
3137 5361 3357 5437 ,ἔθνεσιν
3402 5365 3723 5437 ἐποιήσαντο

547 5403 1151 5499 ῗξθῇὲνξξιηθέχξξςητρῇ
1170 5406 1517 5499 ’θεῷ-Λόγου
1536 5427 1666 5499 τηνέ
1689 5420 1819 5477 ete.,
1848 5414 2037 5499 καθὼς
2145 5403 2761 5499 ιρξξσίξψξξέᾱλλῆἴέη
2773 5403 3295 5499 ξξᾶσόζιτὲῖὶᾱζσὲξῖ

464 5473 715 5565 Ἡσαῖαλς,
752 5473 855 5565 etc.
893 5474 983 5560 ξΓῷ
1021 5475 1245 5565 μῴλιωπι
1290 5473 1452 5534 αὐτοῦ
1490 5473 1610 5535 τοῦ’
1634 5473 2037 5553 ἀποσταλέντος
2176 5473 2194 5493 ’ί

454 5543 628 5635 Λόγῳ
652 5543 1042 5635 ῄμεΞς-πάντες
1074 5548 1325 5621 ίάθημεν.
2018 5543 2034 5553 ’
2329 5543 2942 5635 τέ’ῠξέᾷέιῖτξέζὶῖὶ.

625 5612 968 5717 ’ξοξάσωσιψ
1184 5612 1195 5621 ’
1206 5612 1217 5618 ’

2215 5612 2790 5717 ἰξδὶ.ῖςςιὶ”έεῆὶέῖρὲἔᾶὶ

550 5684 605 5777 ἒ)
625 5684 1000 5777 ’ἐξυμνοῦσιψ
1938 5750 1947 5765 ,
2215 5684 2732 5777 illi)

554 5751 607 5824 Β)
650 5751 766 5823 Em.
