3874 6222
184 292 323 350 1129
1107 301 1196 357 DE
1232 303 1504 361 TITULIS
1542 306 1994 365 PSALMORUM.
2028 343 2097 352 —
2134 311 2329 368 PSAL.
2362 314 2497 370 CVI.
3293 327 3433 383 H50

252 412 341 465 55.
371 413 440 465 'H
469 413 612 485 ψυχὴ
647 413 825 468 αὐτῶν
857 416 914 469 ἐν
942 422 1129 483 κακοῖς
1157 422 1403 491 ἐτήκετο.

1793 434 1840 489 Α
1942 428 2029 481 55.
2068 429 2261 485 Anima
2293 447 2481 487 eorum
2514 434 2567 487 in
2603 434 2761 490 malis
2788 437 3115 494 tabescebat.

253 502 343 556 54.
376 503 809 575 Ἐταράχθησαν,
844 509 1209 579 ἐσαλεύθησαν
1239 511 1313 575 ὡς
1339 514 1367 564 ὁ
1403 512 1614 582 μεθύων
1635 531 1648 543 °

1936 520 2027 575 54.
2058 520 2281 577 Turbati
2308 534 2452 583 sunt.
2483 538 2535 580 et
2564 528 2692 582 moti
2726 540 2856 583 sunt
2879 530 3021 586 sicut
3052 531 3235 586 ebrius
3265 547 3278 584 :

249 592 340 645 55.
383 595 499 646 Kal
533 595 679 647 πᾶσα
710 597 741 665 ἡ
769 598 931 667 σοφία
956 599 1132 652 αὐτῶν
1163 602 1458 673 κατεπόθη.

2057 612 2123 666 Ει
2151 615 2330 669 oinnis
2358 617 2625 686 sapientia
2650 634 2838 675 eorum
2866 622 3123 678 devorata
3154 633 3256 679 est.

249 682 336 736 56.
380 684 497 738 Kal
548 684 849 755 ἐκέκραξαν
897 689 1032 759 πρὸς
1070 691 1273 762 Κύριον
1303 696 1360 746 ἐν
1384 694 1462 764 τῷ
1485 694 1758 751 θλίϐεσθαι

1939 703 2028 755 56.
2085 703 2152 757 Et
2193 682 2564 764 clamaverunt
2610 712 2676 765 ad
2706 711 2998 768 Dominum
3030 731 3154 771 cum
3206 716 3434 771 tribula-

181 773 376 837 αὐτούς
396 791 410 804 ·

1866 802 2054 847 rentur
2078 812 2090 847 :

248 866 338 921 57.
382 867 495 920 Kal
522 868 585 921 ἐκ
606 869 715 922 τῶν
748 870 1001 939 ἀναγκῶν
1034 873 1212 928 αὐτῶν
1242 876 1508 948 ἐξήγαγεν
1539 881 1753 944 αὐτούς.

1708 900 1753 944 ς.
1936 886 2025 940 57.
2052 886 2118 941 Ει
2145 890 2211 943 de
2235 892 2651 949 necessitatibus
2678 910 2868 951 eorum
2900 899 3087 955 eduxit
3117 916 3231 957 eos.

200 1009 207 1017 ,
246 956 334 1012 58.
379 959 494 1011 Kal
525 960 756 1025 ἐπέταξε
787 966 852 1033 τῇ
881 966 1172 1034 καταιγίδι,
1197 968 1290 1020 καὶ
1312 967 1442 1039 ἔστη
1464 973 1542 1033 είς
1562 968 1730 1044 αὔραν

1933 976 2019 1030 58.
2054 977 2119 1033 Ει
2150 983 2423 1037 mandavit
2448 987 2715 1053 procella,
2749 997 2804 1043 et
2829 992 2975 1045 stetit
3000 992 3052 1046 in
3079 1008 3268 1047 auram
3298 1012 3310 1047 :

252 1046 335 1102 59.
385 1049 502 1103 Kal
536 1051 795 1122 ἐσίγησαν
832 1055 901 1108 τὰ
928 1055 1148 1126 κύματα
1179 1059 1370 1128 αὐτῆς.

1253 1059 1370 1128 τῆς.
1928 1066 2017 1121 59.
2045 1067 2110 1123 Ει
2130 1070 2396 1127 siluerunt
2425 1046 2620 1130 fluctus
2644 1046 2783 1147 ejus.

246 1137 335 1191 60.
378 1141 492 1192 Kal
524 1142 928 1215 εὐφράνθησαν,
954 1147 1036 1199 ὅτι
1069 1148 1347 1218 ἡσύχασαν
1371 1166 1384 1179 °

1933 1160 2020 1216 60.
2056 1162 2120 1217 Et
2150 1165 2311 1219 lmtati
2336 1176 2482 1234 sunt,
2508 1170 2635 1238 quia
2665 1137 2931 1226 siluerunt
2961 1192 2973 1227 :

246 1228 333 1283 61.
375 1231 489 1284 Kal
518 1232 797 1305 ὡδήγησεν
841 1237 1034 1301 αὐτοὺς
1079 1240 1170 1291 ἐπὶ
1215 1239 1409 1309 λιμένα
1452 1240 1754 1311 θελήματος

1934 1254 2021 1308 61.
2061 1255 2125 1310 Ει
2156 1257 2377 1313 deduxit
2403 1228 2495 1315 eos
2524 1228 2583 1314 in
2612 1271 2830 1331 portum
2860 1264 3158 1321 voluntatis
3187 1281 3317 1322 suae.

177 1336 242 1372 αυ
251 1337 363 1375 του.

242 1413 332 1467 62.
358 1414 981 1488 Ἑξομολογησάσθωσαν
1007 1420 1084 1492 τῷ
1106 1423 1296 1493 Κυρίῳ
1324 1423 1393 1477 τὰ
1417 1424 1540 1493 ἐλέη
1564 1425 1750 1489 αὑτοῦ,

1740 1466 1750 1489 ι
1930 1435 2019 1489 62.
2049 1435 2425 1494 Conﬁteantur
2455 1439 2686 1497 Domino
2719 1445 3109 1502 misericordiae
3130 1446 3270 1517 ejus,

242 1506 334 1561 65.
347 1508 541 1576 Kalfta
558 1509 657 1562 θαυ
668 1511 834 1581 μάσια
847 1512 1011 1565 αὐτοῦ
1028 1516 1138 1576 τοῖς
1155 1517 1289 1578 υἱοῖς
1304 1516 1411 1568 τῶν
1427 1517 1523 1569 ἀνθ
1533 1517 1748 1588 ρώπων.

1504 1517 1748 1588 θρώπων.
1928 1528 2014 1580 65.
2042 1525 2108 1581 Et
2133 1529 2405 1585 mirabilia
2431 1532 2551 1602 ejus
2574 1534 2699 1589 liliis
2731 1536 3034 1592 hominum.

245 1596 331 1649 64.
361 1597 766 1666 ’Υψωσάτωσαν
795 1602 957 1656 αὐτὸν
989 1605 1046 1655 ἐν
1080 1604 1343 1676 ἐκκλησία
1370 1606 1498 1658 λαοῦ
1521 1625 1534 1638 ·

1521 1625 1534 1638 '
1925 1617 2013 1671 64.
2044 1616 2290 1675 Exaltent
2320 1596 2532 1677 eumvin
2558 1624 2785 1679 ecclesia
2819 1628 2991 1695 plebis
3018 1646 3030 1680 :

245 1685 332 1740 65.
374 1688 489 1741 Kal
518 1691 576 1742 ἐν
605 1689 843 1762 καθέδρᾳ
859 1691 1243 1763 πρεσϐυτέρων
1264 1695 1633 1749 αἰνεσάτωσαν
1651 1698 1749 1750 αὑ-

1668 1698 1749 1750 ιὺ-
1921 1706 2009 1761 65.
2035 1709 2099 1762 Ει
2130 1708 2184 1763 ἱη
2216 1712 2471 1766 cathedra
2498 1714 2776 1768 scniorum
2808 1685 3029 1772 laudent
3053 1733 3198 1773 cum.

176 1778 284 1831 τόν.
1787 1799 1829 1854 Β

240 1868 334 1924 66.
353 1868 550 1924 Ἔθετο
583 1875 863 1943 ποταμοὺς
887 1876 967 1938 είς
993 1874 1196 1947 ἔρημον
1218 1893 1231 1906 ·

1921 1884 2008 1938 66.
2038 1889 2235 1942 Posuit
2266 1888 2491 1945 ﬂumina
2530 1892 2584 1945 in
2614 1892 2889 1948 desertum
2917 1910 2930 1945 :

245 1961 331 2016 67.
373 1965 490 2017 Kal
516 1964 781 2032 διεξόδους
806 1968 1014 2021 ὑδάτων
1045 1970 1125 2032 εἰς
1153 1969 1333 2039 δίψαν.

1922 1977 2008 2030 67.
2040 1977 2108 2031 Ει
2140 1981 2319 2036 exitus
2351 1997 2615 2051 aquarum
2648 1986 2702 2038 in
2728 1986 2894 2039 sitim.

243 2053 332 2108 68.
372 2056 486 2126 Γῆν
513 2059 860 2129 καρποφόρον
891 2060 971 2122 εἰς
993 2058 1194 2131 ἅλμην,

1922 2066 2013 2122 68.
2041 2067 2264 2124 Terram
2288 2070 2622 2128 fructiferam
2656 2075 2711 2129 in
2748 2077 3106 2148 salsuginem,

243 2143 330 2198 69.
374 2145 453 2216 (α)
485 2146 617 2199 Ἀπὸ
643 2149 839 2211 κακίας
869 2149 978 2201 τῶν
1011 2149 1409 2205 κατοικούντων
1438 2153 1493 2205 ἐν
1523 2153 1680 2224 αὐτῇ.

1438 2153 1493 2205 ἐν
1523 2153 1680 2224 αὐτῇ.
1926 2157 2013 2212 69.
2047 2162 2090 2211 A
2118 2163 2320 2218 malitia
2348 2165 2769 2224 inhabitantium
2798 2170 2853 2223 in
2878 2143 2961 2224 .3.

245 2236 331 2293 70.
350 2238 547 2293 Ἔθετο
575 2240 778 2313 ἔρημον
805 2245 884 2305 είς
910 2242 1105 2313 λίμνας
1138 2244 1344 2299 ὑδάτων
1368 2264 1381 2276 ·

1927 2249 2013 2306 70.
2041 2251 2230 2309 Posuit
2260 2255 2535 2313 desertum
2571 2261 2624 2315 in
2656 2270 2846 2331 stagna
2871 2276 3134 2331 aquarum

242 2351 320 2426 (α)
350 2352 511 2410 Vers.
547 2353 637 2423 69,
670 2355 753 2423 70,
786 2356 875 2423 71,
904 2357 1005 2412 sub
1038 2358 1199 2413 unico
1229 2367 1519 2413 comment.

1298 2515 1669 2573 ATIIANASII
1714 2518 2297 2579 INTERPRETATIO.

242 2676 330 2732 55.
353 2676 756 2748 Ἐφοὸήθησαν,
786 2678 879 2732 καὶ
913 2678 1348 2753 ὠλιγοψύχησαν.

1916 2682 2004 2737 55.
2042 2682 2107 2737 Ει
2136 2684 2454 2752 timuerunt,
2489 2691 2543 2739 et
2574 2685 2757 2743 animo
2787 2687 2977 2758 dejecti
3008 2698 3152 2746 sunt.

239 2766 325 2821 54.
366 2768 483 2821 Kal
505 2769 563 2820 ἐν
590 2767 760 2836 ἀγῶνι
789 2769 956 2841 πολλῇ
985 2771 1183 2839 γέγονα
1210 2772 1309 2843 (1).

1915 2775 2005 2830 54.
2039 2774 2104 2830 Et
2129 2777 2185 2830 in
2217 2792 2390 2847 agone
2417 2778 2588 2832 multo
2616 2777 2849 2834 fuerunt.

242 2859 328 2915 55.
368 2859 484 2914 Kal
514 2860 664 2913 πᾶσα
694 2863 725 2932 ἡ
750 2862 915 2932 τέχνη
946 2862 1123 2917 αὐτῶν
1150 2863 1355 2935 ἡττήθη
1388 2863 1491 2917 ὑπὸ
1508 2863 1601 2917 τοῦ
1624 2863 1749 2918 κλύ-

1917 2867 2006 2921 55.
2028 2865 2094 2920 Et
2114 2867 2294 2921 omnis
2312 2882 2402 2923 ars
2430 2883 2615 2923 eorum
2644 2880 2891 2939 superata
2915 2880 2999 2926 est
3017 2887 3049 2926 a
3077 2881 3415 2945 tempestate,

174 2948 334 3013 δωνος
352 2968 366 2984 ο
397 2946 543 3024 ἦσαν
566 2952 674 3023 γὰρ
703 2952 889 3016 ἁλιεῖς.

1846 2966 2000 3013 erant
2022 2960 2166 3013 enim
2198 2959 2519 3029 piscatores.

243 3040 328 3095 56.
360 3042 474 3095 Kal
500 3042 733 3113 ἐϐόησαν
758 3044 894 3115 πρὸς
923 3044 1011 3098 τὸν
1035 3043 1243 3116 Ἰησοῦν
1262 3063 1274 3075 ·
1300 3046 1497 3114 Κύριε,
1541 3046 1747 3100 σῶσον

1920 3053 2008 3106 56.
2032 3051 2099 3106 Et
2134 3053 2506 3109 clamaverunt
2530 3055 2593 3109 ad
2618 3054 2835 3110 .Iesum:
2864 3056 3106 3122 Domine,
3132 3061 3277 3114 salva
3299 3077 3415 3125 nos,

175 3134 343 3201 ἡμᾶς,
371 3136 781 3204 ἀπολλύμεθα.

638 3138 781 3189 ιεθα.
1782 3134 1813 3138 τ
1850 3146 2080 3213 perimus
2105 3144 2168 3197 ³⁸.

240 3224 326 3276 57.
361 3225 475 3278 Kal
522 3225 587 3277 ἐκ
618 3225 724 3279 τῶν
769 3225 1029 3296 κυμάτων
1071 3227 1166 3281 καὶ
1205 3224 1301 3280 τοῦ
1343 3226 1602 3292 λαίλαπος
1648 3226 1742 3280 τοῦ

1920 3235 2009 3289 57.
2060 3234 2127 3291 Ει
2164 3250 2231 3292 ex
2268 3235 2523 3293 ﬂuctibus
2564 3248 2618 3293 et
2658 3240 2803 3294 venti
2832 3242 3066 3311 procella
3123 3243 3418 3298 sublevavit

173 3315 367 3385 ἀνέμου
403 3317 686 3389 ἐξήγειρεν
715 3318 790 3388 (2)
822 3318 1018 3382 αὐτούς
1849 3340 1964 3382 eos.

238 3407 326 3462 58.
349 3408 683 3481 Ἐπετίμησε
716 3408 822 3481 γὰρ
846 3410 923 3480 τῷ
949 3410 1156 3481 ἀνέμῳ,
1192 3410 1285 3465 κα)¹
1314 3410 1610 3474 ἐπαύσατο,
1650 3410 1743 3464 καὶ

1920 3418 2008 3473 58.
2039 3417 2343 3490 Increpavit
2374 3423 2519 3477 enim
2555 3433 2797 3489 ventum,
2826 3434 2880 3479 et
2905 3427 3130 3495 quievit,
3160 3437 3213 3481 et
3242 3428 3416 3483 solum

175 3496 326 3565 μόνον
362 3496 538 3574 αὔραν
567 3504 822 3571 παρεῖχεν
848 3502 924 3564 είς
954 3501 1214 3570 ἁνὰψυξιν
1242 3501 1444 3563 αὐτοῖς.

1431 3540 1444 3552 .
1849 3523 2037 3562 auram
2071 3512 2252 3565 emisit
2286 3511 2341 3565 in
2372 3527 2561 3566 eorum
2595 3513 2958 3583 refrigerium.

239 3591 324 3647 59.
366 3592 479 3646 Kal
512 3592 745 3661 ἐγένετο
773 3592 1007 3661 γαλήνη
1030 3590 1284 3661 μεγάλη.

1919 3599 2007 3653 59.
2040 3598 2108 3652 Ει
2140 3601 2283 3668 facta
2313 3611 2391 3655 est
2419 3604 2783 3672 tranquillitas
2810 3620 3001 3673 magna
3019 3605 3082 3656 ³⁷.

239 3682 325 3737 60.
365 3683 481 3738 Kal
514 3683 880 3755 ~éat’lfjcrlinmv
922 3684 1163 3754 χάριτος,
1212 3683 1294 3735 ὅτι
1345 3680 1422 3751 ('5)
1482 3680 1742 3751 διεσώθη-

1917 3689 2006 3747 60.
2036 3690 2100 3745 Et
2128 3692 2330 3761 impleti
2381 3701 2507 3747 sunt
2542 3696 2741 3763 gaudio
2771 3734 2787 3761 ,
2823 3696 3084 3765 quoniam
3114 3695 3250 3749 salvi
3284 3694 3416 3749 facti

176 3789 287 3829 σαν.

1848 3793 1993 3838 sunt.

239 3865 324 3919 6|.
360 3866 755 3920 Κατέπλευσαν
780 3866 888 3937 γὰρ
913 3867 991 3929 εἰς
1020 3864 1117 3936 τὴν
1148 3863 1331 3935 χώραν
1362 3862 1472 3917 τῶν
1499 3862 1744 3934 Γαδαρη-

1916 3876 2004 3928 61.
2022 3872 2422 3944 Navigaverunt
2441 3876 2586 3929 enim
2611 3875 2663 3929 in
2686 3877 2962 3946 regionem
2981 3876 3414 3931 Gadarcnorum.

173 3970 293 4011 νων.

237 4045 321 4101 62.
359 4048 721 4119 Διηγήσονται
753 4048 809 4101 ἐν
836 4047 1153 4118 Εὑαγγελίῳ
1186 4046 1284 4118 (4).

1246 4046 1284 4118 ).
1910 4047 2002 4102 62.
2039 4047 2348 4103 Narrabunt
2377 4047 2432 4102 in
2462 4049 2776 4121 Evangelio.

236 4140 326 4199 65.
358 4145 472 4197 Kal
498 4140 637 4195 αὐτὰ
659 4140 728 4194 τὰ
755 4141 1031 4211 θαυμάσια
1056 4139 1221 4194 αὑτοῦ
1269 4140 1363 4193 σὺν
1388 4140 1501 4203 τοῖς
1534 4137 1738 4202 λοιποῖς

1917 4141 2003 4196 6'5.
2034 4140 2100 4196 Et
2126 4142 2241 4196 haec
2266 4142 2534 4197 mirabilia
2564 4144 2705 4213 ejus,
2729 4153 2783 4199 et
2814 4145 2921 4199 alia
2951 4145 3077 4201 ﬁliis
3101 4146 3408 4205 hominum.

169 4234 277 4296 τοῖς
309 4232 383 4307 (5)
421 4236 557 4296 υἱοῖς
581 4233 685 4286 τῶν
715 4232 1032 4304 ἀνθρώπων.
2034 4320 2091 4336 m
2163 4320 2212 4336 ,Α
2286 4321 2299 4336 1
2856 4322 2892 4336 ν
2991 4323 3002 4334 ,
3196 4324 3207 4336 ,

236 4325 321 4379 64.
361 4326 653 4393 Δοξάσουσι
689 4325 848 4378 αὐτὸν
890 4324 979 4378 διὰ
1020 4325 1109 4377 τοῦ
1157 4326 1508 4397 κηρύγματος
1540 4327 1597 4378 ἐν
1625 4327 1736 4387 τοῖς

1913 4322 2002 4377 61.
2031 4320 2421 4377 Gloriiicabunt
2449 4335 2574 4375 eum
2600 4335 2697 4391 per
2728 4322 3169 4390 praedicationem
3195 4324 3248 4377 in
3275 4338 3409 4393 gen-

171 4414 387 4473 ἔθνεσιν.

1768 4439 1811 4491 D
1842 4415 2005 4469 tibus.

236 4509 319 4564 65.
352 4512 464 4567 Kal
504 4513 561 4564 ἐν
596 4514 661 4581 τῇ
692 4510 991 4563 ἀναπαύσει
1020 4508 1126 4562 τῶν
1164 4508 1334 4561 ἁγίων
1363 4506 1733 4560 αίνεσάτωσαν

1639 4522 1733 4559 σαν
1906 4504 1992 4558 65.
2023 4504 2089 4559 Et
2117 4504 2171 4558 in
2200 4503 2387 4558 reuuie
2418 4510 2733 4559 sanctorum
2762 4503 2985 4557 laudent
3011 4518 3161 4559 eum.

171 4601 342 4655 αὐτόν.

234 4692 319 4747 66.
361 4694 472 4758 Τὰς
500 4694 669 4763 φυλὰς
690 4693 798 4747 τῶν
829 4693 1119 4745 Ἰουδαίων.
1553 4781 1571 4785 Α
1670 4781 1680 4785 Α

1903 4686 1991 4740 66.
2022 4685 2218 4739 Tribus
2238 4684 2571 4741 Judaeorum.

234 4784 317 4839 67.
358 4789 469 4841 Καὶ
509 4786 617 4841 ἀπὸ
656 4785 765 4839 τῶν
807 4785 1042 4857 καρδιῶν
1081 4782 1258 4837 αὐτῶν
1302 4781 1497 4855 ἀφελεῖ
1523 4781 1598 4853 (6)
1632 4781 1732 4852 τὴν

1903 4777 1989 4831 67.
2043 4778 2107 4830 Et
2139 4793 2169 4831 e
2218 4776 2475 4830 cordibus
2512 4791 2702 4829 eorum
2738 4775 2943 4830 auferet
2986 4776 3213 4845 gratiam
3250 4792 3404 4832 suam

169 4875 317 4944 χάριν
341 4876 505 4931 αὐτοῦ
533 4876 621 4929 διὰ
653 4876 747 4946 τὴν
783 4875 1037 4928 ἀπιστίαν
1069 4873 1272 4926 αὐτῶν.

1173 4873 1272 4926 ὧν.
1829 4879 2050 4939 propter
2083 4885 2270 4923 eorum
2306 4869 2699 4923 inﬁdelitatem.

232 4966 316 5033 68,
341 4970 431 5023 69.
462 4969 572 5039 Τὴν
597 4968 914 5038 συναγωγὴν
950 4966 1046 5037 τὴν
1066 4966 1307 5062 ἄτεκνον.
1461 5052 1471 5062 ι
1617 5052 1627 5062 ι

1901 4961 1991 5026 68,
2022 4961 2109 5015 69.
2146 4960 2483 5031 Synagogam
2514 4960 2731 5015 sterilen

233 5053 317 5117 70,
343 5056 427 5108 71.
455 5057 565 5108 Kal
591 5056 687 5120 τὰς
717 5055 941 5126 καρδίας
970 5055 1149 5107 αὐτῶν
1192 5051 1379 5125 βρύειν
1421 5052 1520 5122 τὴν
1567 5052 1724 5121 χάριν

1902 5052 1989 5114 70,
2036 5053 2120 5105 71.
2168 5052 2232 5105 Ει
2284 5054 2449 5107 corda
2495 5068 2686 5108 eorum
2730 5061 2788 5105 ut
2831 5052 3133 5122 germinent
3172 5052 3398 5120 gratiam

166 5144 341 5200 αὐτοῦ.

1831 5159 2005 5198 suam.

296 5261 340 5290 3“
364 5261 551 5316 Matth.
579 5278 697 5328 vm,
727 5262 815 5315 25.
895 5262 936 5291 ³⁷
965 5260 1098 5316 Ibid.
1130 5259 1222 5314 ‘26.

1101 5413 1407 5477 Addenda
1450 5421 1511 5476 et
1547 5411 1920 5491 corrigenda
1951 5428 2031 5471 ex
2060 5410 2201 5471 cod.
2238 5409 2438 5470 Vatic.

227 5533 300 5605 (1)
337 5538 642 5607 Γεγόνασιν.
2001 5534 2314 5614 libari/eligi
2345 5538 2410 5588 τά
2444 5534 2567 5603 ἐλέη
2603 5534 2788 5587 αὐτοῦ.

230 5608 303 5690 S3)
329 5607 775 5690 Ἐξῇἵαῖενηςια
1005 5683 1029 5690 _
1116 5684 1137 5690 η

1886 5607 1962 5690 (5)
1985 5607 2151 5690 ,Τοῖς
2170 5608 2338 5659 deest.

226 5674 300 5745 (5)
336 5674 448 5731 Kal
467 5674 859 5750 ἐπληρώθησαν
891 5683 1081 5752 χαρᾶς,
1112 5684 1212 5743 ὅτι,
1245 5692 1344 5735 ulc.
1885 5674 1960 5747 (6)
1985 5677 2244 5742 Ἀρεῖῖιεν.

467 5774 740 5834 ΡΑτιιοι..
800 5774 916 5833 Gn.
968 5777 1136 5835 XXV
1156 5780 1225 5838 il.
3037 5765 3115 5822 36
