3874 6222
406 302 537 360 1151
1267 293 1323 347 S.
1366 288 1739 345 ATHANASII
1778 287 1929 345 OPP.

2195 282 2280 340 111.
2322 314 2393 323 —-
2432 282 2850 338 EXEGETlCA.
3543 272 3698 334 “32

485 418 565 472 ιι.
590 414 656 470 Et
678 423 879 469 terram
906 413 1024 469 sine
1052 426 1193 481 aqua
1216 410 1270 465 in
1298 410 1477 464 exitus
1502 421 1791 479 aquarum.

2015 416 2062 470 Α
2159 402 2243 455 71.
2288 402 2396 455 Kal
2420 402 2526 470 γῆν
2556 400 2779 471 ἄνυδρον
2807 400 2887 462 εἰς
2912 395 3178 462 διεξόδους
3208 394 3441 448 ὐδάτων.

481 510 567 564 72.
595 508 660 563 Ει
681 506 968 562 collocavit
1001 505 1112 559 illic
1141 504 1447 559 esurientes
1474 518 1487 553 :

2158 494 2244 547 79..
2285 496 2396 547 Kal
2423 493 2729 563 κατῴκισεν
2756 494 2872 544 ἐκεῖ
2897 488 3205 550 πεινῶντας
3224 503 3239 517 ⁸

481 602 569 655 75.
605 601 671 655 Et
699 598 1100 653 constituerunt
1129 594 1378 649 civitates
1406 589 1787 645 habitationis.

2158 586 2244 641 '75.
2286 586 2397 638 Kal
2426 560 2821 655 συνεστήσαντο
2848 580 3032 643 πόλεις
3065 560 3444 639 κατοικεσίας.

488 696 564 748 μί.
579 692 645 747 Et
664 692 1072 748 seminaverunt
1091 694 1335 751 auros,et
1356 684 1739 755 plantaverunt
1762 681 1982 735 vineas:

2162 679 2247 733 74.
2286 678 2396 732 Kal
2424 677 2684 747 ἕσπειραν
2717 675 2946 749 ἀγροὺς,
2964 674 3057 727 καὶ
3075 671 3384 741 ἐφύτευσαν
3425 667 3692 739 ἀμπελῶ-

2090 788 2183 835 νας
2200 788 2213 801 ·

476 869 561 924 75.
593 867 658 923 Et
692 868 937 923 fecerunt
971 864 1208 920 fructum
1238 862 1560 918 nativitatis.

2159 862 2246 916 73.
2289 862 2400 914 Kal
2428 859 2689 931 ἐποίησαν
2713 858 2926 931 καρπὸν
2955 860 3326 929 γεννήματος.

486 960 571 1015 76.
596 959 661 1015 Et
682 958 957 1015 benedixit
980 957 1082 1023 eis,
1111 966 1164 1010 et
1196 953 1538 1024 multiplicati
1566 960 1695 1008 sunt
1726 948 1937 1022 [nimis]
1970 969 1982 1004 :

2164 952 2247 1006 76.
2291 952 2402 1007 Kal
2431 951 2724 1022 εὐλόγησεν
2740 950 2958 1015 αὐτοὺς,
2976 949 3072 1002 καὶ
3090 943 3506 1016 ἐπληθύνθησαν
3530 941 3694 1015 [σφό-

2090 1046 2241 1116 δρα]’

482 1139 568 1192 77.
604 1138 671 1193 Et
690 1138 933 1209 jumenta
963 1151 1151 1193 eorum
1189 1150 1298 1189 non
1325 1132 1635 1187 minoravit.

2090 1046 2119 1098 δ
2158 1064 2191 1099 α
2225 1060 2241 1076 ⁸

2123 1042 2250 1192 p711.
2290 1138 2401 1191 Kal
2432 1136 2498 1190 τὰ
2525 1136 2700 1206 κτήνη
2730 1135 2909 1188 αὐτῶν
2934 1134 3033 1187 οὐκ
3064 1131 3384 1203 ἐσμίκρυνε.

478 1232 566 1287 78.
602 1231 667 1286 Ει
693 1231 851 1302 pauci
884 1229 1013 1285 facti
1038 1239 1186 1295 sunt,
1214 1236 1268 1283 et
1298 1227 1477 1283 vexati
1512 1235 1660 1283 sunt.

2162 1231 2251 1285 78.
2292 1232 2403 1284 Kal
2436 1228 2816 1300 ὼλιγώθησαν,
2844 1228 2939 1281 καὶ
2978 1224 3338 1295 ἐκακώθησαν

482 1325 567 1378 79.
594 1323 641 1377 Α
673 1324 1021 1378 tribulatione
1045 1322 1313 1377 malorum
1337 1333 1391 1377 et
1424 1322 1631 1375 dolore.

2163 1324 2249 1379 79.
2299 1321 2430 1374 Ἀπὸ
2469 1320 2700 1390 θλίψεως
2734 1320 2921 1374 κακῶν
2957 1321 3051 1373 καὶ
3082 1316 3295 1387 ὀδύνης.

482 1416 572 1469 80.
594 1415 776 1471 Effusa
805 1424 887 1469 est
910 1413 1244 1482 contemptio
1268 1429 1431 1483 super
1456 1412 1730 1482 principes
1759 1424 1949 1463 eorum
1974 1425 1986 1462 :

2164 1412 2251 1468 80.
2285 1412 2545 1483 Ἐξεχύθη
2578 1412 2924 1476 ἐξουδένωσις
2954 1411 3040 1463 ἐπ’
3074 1409 3345 1480 ἄρχοντας
3374 1404 3557 1457 αὐτῶν
3583 1403 3690 1471 (α)-

482 1508 569 1561 81.
601 1507 667 1562 Ει
690 1522 875 1562 errare
903 1506 1029 1561 fecit
1059 1522 1154 1561 eos
1188 1507 1243 1560 in
1273 1505 1440 1571 invio,
1472 1513 1527 1560 et
1558 1519 1666 1558 non
1694 1502 1748 1556 in
1776 1502 1880 1556 via.

2166 1506 2255 1559 81.
2284 1506 2395 1558 Kal
2416 1504 2722 1575 ἐπλάνησεν
2754 1502 2951 1564 αὐτοὺς
2983 1503 3041 1554 ἐν
3074 1499 3289 1568 ἀϐάτῳ,
3323 1497 3419 1550 καὶ
3439 1496 3538 1565 οὐχ
3562 1492 3691 1564 όδῷ.

483 1597 570 1652 82.
600 1598 665 1653 Et
690 1598 898 1668 adjuvit
919 1614 1211 1668 pauperem
1240 1598 1304 1651 de
1334 1596 1517 1666 inOpia
1550 1613 1563 1647 :

2168 1596 2257 1649 82.
2296 1597 2405 1648 Kal
2437 1595 2703 1665 ἐϐοήθησε
2736 1594 2930 1664 πένητι
2959 1595 3023 1646 ἐκ
3056 1590 3364 1661 πτωχείας·

485 1689 572 1743 85.
602 1688 667 1742 Ει
694 1688 875 1758 posuit
906 1690 1048 1743 sicut
1080 1704 1207 1743 oves
1234 1687 1496 1742 familias.

2166 1689 2253 1743 85.
2292 1690 2403 1742 Kal
2434 1688 2589 1741 ἔθετο
2626 1687 2702 1750 ὡς
2726 1687 2977 1757 πρόϐατα
3006 1685 3261 1754 πατριάς.

484 1781 570 1835 84.
604 1780 875 1836 Videbunt
907 1782 1062 1848 recti,
1092 1790 1144 1835 et
1174 1780 1535 1835 laztabuntur:

2027 1792 2071 1847 Β
2170 1778 2259 1833 84.
2302 1779 2563 1849 Ὄψονται
2594 1778 2793 1841 εὐθεῖς,
2823 1777 2918 1829 καὶ
2956 1774 3452 1846 εὐφρανθήσονται·

485 1875 573 1929 85.
607 1872 675 1928 Ει
704 1874 882 1929 omnis
912 1874 1168 1944 iniquitas
1196 1873 1457 1943 oppilabit
1481 1886 1543 1926 os
1574 1886 1759 1926 suum.

2168 1871 2256 1924 85.
2305 1872 2417 1924 Kal
2448 1873 2596 1924 πᾶσα
2652 1868 2852 1940 ἀνομία
2885 1864 3157 1939 ἐμφράξει
3186 1866 3247 1918 τὸ
3280 1864 3456 1935 στόμα
3494 1859 3693 1933 αὐτῆς.

482 1964 572 2018 86.
601 1964 736 2029 Quis
763 1966 980 2035 sapiens
1009 1974 1063 2019 et
1088 1964 1357 2019 custodiet
1383 1962 1535 2017 haec?

2171 1962 2257 2015 86.
2296 1964 2392 2026 Τίς
2426 1964 2588 2033 σοφὸς
2620 1962 2712 2015 καὶ
2744 1959 2974 2030 φυλάξει
3007 1959 3210 2025 ταῦτα;

486 2055 575 2110 87.
602 2056 668 2112 Et
700 2057 961 2128 intelliget
987 2056 1393 2113 misericordias
1416 2054 1675 2111 Domini?

2172 2054 2260 2108 87.
2290 2055 2402 2109 Kal
2434 2056 2727 2126 συνήσουσι
2756 2052 2825 2107 τὰ
2852 2053 2975 2123 ἐλέη
3006 2050 3099 2105 τοῦ
3138 2048 3382 2121 Κυρίου;

488 2213 565 2284 (α)
592 2210 783 2265 Αὐτῶν
814 2212 984 2268 deest.

1540 2364 1918 2423 ATHANASII
1959 2359 2562 2420 INTERPRETATIO.

490 2649 577 2702 79.
612 2644 1010 2702 Multitudinem
1043 2641 1287 2715 gentium
1314 2640 1370 2695 in
1392 2638 1657 2695 Ecclesia.

2170 2634 2258 2688 72.
2300 2632 2374 2686 Τὸ
2404 2632 2606 2705 πλῆθος
2634 2631 2745 2685 τῶν
2769 2630 2940 2687 ἐθνῶν
2964 2630 3023 2685 ἐν
3052 2633 3119 2703 τῇ
3149 2628 3476 2702 Ἐκκλησία.

486 2739 581 2793 7⁵5.
614 2736 816 2791 Eorum
849 2733 1033 2790 corda.

2173 2727 2259 2781 73.
2300 2724 2412 2787 Τὰς
2438 2725 2665 2796 καρδίας
2692 2723 2892 2779 αὐτῶν.

491 2830 581 2885 71.
613 2828 858 2899 Apostoli
889 2827 1054 2882 corda
1082 2826 1350 2897 gentium.
1944 2804 1945 2807 η

1944 2804 1945 2807 η
2169 2817 2259 2871 74.
2301 2818 2365 2870 Οἱ
2396 2817 2683 2871 ἀπόστολοι
2706 2816 2806 2879 τὰς
2838 2814 3069 2888 καρδίας
3092 2816 3200 2870 τῶν
3234 2816 3424 2871 ἐθνῶν.

489 2920 576 2977 75.
607 2920 806 2975 Gentes
843 2918 1084 2973 fructum
1114 2916 1363 2988 iustitiae.

2173 2908 2260 2963 75.
2304 2908 2386 2960 Τὰ
2410 2908 2537 2979 ἐθνη
2568 2907 2781 2980 καρπὸν
2807 2908 3175 2976 δικαιοσύνης.

487 3011 577 3064 76.
601 3008 835 3065 Fideles.

2178 2999 2265 3053 76.
2306 3000 2445 3063 Τοὺς
2476 2999 2722 3063 πιστούς.

492 3103 579 3157 77.
605 3100 672 3155 Ει
698 3099 931 3155 humiles
956 3099 1095 3153 inter
1122 3112 1240 3165 eos,
1263 3104 1316 3152 et
1335 3096 1496 3153 mites
1515 3110 1621 3150 non
1640 3093 1997 3151 contempsit.

2187 3092 2272 3145 77.
2316 3094 2425 3145 Kal
2448 3094 2574 3157 τοὺς
2600 3093 2890 3157 ταπεινοὺς
2922 3092 3123 3161 αὐτῶν,
3148 3094 3241 3147 καὶ
3272 3092 3348 3164 (1)
3378 3095 3577 3165 πραεῖς
3600 3095 3703 3148 οὐκ

2108 3178 2480 3245 ἐξουδένωσεν.

500 3279 583 3335 78.
617 3277 856 3347 Populus
881 3274 1217 3330 Iudaeorum.

2180 3271 2267 3325 78.
2300 3270 2357 3326 '0
2390 3271 2517 3337 λαὸς
2546 3271 2655 3328 τῶν
2688 3274 2982 3329 Ἰουδαίων.

498 3370 579 3425 79.
605 3372 650 3423 Α
682 3367 1033 3423 tribulatione
1062 3364 1357 3428 malorum,
1378 3371 1432 3416 et
1463 3359 1694 3425 doloris,
1714 3373 1881 3430 quam
1915 3356 2002 3412 in-

2178 3364 2267 3419 79.
2298 3365 2435 3418 Ἀπὸ
2479 3365 2713 3435 θλίψεως
2744 3367 2822 3436 (9.)
2878 3366 3063 3420 κακῶν
3102 3367 3199 3420 καὶ
3242 3367 3340 3438 τῆς
3379 3367 3577 3439 ὀδύνης
3603 3370 3704 3439 τῆς

422 3466 663 3522 tulerunt
693 3462 773 3517 eis
803 3466 1009 3530 gentes,
1037 3471 1160 3528 qua;
1188 3456 1242 3509 in
1274 3470 1369 3511 eos
1400 3452 1699 3509 dominata:
1729 3460 1878 3507 sunt.

2175 3456 2406 3527 νομένης
2421 3457 2606 3521 αὐτοῖς
2632 3457 2785 3529 παρὰ
2806 3458 2915 3512 τῶν
2943 3459 3113 3512 ἐθνῶν
3146 3458 3255 3513 τῶν
3292 3461 3705 3533 κυριευσάντων

2108 3547 2330 3612 αὐτούς.
3374 3588 3377 3591 η
3472 3556 3473 3559 ‘

498 3643 585 3697 80.
618 3641 957 3697 Judzeorum.

2178 3641 2266 3697 80.
2298 3640 2418 3694 Τῶν
2451 3641 2743 3696 Ἰουδαίων.

498 3736 587 3791 8|.
634 3733 702 3786 Et
748 3730 969 3788 demisit
1011 3714 1109 3785 eos
1150 3726 1403 3782 incedere
1446 3726 1505 3781 in
1555 3723 2005 3796 concupiscentia

2178 3733 2266 3787 81.
2298 3734 2407 3787 Kal
2452 3734 2633 3786 εἴασεν
2685 3734 2883 3797 αὐτοὺς
2913 3736 2981 3805 τῇ
3012 3734 3277 3807 ἐπιθυμία
3309 3734 3421 3790 τῶν
3458 3734 3706 3807 καρδιῶν

425 3828 673 3884 cordium
708 3839 960 3880 suorum.

2108 3824 2286 3877 αὐτῶν
2313 3826 2387 3895 (5)
2413 3824 2762 3896 πορεύεσθαι.

496 3921 582 3975 8‘2.
612 3918 879 3987 Populum
911 3931 979 3970 ex
1010 3912 1286 3985 gentibus.

2179 3916 2267 3969 δε.
2303 3914 2392 3985 Τῷ
2423 3916 2497 3985 (ιι)
2533 3912 2592 3981 ἐξ
2618 3900 2788 3970 ἐθνῶν
2817 3916 2957 3988 λαῷ.

496 4012 583 4066 85.
616 4009 836 4064 Gentes.

2180 4008 2269 4061 εδ.
2301 4008 2381 4061 Ta
2408 4007 2559 4077 ιονη.

497 4105 585 4158 84.
624 4102 837 4156 Sanctae
871 4099 1101 4153 virtutes
1151 4096 1455 4168 gaudentes
1485 4094 1845 4151 clamabunt:
1877 4092 2005 4149 Glo-

2180 4099 2269 4155 84.
2306 4101 2370 4152 Αί
2404 4100 2557 4168 ἅγιαι
2586 4099 2846 4170 δυνάμεις
2880 4100 3201 4172 χαιρόμεναι
3233 4100 3471 4171 βοήσωσι
3497 4119 3511 4131 θ
3543 4102 3706 4167 Δόξα

424 4197 506 4251 ria
537 4196 588 4248 in
617 4192 897 4249 altissimis
925 4190 1055 4255 Deo,
1089 4198 1138 4244 et
1168 4192 1224 4245 in
1260 4198 1401 4245 terra
1429 4205 1537 4259 pax
1560 4189 1627 4257 ³⁸,
1665 4200 1770 4244 etc.

2174 4210 2180 4224 ι
2206 4193 2489 4261 ὑψίστοις
2528 4192 2649 4259 Θεῷ
2677 4192 2775 4246 καὶ
2806 4193 2905 4246 ἐπὶ
2951 4191 3065 4263 γῆς
3105 4191 3313 4262 εἰρήνη
3342 4193 3441 4262 (5),
3471 4194 3569 4247 καὶ
3632 4194 3704 4247 τὰ

2114 4282 2263 4344 ἑξῆς.

498 4370 586 4425 85.
620 4369 686 4422 Et
719 4368 901 4423 omnis
934 4368 1217 4422 contraria
1266 4373 1510 4435 potestas
1557 4364 1781 4419 confusa
1832 4372 2009 4419 conti-

2216 4300 2263 4344 ς.

2176 4300 2269 4427 85.
2322 4374 2433 4426 Kal
2487 4376 2634 4429 πᾶσα
2682 4374 2903 4430 ἐναντία
2954 4374 3185 4446 δύναμις
3240 4375 3704 4446 καταισχυνθεῖσα

421 4470 605 4520 cescet
628 4476 751 4515 cum
777 4474 874 4514 sua
901 4458 1170 4513 doctrina.

2114 4466 2380 4517 παύσεται
2413 4466 2550 4537 μετὰ
2574 4467 2673 4536 τῆς
2698 4467 2917 4537 διδαχῆς
2949 4467 3127 4521 αὐτῶν
3162 4466 3260 4533 (6).

495 4554 587 4620 86,
636 4554 727 4608 87.
776 4550 898 4606 Non
942 4551 1113 4605 dicit:
1148 4549 1283 4617 Quis
1317 4549 1536 4618 sapiens
1568 4547 1734 4619 hujus
1767 4546 2005 4601 mundi?

2181 4556 2269 4619 86,
2305 4556 2394 4609 87.
2431 4556 2508 4609 Οὐ
2540 4557 2722 4624 λέγει’
2754 4558 2849 4621 Τίς
2881 4557 3043 4628 σοφὸς
3084 4558 3176 4611 τοῦ
3223 4558 3428 4629 κόσμου
3458 4559 3659 4613 τούτου
3685 4577 3699 4624 ;

421 4650 517 4705 sed
547 4647 675 4721 quis
712 4646 949 4715 repletus
983 4644 1248 4714 sapientia
1273 4641 1618 4705 abscondita,
1670 4652 1730 4695 ut
1764 4649 1946 4695 mente

2169 4648 2247 4700 .λὰ
2266 4648 2365 4717 τῆς
2384 4649 2884 4720 ἀποκεκρυμμένης
2903 4650 3093 4720 σοφίας
3114 4650 3197 4713 τίς
3216 4650 3699 4721 ἐμπεπλησμένος,

424 4754 581 4794 suam
641 4736 888 4790 advertat
917 4734 986 4789 ad
1016 4749 1109 4800 ea,
1144 4747 1267 4803 qua:
1309 4731 1401 4787 hic
1443 4731 1587 4786 dicta
1622 4740 1786 4795 sunt,
1822 4739 1877 4785 et
1906 4746 1954 4787 Ct

2173 4754 2203 4790 α
2230 4738 2443 4811 πρόσχῃ
2474 4741 2541 4810 τῇ
2575 4738 2784 4811 διανοίᾳ
2812 4738 2998 4813 [πρὸς]
3028 4739 3199 4794 ταῦτα
3223 4741 3293 4794 τὰ
3320 4741 3592 4812 εἰρημένα
3621 4744 3703 4795 ἐν-

426 4836 649 4901 gnoscat
702 4826 1115 4883 misericordias
1155 4822 1377 4881 Domini
1411 4825 1732 4889 immensas,
1764 4832 1817 4876 et
1851 4822 1956 4876 invi

2172 4828 2308 4892 ιῦθα,
2339 4831 2432 4883 καὶ
2464 4831 2671 4902 ἐπιγνῷ
2696 4832 2765 4885 τὰ
2792 4832 2915 4902 ἐλέη
2945 4832 3040 4887 τοῦ
3078 4832 3281 4887 Κυοίου
3310 4832 3378 4886 τὰ
3412 4833 3702 4900 ἀμέτοτπτα

425 4921 705 4993 atigabiles
725 4919 747 4975 2

2120 4922 2211 4972 καὶ
2240 4922 2619 4994 ἀνεξιχνίαστα
2637 4940 2651 4989 ;

534 5104 579 5136 ³⁸
612 5102 744 5156 Luc.
772 5099 950 5167 ιι,·.1ι1.

1389 5253 1699 5316 Addenda
1743 5261 1802 5315 et
1833 5266 2205 5330 corrigenda
2252 5268 2332 5313 ex
2368 5252 2507 5313 cod.
2542 5252 2745 5315 Vatic.

505 5426 582 5493 ιι)
621 5423 920 5486 Ταπεινοὺς
948 5421 1026 5493 τῷ
1052 5417 1349 5493 πνεύματι,
1377 5434 1492 5479 και,
1529 5428 1658 5493 etc._
2190 5418 2265 5493 (ᾗ)
2290 5416 2535 5493 ,λαῷ
2557 5416 2673 5493 τῶν
2703 5418 2764 5493 ἐξ
2793 5419 2983 5493 ἐθνων.

506 5487 584 5636 (2)
614 5493 877 5563 Θλίψεων,
914 5487 1045 5557 ειεζ,
1078 5488 1489 5563 κυριευσάντων
1520 5487 1719 5543 αὐτῶν.
2188 5487 2263 5628 ἕῦ)
2290 5487 2518 5559 Εἰρήνη,
2552 5490 2609 5545 ἐν
2632 5488 2941 5563 ἀνθρώποις
2972 5491 3208 5549 εὐδοκία..

506 5564 564 5635 (3
614 5562 772 5620 Deest
802 5578 1023 5635 κφλςια.
2212 5558 2264 5629 6)
2294 5558 2491 5630 Αὐτῆς.

505 5558 582 5635 (3)
614 5558 772 5620 Deest
802 5578 1023 5635 Αῳλςια.
1152 5558 1167 5563 ⁷

960 5578 1023 5616 κα.
1152 5558 1167 5563 ⁷
2190 5558 2264 5629 (6)
2294 5558 2490 5630 Αὐτῆς.
