1937 3111
69 174 80 201 1
89 174 139 201 1Ξῦ

104 276 129 301 1.
149 274 264 309 Ἑτοίμη
278 275 295 309 ἠ
308 274 406 309 καρδία
421 282 482 308 μου,
496 275 509 300 ὁ
520 273 596 306 Θεὸς,
612 274 706 309 ἑτοίμη
719 273 783 310 (α)ή
797 282 864 308 καρ-

67 320 110 347 δία
130 329 183 356 μου
194 329 201 336 ·

101 365 129 392 ‘2.
152 366 274 399 ’Δσομαι
287 363 335 390 καὶ
350 363 427 398 ψαλῶ
444 363 473 389 ὲν
487 364 519 398 τῇ
537 363 600 399 δόξῃ
614 371 676 398 μου.

102 411 129 436 5.
155 409 342 446 Ἐξεγέρθητι,
357 410 374 444 ἡ
391 409 454 442 δόξα
471 417 536 444 μου·

103 455 132 483 4.
153 455 344 491 Ἐξεγέρθητι,
356 454 504 490 ψαλτήριον
517 455 564 481 καὶ
578 453 693 488 κιθάρα·

103 502 130 528 5.
155 501 250 535 Ἐξεγε
255 500 389 536 ρθήσομαι
403 499 450 536 όρθ
455 509 513 534 ρου.

103 545 130 572 6.
151 544 403 580 Ἐξομολογήσομαι
420 553 461 570 σοι
477 544 507 571 ἐν
519 544 605 578 λαοῖς,
619 544 704 579 Κύριε
714 553 720 559 ⁸

104 592 130 618 7.
147 591 237 618 Ψαλῶ
251 599 292 617 σοι
305 592 333 617 ὲν
345 591 460 618 ἔθνεσιν.

104 639 131 664 8.
150 637 216 663 Ὀτι
235 637 305 672 μέγα
324 636 417 663 ἐπάνω
432 635 487 662 τῶν
503 635 626 672 οὐρανῶν
650 635 681 662 τὸ
705 635 778 667 ἔλεός
797 643 843 661 σου

104 683 131 710 9.
147 682 206 709 Καὶ
219 682 271 714 ἕως
283 682 337 709 τῶν
353 681 499 717 νεφελῶνὴ
516 681 627 717 ἀλήθειά
642 689 699 707 σου.

105 730 149 757 10.
171 728 313 764 ’Υψώθητι
329 729 376 755 ἐπὶ
389 728 452 760 τοὺς
467 727 608 763 οὐρανοὺς,
624 728 638 753 ὁ
649 727 714 758 Θεός
724 735 730 742 υ

106 779 150 805 11.
171 778 231 805 Καὶ
245 778 291 804 ἐπὶ
304 777 393 803 πᾶσαν
412 776 461 811 τὴν
477 775 528 810 γῆν
544 776 560 809 ἡ
577 774 639 807 δόξα
663 783 719 801 σου.

106 825 150 852 12.
169 825 267 856 Ὅπως
282 824 315 851 ἂν
332 822 466 858 ῥυσοῶσιν
481 824 505 849 οἱ
522 820 657 855 ἀγαπητοί
675 829 719 847 σου

107 871 151 898 15.
170 870 265 897 Σῶσον
281 871 314 905 τῇ
330 869 405 904 δεξιᾷ
422 877 468 895 σου
478 888 485 901 ,
503 868 550 895 καὶ
565 867 716 894 ὲπάκουσόν
732 874 792 902 μου.

107 917 151 945 14.
172 917 203 943 '0
220 916 287 948 Θεδς
302 915 431 950 ἐλάλησεν
448 915 476 941 ὲν
489 914 527 949 τῷ
540 914 609 949 ἁγίῳ
625 912 707 940 αὑτοῦ
717 921 724 928 ·

108 962 151 989 15.
175 961 393 997 ’Υψωθήσωμαι,
410 960 457 986 καὶ
472 959 604 995 διαμεριῶ
619 959 734 994 Σίκιμα·

108 1018 146 1054 (a)
164 1018 247 1047 Vers.
262 1019 290 1051 2,
311 1018 432 1054 Ἑτοίμη,
444 1024 510 1051 ctc.,
527 1017 591 1054 δόξῃ
608 1026 670 1053 μου.

531 171 576 199 DE
596 171 733 200 TlTULlS
752 171 1019 200 ΡεΑιΜοιιωιέ-
1030 172 1127 201 PSAL.
1143 171 1226 201 CVII.

73 229 144 265 ᾨδὴ
177 229 302 264 ψαλμὸς
325 227 471 264 [ψαλμοῦ]
491 227 532 260 τῷ
552 227 651 255 Δαϐίδ.
681 229 769 255 ΨΑΛ.
797 229 862 255 PZ'.
879 232 903 261 Α

1631 173 1700 200 1151

1009 228 1149 256 Canticum
1168 229 1264 264 psalmi
1283 228 1378 255 David.
1398 227 1496 255 PSAL.
1510 227 1603 255 CVII.

954 273 978 300 1.
989 273 1117 301 Paratum
1130 282 1176 302 cor
1189 282 1289 307 meum,
1303 274 1384 305 Deus,
1397 279 1521 309 paratum
1535 282 1581 301 cor
1593 282 1698 301 meum:

951 362 978 388 2.
996 356 1118 389 Cantabo
1132 366 1159 389 et
1172 362 1284 397 psallam
1299 362 1326 389 in
1340 362 1425 398 gloria
1441 370 1511 390 mea.

951 407 978 436 5.
994 407 1124 443 Exsurge.
1139 408 1223 443 gloria
1242 416 1301 435 mea
1318 416 1325 434 :

951 453 979 480 4.
997 453 1127 489 Exsurge,
1146 454 1303 488 ps:ulterium
1317 458 1344 482 et
1356 454 1460 482 cithara
1475 463 1482 480 :

951 500 979 527 5.
997 499 1147 535 Exsurgam
1162 500 1292 528 diluculo.

949 545 978 573 6.
993 545 1148 573 Conlitebor
1163 546 1211 574 tibi
1223 546 1250 573 in
1265 547 1383 582 populis,
1396 547 1529 575 Domine:

953 592 978 618 7.
995 592 1028 619 Et
1043 592 1156 627 psallam
1168 593 1216 620 tibi
1229 593 1256 620 in
1270 593 1436 621 nationibus.

952 637 977 664 8.
992 637 1060 670 Quia
1077 646 1175 674 magna
1190 642 1232 666 est
1245 646 1326 674 super
1339 640 1422 667 caelos
1438 639 1621 668 misericordia
1634 644 1697 668 tua:
1748 643 1751 647 '

951 685 977 711 9.
993 683 1024 710 Et
1041 692 1126 719 usque
1141 684 1174 711 ad
1191 685 1277 712 nubes
1293 685 1392 713 veritas
1409 688 1465 712 tua.

952 730 985 756 10
1008 729 1134 757 Exaltare
1148 737 1229 765 super
1245 731 1345 762 caelos,
1362 730 1434 758 Deus
1448 740 1455 756 :

953 775 996 803 11.
1014 775 1045 803 Et
1059 784 1141 811 super
1155 784 1263 804 omnem
1280 781 1378 804 terram
1395 777 1480 812 gloria
1498 781 1552 805 tua.

952 821 994 848 12.
1014 820 1049 848 Ut
1065 822 1213 849 liberentur
1228 822 1317 849 dilecti
1332 822 1369 849 tui
1383 830 1390 848 :

954 866 996 894 l5.
1015 866 1126 895 Salvum
1142 869 1184 895 fac
1196 868 1305 895 dextera
1321 872 1378 901 tua,
1392 872 1420 895 et
1433 868 1530 895 exaudi
1545 875 1598 895 me.

955 913 995 940 M.
1015 913 1086 941 Deus
1104 914 1213 941 locutus
1227 916 1268 941 est
1284 914 1310 940 in
1328 918 1422 941 sancto
1438 922 1489 942 suo
1506 922 1512 939 :

954 958 997 985 15.
1016 959 1170 992 Exaltabor,
1183 964 1209 987 et
1223 960 1340 987 dividam
1356 958 1504 987 Sichimam
1518 968 1524 973 ·

638 1091 826 1121 ATHANASII
849 1091 1141 1119 INTERPRETATIO.

114 1174 148 1200 Ἡ
162 1172 333 1210 προκειμένη
350 1172 491 1208 ἐπιγραφὴ
516 1171 640 1208 περιέχει
655 1171 692 1207 (1)
704 1179 712 1186 ·
741 1170 810 1206 ’ῼόὴ
825 1168 947 1204 ψαλμοῦ
962 1168 1002 1201 τῷ
1013 1168 1111 1202 Δαϐὶὸ,
1125 1169 1194 1204 ὅπερ
1206 1168 1387 1205 ἑρμηνεύεται
1399 1168 1431 1195 τὸ
1443 1166 1519 1204 ᾆσμα
1529 1168 1576 1195 τοῦ
1589 1167 1698 1204 ψαλμοῦ

76 1219 115 1252 τῷ
128 1220 223 1254 ἱκανῷ
242 1220 280 1255 τῇ
292 1220 380 1255 χειρὶ,
394 1220 516 1246 τουτέστι
530 1219 569 1254 τῷ
584 1218 641 1254 Υἱῷ
657 1219 704 1245 τοῦ
724 1218 791 1245 Θεοῦ
808 1218 857 1254 (2).

110 1279 220 1306 Titulus
232 1278 395 1313 praepositus
408 1277 531 1305 continet
545 1286 551 1304 :
565 1276 706 1304 Canticum
721 1277 818 1312 psalmi
832 1276 928 1307 David,
945 1274 1018 1310 quod
1031 1274 1234 1308 interpretatur,
1251 1272 1396 1300 Canticum
1413 1273 1509 1308 psalmi
1528 1282 1607 1302 manu
1621 1275 1699 1311 forti»

77 1324 128 1352 hoc
142 1328 186 1352 est
199 1324 249 1351 Dei
266 1322 346 1350 Filio.

111 1383 137 1410 1.
154 1383 202 1414 Εἰς
214 1382 246 1409 τὸ
261 1380 420 1413 δοξάζεσθαι
436 1381 473 1416 (3)
487 1379 543 1417 τὴν
555 1380 634 1416 χάριν
649 1389 707 1407 σου.

110 1428 137 1455 2.
155 1429 202 1455 Ἐν
215 1427 376 1462 ἀγαλλιάσει
391 1426 441 1461 τῆς
457 1426 568 1462 χάριτός
584 1435 630 1453 σου
646 1426 724 1461 ψαλῶ
740 1426 788 1462 (4).

111 1471 137 1498 5.
151 1471 231 1498 Ἐλθὲ
244 1472 273 1498 ὲν
290 1472 322 1506 τῇ
337 1470 441 1505 διανοίᾳ
455 1479 517 1505 μου,
529 1472 542 1497 ό
557 1471 622 1502 Θεός
635 1470 684 1506 (5).

112 1517 138 1544 4.
154 1518 212 1544 Καὶ
226 1517 382 1544 διανίστασο
395 1518 434 1553 (6)
449 1518 479 1544 τὸ
496 1517 605 1553 πνεῦμά
622 1526 674 1553 μου
692 1517 741 1544 σὺν
758 1518 792 1552 τῇ
807 1517 866 1543 δια-

79 1561 136 1598 νοίᾳ
152 1571 215 1598 μου.

113 1578 236 1635 grata»;
246 1608 367 1645 φωτίσῃς
379 1617 412 1644 με
423 1608 467 1635 διὰ
477 1608 524 1644 τῆς
532 1608 643 1643 χάριτός
655 1617 711 1641 σου,
720 1608 779 1635 τότε
793 1608 868 1644 ὲξερ-
881 1578 901 1606 c

79 1651 194 1688 Θήσομαι
211 1653 252 1689 (7)
273 1654 306 1689 τῇ
320 1653 429 1688 καρδίᾳ.

113 1697 138 1724 6.
153 1699 216 1725 ‘Avu
222 1698 316 1734 μνήσω
332 1707 361 1725 σε
375 1700 404 1725 ὲν
417 1698 501 1731 λαοῖς,
515 1698 612 1734 Κύριε.

114 1744 140 1770 7.
155 1744 267 1777 Δοξάσω
283 1753 313 1771 σε
334 1745 364 1771 ὲν
382 1746 438 1777 τοῖς
450 1745 563 1771 ἔθνεσιν.

115 1789 140 1817 8.
157 1790 311 1827 Διηγοῦμεν
327 1790 365 1826 (8)
381 1791 473 1823 πᾶσιν,
491 1791 533 1817 ὅτι
546 1791 630 1822 πολὺς
640 1791 655 1817 ὸ
668 1790 762 1826 μισθὸς
775 1792 789 1818 ό
800 1792 868 1818 ἁπο-

84 1834 204 1870 κείμενος
217 1837 275 1867 τοῖς
289 1835 417 1870 ἀγαπῶσι
433 1844 474 1863 σε.

116 1881 141 1908 9.
157 1882 213 1908 Καὶ
240 1883 258 1917 ἡ
281 1881 432 1916 ἐπαγγελία
447 1882 501 1908 τῶν
524 1881 673 1917 μελλόντων
692 1880 801 1915 ἀγαθῶν
817 1881 869 1913 ἕως

83 1925 134 1952 τῶν
150 1926 235 1961 ἁγίων
252 1926 290 1962 (9)
303 1926 358 1954 τῶν
372 1927 582 1963 κεχωρισμένων
595 1927 627 1953 ὲκ
639 1927 688 1962 τῆς
703 1926 765 1961 γῆς,

116 1972 158 1998 10.
176 1973 361 2009 ’Λναλήφοητι
374 1974 420 2000 ἐπὶ
435 1975 498 2005 τοὺς
514 1974 661 2009 οὐρανοὺς,
675 1973 690 1999 ὁ
705 1973 780 2004 Θεὸς.

120 2017 160 2045 11.
177 2019 235 2046 Καὶ
248 2020 294 2045 ἐπὶ
310 2019 441 2047 πάντατὰ
451 2019 514 2055 ἔθνη
529 2019 559 2046 τὸ
571 2020 701 2055 κήρυγμα
716 2018 769 2045 τῶν
783 2018 870 2054 παθη-

86 2064 174 2097 μάτων
192 2075 240 2093 σου
260 2066 326 2101 (10).

119 2110 159 2139 1Ξ.
174 2113 206 2139 Οἱ
219 2112 392 2144 πιστεύοντες
406 2112 446 2144 εἰς
461 2111 501 2138 σέ.

119 2156 160 2183 13.
178 2158 348 2184 Ἐπάκουσόν
372 2166 432 2193 μου,
448 2157 495 2183 καὶ
509 2156 595 2183 σῶσον
606 2157 638 2191 τῆ
657 2156 728 2191 ἰσχύῖ
744 2164 802 2183 σου.

120 2200 162 2228 14.
179 2202 280 2230 Λοιπὸν
297 2203 311 2228 ὁ
325 2202 391 2234 Θεὸς
410 2202 496 2236 Λόγος
512 2202 687 2237 ἀποκρίνεται
701 2200 745 2227 διὰ
760 2200 807 2226 τοῦ
822 2209 868 2235 χο-

90 2245 133 2279 ροῦ
145 2248 199 2275 τῶν
212 2248 360 2284 προφητῶν
374 2257 380 2263 ·

122 2293 162 2320 15.
176 2295 258 2322 Ὅταν
276 2294 426 2330 σταυρωθῶ
438 2314 446 2326 ,
469 2294 530 2321 τότε
555 2293 658 2325 πάντας
679 2293 742 2324 τοὺς
759 2293 871 2324 πιστοὺς

89 2336 189 2367 ἑλκύσω
204 2340 273 2375 πρὸς
290 2341 418 2376 ἐμαυτόν.
442 2341 548 2375 Σίκιμα
570 2340 624 2375 γὰρ
645 2339 823 2375 ἑρμηνεύεται
850 2340 869 2372 ἡ

89 2382 289 2413 ἀναϐαίνουσα
300 2407 307 2419 ,
334 2386 473 2413 τουτέστιν
487 2387 503 2420 ἡ
527 2385 557 2418 ἐξ
572 2385 656 2412 ἐθνῶν
671 2385 835 2420 Ἐκκλησία’
853 2385 869 2420 ἢ

90 2429 165 2456 πάλιν
184 2432 200 2467 ἡ
215 2431 336 2459 ποθοῦσα
350 2431 422 2467 ψυχὴ
435 2431 480 2457 τὸν
493 2430 610 2466 Κύριον·
625 2430 735 2466 χωρίζει
750 2430 803 2466 γὰρ
815 2429 870 2465 (11)

90 2473 119 2499 ὲκ
132 2475 177 2502 τοῦ
194 2477 313 2511 κόσμου’
331 2476 348 2511 ἢ
373 2476 454 2502 πάλιν
475 2475 549 2502 ἐστιν
566 2475 653 2507 ἄλλως
674 2474 809 2509 θεωρῆσαι
824 2474 869 2499 τὸν

90 2518 184 2554 Κύριον
198 2521 325 2556 λέγοντα,
340 2521 380 2547 ὅτι
397 2521 481 2546 Ὅταν
492 2519 650 2555 σταυρωοῶ,
663 2519 696 2546 τὰ
712 2518 869 2555 χαρίσματα

92 2570 137 2594 μου
150 2565 297 2602 διαμερίσω
309 2567 365 2597 τοῖς
382 2565 553 2592 πιστεύουσιν
568 2566 607 2597 είς
622 2566 682 2600 ὲ-μέ.

955 1371 979 1398 1.
995 1370 1035 1397 Ad
1051 1369 1253 1405 glorilicandam
1270 1368 1384 1405 gratiam
1399 1375 1483 1396 tuam.

953 1416 980 1443 2.
995 1416 1024 1443 In
1040 1416 1221 1444 exsultatione
1237 1416 1330 1451 gratim
1348 1420 1400 1443 tua:
1417 1415 1541 1450 psallam.

953 1462 979 1489 5.
996 1461 1062 1489 Veni
1077 1462 1105 1489 in
1122 1467 1240 1489 mentem
1255 1468 1355 1493 meam.
1371 1460 1442 1489 Deus

953 1510 979 1536 ι.
995 1507 1027 1535 Ει
1041 1516 1163 1543 assurge,
1180 1508 1292 1543 spiritus
1310 1514 1387 1535 meus
1399 1514 1461 1534 cum
1480 1511 1570 1534 mente
1587 1513 1655 1533 mea.

954 1599 981 1627 5.
991 1599 1059 1626 Cum
1075 1598 1241 1626 illuminabis
1254 1605 1297 1624 me
1310 1596 1396 1632 gratia
1407 1600 1465 1631 tua,
1476 1601 1540 1624 tunc
1556 1603 1700 1632 exsurgant

918 1645 1009 1672 corde.

953 1690 980 1717 6.
996 1689 1125 1717 Laudabo
1141 1693 1166 1716 te
1179 1688 1206 1715 in
1222 1688 1339 1723 populis,
1354 1687 1477 1714 Domine.

954 1736 980 1762 7.
993 1735 1154 1763 Gloriticabo
1166 1740 1191 1762 te
1209 1735 1235 1761 in
1251 1734 1385 1769 gentibus.

954 1782 981 1809 8.
996 1782 1173 1809 Narrabimus
1190 1780 1318 1808 omnibus
1329 1801 1337 1814 ,
1353 1780 1482 1815 quoniam
1498 1780 1583 1807 multa
1597 1786 1702 1807 merces

919 1827 1037 1862 reposita
1054 1831 1095 1853 est
1110 1826 1284 1861 diligentibus
1300 1830 1335 1852 te.

954 1874 980 1901 9.
998 1873 1030 1900 Et
1048 1873 1193 1908 promissio
1221 1871 1374 1899 futurorum
1398 1871 1534 1898 bonorum
1556 1879 1644 1906 usque
1668 1870 1704 1898 ad

920 1922 1039 1951 sanctos,
1053 1917 1099 1952 qui
1113 1917 1229 1951 separati
1245 1919 1309 1943 sunt
1324 1923 1339 1943 a
1353 1920 1434 1943 terra.

955 1965 999 1992 10.
1015 1963 1138 1991 Ascende
1153 1970 1234 1998 super
1249 1962 1343 1994 cmlos,
1357 1961 1438 1989 Deus.

955 2011 999 2037 11.
1010 2010 1043 2037 Ει
1056 2017 1138 2044 super
1150 2016 1246 2036 omnes
1260 2012 1355 2044 gentes
1369 2007 1528 2042 praedicatio
1543 2007 1703 2042 passionum

920 2063 1039 2084 tuarum.

956 2102 998 2130 12.
1016 2101 1162 2129 Credentes
1174 2102 1203 2127 in
1219 2104 1254 2127 te.

955 2148 999 2175 13.
1015 2146 1118 2174 Exaudi
1134 2153 1186 2177 me,
1202 2150 1228 2172 et
1244 2145 1317 2172 salva
1334 2144 1491 2172 fortitudine
1504 2149 1561 2171 tua.

956 2192 999 2219 N.
1018 2192 1119 2219 Deinde
1137 2191 1207 2218 Deus
1222 2190 1340 2218 Verbum
1361 2189 1506 2225 respondet
1526 2197 1574 2224 per
1589 2189 1703 2216 chorum

886 2246 909 2273 ι)
921 2239 1115 2274 prophetarum
1135 2247 1141 2263 :

955 2286 1000 2312 15.
1023 2284 1091 2312 Cum
1112 2283 1259 2311 cruciﬁxus
1284 2281 1378 2315 fuero,
1405 2286 1470 2309 tunc
1490 2289 1585 2309 omnes
1610 2281 1703 2308 fideli-5

920 2332 1026 2359 traham
1046 2331 1079 2357 ad
1097 2337 1139 2356 me
1156 2329 1255 2363 ipsum.
1281 2327 1399 2355 Sic/rima
1416 2328 1487 2355 enim
1512 2328 1704 2362 interpretatur

919 2377 1070 2406 ascendens.
1095 2376 1146 2403 hoc
1165 2381 1207 2402 est
1221 2374 1340 2401 Ecclesia
1356 2382 1387 2401 ex
1405 2374 1546 2409 gentibus;
1567 2377 1614 2400 aut
1625 2373 1703 2400 aliter

921 2424 1011 2451 anima
1038 2421 1197 2449 desiderans
1230 2420 1392 2452 Dominum,
1428 2419 1530 2447 secedit
1564 2419 1636 2447 enim
1668 2419 1702 2446 de

922 2469 1040 2501 mundo;
1057 2472 1103 2495 aut
1124 2467 1222 2494 iterum
1244 2466 1296 2493 alio
1315 2465 1397 2493 modo
1410 2466 1554 2501 allegorice
1573 2464 1702 2500 explicari

922 2516 980 2543 haec
1000 2519 1114 2549 possunt
1134 2515 1166 2541 de
1189 2513 1302 2541 Domino
1324 2513 1431 2541 dicente
1450 2512 1540 2540 :Cum
1557 2512 1704 2540 cruciﬁxus

921 2562 1009 2594 fuero,
1019 2560 1137 2588 dividam
1151 2561 1221 2587 dona
1238 2568 1297 2587 mea
1313 2559 1485 2587 credentibus
1504 2559 1530 2586 in
1545 2566 1597 2586 me.

556 2641 710 2672 Addenda
731 2645 761 2671 et
776 2638 963 2679 corrigenda
979 2646 1018 2668 ex
1034 2637 1104 2668 cod.
1123 2636 1224 2667 Vatic.

178 2706 208 2742 Ἡ
221 2706 264 2742 διὰ
275 2707 325 2742 τῆς
339 2706 522 2742 κινναϐάρεως
537 2704 669 2740 περιέχει.

124 2739 160 2808 (2)
179 2741 245 2768 Θεοῦ
260 2739 376 2777 είρηται.

125 2773 150 2806 (3
172 2776 311 2808 Δέξασθαι.

172 2776 311 2809 Δέξασθαι.

125 2808 161 2847 (ᾖ)
177 2808 267 2847 »Ψάλώ
284 2819 336 2839 non
356 2811 464 2847 legitur.

176 2845 275 2885 Καρδίᾳ
291 2855 352 2881 μου,
366 2842 456 2877 όὉεός
472 2854 532 2881 μου.

128 2882 162 2914 (ὁ)
174 2882 354 2917 Διαναστήσω.

953 2701 991 2735 (7)
1004 2701 1092 2733 “Εξ;γε
1099 2701 1241 2735 ροὴτομαι.

955 2725 994 2769 (8)
1010 2725 1199 2769 Διῗηεξοῦμένοξ.

955 2771 992 2804 (9)
1017 2770 1113 2803 Ἀγίων
1132 2778 1187 2794 σου.

956 2806 1011 2840 (10)
1027 2804 1161 2838 Mam}qu
1179 2812 1223 2829 σου
1229 2824 1235 2829 .

957 2840 998 2876 (11
1003 2848 1011 2876 )
1029 2840 1084 2876 Γὰρ
1098 2840 1192 2874 αὐτὴν.
