3874 6222
393 333 530 385 ita;
1215 330 1270 382 s.
1310 325 1680 381 ATHANASII
1720 324 1867 380 opp.
1905 324 2090 380 mus
2128 322 2213 376 ιιι.
2258 350 2325 361 -
2361 320 2772 375 EXEGETICA.
3204 272 3217 281 ’
3490 312 3625 369 uso

464 454 549 506 16.
586 451 652 505 Et
674 451 976 505 convallem
1013 450 1483 506 tabernaculorum
1513 448 1783 503 dimetiar.
1988 503 1994 513 η

2020 482 2034 513 ι
2134 449 2219 501 16.
2256 447 2364 499 Καὶ
2404 446 2502 516 τὴν
2536 442 2754 497 κοιλάδα
2791 440 2897 493 τῶν
2929 438 3143 510 σκηνῶν
3177 438 3550 509 διαμετρήσω.

465 542 552 595 17.
581 542 727 596 Meus
761 539 1098 605 est’Galaad,
1127 547 1181 593 et
1210 554 1362 593 meus
1392 546 1474 592 est
1499 536 1777 592 Manasscs
1805 553 1821 588 ς

2140 541 2226 593 17.
2268 538 2427 609 Ἐμός
2460 539 2574 589 ἑστι
2604 533 2816 589 Γαλαὰδ
2839 576 2853 600 ,
2880 534 2972 586 καὶ
3000 532 3130 601 ἑμός
3157 533 3273 583 ἑστι
3305 530 3635 601 Μανασσῆς

470 634 553 687 18.
586 633 654 687 Et
679 632 934 702 Ephraim
959 632 1230 701 susceptio
1262 631 1456 701 capitis
1488 629 1595 684 mei
1630 646 1645 683 :

2139 632 2225 685 18.
2251 630 2359 684 Καὶ
2394 627 2631 700 Ἐφραῒμ
2665 624 2948 695 ἀντίληψις
2974 625 3071 694 τῆς
3100 622 3342 692 κεφαλῆς
3375 639 3479 693 μου
3499 639 3516 655 ο

470 727 556 781 19.
592 724 758 779 Judas
790 739 883 777 rex
918 736 1092 778 meus.

2141 720 2227 774 19.
2270 719 2468 780 Ἰούδας
2499 714 2751 786 βασιλεύς
2783 731 2904 784 μου.

469 817 559 871 20.
587 814 744 869 Moab
768 813 914 868 lebes
943 813 1056 882 spei
1088 826 1220 866 meae
1250 829 1265 866 :
1408 824 1415 831 ·

2139 814 2226 867 20.
2263 812 2436 865 Μωὰϐ
2469 810 2632 879 λέϐης
2661 809 2760 879 τῆς
2794 805 3007 868 ἑλπίδος
3044 822 3173 875 μου·

470 909 561 963 21.
598 907 653 959 In
687 907 978 960 Idumaeam
1008 904 1251 974 injiciam
1280 902 1613 974 [extendam]
1642 903 1972 958 calceamen-

2140 904 2231 957 21.
2275 903 2398 955 Ἐπὶ
2423 901 2519 972 τὴν
2556 899 2857 968 Ἰδουμαίαν
2880 895 3122 951 ἐπιϐαλῶ
3146 893 3400 967 [ἐκτενῶ]
3432 892 3495 946 τὸ
3523 892 3647 946 ὑπό-

402 1007 516 1052 tum
551 1011 730 1050 meum
758 1014 771 1050 ζ

2070 996 2218 1065 δημά
2247 1011 2347 1064 μου
2371 1009 2383 1021 ·

470 1090 561 1143 22.
596 1089 727 1143 Mihi
761 1088 1074 1158 alienigenae
1102 1084 1302 1141 subditi
1338 1084 1463 1139 facti
1494 1094 1642 1141 sunt.

1609 1094 1642 1139 ῐο
2143 1090 2233 1143 22.
2268 1088 2422 1159 Ἐμοὶ
2452 1086 2732 1155 ἀλλόφυλοι
2768 1084 3139 1154 ὑπετάγησαν.

470 1181 561 1235 25.
589 1179 723 1247 Quis
751 1180 977 1235 deducet
1002 1194 1087 1233 me
1111 1178 1166 1231 in
1193 1179 1464 1233 civitatem
1496 1174 1798 1231 munitam?

1777 1174 1798 1226 ’ξ
2145 1182 2234 1237 25,
2268 1183 2363 1244 Τίς
2395 1177 2590 1243 ἀπάξει
2622 1195 2688 1248 με
2718 1178 2798 1239 είς
2830 1175 2981 1228 πόλιν
3014 1174 3304 1246 περιοχῆςέ

474 1272 563 1327 24.
589 1272 696 1325 Aut
722 1270 843 1340 quis
875 1270 1103 1325 deducet
1132 1285 1216 1323 me
1248 1284 1422 1338 usque
1450 1270 1505 1321 in
1539 1264 1869 1322 ldumazam‘!

2147 1276 2236 1329 24.
2272 1276 2341 1325 Ἢ
2368 1273 2450 1336 τίς
2484 1272 2737 1341 ὁδηγήσει
2774 1286 2839 1339 με
2866 1268 2970 1331 ἓως
2998 1269 3095 1339 τῆς
3127 1265 3461 1337 Ἰδουμαίαςς

474 1364 564 1419 25.
594 1363 785 1418 Nonne
808 1372 887 1429 tu,
920 1361 1081 1427 Deus,
1112 1362 1203 1431 qui
1239 1360 1484 1430 repulisti
1512 1360 1646 1413 nos?

2146 1370 2236 1423 25.
2271 1368 2403 1438 Οὐχὶ
2433 1366 2520 1429 σὺ,
2554 1368 2581 1419 6
2606 1365 2737 1427 Θεὸς
2768 1367 2795 1417 6
2830 1362 3190 1433 ἀπωσάμενος
3220 1364 3406 1433 ἡμᾶςς

475 1456 563 1511 26.
599 1456 665 1510 Et
711 1469 820 1509 nou
848 1454 1045 1516 exibis,
1081 1453 1245 1519 Deus,
1280 1454 1330 1507 in
1364 1451 1655 1506 virtutibus
1699 1447 1944 1504 nostris?

2150 1460 2241 1514 26.
2273 1460 2382 1513 Καὶ
2414 1459 2513 1511 οὐκ
2548 1456 2825 1528 ἑξελεύσῃ,
2871 1458 2899 1507 6
2932 1455 3085 1519 Θεὸς,
3132 1455 3188 1508 ἑν
3218 1457 3338 1517 ταῖς
3365 1452 3656 1524 δυνάμεσιν

2082 1554 2278 1625 ἡμῶνς

478 1659 569 1714 2‘1.
603 1656 678 1712 Da
710 1656 868 1712 nobis
895 1654 1155 1710 auxilium
1182 1652 1248 1707 de
1283 1650 1637 1706 tribulatione
1663 1666 1678 1702 :

2152 1642 2241 1695 27.
2274 1640 2371 1703 Δὸς
2404 1641 2535 1710 ἡμῖν
2566 1637 2817 1709 βοήθειαν
2848 1636 2913 1689 ἑκ
2945 1635 3175 1704 θλίψεως
3199 1650 3213 1663 ·

482 1752 570 1807 28.
604 1751 741 1819 Quia
773 1763 913 1804 vana
945 1749 1094 1804 salus
1122 1747 1382 1801 hominis.

2155 1733 2245 1787 28.
2274 1734 2385 1786 Καὶ
2422 1731 2628 1803 ματαία
2656 1729 2897 1801 σωτηρία
2927 1727 3238 1800 ἀνθρώπου.

1533 1890 1909 1950 AYHANASH
1942 1886 2535 1946 INTERPRETATIO.

493 2062 576 2118 16.
608 2061 676 2117 Et
716 2075 812 2117 cor
852 2059 1091 2129 seipsum
1117 2054 1413 2110 humilians
1443 2050 1782 2115 inbabitabo,
1806 2056 1861 2104 et
1895 2047 1979 2101 in-
2012 2049 2023 2111 1

2159 2045 2246 2099 16.
2278 2045 2391 2097 Καὶ
2417 2043 2516 2115 τὴν
2552 2042 2780 2113 καρδίαν
2808 2042 2905 2112 τὴν
2937 2038 3303 2095 ταπεινοῦσαν
3342 2039 3542 2111 ἑαυτὴν
3585 2040 3663 2111 (1)

416 2157 727 2213 ambulabo.

2089 2140 2372 2208 ἑνοικήσω,
2405 2138 2500 2189 καὶ
2527 2136 2978 2207 ὲμπεριπατήσω.

490 2249 578 2302 17.
623 2245 830 2301 Galaad
880 2245 1267 2313 interpretatur
1301 2238 1603 2308 peregrinus
1646 2252 1663 2289 :
1711 2233 1987 2287 Manasses

2161 2231 2247 2283 17.
2289 2228 2537 2283 Γαλαὰδ
2570 2226 2933 2299 ἑρμηνεύεται
2971 2225 3282 2295 μέτοικος⁶
3330 2225 3670 2294 Μανασσῆς

421 2341 808 2408 interpretatur
845 2334 1059 2389 oblitus.
1086 2331 1237 2387 Meus
1268 2330 1431 2400 igitur
1460 2336 1562 2391 est,
1598 2325 1795 2395 inquit,
1834 2323 1927 2393 qui

2138 2318 2450 2391 »μηνεύεται
2466 2317 3204 2387 ἐπιλανθανόμενος.Ἐμὸς
3224 2313 3319 2371 οῦν
3336 2318 3472 2383 ἐστι,
3493 2317 3668 2385 λέγει,

420 2441 643 2504 peccato
678 2429 911 2501 fugiens,
953 2436 1006 2482 et
1037 2425 1357 2497 peregrinus
1390 2422 1566 2477 factus
1622 2420 1763 2488 apud
1798 2433 1904 2483 me,
1940 2433 1950 2469 ι

2151 2412 2258 2466 ἀπὸ
2279 2413 2377 2483 τῆς
2410 2411 2682 2481 ἁμαρτίας
2708 2410 2943 2478 φεύγων,
2975 2411 3069 2462 καὶ
3103 2412 3350 2480 μέτοικος
3378 2411 3672 2481 γενόμενος

422 2500 621 2581 oblitus
680 2500 765 2576 est
829 2518 1252 2590 praecedentium
1322 2527 1545 2570 suarum
1618 2509 1952 2580 improbatur

2145 2505 2222 2574 αρ’
2249 2504 2372 2573 ἐμοὶ
2398 2543 2414 2567 ,
2449 2502 2543 2554 καὶ
2571 2502 2629 2564 ὅς
2666 2503 2780 2554 ἑστι
2806 2500 3196 2571 λανθανόμενος
3227 2501 3301 2570 (2)
3337 2501 3446 2555 τῶν
3474 2502 3675 2573 προτέ-

423 2614 720 2670 actionum.

2098 2612 2203 2666 ρων
2237 2592 2401 2647 αὑτοῦ
2432 2593 2685 2663 πονηρῶν
2717 2592 2984 2663 πράξεων.

498 2702 876 2773 18.Ερ1ιναίηι
932 2700 1318 2768 interpretatur
1378 2694 1696 2750 consolator.
1760 2690 1996 2762 Spiritus

2166 2684 2252 2739 18.
2272 2684 2512 2753 Ἐφραῒμ
2538 2681 2895 2755 ἑρμηνεύεται
2912 2684 3313 2753 παράκλητος.
3346 2683 3575 2756 Πνεῦμα
3593 2685 3675 2756 (5)

424 2805 646 2853 sanctus
672 2794 1013 2859 Consolator,
1045 2791 1141 2857 ait,
1174 2788 1452 2859 susceptio
1485 2786 1665 2843 cordis
1693 2785 1796 2840 mei
1826 2792 1929 2839 est.

2150 2800 2156 2827 l
2184 2777 2368 2846 ἅγιον,
2404 2776 2590 2843 λέγει,
2623 2777 2976 2848 Παρὰκλητος
3010 2777 3293 2849 ἀντίληψις
3319 2778 3417 2848 τῆς
3445 2778 3680 2848 καρδίας

2143 2882 2225 2920 Ου.

498 2976 584 3031 19.
629 2974 696 3028 Et
739 2973 911 3028 Filius
957 2971 1052 3027 Dei
1096 2987 1190 3026 rex
1239 2984 1435 3025 meus:
1476 2966 1823 3023 manifestum
1853 2966 1997 3021 enim

2153 2882 2225 2920 nu.

2171 2957 2257 3011 19.
2278 2957 2389 3010 Καὶ
2418 2959 2445 3010 ὁ
2459 2957 2585 3021 Υίὸς
2602 2956 2695 3010 τοῦ
2715 2957 2849 3010 Θεοῦ
2874 2957 3124 3027 βασιλεύς
3148 2976 3249 3029 μου
3268 2976 3279 2989 ο
3296 2959 3452 3029 δῆλον
3477 2959 3683 3031 γὰρμ)

428 3076 533 3136 est,
574 3067 743 3121 Deum
781 3064 1018 3120 Verbum
1061 3079 1128 3118 ex
1157 3062 1357 3117 Judaeis
1388 3068 1569 3116 ortum
1601 3075 1755 3126 esse,
1787 3059 1958 3129 quand

2156 3051 2159 3103 ἱ
2185 3049 2455 3103 Ἰουδαίων
2487 3050 2815 3104 ἀνέσταλκεν
2848 3053 2876 3103 6
2918 3050 3050 3115 Θεὸς
3079 3052 3249 3120 Λόγος
3268 3093 3282 3119 ,
3336 3054 3467 3107 ὅταν
3516 3055 3686 3120 αὐτὸς

432 3162 547 3230 ipse
579 3158 757 3214 factus
781 3166 865 3213 est
893 3171 1021 3211 caro
1048 3171 1113 3210 ex
1146 3153 1387 3223 Virgine.

2101 3142 2292 3212 γέγονε
2328 3142 2464 3212 σὰρξ
2491 3144 2554 3194 ἐκ
2578 3142 2679 3212 τῆς
2704 3142 3000 3213 Παρθένου.

501 3250 591 3305 20.
628 3248 685 3304 In
720 3247 1176 3319 quinquagesimo
1222 3260 1368 3300 nono
1401 3244 1612 3314 psalmo
1654 3243 1803 3297 hunc
1842 3258 2001 3297 eum-

2171 3234 2258 3289 20.
2290 3234 2379 3286 Ἐν
2412 3233 2490 3303 τῷ
2541 3234 2892 3305 πεντηκοστῴ
2933 3234 3108 3305 ἐνάτῳ
3151 3235 3350 3308 ψαλμῷ
3390 3238 3483 3292 τὸν
3519 3240 3689 3294 αὐτὸν

433 3345 555 3399 dem
588 3357 804 3397 versum
848 3341 1082 3411 positum
1116 3336 1357 3393 invenies
1383 3376 1398 3402 ,
1442 3336 1795 3407 eamdemque
1834 3336 1963 3389 inter

2159 3326 2286 3396 τίχον
2325 3326 2577 3397 εὑρήσεις
2605 3326 2921 3397 ἐγκείμενον
2944 3368 2958 3392 ,
2992 3329 3086 3381 καὶ
3114 3328 3211 3401 τὴν
3252 3332 3554 3402 ἑρμηνείαν
3589 3336 3689 3387 αύ-

434 3435 817 3506 pretationem.
1705 3401 1724 3407 —

804 3472 817 3487 .
848 3401 866 3411 ’
1705 3401 1724 3407 “
2029 3401 2074 3464 C
2103 3419 2204 3488 τήν
2235 3416 2334 3487 (5).

506 3526 593 3580 21.
628 3524 869 3578 Ιίιυηιιεα
905 3522 1295 3592 interpretatur
1324 3520 1571 3589 deﬁciens
1596 3536 1615 3573 :
1648 3519 1703 3573 in
1737 3516 2001 3573 mundum

2174 3507 2265 3561 21.
2298 3508 2599 3577 Ἰδουμαία
2632 3509 2993 3580 ἑρμηνεύεται
3021 3511 3393 3567 ἐκλείπουσα
3412 3530 3425 3544 °
3468 3516 3565 3569 ἐπὶ
3590 3517 3692 3588 τὴν

437 3619 603 3690 igitur
626 3616 961 3672 deiicientem
990 3613 1284 3684 ingrediar.
1326 3655 1339 3681 ,

2163 3616 2252 3652 κου
2262 3597 2427 3669 μένην
2442 3594 2533 3653 οῦν
2545 3599 2642 3670 τὴν
2664 3600 3021 3654 ἐκλείπουσαν
3039 3603 3330 3674 ποιήσομαι
3346 3605 3445 3673 τὴν
3460 3606 3693 3678 πορείαν

2152 3704 2234 3743 ου.

508 3796 598 3850 22.
640 3794 909 3865 Allaphyli
958 3793 1185 3865 (Latine
1231 3791 1584 3861 alienigenae)
1620 3791 2007 3859 interpretatur

2166 3705 2234 3743 )U.

2178 3780 2268 3833 22.
2292 3780 2643 3849 Ἀλλόφυλοι
2665 3782 3024 3852 ἑρμηνεύεται
3059 3784 3135 3855 (6)
3166 3787 3489 3857 πίπτοντες
3509 3795 3696 3861 ποτή-

438 3890 682 3943 cadentes
726 3895 853 3955 potu
879 3902 897 3939 :
927 3895 1112 3956 gentes
1143 3886 1303 3955 igitur
1322 3925 1335 3948 ,
1371 3900 1492 3955 quae
1520 3885 1670 3953 prius
1703 3883 1965 3937 ceciderat

2167 3889 2273 3926 κη’
2298 3873 2367 3927 τὰ
2400 3873 2524 3945 ἔθνη
2554 3871 2647 3927 οὖν
2674 3875 2740 3927 τὰ
2767 3876 3033 3947 πρότερον
3065 3879 3329 3933 πίπτοντα
3357 3882 3446 3935 διὰ
3473 3884 3569 3936 τοῦ
3598 3888 3697 3940 πό-

439 3987 657 4049 pr0pter
684 3984 868 4047 potum
901 3975 1129 4045 peccati,
1154 3975 1381 4029 subditae
1407 3974 1565 4028 facta:
1596 3982 1725 4029 sunt
1753 3971 1888 4026 mihi
1916 3988 1969 4042 pc

2166 3980 2283 4026 ιιτος
2303 3963 2402 4031 τῆς
2423 3962 2694 4034 ἁμαρτίας
2716 3964 3067 4037 ὑπετάγησαν
3093 3986 3182 4038 μοι
3204 3969 3290 4023 διὰ
3310 3971 3409 4042 τῆς
3430 3975 3696 4040 πίστεως.

440 4070 623 4125 ﬁdem.

514 4160 605 4214 25.
641 4158 776 4224 Quis
804 4156 1034 4213 deducet
1061 4171 1147 4209 me
1169 4156 1221 4209 in
1258 4171 1548 4225 supernam
1577 4155 1943 4211 Hierusalem?

2184 4135 2278 4191 25.
2306 4137 2401 4200 Τίς
2428 4138 2702 4208 ἀπαγάγει
2725 4139 2803 4209 (7)
2830 4157 2897 4210 με
2923 4143 3003 4204 εἰς
3031 4143 3129 4213 τὴν
3157 4144 3266 4198 ἄνω
3298 4146 3696 4222 Ἰερουσαλήμς

514 4249 603 4303 24.
636 4248 719 4300 Ad
745 4244 1061 4311 Idumaeam,
1094 4244 1342 4299 videlicet
1373 4245 1439 4299 ad
1466 4244 1764 4300 Ecclesiam
1793 4260 1860 4300 ex
1885 4261 2016 4315 gen-

2187 4228 2277 4283 24.
2315 4229 2473 4297 Πρὸς
2508 4230 2581 4301 (8)
2616 4231 2730 4299 τὴν
2758 4233 3115 4303 Ἰδουμαίαν,
3145 4237 3310 4306 ἤγουν
3340 4241 3477 4310 πρὸς
3502 4243 3605 4313 τὴν
3640 4245 3700 4309 ἐξ

444 4342 612 4404 tibus,
645 4348 799 4393 antea
833 4337 1189 4393 deﬁcientem.

2119 4319 2285 4372 ἑθνῶν
2316 4316 2641 4391 Ἐκκλησίαν
2670 4322 2766 4393 τὴν
2802 4324 2861 4377 τὸ
2890 4326 3153 4396 πρότερον
3188 4329 3566 4387 ἐκλείπουσαν.

514 4432 606 4486 25.
654 4429 845 4486 Nonne
885 4438 965 4493 tu,
1010 4428 1183 4494 Deus,
1230 4428 1465 4485 deduccs
1496 4444 1597 4484 nos
1629 4429 1695 4484 ad
1724 4444 1880 4498 eam,
1922 4431 2017 4499 qui

2187 4412 2278 4467 25.
2312 4413 2443 4483 Οὐχὶ
2473 4413 2536 4466 σὺ
2577 4415 2723 4485 ἡμᾶς
2750 4415 2779 4466 6
2827 4415 2958 4479 Θεὸς
3011 4418 3297 4489 ὁδηγήσεις
3348 4422 3484 4491 πρὸς
3524 4427 3700 4497 αὐτὴν

448 4524 600 4594 prius
632 4537 732 4577 nos
760 4520 1005 4590 abiecisti
1026 4522 1049 4572 ?

2120 4506 2149 4557 6
2173 4504 2233 4557 τὸ
2261 4504 2334 4574 (9)
2362 4505 2626 4575 πρότερον
2651 4506 2799 4575 ἡμᾶς
2830 4506 3142 4577 ἀπορρίψας
3166 4550 3178 4571 ν

516 4612 607 4666 26.
639 4610 757 4666 Non
786 4609 1081 4679 egredieris
1104 4616 1164 4663 ut
1190 4623 1331 4663 unus
1360 4622 1571 4677 regum,
1596 4615 1689 4661 aut
1712 4606 2016 4676 principum

2190 4594 2279 4649 26.
2317 4597 2429 4648 υύκ
2460 4595 2714 4667 ἑξελεύσῃ
2738 4596 2851 4668 (10)
2879 4598 2954 4661 ὠς
2977 4593 3057 4663 εἷς
3088 4600 3195 4652 τῶν
3223 4601 3487 4671 βασιλέων
3522 4606 3554 4677 ἢ
3591 4610 3699 4662 τῶν

450 4715 786 4760 nostrorum.

2047 4752 2083 4761 _
2122 4689 2396 4761 ἀρχόντων
2429 4688 2604 4758 ἡμῶν.

518 4793 609 4846 27.
642 4791 838 4846 Libera
868 4805 967 4844 nos
990 4804 1019 4843 a
1044 4795 1292 4858 peccato.

2047 4752 2091 4807 ι)
2122 4752 2280 4874 «ἔτ.
2314 4752 2602 4851 Λύτρωσαι
2636 4781 2784 4850 ἡμᾶς
2808 4781 2917 4834 ἀπὸ
2941 4783 3039 4853 τῆς
3062 4784 3354 4855 ἁμαρτίας.

518 4882 611 4938 28.
644 4880 778 4935 Nam
804 4889 1121 4936 cunctorum
1154 4877 1438 4932 hominum
1467 4876 1705 4946 potentia
1740 4875 1942 4931 inanis.

2194 4874 2284 4928 28.
2323 4874 2547 4929 Πάντων
2575 4874 2680 4945 γὰρ
2714 4873 2824 4929 τῶν
2861 4875 3225 4950 ἀνθρώπωνὴ
3260 4880 3371 4951 (11)
3410 4862 3698 4938 δυναστεία

2133 4967 2356 5038 ματαία.

1396 5123 1704 5186 Addenda
1740 5130 1800 5185 et
1831 5123 2203 5202 corrigenda
2233 5142 2312 5185 ex
2341 5125 2483 5186 cod.
2522 5126 2717 5188 Vatic.

521 5252 596 5321 (1)
631 5250 743 5321 Τὴν
774 5249 1038 5321 ταπεινὴν
1064 5247 1228 5303 οὖσαν
1258 5249 1476 5317 ἑαυτήν,
1505 5257 1608 5302 etc.
2130 5249 2220 5302 τοῦ
2246 5248 2554 5319 πτώματος,
2587 5259 2695 5306 etc.

521 5320 597 5391 (2)
626 5320 737 5373 και
765 5324 793 5372 6
828 5320 1333 5390 ἐπιλανθανόμενος.
1430 5390 1435 5391 γ
1486 5390 1494 5391 7
2201 5321 2279 5389 (7)
2306 5320 2557 5387 Ἀπάγει.

521 5390 599 5461 (5)
628 5392 701 5444 Τὸ
740 5391 985 5461 Πνεῦμα,
1035 5399 1162 5450 etc,
1194 5391 1253 5443 τὸ
1287 5390 1666 5461 Παράκλητον.
2200 5392 2276 5461 (8)
2296 5392 2366 5443 ’Ἡ
2398 5392 2481 5452 τίς
2501 5391 2751 5461 ὁδηγήσει
2788 5408 2861 5495 με
2885 5390 2973 5443 τὸν
2995 5392 3121 5446 λαὸν
3142 5393 3250 5447 τῶν
3270 5395 3541 5451 Ἰουδαίων
3570 5399 3703 5471 πρὸς

521 5464 596 5495 ιιι
623 5462 735 5495 mm
783 5462 857 5495 χρ.
899 5462 953 5495 ξιξ
990 5460 1154 5495 unus...
1184 5461 1545 5495 λιιη-μέηηινε..
1573 5460 1751 5495 and.»
1801 5467 1883 5495 mp
1959 5460 2019 5495 at,
2127 5460 2225 5495 ριν...
2278 5460 2597 5495 ’πννιηηεηη
2630 5463 2727 5495 με...
2757 5462 2777 5495 ι
2844 5461 3012 5495 ξομε...
3063 5465 3160 5495 ...ιη
3189 5467 3249 5495 ..Α
3315 5476 3396 5495 ...η

482 5464 596 5547 ’(4)
623 5462 698 5514 Γὰ
743 5501 756 5523 ,
783 5462 862 5514 ὅτι
894 5460 953 5526 ἐξ
990 5460 1158 5513 Ἰούδα
1183 5460 1545 5544 ἀνατέταλκεν
1573 5460 1770 5522 ὁΘεός,
1801 5467 1930 5514 etc..
1959 5460 2022 5511 ἐκ
2127 5460 2225 5531 τὴν
2260 5460 2439 5513 ⁷Ἐκκλ
2482 5462 2597 5513 σίαν
2630 5463 2727 5533 τὴν
2755 5460 2812 5527 ἑξ
2844 5461 3033 5528 ἐθνῶν,
3063 5465 3160 5535 τὴν
3189 5467 3271 5531 τό,
3313 5476 3418 5522 etc.

482 5552 546 5602 ης
579 5479 855 5602 Παρθένου
890 5532 1107 5601 Μαρίας
1152 5532 1241 5583 διὰ
1264 5531 1383 5602 τὴν
1416 5532 1689 5602 ημετέραν
1725 5529 2021 5602 σωτηρίανὶ
2202 5531 2276 5597 (9)
2314 5532 2383 5582 Σὺ
2417 5480 2497 5593 1:6,
2532 5542 2634 5585 etc.

448 5542 546 5604 τῆς
581 5542 855 5611 Παρθένου
890 5542 1107 5601 Μαρίας
1152 5542 1241 5583 δια
1284 5542 1383 5602 την
1416 5542 1689 5653 ημετεὲαν
1725 5542 1978 5599 σωττπριαπ

523 5602 597 5671 (5)
629 5603 803 5653 Αύτου
848 5602 1108 5669 λέγουσαν
1156 5601 1283 5672 περὶ
1325 5603 1422 5671 τῆς
1464 5604 1583 5673 Παρ
1621 5602 1739 5653 ένου
1786 5570 1880 5653 καλ
1928 5616 1978 5651 τι

1363 5550 1383 5583 ν
1416 5542 1583 5601 ημετε
1627 5548 1689 5583 αν
1725 5542 2021 5599 σωττπριαν.
2202 5542 2276 5597 (9)
2315 5542 2383 5582 Συ
2417 5542 2497 5593 το,
2532 5542 2634 5585 etc.

1363 5603 1422 5671 ἧς
1464 5548 1739 5673 Παρθένου
1786 5570 1880 5653 καδ-
1928 5597 2021 5651 τοῦ
2202 5602 2310 5673 (10)
2344 5602 2578 5673 Καιοὺκ
2607 5601 2893 5669 ἐξελεύσει.

451 5673 690 5755 Κυρίου...
888 5740 898 5755 Ι
1556 5672 1563 5673 “

1142 5742 1152 5755 ,
1528 5672 1563 5755 ί
1800 5751 1808 5755 Δ
1939 5740 1961 5755 ἢ
1995 5739 2005 5754 ι
2202 5672 2313 5743 (11)
2358 5672 2426 5727 Ἡ
2444 5672 2610 5728 deest.

522 5739 599 5815 (ὃ)
634 5740 1057 5813 Ἑρμηνεύονται
1092 5742 1383 5805 πίπτοντες
1436 5740 1725 5812 πτώματα,
1764 5751 1890 5807 etc.,
1934 5739 2019 5793 διὰ
