3874 6222
167 346 309 401 1157

236 464 329 519 29.
376 465 465 517 Ἐν
493 461 572 535 τῷ
606 464 726 536 Θεῷ
754 465 1055 536 ποιήσομεν
1100 466 1353 539 δύναμιν,

235 558 329 613 30.
358 558 468 611 Καὶ
495 557 657 621 αὐτὸς
685 558 1028 625 ἐξουδενὼσει
1054 561 1180 624 τοὺς
1210 562 1439 634 ἐχθροὺς
1472 564 1648 635 ἡμῶν.

244 671 351 736 Εἰς
381 669 448 723 τὸ
477 669 671 734 τέλος·
706 670 949 740 ψαλμὸς
987 670 1066 736 τῷ
1090 672 1288 726 Δαϐίδ.
1328 675 1503 728 ΨΑΛ.
1536 678 1670 731 PH’.

242 782 294 835 1.
339 782 396 835 '0
416 781 573 847 Θεὸς,
603 781 703 852 τὴν
735 781 942 836 αἴνεσίν
978 801 1081 853 μου
1121 783 1196 855 μὴ
1223 787 1666 859 παρασιωπήσῃς
1687 805 1702 820 ο

240 873 299 927 2.
326 874 450 927 ’Ὁτι
486 874 659 944 στόμα
691 874 1016 946 ἀμαρτωλοῦ
1040 915 1055 941 ,
1105 877 1200 930 καὶ
1250 878 1426 949 στόμα
1463 878 1634 932 δολίου
1669 882 1755 933 ἐπ’

164 962 274 1032 ἐμὲ
302 962 550 1033 ἠνοίχθη.

241 1058 297 1111 5.
338 1056 636 1127 Ἐλάλησαν
659 1060 778 1111 κατ’
800 1057 934 1129 ἐμοῦ
960 1057 1184 1130 γλώσσῃ
1214 1059 1365 1130 δολίᾳ
1387 1079 1398 1090 ·

243 1149 299 1203 4.
335 1151 448 1202 Καὶ
478 1150 658 1217 λόγοις
687 1150 879 1221 μίσους
905 1151 1224 1206 ἐκύκλωσάν
1251 1171 1317 1223 με
1342 1172 1354 1184 ·

246 1243 301 1298 5.
334 1243 446 1297 Καὶ
473 1243 824 1314 ἐπολέμησαν
875 1262 941 1315 με
976 1245 1206 1316 δωρεάν.

243 1335 303 1389 6.
338 1334 483 1389 Ἀντὶ
514 1334 609 1387 τοῦ
645 1337 867 1405 ἀγαπᾷν
895 1354 963 1407 με
997 1337 1334 1391 ὲνδιέϐαλλόν
1371 1356 1437 1409 με
1458 1356 1472 1371 ο

242 1427 301 1481 7.
342 1425 483 1495 Ἐγὼ
506 1427 561 1480 δὲ
594 1428 1007 1500 προσηυχόμην.

244 1517 299 1572 8.
328 1520 437 1571 Καὶ
462 1518 645 1573 ἔθεντο
672 1521 795 1573 κατ’
823 1521 960 1592 ἐμοῦ
994 1523 1141 1576 κακὰ
1170 1522 1292 1576 ἀντὶ
1316 1523 1533 1592 ἀγαθῶν
1566 1540 1577 1554 ο

244 1614 299 1667 9.
333 1614 443 1666 Καὶ
473 1616 629 1683 μῖσος
651 1615 773 1668 ἀντὶ
801 1616 903 1685 τῆς
928 1615 1261 1687 ἀγαπήσεως
1288 1634 1413 1687 μου.

245 1705 334 1759 10.
367 1706 729 1777 Κατάστησον
758 1708 843 1761 ἐπ’
868 1708 1032 1763 αὐτὸν
1059 1709 1385 1780 ἀμαρτωλόν
1408 1725 1421 1739 ⁸

250 1801 337 1855 11.
373 1801 484 1854 Καὶ
514 1802 761 1866 διάϐολος
796 1804 977 1874 στήτω
999 1804 1064 1856 ὲκ
1095 1802 1287 1867 δεξιῶν
1310 1802 1476 1856 αὐτοῦ

246 1892 337 1945 12.
381 1894 468 1947 Ἐν
490 1894 568 1965 τῷ
597 1894 878 1965 κρίνεσθαι
917 1895 1100 1963 αὐτὸν,
1154 1894 1361 1960 ἐξέλθοι
1396 1894 1755 1949 καταδεδικα-

174 1984 374 2056 σμένος
402 1999 415 2014 ο

1095 350 1185 405 DE
1227 351 1504 409 TITULIS
1544 352 2294 411 l‘SALMORUM.—PSAL.
2330 352 2510 409 CVIII.

3300 356 3441 417 1158

1785 477 1830 533 Α
1929 471 2020 526 29.
2052 470 2109 524 ln
2144 470 2253 526 Deo
2281 469 2547 527 faciemus
2567 471 2823 526 virtutem
2853 492 2867 526 :

1932 561 2019 618 50.
2056 561 2120 616 Et
2146 562 2259 632 ipse
2289 561 2357 617 ad
2392 563 2623 617 nihilum
2649 563 2879 619 deducet
2911 562 3165 619 inimicos
3189 574 3434 624 nostros.

1999 676 2067 731 In
2099 677 2254 746 ﬁnem
2285 694 2302 731 :
2328 676 2580 731 Psalmus
2615 677 2804 732 David.
2833 676 3040 733 PSAL.
3073 676 3294 733 CVIII.

1931 786 1982 840 1.
2013 786 2179 854 Deus,
2206 789 2421 844 laudem
2458 805 2634 845 meam
2664 805 2733 844 ne
2759 790 3025 846 tacueris:

1930 878 1983 932 2.
2016 878 2154 945 Quia
2176 895 2240 935 os
2262 884 2589 951 peccatoris,
2611 892 2665 937 et
2694 898 2757 939 os
2783 882 2960 938 dolosi
2981 897 3143 952 super
3166 898 3255 939 me
3280 899 3438 955 aper-

1858 980 1973 1025 tum
2005 983 2108 1027 est.

1930 1064 1983 1117 5.
2019 1062 2214 1119 Locuti
2237 1074 2366 1123 sunt
2396 1066 2689 1122 adversum
2720 1082 2808 1121 me
2834 1066 3021 1137 lingua
3043 1066 3234 1121 dolosa
3260 1086 3273 1122 :

1932 1155 1982 1209 4.
2018 1154 2083 1209 Et
2110 1156 2456 1212 sermonibus
2490 1158 2600 1211 odii
2634 1157 3217 1213 circumdederuntme
3245 1175 3259 1211 :

1932 1246 1984 1300 5.
2020 1246 2087 1300 Et
2109 1256 2561 1317 expugnaverunt
2587 1264 2674 1303 me
2700 1252 2886 1319 gratis.

1932 1340 1984 1393 6.
2016 1338 2123 1394 Pro
2146 1355 2212 1394 eo
2240 1348 2301 1394 ut
2326 1355 2412 1395 me
2445 1341 2754 1411 diligerent,
2790 1342 3148 1397 detrahebant
3171 1341 3342 1396 mihi:

1933 1432 1984 1484 7.
2019 1432 2131 1502 Ego
2161 1441 2341 1487 autem
2370 1433 2614 1489 orabam.

1933 1527 1987 1582 8.
2025 1526 2092 1580 Et
2122 1539 2425 1596 posuerunt
2459 1528 2749 1583 adversum
2797 1543 2884 1582 me
2930 1528 3072 1583 mala
3113 1542 3214 1598 pro
3244 1526 3435 1585 bonis:

1933 1619 1987 1673 9.
2018 1617 2084 1673 Et
2110 1618 2292 1673 odium
2323 1634 2423 1688 pro
2445 1620 2736 1675 dilectione
2763 1635 2905 1675 mea.

1938 1710 2025 1765 10.
2057 1710 2343 1766 Constitue
2374 1726 2539 1781 super
2567 1726 2692 1767 eum
2723 1720 3103 1781 peccatorem:

1793 1818 1836 1871 Β
1937 1806 2023 1859 11.
2053 1803 2119 1859 Et
2151 1804 2401 1859 diabolus
2431 1812 2536 1860 stet
2568 1821 2600 1859 a
2633 1804 2842 1859 dextris
2873 1805 3012 1875 ejus.

1937 1896 2023 1950 l2.
2054 1895 2191 1949 Cum
2218 1895 2498 1966 iudicatur
2524 1894 2662 1963 ipse,
2690 1905 2846 1951 exeat
2867 1896 3300 1952 condemnatus.

1310 2168 1688 2224 ATHANASI]
1738 2165 2326 2223 INTERPRETATIO.

246 2347 338 2403 29.
384 2348 472 2401 Ἐν
532 2346 610 2418 τῷ
664 2347 783 2418 Θεῷ
819 2347 907 2401 διὰ
961 2346 1062 2418 τῆς
1103 2347 1340 2410 πίστεως
1392 2345 1621 2414 δύναμιν
1668 2345 1769 2399 θῶ-

223 2459 279 2494 εν
313 2441 412 2494 (ll.

223 2459 279 2494 εν
338 2441 359 2494 1
402 2480 412 2494 .

174 2459 221 2513 μ
246 2440 338 2587 501
364 2440 477 2587 ἷίαὶ
496 2530 658 2595 αὐτὸς
678 2530 925 2595 ἀσθενεῖς
947 2532 1167 2601 ποιήσει
1184 2531 1311 2594 τοὺς
1328 2530 1556 2602 ἐχθροὺς
1581 2527 1759 2600 ἡμῶν.

1944 2342 2037 2400 29.
2070 2342 2130 2400 In
2155 2341 2267 2400 Deo
2288 2358 2386 2414 per
2414 2342 2575 2399 ﬁdem
2600 2342 2857 2398 virtutem
2888 2339 3229 2411 reponimus.

1942 2524 2034 2583 ⁸50.
2060 2526 2126 2582 Et
2150 2527 2269 2597 ipse
2297 2525 2546 2581 inﬁrmos
2575 2525 2761 2582 reddet
2786 2524 3040 2581 inimicos
3053 2519 3307 2581 'nostros.

262 2706 327 2759 Ἡ
358 2708 696 2779 προκειμένη
733 2708 1014 2779 ἐπιγραφὴ
1045 2708 1292 2779 περιέχει
1324 2707 1400 2777 (2)
1426 2724 1440 2738 ·
1472 2708 1601 2759 Ὅτι
1628 2708 1662 2759 ό
1689 2705 1933 2777 ψαλμὸς
1961 2706 2050 2771 εὶς
2075 2704 2149 2759 τὰ
2169 2703 2312 2773 τέλη
2334 2704 2559 2774 εἴρηται
2587 2704 2705 2759 τῶν
2730 2706 3085 2775 μελλόντων
3104 2704 3447 2776 συμϐήσδθ

170 2800 257 2866 τῷ
279 2801 466 2867 ἱκανῷ
496 2800 575 2869 τῇ
596 2801 768 2869 χειρὶ,
812 2801 1057 2853 τουτέστι
1084 2799 1162 2871 τῷ
1199 2799 1313 2869 Υἱῷ
1346 2798 1440 2852 τοῦ
1474 2798 1631 2852 Θεοῦ.

256 2891 475 2949 Titulus
505 2894 831 2964 pratpositus
860 2894 1105 2949 continet
1132 2912 1145 2947 :
1175 2892 1327 2957 Quod
1358 2891 1607 2946 Psalmus
1640 2892 1817 2948 dictus
1850 2901 1929 2950 est
1956 2895 2021 2949 de
2057 2894 2126 2949 iis
2156 2904 2275 2961 τινας
2310 2890 2366 2942 in
2400 2889 2499 2943 ﬁne
2520 2898 2766 2944 eventura
2789 2899 2937 2944 erant
2968 2906 3128 2943 manu
3155 2889 3304 2959 forti,
3347 2890 3449 2943 hoc

176 3001 270 3046 est
295 2990 390 3045 Dei
415 2988 579 3045 Filio.

254 3166 302 3219 1.
346 3166 404 3219 'O
438 3166 571 3229 Θεὸς
618 3168 645 3219 ό
695 3166 888 3237 Πατήρ
926 3182 1050 3235 μου,
1082 3165 1110 3217 ὁ
1153 3164 1312 3235 μόνος
1355 3181 1421 3235 με
1452 3162 1751 3232 γινώσκων,

1931 3163 1983 3218 1.
2018 3162 2163 3221 Deus
2190 3163 2350 3220 Pater
2378 3180 2556 3232 meus,
2581 3163 2675 3233 qui
2701 3163 2851 3218 solus
2880 3177 2967 3217 me
2992 3163 3300 3233 cognoscis,
3332 3163 3452 3233 glo-

172 3256 278 3328 τὴν
312 3256 471 3320 δόξαν
506 3275 606 3327 μου
636 3258 953 3328 φανέρωσον
978 3257 1064 3320 τίς
1098 3257 1355 3328 ὑπάρχει,

250 3349 306 3403 2.
345 3350 467 3402 ’Ότι
495 3349 569 3412 ὡς
606 3348 703 3402 ἕνα
731 3349 840 3401 τῶν
863 3348 1167 3421 ἀνθρώπων
1191 3342 1346 3412 οὗτος
1380 3351 1409 3403 ό
1445 3348 1768 3421 ἁμαρτωλὸς

171 3442 204 3492 ὁ
242 3438 319 3509 (5)
380 3439 579 3503 Ἰούδας
613 3439 751 3510 μετὰ
801 3440 950 3493 δόλου
982 3436 1147 3512 ἦλθεν
1200 3440 1424 3511 φιλῆσαί
1470 3459 1538 3511 με
1562 3440 1764 3510 λέγων·

174 3531 379 3598 Xm'pe,
413 3530 635 3584 Ῥαϐϐί.

253 3624 308 3677 5.
346 3622 609 3676 Συνὲθετο
646 3622 785 3692 μετὰ
810 3622 919 3676 τῶν
967 3622 1235 3676 Ἰουδαίων
1268 3624 1456 3676 λαὸεϊν
1490 3623 1567 3689 (4)
1597 3622 1763 3694 ἀργύ-

180 3732 277 3787 ρια
308 3714 435 3785 παρ’
468 3715 667 3777 αὐτῶν,
709 3715 804 3767 καὶ
835 3715 1170 3785 παραδοῦναί
1202 3733 1291 3786 με.

256 3808 310 3862 4.
342 3809 453 3862 Καὶ
494 3807 911 3878 βουλευσάμενοι
948 3808 1266 3862 ἐκύκλωσαν
1305 3825 1391 3879 με.

260 3900 312 3955 5.
349 3900 460 3954 Καὶ
496 3901 634 3970 μετὰ
662 3900 836 3967 ξύλων
864 3902 958 3954 καὶ
994 3900 1279 3972 μαχαιρῶν
1328 3900 1574 3964 ἐλθόντες
1608 3901 1773 3973 ἐκρά-

181 3991 362 4062 τησάν
388 4008 455 4061 με
478 3991 698 4055 ἀδίκως.

259 4083 314 4137 6.
363 4083 536 4154 ’Υπὲρ
566 4078 639 4136 ὧν
660 4083 891 4153 ὤφειλον
920 4084 1140 4154 ἀγαπᾷν
1189 4103 1257 4156 με
1284 4125 1299 4151 ,
1330 4086 1409 4139 ὅτι
1456 4086 1580 4150 τοὺς
1614 4085 1775 4140 ἀσθε-

182 4175 412 4239 νοῦντας
443 4176 621 4229 αὐτῶν
658 4177 917 4247 ἰασάμην,
941 4176 1282 4247 κατηγόρουν
1306 4195 1404 4248 μου
1441 4178 1541 4248 (5).

261 4270 316 4321 7.
368 4268 510 4337 Ἐγὼ
537 4269 594 4321 δὲ
621 4269 1015 4339 προσηυχόμην
1034 4268 1205 4322 τύπον
1227 4273 1336 4332 τοῖς
1370 4270 1637 4342 μαθηταῖς
1673 4289 1773 4342 μου

181 4360 365 4423 διδοὺς
403 4361 460 4413 ὲν
488 4359 665 4430 καιρῷ
700 4359 1015 4431 πειρασμοῦ
1047 4360 1220 4425 οὕτως
1243 4363 1667 4434 προσεύχεσθαι.

259 4453 313 4507 8.
350 4452 460 4507 Καὶ
491 4450 697 4523 ὥρισαν
725 4453 1076 4525 ἀναιρεθῆναί
1120 4472 1189 4526 με
1233 4457 1354 4509 ἀντὶ
1380 4456 1486 4509 τῶν
1513 4456 1733 4526 ἀγαθῶν
1756 4498 1769 4523 ,

186 4538 265 4598 ὧν
288 4543 377 4597 ἀεὶ
414 4543 690 4614 παρέσχον
723 4545 928 4607 αὐτοῖς.

259 4636 313 4689 9.
350 4635 463 4688 Καὶ
499 4636 621 4689 ἀντὶ
646 4637 747 4707 τῆς
768 4638 1009 4708 ἀγάπης,
1039 4630 1107 4710 ἧς
1142 4637 1255 4707 ἐγὼ
1287 4637 1554 4708 ἠγάπησα
1583 4640 1780 4704 αὐτοὺς

187 4726 290 4799 (6),
315 4727 540 4797 ἐμίσουν
569 4745 658 4798 με.

262 4820 353 4884 10,
410 4819 496 4875 11.
546 4820 787 4892 Ἀρχέτω
841 4822 1044 4886 αὐτοῦ,
1107 4821 1202 4876 καὶ
1275 4820 1619 4892 κυριευσάτω
1685 4823 1779 4875 ἀπ’

188 4914 369 4984 ἀρχῆς
399 4910 477 4982 (7)
504 4913 827 4984 ἁμαρτωλὸς
851 4915 879 4966 ό
905 4913 1169 4976 διάϐολος.

266 5002 355 5056 12.
396 5001 827 5072 Ἀναπολόγητος
854 5002 995 5056 ἔστω
1018 5006 1075 5058 ὲν
1103 5006 1168 5076 τῇ
1188 5002 1373 5077 ἡμέρᾳ
1392 5002 1494 5075 τῆς
1524 5004 1756 5075 κρίσεως

268 5184 314 5217 ³⁹
347 5182 537 5239 Matth.
574 5201 722 5250 τινι,
756 5184 845 5239 49.

1868 3252 2008 3307 riam
2037 3269 2215 3309 meam
2245 3253 2535 3308 manifesta
2562 3252 2738 3322 qualis
2767 3257 2869 3305 est.

1942 3345 1996 3401 2.
2035 3344 2306 3412 Quoniam
2330 3346 2501 3401 veluti
2553 3345 2621 3399 ad
2671 3359 2842 3398 unum
2892 3357 2958 3398 ex
2995 3342 3180 3421 homin

3188 3343 3329 3397 i-.
3376 3343 3453 3397 ita

1942 3345 1996 3401 2.
2035 3344 2306 3412 Quoniam
2330 3346 2501 3401 veluti
2553 3345 2621 3399 ad
2671 3359 2842 3398 unum
2892 3357 2958 3398 ex
2995 3342 3199 3421 lioamin'
3376 3343 3449 3397 ita

1868 3447 2124 3507 peccator
2157 3437 2326 3493 Judas
2368 3454 2491 3493 cum
2543 3438 2670 3493 dolo
2699 3438 2847 3493 venit
2872 3437 2940 3491 ad
2977 3437 3202 3492 osculan
3364 3450 3449 3489 me

1870 3528 2057 3583 dicens
2081 3547 2094 3582 :
2128 3530 2254 3596 Ave,
2286 3528 2454 3582 Rabbi
2479 3529 2545 3583 ’9.

1943 3622 1995 3675 5.
2027 3620 2295 3676 Convenit
2315 3636 2439 3676 cum
2463 3621 2669 3677 Judaeis
2694 3629 2979 3691 argentum
3011 3620 3080 3675 ab
3102 3620 3183 3675 eis
3207 3620 3454 3690 accipere

1871 3721 1935 3767 ut
1969 3729 2053 3767 me
2079 3714 2343 3768 traderet.

1942 3808 1996 3863 4.
2031 3808 2097 3863 Et
2125 3794 2262 3863 inito
2290 3809 2520 3864 consilio
2544 3808 3023 3861 circumdederunt
3059 3823 3165 3861 me.

1940 3902 1993 3957 5.
2033 3901 2251 3957 Etcum
2292 3901 2528 3956 fustibus
2571 3909 2625 3955 et
2654 3901 2847 3970 gladiis
2882 3900 3163 3956 venientes
3200 3914 3454 3968 compre-

1874 3995 2183 4050 henderunt
2216 4010 2303 4050 me
2332 3994 2551 4064 injuste.

1943 4086 1997 4140 6.
2024 4085 2130 4141 Pro
2162 4087 2230 4140 iis
2265 4087 2335 4140 ob
2365 4101 2487 4155 quae
2517 4085 2781 4140 debebant
2808 4099 2894 4139 me
2913 4084 3158 4153 diligere,
3188 4084 3335 4154 quod
3363 4099 3456 4140 eo-

1874 4195 1995 4233 rum
2032 4178 2280 4233 inﬁrmos
2302 4177 2511 4241 sanavi,
2542 4178 2872 4232 accusabant
2905 4191 3011 4230 me.

1952 4271 2003 4325 7.
2036 4268 2149 4340 Ego
2181 4279 2361 4325 autem
2409 4270 2654 4334 orabam,
2701 4269 3008 4337 exemplum
3040 4268 3287 4337 prmbcns
3318 4270 3455 4323 meis

1877 4361 2163 4432 discipulis
2198 4369 2444 4431 tempore
2474 4359 2841 4413 tribulationis
2872 4358 3124 4412 similiter
3152 4372 3331 4412 orare.

1948 4454 2002 4509 8.
2039 4452 2107 4508 Et
2150 4461 2458 4508 statuerunt
2496 4468 2584 4507 me
2639 4451 2947 4506 interﬁcere
2994 4465 3092 4520 pro
3136 4449 3294 4505 bonis
3336 4466 3459 4521 qua:

1880 4562 2096 4616 semper
2122 4546 2201 4600 eis
2228 4546 2461 4615 prtebui.‘
3164 4618 3165 4621 η

1947 4641 2002 4695 9.
2029 4638 2095 4693 Ει
2118 4654 2217 4709 pro
2246 4639 2538 4694 dilectione
2576 4654 2683 4709 qua
2724 4653 2819 4695 eos
2847 4654 2965 4710 .ego
2998 4638 3183 4707 dilexi,
3215 4637 3343 4691 odio
3374 4652 3460 4690 me

1878 4730 2211 4786 habuerunt.

1953 4820 2040 4887 10,
2078 4821 2163 4873 11.
2190 4818 2248 4873 1η
2299 4833 2364 4873 eo
2411 4818 2699 4887 imperium
2744 4833 2808 4873 ac
2836 4817 3266 4873 dominationem
3306 4828 3462 4869 excr-

1878 4922 1997 4969 ceat
2019 4912 2292 4978 diabolus,
2327 4911 2419 4982 qui
2454 4911 2558 4964 fuit
2592 4911 2660 4965 ab
2688 4910 2844 4966 initio
2873 4918 3147 4979 peccator.

1950 5006 2038 5061 l2.
2072 5004 2466 5061 lncxcusabilis
2488 5006 2560 5059 sit
2588 5004 2641 5058 in
2669 5005 2755 5059 dic
2779 5002 2999 5075 iudicii-

3186 3328 3329 3402 ί..

3202 3402 3341 3541 ἢ

1149 5325 1458 5390 Addenda
1496 5334 1557 5391 et
1591 5326 1965 5407 corrigenda
1996 5344 2075 5390 ex
2104 5329 2245 5390 cod.
2284 5324 2481 5387 Vatic.

268 5493 348 5566 (1)
380 5492 817 5566 Δυναμωθῶμενο

269 5512 348 5562 (ιι
380 5512 520 5548 Δυνα
566 5512 817 5566 ωυωμεν.

269 5550 366 5642 (2)·
381 5564 443 5617 Ἢ
579 5565 1080 5642 τῆςμκινναϐἀρεωξ
1095 5565 1335 5642 περιέχει
1354 5584 1366 5595 ⁸
1388 5568 1480 5631 Εἰς
1514 5568 1767 5642 τόᾼτέλρς,

193 5635 411 5710 ψαλμὺς
435 5636 514 5710 τῶ
542 5635 726 5693 Δαϐίδ.
760 5638 927 5691 Τοῦτο
940 5635 1034 5692 οὖν
1056 5635 1223 5707 δηλοῖ,
1253 5635 1395 5706 Ὅτι,
1422 5648 1524 5695 etc.
1553 5638 1772 5710 Συμὸή-

197 5706 390 5760 σεσθαι
420 5706 517 5776 τῷ,
544 5720 648 5763 etc.

271 5776 349 5848 (ὅ)
388 5777 440 5831 '0
468 5780 639 5834 deest.

1949 5497 2024 5568 (4)
2058 5498 2391 5569 Λαμϐάνειν.

1950 5570 2187 5637 (5)Μοι.
2458 5631 2485 5637 η
2561 5635 2569 5637 _
2643 5632 2652 5637 _
2893 5630 2905 5637 Α
2986 5630 2995 5637 _
3094 5626 3185 5637 ,,
3273 5600 3295 5621 ρ

2068 5640 2427 5709 ’Λγαπήσεως
2455 5631 2521 5706 ἧς
2552 5632 2816 5709 ᾐγάπησα
2851 5630 3045 5693 αὐτοὺς
3090 5626 3221 5699 ἐγὼ,
3258 5635 3361 5683 etc.

1955 5706 2031 5781 ('7')
2063 5706 2237 5764 Αὑτοῦ
2269 5706 2295 5762 ὀ
2332 5710 2423 5763 ἀπ’
2452 5706 2644 5777 ἀρχῆς,
2676 5712 2778 5761 etc.
