3874 6222
424 296 567 358 1159
1268 303 1321 355 S.
1365 301 1743 359 ATHANASII
1780 300 1931 357 OPP.
1973 299 2152 354 PARS
2182 296 2270 352 IlI.
2311 326 2381 339 -
2416 296 2831 354 EXEGETICA.
3539 303 3675 355 1110

499 418 584 472 15.
615 416 682 472 Et
709 415 885 471 oratio
918 415 1037 487 ejus
1067 415 1160 469 ﬁat
1183 416 1235 469 in
1266 427 1573 487 peccatum.
2016 446 2029 476 λ

2161 414 2247 468 15.
2284 414 2391 466 Kal
2416 415 2449 484 ἡ
2478 413 2945 485 προσευχὴαύτοῦ
2974 414 3218 484 γενέσθω
3240 417 3323 481 είς
3358 418 3645 489 ἁμαρτίαν.

498 509 584 562 11.
614 506 773 561 Fiant
805 508 920 563 dies
945 509 1064 577 ejus
1089 509 1247 579 pauci
1276 524 1291 562 :

2171 504 2256 557 14.
2294 505 2333 556 Γ
2336 504 2685 575 ενηθήτωσαν
2714 507 2770 558 αἱ
2801 506 3005 577 ἡμέραι
3035 506 3199 559 αὑτοῦ
3235 507 3411 577 ὀλίγαι

500 600 584 654 15.
622 599 686 652 Et
719 600 1089 669 episc0patum
1119 600 1238 669 ejus
1259 601 1490 671 accipiat
1518 602 1679 656 alter.

2172 596 2259 649 15.
2296 596 2405 649 Kal
2428 596 2526 667 τὴν
2556 596 2859 667 ἐπισκοπὴν
2885 596 3050 649 αὑτοῦ
3084 596 3237 650 λάϐοι
3258 598 3463 669 ἕτερος.

498 688 584 740 16.
616 684 775 739 Fiant
802 686 894 739 filii
926 686 1045 755 ejus
1067 687 1333 756 orpltani:

2170 686 2255 739 16.
2287 687 2678 758 Γενηθήτωσαν
2708 688 2757 739 οἱ
2784 688 2891 739 υἱοὶ
2915 688 3079 740 αὐτοῦ
3112 688 3370 759 ὀρφανοί·

498 780 581 832 17.
612 778 677 831 Et
704 794 841 833 uxor
866 779 985 849 ejus
1014 780 1194 833 vidua.

2170 780 2258 834 17.
2288 781 2395 833 Kal
2427 782 2460 851 ἡ
2494 780 2630 851 γυνὴ
2650 779 2813 832 αὐτοῦ
2840 781 3004 850 χήρα.

502 871 585 925 18,
614 870 879 925 Nutantes
930 872 1329 928 transferantur
1382 873 1476 928 lilii
1524 873 1644 944 ejus
1685 882 1739 927 et
1780 872 1992 927 mendi-

2174 870 2258 923 18.
2297 870 2652 941 Σαλευόμενοι
2690 872 3187 941 μταναστὴτωσαν
3232 873 3283 924 οἱ
3332 870 3440 923 υἱοὶ
3490 871 3676 933 αὑτοῦ,

426 971 549 1017 cent
573 981 587 1018 ε

2102 963 2195 1014 καὶ
2218 962 2691 1031 ὲπαιτησάτωσαν·

500 1056 584 1109 t9.
616 1054 914 1124 Ejiciantur
939 1056 1005 1111 de
1032 1057 1460 1113 habitationibus
1484 1059 1621 1114 suis.

2172 1052 2257 1106 19.
2294 1051 2746 1123 Ἐκϐληθήτωσαν
2770 1054 2835 1105 ὲκ
2863 1053 2970 1107 τῶν
2998 1053 3295 1106 οἰκοπέδων
3334 1054 3540 1105 αὐτῶν.

495 1144 585 1196 20.
617 1143 900 1198 Scrutetur
920 1144 1192 1202 fenerator
1216 1163 1435 1203 omnem
1458 1149 1813 1205 substantiam
1839 1149 1958 1206 eius
1978 1167 1995 1202 :

2169 1144 2257 1197 20.
2305 1144 2742 1215 Ἐξερευνησάτω
2767 1144 3052 1215 δανειστὴς
3091 1146 3267 1198 πάντα
3294 1187 3308 1209 ,
3356 1146 3461 1199 ὅσα
3494 1145 3676 1217 ὑπαρ-

2102 1250 2185 1302 χει
2220 1250 2369 1301 αυτῳ
2390 1248 2403 1262 ·

494 1325 582 1379 21.
611 1324 677 1379 Et
709 1326 969 1396 diripiant
991 1327 1153 1381 alieni
1183 1328 1399 1385 labores
1423 1330 1563 1400 ejus.

2168 1324 2257 1376 21.
2277 1324 2850 1395 Καὶδιαρπασάτωσαν
2866 1324 3131 1397 ἀλλότριοι
3143 1327 3266 1388 τοὺς
3283 1327 3479 1389 πόνους
3491 1326 3675 1379 αὑτοῦ.

495 1418 583 1471 22.
617 1416 737 1472 Non
760 1419 831 1475 sit
862 1419 937 1473 illi
965 1419 1178 1488 adjutor

2172 1414 2260 1466 22.
2294 1415 2383 1485 Μὴ
2416 1415 2712 1485 ὑπαρξάτω
2738 1414 2889 1485 αὐτῷ
2922 1416 3295 1486 ἀντιλήπτωρ·

496 1511 583 1565 25.
621 1509 730 1565 Nec
760 1512 831 1566 sit
850 1512 942 1581 qui
978 1512 1301 1565 misereatur
1328 1510 1545 1579 pupillis
1572 1511 1712 1581 ejus.

2169 1508 2257 1560 25.
2285 1507 2436 1576 Μηδὲ
2458 1508 2741 1578 γενηθήτω
2760 1508 3061 1577 οἰκτίρμων
3082 1511 3193 1571 τοῖς
3212 1509 3468 1576 ὀρφανοῖς
3494 1508 3677 1561 αὑτοῦ.

496 1602 585 1654 21.
617 1601 776 1656 Fiant
811 1602 923 1656 nati
950 1602 1069 1671 ejus
1096 1602 1152 1655 in
1184 1603 1493 1656 interitum:

2168 1598 2259 1650 24.
2294 1598 2580 1668 Γενηθήτω
2606 1598 2675 1651 τὰ
2702 1598 2871 1652 τέκνα
2902 1598 3068 1651 αὐτοῦ
3091 1600 3170 1661 είς
3200 1598 3575 1669 ὲξολόθρευσιν
3593 1613 3609 1629 ο

493 1692 583 1744 25.
622 1690 679 1745 1η
714 1692 1060 1762 generatione
1091 1708 1198 1748 una
1230 1693 1473 1748 deleatur
1502 1708 1700 1746 nomen
1730 1692 1871 1764 ejus.

2168 1688 2255 1740 25.
2299 1689 2385 1739 Ἐν
2415 1689 2577 1758 γενεᾷ
2614 1689 2711 1757 μιᾷ
2734 1687 3080 1758 ἐξαλειφθείη
3106 1687 3165 1740 τὸ
3189 1689 3360 1758 ὄνομα
3400 1688 3586 1741 αὐτοῦ.

493 1781 582 1835 26.
619 1784 676 1837 ln
702 1786 1019 1840 memoriam
1044 1786 1227 1841 redeat
1257 1786 1516 1856 iniquitas
1551 1797 1764 1856 patrum
1788 1786 1908 1855 ejus
1944 1787 1996 1839 in

2168 1780 2259 1833 26.
2304 1778 2703 1850 Ἀναμνησθείη
2730 1782 2764 1851 ἡ
2811 1780 3009 1850 ἀνομία
3062 1779 3173 1833 τῶν
3220 1779 3477 1851 πατέρων
3514 1779 3684 1832 αὑτοῦ

426 1886 713 1942 conspectu
748 1874 959 1930 Domini
984 1895 997 1929 :

2100 1872 2281 1927 ἔναντι
2306 1872 2509 1943 Κυρίου
2531 1890 2544 1903 ·

494 1967 581 2019 27.
615 1965 679 2021 Et
703 1976 980 2035 peccatum
1017 1968 1206 2021 matris
1232 1967 1351 2037 ejus
1380 1982 1489 2022 non
1518 1969 1786 2024 deleatur.

2168 1968 2258 2021 27.
2292 1969 2402 2022 Kal
2432 1970 2464 2038 ἡ
2492 1970 2734 2041 ἁμαρτία
2762 1970 2862 2041 τῆς
2899 1973 3104 2042 μητρὸς
3154 1972 3318 2023 αὐτοῦ
3368 1972 3443 2042 μὴ
3475 1972 3683 2035 ἐξαλει-

2104 2060 2282 2129 φθείη.

490 2144 579 2199 28.
609 2144 767 2200 Fiant
793 2156 981 2201 contra
1011 2146 1303 2202 Dominum
1338 2163 1549 2217 semper
1583 2166 1597 2201 :

2166 2149 2255 2204 28.
2286 2148 2678 2219 Γενηθήτωσαν
2706 2151 2947 2203 ἐναντίον
2972 2149 3178 2223 Κυρίου
3200 2149 3494 2213 διαπαντός
3522 2168 3536 2181 ·

492 2237 581 2292 29.
616 2236 682 2291 Et
709 2238 981 2308 dispereat
1009 2239 1077 2294 de
1111 2248 1257 2294 terra
1294 2242 1556 2294 memoria
1588 2254 1798 2293 eorum.

2163 2240 2253 2295 29.
2272 2240 2383 2292 Kal
2404 2240 2808 2312 ἐξολοθρευθείη
2825 2242 2889 2294 ὲκ
2910 2242 3012 2311 γῆς
3031 2242 3097 2307 τὸ,
3110 2242 3454 2312 μνημόσυνον
3473 2241 3675 2296 αὐτῶν.

492 2329 579 2383 50.
615 2327 719 2383 Pro
742 2344 807 2384 eo
835 2331 980 2400 quod
1012 2346 1121 2385 non
1153 2339 1239 2386 est
1267 2331 1587 2387 recordatus
1615 2328 1797 2384 facere
1823 2330 1987 2383 mise-

1857 2330 1987 2383 iise-
2164 2330 2253 2384 50.
2295 2329 2439 2385 Ἀνθ’
2463 2325 2541 2385 ὧν
2571 2330 2671 2384 οὐκ
2691 2331 2937 2403 ἐμνήσθη
2965 2333 3188 2403 ποιῆσαι
3208 2330 3356 2394 ἕλεος
3374 2348 3387 2362 ·

423 2419 753 2475 ricordiam:

1560 2644 1930 2702 ATHANASII
1966 2644 2543 2705 INTERPRETATIO.

494 2847 578 2906 15.
616 2847 682 2903 Et
711 2863 807 2905 cor
838 2850 959 2919 ejus
989 2850 1082 2905 ﬁat
1104 2850 1158 2905 in
1183 2851 1455 2907 tenebras.

2161 2848 2246 2905 15.
2277 2850 2387 2903 Kal
2412 2852 2444 2921 ἡ
2475 2848 2669 2922 καρδία
2696 2833 2861 2904 αὐτοῦ
2892 2848 3131 2919 γενέσθω
3152 2851 3233 2914 είς
3267 2851 3472 2913 σκότος.

491 2939 578 2991 14.
615 2938 813 2993 Eadem
843 2939 987 2993 enim
1015 2940 1102 2994 die
1128 2941 1320 2995 abiens
1348 2956 1407 2995 se
1435 2941 1737 3012 suspendit.

2161 2940 2246 2993 M.
2282 2941 2603 3014 Αὐθήμερον
2632 2943 2737 3013 γὰρ
2768 2942 3019 2995 ἀπελθὼν
3052 2942 3357 3012 ἀπήγξατο.

488 3031 571 3086 -5.
606 3030 884 3097 Matthias,
914 3048 1023 3087 non
1056 3040 1236 3086 autem
1272 3033 1617 3102 publicanus.

1471 3048 1617 3088 inus.
2162 3031 2245 3084 15.
2274 3032 2544 3096 Ματθίας,
2570 3033 2667 3102 οὐχ
2694 3036 2721 3085 ὁ
2746 3032 3001 3102 τελώνης.

486 3122 573 3175 16.
604 3122 779 3191 Opera
805 3123 925 3191 ejus
961 3121 1197 3177 inutilia.

2163 3120 2250 3173 16.
2283 3122 2363 3175 Τὰ
2388 3122 2522 3193 ἔργα
2545 3122 2707 3175 αὐτοῦ
2744 3123 2950 3192 μάταια
2982 3122 3078 3193 (1).

488 3211 579 3264 17.
613 3211 677 3267 Et
710 3212 893 3266 anima
919 3213 1036 3282 ejus
1070 3213 1301 3283 direpta.
2017 3273 2018 3282 χ

2017 3250 2058 3305 C
2164 3212 2246 3265 17.
2284 3214 2394 3266 Kal
2426 3216 2458 3284 ἡ
2484 3214 2627 3285 ψυχὴ
2658 3212 2824 3267 αὐτοῦ
2858 3214 3287 3286 διαρπαζομένη.

489 3300 574 3357 18.
603 3304 663 3357 ln
689 3311 928 3374 egestate
957 3304 1264 3360 intellectus
1294 3320 1449 3361 mens
1475 3306 1594 3374 ejus
1619 3305 1903 3361 consistat.

2162 3304 2248 3358 18.
2298 3305 2384 3358 Ἐν
2412 3304 2588 3376 ἐνδείᾳ
2610 3306 2877 3369 συνέσεως
2907 3306 3251 3361 καταστῶσιν
3280 3309 3336 3361 αἱ
3360 3308 3561 3377 φρένες
3589 3310 3683 3363 αέα·-

2090 3413 2203 3449 του.

489 3479 577 3533 19.
613 3478 841 3533 Excidat
868 3479 937 3534 ab
968 3478 1088 3548 ipso
1121 3495 1274 3534 mens
1307 3480 1425 3551 ejus
1457 3480 1525 3535 ob
1553 3480 1826 3549 improbas
1858 3496 1987 3534 eon—

2161 3484 2227 3539 19
2288 3484 2738 3556 Ἐκῦληθήτωσαν
2762 3486 2859 3539 ἀπ’
2886 3486 3050 3539 αὑτοῦ
3076 3487 3130 3538 αἱ
3163 3485 3359 3557 φρένες
3382 3488 3551 3539 αὐτοῦ
3573 3489 3676 3540 in?)

417 3570 779 3628 cuniscentias
806 3570 1033 3625 adnatas
1063 3570 1120 3624 in
1147 3571 1309 3626 corde
1340 3585 1462 3625 suo.

2149 3578 2195 3632 iv
2222 3580 2279 3632 ὲν
2298 3581 2365 3651 τῇ
2398 3578 2598 3651 καρδίᾳ
2623 3577 2788 3633 αὑτοῦ
2810 3580 3110 3650 τεχθέντων
3136 3581 3389 3651 πονηρῶν
3433 3581 3679 3653 ἐνθυμή-

2090 3685 2246 3721 σεων.

484 3749 573 3803 20.
600 3745 819 3803 Nullum
848 3755 1129 3819 peccatum
1173 3746 1293 3801 eius
1324 3744 1654 3800 eondonabit
1696 3742 1984 3798 Dominus.

2156 3758 2244 3812 20.
2278 3758 2563 3831 Μηδεμίαν
2603 3760 2876 3833 ἁμαρτίαν
2917 3760 2992 3833 (2)
3042 3759 3206 3814 αὐτοῦ
3239 3762 3593 3832 συγχωρήσει
3649 3766 3674 3815 ὁ

1672 3868 1676 3875 ι
2088 3848 2312 3921 Κύριος.

482 3924 569 3979 2|.
603 3923 669 3980 Et
726 3923 1053 3979 adversariae
1099 3932 1393 3993 potestates
1444 3922 1873 3977 dominabuntur
1932 3925 1983 3978 in

2154 3942 2243 3995 21.
2279 3941 2389 3995 Kal
2416 3940 2492 4013 (5)
2520 3944 2577 3994 αἱ
2611 3943 2851 3997 ἐναντίαι
2876 3943 3137 4013 δυνάμεις
3174 3946 3677 4015 κατακυριεύσουσι

413 4017 595 4072 anima
621 4025 674 4071 et
698 4016 958 4071 membris
990 4015 1129 4085 ejus.

2087 4030 2181 4099 τῆς
2213 4027 2390 4098 ψυχῆς
2413 4031 2505 4083 καὶ
2529 4030 2638 4083 τῶν
2670 4031 2847 4101 μελῶν
2881 4034 3064 4086 αὑτοῦ.

485 4110 575 4162 22.
610 4106 803 4163 Nullus
828 4109 875 4162 ei
903 4108 1115 4174 adjutor
1144 4107 1468 4162 inveniatur.

2154 4118 2241 4171 22.
2273 4119 2475 4190 Μηδεὶς
2504 4120 2700 4191 εὑρεθῇ
2733 4120 2923 4191 βοηθὸς
2958 4122 3135 4175 αὐτῶν
3170 4122 3266 4193 (1).

482 4201 570 4254 25.
608 4197 795 4270 Neque
826 4199 1090 4254 Dominus
1122 4201 1445 4254 misereatur
1484 4200 1653 4255 ullius
1706 4200 1983 4270 improba-

2155 4210 2245 4264 2'5.
2281 4212 2433 4283 Μηδὲ
2461 4214 2821 4285 οἰκτειρήσῃὸ
2848 4198 3055 4287 Κύριός
3083 4234 3136 4269 τι
3162 4217 3270 4270 τῶν
3297 4217 3477 4289 ἔργων
3499 4217 3672 4271 αὐτοῦ

414 4310 536 4349 rum
564 4294 684 4364 ejus
707 4295 1005 4349 actionum.

960 4310 1005 4347 [ι.
2082 4303 2190 4356 τῶν
2219 4303 2490 4375 πονηρῶν.

486 4387 573 4441 21.
603 4385 779 4456 Opera
811 4386 951 4455 ejus.

2152 4395 2241 4449 24.
2275 4398 2356 4450 Τὰ
2385 4397 2520 4469 ἔργα
2550 4397 2713 4452 αὐτοῦ
2752 4398 2847 4469 (5).

481 4480 570 4534 25.
609 4479 802 4534 Statim
831 4494 897 4533 ex
928 4478 1067 4533 libro
1094 4477 1408 4533 viventium.

2150 4488 2238 4542 25.
2270 4490 2611 4560 παραχρῆμα
2640 4493 2704 4544 ὲκ
2726 4492 2824 4561 τῆς
2860 4490 3041 4561 βίϐλου
3075 4490 3175 4561 τῆς
3203 4490 3380 4560 ζωῆς.“

482 4574 571 4627 26.
605 4572 826 4626 Patrum
866 4571 1008 4641 ejus,
1037 4570 1131 4641 qui
1176 4571 1231 4625 in
1260 4587 1446 4627 eremo
1492 4587 1704 4642 semper
1748 4572 1978 4629 Domino
2011 4592 2012 4595 η

2150 4581 2237 4635 26.
2273 4581 2392 4635 Τῶν
2424 4582 2683 4653 Πατέρων
2713 4584 2878 4637 αὐτοῦ
2916 4584 3024 4639 τῶν
3063 4586 3121 4636 ἐν
3148 4586 3212 4654 τῇ
3256 4583 3451 4654 ἐρήμῳ
3511 4583 3667 4636 ἐναν-

410 4662 679 4720 aJversati
704 4673 851 4720 sunt.

2084 4672 2380 4742 τιουμένων
2405 4675 2490 4725 ἀεὶ
2521 4672 2597 4743 τῷ
2631 4676 2836 4746 Κυρίῳ.

478 4757 567 4811 27.
606 4756 921 4829 δγηαεοεω.
2150 4764 2239 4818 27.
2279 4763 2388 4833 Τῆς
2419 4766 2767 4835 συναγωγῆς.

472 4849 560 4902 28.
595 4846 752 4903 Fiant
777 4865 990 4920 semper
1015 4847 1274 4904 contrarii
1303 4847 1551 4902 Domino.

2144 4856 2233 4909 28.
2267 4856 2753 4928 Γενηθήτωσαν(6)
2775 4860 2861 4912 ael
2894 4858 3296 4929 ἐναντιούμενοι
3334 4857 3413 4928 τῷ
3442 4857 3656 4927 Κυρίῳ.

480 4941 567 4995 29.
604 4939 671 4994 Et
727 4941 998 5010 dispereat
1056 4944 1122 4998 de
1166 4952 1312 4999 terra
1366 4942 1661 4997 viventium
1715 4946 1975 4999 memoria

2150 4948 2238 5003 29.
2270 4949 2380 5001 Καὶ
2404 4949 2479 5020 (7)
2508 4950 2913 5023 ὲξολοθρευθείη
2957 4953 3023 5005 ἐκ
3065 4953 3163 5021 τῆς
3187 4952 3292 5021 γῆς
3309 4950 3418 5003 τῶν
3439 4949 3659 5015 ζώντων

406 5032 767 5102 pervicacium
797 5032 1128 5090 Judazorum.

2082 5040 2141 5092 τὸ
2178 5042 2522 5111 μνημόσυνον
2560 5044 2666 5095 τῶν
2700 5045 3067 5099 ἀπειθούντων
3101 5045 3390 5098 Ἰουδαίων.

475 5124 562 5179 50.
596 5122 703 5180 Pro
736 5140 805 5181 eo
834 5127 979 5197 quod
1004 5127 1077 5182 ita
1112 5126 1387 5198 cogitavit.

2289 5132 2428 5186 Ἀνθ’
2461 5126 2535 5189 ὧν
2556 5133 2727 5198 οὕτως
2751 5139 3085 5207 ὲπενοήσατο
3114 5138 3189 5209 (8)

1354 5321 1663 5385 Addenda
1701 5328 1763 5385 et
1791 5324 2166 5403 corrigenda
2197 5343 2277 5387 ex
2323 5326 2464 5388 cod.
2498 5328 2699 5389 Vatia.

473 5472 551 5548 (1)
585 5473 665 5548 TC}!
696 5474 917 5548 μάταια.
975 5547 981 5548 ί
2144 5479 2220 5547 (5)
2250 5480 2445 5543 Αὐτοῦ,
2488 5481 2657 5548 λέγει.

471 5543 549 5617 (2__)
581 5544 750 5617 {ler
776 5546 1074 5615 ἁμαρτίαν,
1109 5558 1212 5601 etc.
2245 5543 2613 5605 Γενέσθωσαν.

474 5612 550 5690 (ξι)
574 5612 912 5690 -Ιςςιίξιεξςξεῐι⁷
977 5683 1041 5690 __
1147 5685 1159 5690 _
1215 5684 1240 5690 _
2144 5612 2233 5690 (7)
2275 5622 2383 5673 Kal
2412 5622 2581 5675 deest.

470 5681 545 5751 (4)
574 5682 840 5754 Εὑρεθείη
872 5683 1080 5755 βοηθῶν
1103 5684 1269 5754 αὐτῷ.
2140 5681 2226 5761 (8)
2263 5690 2629 5761 ’Δπενοήσατο
