3874 6222
184 278 308 333 1141
1093 269 1182 324 DE
1219 268 1496 326 TITULIS
1529 266 1780 323 ΡεΑιΜ(

1950 265 1980 322 l.
2014 296 2085 308 ——
2121 262 2314 319 PSAL.
2354 260 2536 319 CVIII.
3280 259 3423 316 1142

249 391 329 446 5i.
363 387 470 443 Kal
493 385 813 451 κατεδίωξεν
840 386 1127 457 ἄνθρωπον
1152 387 1361 457 πένητα
1388 387 1483 440 καὶ
1507 384 1741 455 πτωχὸν,
1773 434 1780 446 ,

1950 380 2012 434 .l.
2043 379 2109 433 Et
2137 385 2458 450 persecutus
2489 384 2572 432 est
2605 375 2885 432 hominem
2914 375 3131 446 inopem
3159 382 3215 431 et
3261 390 3418 429 men-

249 564 330 618 52.
361 561 467 615 Kal
486 558 956 629 κατανενυγμένον
979 560 1044 628 τῇ
1075 557 1272 629 καρδίᾳ
1296 557 1390 610 τοῦ
1416 555 1744 610 θανατῶσαι.

248 656 333 710 55.
360 654 468 706 Kal
493 651 747 721 ἠγάπησε
783 650 1052 721 κατάραν,
1077 650 1172 702 καὶ
1204 649 1322 720 ἥξει
1343 648 1490 719 αὐτῷ
1507 665 1520 678 ·

248 746 330 801 54.
359 746 466 798 Kal
494 745 594 797 οὐκ
622 742 893 814 ἠθέλησεν
920 741 1171 810 εὐλογίαν
1198 780 1212 804 ,
1249 742 1344 793 καὶ
1380 739 1751 811 μακρυνθήσε-

186 854 267 889 ται
293 837 384 888 ἀπ’
415 834 601 887 αὑτοῦ.

252 928 332 982 53.
366 928 476 981 Kal
512 925 803 979 ἐνεδύσατο
830 925 1074 998 κατάραν
1097 925 1173 988 ὡς
1195 924 1408 995 ἱμάτιον
1430 941 1443 954 ο
1704 988 1710 995 ι

251 1017 333 1071 56.
366 1017 475 1069 Kal
500 1015 751 1085 εἰσῆλθεν
782 1014 913 1067 ὡσεὶ
959 1014 1102 1084 ὕδωρ
1135 1016 1215 1076 εἰς
1242 1012 1311 1065 τὰ
1338 1012 1543 1081 ἔγκατα
1565 1009 1752 1065 αὐτοῦ·

250 1110 333 1163 57.
363 1110 469 1161 Kal
492 1109 623 1161 ὡσεὶ
654 1108 837 1160 ἔλαιον
865 1108 923 1159 ὲν
953 1109 1065 1169 τοῖς
1089 1106 1303 1168 ὀστέοις
1330 1104 1516 1159 αὑτοῦ.

256 1200 339 1254 58.
373 1200 660 1270 Γενηθήτω
695 1199 842 1270 αὐτῷ
864 1198 939 1261 ὡς
974 1198 1186 1269 ἱμάτιον
1214 1198 1241 1251 ὃ
1271 1196 1675 1268 περιϐάλλεται*

255 1291 336 1346 59.
379 1291 482 1343 Kal
515 1290 646 1343 ὡσεὶ
674 1290 818 1361 ζώνη
847 1291 913 1360 ἣν
935 1290 1225 1353 διαπαντὸς
1252 1288 1665 1361 περιζώννυται.

254 1382 338 1434 40.
374 1382 542 1435 Τοῦτο
566 1382 629 1435 τὸ
657 1382 817 1452 ἔργον
840 1382 947 1435 τῶν
994 1381 1446 1435 ὲνδιαϐαλλόντων
1492 1399 1559 1452 με
1612 1382 1762 1452 παρά

194 1469 404 1543 Καρίου,

256 1563 341 1616 41.
394 1563 500 1617 Kal
552 1563 660 1617 τῶν
705 1562 1011 1618 λαλούντων
1065 1565 1278 1637 πονηρά
1332 1565 1472 1619 κατά
1526 1566 1625 1637 τῆς
1664 1566 1765 1635 ψυ-

194 1655 286 1725 χῆς
325 1672 443 1726 μου.

1849 474 2055 540 dicum,

1925 564 2011 620 52.
2048 564 2113 618 Et
2141 571 2531 632 compunctum
2562 560 2726 616 corde
2751 560 3100 615 mortiﬁcare.

1918 658 2008 711 55.
2041 656 2104 709 Et
2134 654 2323 710 dilexit
2349 652 2815 718 maledictionem,
2847 661 2900 707 et
2922 653 3101 707 veniet
3124 651 3210 705 ei:
3260 705 3265 710 _
3420 723 3428 731 '

1920 748 2014 804 54.
2039 748 2107 803 Et
2127 748 2303 804 noluit
2320 745 2777 809 benedictionem,
2806 753 2860 800 et
2881 744 3221 815 elongabitur
3246 743 3315 797 ab
3336 757 3422 798 eo.

1922 928 2010 983 55.
2044 928 2112 981 Et
2142 926 2321 981 induit
2354 925 2791 980 maledictionem
2835 925 2977 980 sicut
3001 923 3423 979 vestimentum:

1924 1019 2011 1074 56.
2046 1018 2110 1072 Et
2140 1018 2363 1072 intravit
2396 1017 2541 1072 sicut
2564 1032 2705 1087 aqua
2734 1016 2790 1071 in
2822 1015 3081 1071 interiora
3112 1016 3265 1087 ejus:

1925 1111 2016 1166 57.
2053 1109 2119 1164 Et
2145 1110 2289 1164 sicut
2322 1109 2504 1163 oleum
2532 1108 2586 1162 in
2622 1107 2841 1163 ossibus
2873 1107 3010 1176 eius.

1930 1202 2018 1257 58.
2054 1201 2175 1255 Fiat
2205 1202 2255 1256 ei
2284 1202 2425 1257 sicut
2455 1201 2844 1255 vestimentum
2879 1216 2988 1270 quo
3013 1200 3255 1270 aperitur
3280 1219 3292 1254 :

1930 1293 2019 1347 59.
2062 1292 2129 1346 Et
2155 1293 2297 1348 sicut
2328 1308 2467 1348 zona
2496 1309 2605 1362 qua
2630 1307 2845 1363 semper
2871 1293 3238 1364 praecingitur.

1932 1384 2020 1437 40.
2055 1383 2171 1439 Hoc
2222 1398 2359 1455 opus
2392 1399 2604 1450 eorum,
2636 1385 2731 1454 qui
2768 1384 3064 1440 detrahunt
3109 1383 3245 1438 mihi
3291 1380 3432 1452 apud

1862 1474 2177 1538 Dominum,

1934 1565 2022 1620 4i.
2062 1562 2129 1617 Et
2177 1563 2271 1633 qui
2330 1562 2635 1634 loquuntur
2689 1566 2833 1620 mala
2883 1564 3145 1622 adversus
3197 1563 3434 1619 animam

1867 1672 2062 1712 meam.

262 1746 344 1802 42.
368 1746 473 1799 Kal
495 1748 580 1811 σὺ,
606 1746 780 1819 Κύριε
797 1746 994 1819 Κύριε,
1014 1748 1239 1818 ποίησον
1273 1750 1388 1819 μετ’
1406 1748 1539 1819 ἐμοῦ
1572 1748 1760 1821 [ἕλεος]

1950 1748 2019 1801 l2.
2052 1746 2117 1801 Et
2142 1756 2219 1811 tu,
2258 1748 2487 1804 Domine
2530 1746 2779 1815 Domine,
2814 1747 2902 1804 fac
2927 1751 3164 1804 ’mecum
3203 1747 3440 1802 [miseri-

198 1838 368 1890 ἓνεκεν
398 1838 495 1891 τοῦ
535 1839 797 1909 ὀνόματός
824 1854 939 1891 σου·

262 1932 345 1985 45.
382 1932 506 1985 ’Ότι
536 1932 769 2004 χρηστὸν
805 1932 864 1984 τὸ
890 1931 1034 1994 ἔλεός
1070 1948 1161 1984 σου
1193 1930 1434 2003 [Κύριε].

262 2022 346 2075 44.
383 2022 571 2076 Ῥῦσαί
608 2040 697 2093 με,
725 2023 805 2075 ὅτι
828 2024 1039 2092 πτωχὸς
1072 2021 1166 2074 καὶ
1204 2021 1371 2093 πένης
1399 2021 1514 2092 εἰμὶ
1543 2020 1672 2090 ὲγώο

266 2113 350 2166 45.
386 2114 497 2167 Kal
532 2114 786 2185 ήκαρδία
816 2131 915 2184 μου
945 2114 1271 2183 τετάρακται
1300 2113 1451 2176 ἐντός
1485 2129 1587 2183 μου

264 2205 347 2259 46.
381 2206 526 2258 Ὡσεὶ
552 2206 677 2259 σκιά
702 2208 758 2260 ὲν
781 2205 859 2275 τῷ
888 2206 1131 2260 ἐκκλῖναι
1157 2205 1345 2276 αὐτὴν,
1382 2204 1771 2279 άντανῃρέθηνσ

264 2296 348 2350 47.
389 2296 768 2368 Ἐξετινάχθην
798 2296 930 2349 ὡσεὶ
960 2296 1199 2367 ἀκρίδες.

1871 1839 2135 1912 cordiam]
2165 1848 2383 1910 propter
2420 1855 2616 1895 nomen
2659 1850 2845 1895 tuum:

1939 1930 2027 1984 45.
2059 1930 2198 1995 Quia
2229 1930 2415 1985 suavis
2439 1930 2811 1985 misericordia
2840 1938 2931 1985 tua
2966 1928 3242 2001 [Domine]

1940 2021 2029 2074 44.
2065 2019 2257 2075 Libera
2282 2037 2367 2076 me
2392 2022 2519 2090 quia
2542 2036 2746 2092 egenus
2771 2029 2826 2075 et
2853 2036 3062 2091 pauper
3088 2035 3188 2089 ego
3215 2036 3368 2075 sum:

1950 2113 2040 2167 45.
2070 2112 2137 2168 Ει
2164 2128 2258 2168 cor
2288 2130 2471 2169 meum
2498 2114 2880 2169 conturbatum
2911 2123 2995 2168 est
3025 2114 3164 2167 intra
3195 2128 3298 2167 me.

1939 2202 2028 2256 46.
2063 2201 2213 2257 Sicut
2241 2204 2434 2258 umbra
2462 2220 2585 2259 cum
2618 2203 2871 2270 declinat,
2910 2204 3125 2258 ablatus
3154 2218 3276 2258 sum
3306 2221 3319 2255 :

1940 2292 2032 2346 47.
2065 2291 2131 2346 Et
2152 2308 2420 2350 excussus
2451 2310 2573 2349 sum
2604 2294 2746 2349 sicut
2772 2294 3015 2350 locustae.

1322 2467 1702 2524 ATHANASII
1744 2468 2333 2527 INTERPRETATIO.

270 2627 357 2681 5i.
395 2627 511 2681 Kal
532 2622 823 2687 κατεδίωξε
850 2622 941 2675 τὸν
966 2621 1219 2676 πλούσιον
1247 2623 1338 2676 τὸν
1373 2623 1438 2676 δι’
1470 2625 1614 2694 ἡμᾶς
1638 2642 1782 2677 πτω-

204 2717 488 2786 χεύσαντα.

271 2810 358 2864 52.
393 2810 500 2863 Τὸν
527 2809 700 2880 πρᾷον
730 2810 797 2879 τῇ
820 2807 1036 2880 καρδίᾳ.

271 2902 354 2955 55.
382 2900 494 2955 Kal
520 2902 552 2971 ἡ
583 2900 772 2970 ἀγάπη
801 2899 874 2969 (1)
914 2898 1164 2963 θάνατον,
1201 2899 1295 2951 καὶ
1318 2896 1439 2968 ἥξει
1468 2898 1672 2960 αὐτοῖς.

1951 2626 2041 2679 51.
2073 2623 2141 2679 Ει
2181 2635 2507 2696 persecutus
2536 2637 2621 2684 est
2657 2627 2878 2682 divitem
2920 2633 3141 2699 propter
3186 2643 3286 2683 nos
3320 2624 3451 2697 pau-

1877 2734 2061 2788 perem
2101 2718 2326 2774 factum.

1950 2812 2037 2864 52.
2076 2810 2256 2865 Mitem
2286 2811 2466 2865 corde.

1945 2901 2033 2954 55.
2072 2899 2137 2954 Et
2168 2901 2357 2955 dilexit
2386 2908 2641 2967 mortem,
2673 2910 2725 2957 et
2755 2902 2935 2957 veniet
2960 2902 3029 2956 ei.

271 2993 355 3047 54.
389 2993 504 3046 Kal
547 2993 649 3045 οὐκ
686 2991 919 3061 ἠθέλησε
954 2991 1053 3062 τὴν
1083 2989 1299 3044 αἰώνιον
1324 2989 1489 3061 ζωὴν,
1524 2990 1618 3042 καὶ
1645 2990 1778 3043 ἀπο-

1950 2992 2038 3045 54.
2072 2991 2137 3046 Et
2161 2991 2335 3047 noluit
2363 2992 2528 3046 vitam
2552 3001 2831 3060 aeternam,
2854 3001 2908 3048 et
2934 2989 3107 3046 aberit
3130 2989 3199 3044 ab
3225 3003 3307 3044 eo.

208 3086 459 3155 στήσεται
485 3084 580 3136 ἀπ’
608 3082 794 3138 αὐτοῦ.

272 3176 358 3231 55.
384 3176 492 3229 Τὸν
522 3175 749 3228 θάνατον
773 3175 848 3238 ὡς
878 3174 1110 3245 ἱμάτιον.

274 3268 360 3322 56.
404 3267 652 3336 Πρηνὴς
676 3266 786 3336 γὰρ
814 3268 1131 3335 γενόμενος
1154 3263 1420 3331 ἐλάκτισε
1442 3262 1653 3333 μέσος,
1682 3262 1781 3316 καὶ

207 3358 461 3428 ἐξεχύθη
484 3357 681 3411 πάντα
712 3358 785 3410 τὰ
811 3356 1139 3426 σπλάγχνα
1171 3354 1378 3408 αὐτοῦ.

276 3452 362 3506 57.
395 3450 702 3522 Περιεχύθη
728 3453 755 3502 ὁ
779 3449 1003 3512 θάνατος
1039 3450 1096 3501 ὲν
1132 3449 1243 3511 τοῖς
1272 3446 1489 3518 μέλεσιν
1524 3442 1711 3497 αὑτοῦ.

277 3543 363 3599 58.
404 3543 589 3596 Ἔστω
624 3541 739 3613 μετ’
782 3540 947 3595 αὐτοῦ
992 3539 1080 3594 διὰ
1114 3539 1311 3603 παντὸς
1367 3541 1400 3609 ἡ
1432 3537 1507 3608 (9)
1543 3536 1787 3608 ἁμαρτία

211 3634 690 3707 περιπτυσσομένη
719 3634 902 3688 αὐτόν.

279 3730 365 3786 59.
396 3727 771 3800 Περισφὶγγου
800 3726 873 3795 (5)
900 3725 1063 3779 αὐτὸν
1083 3724 1189 3777 ἀεί.

278 3823 366 3879 40.
405 3821 580 3874 Τοῦτο
605 3820 846 3890 γενέσθω
874 3819 967 3871 ἐπὶ
1021 3817 1113 3870 τὸν
1155 3814 1398 3869 διάϐολον
1420 3812 1512 3883 καὶ
1544 3811 1667 3874 τοὺς
1695 3811 1794 3878 ἁγ-

212 3915 400 3983 γέλους
432 3913 614 3969 αὑτοῦ.

280 4007 369 4061 41.
397 4008 515 4060 Kal
551 4001 740 4076 [κατὰ]
771 4002 876 4056 τῶν
917 4000 1172 4055 ἐναντίων
1194 3998 1499 4067 δυνάμεων,
1525 3994 1632 4046 τῶν
1666 4008 1798 4061 συμ-

216 4096 616 4167 ϐουλευομένων
648 4092 942 4148 ἀπολέσθαι
975 4090 1049 4161 (4)
1079 4091 1177 4160 τὴν
1212 4088 1387 4158 ψυχήν
1422 4102 1543 4155 μου.

287 4189 372 4243 4‘2.
397 4186 507 4242 Kal
530 4189 617 4252 σὺ,
653 4185 818 4256 Κύριε
851 4183 1041 4255 Κύριε,
1076 4182 1156 4234 ὅτι
1178 4180 1239 4233 τὸ
1268 4177 1440 4249 ὄνομά
1474 4192 1566 4228 σου
1612 4173 1797 4243 φιλάν-

219 4283 437 4353 θρωπον
462 4279 678 4349 λέγεται
733 4276 826 4330 καὶ
855 4276 1025 4339 ἐστὶν,
1050 4272 1223 4335 οὕτως
1255 4270 1349 4325 καί
1401 4268 1624 4337 ποίησον
1682 4264 1798 4335 μετ’

217 4374 350 4426 tuo?)
365 4392 379 4405 ·

250 4392 378 4520 E1:5.
407 4465 531 4517 Ὅτι
555 4460 755 4531 ἀγαθὸν
782 4459 842 4513 τὸ
862 4456 1007 4520 ἔλεός
1032 4472 1146 4509 σου.

288 4559 378 4613 44.
421 4555 611 4610 Ῥὖσαί
647 4572 736 4625 με,
782 4554 864 4607 ὅτι
896 4550 1109 4622 πτωχός
1137 4550 1275 4619 εἰμι,
1306 4546 1402 4600 καὶ
1453 4542 1621 4612 πένης
1652 4542 1710 4595 ὲν
1740 4541 1809 4611 τῇ

224 4652 367 4722 ἰσχύϊ
394 4651 495 4723 τῆς
515 4649 692 4720 ψυχῆς
727 4663 847 4717 μου.

290 4744 383 4798 45.
414 4742 521 4797 Kal
553 4744 587 4813 ή
622 4738 818 4811 καρδία
852 4754 953 4809 μου
976 4737 1031 4788 ὲν
1049 4732 1218 4802 ἀγῶνι
1249 4728 1426 4801 πολλῷ
1454 4726 1809 4796 καθέστηκενο

292 4836 383 4890 46.
432 4831 833 4903 Ἀσθενησάσης
881 4827 1050 4896 αὐτῆς
1091 4824 1184 4878 καὶ
1237 4820 1562 4890 ὲκκλινάσης
1592 4816 1804 4889 [Ἀσθε-

222 4929 468 4999 νήσασαν
507 4925 677 4995 αὐτὴν
706 4920 802 4976 καὶ
860 4914 1207 4987 ὲκκλίνασαν]
1248 4917 1329 4977 εἰς
1364 4910 1641 4983 ἁμαρτίαν
1678 4909 1805 4961 ἐθα-

223 5021 473 5081 νάτωσας
500 5015 597 5086 (5).

296 5113 388 5165 47.
416 5107 759 5180 Κατερῤίφην
801 5104 911 5160 ἀπὸ
938 5102 1047 5157 τῶν
1094 5098 1293 5171 ἀερίων
1341 5095 1663 5161 πνευμάτων
1700 5092 1809 5145 τῶν

226 5204 575 5274 ἀκαθάρτων.

301 5325 348 5355 ⁵⁸
382 5324 498 5376 Act.
529 5337 567 5386 1,
600 5318 685 5372 18.

1957 3176 2045 3229 55.
2074 3175 2301 3230 Mortem
2334 3186 2394 3229 ut
2420 3175 2821 3230 vestimentum.

1961 3269 2047 3322 56.
2084 3268 2150 3322 Et
2183 3285 2463 3337 suspensus
2510 3268 2708 3338 crepuit
2752 3267 2954 3321 medius
2976 3306 2991 3332 ,
3014 3274 3063 3319 et
3111 3263 3309 3333 (li/fusa
3339 3270 3458 3315 sunt

1891 3362 2067 3415 omnia
2091 3362 2289 3415 viscera
2312 3363 2423 3431 ejus
2447 3360 2513 3414 ‘°.

1964 3452 2051 3508 57.
2086 3450 2504 3507 Circumdiﬂ‘usa
2531 3458 2614 3505 est
2646 3464 2793 3504 mors
2823 3448 2879 3502 in
2904 3445 3164 3501 membris
3190 3444 3330 3513 ejus.

1965 3545 2054 3599 58.
2084 3544 2166 3599 Sit
2210 3559 2335 3599 cum
2386 3544 2506 3613 ipso
2537 3557 2752 3612 semper
2792 3550 3074 3611 peccatum
3117 3535 3465 3593 circumdatis

1896 3652 2043 3691 eum.

1972 3730 2061 3784 59.
2094 3728 2427 3799 Coangustet
2448 3741 2572 3781 eum
2606 3740 2839 3793 semper.

1899 3822 2055 3892 ιικ40.
2077 3820 2193 3876 Hoc
2219 3821 2315 3875 liat
2339 3828 2525 3875 contra
2547 3817 2823 3872 diabolum
2857 3823 2910 3869 et
2935 3812 3154 3883 angelos
3186 3810 3319 3880 ejus.

1974 4004 2033 4057 4i
2050 4041 2063 4055 .
2092 4000 2160 4054 Et
2179 3996 2417 4073 [contra]
2433 3994 2775 4051 adversarias
2802 3998 3116 4061 potestates,
3140 4002 3261 4059 qua:
3283 3987 3473 4041 ineunt

1905 4097 2157 4160 consilia,
2187 4104 2245 4149 ut
2281 4093 2510 4164 perdant
2536 4090 2773 4144 animam
2805 4102 3003 4141 meam.

1972 4192 2062 4245 42.
2095 4190 2163 4245 Ει
2191 4199 2269 4255 tu,
2292 4186 2516 4241 Domine
2546 4182 2793 4247 Domine,
2817 4179 3071 4250 quoniam
3094 4188 3292 4229 nomen
3320 4179 3474 4224 tuum

1905 4284 2203 4353 benignum
2228 4279 2447 4342 dicitur,
2478 4284 2533 4331 et
2566 4284 2668 4341 est,
2697 4274 2771 4327 ita
2802 4271 2964 4325 etiam
2997 4268 3081 4324 iac
3110 4279 3322 4321 mecum
3355 4281 3368 4316 :

1975 4466 2070 4520 45.
2100 4461 2371 4530 Quoniam
2400 4458 2546 4513 bona
2578 4451 2951 4509 misericordia
2982 4457 3095 4502 tua.

1979 4557 2069 4612 44.
2107 4555 2301 4609 Libera
2320 4566 2429 4616 me,
2453 4546 2710 4619 quoniam
2735 4541 3020 4598 mendicus
3051 4546 3106 4593 et
3127 4548 3333 4607 pauper
3359 4546 3480 4588 sum

1910 4652 1964 4707 in
1997 4648 2317 4705 fortitudine
2343 4645 2541 4699 animae
2567 4655 2717 4694 meae.

1984 4745 2074 4797 45.
2105 4741 2171 4795 Ει
2198 4756 2291 4795 cor
2319 4751 2501 4792 meum
2534 4733 2588 4788 in
2614 4745 2787 4801 agone
2818 4727 2993 4782 multo
3018 4719 3290 4777 constitit:

1983 4836 2072 4891 46.
2104 4834 2285 4903 Ipsum
2310 4836 2492 4885 autem
2518 4825 2875 4885 inlirmatum,
2905 4824 2959 4874 et
2981 4816 3259 4884 delapsum
3291 4810 3345 4864 in
3367 4822 3488 4878 pec-

1913 4941 2096 4988 catum
2122 4926 2283 4982 morti
2312 4920 2622 4986 tradidisti.)

1988 5111 2080 5164 47.
2116 5106 2401 5176 Projectus
2422 5115 2543 5157 sum
2573 5099 2642 5155 ab
2664 5095 2825 5152 aeriis
2860 5090 3157 5148 immundis
3183 5083 3483 5157 spiritibus.

1186 5399 1494 5463 Addenda
1535 5402 1595 5459 et
1655 5386 2031 5467 corrigenda
2078 5399 2153 5444 ex
2206 5376 2578 5443 cod.Vatic.

306 5566 386 5631 (υ
426 5562 763 5632 Ἠγάπησεν,
793 5565 922 5619 etc.,
958 5552 1122 5622 αὐτῷ.

309 5637 389 5697 (‘2)
425 5635 495 5689 Ἡ
515 5634 678 5687 deest.

311 5708 392 5777 (5)
423 5704 528 5758 Kal
556 5698 1013 5775 περισφίγγουσα,
1045 5702 1148 5749 etc.

1977 5535 2054 5603 (4)
2095 5528 2400 5603 ’Λπολέσαι.

2098 5584 2193 5665 Eis
2211 5600 2306 5672 τὴν
2340 5593 2611 5667 ἁμαρτίαν
2641 5584 2977 5656 ἐθανατώθη.
