3874 6222
197 309 344 367 Ηιὸ

516 427 767 497 Ψαλμὸς
793 426 874 495 τῷ
917 431 1113 484 Δαϐίδ.
1154 437 1322 487 ΨΑΛ.
1350 438 1479 490 PG'.

274 518 325 569 1.
365 514 532 573 Εἶπεν
581 522 610 572 6
639 520 842 592 Κύριος
870 522 949 594 τῷ
1002 525 1193 595 Κυρίῳ
1230 544 1352 595 μου’
1387 527 1570 582 Κάθου
1598 529 1661 582 ὲκ
1707 529 1794 581 δε-

194 609 330 676 ξιῶν
358 628 481 681 μουο

271 704 326 757 2.
361 705 505 769 Ἕως
535 706 600 759 ἂν
627 706 705 760 θῶ
755 709 881 773 τοὺς
933 710 1162 782 ἐχθρούς
1220 731 1314 766 σου
1347 714 1634 767 ὑποπόδιον
1686 716 1793 769 τῶν

195 795 379 849 ποδῶν
416 814 509 850 σου
521 841 531 850 .

268 888 325 941 5.
363 889 586 943 Ῥάὸδον
625 889 911 962 δυνάμεως
944 893 1297 960 ἐξαποστελεῖ
1341 914 1423 949 σοι
1479 896 1685 961 Κύριος
1728 900 1792 950 ἐκ

194 976 339 1031 Σιών
359 993 373 1006 ·

270 1069 324 1123 4.
356 1069 461 1122 Καὶ
494 1074 860 1145 κατακυρίευε
894 1075 952 1127 ἐν
980 1075 1129 1146 μέσῳ
1162 1076 1270 1131 τῶν
1303 1078 1512 1149 ἐχθρῶν
1543 1098 1655 1135 σου.

268 1160 323 1215 5.
362 1161 517 1214 Μετὰ
547 1163 641 1214 σοῦ
675 1165 706 1234 ἡ
742 1164 883 1235 ἀρχὴ
935 1166 992 1217 ἐν
1023 1166 1203 1237 ἡμέρᾳ
1238 1168 1337 1237 τῆς
1363 1168 1647 1240 δυνάμεώς
1673 1188 1790 1237 σου,

266 1250 320 1307 6.
362 1253 448 1305 Ἐν
480 1256 600 1317 ταῖς
627 1254 976 1327 λαμπρότησι
1001 1259 1108 1311 τῶν
1138 1260 1308 1328 ἁγίων
1337 1277 1448 1313 σου·

266 1345 322 1399 7.
369 1346 463 1398 Ἐκ
497 1348 731 1419 γαστρὸς
765 1349 868 1421 πρὸ
911 1351 1219 1423 Ἑωσιξόρου
1263 1353 1528 1425 ὲγέννησά
1561 1372 1640 1408 σε.

266 1438 325 1493 8.
358 1440 560 1510 ΙὨμοσε
588 1440 812 1512 Κύριος,
844 1443 936 1495 καὶ⁴
962 1443 1021 1495 οὐ
1056 1444 1578 1516 μεταμεληθήσεταιο

267 1530 323 1584 9.
354 1533 426 1585 Σὺ
451 1534 629 1604 ἱερεὺς
676 1536 753 1605 (α)
820 1538 898 1599 είς
936 1537 1024 1591 τὸν
1073 1538 1263 1603 αίῶνα,
1301 1539 1444 1592 κατὰ
1487 1540 1583 1611 τὴν
1637 1539 1790 1605 τάξιν

190 1624 555 1694 Μελχισεδέκ.

1056 313 1147 368 DE
1188 314 1467 372 TlTULlS
1512 318 1965 378 PSALMORUM.
2006 353 2076 363 —
2111 323 2308 380 PSAL.
2351 325 2488 381 CIX.

1820 442 1869 498 A

3341 332 3477 387 “46

2251 438 2500 495 Psalmus
2526 439 2714 495 David.
2732 439 2937 497 PSAL.
2969 441 3120 499 CIX.

1965 531 2015 583 l.
2050 529 2195 584 Dixit
2237 530 2501 587 Dominus
2541 531 2772 587 Domino
2810 549 2933 589 meo
2976 534 3160 590 :Sede
3190 549 3220 589 a
3267 535 3476 591 dextris

1892 638 2067 677 tuens:

1960 712 2016 766 2.
2050 712 2230 768 Donec
2260 728 2460 784 ponam
2504 713 2761 773 inimicos
2792 724 2915 773 tuos
2944 717 3238 774 scabellum
3273 719 3473 789 pedum

1892 808 2131 854 tuorum.

1962 906 2017 959 5.
2075 904 2296 977 Virgam
2356 907 2575 965 virtutis
2636 910 2847 965 emittet
2914 911 3012 965 tibi
3076 909 3340 967 Dominus
3404 927 3472 965 ex

1892 996 2022 1052 Sion
2043 1015 2056 1051 :

1960 1093 2014 1147 4.
2054 1092 2121 1146 Et
2147 1093 2437 1149 dominare
2468 1095 2522 1148 in
2553 1096 2736 1150 medio
2762 1096 3107 1151 inimicorum
3137 1106 3379 1153 tuorum.

1966 1182 2017 1235 5.
2054 1182 2256 1237 Tecum
2282 1185 2609 1254 principium
2638 1186 2692 1239 in
2729 1186 2815 1240 die
2843 1187 3060 1241 virtutis
3086 1196 3221 1255 tute,

1962 1272 2013 1327 6.
2046 1271 2103 1325 ln
2138 1274 2521 1342 splendoribus
2546 1286 2856 1329 sanctorum
2892 1285 3109 1330 tuorum
3140 1296 3153 1331 :

1965 1364 2015 1417 7.
2048 1363 2127 1417 Ex
2155 1374 2309 1419 utero
2336 1374 2462 1421 ante
2494 1365 2813 1420 Luciferum
2842 1370 3001 1436 genui
3035 1378 3106 1423 te.

1962 1458 2014 1511 8.
2049 1456 2262 1511 Juravit
2288 1456 2577 1523 Dominus,
2605 1468 2659 1513 et
2686 1475 2793 1513 non
2819 1460 3101 1529 pwnitebit
3130 1475 3252 1514 eum
3275 1478 3295 1513 τ

1888 1550 1923 1606 f'
1961 1550 2009 1604 9.
2044 1550 2123 1604 Tu
2148 1566 2207 1605 es
2232 1552 2488 1607 sacerdos
2516 1553 2573 1607 in
2601 1560 2864 1607 aeternum
2891 1554 3190 1608 secundum
3223 1552 3470 1607 ordinem

1892 1639 2318 1697 Melchisedech.

272 1739 346 1812 (a)
380 1740 514 1795 Cod.
544 1743 617 1795 Σὺ
652 1738 704 1796 εἴ
733 1743 1001 1813 βασιλεύς.
1032 1744 1158 1816 Leg.
1222 1746 1418 1815 ἱερεύς,
1458 1755 1516 1801 ut
1564 1758 1780 1804 constat

1914 1764 2205 1807 comment.
2242 1770 2338 1809 seu
2373 1755 2657 1824 interpret.

1333 1888 1707 1945 ATHANASII
1748 1890 2337 1948 lNTERPRETATlO.

276 1997 343 2050 'H
374 2000 709 2070 προκειμένη
740 2002 1019 2073 ἐπιγραφὴ
1060 2004 1302 2075 περιέχει
1335 2004 1433 2076 (1)·
1476 2006 1724 2075 Ψαλμός
1747 2006 1824 2072 τῷ
1850 2008 2050 2075 Δαϐὶδ,
2086 2010 2224 2081 ὅπερ
2279 2010 2663 2081 ἑρμηνεύεται,
2711 2008 2784 2071 ὡς
2835 2005 3095 2070 πολλάκις
3149 2005 3469 2076 εἰρήκαμεν,

197 2089 449 2157 Ψαλμὸς
478 2088 557 2154 τῷ
592 2090 776 2155 ἱκανῷ
806 2091 881 2159 τῇ
907 2092 1076 2161 χειρὶ,
1112 2095 1360 2148 τουτέστι
1384 2098 1463 2165 τῷ
1498 2098 1611 2168 Υἱῷ
1636 2098 1729 2151 τοῦ
1756 2098 1912 2155 Θεοῦ.

269 2186 487 2241 Titulus
532 2188 858 2257 praepositus
900 2191 1177 2247 continet:
1216 2191 1465 2247 Psalmus
1519 2194 1712 2259 David,
1758 2198 1905 2266 quod
1950 2198 2360 2269 interpretatur,
2394 2206 2456 2254 ut
2482 2197 2680 2268 saepius
2707 2197 2967 2261 diximus,
3023 2193 3266 2249 Psalmus
3307 2211 3469 2250 manu

190 2278 346 2348 forti,
373 2276 478 2329 hoc
503 2286 586 2330 est
616 2276 709 2330 Dei
737 2276 893 2333 Filio.

265 2372 316 2423 1.
347 2366 513 2423 Εἶπεν
546 2372 574 2422 6
624 2369 814 2440 Πατὴρ
848 2369 923 2440 τῷ
980 2369 1374 2440 ἐξαγοράσαντί
1414 2388 1479 2440 με
1513 2370 1589 2441 τῷ
1618 2373 1784 2441 τιμίῳ

1960 2376 2012 2429 1.
2051 2375 2197 2433 Dixit
2249 2378 2410 2435 Pater
2438 2381 2510 2447 ei,
2538 2383 2629 2452 qui
2662 2398 2750 2437 me
2790 2381 3021 2436 redemit
3063 2380 3305 2450 pretioso
3342 2396 3470 2435 san-

188 2462 385 2535 αἵματι
422 2461 607 2515 αὐτοῦ’
638 2461 838 2517 Κάθου
859 2463 927 2516 ἐκ
960 2462 1174 2527 δεξιῶν
1197 2480 1316 2532 μου
1346 2463 1441 2535 (2),
1464 2464 1551 2517 ἵνα
1584 2466 1782 2527 πάντες

188 2557 414 2627 γνῶσιν,
442 2558 521 2610 ὅτι
546 2558 609 2610 σὺ
640 2553 689 2609 εἶ
720 2559 751 2628 ἡ
779 2557 905 2623 δόξα
939 2576 1062 2629 μου.

262 2650 319 2703 2.
349 2650 493 2713 Ἕως
521 2648 586 2702 ἂν
609 2652 659 2702 οἱ
688 2649 881 2721 ἀέριοι,
905 2652 1000 2704 καὶ
1030 2650 1281 2718 ἐπίγειοι,
1318 2650 1411 2704 καὶ
1439 2651 1781 2721 καταχθόνιοι

188 2740 378 2811 ἐχθροί
398 2756 489 2792 σου
509 2741 637 2809 γόνυ
653 2741 927 2810 κάμψουσι
949 2742 1221 2812 δεδεμένοι
1242 2743 1459 2812 δεσμοῖς
1478 2744 1551 2811 (5)
1570 2744 1778 2805 ἀϊδίοις,

190 2833 700 2903 ἐξομολογούμενοι,
731 2835 813 2886 ὃτι
836 2834 1002 2899 ὅντως
1038 2832 1236 2906 Κύριος
1282 2834 1483 2906 Ἰησοῦς
1511 2836 1590 2897 είς
1626 2834 1783 2899 δόξαν

187 2922 285 2976 τοῦ
322 2924 514 2977 ἑαυτοῦ
546 2926 780 2997 Πατρός.

265 3018 319 3070 5.
375 3018 461 3070 Ἐν
494 3017 719 3087 δυνάμει
747 3018 842 3071 καὶ
868 3018 1087 3091 ἐξουσίᾳ
1127 3019 1336 3090 μεγάλῃ
1370 3017 1649 3070 ἐλεύσεται
1676 3019 1785 3071 ἀπὸ

188 3108 286 3163 τοῦ
328 3110 559 3180 Πατρόςο
600 3109 755 3164 Σιὼν
786 3110 895 3184 γὰρ
928 3112 1303 3182 ιἑρμηνεύεται
1349 3112 1554 3176 τόπος,
1577 3111 1710 3163 ὅπου
1743 3111 1780 3177 ἡ

187 3201 395 3269 σκηνή
406 3243 418 3254 .

264 3293 317 3344 4.
351 3291 453 3344 Καὶ
483 3292 821 3362 βασιλεύσεις
857 3293 932 3364 (4)
964 3293 1331 3366 άτελευτήτως
1386 3294 1527 3347 κατὰ
1554 3295 1661 3347 τῶν
1690 3296 1784 3364 ἐχ-

185 3381 341 3454 θρῶν
375 3400 490 3435 σου.

266 3476 318 3529 5.
348 3476 694 3546 Ἐμπροσθέν
720 3492 811 3529 σου
839 3477 866 3528 ὁ
896 3477 1125 3547 σταυρὸς
1154 3476 1246 3529 τοῦ
1270 3477 1472 3540 πάθους
1503 3494 1595 3528 σου
1638 3478 1694 3529 ἐν
1719 3480 1785 3547 τῇ

186 3569 378 3640 ἡμέρᾳ
399 3570 497 3640 τῆς
522 3569 729 3633 ἐνδόξου
766 3587 858 3622 σου
894 3568 1216 3640 παρουσίας.

264 3661 315 3714 6.
348 3662 515 3714 Ὅταν
541 3662 589 3713 οἱ
612 3659 755 3729 ἆγιοί
782 3678 873 3714 σου
901 3661 1265 3731 ἐκλάμψουσιν
1288 3660 1363 3723 ὼς
1387 3662 1414 3712 6
1441 3661 1608 3730 ἥλιος.

265 3754 316 3806 7.
358 3756 445 3806 Ἐν
476 3754 600 3825 ἐμοὶ
629 3750 695 3825 ἧς
722 3754 808 3806 ἀεὶ
833 3754 926 3823 ἀφ’
952 3749 1011 3807 οὗ
1038 3754 1292 3824 ἠρξάμην
1336 3754 1686 3824 δημιουργεῖν
1716 3751 1783 3805 τὰ

186 3842 370 3893 πάντα
398 3840 485 3894 διὰ
525 3841 640 3893 σού·
693 3842 1015 3912 ἐςρανέρωσά
1051 3860 1131 3907 σε,
1187 3844 1268 3896 ὅτι
1325 3838 1492 3913 εἶχον,
1523 3843 1617 3895 καὶ
1675 3842 1783 3912 ἔχω

187 3933 322 3985 Υἰὸν
352 3936 410 3985 ἐν
444 3932 520 4001 (5)
545 3933 744 4003 ἐαυτῷ.

262 4024 318 4079 8.
356 4026 549 4078 Ἐθετο
579 4027 606 4078 6
653 4027 843 4098 Πατὴρ
887 4027 1079 4099 βουλὴν
1113 4028 1406 4082 ἀσάλευτον
1436 4028 1528 4081 καὶ
1579 4028 1786 4099 ἀμετά-

188 4116 413 4188 ϐλητον.

261 4208 315 4262 9.
349 4209 421 4261 Σὺ
451 4202 501 4261 εἴ
545 4208 713 4272 ὄντως
763 4211 941 4281 ἱερεὺς
978 4210 1203 4281 ἀληθὴς,
1239 4212 1266 4264 ό
1306 4212 1552 4282 καθάρας
1609 4212 1784 4264 πάντα

186 4299 281 4352 τὸν
302 4299 430 4351 λαόν
462 4316 554 4352 σου
586 4300 662 4370 (6)
696 4301 803 4353 ἀπὸ
827 4301 933 4354 τῶν
961 4302 1243 4374 ἁμαρτιῶν
1272 4302 1453 4355 αὐτοῦ’
1484 4304 1543 4355 οὐ
1573 4303 1785 4373 δεήσεις

184 4389 225 4459 ἢ
270 4389 480 4454 ἱκεσίας
537 4392 907 4462 ποιησάμενος
934 4394 1069 4464 πρός
1117 4411 1258 4457 τινα,
1314 4394 1449 4447 ἀλλὰ
1490 4393 1568 4463 τῷ
1615 4394 1785 4464 τιμίῳ

186 4485 387 4555 αἵματι
409 4485 617 4547 πάντας
664 4485 985 4557 καθαρίσας.
1023 4486 1096 4539 Τὸ
1148 4487 1225 4551 δέ,
1269 4489 1419 4541 κατὰ
1466 4488 1580 4555 τὴν
1614 4488 1786 4553 τάξιν

184 4574 593 4645 Μελχισεδὲκ,
630 4574 818 4628 τοῦτον
854 4575 967 4646 ἔχει
1020 4577 1113 4629 τὸν
1158 4578 1377 4649 τρόπον.
1406 4578 1631 4648 Πρῶτον
1686 4579 1785 4648 μὲν

182 4664 219 4716 6
245 4663 579 4731 Μελχισεδὲκ
608 4665 786 4734 ἱερεὺς
818 4666 1097 4737 ἀνεδείχθη
1126 4667 1223 4719 οὐκ
1260 4669 1323 4720 ὲκ
1347 4668 1444 4737 τῆς
1498 4668 1667 4738 φυλῆς
1688 4667 1783 4720 τοῦ

185 4753 323 4806 Λευῒ
353 4754 454 4823 τῆς
485 4756 779 4826 ἱερατείας,
816 4759 1004 4829 ὥσπερ
1033 4757 1155 4812 οὔτε
1190 4762 1218 4813 ὀ
1270 4758 1486 4830 Κύριος,
1521 4762 1607 4812 ὅτε
1634 4762 1782 4813 εὑδό-

186 4864 359 4917 κησεν
393 4848 484 4900 ἐπὶ
511 4848 612 4918 τῆς
638 4850 743 4919 γῆς
770 4852 1049 4922 τεχθῆναι,
1079 4853 1179 4905 οὐκ
1208 4855 1271 4905 ἐκ
1293 4853 1385 4906 τοῦ
1411 4853 1542 4905 Λευῒ
1566 4855 1780 4926 ἐτέχθη·

184 4939 443 5011 δεύτερον
477 4940 533 4993 δὲ
558 4941 657 5004 τὰς
682 4942 931 5008 δεκάτας,
961 4943 1027 5007 ἃς
1072 4944 1243 4997 ἐδίδου
1273 4944 1300 4995 ὁ
1332 4946 1509 5015 ἱερεὺς
1540 4946 1615 5016 τῷ
1639 4947 1779 5016 Θεῷ,

183 5029 392 5092 ταύτας
423 5032 795 5101 προσήνεγκεν
823 5034 1023 5104 Ἀϐραὰ
1032 5052 1070 5105 μ
1092 5034 1170 5104 τῷ
1187 5034 1540 5104 Μελχισεδέκ.
1562 5038 1779 5109 Ἐπειδὴ

183 5122 333 5175 κατὰ
365 5120 541 5175 πάντα
571 5122 739 5177 τύπον
768 5123 963 5196 ἔφερεν
992 5128 1019 5178 6
1039 5126 1373 5197 Μελχισεδὲκ
1421 5128 1510 5181 τὸν
1542 5129 1665 5181 Υίὸν
1686 5129 1782 5182 τοῦ

180 5214 346 5269 Θεοῦ.

1884 2471 2046 2539 guine
2078 2489 2176 2528 suo
2205 2492 2216 2527 :
2251 2473 2383 2529 Sede
2423 2494 2455 2529 α
2484 2478 2686 2531 dextris
2720 2478 2869 2541 meis,
2917 2485 2975 2531 ut
3014 2491 3206 2531 omnes
3240 2484 3473 2531 noscant

1882 2564 2142 2631 quoniam
2175 2574 2230 2619 tu
2258 2582 2317 2620 es
2342 2568 2513 2637 gloria
2538 2585 2678 2623 mea.

1952 2652 2004 2705 2.
2037 2652 2217 2709 Donec
2251 2658 2394 2711 aerei
2428 2667 2482 2711 et
2511 2666 2800 2714 terrestres
2839 2668 2893 2713 et
2934 2656 3229 2712 infernales
3261 2655 3468 2711 inimici

1884 2745 1961 2797 tui
1987 2762 2126 2813 genu
2164 2746 2383 2803 ﬂectent
2410 2750 2578 2805 vincti
2606 2752 2841 2807 vinculis
2870 2753 3110 2817 aeternis,
3145 2752 3470 2806 conﬁtentes

1883 2834 2014 2902 quia
2041 2850 2167 2891 vere
2194 2846 2274 2892 est
2306 2836 2577 2897 Dominus
2612 2840 2772 2897 Jesus
2807 2843 2862 2896 in
2886 2824 3058 2912 gloria
3092 2841 3265 2895 Patris
3295 2841 3466 2895 sui“.

1956 3010 2010 3063 5.
2043 3007 2101 3064 In
2139 3012 2339 3069 virtute
2368 3023 2423 3070 et
2453 3024 2725 3085 potestate
2764 3032 2959 3085 magna
2998 3015 3174 3069 veniet
3224 3029 3254 3067 a
3285 3011 3466 3065 Patre.

1888 3098 2017 3154 Sion
2035 3103 2179 3157 enim
2210 3105 2601 3176 interpretatur
2624 3108 2768 3161 locus
2800 3108 2891 3163 ubi
2916 3118 3000 3162 est
3022 3105 3466 3161 Tabernaculum.

1958 3284 2010 3337 4.
2042 3284 2108 3340 Ει
2158 3289 2412 3358 regnabis
2464 3289 2520 3344 in
2573 3297 2838 3346 aeternum
2894 3289 3157 3343 adversus
3216 3284 3474 3343 inimicos

1890 3385 2032 3430 IUOS.

1958 3467 2011 3521 5.
2047 3467 2187 3521 Ante
2218 3475 2269 3521 te
2302 3482 2434 3523 crux
2471 3470 2743 3538 passionis
2782 3479 2887 3525 tuae
2925 3472 2979 3524 in
3016 3470 3102 3525 die
3131 3469 3353 3540 gloriosi
3389 3468 3470 3523 tui

1888 3558 2173 3612 adventus.

1960 3650 2011 3702 6.
2046 3648 2276 3715 Quando
2311 3648 2483 3703 sancti
2515 3649 2591 3702 tui
2628 3648 2910 3719 fulgebunt
2940 3654 3079 3707 sicut
3111 3653 3193 3706 sol
3220 3654 3285 3706 ".

1962 3742 2012 3794 7.
2046 3740 2103 3793 ln
2132 3756 2218 3794 me
2246 3756 2369 3794 eras
2401 3755 2639 3807 semper,
2664 3756 2727 3793 ex
2768 3757 2878 3810 quo
2906 3742 3045 3810 coepi
3070 3757 3258 3795 creare
3284 3742 3470 3796 omnia

1884 3846 1981 3898 per
2011 3839 2100 3884 te:
2134 3827 2475 3883 maniiestavi
2514 3841 2566 3883 te
2597 3830 2742 3899 quod
2775 3831 3042 3885 habebam
3072 3840 3126 3885 et
3161 3831 3337 3885 habeo
3374 3830 3466 3885 Fi-

1887 3920 2018 3973 lium
2059 3921 2111 3972 in
2146 3935 2231 3972 me
2264 3920 2403 3987 ipso.

1955 4012 2006 4065 8.
2040 4010 2229 4065 Posuit
2260 4010 2421 4064 Pater
2448 4010 2781 4065 voluntatem
2814 4011 3148 4067 immobilem
3172 4022 3335 4083 atque
3365 4016 3467 4068 im-

1886 4104 2228 4158 mutabilem.

1957 4208 2097 4265 9.Tu
2128 4224 2186 4263 es
2212 4210 2395 4279 utique
2427 4208 2685 4262 sacerdos
2715 4223 2898 4276 verus,
2927 4211 3231 4267 emundans
3250 4228 3468 4268 omnem

1885 4302 2145 4371 pOpulum
2179 4309 2330 4354 tuum
2364 4316 2393 4353 a
2419 4300 2655 4369 peccatis
2682 4300 2819 4365 suis,
2854 4317 3031 4371 neque
3052 4303 3469 4372 deprecationes

1886 4403 1979 4446 aut
2007 4392 2432 4461 supplicationes
2463 4392 2670 4447 faciens
2696 4392 2762 4446 ad
2793 4392 3054 4462 aliquem,
3082 4396 3175 4450 sed
3221 4397 3466 4465 pretioso

1886 4485 2151 4553 sanguine
2185 4500 2376 4539 omnes
2400 4484 2726 4540 emundans.
2759 4484 2895 4539 Illud
2923 4497 3139 4540 autem:
3170 4490 3465 4541 secundum

1887 4578 2125 4629 ordinem
2150 4574 2528 4629 Melchisedech
2566 4593 2594 4646 ,·
2650 4576 2702 4627 in
2738 4575 2884 4629 hunc
2917 4575 3142 4630 modum
3175 4592 3233 4631 se
3281 4578 3464 4632 habet.

1885 4668 2130 4722 Primum
2165 4669 2385 4738 quidem
2413 4667 2805 4722 Melchisedech
2834 4669 3092 4724 sacerdos
3122 4671 3468 4725 renuntiatus

1884 4769 1986 4825 est,
2020 4775 2127 4813 non
2163 4776 2227 4814 ex
2266 4760 2407 4813 tribu
2440 4758 2568 4812 Levi
2599 4760 2962 4825 sacerdotali,
3002 4765 3464 4829 quemadmodum

1886 4867 2063 4921 neque
2093 4851 2382 4916 Dominus,
2417 4866 2541 4904 cum
2570 4851 2619 4904 ei
2651 4850 2857 4919 placuit
2888 4853 3041 4906 nasci
3072 4852 3125 4906 in
3160 4862 3323 4920 terra,
3356 4871 3465 4909 non

1882 4958 1949 4997 ex
1983 4944 2124 4997 tribu
2163 4942 2292 4996 Levi
2331 4952 2491 4997 natus
2525 4953 2605 4997 est
2636 4961 2648 4995 :
2682 4943 2878 4997 deinde
2905 4944 3167 5008 decimas,
3205 4960 3343 5013 quas
3373 4948 3469 5001 da-

1884 5037 1979 5090 bat
2012 5038 2270 5091 sacerdos
2302 5035 2435 5099 Deo,
2474 5035 2573 5088 has
2619 5035 2817 5088 obtulit
2857 5036 3137 5090 Abraham
3183 5037 3467 5093 Melchise-

1889 5128 2024 5183 dech
2046 5128 2102 5177 ’³.
2128 5124 2395 5190 Quoniam
2419 5127 2473 5180 in
2494 5128 2748 5184 omnibus
2789 5130 3018 5201 ﬁguram
3069 5132 3289 5199 gerebat
3335 5131 3467 5187 Mel-

1896 5220 2187 5275 chisedech
2225 5221 2347 5275 Filii
2384 5222 2499 5277 Dei.

263 5327 567 5399 “Philipp.
597 5346 657 5396 ιι,
688 5330 773 5396 10,
808 5330 893 5384 11.
969 5332 1011 5363 ’⁸³
1040 5330 1231 5387 Matth.
1263 5283 1381 5402 xiu,
1414 5334 1503 5389 45.
1582 5336 1624 5366 ⁸³
1654 5334 1784 5389 Gen.

1914 5350 1939 5399 ',
1967 5333 2055 5387 20.

1146 5426 1456 5488 Addenda
1506 5434 1566 5488 et
1601 5426 1980 5505 corrigenda
2014 5442 2093 5485 ex
2130 5425 2272 5488 cod.
2303 5428 2502 5489 Vatic.

258 5521 339 5600 (.1)
474 5520 560 5572 διὰ
583 5522 1357 5600 τῆς,κιννσξδάρειιέςοπεριέχεμ

282 5589 338 5653 2)
372 5592 577 5645 Desunt
620 5589 817 5649 Κάθου
839 5593 907 5646 ἐκ
939 5589 1153 5657 δεξιῶν
1170 5589 1314 5663 μου.

255 5597 337 5731 (5)
366 5662 635 5731 Δεσμίοις.

261 5666 337 5731 (5)
366 5666 635 5731 Δεσμίοις.

261 5732 337 5802 (4)
362 5733 646 5787 Βασίλευε.

1948 5524 2025 5593 (5)
2068 5526 2163 5576 Ἐν
2190 5525 2360 5580 deest.

1959 5597 2034 5663 ((5)
2089 5595 2229 5667 ᾼαὸν
2252 5594 2413 5647 αὑτοῦ
2440 5597 2493 5652 ἁ.
2518 5614 2567 5650 τ.
2598 5599 2651 5650 ά.
2698 5599 2786 5651 αὐ.
2837 5598 3047 5667 δεήσεις
3084 5598 3310 5659 ἱκεσίας,
3337 5609 3463 5659 νιικ,

1886 5662 1963 5738 τῇ)
1995 5665 2158 5738 τιμίῳ
2191 5683 2281 5718 σου
2306 5667 2495 5736 αἵματι
2520 5669 2694 5738 πάντα
2743 5662 3093 5738 ἐκαθάρισας,
3122 5680 3249 5732 etc.,
3280 5668 3466 5737 ὥσπερ

1885 5716 2277 5807 οὗτοςᾞύριος,
2307 5716 2436 5803 etin,
2463 5737 2556 5790 τοῦ
2599 5738 2724 5792 Υίού
2757 5738 2848 5791 τοῦ
2876 5716 3059 5793 Θεοῦ.ἶ
