3874 6222
399 306 539 364 1117
1234 315 1292 370 S.
1329 314 1706 370 ATHANASII
1747 315 1900 370 OPP.
1945 312 2126 367 PARS
2165 311 2337 366 lll.—
2364 310 2783 368 EXEGETICA.
3521 313 3670 367 1118

469 428 554 482 10.
588 427 851 484 Dominus
881 444 912 484 a
943 403 1148 487 dextris
1183 433 1291 488 tuis
1323 433 1592 505 confregit
1645 435 1698 488 i-n
1747 435 1836 489 die
1884 434 1976 486 ira:

2153 429 2239 487 10,
2281 429 2487 500 Κύριος
2512 432 2576 482 ὲκ
2597 427 2790 493 δεξιῶν
2816 445 2911 481 σου
2940 426 3266 482 συνέθλασεν
3293 425 3369 498 (α)
3396 426 3454 481 ἐν
3481 428 3672 499 ἣμερα

396 533 511 575 snte
548 535 720 589 reges.

2078 521 2246 591 ὀργῆς
2278 519 2443 574 αὐτοῦ
2472 520 2729 590 βασιλεῖς.

471 608 556 661 11.
589 607 860 663 Jndicabit
892 611 946 664 in
979 612 1314 681 nationibus,
1345 615 1590 686 implebit
1622 618 1850 674 ruinas:

2151 611 2237 664 11,
2275 611 2463 682 Κρινεῖ
2491 613 2550 664 ἐν
2572 613 2684 672 τοῖς
2707 609 2906 675 ἔθνεσι,
2941 608 3222 682 πληρώσει
3244 608 3516 680 πτώματα
3536 623 3551 638 ·

471 702 558 754 12.
589 700 994 772 Conquassabit
1024 706 1202 775 capita
1230 708 1286 761 in
1316 716 1459 764 terra
1493 712 1810 766 multorum.

1809 754 1810 761 η
2151 703 2238 758 12.
2272 703 2567 757 Συνθλάσει
2597 702 2840 772 κεφαλὰς
2864 703 2956 756 ἐπὶ
2980 703 3084 772 γῆς
3109 701 3339 755 πολλῶν.

470 799 559 854 15.
597 799 670 853 De
707 810 944 856 torrente
981 803 1034 856 in
1065 805 1149 858 via
1182 805 1371 860 bibet:

2151 795 2236 849 15.
2283 797 2377 848 Ἐκ
2405 796 2706 866 χειμάρρου
2733 796 2790 848 ἐν
2829 794 2932 865 ὁδῷ
2964 794 3176 846 πίεται·

472 893 560 946 14.
591 891 884 964 Propterea
910 897 1170 952 exaltabit
1195 907 1376 968 caput.

2149 884 2236 937 11.
2267 885 2365 938 Διὰ
2394 885 2554 938 τοῦτο
2585 884 2789 956 ὑψώσει
2815 885 3076 956 κεφαλήν.

868 986 1119 1042 Alleluia.
1171 989 1373 1044 PSAL.
1404 990 1519 1045 CX.

2494 979 2878 1048 Ἀλληλούτα.
2925 981 3099 1032 ΨΑΛ.
3127 978 3243 1030 PI'.

470 1074 520 1130 1.
555 1072 867 1131 Conﬁtebor
903 1079 1020 1142 tibi,
1047 1079 1294 1146 Domine,
1331 1084 1383 1136 in
1413 1092 1530 1139 toto
1558 1085 1724 1143 corde
1747 1101 1871 1143 meo
1893 1105 1906 1117 '

2152 1069 2202 1121 1.
2246 1068 2321 1139 (b)
2365 1069 2862 1142 Ἐξομολογήσομαί
2888 1087 2990 1137 σοι,
3019 1068 3210 1139 Κύριε,
3251 1069 3309 1120 έν
3333 1068 3432 1140 ὅλῃ
3463 1067 3663 1138 καρδίᾳ

2083 1177 2182 1230 μου
2208 1177 2221 1190 ·

468 1247 522 1302 2.
555 1247 614 1302 ln
640 1252 870 1308 consilio
898 1255 1173 1323 justorum
1209 1268 1262 1313 et
1289 1265 1736 1334 congregatione.

1694 1280 1736 1324 Β,
2147 1251 2203 1304 2.
2247 1252 2336 1304 Ἐν
2368 1252 2526 1324 βουλῇ
2563 1253 2766 1306 εὐθέων
2791 1254 2885 1308 καὶ
2913 1254 3224 1325 συναγωγῇ.

467 1339 521 1395 5.
553 1339 746 1412 Magna
769 1360 934 1414 opera
959 1347 1202 1417 Domini,

2147 1341 2201 1396 5.
2237 1344 2462 1410 Μεγάλα
2487 1344 2556 1397 τὰ
2585 1343 2719 1416 ἔργα
2749 1344 2952 1416 Κυρίου

466 1429 520 1483 4.
553 1431 834 1503 Exquisita
867 1438 922 1491 in
953 1455 1144 1498 omnes
1181 1444 1490 1502 voluntates
1520 1447 1660 1517 ejus.

2149 1432 2203 1486 4.
2251 1433 2506 1505 Ἐξεζητη
2518 1436 2652 1505 μένα
2681 1437 2763 1498 εἰς
2785 1437 2964 1488 πάντα
2989 1433 3057 1486 τὰ
3082 1431 3363 1504 θελήματα
3395 1432 3583 1487 αὐτοῦ.

475 1521 528 1577 5.
557 1525 847 1583 Confessio
881 1540 932 1585 et
967 1535 1369 1603 magniﬁcentia
1400 1553 1539 1607 opus
1571 1540 1728 1609 ejus:

2150 1520 2203 1576 5.
2251 1522 2666 1597 Ἐξομολόγησις
2726 1528 2820 1579 καὶ
2878 1523 3326 1596 μεγαλοπρέπεια
3381 1524 3441 1577 τὺ
3500 1523 3661 1595 ἔργον

2077 1613 2242 1668 αὑτοῦ
2253 1633 2264 1645 ·

466 1716 520 1770 6.
557 1716 622 1772 Et
645 1718 856 1788 jnstitia
880 1721 1000 1792 ejus
1026 1735 1209 1780 manet
1240 1728 1294 1781 in
1333 1731 1593 1785 saeculum
1622 1735 1828 1790 saeculi.

2150 1702 2203 1756 6.
2243 1704 2347 1758 Kal.
2379 1707 2412 1776 ἡ
2443 1706 2757 1779 δικαιοσύνη
2787 1707 2954 1760 αὑτοῦ
2986 1707 3136 1778 μένει
3159 1708 3238 1788 εἰς
3259 1705 3350 1760 τὸν
3375 1706 3546 1760 αἰῶνα
3565 1705 3661 1758 τοῦ

2005 1796 2046 1849 Β
2075 1793 2291 1850 αἰῶνος.

575 1869 735 1968 lVers.
762 1874 847 1939 11,
873 1877 1367 1968 Barzimeres-vncla.
1413 1886 1692 1968 vers._12,
1727 1892 1933 1964 Κρινεῖ,
1983 1915 1997 1952 t

2005 1833 2046 1849 υ
2075 1833 2291 1859 ...νων

1341 1901 1367 1968 2.
1413 1886 1692 1968 vers._12,
1727 1892 1933 1968 Κρινεῖ,
1983 1911 2086 1956 etc.
2129 1903 2284 1960 Vers.
2317 1908 2403 1968 15,
2431 1910 2743 1968 Συνθλάσει.
2769 1922 2871 1968 etc.

469 1942 541 2009 (b)
574 1941 632 1995 In
668 1960 841 2015 marg.
879 1949 946 2002 ad
971 1964 1113 2005 vers.
1148 1941 1429 2024 l,'legitur
1463 1941 1938 2029 ’AaigoEad-rvers’.
1975 1941 1999 2024 Si

2018 1941 2086 2027 ’ἔί
2125 1941 2910 2053 ἐξὶδίξοξέἰάᾛῖἓῗῖῖῗὲιᾙέλ
2934 2000 2948 2050 ;
2976 1983 3043 2038 ad
3078 1999 3222 2040 vers.
3263 1985 3316 2050 5,
3357 1983 3546 2038 Δάλεθ.

1522 2116 1904 2177 ATIlANASIl
1944 2123 2533 2190 INTERPRETATIO.

467 2259 552 2313 10.
590 2259 672 2314 Tu
701 2275 730 2315 a
763 2261 970 2318 dextris
1000 2264 1195 2333 Patris,
1230 2274 1284 2321 et
1311 2267 1550 2338 Spiritus
1578 2283 1804 2331 sanctus
1843 2289 1968 2336 tuus

2150 2288 2238 2342 10.
2272 2291 2342 2343 Σὺ
2371 2291 2434 2342 ὲκ
2469 2291 2658 2356 δεξιῶν
2698 2291 2792 2347 τοῦ
2838 2293 3074 2366 Πατρὸς,
3107 2295 3203 2347 καὶ
3231 2295 3293 2347 τδ
3318 2294 3544 2366 Πνεῦμὰ
3567 2314 3667 2350 σου

398 2367 428 2409 a
462 2352 668 2406 dextris
691 2354 835 2420 tuis;
867 2355 1074 2424 Spiritu
1097 2360 1244 2414 enim
1278 2363 1391 2417 oris
1419 2363 1540 2432 ejus
1568 2368 1757 2436 perdet
1791 2371 1922 2426 Doni

2179 2373 2333 2442 ἆγιον
2377 2376 2441 2427 ἐκ
2479 2352 2669 2440 δεξιῶν
2716 2394 2808 2430 σου
2847 2352 2973 2448 (1)·’
3115 2378 3224 2450 γὰρ
3265 2379 3340 2449 (2)
3383 2352 3670 2450 Πνεύματι

398 2457 504 2497 nus
536 2443 814 2498 diabolum
849 2456 903 2500 et
935 2456 1234 2517 potestates
1266 2452 1388 2521 ejus
1423 2453 1488 2507 δε.

2142 2454 2171 2508 ὖ
2201 2458 2467 2528 στόματος
2507 2460 2674 2514 αὐτοῦ
2703 2443 2973 2515 ἀναλώσει
3007 2443 3281 2534 ὁῡΚύρίοςς
3301 2443 3390 2517 τὸν
3417 2443 3671 2518 διὰέολον

2079 2541 2174 2593 καὶ
2208 2542 2306 2605 τὰς
2339 2543 2588 2608 ἐξουσίας
2607 2545 2794 2599 αὐτοῦ.

477 2617 558 2671 ll.
587 2617 771 2677 Faciet
804 2623 1104 2680 vindictam
1151 2643 1203 2682 .n
1247 2630 1569 2688 nationibus
1599 2631 1668 2699 ⁸⁵,
1699 2644 1752 2690 et
1791 2649 1983 2692 omnes

2158 2631 2242 2684 11.
2276 2632 2501 2704 Ποιήσει
2532 2633 2811 2704 ἐκδίκησιν
2853 2634 2912 2687 ὲν
2953 2638 3066 2697 τοῖς
3115 2633 3313 2699 ἔθνεσι,
3343 2636 3435 2688 καὶ
3483 2637 3671 2700 πάσας

399 2712 737 2782 principatus
764 2715 973 2772 inimici
997 2721 1368 2776 mortiﬁcabit.

2081 2722 2176 2776 τοῦ
2206 2724 2401 2794 ἐχθροῦ
2431 2725 2530 2788 τὰς
2559 2726 2733 2797 ἀρχὰς
2760 2725 3080 2780 θανατώσει.

473 2803 558 2856 12.
597 2803 936 2862 Daamonum.

2155 2817 2243 2871 12.
2278 2815 2399 2870 Τῶν
2427 2817 2717 2888 δαιμόνων.

470 2896 555 2950 15.
586 2895 661 2952 Ex
696 2900 1047 2956 multitudine
1079 2903 1320 2973 gentium
1368 2905 1422 2960 in
1450 2908 1556 2963 ﬁde
1587 2909 1747 2978 bibet
1790 2928 1980 2968 eorum

2156 2906 2243 2962 15,
2289 2909 2382 2960 Ἐκ
2411 2909 2502 2961 τοῦ
2540 2909 2777 2979 πλήθους
2803 2907 2911 2961 τῶν
2936 2909 3103 2963 ἐθνῶν
3137 2909 3194 2960 ὲν
3224 2911 3287 2980 τῇ
3319 2910 3500 2962 πίστει
3542 2911 3671 2964 πίε-

401 2989 658 3044 salntem.
1445 3053 1448 3056 ί

1445 3053 1448 3056 4
2083 3016 2175 3053 ται
2207 3000 2306 3070 τὴν
2346 3001 2622 3071 σωτηρίαν
2655 3001 2854 3056 αὐτῶν.

472 3081 559 3136 14.
593 3081 884 3154 Propterea
918 3088 1211 3156 pristinum
1246 3090 1611 3161 principatum
1656 3109 1824 3165 super
1856 3111 1978 3149 om-

2158 3092 2246 3147 14.
2274 3094 2373 3145 Διὰ
2419 3093 2577 3145 τοῦτο
2610 3093 2707 3164 τὴν
2741 3093 3012 3164 προτέραν
3051 3093 3225 3164 ἀρχὴν
3272 3093 3414 3145 κατὰ
3449 3094 3671 3146 πάντων

402 3175 490 3227 nia
533 3191 654 3244 quae
697 3178 752 3231 in
804 3187 945 3232 terra
991 3189 1139 3248 sunt,
1191 3192 1243 3235 et
1273 3192 1599 3252 potestatem
1631 3201 1795 3256 quam
1829 3187 1929 3242 ded

2143 3183 2192 3237 ὃν
2221 3184 2316 3236 ἐπὶ
2343 3184 2443 3253 τῆς
2463 3183 2567 3254 γῆς
2596 3185 2692 3237 κα)⁸
2735 3183 3013 3249 ἐξουσίαν,
3047 3185 3114 3255 ἣν
3153 3184 3353 3237 ἔδωκεν
3401 3188 3528 3254 ἡμῖν
3574 3187 3673 3238 ἐπὶ

401 3268 558 3324 nobis
591 3270 647 3324 in
683 3271 879 3337 Adam,
906 3288 1103 3330 rursus
1130 3275 1290 3331 nobis
1321 3277 1595 3332 restituet.

2081 3277 2176 3332 τοῦ
2218 3276 2409 3349 Ἀδὰμ,
2440 3277 2601 3330 πάλιν
2629 3277 3077 3350 ἀποκατέστησεν
3113 3279 3190 3350 (5)
3230 3281 3377 3350 ἡμῖν.

411 3425 475 3478 Ἡ
507 3426 838 3498 προκειμένη
866 3430 1143 3502 ἐπιγραφὴ
1169 3432 1411 3504 περιέχει
1442 3434 1516 3504 (4)
1537 3450 1553 3466 ν
1587 3434 1960 3502 Ἀλληλούτα,
1988 3435 2126 3504 ὅπερ
2167 3431 2531 3504 ἑρμηνεύεται
2562 3433 2861 3498 αἱνέσατε,
2891 3432 3224 3502 ὑμν-ήσατε,
3253 3446 3672 3501 πανταπηυν.

508 3517 722 3575 Titulus
754 3523 1077 3591 praepositus
1106 3527 1349 3580 continet
1377 3545 1389 3579 :
1417 3529 1493 3596 (a)
1531 3527 1786 3594 Alleluia,
1819 3528 1962 3598 quod
1991 3529 2402 3597 interpretatur,
2440 3526 2658 3579 laudate
2682 3537 2731 3578 et
2757 3526 2986 3579 exaltate
3016 3542 3136 3579 eum
3169 3527 3258 3596 qui
3282 3525 3422 3579 Deus
3449 3535 3546 3579 est.

473 3613 524 3666 1.
556 3613 690 3668 Cum
714 3631 931 3684 coepero
957 3615 1127 3688 loqui,
1163 3620 1301 3674 nihil
1331 3621 1522 3675 celabo
1549 3636 1741 3676 eorum
1775 3637 1896 3691 qua:
1926 3621 1977 3674 in

2157 3619 2212 3673 1.
2231 3618 2323 3672 Ἐν
2348 3617 2426 3689 τῷ
2448 3617 2715 3690 ἄρξασθαί
2749 3636 2815 3689 με
2839 3619 3016 3672 λαλεῖν
3041 3619 3144 3690 ,(5),
3169 3620 3268 3672 οὐκ
3287 3620 3590 3690 ἀποκρύψω
3614 3639 3672 3676 τι

276 3736 287 3758 ι
400 3706 560 3761 corde
592 3722 712 3760 meo
745 3715 908 3789 sunt.‘

2081 3707 2191 3763 τῶν
2217 3709 2273 3760 ὲν
2303 3711 2369 3778 τῇ
2394 3709 2589 3778 καρδίᾳ
2619 3725 2740 3779 μου.

473 3799 527 3852 2.
565 3797 704 3852 Cum
737 3800 1216 3871 congregabantur
1247 3803 1420 3858 sancti
1463 3803 1517 3857 in
1549 3802 1638 3858 die
1659 3802 1874 3874 judicii.

2155 3799 2210 3853 2.
2243 3801 2333 3852 Ἐν
2357 3799 2435 3871 τῷ
2462 3799 2892 3871 ὲπισυναχϐἧναι
2921 3804 3046 3865 τοὺς
3081 3803 3269 3871 ἁγίους
3295 3803 3352 3855 ὲν
3381 3804 3447 3873 τῇ
3484 3803 3674 3875 ἡμέρᾳ

2085 3891 2186 3962 τῆς
2211 3892 2467 3962 κρίσεως.

469 3972 522 4024 5.
554 3969 744 4038 Magna
771 3973 916 4027 enim
939 3989 1128 4028 eorum
1159 3977 1450 4031 retributio
1484 3992 1515 4030 a
1547 3976 1805 4031 Domino.
1842 3975 1980 4031 Nam

2159 3983 2213 4037 5.
2244 3984 2472 4053 Μεγάλη
2501 3987 2533 4054 ἡ
2561 3985 2916 4049 ἁνταπόδοσις
2939 3984 3102 4039 αὐτοῦ
3131 3985 3348 4057 [αὐτῶν
3366 3985 3386 4058 ]
3403 3987 3558 4059 παρὰ
3574 3987 3671 4041 τοῦ

404 4062 531 4117 Getlr
562 4062 746 4136 [Belli]
777 4066 1164 4136 interpretatur
1201 4067 1371 4133 lacus,
1406 4069 1552 4139 quod
1587 4079 1672 4123 est
1705 4070 1913 4123 laetitia.

2139 4073 2289 4144 υρίου
2323 4073 2418 4145 (6).
2448 4074 2522 4127 Τὸ
2549 4073 2655 4146 γὰρ
2683 4076 2812 4144 Γὴθ
2855 4074 3002 4146 [Βὴθ
3022 4074 3041 4146 ]
3065 4075 3422 4146 ἑρμηνεύεται
3455 4077 3669 4144 ληνὸς,

2084 4167 2220 4236 ὅπερ
2240 4167 2386 4220 ἐστὶν
2419 4167 2745 4238 εὐφροσύνη.

474 4248 528 4301 4.
559 4246 796 4302 Probata
827 4264 990 4320 opera
1025 4258 1342 4306 sanctorum
1379 4253 1431 4305 in
1465 4267 1656 4308 omnes
1679 4251 1989 4306 voluntates

2155 4256 2208 4308 4.
2241 4257 2693 4327 Δεδοκιμασμένα
2721 4256 2789 4309 τὰ
2820 4256 2958 4328 ἔργα
2990 4255 3098 4308 τῶν
3126 4256 3299 4323 ἁγίων
3323 4257 3465 4310 κατὰ
3493 4258 3672 4311 πάντα

405 4335 642 4393 Domini.
667 4340 804 4394 lllud
838 4343 982 4396 enim
1028 4343 1199 4396 Gimel
1246 4345 1638 4414 interpretatur
1686 4345 1928 4398 retributi

2138 4353 2154 4400 ι
2183 4348 2464 4420 θελήματα
2494 4349 2586 4402 τοῦ
2621 4349 2842 4421 Κυρίου.
2876 4350 2948 4402 Τὸ
2976 4349 3084 4421 γὰρ
3113 4349 3316 4419 Γαμὲν
3340 4350 3417 4420 (7)
3455 4349 3668 4422 [Γίμελ]

405 4433 615 4489 scilicet
643 4435 980 4505 operationis
1003 4445 1341 4492 sanctorum.

2140 4442 2452 4513 ›μηνεύεται
2499 4441 2929 4508 ἀνταπόδοσις,
2969 4441 3217 4495 τουτέστι
3246 4443 3338 4495 τοῦ
3367 4442 3528 4513 ἔργου
3562 4443 3670 4496 τῶν

2094 4533 2284 4600 ἁγίων.

473 4613 526 4668 5.
559 4613 665 4680 Qui
707 4614 915 4670 inventi
955 4625 1083 4671 sunt
1116 4617 1171 4671 in
1207 4617 1594 4674 misericordia
1642 4623 1697 4672 et
1745 4613 1870 4678 ﬁde,
1897 4627 1988 4668 os.

2165 4624 2218 4678 5.
2252 4626 2313 4677 Ol
2345 4627 2404 4678 ὲν
2450 4625 2788 4696 ἐλεημοσύνη
2843 4624 2939 4679 καὶ
2989 4624 3171 4678 πίστει
3217 4625 3529 4697 εὑρεθέντες
3579 4627 3669 4680 τοῦ

403 4707 544 4760 tensi
576 4715 704 4762 sunt
728 4706 944 4763 Domini
981 4725 1123 4764 esse.

2093 4717 2300 4787 Κυρίου
2327 4717 2719 4788 ἀνεδείχθησαν
2743 4717 2841 4786 (8).

479 4797 530 4852 6.
559 4800 624 4854 Et
651 4809 969 4857 sanctorum
1002 4799 1294 4858 multitudo
1322 4805 1506 4852 manet
1535 4797 1592 4852 in
1625 4796 1930 4854 aeternitate
1958 4818 1970 4853 :
2005 4821 2009 4877 ς

2144 4809 2196 4863 6.
2233 4809 2339 4863 Καὶ
2357 4811 2419 4863 τὸ
2461 4810 2664 4881 πλῆθος
2696 4808 2806 4862 τῶν
2852 4809 3026 4877 ἁγίων
3072 4807 3223 4878 μένει
3253 4809 3629 4880 ἀτελευτήτως
3655 4824 3668 4838 ·

405 4892 521 4946 haec
549 4893 694 4947 enim
728 4902 812 4950 est
841 4895 1233 4966 interpretatio.

2083 4901 2120 4969 ἡ
2151 4899 2364 4972 [αὕτη]
2403 4901 2478 4973 (9)
2515 4901 2624 4974 γὰρ
2649 4899 2912 4972 ἑρμηνεία
2943 4899 3111 4954 ἐστίν.

475 5005 523 5036 ⁴⁸
547 5004 592 5062 ll
629 5005 822 5063 Thess.
854 5024 914 5074 ιι,
955 5009 1009 5063 8.
1087 5009 1133 5040 ⁸⁸
1157 5007 1303 5063 Psal.
1336 5023 1517 5072 cxux,
1547 5006 1602 5063 7.

1356 5096 1668 5160 Addenda
1715 5103 1778 5158 et
1821 5099 2200 5178 corrigenda
2233 5116 2308 5159 ex
2343 5097 2484 5159 cod.
2518 5098 2720 5159 Vatic.

482 5219 560 5285 (1)
577 5220 808 5291 Πατρὺς
833 5220 974 5275 κατὰ
998 5219 1059 5272 τὸ
1083 5217 1308 5290 Πνεῦμά
1334 5235 1429 5272 σου
1455 5218 1517 5270 τὸ
1543 5217 1719 5287 ἆγιον,
1736 5217 1830 5271 καὶ
1857 5216 1992 5271 αὐτὸ
2097 5220 2157 5272 τὸ
2179 5221 2236 5291 Ἀ
2247 5220 2352 5287 σὰφ
2377 5218 2519 5290 ἀρχὴ
2545 5219 2828 5291 στόματος.

411 5290 475 5344 ὲκ
496 5290 686 5354 δεξιῶν
717 5288 835 5345 σου.
1236 5288 1244 5290 “
2171 5290 2247 5356 (6)
2280 5288 2480 5353 Αὐτοῖς
2503 5288 2654 5359 παρὰ
2683 5288 2903 5359 Κυρίου.

485 5361 560 5424 (2)
593 5360 654 5415 N.
690 5362 776 5414 11.
809 5361 898 5431 Τῷ
925 5362 1056 5432 γάρ,
1092 5369 1222 5424 etc.,
1253 5359 1404 5414 deest
1438 5367 1543 5413 art.
1573 5360 1626 5412 ό.

2169 5360 2245 5432 (ἶ)
2275 5359 2479 5432 Γαμέλ,
2505 5356 2633 5432 οἱὸ..
2656 5359 2725 5411 τὰ
2757 5356 3032 5432 ἔργα-τῶν
3060 5356 3251 5432 ἁγίων.

489 5432 565 5501 (5)
597 5424 1090 5500 Ἀποκατοίστὴσει.
1154 5500 1160 5501 γ
1485 5497 1496 5501 _
1833 5497 1846 5501 _
2171 5424 2246 5498 (8)
2276 5424 2708 5501 Ἀνεδείχθησαν.
2758 5424 2928 5484 Ᾱάλεθ
2974 5430 3082 5499 γὰρ
3110 5424 3501 5499 ἑρμηνεύεται
3545 5424 3676 5479 ἀνά-

492 5497 566 5570 (4)
599 5502 665 5585 ’.Η
689 5501 778 5585 διὰ
810 5502 910 5585 τῇς
936 5497 1312 5585 κινναϐάρεως
1343 5497 1616 5571 περιέχει,
1658 5505 1792 5563 etc.,
1823 5497 2000 5568 ὑμντι·
2105 5497 2352 5585 κριΞις;“
2431 5568 2442 5585 ἱ
2572 5497 2583 5501 ’
2743 5567 2756 5585 υ

422 5567 826 5642 σατείτδνιδντα
849 5567 1003 5628 Θεόν.
1175 5567 1187 5572 ⁷
1221 5641 1261 5642 η
1419 5567 1430 5571 ⁷
1730 5636 1743 5642 _
1866 5567 1874 5568 ί
1942 5567 1964 5642 ς
2138 5567 2248 5642 ’(9)
2287 5572 2352 5622 Ἡ
2385 5568 2493 5640 γὰρ
2521 5567 2882 5640 ἑρμηνεύεται
2912 5567 3080 5620 ἔστιν.

495 5641 570 5710 (5)
601 5641 793 5696 Λαλεῖν
827 5659 914 5714 με,
948 5651 1078 5708 etc.,
1105 5641 1302 5712 καρδίᾳ
1338 5656 1458 5712 μουο
1505 5636 1871 5710 ἑρμηνεύεται
1894 5636 2003 5704 γὰρ

496 5756 575 5829 (a)
615 5755 864 5814 Psalmus
905 5760 1006 5816 iste
1045 5767 1129 5815 est
1155 5773 1375 5815 carmen
1420 5756 1842 5829 alphabeticum.
1875 5753 2000 5811 Vid.
2031 5749 2252 5808 Hieron.
2288 5751 2340 5804 in
2374 5748 2599 5804 Prwfat.
2626 5747 2679 5801 in
2719 5745 2810 5800 lib.
2841 5745 2964 5816 Heg.
2989 5755 3042 5802 et
3074 5745 3142 5800 al.
3166 5745 3284 5800 Scr.
