3874 6222
187 312 215 366 1
239 311 338 368 1-19
1148 313 1237 368 DE
1283 314 1560 372 TITL'LIS
1598 315 2044 372 PSALMORUM.
2081 347 2152 358 —
2189 314 2392 372 PSAL.
2431 313 2545 369 CX.
3320 311 3461 370 115')

265 431 324 484 7.
356 430 562 484 Μνείαν
591 431 886 502 ἐποιήσατο
917 432 1026 486 τῶν
1060 433 1382 504 Θαυμασίων
1416 434 1602 496 αὑτοῦ,

1807 447 1856 502 Α
1958 433 2003 486 7.
2036 432 2350 486 Memoriam
2379 429 2505 486 fecit
2528 430 2857 485 mirabilium
2888 445 3135 493 suorum,

264 523 322 577 8.
369 523 647 594 Ἐλεήμων
677 526 771 577 καὶ
795 525 1094 596 οἰκτίρμων
1121 528 1148 578 ὁ
1179 525 1394 597 Κύριος·

1953 524 2008 578 8.
2045 524 2354 578 Misericors
2385 533 2437 577 et
2467 524 2758 577 miserator
2786 521 3049 577 Dominus
3075 541 3087 576 :

265 616 326 671 9.
361 616 578 687 Τροφὴν
600 615 768 670 ἔδωκε
805 620 919 680 τοῖς
964 617 1318 688 φοϐουμένοις
1349 618 1529 671 αὐτόν.

1947 616 1999 668 9.
2035 615 2223 668 Escam
2249 614 2397 668 dedit
2427 613 2745 668 timentibus
2775 628 2854 666 se.
3120 601 3134 618 ⁸

270 706 358 760 10.
397 707 786 778 Μνησθήσεται
816 711 896 772 είς
916 711 1008 762 τὸν
1035 709 1208 764 αίῶνα
1237 711 1501 780 διαθήκης
1537 709 1699 763 αὑτοῦ
1724 725 1738 740 ο

1950 706 2034 762 10.
2075 704 2280 760 Memor
2310 707 2414 759 erit
2440 707 2493 759 in
2521 706 2784 760 saeculum
2820 705 3129 758 testamenti
3154 705 3275 758 sui:

271 801 359 854 11.
397 802 572 872 Ἰσχὺν
599 801 776 874 ἔργων
801 803 965 856 αὑτοῦ
997 803 1284 875 ἀνήγγειλε
1331 803 1410 874 τῷ
1447 803 1559 872 λαῷ
1588 803 1775 870 αὑτοῦ,

1947 799 2033 850 11.
2069 797 2332 852 Virtutem
2361 812 2586 867 operum
2618 811 2844 852 suorum
2872 796 3220 849 aununtiabit
3258 795 3457 865 populo

1879 903 2001 949 suo,

273 979 362 1032 12.
397 976 504 1031 Τοῦ
532 978 716 1032 δοῦναι
749 980 930 1042 αὐτοῖς
969 978 1330 1048 κληρονομίαν
1361 976 1553 1030 ἐθνῶν.

1953 977 2038 1030 12.
2072 977 2143 1032 Ut
2172 977 2262 1031 det
2293 977 2399 1032 illis
2422 977 2789 1032 litereditalem
2819 977 3084 1047 gentium,

271 1071 360 1124 15.
398 1072 577 1142 Ἔργα
605 1069 803 1142 χειρῶν
833 1069 995 1124 αὐτοῦ
1028 1069 1255 1140 ἀλήθεια
1278 1069 1371 1122 καὶ
1400 1068 1596 1139 κρίσις.

1953 1071 2039 1123 15.
2077 1069 2251 1139 Opera
2278 1086 2538 1124 manuum
2570 1071 2708 1140 ejus,
2744 1072 2941 1125 veritas
2961 1079 3014 1125 ct
3039 1071 3325 1140 judicium.

273 1165 361 1218 14.
391 1166 588 1218 Πισταὶ
617 1167 787 1218 πᾶσαι
817 1165 872 1217 αἱ
898 1163 1108 1216 ἐντολαὶ
1131 1163 1293 1215 αὑτοῦ
1323 1181 1335 1194 υ
1761 1175 1764 1178 ·

1761 1175 1764 1178 ·
1951 1164 2039 1218 14.
2071 1162 2276 1216 Fidelia
2310 1163 2495 1216 omnia
2525 1164 2779 1218 mandata
2811 1163 2930 1232 ejus
2968 1182 2979 1216 :

274 1257 362 1311 15.
403 1257 824 1328 Ἐστηριγμέναι
847 1258 926 1318 είς
948 1256 1042 1308 τὸν
1076 1255 1246 1309 αἰῶνα
1265 1254 1359 1307 τοῦ
1393 1253 1589 1315 αἰῶνος
1614 1270 1625 1283 ·

1461 1253 1625 1315 ῶνος·
1953 1255 2038 1310 15,
2067 1255 2397 1309 Conﬁrmata
2434 1256 2488 1308 in
2521 1257 2778 1310 saeculum
2809 1257 2991 1310 saeculi

272 1350 362 1403 16.
399 1349 772 1419 Πεποιημὲναι
798 1350 855 1400 ὲν
887 1347 1116 1418 ἀληθεία
1144 1348 1240 1399 καὶ
1262 1346 1536 1414 εὐθύτητι.

1420 1363 1536 1414 τητι.
1951 1346 2036 1400 ’6.
2069 1346 2232 1400 Facta
2267 1347 2319 1400 in
2349 1347 2576 1401 veritate
2605 1357 2659 1401 et
2682 1349 2950 1416 aequitate.

274 1443 362 1497 17.
400 1442 685 1513 Λύτρωσιν
709 1439 996 1495 ἀπέστειλε
1031 1438 1359 1510 [ἀπέστειλε
1389 1437 1609 1506 Κύριος,
1642 1443 1746 1490 etc.
1755 1473 1776 1505 λ

1946 1437 2034 1493 17.
2070 1437 2523 1508 Redemptionem
2551 1441 2703 1495 misit
2733 1439 2904 1512 [misit
2934 1438 3222 1511 Dominus]
3255 1452 3454 1508 popu.o

194 1533 279 1604 τῷ
312 1534 424 1604 λαῷ
445 1532 608 1586 αὐτοῦ
639 1549 655 1566 ·

491 1532 608 1586 ὅτοῦ
639 1549 655 1566 ·
1877 1545 1978 1584 suo
2009 1544 2021 1579 :

272 1625 362 1679 18.
407 1623 738 1678 Ἐνετείλατο
761 1623 842 1686 είς
873 1622 964 1676 τὸν
996 1621 1166 1674 αἰῶνα
1197 1619 1460 1690 διαθήκην
1501 1619 1662 1674 αὐτοῦ
1689 1635 1703 1649 ·

1950 1622 2040 1676 18.
2073 1621 2349 1676 Mandavit
2378 1623 2431 1676 in
2464 1631 2726 1677 aeternum
2758 1631 3140 1679 testamentum
3169 1639 3362 1678 suum:

271 1718 362 1772 19.
401 1719 588 1786 ’Ἄγιον
613 1716 709 1770 καὶ
742 1715 971 1786 φοϐερὸν
993 1715 1053 1766 τὸ
1072 1713 1243 1784 ὄνομα
1265 1711 1452 1765 αὑτοῦ.

1950 1711 2036 1766 19.
2068 1711 2327 1765 Sanctum
2359 1721 2412 1766 et
2441 1713 2682 1767 terribile
2714 1729 2911 1767 nomen
2947 1714 3084 1782 ejus.

269 1805 361 1859 20.
404 1806 571 1878 Ἀρχὴ
596 1805 788 1874 σοφίας
822 1804 986 1874 φόϐος
1016 1802 1218 1877 Κυρίου
1245 1820 1258 1832 ·

1807 1821 1850 1875 Β
1946 1800 2286 1857 20.1nitium
2319 1805 2599 1874 sapientia:
2632 1806 2796 1859 timor
2822 1804 3075 1860 Domini:

268 1895 360 1948 21.
388 1893 610 1958 Σύνεσις
637 1894 694 1947 δὲ
733 1894 912 1963 ἀγαθὴ
943 1895 1078 1946 πᾶσι
1106 1895 1216 1955 τοῖς
1246 1889 1491 1944 ποιοῦσιν
1528 1891 1699 1962 αὐτήν
1719 1908 1733 1921 ·

1948 1894 2039 1948 21.
2073 1893 2381 1950 Intellectus
2415 1897 2592 1950 bonus
2623 1896 2879 1951 omnibus
2923 1895 3247 1951 facientibus
3291 1912 3409 1950 eam
3437 1915 3451 1952 :

268 1986 359 2042 22.
404 1988 466 2040 Ἡ
483 1986 688 2050 αῖνεσις
703 1985 866 2039 αὐτοῦ
890 1984 1039 2056 μένει
1059 1985 1139 2047 εἰς
1154 1984 1245 2037 τὸν
1262 1982 1432 2036 αἰῶνα
1447 1981 1541 2035 τοῦ
1559 1982 1770 2046 αἰῶνος.

1739 1999 1770 2046 ς.
1945 1985 2035 2039 22.
2059 1984 2324 2041 Laudatio
2348 1987 2468 2057 ejus
2491 1996 2672 2042 manet
2697 1987 2752 2040 in
2781 1987 3040 2041 saeculum
3070 1988 3269 2042 saeculi.

1320 2158 1700 2213 ATHANASII
1739 2157 2330 2217 INTERPRETATIO.

269 2321 325 2376 7.
358 2321 815 2392 Ἔμνημόνευσεν,
850 2320 922 2383 ὡς
970 2321 1196 2390 προεῖπε
1233 2318 1320 2372 διὰ
1346 2319 1452 2373 τῶν
1478 2319 1772 2389 προφητῶν

1951 2321 2001 2374 7.
2035 2319 2372 2378 Recordatus
2397 2331 2500 2386 est,
2533 2333 2593 2377 ut
2638 2324 2888 2392 praedixit
2922 2340 3018 2394 per
3042 2340 3172 2380 suos
3212 2325 3453 2394 praplie-

196 2411 390 2480 αὐτοῦ,
424 2412 617 2478 ἐλθεῖν,
651 2413 746 2467 καὶ
765 2412 840 2482 (1)
865 2411 954 2465 διὰ
980 2411 1091 2466 τῶν
1117 2410 1458 2482 παθημάτων
1481 2411 1647 2465 αὐτοῦ
1671 2411 1726 2464 σι]

1881 2424 1989 2480 tas,
2023 2415 2232 2482 venire,
2261 2424 2313 2472 et
2336 2432 2431 2486 per
2453 2417 2763 2486 passionem
2793 2433 2949 2473 suam
2984 2418 3196 2472 salvare
3225 2433 3341 2473 nos.

195 2525 292 2562 σαι
329 2507 496 2577 ἡμᾶς.

270 2599 326 2653 8.
359 2598 515 2669 Ἐλεή
525 2612 640 2668 μων
663 2597 772 2668 γὰρ
805 2596 899 2650 καὶ
924 2596 1225 2668 οἰκτίρμων
1248 2595 1486 2666 ὑπάρχει
1506 2597 1535 2649 ό
1553 2594 1770 2667 Κύριος.

1946 2593 2001 2648 8.
2028 2593 2341 2650 Misericors
2375 2594 2520 2648 enim
2555 2603 2609 2647 et
2635 2595 2922 2648 miserator
2951 2603 3034 2649 est
3059 2593 3344 2650 Dominus.

269 2691 326 2745 9.
373 2689 594 2743 Ἑαυτὸν
623 2688 982 2761 γὰρ“·τροφὴν,
1013 2688 1108 2742 καὶ
1132 2687 1200 2741 τὰ
1232 2687 1388 2756 λόγια
1413 2687 1579 2742 αὐτοῦ
1606 2687 1772 2741 ἔδωκε

1949 2685 2002 2739 0.
2038 2683 2108 2740 Se
2138 2686 2316 2754 ipsum
2354 2686 2500 2739 enim
2528 2685 2582 2739 in
2608 2701 2814 2751 escam,
2856 2695 2912 2740 et
2937 2686 3154 2756 eloquia
3183 2703 3281 2742 sua
3309 2689 3453 2744 dedit

192 2786 314 2846 τοῖς
335 2782 500 2852 φοϐου
508 2781 687 2852 μένοις
709 2781 894 2834 αὐτόν.

845 2798 894 2834 ν.
1878 2778 2195 2832 uiuentibus
2225 2793 2371 2832 eum.

275 2876 364 2930 10.
404 2874 785 2938 Ἀδιαλείπτως
823 2872 1190 2945 μνησθήσεται
1219 2871 1327 2925 τῶν
1371 2872 1545 2942 ἁγίων
1582 2871 1768 2926 αὑτοῦ.

1952 2869 2039 2923 10.
2071 2871 2443 2925 lndesinenter
2460 2872 2839 2927 recordabitur
2865 2882 3177 2928 sanctorum
3205 2887 3451 2927 suorum.

271 2967 360 3021 11.
394 2968 507 3036 Τὴν
539 2965 766 3036 δύναμιν
795 2964 902 3017 τῶν
933 2963 1165 3035 Γραφῶν
1198 2963 1274 3034 (2)
1313 2962 1420 3018 τῶν
1450 2964 1771 3037 προλεχθέν-

1947 2959 2036 3015 11.
2077 2959 2340 3017 Virtutem
2370 2961 2499 3035 [hoc
2526 2973 2612 3018 est
2644 2979 2904 3018 arcanum
2934 2963 3182 3036 sensum]
3208 2965 3454 3034 Scriptu-

190 3077 308 3114 των
332 3057 638 3129 ὲφανέρωσε
668 3058 780 3120 τοῖς
817 3056 1134 3119 ἀποστόλοις
1161 3052 1348 3108 αὐτοῦ.
1699 3127 1702 3130 φ

1925 3066 2058 3104 irum
2093 3052 2159 3106 de
2209 3054 2274 3107 iis
2321 3070 2442 3124 quae
2493 3055 2751 3124 prmdicta
2807 3053 3050 3121 fuerunt,
3082 3053 3455 3110 manifestavit

1874 3148 2140 3218 apostolis
2173 3147 2308 3202 suis.

271 3241 359 3294 12.
384 3238 490 3294 Τοῦ
516 3239 696 3293 δοῦναι
727 3240 839 3301 τοῖς
865 3236 1184 3300 ἀποστόλοις
1211 3234 1464 3300 ἐξουσίαν
1487 3236 1772 3308 κυριεῦσαι

1946 3238 2034 3294 12.
2073 3236 2142 3292 Ut
2177 3238 2332 3292 daret
2357 3240 2617 3309 apostolis
2647 3247 2967 3308 potestatem
2998 3237 3317 3292 dominandi
3346 3253 3445 3292 su-

191 3334 288 3388 διὰ
315 3333 390 3405 (5)
419 3333 512 3386 τοῦ
541 3333 896 3405 κηρύγματος
925 3333 1141 3386 πάντων
1163 3332 1272 3386 τῶν
1300 3331 1489 3387 ἐθνῶν.

1488 3377 1489 3383 η
1874 3342 1971 3398 per
1999 3344 2189 3384 omnes
2217 3340 2406 3398 gentes
2433 3347 2530 3401 per
2558 3330 3018 3400 praedicationem.

270 3426 358 3481 15.
392 3426 474 3480 Τὰ
505 3425 642 3498 ἔργα
672 3425 779 3480 τῶν
815 3425 1129 3479 ἀποστόλων
1157 3423 1322 3478 αὐτοῦ
1361 3423 1546 3487 πίστις
1575 3423 1671 3479 καὶ
1697 3423 1772 3478 δι-

1754 3453 1772 3464 -
1949 3421 2034 3476 15.
2066 3421 2240 3492 Opera
2271 3424 2641 3493 apostolorum
2669 3422 2790 3490 ejus
2817 3421 2949 3477 ﬁdes
2983 3421 3281 3492 etjustitia.

195 3515 458 3587 καιοσύνη
469 3558 482 3571 .

275 3609 361 3662 14.
405 3607 651 3677 Ἀληθεῖς
678 3608 734 3660 αἱ
763 3607 1085 3676 ἐπαγγελίαι
1116 3605 1302 3661 αὑτοῦ.
1803 3616 1805 3627 '

1289 3646 1302 3660 _
1803 3593 1846 3650 C
1955 3602 2040 3656 14.
2073 3601 2228 3658 Ver-ae
2257 3603 2656 3672 promissiones
2681 3604 2819 3673 ejus.

274 3700 359 3753 15.
390 3699 492 3753 Καὶ
523 3699 913 3771 ἀμεταμέλητα
936 3699 1006 3752 τὰ
1029 3699 1343 3772 χαρίσματα
1377 3696 1544 3752 αὐτοῦ
1572 3698 1674 3769 (4).

1489 3696 1544 3750 οῦ
1572 3698 1674 3769 (4).
1947 3694 2032 3747 15.
2071 3693 2135 3746 Et
2171 3695 2286 3748 sine
2315 3695 2630 3764 ptenitentia
2654 3696 2795 3748 dona
2830 3695 3019 3764 ipsius.

274 3792 360 3845 16.
393 3790 813 3861 Κατηρτισμένα
841 3789 1016 3861 (5).ἐν
1043 3791 1225 3843 πίστει
1267 3790 1361 3844 καὶ
1410 3789 1744 3860 δικαιοσύνῃ.

1358 3829 1361 3841 ,
1410 3789 1744 3860 δικαιοσύνῃ.
1952 3787 2040 3839 16.
2067 3785 2316 3840 Perfecta
2345 3787 2399 3840 in
2443 3786 2544 3840 ﬁde
2575 3796 2630 3840 et
2656 3786 2888 3854 justitia.

269 3883 358 3936 17.
400 3883 456 3936 '0
490 3883 682 3953 Πατὴρ
709 3882 800 3936 τὸν
844 3881 971 3935 Υίὸν
999 3881 1165 3936 αὐτοῦ
1210 3881 1301 3936 τὸν
1345 3881 1610 3952 μονογενῆ
1642 3880 1780 3934 ,ἑδω-

1946 3877 2035 3932 17.
2083 3876 2246 3931 Pater
2297 3877 2495 3932 Filium
2543 3893 2703 3932 suum
2749 3875 3092 3946 unigenitum
3144 3873 3293 3929 dedit
3353 3887 3451 3941 pro

195 3992 296 4028 κεν
323 3974 462 4044 ὑπὲρ
484 3975 584 4044 τῆς
609 3974 703 4027 τοῦ
739 3975 944 4046 κόσμου
981 3974 1146 4045 ζωῆς.

687 3974 703 4027 3
739 3975 944 4046 κόσμου
981 3974 1146 4045 ζωῆς.
1874 3971 2060 4025 mundi
2092 3971 2217 4024 vita.

274 4066 357 4121 18.
400 4066 730 4120 Ἐνετείλατο
767 4068 879 4129 τοῖς
908 4067 1257 4121 πιστεύουσιν
1299 4064 1449 4136 αὐτῷ
1480 4066 1773 4135 φυλάσσειν

1954 4063 2040 4117 18.
2069 4063 2333 4134 Praecepit
2377 4062 2720 4119 credentibus
2766 4063 2814 4116 ei
2868 4059 3142 4116 custodire
3194 4055 3449 4111 mandata

195 4157 266 4210 τὰ
290 4158 690 4228 προστάγματα
719 4155 904 4210 αὐτοῦ.
1878 4173 1998 4212 sua.

269 4249 360 4304 19.
397 4248 642 4313 Ἔνδοξον
666 4251 778 4313 τοῖς
807 4248 986 4318 ἁγίοις
1018 4255 1112 4302 καὶ
1139 4248 1368 4320 φοϐερὸν
1400 4251 1514 4313 τοῖς
1556 4249 1770 4320 δαίμοσι

1951 4249 2042 4304 19.
2095 4248 2410 4304 Gloriosum
2455 4248 2679 4311 sanctis,
2729 4255 2781 4301 et
2828 4243 3069 4300 terribile
3109 4239 3450 4298 dmmonibus

193 4342 258 4395 τὸ
277 4341 451 4412 ὄνομα
474 4341 656 4395 αὑτοῦ.

1878 4354 2075 4393 nomen
2103 4339 2240 4408 ejus.

265 4433 360 4488 20.
388 4432 498 4488 Κὰὶ
519 4434 684 4506 ἀρχαὶ
711 4433 788 4506 (6)
833 4433 1070 4497 πίστεως
1097 4434 1158 4488 τὸ
1183 4435 1486 4506 φοϐηθῆναι
1522 4434 1615 4488 τὸν
1658 4433 1768 4486 Κύ-

1665 4433 1768 4486 Κύ-
1883 4493 1892 4497 -
1949 4433 2040 4488 20.
2075 4433 2142 4488 Et
2172 4433 2385 4488 initium
2415 4432 2536 4487 ﬁdei
2569 4431 2760 4486 timere
2782 4429 3071 4484 Dominum
3100 4425 3195 4497 (a).

234 4543 313 4578 ιον
321 4567 334 4578 .

234 4543 334 4578 ιον.

194 4543 229 4598 ρ
263 4617 353 4670 21.
387 4617 562 4688 Χάρις
592 4617 650 4671 δὲ
671 4617 989 4689 Πνεύματος
1018 4618 1174 4689 ἁγίου
1208 4617 1326 4673 ἐστὶ
1358 4622 1494 4673 πᾶσι
1534 4623 1647 4684 τοῖς
1673 4637 1724 4689 φι

1949 4610 2039 4664 21.
2078 4609 2263 4664 Gratia
2294 4618 2474 4665 autem
2511 4609 2747 4679 Spiritus
2785 4605 2957 4663 sancti
2978 4614 3061 4660 est
3094 4601 3344 4659 omnibus
3377 4599 3450 4654 ti-

191 4711 289 4762 ϐου
298 4710 478 4779 μένοις
503 4710 594 4763 τὸν
620 4709 836 4780 Κύριον.

1874 4704 2149 4759 mentibus
2171 4704 2483 4760 Dominum.

260 4797 354 4852 22.
382 4798 761 4872 Ἀτελεύτητος
795 4799 944 4872 μένει
971 4800 1048 4872 (7)
1081 4805 1116 4873 ἡ
1161 4801 1366 4864 αἷνεσις
1415 4799 1509 4854 τοῦ
1544 4798 1764 4855 Κυρίου.

1544 4798 1764 4855 Κυοίου.
1796 4814 1849 4874 D
1949 4797 2036 4852 22.
2068 4795 2198 4850 Sine
2221 4796 2326 4851 ﬁne
2355 4805 2537 4850 manet
2569 4792 2807 4848 laudatio
2834 4788 3049 4845 Domini

1149 4976 1465 5039 Addenda
1497 4986 1558 5040 et
1595 4975 1972 5056 corrigenda
2005 4993 2084 5036 ex
2122 4973 2262 5035 cod.
2291 4972 2494 5034 Vatie.

264 5137 342 5206 (1)
369 5130 469 5210 ’Ὧν
494 5142 750 5210 προεῖπεν
781 5141 828 5194 δ.
859 5158 911 5193 τ.
938 5158 996 5195 π.
1031 5140 1123 5194 τοῦ
1149 5141 1342 5209 ὲλεεῖν,
1370 5139 1484 5208 καί,
1514 5151 1642 5206 etc.,
1665 5157 1768 5194 σω-
1948 5136 2024 5210 (ξ)
2056 5137 2476 5210 ςᾼμεταμέλητα
2505 5137 2613 5209 γὰρ
2636 5136 2704 5189 τὰ
2734 5134 3043 5206 χαρίσματα
3062 5139 3155 5186 τοῦ
3186 5131 3334 5192 eam}

188 5208 354 5279 θῆναι
379 5207 549 5277 ἡμᾶς
1328 5207 1335 5209 “
1472 5207 1477 5208 ⁷
1945 5207 2020 5279 (5,)
2056 5207 2513 5278 Κατηρτισμέναι.

266 5280 345 5353 (ἓ)
379 5280 680 5353 Πρρφητῶν
714 5279 856 5351 (leg.
892 5280 1072 5350 potius
1103 5281 1322 5337 videtur
1359 5279 1766 5353 προφητειῶν.)

1208 5289 1322 5337 etur
1359 5279 1766 5353 προφητειῶν.)
2057 5277 2247 5353 ίΑρχή,
2268 5289 2410 5353 _etc.,
2444 5279 2545 5333 καί
2575 5285 2628 5333 et
2653 5278 2738 5330 τό.

263 5347 670 5420 (ΞηΔιάᾱιέθει.
725 5347 732 5350 '
809 5347 830 5351 '
895 5347 910 5350 ‘
1405 5347 1416 5353 ’
1483 5347 1542 5351 ⁷·
1746 5347 1754 5349 ⁷

895 5347 910 5350 ’
1405 5347 1416 5353 ’
1483 5347 1492 5350 ⁷
1533 5347 1542 5351 ⁷
1746 5347 1754 5349 ⁷
1945 5347 2021 5419 (7)
2052 5347 2228 5402 Μένει
2249 5349 2417 5403 deest.

264 5562 344 5636 (a)
383 5561 559 5618 Aliam
607 5563 763 5620 aﬂert
802 5561 938 5620 Dan.
982 5562 1254 5621 Barbarus
1295 5565 1818 5636 interpretationem,
1866 5581 1986 5639 quae
2020 5573 2104 5623 est
2144 5565 2372 5637 Didymi.
