3874 6222
442 311 592 370 1133·

511 437 565 490 9.
601 433 734 500 Quis
759 433 900 488 sicut
931 433 1192 488 Dominus
1219 434 1360 491 Deus
1391 439 1618 493 noster?

514 524 602 578 10.
631 524 735 589 Qui
769 523 822 576 in
856 523 980 578 altis
1011 523 1256 578 habitat:

517 617 601 668 1t.
642 614 705 668 Et
732 615 959 669 humilia
1003 615 1226 685 respicit
1257 615 1505 686 [reSpicit
1555 627 1608 672 et
1649 619 1758 672 alta
1799 635 1828 672 a
1889 635 2029 690 onge

439 706 772 778 cognoscit],

513 799 599 854 12.
635 799 690 852 In
719 800 856 854 creto
887 807 942 852 et
962 799 1016 852 in
1047 807 1216 854 terra.

517 894 598 946 15.
635 892 917 947 Suscilans
953 909 982 946 a
1011 901 1156 946 terra
1195 892 1440 960 inopem.

513 985 599 1037 ll.
634 986 698 1038 Et
731 985 797 1038 de
830 995 1071 1038 stercore
1107 985 1324 1053 erigens
1354 998 1669 1052 pauperem,

515 1075 600 1129 15.
633 1076 702 1130 Ut
724 1077 954 1130 eollocet
988 1091 1113 1130 eum
1145 1090 1268 1129 cum
1303 1075 1669 1145 principibus,

517 1167 601 1220 16.
639 1166 775 1221 Cum
805 1167 1146 1236 principibus
1181 1167 1364 1236 populi
1395 1168 1504 1221 sui.

511 1258 595 1310 17.
627 1259 730 1323 Qui
761 1260 1004 1312 habitare
1032 1257 1162 1312 facit
1195 1257 1440 1313 sterilem
1471 1259 1526 1313 in
1559 1259 1744 1324 domo,

513 1351 598 1406 18.
627 1351 848 1404 Matrem
880 1351 932 1404 in
963 1351 1089 1406 ﬁliis
1117 1351 1418 1406 lzetantem.

961 1463 1210 1518 Alleluia.
1259 1463 1462 1520 CXIII

519 1557 570 1612 1.
610 1555 668 1610 In
700 1557 848 1611 exitu
879 1557 1046 1612 Israel
1077 1557 1143 1612 de
1171 1556 1432 1629 Egypto,

513 1650 566 1703 2.
609 1649 814 1705 Domus
852 1649 1020 1704 Jacoh
1061 1650 1129 1705 de
1155 1653 1356 1721 populo
1385 1651 1642 1708 barbaro.

515 1743 568 1796 ὃ.
614 1741 780 1795 Facta
807 1753 890 1796 est
918 1739 1104 1796 Iudaea
1138 1743 1504 1798 sanctiticatio
1547 1743 1670 1814 ejus
1699 1763 1712 1799 :

513 1837 566 1889 Δ.
617 1835 782 1890 lsrael
811 1844 1054 1906 potestas
1080 1835 1226 1905 ejus.

515 1929 566 1984 5.
607 1927 756 1984 Mare
785 1929 921 1983 vidit
953 1939 1008 1984 et
1057 1929 1193 2000 fugit
1223 1947 1235 1984 :

1270 315 1326 372 S.
1369 315 1748 374 ATl-IANASII
1788 319 1939 376 OPP.
1983 317 2164 375 PARS
2205 321 2292 377 Ill.
2335 355 2403 364 —
2443 324 2862 381 EXEGETICA.

2053 447 2099 500 Α
2198 441 2249 496 9.
2285 444 2381 508 Τίς
2411 443 2487 507 ὡς
2515 443 2714 515 Κύριος
2739 448 2768 499 ὁ
2791 445 2925 512 Θεὸς
2955 449 3148 518 ἡμῶν;

3587 337 3736 396 1156

2203 535 2287 590 10.
2337 537 2395 588 Ὀ
2423 538 2481 591 ἐν
2513 537 2738 607 ὑψηλοῖς
2765 541 3034 594 κατοικῶν
3060 559 3073 574 ·

2201 627 2288 680 11.
2319 629 2426 682 Καὶ
2445 628 2518 682 τὰ
2539 631 2771 684 ταπεινᾶ
2800 633 3013 704 ἐφορῶν
3039 633 3297 708 [ἐφορῶη
3328 638 3422 692 καὶ
3443 639 3512 693 τὰ
3547 640 3734 712 ὑψηλὰ

2131 720 2240 772 ἀπὸ
2279 722 2550 794 μακρόθεν
2582 723 2951 796 γιγνώσκων],

2204 813 2289 866 12.
2339 815 2426 867 Ἐν
2457 815 2534 886 τῷ
2567 817 2781 889 οὐρανῷ
2809 819 2903 874 καὶ
2929 822 2987 873 ἐν
3014 823 3080 892 τῇ
3117 825 3187 893 γῇ
3209 839 3220 852 ·

2204 905 2291 958 15.
2334 905 2392 958 Ὀ
2421 909 2650 979 ἐγείρων
2679 911 2786 964 ἀπὸ
2816 911 2920 982 γῆς
2956 912 3190 983 πτωχὸν,

2205 995 2290 1051 14.
2320 999 2428 1050 Καὶ
2459 999 2569 1052 ἀπὸ
2597 1001 2829 1073 κοπρίας
2867 1001 3084 1070 ἀνυψῶν
3111 1003 3339 1075 πένητα,

2205 1089 2288 1142 15.
2330 1089 2436 1142 Τοῦ
2471 1091 2693 1145 καθίσαι
2721 1092 2886 1147 αὐτὸν
2915 1093 3052 1165 μετά
3079 1095 3378 1166 ἀρχόντων,

2205 1182 2292 1239 16.
2331 1184 2488 1237 Μετά
2523 1187 2798 1257 ἀρχόντων
2833 1188 2962 1241 λαοῦ
2991 1189 3178 1244 αὐτοῦ.

2207 1273 2290 1326 17.
2335 1275 2392 1328 '0
2419 1275 2748 1340 κατοικίζων
2771 1280 2989 1354 στείραν
3021 1283 3078 1334 ἐν
3113 1283 3268 1353 οἴκῳ,

2207 1366 2292 1420 18.
2322 1369 2549 1440 Μητέρα
2579 1369 2670 1422 ἐπὶ
2699 1371 2910 1437 τέκνοις
2945 1375 3398 1447 εὐφραινομένην,

2653 1461 3026 1531 Ἀλλτηλούΐα.
3056 1469 3134 1520 ΡΙ
3139 1469 3220 1521 I".

2209 1553 2256 1608 1.
2300 1553 2388 1604 Ἐν
2421 1553 2586 1625 ἐξόδῳ
2623 1555 2838 1627 Ἰσραὴλ
2863 1557 2922 1622 ἐξ
2947 1559 3249 1626 Αἰγύπτου,

2205 1647 2258 1700 2.
2289 1649 2452 1700 Οίκου
2490 1648 2681 1702 Ἰακὼϐ
2711 1653 2774 1704 ἐκ
2809 1651 2938 1704 λαοῦ
2977 1651 3276 1726 βαρϐάρου.

2208 1741 2257 1794 5.
2301 1741 2560 1812 Ἐγενήθη
2597 1744 2826 1797 Ἰουδαία
2856 1746 3103 1817 ἀγίασμα
3123 1747 3320 1801 αὐτοῦ’

2211 1831 2259 1884 4.
2301 1833 2514 1904 Ἰσραὴλ
2548 1834 2768 1900 ἐξουσία
2797 1836 2984 1892 αὑτοῦ.

2209 1923 2258 1976 5.
2304 1924 2368 1976 Ἦ
2397 1923 2640 1978 θάλασσα
2669 1921 2776 1978 εἶδε
2809 1928 2901 1980 καὶ
2928 1927 3126 1998 ἔφυγεν
3147 1949 3161 1961 ·

1569 2045 1950 2100 ATHANASII
1991 2039 2590 2096 INTEBPRETATIO.

515 2137 666 2191 9-11.
697 2134 852 2202 Quod
886 2137 938 2188 in
978 2137 1117 2191 caelo
1165 2135 1416 2190 habitans
1461 2135 1702 2192 humiles
1748 2145 1802 2191 et
1833 2151 2030 2206 pecca—

441 2239 591 2286 tores
617 2228 754 2282 adeo
789 2226 999 2280 dilexit.

513 2321 600 2375 l2.
630 2319 732 2386 Qui
770 2320 825 2372 in
857 2319 997 2373 ccelo
1033 2333 1285 2385 manens,
1315 2327 1369 2373 et
1397 2320 1452 2374 in
1483 2328 1686 2374 terram
1718 2319 1966 2376 advenit.

517 2416 604 2477 l5,
637 2413 863 2478 M.-Qui
905 2429 1078 2482 genus
1114 2413 1442 2476 humanum,
1471 2415 1620 2483 quod
1647 2414 1920 2470 ceciderat
1964 2413 2034 2468 ob

443 2517 690 2560 terrenas
713 2515 766 2559 et
796 2505 1092 2574 ﬂagitiosas
1133 2504 1642 2574 concupiscentias,
1695 2504 2031 2572 sublevavit,

441 2607 498 2652 et
523 2597 752 2665 gloriam
777 2596 828 2647 ei
853 2595 1080 2648 donavit
1109 2594 1444 2664 adoptionis.

515 2689 599 2745 15.
632 2687 703 2742 Ut
755 2687 980 2757 dignum
1025 2685 1230 2742 faceret
1263 2703 1438 2757 genus
1481 2687 1784 2743 humanum
1815 2689 2033 2745 deliciis

441 2781 762 2850 angelorum
773 2821 788 2836 .

519 2875 605 2928 16.
629 2875 766 2930 Cuni
801 2877 1025 2942 sanctis,
1055 2877 1152 2947 qui
1186 2886 1318 2932 sunt
1347 2894 1472 2934 cum
1506 2881 1716 2950 angelis
1746 2880 1880 2935 suis.

521 3031 604 3085 17.
637 3031 989 3088 lntroducens
1017 3048 1113 3103 per
1137 3033 1299 3090 ﬁdem
1324 3035 1628 3092 Ecclesiam
1658 3039 1903 3108 gentium
1933 3053 2030 3094 an—

444 3133 528 3179 tea
558 3123 983 3180 infructiferam.

520 3215 604 3269 18.
631 3215 684 3270 ln
705 3233 1000 3286 supernam
1023 3218 1362 3274 Hierusalem
1385 3221 1438 3274 in
1457 3223 1664 3278 sanctis
1679 3224 2026 3294 gaudentem.

2211 2130 2360 2184 9-H.
2399 2131 2522 2184 ’Ὀτι
2565 2133 2622 2186 ἐν
2783 2135 2995 2208 οὐρανῷ
3045 2137 3316 2191 κατοικῶν
3361 2141 3490 2204 τοὺς
3535 2159 3737 2200 ταπει-

2139 2223 2262 2285 νοὺς
2291 2223 2385 2276 καὶ
2409 2223 2768 2294 ἁμαρτωλοὺς
2793 2226 2966 2292 οὕτως
2998 2229 3306 2302 ἠγάπησεν.

2214 2311 2300 2366 12.
2341 2313 2398 2366 '0
2432 2316 2490 2366 ἐν
2517 2313 2592 2384 τῷ
2615 2316 2828 2387 οὐρανῷ
2855 2316 2932 2370 ὣν
2959 2320 3054 2371 καὶ
3075 2320 3168 2372 ἐπὶ
3197 2321 3303 2390 γῆς
3325 2327 3734 2394 παραγέγονεν.

2213 2406 2300 2470 15,
2325 2406 2410 2460 14.
2449 2407 2508 2460 Ὀ
2531 2407 2592 2461 τὸ
2632 2409 2786 2477 γένος
2823 2411 2932 2463 τῶν
2959 2411 3264 2484 ἀνθρώπων
3291 2416 3356 2468 ἐκ
3381 2417 3492 2470 τῶν
3523 2422 3738 2490 γηΐνων

2143 2499 2238 2551 καὶ
2259 2499 2483 2554 ἀσώτων
2506 2501 2810 2572 ἐπιθυμιῶν
2833 2503 2998 2556 πεσὸν
3023 2505 3354 2576 ἀναστήσας,
3380 2509 3474 2561 καὶ
3495 2509 3738 2576 δοξάσας

2139 2591 2226 2644 διὰ
2258 2591 2358 2662 τῆς
2387 2592 2682 2658 υἱοθεσίας.

2211 2683 2298 2738 15.
2331 2684 2438 2736 Τοῦ
2471 2684 2702 2749 ἀξιῶσαι
2731 2687 2792 2739 τὸ
2813 2688 2970 2756 γένος
2993 2687 3102 2744 τῶν
3137 2689 3442 2762 ἀνθρώπων
3464 2693 3563 2765 τῆς
3593 2695 3736 2748 ἀνα-

2141 2772 2392 2836 παύσεως
2415 2775 2525 2825 τῶν
2551 2775 2816 2844 ἀγγέλων.

2209 2865 2298 2920 16.
2323 2866 2480 2920 Μετά
2495 2867 2602 2921 τῶν
2623 2867 2792 2936 ἀγίων
2804 2869 2910 2923 τῶν
2926 2871 3194 2926 συνόντων
3208 2875 3319 2939 τοῖς
3339 2875 3516 2944 ἁγίοις
3537 2875 3738 2948 [ἀγγέ-

2137 2957 2274 3030 λοις]
2303 2959 2488 3014 αὐτοῦ.

2212 3051 2299 3106 17.
2337 3053 2395 3106 '0
2439 3053 2539 3125 τὴν
2585 3054 2914 3126 Ἐκκλησίαν
2953 3058 3064 3112 τῶν
3109 3059 3278 3116 ἐθνῶν
3326 3062 3424 3134 τὴν
3459 3066 3734 3136 πρότερον

2141 3139 2388 3213 ἄκαρπον
2418 3145 2653 3214 εἰσάγων
2689 3147 2779 3201 διὰ
2811 3149 2910 3220 τῆς
2945 3150 3201 3216 πίστεως.

2212 3233 2295 3288 18.
2323 3233 2432 3307 Τὴν
2453 3237 2564 3291 ἀνω
2591 3238 2944 3312 Ἰερουσαλὴμ
2965 3242 3260 3314 χαίρουσαν
3281 3245 3371 3299 ἐπὶ
3391 3250 3504 3312 τοῖς
3523 3249 3731 3318 ἀγίοις.

523 3310 588 3360 ’11
615 3310 946 3381 προκειμένη
983 3313 1260 3384 ἐπιγραφὴ
1283 3315 1524 3385 περιέχει
1553 3314 1661 3388 (1)·
1703 3318 2078 3389 Ἀλληλούΐα,
2112 3327 2141 3380 δ
2167 3330 2338 3398 ἐστιν,
2369 3332 2590 3386 circite
2626 3333 2735 3387 τὸν
2764 3310 2914 3389 ὄντα
2943 3310 3110 3390 ὀεόάκ

517 3403 735 3460 Titulus
763 3409 1093 3476 prmpositus
1120 3409 1366 3464 continet
1395 3429 1409 3464 :
1445 3411 1702 3480 Alleluia,
1733 3414 1838 3470 hoc
1867 3425 1970 3482 est,
2009 3419 2226 3475 laudate
2251 3441 2370 3477 eum
2399 3427 2489 3495 qui
2517 3425 2658 3480 Deus
2690 3437 2786 3485 est.

513 3519 565 3574 1.
609 3517 782 3574 Israel
815 3522 1206 3593 interpretatur
1231 3527 1456 3597 populus
1500 3529 1658 3599 fortis
1688 3547 1706 3585 :
1755 3533 2024 3605 Egypms
2053 3531 2061 3574 ⁴

2201 3521 2252 3574 1.
2310 3523 2559 3593 Ἰσραὴλ
2607 3527 2970 3598 ἑρμηνεύεται
3018 3533 3170 3599 λαὸς
3211 3535 3500 3604 ἰσχιιρός·
3546 3539 3736 3608 Αἴγυ-

441 3623 622 3666 autem
651 3615 1030 3670 obtenebratio.
1062 3616 1200 3672 Dum
1232 3619 1401 3690 igitur
1437 3621 1652 3678 liberati
1685 3633 1816 3680 sunt
1843 3627 2032 3683 fideles

442 3719 472 3758 a
506 3706 747 3761 tenebris
778 3709 1012 3778 peccati.

513 3795 566 3848 2.
607 3796 874 3854 Fidelium
923 3803 1230 3857 tenentium
1261 3813 1528 3861 extrema.
1563 3806 1732 3862 Jacob
1774 3811 1920 3865 enim
1952 3812 2034 3866 in-

442 3899 772 3957 terpretatur
803 3899 978 3946 tenens
1007 3905 1245 3949 extrema
1271 3912 1288 3949 :
1321 3897 1456 3952 illud
1498 3907 1704 3965 autem,
1743 3918 1808 3955 ex
1838 3905 2032 3973 populo

442 3979 688 4048 barbaro,
719 3992 907 4037 notum
940 3996 1023 4040 est
1047 3984 1388 4060 [significat],
1420 3992 1566 4059 quod
1596 3993 1770 4048 fidelis
1799 3996 2034 4064 populus

439 4074 726 4141 egrediens
759 4091 789 4129 e
819 4078 1059 4132 tenebris
1102 4081 1331 4136 recessit
1364 4098 1395 4136 a
1425 4083 1676 4140 barbaris
1697 4127 1711 4151 ,
1745 4087 1851 4142 hoc
1892 4099 1976 4144 est
2001 4105 2032 4143 a

439 4167 736 4220 contrariis
759 4170 1146 4236 potestatibus.

519 4257 573 4315 5.
610 4257 676 4311 Et
705 4260 924 4314 demum
960 4261 1206 4319 Ecclesia
1259 4264 1401 4321 facta
1435 4275 1518 4322 est
1565 4269 1614 4322 ei
1665 4271 2030 4328 sanctificatio

439 4363 534 4416 per
563 4349 925 4418 baptismum;
951 4353 1144 4409 Judwa
1170 4357 1372 4412 dicitur
1403 4369 1690 4429 propterea
1723 4365 1870 4432 quod
1905 4381 2030 4435 gra-

439 4441 516 4494 tia
545 4441 599 4494 in
630 4443 748 4512 ipsa
775 4453 862 4499 est
891 4444 1008 4506 Dei,
1042 4448 1136 4516 qui
1177 4448 1435 4519 dignatus
1462 4459 1546 4507 est
1583 4469 1646 4507 ex
1679 4453 1817 4509 Juda
1851 4459 2028 4512 nasci.

440 4529 756 4588 Secundum
785 4547 967 4592 autem
1014 4541 1256 4597 nominis
1296 4543 1801 4613 interpretationem
1835 4547 2030 4604 Judwa

438 4623 830 4695 interpretatur
873 4631 1127 4698 conﬁtens
1170 4632 1298 4690 Deo.
1332 4633 1468 4689 Cum
1497 4637 1668 4706 igitur
1699 4641 1882 4695 anima
1917 4641 2030 4698 Deo

437 4715 746 4784 confitetur,
779 4719 841 4774 fit
883 4721 1000 4790 ipsa
1029 4722 1308 4780 confessio
1343 4728 1730 4795 sanctificatio,
1783 4747 1850 4787 eo
1880 4737 2028 4804 quod

436 4805 761 4863 auferantur
797 4821 1045 4880 peccata.

504 4967 558 5021 4.
600 4967 664 5024 Et
715 4971 818 5024 viri
875 4973 1123 5031 videntes
1169 4977 1377 5046 Deum,
1420 4981 1524 5038 hoc
1565 4992 1682 5052 est,
1730 4992 2009 5058 apostoli,

435 5061 710 5130 principes
742 5063 862 5133 ejus
899 5083 912 5119 :
965 5067 1039 5122 ita
1085 5069 1231 5124 enim
1273 5071 1674 5142 interpretatur.
1712 5077 1903 5148 Israel,
1937 5085 2018 5137 vir

436 5153 616 5206 videns
651 5153 842 5211 Deum.

495 5243 546 5298 5.
592 5246 898 5304 ldololatria
937 5249 1074 5322 fugit
1097 5255 1288 5312 videns
1315 5255 1486 5313 Deum
1515 5261 1568 5316 in
1602 5273 1769 5324 terra.

2136 3627 2286 3681 πτος
2322 3617 2378 3669 δέ
2408 3617 2812 3690 (ἢξσκότωσις
2834 3641 2846 3652 ·
2889 3625 2948 3679 ἐν
2977 3625 3056 3696 τῷ
3081 3624 3174 3682 οὖν
3199 3629 3326 3692 τοὺς
3365 3631 3732 3696 πιστεύοντας

2139 3707 2403 3779 ρυσθῆναι
2428 3711 2491 3764 ἐκ
2521 3713 2614 3766 τοῦ
2653 3716 2878 3778 σκότους
2903 3718 3002 3788 τῆς
3023 3721 3320 3792 ἁμαρτίας,

2205 3799 2258 3853 2.
2301 3802 2422 3854 Τῶν
2458 3805 2666 3858 πιστῶν
2705 3807 2816 3859 τῶν
2841 3811 3225 3881 κατασχόντων
3254 3814 3320 3867 τὰ
3347 3815 3573 3885 ἔσχατα.
3615 3819 3730 3872 Ἰα-

2136 3891 2260 3945 κὼϐ
2301 3893 2410 3965 γὰρ
2459 3897 2820 3970 ἑρμηνεύεται
2859 3903 3093 3970 κρατῶν
3135 3906 3398 3974 ἔσχατα·
3451 3911 3512 3962 τὸ
3551 3911 3628 3974 δὲ,
3657 3914 3728 3966 ἐκ

2133 3988 2288 4041 λαοῦ
2323 3989 2634 4058 ,ϐαρϐάρου
2661 4031 2674 4055 ,
2721 3993 2876 4064 δῆλον
2923 3995 3116 4069 [δηλοῖ]
3169 3998 3250 4052 ὃτι
3295 3999 3325 4049 ὁ
3361 4003 3554 4067 πιστὸς
3593 4006 3724 4068 λαὸς

2135 4076 2368 4141 ἐξελθὼν
2403 4082 2466 4133 ἐκ
2510 4081 2602 4134 τοῦ
2639 4084 2862 4148 σκότους
2914 4087 3230 4162 ἀνεχώρησε
3263 4091 3370 4146 τῶν
3403 4093 3724 4168 βαρϐάρων,

2134 4171 2376 4224 τουτέστι
2411 4173 2518 4224 τῶν
2551 4176 2810 4231 ἐναντίων
2836 4178 3140 4250 δυνάμεων.

2204 4263 2256 4314 5.
2286 4265 2394 4317 Καὶ
2425 4266 2609 4320 λοιπὸν
2639 4269 2848 4337 γίνεται
2884 4274 3032 4344 αὐτῷ
3075 4275 3108 4346 ἡ
3149 4276 3448 4350 Ἐκκλησία
3478 4281 3728 4354 ἀγίασμα

2132 4349 2220 4403 διὰ
2261 4355 2356 4406 τοῦ
2399 4356 2798 4428 βαπτίσματος.
2841 4362 3101 4418 Ἰουδαία
3145 4365 3364 4436 λέγεται
3405 4369 3496 4424 διὰ
3529 4372 3590 4425 τὸ
3627 4374 3725 4444 τὴν

2133 4443 2292 4514 χάριν
2321 4443 2457 4502 εἶναι
2485 4451 2542 4502 ἐν
2562 4451 2698 4522 αὐτῇ
2723 4453 2818 4506 τοῦ
2845 4457 3282 4523 καταξιώσαντος
3303 4461 3440 4515 Θεοῦ
3467 4463 3528 4530 ἐξ
3551 4466 3724 4521 Ἰούδα

2131 4539 2406 4612 τεχθῆναι.
2433 4543 2592 4597 Κατὰ
2619 4545 2675 4597 δὲ
2704 4547 2802 4618 τὴν
2829 4551 3122 4620 ἑρμηνείαν
3149 4553 3243 4607 τοῦ
3272 4555 3537 4626 ὀνόματος
3573 4563 3720 4614 Ἰου-

2131 4629 2270 4685 δαία
2309 4633 2670 4706 ἑρμηνεύεται
2707 4640 2829 4705 Θεῷ
2855 4641 3411 4714 ἐξομολογούμενος
3442 4649 3719 4717 (5).Ὂταν

2131 4717 2222 4774 οὖν
2255 4723 2400 4796 ψυχὴ
2435 4727 2555 4798 Θεῷ
2581 4731 3068 4805 ἐξομολογήσεται,
3117 4738 3326 4805 γίνεται
3368 4741 3508 4813 αὑτὴ
3554 4746 3588 4816 ἡ
3636 4745 3724 4810 ἐξ·

2131 4815 2456 4887 ομολόγησις
2506 4823 2753 4895 ἀγίασμα
2800 4826 2887 4880 διά
2938 4829 3038 4900 τῆς
3079 4831 3428 4902 ἀφαιρέσεως
3477 4836 3557 4904 («5)
3611 4837 3724 4889 τῶν

2057 4935 2100 4988 D
2131 4907 2434 4980 ἁμαρτιῶν.

2198 5001 2252 5055 4.
2285 5003 2394 5056 Καὶ
2421 5005 2468 5057 οἱ
2503 5005 2694 5078 ἄνδρες
2720 5010 2770 5062 οἱ
2795 5011 3030 5081 ὁρῶντες
3062 5014 3198 5070 Θεὸν
3230 5017 3308 5086 (5)
3329 5059 3344 5080 ,
3377 5021 3628 5074 τουτέστι
3670 5025 3718 5074 οἱ

2128 5093 2452 5160 ἀπόστολοι,
2483 5098 2742 5169 ἄρχοντες
2785 5103 2949 5158 αὑτοῦ
2972 5123 2985 5135 ’
3022 5106 3181 5161 τοῦτο
3216 5107 3326 5182 γάρ
3353 5111 3716 5183 ἑρμηνεύεται

2147 5181 2408 5253 Ἰσραὴλ,
2439 5189 2595 5257 ἀνὴρ
2625 5188 2780 5258 ὀρῶν
2804 5194 2971 5249 Θεόν.
3039 5219 3044 5223 ·

2197 5275 2251 5331 5.
2270 5277 2333 5330 'H
2362 5279 2774 5354 εἰδωλολατρεία
2798 5284 3000 5355 ἔφυγεν
3027 5287 3210 5346 ἰδοῦσα
3231 5291 3364 5347 Θεὸν
3381 5293 3475 5348 ἐπὶ
3495 5293 3602 5365 γῆς
3621 5295 3718 5366 (6).

1385 5381 1695 5448 Addenda
1746 5393 1804 5447 et
1847 5390 2225 5471 corrigenda
2274 5414 2354 5458 ex
2385 5400 2524 5462 eod.
2556 5402 2756 5464 Vatic.

503 5517 580 5607 (l)
607 5520 682 5607 "Il
707 5521 795 5574 διὰ
819 5525 916 5606 τῆς
945 5525 1316 5607 κινναξάρεως
1346 5533 1623 5605 περιέχει·
1671 5537 2012 5607 Ἀλληλούῖα,

429 5586 570 5662 ὅπερ
602 5586 963 5662 ἑρμηνεύεται
995 5586 1216 5662 αίνείτέ,
1245 5586 1350 5655 etc.

503 5641 579 5731 (1)
611 5641 1225 5731 ΔίεζέρριὴνὲῦὲτῖιζἝὶῖ.

503 5729 582 5798 (ὖ)
621 5727 972 5802 Ἐξομολογου
982 5737 1135 5805 μένη.

2199 5545 2278 5615 (4)
2318 5546 2608 5613 Ἀφέσεως.

2200 5615 2277 5686 (5)
2309 5615 2410 5686 Τὸν
2441 5619 2594 5684 Θεόν,
2632 5631 2736 5676 etc.

2199 5689 2276 5756 (6)
2301 5685 2405 5742 Τὸν
2427 5689 2560 5746 Θεὸν
2587 5692 2680 5745 ἐπὶ
2709 5693 2809 5765 τῆς
2841 5694 2966 5765 γῆς.
