3874 6222
147 290 278 345 1157

208 405 258 458 6.
298 403 356 456 '0
395 401 662 474 Ἰορδάνης
691 400 938 473 ἐστράφη
973 401 1053 463 είς
1079 401 1147 455 τὰ
1179 401 1374 454 ὀπίσω.
1429 440 1442 453 .

210 496 257 549 7.
290 493 373 547 Τά
397 493 498 565 ὅρη
525 493 852 564 ὲσκίρτησαν
883 493 1015 546 ὡσεὶ
1052 494 1230 563 κριοί·

207 587 260 642 8.
293 587 406 644 Καὶ
434 588 482 639 οἰ
517 585 698 655 βουνοὶ
727 586 803 649 ὡς
837 586 999 658 ἀρνία
1033 586 1343 658 προϐάτων.

205 677 257 732 9.
287 677 352 730 Τί
389 677 472 730 σοί
496 679 634 740 ἐστι,
673 676 944 740 θάλασσα,
973 678 1055 730 ὅτι
1089 677 1330 746 ἕφυγες;

208 770 293 823 10.
323 768 435 821 Καὶ
466 769 552 832 σὺ,
598 768 861 840 Ἱορδάνη,
893 769 975 822 ὅτι
1009 770 1284 842 ἐστράφης
1312 772 1391 833 εἰς
1416 769 1483 824 τὰ
1514 769 1722 835 όπίσω;

209 855 291 908 11.
322 854 404 909 Τά
431 856 553 927 ὅρη,
577 857 658 909 ὅτι
687 859 1053 929 ὲσκιρτήσατε
1083 860 1216 912 ὡσεὶ
1250 860 1422 931 κριοί;

207 947 291 1000 12.
326 947 437 1002 Καὶ
469 949 517 1000 οἱ
555 948 735 1018 βουνοὶ
766 949 843 1012 ὡς
870 951 1035 1021 ἀρνία
1067 951 1356 1022 προϐάτων
1383 969 1397 1016 ;
1477 996 1479 998 .

208 1041 290 1093 15.
334 1040 469 1094 Ἀπὸ
495 1041 790 1111 προσώπου
823 1042 1030 1113 Κυρίου
1061 1043 1328 1114 ἐσαλεύθη
1363 1046 1395 1114 ἡ
1431 1044 1524 1116 γῆ,

207 1133 289 1185 14.
333 1132 467 1185 Ἀπὸ
502 1131 798 1203 πρώσοπου
825 1133 917 1186 τοῦ
945 1134 1080 1187 Θεοῦ
1118 1135 1310 1189 Ἰακώϐ
1333 1151 1346 1164 ·

205 1224 286 1278 15.
309 1225 416 1278 Τοῦ
445 1225 774 1295 στρέψαντος
801 1225 902 1296 τὴν
930 1227 1138 1298 πέτραν
1164 1230 1244 1292 είς
1263 1227 1460 1298 λίμνας
1482 1228 1716 1292 ὑδάτων,

205 1317 287 1371 16.
317 1318 428 1371 Καὶ
458 1319 558 1388 τὴν
586 1319 892 1390 ἀκρότομον
923 1322 1002 1382 είς
1035 1320 1217 1390 πηγὰς
1249 1320 1480 1376 ὑδάτων.

206 1410 285 1462 17.
317 1411 408 1480 Μὴ
442 1412 594 1480 ἡμῖν,
621 1409 820 1481 Κύριε,
861 1409 936 1481 μὴ
961 1411 1114 1481 ἡμῖν,

207 1502 285 1556 18.
328 1501 468 1554 Ἀλλ’
494 1503 526 1572 ἢ
561 1501 638 1574 τῷ
667 1502 895 1573 ὀνόματί
923 1521 1016 1556 σου
1042 1504 1130 1566 δὸς
1157 1503 1337 1568 δόξαν.

207 1593 288 1646 19.
325 1594 450 1646 Ἐπὶ
482 1593 562 1665 τῷ
594 1593 735 1647 ἐλέει
767 1611 861 1648 σου
892 1594 986 1646 καὶ
1010 1597 1074 1666 τῇ
1101 1595 1332 1666 ἀληθεία
1366 1613 1458 1648 σου
1480 1611 1493 1624 °

204 1679 288 1733 '20.
324 1681 553 1753 Μήποτε
595 1681 796 1772 ,εἴπωσι
843 1682 914 1735 τὰ
960 1681 1088 1754 ἔθνη
1116 1699 1129 1714 ·
1179 1684 1290 1736 Ποῦ
1343 1686 1491 1738 ἐστιν
1524 1685 1552 1736 ὁ
1584 1683 1728 1748 Θεὸς

141 1771 308 1825 αὑτῶν
331 1789 344 1838 ;

1045 283 1133 336 DE
1172 282 1358 340 TITU:
1384 281 1448 337 IS
1488 281 1937 336 PSALMORUM.
1979 311 2050 323 --
2089 280 2286 335 PSAL.
2328 280 2513 338 CXIII.

3277 283 3419 346 H53

1748 410 1797 464 Α
1893 401 1947 462 6,
1983 400 2238 457 Jordanis
2266 417 2569 457 conversus
2609 412 2694 457 est
2735 412 3057 459 retrorsum.

1905 492 1954 546 7.
1996 491 2207 548 Montes
2236 493 2650 548 exsultaverunt
2682 504 2740 549 ut
2766 495 2966 550 arietes
3003 513 3016 546 :

1905 582 1960 637 8.
2001 581 2068 636 Et
2097 583 2266 638 colles
2299 583 2444 638 sicut
2472 585 2598 654 agni
2630 585 2836 640 ovium.

1901 673 1952 727 9.
1990 674 2130 739 Quid
2166 681 2250 730 est
2281 676 2402 742 tibi,
2440 691 2612 741 mare,
2655 679 2802 746 quod
2833 677 3056 748 fugisti?

1905 765 1988 820 10.
2026 766 2089 820 Et
2117 778 2195 834 tu,
2217 766 2490 835 Jordanis,
2510 771 2636 839 quia
2663 786 2962 827 conversus
2983 789 3042 829 es
3059 782 3359 831 retrorsum
3381 774 3405 829 2

1903 857 1990 912 11.
2033 857 2268 924 Montes,
2293 861 2420 929 quia
2458 863 2779 917 exsultastis
2803 865 2945 920 sicut
2970 867 3202 922 arietes?

1903 949 1988 1002 12.
2025 949 2089 1002 Ει
2114 952 2278 1006 colles
2314 953 2457 1008 sicut
2492 955 2619 1025 agni
2649 955 2872 1010 Ovium?

1902 1041 1986 1094 15.
2029 1043 2074 1093 Α
2106 1041 2244 1096 facie
2275 1043 2492 1099 Domini
2529 1057 2675 1100 mota
2709 1056 2793 1102 est
2827 1056 2995 1116 terra,

1902 1131 1986 1185 M.
2025 1134 2070 1185 Α
2096 1132 2233 1188 facie
2260 1135 2353 1189 Dei
2387 1136 2596 1192 Jacob:

1900 1224 1985 1278 15.
2036 1224 2137 1290 Qui
2182 1230 2450 1283 convertit
2484 1239 2694 1299 petram
2751 1232 2805 1285 in
2861 1241 3052 1304 stagna
3117 1249 3408 1304 aquarum,

1899 1315 1985 1368 16.
2029 1316 2091 1370 Et.
2123 1335 2310 1387 rupem
2347 1321 2398 1373 in
2436 1320 2613 1378 fontes
2657 1339 2947 1394 aquarum.

1899 1407 1986 1465 17.
2028 1406 2146 1462 Non
2183 1412 2364 1477 nobis,
2404 1412 2654 1478 Domine,
2690 1433 2799 1470 non
2836 1418 3020 1486 nobis,

1897 1499 1982 1553 18.
2026 1501 2130 1556 Sed
2159 1504 2366 1556 nomini
2397 1513 2490 1559 tuo
2523 1508 2588 1560 da
2624 1508 2877 1574 gloriam.

1896 1592 1983 1646 19.
2026 1592 2202 1664 Super
2248 1597 2626 1654 misericordia
2658 1611 2748 1655 tua
2781 1612 2833 1656 et
2865 1604 3092 1660 veritate
3126 1613 3219 1659 tua
3247 1623 3262 1658 :

1892 1687 1988 1741 20.
2032 1688 2328 1760 Nequando
2378 1693 2565 1748 dicant
2609 1708 2818 1766 gentes,
2871 1699 2964 1753 ubi
2997 1708 3081 1754 est
3116 1699 3261 1754 De’us
3313 1715 3408 1756 eo—

1749 1771 1796 1829 B
1827 1793 1946 1832 rum
1971 1780 1994 1831 ?

1259 1928 1642 1985 ATHANASII
1686 1930 2276 1994 INTERPRETATIO.

203 2078 255 2134 6.
294 2078 350 2132 '0
374 2079 452 2150 (1)
493 2079 761 2152 Ἰορδάνης
787 2080 1150 2152 ἑρμηνεύεται
1183 2081 1257 2150 τῇ
1290 2081 1557 2152 ἐσχάτην
1586 2083 1719 2154 πλῆ-

142 2175 225 2234 θος
253 2167 342 2225 οὖν
373 2171 484 2225 τῶν
530 2172 699 2228 ἐθνῶν
739 2171 1086 2244 ἀνεχώρησεν
1135 2175 1245 2228 ἀπὸ
1291 2175 1391 2245 τῆς
1435 2174 1720 2229 εἰδωλολα-

140 2259 343 2327 τρείας,
379 2261 476 2313 καὶ
511 2257 641 2331 ἦλθε
675 2262 811 2333 πρὸς
842 2262 933 2316 τὸν
966 2262 1025 2330 ἐξ
1061 2264 1238 2336 ἀρχῆς
1270 2266 1580 2337 Δεσπότην,
1623 2268 1718 2320 καὶ

139 2353 472 2424 Δημιουργὸν
499 2353 730 2423 Ἰησοῦν.

203 2442 252 2497 7.
296 2446 358 2498 Οἱ
394 2447 674 2517 προφῆται
717 2447 1045 2516 ἀγάλλονται
1094 2449 1189 2502 καὶ
1235 2450 1327 2503 ἐπὶ
1368 2453 1435 2522 τῇ
1490 2449 1564 2522 (εὶ)
1601 2452 1719 2505 ἐπι-

142 2538 334 2606 στροφῇ
363 2536 474 2590 τῶν
501 2537 670 2592 ἐθνῶν
697 2555 710 2568 ·

204 2625 252 2680 8.
272 2629 381 2682 Καὶ
410 2629 461 2682 οί
487 2630 551 2682 ὲκ
567 2630 676 2684 τῶν
699 2632 992 2702 προφητῶν
1013 2633 1412 2698 ἀνατείλαντες,
1440 2635 1718 2688 τουτέστιν

137 2718 183 2771 oi
212 2719 496 2774 ἀπόστολοι
525 2721 713 2796 ὥσπερ
740 2724 788 2776 οἱ
819 2723 996 2794 βουνοὶ
1021 2725 1086 2778 ὲκ
1112 2726 1220 2778 τῶν
1243 2725 1434 2797 ὀρέων.

204 2811 252 2866 9.
285 2813 347 2865 Τί
382 2813 468 2866 σοί
492 2815 640 2868 ἐστιν
665 2857 679 2882 ,
723 2815 1136 2889 εἰδωλολατρεία
1155 2857 1169 2884 ,
1199 2819 1282 2871 ὅτι
1310 2818 1511 2888 ἔφυγες
1531 2858 1546 2883 ,
1580 2820 1719 2891 ὅπερ

141 2903 351 2957 ἐπὶτῶν
387 2906 685 2977 προφητῶν
716 2908 815 2961 οὑκ
843 2908 1134 2981 ὲποίησας;

205 2995 287 3049 10.
321 2998 433 3051 Καὶ
464 2998 622 3068 ὑμεῖς
641 3041 656 3065 ,
689 2999 759 3053 τά
804 3000 932 3073 ἔθνη
963 3003 1160 3068 πάντα,
1188 3004 1270 3057 ὅτι
1301 3005 1574 3077 ἀπέστητε
1610 3005 1720 3061 ἀπὸ

139 3089 228 3160 τῆς
254 3089 696 3164 είδωλολατρείας
717 3110 732 3158 ;

203 3182 286 3236 11.
305 3184 416 3237 Καὶ
444 3184 620 3254 ὑμεῖς,
645 3186 694 3238 οἱ
717 3187 1014 3259 προφῆται,
1041 3189 1122 3242 ὄτι
1152 3188 1323 3253 οὑτως
1346 3189 1679 3258 ἀγαλλιᾶσθε
1701 3208 1716 3257 ;

203 3275 284 3329 12.
320 3275 554 3347 Ὁμοίως
598 3278 692 3331 καὶ
734 3280 913 3350 ὑμεῖς,
954 3281 1003 3334 οἱ
1027 3283 1090 3334 ἐκ
1118 3283 1226 3334 τῶν
1253 3282 1548 3354 προφητῶν
1579 3283 1718 3337 ἀπό-

142 3363 328 3428 στολοι,
368 3366 422 3418 τί
456 3364 632 3430 οὑτως
654 3368 908 3438 χαίρετε;

206 3456 288 3510 15.
331 3456 501 3529 Ὁμοῦ
545 3459 602 3511 δέ
636 3460 838 3525 πάντες
891 3463 1310 3534 ἀποκρίνονται*
1338 3465 1374 3538 ἡ
1420 3464 1520 3537 μὲν
1564 3466 1716 3520 εἰδω-

140 3545 410 3622 λολατρεία
431 3552 837 3625 ἀποδυρομένη,
857 3554 929 3607 τά
954 3555 1010 3607 δὲ
1041 3555 1190 3627 ἔθνη,
1215 3556 1310 3611 καὶ
1345 3559 1392 3611 oi
1416 3558 1713 3630 προφῆται,

140 3643 224 3695 καὶ
250 3647 296 3696 οἱ
328 3646 620 3700 ἀπόστολοι
652 3649 935 3718 χαίροντες
968 3649 1186 3720 βοῶσιν,
1210 3653 1313 3716 ὅτι,
1339 3653 1598 3723 ὀφθέντος
1620 3654 1714 3708 τοῦ

140 3733 264 3788 Θεοῦ
292 3739 383 3790 ἐπὶ
423 3739 524 3809 τῆς
556 3739 682 3810 γῆς,
713 3740 916 3805 πάντες
958 3743 1326 3815 μετετέθησαν
1360 3747 1441 3809 εἰς
1469 3745 1569 3817 τὴν
1598 3748 1716 3800 ἐπί-

139 3841 327 3894 γνωσιν
357 3831 551 3885 αὑτοῦ.

206 3919 288 3973 14.
316 3921 451 3974 Ἀπὸ
477 3921 578 3992 τῆς
606 3923 908 3993 παρουσίας
929 3925 1023 3978 τοῦ
1051 3923 1187 3978 Θεοῦ
1221 3927 1589 3999 κηρυχθέντος

152 4009 349 4064 Ἰακὼό
375 4011 486 4082 γὰρ
523 4014 888 4084 ἑρμηνεύεται
916 4015 1095 4084 ἀκοή.

206 4102 288 4156 15.
332 4103 440 4156 Τοῦ
504 4106 906 4175 μεταϐαλόντος
962 4107 1037 4178 (4)
1094 4106 1190 4178 τὴν
1235 4107 1440 4178 λιθίνην
1483 4107 1713 4178 καρδίαν

141 4192 240 4246 τῶν
263 4196 430 4250 ἐθνῶν
462 4200 541 4261 είς
564 4199 664 4269 τὴν
689 4199 849 4271 χάριν
870 4218 882 4230 ’
901 4198 1163 4265 Δυνατὸς
1184 4199 1294 4268 γάρ
1315 4200 1485 4253 ἐστιν
1501 4204 1532 4254 ὁ
1549 4201 1712 4266 Θεὸς,

143 4286 308 4352 καθὼς
337 4285 490 4343 εἶπεν
511 4289 816 4362 [’1ωάννης,
844 4293 1052 4363 ἐγεῖραι
1072 4290 1259 4363 τέκνα]
1285 4291 1387 4363 υἱῷ
1405 4308 1418 4322 ·
1440 4293 1714 4361 Ἐγειρον

140 4376 310 4432 τέκνα
335 4379 413 4445 τῷ
446 4380 692 4451 Ἀϐραὰμ
719 4382 789 4436 ἐκ
816 4381 934 4436 τῶν
954 4382 1141 4438 λίθων
1164 4383 1412 4436 τούτων.

205 4470 288 4527 16.
329 4475 440 4526 Καὶ
483 4475 581 4545 τὴν
627 4474 1002 4546 σκληροτάτην
1034 4473 1214 4528 αὑτῶν
1255 4475 1496 4530 διάνοιαν
1532 4476 1614 4540 είς
1643 4474 1713 4528 τὰ

138 4563 439 4635 χαρίσματα
466 4567 651 4621 αὑτοῦ.

204 4656 285 4711 17.
313 4660 425 4730 Οὐχ
450 4661 526 4713 ὅτ’
553 4660 692 4727 ἄξιοί
726 4662 917 4733 ἐσμεν,
941 4661 1100 4714 τοῦτο
1131 4659 1211 4733 (5)
1239 4660 1501 4729 ἐποίησας
1525 4662 1566 4725 ’ἶ

206 4748 288 4804 18.
327 4752 468 4805 Ἀλλ’
498 4753 585 4805 ἵνα
606 4753 835 4826 δοξασθῇ
859 4755 922 4808 τὸ
949 4753 1120 4825 ὄνομά
1147 4769 1261 4818 σου,
1287 4753 1369 4806 ὅτι
1393 4750 1702 4824 φιλάνθρω-

141 4855 233 4904 πος
259 4841 352 4896 καὶ
383 4843 631 4916 ἐλεήμων
663 4841 730 4900 εἷ.

205 4932 286 4987 19.
320 4934 419 4988 Διά
449 4936 510 4988 τὸ
542 4936 688 5000 ἔλεός
719 4953 811 4991 σου
838 4938 932 4991 καὶ
960 4937 1058 5008 τὴν
1085 4936 1344 5008 ἀλήθεάιν
1381 4953 1496 4989 σου.

203 5023 288 5079 20.
317 5026 433 5081 Ἵνα
467 5027 543 5098 μὴ
574 5031 954 5100 καυχήσωνται
980 5031 1036 5083 ai
1063 5029 1300 5084 ἐναντίαι
1329 5029 1588 5100 δυνάμεις
1609 5025 1704 5082 λέ-

138 5130 320 5182 γουσαι
339 5134 352 5146 ·
382 5118 492 5171 Ποῦ
525 5119 672 5172 ἐστιν
698 5122 726 5173 ὁ
751 5120 882 5183 Θεὸς
909 5123 937 5173 ὀ
970 5121 1199 5192 ποιήσας
1232 5118 1432 5183 αὑτούς
1457 5136 1472 5186 ;

204 5249 248 5283 ⁴⁹
276 5252 463 5309 Matth.
491 5269 576 5320 ιιι,
622 5257 677 5312 9.

1888 2090 1940 2142 6.
1981 2087 2238 2142 Iordanis
2281 2089 2672 2160 interpretatur
2700 2094 2754 2146 in
2795 2105 3029 2150 extremo
3057 2110 3075 2149 :
3103 2098 3404 2154 multitudo

1821 2179 1989 2251 igitur
2024 2180 2265 2249 gentium
2302 2183 2531 2238 secessit
2568 2184 2638 2237 ab
2683 2185 3014 2250 idololatria.
3051 2201 3106 2244 et
3149 2193 3299 2246 venit
3332 2193 3401 2246 ad

1820 2273 2103 2343 antiquum
2142 2271 2454 2340 Dominum,
2483 2286 2538 2331 et
2567 2275 2882 2334 Creatorem
2909 2278 3119 2336 Jesum.

1893 2454 1943 2508 7.
1985 2453 2272 2525 Propheta:
2339 2455 2620 2510 exsultant
2695 2456 2860 2512 etiam
2915 2457 2972 2511 in
3037 2459 3401 2516 conversione

1820 2547 2060 2616 gentium
2082 2562 2095 2598 :

1890 2637 1943 2694 8.
1984 2638 2052 2693 Et
2084 2639 2177 2709 qui
2205 2655 2271 2693 ex
2315 2639 2594 2709 pr0phetis
2640 2638 2746 2694 orti
2797 2646 2947 2706 sunt,
3001 2641 3108 2696 hoc
3136 2649 3222 2695 est
3267 2656 3403 2710 apo-

1821 2729 1943 2784 stoli
1978 2731 2120 2784 sicut
2152 2729 2322 2783 colles
2359 2743 2428 2783 ex
2459 2729 2760 2784 montibus.

1892 2821 1947 2874 9.
1988 2820 2127 2886 Quid
2179 2829 2263 2876 est
2303 2821 2422 2885 tibi,
2453 2820 2778 2888 idololatria,
2817 2820 2962 2890 quod
3008 2819 3217 2892 fugisti,
3254 2822 3403 2893 quod

1821 2913 1924 2970 sul)
1951 2912 2230 2983 prophetis
2261 2928 2372 2968 non
2418 2912 2594 2968 fecisti
2618 2913 2641 2967 ?

1893 3003 1980 3057 10.
2024 3003 2090 3058 Et
2120 3020 2241 3072 vos,
2285 3013 2470 3076 gentes
2505 3021 2718 3071 omnes,
2766 3005 2911 3076 quod
2949 3005 3296 3064 abseessistis
3333 3009 3405 3063 ab

1820 3096 2126 3152 idololatria
2152 3097 2174 3150 ?

1895 3188 1984 3242 11.
2029 3187 2096 3242 Et
2124 3204 2245 3250 vos,
2270 3189 2569 3259 prophetae,
2605 3190 2750 3260 quod
2783 3191 2918 3246 adeo
2948 3192 3300 3247 exsultastis?

1896 3281 1983 3334 12.
2024 3280 2287 3336 Similiter
2331 3283 2494 3337 etiam
2541 3298 2658 3348 vos,
2694 3284 2789 3353 qui
2833 3299 2899 3338 ex
2948 3284 3230 3354 prophetis
3270 3284 3404 3339 estis

1744 3371 1790 3433 C
1822 3372 2078 3442 apostoli,
2109 3389 2207 3428 cur
2237 3373 2309 3427 ita
2353 3374 2644 3442 gaudetis?

1889 3465 1977 3518 15.
2023 3463 2198 3519 Simul
2246 3480 2438 3520 omnes
2491 3465 2869 3534 respondent:
2925 3466 3231 3521 idololatria
3277 3467 3402 3536 qui-

1817 3555 1940 3610 dem
1992 3556 2334 3620 lamentans,
2393 3565 2582 3626 gentes
2639 3567 2845 3619 autem,
2895 3565 2949 3611 et
3003 3557 3300 3627 prophetae,
3351 3566 3405 3611 et

1816 3647 2052 3716 apostoli
2101 3647 2400 3717 gaudentes
2459 3647 2722 3713 clamant,
2780 3647 3065 3716 quoniam,
3107 3655 3405 3716 apparente

1817 3739 1930 3794 Deo
1981 3741 2036 3794 in
2074 3747 2238 3803 terra,
2275 3755 2466 3794 omnes
2514 3739 2763 3793 translati
2797 3747 2925 3794 sunt
2969 3740 3024 3793 in
3059 3739 3180 3808 ejus
3214 3737 3404 3807 cogni-

1816 3832 2040 3884 tionem.

1891 3920 1978 3972 M.
2014 3919 2096 3973 Ab
2126 3919 2359 3973 adventu
2392 3917 2508 3986 Dei,
2543 3918 2638 3988 qui
2675 3919 3031 3973 annuntiatus
3061 3927 3186 3972 est:
3229 3916 3399 3971 Iacob

1817 4012 1963 4065 enim
2007 4011 2401 4080 interpretatur
2431 4011 2658 4065 auditio.

1815 4127 1830 4173 ς
1890 4103 1978 4156 15.
2027 4101 2131 4169 Qui
2183 4111 2517 4158 transmutat
2578 4101 2794 4174 lapidea
2839 4103 3082 4173 gentium
3127 4103 3293 4158 corda
3343 4103 3400 4157 in

1817 4197 2048 4266 gratiam
2084 4214 2096 4246 :
2132 4195 2396 4260 Quoniam
2427 4204 2609 4264 potens
2642 4205 2719 4249 est
2745 4194 2908 4261 Deus,
2941 4194 3401 4264 quemadmodum

1816 4289 1952 4342 dixit
1976 4286 2214 4343 Joannes
2239 4329 2254 4356 ,
2298 4289 2558 4342 suscitare
2603 4287 2746 4358 ﬁlios
2787 4288 3057 4342 Abraham
3102 4290 3164 4342 de
3202 4289 3401 4357 lapidi-

1818 4382 1913 4434 bus
1947 4380 2066 4433 istis
2106 4379 2174 4434 "’.

1890 4470 1977 4524 16.
2022 4469 2088 4525 Ει
2115 4471 2470 4529 durissimam
2489 4471 2707 4527 illarum
2736 4478 2974 4527 mentem
3001 4471 3058 4526 in
3086 4471 3207 4542 ejus
3231 4471 3396 4526 dona.

1888 4651 1976 4707 17,
2017 4649 2137 4705 Non
2171 4651 2299 4721 quia
2331 4667 2431 4705 nos
2463 4651 2613 4722 digiti
2645 4652 2840 4716 simus,
2867 4651 2973 4706 hoc
3001 4649 3180 4706 fecisti
3215 4666 3230 4701 :

1888 4744 1976 4798 18.
2020 4742 2126 4798 Sed
2165 4751 2228 4798 ut
2275 4742 2607 4813 gloriﬁcetur
2651 4759 2849 4798 nomen
2903 4751 3081 4808 tuum,
3138 4743 3399 4814 quoniam

1809 4837 2078 4906 benignus
2109 4843 2164 4890 et
2198 4835 2519 4890 misericors
2569 4851 2649 4891 es.

1879 4929 1966 4984 19.
1989 4927 2217 4999 Propter
2237 4927 2664 4983 misericordiam
2686 4937 2834 4984 tuam
2851 4938 2904 4985 et
2923 4930 3200 4986 veritatem
3229 4937 3399 4984 tuam.

1877 5022 1968 5077 20.
2009 5019 2089 5074 Ne
2132 5021 2436 5091 glorientur
2489 5021 2816 5076 adversariae
2862 5032 3161 5092 potestates
3209 5022 3400 5078 dicen-

1808 5125 1931 5171 tes:
1965 5113 2059 5168 ubi
2090 5122 2173 5168 est
2198 5113 2342 5168 Deus
2372 5113 2467 5182 qui
2505 5112 2634 5169 fecit
2659 5114 2792 5170 eos?

1082 5350 1385 5412 Addenda
1423 5357 1482 5410 et
1513 5343 1893 5425 corrigenda
1936 5359 2015 5404 ex
2052 5342 2191 5403 cod.
2228 5343 2434 5404 Vatic.

143 5485 599 5614 θέρωῖορδάνης
643 5490 1003 5561 ἑρμηνεύεται
1050 5495 1120 5567 γῆ
1168 5496 1392 5568 ἐσχάτη.
1449 5499 1521 5552 Τὸ
1569 5494 1707 5566 πλῆ-

206 5624 286 5766 ἓὲς
322 5627 702 5706 Ἀγαλλιῶνται
731 5631 822 5682 ἐπὶ
849 5634 935 5704 τῇ,
962 5640 1067 5690 etC.

231 5695 264 5748 3
314 5695 418 5751 Του
448 5699 831 5766 κηρυχθέντος.

231 5695 286 5766 3)
314 5695 418 5751 Τοῦ
448 5699 831 5771 κηρυχθέντος.

1891 5486 1966 5571 εξ)
1999 5487 2477 5571 Μεταϐάλλοντος,
2513 5498 2642 5571 etc”
2677 5489 2776 5571 τῂν
2813 5488 2972 5571 χάριν
3025 5485 3192 5571 αὐτοῦ
3213 5529 3227 5553 ,
3257 5497 3396 5571 ἀοι,

1813 5553 1992 5618 καθὼς
2024 5553 2175 5609 εἶπεν
2213 5559 2497 5627 Ἰωάννηςο
2539 5553 2633 5613 Ἐκ
2671 5553 2778 5613 τῶν
2813 5553 2980 5614 λίθων
3013 5557 3220 5612 τούτων
3254 5560 3398 5626 ἐγεῖ-

1812 5627 2100 5701 ραι-τέρενα
2125 5627 2204 5701 τῷ
2237 5628 2508 5701 Ἀδραάμ.

1883 5697 1960 5768 (5)
1991 5697 2210 5768 Ἐσμὲν,
2250 5697 2422 5770 Κύριε
2441 5697 2462 5729 ’⁷
2483 5701 2582 5768 οὐχ
2602 5701 2682 5755 ὅτι
2707 5700 2849 5767 ἄξιοί
2875 5698 3263 5771 δσμιν,τοῦτο,
3287 5708 3393 5754 etc.
