3874 6222
410 309 549 366 “59
1257 301 1314 358 S.
1354 296 1728 353 ATHANASII
1767 296 1920 352 OPP.
1962 293 2141 350 PARS
2179 291 2267 347 ΙΙΙ.
2310 323 2379 333 -
2410 288 2824 346 EXEGETICA.
3556 281 3708 340 1160

481 427 572 480 21.
618 423 760 478 Deus
789 429 970 476 autem
1015 426 1200 474 noster
1227 417 1282 470 in
1325 417 1465 471 coelo
1497 423 1553 469 et
1591 416 1642 468 in
1679 423 1844 477 terra,

2158 410 2248 463 21.
2294 411 2350 462 'O
2377 408 2432 461 δὲ
2456 407 2589 470 Θεὸς
2621 405 2777 476 ἡμῶν
2804 407 2860 456 ἐν
2890 402 2969 473 τῷ
2988 401 3201 474 ούρανῷ
3232 403 3327 457 καὶ
3351 405 3408 455 ἐν
3438 406 3503 473 τῇ
3533 405 3634 475 τῇ,

483 517 575 570 22.
618 513 815 569 Omnia
844 524 1186 583 quaacunque
1220 508 1393 561 voluit
1417 507 1563 561 fecit.

2162 503 2254 555 22.
2291 501 2480 553 Πάντα
2509 501 2610 552 ὅσα
2641 498 2902 567 ἠθέλησεν
2933 497 3176 566 ἐποίησε.

483 609 575 663 25.
617 606 922 664 Simulaera
950 604 1194 674 gentium
1224 608 1512 670 argentum
1553 606 1608 654 et
1642 611 1859 662 aurum,

2165 593 2254 647 25.
2287 591 2366 644 Τὰ
2389 589 2582 643 εἴδωλα
2605 589 2712 642 τῶν
2740 587 2910 639 ἐθνῶν
2940 587 3201 658 ἀργύριον
3241 586 3335 639 καὶ
3369 586 3616 658 χρυσίον,

484 703 575 757 24.
619 700 796 770 Opera
826 712 1088 752 manuum
1124 694 1433 748 hominum.

2165 685 2256 738 24.
2288 685 2465 754 Ἔργα
2498 681 2696 752 χειρῶν
2725 679 3050 750 ἀνθρώπων.

484 795 575 849 25.
617 791 691 847 Os
726 791 945 853 habent,
988 798 1040 841 et
1071 801 1182 840 non
1215 786 1514 854 loquentur
1543 800 1556 835 :

2165 777 2260 832 25,
2294 778 2478 846 Στόμα
2511 775 2712 845 ἔχουσι,
2749 773 2842 828 καὶ
2871 774 2929 826 ού
2963 773 3286 844 λαλήσουσιν
3309 790 3322 802 ·

491 886 584 940 26.
627 885 827 939 Oculos
860 883 1081 944 habent,
1110 888 1166 934 et
1194 894 1302 932 non
1333 876 1620 930 videbunt.

2168 871 2258 924 26.
2297 867 2638 938 Ὁφθαλμοὺς
2675 865 2879 936 ἔχουσι,
2913 866 3010 918 καὶ
3037 867 3136 918 οὑκ
3161 865 3404 934 ὄψονται.

481 979 573 1030 27.
617 977 792 1030 Aures
820 975 1047 1037 habent,
1080 981 1135 1026 et
1163 985 1269 1025 non
1305 968 1530 1022 audient
1558 984 1572 1019 :

2169 964 2258 1017 27.
2286 959 2424 1013 Ὦτα
2453 960 2655 1030 ἔχουσι,
2685 958 2779 1011 καὶ
2808 957 2909 1010 οὑκ
2937 955 3262 1009 ἀκούσονται
3283 971 3295 983 ·

482 1069 573 1122 28.
614 1066 785 1121 Nares
812 1067 1034 1130 habent,
1067 1072 1119 1118 et
1143 1077 1252 1116 non
1286 1058 1616 1114 odorabunt.

2170 1056 2258 1108 28.
2295 1055 2476 1115 Ῥῖνας
2510 1051 2711 1121 ἔχουσι,
2743 1049 2837 1103 κα).
2871 1049 2974 1101 οὑκ
3004 1047 3497 1118 ὀσφρανθήσονται.

403 1190 407 1194 -
485 1161 576 1214 29.
616 1158 808 1213 Manus
844 1158 1064 1221 habent,
1111 1164 1164 1209 et
1193 1169 1301 1208 non
1330 1151 1671 1222 palpabunt:

2173 1149 2259 1202 29.
2295 1149 2498 1218 Χεῖρας
2521 1145 2722 1215 ἔχουσι,
2754 1144 2847 1195 καὶ
2873 1142 2934 1194 ού
2961 1140 3372 1211 ψηλαφήσουσι·

494 1254 582 1309 50.
619 1253 791 1306 Pedes
818 1251 1036 1329 habent,
1067 1256 1120 1303 et
1150 1263 1261 1302 non
1289 1244 1654 1301 ambulabunt
1679 1259 1692 1294 :

2173 1241 2261 1295 ⁸50.
2296 1239 2469 1302 Πόδας
2496 1237 2702 1308 ἔχουσι,
2728 1235 2823 1288 κα)¹
2849 1235 2910 1286 οὑ
2943 1236 3437 1304 περιπατήσουσιν·

488 1347 578 1400 51.
610 1343 724 1398 Non
757 1323 1073 1397 clamabunt
1106 1339 1160 1392 in
1199 1346 1422 1408 gutture
1454 1350 1576 1390 suo.

2175 1333 2262 1385 51.
2292 1333 2366 1384 Οὑ
2397 1331 2736 1400 φωνήσουσιν
2767 1329 2824 1380 ἐν
2850 1325 2928 1396 τῷ
2957 1325 3193 1397 λάρυγγι
3226 1323 3427 1376 αὑτῶν.

488 1438 577 1491 52.
615 1435 832 1491 Similes
865 1433 972 1487 illis
1006 1432 1136 1486 ﬁant
1162 1429 1372 1501 [Neque
1399 1427 1542 1480 enim
1571 1432 1655 1479 est
1685 1421 1910 1491 spiritus
1944 1419 2002 1472 in

2175 1426 2264 1479 52.
2318 1424 2535 1493 Ὅμοιοι
2596 1422 2778 1482 αὐτοῖς
2833 1417 3076 1486 γένοιντο
3147 1415 3316 1486 [Οὐδὲ
3386 1413 3499 1484 γάρ
3551 1414 3701 1464 ἐστιν

421 1547 515 1585 ore
542 1531 786 1598 ipsorum
814 1547 828 1582 :
860 1525 1066 1582 similes
1098 1523 1317 1576 illorum
1350 1517 1503 1588 liant]
1540 1517 1634 1586 qui
1665 1513 1877 1568 faciunt
1917 1526 1945 1564 e

2171 1518 2325 1589 νεῦμα
2363 1517 2418 1568 ἐν
2446 1515 2524 1585 τῷ
2559 1513 2786 1584 στόματι
2825 1509 3007 1564 αὑτῶν
3026 1525 3039 1537 ·
3077 1509 3254 1579 ὅμοιοι
3282 1506 3466 1560 αὑτῶν
3495 1505 3701 1574 γένων-

2107 1609 2225 1681 ται]
2261 1611 2310 1662 οἱ
2342 1607 2621 1669 ποιοῦντες
2655 1605 2824 1668 αὐτὰ,

495 1729 584 1782 55.
616 1725 681 1782 Et
703 1739 900 1780 omnes
939 1721 1033 1791 qui
1059 1717 1340 1775 conﬁdunt
1379 1715 1433 1768 in
1468 1712 1566 1766 eis.

2117 1699 2120 1704 ’
2175 1703 2268 1756 55.
2307 1701 2416 1754 Καὶ
2451 1700 2652 1760 πάντες
2679 1698 2728 1749 οἱ
2759 1692 3077 1755 πεποιθότες
3102 1693 3191 1744 ἐπ’
3222 1691 3427 1752 αὐτοῖς.

495 1822 582 1876 54.
617 1820 821 1873 Domus
853 1814 1018 1870 Israel
1058 1809 1298 1881 speravit
1325 1808 1379 1861 in
1408 1805 1642 1859 Domino
1669 1821 1682 1856 :

2036 1813 2080 1866 Β
2176 1793 2264 1847 54.
2302 1788 2462 1854 Οἶκος
2512 1787 2731 1859 Ἰσραὴλ
2759 1786 2989 1857 ἤλπισεν
3019 1783 3114 1838 ἐπὶ
3138 1779 3343 1850 Κύριον
3363 1795 3376 1807 ·

495 1916 587 1970 55.
620 1912 850 1982 Adjutor
883 1918 939 1963 et
973 1873 1249 1976 protector
1279 1913 1471 1956 eorum
1501 1903 1603 1952 est.

2182 1885 2268 1938 55.
2295 1883 2496 1954 Βοηθὸς
2529 1882 2622 1934 καὶ
2645 1874 3059 1950 ὑπερασπιστὴς
3087 1873 3268 1929 αὑτῶν
3295 1875 3459 1926 ἐστιν.

1557 2067 1934 2127 ATHANASII
1975 2059 2567 2121 ιΜΕιιΡΒΕΤΑΤιΟ.

499 2249 688 2306 21-25.
728 2244 969 2300 Avaritia
1002 2240 1146 2296 enim
1177 2235 1451 2310 gentiliter
1501 2229 1799 2285 viventium
1831 2225 2007 2280 idolo-

2181 2219 2368 2274 21-25.
2403 2219 2480 2289 (1)
2523 2218 2589 2270 Ἠ
2622 2215 2730 2288 γὰρ
2779 2213 3115 2286 φιλαργυρία
3143 2212 3252 2266 τῶν
3286 2211 3521 2275 ἐθνικῶς
3548 2209 3703 2275 ζών-

429 2343 586 2398 latria
633 2348 736 2406 est,
767 2299 1227 2408 quemadmodum
1269 2327 1407 2383 dixit
1440 2322 1736 2394 Apostolus
1773 2319 1840 2370 ⁸ο.
1875 2316 1956 2382 Qu

2175 2327 2223 2362 ›ν
2248 2306 2658 2378 εἰδωλολατρεία
2691 2305 2835 2370 ἐστὶ,
2867 2304 3051 2368 καθὼς
3093 2299 3246 2357 εἶπεν
3277 2305 3304 2355 ὁ
3354 2302 3705 2363 Ἀπόστολος.

429 2443 612 2489 autem
639 2394 942 2485 dicta-sunt
972 2423 1040 2478 de
1060 2420 1221 2475 idolis
1251 2413 1541 2473 manifesta
1574 2409 1830 2465 omnibus
1855 2422 1956 2462 sun

2175 2400 2274 2454 ἰδὲ
2307 2398 2568 2470 εἰρημένα
2600 2397 2727 2466 περ).
2766 2395 2876 2449 τῶν
2906 2394 3139 2450 εἰδώλων
3174 2394 3311 2465 δῆλα
3343 2394 3510 2447 πᾶσίν
3537 2397 3705 2456 εἰσιν,

430 2485 577 2596 quod
621 2523 856 2577 formam
896 2516 1118 2587 quidem
1167 2512 1391 2574 habent,
1441 2505 1592 2562 nulla
1641 2513 1822 2556 autem
1866 2501 1960 2553 ine.

2180 2511 2193 2543 ι
2238 2491 2560 2562 χαρακτῆρα
2612 2489 2708 2559 μὲν
2754 2487 3002 2557 ἔχουσιν,
3053 2487 3307 2559 ἐνέργεια
3351 2485 3408 2538 δὲ
3459 2485 3710 2556 μηδεμία

434 2575 577 2596 ηι-νκ
622 2575 666 2577 η
913 2575 930 2587 .

431 2615 675 2688 Operatio
704 2613 759 2666 in
790 2607 1075 2671 membris,
1108 2617 1162 2659 et
1192 2619 1278 2665 ea,
1308 2616 1431 2671 qua
1466 2598 1723 2653 dicuntur
1753 2594 1806 2648 in
1838 2606 1961 2662 appc

2175 2584 2348 2654 εάρχει
2382 2582 2439 2632 ἐν
2470 2583 2585 2642 τοῖς
2617 2577 2930 2649 λεγομένοις
2967 2577 3183 2647 μέλεσιν
3217 2577 3316 2646 (2),
3352 2576 3445 2629 καὶ
3498 2577 3531 2644 ἡ
3560 2575 3705 2628 ἀπό-

432 2664 872 2777 ξῆξιξέξιιὲίὸειε
896 2700 965 2754 iis
993 2664 1084 2768 qui
1121 2696 1210 2750 illa
1240 2664 1469 2755 faciunt,
1505 2688 1587 2743 vel
1611 2688 1664 2741 in
1701 2685 1808 2739 illis
1837 2682 1962 2738 cont

2180 2689 2277 2734 ισις
2309 2670 2365 2722 δέ
2404 2671 2437 2740 ἡ
2471 2669 2738 2740 εἰρημένη
2779 2670 2837 2721 ἐν
2864 2667 2941 2738 τῷ
2970 2667 3317 2739 προκειμένῳ

433 2801 590 2864 dunt,
615 2795 903 2852 verissima
933 2799 1095 2854 sunt;
1125 2787 1215 2843 sed
1250 2781 1577 2840 conveniens
1605 2778 1756 2843 duxi,
1778 2777 1963 2831 descer

2180 2782 2220 2816 w
2255 2762 2556 2816 ποιούντων
2600 2760 2736 2814 αὐτὰ
2757 2799 2772 2824 ,
2816 2761 3065 2832 καὶπερὶ
3105 2759 3214 2813 τῶν
3245 2759 3581 2812 πεποιθότων
3619 2759 3710 2810 ἐπ’

434 2851 668 2948 dere'ad
707 2884 1044 2957 allegoriam,
1080 2851 1140 2936 et
1188 2876 1417 2948 singulis
1457 2872 1707 2927 versibus
1739 2868 1964 2938 subjicel

2181 2857 2302 2918 τοῖς
2334 2854 2532 2924 ἀληθὲς
2565 2853 2799 2922 ὑπάρχει
2820 2869 2834 2882 ’
2868 2851 3004 2905 ἀλλὰ
3035 2852 3240 2906 δίκαιον
3271 2851 3568 2922 ἡγησάμην
3611 2853 3711 2904 καὶ

433 2975 712 3048 propriam
741 2972 1066 3029 sententiam
1095 2982 1290 3024 sensus
1322 2962 1620 3034 allegorici.

2179 2947 2214 3001 :l.
2252 2948 2352 3019 τὴν
2394 2945 2722 3017 ἀλληγορίαν
2763 2945 2957 3009 ἐλθεῖν,
2985 2946 3099 3013 ξκαὶ
3143 2945 3406 3014 ὑποθῆναι
3451 2944 3709 3007 ἑκάστοις

2118 3041 2322 3110 στίχοις
2358 3040 2433 3109 (5)
2467 3039 2526 3091 τὸ
2557 3037 2686 3090 ἴδιον
2721 3037 2899 3107 νόημα
2928 3038 3028 3106 τῆς
3059 3037 3314 3107 θεωρίας.

501 3154 592 3210 24.
623 3153 774 3224 Opus
812 3145 1379 3219 concupiscentiarum
1426 3140 1710 3196 hominum
1759 3143 1844 3191 est
1882 3147 2012 3188 ava-

2184 3133 2462 3202 2-l.'Epya
2477 3129 2778 3199 ἐπιθυμιῶν
2803 3129 3104 3199 ἀνθρώπων
3122 3130 3310 3199 ἐστὶνὴ
3337 3127 3704 3199 φιλαργυρία.

433 3245 582 3300 ritia.

498 3335 594 3390 25.
633 3333 857 3388 Nullum
904 3331 1048 3386 enim
1102 3328 1309 3383 bonum
1364 3330 1655 3394 loquentur
1711 3327 2011 3391 gauoentes

2185 3314 2283 3369 25.
2316 3312 2481 3366 Οὑδέν
2508 3312 2615 3383 γὰρ
2648 3309 2850 3379 ἀγαθὸν
2884 3309 3208 3379 λαλήσουσιν
3244 3306 3319 3378 (4)
3347 3309 3395 3360 οἱ
3423 3309 3536 3371 τοῖς
3567 3308 3712 3378 χρή-

435 3425 707 3498 pecuniis.
1224 3429 1233 3438 ‘

1224 3429 1233 3438 ·
2118 3423 2252 3477 μασι
2280 3406 2585 3475 χαίροντες.

507 3519 598 3573 26.
630 3517 915 3586 Tanquam
941 3528 1050 3567 non
1077 3509 1338 3565 habentes
1367 3504 1559 3562 oculos
1585 3505 1652 3560 ad
1678 3519 1868 3559 eorum
1899 3517 2014 3574 per-

2187 3498 2277 3554 26.
2325 3498 2414 3560 Ὡς
2460 3496 2533 3567 μὴ
2563 3494 2777 3565 ἔχοντες
2813 3493 2920 3565 γὰρ
2958 3493 3271 3564 ὀφθαλμοὺς
3313 3492 3458 3548 κατὰ
3486 3495 3554 3563 τῇ
3580 3494 3714 3546 ἐαυ-

437 3609 698 3664 ditionem
722 3603 1159 3676 progredientur.

2118 3590 2224 3644 τῶν
2253 3588 2500 3657 ἀπωλείᾳ.
2531 3586 2607 3657 (5)
2645 3586 3024 3657 πορεύσονται.

503 3701 590 3756 27.
622 3674 742 3754 Non
766 3674 910 3752 enim
936 3692 1323 3750 auscultabunt
1347 3687 1632 3760 praeceptis
1660 3687 1778 3742 Dei.

2185 3682 2274 3736 27.
2311 3681 2385 3733 υὺ
2421 3679 2528 3750 γὰρ
2561 3679 2911 3731 ὑπακούσωσι
2957 3679 3071 3740 τοῖς
3129 3676 3223 3730 τοῦ
3265 3674 3401 3730 Θεοῦ
3459 3677 3711 3747 προστά-

2119 3790 2343 3844 γμασιν.

506 3877 594 3933 28.
633 3877 754 3930 Non
788 3874 932 3929 enim
967 3871 1290 3941 beneplaciti
1337 3869 1429 3924 Dei
1479 3872 1773 3939 participes
1825 3877 2014 3922 erunt.

2187 3866 2276 3918 28.
2309 3865 2382 3916 Of:
2427 3862 2536 3934 γὰρ
2563 3861 2660 3932 τῆς
2686 3860 2932 3921 εὐδοκίας
2959 3856 3052 3910 τοῦ
3077 3856 3210 3911 Θεοῦ
3256 3856 3330 3926 (6)
3361 3857 3705 3927 μετέχουσιν.

509 3969 600 4023 29.
625 3967 741 4022 Non
765 3967 912 4021 enim
942 3962 1617 4034 exquisiveruntiuvenire
1633 3971 1844 4031 portam
1869 3963 2013 4026 vitae,

2187 3957 2277 4010 29.
2303 3955 2376 4007 oo
2400 3953 2509 4024 γὰρ
2533 3952 2864 4023 ἐξεζήτησαν
2885 3951 3065 4021 εὑρεῖν
3099 3949 3196 4022 τὴν
3221 3949 3386 4022 θύραν
3405 3949 3508 4019 τῆς
3533 3949 3705 4018 ζωῆς,

440 4063 547 4117 hoc
580 4070 665 4115 est
698 4059 1012 4114 Dominum.

2117 4045 2366 4100 τουτέστι
2398 4046 2490 4098 τὸν
2521 4043 2726 4114 Κύριον
2763 4042 2865 4112 (7).

511 4151 600 4208 50.
643 4150 1102 4206 Claudicaverunt
1157 4148 1342 4214 enim,
1402 4159 1689 4216 perversas
1728 4153 2016 4200 seouentes

2187 4141 2276 4193 50.
2318 4136 2630 4209 Ἐχώλαναν
2679 4135 2787 4207 γὰρ
2831 4132 3268 4205 διεστραμμένας
3307 4131 3460 4196 ὁδοὺς
3505 4148 3707 4203 πορευο

439 4241 561 4295 vias
592 4241 645 4293 in
671 4239 976 4292 actionibus
1003 4237 1138 4292 suis.

2120 4229 2304 4291 θέντες
2330 4233 2385 4282 ἐν
2412 4231 2529 4292 ταῖς
2562 4227 2825 4299 πράξεσιν
2857 4225 3053 4279 αὐτῶν.

513 4333 601 4386 51.
639 4329 758 4384 Νοη
798 4331 1131 4384 invocabunt
1159 4327 1476 4382 Dominum.

2189 4321 2275 4373 5|.
2315 4321 2388 4371 υὺ
2423 4319 2498 4391 μὴ
2525 4317 2941 4371 ἐπικαλέσονται
2966 4316 3056 4369 τὸν
3090 4314 3313 4387 Κύριον.

518 4423 606 4478 52.
643 4422 907 4477 Peribunt
928 4438 1035 4476 non
1072 4436 1232 4477 secus
1259 4437 1323 4475 ac
1357 4422 1621 4491 pecuniae,
1648 4421 1740 4490 qui
1774 4436 1866 4475 eas
1895 4420 2011 4474 the-

2189 4414 2276 4466 52.
2311 4415 2565 4466 Ἔσονται
2611 4411 2782 4475 οὕτως
2813 4410 3174 4481 ἀπολλύμενοι
3220 4410 3296 4472 ὼς
3342 4407 3410 4462 τὰ
3441 4408 3703 4478 χρήματα

445 4516 744 4571 saurizant.
1441 4517 1453 4528 '

1441 4517 1453 4528 '
2119 4507 2166 4557 oi
2202 4503 2620 4575 θησαυρίζοντες
2649 4502 2807 4556 αὑτά.

513 4608 602 4662 55.
633 4607 701 4660 Ει
734 4622 924 4662 omnes
954 4606 1008 4660 in
1049 4607 1296 4676 pecuniis
1330 4616 1626 4676 sperantes.

2190 4563 2276 4651 55'.
2313 4563 2423 4650 Καὶ
2453 4563 2652 4658 πάντες
2681 4597 2728 4647 ot
2761 4593 3069 4657 ἐλπίζοντες
3101 4592 3192 4645 ἐπὶ
3219 4593 3329 4654 τοῖς
3359 4590 3629 4660 χρήμασι.
3655 4563 3665 4576 ⁸

513 4698 604 4755 54.
635 4698 811 4753 Mente
836 4707 1015 4752 autem
1043 4697 1212 4752 Deum
1243 4697 1489 4753 videntes
1519 4705 1872 4767 speraverunt
1904 4709 2013 4749 non

2189 4689 2278 4744 54.
2301 4689 2378 4761 (8)
2411 4691 2473 4741 Οἱ
2501 4688 2556 4741 δέ
2596 4691 2661 4758 τῇ
2691 4686 2899 4754 διανοίᾳ
2932 4683 3065 4736 Θεὸν
3087 4681 3317 4753 ὁρῶντες
3341 4681 3582 4750 ἤλπισαν
3605 4682 3701 4735 οὐκ

446 4789 500 4843 in
530 4789 796 4858 pecuniis,
831 4789 923 4844 sed
958 4789 1011 4841 in
1042 4787 1293 4843 Domino.

2121 4780 2212 4833 ἐπὶ
2247 4781 2519 4851 χρήμασιν
2541 4818 2554 4841 ,
2587 4777 2698 4831 ἀλλ’
2730 4776 2820 4828 ἐπὶ
2852 4774 3071 4844 Κύριον.

515 4883 606 4938 55.
639 4881 707 4936 Et
746 4882 868 4937 ideo
905 4880 1179 4937 confortat
1207 4897 1324 4944 eos,
1357 4881 1661 4951 iisdemque
1692 4877 1974 4950 prospicit.

2194 4872 2282 4926 55.
2322 4872 2433 4925 Καὶ
2461 4872 2536 4941 (9)
2567 4871 2655 4924 διὰ
2703 4867 2860 4921 τοῦτο
2904 4865 3140 4936 ἐνισχύει
3173 4862 3368 4926 αὐτοὺς
3391 4901 3406 4928 ,
3437 4878 3534 4915 και
3569 4861 3700 4932 πρό-

2048 4980 2099 5039 D
2124 4982 2270 5018 νοιαν
2299 4963 2478 5017 αὐτῶν
2511 4965 2764 5016 ποιεῖται.

517 5080 565 5114 ⁸⁸
591 5079 804 5164 Coloss.
842 5095 925 5145 Ill,
962 5081 1014 5135 5.

1393 5195 1698 5258 Addenda
1729 5202 1789 5258 et
1826 5195 2202 5275 corrigenda
2239 5214 2319 5257 ex
2346 5195 2486 5257 cod.
2528 5194 2732 5256 Vatic.

517 5358 596 5439 (
626 5357 676 5412 Ν
710 5357 924 5439 21ζ22.
953 5355 1097 5439 ’.0.δὲ
1123 5354 1254 5439 ρεὺς
1285 5355 1441 5439 ἡμῶν
1488 5357 1580 5439 καὶ
1620 5357 1725 5437 πρὸ
1748 5357 1849 5439 τῆς
1879 5372 2019 5439 παρ-
2305 5355 2668 5439 ]’ᾖςῇἐαυτῶν
2689 5353 2974 5439 απωλείας.

445 5423 636 5492 ουσίας
667 5429 849 5490 αὑτοῦ,
895 5430 986 5480 καὶ
1016 5428 1162 5498 ἐν-τῇ
1197 5423 1469 5497 παρουσία
1499 5423 1887 5491 αὐτοῦ’πάντα,
1916 5423 2016 5479 ὅσα
2197 5423 2273 5498 (6)
2305 5423 2543 5490 Εὑωδίας
2577 5426 2670 5479 τοῦ
2702 5423 2964 5495 Χριστοῦ.

447 5499 1015 5579 ἠθέλησεν-ἐποίησεν.
1047 5495 1120 5549 Ν.
1140 5495 1231 5550 ⁷25.
1275 5499 1339 5550 Ἦ
1367 5495 1476 5568 γὰρ
1505 5498 1873 5569 φιλαργυρία,
1906 5505 2012 5553 etc.
2301 5497 2561 5579 δρισξὸν.

519 5564 850 5648 (among
881 5564 1074 5648 αὑτῷν..
1294 5637 1305 5648 ι
1518 5564 1528 5567 ⁷
1642 5564 1694 5569 ⁷⁷
1749 5564 1760 5568 ‘
2199 5564 2274 5648 (ξ)
2301 5564 2491 5648 131.35,
2520 5567 2606 5648 δι’.
2642 5565 2704 5646 ot
2737 5564 2793 5617 δέ
2822 5571 2928 5618 etc.

518 5640 596 5708 (5)
627 5638 944 5759 Παραθῆναι
977 5638 1188 5708 ἑκάστῳ
1223 5637 1404 5708 στίχῳ.

517 5707 596 5777 (4)
631 5710 712 5762 Λα
746 5723 914 5762 ουσιν.

1269 5637 1404 5708 είχῳ.
2201 5637 2274 5709 (9)
2309 5640 2414 5693 Καὶ
2448 5653 2556 5692 non
2586 5637 2799 5706 legitur.

678 5724 914 5762 αΑουσιν.
1812 5733 1816 5740 ι
1831 5737 1842 5741 -
1853 5733 1864 5742 ο
