3874 6222
239 339 375 394 1165

306 458 393 513 14.
427 458 550 511 Ὅτι
587 456 789 528 Κύριος
816 457 1151 527 εὐηργέτησέ
1180 473 1260 510 σε.

304 551 393 604 15.
420 551 541 603 Ὀτι
569 548 801 614 ἐξείλετο
830 547 1101 620 [ἐξήλατο]
1137 548 1236 617 τὴν
1267 547 1446 617 ψυχήν
1483 565 1583 618 μου
1618 548 1683 601 ὲκ
1714 547 1813 601 θα-

231 643 397 696 νάτου
420 659 434 674 ο

307 734 395 786 16.
437 733 577 795 Τοὺς
611 730 920 801 ὀφθαλμούς
950 750 1051 802 μου
1076 732 1182 785 ἀπὸ
1206 732 1457 804 δακρύων
1478 749 1491 763 ⁶

305 825 394 877 17.
436 825 546 876 Καὶ
573 825 699 887 τοὺς
731 823 899 885 πόδας
931 840 1032 893 μου
1066 824 1174 876 ἀπὸ
1198 825 1585 895 ὀλισθήματος.

305 914 391 968 18.
433 914 793 985 Εὑαρεστήσω
820 911 1048 965 ἐνώπιον
1068 914 1275 985 Κυρίου
1306 916 1365 967 ἐν
1394 913 1548 986 χώρᾳ
1572 914 1789 979 ζώντων

658 1004 1035 1070 mundanam.
1076 1007 1253 1059 ΨΛΛ.
1282 1008 1444 1060 PIE'.

305 1096 358 1149 1.
384 1096 729 1161 Ἐπίστευσα,
764 1095 844 1147 διὸ
877 1095 1146 1167 ἐλάλησαο

305 1186 359 1239 2.
387 1187 528 1256 Ἐγὼ
557 1187 613 1240 δέ
643 1187 1014 1260 ἐταπεινώθην
1056 1189 1282 1259 σφόδρα.

305 1276 358 1332 3.
385 1276 526 1346 Ἐγὼ
550 1277 608 1329 δὲ
635 1273 764 1330 εἶπα
796 1279 854 1331 ἐν
881 1283 946 1349 τῇ
978 1280 1234 1333 ἐκστάσει
1272 1298 1372 1350 μου
1394 1296 1405 1308 ·
1452 1281 1568 1343 Πᾶς
1604 1280 1813 1342 ἄνθρω-

227 1376 333 1428 πος
350 1364 611 1436 ψεύστης.

300 1456 354 1509 4.
376 1456 442 1507 Τί
471 1455 836 1510 ἀνταποδώσω
860 1456 937 1528 τῷ
968 1458 1158 1529 Κυρίῳ
1176 1459 1305 1530 περὶ
1330 1459 1570 1525 πάντων,
1596 1453 1671 1516 ὧν
1686 1460 1812 1514 ἀντ-

223 1545 478 1599 απέδωκέ
518 1564 607 1617 μοι
633 1563 648 1612 ;

299 1639 353 1693 5.
394 1640 659 1710 Ποτήριον
700 1640 966 1710 σωτηρίου
1005 1640 1283 1712 λήψομαιο

298 1731 348 1785 6.
392 1733 505 1785 Καὶ
534 1731 595 1785 τὸ
631 1731 801 1802 ὄνομα
824 1730 1031 1802 Κυρίου
1069 1733 1489 1806 ἐπικαλέσόμαι.

300 1822 351 1876 7.
392 1824 505 1886 Τὰς
548 1823 715 1893 εὐχάς
755 1840 858 1893 μου
905 1823 984 1893 τῷ
1030 1825 1224 1895 Κυρίῳ
1261 1825 1526 1881 ἀποδώσω
1569 1828 1807 1884 ἐναντίον
1842 1808 1884 1862 Β

223 1912 428 1976 παντὸς
459 1913 553 1966 τοῦ
580 1912 709 1965 λαοῦ
738 1913 923 1967 αὑτοῦ.

295 1999 350 2052 8.
387 2000 578 2070 Τίμιος
626 2001 867 2056 ἐναντίον
913 2002 1123 2074 Κυρίου
1161 2006 1189 2057 ὁ
1228 2005 1458 2072 θάνατος
1489 2008 1598 2063 τῶν
1644 2009 1807 2063 ὁσίων

222 2106 413 2144 αυτου.

1134 340 1222 394 DE
1256 340 1533 397 TiTULlS
1573 340 2021 398 PSALMORUM.
2061 374 2128 384 —
2164 341 2362 398 PSAL.
2400 340 2561 397 CXV.
2672 344 2678 351 ’

1842 462 1890 518 Α
1987 458 2074 512 14.
2109 456 2247 523 Quia
2270 455 2537 510 Dominus
2565 452 2833 508 bencfecit
2862 452 2981 509 tibi.

3362 332 3502 392 1166

1991 548 2076 601 15.
2104 546 2243 613 Quia
2271 547 2468 617 eripuit
2491 546 2730 599 animam
2764 560 2939 599 meam
2969 545 3033 600 de
3069 554 3279 602 morte:

1987 722 2074 775 16.
2103 720 2303 776 Oculos
2331 736 2482 775 meos
2506 736 2535 774 a
2571 721 2849 789 lacrymis.

1989 813 2075 866 17.
2108 811 2171 865 Et
2199 813 2361 881 pedes
2404 828 2555 866 meos
2583 827 2614 865 a
2644 823 2820 881 lapsu.

1987 904 2076 957 18.
2113 888 2341 958 Placebo
2370 903 2600 957 Domino
2642 905 2696 957 in
2725 903 2945 972 regione
2978 903 3246 959 vivorum.

2341 994 2591 1049 Alleluia.
2620 993 2822 1049 PSAL.
2862 994 3033 1049 CXV.

1989 1089 2038 1140 1.
2068 1087 2306 1151 Credidi,
2350 1098 2572 1156 propter
2598 1088 2745 1155 quod
2769 1088 2983 1140 locutus
3014 1102 3134 1139 sum
3160 1104 3173 1117 ·

1987 1180 2039 1234 2.
2073 1178 2185 1249 Ego
2218 1188 2399 1233 autem
2432 1178 2762 1231 humiliatus
2793 1193 2912 1231 sum
2951 1177 3133 1230 nimis.

1986 1273 2038 1327 5.
2069 1272 2181 1341 Ego
2213 1271 2321 1325 dixi
2355 1270 2407 1323 in
2459 1285 2686 1325 excessu
2722 1285 2841 1323 meo
2869 1284 2883 1321 :
2919 1266 3108 1322 Omnis
3142 1269 3306 1323 homo
3334 1283 3490 1323 men-

1916 1364 2041 1417 dax.
3186 1422 3193 1430 ι

1984 1455 2038 1509 4.
2072 1453 2213 1519 Quid
2243 1454 2542 1508 retribuam
2575 1452 2808 1507 Domino
2831 1466 2929 1520 pro
2959 1452 3213 1515 omnibus
3256 1464 3379 1521 quae
3405 1467 3493 1506 re-

1938 1547 2105 1602 ribuit
2139 1547 2268 1600 mihi
2293 1547 2314 1599 ’ί

1985 1640 2039 1694 5.
2069 1638 2305 1694 Calicem
2344 1640 2599 1694 salutaris
2638 1639 2899 1709 accipiam
2928 1657 2942 1695 :

1984 1730 2037 1784 6.
2071 1730 2137 1783 Et
2165 1745 2361 1784 nomen
2393 1730 2605 1783 Domini
2641 1732 2923 1785 invocabo.

1986 1817 2038 1872 7.
2084 1816 2220 1871 Vota
2261 1836 2377 1871 mea
2428 1818 2658 1873 Domino
2697 1821 2916 1874 reddam
2966 1834 3151 1876 coram
3199 1821 3346 1874 omni
3389 1835 3488 1890 po-

1913 1911 2041 1978 pulo
2070 1910 2209 1979 ejus.

1983 2002 2037 2057 8.
2086 2002 2332 2059 Pretiosa
2383 2007 2437 2060 in
2476 2016 2772 2076 conspectu
2815 2005 3029 2061 Domini
3080 2022 3228 2061 mors
3271 2018 3490 2062 sancto-

1916 2115 2037 2152 rum
2074 2101 2214 2169 ejus.

1346 2233 1715 2291 ATHANASII
1752 2232 2354 2292 INTERPRETATIO.

291 2368 380 2438 14.
410 2384 531 2439 Ὅτι
564 2385 654 2439 τὸν
682 2384 910 2441 πλοῦτον
946 2386 1111 2442 αὐτοῦ
1140 2389 1433 2460 ἐχαρίσατό
1467 2408 1569 2444 σοι.

294 2479 380 2533 15.
405 2480 546 2542 Ὅτι,
567 2479 845 2544 ἀπελάσας
870 2481 966 2546 τὰς
984 2482 1231 2546 ἐναντίας
1255 2483 1515 2547 δυνάμεις
1536 2486 1627 2537 ἀπ’
1647 2485 1802 2555 ἐμοῦ,

217 2570 511 2623 ἀπέσπασὲ
548 2586 615 2640 με
648 2571 743 2623 ἀπ’
779 2572 981 2626 αὐτῶν.

291 2661 379 2715 16.
420 2663 558 2726 Τοὺς
602 2663 915 2735 ὀφθαλμοὺς
966 2665 1064 2735 τῆς
1107 2664 1347 2728 διανοίας
1392 2684 1492 2736 μου
1549 2668 1657 2721 ἀπὸ
1695 2668 1804 2721 τῶν

215 2754 420 2808 ὀδυνῶν
451 2755 557 2807 τῶν
596 2755 834 2825 ἐχουσῶν
868 2772 957 2825 με.

242 2878 249 2885 ~
290 2848 379 2900 17.
417 2849 524 2900 Καὶ
551 2849 677 2911 τοὺς
714 2847 788 2917 (1)
821 2847 1018 2918 μηκέτι
1043 2848 1471 2912 ἀκολουθοῦντάς
1504 2867 1571 2921 με
1599 2854 1663 2922 τῇ
1686 2854 1804 2905 ἐπι-ί

215 2937 390 3009 θυμία
424 2940 522 3009 τῆς
554 2939 827 3010 ἁμαρτίας
859 2938 1194 3009 συμπίπτειν
1225 2958 1317 3010 με.

289 3029 378 3082 18.
418 3030 494 3100 (2)
543 3031 870 3093 Διαπαντός.

1978 2384 2066 2452 14.
2095 2397 2231 2463 Quia
2260 2395 2475 2450 divitias
2507 2412 2637 2451 suas
2672 2395 2893 2451 donavit
2931 2398 3047 2452 tibi.

1978 2487 2067 2541 15.
2103 2486 2241 2549 Quia
2269 2485 2495 2555 ejiciens
2527 2502 2557 2539 a
2598 2501 2684 2540 me
2713 2486 3054 2543 adversarias
3093 2501 3386 2558 potestates
3417 2482 3485 2545 ab

1905 2578 1985 2632 eis
2015 2593 2099 2632 me
2133 2579 2365 2647 eripuit:

1977 2670 2064 2722 16.
2122 2668 2324 2724 Oculos
2374 2669 2573 2723 mentis
2632 2683 2767 2722 mea:
2814 2684 2843 2722 a
2891 2670 3172 2728 doloribus
3228 2675 3480 2730 habenti-

1908 2760 2011 2814 bus
2040 2770 2145 2815 me.

1984 2851 2069 2907 17.
2094 2850 2160 2904 Et
2182 2851 2357 2919 pedes.
2386 2866 2454 2905 ne
2484 2853 2719 2921 amplius
2752 2857 3039 2922 sequentes
3091 2872 3175 2911 me
3222 2859 3483 2930 concupie-

1912 2942 2119 2996 scentia
2148 2944 2355 3012 peccati
2382 2958 2660 2999 corruant.

1982 3035 2070 3089 18.
2106 3036 2162 3088 In
2198 3046 2483 3090 aaternum.

262 3140 269 3141 7
298 3139 364 3231 ῘΗ
394 3141 727 3213 προκειμένη
755 3141 1035 3212 ἐπιγραφὴ
1067 3142 1341 3213 περιέχει·
1370 3145 1746 3212 Ἀλληλούτα,
1787 3146 1926 3219 ὅπερ
1957 3151 2103 3205 ἐστιν
2135 3153 2622 3224 ἑρμηνεία’ὁμοίως
2652 3152 2761 3205 τῶν
2787 3155 2892 3225 πρὸ
2924 3156 2999 3225 (3)
3028 3158 3190 3211 αὐτοῦ
3228 3150 3481 3231 ψαλμῶν.

298 3230 519 3287 Titulus
543 3234 866 3302 praepositus
893 3235 1136 3288 continet
1167 3249 1182 3286 :
1211 3234 1463 3300 Alleluia,
1506 3236 1663 3303 cujus
1695 3238 2072 3308 interpretatio
2105 3255 2187 3298 est
2209 3246 2397 3300 eadem
2428 3263 2492 3303 ac
2528 3248 2582 3304 in
2628 3253 3001 3322 superioribus

288 3353 340 3406 1.
371 3352 716 3411 Ἐπίστευσα,
746 3352 828 3404 ὅτι
866 3344 1131 3406 πέπονθεν
1165 3346 1192 3406 ὁ
1232 3342 1383 3418 Θεὸς,
1411 3342 1493 3406 διὸ
1524 3355 1618 3408 καὶ
1644 3355 1803 3409 τοῦτο
1829 3370 1841 3417 4

1980 3361 2030 3414 1.
2062 3361 2277 3418 Credidi
2310 3368 2456 3435 quod
2506 3368 2648 3425 Deus
2699 3388 2896 3441 passus
2948 3382 3051 3438 est,
3094 3384 3381 3443 propterea
3428 3382 3482 3425 et

213 3445 475 3515 κηρύσσω
502 3448 689 3498 πᾶσιν.

284 3539 339 3591 2.
383 3538 456 3590 Τὸ
483 3538 557 3608 (4)
585 3538 849 3609 πρότερον
875 3538 1242 3609 ἐταπεινώθην
1273 3536 1377 3591 ὑπὸ
1404 3538 1502 3609 τῆς
1529 3540 1804 3612 ἁμαρτίας

214 3643 357 3679 πανυ
371 3666 384 3678 .

285 3720 339 3771 5.
375 3719 483 3771 Καὶ
534 3719 661 3771 ὅταν
717 3718 1054 3789 ἀπετιθέμην
1096 3719 1165 3772 τὰ
1214 3719 1305 3772 τοῦ
1353 3719 1557 3791 κόσμου
1604 3720 1799 3787 πάντα,

214 3810 311 3861 καὶ
349 3808 422 3877 (5)
454 3804 611 3861 εἶπα·
640 3810 844 3870 Ὄντως
872 3809 1124 3873 ὑπόδικός
1154 3811 1269 3865 ἐστι
1310 3815 1417 3874 πᾶς
1442 3813 1469 3863 ὁ
1491 3811 1690 3882 κόσμος
1724 3812 1800 3883 τῷ

213 3900 357 3970 θεῷ.

285 3992 338 4043 4.
362 3989 479 4041 Ἵνα
523 3976 855 4060 παραλείπω
887 3989 948 4041 τὸ
1003 3991 1068 4041 ἐκ
1112 3988 1206 4041 τοῦ
1249 3989 1323 4061 μὴ
1374 3987 1527 4054 ὄντος
1569 3990 1800 4062 ἀχθῆναί

216 4097 283 4149 με
311 4080 402 4131 ὑπ’
429 4080 619 4146 αὑτοῦ,
646 4080 738 4132 καὶ
763 4081 863 4132 ὅσα
889 4079 1289 4151 ἐδημιούργησε
1322 4081 1417 4135 καὶ
1454 4082 1535 4144 είς
1559 4081 1801 4134 ἀπόλαυ-

215 4188 318 4234 σιν,
343 4170 428 4233 τίς
450 4169 671 4223 δύναται
702 4170 849 4240 αὐτῷ
880 4170 1292 4234 ἀνταποδοῦναι,
1324 4171 1406 4224 ὅτι
1440 4170 1615 4236 οὕτως
1637 4174 1797 4225 ἀπει-

213 4262 432 4325 θοῦντος
474 4280 575 4331 μου
606 4263 784 4314 αὐτῶν
834 4264 934 4314 οὐκ
976 4262 1302 4333 ἀπεστράφη
1349 4279 1437 4332 με,
1463 4262 1578 4314 ἀλλ’
1605 4263 1798 4315 ὲαυτδν

212 4353 315 4417 ἓως
341 4353 569 4406 θανάτου
599 4353 785 4418 ἔδωκε,
819 4354 913 4406 καὶ
944 4354 1085 4425 ὑπὲρ
1116 4354 1217 4424 τῆς
1244 4356 1322 4425 (6)
1349 4355 1621 4425 σωτηρίας
1660 4372 1794 4424 μου;

283 4448 336 4501 5.
378 4448 473 4518 (7)·
492 4448 657 4501 Οὐδὲν
683 4444 774 4500 οὖν
806 4447 934 4501 ἄλλο
969 4447 1203 4516 δύναμαι
1229 4447 1376 4517 αὐτῷ
1406 4448 1799 4501 ἀνταποδοῦναι

213 4542 262 4591 εί
300 4539 375 4609 μὴ
412 4538 473 4591 τὸ
516 4538 656 4610 ὑπὲρ
702 4537 869 4591 αὐτοῦ
903 4537 1213 4600 ἀποθανεῖν,
1242 4537 1523 4591 καὶτοῦτο
1560 4537 1651 4592 διὰ
1695 4540 1795 4610 τῆς

213 4633 436 4702 χάριτος
467 4628 654 4683 αὐτοῦ.

283 4721 338 4783 6,
375 4722 425 4774 7.
462 4720 550 4773 ’Ev
572 4719 891 4791 ἐκκλησίαις
915 4718 1141 4791 ὑμνήσω
1168 4719 1348 4772 αὐτόν.

282 4812 336 4866 8.
367 4812 444 4881 (8)
469 4810 593 4863 Ὅτι
635 4809 840 4876 ἔνδοξος
884 4808 913 4860 ὁ
959 4809 1188 4869 θάνατος
1230 4806 1307 4875 (9)
1347 4803 1577 4861 ἐνώπιον
1621 4807 1786 4862 αὐτοῦ

210 4902 319 4955 τῶν
352 4901 524 4964 οὕτως
561 4900 874 4954 ἐκδιδόντων
899 4898 1124 4961 ἑαυτοὺς
1156 4898 1294 4970 ὑπὲρ
1314 4896 1500 4952 αὑτοῦ.

283 5017 328 5046 ⁵⁸
352 5014 513 5070 Rom.
541 5029 623 5078 tu,
651 5013 739 5068 19.

1910 3451 2011 3507 hoc
2040 3457 2298 3512 erunibus
2328 3461 2584 3528 praedico.
2647 3466 2695 3489 "

1976 3540 2029 3591 ‘2.
2058 3540 2229 3597 Antea
2272 3547 2415 3600 enim
2462 3549 2782 3608 humiliatUs
2812 3568 2932 3608 sum
2983 3568 3011 3606 a
3065 3565 3289 3624 peccato
3320 3554 3482 3610 vehc~

1904 3638 2135 3684 menter.

1975 3724 2027 3778 5.
2051 3724 2119 3779 Ει
2143 3742 2266 3781 cum
2294 3734 2692 3790 renuntiassem
2738 3740 3013 3804 omnibus,
3061 3756 3180 3809 qum
3224 3742 3273 3793 iu
3324 3758 3481 3794 mun-

1903 3814 1973 3868 do
2020 3822 2166 3884 sunt,
2230 3829 2341 3874 tum
2401 3825 2554 3880 dixi:
2614 3826 2811 3898 Utique
2862 3832 3113 3884 subditus
3168 3840 3251 3885 est
3298 3834 3479 3886 on‘tnis

1905 3908 2145 3965 mundus
2181 3912 2290 3966 Deo
2316 3914 2384 3969 ⁵³.

1971 3996 2023 4052 4.
2044 3997 2116 4054 Ut
2137 4004 2408 4073 omittam,
2433 4007 2578 4076 quod
2602 4025 2667 4064 ex
2692 4012 2862 4065 nihilo
2885 4013 2951 4066 ab
2972 4025 3037 4067 eo
3066 4014 3293 4071 eductus
3328 4029 3472 4084 som,

1900 4096 1955 4152 et
1979 4102 2182 4160 quanta
2209 4097 2411 4150 creavit
2443 4099 2605 4152 etiam
2638 4101 2705 4155 ad
2738 4091 3178 4167 oblectationem,
3218 4089 3342 4176 quis
3382 4121 3475 4175 pos

1899 4186 2005 4233 test
2030 4180 2129 4250 ipsi
2154 4184 2474 4251 retribuere,
2502 4188 2645 4256 quod
2677 4206 2763 4243 me
2791 4192 2862 4245 ita'
2893 4193 2941 4245 ei
2970 4194 3329 4257 inobcdiente,
3364 4214 3471 4248 tum

1900 4286 1986 4325 me
2023 4284 2305 4331 aversatus
2337 4286 2439 4340 est,
2481 4281 2572 4334 sed
2612 4296 2670 4335 se
2717 4284 2893 4351 ipsum
2940 4285 2993 4338 in
3038 4290 3269 4340 mortem
3305 4290 3470 4341 tradi-

1898 4363 1997 4430 dit,
2026 4376 2079 4420 et
2110 4382 2207 4435 pro
2230 4384 2344 4423 mea
2380 4372 2593 4426 salute?

1969 4454 2023 4508 5.
2060 4455 2203 4511 Nihil
2239 4460 2403 4529 igitur
2439 4464 2585 4517 aliud
2638 4476 2860 4533 possum
2904 4467 2951 4520 ei
3001 4468 3316 4534 retribuere,-
3366 4468 3472 4526 nisi

1898 4558 1998 4613 pro
2032 4546 2151 4616 ipso
2174 4552 2336 4618 mori,
2367 4563 2420 4607 et
2454 4554 2556 4607 hoc
2585 4570 2679 4624 per
2706 4556 2825 4625 ejus
2854 4560 3103 4627 gratiam.

1823 4702 1869 4757 Ῑ)
1968 4722 2021 4787 6,
2060 4722 2110 4775 7.
2140 4723 2197 4778 In
2225 4729 2475 4784 ecclesiis
2496 4731 2730 4787 laudabo
2758 4750 2905 4789 eum.

1968 4811 2021 4865 8.
2078 4814 2345 4880 Quoniam
2404 4822 2641 4889 gloriosa
2698 4838 2847 4881 mors
2901 4840 3085 4881 coram
3136 4827 3254 4896 ipso
3295 4828 3366 4882 ita
3410 4844 3469 4883 se

1896 4903 2043 4973 ipsos
2074 4909 2401 4965 tradentium
2438 4929 2533 4982 pro
2557 4929 2642 4969 eo.

1168 5124 1474 5187 Addenda
1508 5133 1568 5183 et
1607 5124 1988 5203 corrigenda
2018 5146 2097 5188 ex
2129 5132 2269 5192 cod.
2311 5133 2507 5194 Vatic.

283 5234 361 5314 (1_)
400 5235 511 5287 Kal.
530 5233 622 5287 τοῦ
653 5232 848 5304 μηκέτι
873 5227 1266 5285 ἀκολουθοῦντᾶ
1286 5245 1371 5300 με,
1394 5236 1499 5283 etc.
1516 5227 1781 5282 Ultimum

1954 5250 2040 5314 es“
2068 5235 2204 5314 πρὸς
2248 5235 2548 5314 ἀπόλαυσίν
2577 5248 2699 5306 μου,
2725 5225 2810 5314 δίει
2854 5237 3088 5314 δύναμαι
3135 5238 3303 5314 αυτῷ,
3333 5248 3418 5293 etc
3446 5278 3467 5305 ,

212 5321 282 5375 με
317 5306 489 5375 deest.

307 5375 361 5445 Ξ)
391 5374 534 5445 (Non
552 5374 745 5442 legitur
769 5371 1076 5445 Comment.
1111 5387 1167 5424 ιι.
1202 5369 1289 5445 1_8.

306 5438 361 5515 5)
388 5444 450 5495 Ἦ
464 5443 552 5496 διὰ
572 5438 1081 5515 τῆς-κινναϐάρεως-
1094 5440 1337 5515 περιέχει
1359 5451 1373 5464 ⁸
1406 5438 1780 5506 Ἀλληλούἵα,

210 5511 307 5585 τὴν
340 5511 635 5585 ἑρμηνείαν
667 5513 775 5585 ἔχει
803 5511 1002 5581 ὁμοίως
1034 5511 1133 5582 τὴν
1163 5511 1289 5580 πρό,
1314 5517 1420 5562 etc.

282 5585 358 5653 (4)
374 5582 531 5653 Ἐγὼν
550 5584 604 5635 δὲ
638 5582 719 5646 τό,
746 5593 850 5636 etc.

304 5587 336 5638 4
382 5585 522 5651 Ἐγὼ
550 5585 604 5635 δὲ
638 5585 719 5646 τό,
746 5593 850 5636 etc.

304 5585 358 5723 5)
381 5652 709 5723 Ἀπεθέμην,
742 5663 869 5717 etc.,
896 5649 1288 5723 πάντα-ἔγνων,
1324 5645 1451 5723 καίι
1466 5654 1570 5723 et_c_.

304 5655 358 5723 5)
381 5655 707 5722 Ἀπεθέμην,
742 5663 869 5717 etc.,
896 5655 1068 5703 πάντα
1102 5655 1288 5715 ἔγνων,
1324 5655 1436 5704 καί.
1466 5655 1570 5699 etc.

280 5655 359 5796 26)
394 5722 502 5777 Τοῦ
528 5724 591 5776 ἐκ
619 5721 713 5778 τοῦ
741 5723 837 5793 μή,
860 5731 986 5785 etc.,
1013 5721 1103 5774 καὶ
1136 5722 1255 5782 ὅσα,
1278 5720 1370 5772 καὶ
1396 5713 1482 5770 οἷα
1507 5713 1784 5786 ἐδημιούρο

1882 5303 2232 5377 ἀπειθορ-ντος
2256 5322 2357 5377 μου
2385 5305 2554 5377 αυτῷ,
2578 5303 2949 5377 ξειοηέδωκεν
2973 5303 3112 5377 ὑπὲρ
3135 5303 3264 5377 τῆς.
3282 5318 3387 5362 etc.

1954 5373 2031 5442 (7)
2061 5374 2136 5449 ΔΝ.
2173 5375 2227 5436 5,
2258 5373 2311 5428 6.
2340 5373 2517 5429 Οὐδὲν
2556 5376 2685 5429 ἄλλο
2723 5376 2975 5448 δύναμαι,
3018 5373 3146 5444 etc.,
3184 5373 3320 5448 μετὰ
3364 5378 3466 5449 τῆς

1882 5444 2104 5513 χάριτός
2131 5461 2249 5499 σου.

1954 5513 2030 5591 (8)
2068 5515 2375 5591 Comment.
2405 5515 2498 5591 qui
2552 5515 2749 5591 legitur
2798 5517 2901 5570 sub
2948 5534 3002 5571 ιι.
3032 5516 3085 5585 6,
3124 5512 3178 5585 7,
3224 5518 3378 5574 deest
3406 5517 3467 5575 in

1892 5584 2015 5654 cod.
2052 5584 2194 5638 sicut
2216 5584 2282 5638 N.
2305 5584 2517 5654 7hujus
2551 5587 2766 5654 psalmi.

1963 5653 2125 5724 (9lN.
2153 5655 2187 5708 8
2232 5653 2481 5720 ἜνδοΞος
2506 5653 2755 5722 θάνατος,
2792 5668 2898 5711 etc.
