3874 6222
189 391 332 449 1169
1103 387 1193 442 DE
1233 378 1509 444 TITULIS
1547 387 1994 445 PSALMORUM.
2028 416 2097 429 ——
2136 383 2329 439 PSAL.
2371 381 2577 439 CXVII.
3315 388 3452 443 11Ἶο

263 504 459 557 2.Ὅτι
495 505 572 565 είς
604 504 697 556 τὸν
727 516 898 556 αιωνα
926 504 988 557 τὸ
1016 502 1161 568 ἔλεος
1188 504 1373 559 αὐτοῦ.

1811 513 1851 566 Α
1952 504 2006 557 ‘2.
2035 503 2300 569 Quoniam
2330 500 2382 552 in
2413 500 2668 555 sazculum
2700 500 3069 556 misericordia
3104 502 3242 571 ejus.

265 594 319 646 3.
361 592 583 646 Εἱπάτω
614 592 677 664 δὴ
702 589 848 656 οἶκος
888 594 1126 665 Ἰσραὴλ.
1153 597 1235 648 ὅτι
1271 597 1493 663 ἀγαθὸς,

1956 596 2007 648 3.
2039 595 2189 648 Dicat
2221 608 2365 646 nunc
2391 592 2583 646 domus
2623 592 2808 656 Israel,
2834 595 3092 663 quoniam
3130 596 3325 660 bonus,

267 684 320 736 ι.
339 684 459 735 Ὅτι
486 685 565 746 εἰς
592 683 682 737 τὸν
710 684 882 737 αἰῶνα
910 685 968 737 τὸ
994 684 1140 749 ἔλεος
1170 688 1356 740 αὐτοῦ.

1954 686 2007 739 ι.
2037 684 2303 750 Quoniam
2336 686 2388 737 in
2417 684 2673 738 sarculum
2708 684 3081 740 misericordia
3111 686 3250 752 ejus.

270 775 322 828 5.
364 774 586 826 Εἰπὰτω
616 775 679 847 δὴ
705 772 851 839 οἶκος
893 776 1119 847 Ἀαρὼν,
1155 780 1235 831 ὅτι
1265 779 1488 847 ἀγαθὸς.

1960 778 2013 832 5.
2046 776 2200 830 Dicat
2230 792 2373 829 nunc
2396 777 2592 830 domus
2624 776 2826 840 Aaron,
2866 778 3122 846 quoniam
3154 778 3351 844 bonus,

270 866 324 918 6.
343 866 463 917 Ὀτι
494 869 572 922 εἰς
610 867 701 919 τὸν
732 867 905 920 αίῶνα
935 868 995 920 τὸ
1026 868 1175 931 ἔλεος
1206 870 1391 922 αὐτοῦ.

1962 868 2015 923 6.
2052 868 2319 935 Quoniam
2356 868 2408 922 in
2441 869 2699 922 sazculum
2731 870 3103 925 misericordia
3131 870 3266 940 ejus.

274 958 328 1012 7.
362 960 688 1012 Είπάτωσαν
712 960 776 1031 δὴ
795 962 993 1024 πάντες
1017 964 1065 1015 οἱ
1092 962 1256 1031 φοϐού
1268 980 1415 1016 ιιενοι
1442 964 1532 1017 τὸν
1562 964 1777 1034 Κύριον,

1967 959 2017 1017 7.
2062 961 2254 1015 Dicant
2284 974 2426 1014 nunc
2454 975 2644 1015 omnes
2682 960 2931 1015 timentes
2966 959 3279 1027 Dominum,
3320 978 3462 1033 quo-

199 1054 286 1106 ὃτι
311 1052 533 1120 ἀγαθὸς,

1891 1052 2036 1106 niam
2071 1053 2249 1107 bonus
2266 1090 2281 1115 ,

278 1146 331 1198 8.
364 1145 485 1196 Ὅτι
517 1146 597 1207 είς
631 1144 721 1197 τὸν
744 1144 919 1198 αἰῶνα
949 1145 1009 1196 τὸ
1039 1145 1186 1209 ἕλεος
1212 1147 1397 1200 αὑτοῦ.

1970 1145 2024 1199 8.
2056 1142 2326 1209 Quoniam
2353 1142 2406 1195 in
2436 1143 2692 1197 saeculum
2715 1143 3085 1199 misericordia
3119 1145 3253 1212 ejus.

280 1236 334 1289 9.
367 1236 462 1288 Ἐκ
491 1235 722 1305 θλίψεως
754 1237 1174 1309 ὲπεκαλεσάμην
1200 1240 1292 1291 τὸν
1321 1239 1539 1311 Κύριον,

1962 1236 2015 1291 9.
2052 1235 2126 1289 De
2153 1235 2506 1289 tribulatione
2543 1235 2788 1289 invocavi
2826 1234 3111 1290 Dominum
3134 1276 3147 1300 ,

284 1327 373 1379 10.
411 1325 517 1379 Καὶ
548 1328 825 1397 ἐπήκουσέ
862 1347 961 1398 μου
994 1332 1073 1392 είς
1102 1331 1435 1401 πλατυσμόν.

1967 1329 2052 1382 10.
2089 1330 2156 1383 Et
2191 1327 2470 1382 exaudivit
2509 1343 2596 1381 me
2640 1327 2693 1380 in
2729 1327 3031 1382 latitudine.

283 1418 371 1470 11.
407 1416 607 1488 Κύριος
639 1419 762 1488 ἐμοὶ
797 1418 987 1489 βοηθὸς
1013 1460 1027 1483 ,
1063 1421 1156 1473 καὶ
1197 1421 1257 1473 οὑ
1292 1421 1670 1493 φοϐηθήσομαι
1692 1437 1708 1454 ⁶
1736 1422 1791 1476 τί

1967 1420 2055 1472 11.
2093 1419 2359 1473 Dominus
2400 1418 2535 1471 mihi
2571 1418 2806 1488 adjutor,
2838 1428 2891 1472 et
2922 1435 3028 1474 non
3074 1419 3307 1485 timebo,
3338 1419 3462 1487 quid

210 1510 431 1578 ποιήσει
462 1526 550 1578 μοι
585 1509 869 1580 ἄνθρωπος
896 1528 910 1575 ;

1895 1510 2055 1565 faciat
2099 1510 2230 1562 mihi
2255 1510 2457 1563 homo?

290 1602 375 1655 12.
444 1600 643 1672 Κύριος
698 1604 823 1673 ἐμοὶ
863 1601 1075 1673 βοηθὸς,
1132 1603 1288 1673 κάγὼ
1333 1605 1604 1675 ἐπόψομαι
1657 1606 1794 1677 ⁵τοὺς

1972 1601 2059 1655 12.
2100 1599 2369 1656 Dominus
2396 1600 2532 1654 mihi
2557 1600 2882 1673 adjutor,_e_t
2910 1617 3011 1672 ego
3043 1602 3336 1677 despiciam
3364 1603 3467 1656 ini—

212 1691 311 1760 ὲχθ
319 1691 445 1760 ρούς
477 1709 598 1761 μου.
1658 1675 1664 1677 ⁷

1658 1675 1664 1677 ⁷
1896 1694 2069 1747 micos
2108 1707 2281 1747 meos.
3165 1675 3172 1681 ’

292 1783 379 1836 13.
417 1783 642 1850 Ἀγαθὸν
665 1782 980 1837 πεποιθέναι
1008 1784 1102 1837 ἐπὶ
1132 1783 1352 1857 Κύριον,

1830 1847 1867 1857 _
1970 1781 2056 1835 15.
2088 1781 2299 1834 Bonum
2329 1790 2413 1835 est
2443 1781 2716 1837 conlidere
2743 1783 2796 1835 in
2819 1782 3092 1850 iliomino,

290 1874 378 1927 Ν.
403 1874 473 1926 ’Ἡ
491 1847 820 1927 πεποιθέναι
855 1876 941 1926 ἐπ’
971 1847 1277 1944 ἄνθρωπον.
1337 1847 1349 1852 ⁷

1830 1847 1871 1901 Β
1975 1873 2062 1928 ιιι.
2095 1874 2270 1939 Quam
2302 1873 2575 1927 conlidere
2612 1874 2665 1927 in
2702 1847 2942 1929 homine.

291 1966 380 2019 15.
411 1966 639 2032 Ἀγαθὸν
666 1965 909 2029 ἐλπίζειν
932 1967 1026 2018 ἐπὶ
1060 1965 1279 2037 Κύριον,

1976 1963 2063 2019 15.
2102 1963 2313 2018 Bonum
2354 1973 2437 2019 est
2465 1980 2684 2033 sperare
2706 1965 2757 2018 in
2789 1965 3049 2031 Domino,

293 2056 381 2111 16.
411 2058 481 2109 Ἣ
507 2057 745 2121 ἐλπίζειν
786 2058 873 2109 ἐπ’
904 2058 1132 2127 ἄρχουσι
1173 2056 1474 2129 [ἄρχοντας
1495 2058 1523 2131 ]ῖ

1495 2058 1523 2131 ]:
1976 2057 2063 2109 16.
2107 2056 2284 2122 Quam
2328 2072 2548 2127 sperare
2579 2058 2633 2111 in
2665 2058 3018 2127 principibus.

292 2148 381 2205 17.
423 2148 607 2202 Πάντα
635 2148 704 2201 τὰ
732 2148 859 2218 ἔθνη
888 2149 1204 2202 ἐκύκλωσαν
1234 2166 1301 2219 με
1328 2165 1339 2181 ι

1978 2146 2065 2200 17.
2101 2148 2305 2201 Omnes
2333 2157 2518 2217 gentes
2552 2148 2943 2203 circumierunt
2971 2164 3057 2203 me
3083 2168 3096 2204 :

295 2240 383 2294 18.
428 2239 531 2293 Καὶ
550 2239 629 2309 τῷ
650 2240 876 2309 ὀνόματι
906 2239 1111 2309 Κυρίου
1134 2241 1428 2311 ἠμυνάμην
1459 2242 1673 2303 αὐτούς.

1986 2238 2069 2291 18.
2109 2237 2175 2291 Et
2208 2240 2429 2293 nomine
2458 2238 2671 2294 Domini
2700 2241 2846 2294 ultus
2871 2255 2991 2295 sum
3036 2242 3089 2294 in
3118 2257 3231 2297 eos.

298 2328 385 2385 19.
415 2328 805 2392 Κυκλὼσαντες
828 2326 1147 2381 ὲκύκλωσάν
1177 2344 1243 2397 με
1263 2344 1275 2356 ’

1979 2328 2067 2383 19.
2100 2328 2517 2385 Circumdantes
2540 2330 3015 2388 circumdederunt
3043 2348 3129 2386 me
3154 2352 3165 2385 :

1356 2505 1738 2561 ATHANASII
1780 2505 2367 2561 INTERPBETATIO.

301 2659 355 2713 2.
373 2660 493 2713 Ὅτι
513 2660 796 2724 ἀνελλιπὲς
829 2659 890 2713 τὸ
919 2660 1064 2723 ἔλεος
1093 2659 1281 2715 αὐτοῦ.

1983 2664 2039 2712 ’1.
2068 2660 2334 2725 Quoniam
2372 2660 2685 2714 iudellciens
2717 2660 3088 2716 misericordia
3126 2661 3263 2729 ejus.

298 2751 353 2807 3.
379 2751 444 2803 Ἢ
476 2751 671 2821 καρδία
704 2752 812 2804 τῶν
835 2750 1086 2822 ὁρώντων
1116 2750 1249 2804 Θεὸν
1273 2753 1339 2821 τῇ
1364 2750 1573 2822 διανοίᾳ
1604 2751 1704 2822 (1).

1398 2750 1573 2822 ιανοίᾳ
1604 2751 1704 2822 (1).
1980 2750 2034 2804 5.
2064 2751 2172 2805 Cor
2200 2752 2495 2805 videntium
2525 2750 2692 2805 Deum
2725 2762 2923 2809 mente.

301 2845 357 2899 ι.
376 2844 496 2897 Ὀτι
522 2843 807 2906 ἀνελλιπὲς
839 2843 915 2913 (2)
941 2842 1001 2895 τὸ
1027 2841 1174 2906 ἕλεος
1202 2841 1389 2896 αὐτοῦ.

1982 2844 2038 2896 4.
2066 2842 2337 2909 Quoniam
2373 2842 2692 2898 indeliciens
2718 2843 3090 2899 misericordia
3118 2843 3253 2912 ejus.

304 2938 358 2992 5.
400 2936 624 2989 Είπὰτω
651 2936 715 3007 δὴ
739 2938 765 2988 ὁ
782 2936 940 3007 χορὸς
967 2935 1074 2988 τῶν
1107 2933 1295 3004 ἁγίων,
1317 2935 1398 2988 ὅτι
1420 2933 1621 3002 ἀγαθός
1642 2933 1810 2986 ἐστιν·

1984 2934 2038 2989 5.
2064 2933 2223 2988 Dicat
2254 2949 2402 2989 nunc
2430 2933 2632 2989 chorus
2654 2946 2992 3001 sanctorum,
3024 2936 3283 3005 quoniam
3312 2936 3486 2991 bonus

243 3027 463 3094 Ἀαρὼν
494 3025 601 3095 γὰρ
627 3025 983 3097 ἑρμηνεύεται
1023 3025 1159 3092 ὄρος
1186 3024 1512 3092 δυνάμεως.

1918 3038 2002 3080 est
2031 3044 2044 3080 :
2075 3027 2253 3080 Aaron
2286 3025 2430 3079 enim
2460 3026 2846 3095 interpretatur
2876 3042 3021 3079 mons
3050 3027 3281 3080 virtutis.

306 3119 359 3172 6.
382 3120 503 3172 Ὅτι
539 3118 784 3187 ἧπλωται
831 3120 923 3171 ἐπὶ
967 3118 1174 3181 πάντας
1212 3117 1339 3179 τοὺς
1367 3114 1721 3186 βουλομένους
1754 3112 1815 3167 τὸ

1991 3117 2044 3171 6.
2070 3116 2339 3183 Quoniam
2376 3116 2643 3186 explicata
2682 3126 2766 3171 est
2816 3132 2980 3186 super
3009 3131 3199 3171 omnes
3250 3115 3489 3170 volentes

233 3212 257 3265 ι
265 3212 384 3273 λεος
415 3209 598 3265 αὑτοῦ.

1845 3258 1884 3276 Α
1918 3206 2297 3262 misericordia
2324 3206 2465 3276 ejus.

312 3303 363 3357 7.
396 3303 719 3355 Εἰπὰτωσαν
757 3300 821 3371 δὴ
855 3301 1054 3363 πάντες
1094 3300 1149 3354 οἱ
1193 3299 1441 3352 ταπεινοὶ
1480 3301 1547 3369 τῇ
1593 3283 1842 3370 καρδίας

1988 3300 2043 3356 7.
2080 3299 2275 3355 Dicant
2320 3316 2469 3356 nunc
2510 3313 2702 3355 omnes
2738 3298 2975 3354 humiles
3008 3298 3191 3365 corde,
3233 3298 3488 3368 quoniam

233 3397 319 3451 ὒτι
350 3395 551 3462 ἁγαθός
576 3397 743 3457 ἐστιν,

716 3411 743 3457 ν,
1919 3392 2097 3448 bonus
2128 3402 2212 3448 est
2232 3435 2246 3458 ,

312 3488 365 3541 8.
397 3488 519 3539 Ὀτι
549 3486 608 3537 τὸ
643 3485 789 3546 ἕλεος
819 3484 982 3537 αὐτοῦ
1020 3484 1106 3535 ἐπ’
1136 3482 1331 3545 αύτούς
1360 3484 1508 3535 ἐστιν
1542 3481 1641 3551 (⁸5).

1991 3484 2044 3539 8.
2078 3484 2346 3551 Quoniam
2375 3500 2537 3553 super
2566 3498 2661 3537 eos
2699 3482 3071 3539 misericordia
3103 3484 3221 3553 ejus
3248 3490 3351 3537 est.

314 3579 364 3631 9.
394 3578 485 3629 Ἐν
511 3576 588 3645 τῷ
623 3576 803 3628 σκότει
828 3575 929 3644 τῆς
957 3575 1233 3646 ἁμαρτίας
1268 3572 1636 3642 κρατούμενος
1668 3572 1819 3643 ἐδεή-

1991 3576 2045 3629 9.
2080 3575 2135 3628 ln
2169 3576 2406 3630 tenebris
2458 3575 2663 3645 peccati
2716 3576 2967 3631 detentus
3005 3576 3327 3645 deprecatus
3373 3587 3492 3629 sum

244 3670 344 3738 θην
378 3667 544 3721 αὑτοῦ
575 3668 648 3738 (4)
661 3706 672 3718 .

535 3667 544 3718 i
575 3668 672 3738 (4).
1921 3682 2065 3720 eum.

318 3760 405 3812 10.
444 3757 551 3811 Καὶ
580 3758 851 3829 ἐπήκουσέ
884 3775 1006 3829 μου,
1052 3757 1146 3811 καὶ
1173 3756 1347 3825 ἤγαγέ
1388 3774 1455 3826 με
1480 3757 1558 3818 εἰς
1579 3755 1819 3809 ἀνάπαυ-

1997 3758 2083 3811 10.
2118 3756 2183 3811 Ει
2209 3756 2490 3811 exaudivit
2519 3773 2639 3824 me,
2668 3767 2723 3812 et
2751 3758 2978 3813 adduxit
3029 3773 3117 3812 me
3157 3757 3211 3810 in
3254 3755 3493 3825 requiem

247 3868 333 3903 σιν
360 3848 452 3902 τοῦ
476 3849 653 3917 φωτὸς
682 3847 869 3901 αὑτοῦ.
1923 3849 2061 3902 lucis
2084 3863 2216 3902 suaz.

318 3942 405 3995 11.
432 3940 553 4010 Ἀφ’
581 3934 642 3994 οὗ
680 3940 843 4002 αὐτὸς
880 3936 1229 4009 περιασπίζει
1269 3936 1345 4007 (5)
1396 3952 1521 4006 μου,
1559 3936 1612 3989 τί
1642 3935 1823 3989 δειλιῶ

1996 3941 2083 3993 11.
2122 3942 2201 3994 Ex
2241 3954 2352 4008 quo
2389 3940 2507 4011 ipse
2538 3953 2623 3993 me
2653 3940 2907 4009 protegit,
2940 3938 3069 4008 quid
3097 3936 3301 3993 timebo
3328 3946 3497 3991 terre-

245 4050 369 4086 τινα
395 4030 505 4084 τῶν
530 4031 733 4100 γηίνων
757 4030 1067 4099 δυνάμεων;

861 4030 1067 4099 ipsum;
1925 4048 2026 4086 nas
2052 4031 2391 4101 potestates?

324 4124 409 4178 12.
440 4122 639 4194 Κύριος
659 4121 1115 4193 ἀντιλαμϐάνεταί
1140 4137 1263 4190 μου,
1306 4117 1461 4189 κάγὼ
1500 4119 1657 4188 μόνον
1685 4119 1827 4172 ἵστα·

1998 4122 2086 4176 12.
2115 4121 2381 4176 Dominus
2408 4121 2707 4191 opitulatur
2732 4120 2888 4181 mihi,
2916 4129 2969 4173 et
2992 4134 3093 4190 ego
3117 4117 3268 4173 solus
3307 4129 3393 4173 sto
3422 4119 3498 4170 vi-

252 4234 350 4283 μαι
382 4214 525 4287 ὀρῶν
552 4216 680 4279 τοὺς
711 4215 978 4285 ἄρχοντας
999 4211 1092 4265 τοῦ
1122 4211 1346 4274 σκότους
1374 4210 1782 4280 συντριϐομένοι

1720 4227 1825 4273 κους
1927 4213 2063 4268 dens
2093 4214 2439 4267 tenebrarum
2470 4213 2744 4282 principes
2783 4212 2851 4265 ab
2877 4226 2943 4266 eo
2971 4210 3250 4265 contritos.

250 4309 342 4361 ὑπ’
364 4306 552 4363 αὑτοῦ.

323 4402 410 4463 15,
445 4400 531 4455 11».
571 4400 647 4471 (6)
696 4397 925 4467 Ἀγαθὸν
963 4397 1204 4470 θαρρεῖν,
1247 4397 1340 4449 καὶ
1383 4393 1687 4465 καυχᾶσθαι
1737 4394 1829 4447 ἐπὶ

2002 4394 2090 4458 15,
2123 4392 2210 4446 11.
2245 4393 2451 4448 Bonum
2477 4392 2783 4457 conlidere,
2816 4401 2871 4446 et
2899 4390 3120 4461 gloriari
3154 4389 3210 4443 in
3249 4387 3498 4447 Domino.

249 4494 342 4546 τὸν
370 4492 591 4561 Κύριον,
624 4492 657 4563 ἢ
684 4491 999 4546 πεποιθέναι
1032 4490 1124 4541 ἐπὶ
1154 4488 1321 4559 γηίνῃ
1345 4487 1651 4558 δυναστείᾳ.

1931 4498 2093 4552 quam
2130 4483 2384 4537 ﬁduciam
2412 4482 2613 4536 habere
2635 4481 2688 4534 in
2719 4492 2929 4535 terrena
2966 4485 3248 4548 potestate.

326 4582 414 4645 15,
457 4583 543 4635 16.
585 4581 813 4649 Ἀγαθὸν
855 4583 913 4633 ὲν
948 4582 1194 4649 ὑπομονῇ
1237 4578 1552 4647 περιμένειν
1595 4576 1692 4645 τὴν
1722 4574 1831 4627 τῶν

2007 4573 2093 4638 15,
2130 4572 2213 4626 16.
2245 4570 2452 4627 Bonum
2482 4572 2534 4624 in
2574 4569 2830 4640 patientia
2865 4576 3181 4637 exspectare
3209 4566 3315 4623 frui
3355 4565 3503 4622 futu-

256 4675 558 4740 μελλόντων
590 4673 808 4741 ἀγαθῶν
861 4672 1180 4736 ἀπόλαυσιν,
1238 4671 1270 4739 ἢ
1313 4669 1647 4740 πρόσκαιρον
1690 4665 1775 4736 ἔχε

1973 4667 2011 4719 is
2062 4664 2256 4730 bonis,
2306 4679 2469 4731 quam
2514 4664 2899 4731 temporariam
2943 4673 3136 4729 capere
3170 4664 3376 4727 peccati
3409 4673 3503 4710 vo-

256 4768 528 4838 ὰμαρτίας
551 4767 868 4819 ἀπόλαυσιν.

687 4784 868 4819 αυσιν.
1934 4760 2217 4826 luptatem.

334 4858 418 4911 17.
455 4858 520 4909 Αἰ
552 4858 791 4909 ἐναντίαι
824 4856 1083 4926 δυνάμεις
1112 4853 1427 4907 ὲκύκλωσάν
1461 4868 1547 4921 με.

2013 4849 2098 4901 l7.
2143 4847 2445 4902 Contraria:
2480 4854 2775 4915 potestates
2805 4842 3280 4898 circumdederunt
3314 4856 3399 4896 me

334 4948 420 5001 18.
458 4946 562 4999 Καὶ
592 4945 671 5016 τῷ
702 4946 920 5017 σταυρῴ
947 4946 1039 4999 τοῦ
1071 4944 1306 5015 Χριστοῦ
1349 4941 1643 5013 συνέτριψα
1680 4941 1839 4995 αὑτὸν

1466 4941 1643 5013 ἱτριψα
1680 4941 1839 4995 αὑτὸν
2016 4941 2099 4995 i8.
2134 4941 2199 4995 Et
2224 4955 2387 4997 cruce
2405 4937 2609 4993 Christi
2630 4937 2857 4992 contrivi
2886 4952 2996 4990 eas.

258 5036 507 5109 [αὑτάς]
537 5038 635 5107 (7).

335 5130 420 5184 19.
452 5127 555 5182 Καὶ
578 5130 739 5182 πάλιν
774 5130 1068 5199 ἐπέμειναν
1092 5130 1343 5199 ἐπιμονῇ.

2014 5118 2096 5171 19.
2136 5116 2201 5169 Et
2231 5130 2425 5169 rursus
2452 5121 2864 5183 perseveranter
2902 5110 3276 5179 perstiterunt.

1216 5302 1521 5365 Addenda
1560 5311 1620 5362 et
1668 5297 2045 5379 corrigenda
2079 5312 2156 5358 ex
2186 5298 2323 5357 cod.
2363 5294 2539 5353 Vatie

338 5500 414 5563 (1)
454 5499 679 5553 Είπάτω
712 5500 776 5568 δὴ
812 5498 1007 5568 καρδία
1042 5495 1147 5550 τῶν
1177 5494 1424 5565 ὁρώντων
1459 5492 1547 5545 τὸν
1584 5490 1737 5556 Θεὸν,
1760 5491 1840 5544 ὅτι
2132 5480 2554 5568 ρ’τξξρασπίζελι.

267 5536 679 5641 ἀγὲἅάἔὲξέιξῖ
712 5536 776 5568 ”’⁴
815 5536 1007 5568 "rm
1052 5536 1144 5550 “”’
2021 5536 2101 5641 {ei
2131 5536 2611 5641 ΝΑᾴἒρΑγδιοάν,
2637 5544 2821 5602 etc.N.
2852 5544 2935 5598 ιιι.
2960 5545 3029 5598 Ἡ
3053 5542 3271 5614 θαρρεῖν
3293 5536 3521 5608 ὲπὶγηίο

337 5622 419 5707 (2)
440 5622 839 5707 ’λτελεύτητοκι
1950 5622 2407 5707 νην-θυναστείαν.

459 5711 605 5761 Ἐστι
631 5691 937 5769 διαπαντός.
2003 5691 2091 5764 ’(7)
2124 5691 2345 5755 Αὺτούς,

339 5781 422 5848 (1)
453 5781 573 5832 Σου.
