3874 6222
403 316 536 371 1171
1286 312 1345 368 S.
1385 313 1757 371 ATHANASII
1796 315 1944 371 OPP.
1985 315 2166 371 PARS
2205 314 2364 369 lll.—
2392 314 2802 371 EXEGETICA.
3519 314 3669 368 1172

467 425 557 480 20.
593 423 658 478 Et
686 426 906 480 nomine
940 423 1156 480 Domini
1180 425 1325 485 ultus
1346 441 1465 491 sum
1492 428 1545 480 in
1569 443 1666 482 eos

2012 438 2048 490 Α
2143 429 2232 483 20.
2267 427 2371 480 Kal
2402 428 2478 498 τῷ
2517 429 2738 496 ὀνόματι
2771 429 2969 500 Κυρίου
3001 428 3296 498 ἠμυνάμην
3326 425 3542 489 αὐτούς.

465 520 556 574 21.
594 517 1084 579 Circumdederunt
1113 534 1199 574 me
1230 519 1374 578 sicut
1402 535 1568 588 apes;

2144 521 2236 574 21.
2265 520 2616 577 Ἐκύκλωσάν
2652 537 2717 591 με
2745 520 2878 572 ὡσεὶ
2909 519 3158 590 μέλισσαι
3189 517 3378 589 κηρίον

463 609 556 666 22.
594 611 660 664 Et
682 619 1004 672 exarserunt
1036 613 1176 667 sicut
1215 612 1356 683 ignis
1389 613 1441 665 in
1474 613 1646 682 spinis
1676 633 1688 671 :

2146 611 2236 664 22.
2277 610 2380 663 Kal
2409 611 2782 680 ἐξεκαύθησαν
2811 611 2886 674 ὡς
2914 610 3028 682 πῦρ
3059 613 3117 664 ἐν
3144 609 3408 673 ἀκάνθαις
3434 626 3448 638 ·

463 703 554 758 25.
595 702 661 756 Ει
689 704 907 757 nomine
938 703 1157 759 Domini
1186 705 1331 759 ultus
1357 720 1477 758 sum
1504 705 1558 758 in
1593 722 1710 760 eos.

2145 704 2238 758 25,
2273 706 2383 757 Kal
2415 703 2492 774 τῷ
2516 704 2742 774 ὀνόματι
2765 703 2973 774 Κυρίου
3000 705 3299 775 ἠμυνάμην
3333 701 3553 764 αὑτοὴ.

463 793 554 846 24.
589 793 861 862 lmpulsus
894 809 1118 850 eversus
1142 812 1264 854 sum
1300 806 1361 852 ut
1391 797 1640 860 caderem
1675 815 1686 856 ;

1675 815 1686 856 ;
2142 795 2232 850 24.
2265 794 2474 858 Ὢσθεὶς
2505 797 2818 868 ἀνετράπην
2844 797 2935 850 τοῦ
2971 782 3155 850 πεσεῖν
3177 815 3193 829 ο

461 886 551 941 25.
589 887 654 940 Ει
701 887 968 946 Dominus
1005 890 1243 958 suscepit
1273 906 1380 947 nne.

2145 887 2235 947 25.
2265 888 2374 940 Kal
2399 889 2426 940 6
2453 889 2656 959 Κύριος
2686 889 3007 942 ἀντελάϐετό
3043 907 3164 959 μου.

461 978 554 1032 26.
583 977 872 1034 Fortitudo
898 997 1017 1036 mea
1055 991 1109 1036 et
1148 983 1270 1037 laus
1301 998 1420 1036 mea
1453 983 1722 1038 Dominus
1743 1023 1759 1038 .

2141 978 2233 1033 26.
2274 978 2448 1048 ’ἰσχύς
2477 997 2577 1050 μου
2617 981 2710 1034 καὶ
2745 980 2978 1052 ὓμνησίς
3006 999 3105 1053 μου
3136 984 3164 1034 6
3197 982 3431 1051 Κύριοςο

464 1070 554 1124 27.
596 1070 658 1124 Ει
690 1070 866 1126 factus
900 1081 981 1125 est
1009 1072 1141 1125 mihi
1181 1072 1235 1126 in
1263 1072 1516 1128 salutem.

2141 1071 2234 1127 27.
2268 1070 2375 1124 Kal
2398 1071 2614 1139 ἐγένετό
2650 1091 2739 1144 μοι
2772 1077 2852 1137 είς
2873 1074 3167 1146 σωτηρίαν.

461 1161 551 1215 28.
585 1160 699 1216 Vox
749 1163 1137 1217 exsultationis
1181 1173 1234 1218 et
1286 1165 1480 1220 salutis
1513 1165 1566 1227 in
1606 1168 1972 1229 tabernaculis

2142 1163 2232 1218 28.
2269 1162 2425 1232 Φωνὴ
2468 1163 2838 1232 ἀγαλλιάσεως
2873 1167 2967 1220 καὶ
2997 1166 3269 1236 σωτηρίας
3313 1166 3373 1217 ἐν
3422 1165 3651 1235 σκηναῖς

387 1250 684 1319 justorum.

2071 1255 2316 1309 δικαίων.
2414 1267 2418 1272 “

459 1341 548 1397 29.
582 1341 815 1398 Dextera
847 1343 1058 1398 Domini
1095 1344 1498 1402 fecitvirtutem
1529 1368 1542 1408 ε

2141 1346 2233 1400 29.
2263 1346 2422 1411 Δεξιὰ
2448 1346 2648 1419 Κυρίου
2669 1347 2891 1417 ἐποίησε
2919 1347 3146 1418 δύναμιν
3171 1364 3185 1378 °

457 1435 546 1489 30.
581 1434 811 1490 Dextera
850 1435 1065 1490 Domini
1095 1438 1354 1492 exaltavit
1383 1455 1469 1492 me
1499 1459 1510 1492 :

1499 1459 1510 1492 :
2143 1437 2231 1490 50.
2261 1438 2422 1503 Δεξιά
2451 1440 2654 1508 Κυρίου
2683 1437 2865 1507 ὕψωσέ
2905 1457 2971 1509 με
2997 1455 3009 1467 ·

459 1529 549 1582 51.
588 1525 820 1582 Dextera
862 1527 1079 1583 Domini
1117 1530 1246 1585 fecit
1285 1532 1562 1586 virtutem.

2141 1528 2231 1595 51.
2264 1529 2426 1593 Δεξιὰ
2460 1530 2666 1601 Κυρίου
2689 1530 2911 1602 ἐποίησε
2940 1530 3187 1600 δύναμιν.

458 1619 546 1674 52.
588 1619 706 1674 Non
743 1621 970 1685 moriar,
1001 1622 1095 1676 sed
1131 1624 1308 1676 vivam
1344 1642 1355 1676 :

2143 1620 2232 1672 52.
2265 1620 2380 1673 Οὐκ
2403 1620 2798 1691 ἀποθανοῦμαι,
2825 1620 2960 1674 ἀλλά
2990 1621 3255 1691 ζήσομαι·

456 1711 546 1765 55.
578 1710 647 1764 Et
670 1715 906 1767 narrabo
929 1728 1092 1782 opera
1129 1712 1368 1768 Domini.
1830 1744 1837 1753 -

1830 1744 1837 1753 -
2143 1711 2232 1775 33.
2266 1712 2378 1764 Kal
2403 1710 2734 1782 διηγήσομαι
2762 1710 2832 1764 τὰ
2859 1711 2997 1781 ἔργα
3030 1711 3255 1782 Κυρίου.

457 1801 546 1858 54.
577 1801 865 1872 Castigatus
884 1804 1172 1874 castigavit
1207 1821 1292 1859 me
1318 1803 1586 1858 Dominus
1614 1822 1626 1856 :

2001 1785 2043 1838 Β
2143 1803 2231 1856 54.
2263 1803 2541 1856 Παιδεύων
2569 1803 2853 1855 ἐπαίδευσε
2884 1820 2952 1871 με
2981 1804 3009 1855 6
3037 1803 3270 1873 Κύριος·

457 1893 546 1950 55.
583 1893 648 1948 Ει
675 1897 836 1948 morti
875 1911 979 1948 non
1007 1895 1229 1950 tradidit
1255 1911 1360 1950 me.

2143 1891 2233 1945 35.
2269 1893 2382 1945 Kal
2410 1891 2489 1962 τῷ
2517 1892 2732 1963 θανάτῳ
2760 1893 2822 1946 οὐ
2857 1893 3140 1965 παρέδωκέ
3171 1910 3255 1963 με.

455 1985 541 2038 56.
581 1985 800 2054 Aperite
847 1986 978 2038 mihi
1015 1995 1198 2055 portas
1237 1986 1462 2056 iustitia:
1494 2005 1504 2039 :

2141 1982 2230 2036 56.
2264 1982 2538 2049 Ἀνοίξατέ
2571 2001 2659 2054 μοι
2683 1983 2856 2046 πύλας
2880 1984 3224 2054 δικαιοσύνης
3243 1999 3256 2013 ·

455 2077 544 2132 57.
570 2075 884 2148 Ingrediens
901 2079 951 2131 in
972 2094 1066 2132 eas
1077 2079 1374 2134 conﬁtebor
1393 2079 1474 2149 [ut
1492 2077 1963 2147 ingrediens,etc.,

2142 2072 2231 2126 31.
2269 2072 2540 2129 Εἰσελθὼν
2587 2075 2647 2126 ἐν
2686 2074 2877 2138 αὐταῖς
2908 2067 3375 2144 ἐξομολογήσομαι
3413 2073 3491 2144 τῷ
3531 2075 3646 2125 Κυ-

385 2170 666 2235 coniitear,
692 2167 827 2240 etc.]
865 2168 1115 2224 Domino.
2077 2161 2193 2232 οίῳο

456 2258 544 2312 58.
580 2255 703 2312 11ωο
737 2268 893 2329 porta
931 2257 1180 2324 Domini,

2143 2253 2231 2308 58.
2269 2251 2416 2325 Αὕτη
2443 2253 2477 2324 ἡ
2508 2253 2650 2325 πύλη
2673 2254 2766 2308 τοῦ
2795 2255 2995 2326 Κυρίου

1518 2389 1894 2445 ATHANASH
1936 2383 2518 2441 INTERPBETATIO.

454 2505 545 2559 20.
579 2507 1016 2568 Etmvocatione'
1041 2505 1255 2569 Domini
1285 2508 1420 2579 ejeci
1457 2525 1570 2565 eas.

2142 2503 2234 2558 20.
2269 2502 2374 2556 Kal
2404 2505 2471 2574 τῇ
2501 2503 2786 2574 ἐπικλήσει
2827 2522 2920 2558 του
2955 2507 3151 2575 Κυρίου
3197 2507 3451 2577 ἀπήλασα
3480 2507 3648 2560 αὐτόν

2079 2591 2319 2664 [αὐτάς]
2354 2592 2452 2663 (ι).

455 2684 544 2737 21.
581 2680 951 2749 Tentaverunt
981 2684 1262 2745 nidiﬁcare
1302 2688 1354 2745 in
1387 2703 1501 2750 me,
1533 2697 1588 2741 et
1634 2689 1758 2742 vitae
1803 2686 1960 2740 volu-

2137 2682 2229 2736 21.
2299 2682 2654 2754 Ἔπεχείρουν
2711 2681 3017 2738 νεοσσεύειν
3078 2685 3158 2746 είς
3216 2683 3336 2754 ἐμὲ,
3394 2684 3488 2736 καὶ
3542 2683 3648 2746 τὰς

385 2784 561 2844 ptates
594 2788 925 2843 congregare
954 2774 1007 2828 in
1043 2777 1207 2830 corde
1241 2793 1382 2832 meo.

2085 2773 2260 2844 ἰδονὰς
2289 2773 2384 2828 τοῦ
2411 2774 2533 2850 βίου
2584 2778 2840 2845 συνάγειν
2884 2778 2964 2841 εἰς
2995 2777 3095 2847 τὴν
3125 2775 3203 2847 (2)
3235 2776 3460 2848 καρδίαν
3489 2794 3615 2846 μου,

455 2873 546 2927 22.
583 2872 651 2928 Et
681 2877 935 2937 carnales
984 2875 1460 2944 concupiscentias
1504 2875 1871 2929 accenderunt
1910 2872 1964 2926 in

2134 2867 2224 2920 22.
2273 2865 2380 2921 Kal
2437 2868 2736 2939 ἐπιθυμίας
2807 2870 3076 2940 σαρκικὰς
3142 2868 3390 2932 ἐξέκαιον
3456 2869 3533 2938 (5)
3583 2870 3647 2921 ὲν

387 2983 492 3024 me.

2064 2975 2088 3010 ε
2097 2975 2205 3028 μοι.

455 3059 543 3115 25.
561 3058 627 3116 Et
641 3075 743 3133 ego
758 3077 954 3117 rursus
969 3061 1228 3116 invocans
1243 3060 1474 3131 gratiam
1497 3058 1712 3113 Domini
1729 3057 1965 3112 exstinxi

2132 3050 2222 3105 25.
2257 3049 2362 3104 Καὶ
2392 3052 2554 3105 πάλιν
2593 3052 2704 3120 ἐγὼ
2746 3052 3174 3123 ἐπικαλούμενος
3216 3052 3316 3124 τὴν
3355 3053 3514 3124 χάριν
3545 3053 3642 3106 τοῦ

384 3168 500 3208 cas.
2065 3143 2264 3215 Κυρίου
2299 3144 2653 3198 κατέσϐεννον
2687 3144 3056 3216 [κατέσϐεσα]
3087 3144 3161 3214 (4)
3190 3145 3378 3207 αὑτάς.

458 3243 544 3297 24.
590 3243 960 3313 lrrumpentes
1002 3245 1186 3300 subito
1219 3245 1498 3298 irruerunt
1543 3259 1705 3314 super
1751 3260 1859 3298 me.

2015 3217 2033 3272 Ῐ·
2136 3237 2229 3293 24.
2260 3235 2336 3306 (5)
2365 3237 2785 3309 Ἐπιρῤίψαντες
2815 3238 3076 3304 αἰφνίδιον
3105 3238 3402 3309 ἐνέῤῥηξάν
3437 3254 3545 3307 μοι.

457 3336 545 3389 25.
581 3333 649 3390 Et
679 3334 942 3391 Dominus
969 3352 1075 3390 non
1119 3339 1366 3407 permisit
1405 3347 1465 3392 ut
1505 3335 1637 3407 ipsa:
1662 3339 1717 3392 in
1752 3354 1838 3392 me
1867 3337 1967 3392 do-

2138 3326 2228 3380 25.
2262 3327 2368 3380 Kal
2417 3331 2446 3381 6
2486 3327 2686 3399 Κύριος
2712 3329 2771 3381 οὺ
2815 3327 3161 3399 συνεχώρησε
3189 3327 3544 3400 κυριευθῆναί
3576 3343 3642 3398 με

387 3428 749 3481 minarentur.
1221 3464 1223 3466 -

1221 3464 1223 3466 .
2069 3419 2162 3473 ὑπ’
2183 3419 2382 3473 αὐτῶν.

458 3523 549 3578 26.
588 3521 708 3592 Ipse
737 3521 1013 3577 confortat
1053 3540 1138 3577 me
1169 3525 1431 3578 adversus
1453 3523 1595 3577 illas.

2137 3512 2226 3566 26.
2263 3511 2437 3576 Αὐτὸς
2468 3512 2696 3582 δυναμοῖ
2725 3530 2791 3584 με
2820 3514 2942 3565 κατ’
2967 3512 3147 3565 αὐτῶν
3185 3511 3280 3583 (6).

457 3615 547 3668 27.
585 3613 801 3668 Etenim
834 3615 985 3670 salus
1016 3630 1134 3668 mea
1159 3623 1262 3670 est.

2138 3601 2231 3657 27.
2269 3601 2376 3657 Kal
2409 3603 2519 3674 γὰρ
2555 3603 2790 3676 ὑπάρχει
2824 3622 2913 3675 μοι
2940 3606 3203 3677 σωτηρία.

457 3706 548 3760 28.
583 3705 855 3764 Gaudium
906 3707 1204 3770 ineﬂ‘abiie,
1237 3714 1291 3760 et
1321 3705 1492 3776 gratia
1527 3704 1622 3757 Dei
1652 3703 1706 3758 in
1745 3703 1967 3769 animis,

2140 3693 2233 3749 28.
2255 3696 2415 3768 Χαρὰ
2437 3695 2822 3767 άνεκλά).ητος,
2841 3699 2936 3749 καὶ
2968 3697 3130 3768 χάρις
3159 3694 3294 3749 Θεοῦ
3329 3698 3387 3749 ἐν
3408 3695 3647 3765 caici?»-

384 3807 439 3851 et
467 3798 726 3853 membris
757 3809 1098 3852 sanctorum.

2067 3789 2213 3857 χαῖς,
2235 3789 2330 3840 καὶ
2354 3789 2464 3851 τοῖς
2496 3787 2571 3857 (7)
2610 3788 2795 3857 μέλεσι
2823 3788 2930 3842 τῶν
2957 3789 3147 3855 ἁγίων.

455 3889 548 3954 29,
577 3889 666 3944 50.
697 3887 868 3942 Filius
897 3887 990 3943 Dei
1030 3886 1411 3943 corroboravit
1435 3903 1542 3940 me.

2138 3877 2231 3940 29,
2261 3877 2349 3932 30.
2382 3879 2459 3948 (8)
2497 3880 2553 3931 ὐ
2585 3879 2710 3940 Υἱὸς
2750 3879 2845 3932 τοῦ
2880 3879 3012 3932 Θεοῦ
3058 3880 3304 3950 ἐνίσχυσέ
3333 3897 3418 3950 με.

457 3983 547 4036 51.
576 3981 748 4036 Filius
786 3981 882 4036 Dei
907 3979 1240 4035 confortavit
1265 3995 1348 4034 me
1376 3989 1567 4033 contra
1596 3977 1895 4038 diabolum.

2143 3971 2232 4030 51,
2279 3973 2338 4024 '0
2368 3972 2498 4035 Υἱὸς
2539 3971 2633 4024 τοῦ
2683 3971 2818 4025 Θεοῦ
2864 3974 3236 4044 ἐνεδυνάμωσὲ
3268 3991 3336 4043 με
3375 3974 3515 4027 κατὰ
3546 3971 3642 4026 τοῦ

2068 4064 2336 4117 διαϐόλου.

462 4164 553 4218 52.
585 4163 700 4217 Non
735 4163 972 4232 amplius
1018 4161 1072 4216 in
1121 4177 1209 4215 me
1252 4160 1623 4215 dominabitur
1665 4169 1964 4229 peccatum,

2146 4156 2237 4214 52,
2273 4156 2386 4213 Οὐκ
2409 4155 2488 4208 ἔτι
2515 4155 2947 4226 κυριευθήσομαι
2969 4155 3071 4213 ὑπὸ
3084 4155 3180 4224 τῆς
3195 4155 3488 4229 ἁμαρτίας,
3507 4155 3645 4210 ἀλλὰ

386 4256 483 4313 ted
511 4253 825 4309 viviﬁcabor
855 4254 1026 4324 gratia
1052 4268 1173 4308 sua.

2076 4245 2564 4316 ζωοποιηθήσομαι
2587 4247 2674 4299 διὰ
2703 4246 2803 4316 τῆς
2825 4249 3044 4317 χάριτος
3077 4247 3255 4299 αὑτοῦ.

458 4345 546 4400 55.
578 4343 644 4399 Ει
677 4344 915 4397 narrabo
935 4358 1058 4413 quae
1088 4342 1221 4395 mihi
1253 4339 1400 4396 fecit.

2139 4339 2226 4392 55.
2263 4337 2364 4390 Καὶ
2388 4338 2718 4407 διηγήσομαι
2748 4337 2784 4390 ὃ.
2824 4338 3078 4408 ἐποίησεν
3105 4339 3222 4407 μετ’
3254 4336 3407 4407 ἐμοῦ.

457 4437 548 4491 54.
581 4434 825 4490 Visilans
866 4449 951 4488 me
993 4433 1233 4489 ostendit
1259 4434 1390 4486 mihi
1429 4432 1690 4488 Dominus
1719 4433 1902 4503 fugere
1934 4448 1965 4487 ι

2139 4431 2228 4482 54.
2263 4429 2728 4499 Ἐπισκεψάμενός
2761 4447 2829 4500 με
2873 4430 2950 4497 (9)
3015 4427 3263 4494 ὑπέδειξε
3306 4447 3396 4500 μοι
3424 4430 3643 4497 φεύγειν

387 4524 632 4596 peccaro.
1622 4559 1626 4562 -

1622 4559 1626 4562 -
1995 4564 2042 4622 υ
2071 4522 2176 4576 ἀπὸ
2198 4523 2295 4592 τῆς
2330 4523 2605 4591 ἁμαρτίας
2630 4524 2658 4574 6
2686 4521 2903 4592 Κύριος.

457 4617 550 4670 55.
590 4615 654 4669 Et
685 4611 790 4670 non
823 4616 1069 4686 permisit
1091 4617 1142 4670 in
1169 4626 1487 4687 perpetuum
1517 4633 1601 4672 me
1634 4619 1812 4688 perire
1837 4634 1962 4673 cum

2140 4616 2229 4671 55.
2266 4614 2372 4668 Kal
2398 4616 2458 4666 οὐ
2497 4615 2849 4685 συνεχώρησέ
2893 4633 2958 4685 με
2986 4614 3098 4683 (10)
3131 4614 3237 4676 ἕως
3281 4613 3466 4676 τέλους
3526 4631 3647 4667 συν-

387 4707 674 4775 iniquitate
701 4698 842 4760 mea.
1669 4743 1672 4746 -

1669 4743 1672 4746 -
2068 4706 2365 4761 απολέσθαι
2387 4709 2450 4776 τῇ
2477 4705 2676 4776 ἀνομίᾳ
2713 4723 2835 4774 μου.

456 4798 548 4862 56,
573 4797 660 4849 57.
701 4779 954 4851 Revélate
1001 4797 1136 4850 mihi
1196 4813 1392 4852 sensus
1423 4797 1856 4868 Scripturarum,
1902 4813 1964 4858 ut

2139 4800 2341 4876 36,
2392 4800 2506 4869 (11)
2542 4797 2946 4866 Ἀποκαλύψετέ
3000 4813 3086 4866 μοι
3134 4796 3202 4848 τὰ
3252 4798 3500 4866 νοήματα
3538 4799 3647 4851 τῶν

389 4889 692 4942 instructus
725 4888 778 4941 in
816 4887 950 4956 ipsis
981 4887 1268 4958 subjiciam
1312 4906 1397 4944 me
1425 4891 1604 4961 ipsum
1635 4891 1888 4949 Domino.

2124 4891 2331 4962 ραφῶν,
2363 4891 2472 4951 ἵνα,
2508 4889 2840 4953 συνετισθεὶς
2875 4891 2932 4941 ἐν
2961 4889 3170 4953 αὐταῖς,
3199 4887 3453 4942 δουλώσω
3480 4891 3648 4959 ἐμαυ-

2067 4985 2158 5038 τὸν
2191 4984 2268 5055 τῷ
2301 4982 2505 5054 Κυρίῳ.

457 5061 545 5116 58.
577 5061 734 5117 Fides
763 5061 900 5130 ejus.
1420 5121 1423 5124 .

1420 5121 1423 5124 .
2137 5076 2224 5130 38.
2266 5076 2331 5128 'H
2357 5075 2538 5138 πίστις
2562 5074 2746 5132 αὐτοῦ.

1337 5187 1647 5266 Addenda
1680 5198 1741 5252 et
1788 5195 2163 5273 corrigenda
2201 5213 2282 5257 ex
2340 5194 2483 5256 cod.
2521 5195 2721 5256 Vatic.

459 5307 535 5378 (1)
557 5304 790 5380 Q6100;-
817 5371 828 5380 ,
1014 5379 1017 5380 ν
1283 5374 1295 5380 _
2144 5312 2220 5380 (7)
2257 5311 2354 5380 jEv
2387 5313 2515 5374 τοῖς.

459 5371 938 5450 (gygjvogagdetv,
972 5379 1103 5434 etc.,
1141 5374 1414 5450 συναίρειν
1441 5380 1521 5441 είς
1540 5381 1659 5449 τήν,
1689 5389 1795 5435 etc.

2135 5371 2211 5450 (8)
2255 5379 2320 5434 Ν.
2351 5381 2440 5434 29.
2470 5371 2526 5434 Ὅ
2552 5380 2700 5442 Υἱός.
2735 5389 2840 5435 etc.
2868 5380 2933 5434 N.
2964 5380 3050 5450 30.
3080 5379 3306 5450 'Ol‘t65,
3327 5387 3435 5434 etc.
3461 5375 3643 5438 H.231.

567 5441 926 5520 Σβπιουμίαις
955 5447 1244 5513 σαρκικαίς
1269 5441 1537 5512 ἐξέκαιον,
1565 5441 1668 5506 etc.

2064 5441 2156 5514 52,
2193 5452 2282 5505 33.
2312 5451 2426 5503 υὺκ
2459 5451 2560 5514 ἔτι,
2587 5441 2690 5504 etc.
2725 5467 2900 5520 usque
2933 5447 3050 5520 μετέΙ
3085 5445 3260 5519 ἐμοῦ.’

460 5513 1021 5593 (ἐὶέςατξςκήχρυν-.η
1468 5588 1479 5593 -
1565 5588 1598 5593 ._
1876 5589 1926 5593 _-

1876 5589 1926 5593 __
2135 5513 2328 5593 (9ng
2373 5513 2554 5583 deest.
2592 5524 2783 5588 φυγεῖν
2813 5513 3181 5590 ᾖτοὶρεύγεξν,

461 5579 538 5658 (5)
567 5585 632 5662 Νμ,
668 5579 891 5662 ρει-,λεδ
964 5579 1385 5662 Ἐπιρρίψαντες
1426 5588 1686 5662 αἰφνίδιον
1730 5589 1966 5661 tamen
2136 5579 2405 5662 (10))!on

394 5651 918 5738 μοιηίκαιὸ-Κύρῗιρξ
937 5651 1391 5738 ξυννξχώρῃσειμὴ
1421 5651 1807 5731 κυριευθῆναί,’
1832 5651 1936 5717 etc.
2136 5651 2256 5738 (1.1),
2275 5659 2339 5712 Ν.
2505 5659 2926 5728 Ἀποκαλύψετέ,
2969 5670 3070 5715 etc.
3121 5659 3184 5717 N.
3229 5663 3317 5727 37,
3369 5661 3457 5718 ἵνα
3520 5674 3650 5730 ow-

465 5716 540 5797 (6)
575 5723 780 5787 Αὐτῶν,
809 5716 905 5771 καὶ
933 5716 1138 5783 δοξάσω
1157 5716 1346 5778 αὐτόν.
1379 5716 1391 5727 ’
1492 5716 1505 5731 ’
1669 5716 1680 5729 ’
1780 5716 1790 5725 ’
1875 5716 1878 5717 ν
2065 5716 2297 5795 stt-36a;
2322 5729 2509 5792 αὑτάς,
2547 5739 2649 5783 etc.
