  <div class='ocr_page' id='page_1' title='image "/cluster/home/n/w/nwhite01/storage/ocr_20150623/27/nnc1.0046978631/613.png"; bbox 0 0 3874 6222; ppageno 0'>
   <div class='ocr_carea' id='block_1_1' title="bbox 361 225 3663 295">
    <p class='ocr_par' dir='ltr' id='par_1_1' title="bbox 361 225 3663 295">
     <span class='ocr_line' id='line_1_1' title="bbox 361 225 3663 295; baseline 0.004 -17"><span class='ocrx_word' id='word_1_1' title='bbox 361 225 501 282; x_wconf 77' lang='lat' dir='ltr'><strong>H75</strong></span> <span class='ocrx_word' id='word_1_2' title='bbox 1209 234 1264 287; x_wconf 93' lang='lat' dir='ltr'><strong>S.</strong></span> <span class='ocrx_word' id='word_1_3' title='bbox 1306 235 1680 292; x_wconf 79' lang='lat' dir='ltr'><strong>ATHANASII</strong></span> <span class='ocrx_word' id='word_1_4' title='bbox 1719 237 1867 294; x_wconf 85' lang='lat' dir='ltr'><strong>OPP.</strong></span> <span class='ocrx_word' id='word_1_5' title='bbox 1906 238 2087 293; x_wconf 79' lang='lat' dir='ltr'><strong>PARS</strong></span> <span class='ocrx_word' id='word_1_6' title='bbox 2123 238 2211 295; x_wconf 85' lang='grc' dir='ltr'>ιιι.</span> <span class='ocrx_word' id='word_1_7' title='bbox 2252 269 2323 280; x_wconf 83' lang='lat'><strong>-~</strong></span> <span class='ocrx_word' id='word_1_8' title='bbox 2366 239 2771 294; x_wconf 73' lang='lat' dir='ltr'><strong>EXEGETICA.</strong></span> <span class='ocrx_word' id='word_1_9' title='bbox 3484 241 3510 293; x_wconf 78' lang='grc' dir='ltr'><strong>Ι</strong></span> <span class='ocrx_word' id='word_1_10' title='bbox 3537 235 3663 292; x_wconf 72' lang='grc' dir='ltr'><strong>ιτα</strong></span> 
     </span>
    </p>
   </div>
   <div class='ocr_carea' id='block_1_2' title="bbox 432 345 1962 432">
    <p class='ocr_par' dir='ltr' id='par_1_2' title="bbox 432 345 1667 423">
     <span class='ocr_line' id='line_1_2' title="bbox 432 345 1667 423; baseline 0.011 -21"><span class='ocrx_word' id='word_1_11' title='bbox 432 345 520 404; x_wconf 79' lang='grc'><strong>55.</strong></span> <span class='ocrx_word' id='word_1_12' title='bbox 561 350 700 407; x_wconf 88' lang='lat' dir='ltr'><strong>Deus</strong></span> <span class='ocrx_word' id='word_1_13' title='bbox 726 369 879 411; x_wconf 88' lang='lat' dir='ltr'><strong>meus</strong></span> <span class='ocrx_word' id='word_1_14' title='bbox 911 372 969 411; x_wconf 90' lang='lat' dir='ltr'><strong>es</strong></span> <span class='ocrx_word' id='word_1_15' title='bbox 1004 367 1082 423; x_wconf 86' lang='lat' dir='ltr'><strong>tu,</strong></span> <span class='ocrx_word' id='word_1_16' title='bbox 1113 367 1165 411; x_wconf 84' lang='lat' dir='ltr'><strong>et</strong></span> <span class='ocrx_word' id='word_1_17' title='bbox 1199 361 1498 415; x_wconf 75' lang='lat' dir='ltr'><strong>conﬁtebor</strong></span> <span class='ocrx_word' id='word_1_18' title='bbox 1524 362 1621 414; x_wconf 89' lang='lat' dir='ltr'><strong>tibi</strong></span> <span class='ocrx_word' id='word_1_19' title='bbox 1656 380 1667 415; x_wconf 89' lang='lat'>:</span> 
     </span>
    </p>
   </div>
   <div class='ocr_carea' id='block_1_3' title="bbox 1933 345 3463 432">
    <p class='ocr_par' dir='ltr' id='par_1_3' title="bbox 1968 357 3463 432">
     <span class='ocr_line' id='line_1_3' title="bbox 1968 357 3463 432; baseline -0.003 -17"><span class='ocrx_word' id='word_1_20' title='bbox 1968 367 2015 421; x_wconf 75' lang='grc' dir='ltr'>Α</span> <span class='ocrx_word' id='word_1_21' title='bbox 2115 361 2204 415; x_wconf 86' lang='grc'><strong>55.</strong></span> <span class='ocrx_word' id='word_1_22' title='bbox 2231 362 2365 423; x_wconf 83' lang='grc' dir='ltr'>Θεός</span> <span class='ocrx_word' id='word_1_23' title='bbox 2394 379 2494 432; x_wconf 87' lang='grc' dir='ltr'><strong>μου</strong></span> <span class='ocrx_word' id='word_1_24' title='bbox 2520 357 2571 413; x_wconf 70' lang='grc' dir='ltr'>εἴ</span> <span class='ocrx_word' id='word_1_25' title='bbox 2608 362 2693 422; x_wconf 74' lang='grc' dir='ltr'><strong>σὺ,</strong></span> <span class='ocrx_word' id='word_1_26' title='bbox 2720 361 2812 413; x_wconf 73' lang='grc' dir='ltr'><strong>καὶ</strong></span> <span class='ocrx_word' id='word_1_27' title='bbox 2846 358 3312 429; x_wconf 77' lang='grc' dir='ltr'>ὲξομολογήσομαί</span> <span class='ocrx_word' id='word_1_28' title='bbox 3345 375 3463 412; x_wconf 88' lang='grc' dir='ltr'>σοι·</span> 
     </span>
    </p>
   </div>
   <div class='ocr_carea' id='block_1_4' title="bbox 433 439 1963 523">
    <p class='ocr_par' dir='ltr' id='par_1_4' title="bbox 433 439 1548 514">
     <span class='ocr_line' id='line_1_4' title="bbox 433 439 1548 514; baseline 0.009 -18"><span class='ocrx_word' id='word_1_29' title='bbox 433 439 521 497; x_wconf 81' lang='lat'><strong>56.</strong></span> <span class='ocrx_word' id='word_1_30' title='bbox 554 442 693 498; x_wconf 83' lang='lat' dir='ltr'><strong>Deus</strong></span> <span class='ocrx_word' id='word_1_31' title='bbox 726 462 880 502; x_wconf 82' lang='lat' dir='ltr'><strong>meus</strong></span> <span class='ocrx_word' id='word_1_32' title='bbox 906 464 965 503; x_wconf 86' lang='lat' dir='ltr'><strong>es</strong></span> <span class='ocrx_word' id='word_1_33' title='bbox 1001 459 1077 514; x_wconf 89' lang='lat' dir='ltr'><strong>tu,</strong></span> <span class='ocrx_word' id='word_1_34' title='bbox 1113 460 1167 503; x_wconf 94' lang='lat' dir='ltr'><strong>et</strong></span> <span class='ocrx_word' id='word_1_35' title='bbox 1195 453 1445 505; x_wconf 79' lang='lat' dir='ltr'><strong>exaltabo</strong></span> <span class='ocrx_word' id='word_1_36' title='bbox 1477 463 1548 506; x_wconf 93' lang='lat' dir='ltr'><strong>te.</strong></span> 
     </span>
    </p>
   </div>
   <div class='ocr_carea' id='block_1_5' title="bbox 1638 439 3168 523">
    <p class='ocr_par' dir='ltr' id='par_1_5' title="bbox 2117 448 3168 523">
     <span class='ocr_line' id='line_1_5' title="bbox 2117 448 3168 523; baseline -0.003 -16"><span class='ocrx_word' id='word_1_37' title='bbox 2117 453 2204 507; x_wconf 87' lang='lat'><strong>56.</strong></span> <span class='ocrx_word' id='word_1_38' title='bbox 2233 453 2365 517; x_wconf 85' lang='grc' dir='ltr'>Θεός</span> <span class='ocrx_word' id='word_1_39' title='bbox 2404 470 2503 523; x_wconf 85' lang='grc' dir='ltr'><strong>μου</strong></span> <span class='ocrx_word' id='word_1_40' title='bbox 2532 448 2580 505; x_wconf 76' lang='grc' dir='ltr'>εἶ</span> <span class='ocrx_word' id='word_1_41' title='bbox 2613 454 2700 515; x_wconf 86' lang='grc' dir='ltr'><strong>σὺ,</strong></span> <span class='ocrx_word' id='word_1_42' title='bbox 2735 454 2828 505; x_wconf 73' lang='grc' dir='ltr'><strong>καὶ</strong></span> <span class='ocrx_word' id='word_1_43' title='bbox 2858 451 3058 520; x_wconf 57' lang='lat' dir='ltr'><strong>suam</strong></span> <span class='ocrx_word' id='word_1_44' title='bbox 3089 468 3168 504; x_wconf 88' lang='grc' dir='ltr'>σε.</span> 
     </span>
    </p>
   </div>
   <div class='ocr_carea' id='block_1_6' title="bbox 434 534 1964 613">
    <p class='ocr_par' dir='ltr' id='par_1_6' title="bbox 434 534 1757 610">
     <span class='ocr_line' id='line_1_6' title="bbox 434 534 1757 610; baseline 0.008 -21"><span class='ocrx_word' id='word_1_45' title='bbox 434 534 521 589; x_wconf 83' lang='lat'><strong>57.</strong></span> <span class='ocrx_word' id='word_1_46' title='bbox 552 536 862 592; x_wconf 88' lang='lat' dir='ltr'><strong>Conlitebor</strong></span> <span class='ocrx_word' id='word_1_47' title='bbox 891 541 1007 603; x_wconf 89' lang='lat' dir='ltr'><strong>tibi,</strong></span> <span class='ocrx_word' id='word_1_48' title='bbox 1033 543 1291 610; x_wconf 82' lang='lat' dir='ltr'><strong>quoniam</strong></span> <span class='ocrx_word' id='word_1_49' title='bbox 1327 546 1597 600; x_wconf 68' lang='lat' dir='ltr'><strong>e-xaudisti</strong></span> <span class='ocrx_word' id='word_1_50' title='bbox 1624 561 1710 600; x_wconf 83' lang='lat' dir='ltr'><strong>me</strong></span> <span class='ocrx_word' id='word_1_51' title='bbox 1745 587 1757 599; x_wconf 95' lang='lat'><strong>.</strong></span> 
     </span>
    </p>
   </div>
   <div class='ocr_carea' id='block_1_7' title="bbox 1970 534 3500 613">
    <p class='ocr_par' dir='ltr' id='par_1_7' title="bbox 2114 540 3500 613">
     <span class='ocr_line' id='line_1_7' title="bbox 2114 540 3500 613; baseline -0.002 -18"><span class='ocrx_word' id='word_1_52' title='bbox 2114 542 2202 597; x_wconf 83' lang='lat'><strong>57.</strong></span> <span class='ocrx_word' id='word_1_53' title='bbox 2252 541 2753 613; x_wconf 75' lang='grc' dir='ltr'>Ἐξομολογήσομαί</span> <span class='ocrx_word' id='word_1_54' title='bbox 2784 558 2887 604; x_wconf 89' lang='grc' dir='ltr'>σοι,</span> <span class='ocrx_word' id='word_1_55' title='bbox 2912 542 2992 593; x_wconf 83' lang='grc' dir='ltr'><strong>ὅτι</strong></span> <span class='ocrx_word' id='word_1_56' title='bbox 3018 540 3330 610; x_wconf 82' lang='grc' dir='ltr'>ὲπήκουσάς</span> <span class='ocrx_word' id='word_1_57' title='bbox 3360 557 3463 612; x_wconf 84' lang='grc' dir='ltr'><strong>μου</strong></span> <span class='ocrx_word' id='word_1_58' title='bbox 3486 556 3500 571; x_wconf 78' lang='grc'><em>³</em></span> 
     </span>
    </p>
   </div>
   <div class='ocr_carea' id='block_1_8' title="bbox 438 628 1968 703">
    <p class='ocr_par' dir='ltr' id='par_1_8' title="bbox 438 628 1461 692">
     <span class='ocr_line' id='line_1_8' title="bbox 438 628 1461 692; baseline 0.008 -9"><span class='ocrx_word' id='word_1_59' title='bbox 438 628 527 684; x_wconf 80' lang='lat'><strong>58.</strong></span> <span class='ocrx_word' id='word_1_60' title='bbox 560 628 624 684; x_wconf 85' lang='lat' dir='ltr'><strong>Et</strong></span> <span class='ocrx_word' id='word_1_61' title='bbox 651 629 824 685; x_wconf 82' lang='lat' dir='ltr'><strong>factus</strong></span> <span class='ocrx_word' id='word_1_62' title='bbox 863 646 920 687; x_wconf 90' lang='lat' dir='ltr'><strong>es</strong></span> <span class='ocrx_word' id='word_1_63' title='bbox 955 633 1086 685; x_wconf 90' lang='lat' dir='ltr'><strong>mihi</strong></span> <span class='ocrx_word' id='word_1_64' title='bbox 1111 634 1165 686; x_wconf 89' lang='lat' dir='ltr'><strong>in</strong></span> <span class='ocrx_word' id='word_1_65' title='bbox 1206 636 1461 692; x_wconf 77' lang='lat' dir='ltr'><strong>salutem.</strong></span> 
     </span>
    </p>
   </div>
   <div class='ocr_carea' id='block_1_9' title="bbox 1598 628 3128 703">
    <p class='ocr_par' dir='ltr' id='par_1_9' title="bbox 2119 631 3128 703">
     <span class='ocr_line' id='line_1_9' title="bbox 2119 631 3128 703; baseline -0.001 -17"><span class='ocrx_word' id='word_1_66' title='bbox 2119 631 2208 686; x_wconf 90' lang='lat'><strong>58.</strong></span> <span class='ocrx_word' id='word_1_67' title='bbox 2247 634 2356 685; x_wconf 79' lang='grc' dir='ltr'>Καὶ</span> <span class='ocrx_word' id='word_1_68' title='bbox 2382 633 2567 701; x_wconf 80' lang='grc' dir='ltr'><strong>ἐγένου</strong></span> <span class='ocrx_word' id='word_1_69' title='bbox 2605 650 2694 702; x_wconf 88' lang='grc' dir='ltr'><strong>μοι</strong></span> <span class='ocrx_word' id='word_1_70' title='bbox 2723 634 2803 695; x_wconf 77' lang='grc' dir='ltr'><strong>εἰς</strong></span> <span class='ocrx_word' id='word_1_71' title='bbox 2840 631 3128 703; x_wconf 76' lang='grc' dir='ltr'><strong>σωτηρίαν.</strong></span> 
     </span>
    </p>
   </div>
   <div class='ocr_carea' id='block_1_10' title="bbox 436 717 1966 793">
    <p class='ocr_par' dir='ltr' id='par_1_10' title="bbox 436 717 1693 792">
     <span class='ocr_line' id='line_1_10' title="bbox 436 717 1693 792; baseline 0.007 -23"><span class='ocrx_word' id='word_1_72' title='bbox 436 717 521 773; x_wconf 85' lang='grc'>59.</span> <span class='ocrx_word' id='word_1_73' title='bbox 553 718 897 775; x_wconf 87' lang='lat' dir='ltr'><strong>Conlitemini</strong></span> <span class='ocrx_word' id='word_1_74' title='bbox 930 720 1177 787; x_wconf 87' lang='lat' dir='ltr'><strong>Domino,</strong></span> <span class='ocrx_word' id='word_1_75' title='bbox 1205 724 1463 792; x_wconf 85' lang='lat' dir='ltr'><strong>quoniam</strong></span> <span class='ocrx_word' id='word_1_76' title='bbox 1495 725 1693 786; x_wconf 90' lang='lat' dir='ltr'><strong>bonus,</strong></span> 
     </span>
    </p>
   </div>
   <div class='ocr_carea' id='block_1_11' title="bbox 1877 717 3407 793">
    <p class='ocr_par' dir='ltr' id='par_1_11' title="bbox 2116 720 3407 793">
     <span class='ocr_line' id='line_1_11' title="bbox 2116 720 3407 793; baseline -0.002 -17"><span class='ocrx_word' id='word_1_77' title='bbox 2116 723 2205 777; x_wconf 88' lang='lat'><strong>59.</strong></span> <span class='ocrx_word' id='word_1_78' title='bbox 2251 722 2688 793; x_wconf 79' lang='grc' dir='ltr'>Ἐξομολογεῖσθε</span> <span class='ocrx_word' id='word_1_79' title='bbox 2712 722 2787 791; x_wconf 80' lang='grc' dir='ltr'>τῷ</span> <span class='ocrx_word' id='word_1_80' title='bbox 2828 722 3038 791; x_wconf 76' lang='grc' dir='ltr'>Κυρίῳ,</span> <span class='ocrx_word' id='word_1_81' title='bbox 3067 722 3147 773; x_wconf 84' lang='grc' dir='ltr'><strong>ὃτι</strong></span> <span class='ocrx_word' id='word_1_82' title='bbox 3186 720 3407 786; x_wconf 77' lang='grc' dir='ltr'>ἀγαθὸς,</span> 
     </span>
    </p>
   </div>
   <div class='ocr_carea' id='block_1_12' title="bbox 436 812 1966 886">
    <p class='ocr_par' dir='ltr' id='par_1_12' title="bbox 436 812 1762 886">
     <span class='ocr_line' id='line_1_12' title="bbox 436 812 1762 886; baseline 0.003 -20"><span class='ocrx_word' id='word_1_83' title='bbox 436 812 522 866; x_wconf 82' lang='lat'><strong>60.</strong></span> <span class='ocrx_word' id='word_1_84' title='bbox 553 812 820 877; x_wconf 82' lang='lat' dir='ltr'><strong>Quoniam</strong></span> <span class='ocrx_word' id='word_1_85' title='bbox 852 814 903 866; x_wconf 91' lang='lat' dir='ltr'><strong>in</strong></span> <span class='ocrx_word' id='word_1_86' title='bbox 935 815 1194 867; x_wconf 67' lang='lat' dir='ltr'><strong>saeculum</strong></span> <span class='ocrx_word' id='word_1_87' title='bbox 1220 816 1599 870; x_wconf 68' lang='lat' dir='ltr'><strong>misericordia</strong></span> <span class='ocrx_word' id='word_1_88' title='bbox 1625 817 1762 886; x_wconf 85' lang='lat' dir='ltr'><strong>ejus.</strong></span> 
     </span>
    </p>
   </div>
   <div class='ocr_carea' id='block_1_13' title="bbox 1738 812 3268 886">
    <p class='ocr_par' dir='ltr' id='par_1_13' title="bbox 1738 812 3268 877">
     <span class='ocr_line' id='line_1_13' title="bbox 1738 812 3268 877; baseline -0.003 -7"><span class='ocrx_word' id='word_1_89' title='bbox 1738 835 1762 870; x_wconf 72' lang='grc' dir='ltr'>ε.</span> <span class='ocrx_word' id='word_1_90' title='bbox 2119 813 2204 867; x_wconf 83' lang='grc'><strong>60.</strong></span> <span class='ocrx_word' id='word_1_91' title='bbox 2240 814 2361 867; x_wconf 87' lang='grc' dir='ltr'>’Ότι</span> <span class='ocrx_word' id='word_1_92' title='bbox 2392 817 2471 877; x_wconf 82' lang='grc' dir='ltr'><strong>εἰς</strong></span> <span class='ocrx_word' id='word_1_93' title='bbox 2496 814 2585 866; x_wconf 81' lang='grc' dir='ltr'>τὸν</span> <span class='ocrx_word' id='word_1_94' title='bbox 2620 813 2793 873; x_wconf 74' lang='grc' dir='ltr'>αἰῶνα</span> <span class='ocrx_word' id='word_1_95' title='bbox 2819 814 2879 865; x_wconf 84' lang='grc' dir='ltr'><strong>τὸ</strong></span> <span class='ocrx_word' id='word_1_96' title='bbox 2909 814 3057 875; x_wconf 76' lang='grc' dir='ltr'>ἔλεος</span> <span class='ocrx_word' id='word_1_97' title='bbox 3084 812 3268 865; x_wconf 77' lang='grc' dir='ltr'>αὑτοῦ.</span> 
     </span>
    </p>
   </div>
   <div class='ocr_carea' id='block_1_14' title="bbox 679 903 3225 977">
    <p class='ocr_par' dir='ltr' id='par_1_14' title="bbox 679 903 3225 977">
     <span class='ocr_line' id='line_1_14' title="bbox 679 903 3225 977; baseline 0.001 -21"><span class='ocrx_word' id='word_1_98' title='bbox 679 904 912 969; x_wconf 76' lang='lat' dir='ltr'><strong>Alleluia</strong></span> <span class='ocrx_word' id='word_1_99' title='bbox 942 905 1052 977; x_wconf 68' lang='lat'><strong>(1-)</strong></span> <span class='ocrx_word' id='word_1_100' title='bbox 1117 905 1251 961; x_wconf 76' lang='lat' dir='ltr'><strong>PSA</strong></span> <span class='ocrx_word' id='word_1_101' title='bbox 1267 907 1322 961; x_wconf 90' lang='lat' dir='ltr'><strong>L.</strong></span> <span class='ocrx_word' id='word_1_102' title='bbox 1357 907 1452 967; x_wconf 77' lang='lat' dir='ltr'><strong><em>CX</em></strong></span> <span class='ocrx_word' id='word_1_103' title='bbox 1470 907 1636 966; x_wconf 82' lang='lat' dir='ltr'><em>VIII.</em></span> <span class='ocrx_word' id='word_1_104' title='bbox 2448 908 2820 972; x_wconf 57' lang='lat' dir='ltr'><strong>‘AJJnJOL‘m.</strong></span> <span class='ocrx_word' id='word_1_105' title='bbox 2856 908 3029 959; x_wconf 81' lang='grc' dir='ltr'><strong>ΨΑΛ.</strong></span> <span class='ocrx_word' id='word_1_106' title='bbox 3061 903 3225 965; x_wconf 75' lang='lat' dir='ltr'><strong>PIH&#39;.</strong></span> 
     </span>
    </p>
   </div>
   <div class='ocr_carea' id='block_1_15' title="bbox 440 994 1970 1071">
    <p class='ocr_par' dir='ltr' id='par_1_15' title="bbox 440 994 1945 1071">
     <span class='ocr_line' id='line_1_15' title="bbox 440 994 1945 1071; baseline 0.007 -25"><span class='ocrx_word' id='word_1_107' title='bbox 440 996 488 1048; x_wconf 79' lang='lat' dir='ltr'><strong>l.</strong></span> <span class='ocrx_word' id='word_1_108' title='bbox 528 994 672 1050; x_wconf 82' lang='lat' dir='ltr'><strong>Beati</strong></span> <span class='ocrx_word' id='word_1_109' title='bbox 704 997 1040 1052; x_wconf 85' lang='lat' dir='ltr'><strong>immaculati</strong></span> <span class='ocrx_word' id='word_1_110' title='bbox 1073 1000 1124 1053; x_wconf 92' lang='lat' dir='ltr'><strong>in</strong></span> <span class='ocrx_word' id='word_1_111' title='bbox 1162 1000 1269 1065; x_wconf 85' lang='lat' dir='ltr'><strong>via,</strong></span> <span class='ocrx_word' id='word_1_112' title='bbox 1306 1002 1399 1071; x_wconf 86' lang='lat' dir='ltr'><strong>qui</strong></span> <span class='ocrx_word' id='word_1_113' title='bbox 1433 1001 1719 1056; x_wconf 88' lang='lat' dir='ltr'><strong>ambulant</strong></span> <span class='ocrx_word' id='word_1_114' title='bbox 1745 1002 1798 1054; x_wconf 95' lang='lat' dir='ltr'><strong>in</strong></span> <span class='ocrx_word' id='word_1_115' title='bbox 1831 1002 1945 1071; x_wconf 77' lang='lat' dir='ltr'><strong>lege</strong></span> 
     </span>
    </p>
   </div>
   <div class='ocr_carea' id='block_1_16' title="bbox 2122 994 3652 1071">
    <p class='ocr_par' dir='ltr' id='par_1_16' title="bbox 2122 996 3652 1071">
     <span class='ocr_line' id='line_1_16' title="bbox 2122 996 3652 1071; baseline -0.001 -20"><span class='ocrx_word' id='word_1_116' title='bbox 2122 999 2171 1053; x_wconf 78' lang='grc'>1.</span> <span class='ocrx_word' id='word_1_117' title='bbox 2205 998 2547 1071; x_wconf 82' lang='grc' dir='ltr'>Μακάριοιοὶ</span> <span class='ocrx_word' id='word_1_118' title='bbox 2582 999 2803 1069; x_wconf 83' lang='grc' dir='ltr'>ἄμωμοι</span> <span class='ocrx_word' id='word_1_119' title='bbox 2833 1000 2891 1049; x_wconf 86' lang='grc' dir='ltr'>ὲν</span> <span class='ocrx_word' id='word_1_120' title='bbox 2917 996 3043 1067; x_wconf 81' lang='grc' dir='ltr'>ὀδῷ,</span> <span class='ocrx_word' id='word_1_121' title='bbox 3078 999 3127 1049; x_wconf 80' lang='grc' dir='ltr'>οἱ</span> <span class='ocrx_word' id='word_1_122' title='bbox 3166 996 3526 1067; x_wconf 80' lang='grc' dir='ltr'>πορευόμενοι</span> <span class='ocrx_word' id='word_1_123' title='bbox 3574 996 3652 1049; x_wconf 68' lang='grc' dir='ltr'>ὲν</span> 
     </span>
    </p>
   </div>
   <div class='ocr_carea' id='block_1_17' title="bbox 374 1086 2449 1159">
    <p class='ocr_par' dir='ltr' id='par_1_17' title="bbox 374 1086 2449 1159">
     <span class='ocr_line' id='line_1_17' title="bbox 374 1086 2449 1159; baseline 0.002 -23"><span class='ocrx_word' id='word_1_124' title='bbox 374 1086 611 1144; x_wconf 77' lang='lat' dir='ltr'><strong>Domini.</strong></span> <span class='ocrx_word' id='word_1_125' title='bbox 2048 1090 2199 1159; x_wconf 81' lang='grc' dir='ltr'>νόμῳ</span> <span class='ocrx_word' id='word_1_126' title='bbox 2223 1089 2449 1159; x_wconf 83' lang='grc' dir='ltr'>Κυρίου.</span> 
     </span>
    </p>
   </div>
   <div class='ocr_carea' id='block_1_18' title="bbox 436 1176 1966 1255">
    <p class='ocr_par' dir='ltr' id='par_1_18' title="bbox 436 1177 1946 1250">
     <span class='ocr_line' id='line_1_18' title="bbox 436 1177 1946 1250; baseline 0.004 -19"><span class='ocrx_word' id='word_1_127' title='bbox 436 1177 491 1243; x_wconf 72' lang='lat'><strong>2.</strong></span> <span class='ocrx_word' id='word_1_128' title='bbox 528 1177 673 1234; x_wconf 73' lang='lat' dir='ltr'><strong>Beati</strong></span> <span class='ocrx_word' id='word_1_129' title='bbox 710 1181 802 1247; x_wconf 90' lang='lat' dir='ltr'><strong>qui</strong></span> <span class='ocrx_word' id='word_1_130' title='bbox 844 1191 1163 1245; x_wconf 83' lang='lat' dir='ltr'><strong>scrutantur</strong></span> <span class='ocrx_word' id='word_1_131' title='bbox 1207 1183 1515 1236; x_wconf 87' lang='lat' dir='ltr'><strong>testimonia</strong></span> <span class='ocrx_word' id='word_1_132' title='bbox 1543 1184 1684 1250; x_wconf 86' lang='lat' dir='ltr'><strong>ejus,</strong></span> <span class='ocrx_word' id='word_1_133' title='bbox 1728 1182 1780 1235; x_wconf 92' lang='lat' dir='ltr'><strong>in</strong></span> <span class='ocrx_word' id='word_1_134' title='bbox 1832 1191 1946 1237; x_wconf 92' lang='lat' dir='ltr'><strong>toto</strong></span> 
     </span>
    </p>
   </div>
   <div class='ocr_carea' id='block_1_19' title="bbox 2114 1176 3644 1255">
    <p class='ocr_par' dir='ltr' id='par_1_19' title="bbox 2119 1176 3644 1251">
     <span class='ocr_line' id='line_1_19' title="bbox 2119 1176 3644 1251; baseline -0.003 -14"><span class='ocrx_word' id='word_1_135' title='bbox 2119 1181 2172 1238; x_wconf 74' lang='lat'><strong>9..</strong></span> <span class='ocrx_word' id='word_1_136' title='bbox 2201 1181 2479 1251; x_wconf 78' lang='grc' dir='ltr'><strong>Μακάριοι</strong></span> <span class='ocrx_word' id='word_1_137' title='bbox 2516 1182 2564 1235; x_wconf 82' lang='grc' dir='ltr'><strong>οι</strong></span> <span class='ocrx_word' id='word_1_138' title='bbox 2593 1180 2985 1251; x_wconf 79' lang='grc' dir='ltr'>ἐξερευνῶντες</span> <span class='ocrx_word' id='word_1_139' title='bbox 3015 1178 3083 1230; x_wconf 82' lang='grc' dir='ltr'><strong>τά</strong></span> <span class='ocrx_word' id='word_1_140' title='bbox 3128 1178 3405 1249; x_wconf 83' lang='grc' dir='ltr'>μαρτύρια</span> <span class='ocrx_word' id='word_1_141' title='bbox 3445 1176 3644 1233; x_wconf 68' lang='grc' dir='ltr'><strong>αὑτοῦ.ι</strong></span> 
     </span>
    </p>
   </div>
   <div class='ocr_carea' id='block_1_20' title="bbox 370 1269 1900 1343">
    <p class='ocr_par' dir='ltr' id='par_1_20' title="bbox 370 1269 1027 1339">
     <span class='ocr_line' id='line_1_20' title="bbox 370 1269 1027 1339; baseline 0.011 -19"><span class='ocrx_word' id='word_1_142' title='bbox 370 1269 534 1323; x_wconf 68' lang='lat' dir='ltr'><strong>corde</strong></span> <span class='ocrx_word' id='word_1_143' title='bbox 559 1273 849 1339; x_wconf 82' lang='lat' dir='ltr'><strong>exquircnt</strong></span> <span class='ocrx_word' id='word_1_144' title='bbox 880 1289 1027 1327; x_wconf 89' lang='lat' dir='ltr'><strong>eum.</strong></span> 
     </span>
    </p>
   </div>
   <div class='ocr_carea' id='block_1_21' title="bbox 1578 1269 3108 1343">
    <p class='ocr_par' dir='ltr' id='par_1_21' title="bbox 2053 1270 3108 1343">
     <span class='ocr_line' id='line_1_21' title="bbox 2053 1270 3108 1343; baseline -0.002 -18"><span class='ocrx_word' id='word_1_145' title='bbox 2053 1275 2107 1325; x_wconf 73' lang='lat' dir='ltr'><strong>tv</strong></span> <span class='ocrx_word' id='word_1_146' title='bbox 2146 1272 2243 1343; x_wconf 82' lang='grc' dir='ltr'><strong>ὅλῃ</strong></span> <span class='ocrx_word' id='word_1_147' title='bbox 2270 1273 2467 1342; x_wconf 67' lang='grc' dir='ltr'>καρδίᾳ</span> <span class='ocrx_word' id='word_1_148' title='bbox 2500 1272 2897 1342; x_wconf 80' lang='grc' dir='ltr'>ὲκζητήσουσιν</span> <span class='ocrx_word' id='word_1_149' title='bbox 2924 1270 3108 1323; x_wconf 73' lang='grc' dir='ltr'>αὐτόν.</span> 
     </span>
    </p>
   </div>
   <div class='ocr_carea' id='block_1_22' title="bbox 442 1358 1972 1435">
    <p class='ocr_par' dir='ltr' id='par_1_22' title="bbox 442 1358 1949 1435">
     <span class='ocr_line' id='line_1_22' title="bbox 442 1358 1949 1435; baseline 0.006 -24"><span class='ocrx_word' id='word_1_150' title='bbox 442 1359 493 1412; x_wconf 81' lang='lat'><strong>5.</strong></span> <span class='ocrx_word' id='word_1_151' title='bbox 532 1358 647 1413; x_wconf 83' lang='lat' dir='ltr'><strong>Non</strong></span> <span class='ocrx_word' id='word_1_152' title='bbox 684 1362 826 1415; x_wconf 91' lang='lat' dir='ltr'><strong>enim</strong></span> <span class='ocrx_word' id='word_1_153' title='bbox 862 1365 953 1433; x_wconf 88' lang='lat' dir='ltr'><strong>qui</strong></span> <span class='ocrx_word' id='word_1_154' title='bbox 991 1373 1287 1434; x_wconf 82' lang='lat' dir='ltr'><strong>operantur</strong></span> <span class='ocrx_word' id='word_1_155' title='bbox 1336 1365 1699 1435; x_wconf 84' lang='lat' dir='ltr'><strong>iniquitatem,</strong></span> <span class='ocrx_word' id='word_1_156' title='bbox 1749 1366 1802 1425; x_wconf 86' lang='lat' dir='ltr'><strong>in</strong></span> <span class='ocrx_word' id='word_1_157' title='bbox 1849 1366 1949 1420; x_wconf 84' lang='lat' dir='ltr'><strong>viis</strong></span> 
     </span>
    </p>
   </div>
   <div class='ocr_carea' id='block_1_23' title="bbox 2119 1358 3649 1435">
    <p class='ocr_par' dir='ltr' id='par_1_23' title="bbox 2121 1358 3649 1434">
     <span class='ocr_line' id='line_1_23' title="bbox 2121 1358 3649 1434; baseline -0.006 -16"><span class='ocrx_word' id='word_1_158' title='bbox 2121 1366 2173 1418; x_wconf 74' lang='lat'><strong>5.</strong></span> <span class='ocrx_word' id='word_1_159' title='bbox 2202 1365 2274 1416; x_wconf 74' lang='grc' dir='ltr'><strong>Οὐ</strong></span> <span class='ocrx_word' id='word_1_160' title='bbox 2306 1364 2413 1434; x_wconf 76' lang='grc' dir='ltr'>γὰρ</span> <span class='ocrx_word' id='word_1_161' title='bbox 2437 1364 2485 1415; x_wconf 85' lang='grc' dir='ltr'>οἱ</span> <span class='ocrx_word' id='word_1_162' title='bbox 2509 1362 2865 1434; x_wconf 76' lang='grc' dir='ltr'>ἐργαζόμενοι</span> <span class='ocrx_word' id='word_1_163' title='bbox 2894 1363 2992 1433; x_wconf 77' lang='grc' dir='ltr'><strong>τὴν</strong></span> <span class='ocrx_word' id='word_1_164' title='bbox 3016 1362 3244 1433; x_wconf 72' lang='grc' dir='ltr'>ἀνομίαν</span> <span class='ocrx_word' id='word_1_165' title='bbox 3268 1364 3325 1414; x_wconf 84' lang='grc' dir='ltr'><strong>ὲν</strong></span> <span class='ocrx_word' id='word_1_166' title='bbox 3356 1362 3476 1421; x_wconf 86' lang='grc' dir='ltr'>ταῖς</span> <span class='ocrx_word' id='word_1_167' title='bbox 3497 1358 3649 1421; x_wconf 79' lang='grc' dir='ltr'>ὁδοῖς</span> 
     </span>
    </p>
   </div>
   <div class='ocr_carea' id='block_1_24' title="bbox 373 1450 1903 1522">
    <p class='ocr_par' dir='ltr' id='par_1_24' title="bbox 373 1450 963 1517">
     <span class='ocr_line' id='line_1_24' title="bbox 373 1450 963 1517; baseline 0.008 -14"><span class='ocrx_word' id='word_1_168' title='bbox 373 1450 490 1517; x_wconf 74' lang='lat' dir='ltr'><strong>ejus</strong></span> <span class='ocrx_word' id='word_1_169' title='bbox 528 1452 963 1508; x_wconf 83' lang='lat' dir='ltr'><strong>ambulaverunt.</strong></span> 
     </span>
    </p>
   </div>
   <div class='ocr_carea' id='block_1_25' title="bbox 1114 1450 2644 1522">
    <p class='ocr_par' dir='ltr' id='par_1_25' title="bbox 2052 1452 2644 1522">
     <span class='ocr_line' id='line_1_25' title="bbox 2052 1452 2644 1522; baseline 0.003 -19"><span class='ocrx_word' id='word_1_170' title='bbox 2052 1452 2214 1511; x_wconf 73' lang='grc' dir='ltr'>αὑτοῦ</span> <span class='ocrx_word' id='word_1_171' title='bbox 2250 1452 2644 1522; x_wconf 79' lang='grc' dir='ltr'>ἐπορεύθησαν.</span> 
     </span>
    </p>
   </div>
   <div class='ocr_carea' id='block_1_26' title="bbox 442 1538 1972 1610">
    <p class='ocr_par' dir='ltr' id='par_1_26' title="bbox 442 1540 1875 1608">
     <span class='ocr_line' id='line_1_26' title="bbox 442 1540 1875 1608; baseline 0.004 -15"><span class='ocrx_word' id='word_1_172' title='bbox 442 1541 494 1594; x_wconf 72' lang='grc'><strong>4.</strong></span> <span class='ocrx_word' id='word_1_173' title='bbox 527 1540 608 1595; x_wconf 92' lang='lat' dir='ltr'><strong>Tu</strong></span> <span class='ocrx_word' id='word_1_174' title='bbox 640 1544 927 1598; x_wconf 70' lang='lat' dir='ltr'><strong>mandasti</strong></span> <span class='ocrx_word' id='word_1_175' title='bbox 950 1546 1205 1599; x_wconf 86' lang='lat' dir='ltr'><strong>mandata</strong></span> <span class='ocrx_word' id='word_1_176' title='bbox 1240 1555 1359 1608; x_wconf 85' lang='lat' dir='ltr'><strong>tua,</strong></span> <span class='ocrx_word' id='word_1_177' title='bbox 1383 1547 1649 1602; x_wconf 80' lang='lat' dir='ltr'><strong>custodiri</strong></span> <span class='ocrx_word' id='word_1_178' title='bbox 1690 1547 1875 1601; x_wconf 90' lang='lat' dir='ltr'><strong>nimis.</strong></span> 
     </span>
    </p>
   </div>
   <div class='ocr_carea' id='block_1_27' title="bbox 2110 1538 3640 1610">
    <p class='ocr_par' dir='ltr' id='par_1_27' title="bbox 2123 1538 3640 1610">
     <span class='ocr_line' id='line_1_27' title="bbox 2123 1538 3640 1610; baseline -0.005 -12"><span class='ocrx_word' id='word_1_179' title='bbox 2123 1544 2173 1598; x_wconf 74' lang='grc'><strong>4.</strong></span> <span class='ocrx_word' id='word_1_180' title='bbox 2206 1545 2277 1596; x_wconf 70' lang='grc' dir='ltr'><strong>ΣΞ)</strong></span> <span class='ocrx_word' id='word_1_181' title='bbox 2332 1544 2583 1597; x_wconf 73' lang='grc' dir='ltr'>ἐνετείλω</span> <span class='ocrx_word' id='word_1_182' title='bbox 2623 1544 2723 1607; x_wconf 79' lang='grc' dir='ltr'>τὰς</span> <span class='ocrx_word' id='word_1_183' title='bbox 2752 1543 2971 1606; x_wconf 76' lang='grc' dir='ltr'>ἐντολάς</span> <span class='ocrx_word' id='word_1_184' title='bbox 3000 1559 3094 1595; x_wconf 90' lang='grc' dir='ltr'><strong>σου</strong></span> <span class='ocrx_word' id='word_1_185' title='bbox 3117 1581 3131 1606; x_wconf 94' lang='grc'>,</span> <span class='ocrx_word' id='word_1_186' title='bbox 3166 1543 3260 1593; x_wconf 74' lang='grc' dir='ltr'>τοῦ</span> <span class='ocrx_word' id='word_1_187' title='bbox 3293 1538 3640 1610; x_wconf 74' lang='grc' dir='ltr'>φυλάξασθαι</span> 
     </span>
    </p>
   </div>
   <div class='ocr_carea' id='block_1_28' title="bbox 2057 1634 2279 1704">
    <p class='ocr_par' dir='ltr' id='par_1_28' title="bbox 2057 1634 2279 1704">
     <span class='ocr_line' id='line_1_28' title="bbox 2057 1634 2279 1704; baseline 0.009 -19"><span class='ocrx_word' id='word_1_188' title='bbox 2057 1634 2279 1704; x_wconf 63' lang='grc' dir='ltr'>σφόδρα.</span> 
     </span>
    </p>
   </div>
   <div class='ocr_carea' id='block_1_29' title="bbox 446 1702 1976 1799">
    <p class='ocr_par' dir='ltr' id='par_1_29' title="bbox 446 1718 1949 1797">
     <span class='ocr_line' id='line_1_29' title="bbox 446 1718 1949 1797; baseline 0.003 -23"><span class='ocrx_word' id='word_1_189' title='bbox 446 1720 497 1783; x_wconf 80' lang='lat'><strong>5.</strong></span> <span class='ocrx_word' id='word_1_190' title='bbox 532 1718 749 1775; x_wconf 87' lang='lat' dir='ltr'><strong>Utinam</strong></span> <span class='ocrx_word' id='word_1_191' title='bbox 792 1722 1097 1792; x_wconf 81' lang='lat' dir='ltr'><strong>dirigantur</strong></span> <span class='ocrx_word' id='word_1_192' title='bbox 1132 1725 1232 1778; x_wconf 63' lang='lat' dir='ltr'><strong>viae</strong></span> <span class='ocrx_word' id='word_1_193' title='bbox 1263 1740 1416 1791; x_wconf 63' lang='lat' dir='ltr'><strong>mem,</strong></span> <span class='ocrx_word' id='word_1_194' title='bbox 1455 1725 1522 1789; x_wconf 85' lang='lat' dir='ltr'><strong>ad</strong></span> <span class='ocrx_word' id='word_1_195' title='bbox 1563 1724 1949 1797; x_wconf 75' lang='lat' dir='ltr'><strong>custodiendas</strong></span> 
     </span>
    </p>
   </div>
   <div class='ocr_carea' id='block_1_30' title="bbox 2118 1702 3648 1799">
    <p class='ocr_par' dir='ltr' id='par_1_30' title="bbox 2128 1702 3648 1799">
     <span class='ocr_line' id='line_1_30' title="bbox 2128 1702 3648 1799; baseline -0.003 -20"><span class='ocrx_word' id='word_1_196' title='bbox 2128 1726 2179 1779; x_wconf 96' lang='lat'><strong>5.</strong></span> <span class='ocrx_word' id='word_1_197' title='bbox 2199 1702 2443 1794; x_wconf 28' lang='lat'><strong>50992103)</strong></span> <span class='ocrx_word' id='word_1_198' title='bbox 2471 1722 2966 1794; x_wconf 79' lang='grc' dir='ltr'>κατευθυνϐεἰησαν</span> <span class='ocrx_word' id='word_1_199' title='bbox 2991 1724 3048 1776; x_wconf 83' lang='grc' dir='ltr'>αἱ</span> <span class='ocrx_word' id='word_1_200' title='bbox 3076 1723 3183 1776; x_wconf 82' lang='grc' dir='ltr'>ὁδοί</span> <span class='ocrx_word' id='word_1_201' title='bbox 3208 1740 3332 1799; x_wconf 89' lang='grc' dir='ltr'>μου,</span> <span class='ocrx_word' id='word_1_202' title='bbox 3353 1723 3446 1784; x_wconf 77' lang='grc' dir='ltr'>τοῦ</span> <span class='ocrx_word' id='word_1_203' title='bbox 3477 1721 3648 1790; x_wconf 79' lang='grc' dir='ltr'>φυλά-</span> 
     </span>
    </p>
   </div>
   <div class='ocr_carea' id='block_1_31' title="bbox 368 1810 1898 1885">
    <p class='ocr_par' dir='ltr' id='par_1_31' title="bbox 368 1810 959 1881">
     <span class='ocr_line' id='line_1_31' title="bbox 368 1810 959 1881; baseline 0.003 -15"><span class='ocrx_word' id='word_1_204' title='bbox 368 1810 784 1881; x_wconf 79' lang='lat' dir='ltr'><strong>justiﬁcationes</strong></span> <span class='ocrx_word' id='word_1_205' title='bbox 817 1820 959 1881; x_wconf 82' lang='lat' dir='ltr'><strong>tuas.</strong></span> 
     </span>
    </p>
   </div>
   <div class='ocr_carea' id='block_1_32' title="bbox 1338 1810 2868 1885">
    <p class='ocr_par' dir='ltr' id='par_1_32' title="bbox 2059 1814 2868 1885">
     <span class='ocr_line' id='line_1_32' title="bbox 2059 1814 2868 1885; baseline 0 -18"><span class='ocrx_word' id='word_1_206' title='bbox 2059 1814 2249 1880; x_wconf 78' lang='grc' dir='ltr'>ξασθαι</span> <span class='ocrx_word' id='word_1_207' title='bbox 2278 1816 2346 1868; x_wconf 74' lang='grc' dir='ltr'>τὰ</span> <span class='ocrx_word' id='word_1_208' title='bbox 2379 1814 2727 1885; x_wconf 84' lang='grc' dir='ltr'>δικαιώματά</span> <span class='ocrx_word' id='word_1_209' title='bbox 2756 1832 2868 1867; x_wconf 85' lang='grc' dir='ltr'>σου.</span> 
     </span>
    </p>
   </div>
   <div class='ocr_carea' id='block_1_33' title="bbox 443 1902 1973 1985">
    <p class='ocr_par' dir='ltr' id='par_1_33' title="bbox 443 1902 1948 1979">
     <span class='ocr_line' id='line_1_33' title="bbox 443 1902 1948 1979; baseline 0.003 -23"><span class='ocrx_word' id='word_1_210' title='bbox 443 1903 495 1957; x_wconf 91' lang='grc'>6.</span> <span class='ocrx_word' id='word_1_211' title='bbox 531 1902 683 1957; x_wconf 90' lang='lat' dir='ltr'><strong>Tunc</strong></span> <span class='ocrx_word' id='word_1_212' title='bbox 717 1920 823 1963; x_wconf 89' lang='lat' dir='ltr'><strong>non</strong></span> <span class='ocrx_word' id='word_1_213' title='bbox 852 1904 1159 1960; x_wconf 80' lang='lat' dir='ltr'><strong>confundar</strong></span> <span class='ocrx_word' id='word_1_214' title='bbox 1212 1923 1333 1961; x_wconf 91' lang='lat' dir='ltr'><strong>enm</strong></span> <span class='ocrx_word' id='word_1_215' title='bbox 1369 1921 1695 1979; x_wconf 76' lang='lat' dir='ltr'><strong>perspexero</strong></span> <span class='ocrx_word' id='word_1_216' title='bbox 1727 1908 1778 1959; x_wconf 92' lang='lat' dir='ltr'><strong>in</strong></span> <span class='ocrx_word' id='word_1_217' title='bbox 1832 1923 1948 1961; x_wconf 85' lang='lat' dir='ltr'><strong>om-</strong></span> 
     </span>
    </p>
   </div>
   <div class='ocr_carea' id='block_1_34' title="bbox 2116 1902 3646 1985">
    <p class='ocr_par' dir='ltr' id='par_1_34' title="bbox 2126 1905 3646 1985">
     <span class='ocr_line' id='line_1_34' title="bbox 2126 1905 3646 1985; baseline -0.001 -25"><span class='ocrx_word' id='word_1_218' title='bbox 2126 1906 2179 1960; x_wconf 70' lang='lat'><strong>6.</strong></span> <span class='ocrx_word' id='word_1_219' title='bbox 2209 1908 2342 1960; x_wconf 80' lang='grc' dir='ltr'>Τότε</span> <span class='ocrx_word' id='word_1_220' title='bbox 2377 1909 2437 1961; x_wconf 72' lang='grc' dir='ltr'><strong>οὐ</strong></span> <span class='ocrx_word' id='word_1_221' title='bbox 2468 1909 2541 1979; x_wconf 85' lang='grc' dir='ltr'>μὴ</span> <span class='ocrx_word' id='word_1_222' title='bbox 2564 1906 2859 1978; x_wconf 74' lang='grc' dir='ltr'>αἰσχυνθῶ,</span> <span class='ocrx_word' id='word_1_223' title='bbox 2888 1910 2945 1960; x_wconf 81' lang='grc' dir='ltr'>ἐν</span> <span class='ocrx_word' id='word_1_224' title='bbox 2978 1906 3054 1977; x_wconf 79' lang='grc' dir='ltr'><strong>τῷ</strong></span> <span class='ocrx_word' id='word_1_225' title='bbox 3082 1924 3149 1976; x_wconf 90' lang='grc' dir='ltr'><strong>με</strong></span> <span class='ocrx_word' id='word_1_226' title='bbox 3197 1905 3513 1985; x_wconf 63' lang='grc' dir='ltr'>ὲπιὸλεπειν</span> <span class='ocrx_word' id='word_1_227' title='bbox 3543 1906 3646 1960; x_wconf 71' lang='grc' dir='ltr'>ἐπὶ</span> 
     </span>
    </p>
   </div>
   <div class='ocr_carea' id='block_1_35' title="bbox 372 1982 1902 2071">
    <p class='ocr_par' dir='ltr' id='par_1_35' title="bbox 372 1998 990 2071">
     <span class='ocr_line' id='line_1_35' title="bbox 372 1998 990 2071; baseline 0.003 -20"><span class='ocrx_word' id='word_1_228' title='bbox 372 1998 537 2071; x_wconf 74' lang='lat' dir='ltr'><strong>nibus</strong></span> <span class='ocrx_word' id='word_1_229' title='bbox 562 2000 831 2054; x_wconf 80' lang='lat' dir='ltr'><strong>mandatis</strong></span> <span class='ocrx_word' id='word_1_230' title='bbox 862 2001 990 2054; x_wconf 84' lang='lat' dir='ltr'><strong>tuis.</strong></span> 
     </span>
    </p>
   </div>
   <div class='ocr_carea' id='block_1_36' title="bbox 1853 1982 3383 2071">
    <p class='ocr_par' dir='ltr' id='par_1_36' title="bbox 2060 2000 2759 2064">
     <span class='ocr_line' id='line_1_36' title="bbox 2060 2000 2759 2064; baseline -0.004 -10"><span class='ocrx_word' id='word_1_231' title='bbox 2060 2001 2241 2063; x_wconf 87' lang='grc' dir='ltr'>πάσας</span> <span class='ocrx_word' id='word_1_232' title='bbox 2275 2001 2375 2064; x_wconf 74' lang='grc' dir='ltr'>τὰς</span> <span class='ocrx_word' id='word_1_233' title='bbox 2401 2000 2618 2053; x_wconf 82' lang='grc' dir='ltr'>ὲντολά·</span> <span class='ocrx_word' id='word_1_234' title='bbox 2647 2016 2759 2063; x_wconf 80' lang='grc' dir='ltr'>σου.</span> 
     </span>
    </p>
   </div>
   <div class='ocr_carea' id='block_1_37' title="bbox 1499 2113 2506 2193">
    <p class='ocr_par' dir='ltr' id='par_1_37' title="bbox 1499 2113 2506 2193">
     <span class='ocr_line' id='line_1_37' title="bbox 1499 2113 2506 2193; baseline 0.002 -25"><span class='ocrx_word' id='word_1_235' title='bbox 1499 2113 1879 2169; x_wconf 75' lang='lat' dir='ltr'><strong>ATHANASII</strong></span> <span class='ocrx_word' id='word_1_236' title='bbox 1923 2114 2506 2193; x_wconf 58' lang='lat' dir='ltr'><strong>INTERPRETATIO.</strong></span> 
     </span>
    </p>
   </div>
   <div class='ocr_carea' id='block_1_38' title="bbox 450 2226 1980 2308">
    <p class='ocr_par' dir='ltr' id='par_1_38' title="bbox 450 2226 1952 2302">
     <span class='ocr_line' id='line_1_38' title="bbox 450 2226 1952 2302; baseline 0.009 -21"><span class='ocrx_word' id='word_1_237' title='bbox 450 2226 535 2294; x_wconf 80' lang='lat'><strong>55,</strong></span> <span class='ocrx_word' id='word_1_238' title='bbox 573 2229 661 2282; x_wconf 88' lang='lat'><strong>56.</strong></span> <span class='ocrx_word' id='word_1_239' title='bbox 701 2227 1093 2302; x_wconf 81' lang='lat' dir='ltr'><strong>Unusquisque</strong></span> <span class='ocrx_word' id='word_1_240' title='bbox 1137 2235 1474 2289; x_wconf 88' lang='lat' dir='ltr'><strong>credentium</strong></span> <span class='ocrx_word' id='word_1_241' title='bbox 1526 2237 1755 2294; x_wconf 89' lang='lat' dir='ltr'><strong>audiens</strong></span> <span class='ocrx_word' id='word_1_242' title='bbox 1797 2257 1952 2294; x_wconf 89' lang='lat' dir='ltr'><strong>amo-</strong></span> 
     </span>
    </p>
   </div>
   <div class='ocr_carea' id='block_1_39' title="bbox 2115 2226 3645 2308">
    <p class='ocr_par' dir='ltr' id='par_1_39' title="bbox 2124 2237 3645 2308">
     <span class='ocr_line' id='line_1_39' title="bbox 2124 2237 3645 2308; baseline 0 -17"><span class='ocrx_word' id='word_1_243' title='bbox 2124 2238 2211 2301; x_wconf 87' lang='lat'><strong>55,</strong></span> <span class='ocrx_word' id='word_1_244' title='bbox 2242 2237 2329 2292; x_wconf 85' lang='lat'><strong>56.</strong></span> <span class='ocrx_word' id='word_1_245' title='bbox 2369 2238 2444 2308; x_wconf 52' lang='grc' dir='ltr'><strong>(νί)</strong></span> <span class='ocrx_word' id='word_1_246' title='bbox 2482 2239 2752 2307; x_wconf 77' lang='grc' dir='ltr'>Ἕκαστος</span> <span class='ocrx_word' id='word_1_247' title='bbox 2786 2238 2896 2295; x_wconf 82' lang='grc' dir='ltr'><strong>τῶν</strong></span> <span class='ocrx_word' id='word_1_248' title='bbox 2941 2239 3370 2303; x_wconf 73' lang='grc' dir='ltr'><strong>πιστευσάντων,</strong></span> <span class='ocrx_word' id='word_1_249' title='bbox 3402 2238 3645 2303; x_wconf 68' lang='grc' dir='ltr'>ἀκούσας</span> 
     </span>
    </p>
   </div>
   <div class='ocr_carea' id='block_1_40' title="bbox 374 2321 1904 2401">
    <p class='ocr_par' dir='ltr' id='par_1_40' title="bbox 374 2321 1904 2396">
     <span class='ocr_line' id='line_1_40' title="bbox 374 2321 1904 2396; baseline 0.009 -26"><span class='ocrx_word' id='word_1_250' title='bbox 374 2334 511 2381; x_wconf 87' lang='lat' dir='ltr'><strong>rem,</strong></span> <span class='ocrx_word' id='word_1_251' title='bbox 553 2328 607 2373; x_wconf 86' lang='lat' dir='ltr'><strong>et</strong></span> <span class='ocrx_word' id='word_1_252' title='bbox 652 2321 859 2376; x_wconf 83' lang='lat' dir='ltr'><strong>viscera</strong></span> <span class='ocrx_word' id='word_1_253' title='bbox 889 2324 1131 2378; x_wconf 86' lang='lat' dir='ltr'><strong>crucilix-i</strong></span> <span class='ocrx_word' id='word_1_254' title='bbox 1175 2338 1392 2396; x_wconf 81' lang='lat' dir='ltr'><strong>propter</strong></span> <span class='ocrx_word' id='word_1_255' title='bbox 1433 2345 1554 2396; x_wconf 86' lang='lat' dir='ltr'><strong>nos,</strong></span> <span class='ocrx_word' id='word_1_256' title='bbox 1590 2330 1767 2384; x_wconf 89' lang='lat' dir='ltr'><strong>dicit:</strong></span> <span class='ocrx_word' id='word_1_257' title='bbox 1815 2331 1904 2384; x_wconf 77' lang='lat' dir='ltr'><strong>De:</strong></span> 
     </span>
    </p>
   </div>
   <div class='ocr_carea' id='block_1_41' title="bbox 2115 2321 3645 2401">
    <p class='ocr_par' dir='ltr' id='par_1_41' title="bbox 2115 2329 3645 2401">
     <span class='ocr_line' id='line_1_41' title="bbox 2115 2329 3645 2401; baseline 0.001 -19"><span class='ocrx_word' id='word_1_258' title='bbox 2115 2347 2148 2399; x_wconf 41' lang='grc' dir='ltr'><strong>ᾖ)</strong></span> <span class='ocrx_word' id='word_1_259' title='bbox 2184 2331 2426 2398; x_wconf 75' lang='grc' dir='ltr'>ἀγάπην,</span> <span class='ocrx_word' id='word_1_260' title='bbox 2462 2331 2553 2385; x_wconf 73' lang='grc' dir='ltr'><strong>καὶ</strong></span> <span class='ocrx_word' id='word_1_261' title='bbox 2582 2331 2651 2383; x_wconf 79' lang='grc' dir='ltr'>τὰ</span> <span class='ocrx_word' id='word_1_262' title='bbox 2684 2330 2967 2398; x_wconf 83' lang='grc' dir='ltr'>σπλάγχνα</span> <span class='ocrx_word' id='word_1_263' title='bbox 2999 2329 3094 2381; x_wconf 77' lang='grc' dir='ltr'>τοῦ</span> <span class='ocrx_word' id='word_1_264' title='bbox 3133 2330 3542 2401; x_wconf 75' lang='grc' dir='ltr'>σταυρωθέντος</span> <span class='ocrx_word' id='word_1_265' title='bbox 3570 2331 3645 2384; x_wconf 78' lang='grc' dir='ltr'>δι’</span> 
     </span>
    </p>
   </div>
   <div class='ocr_carea' id='block_1_42' title="bbox 378 2417 1908 2501">
    <p class='ocr_par' dir='ltr' id='par_1_42' title="bbox 378 2417 1908 2493">
     <span class='ocr_line' id='line_1_42' title="bbox 378 2417 1908 2493; baseline 0.008 -28"><span class='ocrx_word' id='word_1_266' title='bbox 378 2427 519 2469; x_wconf 72' lang='lat' dir='ltr'><strong>meus</strong></span> <span class='ocrx_word' id='word_1_267' title='bbox 562 2428 615 2464; x_wconf 80' lang='lat' dir='ltr'><strong>es</strong></span> <span class='ocrx_word' id='word_1_268' title='bbox 660 2422 735 2476; x_wconf 83' lang='lat' dir='ltr'><strong>tu,</strong></span> <span class='ocrx_word' id='word_1_269' title='bbox 779 2424 827 2467; x_wconf 82' lang='lat' dir='ltr'><strong>et</strong></span> <span class='ocrx_word' id='word_1_270' title='bbox 876 2417 1182 2484; x_wconf 73' lang='lat' dir='ltr'><strong>confitebor,</strong></span> <span class='ocrx_word' id='word_1_271' title='bbox 1239 2436 1322 2474; x_wconf 85' lang='lat' dir='ltr'><strong>me</strong></span> <span class='ocrx_word' id='word_1_272' title='bbox 1378 2421 1554 2491; x_wconf 79' lang='lat' dir='ltr'><strong>ipsum</strong></span> <span class='ocrx_word' id='word_1_273' title='bbox 1609 2424 1908 2493; x_wconf 80' lang='lat' dir='ltr'><strong>redemptul</strong></span> 
     </span>
    </p>
   </div>
   <div class='ocr_carea' id='block_1_43' title="bbox 2116 2417 3646 2501">
    <p class='ocr_par' dir='ltr' id='par_1_43' title="bbox 2116 2419 3646 2494">
     <span class='ocr_line' id='line_1_43' title="bbox 2116 2419 3646 2494; baseline 0.001 -20"><span class='ocrx_word' id='word_1_274' title='bbox 2116 2424 2217 2485; x_wconf 76' lang='grc' dir='ltr'><strong>ιᾶς,</strong></span> <span class='ocrx_word' id='word_1_275' title='bbox 2250 2422 2425 2489; x_wconf 80' lang='grc' dir='ltr'><strong>λέγει·</strong></span> <span class='ocrx_word' id='word_1_276' title='bbox 2462 2424 2607 2487; x_wconf 79' lang='grc' dir='ltr'>Θεός</span> <span class='ocrx_word' id='word_1_277' title='bbox 2643 2440 2763 2491; x_wconf 87' lang='grc' dir='ltr'><strong>μου</strong></span> <span class='ocrx_word' id='word_1_278' title='bbox 2802 2419 2860 2475; x_wconf 78' lang='grc' dir='ltr'>εἴ</span> <span class='ocrx_word' id='word_1_279' title='bbox 2874 2423 2977 2485; x_wconf 80' lang='grc' dir='ltr'>σὺ,</span> <span class='ocrx_word' id='word_1_280' title='bbox 3013 2424 3110 2475; x_wconf 83' lang='grc' dir='ltr'>καὶ</span> <span class='ocrx_word' id='word_1_281' title='bbox 3159 2424 3394 2494; x_wconf 71' lang='grc' dir='ltr'>ἐμαυτὸν</span> <span class='ocrx_word' id='word_1_282' title='bbox 3426 2427 3646 2493; x_wconf 67' lang='grc' dir='ltr'>ὁμολο-</span> 
     </span>
    </p>
   </div>
   <div class='ocr_carea' id='block_1_44' title="bbox 375 2504 1905 2584">
    <p class='ocr_par' dir='ltr' id='par_1_44' title="bbox 375 2504 1210 2578">
     <span class='ocr_line' id='line_1_44' title="bbox 375 2504 1210 2578; baseline 0.011 -24"><span class='ocrx_word' id='word_1_283' title='bbox 375 2516 496 2563; x_wconf 79' lang='lat' dir='ltr'><strong>esse</strong></span> <span class='ocrx_word' id='word_1_284' title='bbox 520 2504 760 2571; x_wconf 90' lang='lat' dir='ltr'><strong>pretioso</strong></span> <span class='ocrx_word' id='word_1_285' title='bbox 798 2514 891 2559; x_wconf 87' lang='lat' dir='ltr'><strong>tuo</strong></span> <span class='ocrx_word' id='word_1_286' title='bbox 922 2510 1210 2578; x_wconf 83' lang='lat' dir='ltr'><strong>sanguine.</strong></span> 
     </span>
    </p>
   </div>
   <div class='ocr_carea' id='block_1_45' title="bbox 1782 2504 3312 2584">
    <p class='ocr_par' dir='ltr' id='par_1_45' title="bbox 2052 2512 3312 2584">
     <span class='ocr_line' id='line_1_45' title="bbox 2052 2512 3312 2584; baseline 0.002 -21"><span class='ocrx_word' id='word_1_287' title='bbox 2052 2513 2217 2582; x_wconf 69' lang='grc' dir='ltr'>γὴσω</span> <span class='ocrx_word' id='word_1_288' title='bbox 2256 2512 2620 2584; x_wconf 76' lang='grc' dir='ltr'>ὲξηγορᾶσθαι</span> <span class='ocrx_word' id='word_1_289' title='bbox 2661 2513 2739 2582; x_wconf 79' lang='grc' dir='ltr'><strong>τῷ</strong></span> <span class='ocrx_word' id='word_1_290' title='bbox 2771 2514 2936 2583; x_wconf 69' lang='grc' dir='ltr'>τιμίῳ</span> <span class='ocrx_word' id='word_1_291' title='bbox 2972 2531 3065 2565; x_wconf 87' lang='grc' dir='ltr'><strong>σου</strong></span> <span class='ocrx_word' id='word_1_292' title='bbox 3095 2515 3312 2582; x_wconf 80' lang='grc' dir='ltr'>αἵματι.</span> 
     </span>
    </p>
   </div>
   <div class='ocr_carea' id='block_1_46' title="bbox 447 2589 1977 2673">
    <p class='ocr_par' dir='ltr' id='par_1_46' title="bbox 447 2589 1950 2671">
     <span class='ocr_line' id='line_1_46' title="bbox 447 2589 1950 2671; baseline 0.013 -30"><span class='ocrx_word' id='word_1_293' title='bbox 447 2589 535 2659; x_wconf 84' lang='grc'>57,</span> <span class='ocrx_word' id='word_1_294' title='bbox 565 2591 652 2646; x_wconf 87' lang='lat'><strong>58.</strong></span> <span class='ocrx_word' id='word_1_295' title='bbox 689 2592 831 2650; x_wconf 87' lang='lat' dir='ltr'><strong>Deus</strong></span> <span class='ocrx_word' id='word_1_296' title='bbox 862 2612 1015 2651; x_wconf 86' lang='lat' dir='ltr'><strong>meus</strong></span> <span class='ocrx_word' id='word_1_297' title='bbox 1048 2614 1106 2652; x_wconf 90' lang='lat' dir='ltr'><strong>es</strong></span> <span class='ocrx_word' id='word_1_298' title='bbox 1144 2607 1225 2661; x_wconf 88' lang='lat' dir='ltr'><strong>tu,</strong></span> <span class='ocrx_word' id='word_1_299' title='bbox 1263 2609 1316 2653; x_wconf 92' lang='lat' dir='ltr'><strong>et</strong></span> <span class='ocrx_word' id='word_1_300' title='bbox 1342 2602 1660 2671; x_wconf 82' lang='lat' dir='ltr'><strong>gloriﬁcabo</strong></span> <span class='ocrx_word' id='word_1_301' title='bbox 1706 2614 1757 2659; x_wconf 89' lang='lat' dir='ltr'><strong>te</strong></span> <span class='ocrx_word' id='word_1_302' title='bbox 1789 2624 1802 2660; x_wconf 90' lang='lat'>:</span> <span class='ocrx_word' id='word_1_303' title='bbox 1837 2618 1950 2660; x_wconf 88' lang='lat' dir='ltr'><strong>tra-</strong></span> 
     </span>
    </p>
   </div>
   <div class='ocr_carea' id='block_1_47' title="bbox 2122 2589 3652 2673">
    <p class='ocr_par' dir='ltr' id='par_1_47' title="bbox 2127 2599 3652 2673">
     <span class='ocr_line' id='line_1_47' title="bbox 2127 2599 3652 2673; baseline 0 -17"><span class='ocrx_word' id='word_1_304' title='bbox 2127 2604 2215 2666; x_wconf 90' lang='lat'><strong>57,</strong></span> <span class='ocrx_word' id='word_1_305' title='bbox 2246 2602 2333 2657; x_wconf 88' lang='lat'><strong>58.</strong></span> <span class='ocrx_word' id='word_1_306' title='bbox 2368 2603 2500 2667; x_wconf 83' lang='grc' dir='ltr'>Θεός</span> <span class='ocrx_word' id='word_1_307' title='bbox 2536 2621 2638 2673; x_wconf 88' lang='grc' dir='ltr'><strong>μου</strong></span> <span class='ocrx_word' id='word_1_308' title='bbox 2675 2599 2725 2655; x_wconf 89' lang='grc' dir='ltr'>εἷ</span> <span class='ocrx_word' id='word_1_309' title='bbox 2761 2603 2845 2665; x_wconf 72' lang='grc' dir='ltr'><strong>σὺ,</strong></span> <span class='ocrx_word' id='word_1_310' title='bbox 2902 2605 2995 2656; x_wconf 83' lang='grc' dir='ltr'><strong>καὶ</strong></span> <span class='ocrx_word' id='word_1_311' title='bbox 3050 2603 3260 2667; x_wconf 79' lang='grc' dir='ltr'>δοξάσω</span> <span class='ocrx_word' id='word_1_312' title='bbox 3302 2620 3391 2655; x_wconf 79' lang='grc' dir='ltr'>σε’</span> <span class='ocrx_word' id='word_1_313' title='bbox 3420 2604 3652 2656; x_wconf 77' lang='grc' dir='ltr'>ἑκδωσω</span> 
     </span>
    </p>
   </div>
   <div class='ocr_carea' id='block_1_48' title="bbox 377 2683 1907 2766">
    <p class='ocr_par' dir='ltr' id='par_1_48' title="bbox 377 2683 1907 2764">
     <span class='ocr_line' id='line_1_48' title="bbox 377 2683 1907 2764; baseline 0.012 -32"><span class='ocrx_word' id='word_1_314' title='bbox 377 2683 498 2745; x_wconf 66' lang='lat' dir='ltr'><strong>dum</strong></span> <span class='ocrx_word' id='word_1_315' title='bbox 532 2699 617 2737; x_wconf 90' lang='lat' dir='ltr'><strong>me</strong></span> <span class='ocrx_word' id='word_1_316' title='bbox 661 2684 798 2754; x_wconf 89' lang='lat' dir='ltr'><strong>ipse,</strong></span> <span class='ocrx_word' id='word_1_317' title='bbox 847 2689 1105 2759; x_wconf 87' lang='lat' dir='ltr'><strong>quoniam</strong></span> <span class='ocrx_word' id='word_1_318' title='bbox 1152 2706 1260 2743; x_wconf 90' lang='lat' dir='ltr'><strong>non</strong></span> <span class='ocrx_word' id='word_1_319' title='bbox 1306 2704 1589 2750; x_wconf 85' lang='lat' dir='ltr'><strong>aversatus</strong></span> <span class='ocrx_word' id='word_1_320' title='bbox 1623 2712 1682 2749; x_wconf 86' lang='lat' dir='ltr'><strong>es</strong></span> <span class='ocrx_word' id='word_1_321' title='bbox 1728 2712 1833 2764; x_wconf 88' lang='lat' dir='ltr'><strong>me,</strong></span> <span class='ocrx_word' id='word_1_322' title='bbox 1862 2714 1907 2753; x_wconf 67' lang='lat' dir='ltr'><strong>se</strong></span> 
     </span>
    </p>
   </div>
   <div class='ocr_carea' id='block_1_49' title="bbox 2123 2683 3653 2766">
    <p class='ocr_par' dir='ltr' id='par_1_49' title="bbox 2123 2694 3653 2766">
     <span class='ocr_line' id='line_1_49' title="bbox 2123 2694 3653 2766; baseline 0.001 -21"><span class='ocrx_word' id='word_1_323' title='bbox 2123 2694 2311 2757; x_wconf 81' lang='grc' dir='ltr'>αυτὸν,</span> <span class='ocrx_word' id='word_1_324' title='bbox 2370 2694 2451 2747; x_wconf 85' lang='grc' dir='ltr'>ὅτι</span> <span class='ocrx_word' id='word_1_325' title='bbox 2500 2694 2599 2755; x_wconf 73' lang='grc' dir='ltr'><strong>οὐκ</strong></span> <span class='ocrx_word' id='word_1_326' title='bbox 2630 2695 2985 2766; x_wconf 71' lang='grc' dir='ltr'><strong>ἀπεστράφης</strong></span> <span class='ocrx_word' id='word_1_327' title='bbox 3029 2712 3118 2765; x_wconf 87' lang='grc' dir='ltr'><strong>με,</strong></span> <span class='ocrx_word' id='word_1_328' title='bbox 3172 2695 3286 2747; x_wconf 79' lang='grc' dir='ltr'><strong>ἀλλ’</strong></span> <span class='ocrx_word' id='word_1_329' title='bbox 3317 2694 3653 2765; x_wconf 75' lang='grc' dir='ltr'>ἀπεδείχθης</span> 
     </span>
    </p>
   </div>
   <div class='ocr_carea' id='block_1_50' title="bbox 377 2778 1907 2855">
    <p class='ocr_par' dir='ltr' id='par_1_50' title="bbox 377 2778 1493 2841">
     <span class='ocr_line' id='line_1_50' title="bbox 377 2778 1493 2841; baseline 0.011 -15"><span class='ocrx_word' id='word_1_330' title='bbox 377 2783 632 2829; x_wconf 80' lang='lat' dir='ltr'><strong>cstensus</strong></span> <span class='ocrx_word' id='word_1_331' title='bbox 656 2792 714 2830; x_wconf 91' lang='lat' dir='ltr'><strong>es</strong></span> <span class='ocrx_word' id='word_1_332' title='bbox 746 2778 962 2841; x_wconf 82' lang='lat' dir='ltr'><strong>adjutor</strong></span> <span class='ocrx_word' id='word_1_333' title='bbox 991 2781 1121 2833; x_wconf 90' lang='lat' dir='ltr'><strong>mihi</strong></span> <span class='ocrx_word' id='word_1_334' title='bbox 1153 2782 1204 2834; x_wconf 91' lang='lat' dir='ltr'><strong>in</strong></span> <span class='ocrx_word' id='word_1_335' title='bbox 1239 2784 1493 2838; x_wconf 87' lang='lat' dir='ltr'><strong>salutem.</strong></span> 
     </span>
    </p>
   </div>
   <div class='ocr_carea' id='block_1_51' title="bbox 1296 2778 2826 2855">
    <p class='ocr_par' dir='ltr' id='par_1_51' title="bbox 1302 2784 2826 2855">
     <span class='ocr_line' id='line_1_51' title="bbox 1302 2784 2826 2855; baseline 0.001 -19"><span class='ocrx_word' id='word_1_336' title='bbox 1302 2784 1493 2838; x_wconf 85' lang='lat' dir='ltr'><strong>lutem.</strong></span> <span class='ocrx_word' id='word_1_337' title='bbox 2058 2786 2250 2855; x_wconf 77' lang='grc' dir='ltr'>βοηθός</span> <span class='ocrx_word' id='word_1_338' title='bbox 2283 2803 2384 2854; x_wconf 85' lang='grc' dir='ltr'><strong>μου</strong></span> <span class='ocrx_word' id='word_1_339' title='bbox 2417 2787 2495 2847; x_wconf 82' lang='grc' dir='ltr'>εἰς</span> <span class='ocrx_word' id='word_1_340' title='bbox 2532 2786 2826 2855; x_wconf 80' lang='grc' dir='ltr'>σωτηρίαν.</span> 
     </span>
    </p>
   </div>
   <div class='ocr_carea' id='block_1_52' title="bbox 448 2858 1978 2947">
    <p class='ocr_par' dir='ltr' id='par_1_52' title="bbox 448 2863 1955 2945">
     <span class='ocr_line' id='line_1_52' title="bbox 448 2863 1955 2945; baseline 0.009 -29"><span class='ocrx_word' id='word_1_341' title='bbox 448 2863 537 2933; x_wconf 84' lang='lat'><strong>59.</strong></span> <span class='ocrx_word' id='word_1_342' title='bbox 568 2864 623 2919; x_wconf 92' lang='lat' dir='ltr'><strong>In</strong></span> <span class='ocrx_word' id='word_1_343' title='bbox 651 2875 764 2922; x_wconf 89' lang='lat' dir='ltr'><strong>toto</strong></span> <span class='ocrx_word' id='word_1_344' title='bbox 786 2870 949 2926; x_wconf 86' lang='lat' dir='ltr'><strong>corde</strong></span> <span class='ocrx_word' id='word_1_345' title='bbox 970 2871 1337 2943; x_wconf 86' lang='lat' dir='ltr'><strong>deprecamini</strong></span> <span class='ocrx_word' id='word_1_346' title='bbox 1373 2891 1519 2937; x_wconf 89' lang='lat' dir='ltr'><strong>eum,</strong></span> <span class='ocrx_word' id='word_1_347' title='bbox 1555 2880 1816 2945; x_wconf 87' lang='lat' dir='ltr'><strong>quoniam</strong></span> <span class='ocrx_word' id='word_1_348' title='bbox 1860 2879 1955 2931; x_wconf 85' lang='lat' dir='ltr'><strong>bo-</strong></span> 
     </span>
    </p>
   </div>
   <div class='ocr_carea' id='block_1_53' title="bbox 2123 2858 3653 2947">
    <p class='ocr_par' dir='ltr' id='par_1_53' title="bbox 2131 2875 3653 2947">
     <span class='ocr_line' id='line_1_53' title="bbox 2131 2875 3653 2947; baseline -0.002 -16"><span class='ocrx_word' id='word_1_349' title='bbox 2131 2880 2219 2931; x_wconf 71' lang='lat'><strong>59.</strong></span> <span class='ocrx_word' id='word_1_350' title='bbox 2268 2879 2354 2929; x_wconf 88' lang='grc' dir='ltr'>Ἐν</span> <span class='ocrx_word' id='word_1_351' title='bbox 2385 2878 2479 2945; x_wconf 82' lang='grc' dir='ltr'><strong>ὅλῃ</strong></span> <span class='ocrx_word' id='word_1_352' title='bbox 2507 2877 2702 2947; x_wconf 69' lang='grc' dir='ltr'>καρδίᾳ</span> <span class='ocrx_word' id='word_1_353' title='bbox 2735 2875 3101 2947; x_wconf 78' lang='grc' dir='ltr'>προσεύχεσθε</span> <span class='ocrx_word' id='word_1_354' title='bbox 3134 2876 3301 2945; x_wconf 74' lang='grc' dir='ltr'>αὐτῷ,</span> <span class='ocrx_word' id='word_1_355' title='bbox 3325 2878 3407 2929; x_wconf 82' lang='grc' dir='ltr'><strong>ὅτι</strong></span> <span class='ocrx_word' id='word_1_356' title='bbox 3441 2875 3653 2944; x_wconf 69' lang='grc' dir='ltr'>ἀγαθός</span> 
     </span>
    </p>
   </div>
   <div class='ocr_carea' id='block_1_54' title="bbox 378 2962 1908 3029">
    <p class='ocr_par' dir='ltr' id='par_1_54' title="bbox 378 2962 616 3029">
     <span class='ocr_line' id='line_1_54' title="bbox 378 2962 616 3029; baseline 0.004 -23"><span class='ocrx_word' id='word_1_357' title='bbox 378 2967 481 3029; x_wconf 61' lang='lat' dir='ltr'><strong>nus</strong></span> <span class='ocrx_word' id='word_1_358' title='bbox 513 2962 616 3015; x_wconf 73' lang='lat' dir='ltr'><strong>est.</strong></span> 
     </span>
    </p>
   </div>
   <div class='ocr_carea' id='block_1_55' title="bbox 695 2962 2225 3029">
    <p class='ocr_par' dir='ltr' id='par_1_55' title="bbox 2061 2968 2225 3021">
     <span class='ocr_line' id='line_1_55' title="bbox 2061 2968 2225 3021; baseline 0.018 -3"><span class='ocrx_word' id='word_1_359' title='bbox 2061 2968 2225 3021; x_wconf 74' lang='grc' dir='ltr'>ἐστιν.</span> 
     </span>
    </p>
   </div>
   <div class='ocr_carea' id='block_1_56' title="bbox 449 3046 1979 3130">
    <p class='ocr_par' dir='ltr' id='par_1_56' title="bbox 449 3046 1951 3125">
     <span class='ocr_line' id='line_1_56' title="bbox 449 3046 1951 3125; baseline 0.009 -26"><span class='ocrx_word' id='word_1_360' title='bbox 449 3046 539 3101; x_wconf 87' lang='grc'><strong>60.</strong></span> <span class='ocrx_word' id='word_1_361' title='bbox 573 3048 841 3113; x_wconf 87' lang='lat' dir='ltr'><strong>Quoniam</strong></span> <span class='ocrx_word' id='word_1_362' title='bbox 887 3067 994 3106; x_wconf 89' lang='lat' dir='ltr'><strong>non</strong></span> <span class='ocrx_word' id='word_1_363' title='bbox 1025 3054 1218 3125; x_wconf 83' lang='lat' dir='ltr'><strong>avertit</strong></span> <span class='ocrx_word' id='word_1_364' title='bbox 1257 3072 1285 3109; x_wconf 91' lang='lat' dir='ltr'><strong>a</strong></span> <span class='ocrx_word' id='word_1_365' title='bbox 1333 3056 1490 3115; x_wconf 85' lang='lat' dir='ltr'><strong>nobis</strong></span> <span class='ocrx_word' id='word_1_366' title='bbox 1521 3057 1951 3122; x_wconf 85' lang='lat' dir='ltr'><strong>misericordiam</strong></span> 
     </span>
    </p>
   </div>
   <div class='ocr_carea' id='block_1_57' title="bbox 2119 3046 3649 3130">
    <p class='ocr_par' dir='ltr' id='par_1_57' title="bbox 2133 3058 3649 3130">
     <span class='ocr_line' id='line_1_57' title="bbox 2133 3058 3649 3130; baseline 0.003 -20"><span class='ocrx_word' id='word_1_367' title='bbox 2133 3058 2219 3111; x_wconf 84' lang='lat'><strong>60.</strong></span> <span class='ocrx_word' id='word_1_368' title='bbox 2247 3059 2369 3111; x_wconf 88' lang='grc' dir='ltr'>Ὂτι</span> <span class='ocrx_word' id='word_1_369' title='bbox 2402 3060 2501 3111; x_wconf 73' lang='grc' dir='ltr'>οὐκ</span> <span class='ocrx_word' id='word_1_370' title='bbox 2532 3058 2860 3130; x_wconf 76' lang='grc' dir='ltr'>ἀπεστράφη</span> <span class='ocrx_word' id='word_1_371' title='bbox 2889 3060 2982 3129; x_wconf 76' lang='grc' dir='ltr'><strong>ἀφ’</strong></span> <span class='ocrx_word' id='word_1_372' title='bbox 3009 3063 3039 3128; x_wconf 77' lang='grc' dir='ltr'><strong>ἡ</strong></span> <span class='ocrx_word' id='word_1_373' title='bbox 3050 3060 3167 3129; x_wconf 82' lang='grc' dir='ltr'>μῶν</span> <span class='ocrx_word' id='word_1_374' title='bbox 3195 3061 3255 3113; x_wconf 85' lang='grc' dir='ltr'><strong>τὸ</strong></span> <span class='ocrx_word' id='word_1_375' title='bbox 3282 3060 3428 3125; x_wconf 73' lang='grc' dir='ltr'>ἔλεος</span> <span class='ocrx_word' id='word_1_376' title='bbox 3452 3059 3649 3115; x_wconf 73' lang='grc' dir='ltr'><strong>αὐτοῖ.</strong></span> 
     </span>
    </p>
   </div>
   <div class='ocr_carea' id='block_1_58' title="bbox 378 3150 557 3191">
    <p class='ocr_par' dir='ltr' id='par_1_58' title="bbox 378 3150 557 3191">
     <span class='ocr_line' id='line_1_58' title="bbox 378 3150 557 3191; baseline 0 0"><span class='ocrx_word' id='word_1_377' title='bbox 378 3150 557 3191; x_wconf 63' lang='grc' dir='ltr'>ευθπη.</span> 
     </span>
    </p>
   </div>
   <div class='ocr_carea' id='block_1_59' title="bbox 461 3231 3721 3317">
    <p class='ocr_par' dir='ltr' id='par_1_59' title="bbox 461 3231 3721 3317">
     <span class='ocr_line' id='line_1_59' title="bbox 461 3231 3721 3317; baseline 0.004 -34"><span class='ocrx_word' id='word_1_378' title='bbox 461 3231 525 3284; x_wconf 85' lang='grc' dir='ltr'><strong>Ἦ</strong></span> <span class='ocrx_word' id='word_1_379' title='bbox 557 3234 893 3304; x_wconf 77' lang='grc' dir='ltr'>προκειμένη</span> <span class='ocrx_word' id='word_1_380' title='bbox 943 3237 1222 3310; x_wconf 69' lang='grc' dir='ltr'>ἐπιγραφὴ</span> <span class='ocrx_word' id='word_1_381' title='bbox 1268 3241 1513 3310; x_wconf 82' lang='grc' dir='ltr'>περιέχει</span> <span class='ocrx_word' id='word_1_382' title='bbox 1542 3258 1556 3271; x_wconf 74' lang='grc' dir='ltr'><strong>ο</strong></span> <span class='ocrx_word' id='word_1_383' title='bbox 1602 3242 1957 3308; x_wconf 71' lang='grc' dir='ltr'><strong>Ἀλληλούῒα</strong></span> <span class='ocrx_word' id='word_1_384' title='bbox 1977 3283 1992 3306; x_wconf 92' lang='grc'>,</span> <span class='ocrx_word' id='word_1_385' title='bbox 2049 3245 2187 3314; x_wconf 88' lang='grc' dir='ltr'>ὅπερ</span> <span class='ocrx_word' id='word_1_386' title='bbox 2216 3242 2575 3317; x_wconf 82' lang='grc' dir='ltr'>ἑρμηνεύεται</span> <span class='ocrx_word' id='word_1_387' title='bbox 2601 3239 2847 3315; x_wconf 71' lang='grc' dir='ltr'>[αἱνεῖτε</span> <span class='ocrx_word' id='word_1_388' title='bbox 2874 3243 2983 3295; x_wconf 81' lang='grc' dir='ltr'><em>τὸν</em></span> <span class='ocrx_word' id='word_1_389' title='bbox 3018 3243 3166 3297; x_wconf 78' lang='grc' dir='ltr'>ὄντα</span> <span class='ocrx_word' id='word_1_390' title='bbox 3194 3241 3369 3313; x_wconf 78' lang='grc' dir='ltr'><strong>Θεὸν]</strong></span> <span class='ocrx_word' id='word_1_391' title='bbox 3390 3242 3653 3312; x_wconf 74' lang='grc' dir='ltr'>διάφορος</span> <span class='ocrx_word' id='word_1_392' title='bbox 3720 3272 3721 3279; x_wconf 59' lang='grc' dir='ltr'><strong>ι</strong></span> 
     </span>
    </p>
   </div>
   <div class='ocr_carea' id='block_1_60' title="bbox 381 3321 2294 3407">
    <p class='ocr_par' dir='ltr' id='par_1_60' title="bbox 381 3321 2294 3407">
     <span class='ocr_line' id='line_1_60' title="bbox 381 3321 2294 3407; baseline 0.007 -32"><span class='ocrx_word' id='word_1_393' title='bbox 381 3321 686 3402; x_wconf 74' lang='grc' dir='ltr'>[διαφόρως</span> <span class='ocrx_word' id='word_1_394' title='bbox 704 3325 744 3397; x_wconf 92' lang='grc'>],</span> <span class='ocrx_word' id='word_1_395' title='bbox 772 3329 851 3390; x_wconf 82' lang='grc' dir='ltr'>εἰς</span> <span class='ocrx_word' id='word_1_396' title='bbox 884 3327 1051 3396; x_wconf 74' lang='grc' dir='ltr'>ὕμνον</span> <span class='ocrx_word' id='word_1_397' title='bbox 1074 3331 1169 3387; x_wconf 72' lang='grc' dir='ltr'><strong>καὶ</strong></span> <span class='ocrx_word' id='word_1_398' title='bbox 1191 3326 1336 3383; x_wconf 77' lang='grc' dir='ltr'>αἶνον</span> <span class='ocrx_word' id='word_1_399' title='bbox 1366 3335 1396 3407; x_wconf 75' lang='grc' dir='ltr'>ἡ</span> <span class='ocrx_word' id='word_1_400' title='bbox 1407 3334 1513 3402; x_wconf 82' lang='grc' dir='ltr'>μᾶς</span> <span class='ocrx_word' id='word_1_401' title='bbox 1543 3332 1637 3385; x_wconf 77' lang='grc' dir='ltr'>τοῦ</span> <span class='ocrx_word' id='word_1_402' title='bbox 1662 3332 1795 3385; x_wconf 86' lang='grc' dir='ltr'><strong>Θεοῦ</strong></span> <span class='ocrx_word' id='word_1_403' title='bbox 1828 3337 2294 3406; x_wconf 79' lang='grc' dir='ltr'>προτρεπομένου.</span> 
     </span>
    </p>
   </div>
   <div class='ocr_carea' id='block_1_61' title="bbox 453 3416 3657 3499">
    <p class='ocr_par' dir='ltr' id='par_1_61' title="bbox 453 3416 3657 3499">
     <span class='ocr_line' id='line_1_61' title="bbox 453 3416 3657 3499; baseline 0.004 -30"><span class='ocrx_word' id='word_1_404' title='bbox 453 3416 668 3473; x_wconf 89' lang='lat' dir='ltr'><strong>Titulus</strong></span> <span class='ocrx_word' id='word_1_405' title='bbox 701 3422 1023 3489; x_wconf 65' lang='lat' dir='ltr'><strong>prmpositus</strong></span> <span class='ocrx_word' id='word_1_406' title='bbox 1055 3425 1331 3478; x_wconf 78' lang='lat' dir='ltr'><strong>continet:</strong></span> <span class='ocrx_word' id='word_1_407' title='bbox 1371 3425 1621 3492; x_wconf 74' lang='lat' dir='ltr'><strong>Alleluia,</strong></span> <span class='ocrx_word' id='word_1_408' title='bbox 1654 3428 1796 3495; x_wconf 84' lang='lat' dir='ltr'><strong>quod</strong></span> <span class='ocrx_word' id='word_1_409' title='bbox 1836 3429 2222 3496; x_wconf 85' lang='lat' dir='ltr'><strong>interpretatur</strong></span> <span class='ocrx_word' id='word_1_410' title='bbox 2258 3427 2497 3499; x_wconf 83' lang='lat' dir='ltr'><strong>[laudate</strong></span> <span class='ocrx_word' id='word_1_411' title='bbox 2526 3443 2666 3493; x_wconf 87' lang='lat' dir='ltr'><strong>eum,</strong></span> <span class='ocrx_word' id='word_1_412' title='bbox 2713 3427 2804 3497; x_wconf 83' lang='lat' dir='ltr'><strong>qui</strong></span> <span class='ocrx_word' id='word_1_413' title='bbox 2841 3425 2979 3479; x_wconf 78' lang='lat' dir='ltr'><strong>Deus</strong></span> <span class='ocrx_word' id='word_1_414' title='bbox 3012 3423 3114 3493; x_wconf 71' lang='lat' dir='ltr'><strong>est]</strong></span> <span class='ocrx_word' id='word_1_415' title='bbox 3142 3425 3293 3497; x_wconf 85' lang='lat' dir='ltr'><strong>varie</strong></span> <span class='ocrx_word' id='word_1_416' title='bbox 3316 3440 3417 3480; x_wconf 92' lang='lat' dir='ltr'><strong>nos</strong></span> <span class='ocrx_word' id='word_1_417' title='bbox 3453 3425 3657 3482; x_wconf 68' lang='lat' dir='ltr'><strong>adhor&#39;</strong></span> 
     </span>
    </p>
   </div>
   <div class='ocr_carea' id='block_1_62' title="bbox 384 3510 1419 3587">
    <p class='ocr_par' dir='ltr' id='par_1_62' title="bbox 384 3510 1419 3587">
     <span class='ocr_line' id='line_1_62' title="bbox 384 3510 1419 3587; baseline 0.011 -25"><span class='ocrx_word' id='word_1_418' title='bbox 384 3520 531 3587; x_wconf 67' lang='lat' dir='ltr'><strong>tante</strong></span> <span class='ocrx_word' id='word_1_419' title='bbox 560 3510 669 3567; x_wconf 87' lang='lat' dir='ltr'><strong>Deo</strong></span> <span class='ocrx_word' id='word_1_420' title='bbox 694 3514 759 3567; x_wconf 88' lang='lat' dir='ltr'><strong>ad</strong></span> <span class='ocrx_word' id='word_1_421' title='bbox 788 3516 1058 3571; x_wconf 83' lang='lat' dir='ltr'><strong>canticum</strong></span> <span class='ocrx_word' id='word_1_422' title='bbox 1105 3529 1157 3572; x_wconf 91' lang='lat' dir='ltr'><strong>et</strong></span> <span class='ocrx_word' id='word_1_423' title='bbox 1182 3519 1419 3573; x_wconf 86' lang='lat' dir='ltr'><strong>laudem.</strong></span> 
     </span>
    </p>
   </div>
   <div class='ocr_carea' id='block_1_63' title="bbox 454 3601 1984 3685">
    <p class='ocr_par' dir='ltr' id='par_1_63' title="bbox 454 3601 1959 3685">
     <span class='ocr_line' id='line_1_63' title="bbox 454 3601 1959 3685; baseline 0.009 -31"><span class='ocrx_word' id='word_1_424' title='bbox 454 3602 506 3655; x_wconf 85' lang='grc'>1.</span> <span class='ocrx_word' id='word_1_425' title='bbox 539 3601 709 3667; x_wconf 86' lang='lat' dir='ltr'><strong>Beati,</strong></span> <span class='ocrx_word' id='word_1_426' title='bbox 746 3607 840 3673; x_wconf 83' lang='lat' dir='ltr'><strong>qui</strong></span> <span class='ocrx_word' id='word_1_427' title='bbox 885 3609 1185 3663; x_wconf 89' lang='lat' dir='ltr'><strong>secundum</strong></span> <span class='ocrx_word' id='word_1_428' title='bbox 1218 3611 1343 3685; x_wconf 84' lang='lat' dir='ltr'><strong>.lob,</strong></span> <span class='ocrx_word' id='word_1_429' title='bbox 1379 3613 1656 3671; x_wconf 83' lang='lat' dir='ltr'><strong>abstinent</strong></span> <span class='ocrx_word' id='word_1_430' title='bbox 1696 3615 1765 3670; x_wconf 86' lang='lat' dir='ltr'><strong>ab</strong></span> <span class='ocrx_word' id='word_1_431' title='bbox 1810 3616 1959 3671; x_wconf 90' lang='lat' dir='ltr'><strong>omni</strong></span> 
     </span>
    </p>
   </div>
   <div class='ocr_carea' id='block_1_64' title="bbox 2125 3601 3655 3685">
    <p class='ocr_par' dir='ltr' id='par_1_64' title="bbox 2138 3611 3655 3685">
     <span class='ocr_line' id='line_1_64' title="bbox 2138 3611 3655 3685; baseline -0.003 -18"><span class='ocrx_word' id='word_1_432' title='bbox 2138 3615 2187 3667; x_wconf 77' lang='grc' dir='ltr'><strong>Ι.</strong></span> <span class='ocrx_word' id='word_1_433' title='bbox 2224 3615 2500 3683; x_wconf 85' lang='grc' dir='ltr'>Μακάριοι</span> <span class='ocrx_word' id='word_1_434' title='bbox 2531 3616 2580 3665; x_wconf 78' lang='grc' dir='ltr'>οἱ</span> <span class='ocrx_word' id='word_1_435' title='bbox 2616 3612 2757 3666; x_wconf 89' lang='grc' dir='ltr'><strong>κατά</strong></span> <span class='ocrx_word' id='word_1_436' title='bbox 2782 3613 2876 3665; x_wconf 81' lang='grc' dir='ltr'><strong>τὸν</strong></span> <span class='ocrx_word' id='word_1_437' title='bbox 2918 3611 3057 3677; x_wconf 80' lang='grc' dir='ltr'><strong>Ἰὼϐ,</strong></span> <span class='ocrx_word' id='word_1_438' title='bbox 3096 3614 3145 3665; x_wconf 77' lang='grc' dir='ltr'>οἱ</span> <span class='ocrx_word' id='word_1_439' title='bbox 3186 3613 3515 3685; x_wconf 66' lang='grc' dir='ltr'>ἀπεχόμενοι</span> <span class='ocrx_word' id='word_1_440' title='bbox 3541 3614 3655 3666; x_wconf 65' lang='grc' dir='ltr'>ἀτλ</span> 
     </span>
    </p>
   </div>
   <div class='ocr_carea' id='block_1_65' title="bbox 381 3684 1911 3774">
    <p class='ocr_par' dir='ltr' id='par_1_65' title="bbox 381 3684 1239 3767">
     <span class='ocr_line' id='line_1_65' title="bbox 381 3684 1239 3767; baseline 0.013 -18"><span class='ocrx_word' id='word_1_441' title='bbox 381 3710 544 3767; x_wconf 85' lang='lat' dir='ltr'><strong>opere</strong></span> <span class='ocrx_word' id='word_1_442' title='bbox 583 3700 748 3755; x_wconf 87' lang='lat' dir='ltr'><strong>malo.</strong></span> <span class='ocrx_word' id='word_1_443' title='bbox 1230 3684 1239 3697; x_wconf 38' lang='lat' dir='ltr'><strong><em>I</em></strong></span> 
     </span>
    </p>
   </div>
   <div class='ocr_carea' id='block_1_66' title="bbox 1782 3684 3312 3774">
    <p class='ocr_par' dir='ltr' id='par_1_66' title="bbox 2068 3689 3312 3774">
     <span class='ocr_line' id='line_1_66' title="bbox 2068 3689 3312 3774; baseline -0.002 -18"><span class='ocrx_word' id='word_1_444' title='bbox 2068 3689 2268 3767; x_wconf 71' lang='grc' dir='ltr'>παντὸς</span> <span class='ocrx_word' id='word_1_445' title='bbox 2302 3721 2436 3772; x_wconf 74' lang='grc' dir='ltr'>πονη</span> <span class='ocrx_word' id='word_1_446' title='bbox 2447 3704 2540 3774; x_wconf 68' lang='lat' dir='ltr'><strong>poi}</strong></span> <span class='ocrx_word' id='word_1_447' title='bbox 2574 3703 2723 3773; x_wconf 81' lang='grc' dir='ltr'>πρᾴγ</span> <span class='ocrx_word' id='word_1_448' title='bbox 2731 3719 2917 3772; x_wconf 81' lang='grc' dir='ltr'>ματος.</span> <span class='ocrx_word' id='word_1_449' title='bbox 3309 3703 3312 3706; x_wconf 50' lang='grc'><em>⁴</em></span> 
     </span>
    </p>
   </div>
   <div class='ocr_carea' id='block_1_67' title="bbox 450 3790 1980 3871">
    <p class='ocr_par' dir='ltr' id='par_1_67' title="bbox 450 3790 1962 3868">
     <span class='ocr_line' id='line_1_67' title="bbox 450 3790 1962 3868; baseline 0.006 -24"><span class='ocrx_word' id='word_1_450' title='bbox 450 3791 504 3844; x_wconf 75' lang='grc'>2.</span> <span class='ocrx_word' id='word_1_451' title='bbox 536 3790 683 3845; x_wconf 89' lang='lat' dir='ltr'><strong>Beati</strong></span> <span class='ocrx_word' id='word_1_452' title='bbox 712 3791 827 3862; x_wconf 68' lang='lat' dir='ltr'><strong>qui,</strong></span> <span class='ocrx_word' id='word_1_453' title='bbox 866 3794 921 3846; x_wconf 89' lang='lat' dir='ltr'><strong>in</strong></span> <span class='ocrx_word' id='word_1_454' title='bbox 948 3793 1183 3864; x_wconf 83' lang='lat' dir='ltr'><strong>singulis</strong></span> <span class='ocrx_word' id='word_1_455' title='bbox 1212 3796 1521 3862; x_wconf 84' lang='lat' dir='ltr'><strong>actionibus</strong></span> <span class='ocrx_word' id='word_1_456' title='bbox 1556 3798 1791 3867; x_wconf 88' lang='lat' dir='ltr'><strong>probant</strong></span> <span class='ocrx_word' id='word_1_457' title='bbox 1831 3798 1962 3868; x_wconf 86' lang='lat' dir='ltr'><strong>quid</strong></span> 
     </span>
    </p>
   </div>
   <div class='ocr_carea' id='block_1_68' title="bbox 2123 3790 3653 3871">
    <p class='ocr_par' dir='ltr' id='par_1_68' title="bbox 2134 3792 3653 3871">
     <span class='ocr_line' id='line_1_68' title="bbox 2134 3792 3653 3871; baseline -0.002 -21"><span class='ocrx_word' id='word_1_458' title='bbox 2134 3798 2189 3850; x_wconf 70' lang='grc'><strong>2.</strong></span> <span class='ocrx_word' id='word_1_459' title='bbox 2224 3797 2501 3866; x_wconf 82' lang='grc' dir='ltr'>Μακάριοι</span> <span class='ocrx_word' id='word_1_460' title='bbox 2533 3798 2580 3847; x_wconf 81' lang='grc' dir='ltr'>οἱ</span> <span class='ocrx_word' id='word_1_461' title='bbox 2614 3796 2734 3849; x_wconf 82' lang='grc' dir='ltr'>καθ’</span> <span class='ocrx_word' id='word_1_462' title='bbox 2770 3795 3009 3865; x_wconf 81' lang='grc' dir='ltr'>ἑκάστην</span> <span class='ocrx_word' id='word_1_463' title='bbox 3034 3792 3233 3864; x_wconf 79' lang='grc' dir='ltr'>πρᾶξιν</span> <span class='ocrx_word' id='word_1_464' title='bbox 3258 3793 3653 3871; x_wconf 62' lang='grc' dir='ltr'>δοκιμάζοντες</span> 
     </span>
    </p>
   </div>
   <div class='ocr_carea' id='block_1_69' title="bbox 380 3882 1910 3959">
    <p class='ocr_par' dir='ltr' id='par_1_69' title="bbox 380 3883 1910 3959">
     <span class='ocr_line' id='line_1_69' title="bbox 380 3883 1910 3959; baseline 0.005 -23"><span class='ocrx_word' id='word_1_465' title='bbox 380 3883 802 3953; x_wconf 78' lang='lat' dir='ltr'><strong>beneplacitum,</strong></span> <span class='ocrx_word' id='word_1_466' title='bbox 830 3893 883 3939; x_wconf 90' lang='lat' dir='ltr'><strong>et</strong></span> <span class='ocrx_word' id='word_1_467' title='bbox 928 3887 1229 3956; x_wconf 83' lang='lat' dir='ltr'><strong>perfectum</strong></span> <span class='ocrx_word' id='word_1_468' title='bbox 1270 3905 1455 3959; x_wconf 83' lang='lat' dir='ltr'><strong>coram</strong></span> <span class='ocrx_word' id='word_1_469' title='bbox 1500 3891 1631 3945; x_wconf 88' lang='lat' dir='ltr'><strong>Deo.</strong></span> <span class='ocrx_word' id='word_1_470' title='bbox 1668 3889 1910 3946; x_wconf 68' lang='lat' dir='ltr'><strong>Fervenu</strong></span> 
     </span>
    </p>
   </div>
   <div class='ocr_carea' id='block_1_70' title="bbox 2120 3882 3650 3959">
    <p class='ocr_par' dir='ltr' id='par_1_70' title="bbox 2153 3882 3650 3956">
     <span class='ocr_line' id='line_1_70' title="bbox 2153 3882 3650 3956; baseline -0.001 -17"><span class='ocrx_word' id='word_1_471' title='bbox 2153 3887 2213 3945; x_wconf 80' lang='grc' dir='ltr'>τὺ</span> <span class='ocrx_word' id='word_1_472' title='bbox 2239 3887 2531 3956; x_wconf 84' lang='grc' dir='ltr'>εὐάρεστον</span> <span class='ocrx_word' id='word_1_473' title='bbox 2559 3887 2652 3953; x_wconf 61' lang='grc' dir='ltr'>καὶ.</span> <span class='ocrx_word' id='word_1_474' title='bbox 2668 3886 2871 3939; x_wconf 80' lang='grc' dir='ltr'>τέλειον</span> <span class='ocrx_word' id='word_1_475' title='bbox 2894 3885 3045 3956; x_wconf 88' lang='grc' dir='ltr'><strong>παρά</strong></span> <span class='ocrx_word' id='word_1_476' title='bbox 3070 3883 3146 3953; x_wconf 82' lang='grc' dir='ltr'><strong>τῷ</strong></span> <span class='ocrx_word' id='word_1_477' title='bbox 3167 3882 3303 3954; x_wconf 82' lang='grc' dir='ltr'>Θεῷ.</span> <span class='ocrx_word' id='word_1_478' title='bbox 3332 3884 3540 3954; x_wconf 77' lang='grc' dir='ltr'>Θερμοὶ</span> <span class='ocrx_word' id='word_1_479' title='bbox 3561 3884 3620 3937; x_wconf 76' lang='grc' dir='ltr'>ὃν</span> <span class='ocrx_word' id='word_1_480' title='bbox 3638 3916 3650 3925; x_wconf 95' lang='grc'><strong>-</strong></span> 
     </span>
    </p>
   </div>
   <div class='ocr_carea' id='block_1_71' title="bbox 381 3975 1911 4055">
    <p class='ocr_par' dir='ltr' id='par_1_71' title="bbox 381 3975 1905 4053">
     <span class='ocr_line' id='line_1_71' title="bbox 381 3975 1905 4053; baseline 0.005 -24"><span class='ocrx_word' id='word_1_481' title='bbox 381 3975 525 4043; x_wconf 80' lang='lat' dir='ltr'><strong>circa</strong></span> <span class='ocrx_word' id='word_1_482' title='bbox 547 3976 869 4030; x_wconf 89' lang='lat' dir='ltr'><strong>charitatem</strong></span> <span class='ocrx_word' id='word_1_483' title='bbox 900 3978 1019 4046; x_wconf 88' lang='lat' dir='ltr'><strong>ejus</strong></span> <span class='ocrx_word' id='word_1_484' title='bbox 1059 3996 1164 4053; x_wconf 81' lang='lat' dir='ltr'><strong>non</strong></span> <span class='ocrx_word' id='word_1_485' title='bbox 1207 3980 1603 4048; x_wconf 85' lang='lat' dir='ltr'><strong>dormitabunt,</strong></span> <span class='ocrx_word' id='word_1_486' title='bbox 1638 3999 1826 4037; x_wconf 89' lang='lat' dir='ltr'><strong>curam</strong></span> <span class='ocrx_word' id='word_1_487' title='bbox 1874 3984 1905 4036; x_wconf 78' lang='lat' dir='ltr'><strong>li</strong></span> 
     </span>
    </p>
   </div>
   <div class='ocr_carea' id='block_1_72' title="bbox 2121 3975 3651 4055">
    <p class='ocr_par' dir='ltr' id='par_1_72' title="bbox 2121 3977 3651 4050">
     <span class='ocr_line' id='line_1_72' title="bbox 2121 3977 3651 4050; baseline 0.002 -22"><span class='ocrx_word' id='word_1_488' title='bbox 2121 3998 2155 4045; x_wconf 79' lang='grc' dir='ltr'><strong>ς</strong></span> <span class='ocrx_word' id='word_1_489' title='bbox 2189 3980 2316 4050; x_wconf 80' lang='grc' dir='ltr'>περὶ</span> <span class='ocrx_word' id='word_1_490' title='bbox 2332 3980 2429 4048; x_wconf 83' lang='grc' dir='ltr'><strong>τὴν</strong></span> <span class='ocrx_word' id='word_1_491' title='bbox 2453 3980 2671 4049; x_wconf 78' lang='grc' dir='ltr'>ἀγάπην</span> <span class='ocrx_word' id='word_1_492' title='bbox 2699 3978 2863 4030; x_wconf 78' lang='grc' dir='ltr'>αὑτοῦ</span> <span class='ocrx_word' id='word_1_493' title='bbox 2881 3979 2978 4047; x_wconf 76' lang='grc' dir='ltr'>οὐχ</span> <span class='ocrx_word' id='word_1_494' title='bbox 3006 3979 3312 4032; x_wconf 79' lang='grc' dir='ltr'>ὑπνὼσουσι</span> <span class='ocrx_word' id='word_1_495' title='bbox 3341 3977 3651 4049; x_wconf 77' lang='grc' dir='ltr'>μεριμνῶνο</span> 
     </span>
    </p>
   </div>
   <div class='ocr_carea' id='block_1_73' title="bbox 381 4060 1911 4148">
    <p class='ocr_par' dir='ltr' id='par_1_73' title="bbox 381 4068 1911 4148">
     <span class='ocr_line' id='line_1_73' title="bbox 381 4068 1911 4148; baseline 0.004 -27"><span class='ocrx_word' id='word_1_496' title='bbox 381 4068 591 4131; x_wconf 83' lang='lat' dir='ltr'><strong>bentes,</strong></span> <span class='ocrx_word' id='word_1_497' title='bbox 629 4071 906 4137; x_wconf 86' lang='lat' dir='ltr'><strong>quomodo</strong></span> <span class='ocrx_word' id='word_1_498' title='bbox 946 4086 1069 4124; x_wconf 90' lang='lat' dir='ltr'><strong>eum</strong></span> <span class='ocrx_word' id='word_1_499' title='bbox 1116 4072 1170 4125; x_wconf 92' lang='lat' dir='ltr'><strong>in</strong></span> <span class='ocrx_word' id='word_1_500' title='bbox 1213 4072 1347 4141; x_wconf 86' lang='lat' dir='ltr'><strong>ipsis</strong></span> <span class='ocrx_word' id='word_1_501' title='bbox 1384 4075 1622 4148; x_wconf 82' lang='lat' dir='ltr'><strong>hospitio</strong></span> <span class='ocrx_word' id='word_1_502' title='bbox 1670 4076 1911 4144; x_wconf 90' lang='lat' dir='ltr'><strong>accipien</strong></span> 
     </span>
    </p>
   </div>
   <div class='ocr_carea' id='block_1_74' title="bbox 1820 4060 3350 4148">
    <p class='ocr_par' dir='ltr' id='par_1_74' title="bbox 1820 4060 3350 4135">
     <span class='ocr_line' id='line_1_74' title="bbox 1820 4060 3350 4135; baseline -0.003 -8"><span class='ocrx_word' id='word_1_503' title='bbox 1820 4077 1960 4129; x_wconf 64' lang='lat' dir='ltr'><strong>lient.</strong></span> <span class='ocrx_word' id='word_1_504' title='bbox 2066 4090 2181 4135; x_wconf 82' lang='grc' dir='ltr'>τες,</span> <span class='ocrx_word' id='word_1_505' title='bbox 2216 4070 2332 4134; x_wconf 84' lang='grc' dir='ltr'><strong>πῶς</strong></span> <span class='ocrx_word' id='word_1_506' title='bbox 2358 4072 2518 4125; x_wconf 63' lang='grc' dir='ltr'>αὑτὸν</span> <span class='ocrx_word' id='word_1_507' title='bbox 2548 4069 2802 4134; x_wconf 77' lang='grc' dir='ltr'>δέξωνται</span> <span class='ocrx_word' id='word_1_508' title='bbox 2828 4070 3033 4123; x_wconf 77' lang='grc' dir='ltr'>ἐνοικον</span> <span class='ocrx_word' id='word_1_509' title='bbox 3058 4072 3261 4132; x_wconf 79' lang='grc' dir='ltr'>αὐτοῖς.</span> <span class='ocrx_word' id='word_1_510' title='bbox 3348 4060 3350 4065; x_wconf 62' lang='grc'><em>’</em></span> 
     </span>
    </p>
   </div>
   <div class='ocr_carea' id='block_1_75' title="bbox 450 4157 1980 4237">
    <p class='ocr_par' dir='ltr' id='par_1_75' title="bbox 450 4157 1966 4233">
     <span class='ocr_line' id='line_1_75' title="bbox 450 4157 1966 4233; baseline 0.005 -20"><span class='ocrx_word' id='word_1_511' title='bbox 450 4159 503 4213; x_wconf 83' lang='grc'><strong>5.</strong></span> <span class='ocrx_word' id='word_1_512' title='bbox 533 4157 653 4233; x_wconf 78' lang='lat' dir='ltr'><strong>Non</strong></span> <span class='ocrx_word' id='word_1_513' title='bbox 676 4160 820 4213; x_wconf 87' lang='lat' dir='ltr'><strong>enim</strong></span> <span class='ocrx_word' id='word_1_514' title='bbox 841 4160 1084 4216; x_wconf 85' lang='lat' dir='ltr'><strong>dicentes</strong></span> <span class='ocrx_word' id='word_1_515' title='bbox 1117 4179 1175 4217; x_wconf 88' lang='lat' dir='ltr'><strong>se</strong></span> <span class='ocrx_word' id='word_1_516' title='bbox 1205 4180 1325 4231; x_wconf 81' lang='lat' dir='ltr'><strong>esse</strong></span> <span class='ocrx_word' id='word_1_517' title='bbox 1358 4165 1728 4229; x_wconf 81' lang='lat' dir='ltr'><strong>Christianos,</strong></span> <span class='ocrx_word' id='word_1_518' title='bbox 1754 4178 1807 4221; x_wconf 90' lang='lat' dir='ltr'><strong>et</strong></span> <span class='ocrx_word' id='word_1_519' title='bbox 1833 4184 1966 4220; x_wconf 84' lang='lat' dir='ltr'><strong>con-</strong></span> 
     </span>
    </p>
   </div>
   <div class='ocr_carea' id='block_1_76' title="bbox 2118 4157 3648 4237">
    <p class='ocr_par' dir='ltr' id='par_1_76' title="bbox 2137 4157 3648 4237">
     <span class='ocr_line' id='line_1_76' title="bbox 2137 4157 3648 4237; baseline -0.003 -21"><span class='ocrx_word' id='word_1_520' title='bbox 2137 4165 2189 4217; x_wconf 80' lang='grc'>5.</span> <span class='ocrx_word' id='word_1_521' title='bbox 2228 4164 2304 4215; x_wconf 81' lang='grc' dir='ltr'><strong>Οὐ</strong></span> <span class='ocrx_word' id='word_1_522' title='bbox 2334 4163 2445 4233; x_wconf 81' lang='grc' dir='ltr'><strong>γὰρ</strong></span> <span class='ocrx_word' id='word_1_523' title='bbox 2478 4163 2526 4215; x_wconf 91' lang='grc' dir='ltr'>οἱ</span> <span class='ocrx_word' id='word_1_524' title='bbox 2552 4162 2834 4237; x_wconf 78' lang='grc' dir='ltr'>λεγόμενοι</span> <span class='ocrx_word' id='word_1_525' title='bbox 2858 4157 2999 4214; x_wconf 76' lang='grc' dir='ltr'>εἶναι</span> <span class='ocrx_word' id='word_1_526' title='bbox 3024 4161 3362 4230; x_wconf 76' lang='grc' dir='ltr'>Χριστιανοὶ,</span> <span class='ocrx_word' id='word_1_527' title='bbox 3407 4161 3503 4213; x_wconf 76' lang='grc' dir='ltr'>καὶ</span> <span class='ocrx_word' id='word_1_528' title='bbox 3549 4159 3648 4222; x_wconf 77' lang='grc' dir='ltr'>τὰς</span> 
     </span>
    </p>
   </div>
   <div class='ocr_carea' id='block_1_77' title="bbox 381 4252 1911 4329">
    <p class='ocr_par' dir='ltr' id='par_1_77' title="bbox 381 4252 1911 4329">
     <span class='ocr_line' id='line_1_77' title="bbox 381 4252 1911 4329; baseline 0.005 -23"><span class='ocrx_word' id='word_1_529' title='bbox 381 4252 747 4323; x_wconf 71' lang='grc' dir='ltr'>ςυρὶεοθηιίιιε</span> <span class='ocrx_word' id='word_1_530' title='bbox 797 4254 984 4308; x_wconf 90' lang='lat' dir='ltr'><strong>mundi</strong></span> <span class='ocrx_word' id='word_1_531' title='bbox 1037 4256 1321 4329; x_wconf 80' lang='lat' dir='ltr'><strong>habentes,</strong></span> <span class='ocrx_word' id='word_1_532' title='bbox 1364 4259 1485 4327; x_wconf 81' lang='lat' dir='ltr'><strong>ejus</strong></span> <span class='ocrx_word' id='word_1_533' title='bbox 1532 4260 1803 4314; x_wconf 84' lang='lat' dir='ltr'><strong>mandatis</strong></span> <span class='ocrx_word' id='word_1_534' title='bbox 1835 4262 1911 4314; x_wconf 44' lang='lat' dir='ltr'><strong>obl</strong></span> 
     </span>
    </p>
   </div>
   <div class='ocr_carea' id='block_1_78' title="bbox 2119 4252 3649 4329">
    <p class='ocr_par' dir='ltr' id='par_1_78' title="bbox 2119 4252 3649 4325">
     <span class='ocr_line' id='line_1_78' title="bbox 2119 4252 3649 4325; baseline -0.001 -19"><span class='ocrx_word' id='word_1_535' title='bbox 2119 4254 2365 4325; x_wconf 76' lang='grc' dir='ltr'>τιθυμίας</span> <span class='ocrx_word' id='word_1_536' title='bbox 2389 4253 2484 4306; x_wconf 81' lang='grc' dir='ltr'>τοῦ</span> <span class='ocrx_word' id='word_1_537' title='bbox 2513 4254 2717 4322; x_wconf 85' lang='grc' dir='ltr'>κόσμου</span> <span class='ocrx_word' id='word_1_538' title='bbox 2748 4254 2981 4322; x_wconf 74' lang='grc' dir='ltr'>ἔχοντες,</span> <span class='ocrx_word' id='word_1_539' title='bbox 3005 4257 3116 4317; x_wconf 86' lang='grc' dir='ltr'>τοῖς</span> <span class='ocrx_word' id='word_1_540' title='bbox 3143 4255 3463 4324; x_wconf 83' lang='grc' dir='ltr'>πράγμασιν</span> <span class='ocrx_word' id='word_1_541' title='bbox 3492 4252 3649 4325; x_wconf 77' lang='grc' dir='ltr'>[προ-</span> 
     </span>
    </p>
   </div>
   <div class='ocr_carea' id='block_1_79' title="bbox 382 4343 2925 4416">
    <p class='ocr_par' dir='ltr' id='par_1_79' title="bbox 382 4343 2925 4416">
     <span class='ocr_line' id='line_1_79' title="bbox 382 4343 2925 4416; baseline -0.001 -16"><span class='ocrx_word' id='word_1_542' title='bbox 382 4347 557 4400; x_wconf 80' lang='lat' dir='ltr'><strong>diunt.</strong></span> <span class='ocrx_word' id='word_1_543' title='bbox 2071 4343 2403 4416; x_wconf 62' lang='grc' dir='ltr'>στάγμασινῖ</span> <span class='ocrx_word' id='word_1_544' title='bbox 2435 4345 2601 4397; x_wconf 75' lang='grc' dir='ltr'>αὐτοῦ</span> <span class='ocrx_word' id='word_1_545' title='bbox 2630 4344 2925 4397; x_wconf 84' lang='grc' dir='ltr'>πείθονται.</span> 
     </span>
    </p>
   </div>
   <div class='ocr_carea' id='block_1_80' title="bbox 453 4433 1983 4513">
    <p class='ocr_par' dir='ltr' id='par_1_80' title="bbox 453 4433 1963 4513">
     <span class='ocr_line' id='line_1_80' title="bbox 453 4433 1963 4513; baseline 0.005 -25"><span class='ocrx_word' id='word_1_546' title='bbox 453 4435 506 4489; x_wconf 75' lang='grc'>4.</span> <span class='ocrx_word' id='word_1_547' title='bbox 538 4433 623 4491; x_wconf 86' lang='lat' dir='ltr'><strong>Tu</strong></span> <span class='ocrx_word' id='word_1_548' title='bbox 665 4437 849 4493; x_wconf 78' lang='lat' dir='ltr'><strong>dixisti</strong></span> <span class='ocrx_word' id='word_1_549' title='bbox 883 4457 895 4491; x_wconf 92' lang='lat'><strong>:</strong></span> <span class='ocrx_word' id='word_1_550' title='bbox 934 4438 1253 4493; x_wconf 78' lang='lat' dir='ltr'><strong>Maledictus</strong></span> <span class='ocrx_word' id='word_1_551' title='bbox 1296 4441 1468 4503; x_wconf 79' lang='lat' dir='ltr'><strong>omnis</strong></span> <span class='ocrx_word' id='word_1_552' title='bbox 1511 4443 1602 4509; x_wconf 80' lang='lat' dir='ltr'><strong>qui</strong></span> <span class='ocrx_word' id='word_1_553' title='bbox 1650 4441 1780 4509; x_wconf 75' lang='lat' dir='ltr'><strong>facit</strong></span> <span class='ocrx_word' id='word_1_554' title='bbox 1837 4457 1963 4513; x_wconf 80' lang='lat' dir='ltr'><strong>opus</strong></span> 
     </span>
    </p>
   </div>
   <div class='ocr_carea' id='block_1_81' title="bbox 2117 4433 3647 4513">
    <p class='ocr_par' dir='ltr' id='par_1_81' title="bbox 2137 4436 3647 4511">
     <span class='ocr_line' id='line_1_81' title="bbox 2137 4436 3647 4511; baseline 0 -20"><span class='ocrx_word' id='word_1_555' title='bbox 2137 4439 2188 4492; x_wconf 68' lang='grc'>4.</span> <span class='ocrx_word' id='word_1_556' title='bbox 2228 4440 2300 4490; x_wconf 72' lang='grc' dir='ltr'>Συ</span> <span class='ocrx_word' id='word_1_557' title='bbox 2325 4436 2507 4501; x_wconf 81' lang='grc' dir='ltr'>εἶπας·</span> <span class='ocrx_word' id='word_1_558' title='bbox 2542 4436 3003 4511; x_wconf 78' lang='grc' dir='ltr'>Ἐπικατάρατος</span> <span class='ocrx_word' id='word_1_559' title='bbox 3026 4436 3145 4503; x_wconf 79' lang='grc' dir='ltr'>πᾶς</span> <span class='ocrx_word' id='word_1_560' title='bbox 3176 4441 3208 4491; x_wconf 84' lang='grc' dir='ltr'><em>ό</em></span> <span class='ocrx_word' id='word_1_561' title='bbox 3234 4438 3419 4509; x_wconf 69' lang='grc' dir='ltr'>ποιᾷηο</span> <span class='ocrx_word' id='word_1_562' title='bbox 3440 4437 3512 4491; x_wconf 83' lang='grc' dir='ltr'>τὰ</span> <span class='ocrx_word' id='word_1_563' title='bbox 3540 4438 3647 4491; x_wconf 82' lang='grc' dir='ltr'><strong>τοῦ</strong></span> 
     </span>
    </p>
   </div>
   <div class='ocr_carea' id='block_1_82' title="bbox 386 4520 1916 4599">
    <p class='ocr_par' dir='ltr' id='par_1_82' title="bbox 386 4520 1882 4599">
     <span class='ocr_line' id='line_1_82' title="bbox 386 4520 1882 4599; baseline 0.003 -19"><span class='ocrx_word' id='word_1_564' title='bbox 386 4527 482 4599; x_wconf 67' lang='lat' dir='ltr'><strong>Det</strong></span> <span class='ocrx_word' id='word_1_565' title='bbox 511 4529 829 4599; x_wconf 80' lang='lat' dir='ltr'><strong>negligenter</strong></span> <span class='ocrx_word' id='word_1_566' title='bbox 859 4532 923 4583; x_wconf 79' lang='grc'><strong>⁸⁸.</strong></span> <span class='ocrx_word' id='word_1_567' title='bbox 1876 4520 1882 4526; x_wconf 62' lang='grc'><em>’</em></span> 
     </span>
    </p>
   </div>
   <div class='ocr_carea' id='block_1_83' title="bbox 1056 4520 2586 4599">
    <p class='ocr_par' dir='ltr' id='par_1_83' title="bbox 1876 4520 2586 4599">
     <span class='ocr_line' id='line_1_83' title="bbox 1876 4520 2586 4599; baseline 0 -14"><span class='ocrx_word' id='word_1_568' title='bbox 1876 4520 1882 4526; x_wconf 47' lang='grc'><em>’</em></span> <span class='ocrx_word' id='word_1_569' title='bbox 2067 4532 2287 4598; x_wconf 71' lang='grc' dir='ltr'>Κυρίου</span> <span class='ocrx_word' id='word_1_570' title='bbox 2334 4531 2586 4599; x_wconf 77' lang='grc' dir='ltr'>ἀμελῶς.</span> 
     </span>
    </p>
   </div>
   <div class='ocr_carea' id='block_1_84' title="bbox 455 4620 1985 4696">
    <p class='ocr_par' dir='ltr' id='par_1_84' title="bbox 455 4621 1966 4692">
     <span class='ocr_line' id='line_1_84' title="bbox 455 4621 1966 4692; baseline 0.002 -18"><span class='ocrx_word' id='word_1_571' title='bbox 455 4621 506 4674; x_wconf 84' lang='grc'><strong>5.</strong></span> <span class='ocrx_word' id='word_1_572' title='bbox 545 4621 641 4676; x_wconf 87' lang='lat' dir='ltr'><strong>Det</strong></span> <span class='ocrx_word' id='word_1_573' title='bbox 672 4624 848 4692; x_wconf 81' lang='lat' dir='ltr'><strong>gratia</strong></span> <span class='ocrx_word' id='word_1_574' title='bbox 883 4630 996 4687; x_wconf 88' lang='lat' dir='ltr'><strong>tua,</strong></span> <span class='ocrx_word' id='word_1_575' title='bbox 1029 4634 1087 4676; x_wconf 94' lang='lat' dir='ltr'><strong>ut</strong></span> <span class='ocrx_word' id='word_1_576' title='bbox 1124 4622 1801 4681; x_wconf 86' lang='lat' dir='ltr'><strong>instruanturvoluntates</strong></span> <span class='ocrx_word' id='word_1_577' title='bbox 1845 4640 1966 4677; x_wconf 84' lang='lat' dir='ltr'><strong>cor-</strong></span> 
     </span>
    </p>
   </div>
   <div class='ocr_carea' id='block_1_85' title="bbox 2118 4620 3648 4696">
    <p class='ocr_par' dir='ltr' id='par_1_85' title="bbox 2140 4620 3648 4696">
     <span class='ocr_line' id='line_1_85' title="bbox 2140 4620 3648 4696; baseline -0.003 -19"><span class='ocrx_word' id='word_1_578' title='bbox 2226 4624 2346 4695; x_wconf 79' lang='grc' dir='ltr'><strong>Δῴη</strong></span> <span class='ocrx_word' id='word_1_579' title='bbox 2383 4625 2416 4695; x_wconf 84' lang='grc' dir='ltr'><strong>ἡ</strong></span> <span class='ocrx_word' id='word_1_580' title='bbox 2445 4624 2604 4696; x_wconf 86' lang='grc' dir='ltr'>χάρις</span> <span class='ocrx_word' id='word_1_581' title='bbox 2631 4641 2725 4678; x_wconf 84' lang='grc' dir='ltr'><strong>σου</strong></span> <span class='ocrx_word' id='word_1_582' title='bbox 2751 4622 3124 4692; x_wconf 79' lang='grc' dir='ltr'>συνετισθῆναι</span> <span class='ocrx_word' id='word_1_583' title='bbox 3151 4622 3220 4675; x_wconf 88' lang='grc' dir='ltr'><strong>τά</strong></span> <span class='ocrx_word' id='word_1_584' title='bbox 3244 4621 3525 4692; x_wconf 75' lang='grc' dir='ltr'>θελήματα</span> <span class='ocrx_word' id='word_1_585' title='bbox 3550 4620 3648 4690; x_wconf 78' lang='grc' dir='ltr'>τῆς</span> 
     </span>
    </p>
   </div>
   <div class='ocr_carea' id='block_1_86' title="bbox 384 4698 1914 4789">
    <p class='ocr_par' dir='ltr' id='par_1_86' title="bbox 384 4698 1914 4783">
     <span class='ocr_line' id='line_1_86' title="bbox 384 4698 1914 4783; baseline 0.001 -17"><span class='ocrx_word' id='word_1_586' title='bbox 384 4713 470 4779; x_wconf 73' lang='lat' dir='ltr'><strong>(lis</strong></span> <span class='ocrx_word' id='word_1_587' title='bbox 493 4714 599 4768; x_wconf 89' lang='lat' dir='ltr'><strong>mei</strong></span> <span class='ocrx_word' id='word_1_588' title='bbox 634 4715 701 4768; x_wconf 89' lang='lat' dir='ltr'><strong>ad</strong></span> <span class='ocrx_word' id='word_1_589' title='bbox 744 4713 1189 4769; x_wconf 79' lang='lat' dir='ltr'><strong>fructiﬁcandum</strong></span> <span class='ocrx_word' id='word_1_590' title='bbox 1240 4731 1329 4769; x_wconf 88' lang='lat' dir='ltr'><strong>me</strong></span> <span class='ocrx_word' id='word_1_591' title='bbox 1376 4698 1430 4767; x_wconf 90' lang='lat' dir='ltr'><strong>in</strong></span> <span class='ocrx_word' id='word_1_592' title='bbox 1475 4714 1914 4783; x_wconf 81' lang='lat' dir='ltr'><strong>justilicationibt</strong></span> 
     </span>
    </p>
   </div>
   <div class='ocr_carea' id='block_1_87' title="bbox 2116 4698 3646 4789">
    <p class='ocr_par' dir='ltr' id='par_1_87' title="bbox 2116 4712 3646 4788">
     <span class='ocr_line' id='line_1_87' title="bbox 2116 4712 3646 4788; baseline -0.001 -22"><span class='ocrx_word' id='word_1_593' title='bbox 2116 4715 2300 4786; x_wconf 79' lang='grc' dir='ltr'>αρδίας</span> <span class='ocrx_word' id='word_1_594' title='bbox 2323 4733 2425 4787; x_wconf 87' lang='grc' dir='ltr'><strong>μου</strong></span> <span class='ocrx_word' id='word_1_595' title='bbox 2458 4715 2555 4771; x_wconf 83' lang='grc' dir='ltr'><strong>τοῦ</strong></span> <span class='ocrx_word' id='word_1_596' title='bbox 2583 4720 2954 4788; x_wconf 76' lang='grc' dir='ltr'>καρποφορεῖν</span> <span class='ocrx_word' id='word_1_597' title='bbox 2986 4734 3053 4787; x_wconf 87' lang='grc' dir='ltr'><strong>με</strong></span> <span class='ocrx_word' id='word_1_598' title='bbox 3085 4720 3142 4769; x_wconf 82' lang='grc' dir='ltr'>ὲν</span> <span class='ocrx_word' id='word_1_599' title='bbox 3169 4718 3282 4778; x_wconf 86' lang='grc' dir='ltr'>τοῖς</span> <span class='ocrx_word' id='word_1_600' title='bbox 3314 4712 3646 4784; x_wconf 76' lang='grc' dir='ltr'>δικαιώμασε</span> 
     </span>
    </p>
   </div>
   <div class='ocr_carea' id='block_1_88' title="bbox 382 4806 1912 4861">
    <p class='ocr_par' dir='ltr' id='par_1_88' title="bbox 382 4806 511 4861">
     <span class='ocr_line' id='line_1_88' title="bbox 382 4806 511 4861; baseline -0.016 0"><span class='ocrx_word' id='word_1_601' title='bbox 382 4806 511 4861; x_wconf 84' lang='lat' dir='ltr'><strong>tuis.</strong></span> 
     </span>
    </p>
   </div>
   <div class='ocr_carea' id='block_1_89' title="bbox 652 4806 2182 4861">
    <p class='ocr_par' dir='ltr' id='par_1_89' title="bbox 2068 4824 2182 4861">
     <span class='ocr_line' id='line_1_89' title="bbox 2068 4824 2182 4861; baseline 0.018 -2"><span class='ocrx_word' id='word_1_602' title='bbox 2068 4824 2182 4861; x_wconf 85' lang='grc' dir='ltr'>σου.</span> 
     </span>
    </p>
   </div>
   <div class='ocr_carea' id='block_1_90' title="bbox 452 4895 1982 4971">
    <p class='ocr_par' dir='ltr' id='par_1_90' title="bbox 452 4895 1964 4971">
     <span class='ocr_line' id='line_1_90' title="bbox 452 4895 1964 4971; baseline 0.003 -21"><span class='ocrx_word' id='word_1_603' title='bbox 452 4898 505 4971; x_wconf 77' lang='lat'><strong>6.</strong></span> <span class='ocrx_word' id='word_1_604' title='bbox 545 4895 599 4951; x_wconf 93' lang='lat' dir='ltr'><strong>In</strong></span> <span class='ocrx_word' id='word_1_605' title='bbox 637 4899 725 4953; x_wconf 90' lang='lat' dir='ltr'><strong>die</strong></span> <span class='ocrx_word' id='word_1_606' title='bbox 761 4898 955 4968; x_wconf 85' lang='lat' dir='ltr'><strong>judicii</strong></span> <span class='ocrx_word' id='word_1_607' title='bbox 995 4914 1101 4951; x_wconf 92' lang='lat' dir='ltr'><strong>non</strong></span> <span class='ocrx_word' id='word_1_608' title='bbox 1142 4898 1358 4952; x_wconf 88' lang='lat' dir='ltr'><strong>audiam</strong></span> <span class='ocrx_word' id='word_1_609' title='bbox 1397 4913 1425 4949; x_wconf 86' lang='lat' dir='ltr'><strong>a</strong></span> <span class='ocrx_word' id='word_1_610' title='bbox 1468 4906 1517 4952; x_wconf 85' lang='lat' dir='ltr'><strong>te</strong></span> <span class='ocrx_word' id='word_1_611' title='bbox 1543 4898 1673 4954; x_wconf 92' lang='lat' dir='ltr'><strong>illud</strong></span> <span class='ocrx_word' id='word_1_612' title='bbox 1703 4896 1823 4963; x_wconf 75' lang='lat' dir='ltr'><strong>Non</strong></span> <span class='ocrx_word' id='word_1_613' title='bbox 1848 4900 1964 4967; x_wconf 65' lang='lat' dir='ltr'><strong>noui</strong></span> 
     </span>
    </p>
   </div>
   <div class='ocr_carea' id='block_1_91' title="bbox 2115 4895 3645 4971">
    <p class='ocr_par' dir='ltr' id='par_1_91' title="bbox 2143 4897 3645 4971">
     <span class='ocr_line' id='line_1_91' title="bbox 2143 4897 3645 4971; baseline -0.003 -18"><span class='ocrx_word' id='word_1_614' title='bbox 2143 4897 2197 4953; x_wconf 89' lang='grc'>6.</span> <span class='ocrx_word' id='word_1_615' title='bbox 2232 4900 2324 4952; x_wconf 86' lang='grc' dir='ltr'>Ἐν</span> <span class='ocrx_word' id='word_1_616' title='bbox 2352 4903 2417 4969; x_wconf 79' lang='grc' dir='ltr'>τῇ</span> <span class='ocrx_word' id='word_1_617' title='bbox 2450 4900 2633 4971; x_wconf 73' lang='grc' dir='ltr'>ἡμέρᾳ</span> <span class='ocrx_word' id='word_1_618' title='bbox 2655 4901 2751 4971; x_wconf 75' lang='grc' dir='ltr'>τῆς</span> <span class='ocrx_word' id='word_1_619' title='bbox 2776 4901 3009 4971; x_wconf 79' lang='grc' dir='ltr'>κρίσεως</span> <span class='ocrx_word' id='word_1_620' title='bbox 3033 4900 3092 4953; x_wconf 78' lang='grc' dir='ltr'><strong>οὐ</strong></span> <span class='ocrx_word' id='word_1_621' title='bbox 3120 4902 3194 4970; x_wconf 83' lang='grc' dir='ltr'><strong>μὴ</strong></span> <span class='ocrx_word' id='word_1_622' title='bbox 3234 4899 3453 4966; x_wconf 77' lang='grc' dir='ltr'>ἀκούσω</span> <span class='ocrx_word' id='word_1_623' title='bbox 3497 4898 3645 4966; x_wconf 84' lang='grc' dir='ltr'><strong>παρά</strong></span> 
     </span>
    </p>
   </div>
   <div class='ocr_carea' id='block_1_92' title="bbox 383 4964 1913 5065">
    <p class='ocr_par' dir='ltr' id='par_1_92' title="bbox 383 4966 1913 5065">
     <span class='ocr_line' id='line_1_92' title="bbox 383 4966 1913 5065; baseline -0.003 -18"><span class='ocrx_word' id='word_1_624' title='bbox 383 5002 452 5052; x_wconf 79' lang='grc' dir='ltr'>ιε.</span> <span class='ocrx_word' id='word_1_625' title='bbox 482 4966 527 5045; x_wconf 84' lang='lat' dir='ltr'><strong>si</strong></span> <span class='ocrx_word' id='word_1_626' title='bbox 559 5007 715 5046; x_wconf 88' lang='lat' dir='ltr'><strong>mens</strong></span> <span class='ocrx_word' id='word_1_627' title='bbox 739 5006 858 5046; x_wconf 90' lang='lat' dir='ltr'><strong>mea</strong></span> <span class='ocrx_word' id='word_1_628' title='bbox 901 4991 1211 5046; x_wconf 89' lang='lat' dir='ltr'><strong>illuminata</strong></span> <span class='ocrx_word' id='word_1_629' title='bbox 1250 4991 1415 5047; x_wconf 81' lang='lat' dir='ltr'><strong>fuerit</strong></span> <span class='ocrx_word' id='word_1_630' title='bbox 1444 4993 1496 5044; x_wconf 89' lang='lat' dir='ltr'><strong>in</strong></span> <span class='ocrx_word' id='word_1_631' title='bbox 1535 4992 1792 5057; x_wconf 73' lang='lat' dir='ltr'><strong>omnibus</strong></span> <span class='ocrx_word' id='word_1_632' title='bbox 1828 5006 1913 5065; x_wconf 74' lang='lat' dir='ltr'><strong>pra</strong></span> 
     </span>
    </p>
   </div>
   <div class='ocr_carea' id='block_1_93' title="bbox 2110 4964 3640 5065">
    <p class='ocr_par' dir='ltr' id='par_1_93' title="bbox 2110 4964 3640 5063">
     <span class='ocr_line' id='line_1_93' title="bbox 2110 4964 3640 5063; baseline -0.002 -20"><span class='ocrx_word' id='word_1_633' title='bbox 2110 4990 2166 5043; x_wconf 83' lang='grc' dir='ltr'>οὗ</span> <span class='ocrx_word' id='word_1_634' title='bbox 2185 4992 2267 5056; x_wconf 87' lang='grc' dir='ltr'>τὸ,</span> <span class='ocrx_word' id='word_1_635' title='bbox 2302 4964 2425 5045; x_wconf 57' lang='lat' dir='ltr'><strong>oo};</strong></span> <span class='ocrx_word' id='word_1_636' title='bbox 2449 4964 2583 5045; x_wconf 56' lang='lat' dir='ltr'><strong>am;</strong></span> <span class='ocrx_word' id='word_1_637' title='bbox 2610 4964 2719 5055; x_wconf 66' lang='grc' dir='ltr'><strong>σε,</strong></span> <span class='ocrx_word' id='word_1_638' title='bbox 2758 4964 2826 5047; x_wconf 50' lang='grc' dir='ltr'><strong>δᾴ</strong></span> <span class='ocrx_word' id='word_1_639' title='bbox 2868 4994 2901 5061; x_wconf 81' lang='grc' dir='ltr'>ὴ</span> <span class='ocrx_word' id='word_1_640' title='bbox 2929 4964 3136 5059; x_wconf 76' lang='grc' dir='ltr'>διάνοιά</span> <span class='ocrx_word' id='word_1_641' title='bbox 3170 4964 3269 5063; x_wconf 55' lang='grc' dir='ltr'><strong>μου</strong></span> <span class='ocrx_word' id='word_1_642' title='bbox 3306 4964 3640 5059; x_wconf 43' lang='lat' dir='ltr'><strong>eam”...</strong></span> 
     </span>
    </p>
   </div>
   <div class='ocr_carea' id='block_1_94' title="bbox 382 5081 1912 5155">
    <p class='ocr_par' dir='ltr' id='par_1_94' title="bbox 382 5082 706 5151">
     <span class='ocr_line' id='line_1_94' title="bbox 382 5082 706 5151; baseline 0 -14"><span class='ocrx_word' id='word_1_643' title='bbox 382 5082 552 5151; x_wconf 86' lang='lat' dir='ltr'><strong>ceptis</strong></span> <span class='ocrx_word' id='word_1_644' title='bbox 578 5084 706 5139; x_wconf 90' lang='lat' dir='ltr'><strong>tuis.</strong></span> 
     </span>
    </p>
   </div>
   <div class='ocr_carea' id='block_1_95' title="bbox 1443 5081 2973 5155">
    <p class='ocr_par' dir='ltr' id='par_1_95' title="bbox 2070 5081 2973 5155">
     <span class='ocr_line' id='line_1_95' title="bbox 2070 5081 2973 5155; baseline 0.007 -21"><span class='ocrx_word' id='word_1_645' title='bbox 2070 5081 2246 5155; x_wconf 71' lang='grc' dir='ltr'>[ἐπὶ]</span> <span class='ocrx_word' id='word_1_646' title='bbox 2281 5085 2459 5148; x_wconf 86' lang='grc' dir='ltr'>πάσας</span> <span class='ocrx_word' id='word_1_647' title='bbox 2482 5087 2581 5150; x_wconf 84' lang='grc' dir='ltr'>τὰς</span> <span class='ocrx_word' id='word_1_648' title='bbox 2610 5087 2829 5148; x_wconf 78' lang='grc' dir='ltr'>ἐντολάς</span> <span class='ocrx_word' id='word_1_649' title='bbox 2859 5103 2973 5140; x_wconf 88' lang='grc' dir='ltr'>σου.</span> 
     </span>
    </p>
   </div>
   <div class='ocr_carea' id='block_1_96' title="bbox 452 5172 2085 5244">
    <p class='ocr_par' dir='ltr' id='par_1_96' title="bbox 452 5172 2085 5244">
     <span class='ocr_line' id='line_1_96' title="bbox 452 5172 2085 5244; baseline -0.002 -12"><span class='ocrx_word' id='word_1_650' title='bbox 452 5178 503 5212; x_wconf 83' lang='grc'><strong>⁸⁸</strong></span> <span class='ocrx_word' id='word_1_651' title='bbox 531 5176 643 5233; x_wconf 84' lang='lat' dir='ltr'><strong>Jer.</strong></span> <span class='ocrx_word' id='word_1_652' title='bbox 686 5193 877 5244; x_wconf 67' lang='lat' dir='ltr'><strong>xum,</strong></span> <span class='ocrx_word' id='word_1_653' title='bbox 910 5178 997 5231; x_wconf 87' lang='lat' dir='ltr'><strong>l0.</strong></span> <span class='ocrx_word' id='word_1_654' title='bbox 2082 5172 2085 5173; x_wconf 58' lang='grc'><strong><em>⁷</em></strong></span> 
     </span>
    </p>
   </div>
   <div class='ocr_carea' id='block_1_97' title="bbox 1338 5248 2673 5323">
    <p class='ocr_par' dir='ltr' id='par_1_97' title="bbox 1338 5248 2673 5323">
     <span class='ocr_line' id='line_1_97' title="bbox 1338 5248 2673 5323; baseline 0.001 -12"><span class='ocrx_word' id='word_1_655' title='bbox 1338 5248 1649 5311; x_wconf 80' lang='lat' dir='ltr'><strong>Addenda</strong></span> <span class='ocrx_word' id='word_1_656' title='bbox 1679 5256 1741 5311; x_wconf 85' lang='lat' dir='ltr'><strong>et</strong></span> <span class='ocrx_word' id='word_1_657' title='bbox 1774 5249 2152 5323; x_wconf 72' lang='lat' dir='ltr'><strong>corrigenda</strong></span> <span class='ocrx_word' id='word_1_658' title='bbox 2185 5268 2261 5311; x_wconf 79' lang='lat' dir='ltr'><strong>ex</strong></span> <span class='ocrx_word' id='word_1_659' title='bbox 2290 5251 2430 5311; x_wconf 86' lang='lat' dir='ltr'><strong>cod.</strong></span> <span class='ocrx_word' id='word_1_660' title='bbox 2473 5251 2673 5313; x_wconf 83' lang='lat' dir='ltr'><strong>Vatic.</strong></span> 
     </span>
    </p>
   </div>
   <div class='ocr_carea' id='block_1_98' title="bbox 456 5374 1986 5451">
    <p class='ocr_par' dir='ltr' id='par_1_98' title="bbox 456 5377 1983 5451">
     <span class='ocr_line' id='line_1_98' title="bbox 456 5377 1983 5451; baseline -0.001 -17"><span class='ocrx_word' id='word_1_661' title='bbox 456 5381 532 5451; x_wconf 71' lang='lat' dir='ltr'><strong>(ll</strong></span> <span class='ocrx_word' id='word_1_662' title='bbox 558 5383 623 5435; x_wconf 86' lang='lat' dir='ltr'><strong>N.</strong></span> <span class='ocrx_word' id='word_1_663' title='bbox 663 5382 747 5435; x_wconf 80' lang='grc'><strong>55.</strong></span> <span class='ocrx_word' id='word_1_664' title='bbox 788 5380 1082 5446; x_wconf 79' lang='grc' dir='ltr'>Ἕκαστος,</span> <span class='ocrx_word' id='word_1_665' title='bbox 1126 5392 1261 5447; x_wconf 84' lang='lat' dir='ltr'><strong>etc.,</strong></span> <span class='ocrx_word' id='word_1_666' title='bbox 1287 5380 1381 5433; x_wconf 77' lang='grc' dir='ltr'><strong>καὶ</strong></span> <span class='ocrx_word' id='word_1_667' title='bbox 1423 5379 1635 5443; x_wconf 81' lang='grc' dir='ltr'>ἑαυτόν,</span> <span class='ocrx_word' id='word_1_668' title='bbox 1668 5388 1772 5433; x_wconf 79' lang='lat' dir='ltr'><strong>etc.</strong></span> <span class='ocrx_word' id='word_1_669' title='bbox 1799 5378 1865 5432; x_wconf 92' lang='lat' dir='ltr'><strong>N.</strong></span> <span class='ocrx_word' id='word_1_670' title='bbox 1898 5377 1983 5433; x_wconf 81' lang='lat'><strong>56.</strong></span> 
     </span>
    </p>
   </div>
   <div class='ocr_carea' id='block_1_99' title="bbox 2113 5374 3643 5451">
    <p class='ocr_par' dir='ltr' id='par_1_99' title="bbox 2113 5374 3643 5451">
     <span class='ocr_line' id='line_1_99' title="bbox 2113 5374 3643 5451; baseline -0.001 -20"><span class='ocrx_word' id='word_1_671' title='bbox 2113 5380 2167 5442; x_wconf 85' lang='grc' dir='ltr'>ός</span> <span class='ocrx_word' id='word_1_672' title='bbox 2204 5396 2303 5450; x_wconf 86' lang='grc' dir='ltr'><strong>μου</strong></span> <span class='ocrx_word' id='word_1_673' title='bbox 2328 5376 2379 5432; x_wconf 85' lang='grc' dir='ltr'>εἷ</span> <span class='ocrx_word' id='word_1_674' title='bbox 2415 5381 2501 5443; x_wconf 77' lang='grc' dir='ltr'><strong>σὺ,</strong></span> <span class='ocrx_word' id='word_1_675' title='bbox 2532 5380 2625 5432; x_wconf 76' lang='grc' dir='ltr'><strong>καὶ</strong></span> <span class='ocrx_word' id='word_1_676' title='bbox 2649 5378 2857 5443; x_wconf 84' lang='grc' dir='ltr'>δοξάσω</span> <span class='ocrx_word' id='word_1_677' title='bbox 2894 5394 2975 5451; x_wconf 79' lang='grc' dir='ltr'>σε.</span> <span class='ocrx_word' id='word_1_678' title='bbox 3002 5377 3068 5430; x_wconf 78' lang='grc' dir='ltr'><strong>Ν.</strong></span> <span class='ocrx_word' id='word_1_679' title='bbox 3096 5377 3183 5431; x_wconf 89' lang='grc'>57.</span> <span class='ocrx_word' id='word_1_680' title='bbox 3229 5374 3502 5437; x_wconf 79' lang='grc' dir='ltr'>Ἐκδὼσω,</span> <span class='ocrx_word' id='word_1_681' title='bbox 3538 5388 3643 5431; x_wconf 86' lang='lat' dir='ltr'><strong>etc.</strong></span> 
     </span>
    </p>
   </div>
   <div class='ocr_carea' id='block_1_100' title="bbox 381 5450 1911 5518">
    <p class='ocr_par' dir='ltr' id='par_1_100' title="bbox 381 5450 1073 5518">
     <span class='ocr_line' id='line_1_100' title="bbox 381 5450 1073 5518; baseline -0.006 -11"><span class='ocrx_word' id='word_1_682' title='bbox 381 5453 450 5507; x_wconf 85' lang='lat' dir='ltr'><strong>N.</strong></span> <span class='ocrx_word' id='word_1_683' title='bbox 468 5450 571 5515; x_wconf 24' lang='lat'><strong>&#39;58,</strong></span> <span class='ocrx_word' id='word_1_684' title='bbox 604 5452 716 5505; x_wconf 78' lang='grc' dir='ltr'>ἀλλ’</span> <span class='ocrx_word' id='word_1_685' title='bbox 757 5452 1073 5518; x_wconf 78' lang='grc' dir='ltr'>ἀπέδειξας.</span> 
     </span>
    </p>
   </div>
   <div class='ocr_carea' id='block_1_101' title="bbox 458 5561 3646 5644">
    <p class='ocr_par' dir='ltr' id='par_1_101' title="bbox 458 5561 3646 5644">
     <span class='ocr_line' id='line_1_101' title="bbox 458 5561 3646 5644; baseline -0.004 -18"><span class='ocrx_word' id='word_1_686' title='bbox 458 5574 538 5644; x_wconf 56' lang='grc' dir='ltr'><strong>(τ)</strong></span> <span class='ocrx_word' id='word_1_687' title='bbox 570 5572 774 5644; x_wconf 89' lang='lat' dir='ltr'><strong>Divisio</strong></span> <span class='ocrx_word' id='word_1_688' title='bbox 803 5573 1200 5644; x_wconf 79' lang='lat' dir='ltr'><strong>versiculorum</strong></span> <span class='ocrx_word' id='word_1_689' title='bbox 1228 5570 1391 5644; x_wconf 81' lang='lat' dir='ltr'><strong>hujus</strong></span> <span class='ocrx_word' id='word_1_690' title='bbox 1429 5569 1721 5644; x_wconf 78' lang='lat' dir='ltr'><strong>psalmiin</strong></span> <span class='ocrx_word' id='word_1_691' title='bbox 1755 5566 2241 5644; x_wconf 24' lang='lat' dir='ltr'><strong>codice‘Vaticano</strong></span> <span class='ocrx_word' id='word_1_692' title='bbox 2274 5568 2499 5644; x_wconf 83' lang='lat' dir='ltr'><strong>omnino</strong></span> <span class='ocrx_word' id='word_1_693' title='bbox 2536 5566 2746 5620; x_wconf 81' lang='lat' dir='ltr'><strong>diversa</strong></span> <span class='ocrx_word' id='word_1_694' title='bbox 2781 5574 2918 5644; x_wconf 67' lang='lat' dir='ltr'><strong>erat,</strong></span> <span class='ocrx_word' id='word_1_695' title='bbox 2957 5564 3077 5644; x_wconf 76' lang='lat' dir='ltr'><strong>ideo</strong></span> <span class='ocrx_word' id='word_1_696' title='bbox 3110 5577 3335 5644; x_wconf 68' lang='lat' dir='ltr'><strong>peccsse</strong></span> <span class='ocrx_word' id='word_1_697' title='bbox 3371 5561 3471 5644; x_wconf 60' lang='lat' dir='ltr'><strong>fuit</strong></span> <span class='ocrx_word' id='word_1_698' title='bbox 3508 5562 3646 5642; x_wconf 68' lang='lat' dir='ltr'><strong>inte-</strong></span> 
     </span>
    </p>
   </div>
   <div class='ocr_carea' id='block_1_102' title="bbox 386 5633 3650 5713">
    <p class='ocr_par' dir='ltr' id='par_1_102' title="bbox 386 5633 3650 5713">
     <span class='ocr_line' id='line_1_102' title="bbox 386 5633 3650 5713; baseline -0.004 -16"><span class='ocrx_word' id='word_1_699' title='bbox 386 5633 542 5713; x_wconf 67' lang='lat' dir='ltr'><strong>gm&#39;n&#39;.</strong></span> <span class='ocrx_word' id='word_1_700' title='bbox 578 5643 691 5697; x_wconf 85' lang='lat' dir='ltr'><strong>fere</strong></span> <span class='ocrx_word' id='word_1_701' title='bbox 718 5637 991 5712; x_wconf 86' lang='lat' dir='ltr'><strong>psalmum</strong></span> <span class='ocrx_word' id='word_1_702' title='bbox 1024 5658 1148 5698; x_wconf 88' lang='lat' dir='ltr'><strong>cum</strong></span> <span class='ocrx_word' id='word_1_703' title='bbox 1180 5658 1279 5697; x_wconf 84' lang='lat' dir='ltr'><strong>sua</strong></span> <span class='ocrx_word' id='word_1_704' title='bbox 1302 5633 1766 5710; x_wconf 72' lang='lat' dir='ltr'><strong>interpretatione</strong></span> <span class='ocrx_word' id='word_1_705' title='bbox 1800 5639 2099 5707; x_wconf 79' lang='lat' dir='ltr'><strong>ascribere,</strong></span> <span class='ocrx_word' id='word_1_706' title='bbox 2129 5638 2355 5695; x_wconf 84' lang='lat' dir='ltr'><strong>omissis</strong></span> <span class='ocrx_word' id='word_1_707' title='bbox 2375 5638 2552 5693; x_wconf 89' lang='lat' dir='ltr'><strong>solum</strong></span> <span class='ocrx_word' id='word_1_708' title='bbox 2588 5636 2866 5693; x_wconf 88' lang='lat' dir='ltr'><strong>nonnullis</strong></span> <span class='ocrx_word' id='word_1_709' title='bbox 2897 5633 3203 5699; x_wconf 84' lang='lat' dir='ltr'><strong>versiculis,</strong></span> <span class='ocrx_word' id='word_1_710' title='bbox 3230 5634 3281 5687; x_wconf 94' lang='lat' dir='ltr'><strong>in</strong></span> <span class='ocrx_word' id='word_1_711' title='bbox 3308 5633 3507 5703; x_wconf 79' lang='lat' dir='ltr'><strong>quibus</strong></span> <span class='ocrx_word' id='word_1_712' title='bbox 3534 5633 3650 5699; x_wconf 55' lang='lat' dir='ltr'><strong>sive</strong></span> 
     </span>
    </p>
   </div>
  </div>
