3874 6222
190 344 320 399 1171

1051 354 1139 405 DE
1177 353 1282 405 ’1ἰί
1301 353 1457 406 vus
1497 354 1945 413 PSALMORUM.
1980 391 2050 400 —
2089 359 2284 417 PSAL.
2320 329 2450 408 CX
2472 316 2586 409 vlu.

3338 381 3469 438 H78

252 462 303 515 7.
352 462 861 537 Ἐξομολογήσομαί
884 484 967 520 σοι
999 471 1056 522 ὲν
1079 470 1335 542 εὐθύτητι
1354 474 1581 546 καρδίας
1614 477 1672 529 ὲν
1699 478 1778 549 τῷ

1953 482 2001 547 7,
2033 482 2351 539 Conﬁtebor
2382 467 2499 573 ιίξῦἕ
2520 476 2572 539 in
2607 490 2896 550 directione
2924 497 3125 564 cordis,
3153 514 3205 554 ll!
3229 515 3296 555 eo
3320 507 3465 573 quod

188 552 584 624 μεμαθηκέναι
624 574 689 626 με
723 557 793 610 τὰ
824 560 1076 631 κρίματα
1098 563 1198 634 τῆς
1234 564 1585 639 δικαιοσύνης
1615 587 1727 623 σου.

249 644 301 698 8.
340 645 421 699 Τὰ
437 646 795 718 δικαιώματά
818 666 911 702 σου
936 652 1178 719 φυλάξω,
1209 657 1281 727 μή
1317 675 1383 727 με
1409 659 1779 736 ἐγκαταλίπῃς

183 734 283 796 tu);
321 736 563 806 σφόδρα.

247 823 297 877 9.
344 825 435 895 Ἐν
478 826 591 879 τίνι
626 829 965 900 κατορθώσει
1003 832 1269 905 νεώτερος
1300 836 1400 908 τὴν
1433 838 1549 891 ὁδὸν
1573 840 1778 905 aeto-3;

179 918 235 967 ὲν
262 914 342 983 τῷ
377 916 729 983 φυλάξασθαι
751 922 877 983 τοὺς
914 920 1105 985 λόγους
1134 941 1248 979 σου.

248 1008 335 1060 10.
380 1008 474 1060 Ἐν
501 1009 831 1083 ὅλῃ,καρδίᾳ
871 1031 973 1081 μου
1004 1016 1309 1087 ὲξεζήτησά
1344 1034 1425 1081 σε,
1459 1020 1534 1090 μὴ
1580 1020 1775 1093 άπὼσῃ

180 1115 247 1169 με
278 1099 391 1153 ἀπὸ
425 1102 543 1155 τῶν
581 1104 810 1157 ἐντολῶν
848 1123 962 1159 σου.

246 1190 331 1244 11.
376 1192 469 1244 Ἐν
496 1196 568 1264 τῇ
613 1196 811 1267 καρδίᾳ
845 1215 945 1268 μου
977 1197 1188 1269 ἔκρυψα
1209 1202 1275 1255 τὰ
1307 1202 1462 1271 λόγιά
1490 1221 1604 1266 σου,
1628 1207 1774 1269 ὅπως

178 1282 244 1338 ἂν
282 1286 356 1355 μὴ
396 1286 641 1357 ἁμάρτω
672 1305 775 1340 σοι.

247 1376 332 1429 12.
372 1378 689 1449 Εὐλογητὸς
712 1375 783 1442 εἷ,
804 1380 997 1453 Κύριε,
1019 1382 1227 1449 δίδαξον
1256 1403 1323 1455 με
1342 1387 1410 1440 τὰ
1432 1386 1775 1459 δικαιώματά

180 1484 295 1522 σου.

246 1558 332 1612 13.
376 1560 469 1612 Ἐν
492 1564 611 1623 τοῖς
632 1562 839 1632 χείλεσί
879 1582 980 1634 μου
1011 1565 1301 1636 ἐξὴγγειλα
1331 1568 1508 1622 πάντα
1543 1570 1610 1627 τὰ
1654 1572 1774 1643 κρί-

182 1666 323 1719 ματα
357 1650 457 1703 τοῦ
491 1652 763 1722 στόματός
789 1671 905 1707 σου.

249 1738 333 1793 14.
385 1741 479 1792 Ἐν
505 1744 574 1810 τῇ
608 1741 712 1813 ὁδῷ
734 1743 842 1796 τῶν
875 1746 1190 1816 μαρτυρίων
1222 1765 1315 1802 σου
1352 1750 1654 1822 ὲτέρφθην,
1694 1752 1770 1816 ὡς

184 1829 273 1880 ἰπὶ
298 1831 469 1883 παντὶ
498 1830 738 1904 πλούτῳ.

249 1919 331 1974 15.
374 1923 465 1974 Ἐν
496 1927 621 1988 ταῖς
646 1925 887 1990 ἐντολαῖς
924 1945 1017 1982 σου
1045 1930 1420 2003 άδολεσχήσω,
1467 1937 1559 1989 καὶ
1595 1954 1767 1991 κατα-

182 2011 352 2079 νοήσω
372 2012 476 2074 τὰς
509 2014 666 2078 ὁδούς
698 2033 812 2071 σου.

251 2100 333 2155 16.
379 2105 469 2156 Ἐν
503 2108 619 2168 τοῖς
645 2106 975 2178 δικαιώμασί
1010 2128 1102 2163 σου
1133 2112 1451 2184 μελετήσω,
1506 2116 1606 2170 οὐκ
1649 2120 1768 2172 ὲπι-

182 2188 411 2261 λήσομαι
439 2195 557 2248 τῶν
587 2197 761 2266 λόγων
793 2218 909 2255 σου.

252 2284 333 2340 17.
378 2287 709 2353 Ἀνταπὸδος
731 2291 807 2363 τῷ
828 2293 1000 2366 δούλῳ
1041 2315 1157 2364 σου,
1186 2296 1350 2369 ξῆσόν
1390 2318 1459 2372 με
1481 2340 1497 2366 ,
1532 2304 1628 2357 καὶ
1672 2322 1766 2373 φυ·

183 2371 320 2438 λάξω
345 2379 474 2441 τοὺς
498 2378 693 2449 λόγους
724 2399 817 2434 σου

1883 572 2047 632 didici
2073 576 2279 641 judicia
2302 565 2543 647 justitize
2573 590 2694 637 tuae.

1952 665 2005 719 8.
2041 664 2476 724 Justificationﬂs
2524 680 2642 729 tuas
2686 676 3012 743 custodiam,
3050 695 3155 732 non
3190 697 3276 735 me
3308 682 3461 738 dere-

1884 755 2098 824 linquas
2132 775 2546 829 usquequaque.

1951 848 2003 903 9.
2040 848 2097 902 ln
2125 866 2237 919 quo
2283 854 2510 924 corrigit
2553 856 2954 915 adolescentior
2999 862 3140 915 viam
3171 864 3365 918 suam?
3403 867 3455 919 in

1878 942 2235 997 custodiendo
2264 960 2545 1002 sermones
2573 959 2713 1005 tuos.

1949 1033 2037 1087 10.
2074 1035 2132 1087 In
2177 1042 2295 1090 toto
2338 1039 2502 1092 corde
2534 1056 2655 1095 meo
2697 1043 2963 1112 exquisivi
3014 1053 3084 1112 te,
3124 1063 3189 1101 ne
3225 1050 3453 1117 repellas

1878 1139 1965 1177 me
1997 1140 2027 1178 a
2052 1126 2325 1182 mandatis
2354 1130 2463 1185 tuis
2498 1148 2511 1185 ι

1947 1213 2033 1269 11.
2070 1215 2125 1269 In
2160 1219 2323 1273 corde
2372 1235 2493 1277 meo
2537 1221 2796 1285 abscondi
2835 1226 3050 1296 eloquia
3102 1241 3215 1289 tua.
3253 1241 3309 1285 ut
3342 1248 3450 1287 non

1876 1323 2091 1376 precem
2125 1309 2241 1363 tibi.

1947 1400 2033 1452 12.
2067 1398 2389 1458 Benedictus
2421 1420 2500 1470 es,
2535 1406 2783 1473 Domine,
2816 1410 2951 1465 doce
2988 1428 3073 1466 me
3098 1414 3446 1483 justiticatio»

1876 1505 1972 1543 nes
2006 1498 2145 1544 tuas.

1950 1580 2030 1632 15.
2059 1577 2115 1632 ln
2152 1580 2312 1637 labiis
2348 1583 2484 1638 meis
2518 1588 2867 1655 pronuntiavi
2892 1593 3072 1645 omnia
3100 1593 3302 1662 judicia
3335 1596 3447 1651 oris

1874 1668 1972 1721 tui.

1943 1759 2029 1814 14.
2057 1760 2111 1817 In
2146 1763 2229 1821 via
2265 1765 2704 1827 testimoniorum
2731 1780 2946 1827 tuorum
2973 1775 3269 1833 delectatus
3300 1795 3443 1843 sum,

1799 1842 1842 1899 B
1870 1849 2012 1903 sicut
2036 1854 2088 1905 in
2124 1856 2379 1911 omnibus
2411 1857 2637 1915 divitiis.

1940 1941 2028 1995 15.
2067 1942 2123 1996 In
2166 1947 2440 2002 mandatis
2481 1950 2587 2004 tuis
2634 1952 2950 2019 exercebar,
2985 1965 3037 2009 et
3085 1958 3442 2013 considerabo

1869 2032 1984 2087 vias
2018 2042 2158 2087 tuas.

1942 2124 2026 2177 16.
2062 2123 2119 2178 In
2150 2126 2633 2194 justiﬁcationibus
2671 2134 2779 2188 tuis
2824 2135 3142 2199 meditabor,
3172 2154 3277 2191 non
3303 2139 3439 2193 obli-

1866 2230 1893 2266 ν
1904 2229 2046 2268 Iscar
2079 2232 2365 2275 sermones
2390 2230 2535 2278 ιυοε.

1942 2305 2029 2359 17.
2069 2305 2327 2365 Retribue
2350 2326 2511 2366 servo
2538 2320 2653 2378 tuo,
2680 2311 2893 2369 viviﬁca
2922 2331 3025 2379 mc,
3055 2327 3109 2371 et
3135 2318 3437 2373 custodiam

1867 2411 2147 2454 sermones
2174 2409 2318 2457 ιυοο.

1314 2556 1685 2618 ATHANASII
1727 2564 2312 2627 INTERPRETATIO.

251 2726 300 2780 7.
341 2728 515 2781 Ἐκδῶ
561 2730 799 2800 ἐμαυτόν
828 2749 909 2784 σοι
957 2733 1015 2784 ἐν
1072 2734 1297 2807 ἀληθινῇ
1334 2739 1551 2812 καρδίᾳ,
1586 2744 1642 2795 ὲν
1683 2742 1762 2814 τῷ

187 2817 409 2872 ἀκοῦσαί
475 2838 566 2890 με,
600 2824 691 2874 καὶ
725 2823 1012 2877 πιστεῦσαι
1053 2828 1180 2897 περὶ
1219 2828 1319 2899 τῆς
1352 2830 1650 2905 μελλούσης
1681 2836 1763 2889 δι-

188 2906 339 2970 καίας
369 2909 802 2973 ἁνταποδόσεως.

251 2998 300 3052 8.
327 3000 409 3053 Τὰ
452 3001 804 3072 δικαιώματά
845 3022 940 3058 σου
989 3007 1089 3060 οὐκ
1118 3008 1283 3072 ἐάσω,
1342 3028 1525 3082 μονον,
1582 3016 1656 3087 μή
1693 3033 1763 3087 με

187 3085 554 3163 ιγκαταλίπῃς
576 3092 680 3155 ἓως
709 3094 913 3158 τέλους.

249 3177 301 3235 9.
337 3180 461 3245 Πῶς
480 3183 594 3235 τῶν
615 3188 956 3257 νεωτερικῶν
988 3189 1290 3260 ἐπιθυμιῶν
1315 3194 1608 3249 ἐπελάθετο
1630 3214 1714 3261 τις
1738 3215 1753 3265 ;

198 3266 278 3319 Ἑν
298 3270 371 3339 τῷ
400 3275 766 3343 μνημονεύειν
793 3278 956 3331 αὐτὸν
982 3278 1091 3332 τῶν
1114 3282 1233 3352 είρη
1245 3284 1421 3352 μένων
1457 3286 1610 3358 παρὰ
1638 3288 1752 3351 σοῦ,

184 3355 258 3409 ὅτι
298 3361 586 3429 μέλλουσιν
608 3366 831 3420 ἀκούειν
870 3370 918 3421 οἱ
954 3370 1300 3441 ἁμαρτωλοί·
1342 3355 1617 3444 Ὑπάγετε
1653 3379 1753 3431 ἀπ’

185 3445 321 3513 ἐμοῦ
351 3454 403 3504 οἱ
437 3455 838 3525 κατηραμένοι
874 3460 962 3524 εἰς
992 3459 1057 3512 τὸ
1084 3460 1204 3528 πῦρ
1247 3461 1312 3514 τὸ
1351 3462 1612 3530 αἰώνιον,
1659 3468 1755 3521 καὶ

186 3535 247 3587 τὰ
270 3537 416 3608 ἑξῆς,

253 3625 332 3681 10.
380 3631 468 3697 Ἐξ
503 3632 630 3704 ὅλης
681 3652 780 3705 της
817 3637 996 3707 ψυχῆς
1056 3656 1156 3707 μου
1210 3641 1527 3714 ὲπεπόθησά
1560 3662 1639 3709 σε,
1678 3648 1752 3716 μὴ

187 3716 389 3784 ἀνάξιον
415 3728 636 3798 ήγήσῃς
669 3743 735 3795 με
770 3728 868 3796 τῆς
888 3731 1107 3798 χάριτός
1138 3749 1252 3786 σου.
1784 3756 1787 3757 ⁷

251 3810 332 3871 11.
377 3817 464 3867 Ἐν
502 3819 651 3890 πάσῃ
682 3803 892 3890 φῖθλακῇ
918 3822 1144 3897 ἐτήρουν
1173 3825 1383 3887 ἑαυτὸν,
1418 3826 1492 3897 μὴ
1523 3827 1692 3881 ὲλθὼν
1724 3833 1753 3883 ὁ

188 3907 406 3977 πονηρὸς
433 3908 579 3983 λάϐῃ
604 3911 711 3963 ἀπὸ
740 3912 837 3983 τῆς
862 3894 1088 3985 καρδίας
1122 3933 1221 3986 μου
1251 3917 1318 3970 τὰ
1344 3894 1501 3987 λόῖιά
1517 3937 1631 3986 σου,
1657 3925 1752 3976 καὶ

190 3996 343 4061 μείνω
363 4003 580 4074 χέρσος.

252 4088 333 4147 12.
368 4095 770 4166 Δεδοξασμένος
803 4094 873 4162 εἴ,
892 4098 1086 4170 Κύριε,
1110 4100 1317 4166 δίδαξον
1350 4120 1417 4173 με
1439 4103 1508 4157 τὰ
1528 4105 1750 4159 δικαιώ-

190 4184 323 4246 ματά
350 4203 465 4245 σου.

251 4270 332 4326 15.
365 4278 478 4349 Ούχ
498 4278 903 4349 ὑπεστειλάμην
923 4278 1017 4334 τοῦ
1042 4282 1116 4353 μὴ
1139 4282 1371 4351 διδάξαι,
1405 4286 1499 4339 καὶ
1525 4286 1752 4357 διαμαρ-

185 4358 436 4431 τύρασθαι
468 4371 647 4424 πάντα
666 4371 736 4425 τὰ
765 4371 1046 4443 θελήματά
1070 4392 1185 4430 σου.

1932 2748 1982 2804 7.
2013 2749 2248 2806 Tradam
2298 2769 2386 2808 me
2449 2755 2626 2825 ipsum
2675 2755 2769 2810 tibi
2795 2757 3013 2811 sincero
3068 2758 3252 2824 corde,
3309 2776 3434 2815 cum

1858 2842 2142 2907 audivero,
2166 2853 2219 2898 et
2245 2846 2526 2901 credidero
2559 2846 2625 2902 de
2659 2846 2844 2903 futura
2867 2848 3015 2918 justa
3054 2850 3431 2905 retributione.

1930 3021 1982 3075 8.
2024 3021 2455 3079 Justilicationes
2491 3034 2613 3081 tuas
2652 3043 2762 3081 non
2818 3027 3111 3091 dimittam,
3156 3029 3332 3083 solum
3369 3048 3436 3085 ne

1862 3112 2212 3182 derelinquas
2252 3130 2338 3170 me
2370 3132 2543 3186 usque
2568 3118 2620 3171 in
2649 3117 2833 3172 tinem.

1933 3203 1987 3258 9.
2024 3204 2308 3270 Quomodo
2339 3207 2661 3275 juveniliunt
2692 3209 3049 3279 cupiditatum
3081 3211 3203 3279 quis
3244 3211 3433 3266 oblivi-

1862 3296 2083 3350 scetur?
2125 3295 2261 3350 Dum
2300 3297 2414 3366 ipse
2451 3300 2761 3354 meminerit
2792 3316 2914 3370 qua:
2957 3316 2987 3355 a
3022 3311 3070 3354 te
3109 3302 3251 3357 dicta
3282 3314 3431 3367 sunt,

1862 3386 2003 3454 quod
2030 3397 2344 3455 peceatores
2375 3388 2613 3443 audituri
2647 3401 2774 3444 sunt
2802 3406 2816 3443 :
2851 3390 3115 3446 Discedite
3139 3410 3170 3446 α
3198 3409 3295 3460 me,
3321 3410 3435 3448 ma-

1861 3476 2060 3541 ledicti,
2088 3482 2143 3529 in
2176 3478 2347 3548 ignem
2380 3488 2633 3532 (sternunt
2658 3482 2725 3545 ⁸⁷,
2751 3490 2854 3536 etc.

1932 3654 2018 3708 10.
2048 3654 2126 3710 Ex
2162 3665 2277 3712 tota
2306 3658 2486 3712 anima
2521 3675 2641 3713 mea
2666 3659 2966 3714 desideravi
2998 3671 3068 3727 te,
3097 3677 3271 3716 neme
3294 3661 3433 3717 indic

1860 3762 2026 3817 gnum
2057 3749 2339 3804 existimes
2377 3751 2549 3820 gratia
2577 3760 2685 3806 tua.

1935 3840 2021 3893 11.
2048 3839 2208 3894 Omni
2235 3843 2481 3896 custodia
2508 3842 2776 3912 meipsum
2806 3842 3197 3907 custodiebam,
3224 3860 3297 3909 ,ηε
3339 3859 3429 3897 ve-

1860 3931 2015 3984 niens
2066 3932 2243 3987 malus
2293 3933 2523 4002 accipiat
2558 3949 2588 3989 e
2626 3933 2792 3989 corde
2827 3948 2950 3987 meo
2980 3933 3197 4003 eloquia
3234 3943 3347 3997 tua,
3375 3943 3430 3988 et

1861 4031 2109 4077 terrenus
2145 4038 2479 4078 remaneam.

1928 4113 2017 4168 12.
2050 4112 2396 4169 Glorilicatus
2426 4128 2504 4179 es,
2538 4112 2789 4179 Domine,
2815 4113 2948 4168 doce
2979 4126 3066 4167 me
3082 4111 3427 4183 iustiﬁcatio-

1857 4221 1952 4259 nes
1984 4214 2121 4260 luas.

1928 4297 2015 4351 13.
2052 4296 2170 4351 Νοη
2218 4314 2303 4351 me
2335 4297 2607 4363 subduxi,
2639 4298 2937 4367 quominus
2980 4297 3229 4351 docerem
3264 4306 3317 4351 et
3350 4306 3427 4352 te-

1857 4389 2125 4443 stiﬁcarer
2147 4405 2339 4445 omnes
2366 4391 2674 4444 voluntates
2704 4398 2845 4446 tuas.

250 4454 331 4511 14.
363 4461 549 4525 Οὕτως
575 4466 747 4534 χαρᾶς
775 4464 1111 4537 πληροῢμαι,
1138 4468 1265 4520 ὅταν
1295 4466 1433 4520 ποιῶ
1460 4468 1559 4532 τὰς
1596 4471 1744 4522 ἐντο-

1926 4480 2012 4534 14.
2047 4478 2120 4533 Ita
2164 4480 2362 4550 gaudio
2404 4480 2633 4548 impleor
2676 4495 2799 4534 cum
2851 4493 3122 4547 exsequor
3171 4478 3424 4533 mandata

183 4539 273 4607 λάξ
297 4564 410 4614 σου,
447 4553 594 4620 ἅπαξ
624 4554 699 4617 ὡς
727 4554 956 4610 πλοῦτον
981 4555 1326 4630 θησαυρίζων
1356 4558 1533 4629 ἑαυτῷ
1561 4562 1619 4612 ὲν
1668 4559 1736 4628 tu;

184 4635 401 4711 οὐρανῷ.
1680 4644 1699 4679 ⁸

253 4728 332 4783 15.
373 4735 460 4788 Ἐν
492 4740 609 4800 ταῖς
639 4737 883 4810 Γραφαῖς
908 4756 1000 4792 σου
1031 4740 1268 4810 ἀναγνῶ,
1296 4749 1391 4796 καὶ
1415 4745 1525 4806 τοῖς
1552 4744 1721 4810 οφθαλ

188 4820 297 4882 μοῖς
318 4822 417 4893 τῆς
442 4826 681 4891 διανοίας
713 4846 812 4899 μου
844 4830 1053 4899 ἐπιγνῶ
1078 4832 1176 4902 τὴν
1199 4832 1426 4903 δύναμιν
1455 4832 1654 4887 αὐτῶν.

249 4910 330 4964 16.
368 4916 577 4980 Νυκτὸς
614 4935 707 4970 και
736 4921 970 4989 ἡμερας,
998 4921 1093 4974 καὶ
1121 4922 1394 4991 πληρώσω
1425 4924 1619 4988 αὐτοὺς
1656 4924 1742 4996 ἔρα

187 5010 308 5061 γοις.

249 5087 331 5143 17.
355 5095 454 5155 Δός
490 5114 580 5166 μοι
615 5097 717 5168 τὴν
745 5099 906 5171 χάριν
934 5099 1031 5154 τοῦ
1059 5101 1217 5170 ἁγίου
1258 5103 1594 5176 Πνεύματος,
1656 5107 1751 5161 καὶ

1847 4579 1958 4632 tua,
1994 4568 2178 4633 veluti,
2215 4578 2273 4621 ut
2302 4584 2412 4622 uno
2457 4572 2618 4623 verbo
2646 4569 2845 4632 dicant,
2876 4567 3094 4622 divitias
3128 4582 3428 4638 congerens

1847 4658 2201 4728 mibimetipsi
2236 4660 2288 4712 in
2324 4659 2484 4713 caelo.

1919 4750 2004 4805 15.
2036 4749 2093 4804 In
2133 4749 2432 4821 Scripturis
2458 4750 2564 4805 tuis
2583 4750 2778 4821 legam,
2802 4758 2856 4804 et
2877 4749 3052 4804 oculis
3076 4749 3274 4804 mentis
3295 4764 3428 4805 mea:

1851 4844 2141 4913 intelligam
2171 4859 2360 4896 earum
2401 4843 2680 4897 virtutem.

1924 4934 2008 4987 16.
2046 4933 2263 4995 Noctes,
2320 4943 2483 5003 atque
2521 4934 2657 4999 dies,
2699 4934 2750 4985 in
2795 4932 3139 4987 sermonibus
3176 4931 3285 4986 tuis
3315 4947 3426 4986 mc-

1850 5026 2086 5090 ditabor,
2120 5035 2174 5080 et
2198 5025 2317 5081 illos
2349 5025 2606 5094 operibus
2637 5024 2889 5094 implebo.

1922 5117 2009 5171 17.
2047 5115 2123 5169 Da
2178 5116 2313 5170 mihi
2365 5116 2593 5184 gratiam
2648 5114 2820 5168 sancti
2877 5112 3147 5181 Spiritus,
3207 5120 3261 5165 et
3307 5110 3423 5180 ipsa

190 5173 652 5274 ζωοττοιηθήσομαι
672 5191 741 5244 δι’
768 5192 962 5263 αυτῆς,
989 5196 1085 5250 καὶ
1114 5195 1387 5270 πληρώσω
1409 5173 1538 5261 τοὺς
1561 5198 1749 5267 λόγους

1921 5205 2184 5268 rilicabor,
2211 5214 2264 5258 et
2289 5173 2525 5274 implebo
2547 5218 2827 5259 sermones
2858 5212 2978 5256 tuos
3013 5201 3292 5270 operibus.

188 5279 270 5319 σου
298 5271 364 5325 δι’
397 5277 593 5350 ἔργων.

252 5446 291 5477 ⁸⁷
320 5447 503 5513 Matth.
535 5476 662 5523 xxv,
691 5460 775 5513 41η

187 5612 233 5650 ιη
261 5610 456 5689 psalmo
486 5617 600 5668 sive
627 5616 680 5670 in
715 5615 1188 5686 interpretatione,
1214 5616 1377 5699 nulla
1412 5617 1648 5699 varietas
1679 5634 1743 5671 ac
1779 5618 2069 5699 diversitas
2104 5628 2242 5699 erat,
2294 5633 2468 5699 neque
2502 5617 2624 5699 illos
2662 5618 2729 5699 ad
2774 5614 3096 5699 divisionem
3127 5611 3418 5699 versiculo:

186 5682 292 5760 rum
323 5678 661 5760 indicandam
694 5678 915 5750 necesse
933 5697 1050 5742 erat
1087 5678 1379 5742 ascribere.
1416 5687 1793 5746 ANTONELLUS.
1821 5689 1950 5755 Qua:
1982 5704 2104 5744 vero
2131 5678 2450 5745 Antonellus
2475 5689 2749 5760 ascripsit,
2770 5703 2871 5743 nos
2895 5684 3190 5755 postlincm
3224 5681 3416 5753 psalmi

192 5736 335 5809 “Dius
361 5736 636 5812 addemus.
