3874 6222
469 324 601 377 1179

461 533 528 587 de
561 534 676 602 lege
703 544 815 588 tua.

533 622 616 675 19.
650 623 827 678 Incola
852 639 950 694 ego
985 641 1104 680 sum
1136 627 1188 680 in
1219 637 1381 694 terra,
1415 645 1520 683 non
1551 631 1857 687 abscondas
1882 649 1913 686 a
1940 650 2027 688 me

463 714 718 768 mandata
756 724 866 768 tua.

531 805 624 858 20.
659 807 987 875 Concupivit
1029 809 1210 863 anima
1257 828 1376 865 mea
1424 813 1734 867 desiderare
1759 813 2031 883 justiﬁca-

463 898 636 952 tiones
674 908 796 954 tuas
826 901 878 953 in
921 901 1069 953 omni
1109 911 1368 970 tempore.

534 987 623 1042 21.
661 986 953 1058 lncrepasti
994 992 1282 1059 superbos,
1333 994 1607 1047 maledicti
1635 995 1727 1063 qui
1759 994 2033 1051 declinant

462 1094 491 1130 a
528 1079 798 1132 mandatis
826 1082 955 1135 tuis.

533 1170 620 1226 22.
652 1171 818 1228 Aufer
845 1188 873 1231 a
900 1188 983 1226 me
1014 1174 1366 1242 Opprobrium
1397 1184 1450 1229 et
1473 1186 1865 1246 c0ntcmptum.
1901 1178 2029 1247 quia

463 1265 772 1318 testimonia
815 1273 904 1318 tua
935 1266 1227 1334 exquisivi.

530 1356 621 1417 25.
666 1357 877 1413 Etenim
911 1360 1167 1418 sederunt
1193 1361 1466 1430 principes
1487 1400 1502 1422 ,
1533 1371 1588 1414 et
1625 1361 1913 1420 adversum
1945 1376 2033 1415 me

462 1448 840 1515 loquebantur,
905 1466 1096 1506 servus
1155 1461 1335 1506 autem
1395 1462 1522 1505 tuus
1569 1455 1921 1509 exercebatur
1975 1454 2028 1508 in

460 1538 940 1607 justificationibus
971 1542 1098 1603 tuis.

539 1631 624 1683 21.
659 1629 793 1684 Nam
821 1641 874 1684 et
906 1633 1217 1687 testimonia
1259 1641 1352 1688 tua
1400 1635 1680 1689 meditatio
1705 1652 1818 1690 mea
1848 1647 1952 1700 est,
1975 1643 2032 1691 et

463 1724 750 1778 consilium
793 1740 974 1778 meum
1004 1725 1424 1793 justilicationes
1451 1735 1575 1780 tuae.

1306 329 1363 381 S.
1406 329 1776 384 ATHANASH
1819 330 1966 385 OPP.
2014 329 2194 384 PARS
2234 331 2316 384 lll.
2349 359 2417 370 —-
2453 328 2861 384 EXEGETICA.

536 442 620 496 l8.
657 441 851 498 Revela
875 446 1063 502 oculos
1091 463 1264 514 meos,
1295 459 1348 503 et
1371 451 1730 505 considerabo
1757 453 2030 506 mirabilia
2063 460 2104 512 Α

3573 325 3710 380 1180

2206 453 2291 505 18.
2339 451 2711 520 Ἀποκάλυψον
2738 451 2864 513 τοὺς
2905 447 3217 519 ὀφθαλμοὺς
3245 464 3366 517 μου,
3411 445 3506 498 καὶ
3552 461 3711 498 κατα-

2134 543 2312 613 νοήσω
2341 542 2410 595 τὰ
2441 543 2717 612 θαυμάσια
2740 543 2804 594 ἐκ
2836 541 2930 593 τοῦ
2963 541 3128 610 νόμου
3155 557 3268 591 σου.
3321 573 3326 578 -

2205 633 2289 686 19.
2324 633 2592 706 Πάροικος
2623 631 2734 701 ἐγώ
2762 635 2876 702 ειμι
2905 634 2962 684 ἐν
2994 633 3060 701 τῇ
3117 631 3210 700 γῇ,
3271 627 3345 698 μὴ
3385 626 3713 698 ἀποκρύψῃς

2131 726 2226 778 ἀπ’
2252 725 2382 795 ἐμοῦ
2406 725 2503 786 τὰς
2535 723 2752 786 ἐντολάς
2787 740 2900 775 σου.

2200 819 2290 872 20.
2333 817 2701 887 Ἐπεπόθησεν
2729 819 2762 886 ἡ
2790 815 2934 884 ψυχή
2967 830 3068 882 μου
3118 810 3214 864 τοῦ
3272 810 3616 880 ἐπιθυμῆσαι
3648 807 3716 860 τὰ

2132 904 2374 974 κρίματὰ
2401 923 2493 958 σου
2527 907 2585 958 ἐν
2612 906 2770 957 παντὶ
2793 902 2986 974 καιρῷ.

2202 997 2291 1049 21.
2339 997 2709 1067 Ἐπετίμησας
2767 992 3158 1064 ὑπερηφάνοις,
3213 989 3611 1061 ἑπικατὰρατοι
3667 989 3715 1039 ot

2132 1087 2468 1149 ἐκκλίνοντες
2499 1087 2605 1140 ἀπὸ
2634 1087 2740 1139 τῶν
2768 1086 2993 1138 ἐντολῶν
3019 1103 3135 1139 σου.

2201 1180 2291 1232 22.
2315 1179 2538 1251 Περίελε
2568 1180 2662 1231 ἀπ’
2687 1178 2820 1248 ἐμοῦ
2857 1178 3059 1241 ὄνειδος
3085 1176 3180 1231 καὶ
3213 1175 3594 1242 ἐξουδὲνωσιν,·
3632 1173 3714 1226 ὅτι

2131 1269 2200 1322 τὰ
2224 1269 2500 1341 μαρτύριά
2528 1288 2620 1322 σου
2649 1269 2971 1340 ἐξεζήτησα.

2201 1363 2291 1415 25.
2335 1363 2450 1415 Καὶ
2499 1361 2607 1432 γὰρ
2642 1362 2910 1415 ἐκάθισαν.
2952 1361 3231 1432 ἄρχοντες,
3280 1359 3376 1418 καὶ
3428 1359 3554 1411 κατ’
3580 1355 3714 1426 ἐμοῦ

2133 1453 2481 1505 κατελὰλουν·
2514 1455 2542 1504 ὁ
2571 1453 2626 1505 δέ
2665 1451 2848 1514 δοῦλός
2891 1468 2985 1504 σου
3039 1450 3314 1520 ἠδολεσχει
3380 1451 3438 1501 ἐν
3469 1451 3587 1510 τοῖς
3633 1447 3718 1498 δι-

2133 1543 2408 1613 καιώμασί
2441 1561 2554 1596 σου.

2200 1633 2288 1686 24.
2324 1633 2432 1687 Καὶ
2464 1633 2570 1704 γὰρ
2608 1633 2677 1686 τὰ
2714 1633 2990 1706 μαρτύριά
3019 1651 3111 1686 σου
3171 1632 3366 1703 μελέτη
3435 1649 3538 1702 μου
3576 1631 3718 1695 ἐστὶ,

2133 1725 2225 1777 καὶ
2256 1726 2314 1776 αἱ
2340 1724 2661 1794 συμϐουλίαι
2697 1742 2796 1795 μου
2831 1725 2900 1778 τὰ
2918 1723 3264 1793 δικαιώματά
3285 1739 3380 1774 σου

531 1815 619 1868 25.
658 1815 898 1869 Adhaesit
943 1817 1250 1885 pavimento
1296 1818 1476 1871 anima
1524 1834 1676 1882 mea,
1707 1818 1917 1873 viviﬁca
1945 1834 2032 1873 me

2179 1816 2289 1873 .25.
2331 1813 2621 1887 Ἐκολλήθη
2651 1816 2728 1886 τῷ
2777 1818 2959 1887 ἐδάφει
3005 1819 3036 1888 ἡ
3087 1817 3231 1887 ψυχή
3269 1831 3393 1885 μου,
3447 1813 3614 1882 ζῆσόν
3649 1827 3722 1883 με

464 1908 762 1963 secundum
796 1909 1018 1961 verbum
1054 1919 1226 1961 tuum.

528 1999 597 2052 26
656 1997 782 2051 Vias
828 2015 978 2053 meas
1028 1999 1306 2053 enuntiavi
1341 2007 1394 2053 et
1424 1999 1692 2053 exaudisti
1741 2015 1850 2064 me,
1899 1999 2034 2056 doce

468 2106 555 2146 me
583 2089 1002 2161 justiﬁcationes
1037 2099 1178 2146 tuas.

531 2183 618 2234 27.
655 2180 804 2236 Viam
830 2182 1282 2251 justiﬁcationum
1326 2189 1549 2236 tuarum
1589 2181 1801 2236 instrue
1829 2197 1914 2236 me
1935 2225 1949 2248 ,
1978 2193 2033 2239 et

470 2274 766 2335 sXcrcebor
795 2275 847 2336 in
878 2273 1214 2335 mirabilibus
1241 2274 1368 2326 tuis.

540 2366 626 2422 2.8.
659 2365 977 2418 Dormitavit
1017 2365 1199 2420 anima
1243 2381 1360 2419 mea
1406 2381 1516 2434 prae
1543 2366 1701 2420 tardio
1722 2405 1738 2431 ,
1771 2366 2032 2421 conﬁrma

465 2470 550 2509 me
577 2456 630 2508 in
656 2456 838 2510 verbis
867 2456 993 2512 tuis.

2131 1907 2272 1960 κατὰ
2296 1907 2386 1960 τὸν
2433 1908 2590 1976 λόγον
2623 1925 2736 1961 σου.

2199 2005 2289 2058 26.
2321 2006 2430 2068 Τὰς
2457 2004 2611 2068 ὁδούς
2641 2023 2740 2076 μου
2772 2004 3082 2075 ἐξήγγειλα,
3115 2005 3208 2057 καὶ
3236 2001 3556 2072 ἐπήκουσάς
3590 2016 3700 2069 μου

2129 2095 2336 2158 δίδαξόν
2366 2113 2431 2165 με
2457 2095 2527 2148 τὰ
2554 2091 3032 2167 δικαιώματέσου.

2200 2187 2290 2240 2'7.
2356 2187 2505 2240 Ὀδὸν
2569 2187 2954 2258 δικαιωμάτων
2998 2206 3090 2242 σου
3139 2189 3418 2242 συνέτισόν
3468 2203 3561 2255 με,
3625 2185 3718 2240 καὶ

2135 2277 2556 2348 ἁδολεσχήσωέν
2581 2282 2691 2342 τοῖς
2714 2279 3036 2350 θαυμασίοις
3068 2297 3182 2334 σου.

2203 2370 2293 2424 28.
2347 2372 2664 2436 Ἐνύσταξεν
2721 2375 2754 2444 ἡ
2801 2373 2944 2444 ψυχή
3010 2391 3111 2444 μου
3158 2373 3269 2426 ἀπὸ
3321 2371 3570 2442 ἀκηδέας,
3624 2369 3716 2439 βε-

2137 2462 2369 2515 ϐαίωσόν
2408 2481 2473 2535 με
2507 2465 2566 2517 ἐν
2588 2467 2698 2527 τοῖς
2729 2465 2904 2534 λόγοις
2938 2483 3053 2520 σου.

1583 2588 1967 2644 ΑΤΗΑΝΑΞΙΙ
2002 2590 2583 2652 INTERPRETATIO.

535 2704 621 2763 18.
657 2703 859 2772 Separa
918 2703 1171 2759 tenebras
1217 2719 1249 2760 e
1290 2707 1454 2762 corde
1499 2721 1640 2770 men,
1699 2715 1753 2764 et
1803 2708 1894 2771 lux
1945 2716 2036 2762 tua

464 2796 700 2856 illuceat,
731 2806 784 2848 et
812 2809 1103 2863 agnoscam
1135 2794 1275 2865 legis
1293 2804 1398 2856 tmze
1423 2807 1712 2866 praecepta.

536 2970 622 3024 l9.
652 2967 767 3030 Non
797 2970 971 3029 habeo
996 2969 1268 3024 civitatem
1319 2971 1408 3025 llic
1458 2980 1891 3040 permanentem,
1942 2973 2035 3028 sed

2209 2709 2296 2766 18.
2326 2711 2658 2783 Διαχώρισον
2693 2727 2755 2765 το
2779 2713 2968 2775 σκότος
2998 2713 3060 2763 ἐκ
3083 2711 3182 2781 τῆς
3217 2712 3442 2783 καρδίας
3471 2728 3597 2781 μου,
3621 2708 3724 2764 καὶ

2135 2799 2196 2854 τὸ
2228 2803 2345 2870 φῶς
2382 2819 2476 2855 σου
2524 2803 2757 2874 λάμψον,
2793 2805 2887 2856 καὶ
2941 2804 3147 2871 ἐπιγνῶ
3206 2803 3275 2858 τὰ
3317 2805 3724 2876 προστάγματα

2135 2893 2227 2944 τοῦ
2260 2893 2318 2947 νὸ
2325 2911 2424 2964 μου
2456 2911 2570 2947 σου.

2207 2984 2292 3038 19.
2333 2986 2445 3037 Οὐκ
2470 2986 2580 3055 ἔχω
2602 2985 2754 3039 πόλιν
2787 2979 2888 3039 ὦδε
2941 2987 3226 3056 μένουσαν,
3261 2986 3395 3039 ἀλλὰ
3436 2988 3535 3058 τὴν
3583 2989 3722 3058 μέλ-

466 3060 708 3114 futuram
741 3062 795 3114 in
819 3061 974 3114 caelis
1001 3061 1239 3130 inquiro,
1272 3062 1428 3129 cujus
1452 3071 1512 3123 tu_
1537 3061 1730 3115 artifex
1786 3071 1839 3116 et
1872 3062 2039 3117 fabri-

2179 3093 2334 3128 ουσαν
2365 3078 2422 3128 ἐν
2442 3081 2557 3142 τοῖς
2597 3080 2844 3148 οὐρανοῖς
2896 3077 3156 3149 ἐπιζητῶ,
3205 3075 3273 3151 ἦς
3321 3081 3571 3151 τεχνίτης
3627 3083 3726 3134 καὶ

465 3163 618 3209 cator
640 3168 730 3218 es;
776 3168 844 3205 ne
877 3153 1158 3223 indignum
1188 3169 1274 3208 me
1306 3153 1584 3208 existimes
1615 3169 1909 3224 agnoscere
1941 3171 2038 3210 vo-

468 3243 726 3298 luntatem
761 3251 929 3300 tuam.

536 3335 624 3390 2t).
655 3334 938 3388 Desiderat
968 3335 1149 3388 anima
1177 3349 1316 3398 mea,
1347 3342 1400 3388 et
1429 3349 1539 3395 non
1565 3335 1828 3392 detrectat
1858 3335 2038 3394 facere

465 3426 664 3496 judicia
697 3434 785 3478 tua
817 3435 976 3478 nocte
1005 3435 1166 3494 atque
1202 3425 1307 3478 die.

537 3517 626 3570 2|.
662 3515 945 3569 Diabolum
997 3525 1050 3570 et
1099 3517 1321 3586 angelos
1369 3516 1606 3585 ejuszln
1643 3517 1916 3571 interitum
1951 3533 2040 3573 re-

469 3606 666 3663 servati
699 3615 846 3668 sunt,
888 3607 981 3674 qui
1023 3621 1054 3660 a
1105 3607 1212 3662 tuis
1243 3608 1525 3676 przeceptis
1576 3624 1636 3671 se
1681 3619 1952 3670 avertunt,
1983 3617 2038 3663 et

470 3699 522 3750 in
569 3697 830 3766 pristinas
872 3696 1174 3766 iniquitatis
1221 3713 1333 3752 sua:
1377 3699 1822 3755 conversationes
1858 3716 2038 3753 rever—

469 3797 678 3844 lllllltll‘.

539 3882 628 3934 22.
668 3881 861 3938 Adime
897 3897 926 3934 a
963 3896 1048 3938 me
1087 3889 1324 3935 veterem
1373 3881 1520 3936 illam
1566 3881 1866 3950 improbam
1908 3898 2039 3937 con.

468 3976 894 4044 eupiscentiam,
963 3975 1092 4044 quia
1144 3974 1384 4028 delector
1442 3975 1495 4027 in
1557 3974 1841 4043 pneceptis
1895 3977 2036 4038 tuis,

469 4067 610 4120 unde
645 4066 841 4136 singuli
876 4066 1127 4120 homines
1190 4065 1379 4119 laudes
1447 4080 1510 4120 ac
1552 4067 1920 4120 testimonium
1949 4083 2040 4120 ac-

467 4157 696 4221 cipiunt.

536 4247 630 4303 2'5.
670 4246 880 4300 Etenim
906 4246 1178 4315 principes
1210 4248 1559 4301 tenebrarum
1593 4249 1784 4302 barum
1818 4251 2039 4304 r0nsul-

467 4348 718 4391 laverunt
769 4338 1056 4391 adversum
1118 4354 1224 4396 me.
1277 4354 1377 4408 ego
1429 4349 1647 4400 autem,
1685 4356 1845 4408 quem
1889 4341 2039 4394 redeo

2138 3165 2466 3238 δημιουργὸς
2490 3170 2652 3232 αὐτὸς
2679 3171 2961 3240 ὑπάρχεις·
2997 3168 3071 3239 μὴ
3102 3169 3250 3235 ἄξιον
3285 3173 3467 3242 ἡγήσῃ
3504 3189 3571 3239 με
3623 3172 3725 3224 τοῦ

2139 3258 2351 3327 γνῶναι,
2372 3260 2433 3311 τὸ
2464 3259 2588 3330 ϐέλη
2599 3261 2673 3329 μά
2706 3278 2820 3314 σου.

2207 3351 2296 3405 20.
2347 3352 2627 3404 Ἐπί-ποθεῖ
2669 3353 2701 3423 ἡ
2767 3353 2912 3423 ψυχή
2967 3370 3090 3417 μου,
3144 3353 3237 3406 καὶ
3282 3354 3384 3408 οὐκ
3433 3355 3727 3426 ὀρέννυται

2139 3441 2522 3516 [ἀρνεῖται]τὰ
2551 3445 2793 3516 κρίματά
2815 3464 2907 3499 σου
2940 3451 3111 3500 ποιεῖν
3141 3449 3334 3511 νυκτὸς
3361 3450 3455 3501 καὶ
3481 3451 3724 3520 ἡμέρας.

2207 3536 2297 3589 2|.
2350 3537 2440 3606 Τῷ
2489 3539 2720 3608 διαϐόλῳ
2770 3541 2863 3591 καὶ
2921 3544 3034 3600 τοῖς
3089 3541 3339 3608 ἀγγέλοις
3367 3531 3551 3607 αὑτοῦὲ
3600 3544 3734 3597 Ἐπὶ

2139 3626 2384 3698 ἀπωλείᾳ
2413 3629 2737 3698 τετήρηνται
2767 3630 2814 3681 οἱ
2857 3628 2964 3680 ἀπὸ
3007 3629 3114 3681 τῶν
3159 3631 3384 3684 ἐντολῶν
3415 3649 3505 3682 σου
3533 3632 3728 3704 λαϐὁντ

2137 3737 2230 3783 τες
2267 3721 2508 3784 ἑαυτοὺς,
2557 3720 2649 3773 καὶ
2690 3723 2770 3784 είς
2796 3721 2898 3785 τὰς
2921 3723 3189 3793 προτέρας
3244 3723 3420 3776 αὐτῶν
3456 3726 3726 3796 πονηρίας

2138 3812 2481 3883 ἀναστροφὰς
2503 3813 2874 3883 πορευόμενοι.
2908 3833 2921 3842 ·

2217 3903 2309 3956 22.
2351 3904 2550 3972 Ἀφελε
2580 3890 2674 3956 ἀπ’
2699 3904 2830 3974 ἐμοῦ
2866 3904 2965 3974 τὴν
2999 3904 3235 3956 παλαιὰν
3287 3905 3727 3980 ἐκείνηνίέπιβυ-

2144 3993 2270 4063 μίαν
2297 3993 2396 4063 τὴν
2426 3993 2686 4065 πονηρὰν,
2721 3994 2800 4057 ὅτι
2829 3994 3000 4063 ἡδέως
3051 3994 3159 4063 ἔχω
3208 3993 3276 4046 τὰ
3324 3995 3728 4064 προστάγματά

2143 4099 2258 4146 σου,
2281 4082 2345 4134 δι’
2379 4078 2439 4136 οὗ
2469 4082 2884 4153 μεμαρτύρηται
2923 4082 3148 4144 ἕκαστος
3170 4082 3275 4134 τῶν
3302 4081 3627 4152 ἀνθρώπων.

2210 4261 2299 4314 23.
2339 4259 2443 4313 Καὶ
2471 4260 2578 4330 γὰρ
2603 4263 2651 4312 οἱ
2678 4261 2934 4330 ἄρχοντες
2966 4260 3058 4312 τοῦ
3095 4261 3315 4322 σκότους
3372 4260 3561 4314 τούτου
3601 4263 3726 4331 βου-

2141 4353 2419 4406 λεύσονται
2451 4355 2566 4405 κατ’
2597 4352 2752 4421 ἐμοῦ,
2783 4351 2893 4419 ἐγὼ
2921 4353 2976 4404 δὲ
3010 4353 3068 4404 ὃν
3099 4353 3537 4423 ἐξηγόρασαςτῷ
3557 4356 3724 4424 τιμίῳ

467 4429 612 4486 misti
641 4429 877 4498 pretioso
910 4439 1003 4482 tuo
1025 4427 1309 4499 sanguine,
1342 4429 1756 4484 considerabam
1787 4429 2033 4499 Scriptu-

2179 4459 2234 4493 ου
2270 4443 2461 4512 αἵματι
2486 4441 2902 4510 ἐπεσκεπτόμην
2935 4442 3034 4504 τὰς
3070 4443 3291 4511 Γραφὰς
3326 4459 3430 4508 σουγ

467 4535 556 4572 1⁸³5
589 4528 728 4571 tuas.

535 4610 626 4663 24.
656 4609 866 4663 Etenim
904 4609 1172 4663 meditans
1197 4608 1282 4662 die
1307 4625 1369 4663 ac
1392 4618 1552 4664 nocte
1572 4651 1586 4675 ,
1613 4627 1737 4680 quae
1768 4622 2041 4667 contesta-

468 4713 554 4757 tus
581 4718 639 4755 es
667 4701 822 4763 mihi,
858 4709 910 4754 et
943 4702 1057 4754 haec
1087 4701 1290 4754 suadeo
1320 4702 1519 4756 anima:
1549 4718 1702 4756 mea}.

536 4792 625 4846 25.
652 4793 986 4847 Humiliatus
1031 4808 1153 4846 sum
1195 4809 1381 4848 coram
1429 4803 1501 4860 te,
1546 4795 1754 4852 vivilica
1787 4810 1874 4849 me
1902 4795 2044 4849 sicut

468 4885 580 4937 vult
603 4885 774 4953 gratia
801 4893 914 4941 tua.

535 4975 625 5029 26.
666 4974 968 5029 Confessus
1020 4989 1142 5028 sum
1199 4973 1296 5029 tibi
1354 4975 1580 5044 pristina
1630 4976 1683 5028 in
1735 4976 2039 5045 ignorantia

469 5083 586 5121 mea
623 5077 872 5136 peccata,
907 5075 960 5119 et
991 5065 1174 5120 statim
1205 5066 1460 5122 misertus
1489 5082 1549 5122 es
1579 5069 1685 5123 mei
1715 5087 1727 5121 :
1760 5069 1902 5122 dona
1943 5070 2040 5138 igi-

468 5170 557 5214 tur
593 5159 723 5214 mibi
755 5159 986 5228 gratiam
1014 5167 1187 5214 tuam.

535 5253 623 5305 27.
667 5251 1122 5305 llluminationem
1158 5249 1564 5320 Scripturarum
1601 5261 1812 5304 tuarum
1841 5250 1925 5304 fac
1952 5268 2035 5305 me

467 5344 765 5411 intelligere
822 5357 917 5411 per
971 5343 1200 5411 gratiam
1259 5353 1446 5403 tuam.
1508 5359 1620 5411 prae
1679 5343 2036 5396 delectatione

467 5450 573 5488 non
607 5435 832 5488 cessabo
873 5434 1021 5504 loqui
1071 5435 1123 5487 in
1161 5435 1535 5502 magnitudine
1569 5448 1879 5488 sermonum
1915 5444 2036 5488 tuo-

466 5541 610 5580 1⁸11111.

533 5616 624 5670 28.
661 5615 956 5669 Snbmersa
1016 5624 1098 5669 est
1148 5614 1329 5668 anima
1384 5629 1501 5665 mea
1564 5630 1588 5663 τι
1645 5623 1888 5682 peccato,
1946 5629 2038 5670 sed

475 5707 642 5762 excita
679 5723 765 5762 me
797 5708 965 5775 gratia
997 5716 1087 5760 tua
1129 5709 1180 5759 in
1207 5704 1386 5758 verbis
1416 5706 1524 5758 tuis

2206 4619 2295 4673 24.
2325 4617 2428 4671 Καὶ
2487 4619 2597 4690 γὰρ
2649 4619 2889 4689 μελετῶν
2933 4621 3125 4683 νυκτὸς
3171 4623 3266 4674 καὶ
3310 4623 3542 4692 ἡμέρας,
3579 4623 3616 4677 ἃ
3647 4625 3725 4676 διο

2139 4727 2163 4762 ε
2173 4712 2435 4781 μαρτύρω
2461 4729 2572 4781 μοι,
2601 4713 2694 4763 καὶ
2717 4712 2857 4764 αὐτὰ
2883 4729 2946 4765 συ
2955 4713 3232 4783 μϐουλεύω
3255 4718 3319 4784 τῇ
3342 4703 3496 4785 ψυχῇ
3515 4733 3637 4786 μου.

2209 4805 2301 4858 25.
2370 4803 2773 4875 Ἐταπεινώθην
2816 4803 3044 4858 ἐνώπιόν
3088 4822 3214 4866 σου,
3259 4805 3597 4878 ζωοποίηοὸν
3659 4826 3726 4880 με

2142 4894 2322 4956 καθὼς
2352 4895 2494 4947 θέλει
2523 4898 2555 4964 ἠ
2578 4895 2739 4965 χάρις
2777 4912 2892 4948 σου.

2209 4987 2298 5040 26.
2350 4987 2879 5058 Ἐξωμολογησάμην
2910 4987 3008 5049 τὰς
3038 4987 3300 5058 πρότερον
3331 4989 3388 5040 ἐν
3434 4993 3501 5060 τῇ
3537 4991 3726 5062 ἀγνοίᾳ

2143 5093 2244 5146 μου
2275 5077 2568 5147 ἁμαρτίας,
2602 5078 2698 5129 καὶ
2741 5077 2904 5139 εὐθὺς
2946 5076 3182 5145 ἡλέησᾴς
3219 5092 3306 5145 με·
3339 5076 3586 5150 δώρησαι
3634 5077 3728 5132 οὖν

2142 5186 2232 5238 μοι
2265 5169 2370 5238 τὴν,
2384 5167 2552 5238 χάριν,
2573 5185 2688 5233 σοῦ,

2210 5261 2301 5314 27.
2335 5262 2436 5313 Τὸν
2476 5261 2754 5330 φωτισμὸν
2809 5259 2915 5312 τῶν
2949 5259 3178 5328 Γραφῶν
3231 5277 3322 5312 σου
3357 5260 3632 5316 συνέτισόν
3661 5278 3730 5331 με

2143 5349 2233 5402 διὰ
2266 5350 2364 5419 τῆς
2394 5351 2614 5420 χάριτός
2648 5368 2761 5411 σου,
2789 5351 2896 5402 ἀπὸ
2915 5351 3015 5417 τῆς
3041 5350 3286 5419 τέρψεως
3307 5350 3417 5422 [ob]
3449 5351 3729 5423 πεύσομιι

2142 5442 2320 5508 λέγειν
2351 5443 2408 5494 ὲν
2437 5445 2501 5513 τῇ
2544 5442 2918 5512 μεγαλειότητι
2947 5441 3051 5493 τῶν
3073 5441 3246 5507 λόγων
3276 5459 3389 5496 σου.

2215 5616 2304 5670 28.
2339 5616 2660 5676 Βεϐύοιςται
2689 5620 2721 5686 ἡ
2781 5617 2918 5696 ψυχή
2980 5635 3079 5686 μου
3139 5619 3245 5677 ἀπὸ
3292 5588 3388 5689 τῆς
3434 5621 3734 5691 ἁμαρτίας,

2147 5708 2282 5760 ἀλλὰ
2307 5707 2570 5780 διέγειρὸν
2600 5725 2669 5778 με
2701 5711 2765 5778 τῇ
2796 5709 2975 5779 χάριτί
3007 5727 3097 5762 σου
3133 5712 3190 5763 ἐν
3217 5713 3327 5774 τοῖς
3360 5711 3545 5776 λόγοις
3578 5731 3694 5768 σου.
