3874 6222
179 337 314 392 “Si

1015 342 1119 428 _DE
1158 343 1437 401 TITUIJS
1476 347 1924 407 PSALMORUM.
1949 385 2019 396 ——
2056 352 2251 409 PSAL.
2298 329 2417 405 cx
2440 306 2570 388 VIII.

3319 361 3452 415 H82

259 455 345 549 29.
550 457 763 524 ἀδικίας
789 461 1096 534 ἀπόστησον
1120 467 1213 520 ἀπ’
1235 467 1391 539 ἐμοῦ,
1411 470 1504 524 καὶ
1527 471 1606 542 τῷ
1621 471 1770 545 νόμῳ

1944 477 2033 531 29.
2071 476 2224 532 Viam
2253 454 2578 542 iniquitatis
2603 487 2789 531 amove
2817 492 2846 531 a
2879 493 2984 543 me,
3015 488 3068 533 et
3101 479 3168 534 de
3215 480 3329 549 lege
3359 491 3445 532 tua

177 562 275 598 σου
303 547 525 616 ἐλέησόν
557 567 644 619 με.

251 640 342 694 50.
385 639 533 693 Ὀδδν
573 642 831 712 ἀληθείας
863 647 1223 721 ᾑρετισάμην,
1277 651 1370 704 καὶ
1417 652 1486 706 τὰ
1525 655 1768 724 κρίματά

179 745 277 782 σου
307 731 408 784 οὐκ
438 732 803 806 ἐπελαθόμην.

251 821 342 874 51.
402 823 728 896 Ἐκολλήθην
776 829 889 890 τοῖς
925 831 1248 902 μαρτυρίοις
1303 851 1420 897 σου,
1465 835 1654 904 Κύριε,
1692 837 1766 906 μή

179 929 249 980 με
273 913 666 985 καταισχύνῃς.

253 1005 344 1056 52.
385 1006 533 1058 Ὀδὸν
562 1008 788 1062 ἐντολῶν
824 1027 917 1063 σου
971 1010 1227 1084 ἔδραμον,
1287 1016 1414 1070 ὅταν
1470 1015 1769 1081 ἐπλάτυνας

178 1095 282 1163 τὴν
305 1097 536 1167 καρδίαν
560 1115 683 1168 μου.
1457 1101 1472 1118 ⁴

257 1188 349 1241 55.
403 1188 784 1261 Νομοθέτησόν
841 1210 932 1263 με,
983 1193 1177 1268 Κύριε,
1234 1198 1330 1268 τὴν
1377 1197 1494 1250 ὁδὸν
1548 1199 1656 1251 τῶν
1695 1198 1771 1252 δι-

179 1281 520 1350 καιωμάτων
551 1301 664 1346 σου,
693 1285 788 1338 καὶ
808 1287 1094 1358 ἐκζητήσω
1127 1290 1296 1361 αὐτὴν
1323 1291 1634 1356 διαπαντός.

254 1372 346 1425 54.
379 1374 663 1429 Συνέτισόν
701 1393 791 1448 με,
820 1379 915 1432 καὶ
943 1379 1284 1453 ἐξερευνήσω
1310 1383 1403 1435 τὸν
1451 1384 1613 1453 νόμον
1653 1401 1770 1445 σου,

175 1464 278 1514 καὶ
305 1463 530 1530 φυλάξω
557 1467 720 1522 αὐτὸν
745 1469 804 1522 ἐν
832 1470 929 1540 ὅλῃ
952 1471 1150 1542 καρδίᾳ
1184 1489 1306 1543 μου.

253 1554 344 1607 55.
391 1555 686 1628 Ὸδήγησόν
715 1577 782 1631 με
825 1562 884 1614 ἐν
921 1565 987 1632 τῇ
1035 1563 1209 1635 τρίϐῳ
1233 1564 1341 1616 τῶν
1374 1565 1602 1618 ἐντολῶν
1657 1583 1771 1631 σου,

176 1647 266 1699 ὅτι
297 1648 468 1714 αὐτὴν
494 1650 755 1720 ἠθέλησα.

252 1739 344 1794 56.
377 1741 570 1794 Κλῖνον
593 1743 691 1812 τὴν
729 1744 959 1815 καρδίαν
991 1763 1094 1816 μου
1136 1748 1216 1810 είς
1237 1747 1306 1801 τὰ
1359 1747 1634 1820 μαρτύριὰ
1657 1765 1771 1813 σου,

177 1831 274 1882 καὶ
302 1830 378 1902 μὴ
406 1834 486 1894 εἰς
506 1832 837 1900 πλεονεξίαν.

254 1926 348 1979 57.
394 1928 759 2001 Ἀπόστρεψον
788 1930 914 1993 τοὺς
938 1931 1251 2002 ὀφθαλμούς
1288 1950 1389 2004 μου
1422 1931 1517 1986 τοῦ
1548 1933 1622 2004 μὴ
1653 1932 1779 1988 ίδεῖν

180 2019 548 2089 ματαιότητα,
579 2023 636 2073 ἐν
669 2024 736 2095 τῇ
772 2021 878 2092 ὁδῷ
909 2040 1002 2076 σου
1031 2023 1195 2093 ζῆσόν
1233 2042 1320 2095 με.

257 2109 349 2162 58.
393 2110 597 2181 Στῆσον
642 2112 720 2183 τῷ
774 2113 946 2185 δούλῳ
983 2131 1078 2167 σου
1131 2115 1193 2168 τὸ
1229 2114 1411 2184 λόγιόν
1447 2131 1540 2168 σου
1575 2117 1654 2180 είς
1687 2113 1778 2168 τὸν

179 2197 351 2266 φόὸον
379 2216 493 2256 σου.

257 2291 349 2345 59.
390 2294 616 2364 Περίελε
659 2297 749 2348 τὸν
795 2297 1098 2369 όνειδισμόν
1152 2317 1276 2370 μου,
1323 2298 1383 2352 ὃν
1417 2297 1770 2361 ὑπώπτευσα,

176 2382 265 2441 ὅτι
297 2382 366 2436 τὰ
395 2386 639 2455 κρίματά
673 2404 765 2440 σου
790 2389 1021 2459 χρηστά.

254 2472 347 2527 40.
396 2475 528 2529 ’1δοῦ
584 2478 909 2550 ἐπεθύμησα
949 2481 1055 2557 ,τὰς
1082 2481 1299 2544 ἐντολάς
1353 2499 1470 2544 σου,
1504 2483 1562 2534 ἐν
1601 2483 1668 2550 τῇ
1697 2480 1777 2535 δι-

178 2567 450 2640 καιοσύνῃ
480 2585 572 2622 σου
605 2570 769 2641 ζῆσόν
801 2588 886 2642 με.

1868 569 2126 624 miserere
2159 571 2287 624 mei.

1942 662 2029 716 50.
2065 663 2219 716 Viam
2252 655 2506 718 veritatis
2530 663 2699 733 elegi,
2745 675 2799 718 et
2829 665 3038 732 judicia
3071 672 3159 715 tua
3190 678 3296 716 non
3323 679 3442 716 sum

1867 753 2085 807 oblitus.

1939 844 2029 898 5i.
2060 844 2277 900 Adhaasi
2329 845 2661 900 testimoniis
2717 841 2848 909 tuis,
2885 845 3134 908 Domine,
3184 844 3295 896 noli
3358 859 3444 896 me

1868 935 2222 991 confundere.

1941 1025 2031 1080 5‘2.
2061 1027 2218 1082 Viam
2243 1027 2627 1083 mandatorum
2660 1037 2882 1084 tuorum
2917 1027 3167 1088 cucurri,
3195 1040 3319 1079 cum
3357 1024 3443 1078 di—

1871 1119 2050 1173 latasti
2078 1135 2174 1174 cor
2201 1135 2405 1174 meum.

1942 1211 2030 1264 55.
2069 1209 2268 1282 Legem
2297 1227 2440 1282 pone
2465 1212 2623 1276 mihi,
2659 1211 2906 1276 Domine,
2933 1213 3073 1264 viam
3098 1210 3444 1279 iustiﬁcatio-

1873 1318 2002 1355 num
2041 1313 2279 1368 tuarum,
2305 1312 2358 1356 et
2381 1303 2663 1372 exquiram
2701 1318 2820 1357 eam
2858 1319 3090 1373 semper.

1942 1390 2135 1445 54.Da
2189 1393 2321 1446 mihi
2375 1394 2749 1457 intellectum,
2810 1403 2864 1447 et
2931 1395 3218 1448 scrutabor
3273 1395 3444 1463 legem

1874 1491 2046 1549 tuam,
2075 1493 2129 1537 et
2155 1485 2461 1538 custodiam
2487 1486 2634 1539 illam
2671 1488 2721 1540 in
2747 1495 2860 1540 toto
2883 1487 3047 1541 corde
3071 1501 3210 1541 meo.

1945 1574 2036 1628 55.
2070 1573 2253 1630 Deduc
2287 1591 2374 1630 me
2416 1577 2470 1631 in
2511 1579 2760 1633 semitam
2793 1578 3172 1632 mandatorum
3206 1589 3448 1638 tuorum,

1875 1666 2002 1736 quia
2037 1667 2208 1735 ipsam
2241 1668 2412 1723 volui.

1946 1755 2035 1810 56.
2069 1754 2276 1810 lnclina
2305 1772 2402 1811 cor
2428 1771 2611 1811 meum
2665 1756 2718 1810 in
2765 1757 3076 1811 testimonia
3105 1766 3218 1818 tua,
3256 1765 3309 1811 et
3342 1772 3450 1839 non
3473 1823 3505 1838 ,-

1805 1831 1848 1886 Β
1877 1846 1931 1900 in
1954 1847 2262 1900 avaritiam.

1943 1938 2033 1991 57.
2071 1937 2266 1992 Averte
2295 1937 2488 1993 oculos
2512 1953 2664 1994 meos
2695 1955 2761 1993 ne
2787 1940 3006 1994 videant
3035 1939 3358 2003 vanitatem;
3397 1938 3450 1990 in

1876 2030 1962 2084 via
1999 2038 2089 2084 tua
2116 2030 2330 2084 vivilica
2354 2044 2461 2083 me.
3056 2100 3063 2107 .

1955 2120 2044 2175 58.
2087 2121 2278 2176 Statue
2321 2135 2482 2176 servo
2525 2129 2619 2176 tuo
2663 2117 2938 2190 eloquium
2974 2131 3125 2175 tuum
3168 2122 3221 2173 in
3258 2121 3452 2174 timore

1879 2220 1992 2264 tuo.

1949 2302 2038 2358 59.
2071 2303 2305 2372 Amputa
2336 2303 2688 2372 opprobrium
2724 2319 2906 2358 meum
2927 2344 2942 2367 ,
2971 2304 3115 2374 quod
3145 2302 3453 2370 suspicatus

1880 2408 2026 2458 sum,
2065 2393 2194 2461 quia
2223 2393 2426 2462 judicia
2463 2403 2552 2447 tua
2585 2395 2847 2463 jucunda.

1954 2481 2044 2536 40.
2077 2481 2216 2537 Ecce
2241 2484 2527 2553 concupivi
2564 2483 2816 2538 mandata
2849 2496 2962 2547 tua,
2996 2484 3048 2536 in
3083 2484 3340 2554 wquitate
3362 2494 3452 2538 tua

1881 2570 2096 2627 viviﬁca
2132 2587 2237 2626 me.

1324 2679 1702 2736 'ATHANASII
1733 2678 2330 2737 iNTERPRETATlO.

257 2792 350 2848 29.
394 2793 691 2850 Ἀπέλασον
714 2795 814 2860 τὰς
843 2797 1140 2869 ἐπιθυμίας
1159 2797 1254 2854 τοῦ
1280 2800 1486 2870 κόσμου
1510 2801 1605 2853 ἀπ’
1624 2796 1779 2873 ἐμοῦ,

180 2885 283 2938 καὶ
322 2885 543 2956 ἐλέησόν
574 2903 642 2955 με
674 2888 883 2963 ὁδηγῶν
911 2906 977 2959 με
1002 2891 1060 2942 ἐν
1090 2890 1168 2960 τῷ
1201 2892 1352 2963 νόμῳ
1379 2909 1501 2948 σου.

260 2975 350 3028 50.
382 2976 678 3049 Πεπόθηκα
735 2979 826 3032 τὸν
883 2981 1010 3033 Υίὸν
1063 2982 1159 3035 τοῦ
1185 2981 1344 3046 Θεοῦ,
1388 2982 1488 3057 τὴν
1542 2982 1662 3038 ὁδόν
1687 2985 1781 3055 τῆς

181 3069 470 3142 ἀληθείας·
525 3073 897 3157 ἐμνημόνευον
944 3075 1052 3146 γὰρ
1106 3075 1165 3128 τὸ
1229 3075 1381 3154 βῆμά
1447 3093 1541 3130 σου
1591 3077 1652 3130 τὸ
1684 3094 1782 3146 φο-

178 3163 250 3215 65
260 3162 373 3231 ρόν.

261 3255 351 3309 51.
404 3256 738 3310 Ἀκολουθείν
761 3257 1015 3330 ἠρξάμην
1065 3261 1180 3322 τοῖς
1229 3258 1616 3332 προστάγμασί
1661 3279 1774 3325 σου,

180 3345 380 3425 Κύριε,
413 3349 489 3419 μὴ
514 3349 773 3420 ἀδόκιμόν
798 3367 865 3420 με
889 3351 1055 3422 ἐάσῃς
1077 3352 1133 3403 ἐν
1156 3351 1358 3416 αὐτοῖς.

260 3437 352 3493 52.
388 3439 690 3510 Προθύμως
712 3441 848 3495 ποιῶ
881 3443 942 3496 τὸ
989 3441 1204 3515 θέλημά
1246 3459 1365 3511 σου,
1409 3444 1537 3499 ὅταν
1565 3445 1781 3518 ἀνοίξῃς

180 3530 288 3597 τὴν
321 3529 545 3599 καρδίαν
576 3549 676 3608 μου
706 3531 988 3606 ἐγγράψας
1023 3535 1079 3586 ἐν
1112 3535 1248 3604 αὑτῇ
1269 3533 1362 3587 τὸν
1390 3535 1555 3605 νόμον
1591 3551 1707 3589 σου.

260 3619 350 3672 55.
374 3619 633 3692 Στήριξον
653 3624 710 3675 ἐν
739 3626 805 3694 τῇ
841 3623 1050 3697 διανοίᾳ
1083 3643 1184 3695 μου
1213 3625 1274 3678 τὸ
1327 3626 1445 3688 πῶς
1483 3625 1780 3686 ἐπιτελέσω

179 3715 260 3768 τὰ
286 3717 635 3788 δικαιώματά
663 3737 777 3785 σου,
807 3721 901 3774 καὶ
927 3722 1246 3793 ἐπιποθήσω
1296 3721 1384 3775 ἀεὶ
1414 3722 1684 3778 αἰτεῖσθαι
1702 3721 1778 3793 (l)

182 3809 341 3881 παρὰ
369 3809 462 3862 σοῦ
491 3811 590 3880 τὴν
619 3812 777 3883 χάριν
799 3813 1024 3884 ταύτην.

259 3893 618 3957 54.Φὼτισόν
668 3922 757 3974 με,
814 3906 908 3958 καὶ
935 3904 1254 3976 ἐπιζητήσω
1315 3906 1416 3976 τὴν
1480 3905 1778 3978 ἑρμηνείαν

182 3996 297 4049 τῶν
320 3995 553 4066 Γραφῶν
595 4014 710 4060 σου,
745 3999 840 4051 καὶ
869 3999 1156 4075 σπουδάσω
1183 3998 1469 4072 πληρῶσαι
1512 3997 1778 4069 αὑτὴνδϋ

183 4089 368 4160 ἔργων
401 4089 641 4156 ἀγαθῶν.

261 4180 351 4236 55.
394 4182 548 4234 Ἐπεὶ
575 4182 767 4252 νήπιός
803 4183 939 4253 εἰμι,
993 4182 1088 4234 καὶ
1145 4181 1245 4245 οὑκ
1295 4177 1410 4236 οἶδα
1457 4181 1692 4251 βαδίζειν
1720 4184 1779 4235 ἐν

184 4279 309 4339 ταῖς
340 4278 579 4340 ἐντολαῖς
628 4295 743 4342 σου,
790 4277 966 4348 ζητῶν
999 4280 1093 4331 καὶ
1118 4278 1218 4349 τὴν
1244 4279 1360 4332 ὁδὸν
1400 4279 1600 4340 αὐτῶνθ
1641 4280 1780 4350 κρά-

186 4384 357 4438 τησον
377 4370 442 4438 τῇ
473 4368 658 4439 χάριτί
685 4385 781 4424 σου
813 4355 914 4441 τὴν
943 4368 1122 4440 ψυχήν
1153 4386 1274 4440 μου,
1305 4371 1399 4422 καὶ
1427 4369 1652 4438 ποίησόν
1712 4385 1780 4440 με

188 4462 386 4512 πατεῖν
416 4460 473 4511 ἐν
507 4461 720 4523 αὐταῖς.

1947 2797 2040 2854 29.
2074 2796 2296 2866 Expelle
2338 2812 2370 2850 a
2410 2812 2496 2851 me
2538 2798 2729 2851 mundi
2755 2797 3250 2867 concupiscentias,
3279 2808 3332 2852 et
3353 2799 3455 2852 mi'

1881 2902 2062 2943 serere
2084 2888 2190 2942 mei
2217 2886 2494 2941 deducens
2524 2903 2609 2940 me
2638 2887 2689 2940 in
2722 2888 2836 2957 lege
2870 2897 2981 2941 tua.

1951 2979 2041 3033 50.
2071 2976 2380 3033 Desideravi
2425 2977 2624 3031 Filium
2661 2977 2786 3042 Dei,
2817 2978 2909 3047 qui
2945 2987 3024 3032 est
3054 2977 3142 3030 via
3178 2978 3453 3038 veritatis;

1879 3070 2197 3126 recordatus
2227 3070 2373 3124 enim
2402 3085 2523 3125 sum
2553 3071 2818 3125 tremendi
2847 3071 2924 3124 tui
2963 3069 3279 3124 tribunalis.

1953 3267 2041 3323 5i.
2077 3267 2291 3323 lnstitui
2328 3270 2480 3339 sequi
2527 3277 2795 3340 praecepta
2831 3278 2944 3334 tua,
2986 3267 3236 3333 Domine,
3276 3284 3342 3322 ne
3375 3283 3459 3320 me

1882 3361 2172 3430 reprobum
2201 3363 2254 3415 in
2287 3361 2420 3430 ipsis
2454 3361 2723 3416 dimittas.

1953 3453 2041 3506 52.
2074 3453 2342 3506 Alacriter
2385 3451 2530 3507 facio
2577 3453 2913 3505 voluntatem
2956 3459 3142 3512 tuam,
3177 3465 3301 3503 cum
3334 3465 3461 3518 ape-

1883 3543 2058 3598 rueris
2086 3559 2180 3596 cor
2203 3559 2384 3597 meum
2413 3544 2720 3596 inscribens
2751 3545 2804 3595 in
2839 3542 2954 3611 ipso
2985 3541 3152 3611 legem
3181 3552 3350 3594 tuam.

1952 3634 2042 3687 55.
2075 3633 2352 3687 Conlirma
2403 3633 2458 3686 in
2508 3641 2690 3687 mente
2720 3649 2839 3687 mea
2872 3632 3145 3697 quomodo
3183 3631 3457 3701 perﬁciam

1877 3725 2308 3796 justilicationcs
2343 3734 2486 3789 tuas,
2518 3734 2573 3779 et
2596 3725 2919 3780 desiderabo
2946 3739 3158 3792 semper
3185 3739 3215 3776 a
3246 3731 3298 3776 te
3319 3723 3472 3778 hanc

1881 3816 2133 3886 gratiam.

1951 3907 2327 3963 54.1Ilumina
2376 3923 2485 3975 me,
2534 3916 2590 3962 et
2637 3907 2920 3977 exquiram
2953 3905 3454 3972 interpretationem

1882 4009 2100 4056 tuarum
2141 3999 2582 4070 Scripturarum,
2609 4007 2664 4054 et
2693 3997 2928 4053 studebo
2957 4013 3076 4052 eam
3116 3996 3339 4066 implere
3361 4012 3458 4066 per

1881 4105 2046 4160 opera
2068 4090 2229 4143 bona.

1955 4178 2043 4232 55.
2087 4176 2359 4244 Quoniam
2415 4176 2596 4232 infans
2645 4193 2804 4243 sum,
2838 4185 2892 4230 et
2922 4176 3044 4229 novi
3079 4174 3359 4228 ambulare
3401 4173 3454 4226 in

1883 4271 2170 4342 praeceptis
2193 4271 2324 4334 tuis,
2357 4285 2608 4339 quaerens
2634 4269 2815 4323 adhuc
2841 4283 3032 4322 eorum
3063 4268 3200 4320 viam
3229 4286 3242 4319 :
3267 4281 3459 4334 appre-

1885 4361 2062 4415 hende
2086 4361 2257 4430 gratia
2295 4369 2385 4414 tua
2418 4359 2657 4413 animam
2689 4373 2866 4412 meam
2889 4400 2904 4425 ,
2945 4369 3000 4412 et
3035 4357 3118 4411 l‘ac
3157 4367 3215 4410 ut
3243 4356 3296 4410 in
3320 4356 3459 4425 ipsis

1883 4454 2178 4508 ambulem.

262 4550 352 4605 56.
392 4550 812 4624 'Tnézaﬁovﬁlv
855 4551 1084 4623 καρδίαν
1111 4569 1212 4622 μου
1253 4553 1334 4614 είς
1380 4550 1448 4612 ad;
1513 4551 1787 4625 μαρτύριά

1958 4546 2046 4599 56.
2085 4544 2306 4613 Subjice
2353 4559 2449 4598 cor
2481 4558 2664 4597 meum
2702 4541 3029 4597 testimoniis
3061 4540 3196 4603 luis,
3245 4547 3301 4593 et
3349 4553 3457 4592 non

187 4658 309 4707 σου,
338 4641 435 4710 καὶ
471 4640 617 4712 [οὐκ]
652 4642 732 4704 είς
753 4640 851 4713 τὴν
906 4638 1338 4716 πλεονεκτοῦσάν
1373 4657 1441 4709 με
1483 4638 1782 4709 ἁμαρτίαν,

188 4736 280 4786 ἵνα
315 4732 389 4803 μὴ
415 4726 459 4785 ὦ
481 4732 893 4803 δεδουλωμένος.

261 4824 354 4880 57.
387 4824 626 4896 Φὼτισον
648 4827 772 4888 τοὺς
798 4824 1108 4895 ὀφθαλμοὺς
1135 4823 1238 4894 τῆς
1266 4823 1506 4885 διανοίας
1541 4839 1665 4892 μου,
1689 4822 1784 4875 τοῦ

187 4919 266 4988 μὴ
301 4921 562 4988 προσχεῖν
590 4919 670 4982 είς
701 4917 800 4987 τὴν
831 4916 1134 4970 ἀπόλαυσιν
1165 4915 1262 4973 τοῦ
1316 4915 1543 4984 κόσμου·
1588 4915 1645 4972 ἐν
1705 4911 1786 4984 τῷ

189 5008 304 5078 Υἱῷ
333 5025 426 5060 σου
462 5007 797 5078 ζωοποίησόν
827 5025 918 5078 με.

261 5101 354 5154 58.
383 5099 645 5171 Στήριξον
674 5101 754 5162 εἰς
800 5099 900 5169 τὴν
949 5097 1180 5169 καρδίαν
1212 5114 1310 5168 μου
1351 5097 1412 5150 τὸ
1461 5094 1642 5166 λόγιόν
1691 5111 1786 5147 σου

191 5191 338 5262 μετά
365 5193 458 5245 τοῦ
492 5193 656 5261 φόϐου
681 5209 800 5245 σου.

265 5285 354 5337 59.
395 5283 597 5352 Ἀφελε
665 5284 760 5336 ἀπ’
811 5282 944 5354 ἐμοῦ
994 5281 1094 5352 τὴν
1142 5281 1402 5351 αἰσχύνην
1445 5278 1558 5351 [ἣν]
1621 5295 1788 5348 προσ-

190 5376 428 5447 εδόκησα
460 5377 601 5446 ἔχειν
631 5379 725 5430 ἐπι
782 5376 878 5429 τοῦ
920 5375 1160 5448 βήματός
1193 5393 1306 5440 σου,
1342 5375 1422 5427 ὅτι
1452 5374 1506 5426 αἱ
1548 5375 1784 5440 ἐπαγγε-

191 5472 305 5535 λίαι
341 5491 434 5530 σου
467 5474 686 5547 ἀγαθαί.

267 5564 360 5619 40.
405 5549 534 5619 Ἰδοῦ
567 5566 798 5638 ἐδίψησα
843 5569 1014 5619 ποιεῖν
1039 5565 1134 5628 τὰς
1157 5562 1374 5625 ἐντολάς
1404 5578 1518 5624 σου,
1565 5561 1779 5618 πότισόν

197 5673 270 5728 με
296 5655 396 5726 τὴν
419 5657 576 5728 χάριν
606 5674 718 5708 σου.

266 5771 346 5842 (Ι)
379 5769 491 5826 Vox
520 5770 784 5824 αἰτεῖσθαι
813 5767 1087 5824 abundare
1123 5767 1331 5820 videtur

1891 4637 2342 4692 circumvenienti
2376 4651 2464 4690 me
2497 4644 2755 4706 peccato,
2793 4650 2861 4689 ne
2895 4634 3106 4702 redigar
3146 4634 3198 4685 in
3231 4631 3460 4686 servitu-

1885 4738 2012 4784 tem.

1957 4823 2046 4877 57.
2077 4820 2328 4874 lllumina
2373 4818 2565 4874 oculos
2610 4817 2811 4872 mentis
2854 4831 3021 4879 meae,
3059 4830 3126 4868 ne
3153 4814 3460 4868 adhaereant

1885 4915 2075 4970 mundi
2101 4913 2473 4982 voluptatibus
2503 4911 2593 4965 :in
2629 4909 2768 4964 Filio
2797 4917 2888 4962 tuo
2913 4907 3123 4961 vivilica
3155 4922 3258 4960 tne.

1962 5105 2056 5161 58.
2089 5103 2365 5158 Conlirma
2397 5103 2450 5155 in
2487 5101 2651 5156 corde
2682 5114 2805 5154 meo
2845 5098 3124 5167 eloquium
3154 5103 3306 5149 tuum
3337 5108 3460 5149 cum

1888 5195 2080 5248 timore
2111 5204 2224 5248 tuo.

1953 5286 2044 5340 59.
2074 5284 2242 5338 Aufer
2270 5299 2299 5337 a
2329 5299 2417 5337 me
2448 5283 2708 5352 pudorem
2730 5322 2745 5346 ,
2777 5295 2940 5350 quem
2977 5279 3162 5333 subire
3180 5285 3461 5344 exspecta-

1891 5376 1942 5428 vi
1983 5377 2040 5442 in
2074 5383 2170 5428 tuo
2196 5374 2476 5440 tribunali,
2528 5375 2658 5442 quia
2702 5375 2861 5425 bona:
2905 5379 3034 5424 sunt
3069 5366 3464 5438 promissiones

1889 5477 2010 5520 tute.

1954 5554 2045 5609 40.
2079 5555 2217 5612 Ecce
2245 5556 2390 5613 sitivi
2427 5554 2604 5611 facere
2635 5553 2888 5608 mandata
2921 5561 3033 5619 tua,
3060 5558 3186 5620 pota
3219 5564 3308 5604 me
3339 5562 3461 5622 gra-

1885 5647 1959 5700 tia
1994 5656 2103 5702 tua.
