3874 6222
1317 341 1375 394 5.
1419 337 1791 393 ATHANASII
1833 339 1981 392 ()I’P.
2028 339 2206 393 PARS
2245 337 2330 394 Ill.
2364 369 2434 377 ——-
2468 336 2879 392 EXEGETICA.
3605 335 3756 390 1184

2227 461 2316 513 41.
2349 459 2454 513 Kal
2485 459 2625 512 ἔλθοι
2652 460 2736 512 ἐπ’
2769 457 2870 528 ἐμὲ
2898 460 2958 509 τὸ
2985 456 3131 520 ἔλεός
3160 473 3274 522 σου,
3304 454 3493 526 Κύριε,
3515 453 3579 507 τδ
3641 471 3756 506 σω-

2148 551 2340 622 τήριόν
2376 568 2470 603 σου
2492 549 2634 604 κατά
2661 550 2750 601 τὸν
2775 547 2931 615 λόγον
2955 564 3067 600 σου.

2221 643 2309 696 42.
2342 643 2445 698 Kal
2471 643 2915 712 άποκριθήσομαι
2943 641 3053 702 τοῖς
3092 637 3409 703 ὀνειδίζουσί
3435 655 3526 708 μοι
3557 636 3754 705 λόγον,

2145 735 2227 786 ὅτι
2257 734 2460 803 ἤλπισα
2483 733 2574 784 ἐπὶ
2597 735 2708 796 τοῖς
2730 731 2907 799 λόγοις
2935 749 3048 784 σου.

2219 825 2306 880 45.
2348 823 2452 884 Καὶ
2499 824 2572 894 μὴ
2603 823 2858 894 περιέλῃς
2883 823 2944 874 ἐκ
2976 819 3069 872 τοῦ
3114 819 3377 890 στόματός
3435 835 3540 887 μου
3585 817 3756 882 λόγον

2149 918 2409 988 ἀληθείας
2433 919 2536 981 ’ἐως
2557 917 2783 987 σφόδρα,
2815 917 2897 968 ὅτι
2927 915 3018 967 ἐπὶ
3038 916 3147 975 τοῖς
3172 909 3403 982 κριμασί
3440 927 3536 962 σου
3575 908 3754 977 ἐπήλ-

2146 1024 2298 1065 πισά.

2220 1097 2308 1150 44.
2351 1096 2456 1152 Kal
2487 1093 2706 1164 φυλάξω
2738 1093 2829 1146 τὸν
2875 1093 3036 1163 νόμον
3065 1109 3158 1143 σου
3197 1089 3486 1153 διαπαντὸς
3538 1091 3625 1152 είς
3656 1087 3751 1140 τόν

2145 1190 2336 1252 αἰῶνα,
2367 1191 2460 1243 καὶ
2483 1191 2562 1251 εἰς
2578 1189 2668 1241 τὸν
2694 1186 2867 1241 αίῶνα
2897 1184 2987 1239 τοῦ
3020 1184 3233 1247 αἰῶνος.

2219 1278 2308 1332 45.
2334 1278 2438 1332 Kal
2461 1277 2805 1349 ἐπορευόμην
2839 1276 2896 1330 ἐν
2925 1274 3242 1346 πλατυσμῷ,
3267 1275 3351 1327 ὅτι
3380 1273 3482 1334 τὰς
3516 1270 3750 1332 ἐντολάς

2147 1387 2239 1423 σου
2273 1370 2595 1440 ἐξεζήτησα.

2215 1463 2302 1517 46.
2336 1463 2446 1514 Kal
2477 1461 2700 1515 ἐλάλουν
2747 1462 2804 1513 ἐν
2847 1463 2957 1524 τοῖς
3004 1458 3320 1531 μαρτυρίοις
3364 1475 3457 1510 σου
3492 1456 3748 1510 ἐναντίον

2147 1554 2434 1625 βασιλέων,
2468 1556 2560 1606 καὶ
2591 1555 2690 1608 οὐκ
2723 1554 3056 1623 ᾐσχυνόμην.

535 1640 624 1694 47.
659 1640 723 1695 Et
757 1644 1055 1698 meditabar
1108 1644 1160 1697 in
1213 1644 1482 1699 mandatis
1527 1645 1658 1711 tuis,
1717 1661 1840 1716 quze
1873 1645 2029 1700 dilexi

2214 1645 2302 1698 47.
2340 1645 2448 1696 Kal
2479 1643 2748 1714 ἐμελέτων
2777 1645 2834 1696 ἐν
2858 1646 2978 1707 ταῖς
3012 1643 3251 1706 ἐντολαῖς
3277 1659 3392 1706 σου,
3421 1640 3488 1704 εις
3513 1640 3745 1710 ἠγάπη-

465 1733 643 1786 valde.

2184 1752 2211 1786 α
2241 1733 2463 1804 σφόδρα.

419 1805 430 1812 ’
534 1823 624 1880 48.
661 1824 724 1879 Εῑ
756 1825 928 1880 levavi
963 1842 1156 1881 manus
1188 1842 1340 1881 meas
1383 1827 1450 1881 ad
1481 1826 1737 1880 mandata
1770 1835 1881 1888 tua,
1917 1843 2029 1897 quaa

2210 1825 2298 1879 48.
2341 1825 2449 1880 Kal
2473 1819 2584 1896 ἦρα
2608 1823 2708 1886 τὰς
2733 1823 2920 1902 χεῖράς
2957 1839 3057 1892 μου
3088 1821 3224 1898 πρδς
3245 1821 3344 1883 τὰς
3365 1819 3588 1882 ἐντολάς
3617 1836 3739 1882 σου,

463 1917 650 1982 dilexi,
684 1926 737 1970 et
767 1920 1064 1972 exercebar
1095 1919 1147 1972 in
1177 1919 1669 1988 justiﬂcationibus
1697 1921 1822 1974 tuis.

2184 1935 2207 1981 ς
2239 1916 2523 1986 ἠγάπησα,
2557 1915 2651 1966 xal
2679 1915 2998 1984 ἡδολέσχουν
3021 1916 3077 1967 ἐν
3101 1917 3211 1975 τοῖς
3241 1911 3576 1993 δικαιῶμασί
3616 1929 3736 1963 σου.

533 2007 624 2062 49.
660 2009 868 2063 Memor
894 2018 1014 2064 esto
1042 2012 1189 2064 verbi
1235 2013 1313 2065 tui
1341 2026 1502 2065 servo
1529 2019 1646 2076 tuo,
1676 2013 1728 2064 in
1761 2026 1872 2079 quo
1904 2010 2029 2064 mihi

2211 2010 2300 2062 49.
2335 2005 2621 2078 Μνήσθητι
2671 2006 2778 2059 τῶν
2813 2006 2984 2074 λόγων
3016 2021 3108 2060 σου
3156 2003 3235 2074 τῷ
3277 2003 3450 2073 δούλῳ
3500 2019 3624 2066 σου,
3655 1996 3734 2055 ὧν

469 338 606 395 ιιδδ

537 455 626 512 41.
665 456 728 510 Et
777 459 956 512 veniat
1007 473 1170 529 super
1215 474 1298 514 me
1332 459 1722 529 ,misericordia
1775 470 1897 524 tua,
1945 459 2052 514 Do-
2082 469 2122 522 Α

465 547 636 608 mine,
661 547 898 601 salutare
921 559 1074 602 tuum
1103 552 1402 604 secundum
1421 551 1698 619 eloquium
1727 563 1900 607 tuum.

541 620 629 693 ἃ.
665 639 729 692 Et
760 641 1103 708 respondebo
1129 644 1596 711 exprobrantibus
1628 644 1760 697 mihi
1799 645 2042 708 verbum,

465 730 593 799 quia
627 732 839 798 speravi
876 733 930 785 in
961 733 1308 788 sermonibus
1345 735 1476 787 tuis.

537 821 626 874 45.
658 822 722 876 Et
754 839 821 876 ne
853 823 1070 879 auferas
1115 826 1182 879 de
1215 842 1309 878 ore
1356 843 1477 880 nn-o
1533 828 1757 880 verbum
1795 827 2044 880 veritatis

468 929 882 984 usquequaque,
910 917 1038 986 quia
1063 919 1114 974 in
1140 917 1360 986 jndiciis
1401 919 1508 972 tuis
1535 918 1934 987 supersperavi.

536 1089 628 1148 44.
661 1089 728 1144 Et
746 1093 1050 1146 custodiam
1071 1094 1241 1164 legem
1269 1103 1417 1148 tuam
1439 1109 1676 1163 semper,
1706 1094 1760 1148 in
1782 1097 2042 1150 saxulum

463 1187 520 1235 et
553 1181 607 1234 in
645 1182 905 1236 saeculum
943 1183 1150 1237 saeculi.

538 1272 630 1328 45.
666 1272 731 1327 Et
774 1275 1120 1329 ambulabam
1175 1277 1228 1329 in
1278 1276 1591 1340 latitudine,
1627 1278 1754 1346 quia
1788 1278 2042 1333 mandata

467 1373 559 1420 tua
591 1367 882 1434 exquisivi.

537 1457 626 1511 46.
660 1456 724 1512 Et
751 1459 1016 1527 loquebar
1047 1459 1100 1512 in
1139 1460 1470 1516 testimoniis
1497 1462 1606 1516 tuis
1650 1462 1702 1518 in
1743 1475 2040 1532 conspectu

467 1562 679 1617 regum,
703 1559 757 1603 et
791 1567 896 1604 non
929 1550 1328 1608 confundebar.

465 2115 616 2168 spem
651 2100 872 2154 dedisti.

532 2190 622 2247 50.
650 2189 776 2246 Hzec
811 2209 898 2247 me
948 2194 1234 2248 consolata
1268 2203 1352 2248 est
1401 2212 1454 2248 ιιι
1508 2194 1815 2248 humilitate
1874 2209 1992 2248 mea
2021 2233 2036 2258 ,

461 2284 590 2351 quia
620 2284 898 2353 eloquium
929 2295 1082 2338 tuum
1118 2287 1411 2340 vivificavit
1437 2302 1544 2342 me.

531 2373 622 2429 5!.
658 2373 889 2445 Superbi
932 2377 1116 2446 inique
1147 2379 1381 2447 agebant
1411 2391 1822 2448 usquequaque,
1861 2391 1891 2430 a
1918 2391 2035 2447 .ege

459 2475 640 2521 autem
675 2477 764 2520 tua
793 2483 901 2521 non
936 2468 1228 2522 declinavi.

2138 2099 2448 2169 ἐπήλπισάς
2482 2115 2570 2168 με.

2208 2191 2296 2246 50.
2333 2191 2480 2262 Αὕτη
2519 2208 2585 2261 με
2613 2189 2984 2260 παρεκάλεσεν
3029 2189 3087 2243 ἐν
3125 2191 3191 2260 τῇ
3219 2185 3552 2241 ταπεινώσει
3601 2203 3726 2256 μου,

2142 2287 2225 2339 ὅτι
2251 2287 2312 2340 τὸ
2333 2286 2511 2354 λόγιόν
2542 2305 2635 2339 σου
2667 2285 2828 2355 ἐξησέ
2866 2303 2952 2356 με.

2212 2377 2300 2432 5L
2334 2379 2704 2446 ’Υπερήφανοι
2745 2378 3089 2448 παρηνόμουν
3115 2376 3220 2440 ἓως
3264 2375 3501 2445 σφόδρα,
3527 2376 3640 2429 ἀπὸ
3670 2375 3727 2433 δὲ

2140 2464 2234 2518 τοῦ
2259 2466 2424 2536 νόμου
2461 2483 2551 2517 σου
2577 2466 2677 2518 οὐκ
2703 2465 2964 2529 ἐξέκλινα.

1589 2622 1969 2678 ATHANASII
2012 2620 2590 2678 INTERPRETATIO.

534 2812 622 2868 4|.
655 2812 722 2866 Et
740 2813 920 2866 veniat
947 2829 1109 2883 super
1142 2829 1227 2868 me
1263 2814 1503 2883 Spiritus
1536 2822 1664 2867 tuus
1703 2823 1926 2868 sanctus
1959 2813 2036 2866 vi-

460 2903 714 2965 vificans,
747 2904 1203 2972 quemadmodum
1236 2905 1367 2958 mibi
1397 2905 1715 2974 promisisti.

530 2993 618 3047 4'2.
658 2994 722 3047 Et
757 2993 825 3046 da
868 2995 999 3046 mihi
1045 2995 1309 3063 gratiam,
1341 3005 1397 3047 nt
1424 3009 1523 3065 ego
1553 2994 1746 3062 loquar
1771 3009 1800 3048 e
1833 2993 2036 3048 sanctis

461 3087 571 3142 tuis
608 3086 910 3155 Scripturis
962 3096 1148 3140 contra
1203 3103 1394 3140 omnes
1461 3087 1773 3148 limreticos,
1836 3096 1888 3140 et
1942 3085 2038 3141 Ju-

2207 2812 2293 2865 4l.
2322 2810 2426 2865 Kal
2459 2810 2601 2864 ἔλθοι
2652 2812 2739 2863 ἐπ’
2759 2809 2859 2880 ἐμὲ
2909 2810 2972 2863 τὸ
3001 2809 3225 2882 Πνεῦμά
3259 2827 3349 2864 σου
3373 2811 3432 2864 τὸ
3462 2812 3620 2880 Ely-th
3662 2813 3728 2866 τὸ

2135 2901 2452 2965 ζωοποιοῦν,
2484 2899 2666 2964 καθὼς
2695 2900 3028 2971 ἐπήγγειλάς
3061 2917 3172 2971 μοι.

2203 2993 2292 3047 4‘2.
2317 2993 2420 3046 Kal
2446 2992 2534 3056 δός
2570 3010 2660 3063 μοι
2707 2993 2804 3064 τὴν
2857 2994 3014 3066 χάριν
3045 2993 3140 3046 τοῦ
3177 2993 3353 3062 λέγειν
3388 3010 3455 3063 με
3487 2994 3594 3046 ἀπὸ
3613 2995 3732 3052 τῶν,

2132 3083 2303 3151 άγίων
2333 3083 2564 3155 Γραφῶν
2621 3101 2714 3137 σου
2766 3085 2902 3156 πρὸς
2948 3086 3154 3148 πάντας
3202 3086 3533 3156 αἱρετικοῦς,
3590 3087 3724 3139 Ἰου-

458 3177 640 3240 ιίιεοε,
686 3187 736 3230 et
782 3176 1045 3246 gentiles,
1097 3176 1353 3245 quoniam
1402 3177 1702 3231 desideravi
1750 3192 2029 3235 sermones

2184 3175 2315 3237 ιίους
2340 3193 2398 3228 τε
2431 3177 2523 3228 καὶ
2554 3177 2840 3246 Ἕλληνας,
2896 3178 2978 3230 ὅτι
3029 3176 3314 3230 ἐπεπόθειν
3353 3175 3724 3254 [arts-itquca}

460 3278 606 3323 tuos.

531 3357 618 3412 43.
655 3357 720 3410 Et
755 3373 822 3410 ne
861 3357 1077 3411 auferas
1123 3373 1152 3411 a
1208 3373 1294 3411 me
1323 3359 1552 3427 gratiam
1588 3367 1732 3411 tuam
1769 3374 1941 3429 usque
1978 3361 2033 3417 ln

459 3449 644 3511 ﬁnem,
668 3449 925 3518 quoniam
951 3458 1095 3502 totus
1123 3448 1326 3503 effusus
1349 3466 1468 3503 sum
1503 3451 1555 3502 in
1587 3452 1869 3519 praeceptis
1900 3451 2027 3505 tuis.

530 3541 617 3596 44.
654 3542 718 3596 Et
765 3542 1133 3596 indesinenter
1185 3542 1377 3596 faciam
1427 3543 1596 3614 legem
1631 3555 1800 3610 tuam,
1829 3543 2032 3599 habens

458 3650 576 3688 eam
609 3635 662 3687 in
693 3649 778 3688 me
801 3634 938 3704 ipso,
966 3644 1020 3688 et
1046 3635 1097 3688 in
1125 3637 1397 3705 przesenti,
1431 3647 1484 3690 et
1523 3635 1709 3690 futuro
1736 3637 1956 3690 saeculo.
2007 3681 2033 3707 ,,

527 3812 614 3866 45.
651 3813 717 3868 Et
756 3814 1048 3868 exsultavit
1088 3829 1180 3868 cor
1208 3829 1388 3868 meum
1411 3855 1425 3878 ,
1455 3815 1716 3882 quoniam
1760 3815 2030 3871 sollicitus

359 3891 362 3899 ’
459 3901 533 3956 fni
565 3903 738 3958 facere
764 3904 1094 3958 voluntatem
1127 3913 1297 3957 tuam.

528 3995 614 4048 46.
651 3992 717 4048 Ει
740 3997 1102 4065 recogitabnm
1147 3997 1200 4049 in
1252 4003 1430 4050 nielite
1460 4011 1578 4049 mea
1611 4005 1878 4064 praecepta
1914 4005 2029 4061 tua,

457 4095 511 4138 et
561 4086 734 4139 restiti
770 4087 988 4158 regibus
1040 4089 1416 4151 tenebrarum,
1465 4097 1518 4143 et
1563 4105 1670 4142 non
1706 4099 1834 4146 sunt
1863 4089 1915 4144 in
1947 4105 2032 4145 me

456 4178 743 4231 dominati.

533 4271 617 4326 47.
646 4271 710 4324 Et
741 4271 792 4325 in
825 4272 988 4326 corde
1017 4289 1135 4327 meo
1167 4273 1502 4342 explieabam
1546 4271 1880 4343 Seripturas,
1903 4275 2030 4344 quia

454 4377 643 4418 earum
678 4363 946 4418 desiderio
978 4364 1188 4429 effusus
1210 4380 1353 4418 sum.

526 4455 614 4509 48.
649 4455 710 4508 Et
733 4456 938 4509 intendi
971 4467 1205 4510 mentem
1243 4459 1424 4512 cordis
1476 4457 1578 4510 mei
1613 4457 1666 4510 in
1699 4458 2031 4526 contempla-

456 4549 658 4602 tionem
692 4549 1099 4618 Scripturarum
1139 4558 1356 4603 tuarum
1377 4589 1392 4612 ,
1428 4566 1566 4620 quas
1601 4550 1790 4614 dilexi,
1820 4561 1873 4604 et
1903 4568 2028 4620 per-

456 4644 631 4692 Inansi
661 4640 898 4707 probans
925 4641 1310 4711 etdijndicans
1344 4658 1469 4712 quae
1519 4643 1573 4696 in
1624 4643 1734 4696 tuis
1787 4641 2035 4713 Scriptu-

456 4733 534 4783 ris
573 4733 945 4786 continentur.

525 4823 614 4878 49.
648 4822 976 4888 Recordare,
1010 4823 1155 4893 quod
1187 4825 1485 4894 promisisti
1534 4825 1778 4881 misereri
1820 4825 1946 4890 mei,
1984 4825 2030 4881 si

455 4913 509 4970 in
533 4915 878 4970 sermonibus
910 4917 1017 4969 tuis
1054 4919 1334 4971 versabor.

524 5006 612 5060 50.
638 5005 762 5061 Haec
793 5009 1086 5076 promissio
1115 5018 1204 5064 tua
1231 5011 1514 5066 consolata
1549 5019 1633 5064 est
1663 5027 1768 5070 me.
1809 5011 2028 5078 quando

452 5114 600 5150 eram
632 5099 684 5151 in
722 5108 945 5168 peccato
977 5116 1119 5164 meo,
1157 5102 1416 5170 quoniam
1450 5102 1634 5155 dixisti
1665 5122 1678 5156 :
1719 5101 1858 5155 Nola
1889 5119 2028 5154 mor-

452 5199 553 5242 tem
573 5189 887 5256 peccatoris,
915 5188 1003 5242 sed
1031 5198 1084 5242 ut
1113 5202 1472 5256 convertatur,
1502 5201 1549 5245 et
1575 5194 1710 5246 vivat
1738 5193 1803 5245 ⁵⁸.

522 5359 610 5411 51.
649 5359 1069 5417 Contemnentes
1101 5373 1368 5432 praerepta
1408 5373 1496 5417 tua
1529 5366 1694 5434 impie
1718 5374 1888 5434 agunt
1935 5382 2028 5421 ns-

451 5465 560 5520 que
591 5453 642 5505 in
675 5453 856 5514 tinem,
887 5471 985 5522 ego
1007 5465 1188 5508 autem
1221 5472 1250 5510 a
1287 5458 1400 5527 lege
1429 5465 1518 5512 tua
1555 5475 1661 5513 non
1696 5457 1917 5514 recessi.

524 5713 571 5747 ⁸⁸
607 5713 803 5768 Ezech.
840 5728 1034 5780 xxxm,
1064 5715 1124 5768 Η

2137 3267 2228 3319 ἐπὶ
2261 3267 2386 3329 τοὺς
2417 3266 2607 3334 λόγους
2653 3285 2768 3322 σου.

2205 3359 2292 3416 43.
2323 3359 2426 3414 Kal
2455 3360 2528 3432 μὴ
2561 3361 2767 3434 ἀφέλῃς
2826 3361 2921 3414 ἀπ’
2947 3360 3081 3431 ἐμοῦ
3125 3361 3224 3432 τὴν
3267 3362 3425 3432 χάριν
3468 3379 3561 3414 σου
3613 3363 3722 3426 ἓως

2134 3451 2341 3514 τέλους,
2366 3453 2446 3505 ὅτι
2471 3453 2528 3504 ἐν
2554 3454 2666 3514 τοῖς
2697 3452 3108 3521 προστάγμασιν
3135 3453 3270 3514 ὅλως
3319 3452 3642 3522 ἐκκέχυμαι.

2204 3540 2292 3594 44.
2317 3541 2422 3594 Καὶ
2448 3543 2658 3614 ποιήσω
2699 3541 3063 3606 ἀδιαλείπτως
3089 3544 3178 3596 τὸν
3229 3545 3390 3614 νόμον
3425 3561 3518 3596 σου
3578 3545 3718 3613 ἔχων

2132 3633 2292 3686 αὐτὸν
2325 3634 2381 3685 ἐν
2411 3631 2589 3703 ἐαυτῷ
2623 3633 2716 3685 καὶ
2749 3635 2804 3685 ἐν
2835 3631 2913 3702 τῷ
2944 3632 3059 3697 νῦν,
3097 3635 3190 3687 καὶ
3249 3637 3307 3686 ἐν
3357 3633 3435 3703 τῷ
3472 3633 3716 3704 μέλλοντι

2133 3725 2309 3780 αἰῶνι.

2203 3815 2290 3869 45.
2333 3816 2437 3870 Kal
2461 3816 2825 3887 ἠγαλλιάσατο
2855 3817 2886 3886 ἠ
2942 3816 3134 3886 καρδία
3160 3834 3281 3885 μου,
3322 3817 3403 3869 ὅτι
3433 3816 3712 3888 μεριμνῶν

2135 3907 2530 3981 [ἐμερίμνησα]
2559 3909 2654 3962 τοῦ
2680 3911 2852 3962 ποιεῖν
2879 3908 2938 3960 τὸ
2967 3909 3180 3979 Θὲλημά
3216 3926 3329 3964 σου.

2201 3997 2292 4052 46.
2324 4001 2433 4052 Kal
2470 3999 2838 4070 ἐμνημόνευον
2874 4001 2932 4052 ἐν
2964 4002 3027 4070 τῇ
3058 4000 3265 4071 διανοίᾳ
3313 4018 3413 4070 μου
3458 4001 3568 4054 ἀπὸ
3603 4001 3717 4055 τῶι

2133 4091 2565 4160 προσταγμάτων
2591 4107 2704 4151 σου,
2738 4091 2832 4143 καὶ
2859 4090 3195 4163 ἀνθιστάμην
3227 4095 3337 4155 τοῖς
3365 4093 3456 4146 τοῦ
3493 4097 3708 4159 σκότους

2135 4180 2434 4251 βασιλεῦσι,
2467 4182 2562 4234 xal
2585 4183 2684 4234 οὐκ
2711 4184 3073 4254 ἐκυριευόμην
3105 4184 3195 4236 ὑπ’
3228 4184 3427 4238 αὐτῶν.

2203 4271 2290 4324 47.
2326 4272 2434 4323 Kal
2459 4273 2514 4324 ἐν
2538 4274 2603 4342 τῇ
2633 4271 2829 4342 καρδίᾳ
2853 4289 2953 4342 μου
2979 4273 3203 4327 ἐπὲλυον
3228 4275 3327 4337 τὰς
3365 4273 3704 4347 Γραφάςηότι

2133 4363 2332 4433 ἐκκὲχυ
2342 4381 2438 4434 μαι
2474 4363 2657 4417 ποθεῖν
2695 4363 2884 4424 αὑτάς.

2200 4455 2287 4508 48.
2320 4456 2427 4507 Kal
2451 4455 2711 4507 ἐνέτεινον
2739 4455 2836 4527 τὴν
2867 4455 3104 4513 διάνοιαν
3130 4457 3229 4527 τῆς
3250 4457 3475 4530 καρδίας
3503 4475 3604 4526 μου
3629 4461 3702 4522 είς

2066 4573 2108 4628 D
2134 4545 2232 4616 τὴν
2263 4544 2494 4615 Θεωρίαν
2522 4545 2627 4598 τῶν
2652 4546 2884 4617 Γραφῶν
2921 4563 3036 4609 σου,
3073 4547 3137 4609 ἃς
3163 4546 3448 4615 ἠγάπησα,
3483 4549 3577 4600 καὶ
3607 4548 3699 4598 ἐπ-

2135 4636 2330 4705 έμενον
2359 4636 2687 4707 δοκιμάζων,
2720 4637 2814 4690 xal
2835 4639 3138 4708 ἀνακρίνων
3162 4638 3305 4708 τὰ,ἐν
3331 4642 3448 4702 ταῖς
3466 4639 3701 4710 Γραφαῖς

2131 4744 2244 4780 σου.

2199 4817 2287 4872 49.
2329 4817 2636 4888 Μνήσθητι.
2667 4819 2746 4872 ὅτι
2773 4820 3105 4889 ἐπήγγειλας
3131 4818 3299 4873 ἐλεεῖν
3342 4839 3431 4892 με,
3462 4821 3558 4874 ἐὰν
3589 4823 3699 4876 ἐπι-

2134 4909 2435 4980 στρέψωῖὲν
2466 4913 2578 4975 τοῖς
2605 4911 2784 4980 λόγοις
2820 4930 2932 4965 σου.

2198 5003 2286 5056 50.
2318 5002 2519 5074 Αὖτηή
2553 5005 2855 5072 ἐπαγγελία
2883 5022 2976 5058 σου
3018 5006 3443 5078 παρεμυθήσατό
3472 5009 3698 5078 με,δταν

2127 5093 2274 5164 ἥμην
2310 5095 2366 5145 ἐν
2394 5098 2457 5164 τῇ
2501 5096 2744 5166 ἁμαρτίᾳ
2777 5115 2899 5165 μου,
2943 5098 3024 5149 ὅτι
3069 5097 3296 5168 εἴρηκας
3371 5101 3453 5152 Οὐ
3485 5101 3697 5162 βούλη-

2120 5195 2224 5247 mu
2258 5179 2363 5231 τὸν
2387 5178 2644 5232 θάνατον
2685 5181 2790 5232 τοῦ
2820 5181 3192 5250 ἀμαρτιιιλοῦ,
3225 5185 3297 5248 ὡς
3347 5182 3411 5236 τὸ
3436 5184 3698 5251 ἐπιστρέ-

2126 5288 2282 5338 φειν,
2320 5271 2415 5322 καὶ
2451 5269 2556 5337 ζῇν
2589 5273 2792 5324 αὐτόν.

2198 5360 2257 5413 51
2312 5362 2374 5414 Οἱ
2399 5361 2799 5426 ὲξουδενοῦντες
2825 5361 2894 5414 τά
2920 5363 3314 5433 προστάγματα
3353 5380 3446 5416 σου
3475 5363 3694 5416 ἀσεϐοῦ-

2133 5469 2216 5503 σιν
2255 5451 2363 5515 Em;
2397 5453 2610 5517 τέλους·
2655 5452 2766 5522 ἐγὼ
2796 5454 2852 5507 δὲ
2884 5454 2991 5506 ἀπὸ
3018 5454 3111 5507 τοῦ
3133 5454 3298 5525 νόμου
3333 5471 3427 5508 σου
3480 5456 3576 5508 οὐκ
3599 5455 3694 5523 ἀφ-

2137 5545 2388 5614 ιστάμην.
