3874 6222
96 317 230 373 H85

979 313 1068 367 DE
1100 312 1380 368 TITULIS
1420 314 1870 372 PSALMORUM.
1907 348 1976 358 —
2013 316 2213 372 PSAL.
2247 315 2486 372 CXVIII.

3241 321 3378 376 1186

157 436 251 492 52.
275 433 610 506 Ἐμνὴσθην
639 435 748 490 τῶν
773 452 1055 508 κριματων
1083 455 1177 490 σου
1214 439 1307 490 ἀπ’
1332 437 1547 501 αἰῶνος,
1583 438 1694 491 Κύ-

1868 439 1956 493 52.
1989 437 2196 494 Memor
2225 438 2304 492 fui
2331 438 2664 508 iudiciorum
2698 449 2915 495 tuorum
2955 456 2984 495 a
3016 453 3240 507 saeculo,
3261 440 3368 496 Do-

90 545 194 600 ριε,
224 528 322 582 καὶ
354 527 746 598 παρεκλήθην.

157 619 248 674 55.
279 619 538 689 Ἀθυμία
563 619 793 689 κατέσχε
817 635 886 689 με
907 619 1014 672 ἀπὸ
1037 620 1376 692 ἁμαρτωλῶν
1401 621 1512 675 τῶν
1529 622 1694 690 ἐγκα-

88 711 556 782 ταλιμπανόντων
589 711 678 764 τὸν
717 711 883 784 νόμον
918 729 1035 765 σου.

157 803 247 857 54.
283 802 495 856 Ψαλτὰ
547 797 684 873 ἦσαν
719 819 808 874 μοι
840 801 910 855 τὰ
937 802 1280 874 δικαιώματά
1323 821 1416 858 σου
1451 805 1509 856 ἐν
1543 805 1694 876 τόπῳ

89 893 387 964 παροικίας
431 910 565 963 μου.
1306 907 1310 912 ·

158 985 247 1039 55.
273 983 609 1056 Ἐμνήσθην
644 987 702 1038 ἐν
742 986 898 1040 νυκτλ⁵
921 985 1016 1039 τοῦ
1043 987 1306 1057 ὀνόματός
1340 1005 1457 1051 σου,
1492 990 1690 1060 Κύριε,

89 1075 179 1126 καὶ
209 1072 470 1142 ἐφύλαξα
497 1074 590 1127 τὸν
617 1073 778 1144 νόμον
808 1092 921 1128 σου.

156 1167 245 1221 56.
280 1165 443 1237 Αὕτη
482 1165 720 1238 ἐγενηθη
755 1184 866 1237 μοι,
896 1168 977 1221 ὃτι
1020 1168 1087 1223 τὰ
1115 1167 1458 1240 δικαιώματά
1485 1187 1577 1224 σου
1607 1171 1694 1238 ἐξ-

89 1257 359 1327 εζήτησα.

154 1347 246 1402 57.
282 1346 470 1418 Μερίς
502 1363 610 1417 μου
636 1342 704 1411 εἷ,
732 1345 929 1418 Κύριε,
958 1341 1088 1401 εἶπα
1117 1346 1213 1402 τοῦ
1241 1347 1579 1419 φυλάξασθαι
1601 1349 1693 1402 τὸν

89 1436 252 1507 νόμον
281 1453 410 1490 σου.

158 1529 246 1584 58.
271 1528 558 1600 Ἐδεήθην
572 1528 664 1582 τοῦ
684 1527 977 1600 προσώπου
1010 1546 1104 1582 σου
1133 1531 1191 1584 ἐν
1217 1530 1312 1601 ὅλῃ
1336 1529 1534 1602 καρδία
1563 1547 1689 1600 μου,

92 1621 313 1693 ἐλέησόν
348 1638 422 1692 με
459 1621 605 1674 κατὰ
639 1621 701 1674 τὺ
726 1621 905 1690 λόγιόν
941 1639 1056 1676 σου.

160 1715 249 1771 59.
281 1713 704 1784 Διελογισὰμην
747 1713 845 1776 τὰς
896 1714 1048 1778 ὁδούς
1090 1731 1203 1781 σου,
1245 1715 1342 1768 καὶ
1383 1715 1692 1786 ἐπέστρεψα

93 1809 214 1871 τοὺς
243 1808 419 1871 πόδας
448 1808 676 1878 μουεείς
704 1805 769 1858 τὰ
807 1806 1087 1877 μαρτύριὰ
1113 1825 1229 1860 σου.

163 1896 252 1952 60.
282 1897 692 1969 Ἦτοιμάσθην,
729 1899 822 1950 καλ⁸
850 1900 950 1951 οὐκ
988 1899 1296 1971 ἐταράχθην
1317 1899 1410 1954 τοῦ
1452 1899 1688 1970 φυλάξα-

101 1989 220 2043 σθαι
239 1989 345 2052 τὰς
372 1990 604 2052 ἐντολάς
636 2006 753 2044 σου.

165 2080 252 2134 61.
285 2082 518 2152 Σχοινία
569 2080 907 2151 ἁμαρτωλῶν
951 2081 1399 2153 περιεπλάκησάν
1436 2101 1547 2154 μοι,
1593 2084 1688 2138 καὶ

98 2171 185 2226 τοῦ
206 2173 374 2244 νόμου
413 2190 514 2227 σου
548 2175 648 2227 οὐκ
671 2174 1035 2244 ἐπελαθόμην.

166 2261 252 2315 62.
306 2262 693 2318 Μεσονύκτιον
712 2264 1096 2336 ἐξηγειρόμην,
1120 2264 1214 2319 τοῦ
1248 2265 1689 2336 ἐξομολογεῖσθαί

104 2371 179 2408 σοι
204 2355 299 2409 ἐπὶ
329 2357 401 2411 τὰ
431 2359 683 2428 κρίματα
715 2357 815 2427 τῆς
842 2356 1190 2428 δικαιοσύνης
1223 2374 1337 2411 σου.

169 2445 256 2500 65.
291 2449 544 2517 Μέτοχος
571 2447 680 2516 ἐγώ
707 2450 822 2519 είμι
858 2448 1075 2501 πάντων
1101 2446 1210 2501 τῶν
1237 2447 1585 2518 φοϐουμένων
1608 2467 1688 2513 σε,

103 2537 190 2589 καὶ
215 2537 325 2591 τῶν
355 2539 745 2609 φυλασσόντων
777 2539 876 2604 τὰς
906 2539 1124 2603 ἐντολάς
1152 2556 1264 2593 σου.

1801 532 1964 597 mine,
2004 540 2060 586 et
2092 532 2410 586 consolatus
2452 548 2596 586 sum.

1866 621 1955 677 55.
1992 621 2230 678 Deiectio
2265 623 2439 677 tenuit
2468 639 2553 678 me
2583 639 2682 693 pro
2716 623 3095 694 peccatoribus
3127 625 3363 679 derelin-

1797 711 2092 780 queutibus
2117 712 2288 778 legem
2319 720 2488 765 tuam.

1868 802 1958 856 54.
1993 802 2305 858 Cautabiles
2335 804 2466 857 mihi
2519 815 2674 859 erant
2703 803 3124 874 iustiﬁcationes
3157 814 3264 860 tua:
3307 788 3392 859 in.

1797 893 1916 948 loco
1953 896 2409 964 peregrinationis
2442 913 2594 950 mem.

1869 987 1960 1041 55.
2001 986 2205 1041 Memor
2259 987 2336 1041 l'ui
2373 997 2533 1042 nocte
2569 989 2810 1044 nominis
2845 989 2922 1042 tui
2946 1024 2965 1054 ,-
3004 989 3228 1044 Domine
3261 1031 3278 1057 ,
3319 1000 3374 1044 et

1797 1079 2065 1134 custodivi
2089 1079 2260 1148 legem
2298 1089 2469 1132 tuam.

1869 1171 1959 1225 56.
1991 1169 2116 1225 llaec
2149 1170 2288 1225 facta
2322 1180 2406 1226 est
2434 1171 2591 1238 mihi,
2634 1171 2762 1241 quia
2784 1169 3210 1242 iustiﬁcationes
3237 1181 3380 1237 tuas

1795 1264 2084 1333 exquisivi.

1865 1355 1956 1408 57.
1979 1354 2170 1408 Portio
2193 1369 2309 1408 mea
2334 1369 2414 1418 es,
2447 1353 2698 1419 Domine,
2746 1353 2862 1410 dixi
2888 1356 3168 1411 custodire
3197 1354 3368 1426 legem

1795 1457 1966 1502 tuam.

1863 1537 1952 1594 58.
1991 1535 2324 1606 Deprecatns
2359 1553 2478 1592 sum
2513 1535 2708 1591 faciem
2750 1550 2898 1592 tuam
2959 1539 3014 1592 in
3061 1549 3171 1594 toto
3203 1539 3369 1595 corde

1793 1641 1936 1693 meo,
1967 1627 2229 1682 miserere
2263 1627 2366 1680 mei
2401 1628 2700 1682 secundum
2736 1629 3016 1698 eloquium
3048 1639 3222 1684 tuum.

1863 1715 1951 1772 59.
1983 1716 2228 1788 Cogitavi
2255 1717 2371 1772 vias
2391 1732 2564 1782 meas,
2593 1729 2646 1772 et
2669 1721 2907 1774 converti
2932 1721 3096 1788 pedes
3125 1736 3277 1776 meos
3310 1722 3364 1774 in

1794 1807 2106 1862 testimonia
2145 1817 2259 1860 tua.

1857 1899 1946 1952 60.
1979 1897 2210 1952 Paratus
2245 1915 2389 1961 sum,
2412 1908 2464 1953 et
2493 1914 2597 1952 non
2634 1915 2754 1954 sum
2789 1901 3058 1960 turbatus.
3091 1912 3151 1956 ut
3177 1912 3354 1956 custo-

1787 1991 1932 2044 diam
1963 1991 2216 2044 mandata
2243 1999 2355 2045 tua.

1857 2081 1946 2135 6l.
1985 2080 2164 2136 Funes
2213 2090 2560 2152 peccatorum
2613 2084 2971 2154 circumplexi
3020 2093 3285 2150 suntme,
3311 2098 3365 2141 et

1787 2174 1961 2242 legem
1988 2184 2138 2229 tuam
2164 2191 2270 2230 non
2304 2191 2424 2230 sum
2459 2175 2684 2230 oblitus.

1854 2264 1950 2318 6'2.
1979 2264 2152 2319 Media
2199 2275 2354 2319 nocte
2400 2265 2711 2334 surgebam,
2747 2265 2813 2319 ad
2859 2267 3228 2322 confitendum
3263 2268 3360 2323 tibi

1785 2371 1950 2425 super
1978 2357 2186 2426 judicia
2219 2356 2637 2426 justiﬁcatiouis
2671 2368 2802 2412 tuae.-

1857 2443 1954 2502 65.
1979 2448 2256 2518 Partieeps
2290 2463 2392 2519 ego
2432 2463 2554 2502 sunt
2587 2452 2832 2504 oumium
2864 2450 3172 2507 timentium
3201 2460 3273 2518 te,
3305 2461 3362 2508 et

1786 2541 2214 2596 custodientium
2248 2541 2501 2595 mandata
2533 2551 2647 2595 tua.

1249 2674 1622 2730 ATHANASll
1657 2676 2237 2732 lNTERPRETATIO.

173 2786 256 2842 52.
293 2789 478 2843 Μόνον
509 2791 566 2843 ἐν
594 2789 670 2860 νῷ
701 2789 880 2843 λαϐὼν
923 2791 997 2843 τὰ.
1037 2792 1436 2861 προστάγματά
1471 2809 1585 2854 σου,
1618 2793 1690 2846 τὰ-

108 2877 163 2942 ἐξ
185 2880 380 2952 ἀρχῆς,
409 2882 608 2953 Κύριε,
644 2879 954 2954 χαίρεταίή
983 2884 1178 2955 καρδία
1213 2903 1336 2955 μου.

173 2970 257 3024 55.
295 2973 476 3045 Πολλὴ
517 2973 694 3043 θλίψις
723 2971 834 3045 εἶχέ
865 2993 951 3045 με,
979 2976 1105 3028 ὅταν
1135 2975 1318 3046 ἐώρων
1353 2977 1478 3040 τοὺς
1504 2978 1684 3048 ἁμαρ-

109 3062 354 3126 τάνοντας
385 3065 862 3137 καταφρονοῦντας
888 3069 1011 3130 τοὺς
1042 3068 1233 3137 νόμους
1266 3084 1380 3121 σου.

173 3148 258 3249 54.
283 3151 396 3249 ἀεὶ
440 3155 502 3206 ἐν
557 3155 669 3216 τοῖς
716 3153 1046 3224 δικαιώμασί
1085 3174 1178 3209 σου
1210 3157 1538 3229 ἐτερπόμην,
1576 3157 1680 3230 [ἐν]
1707 3195 1748 3249 C

111 3240 260 3292 παντὶ
285 3241 440 3313 τόπῳ
472 3243 570 3312 τῆς
602 3245 708 3314 γῆς
733 3246 1012 3316 ὑπάρχων.

170 3328 256 3381 55.
293 3331 602 3402 ’Δμαρτίας
650 3352 739 3404 μοι
785 3336 1226 3408 ὑπεισελθούσης,
1274 3338 1575 3410 ἐμνήσθην,
1598 3340 1685 3392 ὅτι

110 3415 229 3481 θεός
256 3439 357 3491 μου
381 3421 458 3486 εἷ,
492 3427 585 3478 καὶ
615 3427 862 3498 ἀπέστην
898 3430 994 3482 ἀπ’
1026 3432 1196 3501 αὐτῆς
1217 3448 1232 3462 ο
1266 3431 1422 3485 τοῦτο
1454 3432 1562 3504 γάρ
1591 3434 1679 3484 ἐν-

110 3507 284 3564 ιλείλω
317 3531 409 3584 μοι
441 3516 715 3586 [ἐνετείλω
736 3519 876 3592 pm].

176 3601 256 3657 56.
289 3607 440 3680 Αὕτη
477 3626 566 3680 μοι
595 3608 816 3681 βοήθεια
843 3612 1100 3684 ὑπῆρξεν.
1129 3613 1210 3666 ὅτι
1248 3613 1317 3668 τὰ
1339 3614 1681 3686 δικαιώματὰ

114 3709 196 3746 σου
222 3698 544 3770 ἐπεπόθησα
584 3703 782 3772 μᾶλλον
809 3705 842 3776 ἢ
870 3705 968 3776 τὴν
997 3705 1290 3777 ἁμαρτίαν.

175 3784 258 3840 57.
291 3791 364 3846 Σὺ
412 3789 469 3846 εἴ
510 3799 542 3866 ἡ
589 3797 698 3868 ζωή
730 3814 852 3867 μου,
877 3797 1047 3867 Κύριε
1067 3815 1080 3826 ·
1115 3797 1415 3870 συνεθέμην
1447 3799 1553 3870 γὰρ
1583 3800 1683 3853 τοῦ

113 3873 386 3949 πληρῶσαι
405 3885 503 3938 τὸν
529 3888 692 3958 νόμον
716 3905 828 3943 σου.

174 3967 257 4022 58.
277 3972 538 4048 Ἐδεήθην
571 3979 740 4032 ἐλθεῖν
767 3978 892 4051 [τὴν
916 3979 1074 4050 χάριν
1099 3980 1238 4051 dou],
1267 3982 1323 4034 ἐν
1354 3983 1450 4054 ὅλῃ
1480 3999 1684 4054 καροιᾳ.

116 4069 227 4124 μου,
263 4063 486 4135 ἐλέησόν
520 4085 614 4139 με,
640 4070 731 4122 καὶ
757 4071 1074 4123 ἀπόστειλον
1097 4073 1285 4144 αὐτὴν,
1318 4073 1500 4138 καθὼς
1527 4075 1676 4146 εἴρη-

115 4165 232 4213 ως⁶
259 4160 510 4223 Αἰτεῖτε,
532 4161 628 4214 καί
663 4160 982 4230 δοθήσεται
1015 4162 1175 4231 ὑμῖν.

175 4246 256 4302 59.
279 4252 368 4306 Ἐν
401 4253 482 4325 νῷ
507 4254 714 4319 ἐλαῦον,
737 4257 818 4308 ὅτι
843 4258 900 4308 ἐν
921 4257 1215 4326 ἁμαρτίαις
1239 4255 1560 4327 πορεύομαι,
1585 4257 1674 4310 καὶ

117 4345 443 4414 μετανοήσας
469 4346 772 4416 κατέφυγον
795 4349 874 4410 εἰς
900 4347 965 4400 τὰ
993 4347 1294 4419 παθήματά
1328 4365 1443 4401 σου.

175 4427 258 4483 60.
279 4434 422 4501 Ἕως
448 4437 681 4491 θανάτου
711 4438 1014 4509 ηὐτρέπισα
1039 4439 1136 4512 τὴν
1161 4439 1341 4511 ψυχήν
1371 4459 1470 4511 μου
1508 4443 1588 4504 εἰς
1613 4441 1673 4494 τό

1855 2793 1948 2847 52.
1979 2789 2168 2846 Solum
2198 2791 2517 2846 recordatus
2540 2798 2941 2860 praceptorum
2963 2802 3205 2854 tuorum.
3234 2808 3359 2864 qum

1781 2881 1851 2935 ab
1881 2881 2037 2936 initio
2063 2889 2210 2942 sunt,
2241 2877 2490 2939 Domine,
2513 2881 2754 2933 exsultat
2783 2895 2876 2933 eor
2901 2897 3106 2934 meum.

1852 2973 1947 3027 55.
1973 2971 2138 3027 Multa
2169 2973 2445 3026 tribulatio
2475 2973 2648 3025 tenuit
2670 2987 2776 3036 me,
2802 2988 2933 3026 cum
2956 2973 3201 3026 videbam
3235 2989 3359 3044 pec-

1779 3069 1992 3115 eatores
2019 3068 2426 3114 contemnentes
2461 3060 2606 3130 leges
2641 3070 2784 3115 tuas.

1852 3149 1942 3203 54.
1979 3149 2205 3218 Semper
2233 3150 2288 3204 in
2314 3150 2802 3220 justiﬁeatlonibus
2846 3152 2954 3207 tuis
2993 3153 3304 3212 delectabar
3336 3195 3353 3220 ,

1786 3241 1983 3311 ubique
2014 3248 2280 3295 terrarum
2307 3243 2598 3296 exsistens.

1853 3333 1947 3386 55.
1985 3331 2444 3402 Subingrediente
2493 3333 2546 3386 in
2604 3348 2690 3387 me
2733 3343 2979 3402 peccato,
3038 3336 3354 3391 recordatus

1783 3436 1924 3486 sum,
1952 3423 2094 3492 quod
2125 3422 2266 3478 Deus
2300 3439 2453 3477 meus
2475 3439 2554 3482 es.
2582 3433 2635 3477 et
2661 3423 2845 3478 abstiti
2870 3425 2938 3478 ab
2964 3439 3050 3485 eo.
3079 3425 3182 3481 hoc
3207 3428 3352 3481 enim

1781 3515 2083 3584 praetepisti
2109 3515 2261 3569 mihi.

1852 3607 1940 3661 56.
1980 3605 2094 3660 lloc
2129 3607 2262 3660 mihi
2309 3607 2515 3660 auxilio
2569 3607 2691 3671 fuit,
2752 3608 2898 3677 quod
2927 3608 3348 3677 iustiﬁcationes

1781 3705 1904 3751 tuas
1933 3698 2237 3752 desideravi
2264 3699 2457 3766 magis,
2493 3714 2656 3765 quam
2689 3709 2992 3768 peccatum.

1851 3788 1939 3843 57.
1979 3788 2058 3842 Tu
2087 3805 2146 3842 es
2181 3789 2287 3840 vita
2318 3803 2465 3852 mea,
2497 3786 2757 3844 Domine:
2785 3789 3041 3859 proposui
3073 3791 3220 3845 enim
3251 3792 3357 3844 im-

1780 3880 1927 3950 plere
1955 3880 2126 3949 legem
2158 3891 2326 3932 manu.

1834 3971 1940 4030 .58.
1976 3971 2306 4041 Depreratus
2332 3987 2475 4034 sum,
2501 3979 2561 4025 ut
2582 3970 2790 4026 veniret
2816 3973 2988 4042 gratia
3014 3980 3132 4035 tua.
3156 3973 3210 4027 iu
3234 3983 3360 4030 toto

1777 4067 1945 4120 corde
1983 4079 2125 4130 meo,
2152 4065 2410 4118 miserere
2452 4064 2582 4125 mei,
2614 4073 2668 4116 et
2701 4063 2855 4119 mitte
2908 4079 3057 4127 eam,-
3091 4068 3351 4135 queinad-

1776 4157 1998 4212 modum
2033 4155 2253 4212 dixisti:
2283 4155 2474 4218 Petite,
2508 4165 2556 4208 et
2578 4155 2796 4208 dabitur
2824 4156 2969 4210 vobis
2998 4158 3071 4211 ".

1847 4249 1941 4303 59.
1981 4247 2319 4302 Recordatus
2349 4263 2494 4313 sum,
2528 4250 2674 4316 quod
2724 4249 2778 4302 in
2832 4250 3070 4318 peccatis
3104 4251 3353 4318 ambulo,

1775 4351 1829 4396 et
1853 4342 2125 4410 ptenitens
2150 4339 2370 4408 confugi
2402 4341 2466 4394 ad
2502 4341 2788 4409 passiones
2819 4348 2967 4394 tuas.

1845 4430 1934 4485 60.
1971 4429 2154 4501 Usque
2180 4432 2245 4485 ad
2279 4440 2508 4484 mortem
2556 4432 2852 4501 prteparavi
2895 4432 3132 4486 animam
3170 4449 3353 4487 meam

113 4514 309 4590 θέλημά
333 4544 450 4590 σου,
479 4530 574 4582 καὶ
599 4531 698 4583 οὐκ
721 4525 789 4600 ἦν
822 4547 913 4602 μοι
939 4531 1198 4602 δυσχερὲς
1219 4531 1278 4583 τὸ
1309 4530 1548 4603 πληροῦν
1571 4532 1671 4596 τὰς
1704 4528 1709 4582 1

1862 4530 2194 4585 voluntatem
2227 4538 2404 4592 tuam,
2427 4543 2480 4584 et
2500 4545 2608 4584 non
2646 4538 2763 4582 erat
2796 4529 2932 4582 milii
2981 4529 3195 4585 dilllcile
3246 4531 3355 4584 im-

113 4607 314 4679 ἰντολάς
348 4635 467 4674 σου.

172 4702 256 4761 61.
302 4710 569 4782 Λογισμοὶ
609 4711 720 4766 τῶν
757 4713 1015 4767 ἐναντίων
1042 4713 1326 4784 δυνάμεων
1360 4716 1437 4778 εἰς
1487 4715 1676 4768 ἐπιθυ-

114 4791 230 4858 μίας
261 4797 650 4874 ὑπεισήρχοντό
672 4821 760 4873 μοι
781 4821 792 4834 ·
820 4805 1192 4876 ἐμνημόνευον
1211 4805 1338 4876 γὰρ,
1362 4805 1442 4858 ὅτι
1470 4807 1518 4857 οἱ
1541 4821 1674 4876 πορ-

109 4887 380 4960 νεύσαντες
406 4899 463 4950 ἐν
495 4900 608 4960 τοῖς
635 4898 1038 4968 κατακλυσμοῖς
1060 4897 1356 4962 ἀπώλοντο,
1383 4899 1476 4951 καὶ
1499 4899 1546 4952 οἱ
1573 4900 1671 4952 Σο-

110 4974 307 5047 δομῖται
335 4988 676 5061 ἐθραύθησαν
707 4988 1188 5062 [συνεκαύθησαν].

171 5069 254 5126 62.
275 5077 440 5133 Ὅταν
485 5081 685 5144 πάντες
731 5079 882 5150 ὕπνῳ
925 5081 1254 5151 κατείχοντο,
1289 5078 1400 5149 ἐγὼ
1427 5081 1668 5152 νηφούσῃ

109 5159 168 5226 τῇ
198 5161 394 5241 διανοίᾳ
419 5166 823 5242 παριστάμενος
852 5171 1139 5242 ἐλάτρευόν
1183 5188 1268 5224 σοι
1313 5172 1372 5225 ἐν
1412 5170 1668 5241 ψαλμοῖς,

109 5250 194 5302 καὶ
217 5252 420 5325 ὕμνοις,
451 5264 544 5316 καὶ
570 5263 735 5333 ᾠδαῖς
773 5266 1191 5333 πνευματικαῖς.

173 5339 254 5396 65.
272 5347 438 5420 Ὁρῶν
453 5353 680 5406 ἕκαστον
693 5353 804 5406 τῶν
822 5353 1256 5424 εὑαρεστούντων
1277 5372 1379 5416 σοι,
1403 5354 1663 5425 σημειοῦ-

115 5439 223 5492 μαι.
261 5436 374 5500 πῶς
401 5440 626 5504 ἕκαστος
652 5441 832 5494 αὐτῶν
866 5442 1226 5508 πολιτεύεται,
1265 5446 1360 5496 καὶ
1393 5445 1485 5512 ἀφ’
1537 5445 1664 5496 ἐκά-

115 5527 226 5570 στου
259 5529 440 5596 κρατῶ
486 5534 616 5602 παρ’
645 5532 885 5604 ἐμαυτῷ,
933 5533 1166 5586 ἐκτελῶν
1213 5535 1346 5588 αὐτὸ
1395 5534 1469 5597 ὡς
1521 5535 1664 5586 ἐκεῖ»

115 5620 209 5670 νος,

171 5726 211 5754 ⁸’
237 5725 417 5790 Matth.
445 5752 542 5802 vn,
574 5738 606 5789 7

1772 4623 1919 4691 plere
1952 4630 2213 4691 przeeepta
2247 4630 2356 4675 tua.

1843 4713 1932 4767 6|.
1963 4713 2356 4783 Suggestiones
2373 4711 2773 4765 contrariarum
2804 4719 3133 4778 potestatum
3161 4713 3225 4765 ad
3250 4728 3355 4766 ιιι--

1770 4805 2026 4859 citandas
2075 4806 2399 4874 cupiditates
2437 4804 2490 4856 in
2529 4818 2614 4856 me
2648 4803 3016 4867 subingressze
3050 4812 3221 4858 sunt:
3261 4821 3346 4857 re-

1770 4897 2025 4950 cordatus
2047 4905 2228 4949 autem
2256 4912 2400 4962 sum,
2436 4895 2581 4965 quod
2617 4894 2991 4949 adulterantes
3035 4894 3088 4948 in
3136 4895 3352 4949 diluvur

1771 4989 2072 5059 perierunt.
2112 4997 2164 5042 et
2196 4987 2492 5043 Sodomitas
2523 4987 2857 5040 concremati
2887 4996 3033 5040 sunt.

1838 5081 1926 5135 62.
1953 5081 2088 5135 Cum
2119 5097 2311 5135 omnes
2357 5096 2551 5135 somno
2604 5080 2991 5133 detinebantur
3012 5119 3026 5142 ,
3065 5095 3160 5149 ego
3191 5080 3344 5148 vigili

1767 5183 1947 5229 mente
1981 5183 2168 5230 astans
2201 5173 2504 5228 serviebam
2554 5172 2650 5226 tibi
2685 5172 2738 5225 in
2770 5173 3016 5239 psalmis,
3048 5184 3102 5226 et
3124 5173 3348 5242 hymnis

1765 5272 1821 5318 et
1843 5265 2072 5318 canticis
2098 5264 2498 5332 spiritualibus.

1841 5355 1930 5408 o5.
1960 5355 2222 5423 Spectans
2245 5355 2506 5424 singulos,
2543 5357 2634 5426 qui
2680 5357 2891 5425 placent
2924 5355 3052 5418 tilu,
3083 5352 3342 5413 observo,

1769 5447 2045 5514 quomodo
2076 5445 2306 5514 quisque
2335 5461 2526 5499 eorum
2553 5451 2717 5500 vitam
2766 5445 3020 5505 instituit.
3055 5456 3109 5498 et
3155 5459 3186 5497 a
3224 5443 3340 5496 siu-

1769 5536 1910 5604 gulis
1934 5536 2138 5604 aliquid
2166 5536 2437 5604 accipiens
2464 5544 2621 5590 teneo
2668 5535 2810 5607 apud
2863 5550 2949 5591 me
2988 5535 3188 5603 ipsum,
3215 5545 3344 5602 per-

1767 5640 1934 5689 agens
1965 5625 2066 5680 hoc
2092 5626 2290 5695 ipsum,
2317 5625 2458 5680 sicut
2488 5626 2597 5681 ille.
