3874 6222
482 314 504 367 1
523 314 617 368 187
1326 313 1383 368 S.
1425 310 1793 367 ATHANASII
1830 311 1982 368 OPP.

2245 314 2332 370 ιιι.
2377 346 2446 355 --
2482 312 2903 373 EXEGETICA.
3286 308 3291 313 ’
3596 314 3742 369 1188

551 434 641 488 64.
678 432 1045 487 Misericordia
1078 440 1192 496 tua,
1228 430 1479 496 Domine,
1515 432 1673 501 plena
1718 440 1802 487 est
1852 442 1994 487 terra
2028 474 2043 497 ,
2078 485 2081 492 ,

2218 434 2303 487 ϐε.
2334 435 2440 487 Τοῦ
2463 434 2646 497 ἐλέους
2674 452 2786 498 σου,
2806 435 3000 506 Κύριε,
3025 434 3239 505 πλήρης
3258 435 3291 502 ἡ
3316 433 3408 503 γῆ,
3429 433 3499 486 τὰ
3518 433 3741 488 δικαιώ-

476 524 894 594 justiﬁcationes
922 533 1045 576 tuas
1075 522 1209 576 doce
1237 537 1344 575 me.

1252 537 1344 575 ne.
2163 525 2309 595 ματά
2339 543 2430 579 σου
2456 525 2665 591 δίδαξόν
2695 545 2782 597 με.

554 615 642 669 65.
678 614 983 668 Bonitatem
1029 612 1203 667 fecisti
1255 630 1378 667 cum
1440 629 1596 668 servo
1637 624 1765 680 tuo,
1804 614 2052 679 Domine,

2227 616 2314 668 65.
2356 617 2712 688 Χρηστότητα
2758 616 3019 686 ἐποίησας
3071 615 3208 686 μετὰ
3250 617 3345 668 τοῦ
3392 615 3581 668 δούλου
3619 633 3737 680 «πυ,

480 708 782 761 secundum
819 706 1042 757 verbum
1081 714 1258 757 tuum.

2156 707 2347 778 Κύριε,
2381 708 2524 761 κατά
2554 709 2645 760 τὸν
2673 708 2829 776 λόγον
2860 725 2974 759 σου.

551 800 639 853 66.
672 798 996 859 Bonitatem,
1032 805 1085 849 et
1118 796 1484 865 disciplinam,
1513 806 1567 850 et
1592 797 1877 851 scientiam
1913 798 2049 853 doce

2224 798 2311 853 66.
2345 799 2724 870 Χρηστότητα,
2755 800 2849 852 xui.
2870 798 3135 865 παιδείαν,
3162 798 3258 850 καὶ
3289 799 3498 866 γνῶσιν
3529 798 3738 863 δίδαξόν

482 908 587 951 me,
620 890 745 958 quia
777 890 1046 943 mandatis
1087 889 1195 942 tuis
1224 889 1452 942 credidi.

2157 908 2247 961 με,
2279 893 2358 944 ὅτι
2382 894 2501 954 ταῖς
2533 891 2775 955 ἐντολαῖς
2802 908 2894 944 σου
2925 891 3239 943 ἐπίστευσα.

550 983 638 1035 67.
677 981 1004 1051 Priusquam
1033 982 1351 1035 liumiliarer
1379 998 1480 1051 ego
1507 983 1730 1053 deliqui,
1760 991 2045 1053 propterea

2223 983 2310 1037 07.
2343 984 2457 1055 Πρὸ
2481 983 2575 1036 τοῦ
2610 1000 2676 1053 με
2711 982 3112 1052 ταπεινωθῆναι
3154 981 3263 1050 ἐγὼ
3309 979 3728 1050 ἐπλημμέλησα.

481 1074 757 1143 eloquium
786 1085 937 1129 tuum
963 1076 1254 1129 custodivi.

2151 1070 2241 1123 διὰ
2268 1071 2423 1124 τοῦτο
2450 1072 2510 1124 τὸ
2545 1071 2725 1140 λόγιόν
2761 1089 2854 1124 σου
2890 1070 3151 1140 ἐφύλαξα.

549 1164 639 1220 68.
668 1165 853 1220 Bonus
876 1182 933 1219 cs
956 1176 1034 1227 tu,
1059 1173 1115 1218 et
1141 1166 1195 1218 in
1223 1166 1465 1220 bonitate
1488 1170 1579 1220 tua
1613 1167 1747 1221 doce
1772 1182 1857 1220 me
1886 1167 2052 1235 justi-

2224 1163 2313 1217 68.
2342 1163 2588 1234 Χρηστδς
2638 1160 2690 1216 εἷ
2735 1168 2821 1227 σὺ,
2854 1164 3048 1235 Κύριε,
3080 1163 3173 1215 καὶ
3214 1165 3272 1215 ἐν
3302 1164 3367 1233 τῇ
3406 1154 3732 1233 χρηστότητί

480 1257 759 1309 ticationes
792 1265 932 1310 tuas.

2153 1271 2248 1307 σου
2277 1254 2485 1318 δίδαξόν
2515 1273 2581 1324 με
2614 1256 2683 1308 τὰ
2716 1254 3061 1324 δικαιώματά
3084 1271 3199 1306 σου.

549 1348 639 1401 69.
672 1347 1025 1417 Multiplicata
1055 1356 1139 1402 est
1166 1363 1331 1419 super
1374 1364 1459 1401 me
1489 1348 1749 1417 iniquitas
1782 1350 2050 1419 superbo-

2223 1345 2311 1398 69.
2339 1345 2678 1417 Ἑπληθύνθη
2711 1348 2797 1398 ἐπ’
2828 1347 2926 1414 ἐμὲ
2968 1346 3150 1399 ἀδικία
3182 1346 3552 1416 ὑπερηφάνων
3573 1362 3587 1373 ’
3630 1345 3737 1411 ἐγὼ

481 1453 635 1491 rum:
672 1454 783 1506 ego.
808 1446 988 1492 autem
1015 1443 1067 1493 in
1096 1448 1209 1492 toto
1240 1439 1403 1493 corde
1428 1454 1549 1494 meo
1578 1440 1867 1494 scrutabor
1898 1455 2011 1493 man

2152 1437 2209 1491 δὲ
2234 1439 2290 1489 ἐν
2323 1438 2417 1509 ὅλῃ
2452 1438 2645 1509 καρδίᾳ
2678 1456 2777 1507 μου
2808 1439 3146 1508 ἐξερευνήσω
3171 1437 3268 1500 τὰς
3294 1438 3514 1499 ἐντολάς
3546 1454 3664 1490 σου.

480 1530 603 1581 data
639 1537 752 1581 tua.

552 1620 637 1673 70.
674 1621 1030 1690 Coagulatum
1077 1631 1162 1674 est
1206 1622 1352 1676 sicut
1398 1623 1485 1677 lac
1539 1638 1632 1677 cor
1680 1635 1871 1678 eorum
1903 1642 1917 1678 :
1947 1638 2049 1694 ego

2224 1618 2310 1671 70.
2334 1617 2611 1687 Ἐτυρὼθη
2636 1617 2712 1680 ὡς
2745 1617 2887 1685 γάλα
2917 1618 2951 1688 ἡ
2977 1618 3172 1688 καρδία
3198 1616 3402 1669 αὐτῶν
3434 1614 3545 1683 ἐγὼ
3564 1615 3625 1666 δὲ
3646 1628 3737 1666 τον

482 1725 609 1763 vero
637 1711 805 1779 legem
840 1722 987 1765 tuam
1019 1714 1309 1767 meditatus
1338 1728 1482 1767 sum.

1262 1730 1309 1767 is
1338 1728 1482 1767 sum.
2151 1709 2315 1778 νόμον
2345 1726 2436 1761 σου
2468 1709 2792 1778 ἐμελὲτησα.

552 1798 637 1850 71.
678 1799 885 1853 Bonum
914 1800 1067 1865 mihi,
1097 1803 1223 1869 quia
1252 1803 1549 1857 humiliasti
1578 1820 1681 1869 me,
1728 1815 1787 1858 ut
1839 1806 2045 1859 discam

2223 1802 2307 1853 7l.
2332 1801 2558 1868 Ἀγαθὸν
2593 1818 2703 1871 μοι,
2734 1802 2815 1854 ὅτι
2841 1799 3212 1863 ἐταπείνωςὸκς
3241 1817 3330 1868 με,
3355 1799 3503 1860 ὅπως
3536 1797 3604 1850 ἂν
3632 1799 3738 1867 μά-

482 1891 896 1959 iustiﬁcationes
920 1901 1064 1945 tuas.

2156 1891 2231 1945 θω
2263 1891 2329 1943 τὰ
2352 1892 2700 1962 δικαιώματά
2738 1909 2854 1946 σου.

552 1982 638 2036 72.
674 1982 882 2038 Bonum
911 1985 1042 2037 mibi
1072 1986 1156 2039 lex
1183 1988 1293 2040 oris
1326 1987 1427 2051 tui,
1460 2003 1623 2054 super
1664 1988 1832 2041 millia
1866 1988 1984 2042 auri
2004 1998 2056 2042 ct

2225 1982 2312 2035 7'2.
2337 1982 2565 2049 Ἀγαθός
2599 2000 2688 2052 μοι
2711 1984 2739 2035 δ
2765 1983 2928 2053 νόμος
2953 1981 3044 2035 τοῦ
3078 1981 3342 2051 στόματός
3366 1996 3459 2033 σου
3493 1980 3638 2050 ὑπὲρ
3661 1996 3738 2049 χι-

481 2073 711 2140 argentL

2153 2075 2335 2137 λιὰδας
2366 2075 2590 2145 χρυσίου
2624 2076 2718 2127 καὶ
2740 2075 3027 2145 ἀργυρίου.

554 2161 639 2213 75.
665 2161 859 2217 Manus
896 2171 1001 2218 tum
1032 2163 1279 2218 fecerunt
1305 2180 1410 2228 me,
1439 2174 1492 2219 et
1513 2166 1921 2234 plasmaverunt
1946 2182 2052 2234 me,

2223 2165 2311 2217 75.
2344 2166 2408 2217 Ai
2431 2164 2609 2235 χεῖρές
2645 2181 2738 2216 σου
2762 2163 3024 2234 ἐποίησάν
3060 2180 3161 2233 με,
3204 2163 3300 2216 καὶ
3343 2161 3588 2214 ἕπλασάν
3640 2176 3731 2228 μεν

479 2249 545 2302 da
580 2253 713 2305 mihi
740 2254 1091 2319 intellectum,
1121 2266 1174 2309 et
1203 2257 1409 2310 discam
1440 2260 1691 2311 mandata
1727 2268 1840 2312 tua.

2150 2256 2424 2309 συνέτισόν
2458 2274 2547 2327 με,
2580 2257 2673 2310 καὶ
2711 2256 3024 2327 μαθήσομαι
3048 2256 3149 2318 τὰς
3182 2240 3405 2315 ἐντολάς
3430 2270 3546 2305 σου.

555 2343 640 2397 74,
682 2344 783 2412 Qui
837 2348 1026 2401 timent
1049 2356 1100 2402 te
1127 2349 1385 2403 videbunt
1436 2367 1543 2415 me,
1584 2361 1637 2405 et
1669 2353 2041 2406 laetabuntur:

2233 2348 2318 2400 74.
2351 2350 2413 2400 Οἱ
2448 2348 2773 2418 φοϐούμενοί
2801 2365 2860 2399 σε
2886 2348 3103 2417 ὄψονται
3149 2363 3245 2418 με,
3286 2346 3381 2398 xui.
3416 2341 3731 2414 εὐφρανθή-

480 2435 607 2503 quia
641 2436 697 2490 in
725 2438 889 2491 verba
921 2446 1011 2492 tua
1042 2442 1447 2510 supersperavi.

2157 2456 2359 2504 σονται,
2394 2438 2476 2493 ὅτι
2510 2443 2588 2503 είς
2605 2442 2731 2503 τοὺς
2754 2440 2947 2508 λόγους
2981 2456 3075 2492 σου
3101 2438 3397 2509 ἐπήλπισα.

1615 2553 1989 2609 ATllANASll
2025 2551 2604 2609 INTERPRETATIO.

552 2659 640 2716 64.
670 2657 789 2714 Νοιι
816 2670 898 2715 est
933 2663 1116 2729 homo,
1153 2664 1311 2735 cujus
1344 2681 1452 2719 non
1502 2668 1835 2732 miserearis,
1890 2677 2053 2738 atque

2220 2669 2309 2720 64.
2346 2668 2459 2719 Ούκ
2487 2666 2633 2719 ἐστιν
2658 2666 2963 2736 ἄνθρωπος,
2984 2664 3042 2717 ὃν
3070 2663 3170 2715 οὐκ
3198 2663 3385 2725 ἐλεεῖς,
3408 2659 3553 2731 κάμὲ
3572 2660 3738 2732 ὲλεήλ

480 2752 642 2805 etiam
676 2752 779 2805 mei
809 2752 1177 2821 misereberis,
1201 2764 1255 2809 et
1275 2757 1497 2812 docebis
1515 2775 1601 2812 me
1626 2759 2010 2829 justiﬂcatione

1842 2761 2052 2815 ationes
2150 2778 2282 2824 σεις,
2318 2761 2412 2812 καὶ
2442 2757 2673 2822 διδάξεις
2704 2775 2770 2828 με
2795 2757 2865 2810 τὰ
2887 2754 3231 2825 δικαιώματὰ
3260 2770 3372 2806 σου.

482 2852 621 2896 tuas.

552 2934 640 2988 65.
674 2935 902 2991 Omnem
936 2940 1417 3016 tuambonitatem
1450 2942 1744 3013 implevisti
1798 2945 1855 3001 in
1912 2961 2000 3003 me
2033 2989 2048 3013 ,

2218 2937 2306 2992 65.
2335 2937 2521 2990 Πᾶσαν
2543 2934 2641 3006 τὴν
2662 2934 3018 3006 ἀγαθωσύνην
3042 2952 3136 2987 σου
3155 2934 3480 3005 ἐπλήρωσας
3499 2934 3580 2996 είς
3603 2929 3739 3004 eis“,

483 3029 935 3094 quemadmodum
962 3032 1092 3084 mibi
1119 3034 1436 3101 promisisti.

1284 3035 1436 3089 isisti.
2149 3030 2330 3093 καθὼς
2363 3030 2677 3101 ἐπηγγείλω
2706 3046 2814 3099 μοι.

550 3115 636 3169 66.
677 3119 1030 3185 Cbaritatem,
1058 3133 1110 3176 et
1139 3125 1514 3189 humilitatem,
1538 3134 1593 3180 et
1620 3125 1873 3183 virtutem
1899 3130 2051 3186 Scri-

2218 3123 2307 3176 66.
2331 3121 2600 3194 Ἀγάπην,
2630 3120 2727 3175 καὶ
2751 3120 3098 3181 ταπείνωσιν,
3125 3120 3218 3171 καὶ
3246 3118 3345 3187 τὴν
3369 3119 3599 3188 δύναμιν
3620 3117 3738 3171 τῶν

484 3216 762 3275 pturarum
798 3219 1013 3264 tuarum
1038 3214 1179 3267 scire
1211 3231 1297 3268 me
1326 3232 1422 3285 per
1458 3219 1687 3286 gratiam
1728 3229 1875 3273 tuam
1917 3237 2014 3275 con

2208 3215 2379 3283 aucpd'w
2414 3232 2507 3267 σου
2537 3213 2735 3266 εἰδέναι
2775 3229 2841 3282 με
2873 3211 2960 3265 διὰ
2987 3211 3084 3281 τῆς
3111 3211 3329 3281 χάριτός
3360 3227 3453 3263 σου
3484 3208 3738 3281 δὼρησαί

482 3299 609 3351 cede
641 3301 795 3362 mihi,
825 3302 954 3369 quia
980 3304 1184 3357 credidi
1226 3307 1371 3374 quod
1410 3316 1495 3362 est
1548 3310 1839 3365 retributio
1885 3312 2012 3380 justi

2206 3326 2263 3370 κ,
2308 3308 2388 3360 ὅτι
2434 3306 2750 3370 ἐπίστευσα,
2783 3307 2865 3358 ὃτι
2913 3305 3060 3357 ἔστιν
3108 3304 3461 3367 ἁνταπόδοσις
3503 3303 3736 3356 δικαίων

482 3398 643 3455 atque
678 3390 918 3457 injustis.

2150 3400 2245 3452 xui
2275 3398 2495 3452 ἀδίκων.

550 3480 637 3531 67.
672 3480 995 3552 Priusquam
1047 3484 1346 3552 subjicerer
1392 3487 1485 3540 tibi
1520 3529 1535 3553 ,
1570 3502 1673 3557 ego
1712 3488 1765 3543 in
1799 3498 1851 3543 te
1878 3491 2048 3545 multa
2078 3487 2080 3512 '

2221 3490 2309 3543 67.
2336 3490 2447 3558 Πρὸ
2483 3488 2576 3541 τοῦ
2624 3506 2691 3558 με
2722 3484 3058 3555 ύποταγῆναί
3086 3502 3187 3547 σοι,
3218 3483 3326 3551 ἐγὼ
3369 3484 3451 3546 εἰς
3479 3484 3536 3536 σὲ
3560 3483 3736 3537 πολλὰ

481 3572 718 3638 peccavi,
748 3583 1027 3641 propterea
1076 3591 1240 3642 nunc,
1270 3579 1418 3646 quod
1442 3580 1753 3650 pracepisti
1772 3581 1929 3646 mihi,
1954 3599 2011 3637 cu

2162 3583 2418 3652 ἡμαρτον,
2440 3578 2527 3633 διὰ
2552 3578 2714 3631 ἰτοῦτο⁴
2731 3578 2824 3631 νῦν
2854 3580 2990 3649 ὅπερ
3020 3577 3267 3631 ἐνετείλω
3297 3592 3409 3646 μοι,
3430 3573 3692 3645 ἐφύλαξα.

480 3663 694 3715 stodivi.

547 3753 635 3807 68.
665 3754 847 3808 Bonus
872 3770 955 3821 es,
988 3756 1304 3819 Domine,et
1330 3758 1384 3811 in
1415 3759 1619 3829 Spiritu
1646 3769 1741 3813 tuo
1772 3760 1917 3815 bono
1947 3760 2049 3816 do-

2219 3757 2307 3811 68.
2329 3755 2560 3823 Ἀγαθὸς
2588 3750 2659 3818 εἴ,
2696 3755 2888 3826 Κύριε,
2918 3754 3013 3807 καὶ
3037 3755 3095 3806 ἐν
3123 3753 3198 3824 τῷ
3221 3752 3498 3823 Πνεύματί
3529 3769 3625 3805 σου
3650 3751 3733 3821 τῷ

479 3859 539 3898 ce
565 3846 1083 3915 mejustificationes
1128 3860 1248 3904 tuas
1277 3860 1332 3904 et
1361 3866 1689 3921 cognoscere
1713 3862 1767 3905 et
1800 3852 1999 3907 facere.

2198 3848 2338 3918 γαθῷ
2369 3847 2577 3913 δίδαξόν
2613 3864 2679 3917 με
2704 3846 2772 3899 τὰ
2795 3844 3137 3915 δικαιώματά
3160 3862 3274 3911 σου,
3298 3846 3392 3898 καὶ
3412 3844 3728 3912 γινώσκειν,

2150 3943 2243 3995 καὶ
2276 3944 2469 3994 ποιεῖν.

547 4029 634 4085 d9.
665 4030 952 4085 Multitudo
978 4032 1335 4100 cupiditatum
1390 4044 1443 4087 et
1491 4035 1883 4105 cogitationum
1932 4035 2049 4089 dia-

2217 4032 2307 4086 69.
2343 4031 2551 4102 Πλῆθος
2580 4026 2881 4099 ἐπιθυμιῶν
2907 4028 3000 4081 καὶ
3033 4027 3379 4097 ἐνθυμήσεων
3404 4024 3733 4078 διαδολικῶν

478 4118 774 4171 bolicarum
810 4120 970 4173 irruit
997 4121 1050 4173 in
1078 4136 1193 4174 me:
1224 4137 1325 4189 ego
1349 4130 1529 4175 autem
1561 4138 1907 4191 nequaquam
1939 4131 2008 4175 trs

2200 4124 2351 4193 τέστη
2387 4140 2475 4194 μοι
2494 4137 2508 4150 ⁶
2536 4119 2646 4189 ἐγὼ
2672 4121 2730 4173 δὲ
2760 4120 2882 4172 οὐδὲ
2905 4119 3041 4181 ὅλως
3068 4117 3308 4184 ἐξέδωκα
3339 4118 3420 4178 εἰς
3461 4115 3598 4169 αὐτὰ
3624 4115 3730 4182 τὴν

476 4206 584 4258 didi
618 4206 669 4258 in
698 4206 841 4275 ipsas
865 4223 960 4262 cor
988 4224 1190 4274 meum,
1222 4226 1350 4264 nam
1392 4220 1628 4266 utentem
1670 4229 1845 4267 meam
1880 4214 2006 4267 habt

2191 4216 2375 4285 αρδίαν
2422 4231 2560 4284 μου·
2596 4213 2695 4284 τὴν
2741 4212 2849 4283 γὰρ
2880 4210 3115 4264 διάνοιάν
3166 4226 3268 4280 μου
3304 4196 3449 4277 εἶχον
3495 4208 3577 4270 εἰς
3624 4224 3721 4268 τας.

478 4299 598 4351 bam
632 4299 685 4351 in
710 4302 992 4369 praeceptis
1019 4303 1149 4357 tuis.

2148 4308 2367 4370 ἐντολάς
2398 4324 2513 4361 σου.
3592 4360 3594 4365 ,

547 4390 633 4443 70.
663 4391 1000 4446 Obduratum
1027 4402 1109 4448 est
1137 4409 1233 4449 cor
1260 4410 1475 4460 eorum,
1511 4412 1613 4467 ego
1661 4407 1844 4451 autem
1890 4414 2045 4453 men-

2220 4399 2307 4454 70.
2332 4397 2694 4467 Ἐσκλήρυται
2721 4396 2754 4463 ἡ
2782 4394 2979 4463 καρδία
3012 4390 3209 4454 αὐτῶν,
3239 4390 3349 4459 ἐγὼ
3384 4382 3439 4442 δὲ
3479 4390 3578 4459 τὴν
3609 4389 3724 4441 διά-

476 4492 579 4537 tem
609 4498 785 4537 meam
812 4484 867 4538 in
895 4485 1087 4538 timore
1117 4493 1211 4539 tuo
1241 4486 1440 4541 habeo.

2146 4489 2294 4542 νοιὰν
2330 4504 2430 4558 μου
2456 4488 2533 4549 είς
2568 4484 2657 4539 τὸν
2694 4481 2856 4552 φόϐον
2890 4500 2985 4535 σου
3022 4482 3147 4552 ἔχω.

544 4575 630 4628 7t.
657 4573 866 4629 Bonum
896 4576 1049 4641 mihi,
1084 4576 1231 4646 quod
1274 4575 1681 4632 mansuefecisti
1710 4592 1808 4632 cor
1838 4593 2039 4643 meum,

2221 4581 2306 4633 71.
2332 4578 2561 4647 Ἀγαθόν
2603 4593 2715 4647 μοι,
2750 4576 2833 4628 ’ὁτι
2870 4576 3146 4645 ἐπράῦνας
3185 4573 3286 4642 τὴν
3335 4572 3561 4645 καρδίαν
3596 4589 3718 4641 μου,

475 4681 532 4719 ut
560 4667 826 4735 excipiam
859 4670 1086 4736 gratiam
1118 4679 1287 4722 tuam.

2146 4673 2292 4734 ὅπως
2317 4671 2381 4724 ἂν
2406 4669 2644 4740 δέξωμαι
2668 4668 2768 4740 τὴν
2795 4666 2956 4739 χάριν
2983 4683 3098 4718 σου.

546 4758 631 4813 72.
667 4758 827 4813 Bona:
852 4760 982 4812 mihi
1014 4770 1141 4814 sunt
1164 4760 1385 4822 divitiae,
1417 4775 1556 4829 quas
1583 4760 1776 4814 dedisti
1800 4752 1935 4813 mihi
1960 4759 2042 4813 di-

2220 4762 2304 4816 72.
2332 4761 2558 4829 Ἀγαθός
2606 4776 2697 4831 μοι
2741 4761 2770 4813 ό
2819 4757 3045 4819 πλοῦτος
3070 4757 3129 4808 ὃν
3153 4746 3357 4819 ἔδωκάς
3394 4772 3483 4825 μοι
3512 4754 3688 4822 λέγων
3707 4771 3720 4785 ·

475 4866 602 4903 cens
626 4868 639 4904 :
659 4850 889 4918 Accipite
910 4849 1167 4919 Spiritum
1192 4842 1623 4920 sanctuni‘°,qui
1653 4867 1818 4919 super
1849 4867 2005 4905 omne

2196 4854 2364 4906 άϐετε
2392 4852 2632 4921 Πνεῦμα
2664 4850 2833 4920 ἅγιον
2861 4850 2999 4920 ὑπὲρ
3035 4849 3209 4903 πάντα
3244 4847 3495 4910 πλοῦτον,
3532 4846 3589 4898 ὃν
3626 4847 3720 4899 ἐὰν

475 4940 689 4993 divitias
700 4949 802 5001 est,
818 4956 957 5009 quas
970 4942 1237 5011 quispiam
1260 4958 1499 5011 unquam
1520 4942 1700 4994 animo
1714 4942 1998 5010 conccperi

1027 4942 1237 5011 uspiam
1260 4958 1499 5011 unquam
1520 4942 1700 4994 animo
1714 4942 2042 5010 conceperit.
2144 4961 2225 5006 ’τις
2252 4942 2551 5012 ἐνθυμηθῇ.

545 5031 631 5083 75.
669 5030 749 5083 Tu
779 5033 847 5085 ab
874 5032 1048 5097 initio,
1077 5050 1198 5087 eum
1233 5050 1334 5104 ego
1363 5035 1537 5087 lutum
1572 5048 1773 5094 essem,
1801 5042 1855 5087 et
1879 5044 2045 5098 terra,

2214 5034 2300 5087 75.
2334 5034 2403 5084 Σὺ
2428 5030 2487 5083 ἐν
2514 5034 2657 5103 ἀρχῇ
2691 5029 2859 5102 πηλὸν
2904 5030 3032 5083 ὄντα
3062 5048 3151 5100 με,
3183 5030 3279 5083 καὶ
3321 5031 3450 5099 γῆν,
3479 5030 3722 5094 ἔπλασας

474 5121 717 5175 formasti
752 5140 835 5177 me
864 5126 1158 5180 secundum
1184 5135 1329 5178 tuam
1366 5126 1688 5195 imaginem,
1742 5133 1797 5179 et
1846 5126 2004 5180 simili

2194 5127 2264 5177 π’
2295 5124 2479 5176 εἰκόνα
2518 5124 2615 5192 σὴν
2647 5124 2740 5176 καὶ
2765 5123 3042 5193 ὁμοίωσιν,
3071 5123 3166 5175 καὶ
3190 5122 3281 5175 νῦν
3305 5122 3608 5193 φθαρείσης
3625 5124 3724 5191 τῆς

473 5215 737 5280 tudinem,
767 5224 820 5270 et
847 5232 992 5270 nunc
1029 5227 1343 5285 corruptum
1378 5233 1474 5272 cor
1528 5233 1707 5271 meum
1739 5233 1768 5271 a
1814 5227 1993 5270 terren

2192 5216 2371 5286 ιρδίας
2401 5231 2503 5285 μου
2540 5214 2643 5266 ὑπὸ
2668 5214 2775 5265 τῶν
2806 5214 3006 5283 γηίνων
3035 5213 3339 5283 ἐπιθυμιῶν
3365 5213 3722 5265 ἁνακαίνισον

472 5306 926 5374 concupiscentiis
954 5323 1149 5362 renova
1183 5308 1333 5373 illud,
1355 5318 1408 5362 et
1443 5306 1550 5376 fac,
1584 5324 1707 5362 cum
1736 5319 1827 5363 tua
1857 5309 1999 5377 imag

2192 5308 2333 5377 ὒτὴν,
2365 5308 2457 5359 καὶ
2488 5305 2733 5375 ποίησον,
2761 5305 2836 5368 ὼς
2870 5305 2966 5374 σὴν
2997 5302 3163 5358 οὖσαν
3194 5306 3400 5371 εἰκόνα,
3431 5305 3532 5369 τὰς
3572 5307 3722 5357 ἐντο-

473 5400 560 5462 sit,
596 5408 654 5452 ut
682 5399 879 5454 habeat
907 5401 960 5453 in
997 5415 1055 5455 se
1087 5401 1345 5470 inscripta
1378 5412 1647 5472 praecepta
1680 5410 1800 5455 tua.

2152 5400 2242 5463 λάς
2274 5400 2418 5470 ἔχειν
2453 5402 2508 5450 ἐν
2532 5399 2667 5469 αὐτῇ
2700 5397 3177 5467 ἐγγεγραμμένας.
3678 5480 3682 5483 ι

541 5492 630 5545 74.
669 5492 859 5547 διπηιιὶ
903 5494 983 5547 tui
1015 5502 1070 5546 et
1119 5508 1309 5549 omnes
1357 5495 1534 5566 angeli
1568 5495 1653 5550 tui
1675 5492 2027 5550 exsultabant

2202 5491 2289 5544 74.
2325 5492 2388 5544 Οἱ
2416 5490 2560 5558 ἆγιοί
2598 5508 2691 5543 σου
2720 5489 2815 5542 xui.
2858 5490 3059 5551 πάντες
3085 5491 3134 5541 οἱ
3159 5488 3379 5559 ἄγγελοί
3411 5504 3506 5542 σου
3551 5488 3724 5555 ἀγαλμ-

476 5581 714 5637 videntes
747 5585 890 5653 quod
926 5601 1010 5639 me
1040 5586 1311 5654 pcenituit.

2146 5581 2420 5635 λιασονται
2444 5580 2703 5652 ὁρῶντες,
2730 5582 2809 5634 ὅτι
2831 5579 3148 5651 μετενόησα.

542 5693 585 5722 ⁶⁰
613 5691 770 5746 Joan.
801 5711 890 5753 xx.
917 5694 1004 5745 ΞΟ.
