3874 6222
195 327 336 385 Μὸθ

1046 320 1131 376 DE
1169 318 1451 374 “mnus
1492 315 1946 371 PSAIMORUM.
1992 348 2059 359 _
2099 313 2294 369 PSAL.
2348 268 2487 360 (3³⁷
2510 264 2621 358 ΙἹΗ.

3341 319 3480 373 “90

266 445 357 500 75.
395 444 625 513 Ἐγνων,
654 439 860 511 Κύριε,
913 439 995 491 ὅτι
1037 439 1352 508 δικαιοσύνη
1408 438 1475 490 τὰ
1521 436 1767 507 κρίματά
1798 439 1825 494 Α

1946 434 2027 487 75.
2050 431 2313 504 Cognovi,
2356 417 2622 513 Domine,
2656 436 2777 501 quia
2810 432 3039 501 aequitas
3082 432 3286 502 judicia
3342 442 3463 499 tua,

194 554 313 596 σου,
344 535 438 588 καὶ
468 532 697 603 ἀληθείᾳ
722 530 1088 593 ἐταπείνωσάς
1125 548 1212 600 με.

266 629 357 683 76.
388 625 677 697 Γενηθήτω
701 625 765 693 δὴ
792 623 852 676 τὸ
883 623 1032 685 ἔλεός
1062 640 1155 675 σου
1190 623 1283 676 τοῦ
1308 623 1689 676 παρακαλέσαι
1713 640 1780 691 με

190 721 342 775 κατά
368 720 428 772 τὸ
454 717 635 785 λόγιόν
667 732 760 769 σου
799 714 877 785 τῷ
904 713 1076 783 δούλῳ
1112 731 1227 766 σου.

267 812 359 865 77.
404 806 738 862 Ἐλθέτωσάν
778 823 870 876 μοι
899 806 948 857 oi
990 804 1263 875 οἰκτιρμοί
1317 820 1411 856 σου
1437 844 1451 869 ,
1488 806 1581 859 καὶ
1624 805 1783 876 ζήσο-

196 919 323 973 μαι,
357 902 438 953 ὃτι
460 901 487 952 ὁ
512 898 677 968 νόμος
704 914 798 949 σου
833 895 1034 965 μελέτη
1069 913 1170 966 μου
1211 896 1381 951 ἐστίν.

271 993 363 1046 78.
393 990 847 1059 Αίσχυνθήτωσαν
870 989 1232 1058 ὑπερήφανοι,
1256 990 1337 1040 δτι
1360 988 1561 1051 ἀδίκως
1581 990 1787 1059 ήνόμη-

196 1101 301 1138 σαν
357 1085 435 1145 εἰς
480 1082 617 1151 ἐμέ’
670 1079 783 1147 ἐγὼ
831 1079 888 1131 δὲ
942 1080 1289 1151 ἀδολεσχήσω
1314 1083 1369 1133 ἐν
1403 1084 1523 1143 ταῖς
1549 1082 1787 1144 ἐντολαῖς

196 1194 319 1229 σου.

272 1266 364 1320 79.
413 1263 926 1336 Ἐπιστρεψάτωσάν
964 1281 1031 1334 με
1065 1265 1115 1316 oi.
1140 1264 1463 1336 φοϐούμενοί
1507 1282 1588 1327 σε,
1622 1266 1716 1319 καὶ
1740 1266 1790 1319 οἱ

200 1355 577 1425 γινώσκοντες
604 1353 673 1406 τὰ
705 1353 982 1424 μαρτύριά
1013 1370 1130 1406 σου.

276 1446 367 1499 80.
404 1446 692 1516 Γενηθήτω
712 1448 744 1516 ἡ
774 1447 967 1516 καρδία
994 1464 1094 1516 μου
1116 1448 1345 1518 ἄμωμος
1371 1449 1427 1500 ἐν
1445 1452 1558 1512 τοῖς
1578 1449 1797 1504 δικαιώ-

205 1538 346 1609 μασί
374 1554 485 1595 σου.
511 1538 659 1600 ὅπως
694 1538 760 1590 ἂν
791 1538 865 1608 μὴ
891 1538 1187 1608 αἱσχυνθῶ.

277 1629 369 1683 81.
414 1629 685 1682 Ἐκλείπει
711 1632 791 1692 εἰς
826 1631 887 1682 τὸ
912 1632 1179 1702 σωτήριόν
1212 1648 1304 1685 σου
1337 1633 1537 1705 ἡψυχὴ
1570 1650 1692 1706 μου,
1714 1637 1795 1700 εἰς

201 1724 338 1785 τοὺς
369 1723 558 1790 λόγους
594 1740 686 1775 σου
710 1723 1006 1794 ἐπήλπισα.

1884 535 1939 579 et
1968 526 2021 577 in
2056 526 2284 578 veritate
2316 532 2415 575 tua
2454 508 2754 577 humiliasti
2786 539 2890 578 me.

1959 616 2043 670 76.
2078 615 2197 670 Fiat
2224 612 2607 670 misericordia
2660 626 2750 669 tua
2800 627 2857 670 ut
2904 616 3222 671 consoletur
3264 632 3351 670 me
3377 632 3467 672 se-

1886 708 2127 761 cundum
2162 707 2445 775 eloquium
2484 715 2635 759 tuum
2667 723 2827 761 servo
2857 716 2972 762 tuo.

1961 799 2048 852 77.
2091 796 2324 852 Veniant
2353 797 2487 851 mihi
2541 800 2922 853 miserationes
2973 807 3100 863 tuae,
3159 807 3213 851 et
3251 798 3472 853 vivam:

1890 898 2018 963 quia
2047 893 2129 945 li-x
2160 904 2249 946 tua
2280 892 2564 945 n‘ieditatio
2596 908 2714 945 mea
2744 900 2850 945 est.

1964 985 2051 1039 78.
2079 984 2503 1038 Coniundantur
2537 984 2782 1051 superbi,
2812 984 2939 1052 quia
2975 984 3176 1053 injuste
3208 984 3467 1054 iniquita-

1889 1086 1997 1131 tem
2035 1078 2282 1130 iecerunt
2310 1076 2362 1129 in
2395 1090 2480 1128 me
2515 1093 2528 1127 :
2567 1091 2666 1144 ego
2701 1088 2883 1129 autem
2917 1077 3213 1130 exercebor
3244 1078 3294 1128 in
3322 1093 3477 1129 man-

1892 1168 2034 1222 datis
2060 1169 2190 1221 tuis.

1967 1258 2055 1311 79.
2086 1257 2491 1311 Convertantur
2520 1256 2653 1309 mihi
2689 1257 2945 1310 timentes
2970 1265 3043 1323 te,
3094 1266 3148 1311 et
3177 1259 3269 1326 qui
3307 1274 3475 1313 nove-

1892 1359 2094 1404 verunt
2130 1350 2441 1404 testimonia
2473 1360 2585 1402 tua.

1965 1442 2054 1496 80.
2088 1441 2209 1495 Fiat
2235 1458 2328 1495 cor
2358 1458 2537 1494 meum
2573 1441 2988 1495 immaculatum
3023 1442 3075 1494 in
3127 1440 3478 1510 iustiﬁcatio-

1896 1535 2060 1589 nibus
2088 1534 2218 1599 tuis,
2257 1544 2318 1587 ut
2349 1550 2459 1587 non
2492 1533 2821 1587 confundar.

1968 1626 2057 1681 8|.
2088 1626 2290 1680 Deiecit
2318 1625 2370 1677 in
2409 1625 2650 1678 salutare
2702 1635 2856 1678 tuum
2895 1626 3079 1679 anima
3134 1642 3276 1690 mea,
3326 1636 3381 1681 et
3423 1643 3478 1681 ιιι

1900 1721 2061 1773 verba
2094 1728 2186 1771 tua
2224 1734 2285 1771 su
2295 1718 2625 1785 persperavi.

281 1814 373 1867 82.
421 1814 694 1879 Ἐξὲλιπον
726 1818 774 1869 οἱ
801 1815 1071 1885 ὀφθαλμοί
1115 1834 1216 1886 μου
1246 1817 1325 1879 είς
1352 1816 1414 1868 τὸ
1460 1817 1639 1886 λόγιόν
1676 1835 1790 1879 σου,
1823 1853 1825 1859 ι

1964 1810 2056 1863 82.
2092 1809 2417 1863 Defecerunt
2442 1810 2585 1862 oculi
2622 1808 2726 1862 mei
2761 1809 2813 1863 in
2846 1808 3125 1878 eloquium
3166 1818 3342 1876 tuum,
3393 1810 3477 1864 di—

205 1904 488 1973 λέγοντεςο
523 1905 658 1957 Πότε
693 1905 1099 1976 παρακαλέσεις
1126 1923 1229 1975 με;

282 1993 373 2046 85.
408 1994 530 2045 Ὅτι
556 1993 822 2064 ἐγενήθην
853 1996 930 2057 ὡς
962 1996 1129 2059 ἀσκὸς
1167 1998 1225 2048 ἐν
1253 1996 1455 2069 πάχνῃ,
1483 1997 1553 2049 τά
1580 1996 1797 2050 δικαιώ-⁵

210 2084 365 2154 ματά
394 2102 486 2136 σου
518 2085 617 2137 οὐκ
646 2085 1015 2157 ἐπελαθόμην.

284 2173 374 2226 84.
402 2174 573 2226 Πόσαι
610 2175 750 2227 εἰσὶν
789 2178 844 2228 αἱ
878 2177 1084 2247 ἡμέραι
1132 2177 1227 2231 τοῦ
1262 2178 1449 2231 δούλου
1476 2198 1568 2232 σου
1596 2197 1609 2243 ;
1663 2181 1792 2233 πότε

206 2267 463 2336 ποιήσεις
493 2283 581 2335 μοι
609 2268 673 2319 ἐκ
702 2267 812 2319 τῶν
836 2269 1286 2323 καταδιωκόντων
1324 2289 1391 2341 με
1426 2272 1606 2343 κρίσιν
1632 2290 1645 2336 ;

284 2356 375 2409 85.
404 2358 742 2428 Διηγήσαντό
788 2376 879 2429 μοι
934 2362 1239 2433 παράνομοι
1283 2364 1621 2435 ἀδολεσχίας,
1677 2365 1792 2417 ἀλλ’

202 2449 311 2520 οὐχ
337 2448 411 2514 ὡς
446 2451 474 2502 ὁ
502 2449 665 2521 νόμος
699 2469 815 2519 σου,
852 2451 1045 2524 Κύριε.

1895 1915 2113 1958 centes:
2149 1903 2379 1968 Quando
2406 1901 2778 1955 consolaberis
2805 1902 2933 1955 me?

1965 1997 2051 2051 85.
2090 1996 2228 2062 Quia
2269 1995 2446 2049 factus
2468 2012 2589 2049 sum
2623 1996 2764 2049 sicut
2798 2005 2917 2048 uter
2943 1995 2994 2047 in
3028 1997 3261 2063 pruina:
3315 1996 3477 2050 iusti-

1898 2092 2185 2145 ﬁcationes
2222 2099 2347 2143 tuas
2382 2104 2490 2141 non
2523 2103 2645 2142 sum
2679 2089 2903 2141 oblitus.

1970 2183 2056 2237 84.
2089 2183 2231 2247 Quot
2256 2180 2523 2234 snntdies
2558 2180 2701 2233 servi
2746 2179 2865 2232 tui?
2914 2180 3134 2248 quando
3193 2180 3366 2234 iacies
3411 2180 3481 2233 de

1899 2272 2356 2344 persequentibus
2391 2286 2476 2323 me
2506 2270 2817 2339 judicium?

1970 2363 2060 2417 85.
2090 2361 2461 2415 Narraverunt
2511 2361 2643 2414 mihi
2698 2360 2871 2414 inirqu
2918 2359 3282 2415 tabulationes
3314 2402 3329 2425 ,
3385 2362 3481 2416 sed

1901 2471 2010 2509 non
2043 2465 2099 2507 ιιι
2130 2454 2211 2508 lex
2239 2468 2351 2519 tua,
2390 2451 2637 2505 Domine.

1345 2610 1718 2665 A'l‘llANASlI
1766 2606 2353 2664 INTEBPRETATIO.

286 2775 377 2829 75.
408 2774 704 2838 Φωτισθεὶς
738 2774 845 2828 ὑπὸ
878 2777 977 2847 τῆς
998 2776 1222 2848 χάριτός
1258 2794 1352 2830 σου
1384 2777 1575 2845 ἔγνων,
1606 2780 1688 2831 ὅτι
1724 2778 1799 2830 δί-

212 2867 353 2920 καιά
386 2868 490 2918 εἰσι
515 2866 583 2919 τὰ
610 2867 1009 2937 προστάγματα
1044 2885 1136 2920 σου
1163 2912 1177 2933 ,
1228 2870 1323 2921 καὶ
1366 2870 1508 2940 ἆπερ
1538 2871 1803 2940 ἀπεφήνω

211 2959 278 3012 ἐν
301 2959 487 3021 αὐτοῖς
514 2959 633 3010 κατ’
664 2958 799 3028 ἐμοῦ
826 2958 919 3011 τοῦ
943 2959 1271 3029 ἀμαρτωλοῦ
1302 2960 1526 3023 δικαίως
1570 2961 1798 3031 ὥρισας.

291 3053 380 3106 76.
423 3051 579 3105 Ἀλλά
606 3050 768 3104 πάλιν
794 3050 1001 3119 γένοιτο
1032 3052 1093 3104 τὸ
1124 3051 1270 3114 ἔλεός
1310 3068 1403 3104 σου
1452 3052 1805 3124 παραμυθού-

1978 2776 2067 2830 75.
2105 2775 2451 2830 lliuminatus
2503 2776 2676 2845 gratia
2725 2786 2818 2829 tua
2864 2774 3117 2846 cognovi,
3159 2777 3304 2845 quod
3341 2777 3488 2845 justa

1902 2881 2031 2923 sunt
2084 2878 2351 2938 praecepta
2389 2878 2513 2934 tua,
2549 2880 2603 2922 et
2653 2884 2774 2936 quie
2829 2867 2884 2921 in
2940 2868 3072 2936 ipsis
3123 2872 3490 2937 pronuntiasti

1903 2971 2097 3016 contra
2133 2978 2214 3015 me
2244 2972 2609 3031 peccatorem,
2637 2962 2786 3031 juste
2814 2960 3128 3015 deﬁnivisti.

1977 3054 2064 3108 76.
2093 3056 2198 3108 Sed
2246 3070 2438 3109 rursus
2486 3053 2579 3107 ﬁat
2632 3052 3005 3107 misericordia
3060 3060 3148 3105 tua
3195 3054 3489 3107 consolans

218 3145 382 3216 μενὸν
407 3161 495 3214 με,
517 3144 599 3195 ὅτι
619 3142 792 3205 οὓτως
816 3139 1088 3207 εἷπαςὈὺ
1102 3146 1401 3213 βούλομαι
1424 3145 1528 3198 τὸν
1548 3147 1806 3199 θάνατον

1946 3164 2015 3210 te,
2052 3148 2310 3216 quoniam
2355 3147 2427 3201 ita
2454 3147 2639 3201 dixisti
2672 3164 2684 3200 :
2742 3144 2885 3198 Nolo
2932 3156 3152 3197 mortem
3176 3149 3491 3212 peccatoris,

209 3236 329 3291 τοῦ
359 3233 827 3304 ἀμαρτωλοῦ,ὡς
856 3237 919 3288 τὸ
952 3236 1307 3304 ἐπιστρέψαι
1343 3239 1439 3292 καὶ
1478 3238 1583 3307 ζῆν
1599 3242 1800 3293 αὐτόν.

290 3330 380 3382 77.
425 3327 820 3399 Ἐπισκηνὼσει
849 3329 882 3398 ή
911 3328 1073 3398 χάρις
1096 3346 1189 3381 σου
1219 3330 1299 3392 εἰς
1325 3330 1448 3399 ἐμὲ,
1482 3333 1576 3383 καὶ
1604 3348 1808 3401 νεκρω-

217 3419 385 3471 θέντα
418 3436 484 3489 με
515 3420 619 3471 ὑπὸ
645 3420 743 3489 τῆς
760 3420 1035 3492 ἁμαρτίας
1058 3419 1406 3492 ζωοποιήσει,
1442 3422 1524 3476 ὅτι
1548 3422 1806 3494 ἠρξάμην

222 3512 458 3582 μελετᾷν
490 3511 580 3564 τὸν
612 3512 774 3582 νόμον
808 3529 923 3566 σου.

297 3600 379 3654 78.
409 3602 865 3673 Αίσχυνθήτωσαν
888 3603 945 3655 αἱ
972 3602 1211 3657 ἐναντίαι
1236 3603 1513 3675 δυνάμεις.
1538 3605 1620 3657 ὅτι
1645 3598 1805 3659 αὗταί

221 3708 293 3759 με
333 3689 811 3761 ὲξῃχμαλώτισανο
868 3691 980 3761 ἐγὼ
1035 3692 1091 3745 δὲ
1120 3695 1399 3765 ἐπιστήσω
1427 3694 1525 3765 τὴν
1565 3696 1806 3751 διάνοιάν

222 3796 328 3848 μου
359 3782 439 3842 εἰς
467 3779 536 3831 τὰ
569 3780 852 3851 θελήματά
885 3800 1004 3837 σου.

295 3870 383 3923 79.
412 3872 820 3941 Κατηχήσουσι,
872 3875 967 3926 καὶ
1018 3875 1321 3940 διδάξουσιν
1355 3880 1403 3931 οί
1456 3878 1673 3949 ἔχοντες
1706 3881 1805 3951 τὴν

219 3961 384 4031 χάριν
420 3978 534 4025 σου,
564 3963 656 4015 καὶ
687 3963 887 4028 εἰδότες
936 3965 1034 4036 τὴν
1067 3966 1298 4040 δύναμιν
1336 3970 1444 4024 τῶν
1488 3972 1661 4039 ἁγίων
1710 3990 1804 4026 σου

221 4051 263 4100 Γ
272 4051 477 4119 ραφῶν.

295 4141 383 4195 80.
416 4142 818 4215 Καθαρισθὴτω
849 4149 883 4216 ἡ
930 4147 1125 4219 καρδία
1175 4166 1275 4219 μου
1308 4150 1412 4203 ὑπὸ
1445 4152 1545 4222 τῆς
1582 4152 1805 4224 χάριτός

225 4250 321 4285 σου
356 4237 437 4299 εἰς
464 4235 534 4289 τὰ
559 4237 904 4304 δικαιώματὰ
931 4257 1045 4303 σου,
1076 4241 1150 4312 μὴ
1179 4242 1377 4313 ἔχουσα
1403 4246 1459 4299 ἐν
1493 4246 1658 4316 ἑαυτῇ
1687 4248 1807 4298 ἐπι-

225 4326 483 4397 4λὶυμίανῆ
522 4331 777 4400 φροντίδα
824 4332 1040 4404 γηίνην,
1072 4334 1160 4387 ἵνα
1193 4336 1268 4406 μὴ
1318 4337 1480 4391 πάλιν
1528 4340 1806 4410 αὶσχυνθῶ

221 4420 306 4480 εἰς
333 4418 393 4471 τὸ
428 4418 578 4489 βῆμά
613 4438 727 4475 σου.

1910 3241 1999 3293 sed
2024 3250 2076 3290 ut
2111 3249 2469 3305 convertatur,
2493 3248 2541 3291 et
2572 3240 2712 3291 vivat
2752 3239 2819 3291 “.

1981 3331 2067 3385 77.
2109 3330 2325 3385 llabitet
2354 3332 2523 3400 gratia
2554 3340 2646 3384 tua
2677 3331 2729 3383 in
2763 3344 2870 3393 me,
2901 3336 2957 3383 et
3000 3342 3085 3380 me
3115 3338 3392 3381 mortuum
3419 3331 3496 3384 ob

1908 3431 2191 3490 peccatum
2241 3422 2559 3487 viviﬁcabit,
2618 3421 2884 3490 quoniam
2930 3417 3071 3486 (ξαιρί
3134 3420 3383 3473 meditari
3418 3420 3496 3473 le-

1908 3530 2028 3583 gem
2059 3524 2230 3567 tuam.

1980 3605 2067 3658 78.
2104 3604 2447 3659 Erubescant
2484 3606 2775 3660 contrariie
2824 3613 3141 3674 potestates,
3178 3609 3319 3673 quod
3380 3607 3495 3676 ipse

1910 3713 1996 3751 me
2026 3698 2079 3751 in
2124 3698 2493 3767 captivitatem
2523 3696 2872 3765 redegerunt,
2909 3715 3009 3771 ego
3042 3711 3222 3754 autem
3261 3700 3492 3755 ﬁrmabo

1909 3799 2145 3842 mentem
2180 3804 2357 3841 meam
2386 3788 2440 3841 in
2479 3789 2765 3856 pereptis
2800 3789 2930 3841 tuis.

1987 3879 2073 3934 79.
2107 3880 2407 3943 lnstruent,
2463 3889 2517 3933 et
2553 3879 2855 3944 docebunt,
2890 3881 2983 3949 qui
3016 3881 3221 3935 habent
3260 3884 3492 3951 gratiam

1908 3983 2081 4038 tuam,
2111 3984 2164 4028 et
2212 3974 2306 4039 qui
2356 3986 2626 4028 noverunt
2660 3983 2983 4044 potestatem
3026 3985 3342 4029 sanctarum
3382 3986 3496 4029 tua-

1908 4084 2029 4121 rum
2069 4065 2499 4135 Scripturarum.

1979 4156 2068 4211 80.
2104 4156 2442 4211 Emundetur
2480 4172 2575 4211 eor
2613 4172 2795 4211 meum
2829 4174 2858 4212 a
2890 4159 3065 4228 gratia
3099 4167 3191 4213 tua
3228 4160 3280 4212 in
3330 4170 3495 4227 Jnsti-

1907 4246 2253 4319 iication‘ibus
2282 4248 2412 4310 tuis,
2443 4263 2549 4301 non
2577 4248 2785 4303 habens
2810 4249 2863 4302 in
2912 4250 3096 4319 seipso
3133 4249 3491 4319 cupiditatem

1906 4349 1961 4394 et
2001 4357 2188 4395 curam
2221 4352 2560 4395 terrenarum
2616 4358 2827 4408 rerum,
2866 4359 2935 4397 ne
2973 4359 3165 4397 rursus
3189 4343 3496 4397 confundar

1908 4444 2033 4485 ante
2069 4445 2221 4485 tuum
2257 4434 2514 4487 tribunal.

297 4508 383 4563 81.
417 4510 556 4580 Atti/qi
592 4511 785 4581 ἡψυχὴ
819 4530 917 4582 μου
944 4514 1041 4584 τὴν
1070 4517 1341 4587 σωτηρίαν
1373 4535 1465 4572 σου
1498 4518 1583 4591 [τὸ
1626 4522 1804 4592 σωτή-

1979 4523 2069 4576 8l.
2109 4522 2234 4577 Sitit
2263 4524 2445 4578 anima
2482 4540 2602 4579 mea
2621 4526 2863 4580 salutare
2894 4535 3071 4591 tuum,
3117 4536 3241 4596 pota
3274 4544 3359 4582 me
3384 4530 3496 4583 elo-

224 4598 343 4668 ριόν
368 4615 459 4650 σου
478 4598 519 4671 ],
554 4599 771 4652 πότισόν
797 4619 863 4671 με
888 4602 956 4654 τὰ
976 4602 1135 4671 λόγιά
1157 4623 1273 4659 σου.

296 4689 384 4742 82.
435 4688 728 4762 Ἐξετάκην
747 4692 864 4755 ὅλος
892 4694 986 4746 ἀπ’
1017 4696 1316 4767 ἐπιθυμίας
1348 4699 1652 4770 μεριμνῶν,
1677 4703 1806 4753 πότε

221 4779 468 4842 ποτίσεις
494 4796 560 4849 με
595 4781 693 4853 τὴν
715 4782 875 4854 χάριν
911 4801 1022 4839 σου.

294 4868 385 4923 85.
425 4869 544 4922 Ὅτι
576 4872 904 4943 ἐνεκρώθην,
938 4876 1029 4928 καὶ
1053 4875 1358 4949 ἐξηράνθην
1386 4880 1443 4932 ἐν
1466 4882 1530 4950 τῇ
1561 4881 1805 4954 ἁμαρτίᾳ

224 4976 353 5029 μου,
384 4954 524 5022 οῖδα,
560 4961 652 5012 καὶ
682 4962 1020 5032 μνημονεύω,
1050 4966 1128 5017 ὅτι
1160 4962 1319 5029 εἶπας
1348 4970 1405 5021 ἐν
1433 4973 1545 5033 τοῖς
1581 4970 1803 5025 δικαιώ-

222 5051 365 5122 μασί
401 5066 494 5103 σου
519 5051 610 5105 τὸν
633 5053 954 5124 ἁμαρτωλὸν
989 5056 1506 5128 ἀντιλαμϐάνεσθαι.

296 5143 385 5196 84.
425 5144 603 5207 Πόσας
631 5146 796 5211 ἄλλας
835 5147 943 5217 ἔχω
964 5150 1126 5220 ζῆσαι
1153 5153 1399 5222 ήμὲρας;
1440 5155 1571 5208 πότε
1614 5156 1805 5209 τοσοῦ-

220 5252 317 5287 τον
369 5236 556 5307 χρόνον
584 5236 744 5291 δώσει
791 5238 1023 5315 [δώσεις]
1071 5261 1160 5314 μοι
1193 5244 1441 5310 ἐξουσίαν
1491 5253 1680 5302 πατεῖν
1711 5250 1803 5302 ἐπὶ

222 5329 409 5380 πᾶσαν
450 5330 548 5400 τὴν
577 5329 803 5402 δύναμιν
836 5333 931 5386 τοῦ
955 5336 1149 5407 ἐχθροῦ
1184 5336 1329 5408 [τῶν
1362 5340 1631 5412 ἐχθρῶν],
1678 5344 1801 5395 ὅσον

223 5420 379 5473 αὐτοί
419 5439 507 5491 μοι
529 5424 1062 5493 κατεδυνάστευσαν;

297 5512 386 5567 85.
434 5514 728 5569 ’Υπέθεντό
781 5536 884 5589 μου
913 5521 975 5573 τὸ
1005 5522 1268 5593 πρότερον
1319 5526 1367 5578 oi
1397 5525 1652 5596 δαίμονες
1706 5528 1806 5594 τάς

223 5607 437 5662 ἑαυτῶν
462 5610 698 5675 ἀπάτας,
734 5611 847 5664 ἀλλ’
870 5615 967 5684 οὐχ
992 5614 1067 5678 ὼς
1100 5617 1162 5670 σὺ
1194 5616 1367 5681 θέλεις
1387 5656 1401 5684 ,
1433 5618 1626 5689 Κύριε.

303 5765 344 5796 ⁸⁸
372 5763 567 5821 Ezecb.
604 5781 775 5835 xuii,
807 5768 859 5821 2.

1907 4630 2054 4684 quiis
2086 4626 2214 4670 llllS.

1976 4704 2064 4756 82.
2101 4704 2478 4774 Consumptus
2517 4722 2638 4759 sum
2664 4716 2812 4762 totus
2839 4708 2910 4761 ob
2941 4709 3276 4764 desiderium
3334 4713 3495 4767 anxie

1904 4796 2174 4863 cegitans,
2213 4799 2432 4863 quando
2474 4814 2561 4851 me
2596 4800 2808 4867 potabis
2833 4802 3005 4869 gratia
3040 4813 3152 4855 tua.

1974 4887 2064 4939 85.
2092 4885 2364 4952 Quoniam
2401 4890 2765 4944 mortiﬁcatus
2816 4909 2960 4957 sum,
3011 4902 3066 4947 et
3114 4893 3388 4948 areiactus
3438 4895 3491 4948 in

1904 4988 2131 5047 peccato
2159 4995 2305 5043 meo,
2333 4982 2456 5033 novi
2488 4992 2540 5035 et
2588 4983 2909 5037 recordatus
2943 5001 3086 5049 sum,
3120 4987 3263 5054 quod
3308 4987 3491 5040 dixisti

1904 5072 2013 5125 tuis
2037 5073 2088 5124 in
2112 5071 2610 5138 justiﬁeationibus
2632 5075 2912 5142 suscipere
2939 5086 3303 5143 peccatorem.

1971 5161 2061 5214 84.
2090 5163 2233 5227 Quot
2265 5162 2357 5215 alii
2395 5162 2526 5215 mihi
2558 5172 2857 5232 supersunt
2910 5166 3028 5220 dies
3077 5167 3241 5220 vitm?
3274 5167 3495 5237 quando

1901 5262 2052 5308 tanto
2095 5265 2340 5323 tempore
2388 5255 2544 5310 dabis
2588 5256 2723 5309 mihi
2770 5266 3092 5325 potestatem
3134 5259 3491 5313 coneulcandi

1901 5362 2120 5401 omnem
2151 5348 2503 5403 inimicorum
2551 5352 2876 5420 potentiam,
2926 5363 3134 5419 quanto
3170 5354 3272 5421 ipsi
3322 5354 3375 5408 in
3407 5371 3495 5410 me

1902 5440 2166 5494 dominati
2193 5441 2365 5494 sunt?

1974 5532 2062 5586 85.
2100 5532 2477 5588 Subdidernnt
2505 5534 2638 5587 mihi
2664 5535 2940 5591 dzemones
2961 5537 3222 5608 pristinas
3248 5553 3377 5593 suas
3403 5538 3496 5593 fal-

1906 5623 2100 5691 lacias,
2140 5626 2235 5681 sed
2270 5641 2380 5682 non
2410 5626 2878 5695 quemadmodum
2911 5637 2967 5683 tu
3003 5629 3104 5694 vis,
3141 5626 3391 5686 Domine.
