3874 6222
398 335 532 392 1191

1210 327 1269 382 S.
1311 324 1685 381 ATllANASll
1727 324 1878 381 OPP.
1918 321 2101 377 PARS
2141 321 2227 375 111.
2268 348 2334 362 --
2377 315 2795 373 EXEGETICA.

3524 306 3674 361 “9?.

468 447 559 502 86.
595 444 790 499 Omnia
820 444 1075 498 mandata
1102 450 1193 496 tua
1218 441 1459 496 veritas:
1495 441 1681 511 inique
1700 437 1969 510 persecuti

2143 430 2230 488 86.
2260 426 2508 489 Ilio-atati
2536 431 2745 486 ἐντολαὶ
2774 446 2866 482 σου
2886 426 3116 497 ἀλήθεια
3138 442 3150 455 ⁸
3176 424 3375 486 ἀδίκως
3407 421 3677 475 κατεδίω-

398 552 529 595 sunt
557 554 664 601 me,
701 537 896 607 adjuva
932 551 1037 589 me.

470 631 559 687 87.
593 629 763 684 Paulo
824 627 1005 682 minus
1040 633 1567 681 consummaverunt
1599 640 1683 679 me
1714 623 1769 678 in
1806 632 1974 685 terra,

400 740 501 793 ego
530 730 709 775 autem
738 736 845 773 non
874 717 1138 787 dereliqni
1170 718 1424 771 mandata
1454 725 1570 770 tua.

471 807 561 862 88.
593 804 912 859 Secundum
956 802 1388 856 misericordiam
1438 811 1587 855 tuam
1622 799 1839 854 vivifica
1871 814 1978 861 me,

398 906 454 951 et
486 894 790 949 custodiam
825 890 1137 946 testimonia
1176 890 1292 945 oris
1328 891 1431 944 tui.

472 988 561 1042 89.
591 989 649 1040 In
672 995 958 1049 atternum,
986 983 1237 1047 Domine,
1270 983 1492 1037 verbum
1527 990 1679 1035 tuum
1698 990 1981 1050 permanet

402 1089 458 1128 tn
492 1075 663 1129 caelo:

472 1165 560 1220 90.
592 1164 649 1218 ln
676 1163 1084 1235 generationem
1118 1169 1173 1216 et
1200 1163 1607 1230 generationem
1631 1162 1831 1217 veritas
1863 1170 1976 1217 tua:

404 1255 643 1310 fundasti
683 1269 905 1317 terram,
925 1262 979 1307 et
1005 1259 1310 1323 permanet.

476 1349 566 1403 91.
602 1348 957 1402 Ordinatione
1009 1355 1098 1399 tua
1153 1354 1466 1415 perseverat
1522 1346 1682 1401 dlesi
1719 1347 1980 1416 quaniam

401 1441 587 1493 omnia
618 1441 865 1493 serviunt
894 1438 1015 1491 tibi.

474 1530 564 1585 92.
597 1528 711 1584 Nisi
753 1529 898 1599 quod
953 1530 1041 1584 lex
1081 1538 1172 1583 tua
1222 1529 1506 1584 meditatio
1547 1538 1668 1585 mea
1714 1540 1820 1596 est,
1852 1540 1982 1585 tunc

404 1622 543 1677 forte
568 1621 856 1692 periissem
888 1622 941 1673 in
978 1620 1286 1695 humilique
1312 1636 1455 1675 mea.

474 1715 564 1767 95.
603 1713 659 1768 In
712 1721 979 1767 aeternum
1036 1728 1143 1765 non
1213 1712 1507 1766 obliviscar
1557 1711 1981 1781 justiticationes

403 1815 548 1869 tuas,
581 1805 784 1875 quiain
816 1804 948 1873 ipsis
978 1803 1269 1858 vivificasti
1312 1819 1419 1858 me.

474 1896 563 1953 94.
593 1897 747 1951 Tuus
770 1911 889 1950 sum
922 1911 1045 1965 ego,
1078 1896 1290 1950 salvum
1322 1911 1408 1951 me
1441 1894 1528 1950 fac
1558 1897 1570 1948 ἑ
1604 1895 1864 1964 quoniam
1888 1894 1980 1965 ju—

404 1989 761 2043 stiticaliones
782 1996 904 2041 tuas
942 1987 1234 2055 exquisivi.

477 2078 566 2134 95.
605 2077 688 2133 Me
717 2085 1174 2147 exspectaverunt
1211 2087 1555 2147 peccatores,
1607 2082 1665 2132 ut
1694 2078 1986 2148 perderent

404 2186 513 2234 me,
543 2171 854 2225 testimonia
880 2176 973 2222 tua
1006 2168 1271 2222 intellexi.

471 2259 561 2315 96.
586 2261 777 2316 Omnis
793 2259 1281 2313 Consummatiunis
1297 2257 1404 2313 vidi
1426 2258 1585 2314 finem
1607 2280 1617 2313 :
1640 2259 1809 2314 latum
1834 2275 1989 2314 man-

401 2349 591 2405 datum
626 2360 777 2405 tuum
806 2350 993 2403 nimis.

2084 526 2178 591 ξάν
2212 544 2298 596 με,
2334 524 2597 597 βοηθησόν
2630 540 2738 594 μοι.

2151 618 2239 672 87.
2276 617 2432 689 Παρὰ
2467 615 2639 686 βραχὺ
2672 611 3024 666 συνετέλεσάν
3058 627 3123 680 με
3158 610 3216 661 ὲν
3250 610 3317 678 τῇ
3341 609 3437 677 γῇ,
3466 606 3583 672 ἐγὼ
3614 605 3670 656 δὲ

2080 708 2181 760 οὐκ
2214 708 2573 775 ἐγκατέλιπον
2611 704 2709 767 τὰς
2728 702 2949 766 ἐντολάς
2986 719 3098 755 σου.

2151 798 2237 853 88.
2276 799 2433 853 Κατὰ
2460 798 2522 851 τὸ
2549 797 2697 860 ἔλεός
2728 813 2823 849 σου
2850 794 3015 866 ζῆσόν
3052 811 3119 865 με
3143 834 3157 857 ,
3197 792 3292 845 καὶ
3348 787 3573 859 φυλάξω
3603 787 3666 839 τὰ

2084 890 2359 962 μαρτύρια
2390 889 2484 943 τοῦ
2510 889 2781 961 στόματός
2805 905 2919 941 σου.

2152 980 2239 1034 89.
2272 982 2367 1044 Εἰς
2390 981 2481 1033 τὸν
2506 980 2699 1046 αἰῶνα,
2731 978 2929 1050 Κύριε,
2963 978 2992 1030 ὁ
3014 976 3172 1045 λόγος
3204 990 3297 1026 σου
3338 969 3590 1039 διαμένει
3616 969 3663 1020 ὲν

2080 1072 2158 1145 τῷ
2185 1072 2397 1144 οὐρανῷ
2413 1088 2426 1100 ·

2152 1165 2239 1219 90.
2269 1166 2361 1229 Εἰς
2388 1164 2580 1234 γενεὰν
2614 1164 2708 1218 καὶ
2731 1162 2925 1233 γενεάν
2955 1161 2989 1232 ἡ
3032 1158 3260 1228 ἀλήθειά
3308 1173 3402 1209 σου
3427 1171 3439 1181 ’
3480 1152 3672 1204 heerw-

2083 1257 2284 1321 λίωσας
2306 1259 2404 1327 τὴν
2432 1258 2555 1327 γῆν,
2582 1258 2676 1310 καὶ
2700 1254 2968 1325 διαμένει.

2151 1348 2239 1403 91.
2276 1349 2355 1420 Τῇ
2381 1349 2619 1413 διατάξει
2656 1365 2750 1401 σου
2794 1344 3041 1417 διαμένει
3080 1341 3285 1414 ἡμέρα,
3324 1336 3500 1392 ὃτιτά
3534 1334 3673 1404 σύμ⁶

2083 1459 2262 1496 παντα
2287 1441 2450 1495 δοῦλα
2478 1441 2565 1495 σά.

2153 1532 2240 1588 92.
2278 1533 2339 1585 Εἰ
2377 1532 2452 1602 μὴ
2479 1532 2560 1585 ὅτι
2595 1532 2624 1583 ὁ
2656 1529 2818 1599 νόμος
2854 1544 2949 1582 σου
2981 1526 3179 1599 μελέτη
3227 1540 3327 1593 μου
3358 1520 3498 1583 ἐστὶ,
3546 1517 3672 1569 τότε

2081 1624 2149 1679 ἂν
2176 1624 2476 1695 ἀπωλόμην
2507 1625 2565 1676 ὲν
2594 1625 2661 1693 τῇ
2689 1619 3016 1674 ταπεινώσει
3051 1635 3172 1689 μου.

2154 1716 2242 1771 95.
2282 1718 2376 1779 Εἰς
2409 1715 2499 1770 τὸν
2525 1714 2698 1768 αἰῶνα
2731 1714 2792 1766 οὑ
2831 1713 2905 1784 μὴ
2936 1709 3285 1779 ἐπιλάθωμαι
3314 1704 3424 1758 τῶν
3449 1703 3674 1755 δικαιω-

2014 1800 2054 1852 Β
2087 1808 2274 1879 μάτων
2310 1825 2426 1869 σου,
2463 1808 2544 1860 ὅτι
2578 1808 2636 1859 ὲν
2667 1808 2852 1869 αὐτοῖς
2885 1803 3084 1875 ἑζησάς
3120 1818 3207 1871 με.

2152 1899 2220 1953 94
2265 1900 2365 1963 Σὸς
2394 1901 2509 1971 εἰμι
2539 1890 2672 1968 ἐγὼ,
2710 1897 2882 1951 σῶσόν
2933 1914 3023 1966 με,
3078 1895 3161 1947 ὅτι
3207 1890 3277 1944 τά
3321 1883 3676 1955 δικαιώματά

2085 2007 2178 2043 σου
2210 1990 2533 2062 ὲξεζήτησα.

2153 2079 2242 2135 95.
2285 2081 2416 2150 Ἐμὲ
2441 2081 2743 2150 ὑπέμειναν
2778 2074 3096 2149 ἁμαρτωλοί⁵
3132 2073 3228 2127 τοῦ
3270 2070 3534 2125 ἀπολέσαι
3575 2085 3668 2138 με,

2082 2171 2151 2225 τά
2185 2153 2460 2243 μαρτύριὰ
2485 2188 2578 2224 σου
2611 2171 2837 2242 συνῆκα.

2156 2264 2243 2318 96.
2279 2266 2467 2336 Πάσης
2492 2264 2805 2327 συντελείας
2845 2257 2983 2315 εἶδον
3029 2259 3224 2331 πέρας,
3261 2256 3494 2309 πλατεῖα
3520 2253 3557 2324 ή
3582 2252 3673 2303 ὲν-

2085 2355 2213 2427 τολή
2248 2373 2340 2409 σου
2370 2357 2596 2429 σφόδρα.

1529 2467 1904 2522 ATHANASII
1950 2467 2539 2529 lNTERPRETATlO.

473 2576 559 2631 86.
593 2574 729 2629 Novi
756 2576 901 2646 quod
923 2576 1299 2646 justusjudex
1325 2593 1385 2634 cs
1424 2580 1477 2634 in
1512 2596 1743 2635 omnes:
1779 2580 1990 2650 fugien-

400 2680 457 2727 te
476 2688 564 2726 me
588 2674 656 2726 ab
683 2672 838 2742 ipsis.
866 2683 922 2728 et
952 2676 1169 2731 volente
1198 2678 1264 2731 ad
1300 2685 1351 2730 te
1394 2679 1601 2738 venire,
1647 2677 1741 2745 qui
1786 2692 1985 2731 secun-

402 2765 533 2817 dum
564 2774 814 2818 naturam
846 2763 1112 2821 Dominus
1149 2784 1303 2823 meus
1336 2785 1415 2830 es,
1441 2777 1846 2836 persequuntur
1899 2784 1986 2822 me

402 2865 708 2924 qumrentes
734 2873 818 2909 me
847 2858 1101 2927 praedari,
1131 2860 1328 2929 adjuva
1355 2876 1464 2913 me.

2156 2586 2243 2642 86.
2277 2583 2426 2649 Οἶδα,
2457 2588 2538 2640 ὅτι
2588 2587 2796 2651 δίκαιος
2839 2585 3033 2657 κριτὴς
3066 2578 3117 2635 εἷ
3144 2584 3223 2645 εἰς
3257 2580 3498 2641 πάνταςσ
3532 2576 3672 2645 φεύ-

2084 2678 2272 2746 γοντός
2298 2696 2398 2748 μου
2434 2680 2529 2731 ἀπ’
2552 2678 2753 2743 αὐτῶν,
2786 2678 2882 2731 καὶ
2921 2676 3169 2737 θέλοντος
3213 2673 3385 2725 ἐλθεῖν
3419 2669 3556 2741 πρὸς
3608 2669 3672 2722 ab

2082 2770 2172 2822 τὸν
2205 2770 2346 2824 κατὰ
2369 2770 2530 2838 φύσιν
2555 2788 2656 2842 μου
2692 2771 2989 2841 Δεσπότην,
3038 2766 3437 2823 καταδιώκουσί
3472 2782 3541 2835 με
3573 2763 3675 2835 Cr;

2080 2860 2298 2923 τοῦντες
2330 2861 2577 2931 ἁρπάσαι
2608 2879 2674 2932 με
2698 2878 2710 2890 ⁸
2749 2862 3015 2934 βοήθησον
3045 2879 3153 2932 μοι.

475 2946 562 3000 87.
596 2945 672 3001 lta
700 2948 875 3003 valide
927 2951 983 3005 in
1019 2966 1107 3005 me
1151 2953 1450 3015 irruerunt,
1492 2958 1552 3005 ut
1600 2951 1762 3021 paulo
1794 2951 1980 3005 minus

2156 2952 2244 3006 87.
2271 2952 2456 3018 Οὕτως
2489 2955 2726 3027 ἰσχυρῶς
2753 2955 3029 3025 ἐπέϐησάν
3063 2973 3153 3025 με,
3178 2958 3259 3009 ὅτι
3290 2959 3439 3029 ποιρά
3471 2962 3676 3034 μικρὸν

404 3040 810 3094 interfecissent
834 3058 920 3096 me
954 3043 1007 3096 in
1043 3050 1307 3112 peccato;
1357 3058 1457 3110 ego
1488 3054 1669 3097 autem
1721 3045 1775 3097 in
1818 3044 1983 3099 corde

2128 3044 2434 3099 ὂανάτωσάν
2471 3065 2539 3117 με
2573 3050 2630 3101 ἐν
2655 3051 2722 3119 τῇ
2745 3049 2991 3121 ἁμαρτίᾳ
3013 3063 3025 3076 ·
3063 3050 3174 3118 ἐγὼ
3196 3051 3253 3104 δὲ
3294 3053 3352 3105 ὲν
3374 3055 3439 3124 τῇ
3468 3056 3675 3129 καρδίην⁵

404 3143 526 3184 meo
570 3129 817 3185 dicebam
875 3132 1072 3185 animae
1120 3144 1295 3187 meat:
1332 3132 1643 3187 Recordare
1695 3134 1828 3202 quid
1880 3135 1979 3189 tibi

402 3221 723 3289 pratceperit
748 3221 911 3275 Dens.

473 3309 564 3366 88.
606 3310 1078 3376 Quemadmodum
1132 3313 1501 3369 misericordia
1565 3322 1656 3368 tua
1714 3315 1981 3370 immensa

400 3408 456 3453 et
482 3400 875 3470 investigabilis
898 3412 1002 3466 est,
1034 3405 1106 3457 ita
1140 3409 1372 3474 gratiam
1406 3414 1554 3459 tuam
1577 3406 1644 3459 da
1673 3407 1807 3460 mihi
1841 3407 1981 3460 vivi-‘

404 3491 655 3547 ficantem
686 3509 794 3560 me,
848 3504 902 3548 et
952 3495 1189 3564 implebo
1237 3506 1506 3566 praecepta
1542 3512 1664 3567 qua:
1706 3500 1978 3555 mandasti

403 3582 559 3635 mihi.

472 3673 560 3729 89.
591 3672 648 3728 ln
675 3675 859 3740 corde,
894 3676 947 3730 in
987 3692 1099 3746 quo
1152 3675 1495 3733 familiariter
1548 3679 1844 3746 inhabitas,
1893 3681 1980 3734 in-‘

403 3774 683 3821 eessanter
715 3776 801 3822 est
828 3768 1081 3823 voluntas
1115 3777 1229 3822 tua.

472 3854 562 3910 90.
597 3853 653 3909 In
686 3859 912 3919 sanctis.
943 3858 1037 3925 qui
1075 3858 1225 3911 omni
1255 3867 1495 3926 tempore
1528 3860 1981 3929 complacuerunt

413 3946 531 4012 tibi,
562 3962 688 4001 vere
720 3956 805 4002 est
838 3948 972 4006 fides
1004 3959 1130 4003 tua:
1176 3947 1419 4003 fundasti
1468 3952 1735 4005 mundum
1784 3951 1837 4006 in
1875 3954 1981 4007 fide

401 4044 517 4102 tua,
544 4048 593 4091 et
623 4049 788 4107 porta:
815 4039 1092 4108 inferinon
1115 4040 1472 4108 praevalebunt
1499 4043 1749 4097 adversus
1769 4061 1887 4098 eam
1912 4045 1979 4098 ".

473 4237 560 4291 9|.
594 4236 749 4292 Dono
790 4239 1087 4308 gratiarum
1140 4247 1356 4294 tuarum
1416 4251 1697 4309 permanet
1732 4242 1824 4295 lux
1859 4252 1975 4310 tua,

2087 3154 2188 3208 μου
2212 3136 2395 3206 ἔλεγον
2423 3141 2489 3210 τῇ
2516 3139 2662 3211 ψυχῇ
2702 3158 2803 3211 μου
2829 3158 2842 3169 ·
2879 3142 2999 3213 Μνη
3010 3142 3200 3213 μόνευε
3225 3145 3276 3197 τί
3308 3162 3390 3198 σοι
3425 3147 3675 3201 ἐντέταλ-

2082 3246 2173 3282 ται
2202 3232 2231 3283 ὁ
2256 3230 2407 3294 Θεός.

2153 3322 2241 3376 88.
2278 3322 2475 3387 Καθὼς
2506 3323 2567 3377 τὸ
2596 3323 2742 3387 ἔλεός
2769 3341 2862 3377 σου
2879 3325 3210 3397 ἀμέτρητον,
3238 3327 3332 3380 καὶ
3358 3328 3673 3400 ἀνεξιχνία-

2085 3412 2209 3466 στόν
2242 3415 2409 3477 ἐστιν,
2445 3413 2588 3467 οὓτω
2619 3414 2718 3485 τὴν
2774 3415 2933 3486 χάριν
2965 3432 3061 3468 σου
3077 3416 3166 3480 δός
3199 3435 3287 3487 μοι
3313 3418 3411 3489 τὴν
3437 3418 3673 3482 ζωοποι-

2082 3502 2246 3556 οὗσάν
2276 3522 2366 3575 με,
2396 3506 2489 3559 καὶ
2517 3504 2789 3576 πληρώσω
2817 3507 2886 3559 τὰ
2912 3511 3332 3580 προστάγματα,
3356 3511 3393 3565 ἃ
3415 3514 3675 3568 ὲνετείλω

2086 3612 2197 3666 μοι.

2152 3687 2239 3742 89.
2276 3688 2369 3750 Εἰς
2392 3686 2489 3758 τὴν
2529 3688 2776 3759 καρδίαν,
2813 3692 2871 3743 ἐν
2983 3691 3201 3756 οἰκείως
3241 3695 3670 3766 ἐμπεριπατεϊς,

2082 3778 2377 3842 ἀπαύστως
2398 3779 2517 3831 ἐστὶ
2550 3780 2610 3833 τὸ
2636 3780 2850 3852 θέλημά
2883 3801 2995 3838 σου.

2152 3870 2240 3925 90.
2272 3872 2366 3934 Εἰς
2394 3873 2520 3936 τοὺς
2547 3873 2736 3941 ἁγίους
2766 3877 2893 3938 τοὺς
2924 3875 3045 3929 καθ’
3080 3878 3318 3950 ἑκάστην
3360 3883 3672 3955 εὐαρεστή-

2084 3964 2284 4027 σαντάς
2309 3980 2389 4017 σοι
2419 3964 2589 4029 ὅντως
2623 3966 2771 4019 ἐστὶν
2802 3968 2835 4036 ἡ
2886 3966 3066 4031 πίστις
3117 3985 3209 4022 σου
3231 3986 3244 3999 ·
3293 3972 3671 4044 ἐθεμελίωσας

2082 4058 2172 4109 τὸν
2227 4057 2432 4126 κόσμον
2479 4056 2538 4109 ἐν
2585 4060 2651 4127 τῇ
2679 4058 2859 4110 πίστει
2901 4076 3017 4123 σου,
3060 4063 3159 4116 καί
3196 4064 3385 4118 πύλαι
3412 4066 3563 4133 ᾅδου
3589 4074 3670 4125 οὐ

2083 4147 2570 4214 κατισχύσουσιν
2613 4145 2827 4213 αὐτῆς.

2155 4236 2244 4290 9i.-
2273 4238 2352 4307 Τῇ
2390 4237 2571 4308 δωρεᾷ
2620 4238 2730 4291 τῶν
2758 4241 3121 4311 χαρισμάτων
3168 4261 3261 4297 σου
3320 4248 3562 4321 διαμένει
3602 4253 3670 4306 τὸ

402 4330 661 4399 quoniam
691 4338 748 4383 tu
774 4328 1039 4387 Dominus
1067 4347 1128 4388 es
1162 4333 1491 4398 caelestium,
1526 4342 1579 4388 et
1608 4337 1978 4402 terrestrium,

2128 4326 2203 4390 ῶς
2232 4344 2346 4390 σου,
2369 4328 2451 4380 ὃτι
2480 4328 2839 4399 ἐπουρανίων,
2869 4332 2964 4384 καὶ
2984 4332 3243 4401 ἐπιγείων
3274 4337 3369 4389 καὶ
3397 4339 3670 4409 καταχθο-

402 4428 459 4474 et
495 4418 855 4475 infernornm.

474 4510 562 4564 92.
586 4504 701 4569 Nisi
759 4512 950 4567 saltem
999 4528 1146 4567 nunc
1182 4514 1469 4584 coepissem
1534 4514 1747 4571 discere
1812 4517 1983 4587 legem

403 4610 576 4663 tuam,
612 4603 705 4657 sed
747 4605 1073 4659 mansissem
1098 4616 1155 4659 ut
1202 4608 1374 4675 prius,
1403 4608 1719 4665 omnimode
1772 4613 1984 4680 peritu-

405 4709 499 4748 l'llS
519 4710 669 4749 eram
705 4712 759 4750 In
802 4708 1023 4766 peccato
1055 4712 1203 4753 meo.

474 4784 561 4839 95.
595 4783 710 4840 Non
760 4789 946 4857 utique
983 4790 1279 4843 obliviscar
1332 4792 1652 4860 passionum
1707 4804 1927 4852 tuarmn
1962 4840 1976 4863 ,

403 4877 661 4946 quoniam
693 4893 779 4933 me
809 4889 1085 4936 mortuum
1114 4885 1379 4952 sanguine
1411 4894 1503 4939 tuo
1563 4888 1872 4945 vivificasti.

473 5054 562 5109 94.
588 5052 824 5108 Omnino
860 5057 1138 5112 redemisti
1169 5074 1255 5113 me
1283 5060 1523 5129 pretioso
1553 5069 1649 5116 tuo
1691 5065 1982 5133 sanguine;

404 5146 555 5201 salva
576 5147 979 5216 me,quoniam,
997 5151 1180 5205 audita
1208 5154 1593 5221 praedicatione
1609 5163 1725 5218 tua,
1753 5159 1981 5214 credidi.

474 5237 565 5294 95.
600 5237 682 5293 Me
710 5240 1082 5309 quaesiverunt
1106 5246 1396 5300 contraria:
1416 5255 1719 5316 potestates
1749 5250 1982 5318 perdere

404 5327 460 5381 in
493 5328 830 5397 idololatria;
863 5332 1004 5386 dicta
1033 5343 1215 5389 autem
1251 5352 1282 5389 a
1315 5344 1368 5391 te
1412 5338 1480 5393 de
1530 5337 1641 5393 [ille
1699 5339 1752 5392 in
1805 5351 1856 5396 te
1885 5380 1900 5406 ,
1933 5352 1989 5397 et

405 5435 501 5488 spe
528 5422 756 5477 audiens
777 5423 1011 5478 credidi.

476 5596 564 5647 96.
599 5593 789 5651 Omnis
820 5598 1026 5667 gloriae,
1065 5609 1116 5655 et
1158 5602 1392 5659 carnalis
1424 5603 1713 5674 voluptatis
1751 5606 1860 5662 vidi
1910 5606 1973 5661 tl-

486 5731 529 5767 ⁶²
559 5730 750 5789 Matth.
777 5746 888 5798 XVI,
917 5733 984 5788 18

2084 4418 2212 4471 νίων
2243 4418 2405 4482 αὐτὸς
2428 4418 2729 4484 δεσπόζεις.

2155 4509 2244 4564 92.
2278 4511 2342 4563 Εἰ
2370 4511 2444 4581 μὴ
2474 4510 2575 4564 κᾶν
2600 4512 2696 4565 νῦν
2731 4513 2989 4585 ἠρξάμην
3029 4515 3322 4586 μανθάνειν
3362 4519 3455 4572 τὸν
3502 4522 3667 4591 νόμον

2088 4619 2203 4665 σου,
2231 4602 2345 4655 ἀλλ’
2370 4603 2581 4673 ἐμεινον
2602 4602 2775 4668 οὕτως
2794 4605 2869 4669 ὡς
2893 4606 2953 4658 τὸ
2979 4607 3263 4678 πρότερον,
3295 4611 3458 4664 παντὶ
3477 4615 3669 4684 τρόπῳ

2086 4689 2231 4764 εἶχον
2268 4693 2565 4748 ἀπολέσθαι
2595 4695 2652 4747 ὲν
2678 4698 2744 4767 τῇ
2772 4696 3015 4768 ἁμαρτίᾳ
3042 4715 3163 4767 μου.

2156 4784 2241 4837 9'5.
2278 4785 2392 4837 Οὐκ
2422 4785 2488 4838 ἂν
2514 4785 2859 4857 ὲπιλάθωμαί
2886 4804 3016 4841 ποτε
3048 4789 3159 4842 τῶν
3188 4790 3531 4863 παθημάτων
3549 4811 3665 4859 σου,

2082 4877 2163 4930 ὅτι
2191 4877 2384 4947 νεκρόν
2417 4894 2483 4948 με
2502 4877 2631 4931 ὄντα
2650 4879 2707 4933 ὲν
2738 4878 2815 4949 τῷ
2833 4880 3027 4951 αἵματί
3053 4898 3147 4935 σου
3178 4882 3446 4958 ἐζωοποίη
3475 4886 3668 4959 [ἐζωο-

2084 4966 2361 5038 ποίησας].

2155 5060 2242 5115 94δ
2291 5060 2661 5133 Ἐξηγόρισάς
2684 5079 2752 5132 με
2778 5065 2857 5135 τῷ
2880 5066 3043 5136 τιμίῳ
3070 5083 3163 5119 σου
3196 5068 3386 5138 αἵματι
3418 5070 3665 5136 τελείωςο

2091 5148 2263 5202 σῶσόν
2291 5167 2378 5220 με,
2407 5152 2509 5212 ὅτι,
2536 5151 2778 5215 ἀκούσας
2808 5153 2870 5206 τὸ
2904 5156 3167 5227 κήρυγμὰ
3200 5175 3315 5225 σου,
3344 5161 3664 5218 ἐπίστευσα.

2160 5241 2246 5295 95.
2290 5242 2420 5311 Ἐμὲ
2456 5243 2729 5316 ἐζήτησαν
2748 5248 2805 5301 αἱ
2828 5250 3064 5301 ἐναντίαι
3102 5249 3362 5321 δυνάμεις
3401 5254 3669 5311 ἀπολέσαι

2091 5333 2229 5405 ὲντῇ
2258 5334 2670 5409 εἰδωλολατρείᾳ
2691 5353 2706 5369 ·
2727 5340 2797 5392 τὰ
2832 5340 2887 5392 δὲ
2921 5341 3180 5410 λεχθέντα
3215 5347 3369 5415 παρὰ
3407 5346 3499 5399 σοῦ
3537 5349 3667 5420 περί

2091 5425 2192 5495 τῆς
2230 5426 2311 5488 είς
2348 5426 2407 5478 σὲ
2436 5427 2671 5492 πίστεως
2716 5430 2810 5483 καὶ
2840 5430 3051 5495 ἐλπίδος
3079 5431 3311 5487 ἀκοῦσαι
3344 5433 3666 5510 [ἀκούσας]

2090 5514 2310 5569 ὲπίστευ
2319 5535 2403 5571 σα.

2158 5606 2242 5661 96.
2274 5608 2460 5681 Πάσης
2479 5609 2657 5683 δόξης,
2698 5614 2793 5667 καὶ
2844 5614 3197 5681 ἀπολαύσεως
3227 5619 3494 5689 σαρκικῆς
3529 5615 3670 5679 cibo!
