3874 6222
173 272 330 334 1.195

1041 276 1129 331 DE
1166 275 1444 334 TITULIS
1478 272 1933 331 PSALMORUM.
1970 306 2039 317 —
2080 275 2279 333 PSAL.
2321 276 2555 335 CXVIII.

3290 285 3427 342 1191

244 392 342 445 97.
389 388 476 450 Ὦς
502 388 763 459 ἠγάπησα
794 388 885 442 τὸν
922 406 1083 460 νόμον
1124 407 1239 454 σου,
1281 388 1474 460 Κύριε,
1508 387 1636 458 ὃλην
1661 386 1757 457 τὴν

1932 386 2021 442 97.
2058 385 2129 440 Ut
2149 388 2310 443 dilexi
2335 389 2509 460 legem
2535 398 2706 454 tuam,
2733 388 2982 457 Domine,
3005 398 3120 448 tota
3146 396 3232 450 die
3257 412 3429 453 meai-

170 478 395 551 ἡμέραν
438 478 632 549 μελέτη
664 477 765 548 μού
798 480 963 531 ἐστιν.

244 569 338 623 98.
388 569 554 640 ’Υπὲρ
582 571 705 631 τοὺς
726 568 951 639 ἐχθρούς
981 586 1081 639 μου
1116 569 1373 637 ὲσόφισάς
1399 586 1465 639 με
1492 568 1588 639 τὴν
1615 570 1762 622 ἐντο-

170 659 276 732 λήν
310 677 434 712 σου·
470 660 550 713 ὅτι
585 661 664 721 εἰς
688 660 779 713 τὸν
813 660 984 714 αἰῶνα
1015 660 1136 730 ἐμοί
1166 662 1335 713 ἐστιν.

243 748 340 804 99.
390 749 558 820 ’Υπὲρ
605 751 813 813 πάντας
848 750 974 813 τοὺς
1014 750 1361 813 διδάσκοντάς
1409 767 1474 821 με
1529 751 1759 820 συνῆκα,

171 842 258 894 ὃτι
293 842 365 894 τά
396 841 669 913 μαρτύριά
699 860 791 895 σου
823 843 1019 912 μελέτη
1052 842 1151 912 μού
1174 844 1339 896 ἐστιν.

249 934 377 987 100,
417 934 588 1003 ’Υπὲρ
614 933 1016 1005 πρεσϐυτέρους
1046 936 1271 1004 συνῆκα,
1303 933 1383 985 ὅτι
1424 932 1523 996 τὰς
1548 930 1764 995 ἐντολάς

175 1040 273 1076 σου
312 1022 638 1093 ὲξεζήτησα.

248 1115 379 1169 101.
420 1116 513 1167 Ἐκ
543 1116 722 1186 πάσης
766 1114 886 1167 ὁδοῦ
920 1115 1160 1184 πονηρᾶς
1190 1113 1438 1167 ἐκώλυσα
1486 1116 1612 1177 τοὺς
1665 1113 1764 1167 πό-

172 1202 274 1267 δας
306 1221 433 1273 μου,
459 1205 605 1267 ὅπως
634 1204 699 1256 ἂν
722 1203 941 1271 φυλάξω
971 1205 1096 1266 τοὺς
1124 1204 1315 1271 λόγους
1346 1220 1462 1255 σου.

249 1295 378 1348 102.
429 1297 561 1349 Ἀπὸ
592 1296 699 1349 τῶν
727 1297 1009 1367 κριμάτων
1039 1313 1132 1348 σου
1153 1297 1254 1349 οὐκ
1281 1295 1551 1361 ἐξέκλινα·
1580 1296 1664 1348 ὅτι
1699 1296 1763 1349 σὺ

175 1387 582 1458 ἐνομοθέτησάς
619 1406 707 1459 με.

250 1479 382 1534 105.
434 1481 519 1545 Ὡς
570 1478 775 1549 γλυκέα
836 1480 913 1552 τῷ
944 1480 1177 1552 λάρυγγί
1217 1497 1318 1552 μου
1356 1480 1426 1535 τὰ
1453 1479 1613 1550 λόγιά
1647 1499 1760 1549 σου,

181 1569 330 1642 ὑπὲρ
360 1570 477 1641 μέλι
506 1572 583 1642 τῷ
617 1572 844 1643 στόματί
880 1590 1000 1642 μου.

250 1661 381 1715 104.
420 1661 551 1714 Ἀπὸ
607 1662 714 1715 τῶν
768 1661 995 1715 ἐντολῶν
1056 1680 1147 1715 σου
1181 1663 1410 1735 συνῆκα·
1464 1663 1556 1717 διὰ
1604 1663 1762 1717 τοῦτο

177 1753 423 1823 ἐμίσησα
452 1754 630 1805 πᾶσαν
657 1754 774 1806 ὁδὸν
816 1753 1052 1816 ἀδικίας.

248 1844 381 1898 105.
407 1844 613 1913 Λύχνος
641 1847 753 1907 τοῖς
774 1844 901 1897 ποσί
940 1861 1040 1914 μου
1066 1846 1093 1897 ὁ
1130 1844 1297 1916 νόμος
1346 1862 1462 1910 σου,
1492 1845 1587 1899 καὶ
1642 1844 1760 1914 φῶς

176 1938 300 1998 ταῖς
326 1934 535 2006 τρίϐοις
562 1952 683 2005 μου.

251 2026 378 2081 106.
426 2029 657 2098 Ὠμοσα,
699 2027 792 2081 καὶ
816 2027 1016 2099 έστησα
1050 2026 1144 2080 τοῦ
1176 2027 1514 2097 φυλάξασθαι
1548 2026 1614 2080 τά
1638 2027 1761 2098 κρί-

182 2136 332 2189 ματα
367 2119 464 2190 τῆς
495 2118 837 2189 δικαιοσύνης
862 2137 975 2173 σου.

1863 478 1993 531 tatio
2021 494 2137 532 mea
2172 488 2273 534 est.

1930 568 2016 621 98.
2052 568 2226 637 Super
2278 569 2529 623 inimicos
2562 584 2714 623 meos
2754 571 3074 640 prudentem
3112 588 3199 629 me
3243 574 3424 635 fecisti

1860 659 2114 713 mandato
2139 669 2261 713 tuo:
2284 661 2410 729 quia
2432 661 2485 713 in
2513 670 2773 713 :elernum
2804 662 2935 715 mihi
2961 672 3064 717 est.

1930 747 2199 817 99.Super
2231 765 2421 805 omnes
2458 752 2714 804 docentes
2742 766 2826 804 me
2852 752 3094 809 intellexi
3126 774 3140 810 :
3176 756 3305 824 quia
3345 768 3428 815 te-

1863 838 2117 890 stimonia
2147 849 2235 891 tua
2267 839 2546 893 meditatio
2572 855 2690 893 mea
2718 848 2825 894 est.

1935 930 2055 983 100.
2083 928 2257 1000 Super
2280 946 2437 985 senes
2465 932 2721 997 intellexi,
2746 932 2872 1002 quia
2891 936 3144 993 mandata
3170 945 3262 994 tua
3278 955 3430 1011 quae-

1865 1032 1988 1072 SIVI.

1936 1108 2058 1162 101.
2085 1109 2166 1162 Ab
2198 1110 2347 1163 omni
2370 1108 2455 1163 via
2487 1110 2629 1165 mala
2668 1113 2924 1182 prohibui
2960 1114 3125 1184 pedes
3161 1134 3331 1188 meos,
3369 1131 3429 1177 ut

1865 1200 2164 1255 custodiam
2189 1201 2353 1254 verba
2380 1211 2492 1255 tua.

1936 1293 2057 1347 102.
2084 1294 2128 1346 A
2160 1293 2382 1363 judiciis
2430 1296 2539 1351 tuis
2584 1312 2693 1351 non
2734 1297 3043 1355 declinavi:
3077 1302 3205 1372 quia
3241 1313 3299 1359 tu
3351 1306 3429 1361 le-

1865 1401 1982 1455 gem
2008 1388 2241 1455 posuisti
2274 1387 2428 1440 m'ilii.

1935 1479 2055 1531 105.
2086 1479 2258 1544 Quam
2288 1478 2465 1533 dulcia
2501 1477 2750 1536 faucibus
2784 1483 2920 1537 meis
2945 1483 3157 1553 eloquia
3186 1492 3299 1550 tua,
3333 1501 3428 1541 su-

1864 1583 1960 1638 per
1988 1569 2093 1621 mel
2124 1569 2207 1623 ori
2239 1584 2380 1623 meo.

1939 1658 2062 1711 101.
2091 1658 2132 1711 A
2178 1659 2448 1715 mandatis
2497 1662 2604 1717 tuis
2648 1663 2882 1718 intellexi
2918 1684 2929 1718 :
2962 1676 3247 1735 propterea
3284 1668 3432 1726 odivi

1792 1735 1835 1789 Β
1864 1765 2079 1805 omnem
2111 1751 2254 1804 viam
2287 1752 2611 1821 iniquitatis.

1939 1844 2060 1898 105.
2092 1842 2334 1897 Lucerna
2371 1843 2599 1912 pedibus
2632 1846 2768 1901 meis
2796 1847 3027 1903 ‘verhum
3061 1857 3241 1916 tuum,
3271 1859 3326 1905 et
3348 1850 3433 1905 lu-

1868 1951 1991 1988 men
2026 1945 2233 1988 SCIIIIUS
2261 1950 2415 1988 mets.

1942 2026 2061 2079 106.
2092 2023 2301 2090 Juravi,
2336 2032 2391 2080 et
2436 2027 2605 2082 statui
2656 2028 2929 2085 custodire
2958 2030 3162 2101 judicia
3204 2033 3431 2105 iustitia!

1872 2124 1997 2169 tute.

1331 2281 1704 2336 ATIIANASII
1739 2277 2314 2336 INTERPRETATIO.

179 2415 336 2479 τέλος
358 2433 373 2446 ο
395 2433 443 2468 ο.
480 2416 537 2469 δὲ
560 2432 658 2486 την
687 2416 918 2488 εντολήν“
940 2434 1029 2470 σου
1061 2416 1418 2487 φυλάττοντες
1472 2418 1763 2490 ἀτελευτή-

180 2524 277 2559 του
304 2507 487 2576 δὸξης,
512 2507 605 2559 καὶ
624 2507 973 2570 ἀπολαύσεως
996 2508 1292 2573 ἀξιοῦνται.

252 2598 346 2652 97.
377 2598 462 2659 Ὠς
491 2597 645 2666 μόνος
666 2598 918 2668 ἠρξάμην
940 2600 1160 2669 ἀγαπᾷν
1182 2598 1271 2652 τὸν
1287 2600 1449 2670 νόμον
1475 2616 1590 2663 σου,
1615 2601 1761 2654 ἀδιαο

181 2689 423 2752 λείπτως
445 2689 628 2743 λοιπὸν
653 2689 974 2761 φωτίζομαι,
999 2692 1091 2743 καὶ
1126 2692 1452 2762 προσκόπτω
1471 2695 1527 2745 ὲν
1551 2692 1721 2763 αὐτῷ.

252 2781 347 2836 98.
382 2779 513 2842 Ταῖς
538 2782 644 2851 γὰρ
665 2782 935 2845 ἐναντίαις
958 2782 1217 2852 δυνάμεσι
1252 2785 1344 2836 καὶ
1366 2786 1501 2837 πάσι
1531 2788 1642 2848 τοῖς
1671 2787 1760 2838 αἱ-

186 2872 426 2940 ρετικοῖς
450 2870 551 2921 ούκ
574 2870 778 2934 ἔδωκας
799 2871 1052 2942 τοιαύτην
1080 2872 1261 2943 χάριν,
1288 2873 1362 2936 ὡς
1388 2874 1533 2943 ἐμοὶ,
1558 2875 1652 2926 τοῦ
1683 2877 1760 2927 εί-

1865 2430 2023 2469 nem:
2056 2414 2427 2469 custodientes
2485 2420 2664 2469 autem
2715 2417 3033 2472 mandatum
3088 2428 3239 2474 tuum
3284 2421 3431 2491 digni

1858 2502 1984 2559 facti
2015 2513 2143 2559 sunt
2170 2506 2459 2559 intermina
2485 2506 2676 2575 gloria,
2715 2516 2767 2560 et
2798 2509 3095 2578 voluptate.

1930 2595 2018 2649 97.
2053 2594 2120 2649 Ut
2151 2595 2325 2649 solum
2371 2596 2509 2663 coepi
2544 2596 2764 2665 diligere
2808 2598 2975 2669 legem
3013 2612 3193 2668 tuam,
3228 2602 3430 2660 indesi-

1859 2697 2053 2744 nenter
2085 2699 2269 2758 postea
2307 2688 2608 2754 illuminor,
2640 2698 2694 2743 et
2720 2690 2944 2757 proficio
2967 2691 3021 2745 in
3046 2694 3188 2763 ipsa.

1930 2777 2018 2832 98.
2055 2777 2189 2832 Nam
2219 2778 2507 2831 contrariis
2536 2781 2916 2847 potestatibus,
2946 2790 3002 2835 et
3027 2783 3283 2840 omnibus
3315 2785 3427 2839 ha-

1856 2871 2042 2925 reticis
2069 2886 2174 2924 non
2203 2870 2397 2923 dedisti
2432 2870 2596 2923 talem
2624 2871 2875 2940 gratiam,
2905 2871 3048 2927 sicut
3073 2874 3228 2942 mihi,
3253 2884 3314 2930 ut
3340 2876 3427 2931 in-

182 2964 334 3019 δὲναι
358 2964 456 3027 τάς
476 2963 692 3027 ἐντολάς
720 2981 834 3029 σου,
862 2965 941 3018 ὅτι
967 2965 1090 3034 ἐμοὶ
1122 2963 1478 3027 ἀδιαλείπτως
1501 2965 1761 3037 ἐδωρήσω

1918 2963 2151 3032 Iligerem
2178 2962 2429 3015 mandata
2458 2970 2569 3025 tua,
2601 2962 2861 3032 quoniam
2890 2965 3023 3017 mihi
3048 2966 3420 3023 indesinenter

183 3057 283 3129 τὴν
316 3056 479 3127 χάριν
512 3057 701 3127 αὑτήν.

255 3149 346 3203 99.
396 3148 565 3218 Ὑπὲρ
591 3150 714 3211 τοὺς
752 3145 1135 3217 παλαιοτέρους
1165 3164 1264 3216 μου
1303 3148 1369 3217 τῇ
1406 3146 1593 3218 ἡλικίᾳ
1622 3148 1765 3215 ἐφω-

184 3238 379 3308 τίσθην
399 3237 468 3290 τὰ
496 3236 651 3304 λόγιά
681 3254 794 3301 σου,
836 3237 917 3288 ὅτι
941 3234 1133 3297 νυκτὸς
1180 3235 1272 3286 καὶ
1314 3235 1528 3305 ἡμέρας
1558 3237 1615 3287 ὲν
1665 3236 1765 3288 αὐ-

185 3334 297 3394 τοῖς
336 3329 567 3400 μελετῶ.

258 3423 386 3477 100.
419 3421 588 3490 ’Υπὲρ
617 3420 742 3481 τοὺς
768 3418 875 3489 πρὸ
903 3415 1036 3487 ἐμοῦ
1057 3416 1215 3480 ὄντας
1236 3418 1301 3485 τῇ
1332 3414 1527 3485 γνώσει
1558 3415 1767 3485 συνῆκα

185 3513 283 3585 τὴν
351 3512 583 3582 δύναμιν
640 3511 748 3564 τῶν
804 3509 1056 3581 Γραφῶν,
1119 3509 1200 3561 ὅτι
1246 3508 1344 3570 τὰς
1396 3507 1616 3569 ἐντολάς
1672 3524 1765 3560 σου

191 3605 457 3674 ὲπόθησα.

258 3698 385 3753 101.
426 3695 558 3747 Ἀπὸ
589 3694 769 3763 πάσης
816 3691 1086 3762 ἁμαρτίας
1134 3690 1375 3760 πονηρᾶς
1420 3687 1765 3757 ἐπαυσάμην,

186 3786 336 3849 ὅπως
379 3784 650 3855 πληρώσω
682 3786 762 3845 εἰς
794 3783 855 3835 σὲ
901 3783 994 3835 καὶ
1027 3781 1117 3833 τὸν
1176 3780 1403 3851 πλησίον
1430 3779 1673 3848 ἀγάπην.

259 3877 384 3932 102.
431 3878 517 3927 Ἐν
546 3877 657 3937 τοῖς
697 3873 1076 3943 προστάγμασί
1103 3889 1197 3924 σου
1244 3871 1471 3938 πλαγεὶς
1493 3871 1595 3923 οὐκ
1637 3872 1766 3922 ἐπο-

191 3967 381 4039 ρεύθη,
408 3968 490 4019 ὄτι
516 3968 579 4019 σὺ
615 3965 713 4034 τῆς
740 3965 958 4035 χάριτός
990 3981 1083 4017 σου
1112 3962 1460 4035 [ἐπορεύθην,
1494 3962 1577 4015 ὅτι
1603 3962 1666 4014 σὺ
1698 3963 1763 4030 τῇ

189 4060 371 4130 χάριτί
404 4058 523 4131 σου]
549 4058 833 4128 ὀδηγήσεις
863 4074 951 4127 με.

259 4152 385 4207 105.
415 4151 488 4203 Τὸ
516 4150 613 4221 μὲν
640 4148 852 4220 πρῶτον
914 4147 1080 4200 ἰδικὸν
1107 4145 1264 4200 τοῦτό
1302 4147 1439 4210 ἐστι,
1490 4146 1571 4198 ὄτι
1626 4146 1764 4217 ὑπὲρ

187 4244 251 4297 τὸ
284 4245 407 4315 μέλι
428 4241 736 4312 γλυκύτερά
756 4244 859 4293 εἰσι
888 4241 954 4293 τὰ
983 4238 1137 4307 λόγιά
1162 4255 1276 4291 σου*
1310 4240 1485 4291 ἐκεῖνο
1509 4238 1615 4309 γὰρ
1640 4237 1762 4291 οὔτε

1789 3068 1831 3126 C
1863 3054 2077 3109 donasti
2106 3069 2223 3107 eam
2253 3053 2503 3123 gratiam.

1939 3146 2027 3201 99.
2073 3144 2245 3213 Super
2277 3160 2467 3199 omnes
2509 3145 2750 3201 seniores
2794 3161 2882 3201 me
2927 3148 3269 3206 illuminatus
3304 3168 3426 3207 sum

1866 3238 1921 3292 in
1944 3238 2173 3307 eloquiis
2204 3237 2331 3303 tuis,
2363 3237 2623 3306 quoniam
2652 3245 2812 3292 nocte
2847 3252 2912 3292 ac
2947 3239 3035 3294 die
3066 3240 3119 3294 in
3152 3241 3283 3311 ipsis
3315 3258 3432 3298 me-

1867 3328 2030 3381 (litor.

3200 3387 3221 3408 Ι

1940 3418 2061 3472 100.
2098 3417 2271 3487 Super
2312 3432 2523 3481 omnes,
2551 3418 2645 3487 qui
2684 3418 3076 3475 antecedebant
3118 3435 3202 3476 me
3244 3423 3433 3494 cogni-

1868 3510 2035 3573 tione,
2091 3510 2329 3564 intellexi
2379 3511 2637 3564 virtutem
2674 3510 3107 3580 Scripturarum,
3167 3518 3431 3585 quoniam

1868 3601 2119 3655 mandata
2143 3610 2231 3653 tua
2271 3600 2595 3655 desideravi.

1936 3692 2057 3746 101.
2092 3692 2174 3745 Ab
2206 3693 2353 3745 omni
2382 3705 2549 3760 pravo
2602 3700 2824 3761 peccato
2855 3695 3085 3763 cessavi,
3131 3704 3193 3751 ut
3218 3711 3343 3768 erga
3380 3706 3434 3753 te

1867 3790 1921 3835 et
1955 3782 2261 3850 proximum
2286 3782 2606 3835 charitatem
2635 3784 2934 3851 implerem.

1942 3872 2063 3926 102.
2090 3872 2145 3925 In
2170 3877 2451 3944 praeceptis
2479 3875 2586 3928 tuis
2610 3876 2831 3930 territus
2857 3876 3152 3945 ambulavi,
3169 3879 3429 3949 quoniam

1868 3972 1923 4017 tu
1951 3966 2182 4021 deduces
2215 3982 2301 4020 me
2330 3967 2501 4036 gratia
2527 3976 2639 4020 tua.

1939 4138 2059 4192 105.
2098 4138 2311 4193 Primus
2358 4140 2575 4208 quidem
2624 4138 2880 4207 pr0prius
2938 4153 3133 4196 sensus
3188 4140 3277 4198 hic
3324 4151 3431 4209 est,

1865 4232 2008 4300 quod
2032 4232 2189 4285 melle
2220 4231 2461 4285 dulciora
2500 4240 2628 4285 sunt
2665 4231 2883 4300 eloquia
2914 4240 3005 4286 tua
3041 4250 3056 4298 ;
3104 4233 3236 4289 illud
3284 4237 3431 4291 enim

190 4338 267 4400 εἰς
294 4337 396 4405 τὴν
455 4332 681 4403 καρδίαν
723 4349 821 4402 μου
857 4331 1191 4399 εἰσέρχονται
1240 4327 1615 4398 [εἰσέρχεται],
1668 4328 1760 4379 καὶ

1919 4339 2042 4393 :que
2077 4324 2132 4377 in
2163 4338 2258 4377 cor
2279 4339 2459 4376 meum
2488 4323 2807 4393 ingreditur,
2857 4333 2909 4378 et
2947 4333 3234 4394 postquam
3274 4342 3432 4382 acce-

193 4430 330 4499 μετά
351 4403 534 4481 λαϐεῖν
566 4425 716 4488 αὐτὸ,
739 4423 943 4484 εὐθέως
964 4424 995 4491 ἡ
1020 4419 1291 4489 γλυκύτης
1313 4418 1476 4473 αὑτοῦ
1506 4419 1754 4471 παύεται’

1925 4432 2015 4469 um
2058 4425 2158 4479 est,
2188 4416 2367 4469 statim
2401 4424 2578 4469 cessat
2615 4414 2734 4482 ejus
2769 4414 2997 4469 dulcedo
3032 4431 3047 4480 ;
3081 4416 3193 4470 haec
3224 4426 3428 4477 autem.

187 4519 359 4572 ταῦτα
380 4520 437 4571 δὲ
468 4517 790 4587 διαμένοντα
818 4516 897 4576 εἰς
916 4514 1012 4581 τὴν
1046 4511 1273 4583 καρδίαν
1309 4527 1409 4579 μου
1438 4509 1765 4573 πλεονάζου-

1862 4522 1986 4561 cum
2012 4515 2360 4575 perseverant
2388 4506 2440 4557 iu
2464 4505 2627 4559 corde
2653 4519 2796 4571 meo,
2827 4514 3026 4576 augent
3074 4505 3128 4558 in
3160 4521 3247 4559 me
3272 4522 3429 4561 suam
3468 4501 3473 4505 ’

194 4627 275 4664 σιν
298 4613 380 4672 είς
405 4610 501 4680 ἐμὲ
530 4608 625 4679 τὴν
657 4605 967 4674 γλυκύτητα
1001 4602 1195 4655 αὐτῶνσ
1228 4602 1289 4655 τὸ
1316 4602 1371 4654 δὲ
1394 4601 1761 4674 ἀλληγορῆσαι

1918 4600 2199 4653 ilcedinem
2230 4617 2242 4651 :
2281 4598 2569 4667 allegorice
2604 4607 2783 4649 autem
2829 4596 2933 4650 hoc
2964 4596 3251 4666 signiﬁcat,
3280 4600 3429 4668 quod

189 4704 346 4757 τὸῦτό
374 4705 540 4767 ἐστιν,
569 4702 703 4770 ὅπερ
742 4699 881 4767 ὑπὲρ
912 4698 1089 4749 πᾶσαν
1122 4694 1357 4765 ὴδύτητα
1409 4693 1501 4745 τοῦ
1558 4693 1760 4762 κόσμου

1918 4692 2075 4761 oquia
2119 4701 2211 4744 tua
2243 4691 2486 4745 dulciora
2532 4699 2658 4744 sunt
2701 4687 2851 4741 omni
2897 4688 3085 4742 mundi
3121 4690 3425 4754 dulcedine,

191 4794 498 4865 γλυκύτερα
530 4791 726 4845 εἰσιτά
771 4788 928 4858 λόγιά
970 4805 1083 4850 σου,
1112 4788 1193 4840 ὃτι
1236 4787 1333 4855 τῆς
1376 4784 1594 4839 αἰωνίου
1626 4786 1761 4839 ἀπο-

190 4884 431 4947 λαύσεως
471 4884 650 4954 ἔχουσι
675 4882 773 4953 τὴν
806 4879 1151 4949 προσδοκίαν.

258 4977 381 5032 101».
424 4976 556 5028 Ἀπὸ
604 4974 711 5027 τῶν
734 4970 1111 5042 δικαιωμάτων
1136 4984 1229 5021 σου
1264 4965 1643 5038 συνεπείσθην·
1672 4966 1761 5020 διὰ

190 5067 346 5120 τοῦτο
371 5064 725 5136 ἀπεστράφην
751 5063 931 5115 πᾶσαν
957 5057 1256 5130 ἁμαρτίαν.

259 5158 383 5213 105.
410 5159 575 5210 Ὅταν
615 5155 802 5217 σκότος
828 5152 1031 5224 ἐπέλθῃ
1058 5166 1147 5221 μοι
1177 5149 1275 5218 τῆς
1308 5146 1604 5217 ἁμαρτίας,
1634 5145 1761 5214 φαί-

1863 4784 2121 4853 quoniam
2146 4782 2601 4852 exspectationem
2638 4780 2838 4835 habent
2870 4789 3085 4834 aaternaa
3112 4781 3424 4849 voluptatis.

1934 4952 2056 5024 104.
2103 4953 2148 5007 Α
2188 4952 2675 5021 justilicatiouibus
2711 4952 2817 5007 tuis
2846 4951 3070 5007 edoctus
3105 4969 3250 5019 sum,
3294 4968 3421 5024 pro-

1862 5053 2044 5113 pterea
2073 5043 2417 5097 abominatus
2438 5057 2558 5095 sum
2589 5057 2748 5096 omne
2772 5052 3073 5113 peccatum.

1933 5136 2057 5191 105.
2092 5135 2228 5190 Cum
2245 5135 2448 5203 peccati
2474 5134 2708 5187 tenebrae
2730 5134 2992 5202 ingruunt
3014 5133 3169 5198 mihi,
3202 5144 3427 5203 apparet

193 5268 272 5306 νει
300 5269 389 5323 μοι
427 5250 597 5321 όνομά
630 5265 745 5311 σου,
794 5246 867 5317 μὴ
908 5222 1208 5316 προσκόψαι
1236 5237 1643 5310 [προσκόψαντά
1668 5235 1758 5307 με]

1923 5227 1994 5280 ibi
2028 5241 2224 5280 nomen
2261 5235 2435 5287 tuum,
2477 5239 2545 5278 ue
2580 5222 2858 5277 oﬂ‘eudens
2895 5222 2949 5275 in
2996 5231 3301 5291 peccatum,
3332 5238 3425 5278 ca-

191 5346 258 5415 τῇ
300 5313 556 5413 ’ἁμαρτία
598 5313 806 5401 πεσεῖν,
931 5313 1205 5405 πληγῆναι
1252 5330 1333 5383 ἔτι
1366 5330 1468 5400 τῆς
1521 5329 1758 5393 διανοίας

1918 5334 2010 5382 tm,
2044 5327 2138 5371 aut
2165 5316 2327 5370 etiam
2356 5325 2535 5370 mente
2574 5328 2694 5368 mea
2745 5313 3039 5383 percutiar,
3072 5322 3127 5367 et
3152 5313 3428 5368 illuminat

196 5452 295 5503 μου
329 5434 417 5507 [τῇ
442 5433 649 5502 διανοίᾳ
671 5428 819 5502 μου],
848 5429 942 5481 καὶ
960 5423 1179 5495 φωτίζει
1240 5439 1330 5493 με,
1379 5422 1432 5475 τί
1455 5422 1684 5491 ποιήσω.

264 5529 385 5585 106.
429 5529 487 5581 Ὁ
514 5528 673 5597 ὅρκος
702 5524 883 5585 πίστις
944 5518 1083 5574 ὲστί·
1116 5515 1410 5579 πιστεύσας
1448 5510 1540 5569 οὖν
1570 5516 1650 5577 εἰς
1677 5514 1757 5581 σὲ,

1862 5427 1968 5474 me,
1997 5409 2127 5478 quid
2168 5407 2383 5461 faciam.

1936 5501 2055 5556 106.
2098 5500 2478 5554 Juramentum
2533 5494 2666 5553 ﬁdes
2708 5503 2842 5550 est-z
2884 5492 3111 5547 credens
3158 5491 3323 5563 igitur
3368 5491 3423 5545 in

196 5621 447 5694 ἰστήριξα
468 5585 566 5691 τὴν
593 5585 816 5690 καρδίαν
848 5632 971 5687 μου,
1008 5612 1102 5666 τοῦ
1132 5610 1414 5685 πληρῶσαι
1455 5610 1517 5664 τὸ
1548 5607 1761 5677 θέλημα

1918 5638 1933 5660 ,
1969 5592 2254 5647 obtirmavi
2302 5605 2397 5647 cor
2440 5604 2643 5644 meum.
2694 5596 2753 5644 ut
2797 5586 3050 5655 impleam
3093 5585 3427 5639 voluntatem

201 5711 636 5786 τῆςάγαθότητός
663 5726 775 5761 σου.

511 5806 793 5889 ,Ριτιιοιη
827 5802 943 5863 Gn.
977 5796 1239 5861 XXVII.

1862 5686 2121 5744 bouitatis
2148 5693 2273 5738 tuae.

3069 5769 3147 5831 38
