3874 6222
233 305 370 361 1197

1077 303 1164 359 DE
1206 303 1488 359 TlTULlS
1526 302 1971 358 PSALMORUM.
2011 336 2080 346 —
2117 305 2316 364 PSAL.
2355 307 2586 366 CXVIII.

3341 317 3476 372 1198

305 415 424 470 118.
484 413 872 478 Ἐξουδένωσας
919 413 1122 477 πάντας
1178 417 1304 478 τοὺς
1375 416 1808 480 ἀποπατοῦντας

1981 419 2105 476 118.
2138 419 2397 490 Sprevisti
2427 439 2618 479 omnes
2644 424 2981 483 discedentes
3015 443 3043 482 a
3063 428 3287 499 judiciis
3320 435 3429 487 tuis
3459 453 3471 487 :

228 507 338 560 ἀπὸ
359 506 467 559 τῶν
490 507 872 576 δικαιωμάτων
925 523 1016 558 σου
1036 523 1048 536 ο
1103 508 1184 559 ὅτι
1217 508 1399 561 ἄδικον
1432 509 1490 562 τὸ
1520 508 1809 580 ἐνθύμημα

226 598 431 652 αὐτῶν.

303 689 427 742 119.
498 687 939 760 Παραϐαίνοντας
999 689 1330 762 ἐλογισάμην
1403 693 1612 755 πάντας
1684 691 1812 755 τοὺς

229 779 588 852 ἁμαρτωλοὺς
621 785 719 852 τῆς
746 781 870 852 γῆς’
906 780 994 834 διὰ
1043 783 1199 835 τοῦτο
1254 784 1517 854 ἠγάπησα
1563 784 1631 836 τὰ
1660 801 1809 854 μαρ-

226 870 394 942 τύριά
429 889 542 926 σου.

302 953 428 1018 120.
455 963 775 1034 Καθήλωσον
799 965 862 1016 ὲκ
881 963 971 1016 τοῦ
1003 964 1168 1032 φόϐου
1199 982 1289 1018 σου
1321 965 1422 1030 τὰς
1453 967 1659 1038 σάρκας
1681 981 1806 1034 μου·

225 1055 338 1109 ἀπὸ
370 1055 477 1127 γὰρ
506 1056 612 1107 τῶν
643 1057 923 1126 κριμάτων
957 1075 1048 1110 σου
1087 1057 1380 1128 ἐφοϐήθην.

303 1143 428 1196 121.
468 1144 724 1214 Ἑποίησα
753 1149 925 1216 κρῖμα
975 1148 1067 1199 καὶ
1113 1147 1475 1219 δικαιοσύνην·
1531 1150 1606 1222 μὴ
1637 1170 1810 1224 παρα-

223 1234 334 1306 δῷς
368 1254 434 1306 με
462 1240 572 1298 τοῖς
599 1237 841 1290 ἀδικοῦσί
868 1256 955 1308 με.

305 1325 424 1379 122.
461 1327 712 1392 Ἔκδεξαι
744 1327 833 1381 τὸν
858 1329 1041 1382 δοῦλόν
1071 1346 1164 1382 σου
1215 1333 1295 1395 εἰς
1341 1333 1565 1401 ἀγαθόν·
1601 1335 1676 1405 μὴ
1714 1352 1807 1388 συ-

224 1418 724 1489 κοφαντησάτωσάν
767 1437 833 1488 με
857 1421 1214 1491 ὑπερήφανοι.

302 1507 424 1561 125.
470 1511 531 1562 Oi
573 1510 840 1580 ὀφθαλμοί
891 1529 991 1581 μου
1043 1511 1286 1576 ἐξέλιπον
1311 1515 1404 1578 fel;
1440 1515 1503 1568 τὸ
1544 1517 1808 1587 σωτήριόν

228 1616 352 1663 σου,
377 1600 469 1652 καὶ
499 1602 578 1663 εἰς
609 1602 669 1653 τὸ
693 1601 871 1669 λόγιον
896 1603 995 1672 τῆς
1023 1603 1369 1676 δικαιοσύνης
1401 1623 1516 1660 σου.

302 1691 428 1745 121.
457 1693 687 1764 Ποίησον
734 1694 871 1764 μετὰ
907 1694 999 1747 τοῦ
1044 1695 1228 1748 δούλου
1265 1714 1357 1749 σου
1401 1697 1542 1751 κατὰ
1565 1698 1624 1751 τὸ
1657 1698 1804 1764 ἔλεός

230 1801 348 1849 σου,
378 1784 472 1837 καὶ
499 1786 566 1837 τὰ
597 1785 938 1856 δικαιώματά
974 1804 1063 1840 σου
1090 1788 1294 1854 δίδαξὸν
1329 1806 1415 1860 με.

302 1875 426 1928 125.
459 1876 652 1939 Δοῦλός
683 1877 773 1930 σού
802 1881 915 1948 εἰμι
941 1878 1074 1948 ἐγὼ,
1113 1882 1390 1934 συνέτισόν
1411 1899 1500 1952 με,
1534 1883 1627 1937 καὶ
1661 1883 1802 1952 γνώ-

228 1982 396 2034 σομαι
424 1965 490 2018 τὰ
518 1967 793 2038 μαρτύριά
821 1985 938 2023 σου.

303 2057 423 2110 126.
453 2058 658 2128 Καιρὸς
698 2057 791 2110 τοῦ
831 2059 1051 2129 ποιῆσαι
1085 2059 1162 2132 τῷ
1207 2061 1396 2133 Κυρίῳ
1417 2081 1429 2092 ο
1454 2063 1799 2117 διεσκέδασαν

224 2147 320 2200 τὸν
351 2149 512 2217 νόμον
552 2165 666 2201 σου.

302 2240 424 2294 127.
470 2242 566 2294 Διὰ
608 2241 764 2295 τοῦτο
811 2243 1076 2315 ἠγάπησα
1101 2245 1201 2308 τὰς
1251 2247 1466 2308 ἐντολάς
1511 2265 1603 2301 σου
1667 2250 1804 2320 ὒπὲρ

225 2332 472 2401 χρυσίον,
494 2334 586 2386 καὶ
611 2333 887 2396 τοπάζιον.

1911 511 2037 579 quia
2063 512 2266 581 injusta
2289 517 2545 584 cogitatio
2569 531 2784 575 eorum.

1984 690 2103 745 119.
2143 690 2566 749 Praevaricantes
2608 697 2854 764 reputavi
2916 712 3106 754 omnes
3163 710 3475 769 peccatores

1912 789 2068 836 terra:
2097 801 2108 836 :
2141 782 2260 837 ideo
2285 785 2447 840 dilexi
2481 785 2790 841 testimonia
2823 797 2935 843 tua.

1983 959 2102 1014 120.
2129 959 2348 1032 Conﬁge
2385 963 2580 1019 timore
2610 973 2706 1021 tuo
2732 981 2926 1022 carnes
2964 981 3114 1022 meas
3147 985 3160 1021 :
3194 983 3222 1022 a
3247 968 3474 1034 judiciis

1909 1053 2050 1108 enim
2081 1054 2186 1108 tuis
2215 1056 2390 1110 timui.

1979 1145 2101 1199 121.
2140 1144 2264 1199 Feci
2299 1146 2566 1213 judicium
2599 1156 2652 1202 et
2682 1147 2952 1215 justitiam
2980 1167 2994 1204 :
3023 1165 3133 1204 non
3169 1150 3352 1207 tradas
3386 1166 3474 1206 me

1909 1237 2370 1292 calumniantibus
2395 1253 2502 1292 me.

1981 1329 2102 1383 122.
2123 1329 2347 1399 Suscipe
2374 1345 2589 1384 servum
2617 1336 2770 1384 tuum
2794 1331 2848 1384 in
2870 1331 3072 1386 bonum
3100 1350 3240 1390 :non
3273 1335 3474 1391 calum-

1907 1420 2127 1474 nientur
2158 1436 2243 1473 me
2290 1421 2532 1490 superbi.

1979 1502 2098 1565 125.
2123 1510 2275 1565 Oculi
2310 1512 2414 1565 mei
2446 1510 2757 1566 defecerunt
2788 1513 2842 1566 in
2873 1513 3113 1568 salutare
3173 1523 3349 1580 tuum,
3413 1525 3469 1570 et

1907 1602 1961 1656 in
1991 1603 2267 1671 eloquium
2295 1603 2519 1671 justitia:
2547 1610 2672 1657 tum.

1977 1693 2099 1748 124.
2124 1692 2232 1748 Fac
2248 1710 2370 1747 cum
2400 1709 2557 1748 servo
2592 1704 2686 1748 tuo
2716 1695 3012 1749 secundum
3039 1695 3469 1752 misericordiam

1835 1771 1875 1826 Β
1905 1793 2074 1847 tuam,
2099 1793 2153 1838 et
2180 1785 2597 1853 justilicationes
2627 1793 2746 1840 tuas
2769 1787 2902 1840 doce
2929 1801 3035 1840 me.

1975 1874 2097 1927 125.
2127 1872 2325 1928 Servus
2353 1883 2478 1928 tuus
2508 1890 2628 1927 sum
2673 1889 2792 1944 ego,
2826 1875 2893 1929 da
2943 1875 3077 1928 mihi
3117 1875 3468 1941 intellectum,

1902 1979 1955 2022 et
1983 1970 2150 2022 sciam
2181 1967 2488 2022 testimonia
2521 1976 2632 2021 tua.

1974 2061 2096 2114 126.
2153 2060 2391 2131 Tempus
2446 2061 2678 2116 faciendi
2743 2060 3010 2117 Domino:
3067 2063 3471 2134 dissipaverunt

1901 2154 2070 2222 legem
2100 2163 2269 2208 tuam.

1972 2243 2094 2296 127.
2129 2243 2253 2298 Ideo
2302 2242 2466 2299 dilexi
2515 2243 2770 2300 mandata
2805 2253 2899 2300 tua
2951 2260 3114 2316 super
3150 2261 3364 2312 aurum,
3412 2258 3468 2303 et

1902 2335 2173 2404 topazion.

1364 2471 1737 2528 ATHANASII
1766 2465 2344 2524 INTERPRETATIO.

225 2631 325 2686 rat
350 2628 779 2701 φυλαχθησομαι,
810 2631 900 2683 καὶ
932 2632 1149 2702 εἰρήνης
1197 2629 1363 2703 οὔσης
1396 2633 1452 2684 ἐν
1482 2633 1625 2701 ἐμοὶ,
1654 2631 1805 2684 οὔδε-

1905 2631 2046 2693 diar,
2071 2638 2268 2683 etcum
2305 2643 2411 2698 pax
2449 2629 2553 2684 erit
2580 2629 2634 2682 in
2680 2643 2788 2692 me,
2827 2629 2974 2684 nulla
3021 2629 3126 2684 alia
3165 2630 3298 2684 mihi
3331 2646 3465 2686 cura

230 2725 332 2794 μία
365 2741 451 2793 μοι
478 2725 610 2794 ἂχλη
639 2722 819 2794 [άλλη]
855 2723 1004 2775 ἔσται
1027 2723 1265 2794 φροντὶς,
1295 2723 1327 2792 ἢ
1369 2723 1443 2794 μὴ
1494 2723 1587 2775 τοῦ
1635 2725 1807 2774 ποιεῖν

1943 2723 2028 2786 rit,
2053 2719 2157 2776 nisi
2181 2720 2359 2776 facere
2382 2721 2711 2776 voluntatem
2745 2730 2893 2776 tuam
2918 2737 3148 2790 semper.

224 2815 293 2868 τὸ
317 2814 527 2885 Θέλημά
561 2831 653 2866 σου
675 2813 979 2876 διαπαντός.

302 2906 424 2959 118.
460 2907 579 2958 Ὅτι
607 2907 656 2956 οἱ
694 2906 789 2975 μὲν
844 2906 1166 2956 ἐπίστευσαν
1203 2900 1342 2957 εἷναί
1393 2920 1452 2956 σε
1497 2903 1648 2966 Θεὸν,
1672 2905 1719 2956 οί
1749 2903 1805 2955 δὲ

1975 2891 2096 2946 118.
2128 2891 2398 2958 Quoniam
2442 2891 2534 2947 alii
2571 2893 2788 2962 quidem
2821 2895 3165 2949 crediderunt
3208 2905 3261 2950 te
3295 2897 3464 2952 Deum

225 3000 295 3068 τῇ
340 2997 611 3068 ἀσελγείᾳ,
649 2997 741 3049 καὶ
768 3000 832 3068 τῇ
860 2995 1159 3067 πλεονεξία,
1186 2996 1279 3049 καὶ
1326 2998 1436 3058 τοῖς
1469 2995 1674 3056 λοιποῖς
1715 2993 1803 3057 ea-

1943 3001 2046 3052 sse,
2073 2987 2160 3040 alii
2189 2996 2369 3040 autem
2403 2987 2640 3041 lascivia:
2661 2995 2716 3041 et
2757 2988 3019 3052 avaritiae,
3047 3000 3100 3043 et
3128 2989 3354 3059 reliquis
3385 2991 3468 3044 vi-

226 3087 438 3141 ἐδωκαν
470 3085 713 3150 ἑαυτούς.

299 3177 421 3231 119.
461 3177 839 3246 Ἐλογισάμην,
893 3176 974 3230 ὅτι
1024 3174 1386 3246 ἀπολλύμενοι
1445 3177 1550 3228 εἰσι
1604 3175 1802 3238 πάντες

1908 3079 1996 3133 tiis
2019 3095 2076 3134 se
2104 3080 2248 3148 ipsos
2271 3079 2607 3134 tradiderunt

1976 3173 2096 3229 119.
2120 3173 2384 3242 Cogitavi,
2433 3172 2581 3242 quod
2635 3172 2830 3241 perditi
2881 3183 3010 3228 sunt
3069 3190 3258 3230 omnes
3289 3215 3305 3240 ,
3370 3177 3464 3246 qui

222 3269 275 3320 οἱ
305 3271 371 3338 τῇ
394 3268 648 3338 ἀσελγείᾳ
675 3267 1075 3337 κεκολλημένοι·
1103 3267 1192 3320 διὰ
1218 3267 1374 3320 τοῦτο
1401 3266 1550 3318 ποθῶ
1578 3267 1645 3318 τὰ
1671 3283 1806 3336 μαρ-

1943 3262 2180 3317 dhaerent
2210 3263 2440 3327 libidini,
2479 3262 2600 3316 ideo
2636 3279 2760 3318 amo
2813 3265 3126 3320 testimonia
3173 3275 3289 3332 tua,
3329 3281 3468 3337 quo-

223 3359 388 3428 τύριά
421 3375 532 3412 σουο
563 3360 645 3411 ὅτι
670 3357 784 3430 ζωὴ
809 3357 1022 3420 αἰώνιός
1047 3359 1207 3412 εἰσιν.

299 3451 422 3505 120.
459 3449 769 3522 Πεπηγὲναι
801 3451 1026 3520 ποίησον
1059 3450 1351 3504 ἀσάλευτον
1384 3451 1441 3502 ἐν
1474 3453 1586 3513 τοῖς
1618 3449 1801 3520 μέλεσι

227 3558 329 3612 μου
359 3541 452 3594 τὸν
495 3541 656 3610 φόϐον
705 3558 820 3605 σου,
866 3543 953 3595 ἵνα
1007 3543 1410 3613 νενεκρωμένος
1465 3542 1695 3611 ὑπάρχω
1734 3544 1799 3609 τῇ

225 3631 490 3703 ἁμαρτίαο
521 3633 727 3702 ἥκουσα
750 3633 858 3702 γὰρ
902 3633 1030 3704 περὶ
1061 3634 1168 3687 τῶν
1225 3634 1455 3687 αἰωνίων
1507 3633 1797 3697 κολάσεων,

223 3726 319 3778 καὶ
341 3723 632 3794 ἐφοϐήθην.

295 3816 419 3870 121.
482 3817 806 3870 Ἐπίστευσα
859 3815 1041 3880 καθὼς
1110 3816 1356 3870 ὲνετείλω
1425 3832 1538 3885 μοι,
1594 3816 1688 3867 καὶ
1740 3814 1801 3866 τὸ

223 3907 438 3978 θέλημά
469 3925 562 3960 σου
593 3909 771 3978 πεπλή
782 3925 948 3977 ρωκαο
973 3908 1048 3979 μὴ
1067 3909 1425 3980 συγχωρήσῃς
1445 3905 1799 3976 κυριευθῆναι

224 4016 293 4070 με
320 3999 426 4052 ὑπὸ
453 3999 558 4052 τῶν
581 4002 834 4054 ἐναντίων
858 4000 1158 4070 δυνάμεων.

293 4089 416 4143 122.
479 4090 916 4161 Μακροθύμησον
956 4093 1034 4153 εἰς
1077 4090 1174 4160 τὴν
1233 4091 1518 4159 μετάνοιάν
1566 4105 1688 4160 μου,
1723 4089 1796 4160 μὴ

221 4180 456 4251 εὕρωσιν
487 4182 543 4233 αἱ
577 4182 811 4234 ἐναντίαι
845 4181 1099 4252 δυνάμεις
1127 4181 1379 4252 ἀφορμήν
1420 4197 1540 4232 τινα
1566 4197 1798 4250 κατηγο-

225 4271 435 4344 ρεῖσθαί
463 4289 529 4342 με
550 4273 684 4342 πρὸς
715 4272 792 4327 σέ.

1904 3357 2050 3409 niam
2084 3364 2210 3409 sunt
2240 3357 2344 3410 vita
2374 3367 2596 3410 aeterna.

1977 3445 2099 3500 120.
2129 3445 2236 3500 Fac
2279 3454 2338 3500 ut
2373 3446 2667 3500 immobilis
2703 3449 3007 3515 conligatur
3045 3449 3208 3503 timor
3245 3457 3374 3506 tuus
3409 3450 3467 3504 in

1904 3537 2162 3590 membris
2210 3536 2367 3600 meis,
2419 3545 2478 3589 ut
2524 3545 2768 3590 mortuus
2821 3538 2924 3592 sim
2981 3551 3222 3606 peccato,
3282 3541 3466 3596 audivi

1903 3628 2046 3681 enim
2075 3628 2140 3681 de
2166 3628 2381 3681 aeternis
2410 3627 2709 3696 suppliciis,
2739 3636 2794 3682 et
2829 3628 3006 3683 timui.

1973 3800 2093 3853 121.
2129 3799 2340 3854 Credidi
2367 3799 2830 3868 quomadmodum
2869 3801 3003 3854 mihi
3044 3805 3371 3872 praecepisti,
3406 3815 3464 3860 et

1900 3890 2230 3944 voluntatem
2280 3899 2424 3941 tuam
2455 3889 2668 3957 implevi
2703 3903 2809 3953 ;ne
2862 3890 3164 3958 permittas,
3203 3900 3264 3943 ut
3290 3890 3346 3944 in
3376 3907 3464 3945 me

1900 3982 2247 4036 dominentur
2273 3981 2559 4034 contrariae
2588 3989 2904 4049 potestates.

1967 4073 2089 4126 122.
2132 4073 2402 4128 Patienter
2428 4089 2514 4128 me
2549 4085 2804 4144 exspecta
2846 4075 2912 4130 ad
2954 4077 3350 4144 paenitentiam,
3387 4093 3458 4133 ne

1899 4164 2222 4219 adversarize
2266 4173 2561 4233 potestates
2624 4180 2847 4222 causam
2893 4168 3129 4237 aliquam
3182 4169 3462 4224 inveniant

1900 4257 2188 4310 accusandi
2217 4273 2302 4311 me
2336 4257 2478 4326 apud
2505 4265 2577 4310 te.

295 4364 418 4419 125.
451 4367 606 4426 Ὄλος
627 4368 654 4418 ὁ
683 4366 844 4429 πόθος
873 4365 962 4436 μοί
990 4367 1104 4418 ἐστι
1133 4366 1192 4418 τὸ
1220 4365 1472 4431 δέξασθαι
1509 4365 1606 4435 τὴν
1632 4365 1793 4435 χάριν

1970 4351 2091 4405 125.
2128 4351 2298 4405 Omne
2331 4368 2506 4406 meum
2541 4351 2869 4407 desiderium
2907 4361 2988 4406 est
3026 4353 3256 4422 gratiam
3311 4361 3460 4408 tuam

223 4473 342 4519 σου,
371 4459 464 4511 καὶ
499 4458 778 4527 πληρῶσαι
815 4458 955 4528 ἅπερ
981 4457 1228 4510 ὲνετείλω
1265 4473 1374 4526 μοι.

294 4549 418 4602 124.
447 4551 552 4602 Καὶ
587 4549 658 4602 τὰ
700 4547 1042 4618 δικαιώματά
1092 4566 1182 4601 σου
1229 4548 1452 4616 ποίησον
1486 4548 1600 4617 μετ’
1631 4547 1787 4617 ἐμου,

219 4640 296 4705 ὡς
339 4639 497 4693 εἴωθε
542 4641 604 4693 τὸ
646 4640 791 4703 ἔλεός
834 4658 947 4703 σου,
1000 4641 1092 4694 καὶ
1142 4639 1282 4692 κατὰ
1325 4639 1384 4690 τὸ
1429 4638 1656 4710 μέγεθος
1695 4635 1789 4689 τοῦ

220 4734 403 4797 ἐλέους
446 4732 540 4786 καὶ
589 4737 653 4804 τῇ
700 4733 882 4803 χάριτί
928 4750 1020 4785 σου
1062 4733 1394 4802 κατάρτισαι
1437 4732 1534 4800 τὴν
1563 4728 1790 4797 καῴίαν

223 4840 329 4892 μου
362 4822 626 4877 ἐπιτελεῖν
647 4822 714 4876 τὰ
735 4823 918 4876 δίκαια
947 4823 1082 4892 μετὰ
1109 4822 1227 4875 σοῦ.

287 5000 412 5054 125.
455 4999 823 5072 Ἐξηγόρασάς
858 5016 922 5070 με
957 4999 1034 5070 τῷ
1077 4999 1238 5069 τιμίῳ
1283 4999 1496 5067 αἵματι,
1546 4999 1638 5050 καὶ
1691 4998 1792 5049 ὑπ-

216 5091 384 5156 έταξα
407 5107 488 5144 σοι
517 5091 768 5161 ἐμαυτόψ
785 5090 871 5153 δός
905 5090 1104 5160 μοιτὴν
1130 5089 1309 5160 χάριν,
1339 5089 1424 5141 ἵνα
1447 5087 1651 5155 ἐπιγνῶ
1672 5087 1792 5150 πῶς

216 5181 487 5234 ἱπιτελεῖν
515 5182 657 5252 άπερ
684 5181 932 5234 ὲνετείλω
975 5197 1087 5250 μοι.

288 5273 409 5328 126.
446 5273 560 5328 Νῦν
601 5277 748 5327 ἐστιν
793 5274 934 5342 ὑπὲρ
963 5272 1063 5341 τῆς
1097 5271 1353 5342 ἀληθείας
1389 5287 1481 5324 σου
1522 5269 1789 5338 ἀγωνίσα-

218 5364 344 5418 σθαι
399 5365 504 5429 ἓως
553 5365 816 5429 Θανάτου,
860 5363 1048 5431 ἐπειδὴ
1092 5364 1402 5434 ἠρνήσαντο
1457 5361 1556 5431 τὴν
1611 5360 1790 5412 πίστιν

217 5471 314 5508 Wo)
321 5494 334 5508 .

287 5545 410 5599 127.
453 5545 554 5598 Διὰ
595 5548 751 5599 τοῦτο
817 5543 1016 5616 μᾶλλον
1071 5541 1171 5604 τὰς
1218 5539 1375 5608 ἁγίας
1423 5555 1516 5592 σου
1562 5535 1787 5608 Γραφὰς

214 5634 495 5704 ικράτησα
525 5635 666 5704 ὑπὲρ
707 5634 768 5687 τὸ
810 5634 1031 5705 χρυσίον
1072 5633 1133 5686 τὸ
1173 5631 1470 5702 ἐξαίρετον.
1507 5627 1786 5687 Τοπὰζὶον

211 5724 322 5796 γὰρ
355 5726 577 5794 ἀγαθὸν
607 5725 981 5798 ἑρμηνεύεταιο
1012 5724 1134 5777 ἐπεὶ
1165 5719 1257 5776 οὖν
1298 5716 1449 5783 οὗτος
1494 5722 1523 5772 ὁ
1555 5718 1783 5782 πλοῦτος

1893 4444 2158 4510 accipere,
2185 4451 2239 4497 et
2267 4442 2489 4511 implere
2532 4457 2653 4512 quae
2699 4443 2831 4497 mihi
2873 4443 3194 4512 prmcepisti.

1963 4534 2086 4587 125.
2138 4535 2202 4588 Et
2230 4534 2647 4603 justiﬁcationes
2687 4545 2808 4589 tuas
2842 4534 2928 4588 l‘ac
2978 4551 3214 4601 mecum,
3261 4552 3458 4606 quem-

1889 4625 2179 4679 admodum
2231 4626 2515 4678 consuevit
2559 4625 2931 4679 misericordia
2975 4634 3068 4679 tua
3095 4667 3110 4691 ,
3167 4634 3221 4680 et
3263 4641 3459 4681 secun-

1888 4717 2016 4770 dum
2074 4717 2503 4786 magnitudinem
2575 4719 2963 4773 misericordiae
3026 4720 3187 4774 etiam
3257 4723 3458 4790 perﬁce

1892 4807 2063 4877 gratia
2110 4817 2200 4860 tua
2249 4822 2344 4861 cor
2390 4823 2594 4874 meum,
2623 4817 2684 4862 ut
2718 4819 2916 4876 tecum,
2947 4825 3064 4880 quae
3108 4810 3255 4880 justa
3305 4822 3452 4877 sunt,

1889 4899 2152 4970 perﬁciat.

1961 4989 2085 5045 125.
2119 4990 2416 5045 Redemisti
2448 5007 2534 5045 me
2558 4993 2797 5064 pretioso
2830 4995 3116 5064 sanguine,
3150 5005 3206 5051 et
3245 4997 3452 5067 subjeci

1889 5081 1986 5133 tibi
2020 5097 2105 5135 me
2135 5082 2334 5150 ipsum,
2367 5082 2434 5136 da
2465 5083 2598 5136 mihi
2626 5085 2880 5151 gratiam,
2913 5094 2973 5139 ut
3003 5102 3294 5157 agnoscam
3318 5105 3454 5159 quo-

1891 5170 2052 5222 modo
2083 5171 2354 5238 perﬁciam
2386 5187 2508 5240 qua:
2544 5174 2845 5241 praecepisti
2894 5175 3046 5228 mihi.

1964 5257 2084 5311 126.
2126 5256 2281 5313 Nunc
2327 5267 2540 5329 tempus
2584 5270 2667 5316 est
2707 5262 2982 5318 decertare
3029 5279 3128 5333 pro
3172 5274 3263 5320 tua
3312 5267 3454 5321 veri-

1890 5355 1998 5402 tate
2035 5364 2208 5417 usque
2252 5349 2320 5404 ad
2349 5359 2598 5414 mortem,
2630 5353 2886 5420 quoniam
2919 5367 3252 5423 negaverunt
3293 5355 3452 5411 fidem

1889 5451 2059 5497 tuam.

1963 5534 2082 5588 127.
2129 5533 2422 5604 Propterea
2461 5533 2610 5589 tenui
2659 5538 2832 5606 magis
2884 5548 3100 5594 sanctas
3143 5547 3264 5596 tuas
3306 5539 3454 5598 Scri-

1889 5638 2119 5699 pturas,
2176 5644 2340 5697 quam
2402 5644 2595 5683 aurum
2654 5631 2905 5685 electum.
2979 5631 3248 5702 Tapazion
3307 5635 3452 5689 enim

1889 5721 2276 5789 interpretatur
2333 5719 2525 5775 bonum
2565 5737 2584 5774 :
2635 5723 2763 5791 quia
2805 5724 2972 5796 igitur
3031 5735 3325 5794 praesentes
3371 5727 3457 5781 di-
