3874 6222
412 294 548 351 1199

484 412 606 467 128.
638 412 925 482 PrOpterea
949 412 1014 467 ad
1048 412 1231 467 omnia
1262 416 1515 467 mandata
1542 422 1630 467 tua
1661 412 1965 483 dirigebar:
2002 416 2045 471 Α

411 520 625 559 omnem
657 504 797 558 viam
839 505 1081 574 iniquam
1115 504 1239 559 odio
1266 505 1450 560 habui.

484 596 604 652 129.
642 595 906 651 Mirabilia
942 598 1253 653 testimonia
1289 605 1423 653 tua:
1468 598 1590 653 ideo
1624 607 1862 655 scrutata
1899 606 1983 652 est

410 704 469 743 ea
511 687 691 742 anima
727 703 868 742 mea.

482 768 604 834 150.
643 778 946 835 Declaratio
979 796 1292 837 sermonum
1336 792 1552 838 tuorum
1590 784 1882 849 illuminat,
1928 791 1983 837 et

410 871 738 926 intellectum
778 873 870 927 dat
907 875 1171 942 parvulis.

484 962 605 1016 151.
642 961 715 1017 Os
752 980 931 1017 meum
972 967 1183 1034 aperui,
1225 975 1277 1020 et
1301 966 1498 1021 attraxi
1532 966 1824 1036 spiritum:
1854 966 1979 1036 quia

412 1055 662 1109 mandata
700 1066 792 1109 tua
822 1056 1218 1111 desiderabam.

484 1146 603 1200 152.
646 1147 838 1216 Aspice
870 1148 923 1200 in
971 1163 1077 1212 me,
1115 1157 1171 1203 et
1219 1150 1478 1204 miserere
1523 1165 1631 1204 met
1684 1150 1981 1204 secundum

410 1238 674 1303 iudicium
708 1240 1050 1309 diligentium
1086 1255 1287 1295 nomen
1319 1252 1491 1296 tuum.

484 1330 605 1383 155.
656 1329 887 1386 Gressus
944 1347 1096 1386 meos
1146 1334 1317 1401 dirige
1357 1334 1655 1388 secundum
1703 1332 1980 1402 eloquium

409 1422 587 1481 tuum,
622 1424 674 1467 et
706 1430 817 1468 non
851 1415 1159 1469 dominetur
1190 1416 1294 1468 mei
1324 1418 1501 1470 omnis
1537 1416 1820 1484 injustitia.

484 1504 607 1557 154.
649 1503 873 1558 Redime
924 1520 1009 1559 me
1043 1522 1073 1559 a
1120 1507 1409 1561 calumniis
1444 1506 1752 1570 hominum,
1787 1514 1840 1561 ct
1885 1521 1982 1560 cu-

412 1595 642 1650 stodiam
677 1596 929 1649 mandata
961 1603 1072 1649 tua.

484 1687 608 1740 155.
634 1686 851 1740 Faciem
889 1696 1034 1741 tuam
1072 1688 1314 1742 illumina
1346 1703 1508 1759 super
1535 1704 1747 1744 servum
1803 1697 1977 1747 tuum.

410 1785 466 1833 et
497 1777 630 1832 doce
660 1793 746 1831 me
773 1777 1193 1847 justiﬁcationes
1228 1789 1367 1834 tuas.

484 1868 606 1923 156.
636 1866 826 1922 Exitus
855 1883 1119 1938 aquarum
1145 1870 1484 1923 deduxerunt
1510 1868 1651 1923 oculi
1676 1869 1781 1923 mei
1807 1886 1820 1922 :
1854 1869 1981 1939 quia

413 1973 522 2012 non
550 1958 819 2013 custodivi
857 1959 1029 2029 legem
1059 1968 1229 2012 tuam.

486 2050 607 2103 157.
658 2049 847 2105 Justus
894 2066 993 2115 es,
1039 2048 1301 2113 Domine,
1347 2057 1402 2105 et
1459 2058 1666 2105 rectum
1712 2049 1981 2119 judicium

414 2148 589 2194 tuum.

479 2231 600 2288 158.
630 2232 894 2288 Mandasti
922 2232 1189 2304 justitiam
1230 2233 1539 2289 testimonia
1577 2244 1689 2299 tua,
1738 2242 1792 2287 et
1838 2235 1979 2288 veri-

412 2330 580 2379 tatem
614 2334 760 2379 tuam
791 2324 977 2380 nimis.

1230 293 1287 349 S.
1332 290 1708 347 ATHANASII
1748 288 1900 345 OPP.
1944 289 2123 344 PARS
2166 288 2252 343 lll.
2288 319 2357 329 ——
2405 287 2817 343 EXEGETICA.

3523 289 3667 341 1200

2147 410 2269 465 128.
2302 411 2400 464 Διὰ
2436 410 2594 464 τοῦτο
2622 409 2759 481 πρὸς
2790 410 2969 473 πάσας
3016 411 3115 471 τὰς
3160 409 3375 474 ἐντολάς
3406 428 3499 462 σου
3531 412 3661 461 κατ-

2081 502 2392 574 ωρθούμην·
2435 505 2611 556 πᾶσαν
2641 502 2758 556 ὁδὸν
2790 501 2972 554 ἄδικον
3004 502 3261 571 ἐμίσησα.

2154 596 2273 650 129.
2307 596 2606 665 Θαυμαστὰ
2639 596 2706 648 τὰ
2754 593 3033 665 μαρτύριὰ
3077 609 3198 646 σου·
3236 594 3322 645 διὰ
3358 593 3515 646 τοῦτο
3579 592 3665 657 ἐξ·

2086 688 2372 759 ἐρεύνησεν
2400 688 2538 739 αὐτὰ
2573 689 2605 757 ἡ
2644 686 2787 755 ψυχή
2827 702 2941 739 σου.

2155 780 2275 833 150.
2316 780 2379 831 ἸΙ
2407 778 2637 849 δήλωσις
2662 776 2770 829 τῶν
2797 775 2973 846 λόγων
3014 795 3105 831 σου
3154 779 3361 847 φωτιεῖ,
3402 778 3495 829 καὶ
3538 793 3661 828 συν-

2084 874 2214 922 sua?
2238 870 2486 941 νηπίους.

2154 962 2274 1016 151.
2308 962 2379 1013 Τὸ
2413 960 2584 1031 στόμα
2624 978 2727 1033 μου
2768 961 2985 1033 ἧνοιξα,
3027 962 3118 1014 καὶ
3165 961 3389 1013 εἵλκυσα
3423 960 3659 1029 πνεῦμα·

2082 1053 2163 1106 ὅτι
2193 1054 2289 1115 τὰς
2321 1052 2539 1113 ἐντολάς
2568 1069 2660 1106 σου
2688 1052 3006 1105 ἐπεπὸθουν.

2153 1145 2278 1199 152.
2308 1144 2628 1214 Ἐπὲϐλεψον
2674 1145 2760 1198 ἐπ’
2796 1145 2916 1214 ἐμὲ,
2944 1144 3037 1196 καὶ
3069 1142 3289 1215 ἐλέησόν
3323 1162 3388 1213 με
3422 1142 3563 1196 κατὰ
3602 1142 3663 1195 τὸ

2083 1240 2257 1307 κρῖμα
2279 1237 2387 1289 τῶν
2412 1236 2747 1305 ἀγαπώντων
2776 1237 2838 1289 τὸ
2866 1238 3036 1306 ὄνομα
3075 1254 3199 1303 μου.

2155 1330 2274 1382 155.
2304 1328 2383 1381 Τὰ
2414 1328 2725 1400 διαδήματα
2751 1347 2850 1399 μου
2883 1328 3208 1381 κατεύθυνον
3234 1326 3374 1380 κατὰ
3398 1326 3458 1379 τὸ
3482 1327 3665 1395 λόγιόν

2085 1439 2199 1485 σου,
2232 1424 2323 1475 καὶ
2358 1424 2430 1493 μὴ
2456 1424 2937 1494 κατακυριευσάτω
2971 1441 3069 1494 μου
3099 1425 3248 1474 πᾶσα
3282 1422 3500 1491 ἀνομία.

2156 1511 2276 1563 154.
2321 1510 2607 1581 Λύτρωσαί
2659 1530 2725 1582 με
2774 1513 2881 1565 ἀπὸ
2932 1510 3292 1581 συκοφαντίας
3332 1511 3659 1583 ἀνθρώπων,

2084 1602 2175 1655 καὶ
2210 1602 2428 1671 φυλάξω
2455 1602 2553 1664 τὰς
2578 1602 2795 1666 ἐντολάς
2829 1622 2949 1675 μου.

2155 1696 2275 1749 155.
2310 1695 2383 1746 Τὸ
2430 1696 2720 1764 πρόσωπόν
2769 1713 2861 1749 σου
2913 1697 3175 1766 ἐπίφανον
3213 1698 3304 1749 ἐπὶ
3350 1695 3439 1751 τὸν
3475 1695 3663 1749 δοῦλᾶν

2086 1803 2199 1851 σου,
2236 1786 2331 1840 καὶ
2367 1787 2573 1850 δίδαξον
2609 1806 2675 1859 με
2712 1789 2778 1842 τὰ
2806 1790 3149 1859 δικαιώματά
3180 1809 3293 1843 σου.

2150 1878 2270 1932 156.
2308 1879 2585 1945 Διεξόδους
2616 1880 2821 1933 ὑδάτων
2846 1883 3145 1935 κατέδυσαν
3170 1886 3217 1935 οἱ
3240 1883 3503 1954 ὀφθαλμοί
3532 1899 3654 1953 μου·

2076 1970 2197 2022 ἐπεὶ
2229 1972 2327 2023 οὐκ
2357 1972 2601 2040 ἐφύλαξα,
2624 1975 2715 2026 τὸν
2744 1975 2905 2044 νόμον
2945 1993 3058 2030 σου.

2148 2064 2269 2117 157.
2304 2064 2523 2129 Δίκαιος
2548 2062 2616 2131 εἷ,
2644 2066 2837 2137 Κύριε,
2873 2069 2965 2121 καὶ
2988 2069 3163 2133 εύθεῖς
3193 2071 3246 2123 αἱ
3270 2070 3478 2140 κρίσεις
3505 2085 3618 2122 σου.

2157 2236 2277 2289 158.
2311 2237 2591 2289 Ἐνετείλω
2625 2239 2974 2311 δικαιοσύνην
3005 2241 3071 2294 τὰ
3112 2242 3388 2314 μαρτύριά
3428 2259 3541 2311 σου,
3566 2259 3665 2295 και.

2083 2325 2339 2396 ἀλήθειαν
2368 2327 2591 2397 σφόδρα.

1528 2458 1905 2514 ATllANASI!
1947 2459 2533 2516 INTERPRETATIO.

409 2578 557 2635 vitiae
602 2580 944 2649 temporaria:
990 2587 1159 2646 sunt,
1213 2593 1391 2649 neque
1441 2588 1660 2648 propter
1720 2579 1975 2633 mandata

2134 2579 2406 2648 σόα-καιρός
2440 2580 2606 2643 ἐστιν,
2648 2580 2768 2632 οὐδὲ
2803 2580 2892 2633 διὰ
2929 2579 3035 2633 τῶν
3072 2581 3298 2633 ἐντολῶν
3320 2598 3415 2634 σου
3444 2582 3663 2649 αἰώνιος

410 2679 503 2727 tua
524 2680 736 2726 aeternae
756 2672 1043 2737 exsistunt,
1063 2672 1185 2727 ideo
1207 2671 1381 2743 magis
1395 2670 1558 2725 dilexi
1576 2680 1843 2740 praecepta
1860 2678 1974 2725 tua.

480 2853 604 2909 128.
632 2854 920 2923 Propterea
955 2852 1023 2907 ad
1052 2868 1241 2907 omnes
1274 2862 1399 2909 tuas
1426 2853 1729 2909 voluntates
1754 2862 1981 2923 paratus

2077 2671 2336 2741 ὑπάρχει,
2364 2670 2454 2722 διὰ
2482 2671 2574 2723 τοῦ
2605 2670 2808 2742 [τοῦτο]
2853 2672 3050 2741 μᾶλλον
3088 2673 3349 2744 ἠγάπησα
3380 2673 3479 2737 τὰς
3514 2676 3663 2729 ἐντο-

2076 2763 2174 2825 λάς
2209 2778 2327 2816 σου.

2148 2854 2271 2909 128.
2300 2852 2401 2907 Διὰ
2434 2852 2594 2908 τοῦτο
2624 2853 2760 2924 πρὸς
2788 2854 2961 2906 πάντα
2987 2853 3056 2906 τὰ
3089 2853 3369 2925 θελήματά
3399 2871 3492 2907 σου
3522 2856 3663 2908 ἐτοι-

409 2962 580 3012 a'am,
606 2958 659 3002 et
681 2962 840 3002 omne
865 2956 1144 3015 peccatum
1174 2946 1518 3001 abominatus
1542 2962 1684 3011 sum,
1715 2946 1974 3016 quoniam
2003 2994 2008 3030 ‘

2134 2966 2179 3012 ac;
2201 2950 2372 3021 ἥμην,
2393 2948 2487 3002 καὶ
2508 2950 2683 3000 πᾶσαν
2706 2948 2977 3019 ἁμαρτίαν
3000 2948 3445 3019 ἁπεστρεφὸμην,
3470 2950 3666 3021 ἐπειδὴ

408 3039 465 3093 in
494 3039 907 3093 retributionem
940 3038 1193 3106 respicio.

480 3130 602 3184 129.
635 3128 971 3183 Testimonia
1007 3136 1098 3181 tua
1130 3128 1491 3182 admiratione
1534 3128 1693 3197 plena
1729 3137 1857 3183 sunt
1906 3130 1976 3193 ei,

409 3219 503 3290 qui
556 3220 647 3273 illa
706 3219 1005 3289 intelligere
1063 3227 1281 3287 potest;
1335 3227 1619 3287 propterea
1675 3219 1976 3273 desideravi

408 3324 701 3378 agnoscere
727 3310 835 3362 vim
868 3319 1082 3362 tuarum
1116 3308 1542 3378 Scripturarum.

481 3400 604 3455 150.
639 3400 1017 3470 lnterpretatio
1069 3398 1474 3469 Scripturarum
1517 3409 1733 3454 tuarum
1770 3401 1976 3454 illumi-

406 3502 521 3561 nat,
547 3502 600 3547 et
630 3493 683 3546 in
710 3493 1045 3548 intellectum
1082 3492 1319 3558 adducit,
1350 3492 1445 3562 qui
1488 3492 1721 3547 infantes
1765 3502 1892 3548 sunt
1920 3494 1974 3547 in

407 3584 778 3654 intelligendo.

483 3675 607 3730 151.
659 3673 859 3729 Sitiens
908 3674 1134 3743 gratiam
1176 3682 1324 3728 tuam
1374 3674 1695 3744 deprecatus
1729 3690 1847 3729 sum
1899 3684 1971 3739 te,

405 3777 460 3822 et
486 3768 683 3822 dedisti
714 3767 847 3821 mihi
896 3765 1158 3836 Spiritum
1206 3776 1451 3821 sanctum
1500 3778 1674 3831 tuum,
1714 3767 1973 3835 quoniam

405 3859 780 3914 desiderabam
830 3872 1128 3928 agnoscere
1183 3856 1593 3928 Scripturarum
1649 3857 1974 3928 interpreta-

405 3951 630 4005 tionem.

476 4042 599 4100 152.
647 4040 1113 4107 Quemadmodum
1162 4040 1388 4110 respicis
1437 4039 1725 4108 diligentes
1762 4047 1814 4093 te
1846 4055 1971 4094 cum

405 4130 779 4185 misericordia
810 4138 863 4184 et
894 4128 1244 4184 miseratione
1274 4168 1290 4194 ,
1325 4128 1397 4181 ita
1430 4127 1593 4181 etiam
1632 4142 1718 4180 me
1764 4127 1968 4195 aspice,

405 4231 460 4277 et
488 4221 746 4275 miserere
774 4220 901 4275 mei.

476 4311 599 4365 155.
640 4309 750 4365 Fac
804 4325 901 4365 cor
944 4322 1125 4363 meum
1162 4315 1409 4377 prompte
1442 4308 1598 4377 sequi
1631 4307 1965 4361 voluntatem
1999 4324 2043 4379 ι)

2083 3041 2163 3103 είς
2186 3041 2284 3110 τὴν
2312 3039 2732 3111 μισθαποδοσίαν
2763 3040 3073 3092 ἀποϐλέπω.

2155 3127 2275 3182 129.
2311 3128 2500 3198 Πάσης
2534 3127 2845 3197 ἐκπλήξεως
2884 3130 3020 3197 μετὰ
3047 3128 3268 3200 [μεστά]
3295 3131 3398 3181 εἱσι
3424 3129 3492 3182 τὰ
3521 3147 3665 3201 μαρ-

2079 3214 2244 3287 τύριὰ
2274 3233 2368 3270 σου
2403 3216 2685 3287 δυναμένῳ
2719 3216 2859 3269 αὐτὰ
2887 3218 3110 3287 νοῆσαι·
3133 3217 3235 3269 ηδιά
3271 3218 3430 3271 τοῦτο
3461 3218 3665 3272 ἐπεθύ-

2083 3325 2229 3377 μησα
2263 3307 2463 3376 γνῶναι
2497 3308 2595 3379 τὴν
2633 3307 2859 3376 δύναμιν
2891 3308 2998 3359 τῶν
3037 3308 3075 3358 Γ
3080 3308 3265 3377 ραςρῶν
3293 3325 3406 3363 σου.

2152 3398 2272 3452 150.
2308 3400 2373 3451 Ἠ
2400 3398 2662 3470 ἑρμηνεία
2692 3397 2796 3449 τῶν
2820 3397 3049 3467 Γραφῶν
3073 3414 3165 3449 σου
3194 3398 3437 3464 φωτίζει,
3462 3399 3555 3451 καὶ
3576 3400 3663 3461 εἰς

2080 3489 2293 3543 σύνεσιν
2326 3490 2449 3559 ἄγει
2484 3492 2611 3553 τοὺς
2638 3489 2862 3561 νηπίους
2888 3489 3048 3553 ὄντας
3082 3491 3209 3559 περὶ
3236 3490 3328 3542 τοῦ
3367 3492 3581 3561 νοῆσαι.

2149 3671 2270 3726 151.
2300 3672 2477 3741 Διψῶν
2504 3672 2601 3743 τὴν
2627 3673 2785 3744 χάριν
2809 3690 2901 3725 σου
2932 3673 3152 3744 ἐδεήθην
3183 3690 3295 3733 σου,
3326 3673 3421 3726 καὶ
3447 3674 3663 3740 ἔδωκάς

2081 3780 2169 3833 μοι
2207 3763 2266 3815 τὸ
2309 3763 2533 3834 Πνεῦμα
2569 3781 2660 3815 σου
2693 3764 2753 3815 τὸ
2793 3764 2968 3831 ἆγιον,
3000 3764 3185 3833 ἐπειδὴ
3215 3764 3520 3819 ὲπεπόθουν
3551 3770 3663 3835 τὴν

2076 3856 2371 3927 ἑρμηνείαν
2402 3856 2605 3909 γνῶναι
2636 3856 2743 3910 τῶν
2778 3858 2816 3908 Γ
2825 3856 3031 3927 ραφῶν.

2147 4038 2267 4091 152.
2291 4037 2486 4099 Καθὼς
2509 4037 2709 4108 ἐφορᾷς
2730 4038 2853 4099 τοὺς
2876 4038 3201 4105 ἀγαπωντάς
3224 4056 3283 4091 σε
3310 4040 3450 4110 μετά
3468 4041 3657 4106 ἐλέους

2075 4128 2173 4180 καὶ
2197 4126 2512 4199 οἰκτιρμῶν,
2538 4127 2708 4190 οὕτως
2733 4128 3075 4199 κάμὲσὲπιδε,
3105 4132 3200 4182 καὶ
3221 4131 3358 4183 ἐλέει
3390 4150 3478 4203 με.

2144 4305 2264 4360 155.
2299 4306 2407 4376 Τὴν
2437 4307 2741 4378 προθυμίαν
2785 4309 2882 4379 τῆς
2908 4311 3133 4380 καρδίας
3163 4328 3264 4381 μου
3291 4314 3516 4384 ποίησον
3562 4316 3651 4381 ἐξ-

406 4398 577 4469 tuam,
608 4411 662 4457 et
686 4417 792 4456 non
818 4400 1015 4472 poterit
1048 4400 1228 4455 omnis
1275 4398 1476 4454 diaboli
1516 4408 1759 4469 potestas
1803 4400 1973 4453 abdu-

2134 4396 2377 4448 ιολουθεῖν
2409 4397 2485 4467 τῷ
2529 4397 2793 4468 θελήματί
2845 4416 2960 4466 σου,
2994 4402 3087 4453 καὶ
3135 4403 3208 4472 μὴ
3266 4405 3459 4477 ἰσχύσῃ
3497 4410 3651 4461 πᾶσα

405 4509 528 4550 cere
564 4509 652 4550 me
676 4493 744 4549 ab
774 4509 960 4549 amore
987 4501 1098 4548 tuo.

476 4678 599 4734 154.
634 4676 828 4732 Libera
859 4692 945 4730 me
983 4676 1052 4731 ab
1076 4675 1225 4732 omni
1272 4674 1581 4731 daemonum
1628 4673 1872 4739 incursu,
1916 4684 1970 4729 et

406 4772 642 4842 implebo
674 4770 927 4825 mandata
954 4778 1067 4822 tua.

476 4863 598 4917 155.
630 4861 749 4916 Lux
786 4862 970 4932 gratiae
1000 4871 1106 4916 tuae
1150 4860 1258 4926 fac,
1293 4868 1354 4915 ut
1395 4861 1677 4914 exoriatur
1722 4875 1776 4914 m
1807 4861 1971 4916 corde

2066 4487 2291 4557 δύναμις
2348 4486 2444 4540 τοῦ
2490 4488 2735 4542 διαϐόλου
2783 4490 3087 4562 ἀποστῆσαί
3140 4509 3207 4562 με
3254 4494 3354 4565 τῆς
3404 4499 3541 4567 πρὸς
3585 4502 3647 4551 σὲ

2069 4581 2310 4651 ἀγάπης.
3079 4624 3088 4636 .

2138 4674 2258 4728 154.
2290 4674 2575 4745 Λύτρωσαί
2608 4692 2675 4745 με
2703 4674 2809 4727 ἀπὸ
2841 4675 3019 4747 πάσης
3048 4677 3301 4748 ἀφορμῆς
3324 4679 3433 4731 τῶν
3454 4679 3646 4751 δαιμό-

2068 4785 2194 4830 νων,
2225 4769 2319 4820 κα).
2348 4766 2621 4839 πληρώσω
2648 4768 2745 4831 τὰς
2778 4769 2994 4832 ἐντολάς
3030 4786 3145 4822 σου.

2138 4858 2259 4913 155.
2295 4859 2366 4910 Τὸ
2393 4859 2508 4928 φῶς
2535 4860 2633 4930 τῆς
2659 4860 2877 4931 χάριτός
2904 4877 2994 4912 σου
3023 4861 3302 4914 ἀνάτειλον
3330 4862 3388 4914 ἐν
3413 4867 3479 4935 τῇ
3506 4883 3641 4938 καρ-

404 4966 549 5015 meo,
594 4959 648 5005 et
679 4952 813 5005 doce
839 4966 927 5005 me
973 4950 1295 5020 intelligere,
1329 4956 1385 5004 et
1410 4947 1591 5003 facere
1622 4948 1969 5017 justiticatio-

2134 4969 2150 5003 ι
2181 4968 2301 5020 μου,
2330 4951 2423 5004 καὶ
2448 4952 2657 5019 δίδαξόν
2690 4969 2756 5021 με
2791 4955 2950 5016 νοεῖν,
2980 4954 3072 5006 καὶ
3105 4958 3277 5007 ποιεῖν
3311 4955 3383 5009 τὰ
3411 4958 3639 5011 δικαιώ-

404 5058 503 5098 nes
533 5052 673 5098 tuas.

476 5132 597 5187 156.
624 5105 849 5187 iluvios
882 5132 1245 5203 lacrymarum
1283 5130 1480 5185 deduxi
1516 5130 1583 5183 ab
1622 5129 1796 5183 oculis
1829 5130 1966 5184 meis

2067 5043 2209 5111 ματα
2242 5060 2351 5096 σου.

2136 5130 2255 5183 156.
2282 5132 2565 5201 Ποταμοὺς
2583 5131 2830 5203 δακρύων
2854 5131 3167 5201 κατήγαγον
3194 5134 3300 5185 ἀπὸ
3317 5135 3425 5188 τῶν
3446 5134 3638 5203 ὀφθαλ-

402 5240 666 5293 ᾳειηεηε,
725 5238 779 5279 et
821 5225 1067 5295 cOgitans
1112 5223 1255 5293 quod
1311 5238 1419 5277 non
1470 5223 1736 5299 custodivi
1793 5222 1966 5291 legem

2134 5221 2183 5273 ὃν
2219 5239 2317 5292 μου
2346 5222 2568 5287 κλαίων,
2597 5225 2689 5277 καὶ
2716 5223 3132 5295 ἐνθυμούμενος,
3157 5225 3237 5278 ὃτι
3269 5227 3369 5278 οὐκ
3393 5228 3636 5295 ἐφύλαξα

405 5326 571 5371 tuam.

474 5406 597 5460 157.
628 5392 815 5461 Justus
840 5405 1005 5475 judex
1040 5419 1119 5469 es,
1150 5403 1400 5470 Domine,
1433 5411 1487 5459 et
1516 5420 1623 5459 non
1668 5413 1749 5459 est
1777 5418 1964 5474 perso-

401 5511 593 5551 narum
629 5498 867 5567 acceptio
893 5494 1034 5566 apud
1066 5503 1138 5549 te.

473 5586 595 5643 158.
626 5586 932 5655 Praecepisti
976 5584 1154 5639 facere
1180 5583 1449 5651 justitiam
1489 5584 1545 5639 in
1582 5585 1663 5641 tui
1708 5586 1955 5641 testimo-

404 5675 579 5744 nium,
603 5683 656 5731 οι
688 5676 818 5731 nihil
846 5689 941 5744 per
978 5674 1399 5731 simulationem.

2064 5313 2155 5366 τὸν
2188 5312 2350 5383 νόμον
2384 5330 2498 5365 σου.

2134 5404 2253 5459 157.
2282 5406 2658 5476 Δικαιοκρίτης
2682 5404 2764 5472 εἷ,
2807 5406 2997 5477 Κύριε,
3028 5407 3121 5459 καὶ
3165 5410 3266 5460 οὐκ
3309 5408 3425 5460 ἔστι
3468 5426 3635 5477 προσ-

2061 5495 2342 5566 ωποληψία
2369 5514 2518 5566 παρα
2558 5497 2656 5549 σοί.

2135 5587 2256 5641 158.
2290 5588 2631 5658 ΙΙροσέταξας
2675 5590 2753 5651 εἰς
2800 5588 3102 5658 μαρτυρίαν
3150 5606 3244 5642 σου
3285 5588 3636 5662 δικαιοσύνην

2063 5679 2255 5743 ποιεῖν,
2288 5678 2381 5732 καὶ
2413 5679 2577 5750 μηδὲν
2608 5679 2726 5732 καθ’
2758 5679 3065 5749 ὑπόκρισιν.
