3874 6222
263 307 401 366 1201

347 424 464 477 159.
488 421 738 493 Ἐξέτηξέ
777 437 844 492 με
869 421 896 473 ὁ
924 419 1080 487 ζῆλός
1116 434 1236 474 σου·
1274 421 1353 472 ὅτι
1383 419 1704 472 ἐπελάθοντο
1736 415 1842 469 τῶν
1872 420 1917 478 Λ

264 518 444 585 λόγων
471 533 563 568 σου
599 516 648 567 οἱ
675 513 857 584 ἐχθροί
891 530 1012 583 μου.

345 605 469 660 140.
497 604 898 676 Πετξυρωμὲνον
930 603 992 655 τὸ
1035 604 1214 670 λόγιόν
1259 619 1351 653 σου
1399 602 1634 672 σφοδρά,
1687 617 1778 652 και

265 695 457 758 δοῦλός
485 712 576 746 σου
608 694 891 764 ἠγάπησεν
919 692 1070 744 αὑτό.

344 787 469 840 141.
501 785 781 856 Νεώτερος
806 783 914 852 ἐγώ
942 787 1055 854 εἰμι
1084 783 1175 836 καὶ
1206 781 1644 852 ὲξουδενωμένος,
1678 780 1747 832 τὰ
1771 779 1846 832 δι-

269 873 568 944 καιώματά
601 891 692 926 σου
725 874 824 926 οὐκ
855 871 1218 943 ἐπελαθόμην.

346 965 470 1018 142.
511 965 575 1017 Ἠ
613 963 928 1034 δικαιοσύνη
961 982 1052 1016 σου
1086 963 1401 1034 δικαιοσύνη
1431 964 1510 1027 εἰς
1536 963 1625 1017 τὸν
1653 962 1842 1025 αἰῶνα,

269 1055 369 1109 καὶ
395 1059 422 1108 ὁ
450 1056 611 1126 νόμος
639 1073 728 1108 σου
756 1057 1001 1126 ἀλήθεια.

349 1148 471 1201 145.
515 1148 732 1216 Θλίψεις
780 1148 875 1202 καὶ
905 1149 1136 1216 ἀνάγκαι
1170 1147 1399 1217 εὓροσάν
1431 1165 1519 1218 με,
1554 1149 1608 1200 αἱ
1641 1146 1847 1200 ὲντολαί

271 1258 371 1293 σου
407 1240 603 1310 μελέτη
640 1252 761 1309 μου.

350 1326 474 1379 144.
507 1328 827 1400 Δικαιοσύνη
859 1328 928 1381 τὰ
965 1328 1235 1401 μαρτύριά
1283 1345 1374 1381 σου
1420 1329 1500 1390 εἰς
1527 1327 1619 1379 τὸν
1656 1325 1844 1390 αἰῶνα,

275 1417 556 1469 συνέτισόν
591 1436 676 1488 με,
716 1419 809 1472 καὶ
833 1419 1086 1490 ζήσομαι.

354 1507 474 1561 145.
507 1509 811 1580 Ἐκὲκραξα
865 1513 922 1562 ὲν
976 1510 1072 1582 ὅλῃ
1116 1508 1311 1580 καρδία
1360 1525 1497 1578 μου,
1545 1506 1850 1561 ἐπάκουσον

277 1615 408 1669 μου,
444 1598 635 1669 Κύριε,
662 1600 730 1652 τὰ
757 1599 1098 1667 δικαιώματα
1133 1618 1224 1652 σου
1250 1599 1553 1670 ἐκζητήσω.

350 1687 473 1742 146.
508 1689 814 1762 Ἐκέκραξά
837 1708 938 1757 σοι,
964 1691 1135 1747 σῶσόν
1155 1709 1243 1762 με,
1270 1691 1364 1744 καὶ
1388 1689 1606 1760 φυλάξω
1629 1686 1697 1742 τὰ
1719 1704 1851 1760 μαρ-

271 1780 440 1851 τύριά
475 1797 587 1832 σου.

350 1869 474 1923 147.
506 1870 835 1942 Προὲερθασα
866 1875 922 1926 ὲν
952 1872 1131 1944 ἁωρία
1161 1870 1254 1926 καὶ
1292 1871 1584 1938 ἐκέκραξα,
1615 1873 1694 1936 εἰς
1724 1870 1852 1935 τοὺς

273 1961 471 2030 λόγους
500 1979 592 2015 σου
626 1964 921 2018 ὲπύλπισα.

1123 305 1214 361 DE
1258 305 1534 361 TlTULlS
1570 300 2020 358 PSALMORUM.
2059 331 2127 340 -
2165 285 2387 352 PSAL.
2450 254 2664 337 CXVIII.

3382 286 3516 344 1209

2023 412 2145 466 159.
2182 401 2517 473 (Tabescere
2552 406 2636 449 me
2659 399 2781 459 fecit
2806 419 2949 462 zelus
2976 419 3160 460 meus:
3195 403 3319 472 quia
3361 401 3510 456 obliti

1947 514 2071 560 sunt
2098 501 2258 556 verba
2284 509 2382 553 tua
2415 485 2616 546 inimici
2645 497 2766 552 mei.

2021 593 2144 647 140.
2180 591 2419 661 lgnitum
2455 582 2726 653 eloquium
2756 596 2902 642 tuum
2938 589 3298 647 vehementer,
3327 593 3380 635 et
3397 596 3511 636 ser-

1947 701 2048 738 vus
2079 694 2203 738 tuus
2236 679 2424 736 dilexit
2456 676 2606 732 illud.

2022 775 2143 828 141.
2191 769 2654 826 Adolescentulus
2683 783 2802 822 sum
2831 771 3009 835 ego'et
3042 772 3402 832 contemptus,
3425 760 3513 829 ju~

1951 866 2306 924 stificationes
2331 873 2452 919 tuas
2482 877 2587 918 non
2627 877 2748 916 sum
2770 859 2988 914 oblitus.

2020 958 2147 1013 142.
2196 956 2415 1012 Justitia
2448 965 2560 1021 tua,
2583 953 2792 1024 justitia
2821 953 2875 1006 in
2907 959 3188 1014 aeternum,
3222 953 3277 1001 et
3300 945 3381 998 lex
3420 952 3512 998 tua

1949 1051 2164 1106 veritas.

2021 1141 2146 1194 M3.
2177 1138 2483 1194 Tribulatio
2505 1145 2559 1192 et
2583 1135 2842 1206 angustiae
2873 1135 3192 1188 invenerunt
3220 1145 3322 1193 me,
3361 1145 3514 1184 man-

1951 1232 2076 1286 data
2111 1241 2204 1286 tua
2237 1229 2517 1285 meditatio
2553 1242 2673 1282 mea
2697 1235 2796 1281 est.

2022 1322 2148 1375 144.
2185 1319 2407 1376 Iustitia
2449 1318 2759 1375 testimonia
2786 1326 2878 1372 tua
2923 1315 2980 1371 in
3027 1324 3309 1380 aeternum,
3357 1311 3514 1367 intel~

1951 1411 2156 1467 lectum
2185 1411 2252 1466 da
2285 1411 2439 1476 mihi,
2470 1419 2524 1466 et
2555 1411 2755 1464 vivam.

2024 1501 2148 1555 145.
2177 1500 2419 1554 Clamavi
2454 1501 2508 1554 in
2532 1508 2646 1555 toto
2678 1499 2840 1554 corde
2860 1513 3000 1564 eo,
3039 1498 3235 1554 exaudi
3273 1513 3378 1561 me,
3409 1484 3516 1552 oa-

1953 1592 2118 1654 mine,
2141 1591 2558 1659 justiﬁcationes
2592 1598 2712 1644 tuas
2737 1590 3031 1660 requiram.

2025 1685 2148 1737 146.
2179 1683 2420 1737 Clamavi
2455 1683 2522 1736 ad
2554 1692 2626 1749 te,
2653 1682 2860 1738 salvum
2883 1697 2970 1738 me
2996 1681 3104 1747 fac,
3137 1691 3191 1735 et
3219 1681 3515 1736 custodiam

1879 1750 1924 1804 Β
1952 1776 2201 1831 mandata
2228 1784 2336 1829 tua.

2027 1866 2152 1920 147.
2184 1865 2425 1920 Praeveni
2454 1866 2507 1918 in
2545 1864 2879 1922 maturitate.
2907 1871 2961 1920 et
2997 1864 3264 1918 clamavi:
3300 1863 3428 1932 quia
3463 1863 3518 1919 in

1961 1958 2131 2014 verba
2161 1965 2252 2012 tua
2280 1956 2676 2028 supersperavi.

1413 2117 2400 2193 ΑΤΗΑΝΑΞΙΙῌΝΤΕΒΡΒΕΤΑΤ10.

352 2262 476 2319 159.
513 2263 858 2335 Ἐμαράνθην
898 2263 1016 2327 ὅλος
1047 2263 1154 2318 ἀπὸ
1197 2262 1291 2316 τοῦ
1316 2262 1478 2335 ζήλου
1509 2279 1634 2334 περ.
1662 2277 1742 2326 σε,
1774 2261 1856 2314 δτι

277 2358 395 2428 ὁρῶ
432 2360 558 2422 τοὺς
606 2360 914 2429 αἱρετικοὺς
961 2356 1179 2410 ἐναντία
1223 2355 1330 2412 τῶν
1360 2356 1592 2427 Γραφῶν
1632 2371 1726 2408 σου
1759 2354 1856 2407 λα-

279 2450 478 2512 ϐόντας
510 2450 636 2519 περὶ
667 2450 765 2520 τῆς
797 2449 1030 2512 πίστεώς
1051 2467 1164 2502 σου.

360 2540 477 2594 140.
497 2541 710 2610 Ἐπειδὴ
742 2540 852 2611 πῦρ
881 2541 1038 2604 αὐτὸς
1066 2540 1298 2610 ὑπάρχει
1322 2535 1655 2610 [animate],
1694 2553 1862 2589 πεπυ-

286 2632 611 2703 ρακτωμένα
635 2632 728 2685 καὶ
757 2631 824 2685 τὰ
853 2631 1009 2700 λόγιά
1042 2632 1133 2684 σού
1165 2633 1270 2684 εἱσι
1298 2622 1435 2702 πρὸξ
1457 2630 1518 2683 τὸ
1544 2627 1858 2683 κατακαίειν

284 2722 439 2788 ξύλα,
477 2722 704 2793 χόρτον,
750 2721 995 2792 καλάμου
1057 2721 1393 2793 [καλάμην],
1445 2722 1686 2774 τουτέστι
1740 2721 1862 2781 ταῖς

283 2817 550 2884 πονηραῖς
571 2813 800 2884 πράξεσι
830 2813 950 2886 [τὰς
973 2832 1107 2884 πονη
1117 2814 1212 2885 ρὰς
1232 2812 1502 2884 apricitate].
1522 2814 1578 2865 '0
1598 2812 1654 2865 δὲ
1679 2810 1863 2873 δοῦλός

285 2920 382 2956 σου
417 2905 676 2975 ὑπάρχων
705 2906 892 2975 ἀγαπᾷ
919 2904 979 2956 τὸ
1009 2905 1187 2973 λόγιόν
1221 2921 1336 2966 σου,
1387 2904 1572 2973 ἐπειδὴ
1606 2919 1863 2974 πεπυρω-

288 2993 449 3062 μένον
485 2993 742 3064 ὑπάρχων
773 2993 1126 3063 καταφθείρει
1156 2992 1254 3055 τὰς
1281 2991 1521 3053 ἀκάνθας
1545 2989 1639 3043 τοῦ
1670 2990 1804 3060 βίου.

357 3085 480 3138 141.
515 3085 657 3152 Ἐγὼ
702 3083 796 3139 νῦν
844 3085 1095 3156 ἠρξάμην
1139 3085 1232 3137 τοῦ
1272 3083 1592 3154 ἐπιστρέψαι
1628 3082 1764 3154 πρὸς
1803 3082 1862 3134 σὲ

285 3176 395 3230 ἀπὸ
422 3175 532 3228 τῶν
562 3175 844 3248 ἁμαρτιῶν
871 3194 993 3248 μου,
1019 3177 1114 3229 καὶ
1144 3177 1342 3239 πάντες
1375 3175 1572 3238 ὄνειδός
1607 3191 1672 3244 με
1711 3173 1862 3244 ἐχου-

288 3285 374 3320 σιν
403 3267 478 3329 ὡς
507 3267 827 3338 ἁμαρτωλόν
848 3283 860 3296 ⁸
906 3266 1017 3335 ἐγὼ
1046 3266 1102 3319 δὲ
1135 3265 1522 3337 ὀνειδιζόμενος
1559 3266 1649 3318 ὑπ’
1685 3264 1862 3317 αὐτῶν

287 3359 358 3410 τὰ
391 3358 736 3429 δικαιώματά
769 3376 859 3411 σου
891 3358 1203 3428 ἐφύλαττον.

359 3449 482 3503 142.
521 3451 579 3503 Ὀ
610 3450 778 3504 ποιῶν
819 3450 916 3522 τὴν
947 3451 1288 3521 δικαιοσύνην
1344 3451 1552 3514 δίκαιός
1598 3452 1744 3503 ἐστιν
1785 3451 1862 3512 εἰς

290 3541 380 3593 τὸν
409 3542 600 3605 αἰῶνα,
632 3543 725 3594 καὶ
757 3542 932 3595 πάντα
962 3543 1061 3594 ὅσα
1085 3542 1394 3611 ἐπηγγείλω
1422 3542 1551 3612 περὶ
1585 3541 1694 3595 τῶν
1740 3541 1865 3613 μελ-

289 3635 490 3686 λόντων
517 3633 735 3701 ἀγαθῶν
763 3633 987 3704 ἀλήθειά
1020 3636 1186 3686 ἐστιν.

362 3725 485 3779 145.
515 3725 748 3789 Ἐνδεια,
773 3727 865 3777 καὶ
896 3725 1134 3795 διωγμὸς
1154 3723 1379 3797 εὓροσάν
1406 3740 1494 3794 με,
1526 3722 1636 3791 ἐγὼ
1673 3721 1730 3776 δὲ
1764 3723 1866 3775 ὑπ-

291 3815 647 3886 εμνησκόμην
674 3816 769 3884 (ιι),
794 3816 874 3868 ὅτι
904 3818 1209 3888 περιεῖπαςο
1233 3813 1520 3883 Μακάριοι
1544 3817 1596 3869 οἱ
1620 3813 1866 3868 πεινῶν-

292 3922 391 3970 τες
417 3904 541 3977 [καὶ
582 3903 876 3972 διψῶντες
904 3904 1019 3972 τὴν
1056 3902 1506 3973 δικαιοσύνην],
1547 3901 1645 3954 καὶ
1677 3900 1867 3969 μακά-

284 3999 412 4063 ριοί
441 3997 602 4057 ἐστε,
636 3996 782 4048 ὅταν
815 3996 1196 4049 ὀνειδίσωσιν
1227 3993 1403 4065 ὑμᾶς,
1433 3995 1530 4048 καὶ
1555 3995 1826 4059 διώξωσι.

366 4086 488 4140 144.
523 4088 844 4160 Δικαιοσύνη
878 4091 993 4142 ἐστὶ
1024 4091 1092 4144 τὰ
1127 4089 1402 4162 μαρτύριά
1430 4107 1523 4142 σου
1555 4091 1648 4142 καὶ
1677 4089 1867 4150 εἰςτὸν

295 4181 410 4247 νῦν,
441 4183 537 4236 καὶ
571 4184 650 4245 εἰς
679 4182 939 4252 μέλλοντα
970 4183 1160 4236 αἰῶνα·
1196 4181 1470 4235 συνέτισόν
1501 4198 1567 4251 με
1591 4180 1748 4243 αὐτὰ,
1775 4179 1870 4233 καὶ

297 4271 535 4343 ζήσομαι
567 4273 634 4325 δι’
665 4272 864 4326 αὐτῶν.

367 4361 492 4416 145.
527 4363 720 4433 Κύριε,
769 4361 1194 4433 μακροθύμησον
1231 4361 1318 4413 ἐπ’
1357 4359 1509 4429 ἐμοὶ,
1560 4360 1655 4411 καὶ
1697 4357 1872 4411 πάντα
1898 4393 1948 4450 D

299 4471 382 4506 σοι
437 4452 701 4506 ἀποδώσω
724 4473 737 4485 -
776 4452 1053 4522 ὲπιϐλέψω
1106 4451 1214 4523 γὰρ
1246 4454 1326 4514 εἰς
1359 4451 1459 4513 τὰς
1492 4451 1712 4520 Γραφάς
1753 4466 1869 4510 σου,

296 4545 391 4597 καὶ
426 4544 520 4596 ἐπὶ
552 4543 750 4612 γνῶσιν
785 4543 836 4596 τί
876 4542 994 4613 [καὶ
1030 4543 1315 4610 ὲπὲγνωκα
1353 4539 1429 4613 τί]
1454 4540 1553 4593 οὐκ
1581 4539 1874 4609 ὲπλήρωσα

297 4637 356 4686 ἐν
379 4635 592 4695 αὐταῖς,
621 4635 713 4686 καὶ
735 4631 893 4685 τοῦτό
920 4651 1012 4690 σοι.
1037 4632 1250 4702 ἀποπλη
1261 4629 1438 4702 ρώσω.

368 4723 492 4777 146.
526 4724 616 4775 Ἐν
644 4723 803 4794 ὀδύνῃ
825 4723 925 4792 τῆς
952 4723 1177 4793 καρδίας
1213 4738 1314 4792 μου
1355 4721 1490 4793 πρὸς
1531 4721 1592 4774 σέ
1612 4736 1626 4750 ο
1659 4719 1871 4790 βεϐυθι-

300 4816 498 4884 σμένον
522 4815 650 4867 ὄντα
690 4832 756 4885 με
800 4815 905 4868 ὑπὸ
938 4815 1038 4883 τῆς
1076 4813 1351 4884 ἁμαρτίας
1387 4812 1580 4875 σῶσον,
1623 4812 1696 4873 ὡς
1735 4810 1872 4862 ἔσω-

299 4923 400 4968 σας
459 4906 550 4959 τὸν
583 4906 788 4977 Πέτρον
828 4907 885 4957 ἐν
923 4904 1002 4974 τῷ
1039 4904 1264 4956 κλύδωνι
1315 4904 1412 4974 τῆς
1447 4903 1754 4972 θαλάσσης,
1785 4901 1878 4952 καὶ

298 4998 400 5048 οὐκ
442 4996 509 5048 ἂν
549 4995 694 5048 ἐάσω
721 4996 788 5048 τὰ
821 4993 1095 5067 μαρτύριὰ
1126 5012 1240 5048 σου.

371 5087 495 5140 147.
546 5089 631 5150 Ὠς
662 5087 880 5158 ἑώρακα
902 5087 1277 5158 ήσυχάζουσαν
1305 5085 1402 5155 τὴν
1433 5084 1612 5153 ψυχήν
1647 5099 1746 5152 μου
1771 5082 1877 5133 ἀπὸ

297 5179 407 5232 τῶν
430 5180 761 5249 ὲνοχλουσῶν
789 5180 976 5250 αὐτὴν,
1001 5177 1336 5250 ὲξωμολογού
1347 5194 1451 5246 μην
1475 5193 1556 5228 σοι
1579 5175 1676 5237 τὰς
1703 5175 1878 5244 ἁμαρ-

298 5275 422 5336 τίας
457 5291 579 5344 μου·
618 5274 823 5343 ἤλπισα
863 5272 971 5342 γὰρ
1015 5274 1094 5334 εἰς
1138 5272 1264 5333 τοὺς
1300 5269 1492 5336 λόγους
1531 5285 1645 5329 σου,
1688 5266 1767 5318 ὅτι
1804 5263 1871 5336 ἧς

299 5362 538 5434 εἰρηκὼς
561 5380 574 5394 ’
605 5364 782 5416 Δεῦτε
813 5363 962 5430 πρός
985 5379 1059 5430 με
1087 5359 1307 5424 πάντες
1338 5361 1392 5410 οἱ
1419 5355 1744 5420 κοπιῶντες
1771 5356 1868 5407 καὶ

300 5452 788 5522 πεφορτισμένοι,
825 5451 987 5522 κάγὼ
1015 5453 1344 5506 ἀναπαύσω
1378 5447 1550 5519 ὑμᾶς.

377 5566 466 5620 ⁸⁸1
500 5566 627 5622 Cor.
667 5582 750 5629 nt,
789 5567 874 5619 12.
955 5567 1000 5596 ⁸⁵
1027 5564 1215 5620 Matth.
1257 5580 1312 5630 ν,
1346 5563 1400 5627 6,
1435 5562 1523 5615 11.

1837 3050 1932 3112 λϐ

2026 2259 2147 2313 159.
2182 2255 2432 2310 Emarcui
2465 2262 2610 2309 totus
2657 2251 2727 2307 ob
2764 2250 2939 2305 zelum
2975 2263 3102 2319 erga
3140 2257 3211 2311 te,
3261 2247 3518 2326 quoniam

1955 2349 2114 2404 video
2166 2348 2450 2403 haereticos
2501 2344 2777 2401 contraria
2839 2342 2965 2398 ﬁdei
3013 2351 3118 2398 tuae
3163 2347 3439 2396 sumentes
3490 2354 3523 2395 α

1957 2440 2252 2509 Seripturis
2282 2438 2414 2493 tuis.

2034 2531 2157 2584 140.
2187 2529 2456 2596 Quoniam
2483 2527 2624 2598 ignis
2653 2541 2770 2596 ipse
2806 2540 2886 2591 es,
2912 2531 2967 2579 et
2994 2523 3157 2594 ignita
3191 2521 3404 2590 eloquia
3429 2528 3522 2574 tua

1963 2632 2088 2678 sunt
2115 2623 2181 2676 ad
2232 2619 2659 2675 comburendum
2707 2618 2874 2686 ligna,
2926 2615 3132 2681 fenum,
3177 2613 3430 2683 stipulam
3455 2612 3522 2676 ⁸⁵,

1962 2713 2067 2768 hoc
2096 2719 2181 2766 est
2209 2710 2485 2779 improbas
2516 2707 2777 2762 actiones.
2827 2704 2930 2770 Qui
2966 2712 3142 2756 autem
3174 2715 3365 2756 servus
3398 2708 3528 2754 tuus

1961 2812 2065 2868 est,
2105 2803 2279 2872 diligit
2319 2800 2596 2870 eloquium
2633 2809 2808 2864 tuum,
2834 2796 3115 2866 quoniam,
3143 2809 3266 2848 eum
3296 2793 3523 2861 ignitum

1963 2893 2053 2957 sit,
2089 2892 2212 2946 vitae
2245 2891 2429 2961 spinas
2457 2888 2750 2943 comburit.

2039 3068 2160 3122 141.
2211 3066 2325 3137 Ego
2366 3080 2509 3119 nunc
2541 3063 2681 3133 coepi
2723 3072 3036 3117 convertere
3085 3073 3172 3112 me
3216 3073 3244 3110 a
3294 3052 3536 3126 peccatis

1964 3163 2101 3215 meis
2142 3161 2208 3215 ad
2257 3169 2328 3222 te,
2363 3167 2416 3213 et
2463 3171 2653 3212 omnes
2684 3169 2772 3209 me
2817 3151 3109 3224 opprobrio
3141 3150 3362 3213 habent,
3405 3156 3524 3201 tan-

1963 3267 2128 3322 quam
2161 3259 2501 3320 peccatorem
2531 3265 2544 3315 ;
2579 3259 2679 3316 ego
2705 3254 2887 3300 autem
2917 3241 3274 3313 opprobratus
3297 3240 3365 3292 ab
3395 3238 3529 3308 ipsis

1957 3343 2381 3414 justiﬁcationes
2412 3349 2537 3395 tuas
2570 3339 2860 3393 custodivi.
3537 3342 3541 3345 '

2037 3434 2162 3488 142.
2188 3433 2415 3488 Faeiens
2449 3431 2717 3501 justitiam
2748 3430 2932 3498 justus
2961 3436 3043 3482 est
3074 3427 3127 3479 in
3163 3435 3448 3486 aeternum,
3478 3432 3532 3475 et

1963 3541 2025 3580 ea
2071 3525 2275 3588 omnia,
2309 3538 2430 3594 quae
2456 3523 2522 3576 de
2561 3521 2798 3576 venturis
2845 3519 3003 3574 bonis
3044 3517 3360 3587 promisisti,
3395 3515 3532 3570 veri-

1962 3623 2045 3669 tas
2075 3620 2223 3668 sunt.

2037 3704 2158 3758 145.
2214 3701 2513 3773 indigentia
2571 3709 2626 3755 et
2683 3701 2989 3770 persecutio
3040 3700 3364 3750 invenerunt
3422 3710 3532 3759 me,

1964 3812 2064 3867 ego
2098 3805 2281 3850 autem
2316 3793 2631 3848 recordatus
2661 3808 2802 3855 sum,
2833 3791 3092 3861 quoniam
3126 3788 3310 3843 dixisti
3337 3806 3348 3839 :
3381 3786 3532 3839 Beati

1966 3889 2058 3958 qui
2087 3887 2330 3940 esuriunt
2361 3883 2432 3956 [et
2455 3885 2642 3937 sitiunt
2665 3880 2974 3952 iustitiam],
3005 3890 3053 3932 et
3083 3881 3221 3932 beati
3240 3880 3384 3942 estis,
3415 3890 3533 3930 cur".

1967 3976 2342 4030 maledixerint
2374 3974 2538 4038 vobis,
2569 3981 2618 4026 et
2644 3970 2900 4041 persecuti
2928 3984 3012 4023 vos
3047 3966 3322 4036 fuerint“.

2040 4068 2164 4122 144.
2201 4066 2420 4121 Iustitia
2455 4073 2585 4120 sunt
2609 4061 2915 4118 testimonia
2949 4069 3058 4124 tua,
3093 4067 3146 4112 et
3173 4058 3227 4109 in
3259 4055 3536 4126 praesenti,

1971 4172 2023 4215 et
2051 4162 2109 4214 in
2143 4159 2326 4214 futuro
2361 4157 2583 4222 saeculo,
2636 4155 2720 4210 fac
2755 4163 2816 4210 ut
2872 4167 2933 4208 ea
2985 4150 3302 4221 intelligam,
3336 4157 3390 4202 et
3439 4162 3534 4216 per

1972 4253 2089 4322 ipsa
2116 4251 2314 4304 vivam.

2049 4343 2173 4397 145.
2217 4340 2465 4403 Domine,
2516 4337 2782 4407 patienter
2827 4349 3040 4390 mecum
3084 4347 3204 4396 age,
3254 4340 3306 4385 et
3356 4330 3536 4383 omnia

1974 4434 2196 4488 reddam
2241 4432 2385 4484 tibi:
2434 4429 2718 4498 respiciam
2748 4428 2891 4482 enim
2943 4427 2997 4479 in
3041 4423 3348 4492 Scripturas
3394 4429 3536 4481 tuas,

1972 4532 2025 4578 et
2060 4537 2384 4592 c0gnoscam
2443 4521 2572 4590 quid
2633 4535 2741 4574 non
2787 4517 3002 4587 implevi
3035 4515 3090 4570 in
3131 4515 3283 4584 ipsis,
3335 4523 3388 4566 et
3435 4513 3541 4566 hoc

1975 4615 2067 4669 tibi
2095 4613 2419 4681 adimplebo.

2048 4703 2171 4757 146.
2208 4701 2448 4756 Clamavi
2482 4702 2535 4753 in
2593 4701 2778 4754 dolore
2823 4699 3004 4753 cordis
3036 4697 3140 4750 mei
3174 4695 3238 4749 ad
3271 4703 3359 4760 te;
3408 4694 3540 4746 sub-

1976 4809 2217 4848 mersum
2259 4808 2349 4846 me
2389 4807 2418 4846 a
2455 4800 2676 4860 peccato
2725 4791 2895 4852 salva,
2946 4785 3402 4857 quemadmodum
3437 4783 3544 4836 sal—

1974 4886 2115 4940 vasti
2168 4884 2387 4938 Petrum
2419 4885 2474 4937 in
2519 4881 2688 4936 ﬂuctu
2734 4881 2924 4947 maris,
2975 4889 3029 4934 et
3081 4892 3188 4932 non
3242 4875 3540 4943 relinquam

1977 4976 2288 5033 testimonia
2321 4985 2432 5028 tua.

2049 5071 2172 5124 147.
2205 5067 2276 5122 Ut
2308 5068 2413 5120 vidi
2448 5066 2683 5119 animam
2726 5078 2902 5117 meam
2938 5062 3306 5132 quiescentem
3343 5072 3374 5109 a
3422 5070 3543 5125 per—

1978 5162 2327 5218 turbantibus
2361 5174 2502 5224 eam,
2530 5157 2815 5212 confessus
2854 5171 2975 5210 sum
3012 5154 3106 5209 tibi
3151 5160 3370 5223 peccata
3399 5161 3539 5209 mea;

1983 5257 2194 5327 speravi
2226 5256 2369 5308 enim
2402 5254 2455 5306 in
2496 5252 2839 5306 sermonibus
2874 5249 3000 5304 tuis.
3039 5245 3295 5316 quoniam
3320 5240 3537 5296 dixisti:

1993 5349 2172 5402 Venite
2207 5347 2274 5398 ad
2320 5360 2420 5409 me,
2458 5358 2633 5396 omnes
2656 5342 2745 5409 qui
2781 5338 3034 5394 laboratis
3067 5346 3118 5390 et
3162 5332 3364 5387 onerati
3394 5329 3542 5390 estis,

1977 5453 2027 5497 et
2058 5459 2150 5511 ego
2191 5439 2424 5507 reﬁciant
2455 5451 2538 5489 vos
2563 5434 2628 5487 ".

1608 5561 1651 5590 “
1676 5559 1862 5614 Matth.
1900 5575 1976 5623 x1,
2008 5557 2099 5609 28.

383 5681 460 5752 (ο)
503 5680 644 5749 Lege
677 5678 1188 5747 ὑπεμιμνησκὸμην,
1229 5675 1416 5746 ὅτιπερ
1448 5670 1625 5738 εἶπας,
1671 5680 1727 5725 ut
1768 5673 1871 5727 col.
1912 5669 2066 5733 1217,
2104 5664 2167 5720 Ν.
2205 5663 2323 5717 164.
