3874 6222
389 252 410 305 1
421 249 524 306 205

392 458 682 512 meditarer
711 459 926 528 eloquia
956 467 1070 514 tua.

463 549 585 603 149.
614 548 810 603 Vocem
841 565 1014 603 meam
1046 551 1170 603 audi
1201 552 1500 605 secundum
1529 554 1956 608 misericordiam

391 655 562 705 tuam,
594 641 841 707 Domine,
885 641 980 713 [et]
1015 642 1311 696 secundum
1347 644 1612 712 judicium
1640 657 1790 701 tuum
1823 648 1958 700 vivi-

392 732 491 787 ﬁca
509 747 616 786 me.

466 823 589 878 150.
620 823 1206 892 Appropinquaverunt
1238 836 1625 894 persequentes
1650 843 1735 882 mc
1758 829 1960 899 iniqui-

396 916 509 980 tati,
549 932 578 970 a
610 917 724 984 lege
751 926 932 970 autem
969 925 1058 970 tua
1092 918 1250 986 longe
1277 917 1404 972 facti
1439 927 1584 971 sunt.

464 1007 589 1059 151.
621 1004 795 1075 Prope
825 1021 884 1061 cs
915 1016 991 1074 tu,
1025 1007 1273 1073 Domine,
1309 1017 1361 1062 et
1400 1025 1588 1063 omnes
1615 1009 1715 1062 viae
1747 1017 1850 1062 tua:
1878 1025 1962 1063 ve-

393 1098 546 1152 ritas.

465 1189 587 1242 152.
621 1188 779 1244 Initio
814 1189 1040 1260 cognovi
1067 1189 1134 1244 de
1171 1191 1498 1245 testimoniis
1547 1190 1656 1243 tuis
1681 1229 1694 1253 ,
1726 1189 1854 1258 quia
1904 1189 1958 1241 in

391 1285 653 1333 aeternum
691 1278 928 1334 fundasti
972 1296 1054 1334 ea.

465 1369 588 1423 155.
629 1368 762 1424 Vide
786 1371 1143 1425 humilitatem
1175 1386 1349 1425 meam
1372 1410 1386 1435 ,
1422 1380 1477 1426 et
1509 1372 1654 1441 eripe
1683 1386 1799 1437 me,
1833 1371 1971 1452 quia.

392 1457 563 1527 legem
597 1468 746 1512 tuam
782 1475 892 1513 non
927 1476 1047 1514 sum
1083 1460 1303 1515 oblitus.

465 1549 590 1604 151.
620 1548 812 1606 Judica
835 1551 1098 1617 judicium
1127 1567 1330 1615 meum,
1361 1560 1416 1606 et
1443 1551 1644 1606 redime
1673 1567 1759 1605 me
1790 1569 1804 1604 :
1835 1565 1961 1620 pro-

392 1650 510 1713 pter
538 1642 814 1710 eloquium
849 1652 997 1698 tuum
1020 1644 1234 1698 vivifica
1262 1659 1368 1698 me.

463 1733 588 1788 155.
624 1731 808 1803 Longe
843 1749 874 1788 a
904 1735 1281 1802 peccatoribus
1309 1733 1494 1803 salusf,
1522 1733 1672 1802 'quia
1697 1732 1961 1801 justiﬁca-
1991 1715 2032 1768 Β

395 1824 572 1879 tiones
604 1832 727 1880 tuas
760 1840 868 1879 non
899 1827 1295 1895 exquisierunt:

465 1913 584 1969 156.
619 1914 1002 1971 Misericordiae
1034 1924 1137 1970 tuae
1164 1916 1366 1981 multae,
1390 1913 1636 1974 Domine,
1667 1912 1964 1968 secundum

388 2005 653 2073 judicium
691 2015 846 2061 tuum
875 2008 1089 2063 viviﬁca
1125 2025 1228 2062 me.

465 2097 588 2151 157.
614 2097 764 2153 Multi
793 2100 884 2169 qui
916 2108 1314 2170 persequuntur
1341 2114 1446 2164 me,
1471 2108 1523 2153 et
1549 2097 1810 2152 tribulant
1833 2111 1920 2150 me
1948 2115 1961 2149 :

393 2208 425 2246 a
454 2192 781 2249 testimoniis
810 2195 919 2251 tuis
948 2211 1054 2249 non
1089 2195 1378 2249 declinavi.

465 2285 588 2339 158.
618 2284 739 2340 Vidi
759 2288 1197 2357 praevaricantes,
1220 2295 1274 2342 et
1298 2287 1640 2342 tabescebam
1670 2303 1682 2338 :
1709 2283 1836 2353 quia
1856 2283 1964 2336 elo-

392 2376 517 2444 quia
548 2383 640 2430 tua
667 2392 777 2431 non
809 2377 1204 2432 custodierunt.

465 2466 588 2520 159.
624 2465 757 2522 Vide
781 2509 795 2531 ,
825 2469 1084 2538 quoniam
1118 2468 1371 2548 mandata
1402 2477 1496 2523 tua
1521 2468 1685 2522 dilexi
1722 2484 1736 2520 :
1774 2465 1960 2522 Domi-

394 2573 482 2625 ne,
514 2559 568 2612 in
597 2559 970 2616 misericordia
1000 2571 1092 2616 tua
1118 2561 1328 2616 viviﬁca
1362 2578 1470 2616 me.

1230 252 1287 308 S.
1330 253 1700 311 ATHANASII
1740 256 1888 311 OPP.
1932 256 2110 313 PARS
2148 258 2237 314 lll.
2278 289 2346 297 —
2384 259 2794 314 EXEGETICA.

463 368 586 422 148.
620 368 1003 424 Praevenerunt
1052 369 1193 425 oculi
1225 371 1329 425 mei
1390 372 1456 426 ad
1487 382 1538 427 te
1587 373 1860 442 diluculo,
1897 386 1956 431 ut
1984 384 2026 439 Α

3497 260 3666 316 1204

2133 377 2255 431 148.
2295 379 2652 449 Προέφθασαν
2676 379 2725 430 οἱ
2754 376 3018 449 ὀφθαλμοί
3042 378 3302 458 μουᾹπρὸς
3320 379 3518 458 βρθρον
3541 380 3663 433 τοῦ

2069 471 2296 540 μελετᾷν
2322 471 2389 522 τὰ
2415 470 2567 538 λόγια
2600 487 2712 524 σου.
2829 501 2836 509 ·
3171 459 3196 464 Ἴ
3247 460 3280 466 ἒ

2139 561 2258 614 149.
2282 562 2393 630 Τῆς
2416 563 2599 632 φωνῆς
2630 581 2730 633 μου
2763 565 3009 624 ἄκουσον,
3035 565 3227 635 Κύριε,
3252 563 3390 616 κατὰ
3413 565 3472 616 τὸ
3494 565 3662 626 ἔλεός

2071 669 2186 715 σου,
2221 651 2362 722 ίκαὶ]
2388 652 2529 705 κατὰ
2556 653 2616 704 τὸ
2645 653 2817 724 κρῖμὰ
2846 672 2937 706 σου
2963 654 3122 725 ζῆσόν
3159 673 3245 725 με.

2137 828 2260 882 150.
2286 831 2668 899 Προσήγγισαν
2687 831 2735 881 οἱ
2757 831 3179 894 καταδιιῦκοντές
3205 850 3270 902 με
3291 833 3512 903 ἀνομίᾳ,
3530 834 3650 885 ἀπὸ

2064 921 2120 972 δέ
2149 919 2242 971 τοῦ
2267 921 2429 990 νόμου
2464 939 2556 973 σου
2589 923 3026 992 ἐμακρύνθησαν.

2136 1011 2262 1065 151.
2301 1013 2502 1080 Ἐγγὺς
2531 1008 2581 1064 εἶ
2613 1015 2698 1078 σὺ,
2734 1014 2939 1084 Κύριε,
2975 1017 3068 1069 καὶ
3102 1019 3268 1070 πᾶσαι
3299 1018 3356 1070 αἱ
3399 1017 3508 1068 ὁδοί
3542 1034 3644 1069 σου

2059 1101 2305 1171 ἀλήθεια.

2136 1191 2258 1244 152.
2294 1193 2428 1244 Κατ’
2453 1193 2626 1262 ἀρχὰς
2656 1193 2825 1261 ἔγνων
2847 1197 2910 1248 ἐκ
2947 1196 3052 1249 τῶν
3083 1198 3394 1269 μαρτυρίων
3418 1216 3533 1263 σου,
3554 1201 3649 1252 ἇτι.

2062 1287 2140 1346 εἰς
2171 1285 2262 1336 τὸν
2295 1284 2466 1337 αἰῶνα
2501 1286 2866 1356 ἐθεμελίωσας
2890 1288 3044 1342 αὐτὰ.

2132 1375 2252 1429 155.
2293 1377 2402 1427 Ἴδε
2436 1375 2534 1446 τὴν
2566 1377 2890 1430 ταπείνωσίν
2933 1396 3056 1448 μου,
3091 1379 3184 1432 καὶ
3211 1379 3393 1442 ἐξελοῦ
3427 1397 3517 1449 με,
3555 1380 3636 1432 ὅτι

2061 1468 2155 1520 τοῦ
2189 1468 2352 1539 νόμου
2381 1486 2472 1520 σου
2504 1469 2600 1521 οὐκ
2631 1469 2989 1540 ἐπελαθόμην.

2133 1559 2254 1612 154.
2288 1561 2488 1630 Κρῖνον
2515 1559 2611 1629 τὴν
2633 1559 2813 1630 κρίσιν
2844 1577 2969 1629 μου,
2999 1563 3092 1615 καὶ
3124 1562 3399 1634 λύτρωσαί
3431 1581 3519 1634 με,
3550 1564 3636 1616 διὰ

2061 1651 2150 1703 τὸν
2176 1649 2329 1718 λόγον
2357 1668 2448 1702 σου
2478 1648 2639 1720 ζῆσόν
2666 1667 2752 1720 με.

2133 1743 2256 1796 155.
2290 1742 2524 1812 Μακρὰν
2555 1742 2660 1794 ἀπὸ
2684 1743 3023 1814 ἁμαρτωλῶν
3048 1745 3308 1815 σωτηρία,
3347 1747 3429 1799 ὅτι
3467 1747 3534 1798 τὰ
3559 1747 3637 1799 δι-

2061 1833 2352 1904 καιώματά
2379 1851 2471 1886 σου
2497 1835 2597 1886 οὐκ
2629 1833 2978 1905 ἐξεζήτησαν.

2133 1924 2254 1978 156.
2286 1925 2349 1976 Οἱ
2381 1923 2652 1994 οἰκτιρμοί
2684 1941 2777 1977 σου
2803 1924 3022 1988 πολλοὶ,
3042 1924 3235 1996 Κύριε,
3263 1925 3406 1978 κατὰ
3433 1926 3493 1978 τὸ
3520 1931 3636 1996 κρί-

2066 2011 2140 2080 μά
2171 2027 2264 2062 σου
2291 2010 2456 2080 ζῆσόν
2486 2029 2573 2082 με.

2135 2101 2259 2154 157.
2295 2102 2487 2154 Πολλοὶ
2527 2103 2575 2154 οἱ
2605 2103 2955 2166 ἐκδιώκοντες
2987 2121 3071 2174 με,
3111 2104 3203 2158 καὶ
3227 2105 3500 2168 θλίϐοντές
3526 2123 3596 2174 με
3621 2123 3632 2136 '

2066 2195 2129 2246 ἐκ
2150 2193 2258 2246 τῶν
2301 2193 2614 2264 μαρτυρίων
2646 2211 2738 2247 σου
2767 2196 2866 2247 οὐκ
2895 2195 3157 2261 ἐξέκλινα.

2134 2283 2256 2336 158.
2282 2280 2432 2336 Εἶδον
2482 2285 2871 2348 ἁσυνετοῦντας
2893 2325 2907 2350 ,
2941 2287 3034 2339 καὶ
3059 2286 3395 2357 ἐξετηκόμην
3418 2327 3432 2350 ,
3459 2288 3540 2339 ὅτι
3571 2288 3641 2340 τὰ

2058 2375 2215 2443 λὸγιά
2249 2392 2342 2428 σου
2379 2376 2477 2428 οὐκ
2502 2375 2851 2444 ἐφυλάξαντο.

2129 2466 2252 2518 159.
2283 2466 2408 2529 Ἴδε,
2440 2467 2522 2519 ὅτι
2549 2466 2648 2529 τὰς
2677 2467 2895 2531 ἐντολάς
2917 2484 3008 2520 σου
3029 2470 3323 2539 ἠγάπησα·
3354 2470 3548 2540 Κύριε,
3581 2473 3638 2524 ἐν

2056 2557 2134 2626 τῷ
2169 2556 2307 2609 ἐλέει
2345 2573 2436 2610 σου
2469 2556 2634 2628 ζῆσόν
2663 2576 2730 2629 με

1515 2676 1887 2770 ATllANASli
1936 2711 2515 2768 INTERPRETATIO.

469 2869 591 2925 148.
617 2869 990 2942 Vigilaverunt
1012 2872 1153 2930 oculi
1182 2873 1361 2927 cordis
1386 2873 1491 2925 mei
1518 2871 1584 2924 ad
1613 2869 1853 2925 suaviter
1869 2883 1963 2923 ex-

395 2960 700 3030 cipiendam
729 2963 905 3017 lucem
941 2963 1344 3033 Scripturarum
1377 2973 1615 3017 tuarum.

469 3053 593 3108 149.
621 3052 772 3108 Sicut
793 3054 1060 3111 immensa
1081 3067 1164 3110 est
1186 3056 1556 3110 misericordia
1581 3064 1691 3122 tua,
1709 3056 1782 3110 ita
1799 3073 1964 3111 exau-

395 3143 453 3198 di
470 3159 579 3209 me,
597 3154 650 3198 et
675 3145 974 3199 secundum
1000 3146 1329 3200 voluntatem
1349 3154 1496 3199 tuam
1521 3147 1593 3199 ita
1619 3147 1827 3200 viviﬁca
1855 3163 1959 3204 me.

466 3234 590 3289 150.
640 3236 949 3290 Attulerunt
1001 3237 1324 3316 adversariae
1359 3247 1652 3306 potestates
1688 3239 1961 3306 improbas
1989 3265 2030 3320 ο

395 3323 712 3392 cupiditates
729 3341 744 3390 ;
763 3333 820 3378 ut
836 3341 964 3379 vero
981 3313 1230 3380 viderunt
1250 3327 1303 3381 in
1326 3343 1409 3382 me
1429 3329 1773 3383 exsistentem
1793 3329 1959 3398 legem

395 3425 568 3483 tuam,
604 3416 1010 3484 disparuerunt.

469 3509 591 3563 151.
617 3509 791 3579 Prope
820 3525 879 3564 es
906 3519 960 3564 tu
984 3552 999 3573 ,
1031 3509 1290 3572 Domine,
1322 3511 1624 3565 volentibus
1661 3512 1724 3565 ad
1757 3520 1808 3566 te
1835 3529 1964 3566 con-

399 3597 586 3671 fugere
607 3641 622 3666 ,
653 3611 706 3655 et
732 3601 914 3656 omnia
954 3602 1210 3656 mandata
1249 3612 1341 3656 tua
1375 3619 1482 3655 non
1515 3613 1641 3658 sunt
1669 3619 1916 3659 onerosa.

473 3692 598 3747 152.
625 3693 707 3747 Ab
761 3693 921 3748 initio
951 3695 1185 3763 cognovi
1219 3709 1248 3748 e
1289 3693 1586 3763 Scripturis
1620 3696 1728 3752 tuis
1753 3736 1771 3760 ,
1820 3697 1964 3766 quod

400 3785 599 3839 invicta
630 3785 1039 3858 [immutabilia]
1068 3795 1195 3840 sunt
1215 3787 1464 3840 mandata
1502 3796 1613 3841 tua.

467 3879 591 3934 155.
622 3879 1111 3949 Recordare,quod
1131 3889 1272 3933 terra
1301 3887 1354 3933 et
1379 3879 1556 3948 pulvis
1584 3895 1724 3946 sum,
1750 3881 1964 3950 eteripe

395 3985 484 4024 me
512 3970 580 4024 ab
613 3971 940 4026 adversariis
966 3970 1345 4040 potestatibus,
1369 3971 1626 4038 quoniam
1652 3971 1966 4026 indesinen-

398 4071 481 4116 ter
510 4063 776 4117 sollicitus
817 4079 960 4126 sum,
997 4063 1274 4131 quomodo
1307 4063 1556 4131 impleam
1591 4065 1758 4133 legem
1795 4073 1961 4118 tuam.

467 4152 1044 4222 154.Quandoquidem
1070 4152 1253 4221 justus
1280 4153 1447 4222 judex
1472 4154 1709 4216 exsistis,
1739 4170 1824 4208 me
1859 4155 1965 4207 ini-

395 4259 503 4314 que
525 4259 846 4313 oppressum
869 4257 899 4295 a
925 4241 1262 4296 daemonibus
1289 4242 1455 4296 libera
1477 4283 1491 4306 ,
1521 4251 1574 4295 et
1596 4257 1845 4296 sermone
1873 4250 1966 4295 tuo

395 4337 606 4391 viviﬁca
636 4351 741 4391 me.

464 4429 592 4484 155.
616 4426 884 4493 Quoniam
906 4425 1092 4480 dixisti
1119 4423 1319 4480 :Nemo
1342 4432 1575 4478 vestrum
1606 4424 1789 4493 inique
1810 4433 1961 4494 agat;

394 4521 555 4574 morti
578 4519 760 4573 traditi
789 4527 916 4572 sunt
943 4528 1260 4587 peccatores
1284 4559 1298 4582 ,
1332 4519 1456 4586 quia
1490 4528 1812 4586 respuerunt
1839 4534 1964 4587 pro-

394 4612 712 4665 missionem
736 4612 860 4664 vita:
890 4617 1149 4664 venturae.

465 4703 589 4757 156.
623 4700 760 4756 Novi
795 4703 1090 4755 immensas
1127 4717 1246 4754 esse
1277 4701 1654 4756 miserationes
1685 4709 1842 4764 tuas,
1875 4717 1960 4756 se-

395 4795 634 4848 cundum
669 4793 1003 4848 voluntatem
1041 4803 1188 4846 tuam
1224 4791 1435 4845 vivitica
1473 4806 1576 4844 me.

467 4884 590 4939 157.
620 4884 922 4938 Contraria;
963 4892 1276 4954 potestates.
1330 4882 1464 4936 Nam
1496 4883 1812 4937 recordatus
1844 4900 1964 4937 sum

394 4982 450 5030 te
467 4975 670 5029 dixisse
692 4973 791 5028 :In
813 4976 1073 5044 patientia
1091 4974 1418 5044 possidebitis
1444 4976 1649 5027 animas
1673 4984 1868 5028 vestras
1884 4976 1964 5040 ⁶⁷;

393 5074 450 5120 et
478 5084 490 5119 :
517 5063 621 5130 Qui
644 5066 953 5119 sustinuerit
977 5068 1033 5120 in
1062 5067 1218 5134 ﬁnem
1240 5105 1255 5131 ,
1289 5066 1370 5117 hic
1404 5065 1578 5118 salvus
1603 5067 1702 5118 erit
1725 5066 1788 5118 ‘3.

467 5157 589 5212 158.
621 5155 913 5212 Observavi
946 5167 1252 5226 pereuntes,
1283 5168 1335 5211 et
1370 5173 1478 5227 prae
1515 5157 1862 5212 tribulatione
1889 5166 1969 5212 ta-

399 5250 710 5314 bescebam,
743 5249 870 5319 quia
899 5249 1166 5304 voluntati
1201 5259 1305 5303 tua:
1342 5249 1686 5303 resistebant.

468 5340 593 5394 159.
616 5338 721 5407 Qui
772 5340 1016 5394 omnium
1067 5339 1231 5394 corda
1282 5339 1485 5404 noscis,
1551 5338 1750 5392 novisti
1803 5353 1969 5393 suave

397 5431 530 5485 mihi
571 5448 691 5487 esse
728 5432 952 5502 implere
988 5441 1254 5502 prmcepta
1288 5440 1398 5494 tua,
1432 5431 1680 5496 Domine,
1706 5433 1971 5488 miserens

397 5522 524 5586 mei,
546 5530 601 5576 et
627 5521 894 5592 adjuvans
921 5540 1008 5579 me
1035 5525 1249 5579 viviﬁca
1279 5539 1364 5578 me
1390 5525 1562 5593 gratia
1598 5535 1710 5578 tua.

476 5634 521 5667 "’
545 5633 675 5688 Luc.
713 5650 825 5700 xm,
863 5637 949 5690 19.
1056 5639 1099 5668 ”
1129 5637 1292 5691 Marc.
1331 5653 1465 5702 xm,
1507 5638 1592 5692 13.

2132 2869 2252 2923 148.
2280 2869 2516 2939 Ἀνῆψαν
2537 2871 2585 2922 οἱ
2609 2871 2872 2940 ὀφθαλμοὶ
2892 2872 2990 2942 τῆς
3011 2872 3236 2943 καρδίας
3261 2889 3363 2943 μου
3386 2874 3447 2926 τὸ
3467 2873 3648 2942 ἡδέως,

2060 2957 2314 3022 δέξασθαι
2348 2959 2407 3011 τὸ
2437 2960 2551 3027 φῶς
2583 2960 2690 3012 τῶν
2724 2961 2952 3030 Γραφῶν
2993 2979 3107 3014 σου.

2130 3049 2253 3102 149.
2288 3049 2483 3112 Καθὼς
2525 3051 2828 3121 ἁμέτρητόν
2871 3055 2986 3103 ἐστι
3017 3052 3078 3104 τὸ
3109 3051 3254 3114 ἔλεός
3299 3069 3391 3103 σου
3416 3092 3430 3116 ,
3464 3052 3639 3114 οὕτως

2060 3141 2289 3194 ἄκουσόν
2325 3159 2448 3211 μου,
2475 3144 2568 3194 καὶ
2597 3142 2777 3206 καθὼς
2807 3144 2999 3208 Θέλεις,
3025 3144 3197 3206 οὕτως
3228 3147 3390 3214 ςῆσόν
3420 3165 3509 3216 με.

2135 3231 2257 3285 150.
2289 3231 2632 3302 Προσέφερον
2682 3236 2736 3286 αἰ
2768 3235 3004 3287 ἐναντίαι
3045 3235 3301 3304 δυνάμεις
3343 3236 3640 3304 ἐπιθυμίας

2065 3323 2305 3392 πονηράς
2325 3340 2337 3352 ·
2389 3324 2518 3375 ὡσεὶ
2554 3322 2649 3394 [ὡς
2682 3324 2759 3396 δὲ]
2788 3321 2924 3380 εἶδον
2963 3327 3020 3378 ἐν
3054 3328 3174 3396 ἐμοὶ
3202 3327 3328 3380 ὄντα
3359 3328 3450 3382 τὸν
3475 3330 3638 3398 νόμον

2065 3431 2180 3475 σου,
2208 3415 2440 3481 demisi:
2463 3415 2725 3482 ἐγένοντο.

2135 3504 2254 3556 151.
2287 3503 2519 3573 Πλησίον
2547 3501 2596 3557 εἷ
2616 3507 2701 3568 σὺ,
2727 3506 2918 3576 Κύριε,
2947 3506 3053 3558 τῶν
3072 3506 3331 3560 θελόντων
3363 3509 3649 3578 προσφεύ-

2063 3609 2179 3660 γειν
2214 3610 2313 3654 σοι,
2347 3595 2440 3645 καὶ
2472 3596 2639 3647 πᾶσαι
2670 3596 2725 3648 αἱ
2762 3595 2968 3647 ἐντολαί
3000 3613 3091 3648 σου
3126 3598 3225 3648 οὐκ
3269 3598 3373 3649 εἰσὶ
3403 3597 3638 3668 βαρεῖαι.

2140 3684 2258 3737 152.
2293 3685 2382 3750 Ἐξ
2413 3687 2587 3756 ἀρχῆς
2619 3687 2932 3756 συνετίσθην
2969 3687 3032 3739 ἐκ
3074 3687 3179 3739 τῶν
3232 3688 3464 3757 Γραφῶν
3519 3705 3636 3750 σου,

2064 3777 2146 3828 ὅτι
2176 3777 2407 3846 ἀνίκητὰ
2436 3777 2708 3848 [ἀκίνητά]
2737 3779 2840 3829 εἰσι
2867 3776 2934 3830 τὰ
2963 3779 3356 3848 προστάγματὰ
3379 3797 3495 3831 σου.

2137 3866 2258 3920 155.
2285 3868 2588 3937 Μνήσθητι,
2607 3867 2776 3935 ὅτιγῆ
2805 3868 2898 3920 καὶ
2927 3869 3117 3930 σποδός
3143 3870 3277 3938 εἰμι,
3304 3870 3398 3920 καὶ
3426 3868 3604 3932 ἐξελοῦ
3625 3899 3636 3906 -

2069 3977 2163 4028 μαι
2191 3957 2396 4029 [ἐξελοῦ
2426 3958 2516 4029 με]
2546 3960 2608 4010 ἐκ
2638 3958 2744 4010 τῶν
2771 3959 3026 4011 ἐναντίων
3047 3957 3352 4028 δυνάμεων,
3376 3961 3458 4011 ὅτι
3483 3977 3639 4029 μερι-

2068 4051 2183 4120 μνὼ
2219 4051 2575 4113 ἀδιαλείπτως
2616 4051 2673 4102 τὸ
2709 4051 2826 4113 πῶς
2860 4051 3130 4123 πληρὼσω
3162 4052 3252 4104 τὴν
3305 4053 3467 4121 νόμον
3523 4069 3636 4104 σου.

2137 4141 2256 4194 154.
2275 4143 2360 4204 Ὠς
2380 4143 2749 4213 δικαιοκρίτης
2767 4143 3049 4214 ὑπάρχεις,
3069 4143 3416 4212 ἀδικούμενον
3443 4160 3508 4212 με
3535 4142 3649 4194 ὑπὸ.

2067 4234 2173 4286 τῶν
2195 4235 2462 4304 δαιμόνων
2493 4234 2783 4306 λύτρωσαι,
2815 4235 2906 4288 καὶ
2931 4235 3018 4288 διὰ
3049 4234 3136 4288 τὸν
3160 4235 3316 4303 λόγον
3346 4251 3438 4287 σου
3464 4237 3639 4288 ἕτισόν

2068 4344 2134 4397 με
2270 4328 2357 4379 τόν
2391 4327 2502 4398 ps].

2138 4421 2259 4474 155.
2282 4421 2402 4472 Ὅτι
2426 4417 2610 4483 εἶπας*
2645 4419 2808 4471 Οὐδὲν
2840 4418 3058 4491 [οὐδεὶς]
3087 4419 3238 4489 ὑμῶν
3266 4419 3325 4471 οὐ
3354 4419 3425 4488 μὴ
3453 4418 3640 4488 ἀδική-

2069 4529 2137 4587 σῃ
2159 4532 2171 4544 ⁸
2196 4513 2630 4582 τεθανατωμένοι
2657 4513 2791 4563 εἰσιν
2816 4513 2864 4563 οἰ
2891 4511 3215 4582 ἁμαρτωλοὶ,
3245 4511 3326 4562 ὅτι
3347 4509 3443 4578 τὴν
3469 4512 3647 4577 ἐπαγ--

1995 4594 2040 4650 Ῑ)
2067 4608 2250 4677 γελίαν
2281 4608 2379 4675 τῆς
2410 4607 2556 4674 ζωῆς
2595 4605 2694 4674 τῆς
2730 4604 3026 4675 μελλούσης
3060 4606 3157 4656 οὐκ
3188 4603 3476 4672 ἠθέλησαν.

2137 4697 2258 4751 156.
2291 4693 2420 4749 υἷδα
2460 4698 2540 4748 ὃτι
2562 4696 2858 4767 ἀμέτρητοί
2878 4699 3012 4749 εἰσιν
3046 4696 3096 4748 οἰ
3121 4694 3390 4764 οἰκτιρμοί
3419 4710 3532 4760 σου,
3563 4692 3638 4755 ὡς

2066 4789 2256 4852 θέλεις,
2289 4787 2448 4858 ζῆσόν
2481 4805 2565 4858 με.

2137 4880 2258 4934 157.
2283 4883 2344 4933 Αἰ
2367 4880 2895 4950 ἐναντίαιδυνάμεις.
2946 4881 3302 4951 Ἐμεμνήμην
3322 4881 3430 4950 γὰρ
3460 4882 3638 4933 εἰπόν-

2065 4989 2155 5035 τος
2181 4989 2271 5026 σου
2294 4989 2307 5001 ·
2356 4972 2449 5024 Ἐν
2467 4971 2742 5040 ὑπομονῇ
2765 4970 3072 5036 κτήσασθε
3089 4974 3195 5036 τὰς
3220 4974 3425 5039 ψυχὰς
3448 4970 3631 5040 ὑμῶν,

2065 5065 2160 5118 καὶ
2186 5068 2216 5118 0'
2247 5066 2572 5132 ὑπομείνας
2590 5066 2674 5129 εἰς
2701 5063 2873 5128 τέλος
2907 5061 3082 5127 οὗτος
3113 5064 3467 5128 σωθήσεται.

2138 5157 2254 5209 158.
2276 5159 2565 5227 Προσεῖχον
2586 5157 2710 5218 τοὺς
2730 5155 3148 5226 ἀπολλυμένους,
3173 5154 3506 5224 ἐξετηκόμην
3529 5154 3638 5206 ἀπὸ

2065 5247 2165 5316 τῆς
2201 5247 2452 5316 θλίψεως,
2479 5249 2558 5300 ὅτι
2586 5248 2664 5317 τῷ
2699 5246 2996 5316 βουλήματί
3032 5263 3122 5298 σου
3155 5246 3493 5298 ἀνθίσταντο.

2139 5340 2261 5393 159.
2298 5339 2719 5410 Καρδιογνιὶῖστα
2754 5339 2990 5401 πάντων,
3019 5335 3184 5400 οἶδας,
3219 5339 3298 5390 ὅτι
3337 5337 3507 5407 ἡδέως
3531 5336 3642 5405 ἔχω

2070 5432 2351 5503 πληρῶσαι
2409 5434 2504 5494 τὰς
2535 5431 2752 5494 ἐντολάς
2785 5449 2876 5484 σου
2903 5474 2916 5495 ,
2949 5431 3151 5501 Κύριε·
3189 5429 3354 5482 ἐλεῶν
3384 5446 3450 5500 με
3477 5469 3492 5492 ,
3545 5430 3635 5481 καὶ

2073 5525 2280 5596 βοηθῶν
2319 5543 2408 5593 με,
2443 5523 2608 5594 ζῆσόν
2641 5542 2706 5595 με
2733 5525 2820 5579 διὰ
2842 5525 2938 5595 τῆς
2971 5523 3187 5596 χάριτός
3214 5539 3326 5576 σου.
