3874 6222
250 339 276 391 1
285 337 396 392 205

1089 330 1177 383 DE
1219 327 1496 382 TlTULlS
1538 324 1986 381 psawonun.
2023 358 2091 366 _
2126 317 2350 378 PSAL.
2422 272 2650 368 σιῖῑίη.

3383 335 3519 390 1206

322 452 444 508 160.
464 450 632 522 Ἀρχὴ
650 447 757 500 τῶν
777 445 947 514 λόγων
966 463 1057 498 σου
1075 445 1317 516 ἀλήθεια,
1337 447 1428 497 καὶ
1450 447 1526 507 είς
1545 445 1635 496 τὸν
1657 442 1823 496 αἰῶνα

2000 441 2119 496 160.
2154 419 2520 522 Ρήηιῖῖρῖυξυ
2544 433 2831 522 Ϊθΐὺοτυιη
2869 453 3084 496 tuorum
3122 445 3337 510 veritas,
3372 457 3425 502 et
3458 449 3508 501 in

247 543 432 596 πάντα
463 541 532 593 τὰ
561 538 802 610 κρίματα
829 539 927 607 τῆς
955 536 1301 606 δικαιοσύνης
1338 554 1450 589 σου.

323 631 446 685 161.
475 632 765 700 ’Ἄρχοντες
785 627 1117 694 κατεδίωξὰν
1141 646 1208 698 με
1230 627 1456 697 δωρεὰν,
1481 626 1574 679 καὶ
1595 625 1704 678 ἀπὸ
1724 625 1831 679 τῶν

244 723 426 791 λόγων
460 739 552 774 σου
587 719 881 772 ἐδειλίασεν
908 721 939 788 ἠ
969 719 1162 790 καρδία
1200 736 1321 789 μου.

321 813 445 867 162.
481 811 906 882 Ἀγαλλιάσομαι
939 809 1049 879 ἐγὼ
1082 812 1174 864 ἐπὶ
1205 811 1273 863 τὰ
1313 809 1468 878 λόγιά
1508 826 1601 862 σου
1630 849 1645 874 ,
1697 810 1772 872 ὡς
1803 811 1832 862 ὁ

242 906 525 978 σΰρίσκων
557 904 726 956 σκῦλα
760 901 948 955 πολλά.

321 997 445 1051 165.
477 995 713 1048 Ἀδικίαν
732 996 992 1066 ἐμίσησα,
1012 994 1105 1048 καὶ
1127 993 1495 1063 ἐϐδελυξάμην
1514 1010 1528 1024 ο
1551 993 1642 1045 τὸν
1671 992 1726 1044 δέ
1746 991 1832 1044 νό-

247 1103 351 1156 μον
386 1103 479 1138 σου
507 1085 789 1155 ἠγάπησα.

320 1175 444 1230 164.
475 1176 735 1238 Ἑπτάκις
753 1177 852 1246 τῆς
875 1176 1086 1246 ἡμέρας
1109 1174 1277 1245 ᾕνεσά
1307 1192 1364 1227 σε
1389 1174 1480 1226 ἐπὶ
1499 1174 1565 1228 τὰ
1588 1175 1827 1244 κρίματα

240 1267 348 1336 τῆς
374 1266 718 1337 δικαιοσύνης
750 1284 864 1326 σου.

319 1357 442 1411 165.
467 1359 670 1430 Εἰρήνη
699 1358 866 1428 πολλὴ
886 1361 998 1421 τοῖς
1018 1357 1270 1426 ἀγαπῶσι
1293 1359 1381 1411 τὸν
1405 1357 1567 1428 νόμον
1593 1374 1706 1425 σου,
1732 1357 1826 1411 καὶ

241 1453 346 1505 οὐκ
385 1451 532 1504 ἐστιν
567 1453 750 1514 αὐτοῖς
787 1449 1098 1504 σκάνδαλον.

319 1542 446 1596 166.
480 1543 830 1612 Προσεδόκων
859 1543 919 1594 τὸ
948 1541 1214 1612 σωτήριόν
1250 1556 1366 1605 σου,
1392 1539 1584 1610 Κύριε,
1608 1540 1825 1601 καὶτὰς

241 1631 465 1694 ἐντολάς
501 1647 592 1683 σου
627 1631 912 1702 ἠγάπησα.

315 1722 440 1777 167.
477 1722 774 1791 Ἐφύλαξεν
803 1725 834 1793 ἡ
863 1721 1007 1793 ψυχή
1040 1739 1140 1793 μου
1171 1720 1240 1775 τὰ
1275 1719 1550 1791 μαρτύριά
1580 1736 1693 1785 σου,
1730 1719 1824 1771 καὶ

241 1813 431 1884 ἠγάπη
441 1831 528 1866 σεν
560 1814 700 1867 αὐτὰ
727 1813 952 1883 σφόδρα.
1365 1821 1370 1828 ’

317 1905 443 1960 168.
474 1904 744 1974 Ἐφύλαξα
772 1904 869 1967 τὰς
903 1904 1120 1966 ἐντολάς
1155 1921 1248 1956 σου
1295 1903 1389 1956 καὶ
1431 1902 1501 1954 τὰ
1553 1899 1827 1972 μαρτύριά

243 2015 357 2050 σου·
397 1997 478 2049 ὅτι
507 1998 678 2050 πᾶσαι
710 2000 764 2050 αἱ
789 1997 898 2049 ὁδοί
932 2014 1032 2066 μου
1058 1996 1310 2050 ,ἐναντίον
1343 2011 1460 2058 σου,
1490 1994 1682 2064 Κύριε.

314 2087 438 2144 169.
475 2088 782 2158 Ἐγγισάτω
813 2091 846 2159 ὴ
879 2087 1060 2158 δέησίς
1091 2105 1192 2158 μου
1226 2085 1454 2140 ἐνώπιόν
1477 2103 1568 2139 σου
1589 2124 1603 2148 ,
1628 2083 1821 2154 Κύριε,

242 2178 385 2231 κατὰ
414 2177 474 2232 τὸ
503 2177 680 2248 λόγιόν
715 2196 806 2232 σου
837 2179 1110 2232 συνέτισόν
1145 2195 1232 2249 με.

1936 541 2194 584 aeternum
2228 520 2428 584 omnia
2458 510 2661 586 judicia
2688 528 2908 597 justitiae
2932 538 3053 582 tuae.

2009 623 2129 676 161.
2158 619 2452 688 Principes
2482 621 2749 684 persecuti
2775 630 2900 675 sunt
2931 635 3017 674 me
3046 621 3233 690 gratis,
3264 630 3317 676 et
3341 635 3373 675 a
3397 637 3491 676 ver

1933 715 2018 769 bis
2047 715 2154 768 tuis
2192 709 2508 768 formidavit
2535 725 2631 766 cor
2653 728 2851 766 meum.

2004 806 2124 860 162.
2159 804 2405 859 Laetabor
2429 818 2528 874 ego
2552 818 2717 873 super
2739 803 2951 873 eloquia
2980 812 3072 858 tua
3092 843 3106 869 ,
3145 804 3286 858 sicut
3306 802 3399 874 qui
3429 802 3504 856 in-

1931 897 2079 950 venit
2110 897 2282 964 spolia
2312 895 2502 948 multa.

2001 982 2124 1035 165.
2151 981 2498 1051 lniquitatem
2520 983 2647 1038 odio
2670 981 2857 1049 habui,
2889 991 2941 1036 ct
2969 982 3313 1037 abominatus
3338 997 3457 1037 sum
3482 1000 3496 1035 :

1927 1071 2100 1142 legem
2141 1082 2319 1125 autem
2363 1082 2510 1126 tuam
2543 1074 2728 1127 dilexi.

2001 1165 2124 1219 164.
2162 1166 2372 1234 Septies
2402 1165 2458 1219 in
2491 1165 2577 1220 die
2611 1166 2827 1220 laudem
2861 1165 2970 1219 dixi
3002 1164 3134 1229 tibi,
3168 1178 3331 1234 super
3354 1164 3506 1233 judi-

1929 1257 2012 1311 cia
2041 1257 2266 1325 justitiaa
2299 1271 2426 1311 tuae.

1999 1348 2122 1403 165.
2161 1348 2274 1402 Pax
2311 1348 2484 1402 multa
2520 1347 2873 1417 diligentibus
2904 1347 3075 1417 legem
3102 1355 3274 1414 tuam,
3305 1353 3358 1400 et
3388 1361 3498 1401 non

1926 1448 2011 1496 est
2037 1441 2146 1495 illis
2170 1440 2508 1495 scandalum.

1995 1532 2117 1586 166.
2141 1532 2530 1601 Exspectabam
2548 1532 2784 1588 salutare
2808 1539 2982 1594 tuum,
3004 1529 3251 1596 Domine,
3273 1537 3326 1584 et
3347 1544 3500 1584 man-

1924 1623 2048 1676 data
2087 1631 2178 1676 tua
2206 1621 2390 1675 dilexi.

1998 1713 2121 1768 167.
2147 1711 2452 1767 Custodivit
2479 1712 2662 1765 anima
2692 1725 2814 1765 mea
2841 1709 3154 1765 testimonia
3187 1719 3301 1776 tua,
3335 1717 3389 1764 et
3416 1709 3500 1763 d2;

1855 1789 1898 1847 Β
1924 1803 2057 1857 lexit
2087 1818 2150 1857 ea
2184 1803 2551 1857 vehementer.

1995 1895 2118 1948 168.
2145 1894 2370 1949 Servavi
2394 1893 2650 1948 mandata
2679 1900 2773 1946 tua
2794 1899 2847 1945 et
2875 1891 3186 1946 testimonia
3213 1898 3302 1944 tua
3328 1908 3341 1944 :
3367 1891 3494 1960 quia

1922 2000 2112 2042 omnes
2140 1987 2243 2040 viae
2273 2001 2409 2040 mea:
2436 1986 2493 2039 in
2523 1993 2818 2054 conspectu
2857 1993 2984 2050 tuo,
3025 1981 3273 2036 Domine.

1993 2077 2118 2131 169.
2171 2077 2581 2147 Appropinquet
2613 2075 2921 2145 deprecatio
2961 2089 3082 2128 mea
3112 2073 3167 2126 in
3196 2078 3493 2141 conspectu

1920 2178 2037 2235 tuo,
2082 2169 2332 2239 Domine,
2358 2168 2516 2239 juxta
2547 2167 2826 2238 eloquium
2859 2176 3011 2221 tuum
3050 2163 3282 2220 damihi
3335 2163 3494 2217 intel-

1919 2263 2140 2316 lectum.

1367 2392 1744 2447 ATHANASll
1792 2391 2378 2449 lNTERPRETATlO.

318 2503 438 2558 160.
460 2504 627 2575 Ἀρχὴ
646 2504 754 2558 τῶν
777 2505 1213 2574 προσταγμάτων
1237 2521 1328 2557 σου
1350 2504 1412 2556 τὸ
1439 2503 1709 2556 πιστεύειν
1741 2505 1821 2566 εἰς

245 2597 327 2660 ἀ,
363 2595 457 2646 καὶ
483 2597 540 2646 ἐν
567 2594 645 2664 τῷ
679 2594 925 2666 μέλλοντι
952 2596 1104 2650 αἰῶνι
1139 2594 1393 2659 ἀπόδοσις
1420 2595 1650 2648 ἑκάστου
1683 2594 1824 2648 κατὰ

245 2694 315 2744 τὰ
339 2691 476 2760 ἔργα
510 2689 698 2744 αὐτοῦ.

317 2777 439 2832 161.
463 2779 527 2829 Αἱ
549 2779 785 2831 ἐναντίαι
807 2778 1064 2848 δυνάμεις
1083 2773 1244 2850 ἦλθον
1259 2777 1508 2846 κατέχειν
1531 2794 1597 2847 με
1619 2777 1697 2839 είς
1722 2794 1824 2846 μα-

247 2870 504 2938 ταιότητα
535 2869 908 2940 ματαιοτήτων
929 2911 942 2935 ,
975 2869 1070 2923 καὶ
1097 2868 1450 2939 ἐπιμνησθεὶς
1474 2870 1574 2938 τῆς
1600 2867 1817 2920 αἰωνίου

247 2962 479 3033 κρίσεως
511 2961 751 3032 ἐφοϐήθη
781 2964 814 3032 ἡ
844 2961 1041 3033 καρδία
1077 2978 1176 3031 μου
1211 2957 1349 3014 εἶναι
1387 2960 1481 3014 σὺν
1508 2959 1708 3021 αὐτοῖς.

316 3053 441 3107 162.
471 3051 656 3114 Οὕτως
679 3053 854 3122 χαίρω
875 3053 954 3116 εἰς
983 3051 1050 3105 τὰ
1075 3051 1233 3120 λόγιά
1259 3068 1374 3117 σου,
1405 3051 1479 3115 ὡς
1503 3052 1530 3103 ὁ
1551 3051 1818 3121 εὑρίσκων

245 3143 518 3214 θησαυρὸν
547 3141 875 3212 ἀμέτρητον.

317 3233 440 3287 165.
473 3233 659 3286 Πᾶσαν
688 3233 959 3306 ἁμαρτίαν
988 3233 1227 3304 ἐμίσησα
1247 3273 1261 3297 ,
1298 3232 1390 3287 καὶ
1425 3231 1818 3304 βδελύσσομαιο

247 3325 306 3378 τὸ
348 3324 405 3377 δὲ
434 3324 655 3394 ἀγαπᾷν
700 3341 759 3376 σε
812 3324 1022 3378 καὶτὸν
1056 3323 1301 3394 πλησίον,
1333 3325 1478 3396 χαρά
1515 3325 1615 3395 μού
1651 3329 1838 3383 ἐστιν-

320 3414 442 3468 164.
472 3414 545 3466 Τὸ
575 3416 670 3485 μέν
699 3415 911 3486 πρῶτον
932 3433 945 3445 ’
982 3415 1275 3479 ἀπαύστως
1303 3417 1608 3487 ᾕνεσάσοι,
1645 3419 1824 3470 ἐπιτε-

248 3507 325 3560 λῶ
361 3507 642 3578 διεγείρων
671 3508 878 3579 ἀγαθὴν
909 3509 1007 3578 τὴν
1039 3509 1383 3579 δικαιοσύνην
1414 3527 1508 3564 σου
1528 3527 1542 3540 ·
1578 3513 1671 3564 καὶ
1701 3512 1820 3564 ἐτέ-

249 3617 360 3670 ρως
385 3599 442 3652 δέ
476 3599 636 3653 πάλιν
667 3603 897 3652 νοεῖται·
932 3601 1012 3652 ὅτι
1045 3600 1132 3653 διὰ
1162 3589 1274 3653 τῶν
1297 3600 1435 3653 ἐπτὰ
1472 3603 1821 3673 χαρισμάτων

249 3688 344 3742 τοῦ
385 3691 563 3759 φωτὸς
601 3706 695 3743 σου
723 3690 832 3743 τῶν
867 3692 1055 3754 ἐντοῖς
1093 3692 1474 3763 προστάγμασι
1497 3694 1592 3763 τῆς
1618 3693 1823 3746 δικαιο-

253 3781 420 3851 σύνης
449 3798 541 3834 σου
571 3782 739 3852 ᾔνεσά
771 3799 828 3834 σε
853 3781 999 3853 ἔργῳ
1031 3783 1124 3834 καὶ
1152 3783 1309 3852 λόγῳ.

326 3872 448 3926 165.
479 3871 544 3926 Οἱ
576 3873 736 3926 πόθον
760 3874 973 3942 ἔχοντες
1009 3873 1294 3944 πληρῶσαι
1332 3873 1423 3926 τὸν
1451 3874 1613 3943 νόμον
1639 3891 1733 3926 σου
1760 3875 1821 3926 ού

254 3963 616 4034 πολεμοῦνται
657 3965 962 4028 ὑπό-τινος,
997 3964 1117 4016 οὐδὲ
1156 3966 1301 4017 ἐστιν
1330 3965 1387 4017 ἐν
1424 3965 1603 4028 αὐτοῖς
1636 3962 1823 4016 ἐπιθυ-

259 4055 358 4125 μία
380 4071 467 4118 τις
498 4056 734 4126 πονηρά·
773 4056 986 4124 ἔχοντες
1011 4057 1118 4130 γάρ
1147 4060 1203 4111 ἐν
1235 4060 1445 4120 ἐαυτοῖς
1465 4057 1562 4128 τὴν
1586 4057 1825 4130 ἀμέτρη-

252 4165 344 4201 τον
373 4146 534 4217 χάριν
562 4164 676 4212 σου,
702 4147 768 4218 ἢν
792 4150 1103 4219 ἠγάπησας,
1131 4149 1405 4221 βοηθοῦσι,
1434 4151 1527 4203 καὶ
1551 4150 1827 4204 διδάσκου-

255 4257 338 4293 σιν
369 4237 586 4302 αὐτούς.

327 4328 453 4384 166.
491 4328 822 4382 Ἀπέϐλεπον
851 4331 930 4393 είς
950 4330 1047 4402 τὴν
1078 4330 1292 4385 αἰώνιον
1324 4330 1487 4403 ζωὴν,
1523 4331 1708 4404 Κύριε,
1733 4333 1827 4387 καὶ

255 4421 344 4473 διὰ
373 4418 532 4472 τοῦτο
566 4422 708 4491 άπερ
741 4421 1080 4492 προσέταξάς
1118 4440 1226 4492 μοι,
1254 4423 1424 4493 ἡδέως
1452 4419 1614 4494 εἶχον.

329 4511 453 4565 167.
475 4513 763 4582 Μέμνηται
782 4513 866 4565 ἀεὶ
888 4513 997 4565 τῶν
1019 4513 1358 4583 παθημάτων
1377 4531 1467 4566 σου
1491 4515 1680 4586 ἡψυχὴ
1706 4497 1832 4586 μου,¹

257 4604 352 4656 καὶ
383 4603 677 4673 ἐγκείμενά
706 4604 851 4657 ἐστιν
884 4605 970 4657 ἀεὶ
1000 4603 1089 4658 διὰ
1115 4605 1214 4674 τῆς
1247 4607 1464 4677 μνήμης
1492 4608 1572 4671 είς
1602 4609 1700 4677 τὴν
1726 4608 1832 4662 διάέ

256 4714 407 4751 νοιαν
431 4697 596 4765 αὐτῆς
622 4699 780 4751 πάνυ.

330 4786 457 4841 168.
497 4787 769 4854 Ἑῳύλαξα
807 4790 864 4841 ἐν
903 4789 1125 4860 ἐμαυτῷ
1164 4791 1303 4861 ὅπερ
1328 4791 1688 4862 ιπροσέταξάς
1719 4811 1827 4864 μοι,

257 4879 352 4930 καὶ
382 4877 778 4948 διεμαρτύρουν
811 4897 898 4950 μοι
926 4882 1124 4945 πάντες
1153 4883 1387 4954 σφόδρα,
1420 4882 1606 4955 ὥσπερ
1652 4885 1832 4938 ἐπιτε-

257 4969 365 5021 λῶν
395 4966 556 5038 [ὃπερ
583 4970 891 5042 ἐπετέλουν]
926 4971 1072 5042 ἔργῳ
1105 4973 1198 5024 καὶ
1228 4973 1390 5044 λόγῳ.

333 5058 456 5113 169.
482 5058 671 5122 Οῦτως
701 5061 945 5131 ἰσχυρὰν,
972 5066 1064 5115 καὶ
1087 5063 1316 5135 δυνατὴν
1341 5066 1562 5136 ποίησον
1595 5069 1690 5136 τὴν
1713 5066 1829 5136 δέη-

260 5149 345 5202 σίν
387 5166 522 5218 μου,
563 5149 703 5203 ὥστε
737 5152 1028 5222 δυνηθῆναι
1057 5156 1222 5226 αὐτὴν
1249 5157 1572 5211 ἁνελθοῦσαν
1609 5158 1832 5229 πλησίον

262 5257 358 5292 σου
392 5241 702 5311 εὑρεθῆναι.
748 5245 817 5295 Ἢ
853 5245 1046 5298 πάλιν·
1077 5248 1247 5310 Αὐτὸς
1289 5251 1477 5302 ἐαυτὸν
1525 5249 1710 5313 κλίνας
1747 5251 1833 5304 διὰ

259 5330 364 5398 τῆς
397 5332 803 5404 φιλανθρωπίας
831 5335 1058 5404 πλησίον
1099 5339 1268 5408 αὐτῆς
1293 5340 1450 5407 γένου
1478 5338 1684 5411 [γενοῦ]
1705 5381 1718 5402 ,
1748 5341 1835 5393 ἵνα

261 5419 388 5474 οὔτε
412 5419 628 5494 [οὕτως]
657 5425 850 5494 ἐγγίσῃ
889 5443 1011 5494 μου,
1049 5428 1144 5480 καὶ
1174 5428 1354 5492 καθὼς
1388 5425 1570 5496 εἴπας,
1593 5430 1830 5494 Αἰτεῖτε,

261 5511 364 5566 καὶ
406 5511 726 5581 δοθήσεται
759 5516 918 5584 ὑμῖν,
958 5518 1046 5580 δός
1081 5537 1168 5588 μοι
1199 5521 1505 5592 αἰτουμένῳ
1538 5522 1635 5592 τὴν
1677 5525 1834 5591 χάριν

261 5620 381 5666 σου,
417 5604 510 5656 καὶ
537 5605 594 5658 ὲν
625 5607 764 5677 αὐτῇ
800 5609 1072 5662 συνὲτισόν
1105 5627 1206 5679 με-

336 5720 380 5750 ⁸⁸
411 5719 597 5775 Matth.
629 5737 720 5787 vn,
756 5721 803 5776 7.

1993 2504 2124 2560 160.
2153 2505 2374 2559 Initium
2405 2490 2788 2559 mandatorum
2818 2513 3037 2558 tuorum
3077 2501 3296 2557 credere
3327 2502 3380 2555 in
3417 2511 3488 2567 to,

1918 2601 1972 2649 et
2005 2595 2059 2648 in
2094 2604 2322 2650 venturo
2362 2595 2560 2649 saeculo
2595 2593 3010 2649 retributionem
3050 2593 3246 2663 cuique
3293 2609 3489 2648 secun-

1918 2686 2046 2740 dum
2079 2702 2240 2756 opera
2271 2685 2410 2755 ejus.

1992 2774 2115 2828 161.
2135 2774 2438 2829 Contrariae
2465 2780 2764 2842 potestates
2793 2781 3079 2836 venerunt,
3108 2783 3168 2828 ut
3188 2775 3492 2830 detinerent

1927 2883 2016 2922 me
2051 2868 2105 2922 in
2139 2869 2376 2923 vanitate
2404 2869 2699 2923 vanitatum
2727 2909 2742 2934 ,
2771 2876 2824 2922 et
2854 2869 3164 2922 recordatus
3197 2871 3381 2922 aeterni
3405 2868 3491 2938 ju-

1928 2961 2058 3016 dicii
2085 2961 2333 3014 extimuit
2365 2976 2457 3015 cor
2485 2977 2666 3016 meum
2703 2976 2825 3016 esse
2863 2977 2986 3016 cum
3019 2961 3173 3030 ipsis.

1998 3050 2119 3104 162.
2141 3049 2217 3104 lta
2243 3052 2450 3121 gaudeo
2481 3052 2534 3105 in
2563 3053 2797 3122 eloquiis
2823 3053 2954 3118 tuis,
2975 3052 3116 3107 sicut
3140 3051 3234 3121 qui
3262 3051 3490 3105 immen-

1924 3157 2044 3196 sum
2076 3143 2395 3196 thesaurum
2421 3143 2647 3197 invenit.

1994 3229 2115 3284 165.
2137 3230 2275 3284 0dio
2304 3231 2489 3297 habui,
2517 3243 2569 3285 et
2590 3232 2876 3286 abominor
2895 3247 3056 3286 onme
3077 3238 3358 3301 peccatum
3379 3247 3393 3296 ;
3417 3230 3496 3284 di-

1923 3321 2090 3392 ligere
2118 3333 2298 3377 autem
2327 3332 2377 3377 te
2408 3330 2461 3376 et
2493 3324 2835 3392 proximum,
2871 3324 3128 3394 gaudium
3165 3338 3345 3377 meum
3387 3331 3488 3376 est.

1995 3413 2120 3467 164.
2175 3414 2419 3470 Primum
2469 3416 2687 3485 quidem
2725 3434 2738 3470 :
2771 3415 3110 3470 incessanter
3160 3414 3373 3471 laudavi
3421 3421 3490 3479 te,

1924 3519 2124 3574 perago
2169 3507 2412 3560 excitans
2453 3507 2725 3575 justitiam
2762 3516 2909 3560 tuam
2938 3508 3138 3561 bonam
3171 3525 3186 3560 :
3215 3507 3371 3560 aliter
3397 3519 3496 3558 au-

1927 3604 2034 3650 tem
2073 3597 2234 3650 etiam
2269 3598 2588 3668 intelligitur
2613 3617 2626 3653 :
2651 3599 2795 3666 quod
2829 3615 2927 3669 per
2960 3609 3162 3668 septem
3213 3599 3350 3652 lucis
3388 3607 3495 3651 tuae

1925 3687 2090 3751 dona,
2123 3703 2244 3756 quae
2274 3688 2327 3740 in
2352 3689 2636 3757 praeceptis
2659 3689 2886 3758 justitiaa
2919 3697 3024 3742 tua:
3051 3696 3198 3751 sunt,
3227 3702 3408 3756 Opere,
3440 3696 3520 3745 et.

1925 3777 2092 3830 verbo
2118 3776 2331 3830 laudavi
2367 3785 2438 3830 te.

1998 3867 2119 3921 165.
2152 3866 2254 3932 Qui
2279 3866 2590 3921 desiderant
2611 3866 2836 3935 implere
2861 3867 3036 3934 legem
3064 3874 3233 3928 tuam,
3266 3879 3296 3918 a
3319 3864 3494 3918 nemi-

1925 3969 1992 4009 ne
2021 3955 2409 4022 impugnantur
2429 3993 2444 4020 ,
2475 3967 2652 4022 neque
2680 3961 2764 4007 est
2797 3953 2850 4006 in
2879 3953 3013 4022 ipsis
3042 3952 3220 4020 aliqua
3247 3950 3495 4020 improba

1927 4046 2193 4117 cupiditas
2221 4065 2234 4102 :
2259 4047 2517 4101 habentes
2538 4046 2680 4101 enim
2707 4047 2762 4100 in
2785 4046 2978 4115 seipsis
3001 4046 3321 4101 immensam
3343 4053 3491 4098 tuam

1927 4139 2180 4211 gratiam.
2211 4154 2378 4209 quam
2415 4138 2654 4194 dilexisti
2682 4177 2696 4202 ,
2732 4138 3031 4208 adjuvant,
3062 4146 3114 4192 et
3142 4121 3488 4193 docent'eos.

1862 4360 1904 4414 ο
2003 4336 2122 4390 166.
2157 4333 2389 4404 Respexi
2422 4335 2477 4388 in
2499 4341 2756 4388 aeternam
2788 4332 2974 4396 vitam,
3007 4333 3250 4396 Domine,
3281 4341 3334 4386 et
3361 4347 3492 4402 pro-

1931 4434 2113 4495 pterea
2145 4441 2265 4493 quae
2314 4425 2618 4494 praecepisti
2652 4425 2786 4479 mihi
2807 4466 2821 4492 ,
2872 4424 3060 4479 suavia
3090 4424 3220 4478 mihi
3252 4423 3489 4477 fuerunt.

2003 4515 2126 4569 167.
2153 4514 2450 4571 [tecm-data
2471 4524 2554 4569 est
2577 4530 2788 4584 semper
2808 4514 3120 4584 passionum
3143 4525 3356 4568 tuarum
3376 4514 3496 4567 ani-

1932 4621 2019 4658 ma
2049 4621 2192 4670 mea,
2208 4613 2260 4658 et
2286 4605 2659 4660 recordatione
2682 4621 2892 4674 semper
2913 4607 3091 4660 inlisa:
3114 4614 3241 4659 sunt
3265 4606 3319 4658 in
3344 4620 3498 4659 men-

1931 4706 1983 4750 te
2015 4697 2132 4764 ejus
2158 4696 2330 4749 valde.

2007 4787 2128 4842 168.
2163 4786 2444 4841 Custodivi
2479 4787 2532 4840 in
2562 4802 2649 4841 me
2680 4803 2797 4856 lpSO
2826 4786 2968 4856 quod
3001 4786 3314 4855 prmcepisti'
3340 4787 3495 4851 mihi,

1933 4887 1986 4930 et
2016 4877 2357 4930 testabantur
2379 4875 2515 4928 mihi
2537 4890 2728 4930 omnes
2755 4875 3120 4938 vehementer,
3161 4875 3308 4943 quod
3335 4889 3500 4943 opere

1933 4976 1988 5022 et
2017 4982 2268 5022 sermone
2297 4967 2659 5035 perﬁciebam.

2007 5059 2129 5113 169.
2158 5057 2233 5112 lta
2263 5059 2500 5112 validam
2547 5074 2610 5112 ac
2641 5066 2912 5128 potentem
2939 5055 3104 5115 redde
3132 5060 3499 5129 precationem

1935 5166 2133 5212 meam,
2166 5157 2225 5203 ut
2251 5151 2498 5218 proxime
2525 5151 2592 5204 ad
2617 5159 2666 5204 te
2697 5151 2872 5204 valeat
2908 5153 3026 5221 ipsa
3059 5152 3358 5221 pervenire.
3394 5153 3502 5205 Aut

1937 5244 2042 5297 alio
2079 5246 2278 5298 modo:
2311 5243 2650 5297 humanitate
2709 5253 2762 5296 te
2809 5243 2986 5313 ipsum
3030 5244 3296 5300 inclinans
3331 5259 3502 5313 prope

1936 5351 2056 5389 eam
2087 5335 2190 5398 sis,
2215 5343 2278 5388 ut
2305 5335 2408 5388 hoc
2433 5335 2596 5389 modo
2626 5335 2759 5388 mihi
2785 5337 3204 5406 appropinques,
3231 5345 3284 5388 et
3311 5351 3502 5405 quem—

1940 5426 2230 5480 admodum
2287 5425 2470 5479 dixisti
2519 5442 2532 5478 :
2573 5424 2764 5491 Petita,
2821 5437 2867 5479 et
2921 5426 3136 5479 dabitur
3178 5426 3318 5480 vobis
3337 5428 3500 5494 ",da

1938 5518 2073 5572 mihi
2107 5517 2305 5586 petenti
2365 5517 2556 5571 ratiam
2586 5525 2756 5575 tuam.
2785 5503 2836 5573 ἐι
2863 5519 2917 5572 in
2952 5520 3067 5588 ipsa
3092 5518 3159 5574 da
3183 5518 3314 5575 mihi
3342 5518 3504 5574 intel-

1939 5611 2157 5665 lectum.
