3874 6222
427 282 565 338 1207

1268 279 1325 332 S.
1370 275 1741 331 ATHANASH
1787 275 1939 328 OPP.
1983 274 2164 327 PARS
2207 275 2292 327 lli.
2330 306 2393 314 —
2423 274 2837 331 EXEGETICA.

3539 285 3695 340 1208

491 396 614 453 170.
648 396 813 451 lntret
841 396 1137 466 postulatio
1168 411 1284 449 mea
1319 396 1371 449 in
1402 404 1697 464 conspectu
1731 405 1845 461 tuo,
1886 396 1995 450 Do-

2168 395 2291 450 170.
2327 395 2573 448 Εἰσέλθοι
2609 395 2669 448 τὸ
2692 394 2909 466 ἀξίωμά
2940 354 3041 467 μου
3069 396 3296 451 ἐνώπιόν
3323 414 3416 450 σου
3437 438 3452 463 ,
3488 399 3694 471 Κύριε,

416 491 564 546 mine
587 531 603 557 ,
638 489 935 545 secundum
967 489 1243 558 eloquium
1277 499 1428 541 tuum
1461 489 1609 557 eripe
1642 504 1749 541 me.

488 582 610 636 171.
646 580 988 635 Eructabunt
1014 582 1155 635 labia
1182 596 1298 635 mea
1322 582 1605 651 hymnum,
1632 595 1755 634 cum
1789 581 1995 635 docue-

417 674 494 727 ris
528 688 614 727 me
648 672 1066 742 justiﬁcationes
1103 684 1246 728 tuas.

488 767 612 821 172.
650 766 1035 821 Pronuntiabit
1086 767 1271 836 lingua
1307 780 1425 819 mea
1479 766 1757 834 eloquium
1809 774 1989 829 tuum,

416 860 541 931 quia
571 861 755 914 omnia
787 861 1041 914 mandata
1074 871 1167 913 tua
1199 862 1450 929 aaquitas.

487 952 607 1007 175.
641 950 761 1006 Fiat
786 968 982 1008 manus
1011 962 1101 1006 tua
1130 961 1188 1006 ut
1213 952 1383 1007 salvet
1413 966 1517 1016 me,
1545 951 1805 1021 quoniam
1832 966 1990 1005 man-

416 1040 538 1095 data
571 1051 662 1096 tua
689 1043 845 1113 elegi.

485 1132 605 1186 174.
634 1132 934 1203 Concupivi
965 1134 1204 1189 salutare
1224 1143 1377 1188 tuum
1414 1134 1665 1199 Domine,
1692 1142 1746 1188 et
1772 1134 1859 1188 lex
1895 1143 1988 1188 tua

415 1225 691 1279 meditatio
724 1242 843 1279 mea
867 1235 969 1281 est.

486 1315 612 1369 175.
645 1315 795 1371 Vivet
814 1318 993 1372 anima
1032 1334 1172 1385 mea,
1197 1329 1250 1373 et
1278 1318 1525 1374 laudabit
1555 1328 1628 1387 te,
1664 1329 1719 1375 et
1773 1320 1978 1390 judicia

418 1416 509 1461 tua
531 1408 861 1477 adjuvabunt
894 1424 1001 1463 me.

484 1503 607 1557 176.
638 1503 829 1559 Erravi
857 1504 999 1559 sicut
1038 1505 1155 1559 ovis
1177 1520 1297 1574 qua
1330 1505 1510 1574 periit,
1548 1522 1733 1575 quaere
1760 1522 1980 1561 servum

414 1604 587 1662 tuum,
611 1595 737 1666 quia
768 1596 1023 1649 mandata
1053 1604 1145 1649 tua
1169 1610 1277 1649 non
1305 1609 1425 1649 sum
1454 1595 1679 1649 oblitus.

2096 490 2236 541 κατὰ
2266 489 2327 541 τὸ
2358 488 2537 557 λόγιόν
2573 506 2666 540 σου
2697 487 2856 559 ῥῦσαί
2895 507 2982 559 με.

2168 581 2289 634 171.
2311 580 2722 651 Ἐξερεύξαιντο
2752 580 2820 633 τὰ
2846 582 2999 652 χείλη
3031 599 3131 652 μου
3158 580 3349 651 ὕμνον,
3383 583 3511 635 ὅταν
3539 584 3692 635 διδά-

2095 673 2192 746 ξῃς
2228 691 2295 743 με
2321 675 2389 726 τὰ
2416 674 2765 744 δικαιώματά
2790 692 2903 728 σου.

2168 765 2291 818 172.
2324 765 2623 834 Φθέγξαιτο
2663 769 2696 837 ἡ
2730 766 2954 834 γλῶσσά
3000 784 3103 836 μου
3133 766 3202 818 τά
3231 766 3387 832 λόγιά
3431 784 3557 832 σου,
3601 769 3691 821 ὅτι

2095 856 2266 908 πᾶσαι
2296 858 2349 909 αἱ
2381 856 2593 909 ὲντολαί
2628 874 2720 909 σου
2754 858 3086 925 δικαιοσύνη.

2166 947 2289 1002 175.
2323 947 2569 1001 Γενέσθω
2594 950 2625 1013 ἡ
2659 948 2779 1019 χείρ
2806 966 2897 1001 σου
2923 948 3016 1003 τοῦ
3044 950 3216 1003 σῶσαί
3248 967 3335 1021 με,
3365 951 3447 1003 ὅτι
3472 952 3571 1014 τὰς
3591 952 3686 1004 ὲν·-

2090 1040 2250 1103 τολάς
2280 1058 2371 1093 σου
2400 1043 2627 1113 ᾑρετισά
2635 1059 2762 1112 μην.

2163 1133 2284 1185 174.
2323 1134 2672 1204 Ἐπεπόθησα
2714 1135 2777 1187 τὸ
2828 1135 3096 1206 σωτήριόν
3130 1153 3245 1199 σου,
3279 1137 3475 1207 Κύριε,
3526 1138 3620 1190 καὶ
3654 1138 3687 1191 ὁ

2089 1224 2251 1295 νόμος
2289 1242 2381 1276 σου
2419 1225 2614 1296 μελέτη
2647 1225 2751 1296 μού
2789 1228 2924 1279 ἐστι.

2166 1316 2287 1369 175.
2321 1318 2551 1387 Ζήσεται
2582 1321 2613 1389 ἡ
2648 1318 2797 1389 ψυχή
2839 1336 2961 1387 μου,
3000 1320 3094 1372 καὶ
3128 1318 3332 1372 αἰνέσει
3360 1337 3440 1383 σε,
3486 1321 3581 1374 καὶ
3610 1321 3686 1376 τὰ

2096 1408 2339 1480 κρίματά
2366 1425 2459 1461 σου
2494 1410 2750 1481 βοηθήσει
2786 1428 2897 1481 μοι.

2168 1502 2286 1555 176.
2329 1502 2668 1574 Ἐπλανήθην
2696 1504 2771 1567 ὡς
2799 1503 3073 1574 πρόϐατον
3096 1504 3372 1567 ἀπολωλός
3397 1521 3411 1534 ο
3442 1503 3685 1573 ζήτησον

2020 1611 2063 1667 Β
2092 1594 2183 1647 τῆν
2209 1593 2393 1647 δοῦλόν
2430 1610 2545 1662 σου,
2579 1595 2661 1647 ὅτι
2682 1595 2781 1659 τὰς
2814 1596 3037 1660 ἐντολάς
3069 1614 3163 1649 σου
3186 1598 3286 1650 οὐκ
3306 1596 3683 1668 ἐπελαθόμην.

1584 1778 1754 1831 ΨΑΛ.
1786 1778 1942 1834 PIH'.
1970 1774 2055 1830 PS
2071 1774 2179 1830 AL.
2215 1773 2452 1829 CXVIII.

400 1892 403 1893 ν
477 1919 529 1973 1.
567 1918 862 1989 Μακάριοι,
899 1926 1003 1973 etc.
1036 1917 1207 1980 Beati,
1236 1926 1342 1971 etc.

472 2010 527 2065 2.
564 2013 629 2064 Οἱ
660 2010 1037 2081 πορευόμενοι,
1074 2018 1179 2065 etc.
1218 2008 1322 2075 Qui
1362 2008 1664 2071 ambulant,
1693 2016 1800 2061 etc.

476 2102 529 2157 ὅ.
561 2103 858 2174 Μακάριοι,
889 2112 994 2158 etc.
1026 2102 1196 2167 Beati,
1224 2110 1329 2155 etc.

2161 1913 2213 1966 4.
2257 1914 2343 1967 Ἐν
2378 1914 2494 1987 ὅλῃ,
2524 1922 2629 1968 etc.
2660 1912 2713 1966 In
2753 1921 2886 1978 toto,
2918 1925 3027 1969 etc.

2163 2004 2215 2058 ις.
2242 2005 2317 2057 Οὐ
2348 2006 2479 2077 γάρ,
2509 2016 2614 2062 etc.
2640 2004 2760 2061 Non
2799 2008 2974 2072 enim,
3010 2015 3117 2061 etc.

1531 2236 1903 2294 ATHANASII
1956 2232 2539 2291 INTERPRETATIO.

475 2381 599 2437 170.
628 2382 790 2451 Aperi
816 2390 1001 2451 portas
1027 2382 1288 2435 caelorum
1326 2390 1546 2436 tuorum
1568 2423 1582 2445 ,
1631 2388 1686 2435 et
1720 2380 1981 2447 depreca-

410 2472 611 2527 tionem
647 2487 824 2525 meam
859 2473 1039 2541 recipe
1063 2510 1077 2534 ,
1127 2472 1586 2540 quemadmodum
1633 2470 1816 2524 dixisti
1845 2488 1859 2523 :
1888 2468 1982 2522 In-

408 2581 533 2618 voca
558 2580 639 2617 me
666 2566 721 2617 in
751 2564 837 2617 die
868 2563 1228 2617 tribulationis
1260 2571 1384 2627 tuae,
1410 2572 1460 2617 et
1479 2579 1660 2616 eruam
1694 2572 1761 2626 te,
1791 2571 1841 2614 et
1866 2561 1982 2631 glo-

407 2655 640 2726 riﬁcabia
674 2673 754 2709 me
777 2656 823 2687 7°
853 2674 868 2710 :
898 2656 971 2710 ita
1020 2672 1168 2711 nunc
1216 2656 1496 2726 excipiens
1543 2655 1979 2724 deprecationem

406 2764 585 2803 meam
622 2749 788 2803 libera
823 2764 927 2802 me.

483 2839 603 2894 171.
632 2837 901 2911 Hymnum
928 2840 1217 2909 rependam
1245 2838 1556 2909 gloriﬁcans
1590 2847 1641 2891 te
1660 2878 1674 2901 ,
1706 2852 1829 2891 cum
1866 2835 1986 2888 illu-

406 2931 641 2987 minabis
672 2947 759 2986 me
794 2932 861 2986 ad
913 2932 1289 3003 intelligendas
1336 2940 1390 2986 et
1418 2930 1693 2985 faciendas
1718 2929 1987 2999 justilica-

408 3024 586 3080 ticnes
616 3033 755 3078 tuas.

479 3114 603 3169 172.
645 3114 866 3184 Loquar
894 3115 1226 3169 conﬁdenter
1259 3128 1568 3169 sermonem
1603 3120 1756 3165 tuum
1782 3150 1797 3174 ,
1844 3124 1985 3179 quo-

406 3206 551 3261 niam
581 3207 649 3259 ab
693 3207 847 3260 initio
879 3222 1049 3275 usque
1078 3206 1133 3260 in
1178 3206 1339 3259 ﬁnem
1384 3204 1596 3275 justitia
1648 3211 1813 3266 sunt,
1864 3216 1987 3271 quae

407 3298 679 3352 mandasti
714 3297 891 3352 nobis.

482 3390 602 3444 175.
631 3388 880 3459 Praepara
908 3392 1135 3461 gratiam
1157 3400 1307 3445 tuam
1337 3389 1404 3444 ad
1429 3389 1842 3444 custodiendum
1872 3406 1977 3456 me,

408 3483 669 3552 quoniam
696 3491 959 3552 praecepta
990 3491 1081 3536 tua
1113 3483 1269 3552 elegi.

480 3575 598 3629 174.
632 3575 967 3638 Desideravi,
997 3576 1246 3641 Domine,
1277 3590 1610 3647 cognoscere
1658 3575 1981 3630 manilest-a-

410 3666 615 3721 tionem
674 3677 1070 3738 praeceptorum
1127 3676 1366 3731 tuorum,
1412 3676 1695 3736 propterea
1746 3667 1980 3736 exquiro

406 3757 749 3827 singularum
776 3755 1183 3830 Scripturarum
1220 3756 1656 3826 explicationem.

479 3848 604 3903 175.
636 3847 861 3904 Vivitica
906 3849 1145 3905 animam
1178 3864 1353 3904 meam
1396 3865 1491 3918 per
1526 3848 1756 3919 gratiam
1801 3856 1975 3912 tuam,

402 3943 459 3989 et
512 3934 630 4005 ejus
664 3937 868 3992 auxilio
921 3947 973 3992 te
1017 3937 1267 3992 laudabit
1307 3955 1321 3991 :
1355 3944 1408 3991 et
1451 3937 1656 4007 judicia
1692 3946 1781 3990 tua
1820 3952 1973 3990 arma

402 4026 538 4080 mihi
565 4027 675 4082 sint
698 4029 960 4083 adversus
982 4030 1289 4083 contrarias
1312 4037 1630 4098 potestates.

2157 2372 2272 2427 170.
2303 2371 2548 2438 Ἀνοιξον
2575 2370 2671 2434 τὰς
2700 2371 2874 2435 πύλας
2904 2372 3014 2425 τῶν
3036 2374 3283 2444 οὐρανῶν
3306 2392 3422 2440 σου,
3449 2378 3544 2430 καὶ
3573 2380 3681 2449 τὴν

2084 2463 2428 2535 παράκλησίν
2454 2480 2554 2534 μου
2579 2462 2750 2529 δέξαι,
2778 2464 2962 2528 καθὼς
2988 2460 3175 2528 εἶπας·
3215 2467 3675 2521 Ἐπικαλέσεταί

2076 2574 2153 2626 με
2195 2556 2576 2627 [ἑπικάλεσαί
2600 2556 2700 2628 με]
2732 2557 2803 2609 ἐν
2850 2557 3039 2625 ἡμέρᾳ
3077 2559 3337 2626 θλίψεώς
3365 2574 3522 2625 σου,
3573 2562 3681 2615 καὶ

2082 2649 2406 2718 ἐξελοῦμαι
2448 2664 2521 2701 σε
2541 2689 2555 2713 ,
2588 2649 2687 2701 καὶ
2717 2648 2996 2715 δοξάσεις
3020 2668 3096 2719 με
3120 2668 3131 2679 ·
3166 2651 3341 2715 οὕτως
3365 2651 3483 2717 νῦν,
3514 2653 3678 2720 δεξα-

2090 2740 2254 2811 μένου
2289 2758 2389 2811 μου
2419 2740 2517 2811 τὴν
2545 2740 2921 2813 παράκλησιν,
2957 2742 3114 2814 ῥῦσαί
3150 2761 3238 2814 με.

2161 2830 2282 2883 171.
2317 2830 2635 2900 Ἀνέπεμψα
2672 2829 3065 2903 [Ἀναπέμψω]
3101 2831 3270 2903 ὕμνον
3299 2833 3537 2898 δοξάζων
3586 2851 3675 2899 σε,

2087 2923 2213 2975 ὅταν
2248 2922 2489 2995 φωτίσῃς
2517 2939 2583 2993 με
2615 2921 2681 2975 τὰ
2710 2921 3055 2993 δικαιώματά
3090 2941 3184 2976 σου
3205 2966 3219 2990 ,
3253 2926 3347 2978 καί¹
3373 2929 3513 2978 νοεῖν
3531 2968 3544 2991 ,
3576 2928 3677 2979 καὶ

2090 3014 2370 3082 πράττειν.

2160 3106 2283 3159 172.
2340 3106 2574 3176 Λαλήσω
2598 3105 2688 3158 τὸν
2716 3106 2872 3174 λόγον
2905 3124 3000 3159 σου
3042 3107 3178 3178 μετᾶ
3206 3110 3519 3180 παρρησίας
3538 3151 3552 3175 ,
3587 3111 3676 3163 bc:

2087 3198 2184 3251 ἀπ’
2211 3198 2385 3269 ἀρχῆς
2407 3199 2511 3262 ἕως
2539 3198 2724 3263 τέλους
2751 3199 3061 3271 δικαιοσύνη
3101 3201 3260 3267 εἰσὶν,
3291 3200 3435 3272 ἆπερ
3467 3203 3679 3256 ἐνετεί-

2088 3288 2164 3341 λω
2192 3290 2319 3358 ὑμῖν
2351 3289 2403 3361 [ἡ
2414 3290 2549 3361 μῖν].

2163 3380 2281 3433 175.
2306 3376 2659 3452 Εὑτρέπισον
2686 3381 2782 3452 τὴν
2819 3382 2977 3454 χάριν
3014 3401 3105 3436 σου
3140 3381 3241 3454 [εἰς
3262 3382 3347 3455 τὸ]
3382 3384 3681 3453 φυλάττειν

2093 3487 2180 3541 με,
2209 3471 2291 3521 ὅτι
2327 3470 2425 3533 τὰς
2458 3472 2678 3535 ἐντολάς
2714 3489 2804 3524 σου
2842 3472 3192 3544 ἐξελεξάμην.

2164 3559 2289 3611 174.
2320 3560 2672 3633 Ἐπεπόθησα
2711 3562 2935 3630 γνῶναι,
2978 3563 3166 3635 Κύριε,
3210 3565 3308 3637 τὴν
3359 3567 3681 3637 φανέρωσιν

2086 3651 2195 3704 τῶν
2222 3655 2663 3723 προσταγμάτων
2693 3672 2785 3707 σου
2812 3672 2824 3684 ο
2864 3656 2953 3709 διὰ
2977 3657 3137 3711 τοῦτο
3162 3659 3407 3730 ἐπιζητῶ
3431 3661 3677 3729 ἑκάστης

2089 3745 2310 3817 Γραφῆς
2332 3744 2429 3816 τὴν
2456 3746 2721 3800 ἐπίλυσιν.

2160 3839 2279 3893 175.
2316 3841 2661 3910 Ζωοποίησον
2683 3842 2782 3911 τὴν
2814 3841 2995 3913 ψυχήν
3045 3861 3147 3915 μου
3194 3844 3281 3897 διὰ
3320 3844 3422 3915 τῆς
3447 3848 3678 3917 χάριτός

2087 3948 2201 3997 σου,
2227 3932 2321 3983 καὶ
2353 3932 2558 3985 αἰνέσει
2589 3931 2723 4005 [σε]
2755 3934 2822 3986 δι’
2844 3936 3016 4005 αὐτῆς
3041 3927 3058 3965 ί
3088 3938 3182 3990 καὶ
3209 3936 3277 3989 τὰ
3302 3938 3552 4009 κρίματά
3573 3956 3673 3992 σου

2084 4024 2223 4077 ὅπλα
2257 4042 2346 4095 μοι
2375 4025 2617 4092 γένοιντο
2646 4026 2789 4079 κατὰ
2815 4027 2923 4081 τῶν
2958 4029 3215 4083 ἐναντίων
3239 4031 3544 4100 δυνάμεων.

475 4120 598 4175 176.
631 4120 825 4177 Erravi
856 4124 1172 4193 relinquens
1206 4132 1257 4177 te
1290 4138 1478 4176 verum
1526 4132 1803 4191 pastorem
1832 4138 1844 4174 :
1885 4120 1978 4175 sed

2160 4114 2283 4168 176.
2334 4112 2673 4185 Ἐπλανήθην
2697 4114 3013 4169 καταλιπών
3039 4134 3100 4169 σε
3132 4116 3222 4169 τὸν
3250 4116 3504 4188 ἀληθινὸν
3544 4134 3671 4169 ποι-

402 4216 688 4285 mgnoscis
722 4218 814 4271 ubi
841 4233 997 4284 sum;
1032 4218 1116 4273 fac
1164 4226 1224 4273 ut
1266 4218 1399 4273 velis
1437 4234 1523 4272 me
1564 4217 1820 4285 reperire,
1848 4230 1983 4285 quo-

402 4307 555 4362 niam»
603 4309 769 4363 etiam
804 4310 1147 4365 errabundus
1199 4310 1492 4375 exsistcns,
1540 4316 1799 4378 tanquam
1860 4306 1978 4361 ovis

403 4401 647 4456 clamans
694 4417 879 4472 quaero
923 4410 997 4467 te,
1040 4412 1094 4457 et
1140 4417 1359 4473 gregem
1413 4410 1591 4466 tuum,
1653 4401 1857 4453 timens
1905 4414 1979 4452 ne

402 4501 623 4563 propter
646 4509 827 4549 meum
852 4505 1134 4565 peccatum
1158 4506 1212 4549 et
1232 4495 1286 4547 in
1313 4494 1549 4563 praedam
1595 4492 1698 4545 sim
1739 4500 1964 4544 contra-

403 4585 503 4641 riis
529 4588 915 4657 potestatibus.

482 4733 549 4785 Ἦ
582 4732 915 4804 προκειμένη
956 4732 1234 4802 ἐπιγραφὴ
1282 4733 1316 4803 η
1352 4729 1440 4784 διὰ
1472 4728 1572 4797 τῆς
1598 4725 1976 4795 κινναϐάρεως

401 4824 667 4895 περιέχει,
692 4833 795 4879 etc.
831 4823 1222 4895 Ἐρμηνεύεται
1254 4823 1527 4893 διαφόρως
1564 4823 1659 4874 καὶ
1692 4820 1966 4890 πολυτρό-

402 4934 521 4979 πως
542 4918 642 4981 εἰς,
670 4925 776 4971 etc.
820 4917 968 4988 ἡμᾶς
1017 4916 1477 4988 προτρεπόμενον.
1514 4914 1730 4969 Titulus
1757 4929 1974 4983 pramo-

403 5008 548 5063 situs
575 5008 857 5062 cinnabari
883 5009 1118 5076 scriptus
1142 5009 1405 5073 continet,
1441 5020 1547 5062 etc.
1580 5006 1972 5074 Interpretatur

402 5098 614 5152 diverse
633 5106 687 5152 et
707 5099 855 5153 varie
880 5098 947 5151 ad
980 5100 1208 5169 hymnos
1224 5108 1277 5154 et
1303 5100 1516 5154 laudem
1546 5116 1643 5153 nos
1660 5101 1977 5154 exhortans.

478 5189 533 5243 1.
564 5190 841 5261 Μακάριοι
868 5191 917 5242 οἱ
947 5190 1088 5243 κατὰ
1120 5191 1210 5244 τὸν
1264 5188 1403 5243 Ἰὼϐ.
1455 5192 1529 5244 Τὸ
1562 5193 1772 5259 Ἀλερ,
1799 5191 1860 5242 τὸ
1893 5190 1979 5242 διὰ

402 5278 499 5348 τῆς
543 5280 912 5352 κινναϐάρεως
943 5283 1369 5352 παρακείμενον,
1398 5281 1758 5353 ἑρμηνεύεται
1817 5281 1975 5349 ἁρχὴ

402 5370 718 5439 στόματος,
764 5374 1039 5426 τουτέστιν
1096 5376 1124 5426 ό
1165 5373 1461 5437 δυνάμενος
1525 5372 1598 5443 μὴ
1648 5372 1861 5425 πταίειν
1920 5374 1980 5422 ἐν

401 5459 563 5532 λόγῳ,
591 5457 746 5527 οὗτος
770 5464 971 5530 τέλειος
991 5466 1152 5536 ἁνήρ.
1185 5466 1360 5529 Beati,
1389 5467 1483 5535 qui
1514 5467 1809 5520 secundum
1838 5466 1964 5522 Job.

406 5554 571 5625 Aleph
633 5557 914 5612 cinnabari
977 5558 1158 5612 versui
1218 5558 1518 5627 ascriptum
1583 5558 1977 5629 interpretatur

482 5672 530 5704 ⁷⁸
561 5673 705 5727 l’sal.
738 5689 887 5738 xux,
924 5673 1005 5727 15.
1112 5675 1153 5705 ⁷¹
1187 5671 1301 5728 Jac.
1342 5688 1426 5737 Ill,
1457 5674 1511 5725 2.

2088 4207 2224 4278 μένα
2244 4224 2256 4235 ·
2287 4207 2423 4260 ἀλλὰ
2456 4206 2750 4275 γινώσκεις
2784 4208 2887 4262 ποῦ
2918 4210 3064 4279 εἰμι·
3092 4209 3318 4279 θέλησον
3354 4210 3535 4281 εὑρεῖν
3572 4226 3665 4280 με,

2079 4303 2161 4355 ὅτι
2186 4302 2278 4355 καὶ
2303 4301 2726 4373 πεπλανημένος
2765 4301 2840 4355 ὢν
2870 4302 2945 4365 ὡς
2991 4302 3262 4373 πρόϐατον
3291 4300 3537 4354 ἀναϐοῶν
3568 4300 3665 4371 ζη-

2078 4394 2184 4449 τῶν
2215 4394 2441 4466 [ζητῶ]
2476 4412 2557 4457 σε,
2590 4395 2686 4448 καὶ
2732 4395 2830 4465 τὴν
2864 4394 2961 4465 σὴν
2992 4395 3229 4466 ποίμνην
3254 4435 3269 4459 ,
3305 4395 3663 4465 φοϐούμενος,

2083 4486 2289 4556 μήποτε
2313 4482 2405 4535 διὰ
2431 4485 2527 4552 τῆς
2557 4483 2835 4554 ἁμαρτίας
2866 4496 2968 4552 μου
3009 4484 3103 4536 καὶ
3127 4484 3462 4555 Θηριάλωτος
3486 4484 3666 4552 γένω-

2088 4593 2183 4646 μαι
2210 4573 2312 4627 {me
2338 4573 2445 4626 τῶν
2477 4573 2735 4627 ἐναντίων
2758 4574 3061 4644 δυνάμεων.

2084 4718 2410 4787 principatus
2438 4717 2567 4781 oris,
2592 4717 2699 4771 hoc
2725 4724 2810 4770 est
2834 4755 2850 4780 ,
2881 4716 2974 4785 qui
3022 4724 3202 4785 potest
3245 4731 3352 4769 non
3387 4714 3669 4771 oﬂ'endere

2086 4809 2140 4863 in
2174 4808 2361 4870 verbo,
2400 4808 2489 4861 hic
2520 4804 2792 4873 perfectus
2823 4806 2904 4858 vir
2937 4806 3006 4858 ⁷³.

2146 4900 2199 4952 2.
2228 4901 2287 4952 Οἱ
2324 4898 2680 4969 ἀπεχόμενοι,
2710 4906 2814 4951 etc.
2850 4895 2954 4962 Qui
2986 4896 3279 4961 abstinent,
3310 4905 3413 4951 etc.

2148 4992 2201 5045 '5.
2225 4990 2530 5061 Μακάριοι,
2557 4998 2662 5044 etc.
2693 4988 2860 5053 Beati,
2890 4997 2995 5042 etc.

2151 5084 2202 5138 4.
2233 5084 2457 5154 Θερμοί,
2489 5091 2623 5145 etc.,
2658 5082 2719 5134 τὸ
2765 5082 2908 5144 πῶς,
2951 5091 3081 5144 etc.,
3120 5080 3327 5134 ἕνοικον
3362 5080 3420 5132 ἐν
3452 5082 3653 5142 αὐτοῖς.

2080 5177 2394 5239 Ferventes,
2430 5182 2563 5237 etc.,
2589 5174 2871 5243 quomodo
2895 5188 3020 5227 eum
3046 5172 3317 5242 accipiant
3351 5172 3659 5225 inhabitan-

2077 5278 2180 5320 tem
2218 5266 2270 5319 in
2300 5282 2358 5320 se
2387 5266 2541 5334 ipsis.

2148 5358 2197 5411 5.
2228 5360 2290 5410 Οἱ
2312 5358 2419 5429 γὰρ
2445 5356 2750 5427 λεγόμενοι,
2777 5367 2912 5419 etc.,
2944 5358 3059 5419 τοῖς
3100 5356 3516 5427 προστάγμασιν
3558 5356 3655 5408 αὐ-

2075 5449 2168 5502 τοῦ
2188 5450 2247 5501 οὐ
2274 5449 2568 5503 πείθονται.
2621 5448 2876 5504 Dicentes
2906 5450 3051 5504 enim
3098 5462 3158 5503 se
3195 5463 3335 5510 esse,
3369 5459 3656 5520 etc.,pm>-

2078 5541 2245 5611 ceplis
2264 5541 2382 5610 ejus
2405 5556 2512 5595 non
2544 5540 2834 5596 obediunt.
