3874 6222
187 351 315 406 1209

249 467 302 522 6.
334 465 434 529 Σύ,
473 472 589 518 etc.
610 462 714 527 Tu,
741 473 870 524 etc.,
903 458 996 515 τοῦ
1027 461 1198 515 deest.

249 559 300 615 7.
337 557 605 625 Ὄφελον,
643 565 746 609 etc.
776 553 1021 619 Utinam,
1053 563 1160 607 etc.

249 645 301 702 8.
337 647 499 710 Τότε,
536 653 650 700 etc.
684 644 858 707 Tunc,
889 652 994 698 etc.

246 739 300 793 9.
335 738 873 809 Ἐξομολογήσομαι,
897 745 1002 790 etc.
1037 732 1370 794 Contitebor,
1405 741 1490 784 etc

246 831 335 888 10.
380 833 474 886 Ἐν
505 829 590 901 τῷ
619 829 1021 901 μεμαθηκέναι,
1057 835 1162 881 etc.
1190 823 1247 878 1n
1279 839 1366 888 eo,
1404 821 1548 892 quod
1581 821 1766 885 didici,

181 937 282 979 etc.

258 1015 343 1070 11,
377 1013 463 1066 Τὰ
496 1011 849 1082 δικαιώματὰ
874 1026 991 1073 σου,
1020 1017 1127 1063 etc.
1158 1004 1587 1062 Justiiicationes
1622 1010 1767 1064 tuas,

195 1115 294 1160 etc.

266 1199 352 1252 12.
396 1199 489 1251 Ἐν
513 1197 648 1262 τίνι,
680 1207 784 1250 etc.
824 1193 881 1247 In
909 1208 1038 1262 quo,
1067 1199 1174 1246 etc.

255 1293 342 1346 15.
383 1292 475 1343 Ἐν
503 1289 589 1359 τῷ
621 1284 980 1358 φυλάξασθαι,
1014 1290 1118 1337 etc.
1157 1279 1218 1334 In
1259 1274 1637 1340 custodiendo,
1666 1285 1770 1329 etc.

255 1383 341 1438 M.
382 1384 475 1435 Ἐν
505 1381 631 1453 ὅλῃ,
667 1388 774 1435 etc.
806 1376 865 1430 In
901 1384 1038 1438 toto,
1070 1381 1174 1427 etc.

252 1472 338 1527 15.
375 1473 470 1525 Ἐν
507 1472 578 1540 τῇ
614 1467 835 1540 καρδίᾳ,
861 1473 966 1519 etc.
993 1462 1052 1516 In
1084 1459 1271 1525 corde,
1297 1469 1400 1514 etc.

253 1567 339 1618 16.
370 1561 711 1632 Εὐλογητὸς,
740 1566 849 1614 etc.
887 1554 1232 1618 Benedictus,
1267 1561 1373 1607 etc.

256 1655 342 1710 17.
385 1656 478 1707 Ἐν
500 1656 620 1716 τοῖς
647 1648 846 1721 χείλεσί
877 1665 1003 1718 μου,
1038 1654 1142 1701 etc.
1169 1643 1226 1698 In
1251 1642 1415 1698 labiis
1450 1638 1610 1704 meis,
1637 1645 1742 1692 etc.

257 1745 343 1799 18.
391 1745 484 1798 Ἐν
510 1747 581 1814 τῇ
608 1740 732 1812 ὀδῷ,
768 1749 875 1794 etc.
915 1738 970 1792 In
997 1738 1105 1801 via,
1141 1745 1246 1789 etc.

1031 343 1119 398 DE
1157 336 1436 398 TITULIS
1473 329 1926 391 PSALMORUM.
1965 359 2035 368 —
2076 320 2282 380 PSAL.
2338 289 2573 362 CXVIII.

1794 456 1838 511 A
1939 467 2030 520 22,
2071 453 2438 518 Ἀνταπόδος,
2467 456 2568 506 etc.
2607 446 2882 514 Retribne,
2913 462 3014 506 etc.

3310 308 3448 365 1210

1939 557 2028 611 25.
2074 543 2482 614 Ἀποκὰλυψον,
2508 555 2610 598 etc.
2650 539 2882 606 Revela,’
2897 554 3000 596 etc.

1939 647 2028 700 24.
2060 646 2355 715 Πάροικος,
2387 645 2491 689 etc.
2531 633 2727 696 lncola,
2748 640 2850 686 etc.

1938 741 2029 794 25.
2057 740 2148 808 Μὴ
2179 731 2530 805 ἀποκρύψῃς,
2558 741 2665 783 etc.
2697 724 2814 779 Non
2843 722 3166 786 abscondas,
3193 728 3296 776 etc.

1939 832 2030 886 26.
2065 827 2460 893 Ἐπεπόθησεν,
2486 831 2587 876 etc.
2624 817 2971 884 Concupivit,
3005 823 3111 867 etc.

1940 923 2029 976 27.
2067 920 2464 988 Ἐπετίμησας,
2492 928 2593 968 etc.
2622 909 2937 978 lncrepasti,
2960 916 3056 961 etc.

1943 1013 2034 1066 28.
2077 1009 2524 1079 Ἐπικατάρατοι,
2553 1013 2656 1059 etc.
2696 1000 2985 1065 Maledicti,
3018 1006 3123 1052 etc.

1941 1105 2033 1160 29.
2065 1102 2310 1174 Περίελε,
2337 1110 2438 1153 etc.
2472 1097 2670 1160 Aufer,
2705 1103 2808 1149 etc.

1945 1197 2033 1250 50.
2071 1194 2182 1246 Καὶ
2209 1192 2336 1262 γάρ,
2362 1202 2466 1243 etc.
2500 1189 2731 1251 Etenim,
2768 1194 2870 1238 etc.

1943 1285 2031 1338 51.
2068 1284 2178 1337 Καὶ
2207 1283 2316 1352 γὰρ
2349 1281 2418 1334 τὰ
2455 1278 2730 1349 μαρτύριά
2755 1292 2870 1341 σου,
2902 1281 3006 1328 etc.
3038 1268 3174 1324 Nam
3205 1273 3260 1322 et
3289 1263 3441 1321 testi-

1875 1377 2054 1432 .nonia
2091 1387 2197 1437 tua,
2229 1383 2332 1427 etc.

1945 1470 2034 1523 52.
2081 1464 2398 1535 Ἐκολλήϐη,
2428 1472 2532 1516 etc.
2574 1459 2835 1522 Adhaesit,
2862 1465 2966 1509 etc.

1942 1561 2030 1614 55.
2073 1558 2184 1620 Τὰς
2211 1555 2362 1619 ὁδούς
2389 1571 2510 1625 μου,
2545 1561 2649 1606 etc.
2687 1548 2819 1604 Vias
2853 1561 3022 1610 meas,
3057 1555 3163 1599 etc.

1947 1650 2035 1703 54.
2079 1649 2250 1712 Ὀδόν,
2283 1658 2386 1702 etc.
2428 1645 2605 1706 Viam,
2642 1650 2745 1696 etc.

1946 1740 2035 1793 55.
2075 1739 2416 1804 Ἐνύσταξεν,
2447 1748 2549 1790 etc.
2588 1732 2928 1793 Dormitavit,
2969 1739 3072 1783 etc.

259 1834 345 1889 19.
389 1835 480 1888 Ἐν
517 1801 642 1897 ταῖς
683 1801 934 1894 ’ἐντολαῖς
959 1869 975 1892 ,
1034 1837 1164 1891 etc.,
1212 1824 1308 1878 καὶ
1341 1822 1666 1890 κατανοήσω
1703 1834 1774 1871 τα
1802 1801 1844 1855 Β
1942 1831 2032 1884 56,
2080 1830 2249 1892 ὀδεςη
2281 1801 2596 1888 θέρξνίωη,
2624 1835 2727 1880 εις,

196 1925 473 1996 Θαυμάσιά
503 1941 624 1978 σου.
678 1923 736 1978 In
771 1921 1064 1986 mandatis,
1125 1929 1268 1984 etc.,
1314 1924 1369 1972 et
1414 1911 1773 1970 considerabo

195 2017 465 2072 mirabilia
502 2025 623 2072 tua.

259 2107 348 2162 20.
385 2108 480 2161 Ἐν
516 2110 634 2170 τοῖς
667 2099 1000 2173 δικαιώμασί
1036 2117 1152 2163 σου,
1182 2108 1286 2152 etc.
1333 2093 1392 2148 ln
1435 2089 1776 2162 iustiﬁcatio-

199 2198 353 2252 nibus
389 2199 526 2260 tuis.
556 2205 664 2252 etc.

263 2285 353 2342 21.
383 2288 502 2340 Οὐκ
532 2285 886 2356 ἐπιλήσομαι,
918 2293 1022 2339 etc.
1058 2280 1178 2335 Non
1208 2278 1516 2339 obliviscar,
1556 2280 1660 2328 etc.

1940 1921 2028 1974 57.
2076 1921 2225 1974 Ὀδὸν
2262 1919 2540 1990 ἀληθείας,
2576 1927 2706 1981 etc.,
2735 1915 2828 1968 καί
2858 1913 3026 1967 deest.
3057 1907 3213 1962 Viam
3241 1903 3444 1960 verita-

1874 2014 1964 2075 tis,
1995 2023 2097 2067 etc.

1943 2103 2030 2156 4-2.
2076 2101 2372 2173 Ὀδήγησόν
2407 2119 2495 2172 με,
2528 2109 2633 2154 etc.
2667 2098 2850 2152 Deduc
2876 2109 2984 2158 me,
3019 2100 3124 2146 etc.

1944 2193 2030 2247 ἐξ).
2065 2193 2280 2258 Κλῖνον,
2311 2200 2418 2247 etc.
2448 2192 2673 2257 inclina,
2705 2199 2810 2244 etc.

1327 2387 1708 2449 ATHANASII
1741 2387 2329 2448 INTERPRETATIO.

276 2519 327 2574 6.
358 2520 432 2572 Σὺ
479 2515 664 2580 εἶπας,
701 2523 828 2578 etc.,
880 2513 950 2566 τὰ
996 2513 1132 2584 ἔργα
1161 2509 1364 2580 Κυρίου
1413 2505 1654 2579 ἀμελῶς.
1694 2502 1777 2558 Tu

206 2611 408 2672 dixisti,
441 2620 578 2672 etc.,
612 2622 776 2676 opera
805 2604 898 2659 Dei
927 2591 1278 2676 negligenter.

271 2701 322 2754 7.
359 2701 506 2773 Δῲη,
539 2710 641 2754 etc.
676 2699 795 2762 Det,
830 2705 934 2752 etc.

277 2789 327 2843 8.
372 2791 460 2843 ’Ev
486 2792 559 2860 τῇ
596 2787 778 2858 ἡμέρᾳ
801 2787 899 2856 τῆς
925 2782 1160 2856 κρίσεώς
1193 2797 1288 2835 σου
1320 2781 1419 2853 μή,
1460 2787 1564 2834 etc.
1597 2776 1655 2832 In
1691 2777 1780 2832 die

209 2881 391 2949 judicii
425 2897 538 2935 non
562 2879 801 2940 audiam,
830 2887 934 2931 etc.

275 2974 327 3028 9.
363 2973 562 3035 Ἐκδῶ,
595 2979 696 3024 etc.
731 2968 984 3031 Tradam,
1015 2975 1117 3019 etc.

279 3063 363 3118 10.
393 3065 484 3116 Ἐν
515 3060 596 3131 τῷ
626 3057 869 3112 ἀκοῦσαί
893 3073 980 3127 με,
1013 3063 1118 3109 etc.
1155 3051 1290 3107 Cum
1319 3049 1565 3113 audiero,
1601 3056 1705 3102 etc.

1951 2505 2039 2559 25.
2074 2506 2408 2580 Διαχώρισον
2434 2506 2497 2560 τὸ
2529 2506 2716 2568 σκότος
2741 2520 2858 2566 σου,
2891 2509 2996 2556 etc.
3046 2498 3248 2566 Separa
3293 2500 3446 2549 tene-

1877 2597 2026 2660 bras.
2059 2609 2163 2652 etc.

1946 2687 2036 2741 24.
2064 2689 2178 2741 Οὐκ
2206 2687 2335 2758 ἔχω,
2366 2696 2472 2742 etc.
2496 2686 2614 2740 Non
2650 2685 2846 2745 habeo,
2875 2691 2980 2736 etc.

1942 2779 2033 2832 25.
2069 2779 2160 2850 Μὴ
2186 2780 2407 2846 ἀνάξιον
2431 2781 2607 2850 ἡγήσῃ
2647 2794 2713 2847 με
2741 2775 2833 2829 τοῦ
2882 2769 3083 2842 γνῶναί
3106 2768 3201 2839 ’με
3225 2765 3307 2832 τό,
3338 2774 3443 2819 etc.

1879 2866 1958 2924 Ne
1981 2870 2261 2940 indignum
2289 2871 2567 2925 existimes
2606 2883 2691 2922 me
2717 2878 3014 2936 agnoscere
3062 2875 3149 2915 me
3194 2857 3448 2926 volunta-

1881 2969 1990 3016 tem
2018 2971 2187 3015 tuam.

1951 3050 2042 3104 26.
2080 3049 2378 3112 Ἐπιποθεῖ,
2407 3057 2543 3112 etc.,
2597 3047 2691 3100 καὶ
2727 3047 2786 3098 οὐ
2843 3043 3160 3112 κορέννυται
3198 3037 3288 3104 τά,
3340 3045 3444 3090 etc.

280 3154 366 3208 11.
399 3153 482 3207 Τὰ
515 3115 863 3219 διδιαιώματά
885 3163 1001 3212 σου,
1035 3155 1142 3199 etc.
1178 3141 1604 3197 Justiiicationes
1634 3148 1777 3202 tuas,
1807 3117 1814 3158 ⁴

1931 3142 2162 3196 esiderat
2192 3141 2372 3194 anima
2405 3155 2546 3204 mea,
2580 3148 2634 3192 et
2670 3154 2778 3190 non
2811 3135 3040 3189 satiatur
3072 3131 3274 3185 facere.

217 3253 314 3298 CIC.

289 3336 372 3390 12.
404 3335 536 3398 Πῶς
581 3332 689 3386 τῶν
732 3328 1072 3401 νεωτερικῶν
1110 3323 1416 3395 ἐπιθυμιῶν
1472 3320 1786 3375 ἐπιλάθεταί

219 3447 328 3493 τιςς
352 3429 424 3482 Τὸ
451 3429 543 3483 διὰ
562 3425 662 3496 τῆς
690 3423 1060 3493 κινναϐάρεως
1086 3418 1486 3490 παρακείμενον
1516 3416 1704 3486 ὄνομα,
1727 3413 1787 3465 τὸ

226 3519 361 3586 Βὴθ,
393 3518 757 3592 ἑρμηνεύεται
775 3512 957 3581 οἶκος.
984 3512 1144 3584 Δηλοῖ
1161 3511 1240 3575 δὲ,
1266 3511 1347 3562 ὅτι
1370 3507 1512 3562 οὕτω
1535 3505 1789 3578 κατοροοῖ

221 3611 476 3684 νεώτερος
507 3610 606 3681 τὴν
627 3609 742 3663 ὁδὸν
779 3605 943 3661 αὑτοῦ
981 3607 1037 3658 ὲν
1064 3603 1142 3674 τῷ
1180 3599 1318 3656 εἶναι
1346 3601 1442 3672 τὴν
1476 3598 1650 3669 ψυχὴν
1693 3599 1787 3650 καὶ

221 3702 286 3756 τὰ
314 3704 452 3775 μέλη
510 3700 676 3756 αὐτοῦ
729 3695 877 3754 οἷκον
928 3694 1086 3750 Θεοῦ.
1148 3692 1434 3761 Quomodo
1462 3689 1785 3760 juvenilinm

225 3795 579 3862 cupiditatum
649 3793 772 3861 quis
830 3785 1217 3850 obliviscitur?
1276 3783 1415 3837 Illud
1498 3780 1784 3836 cinnabari

227 3887 518 3956 ascriptum
554 3898 785 3938 nomen:
809 3881 933 3934 Beth
966 3881 1351 3946 interpretatur
1381 3874 1589 3926 domus.
1610 3871 1790 3940 Signi-

227 3975 345 4031 ﬁcat
375 3987 584 4040 autem,
618 3973 764 4044 quod
817 3974 892 4026 ita
943 3971 1168 4040 corrigit
1221 3965 1616 4022 adolescentior
1646 3965 1788 4016 viam

227 4082 399 4136 suam,
459 4069 508 4125 si
541 4067 726 4122 anima
777 4073 833 4120 et
890 4063 1132 4118 membra
1199 4059 1371 4120 iusius
1432 4057 1542 4112 sint
1592 4058 1788 4112 domus

229 4155 337 4212 Dei.

296 4249 380 4303 15.
428 4250 519 4303 Ἐν
543 4245 641 4318 τῷ,
676 4255 804 4307 etc.,
831 4243 893 4296 τὸ
936 4240 1150 4295 αἰώνιον
1186 4239 1244 4292 τὸ
1285 4236 1682 4310 ἡτοιμασμένον
1715 4234 1790 4306 τῷ

228 4337 449 4412 διαϐόλῳ
479 4340 576 4395 καὶ
621 4340 734 4399 τοῖς
774 4333 1025 4403 ἀγγέλοις
1073 4331 1260 4384 αὐτοῦ.
1311 4331 1446 4384 Cum
1478 4329 1791 4383 recordatus

1953 3233 2041 3286 27.
2079 3232 2168 3302 Τῷ
2194 3231 2442 3303 διαϐόλῳ,
2473 3240 2579 3285 etc.
2604 3228 2914 3289 Diabolum,
2947 3236 3052 3278 etc.

1955 3325 2044 3378 28.
2080 3326 2204 3377 Ἐπὶ
2258 3323 2522 3393 ἀπωλείᾳ,
2584 3332 2713 3385 etc.,
2790 3315 3034 3388 πονηρὰς
3106 3305 3450 3380 ἀναστροφὰς

1885 3415 2260 3486 πορευόμενοι.
2288 3413 2344 3467 In
2379 3413 2678 3471 interitum,
2706 3419 2836 3474 etc.,
2871 3408 2936 3461 ad
2958 3404 3216 3476 pristinas
3239 3400 3456 3468 iniquas

1887 3523 2014 3562 suas
2044 3507 2487 3561 ennversationes
2519 3511 2892 3558 revertuntur.

1960 3600 2048 3653 29.
2085 3599 2305 3667 νΑφελε,
2325 3609 2452 3665 etc.,
2485 3593 2904 3668 μεμαρτύρησαι
2931 3589 3162 3643 ἕκαστον
3191 3585 3321 3648 τῶν,
3346 3590 3450 3641 etc.

1887 3692 2101 3751 Aditne,
2135 3699 2242 3742 etc.

1958 3782 2046 3834 50.
2083 3778 2187 3831 Καὶ
2213 3776 2341 3848 γάρ,
2369 3784 2475 3830 etc.
2498 3771 2942 3841 ὲπεσκεπτόμην,
2967 3778 3072 3823 etc.
3093 3765 3450 3829 Etenim,etc.

1959 3872 2046 3924 51.
2081 3868 2184 3921 Kal
2216 3870 2324 3938 γὰρ
2364 3864 2623 3937 μελετῶν,
2659 3873 2763 3916 etc.
2802 3860 3034 3922 Etenim,
3068 3865 3172 3912 etc.

1958 3963 2044 4017 52.
2083 3956 2502 4024 Ἐταπεινώθην,
2536 3965 2639 4009 etc.
2673 3952 3000 4005 Humiliatus
3030 3963 3172 4011 sum,
3206 3955 3312 4001 etc.

1958 4054 2044 4107 55.
2086 4047 2614 4119 Ἐξωμολογησὰμην
2659 4061 2760 4105 σοι,
2807 4051 2938 4103 etc.,
2976 4040 3070 4092 καὶ
3102 4035 3302 4097 εὐθέως
3330 4032 3449 4103 ἠθε-

1888 4146 2059 4217 λησάς
2086 4160 2176 4213 με,
2208 4151 2316 4196 etc.
2345 4138 2644 4194 Confessus
2679 4151 2800 4190 sum
2837 4132 2958 4199 tibi,
2994 4140 3122 4192 etc.,
3172 4136 3226 4181 et
3267 4125 3451 4181 statim

1889 4235 2108 4291 voluisti
2137 4249 2243 4297 me,
2273 4239 2379 4284 etc.
3102 4217 3106 4223 ’

1963 4326 2051 4381 54.
2083 4325 2184 4378 Τὸν
2211 4319 2511 4393 φωτισμόν,
2539 4327 2668 4382 etc.,
2720 4315 2815 4370 ml
2851 4313 2957 4366 ἀπὸ
2991 4313 3090 4382 τῆς
3127 4308 3367 4382 τέρψεως
3395 4305 3455 4359 οὗ

231 4438 370 4489 sum,
399 4442 522 4498 qua;
554 4442 584 4480 a
609 4433 661 4478 te
686 4425 849 4486 dicta,
877 4432 1005 4486 etc.,
1033 4421 1086 4474 in
1116 4420 1295 4490 ignem
1321 4428 1605 4481 aeternum,
1643 4419 1786 4486 quod

1931 4419 2173 4485 παύσομαι
2207 4413 2446 4486 μελετῶν
2468 4414 2524 4467 ὲν
2558 4414 2646 4482 τῇ,
2677 4419 2781 4463 etc.
2825 4403 3300 4465 llluminationem,
3325 4409 3457 4465 etc.,

231 4525 472 4582 paratum
498 4527 582 4573 est
611 4514 829 4570 diabolo
858 4521 912 4568 et
935 4512 1140 4581 angelis
1171 4511 1288 4580 ejus
1318 4511 1384 4562 τ’.

298 4608 383 4663 11.
426 4609 517 4674 Ἐξ
544 4608 692 4679 ὅλης,
721 4616 853 4675 etc.,
875 4607 1076 4676 ἡγήσῃ,
1109 4611 1214 4657 etc.
1240 4600 1319 4655 Ex
1354 4609 1488 4667 tota,
1523 4610 1648 4665 etc.,
1681 4601 1797 4655 exi-

235 4699 440 4764 stimes,
479 4711 584 4756 etc.

307 4789 388 4843 17.
426 4791 539 4861 Οὐχ
565 4788 970 4858 ὑπεστειλάμην
992 4789 1086 4838 τοῦ
1120 4781 1351 4847 διδάξαι,
1400 4789 1504 4836 etc.
1559 4778 1674 4835 Non
1719 4796 1798 4835 re-

236 4876 342 4950 fugi
372 4883 589 4946 docere,
621 4889 728 4936 etc.

303 4973 388 5028 18.
422 4973 606 5036 Οὕτως
639 4972 830 5042 χαρᾶς,
856 4978 961 5024 etc.
999 4968 1075 5022 lta
1105 4966 1322 5036 gaudio,
1353 4975 1458 5021 etc.

301 5064 386 5122 19.
429 5069 515 5120 Ἐν
541 5068 661 5128 ταῖς
705 5065 948 5134 Γραφαῖς
984 5078 1099 5124 σου,
1126 5069 1258 5123 etc.,
1288 5059 1388 5130 τῆς
1410 5057 1633 5130 καρδίας
1674 5073 1796 5128 μου,

238 5162 332 5208 etc.
370 5155 426 5210 ln
464 5156 751 5225 scripturis
783 5155 911 5216 tuis,
941 5163 1070 5216 etc.,
1104 5151 1282 5206 cordis
1313 5151 1418 5204 mei
1445 5190 1458 5214 ,
1487 5158 1592 5204 etc.

305 5241 390 5300 20.
426 5245 638 5306 Νυκτὸς
666 5244 760 5296 καὶ
795 5242 1028 5313 ἡμέρας.
1054 5240 1151 5293 Die
1173 5249 1468 5308 noctuque.

307 5331 393 5388 21.
425 5334 531 5388 Καὶ
566 5332 836 5406 πληρὼσω
878 5333 1073 5395 αὐτοὺς
1105 5330 1270 5404 ἔργῳ.
1312 5329 1380 5385 Et
1437 5330 1672 5401 implebo
1704 5343 1798 5383 eos

241 5436 415 5490 opere.

304 5513 389 5569 22.
424 5517 543 5581 Δός,
579 5528 708 5581 etc.,
737 5515 832 5569 τοῦ
862 5516 1017 5585 ἁγίου
1050 5532 1166 5580 σου,
1203 5523 1309 5572 etc.
1332 5513 1430 5578 Da,
1458 5523 1584 5580 etc.,
1624 5511 1796 5568 sancti

243 5604 314 5657 tui
344 5605 598 5677 Spiritus,
631 5616 736 5662 etc.

313 5739 350 5769 ”
371 5739 560 5796 Matth.
598 5756 729 5808 xxv,
766 5738 853 5793 41.

1891 4520 1943 4564 et
1975 4525 2082 4578 pra:
2111 4507 2468 4560 delectatione
2503 4517 2608 4555 non
2635 4499 2862 4553 cessabo
2892 4496 3161 4550 meditans
3185 4494 3263 4557 in,
3294 4501 3397 4546 etc.

1962 4601 2052 4655 55.
2091 4596 2436 4656 Βεϐύθισται,
2465 4602 2571 4647 etc.
2608 4591 2902 4645 Submersa
2926 4597 3029 4651 est,
3055 4595 3161 4641 etc.

1956 4693 2046 4746 56.
2086 4688 2402 4752 Ἀπέλασον,
2434 4695 2540 4741 etc.
2571 4683 2789 4754 Expelle
2813 4722 2828 4748 ,
2879 4690 2982 4736 etc.
3004 4719 3020 4744 ,
3051 4677 3351 4734 secundum
3392 4692 3460 4747 με

1893 4787 2062 4840 deest.

1967 4876 2056 4930 57.
2087 4868 2437 4940 Ἐπεπόθησὰ
2467 4885 2526 4921 σε
2562 4868 2674 4931 τόν,
2709 4875 2812 4919 etc.
2845 4861 3185 4934 Μνημονεύω
3231 4859 3340 4930 γὰρ
3377 4856 3467 4919 τό,

1893 4977 2000 5022 etc.
2038 4963 2354 5029 Desidet-avi
2411 4971 2462 5016 te
2495 4960 2686 5024 tilium,
2737 4969 2866 5023 etc.,
2899 4955 3119 5011 memini
3154 4952 3301 5008 enim
3355 4959 3465 5004 tre-

1892 5057 2096 5117 mendi,
2127 5064 2234 5108 etc.

1964 5150 2053 5202 12.
2085 5145 2306 5215 Ἐπειδὴ
2336 5145 2551 5213 νήπιος,
2585 5153 2689 5195 etc.
2725 5139 2959 5210 βαδίσαι,
2995 5147 3127 5200 etc.,
3161 5135 3379 5205 ζητήσω
3405 5131 3465 5184 δὲ

1893 5241 2014 5312 τήν,
2047 5249 2175 5301 etc.,
2209 5254 2276 5306 με
2308 5234 2652 5305 περιπατεῖν,
2681 5242 2785 5285 etc.
2815 5229 3084 5294 Quoniam
3106 5225 3309 5287 infans,
3332 5234 3464 5284 etc.,

1896 5329 2170 5391 incedere,
2202 5337 2332 5388 etc.,
2362 5337 2603 5393 quaeram
2634 5331 2815 5374 autem
2840 5320 3006 5384 viam,
3030 5327 3158 5383 etc.,
3184 5326 3236 5369 et
3269 5313 3357 5368 fac
3378 5328 3468 5366 me

1897 5419 2239 5474 inambulare
2264 5417 2315 5468 in
2350 5416 2504 5483 ipsis.

1967 5507 2053 5562 45.
2092 5505 2413 5568 ’Υπόταξον,
2459 5511 2602 5566 etc.,
2643 5500 2736 5553 καὶ
2786 5499 2860 5570 μὴ
2909 5499 2987 5560 εἰς
3032 5497 3150 5568 τήν,
3201 5505 3330 5558 etc.,
3378 5493 3467 5548 ἴνα

1897 5600 2030 5670 εἰμί,
2062 5608 2166 5653 etc.
2205 5595 2446 5666 Subjice,
2477 5603 2607 5656 etc.,
2630 5603 2683 5648 et
2713 5607 2844 5656 non,
2877 5602 3005 5654 etc.,
3038 5599 3096 5644 ut
3120 5587 3246 5653 sim,
3276 5597 3381 5642 etc.
