3860 6220
446 277 586 330 1215

519 393 639 446 125.
677 395 909 464 Ὠμοσα,
945 403 1049 456 etc.
1072 395 1284 463 Juravi,
1317 411 1422 456 etc.

519 483 640 536 1:26.
683 483 1101 556 Ἐταπεινὼθην,
1137 498 1240 544 ctc.
1281 489 1608 546 Humiliatus
1643 510 1786 559 sum,
1811 505 1917 551 etc.

518 573 640 627 19.7.
665 575 746 628 Τά
767 575 1008 640 ἑκούσια,
1037 589 1142 634 etc.
1179 579 1519 648 Voluntaria,
1547 593 1652 637 etc.

517 665 640 717 128.
671 667 782 720 Καὶ
809 667 878 720 τὰ
903 669 1168 740 κρίματα,
1198 681 1302 726 etc.
1333 671 1398 727 Et
1421 674 1651 743 judicia,
1687 687 1790 732 etc.

515 755 639 809 129.
679 757 743 808 Ἠ
770 758 913 830 ψυχή
948 777 1068 830 μου,
1105 771 1208 816 etc.
1239 765 1432 818 Anima
1457 781 1598 832 mea,
1635 775 1736 822 etc.

516 847 637 902 150.
675 849 918 914 Ἔθεντο,
946 863 1050 908 etc.
1087 853 1413 923 Posuerunt,
1441 866 1543 912 etc.

515 941 639 994 151.
677 941 1139 1016 Ἐκληρονόμησα,
1169 957 1272 1003 etc.
1309 948 1650 1016 l'laereditavi,
1679 962 1781 1006 etc.

519 1031 642 1086 152.
673 1033 918 1100 Ἔκλινα,
951 1047 1056 1092 etc.
1085 1039 1372 1104 lnciinavi,
1400 1051 1507 1100 etc,

519 1121 642 1174 155.
669 1123 1044 1196 Παρανόμους,
1075 1137 1178 1183 etc.
1214 1129 1457 1199 iniquos,
1491 1145 1594 1188 etc.

519 1213 642 1268 154.
667 1215 868 1286 Βοηθός
901 1237 1022 1289 μου,
1057 1233 1162 1278 etc.
1195 1223 1444 1292 Adjutor,
1471 1235 1578 1282 etc.

519 1305 642 1358 155.
683 1307 992 1365 Ἐκκλίνατε
1027 1316 1122 1367 ἀπ’
1156 1315 1313 1385 ἐμοῦ,
1347 1325 1449 1370 etc.
1481 1318 1776 1382 Declinate,
1808 1328 1910 1374 etc.

523 1397 645 1452 156.
689 1401 1032 1470 ’Av'ctlaé’oﬁ,
1087 1417 1213 1474 ctc.,
1260 1409 1352 1461 καὶ
1403 1410 1672 1479 ζήσομαι,
1722 1421 1824 1464 etc.
1881 1409 2022 1463 Sus-

448 1487 589 1556 cipe,
622 1498 728 1544 etc.

529 1580 645 1633 157.
673 1582 948 1652 Βοήθησόν
981 1603 1088 1656 μοι,
1119 1597 1226 1643 etc.
1261 1590 1472 1659 Adjuva
1501 1607 1604 1656 me,
1633 1601 1736 1646 etc.

523 1671 646 1725 158.
685 1673 1096 1740 Ἐξουδένωσας,
1131 1687 1236 1734 etc.
1276 1679 1558 1748 Sprevisti,
1581 1692 1684 1736 etc.

523 1763 644 1816 159.
677 1763 1135 1835 Παραὸαίνοντας,
1161 1778 1267 1825 etc.
1294 1770 1743 1834 Praevaricantes,
1779 1785 1882 1827 etc.

525 1851 646 1906 130.
679 1855 1028 1925 Καθήλωσον,
1059 1869 1163 1913 etc.
1193 1860 1433 1933 Conﬁge,
1461 1873 1566 1920 etc.

526 1945 648 2000 111.
689 1948 969 2030 ’Enotqaa,
1003 1963 1107 2007 etc.
1143 1951 1293 2018 Feci,
1331 1965 1436 2011 etc.

1329 283 1390 338 s.
1429 284 1802 342 ATHANASII
1843 289 1995 348 OPP.
2035 293 2216 350 rans
2253 295 2339 351 ιιι.
2379 328 2451 338 -
2485 281 2898 356 ΕιιΕοΕτιοΑ.

3561 299 3694 356 1216

2048 418 2096 472 Α
2195 414 2320 470 142.
2351 415 2623 482 Ἔκδεξαι,
2655 427 2760 472 etc.
2795 417 3046 488 Suscipe,
3068 427 3170 474 etc.

2196 506 2316 562 145.
2350 509 2411 560 Οἱ
2445 509 2710 578 ὀφθαλμοί
2739 527 2866 580 μου,
2895 519 3000 566 etc.
3035 509 3187 566 Oculi
3221 514 3348 572 mei.
3379 526 3484 570 etc.

2197 599 2321 651 1M.
2353 599 2606 668 Ποίησον,
2641 611 2744 656 etc.
2781 600 2911 664 Fac,
2939 613 3044 658 etc.

2199 689 2322 744 145.
2349 689 2545 752 Δοῦλός
2571 707 2685 754 σου,
2719 701 2820 746 etc.
2857 691 3058 748 Servus
3085 706 3230 762 tuus,
3254 705 3358 750 etc.

2201 781 2324 834 1-16.
2355 783 2580 854 Καιρός,
2615 795 2716 840 etc.
2745 783 3001 854 Tempus,
3029 797 3134 841 etc.

2204 873 2324 926 147.
2357 873 2454 926 Διὰ
2483 874 2661 939 τοῦτο,
2693 885 2796 930 etc.
2827 875 2970 938 ideo,
2998 887 3100 932 etc.

2199 963 2320 1018 148.
2353 963 2451 1016 Διὰ
2475 965 2648 1029 τοῦτο,
2676 975 2780 1020 etc.
2817 965 3110 1036 Propterea
3131 969 3218 1034 ad,
3240 977 3342 1024 etc.

2201 1057 2323 1110 119.
2360 1057 2680 1128 Θαυμαστὰ,
2713 1067 2816 1112 etc.
2853 1058 3140 1126 Mirabilia,
3171 1069 3276 1116 etc.

2205 1147 2322 1200 .50.
2363 1149 2427 1200 Ἠ
2461 1148 2712 1218 δήλωσις,
2747 1159 2850 1204 etc.
2885 1149 3208 1219 Declaratio,
3239 1165 3344 1207 etc.

2205 1239 2326 1292 151.
2367 1239 2438 1291 Τὸ
2473 1240 2666 1310 στόμα,
2697 1250 2802 1295 etc.
2833 1239 2906 1296 Os
2935 1257 3136 1304 meum,
3161 1254 3268 1297 etc.

2197 1329 2324 1383 152.
2367 1329 2706 1400 Ἑπίὸλεψον,
2753 1341 2884 1396 ctc.,
2925 1332 2987 1385 τὸ
3032 1333 3202 1402 ὄνομά
3249 1352 3364 1400 σου,
3405 1345 3512 1390 etc.
3545 1335 3708 1404 Aspi-

2125 1437 2220 1484 ce,
2255 1429 2381 1484 etc.,
2423 1437 2618 1474 nomen
2651 1430 2825 1486 tuum,
2856 1431 2959 1476 etc.

2203 1507 2323 1560 155.
2355 1506 2433 1559 Τὰ
2459 1507 2770 1578 διαϐήματά
2795 1526 2916 1579 μου,
2943 1519 3046 1565 etc.
3073 1511 3304 1568 Gressus
3334 1529 3508 1578 meos,
3535 1525 3644 1573 etc.

2199 1597 2322 1650 154.
2352 1597 2640 1666 Λύτρωσαί
2677 1616 2764 1667 με,
2795 1609 2898 1654 etc.
2930 1599 3153 1656 Redime
3177 1618 3282 1667 me,
3313 1615 3418 1659 etc.

2196 1689 2318 1742 159.
2359 1689 2608 1758 Ἐξὲτηξέ
2638 1707 2724 1759 με,
2757 1699 2862 1746 etc.
2902 1689 3204 1748 Tabescere
3239 1710 3347 1758 me,
3381 1705 3492 1751 etc.

2059 1767 2102 1820 Β
2199 1779 2319 1832 160.
2347 1780 2764 1850 Πεπυρωμένον,
2797 1793 2902 1836 etc.
2939 1783 3196 1852 Ignitum,
3225 1794 3330 1840 etc.

2203 1870 2326 1927 161.
2361 1870 2470 1924 Καὶ
2498 1873 2526 1922 ὁ
2556 1870 2740 1935 δοῦλός
2765 1887 2881 1934 σου,
2911 1879 3020 1927 etc.
3047 1872 3113 1926 Et
3140 1889 3332 1930 servus
3355 1885 3506 1938 tuus,
3535 1888 3640 1935 etc.

1577 2093 1952 2148 ATHANASI]
1989 2086 2580 2145 lNTERPRETATIO.

525 2201 649 2260 125.
693 2205 748 2259 '0
782 2207 962 2279 ὅρκος,
993 2219 1095 2264 etc.
1125 2210 1524 2280 Jurameutum,
1553 2225 1657 2270 etc.

529 2297 650 2351 126.
681 2299 1020 2371 Κυριευθείς,
1047 2313 1176 2368 ctc.,
1208 2305 1435 2360 ἐνώπιόν
1461 2325 1554 2361 σου
1575 2324 1588 2338 ·
1615 2309 1706 2360 καὶ
1741 2307 1903 2378 ζῆσόν
1937 2325 2023 2378 με,

456 2385 639 2449 καθὼς
690 2387 952 2460 εἴρηκας·
1009 2394 1068 2452 ό,
1123 2405 1227 2447 etc.
1285 2395 1456 2450 Antea
1526 2413 1648 2451 cum
1712 2397 2024 2452 dominare-

457 2486 566 2538 tur.
594 2489 696 2533 etc.
721 2519 736 2542 ,
761 2495 944 2536 coram
982 2493 1064 2550 te;
1093 2495 1146 2538 et
1173 2475 1383 2541 vivi/lica
1412 2503 1498 2542 me
1525 2505 1537 2540 :
1565 2489 2022 2558 quemadmodum

456 2569 668 2636 dixisti,
691 2580 796 2624 etc.

531 2657 653 2712 127.
681 2661 1109 2734 Κατευθυνθήτω
1142 2667 1173 2736 ἠ
1209 2671 1477 2741 προσευχὴ
1523 2687 1652 2741 μου,
1682 2672 1758 2734 ὡς
1783 2671 2030 2742 θυμίαμα

459 2747 688 2802 ἐνώπιόν
717 2768 832 2806 σου.
879 2753 1152 2826 Dirigatur
1193 2761 1367 2814 oratio
1397 2777 1542 2828 mea,
1573 2763 1715 2816 sicut
1748 2763 2032 2817 incensum

459 2841 514 2894 in
545 2853 836 2912 conspectu
865 2853 979 2900 tuo.

530 2931 653 2986 128.
689 2935 799 2988 Καὶ
830 2935 899 2988 τὰ
929 2936 1118 3008 ἄδηλα,
1149 2948 1252 2994 etc.
1291 2939 1356 2993 Et
1391 2941 1616 3007 incerta,
1644 2955 1748 3000 etc.

532 3023 654 3077 129.
687 3025 758 3076 Σὺ
791 3025 1077 3094 ἐξέδωκας,
1104 3042 1210 3084 etc.
1241 3029 1322 3084 Tu
1355 3033 1647 3098 tradidisti,
1675 3045 1782 3091 etc.

532 3113 654 3168 150.
696 3117 756 3169 Οἱ
785 3117 1036 3186 δαίμονες
1065 3121 1327 3174 ὲπὲὅαλόν
1359 3141 1470 3192 μοι,
1499 3137 1602 3182 etc.
1637 3126 1924 3185 Daemones
1950 3131 2034 3184 in-

457 3205 706 3275 iecerunt
737 3210 889 3276 mihi,
921 3221 1024 3265 etc.

535 3299 656 3353 151.
691 3300 1092 3374 Κατετρύφησα
1125 3307 1202 3370 ἑν,
1231 3317 1359 3372 ctc.,
1387 3308 1532 3361 ἐστιν
1565 3311 1620 3364 ὲν
1653 3314 1752 3383 τῇ,
1785 3323 1892 3367 etc.
1931 3312 2034 3366 Dc-

2126 2211 2194 2264 τά
2222 2207 2562 2278 δικαιώματὰ
2595 2225 2707 2261 σου.
2739 2207 2847 2262 Fac
2881 2225 3119 2274 mecum,
3151 2219 3282 2276 ctc.,
3317 2213 3711 2271 misericordiae

2125 2310 2253 2362 tum,
2287 2309 2418 2362 ctc.,
2447 2307 2506 2351 ut
2531 2298 2948 2366 justiﬁcationes
2979 2311 3104 2354 tuas
3138 2301 3386 2356 eﬂiciam.

2199 2389 2323 2445 145.
2356 2388 2744 2459 Ἐξηγὸρασας,
2769 2400 2898 2453 ctc.,
2923 2392 3090 2461 τιμίῳ
3121 2409 3236 2459 σου,
3263 2405 3396 2459 ctc.,
3427 2395 3529 2466 τὴν
3553 2397 3710 2468 χάριν

2133 2500 2262 2548 σου,
2305 2491 2436 2547 ctc.,
2478 2481 2539 2532 τὸ
2579 2479 2728 2546 πῶς,
2764 2490 2869 2535 etc.
2921 2479 3216 2536 Redemisti
3241 2523 3256 2546 ,
3289 2493 3418 2550 ctc.,
3469 2489 3712 2554 pretioso

2131 2583 2245 2640 ‘uo,
2276 2585 2404 2634 ctc.,
2434 2570 2663 2639 gratiam
2693 2579 2864 2628 tuam.
2899 2579 3030 2624 etc.-

2197 2664 2322 2718 146.
2356 2663 2470 2715 Νῦν
2495 2664 2661 2726 ἐστιν,
2696 2670 2800 2715 etc.
2835 2659 2991 2714 Nunc
3017 2670 3232 2730 tempus
3257 2672 3360 2724 est,
3397 2673 3504 2718 etc.

2199 2755 2319 2810 117.
2353 2753 2452 2806 Διὰ
2483 2753 2639 2805 τοῦτο
2668 2791 2682 2815 ,
2711 2763 2818 2806 etc.
2865 2753 3082 2823 Ἐπειδὴ
3109 2749 3200 2806 οὖν
3226 2749 3383 2818 οὗτος
3415 2759 3444 2807 ὁ
3482 2754 3718 2818 πλοῦτος

2129 2847 2464 2917 πρόσκαιρος
2483 2883 2496 2906 ,
2535 2843 2562 2894 ὁ
2593 2841 2648 2892 δὲ
2681 2841 2768 2895 διὰ
2799 2841 2904 2894 τῶν
2933 2841 3166 2895 ἐντολῶν
3199 2860 3292 2894 σου
3327 2843 3563 2907 πλοῦτος
3586 2845 3717 2898 αἰώ-

2131 2953 2242 2999 νιος
2275 2935 2531 3006 ὑπάρχει,
2556 2935 2644 2988 διὰ
2671 2935 2829 2988 τοῦτο
2865 2935 3083 3001 μᾶλλον,
3111 2943 3213 2989 etc.
3253 2933 3408 2989 Nunc
3441 2946 3548 3002 est,
3583 2947 3714 3002 ctc.,

2058 3036 2101 3094 ο
2133 3027 2261 3095 quia
2293 3024 2454 3094 igitur
2494 3034 2789 3094 praesentes
2836 3026 3038 3080 divitiae
3071 3028 3416 3095 temporariae
3447 3039 3597 3092 sunt,
3633 3031 3716 3082 di-

2135 3117 2278 3171 vitiae
2324 3127 2504 3171 autem
2561 3133 2627 3171 ex
2671 3119 2955 3186 praeceptis
3003 3118 3367 3173 tuis-aeternae
3395 3121 3672 3175 exsistunt
3699 3162 3714 3184 ,

2133 3219 2418 3280 propterea
2453 3211 2624 3280 magis
2651 3211 2835 3274 dilexi,
2867 3221 2972 3264 etc.

2205 3301 2328 3355 148.
2363 3300 2460 3354 Διὰ
2490 3301 2668 3366 τοῦτο,
2703 3311 2833 3366 ctc.,
2869 3301 3195 3356 ἀπέϐλεπον.
3233 3301 3549 3373 Propterea,
3585 3315 3716 3370 ctc.,

463 3388 680 3444 liciatus
711 3409 830 3446 sum
863 3394 918 3447 in
943 3397 1164 3450 sciendo
1193 3399 1716 3464 manifestationem,
1749 3413 1878 3466 ctc.,
1898 3419 2036 3472 quo—
2135 3393 2511 3462 Γθδβίοίθδθηῖ·

466 3481 612 3534 niam
649 3484 904 3554 gaudium
935 3487 1205 3543 ineffabile
1230 3500 1312 3544 est
1341 3491 1394 3544 in
1421 3493 1586 3548 corde
1611 3510 1752 3550 meo.

541 3573 659 3627 152.
701 3575 997 3643 Ἐξέδωκα,
1038 3589 1178 3646 ctc.,
1227 3582 1584 3656 εὐαρεστῆσαι
1631 3603 1712 3638 σοι
1759 3585 1882 3652 διά,
1932 3595 2036 3640 etc.

467 3661 686 3720 Tradidi
722 3676 890 3722 totum
924 3669 1188 3740 meipsum
1223 3673 1286 3726 ad
1317 3673 1636 3742 placendum
1666 3677 1782 3740 tibi,
1815 3687 1918 3731 etc.

539 3757 662 3812 155.
699 3757 858 3826 Τοὺς,
899 3771 1029 3826 ctc.,
1063 3767 1543 3837 περιεπτυσσόμην
1571 3771 1651 3834 ὲν,
1709 3779 1812 3823 etc.
1846 3768 2043 3822 Volcn-

467 3856 573 3915 tes,
592 3859 996 3924 ctc.,praecepta
1021 3865 1204 3910 autem
1233 3865 1323 3911 tua
1345 3861 1629 3930 amplexus
1655 3875 1778 3914 sum
1803 3862 1854 3914 in
1880 3863 2042 3916 corde

467 3955 613 3996 meo.

541 4033 662 4088 151.
691 4035 783 4100 Σύ,
808 4047 938 4103 ctc.,
969 4043 1079 4102 τοῖς
1107 4039 1416 4110 εἰρημένοις
1449 4058 1558 4110 μοι,
1590 4053 1720 4110 ctc.,
1765 4039 1867 4108 Tu,
1909 4053 2039 4108 ctc.,

470 4141 590 4196 quae
619 4129 759 4182 dicta
789 4139 918 4185 sunt
945 4147 974 4184 a
1006 4141 1056 4186 te
1090 4135 1223 4187 mihi
1258 4135 1345 4198 de,
1373 4145 1477 4189 etc.

544 4219 666 4275 155.
707 4222 1155 4296 Ἀναχωρήσατε,
1210 4235 1338 4292 ctc.,
1393 4225 1453 4278 τὸ
1501 4225 1655 4289 πῶς,
1714 4235 1820 4280 etc.
1869 4225 2042 4281 Rece-

473 4309 604 4378 dite,
637 4323 742 4369 etc.

545 4405 667 4460 156.
709 4405 896 4460 Ῥεσαε
929 4426 1020 4478 με,
1045 4421 1150 4464 etc.
1179 4407 1371 4463 Libera
1403 4423 1510 4474 me,
1542 4416 1647 4462 etc.

547 4497 668 4551 157.
701 4499 1024 4566 Κύκλωσον,
1071 4511 1202 4566 ctc.,
1232 4481 1382 4553 οὖδὲν
1420 4517 1506 4568 μοι
1538 4498 1670 4570 ἄλλη
1715 4497 1866 4551 ἔσται
1887 4537 1901 4562 ,
1936 4507 2040 4552 etc.

473 4587 784 4652 Circumda.
811 4603 942 4658 ctc.,
975 4593 1121 4646 nulla
1149 4593 1280 4645 mihi
1313 4581 1418 4646 alia
1448 4591 1551 4644 erit
1579 4605 1732 4654 cura,
1759 4599 1866 4644 etc.

547 4681 668 4738 158.
698 4682 820 4736 Ὀτι
865 4686 913 4737 οἱ
965 4683 1064 4756 μὲν
1107 4684 1206 4736 οὐκ
1243 4683 1587 4748 ἐπίστευσαν,
1623 4692 1726 4737 etc.
1775 4681 2044 4748 Quoniam

475 4774 564 4828 alii
594 4775 812 4843 quidem
846 4791 954 4831 non
985 4777 1350 4838 crediderunt,
1379 4784 1484 4830 etc.

547 4866 668 4920 159.
709 4867 1088 4940 Ἐλογισάμην,
1115 4877 1244 4932 ctc.,
1275 4869 1323 4920 οἱ
1347 4871 1445 4938 τῆς
1470 4865 1757 4936 ἀσελγείας
1790 4863 2048 4933 κεκολλη-

477 4956 652 5027 μένοι,
680 4964 808 5023 ctc.,
846 4958 1013 5012 ἐστίν.
1047 4957 1312 5028 Cogitavi,
1342 4967 1445 5010 etc.

549 5050 670 5104 140.
701 5051 1032 5122 Πεπηγέναι,
1065 5061 1168 5104 etc.
1203 5047 1311 5102 Fac
1341 5057 1397 5102 ut
1429 5047 1745 5108 immobilis,
1780 5053 1886 5099 etc.

549 5141 672 5196 1-11.
715 5143 1040 5196 Ἐπίστευσα
1083 5143 1162 5206 εἰς
1200 5139 1259 5192 σὲ
1289 5139 1491 5203 καθώς,
1534 5150 1638 5194 etc.
1663 5136 1881 5192 Credidi
1913 5137 1964 5190 in
1997 5143 2049 5191 te

479 5236 958 5306 quemadmodum,
989 5243 1092 5289 etc.
2076 5290 2082 5316 Ι

552 5329 673 5384 142.
709 5325 1172 5398 Μακροθύμησον,
1201 5336 1331 5389 ctc.,
1369 5322 1740 5394 κατηγορῆσαί
1780 5339 1882 5392 μου
1911 5319 2046 5390 πρὸς

481 5421 561 5475 σέ.
593 5419 868 5474 Patienter
897 5433 984 5472 me
1007 5424 1256 5484 exspecta
1279 5453 1294 5478 ,
1321 5423 1426 5468 etc.

553 5511 675 5567 145.
731 5509 890 5574 ὐλος
950 5511 979 5563 ὁ
1033 5507 1194 5570 πόθος
1253 5507 1352 5577 μού
1400 5507 1517 5558 ἐστι
1573 5505 1634 5557 τὸ
1681 5503 1926 5568 δέξασθαι
1981 5519 2047 5572 με

481 5603 580 5672 τήν
600 5643 616 5667 ,
644 5610 748 5656 etc.
782 5599 974 5664 Omne,
1011 5611 1115 5654 etc.

558 5691 682 5747 144.
703 5690 934 5754 Ποίησον
965 5691 1084 5753 μετ’
1109 5687 1262 5754 ἐμοῦ,
1291 5695 1418 5752 ctc.,
1448 5686 1539 5740 τοῦ
1569 5685 1746 5748 ἐλέους
1772 5702 1881 5750 σου,
1916 5695 2044 5751 ctc.,

2209 3480 2332 3534 M9.
2363 3480 2550 3550 Πάσης
2579 3480 2890 3551 ἐκπλήξεως
2925 3484 3100 3551 μεστά
3133 3485 3259 3548 εἰσι,
3291 3495 3420 3548 ctc.,
3447 3485 3528 3554 τῷ
3553 3486 3720 3538 δυνα-

2143 3571 2310 3642 μένῳ,
2347 3581 2453 3627 etc.
2500 3571 2600 3624 Διὰ
2627 3573 2788 3625 τοῦτο
2811 3569 2925 3636 οὖν,
2953 3583 3080 3639 ctc.,
3111 3574 3218 3626 τῶν
3247 3575 3285 3626 Γ
3293 3575 3502 3644 ραφῶν.
3543 3574 3718 3631 Testi-

2139 3665 2321 3717 monia
2356 3671 2446 3717 tua
2473 3661 2628 3732 plena
2657 3675 2804 3726 sunt,
2839 3673 2970 3727 ctc.,
3001 3673 3288 3732 propterea
3315 3665 3506 3734 igitur,
3533 3677 3642 3720 etc.

2212 3753 2331 3808 150.
2385 3753 2450 3806 Ἥ
2501 3753 2764 3824 ἑρμηνεία
2811 3754 2940 3825 περὶ
3011 3755 3072 3807 τὸ
3123 3757 3330 3823 νοῆσαι,
3391 3758 3722 3827 interpreta-

2140 3847 2238 3905 tio.
2269 3854 2371 3899 etc.

2229 3939 2344 3994 151.
2401 3937 2607 4008 Διψῶν,
2659 3949 2789 4002 ctc.,
2838 3939 3023 4010 ἐπειδὴ
3069 3939 3377 4012 ἐπεθύμουν
3420 3941 3723 4010 ἐπιγνῶναι

2140 4030 2238 4101 τὴν
2272 4031 2565 4102 ἑρμηνείαν
2596 4031 2704 4084 τῶν
2745 4031 2974 4101 Γραφῶν
3005 4047 3118 4084 σου.
3164 4031 3387 4096 Siticns,
3419 4043 3548 4098 ctc.,
3582 4049 3724 4104 quo—

2143 4121 2288 4173 niam
2328 4121 2706 4175 desiderabam
2739 4137 3036 4192 agnoscere
3069 4123 3570 4193 interpretationem
3603 4137 3725 4179 tua-

2143 4227 2263 4264 rum
2297 4210 2726 4280 Scripturarum.

2217 4303 2340 4356 152.
2372 4303 2570 4368 Καθὼς
2615 4305 2881 4376 ἐφόρεσας
2907 4304 3061 4372 τούς,
3087 4315 3224 4370 ctc.,
3253 4307 3346 4360 mi
3373 4307 3594 4378 ἐλέησόν
3627 4327 3718 4379 με.

2069 4377 2121 4436 Ῑ)
2146 4393 2615 4459 Quemadmodum
2647 4395 2958 4464 respexisti,
2987 4405 3118 4459 ctc.,
3150 4406 3205 4451 et
3229 4399 3488 4451 miserere
3519 4399 3648 4453 mei.

2215 4486 2338 4540 155.
2373 4487 2484 4558 Τὴν
2515 4487 2839 4558 προθυμίαν,
2874 4497 2978 4542 etc.
3015 4487 3119 4542 Fac
3145 4504 3239 4544 cor
3268 4505 3470 4552 meum,
3505 4499 3612 4544 etc.

2215 4578 2338 4632 154.
2369 4578 2657 4650 Λύτρωσαί
2705 4597 2772 4650 με
2817 4580 2926 4632 ἀπὸ
2973 4579 3152 4650 πάσης
3203 4581 3566 4649 συκοφαντίας
3627 4581 3724 4634 καὶ

2145 4669 2398 4739 ἀφορμῆς
2424 4709 2439 4736 ,
2485 4680 2592 4723 etc.
2647 4667 2842 4723 Libera
2884 4683 2972 4723 me
3013 4669 3081 4723 ab
3111 4670 3258 4723 omni
3303 4668 3492 4724 fraude
3533 4679 3589 4724 et
3637 4671 3724 4724 in—

2147 4777 2333 4820 Clll'SU.
2366 4771 2469 4814 CIC.

2220 4852 2343 4906 159.
2385 4850 2750 4923 Ἐμαράνθην,
2769 4859 2898 4918 ctc.,
2921 4851 3215 4915 λαλοῦντας
3242 4853 3508 4923 περίωιο.
3537 4851 3724 4906 Emar-

2147 4945 2236 4999 cui
2267 4953 2434 5010 totus,
2481 4953 2612 5008 ctc.,
2661 4943 2944 4998 haereticos
2973 4945 3244 4998 contraria
3287 4944 3584 5012 Scripturis
3613 4945 3721 4997 tuis

2149 5039 2428 5108 loquentes
2451 5036 2516 5090 de
2542 5035 2645 5089 (ide
2675 5043 2787 5088 tua.
2835 5057 2842 5062 -

2222 5127 2344 5182 160.
2383 5125 2623 5196 Ἐπειδὴ,
2647 5135 2774 5191 ctc.,
2799 5125 3083 5196 ὑπάρχεις,
3113 5135 3242 5190 ctc.,
3276 5127 3550 5198 καλάμην,
3575 5143 3721 5179 τουτ-

2149 5220 2296 5274 έστιν
2338 5222 2393 5272 αἱ
2435 5217 2660 5289 πράξεις
2701 5219 2756 5270 αἱ
2807 5217 3055 5289 πονηραί.
3107 5219 3374 5284 Quoniam
3419 5221 3557 5288 ignis
3607 5221 3718 5290 ipse

2157 5311 2398 5373 exsistis,
2425 5318 2552 5372 ctc.,
2583 5309 2861 5378 stipulam,
2890 5309 2996 5363 hoc
3021 5319 3104 5364 est
3125 5325 3320 5378 pravas
3349 5311 3712 5378 operationes.

2221 5409 2343 5464 161.
2386 5409 2442 5461 Ὁ
2471 5409 2527 5462 δὲ
2547 5406 2728 5470 δοῦλός
2754 5422 2867 5472 σου,
2891 5415 3018 5472 ctc.,
3053 5405 3148 5469 τάς
3179 5407 3235 5460 ἐν
3269 5404 3444 5474 ἑαυτῷ
3475 5403 3712 5468 ἀκάνθας

2148 5502 2242 5556 τοῦ
2275 5501 2410 5572 βίου.
2458 5499 2561 5566 Qui
2591 5509 2769 5554 autem
2809 5513 3020 5560 servus.
3047 5507 3178 5565 ctc.,
3213 5498 3335 5552 vitae
3359 5497 3544 5576 spinas
3569 5497 3625 5550 in
3655 5513 3714 5551 se

2150 5601 2266 5667 ipso
2296 5594 2583 5651 comburit.
