3860 6220
479 280 611 337 43:9
1323 277 1380 330 s.
1423 273 1794 329 ATHANASII
1831 272 1982 329 opp.
2024 272 2205 328 rans
2242 271 2333 326 Ill.
2372 301 2439 312 -
2479 271 2892 328 EXEGETICA.
3591 277 3738 332 ηερ

715 393 999 448 Canticum
1025 391 1315 446 Graduum.
1353 389 1553 445 PSAL.
1587 388 1793 444 CXIX.
2068 393 2115 448 Α

2068 393 2115 448 Α
2385 387 2525 458 ’ῼδὴ
2551 387 2670 441 τῶν
2701 388 3094 457 Ἀναϐαθμῶν.
3136 392 3310 443 ΨΑΛ.
3344 392 3498 444 ΡῙΘ¹.

551 485 599 542 1.
639 484 718 538 Ad
747 483 1032 538 Dominum
1064 498 1188 538 cum
1213 483 1501 536 tribularer
1525 482 1776 546 clamavi,
1804 492 1858 536 et
1877 498 2049 538 exau-

2221 477 2271 531 1.
2312 479 2453 548 Πρὸς
2481 478 2682 548 Κύριον
2695 463 2769 530 ’ἐν
2797 477 2876 546 τῷ
2904 477 3178 531 θλίϐεσθαί
3209 496 3275 549 με
3305 478 3606 548 ἐξέκραξα,
3650 481 3741 530 καὶ

477 577 613 630 divit
641 593 746 630 me.

2149 570 2435 634 εἰσήκουσέ
2469 587 2589 639 μου·
2711 624 2723 636 ,

546 669 598 722 2.
643 666 888 732 Domine,
909 667 1080 721 libera
1105 667 1342 720 animam
1373 681 1548 719 meam
1582 681 1612 719 a
1643 666 1800 719 labiis
1825 666 2047 736 iniquis,

2217 661 2270 714 2.
2295 661 2504 732 Κύριε,
2527 662 2797 732 ῥῦσαιτὴν
2813 662 2989 731 ψυχήν
3011 680 3112 731 μου
3136 663 3244 715 ἀπὸ
3259 661 3487 733 χειλέων
3512 659 3738 720 ἀδίκων,

545 759 596 812 5.
642 757 706 811 Et
737 774 767 811 a
794 759 977 827 lingua
1007 757 1220 811 dolosa.

2219 751 2270 805 5.
2315 753 2422 803 Καὶ
2452 753 2557 803 άπδ
2591 750 2840 820 γλώσσης
2870 751 3086 819 δολίας.,

545 851 597 904 4.
639 849 776 916 Quid
825 851 982 903 detur
1035 850 1154 914 tibi,
1181 856 1273 902 aut
1318 847 1447 918 quid
1494 856 1800 917 apponatur
1852 849 1948 902 tibi
1980 849 2047 903 ad

2217 842 2272 894 4.
2312 841 2376 892 Τί
2399 841 2575 910 δοθείη
2602 858 2702 905 σοι,
2731 842 2824 894 καὶ
2845 841 2897 893 τί
2927 841 3248 911 προστεθείη
3281 859 3362 895 σοι
3393 841 3534 912 πρὸς
3557 838 3737 908 γλῶσ·

473 940 712 1008 linguam
747 940 1028 994 dolosam?

960 940 1028 992 ηερ
2149 949 2245 984 σαν
2272 933 2452 985 δολίαν
2471 949 2484 995 ;

545 1033 598 1088 5.
643 1032 866 1102 Sagitta:
894 1018 1130 1101 potentis
1161 1039 1337 1085 acutae

2216 1023 2269 1078 5.
2310 1023 2390 1074 Τὰ
2423 1023 2549 1093 βέλη
2585 1020 2678 1075 τοῦ
2709 1023 2932 1076 δυνατοῦ
2968 1024 3279 1095 ἠκονημένα

542 1124 596 1178 6.
636 1125 771 1177 Cum
789 1125 1119 1178 carbonibus
1149 1122 1514 1177 desolatoriis.

2215 1114 2269 1168 6.
2309 1116 2413 1166 Σὺν
2443 1117 2552 1176 τοῖς
2585 1113 2810 1184 ἄνθραξι
2844 1117 2954 1177 τοῖς
2982 1117 3287 1186 ὲρημικοίς.

541 1215 594 1269 7.
636 1215 749 1269 Heu
773 1216 924 1280 mihi,
945 1217 1070 1284 quia
1092 1215 1362 1268 incolatus
1387 1230 1539 1267 meus
1564 1215 1920 1282 prolongatus
1941 1223 2044 1279 est,

1941 1223 2044 1279 εει,
2220 1203 2270 1257 7.
2313 1205 2492 1273 Οἴμοι,
2528 1205 2607 1256 ὅτι
2635 1205 2667 1274 ἡ
2695 1204 2955 1276 παροικία
2982 1222 3082 1273 μου
3109 1204 3449 1275 ἐμακρύνθη,

541 1308 592 1362 8.
635 1307 883 1360 Habitavi
922 1324 1044 1360 cum
1073 1307 1446 1361 habitantibus
1480 1305 1655 1359 Ccdar
1683 1324 1696 1358 :

2218 1295 2270 1348 8.
2313 1297 2716 1366 Κατεσκήνωσα
2753 1295 2890 1366 μετὰ
2912 1297 3019 1348 τῶν
3051 1299 3416 1366 σνηνωμάτων
3444 1297 3662 1368 Κηδάρ·

541 1398 593 1452 9.
634 1399 860 1452 Multum
895 1399 1070 1452 incola
1101 1399 1202 1452 fuit
1234 1399 1414 1452 anima
1455 1413 1593 1449 mea.

2217 1386 2272 1440 9.
2315 1387 2491 1439 Πολλὰ
2520 1387 2846 1459 παρῴκησεν
3109 1406 3231 1458 μου.

542 1493 627 1547 10.
668 1493 804 1546 Cum
836 1492 942 1555 his,
968 1491 1059 1560 qui
1091 1491 1322 1544 oderunt
1355 1505 1542 1558 pacem
1573 1504 1719 1542 eram
1746 1488 2042 1556 paciﬁcus:

2218 1481 2302 1534 10.
2347 1483 2500 1535 Μετὰ
2535 1486 2641 1534 τῶν
2675 1484 2972 1553 μισούντων
3011 1485 3109 1554 τὴν
3137 1486 3359 1557 εἰρήνην
3390 1485 3542 1554 ἤμην
3578 1486 3738 1553 εἰρη-

2144 1575 2314 1636 νικὸς”

541 1667 626 1720 Η.
667 1666 804 1721 Cum
835 1667 1092 1736 loquebar
1119 1666 1246 1732 illis,
1283 1666 1672 1735 impugnabant
1701 1681 1786 1719 me
1810 1665 1998 1733 gratis.

2219 1663 2304 1716 li.
2323 1664 2493 1716 Ὅταν
2526 1663 2750 1718 ἐλάλουν
2778 1665 2981 1731 αὐτοῖς,
3009 1663 3307 1735 ἐπολέμουν
3344 1682 3410 1735 με
3441 1665 3680 1736 δωρεάν.

1606 1837 1976 1892 ΑΤΙΙΑΝΑΞΙΙ
2018 1836 2600 1892 INTERPRETATIO.

548 2002 612 2054 Ἦ
642 2003 971 2073 προκειμένη
1004 2004 1282 2074 ἐπιγραφὴ
1317 2003 1560 2073 περιέχει
1593 2001 1669 2072 1)
1692 2017 1706 2031 ·
1741 1998 1880 2069 ’ῼδὴ
1924 1999 2041 2052 τῶν
2065 1998 2456 2068 Ἀναϐαθμῶν,
2483 2002 2619 2068 ὅπερ
2645 1999 3002 2070 ἑρμηνεύεται
3030 2000 3465 2069 ἐξομολόγησις
3492 2000 3615 2054 τῶν
3638 2000 3736 2070 ἐρ-

467 2097 734 2168 χομένων
771 2099 883 2151 ἀπὸ
920 2098 1036 2151 τῶν
1061 2097 1377 2167 ἁμαρτιῶν,
1416 2098 1624 2150 ἀνιέναι
1649 2098 1726 2158 είς
1758 2095 1856 2165 τὴν
1886 2094 1977 2147 τοῦ
2003 2096 2206 2165 Κυρίου
2237 2095 2439 2153 πίστιν.
2472 2095 2565 2146 καὶ
2589 2095 2686 2155 τὰς
2708 2094 2894 2146 τοῦτου
2921 2094 3497 2164 ἐντολάς.“Ανα6αθμοὶ
3525 2092 3623 2149 οὖν
3644 2097 3736 2149 διὰ

463 2187 621 2244 τιῦτο
654 2190 866 2259 εἴρηται
899 2189 996 2256 (2),
1023 2190 1127 2247 ὅτι,
1160 2187 1347 2257 ὥσπερ
1373 2187 1429 2252 ἐξ
1465 2188 1691 2250 ὑδάτων,
1720 2185 1890 2248 οὕτως
1917 2186 2023 2237 ἀπὸ
2053 2187 2150 2254 τῆς
2178 2185 2617 2254 εἰδιυλολατρείας
2649 2185 2742 2236 καὶ
2779 2183 2885 2237 τῶν
2914 2185 3090 2254 ἔργων
3123 2185 3326 2256 ταύτης
3354 2187 3428 2252 (5)
3470 2188 3735 2256 ἄρχονται

463 2284 512 2334 οἱ
558 2279 973 2349 ἐπιστρέφοντες
1018 2278 1126 2330 άπὸ
1165 2276 1257 2329 τοῦ
1291 2276 1506 2346 πρώτου
1549 2274 1765 2346 ψαλμοῦ
1801 2274 1908 2325 τῶν
1939 2274 2294 2342 Ἀναὸαθμῶν
2335 2272 2794 2342 ἐξομολογεῖσθαι,
2830 2275 2920 2326 καὶ
2962 2276 3196 2344 καθεξῆς
3215 2277 3335 2329 καθ’
3366 2277 3596 2330 ’ἑκαστον
3631 2280 3732 2344 βα-

465 2373 598 2444 θμὸν
629 2372 834 2426 ἀνίεντο
864 2369 1146 2443 [ἀνιόντες]
1185 2369 1546 2439 ὑψηλοτέρους
1574 2367 1881 2422 δείκνυσθαι
1919 2367 2157 2429 τούτοις·
2200 2369 2563 2437 τελειοτέρους
2597 2367 2652 2418 δὲ
2693 2366 2784 2418 καὶ
2815 2367 3150 2438 τελειοτέρας
3175 2369 3247 2438 (4)
3284 2369 3728 2442 ἐξομολογήσεις,

461 2467 558 2524 καὶ
584 2463 929 2535 εὐχαριστίας
960 2462 1323 2531 ἀναπέμπειν.

545 2556 748 2609 ι’ὶιυίυε
777 2554 1095 2623 praepositus
1126 2553 1369 2606 continet
1401 2570 1412 2603 :
1457 2550 1739 2606 Canticum
1773 2549 2070 2613 Craduum,
2100 2549 2244 2618 quod
2282 2550 2671 2617 interpretatur
2698 2550 2958 2619 confessio
2994 2551 3360 2604 venientiuma
3391 2555 3644 2618 peccatis,
3667 2563 3730 2606 ut

463 2644 763 2700 ascendant
804 2645 869 2696 ad
902 2643 1059 2696 ﬁdem
1095 2641 1332 2705 Domini,
1369 2642 1599 2710 ejusque
1629 2651 1916 2710 przecepta.
1952 2641 2168 2694 Gradus
2197 2640 2359 2708 igitur
2388 2640 2510 2694 ideo
2532 2642 2660 2696 dicti
2697 2652 2846 2707 sunt,
2879 2644 3136 2711 quoniam
3166 2645 3632 2712 quemadmodum
3656 2660 3726 2699 ex

462 2743 621 2811 aquis
652 2736 977 2810 [baptismi],
1011 2738 1082 2790 ita
1117 2738 1185 2791 ab
1221 2737 1548 2799 idololatria,
1585 2747 1638 2791 et
1683 2736 1848 2806 hujus
1891 2735 2147 2804 operibus
2194 2735 2481 2804 incipiunt,
2509 2737 2600 2806 qui
2649 2747 3060 2801 convertuntur,
3088 2754 3116 2791 a
3146 2754 3321 2806 primo
3353 2741 3565 2808 psalmo
3601 2755 3727 2810 gra-

464 2831 632 2883 duum
662 2827 928 2891 conﬁteri,
960 2835 1014 2879 et
1042 2826 1296 2895 deinceps
1327 2843 1422 2895 per
1453 2828 1698 2893 singulos
1732 2827 1933 2894 gradus
1965 2826 2323 2881 ascendentes
2355 2828 2438 2882 bis
2473 2829 2749 2896 gradibus,
2781 2844 2918 2898 quos
2953 2829 3336 2894 ascenderunt,
3371 2831 3726 2888 sublimiores

463 2917 709 2984 ostendi;
747 2916 1097 2986 perfectiores
1130 2926 1310 2970 autem
1341 2916 1692 2985 perfectiores
1726 2919 1890 2970 etiam
1934 2919 2333 2982 confessiones,
2361 2929 2412 2973 et
2443 2921 2740 2990 gratiarum
2772 2923 3012 2975 actiones
3045 2921 3267 2977 referre.

535 3033 588 3087 l.
637 3029 774 3086 Cum
802 3031 1054 3085 redactus
1083 3047 1256 3085 essem
1295 3031 1349 3085 in
1375 3035 1688 3087 servitutem
1721 3050 1748 3086 a
1784 3043 2028 3101 peccato,

2207 3034 2260 3087 1.
2287 3035 2373 3087 Ἐν
2402 3035 2479 3104 τῷ
2511 3031 2650 3088 εἷναί
2685 3053 2750 3106 με
2784 3036 3174 3106 δεδουλωμένον
3210 3035 3552 3108 τῇηάμαρτίᾳ
3587 3037 3725 3108 πρὸς

463 3123 530 3177 ad
557 3121 844 3175 Dominum
869 3120 1174 3191 Iacrymans
1210 3121 1463 3183 clamavi,
1495 3130 1548 3174 ct
1569 3122 1848 3175 exaudivit
1871 3138 1976 3177 me.

2195 3127 2338 3197 ύριον
2372 3127 2643 3199 ἀνεδόησα
2683 3133 2820 3198 μετὰ
2848 3130 3120 3198 δακρύων,
3153 3132 3246 3182 καὶ
3277 3132 3562 3201 εἰσήκουσέ
3592 3150 3719 3202 μου.

532 3214 589 3279 2,
615 3214 670 3269 '5.
703 3211 952 3276 Domine,
987 3210 1249 3279 deprecor
1285 3223 1354 3275 te,
1385 3212 1551 3265 libera
1582 3213 1819 3264 animam
1859 3227 2033 3265 meam

2206 3217 2259 3281 2,
2315 3218 2381 3288 3.|
2411 3219 2601 3290 Κύριε,
2653 3220 2903 3289 δεόμενός
2953 3238 3043 3272 σου
3075 3222 3174 3290 (5),
3209 3221 3367 3290 ῥῦσαι
3412 3223 3511 3292 τὴν
3541 3223 3723 3294 ψυχήν

463 3321 492 3358 a
520 3305 810 3359 contrariis
838 3303 1218 3372 potestatibus,
1251 3313 1305 3355 et
1333 3303 1574 3357 diabolo.

2139 3325 2240 3378 μου
2273 3309 2380 3361 ἀπὸ
2409 3310 2518 3361 τῶν
2550 3311 2805 3364 ἐναντίων
2837 3311 3115 3380 δυνάμεων
3146 3314 3240 3364 καὶ
3273 3312 3363 3364 τοῦ
3389 3313 3661 3367 διαϐόλου.

532 3397 588 3451 4.
620 3396 760 3450 Deus
790 3405 970 3450 autem
1001 3397 1227 3450 audiens
1264 3411 1386 3449 eum
1418 3397 1550 3450 dicit
1585 3395 1684 3463 ipsi
1717 3413 1730 3448 :
1765 3393 1907 3462 Quid
1937 3398 2033 3452 tibi

2203 3398 2257 3451 4.
2291 3398 2348 3450 Ὁ
2376 3398 2432 3450 δὲ
2462 3399 2614 3462 Θεὸς,
2662 3401 2899 3464 ἀκούσας
2939 3404 3012 3472 (6)
3058 3403 3243 3465 αὐτοῦ,
3277 3403 3424 3471 λέγει
3454 3406 3593 3476 πρὸς
3620 3407 3718 3459 αύ-

461 3486 622 3550 dabo,
659 3497 711 3540 et
738 3486 884 3555 quali
922 3485 1125 3538 auxilio
1165 3500 1503 3550 succurram,
1545 3492 1606 3539 ut
1630 3485 1853 3539 liberem
1882 3497 1932 3540 te
1967 3502 1985 3538 ε

2192 3508 2224 3542 ιν
2246 3505 2260 3518 °
2287 3489 2350 3541 Τί
2383 3507 2462 3542 σοι
2485 3491 2817 3562 δωρήσομαι,
2843 3494 2936 3546 καὶ
2959 3494 3096 3564 μετὰ
3123 3496 3280 3558 ποίας
3304 3495 3553 3566 βοηθείας
3581 3498 3716 3568 πρὸς

463 3577 768 3632 idololatria
796 3575 819 3627 Ἰ

2134 3582 2194 3635 τὸ
2221 3583 2483 3653 ρυσθῆναί
2517 3603 2574 3637 σε
2601 3587 2708 3638 ἀπὸ
2737 3588 2834 3656 τῆς
2861 3588 3336 3658 εἰδωλολατρείαςς

529 3666 584 3730 ὁ,
610 3667 663 3720 6.
704 3665 907 3719 Mittam
941 3664 1037 3719 tibi
1068 3666 1341 3734 apostolos
1385 3665 1504 3719 Filii
1536 3668 1665 3733 mei,
1701 3684 1825 3724 cum
1850 3667 2034 3723 verbis

2206 3675 2259 3738 5,
2287 3675 2339 3728 6.
2363 3676 2670 3728 Ἀποστελῶ
2705 3677 2779 3745 (7)
2816 3695 2898 3730 σοι
2943 3680 3069 3742 τοὺς
3112 3680 3440 3744 ἀποστόλους
3485 3683 3563 3753 τῷ
3604 3683 3712 3753 Υίῷ

461 3759 580 3828 ejus
626 3757 996 3812 desolantibus
1047 3758 1432 3825 idololatriam,
1475 3769 1528 3813 et
1575 3775 1790 3816 omnem
1843 3772 1985 3831 potet

2189 3783 2240 3817 συ
2288 3766 2425 3836 μετά
2453 3769 2560 3820 τῶν
2589 3767 2757 3834 λόγων
2791 3769 2956 3822 αὑτοῦ
2998 3770 3106 3823 τῶν
3137 3772 3484 3841 ὲρημούντων
3507 3778 3604 3844 τὴν
3638 3778 3713 3828 εί-

461 3853 591 3905 tiam
618 3851 841 3904 inimici.

2133 3857 2544 3930 δωλολατρείαν,
2578 3862 2670 3913 καὶ
2698 3863 2875 3914 πᾶσαν
2900 3862 3127 3932 δύναμιν
3153 3864 3247 3915 τοῦ
3277 3864 3498 3934 ἐχθροῦ.

535 3941 585 3994 7.
617 3939 916 3994 Contitetur
954 3941 1147 3996 deinde
1183 3942 1272 3996 hic
1297 3942 1482 3996 dicens
1517 3962 1528 3996 :
1563 3941 1660 3996 Hei
1695 3944 1850 4009 mihi,
1887 3945 2030 4013 quod

2205 3949 2256 4001 7.
2317 3949 2748 4021 Ἐξομολογεῖται
2816 3954 3003 4006 λοιπὸν
3071 3948 3224 4018 οὗτος
3288 3956 3462 4022 λέγων
3488 3974 3501 3985 ·
3576 3955 3710 4012 Οὐαί

460 4048 677 4088 omnem
709 4049 883 4087 meam
911 4035 1076 4087 vitam
1119 4036 1432 4102 consumpsi
1472 4037 1749 4090 luxuriose
1779 4038 1984 4090 vivendi

2183 4058 2224 4093 οι
2251 4041 2350 4111 (8),
2375 4043 2456 4096 ὅτι
2487 4044 2663 4096 πάντα
2692 4045 2780 4096 τὸν
2807 4044 2918 4114 βίον
2945 4063 3044 4114 μου
3068 4045 3315 4116 ἀνήλωσα
3332 4047 3439 4110 ζῶν
3467 4048 3707 4114 ἀσώτως.

530 4126 585 4180 8.
631 4125 695 4178 Et
721 4126 896 4179 mansi
926 4135 1130 4188 mutus,
1159 4134 1212 4177 et
1245 4125 1480 4178 adorans
1512 4125 1653 4178 idola
1703 4134 2030 4194 potestatum

2201 4133 2253 4184 8.
2293 4135 2402 4186 Καὶ
2429 4135 2672 4204 διέμενον
2700 4137 2880 4205 κωφὸς
2923 4138 3014 4189 καὶ
3045 4138 3118 4206 (9)
3155 4137 3444 4208 σεϐόμενος
3471 4141 3540 4192 τὰ
3567 4142 3712 4195 εἰδω-

460 4217 806 4272 tenebrarum
838 4235 850 4269 :
884 4215 1054 4269 Cedar
1084 4217 1228 4269 enim
1260 4214 1482 4269 tenebrae
1511 4215 1923 4284 interpretatur.

2181 4239 2198 4272 ι
2226 4222 2333 4274 τῶν
2366 4224 2459 4276 τοῦ
2487 4225 2709 4289 σκότους
2735 4227 3015 4296 δυνάμεων
3036 4246 3048 4257 ’
3081 4229 3444 4299 ἑρμηνεύεται
3470 4231 3577 4302 γὰρ
3595 4233 3705 4302 (ίθ)

2137 4313 2339 4368 Κηδὰο
2371 4316 2608 4368 σκότος.

529 4392 584 4447 9.
629 4389 825 4444 Vecors
863 4388 1031 4452 fui,ct
1052 4403 1267 4441 omnem
1304 4403 1476 4442 meam
1515 4403 1664 4458 spem
1694 4391 1748 4442 in
1783 4390 1914 4458 ipsis
1949 4407 2034 4446 re-

2177 4331 2339 4381 noap
2371 4331 2608 4381 σκοτος.

2206 4405 2258 4460 9.
2283 4405 2670 4475 Ἀπονηπιὸθεν
2699 4407 2812 4479 (11)
2866 4409 3225 4484 [άπενοήθην]
3256 4412 3352 4482 τὴν
3379 4413 3570 4468 ἐλπίδα
3601 4432 3701 4486 μου

459 4489 689 4554 positam
722 4483 907 4537 habui.

2131 4497 2294 4549 πᾶσιν
2318 4497 2374 4549 ἐν
2404 4499 2616 4562 ἑαυτοῖς
2644 4495 2807 4568 εἶχον.

539 4576 618 4630 to.
653 4576 873 4631 Amicus
897 4590 1047 4630 eram
1071 4582 1397 4645 potestatum
1422 4573 1645 4640 diaboli,
1685 4590 1806 4630 oua:
1845 4575 2030 4630 inimi-

2202 4589 2285 4640 10.
2311 4590 2464 4652 Φίλος
2509 4591 2658 4662 ἤμην
2702 4593 2810 4644 τῶν
2854 4593 2946 4646 τοῦ
2996 4593 3242 4648 διαϐόλου
3289 4597 3575 4667 δυνάμεων
3599 4599 3702 4651 τῶν

458 4683 536 4724 ca:
565 4676 712 4722 sunt.

2127 4677 2339 4749 ἐχθρῶν
2375 4680 2472 4750 τῆς
2499 4683 2741 4753 εἰρήνης.

531 4760 616 4813 11.
661 4761 794 4814 Cum
829 4760 1130 4815 serviebam
1181 4759 1335 4828 ipsis,
1389 4758 1817 4815 dominabantur
1854 4760 1905 4812 in
1939 4773 2026 4814 me

2197 4767 2282 4821 11.
2305 4770 2466 4822 Ὅταν
2514 4771 2800 4842 ἐλάτρευον
2845 4773 3046 4838 αὐτοῖς,
3101 4775 3555 4832 κατεδυνάστευόν
3604 4799 3700 4850 μου

459 4853 732 4922 captivum
767 4867 853 4906 me
879 4853 1207 4906 deducentes
1237 4852 1290 4904 in
1331 4851 1653 4919 cupiditates
1689 4852 1927 4913 inutiles,
1967 4867 1983 4905 ε

2180 4859 2614 4928 ,χμαλωτίζοντες
2641 4863 2752 4934 (l2)
2807 4865 2886 4928 είς
2936 4865 3228 4936 ἐπιθυμίας
3271 4868 3586 4935 ἀνωφελεῖς,
3618 4877 3704 4927 καὶ

459 4959 646 4998 vanas.

2139 4950 2392 5019 ματαίας.

1404 5085 1710 5146 Addenda
1742 5091 1803 5146 et
1835 5087 2211 5164 corrigenda
2248 5108 2326 5152 ex
2371 5094 2512 5155 cod.
2548 5096 2752 5160 Vatic.

715 5209 803 5263 διὰ
822 5211 918 5293 τῆς
947 5209 1316 5280 κινναῦάρεως
1345 5211 1604 5282 περιέχει.
2299 5214 2674 5293 εἰσακούσας.

525 5283 605 5422 (‘2)
631 5280 1068 5351 Ἑρμηνεύονται.
1423 5280 1432 5282 “
2201 5280 2275 5353 (7)
2299 5288 2354 5336 Ἀ
2367 5280 2659 5351 ποστέλλω,
2688 5298 2815 5353 etc.,
2853 5290 2944 5342 τοῦ
2977 5291 3106 5344 Υίοῦ
3141 5310 3263 5361 μου.

549 5353 602 5422 3)
641 5352 850 5422 Αὐτῆς.
912 5421 917 5422 7
1007 5421 1013 5422 7
1098 5421 1104 5422 7
1508 5421 1512 5422 7
1573 5421 1579 5422 7
2199 5357 2274 5422 (ὃ)
2316 5355 2503 5418 Οΰτως
2530 5358 2733 5422 λέγων’
2764 5361 2895 5412 Οὐαί
2928 5363 3016 5422 μοί
3043 5365 3213 5422 ἐστιν,
3248 5378 3263 5416 ε

549 5353 602 5430 ξι)
629 5352 856 5430 ῥύτῇςι
910 5421 921 5430 7
1005 5421 1017 5430 _
1096 5421 1105 5430 7
1296 5422 1307 5430 _
1417 5425 1427 5430 7
1496 5421 1518 5430 Δ
1568 5421 1587 5430 _
1676 5424 1685 5430 7
1772 5424 1784 5430 _
1811 5424 1824 5430 Α
1878 5422 1932 5430 77
2199 5357 2274 5430 (δ)
2316 5355 2508 5430 ρῦτως
2530 5358 2700 5430 λέγων
2721 5377 2736 5430 '7
2764 5361 2895 5412 Οὐαί
2928 5363 3016 5430 μοί
3043 5352 3213 5428 ἐστὶν,
3248 5371 3352 5416 etc.

526 5419 601 5493 (4)
629 5419 965 5493 ’ᾼναόαθμδν
994 5421 1253 5493 ἀνιέντες,
1280 5422 1355 5493 ᾡς
1381 5425 1461 5485 είς
1495 5421 1735 5492 βαθμοὺς
1765 5422 2025 5493 ὑψηλότε·
2316 5419 2617 5490 “Emme”;
2648 5429 2761 5490 καίν
2787 5438 2891 5483 θιθ·

526 5436 965 5542 (ιὲεΆναοαυμον
994 5436 1253 5486 ανιεντες,
1280 5436 1355 5485 ως
1381 5436 1461 5485 εις
1495 5436 1735 5492 βαθμούς
1765 5436 2025 5493 ὑψηλοτε-
2200 5436 2274 5491 (υ)
2317 5436 2480 5478 Usa-co:

459 5509 541 5563 ροι
641 5490 905 5552 ίκνυσθαι,
942 5491 1185 5544 τουτέστι
1227 5491 1573 5563 τελειότεροι,
1629 5495 1721 5547 καὶ
1765 5495 2030 5546 τελειοτέ-
2197 5495 2310 5563 (10)
2351 5493 2480 5549 οὖν.

458 5569 708 5644 ραςιξδιςι
829 5629 841 5644 .
1046 5641 1055 5644 ,
1150 5636 1190 5644 --
1240 5632 1301 5644 ,.
1408 5641 1416 5644 Α
2200 5564 2759 5644 ςὲἒ)ἷιὲῖτὲνηπιόθενν
2790 5577 2920 5644 θροις
2954 5572 3132 5644 race?
3167 5568 3630 5644 tramissum

527 5632 604 5697 (ὅ)
644 5629 841 5699 Δέομαί
869 5647 982 5694 σου,
1011 5641 1114 5686 etc.
1141 5633 1251 5686 Καί
1273 5632 1422 5685 deest

2199 5629 2599 5703 (12)Ἐλάλουν,
2625 5647 2710 5693 etc
2737 5629 2754 5703 ,'
2782 5639 3273 5709 αιχμαλιιηίςσντές
3297 5658 3383 5710 με,
3415 5629 3520 5698 étc.‘
