3860 6220
169 229 355 288 1‘22!
1126 240 1213 295 DE
1253 243 1530 299 TlTL‘LlS
1568 244 2021 301 PSALMORUM.
2060 275 2130 286 -—
2171 245 2368 302 PSAL.
2407 248 2566 307 CXX.
3349 259 3488 314 £222

486 351 606 420 ῼὸἡ
645 368 765 404 των
788 354 1180 424 Ἀναϐαθμῶν.
1214 363 1386 414 ΨΑΛ.
1427 361 1558 415 PK'.
1830 372 1878 428 Α

1830 372 1878 428 Α
2168 362 2446 418 Canticum
2478 363 2772 419 Craduum.
2801 365 3002 420 PSAL.
3036 367 3205 423 CXX.

267 437 338 493 1.
364 436 523 510 Ἶίρα
575 442 700 504 τοὺς
745 441 1055 515 ὀφθαλμούς
1085 464 1185 516 μου
1230 451 1309 512 εἰς
1335 457 1400 503 τὰ
1428 452 1549 521 ὅρη,
1581 452 1701 504 ὅθεν
1730 452 1791 523 (αξ

1979 453 2029 506 1.
2072 452 2267 508 Levavi
2322 456 2510 510 oculos
2563 471 2711 510 meos
2767 457 2820 509 in
2874 464 3105 524 montes,
3139 458 3283 514 unde
3307 460 3484 514 veniet

221 528 327 595 ξει
366 534 406 602 ἡ
448 531 666 603 βοήθειά
703 550 822 602 μου.
1184 604 1197 617 .

1184 604 1197 617 .
1906 545 2163 599 auxilium
2199 548 2352 602 mihi.

264 620 338 674 2.
379 624 444 674 Ἦ
480 622 702 693 βοήθειά
734 642 833 694 μου
863 625 1012 696 παρὰ
1038 628 1266 699 Κυρίου,

1972 636 2026 690 2.
2069 639 2346 691 Auxilium
2380 653 2558 691 meum
2587 654 2614 690 a
2649 637 2897 702 Domino,

258 711 331 764 3.
388 713 493 765 Τοῦ
528 716 850 786 ποιήσαντος
881 717 970 769 τὸν
1001 719 1227 789 οὐρανὸν
1250 722 1344 774 καὶ
1371 723 1469 794 τὴν
1493 724 1621 794 γῆνι

1371 723 1469 794 τὴν
1493 724 1621 794 γῆνι
1971 727 2024 781 5.
2065 727 2168 795 Qui
2198 729 2326 784 fecit
2357 731 2554 786 caelum
2583 740 2634 784 et
2667 743 2886 786 terram.

257 804 336 858 4.
390 806 479 876 Μὴ
509 806 650 877 δῴης
679 809 758 870 εἰς
784 808 942 861 σάλον
965 810 1057 863 τὸν
1093 812 1227 864 πόδα
1259 831 1376 879 σου,

1969 821 2022 876 4.
2063 823 2181 878 Non
2215 826 2304 879 det
2333 827 2384 879 in
2415 829 2834 881 commotionem
2864 828 3054 897 pedem
3084 838 3261 893 tuum,

245 895 334 949 5.
388 897 538 967 Μηδὲ
564 897 800 970 νυστάξῃ
830 901 856 952 6
879 901 1165 968 φυλάσσων
1191 921 1269 956 σε.

1967 915 2022 970 5.
2063 914 2250 986 Neque
2279 919 2532 972 dormitet
2559 920 2652 988 qui
2688 895 2926 974 custodit
2955 933 3025 974 te.

257 986 332 1041 6.
370 989 500 1042 Ἰδοὺ
534 990 594 1043 ού
617 991 886 1057 νυστάξει,
913 992 1034 1044 οὐδὲ
1061 993 1294 1047 ὑπνώσει
1329 995 1356 1046 6
1390 995 1678 1064 φυλάσσων
1706 995 1781 1050 τὺκ

1967 1006 2020 1060 6.
2062 1007 2200 1062 Ecce
2233 1024 2340 1062 non
2374 986 2712 1078 dormitabit,
2767 1027 2945 1081 neque
2993 1011 3228 1066 dormiet
3260 1012 3350 1082 qui
3376 1028 3474 1067 cu-

181 1077 467 1153 Ἰσραήλ.

1896 1099 2059 1153 slodit
2087 1100 2269 1154 Israel.

257 1169 330 1225 7.
376 1171 578 1244 Κύριος
602 1173 824 1244 φυλάξοι
854 1192 936 1241 σε,

1963 1192 2016 1244 7.
2052 1191 2312 1248 Dominus
2335 1195 2574 1249 custodit
2605 1204 2689 1250 te:

255 1260 327 1317 8.
370 1263 573 1333 Κύριος
607 1265 780 1337 σκέπη
811 1283 892 1319 σοι
911 1265 1052 1339 [σου]
1076 1268 1166 1320 ἐπὶ
1192 1271 1350 1342 χεῖρα
1370 1270 1550 1337 δεξιάν
1589 1289 1703 1326 σου.

1963 1282 2015 1337 8.
2047 1283 2310 1341 Dominus
2333 1289 2598 1355 protectio
2621 1298 2731 1353 tua,
2753 1301 2917 1343 suoer
2937 1302 3158 1341 manum
3189 1286 3465 1340 dexteram

1532 1360 1542 1365 ⁷
1893 1382 2060 1427 tuam.

247 1457 325 1512 9.
379 1459 621 1533 Ἡμέρας
644 1465 672 1516 ὁ
700 1465 849 1535 ἣλιος
880 1468 939 1519 οὐ
975 1466 1271 1534 συγκαύσει
1295 1485 1354 1522 σε
1373 1486 1388 1502 ο
1654 1532 1660 1539 _

1301 1485 1354 1522 σε
1373 1486 1388 1502 ο
1654 1532 1660 1539 _
1961 1469 2012 1523 9.
2042 1465 2140 1521 Per
2164 1468 2305 1522 diem
2335 1467 2416 1521 sol
2445 1483 2554 1521 non
2583 1477 2706 1522 uret
2734 1476 2786 1523 te
2813 1486 2825 1523 :

257 1551 370 1606 10.
397 1552 528 1606 Οὐδὲ
555 1557 590 1625 ή
623 1555 819 1626 σελήνη
855 1557 952 1626 τὴν
970 1556 1160 1611 νύκτα.

1961 1559 2047 1613 10.
2078 1557 2264 1628 Neque
2293 1559 2419 1611 luna
2455 1574 2552 1627 per
2575 1569 2808 1613 noctem.

257 1643 364 1699 11.
401 1645 606 1716 Κύριος
639 1647 864 1715 φυλάξοι
896 1666 954 1701 σε
985 1649 1091 1701 ἀπὸ
1121 1649 1320 1714 παντὸς
1344 1651 1515 1704 κακοῦ
1535 1667 1548 1682 ·

1959 1651 2046 1704 il.
2081 1650 2342 1704 Dominus
2366 1650 2602 1704 custodit
2631 1663 2680 1704 te
2710 1651 2778 1704 ab
2807 1652 2953 1705 omni
2986 1654 3162 1708 malo:

254 1731 360 1787 12.
394 1733 621 1802 Φυλάξοι
647 1737 746 1807 τὴν
771 1737 947 1807 ψυχήν
978 1756 1070 1791 σου
1095 1741 1122 1792 ὁ
1150 1739 1375 1811 Κύριος.

1811 1723 1855 1776 Β
1953 1740 2040 1793 12.
2068 1740 2354 1795 Custodiat
2381 1739 2620 1793 animam
2652 1749 2801 1794 tuam
2829 1740 3115 1798 Dominus.

250 1845 350 1914 (α)
383 1843 537 1902 Vers.
567 1846 624 1903 2.
646 1848 814 1904 Πόθεν
839 1849 978 1920 ήξει,
1009 1860 1111 1906 etc.
1145 1851 1301 1908 Vers.
1331 1856 1385 1908 5.
1403 1855 1466 1908 Ἢ
1489 1853 1774 1927 βοήθειά,ε

646 1848 814 1904 Πόθεν
839 1849 978 1920 ήξει,
1009 1860 1111 1906 etc.
1145 1851 1301 1908 Vers.
1331 1856 1385 1908 5.
1403 1855 1466 1908 Ἢ
1489 1853 1728 1927 βοήθειά,
1746 1865 1875 1924 etc.,
1914 1856 2014 1927 τὴν
2047 1856 2167 1927 γῆν.

1321 1983 1698 2041 ATHANASII
1736 1965 2326 2042 INTERPRETATIO.

3123 2043 3154 2069 Δ

253 2113 342 2166 Ἠ
372 2116 706 2189 προκειμένη
731 2119 1004 2193 ἐπιγραφὴ
1031 2124 1292 2195 περιέχει·
1324 2125 1463 2196 ᾨδὴ
1485 2125 1604 2181 τῶν
1621 2128 2024 2198 Ἀναϐαθμῶν·
2056 2127 2440 2200 ἐξομολόγησις
2469 2127 2543 2199 (1)
2571 2126 2680 2180 τῶν
2703 2126 2958 2181 ἀνιέντων
2986 2129 3094 2182 ἀπὸ
3114 2128 3208 2183 τοῦ
3235 2128 3453 2202 πρώτου

164 2200 408 2275 βαθμοῦ
445 2207 536 2259 ἐπὶ
569 2209 661 2262 τὸν
694 2209 962 2283 δεύτερον,
996 2217 1272 2269 τουτέστιν
1297 2218 1403 2270 ἀπὸ
1434 2219 1533 2290 τῆς
1575 2221 2012 2293 ἐξομολογήσεως
2039 2221 2146 2278 τῶν
2188 2222 2471 2293 ἁμαρτιῶν
2515 2221 2630 2292 ἅμα
2659 2223 2850 2292 νήφειν
2877 2225 2943 2293 τῇ
2994 2222 3070 2293 (2)
3100 2200 3329 2294 διανοία,
3360 2224 3454 2276 ml.

161 2295 279 2364 τὴν
317 2297 569 2369 βοήθειαν
595 2303 757 2356 αὐτοῦ
787 2307 1189 2375 ἐπιγινώσκειν,
1222 2312 1411 2384 ὅτιπερ
1439 2314 1587 2382 παρά
1609 2314 1743 2368 θεοῦ
1769 2317 1937 2370 ἐστιν.

249 2385 486 2443 Titulus
505 2394 828 2460 praepositus
862 2398 1107 2452 continet
1142 2417 1154 2452 :
1187 2399 1466 2453 Canticum
1498 2400 1812 2468 Graduum;
1847 2403 2122 2460 confessio
2150 2403 2559 2460 ascendentium
2584 2418 2613 2456 a
2641 2403 2817 2471 primo
2847 2403 3015 2473 gradu
3045 2404 3096 2457 in
3127 2405 3447 2472 secundum,

161 2479 286 2533 hoc
321 2487 408 2532 est
444 2495 474 2533 a
501 2482 844 2540 confessione
870 2496 1218 2555 peccatorum
1245 2491 1314 2545 ad
1338 2492 1503 2546 simul
1531 2494 1903 2563 evigilandum
1937 2505 2140 2561 mente,
2175 2505 2230 2550 et
2254 2497 2321 2551 ad
2345 2494 2752 2567 agnoscendum
2782 2495 3045 2549 auxilium
3088 2511 3270 2564 suum,
3302 2499 3448 2568 quod

161 2585 196 2622 α
233 2571 364 2626 Deo
388 2581 492 2627 est.

244 2664 310 2718 1.
352 2666 620 2721 Ἀνέτεινα
674 2671 799 2734 τοὺς
847 2672 1157 2745 ὀφθαλμοὺς
1215 2677 1313 2746 τῆς
1365 2678 1604 2743 διανοίας
1659 2697 1760 2750 μου

1933 2681 1986 2735 1.
2045 2679 2252 2735 Intendi
2287 2680 2474 2735 oculos
2507 2682 2704 2732 mentis
2748 2695 2883 2733 mem.
2927 2679 2995 2733 ad
3045 2680 3376 2736 audiendum
3411 2698 3443 2737 a

161 2755 418 2812 ἀκοῦσαι
462 2760 611 2832 παρὰ
652 2762 760 2816 τῶν
802 2764 971 2832 ἁγίων
1001 2767 1254 2839 Γραφῶν,
1290 2770 1453 2825 πόθεν
1486 2770 1685 2824 ἐλεύσεε

1757 2789 1763 2824 ι
1861 2771 2064 2826 sanctis
2097 2771 2408 2839 Seripluris,
2445 2769 2589 2824 unde
2620 2770 2800 2824 veniet
2829 2771 3095 2824 auxilium
3124 2772 3281 2826 mihi.

163 2849 199 2917 ή
228 2847 464 2920 βοήθειά
487 2869 608 2920 μου.

244 2939 307 3004 2,
355 2941 406 2992 5.
455 2943 566 2995 Καὶ
608 2945 813 3014 ἤκουσα
853 2948 910 3000 ὲν
950 2948 1159 3014 αὐταῖς,
1196 2951 1278 3005 ὅτι
1325 2954 1358 3025 ἡ
1394 2953 1615 3026 βοήθειά
1662 2973 1762 3026 μου

1932 2943 1986 3008 2,
2013 2944 2065 2999 5.
2103 2942 2169 2997 Et
2191 2959 2254 2997 ex
2286 2943 2418 3013 ipsis
2445 2944 2646 3009 audivi,
2672 2943 2816 3014 quod
2848 2945 3110 3000 auxilium
3131 2962 3312 3002 meum
3336 2949 3440 3003 erit

161 3030 333 3138 ¹παρὰ
367 3032 572 3103 Κυρίου
603 3034 782 3090 ἔσεται
812 3040 887 3109 (5)
915 3040 1009 3093 τοῦ
1040 3042 1371 3116 δημιουργοῦ
1405 3047 1622 3099 πάντων
1654 3065 1684 3100 τ

1925 3033 2160 3089 Domino
2192 3045 2438 3090 creatore
2483 3036 2780 3091 visibilium
2813 3037 3142 3107 omniumget
3186 3039 3434 3093 invisibi-

158 3121 394 3192 ὁρατῶν
427 3126 521 3177 καὶ
552 3126 660 3179 τῶν
683 3129 950 3200 ἀοράτων.
1789 3121 1829 3138 “
1863 3128 2018 3181 lium.

236 3215 298 3268 4.
344 3215 687 3286 Παραγγελεῖ
722 3221 739 3289 (
753 3222 798 3286 ί)
823 3221 967 3292 αύτῷ
991 3221 1176 3278 λοιπὸν
1199 3226 1227 3277 6
1246 3224 1378 3289 Θεὸς
1396 3243 1409 3255 ·
1443 3227 1655 3298 Μηκέτι
1679 3228 1760 3293 εἰς

1931 3219 1986 3272 4.
2022 3217 2374 3273 Denuntiabit
2402 3216 2596 3272 deinde
2623 3216 2726 3286 ipsi
2757 3215 2900 3272 Deus
2932 3236 2948 3272 :
2975 3216 3054 3272 Ne
3083 3219 3319 3288 amplius
3351 3220 3433 3274 in-

159 3305 260 3359 τὸν
280 3306 498 3361 ὄλισθον
513 3309 620 3362 τῶν
639 3312 802 3381 προτέ
812 3329 917 3382 ρων
937 3331 1030 3382 σου
1048 3316 1454 3386 ἁμαρτημάτων
1470 3318 1683 3387 περιττά⁴

1904 3310 2019 3364 :das
2075 3311 2129 3363 in
2174 3309 2382 3364 lubrico
2433 3308 2770 3362 auteriorum
2813 3319 3030 3362 tuorum
3059 3319 3428 3378 peccatorum.

162 3395 570 3472 [περιπατεῖν].
617 3401 816 3468 Σάλος
862 3404 968 3474 γὰρ
1004 3406 1331 3474 πειρασμὸς
1375 3408 1686 3478 ἐρμηνεύετι

1375 3408 1751 3478 ἑρμηνεύεται,
1856 3398 2011 3454 Salus
2037 3401 2179 3453 enim
2207 3401 2426 3454 tentatio
2456 3400 2861 3468 interpretatur.

235 3489 295 3545 5.
333 3491 484 3561 Μηδὲ
514 3492 568 3544 δὲ
614 3493 835 3566 ὑπνώσῃ
878 3497 905 3547 6
937 3495 1061 3558 νοῦς
1089 3513 1182 3548 σου
1212 3497 1305 3549 τοῦ
1336 3497 1520 3551 λοιποῦ
1549 3501 1628 3560 εἰς
1655 3499 1753 3570 τὴν

1924 3490 1976 3545 5.
2013 3489 2197 3560 Neque
2229 3507 2381 3545 mens
2418 3500 2509 3544 tua
2543 3491 2782 3544 dormiat
2814 3491 2866 3543 in
2900 3499 3174 3559 posterum
3207 3492 3261 3546 in
3299 3507 3427 3562 pec-

159 3579 468 3652 ὰμαρτεαν,
499 3583 632 3637 ἀλλὰ
683 3587 1045 3656 γρηγορείτω,
1088 3587 1184 3641 καὶ
1234 3589 1615 3660 προσευχέσθω
1656 3608 1683 3642 τ

1895 3590 1995 3644 ato,
2030 3583 2122 3636 sed
2151 3583 2355 3651 vigilet,
2383 3592 2436 3636 et
2464 3593 2599 3648 oret,
2633 3599 2698 3637 ne
2729 3584 2934 3637 incidat
2962 3585 3014 3637 in
3044 3586 3419 3638 tentationem.

162 3672 243 3741 μὴ
272 3673 537 3741 ἐμπεσεῖν
565 3674 643 3737 εἰς
665 3677 991 3746 πειρασμόν.
1451 3663 1454 3666 ⁷

1920 3674 1972 3727 6.
2010 3673 2148 3728 Ecce
2188 3691 2362 3744 neque
2392 3685 2674 3743 punctum,
2711 3691 2887 3743 neque
2921 3687 3250 3729 momentum
3286 3691 3425 3746 pra:-

235 3761 294 3814 6.
326 3761 457 3816 Ἰδοὺ
506 3761 670 3836 [οὐδὲ]
729 3767 988 3836 στιγμὴν,
1054 3767 1174 3820 οὐδὲ
1230 3767 1422 3838 χρόνον
1488 3769 1748 3841 παραλει-

1895 3768 1974 3819 ~.rit
2008 3765 2171 3826 Deus,
2205 3766 2257 3817 in
2303 3781 2414 3834 quo
2467 3781 2574 3818 non
2615 3766 2860 3834 aspiciat,
2890 3775 2943 3819 et
2969 3765 3238 3819 custodiat
3265 3782 3419 3819 men-

163 3869 259 3905 πει
296 3855 375 3924 (ες)
411 3859 438 3908 ὀ
471 3855 602 3919 Θεὸς
643 3858 875 3928 ἐφορῶν,
917 3859 1009 3911 καὶ
1046 3860 1333 3928 φυλάσσων
1365 3861 1456 3914 τὸν
1490 3862 1614 3916 νοῦν
1655 3880 1682 3914 τ

1895 3873 1953 3910 :m
1983 3858 2253 3911 videntem
2284 3872 2430 3911 eum.
2461 3856 2636 3910 Israel
2666 3858 2812 3910 enim
2837 3857 3223 3926 interpretatur
3243 3857 3419 3910 videns

161 3945 381 4013 ὁρῶντα
402 3947 582 4000 αὐτόν.
619 3949 866 4016 Ἰσραὴλ
886 3950 993 4021 γὰρ
1019 3951 1375 4022 ἑρμηνεύεται
1397 3952 1550 4021 ὀρῶν
1575 3954 1739 4010 Θεόν.
1844 3951 2033 4004 Deum-

233 4039 371 4104 7,8.
402 4041 604 4111 Κύριος
628 4044 690 4093 ἐκ
719 4041 905 4107 δεξιῶν
957 4044 1050 4096 σού
1101 4047 1248 4097 ἐστιν
1307 4045 1594 4113 φυλάσσων
1647 4047 1742 4100 καὶ

1917 4038 1966 4104 7,
1997 4039 2048 4092 8.
2092 4037 2356 4091 Dominus
2393 4052 2424 4092 a
2467 4037 2675 4092 dextris
2698 4037 2808 4094 tuis
2848 4046 2932 4092 est
2979 4038 3328 4104 custodiens,
3363 4048 3417 4092 et

161 4129 388 4182 σκέπων
419 4129 492 4202 (6)
531 4134 610 4194 εἰς
634 4133 700 4184 τὰ
729 4132 867 4201 ἔργα
895 4133 1262 4205 δικαιοσύνης.

1145 4152 1262 4205 νης.
1840 4145 2127 4202 protegens
2153 4131 2205 4184 in
2239 4145 2400 4200 opera
2422 4130 2669 4200 justitiae.

230 4225 286 4278 9.
334 4225 422 4276 Ἐν
447 4224 525 4295 τῷ
561 4227 697 4292 φωτὶ
722 4225 795 4279 ὢν
821 4227 894 4297 (7)
926 4225 1099 4299 [ὅντα]
1136 4232 1282 4281 πᾶσα
1309 4228 1484 4300 θέρμη
1513 4246 1740 4301 πειρασ-

1909 4225 1962 4280 9.
1993 4226 2048 4277 ln
2079 4225 2197 4277 luce
2227 4233 2634 4292 permanentem
2676 4221 2856 4276 omnis
2899 4221 3216 4276 tentationis
3244 4230 3410 4276 aestus

161 4311 266 4378 μοῦ
297 4313 357 4364 οὐ
396 4313 620 4385 ξηρά-θεῖ
652 4331 711 4367 σε
732 4331 744 4344 ·
781 4315 923 4386 ἔχεις
971 4316 1078 4386 γὰρ
1107 4318 1164 4371 ὲν
1192 4319 1404 4379 ἑαυτοῖς
1433 4318 1531 4388 τὴν
1558 4319 1685 4388 πηγὶ

1880 4333 1952 4371 on
1991 4325 2041 4372 te
2072 4327 2301 4382 exuret;
2330 4316 2517 4384 .habes
2553 4315 2698 4370 enim
2737 4316 2788 4368 in
2818 4315 2991 4384 teipso
3018 4315 3224 4370 fontem
3259 4316 3404 4368 vitae.

156 4401 256 4472 τῆς
284 4402 450 4474 ζωῆς.
1761 4417 1812 4474 D

229 4494 318 4548 10.
347 4495 480 4548 Οὐδὲ
533 4497 566 4567 ή
618 4497 801 4569 ἀπάτη
833 4498 925 4551 τοῦ
955 4498 1073 4569 βίου
1106 4499 1294 4555 τούτου
1328 4501 1386 4553 ὲν
1441 4499 1520 4572 τῷ
1553 4501 1734 4554 σκότει

1907 4497 1989 4551 10.
2022 4495 2207 4566 Neque
2231 4497 2476 4566 deceptio
2501 4496 2664 4566 hujus
2703 4497 2825 4550 vitae
2869 4496 2924 4549 in
2960 4495 3199 4552 tenebris
3228 4496 3406 4552 domi-

160 4584 440 4655 κυριεύσει
475 4603 591 4640 σου.

1829 4589 2047 4642 nabitur
2075 4589 2191 4643 tibi.

227 4676 319 4739 11,
355 4677 441 4731 12.
485 4679 572 4730 Ἐν
608 4682 673 4752 τῇ
703 4681 885 4754 ἡμέρᾳ
928 4682 1027 4751 τῆς
1070 4681 1301 4754 κρίσεως
1355 4684 1383 4735 6
1426 4682 1631 4754 Κύριος
1668 4685 1729 4738 οὐ

1900 4682 1988 4746 11,
2022 4681 2107 4735 l2.
2144 4682 2203 4733 In
2238 4680 2325 4734 die
2353 4679 2546 4748 judicii
2573 4678 2842 4732 Dominus
2876 4693 2983 4733 non
3016 4687 3065 4732 te
3094 4678 3400 4740 comburet,

158 4765 457 4832 συγκαύσει
489 4784 582 4820 σε·
611 4770 672 4822 οὐ
717 4770 828 4841 γὰρ
860 4770 1076 4840 μέλλεις
1120 4770 1263 4841 ἔχειν
1302 4772 1529 4825 τοιαῦτα
1566 4773 1682 4841 ἔργι

1879 4793 1937 4831 on
1965 4777 2109 4830 enim
2139 4776 2426 4830 habiturus
2456 4786 2539 4830 est
2563 4776 2687 4829 talia
2721 4790 2910 4844 opera,
2945 4774 3270 4843 quibuscum
3294 4772 3403 4840 igni

158 4857 276 4924 μέθ’
302 4851 376 4910 ὧν
397 4857 645 4926 ὠφειλεις
666 4859 744 4931 τῷ
772 4862 904 4932 πυρὶ
929 4861 1320 4933 παραδοθῆναι,
1347 4863 1516 4932 οὐδὲή
1554 4863 1682 4933 πρός

1875 4867 2128 4920 adendus
2172 4867 2248 4920 sis
2287 4881 2462 4934 neque
2513 4866 2842 4936 temporaria
2885 4865 3055 4934 gloria
3096 4864 3399 4932 principum

155 4966 345 5020 καιρος
367 4950 494 5016 δόξα
521 4951 630 5004 τῶν
655 4951 928 5022 ἀρχόντων
953 4954 1046 5006 τοῦ
1086 4954 1292 5024 κόσμου
1326 4953 1514 5006 τούτου
1537 4957 1568 5023 ὴ
1604 4970 1679 5006 καί

1877 4956 1998 5025 ujus
2040 4955 2227 5010 mundi
2267 4955 2524 5024 paulatim
2551 4953 2831 5020 deﬁciens,
2860 4955 3002 5009 sicut
3049 4953 3195 5009 luna.
3223 4952 3401 5008 domi-

153 5038 328 5108 ὀλίγον
361 5039 642 5109 φθίνουσα,
677 5041 864 5114 ὥσπερ
890 5045 923 5115 ἡ
967 5044 1160 5116 σελήνη
1181 5085 1196 5109 ,
1226 5043 1677 5098 καταδυναστεύσι

714 5061 864 5114 ισπερ
890 5045 923 5115 ἡ
967 5044 1160 5116 σελήνη
1181 5085 1196 5109 ,
1226 5043 1721 5098 καταδυναστεύσει
1830 5049 2048 5103 nabitur
2078 5049 2132 5101 in
2169 5056 2238 5102 te.

155 5143 247 5180 σου
287 5128 382 5200 (8).

1113 5226 1410 5288 Addenda
1444 5235 1504 5290 et
1544 5228 1916 5309 corrigenda
1949 5245 2029 5289 ex
2082 5227 2222 5289 cod.
2256 5229 2455 5289 Vatic.

221 5323 295 5410 (57)
411 5322 498 5410 δεά
533 5325 630 5407 ’ξῆς
661 5327 1027 5410 κξνὶθαδάρεως
1068 5327 1346 5410 περιέχει·
1401 5330 1475 5399 ’ῼ.
1531 5347 1579 5382 τ.
1631 5331 1712 5384 Ἀ.
1877 5329 2204 5410 ςδ>ιΧρόνον
2231 5330 2291 5380 οὐ
2321 5329 2671 5400 παραλείπει,
2701 5328 2953 5393 εῑε.,τῶν
2977 5326 3396 5399 ὀρώντων,ειε..

153 5391 284 5514 ὅπερ
319 5391 676 5480 ἑρμηνεύεται
705 5391 1107 5480 ἐξομολόγησις,
1139 5391 1258 5451 etc:
1429 5391 1442 5399 '
1812 5391 2128 5482 vogg'ng-W:
2160 5409 2262 5452 εἰς.
2400 5391 2412 5400 -
2491 5471 2502 5486 ⁸
2816 5391 2822 5393 .

472 5480 694 5554 τξρξυτης
725 5467 1159 5537 εξομολογήσεως
1178 5485 1227 5521 τ.
1256 5469 1310 5521 ἁ.
1333 5469 1560 5540 ἄρχεται
1584 5472 1714 5525 ἀνα·
1987 5467 2383 5554 (Ξιυλασσωνρσςε,
2415 5467 2756 5554 καιῂσκέπων
2785 5475 3005 5547 cauete.

154 5533 334 5603 νήφειν
361 5536 447 5603 τῇ,
483 5533 585 5588 etc.
650 5533 660 5536 ⁷
770 5533 774 5534 ⁷
820 5533 831 5536 ⁷
962 5533 968 5535 ⁷
1007 5533 1018 5537 ⁷

219 5601 682 5691 ’ἕσταμεξρη
714 5607 910 5691 desunt
943 5607 1052 5660 duo
1077 5606 1202 5691 τῶν.
1386 5687 1394 5691 Δ

1409 5533 1438 5540 ⁷⁷
1882 5533 1958 5608 (7⁷)
1987 5537 2128 5589 Φωτί
2156 5555 2249 5590 σου
2279 5536 2450 5601 ὃντος,
2486 5548 2614 5601 etc.,
2649 5540 2707 5591 ἐν
2736 5536 2933 5608 ἑαυτῷ.

1883 5610 1956 5691 (8)
1989 5607 2463 5660 Καταδυναστεύει
2489 5624 2604 5661 σου.

240 5670 293 5739 ι)
332 5673 723 5742 Παραγγέλλω,
752 5688 878 5742 etc.,
917 5679 1316 5748 περιπατήσῃς,
1349 5687 1453 5732 etc.
