3860 6220
447 293 585 347 19.23
1270 281 1327 334 S.
1366 277 1739 334 ATHANASll
1786 276 1936 332 OPP.

2198 273 2284 326 Ill.
2330 305 2397 315 -——
2434 267 2849 326 EXEGETICA.
3562 260 3705 314 19.9.4

516 411 600 464 15.
636 421 894 463 υοιιιιηιιε
919 401 1188 459 custodiat
1215 398 1502 454 introitum
1530 408 1683 452 tuum
1718 405 1772 450 et
1800 395 2006 449 exitum
2038 447 2040 454 Α

2183 393 2268 446 15.
2303 391 2505 461 Κύριος
2532 389 2758 460 φυλάξοι
2775 387 2873 458 τὴν
2901 387 3101 440 εῖσοδόν
3135 401 3227 438 σου
3269 383 3367 437 καὶ
3388 380 3484 452 τὴν
3523 379 3704 446 ἔξοδόν

442 513 619 565 tuum,

2119 503 2210 539 σου

518 594 602 647 14.
630 590 708 643 Ex
736 589 840 642 hoc
868 601 1014 640 nunc
1041 593 1094 638 et
1123 597 1296 652 usque
1325 581 1378 634 in
1416 588 1705 632 secutum.

2190 580 2274 632 Η.
2317 577 2450 631 Ἀπὸ
2476 574 2569 629 τοῦ
2594 574 2689 627 νῦν
2709 573 2804 626 καὶ
2823 573 2928 635 ἕως
2961 569 3055 622 τοῦ
3079 569 3298 632 αἰῶνος.

707 703 982 758 Canticum
1011 699 1290 767 graduum.
1319 695 1518 751 PSAL.
1551 693 1760 750 CXXI.

2353 689 2491 760 ’ῼδὴ
2518 688 2637 742 τῶν
2673 684 3061 754 Ἀναόαθμῶν.
3094 686 3270 737 ΨΑΛ.
3303 684 3479 735 PKA'.

520 802 570 852 1.
600 803 836 851 Laztatus
862 809 982 848 sum
1016 793 1070 845 in
1099 793 1183 844 his
1210 805 1331 859 quae
1360 790 1503 843 dicta
1537 795 1664 843 sunt
1700 787 1867 842 mihi:

2197 787 2243 840 Ι.
2280 785 2355 852 (a)
2397 781 2722 853 Εὐφράνθην
2753 782 2845 833 ἐπὶ
2873 783 2985 842 τοῖς
3009 777 3256 848 είρηκόσι
3283 792 3374 845 μοι
3400 789 3411 802 ·

516 891 570 942 2.
603 887 658 941 in
693 887 912 940 domum
940 883 1150 938 Domini
1175 883 1400 935 ibimus.

2193 878 2247 931 2.
2275 878 2368 938 Εἰς
2403 873 2549 928 οἷκον
2578 874 2784 945 Κυρίου
2812 869 3213 941 πορευσόμεθα.

521 984 573 1036 5.
604 981 820 1034 Stantes
850 987 1003 1032 erant
1030 976 1192 1045 pedes
1226 975 1397 1028 nostri
1436 973 1490 1026 in
1522 972 1674 1025 atriis
1707 973 1836 1036 tuis,
1863 969 2022 1027 Jeru-

2197 968 2250 1021 5.
2289 966 2552 1027 Ἐστῶτες
2578 960 2718 1035 ἦσαν
2751 965 2799 1016 οἱ
2842 962 3001 1024 πόδες
3055 959 3213 1030 ἡμῶν
3249 960 3307 1012 ὲν
3346 958 3471 1020 ταῖς
3513 953 3704 1015 αὐλαῖς

450 1076 615 1129 salem
650 1091 662 1126 :

2129 1077 2243 1122 σου,
2276 1059 2632 1130 Ἰερουσαλήμ
2655 1055 2749 1126 (b).

516 1165 568 1218 4.
601 1161 898 1218 Jerusalem
929 1174 1050 1228 quae
1071 1157 1366 1211 aediﬁcatur
1398 1163 1457 1209 ut
1479 1155 1701 1220 civitas;

2198 1151 2248 1203 4.
2299 1149 2650 1218 Ἰερουσαλὴμ
2675 1144 3101 1215 οἰκοδομουμένη
3140 1141 3216 1204 ὼς
3246 1140 3430 1203 πόλις·

523 1257 573 1310 5.
601 1255 770 1324 Cujus
797 1252 1140 1324 participatio
1163 1251 1280 1318 ejus
1302 1251 1356 1304 in
1391 1248 1652 1316 idipsum.

2200 1239 2250 1294 5.
2283 1235 2444 1308 ’Ἥςὴ
2474 1237 2672 1308 μετοχὴ
2701 1237 2870 1304 αὐτῆς
2891 1235 2985 1286 ἐπὶ
3004 1233 3064 1284 τὸ
3094 1232 3243 1284 αὐτό.

521 1347 575 1401 6.
609 1347 743 1399 illuc
767 1345 912 1397 enim
947 1342 1310 1396 ascenderunt
1337 1340 1532 1398 tribus,

2197 1330 2248 1384 6.
2294 1332 2440 1382 Ἐκεῖ
2465 1329 2573 1399 γὰρ
2599 1327 2873 1397 ἀνέϐησαν
2907 1327 2961 1378 αἱ
2991 1323 3173 1392 φυλαὶ,

523 1436 575 1491 7.
607 1435 804 1488 Tribus
829 1432 1064 1492 Domini,
1089 1427 1460 1482 testimonium
1485 1423 1673 1486 Israel,

2201 1423 2250 1476 7.
2288 1422 2454 1474 Φυλαὶ
2478 1421 2706 1490 Κυρίου,
2751 1417 3050 1488 μαρτύριον
3088 1413 3183 1466 τοῦ
3219 1410 3454 1483 Ἰσραὴλ,

523 1525 579 1579 8.
611 1523 691 1577 Ad
733 1520 1100 1576 confitendum
1137 1516 1345 1570 nomini
1392 1514 1606 1568 Domini
1643 1509 1876 1583 [nomini
1907 1517 2020 1573 tuo,

2199 1511 2248 1563 8.
2283 1509 2389 1562 Τοῦ
2420 1505 2916 1578 ἐξομολογήσασθαι
2939 1503 3016 1571 τῷ
3045 1502 3267 1570 ὀνόματι
3309 1499 3520 1568 Κυρίου
3555 1495 3713 1568 [ὀνό-

454 1616 723 1688 Domine].

2135 1602 2262 1672 ματί
2291 1619 2406 1669 σου,
2441 1599 2612 1670 Κύριε

523 1710 575 1764 9.
607 1682 742 1774 Quia
775 1707 884 1760 illic
923 1705 1180 1760 sederunt
1210 1701 1365 1756 sedes
1399 1699 1451 1752 in
1475 1696 1708 1767 judicio,

2057 1690 2100 1743 Β
2198 1691 2249 1744 9.
2291 1692 2412 1742 ’Ότι
2441 1690 2558 1742 ἐκεῖ
2580 1688 2842 1742 ἐκάθισαν
2875 1685 3053 1756 θρόνοι
3079 1685 3160 1747 εἰς
3192 1682 3397 1754 κρίσιν,

524 1795 786 1872 (αγνειε.
819 1805 842 1856 l
876 1813 928 1856 et
963 1802 1017 1855 2.
1046 1799 1198 1872 vers.
1234 1813 1396 1872 unus.

525 1847 600 1946 2;),
1155 1847 1743 1933 'o'oitm'iepovo'aliip.
1780 1859 1906 1912 Haec
1933 1856 2049 1911 veri

1607 1862 1743 1931 λ’ήμ.
1780 1859 1906 1912 Haec
1933 1856 2094 1911 verba
2135 1854 2317 1907 addita
2356 1859 2484 1906 sunt
2515 1851 2569 1904 in
2595 1849 2718 1905 cod.
2751 1848 2858 1903 alio
2888 1847 3131 1903 charact.

1585 1974 1956 2032 ATHANASH
1997 1967 2587 2026 INTERPRETATIO.

525 2105 611 2158 i5.
643 2103 905 2154 Dominus
939 2096 1210 2152 custodiat
1236 2094 1477 2148 auditum
1513 2100 1688 2149 tuum,
1722 2103 1788 2142 ne
1809 2086 2027 2142 auscul-

2209 2083 2291 2135 15.
2331 2081 2388 2133 '0
2418 2078 2618 2148 Κύριος
2651 2076 2874 2146 φυλὰξοι
2901 2075 2997 2146 τὴν
3022 2076 3190 2146 ἀκοήν
3222 2091 3315 2126 σου
3347 2072 3442 2125 τοῦ
3469 2072 3544 2144 μὴ
3566 2073 3719 2126 ὑπα-

454 2207 536 2252 tes
569 2202 812 2264 peccato,
837 2201 890 2244 et
931 2204 1025 2244 cor
1059 2196 1236 2252 tuum,
1267 2201 1334 2239 ne
1375 2185 1572 2238 educat
1601 2195 1793 2251 pravas
1823 2189 1876 2232 et
1905 2193 1978 2248 pc!

2194 2173 2326 2226 μῦσαι
2385 2175 2450 2242 τῇ
2492 2171 2568 2242 (1)
2622 2170 2886 2240 ἁμαρτίᾳ,
2944 2169 3035 2221 καὶ
3081 2168 3178 2237 τὴν
3225 2165 3454 2236 καρδίαν
3501 2163 3596 2217 τοῦ
3640 2183 3718 2234 μη

456 2287 692 2339 niciosas
728 2281 1068 2348 cupiditates.

2134 2264 2422 2332 ἐξαγαγεῖν
2457 2262 2725 2331 πονηροὺς
2760 2260 2854 2312 καὶ
2887 2259 3179 2328 ἐπιθυμίας
3210 2257 3500 2327 βλαϐεράς.

528 2376 614 2429 14.
652 2374 729 2427 Ex
769 2373 870 2426 hoc
900 2384 1043 2424 nunc
1068 2376 1120 2422 et
1152 2382 1326 2435 usque
1356 2365 1409 2417 in
1448 2363 1626 2416 linem.

2208 2356 2294 2408 M.
2337 2354 2468 2407 Ἀπὸ
2499 2353 2592 2406 τοῦ
2619 2353 2714 2406 νῦν
2749 2353 2842 2406 καὶ
2861 2352 2966 2414 ἕως
2999 2352 3095 2421 τῆς
3121 2352 3196 2421 (2)
3225 2350 3557 2411 συντελείας.

537 2470 604 2522 Ἦ
635 2464 966 2538 προκειμένη
996 2459 1272 2531 ἐπιγραφὴ
1295 2455 1536 2528 περιέχει
1571 2455 1644 2523 (5)
1671 2471 1685 2484 ο
1734 2450 1872 2522 ’ῼδὴ
1895 2449 2012 2504 τῶν
2049 2447 2453 2517 Ἀναϐαθμῶν,
2490 2449 2626 2517 ὅπερ
2655 2445 3012 2519 ἑρμηνεύεται
3034 2445 3416 2517 ἐξομολόγησις
3448 2444 3558 2495 τῶν
3611 2444 3720 2497 ἀπὸ

454 2563 549 2619 τοῦ
590 2561 806 2633 πρώτου
839 2555 1048 2628 βαθμοῦ
1077 2556 1174 2625 τῆς
1209 2553 1328 2607 καθ’
1363 2553 1553 2633 ἑαυτὸν
1581 2547 2041 2618 ὲξομολογήσεως,
2073 2545 2168 2597 καὶ
2194 2543 2288 2596 τοῦ
2321 2543 2574 2614 δευτέρου
2608 2542 2816 2614 βαθμοῦ
2847 2543 2944 2611 τῆς
2974 2542 3329 2612 κατηχήσεως
3357 2540 3623 2592 ἀνιέντων
3642 2538 3717 2608 (οἱ)

458 2661 551 2714 ἐπὶ
574 2659 664 2712 τὸν
691 2656 871 2728 τρίτον
897 2652 1101 2724 βαθμὸν
1129 2655 1224 2703 τοῦ
1269 2629 1589 2711 σπουδάζειν
1635 2644 1820 2698 λοιπὸν
1866 2641 2040 2695 ἐλθεῖν
2068 2641 2162 2692 ἐπὶ
2209 2640 2300 2692 τὸν
2330 2634 2476 2692 οἷκον
2509 2639 2604 2691 τοῦ
2631 2638 2790 2701 Θεοῦ,
2822 2639 2915 2690 καὶ
2944 2641 3056 2700 τοῖς
3108 2635 3311 2708 ἱερεῦσι
3344 2633 3438 2686 τοῦ
3474 2633 3616 2687 Θεοῦ
3644 2633 3721 2702 (ὅ)

455 2747 912 2821 ἐξομολογεῖσθαι,
944 2745 1035 2797 καὶ
1069 2744 1197 2813 παρ’
1239 2741 1415 2794 αὐτῶν
1445 2739 1676 2793 ἀκοῦσαι
1709 2738 1800 2789 τὸν
1827 2736 1984 2803 λόγον
2019 2733 2110 2786 τοῦ
2135 2734 2270 2786 Θεοῦ
2300 2733 2548 2796 θέλοντες
2582 2732 2940 2802 φωτισθῆναι.

534 2844 748 2898 Titulus
779 2839 1098 2910 praepositus
1132 2839 1407 2892 continet:
1441 2835 1721 2890 Canticum
1753 2832 2048 2896 Graduum,
2099 2831 2243 2900 quod
2293 2831 2680 2900 interpretatur
2731 2829 2987 2898 confessio
3017 2827 3405 2880 ascendentium
3453 2837 3486 2879 a
3540 2825 3726 2894 primo

458 2940 626 3008 gradu
656 2938 878 2990 internae
906 2931 1291 2994 confessionis,
1324 2940 1377 2986 et
1411 2946 1440 2984 a
1472 2929 1714 2986 secundo
1745 2929 1913 2998 gradu
1962 2926 2331 2980 institutionis
2372 2940 2469 2980 seu
2499 2925 2820 2979 calechismi
2857 2924 2911 2977 in
2938 2923 3162 2977 tertium
3193 2920 3422 2990 gradum
3454 2903 3725 2974 desiderii

459 3033 710 3088 veniendi
737 3031 956 3087 demum
986 3032 1040 3085 in
1077 3031 1300 3082 domum
1338 3027 1431 3081 Dei
1462 3035 1519 3081 et
1567 3026 1861 3081 conﬁtendi
1887 3023 1984 3078 Dei
2023 3022 2427 3088 sacerdotibus,
2455 3031 2510 3077 et
2557 3022 2628 3078 ab
2674 3022 2807 3092 ipsis
2840 3019 3029 3074 audire
3058 3017 3286 3072 verbum
3314 3014 3433 3077 Dei,
3469 3014 3727 3070 volentes

459 3121 752 3177 illuminari
786 3121 1002 3192 (nempe
1038 3115 1354 3187 baptizari).

540 3235 585 3298 1,
609 3235 664 3289 2.
699 3231 958 3300 Impletus
989 3243 1109 3283 sum
1159 3225 1357 3296 gaudio
1408 3219 1665 3275 audiens~
1692 3219 1760 3272 ab
1805 3217 1896 3280 iis,
1944 3215 2039 3288 qui

2212 3197 2287 3300 1,0
2312 3199 2371 3300 2Ζ
2407 3196 2763 3269 Ἐπληρὼθην
2801 3199 2975 3271 χαρᾶς
3017 3199 3094 3269 (6)
3123 3199 3362 3263 ἀκούσας
3410 3199 3570 3270 παρὰ
3616 3199 3729 3252 τῶν

461 3329 594 3383 mihi
619 3326 848 3382 consilio
876 3323 1100 3376 aderant
1133 3337 1147 3373 :
1183 3318 1458 3372 Adeamus
1489 3313 1790 3368 Ecclesiam
1813 3309 1930 3364 Dei.

2203 3287 2618 3358 ιμϐουλευόντων
2651 3308 2739 3361 μοι
2761 3307 2773 3320 ·
2805 3292 2900 3354 Εἰς
2917 3291 3014 3361 τὴν
3057 3291 3382 3362 Ἐκκλησίαν
3397 3291 3536 3345 Θεοῦ
3557 3293 3727 3347 ἀπέλ-

2207 3400 2348 3434 ιιιεν.

2175 3400 2348 3452 οιμεν.

530 3506 584 3560 5.
613 3501 817 3559 Deinde
840 3499 1150 3571 ingrediens
1173 3496 1416 3566 loquitur
1443 3493 1511 3547 ad
1531 3491 1772 3560 seipsum
1799 3507 1814 3544 :
1837 3489 2040 3543 Ascen-

2211 3475 2264 3529 5.
2297 3470 2430 3529 Εἶτα
2460 3474 2714 3528 εἰσελθὼν
2744 3476 3096 3546 ἀποκρίνεται
3114 3474 3249 3546 πρὸς
3277 3473 3438 3529 αὐτόν
3459 3473 3727 3546 [ἐαυτόν]’

461 3599 659 3653 derunt
699 3591 862 3663 pedes
894 3566 1001 3644 mei
1041 3591 1095 3643 in
1141 3587 1279 3641 atria
1310 3597 1425 3667 tua,
1459 3583 1552 3638 ubi
1588 3579 1824 3652 Spiritus
1855 3578 1985 3649 grati

2204 3566 2458 3638 Ζπέδησαν
2496 3570 2544 3620 οἱ
2576 3568 2736 3630 πόδες
2763 3586 2861 3640 μου
2899 3571 2954 3620 ὲν
2989 3570 3105 3630 ταῖς
3137 3569 3326 3630 αὐλαῖς
3356 3584 3472 3632 σου,
3507 3567 3638 3620 ἔνθα
3666 3567 3728 3620 τὸ

462 3688 677 3743 Domini
699 3660 805 3738 _est
833 3699 846 3736 :
879 3682 953 3736 ita
987 3681 1131 3734 enim
1153 3660 1454 3731 Jerusalem
1493 3673 1879 3740 interpretatur
1914 3668 1986 3738 Sp

2196 3661 2367 3730 νεῦμα
2398 3662 2494 3732 τῆς
2519 3661 2737 3734 χάριτος
2761 3661 2853 3713 τοῦ
2887 3662 3090 3732 Κυρίου
3120 3662 3264 3714 ἐστί·
3300 3660 3458 3713 τοῦτο
3497 3661 3607 3730 γὰρ
3637 3661 3720 3732 ἐρ-

463 3781 598 3833 ritus
625 3776 812 3847 gratia:
835 3774 969 3843 ejus.

2152 3752 2437 3822 μηνεύεται
2469 3752 2876 3822 Ἰερουσαλὴμ,
2910 3753 3149 3822 Πνεῦμα
3183 3753 3366 3806 αὑτοῦ
3408 3752 3676 3821 χάριτος.

532 3869 586 3924 4.
615 3843 856 3923 Ecclesia
883 3864 974 3918 Dei
1000 3861 1260 3918 a3diiicata
1284 3868 1338 3914 et
1370 3859 1581 3913 munita
1605 3856 1789 3910 divina
1824 3853 1996 3926 gratia
2023 3869 2037 3906 :

2214 3843 2268 3899 4.
2316 3844 2379 3896 Ἦ
2423 3843 2715 3914 Ἐκκλησία
2745 3843 2839 3898 τοῦ
2869 3843 3003 3897 Θεοῦ
3035 3844 3458 3914 οἰκοδομουμένη
3485 3847 3582 3897 καὶ
3615 3861 3729 3896 τει-

465 3963 643 4018 Ρονεω
659 3963 797 4016 enim
834 3958 991 4028 inferi
1019 3971 1122 4009 non
1150 3953 1502 4023 prtevalebunt
1529 3951 1778 4004 adversus
1806 3964 1928 4002 eam
1962 3948 1981 3978 ⁷

2206 3935 2402 4006 ζομένη
2457 3937 2560 3989 ὑπὸ
2588 3937 2683 4006 τῆς
2710 3937 2953 4007 ξχὰριτος
2985 3935 3079 3989 τοῦ
3137 3937 3270 3989 Θεοῦ
3296 3954 3310 3967 ο
3365 3937 3564 3989 Πύλαι
3614 3937 3730 4006 γὰρ

2144 4030 2292 4096 ᾅδου
2322 4031 2392 4082 οὐ
2424 4031 2904 4097 κατισχύσουσιν
2925 4029 3136 4096 αὐτῆς.

537 4141 592 4194 5.
621 4137 791 4208 Cujus
823 4137 1010 4207 gratiae
1041 4134 1211 4190 sancti
1241 4133 1317 4186 tui
1347 4131 1636 4200 participes
1666 4139 1794 4185 sunt
1826 4137 1880 4182 et
1913 4141 2036 4199 ego.

2217 4120 2270 4175 5.
2297 4121 2408 4192 Τῆς
2459 4121 2678 4192 χάριτος
2717 4122 2768 4174 οἱ
2831 4121 2976 4190 ἆγιοί
3030 4138 3125 4173 σου
3160 4121 3494 4193 μετέχουσιν,
3521 4118 3591 4194 ἧς
3629 4127 3727 4180 καὶ

2145 4211 2308 4274 αὑτός
2343 4212 2438 4274 (7).

531 4313 584 4377 6,
617 4313 667 4368 7.
706 4313 785 4366 Ad
825 4311 998 4379 ipsam
1029 4310 1173 4364 enim
1205 4307 1569 4361 ascenderunt
1614 4304 1871 4374 apostoli,
1905 4317 2042 4372 apo-

2203 4212 2308 4274 ιτός
2364 4212 2392 4264 7
2426 4248 2438 4263 .

2215 4303 2268 4369 6,
2309 4212 2360 4356 7(.
2400 4212 2476 4373 28)
2517 4304 2603 4357 Ἐν
2634 4304 2771 4375 αὐτῇ
2807 4304 2913 4374 γὰρ
2947 4303 3218 4374 ἀνέϐησαν
3253 4307 3300 4358 οί
3331 4305 3642 4370 ἀπόστολοι,
3673 4310 3727 4361 οί

466 4401 820 4458 stoliDomini
846 4410 1029 4465 testes,
1057 4399 1150 4468 qui
1179 4398 1430 4450 viderunt
1457 4395 1660 4449 Deum:
1691 4394 1867 4448 Israel
1893 4395 1990 4448 enii

2203 4394 2430 4446 τόστολοι
2469 4394 2670 4466 Κυρίου
2705 4395 2754 4446 οἱ
2809 4395 3122 4467 μάρτυρες,
3176 4395 3225 4446 oi
3275 4396 3580 4465 ἑωρακότες
3631 4396 3727 4448 τὸν

467 4496 876 4563 interpretatur,
905 4501 963 4544 ut
988 4502 1144 4544 antea
1178 4488 1309 4554 dixi,
1342 4487 1519 4541 videns
1551 4487 1744 4540 Deum.

2203 4485 2279 4538 εὸν
2306 4502 2319 4514 ·
2355 4484 2593 4554 Ἰσμιὴλ
2625 4485 2730 4556 γὰρ
2753 4485 3134 4557 ἑρμηνεύεται,
3165 4487 3242 4550 ὡς
3259 4489 3538 4557 προεῖπον,
3567 4487 3727 4555 ὀρῶν

2152 4579 2320 4632 Θεόν.

541 4673 593 4724 8.
618 4669 698 4722 Ad
731 4667 1130 4737 praedicandum
1165 4667 1218 4720 in
1251 4668 1470 4722 nomine
1502 4666 1714 4722 Domini
1746 4665 2034 4721 remissio-

2219 4668 2271 4722 8.
2301 4667 2407 4722 Τοῦ
2464 4667 2697 4739 κηρύξαι
2751 4669 2844 4722 ἐπὶ
2890 4668 2970 4739 τῷ
2999 4669 3220 4740 ὀνόματι
3253 4669 3349 4723 τοῦ
3406 4670 3612 4739 Κυρίου
3645 4670 3723 4740 (9)

470 4778 591 4818 nem
629 4770 991 4830 peccatorum.

2147 4759 2339 4828 ἄφεσιν
2371 4760 2672 4830 ἁμαρτιῶν.

538 4855 592 4908 9.
619 4853 756 4920 Quia
783 4856 832 4906 in
863 4851 1103 4907 Ecclesia
1125 4851 1381 4906 sederunt
1404 4851 1630 4920 apostoli
1662 4865 1786 4904 cum
1817 4864 2035 4919 episco-

2217 4851 2268 4904 9.
2307 4852 2425 4904 Ὅτι
2451 4853 2507 4904 ὲν
2534 4855 2598 4922 τῇ
2633 4851 2928 4922 Ἐκκλησία
2951 4852 3208 4906 ἐκάθισαν
3232 4853 3282 4904 οἱ
3308 4852 3598 4905 ἀπόστολοι
3628 4856 3726 4908 σὺν

467 4944 554 5013 pis
576 4952 630 4995 et
654 4942 1004 5012 presbyteris.

2145 4943 2463 5005 ἐπισκόποις
2490 4944 2582 4996 καὶ
2613 4943 3038 5014 πρεσϐυτέροις..

541 5056 587 5087 ⁷³
608 5054 800 5110 Matth.
831 5072 942 5121 xvr,
979 5054 1063 5108 18.

1418 5145 1740 5206 Addenda
1775 5154 1836 5207 et
1864 5149 2239 5228 corrigenda
2272 5168 2349 5212 ex
2382 5151 2524 5212 cod.
2560 5151 2761 5212 Vatic.

461 5317 495 5374 λ
536 5248 611 5318 (l)
643 5247 838 5333 Κύριος
867 5247 1085 5332 φυλάξει
1120 5265 1169 5300 τ.
1207 5250 1261 5299 ὰ.
1304 5263 1354 5300 σ.
1385 5263 1434 5300 τ.
1473 5264 1531 5318 μ.
1560 5248 1874 5314 ὑπακούειν,
1901 5259 2027 5315 etc.,
2211 5254 2287 5323 (7)
2320 5253 2429 5324 Τῆς
2455 5254 2622 5323 αὐτῆς
2642 5253 2861 5323 χάριτος
2889 5256 2937 5306 οἱ
2968 5253 3114 5322 ἆγιοί
3149 5269 3241 5306 σου
3269 5253 3588 5324 μετέχουσιν
3625 5253 3723 5306 καὶ

497 5335 758 5390 ογισμους
787 5335 1075 5389 πονηρους,
1101 5329 1206 5372 etc.
1699 5377 1705 5385 .
2136 5325 2308 5378 αὐτοί,

537 5337 758 5390 γισμους
787 5337 1075 5389 πονηρους,
1101 5337 1206 5372 etc.

537 5389 613 5476 QQ
652 5383 1063 5476 ῗξῇἓνέίῗὲδιήη
1306 5474 1344 5476 ν,
1517 5458 1531 5476 ,
1585 5475 1589 5476 ν
1699 5377 1705 5385 ”

2498 5393 2752 5476 Ἐν,ριύτῇ
2784 5392 2892 5476 γάρ
2924 5395 3060 5476 εἰσιν
3110 5395 3160 5446 οἱ
3205 5393 3518 5476 ᾁπόστολοι.
3549 5393 3715 5476 -N'..7.

537 5457 614 5598 (ὃς
644 5458 724 5549 ,Ἦ
747 5458 848 5557 διὸξ-
853 5458 949 5527 τῆς
979 5457 1347 5528 κινναϐάρεως
1377 5458 1642 5529 περιέχει.
2135 5465 2192 5514 Οἱ
2217 5457 2505 5516 ’ἀπόστολοι
2541 5463 2634 5514 τοῦ
2667 5457 2892 5532 Κῦρίου,
2933 5473 3037 5518 etc.
3070 5466 3352 5536 προεῖπον,
3409 5465 3506 5520 καὶ
3552 5464 3719 5520 πάλιν

649 5527 946 5598 γᾼνιόνιων.
2134 5533 2303 5598 λέγω·
2337 5534 2473 5598 ἀνὴρ
2498 5534 2638 5598 ὁρῶν
2668 5533 2820 5585 Θεόν.

535 5523 612 5666 24)
644 5523 946 5581 Ἀνιόντων.
1211 5523 1224 5528 ⁷
1451 5523 1462 5529 ’
1538 5523 1569 5528 ”
2134 5533 2303 5601 λέγω·
2337 5534 2420 5586 ἀν’
2445 5550 2473 5602 ρ
2498 5534 2638 5604 ὁρῶν
2668 5523 2820 5585 Θεόν.

563 5597 616 5666 5)
646 5597 870 5666 Κυρίου.
928 5665 936 5666 7
1055 5665 1061 5666 γ
2202 5603 2275 5666 (9)
2317 5551 2571 5666 ’Θνὲματί
2609 5619 2724 5666 σου,
2761 5605 2820 5657 Κι

563 5551 612 5598 ιι)
660 5551 946 5581 ιινιοντων.
2134 5551 2303 5601 Αεγω·
2337 5551 2400 5586 αν
2445 5551 2473 5602 ρ
2498 5551 2638 5604 ορων
2668 5551 2820 5585 δεον.

563 5597 616 5675 ξ)
645 5597 873 5675 Κυρίουἶ
927 5665 944 5675 _
1053 5665 1103 5675 __
1422 5667 1447 5675 _
1480 5667 1508 5675 Δ
1583 5667 1606 5675 _
1647 5669 1658 5675 _
1747 5667 1801 5675 η
1848 5671 1868 5675 _
2202 5603 2275 5666 (9)
2317 5551 2571 5674 ’Θνὲματί
2609 5619 2724 5669 σου,
2761 5601 2952 5675 Κύριε,
2985 5611 3088 5658 etc.

538 5665 617 5736 (ὃ)
644 5665 828 5736 Χαρᾶς
858 5665 1202 5738 ιπληρὼθην,
1229 5677 1332 5722 etc.
1359 5667 1448 5720 τοῦ
1474 5667 1608 5722 θεοῦ
1636 5667 1806 5723 ἁπελθ
1819 5671 1918 5722 εῖν.
