3860 6220
153 330 320 385 1225
1024 322 1114 376 DE
1152 318 1430 378 TITULIS
1466 313 1914 373 PSALMORUM.
1955 344 2026 355 —-
2065 311 2265 369 PSAL.
2310 307 2520 367 CXX“.
3283 304 3424 361 ιςτδ

238 447 331 501 10.
361 443 661 517 Θρὸνοιέπ).
696 437 843 497 οἷκον
881 441 1064 496 Δαϐίδ.

1772 439 1818 494 Δ
1914 433 2002 488 10.
2036 430 2204 488 Sedes
2229 445 2396 501 super
2417 428 2642 484 domum
2670 423 2863 480 David.

237 537 333 592 11.
372 512 714 609 ’ἐρωτήσατε
733 535 796 606 δὴ
816 535 885 588 τὰ
910 535 989 598 είς
1006 535 1226 605 εἰρήνην
1247 533 1345 604 τὴν
1372 530 1744 603 Ἰερουσαλὴμ,

1690 549 1744 603 μ,
1915 526 2004 580 11.
2038 525 2245 595 Regale
2267 537 2389 593 quaI
2414 521 2481 576 ad
2507 535 2694 590 pacem
2730 528 2859 573 sunt
2890 512 3214 580 Ierusalem,

237 630 330 683 12.
367 631 477 684 Καὶ
502 630 725 700 εύθηνια
755 631 866 691 τοῖς
895 626 1152 695 ἀγαπῶσί
1173 643 1252 679 σε.

1919 615 2007 670 12.
2042 615 2105 670 Ει
2132 613 2466 668 abundantia
2501 609 2853 680 diligentibus
2883 616 2955 662 te.

235 720 331 774 15.
364 719 605 772 Γενέσθω
627 718 690 789 δὴ
716 721 906 790 εἰρήνη
927 719 983 769 έν
999 720 1064 788 τῇ
1095 716 1322 786 δυνάμει
1348 732 1464 779 σου,

1223 733 1322 786 μει
1348 732 1464 779 σου,
1927 707 2013 761 15.
2042 706 2160 760 Fiat
2188 721 2293 775 pax
2319 705 2370 757 iu
2403 703 2601 758 virtute
2634 711 2747 767 tua,

237 809 331 862 14.
361 811 469 862 Καὶ
496 809 720 879 εύθηνία
752 811 809 860 ὲν
832 811 950 871 ταῖς
984 805 1356 878 πυργοϐἁρεσί
1396 822 1511 859 σου.

1455 824 1511 859 ιυ.
1920 797 2008 851 14.
2040 797 2104 850 Et
2133 796 2463 850 abundantia
2499 796 2552 848 in
2580 793 2822 848 turribus
2851 793 2979 846 tuis.

238 901 333 954 15.
361 901 565 952 Ἕνεκα
589 900 696 951 τῶν
720 898 962 967 ἀδελφῶν
987 915 1087 969 μου
1117 898 1210 949 καὶ
1237 896 1344 948 τῶν
1380 895 1605 967 πλησίον
1625 911 1747 967 μου,

1919 890 2006 944 15.
2045 889 2269 958 Propter
2300 887 2496 942 fratres
2529 903 2679 942 meos
2706 897 2758 941 et
2791 884 3071 956 proximos
3098 895 3273 944 meos,

238 991 330 1044 16.
368 990 620 1044 Ἐλὰλουν
651 989 714 1060 δὴ
749 992 941 1060 εἰρήνη
966 986 1263 1060 [εἰρήνην]
1303 989 1429 1057 περὶ
1466 986 1580 1040 σοῦ.

1208 986 1263 1057 ν]
1303 989 1429 1057 περὶ
1466 986 1580 1040 σοῦ.
1922 979 2008 1034 16.
2045 979 2332 1050 Loquebar
2359 995 2542 1049 pacem
2569 981 2635 1033 de
2661 987 2732 1032 te.

238 1081 333 1135 17.
369 1082 571 1133 Ἕνεκα
609 1082 702 1132 τοῦ
742 1079 890 1133 οἴκου
921 1081 1124 1152 Κυρίου
1160 1079 1252 1131 τοῦ
1291 1078 1426 1131 Θεοῦ
1460 1077 1618 1149 ἡμῶν
1665 1075 1750 1143 ea.

1922 1071 2009 1124 17.
2043 1070 2273 1142 Pro-pter
2324 1072 2548 1126 domum
2591 1069 2807 1124 Domini
2841 1067 2936 1124 Dei
2979 1066 3178 1134 nostri,
3206 1063 3431 1135 quaesivi

154 1170 415 1242 εζὴτησα
439 1171 619 1238 ἀγαθὰ
644 1187 747 1224 σοι.

644 1187 747 1224 σοι.
1850 1162 1994 1216 bona
2026 1162 2143 1216 tibi.

389 1259 526 1329 ’ῼδὴ
560 1258 680 1311 τῶν
725 1257 1112 1326 Ἆναϐαθμῶν.
1151 1261 1324 1312 ΨΑΑ.
1353 1261 1527 1314 PKB'.

2098 1266 2375 1322 Canticum
2413 1266 2705 1321 Graduum.
2741 1263 2944 1319 PSAL.
2979 1260 3217 1319 CXXII.

240 1351 297 1405 1.
337 1352 481 1421 Πρὸς
519 1353 576 1405 σὲ
608 1347 718 1424 ἦρα
751 1353 876 1413 τοὺς
901 1349 1209 1421 ὀφθαλμούς
1243 1368 1368 1421 μου,

1272 1368 1368 1414 LOU.
1927 1361 1975 1414 1.
2009 1359 2090 1413 Ad
2120 1369 2172 1413 te
2201 1359 2371 1413 levavi
2405 1359 2594 1413 oculos
2624 1373 2796 1423 meos,

239 1442 299 1496 2.
330 1442 432 1495 Τὸν
467 1442 821 1496 κατοικοῦντα
852 1445 909 1495 ἐν
939 1442 1015 1512 τῷ
1036 1442 1268 1513 οὐρανῷ.

1124 1442 1268 1513 ›ανῷ.
1925 1449 1977 1503 2.
2011 1446 2112 1512 Qui
2145 1448 2357 1503 habitas
2393 1448 2446 1501 in
2471 1448 2648 1502 caelis.

239 1534 300 1588 5.
345 1537 477 1589 Ἰδοὺ
506 1536 580 1600 ὡς
608 1535 877 1606 ὀφθαλμοὶ
903 1533 1102 1587 δούλων
1154 1535 1234 1598 εἰς
1279 1535 1474 1606 χεῖρας
1515 1534 1623 1590 τῶν
1657 1551 1757 1590 κυ-

1929 1538 1983 1593 '5.
2019 1537 2154 1593 Ecce
2202 1539 2345 1593 sicut
2373 1539 2519 1594 oculi
2551 1553 2834 1595 servorum
2877 1537 2933 1592 in
2977 1536 3230 1592 manibus
3253 1533 3432 1591 domi-

164 1623 310 1695 ρίων
332 1627 530 1680 αὐτῶν·

1863 1645 2057 1686 norum
2080 1645 2303 1686 suorum

1324 1793 1698 1849 ATHANASII
1743 1794 2312 1851 INTERPRETATIO.

245 1947 337 2002 10.
362 1947 561 2009 Καθὼς
590 1944 844 2016 εἴπαμεν,
881 1946 929 1998 oi
954 1944 1237 1998 ἀπόστολοι
1265 1945 1323 1997 ὲν
1352 1948 1417 2016 τῇ
1464 1946 1760 2018 Ἐκκλησία

1934 1947 2021 2001 10.
2057 1946 2206 2003 Sicut
2233 1946 2492 2012 diximus,
2527 1949 2756 2018 apostoli
2787 1949 2842 2004 in
2872 1950 3114 2007 Ecclesia
3141 1969 3302 2008 manu
3323 1955 3435 2025 for-

163 2041 283 2096 τοῦ
317 2038 529 2094 ἱκανοῦ
550 2037 625 2106 τῆ
658 2038 842 2106 χειρί·
877 2039 1036 2090 τοῦτο
1058 2038 1166 2109 γὰρ
1189 2037 1546 2108 ἑρμηνεύεται
1577 2040 1687 2091 Δαό

1913 2056 1928 2093 s
1957 2056 1974 2093 :
2008 2041 2080 2093 ita
2123 2041 2267 2094 enim
2305 2041 2474 2095 David
2508 2043 2898 2114 interpretatur
2923 2060 3082 2098 manu
3107 2045 3285 2115 fortis,
3306 2064 3437 2118 qua-

164 2132 388 2197 ικανὸς
417 2130 563 2200 χειρὶ
601 2130 701 2200 (1),
733 2131 872 2201 ὅπερ
900 2130 1047 2183 ἐστὶν
1075 2132 1124 2182 οἱ
1160 2131 1280 2183 Υἱοὶ
1309 2129 1404 2184 τοῦ
1431 2129 1588 2183 Θεοῦ.

862 2148 872 2180 ι
900 2130 1047 2183 ἐστὶν
1075 2132 1124 2182 οἱ
1160 2131 1280 2183 Υἱοὶ
1309 2129 1404 2184 τοῦ
1431 2129 1588 2183 Θεοῦ.
1859 2130 1926 2187 lis
1953 2140 2035 2186 est
2066 2131 2158 2186 Dei
2194 2129 2386 2188 Filius.

243 2223 338 2275 11.
372 2223 570 2276 Λοιπὸν
599 2223 648 2274 οἱ
678 2221 924 2283 ἐλθόντες
959 2221 1052 2273 ἐπὶ
1083 2221 1142 2274 τὸ
1173 2221 1510 2291 φωτισθῆναι
1549 2221 1758 2276 δέονται

1929 2221 2016 2276 11.
2047 2221 2272 2277 Demum
2307 2224 2583 2281 venientes
2617 2225 2684 2280 ad
2721 2226 3181 2284 illuminationem
3217 2231 3435 2302 (nempe

163 2314 426 2383 λέγοντες
449 2315 557 2375 τοῖς
583 2313 898 2375 ἀποστόλοις
921 2328 934 2342 '
955 2312 1377 2384 Παρακαλέσατε
1405 2313 1600 2376 ἱκανῶς
1626 2331 1687 2367 κα

1909 2314 1926 2368 1
1953 2315 2326 2383 baptismum),
2354 2329 2648 2387 precantur
2673 2320 2914 2374 dicentes
2937 2324 3201 2390 apostolis
3227 2342 3241 2378 :
3269 2324 3433 2380 Orate

161 2405 473 2474 αλλαγῆναι
509 2407 640 2474 ἡμῖν
674 2403 750 2473 (‘2)
811 2404 899 2456 τὸν
946 2403 1098 2467 Θεὸν,
1147 2405 1235 2457 ἵνα
1281 2405 1376 2457 καὶ
1406 2407 1564 2475 ἡμεῖς
1599 2403 1685 2469 δεξ

1909 2409 2033 2475 I'de,
2069 2419 2130 2464 ut
2185 2409 2329 2466 Deus
2376 2412 2535 2468 nobis
2589 2413 2989 2479 reconcilietur,
3041 2423 3102 2470 ut
3148 2417 3433 2473 ctiamnos

168 2495 323 2566 μεθα
353 2496 449 2566 τὴν
478 2495 637 2565 χάριν
658 2495 824 2548 αὑτοῦ
845 2512 859 2524 ·
891 2493 966 2558 ὡς
1006 2495 1114 2566 γὰρ
1138 2497 1502 2567 προείπαμεν,
1551 2497 1692 2564 'Iepo

1909 2501 2193 2570 :cipiamus
2226 2503 2450 2570 gratiam
2469 2503 2586 2572 ejus
2613 2524 2625 2559 :
2648 2505 2788 2559 sicut
2809 2507 2953 2559 enim
2984 2516 3140 2562 antea
3172 2509 3433 2580 diximus,

163 2590 389 2657 σιιλνὴμ
419 2586 777 2658 ἑρμηνεύεται
814 2586 1056 2656 Πνεῦμα
1078 2588 1262 2641 αὑτοῦ
1291 2589 1550 2656 χάριτος.

1858 2589 2158 2645 Jerusalem
2187 2592 2576 2663 interpretatur
2602 2594 2838 2665 Spiritus
2871 2600 3061 2668 gratim
3092 2599 3227 2668 ejus.

245 2678 340 2732 12.
397 2677 473 2749 (3)
519 2679 630 2732 Καὶ
685 2677 1028 2751 εὐθηνήσειή
1083 2679 1277 2751 καρδία
1305 2678 1485 2732 αὐτῶν
1532 2682 1592 2733 ὲν
1641 2680 1760 2744 ταῖς

1935 2683 2022 2737 12.
2053 2683 2120 2738 Ει
2161 2685 2460 2743 abundabit
2509 2703 2605 2744 cor
2650 2705 2844 2745 eorum
2886 2690 2942 2746 in
2987 2693 3272 2764 praeceptis
3303 2710 3432 2751 san-

165 2769 425 2832 ιντολαῖς
458 2769 566 2822 τῶν
599 2771 668 2838 ἀγ
676 2770 790 2824 ίων.
1395 2805 1400 2810 -

599 2770 790 2838 ἁγίων.
1395 2805 1400 2810 -
1863 2781 2097 2829 ctorum.

245 2862 439 2917 15-15.
475 2862 552 2932 (4)
611 2862 669 2915 '0
721 2862 878 2934 χορὸς
914 2862 1021 2916 τῶν
1067 2863 1376 2916 ἀποστόλων
1428 2862 1577 2932 λέγει
1619 2861 1759 2933 πρὸς

1933 2867 2123 2922 15-15.
2158 2867 2373 2924 Chorus
2404 2870 2774 2939 apostolorum
2809 2871 2942 2928 dicit
2967 2873 3034 2928 ad
3061 2872 3230 2930 Deum
3257 2895 3270 2930 :
3299 2875 3431 2932 Pro-

164 2953 270 3010 τὸν
298 2954 451 3008 Θεόν·
477 2955 699 3008 Ἕνεκεν
727 2955 828 3024 τῆς
850 2955 1122 3026 σωτηρίας
1152 2955 1308 3026 ἡμῶν
1336 2955 1578 3024 ἀδελφῶν
1599 2958 1688 3027 im

1908 2967 1980 3012 ter
2013 2960 2241 3014 salutem
2285 2970 2601 3016 nostrorum
2646 2961 2902 3029 fratrum,
2939 2966 3034 3035 qui
3080 2968 3432 3036 praeiveruut,

173 3045 386 3118 μένων,
418 3047 514 3101 καὶ
542 3046 651 3101 τῶν
701 3047 928 3119 πλησίον
973 3048 1132 3119 ἡμῶν
1177 3049 1482 3119 γενομένων
1523 3048 1612 3102 διὰ
1662 3065 1697 3100 τί

1907 3061 2128 3105 teorum
2170 3052 2265 3122 qui
2309 3053 2544 3122 proximi
2576 3055 2751 3109 nostri
2793 3054 2922 3112 facti
2958 3068 3086 3114 sunt
3123 3073 3220 3129 per
3247 3057 3431 3123 ﬁdem,

170 3141 442 3204 πίστεως,

247 3232 344 3288 16.
391 3231 761 3304 Ἐλαλήσαμεν
794 3231 977 3295 αὐτοῖς
1010 3231 1099 3285 τὸν
1128 3231 1286 3299 λόγον
1319 3249 1412 3284 σου
1437 3232 1531 3285 καὶ
1553 3230 1652 3302 τὴν
1681 3231 1763 3294 είς

1934 3231 2022 3287 16.
2052 3230 2246 3288 Locuti
2291 3249 2484 3290 sumus
2532 3234 2666 3290 iosis
2713 3234 2938 3290 verbum
2973 3245 3150 3304 tuum,
3182 3248 3236 3295 et
3283 3255 3431 3312 spem

169 3323 236 3378 σὲ
281 3321 494 3376 ἐλπίδα.

1865 3323 1920 3378 in
1949 3333 2020 3379 te.
2531 3378 2545 3391 ,

244 3413 341 3466 17.
383 3414 582 3467 Ἕνεκα
625 3412 720 3466 τοῦ
777 3410 1151 3483 καταρτισμοῦ
1199 3409 1306 3464 τῶν
1363 3411 1532 3479 ἁγίων
1577 3409 1756 3482 ᾔτησα

1933 3413 2022 3468 17.
2060 3414 2286 3484 Propter
2335 3413 2723 3484 perfectionem
2769 3427 3084 3473 sanctorum
3143 3420 3431 3489 postulavi-

175 3502 258 3574 (5)
293 3501 620 3576 [ᾐτήσαμεν]
653 3503 966 3574 χαρίσματα
985 3503 1078 3555 τοῦ
1107 3501 1425 3572 Πνεύματός
1460 3518 1554 3552 σου
1578 3501 1699 3568 ἀγίο

1217 3501 1425 3572 ύματός
1460 3518 1554 3552 σου
1578 3501 1754 3568 ἁγίου.
1785 3510 1828 3567 C
1863 3520 1985 3559 mus
2015 3507 2155 3559 dona
2180 3507 2352 3560 sancti
2385 3507 2462 3560 tui
2485 3505 2740 3575 Spiritus.

265 3614 330 3666 Ἦ
356 3616 691 3687 προκειμένη
718 3615 996 3686 ἐπιγραφὴ
1030 3615 1273 3687 περιέχει
1297 3614 1396 3683 (6)°
1434 3613 1572 3684 ᾨδὴ
1611 3613 1732 3666 τῶν·
1776 3612 2166 3683 Ἀναϐαθμῶν,
2202 3617 2339 3686 ὅπερ
2367 3615 2725 3688 ἑρμηνεύεται
2752 3617 3135 3690 ἐξομολόγησις
3166 3619 3276 3676 τῶν
3305 3624 3432 3677 ἀνα.

172 3705 474 3762 σαινόντων
512 3708 620 3760 ἀπὸ
661 3708 752 3761 τοῦ
790 3710 973 3780 τρίτου
1015 3706 1223 3778 βαθμοῦ
1277 3708 1376 3778 τῆς
1408 3705 1716 3769 θεοσεϐείας
1753 3707 1844 3759 ἐπὶ
1896 3705 1986 3759 τὸν
2016 3706 2274 3776 τέταρτον
2315 3709 2394 3770 είς
2430 3708 2643 3763 σύνεσιν
2671 3711 3001 3780 ἐρχομένων,
3049 3713 3143 3764 καὶ
3171 3715 3430 3780 γινωσκόσ

172 3814 320 3852 ντων
354 3799 580 3861 ἑαυτοὺς
607 3798 682 3870 (7)
715 3799 808 3852 ἐπὶ
835 3802 957 3862 ταῖς
985 3799 1296 3870 ἁμαρτίαις,
1324 3799 1762 3870 ταπεινουμένων
1789 3798 2017 3852 ἐνώπιον
2037 3796 2132 3851 τοῦ
2157 3795 2314 3862 Θεοῦ,
2338 3799 2431 3852 καὶ
2453 3799 2718 3870 δεομένων
2747 3799 2935 3865 αὑτοῦ,
2966 3799 3106 3854 ὥστε
3129 3802 3431 3875 ἐλεηθῆναι.

255 3913 473 3969 Titulus
513 3916 838 3986 prmpositus
869 3917 1145 3970 continet:
1176 3916 1455 3970 Canticum
1487 3916 1780 3982 Gruduum,
1813 3917 1956 3987 quod
1993 3918 2381 3986 interpretatur
2425 3915 2697 3971 confessio
2746 3919 3155 3975 ascendentium
3199 3937 3230 3976 a
3273 3925 3430 3979 tertio

177 4006 357 4078 gradu
387 4009 566 4062 cultus
611 4023 738 4076 erga
786 4007 953 4061 Deum
985 4009 1037 4062 iu
1071 4019 1327 4078 quartum
1373 4013 1599 4082 gradum
1647 4027 1860 4078 eorum,
1891 4013 1982 4082 qui
2022 4011 2332 4080 intelligunt
2361 4018 2415 4064 et
2441 4019 2777 4080 cognoscunt
2805 4027 2865 4066 se
2894 4013 3042 4083 ipsos
3079 4014 3132 4068 in
3159 4017 3429 4085 peccatis.

173 4104 475 4157 bumiliant
510 4119 568 4158 se
591 4119 776 4158 coram
805 4103 935 4168 Deo,
965 4119 1200 4174 eumque
1228 4107 1606 4176 deprecantur,
1641 4115 1701 4162 ut
1728 4109 1972 4178 ipsorum
2007 4107 2351 4160 misereatur.

253 4196 308 4263 1,
334 4197 388 4250 2.
421 4196 534 4250 Ούκ
567 4196 648 4250 ἔτι
671 4198 775 4270 τὴν
803 4198 990 4252 ἐλπίδα
1026 4216 1128 4269 μου
1170 4199 1276 4269 ἔχω
1309 4200 1402 4254 ἐπὶ
1434 4204 1499 4271 τῇ
1536 4201 1762 4272 ματαιό-

1937 4200 2066 4266 1,2.
2092 4197 2209 4252 Non
2247 4198 2481 4268 amplius
2525 4211 2700 4252 meam
2742 4212 2891 4267 spem
2937 4198 3233 4268 repositam
3259 4199 3428 4258 habeo

175 4304 304 4359 τητι
333 4287 443 4340 τῶν
470 4287 703 4340 εἰδώλων
721 4306 732 4316 ·
769 4288 1028 4343 ἀνένευσα
1049 4290 1158 4360 γὰρ
1181 4291 1306 4353 τοὺς
1327 4289 1636 4360 ὀφθαλμοὺς
1658 4291 1699 4343 τί

1904 4308 1922 4346 ι
1968 4291 2236 4345 idolorum
2279 4289 2553 4356 vanitate;
2591 4289 2790 4344 sustuli
2821 4290 2965 4345 enim
3003 4292 3191 4348 oculos
3237 4293 3428 4348 menti!

173 4377 419 4439 διανοίας
448 4395 548 4449 μου
574 4379 710 4449 πρὸς
736 4380 794 4433 σὲ
823 4381 914 4434 τὸν
947 4383 1007 4434 έν
1039 4380 1115 4452 τῷ
1135 4381 1348 4453 οὐρανῷ
1374 4381 1697 4435 κατοικοῦντ

1319 4381 1348 4452 ξ)
1374 4381 1756 4438 κατοικοῦντα.
1866 4398 2002 4438 mea:
2031 4384 2095 4436 ad
2126 4394 2198 4448 te,
2231 4383 2323 4451 qui
2352 4382 2566 4436 habitas
2591 4381 2646 4434 in
2670 4382 2843 4438 cos-lis.

250 4469 307 4524 3.
336 4468 545 4541 Ὠσπερ
571 4469 644 4539 (8)
672 4469 900 4534 ἕκαστος
928 4472 1034 4524 τῶν
1066 4471 1266 4525 δούλων
1314 4474 1513 4544 ἀφορᾷ,
1573 4473 1669 4525 καὶ
1699 4471 1762 4524 τὸ

1936 4475 1990 4530 5.
2021 4473 2491 4540 Quemadmodum
2526 4474 2901 4543 unusquisque
2934 4482 3212 4529 servarum
3254 4473 3427 4530 intue-

178 4559 303 4631 ζῇν,
317 4561 481 4614 καὶτὸ
498 4562 677 4616 θανεῖν
688 4563 851 4618 αὑτὸν
866 4567 923 4616 έν
939 4563 1016 4634 τῷ
1030 4565 1272 4636 Δεσπότῃ
1289 4565 1454 4617 αὐτοῦ
1475 4580 1488 4592 °
1510 4563 1653 4617 οὕτω
1668 4582 1702 4616 κ

1904 4583 1955 4621 ιι·
1976 4567 2141 4620 vitam
2175 4581 2354 4629 suam,
2379 4575 2434 4621 et
2463 4573 2694 4619 mortem
2718 4565 2771 4618 in
2803 4563 3018 4618 Domini
3048 4564 3134 4618 sui
3165 4572 3428 4634 potestate

178 4622 346 4723 ἡμεὶς
390 4653 618 4708 ἐνώπιόν
652 4671 746 4708 σου
792 4622 1174 4728 παριστιάμεθα
1219 4622 1272 4708 ἵίί
1307 4650 1464 4727 [οἷον]
1511 4655 1702 4726 βούληι.

1903 4673 2015 4723 sse;
2045 4659 2119 4712 ita
2149 4658 2310 4711 etiam
2340 4672 2441 4712 nos
2468 4671 2654 4711 coram
2699 4665 2750 4711 te
2787 4665 3062 4722 astamus,
3106 4666 3427 4726 exspectan-

180 4743 276 4796 σόν
313 4746 430 4796 ἐστι
457 4745 676 4816 ποιῆσαι
707 4749 788 4811 εἱς
823 4750 992 4820 ἡμᾶς·
1023 4747 1316 4816 ἀπολογίαν
1347 4747 1459 4820 γὰρ
1509 4749 1610 4802 οὐκ
1637 4747 1704 4818 ἔχε

1904 4765 1968 4814 ξε,
1996 4748 2124 4818 quid
2153 4749 2287 4802 velis
2311 4748 2364 4801 in
2392 4763 2494 4802 nos
2528 4748 2744 4803 facere:
2770 4763 2948 4818 neque
2991 4748 3135 4802 enim
3167 4763 3350 4803 coram
3382 4758 3428 4806 ω

181 4849 285 4904 μιν
316 4832 544 4889 ἐνώπιόν
576 4854 689 4895 σου.

1865 4839 2128 4894 habemus
2163 4837 2555 4893 defensionem.

1127 4993 1432 5056 Addenda
1457 5000 1518 5055 et
1548 4992 1925 5073 corrigenda
1967 5009 2047 5054 ex
2075 4991 2214 5054 cod.
2249 4991 2449 5053 Vatic.

252 5166 331 5234 (1)
358 5166 436 5235 Τῇ
468 5179 635 5235 χειρι,
692 5172 822 5227 etc.,
856 5162 884 5214 ὁ
915 5159 1065 5223 Υἱός.

1059 5201 1065 5214 .
1858 5157 2105 5235 ἀδελφιῦν
2130 5159 2306 5235 ἡμῶν,
2333 5160 2445 5224 καί,
2482 5168 2583 5214 etc.

273 5221 329 5307 9i
376 5221 819 5307 ἰἲμῖῗςιὶὲςὲοξιιξ
893 5300 919 5307 _
1026 5221 1087 5307 θ.
1155 5301 1180 5307 _
1351 5301 1362 5307 _
1696 5299 1723 5307 _

1696 5299 1723 5307 _
2045 5221 2328 5307 ξζξτησατο,
2359 5221 2486 5307 etc.,
2513 5246 2604 5282 σου
2634 5227 2727 5280 τοῦ
2756 5226 2931 5296 ἁγίου.

275 5247 329 5307 2)
376 5247 535 5304 ’Πμῐν
569 5247 740 5286 ιιείιει.
893 5300 919 5312 ~
1696 5299 1723 5311 ~
1926 5247 2004 5302 (3)
2057 5247 2328 5351 Ῡτησατο,
2359 5247 2486 5293 etc.,
2513 5247 2604 5282 σου
2634 5247 2727 5280 του
2756 5247 2808 5296 απ

275 5310 330 5393 δὲ
363 5300 1750 5393 .N-12-{alterum-i&a§'_._¥ﬂrr95?93.er
1927 5303 2003 5393 l9?
2037 5301 2156 5393 μὲ...
2183 5300 2808 5393 ετὶι-κξν“;α⁶έιρεέέξε.ῖῖῑιῑ;

182 5366 274 5428 σαί
301 5366 388 5431 διὰ
417 5375 516 5445 τῆς
539 5366 760 5445 χάριτός
786 5366 950 5425 αὑτοῦ
971 5411 986 5436 ,
1034 5366 1207 5434 οὕτως
1235 5371 1310 5434 ὡς
1335 5372 1461 5434 τοὺς
1482 5366 1754 5439 ’ἀγαπῶν-
2037 5370 2156 5422 Τῶν
2183 5372 2262 5433 εἰς
2284 5387 2333 5445 σ.
2361 5373 2406 5424 ὲ.
2451 5366 2510 5422 κ.
2543 5366 3021 5437 συγγινωσκόντων
3041 5366 3273 5430 ἑαυτοῖς,
3297 5372 3427 5442 θεας

177 5462 279 5510 τας
309 5441 487 5499 αὐτόν.
541 5441 572 5444 νὴ
617 5441 627 5445 ⁷
1303 5459 1324 5511 7‘
1369 5510 1374 5511 7
1589 5510 1608 5511 77
1735 5510 1742 5511 7
1856 5441 1950 5496 καὶ
1979 5441 2435 5511 ταπεινουμένων,
2467 5448 2570 5511 etc.

253 5503 329 5586 (4)
364 5516 431 5569 Ν.
617 5512 1018 5586 Προσεύχονται
1055 5511 1240 5586 λοιπὸν
1289 5510 1430 5586 ύπὲῌρ
1473 5510 1652 5586 αύτῷν
1697 5510 1747 5586 οἱ
1927 5512 2002 5582 (8)
2035 5503 2348 5586 Καὶῶσῂρ
2477 5527 2526 5563 τ.
2560 5509 2609 5564 δ.
2667 5505 2777 5586 τῶν
2827 5505 3225 5586 ημαρτηκὸτων
3255 5503 3429 5572 ἀσύγ-

181 5573 465 5641 ἀπδοίτολοι
494 5573 761 5651 λέγοντες·
797 5573 1046 5653 Γέθέσθω
1072 5581 1134 5652 δὴ
1162 5583 1220 5634 ἐν
1253 5573 1434 5643 αὐτοῖς
1474 5583 1663 5651 εἰρήνη
1695 5582 1753 5632 ὲν
1855 5573 2070 5653 γνωστα
2099 5582 2276 5653 ἀφορᾷ
2301 5573 2362 5632 τὸ
2381 5579 2500 5651 ζῇν,
2534 5590 2664 5645 etc.,
2701 5573 3044 5643 αύτοῦέἶναι,
3096 5586 3224 5642 etc.,
3282 5591 3428 5646 παρ·

180 5659 247 5728 τῇ
271 5656 503 5728 δυνάμει
517 5671 631 5728 σου.
746 5652 832 5728 11.
856 5653 970 5728 Kal.
997 5651 1291 5728 εὐθήνησεν
1311 5653 1583 5728 ή-καρδία,
1608 5661 1737 5728 etc.,
1851 5651 2115 5724 t'c'ca'peea
2146 5651 2408 5722 βούλημα,
2438 5660 2545 5706 etc.

184 5721 246 5780 υῖ
275 5728 327 5781 in
359 5721 420 5780 nl
445 5725 529 5779 12.
553 5721 618 5776 Ν.
644 5722 730 5776 15.
769 5724 826 5774 Ὁ
859 5722 1016 5793 χορὸς
1033 5721 1162 5786 τῶν,
1198 5733 1298 5776 etc.
1331 5721 1612 5792 Σωτηρίας
1635 5721 1744 5774 τῶν

506 5819 780 5881 ΡΑτιιοι..
813 5815 930 5878 Gn.
965 5815 1228 5878 XXVII.

3073 5807 3145 5864 32
