3860 6220
396 290 533 349 19.27
1226 281 1283 337 S.
1325 276 1695 335 ATHANASII
1735 275 1883 332 OPP.
1929 270 2108 327 PARS
2148 270 2233 326 Ill.
2278 299 2346 310 ——
2389 264 2809 324 EXEGETICA.
3528 255 3680 309 12-38

463 408 515 459 4.
549 401 705 459 Sicut
728 398 872 458 oculi
902 399 1113 454 ancillae
1142 399 1199 452 in
1229 395 1485 451 manibus
1538 391 1776 447 domina:
1803 405 1918 447 sua:
1957 406 1971 443 :

2165 386 2203 440 L
2248 385 2335 448 Ὠς
2370 382 2640 453 ὀφθαλμοὶ
2676 380 2969 449 παιδίσκης
3003 375 3083 438 εἰς
3135 375 3322 444 χεῖρας
3345 371 3446 443 τῆς
3481 370 3690 444 κυρίας

2076 479 2271 548 αὐτῆς

462 580 515 636 5.
545 581 626 636 Ita
656 576 800 634 oculi
830 575 1005 631 nostri
1035 573 1103 629 ad
1128 571 1422 627 Dominum
1470 568 1640 624 Deum
1684 575 1935 623 nostrum
1958 605 1973 631 ,

465 755 517 809 6.
552 752 737 807 Donec
778 752 1106 806 misereatur
1142 747 1334 803 nostri.

463 844 518 897 7.
558 843 817 898 Miserere
869 843 1063 904 nostri,
1103 839 1355 904 Domine,
1390 836 1651 892 miserere
1684 834 1901 889 nostri:

464 936 517 991 8.
554 934 693 1001 Quia
724 934 953 988 multum
981 932 1172 1001 repleti
1198 945 1392 986 sumus
1420 927 1795 997 despectione.

462 1028 517 1083 9.
551 1026 689 1093 Quia
721 1026 954 1079 multum
977 1025 1182 1094 repleta
1211 1031 1295 1077 est
1323 1022 1505 1075 anima
1531 1027 1739 1075 nostra.

466 1119 554 1175 10.
585 1118 949 1195 Opprobrium
980 1114 1417 1176 abundantibus,

467 1212 554 1266 11.
580 1210 647 1264 Ει
679 1210 961 1280 despectio
991 1207 1267 1277 superbis.

607 1300 889 1355 Canticum
924 1298 1218 1352 Graduum.
1253 1294 1457 1350 PSAL.
1488 1290 1766 1348 CXXIII.

467 1392 519 1446 1.
546 1390 664 1447 Nisi
694 1392 824 1461 quia
852 1389 1120 1444 Dominus
1156 1397 1273 1443 erat
1312 1388 1367 1441 in
1405 1386 1600 1452 nobis;

463 1482 517 1534 2.
557 1481 709 1535 Dicat
743 1496 889 1534 nunc
920 1479 1119 1533 Israel:

464 1574 519 1628 5.
552 1572 666 1628 Nisi
688 1572 815 1643 quia
852 1570 1117 1625 Dominus
1145 1575 1260 1624 erat
1290 1568 1343 1621 in
1368 1566 1549 1630 nobis,

466 1667 519 1720 4.
554 1665 692 1720 Cum
720 1673 1078 1735 exsurgerent
1109 1662 1355 1715 homines
1393 1662 1449 1715 in
1488 1675 1619 1726 nos,

470 1758 523 1812 5.
552 1756 715 1813 Forte
748 1757 902 1812 vivos
934 1754 1297 1826 deglutissent
1327 1768 1449 1809 nos.

2148 573 2202 628 5.
2235 569 2421 632 Οὓτως
2452 568 2502 621 οἱ
2530 565 2799 637 ὀφθαλμοὶ
2826 558 2981 635 ἡμῶν
3011 560 3149 630 πρὸς
3182 556 3388 629 Κύριον
3420 554 3515 608 τὸν
3545 553 3688 608 Θεὸν

2075 661 2256 733 ἡμῶν.

2146 752 2198 807 6.
2231 752 2374 813 Ἕως
2406 740 2467 802 οὗ
2498 747 2838 817 οίκτειρῆσαι
2866 746 3036 815 ἡμᾶς.

2146 844 2198 897 7.
2242 844 2494 913 Ἐλέησον
2520 843 2687 911 ἡμᾶς,
2712 838 2901 907 Κύριε,
2934 836 3156 907 ἐλέησον
3190 835 3359 907 ἡμᾶς·

2145 933 2198 987 8.
2232 934 2352 986 Ὅτι
2385 933 2477 985 ἐπὶ
2504 931 2639 983 πολὺ
2675 929 3030 1000 ὲπλήσθημεν
3062 925 3496 991 ἐξουδενώσεως.

2146 1023 2200 1081 9.
2250 1023 2373 1075 Ἐπὶ
2406 1022 2588 1075 πλεῖον
2615 1020 2859 1091 ἐπλήσθη
2900 1023 2933 1090 ἡ
2966 1020 3115 1089 ψυχὴ
3146 1018 3324 1089 ἡμῶν.

2149 1115 2234 1169 10.
2278 1115 2352 1167 Τὸ
2382 1114 2583 1176 ὄνειδος
2607 1116 2720 1175 τοῖς
2746 1111 3055 1182 εὐθηνοῦσι,
3150 1092 3159 1101 ⁸

2148 1206 2235 1259 11.
2270 1207 2381 1258 Καὶ
2409 1208 2442 1277 ἡ
2478 1205 2827 1271 ἐξουδένωσις
2854 1207 2967 1267 τοῖς
3001 1203 3398 1274 ὑπερηφάνοις.

2266 1299 2405 1369 ’ῼδὴ
2469 1297 2589 1351 τῶν
2658 1295 3062 1365 Ἀναϐαθμῶν.
3111 1299 3285 1351 ΨΑΛ.
3320 1294 3511 1347 PKI".

2147 1391 2198 1444 1.
2236 1392 2299 1443 Εἰ
2328 1392 2401 1460 μὴ
2432 1391 2513 1443 ὅτι
2542 1389 2744 1460 Κύριος
2766 1385 2833 1459 ἦν
2863 1390 2921 1441 ἐν
2956 1390 3106 1458 ἡμῖν’

2147 1482 2203 1536 2.
2236 1483 2460 1535 Είπάτω
2496 1480 2560 1551 δὴ
2606 1480 2845 1551 Ἰσραήλ·

2147 1573 2199 1626 '5.
2236 1573 2300 1625 Εί
2334 1572 2407 1643 μὴ
2436 1572 2518 1623 ὃτι
2546 1570 2750 1642 Κύριος
2779 1566 2847 1641 ἦν
2879 1572 2935 1623 ἐν
2960 1572 3117 1641 ἡμῖν,

2149 1662 2202 1717 4.
2257 1663 2339 1715 Ἐν
2366 1662 2442 1732 τῷ
2475 1662 2848 1731 ἐπαναστῆναι
2876 1660 3195 1732 ἀνθρώπους
3225 1660 3308 1728 ἐφ’
3338 1660 3505 1730 ἡμᾶς·

2014 1761 2057 1817 Β
2158 1752 2211 1806 5.
2248 1754 2391 1824 Ἀρα
2422 1752 2631 1817 ζῶντας
2664 1751 2729 1805 ἂν
2757 1751 3015 1805 κατέπιον
3042 1753 3210 1822 ἡμᾶς.

1521 1861 1899 1918 ATHANASII
1940 1862 2526 1919 INTERPRETATIO.

470 2009 525 2063 4.
558 2008 623 2062 Ει
649 2006 791 2061 sicut
814 2005 995 2059 omnis
1035 2005 1264 2069 ancilla,
1294 2019 1417 2074 qua:
1472 2003 1737 2073 peccavit,
1776 2016 1981 2071 pavens

399 2114 455 2159 et
490 2115 728 2158 tremens
752 2109 896 2155 astat
921 2100 1159 2155 dominae
1183 2115 1296 2156 suae
1316 2091 1664 2169 exspectans,
1697 2106 1793 2152 aut
1815 2098 1981 2151 morti

401 2196 563 2261 tradi,
584 2203 679 2250 aut
702 2194 813 2249 vita
836 2193 1031 2248 donari
1061 2210 1075 2248 :

473 2376 529 2440 5,
568 2374 620 2432 6.
652 2373 730 2430 Ita
760 2375 926 2430 etiam
954 2388 1053 2429 nos
1084 2388 1233 2427 nunc
1258 2377 1663 2439 exspectamus,
1688 2376 1785 2422 aut
1820 2368 1987 2423 vitam

402 2468 562 2521 nobis
594 2481 625 2521 a
665 2465 777 2521 Deo
810 2464 1068 2530 concedi,
1115 2471 1211 2517 aut
1257 2461 1462 2532 justam
1498 2466 1850 2529 peccatorum
1890 2474 1989 2514 no-

402 2568 643 2617 strorum
675 2558 1113 2613 retributionem.

476 2651 526 2706 7.
557 2650 853 2705 Precamur
877 2659 950 2716 te,
982 2648 1234 2711 Domine,
1263 2648 1527 2702 miserere
1556 2645 1751 2699 nostri.

474 2744 526 2799 8.
562 2742 770 2813 lmpleti
809 2744 957 2798 enim
1001 2756 1195 2796 sumus
1238 2740 1391 2795 omni
1441 2737 1731 2809 iniquitate
1767 2744 1821 2792 et
1865 2750 1993 2807 pec-

404 2844 552 2891 cato.

474 2928 529 2983 9.
565 2926 887 2982 lnsanabilis
921 2934 1006 2981 est
1047 2923 1341 2979 multitudo
1377 2931 1729 2994 peccatorum
1774 2930 1995 2977 nostro-

402 3034 547 3075 rum.

476 3112 566 3179 10,
592 3113 681 3167 11.
723 3110 989 3167 Dominus
1035 3122 1213 3165 autem
1260 3110 1326 3163 ad
1369 3125 1464 3164 eos
1495 3124 1511 3163 :
1537 3108 1617 3165 Ne
1662 3109 1899 3165 timcatis
1925 3108 1996 3163 ob

401 3215 664 3279 peccata,_
682 3221 781 3275 pro
810 3205 1011 3273 quibus
1036 3203 1104 3257 ad
1140 3218 1226 3257 me
1251 3202 1505 3257 conversi
1534 3203 1706 3269 estis;
1734 3202 1997 3271 iniquita-

403 3307 490 3355 tes
514 3306 711 3352 vestra:
736 3303 1018 3349 vertentur
1048 3309 1213 3363 super
1246 3293 1553 3348 contrarias
1593 3301 1913 3362 potestates,
1942 3301 1998 3347 et

407 3388 794 3445 condemnatio
836 3396 1014 3443 vestra
1054 3388 1157 3440 erit
1192 3400 1359 3455 super
1420 3385 1763 3456 principatus
1800 3394 1853 3440 et
1892 3400 1995 3455 po-

405 3489 632 3538 testates
662 3480 888 3536 diaboli.

2160 2003 2214 2057 4.
2247 2002 2353 2057 Καὶ
2379 2003 2455 2066 ὡς
2514 2002 2720 2073 ἑκάστη
2768 2002 3053 2073 παιδίσκη,
3111 2002 3494 2073 ἡμαρτηκυῖα,
3551 2000 3696 2071 μετά

2089 2095 2255 2164 φόϐου
2287 2095 2381 2148 καὶ
2410 2094 2614 2164 τρόμου
2654 2094 2988 2165 παρίσταται
3018 2095 3082 2162 τῇ
3120 2091 3284 2162 κυρία
3338 2092 3511 2161 αὐτῆς
3544 2090 3696 2142 ἐκδε-

2090 2187 2294 2257 χομένη
2342 2186 2374 2257 ἢ
2410 2186 2749 2252 θανατῶσαι,
2791 2185 2823 2256 ἢ
2872 2186 2947 2256 (1)
2981 2184 3265 2257 χαρίσεται
3312 2180 3696 2254 [χαρίσασθαι]

2088 2283 2227 2351 αὐτῇ
2256 2281 2317 2334 τὸ
2346 2279 2447 2351 ζῇν
2469 2296 2483 2309 ⁸

2163 2374 2218 2436 5,
2243 2374 2294 2427 6.
2329 2373 2487 2426 Οὖτω
2522 2374 2615 2427 κα).
2646 2374 2811 2444 ἡμεῖς
2838 2370 3260 2442 ἀπεκδεχόμεθα
3287 2369 3383 2424 νῦν
3408 2369 3486 2438 (2)
3514 2367 3553 2444 ἢ
3594 2369 3698 2438 τὴν

2090 2463 2237 2535 ζωὴν
2269 2464 2487 2533 δοθῆναι
2509 2466 2641 2534 ἡμῖν
2671 2464 2823 2535 παρὰ
2858 2462 3015 2527 Θεοῦ,
3047 2463 3080 2532 ἢ
3116 2463 3217 2533 τὴν
3273 2461 3489 2515 δικαίαν
3526 2462 3696 2514 ἀντα-

2090 2558 2308 2609 πόδοσιν
2333 2556 2443 2607 τῶν
2466 2556 2753 2627 ἁμαρτιῶν
2782 2558 2960 2627 ἡμῶν.

2162 2651 2214 2705 7.
2250 2648 2492 2721 Δεόμεθά
2516 2667 2630 2713 σου,
2666 2650 2855 2721 Κύριε,
2880 2650 3103 2720 ἐλέησον
3131 2649 3302 2719 ἡμᾶς.

2162 2743 2214 2795 8.
2261 2741 2691 2812 Πεπληρωμένοι
2746 2742 2853 2814 γάρ
2890 2744 3058 2813 ἐσμεν
3089 2741 3272 2811 πάσης
3318 2740 3553 2809 άνομιας
3605 2736 3703 2790 καὶ

2092 2834 2389 2904 ἁμαρτίας.

2162 2925 2213 2979 9.
2288 2926 2620 2996 Ἀνήκαστόν
2673 2923 3057 2997 [Ἀνήκεστόν]
3117 2926 3195 2995 (5)
3240 2926 3357 2978 ἐστι
3392 2924 3456 2977 τὸ
3492 2922 3704 2993 πλῆθος

2093 3017 2201 3071 τῶν
2226 3016 2511 3087 ἁμαρτιῶν
2534 3016 2710 3086 ήμῶν.

2166 3111 2254 3175 10,
2288 3111 2373 3166 11.
2422 3112 2479 3163 '0
2505 3111 2559 3162 δὲ
2588 3110 2789 3181 Κύριος
2839 3109 2979 3179 πρὸς
3022 3106 3238 3172 αὐτούς·
3290 3106 3383 3177 Μὴ
3420 3106 3703 3175 φοϐεῖσθε,

2094 3202 2210 3256 ἀνθ’
2241 3196 2315 3256 ὧν
2342 3202 2715 3273 ἐπεστρέψατε
2742 3201 2821 3271 (4)
2871 3201 3009 3271 πρός
3051 3218 3119 3271 με
3142 3219 3155 3229 ·
3185 3201 3241 3253 αί
3269 3200 3489 3269 ἀνομίαι
3545 3199 3706 3269 ὑμῶν

2096 3296 2189 3348 ἐπὶ
2216 3296 2315 3358 τάς
2339 3296 2590 3359 ἐναντίας
2617 3295 2898 3365 δυνάμεις,
2939 3295 3035 3347 καὶ
3091 3295 3151 3347 τὺ
3197 3295 3518 3364 κατάκριμα
3548 3294 3707 3363 ὑμῶν

2098 3389 2194 3440 ἐπὶ
2229 3388 2331 3451 τὰς
2354 3388 2452 3441 τοῦ
2478 3387 2722 3441 διαϐόλου
2746 3386 2921 3458 ἀρχάς
2953 3389 3049 3440 καὶ
3081 3386 3352 3453 ἐξουσίας.

490 3577 555 3629 Ἦ
581 3575 915 3648 προκειμένη
948 3573 1228 3645 ἐπιγραφὴ
1258 3573 1504 3644 περιέχει
1535 3573 1634 3642 (5)’
1676 3573 1815 3644 ’ῼδὴ
1845 3574 1963 3628 τῶν
2006 3574 2412 3645 Ἀναόαθμῶν,
2438 3576 2577 3647 ὅπερ
2606 3574 2972 3647 ἑρμηνεύεται
3011 3573 3402 3645 ἐξομολόγησις
3434 3572 3544 3626 τῶν
3575 3573 3707 3626 ἀναο

406 3665 704 3721 ϐαινόντων
732 3667 841 3720 ἀπὸ
869 3667 947 3735 (6)
973 3666 1233 3736 τετάρτου
1260 3664 1472 3735 βαθμοῦ
1508 3667 1608 3735 τῆς
1639 3665 1953 3729 θεοσεϐείας
2008 3668 2103 3719 ἐπὶ
2162 3668 2255 3721 τὸν
2290 3669 2568 3738 πέμπτον·
2598 3669 2846 3721 τουτέστι
2880 3669 2957 3737 (Ἰ)
3014 3666 3152 3737 μετὰ
3184 3668 3281 3737 τὴν
3311 3666 3708 3736 ἐξομολόγησιν

406 3756 793 3823 φωτισθέντες,
818 3754 914 3809 καὶ
944 3754 1282 3825 μεμνημένοι
1317 3754 1435 3817 πῶς
1463 3754 1537 3825 (8)
1566 3755 1913 3825 ἐκυριεύοντο
1941 3756 2045 3808 ὑπὸ
2074 3757 2182 3809 τῶν
2205 3757 2465 3810 ἐναντίων
2512 3757 2797 3827 δυνάμεων
2838 3758 2900 3810 τὸ
2952 3758 3239 3828 πρότερον·
3281 3757 3377 3809 καὶ
3404 3757 3488 3809 ὅτι
3524 3759 3603 3828 μὴ
3631 3757 3706 3828 (9)

404 3847 436 3901 6
468 3848 600 3913 Θεὸς
618 3848 705 3902 διὰ
734 3848 828 3903 τοῦ
856 3848 1231 3920 βαπτίσματος
1260 3850 1532 3921 ἐρρύσατο
1560 3850 1758 3913 αὐτοὺς
1783 3851 1841 3917 ἐξ
1870 3850 2073 3915 αὐτῶν,
2113 3852 2346 3923 ἤμελλον
2405 3852 2773 3924 ἀποθνήσκειν
2808 3854 2865 3906 ἐν
2902 3857 2969 3925 τῇ
3018 3852 3263 3924 ἁμαρτία
3295 3852 3498 3906 αὐτῶν.

486 3957 706 4016 Titulus
732 3962 1062 4031 praepositus
1096 3964 1344 4018 continet
1382 3982 1395 4017 :
1433 3964 1716 4019 Canticum
1754 3963 2051 4032 Graduum,
2082 3966 2228 4035 quod
2256 3964 2651 4033 interpretatur
2691 3964 2972 4018 confessio
3000 3963 3414 4018 ascendentium
3446 3981 3478 4018 a
3505 3972 3708 4033 quarto

407 4052 583 4125 gradu
620 4053 801 4108 cultus
825 4070 952 4125 erga
984 4055 1151 4110 Deum
1186 4056 1241 4109 in
1278 4056 1534 4124 quintum
1572 4074 1583 4108 :
1616 4056 1721 4110 hoc
1744 4065 1828 4111 cst
1849 4072 2067 4121 eorum,
2097 4058 2192 4126 qui
2229 4067 2359 4125 post
2388 4056 2791 4110 confessionem
2822 4055 3116 4110 illuminati
3148 4064 3297 4120 sunt,
3326 4065 3380 4110 et
3403 4057 3457 4108 in
3489 4072 3707 4111 memo-

407 4152 549 4206 riam
580 4158 861 4211 revocant,
894 4150 1172 4218 quomodo
1206 4148 1427 4203 fuerunt
1468 4150 1622 4219 prius
1658 4150 1760 4205 sub
1802 4151 2049 4205 dominio
2084 4152 2486 4205 contrariarum
2526 4158 2900 4219 potestatum;
2932 4160 2987 4205 et
3019 4151 3168 4221 quod
3200 4152 3306 4206 nisi
3335 4149 3483 4205 Deus
3508 4166 3609 4206 eos
3641 4154 3709 4206 ab

410 4243 547 4315 ipsis
569 4242 895 4311 baptismate
920 4241 1226 4306 liberasset,
1253 4241 1511 4296 morituri
1533 4250 1691 4295 erant
1719 4243 1774 4295 in
1803 4258 1997 4297 eorum
2034 4252 2278 4313 peccato.

482 4334 532 4388 1.
563 4330 679 4385 Nisi
704 4330 865 4385 Jesus
894 4327 989 4384 Dei
1016 4329 1187 4384 Filius
1214 4328 1481 4383 Dominus
1517 4339 1705 4385 noster
1728 4332 1993 4397 venisset,

409 4431 466 4478 et
512 4421 853 4491 apparuisset
907 4433 1069 4489 super
1118 4426 1359 4485 terram,
1412 4422 1466 4472 et
1510 4431 1636 4472 cum
1678 4416 1994 4473 hominibus

411 4525 765 4572 conversatus
794 4520 958 4567 esset.

478 4606 536 4661 2.
573 4605 725 4660 Dicat
755 4614 936 4659 autem
962 4603 1198 4673 populus
1229 4611 1412 4658 mente
1442 4602 1806 4659 illuminatus.

479 4696 532 4751 3.
568 4694 725 4764 Quod
749 4696 854 4749 nisi
889 4696 1003 4765 ipse
1028 4694 1294 4749 Dominus
1322 4696 1654 4750 advenisset.

483 4784 534 4841 ι.
569 4786 708 4841 Cum
733 4787 787 4840 in
820 4802 921 4841 nos
949 4785 1221 4841 irruerent
1243 4785 1530 4840 contrariae
1551 4792 1871 4854 potestates.

481 4969 537 5025 5.
568 4967 804 5023 Omnino
847 4968 922 5023 uti
956 4969 1134 5023 adhuc
1178 4984 1397 5024 eramus
1428 4967 1483 5022 in
1528 4977 1674 5022 terra
1727 4967 1992 5031 viventes,

412 5062 575 5117 morti
604 5062 788 5116 traditi
821 5060 1137 5117 fuissemus.

2178 4331 2227 4383 1.
2258 4332 2320 4384 Εἰ
2354 4332 2428 4402 μὴ
2465 4331 2670 4402 Ἰησοῦς
2698 4334 2727 4384 ὁ
2754 4332 2882 4396 Υἱὸς
2915 4331 3009 4386 τοῦ
3043 4331 3177 4385 Θεοῦ
3224 4334 3251 4385 ὁ
3274 4331 3481 4403 Κύριος
3544 4334 3707 4402 ἡμῶν

2101 4418 2254 4494 ἦλθε,
2288 4425 2380 4477 καὶ
2430 4423 2587 4495 ὤφθη
2646 4426 2739 4478 ἐπὶ
2794 4426 2898 4495 τῆς
2947 4426 3072 4496 γῆς,
3109 4427 3204 4479 καὶ
3243 4430 3353 4487 τοῖς
3390 4424 3707 4497 ἀνθρώποις

2104 4516 2540 4586 συνανεστράφη.

2172 4603 2227 4659 Ξ.
2260 4604 2481 4657 Εἰπατω
2505 4605 2568 4675 δὴ
2592 4607 2619 4659 6
2645 4607 2775 4670 λαὸς
2808 4608 2836 4659 6
2866 4607 3155 4676 φωτισθεὶς
3176 4607 3273 4679 τὴν
3298 4607 3561 4662 διάνοιαν.

2175 4695 2227 4748 ’5.
2266 4696 2387 4747 Ὅτι
2410 4698 2457 4748 εί
2500 4698 2575 4767 μὴ
2608 4699 2769 4761 αὐτὸς
2802 4701 2830 4751 6
2867 4699 3063 4772 Κύριος
3094 4701 3448 4771 παρεγένετο.

2175 4786 2231 4840 4.
2278 4789 2365 4840 Ἐν
2388 4788 2466 4859 τῷ
2493 4789 2592 4853 τὰς
2627 4790 2875 4854 ἐναντίας
2901 4792 3158 4863 δυνάμεις
3189 4792 3526 4863 ἐπέρχεσθαι
3581 4790 3705 4846 καθ’

2104 4880 2281 4950 ἡμῶν.

2177 4972 2229 5026 5.
2252 4973 2421 5026 Παντὶ
2447 4974 2655 5043 τρόπῳ,
2683 4973 2758 5037 ὡς
2784 4973 2993 5046 ετιςμο)
3015 4970 3157 5046 ἦμεν
3177 4977 3269 5029 ἐπὶ
3294 4976 3393 5047 τῆς
3416 4976 3541 5047 γῆς,
3570 4974 3705 5041 ζῶν·

2103 5082 2195 5129 τες
2226 5064 2290 5118 ἂν
2324 5066 2765 5136 ὲθανατώθημεν.

1368 5176 1674 5238 Addenda
1709 5181 1770 5236 et
1798 5176 2179 5256 corrigenda
2211 5199 2291 5243 ex
2325 5181 2469 5242 cod.
2503 5180 2709 5241 Vatic.

584 5296 974 5383 θαινατῴσει
1003 5296 1190 5360 αὐτὴν,
1215 5297 1269 5367 ἦ,
1304 5307 1408 5352 etc.

506 5369 562 5439 ‘2')
587 5369 701 5424 Νῦν
723 5371 893 5423 deest.

506 5393 562 5439 Ζ)
587 5393 701 5424 uuv
723 5393 893 5423 UCCSI.

483 5393 558 5508 (5)
619 5440 954 5499 Ἀνίκαστον.
1016 5447 1144 5503 etc.,
1185 5438 1471 5509 ἁμαρτιῶν
1527 5455 1651 5509 μου.
1689 5437 1840 5494 Fort.
1890 5439 1997 5510 leg.

411 5512 688 5583 ἀνίκητον.

483 5579 571 5647 (4)
600 5579 1016 5651 Ἐπιστρέψατε.

483 5651 561 5722 (5)
596 5650 661 5706 Ἦ
692 5649 781 5706 διὰ
796 5649 900 5721 τῆς
930 5649 1299 5720 κινναϐάρεως
1333 5668 1395 5703 πε
1406 5667 1484 5721 pr.

2128 5356 2131 5359 λ
2178 5301 2253 5369 (6)
2301 5300 2433 5352 Ἀπὸ
2462 5300 2576 5354 τοῦ.

2204 5372 2255 5435 7)
2286 5369 2540 5423 Τουτέστι
2564 5370 2693 5426 τῶν.

2278 5442 2686 5583 1Ιῐέἳιρτρνᾷ-Ιθέντων,
2716 5444 2809 5497 κα).
2847 5441 3211 5514 μεμνημένων
3238 5441 3298 5494 τὸ
3326 5439 3447 5503 πῶς

2208 5530 2487 5651 tif-‘63:
