3860 6220
111 342 276 398 4229
1066 318 1154 386 DE
1194 328 1470 390 TlTULlS
1508 322 1961 385 PSALMORUM.
1999 354 2068 368 -—
2107 320 2297 381 PSAL.
2342 317 2580 382 CXXIV.
3260 318 3402 380 4930

192 457 255 510 6.
294 452 383 507 Ἐν
416 450 493 525 τῷ
515 448 836 524 ὀργισθῆναι
861 448 953 504 τὸν
997 446 1167 519 θυμὸν
1196 450 1360 503 αὐτοῦ
1394 450 1477 520 ἐφ’
1509 452 1678 521 ἡμᾶς,

1610 453 1678 515 ῖς,
1737 449 1784 505 Α
1880 447 1933 501 6.
1964 446 2099 501 Cum
2129 450 2461 505 irasceretur
2492 445 2643 500 furor
2664 462 2855 501 eorum
2895 445 2951 501 in
2988 448 3134 510 nos,

192 548 258 601 7.
300 546 441 617 Ἀρα
467 544 530 596 τὸ
553 538 698 612 ὕδωρ
722 542 787 596 ἂν
815 540 1204 593 κατεπόντισεν
1230 541 1403 610 ἡμᾶς.

1894 541 1948 595 7.
1974 540 2226 596 Forsitan
2260 558 2402 613 aqua
2433 541 2809 595 absorbuisset
2836 557 2952 595 nos.

194 639 259 694 8.
290 638 605 709 Χείμαρρον
636 635 847 706 διῆλθεν
880 637 913 704 ἡ
946 634 1092 705 ψυχὴ
1119 633 1298 704 ἡμῶν·

1896 632 1949 687 8.
1987 631 2306 687 Torrentem
2344 632 2697 703 pertransivit
2730 632 2911 686 anima
2958 637 3185 684 nostra:

194 731 254 787 9.
289 731 431 801 Ἀρα
482 727 695 797 διῆλθεν
720 729 755 796 ἡ
781 725 927 797 ψυχὴ
988 723 1144 796 ἡμῶν
1170 724 1231 777 τὸ
1258 723 1403 795 ὕδωρ
1431 723 1492 776 τὸ
1519 724 1718 778 ἀνυπό-

1896 722 1951 777 9.
1985 722 2239 777 Forsitan
2265 722 2653 794 pertransisset
2678 723 2861 776 anima
2887 730 3075 777 nostra
3098 732 3293 788 aquam
3325 716 3407 769 iu-

124 838 351 879 πατον.

1827 815 2188 869 tolerabilem.

202 912 298 967 10.
327 909 634 979 Εὐλογητὸς
666 907 887 979 Κύριος,
909 906 968 971 ὃς
992 907 1092 961 οὐκ
1120 906 1319 960 ἔδωκεν
1350 908 1500 977 ἡμᾶς
1527 906 1604 969 εἰς
1633 905 1726 978 θή-

1900 906 1988 961 10.
2017 905 2347 960 Bencdictus
2406 904 2692 970 Dominus,
2740 905 2835 975 qui
2884 920 2993 958 non
3028 902 3177 957 dedit
3206 917 3305 956 nos
3352 900 3408 954 in

126 1019 235 1081 ραν
257 1008 371 1068 τοῖς
398 1002 606 1057 ὀδοῦσιν
639 1000 838 1054 αὐτῶν.

1833 999 2139 1067 captionem
2170 997 2424 1051 dentibus
2457 1007 2672 1052 eorum.

202 1099 297 1152 11.
339 1099 405 1149 Ἣ
430 1096 576 1166 ψυχὴ
608 1093 764 1164 ἡμῶν
797 1092 874 1153 ὡς
897 1088 1176 1161 στρουθίον
1204 1086 1444 1159 ὲρρύσθη

1775 1121 1791 1136 .
1904 1088 1990 1143 11.
2018 1088 2213 1141 Anima
2238 1098 2423 1142 nostra
2454 1088 2595 1143 sicut
2626 1102 2814 1157 passer
2842 1095 3025 1156 erepta
3055 1093 3137 1140 est

203 1191 305 1245 12.
343 1190 438 1242 Ἐκ
469 1188 569 1257 τῆς
593 1185 818 1254 παγίδος
845 1182 953 1235 τῶν
981 1179 1340 1252 θηρευόντων.

1166 1179 1340 1234 εντων.
1904 1178 1991 1233 12.
2026 1178 2102 1232 De
2130 1179 2325 1248 laqueo
2353 1179 2690 1234 venantium.

202 1284 298 1337 1⁸5.
338 1284 402 1333 'H
438 1281 603 1347 παγὶς
634 1277 945 1349 συνετρίϐη,
982 1276 1076 1328 καὶ
1122 1276 1285 1346 ἡμεῖς
1320 1272 1689 1345 ὲρῤύσθημεν.

1903 1270 1991 1324 15.
2029 1269 2284 1338 Laqueus
2314 1271 2581 1324 contritus
2603 1276 2707 1331 est,
2730 1277 2783 1322 et
2816 1283 2917 1323 nos
2943 1267 3154 1322 liberati
3194 1280 3404 1321 sumus.

204 1374 300 1427 14.
338 1372 401 1426 Ἢ
432 1371 653 1442 βοήθεια
681 1369 838 1441 ἡμῶν
869 1370 924 1420 ὲν
956 1368 1179 1437 ὀνόματι
1210 1364 1439 1436 Κυρίου,

1902 1364 1991 1421 14.
2023 1364 2368 1431 Adjutorium
2401 1370 2645 1416 nostrum
2673 1363 2725 1414 in
2753 1361 2974 1415 nomine
3013 1360 3227 1427 Domini
3251 1400 3267 1427 ,

204 1466 298 1520 15.
339 1462 445 1517 Τοῦ
483 1464 806 1533 ποιήσαντος
831 1461 922 1513 τὸν
952 1457 1181 1530 οὐρανὸν
1208 1458 1301 1509 καὶ
1329 1458 1429 1528 τὴν
1457 1458 1583 1528 γῆν.

1329 1458 1429 1528 τὴν
1457 1458 1583 1528 γῆν.
1904 1455 1992 1510 15.
2028 1454 2134 1519 Qui
2159 1455 2282 1510 fecit
2304 1456 2501 1509 coelum
2535 1464 2589 1509 et
2622 1463 2840 1507 terram.

356 1554 495 1627 ᾮδὴ
549 1552 668 1608 τῶν
709 1551 1099 1621 Ἄναϐαθμῶν.
1133 1554 1305 1605 ΨΑΛ.
1344 1547 1519 1603 ΡΚΔ’.

2040 1545 2323 1599 Canticum
2358 1545 2653 1599 Graduum.
2695 1543 2899 1599 PSAL.
2937 1542 3200 1597 CXXIV.

206 1649 263 1701 1.
296 1649 360 1701 Οἱ
386 1646 703 1708 πεποιθότες
729 1645 822 1698 ἐπὶ
858 1643 1084 1715 Κύριον,
1110 1643 1185 1706 ὡς
1214 1642 1339 1710 ὅρος
1370 1640 1528 1697 Σιών.

1909 1638 1961 1691 1.
2000 1635 2103 1702 Qui
2129 1637 2409 1691 conﬁdunt
2437 1637 2489 1689 in
2522 1634 2775 1701 Domino,
2803 1635 2945 1689 sicut
2977 1650 3135 1688 mons
3161 1631 3311 1689 Sion.

206 1742 265 1796 2.
332 1741 407 1793 Οὐ
444 1739 833 1810 σαλευθήσεται
878 1738 959 1801 είς
1014 1736 1106 1789 τὸν
1166 1733 1338 1788 αἰῶνα
1386 1736 1414 1787 ὁ
1463 1732 1730 1787 κατοικῶν

1906 1729 1961 1782 2.
2002 1728 2118 1781 Νοη
2149 1727 2584 1782 commovebitur
2631 1728 2684 1781 in
2735 1736 2997 1781 aeternum
3023 1764 3037 1791 ,
3077 1726 3173 1796 qui
3208 1726 3415 1781 habitat

143 1830 217 1885 Ἱε
225 1829 465 1901 ρουσαλή
475 1846 534 1899 μ.

1840 1820 1894 1873 in
1928 1819 2253 1873 Jerusalem.

1273 1974 1649 2033 ATHANASII
1690 1970 2279 2028 INTERPRETATIO.

207 2147 265 2201 6.
305 2146 395 2198 Ἐν
420 2141 496 2215 τῷ
518 2142 617 2205 τάς
666 2139 858 2212 ἀρχὰς,
893 2137 990 2191 καὶ
1046 2134 1292 2199 ἐξουσίας
1328 2134 1427 2205 (1),
1462 2133 1557 2186 καὶ
1601 2132 1729 2194 τοὺς

1903 2128 1955 2182 6.
1981 2128 2118 2183 Cum
2160 2127 2524 2198 principatus,
2550 2135 2604 2181 et
2633 2135 2953 2197 potestates,
2983 2135 3037 2181 et
3061 2134 3305 2184 rectores
3334 2132 3416 2185 te-

137 2237 593 2309 κοσμοκράτορας
623 2232 717 2285 τοῦ
749 2232 971 2292 σκότους
1008 2228 1224 2300 βρύχειν
1253 2227 1335 2296 ἐφ’
1364 2227 1531 2296 ἡμᾶς.

1386 2227 1531 2296 λμᾶς.
1838 2222 2132 2277 nebrarum
2167 2221 2355 2274 mundi
2386 2219 2760 2274 fremerent'in
2788 2234 2910 2273 nos.-

206 2333 263 2387 7.
296 2333 520 2393 Πάντως
545 2331 578 2397 ἡ
608 2328 753 2399 ὁρμὴ
786 2326 885 2395 τῆς
910 2323 1228 2385 δυναστείας
1275 2320 1455 2374 αὐτῶν
1492 2319 1730 2389 κατήγα-

1910 2312 1964 2366 7.
1992 2311 2229 2382 Impetus
2252 2311 2441 2380 utique
2468 2325 2656 2365 eorum
2691 2311 2945 2379 potentia:
2982 2308 3213 2367 forsitan
3242 2312 3414 2368 dedua

136 2440 232 2493 γεν
268 2422 338 2475 ἂν
369 2423 515 2492 ἡμᾶς
542 2422 620 2482 εἰς
648 2420 717 2472 τὰ
755 2416 1043 2471 κατώτατα
1064 2416 1161 2485 τῆς
1188 2413 1448 2466 ἀϐύσσου.

1229 2413 1448 2466 ϐύσσου.
1842 2405 2013 2460 xisset
2035 2420 2136 2459 nos
2170 2405 2225 2458 in
2254 2402 2511 2457 inferiora
2546 2403 2750 2473 abyssi.

209 2515 263 2571 8.
300 2515 411 2577 Τὰς
432 2513 609 2586 ὁρμὰς
638 2514 736 2583 τῆς
769 2512 964 2583 ἡδονῆς
1019 2510 1096 2579 (2)
1145 2508 1242 2560 καὶ
1274 2505 1382 2559 τῶν
1428 2503 1733 2573 ἐπιθυμιῶν

1911 2498 1964 2553 8.
1998 2498 2234 2566 Impetus
2263 2496 2582 2565 voluptatis,
2616 2506 2670 2549 et
2705 2495 3278 2566 concupiscentiarum
3301 2497 3420 2552 dias

136 2609 231 2663 τοῦ
264 2607 534 2668 διαϐόλου,
569 2606 634 2658 δι’
668 2602 741 2658 ὧν
770 2603 1067 2673 κατασύρει
1096 2600 1322 2660 πάντας.

1204 2616 1322 2660 τας.
1841 2590 1973 2653 boli,
1999 2589 2197 2658 quibus
2226 2604 2417 2643 omnes
2444 2586 2726 2656 pertrahit.

208 2698 262 2751 9.
298 2699 443 2768 Ἀρα
476 2695 688 2765 διῆλθεν
719 2693 922 2765 ἡψυχὴ
957 2691 1114 2763 ἡμῶν
1139 2689 1239 2761 τὴν
1292 2687 1585 2759 τυραννίδα
1640 2685 1732 2738 τοῦ

1914 2679 1967 2733 9.
2002 2678 2254 2733 Forsitan
2306 2678 2696 2747 pertransisset
2752 2677 2934 2733 anima
2984 2687 3172 2734 nostra
3217 2680 3419 2735 diaboli

136 2790 391 2845 διαϐόλου
416 2789 512 2859 τὴν
541 2787 869 2859 ἀκράτητον.

1843 2771 2185 2842 tyrannidem
2215 2769 2659 2838 insuperabilem.

214 2887 305 2939 10.
336 2882 637 2953 Εὐλογητὸς
664 2879 881 2948 Κύριος,
917 2878 975 2941 ὃς
1007 2877 1068 2929 οὐ
1110 2873 1483 2945 συνεχώρησεν
1513 2872 1618 2934 ἓως
1649 2868 1738 2923 τέέ

1915 2866 2003 2919 it).
2036 2864 2358 2919 Benedictus
2384 2863 2673 2927 Dominus,
2702 2861 2797 2933 qui
2831 2877 2939 2917 non
2972 2863 3222 2933 permisit
3248 2878 3423 2935 usque

138 2979 268 3042 λους
294 2977 557 3032 ἀπολέσαι
586 2975 661 3043 (5)
685 2974 833 3043 ἡμᾶς
856 2972 960 3024 ὑπὸ
985 2969 1091 3023 τῶν
1114 2968 1513 3038 διδασκομένων
1535 2965 1662 3019 αύτᾱ

1512 2965 1734 3019 αὐτῶν,
1845 2958 1900 3013 in
1929 2958 2092 3012 ﬁnem
2123 2972 2225 3012 nos
2255 2957 2410 3027 perdi
2435 2957 2505 3011 ab
2536 2972 2726 3011 eorum
2750 2956 3036 3012 doctrinis.

215 3071 424 3135 11,12.
463 3071 524 3122 Ἠ
553 3067 697 3138 ψυχὴ
727 3065 881 3137 ἡμῶν
929 3062 1005 3127 ὡς
1059 3062 1339 3134 στρουθίον
1387 3059 1625 3132 ὲρρύσθη
1674 3061 1738 3111 ὲκ

1918 3051 2007 3115 11,
2046 3051 2133 3104 12.
2167 3050 2362 3102 Anima
2392 3057 2603 3115 nostra,
2650 3058 2709 3102 ut
2751 3064 2945 3118 passer
2973 3049 3203 3104 liberata
3234 3059 3316 3105 est
3357 3058 3425 3104 ex

143 3164 241 3235 τῆς
279 3161 508 3229 παγίδος
542 3158 648 3212 τῶν
682 3157 937 3210 ἐναντίων
978 3154 1295 3225 δυνάμεων·
1349 3152 1667 3224 θηρευθεὶς(

1901 3157 2043 3212 queo
2113 3141 2515 3196 contrariarum
2576 3150 2944 3210 potestatum;
3005 3140 3212 3194 irretita
3279 3140 3424 3194 enim

144 3231 252 3328 γάρ
289 3254 523 3325 ὑπάρχει
584 3253 675 3305 ὑπ’
703 3250 881 3304 αὐτῶν
906 3248 995 3302 διὰ
1036 3249 1134 3312 τὰς
1178 3244 1372 3315 γηίνας
1422 3243 1668 3313 ἐπιθυμίς

1898 3250 1918 3289 ;)
1943 3234 2077 3305 ipsis
2098 3232 2201 3288 fuit
2220 3233 2452 3288 terrenis
2481 3231 2972 3302 concupiscentiis,
3003 3231 3169 3285 veluti
3210 3245 3422 3301 passer.-

144 3350 219 3413 ὡς
255 3346 556 3418 στρουθίον.

214 3439 312 3492 15.
331 3411 489 3488 ”Λλλ’
514 3438 541 3488 ὁ
568 3433 769 3506 Κύριος
796 3431 964 3485 ἐλθὼν
990 3429 1278 3501 συνέτριψε
1324 3427 1424 3499 τὴν
1469 3426 1738 3498 ἁμαρτίαν

1921 3413 2009 3470 15.
2043 3413 2147 3469 Sed
2176 3413 2440 3469 Dominus
2468 3413 2692 3468 veniens
2730 3428 2825 3483 per
2855 3412 3188 3483 baptismum
3221 3411 3429 3466 contri-

143 3530 231 3583 διὰ
266 3528 364 3582 τοῦ
399 3502 791 3598 βαπτίσματος,
820 3525 916 3578 καὶ
941 3526 1102 3595 ἡμεῖς
1138 3519 1505 3594 ὲρρύσθημεν.

1424 3536 1505 3573 εν,
1766 3502 1812 3564 C
1841 3507 1920 3561 vit
1950 3516 2256 3576 peccatum,
2289 3516 2343 3561 et
2366 3522 2467 3562 nos
2489 3507 2701 3561 liberati
2736 3521 2948 3560 sumus.

218 3620 313 3685 14,
460 3617 565 3674 Καὶ
589 3596 683 3670 τοῦ
709 3616 897 3670 λοιποῦ
939 3617 972 3686 ἡ
1003 3613 1223 3684 βοήθεια
1264 3611 1423 3682 ἡμῶν
1461 3610 1519 3661 ἐν
1555 3608 1630 3679 (5)
1658 3607 1737 3678 τῷ

1917 3599 2004 3666 14,
2040 3599 2125 3652 15.
2160 3598 2225 3652 Ει
2247 3599 2464 3653 demum
2510 3600 2774 3652 auxilium
2822 3607 3072 3652 nostrum
3111 3605 3195 3652 est
3228 3596 3284 3650 in
3327 3610 3428 3651 no-

146 3710 373 3783 δνόματι
406 3710 497 3762 τοῦ
527 3707 724 3780 Κυρίου
766 3704 942 3777 Ἰησοῦ
969 3700 1206 3775 Χριστοῦ
1234 3703 1349 3753 ἐστι
1369 3696 1461 3751 τοῦ
1489 3696 1670 3767 δημιοι

1690 3714 1743 3764 ρ-
1851 3691 1997 3746 mine
2024 3691 2239 3745 Domini
2274 3690 2404 3745 Jesu
2433 3690 2637 3746 Christi
2672 3691 2935 3746 creatoris
2964 3690 3212 3744 omnium

146 3805 243 3872 γοῦ
278 3804 514 3856 πάντων.

230 3919 301 3972 Ἠ
330 3916 663 3989 προκειμένη
687 3911 966 3981 ἐπιγραφὴ
990 3907 1235 3979 περιέχει
1267 3904 1362 3976 (6)'
1413 3900 1552 3973 ’ῼδὴ
1582 3900 1701 3954 τῶν
1741 3894 2143 3965 Ἀναϐαθμῶν,
2177 3894 2315 3964 ὅπερ
2342 3892 2702 3964 ἑρμηνεύεται
2730 3891 3118 3962 ἐξομολόγησις
3166 3890 3275 3945 τῶν
3322 3890 3429 3944 ἀπὸ

151 4013 242 4067 τοῦ
280 3986 535 4082 πέμπτου
573 4007 783 4078 βαθμοῦ
817 4006 917 4075 τῆς
941 4005 1020 4065 εἰς
1053 4000 1287 4072 Χριστὸν
1349 3996 1563 4057 ἐλπίδος
1600 3992 1837 4046 ἀνελθὼν
1874 3991 1949 4061 (7)
2010 3986 2387 4061 [ἀνελθόντων]
2435 3988 2526 4039 ἐπὶ
2568 3986 2660 4039 τὸν
2690 3986 2847 4039 ἕκτον
2881 3986 3119 4057 βαθμὸν·
3150 3986 3428 4039 τουτέστιν

151 4077 538 4177 ἐξομολόγησις
562 4077 669 4154 τῶν
687 4077 837 4170 μετὰ
864 4097 925 4151 τὸ
949 4096 1233 4166 βάπτισμα
1272 4086 1745 4158 ἐπιγινωσκόντων
1771 4084 1872 4154 τὴν
1902 4081 2131 4149 δύναμιν
2159 4078 2252 4132 τοῦ
2286 4078 2543 4151 Χριστοῦ·
2574 4078 2634 4130 τὸ
2673 4077 2790 4177 πῶς
2813 4078 3275 4150 ἀντιλαμϐάνεται
3319 4079 3431 4135 τῶν

153 4169 519 4255 πιστευόντων
553 4196 632 4257 είς
651 4192 832 4257 αὑτὸν,
866 4189 1110 4250 καὶτοὺς
1140 4182 1498 4243 ἀπειθοῦντας
1528 4177 1670 4248 διύτῷ
1702 4175 1817 4239 πῶς
1838 4174 2203 4246 παραδίδωσιν
2234 4174 2313 4236 είς
2335 4172 2558 4225 κόλασιν
2595 4169 2818 4225 αἰωνίαν
2848 4171 2947 4240 (8).

221 4294 439 4348 Titulus
464 4288 789 4360 praepositus
820 4284 1060 4339 continet
1096 4300 1108 4334 :
1143 4278 1429 4334 Canticum
1462 4270 1768 4335 Graduum,
1801 4269 1950 4339 quod
1978 4269 2368 4336 interpretatur
2412 4264 2688 4321 confessio
2728 4264 3136 4317 ascendentium
3172 4280 3202 4319 a
3235 4266 3429 4334 quinto

156 4388 328 4459 gradu
391 4354 505 4453 Spei
576 4354 630 4433 in
697 4378 979 4431 Christum
1038 4373 1093 4427 in
1155 4378 1373 4424 sextum
1431 4364 1663 4435 gradum
1722 4379 1736 4413 :
1793 4360 1899 4414 hoc
1953 4367 2040 4413 est
2096 4357 2370 4413 confessio
2435 4354 2850 4425 agnoscentium
2910 4362 3033 4441 post
3093 4355 3428 4423 baptismum

155 4434 359 4537 E-huriswti
385 4434 642 4531 iirtutem
673 4491 687 4528 :
719 4467 996 4541 quomodo
1020 4464 1322 4527 opitulatur
1346 4455 1701 4514 credentibus
1725 4450 1781 4504 in
1803 4465 1953 4517 eum,
1986 4459 2038 4505 et
2062 4466 2171 4504 non
2197 4448 2485 4503 credentes
2512 4445 2791 4517 qdomodo
2820 4434 2983 4499 tradit
3018 4438 3072 4499 in
3101 4438 3429 4517 supplicium

223 4589 441 4629 ΒΠΠΠΙΙ.

154 4589 441 4631 uernum.

226 4666 281 4719 1.
313 4666 376 4715 υἱ
433 4655 776 4714 πιστεύοντες
828 4641 907 4711 είς
951 4638 1042 4700 τδν
1064 4644 1193 4696 Υίδν
1227 4641 1319 4694 τοῦ
1361 4637 1496 4692 Θεοῦ
1526 4638 1678 4690 δυναίι

1918 4626 1970 4689 1.
1996 4632 2289 4689 Credentcs
2323 4629 2377 4683 in
2412 4628 2611 4683 Filium
2644 4628 2738 4682 Dei
2769 4636 3013 4697 potentes
3040 4627 3241 4681 virtute
3275 4630 3428 4694 sunt,

160 4710 305 4829 [cidit
321 4710 692 4822 -ὑ-πάρχουσιν,
724 4710 798 4807 ῶς
826 4744 862 4813 ἡ
906 4737 1093 4807 ἐντολὴ
1128 4734 1201 4805 (9)
1250 4731 1344 4785 τοῦ
1389 4728 1544 4783 Θεοῦ.
1591 4726 1684 4780 Σιὸ

1902 4734 1991 4791 cut
2012 4723 2330 4778 mandatam
2358 4720 2474 4775 Dei.
2509 4719 2638 4774 Sion
2671 4710 2817 4772 enim
2857 4718 3247 4787 interpretatur
3270 4735 3426 4772 man-

158 4819 517 4920 ἑρμηνεύεται
542 4834 785 4900 ἐντολή.
1564 4908 1576 4920 Δ

542 4834 785 4900 ἐντολή.
1846 4819 2051 4872 datum.

224 4900 303 4995 ὲ..
342 4933 755 5009 Ἀμετακίνητοι
807 4927 1017 4980 ἔσονται
1079 4923 1128 4974 oi
1166 4920 1509 4989 διαμένοντες
1560 4908 1617 4968 ὲν
1664 4913 1744 4983 τῷ

1915 4909 1969 4963 2.
1999 4906 2313 4961 Immobiles
2328 4911 2491 4958 erunt
2524 4910 2908 4971 permanentes
2930 4900 2983 4954 in
3010 4900 3219 4971 Spiritu
3243 4900 3427 4971 gratia!

1936 5000 1947 5009 .
2101 4994 2123 5009 ν
2296 4997 2306 5009 ι
2511 4995 2523 5005 ι
2625 4994 2635 5004 σ
2686 4998 2699 5009 ι
2720 5008 2723 5009 ,
2846 5008 2851 5009 ,
2868 5002 2878 5009 .
2898 5002 2909 5009 ι
2930 5000 2940 5009 .
3049 4985 3081 5009 ιτ
3126 4994 3136 5005 ι
3175 4994 3208 5009 ι.
3347 5006 3351 5009 .
3378 5008 3381 5009 ,

161 4985 812 5099 Πνεῦματῖντῆςχάριτος
845 5016 1033 5073 αὐτοῦ·
1082 4985 1443 5086 ἑρμηνεύεται
1480 5007 1587 5078 γὰρ
1627 5006 1675 5077 (1

1907 5000 2041 5055 sins.
2087 4994 2391 5051 Jerusalem
2437 4995 2582 5048 enim
2624 4994 3017 5062 interpretatur
3043 4985 3273 5060 Spiritus
3298 5006 3431 5062 grad

161 5123 405 5193 Πνεῦμα
425 5118 611 5175 αὑτοῦ
632 5114 894 5186 χάριτος.

576 5092 894 5186 ῧίχάριτος.
1846 5095 1933 5147 tia:
1960 5092 2095 5161 ejus.

1114 5236 1425 5303 Addenda
1453 5241 1515 5298 et
1544 5230 1918 5311 corrigenda
1956 5247 2035 5291 ex
2066 5228 2209 5290 cod.
2244 5215 2448 5287 Vatic.

256 5384 308 5455 1)
334 5383 445 5446 Τὰς
476 5378 736 5455 ὲξρυσίας,
2364 5348 2732 5420 κινναϐάρεως
2760 5348 3023 5420 περιέχει.

262 5424 280 5439 .
344 5424 413 5437 ...
476 5424 502 5434 -

254 5424 307 5524 si
343 5424 714 5522 τσῖηἷδονῶν.
916 5512 941 5524 _
1016 5510 1091 5524 η
1238 5505 1256 5524 κ
1301 5501 1327 5517 η

1914 5424 1991 5497 (7)
2025 5424 2323 5477 Ἀνιόντων.

916 5512 941 5524 ..
1016 5511 1039 5524 ι
1068 5510 1091 5524 ιι
1238 5505 1256 5524 κ
1301 5501 1327 5517 υ
1360 5522 1366 5524 .
1918 5499 1992 5524 nn
2035 5494 2249 5524 Διώνη...

354 5498 693 5583 τὶτὲολὲςξόάἰ,
720 5524 849 5591 etc.,
874 5512 982 5591 τῶν
1011 5501 1386 5564 διδασκαλιῶν.

232 5559 307 5667 ὶΣὶ
334 5559 1127 5674 οἶξέὖὸἔῖἕοῐ’γὲῥ’ῥτέἧρχέᾲζ⁷
1209 5559 1216 5560 ί
1352 5559 1382 5656 _‘
1715 5638 1742 5650 _

234 5668 308 5711 (Kl
338 5666 426 5711 Ἐν
454 5661 899 5711 ὀνόματιΚυοιου
943 5656 1101 5711 ιησου
1139 5650 1255 5703 ἐστι
1288 5662 1380 5700 του
1410 5643 1745 5711 δημιουργου

1925 5559 1993 5634 ’9)
2029 5568 2092 5618 Αἱ
2127 5563 2356 5627 ἐντολαί,
2384 5572 2513 5623 elc.,
2547 5560 2687 5613 Σιὼν
2715 5559 2844 5632 γάρ,
2876 5566 2986 5616 εις..

1462 5638 1745 5711 ιμιουργοῦ
1918 5569 2031 5711 (10)
2066 5634 2179 5706 Γὰρ
2210 5633 2585 5706 Ἰερουσαλήμ,
2612 5640 2719 5686 etc.

694 5633 1101 5729 Epzwméos
1139 5650 1266 5721 tm
1288 5644 1380 5700 τοῦ
1410 5638 1745 5718 δημιουργοῦ
1921 5633 2031 5711 (10)
2066 5634 2179 5706 Γὰρ
2210 5633 2585 5706 Ἰερουσαλήμ,
2612 5640 2719 5686 etc.

166 5739 289 5794 τῶν.
317 5744 425 5794 etc.
