3860 6220
407 298 537 354 1331
1253 289 1310 346 8.
1355 289 1728 346 ΑτιιΑΝΑειι
1766 289 1914 345 OPP.

2133 292 2140 339 ι
2177 284 2265 340 Ill.
2326 317 2376 327 —
2411 281 2829 340 EXEGETICA.
3523 275 3657 331 1232

476 413 530 468 3.
564 409 775 464 Montes
803 407 856 462 in
879 407 1108 462 circuitu
1135 406 1256 476 ejus
1274 447 1290 474 ,

1279 447 1290 474 ,
2004 413 2048 467 Α
2144 404 2199 458 5.
2235 401 2377 472 Ὀρη
2402 399 2586 470 κύκλῳ
2612 397 2803 468 αὐτῆς,

479 504 533 557 4.
564 500 631 555 Ει
663 500 927 553 Dominus
961 498 1016 552 in
1051 499 1284 554 circuitu
1318 497 1503 567 populi
1531 497 1641 561 sui,

2153 496 2206 549 1.
2247 494 2357 547 Καὶ
2383 495 2411 546 6
2442 491 2644 562 Κύριος
2668 488 2854 560 κύκλῳ
2881 485 2976 540 τοῦ
3001 483 3133 539 λαοῦ
3163 481 3349 539 αὐτοῦ.

477 598 533 652 5.
564 595 640 649 Ex
672 595 774 649 hoc
803 606 951 646 nunc
979 601 1032 645 et
1063 606 1240 660 usque
1272 590 1327 644 in
1358 589 1648 645 saeculum.

2153 583 2208 639 5.
2228 581 2364 635 Ἀπὸ
2389 579 2482 634 τοῦ
2509 579 2604 633 νῦν
2635 578 2730 632 καὶ
2764 577 2868 640 ἕως
2896 575 2991 628 τοῦ
3016 573 3233 637 αἰῶνος.

481 689 534 743 6.
579 687 717 755 Quia
759 701 867 740 non
913 684 1186 754 relinquet
1225 681 1491 737 Dominus
1534 681 1744 750 virgam
1791 693 1986 749 pecca-

2153 675 2346 732 6.Ὂτι
2374 675 2474 728 οὐκ
2500 674 2698 746 ἀφήσει
2727 671 2930 744 Κύριος
2961 669 3059 742 τὴν
3101 668 3299 741 ῥάϐδον
3336 665 3447 721 τῶν
3492 664 3669 738 ἀμαρ-

414 791 594 832 torum

2083 767 2270 822 τωλῶν

482 872 535 924 7.
571 868 748 938 Super
779 874 983 921 sortem
1008 865 1283 935 iustorum
1311 882 1324 918 :

2157 859 2208 912 7.
2231 857 2357 912 Ἐπι
2384 875 2476 912 τον
2505 857 2703 927 κλῆρον
2723 853 2830 908 τῶν
2857 853 3081 908 δικαίων

481 961 534 1016 8.
568 959 638 1014 Ut
666 976 773 1014 non
800 959 1095 1013 extendant
1124 956 1258 1026 justi
1295 955 1361 1010 ad
1411 953 1752 1024 iniquitatem
1789 966 1989 1007 manus

2157 950 2414 1013 8.”Οπως
2446 947 2510 1002 ἂν
2547 948 2622 1019 μὴ
2663 947 2972 1000 ἐκτείνωσιν
2995 945 3046 996 οἱ
3082 944 3280 997 δίκαιοι
3329 941 3389 995 ἐν
3419 940 3672 1012 ἀνομίαις

412 1069 564 1109 suas.

2089 1046 2274 1115 χεῖρας
2305 1041 2506 1097 αὐτῶν.

479 1145 532 1200 9.
558 1142 811 1208 Benefac,
838 1139 1087 1205 Domine,
1117 1138 1301 1202 bonis,
1332 1145 1388 1191 et
1413 1136 1577 1192 rectis
1607 1135 1790 1192 corde.

2159 1134 2210 1188 9.
2238 1133 2551 1200 Ἀγάθυνον,
2581 1131 2775 1203 Κύριε,
2814 1131 2928 1194 τοῖς
2965 1128 3188 1199 ἀγαθοῖς
3223 1125 3317 1180 καὶ
3345 1127 3459 1188 τοῖς
3488 1123 3675 1178 εύθέσι

2092 1229 2160 1298 τῇ
2193 1225 2410 1296 καρδίᾳ.

483 1323 571 1376 10.
598 1319 940 1374 Dcclinantes
965 1325 1146 1372 autem
1179 1315 1233 1368 in
1267 1313 1652 1384 obligationes,

2164 1317 2249 1370 10.
2292 1317 2430 1379 Τοὺς
2462 1315 2518 1368 δὲ
2549 1314 2896 1378 ἐκκλίνοντας
2929 1315 3008 1378 είς
3041 1314 3139 1376 τὰς
3169 1309 3549 1383 στραγγαλιας

485 1415 571 1469 11.
623 1412 870 1466 Adducet
916 1410 1178 1464 Dominus
1224 1423 1349 1462 cum
1383 1405 1735 1477 operantibus
1768 1400 1974 1473 iniqui-

2163 1409 2249 1462 11.
2277 1407 2498 1472 ’Λπάξει
2541 1407 2744 1478 Κύριος
2798 1405 2938 1478 μετὰ
2992 1405 3099 1459 τῶν
3150 1390 3543 1476 ἐργαζομένων
3581 1398 3683 1470 τὴν

415 1515 598 1560 tatem.

2021 1509 2063 1565 Β
2090 1501 2337 1570 ἀνομίαν.

484 1599 574 1653 12.
606 1595 720 1651 Pax
750 1609 916 1664 super
948 1592 1136 1648 Israel.

2170 1593 2257 1647 1‘2.
2296 1593 2500 1664 Εἰρήνη
2532 1593 2624 1646 ἐπὶ
2652 1591 2742 1645 τὸν
2779 1590 2987 1662 Ἰσραήλ

643 1689 924 1742 Canticum
959 1686 1258 1739 Craduum.
1291 1679 1496 1737 PSAL.
1532 1677 1760 1737 CXXV.

2302 1683 2440 1754 ᾨδὴ
2476 1681 2594 1736 τῶν
2621 1681 3018 1751 Ἀναϐαθμῶν.
3050 1682 3222 1735 ΨΑΛ.
3257 1681 3442 1734 PKE.

485 1782 537 1836 1.
576 1779 636 1833 In
662 1779 1029 1835 convertendo
1061 1776 1327 1832 Dominus
1356 1774 1722 1844 captivitatem
1758 1769 1910 1837 Sion,

2165 1774 2216 1828 1.
2244 1776 2332 1828 Ἐν
2350 1775 2425 1845 τῷ
2444 1775 2768 1845 ἐπιστρέψαι
2784 1773 2986 1845 Κύριον
3005 1773 3103 1845 τὴν
3121 1769 3501 1842 αἰχμαλωσίαν
3517 1766 3685 1836 Σιὼν,

1536 1881 1915 1940 ATHANASII
1956 1880 2543 1938 INTERPRETATIO.

484 2007 541 2062 3.
579 2004 787 2061 Montes
818 2004 1092 2059 exsistunt
1137 2002 1192 2055 in
1241 2000 1472 2056 circuitu
1510 1998 1837 2054 Jerusalem.

2163 2000 2217 2054 5.
2258 2001 2396 2071 Ὄρη
2424 2000 2730 2070 ὑπάρχουσι
2761 1998 2945 2069 κύκλῳ
2968 1999 3068 2070 τῆς
3104 1997 3491 2070 Ἰερουσαλήμ.

482 2096 543 2163 ι,
573 2097 625 2152 5.
659 2097 724 2152 Ει
746 2095 1009 2151 Dominus
1039 2092 1220 2156 Jesus,
1248 2108 1406 2147 mons
1437 2090 1669 2159 implens
1694 2088 1988 2150 mundum,

2165 2093 2218 2159 1,
2245 2093 2298 2148 5.
2339 2094 2447 2146 Καὶ
2485 2095 2514 2145 ὁ
2549 2093 2752 2163 Κύριος
2788 2092 3016 2164 Ἰησοῦς,
3050 2092 3112 2145 τὺ
3153 2092 3280 2162 ὅρος
3324 2092 3385 2145 τὸ
3439 2091 3689 2165 πληροῦν

415 2189 472 2244 in
502 2189 735 2244 circuitu
772 2195 858 2242 est
905 2186 1095 2256 populi
1144 2184 1251 2250 sui,
1297 2192 1353 2238 et
1400 2197 1547 2238 nunc
1593 2191 1648 2237 et
1694 2180 1751 2234 in
1807 2179 1939 2235 futui

2163 2204 2192 2239 ν
2231 2187 2575 2257 οἰκουμένην,
2614 2185 2801 2256 κύκλῳ
2839 2185 2957 2238 ἐστὶ
2993 2185 3088 2238 τοῦ
3121 2184 3252 2238 λαοῦ
3281 2183 3452 2238 αὑτοῦ
3482 2186 3583 2238 καὶ
3625 2187 3687 2238 ἐν

417 2281 639 2336 saeculo.

2092 2278 2172 2348 τῷ
2199 2277 2314 2342 νῦν,
2344 2279 2439 2330 καὶ
2462 2280 2519 2332 ἐν
2551 2277 2630 2348 τῷ
2660 2278 2912 2349 μέλλοντι
2939 2278 3113 2331 αἰῶνι.

488 2371 542 2426 6.
573 2369 695 2424 Non
729 2370 876 2426 enim
913 2369 1056 2424 sinet
1107 2367 1373 2422 Dominus
1405 2371 1751 2436 potestatem,
1792 2371 1849 2417 et
1893 2360 1994 2416 ad-

2165 2370 2213 2425 6.
2257 2369 2332 2440 (1)
2372 2371 2448 2423 Ού
2492 2369 2603 2442 γὰρ
2653 2371 2999 2441 συγχωρήσει
3030 2369 3233 2440 Κύριος
3259 2367 3382 2422 κατ’
3408 2367 3689 2433 ἐξουσίαν,

417 2465 718 2522 vorsariam
752 2464 1075 2534 potentiam.

2095 2464 2190 2518 καὶ
2210 2462 2308 2532 τὴν
2335 2463 2586 2516 ἐναντίαν
2621 2461 2870 2532 δύναμιν.

490 2557 542 2612 7.
575 2558 592 2627 (
618 2555 785 2624 Super
817 2557 1050 2622 sortem)
1081 2561 1398 2606 sanctorum
1429 2550 1570 2622 ejus.

1269 2565 1398 2605 urum
1429 2550 1570 2622 eius.
2166 2555 2218 2608 7.
2260 2553 2381 2607 Τῶν
2404 2554 2574 2621 ἁγίων
2603 2553 2793 2607 αὑτοῦ.

489 2645 544 2701 8.
595 2645 672 2700 Ne
715 2645 888 2714 justi,
945 2640 1354 2697 dominantibus
1384 2641 1440 2694 in
1499 2654 1598 2694 eos
1632 2636 1996 2704 daemonibus,

2166 2641 2351 2696 8.⁶Ὶνα
2387 2642 2461 2712 μὴ
2483 2643 2532 2694 οί
2567 2642 2788 2709 δίκαιοι,
2821 2644 3201 2714 κυριευθέντες
3221 2644 3328 2698 ὑπὸ
3361 2644 3474 2698 τῶν
3501 2646 3689 2715 δαιμὰ

419 2737 640 2794 tradant
665 2737 878 2792 animas
909 2748 1038 2790 suas
1064 2732 1532 2801 concupiscentiis
1555 2731 1702 2784 vitae.

2168 2748 2220 2795 ιν,
2255 2729 2532 2784 ἐκδώσωσι
2561 2731 2660 2795 τὰς
2687 2731 2864 2802 ψυχὰς
2895 2732 2970 2802 (2)
3000 2732 3181 2786 αύτῶν
3210 2738 3328 2796 ταῖς
3360 2735 3692 2807 ἐπιθυμίαις

2095 2823 2189 2878 τοῦ
2221 2823 2358 2894 βίου.

488 2912 542 2968 9.
567 2911 666 2978 Da,
699 2911 861 2976 Deus,
893 2913 1039 2968 bona
1070 2909 1252 2974 bonis,
1282 2914 1339 2963 et
1367 2903 1750 2962 obedientibus
1796 2916 1999 2974 praece-

2170 2919 2220 2974 9.
2249 2917 2454 2986 Ἀγαθὰ
2491 2918 2760 2992 δώρησαι,
2793 2920 2822 2972 6
2857 2918 3009 2983 Θεὸς,
3038 2921 3152 2984 τοῖς
3187 2919 3414 2988 ἀγαθοῖς
3449 2923 3548 2978 καὶ
3577 2926 3694 2988 τοῖς

419 3005 529 3076 ptis
562 3007 670 3060 tuis
697 3021 760 3060 ex
793 3007 970 3062 corde.
2096 3009 2429 3064 ὑπακούουσι
2458 3014 2578 3074 ταῖς
2611 3010 2850 3072 ἐντολαῖς
2879 3027 2968 3062 σου
3011 3013 3074 3063 ἐκ
3101 3013 3349 3083 καρδίας.

492 3097 580 3160 10,
613 3098 696 3152 11.
730 3097 997 3152 Dedentes
1019 3103 1200 3150 autem
1241 3091 1454 3161 seipsos
1485 3089 1541 3144 in
1579 3087 1832 3144 lascivias
1877 3102 2000 3142 cor-

2178 3101 2254 3165 IO,
2282 3101 2370 3156 11.
2397 3103 2473 3173 (5)
2501 3103 2637 3182 Τοὺς
2661 3103 2717 3155 δέ
2744 3104 2823 3165 είς
2854 3102 3145 3170 ἀσελγείας
3173 3105 3540 3170 ἐκδεδωκότας
3563 3109 3702 3163 Eam.

421 3194 687 3266 ruptioni,
724 3192 902 3246 tradet
934 3188 1195 3244 Dominus
1229 3186 1285 3240 iu
1338 3185 1519 3254 ignem
1558 3191 1820 3236 aeternum
1869 3195 1945 3235 cu:

2175 3209 2220 3254 i;
2259 3194 2324 3262 τῇ
2367 3191 2546 3262 φθορᾷ
2588 3190 2900 3261 παραδώσει
2941 3192 3144 3263 Κύριος
3185 3193 3262 3264 τῷ
3305 3196 3510 3268 αἰωνίῳ
3555 3195 3699 3269 πυρὶ

422 3285 639 3343 diabolo
674 3291 730 3338 et
761 3280 967 3349 angelis
1000 3279 1142 3347 ejus.

2029 3275 2072 3333 C
2109 3281 2248 3351 μετά
2281 3280 2373 3333 τοῦ
2407 3280 2656 3333 διαϐόλου
2681 3280 2774 3333 καὶ
2805 3278 2912 3332 τῶν
2941 3281 3188 3350 ἀγγέλων
3213 3284 3401 3339 αὐτοῦ.

499 3379 588 3434 12.
631 3374 817 3432 Gratia
846 3371 969 3426 Filii
1003 3369 1097 3425 Dei
1127 3383 1290 3438 super
1318 3364 1554 3421 mundos
1584 3362 1768 3420 corde.

2179 3371 2268 3425 12.
2303 3371 2367 3425 Ἢ
2390 3371 2549 3444 χάρις
2567 3371 2662 3426 τοῦ
2697 3370 2829 3425 Υἱοῦ
2849 3372 2945 3426 τοῦ
2976 3373 3112 3428 Θεοῦ
3145 3375 3240 3428 ἐπὶ
3261 3378 3390 3441 τοὺς
3414 3377 3695 3451 καθαροὺς

2105 3466 2172 3535 τῇ
2208 3463 2426 3536 καρδίᾳ..

506 3612 573 3667 Ἦ
605 3607 937 3682 προκειμένη
974 3600 1251 3674 ἐπιγραφὴ
1283 3599 1528 3673 περιέχει
1563 3598 1639 3670 (1)
1666 3615 1680 3628 ·
1728 3597 1870 3668 ’ῼδὴ
1913 3595 2316 3667 Ἀναϐαθμῶν,
2349 3597 2486 3667 ὅπερ
2514 3613 2876 3669 ερμηνευεται
2905 3597 3290 3674 ἐξομολόγησις
3319 3603 3429 3655 τῶν
3460 3604 3570 3658 ἀπὺ
3597 3607 3696 3659 τοῦ

424 3704 674 3775 πέμπτου
707 3696 916 3769 βαθμοῦ
953 3693 1099 3766 [ἀπὸ
1138 3690 1232 3744 τοῦ
1262 3691 1420 3743 ’ἐκτου
1457 3686 1667 3760 βαθμοῦ
1694 3687 1796 3758 τῆς
1821 3686 2074 3755 γνώσεως
2100 3687 2194 3740 τοῦ
2225 3689 2462 3759 Χριστοῦ
2491 3689 2751 3742 ἀνιέντων
2786 3689 2878 3742 ἐπὶ
2917 3689 3010 3743 τὸν
3041 3690 3266 3761 ἕϐδομον
3298 3691 3548 3766 βαθμὸν]
3595 3696 3698 3765 τῆς

423 3797 504 3859 είς
530 3790 764 3865 Χριστὸν
789 3787 1001 3849 ἐλπίδος
1033 3785 1289 3838 ἀνιέντων
1316 3783 1409 3836 ἐπὶ
1430 3782 1521 3834 τὸν
1552 3780 1711 3833 ἕκτον
1740 3779 1965 3851 βαθμὸν,
2001 3780 2279 3832 τουτέστιν
2312 3779 2698 3852 ἐξομολόγησις
2725 3779 2835 3836 τῶν
2870 3781 3009 3851 μετὰ
3035 3781 3094 3834 τὸ
3125 3782 3406 3853 βάπτισμα
3432 3787 3700 3853 ἐπιγινω-

428 3884 666 3940 σκόντων
697 3879 792 3950 τὴν
815 3877 1042 3947 δύναμιν
1065 3875 1156 3928 τοῦ
1185 3872 1420 3945 Χριστοῦ
1439 3890 1452 3901 ⁸
1481 3871 1543 3924 τὸ
1574 3871 1689 3937 πῶς
1713 3870 2170 3942 ἀντιλαμϐάνεται
2201 3871 2311 3924 τῶν
2342 3872 2703 3925 πιστευόντων
2729 3873 2809 3935 είς
2841 3873 3024 3938 αὐτὸν,
3055 3875 3150 3927 καὶ
3177 3877 3303 3939 τοὺς
3326 3876 3698 3942 ἀπειθοῦντας

427 3979 576 4050 αὐτῷ
610 3977 972 4049 παραδίδωσιν
998 3975 1078 4036 είς
1103 3972 1322 4025 κόλασιν
1360 3969 1600 4024 αίώνιον.

499 4093 720 4148 Titulus
757 4089 839 4162 (ἦ)
870 4088 1195 4160 praepositus
1243 4086 1487 4141 continet
1527 4101 1541 4138 :
1600 4083 1881 4140 Canticum
1919 4083 2216 4150 Graduum,
2260 4085 2405 4153 quod
2461 4085 2852 4155 interpretatur
2889 4086 3166 4144 confessio
3215 4091 3629 4149 ascendentium
3664 4112 3694 4150 a

429 4191 618 4261 quinto
644 4187 812 4260 gradu
839 4185 952 4255 spei
981 4186 1034 4237 in
1065 4181 1345 4237 Christum
1374 4180 1428 4234 in
1461 4188 1673 4235 sextum
1706 4179 1932 4249 gradum
1961 4178 2014 4250 [a
2045 4189 2200 4234 sexto
2231 4179 2400 4248 gradu
2428 4179 2764 4249 cognitionis
2791 4177 2997 4234 Christi
3043 4183 3460 4238 ascendentium
3496 4187 3551 4239 in
3600 4205 3694 4242 se-

429 4284 656 4353 ptimum
685 4276 958 4352 gradum],
992 4275 1095 4331 hoc
1122 4284 1206 4330 est
1229 4274 1506 4329 confessio
1533 4275 1948 4343 agnoscentium
1979 4282 2103 4344 post
2145 4274 2478 4344 baptismum
2509 4274 2716 4331 Christi
2766 4275 3022 4328 virtutem
3054 4289 3067 4325 :
3120 4273 3402 4342 quomodo
3449 4276 3692 4345 opitula-

429 4386 520 4430 tur
557 4371 905 4428 credentibus
928 4369 982 4423 in
1016 4383 1163 4433 eum,
1194 4379 1380 4423 etnon
1413 4368 1700 4424 credentes
1731 4368 1899 4422 tradit
1929 4369 1983 4422 in
2019 4369 2351 4439 supplicium
2380 4379 2670 4424 mternum.

506 4471 555 4525 1.
585 4469 640 4524 in
688 4479 928 4538 tempore
973 4465 1193 4535 quando
1236 4466 1504 4520 convertit
1531 4463 1798 4519 Dominus
1841 4463 2000 4520 Jesus

2180 4465 2232 4520 1.
2267 4465 2356 4517 Ἐν
2388 4463 2467 4534 τῷ
2500 4463 2676 4536 καιρῷ
2696 4463 2824 4516 ὅταν
2843 4462 3226 4535 ἐπέστρεψενὸ
3254 4461 3460 4535 Κύριος
3486 4464 3696 4536 Ἰησοῦς

433 4560 749 4616 servitutem
797 4555 980 4611 cordis
1030 4555 1229 4619 nostri,
1261 4570 1385 4609 cum
1440 4556 1814 4611 serviebamus
1867 4572 1957 4612 cor

2168 4572 2204 4627 ιν
2253 4554 2496 4607 δουλείαν
2541 4555 2642 4624 τῆς
2687 4553 2914 4622 καρδίας
2959 4553 3138 4625 ἡμῶν,
3179 4553 3310 4605 ὅταν
3363 4552 3692 4608 ἐϐουλεύσα-

431 4653 613 4707 trariis
655 4648 1031 4720 potestatibus.
1084 4643 1214 4700 Sion
1262 4647 1406 4701 enim
1447 4646 1837 4717 interpretatur
1885 4664 1955 4714 δρα

2171 4664 2212 4700 ιν
2236 4651 2253 4716 (
2259 4647 2311 4714 5)
2339 4649 2458 4710 ταῖς
2482 4647 2750 4708 ἐναντίαις
2772 4646 3052 4716 δυνάμεσι.
3080 4644 3234 4700 Σιὼν
3261 4645 3372 4716 γάρ
3395 4645 3695 4717 ἑρμηνεύε-

431 4744 574 4809 cula,
599 4742 743 4813 quod
769 4747 854 4795 est
877 4753 992 4794 cor.
1889 4761 1892 4764 «

1889 4761 1892 4764 «
2033 4731 2077 4786 D
2105 4756 2194 4792 ται
2228 4736 2690 4805 σκοπευτὴριον,
2718 4739 2856 4808 ὅπερ
2883 4737 3032 4790 ἐστὶν
3062 4739 3094 4808 ἠ
3119 4736 3336 4808 καρδία.

1387 4831 1695 4892 Addenda
1729 4839 1788 4892 et
1823 4832 2200 4912 corrigenda
2233 4848 2311 4891 ex
2365 4831 2503 4892 cod.
2535 4831 2737 4893 Vatic.
3209 4827 3217 4834 ’

502 4939 575 5010 (1)
613 4939 682 5010 N.
707 4935 760 5001 6,
786 4937 847 5010 7,_
865 4935 1169 5010 Comment.
1197 4951 1358 5010 unus,
1397 4934 1471 4986 Οὐ
1517 4935 1646 5010 γάρ,
1692 4945 1822 5002 om,
1868 4955 2001 4991 κατ-

2172 4936 2383 5010 ιότητος
2415 4933 2506 4986 ἐπὶ
2546 4935 2635 5010 τὸν
2667 4934 2894 5010 ἕϐδομον
2927 4933 3279 5010 βαθμδνκτὸν
3318 4933 3543 5010 μνήμην
3575 4949 3696 5010 γεν-

434 5004 764 5074 εξουσιάζειν
797 5007 894 5070 τὰς
921 5005 1165 5068 ἐναντίας
1192 5005 1448 5075 δυνάμεις
1480 5004 1608 5070 τῶν.
1643 5017 1744 5062 etc.
2101 5004 2282 5075 νῶντα
2301 5007 2414 5066 τοῖς
2436 5009 2676 5075 (πιστοῖς,
2711 5005 2804 5057 καὶ
2854 5004 3344 5074 παρασκευάζοντα
3382 5004 3581 5067 αὐτοὺς
3614 5004 3696 5056 δι-

1028 5057 1034 5059 7
1202 5057 1241 5150 '_
1263 5145 1274 5150 _
1428 5057 1446 5068 '
1498 5148 1509 5150 Α
1540 5145 1551 5150 _
1596 5057 1608 5070 ’
1651 5057 1744 5062 W—
1825 5148 1870 5150 Α
1923 5147 1970 5150 __
2102 5057 2356 5150 :q‘feiiegtt
2389 5057 2458 5150 τὰ
2487 5074 2616 5150 περ).
2637 5057 2745 5144 τῆς
2776 5057 3073 5150 γενομένης
3096 5057 3278 5150 αὐτοῖς
3308 5057 3695 5150 παραιτοῦ

504 5144 580 5216 (5)
619 5149 686 5201 Ν.
712 5144 798 5218 10.
827 5145 983 5210 Τούς,
1001 5152 1106 5202 etc.
1131 5146 1199 5199 N.
1221 5145 1305 5198 11.
1335 5145 1672 5218 Παραδώσει,
1699 5157 1804 5203 etc.
1824 5148 1890 5200 N.
1917 5147 2002 5212 12,

2171 5145 2336 5218 >ιστοῦ
2387 5144 2869 5218 ἀντιλήψεωςηκαὶ
2914 5144 3256 5218 παράκλησις
3307 5146 3450 5206 (leg.
3482 5146 3695 5196 videtur

441 5212 677 5294 Ἡξχαρά
705 5217 821 5294 τοῦ,
857 5227 959 5294 etc.
1149 5284 1205 5294 Δ.
1426 5212 1437 5218 ⁷
1538 5288 1549 5294 _
1661 5212 1665 5213 ί
1727 5287 1830 5294 ,μ’
1941 5287 1966 5294 _
2106 5212 2536 5294 παρακλήσεως)
2563 5212 2877 5294 ’ἀπολαϐεῖν
2894 5212 3091 5277 αὐτοὺς
3124 5212 3221 5284 τὴν
3252 5215 3524 5284 προτέραν
3554 5212 3694 5266 ἁπό-

505 5284 581 5358 (ῑ)
610 5284 674 5340 Ἦ
716 5287 804 5340 διὰ
854 5287 952 5358 τῆς
985 5284 1357 5358 κινναϐάρεως
1395 5288 1671 5358 περιέχειο
1727 5287 1848 5358 ᾩδγὴ
1899 5287 2007 5340 τῶν
2111 5284 2300 5358 λαυσιν
2327 5284 2420 5358 τοῦ
2452 5285 2803 5358 παραδείσου,
2852 5286 2988 5358 ἧνῌδ
3026 5285 3328 5358 προπάτωρ
3365 5284 3543 5354 Ἀδὰμ
3585 5284 3694 5339 ἀπ-

445 5354 816 5432 ξΛναϐαθμῶν,
834 5354 975 5432 ᾇπερ
987 5354 1340 5432 ἑρμηνεύεται
1358 5354 1739 5432 ἐξομολόγησις
1753 5354 1859 5432 τῶν
1882 5358 2009 5411 ἀνα-
2114 5355 2670 5432 ώλε-σενὲᾳάπατῃθεὶς
2704 5355 2810 5407 ὑπὸ
2839 5354 2934 5407 τοῦ
2963 5354 3230 5407 διαϐόλου.

433 5424 724 5482 ϐαινόντων
755 5427 862 5481 ἀπὸ
887 5424 980 5480 τοῦ
1007 5424 1164 5480 ἕκτου
1195 5426 1402 5497 βαθμοῦ
1437 5424 1537 5496 τῆς
1566 5424 1649 5491 εὶςί
1667 5428 1902 5499 Χριστὸν
1922 5445 2007 5481 τε-
2185 5427 2264 5496 (5)
2293 5424 2734 5495 Ἐδουλεύσαμεν.

509 5564 592 5635 (1-)
623 5564 680 5618 ln
720 5563 1073 5636 describenda
1120 5564 1483 5636 explicatione
1511 5565 1800 5621 titulorum
1850 5567 2186 5636 psalmorum
2236 5563 2506 5634 graduum
2554 5563 2949 5635 multipliciter,
2979 5576 3034 5621 et
3084 5582 3194 5621 non
3224 5582 3336 5620 uno
3367 5567 3424 5620 in
3454 5567 3578 5621 loco
3609 5580 3698 5620 cr-

435 5649 588 5706 rasse
625 5636 837 5690 videtur
873 5635 1149 5690 librarius.
1205 5635 1524 5706 Manifestus
1564 5638 1780 5705 quidem
1836 5635 1940 5691 hoc
1976 5639 2108 5706 loco
2142 5637 2340 5691 scribae
2371 5651 2528 5688 error
2554 5643 2641 5689 est
2697 5654 2710 5689 :
2763 5653 2886 5692 cum
2940 5639 3320 5706 interpretatio
3353 5637 3493 5691 tituli
3532 5637 3694 5704 hujus

437 5703 630 5777 psalmi
664 5706 851 5761 eadem
883 5718 1047 5776 atque
1075 5705 1162 5759 illa
1191 5705 1387 5774 psalmi
1434 5703 1803 5763 antecedentis
1834 5708 1923 5763 sit.
1957 5705 2247 5774 Quomodo
2283 5715 2463 5762 autem
2499 5720 2674 5776 pauca
2706 5706 2968 5765 mutando
2990 5703 3349 5784 corrigercm.
3383 5708 3455 5763 ad
3483 5703 3689 5777 margi-
