3860 6220
154 373 311 432 1235

232 489 290 546 2.
319 489 688 562 Ἐγενήθημεν
714 492 845 546 ὡσεὶ
879 496 1382 568 παρακεκλημένοι.

234 582 290 639 '6.
333 581 466 637 Τότε
503 584 747 655 ἐπλήσθη
778 587 953 658 χαρᾶς
985 586 1047 640 τὸ
1077 588 1252 659 στόμα
1281 592 1465 661 ήμῶν,

236 673 293 727 4.
334 673 444 726 Καὶ
473 675 505 744 ή
532 673 753 742 γλῶσσα
785 673 939 746 ήμῶν
973 676 1366 744 ἀγαλλιάσεως.

235 763 291 820 5.
335 764 469 818 Τότε
498 764 716 837 ἐροῦσιν
745 767 803 819 ἐν
836 769 948 831 τοῖς
979 767 1220 824 ἔθνεσιν·

239 856 292 912 6.
321 858 654 929 Ἐμεγάλυνε
684 858 888 932 Κύριος
914 860 1007 914 τοῦ
1040 863 1264 934 ποιῆσαι
1292 866 1410 934 μετ’
1439 865 1642 920 αὐτῶν.

239 949 294 1004 7.
323 951 654 1022 Ἐμεγάλυνε
682 952 888 1025 Κύριος
914 953 1008 1008 τοῦ
1039 957 1264 1027 ποιῆσαι
1295 957 1414 1028 μεθ’
1443 959 1601 1029 ἡμῶν
1637 974 1650 987 ·

241 1041 298 1096 8.
326 1041 591 1115 Ἐγενήθη
601 1061 700 1114 μεν
732 1044 1174 1116 εὐφραινόμενοι.

237 1133 292 1189 9.
322 1135 700 1207 Ἐπίστρεψον,
727 1137 922 1208 Κύριε,
954 1137 1052 1210 τὴν
1081 1139 1464 1211 αἰχμαλωσίαν
1483 1141 1663 1212 ἡμῶν,

239 1225 331 1282 10.
357 1226 443 1290 Ὠς
467 1227 800 1298 χειμάρρους
824 1230 882 1281 ἐν
906 1226 983 1298 τῷ
1004 1227 1161 1301 νότῳ.

1098 377 1193 433 DE
1239 377 1522 439 TlTELlS
1552 383 2003 442 PSALMORUM.
2047 416 2118 426 —
2151 385 2345 442 PSAL.
2380 385 2594 445 CXXV.

3232 392 3442 464 ,ΕΜ

1785 512 1834 567 Α
1928 506 1983 560 2.
2020 503 2171 561 Facti
2204 522 2398 562 sumus
2424 506 2568 562 sicut
2594 508 2888 563 consolati.

1926 598 1980 654 5.
2014 599 2172 654 Tunc
2202 599 2470 668 repletum
2502 612 2589 658 est
2623 602 2826 672 gaudio
2856 616 2919 656 os
2945 609 3215 668 nostrum,

1929 688 1981 744 4.
2009 686 2074 743 Et
2111 689 2296 761 lingua
2332 700 2522 747 nostra
2546 691 2927 746 exsultatione.

1931 779 1985 833 5.
2022 778 2179 836 Tunc
2205 781 2392 837 dicent
2422 783 2566 839 inter
2602 792 2789 853 gentes
2819 802 2832 836 :

1931 869 1985 924 6.
2022 869 2392 942 Magnilicavit
2421 871 2686 929 Dominus
2715 873 2893 929 facere
2916 889 3039 930 cum
3069 873 3170 951 eis.

1937 958 1991 1016 'l.
2019 959 2392 1032 Magniﬁcavit
2419 963 2683 1022 Dominus
2712 964 2891 1022 facere
2919 967 3206 1023 nobiscum
3233 987 3247 1023 :

1939 1052 1994 1108 8.
2028 1051 2180 1109 Facti
2214 1071 2407 1111 sumus
2440 1057 2706 1113 laetantes.

1939 1145 1994 1201 9.
2030 1146 2322 1213 Converte,
2355 1149 2604 1215 Domine,
2639 1152 3006 1221 captivitatem
3037 1160 3304 1221 nostram,

1937 1238 2026 1294 10.
2061 1238 2215 1296 Sicut
2257 1251 2471 1298 torrens
2507 1243 2561 1297 in
2600 1252 2808 1299 austro.

1309 1367 1690 1424 ATHANASII
1731 1370 2320 1437 INTERPRETATIO.

234 1475 294 1531 2.
325 1476 654 1547 Ἐγενόμεθα
687 1477 764 1542 ὡς
791 1476 869 1550 (Ι)
895 1478 1208 1534 ἀνάπαυσιν
1228 1497 1240 1512 ·
1273 1479 1336 1536 '0
1367 1483 1477 1553 γὰρ
1498 1498 1769 1551 παρακα-

158 1565 296 1622 λῶν
321 1567 464 1633 τοὺς
491 1568 812 1634 ταπεινοὺς
847 1569 1268 1638 παρεκάλεσεν
1297 1571 1456 1640 ἡμᾶς
1491 1575 1660 1641 Θεός.

239 1657 296 1713 3.
330 1657 464 1710 Τότε
503 1655 854 1728 ἐπλήσθημεν
885 1657 1206 1729 Ηνεύματος
1235 1660 1390 1728 ἁγίου
1411 1676 1426 1694 ο

240 1748 294 1802 ι.
328 1748 440 1801 Καὶ
464 1747 749 1818 ἠρξάμεθα
768 1749 950 1803 λαλεῖν
969 1749 1185 1814 ἑαυτοῖς
1204 1751 1280 1821 (2)
1301 1740 1370 1804 ἐν
1388 1753 1652 1823 ψαλμοῖς
1668 1753 1765 1808 καὶ

1936 1491 1991 1546 2.
2023 1491 2174 1547 Facti
2208 1508 2400 1548 sumus
2435 1493 2604 1547 veluti
2635 1492 2690 1545 in
2730 1493 2958 1561 requie:
3003 1490 3108 1556 Qui
3156 1490 3296 1544 enim
3323 1506 3449 1544 con-

1865 1583 2072 1638 solatur
2105 1584 2356 1650 Immites,
2391 1584 2692 1638 consolatus
2724 1593 2801 1638 est
2830 1599 2922 1636 nos
2950 1581 3091 1636 Deus
3115 1581 3180 1638 ".

1933 1675 1986 1730 5.
2013 1673 2170 1729 Tunc
2201 1676 2391 1744 repleti
2416 1691 2608 1730 sumus
2644 1674 2856 1745 Spiritu
2890 1683 3082 1729 sancto
3114 1693 3127 1728 :

1931 1765 1985 1819 4.
2037 1765 2100 1819 Ει
2135 1767 2404 1836 coepimus
2458 1766 2870 1836 nobismetipsis
2912 1766 3062 1835 loqui
3109 1765 3165 1817 in
3199 1763 3444 1833 psalmis,

161 1839 404 1909 ὕμνοις,
422 1839 520 1892 καὶ
542 1838 722 1906 ᾠδαῖς
736 1841 1164 1910 πνευματικαῖς
1177 1839 1447 1909 ᾄδοντες,
1475 1843 1573 1896 καὶ
1597 1843 1760 1912 ψάλ-

1882 1866 1910 1910 at
1943 1857 2187 1928 hymnis,
2244 1867 2294 1912 et
2339 1859 2564 1911 canticis
2604 1857 2978 1928 spiritualibus
3027 1865 3345 1922 cantantes,
3393 1863 3446 1910 et

160 1934 386 1996 λον-τες
414 1932 485 1985 ἐν
509 1931 641 1996 ταῖς
679 1931 948 2000 καρδίαις
971 1932 1140 2002 ἡμῶν
1166 1933 1247 1998 τῷ
1273 1934 1515 2004 ὀνόματι
1543 1935 1751 1989 αὐτοῦ.

239 2021 296 2086 5,
335 2021 388 2078 6.
425 2023 502 2090 ('5)
537 2023 670 2076 Τότε
699 2023 887 2092 ἔλεγον
914 2025 970 2077 αἱ
997 2025 1236 2078 ἐναντίαι
1259 2025 1516 2096 δυνάμεις
1535 2042 1548 2056 ⁸
1590 2025 1755 2080 Εὐδό-

162 2131 344 2185 κησεν
373 2115 402 2167 ό
439 2114 567 2178 Υἱὸς
598 2115 693 2168 τοῦ
719 2115 855 2170 Θεοῦ
889 2116 984 2170 τοῦ
1017 2116 1190 2172 σῶσαι
1215 2118 1434 2182 αὐτούς.

241 2203 294 2259 7.
326 2205 512 2275 Ἡμεῖς
544 2205 600 2258 δὲ
627 2206 787 2261 πάλιν
817 2206 1163 2278 καυχώμενοι
1189 2210 1246 2263 ἐν
1277 2211 1468 2282 Κυρίῳ
1500 2209 1753 2282 λέγομενο

163 2294 464 2350 Ἧπλωσεν
487 2298 580 2350 ἐπὶ
609 2297 838 2362 πάντας,
871 2299 965 2351 καὶ
999 2301 1079 2362 εἰς
1105 2300 1253 2370 ἡμᾶς
1280 2300 1342 2353 τὸ
1381 2301 1530 2366 ἕλεος
1564 2301 1752 2356 αὐτοῦ.

241 2473 298 2526 8.
341 2471 665 2544 Εὑρέθημεν
693 2475 1026 2546 πλησθέντες
1053 2495 1121 2549 τῃ
1150 2495 1333 2552 χαριτι
1373 2481 1450 2550 (4)
1481 2480 1668 2537 αὐτοῦ.

240 2563 296 2626 9,
333 2562 420 2617 10.
454 2565 510 2617 Ὁ
538 2566 871 2638 χειμάρρους
895 2562 1071 2636 οὗτος,
1117 2573 1244 2642 περὶ
1277 2565 1338 2625 οὗ
1366 2573 1516 2642 λέγει
1559 2574 1586 2626 6
1616 2575 1758 2645 Προ-

164 2655 370 2725 φήτης,
401 2655 458 2707 ἐν
502 2655 580 2724 τῷ
623 2657 761 2728 νότῳ
804 2659 951 2712 ἐστὶν
993 2661 1050 2713 ἐν
1095 2664 1162 2732 τῇ
1198 2660 1617 2735 Ῥινοκουρούρᾳ
1655 2665 1755 2736 (5),

161 2749 293 2820 ἥτις
326 2749 474 2802 ἐστὶν
505 2750 660 2821 ἀρχὴν
695 2753 793 2820 τῆς
822 2753 1101 2822 Αἰγύπτου
1122 2773 1136 2783 ο
1167 2756 1250 2809 διὸ
1273 2759 1366 2810 καὶ
1402 2760 1431 2811 ὁ
1462 2759 1758 2831 Προφήτης

163 2839 419 2911 εἴρηκεν,
451 2841 532 2907 ὡς
577 2845 610 2896 ό
655 2843 1009 2914 χειμάρρους
1046 2847 1116 2900 ἐν
1156 2847 1236 2912 τῷ
1263 2851 1431 2912 νότῳ.
1465 2850 1636 2904 Τοῦτο
1664 2847 1759 2906 οὖν

167 2929 578 3002 μεμαθήκαμεν
640 2933 790 3005 παρὰ
829 2936 1109 3000 πλειόνων,
1147 2938 1338 3010 ὅτιπερ
1365 2941 1414 2992 οἱ
1453 2941 1761 3013 Σαρακηνοὶ

165 3024 509 3095 κατήρχοντο
541 3026 620 3088 είς
652 3025 750 3096 τὴν
783 3027 1251 3100 Ῥινοκουρούραν,
1283 3030 1315 3100 ἢ
1356 3029 1474 3103 [ὡς]
1510 3033 1603 3085 καὶ
1625 3049 1759 3086 κατ-

163 3115 423 3185 έρχονται
473 3115 632 3186 μέχρι
680 3115 774 3169 τοῦ
838 3117 968 3182 νῦν,
1018 3120 1112 3173 καὶ
1166 3120 1512 3174 παιδεύουσιν
1570 3122 1760 3196 ὥσπερ

1858 1949 2142 2019 psallentes
2175 1951 2232 2003 in
2254 1951 2501 2005 cordibus
2524 1954 2720 2004 nostris
2753 1951 2953 2002 nomini
2982 1951 3094 2015 eius
3117 1950 3184 2002 ⁷⁵.

1927 2041 1980 2105 5,
2015 2041 2069 2094 6.
2102 2039 2258 2096 Tunc
2290 2041 2548 2096 dixerunt
2583 2041 2872 2096 contrariae
2905 2048 3201 2104 potestates
3232 2057 3244 2093 :
3283 2036 3449 2093 Com-

1855 2129 2065 2200 placuit
2101 2128 2242 2183 Filio
2274 2127 2369 2184 Dei
2401 2131 2552 2200 ipsos
2583 2130 2764 2184 salvos
2795 2129 2997 2184 facere.

1933 2220 1988 2274 7.
2022 2219 2133 2276 Nos
2162 2229 2344 2276 autem
2376 2235 2570 2280 rursus
2615 2220 2914 2290 gloriantes
2949 2220 3004 2274 in
3038 2218 3272 2272 Domino
3310 2218 3450 2273 dici-

1856 2327 2020 2366 mus:
2075 2313 2346 2382 Expandit
2391 2327 2556 2383 super
2593 2327 2806 2378 omnes,
2847 2320 2903 2366 et
2941 2325 3106 2380 super
3148 2327 3251 2366 nos
3288 2311 3450 2366 mise-

1856 2407 2148 2462 ricordiam
2184 2423 2362 2462 suam.

1927 2497 1982 2554 8.
2011 2497 2218 2554 Inventi
2253 2514 2444 2554 sumus
2477 2498 2665 2569 repleti
2696 2498 2867 2570 gratia
2894 2497 3091 2568 ipsius.

1929 2591 1987 2654 9,
2024 2592 2112 2646 10.
2155 2589 2393 2647 Torrens
2444 2592 2567 2658 iste,
2618 2591 2685 2646 de
2717 2605 2827 2662 quo
2879 2590 3122 2660 loquitur
3155 2587 3450 2659 Propheta,

1857 2693 1941 2740 est
1969 2685 2022 2738 in
2061 2693 2214 2754 parte
2246 2685 2476 2738 australi
2501 2685 2556 2738 in
2592 2683 2997 2748 Rhinocerura,
3026 2697 3149 2751 quae
3181 2689 3266 2735 est
3299 2681 3452 2750 prin-

1857 2776 2059 2846 cipium
2096 2775 2350 2846 Egypti;
2393 2776 2514 2830 ideo
2557 2787 2610 2830 et
2640 2775 2914 2846 Propheta
2946 2775 3105 2839 dixit,
3139 2760 3300 2828 veluti
3336 2781 3449 2825 tor-

1860 2883 1980 2921 rens
2028 2868 2086 2920 in
2142 2878 2349 2922 austro.
2389 2867 2503 2922 Hoc
2550 2868 2696 2922 enim
2743 2868 3040 2924 didicimus
3085 2881 3118 2920 a
3174 2864 3448 2936 pluribus,

1861 2960 2009 3030 quod
2049 2957 2308 3014 Saraceni
2367 2961 2731 3016 deveniebant
2775 2961 2829 3015 in
2879 2959 3354 3022 Rhinoccruram,
3389 2966 3453 3012 ut

1861 3055 2162 3108 etiamnum
2195 3053 2442 3119 veniunt,
2473 3062 2526 3107 et
2560 3052 2962 3122 depOpulantur
2997 3065 3341 3121 quaecunque
3369 3049 3452 3102 in-

1871 3146 2120 3212 veniunt,
2149 3153 2205 3200 et
2236 3153 2587 3201 revertuntur
2615 3145 2667 3199 in
2701 3146 2819 3198 loca
2851 3160 2970 3200 sua.
3002 3143 3240 3198 Torrens
3269 3150 3451 3198 autem

165 3203 503 3280 [πορθοῦσιν
553 3209 723 3282 ὅπερ]
779 3211 1125 3282 εὑρίσκουσι,
1174 3213 1270 3265 καὶ
1320 3214 1636 3285 ἀνέρχονται
1688 3220 1767 3285 είς

1882 3239 1994 3305 iste,
2027 3238 2095 3293 de
2143 3252 2254 3308 quo
2306 3238 2551 3308 loquitur
2588 3237 2894 3307 Propheta,
2945 3251 3010 3290 ex
3051 3234 3450 3290 Saracenorum

163 3301 297 3362 τοὺς
335 3299 538 3363 τόπους
585 3300 787 3355 αὐτῶν.
807 3303 864 3354 Ὀ
895 3302 951 3354 δὲ
981 3303 1316 3375 χειμάρρους
1339 3299 1515 3372 οὗτος,
1551 3307 1679 3377 περὶ
1706 3303 1767 3360 οὗ

165 3382 327 3440 εἶπεν
358 3389 387 3440 6
419 3389 737 3459 Προφήτης,
784 3391 849 3443 ἐκ
874 3390 983 3443 τῶν
1030 3393 1368 3463 Σαρακηνῶν
1403 3393 1728 3465 κατέρχεται
1751 3413 1766 3427 ο

167 3481 318 3533 κατὰ
347 3478 602 3551 βούλησιν
626 3477 718 3533 οὖν
740 3481 900 3546 Θεοῦ,
931 3483 1094 3553 ἡνίκα
1117 3484 1342 3553 γένηται
1371 3484 1522 3548 ὑετὸς
1547 3484 1767 3556 λάϐρος,

169 3571 436 3643 πληθύνει
469 3575 497 3626 6
521 3575 1029 3646 χειμάρρους,ὥστε
1057 3575 1421 3646 κατέρχεσθαι
1448 3577 1610 3629 αὐτὸν
1637 3593 1768 3646 σφο-

167 3662 338 3735 δρῶς,
367 3661 713 3732 λαμϐάνοντα
751 3663 850 3727 τὰς
896 3663 1102 3734 σκηνὰς
1153 3664 1262 3719 τῶν
1295 3665 1644 3736 Σαρακηνῶν,
1673 3666 1770 3720 καὶ

169 3756 373 3820 αὐτοὺς
414 3756 471 3809 δὲ
503 3756 817 3819 ἀπόλλυσιν,
856 3755 998 3826 άπερ
1040 3756 1097 3808 δὲ
1129 3755 1434 3827 διήρπασαν
1460 3756 1640 3809 λαϐὼν
1675 3755 1770 3824 φέ-

175 3863 264 3920 ρει
299 3849 380 3909 εἰς
409 3847 508 3916 τὴν
551 3846 1024 3917 Ῥινοκουρούροιν,
1054 3847 1174 3898 ὅθεν
1197 3847 1292 3899 καὶ
1325 3845 1640 3916 ἐλήφθησαν
1661 3847 1770 3899 ἀπὸ

169 3941 284 3996 τῶν
311 3941 646 4012 Σαρακηνῶν
677 3942 738 3994 τὸ
769 3942 1036 4012 πρότερον
1059 3957 1072 3970 ·
1113 3941 1207 3992 καὶ
1239 3941 1398 4010 ἡμεῖς
1429 3940 1507 4004 δέ,
1542 3939 1770 4010 γενόμε-

172 4049 256 4088 νοι
301 4036 359 4087 ἐν
406 4035 544 4105 αὐτῇ
577 4037 644 4105 τῇ
687 4033 860 4095 πόλει,
893 4032 1236 4102 ἐθεασάμεθα
1279 4033 1369 4086 τὸν
1411 4033 1766 4104 χειμάρρουν.

171 4127 347 4182 Τοῦτο
387 4123 480 4182 οὖν
512 4129 665 4180 ἐστιν
710 4127 739 4180 ὃ
783 4127 930 4193 λέγει
975 4127 1003 4178 ὁ
1033 4127 1329 4196 Προφήτης
1367 4125 1432 4177 ἐκ
1477 4124 1768 4196 προσώπου

171 4221 284 4276 τῶν
310 4219 748 4274 πεπιστευκότων
765 4235 777 4249 ·
811 4218 914 4281 ὅτι,
940 4216 1129 4288 ὥσπερ
1153 4218 1360 4280 ἐκεῖνος
1385 4218 1413 4268 6
1435 4215 1771 4287 χειμάρρους

172 4313 305 4376 τοὺς
344 4313 442 4384 μὲν
470 4311 970 4383 αίχμαλωτίζοντας
1006 4309 1286 4372 ἀπόλλυσι,
1317 4308 1385 4361 τὰ
1415 4309 1471 4361 δὲ
1496 4307 1770 4379 ληφθέντα

175 4403 310 4474 παρ’
343 4401 521 4456 αὐτῶν
549 4401 720 4454 σκῦλα
753 4399 1204 4468 ἀποκαθίστησιν,
1231 4397 1288 4462 ἐξ
1319 4390 1392 4449 ὧν
1418 4397 1512 4450 καὶ
1537 4396 1772 4467 ἐλήφθη-

178 4511 304 4557 σαν,
334 4493 478 4547 οὕτω
504 4494 728 4564 ποίησον
765 4491 860 4544 καὶ
888 4490 1072 4553 αὐτὸς,
1127 4489 1222 4542 καὶ
1248 4487 1349 4552 τὰς
1385 4488 1483 4559 μὲν
1517 4488 1769 4550 ἐναντίας

175 4586 437 4656 δυνάμεις
467 4585 566 4648 τὰς
609 4582 1092 4654 αἰχμαλωτισάσας
1140 4581 1288 4650 ἡμᾶς
1334 4579 1644 4633 θανάτωσον
1690 4579 1768 4650 τῷ
1801 4568 1848 4625 Ι)

180 4677 334 4732 ὕδατι
363 4675 458 4730 τοῦ
494 4675 889 4746 βαπτίσματος,
918 4673 984 4726 δι’
1011 4671 1176 4725 αὑτοῦ
1201 4672 1258 4725 δὲ
1284 4670 1378 4724 τοῦ
1413 4671 1603 4734 ὓδατος
1630 4671 1766 4724 ἁπό-

177 4769 270 4832 δος
302 4771 431 4840 ήμῖν
463 4769 560 4838 τὴν
586 4767 744 4833 δόξαν
775 4765 869 4819 καὶ
889 4765 988 4834 τὴν
1014 4763 1348 4833 ἐλευθερίαν,
1381 4763 1446 4834 ἦν
1476 4762 1768 4831 ἀφείλαντο

179 4862 315 4932 ἡμῖν
345 4861 402 4913 αἱ
438 4859 531 4912 τοῦ
573 4857 769 4930 ἐχθροῦ
794 4857 1072 4927 δυνάμεις.
1108 4853 1256 4922 Αὕτη
1301 4847 1392 4907 οὖν
1440 4855 1474 4923 ἡ
1516 4853 1768 4925 διήγησις

179 4950 291 5006 τοῦ
325 4949 668 5019 χειμάρρου,
711 4949 804 5002 καὶ
837 4947 974 5019 αὕτη
1003 4947 1036 5016 ἡ
1075 4945 1225 5000 αἰτία
1249 4944 1341 4999 τοῦ
1370 4945 1650 5018 εἰρηκέναι
1677 4947 1767 5000 τὸν

183 5042 500 5113 Προφήτην.

253 5154 304 5187 ’⁸
337 5152 381 5207 ll
410 5152 536 5208 Cor.
575 5167 650 5206 vn
703 5149 756 5206 6.
837 5151 884 5182 "
907 5147 1107 5219 Ephes.
1140 5164 1194 5216 ν,
1227 5150 1281 5204 4.

1873 3339 2016 3384 terra
2043 3331 2311 3400 originem
2343 3330 2546 3384 habet:
2583 3329 2880 3383 secundum
2932 3329 3097 3399 igitur
3126 3327 3222 3382 Dei
3263 3327 3454 3381 volun-

1872 3431 2061 3489 tatem,
2096 3437 2220 3476 cum
2257 3422 2514 3491 copiosus
2550 3421 2724 3474 imber
2757 3421 2921 3485 cadit,
2947 3420 3082 3475 adeo
3116 3420 3312 3475 crescit
3343 3428 3455 3472 tor-

1873 3528 2020 3575 rens,
2049 3519 2111 3565 ut
2144 3512 2496 3565 vehementer
2530 3525 2588 3565 se
2627 3510 2822 3564 inferat
2873 3513 3095 3564 trahens
3131 3523 3315 3564 secum
3367 3517 3452 3561 ta-

1872 3603 2170 3658 bernacula
2209 3602 2632 3669 Saracenorum,
2684 3610 2739 3657 ct
2783 3603 2930 3672 ipsos
2979 3600 3449 3683 quidetnopert‘lit,

1871 3711 2216 3768 quaecunque
2246 3703 2427 3748 autem
2466 3699 2791 3763 rapuerunt,
2847 3694 3121 3762 accipiens
3173 3693 3277 3746 fert
3319 3691 3455 3747 Rhi-

1874 3801 2222 3851 noceruram,
2266 3785 2409 3838 unde
2443 3792 2496 3837 et
2520 3791 2678 3837 antea
2709 3792 2867 3853 capta
2916 3781 3140 3837 fuerunt
3166 3798 3196 3836 a
3227 3781 3457 3837 Sarace-

1871 3879 2000 3932 nis:
2045 3887 2099 3931 et
2153 3892 2254 3932 nos
2301 3876 2519 3946 quidem
2574 3889 2700 3930 cum
2749 3891 2995 3931 essemus
3047 3875 3101 3929 in
3138 3891 3200 3930 ea
3236 3875 3455 3933 civitate

1870 3969 2114 4023 vidimus
2140 3976 2464 4022 torrentem.
2492 3964 2607 4021 lloc
2641 3967 2804 4036 igitur
2830 3975 2932 4031 est,
2966 3968 3112 4037 quod
3149 3968 3281 4021 dicit
3313 3966 3453 4023 Pro-

1873 4065 2030 4130 pheta
2066 4076 2134 4115 ex
2185 4076 2416 4130 persona
2457 4061 2837 4115 credentium:
2896 4059 3042 4130 quod
3097 4060 3453 4129 qttemadmo-

1871 4154 2000 4208 dum
2040 4153 2130 4207 ille
2163 4161 2380 4207 torrens
2409 4166 2527 4216 eos,
2564 4151 2656 4221 qui
2690 4152 2828 4206 alios
2861 4151 2913 4205 in
2953 4134 3320 4220 captivitatem
3353 4151 3454 4204 ah-

1873 4246 2176 4311 duxerunt,
2211 4245 2406 4314 perdit,
2439 4253 2594 4315 capta
2645 4253 2826 4299 autem
2870 4245 2939 4299 ab
2990 4245 3124 4314 ipsis
3159 4245 3329 4313 spolia
3369 4257 3456 4299 re-

1875 4341 2056 4396 stituit
2084 4339 2184 4405 eis,
2220 4339 2421 4409 quibus
2449 4349 2502 4394 et
2527 4349 2712 4409 erepta
2745 4337 2992 4401 fuerant;
3022 4340 3092 4392 ita
3119 4337 3204 4394 fac
3232 4349 3284 4392 et
3314 4337 3447 4406 ipse,

1874 4443 1930 4486 et
1953 4431 2259 4487 contrarias
2288 4439 2606 4502 potestates,
2638 4429 2731 4500 qui
2764 4432 3005 4500 captivos
3029 4446 3130 4484 nos
3155 4431 3449 4496 duxerunt,

1875 4521 2125 4576 interﬁce
2159 4537 2303 4591 aqua
2353 4521 2634 4589 baptismi,
2677 4521 2864 4574 eadem
2899 4528 3078 4573 autem
3111 4533 3253 4588 aqua
3291 4517 3455 4572 redde

1875 4614 2035 4669 nobis
2084 4613 2337 4685 gloriam,
2369 4623 2425 4668 et
2470 4613 2800 4675 libertatem,
2833 4628 2997 4682 quam
3029 4613 3190 4666 nobis
3237 4610 3454 4680 eripue-

1876 4715 2007 4760 runt
2044 4713 2340 4780 potestates
2388 4704 2617 4759 inimici.
2673 4702 2799 4759 Haec
2841 4704 3008 4775 igitur
3035 4713 3118 4758 est
3165 4701 3455 4772 explicatio

1876 4795 2132 4851 dictionis
2182 4797 2332 4850 illius
2362 4837 2376 4859 ,
2415 4797 2556 4850 sicut
2610 4805 2836 4862 torrens,
2867 4805 2922 4852 ct
2953 4798 3068 4852 haec
3116 4810 3305 4863 causa,
3354 4807 3456 4851 cur

1873 4886 2144 4960 Propheta
2171 4888 2288 4959 ejus
2321 4888 2649 4944 meminerit.

1142 5265 1452 5326 Addenda
1485 5273 1546 5328 et
1579 5264 1960 5345 corrigenda
2005 5281 2083 5325 ex
2118 5262 2259 5326 cod.
2292 5264 2497 5326 Vatic.

362 5369 820 5452 ,Εἰς-ἀνάπαυσιν,
848 5377 978 5434 etc.,
1009 5369 1037 5422 6
1065 5366 1216 5431 Θεός.

279 5441 334 5504 2)
362 5441 449 5495 Ἐν
475 5442 709 5504 ἑαυτοῖς.

257 5443 313 5512 (2
362 5443 449 5495 Ἐν
475 5443 709 5504 ἑαυτοῖς.

257 5443 334 5584 (5;
372 5513 440 5566 N.
475 5512 529 5576 5,
553 5512 708 5576 Τότε,
726 5508 964 5575 θιο.,τοῦ
981 5509 1150 5564 deest.
1177 5507 1246 5562 N.
1265 5505 1319 5574 6,
1335 5506 1388 5572 7,
1407 5507 1619 5580 Ἡμεῖς,
1637 5514 1766 5572 etc.,

1869 5367 1929 5420 ἐν
1957 5364 2034 5439 τῷ
2063 5363 2273 5439 Eppia),
2305 5373 2433 5429 etc.,
2462 5367 2541 5428 εἰς
2573 5364 2781 5430 πάντας
2806 5367 2974 5439 ἡμᾶς,
3003 5373 3110 5420 etc.

1943 5438 2022 5505 (4)
2062 5435 2174 5505 Τῆς
2198 5435 2436 5504 χάριτος,
2465 5445 2570 5489 etc.

1944 5441 1998 5500 (4
2062 5441 2174 5505 Τῆς
2198 5441 2436 5504 χάριτος,
2465 5445 2570 5489 etc.

1944 5441 2139 5578 (ὃςξἙν
2176 5506 2242 5576 τῇ
2278 5505 2615 5578 Ῥινοκούρᾳ,
2657 5515 2786 5571 etc.,
2816 5505 2892 5571 ὡς
2923 5506 3280 5579 χειμάρρους,
3324 5511 3454 5568 etc.,

188 5640 316 5683 nem
368 5623 633 5694 ascripsi;
680 5633 828 5679 recte
857 5634 1064 5694 autem,
1118 5637 1187 5694 an
1230 5637 1392 5678 secus
1440 5621 1658 5690 benigni
1700 5619 1922 5676 lectoris
1963 5619 2173 5691 judicio
2216 5619 2544 5694 relinquam.
2579 5618 2768 5688 Neque
2816 5621 2963 5694 enim
3015 5621 3148 5674 mihi
3196 5633 3320 5690 spes
3353 5632 3454 5684 est,

190 5695 377 5753 omnia
414 5695 480 5748 ad
511 5689 716 5749 rectam
749 5702 802 5748 et
834 5703 1021 5748 veram
1053 5693 1345 5764 lectionem
1390 5689 1649 5764 revocare
1679 5706 1861 5759 posse.
1894 5689 2096 5764 etquae
2127 5699 2352 5746 sanctus
2405 5689 2596 5745 doctor
2635 5691 2875 5761 scripsit,
2910 5702 2964 5746 et
3007 5707 3154 5746 nunc
3182 5689 3372 5746 manca
3404 5703 3456 5746 ct

192 5766 385 5821 mutila
415 5781 480 5820 ac
511 5771 770 5834 corrupta
798 5764 1073 5834 leguntur,
1103 5763 1157 5819 in
1188 5763 1457 5833 integrum
1487 5762 1796 5817 restituere.
