3860 6220
425 332 566 398 1955
1275 332 1330 386 S.
1373 331 1751 386 ATHANASII
1790 330 1941 386 OPP.

2207 330 2293 385 Ill.
2331 360 2402 371 —
2440 328 2851 387 EXEGETICA.
3342 338 3345 341 ’
3545 333 3697 388 1236

498 449 585 500 11.
639 445 743 512 Qui
799 446 1072 507 seminam
1107 446 1161 500 in
1212 446 1499 519 lacrymis,
1549 448 1603 501 in
1637 448 2001 503 exsultatione

2178 446 2263 498 11.
2305 448 2366 498 Οἱ
2400 447 2717 517 σπείροντες
2746 449 2802 501 ἐν
2839 448 3101 519 δάκρυσιν
3141 448 3201 503 ἐν
3235 449 3564 518 ἀγαλλιάσει
3601 454 3700 507 θε-

422 550 648 606 nictent.

2102 537 2292 611 ριοῦσι.

495 633 583 686 12.
616 631 821 687 Euntes
849 632 1017 698 ibant,
1053 641 1106 686 et
1134 631 1334 687 ﬂebant

2171 632 2257 686 12.
2301 631 2665 703 Πορευόμενοι
2696 632 3039 704 ἐπορεύοντο,
3074 635 3169 688 καὶ
3198 634 3414 689 ἔκλαιον

496 724 582 777 15.
619 722 893 780 Mittentes
922 724 1130 779 semina
1166 741 1285 779 sua.

2172 724 2259 777 15.
2302 725 2598 788 Βάλλοντες
2631 725 2697 778 τὰ
2723 726 3011 797 σπέρματα
3034 727 3232 782 αὐτῶν.

496 814 583 867 14.
618 812 908 867 Venientes
938 822 1119 867 autem
1150 815 1369 868 venient
1399 828 1526 869 cum
1560 815 1945 883 exsultatione,

1894 831 1945 883 θ,
2168 812 2255 865 14.
2286 813 2603 884 Ἐρχόμενοι
2644 814 2700 867 δὲ
2732 815 2955 883 ἥξουσιν
2992 818 3050 867 ὲν
3076 815 3418 883 ἀγαλλιάσει,

494 908 585 961 lii.
622 905 913 968 Portantes
942 908 1250 977 manipulos
1286 923 1439 963 suos.

2176 902 2265 957 15.
2307 904 2566 974 Αῑροντες
2598 904 2667 957 τὰ
2692 904 2978 975 δράγματα
3008 906 3203 958 αὐτῶν.

480 1021 760 1075 Canticum
792 1019 1067 1075 Craduum
1096 1021 1418 1079 Salomonis.
1450 1024 1659 1079 PSAL.
1684 1021 1945 1081 CXXVI.

2342 1020 2480 1091 ’ῼδὴ
2511 1020 2630 1074 τῶν
2667 1021 3037 1090 Ἄναϐαθμῶν
3068 1020 3147 1085 τῷ
3169 1018 3471 1090 Σολομὼν.

2662 1116 2837 1169 ΨΑΑ.
2864 1118 3052 1181 PKq'.

496 1195 545 1248 1.
575 1194 691 1250 Nisi
726 1196 988 1251 Dominus
1022 1198 1371 1254 aediﬁcaverit
1398 1202 1659 1257 domum:

2174 1205 2226 1259 1.
2274 1205 2399 1258 Ἐάν
2432 1204 2505 1277 μὴ
2534 1204 2738 1277 Κύριος
2769 1205 3094 1277 οίκοδομήσῃ
3122 1201 3289 1269 οἷκον,

494 1286 548 1339 2.
586 1290 644 1340 In
672 1304 871 1342 vanum
907 1289 1292 1345 laboraverunt
1324 1293 1417 1361 qui
1447 1294 1716 1348 tediiicant
1744 1309 1887 1349 eam.

2173 1297 2227 1351 2.
2264 1298 2359 1359 Είς
2393 1297 2569 1370 μάτην
2602 1298 2903 1351 ἐκοπίασαν
2940 1300 2988 1349 oi
3022 1296 3450 1368 οἰκοδομοῦντες.

497 1380 549 1433 5.
590 1378 703 1434 Nisi
734 1379 1000 1435 Dominus
1034 1383 1353 1437 custodierit
1385 1385 1659 1439 civitatem
1688 1406 1699 1439 :

1688 1406 1699 1439 :
2174 1390 2226 1443 5.
2275 1388 2401 1441 Ἐὰν
2431 1388 2505 1459 μὴ
2535 1388 2738 1459 Κύριος
2765 1388 2971 1459 φυλάξῃ
3010 1389 3187 1449 πόλιν,

496 1472 549 1526 ι.
579 1471 809 1531 Frustra
829 1474 1071 1544 vigilavit
1095 1475 1189 1544 qui
1212 1478 1448 1532 custodit
1468 1494 1608 1532 eam.

2176 1480 2232 1534 4.
2268 1482 2363 1543 Εἰς
2396 1481 2572 1551 μάτην
2617 1480 2969 1552 ἠγρύπνησεν
3000 1483 3030 1534 6
3057 1480 3364 1549 φυλάσσων.

1563 1680 1935 1736 ATHANASII
1974 1680 2550 1739 INTERPRETATIO.

496 1828 583 1882 11.
622 1827 769 1882 Beati
799 1828 988 1885 ﬂentes
1017 1830 1071 1883 in
1104 1833 1356 1900 praesenti
1402 1835 1601 1889 saeculo
1634 1846 1852 1905 peccata
1895 1853 1995 1892 sua

2178 1839 2255 1892 ll.
2284 1840 2557 1910 Μακάριοι
2586 1839 2635 1892 oi
2661 1836 2985 1901 πενθοῦντες
3009 1836 3068 1889 ἐν
3104 1833 3182 1906 τῷ
3228 1833 3325 1888 νῦν
3367 1832 3547 1905 καιρῷ
3586 1834 3702 1898 τὰς

423 1919 591 1972 corde
623 1920 872 1987 mundo,
923 1923 1185 1992 quoniam
1237 1927 1669 1982 consolabuntur
1718 1929 1774 1983 in
1826 1946 1947 2001 regn

2177 1929 2375 1999 ,αρτίας
2400 1928 2577 1981 αὐτῶν
2621 1929 2679 1981 ἐν
2724 1927 2923 1999 καρδίᾳ
2949 1925 3183 1996 καθαρᾷ,
3216 1925 3297 1978 ὅτι
3331 1922 3701 1995 παρακληθή-

423 2009 711 2063 ccelorum.

2105 2038 2287 2073 σονται
2320 2023 2375 2072 ἐν
2403 2023 2468 2090 τῇ
2504 2020 2749 2090 βασιλείᾳ
2776 2018 2883 2071 τῶν
2911 2017 3175 2088 οὐρανῶν.

494 2101 581 2168 12,
614 2103 699 2156 15.
752 2101 946 2158 Totam
983 2120 1139 2160 suam
1176 2108 1343 2163 vitam
1396 2111 1694 2166 traducunt
1736 2113 1791 2166 in
1826 2124 1994 2178 metu,

2175 2111 2264 2176 12,
2292 2112 2376 2165 15.
2409 2112 2511 2163 Τὸν
2545 2112 2658 2180 βίον
2696 2110 2877 2164 αύτῶν
2908 2109 3085 2163 πάντα
3106 2107 3397 2161 ἐπετέλουν
3430 2106 3570 2178 μετά
3597 2108 3699 2175 φό-

422 2204 584 2247 nocte
637 2209 704 2248 ac
758 2196 847 2251 die
899 2212 1023 2252 cum
1097 2199 1355 2272 lacrymis
1414 2215 1705 2273 operantes
1764 2208 1946 2262 salute;

2173 2221 2198 2255 υ
2230 2204 2329 2273 (1),
2362 2204 2555 2267 νυκτὸς
2586 2205 2679 2257 καὶ
2716 2205 2930 2274 ἡμέρας
2979 2202 3117 2272 μετά
3142 2201 3391 2272 δακρύων
3416 2217 3697 2270 κατεργα-

420 2298 599 2345 suam.
2100 2295 2315 2365 ζόμενοι
2344 2295 2443 2366 τὴν
2477 2295 2687 2348 ἑαυτῶν
2726 2293 3001 2365 σωτηρίαν

493 2376 706 2443 14,15.
758 2376 817 2433 In
876 2384 1277 2440 resurrectione
1332 2387 1612 2444 venientes
1670 2391 1889 2446 venient
1940 2391 1996 2445 in

2172 2386 2255 2449 14,
2284 2386 2367 2439 15.
2402 2387 2488 2438 Ἐν
2514 2389 2579 2456 τῇ
2613 2386 2689 2455 (2)
2730 2386 3025 2439 ἀναστάσει
3059 2384 3345 2455 ἐρχόμενοι
3373 2382 3696 2436 ἐλεύσονται

420 2470 787 2527 exsultatione
818 2474 1146 2543 accipientes
1178 2478 1344 2531 vitam
1372 2490 1655 2537 aeternam.

2095 2479 2153 2529 ἐν
2188 2478 2509 2546 ἀγαλλιάσει
2539 2477 3017 2549 ἀπολαμϐάνοντες
3050 2476 3147 2547 τὴν
3179 2474 3395 2529 αἰώνιον
3433 2476 3605 2544 ζωήν.

502 2607 565 2659 Ἦ
596 2610 929 2680 προκειμένη
960 2612 1239 2684 ἐπιγραφὴ
1270 2616 1512 2686 περιέχει
1542 2618 1615 2685 (5)
1641 2636 1653 2649 ·
1696 2617 1834 2686 ’ῼδὴ
1863 2617 1981 2670 τῶν
2026 2617 2396 2685 Ἀναϐαϐμῶν
2422 2616 2501 2682 τῷ
2523 2617 2826 2686 Σολομὼν,
2858 2617 2994 2685 ὅπερ
3029 2612 3390 2683 ἑρμηνεύεται
3419 2610 3529 2661 τῶν
3586 2626 3697 2660 σωσ

422 2698 619 2773 θέντων
645 2700 731 2752 διὰ
758 2701 850 2753 τοῦ
884 2702 1263 2775 βαπτίσματος
1291 2707 1368 2777 τῷ
1400 2710 1827 2778 εἰρηνικωτάτῳ,
1860 2709 2136 2762 τουτέστιν
2180 2709 2353 2779 Ἰησοῦ
2393 2713 2458 2780 τῇ
2494 2712 2683 2782 εἰρήνῃ
2718 2708 2906 2778 ἡμῶν
2959 2706 3116 2758 τοῦτο
3153 2700 3243 2757 οὖν
3270 2703 3412 2769 λέγω
3437 2744 3451 2767 ,
3501 2701 3698 2753 λοιπὸν

423 2797 561 2863 μετὰ
593 2798 683 2851 τὸν
718 2799 944 2871 ἕϐδομον
972 2801 1180 2872 βαθμὸν
1206 2803 1304 2873 τῆς
1326 2801 1579 2868 γνώσεως
1604 2800 1723 2872 [τῆς
1744 2801 2047 2872 δυνάμεως]
2070 2801 2165 2854 τοῦ
2193 2801 2429 2873 Χριστοῦ
2454 2804 2533 2865 είς
2562 2803 2888 2875 ὑψηλότερον
2922 2805 3126 2874 βαθμὸν
3154 2802 3470 2872 ἁνέρχονται
3497 2797 3580 2855 εἰς
3602 2791 3699 2844 τὸν

420 2886 605 2953 ὃγδοον
630 2890 826 2944 ὡσανεὶ
860 2895 939 2956 εἰς
970 2894 1037 2946 τὰ
1064 2894 1381 2964 χαρίσματα
1407 2894 1498 2946 τοῦ
1530 2893 1788 2964 Χριστοῦ,
1808 2893 1897 2963 ’τῷ
1926 2894 2230 2948 διδάσκοντι
2280 2898 2498 2959 αὐτοὺς,
2533 2897 2725 2966 ὅτιπερ
2756 2897 2856 2948 οὐκ
2899 2892 2966 2965 ἦν
2997 2894 3222 2947 δυνατὸν
3263 2890 3500 2959 σωθῆναι
3541 2886 3699 2956 ἡμᾶς

420 2978 508 3033 διὰ
534 2980 626 3033 τοῦ
660 2983 817 3051 λόγου
842 2982 934 3036 τοῦ
962 2985 1285 3055 λαληθέντος
1314 2986 1378 3037 δι’
1408 2985 1655 3053 ἀγγέλων
1686 2986 1763 3054 (4)
1792 2985 1884 3037 καὶ
1915 2984 2023 3039 τῶν
2052 2988 2364 3058 προφητῶν,
2389 2991 2437 3041 εί
2474 2987 2548 3058 μὴ
2579 2988 2738 3050 αὐτὸς
2764 2990 2791 3041 6
2817 2986 3044 3058 Κύριος,
3078 2987 3270 3047 αὑταῖς
3322 2982 3476 3051 ὄψεσι
3508 2994 3700 3047 παρα-

422 3072 733 3142 γενόμενος,
772 3075 977 3129 ἔσωσεν
1005 3079 1151 3147 ἡμᾶς
1172 3090 1184 3103 ·
1234 3078 1328 3130 κα)⁸
1365 3080 1446 3130 ὄτι
1479 3077 1632 3129 αὐτοὶ
1659 3078 1933 3149 προφῆται
1965 3077 2038 3148 (5)
2076 3082 2134 3135 ὲν
2156 3081 2316 3152 ὀδύνῃ
2341 3080 2547 3150 διῆγον,
2582 3080 2663 3133 ὃτι
2692 3080 2791 3133 οὐκ
2815 3078 3076 3149 ἠδύναντο
3096 3074 3418 3146 ἐπιστρέψαι
3442 3069 3503 3122 τὸ
3534 3068 3701 3136 γένος

420 3158 529 3213 τῶν
564 3164 867 3235 ἀνθρώπων
886 3208 901 3233 ,
958 3168 1045 3221 ἵνα
1092 3168 1238 3240 σωθῇ
1264 3211 1278 3235 ,
1336 3172 1385 3222 εί
1423 3169 1497 3242 μὴ
1536 3170 1611 3233 ὼς
1644 3174 1927 3241 προεῖπον,
1957 3171 1985 3223 6
2006 3172 2209 3243 Κύριος
2237 3173 2611 3243 παραγέγονεν
2630 3213 2645 3239 ,
2680 3172 2755 3236 ὡς
2776 3172 2870 3226 καὶ
2902 3172 3063 3235 αὐτὸς
3090 3172 3118 3223 6
3148 3167 3363 3241 πρῶτος
3392 3164 3579 3233 στίχθς
3598 3161 3703 3219 τε)ὖ

417 3254 635 3325 ψαλμοῦ
669 3257 769 3327 (6).

491 3369 708 3425 Titulus
757 3373 1085 3441 praepositus
1123 3376 1405 3429 continet:
1443 3376 1722 3436 Canticum
1756 3379 2031 3437 Craduum
2076 3382 2371 3447 Salomoni,
2405 3383 2548 3452 quod
2602 3381 2993 3450 interpretatur
3033 3377 3307 3434 canticum
3347 3388 3567 3438 eorum,
3595 3388 3699 3441 qui

423 3464 557 3529 salvi
589 3463 715 3527 facti
745 3476 873 3525 sunt
906 3484 1000 3537 per
1034 3469 1366 3537 baptismum
1401 3488 1614 3526 summe
1644 3472 1901 3537 Pacilico,
1937 3492 2130 3543 nempe
2159 3475 2310 3537 Jesu,
2338 3476 2432 3545 qui
2476 3483 2561 3530 est
2593 3490 2699 3543 pax
2738 3481 2924 3527 nostra
2950 3472 3035 3521 ηε
3073 3471 3181 3524 hoc
3211 3468 3375 3537 igitur
3420 3467 3569 3530 dico,
3599 3466 3699 3520 de-

422 3572 572 3608 mum
600 3565 721 3625 post
751 3559 1039 3624 septimum
1069 3559 1295 3629 gradum
1315 3560 1609 3628 agnitionis
1632 3559 1895 3633 [virtutis]
1922 3562 2125 3617 Christi
2158 3565 2209 3616 in
2235 3564 2480 3617 altiorem
2507 3564 2733 3632 gradum
2762 3560 3064 3615 ascendunt
3089 3559 3295 3615 scilicet
3325 3557 3378 3611 in
3405 3565 3697 3621 octavum,

421 3647 676 3701 videlicet
705 3648 757 3705 in
795 3650 1037 3711 cmlestia
1068 3650 1272 3706 Christi
1303 3651 1444 3704 dona
1490 3651 1739 3707 docentis
1786 3653 1902 3717 fieri
1936 3670 2041 3708 non
2082 3656 2344 3722 potuisse,
2375 3664 2436 3709 ut
2472 3654 2812 3707 salvaremur
2857 3663 3130 3713 sermone,
3162 3662 3323 3717 quem
3354 3645 3523 3700 locuti
3562 3654 3697 3698 sunt

424 3738 623 3809 angeli,
654 3748 707 3793 et
732 3741 1027 3808 prOphetae,
1062 3742 1167 3797 nisi
1204 3742 1319 3810 ipse
1352 3742 1618 3799 Dominus
1649 3745 1854 3803 nostris
1896 3746 2207 3814 aspectibus
2254 3761 2313 3801 se
2358 3746 2609 3815 praebens
2642 3745 2829 3799 salvos
2857 3758 2957 3798 nos
2988 3740 3206 3796 fecisset
3243 3757 3256 3791 :
3304 3745 3359 3793 et
3402 3738 3554 3806 quod
3589 3737 3697 3807 ipsi

428 3836 702 3902 prophetae
724 3836 776 3888 in
808 3835 996 3894 dolare
1024 3838 1187 3891 vitam
1224 3839 1475 3907 agebant,
1514 3840 1640 3909 quia
1676 3857 1783 3894 non
1817 3850 2069 3909 poterant
2103 3850 2420 3895 convertere
2453 3857 2625 3910 genus
2658 3841 2979 3905 humanum,
3010 3845 3071 3893 ut
3104 3835 3413 3892 salvaretur
3461 3833 3575 3888 nisi
3633 3844 3699 3890 ut

426 3934 584 3990 antea
612 3926 747 3993 dixi,
784 3924 1050 3981 Dominus
1081 3927 1411 3993 advenisset,
1440 3938 1499 3982 ut
1530 3930 1645 3998 ipse
1677 3930 1889 4000 primus
1918 3930 2114 4000 psalmi
2143 3945 2335 3984 versus
2362 3929 2515 3983 dicit.

498 4106 549 4169 1,
582 4105 638 4159 2.
667 4105 781 4161 Nisi
813 4106 927 4175 ipse
957 4107 1221 4171 Dominus
1268 4111 1503 4166 adventu
1542 4126 1643 4165 suo
1673 4109 1998 4164 aadilicasset

2177 4114 2230 4177 1,
2261 4114 2316 4167 2.
2343 4114 2419 4183 (7)
2468 4113 2592 4167 Ἐὰν
2623 4112 2696 4183 μὴ
2725 4112 2887 4175 αὐτὸς
2912 4113 2941 4164 6
2967 4110 3175 4181 Κύριος
3201 4112 3267 4180 τῇ
3306 4107 3498 4164 ἑαυτοῦ
3549 4125 3699 4180 παρ-

424 4196 744 4263 Ecclcsiam,
777 4200 1236 4269 quemadmodum
1290 4202 1429 4257 dixit
1461 4202 1621 4256 Petro
1658 4222 1669 4256 :
1720 4200 1795 4254 Tu
1821 4218 1873 4253 es
1906 4200 1946 4251 Ρ

2173 4206 2261 4278 σίᾳ
2281 4206 2599 4276 ᾠκοδόμησε
2624 4206 2723 4275 τὴν
2778 4203 3126 4275 Ἐκκλησίαν,
3154 4200 3334 4263 καθὼς
3373 4200 3567 4270 εἴρηκε
3616 4200 3697 4270 τῷ

424 4301 580 4355 trus,
627 4301 676 4344 et
729 4309 880 4362 super
930 4292 1065 4345 hanc
1130 4303 1332 4361 petram
1383 4292 1657 4362 aediﬁcabo
1710 4291 1947 4344 Ecclesia

2172 4295 2295 4363 ἱτρῳ
2315 4314 2329 4327 ο
2361 4294 2444 4347 Σὺ
2484 4294 2540 4346 εἷ
2562 4294 2817 4362 Πέτρος,
2872 4293 2969 4346 καὶ
3034 4292 3129 4347 ἐπὶ
3178 4291 3364 4356 ταύτῃ
3395 4287 3469 4356 τῇ
3502 4289 3696 4355 πέζρᾳ

422 4402 595 4438 meam
626 4385 692 4447 ⁷⁷,
725 4385 947 4445 inutiles
990 4383 1226 4439 fuissent
1270 4386 1483 4443 labores
1516 4387 1909 4455 prophetarum

2172 4386 2480 4456 ιιοδομήσω
2497 4404 2615 4454 μου
2639 4386 2754 4453 τὴν
2786 4386 3175 4452 Ἐκκλησίαν,
3198 4382 3410 4450 ὀφελεῖς
3441 4381 3696 4451 ὑπῆρχον

420 4478 773 4549 generatione
804 4478 1109 4530 hominum.

2101 4478 2151 4529 οί
2179 4476 2341 4529 κόποι
2364 4474 2470 4527 τῶν
2506 4472 2799 4547 προφητῶν
2825 4475 2882 4528 ὲν
2913 4473 3058 4542 γένει
3084 4471 3192 4524 τῶν
3219 4468 3543 4540 ἀνθρώπων.

493 4572 545 4633 5,
576 4570 630 4623 4.
665 4569 778 4623 Μεὶ
808 4569 1073 4623 Dominus
1094 4568 1411 4627 custodierit
1443 4580 1660 4623 omnem
1697 4565 1996 4632 hominem,

2179 4571 2233 4633 5,
2269 4570 2321 4623 4.
2342 4568 2465 4621 Ἐἀν
2501 4569 2575 4639 μὴ
2604 4567 2810 4639 Κύριος
2848 4568 3058 4638 φυλάξῃ
3076 4566 3252 4619 πάντα
3276 4563 3589 4634 ἄνθρωπον,
3615 4564 3696 4627 είς

422 4665 628 4730 frustra
660 4664 961 4719 elaboravit
1004 4663 1318 4733 quicunque
1367 4658 1579 4714 videtur
1610 4673 1731 4713 esse
1770 4659 1946 4729 aliquit

2110 4658 2287 4729 μάτην
2317 4657 2535 4711 ἐκόπιεν
2569 4658 2799 4721 ἕκαστος
2825 4657 2934 4713 τῶν
2962 4654 3258 4712 δοκούντων
3283 4649 3423 4715 εἷναί
3450 4670 3526 4707 τι.

499 4828 544 4865 ⁷⁸
580 4826 776 4897 Ephes.
811 4841 871 4892 ιι,
908 4824 997 4880 14.
1078 4824 1123 4857 "'
1157 4823 1347 4889 Matth.
1386 4840 1496 4895 ενι,
1542 4823 1630 4881 18,

1381 4979 1686 5041 Addenda
1722 4984 1782 5039 et
1812 4978 2185 5055 corrigenda
2219 4996 2298 5040 ex
2346 4977 2486 5039 cod.
2518 4974 2719 5041 Vatic.

423 5155 500 5215 είς
530 5149 626 5219 τὴν
660 5148 1027 5219 Ῥινοκούραν,
1059 5147 1091 5217 ἢ
1137 5147 1251 5212 καί,
1289 5154 1419 5210 elc.,
1454 5148 1547 5201 καὶ
1582 5144 2005 5219 παρεδρεύουσιν
2396 5142 2477 5219 δέ..

424 5200 594 5292 ἄπερ’
622 5200 956 5292 εὑρίσκουέι.
993 5200 1481 5292 καί-ἀπέρχονται,
1521 5200 1689 5292 _etc.,'_
1711 5200 1862 5279 ὑετὸς
1892 5206 1948 5292 ’λι

2276 5200 2371 5292 ῌοιπῖ
2392 5214 2479 5292 διᾲ
2507 5214 2609 5283 τῆς
2642 5212 3016 5292 κινναϐάρεως
3037 5213 3306 5292 ,περιέχει-
3325 5251 3339 5274 ,
3377 5220 3482 5266 εις,
3529 5214 3687 5267 £010.

423 5283 571 5362 ὅρος,
602 5283 732 5362 (ξιοῖἶ
768 5290 1047 5341 ἀπόλλυσι.
1078 5289 1156 5340 Τὰ
1180 5283 1442 5362 egestas
1465 5287 2001 5362 tdvta-dvaygaimg,
2107 5283 2245 5362 μων,
2274 5285 2410 5362 δπερ
2437 5284 2799 5362 ἐρμηνεύεται
2828 5283 3212 5355 ἐξομολόγησις
3238 5283 3367 5347 τῶν,
3397 5292 3504 5338 etc.

424 5354 516 5414 κάκ
544 5362 685 5429 άπερ
715 5360 1053 5431 διήρπασαν,
1076 5358 1575 5431 ιλιαῬινοκούραν,
1608 5358 1730 5411 ὅθεν
1757 5359 1851 5431 καὶ
1882 5356 2005 5431 ἐλήτ
2109 5354 2119 5358 ⁷
2288 5354 2568 5431 ξᾼγγέλου.

426 5424 749 5500 φθησαν”τά
786 5424 927 5484 αὐτὰ
970 5430 1140 5481 σκῦλα
1172 5430 1276 5481 ὑπὸ
1309 5431 1436 5493 τῶν,
1455 5424 1717 5491 ἐιρ.”Οτ⁷ι,
1755 5424 2003 5500 ᾤσπερξό
2174 5424 2250 5500 (53')
2376 5425 2671 5500 προφῆται..

426 5492 778 5573 ἀειμὰρρους,
807 5512 932 5555 rtc..
963 5501 1059 5573 teat
1089 5501 1269 5573 αὑτός,
1299 5492 1429 5573 elc.,
1462 5500 1561 5564 τὰς
1594 5492 2003 5573 αἰχμαλωτισά-
2282 5492 2673 5573 ξίξαλμοῦηαύτὸ
2699 5494 2856 5573 τοῦτο
2872 5492 3048 5573 δηλοῖ.

546 5561 718 5651 ἡμᾶςζ
740 5561 873 5631 elc.,
904 5570 1064 5624 πάλιν
1100 5561 1368 5633 ἀποδώσει
1408 5561 1559 5651 ἡμῖν,
1595 5561 1727 5636 etii,
1757 5569 1822 5649 ἦν
1849 5569 1952 5637 ἀφε

2151 5561 2765 5651 1’.”Ἐόιν,.ςηιρ.
2840 5561 3177 5651 ’ᾼνωφελεῖῃ
3209 5561 3472 5651 ’θεολητῷ
3506 5561 3675 5651 γένει,

424 5632 784 5710 λαντόἠμὼν,
818 5652 919 5701 etc.
1362 5632 1367 5633 ί
1431 5632 1461 5651 ⁷*
1546 5632 1555 5638 ’
1899 5632 1911 5637 ⁷

2150 5632 2212 5689 tc.
2238 5632 2315 5689 Ν.
2343 5634 2400 5699 2,
2446 5636 2499 5703 5,
2548 5635 2602 5692 4.
2646 5634 2770 5689 Ἐὰν
2807 5633 2881 5706 μὴ
2916 5633 3136 5710 Κύριος,
3176 5644 3279 5689 etc.
3335 5632 3674 5701 Ἐκοπίασεν,

521 5712 573 5778 1)
612 5709 801 5777 Φόϐου,
838 5712 929 5763 καὶ
954 5711 1177 5785 τρόμου,
2105 5716 2207 5763 etc.
