3860 6220
176 339 339 394 1257
526 336 534 345 ’
1061 334 1151 390 DE
1190 333 1470 391 TlTULlS
1511 336 1700 393 PSALI

1925 337 1959 393 Ι.
1994 364 2064 380 -ι
2090 336 2287 392 PSAL.
2320 331 2557 390 CXXVI.
3307 332 3449 392 1258

250 456 311 510 5.
342 457 441 519 Εἰς
472 455 645 526 μάτην
671 456 799 527 ύμῖν
821 459 934 510 ὲστι
953 458 1013 510 τὸ
1043 457 1184 529 [τοῦ]
1213 459 1482 531 ὀρθρίζειν
1505 477 1520 492 ·

1796 470 1843 524 Α
1944 460 1997 515 5.
2028 458 2239 513 Vanum
2267 466 2348 514 est
2378 456 2535 512 vobis
2567 462 2694 512 ante
2722 455 2901 511 lucem
2931 468 3155 526 surgere
3181 470 3194 510 :

250 546 311 599 6.
364 546 671 616 Ἐγείρεσθε
708 546 845 616 μετὰ
866 546 928 599 τὸ
959 546 1251 616 καθῆσθαι,

1940 552 1994 607 6.
2032 550 2563 622 Surgitepostquam
2596 548 2864 614 sederitis,

250 636 313 690 7.
353 636 419 688 0t
448 634 720 697 ἐσθίοντες
744 634 907 705 ἄρτον
927 634 1137 704 ὀδύνης.

1945 645 1999 698 7.
2030 643 2134 710 Qui
2168 641 2512 698 manducatis
2543 655 2739 710 panem
2772 639 2997 695 doloris.

251 728 316 783 8.
357 728 526 780 Ὅταν
560 725 634 797 δῷ
666 728 777 789 τοῖς
807 727 1112 796 ἀγαπητοῖς
1140 723 1303 777 αὐτοῦ
1339 723 1526 777 ὕπνον.

1946 736 1999 789 8.
2036 735 2172 789 Cum
2205 733 2417 788 dederit
2445 733 2658 787 dilectis
2697 732 2811 787 suis
2841 748 3132 790 somnum.

260 818 322 872 9.
373 816 502 869 Ἰδοὺ
535 817 568 885 ὴ
601 814 934 886 κληρονομία
960 814 1188 885 Κυρίου,
1217 814 1353 866 υίοί·

1950 828 2004 882 9.
2045 826 2186 882 Ecce
2220 826 2515 880 bzereditas
2538 824 2775 890 Domini,
2813 825 2938 880 ﬁlii:

259 906 360 961 10.
403 906 460 959 '0
487 906 676 976 μισθὸς
712 905 805 959 τοῦ
836 905 1049 976 καρποῦ
1074 905 1174 975 τῆς
1202 903 1455 975 γαστρός.

1263 903 1455 975 ιστρός-
1951 915 2039 970 10.
2068 914 2277 970 Merces
2310 913 2524 969 fructus
2560 914 2787 970 ventris.

260 1000 361 1053 11.
409 998 553 1050 Ὠσεὶ
588 998 716 1068 βέλη
744 1000 800 1051 ἐν
827 997 969 1069 χειρὶ
989 995 1213 1050 δυνατοῦ
1234 1015 1248 1028 ·

1947 1007 2034 1060 lt.
2072 1006 2225 1061 Sicut
2252 1005 2461 1076 sagitta:
2490 1006 2545 1060 in
2575 1021 2741 1060 manu
2771 1005 3046 1077 potentis:

262 1092 362 1145 η.
394 1090 582 1154 Οῦτως
613 1093 659 1143 οἱ
699 1092 804 1143 υἱοὶ
842 1091 945 1145 τῶν
967 1089 1453 1160 ὲκτετιναγμένων.

1168 1089 1453 1160 ραγμένων.
1949 1097 2037 1152 12.
2076 1096 2149 1151 Ita
2186 1097 2281 1151 ﬁlii
2312 1112 2692 1151 excussorum.

264 1185 363 1239 15.
396 1184 702 1257 Μακάριος,
735 1183 793 1248 ὃς
820 1182 1098 1255 πληρώσει
1136 1181 1235 1253 τὴν
1288 1180 1581 1252 ἐπιθυμίαν
1610 1179 1774 1235 αὑτοῦ

1950 1190 2039 1243 l3.
2077 1189 2276 1244 Beatus
2305 1170 2398 1243 vir.
2414 1189 2509 1259 qui
2542 1189 2792 1260 implebit
2837 1188 3169 1245 desiderium
3200 1203 3360 1243 suum
3387 1203 3450 1242 ex

184 1275 254 1341 ἐξ
285 1275 501 1329 αὐτῶν·

1879 1280 2012 1349 ipsis
2040 1298 2052 1334 :

269 1366 364 1422 14.
401 1368 475 1420 Ού
548 1366 1101 1438 καταισχυνθήσονται
1130 1406 1145 1431 ,
1215 1366 1343 1421 ὅταν
1402 1365 1603 1420 λαλῶσι
1665 1367 1776 1429 τοῖς

1960 1367 2040 1421 14.
2072 1366 2191 1423 Non
2246 1369 2654 1427 confundentur
2714 1385 2840 1427 cum
2878 1370 3169 1441 loquentur
3218 1368 3456 1424 inimicis

191 1457 418 1530 ἐχθροῖς
449 1457 611 1511 αὐτοῦ
640 1457 866 1531 [αὐτῶν]
900 1459 957 1511 ὲν
988 1458 1201 1521 πύλαις.

755 1457 866 1529 ςῶν]
900 1459 957 1511 ὲν
988 1458 1201 1521 πύλαις.
1884 1460 1997 1515 suis
2024 1460 2078 1515 in
2103 1469 2279 1531 porta.

1327 1663 1703 1720 ATHANASII
1742 1662 2328 1721 INTERPRETATIO.

269 1862 328 1916 5.
376 1860 537 1931 Ὑμῖν
559 1862 669 1923 τοῖς
695 1861 1001 1932 προφήταις
1030 1861 1110 1924 εἰς
1141 1862 1318 1933 μάτην
1356 1862 1472 1915 ἐστὶ
1504 1863 1564 1916 τὸ
1588 1864 1663 1933 (1)
1688 1865 1781 1935 dp-

1956 1864 2008 1917 5.
2044 1861 2229 1929 Vobis,
2261 1861 2557 1932 prophetae,
2586 1876 2785 1916 vanum
2831 1866 2915 1915 est
2952 1866 3078 1914 ante
3126 1858 3301 1914 lucem
3332 1874 3460 1915 sur-

194 1952 413 2026 θρίζειν
440 1954 602 2024 ὑμᾶς,
636 1953 731 2005 καὶ
758 1953 944 2007 λαϐεῖν
964 1954 1055 2006 τὸν
1084 1954 1239 2021 λόγον
1259 1955 1352 2008 τοῦ
1382 1955 1518 2009 Θεοῦ
1557 1957 1645 2010 διὰ
1686 1975 1716 2009 τ

1935 1968 2031 2020 are,
2054 1962 2108 2007 et
2139 1967 2359 2007 sumere
2404 1952 2627 2007 verbum
2672 1951 2767 2006 Dei
2798 1958 3017 2021 propter
3047 1948 3331 2004 hominum
3374 1952 3459 2005 iu-

195 2047 493 2101 ἀπείθειαν
522 2045 630 2098 τῶν
657 2045 752 2099 ἀνθ
762 2044 977 2117 ρώπων.

762 2044 977 2117 ρώπων.
1884 2046 2282 2103 credulitatem.

271 2158 329 2210 6.
368 2156 558 2226 Ὅμως
596 2155 733 2226 μετά
779 2156 875 2228 τὴν
914 2158 1168 2228 κοίμησιν
1204 2159 1355 2231 ὑμῶν
1390 2160 1711 2214 ὀινίστασθε⁸
1756 2163 1785 2214 ὀ

1955 2158 2008 2213 6.
2044 2157 2434 2214 Verumtamen
2485 2168 2609 2229 post
2659 2159 3043 2214 dormitionem
3092 2168 3328 2216 vestram
3373 2175 3458 2213 re—

197 2247 365 2315 λόγος
389 2246 496 2318 γὰρ
522 2248 675 2317 ὑμῶν
705 2247 887 2317 μέλλει
918 2249 1308 2320 κηρύσσεσθαι,
1340 2252 1435 2305 καὶ
1466 2252 1618 2321 ἄγειν
1646 2255 1721 2308 πά

1933 2252 2122 2321 trgite;
2150 2260 2332 2306 vester
2370 2252 2515 2305 enim
2562 2266 2743 2305 sermo
2769 2250 3175 2321 praedicabitur,
3202 2260 3256 2308 et
3283 2251 3457 2307 addu-

195 2355 303 2402 τας
344 2341 425 2402 είς
458 2338 555 2409 τὴν
589 2338 773 2393 πίστιν
801 2340 894 2393 τοῦ
926 2340 1081 2394 Θεοῦ.

1885 2350 1971 2396 cet
2000 2356 2190 2397 omnes
2224 2342 2288 2395 ad
2314 2341 2408 2397 Dei
2433 2342 2614 2397 ﬁdem.

273 2454 331 2507 7.
366 2454 429 2506 Οἱ
457 2452 571 2517 νῦν,
600 2452 689 2507 διὰ
708 2453 766 2505 τὸ
798 2454 1003 2525 μηδένα
1033 2454 1188 2525 ὑμῶν
1210 2456 1447 2523 ἀκούειν,
1479 2476 1546 2529 με
1575 2459 1649 2530 (‘2)
1666 2460 1786 2514 ὀδύ-

1959 2454 2009 2508 7.
2036 2453 2193 2509 Nunc
2227 2464 2431 2520 autem,
2461 2456 2589 2524 quia
2634 2468 2796 2509 nemo
2843 2468 2940 2509 vos
2985 2454 3155 2522 audit,
3191 2468 3316 2511 cum
3364 2454 3459 2509 do-

199 2556 304 2611 νης
337 2538 606 2601 ἐσθίοντες
634 2537 725 2591 τὸν
751 2538 958 2591 ἑαυτῶν
990 2539 1173 2611 ἄρτον.

1882 2544 2001 2602 lore
2030 2547 2193 2602 editis
2225 2562 2421 2616 panem
2454 2555 2717 2601 vestrum.

275 2648 332 2703 8.
375 2648 509 2701 Πότε
537 2648 976 2719 (5)διεγείρεσθε,
998 2650 1123 2703 ὅταν
1141 2650 1169 2702 ὀ
1199 2649 1401 2720 Κύριος
1424 2652 1633 2721 μέλλων
1661 2653 1785 2705 συλο

1955 2660 2007 2714 8.
2038 2658 2277 2714 Tandem
2310 2660 2627 2731 resurgetis,
2655 2676 2779 2715 cum
2816 2659 3079 2714 Dominus
3104 2660 3459 2729 comprehen-

199 2739 580 2811 λαμϐάνεσθαι
613 2740 716 2793 ὑπὸ
747 2741 853 2792 τῶν
896 2740 1163 2793 Ἰουδαίων
1195 2742 1287 2793 ἐπὶ
1335 2745 1445 2804 τοῖς
1482 2744 1723 2813 ἀγαπητς

1932 2759 2042 2805 stur
2087 2765 2119 2804 a
2163 2749 2365 2804 Judaais
2420 2750 2563 2805 inter
2621 2766 2751 2805 suos
2784 2750 3034 2815 dilectos,
3067 2750 3170 2805 hoc
3202 2758 3286 2806 est
3324 2766 3456 2821 apo-

201 2828 398 2892 αὑτοῦ,
431 2829 677 2881 τουτέστι
702 2830 812 2891 τοῖς
837 2830 1152 2893 ἀποστόλοις
1174 2847 1186 2860 ·
1222 2831 1552 2884 Καθεύδετε
1574 2835 1639 2885 τὸ
1661 2838 1725 2887 λε

1938 2844 2075 2908 olos,
2106 2852 2159 2899 et
2196 2842 2393 2898 dixerit
2418 2859 2436 2896 :
2469 2843 2709 2897 Dormite
2751 2843 2871 2914 jam
2905 2851 2954 2896 et
2996 2844 3321 2914 requiescite,
3363 2859 3460 2914 ap-

199 2919 346 2985 πόν,
384 2921 482 2973 καὶ
526 2922 984 2975 ἀναπαύσεσθε·
1038 2920 1249 2991 ﬁmus
1291 2922 1401 2992 γὰρ
1454 2925 1485 2977 ό
1538 2925 1722 2992 παραὲ

198 3008 356 3063 δούς
387 3027 479 3063 us.

1454 2925 1485 2977 ό
1538 2925 1784 2992 παραδι-
1885 2937 2253 3006 propinquaoit
2284 2938 2422 2989 enim
2450 2936 2540 3005 qui
2571 2951 2650 2990 me
2679 2936 2852 2989 tradet
2876 2935 2939 2987 ⁷⁸.

241 3027 356 3076 ους
381 3027 479 3078 με.

273 3120 332 3176 9.
376 3120 505 3173 Ἰδοὺ
542 3121 573 3191 ἡ
603 3120 934 3192 κληρονομία
964 3123 1166 3193 Κυρίου
1197 3124 1303 3176 υἱοὶ
1336 3124 1490 3196 ὑμῶν
1512 3125 1621 3179 τῶν
1651 3143 1784 3198 προ⁹

1956 3133 2012 3189 9.
2040 3132 2180 3191 Ecce
2206 3134 2495 3190 baereditas
2522 3133 2734 3190 Domini
2762 3133 2857 3189 ﬁlii
2882 3134 3069 3199 vestri,
3101 3150 3134 3191 ο
3165 3136 3454 3207 prophetae,

204 3213 418 3285 φητῶν,
444 3215 492 3266 οἱ
521 3213 825 3266 ἀπόστολοι.
1698 3196 1707 3198 -

614 3213 825 3265 ἰστολοι.
1698 3196 1707 3198 _
1813 3196 1856 3255 α
1889 3227 2138 3297 apostoli.

277 3326 370 3380 10.
407 3325 517 3378 Καὶ
541 3328 569 3379 ὀ
601 3326 788 3395 μισθὸς
812 3324 905 3379 τοῦ
939 3326 1103 3379 πόνου
1136 3328 1289 3399 ὑμῶν
1322 3329 1415 3383 καὶ
1446 3332 1544 3402 τῆς
1573 3331 1782 3403 ὀδύνης,

1962 3342 2049 3396 10.
2085 3339 2150 3395 Et
2178 3356 2389 3397 merces
2438 3341 2639 3396 laboris
2695 3341 2894 3406 vestri,
2945 3348 3000 3396 et
3044 3340 3250 3397 doloris
3298 3357 3456 3411 quem

202 3413 272 3489 ἦς
309 3419 461 3489 ἔχετε
491 3418 566 3488 (4)
588 3419 707 3471 τότε
733 3418 1131 3490 κυριεύσοντες,
1158 3421 1381 3486 τούτους
1401 3426 1529 3487 τοὺς
1556 3426 1726 3477 ἀποστ

1935 3433 2169 3488 abebatis
2195 3442 2325 3488 tunc
2352 3424 2728 3504 praedicantes,
2751 3435 2970 3491 eosdem
2999 3434 3276 3506 apostolos
3308 3434 3459 3491 nobis

202 3515 335 3579 λους
358 3517 486 3585 ἡμῖν
512 3515 714 3568 ἔτεκεν.

589 3532 714 3567 εκεν.
1884 3524 2113 3593 peperit.

280 3628 372 3682 H.
415 3628 501 3692 Ὠς
537 3627 664 3698 βέλη
689 3630 1013 3698 πεμπόμενα
1049 3628 1198 3699 παρά
1233 3647 1376 3693 τινος
1409 3630 1661 3701 εύστόχου
1693 3633 1787 3685 καὶ

1960 3639 2047 3694 it.
2078 3638 2230 3695 Sicut
2262 3640 2366 3694 tela
2392 3639 2558 3694 missa
2591 3638 2659 3693 ab
2690 3639 2874 3707 aliquo
2912 3637 3090 3708 perito
3122 3645 3179 3693 et
3213 3636 3339 3693 forti
3370 3653 3458 3693 sa-

212 3720 457 3790 ῐσχυροῦ,
497 3717 668 3782 οὕτως
701 3721 837 3772 εἰσὶν
864 3722 911 3771 οἱ
941 3719 1228 3773 ἀπόστολοι
1270 3722 1372 3774 ὑπὸ
1399 3723 1605 3793 Κυρίου
1641 3741 1736 3794 πει.

1932 3731 2137 3797 ittario;
2169 3732 2242 3786 ita
2272 3738 2399 3786 sunt
2445 3730 2676 3801 apostoli
2706 3729 2862 3785 missi
2892 3745 2923 3784 a
2946 3728 3179 3786 Domino
3212 3730 3278 3785 ad
3317 3747 3456 3797 prae-

212 3814 440 3883 πόμενοι
463 3812 543 3874 εἰς
570 3810 630 3865 τὸ
663 3812 942 3883 κήρυγμα.

667 3812 942 3883 κήρυγμα.
1883 3820 2191 3877 dicandum.

281 3926 371 3980 12.
401 3928 463 3979 Οί
496 3926 601 3978 υἱοὶ
626 3926 735 3979 τῶν
766 3925 1080 3996 προφητῶν,
1111 3924 1220 3979 τῶν
1253 3924 1327 3997 μὴ
1360 3926 1591 3997 ἐχόντων
1617 3928 1673 3982 ὲν
1689 3928 1786 3981 αύ-

1957 3933 2043 3989 12,
2082 3932 2202 3986 Filii
2230 3933 2615 4002 prophetarum
2658 3946 2767 3987 non
2804 3932 3118 3988 habentium
3157 3932 3212 3987 in
3239 3949 3297 3990 se
3323 3935 3452 4003 ipsis

208 4021 323 4081 τοῖς
369 4016 444 4086 (5)
494 4019 636 4079 σῖτα,
666 4017 698 4086 ἢ
730 4015 931 4087 βρῶσιν
959 4016 1057 4086 τὴν
1077 4014 1464 4085 ἀφανίζουσαν.

1450 4056 1464 4071 ο
1886 4022 2241 4090 frumentum,
2274 4033 2369 4077 aut
2393 4038 2577 4079 escam
2612 4023 2974 4078 deiicientem.

277 4131 369 4184 15.
400 4129 706 4201 Μακάριος,
730 4130 1047 4203 ὃτι[ὄστις]
1074 4131 1150 4203 (6)
1186 4132 1283 4203 τὴν
1331 4130 1623 4201 ἐπιθυμίαν
1645 4129 1784 4200 ἔχων

1961 4133 2049 4189 15.
2083 4130 2281 4187 Beatus
2307 4133 2618 4203 quicunque
2644 4132 2852 4187 habens
2880 4131 3210 4187 desiderium
3241 4147 3454 4198 eorum,

208 4224 288 4287 είς
336 4220 406 4274 τὰ
440 4220 705 4291 εἰρημένα
754 4220 859 4272 ὑπὸ
895 4220 1003 4273 τῶν
1052 4220 1402 4285 ἀποστόλων,
1463 4219 1548 4277 καὶ
1596 4218 1732 4294 μαθι]

1926 4240 2004 4279 uaa
2032 4224 2172 4280 dicta
2195 4232 2323 4278 sunt
2354 4223 2423 4278 ab
2447 4223 2730 4293 apostolis,
2757 4232 2810 4278 et
2835 4223 2998 4278 discit
3021 4223 3139 4293 ipsa
3170 4231 3223 4278 et
3246 4223 3450 4295 implet.

207 4311 370 4375 αὐτὰ,
406 4313 501 4364 καὶ
533 4311 774 4383 πληρῶν.

280 4425 370 4478 14.
403 4426 465 4478 Οἱ
501 4425 730 4477 τοιοῦτοι
754 4424 861 4495 γὰρ
889 4423 950 4476 ού
975 4423 1441 4494 καταισχύνονται,
1472 4424 1597 4477 ὅταν
1629 4441 1784 4494 μετα-

1954 4424 2041 4479 14.
2073 4422 2233 4478 Tales
2262 4421 2407 4477 enim
2436 4437 2545 4477 non
2578 4420 3009 4486 confunduntur,
3038 4438 3160 4477 cum
3192 4422 3455 4477 decedunt

210 4520 468 4575 ϐαίνωσιν
501 4521 564 4573 ὲκ
609 4516 702 4571 τοῦ
736 4518 941 4588 κόσμου
978 4515 1166 4570 τούτου
1186 4559 1200 4582 ,
1242 4518 1334 4569 καὶ
1362 4517 1598 4569 ἐναντίαι
1626 4516 1734 4569 δυνι

1931 4532 1954 4569 ι
1981 4516 2083 4571 Ιιοο
2112 4514 2339 4579 mundo,
2358 4522 2412 4568 et
2428 4513 2716 4567 contraria:
2739 4521 3035 4582 potestates
3067 4521 3277 4567 stantes
3304 4521 3455 4566 extra

214 4627 338 4679 μεις
365 4608 600 4663 ἑστῶσαι
630 4608 825 4672 ἔξωθεν
855 4608 964 4661 τῶν
986 4607 1166 4661 πυλῶν
1190 4607 1283 4660 τοῦ
1310 4606 1539 4678 ούρανοῦ
1563 4607 1738 4678 ζητοῦ<

1930 4607 2011 4662 mli
2042 4615 2229 4676 portas
2259 4614 2513 4675 quaerunt
2553 4613 2741 4660 contra
2768 4604 2916 4673 ipsos
2943 4604 3186 4659 invenire
3218 4604 3454 4673 aliquam

208 4704 334 4755 κατ’
359 4701 537 4755 αὐτῶν
567 4702 745 4772 εὑρεῖν
770 4718 891 4753 τινα
919 4699 1113 4771 πρᾶξιν
1149 4700 1390 4771 πονηρὰν
1432 4700 1505 4769 (7)
1544 4702 1626 4762 εἰς
1676 4700 1732 4753 αἰ

1931 4697 2193 4767 nprobam
2220 4697 2513 4767 actionem,
2536 4706 2597 4751 ut
2625 4710 2719 4752 eos
2742 4706 2999 4766 tanquam
3023 4703 3336 4767 peccatores
3349 4694 3455 4750 Dco

210 4793 358 4856 τοὺς,
388 4792 475 4844 ἵνα
503 4792 951 4863 κατηγορήσωσιν
981 4789 1159 4844 αὐτῶν
1200 4788 1340 4861 πρὸς
1381 4790 1473 4843 τὸν
1523 4790 1656 4845 Θεὸν
1707 4788 1783 4853 ὠς
1888 4795 2165 4845 accusent.

212 4882 632 4955 ἡμαρτηκότων.

283 5062 329 5093 ⁷⁸
360 5060 551 5116 Matth.
591 5076 741 5126 xxvr,
772 5061 861 5125 45,
893 5059 989 5117 46.

1163 5220 1466 5284 Addenda
1496 5225 1558 5283 et
1595 5217 1971 5299 corrigenda
2006 5232 2085 5277 ex
2134 5215 2275 5278 cod.
2306 5212 2507 5276 Vatic.

387 5406 785 5495 Toﬁoppfzttetv
809 5410 972 5495 ύμᾶς,
996 5411 1101 5495 καὶ
1131 5409 1327 5474 λαλεῖν,
1355 5419 1458 5467 etc.
2056 5407 2401 5495 Ὲξὲχετετότε
2422 5407 2845 5495 κηρύσσονὶτεςᾌ

279 5478 358 5549 (2)
392 5481 520 5533 Μετ’
542 5478 731 5547 ὀδύνης
754 5480 958 5549 ἤσθιον,
982 5486 1086 5534 etc.
1955 5480 2033 5549 (3)
2079 5478 2164 5549 ’_Ev
2194 5479 2405 5540 ἑαυτοῖς
2440 5481 2580 5543 σῖτα,
2615 5479 2647 5547 ἦ
2678 5478 2877 5548 βρῶσίν
2904 5491 3046 5540 τινα,
3077 5484 3183 5531 etc.

282 5482 359 5617 (ἓξ
392 5482 520 5533 Μετ’
542 5482 731 5547 ὀδύνης
754 5482 958 5601 Ῥσθιον,
982 5486 1086 5563 etc.
1365 5548 1389 5560 υ
1955 5482 2033 5617 (5)
2079 5482 2161 5561 :Ev

282 5549 339 5619 (5
390 5550 526 5602 Πότε
564 5550 622 5602 δὲ
667 5552 758 5616 ὲγε
789 5550 965 5620 ρεσθε,
999 5567 1126 5620 οταν
1154 5552 1181 5603 ὀ
1220 5550 1423 5620 Ἰησους
1462 5552 1490 5602 ό
1548 5550 1776 5620 μέλλων,
1973 5547 2036 5620 76)
2089 5549 2161 5620 70.

339 5408 359 5617 ξ

214 5616 622 5687 οιέηἾουδαίων
656 5616 948 5691 εἴπητοῖς,
978 5628 1082 5677 etc.
1115 5619 1237 5676 Mox
1260 5616 1409 5676 deest
1437 5620 1528 5673 καί
1550 5616 1606 5676 et
1638 5621 1738 5689 γάρ

1550 5616 1606 5676 et
1638 5621 1762 5689 γάρ.
1946 5616 2026 5689 (7)
2059 5616 2308 5687 Πονηρὰν
2335 5617 2683 5690 πεπραχότας
2718 5617 2932 5683 αύτούς,
2955 5628 3058 5671 etc.
