3860 6220
94 383 248 440 1211
731 370 734 373 ’
1035 377 1124 434 DE
1166 375 1442 434 TlTULlS
1477 369 2223 431 PSALMORUM.—PSAL.
2264 363 2540 426 CXXVIII.
3258 351 3402 408 12η

179 493 278 549 14.
310 492 516 564 Εἰρήνη
548 489 644 544 ἐπὶ
679 490 772 544 τὸν
808 490 1050 562 Ἰσραήλ.

1738 492 1785 548 Α
1884 484 1970 539 14.
2009 481 2205 536 Pacem
2240 493 2406 548 super
2437 473 2623 531 lsrael.

308 553 448 656 ’ρὲθξ
475 553 596 638 tier
637 553 1038 653 Ἀνασαθξαῶᾶο.
1109 585 1283 637 Ima.
1329 583 1528 636 PKH'.

1999 574 2278 629 Canticum
2312 571 2612 626 Graduum.
2645 560 2848 618 PSAL.
2883 553 3211 616 CXXVI”.

181 679 246 733 1.
288 653 586 740 Πλεονάκις
615 675 961 747 ἐπολέμησάν
998 691 1064 746 με
1091 675 1156 729 ἐκ
1181 674 1433 746 νεότητός
1463 690 1596 745 μου·

1886 669 1940 723 1.
1973 666 2127 736 Saepe
2152 667 2609 735 expugnaverunt
2641 671 2728 712 me
2781 669 2812 709 a
2846 653 3135 724 juventute
3160 661 3325 702 mea:

179 770 246 825 2.
280 770 504 825 Είπάτω
532 768 595 840 δὴ
646 766 862 839 Ἰσραήλ
882 783 898 798 ο

1885 761 1942 815 2.
1974 758 2130 814 Dicat
2163 772 2308 812 nunc
2343 754 2529 816 Israel,

181 863 247 920 3.
272 861 569 925 Πλεονάκις
585 835 936 932 ἐπολέμησαν
965 875 1032 930 με
1058 861 1123 912 ἐκ
1147 857 1398 930 νεότητός
1425 875 1524 929 μου
1551 875 1563 887 ·

1891 850 1944 905 5.
1984 847 2138 918 Saepe
2165 848 2618 915 expugnaverunt
2649 853 2736 893 me
2765 851 2795 890 a
2825 835 3112 906 juventute
3144 841 3266 884 mea
3294 844 3309 880 :

183 955 250 1013 4.
283 955 394 1010 Καὶ
419 954 530 1026 γὰρ
553 954 653 1006 οὐκ
679 928 1023 1023 ἠδυνήθησαν
1057 968 1166 1022 μοι.
1290 928 1301 930 _
1429 928 1434 929 ν

1429 928 1434 929 ί
1888 941 1941 994 1.
1970 938 2188 992 Etenim
2221 951 2328 990 non
2363 940 2657 1004 potuerunt
2695 928 2849 983 mihi.

187 1053 251 1110 5.
284 1052 413 1106 Ἐπὶ
439 1050 532 1104 τὸν
557 1048 726 1104 νῶτόν
753 1063 852 1120 μου
885 1045 1002 1100 [τοῦ
1033 1045 1202 1100 νώτου
1237 1043 1364 1116 μου]
1400 1043 1707 1096 ἐτέκταινον

1895 1032 1947 1088 5.
1977 1033 2155 1101 Supra
2171 1029 2397 1084 dorsum
2423 1041 2606 1081 meum
2629 1022 3034 1078 fabricaverunt
3057 1022 3397 1088 peccatores:

106 1147 162 1198 οι
193 1142 518 1215 ἁμαρτωλοί
539 1157 555 1174 ’

188 1204 255 1290 6:
295 1204 644 1306 ’ἐμάκρυναν
674 1231 774 1303 τὴν
798 1231 1028 1300 ἀνομίαν
1060 1229 1258 1284 αὐτῶν.

1897 1212 1953 1268 6.
1981 1211 2462 1282 Prolongaverunt
2494 1204 2837 1275 iniquitatem
2870 1213 3048 1255 suam.

189 1326 251 1380 7.
281 1294 492 1397 Κύριοξ
531 1294 742 1386 δίκαιοέ
775 1321 825 1397 [ὁ
869 1294 1074 1395 Ιξύριος
1109 1318 1355 1392 δικαίως]
1416 1315 1710 1386 συνέκοψεν

1896 1305 1950 1360 7.
1991 1304 2254 1360 Dominus
2276 1301 2462 1372 justus
2499 1296 2690 1372 [iuste]
2728 1294 2968 1352 concidit
2996 1294 3233 1347 cervices
3277 1298 3404 1357 peo-

112 1420 362 1490 αὺχένας
392 1417 732 1490 ἁμαρτωλῶν
747 1431 762 1446 ⁸

591 1417 732 1471 »λῶν
747 1431 762 1446 ο
1819 1405 2066 1454 catorum
2099 1412 2115 1450 :

292 1482 784 1582 Αἰσχυνθήτωσαν,
827 1507 920 1561 καὶ
954 1503 1460 1575 ἀποστραφήτωσαν
1515 1498 1595 1562 είς
1644 1495 1715 1549 τὰ

1902 1490 1956 1544 8.
1981 1485 2426 1548 Confundantur,
2455 1488 2509 1536 et
2541 1487 2930 1536 convertantur
2958 1483 3258 1531 retrorsum
3286 1482 3406 1523 om-

117 1601 314 1654 ὸπίσω
341 1573 631 1663 παντες-οἱ
661 1596 946 1670 μισοῦντες
974 1573 1147 1647 Σιών.-

1019 1573 1147 1647 ιώνξ
1827 1597 1948 1646 nes,
1984 1580 2079 1649 qui
2112 1578 2346 1633 oderunt
2387 1573 2541 1628 Sion.

1267 1722 1659 1783 ATHANASII'
1687 1715 2284 1776 INTERPRETATIO.

201 1893 300 1947 14.
330 1891 442 1947 Καὶ
490 1890 591 1944 οὐκ
635 1888 714 1940 ἔτι
744 1887 893 1941 ἐστὶν
925 1885 1001 1956 (1)
1032 1887 1088 1938 ἐν
1119 1887 1185 1955 τῇ
1222 1883 1334 1938 ἄνω
1374 1875 1725 1954 Ἰερουσαλὴμ

1911 1873 1999 1927 14.
2031 1869 2218 1940 Neque
2241 1867 2475 1938 amplius
2499 1875 2582 1920 est
2608 1863 2664 1918 in
2699 1876 2932 1930 superna
2961 1855 3260 1912 Jerusalem
3291 1853 3408 1910 bel-

120 1987 152 2037 ὁ
185 1983 448 2054 πολεμῶν
477 1999 601 2034 τινα
621 1997 634 2010 ο
670 1980 861 2050 εἰρήνη
1027 1947 1185 2028 ἐστιῗ
1210 1975 1398 2047 ἐπειδὴ
1431 1947 1524 2028 καὶ
1555 1991 1644 2044 τεχ

1887 1984 1938 2021 m
1979 1967 2174 2029 ullum,
2221 1963 2314 2016 sed
2368 1977 2471 2030 pax
2504 1967 2589 2013 est
2635 1975 2648 2010 :
2701 1955 2959 2025 quoniam
2987 1962 3041 2004 et
3083 1947 3308 2013 artifex,
3355 1951 3411 2004 et

122 2093 250 2145 της,
273 2045 368 2128 καὶ
383 2073 714 2146 δημιουργὸς
727 2045 905 2142 ﬁeri;
921 2045 1158 2140 ὑπάρχει
1173 2045 1401 2138 Ἰησοῦς.
1422 2069 1516 2120 καὶ
1537 2069 1646 2138 είρί

1827 2058 2010 2129 opifex
2041 2057 2188 2113 illius
2214 2051 2375 2109 Jesus
2403 2049 2621 2105 exsistit
2637 2048 2704 2114 θ’,
2735 2045 2826 2116 qui
2848 2054 2902 2099 et
2928 2058 3029 2112 pas
3055 2048 3264 2094 nostra.

124 2165 312 2236 ἡμῶν.

210 2279 280 2330 Ἦ
313 2279 646 2350 προκειμένη
705 2278 982 2350 ἐπιγραφὴ
1031 2278 1274 2350 περιέχει
1309 2278 1423 2349 (2)·
1472 2279 1610 2350 ᾨδὴ
1654 2280 2073 2350 Ἀναϐαθμῶν,
2119 2279 2257 2350 ὅπερ
2310 2274 2672 2348 ἑρμηνεύεται
2722 2267 3108 2340 ἐξομολόγησις
3145 2262 3254 2317 τῶν
3303 2258 3414 2314 ἀπὸ

124 2369 412 2445 [έννάτου]
446 2372 542 2426 τοῦ
593 2371 730 2426 Θεοῦ
767 2373 979 2445 βαθμοῦ
1015 2373 1416 2427 ἀναϐαινόντων
1459 2375 1552 2428 ἐπὶ
1593 2375 1685 2428 τὸν
1721 2377 1925 2448 Ἰησοῦν
1949 2418 1964 2442 ,
1997 2376 2244 2430 τουτέστι
2289 2373 2426 2444 μετὰ
2453 2369 2552 2440 τὴν
2601 2366 2804 2436 γνῶσιν
2833 2364 2926 2418 τοῦ
2976 2361 3174 2415 εἰδέναι
3204 2359 3271 2412 τὰ
3313 2357 3412 2427 τῆς

132 2461 443 2533 μελλούσης
479 2461 903 2532 μισθαποδοσίας
925 2503 939 2526 ,
978 2463 1281 2534 μέμνηνται
1331 2463 1386 2516 δέ
1422 2465 1566 2536 ἅπερ
1611 2466 1912 2537 ὑπέμειναν
1963 2467 2067 2520 ὑπο
2095 2466 2206 2519 τῶν
2235 2463 2493 2517 ἐναντίων
2526 2459 2806 2528 δυνάμεων
2829 2497 2841 2520 ,
2893 2457 2986 2509 καὶ
3016 2453 3133 2515 πῶς
3167 2450 3270 2504 ὑπὸ
3315 2449 3413 2517 τῆς

129 2557 366 2627 χάριτος
390 2555 484 2609 τοῦ
524 2557 730 2627 Κυρίου
764 2555 920 2627 ἡμῶν
952 2556 1320 2628 ἐρρύσθησαν,
1356 2557 1436 2610 ἔτι
1467 2574 1530 2626 γε
1565 2560 1672 2631 μὴν
1705 2563 1785 2625 εἰς
1819 2563 2158 2634 ὑψηλοτέραν
2209 2558 2410 2630 γνῶσιν
2441 2557 2680 2616 ἀνιόντες
2705 2553 2799 2607 τοῦ
2845 2547 3240 2623 προγινώσκειν
3270 2544 3416 2610 ἆπερ

135 2649 343 2718 συνέϐη
379 2653 491 2711 τοῖς
524 2649 868 2721 ἁμαρτωλοῖς
901 2648 1102 2713 ἐξιοῦσι
1134 2650 1225 2702 τὸν
1261 2649 1374 2719 βίον
1408 2651 1617 2710 τοῦτον.

203 2741 429 2796 Titulus
467 2743 795 2812 prmpnsitus
819 2743 1066 2796 continet
1092 2761 1104 2795 :
1139 2741 1422 2796 Canticum
1451 2743 1748 2808 Graduum,
1777 2742 1926 2813 quod
1959 2743 2352 2810 interpretatur
2398 2735 2674 2792 confessio
2701 2727 3114 2787 ascendentium
3144 2740 3176 2778 a
3219 2721 3418 2796 [nono]

134 2835 233 2891 Dei
272 2838 443 2907 gradu
469 2840 544 2907 (α)
569 2839 622 2891 in
659 2836 872 2901 Jesum,
896 2838 1000 2891 hoc
1025 2845 1110 2890 est
1133 2845 1256 2907 post
1277 2839 1668 2907 cognitionem,
1705 2855 1811 2908 qua
1841 2844 2239 2907 cognoverunt,
2261 2849 2382 2903 qua!
2408 2833 2474 2885 ad
2504 2828 2808 2884 mercedem
2853 2824 3090 2876 futuram
3122 2819 3417 2887 pertinent,

135 2935 526 2998 recordamur,
554 2948 676 3002 quae
706 2933 948 3001 perpessi
980 2943 1108 2988 sunt
1151 2949 1180 2987 a
1208 2935 1505 2990 contrariis
1573 2935 1956 3004 potestatibus,
1985 2941 2039 2986 et
2084 2930 2362 3000 quomodo
2402 2925 2574 2997 gratia
2604 2920 2824 2976 Domini
2869 2915 2999 2970 Jesu
3044 2911 3258 2968 liberati
3291 2919 3421 2964 sunt

133 3033 190 3080 et
217 3028 522 3080 etiamnum
560 3027 778 3095 quidem
810 3027 863 3079 in
898 3027 1146 3079 altiorem
1177 3029 1546 3099 cognitionem
1585 3031 1945 3085 ascendentes
1971 3025 2038 3079 ad
2070 3022 2562 3094 praenoscendum,
2593 3031 2716 3087 qua:
2753 3019 3012 3067 eventura
3056 3014 3184 3061 sunt
3221 3017 3418 3073 pecea-

138 3119 360 3172 toribus
397 3118 786 3172 decedentibus
814 3134 878 3171 ex
916 3124 1017 3172 tiae
1044 3119 1177 3175 vita.

209 3208 261 3261 1.
304 3208 427 3259 Ἐπὶ
456 3207 620 3259 πολὺν
650 3207 836 3279 χρόνον
866 3206 1092 3278 ἐζήτουν
1121 3205 1540 3279 αίχμαλωτίζειν
1583 3222 1650 3276 με
1671 3205 1721 3258 οἱ

1897 3201 1950 3255 1.
1995 3199 2163 3253 Multo
2199 3206 2440 3267 tempore
2475 3195 2844 3265 quaesiverunt
2891 3207 2978 3245 me
3022 3191 3296 3243 dmmones
3349 3187 3405 3241 in

134 3300 415 3372 δαίμονες,
446 3299 534 3351 ὅτε
563 3299 709 3369 ἥμην
737 3300 928 3370 νήπιος
961 3302 1026 3370 τῇ
1056 3299 1199 3353 κατὰ
1228 3299 1358 3352 Θεὸν
1387 3294 1658 3370 φρονήσει.

1897 3293 2205 3362 ιριὶνίιιιιιιηι
2248 3292 2513 3358 redigere,
2546 3286 2805 3356 quoniam
2835 3283 3190 3353 intelligentia
3223 3297 3421 3336 secun-

1839 3385 1967 3439 dum
1999 3383 2167 3436 Deum
2198 3381 2382 3435 infans
2412 3395 2583 3432 eram.

213 3476 270 3536 2,
299 3476 347 3530 5.
390 3476 478 3527 Ἐν
510 3475 606 3546 ὅλῃ
643 3477 708 3544 τῇ
744 3473 940 3544 καρδίᾳ
970 3473 1150 3528 αὐτῶν
1197 3472 1654 3544 διηγησάσθωσαν
1683 3471 1733 3526 ei.

1909 3477 1964 3539 εἰ,
1990 3479 2042 3529 5.
2076 3475 2152 3528 Et
2176 3483 2292 3527 toto
2315 3473 2477 3525 corde
2516 3485 2616 3524 suo
2643 3477 2922 3528 enarrem,
2965 3467 3056 3534 qui
3093 3477 3271 3520 mente
3301 3465 3425 3520 illu-

139 3568 507 3637 φωτισθέντες
528 3567 625 3636 τὴν
652 3565 888 3618 διάνοιαν
910 3565 1202 3632 ἐπιγνῶναι
1227 3566 1317 3618 τὸν
1346 3565 1498 3632 Θεὸν,
1531 3564 1590 3618 τὸ
1615 3582 1663 3616 πε

1903 3569 2034 3620 inati
2061 3580 2188 3620 sunt
2211 3566 2276 3619 ad
2302 3562 2738 3633 cegnoscendum
2776 3560 2966 3623 Deum,
2997 3560 3276 3628 quomodo
3321 3559 3425 3612 im-

142 3659 513 3728 ἐτιολεμοῦντο
546 3659 650 3711 ὑπὸ
681 3643 794 3712 τῶν
821 3659 1077 3713 ἐναντίων
1111 3657 1414 3727 δυνάμεων.

1842 3660 2230 3728 pugnabantur
2265 3672 2292 3708 a
2325 3653 2620 3708 contrariis
2651 3652 3033 3718 potestatibus.

218 3753 274 3807 4.
297 3751 532 3822 ,Ἐπειδὴ
568 3755 596 3805 ὁ
625 3751 827 3823 Κύριος
856 3751 1290 3821 ἁντελαμϐἀνετὸ
1327 3767 1450 3820 μου.

1912 3751 1967 3803 4.
1999 3748 2270 3813 Quoniam
2297 3744 2563 3797 Dominus
2587 3742 2883 3810 epitulalus
2913 3751 2996 3794 est
3021 3741 3173 3794 mibi.

222 3844 277 3907 5,
313 3843 366 3897 6.
407 3845 528 3896 Ἔτι
556 3844 630 3913 (3)
663 3845 760 3914 μὲν
795 3845 919 3907 τοὺς
949 3843 1040 3897 δύο
1075 3844 1288 3914 στίχους
1316 3843 1499 3896 λαϐεῖν
1540 3843 1620 3905 εἰς
1643 3841 1735 3894 τὸν

1917 3840 1970 3903 5,
1999 3840 2052 3894 6.
2086 3838 2147 3892 lli
2180 3839 2290 3891 duo
2326 3837 2546 3905 quidem
2589 3834 2845 3888 versiculi
2878 3833 3049 3901 accipi
3094 3833 3257 3886 etiam
3300 3846 3426 3899 pos-

145 3935 378 4006 Κύριον,
408 3934 684 3987 τουτέστιν
711 3934 872 4004 ἡνίκα
907 3933 1291 4005 ἐφραγελλώθη
1331 3932 1436 3986 ὑπὸ
1459 3931 1567 3985 τῶν
1603 3933 1669 3984 ‘lo

1902 3941 1973 3986 ιιιι
2011 3931 2078 3984 de
2107 3929 2363 3990 Domino,
2397 3929 2498 3980 hoc
2535 3935 2618 3979 est
2652 3941 2776 3978 cum
2816 3941 2845 3978 a
2883 3922 3085 3977 JUtl'JflS
3125 3923 3426 3991 ﬂagellatus

145 4025 350 4078 δαίων·
401 4024 551 4091 ὅμως
583 4024 677 4077 καὶ
727 4023 862 4094 πρὸς
889 4023 956 4075 τὰ
990 4023 1101 4078 ἄνω
1134 4023 1390 4093 δεδομένα
1424 4023 1669 4094 [λεγόμεν

1895 4033 1927 4078 ιι
1956 4047 1966 4078 ;
1997 4029 2380 4076 verumtamen
2421 4027 2474 4072 et
2499 4023 2745 4086 apposite
2780 4016 2846 4069 ad
2893 4032 2955 4069 ea
2986 4031 3106 4083 quae
3144 4031 3305 4083 supra
3342 4015 3419 4067 di-

148 4114 483 4186 θεωροῦνται
513 4118 578 4168 ἐκ
613 4117 720 4168 τῶν
762 4116 1176 4187 ἀπορριφέντων
1210 4115 1382 4168 ὀπίσω
1419 4133 1518 4186 μου
1569 4132 1672 4167 πονε

1904 4131 1932 4168 a
1961 4122 2112 4177 sunt,
2139 4111 2432 4180 allegorice
2468 4117 2700 4178 possunt
2745 4108 3005 4177 explicari
3052 4108 3118 4160 de
3165 4107 3425 4176 improbis

151 4207 268 4282 ρῶν
309 4206 555 4278 πράξεων
580 4247 595 4271 ,
633 4207 726 4258 καὶ
759 4206 919 4259 πάλιν
953 4206 1235 4259 ἐπετίθουν
1273 4224 1362 4276 μοι
1396 4205 1597 4271 αὑτὰς,
1643 4223 1675 4260 κ

1903 4203 2179 4265 :tionibus,
2204 4215 2344 4270 quas
2370 4211 2490 4269 post
2516 4216 2600 4252 me
2625 4199 2986 4267 projeceram,
3027 4209 3082 4251 et
3110 4213 3299 4250 rursus
3332 4213 3427 4252 eas

151 4297 420 4367 ἐπέμενον
445 4296 538 4349 ἐπὶ
567 4294 757 4368 χρόνον
797 4295 978 4349 ἱκανὸν
1006 4295 1342 4367 ἐπικείμενοί
1379 4313 1488 4367 μοι.

1907 4296 1980 4349 ibi
2007 4297 2408 4363 imposuerunt,
2441 4302 2494 4347 et
2529 4291 2621 4345 diu
2655 4300 3077 4361 permanserunt
3109 4290 3426 4345 incumben-

1846 4399 1927 4444 tes
1960 4388 2118 4440 mibi.

225 4477 280 4532 7.
324 4477 462 4530 Ἀλλ’
483 4478 511 4530 ὁ
541 4475 766 4548 Κύριος,
798 4477 826 4529 ό
856 4475 1056 4547 μηδένα
1082 4475 1337 4548 παρορῶν
1375 4475 1738 4528 πιστευόντων

1919 4480 1970 4533 7.
2010 4479 2115 4534 Sed
2151 4478 2436 4540 Dominus,
2466 4478 2557 4547 qui
2593 4477 2865 4532 neminem
2904 4476 3238 4532 credentium
3279 4475 3331 4528 in
3369 4489 3426 4530 se

152 4574 238 4634 είς
269 4571 452 4636 αὑτὸν,
483 4570 791 4624 ἐθανάτωσε
819 4569 919 4632 τὰς
940 4569 1112 4640 ἀρχὰς
1142 4569 1234 4622 καὶ
1260 4568 1357 4632 τὰς
1385 4568 1631 4635 ἐξουσίας
1649 4585 1676 4619 τ

1904 4572 2118 4640 aspicit,
2171 4571 2520 4625 mortiﬁcavit
2573 4571 2952 4641 principatus,
3016 4579 3072 4624 et
3131 4577 3428 4639 potestates

157 4662 404 4725 σκότους.

1848 4665 2218 4719 tenebrarum.

230 4755 284 4810 8.
316 4755 407 4808 Ἐν
438 4758 504 4826 τῇ
541 4754 806 4827 μελλούσῃ
837 4755 1018 4826 ἡμέρᾳ
1045 4755 1142 4818 τῆς
1164 4754 1396 4826 κρίσεως
1425 4755 1453 4807 ὁ
1474 4752 1738 4816 διάϐολος,

1916 4757 1970 4811 8.
2000 4755 2056 4811 In
2088 4757 2177 4812 die
2202 4767 2430 4812 ventura
2454 4756 2647 4826 judicii
2686 4757 2962 4823 diabolus,
2993 4765 3048 4811 et
3073 4755 3248 4826 angeli
3291 4754 3426 4823 ejus,

158 4849 256 4902 καὶ
287 4848 336 4901 οἱ
366 4846 586 4915 ἄγγελοι
606 4847 792 4911 αὐτοῦ,
815 4849 908 4900 καὶ
929 4847 1129 4911 πάντες
1156 4848 1204 4898 οί
1227 4844 1534 4914 πειθόμενοι
1558 4845 1682 4897 αὐτο

1927 4850 2250 4920 omnes,qui
2275 4851 2407 4920 ipsis
2429 4850 2692 4904 obediunt
2717 4850 3148 4902 condemnentur
3170 4848 3222 4900 in
3250 4846 3428 4915 ignem

159 4938 716 5009 καταδικασθήτωσαν
743 4937 820 5008 τῷ
844 4939 1046 5008 αίωνίῳ
1075 4937 1229 5008 πυρὶ,
1256 4937 1304 4988 οἱ
1332 4935 1682 5006 ἁποστρεφόμ

1907 4949 2136 5006 ternum,
2179 4943 2271 5011 qui
2319 4942 2556 4996 aversati
2599 4951 2728 4997 sunt
2752 4957 2914 4996 omne
2942 4940 3160 4996 Domini
3205 4941 3431 4995 manda-

159 5049 243 5086 νοι
275 5031 454 5084 πᾶσαν
493 5031 712 5103 ἐντολὴν
759 5029 854 5084 τοῦ
889 5028 1116 5101 Κυρίου.
1177 5027 1330 5082 Σιὼν
1371 5026 1480 5098 γὰρ
1522 5027 1683 5080 circa;

1587 5025 1741 5096 ’τολὴ
1849 5042 1989 5086 tum.
2027 5031 2157 5087 Sion
2186 5034 2330 5088 enim
2363 5033 2676 5088 mandatum
2706 5035 3111 5104 interpretatur.

161 5118 546 5192 ἑρμηνεύεται.

232 5232 278 5266 ⁸³
300 5231 468 5289 llebr.
494 5248 576 5302 Il,
617 5232 706 5288 10.

1115 5323 1425 5388 Addenda
1455 5331 1517 5385 et
1549 5324 1930 5405 corrigenda
1975 5344 2054 5388 ex
2085 5326 2228 5390 cod.
2280 5328 2485 5391 Vatie.

234 5451 314 5593 El)
349 5452 562 5514 Ἔσται,
599 5459 704 5506 etc.
745 5451 1011 5522 Ἰησοῦςή
1048 5451 1238 5522 εἰρήνη
1273 5451 1448 5522 ἡμῶν.

260 5523 318 5592 2)
359 5523 422 5574 'H
456 5522 548 5593 διὸι
582 5523 682 5593 τῆς
735 5522 1105 5593 κινναβάρεως
1139 5522 1432 5593 περιέχει(
1462 5520 1584 5592 ’ῼδὴ
1615 5521 1747 5582 τῶν.

1091 5451 1238 5522 ἱρήνη
1273 5451 1448 5522 ἡμῶν.
1849 5453 1992 5522 ἆπερ
2021 5454 2308 5523 συμϐαίνει
2341 5458 2473 5521 τοῖς,
2510 5465 2615 5510 etc.

1091 5538 1105 5584 ;
1139 5522 1380 5591 περιέχει
1400 5539 1432 5593 Ἀ
1462 5520 1584 5592 ’ῼδὴ
1615 5521 1747 5582 τῶν.
1922 5525 1997 5592 (3)
2025 5525 2181 5577 Ἐστι
2209 5526 2327 5592 μέν,
2355 5536 2460 5580 etc.
2487 5568 2500 5587 ,
2545 5529 2610 5593 ἐφ

260 5520 318 5592 2)
345 5523 431 5601 -'H_
456 5522 559 5601 6nd:-
582 5523 708 5601 τῆς.
735 5520 1110 5601 κιννλαίξάρεευς
1132 5520 1380 5601 *περιέχει
1400 5539 1436 5601 ἰ
1462 5520 1584 5601 ’ίξδῂ
1615 5521 1747 5582 τῶν.

1922 5520 1997 5601 (5)
2025 5520 2192 5601 ’ξΕῗστι-
2209 5526 2327 5592 μέν,
2355 5520 2466 5601 etc.
2487 5568 2500 5587 ,
2545 5523 2968 5601 ἐφραχγελιῦθηο
2995 5523 3274 5601 _xat_1t_pb;
3305 5525 3428 5601 rei);

167 5591 444 5666 etc.,_&1to
469 5592 560 5645 τοῦ
591 5591 810 5666 ἐννάτου
838 5591 1069 5666 βαθμοῦ,
1091 5599 1220 5658 etc.,
1259 5594 1350 5666 tu}.
1389 5591 1745 5666 τὸνδέκατον,
1861 5591 2145 5659 Ἰουδαίους
2167 5591 2336 5665 ὅμως,
2354 5599 2447 5651 καὶ
2473 5591 3098 5666 πρὸξτὰᾶποδεδομένα,
3115 5595 3150 5649 ἃ
3168 5591 3432 5666 θεωροῦν-

169 5661 580 5730 τουτέστι,ειο.,
605 5663 878 5734 μέμνηται
903 5661 1067 5733 ἆπερ,
1100 5671 1228 5727 etc.,
1256 5663 1349 5716 καὶ
1366 5662 1425 5714 τὸ
1451 5661 1586 5727 πῶς,
1613 5672 1693 5718 etc

1849 5682 1960 5731 ται,
1994 5676 2123 5731 etc.,
2161 5661 2412 5738 πράξεων
2441 5661 2621 5735 πάλιν,
2641 5677 2770 5734 etc.,
2797 5661 3140 5738 ἐπικείμεναί
3175 5661 3286 5736 μοι.

241 5788 266 5857 (
279 5785 343 5857 a)
374 5785 575 5841 Divina:
595 5783 800 5842 scilicet
828 5781 1224 5840 retributionis.
