3860 6220
143 288 291 344 1245
726 306 732 314 ’
1015 297 1108 353 ΒΕ
1148 297 1434 356 TlTULlS
1471 296 1934 355 PSALMOBUM.
1976 328 2045 339 ——
2076 293 2274 353 PSAL.
2353 295 2569 353 CXXX.
3279 288 3418 347 12-56

216 405 273 459 4.
310 406 432 459 Ἐὰν
463 407 695 480 ἀνομίας
724 417 1127 489 παρατηρήσῃς
1151 418 1605 493 [παρατηρήσει],
1627 421 1739 475 Κύ-

1632 421 1739 475 Κύ-
1764 426 1814 484 Α
1915 421 1973 476 4.
2007 419 2064 474 Si
2100 420 2420 491 iniquitates
2458 416 2857 484 observaveris,
2890 414 3156 471 Domine:

144 514 231 571 ριε
257 514 268 525 '

218 589 274 643 5.
311 591 504 663 Κύριε,
530 595 614 658 τίς
641 596 1004 670 ύποστήσεται
1039 601 1150 672 (α.);

1913 597 1965 651 5.
1998 593 2249 661 Domine,
2280 595 2404 664 quis
2435 592 2768 649 sustinebit?

223 678 279 733 6.
312 682 432 735 Ὅτι
454 685 606 756 παρὰ
640 686 724 739 σοὶ
754 688 980 759 ἱλασμός
1013 691 1181 749 ἑστιν.

1914 688 1966 742 6.
2006 687 2148 752 Quia
2186 688 2330 755 apud
2362 695 2413 740 te
2454 686 2771 756 propitiatio
2803 692 2922 739 est:

221 770 275 825 7.
307 773 530 827 Ἕνεκεν
558 775 650 827 τοῦ
679 776 941 848 ὀνόματός
967 796 1059 832 σου
1103 781 1372 853 ὑπέμεινὰ
1402 799 1481 847 σε,
1514 781 1703 853 Κύριε.

1914 780 1963 833 7.
2011 775 2243 847 Propter
2278 780 2450 849 legem
2486 787 2635 853 tuam
2681 776 2921 833 sustinui
2962 785 3033 840 te,
3064 774 3313 829 Domine.

228 862 283 922 8.
334 864 657 935 ’Υπέμεινεν
686 870 719 939 ή
763 869 907 941 ψυχή
941 888 1043 941 μου
1076 874 1157 935 εἰς
1189 873 1278 926 τὸν
1306 874 1462 943 λόγον
1498 852 1609 927 σου
1636 872 1740 945 [εἰς

1913 872 1967 927 8.
2009 871 2287 927 Su5tinuit
2316 873 2498 927 anima
2522 852 2646 927 \mea
2691 872 2746 926 in
2778 871 2947 925 verbo
2977 870 3096 940 ejus
3136 868 3213 941 [in
3242 867 3424 923 verbis

155 956 286 1017 τοὺς
312 956 501 1024 λόγους
544 976 635 1011 σου
658 958 677 1031 ]
707 975 723 991 °

495 975 501 1016 :
544 958 677 1031 σου]
707 975 723 991 ο
1846 962 1975 1033 tuis]
2007 980 2019 1015 :

232 1048 289 1101 9.
322 1048 587 1103 Ἥλπισεν
613 1054 644 1123 ἡ
671 1051 813 1124 ψυχή
841 1071 941 1123 μου
959 1055 1051 1107 ἐπὶ
1085 1055 1175 1108 τὸν
1200 1054 1424 1127 Κύριον.
1635 1074 1638 1078 ‘

1635 1074 1638 1078 λ
1914 1056 1968 1109 9.
2017 1055 2271 1124 Speravit
2298 1055 2481 1108 anima
2510 1069 2631 1108 mea
2664 1054 2717 1107 in
2746 1053 2997 1108 Domino.

238 1140 327 1194 10.
360 1141 493 1194 Ἀπὸ
521 1142 765 1215 φυλακῆς
796 1145 1006 1216 πρωίας
1053 1146 1215 1216 μέχρι
1246 1148 1460 1211 νυκτὸς,
1519 1200 1528 1209 .

1917 1150 2005 1203 10.
2048 1152 2093 1200 Α
2130 1149 2382 1203 custodia
2427 1149 2695 1202 matutina
2728 1164 2903 1217 usque
2936 1149 3000 1201 ad
3044 1156 3281 1209 noctem,

242 1229 330 1283 11.
363 1231 498 1284 Ἀπὸ
536 1232 783 1305 φυλακῆς
823 1237 1034 1306 πρωίας
1070 1236 1344 1291 ἑλπισάτω
1398 1234 1612 1308 Ἰσραὴλ
1652 1234 1746 1288 ἐπὶ

1918 1240 2006 1296 11.
2049 1241 2095 1294 Α
2118 1240 2369 1296 custodia
2399 1241 2670 1295 matutina
2690 1250 2872 1310 speret
2897 1239 3063 1296 Israel
3094 1241 3146 1293 in
3171 1238 3422 1294 Domino.

165 1321 260 1375 τὸν
295 1323 519 1394 Κύριον.

236 1415 328 1467 12.
359 1415 482 1466 ’Ότι
511 1415 661 1485 παρὰ
692 1413 770 1486 τῷ
809 1416 1001 1487 Κυρίῳ
1034 1415 1095 1469 τὸ
1122 1416 1289 1481 ἕλεος,

1921 1420 2011 1474 12.
2052 1419 2190 1484 Quia
2232 1421 2375 1490 apud
2406 1419 2699 1475 Dominum
2742 1420 3142 1487 misericordia,

166 1498 173 1501 ’
236 1504 330 1557 15.
363 1504 474 1557 Καὶ
502 1505 670 1575 πολλὴ
706 1498 835 1576 παρ’
866 1507 1014 1578 αὐτῷ
1048 1509 1317 1580 λύτρωσις

1920 1512 2008 1565 13.
2046 1510 2113 1565 Et
2138 1513 2360 1581 copiosa
2397 1513 2541 1580 apud
2575 1528 2699 1566 eum
2728 1512 3073 1581 redemptio:

238 1595 329 1649 14.
362 1597 474 1648 Καὶ
498 1597 662 1661 αὐτὸς
696 1597 1030 1670 λυτρὼσεται
1066 1600 1159 1655 τὸν
1198 1598 1417 1671 Ἰσραὴλ
1461 1599 1526 1653 ἐκ
1558 1599 1748 1655 πασῶν

1924 1603 2011 1657 14.
2058 1602 2123 1655 Et
2169 1603 2286 1672 ipse
2315 1604 2547 1658 redimet
2580 1603 2750 1659 lsrael
2784 1619 2852 1659 ex
2879 1604 3138 1658 omnibus
3165 1601 3430 1673 iniquita-

164 1687 276 1741 τῶν
307 1688 546 1758 ἀνομιῶν
572 1688 755 1743 αὐτοῦ.

646 1688 755 1743 τοῦ.
1855 1694 1999 1748 tibus
2032 1694 2170 1763 ejus.

250 1780 392 1851 ’ῼδὴ
422 1780 541 1835 τῶν
576 1781 946 1850 Ἀναϐαθμῶν
984 1782 1065 1847 τῷ
1098 1782 1291 1836 Δαϐίδ.
1347 1785 1521 1838 ΨΑΛ.
1546 1785 1679 1838 ΡΛ’.

1953 1783 2233 1838 Canticum
2289 1784 2562 1838 Craduum
2626 1784 2813 1839 David.
2867 1783 3068 1838 PSAL.
3121 1783 3345 1839 CXXX.

237 1876 292 1928 1.
327 1874 523 1945 Κύριε,
558 1876 657 1944 οὐχ
691 1873 880 1945 ὑψώθη
913 1877 946 1945 ἡ
976 1874 1172 1947 καρδία
1206 1890 1341 1945 μου⁶

1930 1877 1981 1930 1.
2026 1876 2279 1944 Domine,
2316 1895 2426 1933 non
2458 1887 2543 1934 est
2575 1881 2875 1933 exaltatum
2908 1894 3005 1933 cor
3032 1893 3213 1931 meum
3241 1896 3255 1931 :

236 1993 315 2065 (α)
346 1993 506 2049 Vers.
535 1994 592 2062 4,
627 1994 680 2062 5,
712 2010 855 2049 vers.
893 1996 1108 2049 unicus.

1295 2108 1681 2164 ATHANASII
1720 2092 2304 2165 INTERPRET‘ATIO.

235 2247 293 2311 4,
318 2246 371 2299 5.
400 2243 524 2297 Ἐὰν
549 2246 793 2314 προσχῇς
816 2245 936 2305 ταῖς
956 2241 1204 2312 ἀνομίαις
1226 2241 1404 2311 ἡμῶν,
1429 2241 1523 2293 καὶ
1547 2240 1621 2311 (Ι)
1648 2240 1754 2311 πρὸ

1921 2244 1976 2310 4,
2008 2245 2064 2298 5.
2093 2243 2149 2297 Si
2173 2244 2421 2298 attendas
2451 2244 2769 2313 iniquitates
2794 2253 3030 2309 nostras,
3057 2256 3109 2298 et
3132 2246 3433 2300 secundum

166 2339 346 2407 αὐτῆς
366 2336 508 2389 οὕτω
537 2337 767 2406 ποιήσῃς
799 2336 948 2406 ὑμῖν,
981 2334 1174 2404 Κύριε,
1202 2333 1499 2403 Κύριε,τίς
1527 2332 1690 2403 περιλη

1915 2354 1974 2400 ιε,
2020 2338 2092 2391 ita
2121 2338 2290 2393 facias
2332 2338 2510 2404 nobis,
2555 2338 2805 2405 Domine,
2836 2336 3084 2403 Domine,
3121 2339 3243 2407 quis
3274 2338 3439 2394 relin-

165 2431 470 2504 φθήσεται;

1859 2432 2101 2501 quetur?

236 2522 288 2575 6.
320 2523 440 2573 ’Ὁτι
474 2520 537 2572 σὺ
570 2514 623 2571 εἴ
655 2522 687 2572 ό
710 2520 965 2586 ἱλασμός
988 2517 1107 2569 τῶν
1132 2515 1205 2586 (2)
1227 2514 1525 2584 ἁμαρτιῶν
1557 2512 1748 2581 ἡμῶν·

1931 2521 1985 2575 6.
2026 2520 2295 2587 Quoniam
2329 2533 2382 2576 tu
2434 2537 2493 2576 es
2550 2523 2866 2591 propitialio
2906 2540 3003 2591 pro
3054 2525 3282 2592 peccatis
3339 2541 3436 2577 no-

165 2618 236 2669 οὺ
266 2616 467 2683 μόνον
503 2612 569 2664 δὲ
599 2611 732 2678 περὶ
766 2610 885 2663 τῶν
922 2608 1245 2678 ἡμετέρων,
1279 2605 1440 2661 ἀλλὰ
1476 2605 1573 2661 καὶ
1622 2621 1689 2657 πε

1914 2613 2024 2666 ris:
2064 2629 2167 2664 non
2201 2629 2297 2681 pro
2330 2614 2529 2667 nostris
2560 2624 2738 2666 autem
2781 2622 3008 2681 tantum,
3037 2614 3128 2666 sed
3157 2616 3318 2667 etiam
3354 2623 3434 2666 to-

166 2707 324 2761 ὅλου
364 2704 468 2757 τοῦ
500 2705 752 2771 κόσμου.

1862 2704 1966 2756 tius
2003 2704 2184 2756 mundi
2215 2704 2281 2757 ⁸³.

239 2799 291 2851 7.
333 2798 454 2849 Ὅτι
483 2795 727 2865 ἐλεήμων
773 2794 865 2848 καὶ
909 2792 1292 2863 φιλάνθρωπος
1325 2791 1615 2862 ὑπάρχεις,
1667 2789 1757 2843 διὰ

1932 2797 1986 2853 7.
2028 2798 2297 2863 Quoniam
2327 2796 2665 2863 misericors,
2690 2806 2742 2851 et
2760 2796 3027 2866 benignus
3046 2812 3127 2860 es,
3156 2805 3442 2866 proptere:

164 2890 334 2948 τοῦτο
358 2886 515 2956 κάγὼ
549 2886 918 2956 ἁπεκδέχρμαι
948 2884 1098 2956 παρὰ
1137 2883 1230 2935 σοῦ
1276 2882 1582 2953 ἐλεηθῆναι.

1877 2887 2029 2941 aliam
2062 2901 2163 2954 ego
2197 2897 2454 2955 exspecto
2496 2887 2933 2941 misericordiam
2962 2888 3229 2956 consequi
3259 2903 3291 2941 a
3330 2897 3401 2943 te.

243 2984 298 3038 8.
341 2982 452 3036 Καὶ
482 2980 744 3050 ὑπομένει
779 2979 855 3049 ('5)
899 2980 933 3048 ἡ
985 2976 1129 3047 ψυχή
1168 2993 1268 3046 μου
1298 2977 1377 3039 είς
1410 2975 1508 3041 τὰς
1542 2972 1761 3037 ἐντολάς

1934 2978 1986 3033 8.
2029 2978 2095 3033 Et
2125 2988 2411 3049 permanet
2456 2980 2640 3033 anima
2677 2995 2797 3034 mea
2834 2979 2887 3032 in
2924 2981 3210 3050 prmceptis
3243 2981 3371 3036 tuis.

169 3096 290 3134 σου.

240 3172 299 3226 9.
338 3168 618 3231 Ἐλπισον,
653 3165 730 3236 (4)
764 3167 797 3235 ἡ
834 3163 976 3234 ψυχή
1015 3180 1151 3233 μου,
1200 3162 1280 3225 εἰς
1306 3161 1398 3214 τὸν
1430 3159 1650 3233 Κύριον,
1680 3161 1761 3214 ὅτι

1935 3163 1989 3218 9.
2045 3162 2237 3231 Spera,
2280 3162 2466 3216 anima
2500 3177 2642 3228 mea,
2679 3160 3014 3227 in'Domino,
3043 3159 3305 3229 quoniam
3338 3172 3448 3212 non

168 3265 271 3317 οὑκ
307 3262 375 3315 ἂν
402 3260 713 3332 ἀπερῤίφης
741 3259 834 3310 ἀπ’
864 3253 1049 3309 αὑτοῦ.

954 3253 1049 3308 ςοῦ.
1864 3251 2113 3320 projecta
2143 3267 2202 3306 es
2236 3252 2306 3305 ab
2335 3254 2478 3320 ipso.

249 3356 343 3410 10.
378 3354 668 3406 Φυλάττων
688 3350 848 3403 αὑτὸν
874 3348 952 3421 (5)
979 3346 1074 3401 τοῦ
1106 3348 1180 3418 μὴ
1205 3346 1522 3417 ἁμαρτῆσαι
1551 3345 1762 3416 ἡμέρας

1942 3342 2026 3395 10.
2077 3343 2408 3398 Custodiens
2482 3342 2794 3411 meipsum,
2846 3355 2916 3395 ne
2979 3356 3200 3411 peccem
3259 3339 3347 3394 die
3388 3355 3453 3394 ac

172 3450 269 3504 καὶ
292 3446 511 3509 νυκτός.

1867 3448 2046 3489 noete.

245 3538 481 3595 11.’Καὶ
512 3531 1020 3604 συντηρῶν,ἑαυτὸν
1060 3532 1117 3583 ἑν
1144 3531 1257 3591 τοῖς
1297 3528 1479 3599 ἔργοις
1510 3527 1605 3579 τοῦ
1653 3544 1764 3595 φω-

1946 3527 2031 3579 11.
2077 3526 2143 3579 Ει
2188 3541 2525 3581 conservans
2567 3542 2626 3581 se
2668 3527 2845 3595 ipsum
2896 3526 2950 3579 in
2992 3526 3253 3595 operibus
3290 3526 3448 3588 lucis,

173 3633 287 3696 τὸς,
331 3628 607 3682 ὲλπισάτω
656 3626 764 3687 πᾶς
796 3624 933 3694 ἀνὴρ
966 3622 1076 3675 τῶν
1111 3620 1363 3691 ὁρώντων
1392 3619 1484 3671 τὸν
1525 3618 1659 3670 Θεὸν
1694 3640 1697 3650 ι

1926 3625 2048 3671 .eret
2086 3617 2268 3670 omnis
2303 3617 2468 3668 homo
2492 3616 2685 3670 videns
2722 3615 2888 3669 Deum
2920 3626 3141 3670 mente:
3181 3618 3255 3669 ita
3303 3617 3450 3670 enim

173 3721 394 3791 διανοίᾳ
418 3736 431 3748 ·
467 3718 624 3771 τοῦτο
667 3716 777 3786 γὰρ
820 3712 1185 3785 ἑρμηνεύεται
1220 3709 1460 3782 Ἰσραὴλ,
1505 3708 1665 3777 ἀνὴρ

1533 3708 1665 3777 irin
1704 3711 1765 3761 ό-
1868 3710 2044 3765 Israel
2083 3710 2497 3774 interaretatur,
2529 3710 2610 3762 vir
2638 3710 2821 3763 videns
2868 3710 3057 3765 Deum.

210 3815 299 3867 ὧν
346 3812 513 3865 Θεόν.

172 3834 299 3884 ρων
346 3834 513 3865 δεον.

249 3906 345 3961 12.
384 3906 514 3956 Ὀτι
546 3899 704 3968 παρὰ
754 3896 835 3963 τῷ
887 3896 1084 3964 Κυρίῳ
1129 3893 1204 3966 (6)
1254 3894 1323 3947 τὸ
1357 3893 1532 3957 ἕλεος
1559 3890 1696 3944 δίδοτ

1936 3884 2025 3939 12.
2069 3882 2211 3948 Quia
2254 3884 2395 3952 apud
2428 3883 2714 3937 Dominum
2744 3885 3116 3939 misericordia
3156 3886 3205 3921 ⁸⁵
3247 3886 3452 3956 imper—

176 4002 293 4061 τοῖς
328 3996 659 4066 ἀνθρώποις.

1872 3978 2007 4033 titur
2042 3978 2380 4031 hominibus.

253 4092 347 4145 1'5.
380 4088 491 4141 Kal.
516 4085 677 4146 αὐτὸς
705 4081 793 4136 διὰ
823 4079 917 4137 τοῦ
946 4078 1131 4149 τιμίου
1173 4075 1406 4147 αἵματος
1428 4074 1505 4145 (7)
1558 4072 1768 4134 πάντας

1950 4070 2040 4124 15.
2083 4068 2149 4122 Ει
2207 4070 2323 4137 ipse
2376 4068 2621 4137 pretioso
2665 4070 2934 4141 sanguine
2989 4087 3181 4127 omnes
3225 4071 3455 4126 redimet

179 4181 515 4251 ἑξαγοράσει
543 4178 670 4239 τοὺς
704 4172 1058 4233 πιστεύοντας
1084 4172 1163 4232 εἰς
1194 4168 1376 4221 αὐτόν.

916 4188 1058 4233 ιντας
1084 4172 1163 4232 εἰς
1194 4168 1376 4221 αὐτόν.
1875 4162 2161 4217 credentes
2203 4162 2257 4214 in
2294 4176 2440 4215 eum.

256 4246 492 4327 1ξ1ίΚαὶ
521 4266 620 4329 τὰς
646 4264 875 4334 ἀνομίας
908 4262 1123 4313 πάντων
1154 4258 1231 4328 (8)
1275 4255 1564 4325 ἐξαλείψει.

1505 4272 1564 4308 ει,
1951 4247 2040 4301 14.
2084 4246 2152 4300 Et
2187 4248 2432 4301 omnium
2465 4248 2781 4317 iniquitates
2812 4248 3029 4306 delebit.

266 4368 338 4421 Ἠ
360 4361 695 4435 προκειμένη
728 4355 1006 4427 ἐπιγραφὴ
1041 4351 1285 4424 περιέχει
1319 4351 1427 4421 (9)·
1479 4347 1619 4419 ᾨδὴ
1649 4346 1768 4401 τῶν
1812 4342 2188 4412 Ἀναϐαθμῶν
2222 4340 2303 4408 τῷ
2333 4343 2532 4409 Δαϐὶδ,
2564 4345 2701 4415 ὅπερ
2731 4345 3094 4415 ἑρμηνεύεται
3121 4344 3451 4415 ἐξομολόγη-

186 4480 273 4524 at;
307 4457 387 4523 τῷ
414 4452 595 4518 ἱκανῷ
625 4450 700 4519 τῇ
730 4450 903 4518 χειρὶ,
936 4446 1181 4499 τουτέστι
1211 4443 1288 4513 τῷ
1324 4442 1438 4513 Υἱῷ
1466 4442 1559 4494 τοῦ
1594 4439 1753 4504 Θεοῦ,
1789 4439 1895 4492 τῶν
1939 4437 2338 4491 ἀναϐαινόντων
2380 4438 2486 4489 ἀπὸ
2524 4436 2618 4489 τοῦ
2655 4437 2940 4490 ἑνδεκάτου
2974 4437 3181 4507 βαθμοῦ
3234 4439 3325 4490 ἐπὶ
3364 4439 3456 4492 τὸν

196 4537 433 4627 Ἰησοῦν,
462 4546 663 4603 ὡσανεὶ
687 4544 798 4597 ἀπὸ
822 4542 921 4611 τῆς
952 4538 1416 4608 ἑξομολογήσεως,
1452 4535 1547 4587 καὶ
1593 4533 1690 4602 τῆς
1731 4530 1965 4595 ἐλπίδος,
2013 4530 2106 4585 καὶ
2141 4529 2477 4599 τελειότητος
2506 4530 2603 4599 τῆς
2632 4531 2712 4591 εἰς
2738 4529 2828 4582 τὸν
2853 4529 3086 4600 Χριστὸν
3117 4529 3457 4600 ἀναϐέϐηκεν

184 4655 270 4713 εἰς
291 4648 355 4700 τὸ
383 4647 481 4717 τῆς
509 4636 1007 4709 ταπεινοφροσύνης
1035 4632 1189 4701 ὕψος.

256 4716 478 4796 Titulus
509 4732 843 4807 prazpositus
876 4726 1123 4782 continet
1160 4742 1173 4777 :
1205 4721 1487 4777 Canticum
1514 4718 1793 4771 Graduum
1824 4716 2018 4781 David,
2052 4718 2196 4787 quod
2224 4718 2615 4787 interpretatur
2662 4716 2936 4772 confessio
2966 4733 3127 4771 manu
3154 4719 3311 4787 forti,
3354 4719 3458 4775 hoc

185 4848 275 4897 est
310 4836 407 4891 Dei
435 4833 577 4889 Filio
596 4872 611 4897 ,
641 4824 1054 4885 ascendentium
1091 4820 1160 4874 ab
1206 4818 1495 4873 undecimo
1522 4816 1692 4885 gradu
1730 4816 1782 4868 in
1810 4813 2021 4876 Jesum,
2050 4816 2301 4869 videlicet
2329 4831 2359 4868 a
2391 4814 2558 4884 gradu
2594 4811 2976 4877 confessionis,
3012 4818 3065 4865 et
3093 4811 3229 4881 spei,
3256 4825 3311 4866 et
3338 4827 3459 4882 pcr-

185 4926 470 4988 fectionis,
502 4937 624 4992 quae
645 4928 730 4974 est
750 4918 803 4970 in
835 4915 1075 4977 Christo,
1105 4909 1350 4965 ascendit
1380 4908 1436 4961 in
1463 4906 1808 4961 altitudinem
1840 4905 2188 4960 humilitatis.

264 5025 319 5078 1.
344 5020 537 5093 Κύριε,
569 5017 670 5070 οὐκ
693 5010 1030 5080 ἐλογισάμην
1064 5003 1203 5060 εἷναί
1230 5021 1321 5057 σου
1352 5001 1521 5067 ἄξιος.

1963 5001 2017 5054 1.
2059 5000 2312 5068 Domine,
2343 5015 2452 5055 non
2485 5000 2794 5056 existimavi
2826 5013 2914 5055 me
2940 5013 3062 5054 esse
3090 4999 3313 5070 dignum
3350 5009 3420 5053 te.

260 5137 311 5169 ⁸³
347 5132 549 5188 lJoan.
584 5145 647 5194 ιι,
678 5127 732 5180 2.
809 5124 857 5155 ⁸⁵
884 5120 1035 5177 Psal.
1071 5134 1257 5184 cxxrx,
1290 5118 1341 5170 7.

1165 5233 1475 5298 Addenda
1517 5241 1579 5294 et
1611 5230 1989 5310 corrigenda
2021 5247 2099 5291 ex
2130 5229 2271 5290 cod.
2310 5228 2510 5289 Vatia.

269 5379 347 5449 (1)
380 5376 490 5430 Καὶ
534 5371 671 5444 πρὸς
699 5369 869 5432 αὑτὰς
899 5365 1073 5427 οὕτως
1102 5364 1235 5433 ἡμῖν
1271 5360 1517 5431 ποιήσεις
1537 5399 1552 5423 ,
1584 5358 1778 5429 Κύριε,
2193 5354 2427 5449 ξξυρίουΣ

192 5422 293 5507 κά.
325 5422 429 5512 τίς.
463 5422 604 5498 Nc.r
650 5422 670 5435 ’
1123 5422 1156 5433 Η

1387 5422 1397 5431 ’
1540 5422 1544 5423 ί
1677 5422 1687 5429 ’
2060 5428 2164 5512 Τοῦ
2177 5422 2372 5508 ..τιμίου
2407 5423 2570 5512 αἰζτοῦ
2604 5422 2851 5494 αἵματος.

270 5495 351 5590 (2)
460 5495 667 5590 ρὶιτῶν.
697 5516 804 5565 etc.

1953 5495 2028 5569 (8)
2055 5495 2258 5551 Αὐτῶν
2278 5511 2376 5565 pro
2410 5495 2648 5548 πάντων.

1956 5571 2025 5590 [nx
2071 5570 2134 5590 cn
2169 5566 2250 5590 δαὶ.
2282 5567 2341 5590 -3
2360 5584 2379 5590 -
2401 5566 2768 5590 --........£.'.--..-
2791 5563 3030 5590 ---..ι..-.
3087 5573 3168 5590 AIA
3250 5555 3457 5590 Ω..Ω-.Απ

858 5650 867 5653 _
922 5649 932 5653 Α
1010 5645 1021 5653 _
1286 5641 1297 5653 ι
1397 5642 1408 5653 ‘
1436 5639 1473 5653 Η
1668 5648 1678 5653 Δ
1882 5646 1894 5653 _
2071 5566 2253 5653 Ἣκδικὸι
2280 5559 2379 5636 τῆς
2401 5566 2770 5653 κινναϐάρεως
2790 5563 3057 5636 περιέχει,
3086 5573 3216 5627 etc.,
3250 5559 3458 5633 βαθμοῦ

379 5637 663 5713 ’Ἡλπίσεψ
691 5660 818 5716 etc.,
856 5649 945 5701 ἐπὶ
966 5645 1076 5710 τόν,
1104 5652 1232 5711 etc.,
1275 5639 1605 5712 ἁπερῤίφην,
1634 5648 1732 5694 clc.

274 5729 351 5777 (5)
387 5724 631 5777 Ἑαυτὸν.
658 5731 762 5777 etc.
1028 5770 1033 5777 ,

1304 5639 1605 5712 ιπερῤίφην,
1634 5648 1732 5694 clc.
1879 5637 1971 5697 ἒπῖ
2002 5642 2092 5695 τὸν
2124 5638 2446 5703 δωδέκατον,
2477 5637 2698 5701 ὡσανεί,
2726 5645 2828 5690 etc.

274 5729 351 5792 (5)
387 5728 631 5787 Ἑαυτὸν,
658 5731 762 5778 etc.
