3860 6220
436 335 578 392 1247
1285 347 1343 403 S.
1386 349 1761 408 ATHANASH
1804 353 1954 410 OPP.
2002 355 2184 411 PARS
2224 357 2311 412 Ill.
2351 385 2424 400 -—
2458 354 2877 413 EXEGETICA.
3569 350 3703 407 5m

504 458 559 514 2.
598 458 781 529 Neque
813 461 941 517 elati
975 474 1105 520 sunt
1129 468 1274 521 oculi
1307 471 1412 524 mei
1441 489 1455 524 :

2049 489 2097 546 Α
2199 478 2255 533 2.
2281 479 2414 532 Οὐδὲ
2446 477 2930 549 ἐμετεωρίσθησαν
2951 475 3000 529 οἱ
3030 469 3297 546 ὀφθαλμοί
3333 489 3436 544 μου
3455 486 3471 503 ⁸

503 551 558 604 5.
601 551 786 624 Neque
820 556 1099 611 ambulavi
1138 559 1191 613 in
1241 564 1453 632 magnis
1487 582 1499 618 :

2192 572 2244 625 3.
2272 571 2408 623 Οὐδὲ
2429 569 2736 642 ἐπορεύθην
2762 571 2820 622 ὲν
2848 569 3107 640 μεγάλοις
3126 583 3138 597 ⁶

498 644 557 699 4.
599 644 787 717 Neque
818 649 870 703 in
908 651 1254 708 mirabilibus
1289 671 1454 724 super
1489 672 1594 712 me.

2189 662 2243 716 4.
2275 663 2409 716 Οὐδὲ
2433 666 2490 716 ὲν
2526 663 2853 733 θαυμασίοις
2881 660 3022 734 ὑπὲρ
3046 660 3166 732 ἐμέ.

509 739 564 793 5.
610 739 666 794 Si
694 756 800 795 non
829 743 1110 800 humiliter
1139 749 1467 815 sentiebam,
1503 752 1598 806 sed
1631 753 1866 808 exaltavi
1898 754 2020 810 ani-

2195 753 2249 807 5.
2283 755 2346 806 Εἰ
2395 755 2470 826 μὴ
2515 747 3008 826 ἐταπεινοφρόνουν
3035 795 3053 820 ,
3099 753 3236 810 ἀλλὰ
3281 751 3359 824 (α)
3387 751 3584 823 ῦψωσα
3613 750 3704 821 τὴν

433 846 580 886 mam
609 848 789 887 meam
823 854 835 888 ε

2118 846 2299 918 ψυχήν
2327 863 2460 918 μου·

517 925 571 980 6.
611 925 767 982 Sicut
799 928 1108 985 ablactatus
1141 940 1227 986 est
1259 948 1425 989 super
1469 943 1643 990 matre
1665 938 1764 991 sua
1791 955 1806 992 :

2195 937 2249 994 6.
2293 939 2381 1004 Ὠς
2431 939 2493 992 τὸ
2546 940 3153 1011 ἀπογεγαλακτισμένον
3199 937 3291 992 ἐπὶ
3335 937 3435 1010 τὴν
3496 935 3707 1008 μητέρα

2121 1029 2287 1083 αὑτοῦ
2311 1045 2326 1059 ο

509 1102 560 1160 7.
603 1105 682 1159 Ita
717 1107 1113 1163 retributiones
1145 1111 1198 1164 in
1239 1112 1421 1167 anima
1457 1129 1598 1175 mea.

2194 1122 2245 1174 7.
2287 1121 2376 1184 Ὠς
2403 1119 2810 1184 ἀνταποδὼσεις
2833 1121 2926 1173 ἐπί
2942 1120 3040 1191 τὴν
3068 1119 3245 1192 ψυχήν
3279 1136 3404 1190 μου.

503 1195 556 1248 8.
597 1193 785 1263 Sperel
821 1195 989 1252 Israel
1019 1200 1073 1252 in
1110 1199 1349 1256 Domino

2191 1211 2244 1267 8.
2285 1212 2360 1284 (ὁ)
2402 1211 2714 1266 Ἐλπισάτω
2745 1212 2967 1284 Ἰσραὴλ
2993 1213 3085 1264 ἐπὶ
3104 1213 3197 1265 τὸν
3219 1210 3425 1264 Κύοιον

501 1282 556 1337 9.
597 1282 676 1338 Ex
711 1285 815 1341 hoc
861 1304 1008 1344 nunc
1034 1299 1088 1343 et
1119 1306 1294 1361 usque
1325 1293 1379 1348 in
1416 1295 1704 1350 saeculum.

2191 1301 2247 1358 9.
2285 1303 2420 1355 Ἀπὸ
2450 1302 2546 1356 τοῦ
2577 1303 2674 1356 νῦν
2693 1303 2788 1356 καὶ
2820 1303 2925 1366 ἓως
2943 1301 3036 1355 τοῦ
3068 1301 3280 1363 αἰῶνος.

639 1396 920 1453 Canticum
953 1401 1251 1459 Graduum.
1304 1403 1506 1464 PSAL.
1552 1407 1813 1468 CXXXI.

2359 1416 2498 1486 ’ῼδὴ
2529 1415 2649 1470 τῶν
2669 1416 3058 1487 Ἀναϐαθμῶν.
3093 1419 3268 1470 ΨΑΛ.
3295 1415 3479 1469 ΡΛΑ’.

495 1491 546 1547 1.
591 1492 882 1564 Memento,
915 1496 1166 1564 Domine,
1198 1499 1463 1567 David,et
1485 1505 1663 1561 omnis
1697 1516 2016 1563 mansuetu-

2192 1509 2246 1564 1.
2274 1509 2580 1580 Μνήσθητι,
2629 1510 2825 1582 Κύριε,
2874 1511 2970 1564 τοῦ
3012 1509 3198 1575 Δαϐὶδ,
3233 1509 3328 1564 καὶ
3379 1507 3569 1578 πάσης
3614 1505 3716 1579 τῆς

431 1583 578 1641 diuis
612 1586 752 1654 ejus.

2122 1601 2428 1673 πραότητος
2454 1602 2641 1657 αὑτοῦ.

493 1675 547 1730 2.
593 1677 969 1747 Sicutjuravit
1001 1682 1251 1750 Domino,
1278 1695 1461 1739 votum
1491 1687 1638 1741 vovit
1680 1685 1790 1741 Deo
1822 1687 2012 1744 Jacob.

2193 1695 2247 1751 2.
2293 1696 2383 1758 Ὠς
2409 1694 2590 1766 ὤμοσε
2622 1696 2698 1766 τῷ
2732 1695 2943 1769 Κυρίῳ,
2974 1695 3174 1768 ηὔξατο
3198 1694 3276 1766 τῷ
3299 1693 3418 1766 Θεῷ
3452 1692 3678 1748 Ἰακὼϐ.

493 1769 547 1826 '5.
588 1769 646 1824 Si
677 1772 943 1828 introiero
971 1776 1024 1829 in
1064 1777 1477 1832 tabernaculum
1509 1779 1706 1833 domus
1739 1795 1873 1835 meae
1901 1799 1914 1833 :

2047 1774 2092 1834 Β
2191 1781 2246 1835 5.
2286 1782 2348 1835 ΕΞ
2381 1782 2452 1853 (ε)
2476 1784 2853 1857 εἰσελεύσομαι
2878 1788 2958 1851 εἰς
2983 1788 3248 1858 σκήνωμα
3267 1787 3416 1839 οἴκου
3440 1800 3570 1857 μαψ

610 1947 768 2030 Xers.
1094 1963 1208 2030 etc.
1237 1953 1478 2030 Vers.__7.
1522 1957 1712 2030 '0_;_t6.
1747 1968 1850 2030 etc.
1882 1955 2026 2030 versi

1338 1956 1478 2030 ’s.__7.
1522 1957 1712 2030 '0_;_c6.
1747 1968 1850 2030 etc.
1882 1955 2036 2030 vers.
2073 1957 2128 2012 8.
2175 1958 2262 2022 Ὠς
2301 1959 2727 2030 ἀνταποδὼσεις,
2757 1971 2862 2018 etc.

502 2019 576 2086 (ὁ)
610 2018 759 2073 Vers.
790 2021 842 2075 9.
883 2022 1212 2088 Ἐλπισάτω,
1243 2035 1348 2080 etc.
1384 2023 1538 2080 Vers.
1578 2027 1663 2081 10.
1689 2028 1824 2080 Ἀπὸ
1852 2026 1968 2092 τοῦ,
2004 2036 2111 2081 etc.

503 2089 572 2156 (ο)
607 2089 670 2141 Εἰ
702 2091 874 2146 deest.

1564 2249 1944 2304 ATHANASll
1983 2249 2572 2306 INTERPRETATIO.

495 2402 551 2456 2.
594 2401 781 2471 Neque
812 2419 965 2459 mens
996 2421 1115 2459 mea
1149 2405 1352 2475 aliquid
1397 2406 1714 2475 hujusmodi
1756 2407 1939 2465 habet.

2184 2409 2240 2462 2.
2273 2409 2409 2461 Οὐδὲ
2437 2410 2468 2478 ἡ
2495 2407 2708 2462 διάνοια
2738 2425 2839 2478 μου
2872 2406 2984 2478 ἔχει
3022 2407 3098 2476 (1)
3131 2423 3186 2459 τι
3212 2406 3478 2460 τοιοῦτον.

500 2495 556 2558 '5,
596 2495 650 2550 4.
695 2495 878 2565 Neque
907 2498 1197 2568 concupivi
1243 2498 1299 2552 in
1338 2500 1666 2554 sacerdotali
1700 2500 1884 2570 aliqua
1929 2500 2015 2555 di-

2193 2503 2238 2565 5,
2267 2501 2322 2556 4.
2366 2500 2502 2553 Οὐδὲ
2531 2501 2609 2569 (2)
2667 2500 2992 2571 ἐπεθύμησα
3030 2499 3304 2570 ἱερατικοῦ
3350 2516 3498 2563 τινος
3547 2497 3717 2564 ἀξιώ-

427 2589 636 2657 gnitate
676 2589 959 2650 constitui.

2119 2613 2288 2668 ματος
2327 2595 2484 2658 ἐντὸς
2515 2593 2789 2662 γενέσθαι.

498 2677 613 2733 5-7.
655 2677 792 2742 Nisi,
861 2681 1005 2734 sicut
1059 2696 1196 2751 puer
1258 2681 1572 2751 cognitione
1632 2682 1895 2752 praeditus
1959 2697 2019 2737 se

2196 2687 2306 2740 5-7.
2340 2687 2402 2739 Εἰ
2437 2687 2533 2758 μὴ,
2564 2686 2640 2749 ὡς
2670 2686 2731 2738 τὸ
2763 2683 2974 2738 παιδίον
3013 2683 3074 2736 τὸ
3109 2683 3312 2751 γνῶσιν
3351 2681 3476 2751 ἔχον
3519 2698 3720 2736 ταπει-

427 2769 698 2824 Submittit
733 2772 895 2825 matri
945 2789 1078 2834 sua},
1115 2775 1187 2827 ita
1236 2774 1400 2827 etiam
1451 2789 1553 2844 ego
1615 2773 1898 2827 bumin’avi
1931 2791 1951 2827 r

2195 2779 2302 2832 Ξται
2333 2778 2438 2832 ὑπὸ
2468 2777 2565 2848 τὴν
2603 2777 2814 2848 μητέρα
2863 2774 3048 2836 αὑτοῦ,
3084 2775 3228 2826 οὕτω
3270 2772 3425 2841 κάγὼ
3485 2773 3719 2825 ἐταπεί-

427 2861 606 2930 ipsum
632 2878 817 2918 coram
864 2872 936 2930 te,
975 2866 1084 2920 imo
1112 2868 1369 2936 cogitavi,
1419 2868 1698 2938 quomodo
1737 2868 1832 2920 tibi
1863 2883 1951 2921 cor

2197 2889 2246 2922 )V
2281 2870 2520 2940 ἐμαυτὸν
2564 2868 2795 2920 ἐνώπιόν
2827 2885 2942 2930 σου,
2990 2867 3106 2920 ἀλλ’
3142 2865 3497 2936 ἐλογισάμην,
3520 2866 3721 2936 ὅτιπερ

428 2953 728 3022 placerem;
769 2958 862 3010 tiat
893 2959 1188 3014 retributio
1221 2962 1420 3014 animae
1445 2976 1578 3014 mea:
1617 2961 1670 3012 in
1707 2959 1885 3013 medio
1923 2973 1948 3012 s

2195 2958 2465 3030 ηρέστησά
2492 2975 2606 3011 σοι’
2639 2961 2851 3026 γένοιτο
2898 2957 3256 3020 ἀνταπόδοσις
3302 2958 3370 3027 τῇ
3398 2956 3553 3028 ψυχῇ
3617 2974 3719 3028 μου

428 3045 750 3114 perborum.

2121 3052 2182 3104 ὲν
2210 3054 2323 3114 τοῖς
2355 3051 2745 3122 ὑπερηφάνοις.

503 3137 558 3203 8,
610 3137 664 3193 9.
706 3137 893 3192 Gratia
918 3151 1098 3195 autem
1135 3141 1228 3196 Dei
1259 3144 1458 3197 talibus
1495 3143 1622 3197 dicit
1658 3163 1670 3198 :
1704 3143 1779 3196 Ne
1815 3145 2019 3198 timea-

2195 3143 2248 3205 8,
2285 3143 2337 3196 9.
2382 3144 2445 3195 Ἦ
2474 3143 2635 3213 χάρις
2663 3143 2719 3196 δὲ
2765 3141 2862 3195 τοῦ
2907 3142 3042 3196 Θεοῦ
3075 3142 3224 3206 λέγει
3253 3143 3365 3204 τοῖς
3389 3140 3664 3204 τοιούτοις
3703 3157 3715 3168 ·

429 3231 519 3294 tis,
565 3241 780 3300 sperate
821 3234 878 3287 in
929 3234 1157 3289 Domino
1188 3252 1256 3290 ex
1306 3236 1412 3291 hoc
1445 3251 1591 3291 nunc
1643 3245 1698 3291 et
1749 3251 1925 3306 usque

2195 3236 2516 3308 ῇφοϐεἶσθε,
2552 3235 2809 3288 ἐλπίσατε
2856 3237 2948 3288 ἐπὶ
2979 3236 3069 3289 τὸν
3099 3235 3301 3306 Κύριον
3345 3233 3455 3287 ἀπὸ
3484 3233 3584 3286 τοῦ
3621 3231 3719 3286 νῦν

429 3324 617 3380 linem.

2047 3343 2089 3398 ο
2124 3329 2217 3382 καὶ
2243 3329 2350 3392 ἕως
2376 3330 2473 3399 τῆς
2505 3328 2834 3392 συντελείας.

511 3457 574 3511 Ἦ
609 3459 945 3530 προκειμένη
977 3460 1260 3531 ἐπιγραφὴ
1280 3460 1524 3531 περιέχει
1555 3461 1630 3530 (5)
1651 3476 1662 3488 '
1705 3459 1842 3530 ’ῼδὴ
1871 3459 1990 3513 τῶν
2019 3459 2412 3529 Ἀναϐαθμῶν,
2441 3459 2578 3529 ὅπερ
2607 3457 2968 3530 ἑρμηνεύεται
3001 3456 3392 3528 ἐξομολόγησις
3422 3455 3536 3510 τῶν
3578 3458 3718 3512 ἀνα-

424 3552 720 3607 ϐαινόντων
749 3556 856 3608 ἀπὸ
885 3556 977 3608 τοῦ
1012 3556 1204 3627 κυρίου
1237 3555 1444 3625 βαθμοῦ
1479 3556 1574 3608 ἐπὶ
1600 3557 1690 3607 τὸν
1727 3555 1956 3624 Ἰησοῦν,
1983 3556 2261 3608 τουτέστιν
2285 3554 2393 3608 ἀπὸ
2419 3554 2518 3622 τῆς
2542 3552 3044 3623 ταπεινοφροσύνης
3070 3555 3150 3616 εἰς
3179 3553 3400 3607 πλείονα
3426 3550 3717 3624 φωτισμὸν

427 3647 791 3718 ἀναϐέϐηκεν.
819 3648 1120 3702 Ἐκδέδωκε
1145 3649 1255 3720 γὰρ
1288 3649 1479 3700 ἐαυτὸν
1498 3647 1873 3711 ἀποτάξασθαι
1904 3649 2036 3700 πᾶσι
2065 3650 2176 3710 τοῖς
2208 3649 2264 3698 ἐν
2297 3645 2375 3716 τῷ
2403 3645 2614 3715 κόσμῳ,
2652 3645 2903 3698 ἐκδοῦναι
2939 3643 2996 3697 δὲ
3028 3644 3189 3698 αὑτὸν
3219 3645 3336 3698 ὅλον
3370 3644 3450 3715 τῷ
3478 3644 3624 3715 Θεῷ,
3652 3647 3714 3699 ὲν

429 3740 550 3800 ταῖς
583 3738 946 3809 ὑψηλοτέραις
979 3733 1201 3792 ὡσανεῖ
1221 3740 1464 3810 μείζοσιν
1496 3741 1738 3803 ἐντολαῖς
1780 3738 1964 3791 λοιπὸν
1997 3737 2163 3792 ἀνιὼν
2210 3739 2527 3808 εὑρίσκεται
2554 3753 2566 3765 ·
2605 3736 2797 3808 ὥσπερ
2840 3737 2950 3809 γὰρ
2981 3736 3090 3790 ἀπὸ
3127 3735 3223 3788 τοῦ
3253 3736 3448 3806 κυρίου
3493 3736 3713 3807 βαθμοῦ

426 3829 595 3885 ἀνιών
620 3847 705 3894 τις
739 3832 1112 3900 ἐπιφαίνεται,
1143 3831 1286 3886 οὕτω
1321 3834 1415 3886 καὶ
1436 3829 1589 3895 οὗτος
1619 3833 1711 3885 ἐπὶ
1742 3832 1834 3884 τὸν
1867 3831 2089 3902 μείζονα
2113 3829 2206 3884 τοῦ
2230 3830 2466 3902 Χριστοῦ
2498 3829 2856 3900 ἀναϐέϐηκεν.

502 3921 717 3979 Titulus
745 3927 1071 3994 prwpositus
1113 3928 1400 3981 continet:
1445 3925 1725 3980 Canticum
1760 3923 2059 3990 Grnduum,
2103 3924 2248 3993 quod
2282 3925 2677 3992 interpretatur
2709 3922 2984 3978 confessio
3012 3921 3417 3977 ascendentium
3459 3937 3490 3975 a
3531 3923 3712 3992 gradu

425 4017 715 4086 principali
761 4020 814 4072 in
846 4017 1059 4083 Jesum,
1093 4019 1198 4073 hoc
1233 4030 1317 4072 est
1347 4019 1416 4071 ab
1459 4017 1774 4070 humilitate
1820 4017 1873 4070 in
1919 4016 2186 4084 majorem
2222 4015 2678 4068 iiluminntionem
2713 4015 2978 4069 ascendit.
3029 4013 3164 4068 Nam
3213 4015 3304 4084 qui
3335 3995 3713 4072 renuntiando

428 4108 708 4172 omnibus,
742 4125 864 4178 qua:
897 4109 948 4161 in
981 4111 1188 4164 mundo
1225 4118 1377 4171 sunt,
1407 4109 1628 4162 tradidit
1656 4123 1714 4161 se
1747 4107 1926 4176 ipsum
1953 4114 2124 4160 tntum
2159 4107 2291 4169 Deo,
2325 4105 2376 4157 in
2406 4106 2622 4169 altiora,
2659 4105 2712 4159 in
2747 4107 2958 4175 majora
2995 4123 3188 4177 nempe
3219 4119 3482 4179 praecepta
3507 4110 3712 4167 deinde

428 4200 735 4254 ascendens
784 4200 1104 4254 invenitur:
1159 4201 1623 4269 quemadmodum
1677 4201 1822 4253 enim
1855 4218 1885 4254 e
1916 4198 2202 4268 principali
2257 4197 2428 4268 gradu
2473 4200 2778 4255 ascendens
2824 4200 3100 4271 quispiam
3130 4203 3463 4272 conspicuus
3500 4204 3581 4272 tit,
3629 4205 3710 4264 ita

429 4291 595 4344 etiam
630 4292 732 4345 iste
778 4290 832 4344 in
880 4290 1142 4360 majorem
1180 4288 1386 4344 Christi
1419 4290 1875 4343 illuminatiouem
1920 4289 2180 4358 pervenit.

502 4423 554 4476 1.
599 4422 927 4484 Recordare,
955 4420 1206 4482 Domine,
1245 4420 1428 4490 populi
1461 4420 1540 4474 tui
1578 4420 1878 4474 secundum
1910 4417 2016 4472 Da-

2193 4418 2244 4471 1.
2279 4417 2588 4490 Μνήσθητι,
2615 4419 2803 4492 Κύριε,
2838 4423 2933 4476 τοῦ
2965 4423 3104 4476 κατὰ
3129 4423 3219 4478 τὸν
3258 4425 3422 4478 Δαϐὶδ
3449 4425 3580 4480 λαοῦ
3611 4445 3705 4483 σου

430 4515 541 4580 vid,
576 4513 827 4570 facientis
859 4514 1084 4583 perinde
1114 4529 1178 4567 ac
1225 4515 1342 4582 ipse
1376 4513 1686 4566 voluntates
1731 4523 1870 4565 tuas.

1754 4529 1870 4565 uas.
2118 4509 2210 4562 τοῦ
2245 4510 2525 4575 ποιοῦντος
2553 4511 2726 4576 οὕτως
2758 4514 2824 4568 τὰ
2852 4514 3132 4586 θελήματά
3162 4534 3276 4571 σου.

503 4606 561 4659 2.
602 4605 1074 4671 Quemadmodum
1107 4605 1337 4659 credidit
1372 4604 1622 4668 Domino,
1669 4605 1910 4674 subjecit
1955 4618 2015 4657 se

2189 4598 2244 4651 2.
2287 4599 2376 4661 Ὠς
2414 4599 2703 4655 ἐπίστευσε
2733 4603 2810 4674 τῷ
2855 4603 3040 4676 Κυρίῳ
3070 4645 3084 4670 ,
3130 4607 3354 4671 ἐτάξατο
3401 4609 3594 4663 ἑαυτὸν
3626 4610 3707 4681 τῷ

430 4698 612 4768 ipsum
655 4697 766 4750 Deo
811 4698 1276 4752 auscultationis:
1318 4695 1485 4750 Iacob
1513 4697 1660 4751 enim
1694 4697 1954 4767 interpret

2176 4690 2240 4762 εῷ
2261 4691 2360 4762 τῆς
2388 4693 2640 4766 ὑπακοῆς
2659 4713 2671 4724 ·
2693 4697 3054 4768 ἑρμηνεύεται
3079 4702 3187 4769 γὰο
3213 4699 3414 4756 Ἰακὼϐ
3432 4702 3585 4771 ἀκοή
3606 4705 3700 4776 (4).

429 4799 520 4844 tur
548 4790 892 4844 auscultatio.

513 4881 562 4938 3.
602 4880 661 4936 Si
697 4883 752 4938 in
781 4891 1064 4953 posterum
1097 4896 1286 4936 curam
1321 4897 1504 4954 geram
1531 4881 1779 4953 corporis
1807 4882 1935 4937 mei.

2199 4880 2252 4935 3.
2292 4881 2356 4933 Εἰ
2389 4881 2645 4950 πρόνοιαν
2679 4880 2773 4935 τοῦ
2806 4880 2995 4936 λοιποῦ
3030 4883 3324 4956 ποιήσομαι
3356 4883 3434 4957 (5)
3467 4885 3562 4940 τοῦ
3597 4886 3703 4941 σώ-

2123 4973 2291 5043 ματός
2328 4991 2450 5045 μου.

1391 5103 1698 5166 Addenda
1729 5111 1794 5166 et
1825 5107 2204 5184 corrigenda
2251 5127 2331 5170 ex
2362 5109 2504 5172 cod.
2538 5110 2740 5172 Vatic.

503 5259 581 5340 lt),
611 5259 1053 5340 1'33°1<5".‘E‘:.€‘°-
1127 5327 1170 5340 -.
1231 5329 1307 5340 η
1362 5331 1373 5340 .
1464 5338 1470 5340 Α
1563 5330 1597 5340 ..
1643 5330 1705 5340 ..

2182 5265 2587 5340 στᾼιν-ἀπὸμτῆς,
2620 5273 2750 5340 εις..
2784 5252 3159 5340 ᾁποτᾶξασθαι
3197 5271 3316 5340 μέν,
3350 5280 3477 5338 etc.,
3512 5273 3699 5328 ἐκδοῦσ

513 5329 590 5396 (2)
618 5327 693 5409 N._
721 5327 960 5409 3._0ﬁa_5é,
992 5340 1097 5384 etc.
1219 5329 1330 5393 4-6,
1356 5331 1528 5409 juxta
1547 5330 1870 5409 divisionem
1900 5347 2022 5399 quae

2173 5352 2205 5385 ιι
2225 5335 2288 5409 ⁸δὲ
2312 5336 2501 5409 ἑαυτὸν
2524 5327 2649 5390 ’ὅλον
2780 5337 2918 5409 Θεῷ,
2954 5327 3047 5392 καὶ
3077 5341 3135 5391 ἐν
3171 5327 3314 5404 τάἰς,
3346 5327 3479 5405 etc.,
3511 5327 3697 5397 λοιπδν

429 5416 621 5483 supra,
648 5401 696 5452 εἰ
858 5401 956 5483 ὡς.
997 5412 1128 5463 etc.,
1149 5400 1700 5483 ἕχον-τεταπείνωται
1737 5401 2016 5483 ύπόζςῑελ,
2118 5404 2287 5483 ᾁνιῲν
2321 5407 2636 5483 εὑρίσκεται
2665 5424 2676 5435 ·
2701 5400 3032 5481 ὧσπερνάπὸ
3049 5409 3143 5463 τοῦ
3163 5400 3698 5483 δωδεκάτουβαθμοῦ

429 5470 750 5556 Ξτοαπείνουν
781 5472 974 5556 ἑαυτόν
1011 5489 1182 5556 usque
1226 5471 1693 5556 asl‘ebﬂpéofqeu'
1715 5489 1796 5556 σοι
1863 5470 1926 5526 Ν.
1963 5471 2017 5552 8:
2119 5474 2284 5556 ἁνιῴν
2319 5470 2404 5540 τιᾲ
2446 5477 2538 5556 ἐπὶ
2577 5470 3151 5556 τὸν-τρισκαιδέκατον
3194 5470 3522 5556 ὑψηλότερός
3563 5470 3698 5536 ἁλια-

429 5541 666 5626 Ξέιιοιτο.
702 5551 832 5603 etc.,
858 5542 949 5626 to”;
988 5539 1270 5626 τοίς-εις..
1297 5539 1360 5595 Ν.
1391 5539 1447 5608 9,
1496 5539 1600 5597 1οζ
1627 5543 1694 5596 Ἠ
1732 5543 1893 5613 χάρις
1923 5541 2018 5595 τοῦ
2120 5547 2394 5626 φαίνεται,
2427 5546 2702 5626 obstare).
2735 5539 2889 5612 οὗτος
2918 5553 3009 5604 ἐπὶ
3037 5553 3129 5606 τὸν
3167 5539 3389 5625 μεῖζονα
3417 5539 3699 5626 (per:th

431 5610 588 5689 Θεοῦ,
621 5621 765 5689 etc.,
787 5613 881 5689 καὶ
910 5613 1016 5689 ἕως
1052 5611 1144 5663 τοῦ
1179 5610 1393 5689 αἰμῶνος.
1577 5684 1586 5689 _
1733 5610 1764 5613 ’⁷
1808 5610 1817 5613 ’
1924 5685 1935 5689 Α
1995 5685 2006 5689 _
2115 5610 2211 5670 τοῦ
2245 5615 2442 5689 Κυρίου
2473 5619 2829 5689 ἀναϐέϐηκεν.

507 5682 586 5759 (5)
634 5683 698 5759 :H
739 5682 828 5759 διὰ
874 5683 985 5759 τΑῆς.
1020 5684 1393 5759 κινναὸᾴρεως
1433 5684 1700 5759 περιέχει,
1747 5691 1874 5746 etei,
1912 5685 2020 5737 ἀπὸ
2189 5689 2263 5755 (4)
2299 5682 2565 5759 ’Ῡπακοή.

435 5750 526 5802 τοῦ
554 5750 858 5804 δωδεκάτου
892 5750 1101 5820 βαθμοῦ
1144 5753 1236 5804 ἐπὶ
1257 5750 1358 5804 τὸν
1396 5750 1864 5822 τρισκαιδέκατον,
1897 5772 2018 5808 του-
2193 5750 2269 5828 (5)
2299 5750 2539 5829 Ποίησον
2559 5756 2693 5830 μετὰ
2723 5757 2814 5811 τοῦ
2849 5757 3092 5829 σώματός
3125 5776 3247 5830 μου.
