3860 6220
122 291 267 345 1219

185 403 243 458 4.
285 403 351 457 Ei
379 400 724 473 ἀναϐήσομαι
747 403 840 455 ἐπὶ
864 401 1052 472 κλίνης
1086 404 1376 474 στρωμνῆς
1405 421 1532 474 μου.

190 496 250 551 5.
287 497 351 549 Εί
372 494 526 548 δώσω
561 493 729 547 ὕπνον
752 495 865 556 τοῖς
888 493 1185 563 ὀφθαλμοῖς
1221 511 1344 564 μου,

188 582 247 638 6.
283 583 394 636 Καὶ
416 584 527 645 τοῖς
553 580 845 651 βλεφάροις
876 598 976 652 μου
998 583 1331 652 νυσταγμὸν,

192 673 249 729 7.
279 675 388 726 Καὶ
412 674 716 727 ἀνάπαυσιν
743 676 855 736 τοῖς
883 673 1177 743 κροτάφοις
1204 693 1305 746 μου
1338 718 1353 741 ,

192 763 405 828 8.”Εως
436 760 496 819 οἶ)
516 764 662 835 εὕρω
690 766 854 818 τόπον
889 764 966 835 τῷ
996 767 1217 839 Κυρίῳ,

190 855 249 911 9.
288 857 562 927 Σκὴνωμα
590 855 667 927 τῷ
703 856 820 927 Θεῷ
861 855 1075 911 Ἰακώϐ.

200 949 294 1003 10.
318 949 445 1002 Ἰδοὺ
474 948 788 1019 ἠκούσαμεν
817 949 985 1020 αὐτὴν
1018 951 1075 1002 ἐν
1114 950 1360 1022 Ἐφραθά
1381 969 1393 980 ·

197 1042 293 1096 11.
328 1041 574 1111 Εὖρομεν
609 1042 776 1113 αὐτὴν
805 1044 861 1095 ἐν
892 1045 1005 1105 τοῖς
1052 1042 1257 1106 πεδίοις
1286 1042 1380 1096 τοῦ
1413 1042 1643 1115 δρυμοῦ.

195 1131 290 1187 12.
323 1133 758 1204 Είσελευσόμεθα
792 1136 871 1197 είς
901 1135 968 1189 τὰ
998 1137 1333 1206 σκηνώματα
1368 1137 1531 1190 αὑτοῦ
1556 1153 1569 1166 ·

184 1225 287 1280 .15.
336 1227 795 1297 Προσκυνήσομεν
837 1228 917 1291 εἰς
949 1227 1039 1280 τὸν
1069 1228 1254 1294 τόπον,
1295 1226 1356 1283 οὗ
1396 1229 1631 1300 ἔστησαν
1667 1233 1717 1285 oi

126 1317 292 1380 πόδες
324 1315 513 1371 αὑτοῦ.

200 1411 293 1463 14.
339 1411 652 1483 ’Λνάστηθι,
684 1411 879 1484 Κύριε,
907 1412 987 1474 είς
1012 1412 1109 1482 τὴν
1142 1412 1448 1467 ἀνάπαυσίν
1482 1431 1596 1479 σου,

198 1499 292 1553 15.
322 1500 395 1553 Σὺ
425 1502 519 1553 καὶ
550 1504 581 1571 ἡ
613 1500 845 1564 κιϐωτὸς
873 1500 966 1552 τού
1000 1503 1342 1573 ἁγιάσματός
1374 1521 1489 1557 σου.

199 1590 290 1644 16.
322 1593 385 1646 Οἱ
424 1595 590 1661 ἱερεῖς
622 1610 713 1645 σου
742 1594 1051 1647 ἐνδύσονται
1079 1594 1447 1664 δικαιοσύνην,

201 1682 293 1737 17.
324 1684 435 1736 Καὶ
477 1686 525 1736 οἱ
572 1684 708 1739 ὅσιοί
764 1703 857 1738 σου
904 1685 1323 1754 ἀγαλλιάσονται
1373 1686 1716 1759 [ἀγαλλιάσει

129 1772 596 1846 ἀγαλλιάσονται].

201 1860 291 1916 18.
326 1864 553 1917 Ἕνεκεν
587 1864 753 1919 Δαϐὶδ
783 1864 877 1919 τοῦ
907 1865 1094 1919 δούλου
1128 1883 1222 1920 σου

1052 282 1140 337 DE
1181 284 1458 341 TlTULlS
1498 282 1961 341 PSALMORUM.
1994 313 2065 323 —
2100 283 2298 337 PSAL;
2332 283 2577 339 CXXXI.

3266 282 3406 341 1250

1743 408 1790 462 Α
1889 400 1939 452 4.
1986 397 2043 453 Si
2070 400 2368 454 ascendero
2400 400 2454 453 in
2500 400 2700 455 lectum
2730 400 2886 455 strati
2919 400 3049 460 mel.

1887 490 1940 543 5.
1987 488 2043 542 Si
2073 490 2273 543 dedero
2310 504 2569 543 somnum
2608 491 2788 545 oculis
2818 491 2977 557 meis,

1897 580 1947 634 6.
1992 580 2058 635 Et
2106 581 2381 650 palpebris
2418 583 2556 636 meis
2590 584 3068 643 dormitationem.

1892 679 1943 733 7.
1981 679 2049 732 Et
2088 679 2334 748 requiem
2370 681 2713 749 temporibus
2749 682 2908 736 meis.

1889 769 1944 826 8.
1986 770 2173 825 Donec
2208 773 2481 825 inveniam
2515 774 2696 826 locum
2737 773 2994 839 Domino,

1897 863 1950 918 9.
1997 862 2435 919 Tabernaculum
2473 864 2585 919 Deo
2609 864 2800 920 Jacob.

1890 953 1976 1009 10.
2019 953 2158 1008 Ecce
2185 956 2495 1009 audivimus
2524 973 2641 1009 eam
2679 957 2730 1010 in
2766 956 3045 1025 Ephratha
3079 970 3093 988 '

1889 1045 1974 1098 11.
2020 1044 2333 1099 Invenimus
2374 1062 2493 1099 eam
2525 1047 2578 1099 in
2617 1050 2827 1117 campis
2864 1050 3037 1104 silvrc.

1892 1134 1976 1187 12.
2013 1134 2365 1188 lntroibimus
2397 1137 2449 1189 in
2485 1138 2832 1192 tabernacula
2861 1140 2980 1209 ejus
3014 1156 3028 1192 :

1892 1226 1980 1280 15.
2028 1226 2397 1282 Adorabimus
2438 1228 2493 1282 in
2549 1229 2706 1296 loco,
2768 1230 2862 1284 ubi
2918 1237 3185 1286 steterunt
3241 1229 3408 1300 pedes

1820 1318 1961 1387 ejus.

1892 1410 1979 1463 14.
2013 1409 2205 1481 Surge,
2239 1410 2488 1478 Domine,
2522 1411 2574 1466 in
2608 1414 2849 1483 requiem
2881 1424 3051 1479 tuam,

1898 1505 1986 1559 15.
2026 1504 2106 1557 Tu
2136 1515 2189 1559 et
2214 1522 2339 1560 arca
2371 1506 2822 1562 sanctiﬁcationis
2855 1516 2983 1563 tuae.

1893 1595 1984 1648 16.
2023 1594 2347 1649 Sacerdotes
2382 1597 2456 1651 tui
2485 1596 2779 1651 induentur
2807 1598 3100 1666 justitiam,

1896 1690 1982 1742 Π.
2013 1688 2077 1743 Ει
2107 1690 2281 1744 sancti
2311 1691 2386 1744 tui
2418 1690 2769 1745 exsultabunt
2802 1691 3194 1763 [exsultatione
3217 1692 3405 1749 exsul-

1750 1779 1792 1833 B
1823 1779 2064 1852 tabunt].

1900 1872 1987 1926 18.
2020 1870 2248 1942 Propter
2279 1872 2453 1928 David
2482 1889 2703 1931 servum
2735 1882 2891 1934 tuum

1258 2044 1633 2101 ATHANASII
1673 2046 2269 2105 INTERPRETATIO.

200 2194 256 2250 1.
286 2197 353 2250 Ei
382 2197 454 2268 μὴ
490 2198 576 2250 ἐπ’
605 2196 679 2267 (1)
711 2197 943 2268 ἐδάφους
970 2198 1196 2253 ὕπνωσα
1214 2200 1308 2253 τοῦ
1337 2200 1549 2255 λοιποῦ.

199 2286 255 2351 5,
285 2288 336 2342 6.
373 2289 435 2340 Et
472 2288 754 2358 παύσομαι
785 2289 1103 2360 ἀγρυπνῶν,
1136 2290 1228 2344 καὶ
1259 2294 1716 2365 προσευχόμενος,

133 2375 225 2435 καὶ
250 2374 494 2445 μελετῶν
525 2375 719 2437 νυκτὸς
748 2377 840 2428 καὶ¹
871 2376 1083 2447 ἡμέρας
1109 2379 1166 2429 ἐν
1207 2375 1285 2446 τῷ
1315 2378 1464 2449 νόμῳ
1496 2397 1610 2433 σου.

204 2465 256 2520 7.
297 2468 410 2521 Καὶ
430 2470 478 2520 εἰ
506 2466 661 2519 δώσω
687 2466 869 2521 ἄνεσιν
898 2471 963 2538 τῇ
994 2468 1203 2541 διανοίᾳ
1226 2471 1325 2540 τῆς
1350 2470 1583 2542 καρδίας
1615 2490 1717 2544 μου

135 2557 355 2627 περὶτὰ
381 2558 630 2628 νοήματα
654 2557 761 2611 τῶν
796 2559 833 2609 Γ
840 2558 1047 2628 ραιρῶν,

206 2648 260 2710 8,
291 2650 347 2702 9.
382 2649 524 2710 Ἕως
553 2642 614 2702 οὗ
641 2648 730 2701 διὰ
764 2650 864 2718 τῆς
907 2648 1129 2721 χάριτος
1164 2647 1330 2703 αὐτοῦ
1380 2652 1720 2723 οἰκοδομήσω

137 2740 376 2811 ἐμαυτὸν
400 2736 548 2793 οἷκον
576 2739 654 2809 τῷ
684 2738 888 2810 Κυρίῳ,
917 2742 1010 2793 καὶ
1040 2742 1343 2795 ἀνάπαυσιν
1365 2741 1441 2811 τῷ
1469 2742 1587 2811 Θεῷ
1610 2744 1717 2796 ὑπ-

135 2834 303 2902 ακοῆς
351 2832 427 2902 (‘2)
456 2848 469 2859 '
516 2830 755 2901 εἴπαμεν
784 2832 915 2902 γὰρ,
961 2832 1176 2886 Ἰακὼϐ
1210 2833 1574 2906 ἑρμηνεύεται
1604 2837 1715 2889 ὐπ-

134 2922 310 2989 ακοή.

206 3014 294 3069 10.
324 3014 458 3067 Ἰδοὺ
494 3013 812 3085 ἠκούσαμεν
860 3014 919 3067 ὲν
966 3014 1306 3086 Εύαγγελίῳ,
1338 3017 1421 3070 ὅτι
1465 3016 1601 3088 αὕτη
1640 3017 1717 3089 (5)

137 3108 283 3161 ἐστὶν
315 3111 351 3180 ἡ
383 3108 689 3170 ἀνάπαυσις
731 3107 825 3160 τοῦ
866 3105 1037 3173 Θεοῦ,
1089 3108 1217 3160 ὅταν
1261 3125 1343 3171 τις
1390 3109 1616 3180 πωλήσῃ
1657 3109 1726 3163 τὰ

139 3198 454 3270 ὑπάρχοντα
478 3197 663 3263 αὐτοῦ,
692 3199 790 3250 καὶ
835 3196 911 3267 δῷ
942 3200 1197 3267 πτωχοῖς,
1228 3199 1322 3251 καὶ
1360 3198 1595 3272 ἀπέλθῃ,
1632 3200 1724 3252 καὶ

140 3290 478 3361 ἀποτάξηται
505 3304 517 3317 ⁸
556 3290 820 3358 Ἐςρραθὰ
858 3287 967 3360 γὰρ
1006 3289 1366 3360 ἑρμηνεύεται
1402 3290 1723 3360 παραδιδόν-

140 3394 225 3442 τος
252 3379 689 3448 καρποφορίαν.

212 3473 298 3527 11.
328 3471 579 3542 Εὖρομεν
620 3471 696 3537 (1)
743 3470 842 3540 τὴν
892 3470 1200 3525 ἀνάπαυσιν
1249 3471 1454 3543 ταύτην
1505 3475 1586 3536 είς
1629 3474 1727 3545 τὴν

140 3562 369 3636 ἕρημον,
404 3564 534 3617 ἔνθα
565 3563 626 3616 τὸ
652 3562 857 3631 πλῆθός
900 3564 1015 3615 ἐστι
1050 3562 1159 3615 τῶν
1192 3562 1401 3633 ἀνδρῶν
1428 3563 1536 3617 τῶν
1571 3566 1724 3634 ἐχόν-

142 3670 245 3709 των
270 3654 603 3727 ἠπλωμένας
627 3653 727 3717 τὰς
770 3653 996 3725 καρδίας
1041 3652 1179 3724 πρὸς
1208 3653 1299 3707 τὸν
1341 3653 1502 3709 Θεόν·
1535 3654 1690 3727 δῆλον
1710 3696 1726 3721 ,

142 3747 264 3811 τοὺς
302 3748 573 3818 μοναχοὺς
602 3746 771 3815 λέγει.
1736 3802 1751 3810 ,

214 3838 301 3893 12.
335 3838 773 3909 Εἰσελευσόμεθα
801 3840 880 3903 είς
897 3838 966 3891 τὰ
990 3838 1325 3910 μοναστήρια
1353 3837 1488 3910 πρὸς
1514 3838 1574 3891 τὸ
1599 3840 1732 3891 ἁπο-

145 3934 430 4000 τάξασθαι.

214 4027 303 4081 15.
362 4025 464 4077 Τὸν
529 4024 760 4095 σταυρὸν
819 4021 983 4077 αὐτοῦ
1042 4025 1495 4095 προσκυνήσομεν
1524 4062 1540 4088 ,
1603 4022 1735 4076 ἔνθα

149 4119 435 4191 ἑπάγησαν
463 4120 510 4171 οἱ
538 4118 695 4180 πόδες
718 4116 905 4169 αὐτοῦ.

216 4212 304 4265 14.
340 4209 740 4283 Προσεύχονται
777 4209 826 4261 οἱ
860 4207 1152 4278 ἡγούμενοι
1182 4207 1322 4279 ὑπὲρ
1349 4207 1458 4261 τῶν
1492 4208 1733 4261 ἀποτασ-

1890 2204 1940 2261 1.
1981 2202 2095 2261 Nisi
2124 2205 2177 2259 in
2206 2205 2448 2261 futurum
2482 2208 2635 2262 humi
2672 2222 2927 2265 somnum
2972 2210 3224 2281 capiam:

1891 2296 1946 2361 5,
1975 2297 2030 2352 6.
2074 2296 2130 2351 Si
2166 2314 2457 2353 cessavero
2492 2301 2737 2371 vigilare,
2769 2310 2823 2357 et
2857 2318 3038 2369 orare,
3077 2312 3132 2358 et
3156 2303 3406 2359 meditarl

1814 2385 1901 2441 die
1928 2402 1990 2440 ac
2017 2398 2176 2442 nocte
2211 2388 2264 2441 in
2301 2390 2414 2457 lege
2440 2398 2557 2444 tua.

1887 2478 1941 2531 7.
1982 2478 2049 2532 Et
2106 2481 2152 2535 si
2203 2481 2404 2536 dedero
2460 2483 2707 2552 requiem
2766 2486 2933 2541 menti
2968 2485 3150 2541 cordis
3194 2486 3301 2540 mei
3354 2486 3409 2542 in

1828 2567 2126 2638 Scripturis
2171 2574 2604 2641 perscrutandis.

1897 2661 1950 2727 8,
1982 2663 2034 2717 9.
2071 2662 2255 2718 Donec
2303 2665 2473 2733 gratia
2520 2674 2608 2718 tua
2658 2666 2938 2721 aediﬁcabo
2984 2681 3071 2722 me
3122 2667 3300 2737 ipsum
3353 2667 3410 2723 in

1825 2753 2048 2808 domum
2102 2754 2355 2823 Domino,
2392 2767 2445 2811 et
2495 2760 2740 2826 requiem
2778 2756 2889 2812 Deo
2938 2759 3408 2814 auscultationis:

1826 2845 2067 2901 diximus
2101 2848 2246 2902 enim
2272 2848 2417 2918 quod
2439 2847 2609 2903 Jacob
2645 2850 3033 2918 interpretatur
3065 2850 3410 2916 auscultatio,

1894 3019 1980 3073 10.
2021 3019 2158 3075 Ecce
2184 3022 2496 3079 audivimus
2527 3024 2580 3078 in
2622 3024 2940 3097 Evangelia,
2991 3028 3138 3097 quod
3172 3030 3288 3084 haec
3328 3037 3409 3084 est

1824 3113 2040 3179 requies
2079 3112 2194 3173 Dei.
2227 3130 2350 3167 cum
2376 3117 2501 3184 quis
2534 3118 2840 3172 vendiderit
2871 3119 3058 3173 omnia
3094 3120 3236 3174 bona
3281 3135 3406 3189 sua,

1823 3211 1878 3254 et
1904 3202 2114 3256 dederit
2160 3206 2512 3273 pauperibus,
2553 3214 2606 3260 et
2640 3206 2891 3270 abiverit,
2936 3217 2990 3261 et
3020 3208 3278 3263 omnibus
3323 3225 3407 3263 re-

1826 3295 2193 3349 nuntiaverit:
2222 3295 2499 3358 Eplu'atha
2526 3302 2670 3352 enim
2703 3300 3094 3368 interpretatur
3116 3300 3183 3356 de
3213 3316 3301 3364 eo,
3320 3303 3411 3372 qui

1826 3384 2029 3453 praebet
2052 3384 2324 3453 fructuum
2352 3386 2663 3440 ubertatem.

1898 3474 1984 3529 11.
2024 3473 2337 3529 Invenimus
2374 3477 2619 3545 requiem
2664 3477 2805 3534 hanc
2837 3479 2893 3533 in
2950 3495 3156 3547 eremo,
3205 3481 3294 3536 ubi
3329 3492 3415 3539 est

1828 3564 2125 3619 multitudo
2156 3566 2401 3619 virorum
2449 3568 2773 3639 habentium
2820 3572 2985 3626 corda
3036 3588 3134 3627 sua
3173 3588 3413 3642 expansa

1829 3655 1896 3708 ad
1936 3656 2102 3710 Deum
2152 3655 2530 3724 (manifestum
2569 3668 2687 3725 est,
2722 3661 2871 3730 quod
2909 3663 3213 3719 monachos
3238 3664 3414 3735 signi-

1830 3746 2001 3813 licat).

1906 3838 1992 3891 12.
2026 3836 2378 3894 Introibi‘mus
2421 3855 2479 3895 in
2513 3843 2848 3898 monasteria
2889 3843 2956 3899 ad
2988 3848 3411 3905 renuntiandum

1833 3930 2049 3983 mundo.

1908 4023 1995 4077 l5.
2030 4021 2261 4078 Crucem
2308 4024 2427 4095 ejus
2456 4025 2846 4094 adorabimus,
2895 4030 2988 4085 ubi
3034 4032 3235 4088 conﬁxi
3284 4048 3413 4092 sunt

1833 4114 1999 4185 pedes
2028 4115 2167 4185 ejus.

1910 4208 1995 4261 M.
2035 4208 2206 4263 Orant
2251 4210 2512 4279 praesides
2563 4214 2960 4269 monachorum
3009 4231 3110 4285 pro
3169 4217 3273 4285 iis,
3321 4222 3415 4290 qui

154 4305 413 4373 σομένων,
464 4302 743 4369 λέγοντες·
788 4299 965 4364 Ἐλθὲ,
1010 4300 1209 4370 Κύριε,
1259 4302 1339 4363 εἰς
1380 4299 1477 4370 τὴν
1504 4299 1731 4371 καρδίαν

1876 4302 2033 4355 tundo
2080 4305 2493 4369 renuntiarunt,
2531 4304 2773 4362 dicentes
2818 4324 2831 4359 :
2864 4307 3035 4371 Veni,
3073 4309 3322 4377 Domine,
3361 4313 3416 4366 iu

150 4397 353 4450 τούτων
374 4395 483 4448 τῶν
508 4394 606 4466 τὴν
635 4393 940 4448 ἁνόιπαυσίν
965 4410 1059 4445 σου
1090 4393 1384 4446 τελούντων
1419 4392 1522 4463 (5).

220 4486 310 4543 15.
343 4486 418 4539 Σὺ
451 4484 594 4551 ἐλθὲ,
628 4484 723 4538 καὶ
751 4486 785 4555 ἡ
818 4484 974 4556 χάρις
1003 4500 1106 4553 ,σου
1145 4485 1240 4536 σὺν
1284 4486 1396 4546 τοῖς
1432 4482 1609 4553 ἁγίοις
1641 4499 1735 4535 σου

156 4579 339 4634 πᾶσιν.

224 4670 310 4726 16.
354 4669 546 4739 Ἡμεῖς
577 4669 627 4722 οί
679 4668 843 4739 ἱερεῖς
876 4684 969 4721 σου
1018 4665 1354 4736 ὲνδυσόμεθα
1393 4665 1472 4737 (6)
1516 4664 1605 4720 διὰ
1638 4666 1738 4736 τῆς

157 4763 500 4829 διδασκαλίας
529 4764 750 4827 τούτους
769 4764 895 4827 τοὺς
915 4764 1014 4833 τῆς
1045 4760 1392 4831 δικαιοσύνης
1424 4760 1595 4824 υἱούς.

225 4857 312 4912 17.
346 4859 458 4912 Καὶ
502 4857 703 4920 πάντες
739 4857 787 4908 οἰ
816 4854 1037 4923 ἄγγελοί
1071 4870 1166 4906 σου
1198 4852 1293 4905 καὶ
1332 4854 1479 4905 πᾶσα
1513 4855 1546 4923 ἡ
1580 4852 1737 4905 ἀδελ-

160 4948 325 5023 φότης
372 4950 788 5019 ἀγαλλιὰσονται
823 4949 918 5002 ἐπὶ
958 4950 1027 5019 τῇ
1070 4936 1323 5017 ἀποταγῇ
1374 4944 1581 4998 τούτων
1629 4944 1738 4997 τῶν

161 5042 550 5110 προελθόντων.

230 5131 316 5189 18.
363 5132 462 5187 Διὰ
506 5132 600 5185 τὸν
643 5130 802 5205 χορὸν
847 5132 937 5185 τὸν
978 5130 1358 5203 πεπυθημένον
1411 5130 1520 5184 τῶν
1571 5130 1742 5199 ἁγίων

166 5236 289 5274 σου’
318 5223 497 5278 Δαϐὶδ
524 5224 632 5296 γὰρ
665 5223 1026 5295 ἑρμηνεύεται
1056 5221 1491 5292 πεποθημένος.

1836 4410 1932 4450 cor
1964 4396 2215 4459 istorum,
2248 4396 2341 4465 qui
2369 4397 2613 4466 requiem
2645 4407 2792 4452 tuam
2817 4398 3075 4454 elliciunt.

1912 4484 1997 4539 15.
2033 4484 2168 4540 Veni
2203 4494 2258 4540 tu
2279 4524 2294 4551 ,
2340 4496 2393 4540 et
2425 4487 2598 4555 gratia
2632 4497 2724 4544 tua
2756 4504 2881 4544 cum
2923 4491 3180 4546 omnibus
3213 4493 3419 4548 sanctis

1836 4577 1967 4632 tuis.

1910 4669 2001 4725 16.
2031 4668 2143 4727 Nos
2173 4672 2488 4727 sacerdotes
2536 4673 2613 4727 tui
2645 4672 2939 4729 induemur
2978 4690 3076 4745 per
3110 4676 3419 4734 doctrinam

1841 4761 1927 4817 his
1947 4763 2173 4832 justitize
2198 4764 2344 4819 filiis.

1914 4853 2002 4906 17.
2031 4854 2101 4908 Et
2146 4870 2339 4910 omnes
2387 4856 2563 4926 angeli
2614 4857 2715 4925 tui,
2770 4868 2826 4913 et
2871 4859 3052 4915 omnis
3105 4858 3422 4915 fraternitas

1837 4945 2190 5000 exsultabunt
2216 4947 2270 5000 in
2301 4950 2704 5004 renuntiatione
2730 4968 2819 5004 seu
2841 4952 3168 5022 professione
3201 4953 3422 5019 horum,

1838 5037 1931 5106 qui
1967 5037 2035 5090 ad
2066 5040 2415 5093 monasticam
2448 5042 2610 5095 vitam
2638 5052 2923 5097 venerunt.

1912 5128 1998 5182 18.
2032 5129 2260 5199 Propter
2293 5133 2525 5188 chorum
2557 5135 2924 5190 desideratum
2955 5144 3273 5191 sanctorum
3307 5145 3406 5192 tuo

1838 5235 1963 5273 rum
1999 5238 2013 5274 :
2049 5220 2219 5274 David
2247 5225 2391 5277 enim
2424 5224 2813 5296 interpretatur
2841 5226 3194 5281 desideratus.

1111 5358 1418 5422 Addenda
1449 5367 1511 5419 et
1559 5354 1938 5435 corrigenda
1975 5372 2054 5417 ex
2086 5356 2229 5418 cod.
2263 5356 2467 5419 Vatic.

234 5489 309 5571 (1)
343 5491 682 5571 Efﬁce“;
816 5558 838 5571 .
1090 5558 1101 5571 .
1198 5558 1222 5571 η
1303 5557 1343 5571 ..
1438 5554 1451 5571 .

237 5554 314 5635 (2)
343 5563 453 5635 Τῆς
478 5561 721 5635 ύπακοῆς
742 5576 757 5589 ο
784 5558 1019 5632 εἴπαμεν
1044 5558 1181 5635 γὰρ,
1196 5558 1277 5612 ὅτι
1303 5554 1524 5621 Ἰακώϐ,
1548 5562 1687 5619 etc.:

236 5629 311 5709 (ξ)
339 5629 597 5709 ’[ρίαύτη,
619 5629 721 5687 etc.
901 5629 933 5709 ι’
1024 5700 1038 5709 ⁸
1064 5629 1086 5641 “’
1292 5698 1308 5709 _
1442 5695 1462 5709 l
1657 5694 1669 5709 .

239 5695 315 5773 (ι)
344 5695 620 5775 Εύραμέν,
648 5714 776 5770 etc.,
821 5699 958 5772 πρὸς
992 5700 1082 5755 τὸν
1113 5698 1266 5767 Θεὸν,
1288 5695 1555 5753 ’τουτέστι
1578 5695 1727 5760 τούς.

1842 5489 1993 5624 e“(‘55)
2037 5552 2452 5624 Ἑκτελούντων.

1915 5623 2398 5699 ςϐλᾚνδυσόμεθα
2437 5624 2658 5691 τούτους
2691 5625 2737 5681 δ.
2782 5645 2833 5682 τ.
2865 5626 2913 5682 ὃ.
2954 5629 3080 5697 τοὺς
3115 5626 3212 5699 τῆς
3245 5626 3294 5685 δ.
3322 5626 3421 5685 a6-

1838 5692 1933 5747 τοῦ
1967 5692 2135 5759 υἱούς.
