3860 6220
427 236 563 294 1251
1288 241 1346 298 S.
1386 237 1761 299 ATHANASII
1803 245 1954 303 OPP.
1999 245 2180 304 PARS
2219 248 2307 305 HI.
2350 282 2419 291 —
2460 250 2870 307 EXEGETICA.
3568 251 3707 306 1252

496 365 583 421 19.
614 362 739 443 Dion
770 375 986 421 avertas
1016 363 1211 421 faciem
1240 367 1445 423 Christi
1476 373 1581 428 tui.

2182 375 2271 429 19.
2297 377 2386 447 Μὴ
2414 377 2764 447 ἀποστρέψῃς
2792 376 2852 427 τὸ
2878 370 3170 445 πρόσωπον
3192 371 3288 427 τοῦ
3313 370 3558 445 Χριστοῦ
3590 388 3701 426 σου.

493 456 584 511 20.
612 456 827 513 Juravit
850 459 1117 515 Dominus
1145 460 1314 515 David
1346 464 1652 527 veritatem,

2191 466 2281 520 20.
2315 469 2517 538 Ὤμοσε
2553 468 2754 538 Κύριος
2786 468 2863 537 τῷ
2892 466 3054 519 Δαόὶδ
3084 465 3362 535 ἀλήθειαν,

493 549 584 602 21.
613 549 686 628 ﬁt
715 566 821 604 non
861 551 1215 606 frustrabitur
1242 569 1361 607 eam
1391 554 1565 627 [eum]
1608 575 1620 609 :

2188 558 2277 610 21.
2308 559 2418 611 Καὶ
2448 560 2509 611 οὐ
2542 560 2616 630 μὴ
2643 559 2895 628 ἀθετήσει
2922 559 3091 627 αὐτὴν
3121 555 3350 627 [αὑτόν]’

495 641 585 694 22.
619 640 694 697 De
742 642 923 697 fructu
977 646 1185 702 ventris
1234 647 1313 701 tui
1358 663 1560 717 ponam
1612 664 1774 718 super
1826 649 2009 705 sedem

2187 651 2277 704 22.
2324 652 2417 704 Ἐκ
2446 650 2659 721 καρποῦ
2704 651 2803 721 τῆς
2844 650 3052 713 κοιλίας
3088 666 3181 701 σου
3215 648 3454 719 ϐήσομαι
3486 645 3579 700 ἐπὶ
3612 645 3701 698 τοῦ

424 740 597 787 tuam.

2119 742 2306 815 θρόνου
2336 762 2448 797 σου.

491 825 583 879 25.
616 823 673 879 Si
704 826 1059 881 custodierint
1098 827 1192 882 lilii
1236 828 1314 883 tui
1344 838 1728 884 testamentum
1766 843 1967 897 meum,

2186 834 2275 887 25.
2312 835 2435 888 Ἐάν
2465 834 2875 903 φυλάξωνταιοὶ
2900 832 3004 886 υἱοί
3031 849 3123 886 σου
3158 832 3256 903 τὴν
3281 830 3553 901 διαθήκην
3583 847 3700 898 μου,

491 917 582 972 24.
616 918 681 971 Ει
712 920 1024 974 testimonia
1054 936 1176 975 mea
1208 923 1346 985 haec,
1378 938 1499 991 qua:
1522 923 1727 977 docebo
1760 938 1876 991 eos,

2184 924 2274 978 24.
2308 925 2415 977 Kal.
2440 926 2506 977 τά
2541 924 2816 995 μαρτύριά
2851 941 2949 994 μου
2982 922 3174 982 ταῦτα,
3198 921 3233 975 ἃ
3256 920 3455 983 διδάξω
3484 919 3700 978 αὐτοὺς,

491 1007 583 1064 25.
619 1008 684 1063 Ει
726 1011 821 1063 lilii
870 1026 1063 1065 eorum
1110 1027 1286 1081 usque
1334 1013 1387 1066 in
1442 1014 1701 1068 saeculum
1744 1015 2008 1069 sedebunt

2184 1010 2273 1065 25.
2307 1013 2416 1063 Καὶ
2460 1015 2507 1064 οἱ
2551 1014 2656 1065 υἱοὶ
2682 1014 2860 1065 αὐτῶν
2888 1012 2993 1074 ἕως
3026 1010 3119 1063 τοῦ
3153 1010 3344 1071 αἰῶνος
3378 1008 3701 1062 καθιοῦνται

421 1114 585 1168 super
615 1101 796 1154 sedem
830 1110 1004 1155 tuam.

2114 1101 2207 1153 ἐπὶ
2240 1101 2335 1154 τοῦ
2362 1102 2551 1173 θρόνου
2588 1120 2702 1155 σου.

489 1189 579 1242 26.
613 1188 882 1255 Quoniam
910 1190 1071 1261 elegit
1105 1188 1371 1244 Dominus
1398 1187 1529 1243 Sion
1564 1204 1579 1241 :

2181 1193 2271 1246 26.
2310 1195 2431 1246 Ὅτι
2461 1194 2741 1258 ἐξελέξατο
2773 1194 2975 1265 Κύριος
3004 1194 3100 1265 τὴν
3127 1190 3281 1244 Σιών·

488 1284 579 1336 27.
610 1283 782 1353 Elegit
809 1300 926 1337 eam
958 1284 1011 1337 in
1044 1284 1433 1337 habitationem
1462 1284 1584 1337 sibi.
1990 1276 1991 1279 “

1990 1276 1991 1279 η
2180 1285 2271 1338 27.
2320 1285 2637 1355 ᾘρετίσατο
2668 1284 2837 1354 αὐτὴν
2865 1287 2942 1347 εἰς
2966 1284 3248 1337 κατοικίαν
3277 1279 3482 1350 ἑαυτῷ.

486 1373 577 1427 28.
612 1374 737 1429 Haec
767 1376 983 1444 requies
1016 1391 1137 1428 mea
1173 1376 1226 1428 in
1257 1376 1517 1429 smculum
1554 1375 1736 1430 saeculi
1772 1392 1788 1441 ;

2179 1377 2267 1430 28.
2298 1377 2445 1447 Αὕτη
2477 1379 2509 1446 ἡ
2544 1378 2885 1439 κατάπαυσίς
2919 1395 3019 1446 μου
3053 1379 3131 1438 εἰς
3155 1374 3325 1427 αἰῶνα
3354 1372 3591 1434 αἰῶνος·

487 1464 577 1517 29.
617 1464 716 1519 llic
744 1465 1019 1531 habitabo,
1052 1466 1313 1534 quoniam
1356 1467 1492 1535 elegi
1528 1482 1671 1524 eam.

2179 1466 2268 1520 29.
2306 1461 2433 1518 Ὧδε
2460 1468 2793 1537 κατοικήσω,
2825 1468 2905 1518 ὅτι
2940 1466 3274 1537 ᾑρετισάμην
3308 1463 3500 1533 αὐτήν.

485 1555 576 1608 50.
606 1554 835 1609 Viduam
872 1558 991 1626 ejus
1026 1558 1355 1613 benedicens
1382 1558 1698 1612 benedicam
1734 1573 1748 1609 :

2178 1558 2266 1612 50.
2297 1558 2407 1627 Τὴν
2437 1558 2610 1627 χήραν
2635 1558 2803 1625 αὐτῆς
2827 1556 3064 1624 εὐλογῶν
3095 1556 3372 1624 εὐλογήσω
3391 1570 3404 1581 ·

486 1645 575 1701 51.
606 1646 879 1717 Pauperes
910 1650 1029 1718 ejus
1063 1650 1323 1703 saturabo
1354 1651 1607 1718 panibus.

2177 1649 2261 1701 51.
2304 1648 2444 1711 Τοὺς
2476 1649 2724 1717 πτωχοὺς
2751 1649 2919 1717 αὐτῆς
2945 1648 3194 1718 χορτάσω
3221 1647 3422 1715 ἄρτων.

488 1738 578 1791 52.
610 1740 932 1795 Sacerdotes
964 1741 1083 1810 ejus
1112 1740 1335 1793 induam
1366 1742 1617 1804 salutari,

2030 1749 2073 1802 B
2172 1739 2259 1792 52.
2295 1739 2432 1800 Τοὺς
2462 1739 2626 1808 ἱερεῖς
2652 1739 2819 1807 αὐτῆς
2848 1738 3052 1790 ἐνδύσω
3088 1737 3384 1806 σωτηρίαν,

487 1830 576 1883 55.
611 1831 674 1883 Ει
704 1833 875 1886 sancti
902 1833 1022 1901 ejus
1057 1833 1425 1887 exsultatione
1448 1834 1821 1888 exsultahunt.

2178 1831 2267 1883 55.
2304 1831 2415 1881 Καὶ
2446 1831 2494 1881 οἱ
2527 1831 2662 1881 ὅσιοι
2689 1828 2857 1899 αὐτῆς
2894 1828 3213 1896 ἀγαλλιάσει
3243 1826 3691 1895 ἀγαλλιάσονται.

487 1921 572 1977 54.
605 1921 737 1977 llluc
764 1924 1059 1993 producam
1094 1939 1263 1979 cornu
1296 1924 1465 1979 David
1504 1943 1515 1977 :

2176 1924 2263 1979 54.
2313 1924 2461 1976 Ἐκεῖ
2490 1922 2795 1989 ἐξανατελῶ
2825 1923 2993 1994 κέρας
3017 1922 3097 1994 τῷ
3126 1922 3311 1975 Δαὸίδ.

1542 2131 1916 2188 ATHANASII
1956 2132 2552 2190 INTERPRETATIO.

482 2336 568 2390 19.
601 2334 719 2390 Non
750 2336 968 2392 auferas
998 2352 1027 2391 a
1057 2337 1212 2392 nobis
1239 2338 1469 2409 gratiam
1499 2337 1623 2392 Filii
1655 2340 1757 2394 tui.

2168 2342 2253 2397 19.
2280 2343 2369 2412 Μὴ
2394 2340 2691 2412 ἀντανέλῃς
2713 2338 2805 2409 ἀφ’
2824 2337 2980 2409 ἡμῶν
3001 2337 3099 2408 τὴν
3116 2335 3276 2407 χάριν
3296 2334 3390 2390 τοῦ
3414 2335 3550 2388 Υἱοῦ
3574 2351 3689 2389 σου.

478 2427 570 2493 20,
600 2428 691 2482 21.
734 2428 803 2482 lis
848 2429 1040 2492 rebus,
1088 2445 1225 2498 quas
1258 2431 1506 2499 promisit
1554 2428 1819 2485 Dominus
1867 2431 1994 2485 dili-

2166 2431 2254 2493 20,
2286 2432 2373 2483 21.
2410 2433 2475 2482 Ἃ
2506 2430 2871 2501 ἐπηγγείλατο
2912 2431 2940 2481 ὁ
2991 2427 3197 2498 Κύριος
3237 2428 3350 2487 τοῖς
3394 2425 3690 2492 ἀγαπῶσιν

407 2518 661 2588 gentibus
697 2534 756 2572 se
779 2560 793 2583 ,
846 2535 955 2572 non
992 2520 1229 2590 privabit
1262 2536 1356 2577 eos
1384 2537 1397 2573 :
1427 2522 1601 2575 David
1645 2524 1789 2577 enim
1827 2524 1931 2579 inte

2168 2523 2278 2584 τὸν,
2315 2523 2374 2574 οὐ
2409 2523 2482 2593 μὴ
2528 2522 2764 2593 στερήσῃ
2794 2519 2991 2582 αὐτούς
3032 2519 3131 2591 (1).
3165 2516 3344 2571 Δαϐὶδ
3367 2517 3477 2588 γάρ
3508 2518 3690 2587 ἑρμη-

406 2616 655 2680 pretatur
684 2610 933 2665 dilectus.

2092 2612 2302 2664 νεύεται
2332 2612 2656 2681 ἀγαπητός.

478 2700 566 2756 22.
598 2701 717 2755 Filii
751 2704 940 2768 vestri,
975 2720 1114 2775 quos
1145 2706 1340 2774 paritis
1384 2721 1480 2777 per
1510 2708 1739 2777 gratiam
1788 2724 1988 2773 meam,

2165 2701 2253 2756 22.
2284 2703 2365 2754 Τὰ
2413 2702 2584 2754 τέκνα
2627 2700 2816 2771 ὑμῶν,
2862 2700 2899 2753 ἃ,
2941 2699 3153 2753 τίκτετε
3194 2699 3280 2753 διὰ
3312 2700 3412 2770 τῆς
3459 2699 3689 2769 χάριτός

406 2792 511 2863 ipsi
567 2794 963 2848 haareditabunt
1018 2812 1246 2866 regnum
1309 2798 1572 2851 cmlorum
1632 2817 1644 2851 :
1694 2799 1810 2853 haec
1863 2801 1930 2854 dit

2165 2813 2213 2860 υ,
2260 2794 2398 2847 αὐτὰ
2431 2794 2897 2864 κληρονομήσουσι
2930 2794 3029 2865 τὴν
3073 2792 3348 2862 βασιλείαν
3372 2792 3481 2845 τῶν
3516 2793 3688 2862 οὐρα-

405 2884 659 2939 omnibus
690 2885 1014 2954 praesidibus
1048 2888 1466 2941 monachorum.

2087 2890 2211 2943 νῶν·
2244 2888 2417 2941 ταῦτα
2451 2888 2586 2959 πρὸς
2617 2888 2844 2940 ἕκαστον
2873 2886 2981 2939 τῶν
3009 2887 3328 2957 ἡγουμένων
3364 2886 3540 2953 λέγει.

473 2974 565 3038 25,
607 2974 698 3027 24.
747 2974 851 3040 Qui
903 2975 1005 3028 sub
1055 2985 1321 3044 potestate
1375 2991 1503 3032 sunt
1550 2980 1990 3051 uniuscujusque

2162 2982 2247 3045 25,
2293 2981 2385 3034 24.
2436 2980 2512 3050 (2)
2556 2980 2681 3033 Ἐὰν
2726 2974 2837 3032 οἷόν
2875 2996 2935 3032 τε
2968 2978 3071 3031 ὑπὸ
3093 2978 3190 3048 τὴν
3220 2981 3378 3049 χεῖρα
3405 2978 3528 3038 ἑνὸς
3560 2976 3686 3029 ἐκά-

402 3075 682 3132 vestrum,
735 3069 779 3121 si
832 3067 1066 3122 habeant
1117 3069 1170 3121 in
1217 3070 1383 3124 corde
1438 3086 1539 3125 suo
1600 3080 1926 3127 testamentu

2166 3090 2215 3125 au
2244 3072 2397 3143 ὑμῶν
2428 3072 2622 3142 ἔχωσιν
2659 3073 2716 3123 ἐν
2746 3074 2810 3141 τῇ
2848 3071 3046 3142 καρδίᾳ
3074 3070 3252 3145 αὐτῶν
3278 3071 3375 3139 τὴν
3414 3069 3690 3140 διαθήκην

402 3174 609 3224 meum,
644 3169 697 3213 et
741 3160 842 3213 bas
886 3175 1037 3213 meas
1085 3161 1406 3229 passiones,
1459 3178 1598 3232 quas
1648 3173 1708 3217 ut
1749 3165 1926 3219 discam

2164 3183 2215 3228 υ,
2247 3165 2339 3217 καὶ
2368 3164 2434 3216 τὰ
2467 3162 2767 3233 παθήματά
2798 3178 2900 3233 μου
2926 3163 3101 3215 ταῦτα
3120 3203 3134 3226 ,
3162 3162 3197 3215 ἃ
3230 3161 3455 3230 φωτίσω
3485 3161 3686 3222 αὐτοὺς

401 3251 776 3304 eosillumino
808 3252 979 3321 gratia
1009 3267 1169 3315 mea;

2090 3260 2285 3311 εἰδέναι
2319 3258 2406 3311 διὰ
2436 3259 2535 3328 τῆς
2568 3258 2790 3330 χάριτός
2817 3276 2939 3329 μου.

475 3343 565 3396 25.
605 3342 668 3395 Ει
699 3343 752 3395 in
789 3345 1182 3413 sempiternum
1209 3360 1373 3413 opera
1405 3345 1635 3417 justitiae
1675 3363 1863 3403 eorum
1894 3364 1985 3405 re-

2160 3348 2248 3400 25.
2278 3349 2386 3399 Καὶ
2414 3347 2483 3398 τά
2512 3346 2649 3417 ἔργα
2691 3349 2790 3418 τῆς
2832 3346 3177 3417 δικαιοσύνης
3208 3344 3387 3398 αὐτῶν
3427 3343 3684 3412 βασιλεύ-ι

403 3434 666 3503 gnabunL

2090 3450 2242 3490 σουσι
2274 3438 2663 3508 ἁτελευτήτως.

472 3527 561 3583 26.
594 3528 863 3594 Quoniam
890 3528 1048 3598 elegit
1076 3528 1341 3586 Dominus
1368 3546 1464 3584 cor
1487 3530 1694 3585 faciens
1718 3541 1983 3602 przccepta

2158 3525 2243 3578 26.
2280 3527 2399 3578 Ὅτι
2436 3525 2715 3590 ἐξελέξατο
2742 3526 2947 3599 Κύριος
2993 3526 3217 3598 καρδίαν
3260 3527 3359 3595 τὴν
3414 3527 3682 3579 ποιοῦσαν

401 3632 501 3673 sua
535 3635 547 3670 :
582 3618 712 3673 Sion
763 3620 909 3672 enim
957 3619 1349 3689 interpretatur
1395 3619 1645 3690 specula,
1693 3619 1853 3690 quale
1902 3639 1925 3676 c

2155 3638 2181 3682 ς
2215 3618 2433 3682 ἐντολὰς
2457 3620 2621 3671 αὐτοῦ
2642 3636 2656 3650 ·
2694 3619 2849 3672 Σιὼν
2879 3619 2989 3689 γὰρ
3018 3616 3378 3689 ἑρμηνεύεται
3406 3634 3679 3672 σκοπευ-

400 3729 517 3768 cor.
2080 3710 2307 3779 τήριον,
2336 3712 2471 3781 ὅπερ
2497 3712 2646 3764 ἐστὶν
2679 3713 2711 3782 ἡ
2744 3710 2961 3782 καρδία.

468 3804 559 3858 27.
591 3802 650 3858 In
683 3804 776 3857 tali
808 3803 970 3859 corde
997 3804 1226 3859 libenter
1261 3803 1590 3857 tnhabitabit
1611 3801 1776 3858 Deus.

2155 3803 2240 3856 27.
2268 3803 2357 3855 Ἐν
2397 3806 2464 3874 τῇ
2513 3802 2736 3874 τοιαύτῃ
2783 3802 2983 3874 καρδία
3019 3802 3188 3872 ἡδέως
3228 3802 3503 3871 ἐνοικήσει
3543 3802 3624 3865 (5)
3653 3802 3679 3854 ὁ

2081 3895 2233 3949 Θεόε.

465 3982 555 4038 28.
587 3981 949 4052 Requiescam
983 3982 1036 4037 in
1073 3982 1169 4037 tali
1209 3984 1393 4049 corde,
1420 3990 1473 4037 et
1513 3997 1681 4048 nunc,
1714 3990 1769 4037 et
1803 3982 1856 4036 in
1890 3980 1977 4035 fn-

2154 3988 2239 4042 28.
2282 3987 2688 4059 Ἀναπαύσομαι
2718 3989 2774 4041 ὲν
2800 3991 2867 4060 τῇ
2898 3988 3123 4062 τοιαύτῃ
3150 3985 3347 4057 καρδία
3376 3987 3475 4039 καὶ
3502 3987 3565 4039 ὲν
3599 3987 3678 4057 τῷ

396 4085 519 4131 turo
552 4077 770 4131 saeculo.

2078 4081 2192 4145 νῦν,
2228 4082 2323 4134 καὶ
2356 4084 2411 4134 ὲν
2439 4081 2515 4151 τῷ
2553 4081 2798 4152 μέλλοντι
2833 4080 3006 4135 αἰῶνι.

464 4170 554 4224 29.
586 4169 641 4221 In
690 4170 807 4238 ipso
849 4167 1187 4234 inhabitabo,
1219 4177 1273 4222 et
1309 4167 1683 4234 inambulabo,
1713 4168 1974 4237 quoniam

2148 4171 2234 4223 29.
2276 4172 2367 4223 Ἐν
2407 4172 2542 4241 αὐτῇ
2591 4171 2901 4240 ἐνοικὴσω,
2938 4170 3032 4222 καὶ
3074 4168 3535 4239 ἐμπεριπατήσω,
3586 4171 3672 4223 ὅτι

392 4258 554 4312 dilexi
587 4258 739 4311 illud.

2076 4261 2340 4331 ἠγάπησα
2367 4260 2538 4330 αὐτὴν

462 4348 549 4403 50.
585 4348 716 4418 Ejus
747 4346 1173 4418 hospitalitatem
1209 4346 1540 4401 benedicens
1569 4346 1911 4401 benedicam.

1910 4390 1911 4397 η
2145 4353 2234 4406 50.
2268 4354 2339 4405 Τὸ
2379 4352 2651 4421 φιλόξενον
2676 4353 2846 4423 αὐτῆς
2878 4352 3114 4420 εὐλογῶν
3138 4351 3434 4422 εὐλογήσω.

461 4441 523 4495 51
586 4439 1055 4496 Mansuetudinem
1095 4439 1236 4509 ejus,
1288 4447 1343 4493 ct
1388 4438 1667 4493 silentium
1714 4440 1971 4495 saturabo

2146 4443 2233 4499 51.
2261 4444 2335 4497 Τὸ
2362 4447 2536 4515 πρᾶον
2567 4445 2736 4516 αὐτῆς
2769 4446 2863 4498 καὶ
2889 4445 3112 4516 ἡσύχιον
3153 4445 3402 4517 χορτάσω
3436 4444 3547 4498 τῶν
3580 4446 3670 4499 λο-

389 4534 625 4604 eloquiis
656 4534 816 4589 meis.

1124 4502 1141 4509 ν
1222 4502 1232 4509 ⁷
2001 4502 2417 4605 Ι)γίωνμου.’
2540 4602 2544 4607 γ

461 4629 550 4685 52.
582 4626 1001 4697 Deprecationes
1033 4626 1171 4696 ejus,
1219 4632 1273 4679 et
1317 4624 1744 4695 supplicationes
1795 4627 1971 4681 salute

2147 4629 2235 4681 52.
2272 4628 2382 4691 Τὰς
2410 4628 2625 4699 δεήσεις
2653 4628 2843 4698 αὐτῆς,
2875 4627 2968 4679 καὶ
2997 4626 3205 4690 ἱκεσίας
3239 4626 3521 4698 περιϐαλῶ
3559 4645 3666 4681 σω·-

390 4721 764 4775 circumdabo.

2073 4738 2140 4791 τη
2151 4721 2289 4792 ρίαν.

458 4815 546 4868 55.
576 4813 642 4866 Et
672 4829 834 4882 opera
867 4812 987 4883 ejus
1017 4812 1368 4868 immaculata
1408 4811 1462 4866 in
1499 4826 1668 4881 regno
1698 4812 1963 4867 cmlornm

2144 4810 2230 4866 55.
2266 4812 2375 4866 Καὶ
2403 4812 2469 4865 τὰ
2507 4811 2643 4884 ἔργα
2679 4812 2851 4883 αὐτῆς
2879 4811 2949 4865 τὰ
2982 4812 3187 4883 ἄμωμα
3228 4812 3287 4864 ἐν
3312 4815 3379 4882 τῇ
3410 4809 3662 4883 βασιλεία

386 4904 758 4959 exsullabunt.

2068 4905 2181 4958 τῶν
2210 4904 2455 4976 οὐρανῶν
2480 4904 2920 4973 ἀγαλλιάσονται.

455 4997 545 5051 54.
576 4996 633 5049 In
679 5012 913 5066 superna
959 4995 1268 5052 Jerusalem
1316 4995 1565 5051 excitabo
1619 5011 1847 5066 regnum
1908 4996 1963 5050 in

2140 4998 2230 5053 54.
2274 4999 2359 5051 Ἐν
2390 5001 2455 5067 τῇ
2498 4998 2611 5051 ἄνω
2649 4996 3005 5069 Ἰερουσαλὴμ
3042 4995 3346 5062 ὲξανατελῶ
3376 5000 3475 5067 τὴν
3505 4996 3660 5067 βασι-ι

384 5089 585 5157 populo
614 5089 922 5144 desiderato
950 5105 965 5142 :
1000 5088 1170 5142 David
1213 5088 1360 5143 enim
1403 5089 1794 5159 interpretatur
1819 5088 1908 5142 des

2132 5091 2212 5142 ίαν
2236 5090 2313 5160 τῷ
2340 5089 2454 5160 λαῷ
2480 5089 2557 5159 τῷ
2583 5090 2953 5162 πεποθημὲνῳ
2973 5108 2986 5121 ·
3015 5089 3194 5144 Δαϐὶδ
3219 5089 3327 5159 γάρ
3352 5089 3656 5161 ἑρμηνεέε-

383 5190 552 5238 ratus.

2064 5200 2152 5235 ται
2185 5182 2620 5250 πεποθημένος.

1346 5403 1651 5466 Addenda
1685 5410 1747 5465 et
1777 5402 2163 5482 corrigenda.
2200 5419 2277 5463 ex
2310 5400 2451 5463 cod.
2490 5399 2688 5463 Vatic.

452 5587 529 5661 (1)
559 5587 749 5661 ἕωρἳ
775 5596 882 5661 etc-
977 5657 1047 5661 -_
1212 5658 1223 5661 -
1296 5658 1304 5661 _
1594 5659 1645 5661 η

1212 5658 1223 5661 -
1296 5658 1304 5661 -
1594 5660 1603 5661 ί
1634 5659 1645 5661 _
2062 5587 2363 5661 παθήματά
2396 5605 2516 5658 μου,
2550 5597 2647 5642 etc.

453 5658 531 5727 (2)
560 5656 624 5709 Ν.
657 5658 748 5713 25.
788 5659 912 5712 Ἐὰν
944 5657 992 5710 οἱ
1028 5657 1175 5720 Evn;
1205 5658 1327 5718 ὑπό.
1356 5669 1461 5715 etc.
1493 5658 1555 5714 N.
1582 5659 1671 5715 24.
1709 5661 1817 5714 Καὶ
1866 5661 1933 5715 τὰ

1118 5676 1175 5720 ες
1205 5658 1327 5718 ὑπό.
1356 5669 1461 5715 etc.
1493 5658 1555 5714 N.
1582 5659 1671 5715 24.
1709 5661 1817 5714 Καὶ
1866 5661 1933 5715 τὰ
2116 5656 2493 5733 (5)”Ἐνοικεῐ,
2522 5669 2640 5731 etc”
