3860 6220
450 290 588 345 1255

1301 290 1355 344 S.
1394 288 1766 343 ATHANASH
1805 287 1958 344 OPP.
2002 287 2185 343 PARS
2225 286 2309 343 111.
2349 319 2421 331 -
2455 288 2866 349 EXEGETICA.

3577 300 3717 355 1258

1575 409 1953 464 ATllANASll
1993 406 2577 464 INTERPRETATIO.

444 522 646 587 Aaron,
683 523 754 577 ita
806 532 957 586 sunt,
991 532 1044 577 et
1075 539 1165 594 qui
1208 524 1412 578 mundo
1458 527 1755 580 morientes
1791 527 1894 596 ipsi
1937 542 2023 580 re-

2127 521 2348 593 ὲχρίσοη
2402 520 2629 593 Ἀαρὼν,
2662 519 2836 584 οὓτως
2863 521 2970 574 εἰσὶ
2996 522 3092 574 καὶ
3128 523 3176 574 ol
3215 521 3621 594 ἀποταξάμενοι
3645 528 3720 597 τῷ

444 616 784 677 nuntiarunt,
803 622 855 666 et
884 616 1165 668 unanimes
1191 624 1338 668 sunt.
1362 614 1495 668 Nam
1525 617 1653 669 illud
1683 632 2017 687 unguentum

443 707 870 774 componebatur
893 722 958 759 ex
989 708 1230 777 myrrha,
1257 716 1311 760 et
1337 707 1706 773 cinnamomo,
1731 718 1783 762 et
1812 710 2021 763 calamo

443 797 580 852 bene
613 798 798 860 olenti,
830 808 882 852 et
907 799 1039 851 iride
1071 800 1145 870 (a)
1174 818 1186 854 :
1216 802 1327 853 haec
1357 801 1504 853 enim
1556 803 1928 856 miscebantur
1965 804 2018 857 irt

443 890 583 952 oleo,
614 900 774 957 atque
803 889 872 942 ita
906 892 1066 944 tiebat
1091 901 1425 958 unguentum
1459 901 1883 961 unguentorum,
1910 909 2020 962 quo

443 982 747 1050 ungebatur
789 983 1063 1043 sacerdos,
1093 997 1216 1034 cutn
1247 983 1564 1036 initiabatur
1611 985 1676 1036 ad
1713 1000 1866 1038 sacra
1909 984 2018 1037 Deo

444 1071 688 1124 facienda
717 1089 728 1122 :
765 1072 832 1123 ita
879 1072 1022 1122 enim
1056 1082 1387 1139 pratceperat
1426 1072 1568 1126 Deus
1599 1073 1765 1143 Moysi
1796 1075 1847 1128 in
1876 1076 2019 1130 libro

441 1159 612 1214 Exodi
639 1161 702 1214 ⁸⁵.
730 1161 947 1230 Myrr/ta
986 1162 1148 1232 igitur
1197 1165 1582 1232 interpretatur
1623 1177 1900 1218 concentus
1933 1185 2019 1219 eo-

442 1269 593 1318 rum;
621 1257 1009 1306 cinnamomum
1039 1266 1217 1307 autem
1253 1259 1508 1316 possessio
1534 1258 1906 1318 immaculata;
1931 1276 2020 1310 ca-

444 1345 614 1397 lamus
641 1360 767 1398 vero
791 1345 1085 1397 benevolens
1109 1356 1191 1397 est
1213 1343 1449 1412 Spiritus
1480 1355 1714 1399 sanctus.
1755 1346 2018 1400 Dominus

440 1437 584 1489 enim
621 1437 835 1502 inquit:
869 1435 1077 1504 Lingua
1124 1452 1236 1486 mea
1278 1436 1517 1488 calamus
1564 1438 1751 1491 scribw
1776 1438 2019 1491 velociter

439 1528 718 1579 scribentis
751 1527 816 1591 ⁸⁸,
846 1527 1053 1580 scilicet
1099 1525 1364 1594 Spiritus;
1399 1529 1491 1580 iris
1528 1543 1708 1581 autem
1751 1531 2019 1600 interpre-

440 1626 586 1670 tatur
619 1618 916 1687 vigilantia.
951 1617 1021 1670 lta
1057 1619 1222 1686 igitur
1253 1619 1416 1670 etiam
1467 1619 1552 1671 isti
1597 1621 1886 1688 compositi
1923 1638 2018 1675 ex-

439 1709 671 1772 sistunt,
711 1707 1118 1771 renuntiantes,
1163 1709 1408 1776 inquam,
1455 1710 1657 1764 mundo
1713 1712 2015 1764 secundum

439 1797 630 1862 Deum,
660 1808 876 1866 propter
907 1813 1095 1850 eorum
1133 1810 1480 1859 concentum,
1512 1800 1654 1868 quod
1691 1802 2016 1869 interpreta-

2124 615 2312 684 κόσμῳ
2335 613 2751 676 καταθανόντες,
2785 615 2880 665 καὶ
2906 615 2952 665 οἱ
2983 613 3136 676 ὄντες
3189 615 3475 684 ὁμόψυχοι.
3518 615 3722 670 Ἐκεῖνο

2119 706 2226 775 γὰρ
2251 705 2311 757 τὸ
2347 705 2515 776 μύρον
2541 705 2945 757 κατεσκεύαστο
2977 705 3083 756 ἀπὸ
3113 704 3381 775 σμύρνης,
3413 706 3510 758 καὶ
3533 723 3722 758 κιννα-

2123 797 2337 867 μώμου,
2366 799 2459 850 xui.
2487 796 2736 866 καλάμου
2770 795 3024 859 εὐώδους,
3062 797 3156 848 καὶ
3220 796 3402 866 ἴρεως·
3459 797 3723 866 ὲμίγνυτο

2118 887 2226 958 γὰρ
2259 887 2430 940 ταῦτα
2456 889 2511 940 ὲν
2546 886 2732 956 ἐλαίῳ,
2781 885 2875 938 καὶ
2929 885 3137 952 ἐγίνετο
3186 884 3355 955 μύρον
3393 885 3718 955 μυρεψικὸν·

2118 981 2211 1032 καὶ
2233 979 2408 1048 τούτῳ
2438 978 2690 1048 ἐχρίσατο
2713 981 2740 1031 ὁ
2767 978 2964 1045 ἱερεύς,
2987 978 3112 1030 ὅταν
3135 977 3546 1046 προεχειρίζετο
3575 979 3724 1046 ἱερα-

2117 1070 2290 1122 τεύειν
2320 1071 2396 1140 τῷ
2426 1071 2563 1139 Θεῷ·
2598 1071 2739 1122 οὐτω
2771 1071 2880 1140 γὰρ
2917 1065 2985 1138 ἦν
3033 1068 3340 1137 προστάξας
3389 1070 3415 1120 ὁ
3447 1068 3584 1132 Θεὸς
3644 1068 3725 1137 τῷ

2116 1164 2342 1216 Μωῦσεῖ
2373 1165 2430 1214 ἐν
2459 1165 2525 1231 τῇ
2568 1161 2732 1230 βίϐλῳ
2778 1163 2877 1230 τῆς
2919 1161 3150 1226 Ἐξόδου.
3193 1159 3593 1230 Ἐρμηνεύεται
3627 1157 3722 1212 οὖν

2117 1257 2356 1323 σμύρνα
2365 1256 2630 1323 μελῳδία
2645 1251 2860 1306 αὐτῶν·
2881 1251 3258 1320 κιννάμωμον
3269 1252 3326 1303 δὲ
3344 1251 3722 1321 ἑρμηνεύεται

2116 1347 2314 1410 κτίσις
2334 1345 2592 1414 ἄμωμος·
2617 1343 2885 1412 κάλαμος
2903 1345 2958 1396 δὲ
2992 1343 3218 1408 εὐώδης
3242 1344 3357 1395 ἐστὶ
3380 1343 3447 1396 τὸ
3471 1345 3724 1411 Πνεῦμα

2115 1434 2181 1485 τὸ
2221 1433 2409 1502 ἅγιον·
2460 1436 2489 1487 ὀ
2539 1433 2648 1504 γὰρ
2704 1433 2909 1505 Κύριος
2951 1449 3136 1501 φησιν·
3195 1434 3264 1488 ’11
3301 1432 3561 1502 γλῶσσὰ
3595 1451 3722 1503 μου

2116 1523 2388 1592 κάλαμος
2445 1525 2822 1594 γραμματέως
2883 1525 3263 1594 όξυγράετου,
3334 1525 3588 1578 τουτέστι
3656 1525 3723 1578 τὸ

2117 1615 2359 1685 Πνεῦμα·
2404 1616 2600 1683 ἱερέως
2635 1612 2790 1687 [ἶρις]
2841 1617 2897 1669 δὲ
2921 1617 3278 1689 ἑρμηνεύεται
3322 1621 3715 1686 τρηγίζρησις.

2116 1706 2302 1769 Οὐτως
2324 1704 2416 1760 οὖν
2444 1708 2537 1760 καὶ
2562 1703 2706 1761 οὗτοι
2737 1710 3038 1779 ὑπάρχουσι
3069 1710 3437 1779 συγκείμενοι,
3480 1710 3629 1778 λέγω
3652 1712 3721 1783 δὴ

2115 1798 2165 1849 οἱ
2219 1798 2620 1868 ἀποταξάμενοι
2674 1800 2813 1852 κατὰ
2862 1799 2995 1851 Θεὸν
3041 1799 3129 1850 διὰ.
3180 1799 3449 1868 μελῳδίας
3501 1801 3717 1861 αὐτῶν.

437 1897 526 1940 tur
557 1888 800 1955 myrrha;
832 1897 884 1939 et
918 1897 1135 1955 propter
1185 1891 1588 1956 possessionem
1636 1893 2014 1946 intinaculata-

2117 1889 2253 1958 ὅπερ
2280 1889 2641 1958 ἑρμηνεύεται
2672 1891 2928 1958 σμύρνα·
2957 1890 3051 1942 καὶ
3089 1891 3178 1942 διὰ
3201 1890 3296 1960 τῆς
3331 1893 3582 1960 κτήσεως
3606 1893 3719 1944 τῶν

438 1995 560 2034 rum
592 1995 813 2034 suarum
839 1983 1238 2047 operationum,
1259 1981 1402 2048 quod
1432 1981 1814 2048 interpretatur
1834 1983 2018 2034 cinna-

437 2085 700 2132 momum;
740 2080 792 2122 et
831 2079 1049 2139 propter
1071 2077 1298 2139 gratiam
1332 2069 1565 2139 Spititus
1593 2073 1786 2133 sancti,
1816 2073 1908 2141 qui
1935 2082 2019 2126 est

438 2160 679 2213 calamus
714 2162 1046 2218 benevolens;
1084 2169 1137 2214 et
1172 2170 1388 2228 propter
1427 2162 1622 2215 anima:
1660 2163 2014 2233 vigilantiam,

438 2267 600 2322 quam
635 2253 901 2323 signiﬁcat
948 2255 1100 2307 iridis
1137 2270 1352 2307 nomen.
1384 2254 1508 2306 “th
1543 2255 1705 2324 igitur
1733 2257 2014 2324 habentes,

437 2346 534 2416 qui
566 2348 769 2400 mundo
801 2349 1138 2408 renuntiant,
1163 2348 1372 2401 scilicet
1405 2358 1730 2400 concentum
1767 2352 1908 2401 inter
1936 2351 2018 2418 ip-

441 2453 537 2493 sos
576 2449 631 2493 et
678 2441 1076 2508 possessionem
1122 2440 1595 2494 immaculatarum
1639 2442 1933 2506 actionum,
1962 2450 2016 2496 et

439 2529 795 2600 ﬂagrantium
824 2532 1009 2601 gratiae
1029 2573 1044 2596 ,
1075 2542 1128 2586 et
1159 2533 1512 2599 vigilantiam,
1542 2533 1771 2586 miscent
1797 2551 1858 2587 ea
1889 2552 2014 2591 cum

439 2623 838 2683 misericordia,
861 2633 912 2675 et
942 2623 999 2676 ﬁt
1035 2635 1368 2692 unguentum
1406 2624 1513 2679 Deo
1542 2628 1592 2679 in
1625 2628 1846 2681 odorem
1883 2645 2013 2682 sua-

437 2714 641 2768 vitatis.
675 2713 964 2782 Propterea
1004 2715 1167 2783 igitur
1201 2717 1470 2770 assimilat
1510 2734 1604 2772 eos
1632 2730 1907 2788 unguento
1934 2719 2014 2772 ef-

437 2801 562 2858 fuso
607 2805 660 2858 in
708 2814 870 2874 caput
919 2807 1240 2861 sacerdotis.
1274 2808 1448 2861 Aliam
1485 2811 1646 2863 etiam
1684 2813 2010 2880 interpreta-

437 2897 641 2951 tionem
694 2900 938 2968 aceipere
986 2910 1213 2968 possunt
1263 2902 1423 2954 iidem
1489 2903 1683 2970 psalmi
1736 2904 2007 2958 versiculi.

436 2985 572 3041 Nam
606 3005 727 3042 cum
763 3000 1099 3058 unguentum
1139 2991 1368 3044 electum
1413 2992 1707 3045 eﬂ'uuditur
1749 2993 1802 3046 in
1850 3003 2013 3061 caput

439 3080 758 3142 sacerdotis,
809 3081 1117 3133 necessario
1158 3081 1436 3135 descendit
1495 3082 1547 3135 in
1589 3083 1709 3152 ejus
1761 3083 2006 3146 barbam,

435 3171 892 3240 quemadmodum
937 3172 1074 3224 dixit
1115 3173 1355 3239 psalmus
1391 3191 1403 3225 :
1438 3183 1490 3226 et
1533 3174 1587 3226 in
1646 3176 2007 3242 superltume-

437 3264 551 3316 rale
585 3300 600 3324 ,
651 3263 796 3330 quod
867 3262 984 3330 ejus
1049 3263 1247 3316 collum
1319 3264 1543 3329 circuit,
1597 3275 1651 3318 et
1701 3268 2010 3333 necessario

433 3365 664 3422 utraque
728 3365 1002 3423 unguento
1078 3357 1414 3421 implentur,
1475 3359 1641 3410 barba
1709 3359 1914 3412 scilicet
1958 3370 2011 3414 et

435 3460 529 3499 ora
558 3445 866 3499 vestimenti
903 3447 1042 3514 ejus.
1078 3443 1156 3498 ιω
1204 3447 1384 3515 igitur,
1423 3447 1636 3515 inquit,
1679 3460 1808 3502 sunt
1844 3451 2008 3504 etiam

435 3534 528 3603 qui
581 3535 908 3587 unanimiter
968 3535 1266 3588 secundnrn
1339 3535 1506 3588 Dettm
1558 3538 1761 3590 mundo
1807 3554 2009 3590 renun-

434 3628 602 3690 tiant;
643 3626 938 3679 elfunditur
971 3627 1115 3680 enim
1166 3627 1218 3679 in
1251 3629 1397 3695 ipsos
1447 3626 1683 3698 Spiritus
1725 3641 1948 3684 sanctus
1978 3648 2008 3686 a

435 3715 564 3778 Deo,
599 3716 691 3785 qui
736 3726 819 3770 est
849 3725 1182 3785 unguentum
1227 3719 1530 3786 spirituale,
1567 3728 1621 3773 et
1671 3721 2009 3776 descendens

433 3807 487 3861 in
540 3817 735 3876 caput,
767 3808 871 3863 hoc
914 3818 997 3862 est
1046 3810 1098 3862 in
1146 3822 1402 3875 mentem,
1435 3811 1622 3880 implet
1679 3815 1852 3880 gratia
1911 3829 2006 3867 sua

431 3901 595 3954 etiam
626 3901 882 3955 minimos
930 3903 1110 3955 cordis
1140 3917 1353 3967 sensus,
1395 3905 1559 3958 veluti
1608 3905 1855 3960 barbam.
1892 3909 2010 3962 Cir-

431 4012 748 4080 cumimplet
801 4014 964 4066 etiam
997 4014 1298 4070 dulcedinis
1326 4016 1572 4072 doctrina
1609 4019 1868 4082 animam,
1894 4037 2012 4090 per-

434 4103 560 4156 inde
605 4119 669 4157 ac
699 4120 849 4158 oram
905 4107 1232 4167 veStimenti,
1271 4118 1329 4161 ut
1366 4109 1554 4166 dicat:
1597 4110 1798 4166 Christi
1843 4114 2008 4168 bonus

434 4194 566 4248 odor
590 4213 769 4249 sumus
793 4199 847 4250 in
872 4198 960 4262 iis,
989 4200 1078 4267 qui
1111 4200 1246 4252 salvi
1273 4200 1488 4268 ﬁunt".
1511 4201 1723 4257 Rursus
1757 4205 2007 4258 animad-

438 4295 645 4340 vertere
692 4289 837 4349 licet,
874 4289 1016 4354 quod
1047 4302 1262 4358 propter
1312 4291 1416 4346 hoc
1450 4293 1591 4346 idem
1641 4305 2006 4364 unguentum,

435 4388 712 4446 unguento
754 4379 828 4433 illi
875 4395 970 4435 eos
1009 4382 1351 4448 assimilavit,
1379 4385 1636 4452 quoniam
1667 4401 1732 4440 ex
1771 4388 1839 4443 iis
1872 4403 2010 4458 qua-

439 4478 582 4534 tuor,
609 4486 731 4539 quae
762 4472 1165 4536 recensuimus,
1198 4484 1534 4543 praeparatur
1573 4489 1912 4547 unguentum
1945 4481 2010 4534 il-

437 4560 529 4614 lud
566 4563 618 4614 iu
659 4562 808 4628 oleo;
843 4565 914 4616 ita
938 4564 1103 4617 etiam
1159 4565 1247 4618 isti
1298 4581 1365 4618 ex
1417 4578 1656 4636 quatuor
1701 4569 2009 4643 Evangeliis
2040 4585 2086 4640 ι)

437 4653 722 4720 praeparati
758 4662 884 4706 sunt
917 4653 970 4706 in
1007 4654 1100 4708 Dei
1131 4655 1417 4722 charilate,
1443 4674 1565 4726 qua:
1589 4668 1674 4714 est
1701 4660 1856 4730 plena
1881 4664 2009 4728 olei,

435 4759 489 4799 et
519 4744 791 4798 fructuum
823 4745 1195 4814 paciﬁcorum.
1227 4746 1345 4802 Non
1373 4750 1549 4804 solum
1581 4761 1762 4805 autem
1793 4753 1845 4806 in
1867 4754 2012 4808 hunc

434 4838 680 4897 modum,
711 4838 804 4890 sed
857 4837 1019 4890 etiam
1070 4838 1226 4891 aliter
1266 4839 1564 4908 intelligere
1605 4841 1726 4895 licet
1774 4853 2006 4896 mentem

434 4927 743 4995 hujusmodi
787 4928 1002 4995 psalmi,
1030 4943 1192 4997 quam
1223 4931 1293 4982 ob
1334 4945 1556 4984 causam
1605 4943 1882 5002 unguento
1930 4934 2008 4987 illi

431 5020 698 5088 spirituali
746 5035 842 5075 eos
891 5022 1294 5086 assimilaverit,
1341 5027 1602 5093 quoniam
1648 5029 1878 5083 omnino
1913 5029 2002 5084 isti

432 5113 676 5166 membra
716 5121 842 5166 sunt
867 5111 1090 5181 Christi,
1128 5114 1194 5169 de
1225 5131 1332 5184 quo
1354 5121 1617 5188 propheta
1654 5120 1863 5190 inquit:
1896 5121 2006 5176 Un-

431 5235 675 5294 guentum
701 5241 889 5278 novum
918 5241 1103 5280 nomen
1134 5237 1302 5282 tuum.
1333 5222 1594 5299 Apposite
1625 5233 1811 5301 igitur,
1835 5236 2003 5290 veluti

430 5317 599 5370 divini
641 5318 921 5387 unguenti,
959 5319 1210 5375 videlicet
1252 5321 1479 5390 Christi,
1527 5328 1826 5380 secundum
1883 5344 2005 5397 gra-

429 5413 560 5466 tiam
607 5417 848 5469 membra
903 5417 1262 5482 exsistentes,
1304 5422 1498 5475 merito
1529 5423 1691 5476 etiam
1726 5436 2003 5493 unguento

430 5503 594 5559 iidem
627 5505 913 5561 assimilati
946 5517 1092 5561 sunt.

506 5641 555 5676 ⁸⁸
585 5640 753 5698 Exod.
786 5661 919 5712 xxx,
945 5645 1038 5711 25,
1072 5647 1162 5700 ΞΔ.
1241 5648 1284 5679 ⁸⁸
1315 5647 1459 5704 Psal.
1486 5668 1630 5716 λων,
1663 5653 1716 5708 2.

2121 1977 2296 2048 ἔργων
2319 1978 2496 2031 αὐτῶν
2519 1978 2626 2030 τῶν
2655 1978 2921 2050 ἀμώμων,
2941 1981 3077 2050 ὅπερ
3095 1980 3459 2050 ἑρμηνεύεται
3490 1981 3562 2034 τὸ
3586 2001 3721 2036 κιν-

2118 2069 2420 2138 νάμωμον·
2453 2072 2546 2122 καὶ
2579 2070 2664 2122 διὰ
2691 2073 2788 2140 τῆς
2810 2073 3029 2142 χάριτος
3057 2073 3148 2125 τοῦ
3176 2073 3332 2140 ἁγίου
3364 2074 3715 2144 Πνεῦματος,

2117 2159 2254 2228 ὅπερ
2284 2160 2431 2211 ἐστὶν
2467 2163 2498 2212 ὀ
2529 2159 2798 2228 κάλαμος
2827 2164 2859 2213 ό
2886 2161 3133 2228 εὐώδης·
3165 2163 3258 2214 καὶ
3281 2162 3370 2216 διὰ
3406 2167 3508 2234 τῆς
3544 2167 3716 2237 ἐγρηο

2117 2250 2360 2319 γόρσεως
2383 2251 2480 2320 τῆς
2531 2251 2730 2320 ψυχῆς,
2765 2253 2898 2323 ὅπερ
2922 2253 3239 2323 ἡρμηνεύθη
3265 2255 3324 2307 τὸ
3359 2255 3456 2307 τοῦ
3519 2257 3719 2326 ἱερέως

2117 2338 2306 2408 ὄνομα.
2343 2340 2526 2393 Ταῦτα
2553 2338 2644 2393 οὖν
2672 2342 2884 2411 ἔχοντες
2912 2346 2960 2395 οἱ
2996 2345 3424 2416 ἀποταξάμενοι,
3463 2346 3567 2416 τὴν
3621 2366 3719 2417 με-

2116 2427 2310 2497 λῳδίαν
2333 2429 2530 2494 αὐτῶν,
2555 2432 2646 2484 καὶ
2663 2434 2761 2502 τὴν
2779 2434 2968 2504 κτῆσιν
2985 2435 3092 2488 τῶν
3112 2437 3286 2508 ἔργων
3309 2439 3416 2491 τῶν
3433 2440 3715 2511 ἁμὼμων,

2117 2520 2208 2570 καὶ
2230 2521 2327 2589 τὴν
2357 2521 2586 2575 εὐωδίαν
2638 2524 2738 2594 τῆς
2793 2526 3029 2596 χάριτος,
3071 2530 3165 2580 καὶ
3217 2529 3313 2599 τὴν
3348 2533 3714 2603 ἐγρήγορσιν,

2119 2610 2402 2678 μίσγουσιν
2435 2612 2576 2665 αὐτᾶ
2603 2612 2962 2686 ἐλεημοσύνη,
3000 2619 3093 2669 καὶ
3139 2618 3253 2672 ἔστι
3283 2620 3454 2692 μύρον
3481 2624 3562 2694 τῷ
3593 2626 3715 2696 Θεῷ

2115 2703 2194 2764 εἰς
2255 2702 2427 2772 ὀσμὴν
2484 2705 2730 2768 εὐωδίας.
2788 2707 2887 2759 Διὰ
2948 2709 3109 2761 τοῦτο
3170 2707 3262 2764 οὖν
3319 2714 3528 2783 ἁπηκλ.
3571 2757 3589 2770 .
3635 2760 3649 2772 .
3696 2760 3711 2772 .

2117 2791 2449 2865 [ἀπεικάζει]
2482 2797 2678 2859 αὐτοὺς
2738 2798 2812 2867 τῷ
2848 2799 3005 2870 μύρῳ
3040 2801 3118 2872 τῷ
3171 2802 3420 2874 βληθέντι
3459 2808 3560 2860 ἐπὶ
3611 2811 3713 2880 τὴν

2114 2885 2354 2956 κεφαλὴν
2383 2887 2476 2939 τοῦ
2514 2889 2726 2958 ἱερέως.
2756 2889 2861 2942 Καὶ
2898 2891 3064 2962 ἄλλην
3115 2894 3171 2946 δὲ
3216 2896 3514 2965 ἑρμηνείαν
3553 2899 3714 2968 ἔχου-

2114 2993 2197 3030 σιν
2228 2980 2274 3030 οί
2303 2979 2456 3032 αὐτοὶ
2485 2981 2682 3050 στίχοι.
2723 2983 2914 3036 Ἠνίκα
2947 2983 3056 3055 γὰρ
3103 2986 3295 3056 ὲπέχεε
3327 2990 3389 3040 τὸ
3428 2989 3609 3062 μύρον
3654 2993 3714 3044 τὸ

2113 3071 2417 3142 προλεχθὲν
2445 3073 2540 3124 ἐπὶ
2569 3072 2666 3143 τὴν
2697 3075 2940 3146 κεφαλὴν
2995 3077 3088 3130 τοῦ
3124 3079 3332 3149 ἱερέως,
3388 3082 3714 3150 ἀναγκαίως

2112 3162 2306 3232 κατῄει
2347 3163 2438 3214 ἐπὶ
2465 3163 2555 3215 τὸν
2585 3164 2822 3232 πώγωνα
2874 3167 3039 3220 αὐτοῦ
3065 3169 3125 3222 τὸ
3155 3170 3342 3240 μύρον,
3396 3172 3587 3237 καθὼς
3631 3176 3711 3227 εἷο

2041 3241 2080 3294 C
2119 3267 2282 3320 ρηκεν
2311 3254 2338 3304 ὁ
2362 3252 2595 3324 ψαλμὸς,
2629 3257 2722 3307 καὶ
2749 3256 2840 3308 ἐπὶ
2879 3257 2939 3309 τὸ
2971 3260 3318 3329 περιστόμιον
3355 3262 3416 3314 τὸ
3469 3265 3713 3317 κυκλοῦν

2111 3343 2202 3395 τὸν
2224 3343 2515 3413 τράχηλον,
2550 3345 2643 3398 καὶ
2681 3346 3016 3416 ἐπληροῦντο
3047 3350 3357 3416 ἀναγκαίως
3388 3353 3487 3406 τοῦ
3527 3356 3710 3425 μύρου

2111 3433 2178 3483 τὰ
2214 3434 2516 3502 ἀμφότερα,
2549 3435 2578 3486 ὃ
2620 3453 2680 3486 τε
2707 3435 2904 3502 πώγων
2935 3441 3030 3492 καὶ
3070 3442 3101 3507 ἡ
3152 3441 3234 3508 (ita
3253 3442 3349 3495 τοῦ
3404 3445 3713 3515 ἐνδύματος

2111 3519 2296 3572 αὐτοῦ.
2319 3520 2506 3584 Οὕτως
2540 3518 2654 3583 οὖν,
2685 3521 2856 3591 λέγει,
2898 3525 3004 3577 εἰσὶ
3033 3528 3127 3579 καὶ
3150 3530 3200 3581 oi
3241 3532 3535 3602 ὁμοψύχως
3563 3540 3711 3591 κατὰ

2111 3607 2246 3661 Θεὸν
2278 3607 2702 3679 ἀποταξάμενοι·
2731 3611 3008 3681 ὲπιχέεται
3028 3614 3135 3684 γὰρ
3164 3617 3348 3679 αὐτοῖς
3379 3620 3441 3670 τὸ
3476 3623 3711 3692 Πνεῦμα

2109 3698 2172 3752 τὸ
2206 3700 2358 3766 ἆγιον
2389 3701 2498 3754 ἀπὸ
2558 3701 2652 3755 τοῦ
2706 3701 2864 3763 Θεοῦ,
2923 3705 3056 3776 ὕπερ
3103 3707 3220 3759 ἐστὶ
3262 3708 3324 3764 τὸ
3379 3710 3576 3782 μύρον,
3613 3717 3710 3768 καὶ

2111 3791 2369 3844 κατελθὸν
2425 3792 2518 3845 ἐπὶ
2570 3794 2668 3863 τὴν
2722 3794 2983 3866 κεφαλὴν,
3035 3800 3280 3853 τουτέστι
3315 3803 3393 3864 εἰς
3440 3803 3707 3871 διάνοιαν,

2112 3881 2310 3953 πληροῖ
2329 3883 2427 3952 τῆς
2456 3883 2674 3954 χάριτος
2697 3885 2883 3950 αὐτοῦ,
2909 3887 3006 3940 καὶ
3032 3887 3099 3940 τὰ
3125 3889 3297 3943 λεπτὰ
3327 3894 3579 3962 νοήματα
3606 3897 3711 3967 τῆς

2111 3974 2355 4044 καρδίας,
2411 3977 2614 4029 ὡσανεὶ
2650 3977 2741 4029 τὸν
2803 3977 3060 4046 πώγωνα.
3121 3982 3328 4053 Πληροῖ
3376 3985 3472 4037 καὶ
3515 3987 3710 4058 κύκλῳ

2110 4064 2443 4136 γλυκύτητος
2499 4068 2599 4140 τὴν
2655 4069 3000 4124 διδασκαλίαν
3032 4073 3130 4142 τῆς
3176 4071 3355 4143 ψυχῆς
3409 4072 3529 4145 [τῆς
3552 4076 3707 4130 6:69.-

2112 4157 2339 4221 σκαλίας
2367 4158 2464 4228 τὴν
2493 4159 2715 4233 eum],
2743 4163 2879 4234 ὅπερ
2910 4165 3110 4235 ὲστὶνή
3139 4165 3222 4234 ᾦα
3248 4166 3340 4218 τοῦ
3376 4167 3706 4238 ἐνδύματος,

2109 4249 2198 4302 ἴνα
2218 4248 2383 4317 λέγει·
2420 4253 2676 4318 Χριστοῦ
2705 4254 2924 4309 εὐωδία
2958 4257 3145 4324 ἐσμὲν
3169 4258 3239 4311 ἐν
3282 4258 3407 4324 τοῖς
3445 4259 3706 4330 σωζομέ-

2108 4353 2256 4402 νοις.
2308 4339 2417 4391 Καὶ
2468 4339 2628 4392 πάλιν
2682 4342 2798 4395 ἐστι
2853 4345 3101 4407 συνιδεῖν,
3151 4347 3232 4400 ὅτι
3281 4348 3370 4402 διὰ
3426 4349 3589 4403 τοῦτο
3643 4355 3706 4404 τὸ

2113 4426 2281 4497 μύρον
2309 4429 2481 4481 ἐκεῖνο
2518 4430 2578 4482 τὸ
2615 4431 2785 4503 μύρον
2817 4432 3032 4505 [ἐκείνῳ
3061 4437 3138 4508 τῷ
3175 4437 3352 4511 μύρῳ]
3399 4441 3704 4496 ἀπείκασεν

2110 4519 2326 4585 αὐτοὺς,
2364 4521 2550 4592 ἐπειδὴ
2577 4523 2641 4575 ἑκ
2668 4523 2775 4578 τῶν
2818 4528 3100 4599 τεσσάρων
3159 4531 3403 4594 ἐκείνων,
3435 4525 3512 4586 ὧν
3545 4535 3705 4605 είρή-

2114 4626 2310 4680 καμεν,
2341 4613 2744 4667 κατεσκεύαστο
2768 4617 2847 4679 εἰς
2873 4617 3050 4672 ἔλαιον
3083 4621 3256 4673 ἐκεῖνο
3279 4621 3340 4674 τὸ
3380 4622 3572 4693 μύρον·
3611 4626 3702 4678 οὗ·

2108 4718 2215 4762 τως
2239 4697 2332 4753 οῦν
2359 4703 2454 4755 xui.
2479 4698 2625 4757 οὗτοι
2647 4707 2712 4759 ὲκ
2741 4707 2850 4760 τῶν
2875 4712 3156 4782 τεσσάρων
3177 4713 3526 4782 Εὐαγγελίων
3558 4735 3697 4770 κατ-

2107 4792 2516 4864 εσκευάσθησαν
2557 4799 2637 4860 εἰς
2659 4798 2756 4867 τὴν
2800 4801 3022 4873 ἀγάπην
3053 4803 3146 4855 τοῦ
3186 4804 3344 4867 Θεοῦ,
3367 4807 3488 4876 ἥτις
3519 4809 3685 4881 ύπάρ

2108 4901 2189 4953 χει
2227 4886 2399 4957 μεστὴ
2428 4888 2608 4941 ἑλαίου
2631 4891 2724 4941 καὶ
2757 4893 2986 4962 καρπῶν
3041 4895 3350 4964 εἰρηνικῶν.
3401 4899 3474 4950 Οὐ
3535 4901 3697 4969 μόνον

2105 4975 2162 5026 δὲ
2194 4976 2372 5043 τοῦτο,
2399 4978 2532 5031 ἀλλὰ
2561 4980 2654 5032 καὶ
2715 4981 2890 5046 ἄλλως
2923 4983 3072 5037 ἔστιν
3105 4989 3398 5060 ἐπιστῆσαι
3427 4990 3520 5044 τὸν
3547 4993 3695 5046 νοῦν·

2109 5066 2196 5118 διὰ
2219 5069 2378 5121 ποίαν
2433 5072 2612 5125 αἰτίαν
2644 5072 2720 5143 τῷ
2782 5074 2938 5146 μύρῳ
2991 5078 3182 5148 ἐκείνῳ
3221 5079 3299 5150 τῷ
3339 5083 3696 5155 πνευματικῷ

2111 5157 2438 5229 ἀφωμοίωσε
2459 5165 2584 5227 τούς
2607 5165 2902 5231 τοιούτους·
2935 5169 3118 5240 ἐπειδὴ
3178 5171 3346 5235 ὅντως
3378 5177 3425 5225 οἱ
3458 5177 3688 5228 τοιοῦτοι

2112 5249 2347 5318 Χριστοῦ
2389 5253 2524 5324 μέλη
2576 5257 2924 5327 τυγχάνουσι,
2975 5261 3102 5331 περὶ
3133 5257 3195 5316 οὗ
3223 5264 3252 5315 ὁ
3285 5267 3570 5336 προφήτης
3610 5268 3689 5320 λέ-

2109 5355 2218 5406 γει·
2248 5343 2455 5409 Μύρον
2487 5346 2820 5402 ἐκκενωθὲν
2848 5349 3037 5419 ὄνομά
3087 5351 3210 5408 σόι·
3249 5356 3572 5424 ἀναγκαίως
3601 5355 3690 5412 οὖν

2109 5431 2184 5494 ὡς
2241 5433 2334 5485 τοῦ
2375 5433 2521 5488 θείου
2580 5438 2755 5509 μύρου
2777 5481 2791 5504 ,
2836 5441 3040 5496 ὡσανεὶ
3062 5444 3323 5514 Χριστοῦ,
3353 5447 3500 5501 κατὰ
3529 5449 3690 5520 χάριν

2113 5522 2245 5594 μέλη
2274 5524 2445 5593 ὄντες,
2477 5530 2703 5595 εἰκότως
2739 5533 2834 5586 καὶ
2861 5533 3016 5590 αὐτοὶ
3055 5535 3214 5612 ιιύρῳ
3238 5537 3681 5614 ἀπεικάσθησαν.

1809 5659 1853 5688 ⁸⁷
1885 5658 1930 5711 11
2002 5659 2129 5716 Cor.
2168 5679 2227 5727 ll,
2256 5665 2343 5718 15.

502 5752 582 5818 (α)
620 5751 797 5811 Herba
851 5759 1146 5814 aromatica
1176 5778 1190 5827 ;
1256 5765 1402 5818 casia
1461 5765 1657 5822 dicitur
1712 5769 1766 5824 in
1819 5769 1996 5827 Latin.
2038 5776 2180 5842 vulg.
2217 5777 2344 5832 edit.
