3860 6220
179 374 206 426 Ι
220 373 341 427 25']

1077 369 1165 423 DE
1204 367 1479 423 TITULIS
1512 365 1963 424 PSALMORUM.
2006 398 2077 409 —
2110 367 2304 423 PSAL.
2337 366 2623 423 CXXXIII.

3309 368 3446 426 I258

251 514 314 569 6,
355 514 439 577 Ὦς
471 512 658 585 δρόσος
694 511 941 582 Ἀερμὼν
971 512 1425 582 ήκαταϐαίνουσα
1457 513 1550 565 ἐπὶ
1579 512 1646 566 τὰ
1667 513 1768 586 ὅρη
1798 552 1810 581 λ

1942 513 1997 568 6.
2027 510 2178 567 Sicut
2227 527 2317 567 ros
2367 510 2629 578 Hermon,
2663 513 2757 581 qui
2810 508 3091 565 descendit
3140 510 3198 564 in
3237 519 3451 567 montes

173 602 348 657 Σιών.

248 695 312 748 7.
346 695 466 746 Ὅτι
494 696 612 746 ἐκεῖ
638 692 940 746 ἐνετείλατο
967 691 1171 764 Κύριος
1195 693 1294 765 τὴν
1319 694 1587 763 εὐλογίαν,

250 787 311 843 8.
345 787 497 857 Ζωὴν
528 786 632 850 ἕως
654 784 746 838 τοῦ
770 784 985 849 αἰῶνος.

415 900 554 971 ’ῼδὴ
587 898 705 953 τῶν
728 899 1105 970 ἀναϐαθμῶν.
1166 902 1337 955 ΨΑΛ.
1367 903 1554 955 PAI".

251 994 310 1045 1.
351 990 479 1045 Ἰδοὺ
504 992 568 1060 δή
601 992 872 1059 εὐλογεῖτε
895 992 986 1045 τὸν
1019 991 1239 1062 Κύριον,
1281 993 1479 1056 πάντες
1506 992 1557 1046 οἱ
1594 990 1774 1047 δοῦλοι

172 1084 419 1154 Κυρίου.

248 1175 309 1228 2.
333 1174 396 1227 Οἱ
422 1173 651 1237 ἑστῶτες
698 1176 754 1225 ἐν
782 1173 916 1243 οἴκῳ
942 1175 1170 1244 Κυρίου,

251 1267 312 1321 5.
352 1267 439 1320 Ἐν
460 1266 648 1328 αὐλαῖς
676 1265 823 1318 οἴκου
854 1264 992 1317 Θεοῦ
1027 1265 1203 1335 ήμῶν.

1880 605 2031 661 Sion.

1950 697 2000 751 7.
2016 695 2283 762 Quoniam
2302 696 2413 750 illic
2428 695 2705 749 mandavit
2719 692 2982 749 Dominus
2995 693 3452 759 benedictionem,

1950 784 2005 839 8.
2034 784 2215 838 Vitam
2247 799 2419 853 usque
2445 785 2500 838 in
2528 784 2807 840 saeculum.

2053 898 2331 953 Canticum
2355 899 2637 971 graduum.
2671 897 2871 952 PSAL.
2907 896 3239 953 CXXXIII.

1943 989 1997 1045 I.
2021 988 2161 1045 Ecce
2192 1006 2339 1045 nunc
2381 989 2683 1045 benedicitc
2721 986 3035 1051 Dominum,
3064 1003 3258 1044 omnes
3305 986 3452 1044 serv'.

1875 1078 2114 1136 Domini.

1949 1173 2002 1226 2.
2036 1173 2141 1239 Qui
2174 1174 2332 1229 statis
2361 1174 2415 1228 in
2444 1173 2607 1229 domo
2631 1172 2870 1240 Domini,

1947 1265 2000 1317 5.
2036 1264 2093 1319 ln
2124 1266 2279 1320 atriis
2308 1265 2504 1321 domus
2532 1263 2627 1321 Dei
2658 1266 2855 1321 nostri.

1329 1438 1693 1493 ATIIANASII
1736 1436 2322 1494 INTERPRETATIO.

248 1643 307 1677 ο.
342 1624 570 1691 Δρόσος
609 1623 852 1692 Αερμὼν
883 1623 1242 1694 ἑρμηνεύεται
1288 1621 1507 1691 δρόσος
1525 1623 1771 1687 ἑνδοξα-
1799 1634 1810 1689 ]

1953 1620 2006 1675 6.
2035 1620 2137 1675 Ras
2161 1620 2394 1676 Hermon
2436 1622 2824 1694 interpretatur
2850 1640 2936 1677 ros
2959 1624 3289 1695 gloriﬁcatus
3306 1644 3325 1682 :
3351 1630 3459 1688 hoc

173 1715 445 1786 ζόμενος·
510 1714 671 1766 τοῦτο
718 1710 811 1768 οῦν
865 1715 1033 1783 λέγει,
1071 1716 1151 1768 ὅτι
1204 1713 1377 1778 οὕτως
1447 1715 1772 1786 ὑπάρχουσι,

175 1809 314 1879 περὶ
340 1799 417 1860 ὧν
441 1805 553 1859 ἄνω
579 1806 902 1877 εἰρήκαμεν,
929 1807 1005 1871 ὡς
1032 1809 1065 1878 ή
1093 1807 1251 1878 χάρις
1280 1807 1373 1860 τοῦ
1518 1806 1773 1878 Πνεύμα-

174 1917 271 1963 τος
299 1901 333 1969 ἡ
358 1898 763 1962 πολυποίκιλος,
791 1901 826 1969 ἡ
874 1898 1138 1952 κατιοῦσα
1164 1899 1255 1951 ἐπὶ
1308 1898 1433 1961 τοὺς
1466 1900 1773 1970 προφήτας,

178 1993 277 2047 καὶ
312 1992 643 2063 ἐπουρανίου
671 1992 898 2055 πόλεως·
935 1993 974 2061 ἡ
1023 1991 1243 2060 δρόσος
1269 1990 1377 2062 γὰρ
1403 1992 1440 2059 ἡ
1466 1990 1777 2067 ἐνδοξαζο·

171 2077 355 2145 μένη,
386 2076 563 2144 δῆλον,
592 2078 675 2129 ὅτι
700 2076 768 2129 τὰ
807 2075 1123 2147 χαρίσματα
1154 2078 1256 2128 εἱσι
1297 2074 1390 2127 τοῦ
1422 2075 1576 2143 ἁγίου
1606 2074 1777 2129 Πνεύ-

178 2187 355 2238 ματος
387 2168 477 2223 διὰ
499 2169 560 2223 τὸ
604 2168 932 2222 λεπτότατον
981 2167 1182 2231 αὐτῶν,
1236 2169 1331 2220 καὶ
1380 2167 1676 2237 ὡφέλιμοψ
1705 2166 1777 2221 τὰ

174 2261 234 2314 δὲ
259 2261 367 2333 ὅρη
394 2259 633 2330 δηλονότι
667 2262 716 2313 οἱ
750 2258 1027 2332 προφῆταί
1061 2262 1214 2312 εἰσιν⁹
1240 2261 1273 2328 ἡ
1326 2258 1383 2311 δὲ
1409 2255 1563 2310 Σιὼν
1589 2257 1777 2326 σαφῶς

174 2354 208 2422 ἡ
245 2354 365 2407 ἄνω
407 2351 761 2423 Ἰερουσαλὴμ
789 2354 846 2404 ὲν
902 2351 1114 2413 πολλοῖς
1163 2348 1557 2403 ἀποδέδεικται.
1588 2346 1777 2411 Οὕτως

177 2441 273 2499 οὖν
295 2446 396 2498 καὶ
421 2438 570 2498 οῦτοι
597 2445 884 2516 ὁμοψύχως
909 2444 1310 2513 ἁποταξὰμενοι
1335 2442 1517 2512 ἔχουσι
1544 2440 1778 2511 διάφορα

177 2535 524 2606 χαρίσματα,
584 2534 676 2587 κα)¹
710 2534 785 2597 ὡς
822 2535 879 2588 ὲν
915 2536 982 2605 τῇ
1012 2533 1124 2587 ἄνω
1187 2530 1545 2602 Ἰερουσαλὴμ
1601 2530 1774 2595 ὄντες,

177 2623 360 2687 οὕτως
384 2624 775 2677 πολιτεύονται.

253 2718 307 2781 7,
338 2718 393 2772 8.
425 2718 546 2771 Ὅτι
607 2720 726 2771 ἐκεῖ
768 2720 847 2780 εἰς
884 2716 981 2787 τὴν
1027 2717 1137 2769 ἄνω
1199 2712 1552 2785 Ἰερουσαλὴμ
1606 2712 1778 2783 ἐπηγ-

178 2810 406 2877 γείλατο
428 2811 458 2864 ὀ
482 2811 684 2881 Κύριος
709 2811 907 2879 λέγειν·
940 2808 1139 2871 Δεῦτε,
1163 2809 1218 2860 oi
1259 2802 1650 2875 εὐλογημένοι
1670 2803 1778 2857 τοῦ

178 2902 418 2970 Πατρός
448 2919 586 2971 μου,
622 2900 956 2955 ἀπολάϐετε
982 2898 1096 2968 τὴν
1143 2896 1595 2967 ἡτοιμασμένην
1632 2892 1781 2963 ὑμῖν

1880 1714 2045 1786 igitur
2076 1713 2363 1783 signiﬁcat,
2398 1713 2542 1785 quod
2584 1715 2658 1771 ita
2706 1725 2835 1772 sunt
2860 1716 2919 1781 ii,
2947 1716 3015 1771 de
3060 1718 3261 1787 quibus
3291 1735 3459 1792 supra

1880 1804 2048 1861 locuti
2075 1820 2286 1870 sumus,
2318 1805 2460 1861 sicut
2485 1806 2659 1876 gratia
2696 1805 2935 1877 Spiritus
2971 1808 3298 1877 multifaria,
3334 1828 3459 1883 qua:

1880 1897 2163 1953 descendit
2200 1896 2258 1951 in
2290 1897 2607 1967 prophetas,
2637 1906 2693 1952 et
2724 1914 2848 1968 quae
2881 1900 3287 1969 supercoelestis
3313 1903 3453 1957 civi-

1882 1988 2010 2043 tatis
2039 1995 2162 2054 est;
2214 2004 2299 2042 ros
2343 1989 2489 2044 enim
2534 1989 2863 2059 gloriﬁcatus
2906 1992 3128 2048 evidens
3176 2001 3283 2058 est,
3309 1996 3461 2065 quod

1882 2088 2009 2136 sunt
2033 2079 2177 2133 dona
2209 2078 2446 2148 Spiritus
2470 2081 2640 2135 sancti
2666 2088 2889 2151 propter
2924 2096 3115 2136 eorum
3148 2083 3457 2139 sublimita-

1881 2176 1990 2223 tem
2010 2175 2067 2223 et.
2091 2166 2385 2221 utilitatem
2414 2210 2429 2224 .
2452 2180 2666 2224 montes
2695 2177 2874 2225 autem
2894 2170 3176 2240 propheta:
3196 2172 3460 2228 nimirum

1886 2269 2054 2317 sunt:
2082 2259 2215 2314 Sion
2259 2273 2441 2315 autem
2490 2260 2784 2318 manifeste
2817 2278 3110 2333 supernam
3154 2262 3460 2320 Jerusalem

1882 2352 2072 2408 multis
2102 2352 2155 2406 in
2190 2352 2324 2409 locis
2348 2352 2655 2423 signiﬁcare
2693 2361 2975 2410 ostensum
3024 2363 3131 2411 est.
3175 2354 3254 2410 Ita
3295 2357 3462 2426 igitur

1882 2444 2049 2499 etiam
2090 2443 2177 2498 isti
2224 2444 2558 2498 unanimiter
2592 2445 2799 2500 mundo
2834 2446 3209 2501 renuntiantes
3252 2446 3457 2502 habent

1884 2535 2098 2591 diversa
2127 2534 2291 2599 dona,
2323 2547 2377 2590 et
2416 2536 2641 2605 perinde
2678 2553 2742 2593 ac
2785 2538 2840 2591 in
2891 2552 3129 2608 superna
3153 2535 3457 2595 Jerusalem

1884 2632 2090 2690 essent,
2123 2623 2197 2678 ita
2232 2625 2403 2679 vitam
2438 2632 2625 2697 agunt.

1952 2716 2008 2781 7,
2036 2714 2090 2769 8.
2125 2716 2397 2781 Quoniam
2436 2717 2545 2771 illic
2569 2715 2626 2770 in
2652 2731 2889 2786 superna
2911 2715 3217 2773 Jerusalem
3249 2720 3461 2789 promi-

1885 2810 1957 2866 sit
1980 2808 2247 2865 Dominus
2290 2824 2349 2865 se
2391 2808 2702 2863 dicturum:
2742 2807 2943 2875 Venite,
2971 2810 3225 2865 benedicti
3276 2810 3461 2865 Patris

1886 2901 2012 2964 mei,
2049 2900 2271 2969 accipite
2299 2908 2661 2969 prwparatum
2691 2899 2833 2953 vobis
2868 2916 3087 2970 regnum
3113 2910 3236 2957 ante
3265 2903 3463 2957 consti-

181 2993 521 3056 βασιλείαν
563 2993 675 3061 πρὸ
700 2990 1041 3059 καταϐολῆς
1084 2988 1316 3058 κόσμου
1349 2988 1437 3052 εἰς
1480 2988 1625 3052 τοὺς
1645 2986 1781 3041 ἁτε·
1809 3021 1810 3036 χ

1895 2990 2141 3043 tationem
2174 2989 2359 3042 mundi
2386 2988 2431 3021 ⁸³
2461 2991 2517 3042 in
2542 2990 2859 3059 sempiterna
2892 2992 3107 3045 swcula.

179 3085 517 3152 λωτήτους
532 3085 771 3153 αἰῶνας.

267 3220 334 3273 Ἦ
368 3219 703 3292 προκειμένη
750 3216 1029 3290 ἐπιγραφὴ
1074 3214 1318 3286 περιέχει
1348 3210 1458 3281 (2)·
1505 3208 1645 3281 ’ῼδὴ
1692 3208 1815 3266 τῶν
1843 3207 2202 3278 ἀναϐαθμῶν
2233 3208 2313 3274 τῷ
2339 3209 2539 3275 Δαόὶδ,
2574 3211 2603 3263 ὃ
2645 3211 2815 3274 ἐστιν,
2848 3211 2929 3263 ὅτι
2958 3211 2991 3281 ή
3021 3209 3133 3281 ᾠδὴ
3170 3211 3310 3281 αὕτη
3353 3210 3465 3265 τῶν

185 3312 518 3383 ἀναϐαθμῶν
564 3311 660 3365 τοῦ
717 3310 880 3364 Δαϐίδ
941 3313 1090 3363 ἐστιν
1116 3307 1417 3370 τουτέστιν,
1453 3304 1554 3357 οὐκ
1587 3304 1668 3357 ἔτι
1719 3304 1785 3357 ὲκ
1835 3301 2130 3375 προσώπου
2172 3302 2282 3357 τῶν
2324 3303 2769 3377 ἐπιστρεψάντων
2813 3304 2961 3357 ἐστὶν
2992 3305 3027 3374 ἡ
3054 3303 3186 3375 ᾠδὴ,
3220 3303 3357 3358 ἀλλὰ
3378 3304 3461 3371 τῷ

187 3403 375 3470 ἱκανῷ
398 3402 474 3473 τῇ
503 3402 678 3472 χειρὶ,
704 3401 849 3470 λέγω
879 3400 943 3472 δή
970 3399 1047 3469 τῷ
1074 3398 1189 3469 Υἱῷ
1214 3398 1306 3452 τοῦ
1337 3396 1504 3451 Θεοῦο
1540 3394 1683 3449 οὕτω
1704 3393 1813 3467 γὰρ
1843 3392 2207 3465 ἑρμηνεύεται
2234 3393 2297 3447 τὸ
2334 3395 2500 3449 Δαὸὶδ
2522 3396 2691 3467 ὄνομα
2720 3395 2926 3462 ἱκανὸς
2963 3396 3135 3465 χειρί.
3182 3395 3466 3466 Προστάσ-

189 3514 271 3553 σει
293 3497 405 3569 γὰρ
435 3497 595 3560 αὐτὸς
616 3497 643 3548 ὁ
677 3495 807 3558 Υἱὸς
827 3495 922 3548 τοῦ
950 3494 1087 3547 Θεοῦ
1111 3495 1226 3557 τοῖς
1248 3490 1689 3562 ὰποταξαμένοις
1718 3488 1812 3541 καὶ
1839 3488 2188 3543 κατοικοῦσιν
2214 3490 2330 3561 ἅμα
2352 3492 2446 3544 επὶ
2477 3491 2539 3543 τὸ
2552 3490 2695 3544 αὐτὸ
2730 3490 3017 3561 λατρεύειν
3054 3489 3203 3561 αὐτῷ
3239 3491 3299 3545 ὲν
3330 3489 3466 3546 εἰλι-

187 3591 366 3661 κρινεῖ
394 3588 621 3658 διανοίᾳ.

257 3702 472 3784 Titulus
495 3723 816 3797 praepositus
836 3720 1114 3776 continet:
1139 3718 1421 3807 Canticttm
1451 3715 1713 3786 graduum
1738 3712 1911 3767 David
1929 3752 1944 3779 ,
1974 3715 2079 3770 hoc
2109 3722 2212 3779 est,
2249 3715 2395 3784 quod
2418 3715 2526 3770 hoc
2549 3714 2823 3769 canticum
2852 3715 3118 3783 graduum
3146 3716 3317 3770 David
3342 3725 3461 3772 est:

188 3841 383 3895 nempe
411 3837 522 3877 non
559 3819 793 3889 amplius
818 3832 882 3871 ex
912 3828 1151 3885 persona
1177 3827 1393 3875 eorum,
1431 3809 1527 3880 qui
1572 3823 1632 3863 se
1662 3816 2058 3862 converterunt
2101 3808 2375 3864 canticum
2416 3809 2522 3863 hoc
2564 3808 2789 3873 dicitur,
2824 3809 2919 3862 sed
2960 3809 3029 3863 ad
3063 3824 3230 3863 manu
3266 3809 3464 3866 fortem

187 3913 445 3982 pertinet,
478 3910 582 3963 hoc
616 3916 703 3963 est
729 3904 797 3959 ad
823 3903 917 3959 Dei
948 3902 1149 3957 Filium
1178 3920 1190 3956 :
1224 3901 1301 3954 ita
1322 3900 1470 3955 enim
1499 3898 1896 3967 interpretatur
1937 3912 2137 3951 nomen
2178 3895 2351 3951 David
2394 3912 2555 3949 manu
2590 3895 2769 3965 fortis.
2813 3896 2929 3965 Ipse
2962 3899 3111 3952 enim
3151 3898 3247 3954 Dei
3291 3900 3464 3955 Filius

188 4005 435 4074 pracipit
458 4002 524 4057 iis
550 4016 645 4071 qut
672 3996 877 4052 mundo
908 3995 1310 4057 renuntiarunt,
1336 4005 1389 4047 et
1414 3992 1579 4047 simul
1607 3990 1662 4044 in
1687 4005 1857 4045 unum
1886 3990 2152 4056 habitant,
2181 3996 2242 4043 ut
2264 3988 2481 4043 sincero
2506 3987 2671 4043 corde
2702 3987 2781 4041 illi
2805 3988 3069 4042 serviant.

262 4144 312 4199 Ι.
358 4142 517 4213 Ὑμῖν
559 4140 703 4207 λέγω
764 4140 877 4200 τοῖς
943 4132 1394 4204 ἀποταξαμένοις·
1457 4129 1626 4201 [Ἰδοὺ
1686 4125 1776 4199 δὴ]

201 4234 423 4299 ’ἱκανῶς
450 4232 527 4304 (5)
558 4229 861 4299 εὐλογεῖτε
911 4227 1017 4282 τὸν
1062 4227 1305 4294 Κύριον,
1354 4222 1631 4301 τουτέστιν
1661 4219 1778 4291 ἐμέ·

189 4328 248 4380 τὸ
274 4326 387 4397 γὰρ
425 4325 490 4395 δὴ
520 4315 1278 4399 ἱκανῶςὲρμηνεύεταιμδοὺ
1295 4313 1359 4386 δὴ
1375 4309 1781 4385 ὲρμηνεύεται],

188 4420 237 4470 οἱ
266 4418 343 4489 (4)
377 4414 735 4476 ὲκδεδωκὸτες
789 4411 1016 4474 ἑαυτοὺς
1076 4410 1157 4472 εἰς
1202 4408 1303 4477 τὴν
1369 4401 1657 4474 ὑπομονὴν
1684 4399 1779 4454 τοῦ

189 4507 449 4581 Χριστοῦ,
473 4508 522 4559 οἱ
566 4508 633 4576 τῇ
663 4504 871 4575 διανοίᾳ
902 4504 1186 4574 νήφοντες,
1256 4500 1350 4553 καὶ
1406 4497 1778 4566 ἀνιστάμενοι,

192 4599 357 4670 αὐτὴν
386 4595 758 4667 παριστῶντες
821 4591 900 4663 τῷ
944 4590 1244 4662 βουλήματι
1302 4584 1394 4640 τοῦ
1430 4585 1566 4638 Θεου
1616 4586 1676 4638 ὲν
1702 4582 1781 4654 τῷ

193 4686 315 4757 ὕψει
340 4686 450 4739 τῶν
470 4686 529 4738 ού
540 4683 731 4757 ρανῶν-

258 4780 312 4846 2,
335 4780 386 4833 5.
413 4779 522 4830 Καὶ
549 4778 750 4848 ἑδραῖοι
777 4775 929 4837 ὄντες
957 4776 1014 4827 ὲν
1041 4776 1160 4826 ταῖς
1197 4770 1436 4831 ἐντολαῖς
1488 4765 1585 4820 τοῦ
1615 4772 1774 4831 Daci),

194 4876 283 4927 καὶ
302 4875 361 4926 ὲν
382 4874 570 4936 αὐταῖς
594 4869 955 4937 αὐλιζόμενοι.

268 5010 519 5065 l“Matth.
553 5024 676 5073 xxv,
708 5007 795 5061 54.

1954 4126 2006 4180 1.
2038 4122 2202 4178 Vobis
2224 4123 2366 4190 dico,
2396 4123 2489 4193 qui
2513 4122 2719 4177 mundo
2742 4121 3129 4177 renuntiastis:
3156 4121 3452 4178 Abundan-

1880 4227 1964 4274 ter
1985 4218 2270 4272 benedicite
2293 4216 2599 4283 Dominum,
2626 4216 2731 4271 hoc
2752 4224 2835 4269 est
2862 4230 2983 4269 me:
3012 4213 3143 4268 illud
3168 4215 3313 4269 enim
3335 4229 3451 4268 eccc

1879 4326 2020 4364 nunc
2040 4307 2402 4374 abundanter,
2434 4322 2531 4362 seu
2563 4305 2768 4360 aii‘atim
2814 4305 3206 4375 interpretatur
3249 4303 3316 4358 de
3360 4303 3450 4365 iis,

1879 4400 1974 4471 qui
1999 4401 2211 4470 seipsos
2237 4400 2578 4454 tradiderunt
2606 4399 2663 4452 in
2681 4397 2882 4452 Christi
2907 4394 3247 4465 patientiam,
3274 4402 3456 4449 mente

1881 4492 2190 4562 vigilantes,
2234 4500 2399 4563 atque
2452 4499 2823 4561 assurgentes,
2861 4490 3009 4543 illam
3064 4497 3455 4558 praesentautes

1880 4584 2147 4640 voluntati
2183 4584 2278 4639 Dei
2309 4585 2365 4638 in
2398 4585 2734 4640 sublimitate
2762 4582 3047 4659 caelorum.

1952 4766 2007 4828 2,
2034 4768 2088 4821 5.
2120 4766 2184 4820 Ει
2228 4766 2371 4820 ﬁrmi
2419 4767 2745 4820 exsistentes
2772 4764 2826 4817 in
2859 4763 2951 4818 Dei
2982 4763 3288 4831 praeceptis,
3313 4767 3367 4815 et
3404 4759 3457 4812 in

1805 4869 1849 4922 ι)
1881 4853 2011 4923 ipsis
2043 4857 2416 4911 immorantes.

1149 5182 1453 5243 Addenda
1499 5186 1560 5239 et
1606 5175 1980 5254 corrigenda
2011 5191 2087 5235 ex
2119 5172 2258 5233 cod.
2292 5170 2499 5233 Vatic.

260 5358 337 5430 ΑΙ)
366 5355 471 5430 Τοῦ
502 5353 657 5423 ἀγίου
685 5348 1017 5430 ἓνεύματος,
1047 5352 1150 5430 etc.
1182 5343 1329 5430 Τοὲς
1349 5338 1648 5430 προφήταᾶ
1661 5332 1762 5430 Ξής

195 5404 779 5499 ςπὲἕρᾶὖίὸνᾶἐὶέίίὲιτά
808 5404 864 5499 ξὲ
893 5404 1015 5499 βρήέ
1042 5415 1225 5499 βῆλονν
1254 5414 1337 5499 δτξ
1361 5404 1430 5499 οἷς
1456 5404 1761 5499 (ἐφ-ιζλὲἰτῗ·

195 5476 772 5558 διόὲὶςῗτᾶἰζέίρζοῦτοι
795 5490 843 5540 οἱ
884 5476 1172 5557 ὁμάῴύχὶυς
1202 5481 1345 5536 κατὰ
1386 5479 1517 5533 Θεὸν
1551 5476 1761 5530 ἀποτα-

198 5564 445 5701 ξαῗῖἳῇ
461 5574 562 5687 ἓξῖ
582 5633 679 5703 τῆς
706 5627 1078 5703 κινναβάρεως
1105 5623 1370 5703 πίἒιέκεέν
1388 5629 1498 5703 Fui:
1518 5616 1621 5703 ΤΞ)
1654 5618 1761 5668 Aa‘

199 5688 315 5770 613,
325 5688 459 5777 ὅπερ
485 5688 865 5775 ἑρμηνεύεται,
893 5688 994 5759 ὅτι,
1022 5706 1125 5749 etc.
1150 5688 1222 5746 Τὸ
1250 5688 1341 5745 τοῦ
1376 5689 1541 5745 Δαὸὶδ
1565 5688 1761 5758 ὄνομα,

202 5786 300 5830 CIC.

515 5866 780 5924 ΡΑτιιοι..
822 5858 938 5919 Gn.
977 5855 1249 5919 XXVII.

1932 5332 2008 5402 (5)
2041 5329 2105 5402 Ν.
2128 5327 2543 5402 Al._(iomment.
2582 5322 2774 5402 incipit
2797 5335 2833 5402 a_
2856 5318 3010 5402 verb.
3060 5316 3305 5402 ’.Ικαχωᾳ

1932 5384 2010 5471 (ιδ
2040 5398 2099 5451 N.
2123 5396 2417 5471 εμάντεε
2431 5394 2599 5471 λέγει.
2614 5384 3042 5471 οἰλέξκξεδρκότες
3063 5387 3110 5471 ἐς
3140 5384 3207 5438 εἰ.
3237 5402 3286 5471 τί.
3345 5384 3453 5471 ῡπτ

1860 5455 2026 5540 ακὸὴν
2056 5468 2162 5540 τοῦ,
2186 5455 2441 5540 Χριστοῦ.
2474 5455 2539 5516 Ν.
2569 5464 2621 5516 5.
2649 5464 2794 5532 Οἱτῇ
2822 5458 3335 5540 διαγοίᾳῺνήφοντες,
3360 5455 3454 5540 καὶ

1861 5525 2267 5608 ἀνατεταμένην
2294 5537 2485 5604 αὐτήν,
2521 5544 2626 5608 etc.
2656 5525 2830 5601 usque
2858 5530 2967 5583 τῶν
2994 5525 3260 5608 οὐρανῶν.
3392 5525 3450 5586 4,

1864 5612 1916 5673 5,
1954 5612 2006 5663 6.
2050 5596 2137 5660 Ἑν
2174 5596 2293 5669 ταῖς
2340 5596 2764 5675 ἐπερχομέναις,
2795 5614 2899 5657 etc.
2944 5596 3114 5669 usque
3170 5596 3236 5649 ad
3286 5597 3454 5665 εὐχα-

1865 5680 2071 5736 οιστίας
2103 5679 2193 5731 τὸν
2221 5676 2444 5747 Κύριον.

3050 5824 3126 5883 to
