  <div class='ocr_page' id='page_1' title='image "/cluster/home/n/w/nwhite01/storage/ocr_20150623/27/nnc1.0046978631/656.png"; bbox 0 0 3860 6220; ppageno 0'>
   <div class='ocr_carea' id='block_1_1' title="bbox 144 383 327 439">
    <p class='ocr_par' dir='ltr' id='par_1_1' title="bbox 144 383 327 439">
     <span class='ocr_line' id='line_1_1' title="bbox 144 383 327 439; baseline 0.016 -3"><span class='ocrx_word' id='word_1_1' title='bbox 144 383 293 439; x_wconf 74' lang='grc'>1261</span> <span class='ocrx_word' id='word_1_2' title='bbox 324 392 327 395; x_wconf 68' lang='lat'><em>‘</em></span> 
     </span>
    </p>
   </div>
   <div class='ocr_carea' id='block_1_2' title="bbox 547 495 1360 563">
    <p class='ocr_par' dir='ltr' id='par_1_2' title="bbox 547 495 1360 563">
     <span class='ocr_line' id='line_1_2' title="bbox 547 495 1360 563; baseline -0.002 -14"><span class='ocrx_word' id='word_1_3' title='bbox 547 495 918 563; x_wconf 72' lang='grc' dir='ltr'>Ἄλληνίούῖα.</span> <span class='ocrx_word' id='word_1_4' title='bbox 977 497 1149 549; x_wconf 83' lang='grc' dir='ltr'>ΨΑΛ.</span> <span class='ocrx_word' id='word_1_5' title='bbox 1188 498 1360 548; x_wconf 75' lang='lat' dir='ltr'>PAA&#39;.</span> 
     </span>
    </p>
   </div>
   <div class='ocr_carea' id='block_1_3' title="bbox 224 609 1067 680">
    <p class='ocr_par' dir='ltr' id='par_1_3' title="bbox 224 609 1067 680">
     <span class='ocr_line' id='line_1_3' title="bbox 224 609 1067 680; baseline -0.008 -13"><span class='ocrx_word' id='word_1_6' title='bbox 224 614 249 667; x_wconf 89' lang='grc'>1</span> <span class='ocrx_word' id='word_1_7' title='bbox 311 612 520 666; x_wconf 75' lang='grc' dir='ltr'>Αἰνεῖτε</span> <span class='ocrx_word' id='word_1_8' title='bbox 541 610 600 662; x_wconf 89' lang='grc' dir='ltr'>τὸ</span> <span class='ocrx_word' id='word_1_9' title='bbox 625 610 796 679; x_wconf 81' lang='grc' dir='ltr'>ὄνομα</span> <span class='ocrx_word' id='word_1_10' title='bbox 826 609 1034 680; x_wconf 84' lang='grc' dir='ltr'>Κυρίου</span> <span class='ocrx_word' id='word_1_11' title='bbox 1054 648 1067 673; x_wconf 91' lang='grc'>,</span> 
     </span>
    </p>
   </div>
   <div class='ocr_carea' id='block_1_4' title="bbox 217 699 1028 769">
    <p class='ocr_par' dir='ltr' id='par_1_4' title="bbox 217 699 1028 769">
     <span class='ocr_line' id='line_1_4' title="bbox 217 699 1028 769; baseline -0.009 -10"><span class='ocrx_word' id='word_1_12' title='bbox 217 705 281 759; x_wconf 71' lang='lat'>2.</span> <span class='ocrx_word' id='word_1_13' title='bbox 312 705 542 766; x_wconf 92' lang='grc' dir='ltr'>Αἰνεῖτε,</span> <span class='ocrx_word' id='word_1_14' title='bbox 580 701 777 767; x_wconf 83' lang='grc' dir='ltr'>δοῦλοι,</span> <span class='ocrx_word' id='word_1_15' title='bbox 803 699 1028 769; x_wconf 84' lang='grc' dir='ltr'>Κύριον.</span> 
     </span>
    </p>
   </div>
   <div class='ocr_carea' id='block_1_5' title="bbox 216 790 1143 861">
    <p class='ocr_par' dir='ltr' id='par_1_5' title="bbox 216 790 1143 861">
     <span class='ocr_line' id='line_1_5' title="bbox 216 790 1143 861; baseline -0.006 -13"><span class='ocrx_word' id='word_1_16' title='bbox 216 795 278 849; x_wconf 72' lang='grc'>5.</span> <span class='ocrx_word' id='word_1_17' title='bbox 308 794 370 847; x_wconf 78' lang='lat' dir='ltr'>Ol</span> <span class='ocrx_word' id='word_1_18' title='bbox 396 792 629 854; x_wconf 79' lang='grc' dir='ltr'>ἑστῶτες</span> <span class='ocrx_word' id='word_1_19' title='bbox 658 793 714 843; x_wconf 83' lang='grc' dir='ltr'>ἐν</span> <span class='ocrx_word' id='word_1_20' title='bbox 748 791 882 861; x_wconf 78' lang='grc' dir='ltr'>οἴκῳ</span> <span class='ocrx_word' id='word_1_21' title='bbox 916 790 1143 861; x_wconf 79' lang='grc' dir='ltr'>Κυρίου,</span> 
     </span>
    </p>
   </div>
   <div class='ocr_carea' id='block_1_6' title="bbox 217 880 1186 952">
    <p class='ocr_par' dir='ltr' id='par_1_6' title="bbox 217 880 1186 952">
     <span class='ocr_line' id='line_1_6' title="bbox 217 880 1186 952; baseline -0.006 -13"><span class='ocrx_word' id='word_1_22' title='bbox 217 885 277 939; x_wconf 69' lang='grc'>4.</span> <span class='ocrx_word' id='word_1_23' title='bbox 327 886 416 938; x_wconf 89' lang='grc' dir='ltr'>Ἑν</span> <span class='ocrx_word' id='word_1_24' title='bbox 450 883 642 946; x_wconf 83' lang='grc' dir='ltr'>αύλαῖς</span> <span class='ocrx_word' id='word_1_25' title='bbox 672 884 819 935; x_wconf 79' lang='grc' dir='ltr'>οἴκου</span> <span class='ocrx_word' id='word_1_26' title='bbox 846 880 982 934; x_wconf 79' lang='grc' dir='ltr'>Θεοῦ</span> <span class='ocrx_word' id='word_1_27' title='bbox 1008 882 1186 952; x_wconf 78' lang='grc' dir='ltr'>ἡμῶν.</span> 
     </span>
    </p>
   </div>
   <div class='ocr_carea' id='block_1_7' title="bbox 217 968 1490 1046">
    <p class='ocr_par' dir='ltr' id='par_1_7' title="bbox 217 968 1490 1046">
     <span class='ocr_line' id='line_1_7' title="bbox 217 968 1490 1046; baseline -0.003 -15"><span class='ocrx_word' id='word_1_28' title='bbox 217 979 278 1031; x_wconf 85' lang='grc'>5.</span> <span class='ocrx_word' id='word_1_29' title='bbox 317 979 522 1029; x_wconf 80' lang='grc' dir='ltr'>Αἰνεῖτε</span> <span class='ocrx_word' id='word_1_30' title='bbox 557 976 647 1028; x_wconf 87' lang='grc' dir='ltr'>τὸν</span> <span class='ocrx_word' id='word_1_31' title='bbox 671 974 896 1045; x_wconf 84' lang='grc' dir='ltr'>Κύριον,</span> <span class='ocrx_word' id='word_1_32' title='bbox 931 975 1013 1027; x_wconf 83' lang='grc' dir='ltr'>ὅτι</span> <span class='ocrx_word' id='word_1_33' title='bbox 1041 973 1248 1042; x_wconf 84' lang='grc' dir='ltr'>ἀγαθὸς</span> <span class='ocrx_word' id='word_1_34' title='bbox 1270 968 1490 1046; x_wconf 87' lang='grc' dir='ltr'>Κύριος.</span> 
     </span>
    </p>
   </div>
   <div class='ocr_carea' id='block_1_8' title="bbox 216 1064 1434 1135">
    <p class='ocr_par' dir='ltr' id='par_1_8' title="bbox 216 1064 1434 1135">
     <span class='ocr_line' id='line_1_8' title="bbox 216 1064 1434 1135; baseline -0.002 -15"><span class='ocrx_word' id='word_1_35' title='bbox 216 1067 276 1121; x_wconf 86' lang='grc'>6.</span> <span class='ocrx_word' id='word_1_36' title='bbox 301 1066 523 1121; x_wconf 83' lang='grc' dir='ltr'>Ψάλατε</span> <span class='ocrx_word' id='word_1_37' title='bbox 554 1064 631 1135; x_wconf 85' lang='grc' dir='ltr'>τῷ</span> <span class='ocrx_word' id='word_1_38' title='bbox 663 1064 884 1134; x_wconf 85' lang='grc' dir='ltr'>ὀνόματι</span> <span class='ocrx_word' id='word_1_39' title='bbox 915 1064 1102 1129; x_wconf 81' lang='grc' dir='ltr'>αὑτοῦ,</span> <span class='ocrx_word' id='word_1_40' title='bbox 1143 1064 1223 1117; x_wconf 85' lang='grc' dir='ltr'>ὅτι</span> <span class='ocrx_word' id='word_1_41' title='bbox 1249 1064 1434 1117; x_wconf 85' lang='grc' dir='ltr'>καλόν.</span> 
     </span>
    </p>
   </div>
   <div class='ocr_carea' id='block_1_9' title="bbox 219 1153 1588 1227">
    <p class='ocr_par' dir='ltr' id='par_1_9' title="bbox 219 1153 1588 1227">
     <span class='ocr_line' id='line_1_9' title="bbox 219 1153 1588 1227; baseline -0.001 -17"><span class='ocrx_word' id='word_1_42' title='bbox 219 1158 277 1211; x_wconf 87' lang='lat'>7.</span> <span class='ocrx_word' id='word_1_43' title='bbox 305 1158 426 1210; x_wconf 87' lang='grc' dir='ltr'>Ὅτι</span> <span class='ocrx_word' id='word_1_44' title='bbox 457 1156 548 1209; x_wconf 87' lang='grc' dir='ltr'>τὸν</span> <span class='ocrx_word' id='word_1_45' title='bbox 583 1153 777 1208; x_wconf 75' lang='grc' dir='ltr'>Ἰακὼϐ</span> <span class='ocrx_word' id='word_1_46' title='bbox 812 1153 1095 1220; x_wconf 77' lang='grc' dir='ltr'>ἐξελέξατο</span> <span class='ocrx_word' id='word_1_47' title='bbox 1118 1155 1293 1225; x_wconf 81' lang='grc' dir='ltr'>ἐαυτῷ</span> <span class='ocrx_word' id='word_1_48' title='bbox 1314 1157 1341 1207; x_wconf 93' lang='lat'>6</span> <span class='ocrx_word' id='word_1_49' title='bbox 1367 1154 1588 1227; x_wconf 88' lang='grc' dir='ltr'>Κύριος,</span> 
     </span>
    </p>
   </div>
   <div class='ocr_carea' id='block_1_10' title="bbox 216 1246 1609 1321">
    <p class='ocr_par' dir='ltr' id='par_1_10' title="bbox 216 1246 1609 1321">
     <span class='ocr_line' id='line_1_10' title="bbox 216 1246 1609 1321; baseline 0.001 -19"><span class='ocrx_word' id='word_1_50' title='bbox 216 1249 277 1303; x_wconf 82' lang='grc'>8.</span> <span class='ocrx_word' id='word_1_51' title='bbox 322 1248 537 1321; x_wconf 84' lang='grc' dir='ltr'>Ἰσραὴλ</span> <span class='ocrx_word' id='word_1_52' title='bbox 566 1250 645 1310; x_wconf 88' lang='grc' dir='ltr'>εἰς</span> <span class='ocrx_word' id='word_1_53' title='bbox 676 1247 1105 1318; x_wconf 83' lang='grc' dir='ltr'>περιουσιασμὸν</span> <span class='ocrx_word' id='word_1_54' title='bbox 1136 1247 1316 1317; x_wconf 83' lang='grc' dir='ltr'>ἐαυτῷ</span> <span class='ocrx_word' id='word_1_55' title='bbox 1346 1246 1609 1320; x_wconf 81' lang='grc' dir='ltr'>[ἐαυτοῦ].</span> 
     </span>
    </p>
   </div>
   <div class='ocr_carea' id='block_1_11' title="bbox 216 1340 1659 1411">
    <p class='ocr_par' dir='ltr' id='par_1_11' title="bbox 216 1340 1659 1411">
     <span class='ocr_line' id='line_1_11' title="bbox 216 1340 1659 1411; baseline -0.003 -16"><span class='ocrx_word' id='word_1_56' title='bbox 216 1341 277 1396; x_wconf 88' lang='lat'>9.</span> <span class='ocrx_word' id='word_1_57' title='bbox 310 1343 431 1394; x_wconf 86' lang='grc' dir='ltr'>’Ὀτι</span> <span class='ocrx_word' id='word_1_58' title='bbox 473 1340 584 1409; x_wconf 79' lang='grc' dir='ltr'>ἐγὼ</span> <span class='ocrx_word' id='word_1_59' title='bbox 611 1340 844 1409; x_wconf 80' lang='grc' dir='ltr'>ἔγνωκα,</span> <span class='ocrx_word' id='word_1_60' title='bbox 875 1341 955 1392; x_wconf 86' lang='grc' dir='ltr'>ὅτι</span> <span class='ocrx_word' id='word_1_61' title='bbox 985 1341 1011 1390; x_wconf 98' lang='lat'>6</span> <span class='ocrx_word' id='word_1_62' title='bbox 1048 1344 1122 1408; x_wconf 87' lang='lat' dir='ltr'>(a)</span> <span class='ocrx_word' id='word_1_63' title='bbox 1164 1340 1334 1409; x_wconf 80' lang='grc' dir='ltr'><strong>μέγας</strong></span> <span class='ocrx_word' id='word_1_64' title='bbox 1365 1343 1393 1393; x_wconf 87' lang='grc' dir='ltr'>ὁ</span> <span class='ocrx_word' id='word_1_65' title='bbox 1416 1342 1619 1411; x_wconf 80' lang='grc' dir='ltr'>Κύριος</span> <span class='ocrx_word' id='word_1_66' title='bbox 1645 1360 1659 1374; x_wconf 86' lang='lat'><strong>-</strong></span> 
     </span>
    </p>
   </div>
   <div class='ocr_carea' id='block_1_12' title="bbox 218 1432 1667 1505">
    <p class='ocr_par' dir='ltr' id='par_1_12' title="bbox 218 1432 1667 1505">
     <span class='ocr_line' id='line_1_12' title="bbox 218 1432 1667 1505; baseline -0.002 -16"><span class='ocrx_word' id='word_1_67' title='bbox 218 1435 311 1489; x_wconf 98' lang='grc'>10.</span> <span class='ocrx_word' id='word_1_68' title='bbox 339 1434 497 1488; x_wconf 83' lang='grc' dir='ltr'>Καὶὸ</span> <span class='ocrx_word' id='word_1_69' title='bbox 522 1432 725 1505; x_wconf 83' lang='grc' dir='ltr'>Κύριος</span> <span class='ocrx_word' id='word_1_70' title='bbox 746 1432 903 1503; x_wconf 86' lang='grc' dir='ltr'>ἡμῶν</span> <span class='ocrx_word' id='word_1_71' title='bbox 928 1432 1080 1503; x_wconf 76' lang='grc' dir='ltr'>παρὰ</span> <span class='ocrx_word' id='word_1_72' title='bbox 1105 1433 1310 1495; x_wconf 86' lang='grc' dir='ltr'>πάντας</span> <span class='ocrx_word' id='word_1_73' title='bbox 1340 1434 1463 1497; x_wconf 84' lang='grc' dir='ltr'>τοὺς</span> <span class='ocrx_word' id='word_1_74' title='bbox 1490 1432 1667 1496; x_wconf 88' lang='grc' dir='ltr'>θεούς.</span> 
     </span>
    </p>
   </div>
   <div class='ocr_carea' id='block_1_13' title="bbox 219 1522 1521 1596">
    <p class='ocr_par' dir='ltr' id='par_1_13' title="bbox 219 1522 1521 1596">
     <span class='ocr_line' id='line_1_13' title="bbox 219 1522 1521 1596; baseline -0.002 -16"><span class='ocrx_word' id='word_1_75' title='bbox 219 1527 312 1582; x_wconf 87' lang='grc'>11.</span> <span class='ocrx_word' id='word_1_76' title='bbox 339 1526 525 1579; x_wconf 80' lang='grc' dir='ltr'>Πάντα</span> <span class='ocrx_word' id='word_1_77' title='bbox 562 1526 662 1578; x_wconf 84' lang='grc' dir='ltr'>ὅσα</span> <span class='ocrx_word' id='word_1_78' title='bbox 689 1524 951 1594; x_wconf 78' lang='grc' dir='ltr'>ἠθέλησεν</span> <span class='ocrx_word' id='word_1_79' title='bbox 984 1524 1011 1575; x_wconf 93' lang='lat'>6</span> <span class='ocrx_word' id='word_1_80' title='bbox 1038 1522 1241 1593; x_wconf 86' lang='grc' dir='ltr'>Κύριος</span> <span class='ocrx_word' id='word_1_81' title='bbox 1267 1525 1521 1596; x_wconf 86' lang='grc' dir='ltr'>ἐποίησεν</span> 
     </span>
    </p>
   </div>
   <div class='ocr_carea' id='block_1_14' title="bbox 220 1615 1204 1688">
    <p class='ocr_par' dir='ltr' id='par_1_14' title="bbox 220 1615 1204 1688">
     <span class='ocr_line' id='line_1_14' title="bbox 220 1615 1204 1688; baseline 0.002 -19"><span class='ocrx_word' id='word_1_82' title='bbox 220 1619 313 1675; x_wconf 73' lang='grc'>12,</span> <span class='ocrx_word' id='word_1_83' title='bbox 364 1619 452 1671; x_wconf 87' lang='grc' dir='ltr'>Ἐν</span> <span class='ocrx_word' id='word_1_84' title='bbox 473 1617 549 1687; x_wconf 88' lang='grc' dir='ltr'>τῷ</span> <span class='ocrx_word' id='word_1_85' title='bbox 570 1616 782 1688; x_wconf 84' lang='grc' dir='ltr'>οὐρανῷ</span> <span class='ocrx_word' id='word_1_86' title='bbox 803 1615 898 1669; x_wconf 72' lang='grc' dir='ltr'>καὶ</span> <span class='ocrx_word' id='word_1_87' title='bbox 925 1617 981 1669; x_wconf 82' lang='grc' dir='ltr'>ἐν</span> <span class='ocrx_word' id='word_1_88' title='bbox 1013 1618 1079 1687; x_wconf 84' lang='grc' dir='ltr'>τῇ</span> <span class='ocrx_word' id='word_1_89' title='bbox 1112 1618 1204 1687; x_wconf 82' lang='grc' dir='ltr'>γῇ,</span> 
     </span>
    </p>
   </div>
   <div class='ocr_carea' id='block_1_15' title="bbox 219 1708 1730 1773">
    <p class='ocr_par' dir='ltr' id='par_1_15' title="bbox 219 1708 1730 1773">
     <span class='ocr_line' id='line_1_15' title="bbox 219 1708 1730 1773; baseline -0.003 -8"><span class='ocrx_word' id='word_1_90' title='bbox 219 1712 310 1766; x_wconf 82' lang='grc'>1⁵5.</span> <span class='ocrx_word' id='word_1_91' title='bbox 351 1713 439 1764; x_wconf 87' lang='grc' dir='ltr'>Ἑν</span> <span class='ocrx_word' id='word_1_92' title='bbox 453 1713 571 1773; x_wconf 84' lang='grc' dir='ltr'>ταῖς</span> <span class='ocrx_word' id='word_1_93' title='bbox 592 1710 890 1772; x_wconf 74' lang='grc' dir='ltr'>θαλάσσαις</span> <span class='ocrx_word' id='word_1_94' title='bbox 910 1709 1001 1761; x_wconf 74' lang='grc' dir='ltr'>καὶ</span> <span class='ocrx_word' id='word_1_95' title='bbox 1019 1710 1075 1760; x_wconf 77' lang='grc' dir='ltr'>ὲν</span> <span class='ocrx_word' id='word_1_96' title='bbox 1099 1708 1300 1771; x_wconf 82' lang='grc' dir='ltr'>πάσαις</span> <span class='ocrx_word' id='word_1_97' title='bbox 1315 1710 1435 1772; x_wconf 87' lang='grc' dir='ltr'>ταῖς</span> <span class='ocrx_word' id='word_1_98' title='bbox 1456 1708 1730 1770; x_wconf 77' lang='grc' dir='ltr'>ἁϐύσσοις.</span> 
     </span>
    </p>
   </div>
   <div class='ocr_carea' id='block_1_16' title="bbox 218 1799 1461 1870">
    <p class='ocr_par' dir='ltr' id='par_1_16' title="bbox 218 1799 1461 1870">
     <span class='ocr_line' id='line_1_16' title="bbox 218 1799 1461 1870; baseline 0.006 -15"><span class='ocrx_word' id='word_1_99' title='bbox 218 1803 310 1856; x_wconf 69' lang='grc'>14.</span> <span class='ocrx_word' id='word_1_100' title='bbox 356 1803 596 1870; x_wconf 84' lang='grc' dir='ltr'>Ἀνάγων</span> <span class='ocrx_word' id='word_1_101' title='bbox 618 1800 845 1869; x_wconf 77' lang='grc' dir='ltr'>νεφέλας</span> <span class='ocrx_word' id='word_1_102' title='bbox 876 1799 933 1864; x_wconf 80' lang='grc' dir='ltr'>ἐξ</span> <span class='ocrx_word' id='word_1_103' title='bbox 958 1799 1186 1868; x_wconf 82' lang='grc' dir='ltr'>ἐσχάτου</span> <span class='ocrx_word' id='word_1_104' title='bbox 1211 1799 1311 1869; x_wconf 79' lang='grc' dir='ltr'>τῆς</span> <span class='ocrx_word' id='word_1_105' title='bbox 1338 1800 1461 1870; x_wconf 80' lang='grc' dir='ltr'>γῆς,</span> 
     </span>
    </p>
   </div>
   <div class='ocr_carea' id='block_1_17' title="bbox 222 1892 1258 1966">
    <p class='ocr_par' dir='ltr' id='par_1_17' title="bbox 222 1892 1258 1966">
     <span class='ocr_line' id='line_1_17' title="bbox 222 1892 1258 1966; baseline -0.004 -18"><span class='ocrx_word' id='word_1_106' title='bbox 222 1896 315 1950; x_wconf 79' lang='grc'>15.</span> <span class='ocrx_word' id='word_1_107' title='bbox 363 1893 674 1966; x_wconf 85' lang='grc' dir='ltr'>Ἀστραπὰς</span> <span class='ocrx_word' id='word_1_108' title='bbox 705 1894 783 1955; x_wconf 89' lang='grc' dir='ltr'>εἰς</span> <span class='ocrx_word' id='word_1_109' title='bbox 809 1892 962 1945; x_wconf 82' lang='grc' dir='ltr'>ὑετὸν</span> <span class='ocrx_word' id='word_1_110' title='bbox 985 1892 1258 1962; x_wconf 87' lang='grc' dir='ltr'>ἐποίησεν.</span> 
     </span>
    </p>
   </div>
   <div class='ocr_carea' id='block_1_18' title="bbox 223 1985 942 2059">
    <p class='ocr_par' dir='ltr' id='par_1_18' title="bbox 223 1985 942 2059">
     <span class='ocr_line' id='line_1_18' title="bbox 223 1985 942 2059; baseline -0.006 -19"><span class='ocrx_word' id='word_1_111' title='bbox 223 1988 301 2059; x_wconf 90' lang='lat' dir='ltr'>(a)</span> <span class='ocrx_word' id='word_1_112' title='bbox 335 1987 497 2042; x_wconf 90' lang='lat' dir='ltr'><strong>Deest</strong></span> <span class='ocrx_word' id='word_1_113' title='bbox 521 1995 747 2055; x_wconf 88' lang='lat' dir='ltr'><strong>uterque</strong></span> <span class='ocrx_word' id='word_1_114' title='bbox 779 1994 882 2038; x_wconf 85' lang='lat' dir='ltr'><strong>art.</strong></span> <span class='ocrx_word' id='word_1_115' title='bbox 914 1985 942 2036; x_wconf 90' lang='lat'>6</span> 
     </span>
    </p>
   </div>
   <div class='ocr_carea' id='block_1_19' title="bbox 1049 381 2603 446">
    <p class='ocr_par' dir='ltr' id='par_1_19' title="bbox 1049 381 2603 446">
     <span class='ocr_line' id='line_1_19' title="bbox 1049 381 2603 446; baseline 0.008 -12"><span class='ocrx_word' id='word_1_116' title='bbox 1049 381 1139 435; x_wconf 86' lang='lat' dir='ltr'>DE</span> <span class='ocrx_word' id='word_1_117' title='bbox 1178 381 1456 438; x_wconf 84' lang='lat' dir='ltr'><strong>TlTULlS</strong></span> <span class='ocrx_word' id='word_1_118' title='bbox 1489 382 1943 438; x_wconf 78' lang='lat' dir='ltr'>PSALMORUM.</span> <span class='ocrx_word' id='word_1_119' title='bbox 1980 416 2048 425; x_wconf 90' lang='lat'>-——</span> <span class='ocrx_word' id='word_1_120' title='bbox 2081 385 2277 443; x_wconf 81' lang='lat' dir='ltr'><strong>PSAL.</strong></span> <span class='ocrx_word' id='word_1_121' title='bbox 2318 388 2603 446; x_wconf 78' lang='lat' dir='ltr'>CXXXIV.</span> 
     </span>
    </p>
   </div>
   <div class='ocr_carea' id='block_1_20' title="bbox 1770 502 1817 558">
    <p class='ocr_par' dir='ltr' id='par_1_20' title="bbox 1770 502 1817 558">
     <span class='ocr_line' id='line_1_20' title="bbox 1770 502 1817 558; baseline 0 0"><span class='ocrx_word' id='word_1_122' title='bbox 1770 502 1817 558; x_wconf 83' lang='grc' dir='ltr'>Α</span> 
     </span>
    </p>
   </div>
   <div class='ocr_carea' id='block_1_21' title="bbox 2868 393 3471 458">
    <p class='ocr_par' dir='ltr' id='par_1_21' title="bbox 2868 393 3471 458">
     <span class='ocr_line' id='line_1_21' title="bbox 2868 393 3471 458; baseline 0.015 -9"><span class='ocrx_word' id='word_1_123' title='bbox 2868 448 2871 449; x_wconf 30' lang='grc' dir='ltr'>ν</span> <span class='ocrx_word' id='word_1_124' title='bbox 3276 393 3415 458; x_wconf 67' lang='grc' dir='ltr'>12ὒὲ</span> <span class='ocrx_word' id='word_1_125' title='bbox 3466 406 3471 415; x_wconf 79' lang='lat'>‘</span> 
     </span>
    </p>
   </div>
   <div class='ocr_carea' id='block_1_22' title="bbox 2208 500 3040 562">
    <p class='ocr_par' dir='ltr' id='par_1_22' title="bbox 2208 500 3040 562">
     <span class='ocr_line' id='line_1_22' title="bbox 2208 500 3040 562; baseline 0.01 -9"><span class='ocrx_word' id='word_1_126' title='bbox 2208 500 2453 557; x_wconf 74' lang='lat' dir='ltr'>Alleluia.</span> <span class='ocrx_word' id='word_1_127' title='bbox 2491 502 2697 559; x_wconf 77' lang='lat' dir='ltr'>PSAL.</span> <span class='ocrx_word' id='word_1_128' title='bbox 2724 502 3040 562; x_wconf 73' lang='lat' dir='ltr'>CXXXIV.</span> 
     </span>
    </p>
   </div>
   <div class='ocr_carea' id='block_1_23' title="bbox 1914 618 2734 689">
    <p class='ocr_par' dir='ltr' id='par_1_23' title="bbox 1914 618 2734 689">
     <span class='ocr_line' id='line_1_23' title="bbox 1914 618 2734 689; baseline 0.007 -17"><span class='ocrx_word' id='word_1_129' title='bbox 1914 618 1965 672; x_wconf 89' lang='grc'>1.</span> <span class='ocrx_word' id='word_1_130' title='bbox 1995 618 2236 675; x_wconf 89' lang='lat' dir='ltr'><strong>Laudate</strong></span> <span class='ocrx_word' id='word_1_131' title='bbox 2264 638 2461 677; x_wconf 87' lang='lat' dir='ltr'><strong>nomen</strong></span> <span class='ocrx_word' id='word_1_132' title='bbox 2499 622 2734 689; x_wconf 88' lang='lat' dir='ltr'>Domini,</span> 
     </span>
    </p>
   </div>
   <div class='ocr_carea' id='block_1_24' title="bbox 1909 706 2795 776">
    <p class='ocr_par' dir='ltr' id='par_1_24' title="bbox 1909 706 2795 776">
     <span class='ocr_line' id='line_1_24' title="bbox 1909 706 2795 776; baseline 0.01 -17"><span class='ocrx_word' id='word_1_133' title='bbox 1909 707 1963 760; x_wconf 76' lang='lat'>2.</span> <span class='ocrx_word' id='word_1_134' title='bbox 1996 706 2257 773; x_wconf 90' lang='lat' dir='ltr'><strong>Laudate,</strong></span> <span class='ocrx_word' id='word_1_135' title='bbox 2287 713 2450 776; x_wconf 86' lang='lat' dir='ltr'><strong>servi,</strong></span> <span class='ocrx_word' id='word_1_136' title='bbox 2486 713 2795 768; x_wconf 89' lang='lat' dir='ltr'><strong>Dominum.</strong></span> 
     </span>
    </p>
   </div>
   <div class='ocr_carea' id='block_1_25' title="bbox 1908 798 2821 871">
    <p class='ocr_par' dir='ltr' id='par_1_25' title="bbox 1908 798 2821 871">
     <span class='ocr_line' id='line_1_25' title="bbox 1908 798 2821 871; baseline 0.011 -21"><span class='ocrx_word' id='word_1_137' title='bbox 1908 798 1960 851; x_wconf 82' lang='grc'>5.</span> <span class='ocrx_word' id='word_1_138' title='bbox 1998 798 2101 864; x_wconf 86' lang='lat' dir='ltr'>Qui</span> <span class='ocrx_word' id='word_1_139' title='bbox 2129 802 2287 856; x_wconf 87' lang='lat' dir='ltr'><strong>statis</strong></span> <span class='ocrx_word' id='word_1_140' title='bbox 2312 803 2364 855; x_wconf 93' lang='lat' dir='ltr'>in</span> <span class='ocrx_word' id='word_1_141' title='bbox 2395 805 2559 858; x_wconf 90' lang='lat' dir='ltr'><strong>domo</strong></span> <span class='ocrx_word' id='word_1_142' title='bbox 2584 805 2821 871; x_wconf 88' lang='lat' dir='ltr'>Domini,</span> 
     </span>
    </p>
   </div>
   <div class='ocr_carea' id='block_1_26' title="bbox 1907 889 2815 954">
    <p class='ocr_par' dir='ltr' id='par_1_26' title="bbox 1907 889 2815 954">
     <span class='ocr_line' id='line_1_26' title="bbox 1907 889 2815 954; baseline 0.011 -11"><span class='ocrx_word' id='word_1_143' title='bbox 1907 890 1962 943; x_wconf 81' lang='grc'>4.</span> <span class='ocrx_word' id='word_1_144' title='bbox 1993 889 2051 944; x_wconf 90' lang='lat' dir='ltr'>ln</span> <span class='ocrx_word' id='word_1_145' title='bbox 2079 893 2233 947; x_wconf 88' lang='lat' dir='ltr'><strong>atriis</strong></span> <span class='ocrx_word' id='word_1_146' title='bbox 2262 895 2456 949; x_wconf 89' lang='lat' dir='ltr'><strong>domus</strong></span> <span class='ocrx_word' id='word_1_147' title='bbox 2488 895 2582 951; x_wconf 87' lang='lat' dir='ltr'>Dei</span> <span class='ocrx_word' id='word_1_148' title='bbox 2618 900 2815 954; x_wconf 90' lang='lat' dir='ltr'><strong>nostri.</strong></span> 
     </span>
    </p>
   </div>
   <div class='ocr_carea' id='block_1_27' title="bbox 1908 980 3303 1059">
    <p class='ocr_par' dir='ltr' id='par_1_27' title="bbox 1908 980 3303 1059">
     <span class='ocr_line' id='line_1_27' title="bbox 1908 980 3303 1059; baseline 0.015 -23"><span class='ocrx_word' id='word_1_149' title='bbox 1908 983 1965 1037; x_wconf 88' lang='grc'><strong>5.</strong></span> <span class='ocrx_word' id='word_1_150' title='bbox 2000 980 2244 1041; x_wconf 82' lang='lat' dir='ltr'><strong>Laudate</strong></span> <span class='ocrx_word' id='word_1_151' title='bbox 2276 985 2588 1053; x_wconf 92' lang='lat' dir='ltr'><strong>Dominum,</strong></span> <span class='ocrx_word' id='word_1_152' title='bbox 2625 991 2754 1059; x_wconf 88' lang='lat' dir='ltr'><strong>quia</strong></span> <span class='ocrx_word' id='word_1_153' title='bbox 2787 992 2965 1051; x_wconf 90' lang='lat' dir='ltr'><strong>bonus</strong></span> <span class='ocrx_word' id='word_1_154' title='bbox 2992 994 3257 1054; x_wconf 79' lang='lat' dir='ltr'>Dominus</span> <span class='ocrx_word' id='word_1_155' title='bbox 3286 1016 3303 1057; x_wconf 74' lang='grc' dir='ltr'>τ</span> 
     </span>
    </p>
   </div>
   <div class='ocr_carea' id='block_1_28' title="bbox 1907 1072 3142 1153">
    <p class='ocr_par' dir='ltr' id='par_1_28' title="bbox 1907 1072 3142 1153">
     <span class='ocr_line' id='line_1_28' title="bbox 1907 1072 3142 1153; baseline 0.012 -24"><span class='ocrx_word' id='word_1_156' title='bbox 1907 1073 1960 1129; x_wconf 89' lang='grc'>6.</span> <span class='ocrx_word' id='word_1_157' title='bbox 1996 1072 2220 1130; x_wconf 91' lang='lat' dir='ltr'><strong>Psallite</strong></span> <span class='ocrx_word' id='word_1_158' title='bbox 2250 1079 2459 1133; x_wconf 89' lang='lat' dir='ltr'><strong>nomini</strong></span> <span class='ocrx_word' id='word_1_159' title='bbox 2492 1082 2633 1150; x_wconf 83' lang='lat' dir='ltr'><strong>ejus,</strong></span> <span class='ocrx_word' id='word_1_160' title='bbox 2665 1085 2926 1153; x_wconf 88' lang='lat' dir='ltr'><strong>quoniam</strong></span> <span class='ocrx_word' id='word_1_161' title='bbox 2959 1104 3142 1145; x_wconf 81' lang='lat' dir='ltr'>suave.</span> 
     </span>
    </p>
   </div>
   <div class='ocr_carea' id='block_1_29' title="bbox 1908 1164 3133 1247">
    <p class='ocr_par' dir='ltr' id='par_1_29' title="bbox 1908 1164 3133 1247">
     <span class='ocr_line' id='line_1_29' title="bbox 1908 1164 3133 1247; baseline 0.013 -29"><span class='ocrx_word' id='word_1_162' title='bbox 1908 1164 1958 1220; x_wconf 88' lang='lat'><em>7.</em></span> <span class='ocrx_word' id='word_1_163' title='bbox 1996 1165 2266 1232; x_wconf 81' lang='lat' dir='ltr'>Quoniam</span> <span class='ocrx_word' id='word_1_164' title='bbox 2295 1167 2464 1225; x_wconf 84' lang='lat' dir='ltr'><strong>Jacob</strong></span> <span class='ocrx_word' id='word_1_165' title='bbox 2495 1172 2654 1242; x_wconf 89' lang='lat' dir='ltr'><strong>elegit</strong></span> <span class='ocrx_word' id='word_1_166' title='bbox 2687 1174 2790 1229; x_wconf 88' lang='lat' dir='ltr'>sibi</span> <span class='ocrx_word' id='word_1_167' title='bbox 2823 1175 3110 1247; x_wconf 89' lang='lat' dir='ltr'><strong>Dominus,</strong></span> <span class='ocrx_word' id='word_1_168' title='bbox 3128 1197 3133 1217; x_wconf 59' lang='grc' dir='ltr'><strong>ἠ</strong></span> 
     </span>
    </p>
   </div>
   <div class='ocr_carea' id='block_1_30' title="bbox 1905 1255 3000 1341">
    <p class='ocr_par' dir='ltr' id='par_1_30' title="bbox 1905 1255 3000 1341">
     <span class='ocr_line' id='line_1_30' title="bbox 1905 1255 3000 1341; baseline 0.011 -30"><span class='ocrx_word' id='word_1_169' title='bbox 1905 1256 1959 1311; x_wconf 92' lang='lat'><em>8.</em></span> <span class='ocrx_word' id='word_1_170' title='bbox 1993 1255 2158 1313; x_wconf 86' lang='lat' dir='ltr'><strong>Israel</strong></span> <span class='ocrx_word' id='word_1_171' title='bbox 2187 1260 2241 1314; x_wconf 92' lang='lat' dir='ltr'>in</span> <span class='ocrx_word' id='word_1_172' title='bbox 2273 1264 2677 1330; x_wconf 84' lang='lat' dir='ltr'>possessionem</span> <span class='ocrx_word' id='word_1_173' title='bbox 2705 1267 2809 1321; x_wconf 87' lang='lat' dir='ltr'><strong>sibi</strong></span> <span class='ocrx_word' id='word_1_174' title='bbox 2843 1268 3000 1341; x_wconf 70' lang='lat' dir='ltr'><strong>[sui].</strong></span> 
     </span>
    </p>
   </div>
   <div class='ocr_carea' id='block_1_31' title="bbox 1905 1349 3405 1429">
    <p class='ocr_par' dir='ltr' id='par_1_31' title="bbox 1905 1349 3405 1429">
     <span class='ocr_line' id='line_1_31' title="bbox 1905 1349 3405 1429; baseline 0.015 -25"><span class='ocrx_word' id='word_1_175' title='bbox 1905 1349 1959 1405; x_wconf 89' lang='lat'><em>9.</em></span> <span class='ocrx_word' id='word_1_176' title='bbox 1988 1349 2126 1415; x_wconf 85' lang='lat' dir='ltr'><strong>Quia</strong></span> <span class='ocrx_word' id='word_1_177' title='bbox 2158 1368 2259 1422; x_wconf 87' lang='lat' dir='ltr'>ego</span> <span class='ocrx_word' id='word_1_178' title='bbox 2279 1357 2529 1424; x_wconf 75' lang='lat' dir='ltr'><strong>cognovi,</strong></span> <span class='ocrx_word' id='word_1_179' title='bbox 2566 1359 2711 1426; x_wconf 90' lang='lat' dir='ltr'><strong>quod</strong></span> <span class='ocrx_word' id='word_1_180' title='bbox 2742 1373 2972 1429; x_wconf 87' lang='lat' dir='ltr'><strong>magnus</strong></span> <span class='ocrx_word' id='word_1_181' title='bbox 2996 1370 3079 1417; x_wconf 89' lang='lat' dir='ltr'>est</span> <span class='ocrx_word' id='word_1_182' title='bbox 3104 1360 3405 1426; x_wconf 82' lang='lat' dir='ltr'><strong>Dominus:</strong></span> 
     </span>
    </p>
   </div>
   <div class='ocr_carea' id='block_1_32' title="bbox 1909 1438 3056 1514">
    <p class='ocr_par' dir='ltr' id='par_1_32' title="bbox 1909 1438 3056 1514">
     <span class='ocr_line' id='line_1_32' title="bbox 1909 1438 3056 1514; baseline 0.014 -24"><span class='ocrx_word' id='word_1_183' title='bbox 1909 1438 1997 1491; x_wconf 85' lang='grc'>10.</span> <span class='ocrx_word' id='word_1_184' title='bbox 2031 1438 2097 1492; x_wconf 91' lang='lat' dir='ltr'><strong>Et</strong></span> <span class='ocrx_word' id='word_1_185' title='bbox 2130 1439 2274 1496; x_wconf 84' lang='lat' dir='ltr'><strong>Deus</strong></span> <span class='ocrx_word' id='word_1_186' title='bbox 2304 1454 2489 1499; x_wconf 87' lang='lat' dir='ltr'><strong>noster</strong></span> <span class='ocrx_word' id='word_1_187' title='bbox 2509 1462 2619 1514; x_wconf 62' lang='lat' dir='ltr'><strong>prie</strong></span> <span class='ocrx_word' id='word_1_188' title='bbox 2652 1450 2905 1505; x_wconf 90' lang='lat' dir='ltr'><strong>omnibus</strong></span> <span class='ocrx_word' id='word_1_189' title='bbox 2933 1451 3056 1507; x_wconf 92' lang='lat' dir='ltr'><strong>diis.</strong></span> 
     </span>
    </p>
   </div>
   <div class='ocr_carea' id='block_1_33' title="bbox 1908 1530 3269 1611">
    <p class='ocr_par' dir='ltr' id='par_1_33' title="bbox 1908 1530 3269 1611">
     <span class='ocr_line' id='line_1_33' title="bbox 1908 1530 3269 1611; baseline 0.013 -27"><span class='ocrx_word' id='word_1_190' title='bbox 1908 1530 1996 1584; x_wconf 86' lang='grc'>11.</span> <span class='ocrx_word' id='word_1_191' title='bbox 2030 1534 2217 1586; x_wconf 87' lang='lat' dir='ltr'><strong>Omnia</strong></span> <span class='ocrx_word' id='word_1_192' title='bbox 2249 1551 2589 1607; x_wconf 81' lang='lat' dir='ltr'><strong>quaecunque</strong></span> <span class='ocrx_word' id='word_1_193' title='bbox 2622 1539 2793 1595; x_wconf 87' lang='lat' dir='ltr'><strong>voluit</strong></span> <span class='ocrx_word' id='word_1_194' title='bbox 2820 1541 3102 1611; x_wconf 90' lang='lat' dir='ltr'><strong>Dominus,</strong></span> <span class='ocrx_word' id='word_1_195' title='bbox 3141 1546 3269 1604; x_wconf 82' lang='lat' dir='ltr'><strong>fecit</strong></span> 
     </span>
    </p>
   </div>
   <div class='ocr_carea' id='block_1_34' title="bbox 1908 1621 2631 1695">
    <p class='ocr_par' dir='ltr' id='par_1_34' title="bbox 1908 1621 2631 1695">
     <span class='ocr_line' id='line_1_34' title="bbox 1908 1621 2631 1695; baseline 0.012 -21"><span class='ocrx_word' id='word_1_196' title='bbox 1908 1621 1997 1675; x_wconf 71' lang='lat' dir='ltr'>i2.</span> <span class='ocrx_word' id='word_1_197' title='bbox 2028 1621 2082 1676; x_wconf 89' lang='lat' dir='ltr'><strong>In</strong></span> <span class='ocrx_word' id='word_1_198' title='bbox 2116 1625 2276 1688; x_wconf 85' lang='lat' dir='ltr'><strong>coelo,</strong></span> <span class='ocrx_word' id='word_1_199' title='bbox 2304 1636 2356 1679; x_wconf 91' lang='lat' dir='ltr'>et</span> <span class='ocrx_word' id='word_1_200' title='bbox 2383 1628 2434 1680; x_wconf 89' lang='lat' dir='ltr'>in</span> <span class='ocrx_word' id='word_1_201' title='bbox 2468 1637 2631 1695; x_wconf 88' lang='lat' dir='ltr'><strong>terra,</strong></span> 
     </span>
    </p>
   </div>
   <div class='ocr_carea' id='block_1_35' title="bbox 1907 1713 3097 1798">
    <p class='ocr_par' dir='ltr' id='par_1_35' title="bbox 1907 1713 3097 1798">
     <span class='ocr_line' id='line_1_35' title="bbox 1907 1713 3097 1798; baseline 0.016 -33"><span class='ocrx_word' id='word_1_202' title='bbox 1907 1713 1994 1767; x_wconf 83' lang='grc'>15.</span> <span class='ocrx_word' id='word_1_203' title='bbox 2027 1713 2092 1768; x_wconf 91' lang='lat' dir='ltr'>Et</span> <span class='ocrx_word' id='word_1_204' title='bbox 2116 1716 2170 1769; x_wconf 93' lang='lat' dir='ltr'>in</span> <span class='ocrx_word' id='word_1_205' title='bbox 2202 1719 2358 1783; x_wconf 90' lang='lat' dir='ltr'><strong>mari,</strong></span> <span class='ocrx_word' id='word_1_206' title='bbox 2385 1727 2439 1772; x_wconf 91' lang='lat' dir='ltr'>et</span> <span class='ocrx_word' id='word_1_207' title='bbox 2486 1721 2540 1772; x_wconf 88' lang='lat' dir='ltr'>in</span> <span class='ocrx_word' id='word_1_208' title='bbox 2579 1724 2833 1780; x_wconf 90' lang='lat' dir='ltr'><strong>omnibus</strong></span> <span class='ocrx_word' id='word_1_209' title='bbox 2864 1727 3097 1798; x_wconf 83' lang='lat' dir='ltr'><strong>abyssis.</strong></span> 
     </span>
    </p>
   </div>
   <div class='ocr_carea' id='block_1_36' title="bbox 1910 1804 3078 1875">
    <p class='ocr_par' dir='ltr' id='par_1_36' title="bbox 1910 1804 3078 1875">
     <span class='ocr_line' id='line_1_36' title="bbox 1910 1804 3078 1875; baseline 0.012 -18"><span class='ocrx_word' id='word_1_210' title='bbox 1910 1804 1999 1859; x_wconf 75' lang='lat' dir='ltr'><strong>M.</strong></span> <span class='ocrx_word' id='word_1_211' title='bbox 2029 1806 2282 1865; x_wconf 89' lang='lat' dir='ltr'><strong>Educens</strong></span> <span class='ocrx_word' id='word_1_212' title='bbox 2309 1812 2483 1867; x_wconf 88' lang='lat' dir='ltr'><strong>nubes</strong></span> <span class='ocrx_word' id='word_1_213' title='bbox 2517 1815 2585 1869; x_wconf 92' lang='lat' dir='ltr'>ab</span> <span class='ocrx_word' id='word_1_214' title='bbox 2611 1825 2855 1873; x_wconf 83' lang='lat' dir='ltr'><strong>extremo</strong></span> <span class='ocrx_word' id='word_1_215' title='bbox 2879 1828 3036 1875; x_wconf 65' lang='lat' dir='ltr'><strong>terrae</strong></span> <span class='ocrx_word' id='word_1_216' title='bbox 3064 1836 3078 1871; x_wconf 88' lang='lat'><strong>:</strong></span> 
     </span>
    </p>
   </div>
   <div class='ocr_carea' id='block_1_37' title="bbox 1908 1897 2801 1974">
    <p class='ocr_par' dir='ltr' id='par_1_37' title="bbox 1908 1897 2801 1974">
     <span class='ocr_line' id='line_1_37' title="bbox 1908 1897 2801 1974; baseline 0.017 -25"><span class='ocrx_word' id='word_1_217' title='bbox 1908 1897 1994 1952; x_wconf 86' lang='grc'>15.</span> <span class='ocrx_word' id='word_1_218' title='bbox 2028 1898 2266 1971; x_wconf 82' lang='lat' dir='ltr'><strong>Fulgura</strong></span> <span class='ocrx_word' id='word_1_219' title='bbox 2299 1904 2353 1957; x_wconf 90' lang='lat' dir='ltr'><strong>in</strong></span> <span class='ocrx_word' id='word_1_220' title='bbox 2382 1906 2621 1974; x_wconf 85' lang='lat' dir='ltr'><strong>pluviam</strong></span> <span class='ocrx_word' id='word_1_221' title='bbox 2656 1907 2801 1965; x_wconf 83' lang='lat' dir='ltr'><strong>fecit.</strong></span> 
     </span>
    </p>
   </div>
   <div class='ocr_carea' id='block_1_38' title="bbox 1285 2052 2278 2117">
    <p class='ocr_par' dir='ltr' id='par_1_38' title="bbox 1285 2052 2278 2117">
     <span class='ocr_line' id='line_1_38' title="bbox 1285 2052 2278 2117; baseline 0.007 -9"><span class='ocrx_word' id='word_1_222' title='bbox 1285 2052 1655 2109; x_wconf 83' lang='lat' dir='ltr'><strong>ATHANASIl</strong></span> <span class='ocrx_word' id='word_1_223' title='bbox 1693 2054 2278 2117; x_wconf 78' lang='lat' dir='ltr'>INTERPRETATIO.</span> 
     </span>
    </p>
   </div>
   <div class='ocr_carea' id='block_1_39' title="bbox 865 2149 2702 2222">
    <p class='ocr_par' dir='ltr' id='par_1_39' title="bbox 865 2149 2702 2222">
     <span class='ocr_line' id='line_1_39' title="bbox 865 2149 2702 2222; baseline 0.009 -20"><span class='ocrx_word' id='word_1_224' title='bbox 865 2150 942 2219; x_wconf 86' lang='lat' dir='ltr'>(l)</span> <span class='ocrx_word' id='word_1_225' title='bbox 986 2149 1291 2218; x_wconf 74' lang='lat' dir='ltr'><strong>Explicatio</strong></span> <span class='ocrx_word' id='word_1_226' title='bbox 1321 2149 1468 2204; x_wconf 89' lang='lat' dir='ltr'><strong>tituli</strong></span> <span class='ocrx_word' id='word_1_227' title='bbox 1503 2149 1660 2220; x_wconf 81' lang='lat' dir='ltr'><strong>hujus</strong></span> <span class='ocrx_word' id='word_1_228' title='bbox 1687 2152 1881 2222; x_wconf 84' lang='lat' dir='ltr'><strong>psalmi</strong></span> <span class='ocrx_word' id='word_1_229' title='bbox 1909 2152 2055 2207; x_wconf 89' lang='lat' dir='ltr'><strong>deest</strong></span> <span class='ocrx_word' id='word_1_230' title='bbox 2084 2156 2141 2208; x_wconf 90' lang='lat' dir='ltr'>in</span> <span class='ocrx_word' id='word_1_231' title='bbox 2181 2159 2361 2214; x_wconf 86' lang='lat' dir='ltr'><strong>codice</strong></span> <span class='ocrx_word' id='word_1_232' title='bbox 2386 2160 2702 2219; x_wconf 83' lang='lat' dir='ltr'><strong>Barberino.</strong></span> 
     </span>
    </p>
   </div>
   <div class='ocr_carea' id='block_1_40' title="bbox 223 2239 1299 2312">
    <p class='ocr_par' dir='ltr' id='par_1_40' title="bbox 223 2239 1299 2312">
     <span class='ocr_line' id='line_1_40' title="bbox 223 2239 1299 2312; baseline -0.002 -16"><span class='ocrx_word' id='word_1_233' title='bbox 223 2241 275 2297; x_wconf 89' lang='grc'>1.</span> <span class='ocrx_word' id='word_1_234' title='bbox 315 2239 618 2294; x_wconf 88' lang='grc' dir='ltr'>Ἐπαινεῖτε</span> <span class='ocrx_word' id='word_1_235' title='bbox 643 2239 741 2311; x_wconf 85' lang='grc' dir='ltr'>τὴν</span> <span class='ocrx_word' id='word_1_236' title='bbox 766 2239 1077 2312; x_wconf 81' lang='grc' dir='ltr'>ὡραιότητα</span> <span class='ocrx_word' id='word_1_237' title='bbox 1112 2239 1299 2294; x_wconf 77' lang='grc' dir='ltr'>αὐτοῦ.</span> 
     </span>
    </p>
   </div>
   <div class='ocr_carea' id='block_1_41' title="bbox 217 2330 1041 2405">
    <p class='ocr_par' dir='ltr' id='par_1_41' title="bbox 217 2330 1041 2405">
     <span class='ocr_line' id='line_1_41' title="bbox 217 2330 1041 2405; baseline -0.005 -15"><span class='ocrx_word' id='word_1_238' title='bbox 217 2336 278 2390; x_wconf 78' lang='lat'>2.</span> <span class='ocrx_word' id='word_1_239' title='bbox 309 2337 373 2388; x_wconf 88' lang='grc' dir='ltr'>Οἰ</span> <span class='ocrx_word' id='word_1_240' title='bbox 405 2331 837 2405; x_wconf 82' lang='grc' dir='ltr'>ὑποτασσόμενοι</span> <span class='ocrx_word' id='word_1_241' title='bbox 874 2330 1041 2405; x_wconf 86' lang='grc' dir='ltr'>αύτῷ.</span> 
     </span>
    </p>
   </div>
   <div class='ocr_carea' id='block_1_42' title="bbox 213 2424 1729 2497">
    <p class='ocr_par' dir='ltr' id='par_1_42' title="bbox 213 2424 1729 2497">
     <span class='ocr_line' id='line_1_42' title="bbox 213 2424 1729 2497; baseline -0.002 -16"><span class='ocrx_word' id='word_1_242' title='bbox 213 2426 272 2481; x_wconf 80' lang='lat'>3.</span> <span class='ocrx_word' id='word_1_243' title='bbox 300 2426 362 2478; x_wconf 88' lang='grc' dir='ltr'>Οί</span> <span class='ocrx_word' id='word_1_244' title='bbox 388 2424 746 2493; x_wconf 79' lang='grc' dir='ltr'>ἀδιαλείπτως</span> <span class='ocrx_word' id='word_1_245' title='bbox 765 2426 1158 2495; x_wconf 83' lang='grc' dir='ltr'>παριστάμενοι</span> <span class='ocrx_word' id='word_1_246' title='bbox 1179 2428 1243 2497; x_wconf 81' lang='grc' dir='ltr'>τῇ</span> <span class='ocrx_word' id='word_1_247' title='bbox 1264 2425 1472 2497; x_wconf 80' lang='grc' dir='ltr'>διανοίᾳ</span> <span class='ocrx_word' id='word_1_248' title='bbox 1494 2424 1571 2495; x_wconf 89' lang='grc' dir='ltr'>τῷ</span> <span class='ocrx_word' id='word_1_249' title='bbox 1594 2425 1729 2494; x_wconf 85' lang='grc' dir='ltr'>Θεῷ.</span> 
     </span>
    </p>
   </div>
   <div class='ocr_carea' id='block_1_43' title="bbox 213 2514 843 2589">
    <p class='ocr_par' dir='ltr' id='par_1_43' title="bbox 213 2514 843 2589">
     <span class='ocr_line' id='line_1_43' title="bbox 213 2514 843 2589; baseline 0 -18"><span class='ocrx_word' id='word_1_250' title='bbox 213 2518 273 2571; x_wconf 69' lang='grc'>4.</span> <span class='ocrx_word' id='word_1_251' title='bbox 326 2518 414 2570; x_wconf 88' lang='grc' dir='ltr'>Ἐν</span> <span class='ocrx_word' id='word_1_252' title='bbox 439 2519 551 2580; x_wconf 85' lang='grc' dir='ltr'>τοῖς</span> <span class='ocrx_word' id='word_1_253' title='bbox 573 2514 843 2589; x_wconf 84' lang='grc' dir='ltr'>οὐρανοῖς.</span> 
     </span>
    </p>
   </div>
   <div class='ocr_carea' id='block_1_44' title="bbox 211 2607 1735 2680">
    <p class='ocr_par' dir='ltr' id='par_1_44' title="bbox 211 2607 1735 2680">
     <span class='ocr_line' id='line_1_44' title="bbox 211 2607 1735 2680; baseline -0.002 -17"><span class='ocrx_word' id='word_1_254' title='bbox 211 2610 271 2663; x_wconf 85' lang='grc'>5.</span> <span class='ocrx_word' id='word_1_255' title='bbox 307 2610 516 2661; x_wconf 83' lang='grc' dir='ltr'>Αἰνεῖτε</span> <span class='ocrx_word' id='word_1_256' title='bbox 547 2608 638 2661; x_wconf 90' lang='grc' dir='ltr'>τὸν</span> <span class='ocrx_word' id='word_1_257' title='bbox 666 2607 884 2680; x_wconf 85' lang='grc' dir='ltr'>Κύριον,</span> <span class='ocrx_word' id='word_1_258' title='bbox 916 2609 998 2662; x_wconf 81' lang='grc' dir='ltr'>ὅτι</span> <span class='ocrx_word' id='word_1_259' title='bbox 1028 2609 1089 2661; x_wconf 81' lang='grc' dir='ltr'>οὐ</span> <span class='ocrx_word' id='word_1_260' title='bbox 1124 2608 1373 2678; x_wconf 86' lang='grc' dir='ltr'>βούλεταί</span> <span class='ocrx_word' id='word_1_261' title='bbox 1396 2626 1519 2663; x_wconf 91' lang='grc' dir='ltr'>τινα</span> <span class='ocrx_word' id='word_1_262' title='bbox 1547 2608 1735 2661; x_wconf 83' lang='grc' dir='ltr'>ἀπολέ-</span> 
     </span>
    </p>
   </div>
   <div class='ocr_carea' id='block_1_45' title="bbox 143 2697 1731 2769">
    <p class='ocr_par' dir='ltr' id='par_1_45' title="bbox 143 2697 1731 2769">
     <span class='ocr_line' id='line_1_45' title="bbox 143 2697 1731 2769; baseline -0.003 -15"><span class='ocrx_word' id='word_1_263' title='bbox 143 2700 298 2764; x_wconf 86' lang='grc' dir='ltr'>σθαι,</span> <span class='ocrx_word' id='word_1_264' title='bbox 336 2699 471 2752; x_wconf 84' lang='grc' dir='ltr'>ἀλλὰ</span> <span class='ocrx_word' id='word_1_265' title='bbox 496 2698 703 2762; x_wconf 83' lang='grc' dir='ltr'>πάντας</span> <span class='ocrx_word' id='word_1_266' title='bbox 736 2700 816 2761; x_wconf 79' lang='grc' dir='ltr'>εἰς</span> <span class='ocrx_word' id='word_1_267' title='bbox 851 2698 1140 2768; x_wconf 90' lang='grc' dir='ltr'>μετάνοιαν</span> <span class='ocrx_word' id='word_1_268' title='bbox 1167 2697 1310 2750; x_wconf 80' lang='grc' dir='ltr'>θέλει</span> <span class='ocrx_word' id='word_1_269' title='bbox 1352 2698 1429 2768; x_wconf 73' lang='lat'>(2)</span> <span class='ocrx_word' id='word_1_270' title='bbox 1464 2698 1731 2769; x_wconf 85' lang='grc' dir='ltr'>χωρῆσαι,</span> 
     </span>
    </p>
   </div>
   <div class='ocr_carea' id='block_1_46' title="bbox 140 2788 1458 2858">
    <p class='ocr_par' dir='ltr' id='par_1_46' title="bbox 140 2788 1458 2858">
     <span class='ocr_line' id='line_1_46' title="bbox 140 2788 1458 2858; baseline -0.004 -10"><span class='ocrx_word' id='word_1_271' title='bbox 140 2795 238 2848; x_wconf 71' lang='grc' dir='ltr'>καὶ</span> <span class='ocrx_word' id='word_1_272' title='bbox 270 2792 383 2845; x_wconf 89' lang='grc' dir='ltr'>τῶν</span> <span class='ocrx_word' id='word_1_273' title='bbox 413 2791 646 2845; x_wconf 76' lang='grc' dir='ltr'>αἰωνίων</span> <span class='ocrx_word' id='word_1_274' title='bbox 677 2790 843 2845; x_wconf 80' lang='grc' dir='ltr'>αὑτοῦ</span> <span class='ocrx_word' id='word_1_275' title='bbox 867 2790 1089 2858; x_wconf 84' lang='grc' dir='ltr'>ἀγαθῶν</span> <span class='ocrx_word' id='word_1_276' title='bbox 1124 2788 1458 2844; x_wconf 77' lang='grc' dir='ltr'>ἀπολαῦσαι.</span> 
     </span>
    </p>
   </div>
   <div class='ocr_carea' id='block_1_47' title="bbox 213 2881 1732 2953">
    <p class='ocr_par' dir='ltr' id='par_1_47' title="bbox 213 2881 1732 2953">
     <span class='ocr_line' id='line_1_47' title="bbox 213 2881 1732 2953; baseline -0.005 -13"><span class='ocrx_word' id='word_1_277' title='bbox 213 2885 275 2940; x_wconf 85' lang='grc'>6.</span> <span class='ocrx_word' id='word_1_278' title='bbox 316 2886 625 2953; x_wconf 87' lang='grc' dir='ltr'>Ἀνυμνεῖτε</span> <span class='ocrx_word' id='word_1_279' title='bbox 657 2882 733 2953; x_wconf 76' lang='grc'>(5)</span> <span class='ocrx_word' id='word_1_280' title='bbox 756 2881 819 2934; x_wconf 91' lang='grc' dir='ltr'>τὸ</span> <span class='ocrx_word' id='word_1_281' title='bbox 868 2882 1039 2952; x_wconf 79' lang='grc' dir='ltr'>ὄνομα</span> <span class='ocrx_word' id='word_1_282' title='bbox 1082 2882 1247 2935; x_wconf 81' lang='grc' dir='ltr'>αὐτοῦ</span> <span class='ocrx_word' id='word_1_283' title='bbox 1298 2883 1354 2935; x_wconf 79' lang='grc' dir='ltr'>ἐν</span> <span class='ocrx_word' id='word_1_284' title='bbox 1404 2882 1604 2953; x_wconf 79' lang='grc' dir='ltr'>καρδία</span> <span class='ocrx_word' id='word_1_285' title='bbox 1635 2901 1732 2937; x_wconf 86' lang='grc' dir='ltr'>κα-</span> 
     </span>
    </p>
   </div>
   <div class='ocr_carea' id='block_1_48' title="bbox 140 2974 1553 3049">
    <p class='ocr_par' dir='ltr' id='par_1_48' title="bbox 140 2974 1553 3049">
     <span class='ocr_line' id='line_1_48' title="bbox 140 2974 1553 3049; baseline -0.003 -17"><span class='ocrx_word' id='word_1_286' title='bbox 140 2979 315 3049; x_wconf 83' lang='grc' dir='ltr'>θαρᾷ,</span> <span class='ocrx_word' id='word_1_287' title='bbox 335 2978 417 3030; x_wconf 84' lang='grc' dir='ltr'>ὄτι</span> <span class='ocrx_word' id='word_1_288' title='bbox 443 2976 601 3028; x_wconf 83' lang='grc' dir='ltr'>τοῦτο</span> <span class='ocrx_word' id='word_1_289' title='bbox 627 2976 754 3046; x_wconf 88' lang='grc' dir='ltr'>ὑμῖν</span> <span class='ocrx_word' id='word_1_290' title='bbox 781 2974 1227 3044; x_wconf 78' lang='grc' dir='ltr'>ἀποδήσεται,εἰς</span> <span class='ocrx_word' id='word_1_291' title='bbox 1255 2975 1553 3045; x_wconf 85' lang='grc' dir='ltr'>σωτηρίαν.</span> 
     </span>
    </p>
   </div>
   <div class='ocr_carea' id='block_1_49' title="bbox 213 3063 1730 3123">
    <p class='ocr_par' dir='ltr' id='par_1_49' title="bbox 213 3063 1730 3123">
     <span class='ocr_line' id='line_1_49' title="bbox 213 3063 1730 3123; baseline -0.001 -3"><span class='ocrx_word' id='word_1_292' title='bbox 213 3069 275 3123; x_wconf 87' lang='lat'><em>7.</em></span> <span class='ocrx_word' id='word_1_293' title='bbox 302 3067 424 3119; x_wconf 88' lang='grc' dir='ltr'>Ὅτι</span> <span class='ocrx_word' id='word_1_294' title='bbox 450 3066 540 3119; x_wconf 87' lang='grc' dir='ltr'>τὸν</span> <span class='ocrx_word' id='word_1_295' title='bbox 572 3065 699 3118; x_wconf 84' lang='grc' dir='ltr'>λαὸν</span> <span class='ocrx_word' id='word_1_296' title='bbox 727 3064 817 3117; x_wconf 88' lang='grc' dir='ltr'>τὸν</span> <span class='ocrx_word' id='word_1_297' title='bbox 842 3064 971 3118; x_wconf 76' lang='grc' dir='ltr'>ὄντα</span> <span class='ocrx_word' id='word_1_298' title='bbox 1013 3065 1155 3118; x_wconf 86' lang='grc' dir='ltr'>κατὰ</span> <span class='ocrx_word' id='word_1_299' title='bbox 1183 3066 1276 3118; x_wconf 88' lang='grc' dir='ltr'>τὸν</span> <span class='ocrx_word' id='word_1_300' title='bbox 1318 3063 1515 3119; x_wconf 81' lang='grc' dir='ltr'>Ἰακὼϐ</span> <span class='ocrx_word' id='word_1_301' title='bbox 1554 3065 1730 3120; x_wconf 79' lang='grc' dir='ltr'>ἄπλα-</span> 
     </span>
    </p>
   </div>
   <div class='ocr_carea' id='block_1_50' title="bbox 142 3158 1431 3231">
    <p class='ocr_par' dir='ltr' id='par_1_50' title="bbox 142 3158 1431 3231">
     <span class='ocr_line' id='line_1_50' title="bbox 142 3158 1431 3231; baseline -0.003 -16"><span class='ocrx_word' id='word_1_302' title='bbox 142 3178 277 3215; x_wconf 79' lang='grc' dir='ltr'>στον</span> <span class='ocrx_word' id='word_1_303' title='bbox 306 3163 373 3231; x_wconf 80' lang='grc' dir='ltr'>τῇ</span> <span class='ocrx_word' id='word_1_304' title='bbox 402 3159 601 3231; x_wconf 80' lang='grc' dir='ltr'>καρδίᾳ</span> <span class='ocrx_word' id='word_1_305' title='bbox 632 3158 915 3224; x_wconf 81' lang='grc' dir='ltr'>ἐξελέξατο</span> <span class='ocrx_word' id='word_1_306' title='bbox 942 3158 1119 3228; x_wconf 84' lang='grc' dir='ltr'>ἐαυτῷ</span> <span class='ocrx_word' id='word_1_307' title='bbox 1153 3160 1181 3211; x_wconf 88' lang='lat'>6</span> <span class='ocrx_word' id='word_1_308' title='bbox 1212 3158 1431 3230; x_wconf 88' lang='grc' dir='ltr'>Κύριος.</span> 
     </span>
    </p>
   </div>
   <div class='ocr_carea' id='block_1_51' title="bbox 213 3249 1735 3323">
    <p class='ocr_par' dir='ltr' id='par_1_51' title="bbox 213 3249 1735 3323">
     <span class='ocr_line' id='line_1_51' title="bbox 213 3249 1735 3323; baseline -0.003 -15"><span class='ocrx_word' id='word_1_309' title='bbox 213 3252 278 3308; x_wconf 89' lang='grc'>8.</span> <span class='ocrx_word' id='word_1_310' title='bbox 307 3253 386 3322; x_wconf 82' lang='grc' dir='ltr'>Τῇ</span> <span class='ocrx_word' id='word_1_311' title='bbox 411 3251 487 3322; x_wconf 69' lang='grc'>(4)</span> <span class='ocrx_word' id='word_1_312' title='bbox 510 3250 707 3322; x_wconf 76' lang='grc' dir='ltr'>καρδίᾳ</span> <span class='ocrx_word' id='word_1_313' title='bbox 729 3249 821 3302; x_wconf 88' lang='grc' dir='ltr'>τὸν</span> <span class='ocrx_word' id='word_1_314' title='bbox 843 3249 975 3302; x_wconf 84' lang='grc' dir='ltr'>Θεὸν</span> <span class='ocrx_word' id='word_1_315' title='bbox 1002 3249 1287 3321; x_wconf 79' lang='grc' dir='ltr'>[ὁρῶντας]</span> <span class='ocrx_word' id='word_1_316' title='bbox 1312 3252 1735 3323; x_wconf 87' lang='grc' dir='ltr'>περιεποιήσατο</span> 
     </span>
    </p>
   </div>
   <div class='ocr_carea' id='block_1_52' title="bbox 142 3337 1421 3409">
    <p class='ocr_par' dir='ltr' id='par_1_52' title="bbox 142 3337 1421 3409">
     <span class='ocr_line' id='line_1_52' title="bbox 142 3337 1421 3409; baseline -0.004 -12"><span class='ocrx_word' id='word_1_317' title='bbox 142 3346 220 3407; x_wconf 74' lang='grc' dir='ltr'>εἰς</span> <span class='ocrx_word' id='word_1_318' title='bbox 260 3341 490 3395; x_wconf 81' lang='grc' dir='ltr'>πλοῦτον</span> <span class='ocrx_word' id='word_1_319' title='bbox 516 3338 724 3393; x_wconf 80' lang='grc' dir='ltr'>ἑαυτῶν</span> <span class='ocrx_word' id='word_1_320' title='bbox 754 3338 842 3393; x_wconf 83' lang='grc' dir='ltr'>διὰ</span> <span class='ocrx_word' id='word_1_321' title='bbox 875 3337 970 3391; x_wconf 81' lang='grc' dir='ltr'>τοῦ</span> <span class='ocrx_word' id='word_1_322' title='bbox 1009 3337 1140 3390; x_wconf 88' lang='grc' dir='ltr'>ἰδίου</span> <span class='ocrx_word' id='word_1_323' title='bbox 1171 3338 1421 3409; x_wconf 82' lang='grc' dir='ltr'>αἵματος.</span> 
     </span>
    </p>
   </div>
   <div class='ocr_carea' id='block_1_53' title="bbox 214 3429 1735 3502">
    <p class='ocr_par' dir='ltr' id='par_1_53' title="bbox 214 3429 1735 3502">
     <span class='ocr_line' id='line_1_53' title="bbox 214 3429 1735 3502; baseline -0.005 -12"><span class='ocrx_word' id='word_1_324' title='bbox 214 3436 277 3490; x_wconf 89' lang='grc'>9.</span> <span class='ocrx_word' id='word_1_325' title='bbox 309 3432 653 3494; x_wconf 77' lang='grc' dir='ltr'>Συνετισθεὶς</span> <span class='ocrx_word' id='word_1_326' title='bbox 686 3433 817 3502; x_wconf 88' lang='grc' dir='ltr'>παρ’</span> <span class='ocrx_word' id='word_1_327' title='bbox 848 3429 1011 3484; x_wconf 75' lang='grc' dir='ltr'>αὐτοῦ</span> <span class='ocrx_word' id='word_1_328' title='bbox 1042 3431 1286 3498; x_wconf 79' lang='grc' dir='ltr'>ἐπέγνων</span> <span class='ocrx_word' id='word_1_329' title='bbox 1316 3432 1416 3501; x_wconf 81' lang='grc' dir='ltr'>τὴν</span> <span class='ocrx_word' id='word_1_330' title='bbox 1454 3431 1735 3501; x_wconf 87' lang='grc' dir='ltr'>μεγαλειό-</span> 
     </span>
    </p>
   </div>
   <div class='ocr_carea' id='block_1_54' title="bbox 139 3520 1535 3596">
    <p class='ocr_par' dir='ltr' id='par_1_54' title="bbox 139 3520 1535 3596">
     <span class='ocr_line' id='line_1_54' title="bbox 139 3520 1535 3596; baseline -0.004 -17"><span class='ocrx_word' id='word_1_331' title='bbox 139 3541 289 3596; x_wconf 87' lang='grc' dir='ltr'>τητα</span> <span class='ocrx_word' id='word_1_332' title='bbox 313 3523 479 3578; x_wconf 80' lang='grc' dir='ltr'>αὐτοῦ</span> <span class='ocrx_word' id='word_1_333' title='bbox 499 3524 586 3577; x_wconf 85' lang='grc' dir='ltr'>διὰ</span> <span class='ocrx_word' id='word_1_334' title='bbox 613 3524 711 3594; x_wconf 79' lang='grc' dir='ltr'>τῆς</span> <span class='ocrx_word' id='word_1_335' title='bbox 743 3520 926 3591; x_wconf 81' lang='grc' dir='ltr'>ἰσχύος</span> <span class='ocrx_word' id='word_1_336' title='bbox 958 3521 1052 3574; x_wconf 80' lang='grc' dir='ltr'>τοῦ</span> <span class='ocrx_word' id='word_1_337' title='bbox 1083 3521 1315 3575; x_wconf 88' lang='grc' dir='ltr'>θανάτου</span> <span class='ocrx_word' id='word_1_338' title='bbox 1350 3522 1535 3575; x_wconf 80' lang='grc' dir='ltr'>αὑτοῦ.</span> 
     </span>
    </p>
   </div>
   <div class='ocr_carea' id='block_1_55' title="bbox 214 3612 1731 3686">
    <p class='ocr_par' dir='ltr' id='par_1_55' title="bbox 214 3612 1731 3686">
     <span class='ocr_line' id='line_1_55' title="bbox 214 3612 1731 3686; baseline -0.001 -15"><span class='ocrx_word' id='word_1_339' title='bbox 214 3616 309 3672; x_wconf 85' lang='grc'>10.</span> <span class='ocrx_word' id='word_1_340' title='bbox 342 3615 448 3669; x_wconf 76' lang='grc' dir='ltr'>Καὶ</span> <span class='ocrx_word' id='word_1_341' title='bbox 472 3614 546 3685; x_wconf 82' lang='lat'>(5)</span> <span class='ocrx_word' id='word_1_342' title='bbox 570 3614 730 3677; x_wconf 74' lang='grc' dir='ltr'>αὐτὸς</span> <span class='ocrx_word' id='word_1_343' title='bbox 749 3615 776 3667; x_wconf 93' lang='lat'>6</span> <span class='ocrx_word' id='word_1_344' title='bbox 796 3612 995 3685; x_wconf 84' lang='grc' dir='ltr'>Κύριος</span> <span class='ocrx_word' id='word_1_345' title='bbox 1022 3613 1177 3683; x_wconf 84' lang='grc' dir='ltr'>ἡμῶν</span> <span class='ocrx_word' id='word_1_346' title='bbox 1195 3612 1560 3686; x_wconf 83' lang='grc' dir='ltr'>δυνατώτερός</span> <span class='ocrx_word' id='word_1_347' title='bbox 1586 3617 1731 3669; x_wconf 82' lang='grc' dir='ltr'>ἐστιν</span> 
     </span>
    </p>
   </div>
   <div class='ocr_carea' id='block_1_56' title="bbox 144 3703 1729 3778">
    <p class='ocr_par' dir='ltr' id='par_1_56' title="bbox 144 3703 1729 3778">
     <span class='ocr_line' id='line_1_56' title="bbox 144 3703 1729 3778; baseline -0.001 -17"><span class='ocrx_word' id='word_1_348' title='bbox 144 3707 297 3778; x_wconf 79' lang='grc' dir='ltr'>ὑπὲρ</span> <span class='ocrx_word' id='word_1_349' title='bbox 327 3706 534 3767; x_wconf 83' lang='grc' dir='ltr'>πάντας</span> <span class='ocrx_word' id='word_1_350' title='bbox 558 3706 682 3767; x_wconf 86' lang='grc' dir='ltr'>τοὺς</span> <span class='ocrx_word' id='word_1_351' title='bbox 727 3703 902 3769; x_wconf 84' lang='grc' dir='ltr'>θεοὺς,</span> <span class='ocrx_word' id='word_1_352' title='bbox 949 3703 1109 3775; x_wconf 79' lang='grc' dir='ltr'>οἵπερ</span> <span class='ocrx_word' id='word_1_353' title='bbox 1142 3705 1247 3757; x_wconf 82' lang='grc' dir='ltr'>εἰσί</span> <span class='ocrx_word' id='word_1_354' title='bbox 1281 3703 1562 3775; x_wconf 85' lang='grc' dir='ltr'>λεγόμενοι</span> <span class='ocrx_word' id='word_1_355' title='bbox 1611 3707 1729 3777; x_wconf 82' lang='grc' dir='ltr'>μὲν,</span> 
     </span>
    </p>
   </div>
   <div class='ocr_carea' id='block_1_57' title="bbox 142 3793 1723 3868">
    <p class='ocr_par' dir='ltr' id='par_1_57' title="bbox 142 3793 1723 3868">
     <span class='ocr_line' id='line_1_57' title="bbox 142 3793 1723 3868; baseline -0.001 -17"><span class='ocrx_word' id='word_1_356' title='bbox 142 3799 247 3851; x_wconf 80' lang='grc' dir='ltr'>οὐκ</span> <span class='ocrx_word' id='word_1_357' title='bbox 281 3797 434 3859; x_wconf 76' lang='grc' dir='ltr'>ὄντες</span> <span class='ocrx_word' id='word_1_358' title='bbox 465 3796 520 3849; x_wconf 84' lang='grc' dir='ltr'>δὲ</span> <span class='ocrx_word' id='word_1_359' title='bbox 555 3795 689 3859; x_wconf 76' lang='grc' dir='ltr'>θεοὶ,</span> <span class='ocrx_word' id='word_1_360' title='bbox 720 3795 829 3847; x_wconf 75' lang='grc' dir='ltr'>εἴτε</span> <span class='ocrx_word' id='word_1_361' title='bbox 858 3796 916 3847; x_wconf 85' lang='grc' dir='ltr'>ἐν</span> <span class='ocrx_word' id='word_1_362' title='bbox 947 3793 1026 3864; x_wconf 86' lang='grc' dir='ltr'>τῷ</span> <span class='ocrx_word' id='word_1_363' title='bbox 1054 3794 1289 3866; x_wconf 79' lang='grc' dir='ltr'>οὐρανῷ,</span> <span class='ocrx_word' id='word_1_364' title='bbox 1321 3794 1430 3847; x_wconf 81' lang='grc' dir='ltr'>εἴτε</span> <span class='ocrx_word' id='word_1_365' title='bbox 1459 3797 1515 3848; x_wconf 80' lang='grc' dir='ltr'>ἐν</span> <span class='ocrx_word' id='word_1_366' title='bbox 1540 3799 1606 3867; x_wconf 84' lang='grc' dir='ltr'>τῇ</span> <span class='ocrx_word' id='word_1_367' title='bbox 1631 3800 1723 3868; x_wconf 81' lang='grc' dir='ltr'>γῇ.</span> 
     </span>
    </p>
   </div>
   <div class='ocr_carea' id='block_1_58' title="bbox 218 3885 1732 3958">
    <p class='ocr_par' dir='ltr' id='par_1_58' title="bbox 218 3885 1732 3958">
     <span class='ocr_line' id='line_1_58' title="bbox 218 3885 1732 3958; baseline -0.002 -15"><span class='ocrx_word' id='word_1_368' title='bbox 218 3889 315 3954; x_wconf 85' lang='grc'>11,</span> <span class='ocrx_word' id='word_1_369' title='bbox 358 3888 442 3942; x_wconf 74' lang='grc'>12.</span> <span class='ocrx_word' id='word_1_370' title='bbox 476 3887 552 3958; x_wconf 83' lang='grc'>(6)</span> <span class='ocrx_word' id='word_1_371' title='bbox 587 3886 676 3957; x_wconf 89' lang='grc' dir='ltr'>Τῷ</span> <span class='ocrx_word' id='word_1_372' title='bbox 703 3886 810 3956; x_wconf 80' lang='grc' dir='ltr'>γὰρ</span> <span class='ocrx_word' id='word_1_373' title='bbox 854 3886 1154 3955; x_wconf 84' lang='grc' dir='ltr'>βουλήματι</span> <span class='ocrx_word' id='word_1_374' title='bbox 1186 3885 1352 3938; x_wconf 77' lang='grc' dir='ltr'>αὐτοῦ</span> <span class='ocrx_word' id='word_1_375' title='bbox 1393 3885 1565 3950; x_wconf 74' lang='grc' dir='ltr'>οὐδεὶς</span> <span class='ocrx_word' id='word_1_376' title='bbox 1609 3886 1732 3942; x_wconf 74' lang='grc' dir='ltr'>οὔτε</span> 
     </span>
    </p>
   </div>
   <div class='ocr_carea' id='block_1_59' title="bbox 145 3978 1282 4051">
    <p class='ocr_par' dir='ltr' id='par_1_59' title="bbox 145 3978 1282 4051">
     <span class='ocr_line' id='line_1_59' title="bbox 145 3978 1282 4051; baseline -0.005 -14"><span class='ocrx_word' id='word_1_377' title='bbox 145 3981 470 4051; x_wconf 75' lang='grc' dir='ltr'>ἀντιστῆναι</span> <span class='ocrx_word' id='word_1_378' title='bbox 503 3979 751 4051; x_wconf 78' lang='grc' dir='ltr'>ἐδυνήθη,</span> <span class='ocrx_word' id='word_1_379' title='bbox 784 3978 906 4031; x_wconf 74' lang='grc' dir='ltr'>οὔτε</span> <span class='ocrx_word' id='word_1_380' title='bbox 943 3978 1282 4032; x_wconf 84' lang='grc' dir='ltr'>ἀνθίσταται.</span> 
     </span>
    </p>
   </div>
   <div class='ocr_carea' id='block_1_60' title="bbox 212 4068 1734 4141">
    <p class='ocr_par' dir='ltr' id='par_1_60' title="bbox 212 4068 1734 4141">
     <span class='ocr_line' id='line_1_60' title="bbox 212 4068 1734 4141; baseline -0.004 -14"><span class='ocrx_word' id='word_1_381' title='bbox 212 4074 306 4127; x_wconf 79' lang='grc'>15.</span> <span class='ocrx_word' id='word_1_382' title='bbox 335 4070 440 4125; x_wconf 77' lang='grc' dir='ltr'>Καὶ</span> <span class='ocrx_word' id='word_1_383' title='bbox 472 4073 530 4124; x_wconf 81' lang='grc' dir='ltr'>ἐν</span> <span class='ocrx_word' id='word_1_384' title='bbox 578 4070 658 4141; x_wconf 85' lang='grc' dir='ltr'>τῷ</span> <span class='ocrx_word' id='word_1_385' title='bbox 687 4068 921 4140; x_wconf 83' lang='grc' dir='ltr'>οὐρανῷ,</span> <span class='ocrx_word' id='word_1_386' title='bbox 947 4070 1042 4123; x_wconf 74' lang='grc' dir='ltr'>καὶ</span> <span class='ocrx_word' id='word_1_387' title='bbox 1074 4071 1130 4121; x_wconf 85' lang='grc' dir='ltr'>ἐν</span> <span class='ocrx_word' id='word_1_388' title='bbox 1161 4072 1227 4140; x_wconf 84' lang='grc' dir='ltr'>τῇ</span> <span class='ocrx_word' id='word_1_389' title='bbox 1260 4071 1355 4141; x_wconf 81' lang='grc' dir='ltr'>γῇ,</span> <span class='ocrx_word' id='word_1_390' title='bbox 1402 4070 1499 4122; x_wconf 68' lang='grc' dir='ltr'>καὶ</span> <span class='ocrx_word' id='word_1_391' title='bbox 1522 4072 1579 4123; x_wconf 83' lang='grc' dir='ltr'>ἐν</span> <span class='ocrx_word' id='word_1_392' title='bbox 1620 4071 1734 4132; x_wconf 85' lang='grc' dir='ltr'>τοῖς</span> 
     </span>
    </p>
   </div>
   <div class='ocr_carea' id='block_1_61' title="bbox 147 4160 1735 4234">
    <p class='ocr_par' dir='ltr' id='par_1_61' title="bbox 147 4160 1735 4234">
     <span class='ocr_line' id='line_1_61' title="bbox 147 4160 1735 4234; baseline -0.002 -17"><span class='ocrx_word' id='word_1_393' title='bbox 147 4165 309 4219; x_wconf 74' lang='grc' dir='ltr'>ὕδασι</span> <span class='ocrx_word' id='word_1_394' title='bbox 328 4162 422 4216; x_wconf 83' lang='grc' dir='ltr'>τοῦ</span> <span class='ocrx_word' id='word_1_395' title='bbox 457 4162 831 4234; x_wconf 88' lang='grc' dir='ltr'>βαπτίσματος</span> <span class='ocrx_word' id='word_1_396' title='bbox 860 4164 915 4214; x_wconf 88' lang='grc' dir='ltr'>ἐν</span> <span class='ocrx_word' id='word_1_397' title='bbox 948 4160 1026 4230; x_wconf 86' lang='grc' dir='ltr'>τῷ</span> <span class='ocrx_word' id='word_1_398' title='bbox 1080 4160 1295 4231; x_wconf 82' lang='grc' dir='ltr'>θανάτῳ</span> <span class='ocrx_word' id='word_1_399' title='bbox 1333 4160 1527 4214; x_wconf 81' lang='grc' dir='ltr'>ἑαυτοῦ</span> <span class='ocrx_word' id='word_1_400' title='bbox 1556 4162 1735 4215; x_wconf 86' lang='grc' dir='ltr'>πάντα</span> 
     </span>
    </p>
   </div>
   <div class='ocr_carea' id='block_1_62' title="bbox 146 4253 1733 4328">
    <p class='ocr_par' dir='ltr' id='par_1_62' title="bbox 146 4253 1733 4328">
     <span class='ocr_line' id='line_1_62' title="bbox 146 4253 1733 4328; baseline -0.003 -18"><span class='ocrx_word' id='word_1_401' title='bbox 146 4259 249 4312; x_wconf 79' lang='grc' dir='ltr'>ὅσα.</span> <span class='ocrx_word' id='word_1_402' title='bbox 278 4256 563 4328; x_wconf 72' lang='grc' dir='ltr'>ἠθέλησεν,</span> <span class='ocrx_word' id='word_1_403' title='bbox 611 4255 856 4327; x_wconf 82' lang='grc' dir='ltr'>ἐποίησε,</span> <span class='ocrx_word' id='word_1_404' title='bbox 906 4253 1126 4316; x_wconf 76' lang='grc' dir='ltr'>καὶτὰς</span> <span class='ocrx_word' id='word_1_405' title='bbox 1166 4254 1415 4317; x_wconf 76' lang='grc' dir='ltr'>ἐναντίας</span> <span class='ocrx_word' id='word_1_406' title='bbox 1475 4254 1733 4326; x_wconf 82' lang='grc' dir='ltr'>δυνάμεις</span> 
     </span>
    </p>
   </div>
   <div class='ocr_carea' id='block_1_63' title="bbox 150 4349 496 4419">
    <p class='ocr_par' dir='ltr' id='par_1_63' title="bbox 150 4349 496 4419">
     <span class='ocr_line' id='line_1_63' title="bbox 150 4349 496 4419; baseline -0.006 -16"><span class='ocrx_word' id='word_1_407' title='bbox 150 4349 496 4419; x_wconf 73' lang='grc' dir='ltr'>συνέτριψεν.</span> 
     </span>
    </p>
   </div>
   <div class='ocr_carea' id='block_1_64' title="bbox 221 4434 1734 4509">
    <p class='ocr_par' dir='ltr' id='par_1_64' title="bbox 221 4434 1734 4509">
     <span class='ocr_line' id='line_1_64' title="bbox 221 4434 1734 4509; baseline -0.003 -16"><span class='ocrx_word' id='word_1_408' title='bbox 221 4440 311 4494; x_wconf 68' lang='lat' dir='ltr'><strong>ﬂ.</strong></span> <span class='ocrx_word' id='word_1_409' title='bbox 363 4441 477 4492; x_wconf 81' lang='grc' dir='ltr'>Ἐπ’</span> <span class='ocrx_word' id='word_1_410' title='bbox 507 4438 736 4509; x_wconf 82' lang='grc' dir='ltr'>ἐσχάτου</span> <span class='ocrx_word' id='word_1_411' title='bbox 760 4436 869 4490; x_wconf 90' lang='grc' dir='ltr'>τῶν</span> <span class='ocrx_word' id='word_1_412' title='bbox 896 4436 1118 4508; x_wconf 85' lang='grc' dir='ltr'>ἡμερῶν</span> <span class='ocrx_word' id='word_1_413' title='bbox 1145 4434 1237 4488; x_wconf 78' lang='grc' dir='ltr'>τοῦ</span> <span class='ocrx_word' id='word_1_414' title='bbox 1267 4436 1473 4506; x_wconf 82' lang='grc' dir='ltr'>κόσμου</span> <span class='ocrx_word' id='word_1_415' title='bbox 1497 4435 1734 4501; x_wconf 82' lang='grc' dir='ltr'>ἀνέδειξε</span> 
     </span>
    </p>
   </div>
   <div class='ocr_carea' id='block_1_65' title="bbox 150 4526 1736 4605">
    <p class='ocr_par' dir='ltr' id='par_1_65' title="bbox 150 4526 1736 4605">
     <span class='ocr_line' id='line_1_65' title="bbox 150 4526 1736 4605; baseline -0.002 -22"><span class='ocrx_word' id='word_1_416' title='bbox 150 4532 441 4605; x_wconf 76' lang='grc' dir='ltr'>προφήτας</span> <span class='ocrx_word' id='word_1_417' title='bbox 487 4532 613 4593; x_wconf 77' lang='grc' dir='ltr'>τοὺς</span> <span class='ocrx_word' id='word_1_418' title='bbox 644 4531 772 4599; x_wconf 81' lang='grc' dir='ltr'>περὶ</span> <span class='ocrx_word' id='word_1_419' title='bbox 806 4526 895 4582; x_wconf 90' lang='grc' dir='ltr'>τὸν</span> <span class='ocrx_word' id='word_1_420' title='bbox 924 4526 1164 4596; x_wconf 79' lang='grc' dir='ltr'>’Ἃγαϐον</span> <span class='ocrx_word' id='word_1_421' title='bbox 1217 4526 1315 4597; x_wconf 85' lang='lat'>(7),</span> <span class='ocrx_word' id='word_1_422' title='bbox 1353 4526 1446 4579; x_wconf 82' lang='grc' dir='ltr'>καί</span> <span class='ocrx_word' id='word_1_423' title='bbox 1474 4526 1736 4595; x_wconf 84' lang='grc' dir='ltr'>Συμεῶνα</span> 
     </span>
    </p>
   </div>
   <div class='ocr_carea' id='block_1_66' title="bbox 158 4616 1732 4693">
    <p class='ocr_par' dir='ltr' id='par_1_66' title="bbox 158 4616 1732 4693">
     <span class='ocr_line' id='line_1_66' title="bbox 158 4616 1732 4693; baseline -0.003 -17"><span class='ocrx_word' id='word_1_424' title='bbox 158 4623 242 4677; x_wconf 78' lang='grc' dir='ltr'>ιὸν</span> <span class='ocrx_word' id='word_1_425' title='bbox 266 4622 598 4693; x_wconf 87' lang='grc' dir='ltr'>καλούμενον</span> <span class='ocrx_word' id='word_1_426' title='bbox 634 4621 846 4691; x_wconf 82' lang='grc' dir='ltr'>Νῆγερ,</span> <span class='ocrx_word' id='word_1_427' title='bbox 892 4620 989 4671; x_wconf 73' lang='grc' dir='ltr'>καὶ</span> <span class='ocrx_word' id='word_1_428' title='bbox 1014 4618 1242 4672; x_wconf 89' lang='grc' dir='ltr'>Λούκιον</span> <span class='ocrx_word' id='word_1_429' title='bbox 1275 4616 1366 4670; x_wconf 89' lang='grc' dir='ltr'>τὸν</span> <span class='ocrx_word' id='word_1_430' title='bbox 1410 4616 1732 4688; x_wconf 86' lang='grc' dir='ltr'>Κυρηναῖον,</span> 
     </span>
    </p>
   </div>
   <div class='ocr_carea' id='block_1_67' title="bbox 159 4708 1732 4784">
    <p class='ocr_par' dir='ltr' id='par_1_67' title="bbox 159 4708 1732 4784">
     <span class='ocr_line' id='line_1_67' title="bbox 159 4708 1732 4784; baseline -0.007 -11"><span class='ocrx_word' id='word_1_431' title='bbox 159 4716 250 4773; x_wconf 64' lang='grc' dir='ltr'>καὶ</span> <span class='ocrx_word' id='word_1_432' title='bbox 281 4715 512 4784; x_wconf 84' lang='grc' dir='ltr'>Μαναῆν</span> <span class='ocrx_word' id='word_1_433' title='bbox 533 4713 624 4767; x_wconf 88' lang='grc' dir='ltr'>τὸν</span> <span class='ocrx_word' id='word_1_434' title='bbox 664 4711 902 4784; x_wconf 80' lang='grc' dir='ltr'>Ἡρώδου</span> <span class='ocrx_word' id='word_1_435' title='bbox 948 4710 1043 4764; x_wconf 78' lang='grc' dir='ltr'>τοῦ</span> <span class='ocrx_word' id='word_1_436' title='bbox 1085 4709 1382 4780; x_wconf 85' lang='grc' dir='ltr'>τετράρχου</span> <span class='ocrx_word' id='word_1_437' title='bbox 1418 4708 1732 4779; x_wconf 85' lang='grc' dir='ltr'>σύντροφον.</span> 
     </span>
    </p>
   </div>
   <div class='ocr_carea' id='block_1_68' title="bbox 225 4797 1735 4869">
    <p class='ocr_par' dir='ltr' id='par_1_68' title="bbox 225 4797 1735 4869">
     <span class='ocr_line' id='line_1_68' title="bbox 225 4797 1735 4869; baseline -0.003 -12"><span class='ocrx_word' id='word_1_438' title='bbox 225 4803 315 4858; x_wconf 80' lang='grc'>15.</span> <span class='ocrx_word' id='word_1_439' title='bbox 345 4804 484 4865; x_wconf 84' lang='grc' dir='ltr'>Τοὺς</span> <span class='ocrx_word' id='word_1_440' title='bbox 508 4800 843 4864; x_wconf 85' lang='grc' dir='ltr'>ἀποστόλους</span> <span class='ocrx_word' id='word_1_441' title='bbox 867 4800 1031 4853; x_wconf 80' lang='grc' dir='ltr'>αὑτοῦ</span> <span class='ocrx_word' id='word_1_442' title='bbox 1060 4800 1272 4868; x_wconf 81' lang='grc' dir='ltr'>φαίνειν</span> <span class='ocrx_word' id='word_1_443' title='bbox 1298 4797 1374 4868; x_wconf 86' lang='grc' dir='ltr'>τῷ</span> <span class='ocrx_word' id='word_1_444' title='bbox 1406 4797 1596 4869; x_wconf 86' lang='grc' dir='ltr'>κόσμῳ</span> <span class='ocrx_word' id='word_1_445' title='bbox 1624 4799 1735 4852; x_wconf 87' lang='grc' dir='ltr'>ἀπὸ</span> 
     </span>
    </p>
   </div>
   <div class='ocr_carea' id='block_1_69' title="bbox 1908 2243 2892 2327">
    <p class='ocr_par' dir='ltr' id='par_1_69' title="bbox 1908 2243 2892 2327">
     <span class='ocr_line' id='line_1_69' title="bbox 1908 2243 2892 2327; baseline 0.017 -31"><span class='ocrx_word' id='word_1_446' title='bbox 1908 2243 1960 2297; x_wconf 89' lang='grc'>1.</span> <span class='ocrx_word' id='word_1_447' title='bbox 1997 2245 2242 2303; x_wconf 89' lang='lat' dir='ltr'><strong>Laudate</strong></span> <span class='ocrx_word' id='word_1_448' title='bbox 2265 2251 2726 2320; x_wconf 84' lang='lat' dir='ltr'><strong>pulchritudinem</strong></span> <span class='ocrx_word' id='word_1_449' title='bbox 2752 2258 2892 2327; x_wconf 85' lang='lat' dir='ltr'><strong>ejus,</strong></span> 
     </span>
    </p>
   </div>
   <div class='ocr_carea' id='block_1_70' title="bbox 1902 2336 2600 2403">
    <p class='ocr_par' dir='ltr' id='par_1_70' title="bbox 1902 2336 2600 2403">
     <span class='ocr_line' id='line_1_70' title="bbox 1902 2336 2600 2403; baseline 0.016 -13"><span class='ocrx_word' id='word_1_450' title='bbox 1902 2336 1956 2390; x_wconf 74' lang='lat'>2.</span> <span class='ocrx_word' id='word_1_451' title='bbox 1994 2336 2099 2403; x_wconf 88' lang='lat' dir='ltr'>Qui</span> <span class='ocrx_word' id='word_1_452' title='bbox 2124 2340 2173 2394; x_wconf 90' lang='lat' dir='ltr'>ei</span> <span class='ocrx_word' id='word_1_453' title='bbox 2206 2342 2407 2397; x_wconf 86' lang='lat' dir='ltr'><strong>subditi</strong></span> <span class='ocrx_word' id='word_1_454' title='bbox 2443 2347 2600 2401; x_wconf 86' lang='lat' dir='ltr'><strong>estis.</strong></span> 
     </span>
    </p>
   </div>
   <div class='ocr_carea' id='block_1_71' title="bbox 1907 2428 3019 2500">
    <p class='ocr_par' dir='ltr' id='par_1_71' title="bbox 1907 2428 3019 2500">
     <span class='ocr_line' id='line_1_71' title="bbox 1907 2428 3019 2500; baseline 0.013 -18"><span class='ocrx_word' id='word_1_455' title='bbox 1907 2428 1961 2482; x_wconf 77' lang='lat'>&#39;5.</span> <span class='ocrx_word' id='word_1_456' title='bbox 1997 2428 2376 2489; x_wconf 87' lang='lat' dir='ltr'><strong>lndesinenter</strong></span> <span class='ocrx_word' id='word_1_457' title='bbox 2408 2446 2590 2493; x_wconf 86' lang='lat' dir='ltr'><strong>mente</strong></span> <span class='ocrx_word' id='word_1_458' title='bbox 2620 2448 2864 2497; x_wconf 86' lang='lat' dir='ltr'><strong>astantes</strong></span> <span class='ocrx_word' id='word_1_459' title='bbox 2890 2442 3019 2500; x_wconf 89' lang='lat' dir='ltr'><strong>Deo.</strong></span> 
     </span>
    </p>
   </div>
   <div class='ocr_carea' id='block_1_72' title="bbox 1904 2521 2257 2581">
    <p class='ocr_par' dir='ltr' id='par_1_72' title="bbox 1904 2521 2257 2581">
     <span class='ocr_line' id='line_1_72' title="bbox 1904 2521 2257 2581; baseline 0.02 -8"><span class='ocrx_word' id='word_1_460' title='bbox 1904 2521 1959 2574; x_wconf 77' lang='grc'>4.</span> <span class='ocrx_word' id='word_1_461' title='bbox 1994 2521 2051 2575; x_wconf 84' lang='grc' dir='ltr'>1η</span> <span class='ocrx_word' id='word_1_462' title='bbox 2082 2525 2257 2581; x_wconf 70' lang='lat' dir='ltr'><strong>caelis.</strong></span> 
     </span>
    </p>
   </div>
   <div class='ocr_carea' id='block_1_73' title="bbox 1905 2609 3411 2691">
    <p class='ocr_par' dir='ltr' id='par_1_73' title="bbox 1905 2609 3411 2691">
     <span class='ocr_line' id='line_1_73' title="bbox 1905 2609 3411 2691; baseline 0.015 -27"><span class='ocrx_word' id='word_1_463' title='bbox 1905 2610 1957 2664; x_wconf 82' lang='lat'>5.</span> <span class='ocrx_word' id='word_1_464' title='bbox 1996 2609 2240 2669; x_wconf 88' lang='lat' dir='ltr'><strong>Laudate</strong></span> <span class='ocrx_word' id='word_1_465' title='bbox 2279 2614 2609 2684; x_wconf 90' lang='lat' dir='ltr'><strong>Dominum,</strong></span> <span class='ocrx_word' id='word_1_466' title='bbox 2661 2624 2920 2691; x_wconf 91' lang='lat' dir='ltr'><strong>quoniam</strong></span> <span class='ocrx_word' id='word_1_467' title='bbox 2981 2626 3251 2683; x_wconf 89' lang='lat' dir='ltr'><strong>neminem</strong></span> <span class='ocrx_word' id='word_1_468' title='bbox 3295 2631 3411 2686; x_wconf 85' lang='lat' dir='ltr'><strong>vult</strong></span> 
     </span>
    </p>
   </div>
   <div class='ocr_carea' id='block_1_74' title="bbox 1835 2698 3409 2782">
    <p class='ocr_par' dir='ltr' id='par_1_74' title="bbox 1835 2698 3409 2782">
     <span class='ocr_line' id='line_1_74' title="bbox 1835 2698 3409 2782; baseline 0.016 -33"><span class='ocrx_word' id='word_1_469' title='bbox 1835 2698 2033 2766; x_wconf 85' lang='lat' dir='ltr'><strong>perire,</strong></span> <span class='ocrx_word' id='word_1_470' title='bbox 2089 2703 2183 2756; x_wconf 92' lang='lat' dir='ltr'>sed</span> <span class='ocrx_word' id='word_1_471' title='bbox 2216 2719 2405 2759; x_wconf 92' lang='lat' dir='ltr'><strong>omnes</strong></span> <span class='ocrx_word' id='word_1_472' title='bbox 2463 2710 2647 2763; x_wconf 91' lang='lat' dir='ltr'><strong>venire</strong></span> <span class='ocrx_word' id='word_1_473' title='bbox 2699 2712 2764 2765; x_wconf 89' lang='lat' dir='ltr'>ad</span> <span class='ocrx_word' id='word_1_474' title='bbox 2801 2713 3181 2781; x_wconf 44' lang='lat' dir='ltr'><strong>paenitentiam</strong></span> <span class='ocrx_word' id='word_1_475' title='bbox 3235 2717 3303 2782; x_wconf 78' lang='lat'><strong>“,</strong></span> <span class='ocrx_word' id='word_1_476' title='bbox 3354 2731 3409 2774; x_wconf 89' lang='lat' dir='ltr'>et</span> 
     </span>
    </p>
   </div>
   <div class='ocr_carea' id='block_1_75' title="bbox 1833 2790 2528 2853">
    <p class='ocr_par' dir='ltr' id='par_1_75' title="bbox 1833 2790 2528 2853">
     <span class='ocr_line' id='line_1_75' title="bbox 1833 2790 2528 2853; baseline 0.016 -12"><span class='ocrx_word' id='word_1_477' title='bbox 1833 2790 2051 2846; x_wconf 67' lang='lat' dir='ltr'><strong>aeternis</strong></span> <span class='ocrx_word' id='word_1_478' title='bbox 2074 2794 2190 2848; x_wconf 90' lang='lat' dir='ltr'><strong>suis</strong></span> <span class='ocrx_word' id='word_1_479' title='bbox 2216 2796 2373 2851; x_wconf 83' lang='lat' dir='ltr'><strong>bonis</strong></span> <span class='ocrx_word' id='word_1_480' title='bbox 2401 2798 2528 2853; x_wconf 81' lang='lat' dir='ltr'><strong>frui.</strong></span> 
     </span>
    </p>
   </div>
   <div class='ocr_carea' id='block_1_76' title="bbox 1904 2878 3407 2965">
    <p class='ocr_par' dir='ltr' id='par_1_76' title="bbox 1904 2878 3407 2965">
     <span class='ocr_line' id='line_1_76' title="bbox 1904 2878 3407 2965; baseline 0.013 -33"><span class='ocrx_word' id='word_1_481' title='bbox 1904 2878 1960 2933; x_wconf 87' lang='lat'><em>6.</em></span> <span class='ocrx_word' id='word_1_482' title='bbox 1988 2879 2303 2938; x_wconf 85' lang='lat' dir='ltr'><strong>Gloriticate</strong></span> <span class='ocrx_word' id='word_1_483' title='bbox 2336 2901 2536 2940; x_wconf 90' lang='lat' dir='ltr'><strong>nomen</strong></span> <span class='ocrx_word' id='word_1_484' title='bbox 2570 2902 2689 2957; x_wconf 71' lang='lat' dir='ltr'><strong>ejus</strong></span> <span class='ocrx_word' id='word_1_485' title='bbox 2746 2892 2910 2946; x_wconf 89' lang='lat' dir='ltr'><strong>corde</strong></span> <span class='ocrx_word' id='word_1_486' title='bbox 2949 2908 3109 2962; x_wconf 90' lang='lat' dir='ltr'><strong>puro,</strong></span> <span class='ocrx_word' id='word_1_487' title='bbox 3147 2897 3407 2965; x_wconf 89' lang='lat' dir='ltr'><strong>quoniam</strong></span> 
     </span>
    </p>
   </div>
   <div class='ocr_carea' id='block_1_77' title="bbox 1835 2967 2666 3032">
    <p class='ocr_par' dir='ltr' id='par_1_77' title="bbox 1835 2967 2666 3032">
     <span class='ocr_line' id='line_1_77' title="bbox 1835 2967 2666 3032; baseline 0.012 -10"><span class='ocrx_word' id='word_1_488' title='bbox 1835 2967 1889 3023; x_wconf 92' lang='lat' dir='ltr'><strong>id</strong></span> <span class='ocrx_word' id='word_1_489' title='bbox 1920 2970 2075 3026; x_wconf 84' lang='lat' dir='ltr'><strong>vobis</strong></span> <span class='ocrx_word' id='word_1_490' title='bbox 2106 2973 2300 3027; x_wconf 88' lang='lat' dir='ltr'><strong>evadet</strong></span> <span class='ocrx_word' id='word_1_491' title='bbox 2332 2975 2390 3028; x_wconf 88' lang='lat' dir='ltr'><strong>in</strong></span> <span class='ocrx_word' id='word_1_492' title='bbox 2416 2977 2666 3032; x_wconf 90' lang='lat' dir='ltr'><strong>salutem.</strong></span> 
     </span>
    </p>
   </div>
   <div class='ocr_carea' id='block_1_78' title="bbox 1908 3060 3413 3143">
    <p class='ocr_par' dir='ltr' id='par_1_78' title="bbox 1908 3060 3413 3143">
     <span class='ocr_line' id='line_1_78' title="bbox 1908 3060 3413 3143; baseline 0.016 -32"><span class='ocrx_word' id='word_1_493' title='bbox 1908 3060 1959 3115; x_wconf 89' lang='lat'><em>7.</em></span> <span class='ocrx_word' id='word_1_494' title='bbox 1994 3061 2264 3141; x_wconf 81' lang='lat' dir='ltr'><strong>Quoniam</strong></span> <span class='ocrx_word' id='word_1_495' title='bbox 2295 3068 2579 3135; x_wconf 88' lang='lat' dir='ltr'><strong>populum,</strong></span> <span class='ocrx_word' id='word_1_496' title='bbox 2606 3071 2829 3138; x_wconf 87' lang='lat' dir='ltr'><strong>perinde</strong></span> <span class='ocrx_word' id='word_1_497' title='bbox 2855 3088 2917 3129; x_wconf 89' lang='lat' dir='ltr'>ac</span> <span class='ocrx_word' id='word_1_498' title='bbox 2937 3073 3221 3143; x_wconf 73' lang='lat' dir='ltr'><strong>Iacobum,</strong></span> <span class='ocrx_word' id='word_1_499' title='bbox 3249 3078 3413 3135; x_wconf 80' lang='lat' dir='ltr'><strong>corde</strong></span> 
     </span>
    </p>
   </div>
   <div class='ocr_carea' id='block_1_79' title="bbox 1837 3156 2811 3228">
    <p class='ocr_par' dir='ltr' id='par_1_79' title="bbox 1837 3156 2811 3228">
     <span class='ocr_line' id='line_1_79' title="bbox 1837 3156 2811 3228; baseline 0.004 -15"><span class='ocrx_word' id='word_1_500' title='bbox 1837 3156 2170 3228; x_wconf 86' lang='lat' dir='ltr'><strong>simplicem,</strong></span> <span class='ocrx_word' id='word_1_501' title='bbox 2200 3157 2305 3212; x_wconf 88' lang='lat' dir='ltr'><strong>sibi</strong></span> <span class='ocrx_word' id='word_1_502' title='bbox 2330 3158 2494 3226; x_wconf 78' lang='lat' dir='ltr'><strong>elegit</strong></span> <span class='ocrx_word' id='word_1_503' title='bbox 2528 3158 2811 3217; x_wconf 91' lang='lat' dir='ltr'><strong>Dominus.</strong></span> 
     </span>
    </p>
   </div>
   <div class='ocr_carea' id='block_1_80' title="bbox 1908 3248 3412 3326">
    <p class='ocr_par' dir='ltr' id='par_1_80' title="bbox 1908 3248 3412 3326">
     <span class='ocr_line' id='line_1_80' title="bbox 1908 3248 3412 3326; baseline 0.011 -23"><span class='ocrx_word' id='word_1_504' title='bbox 1908 3250 1961 3304; x_wconf 90' lang='lat'><em>8.</em></span> <span class='ocrx_word' id='word_1_505' title='bbox 1990 3248 2168 3304; x_wconf 89' lang='lat' dir='ltr'><strong>Corde</strong></span> <span class='ocrx_word' id='word_1_506' title='bbox 2186 3249 2354 3304; x_wconf 91' lang='lat' dir='ltr'><strong>Deum</strong></span> <span class='ocrx_word' id='word_1_507' title='bbox 2373 3250 2660 3325; x_wconf 77' lang='lat' dir='ltr'><strong>[videntes]</strong></span> <span class='ocrx_word' id='word_1_508' title='bbox 2680 3258 3089 3326; x_wconf 86' lang='lat' dir='ltr'><strong>acquisivitsibi</strong></span> <span class='ocrx_word' id='word_1_509' title='bbox 3111 3262 3163 3315; x_wconf 91' lang='lat' dir='ltr'><strong>in</strong></span> <span class='ocrx_word' id='word_1_510' title='bbox 3195 3262 3412 3319; x_wconf 82' lang='lat' dir='ltr'><strong>divitias</strong></span> 
     </span>
    </p>
   </div>
   <div class='ocr_carea' id='block_1_81' title="bbox 1835 3342 2618 3412">
    <p class='ocr_par' dir='ltr' id='par_1_81' title="bbox 1835 3342 2618 3412">
     <span class='ocr_line' id='line_1_81' title="bbox 1835 3342 2618 3412; baseline 0.005 -19"><span class='ocrx_word' id='word_1_511' title='bbox 1835 3355 1933 3410; x_wconf 93' lang='lat' dir='ltr'>per</span> <span class='ocrx_word' id='word_1_512' title='bbox 1959 3342 2242 3409; x_wconf 89' lang='lat' dir='ltr'><strong>proprium</strong></span> <span class='ocrx_word' id='word_1_513' title='bbox 2274 3342 2618 3412; x_wconf 81' lang='lat' dir='ltr'><strong>sanguinem.</strong></span> 
     </span>
    </p>
   </div>
   <div class='ocr_carea' id='block_1_82' title="bbox 1907 3415 3411 3511">
    <p class='ocr_par' dir='ltr' id='par_1_82' title="bbox 1907 3415 3411 3511">
     <span class='ocr_line' id='line_1_82' title="bbox 1907 3415 3411 3511; baseline 0.012 -27"><span class='ocrx_word' id='word_1_514' title='bbox 1907 3430 1959 3485; x_wconf 90' lang='lat'><em>9.</em></span> <span class='ocrx_word' id='word_1_515' title='bbox 1988 3432 2070 3486; x_wconf 90' lang='lat' dir='ltr'><strong>Ab</strong></span> <span class='ocrx_word' id='word_1_516' title='bbox 2104 3415 2224 3502; x_wconf 87' lang='lat' dir='ltr'><strong>ipso</strong></span> <span class='ocrx_word' id='word_1_517' title='bbox 2253 3434 2479 3490; x_wconf 91' lang='lat' dir='ltr'><strong>edoctus</strong></span> <span class='ocrx_word' id='word_1_518' title='bbox 2507 3437 2735 3506; x_wconf 88' lang='lat' dir='ltr'><strong>cognovi</strong></span> <span class='ocrx_word' id='word_1_519' title='bbox 2790 3441 3221 3511; x_wconf 84' lang='lat' dir='ltr'><strong>magnitudinem</strong></span> <span class='ocrx_word' id='word_1_520' title='bbox 3255 3461 3411 3501; x_wconf 88' lang='lat' dir='ltr'><strong>suam</strong></span> 
     </span>
    </p>
   </div>
   <div class='ocr_carea' id='block_1_83' title="bbox 1762 3520 2639 3593">
    <p class='ocr_par' dir='ltr' id='par_1_83' title="bbox 1762 3520 2639 3593">
     <span class='ocr_line' id='line_1_83' title="bbox 1762 3520 2639 3593; baseline 0.006 -20"><span class='ocrx_word' id='word_1_521' title='bbox 1762 3522 1804 3581; x_wconf 88' lang='lat' dir='ltr'><strong><em>C</em></strong></span> <span class='ocrx_word' id='word_1_522' title='bbox 1837 3534 1933 3589; x_wconf 88' lang='lat' dir='ltr'>per</span> <span class='ocrx_word' id='word_1_523' title='bbox 1965 3520 2223 3575; x_wconf 85' lang='lat' dir='ltr'><strong>virtutem</strong></span> <span class='ocrx_word' id='word_1_524' title='bbox 2264 3524 2459 3578; x_wconf 86' lang='lat' dir='ltr'><strong>mortis</strong></span> <span class='ocrx_word' id='word_1_525' title='bbox 2499 3525 2639 3593; x_wconf 87' lang='lat' dir='ltr'><strong>ejus.</strong></span> 
     </span>
    </p>
   </div>
   <div class='ocr_carea' id='block_1_84' title="bbox 1906 3609 3413 3697">
    <p class='ocr_par' dir='ltr' id='par_1_84' title="bbox 1906 3609 3413 3697">
     <span class='ocr_line' id='line_1_84' title="bbox 1906 3609 3413 3697; baseline 0.013 -35"><span class='ocrx_word' id='word_1_526' title='bbox 1906 3609 1993 3663; x_wconf 84' lang='grc'>10.</span> <span class='ocrx_word' id='word_1_527' title='bbox 2027 3611 2093 3664; x_wconf 91' lang='lat' dir='ltr'><strong>Et</strong></span> <span class='ocrx_word' id='word_1_528' title='bbox 2124 3613 2240 3681; x_wconf 89' lang='lat' dir='ltr'><strong>ipse</strong></span> <span class='ocrx_word' id='word_1_529' title='bbox 2269 3612 2535 3671; x_wconf 91' lang='lat' dir='ltr'><strong>Dominus</strong></span> <span class='ocrx_word' id='word_1_530' title='bbox 2590 3626 2776 3673; x_wconf 86' lang='lat' dir='ltr'><strong>noster</strong></span> <span class='ocrx_word' id='word_1_531' title='bbox 2814 3624 3085 3688; x_wconf 83' lang='lat' dir='ltr'><strong>potentior</strong></span> <span class='ocrx_word' id='word_1_532' title='bbox 3126 3633 3210 3679; x_wconf 90' lang='lat' dir='ltr'>est</span> <span class='ocrx_word' id='word_1_533' title='bbox 3251 3641 3413 3697; x_wconf 85' lang='lat' dir='ltr'><strong>super</strong></span> 
     </span>
    </p>
   </div>
   <div class='ocr_carea' id='block_1_85' title="bbox 1834 3703 3408 3783">
    <p class='ocr_par' dir='ltr' id='par_1_85' title="bbox 1834 3703 3408 3783">
     <span class='ocr_line' id='line_1_85' title="bbox 1834 3703 3408 3783; baseline 0.012 -30"><span class='ocrx_word' id='word_1_534' title='bbox 1834 3713 2025 3756; x_wconf 91' lang='lat' dir='ltr'><strong>omnes</strong></span> <span class='ocrx_word' id='word_1_535' title='bbox 2049 3703 2203 3769; x_wconf 89' lang='lat' dir='ltr'><strong>deos,</strong></span> <span class='ocrx_word' id='word_1_536' title='bbox 2232 3705 2326 3773; x_wconf 91' lang='lat' dir='ltr'><strong>qui</strong></span> <span class='ocrx_word' id='word_1_537' title='bbox 2351 3706 2455 3760; x_wconf 88' lang='lat' dir='ltr'><strong>etsi</strong></span> <span class='ocrx_word' id='word_1_538' title='bbox 2497 3706 2757 3763; x_wconf 88' lang='lat' dir='ltr'><strong>dicuntur</strong></span> <span class='ocrx_word' id='word_1_539' title='bbox 2788 3710 2886 3777; x_wconf 90' lang='lat' dir='ltr'><strong>dii,</strong></span> <span class='ocrx_word' id='word_1_540' title='bbox 2920 3726 3108 3769; x_wconf 88' lang='lat' dir='ltr'><strong>revera</strong></span> <span class='ocrx_word' id='word_1_541' title='bbox 3129 3730 3236 3769; x_wconf 90' lang='lat' dir='ltr'>non</span> <span class='ocrx_word' id='word_1_542' title='bbox 3256 3729 3408 3783; x_wconf 85' lang='lat' dir='ltr'><strong>sunt,</strong></span> 
     </span>
    </p>
   </div>
   <div class='ocr_carea' id='block_1_86' title="bbox 1833 3793 2741 3858">
    <p class='ocr_par' dir='ltr' id='par_1_86' title="bbox 1833 3793 2741 3858">
     <span class='ocr_line' id='line_1_86' title="bbox 1833 3793 2741 3858; baseline 0.011 -11"><span class='ocrx_word' id='word_1_543' title='bbox 1833 3793 1947 3847; x_wconf 86' lang='lat' dir='ltr'><strong>sive</strong></span> <span class='ocrx_word' id='word_1_544' title='bbox 1980 3793 2033 3845; x_wconf 89' lang='lat' dir='ltr'><strong>in</strong></span> <span class='ocrx_word' id='word_1_545' title='bbox 2064 3796 2224 3858; x_wconf 87' lang='lat' dir='ltr'><strong>coelo,</strong></span> <span class='ocrx_word' id='word_1_546' title='bbox 2263 3798 2377 3851; x_wconf 90' lang='lat' dir='ltr'><strong>sive</strong></span> <span class='ocrx_word' id='word_1_547' title='bbox 2409 3798 2465 3851; x_wconf 90' lang='lat' dir='ltr'>in</span> <span class='ocrx_word' id='word_1_548' title='bbox 2492 3809 2639 3855; x_wconf 89' lang='lat' dir='ltr'><strong>terra</strong></span> <span class='ocrx_word' id='word_1_549' title='bbox 2671 3801 2741 3857; x_wconf 82' lang='lat'><strong>&quot;.</strong></span> 
     </span>
    </p>
   </div>
   <div class='ocr_carea' id='block_1_87' title="bbox 1905 3886 3413 3970">
    <p class='ocr_par' dir='ltr' id='par_1_87' title="bbox 1905 3886 3413 3970">
     <span class='ocr_line' id='line_1_87' title="bbox 1905 3886 3413 3970; baseline 0.011 -32"><span class='ocrx_word' id='word_1_550' title='bbox 1905 3886 2112 3953; x_wconf 68' lang='lat'><strong>11,12.</strong></span> <span class='ocrx_word' id='word_1_551' title='bbox 2144 3887 2279 3941; x_wconf 89' lang='lat' dir='ltr'>Nam</span> <span class='ocrx_word' id='word_1_552' title='bbox 2330 3890 2598 3945; x_wconf 86' lang='lat' dir='ltr'><strong>voluntati</strong></span> <span class='ocrx_word' id='word_1_553' title='bbox 2630 3893 2751 3963; x_wconf 90' lang='lat' dir='ltr'><strong>ejus</strong></span> <span class='ocrx_word' id='word_1_554' title='bbox 2797 3910 2960 3951; x_wconf 90' lang='lat' dir='ltr'><strong>nemo</strong></span> <span class='ocrx_word' id='word_1_555' title='bbox 3010 3900 3265 3954; x_wconf 88' lang='lat' dir='ltr'><strong>resistere</strong></span> <span class='ocrx_word' id='word_1_556' title='bbox 3313 3916 3413 3970; x_wconf 88' lang='lat' dir='ltr'><strong>po-</strong></span> 
     </span>
    </p>
   </div>
   <div class='ocr_carea' id='block_1_88' title="bbox 1834 3982 2417 4048">
    <p class='ocr_par' dir='ltr' id='par_1_88' title="bbox 1834 3982 2417 4048">
     <span class='ocr_line' id='line_1_88' title="bbox 1834 3982 2417 4048; baseline 0.009 -17"><span class='ocrx_word' id='word_1_557' title='bbox 1834 3985 1959 4041; x_wconf 90' lang='lat' dir='ltr'><strong>test,</strong></span> <span class='ocrx_word' id='word_1_558' title='bbox 1987 3993 2162 4048; x_wconf 90' lang='lat' dir='ltr'><strong>neque</strong></span> <span class='ocrx_word' id='word_1_559' title='bbox 2193 3982 2417 4036; x_wconf 86' lang='lat' dir='ltr'><strong>resistit.</strong></span> 
     </span>
    </p>
   </div>
   <div class='ocr_carea' id='block_1_89' title="bbox 1904 4069 3409 4153">
    <p class='ocr_par' dir='ltr' id='par_1_89' title="bbox 1904 4069 3409 4153">
     <span class='ocr_line' id='line_1_89' title="bbox 1904 4069 3409 4153; baseline 0.01 -30"><span class='ocrx_word' id='word_1_560' title='bbox 1904 4071 1989 4125; x_wconf 78' lang='grc'>15.</span> <span class='ocrx_word' id='word_1_561' title='bbox 2027 4069 2093 4125; x_wconf 85' lang='grc' dir='ltr'>Ει</span> <span class='ocrx_word' id='word_1_562' title='bbox 2122 4071 2176 4126; x_wconf 91' lang='lat' dir='ltr'>in</span> <span class='ocrx_word' id='word_1_563' title='bbox 2204 4074 2364 4137; x_wconf 64' lang='lat' dir='ltr'><strong>caelo,</strong></span> <span class='ocrx_word' id='word_1_564' title='bbox 2394 4084 2449 4129; x_wconf 89' lang='lat' dir='ltr'>et</span> <span class='ocrx_word' id='word_1_565' title='bbox 2489 4076 2543 4129; x_wconf 88' lang='lat' dir='ltr'>in</span> <span class='ocrx_word' id='word_1_566' title='bbox 2582 4085 2749 4143; x_wconf 87' lang='lat' dir='ltr'><strong>terra,</strong></span> <span class='ocrx_word' id='word_1_567' title='bbox 2780 4088 2834 4134; x_wconf 91' lang='lat' dir='ltr'>et</span> <span class='ocrx_word' id='word_1_568' title='bbox 2868 4079 2922 4134; x_wconf 92' lang='lat' dir='ltr'><strong>in</strong></span> <span class='ocrx_word' id='word_1_569' title='bbox 2951 4083 3109 4151; x_wconf 87' lang='lat' dir='ltr'><strong>aquis</strong></span> <span class='ocrx_word' id='word_1_570' title='bbox 3152 4083 3409 4153; x_wconf 82' lang='lat' dir='ltr'><strong>baptismi</strong></span> 
     </span>
    </p>
   </div>
   <div class='ocr_carea' id='block_1_90' title="bbox 1834 4162 3416 4240">
    <p class='ocr_par' dir='ltr' id='par_1_90' title="bbox 1834 4162 3416 4240">
     <span class='ocr_line' id='line_1_90' title="bbox 1834 4162 3416 4240; baseline 0.01 -25"><span class='ocrx_word' id='word_1_571' title='bbox 1834 4162 1889 4215; x_wconf 90' lang='lat' dir='ltr'>in</span> <span class='ocrx_word' id='word_1_572' title='bbox 1921 4172 2095 4218; x_wconf 87' lang='lat' dir='ltr'><strong>morte</strong></span> <span class='ocrx_word' id='word_1_573' title='bbox 2119 4180 2219 4219; x_wconf 92' lang='lat' dir='ltr'>sua</span> <span class='ocrx_word' id='word_1_574' title='bbox 2243 4168 2447 4232; x_wconf 89' lang='lat' dir='ltr'><strong>omnia,</strong></span> <span class='ocrx_word' id='word_1_575' title='bbox 2470 4184 2809 4240; x_wconf 71' lang='lat' dir='ltr'><strong>quaecunque</strong></span> <span class='ocrx_word' id='word_1_576' title='bbox 2836 4173 3009 4227; x_wconf 88' lang='lat' dir='ltr'><strong>voluit</strong></span> <span class='ocrx_word' id='word_1_577' title='bbox 3040 4174 3188 4240; x_wconf 84' lang='lat' dir='ltr'><strong>fecit,</strong></span> <span class='ocrx_word' id='word_1_578' title='bbox 3210 4190 3416 4231; x_wconf 49' lang='lat' dir='ltr'><strong>edon—</strong></span> 
     </span>
    </p>
   </div>
   <div class='ocr_carea' id='block_1_91' title="bbox 1836 4254 2669 4325">
    <p class='ocr_par' dir='ltr' id='par_1_91' title="bbox 1836 4254 2669 4325">
     <span class='ocr_line' id='line_1_91' title="bbox 1836 4254 2669 4325; baseline 0.01 -18"><span class='ocrx_word' id='word_1_579' title='bbox 1836 4254 2035 4310; x_wconf 87' lang='lat' dir='ltr'><strong>trarias</strong></span> <span class='ocrx_word' id='word_1_580' title='bbox 2068 4264 2368 4325; x_wconf 86' lang='lat' dir='ltr'><strong>potestates</strong></span> <span class='ocrx_word' id='word_1_581' title='bbox 2393 4260 2669 4315; x_wconf 84' lang='lat' dir='ltr'><strong>contrivit.</strong></span> 
     </span>
    </p>
   </div>
   <div class='ocr_carea' id='block_1_92' title="bbox 1910 4435 3411 4516">
    <p class='ocr_par' dir='ltr' id='par_1_92' title="bbox 1910 4435 3411 4516">
     <span class='ocr_line' id='line_1_92' title="bbox 1910 4435 3411 4516; baseline 0.009 -27"><span class='ocrx_word' id='word_1_582' title='bbox 1910 4436 1995 4490; x_wconf 74' lang='lat' dir='ltr'><strong>M.</strong></span> <span class='ocrx_word' id='word_1_583' title='bbox 2034 4435 2256 4493; x_wconf 89' lang='lat' dir='ltr'><strong>Ultimis</strong></span> <span class='ocrx_word' id='word_1_584' title='bbox 2309 4439 2502 4496; x_wconf 84' lang='lat' dir='ltr'><strong>diebus</strong></span> <span class='ocrx_word' id='word_1_585' title='bbox 2564 4443 2755 4497; x_wconf 91' lang='lat' dir='ltr'><strong>mundi</strong></span> <span class='ocrx_word' id='word_1_586' title='bbox 2815 4447 3055 4501; x_wconf 89' lang='lat' dir='ltr'><strong>ostendit</strong></span> <span class='ocrx_word' id='word_1_587' title='bbox 3117 4446 3411 4516; x_wconf 84' lang='lat' dir='ltr'><strong>prophetas</strong></span> 
     </span>
    </p>
   </div>
   <div class='ocr_carea' id='block_1_93' title="bbox 1837 4528 3409 4606">
    <p class='ocr_par' dir='ltr' id='par_1_93' title="bbox 1837 4528 3409 4606">
     <span class='ocr_line' id='line_1_93' title="bbox 1837 4528 3409 4606; baseline 0.008 -26"><span class='ocrx_word' id='word_1_588' title='bbox 1837 4528 2079 4598; x_wconf 85' lang='lat' dir='ltr'><strong>Agabum</strong></span> <span class='ocrx_word' id='word_1_589' title='bbox 2110 4539 2164 4584; x_wconf 89' lang='lat' dir='ltr'>et</span> <span class='ocrx_word' id='word_1_590' title='bbox 2192 4530 2492 4597; x_wconf 89' lang='lat' dir='ltr'><strong>Simonem,</strong></span> <span class='ocrx_word' id='word_1_591' title='bbox 2528 4534 2621 4601; x_wconf 88' lang='lat' dir='ltr'>qui</span> <span class='ocrx_word' id='word_1_592' title='bbox 2644 4535 2937 4589; x_wconf 86' lang='lat' dir='ltr'><strong>vocabatur</strong></span> <span class='ocrx_word' id='word_1_593' title='bbox 2967 4536 3155 4606; x_wconf 83' lang='lat' dir='ltr'><strong>Niger,</strong></span> <span class='ocrx_word' id='word_1_594' title='bbox 3199 4545 3252 4592; x_wconf 87' lang='lat' dir='ltr'>et</span> <span class='ocrx_word' id='word_1_595' title='bbox 3297 4536 3409 4592; x_wconf 87' lang='lat' dir='ltr'><strong>Lu-</strong></span> 
     </span>
    </p>
   </div>
   <div class='ocr_carea' id='block_1_94' title="bbox 1838 4619 3412 4697">
    <p class='ocr_par' dir='ltr' id='par_1_94' title="bbox 1838 4619 3412 4697">
     <span class='ocr_line' id='line_1_94' title="bbox 1838 4619 3412 4697; baseline 0.006 -22"><span class='ocrx_word' id='word_1_596' title='bbox 1838 4622 1980 4675; x_wconf 90' lang='lat' dir='ltr'><strong>cium</strong></span> <span class='ocrx_word' id='word_1_597' title='bbox 2002 4619 2372 4691; x_wconf 87' lang='lat' dir='ltr'><strong>Cyrenensem</strong></span> <span class='ocrx_word' id='word_1_598' title='bbox 2398 4666 2415 4691; x_wconf 97' lang='lat'>,</span> <span class='ocrx_word' id='word_1_599' title='bbox 2458 4633 2512 4679; x_wconf 90' lang='lat' dir='ltr'>et</span> <span class='ocrx_word' id='word_1_600' title='bbox 2541 4626 2832 4693; x_wconf 85' lang='lat' dir='ltr'><strong>Manahen,</strong></span> <span class='ocrx_word' id='word_1_601' title='bbox 2868 4628 2962 4697; x_wconf 90' lang='lat' dir='ltr'>qui</span> <span class='ocrx_word' id='word_1_602' title='bbox 3016 4637 3133 4681; x_wconf 88' lang='lat' dir='ltr'><strong>erat</strong></span> <span class='ocrx_word' id='word_1_603' title='bbox 3180 4627 3412 4685; x_wconf 80' lang='lat' dir='ltr'><strong>Herodis</strong></span> 
     </span>
    </p>
   </div>
   <div class='ocr_carea' id='block_1_95' title="bbox 1839 4714 2625 4773">
    <p class='ocr_par' dir='ltr' id='par_1_95' title="bbox 1839 4714 2625 4773">
     <span class='ocr_line' id='line_1_95' title="bbox 1839 4714 2625 4773; baseline 0.008 -6"><span class='ocrx_word' id='word_1_604' title='bbox 1839 4714 2126 4768; x_wconf 85' lang='lat' dir='ltr'><strong>tetrarchae</strong></span> <span class='ocrx_word' id='word_1_605' title='bbox 2157 4716 2525 4772; x_wconf 80' lang='lat' dir='ltr'><strong>collactaneus</strong></span> <span class='ocrx_word' id='word_1_606' title='bbox 2558 4718 2625 4773; x_wconf 69' lang='grc'>⁸⁸.</span> 
     </span>
    </p>
   </div>
   <div class='ocr_carea' id='block_1_96' title="bbox 1912 4804 3415 4881">
    <p class='ocr_par' dir='ltr' id='par_1_96' title="bbox 1912 4804 3415 4881">
     <span class='ocr_line' id='line_1_96' title="bbox 1912 4804 3415 4881; baseline 0.007 -23"><span class='ocrx_word' id='word_1_607' title='bbox 1912 4804 1999 4859; x_wconf 80' lang='grc'>15.</span> <span class='ocrx_word' id='word_1_608' title='bbox 2058 4805 2352 4876; x_wconf 87' lang='lat' dir='ltr'><strong>Apostolos</strong></span> <span class='ocrx_word' id='word_1_609' title='bbox 2421 4809 2540 4878; x_wconf 88' lang='lat' dir='ltr'><strong>ejus</strong></span> <span class='ocrx_word' id='word_1_610' title='bbox 2603 4826 2864 4881; x_wconf 88' lang='lat' dir='ltr'><strong>apparere</strong></span> <span class='ocrx_word' id='word_1_611' title='bbox 2912 4811 3039 4867; x_wconf 85' lang='lat' dir='ltr'><strong>fecit</strong></span> <span class='ocrx_word' id='word_1_612' title='bbox 3078 4815 3284 4870; x_wconf 87' lang='lat' dir='ltr'><strong>mundo</strong></span> <span class='ocrx_word' id='word_1_613' title='bbox 3344 4814 3415 4868; x_wconf 81' lang='lat' dir='ltr'>ab</span> 
     </span>
    </p>
   </div>
   <div class='ocr_carea' id='block_1_97' title="bbox 162 4869 1761 4972">
    <p class='ocr_par' dir='ltr' id='par_1_97' title="bbox 162 4887 1733 4965">
     <span class='ocr_line' id='line_1_97' title="bbox 162 4887 1733 4965; baseline -0.005 -13"><span class='ocrx_word' id='word_1_614' title='bbox 162 4894 429 4952; x_wconf 70' lang='grc' dir='ltr'>ὶνατολῶν</span> <span class='ocrx_word' id='word_1_615' title='bbox 462 4893 540 4965; x_wconf 88' lang='grc'>(8)</span> <span class='ocrx_word' id='word_1_616' title='bbox 571 4893 663 4946; x_wconf 73' lang='grc' dir='ltr'>καὶ</span> <span class='ocrx_word' id='word_1_617' title='bbox 692 4892 795 4956; x_wconf 76' lang='grc' dir='ltr'>ἕως</span> <span class='ocrx_word' id='word_1_618' title='bbox 819 4890 1060 4961; x_wconf 83' lang='grc' dir='ltr'>δυσμῶν,</span> <span class='ocrx_word' id='word_1_619' title='bbox 1086 4890 1180 4943; x_wconf 83' lang='grc' dir='ltr'>καὶ</span> <span class='ocrx_word' id='word_1_620' title='bbox 1214 4889 1287 4951; x_wconf 86' lang='grc' dir='ltr'>ὡς</span> <span class='ocrx_word' id='word_1_621' title='bbox 1310 4887 1463 4939; x_wconf 83' lang='grc' dir='ltr'>ὑετὸν</span> <span class='ocrx_word' id='word_1_622' title='bbox 1487 4888 1733 4944; x_wconf 84' lang='grc' dir='ltr'>κατιέναι</span> 
     </span>
    </p>
   </div>
   <div class='ocr_carea' id='block_1_98' title="bbox 1884 4869 3415 4972">
    <p class='ocr_par' dir='ltr' id='par_1_98' title="bbox 1884 4869 3415 4972">
     <span class='ocr_line' id='line_1_98' title="bbox 1884 4869 3415 4972; baseline 0.005 -23"><span class='ocrx_word' id='word_1_623' title='bbox 1884 4895 2047 4949; x_wconf 90' lang='lat' dir='ltr'><strong>riente</strong></span> <span class='ocrx_word' id='word_1_624' title='bbox 2072 4869 2243 4966; x_wconf 79' lang='lat' dir='ltr'><strong>usque</strong></span> <span class='ocrx_word' id='word_1_625' title='bbox 2294 4898 2349 4952; x_wconf 89' lang='lat' dir='ltr'>in</span> <span class='ocrx_word' id='word_1_626' title='bbox 2389 4869 2819 4965; x_wconf 69' lang='lat' dir='ltr'><strong>occidentem,et</strong></span> <span class='ocrx_word' id='word_1_627' title='bbox 2853 4902 3021 4957; x_wconf 89' lang='lat' dir='ltr'><strong>veluti</strong></span> <span class='ocrx_word' id='word_1_628' title='bbox 3052 4903 3288 4972; x_wconf 88' lang='lat' dir='ltr'><strong>pluviam</strong></span> <span class='ocrx_word' id='word_1_629' title='bbox 3319 4902 3415 4957; x_wconf 81' lang='lat' dir='ltr'><strong>de-</strong></span> 
     </span>
    </p>
   </div>
   <div class='ocr_carea' id='block_1_99' title="bbox 159 4977 1737 5052">
    <p class='ocr_par' dir='ltr' id='par_1_99' title="bbox 159 4977 1737 5052">
     <span class='ocr_line' id='line_1_99' title="bbox 159 4977 1737 5052; baseline -0.003 -14"><span class='ocrx_word' id='word_1_630' title='bbox 159 4987 242 5038; x_wconf 76' lang='grc' dir='ltr'>τὸν</span> <span class='ocrx_word' id='word_1_631' title='bbox 272 4983 431 5052; x_wconf 88' lang='grc' dir='ltr'>λόγον</span> <span class='ocrx_word' id='word_1_632' title='bbox 460 4982 640 5037; x_wconf 73' lang='grc' dir='ltr'>αὐτῶν</span> <span class='ocrx_word' id='word_1_633' title='bbox 670 4983 750 5044; x_wconf 88' lang='grc' dir='ltr'>εἰς</span> <span class='ocrx_word' id='word_1_634' title='bbox 775 4979 872 5051; x_wconf 79' lang='grc' dir='ltr'>τὴν</span> <span class='ocrx_word' id='word_1_635' title='bbox 894 4979 1122 5051; x_wconf 87' lang='grc' dir='ltr'>καρδίαν</span> <span class='ocrx_word' id='word_1_636' title='bbox 1144 4980 1241 5047; x_wconf 85' lang='grc' dir='ltr'>τὴν</span> <span class='ocrx_word' id='word_1_637' title='bbox 1269 4977 1330 5047; x_wconf 79' lang='grc' dir='ltr'>ξη</span> <span class='ocrx_word' id='word_1_638' title='bbox 1341 4977 1624 5049; x_wconf 86' lang='grc' dir='ltr'>ρανθεῖσαν</span> <span class='ocrx_word' id='word_1_639' title='bbox 1649 4980 1737 5035; x_wconf 85' lang='grc' dir='ltr'>διὰ</span> 
     </span>
    </p>
   </div>
   <div class='ocr_carea' id='block_1_100' title="bbox 154 5075 573 5146">
    <p class='ocr_par' dir='ltr' id='par_1_100' title="bbox 154 5075 573 5146">
     <span class='ocr_line' id='line_1_100' title="bbox 154 5075 573 5146; baseline -0.002 -19"><span class='ocrx_word' id='word_1_640' title='bbox 154 5076 253 5143; x_wconf 73' lang='grc' dir='ltr'>τῆς</span> <span class='ocrx_word' id='word_1_641' title='bbox 276 5075 573 5146; x_wconf 83' lang='grc' dir='ltr'>ἁμαρτίας.</span> 
     </span>
    </p>
   </div>
   <div class='ocr_carea' id='block_1_101' title="bbox 227 5162 1789 5228">
    <p class='ocr_par' dir='ltr' id='par_1_101' title="bbox 227 5162 1789 5228">
     <span class='ocr_line' id='line_1_101' title="bbox 227 5162 1789 5228; baseline 0.001 -9"><span class='ocrx_word' id='word_1_642' title='bbox 227 5168 273 5198; x_wconf 66' lang='grc'>’⁵</span> <span class='ocrx_word' id='word_1_643' title='bbox 308 5164 518 5220; x_wconf 83' lang='lat' dir='ltr'><strong>llPetr.</strong></span> <span class='ocrx_word' id='word_1_644' title='bbox 562 5181 646 5228; x_wconf 83' lang='grc' dir='ltr'>ιιι,</span> <span class='ocrx_word' id='word_1_645' title='bbox 674 5164 726 5218; x_wconf 87' lang='grc'>9.</span> <span class='ocrx_word' id='word_1_646' title='bbox 793 5162 885 5216; x_wconf 79' lang='grc'>⁸⁵1</span> <span class='ocrx_word' id='word_1_647' title='bbox 922 5162 1047 5217; x_wconf 85' lang='lat' dir='ltr'><strong>Cor.</strong></span> <span class='ocrx_word' id='word_1_648' title='bbox 1087 5179 1207 5227; x_wconf 86' lang='lat' dir='ltr'>vm,</span> <span class='ocrx_word' id='word_1_649' title='bbox 1232 5164 1285 5216; x_wconf 83' lang='lat'><strong>5.</strong></span> <span class='ocrx_word' id='word_1_650' title='bbox 1364 5165 1410 5195; x_wconf 72' lang='grc'>³⁸</span> <span class='ocrx_word' id='word_1_651' title='bbox 1445 5166 1564 5218; x_wconf 78' lang='lat' dir='ltr'><strong>Aet.</strong></span> <span class='ocrx_word' id='word_1_652' title='bbox 1590 5181 1712 5227; x_wconf 77' lang='lat' dir='ltr'><strong>xm,</strong></span> <span class='ocrx_word' id='word_1_653' title='bbox 1739 5167 1789 5221; x_wconf 92' lang='grc'>1.</span> 
     </span>
    </p>
   </div>
   <div class='ocr_carea' id='block_1_102' title="bbox 1836 4987 3415 5064">
    <p class='ocr_par' dir='ltr' id='par_1_102' title="bbox 1836 4987 3415 5064">
     <span class='ocr_line' id='line_1_102' title="bbox 1836 4987 3415 5064; baseline 0.004 -22"><span class='ocrx_word' id='word_1_654' title='bbox 1836 4987 2098 5043; x_wconf 89' lang='lat' dir='ltr'><strong>scendere</strong></span> <span class='ocrx_word' id='word_1_655' title='bbox 2152 5003 2459 5044; x_wconf 87' lang='lat' dir='ltr'><strong>sermonem</strong></span> <span class='ocrx_word' id='word_1_656' title='bbox 2491 5006 2681 5046; x_wconf 89' lang='lat' dir='ltr'><strong>eorum</strong></span> <span class='ocrx_word' id='word_1_657' title='bbox 2732 4993 2786 5046; x_wconf 92' lang='lat' dir='ltr'>in</span> <span class='ocrx_word' id='word_1_658' title='bbox 2814 5008 2910 5049; x_wconf 82' lang='lat' dir='ltr'>cor</span> <span class='ocrx_word' id='word_1_659' title='bbox 2939 4993 3242 5050; x_wconf 80' lang='lat' dir='ltr'><strong>arefactum</strong></span> <span class='ocrx_word' id='word_1_660' title='bbox 3282 5010 3415 5064; x_wconf 86' lang='lat' dir='ltr'><strong>pec-</strong></span> 
     </span>
    </p>
   </div>
   <div class='ocr_carea' id='block_1_103' title="bbox 1837 5080 1992 5136">
    <p class='ocr_par' dir='ltr' id='par_1_103' title="bbox 1837 5080 1992 5136">
     <span class='ocr_line' id='line_1_103' title="bbox 1837 5080 1992 5136; baseline 0.032 -5"><span class='ocrx_word' id='word_1_661' title='bbox 1837 5080 1992 5136; x_wconf 89' lang='lat' dir='ltr'><strong>catis.</strong></span> 
     </span>
    </p>
   </div>
   <div class='ocr_carea' id='block_1_104' title="bbox 1108 5255 2456 5339">
    <p class='ocr_par' dir='ltr' id='par_1_104' title="bbox 1108 5255 2456 5339">
     <span class='ocr_line' id='line_1_104' title="bbox 1108 5255 2456 5339; baseline 0.009 -22"><span class='ocrx_word' id='word_1_662' title='bbox 1108 5255 1418 5317; x_wconf 83' lang='lat' dir='ltr'><strong>Addenda</strong></span> <span class='ocrx_word' id='word_1_663' title='bbox 1454 5264 1515 5317; x_wconf 89' lang='lat' dir='ltr'>et</span> <span class='ocrx_word' id='word_1_664' title='bbox 1545 5258 1922 5339; x_wconf 81' lang='lat' dir='ltr'><strong>corrigenda</strong></span> <span class='ocrx_word' id='word_1_665' title='bbox 1972 5281 2051 5325; x_wconf 80' lang='lat' dir='ltr'><strong>ex</strong></span> <span class='ocrx_word' id='word_1_666' title='bbox 2083 5266 2223 5327; x_wconf 92' lang='lat' dir='ltr'><strong>cod.</strong></span> <span class='ocrx_word' id='word_1_667' title='bbox 2262 5267 2456 5329; x_wconf 79' lang='lat' dir='ltr'><strong>Vatic.</strong></span> 
     </span>
    </p>
   </div>
   <div class='ocr_carea' id='block_1_105' title="bbox 229 5357 1731 5481">
    <p class='ocr_par' dir='ltr' id='par_1_105' title="bbox 229 5357 1731 5481">
     <span class='ocr_line' id='line_1_105' title="bbox 229 5357 1731 5481; baseline 0.001 -68"><span class='ocrx_word' id='word_1_668' title='bbox 229 5358 306 5429; x_wconf 91' lang='grc'>(1)</span> <span class='ocrx_word' id='word_1_669' title='bbox 341 5358 403 5413; x_wconf 86' lang='grc' dir='ltr'><strong><em>Ἠ</em></strong></span> <span class='ocrx_word' id='word_1_670' title='bbox 420 5358 753 5449; x_wconf 73' lang='grc' dir='ltr'>προκειμένη</span> <span class='ocrx_word' id='word_1_671' title='bbox 770 5358 1051 5441; x_wconf 68' lang='grc' dir='ltr'>ἐπιγραφὴ</span> <span class='ocrx_word' id='word_1_672' title='bbox 1074 5357 1220 5481; x_wconf 50' lang='grc' dir='ltr'>Ἆδιά</span> <span class='ocrx_word' id='word_1_673' title='bbox 1237 5359 1334 5428; x_wconf 80' lang='grc' dir='ltr'>τῆς</span> <span class='ocrx_word' id='word_1_674' title='bbox 1360 5361 1731 5444; x_wconf 74' lang='grc' dir='ltr'>κινναϐάρεως</span> 
     </span>
     <span class='ocr_line' id='line_1_106' title="bbox 234 5429 1731 5481; baseline 0 0"><span class='ocrx_word' id='word_1_675' title='bbox 234 5429 422 5481; x_wconf 79' lang='grc' dir='ltr'>οιένει’</span> <span class='ocrx_word' id='word_1_676' title='bbox 479 5429 798 5481; x_wconf 81' lang='grc' dir='ltr'>Αλληλουῖα.</span> <span class='ocrx_word' id='word_1_677' title='bbox 837 5430 1009 5481; x_wconf 85' lang='grc' dir='ltr'>Τουτο</span> <span class='ocrx_word' id='word_1_678' title='bbox 1045 5444 1081 5481; x_wconf 86' lang='grc' dir='ltr'>γ</span> <span class='ocrx_word' id='word_1_679' title='bbox 1124 5446 1153 5481; x_wconf 84' lang='grc' dir='ltr'>ο</span> <span class='ocrx_word' id='word_1_680' title='bbox 1203 5445 1568 5481; x_wconf 77' lang='grc' dir='ltr'>εοιιηνευεται</span> <span class='ocrx_word' id='word_1_681' title='bbox 1612 5432 1731 5481; x_wconf 88' lang='grc' dir='ltr'>Ἀλ-</span> 
     </span>
    </p>
   </div>
   <div class='ocr_carea' id='block_1_106' title="bbox 155 5429 1732 5513">
    <p class='ocr_par' dir='ltr' id='par_1_106' title="bbox 155 5429 1732 5513">
     <span class='ocr_line' id='line_1_107' title="bbox 155 5429 1732 5513; baseline 0.001 -30"><span class='ocrx_word' id='word_1_682' title='bbox 155 5429 422 5513; x_wconf 62' lang='grc' dir='ltr'>περιέχεν</span> <span class='ocrx_word' id='word_1_683' title='bbox 464 5429 800 5513; x_wconf 47' lang='grc' dir='ltr'>’.Αλληλρύξίαἰ</span> <span class='ocrx_word' id='word_1_684' title='bbox 832 5429 1009 5513; x_wconf 57' lang='grc' dir='ltr'>ςΓοῦτο</span> <span class='ocrx_word' id='word_1_685' title='bbox 1045 5429 1153 5501; x_wconf 84' lang='grc' dir='ltr'>γὰρ</span> <span class='ocrx_word' id='word_1_686' title='bbox 1203 5429 1732 5513; x_wconf 28' lang='grc' dir='ltr'>ἐρμηνεύιεταιςᾍλ-</span> 
     </span>
    </p>
   </div>
   <div class='ocr_carea' id='block_1_107' title="bbox 154 5498 1730 5639">
    <p class='ocr_par' dir='ltr' id='par_1_107' title="bbox 154 5498 1730 5639">
     <span class='ocr_line' id='line_1_108' title="bbox 154 5498 1730 5572; baseline 0.002 -21"><span class='ocrx_word' id='word_1_687' title='bbox 154 5498 382 5572; x_wconf 81' lang='grc' dir='ltr'>ληλούῑα</span> <span class='ocrx_word' id='word_1_688' title='bbox 405 5538 421 5563; x_wconf 88' lang='grc'>,</span> <span class='ocrx_word' id='word_1_689' title='bbox 470 5498 619 5570; x_wconf 81' lang='grc' dir='ltr'>ὅπερ</span> <span class='ocrx_word' id='word_1_690' title='bbox 648 5499 800 5569; x_wconf 83' lang='grc' dir='ltr'>δηλοῖ</span> <span class='ocrx_word' id='word_1_691' title='bbox 824 5500 851 5552; x_wconf 88' lang='lat'>6</span> <span class='ocrx_word' id='word_1_692' title='bbox 898 5498 1345 5570; x_wconf 70' lang='grc' dir='ltr'>πρῶτος’στίχος’</span> <span class='ocrx_word' id='word_1_693' title='bbox 1370 5499 1464 5551; x_wconf 80' lang='grc' dir='ltr'>τοῦ</span> <span class='ocrx_word' id='word_1_694' title='bbox 1493 5500 1730 5571; x_wconf 79' lang='grc' dir='ltr'>ψαλμοῦ,</span> 
     </span>
     <span class='ocr_line' id='line_1_109' title="bbox 156 5567 1324 5639; baseline -0.001 -18"><span class='ocrx_word' id='word_1_695' title='bbox 156 5570 429 5623; x_wconf 78' lang='grc' dir='ltr'>τουτέστιν</span> <span class='ocrx_word' id='word_1_696' title='bbox 448 5584 462 5597; x_wconf 75' lang='grc'><strong><em>⁸</em></strong></span> <span class='ocrx_word' id='word_1_697' title='bbox 496 5570 724 5630; x_wconf 84' lang='grc' dir='ltr'>Αἰνεῖτε,</span> <span class='ocrx_word' id='word_1_698' title='bbox 748 5569 965 5638; x_wconf 76' lang='grc' dir='ltr'>ὑμνεῖτε</span> <span class='ocrx_word' id='word_1_699' title='bbox 994 5570 1084 5622; x_wconf 90' lang='grc' dir='ltr'>τὸν</span> <span class='ocrx_word' id='word_1_700' title='bbox 1110 5567 1324 5639; x_wconf 78' lang='grc' dir='ltr'>Κύριον.</span> 
     </span>
    </p>
   </div>
   <div class='ocr_carea' id='block_1_108' title="bbox 156 5570 887 5704">
    <p class='ocr_par' dir='ltr' id='par_1_108' title="bbox 156 5570 887 5704">
     <span class='ocr_line' id='line_1_110' title="bbox 156 5570 887 5638; baseline 0.001 -17"><span class='ocrx_word' id='word_1_701' title='bbox 156 5570 429 5623; x_wconf 68' lang='grc' dir='ltr'>τουτέστιν</span> <span class='ocrx_word' id='word_1_702' title='bbox 448 5584 462 5597; x_wconf 76' lang='grc'><strong><em>⁸</em></strong></span> <span class='ocrx_word' id='word_1_703' title='bbox 496 5570 724 5630; x_wconf 86' lang='grc' dir='ltr'>Αἰνεῖτε,</span> <span class='ocrx_word' id='word_1_704' title='bbox 748 5570 887 5638; x_wconf 78' lang='grc' dir='ltr'>ὑμνε</span> 
     </span>
     <span class='ocr_line' id='line_1_111' title="bbox 230 5639 887 5704; baseline -0.005 -11"><span class='ocrx_word' id='word_1_705' title='bbox 230 5639 307 5702; x_wconf 74' lang='grc'>(2)</span> <span class='ocrx_word' id='word_1_706' title='bbox 337 5639 493 5693; x_wconf 82' lang='grc' dir='ltr'>Θέλει</span> <span class='ocrx_word' id='word_1_707' title='bbox 528 5654 635 5692; x_wconf 90' lang='lat' dir='ltr'>non</span> <span class='ocrx_word' id='word_1_708' title='bbox 670 5639 887 5704; x_wconf 78' lang='lat' dir='ltr'><strong>legitur.</strong></span> 
     </span>
    </p>
   </div>
   <div class='ocr_carea' id='block_1_109' title="bbox 250 5708 1315 5779">
    <p class='ocr_par' dir='ltr' id='par_1_109' title="bbox 250 5708 1315 5779">
     <span class='ocr_line' id='line_1_112' title="bbox 250 5708 1315 5779; baseline -0.001 -16"><span class='ocrx_word' id='word_1_709' title='bbox 250 5710 304 5774; x_wconf 72' lang='grc' dir='ltr'>ὃ)</span> <span class='ocrx_word' id='word_1_710' title='bbox 349 5709 663 5779; x_wconf 74' lang='grc' dir='ltr'>Ἀνυμνείτε</span> <span class='ocrx_word' id='word_1_711' title='bbox 690 5709 851 5779; x_wconf 77' lang='grc' dir='ltr'>αὑτὸν</span> <span class='ocrx_word' id='word_1_712' title='bbox 883 5711 940 5762; x_wconf 82' lang='grc' dir='ltr'>ἐν</span> <span class='ocrx_word' id='word_1_713' title='bbox 970 5708 1187 5778; x_wconf 82' lang='grc' dir='ltr'>καρδίᾳ,</span> <span class='ocrx_word' id='word_1_714' title='bbox 1212 5718 1315 5763; x_wconf 91' lang='lat' dir='ltr'><strong>etc.</strong></span> 
     </span>
    </p>
   </div>
   <div class='ocr_carea' id='block_1_110' title="bbox 229 5712 1732 5901">
    <p class='ocr_par' dir='ltr' id='par_1_110' title="bbox 229 5712 1732 5901">
     <span class='ocr_line' id='line_1_113' title="bbox 250 5712 1315 5779; baseline -0.001 -16"><span class='ocrx_word' id='word_1_715' title='bbox 250 5712 304 5774; x_wconf 72' lang='grc' dir='ltr'>ὅ)</span> <span class='ocrx_word' id='word_1_716' title='bbox 349 5712 663 5779; x_wconf 81' lang='grc' dir='ltr'>Ἀνυμνεῑτε</span> <span class='ocrx_word' id='word_1_717' title='bbox 690 5712 851 5762; x_wconf 77' lang='grc' dir='ltr'>αὑτὸν</span> <span class='ocrx_word' id='word_1_718' title='bbox 883 5712 940 5762; x_wconf 80' lang='grc' dir='ltr'>ἐν</span> <span class='ocrx_word' id='word_1_719' title='bbox 970 5712 1187 5778; x_wconf 82' lang='grc' dir='ltr'>καρδίᾳ,</span> <span class='ocrx_word' id='word_1_720' title='bbox 1212 5718 1315 5763; x_wconf 91' lang='lat' dir='ltr'><strong>etc.</strong></span> 
     </span>
     <span class='ocr_line' id='line_1_114' title="bbox 229 5712 1732 5901; baseline -0.001 -67"><span class='ocrx_word' id='word_1_721' title='bbox 229 5712 307 5861; x_wconf 51' lang='grc' dir='ltr'>ξι)</span> <span class='ocrx_word' id='word_1_722' title='bbox 353 5778 571 5850; x_wconf 85' lang='grc' dir='ltr'>Ἰσραὴλ</span> <span class='ocrx_word' id='word_1_723' title='bbox 594 5778 951 5901; x_wconf 67' lang='grc' dir='ltr'>ἑρμηνεύεται</span> <span class='ocrx_word' id='word_1_724' title='bbox 970 5780 1109 5861; x_wconf 57' lang='grc' dir='ltr'>ανὴρ</span> <span class='ocrx_word' id='word_1_725' title='bbox 1134 5779 1274 5864; x_wconf 66' lang='grc' dir='ltr'>ὁρῶν</span> <span class='ocrx_word' id='word_1_726' title='bbox 1300 5778 1455 5842; x_wconf 82' lang='grc' dir='ltr'>Θεὸν,</span> <span class='ocrx_word' id='word_1_727' title='bbox 1488 5780 1581 5832; x_wconf 82' lang='grc' dir='ltr'>καὶ</span> <span class='ocrx_word' id='word_1_728' title='bbox 1608 5780 1732 5843; x_wconf 78' lang='grc' dir='ltr'>νοῦς</span> 
     </span>
     <span class='ocr_line' id='line_1_115' title="bbox 229 5847 1727 5901; baseline 0 0"><span class='ocrx_word' id='word_1_729' title='bbox 229 5866 299 5901; x_wconf 84' lang='grc' dir='ltr'>ων</span> <span class='ocrx_word' id='word_1_730' title='bbox 328 5848 458 5901; x_wconf 84' lang='grc' dir='ltr'>Θεόν</span> <span class='ocrx_word' id='word_1_731' title='bbox 480 5863 491 5875; x_wconf 92' lang='grc'><strong>·</strong></span> <span class='ocrx_word' id='word_1_732' title='bbox 513 5847 605 5901; x_wconf 85' lang='grc' dir='ltr'>τὸν</span> <span class='ocrx_word' id='word_1_733' title='bbox 661 5849 757 5901; x_wconf 88' lang='grc' dir='ltr'>αὸν</span> <span class='ocrx_word' id='word_1_734' title='bbox 777 5849 869 5901; x_wconf 84' lang='grc' dir='ltr'>τὸν</span> <span class='ocrx_word' id='word_1_735' title='bbox 895 5851 1126 5901; x_wconf 80' lang='grc' dir='ltr'>ὁοωντα.</span> <span class='ocrx_word' id='word_1_736' title='bbox 1158 5866 1222 5901; x_wconf 81' lang='grc' dir='ltr'>ττι</span> <span class='ocrx_word' id='word_1_737' title='bbox 1255 5849 1451 5901; x_wconf 75' lang='grc' dir='ltr'>καρδία</span> <span class='ocrx_word' id='word_1_738' title='bbox 1484 5850 1573 5901; x_wconf 86' lang='grc' dir='ltr'>τὸν</span> <span class='ocrx_word' id='word_1_739' title='bbox 1599 5848 1727 5901; x_wconf 82' lang='grc' dir='ltr'>Θεὸν</span> 
     </span>
    </p>
   </div>
   <div class='ocr_carea' id='block_1_111' title="bbox 160 5847 1727 5920">
    <p class='ocr_par' dir='ltr' id='par_1_111' title="bbox 160 5847 1727 5920">
     <span class='ocr_line' id='line_1_116' title="bbox 160 5847 1727 5920; baseline 0.003 -20"><span class='ocrx_word' id='word_1_740' title='bbox 160 5847 299 5914; x_wconf 65' lang='grc' dir='ltr'>ἐρῶν</span> <span class='ocrx_word' id='word_1_741' title='bbox 328 5847 458 5902; x_wconf 83' lang='grc' dir='ltr'>Θεόν</span> <span class='ocrx_word' id='word_1_742' title='bbox 480 5863 491 5875; x_wconf 77' lang='grc'><strong><em>⁸</em></strong></span> <span class='ocrx_word' id='word_1_743' title='bbox 513 5847 605 5902; x_wconf 82' lang='grc' dir='ltr'>τὸν</span> <span class='ocrx_word' id='word_1_744' title='bbox 628 5847 757 5902; x_wconf 82' lang='grc' dir='ltr'>λαὸν</span> <span class='ocrx_word' id='word_1_745' title='bbox 777 5849 869 5901; x_wconf 83' lang='grc' dir='ltr'>τὸν</span> <span class='ocrx_word' id='word_1_746' title='bbox 895 5847 1126 5919; x_wconf 71' lang='grc' dir='ltr'>ὁρῶντα,</span> <span class='ocrx_word' id='word_1_747' title='bbox 1158 5847 1223 5918; x_wconf 81' lang='grc' dir='ltr'>τῇ</span> <span class='ocrx_word' id='word_1_748' title='bbox 1255 5849 1451 5920; x_wconf 75' lang='grc' dir='ltr'>καρδίᾳ</span> <span class='ocrx_word' id='word_1_749' title='bbox 1484 5850 1573 5903; x_wconf 88' lang='grc' dir='ltr'>τὸν</span> <span class='ocrx_word' id='word_1_750' title='bbox 1599 5848 1727 5905; x_wconf 82' lang='grc' dir='ltr'>Θεὸν</span> 
     </span>
    </p>
   </div>
   <div class='ocr_carea' id='block_1_112' title="bbox 1840 5369 3097 5459">
    <p class='ocr_par' dir='ltr' id='par_1_112' title="bbox 1840 5369 3097 5459">
     <span class='ocr_line' id='line_1_117' title="bbox 1840 5369 3097 5459; baseline 0.008 -41"><span class='ocrx_word' id='word_1_751' title='bbox 1840 5369 2263 5459; x_wconf 53' lang='grc' dir='ltr'>πῆιρῖοιῂξατο</span> <span class='ocrx_word' id='word_1_752' title='bbox 2289 5370 2385 5459; x_wconf 45' lang='grc' dir='ltr'>εἰς,</span> <span class='ocrx_word' id='word_1_753' title='bbox 2404 5369 2632 5459; x_wconf 70' lang='grc' dir='ltr'>πλοῦτον</span> <span class='ocrx_word' id='word_1_754' title='bbox 2660 5373 2837 5444; x_wconf 83' lang='grc' dir='ltr'>ἐαυτῷ</span> <span class='ocrx_word' id='word_1_755' title='bbox 2860 5374 2965 5441; x_wconf 87' lang='grc' dir='ltr'>διά,</span> <span class='ocrx_word' id='word_1_756' title='bbox 2993 5386 3097 5441; x_wconf 81' lang='lat' dir='ltr'><strong>etc.</strong></span> 
     </span>
    </p>
   </div>
   <div class='ocr_carea' id='block_1_113' title="bbox 1905 5383 3416 5585">
    <p class='ocr_par' dir='ltr' id='par_1_113' title="bbox 1905 5383 3416 5585">
     <span class='ocr_line' id='line_1_118' title="bbox 1905 5383 3097 5459; baseline 0.01 -43"><span class='ocrx_word' id='word_1_757' title='bbox 1905 5406 1908 5415; x_wconf 90' lang='lat'><strong>.</strong></span> <span class='ocrx_word' id='word_1_758' title='bbox 1952 5383 2263 5443; x_wconf 79' lang='grc' dir='ltr'>ιεποιησατο</span> <span class='ocrx_word' id='word_1_759' title='bbox 2289 5383 2369 5459; x_wconf 74' lang='grc' dir='ltr'>εἰς</span> <span class='ocrx_word' id='word_1_760' title='bbox 2404 5383 2632 5425; x_wconf 76' lang='grc' dir='ltr'>πλουτον</span> <span class='ocrx_word' id='word_1_761' title='bbox 2660 5383 2837 5444; x_wconf 68' lang='grc' dir='ltr'>ἐαυτῷ</span> <span class='ocrx_word' id='word_1_762' title='bbox 2860 5383 2965 5441; x_wconf 83' lang='grc' dir='ltr'>διά,</span> <span class='ocrx_word' id='word_1_763' title='bbox 2993 5386 3097 5441; x_wconf 81' lang='lat' dir='ltr'><strong>etc.</strong></span> 
     </span>
     <span class='ocr_line' id='line_1_119' title="bbox 1905 5383 3416 5585; baseline 0.003 -22"><span class='ocrx_word' id='word_1_764' title='bbox 1905 5383 1983 5575; x_wconf 45' lang='lat' dir='ltr'>{gl</span> <span class='ocrx_word' id='word_1_765' title='bbox 2006 5436 2929 5585; x_wconf 32' lang='lat' dir='ltr'>$1161?ﬁfﬁiéwuswﬁen,etc.</span> <span class='ocrx_word' id='word_1_766' title='bbox 2963 5516 3031 5571; x_wconf 89' lang='lat' dir='ltr'><strong>N.</strong></span> <span class='ocrx_word' id='word_1_767' title='bbox 3066 5516 3152 5579; x_wconf 66' lang='grc' dir='ltr'>τε,</span> <span class='ocrx_word' id='word_1_768' title='bbox 3191 5515 3276 5569; x_wconf 73' lang='grc' dir='ltr'>ιδ.</span> <span class='ocrx_word' id='word_1_769' title='bbox 3311 5513 3416 5570; x_wconf 79' lang='grc' dir='ltr'>Καὶ</span> 
     </span>
    </p>
   </div>
   <div class='ocr_carea' id='block_1_114' title="bbox 1833 5576 3266 5656">
    <p class='ocr_par' dir='ltr' id='par_1_114' title="bbox 1833 5576 3266 5656">
     <span class='ocr_line' id='line_1_120' title="bbox 1833 5576 3266 5656; baseline 0.009 -28"><span class='ocrx_word' id='word_1_770' title='bbox 1833 5576 1876 5628; x_wconf 82' lang='grc' dir='ltr'>ὲ.</span> <span class='ocrx_word' id='word_1_771' title='bbox 1993 5578 2074 5656; x_wconf 69' lang='grc' dir='ltr'>ού.</span> <span class='ocrx_word' id='word_1_772' title='bbox 2112 5579 2239 5656; x_wconf 69' lang='grc' dir='ltr'>γάρ,</span> <span class='ocrx_word' id='word_1_773' title='bbox 2409 5591 2524 5656; x_wconf 84' lang='lat' dir='ltr'><strong>etc._</strong></span> <span class='ocrx_word' id='word_1_774' title='bbox 2551 5581 2660 5639; x_wconf 79' lang='grc' dir='ltr'>Καὶ</span> <span class='ocrx_word' id='word_1_775' title='bbox 2692 5576 2750 5637; x_wconf 78' lang='grc' dir='ltr'>ἐν</span> <span class='ocrx_word' id='word_1_776' title='bbox 2773 5576 2857 5656; x_wconf 82' lang='grc' dir='ltr'>’τῷ</span> <span class='ocrx_word' id='word_1_777' title='bbox 2891 5576 3266 5656; x_wconf 45' lang='grc' dir='ltr'>θανάτῳζεισ.</span> 
     </span>
    </p>
   </div>
   <div class='ocr_carea' id='block_1_115' title="bbox 1902 5646 3416 5731">
    <p class='ocr_par' dir='ltr' id='par_1_115' title="bbox 1902 5646 3416 5731">
     <span class='ocr_line' id='line_1_121' title="bbox 1902 5646 3416 5731; baseline 0.005 -28"><span class='ocrx_word' id='word_1_778' title='bbox 1902 5646 1980 5715; x_wconf 86' lang='grc'>(7)</span> <span class='ocrx_word' id='word_1_779' title='bbox 1997 5646 2202 5718; x_wconf 68' lang='grc' dir='ltr'>Ἀγα6,</span> <span class='ocrx_word' id='word_1_780' title='bbox 2221 5651 2310 5703; x_wconf 77' lang='grc' dir='ltr'>καὶ</span> <span class='ocrx_word' id='word_1_781' title='bbox 2339 5652 2625 5723; x_wconf 87' lang='grc' dir='ltr'>Συμεῶνα,</span> <span class='ocrx_word' id='word_1_782' title='bbox 2644 5656 2740 5709; x_wconf 87' lang='lat' dir='ltr'><strong>rel.</strong></span> <span class='ocrx_word' id='word_1_783' title='bbox 2772 5646 2966 5712; x_wconf 76' lang='lat' dir='ltr'><strong>desunt</strong></span> <span class='ocrx_word' id='word_1_784' title='bbox 3000 5646 3172 5727; x_wconf 62' lang='lat' dir='ltr'><strong>usuue</strong></span> <span class='ocrx_word' id='word_1_785' title='bbox 3197 5658 3416 5731; x_wconf 86' lang='grc' dir='ltr'>σύντρο-</span> 
     </span>
    </p>
   </div>
   <div class='ocr_carea' id='block_1_116' title="bbox 1831 5728 1950 5782">
    <p class='ocr_par' dir='ltr' id='par_1_116' title="bbox 1831 5728 1950 5782">
     <span class='ocr_line' id='line_1_122' title="bbox 1831 5728 1950 5782; baseline 0.025 -16"><span class='ocrx_word' id='word_1_786' title='bbox 1831 5728 1950 5782; x_wconf 83' lang='grc' dir='ltr'>φον.</span> 
     </span>
    </p>
   </div>
   <div class='ocr_carea' id='block_1_117' title="bbox 1904 5784 3413 5872">
    <p class='ocr_par' dir='ltr' id='par_1_117' title="bbox 1904 5784 3413 5872">
     <span class='ocr_line' id='line_1_123' title="bbox 1904 5784 3413 5872; baseline 0.012 -35"><span class='ocrx_word' id='word_1_787' title='bbox 1904 5784 1978 5856; x_wconf 88' lang='grc'>(8)</span> <span class='ocrx_word' id='word_1_788' title='bbox 2020 5788 2150 5840; x_wconf 75' lang='grc' dir='ltr'>Ἀπὸ</span> <span class='ocrx_word' id='word_1_789' title='bbox 2175 5788 2444 5844; x_wconf 81' lang='grc' dir='ltr'>ἀνατολῶν</span> <span class='ocrx_word' id='word_1_790' title='bbox 2472 5792 2577 5855; x_wconf 81' lang='grc' dir='ltr'>ἓως</span> <span class='ocrx_word' id='word_1_791' title='bbox 2608 5794 2827 5863; x_wconf 75' lang='grc' dir='ltr'>δυσμῶν</span> <span class='ocrx_word' id='word_1_792' title='bbox 2856 5797 3036 5853; x_wconf 70' lang='grc' dir='ltr'>αὐτῶν</span> <span class='ocrx_word' id='word_1_793' title='bbox 3061 5801 3138 5863; x_wconf 83' lang='grc' dir='ltr'>εἰς</span> <span class='ocrx_word' id='word_1_794' title='bbox 3166 5801 3284 5872; x_wconf 80' lang='grc' dir='ltr'>τήν,</span> <span class='ocrx_word' id='word_1_795' title='bbox 3305 5808 3413 5854; x_wconf 64' lang='lat' dir='ltr'><strong>etc.</strong></span> 
     </span>
    </p>
   </div>
  </div>
