3860 6220
398 345 537 400 1265

468 463 556 519 16.
590 462 695 530 Qui
730 460 983 532 producit
1005 466 1200 516 ventos
1224 460 1293 515 de
1322 460 1600 517 thesauris
1636 460 1773 515 suis.

468 555 555 610 1'7.
588 554 693 622 Qui
724 552 996 624 percussit
1022 552 1388 623 primogenita
1425 550 1669 622 IEgypti,

462 632 556 705 ’18.
600 649 684 703 Ab
711 648 938 703 homine
964 662 1140 715 usque
1174 646 1241 699 ad
1274 659 1463 714 pecus.

470 741 557 797 19.
600 741 748 795 Misit
786 740 942 810 signa
986 746 1039 792 et
1074 736 1321 807 prodigia

468 830 562 885 20.
606 832 664 885 In
695 830 877 885 medio
908 830 1008 893 tui,
1037 822 1292 899 Egypte,

467 926 559 980 21.
604 924 662 979 In
692 923 1060 985 Pharaonem,
1091 928 1145 974 et
1175 934 1367 973 omnes
1394 932 1582 973 servos
1621 916 1764 979 eius.

468 1018 562 1072 22.
606 1016 710 1082 Qui
739 1015 1014 1086 percussit
1042 1022 1233 1085 gentes
1259 1012 1459 1067 multas
1494 1032 1506 1065 :

466 1111 558 1163 25.
602 1108 668 1162 Et
693 1109 896 1163 occidit
931 1122 1089 1178 reges
1120 1105 1313 1160 fortes.

465 1201 556 1255 24.
601 1199 784 1255 Sehon
816 1214 1000 1269 regem
1030 1197 1477 1252 Amorrhaaorum
1504 1214 1516 1249 :

467 1292 560 1349 25.
605 1294 671 1345 Et
696 1290 775 1362 0g
814 1305 995 1360 regem
1025 1288 1225 1353 Basan,

468 1384 562 1437 26.
602 1382 668 1435 Et
700 1381 884 1435 omnia
915 1394 1083 1449 regna
1115 1378 1401 1432 Chanaan.

468 1474 557 1528 27.
600 1472 666 1527 Et
692 1472 839 1526 dedit
868 1480 1067 1526 terram
1090 1485 1282 1524 eorum
1309 1468 1696 1533 haereditatem,

469 1567 559 1621 28.
602 1565 983 1620 Haereditatem
1026 1563 1190 1619 Israel
1221 1560 1421 1632 populo
1448 1576 1572 1614 suo.

471 1660 558 1715 29.
600 1658 850 1719 Domine,
882 1672 1081 1711 nomen
1120 1666 1274 1710 tuum
1310 1655 1365 1708 in
1393 1662 1655 1708 aternum
1689 1671 1702 1706 :

472 1752 560 1806 50.
604 1753 669 1805 Et
708 1748 1028 1805 memoriale
1066 1756 1220 1803 tuum
1254 1747 1311 1801 in
1344 1746 1755 1817 generationem
1802 1756 1860 1800 et
1900 1758 1993 1816 ge-

403 1845 758 1899 nerationem.

1252 338 1309 393 S.
1353 336 1723 391 ATHANASII
1758 336 1908 391 OPP.
1952 336 2133 391 PARS
2163 336 2253 391 ill.
2282 366 2351 375 ——
2372 335 2783 392 EXEGETICA.

2010 467 2055 521 Α
2157 457 2240 512 16.
2286 458 2343 511 Ὀ
2368 458 2579 526 ἐξάγων
2607 459 2845 528 ἀνέμους
2870 459 2934 511 ἑκ
2964 457 3260 529 θησαυρῶν
3290 456 3482 510 αὑτοῦ.

3547 332 3694 393 1264

2162 550 2249 603 17.
2293 550 2387 611 ’⁷ος
2422 547 2658 612 ἐπάταξε
2684 548 2753 601 τά
2781 549 3099 620 πρωτότοκα
3136 547 3450 617 Αἰγύπτου,

2163 639 2250 693 18.
2282 638 2413 691 Ἀπὸ
2449 638 2736 708 ἀνθρώπου
2771 640 2876 703 ἕως
2911 641 3164 710 κτήνους.

2162 729 2247 782 19.
2272 728 2653 794 Ἐξαπέστειλε
2682 731 2881 798 σημεῖα
2913 730 3007 782 καὶ
3030 729 3232 782 τέοατα

2160 824 2249 879 20.
2278 824 2368 877 Ἐν
2401 825 2548 894 μέσῳ
2579 841 2697 887 σου,
2728 825 2975 892 Αἴγυπτε

2162 916 2251 969 21.
2276 915 2365 969 Ἐν
2387 914 2607 986 Φαραὼ,
2639 916 2734 969 καὶ
2758 916 2816 968 ὲν
2846 917 2981 968 πᾶσι
3012 917 3123 979 τοῖς
3151 916 3357 978 δούλοις
3386 913 3583 968 αὐτοῦ.

2160 1008 2250 1063 22.
2273 1011 2367 1072 Ὃς
2397 1008 2664 1074 ἐπάταξεν
2703 1008 2831 1077 ἔθνη
2864 1008 3063 1061 πολλά·

2162 1102 2250 1156 25.
2293 1102 2402 1154 Καὶ
2431 1102 2718 1154 ἀπέκτεινε
2750 1101 2989 1171 βασιλεῖς
3013 1101 3309 1172 κραταιούς
3347 1118 3362 1133 ·

2161 1193 2253 1247 24.
2297 1193 2400 1245 Τὸν
2431 1190 2587 1263 Σηὼν
2622 1191 2848 1261 βασιλέα
2884 1192 2993 1245 τῶν
3025 1192 3395 1263 Ἀμορραίων,

2160 1286 2250 1339 25.
2294 1287 2403 1338 Καὶ
2430 1285 2523 1339 τὸν
2553 1286 2653 1353 ’ογ
2686 1284 2912 1355 βασιλέα
2935 1284 3035 1354 τῆς
3056 1284 3256 1348 Βασάν,

2159 1378 2249 1432 26.
2294 1380 2405 1432 Καὶ
2438 1380 2618 1441 πάσας
2648 1377 2746 1441 τὰς
2776 1376 3056 1447 βασιλείας
3084 1376 3329 1430 Χαναάν.

2160 1471 2250 1524 27.
2292 1471 2403 1524 Καὶ
2432 1470 2598 1523 ἔδωκε
2631 1470 2729 1539 τὴν
2763 1469 2867 1540 γῆν
2896 1469 3076 1523 αὐτῶν
3103 1467 3489 1539 κληρονομίαν,

2162 1560 2251 1615 28.
2294 1562 2678 1633 Κληρονομίαν
2700 1560 2919 1633 Ἰσραὴλ
2947 1560 3065 1631 λαῷ
3095 1560 3285 1614 αὐτοῦ.

2163 1654 2252 1708 29.
2295 1654 2489 1725 Κύριε,
2526 1654 2586 1706 τὸ
2615 1653 2787 1723 ὄνομά
2811 1670 2904 1707 σου
2940 1654 3019 1717 είς
3046 1652 3136 1706 τὸν
3158 1651 3362 1707 αἰῶνα·

2164 1748 2251 1803 50.
2294 1747 2404 1801 Καὶ
2452 1748 2513 1801 τὸ
2562 1746 2907 1817 μνημόσυνόν
2956 1762 3051 1799 σου
3096 1747 3174 1809 εἰς
3219 1743 3415 1813 γενεάν
3456 1744 3553 1797 καὶ
3596 1760 3697 1812 γε-

2014 1825 2060 1881 Β
2087 1840 2235 1894 νεάν.

1535 2017 1909 2075 ATHANASll
1948 2016 2534 2079 INTERPRETATIO.

476 2190 563 2244 16.
597 2181 830 2243 Eosdem
859 2184 1137 2256 apostOlos
1188 2183 1321 2238 dicit
1359 2182 1661 2237 instructos
1694 2181 1981 2251 praeceptis

406 2283 576 2353 ipsius
610 2279 988 2335 circumivisse
1013 2287 1183 2332 totam
1214 2286 1435 2331 terram.

474 2454 561 2507 17.
592 2451 935 2521 Principatus
966 2450 1333 2504 tenebrarum.
1368 2445 1639 2517 /Egyptus
1674 2447 1818 2502 cnim
1849 2456 1987 2500 tene-

404 2547 513 2600 brw
545 2546 951 2614 interpretatur.

477 2637 563 2692 18.
593 2637 637 2689 Α
675 2636 912 2700 diabolo,
942 2644 996 2689 et
1045 2650 1219 2704 usque
1269 2634 1337 2687 ad
1370 2641 1669 2703 potestates
1699 2632 1841 2702 ejus,
1868 2647 1991 2701 quae

403 2732 508 2803 ipsi
558 2731 838 2793 obediunt,
880 2727 1342 2799 quemadmodum
1374 2727 1440 2781 de
1475 2727 1584 2781 illis
1614 2726 1879 2795 scriptum
1909 2734 1993 2781 est

403 2827 459 2881 in
481 2824 606 2879 Job.

474 2918 564 2984 19,
591 2916 680 2970 20.
717 2914 913 2971 Emisit
943 2930 1041 2985 per
1071 2915 1348 2984 apostolos
1376 2930 1509 2969 suos
1556 2914 1610 2966 in
1650 2912 1889 2967 tenebris
1919 2911 1993 2965 si-

402 3026 528 3082 gna,
561 3018 616 3066 et
641 3008 887 3079 prodigia
917 3023 1014 3077 per
1056 3008 1392 3073 sanationes,
1418 3021 1559 3077 quas
1586 3012 1989 3075 perpetrarunt,

473 3194 562 3247 21.
603 3191 663 3247 In
696 3191 975 3246 diabolum
1004 3198 1059 3244 et
1089 3189 1476 3275 angelosejns.

473 3283 563 3337 22.
605 3282 962 3337 Adversarias
997 3280 1228 3334 virtutes
1262 3281 1315 3334 in
1343 3280 1618 3350 baptismo

471 3374 565 3428 25.
604 3372 908 3428 Potestates
930 3381 985 3427 et
1008 3372 1349 3441 principatus
1378 3370 1604 3426 diaboli.

2159 2178 2245 2233 16.
2278 2178 2418 2242 Τοὺς
2446 2178 2643 2241 αὐτοὺς
2676 2177 3008 2242 ἀποστόλους
3037 2175 3207 2246 λέγει,
3252 2176 3380 2240 τοὺς
3424 2193 3692 2249 καταρτί-

2089 2271 2314 2335 σθέντας
2372 2271 2437 2323 ὲκ
2485 2269 2592 2323 τῶν
2642 2270 3079 2341 προσταγμάτων
3121 2269 3285 2322 αὐτοῦ
3333 2270 3695 2340 περιοδεῦσα.

2088 2366 2269 2416 πᾶσαν
2292 2362 2391 2432 τὴν
2418 2362 2543 2431 γῆν.

2160 2455 2247 2509 17.
2286 2453 2397 2517 Τάς
2420 2454 2594 2524 ἀρχὰς
2625 2452 2719 2506 τοῦ
2753 2453 3005 2519 σκότους·
3050 2454 3356 2525 Αἴγυπτος
3395 2453 3508 2525 γάρ
3535 2457 3691 2509 σκό-

2090 2565 2193 2614 τος
2228 2548 2611 2620 ἑρμηνεύεται.
2856 2618 2859 2621 _

2164 2640 2248 2694 18.
2277 2639 2412 2693 Ἀπὸ
2438 2640 2531 2692 τοῦ
2557 2638 2824 2703 διαϐόλου,
2862 2639 2954 2692 καὶ
2984 2638 3088 2701 ἕως
3122 2638 3230 2690 τῶν
3267 2640 3562 2709 δυνάμεων
3597 2641 3698 2692 αύ-

2091 2733 2184 2786 τοῦ
2233 2733 2340 2786 τῶν
2391 2733 2559 2786 όντων
2598 2734 2678 2796 εἰς
2712 2732 2981 2803 ἀκουστὴν
3030 2731 3323 2804 [ὑπακοὴν]
3357 2733 3457 2803 (1),
3507 2732 3699 2795 καθὼς

2091 2826 2404 2896 γέγραπται
2436 2826 2566 2895 περὶ
2588 2824 2768 2877 αὐτῶν
2802 2826 2860 2876 ὲν
2895 2824 2972 2894 τῷ
3010 2823 3149 2878 Ἰὼϐ.

2166 2919 2252 2983 19,
2291 2918 2382 2971 20.
2416 2916 2791 2980 Ἐξαπέστειλε
2819 2916 2906 2969 διά
2932 2915 3041 2969 τῶν
3070 2916 3384 2969 ἀποστόλων
3427 2916 3603 2971 αὑτοῦ
3638 2920 3699 2969 ὲν

2092 3006 2171 3076 τῷ
2220 3008 2401 3060 σκότει
2449 3010 2670 3078 σημεῖα,
2702 3007 2795 3059 καὶ
2844 3007 3047 3077 τέρατα
3092 3006 3181 3059 διὰ
3211 3007 3320 3059 τῶν
3369 3006 3593 3073 ίάσεων,
3623 3002 3699 3061 ὧν

2094 3098 2404 3161 ἐπετέλουν,

2167 3189 2253 3243 21.
2285 3190 2408 3242 Ἐπὶ
2430 3189 2677 3244 διάϐολον
2713 3188 2787 3259 (2)
2815 3191 2910 3243 καὶ
2932 3190 3057 3253 τοὺς
3091 3191 3357 3259 ἀγγέλους
3388 3172 3582 3246 αὑτοῦ.

2166 3283 2256 3337 22.
2297 3285 2409 3348 Τάς
2440 3286 2689 3350 ἐναντίας
2721 3286 2979 3356 δυνάμεις
3014 3287 3072 3338 ἐν
3092 3286 3169 3357 τῷ
3197 3286 3537 3375 βαπτίσματι
3564 3289 3669 3360 (ὃ).

2164 3377 2254 3432 2'5.
2299 3376 2409 3441 Τὰς
2440 3377 2687 3445 ἐξουσίας
2716 3382 2810 3434 καὶ
2839 3382 2937 3444 τὰς
2963 3381 3137 3451 ἀρχὰς
3172 3382 3267 3435 τοῦ
3302 3383 3583 3438 διαϐόλου.

474 3465 565 3518 24.
609 3463 779 3517 Sehon
824 3462 970 3517 enim
1015 3462 1403 3531 interpretatur
1428 3460 1648 3515 tentatio
1678 3455 2029 3513 vehemens:t

2161 3468 2251 3521 24.
2293 3467 2467 3536 Σηὼν
2499 3469 2606 3542 γάρ
2642 3470 2719 3541 (4)
2768 3471 3132 3542 ἑρμηνεύεται
3172 3475 3507 3544 πειρασμὸς
3564 3478 3703 3544 θερ-

406 3556 834 3610 Αηιοτνίιωογωη
890 3554 1276 3621 interpretatur
1320 3552 1752 3607 exacerbantium
1816 3567 1983 3621 aqua-

406 3669 524 3705 rum
560 3666 578 3703 :
613 3649 891 3705 diabolum
941 3648 1106 3718 igitur
1142 3646 1430 3701 manifeste
1484 3644 1757 3715 signiﬁcat
1799 3658 1983 3713 regem

406 3744 715 3798 dmmonum
744 3739 1191 3795 exacerbantium
1217 3752 1432 3792 omnem
1460 3736 1718 3789 animam.

472 3834 564 3892 25.
603 3835 683 3905 Og
714 3847 908 3887 rursus
940 3832 1333 3900 interpretatur
1382 3842 1702 3897 congregans
1746 3842 1764 3879 :
1807 3823 1988 3879 Busan

405 3935 587 3981 autem
620 3926 1009 3994 interpretatur
1036 3920 1329 3991 ignominia
1355 3928 1511 3971 acuta
1542 3916 1857 3989 [ignominia
1878 3916 1956 3969 sic
1974 3945 1988 3957 -

405 4020 606 4082 citatis,
642 4026 737 4072 aut
783 4014 1015 4087 sicca]:
1056 4012 1409 4068 manifestum
1469 4020 1552 4065 est
1610 4010 1796 4080 igitur,
1842 4009 1988 4080 quod

405 4122 636 4165 mortem
666 4109 938 4180 signiﬁcat
963 4106 1338 4161 dominantem
1367 4119 1465 4173 per
1491 4111 1802 4173 peccatum.

474 4200 564 4253 26.
596 4198 661 4252 Et
696 4213 888 4253 omnes
921 4195 1278 4266 principatus,
1305 4204 1360 4249 et
1386 4203 1707 4264 potestates,
1737 4205 1798 4249 ut
1833 4204 1988 4250 antea

404 4290 538 4355 dixi,
586 4290 882 4345 colentium
932 4288 1308 4358 iniquitatem;
1362 4286 1468 4341 hoc
1529 4287 1677 4342 enim
1720 4287 1989 4357 signiﬁcat

405 4383 630 4438 verbum
663 4382 815 4445 illud,
849 4378 1127 4444 Chanaan,
1162 4378 1446 4432 colentium
1488 4379 1845 4448 iniquitatem.

474 4469 565 4536 27,
599 4469 687 4523 28.
723 4468 789 4523 Et
818 4475 1027 4538 gentes,
1065 4484 1204 4537 quas
1233 4466 1388 4537 prius
1418 4467 1551 4538 ipsae
1583 4483 1677 4536 per
1703 4476 1986 4537 peccatum

406 4562 681 4627 tenebant,
710 4576 804 4614 eas
853 4560 1001 4614 dedit
1048 4559 1311 4628 apostolis
1356 4560 1410 4613 in
1457 4558 1849 4622 hmreditatem,
1885 4558 1989 4612 hoc

404 4663 491 4710 est
538 4654 591 4707 in
637 4652 1044 4722 possessionem
1103 4650 1419 4707 hominibus
1465 4650 1778 4706 videntibus
1811 4666 1981 4705 eum:

406 4743 580 4802 Israel
609 4744 755 4798 enim
779 4744 1164 4800 interoretatur
1194 4745 1273 4797 vir
1292 4743 1469 4798 videns
1496 4743 1683 4798 Deum.

474 4926 562 4980 29.
604 4925 919 4981 lndelebile.

475 5017 564 5072 '50.
605 5017 673 5072 Et
692 5018 957 5074 memoria
976 5018 1294 5087 passionum
1325 5028 1543 5072 tuarum
1569 5024 1832 5087 perpetuo
1862 5034 1987 5088 per-

412 5119 608 5165 manet.

2085 3560 2231 3628 μός·
2275 3560 2629 3628 Ἀμοῤῥαίων
2657 3562 3017 3632 ἑρμηνεύεται
3064 3564 3500 3633 πικραινόντων
3544 3568 3701 3622 ὑδά-

2087 3666 2237 3701 των·
2286 3649 2481 3701 οὐκοῦν
2524 3650 2615 3703 τὸν
2659 3650 2903 3706 διάϐολον
2939 3655 3127 3723 σαφῶς
3159 3656 3306 3725 λέγει
3334 3655 3425 3709 τὸν
3463 3657 3701 3727 βασιλέα

2087 3742 2193 3794 τῶν
2219 3741 2491 3811 δαιμόνων
2516 3744 2625 3795 τῶν
2656 3746 3051 3814 πικραινόντων
3079 3751 3260 3802 πᾶσαν
3281 3749 3484 3821 ψυχήν.

2162 3832 2252 3885 25.
2279 3835 2381 3901 Ὢγ
2428 3834 2587 3887 πάλιν
2626 3837 2989 3907 ἑρμηνεύεται
3030 3839 3312 3908 ἀθροίζων
3337 3858 3349 3870 ·
3382 3842 3604 3897 Βασὰν
3637 3846 3695 3898 δὲ

2090 3922 2453 3993 ἑρμηνεύεται
2478 3927 2742 3995 αἰσχύνη
2774 3928 2928 3997 ξυρά
2955 3928 3239 3999 [αἰσχύνη
3266 3930 3570 4001 (inpacta;
3602 3950 3697 3991 aut

2091 4014 2267 4085 ξηρά]
2301 4015 2397 4087 (5)·
2439 4016 2596 4087 δῆλον
2631 4014 2745 4081 οὖν,
2795 4020 2875 4073 ὅτι
2927 4020 3154 4075 θάνατον
3200 4021 3348 4090 λέγει
3391 4024 3487 4077 τὸν
3529 4026 3694 4096 βασι-

2089 4105 2312 4161 λεύοντα
2344 4108 2445 4179 τῆς
2487 4111 2785 4181 ἁμαρτίας.

2162 4196 2250 4249 26.
2282 4197 2358 4268 (α)
2389 4200 2500 4252 Καὶ
2544 4200 2724 4263 πάσας
2768 4200 2867 4263 τὰς
2917 4201 3109 4272 ἀρχάς,
3146 4204 3239 4255 καὶ
3273 4200 3372 4265 τάς
3405 4202 3686 4268 ἐξουσίας,

2090 4286 2165 4350 ὡς
2198 4289 2482 4358 προεῖπον,
2519 4289 2626 4343 τῶν
2655 4292 3102 4362 προσκυνούντων
3140 4296 3206 4364 τῇ
3240 4294 3442 4365 ἀνομίᾳ
3462 4312 3477 4325 ·
3524 4298 3693 4350 τοῦτο

2090 4380 2198 4450 γὰρ
2228 4380 2593 4452 ἑρμηνεύεται
2614 4383 2857 4437 Χαναὰν
2876 4385 3384 4451 προσκυνούντων
3401 4387 3685 4456 ἀνομίαν.

2161 4469 2253 4534 27,
2283 4471 2373 4525 28.
2407 4472 2516 4525 Καὶ
2543 4472 2613 4525 τὰ
2646 4472 2794 4544 ἔθνη,
2830 4473 2866 4527 ἃ
2900 4472 2974 4544 (6)
3001 4474 3061 4526 τὸ
3105 4475 3370 4545 πρότερον
3423 4478 3583 4531 αὐτοὶ
3607 4475 3687 4531 εῖ-

2090 4577 2183 4631 χον
2234 4562 2322 4616 διὰ
2368 4564 2468 4634 τῆς
2512 4565 2743 4635 πλάνης,
2782 4564 2990 4618 ἔδωκαν
3024 4565 3162 4619 αὐτά
3206 4569 3318 4630 τοῖς
3365 4568 3690 4631 ἀποστόλοις

2090 4648 2520 4723 κληρονομῆσαι,
2552 4655 2799 4709 τουτέστι
2832 4655 3291 4726 περιποιήσασθαι
3320 4660 3434 4722 τοῖς
3459 4660 3688 4730 ἀνδράσι

2088 4744 2201 4805 τοῖς
2248 4742 2606 4815 θεασαμένοις
2645 4747 2807 4800 αὐτόν
2830 4764 2843 4777 ο
2889 4747 3134 4817 Ἰσραὴλ
3172 4748 3281 4817 γὰρ
3320 4750 3690 4822 ἑρμηνεύεται

2020 4810 2065 4865 ι)
2095 4833 2251 4905 ἀνὴρ
2273 4810 2435 4905 δρῶνθ’
2456 4840 2624 4891 Θεόν.

2168 4926 2258 4983 29.
2286 4929 2712 4996 Ἀνεξάλειπτον.

2298 5021 2409 5072 Καὶ
2451 5023 2483 5091 ή
2528 5022 2716 5092 μνήμη
2744 5022 2851 5075 τῶν
2877 5022 3218 5093 παθημάτων
3254 5042 3348 5078 σου
3382 5025 3472 5079 ἀεὶ
3503 5025 3667 5096 διαμέ

2169 5112 2222 5163 ι(
2271 5119 2303 5163 l.

2117 5126 2175 5161 ει
2206 5112 2303 5181 (7).

1364 5218 1677 5282 Addenda
1703 5226 1764 5282 et
1793 5221 2177 5302 corrigenda
2228 5242 2304 5286 ex
2362 5227 2505 5288 cod.
2551 5229 2754 5291 Vatic.

478 5370 554 5439 (1)
595 5371 687 5434 Et;
715 5370 971 5435 ἄϐυσσον,
1002 5369 1203 5435 καθώς,
1234 5378 1336 5425 etc.

477 5442 554 5508 (2)
582 5442 702 5493 Ἐπὶ
739 5444 829 5494 τὸν
854 5441 1116 5505 διάϐολον,
1146 5450 1251 5494 etc.

477 5446 554 5579 (2;
582 5446 702 5493 Ἐπὶ
739 5446 829 5494 τὸν
854 5446 1116 5505 διάϐολον,
1146 5450 1251 5494 etc.

476 5513 531 5579 (5
592 5512 934 5582 Βαπτίσματι
972 5511 1303 5581 συνέτριψεν.

480 5583 554 5652 (4)
594 5584 705 5653 Γάρ
733 5585 933 5653 deest.)

2182 5375 2236 5447 5)
2277 5376 2445 5447 Ξηρά,
2471 5390 2601 5441 etc.,
2632 5380 2714 5432 ὅτι
2739 5380 2827 5432 τὸν
2859 5381 3104 5447 θάνατον,
3135 5392 3239 5437 etc.

2279 5446 2369 5499 Τά
2384 5465 2479 5516 pro
2506 5454 2539 5501 zz
2567 5450 2646 5506 τό.
2680 5461 2808 5514 etc.,
2842 5451 3063 5515 ἔδωκεν,
3103 5464 3231 5519 τις.Δ

2188 5517 2240 5587 7)
2281 5520 2548 5573 Διαμενεῖ.

475 5737 550 5810 (a)
576 5736 692 5794 Non
722 5739 914 5807 legitur
953 5756 1005 5793 in
1041 5740 1163 5794 cod.
1196 5748 1489 5794 comment.
1523 5741 1593 5796 ad
1623 5739 1783 5809 [hunc
1812 5756 1978 5808 vers.,
2016 5740 2143 5811 quia
2170 5740 2301 5798 etin
2332 5743 2541 5812 psalmo
2570 5742 2905 5798 desideratur
2942 5757 3083 5798 vers.
3116 5744 3207 5799 26.
