3860 6220
150 256 314 313 1⁵265

226 373 326 427 51.
345 372 468 425 ’Ὁτι
494 375 671 443 κρινεί
699 373 903 444 Κύριος
933 374 1022 425 τὸν
1062 375 1189 427 λαὸν
1218 376 1384 428 αὐτοῦ
1408 394 1421 409 ’

225 462 326 516 52.
366 463 475 516 Καὶ
509 464 602 516 ἐπὶ
636 466 748 528 τοῖς
776 464 982 529 δούλοις
1015 467 1180 520 αὑτοῦ
1218 470 1721 543 παρακληθήσεται.

227 557 325 611 55.
368 555 449 610 Τὰ
488 556 682 611 εἴδωλα
721 557 829 611 τῶν
882 558 1051 614 ἐθνῶν
1085 563 1350 635 ἀργύριον
1385 566 1481 619 καὶ
1516 567 1739 638 χρυσίον

144 648 306 719 ἔργα
331 649 529 720 χειρῶν
564 649 888 722 ἀνθρώπων.

232 738 328 793 54.
371 739 557 809 Στόμα
586 739 791 810 ἔχουσι,
823 743 916 795 καὶ
940 744 1000 795 οὐ
1035 743 1364 817 λαλήσουσιν
1384 770 1398 783 ·

229 831 326 885 55.
352 830 701 903 Ὀφθαλμοὺς
730 833 935 904 ἔχουσι,
954 837 1048 889 καὶ
1071 838 1171 890 οὐκ
1196 838 1439 909 ὄψονται.

228 921 327 977 56.
345 918 484 976 Ὦτα
518 923 722 995 ἔχουσι,
754 928 849 979 καὶ
876 928 977 980 οὐκ
999 930 1457 1001 ἑνωτισθήσονται
1480 932 1763 1003 [ἀκούσον-

144 1013 301 1085 m1-

230 1110 325 1163 37.
368 1109 506 1164 Οὐδὲ
532 1111 641 1182 γάρ
664 1112 781 1166 ἐστι
812 1113 1031 1183 πνεῦμα
1059 1116 1116 1167 ἑν
1150 1113 1228 1185 τῷ
1259 1116 1489 1186 στόματι
1523 1116 1721 1171 αὐτῶν.

235 1202 332 1257 58.
350 1202 573 1275 Ὅμοιοι
601 1206 787 1271 αὐτοῖς
812 1205 1056 1275 γένοιντο
1086 1209 1135 1261 οί
1168 1208 1450 1273 ποιοῦντες
1476 1211 1638 1274 αὐτὰ,

233 1294 327 1349 59.
372 1296 483 1349 Καὶ
516 1296 717 1359 πάντες
745 1299 792 1349 oi
820 1298 1141 1362 πεποιθότες
1167 1301 1255 1352 ἐπ’
1284 1301 1487 1364 αὐτοῖς.

228 1390 326 1445 40.
369 1387 532 1456 Οἶκος
564 1392 803 1464 Ἰσραὴλ,
832 1393 1165 1466 εὐλογήσατε
1194 1395 1282 1447 τὸν
1308 1394 1542 1466 Κύριον·

230 1483 325 1536 41.
368 1482 534 1546 Οἶκος
560 1483 796 1555 Ἀαρὼν,
824 1485 1158 1559 εὐλογήσατε
1188 1486 1280 1541 τὸν
1301 1487 1507 1559 Κύριον
1526 1507 1538 1518 ’

230 1575 325 1629 42.
369 1570 535 1638 Οἶκος
564 1575 716 1639 Λευῒ,
756 1577 1092 1649 εύλογήσατε
1121 1579 1212 1632 τὸν
1247 1579 1452 1649 Κύριον
1478 1596 1490 1608 ·

234 1668 326 1721 45.
369 1666 435 1722 Οἱ
485 1667 813 1739 φοϐούμενοι
862 1671 952 1724 τὸν
1002 1671 1226 1743 Κύριον,
1288 1670 1621 1743 εὑλογήσατε
1671 1674 1761 1725 τὸν

154 1758 391 1829 Κύριον.

237 1850 329 1905 44.
375 1849 685 1924 Εὐλογητὸς
724 1855 929 1925 Κύριος
960 1857 1023 1908 ὲκ
1057 1855 1215 1919 Σιὼν,

234 1940 329 1994 45.
359 1940 421 1995 Ὀ
456 1943 728 1997 κατοικῶν
772 1944 1153 2016 Ἰερουσαλήμ.

1069 262 1158 316 DE
1201 262 1481 320 TlTULlS
1532 266 1991 330 PSALMORUM.
2038 305 2106 319 --
2146 270 2342 328 PSAL.
2380 269 2660 325 CXXXIV.

3329 278 3469 335 1266

1794 387 1836 440 Α
1939 385 2031 437 51.
2076 384 2216 451 Quia
2248 384 2521 454 judicabit
2548 383 2816 439 Dominus
2856 389 3118 457 populum
3156 406 3356 445 suum:

1942 475 2031 528 32.
2076 474 2143 529 Et
2167 476 2218 529 in
2246 476 2421 530 servis
2458 476 2575 530 suis
2603 475 3006 546 deprecabitur.

1938 569 2025 621 55.
2069 567 2376 623 Simulacra
2413 568 2661 637 gentium
2688 579 2972 640 argentum
3006 580 3061 625 et
3092 586 3313 639 aurum,
3342 587 3468 643 ope.-

1864 673 1923 712 ra
1956 674 2220 713 manuum
2253 660 2558 716 hominum.

1937 753 2028 808 54.
2071 751 2146 807 Os
2176 754 2398 821 habent,
2431 764 2485 809 et
2515 769 2625 809 non
2658 755 2950 825 loquentur
2983 776 2997 811 :

1936 845 2025 901 55.
2067 844 2269 900 Oculos
2302 846 2522 909 habent,
2555 856 2610 901 et
2640 861 2750 901 non
2785 847 3059 903 videbunt.

1937 938 2023 992 56.
2070 936 2247 993 Aures
2283 936 2505 1001 habent,
2534 946 2588 993 et
2620 953 2731 992 non
2764 938 2990 992 audient
3020 956 3032 990 :

1940 1115 2029 1169 57.
2072 1113 2260 1185 Neque
2285 1115 2431 1169 enim
2463 1122 2550 1168 est
2578 1113 2807 1183 spiritus
2841 1113 2894 1167 in
2927 1128 3021 1167 ore
3054 1113 3320 1183 ipsorum.

1936 1206 2025 1261 38.
2072 1205 2291 1261 Similes
2320 1206 2427 1261 illis
2462 1206 2595 1260 ﬁant
2622 1205 2714 1276 qui
2752 1205 2962 1261 faciunt
2991 1222 3077 1272 ea,

1938 1298 2026 1351 59.
2072 1296 2139 1350 Et
2166 1312 2357 1351 omnes
2391 1295 2486 1367 qui
2525 1296 2805 1351 conﬁdunt
2834 1296 2887 1349 in
2913 1296 3015 1352 eis.

1940 1396 2028 1450 40.
2068 1394 2277 1450 Domus
2306 1393 2495 1462 Israel,
2536 1394 2843 1449 benedicite
2868 1393 3139 1447 Domino:

1937 1488 2027 1542 41.
2071 1485 2278 1542 Domus
2308 1488 2514 1553 Aaron,
2550 1485 2858 1540 benedicite
2888 1485 3120 1541 Domino
3148 1505 3160 1539 :

1938 1580 2026 1633 42.
2074 1578 2280 1633 Domus
2308 1576 2460 1643 Levi,
2496 1578 2803 1633 benedicite
2838 1577 3108 1632 Domino:

1940 1672 2027 1725 45.
2068 1668 2174 1737 Qui
2202 1670 2409 1725 timetis
2444 1668 2761 1737 Dominum,
2796 1668 3103 1725 benedicite
3139 1668 3385 1725 Domino.

1941 1849 2030 1902 44.
2075 1848 2401 1903 Benedictus
2433 1848 2698 1902 Dominus
2734 1862 2797 1901 ex
2828 1847 2981 1910 Sion,

1942 1942 2031 1996 45.
2075 1940 2180 2007 Qui
2211 1940 2423 1995 habitat
2448 1939 2503 1993 in
2530 1937 2857 1995 Jerusalem.

1311 2143 1693 2199 ATHANASII
1738 2142 2323 2199 INTERPRETATIO.

231 2324 324 2379 3|.
345 2323 467 2376 Ὅτι
495 2326 709 2395 ποιήσει
736 2323 941 2395 Κύριος
963 2325 1064 2395 τὴν
1087 2326 1365 2396 ἐκδίκησιν
1394 2325 1486 2379 τοῦ
1512 2325 1641 2378 λαοῦ
1663 2328 1750 2379 αῦ-

154 2417 255 2472 τοῦ
292 2419 360 2470 ὲκ
394 2416 501 2471 τῶν
531 2417 788 2471 ἐναντίων
818 2416 1121 2487 δυνάμεων.

229 2511 326 2565 52.
364 2510 474 2565 Καὶ
526 2512 619 2564 ἐπὶ
650 2512 764 2573 τοῖς
813 2510 1149 2563 ὑπακούουσι
1179 2510 1256 2581 τῷ
1292 2511 1434 2582 λόγῳ
1459 2511 1552 2565 τοῦ
1584 2512 1762 2581 Εὐαγ-

153 2604 347 2671 γελίου
380 2603 573 2657 ἑαυτὸν
606 2604 938 2675 δυσωπήσεις
972 2604 1466 2675 καταλλαγήσεται.

229 2696 327 2749 55.
375 2696 457 2749 Τὰ
492 2694 723 2767 σώματα
754 2697 847 2750 καὶ
881 2697 939 2749 αί
981 2696 1151 2767 ψυχαὶ
1190 2698 1297 2749 τῶν
1332 2696 1559 2761 ἐθνικῶς
1588 2696 1763 2768 βιούν-

156 2806 271 2843 των
330 2788 653 2841 δεδούλωται
698 2790 774 2861 (1)
822 2792 887 2862 τῇ
933 2788 1301 2860 φιλαργυρίαι
1348 2789 1410 2841 τὸ
1450 2790 1546 2859 μὲν
1603 2790 1766 2842 ίδικὸν

156 2879 235 2942 ὡς
267 2880 367 2932 καὶ
397 2878 631 2949 ἀλλαχοῦ
654 2881 869 2953 εἴρηται
900 2880 1059 2950 δῆλόν
1091 2882 1261 2938 ἑστιν.
1288 2880 1398 2950 ἡδὲ
1424 2879 1626 2952 Θεωρία
1646 2879 1768 2933 τοῦ-

157 2989 220 3026 το
256 2970 535 3042 βούλεται.

228 3066 327 3121 54.
368 3065 535 3119 Οὐδὲν
567 3064 676 3137 γὰρ
706 3068 981 3138 εἰρηνικὸν
1014 3069 1071 3120 ἐν
1100 3065 1178 3136 τῷ
1204 3067 1433 3137 στόματι
1459 3066 1656 3120 αὐτῶν.

1939 2325 2027 2378 51.
2063 2324 2330 2391 Quoniam
2364 2323 2632 2379 Dominus
2664 2322 2968 2378 vindicabit
3007 2324 3272 2391 populum
3301 2340 3460 2381 suum

1871 2428 1900 2466 a
1932 2413 2228 2468 contrariis
2260 2413 2645 2483 potestatibus.

1940 2506 2030 2559 52.
2094 2504 2159 2559 Et
2219 2504 2273 2559 in
2330 2504 2713 2560 obedientibus
2743 2504 2912 2560 verbo
2962 2506 3242 2577 Evangelii
3290 2508 3373 2563 sui
3404 2524 3463 2565 se

1869 2598 2048 2667 ipsum
2083 2612 2323 2652 exorans
2353 2598 2823 2653 reconciliabitur.

1940 2691 2032 2744 55.
2062 2688 2332 2761 Corpora,
2366 2699 2420 2745 et
2449 2692 2647 2746 animae
2694 2707 2908 2758 eorum,
2951 2694 3041 2762 qui
3080 2693 3356 2762 gentiliter
3383 2695 3462 2748 νὶ-

1866 2792 2025 2844 vunt,
2054 2782 2361 2838 inserviunt
2391 2783 2636 2837 avaritia:
2686 2801 2700 2837 :
2748 2784 2974 2854 proprie
3007 2796 3190 2839 autem
3223 2786 3355 2856 quid
3385 2788 3463 2841 si-

1867 2874 2087 2945 gniﬁcet
2108 2874 2237 2929 alibi
2258 2875 2423 2930 etiam
2455 2876 2662 2931 dictum
2693 2884 2797 2942 est,
2816 2876 3076 2947 allegoria
3109 2886 3292 2932 autem
3319 2878 3461 2933 hanc

1867 2966 2036 3036 exigit
2062 2965 2510 3035 explicationem.

1939 3059 2029 3114 54.
2071 3057 2220 3113 Nihil
2247 3060 2393 3114 enim
2429 3061 2721 3131 paciﬁcum
2756 3061 2810 3115 in
2846 3076 2943 3116 ore
2978 3062 3243 3131 ipsorum.

231 3158 328 3213 35.
357 3158 444 3210 Ἐν
476 3158 659 3212 σκότει
689 3159 799 3232 γὰρ
848 3160 1293 3231 διαπορευόμενοι
1320 3160 1395 3231 (2)
1424 3162 1525 3214 οὐκ
1568 3162 1767 3231 ἁνανή-
1794 3163 1797 3185 ⁴

1942 3152 2030 3205 55.
2074 3152 2133 3205 In
2190 3151 2431 3207 tenebris
2464 3168 2681 3224 semper
2708 3154 3056 3209 ambulantes
3090 3155 3155 3208 ad
3191 3154 3455 3210 sobrieta~

161 3266 267 3303 (Ωου
278 3265 384 3303 σιν.

229 3337 328 3393 56.
349 3338 461 3409 Οὐχ
489 3340 825 3395 ὑπακούουσι
856 3342 965 3414 γὰρ
989 3346 1101 3407 τοῖς
1125 3344 1216 3397 τοῦ
1249 3343 1385 3398 Θεοῦ
1409 3346 1765 3416 προστάγμα-

164 3446 278 3495 σιν,
312 3428 390 3493 ὡς
432 3430 525 3482 καὶ
577 3431 606 3482 ὁ
656 3431 863 3502 Κύριος
910 3434 1048 3504 πρὸς
1077 3436 1203 3498 τοὺς
1239 3435 1513 3499 τοιούτους
1545 3436 1762 3505 ἔλεγεν·

173 3520 232 3573 '0
263 3522 427 3591 ἔχων
453 3516 576 3575 ὦτα
608 3523 876 3593 ἀκούειν,
908 3527 1196 3580 ἀκουέτω.

230 3612 330 3668 57.
372 3613 507 3666 Οὐδὲ
541 3615 617 3685 (5)
654 3615 762 3688 γὰρ
794 3617 977 3688 ἔχουσι
1007 3618 1231 3689 Πνεῦμα
1266 3622 1441 3689 ἅγιον.

232 3705 330 3759 58.
358 3704 588 3776 Ὁμοίως
614 3709 723 3763 τῶν
749 3712 1048 3782 χρημάτων
1076 3712 1153 3782 τῷ
1189 3714 1320 3783 πυρὶ
1362 3716 1764 3786 παραδοθήσον-

161 3817 256 3853 ται
288 3799 339 3852 οἱ
371 3798 797 3871 θησαυρίζοντες
824 3806 990 3860 αὑτά.

235 3893 331 3949 59.
372 3895 483 3948 Καὶ
522 3896 725 3959 πάντες
748 3898 796 3950 οί
828 3898 1150 3963 πεποιθότες
1183 3900 1276 3952 ἐπὶ
1305 3899 1536 3953 πλούτου
1573 3899 1763 3969 ἀδηλό-

168 4002 314 4058 τητι.

236 4079 335 4134 40.
372 4079 435 4133 Οἱ
467 4080 683 4135 εὐθεῖαν
716 4080 931 4152 ἔχοντες
958 4083 1056 4155 τὴν
1087 4083 1314 4146 καρδίαν
1338 4084 1474 4157 πρὸς
1496 4086 1587 4137 τὸν
1610 4085 1763 4147 Θεὸν,

170 4172 431 4238 δοξάσατε
462 4174 552 4227 τὸν
582 4175 788 4247 Κύριον
810 4192 822 4206 ’
860 4177 1110 4246 Ἰσραὴλ
1138 4176 1245 4249 γὰρ
1282 4177 1645 4249 ἑρμηνεύεται
1671 4181 1740 4231 εὐ

171 4265 361 4331 θύτης
386 4264 556 4321 Θεοῦ.

241 4354 334 4411 41.
374 4356 436 4409 Οί
468 4357 672 4429 ἑδραῖοι
694 4358 848 4421 ὄντες
872 4361 999 4429 περὶ
1023 4359 1123 4430 τὴν
1156 4361 1340 4413 πίστιν
1366 4361 1459 4413 καὶ
1484 4359 1583 4424 τὰς
1614 4362 1765 4413 ἑντο-

171 4449 271 4515 λὰς
297 4449 392 4504 τοῦ
420 4450 578 4515 Θεοῦ,
610 4452 868 4517 δοξάσατε
900 4451 976 4523 (4)
1003 4453 1095 4505 τὸν
1118 4452 1321 4522 Κύριον
1346 4470 1358 4482 ·
1401 4453 1620 4521 Ἀαρὼν
1658 4454 1769 4524 γὰρ

173 4542 537 4614 ἑρμηνεύεται
566 4544 705 4612 ὅρος
730 4544 1014 4598 δυνατόν.

243 4631 337 4685 4Ξ.
362 4633 423 4685 Οἱ
454 4633 840 4704 προσκείμενοι
870 4633 948 4703 τῷ
973 4632 1112 4704 Θεῷ,
1138 4634 1398 4700 δοξάσατε
1426 4634 1516 4688 τὸν
1538 4634 1759 4706 Κύριον·

173 4722 322 4776 Λευῒ
354 4722 431 4792 (5)
458 4722 565 4794 γὰρ
590 4724 950 4796 ἑρμηνεύεται
980 4726 1436 4795 προσκείμενος.

245 4813 333 4867 45.
371 4816 433 4866 Ol
461 4815 707 4889 εὐλαϐεῖς
732 4819 797 4889 τῇ
822 4819 1037 4889 καρδίᾳ,
1064 4818 1445 4888 ἐγκωμιάσατε
1472 4816 1653 4869 αὐτόν.

245 4904 336 4968 44,
362 4905 448 4959 45.
482 4906 637 4959 Σιὼν
650 4904 1016 4980 ’ἑρμηνεύεται
1046 4907 1288 4977 διψῶσα
1307 4925 1320 4938 ·
1367 4905 1764 4975 Ἰερουσωῑὴμ

178 4993 540 5065 ἑρμηνεύεται
578 4994 788 5064 ὅρασις
815 4997 1059 5066 εἰρήνης
1083 5014 1095 5027 ⁸
1126 5000 1191 5050 ὲκ
1220 4997 1444 5069 καρδίας
1470 4992 1563 5049 οῦν
1596 4995 1763 5064 διψώ-

179 5101 280 5155 σης
314 5085 391 5157 (6)
422 5085 711 5156 εὐλογητὸς
737 5088 941 5160 Κύριος
972 5092 1000 5142 ό
1033 5088 1301 5142 κατοικῶν
1335 5091 1394 5143 ἑν
1429 5089 1584 5159 αὐτῇ.

1870 3254 1976 3299 tem
2011 3244 2213 3300 mentis
2243 3260 2354 3299 non
2380 3246 2633 3301 redeunt.

1939 3338 2027 3392 56.
2080 3336 2197 3392 Non
2234 3338 2381 3394 enim
2424 3338 2686 3394 obediunt
2734 3337 2933 3393 divinis
2978 3340 3287 3408 prmecptis,
3319 3338 3463 3393 sicut

1869 3440 1923 3485 et
1949 3431 2215 3486 Dominus
2238 3431 2359 3487 istis
2387 3432 2526 3485 dixit
2558 3431 2697 3496 :Qui
2721 3432 2874 3485 habet
2902 3448 3057 3486 aures
3086 3431 3339 3485 audiendi
3362 3448 3460 3485 au-

1869 3525 2005 3578 dial.

1940 3618 2026 3671 57.
2069 3616 2255 3687 Neque
2284 3616 2431 3671 enim
2469 3616 2673 3671 habent
2706 3616 2973 3688 Spiritum
3008 3626 3280 3672 sanctum.

1941 3709 2030 3762 58.
2073 3708 2306 3764 Perinde
2353 3724 2417 3762 ac
2462 3709 2707 3775 pecunia:
2734 3709 2843 3779 igni
2877 3710 3163 3765 tradentur
3188 3710 3463 3765 thesauri-

1870 3811 2058 3854 ZGMPS
2080 3816 2193 3855 63$.

1940 3892 2028 3946 59.
2073 3891 2137 3945 Et
2166 3892 2487 3961 omnes,qui
2518 3890 2873 3946 conﬁduntin
2894 3891 3103 3947 incerto
3118 3891 3457 3947 divitiarum.

1939 4070 2027 4124 40.
2068 4067 2174 4135 Qui
2213 4077 2425 4123 rectum
2458 4067 2671 4122 habetis
2723 4082 2819 4121 cor
2850 4067 2916 4121 ad
2958 4066 3125 4122 Deum
3162 4066 3465 4137 gloriﬁcate

1869 4164 2158 4219 Dominum
2189 4181 2201 4216 :
2235 4160 2409 4215 Israel
2448 4161 2593 4216 enim
2622 4160 3016 4229 interpretatur
3046 4159 3307 4212 rectitudo
3337 4158 3461 4215 Dei.

1940 4343 2031 4397 41.
2064 4341 2168 4408 Qui
2196 4342 2339 4396 ﬁrmi
2366 4342 2499 4397 estis
2527 4340 2581 4395 in
2610 4339 2715 4394 ﬁde
2746 4349 2801 4395 et
2835 4340 3121 4411 prxeceptis
3146 4339 3264 4406 Dei,
3292 4338 3459 4410 glori-

1871 4436 2029 4490 ﬁcate
2075 4434 2369 4489 Dominum
2423 4450 2436 4485 :
2495 4439 2677 4486 Aaron
2714 4434 2860 4487 enim
2898 4433 3281 4502 interpretatur
3313 4448 3463 4485 mons

1872 4530 2047 4600 fortia.
2633 4600 2640 4609 ν

1941 4625 2031 4679 42.
2065 4621 2313 4694 Appositi
2341 4621 2452 4676 Deo
2478 4621 2777 4692 glorilicate
2802 4622 3093 4676 Dominum
3122 4640 3135 4675 :
3168 4621 3291 4675 Levi
3316 4622 3462 4677 enim

1870 4718 2260 4786 interpretatur
2288 4714 2585 4784 appositus.

1933 4806 2020 4859 45.
2051 4803 2132 4860 Pii
2158 4812 2211 4859 et
2236 4804 2488 4859 timentes
2522 4804 2707 4868 corde,
2737 4806 2975 4859 exaltate
3005 4819 3153 4859 eum.

1937 4899 2028 4965 44,
2059 4898 2148 4953 45.
2182 4896 2315 4954 Sion
2348 4898 2740 4966 interpretatur
2770 4897 2952 4950 sitiens
2985 4913 3001 4949 :
3036 4895 3336 4951 Jerusalem
3382 4896 3465 4950 in-

1873 5000 2203 5062 terpretatur
2236 4992 2370 5045 visio
2398 4992 2547 5062 pacis
2577 5006 2595 5042 :
2625 5006 2693 5045 ex
2722 4991 2885 5045 corde
2914 4991 3078 5059 igitur
3121 4991 3339 5047 sitiente
3377 4990 3469 5045 be-

1877 5085 2129 5140 nedictus
2159 5083 2449 5151 Dominus,
2474 5084 2569 5154 qui
2605 5084 2814 5138 habitat
2849 5083 2904 5136 in
2930 5083 3070 5154 ipso.

1144 5270 1453 5333 Addenda
1497 5275 1559 5330 et
1591 5268 1972 5348 corrigenda
2004 5284 2084 5329 ex
2124 5267 2264 5329 cod.
2301 5263 2505 5329 Vatic.

370 5533 753 5604 ῌορευόμενοι.

255 5598 335 5672 (3)
376 5598 508 5675 Qu'ae
530 5598 633 5659 su'b
662 5621 715 5657 η.
743 5604 809 5658 s7
835 5604 1052 5675 desunt.
1074 5606 1139 5660 At
1178 5606 1265 5671 57,
1294 5605 1381 5669 33,
1404 5605 1475 5657 ita
1502 5604 1769 5675 εὈμοίως

253 5462 299 5530 (1
368 5460 750 5517 Δεδούλωνται.

253 5466 335 5671 (ﬁ:
370 5533 750 5604 Πορευόμενοι.

255 5598 311 5671 (5
376 5601 508 5668 Quae
530 5605 633 5659 sub
662 5621 715 5657 η.
743 5604 750 5655 ε

184 5670 289 5725 τῶν
320 5670 624 5745 χρημάτων
656 5674 1115 5745 παραδοθήσονται
1146 5676 1222 5745 τῷ
1256 5676 1458 5745 αἰωνίῳ
1502 5670 1632 5746 πυρὶ
1674 5675 1769 5746 θη-

1880 5462 2225 5525 σαυρίζοντες
2252 5460 2409 5513 αύτὰ.

1951 5481 1979 5514 υ
2026 5480 2225 5525 ιςοντες
2252 5480 2409 5513 αυτα.

1948 5480 2023 5602 (ί)
2064 5530 2332 5604 Δοξᾴσατε
2368 5531 2457 5584 τὸν
2491 5532 2716 5604 Κύριον,
2747 5534 2897 5589 deest
2931 5533 2985 5588 in
3014 5532 3135 5590 eod.

1948 5605 2024 5671 (5)
2064 5602 2226 5673 Λευῒς
2260 5602 2389 5673 γάρ,
2418 5612 2520 5657 etc.

1952 5674 2027 5745 (6)
2070 5672 2320 5744 Διψώσης
2342 5672 2538 5741 αὑτὸν,
2572 5674 2881 5744 εὐλογητός,
2916 5683 3021 5732 etc.
