3860 6220
194 286 337 344 1269
1087 283 1176 337 DE
1215 280 1495 337 TITULIS
1535 280 1718 336 PSAL‘

1935 279 1989 336 ιι.
2030 311 2102 322 -—
2139 279 2335 336 PSAL.
2377 279 2639 337 CXXXV.
3323 283 3459 340 1270

261 407 351 463 15.
389 405 494 459 Τὸν
519 405 673 476 1Ιιλιον
699 405 778 468 εἰς
809 402 1058 468 ἐξουσίαν
1080 405 1178 474 τῆς
1207 406 1423 476 ἡμέρας
1448 421 1465 438 ο

1325 422 1423 476 ρας
1448 421 1465 438 ο
1805 409 1851 465 Α
1951 403 2040 459 15.
2083 403 2264 458 Solem
2300 403 2354 458 in
2388 413 2712 474 potestatein
2741 402 2849 458 diei

262 495 348 552 16.
383 496 506 549 Ὀτι
532 497 613 560 εἰς
634 493 726 548 τὸν
749 493 921 547 αἰῶνα
956 495 1016 546 τὸ
1046 494 1192 556 ἕλεος
1222 493 1408 548 αὐτοῦ.

1955 497 2040 552 16.
2078 495 2350 562 Quoniam
2374 498 2428 550 in
2459 507 2720 552 aeternum
2764 495 3144 552 misericordia
3176 498 3316 569 ejus.

261 587 352 642 17.
387 587 498 642 Τὴν
522 587 750 658 σελήνην
773 585 1016 648 καὶτοὺς
1045 587 1280 658 ἀστέρας
1303 589 1384 651 εἰς
1409 586 1657 652 ἐξουσίαν
1679 588 1776 658 τῆς

1756 605 1776 650 ς
1961 589 2044 642 l7.
2081 588 2293 644 Lunam
2321 597 2376 644 et
2410 589 2597 644 stellas
2627 589 2682 643 in
2711 597 3041 658 potestatem
3075 589 3280 646 aoctis:

186 679 388 743 νυκτός
409 695 422 709 °

266 772 352 826 18.
396 773 519 826 Ὅτι
547 774 628 835 εἰς
655 771 747 825 τὸν
781 770 956 826 αἰῶνα
979 777 1040 824 τό
1060 771 1208 835 ἔλεος
1231 772 1416 826 αὐτοῦ.

1888 767 1905 774 ”
1955 768 2042 824 {8.
2088 771 2364 836 Quoniam
2393 787 2448 825 in
2493 779 2758 826 aeternum
2795 769 3172 826 misericordia
3206 770 3345 842 ejus.

262 861 354 916 19.
393 861 482 933 Τῷ
505 863 806 928 πατάξαντι
831 861 1106 929 Αἴγυπτον
1139 864 1235 916 σὺν
1275 865 1391 926 τοῖς
1413 863 1778 934 πρωτοτόκου

1952 863 2042 917 19.
2074 861 2180 928 Qui
2232 863 2507 933 percussit
2545 862 2840 934 Egyptum
2901 879 3027 918 cum
3083 863 3457 937 primogenltis

188 956 376 1010 αὐτῶν
396 973 410 986 ⁹
984 977 992 1006 ι

984 977 992 1006 ι
1877 970 2070 1012 eorum
2096 972 2113 1010 :-

259 1047 352 1102 20.
388 1048 508 1100 Ὀτι
540 1051 619 1111 εἰς
646 1047 736 1101 τὸν
765 1047 937 1102 αἰῶνα
968 1048 1029 1100 τὸ
1057 1047 1205 1110 ἕλεος
1229 1047 1416 1100 αὐτοῦ.

1950 1048 2043 1104 20.
2079 1045 2352 1114 Quoniam
2387 1049 2444 1104 in
2479 1057 2740 1104 aeternum
2773 1049 3155 1106 misericordia
3175 1050 3313 1121 ejus.

261 1139 353 1193 21.
392 1140 500 1194 Kal
522 1140 846 1209 ὲξαγαγόντι
874 1139 964 1192 τὸν
1008 1139 1223 1210 Ἰσραὴλ
1248 1142 1312 1192 ὲκ
1346 1139 1513 1209 μέσου
1537 1140 1714 1192 αὐτῶν
1734 1157 1745 1169 ·

1625 1141 1745 1192 τῶνο
1947 1139 2038 1192 21.
2073 1136 2180 1205 Qui
2208 1139 2400 1194 eduxit
2430 1138 2597 1195 Israel
2631 1141 2698 1196 de
2723 1142 2904 1198 medio
2927 1157 3149 1198 eorum:

259 1229 353 1283 22.
385 1230 508 1282 Ὅτι
541 1233 620 1294 εἰς
647 1231 739 1283 τὸν
764 1231 936 1284 αἰῶνα
967 1231 1027 1284 τὸ
1056 1230 1201 1294 ἔλεος
1232 1229 1419 1284 αὐτοῦ.

1952 1220 2043 1284 22.
2081 1229 2352 1296 Quoniam
2381 1232 2434 1285 in
2471 1239 2738 1286 aeternum
2793 1234 3172 1289 misericordia
3210 1233 3346 1304 ejus.

263 1321 358 1376 25.
402 1323 489 1374 ’Ev
513 1323 658 1393 χειρὶ
683 1323 924 1393 κραταιιᾷ
953 1323 1046 1375 καὶ
1073 1325 1130 1375 έν
1155 1321 1400 1393 βραχίονι
1425 1322 1646 1394 “mhi”

1951 1324 2042 1376 25.
2087 1323 2146 1376 ln
2184 1337 2350 1377 manu
2380 1324 2583 1392 potenti
2627 1333 2682 1378 et
2712 1324 2938 1380 brachio
2965 1325 3213 1380 excelso:

261 1413 355 1468 24.
388 1415 512 1468 ’Ότι
546 1417 625 1478 εἰς
657 1415 749 1468 τὸν
773 1415 946 1468 αἰῶνα
974 1415 1033 1468 τὸ
1053 1415 1202 1478 ἔλεος
1233 1414 1423 1469 αὐτοῦ.

1954 1415 2048 1468 24.
2084 1415 2360 1480 Quoniam
2392 1415 2445 1468 in
2479 1423 2745 1470 aeternum
2778 1415 3151 1471 misericordia
3179 1417 3316 1487 ejus.

263 1506 356 1560 25.
393 1505 483 1577 Τῷ
528 1506 899 1560 καταδιελόντι
947 1506 1045 1578 τὴν
1087 1505 1358 1577 Ἐρυθρὰν
1387 1505 1664 1560 θάλασσαν
1699 1522 1777 1570 εις

1765 1525 1777 1570 ;
1956 1505 2047 1560 25.
2079 1505 2186 1570 Qui
2209 1505 2395 1560 divisit
2423 1521 2574 1561 mare
2602 1506 2848 1561 Rubrum
2874 1508 2928 1560 in
2961 1506 3289 1562 divisiones:

189 1597 488 1668 διαιρέσεις
505 1615 519 1628 ο
689 1600 702 1610 ’

262 1686 355 1742 26.
396 1689 518 1741 ’Ότι
552 1689 628 1752 εἰς
655 1688 744 1742 τὸν
771 1689 943 1742 αἰῶνα
967 1688 1026 1740 τὸ
1058 1687 1208 1752 ἕλεος
1233 1686 1420 1740 αὑτοῦ.

1959 1684 2049 1739 26.
2086 1684 2360 1752 Quoniam
2403 1687 2460 1740 in
2485 1695 2749 1741 aeternum
2776 1684 3154 1740 misericordia
3179 1683 3319 1754 ejus.

261 1779 357 1834 27.
389 1781 496 1832 Kal
532 1781 849 1850 διαγαγόντι
887 1781 980 1835 τὸν
1022 1779 1240 1850 Ἰσραὴλ
1277 1777 1365 1832 διὰ
1401 1779 1566 1849 μέσου
1607 1779 1778 1850 αὐτῆς

1959 1779 2051 1834 27.
2089 1778 2155 1832 Et
2180 1779 2370 1835 eduxit
2399 1775 2569 1833 Israel
2599 1793 2694 1846 per
2717 1776 2956 1834 medium
2995 1775 3114 1845 ejus
3141 1773 3252 1847 [ex
3285 1775 3461 1830 medio

192 1869 296 1942 [ὲκ
321 1871 487 1941 μέσου
517 1873 696 1926 αὐτῶν
719 1871 739 1945 ]

624 1873 696 1926 ῶν
719 1871 739 1945 ]
1883 1868 2107 1940 eorum]
2137 1888 2148 1923 :

262 1961 354 2016 28.
392 1963 514 2016 ’Ότι
533 1964 612 2026 εἰς
641 1963 731 2016 τὸν
759 1963 932 2016 αἰῶνα
953 1962 1012 2016 τὸ
1037 1962 1184 2026 ἔλεος
1214 1963 1400 2018 αὐτοῦ.

1951 1961 2043 2015 28.
2077 1960 2350 2027 Quoniam
2378 1965 2434 2016 in
2463 1970 2728 2018 aeternum
2769 1960 3146 2018 misericordia
3175 1956 3315 2030 ejus.

260 2052 354 2108 29.
388 2055 499 2108 Kal
529 2055 864 2119 ὲκτινάξαντι
895 2053 1097 2126 Φαραὼ
1133 2055 1228 2108 καὶ
1260 2053 1359 2126 τὴν
1409 2053 1639 2125 δύναμιν
1671 2052 1774 2106 αὑ-

1953 2053 2045 2106 29.
2079 2053 2157 2123 (α)
2192 2051 2258 2107 Ει
2285 2053 2531 2110 excussit
2566 2052 2912 2109 Pharaonem
2934 2059 3007 2124 ζει
3047 2052 3304 2108 virtutem
3341 2051 3459 2111 e'tu

190 2143 286 2198 τοῦ
312 2147 398 2213 ,εἰς
422 2145 697 2200 θάλασσαν
748 2146 1035 2219 Ἐρυθρὰν.

830 2146 1035 2217 ›υθράν.
1882 2145 1936 2197 in
1965 2144 2104 2199 mari
2135 2143 2320 2200 Rubro
2343 2163 2354 2198 :

268 2238 345 2307 (a)
376 2236 536 2295 Vers.
567 2238 657 2304 29,
689 2240 778 2306 50,
815 2241 1014 2295 desunt
1049 2242 1102 2295 in
1137 2243 1258 2297 cod.

1320 2392 1694 2450 ATHANASII
1734 2381 2335 2450 lNTEBPRETATlOa

267 2551 352 2606 15.
391 2553 530 2616 Τοὺς
576 2553 650 2625 (1)
686 2545 873 2621 ἁγίους
907 2552 1094 2625 ἄρχειν
1142 2550 1238 2605 τοῦ
1267 2551 1399 2605 λαοῦ
1441 2553 1536 2606 τοῦ
1574 2551 1778 2622 φωτὸς,

1957 2551 2042 2606 l5.
2086 2549 2321 2606 Sanctos
2351 2562 2588 2620 praeesse
2616 2545 2818 2617 populo
2850 2543 3010 2610 lucis,
3042 2544 3109 2599 de
3140 2543 3274 2614 ipsis
3316 2543 3459 2598 enim

191 2644 357 2708 αὐτὸς
391 2643 555 2717 [περὶ
587 2645 809 2718 αὐτῶν]
840 2645 945 2719 γὰρ
971 2645 1208 2719 εἴρηται,
1257 2645 1340 2700 ὅτι
1387 2646 1521 2698 τότε
1557 2642 1715 2713 ἐκνίιί1

1879 2645 2090 2699 dictum
2115 2651 2220 2706 est,
2250 2642 2396 2713 quod
2429 2651 2554 2694 tunc
2580 2638 2858 2709 fulgebunt
2888 2640 3025 2692 sicut
3055 2635 3134 2690 sol
3166 2635 3231 2701 ’³,
3265 2643 3367 2690 etc.

191 2741 424 2805 ψουσιν
453 2738 534 2803 ὡς
568 2741 600 2791 ό
633 2737 824 2804 ἣλιος.

267 2822 354 2876 17.
383 2823 493 2894 Τὴν
527 2823 772 2878 Παλαιὰν
799 2825 1072 2898 Διαθήκην
1107 2823 1349 2890 καὶτοὺς
1374 2827 1660 2898 προφήτας
1683 2824 1782 2898 ἄρ-

1954 2834 2044 2890 17.
2087 2833 2257 2889 Velus
2307 2830 2719 2890 Testamentum
2774 2841 2828 2886 et
2877 2831 3173 2901 prophetas
3230 2845 3461 2900 praeesse

191 2933 309 2988 χειν
335 2915 445 2969 τῶν
474 2917 594 2969 τότε
641 2919 926 2972 Ἰουδαίων.

737 2919 926 2972 eam.
1803 2955 1851 3018 ρ
1882 2927 2012 2981 olim
2037 2924 2065 2980 ,1
2073 2925 2261 2981 υάᾶςίε.

263 3005 350 3061 19.
389 3006 478 3077 Τῷ
501 3009 609 3061 πᾶν
637 3007 697 3060 τὸ
732 3008 934 3080 πλῆθος
965 3010 1072 3063 τῶν
1120 3011 1391 3081 δαιμόνων
1423 3014 1776 3085 συντρίψαντι

1954 3018 2041 3072 19.
2078 3019 2182 3084 Qui
2217 3017 2479 3073 contrivit
2535 3031 2754 3070 omnem
2799 3013 3110 3068 daemonum
3161 3013 3455 3068 multitudi-

193 3099 292 3152 σὺν
316 3101 437 3163 ταῖς
466 3100 663 3170 ἀρχαῖς
686 3102 780 3154 καὶ
815 3102 893 3171 (2)
923 3105 1043 3167 ταῖς
1085 3103 1359 3167 ἐξουσίαις
1395 3107 1592 3164 αὐτῶν.

1879 3124 2003 3163 nem
2023 3123 2147 3163 cum
2181 3106 2578 3176 principatibus
2604 3113 2658 3160 et
2685 3103 3046 3174 potestatibus
3080 3117 3293 3157 eorum.

262 3189 354 3242 21.
388 3191 498 3243 Kal
531 3191 824 3262 ῥυσαμένῳ
846 3193 936 3245 τὸν
966 3192 1093 3246 λαὸν
1122 3193 1464 3262 φωτισθέντα
1489 3197 1566 3268 (5)
1584 3200 1649 3268 τῇ
1675 3197 1780 3252 δια-

1954 3199 2048 3252 21.
2081 3197 2145 3251 Et
2165 3197 2259 3266 qui
2315 3195 2519 3264 eripuit
2549 3193 2814 3264 populum
2865 3198 3046 3246 mente
3091 3189 3463 3243 illuminatum

190 3282 310 3354 νοίᾳ
340 3285 405 3337 ἐκ
431 3284 530 3355 τῆς
560 3285 804 3348 δουλείας
833 3287 1033 3340 αὐτῶν.

987 3305 1033 3340 ν.
1881 3307 1947 3346 ex
1977 3293 2196 3346 illorum
2222 3289 2505 3345 servitute.

260 3372 352 3427 25.
395 3372 482 3426 Ἑν
514 3373 592 3444 τῷ
623 3375 738 3444 Υἱῷ
767 3376 929 3428 αὑτοῦ
961 3376 1038 3447 τῷ
1075 3381 1352 3448 μονογενεϊ
1719 3365 1723 3372 ’

1244 3381 1352 3433 ενεϊ
1719 3365 1723 3372 ’
1951 3384 2040 3438 25.
2076 3381 2133 3435 1η
2165 3379 2303 3435 Filio
2336 3395 2438 3434 suo
2467 3378 2768 3449 unigenito.

265 3466 358 3520 25.
391 3466 480 3536 Τῷ
504 3467 594 3520 τὸν
625 3468 830 3538 κόσμον
855 3470 939 3537 δια
950 3487 1012 3541 με
1025 3471 1231 3542 ρίσαντι
1249 3476 1360 3536 τοῖς
1377 3473 1708 3537 ,ἀποστόλοις
1724 3475 1781 3527 ὲν

1951 3476 2045 3529 25.
2079 3473 2183 3538 Qui
2220 3472 2407 3526 divisit
2439 3470 2708 3524 mundum
2743 3467 3005 3537 apostolis
3034 3466 3089 3519 in
3118 3478 3311 3519 eorum
3327 3475 3469 3532 prae-

192 3559 271 3629 τῷ
297 3559 615 3631 κηρύγματι
642 3560 840 3614 αὐτῶν.
888 3561 961 3614 Τὸ
1001 3563 1098 3632 μὲν
1125 3562 1323 3616 εἰδικόν
1369 3563 1446 3632 (4)
1475 3581 1716 3636 γεγενημ

1943 3572 2177 3626 catione.
2217 3568 2374 3633 Quod
2408 3566 2650 3636 speciale
2680 3565 2901 3634 quidem
2955 3561 3186 3631 contigit
3237 3569 3368 3614 tunc
3415 3557 3467 3611 in

191 3669 283 3704 νον
313 3651 435 3704 τότε
463 3653 521 3704 ἐν
561 3654 626 3723 τῇ
675 3652 912 3723 Ἐρυθρᾷ
959 3652 1203 3724 θαλάσσῃ
1237 3655 1329 3706 ἐπὶ
1369 3656 1671 3718 Μωῠσέως,
1708 3675 1715 3705 ι

1945 3666 2024 3718 ari
2050 3664 2239 3719 Rubro
2287 3660 2392 3715 sub
2439 3659 2644 3728 Moyse,
2680 3655 3146 3725 quemadmodum
3183 3650 3342 3705 multi
3373 3665 3469 3703 ve-

194 3743 383 3797 πολλοὶ
415 3743 523 3796 τῶν
553 3745 801 3797 παλαιῶν
852 3746 1160 3816 ἱστοροῦσι,
1204 3747 1394 3816 ὅτιπερ
1440 3748 1521 3809 εἰς
1567 3746 1660 3798 δύο
1692 3763 1718 3799 κ

1949 3774 2063 3811 rum
2098 3757 2371 3819 scribunt,
2409 3750 2555 3819 quod
2584 3763 2732 3802 ωσι-ο
2757 3747 3005 3801 Rubrum
3036 3745 3271 3799 divisum
3298 3751 3384 3797 est
3416 3742 3473 3796 in

191 3836 328 3890 δέκα
362 3836 504 3908 μέρη
545 3837 704 3890 διεῖλε
743 3837 862 3890 τότε
905 3837 1003 3907 τὴν
1041 3837 1317 3891 Θάλασσαν
1347 3838 1449 3909 τὴν
1490 3836 1715 3909 Ἐρυθρὲ

1946 3851 2178 3906 iodecim
2215 3856 2421 3918 partes,
2462 3843 2598 3898 adeo
2628 3849 2688 3894 ut
2720 3841 2975 3910 quzelibet
3015 3837 3192 3891 tribus
3224 3849 3323 3890 sua
3382 3834 3470 3887 via

193 3930 286 3983 ἴνα
323 3929 532 4000 ἑκάστη
561 3930 704 4000 φυλὴ
756 3930 890 3983 ἰδίαν
933 3931 1050 3983 ὁδὸν
1103 3931 1298 4005 ὁδεύσῃ
1342 3931 1410 3983 δι’
1447 3932 1617 4003 αὐτῆς
1653 3951 1665 3962 ·
1703 3932 1717 3984 ἑ

1947 3960 1986 3997 :r
2015 3942 2148 3996 illud
2177 3938 2454 3994 incederet
2479 3952 2493 4000 ;
2521 3934 2752 4002 ideoque
2782 3932 2853 3984 ita
2897 3931 3031 3985 dicit
3064 3927 3336 3998 psalmus,
3383 3927 3471 3992 qui

195 4020 449 4074 καὶοῦτω
470 4021 617 4090 λέγει
644 4025 670 4075 ὁ
686 4022 918 4092 ψαλμὸς,
938 4021 1018 4087 τῷ
1042 4023 1456 4076 καταδιελόντι
1482 4024 1597 4092 τὴν
1627 4025 1719 4090 Ἑρ

1950 4034 2068 4088 visit
2096 4049 2240 4085 mare
2286 4028 2541 4093 Rubrum,
2573 4033 2627 4078 et
2657 4039 2766 4078 non
2797 4025 2873 4076 ait
2912 4024 2967 4074 in
3009 4019 3346 4081 divisionem,
3379 4016 3474 4067 sed

197 4113 347 4180 θρὰν
380 4110 724 4176 θάλασσαν,
761 4114 855 4165 καὶ
879 4106 1154 4172 οὑκνείπεν
1185 4115 1272 4177 εἰς
1295 4112 1611 4181 διαίρεσιν,
1661 4112 1721 4164 ἀλ

1973 4122 2276 4176 divisiones.
2324 4119 2379 4173 Id
2416 4119 2592 4187 ipsum
2626 4114 2810 4185 igitur,
2834 4113 2977 4182 quod
3008 4127 3075 4166 ex
3106 4108 3338 4164 historia
3363 4116 3472 4160 tra-

195 4207 284 4270 εἱς
315 4203 653 4273 διαιρέσεις.
692 4204 844 4274 Αὕτη
893 4200 984 4257 οὖν
1021 4206 1053 4275 ἡ
1087 4205 1296 4276 ἱστορία
1345 4207 1378 4273 ἡ
1429 4205 1696 4274 γενομένη

2058 4235 2062 4265 ι
2096 4221 2202 4274 est,
2240 4209 2540 4279 contigisse
2571 4207 2625 4259 in
2659 4205 2794 4258 mari
2831 4203 3040 4266 Rubro,
3076 4203 3130 4255 in
3164 4201 3338 4270 figura
3371 4196 3474 4252 fuit
3578 4200 3582 4206 “

194 4299 263 4366 τῇ
306 4295 546 4368 Ἐρυθρᾷ
572 4296 818 4368 θαλάσσῃ
853 4297 933 4358 εἰς
976 4295 1146 4348 τύπον
1190 4296 1406 4366 ὑπῆρχε
1452 4295 1544 4347 τοῦ
1574 4294 1717 4364 κόσμ

1959 4308 2100 4372 indi,
2131 4309 2226 4378 qui
2260 4305 2589 4364 dividendus
2649 4310 2768 4357 erat
2817 4318 2847 4356 a
2901 4300 3132 4358 Domino
3187 4295 3483 4356 duodecim

197 4386 292 4440 τοῦ
319 4387 604 4458 μέλλοντος
634 4386 959 4459 διαιρεῖσθαι
992 4391 1106 4451 τοῖς
1140 4387 1233 4440 δύο
1260 4389 1353 4441 καὶ
1383 4387 1516 4440 δέκα
1547 4386 1780 4440 ἀποστό-
1892 4398 2172 4467 apostolis,

198 4482 312 4544 λοις
345 4480 497 4552 παρὰ
525 4480 750 4551 Κυρίου.

268 4573 361 4626 27.
391 4574 468 4644 (a)
500 4573 612 4626 Kal
645 4572 807 4626 αὑτὸν
840 4571 930 4624 τὸν
970 4560 1130 4640 χορὸν
1172 4569 1282 4622 τῶν
1325 4569 1636 4623 ἀποστόλων
1677 4568 1783 4621 τῶν

1965 4573 2050 4626 27.
2081 4572 2164 4644 ,Εἰ
2225 4573 2404 4644 ipsum
2466 4572 2838 4642 apostolorum
2902 4569 3134 4624 chorum
3171 4562 3489 4622 videntium.

200 4667 557 4738 θεασαμένων
585 4666 747 4719 αὐτὸν
775 4665 1053 4734 διαγαγὼν
1106 4663 1195 4716 διὰ
1253 4663 1419 4734 μέσου
1465 4663 1564 4734 τῆς
1605 4663 1722 4715 οἰκο

1499 4663 1564 4734 ἧς
1605 4663 1784 4715 οἱκου·
1891 4681 2040 4729 eum,
2071 4680 2170 4734 per
2199 4666 2440 4720 medium
2479 4665 2744 4719 mundum
2778 4662 3021 4718 deduxit.

247 4761 392 4830 ένης.

247 4779 271 4813 ε
379 4801 392 4814 .

199 4779 242 4831 μ
393 4853 504 4907 Kal
536 4851 888 4924 συντρίψαντι
913 4849 1004 4902 τὸν
1027 4847 1292 4910 διάϐολον,
1321 4847 1414 4900 καὶ
1435 4845 1510 4917 (ὅ)
1543 4846 1640 4918 τὴν
1694 4847 1720 4898 δ

1964 4849 2054 4904 29.
2091 4847 2157 4902 Et
2188 4847 2448 4904 contrivit
2474 4847 2778 4911 diabolum,
2811 4853 2866 4900 et
2903 4842 3201 4915 potentiam
3255 4839 3377 4911 ejus
3418 4839 3474 4893 in

203 4966 268 5002 να
279 4964 373 5017 μιν
399 4935 758 5015 αὐτουὲντῷ
794 4943 1131 5014 βαπτίσματι
1162 4959 1174 4972 ο
1215 4940 1482 5012 Ἐρυθρὰν
1511 4940 1566 4992 δὲ
1589 4940 1724 4993 θάλα

1947 4940 2207 5010 aptismo;
2244 4953 2397 4994 mare
2428 4946 2609 4994 autem
2641 4935 2890 4992 Rubrum
2939 4933 3064 4990 ideo
3094 4943 3251 5010 vocat
3295 4930 3471 5000 bapti~

281 5039 327 5101 9⁸
353 5035 568 5097 Matth.
592 5051 710 5101 xm,
744 5036 803 5090 4-

1125 5141 1438 5205 Addenda
1498 5148 1560 5202 et
1617 5142 1996 5222 corrigenda
2029 5161 2107 5206 ex
2152 5143 2294 5206 cod.
2357 5143 2560 5205 Vatic.

273 5281 362 5353 (1)
390 5282 498 5334 Του
523 5279 826 5350 ἄρχειντου
860 5274 992 5327 λαοῦ
1016 5289 1112 5327 του
1139 5269 1318 5340 φωτός
1341 5285 1355 5300 ·
1383 5269 1547 5332 αὐτὸς
1578 5265 1686 5340 γὰρ
1719 5268 1794 5321 εῐ-
1911 5269 2152 5353 Μμχτζ»
2182 5267 2280 5353 μὲν
2307 5269 2492 5353 ἰδικός,
2517 5279 2648 5353 etc.,,
2680 5267 2754 5353 ῶς
2779 5265 2986 5353 δώδεκα
3007 5262 3216 5353 μέρῃᾼδ.

274 5329 361 5353 \‘I
401 5329 492 5334 —"
526 5329 782 5350 "YI\"""
1152 5329 1164 5340 '
1299 5329 1314 5334 '
1528 5329 1542 5332 '
1591 5329 1602 5337 '
1656 5329 1667 5340 '

201 5369 399 5429 ρηκεν,
425 5359 526 5405 etc.

277 5424 358 5460 (Ol
393 5421 500 5460 Km'
531 5419 701 5460 Ani-ci,

1955 5329 2201 5411 ἰρυθράν,
2230 5349 2359 5404 etc.,
2389 5341 2422 5410 ή
2454 5329 2672 5424 tes-.0ng
2695 5329 3056 5460 ἓγεναμένή,
3083 5329 3214 5396 etc.,
3246 5332 3360 5394 τοῖς
3380 5329 3479 5384 δὼ-

1958 5429 2029 5460 κα
2059 5411 2379 5460 ἀποστόλοις
2405 5425 2558 5460 παρα
2580 5426 2674 5460 του
2748 5407 2924 5460 υοίου.
2957 5415 3062 5459 etc.

266 5399 774 5492 72')',Kvai'deest.u
948 5488 957 5492 _
1041 5487 1114 5492 Η
1324 5486 1337 5492 _
1453 5484 1478 5492 _
1551 5483 1574 5492 ᾳ
1641 5482 1656 5492 “
1710 5483 1722 5492 ,

1551 5483 1574 5492 -
1641 5482 1656 5492 .
1710 5483 1722 5492 .
1895 5399 2034 5492 δεδξε
2059 5399 2379 5492 δὲποετέεόλοίς
2405 5399 2558 5492 δῖαρᾲ
2580 5399 2674 5492 ἑοῖ)
2691 5399 2924 5492 Κέρεορὶ
2957 5399 3061 5492 ςξάε

389 5473 500 5577 Kal
541 5473 878 5577 squama
909 5488 1016 5556 τὴν
1037 5487 1297 5573 διάνοιαν.
1321 5486 1389 5577 ἐκ
1417 5484 1516 5566 τῇς
1529 5482 1790 5577 ξορλείας

1968 5483 2046 5550 (5)
2072 5481 2135 5534 Ν.
2172 5481 2240 5537 29
2267 5481 2456 5551 incipit
2488 5473 2566 5534 'ab
2601 5478 2704 5549 bis|
2733 5473 2933 5540 verbis,
2961 5475 3073 5528 Kal
3101 5473 3228 5544 τήν,
3262 5481 3363 5528 etc.

205 5553 409 5623 αὐτῶν.
440 5553 657 5632 Ἰσραὴλ
693 5559 801 5630 γὰρ
824 5553 1182 5630 ἑρμτίνεύεται
1207 5554 1332 5617 νοῦς
1364 5553 1506 5626 ὁρῶν
1529 5553 1680 5607 Θεόν.

281 5684 360 5748 (a)
393 5678 854 5748 Commentarius,
898 5691 992 5729 seu
1047 5672 1502 5748 interpretation.
1544 5670 1612 5726 2'7
1658 5678 1714 5725 et
1771 5667 1841 5724 28
1892 5667 2044 5726 deest
2073 5668 2128 5722 in
2159 5665 2428 5740 cod.,jsed
2459 5664 2720 5736 ejusloco
2773 5670 2953 5719 exstat
2988 5660 3210 5728 interpr.
3250 5662 3484 5728 qua-est

204 5770 264 5809 n.
291 5742 370 5809 ‘29
403 5758 456 5806 et
485 5748 575 5818 30,
607 5749 698 5820 qui
730 5746 1011 5820 duqvers.
1047 5747 1097 5800 in
1135 5743 1258 5800 cod.
1295 5742 1570 5799 delicium.
