3860 6220
356 248 492 306 ηπ
1286 255 1345 312 S.
1386 256 1766 315 ATHANASll‘
1799 259 1951 317 OPP.
1996 262 2172 318 PARS
2210 262 2298 318 111.
2341 292 2409 305 --
2448 260 2862 318 EXEGETICA.
3507 260 3671 315 4272

424 362 517 419 50.
555 362 825 429 Quoniam
848 364 903 419 in
934 374 1198 421 aeternum
1228 367 1610 425 misericordia
1647 373 1794 442 ejus.

422 455 512 510 51.
553 454 659 521 Qui
689 456 933 511 traduxit
980 458 1240 527 populum
1272 476 1433 514 suum
1469 477 1566 531 per
1595 463 1909 520 desertum:

422 547 516 602 52.
551 547 822 614 Quoniam
848 548 903 602 in
934 556 1202 605 azternum
1240 552 1618 610 misericordia
1650 556 1793 626 ejus.

422 638 515 692 55.
546 637 652 705 Qui
679 639 954 708 percussit
991 654 1144 711 reges
1179 656 1442 711 magnos:

422 730 516 786 54.
551 730 824 797 Quoniam
863 732 917 786 in
944 742 1209 788 aeternum
1247 736 1627 791 misericordia
1658 736 1798 807 ejus.

422 824 515 879 55.
547 823 614 878 Et
634 824 836 881 occidit
862 841 1018 897 reges
1046 827 1248 883 fortes:

426 916 517 971 56.
560 916 836 983 Quoniam
868 919 937 972 in-
960 930 1226 975 mternum
1262 922 1643 976 misericordia
1667 922 1808 992 ejus.

425 1009 516 1064 57.
554 1010 735 1066 Sehon
766 1027 947 1082 regem
973 1012 1425 1067 Amorrhzeorum
1448 1033 1461 1067 :

428 1100 519 1155 58.
558 1102 833 1167 Quoniam
865 1105 918 1158 in
949 1113 1215 1159 teternum
1250 1106 1625 1160 misericordia
1654 1104 1798 1175 ejus.

430 1194 520 1249 59.
558 1194 625 1249 Et
652 1194 733 1269 0g
757 1213 937 1269 regem
966 1197 1145 1253 Basan
1170 1216 1183 1251 :

426 1286 517 1340 40.
548 1286 817 1355 Quoniam
848 1290 900 1343 in
927 1300 1193 1345 aeternum
1222 1289 1597 1345 misericordia
1628 1292 1766 1361 ejus.

424 1379 516 1434 41.
552 1378 801 1435 Et°dedit
829 1390 1029 1437 terram
1059 1396 1255 1436 eorum
1285 1381 1655 1437 hereditatem
1684 1403 1695 1436 :

428 1470 519 1524 42.
557 1470 831 1545 Quoniam
870 1474 924 1528 in
952 1482 1218 1530 mternum
1244 1473 1628 1530 misericordia
1661 1475 1801 1545 ejus.

425 1562 519 1617 45.
557 1543 940 1617 Ηιὲιθιίὶιοιοιη
972 1564 1138 1619 Israel
1165 1578 1325 1619 servo
1353 1580 1488 1621 suo:

426 1654 519 1708 44.
559 1653 829 1720 Quoniam
863 1654 917 1709 in
953 1665 1218 1712 azternum
1248 1658 1632 1715 misericordia
1659 1660 1798 1729 ejus.

1972 380 2018 436 Α
2120 376 2207 429 50.
2236 376 2360 428 Ὅτι
2386 376 2467 439 εἰς
2496 375 2590 427 τὸν
2626 372 2802 427 αἰῶνα
2838 372 2899 425 τὸ
2930 372 3079 433 ἕλεος
3102 372 3289 426 αὐτου.

2119 467 2210 522 51.
2243 466 2334 537 Τῷ
2362 466 2683 535 διαγαγόντι
2717 464 2809 517 τὸν
2832 462 2963 517 λαὸν
2993 462 3159 516 αὑτοῦ
3183 464 3242 516 ὲν
3282 465 3351 535 τῇ
3384 463 3591 536 ἐρήμῳ
3614 478 3634 494 ο

2123 559 2215 613 52.
2252 560 2374 612 Ὅτι
2400 560 2481 621 εἰς
2512 559 2605 613 τὸν
2636 558 2811 612 αἰῶνα
2842 556 2905 610 τὸ
2936 555 3086 619 ἔλεος
3110 555 3301 609 αὐτοῦ.

2119 651 2209 706 55.
2245 651 2336 722 Τῷ
2365 649 2668 715 πατάξαντι
2711 648 2953 720 βασιλεῖς
2988 650 3288 719 μεγάλους·

2123 742 2213 797 54.
2254 743 2377 795 Ὅτι
2406 743 2488 806 εἰς
2513 741 2606 796 τὸν
2631 740 2807 795 αἰῶνα
2838 741 2905 794 τὸ
2940 740 3086 804 ἑλεος
3115 738 3301 794 αὐτοῦ.

2120 835 2212 890 55.
2244 835 2357 890 Καὶ
2379 834 2763 888 ἀποκτείναντι
2789 832 3033 903 βασιλεῖς
3064 832 3361 907 κραταιούς
3379 850 3394 865 ·

2120 924 2211 979 56.
2249 926 2371 978 Ὅτι
2399 928 2479 989 εἰς
2501 925 2591 978 τὸν
2622 924 2795 979 αἰῶνα
2826 924 2887 977 τὸ
2917 923 3063 986 ἔλεος
3097 921 3281 975 αὐτοῦ.

2119 1017 2208 1071 57.
2246 1017 2349 1069 Τὸν
2382 1017 2538 1087 Σηὼν
2573 1016 2800 1087 βασιλέα
2834 1015 2945 1068 τῶν
2986 1015 3333 1086 Ἀμορραίων
3358 1029 3372 1043 ⁸

2119 1112 2211 1166 58.
2242 1112 2368 1165 Ὅτι
2398 1113 2478 1176 εἰς
2511 1111 2601 1164 τὸν
2626 1111 2803 1164 αἰῶνα
2827 1109 2889 1163 τὸ
2920 1109 3073 1172 ἔλεος
3106 1106 3292 1162 αὐτοῦ.

2125 1202 2213 1257 59.
2248 1202 2364 1255 Καὶ
2387 1202 2478 1256 τὸν
2506 1204 2607 1271 Ὢγ
2641 1203 2869 1273 βασιλέα
2890 1204 2989 1273 τῆς
3013 1203 3193 1256 Βασάν
3212 1220 3225 1232 ·

2123 1294 2214 1348 40.
2246 1295 2372 1347 ’Ότι
2400 1296 2480 1358 εἰς
2513 1294 2605 1347 τὸν
2641 1294 2817 1348 αἰῶνα
2850 1294 2912 1347 τὸ
2940 1295 3087 1357 ἕλεος
3119 1294 3310 1348 αὐτοῦ.

2125 1387 2216 1441 41.
2254 1388 2366 1441 Καὶ
2392 1388 2536 1441 δόντι
2570 1387 2671 1458 τὴν
2705 1387 2811 1457 γῆν
2846 1386 3029 1440 αὐτῶν
3057 1385 3427 1458 κληρονομίαν
3452 1403 3468 1419 ·

2119 1477 2208 1531 42.
2236 1478 2358 1531 Ὅτι
2388 1480 2468 1541 εἰς
2500 1476 2592 1530 τὸν
2616 1476 2792 1531 αἰῶνα
2821 1477 2883 1530 τὸ
2904 1476 3055 1541 ἕλεος
3088 1475 3277 1546 αὑτοῦ.

2124 1570 2213 1625 45.
2250 1570 2636 1641 Κληρονομίαν
2684 1569 2902 1640 Ἰσραὴλ
2928 1569 3101 1640 δούλῳ
3129 1569 3295 1623 αὑτοῦ
3321 1588 3333 1599 ·

2121 1664 2210 1717 44.
2244 1664 2365 1716 Ὅτι
2387 1666 2465 1726 εἰς
2492 1662 2585 1715 τὸν
2612 1662 2788 1716 αἰῶνα
2822 1662 2882 1715 τὸ
2903 1662 3054 1726 ἕλεος
3081 1662 3269 1716 αὑτοῦ.

431 1746 523 1802 45.
554 1746 691 1811 Quia
723 1747 777 1801 in
811 1747 1118 1803 humilitate
1151 1758 1340 1805 nostra
1368 1766 1581 1807 memor
1613 1750 1720 1806 fuit
1768 1753 1946 1808 nostri

2125 1755 2217 1811 45.
2246 1757 2371 1809 Ὅτι
2404 1759 2462 1809 ὲν
2490 1758 2555 1808 τῖδ
2598 1754 2930 1833 ταπεινώσει
2959 1755 3117 1809 ὑμῶν
3150 1753 3398 1826 ἐμνήσθη
3430 1751 3595 1823 ἡμῶν

360 1837 657 1895 Dominus:

432 1932 519 1987 46.
556 1932 830 1998 Quoniam
862 1935 917 1989 in
943 1944 1209 1990 aeternum
1235 1937 1617 1993 misericordia
1637 1938 1781 2010 ejus.
1820 1980 1827 1993 ,

430 2025 523 2082 47.
555 2025 625 2083 Et
650 2026 881 2081 redemit
904 2042 1006 2083 nos
1041 2027 1111 2081 ab
1134 2027 1374 2084 inimicis
1405 2028 1642 2085 nostris:

428 2116 520 2173 48.
557 2117 830 2185 Quoniam
867 2119 921 2172 in
949 2126 1216 2174 aeternum
1245 2120 1626 2177 misericordia
1666 2124 1805 2194 ejus.

430 2208 521 2263 49.
556 2208 661 2275 Qui
687 2209 781 2264 dat
808 2225 992 2265 escam
1025 2210 1176 2265 omni
1206 2211 1391 2265 carni:

2055 1848 2260 1919 Κύριος
2286 1865 2299 1877 ·

2125 1938 2213 1992 46.
2241 1939 2367 1991 ’Ότι
2398 1940 2477 2002 εἰς
2497 1939 2591 1991 τὸν
2620 1938 2795 1992 αἰῶνα
2826 1938 2887 1990 τὸ
2907 1936 3054 1999 ἕλεος
3077 1937 3265 1991 αὐτοῦ.

2129 2030 2218 2084 47.
2254 2030 2367 2085 Kal.
2400 2029 2747 2102 ἐλυτρώσατο
2777 2030 2929 2100 ἡμᾶς
2953 2031 3017 2083 ὲκ
3040 2029 3148 2082 τῶν
3173 2028 3386 2101 ἐχθρῶν
3415 2027 3609 2100 ἡμῶν·

2125 2120 2215 2175 48.
2246 2121 2369 2174 Ὅτι
2395 2122 2476 2184 εἱς
2508 2120 2599 2173 τὸν
2623 2120 2793 2173 αἰῶνα
2819 2119 2880 2173 τὸ
2902 2119 3051 2183 ἕλεος
3081 2119 3267 2174 αὑτοῦ.

2128 2213 2219 2270 49.
2258 2215 2317 2267 '0
2346 2214 2525 2277 διδοὺς
2549 2214 2757 2285 τροφὴν
2789 2213 2940 2284 πάσῃ
2972 2213 3135 2283 σαρκί
3155 2230 3168 2244 ο

1508 2367 1886 2425 ATHANASII
1923 2367 2511 2426 INTERPRETATIO.

366 2507 573 2558 smum,
604 2492 731 2563 quia
756 2493 1223 2564 quemadmodum
1258 2492 1314 2548 in
1352 2493 1494 2548 mari
1528 2493 1817 2549 vivescunt
1840 2492 1947 2563 ejus

2113 2510 2162 2545 ιν
2187 2492 2275 2546 διὰ
2309 2492 2467 2545 τοῦτο
2494 2492 2643 2561 λέγει
2677 2492 2737 2544 τὸ
2771 2492 3055 2562 βάπτισμα
3106 2491 3230 2543 ἐπεὶ
3259 2490 3334 2559 (1)
3380 2490 3459 2553 ὡς
3502 2490 3563 2544 ἐν
3590 2492 3661 2561 τῇ

362 2584 565 2653 pisces,
600 2584 672 2638 ita
706 2592 762 2638 et
813 2583 869 2637 in
916 2582 1022 2640 hoc
1069 2585 1277 2640 mundo
1313 2593 1567 2641 natantes
1610 2583 1947 2639 viviﬁcantut

2113 2584 2305 2655 ιλάσσῃ
2328 2583 2721 2653 ξωογονοῦνται
2760 2585 2809 2636 οἰ
2845 2582 3023 2654 ἰχθύες
3060 2584 3252 2653 αὐτῆς,
3297 2581 3442 2636 οὕτω
3484 2585 3586 2637 καὶ
3611 2585 3666 2635 οί

365 2677 621 2731 homines
652 2676 913 2746 baptizati
946 2677 1001 2732 in
1030 2678 1299 2747 sanguine
1328 2676 1546 2731 Domini
1580 2676 1757 2731 nostri
1788 2673 1947 2731 Jesu:

2113 2674 2217 2745 ’τῷ
2253 2675 2443 2745 κόσμῳ
2460 2674 2633 2745 τούτῳ
2664 2676 2953 2746 νηχόμενοι
3004 2673 3282 2745 ἄνθρωποι
3327 2672 3666 2737 ζωοποιοῦν-

367 2776 659 2837 propterea
676 2767 823 2821 enim
857 2768 1061 2823 dicitur
1088 2768 1362 2836 Rubrum,
1392 2775 1453 2821 ut
1478 2768 1707 2838 sanguis
1738 2766 1947 2822 Domini

2113 2784 2185 2831 1t,
2234 2765 2619 2837 βαπτιζόμενοι
2674 2769 2732 2818 ἐν
2760 2765 2837 2836 τῷ
2862 2766 3053 2835 αἵματι
3099 2764 3193 2817 τοῦ
3246 2765 3451 2835 Κυρίου
3498 2766 3667 2836 ἡμῶν

365 2860 525 2914 nobis
560 2859 920 2931 signiﬁcetur.

2114 2858 2248 2929 ησοῦ
2279 2876 2291 2887 ·
2312 2858 2401 2911 διὰ
2428 2858 2537 2930 γὰρ
2567 2858 2727 2911 τοῦτο
2759 2860 2975 2929 εἴρηται
3016 2856 3273 2927 Ἐρυθρὰ,
3302 2858 3387 2909 ἴνα
3416 2857 3478 2910 τὸ
3520 2854 3663 2928 αἷμα

2054 2949 2147 3003 τοῦ
2175 2949 2247 3021 (2)
2290 2950 2497 3022 Κυρίου
2531 2952 2767 3022 σημαίνῃ
2792 2952 2942 3020 ἡμῖν.

436 3038 530 3090 51.
558 3037 661 3103 Qui
693 3037 963 3108 gubernat
990 3038 1253 3108 populum
1284 3053 1445 3093 suum
1474 3038 1529 3092 in
1561 3037 1790 3093 mundo.

2126 3040 2214 3093 51.
2248 3040 2338 3110 Τῷ
2377 3040 2717 3111 ποιμαίνοντι
2743 3042 2834 3093 τὸν
2864 3041 2991 3094 λαὸν
3020 3040 3186 3093 αὑτοῦ
3219 3043 3277 3094 ὲν
3308 3040 3385 3110 τῷ
3408 3042 3633 3113 κόσμῳ.

436 3128 528 3181 55.
555 3127 909 3198 Principatus
939 3128 1169 3183 diaboli.

2129 3132 2217 3186 55.
2258 3131 2370 3195 Τὰς
2396 3132 2573 3203 ἀρχὰς
2600 3132 2698 3185 τοῦ
2729 3132 2999 3186 διαϐόλου·

438 3219 530 3273 55.
562 3219 629 3274 Et
660 3228 956 3289 potestates
983 3220 1127 3290 ejus.

2131 3221 2221 3275 55.
2250 3222 2362 3274 Kal.
2394 3220 2495 3285 τὰς
2522 3220 2769 3286 ἐξουσίας
2794 3221 2983 3275 αὐτοῦ.

438 3312 530 3366 57.
568 3311 705 3367 Seon
727 3314 1117 3383 interpretatur
1164 3316 1385 3368 tentatio
1432 3314 1613 3369 calida
1660 3332 1759 3372 seu
1812 3317 1947 3373 vehe-

2128 3314 2216 3367 57.
2251 3314 2424 3382 Σηὼν
2453 3315 2529 3385 (5)
2556 3314 2916 3387 ἑρμηνεύεται
2956 3316 3293 3384 πειρασμὸς
3326 3314 3571 3383 θερμὸς,
3600 3314 3662 3376 ὃς

369 3419 544 3467 mens,
582 3404 761 3472 qualis
792 3414 876 3457 est
922 3404 1177 3459 diabolus
1212 3420 1307 3458 rex
1343 3405 1749 3460 mundanarum
1802 3408 1947 3461 volu-

2113 3422 2209 3460 mv
2241 3409 2269 3460 ὁ
2296 3406 2543 3471 διάϐολος
2568 3408 2597 3459 ὁ
2628 3407 2882 3477 βασιλεὺς
2905 3408 3013 3461 τῶν
3037 3408 3243 3478 ἡδονῶν
3275 3406 3373 3459 τοῦ
3421 3407 3663 3478 κόσμου.

369 3504 585 3568 ptatum
622 3514 635 3550 :
666 3495 1101 3550 Aman/imorum
1151 3506 1331 3551 autem
1363 3498 1754 3568 interpretatur
1787 3516 1947 3569 aqua

2113 3501 2429 3567 ιμορῤαίων
2452 3500 2508 3553 δὲ
2536 3498 2902 3571 ἑρμηνεύεται
2929 3502 3371 3570 πικραινόντων
3394 3498 3668 3564 ὑδάτων,

370 3607 492 3645 rum
519 3590 974 3655 exacerbantium,
1006 3589 1198 3659 quales
1226 3600 1354 3645 sunt
1384 3592 1675 3646 contrariae
1722 3602 1947 3662 potesta-

2113 3608 2198 3663 τερ
2228 3594 2367 3645 εἰσὶν
2392 3594 2449 3646 αἰ
2481 3594 2727 3647 ἐναντίαι
2756 3594 3039 3665 δυνάμεις,
3069 3595 3125 3647 αἰ
3146 3593 3538 3665 πικραίνουσαι
3560 3597 3670 3649 πᾶν·

373 3696 456 3741 tes
480 3684 875 3741 exacerbantes
901 3698 1121 3739 omnem
1162 3682 1424 3738 animam.

2113 3696 2163 3734 tv
2184 3680 2383 3753 ψυχήν.

443 3780 535 3834 59.
569 3778 651 3851 Og
684 3780 1078 3849 interpretatur
1109 3793 1432 3848 congregans
1470 3794 1489 3832 :
1540 3778 1723 3835 Basan
1776 3791 1947 3838 autem

2132 3774 2218 3828 59.
2258 3775 2364 3843 Ὢγ
2394 3773 2759 3846 ἑρμηνεύεται
2793 3774 3079 3841 adpetitur
3102 3790 3116 3801 ’
3150 3774 3363 3827 Βασὰ-ν
3390 3774 3451 3827 δὲ
3478 3775 3667 3848 ἑρμη-

373 3873 766 3942 interpretatur
790 3872 1085 3942 ignominia
1115 3871 1295 3923 sicca:
1327 3879 1561 3925 mortem
1597 3872 1766 3941 igitur
1790 3874 1947 3943 signi-

2113 3867 2276 3919 ,tiscat
2304 3868 2569 3935 αἰσχύνη
2620 3865 2773 3935 ξηρά
2804 3884 2818 3897 ·
2855 3866 2945 3919 τὸν
2976 3866 3205 3920 θάνατον
3248 3861 3342 3919 οὖν
3382 3866 3537 3935 λέγει
3571 3866 3669 3919 τὸν

371 3965 501 4020 ﬁcat
544 3974 969 4036 congregantem
1017 3963 1237 4034 quidem
1275 3972 1547 4031 mortuos,
1585 3966 1947 4022 dominantem

2113 3957 2369 4023 )νάγοντα
2425 3956 2523 4027 μὲν
2568 3956 2697 4020 τοὺς
2739 3958 3006 4025 νεκροὺς,
3056 3954 3409 4025 βασιλεύοντα
3457 3954 3518 4007 δὲ
3560 3956 3669 4024 τῆς

372 4068 555 4113 autem
585 4074 681 4128 per
703 4068 1012 4129 peccatum.
1649 4082 1655 4095 ·

2113 4050 2353 4121 [sapt-ia;

444 4151 535 4204 4|.
570 4150 637 4204 Et
658 4150 812 4205 dedit
846 4151 1051 4221 populo
1108 4154 1251 4207 Iideli
1303 4168 1597 4224 supernam
1632 4152 1947 4217 Jerusalem1

2140 4139 2229 4194 41.
2262 4139 2373 4192 Καὶ
2394 4140 2539 4191 δόντι
2570 4140 2647 4211 τῷ
2676 4139 2791 4210 λαῷ
2824 4139 2901 4210 τῷ
2941 4138 3119 4209 πιστῷ
3150 4137 3251 4209 τὴν
3293 4138 3409 4191 ἄνω
3458 4140 3666 4210 Ἰερου-

375 4244 432 4297 in
464 4258 572 4312 qua
608 4243 698 4297 isti
735 4244 1059 4298 habitabant
1098 4245 1419 4315 priusquam
1460 4262 1490 4301 e
1536 4247 1677 4300 cado
1727 4246 1947 4318 projice-

2113 4229 2268 4301 ιλὴμ,
2327 4226 2455 4303 ἐνῇ
2504 4226 2650 4285 οὗτοι
2698 4230 2985 4302 κατῴκουν
3018 4230 3125 4302 πρὸ
3172 4229 3268 4283 τοῦ
3325 4229 3553 4301 ῥιφῆναι
3583 4232 3661 4301 (4)

375 4345 588 4391 rentur.

2113 4322 2178 4375 πὸ
2216 4322 2309 4376 τοῦ
2343 4323 2593 4394 ούρανοῦ.

448 4429 539 4484 45.
567 4427 951 4484 Haereditatem
984 4430 1191 4484 sanctis
1218 4430 1355 4485 suis.

449 4520 539 4575 45.
573 4519 713 4586 Quia
746 4519 884 4574 vidit
906 4535 1009 4575 nos
1038 4521 1092 4574 in
1130 4520 1453 4575 servitutem
1481 4520 1732 4577 redactos
1768 4538 1798 4576 a
1823 4537 1957 4577 con-

374 4604 563 4669 trariis
615 4613 1000 4683 potestatibus,
1032 4622 1085 4667 et
1112 4612 1493 4668 misericordia
1527 4622 1709 4669 motus
1757 4623 1860 4679 est,
1909 4624 1963 4669 et

375 4708 637 4762 misertus
662 4713 746 4760 est
779 4705 977 4761 nostri.

448 4798 539 4853 47.
568 4796 634 4852 Et
689 4797 920 4853 redemit
972 4813 1073 4853 nos
1120 4799 1379 4868 passione
1430 4814 1530 4855 sua
1562 4800 1631 4854 ab
1664 4800 1963 4855 immundis

375 4890 685 4961 spiritibus.

2113 4892 2127 4927 ι
2154 4876 2263 4928 τῶν
2295 4876 2627 4948 ἀκαθάρτων
2650 4877 2996 4947 πνευμάτων.

447 4983 536 5038 49.
575 4982 784 5039 Sensus
828 4982 1050 5053 quidem
1075 4985 1331 5055 proprius
1364 4984 1690 5039 manifestus
1722 4994 1824 5050 est,
1879 4985 1947 5037 in-

2132 4969 2221 5025 49.
2259 4970 2332 5021 Τὸ
2364 4970 2464 5040 μὲν
2512 4969 2713 5023 είδικὸν
2756 4969 2915 5039 δῆλόν
2964 4970 3139 5031 ἐστιν,
3196 4969 3228 5037 ἡ
3282 4966 3340 5018 δὲ
3392 4967 3658 5038 ἑρμηνεία

379 5076 695 5147 terpretatio
752 5084 934 5131 autem
997 5076 1291 5148 allegorica
1339 5078 1630 5132 verborum
1674 5076 1947 5147 Propheta

2113 5061 2153 5113 .13
2182 5062 2257 5133 (6)
2296 5064 2584 5135 Προφήτου
2622 5061 2781 5116 τοῦτο
2839 5062 2989 5133 δηλοῖ
3020 5080 3032 5091 ·
3098 5063 3127 5113 ὁ
3164 5060 3356 5113 ἑαυτὸν
3400 5060 3655 5130 παρέχων

377 5172 484 5227 hoc
505 5171 810 5243 signiﬁcat:
841 5170 935 5241 qui
968 5171 1434 5242 praebetseipsum
1477 5171 1659 5226 cibum
1704 5171 1758 5225 in
1798 5171 1942 5225 vitan

2113 5155 2245 5226 ροφὴ
2304 5157 2385 5218 εἰς
2414 5155 2558 5226 ζωὴν
2586 5155 2804 5209 αἰώνιον
2840 5154 3001 5208 παντί
3028 5152 3303 5225 ἀνθρώπῳ
3320 5152 3653 5227 βουλομένῳ.

375 5272 636 5321 aeternam
664 5264 813 5319 omni
853 5264 1062 5319 homini
1092 5265 1315 5319 volenti.

2137 4415 2224 4470 45.
2260 4416 2378 4485 Κλη
2389 4417 2643 4487 ρονομίαν
2668 4418 2780 4479 τοῖς
2802 4417 2978 4484 ἁγίοις
3005 4416 3188 4469 αὑτοῦ.

2135 4508 2217 4560 45.
2258 4509 2378 4561 Ὅτι
2424 4503 2561 4561 εἶδεν
2604 4509 2683 4579 (5)
2718 4509 2867 4578 ἡμᾶς
2907 4507 3339 4575 δεδουλωμένους
3396 4506 3503 4558 ὑπὸ
3549 4505 3661 4559 τῶν

1997 4664 2040 4718 D
2069 4601 2329 4653 ἐναντίων
2348 4600 2652 4671 δυνάμεων,
2684 4601 2778 4653 καὶ
2810 4598 3236 4669 ἐσπλαγχνίσθη.
3292 4598 3387 4650 καὶ
3426 4596 3659 4668 ἠλέησεν

2071 4692 2218 4718 αυτ-

2155 4709 2234 4745 ac.

2155 4709 2234 4754 ας.

2071 4692 2221 4836 ἡμ47.
2265 4785 2376 4838 Καὶ
2410 4782 2760 4854 ὲλυτρώσατο
2802 4786 2948 4855 ἡμᾶς
2998 4784 3089 4837 διὰ
3125 4781 3219 4835 τοῦ
3253 4782 3461 4845 πάθους
3490 4782 3656 4835 αὐτοῦ

1336 5383 1644 5445 Addenda
1678 5393 1738 5445 et
1776 5387 2151 5467 corrigenda
2190 5410 2266 5451 ex
2295 5392 2435 5451 cod.
2476 5392 2675 5450 Vatic.

2141 5495 2211 5563 (ί)
2249 5494 2505 5563 Ἰξιφῶσιν
2532 5494 2625 5547 ἀπ’
2661 5491 2924 5563 οὐρανῶν.

2136 5561 2213 5631 (5)
2246 5561 2416 5617 Εἶδεν.

2137 5638 2211 5706 (6)
2239 5637 2347 5707 Τῆς
2381 5633 2733 5706 προφητείας.

450 5486 525 5559 (ι)
560 5489 800 5559 Ἐπειδὴ.

448 5557 527 5646 £32
554 5559 659 5646 Τ,οὲ
700 5557 874 5646 ἰηέῖοῦ
895 5560 1283 5646 aestate“.-

450 5625 529 5703 (5)
564 5628 721 5703 Σιῷν,
745 5625 857 5703 etc.
910 5625 1041 5702 (leg.
1085 5625 1279 5701 Σηὼν)
1309 5632 1446 5703 ὅπερ
1504 5633 1737 5703 ὑπάρχει
1775 5638 1801 5689 ό
1839 5636 1946 5691 διά-

380 5697 535 5762 ὼλος
564 5701 592 5751 ὁ
616 5697 934 5771 βασιλεύων)
964 5708 1092 5771 ctc.,
1124 5697 1270 5771 άπερ
1304 5697 1459 5767 εἰσίν,
1483 5714 1588 5758 clc.
