3860 6220
90 291 113 310 ο
205 271 348 332 1273

278 396 380 453 50.
404 398 634 464 "Ott/ei;
661 398 753 452 τὸν
785 398 956 453 αἰῶνα
977 400 1035 454 τὸ
1061 400 1209 467 ἔλεος
1231 404 1413 459 αὑτοῦ.

279 488 369 544 51.
415 489 852 561 Ἐξομολογεῖσθε
881 491 959 564 τῷ
979 493 1098 564 Θεῷ
1127 495 1219 549 τοῦ
1245 498 1477 568 ούρανοῦ
1498 514 1510 526 °

278 580 370 636 52.
398 580 522 635 Ὅτι
555 581 635 645 είς
671 583 763 635 τὸν
803 583 976 638 αἰῶνα
1005 585 1068 638 τὸ
1089 585 1236 650 ἔλεος
1256 588 1441 641 αὐτοῦ.

272 672 518 741 Ψαλμὸς
556 671 636 738 τῷ
668 673 846 727 Δαϐὶδ
877 673 975 728 διὰ
1010 675 1305 745 Ἱερεμίου.
1345 681 1519 734 ΨΛΛ.
1561 683 1709 747 PA“
1746 720 1758 732 .

273 764 325 817 1.
373 764 494 816 Ἐπὶ
518 761 626 818 τῶν
651 765 909 837 ποταμῶν
931 765 1268 831 Βαϐυλῶνος,

270 853 325 908 2.
370 855 516 908 Ἐκεῖ
544 855 879 927 ἐκαθίσαμέν
909 860 1000 912 καὶ
1030 859 1399 930 ἐκλαύσαμεν.

269 948 324 1002 5.
367 949 456 1002 Ἐν
493 948 570 1019 τῷ
606 951 913 1021 μνησθῆναι
943 954 1091 1024 ἡμᾶς
1121 954 1222 1024 τῆς
1251 953 1389 1006 Σιών
1421 952 1543 1025 [τὴν
1571 951 1753 1026 Σιών].

270 1039 322 1092 4.
372 1040 495 1092 Ἐπὶ
526 1044 646 1105 ταῖς
681 1043 869 1107 ίτέαις,
901 1045 959 1096 ἐν
993 1045 1142 1116 μέσῳ
1184 1046 1353 1117 αὐτῆς
1395 1045 1780 1117 ἐκρεμάσαμεν

193 1130 265 1183 τὰ
287 1129 496 1200 ὄργανα
515 1131 693 1202 ἡμῶν.

272 1222 321 1274 5.
355 1223 478 1275 Ὅτι
500 1224 616 1276 ἐκεῖ
647 1224 1011 1298 ἐπηρώτησαν
1036 1229 1188 1299 ἡμᾶς
1213 1229 1263 1280 οἱ
1298 1227 1782 1299 αἰχμαλωτεύσαν-

194 1332 287 1376 τες
319 1316 486 1386 ἡμᾶς,
527 1316 721 1385 λόγους
747 1317 930 1387 ᾡδῶνσ

265 1409 317 1461 6.
353 1407 456 1462 Καὶ
481 1410 530 1462 oi
551 1411 932 1480 ἀπαγαγόντες
955 1414 1122 1483 ἡμᾶς,
1154 1412 1354 1484 ὕμνον·

268 1500 322 1552 7.
360 1500 564 1571 ’ᾼσατε
596 1503 726 1572 ἡμῖν
762 1503 826 1555 ἐκ
851 1503 960 1556 τῶν
991 1504 1144 1574 ᾠδῶν
1176 1504 1329 1560 Σιών.

267 1591 319 1646 8.
348 1593 476 1656 Πῶς
491 1593 710 1666 ᾄσωμεν
727 1594 824 1668 τὴν
842 1595 986 1668 ᾠδὴν
997 1595 1197 1670 Κυρίου
1220 1597 1314 1652 ἐπὶ
1340 1595 1448 1669 γῆς
1461 1593 1748 1670 ἀλλοτρίας
1765 1615 1778 1663 ;

1053 282 1144 338 DE
1184 285 1461 343 TlTULlS
1498 287 2044 347 PSALMORUM.—
2081 288 2278 345 PSAL.
2317 275 2613 346 cxxxw.‘

3333 292 3473 352 1274

1813 411 1859 467 Α
1957 407 2046 463 50.
2081 407 2352 474 Quoniam
2381 407 2434 460 iu
2468 417 2732 460 aiteruum
2765 405 3142 464 misericordia
3173 404 3316 475 ejus.

1955 499 2044 553 51.
2081 497 2428 552 Conﬁtemini
2459 497 2570 552 Deo
2609 499 2754 554 caeli.

1958 589 2045 644 5‘2.
2085 589 2356 654 Quoniam
2404 590 2456 643 in
2487 599 2750 644 aeternum
2789 589 3161 644 misericordia
3192 591 3332 659 ejus.

2021 678 2271 732 Psalmus
2307 679 2478 732 David
2513 678 2781 735 Jeremiw.
2813 677 3018 736 PSAL.
3047 680 3362 738 CXXXVI.

1961 773 2010 826 1.
2051 771 2225 830 Super
2255 771 2479 827 ﬂumina
2509 772 2805 846 Babylonis
2827 811 2844 840 ,

1957 866 2010 919 ἓ..
2044 863 2158 918 Illic
2191 865 2435 922 sedimus
2464 875 2518 921 et
2548 866 2798 923 ﬂevumus
2818 910 2833 932 ,

1958 957 2008 1010 5.
2040 957 2176 1010 Cum
2200 959 2615 1012 recordaremur
2647 959 2800 1015 Sion.

1963 1049 2007 1102 ι.
2043 1049 2096 1102 In
2133 1050 2428 1114 salicibus,
2481 1051 2533 1103 in
2598 1051 2776 1106 medio
2818 1052 2938 1122 ejus
2971 1054 3358 1123 suspendimus
3382 1069 3473 1108 or-

1887 1157 2023 1212 gana
2051 1151 2257 1195 nostra.

1953 1233 2006 1287 5.
2041 1233 2179 1300 Quia
2223 1234 2334 1290 illic
2384 1236 2861 1308 interrogaverunt
2905 1254 3044 1303 nos,
3087 1240 3179 1310 qui
3232 1239 3472 1309 captivos

1883 1323 2158 1380 duxerunt
2185 1342 2308 1392 nos,
2337 1328 2500 1382 verba
2527 1330 2844 1383 cantionum
2869 1368 2884 1394 ,

1957 1412 2008 1463 6.
2037 1409 2100 1463 Et
2132 1411 2222 1473 qui
2253 1411 2601 1467 abduxerunt
2630 1429 2766 1477 nos,
2809 1413 3070 1483 hymnum
3103 1431 3116 1466 :

1957 1501 2007 1552 7.
2053 1500 2280 1554 Cautate
2311 1503 2469 1558 nobis
2493 1503 2559 1557 de
2592 1504 2824 1560 canticis
2863 1504 3014 1558 Sion.

1955 1591 2009 1644 8.
2051 1591 2337 1656 Quomodo
2405 1595 2753 1652 cantabimus
2809 1595 3085 1651 canticum
3142 1594 3358 1650 Domini
3415 1593 3470 1652 in

1887 1691 2029 1736 terra
2057 1684 2273 1736 aliena?

1317 1794 1695 1852 ATHANASII
1733 1794 2312 1850 INTERPRETATIO.

265 1889 357 1955 51,
385 1890 475 1945 52.
502 1891 764 1957 Δοξάζετε
792 1891 882 1947 τὸν
901 1892 1036 1948 Θεὸν
1058 1891 1156 1949 τοῦ
1175 1893 1337 1967 χοροῦ
1369 1894 1450 1966 [οἱ
1467 1893 1646 1966 χοροὶ]
1671 1893 1778 1946 τῶν

1958 1895 2046 1957 5l,
2073 1895 2160 1948 52.
2195 1893 2507 1948 Glorilicate
2535 1893 2728 1957 Deum,
2773 1893 2930 1949 chori
2971 1903 3307 1957 sanctorum,
3345 1907 3468 1946 nar-

185 1979 384 2048 ἀγίων,
431 1981 872 2053 διηγούμενοιτά
907 1985 982 2057 (1)
1033 1986 1422 2058 προλεχθέντα,
1453 1987 1533 2039 ὅτι
1562 1985 1782 2038 ἀτελεύ-

183 2089 354 2144 τητον
385 2073 447 2126 τὸ
476 2074 623 2139 ἔλεος
654 2075 842 2132 αὑτοῦ.

1889 1998 2072 2040 rantes
2101 2001 2223 2055 qua:
2251 1997 2375 2039 ante
2402 1987 2545 2040 dicta
2579 1995 2746 2050 sunt,
2785 1987 3046 2055 quoniam
3081 1986 3198 2040 sine
3236 1986 3340 2037 line
3369 1984 3468 2036 mi-

1884 2077 2178 2130 sericordia
2211 2078 2350 2145 ejus.

277 2169 344 2222 Ἡ
376 2171 719 2244 προκειμένη
738 2173 1020 2245 ἐπιγραφὴ
1049 2174 1294 2246 περιέχει
1318 2172 1394 2244 (2)
1421 2191 1436 2204 ·
1470 2171 1555 2238 Τῷ
1583 2171 1762 2226 Δαϐὶδ
1789 2171 1887 2226 διὰ
1920 2172 2227 2240 Ἰερεμίου,
2261 2173 2667 2240 ἀνεπίγραφος
2687 2176 2822 2238 παρ’
2857 2170 3168 2236 Ἑϐραίοις.
3199 2169 3346 2237 Α’ύτη
3375 2163 3468 2221 οὖν

182 2267 217 2335 ἡ
246 2265 516 2336 ἑρμηνεία
546 2265 641 2321 τοῦ
676 2270 1119 2340 επιγράμματος,
1155 2270 1236 2336 τῷ
1285 2268 1469 2334 ἱκανῷ
1500 2268 1578 2337 τῇ
1601 2267 1772 2338 χειρὶ,
1803 2267 1880 2337 τῷ
1912 2267 2027 2337 Υῐῴ
2063 2267 2162 2320 τοῦ·
2215 2266 2376 2333 Θεοῦ,
2423 2267 2701 2319 τουτέστιν
2732 2265 3172 2333 ἐξομολόγησις
3217 2262 3316 2316 διὰ
3361 2261 3468 2315 τοῦ

176 2361 612 2430 βαπτίσματος
650 2363 769 2417 τῶν
802 2363 1106 2433 προτέρων
1129 2365 1408 2434 πονηρῶν
1431 2363 1727 2434 πράξεων.
1767 2361 1938 2414 Τοῦτο
1972 2361 2082 2432 γὰρ
2110 2361 2473 2432 ἑρμηνεύεται
2502 2361 2562 2414 τὸ
2587 2359 2686 2412 διὰ
2725 2359 3021 2427 Ἰενεμίου,
3042 2357 3256 2428 παροχὴ
3278 2355 3467 2415 ὓδατος

175 2455 386 2508 ὡσανεὶ
411 2455 474 2507 τὸ
498 2456 802 2528 βάπτισμα,
835 2459 929 2512 καὶ
969 2459 1156 2530 μνήμη
1196 2458 1306 2512 τῶν
1350 2456 1809 2530 προσερχομένων
1837 2454 1916 2525 τῷ
1949 2455 2260 2525 φωτίσματι
2303 2454 2604 2516 Ἰουδαίων,
2648 2453 2766 2513 πῶς
2804 2452 2860 2504 αἱ
2912 2451 3153 2504 ἐναντίαι
3204 2449 3464 2520 δυνάμεις

175 2543 499 2614 ἠνάγκαζον
529 2549 726 2612 αὐτοὺς
752 2549 1037 2622 λατρεύειν
1064 2552 1276 2614 αὑταῖς.
1310 2550 1385 2603 Τὸ
1413 2550 1491 2613 δὲ,
1519 2549 1926 2618 ἀνεπίγραφος
1951 2547 2089 2614 παρ’
2130 2547 2435 2614 Ἑϐραίοις,
2461 2545 2827 2617 ἀπροσδεκτος
2843 2543 2988 2612 λέγει
3028 2545 3143 2607 τοῖς
3173 2542 3459 2596 ἀπειθοῦσι

190 2642 499 2708 Ἰουδαίοις’
531 2647 593 2700 οὐ
621 2647 942 2718 προείλαντο
975 2647 1083 2720 γὰρ
1113 2648 1172 2701 τὸ
1208 2647 1491 2718 βάπτισμα
1523 2646 1617 2699 τοῦ
1650 2643 1908 2717 Χριστοῦ.

256 2737 478 2794 Titulus
527 2741 854 2810 prtepositus
899 2743 1142 2797 continet
1171 2761 1184 2796 :
1212 2741 1384 2796 David
1421 2758 1513 2810 per
1560 2739 1873 2804 Jeremiam,
1909 2739 2022 2791 sine
2059 2737 2215 2790 titulo
2248 2737 2388 2804 apud
2425 2735 2696 2789 Hebra’os.
2749 2734 3131 2803 Inscriptiouis
3161 2740 3343 2785 autem
3377 2730 3465 2782 in-

177 2830 509 2898 terpretatio
545 2831 669 2887 talis
701 2842 786 2888 est
824 2852 836 2887 :
877 2852 1038 2888 manu
1065 2835 1218 2905 forti,
1253 2851 1449 2904 nempe
1478 2834 1576 2889 Dei
1606 2833 1769 2898 Filio,
1801 2832 2062 2897 confessio
2092 2849 2184 2899 per
2229 2834 2548 2901 baptismum
2583 2833 2821 2901 priorum
2872 2834 3136 2883 malarum
3170 2829 3462 2888 actionum,

177 2921 261 2975 Ita
291 2921 441 2974 enim
493 2922 882 2993 interpretatur
930 2925 1062 2980 illud
1119 2943 1210 2996 per
1257 2926 1546 2980 Jeremiam
1576 2925 1826 2996 praebitio
1856 2939 2031 2994 aquae,
2068 2923 2326 2976 nimirum
2367 2924 2692 2992 baptismus,
2736 2933 2790 2976 et
2820 2921 3126 2977 recordatio
3153 2921 3464 2974 Judaaorum

175 3011 590 3069 advenientium
643 3016 710 3069 ad
763 3017 1243 3086 illuminationem,
1276 3017 1556 3088 quomodo
1588 3017 1878 3075 contraria:
1907 3023 2206 3084 potestates
2239 3015 2505 3084 cogebant
2555 3031 2650 3070 eos
2703 3016 2852 3085 ipsas
2882 3015 3080 3069 colere.
3119 3015 3254 3069 Illud
3282 3021 3465 3067 autem

174 3109 295 3167 sine
321 3107 478 3160 titulo
512 3108 654 3176 apud
686 3107 942 3163 Hebraros
973 3110 1246 3180 signiﬁcat
1281 3123 1560 3179 receptum
1616 3125 1724 3162 non
1775 3105 1947 3160 fuisse
2003 3105 2072 3157 ab
2122 3104 2417 3157 incredulis
2466 3103 2711 3171 Judzuis;
2752 3117 2862 3157 non
2893 3103 3040 3158 enim
3076 3103 3463 3176 prmelegerunt

171 3199 514 3270 baptismum
539 3198 763 3254 Christi.

257 3313 309 3366 1.
343 3315 418 3384 (a)
449 3313 550 3367 Ἐν
570 3313 697 3380 ταῖς
713 3315 1050 3385 ἐπιθυμίαις
1072 3317 1180 3387 τῆς
1201 3321 1582 3389 συγχύσεως.
1599 3320 1769 3373 Τοῦτο
1795 3330 1804 3373 t

1946 3313 2000 3370 1.
2033 3311 2102 3366 1η
2139 3313 2574 3382 concupiscentiis
2603 3313 2929 3382 confusionis
2962 3329 2980 3366 :
3017 3315 3086 3367 ita
3122 3315 3266 3368 enim
3297 3316 3466 3370 inter-

175 3404 296 3474 γὰρ
325 3403 689 3474 ἑρμηνεύεται
725 3406 1108 3474 Βαϐυλῶνος,
1138 3411 1196 3461 ἐν
1228 3405 1315 3474 αἷς
1349 3410 1768 3481 ἐδελεάσθημεν,

175 3497 278 3552 καὶ
307 3495 604 3567 ἐξεκλύσθη
615 3515 713 3567 μεν
741 3499 842 3569 (5),
873 3499 1353 3572 ἐναπομείναντες.

251 3585 307 3650 2,
341 3586 394 3640 5.
441 3587 590 3638 Ἐκεῖ
623 3585 973 3658 ἐκλαύσαμεν
1023 3589 1354 3660 μνησθέντες
1402 3591 1500 3661 τῆς
1548 3592 1769 3662 ἐντολῆς

171 3675 276 3730 τοῦ
304 3674 462 3728 Θεοῦ.
499 3674 653 3728 Σιὼν⁴
685 3676 794 3749 γὰρ
821 3678 1184 3749 ἑρμηνεύεται
1209 3680 1452 3777 ἐντολή.

252 3768 308 3823 4.
357 3767 422 3820 Ἡ
468 3767 586 3820 ἰτέα
619 3767 810 3840 τέρψιν
838 3771 935 3840 μὲν
960 3771 1074 3840 ἔχει
1101 3770 1195 3824 τοῦ
1244 3771 1392 3837 ἰδεῖν,
1414 3767 1684 3844 ’ἄκαρπον
1712 3771 1768 3824 δέ

175 3859 398 3932 δένδρον
447 3859 702 3931 ὑπάρχει.
755 3861 926 3915 Τοῦτο
952 3859 1044 3916 οὖν
1077 3862 1226 3932 λέγει
1261 3863 1359 3934 (4),
1411 3863 1493 3916 ὅτι
1541 3865 1599 3916 ἐν
1651 3867 1770 3932 ταῖς

176 3953 424 4016 ἀπάταις
472 3954 566 4007 καὶ
602 3955 924 4026 ματαιότητι
969 3955 1064 4007 τοῦ
1114 3956 1231 4026 βίου
1281 3957 1671 4028 ἀπεκρέμαντο
1702 3958 1766 4026 τῇ

175 4045 453 4118 ἐπιθυμίᾳ
502 4048 571 4102 τὰ
631 4048 768 4119 μέλη
802 4050 960 4120 ήμῶν
989 4051 1048 4103 ἐν
1102 4051 1253 4122 μέσῳ
1294 4050 1395 4121 τῆς
1432 4051 1766 4122 συγχύσεως,

172 4139 434 4192 τουτέστι
462 4141 563 4211 τῆς
590 4141 885 4213 ἁμαρτίας.

251 4232 366 4287 5-7.
403 4233 527 4286 Ὅτι
553 4235 690 4299 ἐκεῖ,
741 4238 798 4288 ἐν
847 4237 913 4307 τῇ
950 4237 1212 4307 συγχύσει
1263 4237 1432 4292 ὄντων
1485 4238 1640 4310 ἡμῶν
1667 4236 1768 4307 τῆς

174 4322 478 4394 ἁμαρτίας,
504 4322 690 4377 λοιπὸν
714 4325 809 4378 καὶ
833 4325 1059 4395 ἡπάτων
1080 4328 1228 4397 ἡμᾶς
1261 4330 1315 4382 αί
1344 4330 1582 4384 ἐναντίαι
1607 4330 1768 4385 δυνά-

178 4429 308 4483 μεις
333 4411 884 4482 αἰχμαλωτεύσασθαι
912 4414 989 4486 (5)
1015 4417 1165 4486 ἡμᾶς
1196 4415 1292 4470 τοῦ
1332 4418 1640 4491 λατρεύειν,
1673 4421 1768 4474 καὶ

178 4502 440 4556 σέϐεσθαι
472 4503 662 4569 αὐτὰς,
687 4503 782 4557 καὶ
803 4504 984 4574 λέγειν
1014 4508 1145 4577 ἡμῖν
1166 4524 1180 4538 ⁸
1213 4508 1488 4574 Δοξάσατε
1514 4513 1663 4581 ἡμᾶς
1692 4513 1768 4576 ὡς

172 4595 270 4647 τὸν
305 4595 436 4648 Θεὸν
455 4595 548 4648 τοῦ
576 4596 830 4666 οὐρανοῦ.
856 4597 929 4651 Τὸ
948 4598 1057 4670 γὰρ
1089 4599 1242 4652 Σιὼν
1273 4601 1436 4655 πάλιν
1465 4603 1768 4674 ἑρμηνεύε-

174 4704 268 4740 ται
300 4689 483 4754 τόπος
513 4688 666 4744 ὅπου
689 4691 728 4758 ἡ
757 4691 981 4759 σκηνὴ,
1006 4693 1204 4746 ὡσανεὶ
1232 4695 1261 4746 ὁ
1295 4695 1544 4766 οὐρανός.

252 4863 306 4919 8.
351 4865 544 4934 Ἡμεῖς
573 4864 630 4918 δὲ
655 4865 791 4936 πρὸς
810 4867 908 4930 τάς
930 4867 1178 4930 ἐναντίας
1198 4867 1460 4937 δυνάμεις
1481 4868 1759 4940 ἐλέγομεν·

176 4955 305 5022 Πῶς
327 4957 454 5027 ὑμῖν
483 4957 872 5029 λατρεύσωμεν
897 4961 1009 5023 τοῖς
1037 4958 1256 5029 δαίμοσι
1286 4963 1400 5023 τοῖς
1448 4961 1656 5031 γηίνοις
1684 4961 1761 5032 (6)

177 5051 290 5112 τοῖς
314 5047 614 5120 ἀλλοτρίοις
635 5067 648 5114 ;

1874 3414 2121 3474 pretatur
2148 3421 2304 3473 super
2331 3405 2557 3473 [lumina
2575 3403 2890 3472 Babylonis,
2912 3404 2966 3457 in
2990 3406 3193 3475 quibus
3213 3406 3460 3475 inescati,

1872 3504 1927 3551 et
1957 3496 2230 3551 submersi
2263 3511 2456 3548 smnus
2481 3504 2898 3563 permanentes;

1914 3588 1994 3652 .2,
2031 3589 2084 3642 5.
2124 3589 2234 3641 Illic
2270 3587 2518 3640 ﬂevimus
2566 3588 2835 3641 recordati
2873 3587 3114 3640 mandati
3147 3586 3239 3642 Dei
3281 3608 3292 3642 :
3333 3587 3462 3642 Sion

1871 3679 2017 3733 enim
2057 3680 2448 3748 interpretatur
2482 3679 2814 3730 mandatum.

1943 3768 1996 3822 4.
2037 3769 2186 3822 Salix
2218 3778 2440 3837 aspectu
2473 3768 2693 3837 quidem
2732 3769 3100 3833 delectabilis,
3146 3769 3239 3822 sed
3295 3769 3458 3824 arbor

1871 3856 2212 3912 infructifera
2260 3867 2364 3912 est.
2401 3857 2516 3912 lloc
2555 3858 2720 3928 igitur
2748 3859 3038 3927 signiﬁcat,
3080 3858 3227 3928 quod
3269 3859 3323 3912 in
3358 3858 3460 3913 de-

1870 3951 2211 4022 ceptionibus
2235 3960 2288 4004 et
2319 3951 2654 4004 vanitatibus
2711 3952 2834 4003 vitae
2857 3951 2928 4006 ob
2955 3951 3458 4020 concupiscentiam

1871 4058 2136 4112 suspensa
2171 4041 2394 4096 fuerunt
2427 4043 2670 4096 membra
2702 4051 2887 4096 nostra
2933 4043 2987 4095 in
3043 4042 3223 4097 medio
3265 4043 3460 4098 confu-

1871 4117 2064 4202 sionis,
2087 4136 2194 4191 hoc
2221 4145 2306 4190 est
2336 4135 2564 4204 peccati.

1944 4227 2059 4282 5—7.
2111 4226 2379 4293 Quoniam
2411 4227 2559 4289 illic,
2616 4226 2743 4280 dum
2793 4226 2846 4279 in
2888 4225 3214 4280 confusione
3249 4231 3457 4296 peccati

1869 4333 2142 4382 essemus,
2182 4320 2403 4373 demum
2451 4319 2616 4372 etiam
2670 4333 2770 4372 nos
2816 4318 3458 4388 deceperuutcontrariaa

1869 4420 2170 4480 potestates
2215 4413 2515 4480 redigendo
2567 4426 2668 4466 nOs
2722 4411 2775 4464 in
2833 4411 3197 4482 captivitatem
3249 4411 3316 4464 ad
3362 4427 3458 4465 co-

1868 4503 2087 4558 lendum
2156 4514 2211 4558 et
2293 4507 2634 4560 adorandum
2700 4521 2832 4571 eas,
2907 4521 2970 4559 ac
3051 4504 3282 4560 dicemlo
3357 4521 3457 4560 no-

1868 4597 1952 4652 bis
1989 4616 2002 4652 :
2042 4596 2351 4652 Gloriﬁcate
2401 4613 2502 4652 nos
2560 4598 2703 4651 sicut
2753 4595 2922 4650 Deum
2975 4595 3121 4651 cmlii
3151 4594 3285 4649 Nam
3325 4593 3455 4649 Sion

1795 4674 1845 4733 ι)
1871 4691 2036 4745 etiam
2079 4692 2468 4760 interpretatur
2497 4692 2641 4745 locus
2679 4691 2770 4744 ubi
2797 4689 3227 4757 tabernaculum,
3263 4689 3455 4742 videli-

1871 4793 1956 4838 cet
1993 4785 2214 4839 canum.

1937 4873 1990 4928 8.
2024 4871 2136 4928 Nos
2170 4883 2354 4927 autem
2407 4874 2704 4930 contrariis
2754 4873 3116 4944 potestatibus
3167 4871 3404 4926 diximus
3433 4912 3450 4925 .

1867 4962 2153 5028 Quomodo
2173 4980 2272 5019 vos
2293 4965 2560 5030 colemus,
2583 4966 2676 5036 qui
2701 4967 2836 5021 estis
2861 4967 3138 5021 daemones
3165 4972 3458 5020 terrestres

1869 5057 2072 5111 alieni?

1140 5161 1449 5223 Addenda
1482 5169 1541 5222 et
1567 5163 1942 5242 corrigenda
1993 5183 2071 5227 ex
2112 5167 2252 5230 cod.
2288 5169 2490 5230 Vatic.

250 5262 327 5336 (l)
350 5263 536 5317 Ταῦτα
557 5263 625 5316 τὰ
669 5263 1056 5334 προλεχθέντα,
1089 5265 1170 5317 ὅτι
1196 5263 1550 5333 ἀτελεύτητόν
1593 5265 1760 5328 ἐστιν,

181 5341 288 5388 etc.

2042 5267 2145 5340 καὶ
2174 5267 2595 5340 ἐξεκλύσθημεν,
2624 5270 2796 5326 deest.

1932 5337 2007 5408 (Il)
2041 5339 2226 5407 Λέγει,
2261 5339 2337 5404 ὡς
2365 5337 2589 5410 νομίζω,
2629 5343 2731 5406 ὅτι,
2767 5350 2876 5397 etc.
2915 5340 3021 5395 Τοῦ
3066 5339 3182 5411 βίου
3211 5337 3450 5407 τούτου,

254 5401 342 5490 (Ξ)
371 5403 436 5490 "II
467 5403 555 5490 διὰ
741 5403 1112 5490 κινναϐάρεως
1165 5403 1447 5490 περιέχει·
1483 5403 1764 5490 Τῴ-Δαςιξδ
1860 5401 1967 5490 etc.

182 5471 295 5546 ᾠοξὴ
313 5471 424 5539 διά,
461 5482 565 5528 etc.
608 5471 710 5527 Kal.
735 5475 924 5546 μνήμη
948 5471 1520 5546 τ’ῶνγπροερχομένων.
1545 5471 1650 5529 etc.
1690 5476 1763 5527 Τὸ

183 5543 322 5666 ζιζῶς,
352 5555 458 5625 el_c.
518 5545 592 5598 Οὐ
630 5543 967 5617 προσήλαντο
1019 5543 1137 5616 γὰρ’
1173 5543 1634 5616 τῷβαπτίσιιατι
1667 5563 1760 5598 του

237 5631 443 5680 ριστου.

1933 5477 2010 5550 (
2036 5480 2074 5531 Α
2087 5479 2583 5550 ίχμαλωτεύσασαι.

1931 5549 2007 5619 (6)
2043 5549 2165 5612 Τοῖς
2193 5549 2400 5622 γηίνοις
2428 5551 2600 5606 deest.

259 5709 333 5781 (α)
358 5707 422 5764 Ν.
456 5709 507 5775 1,
538 5707 592 5774 ‘2,
625 5709 676 5763 3.
715 5708 919 5767 linicus
955 5719 1244 5766 comment.
1285 5708 1345 5764 Et
1377 5713 1633 5765 submersi
1659 5726 1841 5765 sumus
1878 5709 2048 5766 deest.
