3860 6220
228 306 363 363 1277

288 423 342 478 2.
372 421 478 476 Kal
503 424 746 477 ἐναντίον
774 422 1021 493 ἀγγέλων
1052 423 1210 494 ψαλῶ
1234 443 1312 479 σοι
1337 444 1348 458 ·

288 514 342 570 5.
380 515 501 568 Ὅτι
534 515 775 586 ἤκουσας
819 516 998 570 πάντα
1027 516 1098 570 τὰ
1126 518 1347 589 ῥήματα
1384 519 1476 572 τοῦ
1534 521 1799 589 στόματός

218 622 344 677 μου.

288 696 342 751 4.
379 696 753 769 Προσκυνήσω
777 698 914 771 πρὸς
952 700 1077 752 ναὸν
1104 700 1258 768 ἅγιόν
1285 717 1378 753 σου
1395 718 1409 730 ο

290 788 343 845 5.
380 790 489 843 Kal
521 790 986 863 ὲξομολογήσομαι
1014 794 1089 863 τῷ
1111 794 1335 864 ὀνόματί
1360 811 1453 846 σου
1477 834 1492 859 ,

291 881 343 936 6.
394 883 516 936 Ἐπὶ
544 883 622 953 τῷ
655 883 795 936 ἐλέει
827 902 919 937 σου
946 886 1040 938 καὶ
1074 889 1138 957 τῇ
1180 884 1408 956 ἀληθείᾳ
1439 902 1532 938 σου
1554 901 1569 915 ·

290 974 343 1028 7.
375 972 499 1028 ’Ότι
530 976 868 1047 εμεγὰλυνας
897 976 990 1029 ἐπὶ
1020 978 1129 1030 πᾶν
1164 975 1417 1049 [πάντας]
1459 980 1521 1030 τὸ
1542 978 1710 1049 ὄνομα
1742 978 1803 1033 τὸ

216 1068 375 1137 ἅγιόν
405 1084 519 1121 σου.

289 1162 343 1214 8.
390 1160 478 1212 ‘Ev
600 1159 665 1213 ἂν
700 1161 883 1233 ἡμέρᾳ
916 1163 1310 1234 ὲπικαλέσομαί
1368 1180 1464 1228 σε,
1496 1163 1633 1234 ταχὺ
1700 1164 1803 1215 ὲπ-

214 1253 351 1303 άκου
360 1251 450 1304 σόν
474 1270 595 1321 μουο

289 1344 341 1399 9.
376 1345 755 1419 Πολυωρήσεις
790 1368 857 1421 με
889 1353 946 1403 ἐν
970 1352 1112 1422 ψυχῇ
1160 1370 1258 1423 μου
1287 1353 1512 1422 δυνάμει
1542 1370 1656 1405 σου.

290 1437 378 1491 10.
429 1439 1046 1511 Ἐξομολογησάσθωσάν
1103 1462 1227 1509 σοι,
1272 1445 1445 1515 Κύριε
1470 1485 1484 1507 ,
1521 1447 1720 1508 πάντες
1753 1446 1804 1498 οἱ

216 1530 462 1601 βασιλεῖς
489 1534 588 1603 τῆς
621 1539 723 1605 γῆς
744 1553 756 1568 ο

292 1622 379 1676 11.
414 1620 538 1677 Ὅτι
569 1624 808 1694 ἥκουσαν
843 1627 1021 1680 πάντα
1048 1627 1119 1683 τὰ
1149 1629 1368 1698 ῥήματα
1408 1627 1501 1680 τοῦ
1538 1628 1804 1696 στόματός

215 1729 335 1768 σου.

1072 308 1159 362 DE
1198 308 1476 366 TITULIS
1514 310 1962 368 PSALMORUM.
1995 342 2050 353 -
2093 311 2288 367 PSAL.
2331 309 2643 365 CXXXVII.

3346 307 3481 364 1278

1830 434 1873 489 Α
1976 429 2032 484 2.
2068 426 2135 484 Et
2166 428 2219 482 in
2260 438 2555 498 conspectu
2594 427 2911 496 angelorum
2939 425 3167 495 psallam
3197 426 3290 479 tibi
3320 445 3339 479 ;

1974 522 2026 575 5.
2067 519 2335 587 Quoniam
2366 518 2566 574 audisti
2593 517 2776 573 omnia
2808 518 2969 571 verba
2998 517 3110 571 oris
3140 517 3267 571 mei.

1980 704 2027 757 4.
2064 702 2318 756 Adorabo
2347 702 2412 754 ad
2446 699 2701 768 templum
2732 705 2981 752 sanctum
3017 705 3207 750 tuum:

1979 790 2032 844 5.
2065 787 2131 842 Et
2159 789 2454 843 conﬁtebor
2492 787 2700 841 nomini
2730 796 2844 852 tuo,

1977 881 2029 935 6.
2070 879 2245 949 Super
2271 879 2642 934 misericordia
2674 889 2786 943 tua,
2815 885 2869 931 et
2895 877 3118 931 veritate
3142 884 3271 930 tua:

1976 974 2028 1029 7.
2054 973 2322 1040 Quoniam
2352 970 2712 1040 niagniﬁcasti
2743 984 2907 1040 super
2932 984 3094 1023 omne
3118 965 3355 1040 [omnes]
3383 982 3482 1022 no-

1903 1085 2025 1124 men
2052 1075 2301 1122 sanctum
2335 1076 2511 1120 tuum.

1974 1161 2024 1215 8.
2050 1160 2107 1213 In
2139 1173 2466 1229 quacunque
2487 1158 2575 1213 die
2600 1160 2924 1216 invocavero
2944 1167 3016 1223 te,
3043 1157 3301 1211 velociter
3323 1170 3484 1209 exau-

1903 1257 1955 1311 di
1983 1272 2069 1309 me
2095 1273 2108 1307 :

1980 1352 2033 1401 9.
2067 1347 2451 1415 Multiplicabis
2478 1364 2564 1401 me
2602 1347 2653 1400 in
2687 1348 2868 1400 anima
2901 1361 3021 1399 mea
3049 1345 3245 1398 virtute
3280 1353 3385 1397 tua.

1980 1439 2066 1494 10.
2106 1440 2480 1495 Conlitcantur
2518 1442 2636 1505 tibi,
2667 1440 2894 1493 Domine
2916 1480 2930 1503 ,
2964 1453 3152 1492 omnes
3189 1452 3340 1505 reges
3372 1446 3481 1489 ter~

1906 1550 2016 1589 ΗΕΖ

1982 1626 2071 1680 11.
2109 1625 2246 1691 Quia
2278 1626 2567 1679 audierunt
2597 1624 2779 1679 omnia
2814 1624 2978 1678 verba
3006 1624 3117 1678 oris
3147 1624 3240 1677 tui.

290 1801 376 1855 12.
414 1802 519 1854 Kal
549 1803 837 1872 ᾁσάτωσαν
873 1809 930 1859 ὲν
956 1809 1073 1870 ταῖς
1104 1809 1242 1871 ὁδοῖς
1265 1809 1469 1880 Κυρίου
1498 1808 1655 1880 [ὁδοῖς
1681 1827 1796 1877 σου,
1831 1784 1836 1838 1

1979 1810 2065 1864 19..
2093 1808 2159 1863 Et
2189 1818 2406 1863 cantent
2425 1809 2478 1861 in
2507 1808 2610 1861 viis
2630 1806 2846 1860 Domini
2874 1804 3005 1876 [viis
3033 1806 3163 1867 tuis,
3190 1801 3436 1876 Domine]
3464 1821 3479 1856 ;

212 1891 414 1947 K'Jztsl
438 1910 450 1921 '

287 1910 389 1943 ms
438 1910 450 1921 ο

287 1944 377 2037 1⁸5.
401 1891 531 2038 ΙὌτι
565 1989 774 2058 μεγάλη
801 1990 831 2059 ἡ
861 1989 986 2053 δόξα
1008 1990 1233 2061 Κυρίου.

288 2077 377 2130 14.
407 2077 529 2130 Ὅτι
559 2078 760 2148 ὑψηλὸς
785 2079 1010 2151 Κύριος,
1042 2081 1135 2134 καὶ
1167 2080 1236 2134 τὰ
1267 2082 1492 2135 ταπεινὰ
1520 2084 1723 2155 ἐφορᾷ’

287 2167 375 2223 15.
410 2169 522 2221 Kal
550 2170 619 2223 τὰ
646 2171 826 2242 ὑψηλὰ
864 2172 972 2227 ἀπὸ
1007 2174 1281 2246 μακρόθεν
1310 2174 1588 2243 γινώσκει.

1980 1989 2065 2041 15.
2104 1986 2372 2052 Quoniam
2406 2000 2597 2055 magna
2626 1991 2711 2038 est
2739 1982 2909 2053 gloria
2933 1978 3165 2032 Domini.

1976 2080 2065 2133 14.
2085 2078 2353 2143 Quoniam
2370 2077 2621 2131 excelsus
2636 2075 2919 2139 Dominus,
2935 2082 2988 2126 et
3002 2070 3223 2125 humilia
3237 2067 3477 2139 respicit:

1980 2172 2067 2225 15.
2101 2171 2168 2225 Ει
2200 2172 2305 2225 alta
2347 2187 2377 2225 a
2408 2171 2566 2239 longe
2606 2167 2900 2239 cognoscit.

1348 2342 1725 2398 ATHANASII
1764 2342 2355 2399 INTERPRETATIO.

282 2498 338 2552 2.
372 2496 475 2553 Kal
519 2501 611 2552 ὲπὶ
642 2499 752 2554 τῶν
800 2500 970 2568 ἁγίων
1004 2500 1251 2568 ἀγγέλων
1280 2500 1387 2557 τῶν
1433 2500 1800 2573 παρεστώτων

203 2590 290 2660 τῷ
322 2592 633 2663 φωτίσματί
660 2608 751 2645 σου
780 2593 1075 2665 ἁνυμνήσω
1106 2611 1186 2647 σε.

286 2682 339 2735 5.
372 2682 493 2735 Ὀτι
526 2681 832 2753 προσεδέξω
848 2684 944 2754 τὴν
967 2682 1351 2754 ἐξομολόγησιν
1373 2700 1501 2753 μου,
1529 2683 1623 2737 καὶ
1647 2683 1803 2753 ἠξίω-

208 2772 313 2834 ci:
348 2789 414 2841 με
450 2772 547 2842 τῆς
579 2773 799 2844 χάριτός
824 2790 939 2826 σου.

1966 2496 2120 2552 2.1:Zt
2172 2498 2312 2549 inter
2364 2505 2587 2550 sanctos
2640 2510 2861 2565 angelos
2916 2505 3157 2549 astantes
3207 2494 3315 2548 luci
3376 2502 3480 2548 tua!

1898 2589 2213 2659 gloriﬁnabo
2250 2598 2319 2641 te.

1972 2682 2027 2735 5.
2067 2679 2339 2746 Quoniam
2375 2680 2631 2748 accepisti
2664 2678 3064 2734 confessionem
3095 2695 3290 2743 meam,
3314 2690 3366 2733 et
3394 2679 3479 2732 di-

1897 2782 2099 2844 gnatus
2125 2789 2185 2828 es
2218 2788 2306 2827 me
2335 2774 2509 2843 gratia
2538 2786 2652 2826 tua.

287 2874 341 2917 4.
373 2864 643 2918 Εἰσελθὼν
670 2866 727 2918 ὲν
755 2864 834 2935 τῷ
866 2864 940 2934 (1)
977 2866 1115 2936 ἁγίῳ
1146 2867 1260 2935 ναῷ
1306 2883 1400 2920 σου
1437 2865 1836 2949 προσκυνήσω1

1976 2864 2029 2918 4.
2064 2865 2377 2936 Ingrediens
2406 2866 2458 2918 in
2490 2866 2746 2934 templum
2777 2874 3024 2919 sanctum
3060 2873 3209 2917 tuum
3247 2863 3482 2917 aztorabo

210 2973 319 3019 σοι,
354 2955 491 3026 μετὰ
516 2958 577 3009 τὸ
614 2957 950 3027 φωτισθῆναί
981 2975 1068 3028 με.

285 3050 338 3103 5.
374 3050 480 3103 Καὶ
514 3050 895 3121 ὲξομολογήσω
935 3048 1010 3119 (2)
1045 3047 1281 3118 ἐμαυτὸν
1325 3048 1687 3101 δεδουλῶσθαι
1720 3044 1802 3116 τῷ

207 3141 441 3211 ὀνόματί
470 3158 563 3193 σου
586 3180 601 3205 ,

286 3234 339 3287 6.
365 3234 462 3286 Διὲ
482 3233 540 3286 τὸ
566 3232 714 3296 ἔλεός
738 3249 856 3296 σου,
880 3233 975 3285 καὶ
996 3233 1093 3304 τὴν
1114 3233 1369 3305 ἀλήθειάν
1394 3249 1508 3297 σου,
1530 3231 1595 3301 ἢν
1620 3229 1809 3301 ἐποίη-

214 3342 319 3388 σας
348 3328 428 3389 εἰς
463 3326 579 3397 ἐμὲ.

291 3415 493 3470 7.”Ὀτι
515 3416 609 3470 καὶ
633 3416 724 3467 ἐπὶ
752 3415 825 3485 (5)
850 3417 1055 3479 πάντας
1082 3414 1394 3480 δεδόξασται
1418 3414 1478 3466 τὸ
1494 3413 1663 3466 ὄνομα
1681 3430 1796 3467 σου.

289 3588 342 3643 8.
358 3589 477 3657 Ἀφ’
493 3582 553 3642 οὗ
579 3586 817 3657 ἠξίωσας
846 3606 913 3657 με
935 3588 1035 3656 τῆς
1057 3587 1348 3650 υἱοθεσίας,
1382 3588 1541 3658 μόνον
1563 3587 1761 3658 βοῶμ)
1784 3603 1802 3616 ’

209 3680 406 3749 Πάτερ
432 3678 621 3750 ἡμῶν,
648 3683 677 3732 ό
694 3679 763 3732 ἐν
785 3679 909 3743 τοῖς
931 3678 1229 3746 οὐρανοῖς,
1252 3678 1411 3740 εὐθὺς
1432 3677 1648 3741 ἀκούεις
1676 3695 1799 3749 μου.

280 3859 336 3914 9.
369 3860 461 3923 Εἰς
490 3859 558 3912 τὰ
595 3859 700 3931 ὕψη
739 3859 967 3913 ἐντολῶν
1001 3877 1094 3914 σου
1123 3859 1423 3928 ἀναγάγεις
1450 3859 1526 3930 (5)
1559 3860 1657 3931 τὴν
1697 3859 1800 3928 ψυ-

211 3954 317 4025 χήν
345 3970 444 4024 μου
478 3955 545 4024 τῇ
580 3952 805 4024 δυνάμει
839 3971 953 4006 σου.

291 4044 379 4099 10.
407 4042 697 4109 Δοξάσουσί
736 4063 803 4115 με
835 4046 1035 4107 πάντες
1066 4046 1115 4097 οἱ
1149 4044 1575 4106 πεπιστευκότες
1608 4044 1689 4106 είς
1718 4043 1798 4098 σέ.

290 4138 376 4193 11.
411 4137 536 4192 ’Ότι
562 4138 830 4205 ἐδέξαντο,
867 4138 960 4191 καὶ
984 4136 1307 4208 ὲπλήρωσας
1339 4136 1414 4207 (6)
1450 4136 1591 4207 ὄιπερ
1621 4136 1803 4200 αὐτοῖς

212 4227 556 4299 ἀπηγγείλω.

292 4321 375 4375 12.
408 4322 517 4377 Kal
550 4323 607 4375 ἐν
628 4321 944 4390 ἀγαλλιάσει
977 4320 1204 4391 καρδίας
1225 4319 1593 4391 ἀνυμνήσουσί
1620 4318 1694 4389 (7)
1721 4336 1800 4383 σε,

214 4412 411 4485 Κύριε.

293 4510 380 4562 15.
408 4505 533 4561 Ὀτι
560 4505 922 4575 ἁνεκλάλητός
947 4503 1021 4575 (8)
1053 4505 1199 4555 ἐστιν
1226 4504 1261 4574 ή
1299 4500 1676 4573 φιλανθρωπία
1704 4498 1799 4552 τοῦ

213 4601 375 4655 Θεοῦ.

290 4694 379 4749 14.
409 4693 531 4748 ’Ότι
558 4693 832 4756 τοσοῦτος,
878 4692 971 4743 καὶ
998 4688 1316 4761 τηλικοῦτος
1343 4686 1417 4740 ὣν
1438 4729 1452 4751 ,
1488 4687 1582 4739 καὶ
1611 4702 1798 4739 κατοι-

212 4789 330 4843 κῶν
354 4790 412 4842 ὲν
440 4790 553 4851 τοῖς
584 4788 833 4858 οὐρανοῖς
853 4826 865 4847 ,
900 4784 1156 4858 πρόνοιαν
1186 4782 1409 4851 ποιῆσαι
1439 4780 1512 4851 (9)
1543 4781 1801 4852 ἁμαρτω-

212 4882 343 4945 λῶν,
378 4882 471 4934 καὶ
498 4878 769 4934 ταπεινῶν
809 4876 1134 4948 ἀνθρώπων,
1168 4875 1449 4930 τουτέστιν
1480 4875 1511 4942 ἡ
1522 4873 1655 4944 μῶν.
1686 4894 1794 4918 σεε-ιο

292 4974 376 5029 15.
396 4975 507 5027 Kal
528 4974 654 5035 τοὺς
680 4972 867 5040 ἁγίους
886 4972 995 5040 (10)
1020 4968 1126 5023 ἀπὸ
1156 4967 1571 5040 προκαταΰολῆς
1594 4966 1798 5035 κόσμου

216 5067 492 5138 προέγνω,
533 5066 627 5119 καὶ
662 5063 988 5135 προώρισεν.

290 5214 313 5244 ί
344 5206 533 5264 Matth.
571 5221 645 5269 vn,
679 5203 730 5257 9.

1904 2965 1978 3022 te,
2016 2966 2304 3028 postquam
2336 2959 2677 3013 illuminatus
2708 2958 2882 3012 fuero.

1970 3045 2025 3101 5.
2061 3044 2130 3100 Et
2159 3047 2461 3101 conﬁtebor
2485 3088 2499 3111 ,
2523 3064 2610 3101 me
2643 3049 2818 3118 ipsum
2851 3062 3068 3101 servum
3104 3062 3224 3101 esse
3248 3046 3482 3099 nominis

1901 3139 1977 3194 tui
2001 3179 2016 3203 ,

1972 3231 2026 3287 6.
2074 3230 2306 3301 Propter
2369 3231 2804 3284 misericordiam
2853 3238 3001 3281 tuam
3032 3266 3047 3291 ,
3106 3233 3159 3278 et
3200 3222 3482 3276 veritatem

1900 3331 2052 3380 tuam
2079 3366 2094 3390 ,
2131 3340 2295 3394 quam
2329 3324 2503 3378 iecisti
2537 3326 2588 3377 in
2623 3340 2728 3377 me.

1974 3412 2023 3465 7.
2057 3410 2329 3477 Quoniam
2368 3422 2423 3466 et
2453 3429 2618 3481 super
2664 3427 2855 3466 omnes
2885 3409 3243 3479 glorificatum
3276 3415 3358 3459 est
3388 3420 3485 3456 no-

1905 3521 2029 3559 men
2063 3514 2236 3558 tuum.
2322 3552 2329 3555 _

1977 3596 2029 3649 8.
2063 3594 2140 3649 Ex
2176 3612 2285 3664 quo
2316 3595 2570 3665 dignatus
2606 3608 2666 3646 es
2702 3606 2789 3645 me
2820 3589 3112 3657 adeptione
3139 3628 3153 3651 ,
3217 3590 3306 3641 vix
3354 3587 3483 3642 dum

1905 3687 2079 3742 clamo
2114 3706 2127 3741 :
2161 3686 2325 3740 Pater
2356 3698 2553 3750 noster,
2592 3686 2682 3755 qui
2720 3701 2772 3738 es
2816 3684 2872 3736 in
2904 3682 3080 3736 caelis‘
3108 3721 3123 3747 ,
3168 3682 3349 3735 statim
3397 3697 3484 3733 me

1902 3779 2151 3833 exaudis.

1975 3868 2028 3922 9.
2084 3866 2142 3920 In
2178 3864 2493 3919 altitudines
2526 3868 2918 3929 praeceptorum
2976 3868 3195 3912 tuorum
3248 3857 3483 3911 deduces

1912 3958 2153 4013 animam
2189 3971 2363 4010 meam
2394 3955 2593 4007 virtute
2626 3961 2736 4005 tua.

1977 4050 2066 4105 1t).
2096 4045 2491 4103 Glorilicabnnt
2521 4053 2575 4098 te
2603 4057 2813 4107 omnes,
2844 4041 2937 4110 qui
2966 4040 3017 4093 in
3045 4050 3094 4093 te
3114 4038 3478 4094 crediderunt.

1977 4141 2066 4195 11.
2097 4138 2235 4206 Quia
2267 4143 2628 4206 acceperunt,
2660 4142 2712 4189 et
2745 4132 3065 4202 implevisti,
3104 4147 3222 4199 qua:
3248 4131 3354 4185 illis
3384 4132 3481 4183 de-

1833 4247 1879 4302 D
1904 4234 2187 4289 nuntiasti.

1976 4327 2065 4380 12.
2104 4325 2171 4379 Et
2201 4324 2257 4378 in
2303 4321 2667 4377 exsultatione
2701 4318 2884 4373 cordis
2929 4316 3230 4371 laudabunt
3259 4326 3307 4369 te
3329 4354 3343 4379 ,
3376 4313 3484 4368 Do-

1900 4434 2065 4473 mine.

1972 4511 2057 4563 15.
2098 4508 2369 4575 Quoniam
2401 4506 2691 4562 ineﬂ'abilis
2724 4512 2805 4559 est
2832 4503 3139 4574 benignitas
3169 4501 3282 4556 Dei.

1970 4692 2055 4745 14.
2082 4690 2347 4759 Quoniam
2377 4691 2519 4755 talis,
2551 4700 2605 4747 et
2632 4700 2814 4746 tantus
2843 4689 3135 4750 exsistens,
3165 4695 3219 4741 et
3248 4686 3301 4739 in
3327 4686 3480 4739 caelis

1899 4786 2187 4852 habitans,
2218 4800 2404 4839 curam
2439 4785 2583 4857 geris
2613 4784 2679 4838 de
2726 4779 3100 4853 peccatoribus
3125 4820 3139 4843 ,
3183 4794 3247 4833 ac
3281 4778 3483 4831 vilibus

1898 4879 2247 4941 hominibus,
2286 4877 2389 4932 hoc
2429 4886 2512 4931 est
2545 4877 2719 4930 nobis.

1976 4970 2063 5023 15.
2097 4970 2161 5024 Et
2199 4979 2419 5025 sanctos
2455 4986 2484 5023 a
2533 4969 2926 5025 constitutione
2960 4965 3147 5020 mundi
3185 4961 3484 5033 praescivit‘

1900 5069 1952 5117 et
1982 5063 2407 5120 nrzedestinavit.

1172 5311 1481 5372 Addenda
1515 5318 1577 5373 et
1608 5311 1981 5390 corrigenda
2017 5329 2095 5372 ex
2124 5315 2263 5373 cod.
2300 5312 2501 5373 Vatic.

287 5473 364 5545 (1)
404 5471 493 5545 Ἐν
512 5469 590 5545 τῷ
619 5466 732 5545 ναῷ
757 5483 849 5519 σου
869 5464 947 5536 τῷ
971 5464 1132 5535 ἁγίῳ,
1165 5473 1270 5518 etc.

286 5540 365 5612 (2)
406 5542 465 5596 ’0
473 5540 672 5612 μολογή
680 5557 776 5612 σω.

288 5605 367 5686 (ὅ)
395 5605 519 5686 Ἐπὶ
548 5605 674 5673 τοὺς
705 5607 1065 5686 ᾁμαρτωὲοὺς
1092 5605 1422 5686 δεδόξασται,
1443 5613 1547 5686 e‘tc.

402 5683 594 5807 Βρήόῒω
628 5674 765 5750 πρὸς
800 5674 857 5731 σε
879 5696 890 5708 ⁸
922 5676 1104 5747 Πάτερ
1136 5693 1259 5745 μου,
1295 5685 1421 5740 etc.,
1458 5674 1687 5729 ἄκουσόν
1708 5692 1771 5744 με

354 5762 369 5824 )
405 5755 438 5807 ἰ
467 5770 496 5809 ν
536 5768 690 5819 γαγε.

316 5756 369 5824 ε)
405 5755 690 5819 Ἀνάγαγε.

1970 5464 2046 5536 (β)
2083 5464 2437 5536 Ἐπλήρωσαν
2468 5465 2612 5536 ἆπερ
2638 5465 2823 5527 αὐτοῖς
2852 5464 3119 5519 ἐνετειλω.

1968 5534 2045 5604 (7)
2076 5538 2200 5588 ’Λνυ
2210 5534 2454 5606 μνήσωσί
2481 5553 2560 5596 σε,
2581 5534 2698 5589 etc.

1969 5607 2044 5674 (8)
2074 5604 2469 5671 ’Λνέκλειπτος,
2495 5616 2623 5669 etc.,
2644 5605 2739 5661 τοῦ
2762 5604 2993 5674 Κυρίου.

1966 5676 2043 5745 (9)
2068 5678 2329 5741 Καταξιοί
2359 5676 2652 5736 ποιεῖσθαι,
2686 5690 2792 5731 etc.

1971 5748 2080 5820 (10)
2121 5749 2334 5817 Ἀγίους
2367 5747 2529 5803 αὖτοῦ
2561 5747 2685 5818 πρό,
2722 5756 2825 5803 etc.
