3860 6220
395 279 536 337 1279
1243 275 1306 333 ε.
1345 273 1718 331 hTHANASﬂ
1755 275 1910 331 OPP.

2182 273 2264 329 lll.
2305 302 2377 314 —-
2417 267 2830 326 EXEGETICA.
3125 277 3128 280 '
3545 257 3706 313 1380

466 395 553 452 16.
587 395 645 451 Si
679 396 1032 451 ambulavero
1075 396 1128 450 in
1159 397 1336 450 medio
1370 393 1738 448 tribulationis
1759 434 1774 459 ,
1803 390 1980 446 viviﬁ-

2173 389 2243 444 16.
2283 387 2406 442 Ἐἀν
2437 380 2690 456 πορευθῶ
2725 382 2782 432 ὲν
2806 375 2955 448 μέσῳ
2977 373 3227 441 θλίψεως,
3255 372 3442 440 ζήσεις
3466 385 3538 438 με
3563 367 3697 436 [ζή-

391 490 543 546 cabis
571 505 659 544 me
684 507 698 543 :

2088 497 2186 550 σῃς
2211 476 2324 548 ps].
3188 531 3189 534 η

464 581 552 634 17.
583 579 758 649 Super
809 579 947 632 iram
998 576 1351 631 inimicorum
1392 590 1636 630 meorum
1688 575 1981 630 extendisti

2191 571 2244 622 7.
2293 568 2411 622 Ἐπ’
2464 564 2634 635 ὀργὴν
2668 561 2878 631 ἐχθρῶν
2935 577 3034 628 μου
3068 558 3339 623 ἐξέτεινας
3365 553 3561 623 χεῖράς
3597 569 3703 604 σου

389 687 591 726 manus
622 678 745 725 tuas
779 668 1027 741 [manum
1066 665 1242 736 tuam]
1273 685 1284 719 :

2087 657 2268 730 [χεῖρά
2301 655 2439 727 σου].
2854 737 2877 753 ν
2918 737 2929 753 '

461 763 550 817 18.
589 762 656 817 Et
682 737 893 818 salvum
921 777 1009 816 me
1031 759 1160 817 fecit
1184 761 1405 815 dextera
1441 769 1556 815 tua.

2158 748 2243 801 18.
2277 746 2388 800 Καὶ
2419 745 2592 798 ἔσωσέ
2631 759 2696 814 με
2732 743 2765 811 ἡ
2790 737 2939 803 δεξιά
2966 754 3080 790 σου.

463 854 552 910 19.
586 854 854 910 Dominus
883 853 1148 909 retribuet
1175 869 1272 921 pro
1307 868 1392 907 me
1421 870 1436 907 ε

2159 839 2244 894 19.
2277 838 2481 911 Κύριος
2513 833 2884 889 ἀνταποδώσει
2911 831 3048 904 ὑπὲρ
3077 830 3230 900 ἐμοῦ.

456 947 550 1000 20.
576 946 828 1014 Domine,
857 947 1232 1002 misericordia
1264 956 1357 1002 tua
1384 947 1438 1000 in
1483 945 1766 1002 saccutum.

2155 932 2247 986 ‘20.
2280 930 2476 1000 Κύριε,
2502 928 2562 981 τὸ
2587 926 2736 988 ἔλεός
2768 941 2862 976 σου
2902 925 2984 986 είς
3009 921 3099 974 τὸν
3129 921 3334 972 αἰῶνα·

457 1037 548 1093 21.
579 1037 755 1108 Opera
789 1056 1050 1094 manuum
1093 1050 1309 1094 tuarum
1342 1055 1408 1094 ne
1447 1039 1742 1109 despicias.

2154 1022 2246 1077 21.
2278 1022 2358 1075 Τὰ
2386 1022 2526 1093 ἔργα
2550 1019 2659 1071 τῶν
2687 1015 2887 1088 χειρῶν
2931 1032 3024 1067 σου
3056 1011 3129 1083 μὴ
3158 1011 3405 1084 παρίδῃς.

458 1128 527 1185 In
566 1101 760 1196 ﬁnem:
781 1130 1028 1186 Psalmus
1061 1133 1250 1188 David.
1280 1131 1486 1187 PSAL.
1519 1101 1725 1187 έΧΧΧ
1744 1125 1910 1188 VIII.

2293 1116 2397 1179 Εἰς
2428 1113 2492 1166 τὸ
2527 1110 2702 1174 τέλος
2723 1107 2803 1173 τῷ
2829 1105 3026 1160 Δαϐἰδ.
3059 1108 3231 1159 ΨΑΛ.
3255 1101 3406 1157 ΡΛΗ
3424 1109 3457 1158 ’.

461 1223 515 1278 1.
542 1223 771 1279 Domine
799 1266 812 1290 ,
843 1225 1090 1294 probasti
1123 1240 1231 1290 me,
1263 1233 1315 1279 et
1341 1225 1641 1296 cognovisti
1677 1239 1764 1278 me
1791 1242 1805 1277 :

2157 1209 2210 1263 1.
2236 1206 2431 1276 Κύριε,
2463 1200 2794 1273 ἐδοκίμασάς
2824 1215 2913 1269 με,
2949 1198 3043 1250 καὶ
3069 1195 3238 1264 ἔγνως
3268 1211 3356 1265 με.

459 1317 513 1370 2.
549 1315 630 1369 Tu
659 1315 962 1385 cognm'isti
991 1319 1290 1373 sessionem
1317 1332 1492 1371 meam
1515 1356 1530 1380 ,
1555 1329 1608 1371 et
1633 1315 1983 1371 resurrectio-

2166 1299 2208 1354 Ξ.
2238 1300 2310 1352 Σὺ
2333 1297 2502 1366 ἔγνως
2521 1294 2619 1365 τὴν
2642 1291 2913 1362 καθέδραν
2946 1306 3045 1360 μου
3069 1289 3162 1344 καὶ
3183 1289 3280 1358 τὴν
3301 1286 3520 1357 ἔγερσίν
3552 1303 3690 1356 μου.

389 1423 513 1462 nem
548 1421 747 1459 meam.

461 1499 513 1553 ’5.
554 1497 872 1552 Intellexisti
909 1493 1271 1564 cogitationes
1305 1509 1456 1549 meas
1488 1495 1553 1548 de
1584 1496 1763 1566 longe.

2166 1479 2210 1533 5.
2229 1478 2301 1530 Σὺ
2323 1476 2560 1545 συνῆκας
2579 1473 2704 1536 τοὺς
2724 1472 3108 1540 διαλογισμους
3131 1485 3231 1538 μου
3249 1465 3356 1519 ἀπὸ
3378 1465 3690 1537 μακρόθεν,

462 1589 514 1642 4.
545 1587 808 1642 Semitam
840 1602 1018 1642 meam
1050 1595 1104 1640 et
1133 1584 1438 1640 funiculum
1473 1603 1654 1642 meum
1685 1590 1952 1660 investiga

2169 1570 2210 1625 ι.
2237 1571 2348 1641 Τὴν
2374 1567 2559 1640 τρίϐον
2593 1582 2695 1637 μου
2743 1565 2836 1617 καὶ
2868 1561 3076 1631 σχοῖνόν
3112 1577 3211 1630 μου
3240 1559 3304 1612 σὺ
3340 1556 3693 1628 ἐξιχνίασας,

391 1679 487 1747 sti,
929 1694 934 1696 ·

461 1775 515 1830 5.
546 1772 614 1828 Ει
648 1787 841 1827 omnes
876 1775 994 1828 vias
1027 1787 1178 1828 meas
1202 1773 1498 1842 praevidisti
1525 1791 1538 1827 :

2008 1736 2053 1790 Β
2156 1775 2204 1828 5-
2235 1772 2345 1825 καὶ
2371 1772 2553 1834 πάσας
2579 1767 2682 1831 τὰς
2702 1764 2868 1842 5W»);
2907 1782 3008 1835 μου
3045 1761 3292 1833 προεῖδες
3323 1779 3330 1788 ·

461 1865 514 1923 6.
563 1867 702 1932 Quia
737 1883 844 1920 non
876 1875 961 1921 est
992 1865 1151 1919 dolus
1185 1865 1238 1917 in
1294 1865 1476 1935 lingua
1509 1880 1648 1922 mea.

2161 1864 2210 1917 6.
2252 1862 2375 1916 ’Ὁτι
2395 1860 2497 1914 οὐκ
2515 1856 2631 1913 ἐστι
2659 1852 2812 1920 δόλος
2839 1857 2897 1908 ὲν
2926 1852 3145 1923 γλώσσῃ
3179 1869 3303 1922 μου.

462 1977 510 2031 7.
552 1977 711 2044 Ecce,
753 1978 1001 2044 Domine,
1030 1989 1086 2032 tu
1129 1976 1433 2046 cognovisti
1464 1978 1649 2035 omnia
1681 1983 1981 2042 novissima

2167 1958 2210 2010 7.
2253 1955 2405 2019 Ἰδοὺ,
2428 1950 2622 2026 Κύριε,
2651 1952 2716 2006 σὺ
2751 1949 2924 2011 ἔγνως
2958 1946 3136 2000 πάντα
3160 1945 3228 1999 τὰ
3259 1943 3467 2015 ἔσχατα
3491 1942 3587 1997 καὶ
3619 1943 3691 1994 τὰ

391 2080 448 2128 ct
477 2072 698 2142 antiqua
728 2090 740 2125 :

2088 2051 2290 2122 ἀρχαῖα
2310 2065 2323 2078 ·

1514 2231 1888 2287 ATIIANASII
1930 2234 1992 2284 IN
2014 2221 2519 2284 IERPRETATIO.

467 2345 555 2400 16.
589 2344 646 2399 Si
680 2345 735 2399 in
781 2344 868 2399 via
905 2355 1133 2417 angusta
1188 2355 1583 2420 praeceptorum
1621 2358 1837 2403 tuorum
1866 2365 1981 2403 am-

2165 2340 2238 2395 l6.
2262 2339 2390 2392 Ἐὰν
2427 2341 2484 2391 ἐν
2511 2339 2580 2408 τῇ
2607 2333 2714 2407 ὁδῷ
2753 2334 2823 2406 τῇ
2852 2335 3014 2405 στενῇ
3036 2332 3145 2388 τῶν
3178 2327 3410 2385 ἐντολῶν
3453 2343 3550 2382 σου
3583 2343 3689 2381 πο-

394 2436 675 2499 bt.lavero,
708 2435 1015 2491 viviﬁcabis
1041 2452 1148 2490 me.

1099 2452 1148 2490 e.
2082 2431 2282 2505 ρευθῶ,
2315 2429 2500 2501 ζήσεις
2531 2447 2621 2500 με.

469 2528 553 2582 17.
590 2527 728 2582 Cum
784 2527 994 2582 inimici
1031 2529 1134 2582 mei
1177 2537 1497 2598 quaererent
1525 2543 1610 2580 me
1648 2531 1978 2593 rnterbcere,

2158 2523 2242 2578 17.
2281 2523 2372 2575 Ἐν
2417 2520 2494 2590 τῷ
2543 2521 2670 2582 τοὺς
2717 2515 2947 2589 ἐχθρούς
2983 2531 3086 2586 μου
3118 2513 3304 2586 ζητεῖν
3347 2512 3427 2584 (1')
3481 2529 3549 2584 με
3581 2509 3682 2565 τοῦ

393 2621 698 2691 opitulatus
722 2635 782 2675 es
809 2621 941 2674 mihi
979 2636 1075 2690 per
1104 2621 1396 2674 adventum
1429 2629 1608 2674 tuum.

2082 2615 2311 2678 ἀνελεῖν,
2345 2612 2644 2667 ἀντελάὅου
2684 2628 2784 2682 μου
2814 2609 2904 2663 διὰ
2928 2611 3023 2680 τῆς
3056 2608 3363 2681 παρουσίας
3397 2624 3513 2661 σου.

466 2713 547 2768 18.
587 2713 652 2767 Εῑ
682 2714 894 2770 salvum
928 2729 1016 2767 me
1049 2712 1178 2767 fecit
1213 2713 1385 2782 gratia
1420 2721 1536 2768 tua.

2152 2708 2238 2761 18.
2274 2708 2384 2760 Καὶ
2416 2705 2587 2759 ἔσωσέ
2625 2721 2692 2775 με
2726 2705 2759 2773 ἡ
2797 2702 2957 2773 χάρις
2987 2719 3099 2753 σου.

469 2808 552 2862 19.
587 2807 854 2862 Dominus
880 2805 1173 2861 debellabit
1193 2805 1504 2860 contrarias
1526 2814 1830 2876 potestates
1856 2821 1984 2878 pro-

2154 2798 2239 2853 19.
2277 2798 2482 2868 Κύριος
2510 2795 2956 2865 καταπολεμήσει
2980 2795 3077 2856 τὰς
3103 2794 3350 2856 ἐναντίας
3394 2793 3678 2862 δυνάμεις,

393 2909 516 2970 pter
542 2913 626 2963 ea,
662 2912 763 2967 pro
792 2897 993 2968 quibus
1027 2912 1114 2950 me
1149 2896 1628 2967 impugnaverunt.

1315 2907 1628 2967 gnaverunt.
2083 2892 2224 2962 ὑπὲρ
2260 2883 2334 2943 ὧν
2365 2888 2712 2960 ἐπολέμησάν
2753 2905 2839 2958 με.

465 2989 556 3043 20.
593 2987 657 3042 Et
688 3003 968 3058 nunquam
1010 2987 1273 3041 oblivioni
1321 2986 1569 3042 tradetur
1609 2988 1982 3043 misericordia

2160 2985 2243 3041 ΞΟ.
2279 2984 2392 3038 Καὶ
2411 2983 2792 3054 ἀληθάργήτον
2827 2980 2888 3032 τὸ
2918 2979 3064 3042 ἔλεός
3103 2995 3196 3030 σου
3221 2976 3400 3042 τοῦτο,
3428 2977 3458 3029 ὃ
3491 2977 3684 3047 ἐποίη-

395 3091 488 3134 tua
516 3081 651 3145 haec,
686 3096 851 3149 quam
884 3079 1061 3133 fecisti
1095 3079 1280 3149 generi
1310 3079 1575 3135 humano.

1447 3095 1575 3135 ano.
2089 3093 2186 3140 σας
2213 3075 2289 3146 τῷ
2319 3075 2467 3143 γένει
2496 3075 2605 3127 τῶν
2642 3072 2964 3144 ἀνθρώπων.

464 3171 556 3227 21.
589 3171 656 3225 Et
687 3187 861 3241 usque
898 3171 952 3224 in
985 3171 1146 3225 ﬁnem
1181 3186 1250 3225 ne
1281 3171 1553 3240 despicias
1578 3215 1593 3239 ,
1628 3187 1768 3242 quos
1805 3171 1979 3228 fecisti

2161 3168 2251 3222 2|.
2285 3168 2397 3221 Καὶ
2424 3167 2528 3231 ἕως
2551 3166 2737 3229 τέλους
2771 3167 2844 3236 μὴ
2873 3163 3128 3233 παρίδῃς,
3153 3161 3247 3225 οὓς
3273 3161 3537 3232 ἐποίησας
3557 3161 3681 3213 κατ’

397 3264 695 3320 secundum
729 3264 1021 3334 imaginem
1057 3273 1227 3316 tuam.

901 3279 1021 3317 nem
1057 3273 1227 3316 tuam.
2093 3261 2276 3313 εἰκόνα
2309 3261 2425 3330 σήν.

479 3357 545 3408 Ἦ
585 3356 923 3426 προκειμένη
971 3353 1256 3426 ἐπιγραφὴ
1301 3352 1548 3425 περιέχει
1582 3352 1690 3421 (2)·
1723 3353 1827 3416 Εἰς
1860 3354 1928 3406 τὸ
1976 3353 2151 3421 τέλος
2183 3353 2428 3424 ψαλμὸς
2463 3352 2544 3418 τῷ
2576 3350 2783 3416 Δαϐίδ,
2831 3352 2968 3420 ὅπερ
3004 3348 3367 3420 ἑρμηνεύεται
3419 3349 3548 3421 περὶ
3591 3352 3683 3404 ἐπ’

397 3448 640 3517 ἐσχάτων
667 3445 774 3498 τῶν
795 3445 1016 3517 ἡμερῶν
1048 3445 1354 3516 μελλόντων
1383 3442 1626 3506 ἔσεσθαι,
1653 3443 1870 3515 εἴρηται
1893 3445 1920 3497 ὁ
1947 3443 2158 3514 ψαλμὸς
2185 3443 2264 3508 τῷ
2292 3444 2478 3508 ἱκανῷ
2508 3443 2583 3511 τῇ
2619 3442 2765 3510 χειρὶ
2785 3483 2800 3507 ,
2827 3441 2904 3512 τῷ
2928 3442 3042 3512 Υἰῴ
3061 3442 3156 3495 τοῦ
3183 3442 3340 3496 Θεοῦ.

469 3541 685 3596 Titulus
713 3541 998 3610 appositus
1027 3541 1273 3594 continet
1299 3559 1309 3593 :
1340 3537 1406 3592 In
1425 3539 1581 3608 ﬁnem
1607 3538 1847 3606 psalmus
1893 3539 2086 3605 David,
2119 3542 2267 3610 quod
2299 3541 2690 3609 interpretatur
2717 3539 2784 3594 de
2814 3539 2902 3604 iis,
2933 3539 3025 3608 qui
3056 3539 3110 3591 in
3139 3537 3458 3593 novissimis
3487 3538 3682 3595 diebus

395 3634 564 3690 futuri
607 3643 767 3698 sunt,
799 3634 977 3689 dictus
1003 3642 1088 3688 est
1112 3635 1359 3703 psalmus
1390 3649 1552 3686 manu
1584 3633 1713 3701 forti
1742 3673 1756 3698 ,
1796 3634 1900 3688 hoc
1927 3644 2012 3688 est
2042 3633 2136 3689 Dei
2167 3633 2322 3689 Filio.

469 3729 521 3783 1.
551 3725 802 3792 Domine,
827 3727 1146 3782 discernens
1171 3727 1528 3797 cogitationes
1555 3742 1726 3792 meas,
1753 3736 1807 3782 et
1824 3744 1974 3783 men-

2157 3729 2202 3783 1.
2234 3729 2440 3801 Κύριε,
2477 3729 2761 3798 διακρίνας
2802 3744 2901 3790 τας
2951 3731 3279 3796 ενθυμησεις
3319 3742 3421 3795 μου
3460 3727 3558 3779 καὶ
3584 3726 3681 3799 τήν

395 3829 506 3876 tem
531 3820 714 3876 cordis
734 3820 840 3875 mei
867 3821 1193 3892 cognovisti,
1214 3821 1394 3890 qualis
1415 3821 1662 3879 incedam
1689 3837 1873 3876 coram
1904 3833 1919 3876 ι

2157 3821 2321 3874 ἱνοιαν
2347 3821 2453 3890 τῆςΙ
2475 3819 2702 3882 καρδίας
2732 3836 2833 3888 μου
2868 3817 3042 3885 ἔγνως
3066 3857 3080 3881 ,
3108 3815 3290 3879 ὁποῖος
3327 3816 3681 3889 ἀποϐήσομαι

2085 3913 2316 3964 ἐνώπιόν
2351 3929 2468 3964 σου.

465 3999 520 4053 2.
558 3997 640 4053 Tu
681 4001 987 4070 cognovisti
1014 4041 1028 4065 ,
1070 4017 1196 4072 quae
1228 4000 1298 4057 sit
1347 4001 1570 4071 requies
1623 4002 1805 4057 cordis
1851 4002 1979 4066 mei,

2157 4004 2210 4056 2.
2235 4004 2306 4056 Σὺ
2335 4002 2526 4071 ἔγνως,
2549 4003 2600 4055 τί
2623 4004 2770 4055 ἐστιν
2793 4004 2824 4073 ἡ
2848 4001 3154 4066 ἀνάπαυσις
3174 4003 3272 4073 τῆς
3299 4001 3530 4072 καρδίας
3557 4020 3677 4072 μου,

394 4102 452 4146 et
474 4091 805 4146 desiderium
833 4093 1034 4149 anima:
1063 4109 1218 4148 meai.

2085 4097 2180 4149 καὶ
2210 4097 2243 4165 ἡ
2271 4095 2547 4166 προθυμία
2580 4095 2677 4165 τῆς
2716 4093 2894 4166 ψυχῆς
2930 4113 3053 4166 μου.

467 4183 520 4236 3.
559 4180 639 4235 Tu
681 4183 1003 4253 priusquam
1037 4199 1138 4256 ego
1176 4187 1362 4240 ﬁerem
1389 4224 1404 4250 ,
1437 4185 1645 4240 servisti
1675 4199 1798 4254 quae
1828 4184 1981 4255 cogi-

2155 4188 2207 4240 5.
2243 4187 2316 4240 Σὺ
2343 4187 2450 4257 πρὸ
2482 4185 2574 4240 τοῦ
2613 4203 2680 4256 με
2707 4186 3005 4256 γενηθῆναι
3039 4187 3188 4256 εῖὸης
3213 4183 3406 4258 [οἶδας]
3432 4187 3511 4255 (5)
3536 4186 3676 4256 ἅπερ

395 4281 612 4329 taturus
642 4289 786 4328 sum.

2089 4280 2270 4352 μέλλω
2300 4279 2721 4348 διαλογίζεσθαι.

469 4367 521 4420 4.
559 4363 1047 4422 Conversationem
1079 4382 1256 4421 meam
1290 4368 1344 4422 in
1369 4368 1478 4424 hoc
1503 4369 1740 4432 mundo,
1772 4377 1824 4422 et
1850 4384 1986 4438 qua-

2158 4373 2211 4425 4.
2245 4373 2356 4444 Τὴν
2387 4374 2444 4425 ἐν
2487 4371 2564 4441 τῷ
2609 4371 2799 4443 κόσμῳ
2820 4373 2994 4443 τούτῳ
3028 4372 3374 4443 ἀναστροφήν
3407 4389 3511 4443 μου
3535 4413 3550 4436 ,
3586 4372 3675 4426 καὶ

397 4455 531 4511 lium
557 4457 938 4526 Operationum
964 4458 1230 4513 bonarum
1261 4476 1369 4525 me,
1393 4477 1461 4514 an
1493 4460 1759 4514 malarum
1785 4460 1921 4515 serie

2150 4462 2286 4516 ῖοίων
2317 4461 2496 4532 ἔργων
2525 4461 2768 4530 ἀγαθῶν,
2797 4463 2830 4532 ἢ
2860 4461 3116 4534 πονηρῶν
3139 4462 3403 4533 ἤμελλον,
3431 4463 3466 4534 ἢ
3503 4462 3674 4534 μέλλω

397 4548 714 4618 expleturus
743 4565 918 4613 eram,
954 4551 1035 4604 vel
1066 4566 1187 4605 sum
1215 4551 1270 4604 in
1302 4551 1494 4606 diebus
1526 4551 1684 4612 meis,
1723 4559 1778 4603 tu
1812 4566 1921 4620 usq

2147 4553 2324 4606 ιτελεῖν
2355 4553 2561 4624 πλοκήν
2596 4555 2654 4606 ἐν
2682 4555 2804 4617 ταῖς
2827 4555 3060 4625 ἡμέραις
3087 4573 3188 4625 μου
3215 4594 3228 4617 ,
3261 4555 3323 4607 σὺ
3352 4555 3460 4618 ἕως
3493 4555 3671 4618 τέλους

400 4640 455 4698 in
491 4641 652 4698 tinem
688 4643 756 4696 ad
785 4643 1072 4696 minimum
1105 4644 1306 4698 novisti
1338 4659 1526 4698 earum
1562 4643 1787 4698 exitum.

1729 4659 1787 4696 ιι.
2087 4646 2425 4700 κατάλεπτον
2457 4643 2605 4710 οἶδας
2633 4648 2732 4719 τὴν
2757 4647 3027 4701 ἀπόϐασιν
3055 4647 3253 4701 αὐτῶν.

471 4736 522 4791 5.
555 4736 817 4792 Actiones
845 4753 996 4792 meas
1025 4737 1450 4808 praecognoscis.

2159 4738 2213 4792 5.
2250 4739 2362 4802 Τὰς
2386 4739 2464 4809 (4)
2500 4739 2730 4811 πράξεις
2767 4757 2868 4811 μου
2900 4740 3316 4813 προγινώσκεις.

470 4829 522 4884 6.
553 4827 621 4883 Ει
644 4829 867 4894 novisti,
897 4830 1044 4900 quod
1073 4845 1182 4884 non
1211 4829 1336 4884 dico
1365 4828 1523 4883 falsa.

2156 4831 2210 4885 6.
2244 4831 2354 4884 Kal.
2375 4827 2542 4897 οἶδας,
2569 4831 2652 4884 ὅτι
2686 4832 2748 4884 οὐ
2772 4831 2916 4899 λέγω
2935 4831 3123 4902 ψευδῆ.

474 4921 525 4976 7.
570 4921 652 4975 Tu
688 4923 834 4977 enim
887 4922 1070 4977 futura
1125 4932 1178 4978 et
1219 4923 1490 4993 praeterita
1540 4921 1760 4976 novisti.
1815 4920 1986 4974 Aliter

2160 4925 2212 4978 7.
2235 4924 2306 4976 Σὺ
2328 4923 2436 4995 γὰρ
2454 4923 2526 4977 τὰ
2551 4923 2814 4995 μέλλοντα
2836 4924 3055 4978 ἔσεσθαι
3074 4967 3087 4990 ,
3105 4925 3199 4978 καὶ
3225 4925 3294 4979 τὰ
3319 4925 3583 4993 γεγονότα
3599 4926 3671 4997 (Si)

401 5008 564 5062 etiam
623 5017 798 5078 potest
849 5011 1152 5065 versiculus
1201 5011 1303 5065 iste
1341 5011 1631 5082 allegorice
1682 5010 1922 5081 explicar

2145 5013 2404 5067 είστασαι.
2441 5014 2598 5066 Ἔστι
2625 5014 2681 5066 δὲ
2713 5015 2808 5067 καὶ
2831 5014 3006 5079 ἄλλως
3041 5014 3317 5086 θεωρῆσαι
3352 5016 3444 5068 τὸν
3472 5017 3669 5087 στίχον,

399 5104 659 5170 quoniam
705 5105 1006 5159 secundum
1028 5104 1357 5174 Prophetam
1410 5105 1616 5158 dictum
1664 5114 1748 5158 est
1781 5122 1794 5156 :
1827 5101 1923 5155 Ecc

2146 5123 2171 5157 't
2196 5105 2338 5157 κατά
2374 5105 2666 5177 Προφήτην
2705 5105 2956 5176 εἴρηται’
3029 5079 3184 5162 Ἰδοί)
3210 5079 3236 5171 Ι,
3297 5108 3476 5173 Κύριε
3517 5147 3530 5171 ,
3564 5079 3670 5160 ’.σὺ

400 5192 644 5258 Domine,
680 5204 736 5247 tu
771 5197 1060 5264 cognovisti
1094 5197 1273 5250 omnia
1308 5197 1623 5259 novissima,
1645 5205 1695 5250 et
1739 5197 1922 5266 antiqu

2146 5212 2278 5262 σνως
2294 5194 2490 5250 πάντα
2507 5197 2579 5250 τὰ
2597 5196 2848 5266 ἔσχατα,
2864 5197 2962 5251 καὶ
2983 5197 3052 5251 τὰ
3068 5196 3307 5266 ἀρχαῖα,
3321 5196 3586 5260 τουτέστι,
3613 5206 3670 5249 σὺ

401 5284 507 5340 hoc
539 5297 662 5352 est,
694 5295 750 5341 tu
787 5288 1074 5344 habiturus
1099 5304 1158 5343 es
1192 5289 1520 5345 novissimas
1553 5303 1743 5343 omnes
1771 5297 1925 5356 gente

2145 5287 2309 5351 ἑλλεις
2342 5287 2488 5357 ἔχειν
2524 5288 2703 5340 πάντα
2732 5287 2801 5340 τὰ
2827 5287 3030 5358 ἔσχατα
3059 5287 3188 5357 ἔθνη
3211 5329 3224 5352 ,
3252 5286 3346 5340 καὶ
3377 5286 3445 5339 τὰ
3475 5288 3669 5357 ἀρχαῖα

399 5385 454 5429 et
482 5379 739 5448 antiquas
769 5377 1079 5437 Judaeorum
1110 5383 1420 5453 progenies.

1149 5383 1420 5453 rogenics.
2088 5379 2197 5431 τῶν
2221 5378 2491 5432 Ἰουδαίων
2521 5378 2672 5449 γένη.

1357 5494 1663 5558 Addenda
1693 5501 1753 5556 et
1776 5491 2151 5573 corrigenda
2182 5507 2260 5550 ex
2297 5489 2441 5550 cod.
2473 5489 2656 5551 Vatic

570 5596 892 5670 ζητεῖν-τοῦ
924 5599 1131 5652 ἀνελεῖν
1162 5618 1250 5670 με,
1284 5608 1389 5655 etc.

951 5599 1131 5652 ινελεῖν
1162 5618 1250 5670 με,
1284 5608 1389 5655 etc.
2271 5593 2475 5670 Ϊέίδῖειςτ

479 5663 631 5749 (2)
644 5663 733 5718 διὰ
746 5667 846 5749 τῆς
879 5663 1249 5749 κινναρἀέξυς
1277 5671 1542 5749 περιέχει,
1571 5682 1653 5728 etc
1685 5713 1698 5740 ,
1726 5674 1850 5744 περὶ
1875 5671 1981 5726 τῶν
2269 5663 2382 5749 rigat
2411 5666 2592 5749 πάσας
2617 5667 2748 5749 τάς,
2783 5673 2887 5721 etc.

409 5734 520 5788 ἐπ’.
551 5744 680 5800 etc.,
710 5739 774 5806 τῇ
804 5734 967 5808 χειρὶ,
995 5734 1140 5795 τοῦτ’
1167 5740 1313 5794 ἐστιν
1333 5734 1583 5817 “EQ-etes
1686 5734 1694 5740 ’
1800 5734 1811 5744 ’

2163 5737 2238 5810 (5)
2269 5736 2642 5806 Προγεγονότα
2664 5779 2676 5803 ,
2704 5746 2830 5805 etc.,
2859 5737 2997 5792 κατὰ
3020 5736 3392 5807 προφητείαν,
3420 5745 3521 5792 etc.
