3860 6220
216 387 352 442 1281
1042 385 1126 439 DE
1165 384 1442 441 TITULIS
1482 380 1932 440 PSALMORUM.
1957 410 2025 423 -—
2051 376 2245 432 PSAL.
2285 373 2619 429 CXXXVI“.
3343 368 3483 424 {28:2

289 504 345 557 8.
375 503 448 556 Σὺ
482 502 719 566 ἐπλασάς
753 520 819 573 με
847 542 861 567 ,
892 502 985 555 καὶ
1016 501 1218 574 ἔθηκας
1268 503 1353 555 ἐπ’
1384 502 1485 573 ἐμὲ
1516 500 1612 573 τὴν
1640 499 1796 571 χεῖρά

1970 494 2021 549 8.
2061 494 2141 548 Tu
2172 492 2422 549 formasti
2452 508 2559 559 me,
2591 500 2643 545 et
2676 488 2903 560 posuisti
2936 503 3097 558 super
3136 503 3225 544 me
3258 504 3479 545 manum

214 611 336 648 σου.

1899 598 2046 644 tuam

284 685 338 739 9.
377 682 803 756 Ἐθαυμαστώθη
842 685 875 755 ἡ
903 683 1102 753 γνῶσίς
1136 700 1227 736 σου
1258 683 1315 749 ἐξ
1343 682 1475 753 ἐμοῦ
1496 696 1508 709 ·

1970 680 2023 737 9.
2055 677 2321 734 Mirabilis
2346 674 2488 730 facta
2524 686 2607 729 est
2636 674 2867 729 scientia
2892 684 2983 728 tua
3016 688 3085 729 ex
3113 689 3200 729 me
3228 692 3239 726 :

282 776 373 832 10.
414 774 814 846 Ἐκραταιώθη,
840 776 901 828 οὐ
933 774 1008 846 μὴ
1037 775 1281 845 δύνωμαι
1308 775 1445 844 πρὸς
1476 774 1661 843 αὐτήν.

1653 816 1661 827 .
1970 771 2055 825 10.
2090 767 2411 826 Confortata
2442 776 2545 831 est,
2580 780 2688 820 non
2718 774 2907 835 potero
2942 765 3009 820 ad
3038 779 3177 819 eam.

284 869 374 925 11.
414 868 524 919 Ποῦ
561 866 811 937 πορευθῶ
848 866 956 919 ἀπὸ
986 864 1081 919 τοῦ
1109 865 1426 936 Πνεύματός
1456 882 1582 929 σου;

1266 865 1426 935 ματός
1456 882 1582 929 σου;
1971 864 2057 918 11.
2087 862 2207 930 Quo
2246 862 2337 917 ibo
2370 876 2401 916 a
2424 859 2630 929 Spiritu
2659 859 2790 913 tuo?

283 957 372 1012 12.
404 958 515 1011 Kal
538 956 647 1010 ἀπὸ
672 955 765 1009 τοῦ
798 954 1091 1027 προσώπου
1125 973 1218 1010 σου
1258 956 1361 1009 ποῦ
1402 956 1589 1024 φύγω;

1412 956 1589 1024 prmo;
1971 957 2059 1010 12.
2098 955 2165 1009 Et
2190 970 2301 1025 quo
2330 969 2361 1007 a
2390 951 2530 1007 facie
2564 960 2655 1006 tua
2691 950 2936 1021 fugiam?

281 1051 375 1105 15.
422 1050 547 1103 Ἐάν
572 1049 757 1104 άναῦῶ
789 1052 867 1114 είς
893 1050 983 1103 τὸν
1011 1050 1257 1121 οὐρανὸν,
1290 1050 1353 1102 σὺ
1388 1052 1505 1103 ἐκεῖ
1534 1044 1614 1101 εἶ’

1970 1049 2057 1103 15.
2103 1046 2159 1101 Si
2191 1046 2488 1102 ascendero
2518 1044 2573 1099 in
2604 1045 2827 1108 omium,
2859 1053 2919 1098 tu
2951 1042 3063 1096 illic
3091 1054 3152 1095 es
3181 1058 3193 1093 .-

278 1141 371 1198 14.
411 1142 534 1196 Ἐἁν
564 1144 784 1196 καταϐῶ
807 1146 887 1208 εἰς
915 1148 1003 1198 τὸν
1032 1145 1185 1217 ᾅδην,
1223 1146 1405 1217 πάρει.

1971 1141 2058 1195 14.
2103 1140 2161 1194 Si
2191 1138 2527 1195 descendero
2554 1137 2608 1192 in
2646 1137 2945 1201 infernum,
2973 1135 3123 1191 ades.

280 1230 372 1285 15.
394 1230 517 1285 Ἐάν
538 1232 865 1304 ἀναλάϐοιμι
886 1234 985 1297 τὰς
1007 1236 1283 1307 πτέρυγάς
1308 1253 1408 1307 μου
1432 1236 1552 1289 κατ’
1577 1234 1793 1306 ὄρθρον,

1649 1234 1793 1306 θρον,
1970 1237 2058 1291 15.
2100 1235 2158 1290 Si
2186 1249 2473 1305 sumpsero
2499 1248 2708 1303 pennas
2731 1246 2883 1287 meas
2909 1229 3173 1294 diluculo,

283 1322 372 1378 16.
393 1325 500 1376 Kal
521 1325 933 1395 κατασκηνώσω
959 1329 1039 1391 είς
1054 1328 1121 1381 τὰ
1136 1327 1341 1398 ἔσχατα
1368 1328 1465 1398 τῆς
1484 1327 1759 1398 θαλάσσης
1782 1341 1798 1359 ⁶

1589 1328 1759 1398 άσσης
1782 1341 1798 1359 ο
1972 1327 2060 1384 16.
2092 1327 2157 1382 Ει
2188 1326 2507 1381 habitavero
2538 1325 2595 1378 in
2617 1323 2875 1379 extremis
2908 1321 3113 1377 maris:

278 1414 372 1471 17.
405 1417 516 1470 Kal
551 1417 658 1487 γὰρ
684 1420 801 1472 ἐκεῖ
831 1422 863 1491 ή
895 1421 1016 1492 χείρ
1043 1439 1136 1474 σου
1169 1421 1423 1493 ὁδηγήσει
1449 1438 1546 1493 με’

1969 1422 2057 1475 17.
2094 1420 2309 1475 Etenim
2343 1419 2472 1474 illuc
2504 1432 2704 1473 manus
2731 1426 2824 1472 tua
2855 1414 3089 1470 deducet
3113 1426 3200 1467 me
3230 1426 3245 1463 :

282 1506 371 1560 18.
404 1508 513 1561 Kal
542 1510 757 1575 καθέξει
796 1528 860 1581 με
898 1514 929 1583 ή
963 1512 1111 1577 δεξιά
1138 1531 1254 1566 σου.

1971 1514 2060 1569 18.
2101 1511 2168 1567 Ει
2200 1512 2406 1566 tenebit
2439 1526 2523 1565 me
2551 1512 2775 1566 dextera
2810 1519 2924 1565 tua.

278 1600 365 1655 19.
396 1604 504 1655 Καὶ
530 1598 686 1656 εἷπα’
717 1606 860 1676 Ἀρα
894 1606 1083 1670 σκότος
1117 1608 1494 1677 καταπατήσει
1532 1623 1617 1658 us.

1971 1606 2059 1659 19.
2104 1606 2172 1659 Et
2199 1604 2312 1659 dixi
2338 1620 2351 1655 ε
2381 1603 2638 1659 Forsitan
2669 1604 2910 1658 tenebrae
2934 1600 3331 1659 conculcabunt
3354 1612 3472 1653 me:

277 1691 369 1745 20.
398 1692 508 1746 Kal
542 1694 637 1760 νὺξ
671 1698 950 1768 φωτισμὸς
982 1700 1039 1752 ὲν
1068 1700 1133 1769 τῇ
1168 1701 1344 1769 τρυφῇ
1374 1715 1495 1768 μου.

1971 1696 2060 1748 20.
2099 1694 2166 1749 Et
2190 1710 2298 1749 nox
2323 1694 2653 1749 illuminatio
2682 1695 2737 1748 in
2768 1695 2979 1750 deliciis
3004 1693 3159 1748 meis.

278 1784 371 1837 21.
401 1786 521 1838 Ὅτι
554 1788 738 1851 σκότος
769 1790 829 1842 ού
860 1791 1272 1860 σκοτισθήσεται
1304 1790 1412 1843 άπὸ
1445 1787 1562 1853 σοῦ,

1828 1851 1871 1906 Β
1969 1787 2061 1842 2|.
2103 1785 2241 1853 Quia
2276 1786 2515 1843 tenebrae
2547 1801 2655 1841 non
2685 1786 3133 1841 obscurabuntur
3164 1798 3193 1837 a
3224 1791 3296 1837 te.

1335 2013 1714 2072 ATHANASII
1777 2011 2353 2071 lNTERPRETATlO.

284 2236 335 2289 8.
366 2236 439 2289 Σὺ
468 2237 903 2309 ἐδημιούργησάς
937 2256 1005 2310 με
1025 2281 1040 2304 ,
1073 2256 1167 2292 και
1210 2238 1410 2311 ἔθηκας
1450 2239 1538 2292 ἐπ’
1565 2240 1665 2310 ἐμὲ
1696 2239 1794 2311 τὴν

1972 2238 2025 2293 8.
2058 2236 2139 2291 Tu
2166 2236 2363 2292 creasti
2393 2250 2508 2301 me,
2541 2243 2595 2290 et
2625 2234 2856 2305 posuisti
2889 2247 3053 2303 super
3081 2246 3169 2286 me
3214 2231 3475 2286 auxilium

206 2329 469 2400 βοήθειάν
500 2346 591 2382 σου
621 2329 928 2384 σκέπουσάν
960 2348 1048 2402 με.

978 2348 1048 2384 ιε.
1900 2339 2052 2385 tuum
2080 2338 2368 2399 protegens
2397 2343 2502 2381 me.

281 2422 334 2477 9.
359 2421 634 2491 Μνησθεὶς
664 2422 843 2487 τὸ,τίς
866 2424 1102 2495 ὑπάρχει
1125 2426 1157 2495 ή
1189 2423 1417 2495 δύναμίς
1442 2442 1558 2491 σου,
1587 2422 1692 2488 ἔξω
1715 2423 1793 2495 (1)

1969 2422 2019 2477 9.
2066 2420 2440 2485 Recordatus,
2477 2435 2598 2489 qua:
2645 2420 2714 2475 sit
2744 2418 2984 2488 potentia
3020 2426 3113 2472 tua
3138 2457 3153 2482 ,
3207 2424 3362 2471 extra
3391 2430 3479 2469 me

202 2509 454 2581 ἐμαυτοῦ
494 2512 697 2580 γέγονα
736 2513 1142 2582 ἀποθαυμάζων
1177 2515 1234 2565 ἐν
1273 2511 1514 2582 ἐμαυτῷ.

1470 2511 1514 2582 ῤ.
1900 2517 2078 2584 ipsum
2111 2514 2287 2569 factus
2323 2530 2443 2569 sum
2474 2529 2584 2583 prae
2615 2513 2994 2572 admiratione.

282 2602 371 2662 10,
400 2603 743 2667 Ἀνείκαστος
771 2604 1006 2676 ὑπάρχει
1046 2607 1079 2676 ή
1108 2604 1337 2674 δύναμίς
1370 2620 1464 2656 σου
1488 2644 1505 2669 ,
1537 2602 1598 2657 οὐ
1630 2600 1793 2655 δύνα-

1972 2606 2059 2661 10.
2093 2604 2488 2675 Investigabilis
2516 2614 2598 2660 est
2623 2606 2794 2661 virtus
2826 2616 2939 2671 tua,
2965 2621 3079 2682 non
3097 2620 3322 2676 possum
3349 2618 3478 2660 con-

207 2711 314 2765 μαι
347 2694 663 2765 ἀντιστῆναι
694 2695 831 2766 πρὸς
860 2696 1051 2767 αὑτήν.

908 2696 1051 2767 ὒτήν.
1899 2708 1980 2753 tra
2011 2714 2132 2753 eam
2160 2699 2432 2754 resistere.

286 2788 372 2840 11.
402 2787 513 2839 Ποῦ
540 2786 647 2859 γάρ
670 2786 901 2857 δύναμαι
920 2788 1187 2859 κρυϐῆναι
1213 2787 1289 2857 (2)
1314 2788 1423 2841 ὰπὸ
1443 2785 1503 2840 τὸ
1523 2785 1678 2856 ἅγιόν
1702 2802 1795 2838 σου

1971 2791 2057 2846 11.
2090 2790 2195 2847 Ubi
2222 2790 2366 2845 enim
2397 2789 2657 2844 abscondi
2692 2803 2919 2859 possum
2971 2803 3002 2842 a
3045 2787 3253 2859 Spiritu
3285 2799 3477 2844 sancto

203 2878 457 2949 Πνεῦμα,
488 2879 549 2931 τὸ
567 2879 833 2948 γινῶσκον
856 2879 972 2951 [τοῦ
1002 2880 1157 2948 ἁγίου
1191 2897 1283 2932 σου
1314 2877 1631 2949 Πνεύματος
1655 2915 1670 2941 ,
1700 2894 1727 2929 τ

1083 2880 1157 2932 ίου
1191 2897 1283 2932 σου
1314 2877 1631 2949 Πνεῦματος
1655 2915 1670 2941 ν
1700 2874 1793 2929 τοῦ
1899 2890 2015 2947 tuo,
2045 2881 2139 2951 qui
2167 2883 2344 2937 noscit
2380 2881 2607 2937 omnia?

202 2970 593 3044 γινώσκοντος]
612 2972 698 3025 Δτὸι
727 2973 904 3026 πάντα
928 2990 942 3038 ;
1795 3036 1812 3050 θ

281 3063 371 3117 12.
402 3064 513 3116 Kal
538 3063 647 3117 ἀπὸ
681 3062 775 3117 σοῦ
800 3064 869 3116 τὰ
900 3063 975 3135 (5)
1012 3066 1192 3119 πάντα
1211 3063 1535 3137 ἐφορῶντος,
1569 3059 1671 3113 ποῦ
1697 3057 1787 3112 δύ·-

1966 3060 2054 3115 12.
2085 3059 2151 3113 Ει
2182 3074 2213 3113 a
2238 3067 2310 3123 te,
2342 3060 2435 3128 qui
2458 3058 2639 3119 omnia
2665 3057 2835 3121 vides,
2866 3071 2976 3126 quo
3004 3070 3228 3126 possum
3254 3051 3477 3125 fugere?

204 3170 381 3224 ναμαι
408 3157 634 3223 φυγείν;
660 3155 742 3207 ὅτι
782 3128 979 3208 πάντα
1010 3155 1225 3225 γυμνὰ,
1254 3128 1371 3208 ’καὶ
1401 3154 1728 3221 τετραχηλιε

1736 3167 1793 3205 7-
1819 3128 1862 3186 ο
1897 3153 2157 3225 quoniam
2187 3153 2363 3205 omnia
2391 3152 2565 3218 nuda,
2598 3161 2646 3204 et
2676 3160 2858 3219 aperta
2894 3148 3061 3203 oculis
3095 3148 3197 3200 tuis
3219 3148 3260 3199 ’.

196 3245 361 3316 μένα
387 3246 512 3312 τοῖς
545 3245 875 3315 ὀφθαλμοῖς
902 3258 1041 3300 σου.

278 3338 370 3391 15.
408 3336 735 3411 Ἀχώριστος
761 3338 837 3411 (4)
869 3334 922 3391 ei
941 3337 1050 3390 τῶν
1075 3334 1353 3407 πατρικῶν
1378 3333 1614 3387 κόλπων.

1478 3350 1614 3387 πωνο
1974 3358 2055 3413 15.
2086 3355 2467 3427 lnseparabilis
2495 3370 2555 3412 es
2588 3371 2618 3410 a
2654 3356 2777 3410 sinu
2807 3354 3002 3411 Patris.

280 3432 370 3485 M.
404 3430 779 3502 Ἐθανατώθης
808 3431 916 3503 γὰρ
945 3431 1011 3484 δι’
1039 3431 1159 3501 ἐμέ.

1972 3448 2060 3503 14.
2098 3447 2257 3504 Morti
2281 3448 2429 3503 enim
2462 3447 2694 3502 traditus
2729 3464 2788 3503 es
2819 3455 3038 3517 propter
3066 3463 3182 3521 me._

279 3525 369 3578 15.
396 3523 565 3577 Τοῦτό
614 3541 702 3595 μοι
752 3524 911 3595 μόνον
946 3522 1357 3594 περιλείπεται,
1391 3521 1483 3575 ἐὰν
1513 3522 1622 3592 ἄρα
1664 3521 1794 3573 ἀνα-

1972 3539 2061 3595 15.
2088 3538 2203 3595 Hoc
2230 3540 2407 3595 solum
2437 3539 2569 3593 mihi
2610 3539 2883 3607 reliquum
2918 3550 3038 3601 est,
3074 3540 3116 3592 si
3150 3538 3286 3593 forte
3317 3554 3474 3593 assu—

204 3614 359 3669 λάῦω
378 3615 475 3678 τὰς
497 3615 824 3687 ἐνθυμήσεις
855 3616 952 3685 τῆς
977 3614 1203 3686 καρδίας
1245 3632 1370 3685 μου,
1404 3613 1705 3682 καταφύγω

1954 3646 2041 3684 am
2070 3631 2430 3701 cogitationes
2461 3630 2645 3685 cordis
2680 3630 2807 3695 mei,
2838 3638 2893 3685 et
2920 3629 3231 3700 confugiam
3260 3632 3327 3685 ad
3352 3632 3474 3685 illu-

203 3706 286 3778 τῷ
317 3706 627 3778 φωτίσματι
650 3706 751 3776 τῆς
783 3705 1019 3768 πίστεώς
1060 3723 1151 3758 σου
1181 3706 1281 3776 (5).

1060 3723 1151 3758 σου
1181 3706 1281 3776 (5).
1794 3704 1799 3709 ’
1897 3723 2250 3777 minationem
2279 3723 2400 3777 ﬁdei
2435 3734 2558 3776 tua}.

282 3802 368 3857 16.
404 3804 515 3855 Kal
541 3802 697 3855 δώσω
723 3802 960 3872 ἐμαυτὸν
990 3804 1070 3865 είς
1100 3803 1159 3855 τὸ
1184 3802 1485 3873 βάπτισμα.

1965 3814 2051 3869 16.
2082 3813 2147 3869 Et
2180 3814 2321 3868 dabo
2354 3829 2439 3867 me
2472 3815 2649 3882 ipsum
2677 3814 2730 3866 in
2765 3810 3117 3881 baptismum.

281 3895 380 3962 17,
420 3894 509 3949 18.
540 3895 652 3947 Kal
690 3894 798 3965 γὰρ
854 3896 970 3947 ἐκεῖ
1004 3895 1036 3965 ἡ
1069 3895 1230 3966 χάρις
1275 3895 1355 3966 (6)
1408 3912 1498 3948 σου
1540 3894 1791 3965 ὁδηγήσει

1966 3907 2051 3972 17,
2078 3907 2164 3960 18.
2195 3906 2408 3960 Etenim
2436 3906 2567 3960 illuc
2598 3906 2770 3975 gratia
2806 3914 2897 3958 tua
2926 3904 3157 3959 deducet
3186 3920 3290 3967 me,
3328 3914 3381 3958 et
3416 3907 3468 3961 in

209 4003 302 4057 με,
333 3985 428 4039 καὶ
460 3986 855 4056 περικρατήσει
893 4002 981 4055 με.

893 4002 981 4055 με·
1894 4013 1981 4053 me
2004 3997 2392 4052 dominabitur.

282 4077 370 4131 19.
412 4077 522 4129 Kal
572 4076 907 4148 ἐλογισάμην
953 4078 1074 4131 κατ’
1130 4076 1365 4146 ἐμαυτὸν
1408 4077 1612 4145 λέγων·
1644 4073 1793 4149 ’Ἃρα

1970 4090 2057 4142 19.
2088 4088 2155 4142 Ει
2183 4103 2399 4144 mecum
2426 4088 2657 4159 cogitavi
2687 4088 2873 4144 dicens
2903 4105 2916 4140 :
2951 4089 3034 4143 An
3061 4089 3138 4145 ita
3171 4091 3350 4161 patiar
3378 4108 3469 4148 us-

202 4169 382 4232 οὕτως
426 4169 748 4241 ἀνάσχωμαι
779 4169 885 4235 ἕως
922 4169 1108 4232 τέλους
1152 4170 1509 4238 κυριεύεσθαι
1551 4170 1656 4222 ὑπὸ
1689 4172 1726 4222 τε

1616 4170 1656 4222 τὺ
1689 4170 1788 4241 τῆς
1894 4196 1999 4251 que
2035 4182 2088 4235 in
2122 4181 2281 4235 finem
2309 4181 2583 4236 dominari
2618 4182 2672 4235 in
2702 4197 2786 4236 me
2816 4182 3140 4251 peccatum?

363 4263 416 4313 τί
504 4277 518 4289 ⁵

400 4278 519 4402 lg):
554 4348 888 4423 ἐλογισάμην
934 4349 1117 4404 δοῦναι
1156 4352 1392 4421 ἐμαυτὸν
1421 4352 1498 4422 (7)
1525 4355 1589 4424 τῇ
1622 4369 1724 4406 κατ

1964 4352 2050 4408 20.
2099 4353 2165 4407 Et
2212 4355 2444 4426 cogitavi
2494 4355 2709 4410 tradere
2755 4372 2842 4410 me
2892 4356 3068 4425 ipsum
3121 4356 3466 4425 baptismatis

204 4442 357 4494 δύσει
381 4440 475 4494 τοῦ
508 4440 900 4512 βαπτίσματος,
933 4443 1014 4496 ὅτι
1048 4444 1327 4514 φωτισμὸς
1354 4446 1451 4497 καὶ
1477 4446 1657 4519 τρυφή
1684 4464 1728 4518 μ‹

1942 4445 2231 4501 nmersioni
2258 4487 2273 4511 ,
2302 4447 2560 4516 quoniam
2600 4447 2950 4513 illuminatio,
2989 4458 3041 4503 et
3076 4448 3284 4503 deliciae
3332 4462 3466 4504 mea:

203 4535 324 4586 ἐστι
350 4532 411 4586 τὸ
436 4532 657 4606 λουτρὸν
684 4536 780 4605 τῆς
806 4533 1106 4598 ἀθανασίας
1124 4552 1137 4565 ·
1164 4536 1281 4588 ἐκεῖ
1304 4536 1412 4607 γὰρ
1442 4538 1724 4609 καταλιμπ

1943 4546 2019 4591 ιηι
2066 4538 2343 4593 lavacrum
2382 4539 2853 4595 immortalitatis:
2896 4541 2967 4595 ibi
3016 4541 3163 4595 enim
3215 4542 3467 4612 relinquo

202 4644 282 4679 νω
310 4627 410 4690 τὰς
440 4628 715 4700 ἁμαρτίας
746 4646 868 4701 μου.

758 4646 868 4683 ιου.
1891 4637 2113 4698 peccata
2141 4646 2282 4684 mea.

274 4719 365 4773 21.
398 4721 520 4774 Ὅτι
552 4722 701 4775 πᾶσα
734 4721 879 4793 ψυχὴ
908 4725 964 4777 ἐν
1003 4722 1181 4775 σκότει
1212 4722 1527 4793 καθημενη,
1556 4724 1784 4778 ελθουσα

1958 4721 2045 4773 21.
2081 4720 2221 4788 Quia
2256 4723 2437 4777 omnis
2485 4723 2667 4777 anima
2712 4724 2765 4777 iu
2822 4724 3061 4779 tenebris
3108 4726 3304 4780 sedens
3340 4742 3463 4781 cum

202 4810 299 4862 ἐπὶ
328 4810 392 4862 τὸ
418 4809 718 4883 βάπτισμα,
751 4814 851 4867 οὐκ
877 4813 955 4867 ἔτι
982 4813 1430 4884 σκοτισθήσεται,
1458 4814 1563 4868 ἀπὸ
1598 4816 1688 4868 τοῦ

1939 4814 2094 4867 :ncrit
2119 4814 2184 4867 ad
2215 4814 2568 4883 baptismum,
2593 4831 2700 4870 non
2725 4816 2959 4884 amplius
2992 4816 3463 4884 obtenebrabitur,

201 4900 262 4953 τὸ
289 4900 486 4972 ἀληθὲς
511 4902 591 4971 (8)
624 4903 738 4972 φῶς
764 4904 1017 4957 ἐπιὸἷπναι
1051 4905 1107 4956 ἐν
1134 4905 1297 4975 αὐτῇ.

1912 4905 2145 4973 luoniam
2180 4914 2270 4973 tu,
2296 4906 2390 4976 qui
2419 4922 2545 4962 vera
2578 4907 2670 4961 lux
2702 4922 2784 4976 es,
2813 4908 3068 4965 ascendis
3099 4908 3154 4963 in
3191 4909 3389 4979 ipsam.
3434 4980 3436 4985 ι

273 5080 296 5112 ⁸
332 5077 497 5135 Hebr.
532 5095 609 5147 tv,
645 5082 731 5135 15.

1163 5239 1470 5304 Addenda
1501 5250 1562 5305 et
1595 5244 1965 5324 corrigenda
2013 5262 2092 5307 ex
2126 5247 2267 5309 cod.
2296 5249 2498 5310 Vatic.

277 5424 357 5505 )
380 5422 473 5505 Ἐξ
499 5425 692 5505 ἑαυτοῦ
717 5428 1082 5505 γέγοναλριοη
1105 5432 1387 5505 ἐν-Αέαυτῷ.
1525 5503 1535 5505 ᾼ
1958 5434 2033 5505 (5)
2066 5434 2167 5487 Σοῦ
2194 5437 2363 5490 deest.

277 5496 361 5575 (2),
392 5496 671 5575 Κρυϐἦναι
704 5500 763 5551 τὸ
802 5496 1031 5575 ῌνεῦμα
1054 5500 1130 5575 *τὸ
1158 5500 1310 5575 ἆγιόν
1340 5496 1435 5555 σου
1490 5503 1550 5557 τὸ
1604 5506 1777 5560 πάντα
2074 5507 2135 5557 Ἠ
2164 5506 2282 5575 χείρ
2312 5524 2423 5558 σου.

202 5566 731 5647 γιγχώεκονταδμθε.
770 5571 879 5625 vid.
917 5566 1261 5639 γιγνῶσκον).

921 5566 1261 5639 γιγνῶσκον).
1952 5566 2029 5647 (7)
2067 5566 2311 5647 Ἐαῦτόν,
2341 5587 2445 5630 etc.

384 5635 722 5726 :‘J‘oﬁj'roﬁicdi,
757 5651 862 5726 etc.
989 5635 998 5639 ⁷
2072 5635 2343 5719 Ἀληθινδν
2377 5647 2491 5717 φῶς
2521 5648 2778 5721 ἐπιϐῆναι
2813 5653 2868 5705 ἐν
2896 5651 3087 5726 ταύτῃ.

276 5705 355 5776 (4)
391 5704 715 5779 Ἀχώριστος
736 5712 861 5782 γάρ,
894 5720 998 5767 etc.
