3860 6220
370 336 528 393 1285

433 462 525 517 22.
568 461 635 516 Et
655 476 763 516 nox
797 457 937 515 sicut
965 457 1081 512 dies
1109 453 1503 508 illuminabitur
1530 467 1542 501 :

434 556 527 612 25.
566 554 721 610 Sicut
750 553 985 608 tenebrae
1019 550 1156 619 ejus,
1192 550 1260 602 ita
1296 557 1350 602 et
1382 547 1562 600 lumen
1591 543 1732 613 ejus.

437 647 526 703 24.
566 647 703 711 Quia
729 656 785 698 tu
813 641 1107 712 possedisti
1130 653 1290 692 renes
1323 652 1477 690 mcos
1509 653 1519 686 :

436 738 530 794 25.
571 718 871 805 Suscepisti
907 749 993 788 me
1021 733 1088 785 de
1119 740 1272 784 utero
1307 728 1500 781 matris
1535 740 1688 779 meae.

439 828 530 882 26.
574 825 883 883 Conﬁtcbor
924 823 1060 884 tibi,
1107 821 1236 890 quia
1277 818 1594 874 terribiliter
1633 813 1948 884 magniﬁca-

371 927 460 972 tus
486 933 545 972 es
574 935 586 970 :

436 1007 524 1060 27.
568 1005 835 1060 Mirabilia
866 1019 1032 1074 opera
1082 1013 1198 1069 tua,
1229 1009 1283 1054 ct
1310 998 1488 1053 anima
1522 1013 1636 1050 mea
1670 992 1950 1060 cognoscit

371 1099 556 1156 nimis.

437 1191 528 1247 28.
567 1187 686 1244 Non
711 1197 795 1244 est
822 1189 1155 1243 occultatum
1182 1201 1245 1240 os
1272 1196 1454 1237 meum
1498 1196 1526 1233 a
1561 1191 1631 1243 te,

437 1282 527 1336 29.
571 1279 727 1346 Quod
762 1279 938 1335 fecisti
973 1280 1028 1332 in
1064 1276 1302 1335 occulto,
1350 1281 1354 1286 '

439 1377 530 1433 50.
570 1376 635 1431 Et
665 1375 972 1431 substantia
999 1388 1112 1426 mea
1139 1372 1194 1424 in
1225 1365 1577 1422 interioribus
1603 1372 1761 1417 terra!
1792 1378 1806 1414 ε

440 1468 528 1520 51.
571 1464 952 1535 Imperfectum
992 1476 1171 1515 meum
1206 1459 1455 1512 viderunt
1489 1454 1630 1510 oculi
1661 1452 1757 1505 tui.

441 1554 532 1612 52.
574 1558 640 1611 Et
674 1559 726 1611 in
759 1556 899 1610 libro
932 1564 1022 1607 tuo
1051 1568 1241 1606 omnes
1276 1550 1586 1604 scribentur
1615 1562 1626 1594 :

436 1650 526 1704 55.
571 1649 696 1704 Dies
729 1648 1136 1709 formabuntur,
1163 1655 1215 1698 et
1242 1657 1402 1696 nemo
1437 1642 1490 1694 in
1521 1640 1619 1694 eis.

441 1742 529 1796 54.
570 1739 701 1794 Mihi
728 1748 910 1793 autem
938 1720 1103 1790 niinis
1127 1732 1472 1788 honorilicati
1501 1736 1630 1784 sunt
1656 1725 1816 1782 amici
1847 1724 1947 1787 tui,

371 1834 515 1888 Dcus
545 1850 559 1885 :

442 1929 530 1984 55.
569 1924 743 1980 Nimis
775 1919 1112 1978 confortatus
1139 1928 1223 1973 est
1256 1913 1591 1985 principatus
1621 1921 1835 1962 eorum.

1199 330 1254 384 S.
1297 323 1672 382 ATHANASII
1712 322 1862 380 OPP.
1901 320 2082 376 PAliS
2133 319 2220 374 lll.
2247 348 2317 361 —
2360 316 2773 372 EXEGETICA.

3504 316 3658 370 1284

1964 453 2008 506 Α
2059 497 2067 510 η
2109 443 2200 498 22.
2231 443 2342 496 Καὶ
2364 441 2463 508 νὺξ
2492 439 2568 502 ὡς
2600 438 2783 510 ἡμέρα
2806 440 3206 508 φωτιυοήσεται
3228 453 3240 465 ·

2113 535 2202 587 25.
2246 533 2331 595 Ὠς
2360 530 2422 584 τὸ
2454 530 2646 592 σκότος
2672 527 2845 596 αὐτῆς
2869 566 2883 590 ,
2915 526 3059 581 οὕτω
3089 527 3182 580 καὶ
3209 525 3270 578 τὸ
3299 523 3420 594 φῶς
3445 521 3650 592 αὐτῆς.

2111 625 2199 679 24.
2227 624 2348 676 Ὀτι
2383 621 2446 673 σὺ
2479 620 2696 690 ἐκτήσω
2726 617 2854 680 τοὺς
2885 617 3116 689 νεφρούς
3151 635 3251 687 μου
3273 634 3287 646 ο

2115 716 2206 770 25.
2244 712 2562 767 ’Λντελάϐου
2596 727 2696 780 μου
2726 711 2793 764 ὲκ
2817 710 3053 782 γαστρὸς
3084 710 3288 780 μητρός
3325 725 3451 778 μου.

2118 806 2209 860 26.
2254 801 2752 874 Ἑξομολογήσομαί
2807 820 2932 870 σοι,
2977 805 3059 856 ὅτι
3103 801 3348 872 φοϐερῶς
3397 799 3653 869 ἐθαυμα-

2053 897 2282 968 πιῦθης.

2113 990 2200 1042 27.
2232 983 2522 1058 Θαυμάσια
2561 985 2633 1040 τὰ
2671 984 2811 1058 ἔργα
2854 1001 2973 1052 σου,
3009 985 3104 1038 καὶ
3157 988 3190 1057 ὴ
3229 985 3370 1055 ψυχή
3419 1000 3523 1054 μου
3561 998 3655 1051 γι-

2052 1080 2248 1137 νώσκει
2282 1080 2504 1150 σφόδρα.

2121 1174 2210 1226 28.
2240 1173 2354 1225 Οὐκ
2388 1169 2596 1241 ἐκρύϐη
2625 1167 2686 1222 τὸ
2714 1169 2909 1223 ὀστοῦν
2944 1186 3046 1240 μου
3080 1169 3187 1224 ἀπὸ
3218 1167 3334 1231 σοῦ,

2120 1265 2209 1319 29.
2245 1266 2308 1315 Ὃ
2343 1262 2606 1331 ἐποίησας
2637 1264 2695 1314 ὲν
2729 1264 2913 1333 κρυφῇ
2936 1302 2949 1324 ι

2125 1358 2379 1428 50.Καὶή
2405 1356 2700 1420 ὑπόστασίς
2724 1373 2826 1427 μου
2849 1359 2905 1409 ὲν
2925 1357 3037 1419 τοῖς
3053 1354 3388 1416 κατωτάτοις
3405 1353 3504 1422 τῆς
3514 1353 3647 1422 γῆς.

2117 1453 2204 1506 51.
2235 1451 2308 1503 Τὸ
2338 1450 2753 1522 ὰκατέργαστόν
2784 1467 2884 1520 μου
2914 1445 3053 1501 εἶδον
3078 1450 3127 1501 οἱ
3157 1446 3425 1517 ὀφθαλμοί
3455 1463 3573 1498 σου.

2123 1544 2210 1597 52.
2246 1544 2357 1595 Καὶ
2387 1542 2479 1594 ἐπὶ
2510 1540 2573 1594 τὸ
2607 1541 2812 1612 βιϐλίον
2857 1557 2952 1593 σου
2995 1540 3196 1602 πάντες
3229 1538 3648 1609 γραφήσονται·

2126 1637 2215 1690 55.
2261 1633 2507 1705 Ἡμέρας
2536 1632 2938 1702 πλασθήσονται
2963 1670 2978 1695 ,
3021 1632 3116 1684 καὶ
3143 1629 3318 1691 οὐδεὶς
3353 1631 3409 1680 ὲν
3439 1627 3652 1688 αὐτοῖς.

2125 1728 2215 1782 54.
2253 1724 2407 1796 Ἐμοὶ
2434 1724 2490 1777 δὲ
2519 1723 2638 1778 λίαν
2661 1723 2999 1794 ἐτιμήθησαν
3027 1723 3076 1774 οἱ
3096 1720 3239 1790 φίλοι
3269 1735 3386 1780 σου,
3422 1718 3452 1769 ὁ
3476 1715 3614 1779 Θεὸς
3632 1730 3647 1743 ·

2128 1901 2218 1954 55.
2251 1899 2385 1954 Δίαν
2418 1895 2868 1968 ὲκραταιὼθησαν
2901 1895 2958 1948 αἱ
2987 1891 3152 1962 ἀρχαὶ
3183 1889 3382 1942 αὐτῶν.

1496 2061 1868 2121 ATllAN‘ASll
1926 2048 2515 2113 INTERPRETATIO.

440 2205 530 2258 22.
581 2201 647 2255 Et
684 2215 804 2270 qure
833 2199 885 2252 in
932 2195 1172 2266 peccatis
1198 2199 1422 2261 aegrotat
1450 2190 1629 2241 anima
1662 2183 1944 2239 sublevata

2117 2177 2205 2230 22.
2241 2173 2510 2246 Καὶήῌ)
2543 2176 2599 2226 ὲν
2647 2171 2947 2242 ἁμαρτίαις
2995 2165 3319 2221 ὲπινοσοῦσα
3362 2163 3534 2234 ψυχὴ,
3582 2162 3657 2216 διο

372 2298 425 2350 in
454 2255 746 2364 baptismo,
770 2292 938 2345 veluti
987 2289 1102 2344 dies
1133 2255 1551 2344 illuxitinabitur,
1584 2277 1862 2333 exoriente
1896 2284 1950 2330 te

2117 2267 2338 2339 ερθεῖσα
2358 2265 2415 2318 ἐν
2432 2264 2510 2335 τῷ
2537 2264 2895 2334 βαπτίσματι,
2920 2261 2998 2323 ὡς
3019 2258 3201 2328 ἡμέρα
3222 2255 3658 2326 φωτισθήσεται,

372 2404 426 2440 ιη
457 2401 595 2455 ipsa.

442 2477 635 2534 25.1ta
669 2475 812 2530 enim
839 2473 1018 2527 omnis
1054 2470 1234 2523 anima
1266 2463 1572 2518 illuminata
1607 2475 1636 2513 a
1672 2467 1744 2521 te,
1768 2456 1949 2510 imita-

371 2587 460 2630 tur
490 2575 543 2628 in
566 2571 840 2640 baptismo
869 2567 1110 2621 triduum
1136 2559 1326 2616 mortis
1352 2567 1456 2611 tua:
1503 2562 1557 2607 ct
1589 2549 1947 2605 resurrectio-

372 2667 480 2728 nis,
507 2675 723 2720 noctem
772 2671 935 2729 atque
968 2658 1133 2710 diem.

441 2757 532 2811 2t.
590 2755 725 2820 Quia
770 2761 824 2806 tu
878 2745 1154 2804 redemisti
1197 2757 1416 2798 omnem
1466 2753 1643 2794 meam
1690 2735 1949 2788 virtutem

372 2849 612 2920 pretioso
645 2856 738 2898 tuo
775 2843 1059 2913 sanguine.

445 2933 536 2988 25.
564 2912 894 3000 Adjutorem’
915 2929 1048 2982 mihi
1080 2924 1274 2981 dedisti
1306 2925 1493 2978 statim
1521 2936 1550 2974 a
1578 2919 1800 2972 lavacro
1833 2912 1956 2983 Spi-

373 3028 536 3081 ritum
573 3036 822 3080 sanetum
855 3033 1030 3077 tuum.

439 3119 531 3175 26.
570 3118 804 3172 Tradam
840 3125 1012 3170 totum
1045 3128 1131 3168 me
1160 3112 1338 3182 ipsum
1374 3108 1506 3172 tibi,
1533 3105 1658 3175 quia
1685 3103 1956 3158 excellen-

371 3217 454 3265 ter
487 3207 825 3279 gloriﬁeatns
858 3220 939 3259 es.

443 3301 532 3356 27.
565 3297 960 3352 Admirationis
1010 3294 1184 3363 plenae
1235 3300 1365 3345 sunt
1397 3288 1686 3356 passiones
1724 3291 1868 3346 tuae,
1903 3287 1957 3334 et

371 3393 555 3447 anima
588 3405 707 3443 mea
733 3387 906 3442 credit
936 3387 990 3439 in
1024 3384 1158 3453 ipsis
1190 3396 1366 3450 usque
1393 3381 1445 3432 in
1472 3380 1657 3430 tinem.

445 3481 534 3538 28.
557 3479 674 3536 Non
705 3479 1040 3548 despiciatur
1075 3491 1105 3529 a
1135 3485 1186 3528 te
1229 3471 1521 3526 inﬁrmitas
1549 3467 1746 3520 animae
1800 3477 1955 3525 mea',

445 3659 536 3717 29.
562 3658 629 3713 Et
657 3656 962 3714 substantia
999 3654 1172 3724 ipsius
1202 3653 1504 3707 inveterata
1541 3651 1594 3703 in
1634 3649 1899 3718 peccatis.
1940 3709 1958 3714 ,-

446 3832 535 3889 50.
562 3828 857 3886 Renovasti
883 3827 1028 3881 enim
1072 3839 1160 3879 me
1186 3824 1240 3878 in
1265 3823 1501 3886 occulto,
1540 3823 1641 3875 hoc
1663 3828 1746 3874 est
1771 3818 1825 3872 in
1861 3818 1950 3872 ba-

371 3927 596 3998 ptismo,
633 3940 728 3979 cor
749 3925 963 3976 "meum.

445 4015 533 4069 51.
566 4011 967 4082 Corruptelam,
991 4019 1045 4064 et
1079 4006 1426 4062 inutilitatem
1454 4000 1654 4057 mentis
1685 4015 1824 4054 mea:
1845 4013 1954 4053 non

373 4105 689 4176 despexisti,
727 4103 820 4158 sed
850 4103 899 4157 ei
935 4100 1246 4170 providisti.

445 4200 534 4255 52.
570 4197 636 4253 Et
666 4197 757 4268 qui
786 4195 933 4266 digni
968 4193 1094 4247 facti
1133 4199 1264 4248 sunt
1305 4189 1575 4258 baptismo
1601 4195 1699 4241 tuo
1721 4224 1739 4253 ,
1763 4198 1957 4239 omnes

375 4295 431 4349 in
460 4294 603 4348 libro
625 4292 749 4346 vita:
772 4288 961 4358 scripti
991 4294 1118 4341 sunt
1154 4286 1210 4338 in
1244 4283 1422 4340 caelis.

445 4470 535 4530 55.
566 4472 624 4526 ln
657 4470 780 4524 luce
804 4466 1064 4536 baptismi
1116 4470 1471 4527 renovantur,
1515 4469 1571 4514 et
1605 4474 1768 4513 nemo
1819 4458 1958 4512 alius

374 4567 508 4630 illic,
539 4566 644 4620 nisi
671 4575 727 4618 tu
758 4562 909 4618 solus
934 4562 989 4615 in
1025 4559 1181 4628 ipsis.

446 4658 538 4713 54.
581 4655 711 4710 Mihi
759 4662 942 4709 autem
978 4653 1233 4718 deinceps
1279 4645 1633 4701 honorabiles
1663 4654 1792 4698 sunt
1824 4657 1960 4713 apo-

377 4751 500 4808 stoli
526 4750 626 4816 tui,
659 4748 726 4802 ad
751 4762 892 4816 quos
917 4743 1098 4798 dixisti
1125 4762 1138 4796 :
1182 4739 1283 4795 Vos
1320 4740 1480 4794 amici
1514 4739 1642 4820 estis
1661 4737 1704 4792 ³.

441 4924 531 4980 55.
564 4921 800 4977 Fortiter
845 4919 1119 4974 dominata
1153 4926 1237 4972 est
1279 4914 1523 4986 potentia
1549 4912 1956 4984 praedicationis

376 5031 590 5074 eorum.

451 5130 473 5162 ³
508 5127 669 5184 Joan.
707 5142 799 5191 xv,
838 5125 925 5179 U.

2051 2359 2434 2421 ἀνατείλαντός
2464 2374 2558 2409 σου
2592 2358 2648 2409 ὲν
2679 2357 2840 2425 αὐτῇ.

2123 2451 2213 2504 25.
2259 2449 2445 2510 Οὕτως
2496 2445 2574 2517 (2)
2641 2443 2750 2515 γὰρ
2800 2444 3045 2513 μιμεῖται
3093 2441 3151 2492 ὲν
3200 2438 3278 2509 τῷ
3313 2435 3659 2507 βαπτίσματι

2056 2545 2207 2598 πᾶσα
2251 2542 2398 2612 ψυχὴ
2441 2537 2787 2609 φωτιζομένη
2817 2535 2922 2588 ὑπὸ
2951 2532 3042 2587 σοῦ
3072 2534 3171 2603 τὴν
3216 2533 3515 2601 τριήμερον
3556 2527 3658 2581 τοῦ

2057 2635 2290 2688 θανάτου
2328 2649 2420 2686 σου
2456 2631 2551 2684 καὶ
2581 2630 2680 2698 τῆς
2711 2627 3060 2688 ἀναστάσεως
3087 2623 3256 2676 νύκτα
3287 2623 3380 2676 καὶ
3411 2621 3656 2692 ἡμέραν.

2128 2726 2222 2782 24.
2264 2725 2390 2779 Ὀτι
2443 2725 2507 2777 σὺ
2568 2723 2910 2792 ὲξηγόρασας
2962 2722 3144 2771 πᾶσαν
3188 2715 3288 2786 τὴν
3345 2713 3501 2785 ἰσχύν
3550 2729 3660 2784 μου

1980 2798 2027 2861 c
2056 2821 2138 2895 τῷ
2170 2821 2248 2892 (5)
2272 2817 2439 2888 τιμίῳ
2473 2834 2565 2869 σου
2595 2815 2808 2884 αἵματι.

2128 2913 2219 2968 25.
2256 2911 2458 2982 Βοηθόν
2487 2909 2563 2980 (4)
2604 2925 2694 2979 μοι
2735 2905 2976 2967 δέδωκας
3028 2901 3228 2963 εὐθέως
3261 2899 3370 2952 ἀπὸ
3431 2897 3532 2967 τῆς
3563 2914 3660 2951 κο-

2059 3004 2276 3078 λυμϐήθ
2287 3021 2383 3076 ρας
2405 3004 2465 3056 τὸ
2483 3000 2712 3070 Πνεῦμά
2738 3015 2830 3052 σου
2855 2998 2915 3050 τὸ
2944 2996 3116 3063 ἅγιον.

2131 3097 2224 3150 26.
2263 3094 2517 3148 Ἐκδώσω
2545 3110 2627 3146 σοι
2653 3091 2775 3144 ὅλον
2809 3088 3068 3160 ἐμαυτὸν,
3098 3088 3179 3139 ὅτι
3206 3082 3663 3156 ὑπερϐαλλόντως

2061 3189 2368 3253 δεδόξασαι.

2129 3277 2583 3348 27.⁶Εκπλήξεως
2623 3273 2765 3345 μετὰ
2796 3273 2874 3345 (5)
2918 3271 3224 3342 ὑπάρχουσι
3253 3267 3322 3320 τὰ
3355 3261 3662 3334 παθήματά

2064 3391 2179 3437 σου,
2221 3373 2317 3426 καί
2343 3373 2376 3441 ή
2403 3370 2547 3439 ψυχή
2583 3385 2684 3439 μου
2713 3365 2962 3420 πιστεύει
2996 3366 3052 3416 ἐν
3080 3364 3264 3424 αὐτοῖς
3296 3361 3402 3421 ἓως
3442 3357 3661 3418 τέλους.

2131 3464 2224 3518 28.
2257 3462 2335 3532 (6)
2373 3461 2448 3514 Οὔ
2492 3458 2828 3530 παρεωράθη
2892 3457 3046 3527 παρὰ
3081 3453 3175 3507 σοῦ
3216 3453 3276 3505 τὸ
3303 3449 3532 3511 ἀσθενὲς
3557 3446 3663 3518 τῆς

2060 3555 2239 3626 ψυχῆς
2269 3554 2344 3624 (7)
2373 3570 2497 3623 μου,

2132 3646 2224 3701 29.
2282 3643 2393 3697 Καὶ
2443 3645 2477 3712 ὴ
2531 3642 2830 3704 ὑπόστασις
2875 3640 3048 3709 αὐτῆς
3095 3640 3128 3709 ἡ
3175 3633 3554 3690 παλαιωθεῖσα
3595 3631 3661 3682 ὲν

2063 3737 2384 3809 ἁμαρτίαις.

2133 3828 2220 3882 50.
2272 3825 2651 3887 Ἀνεκαίνισας
2685 3822 2794 3894 γάρ
2826 3839 2893 3893 με
2923 3825 2985 3876 ἓν
3028 3823 3246 3892 κρυφῇ,
3285 3818 3568 3871 τουτέστιν
3596 3813 3661 3867 ὲν

2061 3919 2138 3992 τῷ
2170 3922 2508 3992 βαπτίσματι
2541 3917 2640 3989 τὴν
2669 3915 2897 3988 καρδίαν
2929 3930 3052 3985 μου.

2133 4014 2223 4068 51.
2265 4011 2342 4065 Τὸ
2370 4009 2767 4082 διεφθαρμένον
2799 4025 2900 4077 μου
2921 4047 2935 4069 ,
2978 4007 3073 4059 καὶ
3105 4005 3378 4075 ἄχρηστον
3408 4002 3510 4073 τῆς
3540 4001 3659 4055 δια-

2062 4103 2210 4166 νοίας
2231 4102 2292 4155 οὐ
2319 4100 2596 4173 παρεῖδες,
2629 4100 2744 4153 ἀλλ’
2774 4098 3018 4168 ἐποιήσω
3050 4096 3327 4165 πρόνοιαν.

2131 4197 2222 4252 52.
2253 4195 2367 4250 Καὶ
2385 4195 2436 4247 οἱ
2460 4192 2782 4258 ἀξιωθέντες
2804 4190 2896 4243 τοῦ
2920 4185 3294 4259 βαπτίσματός
3324 4201 3420 4237 σου
3454 4183 3660 4246 πάντες

2057 4293 2114 4342 ὲν
2145 4288 2313 4361 βίϐλῳ
2355 4287 2553 4359 σμιλίῳ
2596 4286 2673 4356 (8)
2722 4284 2996 4353 ὲτάγησαν
3051 4279 3189 4351 [τῆς
3219 4275 3368 4347 ζωῆς
3410 4275 3660 4347 ἐγράφη·

2060 4380 2182 4455 σαν]
2206 4376 2278 4437 ἐν’
2293 4385 2406 4444 τοῖς
2435 4380 2705 4449 οὐρανοῖς.

2128 4474 2221 4528 55.
2260 4473 2348 4525 Ἐν
2380 4470 2457 4540 τῷ
2493 4469 2633 4540 φωτὶ
2657 4466 2753 4520 τοῦ
2791 4465 3167 4537 βαπτίσματος
3201 4459 3655 4526 ἀπλακαινοῦνται,

2058 4567 2154 4620 καὶ
2188 4566 2363 4628 οὐδεὶς
2392 4566 2549 4628 ἄλλος
2574 4565 2692 4617 ἐκεῖ
2735 4564 2785 4615 εί
2821 4562 2894 4634 μὴ
2948 4561 3013 4615 σὺ
3047 4560 3206 4631 μόνος
3235 4559 3293 4610 ἐν
3319 4557 3519 4620 αὐταῖς
3555 4556 3653 4628 (9).

2134 4657 2222 4712 54.
2261 4656 2418 4726 Ἐμοὶ
2447 4656 2504 4710 δὲ
2531 4654 2629 4709 τοῦ
2657 4652 2848 4707 λοιποῦ
2886 4651 3058 4722 τίμιοι
3095 4649 3208 4721 (10)
3236 4649 3578 4719 ὑπάρχουσιν
3605 4647 3655 4699 οἱ

2064 4749 2352 4803 ἁπόστολοί
2383 4766 2477 4802 σου
2500 4790 2514 4815 ,
2561 4748 2698 4820 πρὸς
2743 4745 2837 4809 οὓς
2877 4745 3214 4817 εἰρήκαμεν*
3253 4741 3442 4810 Ὑμεῖς
3488 4741 3656 4809 φίλοι

2065 4840 2226 4897 ἐστέ.

2137 4932 2227 4988 55.
2267 4933 2524 5004 ’ἰσχυρῶς
2575 4929 3074 4985 κατεδυνάστευσεν
3096 4927 3130 4996 ἡ
3173 4923 3394 4988 ἐξουσία
3425 4921 3521 4976 τοῦ
3557 4935 3658 4976 am-

2069 5020 2345 5090 ρύγματος
2370 5020 2570 5074 αὐτῶν.

1343 5191 1651 5253 Addenda
1687 5199 1751 5253 et
1782 5197 2160 5277 corrigenda
2192 5215 2270 5260 ex
2314 5198 2457 5261 cod.
2488 5198 2692 5260 Vatic.

447 5322 524 5395 (1)
563 5323 675 5377 Καὶ
717 5321 774 5374 ὲν
828 5319 1125 5391 ἁμαοτίαις
1158 5316 1400 5370 ὑπνοῦσα
1435 5315 1618 5388 ψυχή,
1650 5327 1782 5382 etc.,
1817 5319 1892 5384 ὡς
1925 5322 1958 5392 ἠ

373 5393 584 5463 1ίιμέρα.
611 5403 716 5448 etc.

420 5403 584 5466 μερα.
602 5403 716 5466 εις.

449 5463 526 5535 (2)
554 5463 748 5535 Οὕτω.-
761 5471 866 5516 etc.

476 5532 532 5605 5)
568 5535 657 5588 Ἐν
681 5532 782 5605 τῷ,
813 5543 918 5587 etc.

473 5604 528 5668 4)
559 5604 780 5673 Βοηθῶν
811 5621 921 5672 μοι,
955 5611 1040 5657 etc

453 5675 530 5743 (5)
560 5673 773 5736 Μεστά,
801 5684 906 5729 etc.

447 5741 522 5810 (6)
547 5743 609 5797 N.
641 5744 731 5809 28,
756 5744 844 5803 29,
873 5745 959 5798 50.
983 5743 1194 5795 Comm.
1227 5741 1439 5795 unicus.

2060 5397 2094 5466 ὴ
2121 5324 2346 5458 ’(Ἰέῑῖῆς
2377 5322 2588 5392 ψυχῆς,
2629 5322 2724 5374 καὶ
2760 5322 2793 5391 ἡ
2836 5320 3135 5386 ὑπόστασις
3176 5321 3275 5391 τῆς
3317 5317 3498 5390 ψυχῆς
3546 5332 3651 5388 μου

2121 5435 2336 5534 ’(8)Ὗ1ἷ1ν
2365 5462 2530 5533 βίὸλῳ
2560 5462 2704 5532 ζωῆς
2730 5463 3086 5534 ὲνετάγησαν,
3123 5474 3228 5516 etc.

2137 5536 2214 5594 (9)
2245 5536 2459 5596 Λὺτῦῖς.

2138 5605 2246 5688 (10)
2279 5605 2485 5674 Τιμῆς.
2519 5613 2649 5670 etc.,
2684 5604 2819 5674 πρὸς
2851 5603 2944 5669 οὓς
2977 5618 3243 5676 ειρηκαςη

2063 5693 2167 5750 μου
2202 5692 2344 5728 εστε.

3289 5600 3477 5671 Ὑμεῖς
3508 5594 3649 5665 φίλα
