3860 6220
142 352 172 403 1
183 353 305 408 285

992 350 1078 408 DE
1123 354 1403 412 TITULIS
1442 356 1895 415 PSALMORUM.
1938 390 2008 400 —
2046 360 2220 413 PSAL
2282 359 2616 414 CXXXVIII.

3294 363 3429 417 I286

218 463 314 523 56.
350 466 819 539 Ἐξαριθμήσομαι
852 467 1070 537 αὐτοὺς,
1097 473 1192 525 καὶ
1226 472 1365 545 ὑπὲρ
1391 474 1575 544 ἄμμον
1610 476 1726 546 πληε

1918 476 2005 530 56.
2040 475 2407 531 Dinumerabo
2441 491 2557 539 eos,
2610 486 2662 529 et
2691 488 2856 544 super
2895 488 3121 528 arenam
3167 473 3429 547 multipli-

140 555 519 628 θυνθήσονται
539 575 553 590 ο

224 649 318 703 57.
360 649 714 723 Ἐξηγέρθην,
742 654 837 706 καὶ
873 654 953 708 ἔτι
982 655 1097 724 είμὶ
1125 655 1265 726 μετὰ
1301 657 1417 710 σοῦ.

223 740 321 797 58.
361 741 485 794 Ἐὰν
516 743 844 816 ἀποκτείνῃς
877 746 1258 817 ἁμαρτωλοὺς,
1290 750 1318 800 ό
1343 747 1474 812 Θεός
1495 766 1507 777 ·

217 831 313 889 59.
348 834 572 904 ’Ἄνδρες
606 836 875 906 αἱμάτων,
903 838 1186 891 ἐκκλίνατε
1222 839 1315 892 ἀπ’
1346 838 1481 910 ἐμοῦ
1502 856 1517 871 ο

226 924 321 978 40.
356 926 474 979 Ὅτι
501 928 715 997 ἐρισταί
750 931 873 981 ἐστε
908 932 988 992 εἰς
1016 929 1439 1002 διαλογισμούς*

222 1013 319 1068 41.
344 1015 620 1086 Λήψονται
652 1020 731 1082 είς
766 1020 1099 1091 ματαιότητα
1124 1022 1223 1084 τὰς
1254 1022 1437 1086 πόλεις
1472 1022 1635 1097 [ceu].

224 1102 319 1156 42.
358 1108 492 1176 Οὐχὶ
521 1109 646 1172 τοὺς
681 1109 972 1179 μισοῦντας
1006 1129 1087 1177 σε,
1117 1112 1310 1184 Κύριε,
1345 1117 1616 1186 ἐμίσησας

220 1196 313 1250 45.
355 1199 463 1293 Ka‘t
500 1200 595 1252 ἐπὶ
635 1203 760 1265 τοὺς
790 1202 1019 1293 ἐχθρούς
1064 1221 1159 1258 σου
1189 1203 1339 1277 [τοῖς
1364 1207 1580 1279 ἐχθροῖς
1610 1211 1741 1283 σου]

142 1286 496 1361 ἐξετηκόμην
517 1306 533 1357 ;

220 1380 315 1433 44.
342 1382 558 1436 Τέλειον
585 1386 737 1453 μῖσος
764 1386 985 1456 ἐμίσουν
1012 1388 1207 1453 αὐτούς
1228 1409 1241 1421 ·

218 1472 311 1526 45.
349 1473 443 1535 Εἰς
472 1474 700 1545 ἐχθροὺς
736 1478 983 1547 ἐγένοντό
1012 1498 1124 1551 μοι.

214 1564 311 1619 46.
340 1565 640 1636 Δοκίμασόν
671 1586 739 1636 με
760 1610 774 1633 ,
808 1573 837 1623 ὁ
873 1571 1038 1635 Θεὸς,
1068 1573 1161 1626 καὶ
1187 1573 1355 1638 γνῶθι
1381 1572 1479 1643 τὴν
1511 1576 1740 1649 καρδίαν

193 1674 299 1711 ου’

193 1675 263 1711 ου
285 1675 299 1688 ’

145 1675 189 1727 μ
222 1752 313 1805 47.
352 1752 585 1807 Ἐτασόν
614 1773 702 1826 με,
728 1757 820 1810 καὶ
844 1759 1014 1827 γνῶθι
1042 1761 1140 1825 τὰς
1164 1760 1386 1832 τρίϐους
1422 1778 1544 1832 μου.

1853 570 2123 624 cabunlur
2148 587 2162 623 :

1922 660 2010 715 57.
2054 659 2372 721 Exsurrexi.
2401 668 2454 713 et
2477 657 2658 713 adhuc
2687 674 2809 713 sum
2838 667 3037 713 tecum.

1924 751 2012 804 '58.
2055 748 2112 803 Si
2143 750 2433 812 occideris,
2469 748 2635 815 Deus,
2666 754 2983 818 peceatores
3012 764 3026 799 :

1919 840 2008 894 59.
2048 839 2163 894 Viri
2192 841 2546 910 sanguinum,
2585 839 2850 894 declinate
2880 854 2910 892 a
2946 854 3031 892 me
3059 854 3074 891 :

1920 934 2011 989 40.
2049 933 2186 999 Quia
2216 931 2549 988 contentiosi
2581 932 2713 985 estis
2745 931 2799 985 in
2830 930 3257 1001 cogitationibus
3286 948 3300 983 :

1919 1030 2008 1085 41.
2045 1029 2327 1099 Accipient
2360 1028 2414 1081 in
2443 1027 2684 1081 vanitate
2709 1026 2961 1081 civitates
2998 1023 3187 1097 [tuas].

1917 1123 2007 1177 42.
2047 1120 2239 1176 Nonne
2270 1120 2365 1191 qui
2396 1121 2631 1174 oderunt
2663 1127 2733 1182 te,
2772 1117 3021 1181 Domine,
3053 1118 3274 1171 oderam
3302 1115 3326 1169 ?

1914 1211 2005 1267 4⁸5.
2049 1212 2118 1266 Et
2143 1226 2307 1281 super
2332 1210 2581 1264 inimicos
2609 1215 2733 1263 tuos
2761 1205 3147 1263 tabescebam?

1916 1400 2008 1453 44.
2048 1395 2299 1452 Perfecto
2333 1398 2459 1450 odio
2486 1395 2712 1450 oderam
2750 1395 2873 1448 illos

1908 1492 1998 1549 45.
2039 1490 2253 1545 Inimici
2288 1489 2417 1544 facti
2442 1497 2571 1544 sunt
2600 1489 2754 1542 mihi.
2862 1530 2865 1531 ν

1912 1582 2002 1638 46.
2020 1581 2200 1637 Proba
2229 1576 2338 1649 me,
2360 1580 2505 1635 Deus
2530 1620 2546 1647 ,
2565 1589 2619 1634 et
2644 1579 2782 1634 scito
2798 1592 2891 1633 cor
2907 1591 3089 1631 meum
3105 1576 3145 1645 εξ

1912 1760 2002 1816 47.
2043 1763 2325 1830 Interroga
2354 1774 2461 1826 me,
2485 1768 2539 1813 et
2570 1773 2842 1826 cognosce
2869 1758 3093 1812 semitas
3123 1772 3295 1813 meas.

222 1843 315 1899 48.
343 1845 450 1897 Καὶ
479 1845 575 1911 ἴδε,
606 1824 654 1899 εἰ
672 1847 788 1910 ὁδὸς
810 1824 881 1920 [εἰ
909 1850 1053 1904 ἔστιν
1080 1824 1219 1923 ὁδὸς]
1241 1824 1472 1923 ἀνομίας
1495 1853 1553 1908 ἐν
1576 1853 1726 1909 ἐμοί·

1912 1854 2004 1909 48.
2042 1853 2109 1907 Et
2132 1852 2275 1917 vide,
2295 1868 2342 1907 ει
2362 1853 2445 1906 via
2462 1852 2531 1924 [si
2549 1861 2633 1907 est
2648 1850 2756 1923 via]
2772 1852 3075 1921 iniquitatis
3091 1852 3143 1905 in
3164 1867 3250 1905 me
3275 1866 3291 1903 :

225 1936 314 1992 £9.
343 1938 454 1992 Καὶ
481 1939 746 2011 ὀδήγησόν
777 1959 845 2012 με
872 1944 931 1997 ἐν
961 1943 1065 2015 ὀδῷ
1095 1944 1309 2016 αίωνίᾳ.

1912 1945 2004 2001 49.
2046 1943 2113 1999 Et
2135 1944 2309 2000 deduc
2338 1959 2424 1998 me
2455 1944 2511 1997 in
2540 1944 2627 1998 via
2653 1953 2874 1998 aeterna.

1277 2121 1652 2203 ATHANASII
1716 2120 2301 2180 INTERPRETATIO.

217 2292 311 2349 36.
343 2292 565 2349 Δώδεκόι
593 2296 719 2363 εἰσι,
743 2296 838 2351 καὶ
865 2296 957 2351 τὸν
976 2297 1181 2368 κόσμον
1211 2298 1331 2353 ὅλον
1350 2298 1439 2353 διὰ
1460 2299 1551 2353 τοῦ
1576 2300 1736 2371 λόγου

139 2386 331 2442 αὐτῶν
356 2390 798 2461 περιποιήσονται
827 2390 908 2453 είς
931 2390 1081 2454 υἱοὺς
1107 2392 1201 2445 καὶ⁸
1232 2391 1556 2463 θυγατέρας.

215 2566 308 2621 57.
349 2566 750 2639 Ἐζωοποιήθην
777 2569 864 2623 διὰ
893 2566 987 2622 τοῦ
1033 2558 1434 2640 βαπτίσματος,
1461 2573 1556 2623 καὶ
1583 2572 1734 2625 ἀδια-

138 2652 386 2717 λείπτως
412 2655 604 2726 ἔσομαι
640 2658 775 2727 μετὰ
807 2656 921 2711 σοῦ.

140 2796 145 2799 ,
220 2744 310 2801 53.
354 2745 477 2800 Ἐὰν
504 2746 918 2823 θανατώσῃςταύ
938 2766 1037 2812 τας
1053 2749 1152 2814 τὰς
1178 2750 1427 2814 ἐναντίας
1454 2752 1732 2824 δυνάμεις,

141 2828 171 2891 ὃ
201 2837 341 2901 Θεός
362 2855 376 2869 ο

215 2930 309 2984 59.
360 2932 484 2995 Τοῖς
524 2932 742 3004 δαίμοσι
790 2935 973 3003 λέγει·
997 2935 1303 3007 Αἱμοπόται
1340 2935 1735 3008 μισάνθρωποι,

142 3022 543 3094 ἀναχωρήσατε
572 3026 664 3078 ἀπ’
693 3026 829 3096 ἐμοῦ
852 3044 863 3056 ·

216 3117 309 3171 40.
354 3118 474 3170 Ὅτι
528 3117 852 3190 ἐνθυμήσεις
903 3120 1149 3192 πονηρὰς
1198 3120 1521 3174 ὑποτίθεσθε
1578 3122 1736 3175 πολε-

144 3211 380 3283 μοῦντες
416 3212 459 3276 (i
473 3214 513 3280 ).

1918 2282 2007 2337 56.
2040 2280 2333 2336 Duodecim
2369 2286 2535 2345 sunt,
2567 2287 2621 2333 et
2646 2285 2823 2332 totum
2874 2276 3135 2330 mundum
3172 2289 3424 2331 sermone

1845 2390 1948 2431 suo
1982 2376 2037 2429 in
2067 2374 2208 2430 ﬁlios
2256 2382 2309 2428 et
2351 2373 2491 2427 ﬁlias
2546 2386 2646 2440 per
2704 2368 3049 2437 adoptionem
3086 2368 3417 2435 spiritualen:

1843 2467 2146 2537 nequirent.

1916 2560 2004 2614 37.
2032 2558 2312 2629 Baptismo
2337 2554 2641 2610 vivilicatus
2670 2567 2816 2618 sum,
2842 2559 2895 2605 et
2924 2550 3296 2605 indesinenter
3324 2564 3423 2604 ero

1839 2661 2041 2708 tecum.

1910 2744 1998 2798 58.
2035 2741 2093 2796 Si
2123 2740 2285 2795 morti
2316 2737 2623 2803 tradideris,
2662 2736 2824 2802 Deus,
2853 2735 2953 2791 has
2979 2732 3284 2789 contrarias
3319 2748 3419 2804 po-

1840 2850 2065 2898 testates
2093 2853 2108 2892 :

1914 2934 2006 2988 ’59.
2053 2932 2404 2986 Daemomous
2438 2930 2572 2985 dicit
2603 2947 2616 2982 :
2649 2931 3074 2997 Sanguipotores
3102 2940 3294 2982 osores
3321 2924 3422 2978 ho-

1839 3028 2075 3092 ntinum,
2105 3025 2340 3079 recedite
2363 3039 2393 3076 a
2426 3038 2513 3076 me
2544 3040 2557 3075 :

1910 3122 1999 3176 40.
2018 3119 2158 3186 Quia
2174 3117 2536 3189 cogitationes
2558 3128 2755 3184 pravas
2779 3118 3087 3182 pugnantes
3112 3108 3416 3179 subjicitts:

215 3305 308 3358 4-1.
341 3304 808 3375 Λίχμαλωτίζουσι
834 3323 934 3369 τας
971 3323 1148 3377 ψυχας
1184 3311 1293 3360 τῶν
1329 3308 1631 3380 ἀνθρώπων
1657 3312 1726 3373 εἰς

1906 3302 1997 3358 41.
2028 3300 2285 3370 Captivas
2326 3296 2599 3350 alnlucent
2624 3293 2838 3347 animas
2866 3281 3166 3377 ξιοηιὶηιιηί
3183 3289 3239 3341 in
3265 3285 3421 3339 vani-

146 3398 362 3469 μάτην·
388 3398 549 3450 πάλιν
571 3399 679 3470 γὰρ
707 3399 1096 3470 ἐπιστρέφουσι
1122 3399 1259 3471 πρὸς
1283 3399 1365 3453 σέ.

218 3492 307 3546 42.
329 3489 468 3559 Ἐγὼ
487 3491 543 3544 δέ
574 3492 780 3554 πάντας
804 3492 928 3555 τοὺς
958 3490 1388 3562 ἀνθισταμένους
1410 3494 1479 3562 τῇ
1507 3492 1736 3564 ἀληθείᾳ

146 3599 269 3645 σου,
301 3582 494 3652 Κύρεε,
530 3583 789 3653 ἐμίσησα.

218 3674 312 3727 43.
344 3673 454 3726 Καὶ
497 3673 588 3724 ἐπὶ
620 3676 733 3736 τοῖς
765 3668 1081 3725 ἀπειθοῦσιν
1111 3669 1186 3740 (2)
1232 3670 1572 3742 ἐξετηκόμην
1627 3672 1734 3725 ἀπὸ

142 3765 245 3817 τοῦ
271 3763 452 3834 ζήλου.
488 3764 598 3816 Καὶ
624 3762 796 3826 ἄλλως
826 3763 883 3816 δέ
916 3765 1115 3816 νοεῖται
1144 3764 1172 3815 ὁ
1204 3762 1365 3825 αὐτὸς
1395 3762 1575 3831 στίχος
1600 3780 1614 3794 ο
1641 3764 1734 3814 καὶ

145 3857 244 3909 ἐπὶ
288 3859 407 3919 ταῖς
458 3856 729 3919 ἐναντίαις
768 3855 1030 3926 δυνάμεσι
1062 3853 1152 3907 διὰ
1194 3854 1301 3927 τῆς
1344 3854 1598 3925 νηστείας
1642 3855 1734 3907 καὶ

145 3946 500 4017 ἐγκρατείας.

218 4036 306 4090 44.
338 4035 472 4090 Οὔτε
501 4035 903 4107 προσηγόρευον
948 4035 1073 4098 τοὺς
1105 4033 1335 4107 ἐχθροὺς
1360 4035 1459 4105 τῆς
1493 4033 1731 4097 πίστεώς

145 4146 266 4182 σου.

218 4222 309 4277 45.
341 4221 527 4285 Οὕτως
560 4221 958 4291 ἐϐδελυσσόμην
991 4221 1188 4284 αὐτοὺς
1210 4260 1225 4285 ,
1261 4221 1338 4285 ὡς
1376 4220 1729 4292 ἐπισυστῆναι

142 4316 345 4379 αὐτοὺς
373 4313 490 4384 ἃμα
518 4315 602 4366 ἐπ’
636 4313 757 4384 ἐμὲ,
787 4314 867 4376 εἰς
901 4312 961 4366 τὸ
995 4312 1254 4381 φονεῦσαί
1286 4330 1376 4385 με.

213 4407 304 4462 46.
359 4406 680 4476 Ἑπίσκεψαι
723 4405 821 4476 τὴν
866 4404 1091 4476 καρδίαν
1141 4422 1265 4475 μου,
1314 4405 1411 4460 καὶ
1454 4405 1727 4479 πρόσχες,

141 4501 190 4553 εἰ
224 4499 301 4568 (ὅ)
333 4500 413 4561 εἰς
441 4497 617 4551 πάντα
644 4496 903 4550 ἐπακούει
928 4513 1043 4549 σου.

211 4590 299 4644 47.
349 4591 662 4661 Ἀνάκρινον
684 4589 782 4661 τὴν
811 4590 1038 4662 καρδίαν
1068 4607 1191 4663 μου,
1216 4590 1312 4645 καὶ
1344 4590 1607 4660 ἐπίγνωθι
1629 4590 1728 4654 τὰς

149 4682 471 4753 ἐνθυμήσεις
503 4699 627 4753 μου.

214 4775 302 4829 48.
352 4776 461 4828 Καὶ
499 4774 593 4829 ἐὰν
638 4774 807 4848 εὕρῃς
854 4776 913 4828 ἐν
955 4778 1080 4846 ἐμοὶ
1123 4774 1422 4846 ἐπιθυμίαν
1456 4775 1726 4847 πονηρὰν,

144 4867 478 4937 φυγάδευσον
505 4866 672 4938 αὐτὴν
698 4870 764 4938 τῇ
796 4868 977 4939 χάριτί
1015 4885 1130 4922 σου.

213 4959 301 5016 49.
330 4959 439 5013 Καὶ
465 4960 731 5031 ὁδήγησόν
759 4978 827 5031 με
860 4962 917 5014 ἐν
942 4964 1011 5033 τῇ
1060 4960 1262 5033 αἰωνίῳ
1286 4960 1362 5031 (4)
1390 4960 1523 5031 ζωῇ.

1845 3404 1975 3458 tate,
2000 3409 2191 3447 rursus
2217 3393 2360 3446 enim
2389 3395 2774 3444 convertentur
2798 3356 2961 3439 ad'te.

1912 3486 2001 3540 42.
2054 3484 2167 3553 Ego
2212 3492 2391 3537 autem
2428 3495 2619 3535 omnes
2647 3480 2997 3534 adversantes
3026 3472 3243 3531 veritati
3289 3480 3417 3537 tum,

1843 3578 2094 3639 Domine,
2129 3577 2369 3630 oderam.

1913 3669 2001 3721 45.
2048 3667 2116 3719 Et
2148 3682 2308 3735 super
2351 3664 2725 3719 inobedientcs
2774 3662 2869 3717 tibi
2917 3659 3258 3715 tabescebam
3308 3672 3419 3727 prae

1842 3761 1978 3814 zelo.
2021 3758 2196 3812 Aliter
2246 3767 2427 3811 autem
2480 3757 2799 3825 intelligitur
2846 3756 2948 3809 iste
2993 3753 3301 3807 versiculus
3360 3752 3417 3805 in

1842 3854 1989 3908 hunc
2034 3850 2259 3905 modum
2301 3862 2355 3904 et
2404 3866 2568 3920 super
2619 3850 2922 3905 contrarias
2954 3857 3250 3918 potestates
3276 3846 3418 3917 jeju-

1841 3945 1934 3999 nio
1958 3952 2012 3998 et
2037 3942 2371 3998 continentia
2400 3943 2768 3998 tabescebam.

1908 4034 1999 4089 44.
2024 4033 2210 4090 Neaue
2238 4033 2544 4089 salutabam
2578 4032 2833 4087 inimicos
2866 4032 2990 4086 [laet
3025 4038 3148 4085 tuae.

1840 4222 1858 4270 1'-
1908 4220 1998 4274 45.
2030 4217 2106 4271 Ita
2136 4231 2232 4271 eos
2265 4214 2612 4271 abominatus
2643 4228 2787 4279 sum,
2812 4220 2871 4266 ut
2899 4209 3063 4267 simul
3092 4208 3195 4280 ipsi
3228 4209 3415 4264 consi-

1838 4320 2045 4367 sterent
2069 4312 2123 4363 in
2157 4324 2265 4373 me,
2293 4317 2352 4362 ut
2380 4322 2466 4361 me
2495 4305 2825 4361 occiderent.

1908 4405 1998 4460 46.
2036 4402 2210 4458 Visita
2236 4417 2330 4456 cor
2354 4414 2561 4463 meum,
2603 4405 2658 4452 et
2704 4395 2941 4459 attende,
2987 4396 3034 4449 si
3062 4395 3119 4448 in
3158 4391 3416 4448 omnibus

1835 4497 1932 4552 tibi
1962 4497 2315 4563 obtemperet.

1911 4589 2002 4644 47.
2031 4586 2277 4657 Dijudica
2321 4599 2416 4640 cor
2454 4597 2662 4648 meum,
2695 4589 2751 4637 et
2790 4594 3026 4651 agnosce
3054 4577 3418 4651 cogitationes

1760 4691 1803 4745 Ι)
1833 4698 2004 4739 meas.

1906 4774 1997 4829 48.
2033 4773 2098 4828 Ει
2129 4772 2175 4827 si
2206 4768 2481 4825 inveneris
2508 4767 2563 4821 in
2588 4780 2676 4821 me
2706 4758 3180 4836 conCupiscentias
3214 4779 3414 4830 ma.as,

1834 4869 1970 4939 ejice
1998 4882 2112 4933 eas,
2145 4864 2317 4935 gratia
2350 4871 2463 4916 tua.

1902 4960 1992 5015 49.
2025 4957 2091 5012 Ει
2121 4957 2298 5013 deduc
2326 4970 2415 5009 me
2448 4955 2504 5010 in
2536 4952 2703 5008 vitam
2737 4958 3021 5013 aeternam.

1103 5136 1417 5199 Addenda
1452 5140 1514 5198 et
1545 5134 1921 5214 corrigenda
1955 5151 2036 5195 ex
2081 5133 2225 5195 cod.
2256 5132 2457 5196 Vatic.

213 5329 293 5471 gl)
323 5330 699 5403 Πολεμοῦντές
732 5346 820 5401 με.
998 5374 1011 5393 ,

239 5401 295 5471 2)
334 5401 641 5455 Ἀπειθοῦσι
693 5404 807 5462 τοῖς
835 5468 845 5471 _
876 5413 1011 5471 προσ

239 5393 295 5471 2)
334 5393 641 5455 Ἀπεὶθοῦσι
679 5393 807 5462 ’τοῖς
835 5468 845 5471 _
876 5395 1258 5471 προστάγμασι
1326 5410 1422 5449 σου
1443 5393 1725 5471 ⁸ἐξεστηκό-

143 5464 285 5545 pip),
307 5480 440 5539 etc.,
468 5472 526 5527 δὲ
557 5472 775 5545 νοητέον
800 5468 893 5524 τὸν
923 5464 1083 5522 αὑτὸν
1118 5464 1328 5539 στίχον·
1360 5464 1476 5533 καί,
1510 5474 1615 5522 etc.

1905 5322 1983 5393 (5)
2008 5323 2125 5377 Ἵνα
2152 5324 2253 5386 είς,
2283 5331 2392 5380 etc.

1900 5395 1978 5469 (4)
2006 5394 2232 5465 Αίωνία,
2266 5403 2374 5449 etc.
