3860 6220
389 345 532 401 1287
1270 331 1327 385 S.
1370 323 1741 383 ATllANASll
1782 321 1934 379 OI‘P.
1980 322 2162 378 PARS
2202 319 2291 375 lli.
2332 348 2401 359 —
2441 314 2855 372 EXEGETICA.
3536 311 3695 367 1283

482 462 552 519 ιη
573 463 730 532 ﬁnem
752 477 769 513 :
794 457 1039 513 Psalmus
1070 454 1253 511 David.
1291 450 1493 506 PSAL.
1532 447 1853 503 CXXXIX.
1997 485 2006 508 λ

2132 446 2237 509 Εἰς
2267 441 2333 495 τὸ
2360 440 2538 505 τέλος
2572 438 2817 509 ψαλμὸς
2844 435 2924 499 τῷ
2953 435 3149 487 Δαϐἰδ.
3195 436 3369 487 ΨΑΛ.
3405 433 3594 486 PAO.

455 554 507 610 1.
541 553 703 622 Eripe
734 566 841 616 me,
878 548 1125 611 Domine,
1157 548 1224 600 ab
1260 544 1485 599 homine
1515 542 1660 595 malo
1694 562 1705 597 :

2148 537 2197 590 1.
2229 535 2441 601 Ἐξελοῦ
2473 552 2560 605 με,
2594 531 2788 602 Κύριε,
2826 529 2885 594 ἐξ
2913 527 3201 598 ἀνθρώπου
3236 524 3510 596 πονηροῦ·

455 647 510 702 2.
540 646 580 699 Α
611 620 729 699 viro
757 644 944 713 iniquo
968 642 1117 710 eripe
1154 654 1260 693 me.

2143 628 2198 680 2.
2230 628 2361 679 Ἀπὸ
2396 625 2595 696 ἀνδρὸς
2629 623 2815 676 ἀδίκου
2852 620 3015 691 ῥῦσαί
3047 636 3132 690 με.

456 739 511 795 '5.
543 738 646 803 Qui
670 708 1393 805 cogita-verunt—iniquitates
1436 730 1488 782 in
1525 729 1725 782 corde:

2144 718 2197 770 '5.
2244 716 2455 778 Οἵτινες
2490 713 2805 782 ἐλογίσαντο
2837 711 3053 765 ἀδικίαν
3080 712 3135 762 ὲν
3164 708 3396 779 καρδία-

456 832 509 885 4.
548 831 682 885 Tota
713 829 798 883 die
829 826 1233 881 constituebant
1268 823 1475 892 prmlia.

2145 804 2384 875 4.⁰Ὀλην
2407 803 2504 874 τὴν
2538 803 2753 872 ἡμέραν
2780 799 3184 870 παρετάσσοντο
3217 795 3513 865 πολέμους.

459 925 511 980 5.
549 924 827 977 Acuerunt
863 921 1074 989 linguas
1098 932 1227 973 suas
1272 916 1411 969 sicut
1438 913 1706 981 serpentis
1735 930 1748 964 :

2149 897 2201 951 5.
2229 897 2534 966 Ἦκὸνησαν
2559 894 2813 964 γλῶσσαν
2834 891 3015 945 αὐτῶν
3039 890 3172 942 ὡσεὶ
3202 889 3378 957 ὄφεως
3396 904 3411 919 ·

457 1016 510 1071 6.
542 1014 822 1069 Venenum
860 1012 1110 1082 aspidum
1140 1010 1241 1065 sub
1271 1008 1431 1061 labiis
1460 1021 1676 1060 eorum.

2149 989 2204 1041 6.
2232 988 2331 1050 Ίδς
2360 988 2601 1041 ἀσπίδων
2628 987 2733 1039 ὑπὸ
2752 986 2821 1039 τὰ
2851 986 3002 1056 χείλη
3029 980 3228 1036 αὐτῶν.

460 1108 510 1161 7.
540 1106 765 1162 Custodi
793 1121 906 1168 me,
945 1104 1173 1158 Domine
1192 1144 1206 1167 ,
1234 1101 1299 1155 de
1328 1114 1490 1152 manu
1524 1098 1827 1167 peccatoris

2150 1081 2201 1134 7.
2240 1078 2480 1145 Φύλαξόν
2512 1096 2603 1150 με,
2634 1078 2831 1149 Κύριε,
2858 1080 2922 1130 ἐκ
2954 1076 3135 1148 χειρὸς
3162 1072 3522 1144 ἀμαρτωλοῦ-

458 1200 511 1254 8.
550 1202 629 1253 Ab
653 1199 966 1253 hominibus
1002 1195 1203 1265 iniquis
1226 1192 1376 1260 eripe
1406 1207 1529 1245 me:

2144 1174 2197 1231 8.
2224 1174 2358 1226 Ἀπὸ
2383 1172 2685 1245 ἀνθρώπων
2713 1172 2915 1225 ἀδίκων
2946 1168 3133 1237 ἐξελοῦ
3168 1184 3265 1238 με’

458 1295 511 1347 9.
553 1291 655 1359 Qui
680 1292 1057 1361 cositaverunt
1080 1287 1429 1357 supplantare
1461 1298 1685 1353 gressus
1720 1296 1894 1335 meos.

2176 1294 2200 1336 ι.
2243 1282 2453 1345 Οἴτινες
2478 1281 2847 1352 διελογίσαντο
2870 1278 2966 1332 τοῦ
2990 1280 3062 1349 (a‘,
3086 1275 3444 1330 ύποσκελίσαι
3468 1273 3541 1326 τά
3572 1273 3700 1325 δια-

2079 1374 2145 1445 δή
2156 1372 2301 1444 ματά
2330 1390 2453 1442 μου.

460 1470 545 1524 10.
582 1469 995 1524 Abscondcrunt
1026 1466 1245 1536 superbi
1280 1466 1534 1534 laqueum
1569 1464 1725 1517 mihi.

2155 1466 2241 1518 10.
2265 1464 2549 1535 Ἐκρυψαν
2576 1464 2917 1533 ὑπερήφανοι
2954 1462 3161 1530 παγίδα
3194 1478 3313 1530 μοι·

466 1563 553 1615 11.
586 1559 1525 1628 Etfunilmsextendcruntlaqueum
1552 1557 1783 1625 pedibus
1806 1556 1970 1610 meis:

2170 1555 2250 1608 11.
2293 1556 2403 1608 Καὶ
2435 1556 2690 1625 σχοινίοις
2718 1556 2979 1608 διέτειναν
3008 1555 3209 1622 παγίδα
3241 1557 3352 1616 τοῖς
3384 1554 3513 1607 ποσί
3542 1570 3647 1624 μου
3675 1570 3694 1583 ·

466 1653 550 1705 19..
584 1650 743 1705 Juxta
772 1652 873 1705 iter
902 1650 1155 1705 scandala
1202 1658 1504 1719 posuerunt
1536 1646 1689 1700 mihi.

2158 1646 2244 1700 12.
2274 1647 2538 1717 Ἐχόμενα
2562 1646 2750 1718 τρίϐου
2785 1648 3055 1701 σκάνδαλα
3088 1646 3270 1699 ἕθεντό
3308 1664 3416 1716 μοι.

469 1770 542 1837 (a)
578 1767 728 1823 Vcrs.
760 1769 811 1820 3.
850 1766 1061 1831 Omnes,
1088 1775 1191 1819 etc.
1219 1767 1248 1834 ᾗ
1276 1765 1330 1819 4.
1358 1764 1484 1831 Qui,
1516 1772 1648 1827 etc.,
1681 1771 1729 1817 ct
1762 1760 1841 1816 sic
1869 1760 2150 1829 deinceps,
2180 1759 2233 1813 h.
2261 1776 2307 1814 e.
2339 1774 2485 1813 vers.
2528 1759 2582 1812 in
2615 1759 2737 1813 cod.
2766 1756 2887 1813 Vat.
2916 1768 3042 1813 sunt
3071 1774 3126 1812 n.
3153 1758 3207 1812 8.

1517 1923 1893 1979 ATIIANXSII
1955 1923 2555 1981 INTERPRETATIO.

474 2085 537 2140 Ἦ
570 2085 908 2156 προκειμένη
937 2082 1218 2155 ἐπιγραφὴ
1246 2082 1488 2153 περιέχει
1518 2081 1616 2151 (1)·
1648 2084 1753 2147 Εἰς
1782 2081 1848 2134 τὸ
1880 2081 2055 2147 τέλος
2084 2082 2164 2147 τῷ
2191 2082 2372 2135 Δαϐὶδ
2402 2081 2667 2151 ψαλμὸς,
2704 2082 2842 2152 ὅπερ
2877 2083 3241 2154 ἑρμηνεύεται
3283 2080 3412 2152 περὶ
3450 2080 3559 2133 τῶν
3602 2082 3702 2134 ἐπὶ.

397 2178 675 2248 συντελείᾳ.
708 2176 817 2228 τῶν
847 2174 1058 2227 αἰώνων
1091 2173 1391 2243 μελλόντων
1436 2171 1653 2224 ἔσεσθαι
1704 2174 1818 2235 τοῖς
1862 2172 2284 2244 ἀνθισταμένοις
2318 2176 2385 2245 τῇ
2422 2172 2673 2244 ἀληθείᾳ,
2706 2174 2801 2227 καὶ
2827 2176 2955 2246 περὶ
2981 2176 3081 2245 τῆς
3112 2174 3535 2247 μισθαποδοσίας
3586 2174 3701 2226 τῶν

397 2276 565 2344 ἁγίων
614 2274 827 2346 εἴρηται
870 2271 1086 2341 ψαλμὸς
1128 2269 1209 2335 τῷ
1258 2267 1443 2333 ἱκανῷ
1477 2266 1552 2336 τῇ
1590 2268 1760 2337 χειρὶ,
1787 2269 2070 2322 τουτέστιν
2098 2268 2176 2339 τῷ
2207 2268 2324 2341 mp
2345 2268 2442 2322 τοῦ
2469 2268 2606 2322 Θεοῦ
2628 2287 2641 2299 ·
2668 2271 2828 2323 τοῦτο
2851 2272 2960 2342 γάρ
2996 2270 3360 2343 ἑρμηνεύεται
3390 2269 3593 2335 Δαόὶδ,
3621 2271 3701 2327 ὡς

398 2369 660 2431 πολλάκις
693 2368 1017 2438 εἰρήκαμεν.

477 2487 693 2541 Titulus
729 2484 1058 2555 praepositus
1093 2482 1335 2537 continet
1367 2500 1378 2535 :
1419 2480 1485 2535 In
1516 2482 1673 2551 ﬁnem
1695 2482 1937 2551 psalmus
1969 2482 2167 2551 David,
2202 2486 2348 2554 quod
2379 2485 2771 2553 interpretatur
2842 2486 2910 2541 de
2971 2486 3057 2547 iis,
3088 2501 3211 2555 quae
3230 2466 3294 2538 in
3328 2485 3436 2539 ﬁne
3462 2485 3702 2539 saaculo-

395 2597 522 2635 rum
557 2579 740 2633 futura
770 2586 901 2631 sunt
933 2576 1066 2639 illis,
1102 2575 1198 2643 qui
1231 2575 1500 2629 resistunt
1532 2577 1770 2641 veritati,
1798 2586 1851 2631 et
1885 2578 1951 2632 de
1976 2578 2339 2634 retributione
2374 2587 2727 2635 sanctorum:
2760 2580 2939 2635 dictus
2969 2588 3053 2635 est
3082 2580 3326 2650 psalmus
3356 2595 3517 2631 manu
3541 2578 3703 2645 forti,

399 2674 504 2728 hoc
532 2682 615 2727 est
645 2672 739 2726 Dei
774 2670 931 2736 Filio,
961 2672 1035 2725 ita
1065 2672 1212 2725 cnim
1245 2671 1635 2741 interpretatur
1668 2669 1858 2735 David,
1884 2680 1946 2727 ut
1970 2671 2179 2743 pluries
2204 2672 2467 2729 diximus.

471 2831 523 2884 1.
562 2828 755 2883 Libera
790 2844 909 2893 me,
942 2827 1205 2895 Domine,
1238 2828 1307 2882 ab
1336 2828 1427 2893 iis,
1463 2830 1559 2898 qui
1594 2832 1831 2900 speciem
1860 2832 1987 2901 qui-

2182 2833 2216 2889 l.
2258 2833 2549 2905 Λύτρωσαί
2574 2851 2663 2904 με,
2693 2832 2889 2901 Κύριε,
2916 2834 2980 2885 ἐκ
3002 2831 3111 2885 τῶν
3143 2830 3377 2902 ἐχόντων
3411 2830 3706 2901 μόρφωσιν

400 2924 520 2978 dem
555 2923 755 2976 habent
782 2922 1024 2991 pietatis,
1043 2922 1162 2991 ejus
1186 2930 1373 2976 autem
1402 2921 1677 2992 denegant
1699 2923 1924 2979 virtute:

2140 2923 2196 2978 ἐν
2222 2926 2525 2989 εὐσεϐείας,
2558 2924 2656 2996 τὴν
2681 2924 2737 2976 δὲ
2764 2924 2993 2994 δύναμιν
3022 2922 3193 2992 αὐτῆς
3218 2920 3520 2992 ἠρνημένοι
3555 2921 3660 2989 (2).

472 3016 525 3069 2.
564 3016 645 3071 Ab
672 3015 822 3069 omni
859 3014 1010 3077 viro,
1046 3015 1144 3085 qui
1189 3024 1438 3072 armatus
1485 3021 1570 3071 est
1616 3023 1810 3103 contra
1842 3017 1991 3073 veri-

2180 3018 2219 3072 2.
2242 3019 2376 3071 Ἀπὸ
2407 3019 2608 3082 παντὸς
2636 3018 2995 3088 όπλιξομένου
3015 3016 3156 3070 κατὰ
3183 3015 3283 3078 τῆς
3307 3013 3571 3085 ἀληθείας
3596 3015 3704 3085 (5)°

402 3120 591 3165 tatem.

477 3203 529 3256 '5.
564 3202 667 3268 Qui
694 3200 1103 3255 simulationem
1134 3200 1338 3254 habent
1367 3200 1421 3254 in
1452 3216 1512 3256 se
1543 3200 1701 3272 ipsis.

2169 3201 2220 3253 5.
2265 3198 2475 3262 Οἶτινες
2493 3198 2592 3269 τὴν
2619 3197 2909 3268 ὑπόκρισιν
2944 3196 3159 3266 ἔχουσιν
3186 3197 3242 3249 ἐν
3274 3197 3511 3259 ἑαυτοῖς.

479 3294 529 3347 ι.
571 3292 797 3361 Semper
828 3290 1012 3346 festini
1037 3300 1166 3345 sunt
1187 3291 1253 3345 ad
1287 3290 1620 3346 fundendum
1641 3294 1988 3364 sanguinem.

2170 3293 2222 3347 4.
2244 3292 2630 3354 Ἀδιαλείπτως
2657 3290 2868 3359 ταχινοί
2897 3291 3003 3341 εἰσι
3029 3288 3122 3341 τοῦ
3147 3288 3335 3357 ἐκχέαι
3367 3282 3531 3355 αἷμα.

481 3385 532 3441 5.
572 3384 857 3452 Decipiunt
910 3382 1071 3436 bonis
1128 3382 1184 3436 in
1239 3383 1475 3451 speciem
1511 3386 1885 3453 sermonibus,
1938 3397 1993 3441 et

2182 3387 2223 3440 5.
2263 3384 2361 3439 Διά
2395 3385 2493 3456 τῆς
2518 3383 2910 3454 χρηστολογίας
2939 3382 3035 3435 καὶ⁹
3055 3381 3303 3449 εὐλογίας
3326 3380 3579 3434 ἀπατῶσι
3602 3379 3706 3445 τὰς

342 3540 345 3543 _
406 3479 547 3533 fictis
592 3474 841 3529 laudibus
880 3474 1096 3528 animas
1141 3474 1495 3543 simplicium,
1529 3478 1866 3548 quemadmoi

2182 3478 2277 3547 κάς
2306 3484 2414 3529 τῶν
2438 3476 2683 3538 ἀκάκων,
2719 3474 2909 3545 ὥσπερ
2943 3477 2973 3527 ὁ
3002 3474 3125 3543 ὄφις
3154 3473 3242 3525 διὰ
3273 3472 3384 3525 τῶν
3405 3474 3580 3541 λόγων
3602 3474 3706 3524 αὐτ

408 3583 633 3638 serpens
662 3564 1008 3621 sermonibus
1042 3564 1157 3619 suis
1174 3564 1342 3618 Evam
1372 3566 1607 3637 decepit.

1238 3581 1342 3618 iam
1372 3566 1607 3637 decepit.
2100 3569 2195 3623 τοῦ
2224 3568 2367 3622 Εὔαν
2399 3568 2762 3640 ἐξηπάτησεν.

481 3660 534 3715 ϐ.
561 3658 817 3714 Doctrina
848 3672 1036 3713 eorum
1063 3698 1078 3722 ,
1126 3667 1180 3714 et
1224 3659 1526 3716 admonitio
1570 3661 1858 3718 mortifera
1890 3675 1993 3731 est,

2182 3664 2226 3717 li.
2255 3664 2321 3715 'H
2360 3663 2682 3716 διδασκαλία
2708 3661 2889 3714 αὐτῶν
2916 3661 3011 3714 καὶ
3041 3663 3073 3730 ἡ
3104 3658 3355 3711 νουθεσία
3389 3657 3706 3727 θανατηφό-

408 3752 574 3809 veluti
613 3767 879 3807 venenum
910 3751 1138 3821 aspidis.

2104 3775 2197 3829 ρος
2230 3756 2510 3825 τυγχάνει,
2548 3755 2624 3818 ὡς
2656 3757 2683 3806 ό
2718 3754 2795 3817 to;
2825 3753 2927 3823 τῆς
2956 3753 3200 3815 ἀσπίδος.

482 3846 533 3899 7.
566 3844 649 3898 Ab
684 3843 999 3913 huiusmodi
1038 3844 1356 3898 hominibus
1385 3845 1602 3899 custodi
1640 3860 1762 3910 me,
1808 3844 1997 3901 Domi—

2183 3850 2226 3903 7.
2254 3848 2495 3914 Φύλαξόν
2534 3864 2621 3917 με,
2662 3845 2859 3915 Κύριε,
2888 3846 2952 3896 ἐκ
2978 3843 3086 3896 τῶν
3122 3843 3400 3905 τοιούτων,
3453 3842 3538 3893 ὅτι
3582 3841 3707 3910 χεὶρ

409 3954 497 4001 ne,
527 3938 786 4008 quoniam
822 3951 1017 3991 manus
1048 3936 1251 3992 diaboli
1295 3946 1443 3992 sunt.

1340 3946 1443 3991 mt.
2104 3940 2197 3994 τοῦ
2233 3941 2480 3994 διαϐόλου
2510 3939 2864 4009 ὑπάρχουσιν.

484 4028 538 4083 8.
573 4029 730 4098 Eripe
753 4041 839 4081 me
870 4027 937 4080 ab
969 4028 1286 4084 hominibus
1313 4030 1684 4087 detinentibus
1710 4032 1998 4103 veritatem

2183 4037 2230 4089 Β.
2271 4034 2407 4085 Ἀπὸ
2446 4030 2749 4103 ἀνθρώπων
2800 4028 2909 4082 τῶν
2961 4028 3062 4100 τὴν
3093 4025 3353 4091 ἀλήθειαν
3414 4028 3473 4078 ἐν
3520 4025 3707 4093 ἀδικία

412 4122 466 4177 in
496 4122 765 4192 iniustitia
788 4122 830 4176 ‘.

2108 4127 2445 4197 κατεχόντων
2480 4123 2661 4191 ἐξελοῦ
2690 4140 2776 4193 με.

482 4214 534 4270 9.
572 4214 675 4280 Qui
715 4214 959 4267 meditati
997 4222 1125 4267 sunt
1170 4214 1561 4281 persuasibiles
1604 4231 1888 4272 sermones
1932 4217 1999 4272 ad

2183 4221 2232 4276 9.
2267 4220 2475 4283 Οἶτινες
2521 4218 2816 4287 ἐσκέχαντο
2862 4214 2938 4285 (1)
2986 4212 3353 4282 πιθανότητας
3384 4211 3564 4279 λόγων
3596 4210 3707 4262 ἀπὸ

414 4306 786 4361 deducendum
824 4322 909 4359 me
941 4322 969 4359 a
996 4304 1201 4359 Christi
1228 4306 1351 4360 lide.

2103 4316 2198 4371 τοῦ
2227 4315 2565 4383 καταγαγεῖν
2591 4329 2656 4383 με
2684 4310 2792 4363 ἀπὸ
2823 4310 2923 4380 τῆς
2963 4310 3042 4371 είς
3074 4307 3306 4378 Χριστὸν
3340 4306 3599 4369 πίστεως.

489 4398 575 4451 10.
613 4398 1096 4469 Congregaverunt
1142 4400 1247 4452 sibi
1291 4398 1446 4467 ipsis,
1502 4400 1595 4467 qui
1644 4398 1738 4455 Dei
1788 4402 2007 4456 veritati

2184 4404 2269 4460 10.
2303 4406 2616 4473 Συνήγαγον
2646 4400 2873 4461 ἑαυτοὺς
2897 4396 3158 4468 [ἑαυτοῖς]
3189 4395 3267 4467 (5)
3294 4396 3343 4448 οἱ
3376 4398 3443 4466 τῇ
3475 4395 3706 4466 ἀληθεία

415 4491 699 4555 resistunt,
737 4505 1020 4545 sermones
1077 4490 1347 4561 quosdam
1407 4492 1710 4560 captiosos,
1761 4492 1939 4547 volent

2184 4498 2201 4550 5
2234 4497 2367 4550 Θεοῦ
2398 4493 2778 4564 ἀνθιστάμενοι
2826 4491 3017 4559 λόγους
3044 4489 3198 4553 τινάς
3236 4488 3575 4561 ζητημάτων
3603 4505 3708 4541 πα-

418 4598 506 4636 me
542 4583 861 4651 illaqueare.

2111 4586 2355 4657 γιδεῦσαί
2383 4602 2449 4656 με
2482 4584 2744 4645 θέλοντες.

493 4672 579 4726 11.
620 4670 686 4726 Et
712 4687 886 4727 nexus
918 4672 1189 4741 quosdam
1240 4687 1469 4737 eorum,
1513 4674 1607 4742 qui
1660 4674 1712 4728 in
1757 4690 2012 4731 sermone

2194 4680 2280 4733 11.
2309 4680 2419 4733 Kal.
2450 4677 2654 4740 πλοκάς
2682 4692 2833 4737 τινας
2870 4676 2945 4743 (6)
2976 4674 3084 4727 τῶν
3122 4674 3578 4745 διεστραμμένων
3608 4674 3705 4727 αύ-

421 4779 523 4817 suo
560 4763 795 4832 perversi
824 4772 972 4827 sunt,
1008 4763 1075 4817 ad
1100 4762 1675 4832 comprehendendum
1716 4781 1803 4821 me
1835 4776 1941 4822 tete

2114 4770 2223 4824 τῶν
2249 4768 2418 4839 λόγων
2452 4767 2803 4840 προσέτεινάν
2835 4783 2922 4837 μοι
2955 4768 3047 4819 ἐπὶ
3076 4765 3135 4819 τὸ
3164 4765 3425 4819 λαϐέσθαί
3454 4782 3579 4835 μου.

421 4857 619 4908 derunt
640 4854 799 4908 mihi.

497 4947 583 5000 12.
620 4936 1045 5017 Et'qurestiones
1092 4946 1359 5019 quasdam
1400 4949 1631 5015 noxias,
1690 4958 1745 5004 et
1789 4951 2013 5005 inutiles

2186 4952 2272 5004 12.
2328 4951 2437 5004 Καὶ
2485 4950 2742 5021 ζητήσεις
2786 4948 2937 5012 τινὰς
2974 4948 3240 5021 βλαϐερὰς
3272 4948 3369 5001 καὶ
3408 4947 3705 5016 ἀνωφελεῖς

425 5040 729 5109 iniecerunt
754 5040 909 5094 mihi.

2118 5042 2513 5113 προσεϐάλοντό
2543 5042 2617 5110 (7)
2656 5059 2763 5111 μοι.

496 5203 514 5233 ⁸
542 5201 698 5257 Rom.
727 5221 742 5258 ι
792 5204 879 5257 18.

1387 5365 1693 5427 Addenda
1743 5374 1805 5427 et
1836 5363 2217 5442 corrigenda
2265 5380 2344 5421 ex
2377 5360 2745 5421 cod.Vatic.
2848 5342 2866 5361 ’

531 5534 581 5607 1)
600 5535 670 5607 ᾘ
692 5534 782 5587 διά
805 5536 905 5605 τῆς
930 5535 1299 5607 κινναϐάρεως
1325 5554 1586 5607 περιεχει,
1629 5545 1735 5589 etc.

1260 5554 1299 5600 »ς
1325 5554 1586 5607 περιεχει,
1629 5545 1735 5589 etc.
2194 5538 2269 5603 (Pi)
2293 5538 2383 5589 Ἐν
2416 5538 2650 5601 ἑαυτοις,
2681 5543 2784 5591 etc.

525 5600 1007 5686 :IprVZH-ﬁﬁw‘ﬁ-
1094 5678 1105 5686 Ι
1163 5600 1174 5607 ’
1398 5600 1409 5607 ’
1484 5600 1515 5607 η
1575 5600 1581 5603 7
2311 5608 2472 5686 ξΓινὰς
2499 5607 2944 5686 διεστραμμένων
2974 5608 3151 5663 αὐτῶν
3174 5608 3349 5674 λόγων
3388 5600 3706 5674 προέτεινάν

602 5675 907 5749 Ἀληθείας,
947 5677 1105 5749 ῥῦσαί
1137 5695 1221 5747 με.
1266 5748 1269 5749 7
1519 5748 1525 5749 7
1566 5748 1571 5749 7
2127 5675 2215 5749 μοι
2242 5678 2333 5749 ἐπὶ
2360 5679 2419 5729 τὸ
2447 5676 2704 5749 λαθέσθαι
2728 5675 2847 5746 μοι.

398 5806 403 5817 ι
508 5744 579 5813 (4)
602 5744 929 5813 Ἐψεύσαντο
947 5744 1311 5810 πιθανότητας
1338 5765 1488 5811 τινας
1517 5748 1709 5815 λόγων,
1748 5754 1850 5803 etc.
2128 5744 2138 5749 ’
2195 5748 2269 5818 (7)
2310 5747 2677 5820 Προεὸἀλοντό
2714 5744 2823 5818 μοι.
