3860 6220
260 335 402 393 1295
1170 324 1258 381 DE
1297 321 1572 382 TlTULlS
1608 318 2056 378 PSALMORUM.
2079 352 2151 362 —
2185 320 2382 379 PSAL.
2422 324 2580 382 CXL.
3349 332 3488 393 1294,

330 460 384 510 9.
414 454 520 509 Τοῦ
550 449 979 525 προφασίζεσθαι
1006 445 1304 519 προφάσεις
1337 446 1394 498 ἐν
1415 442 1727 515 ἁμαρτίαις,

1859 441 1908 497 Α
2002 440 2054 495 9.
2092 440 2172 494 Ad
2205 442 2544 497 excusandas
2572 437 2949 502 excusationes
2972 445 3026 502 in
3054 450 3312 518 peccatis,

331 548 419 601 10.
451 547 554 600 Σὺν
577 544 882 615 ἀνθρώποις
910 540 1293 612 ἐργαζομένοις
1314 537 1412 605 τὴν
1446 530 1672 605 ἀνομίαν
1691 548 1706 564 ο

2000 531 2087 586 10.
2120 532 2256 585 Cum
2286 532 2599 587 hominibus
2630 540 2982 603 operantibus
3010 539 3391 610 iniquitatem:

334 642 420 695 11.
444 642 551 693 Καὶ
571 639 630 690 οὑ
662 636 734 707 μὴ
762 634 1038 687 συνδυάσω
1057 630 1194 702 μετά
1208 629 1315 682 τῶν
1334 626 1604 681 ἐκλεκτῶν
1628 621 1826 678 αὑτῶν.

1999 623 2087 676 11.
2122 622 2187 676 Ει
2223 639 2332 677 non
2362 626 2774 681 communicabo
2801 642 2923 682 cum
2945 629 3129 686 electis
3155 646 3363 687 eorum.

329 732 418 785 12.
451 723 734 783 Παιδεύσει
772 742 837 795 με
874 723 1079 784 δίκαιος
1102 724 1158 774 ἐν
1191 720 1349 782 ἐλέει,
1377 718 1468 772 καὶ
1490 716 1695 784 ἐλέγξει
1728 728 1825 785 με·

1999 714 2086 767 12.
2122 714 2391 784 Corripiet
2418 731 2504 771 me
2522 716 2703 786 justus
2734 719 2790 774 in
2817 721 3212 791 misericordia,
3240 735 3292 780 et
3311 725 3489 782 incre-

1928 804 2078 872 pabit
2103 820 2189 859 me
2215 825 2229 859 :

331 905 418 960 15.
458 904 675 957 Ἔλαιον
701 901 758 954 δὲ
793 896 1115 971 ἀμαρτωλοῦ
1153 896 1229 968 μὴ
1271 895 1551 949 λιπανάτω
1590 890 1688 961 τὴν
1738 908 1829 943 κε-

2003 894 2089 948 15.
2117 895 2307 951 Oleum
2332 907 2511 954 autem
2536 902 2838 971 peccatoris
2862 918 2970 958 non
2996 904 3295 977 impinguet
3326 916 3491 977 caput

256 999 432 1068 φαλήν
466 1015 566 1066 μου
587 1013 600 1025 ⁸

1928 1000 2107 1040 meum
2135 1004 2149 1042 2

332 1086 421 1141 14.
453 1085 575 1138 Ὀτι
607 1082 688 1136 ἔτι
712 1082 807 1135 καὶ
835 1081 868 1153 ἡ
897 1078 1170 1152 προσευχὴ
1205 1093 1303 1147 μου
1331 1077 1389 1127 ἐν
1416 1076 1535 1136 ταῖς
1565 1070 1830 1133 εὐδοκίαις

1996 1076 2082 1130 11.
2115 1075 2381 1143 Quoniam
2416 1081 2592 1139 adhuc
2623 1092 2677 1140 et
2702 1086 2878 1141 oratio
2908 1101 3028 1143 mea
3056 1088 3111 1142 in
3137 1088 3489 1160 beneplacitis

256 1178 459 1231 αὑτῶν.

1928 1181 2138 1221 eorum.

330 1269 417 1323 15.
446 1266 837 1337 Κατεπόθησαν
861 1263 1094 1333 ἐχόμενα
1122 1259 1326 1329 πέτρας
1345 1260 1392 1311 οἱ
1423 1256 1604 1328 κριταὶ
1629 1255 1824 1308 αὐτῶν·

2002 1257 2090 1313 15.
2127 1256 2381 1328 Absorpti
2418 1272 2545 1316 sunt
2569 1262 2741 1333 juncti
2764 1272 2931 1333 petrae
2955 1266 3167 1336 judices
3206 1286 3395 1327 eorum
3428 1289 3442 1324 :

330 1360 422 1414 16.
465 1357 808 1411 Ἀκούσονται
841 1355 909 1408 τὰ
940 1352 1160 1426 ῥήματά
1195 1368 1321 1421 μου,
1349 1350 1432 1402 ὅτι
1466 1347 1827 1418 ἠδυνήθησαν.

1822 1386 1827 1397 .
2001 1348 2088 1401 16.
2121 1348 2357 1405 Audicnt
2388 1354 2551 1407 verba
2584 1371 2724 1421 mea,
2749 1360 3005 1426 quoniam
3030 1372 3346 1430 potuerunt.

327 1449 417 1502 17.
456 1446 600 1500 Ὠσεὶ
630 1445 800 1515 πάχος
831 1443 933 1513 γῆς
962 1441 1170 1513 ὲρῤάγη
1201 1437 1293 1492 ἐπὶ
1325 1434 1424 1508 τῆς
1460 1438 1557 1507 γῆς
1576 1453 1592 1466 °

2003 1440 2090 1493 17.
2121 1440 2272 1497 Sicut
2297 1446 2601 1502 crassitudo
2635 1459 2791 1504 terrae
2815 1451 3058 1523 disrupta
3089 1464 3173 1510 est
3200 1472 3363 1527 super
3384 1467 3490 1514 ter-

1930 1547 2046 1585 ram
2080 1552 2092 1587 ε

330 1626 419 1681 18.
452 1621 848 1695 Διεσκορπίσθη
870 1619 939 1673 τά
972 1618 1105 1674 όστᾶ
1132 1616 1309 1672 αὐτῶν
1348 1614 1499 1686 παρά
1518 1614 1607 1666 τὸν
1643 1613 1793 1684 ᾅδην.

2003 1622 2087 1676 18.
2116 1623 2382 1695 Dissipata
2415 1640 2541 1684 sunt
2581 1647 2704 1686 ossa
2727 1643 2912 1690 nostra
2951 1650 3107 1693 secus
3138 1640 3436 1701 infernum.

331 1712 421 1766 19.
455 1712 575 1763 Ὅτι
610 1710 746 1779 πρὸς
780 1709 860 1772 σὲ,
894 1706 1088 1778 Κύριε,
1110 1706 1304 1777 Κύριε,
1333 1706 1382 1756 οἱ
1412 1702 1677 1772 ὀφθαλμοί
1704 1720 1826 1772 μου,

1794 1721 1826 1765 ιν
1861 1772 1903 1799 D
2003 1714 2088 1768 10.
2116 1715 2253 1781 Quia
2278 1719 2342 1773 ad
2377 1728 2447 1787 te,
2471 1720 2717 1791 Domine,
2740 1725 2986 1794 Domine,
3024 1733 3165 1787 oculi
3193 1735 3318 1799 mei,

327 1804 418 1858 20.
462 1803 581 1856 Ἐπὶ
606 1772 687 1855 σοι
712 1800 933 1872 ἤλπισα,
966 1772 1039 1869 μὴ
1063 1772 1358 1867 ἀντανέλῃς
1384 1795 1479 1863 τὴν
1496 1794 1674 1864 ψυχήν
1701 1810 1826 1864 μου.

2126 1772 2160 1781 Ψ
2322 1772 2329 1773 ,
2472 1772 2497 1773 κ
2523 1772 2717 1791 -_-_--,
2740 1772 2986 1794 -ν......ν,
3024 1772 3165 1787 om...
3193 1772 3319 1799 ......,

1864 1772 1905 1826 Β
2003 1804 2093 1860 20.
2120 1805 2176 1860 ln
2209 1817 2259 1863 te
2286 1813 2520 1880 speravi,
2556 1830 2664 1869 non
2690 1819 2906 1875 auferas
2931 1822 3166 1879 animam
3193 1841 3388 1882 meam.

329 1893 420 1946 21.
451 1889 685 1955 Φύλαξόν
708 1907 773 1961 με
802 1888 909 1943 ἀπὸ
930 1888 1173 1955 παγίδος,
1202 1881 1270 1958 ἧς
1293 1883 1689 1955 συνεστήσαντό
1716 1901 1827 1954 μοι,

2005 1894 2096 1951 21.
2123 1896 2347 1954 Custodi
2380 1919 2467 1958 me
2496 1920 2528 1959 a
2551 1906 2767 1976 laqueo,
2797 1926 2959 1980 quem
2995 1922 3301 1973 statuerunt
3336 1881 3468 1974 mihi

327 1987 420 2040 22.
453 1985 560 2041 Καὶ
588 1983 695 2038 ἀπὺ
725 1983 1031 2037 σκανδάλων
1053 1980 1160 2033 τῶν
1181 1977 1557 2051 ἐργαζομένων
1580 1977 1677 2048 τὴν
1703 1977 1827 2031 ἀνο-

2004 1985 2091 2039 22.
2116 1986 2181 2041 Et
2201 2004 2229 2042 a
2262 1993 2532 2050 scandalis
2568 1961 2906 2067 operantium
2931 2002 3294 2073 iniquitatem.
3475 1961 3492 1987 ,

260 2074 413 2148 μίαν.

328 2168 422 2223 25.
436 2165 732 2221 Πεσοῢνται
745 2166 802 2219 ἐν
822 2165 857 2218 ἀ
864 2163 1065 2236 μφιϐλή
1074 2180 1133 2215 στ
1140 2180 1217 2234 ρῳ
1230 2159 1407 2215 αὐτῶν
1420 2160 1468 2212 οἱ
1484 2156 1797 2229 ἁμαρτωλοί
1802 2170 1818 2186 ·

1688 2156 1818 2210 υλοί·
2001 2158 2087 2213 25.
2114 2160 2320 2219 Cadent
2348 2167 2401 2221 in
2426 2169 2687 2227 retiaculo
2724 2176 2843 2245 ejus
2866 2189 3212 2247 peccatores:

1380 2285 1751 2343 ATHANASII
1790 2283 2378 2354 INTERPRETATIO.

326 2395 379 2450 9.
414 2393 520 2447 Τοῦ
594 2391 855 2446 συπιθείν
902 2407 1053 2452 τινας
1116 2385 1369 2459 ἀφορμὰς
1429 2384 1610 2438 ἔθελον
1676 2381 1830 2434 εὑλό-

2004 2386 2056 2440 9.
2090 2389 2172 2444 Ad
2194 2392 2405 2463 aliquos
2425 2398 2699 2467 speciosos
2736 2413 3027 2473 praetextus
3064 2414 3490 2480 componendas.

298 2502 391 2548 ους
431 2484 526 2548 (1).

257 2482 609 2629 γοῖῗ).(ὑξετά
642 2572 943 2647 ἀνθρώπων
974 2571 1082 2623 τῶν
1118 2570 1192 2640 μὴ
1220 2567 1557 2638 πειθομένων
1585 2564 1661 2635 τῷ
1684 2564 1781 2633 νόμ

2003 2547 2088 2601 li).
2322 2555 2634 2613 hominibus
2690 2575 2797 2614 non
2844 2562 3344 2634 obtemperantibus
3390 2571 3494 2643 legi

261 2676 378 2727 σου,
399 2666 511 2719 ἀλλ’
543 2663 757 2734 ἀφόϐως
788 2665 1011 2726 ἑαυτοὺς
1043 2661 1439 2732 ποιμαινόντων
1462 2675 1476 2689 ο

1936 2645 2062 2704 ture,
2095 2643 2188 2695 sed
2214 2643 2329 2697 sine
2361 2648 2555 2701 timore
2586 2664 2646 2704 se
2678 2650 2825 2720 ipsos
2855 2655 3285 2721 gubernantibus
3318 2680 3328 2713 :

333 2758 421 2811 11.
455 2757 562 2811 Καὶ
594 2732 655 2808 οὑ
690 2755 763 2827 μὴ
794 2756 1050 2826 σύνθομαι
1083 2754 1182 2823 τὴν
1213 2750 1557 2806 διδασκαλίαν
1604 2749 1712 2801 τῶν

2006 2732 2093 2785 11.
2122 2733 2188 2786 Et
2216 2752 2323 2791 non
2356 2740 2621 2795 assentiar
2658 2743 2919 2800 doctrinae
2966 2750 3307 2806 sacerdotum
3350 2753 3496 2823 ipso-

261 2850 454 2923 ἱερέων
481 2850 678 2903 αὑτῶν.
1936 2837 2080 2923 τωξξο
2131 2919 2158 2923 ᾧ
2260 2922 2269 2923 7

336 2940 424 2993 12.
454 2937 734 2991 Παιδεὺσει
770 2954 837 3006 με
866 2937 974 2997 πᾶς
1003 2934 1173 2987 ποιῶν
1207 2933 1305 3005 τὴν
1337 2930 1704 3000 δικαιοσύνην,
1740 2929 1835 2982 καὶ

2006 2918 2092 2972 12.
2120 2919 2389 2991 Corripiet
2418 2941 2506 2980 me
2553 2929 2754 2993 omnis,
2791 2930 2885 3000 qui
2934 2930 3064 2988 facit
3103 2934 3395 3003 justitiam,
3443 2947 3497 2992 et

259 3028 438 3083 λαλῶν
473 3027 734 3099 ἀλήθειαν
762 3027 820 3077 ἐν
850 3025 1177 3094 σπλάγχνοις
1209 3021 1467 3093 Χριστοῦ,
1491 3022 1585 3073 καὶ
1605 3017 1783 3072 ἐπιπλπ

1973 3012 2177 3081 )quitur
2215 3016 2497 3073 veritatem
2525 3019 2581 3073 in
2611 3020 2915 3079 visceribus
2965 3024 3191 3091 Christi,
3224 3038 3278 3082 et
3308 3028 3497 3099 objur-

270 3122 351 3186 ξει
388 3136 498 3193 μοι.
565 3090 576 3099 Ι
1263 3090 1273 3093 -

1006 3090 1063 3094 Ψ
1263 3090 1273 3093 -
1864 3090 1906 3149 C
1938 3105 2085 3174 gabit
2112 3122 2218 3162 me.

334 3213 421 3267 15.
469 3213 532 3265 Ἦ
556 3212 611 3265 δὲ
664 3211 873 3280 ἀγάπη,
905 3207 999 3261 καὶ
1037 3209 1070 3278 ἡ
1104 3206 1180 3277 (5)
1211 3204 1440 3258 κολακία
1489 3203 1596 3257 τῶν
1628 3202 1836 3274 ἐχθρῶν

2007 3196 2093 3250 15.
2122 3196 2348 3255 Dilectio
2378 3209 2585 3268 autem,
2624 3212 2679 3260 et
2717 3206 2959 3263 adulatio
2984 3209 3324 3266 inimicorum
3354 3214 3496 3267 veri-

260 3304 361 3373 τῆς
386 3302 643 3374 ἀληθείας
678 3302 751 3372 μὴ
786 3300 1073 3369 πλησιάσει
1100 3301 1165 3369 τῇ
1197 3297 1407 3367 διανοίᾳ
1444 3312 1567 3366 μου.

1464 3312 1567 3350 ιον,
1938 3286 2065 3342 tatis
2088 3305 2195 3343 non
2221 3293 2617 3361 approximabit
2643 3300 2811 3352 menti
2837 3315 2988 3355 meae.

333 3395 420 3448 14.
448 3394 671 3449 ’Ότιδιά
698 3394 910 3447 πάντων
939 3389 1095 3443 τοῦτο
1115 3389 1189 3460 (4)
1216 3389 1609 3459 προσεύχομαι,
1638 3386 1698 3439 τὸ
1722 3387 1834 3448 τοῖς

2013 3376 2100 3429 14.
2129 3377 2393 3444 Quoniam
2418 3398 2632 3454 semper
2658 3386 2759 3441 hoc
2785 3388 3074 3458 deprecor,
3107 3403 3168 3448 ut
3187 3410 3383 3466 sequar
3410 3414 3494 3454 ve-

266 3485 437 3556 ἴχνεσι
470 3485 576 3537 τῶν
600 3485 767 3551 ἁγίων
792 3482 1167 3550 ἀκολουθῆναι.

931 3482 1167 3550 ουθῆναι,
1939 3465 2094 3535 stigia
2123 3481 2455 3527 sanctorum.

338 3578 425 3631 15.
488 3575 863 3647 Ἀνηλώθησαν
918 3574 993 3643 (5)
1053 3571 1509 3640 καταλειφθέντες
1575 3570 1679 3623 ὑπὸ
1729 3568 1838 3622 τῶν

2010 3560 2097 3614 15.
2128 3561 2449 3633 Consumpti
2491 3575 2619 3621 sunt
2658 3568 2930 3639 principes
2983 3572 3273 3642 impiorum
3303 3593 3331 3629 a
3367 3592 3495 3631 san-

265 3671 436 3739 ἀγίων
462 3669 511 3721 οἱ
541 3669 801 3738 ἄρχοντες
830 3665 938 3717 τῶν
969 3662 1201 3716 ἀσεϐῶν.
1938 3651 2040 3704 etis
2064 3651 2326 3707 derclicti.

336 3758 423 3813 10.
460 3757 689 3827 ’ἰσχύσει
731 3758 763 3826 ἡ
799 3756 874 3825 (6)
921 3755 1101 3825 δέησίς
1146 3768 1248 3823 μου
1300 3750 1529 3805 ἐνώπιόν
1578 3768 1693 3815 σου,
1746 3750 1839 3804 καὶ

2010 3741 2098 3796 16.
2129 3742 2328 3799 Potens
2378 3747 2482 3801 erit
2503 3748 2808 3820 deprecatio
2833 3769 2952 3810 mea
2981 3771 3164 3812 coram
3211 3766 3283 3825 te,
3314 3770 3368 3815 et
3398 3760 3498 3816 im-

264 3849 608 3922 πληρωθήτω
635 3848 775 3919 άπερ
799 3846 1087 3918 ᾐτησάμην
1117 3861 1198 3898 σε.

1183 3885 1198 3898 ο
1938 3832 2231 3901 plebuntur
2267 3853 2389 3906 qua:
2416 3849 2467 3894 te
2499 3844 2702 3911 rogavi.

338 3944 425 3997 17.
460 3938 613 3995 Εἶδον
648 3941 740 3993 τὸν
782 3939 1024 3992 Σατανᾶν
1057 3936 1290 3990 πεσόντα
1335 3936 1400 3989 ἐκ
1447 3935 1541 3988 τοῦ
1585 3935 1835 4006 οὐρανοῦ,

2013 3927 2097 3980 17.
2135 3927 2256 3983 Vidi
2286 3930 2545 3987 Satanam
2570 3935 2635 3988 de
2677 3951 2819 3991 (εωιο
2857 3937 3161 4007 cadentem,
3197 3952 3260 4007 et,
3297 3944 3501 3999 contri-

266 4035 360 4087 κα)⁵
401 4030 752 4104 συντριϐέντα
789 4029 918 4082 ὡσε)⁸
957 4027 1099 4098 βόλιν
1127 4027 1201 4095 (7)
1232 4027 1354 4097 γῆς.

1193 4033 1201 4093 μ
1232 4027 1354 4097 γῆς,
1939 4029 2053 4076 tum
2099 4024 2268 4078 veluti
2309 4025 2519 4094 glebam
2541 4034 2717 4083 terrae.

340 4125 426 4180 18.
467 4126 622 4178 Πᾶσα
650 4125 683 4195 ἡ
722 4124 872 4192 ἰσχὺς
904 4120 1084 4174 αὐτῶν
1113 4118 1381 4189 διεφθάρη
1417 4118 1476 4173 ἐν
1503 4121 1624 4183 ταῖς
1648 4118 1837 4172 ἐπιθυ-

2008 4113 2095 4167 18.
2128 4114 2319 4170 Omnis
2341 4131 2531 4172 eorum
2562 4120 2736 4174 virtus
2768 4130 3020 4191 corrupta
3053 4133 3138 4179 est
3161 4124 3213 4178 in
3241 4126 3499 4195 concupi-

272 4217 422 4287 μίαις
446 4215 541 4269 τοῦ
577 4215 829 4268 θανάτου.

1940 4203 2162 4258 scentiis
2183 4206 2395 4260 mortis.

342 4308 427 4362 19.
453 4308 574 4359 Ὅτι
595 4306 731 4376 πρὸς
759 4305 839 4369 σὲ,
871 4303 1065 4374 Κύριε,
1096 4303 1143 4355 οἱ
1172 4300 1444 4372 ὀφθαλμοὶ
1476 4301 1574 4373 τῆς
1598 4302 1837 4366 διανοίας

2012 4294 2098 4350 19.
2132 4292 2401 4361 Quoniam
2437 4297 2503 4352 ad
2534 4308 2605 4366 te,
2650 4300 2915 4369 Domine,
2942 4304 3084 4359 oculi
3134 4306 3329 4359 mentis
3370 4322 3501 4361 mea:

273 4420 373 4472 μου
401 4400 820 4469 ἀνατεταγμένοι
852 4397 1206 4467 ὑπάρχουσιν.

777 4416 820 4451 οι
852 4397 1206 4467 ὑπάρχουσιν.
1867 4424 1915 4482 D
1941 4385 2131 4441 elevati
2156 4394 2301 4441 sunt.

341 4493 430 4548 20.
480 4493 603 4545 Ἐπὶ
634 4494 715 4545 σοὶ
735 4491 957 4561 1ήλπισα,
992 4489 1065 4561 μὴ
1088 4482 1381 4561 ἀντανέλῃς
1407 4487 1506 4557 τὴν
1549 4489 1706 4560 χάριν
1748 4506 1839 4543 σου

2012 4479 2103 4531 20.
2130 4477 2186 4532 In
2211 4486 2262 4532 te
2296 4481 2527 4549 speravi,
2556 4496 2624 4535 ne
2652 4480 2868 4537 auferas
2910 4482 3136 4552 gratiam
3179 4492 3322 4538 tuam
3368 4499 3501 4539 con-

269 4588 369 4658 τὴν
401 4585 731 4639 συνιστῶσαν
764 4584 862 4655 τὴν
888 4583 1064 4653 ψυχήν
1099 4599 1221 4652 μου.

1209 4623 1221 4636 ,
1940 4571 2249 4627 ﬁrmantem
2276 4574 2509 4627 animam
2537 4590 2733 4629 meam.

341 4678 430 4731 21.
468 4675 702 4739 Φύλαξόν
731 4693 797 4745 με
822 4673 929 4726 ἀπὸ
965 4673 1146 4742 πάσης
1179 4672 1357 4726 αὐτῶν
1388 4672 1732 4735 διδασκαλίας
1758 4689 1844 4724 νο-

2009 4666 2097 4720 21.
2125 4665 2353 4721 Custodi
2410 4681 2497 4720 me
2544 4668 2610 4720 ab
2656 4667 2805 4721 omni
2837 4682 3028 4722 eorum
3066 4668 3342 4733 doctrina,
3380 4684 3499 4739 qua

276 4768 567 4840 μιζόμενον
614 4767 689 4836 (8)
742 4766 884 4835 ἔχειν
913 4764 1032 4817 τινὰ
1071 4763 1276 4834 τροφὴν
1298 4767 1362 4835 τῇ
1396 4764 1562 4834 ψυχῇ,
1591 4766 1649 4817 ἐν
1680 4765 1800 4816 ἐαυτ

1978 4759 2280 4814 xistimatur
2294 4758 2495 4813 habere
2512 4758 2746 4827 aliquem
2765 4759 2945 4815 cibum
2972 4760 3185 4828 animm,
3205 4761 3502 4818 exsistente

271 4860 437 4931 οὔσης
460 4859 515 4910 δὲ
550 4857 857 4927 συλλήῲεως
884 4859 962 4919 εἰς
994 4855 1239 4909 θάνατον.

1940 4858 2120 4903 autem
2157 4849 2210 4902 in
2244 4863 2309 4904 ea
2332 4847 2579 4917 decipula
2607 4848 2673 4902 ad
2702 4858 2950 4903 mortem.

342 4949 432 5001 22.
470 4947 577 4999 Καὶ
602 4947 709 4999 ἀπὸ
734 4946 841 4999 τῶν
866 4945 1133 5015 δαιμόνων
1187 4945 1295 4998 τῶν
1354 4945 1713 4999 ὑποτιθέντων
1748 4962 1837 5017 μοι

2009 4940 2099 4993 22.
2131 4938 2198 4993 Et
2220 4956 2256 4994 a
2279 4939 2618 4994 daemonibus
2650 4940 3070 5009 subjicientibus
3091 4941 3222 4995 milii
3255 4943 3506 5012 volupta-

270 5047 369 5107 τὰς
400 5041 590 5112 ἡδονὰς
616 5039 707 5092 τοῦ
733 5038 868 5109 βίου.

664 5039 707 5092 >5
733 5038 868 5109 βίου.
1942 5041 2021 5085 tes
2051 5033 2188 5086 vitae.

342 5134 433 5186 25.
467 5130 845 5200 Συλληφθῶσιν
876 5131 932 5181 ἐν
959 5131 1079 5192 ταῖς
1111 5129 1344 5192 ἀπάταις
1379 5128 1455 5200 (9)
1505 5130 1599 5183 τοῦ
1647 5129 1759 5199 βίου
1789 5131 1836 5183 of

2012 5128 2100 5186 25.
2127 5127 2669 5196 Comprehendentur
2700 5126 2752 5179 in
2781 5124 3006 5181 fallaciis
3035 5125 3181 5187 vitm,
3203 5124 3299 5195 qui
3327 5125 3379 5179 in
3409 5140 3506 5195 pe-

273 5228 331 5279 ἐν
355 5224 433 5295 τῷ
467 5224 685 5291 πελάγει
708 5222 870 5276 αὑτοῦ
899 5221 1203 5289 διάγοντες.

972 5221 1203 5289 ὶγοντες.
1942 5221 2062 5291 lago
2090 5221 2261 5290 ipsius
2291 5220 2496 5273 vivunt.

1192 5317 1499 5379 Addenda
1551 5325 1610 5379 et
1670 5320 2046 5401 corrigenda
2101 5338 2179 5382 ex
2211 5320 2352 5381 eod.
2388 5319 2589 5379 Vatic.

349 5423 367 5483 (
380 5421 425 5484 1)
462 5421 656 5473 Ἐθέλω
688 5420 959 5486 εὐλόγους.

688 5420 959 5486 εὐλόγους.
1939 5439 2049 5484 τες.
2081 5430 2184 5474 etc.

350 5492 425 5559 (2)
455 5492 739 5560 Συνθῶμαι
774 5494 837 5561 τῇ
864 5488 1181 5560 διδασκαλία
1201 5488 1330 5555 τῶν,
1362 5496 1466 5543 etc.

1009 5488 1181 5560 τκαλίᾳ
1201 5488 1330 5555 τῶν,
1362 5496 1466 5543 etc.
2016 5492 2092 5561 (6)
2123 5490 2321 5561 Ἰσχὺει
2348 5492 2400 5559 ἡ,
2431 5496 2533 5543 etc.

350 5493 425 5559 (2)
455 5493 739 5560 Συνθῶμαι
774 5494 837 5561 τῇ
864 5493 1181 5560 διδασκαλία
1201 5493 1330 5555 τῶν,
1362 5496 1466 5543 etc.

347 5562 422 5633 (ὃ)
466 5562 525 5633 ΪΗ
548 5562 719 5633 dersl-
808 5629 819 5633 _
860 5628 877 5633 _
1084 5629 1095 5633 _
1243 5629 1268 5633 _
1558 5628 1611 5633 __
1717 5627 1730 5633 _

918 5493 1181 5542 δασκαλία
1201 5493 1330 5555 τῶν,
1362 5496 1466 5543 etc.
2038 5493 2092 5559 6)
2130 5493 2321 5561 Ἰσχύει
2348 5493 2400 5559 ἡ,
2431 5504 2442 5541 ε

1084 5629 1095 5633 -
1157 5544 1167 5560 ⁸
1243 5629 1268 5633 _
1558 5629 1570 5633 _
1590 5628 1611 5633 _
1717 5627 1730 5633 _
2012 5493 2089 5633 (7)
2122 5560 2303 5633 Βόλον,
2341 5569 2442 5633 etc.

352 5627 428 5695 (4)
466 5631 586 5701 ξὈτι
615 5630 712 5691 δεῖ,
740 5629 831 5681 καὶ
855 5628 1139 5692 διαπαντὸς
1178 5629 1361 5691 τοῦτο,
1394 5636 1520 5693 etc.,
1555 5627 1837 5694 ἐξακολου-
2012 5627 2087 5701 (8)
2121 5629 2521 5701 Νομιζομένης,
2556 5640 2659 5701 etc.

352 5637 428 5695 (4)
466 5637 586 5683 ’Ότι
615 5637 712 5691 δεῖ,
740 5637 831 5681 καὶ
855 5637 1139 5692 διαπαντὸς
1178 5637 1361 5691 τοῦτο,
1394 5637 1520 5693 etc.,
1555 5637 1837 5694 ἐξακολου-
2035 5637 2087 5697 8)
2122 5637 2521 5701 Νομιςομένης,
2556 5640 2659 5681 etc.

278 5700 518 5776 05:3;ch
545 5701 734 5776 ἁγίων.
1033 5772 1044 5776 _
1101 5770 1112 5776 _
1241 5768 1265 5776 _
1303 5770 1344 5776 __
1508 5766 1533 5776 _
1600 5769 1612 5776 _
1652 5767 1673 5776 _
2011 5637 2085 5776 (9)
2115 5703 2244 5765 Ταῖς
2276 5698 2745 5770 συνερῤαμμέναις
2771 5695 3027 5760 ἀπάταις,
3056 5702 3167 5750 etc.

353 5769 430 5841 (5)
470 5766 816 5840 Ἀνήλθοσαν,
867 5777 996 5836 etc.,
1024 5770 1125 5823 ὑπὸ
1176 5768 1268 5821 τοῦ
1303 5766 1536 5840 Χριστοῦ
1569 5769 1615 5823 οἱ
1645 5767 1834 5838 ἄρχον·
