3860 6220
397 349 536 412 1295
1211 353 1264 404 S.
1309 349 1682 406 ATIIANASII
1721 351 1870 406 OPP.
1915 349 2096 406 PARS
2135 351 2220 406 Ill.
2265 381 2332 390 —
2373 349 2786 405 EXEGETICA.
3493 353 3622 408 1290

461 469 549 524 24.
579 467 933 538 Singulariter
969 487 1086 523 sum
1121 487 1218 542 ego
1246 473 1415 528 donec
1457 485 1750 528 transeam.
1981 525 1985 532 ,

2131 471 2218 524 αι.
2250 469 2566 540 Καταμόνας
2591 469 2702 538 εἰμὶ
2731 468 2854 535 ἐγὼ,
2871 467 2974 529 ἕως
2997 467 3060 518 Ξιν
3080 463 3206 537 [ἕως
3231 458 3318 537 οὗ]
3344 469 3600 538 παρέλθω

485 576 794 638 Intellectus
821 582 1006 646 David,
1035 600 1149 636 cum
1171 595 1302 638 esset
1331 586 1384 637 in
1419 585 1666 653 spelunca
1699 601 1876 640 orans.

2127 588 2436 648 Συνέσεως
2457 581 2536 646 τῷ
2563 581 2758 643 Δαϐὶδ,
2786 581 2854 634 ἐν
2881 581 2962 646 τῷ
2984 577 3132 634 εἶναι
3168 581 3354 632 αὑτὸν
3391 582 3460 634 ἐν
3485 581 3559 644 τῷ

947 672 1076 728 PSA
1087 675 1150 726 L.
1189 675 1386 730 CXLI.
2197 677 2471 742 σπηλαίῳ

2197 677 2476 742 σπηλαίῳ
2523 674 3029 741 προσευχόμενον.
3081 673 3252 724 ΨΑΛ.
3289 675 3481 724 PMA'.

465 767 514 820 l.
553 765 696 819 Voce
729 781 843 818 mea
881 766 946 818 ad
971 765 1258 820 Dominum
1293 767 1524 820 clamavi
1553 783 1564 817 :

2131 767 2179 820 1.
2213 769 2364 836 Φωνῇ
2395 783 2493 836 μου
2529 765 2664 834 πρὸς
2699 763 2898 834 Κύριον
2930 763 3202 833 ἐκέκραςα
3227 779 3240 794 ·

457 853 510 908 2.
543 854 684 908 Voce
721 871 838 910 mea
876 856 938 908 ad
973 855 1258 908 Dominum
1285 855 1376 925 [ad
1407 855 1600 928 Deum]
1635 855 1952 926 deprecatus

2123 859 2174 911 2.
2209 860 2360 929 Φωνῇ
2387 875 2486 928 μου
2515 856 2650 928 πρὸς
2683 856 2884 928 Κύριον
2909 853 3068 928 [πρὸς
3090 855 3180 908 τὸν
3195 852 3354 928 θεὸν]
3377 854 3617 926 ἐδεήθην.

389 960 531 999 sum.

455 1035 506 1089 5.
537 1035 764 1090 Eﬂ'undo
791 1036 842 1090 in
874 1045 1166 1106 conspectu
1199 1038 1314 1106 ejus
1347 1039 1654 1094 orationem
1683 1053 1858 1094 meam
1901 1059 1912 1091 ε

1901 1059 1912 1091 :
2127 1037 2178 1090 3.
2229 1034 2434 1104 Ἐκχεῶ
2473 1033 2700 1086 ἐνώπιον
2733 1031 2899 1086 αὑτοῦ
2933 1031 3030 1102 τὴν
3067 1031 3250 1102 δέησίν
3287 1049 3388 1102 μου
3411 1049 3423 1061 ·

455 1127 508 1179 4.
545 1125 970 1180 Tribulationem
1007 1143 1180 1181 meam
1219 1137 1344 1182 ante
1385 1130 1564 1198 ipsum
1615 1130 1951 1198 pronuntio,

1939 1170 1951 1197 ,
2121 1127 2174 1180 4.
2217 1127 2325 1198 Τὴν
2355 1126 2530 1194 θλίψιν
2567 1141 2666 1196 μου
2695 1123 2924 1177 ἐνώπιον
2950 1121 3112 1175 αὐτοῦ
3143 1123 3463 1190 ἀπαγγελῶ.

455 1220 508 1276 5.
545 1218 600 1272 In
629 1219 930 1274 deﬁciendo
965 1235 1030 1275 ex
1067 1235 1153 1274 me
1183 1221 1436 1288 spiritum
1469 1235 1648 1276 meum
1671 1263 1686 1288 ,

2120 1219 2172 1272 5.
2197 1219 2286 1270 Ἐν
2317 1218 2394 1288 τῷ
2428 1217 2700 1270 ἐκλείπειν
2725 1216 2784 1282 ἐξ
2812 1215 2945 1286 ἐμοῦ
2975 1215 3034 1267 τὸ
3067 1214 3279 1283 πνεῦμά
3307 1233 3431 1284 μου,

451 1309 503 1362 6.
543 1309 610 1364 Ει
641 1319 698 1363 ιιι
737 1309 1045 1380 cognovisti
1085 1311 1308 1364 semitas
1341 1325 1509 1365 meas.

2119 1311 2170 1362 ti.
2212 1311 2320 1362 Kal
2354 1311 2416 1362 σὺ
2448 1309 2618 1378 ἔγνως
2652 1307 2752 1371 τὰς
2781 1309 3002 1378 τρίϐους
3033 1324 3153 1376 μου.

451 1401 500 1455 7.
543 1401 600 1454 In
623 1401 710 1455 via
737 1402 861 1464 hac,
895 1417 1002 1470 qua
1037 1401 1406 1468 ambulabam,
1440 1402 1940 1457 absconderuntlaa

2122 1403 2172 1456 7.
2197 1402 2286 1454 Ἐν
2317 1401 2419 1471 6δῷ
2448 1400 2639 1472 ταύτῃ,
2763 1401 3126 1470 ἐπορευόμην,
3157 1399 3396 1472 ἔκρυψαν
3422 1401 3623 1466 παγῖδα

379 1508 578 1562 qucum
602 1493 755 1546 mihi.

635 1493 755 1546 mihi.
2053 1511 2159 1562 μοι.

447 1585 498 1636 8.
541 1584 974 1638 Considerabam
1005 1583 1070 1638 ad
1102 1584 1402 1650 dexteram,
1439 1595 1492 1638 et
1515 1583 1808 1640 videbam:

2119 1583 2172 1636 8.
2213 1583 2516 1637 Κατενόουν
2549 1586 2628 1648 εἰς
2657 1585 2728 1638 τὰ
2749 1585 2917 1650 δεξιὰ,
2947 1587 3040 1638 καὶ
3073 1585 3368 1636 ἐπέΰλεπον
3394 1603 3403 1612 ·

446 1677 499 1728 9.
541 1674 606 1728 Ει
629 1690 738 1730 non
767 1685 884 1730 erat
907 1677 998 1746 qui
1028 1684 1378 1746 cognosceret
1407 1691 1492 1730 me
1517 1695 1528 1730 :

2123 1675 2175 1728 9.
2219 1675 2326 1726 Kal
2355 1676 2452 1726 οὐκ
2476 1671 2542 1746 ἦν
2571 1677 2598 1727 ὁ
2627 1675 3002 1744 ἐπιγινώσκων
3039 1694 3125 1746 με.

447 1766 530 1819 10.
573 1765 734 1820 Periit
769 1767 894 1838 fuga
926 1783 956 1822 a
991 1784 1076 1822 me
1113 1789 1124 1820 :

1973 1759 2022 1818 Β
2121 1765 2202 1818 10.
2232 1765 2503 1819 Ἀπώλετο
2531 1767 2676 1836 φυγὴ
2713 1767 2806 1818 ἀπ’
2829 1765 2962 1835 ἐμοῦ
2983 1783 2995 1794 ·

1491 1859 1880 1924 ATHANASII.
1911 1859 2502 1916 INTERPRETATIO.

457 1973 514 2024 Ἦ
539 1974 868 2045 προκειμένη
899 1976 1178 2046 ἐπιγραφὴ
1201 1977 1444 2046 περιέχει
1475 1977 1552 2054 (1)
1573 1993 1586 2005 ο
1621 1975 1932 2040 Συνέσεως
1953 1975 2034 2040 τῷ
2053 1973 2230 2028 Δαϐὶδ
2247 1975 2317 2028 ἐν
2345 1975 2422 2040 τῷ
2447 1975 2600 2028 εἶναι
2631 1975 2819 2030 αὑτὸν
2845 1977 2915 2030 ἐν
2941 1976 3020 2041 τῷ
3047 1977 3326 2042 σπηλαίῳ
3363 1991 3626 2044 προσευ-

375 2063 644 2132 χόμενον.
683 2065 850 2117 Τοῦτο
870 2061 962 2118 οὖν
987 2069 1136 2118 ἐστι’
1188 2067 1248 2118 τὸ
1281 2067 1388 2121 τοῦ
1429 2068 1603 2118 Δαῦὶδ
1637 2067 1806 2137 ὄνομα
1847 2067 2114 2138 διαφόρως
2163 2067 2545 2136 ἑρμηνεύεται,
2582 2065 2656 2129 ὡς
2709 2067 2970 2130 πολλάκις
3015 2068 3346 2136 εἰρήκαμεν
3392 2067 3482 2118 ὅτε
3517 2065 3626 2134 γὰρ

373 2159 452 2219 εἰς
485 2160 772 2228 πρόσωπον
828 2159 921 2213 τοῦ
965 2161 1170 2233 Κυρίου
1219 2162 1474 2232 εὑρήσεις
1515 2161 1646 2214 αὐτὸ
1689 2162 1962 2230 κείμενον,
1991 2160 2353 2230 ἑρμηνεύεται
2399 2159 2604 2224 ἱκανὸς
2643 2161 2826 2228 χειρί·
2867 2163 2958 2214 ὅτε
2989 2159 3046 2212 δέ
3073 2161 3154 2223 είς
3181 2157 3475 2230 πρόσωπον
3515 2160 3626 2211 τῶν

373 2253 610 2317 δικαίων,
649 2255 1008 2324 ἑρμηνεύεται
1031 2257 1446 2326 πεποθήμενος
1467 2273 1480 2286 ο
1521 2257 1610 2308 ὅτε
1635 2255 1694 2308 δὲ
1719 2255 1798 2318 είς
1827 2255 2116 2324 πρόσωπον
2146 2254 2252 2306 τῶν
2283 2253 2708 2328 ἁμαρτανόντων
2759 2255 2854 2306 καὶ
2891 2253 3328 2322 ἐπιστρεφόντων
3369 2253 3630 2324 εὑρήσεις

371 2347 502 2400 αὐτὸ
533 2349 798 2418 κείμενον,
821 2351 1291 2421 ἐξουθενημένον
1313 2352 1399 2406 διὰ
1423 2351 1520 2416 τάς
1553 2351 1824 2422 ἁμαρτίας
1859 2349 2042 2403 αὐτοῦ.
2079 2347 2328 2420 [Ψαλμὸς
2351 2344 2444 2402 οὖν
2473 2347 2712 2421 εἴρηται]
2741 2351 2820 2410 εἰς
2853 2349 2944 2400 τὸν
2965 2347 3092 2400 λαὸν
3123 2347 3212 2400 τὸν
3237 2346 3622 2418 ἡμαρτηκότα,

373 2440 466 2491 καὶ
503 2441 580 2502 εἰς
615 2439 826 2494 σύνεσιν
856 2443 1098 2508 ἐλθόντα,
1129 2445 1225 2496 καὶ
1251 2446 1308 2496 ἐν
1337 2441 1586 2513 σπηλαίῳ
1609 2440 1800 2492 ἐαυτὸν
1837 2437 2291 2502 κατακλείσαντα,
2329 2439 2424 2490 καὶ
2459 2439 2894 2508 προσευχόμενον
2929 2435 3066 2508 μετά
3090 2435 3340 2506 δακρύων
3381 2438 3624 2508 ἰσχυρῶν

371 2529 856 2600 ἐξομολογούμενον
873 2545 888 2561 ·
913 2531 990 2594 ὼς
1015 2531 1074 2584 δὲ
1097 2531 1230 2584 αὐτὸ
1261 2529 1418 2582 τοῦτο
1445 2529 1615 2600 δηλοῖ,
1645 2527 1844 2598 ὁμοίως
1875 2526 1932 2578 δὲ
1967 2526 2063 2579 καὶ
2084 2527 2112 2578 ὁ
2135 2527 2349 2592 ψαλμὸς
2384 2527 2566 2596 σαφῶς
2589 2528 2745 2581 τοῦτο
2773 2528 3036 2581 διδάσκει.

442 2619 655 2674 Titulus
687 2620 1010 2690 praepositus
1038 2621 1284 2676 continet
1317 2637 1331 2672 :
1376 2619 1684 2674 Intellectus
1709 2619 1900 2686 David,
1923 2635 2038 2672 cum
2063 2630 2196 2672 esset
2229 2635 2336 2687 ipse
2369 2623 2421 2672 in
2454 2619 2704 2688 spelunca
2739 2635 2918 2674 orans.
2947 2621 3024 2673 lta
3051 2619 3218 2691 igitur
3241 2635 3330 2674 res
3351 2627 3438 2675 est
3469 2637 3484 2672 :
3513 2634 3622 2674 no-

371 2731 492 2770 men
521 2715 693 2770 Darid
717 2717 868 2770 varie
891 2717 1295 2787 interpretatur,
1329 2727 1387 2770 ιιι
1421 2717 1622 2785 sazpius
1645 2715 1885 2768 diximus
1911 2733 1924 2767 :
1963 2714 2122 2767 modo
2147 2715 2292 2768 enim
2337 2716 2574 2784 positum
2609 2717 2851 2770 invenies
2875 2716 2941 2770 ad
2967 2715 3382 2787 signiﬁcandam
3427 2731 3624 2787 perso-

369 2823 493 2860 nam
516 2806 752 2870 Domini,
777 2815 831 2862 et
851 2817 980 2862 tunc
1009 2809 1392 2876 interpretatur
1431 2823 1592 2860 manu
1629 2807 1780 2874 fortis
1815 2821 1833 2858 :
1863 2805 2023 2860 modo
2051 2816 2232 2860 autem
2260 2807 2326 2860 ad
2353 2821 2640 2876 persimam
2665 2807 2942 2876 justorum
2961 2847 2976 2870 ,
2997 2818 3048 2860 et
3069 2816 3202 2862 tunc
3227 2809 3622 2876 interpretatur

365 2899 692 2954 desideratus
719 2918 736 2954 :
771 2901 932 2955 modo
957 2918 1086 2956 vero
1119 2901 1188 2955 ad
1215 2917 1506 2971 personam
1535 2915 1752 2964 eorum,
1801 2901 1896 2970 qui
1927 2911 2246 2970 peccat-unt,
2277 2911 2330 2956 et
2357 2917 2416 2956 se
2450 2912 2862 2967 converterunt,
2899 2903 3030 2956 illud
3076 2903 3314 2972 positum
3339 2903 3618 2968 invenies,

365 3003 416 3046 et
439 3003 566 3049 tunc
597 2997 984 3065 interpretatur
1015 3005 1338 3067 contemptus
1371 2997 1442 3052 ob
1471 3006 1690 3067 peccata
1713 3011 1832 3052 sua.
1859 2995 2115 3052 Psalmus
2141 2997 2304 3068 igitur
2337 2999 2518 3054 dictus
2543 3010 2624 3054 est
2653 2998 2720 3054 de
2751 2999 2948 3068 pepulo
2970 3040 2986 3064 ,
3021 2999 3114 3068 qui
3161 2999 3425 3068 peccavit,
3455 3009 3512 3053 et
3557 2999 3618 3052 in

368 3088 700 3140 intellectum
733 3089 900 3150 venit,
933 3097 988 3144 et
1009 3089 1270 3145 claudens
1315 3105 1376 3145 se
1406 3090 1460 3144 in
1495 3089 1776 3158 spelunca,
1813 3099 2084 3144 eratcum
2113 3091 2370 3161 lacrymis
2401 3090 2616 3158 validis,
2645 3101 2700 3146 et
2727 3091 3052 3146 conﬁtetur:
3103 3091 3249 3160 quod
3277 3101 3462 3146 autem
3507 3093 3618 3148 hoc

368 3175 542 3242 ipsum
590 3177 874 3246 signiticet,
906 3178 1156 3232 similiter
1180 3189 1234 3234 et
1263 3178 1508 3248 psalmus
1535 3179 1650 3246 ipse
1699 3178 1986 3231 manifeste
2015 3181 2120 3236 hoc
2163 3181 2342 3236 docet.

433 3293 522 3346 εει.
559 3291 674 3344 Non
705 3307 792 3344 me
839 3291 956 3360 ipse
987 3292 1196 3344 tradam
1251 3293 1306 3344 in
1337 3296 1651 3348 servitutem
1677 3308 1924 3366 peccato,
1955 3305 1957 3322 '

2099 3293 2188 3347 24.
2225 3295 2338 3346 Οὐκ
2363 3293 2426 3347 ἂν
2457 3294 2708 3348 δουλώσω
2737 3295 2972 3363 ἐμαυτὸν
3005 3297 3070 3364 τῇ
3109 3296 3373 3366 ἁμαρτία,
3403 3297 3510 3360 ἓως
3545 3299 3617 3352 ἂν

367 3387 538 3434 donec
565 3381 838 3450 perﬁciam
869 3395 1090 3432 cursum
1127 3393 1328 3432 meum.

1223 3395 1328 3432 nm.
2033 3385 2239 3437 τελέσω
2275 3383 2364 3437 τὸν
2395 3385 2590 3456 δρόμον
2625 3403 2747 3454 μου.

437 3477 486 3526 1.
517 3473 574 3528 In
601 3475 788 3528 dolore
811 3474 992 3529 cordis
1020 3475 1125 3528 mei
1165 3475 1400 3544 ingemui
1437 3475 1501 3526 ad
1533 3485 1602 3530 te.

2105 3479 2156 3530 1.
2205 3479 2292 3530 Ἐν
2331 3478 2492 3550 ὀδύνῃ
2519 3479 2618 3548 τῆς
2647 3478 2870 3548 καρδίας
2898 3495 2998 3548 μου
3033 3479 3292 3543 ἐστέναξα
3321 3482 3460 3550 πρὸς
3483 3483 3565 3534 σέ.

433 3565 486 3618 2.
513 3566 576 3618 Et
609 3581 714 3618 non
744 3565 950 3619 audens
983 3557 1192 3636 aperire
1223 3567 1364 3622 labia
1401 3584 1518 3622 utea
1562 3587 1744 3627 coram
1787 3573 1926 3641 ipso,

2099 3571 2154 3623 2.
2183 3571 2292 3624 Kal
2317 3571 2390 3640 μὴ
2421 3571 2602 3640 τολμῶ
2627 3571 2702 3640 (‘2)
2727 3570 2796 3622 τὰ
2827 3569 2979 3640 χείλη
3009 3587 3108 3639 μου
3139 3569 3344 3633 ἀνοῖξαι
3377 3571 3611 3625 ἐνώπιον

363 3660 683 3727 deprecatus
713 3673 834 3710 sum
869 3656 936 3710 ad
969 3673 1094 3711 eum
1130 3657 1346 3714 ﬂetibus
1376 3661 1854 3718 inenarrabilibus.

2028 3660 2214 3724 αὑτοῦ,
2251 3665 2570 3732 στεναγμοῖς
2602 3661 2890 3732 ἀλαλήτοις
2922 3662 3058 3731 πρὸς
3074 3661 3240 3712 ἀὐτὸν
3285 3660 3531 3732 ἐδεήθην.

435 3749 487 3800 5.
519 3747 812 3818 Propterea
845 3747 1066 3802 eﬁ'undo
1097 3748 1150 3802 in
1182 3761 1478 3821 conspectu
1513 3753 1631 3822 ejus
1655 3754 1928 3824 lacrymas

2097 3755 2148 3808 5.
2183 3754 2272 3805 Διὸ
2305 3753 2514 3824 δάκρυα
2549 3753 2626 3824 (5)
2657 3753 2754 3823 τῆς
2793 3753 2970 3823 ψυχῆς
3025 3771 3126 3822 μου
3165 3751 3398 3806 ἐνώπιον
3437 3755 3607 3809 αὑτοῦ

363 3841 558 3894 anima:
588 3855 742 3894 mere.

697 3855 742 3893 Β.
2027 3843 2221 3913 ἐκχεῶ.

429 3933 482 3984 4.
525 3930 592 3984 Ει
621 3931 920 3986 conﬁtebor
959 3941 1082 3986 ante
1124 3931 1302 4002 ipsum
1341 3947 1562 4001 peccata
1592 3951 1710 3988 mea
1739 3951 1924 3990 coram

2096 3938 2148 3990 4.
2179 3937 2288 3989 Kal
2313 3935 2412 3998 τὰς
2436 3935 2706 4007 ἁμαρτίας
2727 3951 2847 4004 μου,
2871 3934 3048 4006 ἇσπερ
3066 3930 3170 3988 οἶδε
3192 3935 3296 4006 πρὸ
3317 3934 3426 3989 τῶν
3453 3937 3605 4008 ἐμῶν

363 4027 500 4095 ipso,
529 4038 650 4094 qum
677 4024 992 4092 priusquam
1022 4039 1122 4093 ego
1151 4027 1398 4094 eloquar,
1439 4029 1606 4080 novit.

2027 4029 2305 4098 ῥημάτων,
2341 4027 2566 4080 ἐνώπιον
2603 4027 2768 4080 αὐτοῦ
2801 4026 3277 4096 ἐξομολογήσομαι.

428 4118 482 4172 5.
524 4115 590 4170 Ει
615 4131 782 4180 nunc,
826 4125 879 4170 et
907 4117 960 4170 in
997 4117 1204 4170 ultimis
1233 4117 1426 4172 diebus
1459 4119 1610 4173 Inois.

2095 4117 2148 4172 5.
2190 4117 2300 4169 Kal
2331 4116 2445 4181 νῦν,
2477 4117 2568 4170 καὶ
2587 4117 2760 4186 (θείς
2791 4115 2856 4168 τὰ
2883 4117 3085 4184 ἔσχατα
3111 4115 3454 4187 τῶν-ἡμερῶν
3475 4135 3597 4188 μου.

428 4209 482 4262 6.
523 4207 589 4264 Et
625 4219 716 4275 tu,
772 4209 868 4278 qui
921 4209 1166 4262 omnium
1212 4211 1374 4263 corda
1421 4211 1597 4277 nosti,
1639 4211 1923 4282 cognoscis

2092 4207 2144 4262 6.
2185 4207 2293 4260 Kal
2343 4207 2427 4272 σὺ,
2470 4207 2872 4278 καρδιογνῶστα
2905 4207 3146 4270 πάντων,
3179 4207 3468 4274 γινώσκεις
3503 4213 3601 4274 τὰς

359 4299 632 4369 improbas
665 4314 816 4354 meas
859 4299 1118 4354 actiones.

2023 4300 2262 4369 πονηράς
2303 4315 2404 4368 μου
2437 4296 2677 4366 πράξεις.

429 4391 481 4440 7.
525 4389 578 4442 ln
629 4391 776 4442 omni
823 4399 1066 4458 tempore
1111 4389 1234 4444 vita:
1280 4406 1447 4454 meae,
1481 4401 1832 4446 inseruerunt
1867 4393 1920 4446 in

2091 4389 2144 4442 7.
2176 4389 2264 4440 Ἐν
2295 4387 2456 4440 παντὶ
2481 4387 2656 4457 χρόνῳ
2685 4387 2786 4456 τῆς
2818 4387 2962 4458 ζωῆς
2997 4405 3098 4457 μου
3131 4386 3496 4456 ἐνεφύτευσαν
3521 4391 3599 4450 εἰς

359 4481 522 4535 corde
548 4495 670 4534 meo
697 4495 888 4548 pravas
915 4481 1040 4534 vitae
1076 4481 1428 4550 cupiditates.

2019 4479 2116 4547 τὴν
2149 4480 2374 4549 καρδίαν
2411 4495 2510 4547 μου
2543 4479 2642 4549 τὴν
2673 4479 2916 4550 πονηρὰν
2941 4479 3034 4532 τοῦ
3071 4479 3184 4546 βίον
3219 4479 3537 4548 ἐπιθυμίαν.

427 4571 480 4624 8.
521 4569 587 4624 Et
614 4571 875 4640 evigilans
903 4573 1216 4641 reputabam
1267 4575 1318 4626 in
1360 4589 1445 4628 me
1493 4573 1633 4643 ipso,
1671 4589 1737 4628 an
1777 4574 1918 4630 forte

2089 4569 2140 4620 8.
2176 4569 2284 4620 Kal
2301 4567 2578 4638 ἀνανήψας
2595 4566 2914 4638 ἐλογιζόμην
2930 4570 2985 4620 ἐν
3005 4568 3202 4638 ἐαυτῷ,
3219 4570 3268 4620 εί
3287 4569 3396 4638 ἄρα
3413 4571 3593 4640 ἐποίηα

357 4661 573 4730 aliquod
610 4661 808 4716 bonum
832 4677 1014 4716 coram
1039 4671 1090 4716 te
1121 4661 1394 4717 fecissem.

1273 4677 1394 4716 sem.
2019 4661 2088 4714 σά
2111 4677 2162 4712 τι
2193 4661 2394 4728 ἀγαθὸν
2427 4660 2656 4714 ἐνώπιόν
2685 4677 2797 4714 σου.

425 4757 480 4806 9.
522 4751 588 4807 Et
619 4753 826 4807 nullum
859 4754 1076 4820 penitus
1109 4753 1164 4807 in
1194 4769 1280 4808 me
1307 4763 1424 4808 erat
1451 4755 1750 4824 repositum
1775 4771 1912 4824 opus
1945 4759 1949 4810 ἶ

2087 4754 2138 4806 9.
2173 4751 2280 4804 Kal
2315 4751 2594 4816 παντελῶς
2617 4753 2716 4805 οὐκ
2741 4749 2811 4824 ἦν
2847 4755 2908 4808 ἐν
2951 4753 3072 4824 ἐμοὶ
3111 4755 3470 4824 ἀποκείμενον
3497 4753 3591 4826 ἐρ-

355 4843 578 4894 bonum.

2023 4862 2114 4910 γον
2146 4843 2346 4911 ἀγαθόν

425 4931 510 4985 lt).
553 4931 616 4984 Et
649 4933 950 5002 cogitabam
985 4947 1052 4988 au
1101 4951 1264 5004 quem
1313 4936 1684 5008 confugerem,
1731 4947 1784 4991 ct
1832 4937 1914 4991 in-

2095 4938 2182 4992 10.
2216 4938 2326 4990 Καὶ
2351 4937 2730 5010 διελογιζόμην
2769 4939 2832 4991 τὸ
2857 4939 2994 5010 πρὸς
3031 4938 3150 4991 τίνα
3184 4939 3372 5009 φύγω,
3403 4942 3498 4994 καὶ
3529 4943 3593 4997 ἐν

354 5031 553 5086 certus,
586 5031 748 5092 atque
783 5025 938 5094 inops
968 5027 1178 5080 consilii
1221 5043 1390 5082 eram.

1073 5027 1178 5080 silii
1221 5043 1390 5082 eram.
2021 5027 2096 5097 (6)
2114 5027 2394 5100 ἀμηχανίᾳ
2423 5029 2591 5100 ήμην.

1257 5141 1568 5204 Addenda
1628 5151 1688 5204 et
1739 5143 2120 5222 corrigenda
2177 5161 2254 5205 ex
2287 5144 2431 5206 cod.
2467 5143 2670 5206 Vatic.

423 5241 500 5312 (l)
541 5241 600 5312 Ἦ
630 5239 716 5294 διΞι
753 5241 848 5310 τῆς
873 5239 1238 5312 κινναβάρεως
1267 5240 1508 5310 περιέχει
1528 5257 1540 5270 ·
1577 5251 1680 5296 etc.
1730 5241 1820 5312 Ἐν
1837 5241 1915 5312 τῷ
2011 5249 2142 5312 etc.,
2169 5241 2365 5312 σαφῶς
2392 5241 2526 5294 αὐτὸ
2550 5241 2708 5295 τοῦτο
2731 5243 2990 5298 διδάσκει.

353 5311 600 5382 σπηλαίῳ
630 5313 924 5382 προσευχῇ.
948 5310 1137 5382 Τοῦτο,
1173 5320 1300 5374 etc.,
1324 5313 1643 5382 εἰρήκαμεν,
1675 5311 1772 5364 καὶ
1797 5310 1912 5365 διαὲ
2079 5311 2157 5382 (2)
2183 5311 2429 5382 Τολμῶν,
2464 5321 2570 5368 etc.

353 5381 531 5452 φόρως
563 5381 657 5433 καὶ
676 5381 1014 5452 λαμϐανεται
1043 5401 1052 5411 ·
1083 5381 1172 5452 ὅτε
1201 5382 1346 5452 γάρ,
1374 5391 1503 5444 etc.,
1533 5381 1641 5434 τῶν
1685 5383 1877 5438 δικαίω

1457 5404 1503 5444 ;.,
1533 5381 1641 5434 τῶν
1685 5383 1909 5438 δικαίων
2081 5381 2158 5450 (5)
2189 5382 2268 5434 Τά
2290 5381 2523 5452 δάκρυα,
2555 5390 2659 5438 etc.
2687 5385 2788 5438 Διό
2813 5384 2981 5438 deest.

353 5451 600 5522 εὑρήσεις
627 5450 1054 5522 αὑτὸΑκεί-μενον,
1087 5450 1626 5522 ἑρμηνεύεται,ίειο.,
1661 5454 1910 5520 κείμενον
2077 5451 2154 5522 (4)
2193 5453 2304 5522 Kal
2333 5450 2506 5508 deest.

351 5517 1168 5592 ἑρμηνεύεταιἐξουθενημένος,
1194 5517 1440 5592 τουτέστι
1469 5521 1556 5592 διὰ
1604 5522 1702 5592 τὰς
1733 5517 1912 5592 ἆμαρ·
2079 5517 2373 5592 Ἔργον
2401 5539 2453 5574 τι
2477 5523 2698 5590 ἀγαθόν.

352 5589 468 5666 τίσις
483 5587 821 5666 ζαὺτοῦηΝύν
845 5587 935 5666 οὖν
965 5589 1556 5666 αὑτὸ-τοῦτοτὸ-Δαίῖιδ
1589 5587 1906 5666 ὄνομα’ἐσῖιι
2073 5587 2147 5662 (li)
2186 5587 2260 5646 Τδ
2289 5587 2416 5658 πού,
2445 5593 2477 5664 ἦ
2509 5587 2644 5666 πρὸς
2675 5593 2797 5650 τίνα
2821 5591 3006 5664 φυγὼν
3035 5594 3120 5648 ἀεὶ
3153 5593 3234 5662 ἐν,
3263 5604 3376 5652 ete.

351 5657 533 5710 λαϐεῖν
555 5661 634 5720 εἰς
663 5659 750 5712 τὸν
776 5659 920 5726 λαόν,
955 5670 1082 5726 ctc.,
1105 5659 1338 5730 ἰσχυρῶν
1360 5662 1434 5725 ὡς
1467 5665 1558 5716 καὶ
1575 5657 1706 5716 αὐτὸ
1725 5661 1904 5728 τοῦτο,
