3860 6220
424 328 571 387 ,1299
1265 337 1322 391 S.
1362 334 1735 393 ATHANASII
1774 340 1925 397 OPP.
1966 343 2147 402 PARS
2182 348 2270 405 Ill.
2313 382 2380 390 —
2410 352 2822 411 EXECETICA.
3404 426 3407 429 _
3536 357 3668 415 I300

497 450 552 505 3.
594 447 800 506 Exaudi
826 466 911 508 me
942 453 996 507 in
1028 462 1119 509 tua
1148 455 1359 523 iustitia
1380 498 1395 523 ,
2014 523 2021 534 ι

2014 482 2060 534 Α
2158 472 2211 523 5.
2254 472 2580 528 Είσὰκουσόν
2618 491 2718 542 μου
2742 475 2799 523 ὲν
2826 477 2891 544 τῇ
2923 474 3237 546 δικαιοσύνῃ
3265 481 3380 537 σου,

494 542 550 595 4.
594 541 659 596 Ει
687 559 795 597 non
819 544 989 600 intres
1024 548 1076 599 in
1100 548 1366 615 judicium
1406 564 1531 602 cum
1563 564 1724 603 servo
1750 560 1843 604 tuo
1874 568 1891 603 ε

2162 564 2215 618 4.
2262 564 2365 617 Kal
2401 564 2472 633 μὴ
2498 541 2742 633 εἰσέλθῃς
2761 567 2840 626 είς
2862 541 3042 634 κρίσιν
3068 541 3319 633 μετὰ-τοῦ
3342 565 3535 619 δούλου
3554 582 3661 619 σου·

496 633 550 687 5.
589 632 731 700 Quia
748 649 856 690 non
882 636 1274 708 justiﬁcabitur
1300 640 1353 692 in
1377 652 1673 708 conspectu
1700 650 1792 694 tuo
1811 642 1986 696 omnis

2161 653 2213 707 5.
2232 655 2353 706 Ὅτι
2387 655 2447 706 οὐ
2477 655 2895 725 δικαιωθήσεται
2929 654 3158 709 ἐνώπιόν
3189 672 3283 709 σου
3313 657 3423 719 πᾶς
3454 655 3580 721 ζῶν.

424 739 629 780 νινθιιε.

493 814 547 869 6.
590 814 732 882 Quia
762 830 1081 886 persecutus
1118 830 1201 875 est
1225 821 1482 876 inimicus
1512 823 1753 876 animam
1776 838 1951 877 meam
1977 842 1990 876 :

1977 842 1990 876 :
2166 822 2217 877 6.
2239 824 2360 874 Ὂτι
2393 821 2715 887 κατεδίωξεν
2744 826 2771 876 6
2798 823 2991 895 ἐχθρὸς
3014 824 3111 894 τὴν
3138 824 3318 894 ψυχήν
3354 842 3459 894 μου
3478 840 3493 855 ⁶

496 906 547 961 7.
592 906 905 965 Humiliavit
944 912 997 966 in
1032 923 1174 967 terra
1206 916 1372 968 vitam
1405 924 1603 969 meam.
1663 922 1701 967 .'

2168 916 2219 967 7.
2251 915 2640 966 Ἐταπείνωσεν
2667 918 2745 978 εἰς
2774 916 2877 984 γῆν
2905 915 3001 985 τὴν
3023 915 3167 985 ζωήν
3198 932 3317 985 μου.

492 996 547 1051 8.
581 1000 872 1057 Collocavit
918 1020 1004 1058 me
1044 1005 1102 1058 in
1133 1006 1381 1061 obscuris
1413 1008 1555 1062 sicut
1596 1018 1841 1064 mortuos
1894 1022 1990 1062 Ste-

2168 1004 2219 1059 8.
2257 1006 2504 1058 Ἐκάθισέ
2542 1022 2607 1075 με
2642 1008 2698 1059 ἑν
2732 1008 3024 1068 σκοτεινοῖς
3046 1006 3117 1069 ὡς
3148 1008 3376 1077 νεκροὺς
3404 1006 3620 1089 αἰῶνος,

418 1090 555 1154 culi,

494 1183 549 1239 9.
577 1182 643 1237 Et
668 1184 921 1241 anxiatus
951 1195 1035 1240 est
1071 1201 1233 1256 super
1268 1203 1353 1242 me
1387 1188 1611 1257 spiritus
1646 1202 1845 1244 meus:

2168 1190 2220 1243 9.
2256 1189 2366 1242 Καὶ
2387 1190 2681 1258 ὴκηδίασεν
2709 1189 2796 1240 ἐπ’
2822 1187 2922 1257 ἐμὲ
2950 1186 3010 1238 τὸ
3030 1185 3247 1256 πνεῦμά
3278 1203 3381 1255 μου
3405 1203 3418 1216 ·

494 1274 582 1330 10.
610 1274 668 1332 In
699 1292 785 1331 me
811 1277 1087 1333 turbatum
1118 1289 1201 1335 est
1231 1296 1327 1335 cor
1352 1296 1559 1339 meum.

2165 1279 2254 1335 10.
2303 1281 2391 1333 Ἐν
2422 1280 2543 1350 ἐμοὶ
2576 1278 2851 1351 ἐταράχθη
2883 1281 2917 1349 ἠ
2948 1277 3141 1347 καρδία
3180 1293 3300 1347 μου.

1547 1454 1926 1511 ATHANASII
1963 1454 2548 1512 INTERPRETATIO.

423 1630 685 1686 δαίων.Ἣ
716 1636 849 1688 τότε
882 1630 1039 1706 [sitm
1065 1635 1249 1707 ὁπότε]
1280 1636 1466 1691 αὑτὸν
1490 1636 1846 1691 κατεδίωκον
1872 1637 2205 1707 Ἀϐεσαλὼμ
2230 1642 2263 1692 ὀ
2290 1638 2418 1704 υίὸς
2449 1637 2633 1693 αὑτοῦ
2652 1654 2665 1667 ·
2708 1637 3041 1705 ’Δόεσαλὼμ
3074 1636 3432 1707 ἑρμηνεύεται
3480 1632 3680 1701 πατὴρ

378 1730 381 1735 ’
422 1728 697 1797 εἰρήνης’
724 1731 814 1784 τὸν
841 1732 967 1785 λαὸν
988 1728 1079 1785 οὖν
1114 1734 1203 1785 τὸν
1232 1734 1624 1805 ἐπιστρέφοντα
1649 1732 1757 1786 τῶν
1792 1733 2056 1786 Ἰουδαίων
2087 1734 2409 1786 κατεδίωκεν
2429 1736 2457 1786 6
2481 1732 2659 1806 πατὴρ
2681 1732 2779 1801 τῆς
2804 1732 3019 1802 εἰρήνης
3053 1729 3257 1800 Ἰησοῦς
3278 1728 3479 1782 ὡσανεὶ
3504 1730 3533 1781 6
3560 1729 3682 1798 δρο-

428 1820 572 1888 μέως
601 1820 897 1895 [δρομεὺς]·
930 1824 1285 1894 κατελήλυθεν
1328 1824 1531 1893 Ἰησοῦς
1561 1826 1624 1875 ὲκ
1658 1822 1765 1875 τῶν
1797 1821 2040 1892 οὐρανῶν
2068 1820 2161 1873 τοῦ
2189 1825 2479 1891 κατασχεῖν
2514 1822 2673 1875 αὑτὸν
2704 1822 2783 1883 είς
2817 1820 3107 1891 σωτηρίαν.
3130 1818 3298 1872 Τοῦτο
3320 1817 3429 1888 γὰρ
3470 1833 3681 1887 μεμνη-

427 1916 586 1985 μένος
606 1920 632 1970 ό
656 1919 941 1990 Προφήτης
972 1920 1154 1989 ἔλεγεν
1175 1938 1187 1951 ·
1216 1921 1351 1990 μετὰ
1382 1919 1439 1972 δὲ
1470 1920 1568 1987 τῆς
1598 1918 1761 1987 άλλης
1790 1918 2082 1987 ἑρμηνείας
2112 1918 2209 1986 τῆς
2235 1917 2641 1988 παρακειμένης
2671 1915 2747 1986 τῷ
2782 1916 2946 1984 στίχῳ
2968 1912 3059 1965 τοῦ
3086 1912 3433 1979 ὀγδοδεκὰτου
3464 1909 3681 1979 ψαλμοῦ

423 2010 620 2080 ὁμοίως
644 2012 697 2063 δὲ
726 2012 885 2065 τοῦτο
917 2014 1088 2086 δηλῶν
1118 2014 1179 2066 τὸ
1210 2010 1641 2079 καταϐεϐηκέναι
1672 2010 1830 2062 αὑτὸν
1864 2010 1929 2061 ἑκ
1958 2008 2064 2061 τῶν
2097 2009 2339 2080 οὐρανῶν
2367 2010 2427 2061 ὲν
2454 2008 2531 2079 τῷ
2560 2010 2735 2077 λέγειν
2762 2008 2918 2061 αὐτόν
2937 2024 2950 2037 '
2982 2004 3424 2074 ’Arai.ltd0'erat
3472 2006 3554 2068 ὠς
3596 2005 3682 2070 γί-

421 2119 531 2172 γας
567 2102 808 2172 δραμεῖν
834 2104 993 2170 ὁδὸν,
1023 2106 1124 2160 ἀπ’
1156 2103 1339 2169 ἄκρου
1375 2100 1482 2155 τοῦ
1512 2101 1768 2168 οὐρανοῦ
1799 2102 1837 2168 ἠ
1865 2099 2072 2164 ἔξοδος
2101 2100 2307 2165 αὐτοῦ,
2338 2100 2434 2154 καὶ
2488 2100 2554 2152 τὸ
2599 2098 2938 2166 κατάντημα
2979 2096 3162 2149 αὑτοῦ
3203 2094 3313 2159 ἓως
3347 2093 3535 2160 ἄκρου
3572 2090 3684 2144 τοῦ

422 2196 699 2261 οὐρανοῦ.
733 2196 880 2267 Αὕτη
913 2193 1003 2251 οὖν
1033 2201 1066 2268 ἡ
1098 2198 1360 2269 ἑρμηνεία
1384 2197 1477 2249 τοῦ
1500 2197 1914 2266 ἐπιγράμματος
1934 2212 1945 2224 ·
1982 2195 2204 2265 Ψαλμὸς
2230 2195 2308 2264 τῷ
2337 2195 2447 2265 λαῷ
2475 2194 2580 2248 τῶν
2627 2193 2889 2247 Ἰουδαίων
2916 2191 2992 2261 τῷ
3008 2190 3393 2261 ἐπιστρέψαντι
3424 2187 3563 2257 πρὸς
3592 2186 3683 2239 τὸν

423 2284 578 2348 Θεὸν,
604 2287 692 2338 ὅτε
720 2288 748 2339 6
778 2287 955 2357 πατὴρ
979 2288 1077 2357 τῆς
1109 2290 1330 2359 είρήνης
1374 2286 1577 2356 Ἰησοῦς
1604 2286 1930 2338 κατεδίωκεν
1961 2286 2067 2338 ἀπὸ
2093 2284 2203 2337 τῶν
2228 2285 2470 2356 οὐρανῶν
2501 2284 2560 2336 τὸ
2584 2283 2737 2351 γένος
2765 2282 2873 2334 τῶν
2913 2282 3230 2353 ἀνθρώπων.
3264 2279 3545 2332 συλλαϐεῖν
3586 2278 3684 2331 αξι-

422 2374 549 2436 τοὺς
577 2376 655 2437 εἰς
686 2378 977 2446 σωτηρίαν.
1017 2378 1088 2430 Τὸ
1116 2378 1170 2431 δὲ
1202 2381 1373 2431 είπεῖν
1408 2381 1463 2431 ὲν
1489 2376 1566 2447 τῷ
1598 2376 1995 2445 ἐπιγράμματι,
2026 2375 2123 2428 ὅτε
2164 2378 2196 2428 ὁ
2238 2376 2368 2439 υίὸς
2398 2374 2503 2426 τὸν
2543 2372 2766 2439 πατέρα
2793 2372 2975 2424 αὑτοῦ
3011 2370 3345 2433 κατεδίωκε,
3386 2368 3546 2437 δῆλον
3586 2368 3680 2418 εύ-

423 2470 609 2538 ρήσεις
631 2470 803 2525 τοῦτο.
822 2472 881 2524 Ὀ
908 2474 1014 2544 γὰρ
1042 2474 1227 2543 Πατὴρ
1256 2476 1351 2545 τῆς
1382 2476 1601 2543 εἰρήνης
1629 2471 1853 2541 Ἰησοῦς,
1871 2474 1899 2523 6
1922 2470 2046 2532 Υἱὸς
2066 2469 2302 2537 γεγονὼς
2336 2468 2475 2521 κατὰ
2500 2467 2655 2537 χάριν
2685 2466 2815 2518 ἰδίαν
2840 2464 2947 2517 τῶν
2977 2462 3263 2531 Ἰουδαίων,
3285 2460 3453 2522 οὕτως
3477 2457 3679 2511 ἐσπού-

422 2559 551 2623 δαζε
587 2562 865 2617 συλλαϐεῖν
899 2566 1095 2628 αὐτοὺς
1119 2567 1222 2619 ὑπὸ
1250 2567 1345 2630 τὰς
1371 2570 1645 2638 πτέρυγας
1677 2565 1844 2620 αὑτοῦ
1872 2566 1954 2627 εἰς
1992 2564 2283 2633 σωτηρίαν·

422 2654 632 2720 quando
674 2670 790 2707 eum
834 2656 1235 2723 persequebatur
1272 2657 1518 2710 Absalom
1558 2658 1703 2723 ﬁlius
1737 2656 1848 2723 ejus
1881 2670 1900 2707 :
1930 2654 2177 2707 Absalom
2230 2656 2614 2723 interpretatur
2642 2662 2791 2723 pater
2828 2654 2974 2723 pacis
3009 2668 3027 2705 :
3054 2651 3311 2721 populum
3354 2650 3523 2720 igitur
3571 2644 3677 2699 Juo

432 2745 669 2797 daeorum
704 2754 1106 2799 convertentem
1133 2763 1189 2801 se
1216 2749 1638 2816 persequebatur
1672 2757 1820 2815 pater
1848 2746 1994 2815 pacis
2024 2745 2181 2799 Jesus
2205 2746 2369 2799 veluti
2399 2760 2590 2799 cursor
2618 2764 2631 2799 :
2664 2745 2940 2801 descendit
2969 2745 3117 2799 enim
3144 2744 3301 2797 Jesus
3345 2758 3376 2796 e
3400 2743 3570 2804 ctelo,
3616 2748 3681 2794 ut

432 2854 558 2893 eum
592 2841 1017 2908 appreltenderet
1041 2881 1054 2906 ,
1090 2857 1153 2896 ac
1193 2843 1399 2897 salvum
1434 2841 1653 2895 faceret.
1689 2841 1799 2894 Hoc
1837 2841 1979 2894 enim
2022 2855 2454 2895 commemorans
2502 2837 2769 2909 Propheta
2798 2840 2995 2893 cecinit
3027 2838 3245 2907 (juncta
3297 2835 3517 2905 quidem
3567 2833 3679 2886 alia

433 2933 879 3000 interpretatione
922 2936 1165 3005 apposita
1213 2938 1484 2991 versiculo
1535 2938 1727 3006 psalmi
1757 2936 1952 2990 decimi
2000 2938 2211 3001 octavi,
2248 2937 2342 3005 qui
2373 2936 2475 2990 hoc
2511 2936 2687 3004 ipsum
2732 2935 3036 3004 signiﬁcat,
3076 2932 3419 2988 descendisse
3448 2946 3574 2985 eum
3608 2932 3680 2983 de

430 3026 627 3094 C(elis).
654 3026 838 3083 dicens
862 3045 875 3080 :
896 3026 1194 3083 Exsultavit
1242 3040 1299 3082 ut
1343 3032 1488 3100 gigas
1525 3037 1591 3082 ad
1617 3030 1926 3081 currendum
1956 3029 2110 3090 viam,
2139 3047 2169 3081 a
2202 3045 2403 3081 summo
2434 3028 2560 3080 caelo
2585 3028 2809 3096 egressio
2848 3028 2981 3097 ejus,
3011 3037 3059 3081 et
3084 3043 3327 3081 occursus
3353 3026 3466 3094 ejus
3511 3040 3682 3093 usque

432 3120 503 3171 ad
536 3134 796 3170 summum
823 3119 959 3187 ejus.
987 3118 1112 3174 Haec
1141 3121 1304 3188 igitur
1335 3132 1415 3175 est
1440 3120 1807 3188 interpretatio
1845 3104 2213 3189 inscriptionis
2251 3139 2263 3173 :
2300 3119 2549 3173 Psalmus
2573 3120 2773 3186 populo
2806 3117 3116 3172 Iudaeorum
3148 3116 3481 3172 convertenti
3510 3132 3570 3171 se
3598 3117 3672 3170 ad

439 3209 646 3274 Deum,
690 3210 903 3278 quando
949 3219 1101 3281 pater
1147 3214 1295 3280 pacis
1336 3211 1496 3267 Jesus
1532 3212 1955 3281 persequebatur
1982 3231 2012 3267 e
2050 3213 2202 3268 cmlis
2242 3226 2411 3279 genus
2442 3212 2763 3275 humanum,
2809 3221 2867 3265 ut
2895 3210 3373 3279 comprehenderet
3412 3226 3536 3263 cum
3560 3251 3576 3275 ,
3614 3220 3673 3263 et

434 3301 687 3358 salvaret.
732 3302 888 3367 Quod
943 3312 1121 3357 autem
1162 3304 1359 3356 dicitur
1397 3304 1451 3357 in
1494 3304 1848 3372 inscriptione
1883 3322 1895 3357 :
1930 3308 2137 3373 quando
2180 3305 2323 3373 [ilius
2365 3313 2565 3370 patrem
2609 3320 2763 3357 suum
2809 3303 3231 3372 persequebatur,
3277 3300 3567 3356 manifesto
3620 3302 3679 3356 id

442 3394 764 3462 comperies.
791 3392 950 3447 Pater
977 3394 1120 3449 enim
1146 3396 1293 3463 pacis
1322 3392 1501 3461 Jesus,
1534 3396 1702 3450 Filius
1730 3412 1822 3465 per
1860 3398 2087 3463 gratiam
2120 3413 2274 3453 suam
2319 3395 2628 3452 Judaeorum
2658 3396 2853 3465 factus,
2880 3398 2954 3452 ita
2978 3395 3185 3452 studuit
3210 3395 3679 3465 comprehendere

430 3502 526 3540 eos
560 3485 662 3539 sub
694 3486 808 3538 alas
836 3499 985 3549 suas,
1018 3494 1077 3539 ut
1106 3488 1284 3540 salvos
1314 3486 1531 3542 faceret.

500 3600 553 3652 5.
597 3600 661 3652 Et
694 3599 857 3669 imple
889 3615 1008 3653 eam
1044 3615 1142 3669 per
1174 3602 1369 3671 ipsum.

2028 3593 2071 3646 Β
2170 3605 2223 3659 5.
2264 3606 2373 3657 Καὶ
2400 3605 2687 3677 πλήρωσον
2717 3604 2888 3675 αὐτὴν
2916 3603 2982 3656 δι’
3008 3603 3193 3656 αὑτοῦ.

496 3689 555 3745 4.
594 3687 657 3742 Et
686 3704 752 3743 ne
780 3689 913 3743 velis
955 3690 1217 3743 rationem
1256 3706 1468 3745 mecum
1504 3706 1739 3760 ponere,
1775 3692 1880 3747 hoc
1906 3701 1989 3747 est

2161 3697 2213 3750 4.
2255 3699 2365 3750 Καὶ
2397 3698 2471 3767 μὴ
2503 3697 2734 3767 θελήσῃς
2760 3698 2986 3766 συνᾶραι
3016 3696 3171 3763 λόγον
3200 3697 3315 3765 μετ’
3336 3693 3493 3765 ἐμοῦ,
3514 3712 3676 3749 τουτ-

427 3796 653 3834 examen
690 3779 867 3835 facere
900 3781 1249 3850 iniquitatum
1290 3798 1557 3835 mearum.

2092 3788 2237 3840 ἐστιν
2271 3788 2514 3853 ἐξέτασιν
2547 3788 2870 3858 ποιήσασθαι
2893 3787 2999 3839 τῶν
3029 3787 3263 3856 ἀνομιῶν
3294 3804 3393 3857 μου
3426 3787 3525 3857 (1).

499 3871 553 3927 5.
593 3870 861 3937 Quoniam
895 3888 1002 3925 non
1035 3880 1118 3926 est
1139 3872 1345 3941 justus,
1378 3888 1553 3942 neque
1588 3889 1764 3927 unus:
1799 3873 1989 3927 Omnes

2164 3878 2216 3933 5.
2239 3878 2361 3930 ’Ότι
2394 3879 2492 3929 οὐκ
2523 3878 2668 3931 ἔστιν
2716 3877 2942 3940 δίκαιος,
2984 3875 3106 3928 οὔτε
3145 3871 3256 3937 εἷς·
3286 3875 3517 3940 Πάντες
3560 3875 3678 3943 γὰρ

426 3963 565 4017 enim
591 3972 949 4030 Peccauerunt,
983 3972 1031 4017 et
1054 3973 1197 4034 egent
1226 3964 1395 4034 gloria
1425 3972 1534 4029 tua,
1554 3965 1843 4033 justiﬁcati
1864 3982 1950 4035 gra

2153 3982 2382 4033 uapzor,
2401 3966 2496 4019 καί
2518 3966 2907 4034 ὑστεροῦνται
2930 3964 3037 4033 τῆς
3052 3964 3234 4031 δόξης
3258 3979 3395 4029 σου,
3410 3963 3677 4018 δικαιού-

429 4054 493 4110 tis
522 4056 697 4124 gratia
722 4064 811 4107 tua
836 4056 876 4109 ⁸.

2092 4073 2263 4124 μενοι
2300 4056 2524 4124 δωρεὰν
2545 4055 2623 4124 τῇ
2650 4056 2733 4125 σῇ
2766 4056 2982 4125 χάριτι.

499 4143 556 4197 6.
595 4144 1021 4213 Comprehendit
1046 4145 1296 4200 diabolus
1323 4147 1560 4200 animam
1585 4163 1782 4202 meam.

2164 4146 2215 4199 6.
2257 4147 2520 4217 Συνέσχεν
2550 4147 2623 4217 (2)
2660 4150 2688 4199 6
2714 4146 2957 4208 διάϐολος
2980 4147 3077 4215 τὴν
3104 4146 3279 4216 ψυχήν
3312 4162 3434 4215 μου.

498 4234 553 4290 7.
594 4234 939 4291 Mortiﬁcavit
980 4238 1036 4291 in
1085 4238 1317 4293 terrenis
1367 4239 1826 4308 concupiscentiis
1874 4239 1994 4293 ani-

2170 4237 2219 4291 7.
2248 4238 2612 4293 Ἐθανάτωσεν
2644 4240 2723 4301 είς
2754 4238 2851 4302 τὰς
2886 4239 3077 4307 γηίνας
3108 4237 3401 4307 ἐπιθυμίας
3435 4238 3536 4308 τὴν
3562 4237 3669 4307 cpu—

425 4341 570 4381 mam
599 4342 792 4381 meam.

2096 4331 2196 4401 χήν
2234 4348 2356 4401 μου.

498 4418 549 4473 8.
587 4419 1052 4485 Quemadmoaum
1078 4429 1323 4477 mortuos
1345 4421 1399 4475 in
1425 4421 1796 4477 monumentis
1825 4421 2000 4476 inclu-

2171 4421 2226 4477 8.
2273 4423 2360 4485 Ὣς
2392 4423 2519 4485 τοὺς
2546 4422 2621 4492 (5)
2675 4421 2900 4493 νεκροὺς
2953 4421 3011 4474 ἐν
3054 4422 3165 4483 τοῖς
3216 4421 3491 4490 μνήμασιν
3532 4422 3671 4475 ἁπο-

426 4509 582 4576 dunt,
612 4519 665 4563 et
702 4510 984 4564 dimittunt
1013 4527 1107 4565 eos
1151 4512 1205 4564 in
1245 4511 1413 4567 fetore
1461 4530 1575 4567 sua:
1608 4515 1950 4583 corruptioni:

2146 4512 2362 4577 λείουσι,
2394 4514 2488 4565 καὶ
2522 4512 2683 4564 ἐῶσιν
2715 4514 2909 4575 αὐτοὺς
2962 4513 3018 4563 ἑν
3060 4514 3124 4581 τῇ
3158 4511 3388 4581 δυσωδία
3414 4513 3514 4581 τῆς
3551 4512 3670 4569 δια-

427 4602 501 4654 ita
531 4602 695 4655 etiam
734 4602 865 4655 mihi
896 4602 1020 4656 fecit
1050 4604 1316 4659 diabolus.
1355 4605 1631 4660 Conclusit
1656 4606 1799 4659 enim
1833 4606 1951 4658 mei

2142 4602 2306 4672 θορᾶς
2340 4603 2539 4668 αὐτῶν,
2575 4603 2747 4665 οὕτως
2782 4603 3049 4672 πεποίηκέ
3101 4620 3187 4672 μοι
3226 4605 3319 4655 καὶ
3347 4604 3375 4653 6
3396 4604 3662 4667 διάϐολος.

428 4691 620 4746 [αξιοι-θ
647 4702 990 4762 peccatorum
1025 4710 1291 4759 meorum,
1319 4704 1377 4749 ut
1406 4712 1805 4765 corrumpcrer,
1837 4708 1890 4749 et
1919 4697 1952 4749 il

2140 4693 2421 4745 Ᾱπέκλεισε
2450 4695 2555 4765 γάρ
2589 4712 2655 4765 με
2679 4697 2734 4747 ὲν
2760 4698 2823 4763 τῇ
2858 4695 3085 4765 δυσωδία
3108 4695 3215 4747 τῶν
3244 4696 3530 4765 ἁμαρτιῶν
3560 4713 3664 4765 μου

423 4785 756 4852 computrui,
779 4795 837 4838 ut
862 4784 1105 4839 faetorem
1146 4802 1357 4848 eorum,
1383 4802 1501 4856 quae
1529 4787 1652 4853 feci,
1684 4803 1789 4841 non
1830 4787 1947 4843 ferre

2138 4784 2537 4855 ιαφθείρεσθαι,
2599 4785 2693 4837 καὶ
2737 4785 2908 4849 οὕτως
2954 4786 3336 4858 προσώζουσα,
3373 4789 3515 4840 ὥστε
3562 4787 3662 4858 τὴν

424 4876 604 4929 anima
641 4893 781 4942 mea,
816 4878 909 4931 sed
934 4894 989 4932 se
1018 4879 1188 4947 ipsam
1217 4879 1641 4931 abominaretur.

2136 4873 2356 4927 JawBlav
2398 4868 2471 4926 ὧν
2496 4875 2707 4945 ἔπραξα
2739 4876 2813 4946 μὴ
2845 4875 3029 4946 φέρειν
3061 4877 3157 4946 τὴν
3182 4876 3357 4947 ψυχήν
3390 4894 3516 4947 μου,
3546 4878 3660 4933 ἀλλ’

2093 4965 2287 5036 ἑαυτὴν
2318 4965 2708 5035 βδελύττεσθαι.

492 5052 547 5106 9.
579 5052 643 5105 Et
671 5054 1002 5108 conscientia
1033 5056 1215 5109 cordis
1243 5057 1373 5119 mei,

2162 5056 2213 5109 9.
2252 5058 2360 5113 Καὶ
2386 5056 2444 5108 τὸ
2480 5056 2716 5121 συνειδὸς
2741 5059 2838 5128 τῆς
2871 5057 3095 5127 καρδίας
3131 5076 3230 5129 μου
3253 5096 3268 5121 ,

495 5142 582 5198 10.
618 5143 755 5200 Cum
794 5148 1109 5204 recordarer
1138 5148 1306 5202 futuri
1333 5147 1549 5217 judicii,
1579 5146 1775 5201 timore
1802 5162 1987 5202 corre-

2167 5148 2248 5203 10.
2283 5149 2627 5219 Μνησθὲντος
2656 5168 2754 5221 μου
2774 5152 2873 5222 τῆς
2906 5150 3200 5223 μελλούσης
3230 5151 3484 5222 κρίσεως,
3508 5152 3655 5223 φόϐῳ

420 5244 512 5308 pta
548 5246 629 5291 est

2096 5239 2409 5310 συνεσχέθη.

493 5350 513 5379 ⁸
554 5348 707 5401 Rom.
738 5365 816 5409 ιιι,
856 5348 942 5413 10,
973 5350 1067 5405 25.

1340 5417 1649 5479 Addenda
1714 5426 1776 5480 et
1829 5422 2197 5501 corrigenda
2248 5443 2327 5487 ex
2358 5426 2497 5488 cod.
2544 5427 2747 5491 Vatic.

586 5518 899 5598 :éuapttt'iw
928 5538 1049 5589 μου.
2096 5526 2376 5598 ἁμαρτιῶν
2402 5526 2827 5598 διαφθείρεσθαι,
2851 5524 2942 5581 καὶ
2960 5527 3130 5592 οὓτως
3157 5525 3493 5598 προσώζεσα,
3513 5532 3648 5598 _etc.,

492 5585 1158 5671 QKQTPBVFEXEVnelca
1285 5661 1299 5671 .
1419 5658 1499 5671 ..
1726 5661 1739 5671 .
1862 5660 1884 5671 -

2122 5585 2171 5667 ιίὴ
2202 5585 2440 5667 ᾡθείρειν
2470 5585 2586 5671 τὴν,
2610 5585 3167 5671 ὲιοηλβδελύσσεσθᾶι.
3200 5585 3274 5651 ’Ν.
3316 5585 3394 5650 10.
3428 5585 3535 5648 Kal
3563 5585 3646 5660 τό,

492 5656 570 5723 (5)
596 5656 661 5738 Νε
685 5656 740 5738 8,
760 5658 814 5712 9.
832 5656 1084 5738 Ὠς’.τούς,
1112 5668 1242 5738 etc_.,
1273 5658 1651 5738 ἀποκλείουσιν
1694 5661 1742 5712 οἱ
1796 5660 1991 5738 τεθνη-

1324 5658 1651 5738 {cogemung
1694 5661 1742 5712 οἱ
1796 5660 1991 5738 τεθνῃ-
2091 5656 2399 5737 ὲιό.ἰιε‹ιίιο
2433 5668 2499 5722 ad
2525 5656 2848 5738 ’συνεσχέθψ

424 5725 579 5789 κότες
597 5728 811 5792 αὐτοὺς,
847 5729 962 5794 καί,
992 5738 1120 5790 etc.,
1148 5730 1243 5800 τῆς
1271 5730 1475 5803 φθορᾶς
1515 5728 1713 5797 αὐτῶν,
1738 5738 1841 5784 etc.
1874 5725 1981 5784 τῶν
