3860 6220
444 337 584 393 1505
842 319 844 321 ’
1243 335 1300 390 s.
1345 331 1724 388 arnanasn
1764 331 1916 387 ore.
1961 331 1968 383 ι

2185 331 2268 384 ΙΙΙ.
2313 363 2380 370 -—
2421 331 2834 386 EXEGETICA.
3553 327 3580 379 ‘l
3593 327 3693 382 501

507 452 598 505 27.
637 450 871 520 Spiritus
917 461 1040 506 tuus
1085 451 1262 506 bonus
1293 451 1524 506 deducet
1565 465 1652 522 me
1679 451 1758 504 .in
1809 463 2008 504 terram

2183 448 2270 501 27.
2309 448 2382 500 Τὸ
2413 447 2638 518 Πνεῦμά
2689 463 2780 500 σου
2819 445 2880 498 τὸ
2909 442 3116 511 ἀγαθὸν
3143 443 3404 514 ὁδηγήσει
3440 459 3508 514 με
3539 445 3598 496 ὲν
3627 447 3696 512 γῇ

444 551 588 596 recta
595 558 644 596 m
654 581 665 592 .

2126 539 2328 596 εὐθεία-

510 633 599 686 28.
631 631 855 702 Propter
889 647 1084 687 nomen
1115 639 1292 694 tuum,
1325 631 1573 696 Domine,
1605 631 1910 688 viviticabis
1935 645 2018 682 me

2197 630 2282 683 28.
2317 631 2538 684 Ἕνεκεν
2569 630 2664 694 τοῦ
2689 627 2950 697 ὀνόματός
2976 643 3090 692 σου,
3115 625 3311 696 Κύριε,
3339 623 3526 696 ζήσεις
3563 641 3624 692 με
3645 627 3703 676 ἐν

449 725 501 778 in
531 724 804 794 equitate.

2127 727 2192 794 τῇ
2226 722 2540 792 δικαιοσύνῃ
2572 737 2683 774 σου.

513 814 602 868 29.
633 813 840 868 Educes
861 813 926 868 de
955 813 1304 868 tribulatione
1339 812 1578 866 animam
1603 825 1806 874 meam,

2199 815 2287 866 29.
2338 813 2578 879 Ἐξάξεις
2607 815 2670 866 ὲκ
2699 811 2932 881 θλίψεως
2961 811 3062 881 τὴν
3085 810 3264 881 ψυχήν
3298 824 3423 879 μου,

515 905 603 960 50.
637 905 700 960 Ει
745 906 800 959 in
851 905 1234 966 misericordia
1273 915 1368 960 tua
1426 903 1711 973 diSperdes
1761 902 2020 958 inimicos

2195 905 2283 959 30.
2312 905 2422 958 Καὶ
2449 904 2504 956 ὲν
2527 902 2605 973 τῷ
2625 903 2766 956 ὲλέει
2789 919 2882 955 σου
2905 900 3306 972 ὲξολοθρεύσεις
3331 898 3458 962 τοὺς
3485 896 3707 967 ἐχθρούς

447 1013 598 1052 111005
607 1038 619 1050 .

2136 1013 2234 1064 μου
2245 1038 2254 1048 .

515 1089 602 1144 51.
637 1087 704 1142 Et
735 1087 926 1158 perdes
945 1099 1136 1143 omnes
1157 1087 1250 1158 qui
1278 1087 1538 1143 tribulant
1555 1086 1794 1144 animam
1823 1101 2020 1152 meam.

2203 1085 2288 1139 51.
2323 1084 2428 1140 Καὶ
2457 1085 2678 1147 ἀπολεῖς
2701 1084 2916 1146 πάντας
2943 1083 3068 1146 τοὺς
3095 1081 3380 1145 θλίϐοντας
3401 1079 3504 1150 τὴν
3537 1079 3713 1148 ψυχήν

518 1261 606 1316 52.
636 1261 904 1326 Quoniam
929 1277 1030 1334 ego
1051 1277 1240 1317 servus
1273 1271 1402 1317 tuus
1431 1277 1574 1317 sum.

2179 1195 2258 1231 ου·

1571 1304 1574 1315 ι
2139 1195 2178 1247 μ
2207 1269 2296 1324 52.
2335 1269 2454 1322 Ὅτι
2485 1267 2596 1336 ἐγὼ
2623 1267 2806 1332 δοῦλός
2840 1285 2933 1320 σου
2964 1266 3095 1338 εἰμί.

453 1395 697 1451 Psalmus
729 1397 918 1458 David,
957 1399 1202 1452 adversus
1235 1397 1470 1452 Goliath.
1511 1395 1708 1452 PSAL.
1757 1395 1977 1450 CXLII.

2191 1402 2386 1472 ἀλμὸς
2412 1401 2491 1468 τῷ
2519 1401 2715 1466 Δαϐὶδ,
2750 1401 2898 1472 πρὸς
2921 1401 3025 1455 τὸν
3049 1400 3294 1454 Γολιὰθ.
3325 1401 3504 1456 ΨΔΛ.
3527 1395 3715 1450 ΡΜΡ.

525 1509 576 1559 1.
603 1507 925 1568 Benedictus
948 1508 1210 1564 Dominus
1238 1509 1386 1565 Deus
1413 1524 1572 1564 meus
1603 1509 1698 1578 qui
1729 1507 1888 1564 docet
1913 1523 2029 1564 ma-

2209 1517 2259 1568 1.
2289 1514 2594 1584 Εὐλογητὸς
2628 1513 2834 1587 Κύριος
2879 1515 2908 1566 6
2945 1513 3080 1576 Θεός
3111 1529 3212 1583 μου
3237 1551 3250 1576 ,
3277 1514 3306 1565 ὁ
3339 1512 3416 1582 (a)
3455 1509 3724 1564 διδάσκων

456 1615 558 1660 nus
591 1615 740 1654 meas
770 1601 835 1654 ad
863 1601 1132 1670 praelium,

2138 1607 2236 1668 τὰς
2263 1606 2450 1676 χεῖράς
2478 1623 2575 1674 μου
2603 1607 2682 1670 εἰς
2711 1603 3037 1676 παράταξιν.

524 1691 578 1744 2.
607 1691 673 1746 Et
701 1693 898 1762 digitos
927 1710 1076 1749 meos
1105 1695 1170 1748 ad
1205 1695 1428 1748 bellum.

2209 1697 2256 1748 2.
2296 1697 2432 1758 Τοὺς
2458 1696 2757 1758 δακτύλους
2785 1714 2888 1766 μου
2919 1697 3000 1758 εἰς
3027 1695 3281 1764 πόλεμον,

526 1782 577 1834 5.
605 1781 970 1839 Misericordia
1001 1800 1118 1839 mea
1143 1795 1195 1840 et
1225 1785 1492 1854 refugium
1527 1801 1729 1848 meum,

1699 1805 1729 1848 ι,
2212 1787 2264 1838 3.
2303 1785 2488 1848 Ἔλεός
2519 1803 2619 1853 μου
2654 1787 2748 1840 καὶ
2774 1787 3062 1856 καταφυγή
3101 1803 3223 1864 μου,

529 1961 602 2030 in)
639 1957 793 2015 νοτε.
819 1961 874 2014 2.
899 1963 1190 2016 Διδάσκων.

1587 2118 1962 2174 ATHANASII
2001 2112 2593 2172 lNTERPBETATlO.

531 2279 621 2334 27.
654 2277 779 2342 Tui,
805 2279 898 2348 qui
925 2279 1105 2334 bonus
1129 2293 1212 2343 es,
1245 2277 1426 2332 bonus
1453 2285 1510 2332 et
1537 2283 1762 2332 sanctus
1797 2275 2032 2345 Spiritus

2207 2271 2296 2325 27.
2329 2267 2430 2322 Σοῦ
2451 2267 2544 2320 τοῦ
2569 2265 2775 2334 ἀγαθοῦ
2799 2265 2860 2318 τὸ
2881 2265 3083 2334 ἀγαθὸν
3109 2265 3203 2318 καὶ
3225 2262 3379 2331 ἅγιον
3397 2259 3629 2331 Πνεῦμα
3655 2232 3731 2330 (1)

463 2374 695 2428 deducet
721 2387 828 2436 me,
857 2381 914 2424 ut
940 2371 1250 2440 perveniam
1281 2372 1336 2422 in
1369 2383 1664 2438 supernam
1707 2367 1987 2423 Jerusalen

2143 2365 2397 2435 ὁδηγήσει
2443 2379 2510 2432 με
2546 2359 2878 2426 καταντῆσαι
2909 2359 2964 2410 ὲν
2997 2359 3064 2427 τῇ
3093 2355 3204 2408 ἄνω
3240 2353 3625 2424 Ἰερουσαλήμ.

531 2464 622 2518 28.
649 2461 788 2530 Quia
813 2461 954 2516 Deus
973 2463 1163 2516 vivens
1187 2476 1270 2528 es,
1292 2469 1348 2516 et
1375 2460 1478 2515 hoc
1505 2459 1602 2514 tibi
1631 2475 1852 2524 nomen,
1883 2468 2042 2514 etme

2213 2455 2305 2508 28.
2339 2453 2416 2524 (Ξ)
2453 2453 2577 2504 Ὅτι
2623 2449 2730 2512 ζῶν
2759 2448 3040 2517 ὑπάρχων,
3081 2446 3177 2498 καὶ
3229 2442 3392 2498 τοῦτο
3425 2443 3604 2512 ὄνομα
3631 2457 3731 2506 σοι,

469 2555 570 2610 etsi
606 2554 992 2608 mortiiicatum
1033 2553 1246 2608 vivilica
1279 2553 1336 2606 in
1363 2551 1504 2606 Filio
1541 2559 1634 2606 tuo
1657 2551 1807 2620 justo
1835 2549 1993 2620 judie

2213 2546 2292 2616 ιμὲ
2325 2545 2416 2596 τὸν
2437 2540 2782 2613 νεκρωθέντα
2809 2537 3142 2608 ζωοποίησον
3168 2536 3226 2590 ὲν
3253 2533 3332 2606 τῷ
3387 2533 3508 2604 Υἱῷ
3539 2551 3632 2586 σου
3661 2531 3737 2602 τῷ

2148 2635 2514 2706 δικαιοκρίτῃ.

540 2735 630 2788 29.
666 2733 874 2788 Educes
902 2747 988 2786 me
1007 2747 1074 2786 ex
1104 2730 1342 2786 tenebris
1383 2739 1437 2784 et
1462 2729 1695 2786 vinculis
1729 2728 2042 2788 inhaerenti-

2221 2729 2312 2782 29.
2354 2726 2594 2793 Ἐξάξεις
2630 2742 2698 2796 με
2749 2725 2814 2776 ὲκ
2843 2719 2936 2775 τοῦ
2969 2721 3196 2783 σκότους
3235 2719 3330 2772 καὶ
3375 2717 3488 2771 τῶν
3519 2715 3739 2787 δεσμῶν

469 2825 572 2881 bus
596 2827 794 2880 anima:
817 2839 971 2880 meae.

2151 2823 2258 2874 τῶν
2292 2817 2668 2891 προκειμένων
2691 2817 2759 2886 τῇ
2781 2813 2926 2884 ψυχῇ
2961 2829 3083 2882 μου.

539 2917 629 2970 50.
663 2917 732 2970 Ει
763 2916 951 2972 videns
981 2916 1166 2986 plagas
1201 2914 1400 2968 animae
1443 2929 1598 2976 meae,
1629 2927 1767 2982 quas
1799 2911 2048 2966 fecerunt

2223 2913 2310 2968 '50.
2347 2911 2458 2963 Καὶ
2489 2907 2630 2976 ὁρῶν
2661 2906 2789 2968 τοὺς
2817 2903 3089 2974 μώλωπας
3107 2901 3208 2970 τῆς
3235 2899 3415 2968 ψυχῆς
3475 2913 3606 2966 μου,
3653 2894 3741 2957 οὓς

473 3004 606 3060 mihi
628 3005 836 3060 inimici
867 3003 997 3073 mei,
1029 3004 1437 3070 commiserere,
1465 3011 1520 3058 et
1543 3013 1744 3057 aeterno
1767 3001 1878 3073 igni
1897 3011 1997 3056 trar

2217 3000 2462 3072 ιποὶηκάν
2499 2999 2664 3070 μοιοὶ
2697 2994 2882 3066 ὲχθροί
2919 3009 3042 3064 μου,
3089 2988 3594 3060 εὐσπλαγχνίσθητι
3643 2989 3741 3058 (5),

475 3096 617 3151 illos.
2156 3095 2252 3148 acati.
2278 3093 2356 3162 τῷ
2381 3089 2586 3159 αἰωνίῳ
2618 3089 2754 3157 πυρὶ
2783 3084 3022 3156 παράδος
3043 3081 3274 3144 αὐτούς

547 3189 634 3242 51.
666 3185 733 3241 Et
775 3201 987 3252 omnes,
1018 3185 1112 3256 qui
1155 3184 1452 3252 subjiciunt
1488 3185 1638 3240 cordi
1681 3200 1804 3240 meo
1849 3185 2052 3254 impro-

2229 3185 2319 3238 51.
2343 3183 2456 3236 Καὶ
2478 3181 2684 3242 πάντας
2706 3178 2832 3240 τοὺς
2854 3173 3282 3245 ὑποτιθεμένους
3307 3172 3376 3243 τῇ
3407 3169 3617 3241 καρδίᾳ.
3647 3186 3743 3239 μου

479 3279 575 3332 bas
613 3278 737 3332 vitae
781 3277 1276 3347 concupiscentias,
1325 3275 1578 3344 disperde
1635 3275 1691 3330 in
1743 3275 2003 3346 gehennax

2223 3293 2257 3339 ις
2302 3273 2394 3327 τοῦ
2425 3274 2539 3343 βίου
2587 3269 2830 3341 πονηρὰς
2882 3266 3178 3337 ἐπιθυμίας
3232 3262 3518 3318 ἀπώλεσαν
3546 3264 3631 3326 εἰς
3655 3261 3747 3331 τὴν

481 3370 642 3440 ίῧυίδ·
2161 3371 2384 3437 γέενναν
2417 3365 2510 3418 τοῦ
2540 3364 2730 3436 πυρός.

551 3461 638 3514 52.
659 3459 927 3526 Quoniam
951 3476 1049 3532 ego
1069 3460 1307 3532 pretioso
1331 3469 1423 3514 tuo
1452 3459 1714 3528 sanguine
1745 3458 2056 3528 redemptus

2233 3459 2318 3511 52.
2348 3457 2468 3509 ’Ὁτι
2499 3453 2608 3522 ἐγὼ
2645 3451 2721 3522 τῷ
2747 3451 2914 3522 τιμίῳ
2947 3448 3136 3519 αἵματι
3169 3444 3244 3516 (4)
3297 3439 3702 3514 ὲξηγοράσθην.

484 3568 627 3610 sum.
2088 3559 2130 3615 ς,

581 3697 629 3748 Η
661 3696 995 3768 προκειμένη
1029 3695 1310 3766 ἐπιγραφὴ
1341 3695 1583 3766 περιέχει
1610 3693 1720 3764 (5)'
1755 3693 2003 3761 Ψαλμὸς
2031 3691 2110 3756 τῷ
2145 3689 2342 3754 Δαϐὶδ,
2370 3687 2522 3756 πρὸς
2555 3685 2662 3738 τὸν
2697 3681 2922 3737 Γολιάσ
2949 3697 2960 3708 ’
2987 3653 3148 3732 τοῦτο
3192 3671 3284 3730 οὖν
3329 3673 3487 3768 λέγει
3515 3671 3600 3740 τῷ
3648 3665 3750 3768 λαῷ

485 3789 562 3858 τῷ
589 3760 952 3857 πεποθημένῳ
986 3760 1092 3839 ὐπὸ
1129 3760 1221 3838 τοῦ
1249 3760 1388 3838 Θεοῦ
1416 3760 1553 3856 πρδς
1584 3760 1676 3837 τὸν
1699 3760 1942 3838 διάϐολον
1963 3800 1978 3815 ·
2011 3781 2370 3854 ἑρμηνεύεται
2397 3777 2506 3849 γὰρ
2534 3777 2592 3829 τὸ
2636 3775 2730 3828 τοῦ
2771 3771 2948 3826 Δαϐὶδ
2977 3771 3146 3840 ὄνομα
3176 3763 3625 3834 πεποθημένες,
3666 3760 3754 3812 καὶ

487 3881 545 3934 τὸ
573 3881 664 3935 τοῦ
705 3879 925 3936 Γολιὰθ
954 3881 1126 3950 δνομα
1147 3881 1512 3950 μετοικίζων,
1557 3879 1836 3932 τουτέστιν
1859 3876 2304 3948 αἰχμαλωτίζων
2325 3917 2337 3940 ,
2365 3876 2502 3943 ὅπερ
2531 3869 2718 3940 σαφῶς
2737 3871 2766 3922 6
2789 3867 3032 3930 διάϐολός
3063 3867 3236 3927 ἐστιν,
3256 3863 3284 3914 6
3309 3860 3524 3922 πάντας
3555 3858 3754 3926 αἰχμα-

487 3975 748 4038 λωτιζων.

559 4091 776 4145 Titulus
799 4089 1125 4161 praepositus
1150 4089 1395 4142 continet
1423 4105 1434 4139 :
1471 4085 1715 4139 Psalmus
1745 4083 1916 4138 David
1951 4083 2202 4138 adversus
2233 4079 2488 4160 Goliath;
2523 4081 2628 4135 hoc
2653 4078 2820 4149 igitur
2849 4073 2983 4130 dicit
3023 4071 3268 4144 psalmus
3303 4067 3508 4138 populo
3541 4063 3758 4119 deside-

489 4198 609 4242 rato
635 4205 662 4240 a
689 4185 798 4240 Deo
822 4186 1085 4240 adversus
1115 4183 1394 4238 diabolum
1423 4201 1432 4235 :
1469 4181 1670 4236 etenim
1700 4195 1898 4234 nomen
1928 4178 2100 4232 David
2128 4179 2517 4246 interpretatur
2545 4174 2898 4238 desideratus,
2928 4179 2984 4224 et
3012 4181 3210 4223 nomen
3243 4163 3462 4219 Goliam
3493 4161 3758 4227 interpre-

493 4295 635 4340 tatur
663 4281 1039 4350 transmigrare
1063 4280 1303 4350 faciens:
1329 4279 1435 4334 hoc
1468 4287 1554 4334 est
1583 4279 1640 4332 in
1673 4277 2034 4346 captivitatem
2079 4275 2306 4342 ducens,
2337 4272 2516 4344 qualis
2567 4268 2858 4326 manifeste
2891 4264 3146 4335 diabolus
3189 4269 3292 4328 est,
3325 4259 3422 4324 qui
3453 4271 3656 4310 omnes
3705 4255 3754 4306 in

491 4373 856 4444 captivitatem
879 4372 1050 4426 ducit.

564 4439 616 4520 1.
645 4465 954 4522 Secundum
1003 4473 1252 4518 naturam
1277 4463 1595 4520 benedictus
1629 4461 1896 4518 Dominus
1931 4462 2073 4518 Deus

2257 4460 2300 4513 Ι.
2332 4457 2490 4512 Κατὰ
2509 4456 2670 4525 φύσιν
2703 4451 2996 4522 εὐλογητὸς
3023 4452 3052 4504 ὀ
3077 4447 3282 4516 Κύριος
3302 4441 3427 4512 6(6)
3458 4439 3594 4502 Θεός
3637 4454 3751 4509 μου,

493 4579 685 4626 meus,
730 4561 826 4631 qui
877 4560 1048 4631 gratia
1101 4558 1276 4614 sancti
1334 4555 1570 4627 Spiritus
1628 4559 1714 4612 sui
1765 4555 1926 4610 docet
1981 4573 2017 4610 ο

2239 4551 2314 4621 (7)
2345 4554 2410 4620 τῇ
2440 4550 2624 4620 χάριτι
2657 4547 2751 4599 τοῦ
2785 4545 2940 4612 ἁγίου
2965 4540 3280 4608 Πνεύματος
3309 4532 3476 4588 αὐτοῦ
3491 4531 3755 4584 διδάσκων

497 4669 678 4708 meum
710 4668 768 4708 se
791 4653 972 4722 ipsum
1009 4664 1311 4720 praeparare
1341 4650 1604 4706 adversus
1649 4663 1868 4704 omnem
1899 4657 2021 4703 tent:

2233 4661 2274 4713 χν
2297 4641 2523 4713 καρδίαν
2556 4657 2656 4710 μου
2681 4633 3022 4706 εὐτρεπίζειν
3043 4629 3239 4700 ἑαυτὴν
3264 4625 3402 4696 πρὸς
3431 4623 3612 4678 πάντα
3643 4636 3757 4671 πει-

499 4749 722 4801 tionem.

2183 4733 2409 4804 ρασμόν.

567 4831 620 4884 2.
657 4830 722 4885 Ει
747 4839 980 4885 mentem
1009 4843 1186 4884 meam
1219 4827 1475 4882 resistere
1498 4825 1754 4880 omnibus
1785 4825 1908 4884 telis
1937 4825 2074 4894 igni-

2251 4825 2303 4876 2.
2331 4823 2439 4876 Καὶ
2462 4823 2561 4892 τὴν
2586 4821 2824 4876 διάνοιάν
2865 4836 2964 4889 μου
3005 4809 3360 4869 ἀνθίστασθαι
3394 4809 3534 4880 πρὸς
3587 4809 3760 4861 πάντα

502 4926 570 4980 tis
601 4923 828 4978 inimici.

2181 4913 2249 4964 τὰ
2287 4913 2412 4980 βέλη
2439 4911 2532 4963 τοῦ
2565 4909 2761 4980 ἐχθροῦ
2789 4907 2858 4961 τὰ
2891 4904 3281 4974 πεπυρωμένα.

573 5019 622 5072 '5.
663 5017 897 5086 chuies
933 5029 1052 5068 mea
1081 5023 1133 5067 et
1164 5013 1429 5082 protectio
1461 5025 1598 5071 mea.

2257 5006 2307 5058 ’5.
2350 5005 2676 5064 Ἀνάπαυσῐς
2707 5019 2829 5072 μου,
2867 5000 2960 5053 καἸι¹
2991 4999 3164 5067 σκέπη
3195 5013 3318 5065 μου.

1428 5273 1738 5336 Addenda
1796 5277 1857 5334 et
1901 5268 2272 5347 corrigenda
2321 5284 2400 5326 ex
2459 5265 2600 5327 cod.
2650 5263 2848 5324 Vatic.

582 5453 656 5516 (ι)
691 5451 764 5504 τδ
795 5449 950 5516 am
980 5445 1184 5513 ἀγαθὸν
1214 5443 1458 5516 Πνεῦμα,
1485 5449 1588 5494 ειο-
1909 5505 1920 5516 .
1975 5507 1998 5516 -
2270 5431 2348 5516 (5)
2391 5427 2574 5516 ζηὲιὲι
2604 5416 3585 5516 servasses...sanasti}?
3601 5411 3762 5516 ἑξὲ

907 5487 1163 5578 ’Ὁτιῦζῶν
1191 5487 1477 5583 {incipi-sti,
1509 5519 1614 5562 etc.
1657 5505 1922 5584 usqne_ad
1969 5507 2092 5568 ζωο-

2359 5500 2450 5552 τὸν
2465 5487 2832 5584 Γολιάδξθιοη
2858 5493 2954 5584 καὶ
2981 5487 3043 5546 τὸ
3069 5491 3164 5546 τοῦ
3185 5487 3375 5546 Γολιὰδ
3401 5487 3574 5559 ὖνομα
3601 5487 3760 5556 ἑρμη-

791 5569 978 5642 29.
1147 5584 1247 5654 τῷ.
1282 5569 1386 5638 οἰδ.
1421 5569 1594 5650 ὑέσιυο
1626 5577 1688 5632 ad
1721 5569 1864 5646 ιβ’)χῇ
1898 5594 2016 5646 μου.

1421 5569 1594 5650 dSque
1626 5577 1688 5632 ad
1721 5569 1864 5646 ιβ’)χῇ
1898 5594 2016 5646 μου.
2199 5569 2410 5659 νεύεὶταίι
2433 5569 2790 5659 ,μετοικίζωμ
2811 5573 2927 5659 εἰς.

590 5636 1149 5726 ίὲῖὲἐτίοὲὲτῇἷίάοῇέι,
1187 5636 1358 5707 ilic."
1511 5636 1524 5650 '
1737 5636 1745 5646 '
2273 5643 2346 5724 te)
2381 5636 3080 5726 εξιλργηχδςῆρεῖηιςοριε,ὁ,
3112 5644 3214 5690 etc.

694 5711 1002 5798 ῗιμίιίιησον
1035 5711 1246 5794 α’ῗμοιτι.
2275 5713 2348 5782 t7}
2381 5712 2442 5762 Ν.
2483 5711 2534 5764 '2.
2575 5713 2630 5763 ὐ
2663 5711 2747 5778 τῇ,
2791 5719 2892 5763 εις,
