3860 6220
255 328 400 387 1505
1161 332 1252 388 DE
1291 329 1571 386 TITUIJS
1609 325 2064 384 PSALMORUM.
2101 355 2171 364 ——
2223 301 2457 374 PSALC
2486 302 2698 369 CXLlll.
3410 324 3544 380 1506

325 448 380 502 4.
427 449 825 522 Ἀντιλήπτωρ
867 467 965 521 μου
1005 449 1098 504 καὶ
1133 449 1334 520 ῥύστης
1371 467 1471 520 μου
1493 490 1506 512 ,

1889 447 1938 505 Α
2033 443 2086 496 4.
2123 439 2435 504 Susceptor
2465 445 2622 492 meus
2640 445 2694 492 et
2716 436 2972 496 liberator
3001 455 3189 505 meus,

325 539 382 593 5.
433 539 904 613 ’Υπερασπιστής
936 559 1056 611 μου,
1092 541 1189 595 καὶ
1215 543 1303 594 ἐπ’
1332 541 1480 611 αὐτῴ
1508 541 1714 612 ἤλπισα
1733 582 1747 606 ,

1688 557 1714 592 1
1733 582 1747 606 ,
2037 537 2090 590 5.
2125 535 2414 589 Protector
2445 543 2620 596 meus,
2655 539 2710 587 et
2739 531 2792 587 in
2823 534 2940 603 ipso
2962 535 3212 603 speravi,

325 630 381 685 6.
423 631 490 685 '0
523 633 866 687 ὑποτάσσων
897 633 988 687 τὸν
1021 633 1148 686 λαόν
1183 651 1284 704 μου
1315 635 1400 687 ἐπ’
1428 633 1532 703 ὲμέ
1563 632 1793 704 [ὑπ’ὲμέ

1710 632 1793 702 ίμέ
1815 631 1858 704 ],
2037 619 2092 674 6.
2134 619 2239 685 Qui
2275 615 2460 672 subdit
2487 617 2746 687 populum
2784 633 2966 673 meum
2995 619 3097 674 sub
3127 634 3234 674 me.

327 721 381 774 7.
412 721 626 795 Κύριε,
664 725 720 778 τί
753 728 899 778 ἐστιν
940 725 1246 795 ἄνθρωπος,
1272 726 1357 779 ὅτι
1386 725 1667 794 ὲγνὼσθης
1685 725 1851 796 αὐτῷ]

2037 709 2090 764 7.
2135 709 2385 775 Domine,
2412 708 2544 780 quid
2570 719 2653 764 est
2683 711 2867 774 homo,
2901 711 3028 780 quia
3068 711 3356 767 innotuisti
3381 713 3466 766 ei?

322 806 378 859 8.
423 809 500 860 ’Ἡ
537 809 664 872 υίὸς
690 809 998 881 ἀνθρώπου,
1027 811 1108 864 ὄτι
1145 810 1334 882 λογίζῃ
1365 811 1513 882 αὐτῷ
1557 809 1748 883 [αὐτόν
1771 809 1825 880 ];

1747 809 1825 880 Ἥ
2036 799 2090 854 8.
2128 799 2235 853 Aut
2255 799 2402 854 ﬁlius
2423 799 2681 862 hominis,
2710 799 2837 869 quia
2865 809 3085 870 reputas
3105 801 3271 854 eum?

322 895 378 951 9.
422 896 770 969 Ἀνθρωπος
794 899 1113 970 ματαιότητι
1141 899 1395 970 ὡμοιώθη
1427 916 1440 931 ⁸

2040 891 2094 946 9.
2130 889 2305 946 llomo
2338 891 2564 946 vanitati
2597 890 2792 946 similis
2822 889 3000 947 factus
3033 899 3116 946 est
3143 911 3155 945 :

323 985 419 1041 10.
446 987 519 1040 Αἱ
555 988 772 1060 ἡμέραι
798 989 962 1042 αὐτοῦ
996 989 1126 1042 ὡσεὶ
1157 990 1284 1042 σκιὰ
1318 991 1646 1060 παράγουσι.
2037 971 2142 1035 10.
2162 981 2285 1036 Dies
2307 981 2428 1050 ejus
2454 982 2596 1037 sicut
2621 982 2815 1038 umbra
2841 990 3188 1052 praetereunt.

321 1077 420 1131 11.
453 1077 676 1150 Κύριε,
705 1079 882 1132 κλῖνον
908 1079 1193 1148 οὐρανοὺς,
1227 1081 1320 1132 καὶ
1352 1079 1644 1150 κατάϐηθι·

2039 1073 2126 1125 11.
2165 1070 2414 1136 Domine,
2449 1072 2647 1126 inclina
2674 1073 2842 1127 caelos
2867 1114 2882 1139 ,
2922 1080 2977 1126 et
3007 1072 3275 1127 descende
3304 1087 3318 1126 :

321 1169 416 1223 12.
457 1170 653 1240 ’Ἄψαι
680 1171 788 1224 τῶν
822 1171 1014 1242 ὀρέων,
1042 1172 1137 1224 καὶ
1171 1171 1656 1241 καπνισθήσονται.
2043 1161 2126 1215 12.
2164 1160 2348 1230 Tange
2373 1170 2605 1225 monteS,
2633 1170 2686 1214 et
2718 1162 3082 1230 fumigabunt.

326 1261 420 1314 15-
461 1263 798 1334 Ἀστραψον
826 1265 1136 1335 ἀστραπὴν,
1171 1264 1268 1319 καὶ
1294 1267 1576 1335 σκορπιεῖς
1605 1264 1802 1327 αὐτούς
1821 1282 1832 1294 °

2042 1253 2128 1306 15.
2166 1251 2405 1322 Fulgura
2441 1253 2879 1309 cor-uacationem
2906 1295 2920 1318 ,
2970 1262 3024 1308 et
3077 1253 3373 1324 dissipabis
3404 1267 3500 1308 eos
3529 1267 3548 1312 λ

211 1365 215 1368 '
326 1353 419 1406 1-1.
469 1353 903 1418 Ἐξαπόστειλον
931 1355 998 1408 τὰ
1033 1355 1160 1426 βέλη
1197 1372 1314 1420 σου,
1362 1357 1456 1409 καὶ
1500 1357 1735 1428 συνταρά

2041 1345 2129 1399 14.
2168 1344 2370 1400 Emitte
2404 1345 2629 1415 sagittas
2656 1355 2799 1413 tuas,
2825 1355 2880 1401 et
2913 1347 3263 1402 conturbabis
3287 1361 3405 1402 eos.

249 1443 484 1507 αὐτούς.

330 1531 424 1585 15.
479 1533 909 1600 Ἐξαπόστειλον
938 1535 1036 1606 τὴν
1066 1536 1223 1608 χεῖρά
1249 1553 1341 1588 σου
1379 1537 1437 1602 ἐξ
1464 1537 1655 1606 ὕψους·

1585 1555 1655 1601 ις·
2040 1543 2130 1597 15.
2161 1541 2366 1599 Emitte
2394 1559 2618 1599 manum
2663 1551 2814 1600 tuam
2843 1546 2910 1600 de
2949 1546 3059 1616 alto
3098 1565 3109 1598 :

327 1622 421 1675 16.
477 1625 709 1689 Ἐξελοῦ
742 1644 831 1696 με,
867 1627 960 1680 καὶ
995 1627 1156 1696 ῥῦσαί
1187 1645 1254 1698 με
1279 1627 1338 1692 ἐξ
1365 1629 1570 1682 ὑδάτων
1603 1630 1835 1695 πολλῶν,

2044 1634 2130 1691 16.
2167 1635 2330 1707 Eripe
2359 1652 2467 1704 me,
2499 1647 2552 1692 et
2576 1638 2746 1692 libera
2781 1654 2867 1692 me
2890 1639 2957 1693 de
2979 1639 3136 1708 aquis
3159 1639 3377 1704 multis,

328 1714 426 1770 17.
476 1717 583 1769 Ἐκ
617 1718 800 1789 χειρὸς
836 1719 968 1771 υίῶν
1002 1719 1298 1791 ἀλλοτρίων
1319 1737 1332 1750 ’

2044 1727 2133 1781 17.
2171 1727 2246 1782 De
2272 1744 2437 1784 manu
2464 1729 2703 1784 ﬁliorum
2727 1731 3030 1785 alienorum
3058 1748 3070 1782 :

333 1807 425 1863 18.
461 1803 574 1864 Ὧν
602 1811 665 1864 τὸ
700 1812 874 1882 στόμα
895 1811 1124 1882 ὲλάλησε
1163 1813 1519 1884 ματαιότητα,

1900 1817 1944 1870 Β
2043 1817 2130 1871 18.
2167 1817 2414 1884 Quorum
2449 1836 2511 1875 os
2541 1821 2782 1876 locutum
2820 1830 2903 1876 est
2943 1822 3268 1887 vanitatem,

1411 1969 1788 2026 ATHANASII
1828 1970 2396 2032 INTERPRETATIO

337 2133 391 2185 4.
446 2131 638 2204 ’Υπὲρ
663 2129 802 2202 ἐμοῦ,
831 2129 1017 2184 ὲδίδων
1043 2130 1108 2202 [ὁ
1144 2129 1354 2202 διδοὺς]
1410 2131 1488 2202 (1)
1532 2133 1722 2187 ἑαυτὸν
1766 2134 1861 2198 ἕως

2051 2139 2105 2194 4.
2141 2136 2247 2192 Pro
2289 2154 2375 2193 me
2407 2139 2554 2194 dedit
2597 2155 2657 2196 se
2699 2141 2878 2211 ipsum
2911 2158 3084 2212 usque
3120 2144 3188 2198 ad
3227 2152 3477 2210 mortem,
3501 2155 3556 2200 et

265 2222 535 2289 θανάτου,
576 2225 675 2276 καὶ
701 2223 962 2294 ρυόμενός
993 2240 1080 2293 με.

835 2223 962 2286 ,ενός
993 2240 1080 2293 με.
1975 2228 2224 2283 liberavit
2252 2245 2359 2284 me.

338 2316 395 2368 5,
422 2313 704 2386 Πρόνοιαν
736 2330 836 2384 μου
864 2314 1120 2377 ποιεῖται,
1146 2313 1240 2367 καὶ
1261 2315 1443 2366 πᾶσαν
1463 2312 1561 2384 τὴν
1598 2316 1862 2388 μέριμναν

2049 2319 2103 2374 5.
2134 2319 2391 2375 Providet
2411 2320 2568 2388 mihi,
2597 2331 2651 2378 et
2671 2337 2772 2394 ego
2792 2338 3011 2380 omnem
3041 2341 3229 2381 curam
3259 2342 3434 2383 meam
3462 2347 3557 2385 su-

271 2426 375 2480 μου
415 2410 506 2462 ἐπ’
534 2408 703 2462 αὐτὸν
725 2405 1018 2478 ὲπέῤῥιψα.

1015 2447 1018 2456 .
1975 2426 2072 2480 per
2102 2410 2281 2480 ipsum
2315 2413 2539 2482 proieci.

341 2498 398 2554 6.
446 2500 512 2550 '0
542 2496 760 2568 ἐκχύων
785 2514 852 2568 με
873 2495 950 2568 (2)
982 2495 1307 2559 ὑποπιάζειν
1337 2513 1438 2566 μου
1467 2497 1529 2549 τὸ
1569 2495 1750 2566 σῶμα,
1780 2500 1865 2552 καὶ

2049 2509 2101 2556 b.
2135 2502 2516 2559 Corrohorans
2552 2521 2670 2570 me,
2721 2517 2778 2562 ut
2819 2510 3078 2579 castigem
3109 2525 3306 2581 corpus
3349 2528 3555 2578 meum.

270 2590 654 2658 δουλαγωγείν
687 2588 840 2642 αὐτό.

1977 2602 2031 2649 et
2063 2595 2241 2663 ipsum
2269 2595 2325 2648 in
2353 2596 2670 2651 servitutem
2699 2600 2959 2668 redigam.

346 2683 400 2738 7.
426 2683 636 2754 Κύριε,
671 2681 726 2735 τί
772 2683 920 2734 ἐστιν
954 2679 1030 2752 (5)
1070 2678 1376 2752 ἄνθρωπος,
1410 2679 1492 2731 ὅτι
1528 2678 1870 2748 κατηξίωσας

2053 2685 2101 2740 7,
2145 2685 2373 2741 Domine
2403 2727 2417 2753 ,
2464 2688 2594 2756 quid
2641 2698 2723 2744 est
2761 2690 2962 2758 homo,
3009 2693 3152 2761 quod
3201 2693 3455 2764 dignatus
3498 2711 3557 2751 es

276 2775 430 2846 αὐτῷ
468 2776 709 2845 ὀφθῆναι
738 2774 830 2826 ἐπὶ
859 2771 959 2843 τῆς
990 2772 1096 2841 γῆς
1120 2788 1133 2836 ;

1978 2777 2081 2846 ipsi
2107 2778 2447 2833 manifestari
2477 2795 2642 2849 super
2672 2783 2861 2836 terra?

348 2868 404 2922 8.
446 2869 522 2920 ’Ἠ
554 2867 609 2919 τί
637 2868 752 2919 ἐστι
787 2865 861 2935 (1)
897 2863 1060 2916 πάλιν
1109 2863 1224 2925 υἱὸς
1273 2861 1468 2932 πηλοῦ,
1507 2863 1589 2914 ὅτι
1618 2863 1718 2916 οὐκ
1753 2864 1872 2914 ἐπι-

2050 2868 2102 2922 8.
2144 2868 2252 2923 Aut
2285 2869 2416 2938 quid
2459 2885 2654 2926 rursus
2682 2880 2767 2927 est
2796 2872 2941 2930 ﬁlius
2986 2874 3124 2942 luti,
3161 2879 3422 2946 quoniam
3451 2893 3556 2932 non

279 2959 574 3022 λανθάνεις
595 2956 782 3024 αὐτοῦ,
798 2956 1158 3018 ἀδιαλείπτως
1177 2955 1271 3007 καὶ
1296 2955 1552 3025 πρόνοιαν
1579 2955 1744 3007 αὑτοῦ
1787 2973 1803 3006 ’Ί

2034 2960 2323 3015 )livisceris
2374 2961 2522 3016 illius
2543 3003 2557 3028 ,
2608 2970 2661 3016 et
2703 2962 3076 3020 indesinenter
3107 2977 3308 3022 tantam
3341 2968 3406 3023 de
3441 2970 3558 3038 ipso

283 3052 495 3115 σαύτην
526 3049 854 3120 ποιούμενος
875 3065 888 3113 ;

1981 3068 2167 3107 curam
2211 3053 2379 3107 habes
2405 3053 2427 3106 ?

354 3145 412 3198 9.
445 3145 725 3205 Ἕκαστος
774 3141 880 3194 τῶν
927 3137 1228 3211 ἀνθρώπων
1297 3137 1376 3209 τῷ
1443 3138 1634 3209 κόσμῳ
1705 3139 1878 3208 τούτῳ

2054 3145 2106 3198 9.
2149 3143 2539 3214 Unusquisque
2587 3146 2873 3202 hominum
2923 3148 3055 3205 huic
3096 3150 3303 3205 mundo
3343 3151 3563 3208 assimi-

283 3235 548 3306 ὡμοιώθη
559 3274 574 3287 .
1561 3224 1564 3226 ’

1561 3224 1564 3226 ’
1904 3239 1945 3294 C
1980 3237 2122 3290 latur

357 3329 447 3382 10.
482 3327 811 3396 Ἀνωφελεῐς
836 3325 931 3377 καὶ
955 3323 1341 3378 ἀνυπόστατοι.

2053 3328 2138 3381 10.
2175 3328 2398 3382 [nuli-les
2433 3338 2598 3397 atque
2629 3329 2938 3387 instabiles.

363 3421 451 3474 11.
484 3418 679 3490 Κύριε,
714 3416 902 3478 κλίνας
936 3431 1032 3467 σου
1066 3414 1195 3476 τοὺς
1228 3413 1527 3484 οὐρανοὺς,
1577 3411 1700 3464 ἐλθὲ
1741 3412 1876 3485 πρὸς

2053 3421 2140 3474 11.
2175 3419 2424 3493 Domine,
2466 3420 2738 3477 inclinans
2773 3424 2943 3479 coelos
2967 3432 3090 3480 tuos
3123 3427 3245 3482 veni
3276 3427 3343 3482 ad
3367 3443 3485 3484 nos.

291 3515 461 3584 ἡμᾶς.

359 3607 449 3659 12.
477 3604 715 3674 Πλησίον
746 3601 905 3674 μόνον
936 3596 1094 3669 γενοῦ
1130 3598 1238 3651 τῶν
1268 3598 1528 3649 ἐναντίων
1570 3595 1877 3665 δυνάμεων,

2054 3596 2139 3650 12.
2176 3597 2351 3666 Prope
2388 3608 2768 3658 tantummodo
2805 3603 2904 3656 lias
2937 3604 3229 3661 contrariis
3276 3603 3557 3673 potestati-

296 3698 390 3752 καὶ
420 3696 627 3758 εὐθέως
656 3693 911 3765 ἄρξονται
936 3687 1400 3758 καταφλέγεσθαι.

1980 3687 2104 3753 bus,
2127 3697 2178 3742 et
2214 3691 2396 3743 statim
2435 3690 2696 3758 incipient
2725 3691 2996 3745 comburi.

365 3790 452 3844 15.
506 3785 768 3858 ὐράοητι
811 3783 970 3854 μόνον
998 3781 1091 3833 ἐπὶ
1121 3780 1221 3850 τῆς
1261 3779 1386 3848 γῆς,
1422 3779 1519 3830 καὶ
1555 3775 1879 3844 θεασάμενοι

2054 3779 2144 3835 15.
2177 3781 2391 3849 Appare
2437 3783 2616 3835 solum
2659 3782 2712 3834 in
2748 3790 2912 3846 terra,
2945 3792 2998 3836 et
3034 3781 3278 3838 videntes
3311 3784 3569 3853 splendo-

292 3881 351 3934 τὸ
375 3878 741 3946 ἀπαύγασμα,
782 3875 861 3937 εἰς
903 3871 1000 3942 τὴν
1026 3869 1102 3941 (5)
1153 3869 1259 3939 γῆν
1295 3871 1587 3921 πεσοῦνται
1636 3866 1740 3918 ὑπὸ
1771 3866 1816 3916 τι

1655 3866 1740 3918 me.
1771 3865 1880 3917 τῶν
1980 3882 2096 3923 rem
2129 3871 2326 3927 cadent
2367 3871 2422 3924 in
2467 3881 2667 3927 terram
2702 3873 2806 3928 sub
2841 3873 3179 3930 hominibus.

295 3973 391 4026 ἀνθ
401 3972 624 4043 ρώπων.

371 4070 458 4123 1-ἕ.
499 4063 842 4120 Ἀπόστειλον
879 4061 1006 4124 τοὺς
1032 4058 1366 4119 ἀποστόλους
1401 4072 1495 4108 σου
1539 4054 1657 4108 κατ’
1701 4050 1879 4106 αὐτῶν

2051 4052 2136 4106 14.
2166 4051 2316 4107 Mitte
2344 4053 2627 4122 apostolos
2667 4062 2816 4115 tuos,
2844 4052 3010 4106 veluti
3038 4052 3146 4105 tela
3174 4062 3401 4105 exacuta
3437 4066 3568 4106 con-

297 4157 617 4230 ὴκονημένη
647 4154 760 4226 [ὡς
793 4152 920 4222 βέλη
952 4146 1306 4220 ἠκονημένα]
1339 4147 1436 4216 (6),
1466 4145 1607 4210 ὀξεῖς
1632 4144 1821 4206 ὄνταςο

2043 4158 2066 4196 a
2115 4145 2334 4198 easdem
2383 4152 2719 4213 potestates,
2777 4153 2975 4199 acutos
3025 4144 3351 4198 exsistentes
3395 4143 3567 4214 gratia

299 4253 485 4323 χάριτι
519 4249 612 4302 τοῦ
645 4247 798 4314 ἁγίου
831 4243 1146 4314 Πνεύματος
1171 4282 1185 4307 ,
1226 4242 1321 4294 καὶ
1355 4239 1602 4300 ἀσθενεῖς
1649 4238 1729 4300 εἰς
1779 4253 1823 4288 απ

1862 4265 1880 4273 -
1983 4235 2162 4290 sancti
2205 4233 2466 4306 Spiritus,
2500 4244 2554 4292 et
2583 4236 2828 4301 inﬁrmas
2871 4236 2926 4290 in
2963 4236 3110 4306 ipsos
3143 4235 3386 4289 reddent.

334 4343 427 4392 οὺς
465 4339 786 4392 ποιήσωσιν.

299 4359 427 4406 τους
465 4358 786 4410 ποιησωσιν.

373 4435 462 4490 15.
493 4432 584 4502 Τῷ
618 4429 737 4500 Θεῷ
789 4427 964 4498 Πατρὶ
1012 4425 1174 4478 πάλιν
1231 4421 1596 4493 προσεύχεται
1651 4418 1823 4487 λέγων

2056 4413 2141 4468 15.
2179 4412 2348 4469 Deum
2390 4415 2607 4468 Patrem
2647 4429 2845 4468 rursus
2885 4419 3006 4467 orat
3034 4411 3222 4467 dicens
3254 4429 3267 4465 :
3297 4409 3448 4466 Mitte
3478 4409 3567 4464 Fi-

304 4524 528 4595 Ιιὲμψον
550 4521 640 4574 τὸν
665 4519 795 4572 Υἱόν
823 4535 916 4570 σου
946 4519 1009 4569 ὲκ
1039 4515 1150 4568 τῶν
1181 4514 1349 4582 ἁγίων
1394 4531 1487 4566 σου
1520 4510 1828 4580 ὑψωμάτων

1693 4510 1850 4562 ἁτων.
1917 4574 1960 4595 ἢ
2249 4524 2302 4561 m
2336 4523 2402 4562 ex
2432 4507 2639 4562 sanctis
2673 4507 2782 4560 tuis
2812 4504 3217 4560 altitudinibus.

378 4574 491 4669 1
511 4574 910 4680 Ἔλευθέρωσόν
939 4625 1004 4678 με
1030 4607 1096 4660 δι’
1113 4574 1275 4659 αὐτοῦ
1303 4605 1412 4658 ἀπὸ
1434 4603 1542 4657 τῶν
1560 4574 1885 4672 πνευμάτων

2062 4600 2148 4654 16.
2192 4600 2386 4654 Libera
2417 4613 2505 4652 me
2539 4614 2635 4668 per
2669 4597 2848 4666 ipsum
2883 4611 2911 4650 a
2946 4594 3228 4666 spiritibus
3260 4593 3378 4650 istis
3407 4593 3565 4648 malis

308 4707 513 4760 τούτων
569 4700 817 4774 πονηρῶν
854 4700 930 4772 ('7)
974 4699 1083 4752 τῶν
1122 4697 1353 4761 πολλῶν,
1395 4695 1504 4750 τῶν
1562 4693 1832 4764 βυθιζόντο

1399 4695 1504 4750 τῶν
1562 4693 1885 4764 βυθιζόντων
1987 4695 2042 4742 et
2071 4685 2279 4748 multis,
2303 4683 2783 4755 submergentibus
2816 4697 2923 4736 me.

313 4816 400 4868 με.

384 4887 468 4940 17.
513 4883 610 4938 Ἐκ
653 4883 752 4953 τῆς
786 4878 1105 4942 δυναστείας
1139 4876 1246 4931 τῶν
1279 4875 1413 4930 υἱῶν
1455 4873 1549 4927 τοῦ
1598 4870 1836 4943 πονηροῦ
1868 4911 1883 4936 ,

2058 4860 2146 4915 17.
2178 4858 2220 4912 Ε
2249 4865 2519 4928 potestate
2557 4856 2794 4910 ﬁliorum
2841 4853 3098 4923 improbi,
3126 4852 3229 4906 hoc
3255 4861 3339 4906 est
3372 4866 3402 4905 a
3435 4865 3565 4906 con-

309 4981 414 5032 τῶν
443 4975 701 5031 ἐναντίων
735 4974 1018 5042 δυνάμεων
1044 4987 1055 4998 ·

1987 4952 2172 5008 trariis
2197 4948 2560 5018 potestatibus
2587 4965 2597 4998 :

383 5069 470 5123 18.
498 5062 656 5136 Ὠνὴ
689 5033 1007 5118 διδασκαλία
1054 5062 1204 5114 πᾶσα
1234 5058 1388 5112 οὐδὲν
1435 5055 1697 5122 ζωοποιὸν
1731 5053 1885 5125 ἔχει,

2069 5046 2154 5099 18.
2187 5043 2430 5110 Quarum
2478 5037 2656 5094 omnis
2699 5037 2946 5091 doctrina
2985 5033 3119 5089 nihil
3149 5033 3427 5087 viviﬁcans
3473 5033 3565 5086 lia-

312 5161 448 5215 ἀλλὰ
497 5131 676 5214 πάντα
705 5157 782 5228 (8)
823 5157 902 5217 είς
927 5151 1225 5223 διαφθορὰν
1253 5150 1346 5204 καὶ
1379 5147 1675 5202 ἀπώλειαν.

1996 5139 2107 5203 bet,
2145 5137 2240 5191 sed
2274 5133 2459 5190 omnia
2497 5133 2550 5186 in
2580 5131 2983 5200 corruptionem
3014 5135 3070 5183 et
3092 5131 3338 5182 exitium.

1223 5304 1534 5370 Addenda
1589 5307 1651 5364 et
1705 5294 2084 5378 corrigenda
2143 5309 2224 5354 ex
2273 5288 2415 5352 cod.
2450 5286 2651 5349 Vatic.

412 5470 462 5534 1)
494 5466 666 5528 Δίδον,
702 5470 805 5516 etc.
850 5460 954 5528 leg.
990 5453 1162 5516 διδούς
1189 5460 1284 5507 aut
1305 5447 1486 5512 διδῶν,
1512 5447 1665 5501 deest
1690 5461 1777 5514 με.

384 5468 460 5610 22)
496 5540 566 5610 7'_U_
587 5531 850 5610 ὲνισχυων
888 5545 976 5598 με,
1006 5534 1110 5610 etc.
1204 5595 1215 5610 ι
1264 5591 1279 5610 ἱ
1312 5608 1318 5610 λ
1353 5587 1576 5610 LM“-
1637 5593 1722 5610 MA

2040 5444 2611 5578 ΓΙῖίξῖὲεῗίκονημένους,
2643 5508 2774 5565 etc.,
2808 5495 3054 5558 ἀσθενεῖς
3091 5492 3283 5556 αὐτοὺς
3314 5489 3564 5577 ποιήσου-

495 5587 684 5677 Κῖόριε,
707 5587 794 5663 τίς
819 5587 988 5660 ἐστιν,
1018 5604 1124 5650 etc.
1158 5591 1319 5646 αὑτὸν
1348 5587 1598 5660 ὀφθῆναι,
1635 5593 1743 5639 etc.
1999 5595 2119 5658 σινζ
2174 5649 2186 5664 ν
2269 5645 2281 5659 ν
2473 5644 2496 5655 η
2755 5638 2778 5650 η

387 5681 458 5710 In
490 5681 554 5710 “ll
586 5675 666 5710 pb-
688 5677 796 5710 én-n
862 5680 961 5710 alr,
993 5665 1321 5710 πεποίτπσαιί
2188 5648 2396 5698 Γουτων
2432 5661 2538 5696 των
2571 5656 2838 5710 ρττονηρων²
2875 5645 2978 5693 εις,

490 5658 821 5737 illaesa-ti,
862 5658 1321 5748 ειοηζπξςιξοίησαιόἓ
1395 5658 1401 5660 ⁷
1515 5727 1523 5739 ,
1810 5725 1885 5748 4⁸-

1313 5678 1321 5725 ;
1395 5658 1401 5660 ⁷
2067 5658 2084 5716 ι,
2104 5658 2142 5714 ι)
2175 5658 2396 5698 Ἰουτων
2432 5661 2538 5696 των
2571 5658 2837 5710 πονηρῶν,

1411 5727 1621 5748 ,,_,'_-.
1684 5743 1767 5748 __..
1810 5725 1885 5748 ‘2-
2071 5719 2144 5748 IQ\
2189 5717 2400 5748 Πέηνομν
2459 5725 2539 5748 ωι-

508 5717 1191 5812 -ξτξᾷἷδῇξιλανξῆςν*δόξηέ
1221 5717 1320 5785 τοῦ’
1358 5727 1642 5800 προσώπου
1681 5743 1769 5778 σου
1809 5725 1885 5785 εἰς
2071 5719 2144 5788 (3)
2189 5717 2422 5778 Πάντας,
2458 5725 2558 5771 εισ-
