  <div class='ocr_page' id='page_1' title='image "/cluster/home/n/w/nwhite01/storage/ocr_20150623/27/nnc1.0046978631/679.png"; bbox 0 0 3860 6220; ppageno 0'>
   <div class='ocr_carea' id='block_1_1' title="bbox 335 306 473 363">
    <p class='ocr_par' dir='ltr' id='par_1_1' title="bbox 335 306 473 363">
     <span class='ocr_line' id='line_1_1' title="bbox 335 306 473 363; baseline 0.007 -1"><span class='ocrx_word' id='word_1_1' title='bbox 335 306 363 362; x_wconf 88' lang='grc'><strong>1</strong></span> <span class='ocrx_word' id='word_1_2' title='bbox 374 308 473 363; x_wconf 78' lang='lat'><strong>507</strong></span> 
     </span>
    </p>
   </div>
   <div class='ocr_carea' id='block_1_2' title="bbox 406 425 1668 494">
    <p class='ocr_par' dir='ltr' id='par_1_2' title="bbox 406 425 1668 494">
     <span class='ocr_line' id='line_1_2' title="bbox 406 425 1668 494; baseline -0.002 -14"><span class='ocrx_word' id='word_1_3' title='bbox 406 427 492 482; x_wconf 89' lang='grc'><strong>19.</strong></span> <span class='ocrx_word' id='word_1_4' title='bbox 530 425 593 481; x_wconf 87' lang='grc' dir='ltr'>Ει</span> <span class='ocrx_word' id='word_1_5' title='bbox 621 426 840 482; x_wconf 74' lang='lat' dir='ltr'><strong>dextera</strong></span> <span class='ocrx_word' id='word_1_6' title='bbox 860 441 1072 490; x_wconf 90' lang='lat' dir='ltr'><strong>eorum,</strong></span> <span class='ocrx_word' id='word_1_7' title='bbox 1097 426 1316 481; x_wconf 83' lang='lat' dir='ltr'><strong>dextera</strong></span> <span class='ocrx_word' id='word_1_8' title='bbox 1341 427 1668 494; x_wconf 79' lang='lat' dir='ltr'><strong>iniquitatis.</strong></span> 
     </span>
    </p>
   </div>
   <div class='ocr_carea' id='block_1_3' title="bbox 403 517 1697 583">
    <p class='ocr_par' dir='ltr' id='par_1_3' title="bbox 403 517 1697 583">
     <span class='ocr_line' id='line_1_3' title="bbox 403 517 1697 583; baseline 0 -13"><span class='ocrx_word' id='word_1_9' title='bbox 403 518 493 571; x_wconf 86' lang='grc'><strong>20.</strong></span> <span class='ocrx_word' id='word_1_10' title='bbox 537 517 698 583; x_wconf 90' lang='lat' dir='ltr'><strong>Deus,</strong></span> <span class='ocrx_word' id='word_1_11' title='bbox 739 518 1012 572; x_wconf 74' lang='lat' dir='ltr'><strong>canticum</strong></span> <span class='ocrx_word' id='word_1_12' title='bbox 1051 533 1251 572; x_wconf 86' lang='lat' dir='ltr'><strong>novum</strong></span> <span class='ocrx_word' id='word_1_13' title='bbox 1283 518 1514 572; x_wconf 79' lang='lat' dir='ltr'><strong>cantabo</strong></span> <span class='ocrx_word' id='word_1_14' title='bbox 1553 517 1648 570; x_wconf 87' lang='lat' dir='ltr'><strong>tibi</strong></span> <span class='ocrx_word' id='word_1_15' title='bbox 1684 535 1697 570; x_wconf 93' lang='lat'><strong>:</strong></span> 
     </span>
    </p>
   </div>
   <div class='ocr_carea' id='block_1_4' title="bbox 403 607 1658 679">
    <p class='ocr_par' dir='ltr' id='par_1_4' title="bbox 403 607 1658 679">
     <span class='ocr_line' id='line_1_4' title="bbox 403 607 1658 679; baseline -0.002 -17"><span class='ocrx_word' id='word_1_16' title='bbox 403 609 492 662; x_wconf 90' lang='grc'><strong>21.</strong></span> <span class='ocrx_word' id='word_1_17' title='bbox 530 607 586 662; x_wconf 91' lang='lat' dir='ltr'><strong>In</strong></span> <span class='ocrx_word' id='word_1_18' title='bbox 618 609 878 679; x_wconf 90' lang='lat' dir='ltr'><strong>psalterio</strong></span> <span class='ocrx_word' id='word_1_19' title='bbox 912 609 1250 664; x_wconf 88' lang='lat' dir='ltr'><strong>decachordo</strong></span> <span class='ocrx_word' id='word_1_20' title='bbox 1280 609 1510 678; x_wconf 79' lang='lat' dir='ltr'><strong>psallam</strong></span> <span class='ocrx_word' id='word_1_21' title='bbox 1543 607 1658 662; x_wconf 85' lang='lat' dir='ltr'><strong>tibi.</strong></span> 
     </span>
    </p>
   </div>
   <div class='ocr_carea' id='block_1_5' title="bbox 402 698 1302 768">
    <p class='ocr_par' dir='ltr' id='par_1_5' title="bbox 402 698 1302 768">
     <span class='ocr_line' id='line_1_5' title="bbox 402 698 1302 768; baseline 0 -17"><span class='ocrx_word' id='word_1_22' title='bbox 402 698 495 753; x_wconf 83' lang='lat'><strong>22.</strong></span> <span class='ocrx_word' id='word_1_23' title='bbox 529 698 633 764; x_wconf 87' lang='lat' dir='ltr'><strong>Qui</strong></span> <span class='ocrx_word' id='word_1_24' title='bbox 659 700 758 753; x_wconf 90' lang='lat' dir='ltr'><strong>das</strong></span> <span class='ocrx_word' id='word_1_25' title='bbox 785 699 1014 753; x_wconf 89' lang='lat' dir='ltr'><strong>salutem</strong></span> <span class='ocrx_word' id='word_1_26' title='bbox 1044 699 1263 768; x_wconf 82' lang='lat' dir='ltr'><strong>regibus</strong></span> <span class='ocrx_word' id='word_1_27' title='bbox 1290 717 1302 751; x_wconf 91' lang='lat'><strong>:</strong></span> 
     </span>
    </p>
   </div>
   <div class='ocr_carea' id='block_1_6' title="bbox 403 785 1914 856">
    <p class='ocr_par' dir='ltr' id='par_1_6' title="bbox 403 785 1914 856">
     <span class='ocr_line' id='line_1_6' title="bbox 403 785 1914 856; baseline -0.001 -16"><span class='ocrx_word' id='word_1_28' title='bbox 403 787 492 844; x_wconf 78' lang='grc'><strong>25.</strong></span> <span class='ocrx_word' id='word_1_29' title='bbox 525 787 628 853; x_wconf 88' lang='lat' dir='ltr'><strong>Qui</strong></span> <span class='ocrx_word' id='word_1_30' title='bbox 669 788 948 842; x_wconf 86' lang='lat' dir='ltr'><strong>redemisti</strong></span> <span class='ocrx_word' id='word_1_31' title='bbox 981 787 1154 841; x_wconf 85' lang='lat' dir='ltr'><strong>David</strong></span> <span class='ocrx_word' id='word_1_32' title='bbox 1185 803 1405 842; x_wconf 86' lang='lat' dir='ltr'><strong>servum</strong></span> <span class='ocrx_word' id='word_1_33' title='bbox 1443 796 1597 841; x_wconf 88' lang='lat' dir='ltr'><strong>tuum</strong></span> <span class='ocrx_word' id='word_1_34' title='bbox 1630 786 1695 840; x_wconf 91' lang='lat' dir='ltr'><strong>de</strong></span> <span class='ocrx_word' id='word_1_35' title='bbox 1733 785 1914 856; x_wconf 81' lang='lat' dir='ltr'><strong>gladio</strong></span> 
     </span>
    </p>
   </div>
   <div class='ocr_carea' id='block_1_7' title="bbox 335 880 1690 952">
    <p class='ocr_par' dir='ltr' id='par_1_7' title="bbox 335 880 1690 952">
     <span class='ocr_line' id='line_1_7' title="bbox 335 880 1690 952; baseline -0.001 -17"><span class='ocrx_word' id='word_1_36' title='bbox 335 881 578 951; x_wconf 80' lang='lat' dir='ltr'><strong>maligno</strong></span> <span class='ocrx_word' id='word_1_37' title='bbox 603 880 882 952; x_wconf 89' lang='lat' dir='ltr'><strong>[liberabit</strong></span> <span class='ocrx_word' id='word_1_38' title='bbox 903 881 1076 952; x_wconf 87' lang='lat' dir='ltr'><strong>eum].</strong></span> <span class='ocrx_word' id='word_1_39' title='bbox 1688 949 1690 952; x_wconf 91' lang='lat'><strong><em>_</em></strong></span> 
     </span>
    </p>
   </div>
   <div class='ocr_carea' id='block_1_8' title="bbox 401 969 1914 1041">
    <p class='ocr_par' dir='ltr' id='par_1_8' title="bbox 401 969 1914 1041">
     <span class='ocr_line' id='line_1_8' title="bbox 401 969 1914 1041; baseline -0.001 -15"><span class='ocrx_word' id='word_1_40' title='bbox 401 973 491 1028; x_wconf 78' lang='grc'><strong>24.</strong></span> <span class='ocrx_word' id='word_1_41' title='bbox 532 971 689 1041; x_wconf 86' lang='lat' dir='ltr'><strong>Eripe</strong></span> <span class='ocrx_word' id='word_1_42' title='bbox 719 986 825 1037; x_wconf 87' lang='lat' dir='ltr'><strong>me,</strong></span> <span class='ocrx_word' id='word_1_43' title='bbox 853 979 906 1026; x_wconf 90' lang='lat' dir='ltr'><strong>et</strong></span> <span class='ocrx_word' id='word_1_44' title='bbox 939 986 1070 1026; x_wconf 89' lang='lat' dir='ltr'><strong>erue</strong></span> <span class='ocrx_word' id='word_1_45' title='bbox 1099 986 1185 1024; x_wconf 90' lang='lat' dir='ltr'><strong>me</strong></span> <span class='ocrx_word' id='word_1_46' title='bbox 1208 971 1274 1026; x_wconf 92' lang='lat' dir='ltr'><strong>de</strong></span> <span class='ocrx_word' id='word_1_47' title='bbox 1306 987 1471 1025; x_wconf 89' lang='lat' dir='ltr'><strong>manu</strong></span> <span class='ocrx_word' id='word_1_48' title='bbox 1510 971 1750 1024; x_wconf 82' lang='lat' dir='ltr'><strong>ﬁliorum</strong></span> <span class='ocrx_word' id='word_1_49' title='bbox 1781 969 1914 1024; x_wconf 89' lang='lat' dir='ltr'><strong>alie-</strong></span> 
     </span>
    </p>
   </div>
   <div class='ocr_carea' id='block_1_9' title="bbox 335 1078 578 1116">
    <p class='ocr_par' dir='ltr' id='par_1_9' title="bbox 335 1078 578 1116">
     <span class='ocr_line' id='line_1_9' title="bbox 335 1078 578 1116; baseline -0.008 0"><span class='ocrx_word' id='word_1_50' title='bbox 335 1078 532 1116; x_wconf 87' lang='lat' dir='ltr'><strong>norum</strong></span> <span class='ocrx_word' id='word_1_51' title='bbox 565 1080 578 1114; x_wconf 75' lang='grc' dir='ltr'><strong><em>Ζ</em></strong></span> 
     </span>
    </p>
   </div>
   <div class='ocr_carea' id='block_1_10' title="bbox 403 1152 1576 1219">
    <p class='ocr_par' dir='ltr' id='par_1_10' title="bbox 403 1152 1576 1219">
     <span class='ocr_line' id='line_1_10' title="bbox 403 1152 1576 1219; baseline -0.001 -13"><span class='ocrx_word' id='word_1_52' title='bbox 403 1154 493 1209; x_wconf 80' lang='grc'><strong>25.</strong></span> <span class='ocrx_word' id='word_1_53' title='bbox 526 1152 771 1219; x_wconf 91' lang='lat' dir='ltr'><strong>Quorum</strong></span> <span class='ocrx_word' id='word_1_54' title='bbox 795 1169 857 1210; x_wconf 91' lang='lat' dir='ltr'><strong>os</strong></span> <span class='ocrx_word' id='word_1_55' title='bbox 877 1154 1118 1208; x_wconf 93' lang='lat' dir='ltr'><strong>locutum</strong></span> <span class='ocrx_word' id='word_1_56' title='bbox 1143 1163 1227 1208; x_wconf 89' lang='lat' dir='ltr'><strong>cst</strong></span> <span class='ocrx_word' id='word_1_57' title='bbox 1253 1154 1576 1218; x_wconf 89' lang='lat' dir='ltr'><strong>vanitatem,</strong></span> 
     </span>
    </p>
   </div>
   <div class='ocr_carea' id='block_1_11' title="bbox 401 1244 1696 1313">
    <p class='ocr_par' dir='ltr' id='par_1_11' title="bbox 401 1244 1696 1313">
     <span class='ocr_line' id='line_1_11' title="bbox 401 1244 1696 1313; baseline -0.001 -16"><span class='ocrx_word' id='word_1_58' title='bbox 401 1245 492 1298; x_wconf 88' lang='lat'><strong>26.</strong></span> <span class='ocrx_word' id='word_1_59' title='bbox 526 1244 593 1297; x_wconf 86' lang='lat' dir='ltr'><strong>Et</strong></span> <span class='ocrx_word' id='word_1_60' title='bbox 616 1245 838 1298; x_wconf 83' lang='lat' dir='ltr'><strong>dextera</strong></span> <span class='ocrx_word' id='word_1_61' title='bbox 871 1259 1083 1309; x_wconf 91' lang='lat' dir='ltr'><strong>eorum,</strong></span> <span class='ocrx_word' id='word_1_62' title='bbox 1115 1246 1336 1299; x_wconf 82' lang='lat' dir='ltr'><strong>dextera</strong></span> <span class='ocrx_word' id='word_1_63' title='bbox 1371 1244 1696 1313; x_wconf 89' lang='lat' dir='ltr'><strong>iniquitatis.</strong></span> 
     </span>
    </p>
   </div>
   <div class='ocr_carea' id='block_1_12' title="bbox 403 1332 1913 1403">
    <p class='ocr_par' dir='ltr' id='par_1_12' title="bbox 403 1332 1913 1403">
     <span class='ocr_line' id='line_1_12' title="bbox 403 1332 1913 1403; baseline -0.001 -17"><span class='ocrx_word' id='word_1_64' title='bbox 403 1333 493 1388; x_wconf 87' lang='lat'><strong>27.</strong></span> <span class='ocrx_word' id='word_1_65' title='bbox 529 1333 774 1399; x_wconf 90' lang='lat' dir='ltr'><strong>Quorum</strong></span> <span class='ocrx_word' id='word_1_66' title='bbox 799 1334 895 1387; x_wconf 85' lang='lat' dir='ltr'><strong>ﬁlii</strong></span> <span class='ocrx_word' id='word_1_67' title='bbox 920 1334 1064 1389; x_wconf 91' lang='lat' dir='ltr'><strong>sicut</strong></span> <span class='ocrx_word' id='word_1_68' title='bbox 1086 1335 1313 1388; x_wconf 73' lang='lat' dir='ltr'><strong>novella:</strong></span> <span class='ocrx_word' id='word_1_69' title='bbox 1337 1334 1704 1403; x_wconf 87' lang='lat' dir='ltr'><strong>plantationes</strong></span> <span class='ocrx_word' id='word_1_70' title='bbox 1733 1333 1787 1386; x_wconf 90' lang='lat' dir='ltr'><strong>in</strong></span> <span class='ocrx_word' id='word_1_71' title='bbox 1823 1332 1913 1402; x_wconf 80' lang='lat' dir='ltr'><strong>ju-</strong></span> 
     </span>
    </p>
   </div>
   <div class='ocr_carea' id='block_1_13' title="bbox 334 1435 699 1480">
    <p class='ocr_par' dir='ltr' id='par_1_13' title="bbox 334 1435 699 1480">
     <span class='ocr_line' id='line_1_13' title="bbox 334 1435 699 1480; baseline -0.003 -1"><span class='ocrx_word' id='word_1_72' title='bbox 334 1435 554 1480; x_wconf 91' lang='lat' dir='ltr'><strong>ventute</strong></span> <span class='ocrx_word' id='word_1_73' title='bbox 580 1442 699 1480; x_wconf 90' lang='lat' dir='ltr'><strong>sua.</strong></span> 
     </span>
    </p>
   </div>
   <div class='ocr_carea' id='block_1_14' title="bbox 403 1517 1916 1588">
    <p class='ocr_par' dir='ltr' id='par_1_14' title="bbox 403 1517 1916 1588">
     <span class='ocr_line' id='line_1_14' title="bbox 403 1517 1916 1588; baseline -0.004 -16"><span class='ocrx_word' id='word_1_74' title='bbox 403 1518 495 1572; x_wconf 87' lang='grc'><strong>28.</strong></span> <span class='ocrx_word' id='word_1_75' title='bbox 529 1517 680 1573; x_wconf 71' lang='lat' dir='ltr'><strong>Filia:</strong></span> <span class='ocrx_word' id='word_1_76' title='bbox 727 1533 919 1573; x_wconf 89' lang='lat' dir='ltr'><strong>eorum</strong></span> <span class='ocrx_word' id='word_1_77' title='bbox 975 1517 1332 1588; x_wconf 82' lang='lat' dir='ltr'><strong>compositae,</strong></span> <span class='ocrx_word' id='word_1_78' title='bbox 1388 1517 1807 1571; x_wconf 78' lang='lat' dir='ltr'><strong>circumornatze</strong></span> <span class='ocrx_word' id='word_1_79' title='bbox 1855 1521 1916 1568; x_wconf 89' lang='lat' dir='ltr'><strong>ut</strong></span> 
     </span>
    </p>
   </div>
   <div class='ocr_carea' id='block_1_15' title="bbox 335 1607 879 1678">
    <p class='ocr_par' dir='ltr' id='par_1_15' title="bbox 335 1607 879 1678">
     <span class='ocr_line' id='line_1_15' title="bbox 335 1607 879 1678; baseline 0 -16"><span class='ocrx_word' id='word_1_80' title='bbox 335 1607 636 1662; x_wconf 81' lang='lat' dir='ltr'><strong>similitudo</strong></span> <span class='ocrx_word' id='word_1_81' title='bbox 671 1609 879 1678; x_wconf 86' lang='lat' dir='ltr'><strong>templi.</strong></span> 
     </span>
    </p>
   </div>
   <div class='ocr_carea' id='block_1_16' title="bbox 407 1697 1907 1769">
    <p class='ocr_par' dir='ltr' id='par_1_16' title="bbox 407 1697 1907 1769">
     <span class='ocr_line' id='line_1_16' title="bbox 407 1697 1907 1769; baseline -0.001 -18"><span class='ocrx_word' id='word_1_82' title='bbox 407 1698 498 1752; x_wconf 84' lang='lat'><strong>29.</strong></span> <span class='ocrx_word' id='word_1_83' title='bbox 536 1697 916 1769; x_wconf 88' lang='lat' dir='ltr'><strong>Promptuaria</strong></span> <span class='ocrx_word' id='word_1_84' title='bbox 938 1715 1128 1755; x_wconf 90' lang='lat' dir='ltr'><strong>eorum</strong></span> <span class='ocrx_word' id='word_1_85' title='bbox 1153 1701 1334 1769; x_wconf 83' lang='lat' dir='ltr'><strong>plena,</strong></span> <span class='ocrx_word' id='word_1_86' title='bbox 1372 1697 1680 1754; x_wconf 85' lang='lat' dir='ltr'><strong>eructantia</strong></span> <span class='ocrx_word' id='word_1_87' title='bbox 1711 1713 1776 1750; x_wconf 83' lang='lat' dir='ltr'><strong>ex</strong></span> <span class='ocrx_word' id='word_1_88' title='bbox 1802 1697 1907 1750; x_wconf 89' lang='lat' dir='ltr'><strong>hoc</strong></span> 
     </span>
    </p>
   </div>
   <div class='ocr_carea' id='block_1_17' title="bbox 336 1789 590 1844">
    <p class='ocr_par' dir='ltr' id='par_1_17' title="bbox 336 1789 590 1844">
     <span class='ocr_line' id='line_1_17' title="bbox 336 1789 590 1844; baseline 0.008 -2"><span class='ocrx_word' id='word_1_89' title='bbox 336 1789 392 1843; x_wconf 89' lang='lat' dir='ltr'><strong>in</strong></span> <span class='ocrx_word' id='word_1_90' title='bbox 435 1789 590 1844; x_wconf 89' lang='lat' dir='ltr'><strong>illud.</strong></span> 
     </span>
    </p>
   </div>
   <div class='ocr_carea' id='block_1_18' title="bbox 405 1876 1910 1947">
    <p class='ocr_par' dir='ltr' id='par_1_18' title="bbox 405 1876 1910 1947">
     <span class='ocr_line' id='line_1_18' title="bbox 405 1876 1910 1947; baseline -0.004 -13"><span class='ocrx_word' id='word_1_91' title='bbox 405 1878 493 1934; x_wconf 78' lang='lat'><strong>&#39;50.</strong></span> <span class='ocrx_word' id='word_1_92' title='bbox 531 1880 668 1936; x_wconf 88' lang='lat' dir='ltr'><strong>Oves</strong></span> <span class='ocrx_word' id='word_1_93' title='bbox 702 1896 894 1936; x_wconf 90' lang='lat' dir='ltr'><strong>eorum</strong></span> <span class='ocrx_word' id='word_1_94' title='bbox 933 1879 1174 1947; x_wconf 57' lang='lat' dir='ltr'><strong>fastosae,</strong></span> <span class='ocrx_word' id='word_1_95' title='bbox 1225 1881 1566 1935; x_wconf 85' lang='lat' dir='ltr'><strong>abundantes</strong></span> <span class='ocrx_word' id='word_1_96' title='bbox 1593 1877 1647 1931; x_wconf 90' lang='lat' dir='ltr'><strong>in</strong></span> <span class='ocrx_word' id='word_1_97' title='bbox 1672 1876 1910 1947; x_wconf 56' lang='lat' dir='ltr'><strong>egressh</strong></span> 
     </span>
    </p>
   </div>
   <div class='ocr_carea' id='block_1_19' title="bbox 335 1969 621 2026">
    <p class='ocr_par' dir='ltr' id='par_1_19' title="bbox 335 1969 621 2026">
     <span class='ocr_line' id='line_1_19' title="bbox 335 1969 621 2026; baseline -0.003 -2"><span class='ocrx_word' id='word_1_98' title='bbox 335 1969 440 2025; x_wconf 80' lang='lat' dir='ltr'><strong>bus</strong></span> <span class='ocrx_word' id='word_1_99' title='bbox 467 1971 584 2026; x_wconf 92' lang='lat' dir='ltr'><strong>suis</strong></span> <span class='ocrx_word' id='word_1_100' title='bbox 609 1989 621 2023; x_wconf 95' lang='lat'>:</span> 
     </span>
    </p>
   </div>
   <div class='ocr_carea' id='block_1_20' title="bbox 1202 301 2777 363">
    <p class='ocr_par' dir='ltr' id='par_1_20' title="bbox 1202 301 2777 363">
     <span class='ocr_line' id='line_1_20' title="bbox 1202 301 2777 363; baseline -0.003 -3"><span class='ocrx_word' id='word_1_101' title='bbox 1202 307 1261 362; x_wconf 91' lang='lat' dir='ltr'><strong>S.</strong></span> <span class='ocrx_word' id='word_1_102' title='bbox 1304 305 1676 363; x_wconf 77' lang='lat' dir='ltr'><strong>ATHANASII</strong></span> <span class='ocrx_word' id='word_1_103' title='bbox 1718 304 1868 360; x_wconf 88' lang='lat' dir='ltr'><strong>OPP.</strong></span> <span class='ocrx_word' id='word_1_104' title='bbox 1919 305 2103 360; x_wconf 76' lang='lat' dir='ltr'><strong>PARS</strong></span> <span class='ocrx_word' id='word_1_105' title='bbox 2143 304 2228 358; x_wconf 92' lang='lat' dir='ltr'><strong>lll.</strong></span> <span class='ocrx_word' id='word_1_106' title='bbox 2269 334 2338 342; x_wconf 93' lang='lat'><strong>—</strong></span> <span class='ocrx_word' id='word_1_107' title='bbox 2369 301 2777 357; x_wconf 73' lang='lat' dir='ltr'><strong>EXEGETICA.</strong></span> 
     </span>
    </p>
   </div>
   <div class='ocr_carea' id='block_1_21' title="bbox 1935 417 3206 491">
    <p class='ocr_par' dir='ltr' id='par_1_21' title="bbox 1935 417 3206 491">
     <span class='ocr_line' id='line_1_21' title="bbox 1935 417 3206 491; baseline -0.006 -15"><span class='ocrx_word' id='word_1_108' title='bbox 1935 430 1984 484; x_wconf 76' lang='grc' dir='ltr'><strong>Α</strong></span> <span class='ocrx_word' id='word_1_109' title='bbox 2085 424 2168 477; x_wconf 87' lang='grc'><strong>19.</strong></span> <span class='ocrx_word' id='word_1_110' title='bbox 2208 425 2313 474; x_wconf 75' lang='grc' dir='ltr'>Καὶ</span> <span class='ocrx_word' id='word_1_111' title='bbox 2343 424 2374 491; x_wconf 84' lang='grc' dir='ltr'><strong>ἡ</strong></span> <span class='ocrx_word' id='word_1_112' title='bbox 2409 421 2562 486; x_wconf 80' lang='grc' dir='ltr'>δεξιά</span> <span class='ocrx_word' id='word_1_113' title='bbox 2589 419 2769 472; x_wconf 74' lang='grc' dir='ltr'>αὐτῶν</span> <span class='ocrx_word' id='word_1_114' title='bbox 2797 417 2946 482; x_wconf 80' lang='grc' dir='ltr'>δεξιά</span> <span class='ocrx_word' id='word_1_115' title='bbox 2971 417 3206 480; x_wconf 74' lang='grc' dir='ltr'>ἀδικίας.</span> 
     </span>
    </p>
   </div>
   <div class='ocr_carea' id='block_1_22' title="bbox 3456 297 3602 354">
    <p class='ocr_par' dir='ltr' id='par_1_22' title="bbox 3456 297 3602 354">
     <span class='ocr_line' id='line_1_22' title="bbox 3456 297 3602 354; baseline -0.014 0"><span class='ocrx_word' id='word_1_116' title='bbox 3456 297 3602 354; x_wconf 75' lang='grc'><strong>1508</strong></span> 
     </span>
    </p>
   </div>
   <div class='ocr_carea' id='block_1_23' title="bbox 2086 509 3222 582">
    <p class='ocr_par' dir='ltr' id='par_1_23' title="bbox 2086 509 3222 582">
     <span class='ocr_line' id='line_1_23' title="bbox 2086 509 3222 582; baseline -0.004 -14"><span class='ocrx_word' id='word_1_117' title='bbox 2086 516 2175 568; x_wconf 87' lang='grc'><strong>20.</strong></span> <span class='ocrx_word' id='word_1_118' title='bbox 2213 515 2270 566; x_wconf 88' lang='lat'><strong>&#39;0</strong></span> <span class='ocrx_word' id='word_1_119' title='bbox 2304 514 2456 576; x_wconf 77' lang='grc' dir='ltr'>Θεὸς,</span> <span class='ocrx_word' id='word_1_120' title='bbox 2485 512 2625 582; x_wconf 76' lang='grc' dir='ltr'>ᾠδὴν</span> <span class='ocrx_word' id='word_1_121' title='bbox 2659 511 2852 580; x_wconf 85' lang='grc' dir='ltr'>καινὴν</span> <span class='ocrx_word' id='word_1_122' title='bbox 2881 509 3080 580; x_wconf 78' lang='grc' dir='ltr'>ᾇσομαί</span> <span class='ocrx_word' id='word_1_123' title='bbox 3121 526 3222 564; x_wconf 92' lang='grc' dir='ltr'>σοι.</span> 
     </span>
    </p>
   </div>
   <div class='ocr_carea' id='block_1_24' title="bbox 2081 601 3272 676">
    <p class='ocr_par' dir='ltr' id='par_1_24' title="bbox 2081 601 3272 676">
     <span class='ocr_line' id='line_1_24' title="bbox 2081 601 3272 676; baseline -0.007 -16"><span class='ocrx_word' id='word_1_124' title='bbox 2081 609 2171 662; x_wconf 84' lang='grc'><strong>21.</strong></span> <span class='ocrx_word' id='word_1_125' title='bbox 2212 610 2298 661; x_wconf 83' lang='grc' dir='ltr'>Ἑν</span> <span class='ocrx_word' id='word_1_126' title='bbox 2329 605 2610 676; x_wconf 77' lang='grc' dir='ltr'>ψαλτηρίῳ</span> <span class='ocrx_word' id='word_1_127' title='bbox 2641 604 2952 674; x_wconf 83' lang='grc' dir='ltr'>δεκαχόρδῳ</span> <span class='ocrx_word' id='word_1_128' title='bbox 2981 601 3136 670; x_wconf 75' lang='grc' dir='ltr'><strong>ψαλῶ</strong></span> <span class='ocrx_word' id='word_1_129' title='bbox 3169 616 3272 653; x_wconf 85' lang='grc' dir='ltr'>σοι·</span> 
     </span>
    </p>
   </div>
   <div class='ocr_carea' id='block_1_25' title="bbox 2085 689 3446 769">
    <p class='ocr_par' dir='ltr' id='par_1_25' title="bbox 2085 689 3446 769">
     <span class='ocr_line' id='line_1_25' title="bbox 2085 689 3446 769; baseline -0.008 -16"><span class='ocrx_word' id='word_1_130' title='bbox 2085 701 2174 753; x_wconf 77' lang='grc'><strong>22.</strong></span> <span class='ocrx_word' id='word_1_131' title='bbox 2212 699 2302 769; x_wconf 87' lang='grc' dir='ltr'><strong>Τῷ</strong></span> <span class='ocrx_word' id='word_1_132' title='bbox 2329 699 2522 752; x_wconf 82' lang='grc' dir='ltr'><strong>διδόντι</strong></span> <span class='ocrx_word' id='word_1_133' title='bbox 2549 697 2645 766; x_wconf 82' lang='grc' dir='ltr'>τὴν</span> <span class='ocrx_word' id='word_1_134' title='bbox 2671 694 2943 764; x_wconf 82' lang='grc' dir='ltr'><strong>σωτηρίαν</strong></span> <span class='ocrx_word' id='word_1_135' title='bbox 2972 696 3084 756; x_wconf 87' lang='grc' dir='ltr'>τοῖς</span> <span class='ocrx_word' id='word_1_136' title='bbox 3111 689 3392 760; x_wconf 82' lang='grc' dir='ltr'>βασιλεῦσι</span> <span class='ocrx_word' id='word_1_137' title='bbox 3430 705 3446 720; x_wconf 77' lang='grc' dir='ltr'><strong>ο</strong></span> 
     </span>
    </p>
   </div>
   <div class='ocr_carea' id='block_1_26' title="bbox 2083 779 3592 861">
    <p class='ocr_par' dir='ltr' id='par_1_26' title="bbox 2083 779 3592 861">
     <span class='ocr_line' id='line_1_26' title="bbox 2083 779 3592 861; baseline -0.009 -16"><span class='ocrx_word' id='word_1_138' title='bbox 2083 793 2174 846; x_wconf 75' lang='grc'><strong>25.</strong></span> <span class='ocrx_word' id='word_1_139' title='bbox 2208 791 2298 861; x_wconf 87' lang='grc' dir='ltr'><strong>Τῷ</strong></span> <span class='ocrx_word' id='word_1_140' title='bbox 2344 788 2698 860; x_wconf 85' lang='grc' dir='ltr'>λυτρουμένῳ</span> <span class='ocrx_word' id='word_1_141' title='bbox 2728 787 2889 839; x_wconf 72' lang='grc' dir='ltr'>Δαϐὶδ</span> <span class='ocrx_word' id='word_1_142' title='bbox 2938 786 3028 838; x_wconf 79' lang='grc' dir='ltr'>τὸν</span> <span class='ocrx_word' id='word_1_143' title='bbox 3072 783 3254 837; x_wconf 76' lang='grc' dir='ltr'>δοῦλον</span> <span class='ocrx_word' id='word_1_144' title='bbox 3306 779 3476 834; x_wconf 79' lang='grc' dir='ltr'>αὑτοῦ</span> <span class='ocrx_word' id='word_1_145' title='bbox 3527 782 3592 833; x_wconf 87' lang='grc' dir='ltr'><strong>ἐκ</strong></span> 
     </span>
    </p>
   </div>
   <div class='ocr_carea' id='block_1_27' title="bbox 2016 875 3109 953">
    <p class='ocr_par' dir='ltr' id='par_1_27' title="bbox 2016 875 3109 953">
     <span class='ocr_line' id='line_1_27' title="bbox 2016 875 3109 953; baseline -0.006 -18"><span class='ocrx_word' id='word_1_146' title='bbox 2016 883 2288 953; x_wconf 77' lang='grc' dir='ltr'>ῥομφαίας</span> <span class='ocrx_word' id='word_1_147' title='bbox 2320 883 2562 950; x_wconf 80' lang='grc' dir='ltr'>πονηρᾶς</span> <span class='ocrx_word' id='word_1_148' title='bbox 2597 879 2858 950; x_wconf 74' lang='grc' dir='ltr'>[ῥύσεται</span> <span class='ocrx_word' id='word_1_149' title='bbox 2887 875 3109 947; x_wconf 73' lang='grc' dir='ltr'>αὖτόν].</span> 
     </span>
    </p>
   </div>
   <div class='ocr_carea' id='block_1_28' title="bbox 2085 962 3589 1042">
    <p class='ocr_par' dir='ltr' id='par_1_28' title="bbox 2085 962 3589 1042">
     <span class='ocr_line' id='line_1_28' title="bbox 2085 962 3589 1042; baseline -0.007 -17"><span class='ocrx_word' id='word_1_150' title='bbox 2085 973 2173 1025; x_wconf 81' lang='grc'><strong>2-1.</strong></span> <span class='ocrx_word' id='word_1_151' title='bbox 2217 972 2404 1025; x_wconf 83' lang='grc' dir='ltr'>Ῥὖσαί</span> <span class='ocrx_word' id='word_1_152' title='bbox 2435 989 2525 1042; x_wconf 89' lang='grc' dir='ltr'><strong>με,</strong></span> <span class='ocrx_word' id='word_1_153' title='bbox 2561 972 2653 1022; x_wconf 72' lang='grc' dir='ltr'><strong>καὶ</strong></span> <span class='ocrx_word' id='word_1_154' title='bbox 2683 969 2866 1034; x_wconf 77' lang='grc' dir='ltr'>ἐξελοῦ</span> <span class='ocrx_word' id='word_1_155' title='bbox 2911 985 2976 1038; x_wconf 91' lang='grc' dir='ltr'><strong>με</strong></span> <span class='ocrx_word' id='word_1_156' title='bbox 3022 969 3086 1020; x_wconf 90' lang='grc' dir='ltr'><strong>ἐκ</strong></span> <span class='ocrx_word' id='word_1_157' title='bbox 3125 967 3303 1038; x_wconf 80' lang='grc' dir='ltr'>χειρὸς</span> <span class='ocrx_word' id='word_1_158' title='bbox 3333 965 3467 1016; x_wconf 76' lang='grc' dir='ltr'>υἱῶν</span> <span class='ocrx_word' id='word_1_159' title='bbox 3499 962 3589 1016; x_wconf 83' lang='grc' dir='ltr'>ἀλ-</span> 
     </span>
    </p>
   </div>
   <div class='ocr_carea' id='block_1_29' title="bbox 2017 1064 2285 1134">
    <p class='ocr_par' dir='ltr' id='par_1_29' title="bbox 2017 1064 2285 1134">
     <span class='ocr_line' id='line_1_29' title="bbox 2017 1064 2285 1134; baseline -0.011 -16"><span class='ocrx_word' id='word_1_160' title='bbox 2017 1064 2245 1134; x_wconf 86' lang='grc' dir='ltr'>λοτρίων</span> <span class='ocrx_word' id='word_1_161' title='bbox 2273 1083 2285 1093; x_wconf 94' lang='grc'><strong>·</strong></span> 
     </span>
    </p>
   </div>
   <div class='ocr_carea' id='block_1_30' title="bbox 2087 1147 3303 1221">
    <p class='ocr_par' dir='ltr' id='par_1_30' title="bbox 2087 1147 3303 1221">
     <span class='ocr_line' id='line_1_30' title="bbox 2087 1147 3303 1221; baseline -0.007 -14"><span class='ocrx_word' id='word_1_162' title='bbox 2087 1155 2178 1207; x_wconf 78' lang='grc'><strong>25.</strong></span> <span class='ocrx_word' id='word_1_163' title='bbox 2217 1147 2317 1205; x_wconf 82' lang='grc' dir='ltr'>Ὧν</span> <span class='ocrx_word' id='word_1_164' title='bbox 2353 1153 2414 1204; x_wconf 86' lang='grc' dir='ltr'>τὺ</span> <span class='ocrx_word' id='word_1_165' title='bbox 2446 1153 2617 1220; x_wconf 83' lang='grc' dir='ltr'><strong>στόμα</strong></span> <span class='ocrx_word' id='word_1_166' title='bbox 2652 1151 2878 1221; x_wconf 74' lang='grc' dir='ltr'>ἐλάλησε</span> <span class='ocrx_word' id='word_1_167' title='bbox 2920 1164 3251 1220; x_wconf 83' lang='grc' dir='ltr'>ματαιοτητα</span> <span class='ocrx_word' id='word_1_168' title='bbox 3288 1184 3303 1208; x_wconf 94' lang='grc'><strong>,</strong></span> 
     </span>
    </p>
   </div>
   <div class='ocr_carea' id='block_1_31' title="bbox 2087 1239 3208 1312">
    <p class='ocr_par' dir='ltr' id='par_1_31' title="bbox 2087 1239 3208 1312">
     <span class='ocr_line' id='line_1_31' title="bbox 2087 1239 3208 1312; baseline -0.007 -16"><span class='ocrx_word' id='word_1_169' title='bbox 2087 1243 2178 1296; x_wconf 87' lang='grc'><strong>26.</strong></span> <span class='ocrx_word' id='word_1_170' title='bbox 2211 1243 2320 1295; x_wconf 72' lang='grc' dir='ltr'>Καὶ</span> <span class='ocrx_word' id='word_1_171' title='bbox 2348 1246 2380 1312; x_wconf 80' lang='grc' dir='ltr'>ἡ</span> <span class='ocrx_word' id='word_1_172' title='bbox 2412 1242 2560 1305; x_wconf 82' lang='grc' dir='ltr'>δεξιά</span> <span class='ocrx_word' id='word_1_173' title='bbox 2592 1243 2768 1294; x_wconf 72' lang='grc' dir='ltr'>αὐτῶν</span> <span class='ocrx_word' id='word_1_174' title='bbox 2796 1240 2946 1305; x_wconf 80' lang='grc' dir='ltr'>δεξιά</span> <span class='ocrx_word' id='word_1_175' title='bbox 2977 1239 3208 1300; x_wconf 87' lang='grc' dir='ltr'>ἀδικίας.</span> 
     </span>
    </p>
   </div>
   <div class='ocr_carea' id='block_1_32' title="bbox 2083 1327 3592 1400">
    <p class='ocr_par' dir='ltr' id='par_1_32' title="bbox 2083 1327 3592 1400">
     <span class='ocr_line' id='line_1_32' title="bbox 2083 1327 3592 1400; baseline -0.005 -14"><span class='ocrx_word' id='word_1_176' title='bbox 2083 1333 2174 1388; x_wconf 88' lang='grc'><strong>27.</strong></span> <span class='ocrx_word' id='word_1_177' title='bbox 2213 1327 2311 1385; x_wconf 85' lang='grc' dir='ltr'>Ὦν</span> <span class='ocrx_word' id='word_1_178' title='bbox 2346 1334 2396 1384; x_wconf 79' lang='grc' dir='ltr'>οἱ</span> <span class='ocrx_word' id='word_1_179' title='bbox 2427 1333 2534 1385; x_wconf 71' lang='grc' dir='ltr'>υἱοὶ</span> <span class='ocrx_word' id='word_1_180' title='bbox 2566 1332 2742 1386; x_wconf 72' lang='grc' dir='ltr'>αὐτῶν</span> <span class='ocrx_word' id='word_1_181' title='bbox 2777 1332 2852 1396; x_wconf 85' lang='grc' dir='ltr'>ὡς</span> <span class='ocrx_word' id='word_1_182' title='bbox 2873 1331 3102 1399; x_wconf 79' lang='grc' dir='ltr'>νεόφυτα</span> <span class='ocrx_word' id='word_1_183' title='bbox 3129 1328 3390 1400; x_wconf 75' lang='grc' dir='ltr'><strong>ἱδρυμένα</strong></span> <span class='ocrx_word' id='word_1_184' title='bbox 3434 1329 3493 1379; x_wconf 85' lang='grc' dir='ltr'><strong>ἐν</strong></span> <span class='ocrx_word' id='word_1_185' title='bbox 3527 1329 3592 1396; x_wconf 83' lang='grc' dir='ltr'>τῇ</span> 
     </span>
    </p>
   </div>
   <div class='ocr_carea' id='block_1_33' title="bbox 2015 1424 2456 1494">
    <p class='ocr_par' dir='ltr' id='par_1_33' title="bbox 2015 1424 2456 1494">
     <span class='ocr_line' id='line_1_33' title="bbox 2015 1424 2456 1494; baseline 0 -18"><span class='ocrx_word' id='word_1_186' title='bbox 2015 1425 2226 1494; x_wconf 82' lang='grc' dir='ltr'>νεότητι</span> <span class='ocrx_word' id='word_1_187' title='bbox 2257 1424 2456 1477; x_wconf 78' lang='grc' dir='ltr'>αὐτῶν.</span> 
     </span>
    </p>
   </div>
   <div class='ocr_carea' id='block_1_34' title="bbox 2083 1513 3598 1587">
    <p class='ocr_par' dir='ltr' id='par_1_34' title="bbox 2083 1513 3598 1587">
     <span class='ocr_line' id='line_1_34' title="bbox 2083 1513 3598 1587; baseline -0.004 -19"><span class='ocrx_word' id='word_1_188' title='bbox 2083 1516 2173 1568; x_wconf 89' lang='grc'><strong>28.</strong></span> <span class='ocrx_word' id='word_1_189' title='bbox 2208 1517 2273 1566; x_wconf 82' lang='grc' dir='ltr'><strong>Αἱ</strong></span> <span class='ocrx_word' id='word_1_190' title='bbox 2304 1515 2602 1587; x_wconf 77' lang='grc' dir='ltr'><strong>Θυγατέρες</strong></span> <span class='ocrx_word' id='word_1_191' title='bbox 2625 1515 2804 1568; x_wconf 79' lang='grc' dir='ltr'>αὐτῶν</span> <span class='ocrx_word' id='word_1_192' title='bbox 2850 1513 3381 1582; x_wconf 80' lang='grc' dir='ltr'><strong>κεκαλλωπισμέναι,</strong></span> <span class='ocrx_word' id='word_1_193' title='bbox 3439 1528 3598 1580; x_wconf 85' lang='grc' dir='ltr'>περι-</span> 
     </span>
    </p>
   </div>
   <div class='ocr_carea' id='block_1_35' title="bbox 2014 1604 3098 1677">
    <p class='ocr_par' dir='ltr' id='par_1_35' title="bbox 2014 1604 3098 1677">
     <span class='ocr_line' id='line_1_35' title="bbox 2014 1604 3098 1677; baseline -0.004 -17"><span class='ocrx_word' id='word_1_194' title='bbox 2014 1609 2424 1677; x_wconf 83' lang='grc' dir='ltr'>κεκοσμημέναι</span> <span class='ocrx_word' id='word_1_195' title='bbox 2460 1609 2532 1675; x_wconf 88' lang='lat' dir='ltr'><strong>(a)</strong></span> <span class='ocrx_word' id='word_1_196' title='bbox 2563 1607 2638 1669; x_wconf 84' lang='grc' dir='ltr'><strong>ὡς</strong></span> <span class='ocrx_word' id='word_1_197' title='bbox 2662 1607 2913 1676; x_wconf 85' lang='grc' dir='ltr'>ὁμοίωμα</span> <span class='ocrx_word' id='word_1_198' title='bbox 2946 1604 3098 1657; x_wconf 79' lang='grc' dir='ltr'>ναοῦ.</span> 
     </span>
    </p>
   </div>
   <div class='ocr_carea' id='block_1_36' title="bbox 2085 1694 3601 1769">
    <p class='ocr_par' dir='ltr' id='par_1_36' title="bbox 2085 1694 3601 1769">
     <span class='ocr_line' id='line_1_36' title="bbox 2085 1694 3601 1769; baseline -0.006 -16"><span class='ocrx_word' id='word_1_199' title='bbox 2085 1700 2173 1753; x_wconf 92' lang='grc'><strong>29.</strong></span> <span class='ocrx_word' id='word_1_200' title='bbox 2209 1699 2289 1750; x_wconf 83' lang='grc' dir='ltr'><strong>Τά</strong></span> <span class='ocrx_word' id='word_1_201' title='bbox 2331 1704 2551 1768; x_wconf 79' lang='grc' dir='ltr'>ταμιεῖα</span> <span class='ocrx_word' id='word_1_202' title='bbox 2598 1698 2776 1751; x_wconf 76' lang='grc' dir='ltr'>αὐτῶν</span> <span class='ocrx_word' id='word_1_203' title='bbox 2813 1699 2994 1769; x_wconf 74' lang='grc' dir='ltr'>πλήρη</span> <span class='ocrx_word' id='word_1_204' title='bbox 3021 1737 3034 1760; x_wconf 94' lang='grc'><strong>,</strong></span> <span class='ocrx_word' id='word_1_205' title='bbox 3087 1694 3490 1766; x_wconf 83' lang='grc' dir='ltr'>ἐξερευγόμενα</span> <span class='ocrx_word' id='word_1_206' title='bbox 3534 1695 3601 1744; x_wconf 85' lang='grc' dir='ltr'><strong>ἐκ</strong></span> 
     </span>
    </p>
   </div>
   <div class='ocr_carea' id='block_1_37' title="bbox 1944 1783 2527 1850">
    <p class='ocr_par' dir='ltr' id='par_1_37' title="bbox 1944 1783 2527 1850">
     <span class='ocr_line' id='line_1_37' title="bbox 1944 1783 2527 1850; baseline 0.009 -14"><span class='ocrx_word' id='word_1_207' title='bbox 1944 1783 1986 1836; x_wconf 82' lang='grc' dir='ltr'><strong>Β</strong></span> <span class='ocrx_word' id='word_1_208' title='bbox 2016 1789 2205 1842; x_wconf 79' lang='grc' dir='ltr'>τούτου</span> <span class='ocrx_word' id='word_1_209' title='bbox 2241 1790 2318 1850; x_wconf 91' lang='grc' dir='ltr'>εἰς</span> <span class='ocrx_word' id='word_1_210' title='bbox 2349 1788 2527 1842; x_wconf 78' lang='grc' dir='ltr'>τοῦτο.</span> 
     </span>
    </p>
   </div>
   <div class='ocr_carea' id='block_1_38' title="bbox 2090 1875 3602 1947">
    <p class='ocr_par' dir='ltr' id='par_1_38' title="bbox 2090 1875 3602 1947">
     <span class='ocr_line' id='line_1_38' title="bbox 2090 1875 3602 1947; baseline -0.002 -17"><span class='ocrx_word' id='word_1_211' title='bbox 2090 1878 2179 1935; x_wconf 78' lang='lat'><strong>30.</strong></span> <span class='ocrx_word' id='word_1_212' title='bbox 2213 1878 2294 1929; x_wconf 78' lang='grc' dir='ltr'><strong>Τὰ</strong></span> <span class='ocrx_word' id='word_1_213' title='bbox 2323 1878 2569 1947; x_wconf 74' lang='grc' dir='ltr'>πρόϐατα</span> <span class='ocrx_word' id='word_1_214' title='bbox 2601 1877 2780 1931; x_wconf 72' lang='grc' dir='ltr'>αὐτῶν</span> <span class='ocrx_word' id='word_1_215' title='bbox 2813 1876 3083 1930; x_wconf 87' lang='grc' dir='ltr'>πολυτόκα</span> <span class='ocrx_word' id='word_1_216' title='bbox 3105 1917 3119 1942; x_wconf 93' lang='grc'><strong>,</strong></span> <span class='ocrx_word' id='word_1_217' title='bbox 3152 1875 3493 1946; x_wconf 75' lang='grc' dir='ltr'>πληθύνοντα</span> <span class='ocrx_word' id='word_1_218' title='bbox 3541 1891 3602 1927; x_wconf 86' lang='grc' dir='ltr'><strong>εν</strong></span> 
     </span>
    </p>
   </div>
   <div class='ocr_carea' id='block_1_39' title="bbox 2018 1969 2612 2033">
    <p class='ocr_par' dir='ltr' id='par_1_39' title="bbox 2018 1969 2612 2033">
     <span class='ocr_line' id='line_1_39' title="bbox 2018 1969 2612 2033; baseline 0 -12"><span class='ocrx_word' id='word_1_219' title='bbox 2018 1971 2139 2032; x_wconf 85' lang='grc' dir='ltr'>ταῖς</span> <span class='ocrx_word' id='word_1_220' title='bbox 2172 1969 2372 2033; x_wconf 76' lang='grc' dir='ltr'><strong>ἐξόδοις</strong></span> <span class='ocrx_word' id='word_1_221' title='bbox 2405 1969 2582 2022; x_wconf 75' lang='grc' dir='ltr'>αὐτῶν</span> <span class='ocrx_word' id='word_1_222' title='bbox 2599 1987 2612 2001; x_wconf 75' lang='grc' dir='ltr'><strong>ο</strong></span> 
     </span>
    </p>
   </div>
   <div class='ocr_carea' id='block_1_40' title="bbox 404 2073 1949 2151">
    <p class='ocr_par' dir='ltr' id='par_1_40' title="bbox 404 2074 1949 2151">
     <span class='ocr_line' id='line_1_40' title="bbox 404 2074 1949 2151; baseline -0.003 -20"><span class='ocrx_word' id='word_1_223' title='bbox 404 2081 481 2151; x_wconf 85' lang='grc' dir='ltr'>(α)</span> <span class='ocrx_word' id='word_1_224' title='bbox 517 2077 670 2134; x_wconf 79' lang='lat' dir='ltr'><strong>Vers.</strong></span> <span class='ocrx_word' id='word_1_225' title='bbox 701 2079 793 2144; x_wconf 86' lang='lat'><strong>29,</strong></span> <span class='ocrx_word' id='word_1_226' title='bbox 823 2079 1368 2150; x_wconf 82' lang='grc' dir='ltr'>Περικεκοσμημέναι</span> <span class='ocrx_word' id='word_1_227' title='bbox 1400 2078 1476 2140; x_wconf 87' lang='grc' dir='ltr'>ὡς</span> <span class='ocrx_word' id='word_1_228' title='bbox 1516 2077 1768 2148; x_wconf 85' lang='grc' dir='ltr'>ὁμοίωμα</span> <span class='ocrx_word' id='word_1_229' title='bbox 1798 2074 1949 2145; x_wconf 86' lang='grc' dir='ltr'>ἀνθρ‹</span> 
     </span>
    </p>
   </div>
   <div class='ocr_carea' id='block_1_41' title="bbox 2055 2073 2955 2151">
    <p class='ocr_par' dir='ltr' id='par_1_41' title="bbox 2059 2077 2955 2150">
     <span class='ocr_line' id='line_1_41' title="bbox 2059 2077 2955 2150; baseline 0.009 -22"><span class='ocrx_word' id='word_1_230' title='bbox 2059 2095 2108 2128; x_wconf 88' lang='grc' dir='ltr'><strong>υ.</strong></span> <span class='ocrx_word' id='word_1_231' title='bbox 2146 2077 2302 2131; x_wconf 77' lang='lat' dir='ltr'><strong>Vcrs.</strong></span> <span class='ocrx_word' id='word_1_232' title='bbox 2338 2079 2428 2142; x_wconf 80' lang='lat'><strong>50,</strong></span> <span class='ocrx_word' id='word_1_233' title='bbox 2458 2079 2538 2132; x_wconf 73' lang='grc' dir='ltr'><strong>Τὰ</strong></span> <span class='ocrx_word' id='word_1_234' title='bbox 2572 2082 2818 2150; x_wconf 79' lang='grc' dir='ltr'>ταμιεῖα,</span> <span class='ocrx_word' id='word_1_235' title='bbox 2849 2088 2955 2136; x_wconf 93' lang='lat' dir='ltr'><strong>etc.</strong></span> 
     </span>
    </p>
   </div>
   <div class='ocr_carea' id='block_1_42' title="bbox 1453 2191 2464 2254">
    <p class='ocr_par' dir='ltr' id='par_1_42' title="bbox 1453 2191 2464 2254">
     <span class='ocr_line' id='line_1_42' title="bbox 1453 2191 2464 2254; baseline 0.002 -4"><span class='ocrx_word' id='word_1_236' title='bbox 1453 2194 1832 2250; x_wconf 78' lang='lat' dir='ltr'><strong>ATIIANASII</strong></span> <span class='ocrx_word' id='word_1_237' title='bbox 1871 2191 2464 2254; x_wconf 75' lang='lat' dir='ltr'><strong>INTERPRETATIO.</strong></span> 
     </span>
    </p>
   </div>
   <div class='ocr_carea' id='block_1_43' title="bbox 408 2284 1907 2359">
    <p class='ocr_par' dir='ltr' id='par_1_43' title="bbox 408 2284 1907 2359">
     <span class='ocr_line' id='line_1_43' title="bbox 408 2284 1907 2359; baseline -0.001 -18"><span class='ocrx_word' id='word_1_238' title='bbox 408 2286 494 2342; x_wconf 88' lang='grc'><strong>19.</strong></span> <span class='ocrx_word' id='word_1_239' title='bbox 536 2284 658 2342; x_wconf 84' lang='lat' dir='ltr'><strong>Non</strong></span> <span class='ocrx_word' id='word_1_240' title='bbox 697 2288 877 2342; x_wconf 92' lang='lat' dir='ltr'><strong>solum</strong></span> <span class='ocrx_word' id='word_1_241' title='bbox 907 2289 1126 2344; x_wconf 88' lang='lat' dir='ltr'><strong>sinistra</strong></span> <span class='ocrx_word' id='word_1_242' title='bbox 1168 2305 1358 2344; x_wconf 88' lang='lat' dir='ltr'><strong>earum</strong></span> <span class='ocrx_word' id='word_1_243' title='bbox 1404 2291 1638 2359; x_wconf 85' lang='lat' dir='ltr'><strong>perditio</strong></span> <span class='ocrx_word' id='word_1_244' title='bbox 1669 2298 1772 2352; x_wconf 90' lang='lat' dir='ltr'><strong>est,</strong></span> <span class='ocrx_word' id='word_1_245' title='bbox 1811 2287 1907 2342; x_wconf 88' lang='lat' dir='ltr'><strong>sed</strong></span> 
     </span>
    </p>
   </div>
   <div class='ocr_carea' id='block_1_44' title="bbox 335 2379 1418 2435">
    <p class='ocr_par' dir='ltr' id='par_1_44' title="bbox 335 2379 1418 2435">
     <span class='ocr_line' id='line_1_44' title="bbox 335 2379 1418 2435; baseline 0.003 -3"><span class='ocrx_word' id='word_1_246' title='bbox 335 2379 500 2433; x_wconf 87' lang='lat' dir='ltr'><strong>etiam</strong></span> <span class='ocrx_word' id='word_1_247' title='bbox 531 2395 718 2434; x_wconf 89' lang='lat' dir='ltr'><strong>earum</strong></span> <span class='ocrx_word' id='word_1_248' title='bbox 755 2380 980 2434; x_wconf 81' lang='lat' dir='ltr'><strong>dextera</strong></span> <span class='ocrx_word' id='word_1_249' title='bbox 1012 2397 1160 2435; x_wconf 83' lang='lat' dir='ltr'><strong>mors</strong></span> <span class='ocrx_word' id='word_1_250' title='bbox 1183 2383 1418 2435; x_wconf 78' lang='lat' dir='ltr'><strong>exsistit.</strong></span> 
     </span>
    </p>
   </div>
   <div class='ocr_carea' id='block_1_45' title="bbox 404 2471 1800 2542">
    <p class='ocr_par' dir='ltr' id='par_1_45' title="bbox 404 2471 1800 2542">
     <span class='ocr_line' id='line_1_45' title="bbox 404 2471 1800 2542; baseline -0.001 -15"><span class='ocrx_word' id='word_1_251' title='bbox 404 2471 497 2529; x_wconf 89' lang='lat'><strong>20.</strong></span> <span class='ocrx_word' id='word_1_252' title='bbox 528 2471 824 2537; x_wconf 85' lang='lat' dir='ltr'><strong>Mundum,</strong></span> <span class='ocrx_word' id='word_1_253' title='bbox 861 2473 1269 2526; x_wconf 84' lang='lat' dir='ltr'><strong>immaculatum</strong></span> <span class='ocrx_word' id='word_1_254' title='bbox 1298 2474 1363 2526; x_wconf 91' lang='lat' dir='ltr'><strong>de</strong></span> <span class='ocrx_word' id='word_1_255' title='bbox 1401 2475 1654 2542; x_wconf 84' lang='lat' dir='ltr'><strong>passione</strong></span> <span class='ocrx_word' id='word_1_256' title='bbox 1690 2483 1800 2526; x_wconf 92' lang='lat' dir='ltr'><strong>tua.</strong></span> 
     </span>
    </p>
   </div>
   <div class='ocr_carea' id='block_1_46' title="bbox 406 2563 1910 2634">
    <p class='ocr_par' dir='ltr' id='par_1_46' title="bbox 406 2563 1910 2634">
     <span class='ocr_line' id='line_1_46' title="bbox 406 2563 1910 2634; baseline 0.001 -18"><span class='ocrx_word' id='word_1_257' title='bbox 406 2564 498 2619; x_wconf 88' lang='grc'><strong>21.</strong></span> <span class='ocrx_word' id='word_1_258' title='bbox 537 2563 719 2618; x_wconf 85' lang='lat' dir='ltr'><strong>Gratia</strong></span> <span class='ocrx_word' id='word_1_259' title='bbox 769 2567 944 2618; x_wconf 88' lang='lat' dir='ltr'><strong>sancti</strong></span> <span class='ocrx_word' id='word_1_260' title='bbox 995 2564 1231 2632; x_wconf 85' lang='lat' dir='ltr'><strong>Spiritus</strong></span> <span class='ocrx_word' id='word_1_261' title='bbox 1285 2566 1340 2619; x_wconf 89' lang='lat' dir='ltr'><strong>in</strong></span> <span class='ocrx_word' id='word_1_262' title='bbox 1395 2567 1582 2619; x_wconf 86' lang='lat' dir='ltr'><strong>decem</strong></span> <span class='ocrx_word' id='word_1_263' title='bbox 1628 2564 1910 2634; x_wconf 74' lang='lat' dir='ltr'><strong>praeceptis</strong></span> 
     </span>
    </p>
   </div>
   <div class='ocr_carea' id='block_1_47' title="bbox 337 2653 1906 2726">
    <p class='ocr_par' dir='ltr' id='par_1_47' title="bbox 337 2653 1906 2726">
     <span class='ocr_line' id='line_1_47' title="bbox 337 2653 1906 2726; baseline -0.002 -18"><span class='ocrx_word' id='word_1_264' title='bbox 337 2654 626 2726; x_wconf 85' lang='lat' dir='ltr'><strong>perﬁciens</strong></span> <span class='ocrx_word' id='word_1_265' title='bbox 655 2669 742 2708; x_wconf 90' lang='lat' dir='ltr'><strong>me</strong></span> <span class='ocrx_word' id='word_1_266' title='bbox 769 2654 970 2724; x_wconf 90' lang='lat' dir='ltr'><strong>ipsum,</strong></span> <span class='ocrx_word' id='word_1_267' title='bbox 996 2655 1315 2725; x_wconf 75' lang='lat' dir='ltr'><strong>gloriﬁcabo</strong></span> <span class='ocrx_word' id='word_1_268' title='bbox 1343 2664 1394 2709; x_wconf 91' lang='lat' dir='ltr'><strong>te</strong></span> <span class='ocrx_word' id='word_1_269' title='bbox 1427 2655 1588 2709; x_wconf 89' lang='lat' dir='ltr'><strong>bonis</strong></span> <span class='ocrx_word' id='word_1_270' title='bbox 1628 2653 1906 2723; x_wconf 88' lang='lat' dir='ltr'><strong>operibus.</strong></span> 
     </span>
    </p>
   </div>
   <div class='ocr_carea' id='block_1_48' title="bbox 406 2831 1909 2901">
    <p class='ocr_par' dir='ltr' id='par_1_48' title="bbox 406 2831 1909 2901">
     <span class='ocr_line' id='line_1_48' title="bbox 406 2831 1909 2901; baseline -0.003 -15"><span class='ocrx_word' id='word_1_271' title='bbox 406 2831 499 2886; x_wconf 87' lang='lat'><strong>22.</strong></span> <span class='ocrx_word' id='word_1_272' title='bbox 539 2831 642 2898; x_wconf 87' lang='lat' dir='ltr'><strong>Qui</strong></span> <span class='ocrx_word' id='word_1_273' title='bbox 679 2831 924 2886; x_wconf 85' lang='lat' dir='ltr'><strong>viviﬁcas</strong></span> <span class='ocrx_word' id='word_1_274' title='bbox 955 2835 1129 2901; x_wconf 77' lang='lat' dir='ltr'><strong>gratia</strong></span> <span class='ocrx_word' id='word_1_275' title='bbox 1158 2842 1248 2885; x_wconf 91' lang='lat' dir='ltr'><strong>tua</strong></span> <span class='ocrx_word' id='word_1_276' title='bbox 1276 2840 1497 2885; x_wconf 88' lang='lat' dir='ltr'><strong>sanctos</strong></span> <span class='ocrx_word' id='word_1_277' title='bbox 1537 2839 1826 2899; x_wconf 77' lang='lat' dir='ltr'><strong>regnantes</strong></span> <span class='ocrx_word' id='word_1_278' title='bbox 1859 2831 1909 2882; x_wconf 91' lang='lat' dir='ltr'><strong>in</strong></span> 
     </span>
    </p>
   </div>
   <div class='ocr_carea' id='block_1_49' title="bbox 2089 2288 3602 2361">
    <p class='ocr_par' dir='ltr' id='par_1_49' title="bbox 2089 2288 3602 2361">
     <span class='ocr_line' id='line_1_49' title="bbox 2089 2288 3602 2361; baseline 0.001 -21"><span class='ocrx_word' id='word_1_279' title='bbox 2089 2288 2178 2342; x_wconf 89' lang='grc'><strong>19.</strong></span> <span class='ocrx_word' id='word_1_280' title='bbox 2203 2291 2275 2341; x_wconf 77' lang='grc' dir='ltr'><strong>Οὐ</strong></span> <span class='ocrx_word' id='word_1_281' title='bbox 2311 2291 2470 2360; x_wconf 91' lang='grc' dir='ltr'>μόνον</span> <span class='ocrx_word' id='word_1_282' title='bbox 2503 2289 2573 2342; x_wconf 91' lang='grc' dir='ltr'><strong>τά</strong></span> <span class='ocrx_word' id='word_1_283' title='bbox 2609 2289 2871 2361; x_wconf 83' lang='grc' dir='ltr'>ἀριστερά</span> <span class='ocrx_word' id='word_1_284' title='bbox 2907 2289 3086 2343; x_wconf 76' lang='grc' dir='ltr'>αὐτῶν</span> <span class='ocrx_word' id='word_1_285' title='bbox 3134 2289 3381 2342; x_wconf 80' lang='grc' dir='ltr'>ἀπώλεια</span> <span class='ocrx_word' id='word_1_286' title='bbox 3424 2291 3602 2353; x_wconf 82' lang='grc' dir='ltr'>ἐστιν,</span> 
     </span>
    </p>
   </div>
   <div class='ocr_carea' id='block_1_50' title="bbox 2016 2380 3374 2452">
    <p class='ocr_par' dir='ltr' id='par_1_50' title="bbox 2016 2380 3374 2452">
     <span class='ocr_line' id='line_1_50' title="bbox 2016 2380 3374 2452; baseline 0.001 -20"><span class='ocrx_word' id='word_1_287' title='bbox 2016 2380 2150 2434; x_wconf 74' lang='grc' dir='ltr'>ἀλλὰ</span> <span class='ocrx_word' id='word_1_288' title='bbox 2180 2381 2272 2433; x_wconf 73' lang='grc' dir='ltr'>καὶ</span> <span class='ocrx_word' id='word_1_289' title='bbox 2303 2384 2335 2452; x_wconf 83' lang='grc' dir='ltr'>ὴ</span> <span class='ocrx_word' id='word_1_290' title='bbox 2371 2381 2520 2445; x_wconf 85' lang='grc' dir='ltr'>δεξιά</span> <span class='ocrx_word' id='word_1_291' title='bbox 2545 2381 2720 2434; x_wconf 81' lang='grc' dir='ltr'>αὐτῶν</span> <span class='ocrx_word' id='word_1_292' title='bbox 2745 2382 2977 2434; x_wconf 84' lang='grc' dir='ltr'>θανάτου</span> <span class='ocrx_word' id='word_1_293' title='bbox 3011 2381 3088 2449; x_wconf 86' lang='grc'>(1)</span> <span class='ocrx_word' id='word_1_294' title='bbox 3122 2381 3374 2452; x_wconf 78' lang='grc' dir='ltr'><strong>ὑπάρχει.</strong></span> 
     </span>
    </p>
   </div>
   <div class='ocr_carea' id='block_1_51' title="bbox 2085 2470 3441 2542">
    <p class='ocr_par' dir='ltr' id='par_1_51' title="bbox 2085 2470 3441 2542">
     <span class='ocr_line' id='line_1_51' title="bbox 2085 2470 3441 2542; baseline 0.001 -18"><span class='ocrx_word' id='word_1_295' title='bbox 2085 2471 2174 2526; x_wconf 88' lang='lat'><strong>20.</strong></span> <span class='ocrx_word' id='word_1_296' title='bbox 2211 2471 2493 2542; x_wconf 82' lang='grc' dir='ltr'>Καθαράν,</span> <span class='ocrx_word' id='word_1_297' title='bbox 2524 2472 2754 2542; x_wconf 81' lang='grc' dir='ltr'>ἄμωμον</span> <span class='ocrx_word' id='word_1_298' title='bbox 2788 2473 2926 2542; x_wconf 78' lang='grc' dir='ltr'>ὑπὲρ</span> <span class='ocrx_word' id='word_1_299' title='bbox 2960 2470 3053 2522; x_wconf 81' lang='grc' dir='ltr'>τοῦ</span> <span class='ocrx_word' id='word_1_300' title='bbox 3093 2473 3298 2535; x_wconf 81' lang='grc' dir='ltr'>πάθους</span> <span class='ocrx_word' id='word_1_301' title='bbox 3326 2489 3441 2526; x_wconf 87' lang='grc' dir='ltr'>σου.</span> 
     </span>
    </p>
   </div>
   <div class='ocr_carea' id='block_1_52' title="bbox 2088 2561 3602 2633">
    <p class='ocr_par' dir='ltr' id='par_1_52' title="bbox 2088 2561 3602 2633">
     <span class='ocr_line' id='line_1_52' title="bbox 2088 2561 3602 2633; baseline 0.001 -20"><span class='ocrx_word' id='word_1_302' title='bbox 2088 2562 2176 2614; x_wconf 81' lang='grc'><strong>21.</strong></span> <span class='ocrx_word' id='word_1_303' title='bbox 2221 2561 2308 2614; x_wconf 92' lang='grc' dir='ltr'><strong>Ἐν</strong></span> <span class='ocrx_word' id='word_1_304' title='bbox 2335 2565 2400 2633; x_wconf 81' lang='grc' dir='ltr'>τῇ</span> <span class='ocrx_word' id='word_1_305' title='bbox 2432 2563 2617 2633; x_wconf 83' lang='grc' dir='ltr'>χάριτι</span> <span class='ocrx_word' id='word_1_306' title='bbox 2648 2563 2743 2616; x_wconf 83' lang='grc' dir='ltr'>τοῦ</span> <span class='ocrx_word' id='word_1_307' title='bbox 2790 2564 2946 2632; x_wconf 83' lang='grc' dir='ltr'>ἁγίου</span> <span class='ocrx_word' id='word_1_308' title='bbox 3005 2563 3323 2631; x_wconf 85' lang='grc' dir='ltr'>Πνεύματος</span> <span class='ocrx_word' id='word_1_309' title='bbox 3367 2565 3426 2615; x_wconf 88' lang='grc' dir='ltr'><strong>ἐν</strong></span> <span class='ocrx_word' id='word_1_310' title='bbox 3472 2566 3602 2625; x_wconf 74' lang='grc' dir='ltr'>ταῖς</span> 
     </span>
    </p>
   </div>
   <div class='ocr_carea' id='block_1_53' title="bbox 2018 2654 3600 2727">
    <p class='ocr_par' dir='ltr' id='par_1_53' title="bbox 2018 2654 3600 2727">
     <span class='ocr_line' id='line_1_53' title="bbox 2018 2654 3600 2727; baseline 0.001 -21"><span class='ocrx_word' id='word_1_311' title='bbox 2018 2654 2149 2706; x_wconf 87' lang='grc' dir='ltr'>δέκα</span> <span class='ocrx_word' id='word_1_312' title='bbox 2199 2654 2443 2717; x_wconf 83' lang='grc' dir='ltr'>ἐντολαῖς</span> <span class='ocrx_word' id='word_1_313' title='bbox 2476 2655 2812 2727; x_wconf 82' lang='grc' dir='ltr'>καταρτίσας</span> <span class='ocrx_word' id='word_1_314' title='bbox 2870 2655 3124 2724; x_wconf 79' lang='grc' dir='ltr'>ἐμαυτὸν,</span> <span class='ocrx_word' id='word_1_315' title='bbox 3161 2655 3367 2719; x_wconf 80' lang='grc' dir='ltr'>δοξάσω</span> <span class='ocrx_word' id='word_1_316' title='bbox 3420 2670 3479 2706; x_wconf 90' lang='grc' dir='ltr'><strong>σε</strong></span> <span class='ocrx_word' id='word_1_317' title='bbox 3527 2654 3600 2707; x_wconf 79' lang='grc' dir='ltr'>δι’</span> 
     </span>
    </p>
   </div>
   <div class='ocr_carea' id='block_1_54' title="bbox 2019 2745 2463 2816">
    <p class='ocr_par' dir='ltr' id='par_1_54' title="bbox 2019 2745 2463 2816">
     <span class='ocr_line' id='line_1_54' title="bbox 2019 2745 2463 2816; baseline 0.007 -20"><span class='ocrx_word' id='word_1_318' title='bbox 2019 2745 2196 2816; x_wconf 79' lang='grc' dir='ltr'>ἔργων</span> <span class='ocrx_word' id='word_1_319' title='bbox 2225 2745 2463 2814; x_wconf 83' lang='grc' dir='ltr'>ἀγαθῶν.</span> 
     </span>
    </p>
   </div>
   <div class='ocr_carea' id='block_1_55' title="bbox 2090 2836 3603 2910">
    <p class='ocr_par' dir='ltr' id='par_1_55' title="bbox 2090 2836 3603 2910">
     <span class='ocr_line' id='line_1_55' title="bbox 2090 2836 3603 2910; baseline 0 -20"><span class='ocrx_word' id='word_1_320' title='bbox 2090 2837 2179 2893; x_wconf 86' lang='lat'><strong>22.</strong></span> <span class='ocrx_word' id='word_1_321' title='bbox 2216 2839 2304 2908; x_wconf 88' lang='grc' dir='ltr'>Τῷ</span> <span class='ocrx_word' id='word_1_322' title='bbox 2338 2839 2690 2903; x_wconf 79' lang='grc' dir='ltr'>ζωοποιοῦντι</span> <span class='ocrx_word' id='word_1_323' title='bbox 2741 2839 2829 2892; x_wconf 88' lang='grc' dir='ltr'><strong>διά</strong></span> <span class='ocrx_word' id='word_1_324' title='bbox 2866 2840 2966 2910; x_wconf 83' lang='grc' dir='ltr'>τῆς</span> <span class='ocrx_word' id='word_1_325' title='bbox 3013 2839 3234 2910; x_wconf 80' lang='grc' dir='ltr'>χάριτος</span> <span class='ocrx_word' id='word_1_326' title='bbox 3274 2836 3438 2889; x_wconf 78' lang='grc' dir='ltr'>αὑτοῦ</span> <span class='ocrx_word' id='word_1_327' title='bbox 3471 2839 3603 2900; x_wconf 70' lang='grc' dir='ltr'>τοὺς</span> 
     </span>
    </p>
   </div>
   <div class='ocr_carea' id='block_1_56' title="bbox 338 2917 1949 3002">
    <p class='ocr_par' dir='ltr' id='par_1_56' title="bbox 338 2921 1949 2992">
     <span class='ocr_line' id='line_1_56' title="bbox 338 2921 1949 2992; baseline -0.001 -17"><span class='ocrx_word' id='word_1_328' title='bbox 338 2931 483 2975; x_wconf 89' lang='lat' dir='ltr'><strong>terra</strong></span> <span class='ocrx_word' id='word_1_329' title='bbox 515 2934 705 2977; x_wconf 90' lang='lat' dir='ltr'><strong>contra</strong></span> <span class='ocrx_word' id='word_1_330' title='bbox 734 2931 1017 2992; x_wconf 87' lang='lat' dir='ltr'><strong>peccatum</strong></span> <span class='ocrx_word' id='word_1_331' title='bbox 1037 2963 1052 2988; x_wconf 96' lang='lat'><strong>,</strong></span> <span class='ocrx_word' id='word_1_332' title='bbox 1097 2929 1150 2976; x_wconf 91' lang='lat' dir='ltr'><strong>et</strong></span> <span class='ocrx_word' id='word_1_333' title='bbox 1199 2923 1252 2975; x_wconf 87' lang='lat' dir='ltr'><strong>in</strong></span> <span class='ocrx_word' id='word_1_334' title='bbox 1283 2921 1424 2976; x_wconf 84' lang='lat' dir='ltr'><strong>coelo</strong></span> <span class='ocrx_word' id='word_1_335' title='bbox 1469 2921 1523 2974; x_wconf 91' lang='lat' dir='ltr'><strong>in</strong></span> <span class='ocrx_word' id='word_1_336' title='bbox 1557 2922 1769 2976; x_wconf 78' lang='lat' dir='ltr'><strong>inﬁnita</strong></span> <span class='ocrx_word' id='word_1_337' title='bbox 1811 2937 1909 2974; x_wconf 71' lang='lat' dir='ltr'><strong>sae-</strong></span> <span class='ocrx_word' id='word_1_338' title='bbox 1941 2927 1949 2967; x_wconf 70' lang='grc'><strong>4</strong></span> 
     </span>
    </p>
   </div>
   <div class='ocr_carea' id='block_1_57' title="bbox 2055 2917 3601 3002">
    <p class='ocr_par' dir='ltr' id='par_1_57' title="bbox 2057 2930 3601 3002">
     <span class='ocr_line' id='line_1_57' title="bbox 2057 2930 3601 3002; baseline 0 -20"><span class='ocrx_word' id='word_1_339' title='bbox 2057 2931 2208 2998; x_wconf 89' lang='grc' dir='ltr'>γίους</span> <span class='ocrx_word' id='word_1_340' title='bbox 2241 2931 2368 2992; x_wconf 71' lang='grc' dir='ltr'>τοὺς</span> <span class='ocrx_word' id='word_1_341' title='bbox 2401 2932 2458 2982; x_wconf 87' lang='grc' dir='ltr'><strong>ἐν</strong></span> <span class='ocrx_word' id='word_1_342' title='bbox 2489 2935 2552 3001; x_wconf 82' lang='grc' dir='ltr'><strong>τῇ</strong></span> <span class='ocrx_word' id='word_1_343' title='bbox 2589 2935 2658 3002; x_wconf 85' lang='grc' dir='ltr'><strong>γῇ</strong></span> <span class='ocrx_word' id='word_1_344' title='bbox 2693 2932 3075 3001; x_wconf 82' lang='grc' dir='ltr'>βασιλεύοντας</span> <span class='ocrx_word' id='word_1_345' title='bbox 3111 2930 3253 2983; x_wconf 87' lang='grc' dir='ltr'><strong>κατά</strong></span> <span class='ocrx_word' id='word_1_346' title='bbox 3285 2932 3379 2999; x_wconf 71' lang='grc' dir='ltr'><strong>τῆς</strong></span> <span class='ocrx_word' id='word_1_347' title='bbox 3412 2931 3601 3001; x_wconf 84' lang='grc' dir='ltr'>ἁμαρ-</span> 
     </span>
    </p>
   </div>
   <div class='ocr_carea' id='block_1_58' title="bbox 339 3013 483 3067">
    <p class='ocr_par' dir='ltr' id='par_1_58' title="bbox 339 3013 483 3067">
     <span class='ocr_line' id='line_1_58' title="bbox 339 3013 483 3067; baseline -0.014 0"><span class='ocrx_word' id='word_1_348' title='bbox 339 3013 483 3067; x_wconf 85' lang='lat' dir='ltr'><strong>cula.</strong></span> 
     </span>
    </p>
   </div>
   <div class='ocr_carea' id='block_1_59' title="bbox 408 3184 1916 3259">
    <p class='ocr_par' dir='ltr' id='par_1_59' title="bbox 408 3184 1916 3259">
     <span class='ocr_line' id='line_1_59' title="bbox 408 3184 1916 3259; baseline 0.003 -20"><span class='ocrx_word' id='word_1_349' title='bbox 408 3185 496 3240; x_wconf 78' lang='grc'><strong>25.</strong></span> <span class='ocrx_word' id='word_1_350' title='bbox 532 3184 638 3252; x_wconf 92' lang='lat' dir='ltr'><strong>Qui</strong></span> <span class='ocrx_word' id='word_1_351' title='bbox 667 3186 886 3241; x_wconf 86' lang='lat' dir='ltr'><strong>tradidit</strong></span> <span class='ocrx_word' id='word_1_352' title='bbox 929 3203 989 3243; x_wconf 91' lang='lat' dir='ltr'><strong>se</strong></span> <span class='ocrx_word' id='word_1_353' title='bbox 1029 3186 1206 3256; x_wconf 91' lang='lat' dir='ltr'><strong>ipsum</strong></span> <span class='ocrx_word' id='word_1_354' title='bbox 1239 3188 1403 3243; x_wconf 91' lang='lat' dir='ltr'><strong>morti</strong></span> <span class='ocrx_word' id='word_1_355' title='bbox 1437 3191 1491 3242; x_wconf 92' lang='lat' dir='ltr'><strong>in</strong></span> <span class='ocrx_word' id='word_1_356' title='bbox 1527 3189 1916 3259; x_wconf 88' lang='lat' dir='ltr'><strong>redemptionis</strong></span> 
     </span>
    </p>
   </div>
   <div class='ocr_carea' id='block_1_60' title="bbox 338 3277 1917 3349">
    <p class='ocr_par' dir='ltr' id='par_1_60' title="bbox 338 3277 1917 3349">
     <span class='ocr_line' id='line_1_60' title="bbox 338 3277 1917 3349; baseline 0.002 -18"><span class='ocrx_word' id='word_1_357' title='bbox 338 3277 576 3346; x_wconf 88' lang='lat' dir='ltr'><strong>pretium</strong></span> <span class='ocrx_word' id='word_1_358' title='bbox 623 3291 722 3345; x_wconf 85' lang='lat' dir='ltr'><strong>pro</strong></span> <span class='ocrx_word' id='word_1_359' title='bbox 767 3278 973 3347; x_wconf 91' lang='lat' dir='ltr'><strong>popqu</strong></span> <span class='ocrx_word' id='word_1_360' title='bbox 1017 3279 1362 3345; x_wconf 90' lang='lat' dir='ltr'><strong>desiderato,</strong></span> <span class='ocrx_word' id='word_1_361' title='bbox 1403 3289 1462 3333; x_wconf 92' lang='lat' dir='ltr'><strong>ut</strong></span> <span class='ocrx_word' id='word_1_362' title='bbox 1495 3280 1729 3349; x_wconf 87' lang='lat' dir='ltr'><strong>eriperet</strong></span> <span class='ocrx_word' id='word_1_363' title='bbox 1753 3297 1856 3334; x_wconf 90' lang='lat' dir='ltr'><strong>nos</strong></span> <span class='ocrx_word' id='word_1_364' title='bbox 1885 3296 1917 3334; x_wconf 91' lang='lat' dir='ltr'><strong>a</strong></span> 
     </span>
    </p>
   </div>
   <div class='ocr_carea' id='block_1_61' title="bbox 340 3368 580 3422">
    <p class='ocr_par' dir='ltr' id='par_1_61' title="bbox 340 3368 580 3422">
     <span class='ocr_line' id='line_1_61' title="bbox 340 3368 580 3422; baseline -0.008 0"><span class='ocrx_word' id='word_1_365' title='bbox 340 3368 580 3422; x_wconf 85' lang='lat' dir='ltr'><strong>diabolo.</strong></span> 
     </span>
    </p>
   </div>
   <div class='ocr_carea' id='block_1_62' title="bbox 410 3457 1919 3524">
    <p class='ocr_par' dir='ltr' id='par_1_62' title="bbox 410 3457 1919 3524">
     <span class='ocr_line' id='line_1_62' title="bbox 410 3457 1919 3524; baseline 0.005 -12"><span class='ocrx_word' id='word_1_366' title='bbox 410 3459 500 3512; x_wconf 70' lang='lat'><strong>24.</strong></span> <span class='ocrx_word' id='word_1_367' title='bbox 543 3457 758 3524; x_wconf 85' lang='lat' dir='ltr'><strong>Libera,</strong></span> <span class='ocrx_word' id='word_1_368' title='bbox 791 3469 845 3515; x_wconf 90' lang='lat' dir='ltr'><strong>et</strong></span> <span class='ocrx_word' id='word_1_369' title='bbox 877 3461 1132 3518; x_wconf 84' lang='lat' dir='ltr'><strong>abstralie</strong></span> <span class='ocrx_word' id='word_1_370' title='bbox 1166 3479 1253 3518; x_wconf 91' lang='lat' dir='ltr'><strong>me</strong></span> <span class='ocrx_word' id='word_1_371' title='bbox 1278 3479 1308 3518; x_wconf 88' lang='lat' dir='ltr'><strong>e</strong></span> <span class='ocrx_word' id='word_1_372' title='bbox 1337 3463 1584 3518; x_wconf 89' lang='lat' dir='ltr'><strong>dominio</strong></span> <span class='ocrx_word' id='word_1_373' title='bbox 1615 3465 1919 3519; x_wconf 88' lang='lat' dir='ltr'><strong>contraria-</strong></span> 
     </span>
    </p>
   </div>
   <div class='ocr_carea' id='block_1_63' title="bbox 339 3561 860 3622">
    <p class='ocr_par' dir='ltr' id='par_1_63' title="bbox 339 3561 860 3622">
     <span class='ocr_line' id='line_1_63' title="bbox 339 3561 860 3622; baseline 0.004 -16"><span class='ocrx_word' id='word_1_374' title='bbox 339 3567 462 3606; x_wconf 84' lang='lat' dir='ltr'><strong>rum</strong></span> <span class='ocrx_word' id='word_1_375' title='bbox 486 3561 814 3622; x_wconf 89' lang='lat' dir='ltr'><strong>potestatum</strong></span> <span class='ocrx_word' id='word_1_376' title='bbox 847 3573 860 3608; x_wconf 91' lang='lat'><strong>:</strong></span> 
     </span>
    </p>
   </div>
   <div class='ocr_carea' id='block_1_64' title="bbox 411 3643 1918 3710">
    <p class='ocr_par' dir='ltr' id='par_1_64' title="bbox 411 3643 1918 3710">
     <span class='ocr_line' id='line_1_64' title="bbox 411 3643 1918 3710; baseline 0.007 -13"><span class='ocrx_word' id='word_1_377' title='bbox 411 3644 503 3698; x_wconf 82' lang='grc'><strong>25.</strong></span> <span class='ocrx_word' id='word_1_378' title='bbox 535 3643 778 3710; x_wconf 90' lang='lat' dir='ltr'><strong>Quarum</strong></span> <span class='ocrx_word' id='word_1_379' title='bbox 835 3647 1088 3702; x_wconf 89' lang='lat' dir='ltr'><strong>doctrina</strong></span> <span class='ocrx_word' id='word_1_380' title='bbox 1131 3648 1456 3704; x_wconf 85' lang='lat' dir='ltr'><strong>disseminat</strong></span> <span class='ocrx_word' id='word_1_381' title='bbox 1504 3651 1560 3704; x_wconf 87' lang='lat' dir='ltr'><strong>in</strong></span> <span class='ocrx_word' id='word_1_382' title='bbox 1604 3651 1918 3709; x_wconf 83' lang='lat' dir='ltr'><strong>hominibus</strong></span> 
     </span>
    </p>
   </div>
   <div class='ocr_carea' id='block_1_65' title="bbox 340 3735 1150 3808">
    <p class='ocr_par' dir='ltr' id='par_1_65' title="bbox 340 3735 1150 3808">
     <span class='ocr_line' id='line_1_65' title="bbox 340 3735 1150 3808; baseline 0.005 -19"><span class='ocrx_word' id='word_1_383' title='bbox 340 3735 711 3805; x_wconf 82' lang='lat' dir='ltr'><strong>iniquitatem,</strong></span> <span class='ocrx_word' id='word_1_384' title='bbox 741 3747 794 3792; x_wconf 92' lang='lat' dir='ltr'><strong>et</strong></span> <span class='ocrx_word' id='word_1_385' title='bbox 823 3750 1108 3808; x_wconf 89' lang='lat' dir='ltr'><strong>peccatum</strong></span> <span class='ocrx_word' id='word_1_386' title='bbox 1137 3759 1150 3794; x_wconf 93' lang='lat'>:</span> 
     </span>
    </p>
   </div>
   <div class='ocr_carea' id='block_1_66' title="bbox 412 3827 1920 3904">
    <p class='ocr_par' dir='ltr' id='par_1_66' title="bbox 412 3827 1920 3904">
     <span class='ocr_line' id='line_1_66' title="bbox 412 3827 1920 3904; baseline 0.005 -23"><span class='ocrx_word' id='word_1_387' title='bbox 412 3827 504 3884; x_wconf 89' lang='lat'><strong>26.</strong></span> <span class='ocrx_word' id='word_1_388' title='bbox 540 3828 606 3882; x_wconf 91' lang='lat' dir='ltr'><strong>Et</strong></span> <span class='ocrx_word' id='word_1_389' title='bbox 638 3845 826 3882; x_wconf 88' lang='lat' dir='ltr'><strong>earum</strong></span> <span class='ocrx_word' id='word_1_390' title='bbox 864 3831 1104 3899; x_wconf 90' lang='lat' dir='ltr'><strong>potentia</strong></span> <span class='ocrx_word' id='word_1_391' title='bbox 1165 3832 1280 3886; x_wconf 76' lang='lat' dir='ltr'><strong>haec</strong></span> <span class='ocrx_word' id='word_1_392' title='bbox 1309 3841 1426 3898; x_wconf 86' lang='lat' dir='ltr'><strong>est,</strong></span> <span class='ocrx_word' id='word_1_393' title='bbox 1470 3841 1532 3886; x_wconf 86' lang='lat' dir='ltr'><strong>ut</strong></span> <span class='ocrx_word' id='word_1_394' title='bbox 1573 3833 1778 3904; x_wconf 89' lang='lat' dir='ltr'><strong>aliquid</strong></span> <span class='ocrx_word' id='word_1_395' title='bbox 1830 3849 1920 3888; x_wconf 86' lang='lat' dir='ltr'><strong>ra-</strong></span> 
     </span>
    </p>
   </div>
   <div class='ocr_carea' id='block_1_67' title="bbox 342 3919 1401 3992">
    <p class='ocr_par' dir='ltr' id='par_1_67' title="bbox 342 3919 1401 3992">
     <span class='ocr_line' id='line_1_67' title="bbox 342 3919 1401 3992; baseline 0.004 -18"><span class='ocrx_word' id='word_1_396' title='bbox 342 3919 516 3987; x_wconf 76' lang='lat' dir='ltr'><strong>niant,</strong></span> <span class='ocrx_word' id='word_1_397' title='bbox 538 3929 593 3974; x_wconf 91' lang='lat' dir='ltr'><strong>et</strong></span> <span class='ocrx_word' id='word_1_398' title='bbox 613 3920 666 3973; x_wconf 88' lang='lat' dir='ltr'><strong>vi</strong></span> <span class='ocrx_word' id='word_1_399' title='bbox 694 3921 748 3973; x_wconf 95' lang='lat' dir='ltr'><strong>in</strong></span> <span class='ocrx_word' id='word_1_400' title='bbox 782 3923 1099 3975; x_wconf 85' lang='lat' dir='ltr'><strong>servitutem</strong></span> <span class='ocrx_word' id='word_1_401' title='bbox 1131 3923 1401 3992; x_wconf 82' lang='lat' dir='ltr'><strong>redigant.</strong></span> 
     </span>
    </p>
   </div>
   <div class='ocr_carea' id='block_1_68' title="bbox 414 4009 1922 4087">
    <p class='ocr_par' dir='ltr' id='par_1_68' title="bbox 414 4009 1922 4087">
     <span class='ocr_line' id='line_1_68' title="bbox 414 4009 1922 4087; baseline 0.005 -23"><span class='ocrx_word' id='word_1_402' title='bbox 414 4011 504 4064; x_wconf 87' lang='lat'><strong>27.</strong></span> <span class='ocrx_word' id='word_1_403' title='bbox 537 4009 602 4064; x_wconf 90' lang='lat' dir='ltr'><strong>Et</strong></span> <span class='ocrx_word' id='word_1_404' title='bbox 623 4011 676 4064; x_wconf 89' lang='lat' dir='ltr'><strong>in</strong></span> <span class='ocrx_word' id='word_1_405' title='bbox 708 4013 1192 4080; x_wconf 83' lang='lat' dir='ltr'><strong>concupiscentiis,</strong></span> <span class='ocrx_word' id='word_1_406' title='bbox 1224 4022 1279 4066; x_wconf 93' lang='lat' dir='ltr'><strong>et</strong></span> <span class='ocrx_word' id='word_1_407' title='bbox 1307 4014 1619 4069; x_wconf 75' lang='lat' dir='ltr'><strong>dzemonum</strong></span> <span class='ocrx_word' id='word_1_408' title='bbox 1663 4017 1922 4087; x_wconf 89' lang='lat' dir='ltr'><strong>iniquita-</strong></span> 
     </span>
    </p>
   </div>
   <div class='ocr_carea' id='block_1_69' title="bbox 342 4101 1920 4172">
    <p class='ocr_par' dir='ltr' id='par_1_69' title="bbox 342 4101 1920 4172">
     <span class='ocr_line' id='line_1_69' title="bbox 342 4101 1920 4172; baseline 0.003 -17"><span class='ocrx_word' id='word_1_409' title='bbox 342 4101 492 4156; x_wconf 80' lang='lat' dir='ltr'><strong>tibus</strong></span> <span class='ocrx_word' id='word_1_410' title='bbox 536 4102 705 4171; x_wconf 75' lang='lat' dir='ltr'><strong>geniti</strong></span> <span class='ocrx_word' id='word_1_411' title='bbox 756 4101 1039 4154; x_wconf 89' lang='lat' dir='ltr'><strong>abundant</strong></span> <span class='ocrx_word' id='word_1_412' title='bbox 1068 4102 1306 4167; x_wconf 82' lang='lat' dir='ltr'><strong>divitiis,</strong></span> <span class='ocrx_word' id='word_1_413' title='bbox 1354 4112 1408 4157; x_wconf 90' lang='lat' dir='ltr'><strong>et</strong></span> <span class='ocrx_word' id='word_1_414' title='bbox 1451 4105 1657 4172; x_wconf 81' lang='lat' dir='ltr'><strong>gloria,</strong></span> <span class='ocrx_word' id='word_1_415' title='bbox 1692 4115 1747 4160; x_wconf 94' lang='lat' dir='ltr'><strong>et</strong></span> <span class='ocrx_word' id='word_1_416' title='bbox 1787 4123 1920 4162; x_wconf 91' lang='lat' dir='ltr'><strong>con-</strong></span> 
     </span>
    </p>
   </div>
   <div class='ocr_carea' id='block_1_70' title="bbox 342 4193 1918 4262">
    <p class='ocr_par' dir='ltr' id='par_1_70' title="bbox 342 4193 1918 4262">
     <span class='ocr_line' id='line_1_70' title="bbox 342 4193 1918 4262; baseline 0.001 -12"><span class='ocrx_word' id='word_1_417' title='bbox 342 4193 517 4262; x_wconf 87' lang='lat' dir='ltr'><strong>specti</strong></span> <span class='ocrx_word' id='word_1_418' title='bbox 568 4193 637 4247; x_wconf 90' lang='lat' dir='ltr'><strong>ab</strong></span> <span class='ocrx_word' id='word_1_419' title='bbox 686 4193 1000 4247; x_wconf 88' lang='lat' dir='ltr'><strong>hominibus</strong></span> <span class='ocrx_word' id='word_1_420' title='bbox 1057 4194 1112 4246; x_wconf 95' lang='lat' dir='ltr'><strong>in</strong></span> <span class='ocrx_word' id='word_1_421' title='bbox 1165 4210 1356 4247; x_wconf 90' lang='lat' dir='ltr'><strong>eorum</strong></span> <span class='ocrx_word' id='word_1_422' title='bbox 1414 4196 1630 4250; x_wconf 81' lang='lat' dir='ltr'><strong>fallacia</strong></span> <span class='ocrx_word' id='word_1_423' title='bbox 1685 4197 1918 4252; x_wconf 78' lang='lat' dir='ltr'><strong>laudan-</strong></span> 
     </span>
    </p>
   </div>
   <div class='ocr_carea' id='block_1_71' title="bbox 342 4284 1916 4355">
    <p class='ocr_par' dir='ltr' id='par_1_71' title="bbox 342 4284 1916 4355">
     <span class='ocr_line' id='line_1_71' title="bbox 342 4284 1916 4355; baseline 0.004 -16"><span class='ocrx_word' id='word_1_424' title='bbox 342 4293 454 4351; x_wconf 84' lang='lat' dir='ltr'><strong>tur,</strong></span> <span class='ocrx_word' id='word_1_425' title='bbox 512 4295 772 4354; x_wconf 89' lang='lat' dir='ltr'><strong>tanquam</strong></span> <span class='ocrx_word' id='word_1_426' title='bbox 823 4284 1052 4340; x_wconf 73' lang='lat' dir='ltr'><strong>novella:</strong></span> <span class='ocrx_word' id='word_1_427' title='bbox 1099 4285 1466 4355; x_wconf 85' lang='lat' dir='ltr'><strong>plantationes</strong></span> <span class='ocrx_word' id='word_1_428' title='bbox 1495 4288 1705 4353; x_wconf 72' lang='lat' dir='ltr'><strong>validae,</strong></span> <span class='ocrx_word' id='word_1_429' title='bbox 1734 4299 1788 4344; x_wconf 89' lang='lat' dir='ltr'><strong>et</strong></span> <span class='ocrx_word' id='word_1_430' title='bbox 1820 4291 1916 4345; x_wconf 86' lang='lat' dir='ltr'><strong>llo-</strong></span> 
     </span>
    </p>
   </div>
   <div class='ocr_carea' id='block_1_72' title="bbox 342 4383 552 4431">
    <p class='ocr_par' dir='ltr' id='par_1_72' title="bbox 342 4383 552 4431">
     <span class='ocr_line' id='line_1_72' title="bbox 342 4383 552 4431; baseline 0 -2"><span class='ocrx_word' id='word_1_431' title='bbox 342 4383 552 4431; x_wconf 86' lang='lat' dir='ltr'><strong>rentes.</strong></span> 
     </span>
    </p>
   </div>
   <div class='ocr_carea' id='block_1_73' title="bbox 413 4464 1919 4536">
    <p class='ocr_par' dir='ltr' id='par_1_73' title="bbox 413 4464 1919 4536">
     <span class='ocr_line' id='line_1_73' title="bbox 413 4464 1919 4536; baseline 0.004 -16"><span class='ocrx_word' id='word_1_432' title='bbox 413 4465 504 4520; x_wconf 86' lang='grc'><strong>28.</strong></span> <span class='ocrx_word' id='word_1_433' title='bbox 542 4464 608 4520; x_wconf 85' lang='grc' dir='ltr'><strong>Ει</strong></span> <span class='ocrx_word' id='word_1_434' title='bbox 648 4466 844 4520; x_wconf 60' lang='lat' dir='ltr'><strong>animae</strong></span> <span class='ocrx_word' id='word_1_435' title='bbox 880 4480 1070 4520; x_wconf 91' lang='lat' dir='ltr'><strong>eorum</strong></span> <span class='ocrx_word' id='word_1_436' title='bbox 1099 4466 1247 4520; x_wconf 84' lang='lat' dir='ltr'><strong>omni</strong></span> <span class='ocrx_word' id='word_1_437' title='bbox 1275 4468 1515 4536; x_wconf 87' lang='lat' dir='ltr'><strong>pretioso</strong></span> <span class='ocrx_word' id='word_1_438' title='bbox 1542 4469 1745 4525; x_wconf 90' lang='lat' dir='ltr'><strong>amictu</strong></span> <span class='ocrx_word' id='word_1_439' title='bbox 1790 4487 1919 4526; x_wconf 92' lang='lat' dir='ltr'><strong>coo-</strong></span> 
     </span>
    </p>
   </div>
   <div class='ocr_carea' id='block_1_74' title="bbox 2019 3021 3603 3094">
    <p class='ocr_par' dir='ltr' id='par_1_74' title="bbox 2019 3021 3603 3094">
     <span class='ocr_line' id='line_1_74' title="bbox 2019 3021 3603 3094; baseline -0.001 -21"><span class='ocrx_word' id='word_1_440' title='bbox 2019 3023 2157 3085; x_wconf 87' lang='grc' dir='ltr'>τίας,</span> <span class='ocrx_word' id='word_1_441' title='bbox 2191 3023 2284 3074; x_wconf 73' lang='grc' dir='ltr'><strong>καὶ</strong></span> <span class='ocrx_word' id='word_1_442' title='bbox 2309 3023 2368 3076; x_wconf 86' lang='grc' dir='ltr'><strong>ἐν</strong></span> <span class='ocrx_word' id='word_1_443' title='bbox 2392 3021 2606 3094; x_wconf 82' lang='grc' dir='ltr'>οὐρανῷ</span> <span class='ocrx_word' id='word_1_444' title='bbox 2633 3025 2711 3086; x_wconf 85' lang='grc' dir='ltr'>εἰς</span> <span class='ocrx_word' id='word_1_445' title='bbox 2756 3024 2831 3093; x_wconf 91' lang='grc'><strong>(2)</strong></span> <span class='ocrx_word' id='word_1_446' title='bbox 2873 3025 2997 3086; x_wconf 74' lang='grc' dir='ltr'>τοὺς</span> <span class='ocrx_word' id='word_1_447' title='bbox 3031 3022 3420 3092; x_wconf 86' lang='grc' dir='ltr'>ἀτελευτήτους</span> <span class='ocrx_word' id='word_1_448' title='bbox 3464 3021 3603 3074; x_wconf 79' lang='grc' dir='ltr'><strong>αἰῶ-</strong></span> 
     </span>
    </p>
   </div>
   <div class='ocr_carea' id='block_1_75' title="bbox 2020 3123 2138 3168">
    <p class='ocr_par' dir='ltr' id='par_1_75' title="bbox 2020 3123 2138 3168">
     <span class='ocr_line' id='line_1_75' title="bbox 2020 3123 2138 3168; baseline -0.008 -9"><span class='ocrx_word' id='word_1_449' title='bbox 2020 3123 2138 3168; x_wconf 88' lang='grc' dir='ltr'>νας.</span> 
     </span>
    </p>
   </div>
   <div class='ocr_carea' id='block_1_76' title="bbox 2090 3194 3602 3266">
    <p class='ocr_par' dir='ltr' id='par_1_76' title="bbox 2090 3194 3602 3266">
     <span class='ocr_line' id='line_1_76' title="bbox 2090 3194 3602 3266; baseline -0.003 -17"><span class='ocrx_word' id='word_1_450' title='bbox 2090 3196 2180 3249; x_wconf 81' lang='grc'><strong>25.</strong></span> <span class='ocrx_word' id='word_1_451' title='bbox 2219 3194 2309 3266; x_wconf 87' lang='grc' dir='ltr'>Τῷ</span> <span class='ocrx_word' id='word_1_452' title='bbox 2353 3196 2610 3250; x_wconf 76' lang='grc' dir='ltr'>δεδωκότι</span> <span class='ocrx_word' id='word_1_453' title='bbox 2661 3197 2852 3249; x_wconf 77' lang='grc' dir='ltr'>ἑαυτὸν</span> <span class='ocrx_word' id='word_1_454' title='bbox 2902 3196 3220 3266; x_wconf 80' lang='grc' dir='ltr'>ἀντίλυτρον</span> <span class='ocrx_word' id='word_1_455' title='bbox 3262 3195 3338 3265; x_wconf 91' lang='grc' dir='ltr'><strong>τῷ</strong></span> <span class='ocrx_word' id='word_1_456' title='bbox 3379 3195 3602 3262; x_wconf 80' lang='grc' dir='ltr'>θανάτῳ</span> 
     </span>
    </p>
   </div>
   <div class='ocr_carea' id='block_1_77' title="bbox 2019 3285 3600 3358">
    <p class='ocr_par' dir='ltr' id='par_1_77' title="bbox 2019 3285 3600 3358">
     <span class='ocr_line' id='line_1_77' title="bbox 2019 3285 3600 3358; baseline 0.002 -21"><span class='ocrx_word' id='word_1_457' title='bbox 2019 3285 2161 3358; x_wconf 79' lang='grc' dir='ltr'>ὑπὲρ</span> <span class='ocrx_word' id='word_1_458' title='bbox 2189 3286 2282 3338; x_wconf 82' lang='grc' dir='ltr'>τοῦ</span> <span class='ocrx_word' id='word_1_459' title='bbox 2314 3286 2442 3340; x_wconf 84' lang='grc' dir='ltr'>λαοῦ</span> <span class='ocrx_word' id='word_1_460' title='bbox 2469 3288 2565 3340; x_wconf 77' lang='grc' dir='ltr'>τοῦ</span> <span class='ocrx_word' id='word_1_461' title='bbox 2606 3287 3012 3357; x_wconf 83' lang='grc' dir='ltr'>πεποθημένου,</span> <span class='ocrx_word' id='word_1_462' title='bbox 3045 3290 3193 3351; x_wconf 74' lang='grc' dir='ltr'>ὅπως</span> <span class='ocrx_word' id='word_1_463' title='bbox 3225 3286 3475 3357; x_wconf 77' lang='grc' dir='ltr'>ἐξέληται</span> <span class='ocrx_word' id='word_1_464' title='bbox 3517 3288 3600 3356; x_wconf 73' lang='grc'><strong>(5)</strong></span> 
     </span>
    </p>
   </div>
   <div class='ocr_carea' id='block_1_78' title="bbox 2018 3378 2678 3448">
    <p class='ocr_par' dir='ltr' id='par_1_78' title="bbox 2018 3378 2678 3448">
     <span class='ocr_line' id='line_1_78' title="bbox 2018 3378 2678 3448; baseline 0 -17"><span class='ocrx_word' id='word_1_465' title='bbox 2018 3380 2167 3448; x_wconf 79' lang='grc' dir='ltr'>ἡμᾶς</span> <span class='ocrx_word' id='word_1_466' title='bbox 2195 3381 2258 3431; x_wconf 85' lang='grc' dir='ltr'><strong>ἐκ</strong></span> <span class='ocrx_word' id='word_1_467' title='bbox 2284 3378 2379 3431; x_wconf 78' lang='grc' dir='ltr'><strong>τοῦ</strong></span> <span class='ocrx_word' id='word_1_468' title='bbox 2411 3379 2678 3432; x_wconf 77' lang='grc' dir='ltr'>διαϐόλου.</span> 
     </span>
    </p>
   </div>
   <div class='ocr_carea' id='block_1_79' title="bbox 2089 3467 3603 3540">
    <p class='ocr_par' dir='ltr' id='par_1_79' title="bbox 2089 3467 3603 3540">
     <span class='ocr_line' id='line_1_79' title="bbox 2089 3467 3603 3540; baseline -0.001 -18"><span class='ocrx_word' id='word_1_469' title='bbox 2089 3469 2178 3523; x_wconf 75' lang='grc'><strong>21.</strong></span> <span class='ocrx_word' id='word_1_470' title='bbox 2226 3470 2434 3532; x_wconf 83' lang='grc' dir='ltr'>Ῥῦσαι,</span> <span class='ocrx_word' id='word_1_471' title='bbox 2483 3471 2576 3522; x_wconf 75' lang='grc' dir='ltr'><strong>καὶ</strong></span> <span class='ocrx_word' id='word_1_472' title='bbox 2631 3469 2706 3540; x_wconf 71' lang='grc'><strong>(4)</strong></span> <span class='ocrx_word' id='word_1_473' title='bbox 2741 3470 3055 3523; x_wconf 81' lang='grc' dir='ltr'>ἀπόσπασόν</span> <span class='ocrx_word' id='word_1_474' title='bbox 3105 3487 3170 3539; x_wconf 87' lang='grc' dir='ltr'><strong>με</strong></span> <span class='ocrx_word' id='word_1_475' title='bbox 3215 3469 3279 3522; x_wconf 88' lang='grc' dir='ltr'><strong>ἐκ</strong></span> <span class='ocrx_word' id='word_1_476' title='bbox 3307 3467 3603 3538; x_wconf 71' lang='grc' dir='ltr'>τῆς,ἐξου‹</span> 
     </span>
    </p>
   </div>
   <div class='ocr_carea' id='block_1_80' title="bbox 2023 3560 2910 3630">
    <p class='ocr_par' dir='ltr' id='par_1_80' title="bbox 2023 3560 2910 3630">
     <span class='ocr_line' id='line_1_80' title="bbox 2023 3560 2910 3630; baseline 0 -17"><span class='ocrx_word' id='word_1_477' title='bbox 2023 3561 2142 3624; x_wconf 91' lang='grc' dir='ltr'>σίας</span> <span class='ocrx_word' id='word_1_478' title='bbox 2167 3560 2274 3612; x_wconf 86' lang='grc' dir='ltr'><strong>τῶν</strong></span> <span class='ocrx_word' id='word_1_479' title='bbox 2307 3561 2561 3614; x_wconf 76' lang='grc' dir='ltr'>ἐναντίων</span> <span class='ocrx_word' id='word_1_480' title='bbox 2590 3561 2872 3630; x_wconf 82' lang='grc' dir='ltr'>δυνάμεων</span> <span class='ocrx_word' id='word_1_481' title='bbox 2897 3579 2910 3591; x_wconf 92' lang='grc'><strong>·</strong></span> 
     </span>
    </p>
   </div>
   <div class='ocr_carea' id='block_1_81' title="bbox 2087 3644 3603 3722">
    <p class='ocr_par' dir='ltr' id='par_1_81' title="bbox 2087 3644 3603 3722">
     <span class='ocr_line' id='line_1_81' title="bbox 2087 3644 3603 3722; baseline 0.001 -20"><span class='ocrx_word' id='word_1_482' title='bbox 2087 3650 2176 3702; x_wconf 77' lang='lat'><strong>25.</strong></span> <span class='ocrx_word' id='word_1_483' title='bbox 2209 3644 2307 3702; x_wconf 84' lang='grc' dir='ltr'>Ὧν</span> <span class='ocrx_word' id='word_1_484' title='bbox 2340 3653 2372 3721; x_wconf 85' lang='grc' dir='ltr'>ἡ</span> <span class='ocrx_word' id='word_1_485' title='bbox 2403 3649 2590 3720; x_wconf 80' lang='grc' dir='ltr'><strong>διδαχὴ</strong></span> <span class='ocrx_word' id='word_1_486' title='bbox 2613 3650 2892 3720; x_wconf 83' lang='grc' dir='ltr'>διέσπειρε</span> <span class='ocrx_word' id='word_1_487' title='bbox 2916 3652 3146 3722; x_wconf 79' lang='grc' dir='ltr'>ἀνομίαν</span> <span class='ocrx_word' id='word_1_488' title='bbox 3176 3651 3252 3721; x_wconf 77' lang='grc'>(5)</span> <span class='ocrx_word' id='word_1_489' title='bbox 3283 3651 3378 3704; x_wconf 67' lang='grc' dir='ltr'><strong>καὶ</strong></span> <span class='ocrx_word' id='word_1_490' title='bbox 3410 3651 3603 3722; x_wconf 79' lang='grc' dir='ltr'>ἀμαρ-</span> 
     </span>
    </p>
   </div>
   <div class='ocr_carea' id='block_1_82' title="bbox 2021 3741 2752 3811">
    <p class='ocr_par' dir='ltr' id='par_1_82' title="bbox 2021 3741 2752 3811">
     <span class='ocr_line' id='line_1_82' title="bbox 2021 3741 2752 3811; baseline 0 -19"><span class='ocrx_word' id='word_1_491' title='bbox 2021 3741 2142 3792; x_wconf 84' lang='grc' dir='ltr'>τίαν</span> <span class='ocrx_word' id='word_1_492' title='bbox 2171 3743 2228 3793; x_wconf 84' lang='grc' dir='ltr'><strong>ἐν</strong></span> <span class='ocrx_word' id='word_1_493' title='bbox 2261 3744 2374 3804; x_wconf 88' lang='grc' dir='ltr'>τοῖς</span> <span class='ocrx_word' id='word_1_494' title='bbox 2405 3741 2712 3811; x_wconf 85' lang='grc' dir='ltr'>ἀνθρώποις</span> <span class='ocrx_word' id='word_1_495' title='bbox 2739 3758 2752 3770; x_wconf 89' lang='grc'><strong>·</strong></span> 
     </span>
    </p>
   </div>
   <div class='ocr_carea' id='block_1_83' title="bbox 2089 3831 3606 3905">
    <p class='ocr_par' dir='ltr' id='par_1_83' title="bbox 2089 3831 3606 3905">
     <span class='ocr_line' id='line_1_83' title="bbox 2089 3831 3606 3905; baseline 0.001 -21"><span class='ocrx_word' id='word_1_496' title='bbox 2089 3832 2180 3885; x_wconf 85' lang='grc'><strong>26.</strong></span> <span class='ocrx_word' id='word_1_497' title='bbox 2218 3831 2382 3901; x_wconf 79' lang='grc' dir='ltr'>Καὶὴ</span> <span class='ocrx_word' id='word_1_498' title='bbox 2416 3831 2644 3900; x_wconf 83' lang='grc' dir='ltr'>δύναμις</span> <span class='ocrx_word' id='word_1_499' title='bbox 2673 3833 2852 3886; x_wconf 69' lang='grc' dir='ltr'>αὐτῶν</span> <span class='ocrx_word' id='word_1_500' title='bbox 2893 3834 3030 3905; x_wconf 72' lang='grc' dir='ltr'>αὓτη</span> <span class='ocrx_word' id='word_1_501' title='bbox 3083 3835 3250 3898; x_wconf 75' lang='grc' dir='ltr'>ἐστὶν,</span> <span class='ocrx_word' id='word_1_502' title='bbox 3286 3835 3337 3886; x_wconf 88' lang='grc' dir='ltr'><strong>τί</strong></span> <span class='ocrx_word' id='word_1_503' title='bbox 3388 3834 3474 3886; x_wconf 82' lang='grc' dir='ltr'><strong>ἵνα</strong></span> <span class='ocrx_word' id='word_1_504' title='bbox 3503 3835 3606 3902; x_wconf 87' lang='grc' dir='ltr'>ἁρ-</span> 
     </span>
    </p>
   </div>
   <div class='ocr_carea' id='block_1_84' title="bbox 2021 3922 3170 3993">
    <p class='ocr_par' dir='ltr' id='par_1_84' title="bbox 2021 3922 3170 3993">
     <span class='ocr_line' id='line_1_84' title="bbox 2021 3922 3170 3993; baseline 0.002 -19"><span class='ocrx_word' id='word_1_505' title='bbox 2021 3922 2235 3976; x_wconf 77' lang='grc' dir='ltr'>πάσωσι</span> <span class='ocrx_word' id='word_1_506' title='bbox 2268 3922 2366 3993; x_wconf 81' lang='grc'>(6),</span> <span class='ocrx_word' id='word_1_507' title='bbox 2399 3924 2492 3974; x_wconf 73' lang='grc' dir='ltr'><strong>καὶ</strong></span> <span class='ocrx_word' id='word_1_508' title='bbox 2525 3924 2614 3993; x_wconf 73' lang='grc' dir='ltr'><strong>βίᾳ</strong></span> <span class='ocrx_word' id='word_1_509' title='bbox 2639 3923 3170 3976; x_wconf 84' lang='grc' dir='ltr'>καταδουλώσωνται.</span> 
     </span>
    </p>
   </div>
   <div class='ocr_carea' id='block_1_85' title="bbox 2089 4013 3599 4084">
    <p class='ocr_par' dir='ltr' id='par_1_85' title="bbox 2089 4013 3599 4084">
     <span class='ocr_line' id='line_1_85' title="bbox 2089 4013 3599 4084; baseline -0.001 -16"><span class='ocrx_word' id='word_1_510' title='bbox 2089 4013 2178 4068; x_wconf 85' lang='grc'><strong>27.</strong></span> <span class='ocrx_word' id='word_1_511' title='bbox 2215 4013 2320 4068; x_wconf 74' lang='grc' dir='ltr'>Καὶ</span> <span class='ocrx_word' id='word_1_512' title='bbox 2353 4016 2411 4067; x_wconf 90' lang='grc' dir='ltr'><strong>ἐν</strong></span> <span class='ocrx_word' id='word_1_513' title='bbox 2440 4017 2558 4077; x_wconf 87' lang='grc' dir='ltr'>ταῖς</span> <span class='ocrx_word' id='word_1_514' title='bbox 2593 4014 2912 4084; x_wconf 77' lang='grc' dir='ltr'>ἐπιθυμίαις</span> <span class='ocrx_word' id='word_1_515' title='bbox 2943 4017 3036 4066; x_wconf 75' lang='grc' dir='ltr'>καὶ</span> <span class='ocrx_word' id='word_1_516' title='bbox 3068 4017 3188 4077; x_wconf 88' lang='grc' dir='ltr'>ταῖς</span> <span class='ocrx_word' id='word_1_517' title='bbox 3225 4014 3482 4084; x_wconf 89' lang='grc' dir='ltr'>ἀνομίαις</span> <span class='ocrx_word' id='word_1_518' title='bbox 3517 4014 3599 4083; x_wconf 79' lang='grc'>(7)</span> 
     </span>
    </p>
   </div>
   <div class='ocr_carea' id='block_1_86' title="bbox 2020 4104 3602 4176">
    <p class='ocr_par' dir='ltr' id='par_1_86' title="bbox 2020 4104 3602 4176">
     <span class='ocr_line' id='line_1_86' title="bbox 2020 4104 3602 4176; baseline -0.002 -18"><span class='ocrx_word' id='word_1_519' title='bbox 2020 4106 2128 4158; x_wconf 81' lang='grc' dir='ltr'>τῶν</span> <span class='ocrx_word' id='word_1_520' title='bbox 2148 4105 2417 4176; x_wconf 87' lang='grc' dir='ltr'>δαιμόνων</span> <span class='ocrx_word' id='word_1_521' title='bbox 2459 4105 2869 4176; x_wconf 80' lang='grc' dir='ltr'>γεγεννημένοι,</span> <span class='ocrx_word' id='word_1_522' title='bbox 2913 4104 3201 4176; x_wconf 82' lang='grc' dir='ltr'>εὐθηνοῦσι</span> <span class='ocrx_word' id='word_1_523' title='bbox 3249 4105 3465 4174; x_wconf 82' lang='grc' dir='ltr'>πλούτῳ</span> <span class='ocrx_word' id='word_1_524' title='bbox 3505 4105 3602 4156; x_wconf 73' lang='grc' dir='ltr'><strong>καὶ</strong></span> 
     </span>
    </p>
   </div>
   <div class='ocr_carea' id='block_1_87' title="bbox 2021 4193 3600 4267">
    <p class='ocr_par' dir='ltr' id='par_1_87' title="bbox 2021 4193 3600 4267">
     <span class='ocr_line' id='line_1_87' title="bbox 2021 4193 3600 4267; baseline -0.003 -19"><span class='ocrx_word' id='word_1_525' title='bbox 2021 4195 2168 4267; x_wconf 77' lang='grc' dir='ltr'>δόξῃ,</span> <span class='ocrx_word' id='word_1_526' title='bbox 2202 4195 2469 4266; x_wconf 79' lang='grc' dir='ltr'>ὁρώμενοι</span> <span class='ocrx_word' id='word_1_527' title='bbox 2502 4196 2649 4266; x_wconf 84' lang='grc' dir='ltr'><strong>παρά</strong></span> <span class='ocrx_word' id='word_1_528' title='bbox 2695 4195 2801 4248; x_wconf 85' lang='grc' dir='ltr'><strong>τῶν</strong></span> <span class='ocrx_word' id='word_1_529' title='bbox 2850 4193 3152 4266; x_wconf 82' lang='grc' dir='ltr'>ἀνθρώπων</span> <span class='ocrx_word' id='word_1_530' title='bbox 3195 4195 3252 4245; x_wconf 93' lang='grc' dir='ltr'><strong>ἐν</strong></span> <span class='ocrx_word' id='word_1_531' title='bbox 3295 4196 3360 4264; x_wconf 79' lang='grc' dir='ltr'>τῇ</span> <span class='ocrx_word' id='word_1_532' title='bbox 3408 4194 3600 4264; x_wconf 75' lang='grc' dir='ltr'>ἀπάτῃ</span> 
     </span>
    </p>
   </div>
   <div class='ocr_carea' id='block_1_88' title="bbox 2022 4284 3574 4357">
    <p class='ocr_par' dir='ltr' id='par_1_88' title="bbox 2022 4284 3574 4357">
     <span class='ocr_line' id='line_1_88' title="bbox 2022 4284 3574 4357; baseline -0.003 -17"><span class='ocrx_word' id='word_1_533' title='bbox 2022 4286 2202 4340; x_wconf 75' lang='grc' dir='ltr'>αὐτῶν</span> <span class='ocrx_word' id='word_1_534' title='bbox 2223 4287 2607 4357; x_wconf 84' lang='grc' dir='ltr'>ἐπαινούμενοι</span> <span class='ocrx_word' id='word_1_535' title='bbox 2636 4287 2711 4350; x_wconf 83' lang='grc' dir='ltr'>ὡς</span> <span class='ocrx_word' id='word_1_536' title='bbox 2743 4288 2979 4355; x_wconf 82' lang='grc' dir='ltr'>νεόφυτα</span> <span class='ocrx_word' id='word_1_537' title='bbox 3007 4285 3203 4356; x_wconf 76' lang='grc' dir='ltr'>ἰσχυρὰ</span> <span class='ocrx_word' id='word_1_538' title='bbox 3229 4286 3320 4339; x_wconf 75' lang='grc' dir='ltr'><strong>καὶ</strong></span> <span class='ocrx_word' id='word_1_539' title='bbox 3345 4284 3574 4355; x_wconf 58' lang='grc' dir='ltr'>εὐθαλῆ.</span> 
     </span>
    </p>
   </div>
   <div class='ocr_carea' id='block_1_89' title="bbox 2091 4377 3594 4449">
    <p class='ocr_par' dir='ltr' id='par_1_89' title="bbox 2091 4377 3594 4449">
     <span class='ocr_line' id='line_1_89' title="bbox 2091 4377 3594 4449; baseline -0.002 -18"><span class='ocrx_word' id='word_1_540' title='bbox 2091 4380 2180 4431; x_wconf 87' lang='grc'><strong>28.</strong></span> <span class='ocrx_word' id='word_1_541' title='bbox 2218 4379 2295 4447; x_wconf 86' lang='grc'><strong>(8)</strong></span> <span class='ocrx_word' id='word_1_542' title='bbox 2328 4379 2436 4431; x_wconf 76' lang='grc' dir='ltr'><strong>Καὶ</strong></span> <span class='ocrx_word' id='word_1_543' title='bbox 2471 4381 2524 4432; x_wconf 83' lang='grc' dir='ltr'>αἱ</span> <span class='ocrx_word' id='word_1_544' title='bbox 2556 4378 2726 4448; x_wconf 73' lang='grc' dir='ltr'>ψυχαὶ</span> <span class='ocrx_word' id='word_1_545' title='bbox 2759 4378 2938 4432; x_wconf 74' lang='grc' dir='ltr'>αὐτῶν</span> <span class='ocrx_word' id='word_1_546' title='bbox 2987 4379 3135 4449; x_wconf 75' lang='grc' dir='ltr'>πάσῃ</span> <span class='ocrx_word' id='word_1_547' title='bbox 3181 4377 3439 4446; x_wconf 77' lang='grc' dir='ltr'>περιϐολῇ</span> <span class='ocrx_word' id='word_1_548' title='bbox 3494 4395 3594 4428; x_wconf 85' lang='grc' dir='ltr'>πο-</span> 
     </span>
    </p>
   </div>
   <div class='ocr_carea' id='block_1_90' title="bbox 2020 4467 3596 4540">
    <p class='ocr_par' dir='ltr' id='par_1_90' title="bbox 2020 4467 3596 4540">
     <span class='ocr_line' id='line_1_90' title="bbox 2020 4467 3596 4540; baseline 0.001 -19"><span class='ocrx_word' id='word_1_549' title='bbox 2020 4469 2230 4521; x_wconf 89' lang='grc' dir='ltr'>λυτελεῖ</span> <span class='ocrx_word' id='word_1_550' title='bbox 2261 4469 2653 4540; x_wconf 70' lang='grc' dir='ltr'>ἠμφιεσμέναι,</span> <span class='ocrx_word' id='word_1_551' title='bbox 2703 4471 2797 4522; x_wconf 71' lang='grc' dir='ltr'>καὶ</span> <span class='ocrx_word' id='word_1_552' title='bbox 2830 4468 3034 4540; x_wconf 88' lang='grc' dir='ltr'>χρυσῷ,</span> <span class='ocrx_word' id='word_1_553' title='bbox 3070 4469 3164 4522; x_wconf 73' lang='grc' dir='ltr'><strong>καὶ</strong></span> <span class='ocrx_word' id='word_1_554' title='bbox 3205 4467 3449 4538; x_wconf 82' lang='grc' dir='ltr'>ἀργύρῳ,</span> <span class='ocrx_word' id='word_1_555' title='bbox 3499 4469 3596 4522; x_wconf 72' lang='grc' dir='ltr'>καὶ</span> 
     </span>
    </p>
   </div>
   <div class='ocr_carea' id='block_1_91' title="bbox 343 4559 1949 4630">
    <p class='ocr_par' dir='ltr' id='par_1_91' title="bbox 343 4559 1920 4630">
     <span class='ocr_line' id='line_1_91' title="bbox 343 4559 1920 4630; baseline 0.003 -18"><span class='ocrx_word' id='word_1_556' title='bbox 343 4566 534 4628; x_wconf 70' lang='grc' dir='ltr'>ρονιαι,</span> <span class='ocrx_word' id='word_1_557' title='bbox 576 4565 630 4611; x_wconf 91' lang='lat' dir='ltr'><strong>et</strong></span> <span class='ocrx_word' id='word_1_558' title='bbox 673 4571 834 4622; x_wconf 86' lang='lat' dir='ltr'><strong>auro,</strong></span> <span class='ocrx_word' id='word_1_559' title='bbox 874 4565 929 4610; x_wconf 92' lang='lat' dir='ltr'><strong>et</strong></span> <span class='ocrx_word' id='word_1_560' title='bbox 956 4566 1205 4626; x_wconf 86' lang='lat' dir='ltr'><strong>argento,</strong></span> <span class='ocrx_word' id='word_1_561' title='bbox 1249 4568 1303 4612; x_wconf 90' lang='lat' dir='ltr'><strong>ct</strong></span> <span class='ocrx_word' id='word_1_562' title='bbox 1335 4559 1514 4628; x_wconf 88' lang='lat' dir='ltr'><strong>lapide</strong></span> <span class='ocrx_word' id='word_1_563' title='bbox 1540 4563 1782 4630; x_wconf 87' lang='lat' dir='ltr'><strong>pretioso</strong></span> <span class='ocrx_word' id='word_1_564' title='bbox 1812 4563 1920 4617; x_wconf 89' lang='lat' dir='ltr'><strong>cir-</strong></span> 
     </span>
    </p>
   </div>
   <div class='ocr_carea' id='block_1_92' title="bbox 2055 4559 2978 4630">
    <p class='ocr_par' dir='ltr' id='par_1_92' title="bbox 2057 4559 2978 4630">
     <span class='ocr_line' id='line_1_92' title="bbox 2057 4559 2978 4630; baseline -0.001 -18"><span class='ocrx_word' id='word_1_565' title='bbox 2057 4561 2152 4630; x_wconf 86' lang='grc' dir='ltr'><strong>ίθῳ</strong></span> <span class='ocrx_word' id='word_1_566' title='bbox 2178 4560 2460 4612; x_wconf 84' lang='grc' dir='ltr'>πολυτελεῖ</span> <span class='ocrx_word' id='word_1_567' title='bbox 2489 4559 2978 4630; x_wconf 73' lang='grc' dir='ltr'>δορυφορούμεναι.</span> 
     </span>
    </p>
   </div>
   <div class='ocr_carea' id='block_1_93' title="bbox 345 4647 709 4717">
    <p class='ocr_par' dir='ltr' id='par_1_93' title="bbox 345 4647 709 4717">
     <span class='ocr_line' id='line_1_93' title="bbox 345 4647 709 4717; baseline 0 -14"><span class='ocrx_word' id='word_1_568' title='bbox 345 4647 709 4717; x_wconf 69' lang='lat' dir='ltr'><strong>cumstipataa.</strong></span> 
     </span>
    </p>
   </div>
   <div class='ocr_carea' id='block_1_94' title="bbox 415 4739 1915 4814">
    <p class='ocr_par' dir='ltr' id='par_1_94' title="bbox 415 4739 1915 4814">
     <span class='ocr_line' id='line_1_94' title="bbox 415 4739 1915 4814; baseline 0.006 -22"><span class='ocrx_word' id='word_1_569' title='bbox 415 4739 510 4796; x_wconf 83' lang='grc'><strong>29.</strong></span> <span class='ocrx_word' id='word_1_570' title='bbox 544 4739 716 4794; x_wconf 80' lang='lat' dir='ltr'><strong>Corda</strong></span> <span class='ocrx_word' id='word_1_571' title='bbox 755 4753 943 4793; x_wconf 90' lang='lat' dir='ltr'><strong>eorum</strong></span> <span class='ocrx_word' id='word_1_572' title='bbox 986 4741 1142 4810; x_wconf 90' lang='lat' dir='ltr'><strong>plena</strong></span> <span class='ocrx_word' id='word_1_573' title='bbox 1185 4741 1332 4794; x_wconf 88' lang='lat' dir='ltr'><strong>omni</strong></span> <span class='ocrx_word' id='word_1_574' title='bbox 1366 4741 1669 4812; x_wconf 90' lang='lat' dir='ltr'><strong>iniquitate,</strong></span> <span class='ocrx_word' id='word_1_575' title='bbox 1704 4753 1759 4800; x_wconf 88' lang='lat' dir='ltr'><strong>et</strong></span> <span class='ocrx_word' id='word_1_576' title='bbox 1787 4761 1915 4814; x_wconf 83' lang='lat' dir='ltr'><strong>pec-</strong></span> 
     </span>
    </p>
   </div>
   <div class='ocr_carea' id='block_1_95' title="bbox 347 4833 1914 4902">
    <p class='ocr_par' dir='ltr' id='par_1_95' title="bbox 347 4833 1914 4902">
     <span class='ocr_line' id='line_1_95' title="bbox 347 4833 1914 4902; baseline 0.004 -16"><span class='ocrx_word' id='word_1_577' title='bbox 347 4839 490 4896; x_wconf 84' lang='lat' dir='ltr'><strong>cato,</strong></span> <span class='ocrx_word' id='word_1_578' title='bbox 537 4839 592 4886; x_wconf 91' lang='lat' dir='ltr'><strong>et</strong></span> <span class='ocrx_word' id='word_1_579' title='bbox 635 4845 703 4885; x_wconf 81' lang='lat' dir='ltr'><strong>ex</strong></span> <span class='ocrx_word' id='word_1_580' title='bbox 753 4847 864 4886; x_wconf 91' lang='lat' dir='ltr'><strong>uno</strong></span> <span class='ocrx_word' id='word_1_581' title='bbox 917 4833 1166 4902; x_wconf 89' lang='lat' dir='ltr'><strong>improbo</strong></span> <span class='ocrx_word' id='word_1_582' title='bbox 1215 4833 1488 4891; x_wconf 88' lang='lat' dir='ltr'><strong>desiderio</strong></span> <span class='ocrx_word' id='word_1_583' title='bbox 1535 4847 1821 4892; x_wconf 87' lang='lat' dir='ltr'><strong>transeunt</strong></span> <span class='ocrx_word' id='word_1_584' title='bbox 1858 4839 1914 4893; x_wconf 88' lang='lat' dir='ltr'><strong>in</strong></span> 
     </span>
    </p>
   </div>
   <div class='ocr_carea' id='block_1_96' title="bbox 347 4922 1332 4994">
    <p class='ocr_par' dir='ltr' id='par_1_96' title="bbox 347 4922 1332 4994">
     <span class='ocr_line' id='line_1_96' title="bbox 347 4922 1332 4994; baseline 0.006 -18"><span class='ocrx_word' id='word_1_585' title='bbox 347 4922 511 4977; x_wconf 90' lang='lat' dir='ltr'><strong>aliam</strong></span> <span class='ocrx_word' id='word_1_586' title='bbox 542 4922 781 4992; x_wconf 74' lang='lat' dir='ltr'><strong>peiorem</strong></span> <span class='ocrx_word' id='word_1_587' title='bbox 810 4927 1332 4994; x_wconf 88' lang='lat' dir='ltr'><strong>concupiscentiam.</strong></span> 
     </span>
    </p>
   </div>
   <div class='ocr_carea' id='block_1_97' title="bbox 417 5013 1916 5086">
    <p class='ocr_par' dir='ltr' id='par_1_97' title="bbox 417 5013 1916 5086">
     <span class='ocr_line' id='line_1_97' title="bbox 417 5013 1916 5086; baseline 0.003 -19"><span class='ocrx_word' id='word_1_588' title='bbox 417 5013 505 5068; x_wconf 78' lang='lat'><strong>50.</strong></span> <span class='ocrx_word' id='word_1_589' title='bbox 544 5013 711 5067; x_wconf 89' lang='lat' dir='ltr'><strong>Iidem</strong></span> <span class='ocrx_word' id='word_1_590' title='bbox 746 5013 997 5068; x_wconf 90' lang='lat' dir='ltr'><strong>homines</strong></span> <span class='ocrx_word' id='word_1_591' title='bbox 1026 5031 1148 5069; x_wconf 90' lang='lat' dir='ltr'><strong>cum</strong></span> <span class='ocrx_word' id='word_1_592' title='bbox 1193 5017 1400 5084; x_wconf 68' lang='lat' dir='ltr'><strong>peccati</strong></span> <span class='ocrx_word' id='word_1_593' title='bbox 1429 5017 1610 5086; x_wconf 84' lang='lat' dir='ltr'><strong>cupidi</strong></span> <span class='ocrx_word' id='word_1_594' title='bbox 1657 5021 1796 5082; x_wconf 87' lang='lat' dir='ltr'><strong>sint,</strong></span> <span class='ocrx_word' id='word_1_595' title='bbox 1835 5021 1916 5072; x_wconf 56' lang='lat' dir='ltr'><strong>inv</strong></span> 
     </span>
    </p>
   </div>
   <div class='ocr_carea' id='block_1_98' title="bbox 346 5106 1914 5174">
    <p class='ocr_par' dir='ltr' id='par_1_98' title="bbox 346 5106 1914 5174">
     <span class='ocr_line' id='line_1_98' title="bbox 346 5106 1914 5174; baseline 0.003 -14"><span class='ocrx_word' id='word_1_596' title='bbox 346 5113 598 5160; x_wconf 86' lang='lat' dir='ltr'><strong>ventores</strong></span> <span class='ocrx_word' id='word_1_597' title='bbox 626 5115 758 5160; x_wconf 81' lang='lat' dir='ltr'><strong>sunt</strong></span> <span class='ocrx_word' id='word_1_598' title='bbox 787 5106 1055 5161; x_wconf 86' lang='lat' dir='ltr'><strong>malorum</strong></span> <span class='ocrx_word' id='word_1_599' title='bbox 1077 5150 1092 5174; x_wconf 94' lang='lat'><strong>,</strong></span> <span class='ocrx_word' id='word_1_600' title='bbox 1122 5109 1415 5164; x_wconf 85' lang='lat' dir='ltr'><strong>educentcs</strong></span> <span class='ocrx_word' id='word_1_601' title='bbox 1445 5128 1475 5164; x_wconf 86' lang='lat' dir='ltr'><strong>e</strong></span> <span class='ocrx_word' id='word_1_602' title='bbox 1503 5110 1761 5165; x_wconf 86' lang='lat' dir='ltr'><strong>cordibus</strong></span> <span class='ocrx_word' id='word_1_603' title='bbox 1799 5111 1914 5165; x_wconf 86' lang='lat' dir='ltr'><strong>suis</strong></span> 
     </span>
    </p>
   </div>
   <div class='ocr_carea' id='block_1_99' title="bbox 345 5194 953 5266">
    <p class='ocr_par' dir='ltr' id='par_1_99' title="bbox 345 5194 953 5266">
     <span class='ocr_line' id='line_1_99' title="bbox 345 5194 953 5266; baseline 0.002 -17"><span class='ocrx_word' id='word_1_604' title='bbox 345 5209 542 5266; x_wconf 88' lang='lat' dir='ltr'><strong>pravas</strong></span> <span class='ocrx_word' id='word_1_605' title='bbox 580 5194 953 5266; x_wconf 76' lang='lat' dir='ltr'><strong>cogitationes.</strong></span> 
     </span>
    </p>
   </div>
   <div class='ocr_carea' id='block_1_100' title="bbox 2087 4649 3592 4724">
    <p class='ocr_par' dir='ltr' id='par_1_100' title="bbox 2087 4649 3592 4724">
     <span class='ocr_line' id='line_1_100' title="bbox 2087 4649 3592 4724; baseline -0.002 -18"><span class='ocrx_word' id='word_1_606' title='bbox 2087 4653 2177 4708; x_wconf 85' lang='lat'><strong>29.</strong></span> <span class='ocrx_word' id='word_1_607' title='bbox 2207 4655 2271 4706; x_wconf 85' lang='grc' dir='ltr'>Αί</span> <span class='ocrx_word' id='word_1_608' title='bbox 2306 4653 2524 4724; x_wconf 86' lang='grc' dir='ltr'>καρδίαι</span> <span class='ocrx_word' id='word_1_609' title='bbox 2556 4653 2737 4705; x_wconf 78' lang='grc' dir='ltr'>αὐτῶν</span> <span class='ocrx_word' id='word_1_610' title='bbox 2784 4649 3209 4721; x_wconf 85' lang='grc' dir='ltr'>πεπληρωμέναι</span> <span class='ocrx_word' id='word_1_611' title='bbox 3243 4649 3424 4719; x_wconf 79' lang='grc' dir='ltr'>πάσης</span> <span class='ocrx_word' id='word_1_612' title='bbox 3465 4650 3592 4703; x_wconf 52' lang='grc' dir='ltr'>ἀνοέ</span> 
     </span>
    </p>
   </div>
   <div class='ocr_carea' id='block_1_101' title="bbox 2025 4741 3593 4816">
    <p class='ocr_par' dir='ltr' id='par_1_101' title="bbox 2025 4741 3593 4816">
     <span class='ocr_line' id='line_1_101' title="bbox 2025 4741 3593 4816; baseline -0.001 -19"><span class='ocrx_word' id='word_1_613' title='bbox 2025 4745 2153 4816; x_wconf 87' lang='grc' dir='ltr'>μίας</span> <span class='ocrx_word' id='word_1_614' title='bbox 2181 4747 2276 4798; x_wconf 71' lang='grc' dir='ltr'>καὶ</span> <span class='ocrx_word' id='word_1_615' title='bbox 2300 4745 2592 4815; x_wconf 87' lang='grc' dir='ltr'>ἁμαρτίας,</span> <span class='ocrx_word' id='word_1_616' title='bbox 2623 4745 2716 4797; x_wconf 71' lang='grc' dir='ltr'>καὶ</span> <span class='ocrx_word' id='word_1_617' title='bbox 2742 4745 2806 4795; x_wconf 89' lang='grc' dir='ltr'><strong>ἐκ</strong></span> <span class='ocrx_word' id='word_1_618' title='bbox 2833 4743 3024 4796; x_wconf 80' lang='grc' dir='ltr'>τούτου</span> <span class='ocrx_word' id='word_1_619' title='bbox 3060 4741 3152 4795; x_wconf 80' lang='grc' dir='ltr'>τοῦ</span> <span class='ocrx_word' id='word_1_620' title='bbox 3198 4741 3435 4814; x_wconf 77' lang='grc' dir='ltr'>πονηροῦ</span> <span class='ocrx_word' id='word_1_621' title='bbox 3469 4743 3593 4796; x_wconf 70' lang='grc' dir='ltr'>ἐπι-</span> 
     </span>
    </p>
   </div>
   <div class='ocr_carea' id='block_1_102' title="bbox 2021 4830 3593 4908">
    <p class='ocr_par' dir='ltr' id='par_1_102' title="bbox 2021 4830 3593 4908">
     <span class='ocr_line' id='line_1_102' title="bbox 2021 4830 3593 4908; baseline -0.004 -18"><span class='ocrx_word' id='word_1_622' title='bbox 2021 4837 2359 4908; x_wconf 79' lang='grc' dir='ltr'>τηδεύματος</span> <span class='ocrx_word' id='word_1_623' title='bbox 2408 4839 2488 4900; x_wconf 88' lang='grc' dir='ltr'><strong>είς</strong></span> <span class='ocrx_word' id='word_1_624' title='bbox 2537 4835 2664 4890; x_wconf 84' lang='grc' dir='ltr'>ἄλλο</span> <span class='ocrx_word' id='word_1_625' title='bbox 2695 4835 2993 4904; x_wconf 84' lang='grc' dir='ltr'>δεινότερον</span> <span class='ocrx_word' id='word_1_626' title='bbox 3026 4833 3376 4904; x_wconf 81' lang='grc' dir='ltr'>μετέρχονται</span> <span class='ocrx_word' id='word_1_627' title='bbox 3401 4830 3593 4884; x_wconf 81' lang='grc' dir='ltr'>ἐπιθύ-</span> 
     </span>
    </p>
   </div>
   <div class='ocr_carea' id='block_1_103' title="bbox 2063 4945 2197 4980">
    <p class='ocr_par' dir='ltr' id='par_1_103' title="bbox 2063 4945 2197 4980">
     <span class='ocr_line' id='line_1_103' title="bbox 2063 4945 2197 4980; baseline 0 0"><span class='ocrx_word' id='word_1_628' title='bbox 2063 4945 2197 4980; x_wconf 65' lang='lat' dir='ltr'><strong>tua.</strong></span> 
     </span>
    </p>
   </div>
   <div class='ocr_carea' id='block_1_104' title="bbox 2022 4946 3591 5086">
    <p class='ocr_par' dir='ltr' id='par_1_104' title="bbox 2022 4946 3591 5086">
     <span class='ocr_line' id='line_1_104' title="bbox 2063 4946 2197 4980; baseline 0.007 -1"><span class='ocrx_word' id='word_1_629' title='bbox 2063 4946 2092 4979; x_wconf 73' lang='grc' dir='ltr'><strong>τ</strong></span> <span class='ocrx_word' id='word_1_630' title='bbox 2145 4946 2197 4980; x_wconf 92' lang='grc' dir='ltr'><strong>α.</strong></span> 
     </span>
     <span class='ocr_line' id='line_1_105' title="bbox 2022 4946 3591 5086; baseline -0.005 -15"><span class='ocrx_word' id='word_1_631' title='bbox 2022 4946 2061 4998; x_wconf 77' lang='grc' dir='ltr'><strong>μ</strong></span> <span class='ocrx_word' id='word_1_632' title='bbox 2209 5018 2270 5068; x_wconf 71' lang='lat' dir='ltr'><strong>Ut</strong></span> <span class='ocrx_word' id='word_1_633' title='bbox 2295 5015 2450 5070; x_wconf 69' lang='grc' dir='ltr'>αὐτοὶ</span> <span class='ocrx_word' id='word_1_634' title='bbox 2474 5015 2769 5086; x_wconf 78' lang='grc' dir='ltr'>ἅνθρωποι,</span> <span class='ocrx_word' id='word_1_635' title='bbox 2801 5015 2900 5083; x_wconf 81' lang='grc' dir='ltr'>τῆς</span> <span class='ocrx_word' id='word_1_636' title='bbox 2925 5013 3199 5084; x_wconf 85' lang='grc' dir='ltr'>ἁμαρτίας</span> <span class='ocrx_word' id='word_1_637' title='bbox 3221 5012 3372 5073; x_wconf 72' lang='grc' dir='ltr'>ὄντες</span> <span class='ocrx_word' id='word_1_638' title='bbox 3397 5010 3591 5064; x_wconf 85' lang='grc' dir='ltr'>ἐπιθυ-</span> 
     </span>
    </p>
   </div>
   <div class='ocr_carea' id='block_1_105' title="bbox 2021 5105 3589 5180">
    <p class='ocr_par' dir='ltr' id='par_1_105' title="bbox 2021 5105 3589 5180">
     <span class='ocr_line' id='line_1_106' title="bbox 2021 5105 3589 5180; baseline -0.001 -19"><span class='ocrx_word' id='word_1_639' title='bbox 2021 5111 2209 5179; x_wconf 67' lang='grc' dir='ltr'>μηταὶ,</span> <span class='ocrx_word' id='word_1_640' title='bbox 2244 5108 2532 5180; x_wconf 84' lang='grc' dir='ltr'>ἐφευρεταί</span> <span class='ocrx_word' id='word_1_641' title='bbox 2556 5110 2662 5160; x_wconf 82' lang='grc' dir='ltr'>εἰσι</span> <span class='ocrx_word' id='word_1_642' title='bbox 2692 5105 2900 5170; x_wconf 80' lang='grc' dir='ltr'>κακῶν,</span> <span class='ocrx_word' id='word_1_643' title='bbox 2927 5105 3210 5173; x_wconf 80' lang='grc' dir='ltr'>ἐξάγοντες</span> <span class='ocrx_word' id='word_1_644' title='bbox 3242 5107 3305 5158; x_wconf 88' lang='grc' dir='ltr'><strong>ἐκ</strong></span> <span class='ocrx_word' id='word_1_645' title='bbox 3323 5105 3422 5174; x_wconf 84' lang='grc' dir='ltr'>τῆς</span> <span class='ocrx_word' id='word_1_646' title='bbox 3451 5121 3589 5177; x_wconf 84' lang='grc' dir='ltr'>καρ-</span> 
     </span>
    </p>
   </div>
   <div class='ocr_carea' id='block_1_106' title="bbox 2017 5195 3076 5270">
    <p class='ocr_par' dir='ltr' id='par_1_106' title="bbox 2017 5195 3076 5270">
     <span class='ocr_line' id='line_1_107' title="bbox 2017 5195 3076 5270; baseline -0.006 -16"><span class='ocrx_word' id='word_1_647' title='bbox 2017 5203 2134 5266; x_wconf 88' lang='grc' dir='ltr'>δίας</span> <span class='ocrx_word' id='word_1_648' title='bbox 2160 5200 2339 5255; x_wconf 75' lang='grc' dir='ltr'>αὺτῶν</span> <span class='ocrx_word' id='word_1_649' title='bbox 2370 5199 2753 5270; x_wconf 81' lang='grc' dir='ltr'>διαλογισμοὺς</span> <span class='ocrx_word' id='word_1_650' title='bbox 2785 5195 3076 5267; x_wconf 81' lang='grc' dir='ltr'>πονηρούς.</span> 
     </span>
    </p>
   </div>
   <div class='ocr_carea' id='block_1_107' title="bbox 1259 5293 2634 5377">
    <p class='ocr_par' dir='ltr' id='par_1_107' title="bbox 1259 5293 2634 5377">
     <span class='ocr_line' id='line_1_108' title="bbox 1259 5293 2634 5377; baseline 0.003 -25"><span class='ocrx_word' id='word_1_651' title='bbox 1259 5293 1567 5358; x_wconf 84' lang='lat' dir='ltr'><strong>Addenda</strong></span> <span class='ocrx_word' id='word_1_652' title='bbox 1622 5303 1682 5358; x_wconf 81' lang='lat' dir='ltr'><strong>et</strong></span> <span class='ocrx_word' id='word_1_653' title='bbox 1721 5295 2093 5377; x_wconf 80' lang='lat' dir='ltr'><strong>corrigenda</strong></span> <span class='ocrx_word' id='word_1_654' title='bbox 2140 5314 2219 5358; x_wconf 79' lang='lat' dir='ltr'><strong>ex</strong></span> <span class='ocrx_word' id='word_1_655' title='bbox 2255 5295 2396 5356; x_wconf 88' lang='lat' dir='ltr'><strong>cod.</strong></span> <span class='ocrx_word' id='word_1_656' title='bbox 2437 5296 2634 5356; x_wconf 81' lang='lat' dir='ltr'><strong>Vatic.</strong></span> 
     </span>
    </p>
   </div>
   <div class='ocr_carea' id='block_1_108' title="bbox 447 5388 928 5460">
    <p class='ocr_par' dir='ltr' id='par_1_108' title="bbox 447 5388 928 5460">
     <span class='ocr_line' id='line_1_109' title="bbox 447 5388 928 5460; baseline 0.002 -18"><span class='ocrx_word' id='word_1_657' title='bbox 447 5388 499 5460; x_wconf 94' lang='grc'>1)</span> <span class='ocrx_word' id='word_1_658' title='bbox 532 5389 796 5454; x_wconf 83' lang='grc' dir='ltr'>Θάνατος,</span> <span class='ocrx_word' id='word_1_659' title='bbox 823 5403 928 5446; x_wconf 88' lang='lat' dir='ltr'><strong>etc.</strong></span> 
     </span>
    </p>
   </div>
   <div class='ocr_carea' id='block_1_109' title="bbox 440 5459 1434 5530">
    <p class='ocr_par' dir='ltr' id='par_1_109' title="bbox 440 5459 1434 5530">
     <span class='ocr_line' id='line_1_110' title="bbox 440 5459 1434 5530; baseline 0.01 -18"><span class='ocrx_word' id='word_1_660' title='bbox 440 5459 495 5523; x_wconf 90' lang='lat'><strong>2)</strong></span> <span class='ocrx_word' id='word_1_661' title='bbox 525 5461 750 5530; x_wconf 83' lang='grc' dir='ltr'>Οὐρανῷ</span> <span class='ocrx_word' id='word_1_662' title='bbox 785 5459 1167 5530; x_wconf 79' lang='grc' dir='ltr'>βασιλεύοντας</span> <span class='ocrx_word' id='word_1_663' title='bbox 1193 5464 1292 5528; x_wconf 87' lang='grc' dir='ltr'>εἰς,</span> <span class='ocrx_word' id='word_1_664' title='bbox 1326 5473 1434 5522; x_wconf 84' lang='lat' dir='ltr'><strong>etc.</strong></span> 
     </span>
    </p>
   </div>
   <div class='ocr_carea' id='block_1_110' title="bbox 441 5530 981 5593">
    <p class='ocr_par' dir='ltr' id='par_1_110' title="bbox 441 5530 981 5593">
     <span class='ocr_line' id='line_1_111' title="bbox 441 5530 981 5593; baseline 0.002 -9"><span class='ocrx_word' id='word_1_665' title='bbox 441 5530 494 5593; x_wconf 77' lang='grc'>5)</span> <span class='ocrx_word' id='word_1_666' title='bbox 537 5530 850 5593; x_wconf 82' lang='grc' dir='ltr'>Ἐξελεῖται,</span> <span class='ocrx_word' id='word_1_667' title='bbox 877 5541 981 5585; x_wconf 90' lang='lat' dir='ltr'><strong>etc.</strong></span> 
     </span>
    </p>
   </div>
   <div class='ocr_carea' id='block_1_111' title="bbox 418 5599 1105 5720">
    <p class='ocr_par' dir='ltr' id='par_1_111' title="bbox 418 5599 1105 5720">
     <span class='ocr_line' id='line_1_112' title="bbox 418 5599 1105 5720; baseline 0.004 -67"><span class='ocrx_word' id='word_1_668' title='bbox 418 5599 500 5720; x_wconf 55' lang='grc'>(4)</span> <span class='ocrx_word' id='word_1_669' title='bbox 532 5599 705 5651; x_wconf 85' lang='grc' dir='ltr'>Ρῦσαί</span> <span class='ocrx_word' id='word_1_670' title='bbox 785 5617 831 5663; x_wconf 90' lang='grc' dir='ltr'><strong>ε,</strong></span> <span class='ocrx_word' id='word_1_671' title='bbox 856 5601 970 5663; x_wconf 86' lang='grc' dir='ltr'>καί,</span> <span class='ocrx_word' id='word_1_672' title='bbox 1001 5610 1105 5656; x_wconf 86' lang='lat' dir='ltr'><strong>etc.</strong></span> 
     </span>
     <span class='ocr_line' id='line_1_113' title="bbox 441 5619 984 5720; baseline 0 0"><span class='ocrx_word' id='word_1_673' title='bbox 441 5671 497 5720; x_wconf 78' lang='grc'>5)</span> <span class='ocrx_word' id='word_1_674' title='bbox 527 5667 713 5720; x_wconf 81' lang='grc' dir='ltr'>Πᾶσαν</span> <span class='ocrx_word' id='word_1_675' title='bbox 735 5619 984 5720; x_wconf 60' lang='grc' dir='ltr'>ἀνομίαν.</span> 
     </span>
    </p>
   </div>
   <div class='ocr_carea' id='block_1_112' title="bbox 428 5667 984 5738">
    <p class='ocr_par' dir='ltr' id='par_1_112' title="bbox 428 5667 984 5738">
     <span class='ocr_line' id='line_1_114' title="bbox 428 5667 984 5738; baseline 0.005 -19"><span class='ocrx_word' id='word_1_676' title='bbox 527 5667 713 5738; x_wconf 73' lang='grc' dir='ltr'>Πᾷσαν</span> <span class='ocrx_word' id='word_1_677' title='bbox 735 5667 984 5738; x_wconf 86' lang='grc' dir='ltr'>ἀνομίαν.</span> 
     </span>
    </p>
   </div>
   <div class='ocr_carea' id='block_1_113' title="bbox 424 5674 1522 5814">
    <p class='ocr_par' dir='ltr' id='par_1_113' title="bbox 424 5674 1522 5814">
     <span class='ocr_line' id='line_1_115' title="bbox 424 5674 984 5738; baseline 0.005 -19"><span class='ocrx_word' id='word_1_678' title='bbox 424 5674 473 5733; x_wconf 79' lang='lat'><strong>[5</strong></span> <span class='ocrx_word' id='word_1_679' title='bbox 527 5674 713 5721; x_wconf 82' lang='grc' dir='ltr'>Πᾶσαν</span> <span class='ocrx_word' id='word_1_680' title='bbox 735 5674 984 5738; x_wconf 85' lang='grc' dir='ltr'>ἀνομίαν.</span> 
     </span>
     <span class='ocr_line' id='line_1_116' title="bbox 424 5674 1522 5814; baseline 0.009 -26"><span class='ocrx_word' id='word_1_681' title='bbox 424 5674 500 5808; x_wconf 66' lang='grc'><strong>(6)</strong></span> <span class='ocrx_word' id='word_1_682' title='bbox 531 5736 680 5808; x_wconf 76' lang='grc' dir='ltr'><strong>Αὕτη</strong></span> <span class='ocrx_word' id='word_1_683' title='bbox 715 5739 827 5790; x_wconf 74' lang='grc' dir='ltr'>ἐστὶ</span> <span class='ocrx_word' id='word_1_684' title='bbox 859 5739 940 5808; x_wconf 75' lang='grc' dir='ltr'><strong>τὸ,</strong></span> <span class='ocrx_word' id='word_1_685' title='bbox 971 5739 1022 5792; x_wconf 86' lang='grc' dir='ltr'><strong>τί</strong></span> <span class='ocrx_word' id='word_1_686' title='bbox 1052 5741 1390 5814; x_wconf 74' lang='grc' dir='ltr'>ἁρπάσωσιν,</span> <span class='ocrx_word' id='word_1_687' title='bbox 1417 5755 1522 5804; x_wconf 87' lang='lat' dir='ltr'><strong>etc.</strong></span> 
     </span>
    </p>
   </div>
   <div class='ocr_carea' id='block_1_114' title="bbox 2087 5396 2752 5474">
    <p class='ocr_par' dir='ltr' id='par_1_114' title="bbox 2087 5396 2752 5474">
     <span class='ocr_line' id='line_1_117' title="bbox 2087 5396 2752 5474; baseline 0 0"><span class='ocrx_word' id='word_1_688' title='bbox 2087 5399 2165 5474; x_wconf 73' lang='grc' dir='ltr'>(Ἰ)</span> <span class='ocrx_word' id='word_1_689' title='bbox 2196 5397 2319 5474; x_wconf 59' lang='grc' dir='ltr'><strong>Καὶ</strong></span> <span class='ocrx_word' id='word_1_690' title='bbox 2332 5396 2615 5474; x_wconf 49' lang='lat' dir='ltr'><strong>saeta-5,</strong></span> <span class='ocrx_word' id='word_1_691' title='bbox 2647 5405 2752 5474; x_wconf 59' lang='lat' dir='ltr'><strong>etc-</strong></span> 
     </span>
    </p>
   </div>
   <div class='ocr_carea' id='block_1_115' title="bbox 2086 5463 3591 5537">
    <p class='ocr_par' dir='ltr' id='par_1_115' title="bbox 2086 5463 3591 5537">
     <span class='ocr_line' id='line_1_118' title="bbox 2086 5463 3591 5537; baseline -0.004 -15"><span class='ocrx_word' id='word_1_692' title='bbox 2086 5463 2162 5537; x_wconf 72' lang='grc'><strong>(8)</strong></span> <span class='ocrx_word' id='word_1_693' title='bbox 2196 5467 2260 5520; x_wconf 88' lang='grc' dir='ltr'><strong>Ν.</strong></span> <span class='ocrx_word' id='word_1_694' title='bbox 2283 5468 2382 5537; x_wconf 82' lang='grc'><strong>28,</strong></span> <span class='ocrx_word' id='word_1_695' title='bbox 2417 5463 2522 5518; x_wconf 75' lang='grc' dir='ltr'><strong>Καὶ</strong></span> <span class='ocrx_word' id='word_1_696' title='bbox 2538 5467 2706 5537; x_wconf 69' lang='grc' dir='ltr'>ψυχαὶ</span> <span class='ocrx_word' id='word_1_697' title='bbox 2721 5465 2900 5520; x_wconf 77' lang='grc' dir='ltr'>αὐτῶν</span> <span class='ocrx_word' id='word_1_698' title='bbox 2919 5467 3088 5520; x_wconf 81' lang='grc' dir='ltr'>πᾶσαι</span> <span class='ocrx_word' id='word_1_699' title='bbox 3104 5478 3278 5537; x_wconf 78' lang='lat' dir='ltr'><strong>usque</strong></span> <span class='ocrx_word' id='word_1_700' title='bbox 3297 5463 3364 5518; x_wconf 89' lang='lat' dir='ltr'><strong>ad</strong></span> <span class='ocrx_word' id='word_1_701' title='bbox 3387 5463 3591 5537; x_wconf 61' lang='grc' dir='ltr'>ἠμφιε-</span> 
     </span>
    </p>
   </div>
   <div class='ocr_carea' id='block_1_116' title="bbox 2018 5535 3587 5610">
    <p class='ocr_par' dir='ltr' id='par_1_116' title="bbox 2018 5535 3587 5610">
     <span class='ocr_line' id='line_1_119' title="bbox 2018 5535 3587 5610; baseline -0.001 -18"><span class='ocrx_word' id='word_1_702' title='bbox 2018 5535 2231 5610; x_wconf 74' lang='grc' dir='ltr'>σμέναι.</span> <span class='ocrx_word' id='word_1_703' title='bbox 2248 5536 2313 5590; x_wconf 86' lang='grc' dir='ltr'><strong>Ν.</strong></span> <span class='ocrx_word' id='word_1_704' title='bbox 2331 5535 2594 5610; x_wconf 63' lang='lat' dir='ltr'><strong>29_._ju}tta</strong></span> <span class='ocrx_word' id='word_1_705' title='bbox 2617 5535 3061 5610; x_wconf 26' lang='lat' dir='ltr'><strong>’suprascriptam</strong></span> <span class='ocrx_word' id='word_1_706' title='bbox 3092 5535 3412 5610; x_wconf 64' lang='lat' dir='ltr'><strong>divisionem</strong></span> <span class='ocrx_word' id='word_1_707' title='bbox 3443 5535 3587 5610; x_wconf 61' lang='lat' dir='ltr'><strong>:lial-</strong></span> 
     </span>
    </p>
   </div>
   <div class='ocr_carea' id='block_1_117' title="bbox 2015 5604 3590 5680">
    <p class='ocr_par' dir='ltr' id='par_1_117' title="bbox 2015 5604 3590 5680">
     <span class='ocr_line' id='line_1_120' title="bbox 2015 5604 3590 5680; baseline -0.004 -20"><span class='ocrx_word' id='word_1_708' title='bbox 2015 5604 2220 5680; x_wconf 82' lang='grc' dir='ltr'>χρυσῷ,</span> <span class='ocrx_word' id='word_1_709' title='bbox 2257 5618 2364 5662; x_wconf 87' lang='lat' dir='ltr'><strong>etc.</strong></span> <span class='ocrx_word' id='word_1_710' title='bbox 2396 5604 2461 5680; x_wconf 14' lang='lat' dir='ltr'><strong>N7.</strong></span> <span class='ocrx_word' id='word_1_711' title='bbox 2497 5609 2586 5680; x_wconf 78' lang='grc'><strong>59,</strong></span> <span class='ocrx_word' id='word_1_712' title='bbox 2617 5608 2682 5658; x_wconf 84' lang='grc' dir='ltr'><strong>Αἱ</strong></span> <span class='ocrx_word' id='word_1_713' title='bbox 2707 5604 2954 5680; x_wconf 14' lang='grc' dir='ltr'>ήκαρδίαί,</span> <span class='ocrx_word' id='word_1_714' title='bbox 2987 5604 3202 5680; x_wconf 69' lang='lat' dir='ltr'><strong>e_tc.__N.</strong></span> <span class='ocrx_word' id='word_1_715' title='bbox 3435 5604 3590 5680; x_wconf 74' lang='grc' dir='ltr'>αὐτοὶ</span> 
     </span>
    </p>
   </div>
   <div class='ocr_carea' id='block_1_118' title="bbox 2020 5672 3579 5751">
    <p class='ocr_par' dir='ltr' id='par_1_118' title="bbox 2020 5672 3579 5751">
     <span class='ocr_line' id='line_1_121' title="bbox 2020 5672 3579 5751; baseline -0.004 -18"><span class='ocrx_word' id='word_1_716' title='bbox 2020 5672 2502 5751; x_wconf 36' lang='grc' dir='ltr'>ἀνθρωττοι-ὀἱτῆς</span> <span class='ocrx_word' id='word_1_717' title='bbox 2527 5672 2816 5751; x_wconf 66' lang='grc' dir='ltr'>ἁμαρτίας,</span> <span class='ocrx_word' id='word_1_718' title='bbox 2854 5687 2956 5751; x_wconf 81' lang='lat' dir='ltr'><strong>etc.</strong></span> <span class='ocrx_word' id='word_1_719' title='bbox 2987 5674 3185 5751; x_wconf 56' lang='lat' dir='ltr'><strong>N:_52,</strong></span> <span class='ocrx_word' id='word_1_720' title='bbox 3225 5675 3296 5751; x_wconf 76' lang='lat' dir='ltr'><strong>Ul_</strong></span> <span class='ocrx_word' id='word_1_721' title='bbox 3338 5672 3579 5727; x_wconf 74' lang='grc' dir='ltr'>διδασκα-</span> 
     </span>
    </p>
   </div>
   <div class='ocr_carea' id='block_1_119' title="bbox 2019 5746 3482 5818">
    <p class='ocr_par' dir='ltr' id='par_1_119' title="bbox 2019 5746 3482 5818">
     <span class='ocr_line' id='line_1_122' title="bbox 2019 5746 3482 5818; baseline -0.001 -16"><span class='ocrx_word' id='word_1_722' title='bbox 2019 5746 2253 5818; x_wconf 75' lang='grc' dir='ltr'>λοι,ὐιρ.</span> <span class='ocrx_word' id='word_1_723' title='bbox 2290 5747 2354 5802; x_wconf 73' lang='grc' dir='ltr'><strong>Ν.</strong></span> <span class='ocrx_word' id='word_1_724' title='bbox 2391 5746 2478 5818; x_wconf 70' lang='grc' dir='ltr'><strong>εδ,</strong></span> <span class='ocrx_word' id='word_1_725' title='bbox 2511 5749 2622 5802; x_wconf 70' lang='grc' dir='ltr'><strong>Οὐκ</strong></span> <span class='ocrx_word' id='word_1_726' title='bbox 2653 5747 2764 5801; x_wconf 77' lang='grc' dir='ltr'>ἔστι</span> <span class='ocrx_word' id='word_1_727' title='bbox 2786 5748 2906 5802; x_wconf 78' lang='grc' dir='ltr'>τινὰ</span> <span class='ocrx_word' id='word_1_728' title='bbox 2935 5746 3187 5817; x_wconf 70' lang='grc' dir='ltr'>ἐπιϐῆναι</span> <span class='ocrx_word' id='word_1_729' title='bbox 3212 5748 3344 5813; x_wconf 87' lang='grc' dir='ltr'>τοῖς,</span> <span class='ocrx_word' id='word_1_730' title='bbox 3375 5753 3482 5800; x_wconf 86' lang='lat' dir='ltr'><strong>etc.</strong></span> 
     </span>
    </p>
   </div>
  </div>
