3860 6220
171 309 317 370 1509

237 427 332 481 51.
375 428 446 479 υἱ
487 426 627 497 βόες
663 428 849 481 αὐτῶν
879 431 1092 498 παχεῖς.

236 518 335 574 52.
371 520 502 572 Οὐκ
535 518 670 572 ἔστι
703 521 1041 590 κατάπτωμα
1072 521 1324 590 φραγμοῦ
1359 522 1478 574 οὑδὲ
1500 519 1746 585 διέξοδος·

233 611 331 667 55.
366 611 520 664 Οὐδὲ
559 613 796 682 κραυγὴ
830 614 892 664 ὲν
913 614 1034 674 ταῖς
1063 612 1344 676 πλατείαις
1375 612 1575 665 αὐτῶν.

229 698 328 754 54.
373 701 794 772 Ἐμακάρισαν
819 702 910 754 τὸν
935 701 1082 765 λαὸν,
1185 702 1359 754 ταῦτά
1388 704 1502 755 ἐστι
1532 718 1545 732 ⁸

229 792 326 847 55.
369 792 703 862 Μακάριος
732 794 759 844 6
787 791 932 856 λαὸς,
953 786 1016 844 οὗ
1049 791 1246 862 Κύριος
1278 794 1306 845 6
1336 793 1468 856 Θεὸς
1498 792 1687 848 αὑτοῦ.

461 903 743 970 Αἰνείης
765 902 845 968 τῷ
874 904 1068 957 Δαϐἰδ.
1108 907 1279 960 ΨΑΛ.
1318 908 1501 960 ΡΜΔ’.

230 994 288 1048 1.
319 993 409 1066 [In
443 1011 650 1063 marg.
687 995 754 1049 ad
782 1012 924 1052 vers.
952 996 1000 1051 1.
1030 997 1212 1068 Ἀλὲςρ]
1251 997 1479 1066 Ὑψώσω
1499 1015 1578 1062 σε,
1603 999 1630 1050 6
1658 997 1790 1059 Θεός

161 1101 268 1156 μου
299 1086 332 1137 6
366 1086 662 1155 βασιλεύς
700 1104 800 1157 μου
822 1103 835 1117 ⁸

230 1179 291 1232 2.
328 1178 449 1233 Καὶ
479 1179 788 1251 εὐλογήσω
815 1180 877 1233 τὸ
897 1180 1068 1250 ὄνομά
1102 1199 1195 1234 σου
1231 1185 1309 1246 εἰς
1333 1183 1424 1236 τὸν
1457 1183 1649 1248 αἰῶνα,

230 1268 291 1324 5.
324 1271 450 1322 Καὶ
477 1272 573 1333 εἰς
607 1269 708 1323 τὸν
734 1270 907 1324 αἰῶνα
927 1271 1022 1324 τοῦ
1057 1267 1272 1336 αἰῶνος.

134 1377 142 1396 ε
233 1360 295 1416 4.
333 1357 528 1432 [Βήθ]
565 1360 712 1415 Καθ’
746 1360 983 1430 ἑκάστην
1020 1362 1232 1433 ἡμέραν
1263 1363 1541 1434 εὐλογήσω
1567 1380 1648 1430 σε,

233 1451 298 1507 5.,
330 1451 451 1508 Καὶ
477 1452 708 1507 αἰνέσω
727 1451 794 1505 τὸ.
819 1451 993 1523 ὄνομά·
1022 1469 1117 1507 σου
1140 1455 1220 1517 εἰς
1255 1453 1347 1507 τὸν
1372 1453 1543 1507 αἰῶνα
1563 1492 1580 1520 ,

1097 314 1189 369 DE
1225 311 1505 369 Ti'ruus
1543 313 1993 373 PSALMOBUM.
2033 345 2102 354 --
2139 301 2373 367 PSAL.
2434 277 2641 362 CXLIV.

1825 435 1872 490 Α
1971 427 2058 481 51.
2093 427 2266 481 Boves
2303 423 2508 476 eorum
2550 435 2762 480 crassae.

3346 318 3482 376 1510

1968 518 2060 571 32.
2103 516 2222 570 Non
2258 520 2352 570 est
2398 510 2554 569 ruina
2588 517 2857 583 maceriae,
2890 534 3066 588 neque
3101 519 3406 576 transitus:

1966 609 2056 662 55.
2092 608 2278 678 Neque
2306 605 2522 662 clamor
2547 609 2600 662 in
2627 611 2819 679 plateis
2848 623 3057 664 eorum.

1967 699 2056 753 54.
2099 698 2325 753 Beatum
2353 695 2610 753 dixerunt
2638 701 2920 769 populum,
2954 701 3043 754 cui
3071 701 3184 754 haec
3207 709 3371 754 sunt:

1966 791 2056 846 55.
2098 791 2300 847 Beatus
2345 791 2617 860 populus,
2658 793 2816 861 cujus
2868 791 3134 846 Dominus
3164 791 3306 846 Deus
3335 791 3476 860 ejus.

2111 904 2373 958 Laudatio
2414 906 2514 974 ipsi
2553 905 2744 958 David.
2781 903 2983 958 PSAL.
3013 903 3265 959 CXLIV.

1973 999 2025 1054 l.
2063 998 2282 1070 [Alephj
2321 998 2584 1054 Exaltabo
2619 1009 2690 1064 te,
2719 997 2862 1053 Deus
2897 1014 3055 1054 meus
3093 1015 3190 1054 rex
3247 1013 3401 1052 meus
3431 1013 3446 1053 :

1964 1174 2020 1228 2.
2067 1176 2131 1229 Et
2161 1175 2478 1229 benedicam
2510 1175 2718 1229 nomini
2760 1183 2852 1229 tuo
2887 1175 2941 1228 i‘u
2973 1175 3264 1239 saeculum,

1969 1268 2023 1321 3.
2067 1268 2131 1320 Et
2169 1268 2223 1320 in
2266 1268 2521 1322 saeculum
2555 1268 2761 1322 saeculi.

1969 1356 2023 1410 4.
2067 1354 2250 1428 [Beth]
2271 1355 2372 1410 Per
2398 1356 2643 1425 singulos
2668 1356 2784 1410 dies
2807 1357 3121 1411 benedi‘cam
3153 1354 3248 1410 tib‘

1969 1447 2023 1502 5.
2063 1448 2131 1504 Et
2168 1449 2403 1503 laudabo
2441 1464 2641 1503 nomen
2683 1457 2835 1503 tuum
2876 1449 2930 1501 in
2971 1448 3226 1503 saeculum
3251 1487 3265 1511 ,

1330 1560 1711 1618 ATHANASII
1746 1557 2345 1615 INTERPRETATIO.
2420 1620 2422 1622 τ

234 1674 332 1729 51.
362 1676 435 1729 Οἱ
467 1675 800 1731 διδάσκαλοι
824 1677 1002 1732 αὐτῶν
1031 1679 1412 1743 σπαταλῶντες
1442 1680 1500 1733 ὲν
1544 1681 1666 1742 ταῖς
1701 1679 1786 1730 εὑ·
1815 1684 1830 1738 ]

1959 1675 2048 1730 51.
2086 1673 2332 1744 Magistri
2376 1689 2569 1729 eorum
2611 1674 2956 1729 luxuriantes
3009 1675 3064 1727 in
3120 1673 3478 1728 comessatio-

168 1766 372 1836 ωχίαις
391 1766 626 1833 αὑτῶν,
649 1769 745 1821 καὶ
764 1769 1228 1840 μεγαλαυχοῦντες
1240 1769 1381 1824 κατὰ
1394 1769 1494 1840 τῆς
1511 1769 1790 1841 ἀληθείας.

1939 1765 2060 1820 ibus
2087 1765 2228 1827 suis,
2259 1772 2315 1820 et
2343 1765 2640 1834 gloriantes
2677 1773 2867 1818 contra
2894 1764 3194 1817 veritatem.

241 1855 337 1908 52.
378 1854 515 1908 Οὐκ
546 1855 672 1909 ἐστι
700 1856 824 1910 τινὰ
855 1859 1119 1928 ὲπιμῆναι
1136 1860 1250 1921 τοῖς
1280 1859 1554 1930 κτήμασιν
1585 1859 1787 1922 αὑτῶν,

1967 1856 2058 1913 '52.
2098 1855 2220 1910 Non
2274 1865 2360 1912 est
2415 1857 2508 1926 qui
2559 1856 2941 1926 possessiones
2999 1869 3188 1908 eorum
3234 1853 3474 1919 invadat,

170 1945 296 1998 οὐδὲ
330 1947 661 2018 παρελθεῖν
694 1950 907 2014 ἑαυτοῖς
927 1969 941 1982 ·
975 1950 1123 2023 πάσῃ
1159 1951 1267 2021 γὰρ
1302 1950 1515 2022 φυλακῇ
1561 1949 1792 2022 τηροῦν-

1935 1959 2073 2015 eque
2109 1961 2204 2002 eas
2249 1955 2640 2019 pertranseat:
2675 1945 2826 2001 omni
2873 1945 3019 2000 enim
3068 1944 3313 1998 custodia
3356 1960 3474 2000 ser-

170 2053 285 2089 ται.

1934 2045 2114 2091 antur.

245 2127 340 2180 55.
376 2128 529 2181 Οὑδὲ
577 2147 703 2182 τινα
725 2128 990 2202 τολμῆσαι
1027 2132 1084 2185 ὲν
1112 2135 1230 2195 ταῖς
1258 2131 1332 2203 (1)
1358 2131 1552 2195 οἰκίαις
1577 2131 1755 2184 αὑτῶν
1775 2147 1788 2161 ⁸

1966 2128 2055 2182 ⁸55.
2089 2127 2273 2199 Neque
2306 2129 2577 2199 quispiam
2631 2129 2685 2182 in
2735 2144 2924 2182 eorum
2970 2127 3223 2182 domibus
3269 2126 3477 2196 aliquid

173 2219 453 2272 τοσοῦτον
477 2220 659 2288 φόϐον
691 2221 926 2291 ἔχουσιν.

1934 2221 2080 2284 udet,
2125 2221 2260 2275 adeo
2294 2221 2418 2275 illos
2451 2237 2642 2275 omnes
2674 2221 2889 2275 timent.

246 2310 342 2364 54.
378 2311 498 2365 Καὶ
547 2313 739 2367 λοιπὸν
767 2315 817 2366 οἱ
845 2315 1119 2386 ἄνθρωποι
1144 2315 1508 2386 ὲμακάρισαν,
1543 2309 1587 2384 ᾧ
1619 2316 1793 2371 ταῦτα

1965 2316 2053 2368 5i.
2091 2315 2158 2370 Et
2208 2316 2428 2370 demum
2474 2317 2693 2370 beatum
2747 2316 3001 2369 homines
3050 2315 3340 2379 dixerunt,
3385 2313 3474 2367 cui

179 2400 438 2472 ὑπῆρξεν

1934 2407 2024 2459 ilia
2055 2417 2202 2462 sunt.

254 2495 351 2549 55.
391 2496 557 2570 Ἐξγω
589 2497 646 2551 δὲ
671 2497 815 2565 λέγω
841 2514 854 2526 ⁸
888 2499 1173 2566 Μακάριος
1201 2501 1229 2551 6
1259 2499 1407 2563 λαὸς,
1451 2491 1512 2552 οὗ
1543 2499 1740 2572 Κυριος
1764 2504 1793 2554 6

184 2583 320 2650 Θεὸς
355 2590 566 2653 αὐτοῦ,
607 2589 836 2652 πλοῦτος
863 2591 1027 2643 αὑτοῦ
1068 2593 1163 2644 καὶ
1202 2593 1327 2657 δόξα
1381 2593 1639 2663 ὑπάρχων
1693 2593 1785 2663 (‘2).

188 2675 297 2731 Καὶ
331 2679 524 2743 ἄλλως
557 2680 617 2732 δὲ
645 2680 760 2733 ἔστι
791 2679 1064 2752 θεωρῆσαι
1096 2683 1226 2746 τοὺς
1255 2686 1645 2755 προκειμένους
1681 2686 1794 2739 στί-

190 2781 323 2836 χους
359 2767 536 2822 πάλιν
578 2770 659 2831 είς
689 2770 814 2832 τοὺς
844 2771 1032 2838 ἁγίους
1054 2773 1218 2825 αὑτοῦ
1243 2789 1255 2801 ·
1287 2774 1498 2827 ὅτιτῶν
1539 2777 1634 2844 μὲν
1673 2777 1792 2830 δαι-

195 2853 380 2920 μόνων
410 2859 484 2910 τὰ
523 2860 776 2930 πρόϐατα
811 2862 903 2912 καί
935 2863 983 2912 οἱ
1013 2861 1133 2929 βόες
1172 2865 1302 2928 εἰσὶ,
1333 2864 1475 2917 καθὰ
1501 2867 1796 2935 ἑρμηνεύε-

1934 2878 2204 2918 :emonum
2244 2865 2464 2934 quidem
2507 2880 2637 2919 oves
2664 2903 2678 2929 ,
2719 2873 2774 2918 et
2809 2865 2974 2918 boves
2998 2871 3145 2927 sunt,
3173 2862 3473 2916 secundum

196 2961 286 2998 ται
321 2951 457 3019 περὶ
491 2951 676 3003 αὑτῶν
699 2969 712 2980 ·
738 2954 794 3004 ἐν
823 2953 880 3004 δὲ
900 2955 1013 3014 τοῖς
1044 2953 1273 3017 δικαίοις
1320 2957 1420 3008 οὐκ
1459 2955 1540 3008 ἔτι
1571 2958 1670 3026 τὴν
1706 2958 1793 3027 βο-

1938 2958 2040 3009 uod
2096 2959 2386 3027 allegorice
2436 2958 2503 3012 de
2557 2957 2692 3026 ipsis
2725 2957 3175 3025 interpretantur.
3212 2955 3271 3008 ln
3306 2954 3472 3022 justis

199 3036 392 3106 ήθειαν
409 3039 613 3111 [βόσκη
624 3040 721 3112 μα]
745 3043 922 3094 αὑτῶν
947 3043 1340 3114 παλαιωθῆναι.
1365 3047 1458 3100 καὶ
1475 3051 1659 3099 πεσεῖν
1679 3048 1791 3118 [βό-
1819 3039 1830 3086 ⁴

1934 3055 2076 3100 utem
2122 3063 2230 3101 non
2277 3049 2512 3116 amplius
2555 3047 2815 3101 auxilium
2851 3044 3063 3118 [pecus]
3108 3061 3296 3099 eorum
3329 3053 3474 3097 vete-

202 3129 388 3200 σκειν]
425 3148 438 3159 ⁸
469 3133 627 3184 οὐδὲν
659 3133 766 3204 γὰρ
804 3134 1177 3203 ὑπερηφανίας
1196 3136 1252 3188 ἐν
1278 3139 1395 3200 ταῖς
1415 3137 1676 3202 διανοίαις
1701 3142 1794 3195 αὑ-

1934 3153 2156 3200 ascere,
2192 3147 2245 3190 et
2271 3137 2470 3191 cadere
2507 3134 2810 3208 {pascere};
2845 3135 2989 3188 nulla
3037 3136 3180 3188 enim
3219 3133 3472 3202 superbia

198 3220 308 3276 τῶν
337 3239 351 3251 ⁸
387 3224 741 3295 ἐμακάρισαν
790 3229 846 3280 αἰ
882 3227 921 3278 Γ
927 3229 1125 3297 ραφαὶ,
1155 3220 1200 3294 ᾧ
1230 3229 1403 3282 ταῦτα
1439 3231 1674 3302 ὑπάρχει
1713 3233 1795 3286 λέ-

1937 3249 1951 3283 l
1994 3231 2268 3283 mentibus
2309 3245 2535 3294 eorum;
2577 3229 2792 3282 beatum
2841 3227 3098 3281 dixerunt
3150 3223 3468 3294 Scriptura,

203 3327 418 3378 γουσαι·
453 3315 759 3385 Μακάριος
787 3319 820 3372 ὁ
846 3317 1015 3384 λαὸς,
1033 3314 1102 3375 οὗ
1133 3320 1347 3390 Κύριος
1373 3325 1405 3376 o'
1423 3323 1566 3390 Θεὸς
1581 3324 1789 3379 αὑτοῦ.

1934 3318 1982 3373 ui
2014 3318 2128 3372 haec
2160 3325 2308 3381 sunt,
2339 3316 2586 3371 dicentes
2617 3332 2632 3370 :
2670 3313 2863 3368 Beatus
2895 3311 3118 3383 populus
3139 3353 3154 3380 ,
3185 3312 3337 3375 cuius
3365 3310 3474 3362 Do-

1965 2496 2059 2550 55.
2092 2496 2206 2566 Ego
2229 2507 2410 2552 autem
2438 2498 2562 2553 dico
2593 2516 2606 2552 :
2636 2497 2839 2554 Beatus
2872 2499 3104 2569 populus
3126 2539 3140 2562 ,
3183 2498 3340 2565 cujus
3364 2494 3474 2548 Do-

1895 2587 2079 2643 minus
2111 2588 2254 2644 Deus
2299 2591 2418 2659 ejus
2455 2590 2656 2644 divitiaz
2703 2591 2876 2659 ipsius
2922 2599 2975 2643 et
3018 2589 3188 2659 gloria
3233 2585 3470 2641 exsistit.

1895 2677 1962 2732 Et
2011 2682 2169 2734 aliter
2221 2681 2383 2735 etiam
2440 2681 2765 2751 przepositos
2813 2697 3005 2734 versus
3054 2679 3342 2749 allegorice
3390 2679 3473 2730 in-

1897 2774 2186 2840 terpretari
2224 2773 2420 2827 iterum
2472 2773 2597 2826 licet
2633 2773 2700 2826 de
2746 2772 2954 2826 sanctis
3005 2772 3124 2840 ejus
3166 2788 3178 2823 :
3213 2769 3472 2838 quoniam

1893 3413 2065 3464 minus
2102 3408 2239 3462 Deus
2274 3407 2408 3476 ejus.

285 3497 354 3550 Ἦ
389 3501 731 3573 προκειμένη
765 3502 1042 3574 ἐπιγραφὴ
1072 3505 1311 3576 περιέχει
1353 3506 1428 3573 (5)
1451 3522 1464 3538 ·
1498 3507 1749 3572 Αἴνεσις
1782 3506 1862 3572 τῷ
1896 3506 2094 3572 Δαϐὶδ,
2147 3505 2394 3557 τουτέστι
2423 3502 2502 3568 τῷ
2539 3501 2725 3561 ἕκανῶ
2758 3502 2833 3573 τῇ
2864 3504 3038 3571 χειρὶ,
3095 3501 3174 3571 τῷ
3219 3499 3333 3570 Υἱῴ
3378 3495 3472 3550 τοῦ

207 3587 343 3644 Θεοῦ
364 3609 377 3621 ⁸
414 3594 581 3648 τοῦτο
604 3595 713 3666 γὰρ
743 3596 1106 3665 ἑρμηνεύεται
1140 3598 1338 3661 Δαϐὶδ,
1367 3598 1442 3661 ὡς
1481 3600 1742 3664 πολλάκις
1767 3601 2090 3671 είρήκαμεν.

278 3682 502 3740 Titulus
534 3686 860 3756 prapositus
883 3688 1129 3742 continet
1161 3705 1176 3742 :
1211 3686 1353 3741 Laus
1372 3687 1568 3753 David,
1605 3691 1710 3745 hoc
1735 3699 1820 3744 est
1850 3705 2009 3743 manu
2041 3688 2194 3756 forti,
2231 3685 2284 3740 id
2307 3695 2392 3741 est
2417 3684 2514 3740 Dei
2543 3683 2681 3740 Filio
2708 3703 2721 3739 :
2757 3686 2830 3739 ita
2881 3685 3026 3739 enim
3083 3685 3472 3753 interpretatur

209 3773 409 3843 bavid,
439 3788 505 3834 ut
532 3780 732 3851 saepius
766 3780 1005 3836 diximus
1036 3779 1139 3852 (ᾖ).

281 3869 333 3924 1.
369 3872 595 3940 Δοξάσω
622 3890 680 3926 σε
703 3915 718 3941 ,
754 3876 782 3927 6
815 3875 946 3938 Θεὸς
989 3875 1064 3945 (4)
1098 3875 1127 3927 6
1161 3874 1416 3945 βασιλεύς
1439 3894 1562 3948 μου,
1595 3878 1622 3928 6
1645 3877 1789 3930 διδά-

215 3958 309 4024 ξας
335 3979 404 4032 με
440 3962 646 4031 γνῶναι
663 3978 678 3993 ⁸
705 3963 767 4016 τὸ
787 3963 896 4036 γὰρ
939 3967 1346 4036 παρακείμενον
1379 3966 1456 4037 τῷ
1483 3970 1650 4037 στίχῳ
1677 3967 1792 4021 ὄνο-

219 4065 292 4118 μα
312 4051 374 4104 τὸ
406 4051 581 4121 Ἀλὲεο
607 4052 966 4122 ἑρμηνεύεται
994 4051 1385 4108 διδασκαλία.

284 4139 338 4194 2.
381 4141 476 4197 Ἐν
496 4143 575 4214 (5)
604 4141 682 4213 τῷ
713 4142 830 4208 νῦν,

285 4230 342 4286 5.
370 4231 478 4286 Καὶ
509 4235 566 4286 ἐν
589 4233 667 4305 τῷ
697 4234 940 4304 μέλλοντι
959 4235 1133 4290 αἰῶνι.

287 4321 342 4377 4.
377 4323 513 4378 Καθ’
539 4327 776 4398 ἑκάστην
805 4327 1003 4399 πρᾶξιν
1033 4328 1127 4381 τοῦ
1155 4329 1331 4398 φωτός
1371 4346 1463 4382 σου
1502 4329 1710 4396 δοξάσω
1733 4347 1794 4382 σε

222 4409 280 4463 ὲν
308 4417 375 4486 τῇ
398 4416 596 4487 καρδίᾳ
633 4435 731 4487 μου
758 4417 834 4489 (6)
859 4435 871 4446 ⁸
899 4419 1058 4472 τοῦτο
1085 4419 1195 4491 γάρ
1236 4419 1388 4490 δηλοῖ
1416 4423 1448 4492 ἡ
1490 4421 1726 4492 συλλαϐὴ
1759 4424 1792 4492 ἡ

226 4508 605 4578 παρακειμένη
650 4508 729 4578 τῷ
768 4509 967 4580 στίχῳ·
1014 4511 1373 4583 ἑρμηνεύεται
1420 4513 1528 4585 γὰρ
1557 4515 1616 4568 τὸ
1644 4515 1791 4583 Βὴθ,

226 4592 410 4665 οῖκος,
445 4601 580 4674 ὅπερ
603 4602 751 4655 ἐστὶν
781 4605 813 4674 ἡ
851 4603 1063 4674 καρδία.

297 4690 354 4744 5.,
380 4693 455 4746 Οὑ
485 4693 734 4767 διαλείψη
763 4693 929 4764 ὕμνος
967 4697 1032 4748 ἐκ
1065 4693 1158 4748 τοῦ
1195 4695 1462 4767 στόματός
1493 4713 1593 4767 μου
1623 4696 1791 4750 ἐκπο-

232 4783 514 4855 ρευόμενος
540 4787 597 4839 ὲν
624 4785 702 4857 (7)
726 4785 802 4856 τῷ
822 4785 916 4839 νῦν
941 4786 1121 4843 αἰῶνι.

1968 3877 2020 3930 1.
2063 3874 2392 3930 Gloriﬁcabo
2423 3883 2511 3938 te,
2541 3871 2686 3928 Deus
2723 3887 2818 3926 rex
2866 3887 3019 3925 meus
3044 3911 3058 3933 ,
3095 3871 3186 3940 qui
3235 3870 3470 3923 docuisti

1895 3982 1983 4021 me
2015 3965 2299 4020 scientiam
2334 3983 2346 4019 :
2377 3980 2502 4018 nam
2529 3978 2726 4018 nomen
2758 3963 2924 4032 Aleph
2949 3964 3127 4017 versui
3169 3962 3470 4032 ascriptum

1895 4055 2284 4124 interpretatur
2319 4055 2583 4106 doctrina.

1967 4147 2022 4200 '2.
2057 4145 2110 4199 lu
2142 4145 2391 4214 praesenti
2417 4186 2433 4211 ,

1969 4240 2025 4296 5.
2064 4239 2128 4293 Ει
2165 4240 2219 4292 in
2268 4239 2451 4292 l'uturo
2485 4238 2703 4292 saeculo.

1970 4330 2024 4384 4.
2071 4329 2386 4385 Secundum
2433 4329 2680 4399 singulas
2717 4327 2962 4383 actiones
2997 4327 3136 4382 lucis
3172 4335 3279 4382 tua:
3305 4326 3464 4395 glori-

1897 4421 2075 4477 ﬁcabo
2107 4433 2158 4476 te
2192 4422 2243 4476 in
2281 4419 2445 4476 corde
2475 4436 2618 4486 meo,
2659 4422 2765 4476 hoc
2794 4421 2937 4474 enim
2963 4419 3233 4490 signiﬁcat
3263 4419 3467 4490 syllaba

1897 4514 2082 4568 versui
2122 4515 2374 4583 apposita
2417 4531 2431 4568 :
2468 4511 2602 4566 Beth
2645 4513 2790 4567 enim
2826 4512 3216 4581 interpretatur
3259 4511 3465 4576 domus,

1895 4620 2018 4676 quae
2050 4612 2134 4658 est
2166 4621 2280 4659 cor.

1968 4696 2027 4751 5.
2065 4695 2183 4750 Non
2218 4695 2455 4750 cessabit
2483 4697 2721 4766 hymnus
2750 4694 3007 4765 prodiens
3039 4709 3106 4749 ex
3136 4709 3230 4748 ore
3253 4708 3374 4748 meo
3409 4693 3464 4746 in

1897 4789 2152 4858 prmsenti
2193 4788 2415 4842 saaculo.

1136 4898 1446 4961 Addenda
1495 4905 1556 4960 et
1608 4899 1987 4978 corrigenda
2042 4916 2116 4958 ex
2153 4899 2294 4961 cod.
2330 4897 2532 4959 Vatic.

405 5003 686 5074 Τολμῆσαι
716 5001 945 5074 λαλῆσαι
972 5005 1030 5057 ὲν
1061 5005 1204 5074 ταῖς,
1239 5011 1344 5074 etc.
1406 5072 1447 5074 η
1770 5072 1779 5074 ς

1972 5003 2048 5072 (4)
2092 5003 2148 5056 Ὀ
2175 5002 2304 5074 Θεός
2341 5019 2460 5072 μου,
2484 5012 2589 5055 etc.
2626 5003 2657 5074 6
2677 5000 2894 5067 διδάξας
2924 5018 2990 5070 με
3010 5001 3207 5068 γνῶσιν
3229 5017 3242 5032 ·
3270 5000 3334 5052 τὸ
3357 4999 3464 5071 γὰρ

297 5072 372 5146 (2)
401 5074 535 5137 Δόξα
576 5072 975 5146 maneat:th
1006 5073 1218 5146 ὅτιτῶν
1238 5073 1341 5146 μὲν
1367 5072 1694 5146 εὐδαιμόνων
1725 5072 1795 5126 τὰ
1897 5073 2397 5146 τῆς-κινναϐάρεως
2420 5073 2844 5146 παρακείμενον,
2879 5083 2979 5125 etc.

232 5140 620 5214 πρόδαταηκαὶ
648 5140 703 5214 αἰ
728 5140 874 5212 βόες,
915 5153 1045 5214 etc.,
1093 5145 1193 5196 οὑκ
1235 5140 1351 5214 ἔστι
1401 5141 1498 5214 τὴν
1524 5140 1792 5214 βοήθειαν
1953 5140 2046 5214 ’(5)
2079 5142 2144 5195 Ν.
2177 5145 2232 5204 ‘2,
2261 5140 2312 5196 3.
2352 5141 2458 5195 Καὶ
2668 5142 2782 5214 νῦν,
2808 5151 2945 5214 εἰς..
2979 5140 3152 5192 αἰῶνι.

229 5209 401 5290 αὑτῶν
432 5208 824 5294 παλαιωδῇναι,
856 5213 948 5266 καὶ
991 5217 1209 5278 πεσεῖν,
1247 5212 1368 5265 οὐδὲ
1406 5208 1662 5281 τελευτὴν
1693 5213 1791 5265 αὑ-
2074 5218 2201 5267 Μου
2226 5215 2396 5273 deest,
2428 5208 2664 5283 συλλαϐὴ
2685 5214 2718 5282 ἡ
2745 5211 2832 5265 διὰ
2867 5211 2966 5282 τῆς
2991 5209 3358 5281 κινναϐάρεως
3389 5208 3464 5280 τῷ

230 5292 333 5333 των
353 5299 365 5312 ⁸
394 5283 480 5335 ἀεὶ
516 5283 632 5336 γὰο.
649 5281 814 5336 ζωσιν
833 5300 847 5314 ⁸
879 5283 999 5335 οὑδὲ
1023 5283 1371 5336 ὑπερηφανία
1399 5283 1458 5335 ὲν
1493 5284 1632 5336 ταῖς.
1650 5291 1755 5336 etc.
1898 5301 1960 5336 στ
1989 5302 2067 5336 γω
2092 5283 2494 5336 παρακειμένη.
2519 5292 2625 5336 etc.

230 5278 365 5355 τῶν-⁸
516 5283 632 5355 γάρ.
649 5278 814 5355 ζῶσιν
833 5300 847 5314 ⁸
879 5283 999 5355 οὐδὲ
1023 5283 1371 5355 ὑπερηφανία
1399 5283 1458 5335 ὲν
1493 5278 1632 5345 ταῖςς
1650 5291 1755 5355 etc.
1898 5278 2494 5355 στίχῳ-παρακειμένη,
2519 5292 2625 5336 etc.

1965 5350 2137 5423 (ΠΝ.
2168 5350 2222 5416 5,
2254 5353 2304 5406 6.
2339 5350 2552 5423 Comm.
2591 5351 2788 5423 unicus
2817 5392 2830 5406 .
2866 5391 2880 5405 .
2920 5350 3064 5423 .-καὶ
3097 5351 3155 5402 ἐν
3191 5366 3242 5402 τ.
3289 5367 3335 5404 ν.
3381 5350 3460 5404 α’.

299 5349 372 5415 (5)
413 5353 476 5424 Ἡ
511 5349 606 5424 διᾷ
635 5354 734 5422 τῆς
771 5349 1143 5424 κινναϐάρεως
1169 5349 1786 5424 περιέχειηθίοηὲεἰρή-

1892 5425 1983 5477 καὶ
2011 5420 2060 5480 ἑ.
2089 5441 2137 5478 τ.
2177 5441 2232 5478 α.
2262 5423 2354 5476 καὶ
2375 5425 2452 5486 εἰς
2470 5421 2569 5485 τὰς
2591 5421 2841 5484 αἰωνίους
2873 5420 3041 5483 αὑλάς
3068 5436 3181 5472 σου.

232 5430 420 5489 καμεν,
451 5422 630 5486 ἱκανὸς
657 5421 821 5495 χειρὶ,
848 5426 983 5496 ὅπερ
1005 5421 1154 5477 ἐστὶν
1178 5426 1207 5477 6
1237 5421 1362 5486 Υίὸς
1387 5421 1479 5475 τοῦ
1505 5421 1657 5475 Θεοῦ.

299 5554 377 5626 (-1-)
402 5557 645 5624 Quatuor
681 5561 922 5630 psalmos
950 5561 1251 5617 secundum
1279 5559 1525 5614 ordinem
1560 5559 1911 5615 Hebraeorum
1945 5559 2184 5630 incipere
2215 5559 2632 5624 elementorum,
2683 5569 2784 5614 etc.
2823 5558 2892 5630 In
2930 5555 3228 5613 centesimo
3249 5555 3460 5630 decimo

234 5634 418 5682 octavo
448 5628 698 5701 psalmo;
718 5632 961 5698 singulas
991 5633 1198 5686 litteras
1231 5632 1411 5701 octoni
1445 5647 1638 5686 versus
1667 5639 1987 5700 sequuntur.
2034 5629 2089 5682 In
2148 5629 2452 5701 centesimo
2506 5628 2931 5701 quadragesimo
2991 5635 3199 5698 quarto
3260 5628 3462 5698 singuli

234 5705 414 5755 versus
431 5697 780 5770 deputantur.
812 5697 960 5759 llier.
995 5704 1048 5759 iu
1073 5702 1243 5773 Epist.
1274 5701 1340 5756 ad
1374 5699 1622 5767 Paulam,
1660 5701 1726 5757 de
1747 5697 2038 5771 interpret.
2075 5700 2306 5772 Alpliab.
2353 5697 2515 5756 llcbr.
