3860 6220
141 385 267 440 1515

1001 386 1088 440 DE
1127 383 1405 440 TITULIS
1443 382 1898 440 PSALMORUM.
1939 412 2005 424 -—
2044 378 2256 437 PSAL.
2307 358 2538 427 CXLlV.

3257 382 3395 436 15ίό

203 507 280 558 16.
317 505 503 576 [Ἥθ]
541 505 645 559 Ka‘v
687 509 753 575 τῇ
782 506 1095 580 δικαιοσύνῃ
1129 525 1220 560 σου
1244 504 1681 575 ἁγαλλιάσονται.

1880 505 1966 559 16.
2001 501 2185 575 [lleth]
2229 498 2298 554 Et
2336 493 2554 566 justitia
2583 510 2670 557 tua
2695 504 3063 559 exsultabuut.

202 597 284 650 17.
315 597 640 669 Οίκτίρμων
673 601 767 654 καὶ
796 599 1042 670 ἐλεήμων
1073 602 1102 652 ὁ
1136 598 1356 670 Κύριος,
1702 617 1714 647 >

200 689 282 742 18.
315 691 695 760 Μακρόθυμος
719 692 812 745 καὶ
845 691 1148 753 πολυέλεος.

199 781 280 834 19.
313 782 575 852 Χρηστὸς
603 781 802 854 Κύριος
829 786 942 845 τοῖς
971 784 1246 852 σύμπασι,

195 873 281 925 20.
300 870 408 923 Καὶ
429 873 480 924 οἱ
499 872 778 943 οίκτιρμοὶ
799 871 960 926 αὐτοῦ
980 872 1070 923 ἐπὶ
1088 873 1264 924 πάντα
1281 870 1352 923 τὰ
1373 871 1510 941 ἔργα
1522 870 1615 924 αὐτ
1625 869 1706 923 οῦ.

194 963 280 1014 21.
313 960 506 1033 [Ἰὼϐ]
541 961 1162 1033 Ἐξομολογησάσθωσάν
1193 979 1293 1025 σοι,
1326 959 1710 1034 Κύριε,πάντα

130 1053 192 1105 τὰ
222 1052 355 1121 ἔργα
392 1067 514 1117 σου,

193 1143 277 1197 22.
313 1144 527 1217 [Χὰμ]
562 1143 670 1196 Καὶ
701 1145 750 1196 οἱ
781 1144 918 1196 ὅσιοί
945 1161 1035 1196 σου
1065 1142 1520 1212 εὐλογησάτωσάν
1553 1159 1632 1196 σε.

190 1234 275 1287 25.
311 1235 484 1298 Δόξαν
516 1235 621 1306 τῆς
651 1234 924 1304 βασιλείας
955 1251 1046 1286 σου
1077 1233 1281 1303 ἐροῦσι,
1345 1277 1350 1280 .

192 1325 279 1378 24.
316 1324 565 1397 [Σαϐέδ]
595 1326 698 1380 Καὶ
725 1326 822 1396 τὴν
851 1323 1164 1378 δυναστείαν
1207 1341 1302 1377 σου
1329 1324 1639 1395 λαλήσουσι.

191 1415 280 1469 25.
309 1417 421 1469 Τοῦ
457 1417 732 1488 γνωρίσαι
776 1419 889 1480 τοῖς
943 1418 1076 1479 υίοϊς
1123 1415 1228 1468 τῶν
1275 1415 1574 1486 ἀνθρώπων
1609 1415 1710 1486 τὴν

127 1507 436 1559 δυναστείαν
464 1525 564 1560 σου
591 1549 604 1569 .

193 1598 279 1650 26.
311 1597 418 1651 Καὶ
453 1598 558 1669 τὴν
598 1598 752 1664 δόξαν
781 1601 880 1670 τῆς
915 1599 1387 1669 μεγαλοπρεπείας
1417 1598 1515 1667 τῆς
1560 1596 1711 1666 βασι-

130 1688 270 1752 λείας
310 1707 426 1743 σου.

194 1781 282 1834 27.
327 1782 391 1833 'H
421 1782 677 1851 βασιλεία
705 1799 796 1834 σου
827 1782 1068 1852 βασιλεία
1091 1781 1311 1841 πάντων
1339 1781 1446 1833 τῶν
1476 1780 1704 1845 αἰώνων,

195 1871 278 1925 28.
312 1871 418 1926 Καὶ
448 1877 483 1944 ἡ
523 1873 810 1928 δεσποτεία
842 1891 934 1927 σου
967 1877 1024 1927 ἐν
1047 1873 1199 1949 πάσῂ
1224 1875 1386 1945 γενεᾷ
1409 1873 1501 1926 καὶ
1523 1873 1704 1942 γενεᾷ.

1890 595 1978 648 17.
2013 594 2303 648 Miserator
2334 595 2390 642 et
2429 587 2734 646 misericors
2759 591 3056 656 Dominus,

1889 688 1976 743 18.
2019 687 2098 758 [Π]
2135 685 2356 740 Patiens
2379 690 2433 737 et
2471 684 2700 739 multutn
2735 685 3070 742 misericors.

1888 779 1974 834 19.
2009 778 2102 850 [7:]
2136 779 2330 834 Suavis
2363 777 2622 833 Dominus
2657 779 2925 834 universis
2948 819 2963 842 ,

1886 872 1978 924 20.
2013 871 2080 925 Et
2107 870 2486 926 miserationes
2505 870 2624 940 ejus
2654 885 2817 938 super
2841 871 3022 925 omnia
3054 886 3217 940 opera
3243 871 3381 940 ejus.

1887 961 1972 1013 21.
2023 960 2195 1032 [Joth]
2249 960 2624 1016 Conﬁteantur
2687 962 2822 1029 tibi,
2876 961 3136 1028 Domine,
3202 966 3382 1019 omnia

1817 1067 1981 1121 Opera
2023 1062 2112 1105 tua
2133 1090 2149 1111 .

1889 1143 1975 1196 22.
2019 1143 2074 1214 [3
2109 1143 2266 1214 Kam]
2302 1142 2366 1196 Et
2392 1143 2565 1197 sancti
2601 1144 2679 1197 tui
2713 1144 3036 1199 benedicaut
3075 1144 3190 1198 tibi.

1885 1236 1974 1291 25.
2012 1237 2252 1290 Gloriam
2283 1237 2432 1305 regni
2472 1237 2548 1289 tui
2574 1235 2788 1300 dicent,

1884 1327 1976 1380 21.
2011 1311 2065 1397 ['7
2091 1326 2290 1397 Sabed]
2331 1326 2396 1379 Et
2429 1327 2723 1395 potentiam
2756 1335 2901 1380 tuam
2933 1327 3244 1397 loquentur.

1885 1418 1974 1471 25.
2005 1417 2074 1471 Ut
2125 1427 2313 1472 notam
2348 1417 2551 1472 faciant
2592 1418 2719 1473 ﬁliis
2763 1419 3045 1473 hominum
3088 1420 3388 1490 potentiam

1817 1519 1964 1563 tuam
1984 1549 1998 1573 ,

2017 1597 2081 1651 Et
2111 1599 2336 1667 gloriam
2368 1599 2782 1668 magniﬁcentia:
2820 1600 2969 1670 regni
2998 1600 3098 1654 tui.

1885 1690 1974 1742 27.
2009 1689 2251 1757 Regnum
2281 1698 2430 1742 tuum
2453 1729 2467 1751 ,
2509 1705 2735 1758 regnum
2763 1691 3007 1745 omnium
3038 1693 3384 1759 saeculorum,

1885 1778 1955 1830 28
2014 1778 2080 1830 Et
2108 1778 2404 1833 dominatio
2428 1786 2540 1844 tua,
2581 1779 2634 1831 in
2667 1779 2816 1832 omni
2856 1782 3204 1850 generatione
3223 1792 3277 1838 et
3299 1799 3391 1854 ge-

1818 1872 2120 1926 neratione.

1261 2089 1638 2146 ATHANASII
1675 2086 2265 2144 INTERPRETATIO.

201 2284 285 2338 16.
339 2287 452 2340 Καὶ
499 2290 568 2357 τῇ
613 2289 925 2358 ἀνατροφῇ,
1056 2288 1367 2360 ἀνετράφης
1413 2288 1486 2358 (-l)
1531 2290 1588 2340 ἐν
1636 2287 1712 2356 τῷ

1887 2287 1973 2342 16.
2023 2286 2090 2342 Ει
2122 2287 2588 2342 conversationem
2613 2326 2628 2353 ,
2681 2301 2791 2356 qua
2839 2295 3194 2342 conversatus
3230 2304 3290 2344 es
3330 2292 3385 2346 in

142 2376 339 2447 κόσμῳ,
381 2378 654 2448 μαθόντες
683 2379 740 2429 ὲν
767 2380 904 2448 αὐτῇ
937 2379 1367 2432 πολιτεύσονται.
1418 2380 1481 2430 'H
1509 2377 1614 2448 γὰρ
1637 2377 1713 2448 τῷ

141 2469 298 2538 στίχῳ
321 2465 713 2540 παρακειμένή
742 2469 1000 2540 συλλαϐὴ,
1031 2471 1066 2540 ἡ
1111 2471 1376 2542 λεγομένη
1425 2471 1569 2536 Χὴθ,
1623 2472 1713 2542 έρ-

145 2559 429 2628 μηνεύεται
464 2561 758 2627 ἔκστασις
790 2582 804 2594 ο
859 2561 1114 2623 ἔκστασις
1146 2561 1254 2632 γὰρ
1287 2557 1420 2631 εἶχε,
1455 2563 1548 2614 καὶ
1601 2560 1712 2630 ἔχει

144 2651 361 2716 πάντας,
407 2655 491 2707 ὅτι
521 2655 640 2706 ἐστὶ
669 2653 821 2719 Θεὸς,
853 2655 945 2708 καὶ
974 2656 1089 2716 τοῖς
1125 2653 1431 2725 ἀνθρώποις
1484 2644 1582 2706 ἐπὶ
1614 2653 1713 2724 τῆς

143 2743 238 2812 γῆς
276 2761 470 2799 συνανε
478 2745 715 2816 στράφη.

207 2836 293 2900 17,
323 2836 412 2892 18.
449 2838 585 2890 Ἀπὸ
615 2837 722 2890 τῶν
746 2834 1107 2906 παθημάτων,
1137 2826 1215 2890 ὧν
1243 2834 1532 2905 ὑπέμεινεν
1573 2833 1711 2905 ὑπὲρ

148 2927 312 2995 ἡμῶν,
343 2929 644 2982 δείκνυται.

210 3018 293 3073 19.
333 3019 566 3088 Ἀγαθὸς
589 3018 793 3089 Κύριος
813 3018 924 3080 τοῖς
951 3019 1117 3071 πᾶσιν
1145 3017 1468 3088 ἀνθρώποις.

207 3111 293 3166 20.
327 3113 433 3168 Καὶ
457 3117 510 3169 οἱ
537 3113 811 3184 οίκτιρμοὶ
845 3113 1011 3165 αὐτοῦ
1039 3113 1133 3164 ἐπὶ
1168 3113 1345 3165 πάντα
1371 3112 1675 3184 ἄνθρωπον.

209 3282 293 3339 21.
342 3287 830 3358 Ἐξομολογήσουσι
861 3287 1061 3352 πάντες
1098 3291 1146 3341 oi
1181 3288 1476 3358 ἄνθρωποι,
1509 3289 1589 3341 ὅτι
1645 3291 1709 3341 σὺ

147 3367 194 3424 εἷ
213 3377 478 3446 κυριεύων
511 3378 728 3432 πάντων
750 3393 766 3409 ο
788 3377 946 3430 τοῦτο
961 3379 1067 3449 γὰρ
1093 3377 1334 3448 βούλεται
1352 3380 1412 3432 τὸ
1442 3378 1518 3449 τῷ
1539 3379 1707 3450 στίχῳ

149 3465 220 3533 (2)
261 3470 669 3541 παρακείμενον
710 3471 878 3542 ὅνομα
925 3470 986 3523 τὸ
1027 3470 1316 3540 λεγόμενον
1356 3469 1514 3535 Ἰὼθ,
1549 3470 1577 3522 ὃ
1622 3473 1711 3541 ἑρ-

151 3559 430 3628 μηνεύεται
464 3563 774 3629 κυριεύων.

1815 2381 2051 2446 mundo,
2107 2382 2410 2436 ediscentes
2472 2380 2527 2434 in
2593 2383 2711 2449 ipsa
2749 2382 2954 2434 vivent.
3001 2379 3135 2435 Nam
3178 2384 3385 2453 syllaba

1814 2471 1992 2524 versui
2033 2472 2301 2540 ascripta,
2338 2485 2460 2540 qua
2518 2471 2720 2525 dicitur
2774 2471 2960 2533 Cheth,
2999 2472 3387 2542 interpretatur

1812 2570 1996 2628 stupor
2029 2575 2046 2610 :
2072 2569 2263 2629 stupor
2289 2560 2434 2613 enim
2468 2560 2690 2624 habuit,
2722 2569 2776 2614 et
2817 2561 2977 2614 habet
3003 2576 3215 2627 omnes,
3240 2564 3386 2631 quod

1812 2649 1954 2706 Deus
1992 2662 2076 2707 est
2101 2692 2116 2718 ,
2156 2660 2210 2706 et
2247 2668 2374 2706 curn
2414 2651 2726 2706 hominibus
2755 2651 2811 2704 in
2845 2661 2989 2706 terra
3020 2662 3384 2710 conversatus

1810 2752 1913 2798 est.

1881 2834 1970 2895 17,
2013 2833 2097 2888 18.
2142 2834 2219 2890 Ex
2261 2836 2328 2892 iis
2367 2852 2490 2906 qua:
2526 2851 2626 2908 pro
2653 2837 2810 2892 nobis
2848 2853 3045 2907 passus
3077 2847 3181 2905 est,
3210 2848 3390 2896 osten-

1811 2925 1980 2981 ditur.

1880 3017 1966 3071 19.
2010 3018 2194 3074 Bonus
2228 3019 2489 3074 Dominus
2520 3035 2647 3089 erga
2683 3035 2874 3074 omnes
2915 3021 3188 3076 homines.

1879 3109 1970 3165 20.
2007 3111 2072 3164 Et
2110 3110 2490 3165 miserationes
2545 3110 2664 3178 ejus
2719 3125 2874 3180 super
2937 3125 3158 3164 omnem
3209 3109 3386 3164 homi-

1811 3215 1931 3254 nem
1944 3241 1956 3254 .

1879 3300 1966 3353 21.
2005 3299 2416 3354 Conﬁtebuntur
2465 3313 2655 3353 omnes
2695 3298 2982 3363 homines,
3026 3298 3285 3368 quoniam
3326 3308 3386 3352 tu

1809 3406 1867 3446 es
1906 3392 2216 3447 deminator
2249 3393 2525 3456 omnium;
2578 3391 2682 3446 hoc
2745 3392 2890 3444 enim
2960 3391 3228 3459 signiﬁcat
3290 3407 3388 3443 no-

1812 3497 1937 3536 men
1968 3481 2097 3536 Joth
2131 3483 2312 3536 versui
2342 3482 2660 3551 ascriptum,
2703 3481 2849 3550 quod
2879 3483 3269 3550 interpretatur
3293 3482 3388 3532 do-

1814 3589 2044 3626 nunans.

209 3648 295 3704 22.
332 3651 439 3706 Καὶ
474 3655 523 3706 οἱ
553 3653 627 3724 τῷ
668 3653 936 3724 πνεύματι
969 3652 1186 3717 ζῶντες,
1228 3651 1321 3704 καὶ
1365 3652 1440 3721 (5)
1481 3637 1712 3707 κοπιῶν-

1883 3664 1972 3716 2-2.
2011 3664 2076 3717 Et
2117 3664 2309 3733 spiritu
2345 3664 2619 3727 viventes,
2661 3670 2715 3716 et
2753 3661 3065 3716 laborantes
3101 3661 3155 3714 in
3203 3662 3385 3730 operi-

149 3755 230 3803 τες
264 3743 321 3796 ἐν
347 3749 464 3809 τοῖς
489 3745 670 3817 ἔργοις
698 3747 796 3818 τῆς
839 3745 1180 3815 δικαιοσύνης
1207 3743 1486 3810 δοξάσουσί
1521 3763 1596 3800 σε.
1637 3745 1711 3798 Τὸ

150 3831 247 3897 γὰρ
267 3833 342 3904 τῷ
366 3836 534 3905 στίχῳ
549 3837 952 3907 παρακείμενον
976 3834 1104 3904 Χὰμ
1126 3834 1488 3904 ἑρμηνεύεται
1505 3835 1706 3904 θέρμη,

150 3925 235 3976 καὶ
262 3924 468 3996 [κόπον
490 3927 508 3999 ]
536 3929 705 3999 ὅμως,
739 3928 983 3981 τουτέστι
1006 3929 1065 3980 τὸ
1093 3928 1291 3998 θερμὸν
1327 3928 1426 3996 τῆς
1453 3926 1705 3992 πίστεως,

150 4016 235 4068 καὶ
261 4019 515 4073 ἐπίπονον
534 4011 650 4073 ubi"
665 4020 833 4089 ἁγίων
861 4019 1092 4073 ἐνταῦθα
1117 4019 1285 4089 δηλοῖ.

210 4105 296 4170 25,
326 4108 412 4164 24.
451 4109 553 4162 Καὶ
581 4110 678 4180 τὴν
713 4108 928 4163 αἰώνιον
960 4109 1180 4162 κόλασιν
1213 4107 1571 4177 ἀναγγελοῦσι
1596 4123 1610 4139 ·
1651 4107 1712 4160 τὸ

152 4194 248 4265 γὰρ
299 4202 704 4271 παρακείμενον
740 4200 896 4253 τοῦτο
947 4201 1098 4271 δηλοῖ
1135 4200 1249 4272 (4),
1305 4200 1490 4270 ἐπειδὴ
1539 4201 1712 4271 ἑρμη-

153 4285 350 4343 νεύεται
377 4292 572 4361 Σαμὲς
602 4291 858 4364 [Λαμέδ]
891 4292 1127 4359 ῥάϐδος,
1153 4293 1394 4344 τουτέστι
1413 4292 1710 4358 ,βάσανοςο

213 4463 300 4530 25,
342 4469 429 4522 26.
459 4469 534 4538 (5)
584 4467 691 4522 Τοῦ
748 4470 986 4538 σημᾶναι
1037 4471 1168 4522 πᾶσι
1229 4469 1328 4540 τὴν
1384 4469 1563 4541 κρίσιν
1617 4468 1714 4538 τῆς

154 4561 440 4626 παρουσίας
484 4577 599 4623 σου,
647 4560 742 4613 καὶ
785 4559 882 4630 τὴν
933 4560 1285 4613 ἀνταπόδοσιν
1323 4558 1430 4612 τῶν
1483 4559 1714 4612 αἰωνίων

154 4645 359 4714 ἀγαθῶν
395 4655 452 4706 ὲν
477 4655 541 4723 τῇ
571 4652 816 4723 βασιλείᾳ
842 4669 952 4705 σου.

216 4738 300 4792 27.
350 4742 728 4814 Ἀτελεύτητος
753 4785 768 4810 ,

218 4829 301 4884 28.
343 4832 448 4886 Καὶ
471 4836 565 4886 ἐπὶ
585 4835 711 4897 τοὺς
737 4835 1136 4896 πιστεύσαντας
1160 4831 1237 4901 τῷ
1265 4831 1406 4901 λόγῳ
1425 4833 1518 4885 τοῦ
1542 4833 1715 4902 Εὐαγ-

158 4918 345 4990 γελίου,
382 4926 478 4977 καὶ
499 4926 591 4978 ἐπὶ
617 4927 743 4990 τοὺς
780 4927 854 4995 μὴ
891 4924 1308 4989 πιστεύσαντας.

1815 3755 1918 3809 bus
1942 3753 2168 3823 justitiae
2202 3754 2582 3824 gloriﬁcabunt
2611 3762 2679 3806 te.
2710 3750 2845 3805 Nam
2878 3751 3045 3806 Citam
3071 3751 3254 3805 versui
3294 3766 3387 3819 ap-

1817 3847 2055 3916 positum
2100 3845 2486 3915 interpretatur
2513 3844 2661 3898 calor
2681 3854 2734 3898 et
2765 3843 2935 3910 labor,
2971 3843 3074 3897 hoc
3106 3852 3208 3905 est,
3240 3843 3387 3896 calo-

1813 3950 1928 3990 rem
1966 3935 2129 4001 ﬁdei,
2171 3944 2226 3989 et
2267 3935 2505 3989 laborem
2568 3943 2884 3989 sanctorum
2930 3934 2983 3987 in
3035 3934 3139 3988 hoc
3178 3934 3386 3989 mundo

1808 4026 2093 4098 signiﬁcat.

1877 4118 1970 4185 2'5,
2010 4117 2100 4170 24.
2137 4117 2204 4170 Ει
2239 4127 2502 4171 aeternum
2557 4118 2882 4188 supplicium
2932 4117 3335 4171 aununtiabunt
3370 4136 3381 4172 :

1809 4223 2006 4263 nomen
2060 4209 2328 4280 siquidem
2382 4204 2680 4278 ascriptum
2736 4211 2839 4264 hoc
2895 4209 3206 4279 signiﬁcat,
3256 4209 3386 4278 quia

1812 4296 1994 4352 Sames
2037 4297 2280 4371 [Lamed]
2317 4300 2703 4370 interpretatur
2752 4302 2936 4370 virga,
2998 4301 3103 4356 hoc
3143 4309 3228 4356 est
3267 4317 3387 4354 cru-

1812 4391 1982 4441 ciatus
2011 4405 2027 4440 :

1882 4475 1974 4534 25,
2005 4475 2092 4529 26.
2121 4474 2192 4530 Ut
2245 4476 2550 4547 signiﬁcent
2591 4478 2845 4534 omnibus
2885 4478 3151 4548 judicium
3185 4479 3388 4534 adven-

1813 4574 1901 4620 tus
1933 4567 2050 4632 tui,
2100 4575 2154 4622 et
2200 4569 2611 4622 retributionem
2657 4577 2984 4624 aeternorum
3018 4569 3287 4624 bonorum
3332 4571 3386 4624 iu

1812 4673 1979 4727 regno
2012 4669 2123 4712 tuo.

1881 4747 1970 4800 27.
2004 4746 2131 4803 Sine
2162 4751 2266 4802 ﬁne
2285 4789 2299 4812 ,

1887 4835 1976 4889 28.
2015 4837 2080 4890 Ει
2118 4852 2278 4907 super
2327 4854 2516 4894 omnes
2559 4839 2847 4895 credentes
2877 4839 3042 4894 verbo
3086 4839 3385 4910 Evangelii,

1747 4940 1791 4996 ι)
1817 4935 1870 4981 et
1899 4943 2061 4997 super
2086 4943 2193 4982 non
2221 4932 2522 4986 credentes.

1060 5129 1366 5191 Addenda
1418 5135 1478 5190 et
1509 5130 1884 5207 corrigenda
1915 5148 1995 5192 ex
2049 5131 2417 5194 cod.Vatic.

224 5335 294 5406 (1)
343 5341 706 5410 Ἀναστροφῇ,
751 5332 1202 5410 ᾗᾲνεᾼστρὰφης,
1261 5347 1365 5391 etc.
1401 5336 1715 5410 πολιτεύον-

224 5355 294 5406 ιι)
346 5355 535 5393 Ἀναστ
573 5355 675 5410 0sz}
693 5380 706 5401 ,
759 5396 766 5410 ι
818 5355 1162 5406 ανεστραφης
1189 5378 1202 5398 ,
1261 5355 1365 5391 etc.
1406 5355 1710 5389 πολιτευον-

159 5418 260 5481 ’ξεν-⁸,
288 5419 414 5475 etc.,
438 5357 693 5481 culfab'ﬁ,
720 5355 857 5478 ήτδιὰ
871 5408 1420 5481 τῆςκινναεάρεῳςζὴ
1445 5407 1710 5481 λεγομένη

313 5471 440 5541 etc.,
464 5481 555 5532 καί
573 5471 686 5549 ἔχει
715 5471 944 5539 πάντας,
969 5479 1048 5530 ὅτι
1071 5479 1200 5540 Θεὸς
1213 5471 1318 5529 ’ἐπὶ
1337 5471 1437 5546 τῆς
1468 5471 1712 5548 γῆς’τοῖς

160 5542 450 5619 ἀνθρώποις
477 5542 937 5619 συνανεστράφης.

223 5565 450 5669 υξωποις
477 5565 937 5619 συνανεστραφης.

223 5617 239 5684 (
280 5630 295 5685 )
329 5620 399 5672 Τὸ
426 5619 512 5673 διὰ
545 5619 645 5687 τῆς
693 5618 1058 5687 κινναϐάρεως
1093 5633 1171 5685 τῳ
1205 5616 1390 5687 στίχῳ,
1418 5623 1546 5680 etc.,
1567 5615 1706 5669 Ἰώθ·

164 5681 504 5758 ἑρμηνεύεται
543 5681 652 5758 γάρ
686 5681 972 5758 κυριεύων.

1819 5341 2058 5462 νονόΧὰμ
2085 5342 2444 5412 ἑρμηνεύεται
2463 5343 2660 5412 Θέρμη,
2689 5344 2781 5394 καὶ
2797 5343 2963 5412 ὅμως,
2989 5352 3120 5408 etc.;
3151 5344 3252 5412 leg.
3275 5343 3387 5397 vid.-

1819 5429 1905 5462 ιυμ
1939 5429 1980 5462 ς.

1815 5429 1860 5463 ω
1869 5429 1980 5463 μσς.

1867 5429 2066 5547 ἕίὲῖιτὺ
2089 5481 2196 5552 γὰρ
2241 5482 2318 5551 τῷ
2358 5483 2522 5552 στίχῳ
2565 5482 2965 5551 παρακείμενον
3003 5483 3170 5552 ὄνομα
3231 5484 3394 5537 τοῦτον
3459 5518 3463 5522 -

1813 5551 1978 5622 δηλοῖ,
1999 5563 2127 5622 etc.,
2167 5551 2525 5622 ἑρμηνεύεται
2548 5553 2604 5605 τὸ
2621 5553 2791 5604 Σαϐὲδ
2832 5552 3044 5622 ῥάϐδος,
3069 5565 3170 5606 etc.

1885 5623 1960 5694 (75)
2010 5621 2072 5673 N.
2129 5621 2219 5685 25,
2252 5623 2380 5690 Τοῦ,
2433 5636 2563 5691 etc.,
2610 5625 2709 5694 τῆς
2758 5621 3004 5689 ἐξουσίας
3043 5639 3154 5680 σου·
3190 5622 3251 5676 N-
3289 5623 3383 5692 θεν

1811 5693 1917 5748 Καὶ
1948 5700 2062 5762 τήν,
2102 5702 2208 5748 etc.

226 5754 296 5826 (ὅ)
349 5754 587 5825 Ζέοντες,
621 5754 730 5824 καί,
760 5754 864 5814 etc.
889 5800 901 5824 ,
940 5756 1359 5828 παρακείμενον,
1393 5755 1452 5808 τὸ
1481 5754 1707 5824 λεγόμε-
1813 5773 1815 5777 '
