3860 6220
473 340 613 396 1⁷515

1316 332 1376 387 S.
1415 330 1787 385 ATHANASH
1829 328 1980 383 OPP.
2023 327 2206 382 PARS
2243 326 2331 384 lll.
2365 357 2436 367 --
2461 326 2872 382 EXEGETICA.

3587 323 3721 380 1516

541 448 630 504 29.
664 445 736 519 [D
763 445 889 501 Sam
914 445 1014 517 (1)]
1038 445 1240 500 Fidelis
1269 442 1534 498 Dominus
1561 443 1616 496 in
1647 440 1901 496 omnibus
1935 457 2048 495 vcr-
2075 493 2083 503 ,

2218 440 2306 493 29.
2341 438 2536 510 [Σάμ]
2569 440 2763 502 Πιστὸς
2793 437 2990 509 Κύριος
3022 439 3077 490 ὲν
3097 439 3232 491 πᾶσι
3255 438 3369 500 τοῖς
3399 436 3578 505 λόγοις
3625 435 3720 489 αύ-

471 543 558 597 bis
597 541 739 604 suis,

541 632 631 688 50.
667 631 732 684 Ει
757 637 981 684 sanctus
1011 627 1065 682 in
1093 627 1347 682 omnibus
1381 625 1644 695 operibus
1673 624 1811 678 suis.

543 724 631 776 51.
670 721 731 794 [D
775 719 940 792 Kam]
995 718 1206 774 Allevat
1264 717 1532 770 Dominus
1568 731 1759 769 omnes
1803 713 1896 783 qui
1929 727 2051 766 cor-

473 826 675 879 ruunt,

543 905 632 958 52.
666 903 733 956 Et
757 902 914 972 erigit
938 917 1127 955 omnes
1159 901 1343 955 elisos.

543 997 633 1051 55.
675 995 735 1067 [ν
761 995 886 1066 Mei]
916 993 1071 1049 Oculi
1100 994 1342 1047 omnium
1374 992 1428 1045 in
1466 1001 1516 1044 te
1552 999 1806 1060 sperant,

543 1087 631 1141 54.
667 1086 732 1138 Ει
769 1096 822 1140 tu
866 1088 963 1140 das
997 1100 1180 1139 escam
1221 1085 1438 1137 illorum
1483 1083 1537 1135 in
1572 1093 1817 1150 tempore
1856 1095 2054 1151 oppor-

473 1188 606 1233 tuno
641 1177 844 1249 [escam
880 1178 958 1232 eis
994 1176 1332 1245 temporibus
1368 1173 1746 1245 opportunis].

545 1270 633 1324 55.
665 1269 725 1340 [5
755 1269 888 1340 ΡΙιεῖ
928 1269 1122 1338 Aperis
1173 1277 1228 1320 tu
1276 1284 1498 1320 manum
1559 1273 1826 1330 tuam,'et
1865 1264 2054 1334 imples

475 1376 636 1417 omne
667 1362 870 1416 animal
902 1360 1303 1415 benedictione.

2147 529 2267 592 τοῦ,

2217 622 2304 674 50.
2341 619 2445 673 Kal.
2477 622 2622 683 ὅσιος
2647 622 2704 672 ὲν
2733 622 2868 672 πᾶσι
2899 622 3011 682 τοῖς
3036 618 3217 691 ἔργοις
3249 620 3436 673 αὐτοῦ.

2218 698 2306 766 51.
2342 712 2542 784 [Χάμ]
2579 711 2960 782 ’Υποστηρίζει
2998 711 3196 784 Κύριος
3224 712 3435 776 πάντας
3460 712 3588 774 τοὺς
3627 728 3722 764 κα-

2148 805 2516 868 ταπίπτοντας
2533 845 2548 868 ,

2223 898 2312 951 52.
2342 896 2446 950 Kal
2476 896 2693 966 ἀνορθοῖ
2721 897 2928 960 πάντας
2955 896 3082 959 τοὺς
3112 896 3618 968 κατεῤῥαγμένους.

2223 989 2312 1042 55.
2349 988 2366 1060 [
2389 988 2529 1059 Mei]
2557 990 2619 1040 Οἱ
2647 987 2912 1058 ὀφθαλμοὶ
2939 988 3155 1042 πάντων
3182 990 3263 1051 είς
3286 990 3344 1041 σὲ
3368 987 3671 1052 ἐλπίζουσι,

2222 1079 2310 1132 54.
2346 1079 2450 1132 Καὶ
2482 1080 2545 1131 σὺ
2589 1079 2745 1142 δίδως
2767 1079 2863 1149 τὴν
2897 1080 3101 1151 τροφὴν
3139 1081 3317 1134 αὐτῶν
3369 1083 3428 1134 ὲν
3474 1079 3727 1152 εὐκαιρίᾳ

2151 1169 2173 1242 ἱ
2196 1173 2378 1234 αὐτοῖς
2410 1173 2466 1222 ὲν
2489 1170 2790 1239 εὐκαιρίαις
2813 1169 2832 1241 ]
2860 1186 2873 1198 ·

2224 1263 2312 1316 55.
2343 1260 2496 1332 [Φή]
2539 1260 2803 1328 Ἀνοίγεις
2844 1261 2908 1314 σὺ
2947 1262 3044 1334 τὴν
3069 1262 3229 1336 χεῖρά
3265 1281 3382 1329 σου,
3427 1282 3527 1319 και
3562 1266 3727 1336 ὲμπι-

2155 1352 2295 1422 πλᾷς
2334 1352 2442 1403 πᾶν
2473 1349 2610 1413 ζῶον
2640 1349 2904 1413 εὐδοκίας.

1604 1494 1983 1550 ATHANASll
2019 1488 2600 1546 INTERPRETATIO.

544 1615 632 1669 29.
669 1613 840 1667 Verax
863 1655 876 1672 .
908 1613 1096 1668 ﬁrmus
1118 1653 1131 1676 ,
1167 1614 1523 1668 immutabilis
1553 1614 1606 1666 in
1638 1615 1738 1677 iis,
1771 1632 1892 1685 qua:
1920 1615 2052 1669 deft-

2222 1609 2308 1663 29.
2355 1607 2607 1678 Ἀληθὴς,
2644 1607 2876 1679 ἑδραῖος,
2922 1609 3339 1681 ἀμετακίνητος,
3383 1611 3472 1680 ἐφ’
3503 1609 3587 1675 οἷς
3612 1612 3736 1685 ὥρι-

475 1706 612 1758 nivit
662 1705 715 1756 in
755 1704 1000 1770 judicio;
1056 1703 1160 1756 hoc
1193 1704 1336 1757 enim
1385 1705 1655 1772 significat
1683 1705 1908 1775 syllaba,
1933 1720 2053 1774 quae

475 1797 675 1851 dicitur
702 1794 827 1850 Sam
851 1837 864 1860 ,
895 1798 999 1850 hoc
1023 1804 1107 1849 est
1137 1795 1418 1860 stabilivit,
1451 1807 1503 1850 et
1525 1797 1690 1850 etiam
1734 1799 2055 1866 interpreta—

477 1897 566 1942 tur
596 1889 729 1950 illic,
763 1887 867 1941 hoc
891 1899 975 1941 est
1002 1887 1056 1939 in
1085 1886 1315 1955 judicio.

546 1979 637 2034 50.
673 1980 738 2033 Ει
779 1979 1270 2048 irreprehensibilis
1301 1979 1354 2032 in
1383 1979 1639 2033 omnibus
1665 1994 1786 2047 qua:
1812 1978 2050 2042 creavit;

475 2080 529 2127 et
568 2071 622 2124 in
664 2071 918 2125 omnibus
946 2070 1230 2139 praeceptis
1277 2071 1422 2135 suis;
1459 2082 1511 2123 et
1542 2071 1595 2123 in
1649 2071 1906 2123 omnibus
1933 2085 2054 2140 quae

477 2164 734 2233 suscepit,
763 2173 816 2218 et
839 2178 1035 2232 passus
1071 2171 1154 2216 est
1178 2170 1400 2231 propter
1425 2171 1670 2215 nostram
1703 2162 1957 2216 salutem.

545 2343 636 2398 51.
670 2341 903 2412 Subjicit
937 2341 1204 2397 Dominus
1231 2341 1460 2411 gratiam
1499 2356 1676 2396 suam.

548 2432 636 2486 '52.
673 2432 737 2486 Et
778 2447 1000 2501 surgere
1030 2430 1158 2484 facit
1190 2446 1380 2486 omnes
1423 2431 1704 2499 prolapsos
1746 2429 1797 2481 in
1838 2426 2051 2492 faciem,

478 2521 586 2576 hoc
636 2530 719 2577 est
759 2521 811 2574 in
860 2522 1022 2576 corda
1072 2537 1208 2584 sua,
1238 2529 1290 2574 et
1321 2520 1622 2574 infirmatos
1668 2520 1720 2572 in
1770 2520 2052 2588 peccatis:

479 2613 684 2685 syllaba
711 2613 855 2665 enim
886 2612 1152 2680 apposita,
1192 2627 1312 2680 quae
1343 2611 1542 2664 dicitur
1570 2610 1756 2674 Citam,
1791 2619 2057 2662 sustenta-

481 2704 658 2757 culum
689 2704 1095 2773 interpretatur,
1131 2703 1351 2772 perinde
1388 2718 1451 2756 ac
1504 2704 1548 2756 si
1604 2702 1805 2754 diceret
1837 2701 2057 2767 subjicit

478 2809 536 2847 se
565 2793 739 2862 ipsqu
775 2793 1056 2859 Dominus,
1078 2805 1131 2846 et
1160 2801 1336 2862 portat
1359 2793 1627 2855 infirmos,
1659 2801 1720 2845 ut
1753 2808 1947 2844 versus
1979 2793 2055 2844 si—

478 2883 745 2952 gniﬁcat:
788 2893 836 2937 et
875 2891 1252 2952 permanentes
1299 2890 1477 2936 mente
1539 2898 1639 2937 sua
1696 2883 1748 2935 in
1794 2884 2053 2951 peccatis,

2157 1720 2248 1755 σεν
2278 1704 2333 1753 ἐν
2359 1703 2424 1770 τῇ
2458 1701 2670 1770 κρίσει·
2706 1700 2863 1753 τοῦτο
2888 1700 2996 1771 γάρ
3029 1700 3328 1771 βούλεταιή
3368 1703 3614 1775 συλλαϐὴ
3656 1707 3732 1775 (l)

2155 1793 2187 1861 ἡ
2227 1791 2495 1859 λεγομένη
2526 1791 2674 1855 Σὰμ,
2711 1789 2738 1840 ὃ
2781 1790 2927 1840 ἐστιν
2968 1789 3268 1855 ἐστήριξε,
3318 1791 3413 1843 καὶ
3442 1793 3606 1845 πάλιν
3643 1796 3734 1863 ἑρ-

2159 1883 2452 1953 μηνεύεται
2487 1879 2635 1942 ἐκεῖ,
2667 1879 2940 1932 τουτέστιν
2980 1881 3038 1930 ἐν
3070 1882 3135 1949 τῇ
3165 1881 3361 1950 κρίσει.

2227 1975 2313 2025 50.
2345 1971 2448 2024 Kal.
2480 1971 2767 2041 ἄμεμπτος
2804 1972 2860 2022 ὲν
2896 1973 3059 2025 πᾶσιν
3087 2013 3100 2036 ,
3157 1966 3237 2035 οἷς
3275 1973 3735 2044 ἐδημιούργησεν,

2156 2066 2248 2117 καὶ
2271 2067 2329 2116 ἐν
2353 2066 2484 2116 πᾶσι
2523 2067 2635 2124 τοῖς
2665 2063 3082 2133 προστάγμασιν
3125 2063 3308 2126 αὐτοῦ,
3337 2065 3432 2116 καὶ
3462 2068 3522 2117 ἐν
3551 2069 3734 2130 πᾶσιν,

2155 2155 2234 2219 οἷς
2280 2155 2624 2220 κατεδέξατο,
2655 2155 2748 2207 καὶ⁹
2798 2155 3031 2207 πέπονθε
3074 2154 3150 2225 (‘2)
3181 2155 3268 2208 διὰ
3314 2156 3410 2226 τὴν
3462 2158 3736 2228 ἡμετέραν

2158 2265 2301 2316 σωτη
2312 2247 2450 2317 ρίαν.

2224 2339 2308 2391 51.
2345 2338 2420 2406 (5)
2456 2335 2774 2405 Ὑποτίθησι
2807 2333 3006 2407 Κύριος
3036 2336 3134 2406 τὴν
3177 2335 3336 2405 χάριν
3360 2337 3559 2392 αὐτοῦ.

2225 2431 2311 2483 52.
2350 2428 2452 2482 Καὶ
2485 2429 2746 2496 ἀνέστησε
2779 2429 2984 2492 πάντας
3019 2431 3143 2491 τοῦς
3171 2428 3626 2494 καταπίπτοντας
3647 2434 3736 2484 ἐπι

2156 2519 2223 2572 τὰ
2250 2520 2534 2591 πρόσωπα,
2566 2520 2844 2572 τουτέστιν
2890 2520 2983 2571 ἐπὶ
3008 2520 3106 2582 τὰς
3143 2519 3368 2589 καρδίας
3402 2521 3611 2586 αὐτῶν,
3650 2524 3740 2576 καὶ

2157 2608 2512 2669 ἀσθενοῦντας
2537 2611 2593 2660 έν
2632 2612 2695 2680 τῇ
2727 2610 3002 2681 ἁμαρτίᾳ·
3034 2612 3066 2680 ἡ
3105 2609 3161 2661 δὲ
3203 2613 3595 2683 παρακειμένη
3623 2615 3743 2667 συλ-

2157 2698 2294 2767 λαϐὴ
2327 2699 2358 2767 ἡ
2394 2697 2663 2766 λεγομένη
2709 2700 2838 2767 Χὰμ
2890 2700 3038 2769 ὅμως
3090 2695 3488 2769 ἑρμηνεύεται,
3540 2703 3742 2757 ὡσανεὶ

2159 2793 2475 2862 ὑποτίθησιν
2507 2793 2690 2844 ἑαυτὸν
2724 2793 2751 2843 6
2787 2790 3004 2862 Κύριος,
3031 2793 3124 2844 καὶ
3146 2791 3401 2860 βαστάζει
3433 2796 3570 2859 τοὺς
3591 2797 3744 2849 ἀσθε-

2157 2886 2285 2946 νεῖς,
2330 2883 2405 2946 ὼς
2445 2886 2473 2935 6
2505 2884 2684 2952 στίχος
2719 2883 2869 2952 δηλοί
2905 2899 2917 2912 ο
2960 2886 3054 2934 καὶ
3095 2885 3219 2947 τοὺς
3267 2887 3743 2956 ὲναπομείναντας

478 2973 643 3026 veluti
692 2987 758 3026 ex
814 2989 1008 3026 somno
1039 2973 1304 3035 suscitat,
1338 2987 1709 3041 compungens
1747 2988 1839 3026 eos
1884 2974 2054 3041 gratia

2182 2975 2222 3042 γῇ
2255 2973 2462 3044 διανοίᾳ
2490 2976 2569 3036 είς
2593 2975 2692 3044 τὴν
2715 2974 3013 3044 ἁμαρτίαν,
3055 2974 3130 3037 ὡς
3159 2975 3218 3042 ἐξ
3253 2975 3421 3030 ὕπνου
3456 2977 3742 3050 διεγείρει,

481 3081 603 3129 sua,
633 3074 686 3118 et
713 3080 936 3135 surgere
961 3064 1165 3118 faciens
1186 3104 1200 3126 ,
1237 3073 1296 3116 ut
1327 3064 1710 3130 confiteantur,
1751 3071 1806 3116 et
1839 3063 2060 3133 vigilent

481 3155 757 3224 deinceps,
796 3171 863 3209 ne
892 3155 1125 3223 amplius
1155 3163 1401 3223 peccent.

550 3327 638 3380 55.
676 3324 853 3379 Corda
890 3325 1132 3378 omnium
1171 3324 1512 3378 credentium
1545 3322 1599 3377 in
1634 3332 1686 3377 te
1715 3323 1944 3393 gratiam
1973 3339 2059 3377 re-

481 3417 709 3486 cipiunt.

549 3508 639 3561 54.
675 3507 739 3560 Et
769 3516 857 3572 tu,
917 3521 1039 3560 cum
1090 3520 1246 3559 mens
1291 3519 1480 3558 eorum
1531 3503 1768 3574 quiescit
1811 3504 1880 3558 ab
1910 3505 2058 3559 omni

481 3599 756 3652 mundana
808 3613 961 3662 cura,
1011 3610 1064 3651 et
1110 3596 1575 3666 concupiscentia,
1627 3597 1906 3652 illuminas
1963 3613 2057 3653 eos

483 3689 705 3745 scientia
733 3697 1126 3759 praeceptorum
1161 3697 1402 3742 tuorum.

551 3786 638 3840 55.
673 3785 1028 3840 Abundanter
1056 3784 1311 3839 donando
1340 3784 1573 3852 gratiam
1607 3783 1781 3837 sancti
1819 3781 2055 3853 Spiritus

480 3879 632 3933 omni
685 3876 932 3940 homini,
991 3877 1082 3945 qui
1144 3875 1382 3929 adhieret
1435 3874 1702 3929 voluntati
1760 3882 1866 3927 tuae
1899 3893 1912 3928 :
1947 3872 2054 3928 Phe

481 3970 624 4025 enim
658 3969 1040 4038 interpretatur
1070 3983 1126 4020 os
1152 4008 1166 4032 ,
1202 3966 1305 4020 hoc
1338 3975 1421 4020 est
1452 3965 1736 4020 insufllans
1785 3965 1961 4033 ipsum
1997 3966 2050 4018 in

480 4061 676 4115 faciem
732 4067 1043 4114 sanctorum
1125 4065 1180 4110 et
1231 4057 1420 4111 dicens
1465 4075 1477 4109 :
1516 4056 1751 4126 Accipite
1791 4054 2051 4125 Spiritum

481 4150 778 4205 sanctum”.

551 4269 573 4298 ⁸
606 4265 764 4321 Joan.
800 4284 891 4337 xx,
925 4273 1013 4326 9.2.

2157 3062 2476 3131 κατανύγων
2499 3065 2694 3126 αὐτοὺς
2724 3067 2789 3133 τῇ
2832 3064 3013 3133 χάριτι
3056 3066 3242 3128 αὐτοῦ,
3275 3069 3368 3120 καὶ
3395 3069 3747 3134 ἀναστάντας

2157 3149 2352 3214 αὐτοὺς
2383 3152 2842 3222 ἐξομολογεῖσθαι,
2862 3155 2955 3208 καὶ
2983 3158 3172 3226 νήφειν
3193 3155 3287 3208 τοῦ
3312 3157 3504 3210 λοιποῦ
3531 3160 3635 3213 τοῦ
3670 3161 3745 3232 μὴ

2157 3244 2508 3314 ἁμαρτάνειν.

2227 3339 2315 3390 55.
2347 3340 2410 3390 Αἱ
2443 3339 2662 3408 καρδίαι
2697 3340 2916 3393 πάντων
2968 3341 3076 3392 τῶν
3125 3342 3489 3396 πιστευόντων
3540 3348 3631 3410 εἰς
3687 3347 3749 3400 σὲ

2156 3429 2255 3498 τὴν
2281 3430 2438 3498 χάριν
2471 3431 2880 3500 ἀπεκδέχονται.

2226 3517 2313 3571 54.
2344 3517 2446 3570 Kal.
2479 3521 2563 3585 σὺ,
2591 3521 2718 3574 ὅταν
2753 3520 3013 3592 ἡσυχάζει
3055 3521 3082 3576 6
3118 3523 3243 3587 νοῦς
3279 3524 3461 3578 αὐτῶν
3513 3526 3598 3598 (4)
3639 3528 3751 3583 ἀπὸ

2157 3609 2337 3679 πάσης
2377 3609 2638 3680 βιωτικῆς
2671 3613 2950 3684 φροντίδος
2985 3613 3080 3664 καὶ
3120 3614 3447 3684 ἐπιθυμίας,
3480 3619 3751 3687 φωτίζεις

2156 3701 2352 3764 αὐτοὺς
2381 3700 2478 3772 τὴν
2498 3702 2699 3770 γνῶσιν
2726 3702 2833 3754 τῶν
2869 3704 3303 3774 προσταγμάτων
3327 3722 3440 3758 σου.

2224 3790 2314 3844 55.
2349 3791 2622 3854 Πλουσίως
2642 3791 2881 3863 δώρησαι
2918 3793 3016 3862 τὴν
3051 3794 3209 3864 χάριν
3248 3793 3341 3846 τοῦ
3375 3796 3538 3863 ἁγίου
3576 3797 3752 3852 Ilvati-

2166 3898 2334 3950 ματος
2369 3881 2445 3952 (5)
2473 3884 2635 3935 παντὶ
2656 3878 2926 3954 ἀνθρώπῳ
2958 3884 3304 3955 προκειμένῳ
3346 3884 3426 3955 τῷ
3470 3886 3748 3960 θελήματι

2163 3989 2288 4025 σου·
2331 3973 2392 4026 τὸ
2424 3973 2532 4045 γὰρ
2584 3975 2671 4041 Φὴ
2709 3975 3070 4046 ἑρμηνεύεται
3117 3978 3344 4045 στόμα,
3377 3980 3641 4034 τουτέστι
3685 3983 3748 4035 τὸ

2161 4067 2413 4137 ὲμφυσᾷν
2435 4068 2597 4120 αὐτὸν
2626 4070 2705 4131 εἰς
2737 4067 2805 4120 τὰ
2844 4068 3111 4138 πρόσωπα
3153 4068 3261 4122 τῶν
3291 4069 3485 4138 ἁγίων,
3527 4073 3630 4126 καὶ
3660 4068 3750 4126 λέ-

2085 4145 2130 4199 D
2158 4175 2276 4226 γειν
2301 4177 2312 4188 ·
2343 4159 2564 4215 Λάϐετε
2589 4159 2831 4230 Πνεῦμα
2853 4160 3042 4230 ἅγιον.

1391 4358 1698 4419 Addenda
1755 4364 1816 4418 et
1869 4361 2251 4442 corrigenda
2307 4377 2388 4422 ex
2445 4364 2826 4424 cod.Vatic.

556 4463 630 4531 (l)
664 4463 735 4546 :H
769 4460 857 4514 διὰ
878 4462 982 4546 τῆς
1029 4460 1670 4546 κινναίξάρεωςισυιλλαϐὴ
1709 4461 2044 4546 ὴιλεγομένῃ
2149 4465 2522 4546 δηλοῖ.·Ν.5ῆ,
2559 4465 2816 4546 Καὶὶτοὺς
2846 4466 3326 4538 ὲναπομείναντας,
3367 4476 3500 4536 etc.,
3639 4472 3737 4542 χά-

481 4529 624 4601 Σὰμ,
660 4531 1036 4652 ἑρμηνεύεται,
1060 4529 1308 4600 στηρίξαι
1327 4529 1440 4594 καί,
1460 4541 1588 4594 etc.,
1612 4529 1888 4584 τουτέστιν
1913 4529 2045 4586 ἐκεῖξ
2153 4529 2260 4607 ρίτι
2287 4535 2450 4589 αὐτοῦ
2481 4529 2841 4601 ἀναστάντας,
2880 4546 2986 4592 etc.
3019 4529 3031 4538 ’
3289 4529 3323 4534 θ’

555 4604 629 4660 (2)
664 4603 688 4652 Ῐ
715 4600 945 4653 ἐποιθενο
1758 4605 1764 4611 ’
2223 4607 2300 4660 (4)
2349 4605 2536 4658 Αὐτῶν
2581 4609 2609 4660 6
2650 4605 2794 4660 νοῦς.
2838 4617 2967 4660 etc..
3000 4606 3107 4659 τῶν
3153 4608 3475 4660 ποοσταγιιά

555 4609 629 4670 (2)
667 4609 945 4653 ιιέποιθεν.
1411 4659 1413 4661 _
1758 4609 1764 4611 ’
2223 4609 2300 4673 (4)
2349 4609 2536 4658 Αὐτῶν
2581 4609 2609 4660 6
2650 4609 2794 4670 νοῦς,
2838 4617 2967 4672 etc.,
3000 4609 3107 4659 τῶν
3153 4609 3596 4679 προσταγμάτων
3642 4629 3740 4664 σου

550 4673 627 4755 ς5)
652 4670 738 4755 ,Νλ
754 4673 864 4750 3|.~
887 4669 1225 4755 ’Υποτίθησι,
1250 4678 1379 4755 etc.,.
1409 4671 1504 4722 καὶ
1539 4669 1788 4740 ἀνίστησι
1825 4672 2045 4755 ,πάντας
2148 4676 2256 4729 τῶν
2284 4676 2662 4755 δυναμούντων
2701 4676 2918 4740 αὐτούς.

479 4739 1143 4833 τοὺςέιάσθενοῦνταΞἈκαὶ
1170 4739 1630 4833 καταπίπξοντρς,
1659 4739 1789 4821 etc.,
1823 4743 1914 4794 ἐπὶ
2219 4746 2296 4817 (5)
2330 4739 2444 4833 "I'oii‘
2467 4747 2620 4833 άγίρυ
2646 4763 2739 4833 σου
2771 4739 3126 4833 1Πνεύματοςλ
3144 4757 3288 4832 'etc.,
3326 4750 3736 4833 προσκειμένῳ,

480 4809 907 4892 καρδίαςιαύεῴν
928 4826 949 4892 '_
1031 4809 1087 4861 δὲ
1131 4808 1504 4892 παρακειμένη
1538 4809 1632 4892 διὰ,
1661 4811 2046 4892 τῆςηκινναῧᾲ-
2145 4808 2365 4880 θῐὸ.,’τὸ
2386 4816 2494 4886 γὰρ
2514 4808 2696 4887 ibim?)
2708 4817 2795 4869 διὰ
2817 4816 2915 4885 τῆς
2928 4808 3325 4888 κινναϐάρεως,
3345 4808 3736 4888 ἑρμηνεύεται,

485 4879 622 4950 ρεως
645 4880 898 4948 συλλαϐὴ,
927 4883 959 4948 ἡ
988 4879 1252 4950 λεγομένη
1287 4879 1431 4950 Χάμ,
1455 4891 1584 4934 ctc..
1611 4881 1926 4950 ὑποτίθησιν
1950 4882 2045 4933 αύ-
2148 4897 2252 4940 etc,

479 4947 572 5003 τὸν
605 4953 651 5014 6,
685 4962 812 5014 etc.,
848 4947 972 5012 τοὺς
999 4947 1264 5010 ἀσθενεῖς,
1302 4948 1483 5012 καθὼς
1512 4951 1606 5002 καὶ
1633 4953 1660 5003 ὁ
1691 4947 1870 5021 στίχος
1893 4952 2052 5004 τοῦτο

553 5065 630 5135 (l)
657 5064 817 5119 Deest
850 5064 904 5118 in
941 5073 1090 5118 textu
1123 5063 1349 5120 Hebraeo
1382 5065 1560 5119 littera
1590 5077 1638 5126 ι,
1687 5066 1815 5136 φῆς]
1870 5067 2054 5121 deficit
2104 5081 2330 5130 versus,
2387 5067 2481 5136 qui
2524 5067 2592 5121 ab
2630 5067 2720 5121 illa
2761 5067 3002 5138 incipere
3043 5067 3292 5133 debebat,
3338 5082 3537 5136 nempe
3563 5076 3733 5152 psic,

487 5158 544 5214 id
576 5166 658 5211 est
687 5155 911 5220 Fidelis,
952 5165 1013 5209 ut
1047 5157 1336 5211 advertunt
1358 5155 1652 5220 Vatablus,
1685 5168 1738 5211 et
1769 5157 1993 5212 Simeon
2029 5158 2096 5211 de
2129 5157 2270 5212 Muis
2293 5198 2307 5222 ,
2335 5159 2560 5226 aliique.
2591 5156 2748 5212 Hunc
2784 5169 2965 5213 autem
2994 5174 3214 5213 versum
3247 5172 3471 5213 necesse
3502 5172 3618 5218 est,
3645 5159 3734 5212 vel

484 5228 832 5283 librariorum
873 5226 1028 5294 culpa
1074 5228 1346 5281 excidisse
1372 5269 1385 5286 .
1427 5229 1508 5281 vel
1541 5227 1609 5281 de
1646 5229 1916 5282 industria
1951 5229 2020 5281 ab
2049 5227 2287 5281 Hebraeis
2312 5227 2483 5282 fuisse
2524 5229 2821 5282 sublatum.
2861 5228 2995 5282 Nam
3032 5230 3180 5282 illum
3227 5229 3282 5281 in
3318 5237 3460 5282 textu
3498 5229 3730 5283 Hebraeo

481 5299 924 5368 originaliautea
957 5297 1231 5368 esstitisse
1275 5298 1470 5366 probat
1501 5299 1636 5350 ordo
1664 5299 1968 5351 litterarum
2006 5297 2281 5366 alphabeti
2320 5297 2570 5368 Hebraici
2601 5338 2615 5359 ,
2659 5308 2917 5368 certoque
2945 5302 3236 5354 confirmat
3282 5299 3464 5351 versio
3491 5300 3728 5368 Septua-

480 5365 629 5439 ginta
653 5367 934 5439 ,Aaliaeque
971 5365 1172 5420 Graeca:
1202 5365 1511 5432 versioues;
1546 5379 1600 5421 et
1633 5378 1828 5436 praeter
1856 5365 2163 5436 Vulgatam,
2196 5383 2316 5435 quae
2351 5383 2414 5421 ex
2450 5365 2837 5436 Septuaginta
2864 5380 3081 5439 sumpta
3123 5377 3240 5434 est,
3271 5371 3434 5420 etiam
3491 5367 3726 5420 Arabica

479 5436 533 5492 et
573 5436 829 5507 Syriaca,
871 5451 996 5507 quae
1036 5452 1224 5491 omnes
1259 5453 1477 5491 versum
1511 5439 1662 5490 illum
1717 5439 1952 5498 habent,
2005 5447 2057 5490 et
2108 5447 2508 5506 consequenter
2537 5439 2590 5490 in
2630 5439 2916 5507 codicibus
2950 5438 3190 5492 Hebraeis
3215 5479 3230 5501 ,
3273 5439 3417 5490 unde
3445 5443 3727 5490 adornatae

482 5504 630 5570 sunt,
666 5507 931 5575 legerunt.
967 5504 1148 5575 Quare
1185 5509 1377 5561 merito
1403 5518 1592 5561 contra
1625 5508 2012 5561 Masoretarum
2049 5504 2400 5561 veneratores
2428 5507 2607 5575 inquit
2646 5505 2868 5562 Grotius
2903 5527 2915 5560 :
2949 5508 3223 5572 Quomodo
3251 5507 3320 5561 ad
3357 5507 3465 5559 hac
3505 5521 3723 5572 respon-

480 5578 690 5636 debunt,
720 5574 808 5643 qui
842 5591 936 5628 nos
957 5574 1141 5643 jubent
1175 5593 1266 5644 per
1295 5579 1473 5646 omnia
1511 5576 1894 5630 Masoretarum
1923 5587 2064 5629 stare
2095 5577 2360 5646 decretis?
2405 5575 2472 5630 Et
2506 5574 2744 5644 insuper
2777 5577 2879 5631 hac
2911 5577 2977 5631 de
3010 5594 3065 5631 re
3092 5579 3254 5646 digna
3287 5577 3505 5645 quidem
3532 5575 3721 5646 obsera

480 5647 697 5714 vatione
729 5654 856 5697 sunt
882 5685 896 5705 ,
942 5661 1064 5712 qua:
1104 5646 1328 5700 adnotat
1355 5645 1572 5700 Clarius
1600 5646 1842 5699 referens
1868 5664 1879 5698 :
1907 5655 2100 5701 veteres
2134 5645 2383 5700 Hebra’os
2421 5648 2619 5701 dixisse
2658 5659 2886 5714 tempore
2922 5647 3130 5701 Messiw
3159 5645 3313 5700 illum:
3365 5662 3596 5712 uersum,
3627 5645 3723 5714 qui

484 5725 593 5765 tum
627 5713 824 5779 deerat,
856 5715 1198 5780 reponendum
1226 5716 1363 5783 quod
1397 5717 1678 5781 cernimus,
1715 5716 1811 5782 ait,
1837 5717 2055 5783 factum.
