  <div class='ocr_page' id='page_1' title='image "/cluster/home/n/w/nwhite01/storage/ocr_20150623/27/nnc1.0046978631/685.png"; bbox 0 0 3860 6220; ppageno 0'>
   <div class='ocr_carea' id='block_1_1' title="bbox 394 276 530 331">
    <p class='ocr_par' dir='ltr' id='par_1_1' title="bbox 394 276 530 331">
     <span class='ocr_line' id='line_1_1' title="bbox 394 276 530 331; baseline 0.007 -2"><span class='ocrx_word' id='word_1_1' title='bbox 394 276 530 331; x_wconf 67' lang='grc'>1519</span> 
     </span>
    </p>
   </div>
   <div class='ocr_carea' id='block_1_2' title="bbox 501 387 1868 459">
    <p class='ocr_par' dir='ltr' id='par_1_2' title="bbox 501 387 1868 459">
     <span class='ocr_line' id='line_1_2' title="bbox 501 387 1868 459; baseline 0.001 -16"><span class='ocrx_word' id='word_1_2' title='bbox 501 388 751 443; x_wconf 76' lang='lat' dir='ltr'><strong>Alleluia.</strong></span> <span class='ocrx_word' id='word_1_3' title='bbox 787 388 969 459; x_wconf 74' lang='lat' dir='ltr'><strong>Aggazi</strong></span> <span class='ocrx_word' id='word_1_4' title='bbox 987 397 1035 442; x_wconf 87' lang='lat' dir='ltr'><strong>et</strong></span> <span class='ocrx_word' id='word_1_5' title='bbox 1075 387 1374 445; x_wconf 63' lang='lat' dir='ltr'><strong>Zachariae.</strong></span> <span class='ocrx_word' id='word_1_6' title='bbox 1416 389 1620 446; x_wconf 73' lang='lat' dir='ltr'><strong>PSAL.</strong></span> <span class='ocrx_word' id='word_1_7' title='bbox 1650 391 1868 447; x_wconf 81' lang='lat' dir='ltr'><strong>CXLV.</strong></span> 
     </span>
    </p>
   </div>
   <div class='ocr_carea' id='block_1_3' title="bbox 469 498 1531 566">
    <p class='ocr_par' dir='ltr' id='par_1_3' title="bbox 469 498 1531 566">
     <span class='ocr_line' id='line_1_3' title="bbox 469 498 1531 566; baseline -0.003 -11"><span class='ocrx_word' id='word_1_8' title='bbox 469 503 520 558; x_wconf 88' lang='grc'><strong>1.</strong></span> <span class='ocrx_word' id='word_1_9' title='bbox 556 500 762 565; x_wconf 85' lang='lat' dir='ltr'><strong>Lauda,</strong></span> <span class='ocrx_word' id='word_1_10' title='bbox 807 500 990 554; x_wconf 86' lang='lat' dir='ltr'><strong>anima</strong></span> <span class='ocrx_word' id='word_1_11' title='bbox 1019 514 1162 566; x_wconf 88' lang='lat' dir='ltr'><strong>mea,</strong></span> <span class='ocrx_word' id='word_1_12' title='bbox 1199 498 1531 564; x_wconf 87' lang='lat' dir='ltr'><strong>Dominum,</strong></span> 
     </span>
    </p>
   </div>
   <div class='ocr_carea' id='block_1_4' title="bbox 465 586 1563 643">
    <p class='ocr_par' dir='ltr' id='par_1_4' title="bbox 465 586 1563 643">
     <span class='ocr_line' id='line_1_4' title="bbox 465 586 1563 643; baseline -0.003 0"><span class='ocrx_word' id='word_1_13' title='bbox 465 591 522 643; x_wconf 70' lang='grc'>2.</span> <span class='ocrx_word' id='word_1_14' title='bbox 559 589 816 642; x_wconf 84' lang='lat' dir='ltr'><strong>Laudabo</strong></span> <span class='ocrx_word' id='word_1_15' title='bbox 852 586 1141 640; x_wconf 90' lang='lat' dir='ltr'><strong>Dominum</strong></span> <span class='ocrx_word' id='word_1_16' title='bbox 1173 587 1226 640; x_wconf 89' lang='lat' dir='ltr'><strong>in</strong></span> <span class='ocrx_word' id='word_1_17' title='bbox 1257 588 1366 642; x_wconf 86' lang='lat' dir='ltr'><strong>vita</strong></span> <span class='ocrx_word' id='word_1_18' title='bbox 1401 604 1521 642; x_wconf 88' lang='lat' dir='ltr'><strong>mea</strong></span> <span class='ocrx_word' id='word_1_19' title='bbox 1549 606 1563 640; x_wconf 89' lang='lat'><strong>:</strong></span> 
     </span>
    </p>
   </div>
   <div class='ocr_carea' id='block_1_5' title="bbox 469 678 1590 748">
    <p class='ocr_par' dir='ltr' id='par_1_5' title="bbox 469 678 1590 748">
     <span class='ocr_line' id='line_1_5' title="bbox 469 678 1590 748; baseline -0.002 -12"><span class='ocrx_word' id='word_1_20' title='bbox 469 683 523 736; x_wconf 80' lang='grc'>5.</span> <span class='ocrx_word' id='word_1_21' title='bbox 557 680 793 736; x_wconf 86' lang='lat' dir='ltr'><strong>Psallam</strong></span> <span class='ocrx_word' id='word_1_22' title='bbox 837 678 948 733; x_wconf 92' lang='lat' dir='ltr'><strong>Deo</strong></span> <span class='ocrx_word' id='word_1_23' title='bbox 984 693 1108 733; x_wconf 87' lang='lat' dir='ltr'><strong>meo</strong></span> <span class='ocrx_word' id='word_1_24' title='bbox 1138 679 1379 748; x_wconf 89' lang='lat' dir='ltr'><strong>quandiu</strong></span> <span class='ocrx_word' id='word_1_25' title='bbox 1419 680 1590 734; x_wconf 81' lang='lat' dir='ltr'><strong>fuero.</strong></span> 
     </span>
    </p>
   </div>
   <div class='ocr_carea' id='block_1_6' title="bbox 470 770 1986 840">
    <p class='ocr_par' dir='ltr' id='par_1_6' title="bbox 470 770 1986 840">
     <span class='ocr_line' id='line_1_6' title="bbox 470 770 1986 840; baseline -0.004 -12"><span class='ocrx_word' id='word_1_26' title='bbox 470 773 524 828; x_wconf 71' lang='grc'>4.</span> <span class='ocrx_word' id='word_1_27' title='bbox 558 771 736 828; x_wconf 86' lang='lat' dir='ltr'><strong>Nolite</strong></span> <span class='ocrx_word' id='word_1_28' title='bbox 769 771 1043 826; x_wconf 83' lang='lat' dir='ltr'><strong>conlidere</strong></span> <span class='ocrx_word' id='word_1_29' title='bbox 1078 771 1132 824; x_wconf 93' lang='lat' dir='ltr'><strong>in</strong></span> <span class='ocrx_word' id='word_1_30' title='bbox 1177 771 1538 840; x_wconf 83' lang='lat' dir='ltr'><strong>principibus,</strong></span> <span class='ocrx_word' id='word_1_31' title='bbox 1595 771 1650 823; x_wconf 89' lang='lat' dir='ltr'><strong>in</strong></span> <span class='ocrx_word' id='word_1_32' title='bbox 1707 770 1831 826; x_wconf 72' lang='lat' dir='ltr'><strong>[iiiis</strong></span> <span class='ocrx_word' id='word_1_33' title='bbox 1885 771 1986 823; x_wconf 85' lang='lat' dir='ltr'><strong>bo-</strong></span> 
     </span>
    </p>
   </div>
   <div class='ocr_carea' id='block_1_7' title="bbox 401 863 1420 934">
    <p class='ocr_par' dir='ltr' id='par_1_7' title="bbox 401 863 1420 934">
     <span class='ocr_line' id='line_1_7' title="bbox 401 863 1420 934; baseline -0.001 -16"><span class='ocrx_word' id='word_1_34' title='bbox 401 865 635 932; x_wconf 91' lang='lat' dir='ltr'><strong>minum,</strong></span> <span class='ocrx_word' id='word_1_35' title='bbox 668 864 722 918; x_wconf 93' lang='lat' dir='ltr'><strong>in</strong></span> <span class='ocrx_word' id='word_1_36' title='bbox 756 863 958 934; x_wconf 88' lang='lat' dir='ltr'><strong>quibus</strong></span> <span class='ocrx_word' id='word_1_37' title='bbox 987 877 1095 917; x_wconf 89' lang='lat' dir='ltr'><strong>non</strong></span> <span class='ocrx_word' id='word_1_38' title='bbox 1136 871 1220 916; x_wconf 88' lang='lat' dir='ltr'><strong>est</strong></span> <span class='ocrx_word' id='word_1_39' title='bbox 1249 863 1420 917; x_wconf 87' lang='lat' dir='ltr'><strong>salus.</strong></span> 
     </span>
    </p>
   </div>
   <div class='ocr_carea' id='block_1_8' title="bbox 475 950 1198 1020">
    <p class='ocr_par' dir='ltr' id='par_1_8' title="bbox 475 950 1198 1020">
     <span class='ocr_line' id='line_1_8' title="bbox 475 950 1198 1020; baseline -0.003 -14"><span class='ocrx_word' id='word_1_40' title='bbox 475 953 526 1006; x_wconf 85' lang='lat'><strong>5.</strong></span> <span class='ocrx_word' id='word_1_41' title='bbox 563 952 747 1006; x_wconf 83' lang='lat' dir='ltr'><strong>Exibit</strong></span> <span class='ocrx_word' id='word_1_42' title='bbox 780 950 1009 1020; x_wconf 82' lang='lat' dir='ltr'><strong>spiritus</strong></span> <span class='ocrx_word' id='word_1_43' title='bbox 1044 950 1162 1019; x_wconf 86' lang='lat' dir='ltr'><strong>ejus</strong></span> <span class='ocrx_word' id='word_1_44' title='bbox 1185 991 1198 1016; x_wconf 93' lang='lat'><strong>,</strong></span> 
     </span>
    </p>
   </div>
   <div class='ocr_carea' id='block_1_9' title="bbox 475 1043 1514 1098">
    <p class='ocr_par' dir='ltr' id='par_1_9' title="bbox 475 1043 1514 1098">
     <span class='ocr_line' id='line_1_9' title="bbox 475 1043 1514 1098; baseline -0.004 0"><span class='ocrx_word' id='word_1_45' title='bbox 475 1044 529 1098; x_wconf 88' lang='lat'><strong>6.</strong></span> <span class='ocrx_word' id='word_1_46' title='bbox 571 1043 638 1098; x_wconf 90' lang='lat' dir='ltr'><strong>Et</strong></span> <span class='ocrx_word' id='word_1_47' title='bbox 668 1051 972 1098; x_wconf 86' lang='lat' dir='ltr'><strong>revertetur</strong></span> <span class='ocrx_word' id='word_1_48' title='bbox 1007 1043 1062 1096; x_wconf 89' lang='lat' dir='ltr'><strong>in</strong></span> <span class='ocrx_word' id='word_1_49' title='bbox 1104 1052 1304 1096; x_wconf 89' lang='lat' dir='ltr'><strong>terram</strong></span> <span class='ocrx_word' id='word_1_50' title='bbox 1336 1057 1514 1096; x_wconf 89' lang='lat' dir='ltr'><strong>suam.</strong></span> 
     </span>
    </p>
   </div>
   <div class='ocr_carea' id='block_1_10' title="bbox 477 1132 1986 1208">
    <p class='ocr_par' dir='ltr' id='par_1_10' title="bbox 477 1132 1986 1208">
     <span class='ocr_line' id='line_1_10' title="bbox 477 1132 1986 1208; baseline -0.003 -17"><span class='ocrx_word' id='word_1_51' title='bbox 477 1139 529 1193; x_wconf 90' lang='lat'><strong>7.</strong></span> <span class='ocrx_word' id='word_1_52' title='bbox 569 1137 627 1192; x_wconf 94' lang='lat' dir='ltr'><strong>In</strong></span> <span class='ocrx_word' id='word_1_53' title='bbox 675 1138 766 1192; x_wconf 89' lang='lat' dir='ltr'><strong>illa</strong></span> <span class='ocrx_word' id='word_1_54' title='bbox 795 1137 884 1192; x_wconf 91' lang='lat' dir='ltr'><strong>die</strong></span> <span class='ocrx_word' id='word_1_55' title='bbox 933 1137 1189 1208; x_wconf 89' lang='lat' dir='ltr'><strong>peribunt</strong></span> <span class='ocrx_word' id='word_1_56' title='bbox 1217 1150 1411 1188; x_wconf 82' lang='lat' dir='ltr'><strong>oumcs</strong></span> <span class='ocrx_word' id='word_1_57' title='bbox 1441 1132 1801 1204; x_wconf 84' lang='lat' dir='ltr'><strong>cogitationes</strong></span> <span class='ocrx_word' id='word_1_58' title='bbox 1845 1133 1986 1204; x_wconf 88' lang='lat' dir='ltr'><strong>ejus.</strong></span> 
     </span>
    </p>
   </div>
   <div class='ocr_carea' id='block_1_11' title="bbox 478 1305 1800 1378">
    <p class='ocr_par' dir='ltr' id='par_1_11' title="bbox 478 1305 1800 1378">
     <span class='ocr_line' id='line_1_11' title="bbox 478 1305 1800 1378; baseline -0.003 -12"><span class='ocrx_word' id='word_1_59' title='bbox 478 1313 531 1366; x_wconf 91' lang='lat'><strong>8.</strong></span> <span class='ocrx_word' id='word_1_60' title='bbox 569 1311 768 1366; x_wconf 87' lang='lat' dir='ltr'><strong>Beatus</strong></span> <span class='ocrx_word' id='word_1_61' title='bbox 789 1349 805 1375; x_wconf 87' lang='lat'><strong>,</strong></span> <span class='ocrx_word' id='word_1_62' title='bbox 837 1309 997 1378; x_wconf 84' lang='lat' dir='ltr'><strong>cujus</strong></span> <span class='ocrx_word' id='word_1_63' title='bbox 1025 1307 1169 1362; x_wconf 89' lang='lat' dir='ltr'><strong>Deus</strong></span> <span class='ocrx_word' id='word_1_64' title='bbox 1203 1305 1372 1362; x_wconf 89' lang='lat' dir='ltr'><strong>Jacob</strong></span> <span class='ocrx_word' id='word_1_65' title='bbox 1395 1307 1610 1376; x_wconf 83' lang='lat' dir='ltr'><strong>adjutor</strong></span> <span class='ocrx_word' id='word_1_66' title='bbox 1633 1307 1754 1376; x_wconf 87' lang='lat' dir='ltr'><strong>ejus</strong></span> <span class='ocrx_word' id='word_1_67' title='bbox 1786 1325 1800 1362; x_wconf 85' lang='lat'><strong>:</strong></span> 
     </span>
    </p>
   </div>
   <div class='ocr_carea' id='block_1_12' title="bbox 477 1398 1570 1472">
    <p class='ocr_par' dir='ltr' id='par_1_12' title="bbox 477 1398 1570 1472">
     <span class='ocr_line' id='line_1_12' title="bbox 477 1398 1570 1472; baseline -0.002 -16"><span class='ocrx_word' id='word_1_68' title='bbox 477 1403 532 1456; x_wconf 89' lang='lat'><strong>9.</strong></span> <span class='ocrx_word' id='word_1_69' title='bbox 569 1402 704 1472; x_wconf 88' lang='lat' dir='ltr'><strong>Spes</strong></span> <span class='ocrx_word' id='word_1_70' title='bbox 734 1402 853 1470; x_wconf 90' lang='lat' dir='ltr'><strong>ejus</strong></span> <span class='ocrx_word' id='word_1_71' title='bbox 876 1400 930 1454; x_wconf 92' lang='lat' dir='ltr'><strong>in</strong></span> <span class='ocrx_word' id='word_1_72' title='bbox 965 1399 1195 1453; x_wconf 90' lang='lat' dir='ltr'><strong>Domino</strong></span> <span class='ocrx_word' id='word_1_73' title='bbox 1222 1398 1333 1453; x_wconf 89' lang='lat' dir='ltr'><strong>Deo</strong></span> <span class='ocrx_word' id='word_1_74' title='bbox 1375 1400 1570 1468; x_wconf 88' lang='lat' dir='ltr'><strong>ipsius,</strong></span> 
     </span>
    </p>
   </div>
   <div class='ocr_carea' id='block_1_13' title="bbox 483 1489 1994 1558">
    <p class='ocr_par' dir='ltr' id='par_1_13' title="bbox 483 1489 1994 1558">
     <span class='ocr_line' id='line_1_13' title="bbox 483 1489 1994 1558; baseline -0.002 -12"><span class='ocrx_word' id='word_1_75' title='bbox 483 1494 569 1547; x_wconf 98' lang='grc'><strong>10.</strong></span> <span class='ocrx_word' id='word_1_76' title='bbox 612 1491 716 1558; x_wconf 86' lang='lat' dir='ltr'><strong>Qui</strong></span> <span class='ocrx_word' id='word_1_77' title='bbox 751 1490 882 1545; x_wconf 87' lang='lat' dir='ltr'><strong>fecit</strong></span> <span class='ocrx_word' id='word_1_78' title='bbox 922 1490 1123 1546; x_wconf 80' lang='lat' dir='ltr'><strong>ccelum</strong></span> <span class='ocrx_word' id='word_1_79' title='bbox 1164 1498 1218 1544; x_wconf 90' lang='lat' dir='ltr'><strong>et</strong></span> <span class='ocrx_word' id='word_1_80' title='bbox 1254 1497 1490 1555; x_wconf 89' lang='lat' dir='ltr'><strong>terram,</strong></span> <span class='ocrx_word' id='word_1_81' title='bbox 1529 1504 1682 1544; x_wconf 90' lang='lat' dir='ltr'><strong>mare</strong></span> <span class='ocrx_word' id='word_1_82' title='bbox 1726 1497 1780 1544; x_wconf 90' lang='lat' dir='ltr'><strong>et</strong></span> <span class='ocrx_word' id='word_1_83' title='bbox 1809 1489 1994 1544; x_wconf 88' lang='lat' dir='ltr'><strong>omnia</strong></span> 
     </span>
    </p>
   </div>
   <div class='ocr_carea' id='block_1_14' title="bbox 409 1584 936 1651">
    <p class='ocr_par' dir='ltr' id='par_1_14' title="bbox 409 1584 936 1651">
     <span class='ocr_line' id='line_1_14' title="bbox 409 1584 936 1651; baseline -0.006 -12"><span class='ocrx_word' id='word_1_84' title='bbox 409 1600 535 1651; x_wconf 82' lang='lat' dir='ltr'><strong>quae</strong></span> <span class='ocrx_word' id='word_1_85' title='bbox 565 1584 618 1638; x_wconf 91' lang='lat' dir='ltr'><strong>in</strong></span> <span class='ocrx_word' id='word_1_86' title='bbox 646 1585 727 1638; x_wconf 91' lang='lat' dir='ltr'><strong>eis</strong></span> <span class='ocrx_word' id='word_1_87' title='bbox 757 1591 886 1638; x_wconf 87' lang='lat' dir='ltr'><strong>sunt</strong></span> <span class='ocrx_word' id='word_1_88' title='bbox 921 1600 936 1636; x_wconf 90' lang='lat'><strong>:</strong></span> 
     </span>
    </p>
   </div>
   <div class='ocr_carea' id='block_1_15' title="bbox 1245 268 2816 330">
    <p class='ocr_par' dir='ltr' id='par_1_15' title="bbox 1245 268 2816 330">
     <span class='ocr_line' id='line_1_15' title="bbox 1245 268 2816 330; baseline -0.003 -1"><span class='ocrx_word' id='word_1_89' title='bbox 1245 274 1301 330; x_wconf 92' lang='lat' dir='ltr'><strong>S.</strong></span> <span class='ocrx_word' id='word_1_90' title='bbox 1343 273 1717 329; x_wconf 77' lang='lat' dir='ltr'><strong>ATHANASII</strong></span> <span class='ocrx_word' id='word_1_91' title='bbox 1752 274 1903 328; x_wconf 87' lang='lat' dir='ltr'><strong>OPP.</strong></span> <span class='ocrx_word' id='word_1_92' title='bbox 1947 272 2130 328; x_wconf 80' lang='lat' dir='ltr'><strong>PARS</strong></span> <span class='ocrx_word' id='word_1_93' title='bbox 2164 271 2252 326; x_wconf 86' lang='grc'>111.</span> <span class='ocrx_word' id='word_1_94' title='bbox 2292 303 2361 311; x_wconf 90' lang='grc'><strong>-</strong></span> <span class='ocrx_word' id='word_1_95' title='bbox 2399 268 2816 326; x_wconf 73' lang='lat' dir='ltr'><strong>EXEGETICA.</strong></span> 
     </span>
    </p>
   </div>
   <div class='ocr_carea' id='block_1_16' title="bbox 3538 253 3678 321">
    <p class='ocr_par' dir='ltr' id='par_1_16' title="bbox 3538 253 3678 321">
     <span class='ocr_line' id='line_1_16' title="bbox 3538 253 3678 321; baseline -0.007 0"><span class='ocrx_word' id='word_1_96' title='bbox 3538 253 3678 321; x_wconf 72' lang='lat' dir='ltr'><strong>r320</strong></span> 
     </span>
    </p>
   </div>
   <div class='ocr_carea' id='block_1_17' title="bbox 2010 386 3677 458">
    <p class='ocr_par' dir='ltr' id='par_1_17' title="bbox 2010 386 3677 458">
     <span class='ocr_line' id='line_1_17' title="bbox 2010 386 3677 458; baseline -0.006 -12"><span class='ocrx_word' id='word_1_97' title='bbox 2010 402 2053 458; x_wconf 78' lang='grc' dir='ltr'><strong>Α</strong></span> <span class='ocrx_word' id='word_1_98' title='bbox 2096 391 2471 458; x_wconf 72' lang='grc' dir='ltr'><strong>ἉλληλΟὐϊα.</strong></span> <span class='ocrx_word' id='word_1_99' title='bbox 2491 390 2755 458; x_wconf 77' lang='grc' dir='ltr'>Ἀγγαίου</span> <span class='ocrx_word' id='word_1_100' title='bbox 2778 386 2877 442; x_wconf 80' lang='grc' dir='ltr'><strong>καί</strong></span> <span class='ocrx_word' id='word_1_101' title='bbox 2915 388 3234 455; x_wconf 81' lang='grc' dir='ltr'>Ζαχαρίου.</span> <span class='ocrx_word' id='word_1_102' title='bbox 3272 388 3448 440; x_wconf 75' lang='grc' dir='ltr'><strong>ΨΑΑ.</strong></span> <span class='ocrx_word' id='word_1_103' title='bbox 3484 388 3677 438; x_wconf 66' lang='lat' dir='ltr'><strong>PME&quot;.</strong></span> 
     </span>
    </p>
   </div>
   <div class='ocr_carea' id='block_1_18' title="bbox 2162 479 3191 554">
    <p class='ocr_par' dir='ltr' id='par_1_18' title="bbox 2162 479 3191 554">
     <span class='ocr_line' id='line_1_18' title="bbox 2162 479 3191 554; baseline -0.006 -17"><span class='ocrx_word' id='word_1_104' title='bbox 2162 485 2213 538; x_wconf 87' lang='grc'><strong>1.</strong></span> <span class='ocrx_word' id='word_1_105' title='bbox 2255 484 2424 548; x_wconf 78' lang='grc' dir='ltr'>Αἴνει,</span> <span class='ocrx_word' id='word_1_106' title='bbox 2458 482 2656 554; x_wconf 76' lang='grc' dir='ltr'>ήψυχή</span> <span class='ocrx_word' id='word_1_107' title='bbox 2692 499 2818 553; x_wconf 85' lang='grc' dir='ltr'>μου,</span> <span class='ocrx_word' id='word_1_108' title='bbox 2848 481 2940 533; x_wconf 89' lang='grc' dir='ltr'><strong>τὸν</strong></span> <span class='ocrx_word' id='word_1_109' title='bbox 2967 479 3191 550; x_wconf 81' lang='grc' dir='ltr'><strong>Κύριον,</strong></span> 
     </span>
    </p>
   </div>
   <div class='ocr_carea' id='block_1_19' title="bbox 2161 557 3297 660">
    <p class='ocr_par' dir='ltr' id='par_1_19' title="bbox 2161 557 3297 660">
     <span class='ocr_line' id='line_1_19' title="bbox 2161 557 3297 660; baseline -0.002 -36"><span class='ocrx_word' id='word_1_110' title='bbox 2161 572 2216 625; x_wconf 70' lang='grc'>2.</span> <span class='ocrx_word' id='word_1_111' title='bbox 2255 571 2464 623; x_wconf 78' lang='grc' dir='ltr'>Αίνέσω</span> <span class='ocrx_word' id='word_1_112' title='bbox 2499 571 2702 640; x_wconf 85' lang='grc' dir='ltr'><strong>Κύριον</strong></span> <span class='ocrx_word' id='word_1_113' title='bbox 2731 571 2788 623; x_wconf 84' lang='grc' dir='ltr'>ὲν</span> <span class='ocrx_word' id='word_1_114' title='bbox 2811 573 2876 641; x_wconf 83' lang='grc' dir='ltr'>τῇ</span> <span class='ocrx_word' id='word_1_115' title='bbox 2909 568 3021 640; x_wconf 75' lang='grc' dir='ltr'><strong>ζωῇ</strong></span> <span class='ocrx_word' id='word_1_116' title='bbox 3052 586 3176 639; x_wconf 82' lang='grc' dir='ltr'>μου’</span> <span class='ocrx_word' id='word_1_117' title='bbox 3213 557 3297 660; x_wconf 54' lang='grc' dir='ltr'>ς</span> 
     </span>
    </p>
   </div>
   <div class='ocr_carea' id='block_1_20' title="bbox 2165 659 3248 733">
    <p class='ocr_par' dir='ltr' id='par_1_20' title="bbox 2165 659 3248 733">
     <span class='ocr_line' id='line_1_20' title="bbox 2165 659 3248 733; baseline -0.004 -18"><span class='ocrx_word' id='word_1_118' title='bbox 2165 662 2218 715; x_wconf 75' lang='grc'>5.</span> <span class='ocrx_word' id='word_1_119' title='bbox 2259 662 2428 715; x_wconf 79' lang='grc' dir='ltr'><strong>Ψαλῶ</strong></span> <span class='ocrx_word' id='word_1_120' title='bbox 2456 661 2533 732; x_wconf 82' lang='grc' dir='ltr'>τῷ</span> <span class='ocrx_word' id='word_1_121' title='bbox 2565 662 2684 733; x_wconf 85' lang='grc' dir='ltr'><strong>Θεῷ</strong></span> <span class='ocrx_word' id='word_1_122' title='bbox 2725 679 2827 730; x_wconf 86' lang='grc' dir='ltr'><strong>μου</strong></span> <span class='ocrx_word' id='word_1_123' title='bbox 2865 661 2971 724; x_wconf 81' lang='grc' dir='ltr'>ἓως</span> <span class='ocrx_word' id='word_1_124' title='bbox 3001 659 3248 732; x_wconf 79' lang='grc' dir='ltr'>ύπάργω.</span> 
     </span>
    </p>
   </div>
   <div class='ocr_carea' id='block_1_21' title="bbox 2160 747 3683 824">
    <p class='ocr_par' dir='ltr' id='par_1_21' title="bbox 2160 747 3683 824">
     <span class='ocr_line' id='line_1_21' title="bbox 2160 747 3683 824; baseline -0.008 -17"><span class='ocrx_word' id='word_1_125' title='bbox 2160 752 2215 807; x_wconf 74' lang='grc'>4.</span> <span class='ocrx_word' id='word_1_126' title='bbox 2257 754 2348 824; x_wconf 80' lang='grc' dir='ltr'><strong>Μὴ</strong></span> <span class='ocrx_word' id='word_1_127' title='bbox 2379 751 2672 806; x_wconf 87' lang='grc' dir='ltr'>πεποίθατε</span> <span class='ocrx_word' id='word_1_128' title='bbox 2699 756 2784 806; x_wconf 80' lang='grc' dir='ltr'><strong>ἐπ’</strong></span> <span class='ocrx_word' id='word_1_129' title='bbox 2816 753 3104 822; x_wconf 79' lang='grc' dir='ltr'>ἄρχοντας,</span> <span class='ocrx_word' id='word_1_130' title='bbox 3141 751 3234 802; x_wconf 74' lang='grc' dir='ltr'>ἐπὶ</span> <span class='ocrx_word' id='word_1_131' title='bbox 3276 748 3348 817; x_wconf 88' lang='lat' dir='ltr'><strong>(a)</strong></span> <span class='ocrx_word' id='word_1_132' title='bbox 3401 747 3554 808; x_wconf 78' lang='grc' dir='ltr'>υἱοὺς</span> <span class='ocrx_word' id='word_1_133' title='bbox 3587 761 3683 797; x_wconf 83' lang='grc' dir='ltr'>αν-</span> 
     </span>
    </p>
   </div>
   <div class='ocr_carea' id='block_1_22' title="bbox 2094 845 3007 917">
    <p class='ocr_par' dir='ltr' id='par_1_22' title="bbox 2094 845 3007 917">
     <span class='ocr_line' id='line_1_22' title="bbox 2094 845 3007 917; baseline 0 -19"><span class='ocrx_word' id='word_1_134' title='bbox 2094 845 2328 915; x_wconf 80' lang='grc' dir='ltr'>θρώπων</span> <span class='ocrx_word' id='word_1_135' title='bbox 2355 845 2436 912; x_wconf 79' lang='grc' dir='ltr'>οἷς</span> <span class='ocrx_word' id='word_1_136' title='bbox 2471 848 2571 900; x_wconf 83' lang='grc' dir='ltr'><strong>οὐκ</strong></span> <span class='ocrx_word' id='word_1_137' title='bbox 2597 847 2712 900; x_wconf 78' lang='grc' dir='ltr'>ἔστι</span> <span class='ocrx_word' id='word_1_138' title='bbox 2744 847 3007 917; x_wconf 87' lang='grc' dir='ltr'>σωτηρία.</span> 
     </span>
    </p>
   </div>
   <div class='ocr_carea' id='block_1_23' title="bbox 2164 934 3169 1008">
    <p class='ocr_par' dir='ltr' id='par_1_23' title="bbox 2164 934 3169 1008">
     <span class='ocr_line' id='line_1_23' title="bbox 2164 934 3169 1008; baseline -0.005 -16"><span class='ocrx_word' id='word_1_139' title='bbox 2164 937 2217 992; x_wconf 82' lang='grc'>5.</span> <span class='ocrx_word' id='word_1_140' title='bbox 2247 939 2616 1002; x_wconf 82' lang='grc' dir='ltr'>Ἐξελεύσεται</span> <span class='ocrx_word' id='word_1_141' title='bbox 2642 940 2702 991; x_wconf 89' lang='grc' dir='ltr'><strong>τὸ</strong></span> <span class='ocrx_word' id='word_1_142' title='bbox 2735 938 2954 1008; x_wconf 74' lang='grc' dir='ltr'>πνεῦμα</span> <span class='ocrx_word' id='word_1_143' title='bbox 2984 934 3169 1000; x_wconf 77' lang='grc' dir='ltr'>αὐτοῦ,</span> 
     </span>
    </p>
   </div>
   <div class='ocr_carea' id='block_1_24' title="bbox 2167 1028 3288 1104">
    <p class='ocr_par' dir='ltr' id='par_1_24' title="bbox 2167 1028 3288 1104">
     <span class='ocr_line' id='line_1_24' title="bbox 2167 1028 3288 1104; baseline -0.006 -17"><span class='ocrx_word' id='word_1_144' title='bbox 2167 1034 2221 1088; x_wconf 89' lang='grc'><strong>6.</strong></span> <span class='ocrx_word' id='word_1_145' title='bbox 2261 1035 2370 1087; x_wconf 76' lang='grc' dir='ltr'><strong>Καὶ</strong></span> <span class='ocrx_word' id='word_1_146' title='bbox 2398 1033 2711 1104; x_wconf 75' lang='grc' dir='ltr'>ἐπιστρέψει</span> <span class='ocrx_word' id='word_1_147' title='bbox 2742 1036 2821 1096; x_wconf 91' lang='grc' dir='ltr'>εἰς</span> <span class='ocrx_word' id='word_1_148' title='bbox 2843 1032 2940 1102; x_wconf 87' lang='grc' dir='ltr'>τὴν</span> <span class='ocrx_word' id='word_1_149' title='bbox 2969 1032 3071 1100; x_wconf 82' lang='grc' dir='ltr'>γῆν</span> <span class='ocrx_word' id='word_1_150' title='bbox 3104 1028 3288 1082; x_wconf 77' lang='grc' dir='ltr'>αὐτοῦ’</span> 
     </span>
    </p>
   </div>
   <div class='ocr_carea' id='block_1_25' title="bbox 2171 1118 3690 1198">
    <p class='ocr_par' dir='ltr' id='par_1_25' title="bbox 2171 1118 3690 1198">
     <span class='ocr_line' id='line_1_25' title="bbox 2171 1118 3690 1198; baseline -0.005 -22"><span class='ocrx_word' id='word_1_151' title='bbox 2171 1125 2222 1180; x_wconf 90' lang='grc'>7.</span> <span class='ocrx_word' id='word_1_152' title='bbox 2249 1125 2336 1178; x_wconf 86' lang='grc' dir='ltr'>Ἐν</span> <span class='ocrx_word' id='word_1_153' title='bbox 2369 1126 2549 1198; x_wconf 81' lang='grc' dir='ltr'>ἐκείνῃ</span> <span class='ocrx_word' id='word_1_154' title='bbox 2584 1129 2649 1198; x_wconf 81' lang='grc' dir='ltr'><strong>τῇ</strong></span> <span class='ocrx_word' id='word_1_155' title='bbox 2687 1127 2870 1197; x_wconf 77' lang='grc' dir='ltr'>ἡμέρᾳ</span> <span class='ocrx_word' id='word_1_156' title='bbox 2902 1124 3226 1179; x_wconf 80' lang='grc' dir='ltr'><strong>ἀπολοῦνται</strong></span> <span class='ocrx_word' id='word_1_157' title='bbox 3261 1121 3466 1184; x_wconf 87' lang='grc' dir='ltr'>πάντες</span> <span class='ocrx_word' id='word_1_158' title='bbox 3495 1119 3547 1173; x_wconf 86' lang='grc' dir='ltr'><strong>οἱ</strong></span> <span class='ocrx_word' id='word_1_159' title='bbox 3574 1118 3690 1170; x_wconf 80' lang='grc' dir='ltr'>δια-</span> 
     </span>
    </p>
   </div>
   <div class='ocr_carea' id='block_1_26' title="bbox 2100 1215 2569 1287">
    <p class='ocr_par' dir='ltr' id='par_1_26' title="bbox 2100 1215 2569 1287">
     <span class='ocr_line' id='line_1_26' title="bbox 2100 1215 2569 1287; baseline 0.009 -20"><span class='ocrx_word' id='word_1_160' title='bbox 2100 1215 2350 1287; x_wconf 75' lang='grc' dir='ltr'>λογισμοὶ</span> <span class='ocrx_word' id='word_1_161' title='bbox 2380 1217 2569 1272; x_wconf 80' lang='grc' dir='ltr'>αὑτοῦ.</span> 
     </span>
    </p>
   </div>
   <div class='ocr_carea' id='block_1_27' title="bbox 2173 1301 3563 1379">
    <p class='ocr_par' dir='ltr' id='par_1_27' title="bbox 2173 1301 3563 1379">
     <span class='ocr_line' id='line_1_27' title="bbox 2173 1301 3563 1379; baseline -0.006 -17"><span class='ocrx_word' id='word_1_162' title='bbox 2173 1307 2226 1362; x_wconf 89' lang='grc'><strong>8.</strong></span> <span class='ocrx_word' id='word_1_163' title='bbox 2266 1309 2569 1379; x_wconf 80' lang='grc' dir='ltr'><strong>Μακάριος,</strong></span> <span class='ocrx_word' id='word_1_164' title='bbox 2599 1303 2660 1360; x_wconf 75' lang='grc' dir='ltr'><strong>οὗ</strong></span> <span class='ocrx_word' id='word_1_165' title='bbox 2689 1311 2716 1361; x_wconf 98' lang='lat'><strong>6</strong></span> <span class='ocrx_word' id='word_1_166' title='bbox 2745 1307 2878 1370; x_wconf 89' lang='grc' dir='ltr'>Θεὸς</span> <span class='ocrx_word' id='word_1_167' title='bbox 2902 1305 3099 1359; x_wconf 83' lang='grc' dir='ltr'>Ἰακὼὸ</span> <span class='ocrx_word' id='word_1_168' title='bbox 3131 1304 3325 1376; x_wconf 87' lang='grc' dir='ltr'>βοηθὸς</span> <span class='ocrx_word' id='word_1_169' title='bbox 3357 1301 3528 1356; x_wconf 72' lang='grc' dir='ltr'>αὑτοῦ</span> <span class='ocrx_word' id='word_1_170' title='bbox 3549 1319 3563 1332; x_wconf 82' lang='grc'>⁶</span> 
     </span>
    </p>
   </div>
   <div class='ocr_carea' id='block_1_28' title="bbox 2175 1393 3550 1471">
    <p class='ocr_par' dir='ltr' id='par_1_28' title="bbox 2175 1393 3550 1471">
     <span class='ocr_line' id='line_1_28' title="bbox 2175 1393 3550 1471; baseline -0.004 -19"><span class='ocrx_word' id='word_1_171' title='bbox 2175 1399 2227 1452; x_wconf 89' lang='lat'><strong>9.</strong></span> <span class='ocrx_word' id='word_1_172' title='bbox 2255 1399 2318 1452; x_wconf 85' lang='grc' dir='ltr'><strong><em>Ἠ</em></strong></span> <span class='ocrx_word' id='word_1_173' title='bbox 2344 1402 2498 1463; x_wconf 76' lang='grc' dir='ltr'>ἐλπὶς</span> <span class='ocrx_word' id='word_1_174' title='bbox 2531 1401 2694 1453; x_wconf 79' lang='grc' dir='ltr'>αὐτοῦ</span> <span class='ocrx_word' id='word_1_175' title='bbox 2727 1403 2821 1454; x_wconf 74' lang='grc' dir='ltr'>ἐπὶ</span> <span class='ocrx_word' id='word_1_176' title='bbox 2843 1401 3045 1471; x_wconf 81' lang='grc' dir='ltr'>Κύριον</span> <span class='ocrx_word' id='word_1_177' title='bbox 3078 1397 3168 1450; x_wconf 90' lang='grc' dir='ltr'><strong>τὸν</strong></span> <span class='ocrx_word' id='word_1_178' title='bbox 3192 1397 3324 1449; x_wconf 87' lang='grc' dir='ltr'>Θεὸν</span> <span class='ocrx_word' id='word_1_179' title='bbox 3355 1393 3550 1456; x_wconf 80' lang='grc' dir='ltr'>αὐτοῦ,</span> 
     </span>
    </p>
   </div>
   <div class='ocr_carea' id='block_1_29' title="bbox 2178 1487 3697 1565">
    <p class='ocr_par' dir='ltr' id='par_1_29' title="bbox 2178 1487 3697 1565">
     <span class='ocr_line' id='line_1_29' title="bbox 2178 1487 3697 1565; baseline 0.005 -21"><span class='ocrx_word' id='word_1_180' title='bbox 2178 1491 2263 1547; x_wconf 86' lang='grc'><strong>10.</strong></span> <span class='ocrx_word' id='word_1_181' title='bbox 2306 1494 2409 1546; x_wconf 89' lang='grc' dir='ltr'><strong>Τὸν</strong></span> <span class='ocrx_word' id='word_1_182' title='bbox 2443 1496 2746 1565; x_wconf 83' lang='grc' dir='ltr'>ποιήσαντα</span> <span class='ocrx_word' id='word_1_183' title='bbox 2788 1495 2876 1547; x_wconf 91' lang='grc' dir='ltr'><strong>τὸν</strong></span> <span class='ocrx_word' id='word_1_184' title='bbox 2917 1493 3145 1564; x_wconf 81' lang='grc' dir='ltr'>οὐρανὸν</span> <span class='ocrx_word' id='word_1_185' title='bbox 3173 1492 3266 1545; x_wconf 79' lang='grc' dir='ltr'><strong>καὶ</strong></span> <span class='ocrx_word' id='word_1_186' title='bbox 3299 1490 3400 1561; x_wconf 83' lang='grc' dir='ltr'>τὴν</span> <span class='ocrx_word' id='word_1_187' title='bbox 3429 1488 3562 1557; x_wconf 73' lang='grc' dir='ltr'>γῆνν</span> <span class='ocrx_word' id='word_1_188' title='bbox 3593 1487 3697 1556; x_wconf 61' lang='grc' dir='ltr'><strong>τὴν</strong></span> 
     </span>
    </p>
   </div>
   <div class='ocr_carea' id='block_1_30' title="bbox 2107 1581 3138 1646">
    <p class='ocr_par' dir='ltr' id='par_1_30' title="bbox 2107 1581 3138 1646">
     <span class='ocr_line' id='line_1_30' title="bbox 2107 1581 3138 1646; baseline 0.005 -14"><span class='ocrx_word' id='word_1_189' title='bbox 2107 1581 2378 1636; x_wconf 74' lang='grc' dir='ltr'>θάλασσαν</span> <span class='ocrx_word' id='word_1_190' title='bbox 2403 1586 2497 1637; x_wconf 73' lang='grc' dir='ltr'>καὶ</span> <span class='ocrx_word' id='word_1_191' title='bbox 2531 1586 2708 1638; x_wconf 83' lang='grc' dir='ltr'>πάντα</span> <span class='ocrx_word' id='word_1_192' title='bbox 2732 1586 2802 1639; x_wconf 76' lang='grc' dir='ltr'>τὰ</span> <span class='ocrx_word' id='word_1_193' title='bbox 2835 1587 2891 1639; x_wconf 87' lang='grc' dir='ltr'>ὲν</span> <span class='ocrx_word' id='word_1_194' title='bbox 2923 1586 3106 1646; x_wconf 83' lang='grc' dir='ltr'>αὐτοῖς</span> <span class='ocrx_word' id='word_1_195' title='bbox 3126 1603 3138 1615; x_wconf 86' lang='grc'><strong>·</strong></span> 
     </span>
    </p>
   </div>
   <div class='ocr_carea' id='block_1_31' title="bbox 484 1696 2044 1774">
    <p class='ocr_par' dir='ltr' id='par_1_31' title="bbox 484 1696 2044 1774">
     <span class='ocr_line' id='line_1_31' title="bbox 484 1696 2044 1774; baseline -0.002 -23"><span class='ocrx_word' id='word_1_196' title='bbox 484 1701 561 1774; x_wconf 81' lang='lat' dir='ltr'><strong>(a)</strong></span> <span class='ocrx_word' id='word_1_197' title='bbox 603 1699 754 1754; x_wconf 84' lang='lat' dir='ltr'><strong>Vers.</strong></span> <span class='ocrx_word' id='word_1_198' title='bbox 783 1697 1098 1774; x_wconf 35' lang='lat' dir='ltr'><strong>Salgatéit‘t</strong></span> <span class='ocrx_word' id='word_1_199' title='bbox 1123 1696 1440 1774; x_wconf 58' lang='lat' dir='ltr'><strong>ui06;,_etc.</strong></span> <span class='ocrx_word' id='word_1_200' title='bbox 1482 1696 1545 1751; x_wconf 75' lang='grc' dir='ltr'>ν.</span> <span class='ocrx_word' id='word_1_201' title='bbox 1584 1698 1637 1753; x_wconf 96' lang='grc'><strong>6.</strong></span> <span class='ocrx_word' id='word_1_202' title='bbox 1683 1699 2044 1763; x_wconf 62' lang='grc' dir='ltr'>Ἐξελεύσεται</span> 
     </span>
    </p>
   </div>
   <div class='ocr_carea' id='block_1_32' title="bbox 2170 1696 3699 1774">
    <p class='ocr_par' dir='ltr' id='par_1_32' title="bbox 2173 1699 3699 1774">
     <span class='ocr_line' id='line_1_32' title="bbox 2173 1699 3699 1774; baseline -0.003 -20"><span class='ocrx_word' id='word_1_203' title='bbox 2173 1718 2246 1766; x_wconf 85' lang='lat' dir='ltr'><strong>e.,</strong></span> <span class='ocrx_word' id='word_1_204' title='bbox 2285 1703 2643 1774; x_wconf 74' lang='grc' dir='ltr'>ἀποστρέψει,</span> <span class='ocrx_word' id='word_1_205' title='bbox 2681 1713 2810 1768; x_wconf 91' lang='lat' dir='ltr'><strong>etc.,</strong></span> <span class='ocrx_word' id='word_1_206' title='bbox 2859 1719 3035 1773; x_wconf 84' lang='lat' dir='ltr'><strong>usque</strong></span> <span class='ocrx_word' id='word_1_207' title='bbox 3069 1703 3135 1756; x_wconf 88' lang='lat' dir='ltr'><strong>ad</strong></span> <span class='ocrx_word' id='word_1_208' title='bbox 3184 1700 3374 1755; x_wconf 78' lang='grc' dir='ltr'>αὐτοῦ.</span> <span class='ocrx_word' id='word_1_209' title='bbox 3413 1699 3477 1753; x_wconf 70' lang='grc' dir='ltr'>γ.</span> <span class='ocrx_word' id='word_1_210' title='bbox 3519 1699 3572 1751; x_wconf 91' lang='lat'><strong>7.</strong></span> <span class='ocrx_word' id='word_1_211' title='bbox 3607 1699 3699 1750; x_wconf 83' lang='grc' dir='ltr'>Ἐν</span> 
     </span>
    </p>
   </div>
   <div class='ocr_carea' id='block_1_33' title="bbox 413 1768 1452 1842">
    <p class='ocr_par' dir='ltr' id='par_1_33' title="bbox 413 1768 1452 1842">
     <span class='ocr_line' id='line_1_33' title="bbox 413 1768 1452 1842; baseline -0.004 -18"><span class='ocrx_word' id='word_1_212' title='bbox 413 1768 619 1842; x_wconf 55' lang='grc' dir='ltr'><strong>³’κείνιεμ</strong></span> <span class='ocrx_word' id='word_1_213' title='bbox 648 1781 775 1833; x_wconf 85' lang='lat' dir='ltr'><strong>etc.,</strong></span> <span class='ocrx_word' id='word_1_214' title='bbox 808 1770 855 1821; x_wconf 89' lang='grc' dir='ltr'>οἱ</span> <span class='ocrx_word' id='word_1_215' title='bbox 889 1768 1230 1837; x_wconf 80' lang='grc' dir='ltr'>διαλογισμοὶ</span> <span class='ocrx_word' id='word_1_216' title='bbox 1255 1768 1452 1821; x_wconf 79' lang='grc' dir='ltr'>αὐτῶν.</span> 
     </span>
    </p>
   </div>
   <div class='ocr_carea' id='block_1_34' title="bbox 1561 1881 2560 1937">
    <p class='ocr_par' dir='ltr' id='par_1_34' title="bbox 1561 1881 2560 1937">
     <span class='ocr_line' id='line_1_34' title="bbox 1561 1881 2560 1937; baseline 0 -1"><span class='ocrx_word' id='word_1_217' title='bbox 1561 1882 1936 1937; x_wconf 79' lang='lat' dir='ltr'><strong>ATHANASII</strong></span> <span class='ocrx_word' id='word_1_218' title='bbox 1975 1881 2560 1937; x_wconf 75' lang='lat' dir='ltr'><strong>INTERPRETATIO.</strong></span> 
     </span>
    </p>
   </div>
   <div class='ocr_carea' id='block_1_35' title="bbox 495 1965 3699 2044">
    <p class='ocr_par' dir='ltr' id='par_1_35' title="bbox 495 1965 3699 2044">
     <span class='ocr_line' id='line_1_35' title="bbox 495 1965 3699 2044; baseline -0.001 -20"><span class='ocrx_word' id='word_1_219' title='bbox 495 1973 561 2025; x_wconf 84' lang='lat' dir='ltr'><strong>&#39;H</strong></span> <span class='ocrx_word' id='word_1_220' title='bbox 588 1970 921 2044; x_wconf 80' lang='grc' dir='ltr'>προκειμένη</span> <span class='ocrx_word' id='word_1_221' title='bbox 953 1971 1232 2044; x_wconf 74' lang='grc' dir='ltr'>ἐπιγραφὴ</span> <span class='ocrx_word' id='word_1_222' title='bbox 1259 1972 1506 2044; x_wconf 78' lang='grc' dir='ltr'>περιέχει</span> <span class='ocrx_word' id='word_1_223' title='bbox 1537 1973 1633 2044; x_wconf 89' lang='grc'><strong>(1)·</strong></span> <span class='ocrx_word' id='word_1_224' title='bbox 1670 1974 2042 2042; x_wconf 61' lang='grc' dir='ltr'>Ἁλληλοωα,</span> <span class='ocrx_word' id='word_1_225' title='bbox 2061 1973 2325 2042; x_wconf 73' lang='grc' dir='ltr'>Ἀγγαίου</span> <span class='ocrx_word' id='word_1_226' title='bbox 2359 1973 2457 2026; x_wconf 80' lang='grc' dir='ltr'>καὶ</span> <span class='ocrx_word' id='word_1_227' title='bbox 2490 1974 2788 2043; x_wconf 81' lang='grc' dir='ltr'><strong>Ζαχαρίου</strong></span> <span class='ocrx_word' id='word_1_228' title='bbox 2807 1991 2821 2005; x_wconf 87' lang='grc'><strong>·</strong></span> <span class='ocrx_word' id='word_1_229' title='bbox 2849 1973 3190 2041; x_wconf 71' lang='grc' dir='ltr'><strong>ἀλληλούὶὶι</strong></span> <span class='ocrx_word' id='word_1_230' title='bbox 3211 1965 3304 2024; x_wconf 82' lang='grc' dir='ltr'><strong>οὖν</strong></span> <span class='ocrx_word' id='word_1_231' title='bbox 3326 1971 3699 2040; x_wconf 73' lang='grc' dir='ltr'>ὲρμηνεύετεῖι</span> 
     </span>
    </p>
   </div>
   <div class='ocr_carea' id='block_1_36' title="bbox 414 2063 3703 2137">
    <p class='ocr_par' dir='ltr' id='par_1_36' title="bbox 414 2063 3703 2137">
     <span class='ocr_line' id='line_1_36' title="bbox 414 2063 3703 2137; baseline -0.002 -15"><span class='ocrx_word' id='word_1_232' title='bbox 414 2067 716 2132; x_wconf 75' lang='grc' dir='ltr'>αὶνέσατε,</span> <span class='ocrx_word' id='word_1_233' title='bbox 759 2066 1072 2136; x_wconf 75' lang='grc' dir='ltr'>ὑμνήσατε</span> <span class='ocrx_word' id='word_1_234' title='bbox 1099 2068 1207 2121; x_wconf 73' lang='grc' dir='ltr'>τὸν·</span> <span class='ocrx_word' id='word_1_235' title='bbox 1248 2066 1392 2118; x_wconf 82' lang='grc' dir='ltr'>ὄντα</span> <span class='ocrx_word' id='word_1_236' title='bbox 1433 2066 1613 2118; x_wconf 77' lang='grc' dir='ltr'><strong>Θεόν·</strong></span> <span class='ocrx_word' id='word_1_237' title='bbox 1664 2066 1928 2134; x_wconf 64' lang='grc' dir='ltr'>Ἀγγαίου</span> <span class='ocrx_word' id='word_1_238' title='bbox 1977 2065 2033 2118; x_wconf 80' lang='grc' dir='ltr'>δὲ</span> <span class='ocrx_word' id='word_1_239' title='bbox 2069 2065 2427 2137; x_wconf 81' lang='grc' dir='ltr'>ἑρμηνεύεται</span> <span class='ocrx_word' id='word_1_240' title='bbox 2469 2066 2874 2134; x_wconf 77' lang='grc' dir='ltr'>ὲορτὰζοντος³</span> <span class='ocrx_word' id='word_1_241' title='bbox 2911 2065 3209 2134; x_wconf 83' lang='grc' dir='ltr'>Ζαχαρίου</span> <span class='ocrx_word' id='word_1_242' title='bbox 3241 2063 3298 2116; x_wconf 81' lang='grc' dir='ltr'>δὲ</span> <span class='ocrx_word' id='word_1_243' title='bbox 3330 2063 3703 2133; x_wconf 78' lang='grc' dir='ltr'>ἑρμηνεύεται</span> 
     </span>
    </p>
   </div>
   <div class='ocr_carea' id='block_1_37' title="bbox 414 2155 3700 2234">
    <p class='ocr_par' dir='ltr' id='par_1_37' title="bbox 414 2155 3700 2234">
     <span class='ocr_line' id='line_1_37' title="bbox 414 2155 3700 2234; baseline -0.002 -19"><span class='ocrx_word' id='word_1_244' title='bbox 414 2162 554 2229; x_wconf 82' lang='grc' dir='ltr'>νίκη</span> <span class='ocrx_word' id='word_1_245' title='bbox 583 2161 848 2226; x_wconf 76' lang='grc' dir='ltr'>λέοντος.</span> <span class='ocrx_word' id='word_1_246' title='bbox 875 2161 1134 2214; x_wconf 82' lang='grc' dir='ltr'>Αίνέσατε</span> <span class='ocrx_word' id='word_1_247' title='bbox 1165 2155 1257 2214; x_wconf 73' lang='grc' dir='ltr'>οὖν</span> <span class='ocrx_word' id='word_1_248' title='bbox 1285 2161 1382 2232; x_wconf 85' lang='grc' dir='ltr'><strong>τὴν</strong></span> <span class='ocrx_word' id='word_1_249' title='bbox 1416 2161 1610 2231; x_wconf 81' lang='grc' dir='ltr'>ἑορτὴν</span> <span class='ocrx_word' id='word_1_250' title='bbox 1634 2161 1742 2214; x_wconf 83' lang='grc' dir='ltr'>τῶν</span> <span class='ocrx_word' id='word_1_251' title='bbox 1776 2162 2114 2233; x_wconf 84' lang='grc' dir='ltr'>παθημάτων</span> <span class='ocrx_word' id='word_1_252' title='bbox 2138 2163 2230 2215; x_wconf 80' lang='grc' dir='ltr'>τοῦ</span> <span class='ocrx_word' id='word_1_253' title='bbox 2264 2163 2479 2226; x_wconf 80' lang='grc' dir='ltr'>λέοντος</span> <span class='ocrx_word' id='word_1_254' title='bbox 2505 2164 2598 2216; x_wconf 82' lang='grc' dir='ltr'>τοῦ</span> <span class='ocrx_word' id='word_1_255' title='bbox 2632 2163 2877 2234; x_wconf 82' lang='grc' dir='ltr'>νικητοῦ,</span> <span class='ocrx_word' id='word_1_256' title='bbox 2897 2160 3071 2233; x_wconf 88' lang='grc' dir='ltr'><strong>Ἰησοῦ</strong></span> <span class='ocrx_word' id='word_1_257' title='bbox 3112 2161 3205 2214; x_wconf 80' lang='grc' dir='ltr'>τοῦ</span> <span class='ocrx_word' id='word_1_258' title='bbox 3253 2160 3469 2230; x_wconf 86' lang='grc' dir='ltr'>Κυρίου</span> <span class='ocrx_word' id='word_1_259' title='bbox 3518 2159 3700 2230; x_wconf 78' lang='grc' dir='ltr'>ἡμῶν.</span> 
     </span>
    </p>
   </div>
   <div class='ocr_carea' id='block_1_38' title="bbox 412 2254 2764 2329">
    <p class='ocr_par' dir='ltr' id='par_1_38' title="bbox 412 2254 2764 2329">
     <span class='ocr_line' id='line_1_38' title="bbox 412 2254 2764 2329; baseline 0.001 -19"><span class='ocrx_word' id='word_1_260' title='bbox 412 2257 507 2310; x_wconf 86' lang='grc' dir='ltr'>Διὸ</span> <span class='ocrx_word' id='word_1_261' title='bbox 536 2257 630 2309; x_wconf 82' lang='grc' dir='ltr'><strong>καὶ</strong></span> <span class='ocrx_word' id='word_1_262' title='bbox 662 2258 690 2310; x_wconf 88' lang='lat'><strong>6</strong></span> <span class='ocrx_word' id='word_1_263' title='bbox 719 2256 1015 2328; x_wconf 80' lang='grc' dir='ltr'><strong>Προφήτης</strong></span> <span class='ocrx_word' id='word_1_264' title='bbox 1039 2257 1173 2309; x_wconf 83' lang='grc' dir='ltr'>αὐτὸ</span> <span class='ocrx_word' id='word_1_265' title='bbox 1195 2254 1356 2308; x_wconf 81' lang='grc' dir='ltr'>τοῦτο</span> <span class='ocrx_word' id='word_1_266' title='bbox 1385 2256 1613 2326; x_wconf 86' lang='grc' dir='ltr'>ἄρχεται</span> <span class='ocrx_word' id='word_1_267' title='bbox 1639 2256 1727 2309; x_wconf 85' lang='grc' dir='ltr'>διὰ</span> <span class='ocrx_word' id='word_1_268' title='bbox 1759 2257 1852 2309; x_wconf 79' lang='grc' dir='ltr'>τοῦ</span> <span class='ocrx_word' id='word_1_269' title='bbox 1887 2258 2065 2326; x_wconf 83' lang='grc' dir='ltr'>λέγειν</span> <span class='ocrx_word' id='word_1_270' title='bbox 2085 2274 2098 2288; x_wconf 82' lang='lat'><strong><em>°</em></strong></span> <span class='ocrx_word' id='word_1_271' title='bbox 2132 2259 2318 2322; x_wconf 58' lang='lat' dir='ltr'><strong>Atrei,</strong></span> <span class='ocrx_word' id='word_1_272' title='bbox 2353 2260 2392 2327; x_wconf 75' lang='grc' dir='ltr'><strong>ἠ</strong></span> <span class='ocrx_word' id='word_1_273' title='bbox 2422 2261 2594 2329; x_wconf 65' lang='grc' dir='ltr'><strong>ψυχή</strong></span> <span class='ocrx_word' id='word_1_274' title='bbox 2624 2278 2764 2329; x_wconf 85' lang='grc' dir='ltr'>μου.</span> 
     </span>
    </p>
   </div>
   <div class='ocr_carea' id='block_1_39' title="bbox 488 2347 3704 2421">
    <p class='ocr_par' dir='ltr' id='par_1_39' title="bbox 488 2347 3704 2421">
     <span class='ocr_line' id='line_1_39' title="bbox 488 2347 3704 2421; baseline -0.002 -17"><span class='ocrx_word' id='word_1_275' title='bbox 488 2349 704 2406; x_wconf 83' lang='lat' dir='ltr'><strong>Titulus</strong></span> <span class='ocrx_word' id='word_1_276' title='bbox 730 2349 1056 2420; x_wconf 57' lang='lat' dir='ltr'><strong>pra’positus</strong></span> <span class='ocrx_word' id='word_1_277' title='bbox 1090 2349 1373 2402; x_wconf 87' lang='lat' dir='ltr'><strong>continet:</strong></span> <span class='ocrx_word' id='word_1_278' title='bbox 1408 2347 1679 2416; x_wconf 81' lang='lat' dir='ltr'><strong>Alleluia,</strong></span> <span class='ocrx_word' id='word_1_279' title='bbox 1730 2348 1950 2420; x_wconf 75' lang='lat' dir='ltr'><strong>Aggwi,</strong></span> <span class='ocrx_word' id='word_1_280' title='bbox 1995 2361 2046 2404; x_wconf 88' lang='lat' dir='ltr'><strong>et</strong></span> <span class='ocrx_word' id='word_1_281' title='bbox 2098 2349 2418 2405; x_wconf 64' lang='lat' dir='ltr'><strong>Zachariae:</strong></span> <span class='ocrx_word' id='word_1_282' title='bbox 2455 2352 2675 2406; x_wconf 81' lang='lat' dir='ltr'><strong>alleluia</strong></span> <span class='ocrx_word' id='word_1_283' title='bbox 2716 2351 2884 2421; x_wconf 77' lang='lat' dir='ltr'><strong>igitur</strong></span> <span class='ocrx_word' id='word_1_284' title='bbox 2921 2351 3315 2419; x_wconf 89' lang='lat' dir='ltr'><strong>interpretatur</strong></span> <span class='ocrx_word' id='word_1_285' title='bbox 3347 2359 3610 2410; x_wconf 71' lang='lat' dir='ltr'><strong>tauaate,</strong></span> <span class='ocrx_word' id='word_1_286' title='bbox 3657 2356 3704 2399; x_wconf 80' lang='lat' dir='ltr'><strong>et</strong></span> 
     </span>
    </p>
   </div>
   <div class='ocr_carea' id='block_1_40' title="bbox 420 2438 3705 2513">
    <p class='ocr_par' dir='ltr' id='par_1_40' title="bbox 420 2438 3705 2513">
     <span class='ocr_line' id='line_1_40' title="bbox 420 2438 3705 2513; baseline -0.002 -18"><span class='ocrx_word' id='word_1_287' title='bbox 420 2439 676 2510; x_wconf 81' lang='lat' dir='ltr'><strong>hymnum</strong></span> <span class='ocrx_word' id='word_1_288' title='bbox 697 2440 860 2493; x_wconf 78' lang='lat' dir='ltr'><strong>dicite</strong></span> <span class='ocrx_word' id='word_1_289' title='bbox 891 2438 1000 2492; x_wconf 84' lang='lat' dir='ltr'><strong>Deo</strong></span> <span class='ocrx_word' id='word_1_290' title='bbox 1030 2455 1149 2493; x_wconf 83' lang='lat' dir='ltr'><strong>vero</strong></span> <span class='ocrx_word' id='word_1_291' title='bbox 1183 2456 1200 2492; x_wconf 89' lang='lat'><strong><em>:</em></strong></span> <span class='ocrx_word' id='word_1_292' title='bbox 1237 2439 1419 2510; x_wconf 73' lang='lat' dir='ltr'><strong>Aggwi</strong></span> <span class='ocrx_word' id='word_1_293' title='bbox 1457 2449 1639 2494; x_wconf 90' lang='lat' dir='ltr'><strong>autem</strong></span> <span class='ocrx_word' id='word_1_294' title='bbox 1671 2442 2064 2510; x_wconf 85' lang='lat' dir='ltr'><strong>interpretatur</strong></span> <span class='ocrx_word' id='word_1_295' title='bbox 2108 2444 2300 2510; x_wconf 79' lang='lat' dir='ltr'><strong>festum</strong></span> <span class='ocrx_word' id='word_1_296' title='bbox 2343 2444 2544 2513; x_wconf 82' lang='lat' dir='ltr'><strong>agentis</strong></span> <span class='ocrx_word' id='word_1_297' title='bbox 2581 2460 2598 2496; x_wconf 93' lang='lat'><em>:</em></span> <span class='ocrx_word' id='word_1_298' title='bbox 2631 2441 2913 2497; x_wconf 65' lang='lat' dir='ltr'><strong>Zachariae</strong></span> <span class='ocrx_word' id='word_1_299' title='bbox 2948 2457 3079 2495; x_wconf 85' lang='lat' dir='ltr'><strong>vero</strong></span> <span class='ocrx_word' id='word_1_300' title='bbox 3107 2442 3506 2510; x_wconf 86' lang='lat' dir='ltr'><strong>interpretatur</strong></span> <span class='ocrx_word' id='word_1_301' title='bbox 3535 2443 3705 2492; x_wconf 81' lang='lat' dir='ltr'><strong>victo-</strong></span> 
     </span>
    </p>
   </div>
   <div class='ocr_carea' id='block_1_41' title="bbox 418 2526 3707 2604">
    <p class='ocr_par' dir='ltr' id='par_1_41' title="bbox 418 2526 3707 2604">
     <span class='ocr_line' id='line_1_41' title="bbox 418 2526 3707 2604; baseline -0.001 -17"><span class='ocrx_word' id='word_1_302' title='bbox 418 2534 518 2587; x_wconf 66' lang='lat' dir='ltr'><strong>riae</strong></span> <span class='ocrx_word' id='word_1_303' title='bbox 561 2531 748 2585; x_wconf 81' lang='lat' dir='ltr'><strong>leonis.</strong></span> <span class='ocrx_word' id='word_1_304' title='bbox 801 2529 1046 2586; x_wconf 88' lang='lat' dir='ltr'><strong>Laudate</strong></span> <span class='ocrx_word' id='word_1_305' title='bbox 1076 2532 1245 2600; x_wconf 77' lang='lat' dir='ltr'><strong>Igitur</strong></span> <span class='ocrx_word' id='word_1_306' title='bbox 1279 2530 1480 2586; x_wconf 78' lang='lat' dir='ltr'><strong>festum</strong></span> <span class='ocrx_word' id='word_1_307' title='bbox 1509 2532 1782 2600; x_wconf 90' lang='lat' dir='ltr'><strong>passionis</strong></span> <span class='ocrx_word' id='word_1_308' title='bbox 1813 2533 2013 2598; x_wconf 87' lang='lat' dir='ltr'><strong>leonis,</strong></span> <span class='ocrx_word' id='word_1_309' title='bbox 2046 2535 2141 2604; x_wconf 89' lang='lat' dir='ltr'><strong>qui</strong></span> <span class='ocrx_word' id='word_1_310' title='bbox 2191 2535 2478 2594; x_wconf 86' lang='lat' dir='ltr'><strong>victoriam</strong></span> <span class='ocrx_word' id='word_1_311' title='bbox 2513 2534 2724 2601; x_wconf 90' lang='lat' dir='ltr'><strong>retulit,</strong></span> <span class='ocrx_word' id='word_1_312' title='bbox 2752 2532 2879 2589; x_wconf 85' lang='lat' dir='ltr'><strong>Jesu</strong></span> <span class='ocrx_word' id='word_1_313' title='bbox 2913 2531 3132 2588; x_wconf 89' lang='lat' dir='ltr'><strong>Domini</strong></span> <span class='ocrx_word' id='word_1_314' title='bbox 3167 2533 3364 2586; x_wconf 90' lang='lat' dir='ltr'><strong>nostri.</strong></span> <span class='ocrx_word' id='word_1_315' title='bbox 3402 2526 3707 2600; x_wconf 86' lang='lat' dir='ltr'><strong>Propterea</strong></span> 
     </span>
    </p>
   </div>
   <div class='ocr_carea' id='block_1_42' title="bbox 420 2621 2575 2692">
    <p class='ocr_par' dir='ltr' id='par_1_42' title="bbox 420 2621 2575 2692">
     <span class='ocr_line' id='line_1_42' title="bbox 420 2621 2575 2692; baseline 0 -14"><span class='ocrx_word' id='word_1_316' title='bbox 420 2632 474 2678; x_wconf 86' lang='lat' dir='ltr'><strong>et</strong></span> <span class='ocrx_word' id='word_1_317' title='bbox 496 2621 771 2692; x_wconf 87' lang='lat' dir='ltr'><strong>Propheta</strong></span> <span class='ocrx_word' id='word_1_318' title='bbox 805 2637 872 2677; x_wconf 78' lang='lat' dir='ltr'><strong>ex</strong></span> <span class='ocrx_word' id='word_1_319' title='bbox 916 2621 1022 2676; x_wconf 94' lang='lat' dir='ltr'><strong>hoc</strong></span> <span class='ocrx_word' id='word_1_320' title='bbox 1051 2621 1173 2692; x_wconf 91' lang='lat' dir='ltr'><strong>ipso</strong></span> <span class='ocrx_word' id='word_1_321' title='bbox 1210 2621 1498 2676; x_wconf 77' lang='lat' dir='ltr'><strong>exorditur</strong></span> <span class='ocrx_word' id='word_1_322' title='bbox 1534 2623 1767 2678; x_wconf 90' lang='lat' dir='ltr'><strong>dicendo</strong></span> <span class='ocrx_word' id='word_1_323' title='bbox 1799 2643 1814 2678; x_wconf 87' lang='lat'><strong>:</strong></span> <span class='ocrx_word' id='word_1_324' title='bbox 1852 2623 2062 2692; x_wconf 87' lang='lat' dir='ltr'><strong>Lauda,</strong></span> <span class='ocrx_word' id='word_1_325' title='bbox 2094 2627 2274 2679; x_wconf 88' lang='lat' dir='ltr'><strong>anima</strong></span> <span class='ocrx_word' id='word_1_326' title='bbox 2299 2642 2434 2691; x_wconf 90' lang='lat' dir='ltr'><strong>mea,</strong></span> <span class='ocrx_word' id='word_1_327' title='bbox 2469 2635 2575 2681; x_wconf 87' lang='lat' dir='ltr'><strong>etc.</strong></span> 
     </span>
    </p>
   </div>
   <div class='ocr_carea' id='block_1_43' title="bbox 492 2715 2044 2791">
    <p class='ocr_par' dir='ltr' id='par_1_43' title="bbox 492 2716 2044 2789">
     <span class='ocr_line' id='line_1_43' title="bbox 492 2716 2044 2789; baseline 0.003 -18"><span class='ocrx_word' id='word_1_328' title='bbox 492 2719 545 2771; x_wconf 89' lang='grc'><strong>1.</strong></span> <span class='ocrx_word' id='word_1_329' title='bbox 583 2716 798 2774; x_wconf 88' lang='lat' dir='ltr'><strong>Laudes</strong></span> <span class='ocrx_word' id='word_1_330' title='bbox 839 2717 1033 2788; x_wconf 82' lang='lat' dir='ltr'><strong>dignas</strong></span> <span class='ocrx_word' id='word_1_331' title='bbox 1065 2717 1301 2788; x_wconf 86' lang='lat' dir='ltr'><strong>repende</strong></span> <span class='ocrx_word' id='word_1_332' title='bbox 1341 2716 1576 2772; x_wconf 92' lang='lat' dir='ltr'><strong>Domino</strong></span> <span class='ocrx_word' id='word_1_333' title='bbox 1608 2727 1723 2785; x_wconf 91' lang='lat' dir='ltr'><strong>tuo,</strong></span> <span class='ocrx_word' id='word_1_334' title='bbox 1752 2721 1846 2789; x_wconf 90' lang='lat' dir='ltr'><strong>qui</strong></span> <span class='ocrx_word' id='word_1_335' title='bbox 1879 2721 2001 2776; x_wconf 91' lang='lat' dir='ltr'><strong>red-</strong></span> <span class='ocrx_word' id='word_1_336' title='bbox 2031 2735 2044 2789; x_wconf 89' lang='lat'><strong>]</strong></span> 
     </span>
    </p>
   </div>
   <div class='ocr_carea' id='block_1_44' title="bbox 2170 2715 3710 2791">
    <p class='ocr_par' dir='ltr' id='par_1_44' title="bbox 2177 2715 3710 2791">
     <span class='ocr_line' id='line_1_44' title="bbox 2177 2715 3710 2791; baseline -0.004 -17"><span class='ocrx_word' id='word_1_337' title='bbox 2177 2723 2225 2776; x_wconf 89' lang='grc'><strong>1.</strong></span> <span class='ocrx_word' id='word_1_338' title='bbox 2250 2721 2535 2785; x_wconf 83' lang='grc' dir='ltr'>Ἐπαίνους</span> <span class='ocrx_word' id='word_1_339' title='bbox 2568 2720 2748 2787; x_wconf 65' lang='grc' dir='ltr'><strong>ἀξίου.³</strong></span> <span class='ocrx_word' id='word_1_340' title='bbox 2785 2719 3080 2790; x_wconf 81' lang='grc' dir='ltr'>ἀνάπεμπε</span> <span class='ocrx_word' id='word_1_341' title='bbox 3105 2717 3180 2788; x_wconf 85' lang='grc' dir='ltr'>τῷ</span> <span class='ocrx_word' id='word_1_342' title='bbox 3207 2715 3461 2791; x_wconf 80' lang='grc' dir='ltr'>Δεσπότῃ</span> <span class='ocrx_word' id='word_1_343' title='bbox 3504 2734 3604 2770; x_wconf 83' lang='grc' dir='ltr'><strong>σου</strong></span> <span class='ocrx_word' id='word_1_344' title='bbox 3632 2716 3710 2785; x_wconf 77' lang='grc' dir='ltr'><strong>τῷ</strong></span> 
     </span>
    </p>
   </div>
   <div class='ocr_carea' id='block_1_45' title="bbox 422 2809 1214 2880">
    <p class='ocr_par' dir='ltr' id='par_1_45' title="bbox 422 2809 1214 2880">
     <span class='ocr_line' id='line_1_45' title="bbox 422 2809 1214 2880; baseline -0.001 -12"><span class='ocrx_word' id='word_1_345' title='bbox 422 2811 554 2868; x_wconf 84' lang='lat' dir='ltr'><strong>emit</strong></span> <span class='ocrx_word' id='word_1_346' title='bbox 591 2818 643 2864; x_wconf 90' lang='lat' dir='ltr'><strong>te</strong></span> <span class='ocrx_word' id='word_1_347' title='bbox 675 2809 898 2880; x_wconf 90' lang='lat' dir='ltr'><strong>proprio</strong></span> <span class='ocrx_word' id='word_1_348' title='bbox 926 2811 1214 2880; x_wconf 84' lang='lat' dir='ltr'><strong>sanguine.</strong></span> 
     </span>
    </p>
   </div>
   <div class='ocr_carea' id='block_1_46' title="bbox 490 2899 2008 2972">
    <p class='ocr_par' dir='ltr' id='par_1_46' title="bbox 490 2899 2008 2972">
     <span class='ocr_line' id='line_1_46' title="bbox 490 2899 2008 2972; baseline 0.001 -17"><span class='ocrx_word' id='word_1_349' title='bbox 490 2903 547 2966; x_wconf 76' lang='grc'>2,</span> <span class='ocrx_word' id='word_1_350' title='bbox 568 2901 622 2956; x_wconf 80' lang='grc'>5.</span> <span class='ocrx_word' id='word_1_351' title='bbox 644 2899 904 2955; x_wconf 88' lang='lat' dir='ltr'><strong>Laudabo</strong></span> <span class='ocrx_word' id='word_1_352' title='bbox 918 2915 1064 2967; x_wconf 90' lang='lat' dir='ltr'><strong>eum,</strong></span> <span class='ocrx_word' id='word_1_353' title='bbox 1081 2901 1255 2956; x_wconf 83' lang='lat' dir='ltr'><strong>donec</strong></span> <span class='ocrx_word' id='word_1_354' title='bbox 1272 2901 1505 2971; x_wconf 90' lang='lat' dir='ltr'><strong>accipiat</strong></span> <span class='ocrx_word' id='word_1_355' title='bbox 1521 2901 1774 2972; x_wconf 88' lang='lat' dir='ltr'><strong>spiritum</strong></span> <span class='ocrx_word' id='word_1_356' title='bbox 1804 2918 2008 2968; x_wconf 89' lang='lat' dir='ltr'><strong>meum,</strong></span> 
     </span>
    </p>
   </div>
   <div class='ocr_carea' id='block_1_47' title="bbox 419 2994 2008 3064">
    <p class='ocr_par' dir='ltr' id='par_1_47' title="bbox 419 2994 2008 3064">
     <span class='ocr_line' id='line_1_47' title="bbox 419 2994 2008 3064; baseline 0.001 -15"><span class='ocrx_word' id='word_1_357' title='bbox 419 3003 477 3050; x_wconf 86' lang='lat' dir='ltr'><strong>et</strong></span> <span class='ocrx_word' id='word_1_358' title='bbox 497 3010 691 3049; x_wconf 84' lang='lat' dir='ltr'><strong>rursus</strong></span> <span class='ocrx_word' id='word_1_359' title='bbox 716 3002 1006 3064; x_wconf 91' lang='lat' dir='ltr'><strong>postquam</strong></span> <span class='ocrx_word' id='word_1_360' title='bbox 1038 2995 1313 3049; x_wconf 78' lang='lat' dir='ltr'><strong>acceperit</strong></span> <span class='ocrx_word' id='word_1_361' title='bbox 1341 2994 1459 3049; x_wconf 89' lang='lat' dir='ltr'><strong>inse</strong></span> <span class='ocrx_word' id='word_1_362' title='bbox 1507 2995 1759 3050; x_wconf 86' lang='lat' dir='ltr'><strong>soiritum</strong></span> <span class='ocrx_word' id='word_1_363' title='bbox 1804 3012 2008 3060; x_wconf 90' lang='lat' dir='ltr'><strong>meum,</strong></span> 
     </span>
    </p>
   </div>
   <div class='ocr_carea' id='block_1_48' title="bbox 421 3085 980 3142">
    <p class='ocr_par' dir='ltr' id='par_1_48' title="bbox 421 3085 980 3142">
     <span class='ocr_line' id='line_1_48' title="bbox 421 3085 980 3142; baseline -0.009 0"><span class='ocrx_word' id='word_1_364' title='bbox 421 3086 536 3142; x_wconf 90' lang='lat' dir='ltr'><strong>illic</strong></span> <span class='ocrx_word' id='word_1_365' title='bbox 560 3085 796 3139; x_wconf 90' lang='lat' dir='ltr'><strong>laudabo</strong></span> <span class='ocrx_word' id='word_1_366' title='bbox 830 3100 980 3140; x_wconf 89' lang='lat' dir='ltr'><strong>eum.</strong></span> 
     </span>
    </p>
   </div>
   <div class='ocr_carea' id='block_1_49' title="bbox 494 3175 2012 3249">
    <p class='ocr_par' dir='ltr' id='par_1_49' title="bbox 494 3175 2012 3249">
     <span class='ocr_line' id='line_1_49' title="bbox 494 3175 2012 3249; baseline 0.002 -17"><span class='ocrx_word' id='word_1_367' title='bbox 494 3179 547 3232; x_wconf 74' lang='grc'>4.</span> <span class='ocrx_word' id='word_1_368' title='bbox 587 3175 764 3232; x_wconf 88' lang='lat' dir='ltr'><strong>Nolite</strong></span> <span class='ocrx_word' id='word_1_369' title='bbox 804 3176 1105 3246; x_wconf 77' lang='lat' dir='ltr'><strong>confugere</strong></span> <span class='ocrx_word' id='word_1_370' title='bbox 1152 3178 1221 3233; x_wconf 89' lang='lat' dir='ltr'><strong>ad</strong></span> <span class='ocrx_word' id='word_1_371' title='bbox 1269 3178 1536 3233; x_wconf 81' lang='lat' dir='ltr'><strong>auxilium</strong></span> <span class='ocrx_word' id='word_1_372' title='bbox 1568 3193 1756 3233; x_wconf 88' lang='lat' dir='ltr'><strong>eorum</strong></span> <span class='ocrx_word' id='word_1_373' title='bbox 1779 3220 1794 3245; x_wconf 93' lang='lat'><strong>,</strong></span> <span class='ocrx_word' id='word_1_374' title='bbox 1828 3180 1921 3249; x_wconf 92' lang='lat' dir='ltr'><strong>qui</strong></span> <span class='ocrx_word' id='word_1_375' title='bbox 1955 3180 2012 3235; x_wconf 91' lang='lat' dir='ltr'><strong>in</strong></span> 
     </span>
    </p>
   </div>
   <div class='ocr_carea' id='block_1_50' title="bbox 425 3267 2013 3338">
    <p class='ocr_par' dir='ltr' id='par_1_50' title="bbox 425 3267 2013 3338">
     <span class='ocr_line' id='line_1_50' title="bbox 425 3267 2013 3338; baseline -0.001 -13"><span class='ocrx_word' id='word_1_376' title='bbox 425 3267 760 3326; x_wconf 84' lang='lat' dir='ltr'><strong>sublimitate</strong></span> <span class='ocrx_word' id='word_1_377' title='bbox 810 3273 976 3334; x_wconf 86' lang='lat' dir='ltr'><strong>sunt,</strong></span> <span class='ocrx_word' id='word_1_378' title='bbox 1025 3283 1199 3337; x_wconf 88' lang='lat' dir='ltr'><strong>neque</strong></span> <span class='ocrx_word' id='word_1_379' title='bbox 1251 3268 1320 3322; x_wconf 91' lang='lat' dir='ltr'><strong>ad</strong></span> <span class='ocrx_word' id='word_1_380' title='bbox 1372 3267 1518 3322; x_wconf 87' lang='lat' dir='ltr'><strong>ﬁlios</strong></span> <span class='ocrx_word' id='word_1_381' title='bbox 1563 3268 1883 3333; x_wconf 88' lang='lat' dir='ltr'><strong>hominum,</strong></span> <span class='ocrx_word' id='word_1_382' title='bbox 1917 3269 2013 3338; x_wconf 88' lang='lat' dir='ltr'><strong>qui</strong></span> 
     </span>
    </p>
   </div>
   <div class='ocr_carea' id='block_1_51' title="bbox 423 3359 2012 3429">
    <p class='ocr_par' dir='ltr' id='par_1_51' title="bbox 423 3359 2012 3429">
     <span class='ocr_line' id='line_1_51' title="bbox 423 3359 2012 3429; baseline 0 -14"><span class='ocrx_word' id='word_1_383' title='bbox 423 3376 535 3416; x_wconf 91' lang='lat' dir='ltr'><strong>non</strong></span> <span class='ocrx_word' id='word_1_384' title='bbox 586 3366 822 3429; x_wconf 89' lang='lat' dir='ltr'><strong>possunt</strong></span> <span class='ocrx_word' id='word_1_385' title='bbox 871 3373 932 3412; x_wconf 89' lang='lat' dir='ltr'><strong>se</strong></span> <span class='ocrx_word' id='word_1_386' title='bbox 978 3359 1130 3428; x_wconf 88' lang='lat' dir='ltr'><strong>ipsos</strong></span> <span class='ocrx_word' id='word_1_387' title='bbox 1190 3359 1426 3425; x_wconf 83' lang='lat' dir='ltr'><strong>salvare,</strong></span> <span class='ocrx_word' id='word_1_388' title='bbox 1475 3359 1568 3414; x_wconf 89' lang='lat' dir='ltr'><strong>sed</strong></span> <span class='ocrx_word' id='word_1_389' title='bbox 1605 3359 1660 3413; x_wconf 92' lang='lat' dir='ltr'><strong>in</strong></span> <span class='ocrx_word' id='word_1_390' title='bbox 1702 3360 1855 3414; x_wconf 89' lang='lat' dir='ltr'><strong>illum</strong></span> <span class='ocrx_word' id='word_1_391' title='bbox 1888 3375 2012 3429; x_wconf 84' lang='lat' dir='ltr'><strong>spe-</strong></span> 
     </span>
    </p>
   </div>
   <div class='ocr_carea' id='block_1_52' title="bbox 423 3450 2013 3523">
    <p class='ocr_par' dir='ltr' id='par_1_52' title="bbox 423 3450 2013 3523">
     <span class='ocr_line' id='line_1_52' title="bbox 423 3450 2013 3523; baseline -0.003 -13"><span class='ocrx_word' id='word_1_392' title='bbox 423 3463 574 3518; x_wconf 86' lang='lat' dir='ltr'><strong>rate,</strong></span> <span class='ocrx_word' id='word_1_393' title='bbox 622 3453 717 3523; x_wconf 88' lang='lat' dir='ltr'><strong>qui</strong></span> <span class='ocrx_word' id='word_1_394' title='bbox 761 3452 940 3507; x_wconf 89' lang='lat' dir='ltr'><strong>dictus</strong></span> <span class='ocrx_word' id='word_1_395' title='bbox 983 3458 1068 3506; x_wconf 88' lang='lat' dir='ltr'><strong>est</strong></span> <span class='ocrx_word' id='word_1_396' title='bbox 1116 3450 1289 3507; x_wconf 88' lang='lat' dir='ltr'><strong>Filius</strong></span> <span class='ocrx_word' id='word_1_397' title='bbox 1328 3452 1570 3507; x_wconf 91' lang='lat' dir='ltr'><strong>hominis</strong></span> <span class='ocrx_word' id='word_1_398' title='bbox 1618 3462 1840 3522; x_wconf 88' lang='lat' dir='ltr'><strong>propter</strong></span> <span class='ocrx_word' id='word_1_399' title='bbox 1885 3468 2013 3522; x_wconf 85' lang='lat' dir='ltr'><strong>pro—</strong></span> 
     </span>
    </p>
   </div>
   <div class='ocr_carea' id='block_1_53' title="bbox 423 3540 2012 3617">
    <p class='ocr_par' dir='ltr' id='par_1_53' title="bbox 423 3540 2012 3617">
     <span class='ocr_line' id='line_1_53' title="bbox 423 3540 2012 3617; baseline -0.001 -18"><span class='ocrx_word' id='word_1_400' title='bbox 423 3547 601 3617; x_wconf 92' lang='lat' dir='ltr'><strong>priam</strong></span> <span class='ocrx_word' id='word_1_401' title='bbox 630 3542 1059 3610; x_wconf 85' lang='lat' dir='ltr'><strong>humanitatem,</strong></span> <span class='ocrx_word' id='word_1_402' title='bbox 1089 3540 1341 3598; x_wconf 89' lang='lat' dir='ltr'><strong>Salvator</strong></span> <span class='ocrx_word' id='word_1_403' title='bbox 1375 3550 1560 3598; x_wconf 87' lang='lat' dir='ltr'><strong>autem</strong></span> <span class='ocrx_word' id='word_1_404' title='bbox 1593 3558 1718 3598; x_wconf 92' lang='lat' dir='ltr'><strong>cum</strong></span> <span class='ocrx_word' id='word_1_405' title='bbox 1746 3543 1817 3598; x_wconf 92' lang='lat' dir='ltr'><strong>sit</strong></span> <span class='ocrx_word' id='word_1_406' title='bbox 1846 3559 2012 3614; x_wconf 80' lang='lat' dir='ltr'><strong>gene-</strong></span> 
     </span>
    </p>
   </div>
   <div class='ocr_carea' id='block_1_54' title="bbox 423 3635 782 3693">
    <p class='ocr_par' dir='ltr' id='par_1_54' title="bbox 423 3635 782 3693">
     <span class='ocr_line' id='line_1_54' title="bbox 423 3635 782 3693; baseline -0.014 0"><span class='ocrx_word' id='word_1_407' title='bbox 423 3638 503 3693; x_wconf 85' lang='lat' dir='ltr'><strong>ris</strong></span> <span class='ocrx_word' id='word_1_408' title='bbox 534 3635 782 3691; x_wconf 90' lang='lat' dir='ltr'><strong>humani.</strong></span> 
     </span>
    </p>
   </div>
   <div class='ocr_carea' id='block_1_55' title="bbox 499 3724 2013 3796">
    <p class='ocr_par' dir='ltr' id='par_1_55' title="bbox 499 3724 2013 3796">
     <span class='ocr_line' id='line_1_55' title="bbox 499 3724 2013 3796; baseline -0.001 -15"><span class='ocrx_word' id='word_1_409' title='bbox 499 3727 560 3792; x_wconf 81' lang='lat'><strong>5,</strong></span> <span class='ocrx_word' id='word_1_410' title='bbox 599 3727 652 3781; x_wconf 91' lang='lat'><strong>6.</strong></span> <span class='ocrx_word' id='word_1_411' title='bbox 713 3724 1158 3796; x_wconf 88' lang='lat' dir='ltr'><strong>Uniuscujusque</strong></span> <span class='ocrx_word' id='word_1_412' title='bbox 1218 3725 1459 3780; x_wconf 89' lang='lat' dir='ltr'><strong>hominis</strong></span> <span class='ocrx_word' id='word_1_413' title='bbox 1521 3725 1810 3780; x_wconf 89' lang='lat' dir='ltr'><strong>morientis</strong></span> <span class='ocrx_word' id='word_1_414' title='bbox 1872 3724 2013 3780; x_wconf 85' lang='lat' dir='ltr'><strong>redit</strong></span> 
     </span>
    </p>
   </div>
   <div class='ocr_carea' id='block_1_56' title="bbox 428 3817 2010 3887">
    <p class='ocr_par' dir='ltr' id='par_1_56' title="bbox 428 3817 2010 3887">
     <span class='ocr_line' id='line_1_56' title="bbox 428 3817 2010 3887; baseline -0.003 -12"><span class='ocrx_word' id='word_1_415' title='bbox 428 3818 737 3876; x_wconf 86' lang='lat' dir='ltr'><strong>substantia</strong></span> <span class='ocrx_word' id='word_1_416' title='bbox 768 3819 827 3872; x_wconf 90' lang='lat' dir='ltr'><strong>in</strong></span> <span class='ocrx_word' id='word_1_417' title='bbox 855 3827 1077 3883; x_wconf 87' lang='lat' dir='ltr'><strong>terram,</strong></span> <span class='ocrx_word' id='word_1_418' title='bbox 1111 3833 1182 3872; x_wconf 84' lang='lat' dir='ltr'><strong>ex</strong></span> <span class='ocrx_word' id='word_1_419' title='bbox 1231 3834 1338 3887; x_wconf 89' lang='lat' dir='ltr'><strong>qua</strong></span> <span class='ocrx_word' id='word_1_420' title='bbox 1383 3827 1600 3887; x_wconf 90' lang='lat' dir='ltr'><strong>sumpta</strong></span> <span class='ocrx_word' id='word_1_421' title='bbox 1628 3826 1712 3872; x_wconf 91' lang='lat' dir='ltr'><strong>est</strong></span> <span class='ocrx_word' id='word_1_422' title='bbox 1745 3833 1758 3869; x_wconf 92' lang='lat'>:</span> <span class='ocrx_word' id='word_1_423' title='bbox 1791 3817 1883 3871; x_wconf 89' lang='lat' dir='ltr'><strong>ille</strong></span> <span class='ocrx_word' id='word_1_424' title='bbox 1909 3832 2010 3870; x_wconf 82' lang='lat' dir='ltr'><strong>au-</strong></span> 
     </span>
    </p>
   </div>
   <div class='ocr_carea' id='block_1_57' title="bbox 428 3907 2013 3979">
    <p class='ocr_par' dir='ltr' id='par_1_57' title="bbox 428 3907 2013 3979">
     <span class='ocr_line' id='line_1_57' title="bbox 428 3907 2013 3979; baseline -0.004 -10"><span class='ocrx_word' id='word_1_425' title='bbox 428 3923 539 3969; x_wconf 82' lang='lat' dir='ltr'><strong>tem</strong></span> <span class='ocrx_word' id='word_1_426' title='bbox 579 3910 752 3967; x_wconf 90' lang='lat' dir='ltr'><strong>Filius</strong></span> <span class='ocrx_word' id='word_1_427' title='bbox 779 3910 1042 3976; x_wconf 91' lang='lat' dir='ltr'><strong>hominis,</strong></span> <span class='ocrx_word' id='word_1_428' title='bbox 1072 3912 1239 3964; x_wconf 88' lang='lat' dir='ltr'><strong>etiam</strong></span> <span class='ocrx_word' id='word_1_429' title='bbox 1269 3919 1564 3979; x_wconf 88' lang='lat' dir='ltr'><strong>postquam</strong></span> <span class='ocrx_word' id='word_1_430' title='bbox 1615 3916 1871 3964; x_wconf 91' lang='lat' dir='ltr'><strong>mortuus</strong></span> <span class='ocrx_word' id='word_1_431' title='bbox 1907 3907 2013 3962; x_wconf 77' lang='lat' dir='ltr'><strong>fuit</strong></span> 
     </span>
    </p>
   </div>
   <div class='ocr_carea' id='block_1_58' title="bbox 430 4001 2010 4079">
    <p class='ocr_par' dir='ltr' id='par_1_58' title="bbox 430 4001 2010 4079">
     <span class='ocr_line' id='line_1_58' title="bbox 430 4001 2010 4079; baseline -0.004 -18"><span class='ocrx_word' id='word_1_432' title='bbox 430 4013 650 4079; x_wconf 90' lang='lat' dir='ltr'><strong>propter</strong></span> <span class='ocrx_word' id='word_1_433' title='bbox 679 4020 800 4072; x_wconf 87' lang='lat' dir='ltr'><strong>nos,</strong></span> <span class='ocrx_word' id='word_1_434' title='bbox 830 4012 885 4058; x_wconf 93' lang='lat' dir='ltr'><strong>et</strong></span> <span class='ocrx_word' id='word_1_435' title='bbox 915 4004 1272 4072; x_wconf 89' lang='lat' dir='ltr'><strong>incorruptus</strong></span> <span class='ocrx_word' id='word_1_436' title='bbox 1295 4002 1596 4072; x_wconf 87' lang='lat' dir='ltr'><strong>permansit</strong></span> <span class='ocrx_word' id='word_1_437' title='bbox 1634 4001 1858 4062; x_wconf 65' lang='lat' dir='ltr'><strong>propria</strong></span> <span class='ocrx_word' id='word_1_438' title='bbox 1898 4001 2010 4055; x_wconf 88' lang='lat' dir='ltr'><strong>vir-</strong></span> 
     </span>
    </p>
   </div>
   <div class='ocr_carea' id='block_1_59' title="bbox 365 4095 1276 4166">
    <p class='ocr_par' dir='ltr' id='par_1_59' title="bbox 365 4095 1276 4166">
     <span class='ocr_line' id='line_1_59' title="bbox 365 4095 1276 4166; baseline -0.007 -11"><span class='ocrx_word' id='word_1_439' title='bbox 365 4124 372 4130; x_wconf 87' lang='lat'><em>-</em></span> <span class='ocrx_word' id='word_1_440' title='bbox 430 4108 568 4166; x_wconf 86' lang='lat' dir='ltr'><strong>tute,</strong></span> <span class='ocrx_word' id='word_1_441' title='bbox 593 4109 648 4154; x_wconf 89' lang='lat' dir='ltr'><strong>et</strong></span> <span class='ocrx_word' id='word_1_442' title='bbox 685 4103 931 4152; x_wconf 87' lang='lat' dir='ltr'><strong>mortuos</strong></span> <span class='ocrx_word' id='word_1_443' title='bbox 960 4095 1276 4150; x_wconf 84' lang='lat' dir='ltr'><strong>viviﬁcavit.</strong></span> 
     </span>
    </p>
   </div>
   <div class='ocr_carea' id='block_1_60' title="bbox 502 4184 2005 4261">
    <p class='ocr_par' dir='ltr' id='par_1_60' title="bbox 502 4184 2005 4261">
     <span class='ocr_line' id='line_1_60' title="bbox 502 4184 2005 4261; baseline -0.002 -16"><span class='ocrx_word' id='word_1_444' title='bbox 502 4193 554 4245; x_wconf 87' lang='lat'><strong>7.</strong></span> <span class='ocrx_word' id='word_1_445' title='bbox 586 4191 646 4246; x_wconf 89' lang='lat' dir='ltr'><strong>In</strong></span> <span class='ocrx_word' id='word_1_446' title='bbox 668 4191 754 4246; x_wconf 89' lang='lat' dir='ltr'><strong>die</strong></span> <span class='ocrx_word' id='word_1_447' title='bbox 773 4188 967 4261; x_wconf 88' lang='lat' dir='ltr'><strong>judicii</strong></span> <span class='ocrx_word' id='word_1_448' title='bbox 993 4187 1205 4243; x_wconf 87' lang='lat' dir='ltr'><strong>occulta</strong></span> <span class='ocrx_word' id='word_1_449' title='bbox 1225 4186 1507 4242; x_wconf 92' lang='lat' dir='ltr'><strong>hominum</strong></span> <span class='ocrx_word' id='word_1_450' title='bbox 1534 4185 1806 4256; x_wconf 89' lang='lat' dir='ltr'><strong>judicabit</strong></span> <span class='ocrx_word' id='word_1_451' title='bbox 1839 4184 2005 4251; x_wconf 78' lang='lat' dir='ltr'><strong>Deus,</strong></span> 
     </span>
    </p>
   </div>
   <div class='ocr_carea' id='block_1_61' title="bbox 433 4279 2016 4351">
    <p class='ocr_par' dir='ltr' id='par_1_61' title="bbox 433 4279 2016 4351">
     <span class='ocr_line' id='line_1_61' title="bbox 433 4279 2016 4351; baseline -0.006 -10"><span class='ocrx_word' id='word_1_452' title='bbox 433 4283 820 4341; x_wconf 85' lang='lat' dir='ltr'><strong>accusantibus</strong></span> <span class='ocrx_word' id='word_1_453' title='bbox 861 4280 1288 4351; x_wconf 80' lang='lat' dir='ltr'><strong>cogitationibus</strong></span> <span class='ocrx_word' id='word_1_454' title='bbox 1338 4294 1789 4349; x_wconf 87' lang='lat' dir='ltr'><strong>unumquemque</strong></span> <span class='ocrx_word' id='word_1_455' title='bbox 1823 4279 1891 4333; x_wconf 92' lang='lat' dir='ltr'><strong>de</strong></span> <span class='ocrx_word' id='word_1_456' title='bbox 1922 4293 2016 4333; x_wconf 88' lang='lat' dir='ltr'><strong>ac-</strong></span> 
     </span>
    </p>
   </div>
   <div class='ocr_carea' id='block_1_62' title="bbox 435 4374 895 4432">
    <p class='ocr_par' dir='ltr' id='par_1_62' title="bbox 435 4374 895 4432">
     <span class='ocr_line' id='line_1_62' title="bbox 435 4374 895 4432; baseline -0.007 -1"><span class='ocrx_word' id='word_1_457' title='bbox 435 4375 675 4432; x_wconf 88' lang='lat' dir='ltr'><strong>tionibus</strong></span> <span class='ocrx_word' id='word_1_458' title='bbox 708 4374 826 4430; x_wconf 87' lang='lat' dir='ltr'><strong>suis</strong></span> <span class='ocrx_word' id='word_1_459' title='bbox 850 4375 895 4428; x_wconf 76' lang='grc' dir='ltr'>θ.</span> 
     </span>
    </p>
   </div>
   <div class='ocr_carea' id='block_1_63' title="bbox 504 4459 2015 4532">
    <p class='ocr_par' dir='ltr' id='par_1_63' title="bbox 504 4459 2015 4532">
     <span class='ocr_line' id='line_1_63' title="bbox 504 4459 2015 4532; baseline -0.003 -12"><span class='ocrx_word' id='word_1_460' title='bbox 504 4466 557 4520; x_wconf 89' lang='grc'><strong>8.</strong></span> <span class='ocrx_word' id='word_1_461' title='bbox 592 4465 790 4520; x_wconf 89' lang='lat' dir='ltr'><strong>Beatus</strong></span> <span class='ocrx_word' id='word_1_462' title='bbox 827 4464 1013 4529; x_wconf 89' lang='lat' dir='ltr'><strong>homo,</strong></span> <span class='ocrx_word' id='word_1_463' title='bbox 1042 4461 1201 4532; x_wconf 88' lang='lat' dir='ltr'><strong>cujus</strong></span> <span class='ocrx_word' id='word_1_464' title='bbox 1231 4460 1612 4531; x_wconf 88' lang='lat' dir='ltr'><strong>inseparabilis</strong></span> <span class='ocrx_word' id='word_1_465' title='bbox 1637 4459 1855 4530; x_wconf 87' lang='lat' dir='ltr'><strong>adjutor</strong></span> <span class='ocrx_word' id='word_1_466' title='bbox 1893 4461 2015 4531; x_wconf 89' lang='lat' dir='ltr'><strong>ejus</strong></span> 
     </span>
    </p>
   </div>
   <div class='ocr_carea' id='block_1_64' title="bbox 436 4557 711 4614">
    <p class='ocr_par' dir='ltr' id='par_1_64' title="bbox 436 4557 711 4614">
     <span class='ocr_line' id='line_1_64' title="bbox 436 4557 711 4614; baseline -0.015 0"><span class='ocrx_word' id='word_1_467' title='bbox 436 4567 522 4614; x_wconf 89' lang='lat' dir='ltr'><strong>est</strong></span> <span class='ocrx_word' id='word_1_468' title='bbox 545 4557 711 4612; x_wconf 90' lang='lat' dir='ltr'><strong>Deus.</strong></span> 
     </span>
    </p>
   </div>
   <div class='ocr_carea' id='block_1_65' title="bbox 505 4646 1948 4718">
    <p class='ocr_par' dir='ltr' id='par_1_65' title="bbox 505 4646 1948 4718">
     <span class='ocr_line' id='line_1_65' title="bbox 505 4646 1948 4718; baseline -0.003 -12"><span class='ocrx_word' id='word_1_469' title='bbox 505 4649 559 4706; x_wconf 90' lang='lat'><strong>9.</strong></span> <span class='ocrx_word' id='word_1_470' title='bbox 595 4648 662 4703; x_wconf 88' lang='lat' dir='ltr'><strong>Et</strong></span> <span class='ocrx_word' id='word_1_471' title='bbox 688 4661 910 4702; x_wconf 91' lang='lat' dir='ltr'><strong>omnem</strong></span> <span class='ocrx_word' id='word_1_472' title='bbox 958 4662 1117 4702; x_wconf 92' lang='lat' dir='ltr'><strong>suam</strong></span> <span class='ocrx_word' id='word_1_473' title='bbox 1148 4661 1337 4702; x_wconf 87' lang='lat' dir='ltr'><strong>curam</strong></span> <span class='ocrx_word' id='word_1_474' title='bbox 1371 4646 1625 4718; x_wconf 89' lang='lat' dir='ltr'><strong>projiciet</strong></span> <span class='ocrx_word' id='word_1_475' title='bbox 1656 4646 1712 4702; x_wconf 91' lang='lat' dir='ltr'><strong>in</strong></span> <span class='ocrx_word' id='word_1_476' title='bbox 1742 4647 1948 4718; x_wconf 88' lang='lat' dir='ltr'><strong>ipsum.</strong></span> 
     </span>
    </p>
   </div>
   <div class='ocr_carea' id='block_1_66' title="bbox 509 4842 2020 4914">
    <p class='ocr_par' dir='ltr' id='par_1_66' title="bbox 509 4842 2020 4914">
     <span class='ocr_line' id='line_1_66' title="bbox 509 4842 2020 4914; baseline 0.001 -15"><span class='ocrx_word' id='word_1_477' title='bbox 509 4842 598 4899; x_wconf 89' lang='grc'><strong>10.</strong></span> <span class='ocrx_word' id='word_1_478' title='bbox 630 4843 795 4911; x_wconf 87' lang='lat' dir='ltr'><strong>Mare,</strong></span> <span class='ocrx_word' id='word_1_479' title='bbox 819 4852 873 4899; x_wconf 93' lang='lat' dir='ltr'><strong>et</strong></span> <span class='ocrx_word' id='word_1_480' title='bbox 900 4843 1084 4898; x_wconf 89' lang='lat' dir='ltr'><strong>omnia</strong></span> <span class='ocrx_word' id='word_1_481' title='bbox 1117 4859 1238 4914; x_wconf 60' lang='lat' dir='ltr'><strong>quae</strong></span> <span class='ocrx_word' id='word_1_482' title='bbox 1266 4845 1322 4899; x_wconf 91' lang='lat' dir='ltr'><strong>in</strong></span> <span class='ocrx_word' id='word_1_483' title='bbox 1351 4845 1431 4900; x_wconf 89' lang='lat' dir='ltr'><strong>eis</strong></span> <span class='ocrx_word' id='word_1_484' title='bbox 1470 4856 1635 4914; x_wconf 89' lang='lat' dir='ltr'><strong>sunt,</strong></span> <span class='ocrx_word' id='word_1_485' title='bbox 1675 4845 1908 4902; x_wconf 88' lang='lat' dir='ltr'><strong>Creator</strong></span> <span class='ocrx_word' id='word_1_486' title='bbox 1939 4846 2020 4900; x_wconf 88' lang='lat' dir='ltr'><strong>vi-</strong></span> 
     </span>
    </p>
   </div>
   <div class='ocr_carea' id='block_1_67' title="bbox 439 4938 1484 5006">
    <p class='ocr_par' dir='ltr' id='par_1_67' title="bbox 439 4938 1484 5006">
     <span class='ocr_line' id='line_1_67' title="bbox 439 4938 1484 5006; baseline -0.004 -8"><span class='ocrx_word' id='word_1_487' title='bbox 439 4941 704 5006; x_wconf 79' lang='lat' dir='ltr'><strong>sibilium,</strong></span> <span class='ocrx_word' id='word_1_488' title='bbox 734 4949 789 4995; x_wconf 87' lang='lat' dir='ltr'><strong>et</strong></span> <span class='ocrx_word' id='word_1_489' title='bbox 829 4938 1186 4994; x_wconf 90' lang='lat' dir='ltr'><strong>invisibilium</strong></span> <span class='ocrx_word' id='word_1_490' title='bbox 1213 4941 1484 4995; x_wconf 92' lang='lat' dir='ltr'><strong>omnium.</strong></span> 
     </span>
    </p>
   </div>
   <div class='ocr_carea' id='block_1_68' title="bbox 509 5071 1042 5140">
    <p class='ocr_par' dir='ltr' id='par_1_68' title="bbox 509 5071 1042 5140">
     <span class='ocr_line' id='line_1_68' title="bbox 509 5071 1042 5140; baseline -0.002 -10"><span class='ocrx_word' id='word_1_491' title='bbox 509 5076 531 5107; x_wconf 81' lang='grc'><strong>⁹</strong></span> <span class='ocrx_word' id='word_1_492' title='bbox 564 5075 719 5130; x_wconf 80' lang='lat' dir='ltr'><strong>Rom.</strong></span> <span class='ocrx_word' id='word_1_493' title='bbox 746 5090 807 5140; x_wconf 92' lang='lat' dir='ltr'><strong>ll,</strong></span> <span class='ocrx_word' id='word_1_494' title='bbox 835 5071 924 5138; x_wconf 81' lang='grc'><strong>15,</strong></span> <span class='ocrx_word' id='word_1_495' title='bbox 957 5073 1042 5129; x_wconf 89' lang='grc'><strong>16.</strong></span> 
     </span>
    </p>
   </div>
   <div class='ocr_carea' id='block_1_69' title="bbox 2113 2814 3094 2886">
    <p class='ocr_par' dir='ltr' id='par_1_69' title="bbox 2113 2814 3094 2886">
     <span class='ocr_line' id='line_1_69' title="bbox 2113 2814 3094 2886; baseline 0.001 -18"><span class='ocrx_word' id='word_1_496' title='bbox 2113 2815 2503 2886; x_wconf 84' lang='grc' dir='ltr'>ὲξαγοράσαντί</span> <span class='ocrx_word' id='word_1_497' title='bbox 2539 2831 2598 2866; x_wconf 86' lang='grc' dir='ltr'><strong>σε</strong></span> <span class='ocrx_word' id='word_1_498' title='bbox 2625 2814 2703 2885; x_wconf 84' lang='grc' dir='ltr'>τῷ</span> <span class='ocrx_word' id='word_1_499' title='bbox 2733 2815 2847 2885; x_wconf 79' lang='grc' dir='ltr'><strong>ἰδίῳ</strong></span> <span class='ocrx_word' id='word_1_500' title='bbox 2880 2814 3094 2884; x_wconf 83' lang='grc' dir='ltr'>αἵματι.</span> 
     </span>
    </p>
   </div>
   <div class='ocr_carea' id='block_1_70' title="bbox 2180 2899 3714 2976">
    <p class='ocr_par' dir='ltr' id='par_1_70' title="bbox 2180 2899 3714 2976">
     <span class='ocr_line' id='line_1_70' title="bbox 2180 2899 3714 2976; baseline -0.005 -17"><span class='ocrx_word' id='word_1_501' title='bbox 2180 2907 2235 2974; x_wconf 71' lang='grc'>2,</span> <span class='ocrx_word' id='word_1_502' title='bbox 2270 2907 2322 2960; x_wconf 79' lang='grc'>5.</span> <span class='ocrx_word' id='word_1_503' title='bbox 2347 2907 2669 2976; x_wconf 83' lang='grc' dir='ltr'>Ἀνυμνήσω</span> <span class='ocrx_word' id='word_1_504' title='bbox 2710 2905 2873 2957; x_wconf 80' lang='grc' dir='ltr'>αὑτὸν</span> <span class='ocrx_word' id='word_1_505' title='bbox 2901 2905 3006 2967; x_wconf 73' lang='grc' dir='ltr'><strong>ἕως</strong></span> <span class='ocrx_word' id='word_1_506' title='bbox 3032 2902 3098 2956; x_wconf 83' lang='grc' dir='ltr'><strong>ἂν</strong></span> <span class='ocrx_word' id='word_1_507' title='bbox 3125 2901 3345 2972; x_wconf 78' lang='grc' dir='ltr'>δέξηται</span> <span class='ocrx_word' id='word_1_508' title='bbox 3380 2899 3444 2953; x_wconf 88' lang='grc' dir='ltr'><strong>τὸ</strong></span> <span class='ocrx_word' id='word_1_509' title='bbox 3479 2900 3714 2971; x_wconf 77' lang='grc' dir='ltr'>πνεῦμά</span> 
     </span>
    </p>
   </div>
   <div class='ocr_carea' id='block_1_71' title="bbox 2116 2990 3717 3067">
    <p class='ocr_par' dir='ltr' id='par_1_71' title="bbox 2116 2990 3717 3067">
     <span class='ocr_line' id='line_1_71' title="bbox 2116 2990 3717 3067; baseline -0.003 -18"><span class='ocrx_word' id='word_1_510' title='bbox 2116 3014 2238 3067; x_wconf 86' lang='grc' dir='ltr'>μου,</span> <span class='ocrx_word' id='word_1_511' title='bbox 2279 2997 2374 3050; x_wconf 68' lang='grc' dir='ltr'>καὶ</span> <span class='ocrx_word' id='word_1_512' title='bbox 2416 2996 2576 3050; x_wconf 77' lang='grc' dir='ltr'>πάλιν</span> <span class='ocrx_word' id='word_1_513' title='bbox 2615 2996 2753 3067; x_wconf 79' lang='grc' dir='ltr'>μετὰ</span> <span class='ocrx_word' id='word_1_514' title='bbox 2793 2996 2851 3048; x_wconf 92' lang='grc' dir='ltr'><strong>τὸ</strong></span> <span class='ocrx_word' id='word_1_515' title='bbox 2893 2993 3148 3058; x_wconf 78' lang='grc' dir='ltr'>δέξασθαι</span> <span class='ocrx_word' id='word_1_516' title='bbox 3187 2990 3356 3046; x_wconf 83' lang='grc' dir='ltr'>αὑτὸν</span> <span class='ocrx_word' id='word_1_517' title='bbox 3388 2991 3455 3043; x_wconf 89' lang='grc' dir='ltr'><strong>τὸ</strong></span> <span class='ocrx_word' id='word_1_518' title='bbox 3487 2990 3717 3061; x_wconf 72' lang='grc' dir='ltr'>πνεῦμά</span> 
     </span>
    </p>
   </div>
   <div class='ocr_carea' id='block_1_72' title="bbox 2117 3087 2916 3159">
    <p class='ocr_par' dir='ltr' id='par_1_72' title="bbox 2117 3087 2916 3159">
     <span class='ocr_line' id='line_1_72' title="bbox 2117 3087 2916 3159; baseline -0.003 -19"><span class='ocrx_word' id='word_1_519' title='bbox 2117 3105 2241 3158; x_wconf 88' lang='grc' dir='ltr'>μου,</span> <span class='ocrx_word' id='word_1_520' title='bbox 2267 3091 2383 3141; x_wconf 81' lang='grc' dir='ltr'>ἐκεῖ</span> <span class='ocrx_word' id='word_1_521' title='bbox 2411 3090 2508 3141; x_wconf 86' lang='grc' dir='ltr'><strong>ἀνυ</strong></span> <span class='ocrx_word' id='word_1_522' title='bbox 2518 3089 2706 3159; x_wconf 87' lang='grc' dir='ltr'>μνήσω</span> <span class='ocrx_word' id='word_1_523' title='bbox 2734 3087 2916 3140; x_wconf 78' lang='grc' dir='ltr'>αὐτόν.</span> 
     </span>
    </p>
   </div>
   <div class='ocr_carea' id='block_1_73' title="bbox 2181 3177 3721 3252">
    <p class='ocr_par' dir='ltr' id='par_1_73' title="bbox 2181 3177 3721 3252">
     <span class='ocr_line' id='line_1_73' title="bbox 2181 3177 3721 3252; baseline -0.004 -17"><span class='ocrx_word' id='word_1_524' title='bbox 2181 3183 2235 3236; x_wconf 73' lang='grc'>4.</span> <span class='ocrx_word' id='word_1_525' title='bbox 2275 3180 2350 3252; x_wconf 76' lang='grc'><strong>(2)</strong></span> <span class='ocrx_word' id='word_1_526' title='bbox 2384 3183 2476 3252; x_wconf 86' lang='grc' dir='ltr'><strong>Μὴ</strong></span> <span class='ocrx_word' id='word_1_527' title='bbox 2511 3181 2854 3249; x_wconf 82' lang='grc' dir='ltr'>καταφύγετε</span> <span class='ocrx_word' id='word_1_528' title='bbox 2885 3181 2978 3232; x_wconf 73' lang='grc' dir='ltr'>ἐπὶ</span> <span class='ocrx_word' id='word_1_529' title='bbox 3006 3178 3103 3249; x_wconf 88' lang='grc' dir='ltr'><strong>τὴν</strong></span> <span class='ocrx_word' id='word_1_530' title='bbox 3142 3177 3394 3249; x_wconf 84' lang='grc' dir='ltr'>βοήθειαν</span> <span class='ocrx_word' id='word_1_531' title='bbox 3439 3177 3632 3230; x_wconf 82' lang='grc' dir='ltr'>αὐτῶν</span> <span class='ocrx_word' id='word_1_532' title='bbox 3662 3179 3721 3230; x_wconf 80' lang='grc' dir='ltr'><strong>ἐν</strong></span> 
     </span>
    </p>
   </div>
   <div class='ocr_carea' id='block_1_74' title="bbox 2113 3269 3722 3346">
    <p class='ocr_par' dir='ltr' id='par_1_74' title="bbox 2113 3269 3722 3346">
     <span class='ocr_line' id='line_1_74' title="bbox 2113 3269 3722 3346; baseline 0.011 -26"><span class='ocrx_word' id='word_1_533' title='bbox 2113 3276 2351 3346; x_wconf 79' lang='grc' dir='ltr'>ὑπεροχῇ</span> <span class='ocrx_word' id='word_1_534' title='bbox 2383 3275 2572 3338; x_wconf 73' lang='grc' dir='ltr'>ὄντων,</span> <span class='ocrx_word' id='word_1_535' title='bbox 2618 3274 2752 3345; x_wconf 77' lang='grc' dir='ltr'>μηδὲ</span> <span class='ocrx_word' id='word_1_536' title='bbox 2775 3274 2867 3326; x_wconf 69' lang='grc' dir='ltr'>ἐπὶ</span> <span class='ocrx_word' id='word_1_537' title='bbox 2907 3272 3058 3335; x_wconf 77' lang='grc' dir='ltr'>υἱοὺς</span> <span class='ocrx_word' id='word_1_538' title='bbox 3093 3269 3418 3342; x_wconf 80' lang='grc' dir='ltr'>ἀνθρώπων,</span> <span class='ocrx_word' id='word_1_539' title='bbox 3457 3272 3595 3334; x_wconf 81' lang='grc' dir='ltr'>τοὺς</span> <span class='ocrx_word' id='word_1_540' title='bbox 3645 3272 3722 3342; x_wconf 80' lang='grc' dir='ltr'>μὴ</span> 
     </span>
    </p>
   </div>
   <div class='ocr_carea' id='block_1_75' title="bbox 2110 3365 3725 3438">
    <p class='ocr_par' dir='ltr' id='par_1_75' title="bbox 2110 3365 3725 3438">
     <span class='ocr_line' id='line_1_75' title="bbox 2110 3365 3725 3438; baseline -0.002 -16"><span class='ocrx_word' id='word_1_541' title='bbox 2110 3369 2440 3438; x_wconf 86' lang='grc' dir='ltr'>δυναμένους</span> <span class='ocrx_word' id='word_1_542' title='bbox 2469 3368 2694 3430; x_wconf 78' lang='grc' dir='ltr'>ἑαυτοὺς</span> <span class='ocrx_word' id='word_1_543' title='bbox 2721 3367 2891 3420; x_wconf 85' lang='grc' dir='ltr'>σῶσαι</span> <span class='ocrx_word' id='word_1_544' title='bbox 2912 3383 2926 3396; x_wconf 72' lang='grc' dir='ltr'><strong><em>ο</em></strong></span> <span class='ocrx_word' id='word_1_545' title='bbox 2963 3367 3075 3418; x_wconf 84' lang='grc' dir='ltr'>ἀλλ’</span> <span class='ocrx_word' id='word_1_546' title='bbox 3111 3368 3199 3418; x_wconf 77' lang='grc' dir='ltr'><strong>ἐπ’</strong></span> <span class='ocrx_word' id='word_1_547' title='bbox 3215 3368 3423 3418; x_wconf 84' lang='grc' dir='ltr'>ἐκεῖνον</span> <span class='ocrx_word' id='word_1_548' title='bbox 3449 3365 3725 3419; x_wconf 78' lang='grc' dir='ltr'>ἐλπίσατε</span> 
     </span>
    </p>
   </div>
   <div class='ocr_carea' id='block_1_76' title="bbox 2111 3459 3726 3533">
    <p class='ocr_par' dir='ltr' id='par_1_76' title="bbox 2111 3459 3726 3533">
     <span class='ocr_line' id='line_1_76' title="bbox 2111 3459 3726 3533; baseline -0.005 -16"><span class='ocrx_word' id='word_1_549' title='bbox 2111 3465 2201 3517; x_wconf 89' lang='grc' dir='ltr'><strong>τὸν</strong></span> <span class='ocrx_word' id='word_1_550' title='bbox 2233 3462 2524 3533; x_wconf 86' lang='grc' dir='ltr'>λεγόμενον</span> <span class='ocrx_word' id='word_1_551' title='bbox 2554 3460 2678 3513; x_wconf 84' lang='grc' dir='ltr'>Υίὸν</span> <span class='ocrx_word' id='word_1_552' title='bbox 2708 3459 2994 3532; x_wconf 81' lang='grc' dir='ltr'>ἀνθρώπου</span> <span class='ocrx_word' id='word_1_553' title='bbox 3026 3459 3117 3512; x_wconf 84' lang='grc' dir='ltr'><strong>διὰ</strong></span> <span class='ocrx_word' id='word_1_554' title='bbox 3158 3460 3255 3529; x_wconf 86' lang='grc' dir='ltr'>τὴν</span> <span class='ocrx_word' id='word_1_555' title='bbox 3285 3459 3498 3511; x_wconf 76' lang='grc' dir='ltr'>οἰκείαν</span> <span class='ocrx_word' id='word_1_556' title='bbox 3525 3460 3726 3527; x_wconf 75' lang='grc' dir='ltr'>φιλαν-</span> 
     </span>
    </p>
   </div>
   <div class='ocr_carea' id='block_1_77' title="bbox 2113 3548 3721 3627">
    <p class='ocr_par' dir='ltr' id='par_1_77' title="bbox 2113 3548 3721 3627">
     <span class='ocr_line' id='line_1_77' title="bbox 2113 3548 3721 3627; baseline -0.003 -19"><span class='ocrx_word' id='word_1_557' title='bbox 2113 3555 2380 3627; x_wconf 86' lang='grc' dir='ltr'>Θρωπίαν,</span> <span class='ocrx_word' id='word_1_558' title='bbox 2406 3552 2634 3623; x_wconf 81' lang='grc' dir='ltr'>Σωτῆρα</span> <span class='ocrx_word' id='word_1_559' title='bbox 2665 3553 2720 3605; x_wconf 82' lang='grc' dir='ltr'>δὲ</span> <span class='ocrx_word' id='word_1_560' title='bbox 2757 3552 2888 3606; x_wconf 78' lang='grc' dir='ltr'>ὅντα</span> <span class='ocrx_word' id='word_1_561' title='bbox 2918 3549 3012 3604; x_wconf 79' lang='grc' dir='ltr'>τοῦ</span> <span class='ocrx_word' id='word_1_562' title='bbox 3035 3552 3224 3620; x_wconf 85' lang='grc' dir='ltr'>γένους</span> <span class='ocrx_word' id='word_1_563' title='bbox 3245 3549 3352 3604; x_wconf 85' lang='grc' dir='ltr'><strong>τῶν</strong></span> <span class='ocrx_word' id='word_1_564' title='bbox 3377 3548 3721 3622; x_wconf 82' lang='grc' dir='ltr'>ἀνθρώπων.</span> 
     </span>
    </p>
   </div>
   <div class='ocr_carea' id='block_1_78' title="bbox 2183 3730 3730 3806">
    <p class='ocr_par' dir='ltr' id='par_1_78' title="bbox 2183 3730 3730 3806">
     <span class='ocr_line' id='line_1_78' title="bbox 2183 3730 3730 3806; baseline -0.006 -14"><span class='ocrx_word' id='word_1_565' title='bbox 2183 3739 2236 3802; x_wconf 85' lang='grc'>5,</span> <span class='ocrx_word' id='word_1_566' title='bbox 2274 3737 2327 3791; x_wconf 89' lang='grc'><strong>6.</strong></span> <span class='ocrx_word' id='word_1_567' title='bbox 2364 3735 2623 3790; x_wconf 80' lang='grc' dir='ltr'>Ἐκάστου</span> <span class='ocrx_word' id='word_1_568' title='bbox 2653 3731 2939 3806; x_wconf 82' lang='grc' dir='ltr'>ἀνθρώπου</span> <span class='ocrx_word' id='word_1_569' title='bbox 2971 3732 3395 3803; x_wconf 85' lang='grc' dir='ltr'>τελευτήσαντος</span> <span class='ocrx_word' id='word_1_570' title='bbox 3445 3730 3730 3802; x_wconf 83' lang='grc' dir='ltr'>ὑποστρέ-</span> 
     </span>
    </p>
   </div>
   <div class='ocr_carea' id='block_1_79' title="bbox 2114 3820 3726 3902">
    <p class='ocr_par' dir='ltr' id='par_1_79' title="bbox 2114 3820 3726 3902">
     <span class='ocr_line' id='line_1_79' title="bbox 2114 3820 3726 3902; baseline -0.005 -20"><span class='ocrx_word' id='word_1_571' title='bbox 2114 3848 2202 3902; x_wconf 85' lang='grc' dir='ltr'>φει</span> <span class='ocrx_word' id='word_1_572' title='bbox 2232 3830 2529 3892; x_wconf 85' lang='grc' dir='ltr'>ὑπόστασις</span> <span class='ocrx_word' id='word_1_573' title='bbox 2567 3829 2646 3891; x_wconf 89' lang='grc' dir='ltr'>εἰς</span> <span class='ocrx_word' id='word_1_574' title='bbox 2675 3828 2773 3898; x_wconf 84' lang='grc' dir='ltr'>τὴν</span> <span class='ocrx_word' id='word_1_575' title='bbox 2805 3827 2928 3898; x_wconf 81' lang='grc' dir='ltr'>γῆν,</span> <span class='ocrx_word' id='word_1_576' title='bbox 2966 3825 3024 3892; x_wconf 78' lang='grc' dir='ltr'>ἐξ</span> <span class='ocrx_word' id='word_1_577' title='bbox 3056 3820 3124 3896; x_wconf 82' lang='grc' dir='ltr'>ἦς</span> <span class='ocrx_word' id='word_1_578' title='bbox 3146 3823 3352 3894; x_wconf 77' lang='grc' dir='ltr'>ἐλήφθη</span> <span class='ocrx_word' id='word_1_579' title='bbox 3371 3840 3385 3853; x_wconf 90' lang='grc'><strong>·</strong></span> <span class='ocrx_word' id='word_1_580' title='bbox 3424 3825 3648 3887; x_wconf 78' lang='grc' dir='ltr'>ἐκεῖνος</span> <span class='ocrx_word' id='word_1_581' title='bbox 3667 3825 3726 3876; x_wconf 80' lang='grc' dir='ltr'><strong>δὲ</strong></span> 
     </span>
    </p>
   </div>
   <div class='ocr_carea' id='block_1_80' title="bbox 2113 3915 3728 3992">
    <p class='ocr_par' dir='ltr' id='par_1_80' title="bbox 2113 3915 3728 3992">
     <span class='ocr_line' id='line_1_80' title="bbox 2113 3915 3728 3992; baseline -0.002 -19"><span class='ocrx_word' id='word_1_582' title='bbox 2113 3921 2243 3984; x_wconf 88' lang='grc' dir='ltr'>Υἱὸς</span> <span class='ocrx_word' id='word_1_583' title='bbox 2275 3919 2370 3974; x_wconf 77' lang='grc' dir='ltr'>τοῦ</span> <span class='ocrx_word' id='word_1_584' title='bbox 2399 3918 2709 3992; x_wconf 82' lang='grc' dir='ltr'>ἀνθρώπου,</span> <span class='ocrx_word' id='word_1_585' title='bbox 2745 3920 2839 3972; x_wconf 73' lang='grc' dir='ltr'><strong>κα)⁴</strong></span> <span class='ocrx_word' id='word_1_586' title='bbox 2897 3917 3036 3989; x_wconf 82' lang='grc' dir='ltr'>μετὰ</span> <span class='ocrx_word' id='word_1_587' title='bbox 3083 3918 3142 3970; x_wconf 89' lang='grc' dir='ltr'><strong>τὸ</strong></span> <span class='ocrx_word' id='word_1_588' title='bbox 3193 3916 3374 3968; x_wconf 82' lang='grc' dir='ltr'>θανεῖν</span> <span class='ocrx_word' id='word_1_589' title='bbox 3427 3915 3608 3969; x_wconf 79' lang='grc' dir='ltr'>αὑτὸν</span> <span class='ocrx_word' id='word_1_590' title='bbox 3658 3917 3728 3969; x_wconf 85' lang='grc' dir='ltr'><strong>δι’</strong></span> 
     </span>
    </p>
   </div>
   <div class='ocr_carea' id='block_1_81' title="bbox 2115 4008 3727 4087">
    <p class='ocr_par' dir='ltr' id='par_1_81' title="bbox 2115 4008 3727 4087">
     <span class='ocr_line' id='line_1_81' title="bbox 2115 4008 3727 4087; baseline -0.004 -17"><span class='ocrx_word' id='word_1_591' title='bbox 2115 4018 2283 4087; x_wconf 82' lang='grc' dir='ltr'>ἡμᾶς,</span> <span class='ocrx_word' id='word_1_592' title='bbox 2317 4016 2413 4069; x_wconf 76' lang='grc' dir='ltr'>καὶ</span> <span class='ocrx_word' id='word_1_593' title='bbox 2465 4012 2740 4085; x_wconf 77' lang='grc' dir='ltr'>ἄφθαρτος</span> <span class='ocrx_word' id='word_1_594' title='bbox 2785 4012 3052 4080; x_wconf 83' lang='grc' dir='ltr'>διέμεινεν</span> <span class='ocrx_word' id='word_1_595' title='bbox 3108 4008 3286 4080; x_wconf 81' lang='grc' dir='ltr'>οίκείᾳ</span> <span class='ocrx_word' id='word_1_596' title='bbox 3335 4008 3599 4079; x_wconf 83' lang='grc' dir='ltr'>δυνάμει,</span> <span class='ocrx_word' id='word_1_597' title='bbox 3629 4012 3727 4063; x_wconf 70' lang='grc' dir='ltr'>καὶ</span> 
     </span>
    </p>
   </div>
   <div class='ocr_carea' id='block_1_82' title="bbox 2114 4107 2914 4180">
    <p class='ocr_par' dir='ltr' id='par_1_82' title="bbox 2114 4107 2914 4180">
     <span class='ocr_line' id='line_1_82' title="bbox 2114 4107 2914 4180; baseline -0.003 -19"><span class='ocrx_word' id='word_1_598' title='bbox 2114 4113 2242 4174; x_wconf 81' lang='grc' dir='ltr'>τοὺς</span> <span class='ocrx_word' id='word_1_599' title='bbox 2273 4110 2499 4180; x_wconf 83' lang='grc' dir='ltr'>νεκροὺς</span> <span class='ocrx_word' id='word_1_600' title='bbox 2529 4107 2914 4177; x_wconf 77' lang='grc' dir='ltr'>ὲζωοποίησεν.</span> 
     </span>
    </p>
   </div>
   <div class='ocr_carea' id='block_1_83' title="bbox 2192 4196 3726 4275">
    <p class='ocr_par' dir='ltr' id='par_1_83' title="bbox 2192 4196 3726 4275">
     <span class='ocr_line' id='line_1_83' title="bbox 2192 4196 3726 4275; baseline -0.005 -17"><span class='ocrx_word' id='word_1_601' title='bbox 2192 4205 2241 4258; x_wconf 84' lang='lat'><strong>7.</strong></span> <span class='ocrx_word' id='word_1_602' title='bbox 2267 4205 2356 4257; x_wconf 86' lang='grc' dir='ltr'>Ἑν</span> <span class='ocrx_word' id='word_1_603' title='bbox 2383 4205 2450 4275; x_wconf 84' lang='grc' dir='ltr'>τῇ</span> <span class='ocrx_word' id='word_1_604' title='bbox 2485 4202 2671 4273; x_wconf 81' lang='grc' dir='ltr'>ἡμέρᾳ</span> <span class='ocrx_word' id='word_1_605' title='bbox 2707 4201 2809 4272; x_wconf 81' lang='grc' dir='ltr'>τῆς</span> <span class='ocrx_word' id='word_1_606' title='bbox 2854 4199 3092 4271; x_wconf 88' lang='grc' dir='ltr'>κρίσεως</span> <span class='ocrx_word' id='word_1_607' title='bbox 3133 4199 3202 4252; x_wconf 83' lang='grc' dir='ltr'>τὰ</span> <span class='ocrx_word' id='word_1_608' title='bbox 3231 4196 3453 4270; x_wconf 82' lang='grc' dir='ltr'>κρυπτὰ</span> <span class='ocrx_word' id='word_1_609' title='bbox 3472 4197 3588 4251; x_wconf 85' lang='grc' dir='ltr'><strong>τῶν</strong></span> <span class='ocrx_word' id='word_1_610' title='bbox 3631 4199 3726 4252; x_wconf 82' lang='grc' dir='ltr'><strong>ἀν-</strong></span> 
     </span>
    </p>
   </div>
   <div class='ocr_carea' id='block_1_84' title="bbox 2121 4289 3726 4371">
    <p class='ocr_par' dir='ltr' id='par_1_84' title="bbox 2121 4289 3726 4371">
     <span class='ocr_line' id='line_1_84' title="bbox 2121 4289 3726 4371; baseline -0.007 -17"><span class='ocrx_word' id='word_1_611' title='bbox 2121 4298 2354 4371; x_wconf 86' lang='grc' dir='ltr'>Θρώπων</span> <span class='ocrx_word' id='word_1_612' title='bbox 2384 4298 2609 4369; x_wconf 85' lang='grc' dir='ltr'>κρινεῖὸ</span> <span class='ocrx_word' id='word_1_613' title='bbox 2638 4294 2791 4360; x_wconf 89' lang='grc' dir='ltr'>Θεὸς,</span> <span class='ocrx_word' id='word_1_614' title='bbox 2817 4289 3272 4364; x_wconf 85' lang='grc' dir='ltr'>κατηγορούντων</span> <span class='ocrx_word' id='word_1_615' title='bbox 3302 4290 3409 4346; x_wconf 79' lang='grc' dir='ltr'>τῶν</span> <span class='ocrx_word' id='word_1_616' title='bbox 3433 4290 3726 4362; x_wconf 81' lang='grc' dir='ltr'>λογισμῶν</span> 
     </span>
    </p>
   </div>
   <div class='ocr_carea' id='block_1_85' title="bbox 2120 4384 3176 4461">
    <p class='ocr_par' dir='ltr' id='par_1_85' title="bbox 2120 4384 3176 4461">
     <span class='ocr_line' id='line_1_85' title="bbox 2120 4384 3176 4461; baseline -0.005 -17"><span class='ocrx_word' id='word_1_617' title='bbox 2120 4390 2351 4444; x_wconf 72' lang='grc' dir='ltr'>ἕκαστον</span> <span class='ocrx_word' id='word_1_618' title='bbox 2381 4388 2457 4461; x_wconf 76' lang='grc'><strong>(5)</strong></span> <span class='ocrx_word' id='word_1_619' title='bbox 2489 4385 2749 4459; x_wconf 71' lang='grc' dir='ltr'>περὶτῶν</span> <span class='ocrx_word' id='word_1_620' title='bbox 2781 4385 2956 4458; x_wconf 68' lang='grc' dir='ltr'>ἔργων</span> <span class='ocrx_word' id='word_1_621' title='bbox 2988 4384 3176 4439; x_wconf 77' lang='grc' dir='ltr'>αὑτοῦ.</span> 
     </span>
    </p>
   </div>
   <div class='ocr_carea' id='block_1_86' title="bbox 2193 4467 3723 4552">
    <p class='ocr_par' dir='ltr' id='par_1_86' title="bbox 2193 4467 3723 4552">
     <span class='ocr_line' id='line_1_86' title="bbox 2193 4467 3723 4552; baseline -0.005 -15"><span class='ocrx_word' id='word_1_622' title='bbox 2193 4482 2248 4537; x_wconf 89' lang='grc'>8.</span> <span class='ocrx_word' id='word_1_623' title='bbox 2279 4480 2562 4552; x_wconf 82' lang='grc' dir='ltr'>Μακάριος</span> <span class='ocrx_word' id='word_1_624' title='bbox 2594 4481 2623 4533; x_wconf 90' lang='lat'><strong>6</strong></span> <span class='ocrx_word' id='word_1_625' title='bbox 2657 4478 2964 4552; x_wconf 80' lang='grc' dir='ltr'>ἄνθρωπος,</span> <span class='ocrx_word' id='word_1_626' title='bbox 3022 4467 3084 4530; x_wconf 71' lang='grc' dir='ltr'>οὗ</span> <span class='ocrx_word' id='word_1_627' title='bbox 3127 4479 3156 4531; x_wconf 91' lang='lat'><strong>6</strong></span> <span class='ocrx_word' id='word_1_628' title='bbox 3201 4475 3334 4540; x_wconf 88' lang='grc' dir='ltr'>Θεὸς</span> <span class='ocrx_word' id='word_1_629' title='bbox 3364 4493 3461 4529; x_wconf 87' lang='grc' dir='ltr'><strong>του</strong></span> <span class='ocrx_word' id='word_1_630' title='bbox 3502 4475 3723 4530; x_wconf 80' lang='grc' dir='ltr'>ἀπελά-</span> 
     </span>
    </p>
   </div>
   <div class='ocr_carea' id='block_1_87' title="bbox 2131 4568 3373 4644">
    <p class='ocr_par' dir='ltr' id='par_1_87' title="bbox 2131 4568 3373 4644">
     <span class='ocr_line' id='line_1_87' title="bbox 2131 4568 3373 4644; baseline -0.003 -17"><span class='ocrx_word' id='word_1_631' title='bbox 2131 4591 2257 4628; x_wconf 88' lang='grc' dir='ltr'>στου</span> <span class='ocrx_word' id='word_1_632' title='bbox 2294 4570 2645 4644; x_wconf 83' lang='grc' dir='ltr'>[ἀπέλαστος]</span> <span class='ocrx_word' id='word_1_633' title='bbox 2681 4570 2874 4642; x_wconf 82' lang='grc' dir='ltr'>βοηθὸς</span> <span class='ocrx_word' id='word_1_634' title='bbox 2907 4569 2982 4641; x_wconf 73' lang='grc'><strong>(4)</strong></span> <span class='ocrx_word' id='word_1_635' title='bbox 3011 4568 3178 4623; x_wconf 82' lang='grc' dir='ltr'>αὑτοῦ</span> <span class='ocrx_word' id='word_1_636' title='bbox 3204 4569 3373 4623; x_wconf 74' lang='grc' dir='ltr'>ἐστιν.</span> 
     </span>
    </p>
   </div>
   <div class='ocr_carea' id='block_1_88' title="bbox 2199 4658 3726 4735">
    <p class='ocr_par' dir='ltr' id='par_1_88' title="bbox 2199 4658 3726 4735">
     <span class='ocr_line' id='line_1_88' title="bbox 2199 4658 3726 4735; baseline -0.006 -14"><span class='ocrx_word' id='word_1_637' title='bbox 2199 4667 2254 4722; x_wconf 89' lang='lat'><strong>9.</strong></span> <span class='ocrx_word' id='word_1_638' title='bbox 2294 4665 2406 4719; x_wconf 78' lang='lat' dir='ltr'><strong>Kal.</strong></span> <span class='ocrx_word' id='word_1_639' title='bbox 2449 4665 2631 4718; x_wconf 86' lang='grc' dir='ltr'>πᾶσαν</span> <span class='ocrx_word' id='word_1_640' title='bbox 2657 4663 2755 4735; x_wconf 84' lang='grc' dir='ltr'>τὴν</span> <span class='ocrx_word' id='word_1_641' title='bbox 2791 4662 3063 4735; x_wconf 83' lang='grc' dir='ltr'>μέριμναν</span> <span class='ocrx_word' id='word_1_642' title='bbox 3102 4658 3265 4716; x_wconf 79' lang='grc' dir='ltr'>αὑτοῦ</span> <span class='ocrx_word' id='word_1_643' title='bbox 3310 4659 3600 4730; x_wconf 79' lang='grc' dir='ltr'>ὲπιρῥίψει</span> <span class='ocrx_word' id='word_1_644' title='bbox 3634 4660 3726 4714; x_wconf 79' lang='grc' dir='ltr'><strong>ἐπ’</strong></span> 
     </span>
    </p>
   </div>
   <div class='ocr_carea' id='block_1_89' title="bbox 2129 4758 2312 4812">
    <p class='ocr_par' dir='ltr' id='par_1_89' title="bbox 2129 4758 2312 4812">
     <span class='ocr_line' id='line_1_89' title="bbox 2129 4758 2312 4812; baseline 0 0"><span class='ocrx_word' id='word_1_645' title='bbox 2129 4758 2312 4812; x_wconf 86' lang='grc' dir='ltr'>αὐτόν.</span> 
     </span>
    </p>
   </div>
   <div class='ocr_carea' id='block_1_90' title="bbox 2203 4841 3721 4918">
    <p class='ocr_par' dir='ltr' id='par_1_90' title="bbox 2203 4841 3721 4918">
     <span class='ocr_line' id='line_1_90' title="bbox 2203 4841 3721 4918; baseline -0.005 -17"><span class='ocrx_word' id='word_1_646' title='bbox 2203 4847 2288 4902; x_wconf 90' lang='grc'>10.</span> <span class='ocrx_word' id='word_1_647' title='bbox 2330 4848 2441 4918; x_wconf 85' lang='grc' dir='ltr'><strong>Τὴν</strong></span> <span class='ocrx_word' id='word_1_648' title='bbox 2475 4846 2768 4909; x_wconf 84' lang='grc' dir='ltr'>θάλασσαν,</span> <span class='ocrx_word' id='word_1_649' title='bbox 2785 4845 2880 4898; x_wconf 70' lang='grc' dir='ltr'><strong>καὶ</strong></span> <span class='ocrx_word' id='word_1_650' title='bbox 2904 4844 3083 4898; x_wconf 85' lang='grc' dir='ltr'>πάντα</span> <span class='ocrx_word' id='word_1_651' title='bbox 3107 4842 3175 4896; x_wconf 77' lang='grc' dir='ltr'>τὰ</span> <span class='ocrx_word' id='word_1_652' title='bbox 3207 4843 3265 4896; x_wconf 80' lang='grc' dir='ltr'>ὲν</span> <span class='ocrx_word' id='word_1_653' title='bbox 3299 4843 3507 4906; x_wconf 83' lang='grc' dir='ltr'>αὺτοῖς,</span> <span class='ocrx_word' id='word_1_654' title='bbox 3525 4841 3623 4894; x_wconf 86' lang='grc' dir='ltr'><strong>τὸν</strong></span> <span class='ocrx_word' id='word_1_655' title='bbox 3645 4841 3721 4911; x_wconf 81' lang='grc'><strong>(5)</strong></span> 
     </span>
    </p>
   </div>
   <div class='ocr_carea' id='block_1_91' title="bbox 2123 4935 3500 5013">
    <p class='ocr_par' dir='ltr' id='par_1_91' title="bbox 2123 4935 3500 5013">
     <span class='ocr_line' id='line_1_91' title="bbox 2123 4935 3500 5013; baseline -0.004 -17"><span class='ocrx_word' id='word_1_656' title='bbox 2123 4941 2464 5013; x_wconf 85' lang='grc' dir='ltr'>Δημιουργὸν</span> <span class='ocrx_word' id='word_1_657' title='bbox 2488 4940 2597 4995; x_wconf 82' lang='grc' dir='ltr'>τῶν</span> <span class='ocrx_word' id='word_1_658' title='bbox 2625 4939 2872 5010; x_wconf 85' lang='grc' dir='ltr'>ἀοράτων</span> <span class='ocrx_word' id='word_1_659' title='bbox 2901 4939 2995 4991; x_wconf 76' lang='grc' dir='ltr'><strong>καὶ</strong></span> <span class='ocrx_word' id='word_1_660' title='bbox 3023 4935 3234 5009; x_wconf 83' lang='grc' dir='ltr'>ὁρατῶν</span> <span class='ocrx_word' id='word_1_661' title='bbox 3259 4936 3500 4990; x_wconf 85' lang='grc' dir='ltr'>πάντων.</span> 
     </span>
    </p>
   </div>
   <div class='ocr_carea' id='block_1_92' title="bbox 1287 5187 2627 5268">
    <p class='ocr_par' dir='ltr' id='par_1_92' title="bbox 1287 5187 2627 5268">
     <span class='ocr_line' id='line_1_92' title="bbox 1287 5187 2627 5268; baseline -0.002 -17"><span class='ocrx_word' id='word_1_662' title='bbox 1287 5188 1595 5251; x_wconf 85' lang='lat' dir='ltr'><strong>Addenda</strong></span> <span class='ocrx_word' id='word_1_663' title='bbox 1633 5193 1694 5251; x_wconf 89' lang='lat' dir='ltr'><strong>et</strong></span> <span class='ocrx_word' id='word_1_664' title='bbox 1731 5189 2110 5268; x_wconf 81' lang='lat' dir='ltr'><strong>corrigenda</strong></span> <span class='ocrx_word' id='word_1_665' title='bbox 2142 5206 2218 5249; x_wconf 80' lang='lat' dir='ltr'><strong>ex</strong></span> <span class='ocrx_word' id='word_1_666' title='bbox 2247 5188 2389 5250; x_wconf 91' lang='lat' dir='ltr'><strong>cod.</strong></span> <span class='ocrx_word' id='word_1_667' title='bbox 2421 5187 2627 5249; x_wconf 86' lang='lat' dir='ltr'><strong>Vatic.</strong></span> 
     </span>
    </p>
   </div>
   <div class='ocr_carea' id='block_1_93' title="bbox 512 5291 2021 5366">
    <p class='ocr_par' dir='ltr' id='par_1_93' title="bbox 512 5291 2021 5366">
     <span class='ocr_line' id='line_1_93' title="bbox 512 5291 2021 5366; baseline 0.002 -3"><span class='ocrx_word' id='word_1_668' title='bbox 512 5292 588 5363; x_wconf 71' lang='grc'><strong>(1)</strong></span> <span class='ocrx_word' id='word_1_669' title='bbox 615 5292 680 5366; x_wconf 80' lang='grc' dir='ltr'><strong>Ἠ</strong></span> <span class='ocrx_word' id='word_1_670' title='bbox 710 5291 805 5366; x_wconf 54' lang='grc' dir='ltr'>διὰ,</span> <span class='ocrx_word' id='word_1_671' title='bbox 826 5291 927 5362; x_wconf 82' lang='grc' dir='ltr'>τῆς</span> <span class='ocrx_word' id='word_1_672' title='bbox 970 5292 1340 5366; x_wconf 66' lang='grc' dir='ltr'>κινναϐάρεως</span> <span class='ocrx_word' id='word_1_673' title='bbox 1380 5293 1645 5366; x_wconf 56' lang='grc' dir='ltr'>περιέχειν</span> <span class='ocrx_word' id='word_1_674' title='bbox 1692 5292 2021 5366; x_wconf 62' lang='lat' dir='ltr'><strong>etc-Timi-</strong></span> 
     </span>
    </p>
   </div>
   <div class='ocr_carea' id='block_1_94' title="bbox 2129 5279 3723 5361">
    <p class='ocr_par' dir='ltr' id='par_1_94' title="bbox 2129 5279 3723 5361">
     <span class='ocr_line' id='line_1_94' title="bbox 2129 5279 3723 5361; baseline -0.004 -17"><span class='ocrx_word' id='word_1_675' title='bbox 2129 5292 2356 5361; x_wconf 83' lang='grc' dir='ltr'>Σωτῆρα</span> <span class='ocrx_word' id='word_1_676' title='bbox 2384 5290 2477 5344; x_wconf 83' lang='grc' dir='ltr'><strong>τοῢ</strong></span> <span class='ocrx_word' id='word_1_677' title='bbox 2518 5292 2709 5359; x_wconf 85' lang='grc' dir='ltr'>γένους</span> <span class='ocrx_word' id='word_1_678' title='bbox 2737 5279 2855 5361; x_wconf 9' lang='grc' dir='ltr'>,τῶν</span> <span class='ocrx_word' id='word_1_679' title='bbox 2903 5286 3224 5358; x_wconf 81' lang='grc' dir='ltr'>ἀνθρώπων.</span> <span class='ocrx_word' id='word_1_680' title='bbox 3259 5299 3325 5340; x_wconf 64' lang='lat' dir='ltr'><strong>nt.</strong></span> <span class='ocrx_word' id='word_1_681' title='bbox 3356 5287 3408 5340; x_wconf 86' lang='lat'>6.</span> <span class='ocrx_word' id='word_1_682' title='bbox 3429 5285 3723 5350; x_wconf 69' lang='grc' dir='ltr'>Ἐκάπου,</span> 
     </span>
    </p>
   </div>
   <div class='ocr_carea' id='block_1_95' title="bbox 446 5358 3091 5433">
    <p class='ocr_par' dir='ltr' id='par_1_95' title="bbox 446 5358 3091 5433">
     <span class='ocr_line' id='line_1_95' title="bbox 446 5358 3091 5433; baseline -0.003 -16"><span class='ocrx_word' id='word_1_683' title='bbox 446 5358 579 5417; x_wconf 57' lang='lat' dir='ltr'><strong>me</strong></span> <span class='ocrx_word' id='word_1_684' title='bbox 608 5364 699 5416; x_wconf 85' lang='grc' dir='ltr'><strong>τὸν</strong></span> <span class='ocrx_word' id='word_1_685' title='bbox 728 5358 949 5432; x_wconf 85' lang='grc' dir='ltr'>Κύριον.</span> <span class='ocrx_word' id='word_1_686' title='bbox 969 5358 1216 5433; x_wconf 65' lang='grc' dir='ltr'>Ἀγγέουξ</span> <span class='ocrx_word' id='word_1_687' title='bbox 1249 5371 1351 5417; x_wconf 89' lang='lat' dir='ltr'><strong>etc.</strong></span> <span class='ocrx_word' id='word_1_688' title='bbox 1388 5358 1647 5415; x_wconf 76' lang='grc' dir='ltr'>Λίνέσατε</span> <span class='ocrx_word' id='word_1_689' title='bbox 1693 5358 1805 5425; x_wconf 80' lang='grc' dir='ltr'>οὖν,</span> <span class='ocrx_word' id='word_1_690' title='bbox 1852 5358 2025 5433; x_wconf 57' lang='grc' dir='ltr'>ὑμνήτ</span> <span class='ocrx_word' id='word_1_691' title='bbox 2129 5358 2383 5422; x_wconf 60' lang='grc' dir='ltr'>εἰρηκει).</span> <span class='ocrx_word' id='word_1_692' title='bbox 2415 5358 2692 5433; x_wconf 58' lang='grc' dir='ltr'>ἄφθαρτος</span> <span class='ocrx_word' id='word_1_693' title='bbox 2721 5360 2954 5429; x_wconf 83' lang='grc' dir='ltr'>ἔμεινεν,</span> <span class='ocrx_word' id='word_1_694' title='bbox 2989 5369 3091 5412; x_wconf 88' lang='lat' dir='ltr'><strong>etc.</strong></span> 
     </span>
    </p>
   </div>
   <div class='ocr_carea' id='block_1_96' title="bbox 447 5431 2019 5504">
    <p class='ocr_par' dir='ltr' id='par_1_96' title="bbox 447 5431 2019 5504">
     <span class='ocr_line' id='line_1_96' title="bbox 447 5431 2019 5504; baseline -0.002 -19"><span class='ocrx_word' id='word_1_695' title='bbox 447 5451 574 5504; x_wconf 75' lang='grc' dir='ltr'>σατε</span> <span class='ocrx_word' id='word_1_696' title='bbox 601 5431 938 5504; x_wconf 17' lang='grc' dir='ltr'>τὴνᾼὲορτήν,</span> <span class='ocrx_word' id='word_1_697' title='bbox 975 5431 1102 5497; x_wconf 66' lang='lat' dir='ltr'><strong>etc.,</strong></span> <span class='ocrx_word' id='word_1_698' title='bbox 1139 5434 1230 5485; x_wconf 81' lang='grc' dir='ltr'><strong>τοῦ</strong></span> <span class='ocrx_word' id='word_1_699' title='bbox 1268 5433 1508 5502; x_wconf 79' lang='grc' dir='ltr'>νικητοῢ,</span> <span class='ocrx_word' id='word_1_700' title='bbox 1537 5433 1821 5504; x_wconf 25' lang='grc' dir='ltr'>τουτέστιν.</span> <span class='ocrx_word' id='word_1_701' title='bbox 1847 5431 2019 5504; x_wconf 80' lang='grc' dir='ltr'><strong>Ἰησοῦ</strong></span> 
     </span>
    </p>
   </div>
   <div class='ocr_carea' id='block_1_97' title="bbox 445 5501 2021 5573">
    <p class='ocr_par' dir='ltr' id='par_1_97' title="bbox 445 5501 2021 5573">
     <span class='ocr_line' id='line_1_97' title="bbox 445 5501 2021 5573; baseline -0.001 -19"><span class='ocrx_word' id='word_1_702' title='bbox 445 5503 536 5573; x_wconf 76' lang='grc' dir='ltr'>τοῦ</span> <span class='ocrx_word' id='word_1_703' title='bbox 571 5501 979 5573; x_wconf 25' lang='grc' dir='ltr'>Κυρίουίὴμῶν,</span> <span class='ocrx_word' id='word_1_704' title='bbox 1012 5504 1086 5566; x_wconf 83' lang='grc' dir='ltr'>ὡς</span> <span class='ocrx_word' id='word_1_705' title='bbox 1115 5503 1209 5556; x_wconf 73' lang='grc' dir='ltr'>καὶ</span> <span class='ocrx_word' id='word_1_706' title='bbox 1235 5505 1282 5565; x_wconf 92' lang='lat'>6,</span> <span class='ocrx_word' id='word_1_707' title='bbox 1305 5501 1436 5567; x_wconf 83' lang='lat' dir='ltr'><strong>etc.,</strong></span> <span class='ocrx_word' id='word_1_708' title='bbox 1465 5503 1707 5573; x_wconf 83' lang='grc' dir='ltr'>ἄρχεται.</span> <span class='ocrx_word' id='word_1_709' title='bbox 1739 5502 1836 5554; x_wconf 72' lang='grc' dir='ltr'><strong>Διὰ</strong></span> <span class='ocrx_word' id='word_1_710' title='bbox 1862 5501 2021 5553; x_wconf 77' lang='grc' dir='ltr'>τοῦτο</span> 
     </span>
    </p>
   </div>
   <div class='ocr_carea' id='block_1_98' title="bbox 448 5571 962 5640">
    <p class='ocr_par' dir='ltr' id='par_1_98' title="bbox 448 5571 962 5640">
     <span class='ocr_line' id='line_1_98' title="bbox 448 5571 962 5640; baseline 0.004 -14"><span class='ocrx_word' id='word_1_711' title='bbox 448 5572 590 5640; x_wconf 70' lang='grc' dir='ltr'>λέγει</span> <span class='ocrx_word' id='word_1_712' title='bbox 609 5589 621 5601; x_wconf 83' lang='lat'><strong><em>°</em></strong></span> <span class='ocrx_word' id='word_1_713' title='bbox 653 5571 833 5637; x_wconf 73' lang='grc' dir='ltr'>Αἴνει,</span> <span class='ocrx_word' id='word_1_714' title='bbox 848 5571 962 5628; x_wconf 56' lang='grc' dir='ltr'>διὸ.</span> 
     </span>
    </p>
   </div>
   <div class='ocr_carea' id='block_1_99' title="bbox 516 5641 2019 5726">
    <p class='ocr_par' dir='ltr' id='par_1_99' title="bbox 516 5641 2019 5726">
     <span class='ocr_line' id='line_1_99' title="bbox 516 5641 2019 5726; baseline 0 -34"><span class='ocrx_word' id='word_1_715' title='bbox 516 5642 590 5726; x_wconf 49' lang='grc' dir='ltr'><strong>(ᾖ)</strong></span> <span class='ocrx_word' id='word_1_716' title='bbox 629 5641 697 5693; x_wconf 88' lang='grc' dir='ltr'>Ν.</span> <span class='ocrx_word' id='word_1_717' title='bbox 730 5641 785 5726; x_wconf 53' lang='lat' dir='ltr'><strong>ll;</strong></span> <span class='ocrx_word' id='word_1_718' title='bbox 814 5643 904 5726; x_wconf 55' lang='grc' dir='ltr'><strong>Νίὴ</strong></span> <span class='ocrx_word' id='word_1_719' title='bbox 936 5641 1424 5726; x_wconf 51' lang='grc' dir='ltr'>καταφύγητειὲπὶ</span> <span class='ocrx_word' id='word_1_720' title='bbox 1470 5644 1568 5726; x_wconf 69' lang='grc' dir='ltr'>τὴν</span> <span class='ocrx_word' id='word_1_721' title='bbox 1622 5641 1871 5710; x_wconf 78' lang='grc' dir='ltr'>βοήθειαν</span> <span class='ocrx_word' id='word_1_722' title='bbox 1914 5641 2019 5692; x_wconf 79' lang='grc' dir='ltr'>τῶν</span> 
     </span>
    </p>
   </div>
   <div class='ocr_carea' id='block_1_100' title="bbox 449 5712 2016 5786">
    <p class='ocr_par' dir='ltr' id='par_1_100' title="bbox 449 5712 2016 5786">
     <span class='ocr_line' id='line_1_100' title="bbox 449 5712 2016 5786; baseline 0.001 -24"><span class='ocrx_word' id='word_1_723' title='bbox 449 5712 505 5763; x_wconf 69' lang='grc' dir='ltr'><strong>εν</strong></span> <span class='ocrx_word' id='word_1_724' title='bbox 551 5713 789 5786; x_wconf 70' lang='grc' dir='ltr'>ὑπεροχῇ</span> <span class='ocrx_word' id='word_1_725' title='bbox 842 5713 1009 5764; x_wconf 61' lang='grc' dir='ltr'>ὄντων</span> <span class='ocrx_word' id='word_1_726' title='bbox 1082 5713 1145 5765; x_wconf 83' lang='grc' dir='ltr'>Ν.</span> <span class='ocrx_word' id='word_1_727' title='bbox 1184 5713 1231 5765; x_wconf 72' lang='lat'><strong>5.</strong></span> <span class='ocrx_word' id='word_1_728' title='bbox 1270 5712 1418 5782; x_wconf 72' lang='grc' dir='ltr'><strong>Μηδὲ</strong></span> <span class='ocrx_word' id='word_1_729' title='bbox 1446 5712 1555 5772; x_wconf 76' lang='grc' dir='ltr'>ἐπί,</span> <span class='ocrx_word' id='word_1_730' title='bbox 1587 5722 1714 5782; x_wconf 87' lang='lat' dir='ltr'><strong>etc.,</strong></span> <span class='ocrx_word' id='word_1_731' title='bbox 1747 5727 1918 5781; x_wconf 82' lang='lat' dir='ltr'><strong>usque</strong></span> <span class='ocrx_word' id='word_1_732' title='bbox 1950 5712 2016 5765; x_wconf 79' lang='lat' dir='ltr'><strong>ad</strong></span> 
     </span>
    </p>
   </div>
   <div class='ocr_carea' id='block_1_101' title="bbox 2202 5432 2720 5501">
    <p class='ocr_par' dir='ltr' id='par_1_101' title="bbox 2202 5432 2720 5501">
     <span class='ocr_line' id='line_1_101' title="bbox 2202 5432 2720 5501; baseline -0.006 -16"><span class='ocrx_word' id='word_1_733' title='bbox 2202 5433 2275 5501; x_wconf 78' lang='lat'><strong>(5)</strong></span> <span class='ocrx_word' id='word_1_734' title='bbox 2307 5432 2589 5490; x_wconf 79' lang='grc' dir='ltr'>Ἐκάστου,</span> <span class='ocrx_word' id='word_1_735' title='bbox 2616 5444 2720 5484; x_wconf 87' lang='lat' dir='ltr'><strong>etc.</strong></span> 
     </span>
    </p>
   </div>
   <div class='ocr_carea' id='block_1_102' title="bbox 2200 5499 3136 5571">
    <p class='ocr_par' dir='ltr' id='par_1_102' title="bbox 2200 5499 3136 5571">
     <span class='ocr_line' id='line_1_102' title="bbox 2200 5499 3136 5571; baseline 0 -18"><span class='ocrx_word' id='word_1_736' title='bbox 2200 5499 2276 5571; x_wconf 77' lang='grc'><strong>(4)</strong></span> <span class='ocrx_word' id='word_1_737' title='bbox 2303 5502 2599 5554; x_wconf 81' lang='grc' dir='ltr'>Ἀπλάστου</span> <span class='ocrx_word' id='word_1_738' title='bbox 2630 5502 2754 5553; x_wconf 72' lang='grc' dir='ltr'><strong>λαοῦ</strong></span> <span class='ocrx_word' id='word_1_739' title='bbox 2786 5499 2998 5570; x_wconf 76' lang='grc' dir='ltr'>βοηθός,</span> <span class='ocrx_word' id='word_1_740' title='bbox 3033 5509 3136 5571; x_wconf 86' lang='lat' dir='ltr'><strong>etc.</strong></span> 
     </span>
    </p>
   </div>
   <div class='ocr_carea' id='block_1_103' title="bbox 2127 5567 3719 5699">
    <p class='ocr_par' dir='ltr' id='par_1_103' title="bbox 2127 5567 3719 5699">
     <span class='ocr_line' id='line_1_103' title="bbox 2161 5567 3719 5698; baseline -0.003 -71"><span class='ocrx_word' id='word_1_741' title='bbox 2161 5567 2276 5698; x_wconf 75' lang='grc' dir='ltr'><strong>ῑ(5)</strong></span> <span class='ocrx_word' id='word_1_742' title='bbox 2319 5574 2384 5628; x_wconf 83' lang='grc' dir='ltr'>Ν.</span> <span class='ocrx_word' id='word_1_743' title='bbox 2423 5573 2506 5627; x_wconf 79' lang='grc'><strong>10.</strong></span> <span class='ocrx_word' id='word_1_744' title='bbox 2552 5573 2744 5641; x_wconf 82' lang='lat' dir='ltr'><strong>Incipit</strong></span> <span class='ocrx_word' id='word_1_745' title='bbox 2783 5567 2965 5625; x_wconf 29' lang='lat' dir='ltr'><strong>{Ib-llis</strong></span> <span class='ocrx_word' id='word_1_746' title='bbox 2997 5570 3194 5638; x_wconf 79' lang='lat' dir='ltr'><strong>verbis,</strong></span> <span class='ocrx_word' id='word_1_747' title='bbox 3227 5570 3319 5623; x_wconf 87' lang='grc' dir='ltr'><strong>τὸν</strong></span> <span class='ocrx_word' id='word_1_748' title='bbox 3361 5567 3719 5641; x_wconf 69' lang='grc' dir='ltr'>δημιουργόν.</span> 
     </span>
     <span class='ocr_line' id='line_1_104' title="bbox 2127 5660 2228 5699; baseline -0.03 0"><span class='ocrx_word' id='word_1_749' title='bbox 2127 5660 2156 5698; x_wconf 88' lang='lat' dir='ltr'><strong>e</strong></span> <span class='ocrx_word' id='word_1_750' title='bbox 2183 5660 2228 5699; x_wconf 89' lang='lat' dir='ltr'><strong>c.</strong></span> 
     </span>
    </p>
   </div>
   <div class='ocr_carea' id='block_1_104' title="bbox 3743 797 3826 888">
    <p class='ocr_par' dir='ltr' id='par_1_104' title="bbox 3743 797 3826 888">
     <span class='ocr_line' id='line_1_105' title="bbox 3743 797 3826 888; baseline 0 -6"><span class='ocrx_word' id='word_1_751' title='bbox 3743 797 3826 888; x_wconf 67' lang='grc' dir='ltr'><em>Α</em></span> 
     </span>
    </p>
   </div>
  </div>
