3860 6220
170 306 300 362 152!
1063 306 1150 361 ne
1190 305 1464 363 TITULIS
1498 305 1947 362 PSALMORUM.
1988 337 2056 348 -
2095 288 2320 361 PSAL.
2365 305 2580 365 CXLVI.
3303 316 3437 369 ιε.κὲ

233 424 320 477 11.
361 423 470 476 Τὸν
502 423 846 492 φυλάσσοντα
873 425 1131 498 ἀλήθειαν
1164 429 1244 492 εἰς
1266 429 1356 482 τὸν
1383 428 1557 482 αἰῶνα
1578 446 1592 460 ·

1787 432 1828 486 Α
1929 427 2016 481 11.
2059 425 2166 493 Qui
2199 427 2442 484 custodit
2461 429 2739 484 veritatem
2775 429 2828 483 in
2862 431 3121 486 saeculum
3160 449 3173 484 :

229 513 318 566 12.
362 514 643 567 Ποιοῦντα
676 519 852 586 κρῖμα
879 517 991 580 τοῖς
1017 518 1395 588 ἀδικουμένοις
1414 536 1428 548 ⁸

1934 521 2020 574 12.
2055 519 2210 574 Facit
2234 515 2500 588 judicium
2527 520 2782 589 injuriam
2816 522 3150 590 patientibus
3185 538 3199 576 :

229 603 316 659 15.
359 606 601 660 Διδόντα
621 608 826 677 τροφὴν
849 611 961 669 τοῖς
987 609 1236 664 πεινῶσι.

1935 613 2020 665 15.
2055 611 2158 665 Dat
2193 625 2375 666 escam
2403 613 2791 666 esurientibus.

227 696 316 752 14.
358 697 582 767 Κύριος
615 697 728 751 λύει
760 699 1168 770 πεπεδημένους
1189 717 1202 730 ο

1934 703 2020 756 14.
2058 701 2324 757 Dominus
2354 703 2518 757 solvit
2551 704 2926 774 compeditos:

226 789 314 841 15.
359 788 584 861 Κύριος
618 793 772 858 σοφοί
797 789 1030 859 τυφλούς
1055 809 1068 821 ⁸

1934 791 2020 846 15.
2061 790 2325 845 Dominus
2353 791 2627 844 illuminat
2653 806 2830 847 caecos
2862 810 2875 846 :

227 878 314 932 16.
356 879 582 950 Κύριος
616 880 831 952 ὰνορθοῖ
859 883 1364 953 κατεῤῥαγμένουςο

1243 899 1364 945 ους·
1939 881 2021 935 16.
2069 881 2330 937 Dominus
2368 881 2526 951 erigit
2553 882 2719 937 elisos
2756 901 2767 935 :

225 971 313 1023 17.
358 971 582 1041 Κύριος
614 971 804 1043 ἀγαπᾷ
831 972 1076 1036 δικαίους
1096 989 1110 1004 ·

1937 972 2024 1026 17.
2058 971 2326 1027 Dominus
2352 972 2529 1041 diligit
2552 973 2731 1042 justos
2764 991 2776 1026 :

226 1061 314 1117 18.
357 1061 583 1134 Κύριος
613 1063 876 1132 φυλάσσει
899 1064 1025 1126 τοὺς
1057 1063 1442 1134 προσηλύτους.

1365 1082 1442 1128 υς.
1938 1063 2025 1118 18.
2062 1062 2319 1118 Dominus
2353 1065 2593 1118 custodit
2629 1052 2889 1118 advena's.

224 1153 314 1206 19.
338 1154 626 1224 Ὀρφανδν
659 1155 752 1208 καὶ
786 1156 963 1225 χήραν
995 1154 1348 1225 ἀναλήψεται,

1937 1154 2024 1208 19.
2057 1153 2348 1223 Pupillnm,
2377 1163 2431 1208 et
2461 1155 2680 1208 viduam
2714 1153 3014 1222 suscipiet,

223 1243 316 1297 20.
359 1244 481 1296 Kal.
514 1245 637 1298 ὁδὸν
666 1244 1004 1316 ἁμαρτωλῶν
1033 1245 1272 1313 ἁφανιεῖ.

1935 1243 2028 1299 29.
2065 1244 2131 1299 Et
2167 1245 2283 1300 vias
2313 1254 2662 1314 peccatorum
2691 1245 2991 1315 disperdet.

165 1363 174 1372 ~
223 1335 316 1387 21.
361 1335 692 1389 Βασιλεύσει
739 1335 940 1406 Κύριος
983 1337 1062 1399 εἰς
1115 1336 1207 1388 τὸν
1251 1335 1492 1398 αἰῶνα,ὁ
1523 1335 1598 1406 (a)
1629 1335 1689 1388 Θε

1933 1336 2025 1390 21.
2064 1335 2330 1405 Regnabit
2352 1336 2616 1391 Dominus
2643 1335 2695 1390 in
2736 1336 2932 1390 saecula
2964 1334 3108 1388 Deus
3131 1342 3258 1388 tuus
3279 1330 3433 1397 Sion,

157 1442 250 1478 σου
281 1425 454 1490 Σιὼν,

221 1518 313 1570 22.
358 1520 460 1582 Εἰς
494 1518 692 1587 γενεὰν
723 1519 815 1571 καὶ
854 1517 1070 1587 γενεάν.

1930 1511 2022 1566 22.
2059 1511 2113 1564 In
2145 1511 2549 1581 generationem
2583 1521 2638 1567 et
2679 1512 3100 1582 generationem.

153 1609 554 1676 ’Λλληλούῖω
573 1612 842 1680 Ἀγγαίου
871 1611 968 1663 καὶ
1002 1611 1321 1678 Ζαχαρίου.
1358 1611 1529 1662 ΨΑΛ.
1556 1611 1677 1662 ΡΜ(

1944 1603 2192 1658 Alleluia.
2231 1603 2412 1672 Agga'i
2442 1613 2491 1657 et
2524 1603 2825 1659 Zachariaz.
2870 1601 3071 1657 PSAL.
3114 1595 3365 1657 CXLVI.

227 1703 278 1754 1.
321 1703 548 1754 Αἰνεῖτε
571 1701 662 1754 τὸν
697 1700 919 1772 Κύριον,
951 1702 1032 1753 ὅτι
1061 1698 1264 1767 ἀγαθὸν
1292 1699 1504 1768 ψαλμός
1526 1716 1538 1729 ·

1931 1697 1983 1750 1.
2021 1693 2262 1748 Laudate
2298 1693 2587 1749 Dominum
2610 1737 2624 1762 ,
2670 1696 2932 1766 quoniam
2958 1695 3159 1748 bonum
3190 1703 3274 1748 est
3301 1693 3441 1762 psal—

1861 1800 1985 1839 mus
2026 1803 2038 1836 ε

228 1905 306 1973 (α)
349 1903 516 1958 Vers.
552 1905 712 1958 2230
748 1903 878 1966 Θεὸς
915 1921 1031 1967 σου,
1064 1911 1194 1968 etc.,
1239 1919 1413 1972 usque
1442 1903 1507 1956 ad
1543 1904 1637 1955 καὶ
1669 1902 1885 1971 γενεάν.

1297 2037 1680 2092 ATHANASII
1723 2036 2310 2093 INTERPRETATIO.

233 2154 321 2208 11.
363 2154 477 2206 Τὸν
506 2152 714 2223 ἀψευδῆ
728 2153 857 2207 Θεὸν
878 2153 966 2206 τὸν
987 2152 1326 2224 φρουροῦντα
1343 2155 1519 2207 πᾶσαν
1540 2155 1757 2226 καρδίαν

1938 2155 2023 2208 11.
2061 2153 2166 2221 Qui
2198 2169 2362 2209 verax
2398 2151 2541 2208 Deus
2579 2157 2662 2208 est
2708 2151 3022 2207 custodiens
3051 2153 3218 2206 corda
3257 2154 3438 2208 omnia

163 2247 271 2298 τῶν
296 2246 475 2314 ἁγίων
503 2244 694 2298 αὑτοῦ.

1867 2255 2180 2304 sanctorum
2216 2261 2463 2302 suorum.

235 2337 320 2389 12.
364 2337 638 2389 Ποιοῢντα
677 2335 950 2406 ἐκδίκησιν
995 2335 1089 2388 καὶ
1135 2337 1191 2388 ἐν
1220 2334 1296 2405 τῷ
1326 2335 1442 2399 νῦν,
1477 2337 1570 2389 καὶ
1603 2338 1660 2389 ὲν

1937 2336 2024 2391 12.
2055 2335 2382 2397 Vindicans,
2426 2342 2482 2389 et
2511 2333 2565 2387 in
2605 2333 2890 2404 praesenti,
2927 2342 2979 2388 et
3020 2335 3072 2388 in
3109 2334 3294 2388 futuro
3337 2352 3439 2390 sae-

172 2428 418 2496 μέλλοντι
456 2429 618 2482 αἰῶνι
647 2431 760 2492 τοῖς
795 2426 1310 2498 καταπονουμένοις,
1345 2427 1378 2498 ἢ
1414 2427 1516 2479 ὑπὸ
1549 2428 1696 2500 ἀνθρι

1913 2429 1986 2482 ilo
2045 2427 2297 2491 afﬂictos,
2339 2435 2433 2480 aut
2481 2426 2550 2480 ab
2580 2426 2925 2491 hominibus,
2960 2435 3053 2480 aut
3078 2442 3107 2480 .1
3145 2429 3437 2482 contrariis

168 2539 303 2585 πων,
326 2524 360 2594 ἢ
391 2523 504 2575 ὑπὸ
533 2522 642 2575 τῶν
672 2523 929 2576 ἐναντίων
954 2522 1255 2592 δυνάμεων.

733 2523 929 2576 αντίων
954 2522 1255 2592 δυνάμεων.
1863 2517 2253 2588 potestatibus.

236 2614 326 2670 15.
357 2615 434 2667 Τὸ
463 2616 564 2686 μὲν
595 2614 757 2668 ἰδικὺν
786 2614 941 2685 δῆλόν
971 2616 1138 2678 ἐστιν,
1157 2615 1238 2666 ὅτι
1262 2613 1422 2676 αὐτὸς
1444 2613 1632 2685 τρέφει
1654 2615 1760 2666 πᾶ-

1935 2611 2021 2664 15.
2051 2609 2314 2680 PrOprius
2335 2608 2554 2679 quidem
2584 2623 2781 2664 sensus
2805 2608 3130 2663 manifestus
3149 2618 3252 2673 est,
3291 2611 3432 2680 quod

172 2721 268 2758 σαν
293 2707 480 2778 σάρκα
508 2725 522 2738 ο
556 2709 705 2777 ὅμως
729 2708 786 2760 δὲ
813 2707 888 2775 (1)
916 2707 1010 2759 καὶ
1033 2706 1188 2758 τοῦτο
1213 2705 1518 2777 θεωρεῖται,
1546 2706 1628 2758 ὃτι
1651 2723 1696 2758 τι

1913 2718 1982 2755 ise
2020 2717 2241 2755 omnem
2273 2717 2492 2754 carnem
2519 2699 2614 2754 alit
2642 2717 2654 2752 :
2684 2710 3057 2754 verumtamen
3081 2701 3130 2753 id
3150 2701 3437 2770 allegoriei:

171 2799 393 2854 ποθοῦσι
422 2802 528 2872 τὴν
563 2800 720 2872 χάριν
745 2798 912 2853 αὑτοῦ
949 2799 1216 2861 πλουσίως
1246 2798 1414 2868 αὐτὴν
1449 2797 1694 2869 παρέχει.

1911 2791 2022 2844 .iam
2059 2791 2324 2860 explicari
2391 2798 2607 2858 potest,
2663 2789 2806 2858 quod
2845 2789 3280 2844 desiderantibus
3311 2807 3435 2859 gra-

1863 2884 1990 2937 tiam
2019 2899 2174 2937 snam
2209 2883 2553 2938 abundanter
2596 2883 2767 2952 ipsam
2800 2883 3038 2937 exhibet.

241 2974 328 3029 1.1.
368 2975 513 3038 Τοὺς
547 2973 1005 3043 συνεσφιγμένους
1034 2973 1139 3026 ὑπὸ
1171 2972 1278 3025 τῶν
1309 2972 1451 3026 ἰδίων
1482 2973 1554 3044 (2)
1582 2974 1760 3044 ἁμαρ-

1934 2973 2021 3026 14.
2061 2973 2405 3028 Constrictos
2447 2989 2476 3026 a
2523 2973 2759 3043 propriis
2813 2973 3050 3042 peccatis
3103 2973 3298 3027 liberat
3343 2988 3437 3028 eos

178 3064 299 3117 τιῶν
331 3067 667 3136 ἁπαλλριττει
695 3065 891 3128 αὐτοὺς
921 3066 1009 3119 διὰ
1036 3067 1132 3136 τῆς
1155 3067 1375 3136 χάριτος
1405 3066 1592 3121 αὑτοῦ.

652 3084 667 3118 ι
695 3065 891 3128 αὐτοὺς
921 3066 1009 3119 διὰ
1036 3067 1132 3136 τῆς
1155 3067 1375 3136 χάριτος
1405 3066 1592 3121 αὑτοῦ.
1860 3065 2033 3135 gratia
2057 3081 2175 3119 sua.

243 3156 329 3210 15.
361 3133 960 3227 Τοὺς”πεπηρωμένους
993 3158 1068 3226 (5)
1096 3157 1193 3226 τὴν
1213 3157 1450 3210 διάνοιαν
1479 3161 1633 3225 σοφοῖ
1663 3159 1760 3212 αὐ-

1930 3156 2018 3210 15.
2069 3155 2245 3210 Mente
2290 3163 2595 3210 excaecatos
2649 3156 2927 3224 sapientes
2977 3156 3153 3209 reddit
3180 3171 3295 3220 eos,
3330 3172 3434 3210 non

178 3249 316 3310 τοὺς,
349 3251 410 3301 ού
462 3250 564 3320 τὴν
614 3250 804 3316 σοφίαν
849 3247 942 3301 τοῦ
983 3248 1188 3319 κόσμου
1228 3249 1439 3314 τούτου,
1476 3250 1609 3303 ἀλλὰ
1661 3252 1702 3302 τέ

1911 3249 2124 3317 ipientia
2152 3247 2316 3317 hujus
2358 3246 2585 3313 mundi,
2618 3248 2711 3302 sed
2762 3247 3121 3316 insuperabili
3157 3247 3435 3317 [immuta-

179 3339 426 3411 ἀνίκητον
457 3340 760 3412 [ἀκίνητον]
793 3341 885 3393 καὶ
911 3339 1284 3411 ἀτελεύτητον.

805 3341 885 3393 cui.
911 3339 1284 3411 ἀτελεύτητον.
1857 3337 1976 3410 bili]
2017 3350 2070 3392 et
2107 3345 2329 3392 aeterna.

246 3429 329 3486 16.
377 3432 586 3501 Κύριος
621 3430 887 3502 ἀνεγείρει
919 3432 1046 3494 τοὺς
1078 3430 1488 3493 καταπεσόντας
1533 3433 1589 3484 ἐν
1635 3434 1756 3494 ταῖς

1563 3450 1589 3484 ν
1635 3434 1756 3494 ταῖς
1931 3427 2025 3482 16.
2058 3427 2320 3484 Dominus
2357 3428 2518 3500 erigit
2543 3443 2727 3498 lapsos
2752 3429 2804 3482 in
2843 3439 3085 3499 peccata.

182 3519 496 3592 ἁμαρτίαις.
1501 3560 1506 3572 ι
1781 3535 1824 3592 α

248 3612 508 3666 17.’Ὡστε
525 3613 616 3665 καὶ
632 3611 727 3682 τὴν
743 3610 920 3682 ψυχὴν
933 3611 1098 3664 αὑτοῦ
1117 3611 1196 3681 (4)
1217 3611 1387 3664 θεῖναι
1404 3611 1542 3682 ὑπὲρ
1559 3611 1757 3664 αὐτῶν.

1942 3619 2028 3673 17.
2065 3619 2216 3676 Adeo
2248 3630 2306 3675 ut
2336 3631 2390 3676 et
2419 3624 2659 3677 animam
2701 3640 2853 3678 suam
2887 3641 2984 3693 pro
3011 3627 3141 3694 ipsis
3173 3627 3430 3694 posuerit.

248 3703 332 3757 18.
373 3707 515 3768 Τοὺς
564 3703 1002 3776 προσψεύγοντας
1037 3702 1184 3773 αύτῷ
1237 3703 1423 3756 σκέπει
1465 3707 1530 3774 τῇ
1581 3704 1760 3774 χάριτι

1937 3709 2024 3762 18.
2061 3710 2452 3782 Conlugicntes
2481 3713 2545 3766 ad
2581 3714 2758 3781 ipsum
2789 3715 3025 3784 protegit
3047 3716 3218 3784 gratia
3243 3731 3361 3770 sua.

182 3807 340 3845 αυτου
351 3835 362 3848 .

250 3885 333 3938 19.
376 3887 449 3938 Τὸ
505 3884 600 3954 μὲν
646 3883 840 3936 εἰδικὸν
871 3883 1026 3953 δῆλόν
1061 3883 1230 3947 ἐστιν,
1287 3884 1366 3936 ’ὁτι
1407 3883 1638 3953 ὀρφανὸν
1666 3883 1760 3936 καὶ

1936 3887 2022 3941 19.
2059 3886 2267 3943 Sensus
2289 3889 2506 3958 quidem
2536 3891 2792 3960 pr0prius
2815 3891 3138 3946 manifestus
3163 3901 3265 3952 est,
3289 3895 3431 3961 quod

183 3976 345 4043 χήραν
379 3975 816 4046 ἁναλαμὸἀνεται
837 3990 854 4004 ο
903 3974 1032 4045 περὶ
1071 3975 1126 4026 δὲ
1159 3974 1251 4026 τοῦ
1281 3975 1562 4028 νεανίσκου
1589 3973 1707 4042 λέγε

1909 3978 2054 4046 upilli
2095 3988 2148 4032 et
2190 3979 2366 4033 viduae
2388 3995 2573 4034 curam
2608 3981 2874 4049 suscipit:
2911 3983 3201 4052 allegorice
3255 3995 3433 4038 autem

185 4059 240 4116 οὗ
267 4066 561 4138 ἀνέστησεν
594 4067 622 4118 ὁ
650 4065 852 4136 Κύριος
897 4067 954 4117 ἐν
995 4067 1059 4134 τῇ
1105 4062 1262 4127 Ναίν,
1297 4063 1391 4115 καὶ
1430 4064 1528 4134 τῆς
1568 4062 1709 4116 τούτι

1907 4068 2102 4134 lquitur
2147 4069 2214 4124 de
2258 4070 2492 4138 juvene,
2539 4087 2702 4139 quem
2751 4072 3009 4129 Dominus
3049 4075 3331 4128 suscitavit
3380 4077 3431 4129 in

191 4157 406 4224 μητρός.

1866 4159 2000 4213 urbe
2023 4159 2182 4226 Nain,
2207 4169 2262 4215 et
2289 4163 2354 4216 de
2378 4162 2522 4218 illius
2549 4173 2743 4220 matre.

249 4239 336 4294 20.
378 4241 487 4295 Καὶ
533 4242 710 4294 πᾶσαν
743 4240 839 4312 τὴν
873 4241 1188 4312 ἐπιθυμίαν,
1239 4243 1332 4295 καὶ
1373 4241 1470 4312 τὴν
1519 4240 1755 4310 ἀπάτην,

1933 4249 2023 4303 20.
2063 4249 2126 4302 Et
2154 4267 2367 4306 omnem
2394 4255 2892 4322 concupiscentiam
2919 4298 2934 4320 ,
2980 4266 3034 4310 et
3058 4257 3430 4326 deceptioncm

189 4331 274 4382 καὶ
303 4333 396 4405 τὴν
423 4334 769 4388 διδασκαλίαν
799 4333 905 4386 τῶν
929 4334 1203 4404 ἀρχόντων
1229 4334 1323 4388 τοῦ
1353 4334 1544 4396 αἰῶνος
1568 4332 1713 4386 τούτο

1863 4346 1918 4391 et
1953 4338 2255 4394 doctrinam
2284 4341 2590 4412 principum
2622 4344 2784 4415 hujus
2813 4347 2996 4400 saeculi
3021 4347 3291 4401 conﬁciet.

193 4425 508 4481 συντελέσει.

254 4514 338 4581 21,
364 4518 454 4570 22.
501 4517 577 4587 (5)
612 4515 1004 4586 Ἀτελευτήτως
1046 4517 1074 4567 ὁ
1116 4516 1246 4579 Θεός
1302 4533 1394 4568 σου
1427 4523 1459 4586 ἡ
1512 4514 1622 4568 ἄνω
1665 4515 1758 4567 Ἱε-

1934 4513 2024 4580 21,
2048 4513 2138 4568 22.
2166 4513 2226 4568 In
2249 4523 2512 4570 aeternum
2540 4513 2682 4571 Deus
2708 4524 2835 4571 tuus
2859 4532 3094 4586 superna
3111 4515 3433 4584 Jerusalem,

195 4609 481 4681 ρουσαλὴμ,
507 4610 632 4663 ἔνθα
663 4609 721 4662 τὸ
747 4609 1062 4680 ἐπουράνιον
1087 4607 1468 4678 θυσιαστήριον
1497 4607 1719 4677 ὑπάρχει

1910 4606 1952 4660 bi
1988 4607 2378 4675 supercoeleSte
2419 4607 2590 4661 altare
2621 4608 2836 4662 exsistit
2869 4622 2884 4662 :
2918 4607 3044 4662 Sion
3079 4609 3221 4661 eiiim
3270 4608 3434 4662 inter-

194 4699 337 4753 Σιὼν
363 4704 472 4774 γὰρ
505 4703 863 4774 ἑρμηνεύεται
898 4703 1076 4765 τόπος
1100 4700 1250 4753 ὅπου
1284 4700 1322 4765 ἡ
1353 4698 1577 4767 σκηνὴ,
1601 4715 1718 4751 τουτ

1910 4704 2102 4750 retatur
2143 4695 2288 4750 locus
2345 4697 2434 4750 ubi
2465 4696 2859 4752 tabernaculum
2882 4739 2896 4762 ,
2936 4700 3038 4752 hoc
3075 4707 3158 4753 est
3196 4700 3283 4752 ubi
3343 4715 3434 4754 sn-

197 4786 328 4843 έστιν
353 4795 484 4848 ὅπου
519 4795 580 4847 τὸ
608 4794 922 4865 ἐπουράνιον
957 4791 1360 4864 θυσιαστήριον.

868 4811 922 4846 ον
957 4791 1360 4864 θυσιαστήριον.
1791 4806 1835 4860 ι)
1863 4788 2181 4858 percceleste
2206 4788 2392 4844 altare.

268 4903 328 4958 Ἦ
365 4908 698 4980 προκειμένη
732 4907 1009 4978 ἐπιγραφὴ
1044 4906 1284 4978 περιέχει
1313 4905 1409 4976 (6)·
1452 4896 1822 4972 Ἄλληλούῖα,
1875 4903 2139 4972 Ἀγγαίου
2174 4903 2272 4956 καὶ
2301 4903 2600 4971 Ζαχαρίου
2619 4921 2632 4933 ·
2658 4904 2993 4970 maneam
3023 4899 3115 4957 οὖν
3139 4903 3432 4974 ἑρμηνεύε-

261 4989 470 5051 Titulus
497 4997 818 5066 praepositus
853 4997 1095 5050 continet
1125 5015 1137 5048 :
1172 4995 1437 5058 Alleluia,
1470 4995 1647 5063 Aggazi
1669 5035 1682 5058 ,
1723 5004 1772 5047 et
1800 4993 2081 5047 Zac/caria:
2113 5009 2132 5046 :
2161 4994 2377 5047 alleluia
2415 4996 2579 5064 igitur
2606 4996 2991 5066 interpretatur
3017 4998 3134 5050 laus
3192 5008 3240 5050 et
3280 4997 3431 5066 hym-

263 5079 310 5135 1.
350 5086 552 5138 Αἰνεῖτε
593 5086 682 5138 τὸν
730 5087 950 5158 Κύριον,
981 5089 1061 5141 ὅτι
1103 5087 1202 5157 ἡδὺ
1247 5084 1326 5155 τῷ
1376 5084 1496 5154 Θεῴ
1529 5084 1588 5137 τὸ
1621 5083 1761 5154 ψάλ-

1939 5086 1990 5137 1.
2026 5083 2269 5139 Landate
2313 5084 2605 5140 Dominum
2633 5127 2648 5152 ,
2697 5088 2956 5158 quoniam
3001 5087 3301 5159 jucundum
3353 5096 3429 5139 cst

199 5165 250 5220 λε
260 5188 300 5224 ιν
332 5176 407 5247 (7)
439 5177 607 5248 αὐτῷ.

1869 5174 2000 5240 Deo,
2032 5185 2091 5229 ut
2114 5177 2215 5245 ipsi
2239 5177 2521 5245 psallatur.

1055 5289 1360 5352 Addenda
1390 5296 1452 5352 et
1489 5288 1862 5366 corrigenda
1894 5305 1970 5347 ex
2004 5289 2142 5349 cod.
2179 5289 2382 5350 Vatic.

268 5377 335 5453 (1)
375 5386 439 5438 Δέ
467 5386 636 5444 deest.

1864 5394 1994 5448 ctc.,
2023 5387 2295 5438 τουτέστιν
2321 5388 2502 5450 τόπος,
2533 5390 2688 5453 ὅπου,
2714 5399 2817 5443 etc.

364 5455 526 5530 ’βίων
561 5457 731 5530 deest.
823 5529 830 5530 ί
990 5527 1035 5530 __
1484 5527 1494 5530 _

1937 5458 2011 5530 (ϐ)
2043 5456 2106 5507 Ἥ
2144 5456 2232 5530 διᾲ
2263 5457 2362 5526 τῆς
2396 5450 2761 5530 κινναϐάρεως
2792 5461 3052 5530 περιέχει,
3084 5466 3214 5515 etc,
3246 5457 3424 5530 -ἐρμητ

372 5527 796 5599 Πεπορωμένους
819 5529 921 5593 leg.
953 5527 1162 5582 videtur
1195 5527 1642 5598 πεπηρωμένους.

1899 5521 2074 5599 εύεται
2120 5521 2571 5599 μνήμηΚυρίου,
2609 5521 2753 5595 e'tc.,
2779 5521 3161 5599 αἶνος,”ὖμνος
3203 5521 3423 5597 τῷγθεὶἔ

269 5590 338 5666 (ξ)
377 5590 582 5655 sunt»,
605 5590 720 5666 'leg.
753 5590 936 5652 άῡτόῡ.
1331 5590 1361 5598 ”
1431 5590 1443 5597 “
1643 5665 1648 5666 ν

885 5590 936 5652 ὖ.
1331 5590 1361 5598 ”
1431 5590 1443 5597 ’
1643 5665 1648 5666 γ
1862 5594 1939 5664 τῷ
1975 5590 2276 5666 δυτιγπαρᾶ,
2294 5590 2407 5650 ἐκ.

269 5649 338 5728 (5)
377 5666 441 5717 N.
485 5649 999 5737 ai.".iz°s'>.s'oeﬁéi;.;.
1039 5667 1106 5722 N.
1149 5665 1238 5719 22.
1275 5667 1332 5719 'o
1377 5666 1507 5728 Θεὸς
1545 5667 1578 5735 ἠ
1622 5665 1752 5730 ἀνω,
1911 5649 2008 5735 ’(7)
2048 5649 2386 5733 nmium.

507 5761 774 5819 PATnOL.
807 5761 924 5818 Gn.
965 5757 1223 5818 XXVII.

3111 5763 3184 5823 ΑΞ
