3860 6220
476 301 513 354 ·Ί
524 300 630 356 525

556 417 611 471 2.
646 416 756 472 Deo
785 426 975 473 nostro
1004 417 1075 473 sit
1097 418 1342 488 jucunda
1376 419 1640 475 laudatio.

556 509 611 563 ὅ.
646 506 946 564 Edificans
974 507 1276 564 Jerusalem
1304 509 1566 565 Dominus
1601 525 1617 564 :

556 601 611 655 4.
646 600 1020 671 Dispersiones
1048 601 1260 656 Israelis
1287 602 1656 671 congregabit.

555 693 607 747 5.
637 690 741 759 Qui
772 693 1225 747 sanatcontritos
1261 692 1456 757 corde;

554 782 604 837 6.
638 783 702 837 Et.
740 783 925 853 alligat
955 783 1311 839 contritiones
1338 798 1545 846 eorum,

552 875 611 929 7.‘
642 875 745 941 Qui
777 885 1029 931 numerat
1056 876 1458 930 multitudinem
1492 875 1771 930 stellarum
1794 917 1809 940 ,

553 963 604 1018 8.
639 963 706 1020 Et
736 966 991 1021 omnibus
1030 965 1109 1020 eis
1143 965 1361 1020 nomina
1395 974 1571 1019 vocat.

1295 302 1353 356 S.
1396 298 1774 357 ATHANASII
1813 298 1964 356 OPP.
2008 299 2189 357 PARS
2227 301 2314 358 Ill.
2362 333 2427 344 —
2468 302 2885 362 EXEGETICA.

2095 429 2139 483 Α
2235 421 2289 477 2.
2328 421 2446 493 Θεῷ
2472 422 2721 494 ήδυνθείη
2743 423 2966 487 αἴνεσις.

3607 307 3739 369 "Si

2236 516 2289 569 5.
2330 514 2640 585 Οἰκοδομῶν
2678 514 3032 585 Ἰερουσαλὴμ
3054 515 3081 568 ὁ
3108 513 3338 587 Κύριος.

2229 607 2283 661 5.
2324 607 2435 670 Τάς
2467 606 2765 677 διασπορὰς
2793 605 2889 658 τοῦ
2919 606 3137 678 Ἰσραὴλ
3164 606 3503 673 ἐπισυνάξει.

2230 696 2283 749 5.
2330 696 2387 749 '0
2420 695 2643 766 ἰώμενος
2672 696 2797 759 τοὺς
2822 680 3315 768 συντετρίμμένους
3339 697 3441 765 τὴν
3486 694 3736 768 καρδίαν

2230 786 2281 840 6.
2319 787 2426 840 Καὶ
2447 787 2724 857 δεσμεύων
2757 786 2825 840 τὰ
2852 789 3234 859 συντρίμματα
3255 787 3457 842 αὐτῶν.

2230 877 2284 929 7.
2329 876 2390 930 '0
2415 877 2662 949 ἀριθμῶν
2689 878 2868 949 πλήθη
2890 879 3105 948 ἄστρων
3124 917 3138 941 ,

2231 966 2284 1021 8.
2320 967 2430 1020 Καὶ
2460 968 2624 1020 πᾶσιν
2647 968 2830 1032 αὐτοῖς
2858 968 3098 1038 ὀνόματα
3124 965 3323 1021 καλῶν.

1604 1111 1982 1166 ATHANASII
2019 1112 2609 1174 INTEBPRETATIU.

483 1250 763 1319 ταν-,αἶνος
793 1253 889 1307 καὶ
918 1248 1149 1321 ὕμνος·
1176 1251 1441 1322 Ἀγγαίου
1473 1250 1529 1302 δὲ
1560 1251 1919 1320 ἑρμηνευεται
1947 1250 2324 1321 ἑορτάζοντας
2344 1272 2358 1286 υ
2389 1259 2686 1327 Ζαχαρίου
2714 1258 2771 1312 δὲ
2827 1260 3186 1330 ἑρμηνεύεται
3208 1260 3458 1331 μνήμης
3493 1259 3739 1332 Κυρίου.

474 1353 675 1423 Σαφῶς
700 1351 794 1408 οὖν
823 1349 978 1403 τοῦτο
1009 1349 1173 1418 λέγει,
1207 1344 1353 1410 αἶνος
1378 1346 1471 1400 καὶ⁹
1506 1346 1671 1416 ὕμνος
1693 1344 1772 1415 τῷ
1802 1345 1913 1400 ὄντι
1944 1347 2063 1418 Θεῷ
2102 1352 2252 1420 παρά
2280 1352 2372 1405 τοῦ
2403 1354 2753 1425 ἑορτάζοντος
2779 1355 2909 1408 λαοῦ
2948 1356 3044 1427 τὴν
3080 1360 3299 1429 μνήμην
3326 1360 3436 1413 τῶν
3480 1360 3742 1431 παθημά-

481 1468 588 1503 των
611 1450 795 1503 αὑτοῦ.

481 1560 581 1596 nus
611 1560 629 1596 :
654 1543 833 1612 Aggazi
873 1550 1051 1595 autem
1107 1537 1292 1606 festum
1319 1537 1520 1605 agentis
1550 1549 1567 1585 :
1600 1532 1880 1588 Zacltarite
1903 1543 2081 1589 autem
2124 1536 2514 1609 interpretatur
2551 1543 2820 1597 memoria:
2848 1542 3081 1596 Domini.
3112 1545 3309 1615 Aperte
3338 1546 3505 1617 igitur
3539 1549 3645 1603 hoc
3673 1548 3742 1602 si-

482 1638 721 1710 gnificat,
753 1636 872 1688 laus
903 1647 956 1688 et
985 1635 1219 1703 hymnus
1248 1628 1358 1685 Deo
1405 1644 1536 1682 vero
1570 1643 1600 1681 a
1635 1629 1868 1697 populo,
1897 1630 1988 1699 qui
2024 1629 2227 1688 festum
2258 1636 2370 1707 agit
2405 1638 2687 1693 memoriae
2716 1640 2989 1708 passionis
3015 1641 3155 1712 ejus.

549 1750 604 1804 2.
636 1748 998 1804 Delectabitur
1025 1746 1168 1800 enim
1203 1742 1515 1813 hujusmodi
1541 1742 1704 1797 laude
1739 1742 1904 1799 Deus.

549 1841 603 1896 5.
631 1838 930 1893 Jerusalem
970 1837 1355 1905 interpretatur
1389 1834 1521 1886 visio
1562 1834 1731 1902 pacis,
1774 1834 1935 1902 quale
1970 1844 2053 1890 est

481 1946 574 1985 cor
607 1928 763 1983 fidele
792 1946 805 1981 :
838 1926 1053 1997 singula
1104 1923 1270 1995 igitur
1318 1922 1635 1991 hujusmodi
1676 1923 1840 1977 corda
1890 1923 2053 1978 aedifi-

479 2032 567 2078 cat
600 2021 884 2075 Dominus.
944 2015 1429 2071 Verumenimvero
1478 2029 1768 2083 supernam
1826 2011 2053 2069 Jerusa-

480 2117 582 2169 lem
614 2115 731 2183 ipse
756 2112 1079 2177 aedificavit;
1128 2119 1183 2164 et
1214 2109 1505 2163 multitudo
1549 2108 1870 2179 angelorum
1917 2110 2053 2165 dici-

481 2218 567 2261 tur
619 2205 918 2259 Jerusalem
945 2245 959 2270 ,
1005 2213 1059 2255 et
1096 2202 1355 2256 omnibus
1386 2200 1739 2254 manifestum
1767 2210 1870 2264 est,
1905 2202 2051 2270 quod

479 2299 595 2365 ipse
621 2312 716 2351 eos
748 2294 978 2349 aedificat
1005 2292 1229 2345 domum
1279 2290 1618 2360 spiritualetn
1640 2333 1657 2359 ,
1688 2291 2051 2360 quemadmo-

477 2390 608 2444 dum
633 2387 808 2456 inquit
837 2386 1119 2455 apostolus
1149 2386 1214 2437 ¹⁰.

547 2480 600 2533 4.
635 2479 889 2549 Dispersa
922 2477 1165 2531 membra
1192 2485 1532 2539 sanctorum,
1556 2474 1661 2529 hoc
1687 2482 1772 2529 est
1796 2473 2048 2544 populos,

477 2572 570 2640 qui
594 2587 659 2625 ex
691 2569 894 2624 Iudaeis
920 2578 1083 2635 sunt,
1113 2577 1167 2622 et
1208 2567 1302 2638 qui
1344 2583 1413 2622 ex
1447 2567 1723 2635 gentibus,
1749 2580 2050 2636 congrega-

478 2662 556 2716 hit
583 2677 676 2731 per
700 2661 1011 2731 passionem
1038 2675 1215 2716 suam.
1242 2660 1420 2713 Aliam
1450 2659 1615 2713 etiam
1647 2658 2051 2727 interpretatio—

478 2769 602 2808 nem
648 2753 811 2822 lmjus
839 2767 1029 2806 versus
1059 2752 1259 2805 dicam.
1314 2749 1485 2805 Israel
1531 2750 1919 2819 interpretatur
1972 2750 2049 2801 vi-

476 2845 602 2898 dens
652 2844 821 2897 Deum
856 2858 875 2899 :
916 2844 1115 2897 mentis
1156 2843 1320 2913 igitur
1355 2842 1591 2897 videntis
1647 2857 1773 2896 eum
1828 2855 2046 2894 omnem

474 2937 839 3006 captivitatem
868 2935 1255 3005 congregahit,
1304 2942 1360 2989 et
1393 2932 1447 2987 in
1485 2948 1640 2989 suam
1691 2933 1919 2987 liberam
1951 2946 2050 3001 po-

476 3037 723 3085 testatem
761 3029 934 3098 ipsam
978 3029 1246 3082 restituet.

2082 1733 2125 1787 Β
2222 1750 2276 1804 2.
2318 1751 2694 1823 Τερφθήσεται
2722 1754 2829 1825 γὰρ
2852 1756 2943 1807 ἐπὶ
2963 1759 3028 1827 τῇ
3057 1755 3278 1827 τοιαύτῃ
3306 1756 3514 1809 αἰνέσει
3540 1758 3570 1811 ὁ
3589 1757 3741 1823 Θεὸς.

2220 1843 2274 1897 5.
2303 1842 2688 1914 Ἰερουσαλὴμ
2757 1846 3114 1917 ἑρμηνεύεται
3178 1848 3389 1916 ὅρασις
3453 1849 3741 1927 εἰρήνης,

2151 1931 2287 2002 ὅπερ
2322 1932 2556 2003 ὑπάρχει
2598 1935 2795 2005 καρδία
2843 1939 3006 2005 πιστή
3035 1955 3047 1967 ·
3097 1938 3334 2008 ἑκάστην
3363 1933 3458 1991 οὗν
3484 1940 3743 2009 τοιαύτην

2152 2021 2378 2092 καρδίαν
2410 2024 2684 2095 οἰκοδομεῖ
2726 2029 2753 2079 ὁ
2784 2026 3205 2098 Κύριος.”ομως
3252 2028 3311 2082 δὲ
3354 2028 3433 2098 (1)
3484 2029 3586 2100 τὴν
3632 2031 3742 2084 ἄνω

2161 2114 2517 2187 Ἰερουσαλὴμ
2561 2117 2722 2181 αὐτὸς
2762 2117 3180 2189 ἐδημιούργησε,
3215 2120 3311 2173 καὶ
3352 2120 3420 2173 τὸ
3449 2121 3657 2193 πλῆθος
3687 2123 3741 2175 δὲ

2150 2205 2257 2258 τῶν
2282 2207 2528 2273 ἀγγέλων
2553 2208 2768 2276 λέγεται
2798 2210 3170 2281 Ἰερουσαλὴμ,
3195 2211 3287 2265 καὶ
3316 2212 3473 2283 δῆλόν
3496 2214 3615 2266 ἐστι
3639 2216 3741 2266 πᾶ-

2152 2311 2225 2357 σι,
2256 2295 2447 2365 ὅτιπερ
2476 2297 2635 2359 αὐτὸς
2657 2297 2851 2359 αὐτοὺς
2873 2297 3146 2367 οἰκοδομεῖ
3166 2294 3313 2351 οἷκον
3342 2300 3739 2370 πνευματικὸν,

2151 2384 2329 2448 καθὼς
2363 2385 2437 2454 (2)
2468 2381 2622 2437 εἶπεν
2652 2385 3031 2449 δ’Λπόστολος.

2219 2477 2273 2530 4.
2315 2476 2394 2529 Τά
2426 2476 2884 2547 διεσκορπισμένα
2933 2477 3069 2548 μέλη
3119 2476 3227 2531 τῶν
3271 2478 3465 2546 ἀγίων,
3491 2480 3739 2533 τουτέστι

2148 2569 2273 2630 τοὺς
2323 2568 2381 2634 ἐξ
2422 2568 2688 2622 Ἰουδαίων
2734 2569 2915 2633 λαοὺς,
2978 2570 3069 2623 καὶ
3113 2570 3238 2641 τοὺς
3275 2570 3335 2634 ἐξ
3378 2571 3587 2637 ὲθνῶν,
3622 2575 3739 2625 ἐπι-

2150 2657 2367 2723 συνάξει
2394 2656 2482 2710 διά
2508 2657 2602 2710 τοῦ
2639 2659 2841 2720 πάθους
2866 2658 3050 2712 αὑτοῦ.
3085 2659 3194 2712 Καὶ
3228 2658 3394 2731 ἄλλην
3436 2658 3493 2712 δὲ
3526 2660 3608 2731 τῷ
3640 2663 3740 2714 αὑ-

2147 2746 2225 2817 τῷ
2246 2748 2412 2817 στίχῳ
2444 2746 2736 2818 ἑρμηνείαν
2753 2746 2997 2817 λέξομεν.
3014 2748 3249 2815 Ἰσραὴλ
3270 2749 3346 2819 (5)
3373 2749 3741 2820 ἑρμηνεύεται

2149 2835 2302 2904 ὀρῶν
2337 2837 2484 2891 Θεόν
2503 2852 2517 2866 ο
2552 2838 2650 2906 τῆς
2681 2836 2918 2899 διανοίας
2950 2833 3044 2889 οὖν
3072 2838 3170 2908 τῆς
3198 2836 3412 2909 ὁρώσης
3440 2840 3609 2894 αὐτὸν
3644 2843 3740 2895 πᾶ-

2150 2944 2248 2979 σαν
2267 2926 2648 2997 αἰχμαλωσίαν
2671 2925 3007 2992 ἐπισυνάξει,
3036 2928 3131 2980 καὶ
3160 2929 3241 2991 είς
3282 2930 3381 3000 τὴν
3406 2930 3583 3003 αὐτῆς
3610 2933 3741 2985 αὺτ-

2155 3017 2507 3089 εξουσιότητα
2532 3017 2693 3073 αὐτὸν
2727 3018 3187 3091 ἀποκαταστήσει.

856 3142 1225 3212 Ιηιετρτειαιίο
1256 3140 1501 3195 versiculi
1535 3141 1704 3211 quinti
1729 3155 1891 3209 usque
1927 3138 1997 3191 ad
2023 3136 2282 3191 decimum
2311 3143 2552 3188 octavum
2582 3150 2684 3188 non
2708 3144 2885 3189 exstat
2917 3136 2973 3189 in
3005 3135 3122 3194 cod.
3157 3136 3322 3191 Barb.

546 3261 608 3325 5,
662 3259 714 3314 6.
773 3259 838 3313 Et
916 3257 1385 3325 concupiscenttas
1451 3269 1639 3309 eorum
1697 3260 2075 3308 conterenteSt

2215 3250 2268 3318 5,
2303 3251 2356 3305 6.
2419 3250 2531 3304 Καὶ
2578 3251 2678 3313 τὰς
2736 3251 3037 3321 ἐπιθυμίας
3100 3251 3279 3305 αὐτῶν
3321 3253 3421 3316 τὰς
3470 3255 3747 3327 πρότερον

474 3361 631 3405 antea
656 3348 817 3405 corda
847 3346 1123 3401 hominum
1165 3346 1395 3412 alligans
1432 3343 1666 3398 vinculis
1694 3341 1915 3397 aeternis
1942 3380 1957 3404 ,
1993 3348 2047 3395 et

476 3442 694 3497 tradens
726 3439 833 3511 igni
863 3448 1065 3492 :etcrno
1090 3478 1104 3501 ,
1142 3436 1247 3491 hoc
1270 3444 1356 3491 est
1389 3435 1692 3490 contrarias
1726 3440 2041 3503 potestates.

536 3614 597 3679 7,
647 3612 698 3667 8.
754 3609 1099 3664 Manifestum
1170 3606 1390 3677 quidem
1439 3613 1553 3670 est,
1608 3603 1753 3674 quod
1810 3602 1932 3672 ipse
1988 3610 2048 3656 ut

476 3704 647 3759 factor
668 3743 683 3769 ,
741 3702 894 3756 novit
924 3698 1282 3768 quantitatem
1324 3711 1514 3752 earum
1551 3696 1831 3751 stellarum
1860 3735 1875 3759 ,
1909 3709 2047 3763 quas

476 3798 621 3854 fecit.
663 3798 735 3852 De
761 3795 964 3852 sanctis
996 3794 1157 3850 etiam
1187 3792 1474 3863 allegorice
1503 3790 1762 3860 explicari
1795 3797 2042 3859 possunt,

475 3906 596 3961 quae.
620 3890 687 3944 de
714 3888 987 3944 stellarum
1027 3900 1252 3939 numero
1280 3884 1571 3949 dicuntur;
1605 3883 1855 3938 similiter
1898 3882 2043 3935 enim

474 3993 527 4037 et
554 3983 745 4036 horum
776 3994 1059 4032 numerum
1090 3975 1354 4046 agnoscit.
1382 3974 1497 4028 Nisi
1548 3976 1694 4028 enim
1727 3973 2046 4043 prmvidcret

474 4088 597 4143 qua:
623 4072 692 4125 sit
715 4084 902 4124 eorum
930 4066 1210 4136 quantitas
1230 4104 1244 4127 ,
1276 4080 1384 4117 non
1421 4070 1779 4133 praeparasset
1808 4062 1940 4130 ipsis
1965 4061 2044 4115 ci-

474 4165 692 4219 vitatem
715 4202 729 4227 ,
763 4174 883 4229 quae
908 4165 1093 4227 posset
1120 4170 1213 4210 eos
1244 4154 1515 4224 excipere.
1542 4150 1854 4206 Nnmerans
1884 4151 2048 4222 igitur

462 4252 871 4311 multitudinem
930 4249 1243 4311 stellarum,
1306 4245 1640 4315 perspiciens
1698 4252 1750 4296 et
1811 4242 2047 4311 probans

474 4346 637 4417 quale
689 4341 961 4397 charisma
991 4380 1005 4403 ,
1049 4348 1103 4393 et
1148 4346 1412 4407 quantum
1462 4336 1632 4405 possit
1671 4334 2047 4403 unusquisque

476 4444 788 4493 sanctorum
821 4430 1063 4498 accipere
1084 4471 1097 4491 ,
1127 4436 1181 4481 et
1210 4428 1280 4481 ita
1310 4426 1592 4481 exhibens.
1640 4424 1842 4480 Deinde
1867 4426 2047 4494 sequi-

464 4525 648 4582 'tur'1'n
675 4523 884 4594 psalmo
913 4540 926 4576 :
957 4519 1023 4573 Et
1053 4518 1291 4583 omnibus
1320 4516 1395 4570 eis
1426 4517 1640 4569 nomina
1673 4531 1860 4568 vocans
1886 4530 1903 4567 :
1928 4530 2047 4571 mos

2148 3342 2540 3414 συντριόούσας
2572 3344 2672 3405 τὰς
2699 3342 2926 3413 καρδίας
2954 3343 3062 3394 τῶν
3106 3342 3408 3413 ἀνθρώπων
3455 3344 3747 3416 δεσμεύων

2145 3434 2365 3503 δεσμοῖς
2387 3433 2601 3497 ἀϊδίοις,
2624 3434 2718 3485 καὶ
2741 3433 3067 3504 παραδιδοὺς
3088 3432 3166 3503 τῷ
3188 3434 3388 3503 αἰωνίῳ
3412 3436 3571 3506 πυρὶ,
3590 3454 3739 3490 τουτ.

2148 3525 2263 3577 ἐστι
2288 3524 2387 3585 τὰς
2422 3524 2671 3586 ἐναντίας
2700 3523 2983 3593 δυνάμεις.

2238 3616 2291 3679 7,
2321 3615 2374 3669 8.
2436 3615 2603 3685 Δῆλον
2664 3615 2761 3685 μέν
2815 3616 2983 3676 ἐστιν,
3012 3615 3114 3678 ὅτι,
3146 3615 3222 3678 ὡς
3252 3617 3599 3686 πεποιηκὼς,
3632 3616 3744 3673 οἶδε

2148 3706 2244 3777 τὴν
2283 3706 2555 3775 ποσότητα
2580 3698 2653 3759 ὧν
2684 3705 3006 3775 πεποίηκεν.
3057 3706 3166 3758 Καὶ
3199 3708 3278 3769 είς
3309 3706 3437 3770 τοὺς
3467 3709 3669 3776 ἁγίους
3694 3712 3744 3763 δὲ

2151 3796 2433 3866 θεωρεῖται
2455 3798 2481 3848 ὁ
2509 3794 2710 3847 τούτων
2734 3796 2985 3866 ἀριθμὸς,
3012 3797 3105 3848 καὶ
3118 3796 3318 3865 ὁμοίως
3332 3796 3498 3850 πάλιν
3524 3800 3627 3850 καὶ
3656 3803 3727 3853 αὖ

2147 3886 2255 3939 τῶν
2277 3885 2533 3954 γινώσκει
2559 3886 2648 3938 τὸν
2677 3886 2926 3956 ἀριθμόν.
2947 3887 3010 3939 Et
3034 3885 3108 3957 μὴ
3128 3885 3243 3957 γάρ
3268 3885 3462 3956 προῖδῃ
3482 3887 3581 3957 (5‘)
3598 3890 3744 3943 πόστ

2149 3978 2303 4031 ἔσται
2333 3981 2365 4049 ἡ
2401 3978 2635 4048 ποσότης
2669 3978 2869 4043 αὐτῶν,
2895 3980 2995 4031 οὐκ
3024 3979 3088 4032 ἂν
3121 3979 3530 4050 προητοίμασεν
3556 3984 3743 4048 αὐτοῖς

2149 4070 2303 4123 πόλιν
2349 4072 2448 4140 τὴν
2482 4070 2786 4142 δυναμένην
2824 4071 3022 4133 αὐτοὺς
3047 4070 3320 4136 δέξασθαι.
3386 4071 3456 4124 Ὁ
3486 4074 3742 4143 ἀριθμῶν

2147 4159 2239 4216 οὖν
2274 4164 2449 4233 πλήθη
2484 4162 2699 4234 ἄστρων
2724 4202 2738 4226 ,
2787 4164 2814 4215 ὁ
2845 4164 3066 4233 θεωρῶν
3095 4164 3190 4216 καὶ
3235 4162 3548 4234 δοκιμάζων
3589 4171 3741 4221 ποῖον

2148 4255 2390 4323 χάρισμα
2415 4293 2428 4315 ,
2453 4254 2560 4305 ’καὶ
2616 4253 2778 4305 πόσον
2809 4252 3030 4305 δύναται
3063 4251 3316 4316 δέξασθαι
3362 4252 3602 4318 ἕκαστος
3632 4256 3738 4308 τῶν

2150 4344 2339 4411 ἁγίων,
2372 4346 2466 4396 καὶ
2497 4343 2639 4396 οὕτω
2679 4344 2954 4414 παρέχων.
2990 4341 3142 4408 Εἶτα,
3173 4343 3283 4399 Καὶ
3315 4344 3508 4400 πᾶσιν
3530 4351 3742 4417 αὐτοῖς

2149 4437 2409 4505 ὀνόματα
2436 4436 2668 4489 καλῶνο
2711 4434 2862 4494 ἔθνος
2904 4433 3011 4504 γὰρ
3057 4436 3115 4485 ὲν
3166 4437 3235 4504 τῇ
3279 4434 3581 4507 Ἐκκλησία
3611 4443 3741 4504 τοὺς

2151 4525 2336 4592 ἁγίους
2362 4525 2530 4595 αὐτῆς
2550 4525 2676 4587 τοὺς
2704 4524 2801 4593 μὲν
2824 4522 3172 4586 ἀποστόλους,
3190 4526 3314 4586 τοὺς
3337 4524 3395 4576 δὲ
3419 4529 3740 4598 προφήτας,

475 4621 619 4674 enim
651 4619 704 4671 in
740 4615 977 4669 Ecclesia
1006 4621 1082 4667 est
1116 4619 1334 4666 sanctos
1360 4624 1491 4664 suos
1538 4608 1674 4661 alios
1704 4606 1924 4675 quidem
1952 4620 2047 4658 vo-

2162 4616 2275 4678 τοὺς
2299 4616 2356 4667 δὲ
2384 4614 2755 4678 διδασκάλους·
2786 4611 2905 4667 εἶτα
2926 4615 3202 4685 δυνάμεις,
3229 4616 3424 4680 οἵτινες
3456 4620 3743 4692 ὑπάρχου-

474 4724 601 4765 care
635 4706 930 4776 apostolos,
962 4703 1098 4757 alios
1131 4710 1309 4755 autem
1343 4698 1635 4768 prophetas
1661 4735 1676 4759 ,
1705 4696 1841 4749 alios
1863 4705 2042 4748 autem

477 4797 802 4869 magistros;
833 4795 1025 4850 deinde
1051 4794 1299 4853 lectores,
1332 4788 1524 4842 deinde
1549 4787 1870 4855 interpretes
1898 4785 2047 4838 Scri-

474 4901 754 4960 pturarum
772 4903 836 4941 ex
866 4901 975 4940 una
1004 4885 1185 4951 lingua
1216 4882 1268 4935 in
1288 4881 1467 4935 aliam.
1488 4877 1587 4933 Hic
1615 4878 1779 4946 igitur
1808 4892 1925 4932 mos
1942 4884 2045 4943 est,

474 4984 724 5052 inquam,
762 4975 1023 5031 omnibus
1048 4974 1127 5028 eis
1155 4972 1374 5027 nomina
1403 4984 1606 5025 vocans
1633 4968 1730 5038 (a).

549 5097 592 5127 ὀ
614 5093 641 5148 ‘l
670 5091 819 5147 'Petr.
840 5108 911 5156 ιι,
942 5091 999 5144 5.

2154 4723 2236 4758 σιν
2275 4708 2323 4758 οἱ
2350 4707 2584 4777 διάκονοι
2609 4722 2623 4737 ⁸
2662 4702 2781 4759 εἶτα
2812 4707 2936 4769 τοὺς
2964 4705 3343 4770 ἐπιτελοῦντας
3389 4709 3489 4772 τὰς
3524 4713 3703 4777 ἰάσεις
3723 4732 3737 4745 ·

2153 4792 2270 4849 εἶτα
2293 4795 2642 4864 ἀναγνώστας
2659 4814 2673 4830 ·
2701 4794 2821 4850 εἶτα
2842 4797 2969 4857 τοὺς
2990 4797 3397 4867 ’ἑρμηνεύοντας
3426 4802 3537 4855 ἀπὸ
3569 4804 3741 4873 τῆσδε

2153 4888 2250 4955 τῆς
2290 4885 2540 4957 γλώσσης
2569 4890 2649 4950 είς
2678 4887 2836 4957 τήνδε
2868 4887 2965 4949 τὰς
3000 4889 3243 4961 Γραφάς.
3280 4891 3458 4946 Τοῦτο
3486 4890 3584 4949 οὗν
3620 4898 3740 4951 ἐστι

2146 4975 2233 5038 τὸ,
2271 4979 2436 5029 πᾶσιν
2458 4979 2647 5041 αὐτοῖς
2672 4978 2910 5049 ὀνόματα
2938 4980 3132 5033 καλῶν.

1435 5152 1738 5214 Addenda
1777 5160 1837 5214 et
1869 5155 2248 5236 corrigenda
2281 5173 2353 5215 ex
2389 5155 2525 5216 cod.
2556 5155 2757 5217 Vatic.

543 5290 620 5357 (Ι)
658 5286 766 5357 Καί
796 5302 891 5354 pro
915 5286 998 5357 δέ.

542 5351 619 5431 (ε)
661 5351 853 5431 Καθῶς
886 5352 1036 5408 εἶπεν
1062 5355 1089 5405 ὁ
1126 5351 1462 5414 Ἀπόστολος,
1491 5352 1688 5404 desunt
1712 5351 1826 5404 huic
1846 5351 2041 5405 ulti-ma

470 5429 634 5485 verba
670 5433 721 5481 itt
756 5429 877 5480 cod.

2221 5278 2302 5357 (5)_
2328 5278 2542 5349 Ἰσραὴλ
2566 5277 2682 5357 γάρ
2722 5279 3084 5348 ἑρμηνεύεται
3115 5283 3239 5347 νοῦς
3279 5285 3440 5357 ὁρῶν,
3470 5295 3605 5355 etc.,
3636 5289 3736 5344 αὑ-

2148 5351 2247 5418 τὴν
2281 5350 2741 5419 ἀποκαταστήσει.

2214 5422 2306 5490 (5‘)
2340 5419 2423 5484 l..,
2453 5419 2693 5489 προῄδει.
2718 5420 2872 5477 Ευιτ.

537 5547 620 5669 3a)
664 5548 738 5599 Ex
774 5546 1083 5615 hujusmodi
1134 5554 1313 5598 autem
1332 5546 1597 5613 "loquendi
1641 5546 1894 5608 ratione,
1930 5560 2035 5615 qua
2068 5545 2172 5597 hoc
2218 5544 2338 5597 loco
2376 5544 2643 5613 interpres
2672 5555 2861 5599 noster
2890 5547 3073 5601 varios
3116 5559 3429 5604 sanctorum
3482 5550 3724 5605 fidelium

576 5619 690 5669 incs
721 5617 771 5668 in
799 5615 855 5667 Β.
887 5616 1037 5668 Pauli
1068 5614 1321 5669 Epistolis
1365 5631 1655 5669 exuressos
1700 5614 1902 5669 refert.
1946 5617 2180 5669 uuisuue
2230 5630 2413 5668 rerum
2455 5617 2949 5669 ecclesiasticarum
2978 5621 3182 5669 peritus
3227 5620 3348 5669 eius
3400 5630 3724 5669 vetustatem

470 5632 534 5670 Ol‘

576 5614 690 5669 incs
721 5617 771 5668 in
799 5615 855 5667 Β.
887 5616 1037 5668 Pauli
1068 5614 1321 5683 Epistolis
1365 5631 1655 5685 expressos
1700 5614 1902 5679 refert,

1946 5617 2180 5688 quisque
2230 5630 2413 5688 rerum
2455 5617 2949 5688 ecclesiasticarum
2978 5621 3182 5686 peritus
3227 5620 3348 5688 eius
3400 5630 3727 5676 vetustatem

470 5686 743 5757 coniicere
770 5694 965 5751 potest.
999 5695 1110 5757 tum
1137 5685 1299 5757 etiam
1332 5701 1396 5757 ει(
1426 5687 1493 5757 iis
1526 5701 1648 5757 quae
1681 5685 1734 5737 in
1758 5686 2299 5757 explicationegvers.
2331 5684 2423 5757 12,
2457 5686 2601 5757 psal.
2622 5702 2770 5757 xxvi,
2798 5684 3051 5755 leguntur
3078 5708 3089 5739 :
3119 5684 3311 5757 nempe
3344 5692 3731 5757 baptisterium

471 5755 641 5805 fuisse
676 5755 851 5807 locum
884 5756 1157 5806 occultum
1188 5754 1241 5807 in
1270 5754 1521 5808 ecclesia.
1546 5753 1694 5808 Nam
1730 5753 1920 5820 primis
1944 5753 2200 5810 Ecclesia:
2229 5755 2449 5810 saeculis
2486 5764 2540 5809 et
2592 5756 2646 5811 in
2678 5756 2794 5826 ipsa
2829 5753 2962 5813 urbe
2992 5753 3322 5815 Alexandria
3342 5753 3731 5830 baptisterium
