  <div class='ocr_page' id='page_1' title='image "/cluster/home/n/w/nwhite01/storage/ocr_20150623/27/nnc1.0046978631/689.png"; bbox 0 0 3860 6220; ppageno 0'>
   <div class='ocr_carea' id='block_1_1' title="bbox 537 394 3756 455">
    <p class='ocr_par' dir='ltr' id='par_1_1' title="bbox 537 394 3756 455">
     <span class='ocr_line' id='line_1_1' title="bbox 537 394 3756 455; baseline 0.002 -6"><span class='ocrx_word' id='word_1_1' title='bbox 537 396 673 450; x_wconf 70' lang='grc'><strong>1527</strong></span> <span class='ocrx_word' id='word_1_2' title='bbox 1329 395 1387 454; x_wconf 86' lang='lat' dir='ltr'><strong>S.</strong></span> <span class='ocrx_word' id='word_1_3' title='bbox 1430 395 1806 451; x_wconf 67' lang='lat' dir='ltr'><strong>ATIIANASil</strong></span> <span class='ocrx_word' id='word_1_4' title='bbox 1847 395 1997 448; x_wconf 82' lang='lat' dir='ltr'>OPP.</span> <span class='ocrx_word' id='word_1_5' title='bbox 2043 394 2221 447; x_wconf 67' lang='lat' dir='ltr'><strong>PARS</strong></span> <span class='ocrx_word' id='word_1_6' title='bbox 2261 394 2347 448; x_wconf 91' lang='lat' dir='ltr'><strong>lll.</strong></span> <span class='ocrx_word' id='word_1_7' title='bbox 2389 424 2456 434; x_wconf 91' lang='lat'><strong>—</strong></span> <span class='ocrx_word' id='word_1_8' title='bbox 2497 394 2912 452; x_wconf 73' lang='lat' dir='ltr'><strong>EXEGETICA.</strong></span> <span class='ocrx_word' id='word_1_9' title='bbox 3641 397 3756 455; x_wconf 76' lang='lat' dir='ltr'><strong>i523</strong></span> 
     </span>
    </p>
   </div>
   <div class='ocr_carea' id='block_1_2' title="bbox 588 511 2112 591">
    <p class='ocr_par' dir='ltr' id='par_1_2' title="bbox 588 511 2089 586">
     <span class='ocr_line' id='line_1_2' title="bbox 588 511 2089 586; baseline 0.004 -20"><span class='ocrx_word' id='word_1_10' title='bbox 588 514 678 567; x_wconf 86' lang='lat'><strong>22.</strong></span> <span class='ocrx_word' id='word_1_11' title='bbox 706 511 822 567; x_wconf 85' lang='lat' dir='ltr'><strong>Non</strong></span> <span class='ocrx_word' id='word_1_12' title='bbox 857 513 910 566; x_wconf 90' lang='lat' dir='ltr'><strong>in</strong></span> <span class='ocrx_word' id='word_1_13' title='bbox 948 511 1269 569; x_wconf 71' lang='lat' dir='ltr'><strong>fortitudine</strong></span> <span class='ocrx_word' id='word_1_14' title='bbox 1306 518 1430 586; x_wconf 84' lang='lat' dir='ltr'><strong>equi</strong></span> <span class='ocrx_word' id='word_1_15' title='bbox 1465 519 1794 572; x_wconf 82' lang='lat' dir='ltr'><strong>voluntatem</strong></span> <span class='ocrx_word' id='word_1_16' title='bbox 1829 519 2043 573; x_wconf 89' lang='lat' dir='ltr'><strong>habebit</strong></span> <span class='ocrx_word' id='word_1_17' title='bbox 2078 537 2089 572; x_wconf 95' lang='lat'>:</span> 
     </span>
    </p>
   </div>
   <div class='ocr_carea' id='block_1_3' title="bbox 2080 511 3604 591">
    <p class='ocr_par' dir='ltr' id='par_1_3' title="bbox 2080 516 3604 591">
     <span class='ocr_line' id='line_1_3' title="bbox 2080 516 3604 591; baseline 0.001 -19"><span class='ocrx_word' id='word_1_18' title='bbox 2080 537 2089 572; x_wconf 97' lang='lat'>:</span> <span class='ocrx_word' id='word_1_19' title='bbox 2124 524 2167 578; x_wconf 77' lang='grc' dir='ltr'>Α</span> <span class='ocrx_word' id='word_1_20' title='bbox 2266 516 2353 571; x_wconf 85' lang='lat'><strong>22.</strong></span> <span class='ocrx_word' id='word_1_21' title='bbox 2386 521 2498 572; x_wconf 81' lang='grc' dir='ltr'>Οὐκ</span> <span class='ocrx_word' id='word_1_22' title='bbox 2534 521 2591 570; x_wconf 88' lang='grc' dir='ltr'><strong>ἐν</strong></span> <span class='ocrx_word' id='word_1_23' title='bbox 2627 522 2694 590; x_wconf 79' lang='grc' dir='ltr'>τῇ</span> <span class='ocrx_word' id='word_1_24' title='bbox 2721 518 3008 589; x_wconf 72' lang='grc' dir='ltr'>δυναστεία</span> <span class='ocrx_word' id='word_1_25' title='bbox 3037 519 3134 571; x_wconf 74' lang='grc' dir='ltr'>τοῦ</span> <span class='ocrx_word' id='word_1_26' title='bbox 3166 519 3331 572; x_wconf 88' lang='grc' dir='ltr'>ἵππου</span> <span class='ocrx_word' id='word_1_27' title='bbox 3367 519 3604 591; x_wconf 79' lang='grc' dir='ltr'>θελήσει·</span> 
     </span>
    </p>
   </div>
   <div class='ocr_carea' id='block_1_4' title="bbox 588 601 2112 682">
    <p class='ocr_par' dir='ltr' id='par_1_4' title="bbox 588 601 1858 676">
     <span class='ocr_line' id='line_1_4' title="bbox 588 601 1858 676; baseline 0.006 -19"><span class='ocrx_word' id='word_1_28' title='bbox 588 603 677 658; x_wconf 77' lang='grc'><strong>25.</strong></span> <span class='ocrx_word' id='word_1_29' title='bbox 713 601 822 657; x_wconf 91' lang='lat' dir='ltr'><strong>Nec</strong></span> <span class='ocrx_word' id='word_1_30' title='bbox 853 604 905 657; x_wconf 93' lang='lat' dir='ltr'><strong>in</strong></span> <span class='ocrx_word' id='word_1_31' title='bbox 941 605 1088 660; x_wconf 85' lang='lat' dir='ltr'><strong>tibiis</strong></span> <span class='ocrx_word' id='word_1_32' title='bbox 1116 606 1213 659; x_wconf 82' lang='lat' dir='ltr'><strong>viri</strong></span> <span class='ocrx_word' id='word_1_33' title='bbox 1240 607 1631 676; x_wconf 86' lang='lat' dir='ltr'><strong>beneplaeitum</strong></span> <span class='ocrx_word' id='word_1_34' title='bbox 1662 611 1766 664; x_wconf 84' lang='lat' dir='ltr'><strong>erit</strong></span> <span class='ocrx_word' id='word_1_35' title='bbox 1794 611 1858 664; x_wconf 88' lang='lat' dir='ltr'><strong>ei.</strong></span> 
     </span>
    </p>
   </div>
   <div class='ocr_carea' id='block_1_5' title="bbox 2111 601 3635 682">
    <p class='ocr_par' dir='ltr' id='par_1_5' title="bbox 2267 609 3635 682">
     <span class='ocr_line' id='line_1_5' title="bbox 2267 609 3635 682; baseline -0.004 -20"><span class='ocrx_word' id='word_1_36' title='bbox 2267 610 2354 662; x_wconf 77' lang='lat'><strong>25.</strong></span> <span class='ocrx_word' id='word_1_37' title='bbox 2385 609 2517 662; x_wconf 81' lang='grc' dir='ltr'><strong>Οὐδὲ</strong></span> <span class='ocrx_word' id='word_1_38' title='bbox 2547 611 2603 660; x_wconf 85' lang='grc' dir='ltr'><strong>ἐν</strong></span> <span class='ocrx_word' id='word_1_39' title='bbox 2636 613 2754 672; x_wconf 86' lang='grc' dir='ltr'>ταῖς</span> <span class='ocrx_word' id='word_1_40' title='bbox 2788 611 3022 680; x_wconf 84' lang='grc' dir='ltr'><strong>κνήμαις</strong></span> <span class='ocrx_word' id='word_1_41' title='bbox 3050 609 3140 662; x_wconf 74' lang='grc' dir='ltr'>τοῦ</span> <span class='ocrx_word' id='word_1_42' title='bbox 3171 611 3361 682; x_wconf 83' lang='grc' dir='ltr'>ἀνδρὸς</span> <span class='ocrx_word' id='word_1_43' title='bbox 3387 611 3635 665; x_wconf 74' lang='grc' dir='ltr'>εὐδοκιεῖ,</span> 
     </span>
    </p>
   </div>
   <div class='ocr_carea' id='block_1_6' title="bbox 588 695 2112 772">
    <p class='ocr_par' dir='ltr' id='par_1_6' title="bbox 588 695 2092 770">
     <span class='ocr_line' id='line_1_6' title="bbox 588 695 2092 770; baseline 0.006 -22"><span class='ocrx_word' id='word_1_44' title='bbox 588 695 680 749; x_wconf 68' lang='grc'><strong>24.</strong></span> <span class='ocrx_word' id='word_1_45' title='bbox 703 695 1107 766; x_wconf 90' lang='lat' dir='ltr'><strong>Beneplaeitum</strong></span> <span class='ocrx_word' id='word_1_46' title='bbox 1129 707 1211 752; x_wconf 91' lang='lat' dir='ltr'><strong>est</strong></span> <span class='ocrx_word' id='word_1_47' title='bbox 1236 698 1463 753; x_wconf 90' lang='lat' dir='ltr'><strong>Domino</strong></span> <span class='ocrx_word' id='word_1_48' title='bbox 1487 717 1650 770; x_wconf 83' lang='lat' dir='ltr'><strong>super</strong></span> <span class='ocrx_word' id='word_1_49' title='bbox 1674 702 1924 756; x_wconf 86' lang='lat' dir='ltr'><strong>timentes</strong></span> <span class='ocrx_word' id='word_1_50' title='bbox 1945 718 2092 765; x_wconf 75' lang='lat' dir='ltr'><strong>eum,</strong></span> 
     </span>
    </p>
   </div>
   <div class='ocr_carea' id='block_1_7' title="bbox 2140 695 3664 772">
    <p class='ocr_par' dir='ltr' id='par_1_7' title="bbox 2265 701 3664 772">
     <span class='ocr_line' id='line_1_7' title="bbox 2265 701 3664 772; baseline 0.001 -18"><span class='ocrx_word' id='word_1_51' title='bbox 2265 701 2354 754; x_wconf 72' lang='grc'><strong>24.</strong></span> <span class='ocrx_word' id='word_1_52' title='bbox 2393 701 2622 753; x_wconf 79' lang='grc' dir='ltr'>Εὺδοκεῖ</span> <span class='ocrx_word' id='word_1_53' title='bbox 2645 701 2842 772; x_wconf 80' lang='grc' dir='ltr'>Κύριος</span> <span class='ocrx_word' id='word_1_54' title='bbox 2870 705 2926 756; x_wconf 87' lang='grc' dir='ltr'><strong>ἐν</strong></span> <span class='ocrx_word' id='word_1_55' title='bbox 2953 706 3065 766; x_wconf 87' lang='grc' dir='ltr'>τοῖς</span> <span class='ocrx_word' id='word_1_56' title='bbox 3095 703 3449 772; x_wconf 78' lang='grc' dir='ltr'>φοϐουμένοις</span> <span class='ocrx_word' id='word_1_57' title='bbox 3491 705 3664 765; x_wconf 72' lang='grc' dir='ltr'>αὑτὸν,</span> 
     </span>
    </p>
   </div>
   <div class='ocr_carea' id='block_1_8' title="bbox 587 787 2111 862">
    <p class='ocr_par' dir='ltr' id='par_1_8' title="bbox 587 787 2090 862">
     <span class='ocr_line' id='line_1_8' title="bbox 587 787 2090 862; baseline 0.003 -21"><span class='ocrx_word' id='word_1_58' title='bbox 587 789 674 844; x_wconf 81' lang='lat'><strong>25.</strong></span> <span class='ocrx_word' id='word_1_59' title='bbox 713 787 778 841; x_wconf 87' lang='lat' dir='ltr'><strong>Et</strong></span> <span class='ocrx_word' id='word_1_60' title='bbox 799 788 854 842; x_wconf 92' lang='lat' dir='ltr'><strong>in</strong></span> <span class='ocrx_word' id='word_1_61' title='bbox 883 787 963 843; x_wconf 88' lang='lat' dir='ltr'><strong>eis</strong></span> <span class='ocrx_word' id='word_1_62' title='bbox 990 789 1084 858; x_wconf 90' lang='lat' dir='ltr'><strong>qui</strong></span> <span class='ocrx_word' id='word_1_63' title='bbox 1115 800 1336 860; x_wconf 78' lang='lat' dir='ltr'><strong>sperant</strong></span> <span class='ocrx_word' id='word_1_64' title='bbox 1365 808 1527 862; x_wconf 83' lang='lat' dir='ltr'><strong>super</strong></span> <span class='ocrx_word' id='word_1_65' title='bbox 1550 793 1920 848; x_wconf 83' lang='lat' dir='ltr'><strong>misericordia</strong></span> <span class='ocrx_word' id='word_1_66' title='bbox 1953 795 2090 860; x_wconf 73' lang='lat' dir='ltr'><strong>ejus.</strong></span> 
     </span>
    </p>
   </div>
   <div class='ocr_carea' id='block_1_9' title="bbox 2223 787 3747 862">
    <p class='ocr_par' dir='ltr' id='par_1_9' title="bbox 2263 789 3747 860">
     <span class='ocr_line' id='line_1_9' title="bbox 2263 789 3747 860; baseline 0.003 -18"><span class='ocrx_word' id='word_1_67' title='bbox 2263 789 2354 843; x_wconf 78' lang='lat'><strong>23.</strong></span> <span class='ocrx_word' id='word_1_68' title='bbox 2390 791 2500 843; x_wconf 70' lang='grc' dir='ltr'>Καὶ</span> <span class='ocrx_word' id='word_1_69' title='bbox 2532 793 2589 842; x_wconf 86' lang='grc' dir='ltr'><strong>ἐν</strong></span> <span class='ocrx_word' id='word_1_70' title='bbox 2618 791 2692 860; x_wconf 85' lang='lat' dir='ltr'><strong>(a)</strong></span> <span class='ocrx_word' id='word_1_71' title='bbox 2718 795 2830 855; x_wconf 87' lang='grc' dir='ltr'>τοῖς</span> <span class='ocrx_word' id='word_1_72' title='bbox 2855 791 3163 856; x_wconf 76' lang='grc' dir='ltr'><strong>ἐλπίζουσιν</strong></span> <span class='ocrx_word' id='word_1_73' title='bbox 3192 794 3284 845; x_wconf 73' lang='grc' dir='ltr'><strong>ἐπὶ</strong></span> <span class='ocrx_word' id='word_1_74' title='bbox 3316 794 3378 846; x_wconf 84' lang='grc' dir='ltr'><strong>τὸ</strong></span> <span class='ocrx_word' id='word_1_75' title='bbox 3407 793 3556 858; x_wconf 79' lang='grc' dir='ltr'>ἕλεος</span> <span class='ocrx_word' id='word_1_76' title='bbox 3589 793 3747 847; x_wconf 72' lang='grc' dir='ltr'>αὑτοῦ.</span> 
     </span>
    </p>
   </div>
   <div class='ocr_carea' id='block_1_10' title="bbox 577 895 2101 972">
    <p class='ocr_par' dir='ltr' id='par_1_10' title="bbox 577 895 2021 966">
     <span class='ocr_line' id='line_1_10' title="bbox 577 895 2021 966; baseline 0.007 -18"><span class='ocrx_word' id='word_1_77' title='bbox 577 895 831 950; x_wconf 82' lang='lat' dir='ltr'><strong>Alleluia.</strong></span> <span class='ocrx_word' id='word_1_78' title='bbox 877 897 1055 966; x_wconf 78' lang='lat' dir='ltr'><strong>Aggwi</strong></span> <span class='ocrx_word' id='word_1_79' title='bbox 1086 908 1133 952; x_wconf 84' lang='lat' dir='ltr'><strong>et</strong></span> <span class='ocrx_word' id='word_1_80' title='bbox 1167 899 1466 964; x_wconf 72' lang='lat' dir='ltr'><strong>Zac/tarice,</strong></span> <span class='ocrx_word' id='word_1_81' title='bbox 1503 901 1702 956; x_wconf 62' lang='lat' dir='ltr'><strong>PSJL.</strong></span> <span class='ocrx_word' id='word_1_82' title='bbox 1737 903 1876 956; x_wconf 79' lang='lat' dir='ltr'><strong>CXL</strong></span> <span class='ocrx_word' id='word_1_83' title='bbox 1895 904 2021 958; x_wconf 77' lang='grc' dir='ltr'><strong>ῑἸΙ.</strong></span> 
     </span>
    </p>
   </div>
   <div class='ocr_carea' id='block_1_11' title="bbox 2225 895 3749 972">
    <p class='ocr_par' dir='ltr' id='par_1_11' title="bbox 2225 903 3749 972">
     <span class='ocr_line' id='line_1_11' title="bbox 2225 903 3749 972; baseline 0.003 -19"><span class='ocrx_word' id='word_1_84' title='bbox 2225 903 2577 969; x_wconf 62' lang='grc' dir='ltr'><strong>Ανῑληλούῖα.</strong></span> <span class='ocrx_word' id='word_1_85' title='bbox 2614 903 2890 972; x_wconf 71' lang='grc' dir='ltr'>Ἀγγαίου</span> <span class='ocrx_word' id='word_1_86' title='bbox 2912 903 3009 956; x_wconf 84' lang='grc' dir='ltr'>καὶ</span> <span class='ocrx_word' id='word_1_87' title='bbox 3029 906 3345 971; x_wconf 82' lang='grc' dir='ltr'>Ζαχαρίου.</span> <span class='ocrx_word' id='word_1_88' title='bbox 3387 908 3749 959; x_wconf 80' lang='grc' dir='ltr'><strong>ΨΑΛ.ΡΜΖ’.</strong></span> 
     </span>
    </p>
   </div>
   <div class='ocr_carea' id='block_1_12' title="bbox 586 986 2110 1066">
    <p class='ocr_par' dir='ltr' id='par_1_12' title="bbox 586 986 1643 1059">
     <span class='ocr_line' id='line_1_12' title="bbox 586 986 1643 1059; baseline 0.009 -20"><span class='ocrx_word' id='word_1_89' title='bbox 586 987 636 1040; x_wconf 89' lang='grc'>1.</span> <span class='ocrx_word' id='word_1_90' title='bbox 671 986 878 1050; x_wconf 90' lang='lat' dir='ltr'><strong>Lauda,</strong></span> <span class='ocrx_word' id='word_1_91' title='bbox 916 987 1276 1051; x_wconf 85' lang='lat' dir='ltr'><strong>Hierusalem,</strong></span> <span class='ocrx_word' id='word_1_92' title='bbox 1315 991 1602 1048; x_wconf 88' lang='lat' dir='ltr'><strong>Dominum</strong></span> <span class='ocrx_word' id='word_1_93' title='bbox 1627 1034 1643 1059; x_wconf 86' lang='lat'><strong>,</strong></span> 
     </span>
    </p>
   </div>
   <div class='ocr_carea' id='block_1_13' title="bbox 1896 986 3420 1066">
    <p class='ocr_par' dir='ltr' id='par_1_13' title="bbox 2267 993 3420 1066">
     <span class='ocr_line' id='line_1_13' title="bbox 2267 993 3420 1066; baseline 0.003 -22"><span class='ocrx_word' id='word_1_94' title='bbox 2267 995 2318 1046; x_wconf 98' lang='grc'>1.</span> <span class='ocrx_word' id='word_1_95' title='bbox 2363 993 2622 1059; x_wconf 81' lang='grc' dir='ltr'>Ἐπαίνει,</span> <span class='ocrx_word' id='word_1_96' title='bbox 2655 993 3034 1065; x_wconf 85' lang='grc' dir='ltr'>Ἰερουσαλὴμ,</span> <span class='ocrx_word' id='word_1_97' title='bbox 3066 995 3156 1048; x_wconf 82' lang='grc' dir='ltr'><strong>τὸν</strong></span> <span class='ocrx_word' id='word_1_98' title='bbox 3195 995 3420 1066; x_wconf 83' lang='grc' dir='ltr'>Κύριον,</span> 
     </span>
    </p>
   </div>
   <div class='ocr_carea' id='block_1_14' title="bbox 583 1078 2107 1147">
    <p class='ocr_par' dir='ltr' id='par_1_14' title="bbox 583 1078 1459 1144">
     <span class='ocr_line' id='line_1_14' title="bbox 583 1078 1459 1144; baseline 0.006 -12"><span class='ocrx_word' id='word_1_99' title='bbox 583 1078 638 1132; x_wconf 91' lang='grc'><strong>2.</strong></span> <span class='ocrx_word' id='word_1_100' title='bbox 681 1078 864 1133; x_wconf 87' lang='lat' dir='ltr'><strong>Lauda</strong></span> <span class='ocrx_word' id='word_1_101' title='bbox 900 1079 1067 1134; x_wconf 87' lang='lat' dir='ltr'><strong>Deum</strong></span> <span class='ocrx_word' id='word_1_102' title='bbox 1100 1079 1459 1144; x_wconf 57' lang='lat' dir='ltr'><strong>tuum,&#39;Sion.</strong></span> 
     </span>
    </p>
   </div>
   <div class='ocr_carea' id='block_1_15' title="bbox 1601 1078 3125 1147">
    <p class='ocr_par' dir='ltr' id='par_1_15' title="bbox 2262 1081 3125 1147">
     <span class='ocr_line' id='line_1_15' title="bbox 2262 1081 3125 1147; baseline -0.002 -8"><span class='ocrx_word' id='word_1_103' title='bbox 2262 1083 2315 1139; x_wconf 79' lang='lat'><strong>2.</strong></span> <span class='ocrx_word' id='word_1_104' title='bbox 2349 1081 2496 1136; x_wconf 79' lang='grc' dir='ltr'>Αίνει</span> <span class='ocrx_word' id='word_1_105' title='bbox 2530 1084 2621 1136; x_wconf 77' lang='grc' dir='ltr'><strong>τὸν</strong></span> <span class='ocrx_word' id='word_1_106' title='bbox 2651 1084 2782 1136; x_wconf 83' lang='grc' dir='ltr'>Θεόν</span> <span class='ocrx_word' id='word_1_107' title='bbox 2809 1101 2902 1136; x_wconf 83' lang='grc' dir='ltr'><strong>σου</strong></span> <span class='ocrx_word' id='word_1_108' title='bbox 2923 1122 2941 1147; x_wconf 90' lang='grc'><strong>,</strong></span> <span class='ocrx_word' id='word_1_109' title='bbox 2967 1085 3125 1138; x_wconf 84' lang='grc' dir='ltr'>Σιών.</span> 
     </span>
    </p>
   </div>
   <div class='ocr_carea' id='block_1_16' title="bbox 583 1168 2107 1248">
    <p class='ocr_par' dir='ltr' id='par_1_16' title="bbox 583 1168 2084 1245">
     <span class='ocr_line' id='line_1_16' title="bbox 583 1168 2084 1245; baseline 0.005 -22"><span class='ocrx_word' id='word_1_110' title='bbox 583 1169 636 1223; x_wconf 75' lang='grc'><strong>3.</strong></span> <span class='ocrx_word' id='word_1_111' title='bbox 672 1168 940 1236; x_wconf 85' lang='lat' dir='ltr'><strong>Quoniam</strong></span> <span class='ocrx_word' id='word_1_112' title='bbox 971 1172 1297 1228; x_wconf 85' lang='lat' dir='ltr'><strong>confortavit</strong></span> <span class='ocrx_word' id='word_1_113' title='bbox 1329 1191 1480 1230; x_wconf 83' lang='lat' dir='ltr'><strong>seras</strong></span> <span class='ocrx_word' id='word_1_114' title='bbox 1513 1185 1793 1245; x_wconf 58' lang='lat' dir='ltr'><strong>partarum</strong></span> <span class='ocrx_word' id='word_1_115' title='bbox 1835 1186 2084 1232; x_wconf 86' lang='lat' dir='ltr'><strong>tuarum:</strong></span> 
     </span>
    </p>
   </div>
   <div class='ocr_carea' id='block_1_17' title="bbox 2227 1168 3751 1248">
    <p class='ocr_par' dir='ltr' id='par_1_17' title="bbox 2265 1175 3751 1248">
     <span class='ocr_line' id='line_1_17' title="bbox 2265 1175 3751 1248; baseline 0.001 -20"><span class='ocrx_word' id='word_1_116' title='bbox 2265 1176 2316 1228; x_wconf 80' lang='grc'><strong>5.</strong></span> <span class='ocrx_word' id='word_1_117' title='bbox 2355 1175 2477 1228; x_wconf 84' lang='grc' dir='ltr'>’Ότι</span> <span class='ocrx_word' id='word_1_118' title='bbox 2525 1176 2775 1246; x_wconf 87' lang='grc' dir='ltr'>ἐνίσχυσε</span> <span class='ocrx_word' id='word_1_119' title='bbox 2830 1178 2958 1240; x_wconf 86' lang='grc' dir='ltr'>τοὺς</span> <span class='ocrx_word' id='word_1_120' title='bbox 3000 1176 3228 1248; x_wconf 75' lang='grc' dir='ltr'>μοχλοὺς</span> <span class='ocrx_word' id='word_1_121' title='bbox 3260 1195 3368 1230; x_wconf 88' lang='grc' dir='ltr'>των</span> <span class='ocrx_word' id='word_1_122' title='bbox 3413 1177 3595 1231; x_wconf 82' lang='grc' dir='ltr'>πυλῶν</span> <span class='ocrx_word' id='word_1_123' title='bbox 3639 1194 3751 1230; x_wconf 87' lang='grc' dir='ltr'>σου·</span> 
     </span>
    </p>
   </div>
   <div class='ocr_carea' id='block_1_18' title="bbox 585 1258 2109 1337">
    <p class='ocr_par' dir='ltr' id='par_1_18' title="bbox 585 1258 1433 1318">
     <span class='ocr_line' id='line_1_18' title="bbox 585 1258 1433 1318; baseline 0.006 -6"><span class='ocrx_word' id='word_1_124' title='bbox 585 1258 635 1312; x_wconf 73' lang='grc'>1.</span> <span class='ocrx_word' id='word_1_125' title='bbox 673 1258 951 1316; x_wconf 81' lang='lat' dir='ltr'><strong>Benediin</strong></span> <span class='ocrx_word' id='word_1_126' title='bbox 988 1263 1112 1316; x_wconf 83' lang='lat' dir='ltr'><strong>[iliis</strong></span> <span class='ocrx_word' id='word_1_127' title='bbox 1143 1265 1248 1318; x_wconf 91' lang='lat' dir='ltr'><strong>tuis</strong></span> <span class='ocrx_word' id='word_1_128' title='bbox 1281 1264 1334 1317; x_wconf 92' lang='lat' dir='ltr'><strong>in</strong></span> <span class='ocrx_word' id='word_1_129' title='bbox 1363 1274 1433 1318; x_wconf 82' lang='lat' dir='ltr'><strong>te.</strong></span> 
     </span>
    </p>
   </div>
   <div class='ocr_carea' id='block_1_19' title="bbox 1773 1258 3297 1337">
    <p class='ocr_par' dir='ltr' id='par_1_19' title="bbox 2261 1265 3297 1337">
     <span class='ocr_line' id='line_1_19' title="bbox 2261 1265 3297 1337; baseline 0.006 -19"><span class='ocrx_word' id='word_1_130' title='bbox 2261 1266 2316 1319; x_wconf 76' lang='grc'><strong>4.</strong></span> <span class='ocrx_word' id='word_1_131' title='bbox 2353 1265 2626 1337; x_wconf 77' lang='grc' dir='ltr'>Εύλόγησε</span> <span class='ocrx_word' id='word_1_132' title='bbox 2660 1269 2785 1332; x_wconf 77' lang='grc' dir='ltr'>τοὺς</span> <span class='ocrx_word' id='word_1_133' title='bbox 2813 1268 2965 1332; x_wconf 87' lang='grc' dir='ltr'>υἱούς</span> <span class='ocrx_word' id='word_1_134' title='bbox 2995 1285 3087 1321; x_wconf 90' lang='grc' dir='ltr'><strong>σου</strong></span> <span class='ocrx_word' id='word_1_135' title='bbox 3111 1271 3167 1321; x_wconf 88' lang='grc' dir='ltr'><strong>ἐν</strong></span> <span class='ocrx_word' id='word_1_136' title='bbox 3196 1269 3297 1324; x_wconf 90' lang='grc' dir='ltr'>σοί.</span> 
     </span>
    </p>
   </div>
   <div class='ocr_carea' id='block_1_20' title="bbox 582 1349 2106 1431">
    <p class='ocr_par' dir='ltr' id='par_1_20' title="bbox 582 1349 1568 1424">
     <span class='ocr_line' id='line_1_20' title="bbox 582 1349 1568 1424; baseline 0.006 -21"><span class='ocrx_word' id='word_1_137' title='bbox 582 1350 638 1404; x_wconf 88' lang='grc'><strong>5.</strong></span> <span class='ocrx_word' id='word_1_138' title='bbox 681 1349 783 1417; x_wconf 86' lang='lat' dir='ltr'><strong>Qui</strong></span> <span class='ocrx_word' id='word_1_139' title='bbox 817 1353 998 1420; x_wconf 87' lang='lat' dir='ltr'><strong>posuit</strong></span> <span class='ocrx_word' id='word_1_140' title='bbox 1027 1352 1159 1408; x_wconf 84' lang='lat' dir='ltr'><strong>lines</strong></span> <span class='ocrx_word' id='word_1_141' title='bbox 1191 1365 1313 1408; x_wconf 89' lang='lat' dir='ltr'><strong>tuos</strong></span> <span class='ocrx_word' id='word_1_142' title='bbox 1347 1371 1568 1424; x_wconf 75' lang='lat' dir='ltr'><strong>pacem,</strong></span> 
     </span>
    </p>
   </div>
   <div class='ocr_carea' id='block_1_21' title="bbox 1731 1349 3255 1431">
    <p class='ocr_par' dir='ltr' id='par_1_21' title="bbox 2265 1357 3255 1431">
     <span class='ocr_line' id='line_1_21' title="bbox 2265 1357 3255 1431; baseline 0.004 -22"><span class='ocrx_word' id='word_1_143' title='bbox 2367 1357 2423 1409; x_wconf 86' lang='lat'><strong>&#39;0</strong></span> <span class='ocrx_word' id='word_1_144' title='bbox 2448 1358 2616 1421; x_wconf 75' lang='grc' dir='ltr'>τιθεὶς</span> <span class='ocrx_word' id='word_1_145' title='bbox 2642 1358 2710 1411; x_wconf 81' lang='grc' dir='ltr'><strong>τά</strong></span> <span class='ocrx_word' id='word_1_146' title='bbox 2737 1359 2862 1430; x_wconf 82' lang='grc' dir='ltr'>ὅριά</span> <span class='ocrx_word' id='word_1_147' title='bbox 2892 1377 2984 1412; x_wconf 89' lang='grc' dir='ltr'><strong>σου</strong></span> <span class='ocrx_word' id='word_1_148' title='bbox 3011 1361 3255 1431; x_wconf 81' lang='grc' dir='ltr'><strong>εἰρήνην,</strong></span> 
     </span>
    </p>
   </div>
   <div class='ocr_carea' id='block_1_22' title="bbox 583 1433 2107 1521">
    <p class='ocr_par' dir='ltr' id='par_1_22' title="bbox 583 1433 1560 1510">
     <span class='ocr_line' id='line_1_22' title="bbox 583 1433 1560 1510; baseline 0.007 -18"><span class='ocrx_word' id='word_1_149' title='bbox 583 1439 635 1494; x_wconf 88' lang='grc'><strong>6.</strong></span> <span class='ocrx_word' id='word_1_150' title='bbox 681 1439 744 1495; x_wconf 81' lang='lat' dir='ltr'><strong>Et</strong></span> <span class='ocrx_word' id='word_1_151' title='bbox 777 1441 933 1510; x_wconf 81' lang='lat' dir='ltr'><strong>adipe</strong></span> <span class='ocrx_word' id='word_1_152' title='bbox 969 1441 1227 1496; x_wconf 88' lang='lat' dir='ltr'><strong>frumenti</strong></span> <span class='ocrx_word' id='word_1_153' title='bbox 1257 1445 1420 1498; x_wconf 87' lang='lat' dir='ltr'><strong>satiat</strong></span> <span class='ocrx_word' id='word_1_154' title='bbox 1454 1453 1524 1499; x_wconf 82' lang='lat' dir='ltr'><strong>te.</strong></span> <span class='ocrx_word' id='word_1_155' title='bbox 1555 1433 1560 1444; x_wconf 80' lang='grc'><em>’</em></span> 
     </span>
    </p>
   </div>
   <div class='ocr_carea' id='block_1_23' title="bbox 1767 1433 3291 1521">
    <p class='ocr_par' dir='ltr' id='par_1_23' title="bbox 2257 1448 3291 1521">
     <span class='ocr_line' id='line_1_23' title="bbox 2257 1448 3291 1521; baseline 0.002 -20"><span class='ocrx_word' id='word_1_156' title='bbox 2257 1448 2306 1501; x_wconf 91' lang='grc'><strong>6.</strong></span> <span class='ocrx_word' id='word_1_157' title='bbox 2351 1449 2459 1500; x_wconf 79' lang='grc' dir='ltr'>Καὶ</span> <span class='ocrx_word' id='word_1_158' title='bbox 2487 1449 2652 1520; x_wconf 80' lang='grc' dir='ltr'>στέαρ</span> <span class='ocrx_word' id='word_1_159' title='bbox 2682 1451 2856 1521; x_wconf 77' lang='grc' dir='ltr'>πυροῦ</span> <span class='ocrx_word' id='word_1_160' title='bbox 2886 1450 3176 1521; x_wconf 82' lang='grc' dir='ltr'><strong>ἐμπιπλῶν</strong></span> <span class='ocrx_word' id='word_1_161' title='bbox 3214 1468 3291 1504; x_wconf 89' lang='grc' dir='ltr'>σε.</span> 
     </span>
    </p>
   </div>
   <div class='ocr_carea' id='block_1_24' title="bbox 573 1652 1868 1738">
    <p class='ocr_par' dir='ltr' id='par_1_24' title="bbox 573 1652 1868 1738">
     <span class='ocr_line' id='line_1_24' title="bbox 573 1652 1868 1738; baseline 0.006 -22"><span class='ocrx_word' id='word_1_162' title='bbox 573 1652 826 1738; x_wconf 46' lang='grc' dir='ltr'><strong>ζώνίιῖε.</strong></span> <span class='ocrx_word' id='word_1_163' title='bbox 853 1667 941 1718; x_wconf 77' lang='grc'>24.</span> <span class='ocrx_word' id='word_1_164' title='bbox 971 1665 1021 1718; x_wconf 89' lang='lat' dir='ltr'><strong>in</strong></span> <span class='ocrx_word' id='word_1_165' title='bbox 1047 1667 1164 1719; x_wconf 89' lang='lat' dir='ltr'><strong>cod.</strong></span> <span class='ocrx_word' id='word_1_166' title='bbox 1201 1668 1310 1718; x_wconf 74' lang='grc' dir='ltr'><strong>Καὶ</strong></span> <span class='ocrx_word' id='word_1_167' title='bbox 1341 1670 1397 1720; x_wconf 86' lang='grc' dir='ltr'><strong>ἐν</strong></span> <span class='ocrx_word' id='word_1_168' title='bbox 1432 1669 1566 1721; x_wconf 76' lang='grc' dir='ltr'>πᾶσι</span> <span class='ocrx_word' id='word_1_169' title='bbox 1599 1671 1732 1735; x_wconf 82' lang='grc' dir='ltr'>τοῖς,</span> <span class='ocrx_word' id='word_1_170' title='bbox 1765 1679 1868 1724; x_wconf 88' lang='lat' dir='ltr'><strong>etc.</strong></span> 
     </span>
    </p>
   </div>
   <div class='ocr_carea' id='block_1_25' title="bbox 1638 1823 2644 1881">
    <p class='ocr_par' dir='ltr' id='par_1_25' title="bbox 1638 1823 2644 1881">
     <span class='ocr_line' id='line_1_25' title="bbox 1638 1823 2644 1881; baseline 0.004 -4"><span class='ocrx_word' id='word_1_171' title='bbox 1638 1823 2012 1879; x_wconf 82' lang='lat' dir='ltr'><strong>ATHANASII</strong></span> <span class='ocrx_word' id='word_1_172' title='bbox 2059 1823 2644 1881; x_wconf 78' lang='lat' dir='ltr'><strong>INTERPRETATIO.</strong></span> 
     </span>
    </p>
   </div>
   <div class='ocr_carea' id='block_1_26' title="bbox 576 1976 2100 2054">
    <p class='ocr_par' dir='ltr' id='par_1_26' title="bbox 576 1976 2087 2050">
     <span class='ocr_line' id='line_1_26' title="bbox 576 1976 2087 2050; baseline 0.004 -19"><span class='ocrx_word' id='word_1_173' title='bbox 576 1977 664 2031; x_wconf 93' lang='lat'><strong>22.</strong></span> <span class='ocrx_word' id='word_1_174' title='bbox 697 1976 814 2032; x_wconf 85' lang='lat' dir='ltr'><strong>Non</strong></span> <span class='ocrx_word' id='word_1_175' title='bbox 840 1979 894 2031; x_wconf 90' lang='lat' dir='ltr'><strong>in</strong></span> <span class='ocrx_word' id='word_1_176' title='bbox 918 1977 1236 2034; x_wconf 83' lang='lat' dir='ltr'><strong>fortitudine</strong></span> <span class='ocrx_word' id='word_1_177' title='bbox 1259 1979 1564 2050; x_wconf 76' lang='lat' dir='ltr'><strong>insipientis</strong></span> <span class='ocrx_word' id='word_1_178' title='bbox 1585 1982 1909 2037; x_wconf 82' lang='lat' dir='ltr'><strong>voluntatem</strong></span> <span class='ocrx_word' id='word_1_179' title='bbox 1930 1982 2087 2037; x_wconf 88' lang='lat' dir='ltr'><strong>habe-</strong></span> 
     </span>
    </p>
   </div>
   <div class='ocr_carea' id='block_1_27' title="bbox 2219 1976 3743 2054">
    <p class='ocr_par' dir='ltr' id='par_1_27' title="bbox 2259 1982 3743 2054">
     <span class='ocr_line' id='line_1_27' title="bbox 2259 1982 3743 2054; baseline 0.001 -18"><span class='ocrx_word' id='word_1_180' title='bbox 2259 1983 2348 2036; x_wconf 89' lang='lat'><strong>22.</strong></span> <span class='ocrx_word' id='word_1_181' title='bbox 2374 1983 2489 2038; x_wconf 82' lang='grc' dir='ltr'>Οὐκ</span> <span class='ocrx_word' id='word_1_182' title='bbox 2513 1987 2570 2037; x_wconf 86' lang='grc' dir='ltr'><strong>ἑν</strong></span> <span class='ocrx_word' id='word_1_183' title='bbox 2590 1986 2655 2054; x_wconf 83' lang='grc' dir='ltr'>τῇ</span> <span class='ocrx_word' id='word_1_184' title='bbox 2679 1983 2966 2054; x_wconf 73' lang='grc' dir='ltr'>δυναστείᾳ</span> <span class='ocrx_word' id='word_1_185' title='bbox 2990 1982 3081 2035; x_wconf 79' lang='grc' dir='ltr'><strong>τοῦ</strong></span> <span class='ocrx_word' id='word_1_186' title='bbox 3111 1983 3373 2036; x_wconf 80' lang='grc' dir='ltr'>ἀσυνέτου</span> <span class='ocrx_word' id='word_1_187' title='bbox 3401 1983 3611 2054; x_wconf 80' lang='grc' dir='ltr'>θελήσει</span> <span class='ocrx_word' id='word_1_188' title='bbox 3631 1985 3743 2037; x_wconf 87' lang='grc' dir='ltr'>ἐνοι-</span> 
     </span>
    </p>
   </div>
   <div class='ocr_carea' id='block_1_28' title="bbox 507 2068 2031 2143">
    <p class='ocr_par' dir='ltr' id='par_1_28' title="bbox 507 2068 1338 2140">
     <span class='ocr_line' id='line_1_28' title="bbox 507 2068 1338 2140; baseline 0.004 -18"><span class='ocrx_word' id='word_1_189' title='bbox 507 2068 606 2131; x_wconf 88' lang='lat' dir='ltr'><strong>bit,</strong></span> <span class='ocrx_word' id='word_1_190' title='bbox 635 2076 695 2122; x_wconf 90' lang='lat' dir='ltr'><strong>ut</strong></span> <span class='ocrx_word' id='word_1_191' title='bbox 724 2068 989 2123; x_wconf 87' lang='lat' dir='ltr'><strong>inhabitet</strong></span> <span class='ocrx_word' id='word_1_192' title='bbox 1018 2071 1190 2140; x_wconf 82' lang='lat' dir='ltr'><strong>gratia</strong></span> <span class='ocrx_word' id='word_1_193' title='bbox 1218 2087 1338 2125; x_wconf 88' lang='lat' dir='ltr'><strong>sua.</strong></span> 
     </span>
    </p>
   </div>
   <div class='ocr_carea' id='block_1_29' title="bbox 1329 2068 2853 2143">
    <p class='ocr_par' dir='ltr' id='par_1_29' title="bbox 1329 2071 2853 2143">
     <span class='ocr_line' id='line_1_29' title="bbox 1329 2071 2853 2143; baseline 0.001 -19"><span class='ocrx_word' id='word_1_194' title='bbox 1329 2109 1338 2124; x_wconf 90' lang='lat'><strong>.</strong></span> <span class='ocrx_word' id='word_1_195' title='bbox 2181 2075 2346 2142; x_wconf 84' lang='grc' dir='ltr'>κῆσαι</span> <span class='ocrx_word' id='word_1_196' title='bbox 2376 2072 2472 2143; x_wconf 79' lang='grc' dir='ltr'><strong>τὴν</strong></span> <span class='ocrx_word' id='word_1_197' title='bbox 2491 2074 2651 2143; x_wconf 81' lang='grc' dir='ltr'>χάριν</span> <span class='ocrx_word' id='word_1_198' title='bbox 2669 2071 2853 2125; x_wconf 79' lang='grc' dir='ltr'>αὐτοῦ.</span> 
     </span>
    </p>
   </div>
   <div class='ocr_carea' id='block_1_30' title="bbox 577 2149 2101 2234">
    <p class='ocr_par' dir='ltr' id='par_1_30' title="bbox 577 2158 2080 2233">
     <span class='ocr_line' id='line_1_30' title="bbox 577 2158 2080 2233; baseline 0.004 -21"><span class='ocrx_word' id='word_1_199' title='bbox 577 2159 666 2213; x_wconf 79' lang='grc'>25.</span> <span class='ocrx_word' id='word_1_200' title='bbox 699 2158 884 2229; x_wconf 86' lang='lat' dir='ltr'><strong>Neque</strong></span> <span class='ocrx_word' id='word_1_201' title='bbox 929 2163 1335 2233; x_wconf 81' lang='lat' dir='ltr'><strong>magnitudine,</strong></span> <span class='ocrx_word' id='word_1_202' title='bbox 1379 2172 1434 2217; x_wconf 89' lang='lat' dir='ltr'><strong>et</strong></span> <span class='ocrx_word' id='word_1_203' title='bbox 1477 2163 1643 2218; x_wconf 83' lang='lat' dir='ltr'><strong>corde</strong></span> <span class='ocrx_word' id='word_1_204' title='bbox 1688 2163 1956 2233; x_wconf 81' lang='lat' dir='ltr'><strong>cujusque</strong></span> <span class='ocrx_word' id='word_1_205' title='bbox 1984 2163 2080 2218; x_wconf 90' lang='lat' dir='ltr'><strong>de-</strong></span> 
     </span>
    </p>
   </div>
   <div class='ocr_carea' id='block_1_31' title="bbox 2217 2149 3741 2234">
    <p class='ocr_par' dir='ltr' id='par_1_31' title="bbox 2251 2149 3741 2234">
     <span class='ocr_line' id='line_1_31' title="bbox 2251 2149 3741 2234; baseline -0.005 -18"><span class='ocrx_word' id='word_1_206' title='bbox 2251 2163 2342 2218; x_wconf 83' lang='lat'><strong>2&#39;5.</strong></span> <span class='ocrx_word' id='word_1_207' title='bbox 2376 2149 2512 2218; x_wconf 75' lang='grc' dir='ltr'><strong>Οὐδὲ</strong></span> <span class='ocrx_word' id='word_1_208' title='bbox 2538 2162 2614 2234; x_wconf 83' lang='grc' dir='ltr'>τῷ</span> <span class='ocrx_word' id='word_1_209' title='bbox 2649 2163 2893 2234; x_wconf 72' lang='grc' dir='ltr'>μεγέθει,</span> <span class='ocrx_word' id='word_1_210' title='bbox 2927 2160 3022 2214; x_wconf 78' lang='grc' dir='ltr'><strong>καὶ</strong></span> <span class='ocrx_word' id='word_1_211' title='bbox 3051 2163 3116 2231; x_wconf 83' lang='grc' dir='ltr'>τῇ</span> <span class='ocrx_word' id='word_1_212' title='bbox 3153 2159 3352 2230; x_wconf 69' lang='grc' dir='ltr'>καρδία</span> <span class='ocrx_word' id='word_1_213' title='bbox 3384 2158 3608 2212; x_wconf 87' lang='grc' dir='ltr'>ἑκάστου</span> <span class='ocrx_word' id='word_1_214' title='bbox 3634 2158 3741 2229; x_wconf 85' lang='grc' dir='ltr'>τέρ-</span> 
     </span>
    </p>
   </div>
   <div class='ocr_carea' id='block_1_32' title="bbox 507 2251 2031 2309">
    <p class='ocr_par' dir='ltr' id='par_1_32' title="bbox 507 2251 757 2306">
     <span class='ocr_line' id='line_1_32' title="bbox 507 2251 757 2306; baseline -0.008 0"><span class='ocrx_word' id='word_1_215' title='bbox 507 2251 641 2306; x_wconf 83' lang='lat' dir='ltr'><strong>lecta</strong></span> <span class='ocrx_word' id='word_1_216' title='bbox 651 2261 757 2305; x_wconf 93' lang='lat' dir='ltr'><strong>tur.</strong></span> 
     </span>
    </p>
   </div>
   <div class='ocr_carea' id='block_1_33' title="bbox 821 2251 2345 2309">
    <p class='ocr_par' dir='ltr' id='par_1_33' title="bbox 2187 2274 2345 2309">
     <span class='ocr_line' id='line_1_33' title="bbox 2187 2274 2345 2309; baseline 0.006 -1"><span class='ocrx_word' id='word_1_217' title='bbox 2187 2274 2345 2309; x_wconf 89' lang='grc' dir='ltr'>πεται</span> 
     </span>
    </p>
   </div>
   <div class='ocr_carea' id='block_1_34' title="bbox 575 2337 2099 2418">
    <p class='ocr_par' dir='ltr' id='par_1_34' title="bbox 575 2344 2087 2401">
     <span class='ocr_line' id='line_1_34' title="bbox 575 2344 2087 2401; baseline 0.001 -3"><span class='ocrx_word' id='word_1_218' title='bbox 575 2345 667 2398; x_wconf 70' lang='grc'>24.</span> <span class='ocrx_word' id='word_1_219' title='bbox 705 2344 810 2400; x_wconf 92' lang='lat' dir='ltr'><strong>Sed</strong></span> <span class='ocrx_word' id='word_1_220' title='bbox 842 2346 895 2399; x_wconf 91' lang='lat' dir='ltr'><strong>in</strong></span> <span class='ocrx_word' id='word_1_221' title='bbox 949 2345 1115 2400; x_wconf 90' lang='lat' dir='ltr'><strong>corde</strong></span> <span class='ocrx_word' id='word_1_222' title='bbox 1149 2345 1385 2401; x_wconf 89' lang='lat' dir='ltr'><strong>contrito</strong></span> <span class='ocrx_word' id='word_1_223' title='bbox 1441 2355 1493 2398; x_wconf 91' lang='lat' dir='ltr'><strong>et</strong></span> <span class='ocrx_word' id='word_1_224' title='bbox 1520 2345 1802 2399; x_wconf 85' lang='lat' dir='ltr'><strong>humiliato</strong></span> <span class='ocrx_word' id='word_1_225' title='bbox 1831 2360 1860 2398; x_wconf 71' lang='grc' dir='ltr'><strong>ιι</strong></span> <span class='ocrx_word' id='word_1_226' title='bbox 1891 2345 2087 2400; x_wconf 85' lang='lat' dir='ltr'><strong>timore</strong></span> 
     </span>
    </p>
   </div>
   <div class='ocr_carea' id='block_1_35' title="bbox 2212 2337 3736 2418">
    <p class='ocr_par' dir='ltr' id='par_1_35' title="bbox 2257 2337 3736 2418">
     <span class='ocr_line' id='line_1_35' title="bbox 2257 2337 3736 2418; baseline -0.007 -17"><span class='ocrx_word' id='word_1_227' title='bbox 2257 2349 2345 2401; x_wconf 71' lang='lat' dir='ltr'><strong>2L</strong></span> <span class='ocrx_word' id='word_1_228' title='bbox 2388 2347 2526 2400; x_wconf 81' lang='grc' dir='ltr'>Ἀλλ’</span> <span class='ocrx_word' id='word_1_229' title='bbox 2554 2350 2610 2400; x_wconf 90' lang='grc' dir='ltr'><strong>ἐν</strong></span> <span class='ocrx_word' id='word_1_230' title='bbox 2642 2345 2838 2418; x_wconf 76' lang='grc' dir='ltr'>καρδίᾳ.</span> <span class='ocrx_word' id='word_1_231' title='bbox 2866 2343 3321 2414; x_wconf 82' lang='grc' dir='ltr'>συντετριμμένῃ.</span> <span class='ocrx_word' id='word_1_232' title='bbox 3355 2337 3736 2410; x_wconf 82' lang='grc' dir='ltr'>τεταπεινωμέ-</span> 
     </span>
    </p>
   </div>
   <div class='ocr_carea' id='block_1_36' title="bbox 507 2434 2031 2512">
    <p class='ocr_par' dir='ltr' id='par_1_36' title="bbox 507 2438 1672 2509">
     <span class='ocr_line' id='line_1_36' title="bbox 507 2438 1672 2509; baseline -0.003 -14"><span class='ocrx_word' id='word_1_233' title='bbox 507 2454 609 2495; x_wconf 90' lang='lat' dir='ltr'><strong>suo</strong></span> <span class='ocrx_word' id='word_1_234' title='bbox 640 2439 1037 2509; x_wconf 87' lang='lat' dir='ltr'><strong>beneplacitum</strong></span> <span class='ocrx_word' id='word_1_235' title='bbox 1078 2449 1162 2493; x_wconf 92' lang='lat' dir='ltr'><strong>est</strong></span> <span class='ocrx_word' id='word_1_236' title='bbox 1188 2439 1234 2493; x_wconf 91' lang='lat' dir='ltr'><strong>ei</strong></span> <span class='ocrx_word' id='word_1_237' title='bbox 1260 2480 1274 2502; x_wconf 85' lang='lat'><strong>,</strong></span> <span class='ocrx_word' id='word_1_238' title='bbox 1301 2448 1354 2492; x_wconf 82' lang='lat' dir='ltr'><strong>et</strong></span> <span class='ocrx_word' id='word_1_239' title='bbox 1385 2438 1672 2492; x_wconf 88' lang='lat' dir='ltr'><strong>inhabitat.</strong></span> 
     </span>
    </p>
   </div>
   <div class='ocr_carea' id='block_1_37' title="bbox 2066 2434 3590 2512">
    <p class='ocr_par' dir='ltr' id='par_1_37' title="bbox 2193 2434 3590 2512">
     <span class='ocr_line' id='line_1_37' title="bbox 2193 2434 3590 2512; baseline -0.005 -20"><span class='ocrx_word' id='word_1_240' title='bbox 2193 2455 2255 2512; x_wconf 72' lang='grc' dir='ltr'><strong>νῃ</strong></span> <span class='ocrx_word' id='word_1_241' title='bbox 2285 2439 2391 2494; x_wconf 80' lang='grc' dir='ltr'><strong>ὑπὸ</strong></span> <span class='ocrx_word' id='word_1_242' title='bbox 2421 2439 2513 2492; x_wconf 77' lang='grc' dir='ltr'>τοῦ</span> <span class='ocrx_word' id='word_1_243' title='bbox 2550 2438 2715 2506; x_wconf 77' lang='grc' dir='ltr'>φόϐου</span> <span class='ocrx_word' id='word_1_244' title='bbox 2752 2435 2914 2489; x_wconf 76' lang='grc' dir='ltr'>αὑτοῦ</span> <span class='ocrx_word' id='word_1_245' title='bbox 2946 2435 3173 2496; x_wconf 77' lang='grc' dir='ltr'>εὐδοκεῖ,</span> <span class='ocrx_word' id='word_1_246' title='bbox 3203 2434 3299 2486; x_wconf 70' lang='grc' dir='ltr'><strong>καὶ</strong></span> <span class='ocrx_word' id='word_1_247' title='bbox 3327 2436 3590 2486; x_wconf 82' lang='grc' dir='ltr'>κατοικεῖ.</span> 
     </span>
    </p>
   </div>
   <div class='ocr_carea' id='block_1_38' title="bbox 571 2523 2095 2599">
    <p class='ocr_par' dir='ltr' id='par_1_38' title="bbox 571 2525 2077 2597">
     <span class='ocr_line' id='line_1_38' title="bbox 571 2525 2077 2597; baseline -0.003 -13"><span class='ocrx_word' id='word_1_248' title='bbox 571 2527 662 2584; x_wconf 84' lang='grc'>25.</span> <span class='ocrx_word' id='word_1_249' title='bbox 689 2529 757 2584; x_wconf 85' lang='lat' dir='ltr'><strong>Et</strong></span> <span class='ocrx_word' id='word_1_250' title='bbox 786 2546 895 2584; x_wconf 91' lang='lat' dir='ltr'><strong>non</strong></span> <span class='ocrx_word' id='word_1_251' title='bbox 936 2531 990 2583; x_wconf 91' lang='lat' dir='ltr'><strong>in</strong></span> <span class='ocrx_word' id='word_1_252' title='bbox 1031 2530 1112 2584; x_wconf 89' lang='lat' dir='ltr'><strong>eis</strong></span> <span class='ocrx_word' id='word_1_253' title='bbox 1135 2569 1149 2591; x_wconf 90' lang='lat'><strong>,</strong></span> <span class='ocrx_word' id='word_1_254' title='bbox 1183 2529 1274 2597; x_wconf 91' lang='lat' dir='ltr'><strong>qui</strong></span> <span class='ocrx_word' id='word_1_255' title='bbox 1300 2527 1582 2583; x_wconf 88' lang='lat' dir='ltr'><strong>conlidunt</strong></span> <span class='ocrx_word' id='word_1_256' title='bbox 1606 2528 1658 2581; x_wconf 92' lang='lat' dir='ltr'><strong>in</strong></span> <span class='ocrx_word' id='word_1_257' title='bbox 1687 2543 1744 2583; x_wconf 88' lang='lat' dir='ltr'><strong>se</strong></span> <span class='ocrx_word' id='word_1_258' title='bbox 1775 2527 1905 2596; x_wconf 89' lang='lat' dir='ltr'><strong>ipsis</strong></span> <span class='ocrx_word' id='word_1_259' title='bbox 1931 2525 2077 2596; x_wconf 90' lang='lat' dir='ltr'><strong>quod</strong></span> 
     </span>
    </p>
   </div>
   <div class='ocr_carea' id='block_1_39' title="bbox 2213 2523 3737 2599">
    <p class='ocr_par' dir='ltr' id='par_1_39' title="bbox 2255 2523 3737 2599">
     <span class='ocr_line' id='line_1_39' title="bbox 2255 2523 3737 2599; baseline -0.007 -14"><span class='ocrx_word' id='word_1_260' title='bbox 2255 2533 2345 2586; x_wconf 79' lang='grc'>23.</span> <span class='ocrx_word' id='word_1_261' title='bbox 2385 2533 2493 2584; x_wconf 71' lang='grc' dir='ltr'>Καὶ</span> <span class='ocrx_word' id='word_1_262' title='bbox 2521 2533 2577 2584; x_wconf 86' lang='grc' dir='ltr'><strong>ἑν</strong></span> <span class='ocrx_word' id='word_1_263' title='bbox 2605 2533 2716 2592; x_wconf 82' lang='grc' dir='ltr'>τοῖς</span> <span class='ocrx_word' id='word_1_264' title='bbox 2754 2528 2828 2599; x_wconf 82' lang='grc' dir='ltr'>μὴ</span> <span class='ocrx_word' id='word_1_265' title='bbox 2858 2527 3172 2579; x_wconf 75' lang='grc' dir='ltr'>πεποιθόσιν</span> <span class='ocrx_word' id='word_1_266' title='bbox 3206 2529 3262 2579; x_wconf 92' lang='grc' dir='ltr'><strong>ἐν</strong></span> <span class='ocrx_word' id='word_1_267' title='bbox 3292 2526 3530 2588; x_wconf 83' lang='grc' dir='ltr'>ἑαυτοῖς,</span> <span class='ocrx_word' id='word_1_268' title='bbox 3554 2526 3628 2578; x_wconf 82' lang='grc' dir='ltr'><strong>ὅτι</strong></span> <span class='ocrx_word' id='word_1_269' title='bbox 3652 2523 3737 2576; x_wconf 78' lang='grc' dir='ltr'><strong>εἰσί</strong></span> 
     </span>
    </p>
   </div>
   <div class='ocr_carea' id='block_1_40' title="bbox 505 2615 2029 2691">
    <p class='ocr_par' dir='ltr' id='par_1_40' title="bbox 505 2619 2029 2691">
     <span class='ocr_line' id='line_1_40' title="bbox 505 2619 2029 2691; baseline -0.002 -15"><span class='ocrx_word' id='word_1_270' title='bbox 505 2621 615 2676; x_wconf 85' lang='lat' dir='ltr'><strong>sint</strong></span> <span class='ocrx_word' id='word_1_271' title='bbox 632 2621 799 2690; x_wconf 87' lang='lat' dir='ltr'><strong>justi;</strong></span> <span class='ocrx_word' id='word_1_272' title='bbox 841 2621 930 2675; x_wconf 89' lang='lat' dir='ltr'><strong>sed</strong></span> <span class='ocrx_word' id='word_1_273' title='bbox 957 2622 1010 2674; x_wconf 91' lang='lat' dir='ltr'><strong>in</strong></span> <span class='ocrx_word' id='word_1_274' title='bbox 1033 2621 1112 2675; x_wconf 89' lang='lat' dir='ltr'><strong>eis</strong></span> <span class='ocrx_word' id='word_1_275' title='bbox 1136 2622 1228 2690; x_wconf 90' lang='lat' dir='ltr'><strong>qui</strong></span> <span class='ocrx_word' id='word_1_276' title='bbox 1257 2631 1499 2691; x_wconf 85' lang='lat' dir='ltr'><strong>sperant,</strong></span> <span class='ocrx_word' id='word_1_277' title='bbox 1523 2620 1667 2690; x_wconf 87' lang='lat' dir='ltr'><strong>quod</strong></span> <span class='ocrx_word' id='word_1_278' title='bbox 1691 2620 1762 2674; x_wconf 89' lang='lat' dir='ltr'><strong>ob</strong></span> <span class='ocrx_word' id='word_1_279' title='bbox 1785 2619 1904 2688; x_wconf 82' lang='lat' dir='ltr'><strong>ejus</strong></span> <span class='ocrx_word' id='word_1_280' title='bbox 1927 2619 2029 2674; x_wconf 89' lang='lat' dir='ltr'><strong>bon</strong></span> 
     </span>
    </p>
   </div>
   <div class='ocr_carea' id='block_1_41' title="bbox 2211 2615 3735 2691">
    <p class='ocr_par' dir='ltr' id='par_1_41' title="bbox 2211 2615 3735 2686">
     <span class='ocr_line' id='line_1_41' title="bbox 2211 2615 3735 2686; baseline -0.005 -15"><span class='ocrx_word' id='word_1_281' title='bbox 2211 2621 2379 2674; x_wconf 52' lang='grc' dir='ltr'>κίκαιοι</span> <span class='ocrx_word' id='word_1_282' title='bbox 2418 2619 2763 2681; x_wconf 70' lang='grc' dir='ltr'>ἐλπίζοντας*</span> <span class='ocrx_word' id='word_1_283' title='bbox 2795 2618 2876 2670; x_wconf 80' lang='grc' dir='ltr'><strong>διὸ</strong></span> <span class='ocrx_word' id='word_1_284' title='bbox 2909 2615 3173 2686; x_wconf 73' lang='grc' dir='ltr'>καὶ-[ἁλλ’</span> <span class='ocrx_word' id='word_1_285' title='bbox 3205 2617 3263 2667; x_wconf 87' lang='grc' dir='ltr'><strong>ἑν</strong></span> <span class='ocrx_word' id='word_1_286' title='bbox 3291 2618 3410 2678; x_wconf 85' lang='grc' dir='ltr'>τοῖς</span> <span class='ocrx_word' id='word_1_287' title='bbox 3441 2615 3735 2678; x_wconf 76' lang='grc' dir='ltr'>ἐλπίζουσιν,</span> 
     </span>
    </p>
   </div>
   <div class='ocr_carea' id='block_1_42' title="bbox 504 2706 2028 2783">
    <p class='ocr_par' dir='ltr' id='par_1_42' title="bbox 504 2713 1427 2783">
     <span class='ocr_line' id='line_1_42' title="bbox 504 2713 1427 2783; baseline -0.001 -16"><span class='ocrx_word' id='word_1_288' title='bbox 504 2721 668 2767; x_wconf 86' lang='lat' dir='ltr'><strong>tatem</strong></span> <span class='ocrx_word' id='word_1_289' title='bbox 702 2713 848 2783; x_wconf 86' lang='lat' dir='ltr'><strong>digni</strong></span> <span class='ocrx_word' id='word_1_290' title='bbox 881 2714 1007 2767; x_wconf 86' lang='lat' dir='ltr'><strong>fient</strong></span> <span class='ocrx_word' id='word_1_291' title='bbox 1036 2713 1427 2768; x_wconf 87' lang='lat' dir='ltr'><strong>misericordia.</strong></span> 
     </span>
    </p>
   </div>
   <div class='ocr_carea' id='block_1_43' title="bbox 2210 2706 3734 2783">
    <p class='ocr_par' dir='ltr' id='par_1_43' title="bbox 2210 2706 3734 2782">
     <span class='ocr_line' id='line_1_43' title="bbox 2210 2706 3734 2782; baseline -0.003 -19"><span class='ocrx_word' id='word_1_292' title='bbox 2210 2730 2266 2763; x_wconf 83' lang='grc' dir='ltr'><strong>ιτι</strong></span> <span class='ocrx_word' id='word_1_293' title='bbox 2291 2711 2496 2782; x_wconf 73' lang='grc' dir='ltr'>καὶ]διὰ</span> <span class='ocrx_word' id='word_1_294' title='bbox 2522 2711 2618 2781; x_wconf 82' lang='grc' dir='ltr'><strong>τὴν</strong></span> <span class='ocrx_word' id='word_1_295' title='bbox 2642 2708 2952 2779; x_wconf 78' lang='grc' dir='ltr'>ἁγαθὸτητα</span> <span class='ocrx_word' id='word_1_296' title='bbox 2967 2707 3129 2761; x_wconf 76' lang='grc' dir='ltr'>αὑτοῦ</span> <span class='ocrx_word' id='word_1_297' title='bbox 3148 2706 3541 2779; x_wconf 64' lang='grc' dir='ltr'>ἀξιωθήσετςται</span> <span class='ocrx_word' id='word_1_298' title='bbox 3562 2706 3734 2768; x_wconf 81' lang='grc' dir='ltr'>ἐλέους.</span> 
     </span>
    </p>
   </div>
   <div class='ocr_carea' id='block_1_44' title="bbox 582 2879 3737 2959">
    <p class='ocr_par' dir='ltr' id='par_1_44' title="bbox 582 2879 3737 2959">
     <span class='ocr_line' id='line_1_44' title="bbox 582 2879 3737 2959; baseline -0.004 -20"><span class='ocrx_word' id='word_1_299' title='bbox 582 2885 650 2939; x_wconf 86' lang='grc' dir='ltr'><strong>Ἦ</strong></span> <span class='ocrx_word' id='word_1_300' title='bbox 678 2887 1010 2958; x_wconf 82' lang='grc' dir='ltr'>προκειμένη</span> <span class='ocrx_word' id='word_1_301' title='bbox 1044 2887 1322 2958; x_wconf 78' lang='grc' dir='ltr'>ἐπιγραφὴ</span> <span class='ocrx_word' id='word_1_302' title='bbox 1349 2888 1593 2959; x_wconf 77' lang='grc' dir='ltr'>περιέχει</span> <span class='ocrx_word' id='word_1_303' title='bbox 1625 2887 1736 2956; x_wconf 81' lang='grc'><strong>(1)’</strong></span> <span class='ocrx_word' id='word_1_304' title='bbox 1781 2887 2164 2953; x_wconf 74' lang='grc' dir='ltr'>’Λλ.ἰη.ίούΐα,</span> <span class='ocrx_word' id='word_1_305' title='bbox 2197 2885 2470 2955; x_wconf 79' lang='grc' dir='ltr'>Ἀγγαίου</span> <span class='ocrx_word' id='word_1_306' title='bbox 2501 2884 2598 2937; x_wconf 81' lang='grc' dir='ltr'>καὶ</span> <span class='ocrx_word' id='word_1_307' title='bbox 2632 2883 2930 2952; x_wconf 83' lang='grc' dir='ltr'>Ζαχαρίου</span> <span class='ocrx_word' id='word_1_308' title='bbox 2950 2924 2965 2948; x_wconf 91' lang='grc'><strong>,</strong></span> <span class='ocrx_word' id='word_1_309' title='bbox 2994 2881 3068 2945; x_wconf 84' lang='grc' dir='ltr'>ὡς</span> <span class='ocrx_word' id='word_1_310' title='bbox 3099 2881 3438 2954; x_wconf 73' lang='grc' dir='ltr'>προείρηκα,</span> <span class='ocrx_word' id='word_1_311' title='bbox 3482 2881 3571 2934; x_wconf 69' lang='grc' dir='ltr'>καὶ</span> <span class='ocrx_word' id='word_1_312' title='bbox 3602 2879 3737 2932; x_wconf 75' lang='grc' dir='ltr'>πάλιν</span> 
     </span>
    </p>
   </div>
   <div class='ocr_carea' id='block_1_45' title="bbox 505 2968 3734 3052">
    <p class='ocr_par' dir='ltr' id='par_1_45' title="bbox 505 2968 3734 3052">
     <span class='ocr_line' id='line_1_45' title="bbox 505 2968 3734 3052; baseline -0.003 -22"><span class='ocrx_word' id='word_1_313' title='bbox 505 2979 664 3047; x_wconf 61' lang='grc' dir='ltr'>λέγω,</span> <span class='ocrx_word' id='word_1_314' title='bbox 686 2981 1022 3047; x_wconf 59' lang='lat' dir='ltr'><strong>eumeum</strong></span> <span class='ocrx_word' id='word_1_315' title='bbox 1050 2979 1408 3052; x_wconf 78' lang='grc' dir='ltr'>ἑρμηνεύεται</span> <span class='ocrx_word' id='word_1_316' title='bbox 1439 2980 1654 3034; x_wconf 66' lang='lat' dir='ltr'><strong>ait-site</strong></span> <span class='ocrx_word' id='word_1_317' title='bbox 1677 2981 1782 3033; x_wconf 76' lang='grc' dir='ltr'><strong>τὸν</strong></span> <span class='ocrx_word' id='word_1_318' title='bbox 1811 2983 1959 3035; x_wconf 69' lang='grc' dir='ltr'><strong>Θεῶν</strong></span> <span class='ocrx_word' id='word_1_319' title='bbox 1978 2997 1993 3012; x_wconf 77' lang='grc' dir='ltr'><strong><em>ο</em></strong></span> <span class='ocrx_word' id='word_1_320' title='bbox 2023 2982 2288 3050; x_wconf 72' lang='grc' dir='ltr'>Ἀγγαίου</span> <span class='ocrx_word' id='word_1_321' title='bbox 2317 2981 2371 3032; x_wconf 84' lang='grc' dir='ltr'><strong>δὲ</strong></span> <span class='ocrx_word' id='word_1_322' title='bbox 2400 2980 2760 3052; x_wconf 77' lang='grc' dir='ltr'>ἑρμηνεύεται</span> <span class='ocrx_word' id='word_1_323' title='bbox 2792 2979 2930 3046; x_wconf 78' lang='grc' dir='ltr'>νίκη</span> <span class='ocrx_word' id='word_1_324' title='bbox 2955 2975 3202 3039; x_wconf 69' lang='grc' dir='ltr'>λέοντος</span> <span class='ocrx_word' id='word_1_325' title='bbox 3233 2971 3414 3042; x_wconf 85' lang='grc' dir='ltr'>Ἰησοῦ</span> <span class='ocrx_word' id='word_1_326' title='bbox 3450 2970 3540 3024; x_wconf 77' lang='grc' dir='ltr'>τοῦ</span> <span class='ocrx_word' id='word_1_327' title='bbox 3561 2968 3734 3038; x_wconf 80' lang='grc' dir='ltr'>Κυρίου</span> 
     </span>
    </p>
   </div>
   <div class='ocr_carea' id='block_1_46' title="bbox 505 3072 2512 3147">
    <p class='ocr_par' dir='ltr' id='par_1_46' title="bbox 505 3072 2512 3147">
     <span class='ocr_line' id='line_1_46' title="bbox 505 3072 2512 3147; baseline 0.003 -23"><span class='ocrx_word' id='word_1_328' title='bbox 505 3072 679 3142; x_wconf 73' lang='grc' dir='ltr'>ἡμῶν,</span> <span class='ocrx_word' id='word_1_329' title='bbox 705 3073 772 3143; x_wconf 77' lang='grc' dir='ltr'><strong>ἣν</strong></span> <span class='ocrx_word' id='word_1_330' title='bbox 803 3075 1093 3138; x_wconf 76' lang='grc' dir='ltr'>ἐποιήσατο</span> <span class='ocrx_word' id='word_1_331' title='bbox 1116 3073 1202 3126; x_wconf 72' lang='grc' dir='ltr'><strong>διὰ</strong></span> <span class='ocrx_word' id='word_1_332' title='bbox 1224 3076 1323 3146; x_wconf 79' lang='grc' dir='ltr'>τῆς</span> <span class='ocrx_word' id='word_1_333' title='bbox 1355 3077 1655 3147; x_wconf 79' lang='grc' dir='ltr'>παρουσίας</span> <span class='ocrx_word' id='word_1_334' title='bbox 1690 3077 1783 3129; x_wconf 76' lang='grc' dir='ltr'><strong>καὶ</strong></span> <span class='ocrx_word' id='word_1_335' title='bbox 1812 3076 1920 3129; x_wconf 80' lang='grc' dir='ltr'><strong>τῶν</strong></span> <span class='ocrx_word' id='word_1_336' title='bbox 1958 3077 2297 3147; x_wconf 79' lang='grc' dir='ltr'>παθημάτων</span> <span class='ocrx_word' id='word_1_337' title='bbox 2324 3075 2512 3130; x_wconf 76' lang='grc' dir='ltr'>αὐτοῦ.</span> 
     </span>
    </p>
   </div>
   <div class='ocr_carea' id='block_1_47' title="bbox 573 3158 3732 3238">
    <p class='ocr_par' dir='ltr' id='par_1_47' title="bbox 573 3158 3732 3238">
     <span class='ocr_line' id='line_1_47' title="bbox 573 3158 3732 3238; baseline -0.003 -24"><span class='ocrx_word' id='word_1_338' title='bbox 573 3160 786 3216; x_wconf 87' lang='lat' dir='ltr'><strong>Titulus</strong></span> <span class='ocrx_word' id='word_1_339' title='bbox 819 3164 1144 3232; x_wconf 71' lang='lat' dir='ltr'><strong>praepositus</strong></span> <span class='ocrx_word' id='word_1_340' title='bbox 1176 3169 1419 3220; x_wconf 86' lang='lat' dir='ltr'><strong>continet</strong></span> <span class='ocrx_word' id='word_1_341' title='bbox 1451 3185 1462 3220; x_wconf 91' lang='lat'><strong>:</strong></span> <span class='ocrx_word' id='word_1_342' title='bbox 1500 3167 1751 3232; x_wconf 71' lang='lat' dir='ltr'><strong>Alleluia,</strong></span> <span class='ocrx_word' id='word_1_343' title='bbox 1787 3169 1967 3238; x_wconf 75' lang='lat' dir='ltr'><strong><em>Aggwi</em></strong></span> <span class='ocrx_word' id='word_1_344' title='bbox 2012 3178 2062 3222; x_wconf 84' lang='lat' dir='ltr'><strong>et</strong></span> <span class='ocrx_word' id='word_1_345' title='bbox 2091 3168 2370 3221; x_wconf 74' lang='lat' dir='ltr'><strong>lac/write</strong></span> <span class='ocrx_word' id='word_1_346' title='bbox 2399 3183 2416 3221; x_wconf 92' lang='lat'><em>:</em></span> <span class='ocrx_word' id='word_1_347' title='bbox 2455 3175 2514 3221; x_wconf 93' lang='lat' dir='ltr'><strong>ut</strong></span> <span class='ocrx_word' id='word_1_348' title='bbox 2554 3166 2690 3230; x_wconf 79' lang='lat' dir='ltr'><strong>dixi,</strong></span> <span class='ocrx_word' id='word_1_349' title='bbox 2732 3174 2787 3220; x_wconf 92' lang='lat' dir='ltr'><strong>et</strong></span> <span class='ocrx_word' id='word_1_350' title='bbox 2821 3179 3014 3220; x_wconf 90' lang='lat' dir='ltr'><strong>rursus</strong></span> <span class='ocrx_word' id='word_1_351' title='bbox 3060 3161 3217 3224; x_wconf 86' lang='lat' dir='ltr'><strong>dico,</strong></span> <span class='ocrx_word' id='word_1_352' title='bbox 3245 3159 3470 3212; x_wconf 81' lang='lat' dir='ltr'><strong>alleluia</strong></span> <span class='ocrx_word' id='word_1_353' title='bbox 3501 3158 3732 3224; x_wconf 83' lang='lat' dir='ltr'><strong>interpre-</strong></span> 
     </span>
    </p>
   </div>
   <div class='ocr_carea' id='block_1_48' title="bbox 502 3247 3821 3328">
    <p class='ocr_par' dir='ltr' id='par_1_48' title="bbox 502 3247 3821 3328">
     <span class='ocr_line' id='line_1_48' title="bbox 502 3247 3821 3328; baseline -0.002 -23"><span class='ocrx_word' id='word_1_354' title='bbox 502 3262 647 3309; x_wconf 90' lang='lat' dir='ltr'><strong>tatur</strong></span> <span class='ocrx_word' id='word_1_355' title='bbox 677 3254 893 3308; x_wconf 79' lang='lat' dir='ltr'><strong>laudate</strong></span> <span class='ocrx_word' id='word_1_356' title='bbox 915 3256 1083 3310; x_wconf 88' lang='lat' dir='ltr'><strong>Deum</strong></span> <span class='ocrx_word' id='word_1_357' title='bbox 1114 3274 1132 3311; x_wconf 90' lang='lat'><strong><em>:</em></strong></span> <span class='ocrx_word' id='word_1_358' title='bbox 1162 3258 1384 3326; x_wconf 73' lang='lat' dir='ltr'><strong>Aggmus</strong></span> <span class='ocrx_word' id='word_1_359' title='bbox 1415 3267 1595 3310; x_wconf 88' lang='lat' dir='ltr'><strong>autem</strong></span> <span class='ocrx_word' id='word_1_360' title='bbox 1629 3257 2018 3328; x_wconf 89' lang='lat' dir='ltr'><strong>interpretatur</strong></span> <span class='ocrx_word' id='word_1_361' title='bbox 2048 3260 2271 3312; x_wconf 77' lang='lat' dir='ltr'><strong>victoria</strong></span> <span class='ocrx_word' id='word_1_362' title='bbox 2289 3257 2480 3312; x_wconf 87' lang='lat' dir='ltr'><strong>Leonis</strong></span> <span class='ocrx_word' id='word_1_363' title='bbox 2507 3255 2636 3313; x_wconf 85' lang='lat' dir='ltr'><strong>Jesu</strong></span> <span class='ocrx_word' id='word_1_364' title='bbox 2657 3256 2870 3311; x_wconf 92' lang='lat' dir='ltr'><strong>Domini</strong></span> <span class='ocrx_word' id='word_1_365' title='bbox 2901 3253 3097 3320; x_wconf 91' lang='lat' dir='ltr'><strong>nostri,</strong></span> <span class='ocrx_word' id='word_1_366' title='bbox 3125 3264 3289 3322; x_wconf 90' lang='lat' dir='ltr'><strong>quam</strong></span> <span class='ocrx_word' id='word_1_367' title='bbox 3317 3249 3506 3303; x_wconf 88' lang='lat' dir='ltr'><strong>retulit</strong></span> <span class='ocrx_word' id='word_1_368' title='bbox 3530 3247 3735 3300; x_wconf 79' lang='lat' dir='ltr'><strong>adventu</strong></span> <span class='ocrx_word' id='word_1_369' title='bbox 3820 3305 3821 3311; x_wconf 13' lang='grc' dir='ltr'>γ</span> 
     </span>
    </p>
   </div>
   <div class='ocr_carea' id='block_1_49' title="bbox 502 3345 989 3413">
    <p class='ocr_par' dir='ltr' id='par_1_49' title="bbox 502 3345 989 3413">
     <span class='ocr_line' id='line_1_49' title="bbox 502 3345 989 3413; baseline 0.004 -16"><span class='ocrx_word' id='word_1_370' title='bbox 502 3353 554 3398; x_wconf 89' lang='lat' dir='ltr'><strong>et</strong></span> <span class='ocrx_word' id='word_1_371' title='bbox 588 3345 841 3413; x_wconf 85' lang='lat' dir='ltr'><strong>passione</strong></span> <span class='ocrx_word' id='word_1_372' title='bbox 871 3361 989 3400; x_wconf 88' lang='lat' dir='ltr'><strong>sua.</strong></span> 
     </span>
    </p>
   </div>
   <div class='ocr_carea' id='block_1_50' title="bbox 572 3485 2096 3560">
    <p class='ocr_par' dir='ltr' id='par_1_50' title="bbox 572 3486 2070 3560">
     <span class='ocr_line' id='line_1_50' title="bbox 572 3486 2070 3560; baseline -0.001 -17"><span class='ocrx_word' id='word_1_373' title='bbox 572 3491 620 3543; x_wconf 92' lang='grc'>1.</span> <span class='ocrx_word' id='word_1_374' title='bbox 658 3486 806 3543; x_wconf 76' lang='lat' dir='ltr'><strong>V&#39;isio</strong></span> <span class='ocrx_word' id='word_1_375' title='bbox 835 3490 984 3559; x_wconf 90' lang='lat' dir='ltr'><strong>pacis</strong></span> <span class='ocrx_word' id='word_1_376' title='bbox 1019 3491 1257 3560; x_wconf 80' lang='lat' dir='ltr'><strong>glorifica</strong></span> <span class='ocrx_word' id='word_1_377' title='bbox 1292 3491 1605 3555; x_wconf 86' lang='lat' dir='ltr'><strong>Dominum,</strong></span> <span class='ocrx_word' id='word_1_378' title='bbox 1636 3493 1740 3545; x_wconf 90' lang='lat' dir='ltr'><strong>hoc</strong></span> <span class='ocrx_word' id='word_1_379' title='bbox 1768 3499 1852 3545; x_wconf 91' lang='lat' dir='ltr'><strong>est</strong></span> <span class='ocrx_word' id='word_1_380' title='bbox 1882 3488 2070 3544; x_wconf 83' lang='lat' dir='ltr'><strong>Eccle-</strong></span> 
     </span>
    </p>
   </div>
   <div class='ocr_carea' id='block_1_51' title="bbox 2206 3485 3730 3560">
    <p class='ocr_par' dir='ltr' id='par_1_51' title="bbox 2246 3485 3730 3559">
     <span class='ocr_line' id='line_1_51' title="bbox 2246 3485 3730 3559; baseline -0.003 -19"><span class='ocrx_word' id='word_1_381' title='bbox 2246 3489 2297 3540; x_wconf 95' lang='grc'>1.</span> <span class='ocrx_word' id='word_1_382' title='bbox 2328 3485 2559 3557; x_wconf 86' lang='grc' dir='ltr'>’Ὁρασις</span> <span class='ocrx_word' id='word_1_383' title='bbox 2591 3485 2692 3555; x_wconf 84' lang='grc' dir='ltr'>τῆς</span> <span class='ocrx_word' id='word_1_384' title='bbox 2726 3487 2970 3556; x_wconf 79' lang='grc' dir='ltr'>εἰρήνης,</span> <span class='ocrx_word' id='word_1_385' title='bbox 2997 3485 3219 3551; x_wconf 81' lang='grc' dir='ltr'>δόξασον</span> <span class='ocrx_word' id='word_1_386' title='bbox 3251 3487 3344 3540; x_wconf 76' lang='grc' dir='ltr'>τὸν</span> <span class='ocrx_word' id='word_1_387' title='bbox 3361 3487 3730 3559; x_wconf 81' lang='grc' dir='ltr'>Κύριον,τουτ-</span> 
     </span>
    </p>
   </div>
   <div class='ocr_carea' id='block_1_52' title="bbox 501 3573 2025 3654">
    <p class='ocr_par' dir='ltr' id='par_1_52' title="bbox 501 3583 2025 3654">
     <span class='ocr_line' id='line_1_52' title="bbox 501 3583 2025 3654; baseline -0.001 -18"><span class='ocrx_word' id='word_1_388' title='bbox 501 3583 580 3636; x_wconf 89' lang='lat' dir='ltr'><strong>sia</strong></span> <span class='ocrx_word' id='word_1_389' title='bbox 619 3597 686 3635; x_wconf 80' lang='lat' dir='ltr'><strong>ex</strong></span> <span class='ocrx_word' id='word_1_390' title='bbox 723 3583 988 3653; x_wconf 79' lang='lat' dir='ltr'><strong>gentibus,</strong></span> <span class='ocrx_word' id='word_1_391' title='bbox 1018 3583 1077 3638; x_wconf 84' lang='lat' dir='ltr'><strong>in</strong></span> <span class='ocrx_word' id='word_1_392' title='bbox 1111 3602 1217 3654; x_wconf 89' lang='lat' dir='ltr'><strong>qua</strong></span> <span class='ocrx_word' id='word_1_393' title='bbox 1245 3587 1359 3640; x_wconf 84' lang='lat' dir='ltr'><strong>visa</strong></span> <span class='ocrx_word' id='word_1_394' title='bbox 1392 3598 1507 3651; x_wconf 86' lang='lat' dir='ltr'><strong>est,</strong></span> <span class='ocrx_word' id='word_1_395' title='bbox 1539 3594 1592 3639; x_wconf 82' lang='lat' dir='ltr'><strong>et</strong></span> <span class='ocrx_word' id='word_1_396' title='bbox 1621 3585 1836 3639; x_wconf 74' lang='lat' dir='ltr'><strong>videtur</strong></span> <span class='ocrx_word' id='word_1_397' title='bbox 1863 3598 1965 3652; x_wconf 82' lang='lat' dir='ltr'><strong>pax</strong></span> <span class='ocrx_word' id='word_1_398' title='bbox 1995 3591 2025 3636; x_wconf 72' lang='lat' dir='ltr'><strong>lt</strong></span> 
     </span>
    </p>
   </div>
   <div class='ocr_carea' id='block_1_53' title="bbox 2200 3573 3724 3654">
    <p class='ocr_par' dir='ltr' id='par_1_53' title="bbox 2200 3573 3724 3650">
     <span class='ocr_line' id='line_1_53' title="bbox 2200 3573 3724 3650; baseline -0.005 -19"><span class='ocrx_word' id='word_1_399' title='bbox 2200 3580 2329 3631; x_wconf 73' lang='grc' dir='ltr'>ἔστιν</span> <span class='ocrx_word' id='word_1_400' title='bbox 2385 3579 2418 3648; x_wconf 86' lang='grc' dir='ltr'><strong>ή</strong></span> <span class='ocrx_word' id='word_1_401' title='bbox 2447 3577 2505 3641; x_wconf 80' lang='grc' dir='ltr'>ἐξ</span> <span class='ocrx_word' id='word_1_402' title='bbox 2532 3576 2700 3630; x_wconf 83' lang='grc' dir='ltr'>ἐθνῶν</span> <span class='ocrx_word' id='word_1_403' title='bbox 2741 3576 3034 3645; x_wconf 81' lang='grc' dir='ltr'>Ἐκκλησία</span> <span class='ocrx_word' id='word_1_404' title='bbox 3057 3618 3072 3641; x_wconf 90' lang='grc'><strong>,</strong></span> <span class='ocrx_word' id='word_1_405' title='bbox 3100 3578 3156 3629; x_wconf 86' lang='grc' dir='ltr'><strong>ἐν</strong></span> <span class='ocrx_word' id='word_1_406' title='bbox 3240 3578 3482 3648; x_wconf 87' lang='grc' dir='ltr'>ἑωράθη,</span> <span class='ocrx_word' id='word_1_407' title='bbox 3514 3577 3603 3629; x_wconf 79' lang='grc' dir='ltr'>καὶ</span> <span class='ocrx_word' id='word_1_408' title='bbox 3629 3575 3724 3644; x_wconf 67' lang='grc' dir='ltr'>ὁρᾶν</span> 
     </span>
    </p>
   </div>
   <div class='ocr_carea' id='block_1_54' title="bbox 503 3663 2027 3740">
    <p class='ocr_par' dir='ltr' id='par_1_54' title="bbox 503 3673 2027 3734">
     <span class='ocr_line' id='line_1_54' title="bbox 503 3673 2027 3734; baseline 0.001 -8"><span class='ocrx_word' id='word_1_409' title='bbox 503 3673 609 3728; x_wconf 91' lang='lat' dir='ltr'><strong>tius</strong></span> <span class='ocrx_word' id='word_1_410' title='bbox 643 3673 832 3728; x_wconf 91' lang='lat' dir='ltr'><strong>mundi</strong></span> <span class='ocrx_word' id='word_1_411' title='bbox 859 3674 1120 3730; x_wconf 88' lang='lat' dir='ltr'><strong>Dominus</strong></span> <span class='ocrx_word' id='word_1_412' title='bbox 1148 3688 1331 3732; x_wconf 90' lang='lat' dir='ltr'><strong>noster</strong></span> <span class='ocrx_word' id='word_1_413' title='bbox 1351 3677 1510 3734; x_wconf 82' lang='lat' dir='ltr'><strong>Jesus</strong></span> <span class='ocrx_word' id='word_1_414' title='bbox 1533 3697 1545 3731; x_wconf 92' lang='lat'>:</span> <span class='ocrx_word' id='word_1_415' title='bbox 1566 3677 1899 3731; x_wconf 79' lang='lat' dir='ltr'><strong>Hierusalem</strong></span> <span class='ocrx_word' id='word_1_416' title='bbox 1929 3677 2027 3732; x_wconf 76' lang='lat' dir='ltr'><strong>enil</strong></span> 
     </span>
    </p>
   </div>
   <div class='ocr_carea' id='block_1_55' title="bbox 2202 3663 3726 3740">
    <p class='ocr_par' dir='ltr' id='par_1_55' title="bbox 2202 3663 3726 3740">
     <span class='ocr_line' id='line_1_55' title="bbox 2202 3663 3726 3740; baseline -0.007 -16"><span class='ocrx_word' id='word_1_417' title='bbox 2202 3690 2268 3724; x_wconf 80' lang='grc' dir='ltr'>ται</span> <span class='ocrx_word' id='word_1_418' title='bbox 2303 3671 2493 3740; x_wconf 74' lang='grc' dir='ltr'>εἰρήνη</span> <span class='ocrx_word' id='word_1_419' title='bbox 2538 3669 2614 3740; x_wconf 81' lang='grc'><strong>(2)</strong></span> <span class='ocrx_word' id='word_1_420' title='bbox 2663 3667 2756 3720; x_wconf 76' lang='grc' dir='ltr'>τοῦ</span> <span class='ocrx_word' id='word_1_421' title='bbox 2794 3669 2994 3731; x_wconf 80' lang='grc' dir='ltr'>παντὸς</span> <span class='ocrx_word' id='word_1_422' title='bbox 3047 3669 3253 3738; x_wconf 86' lang='grc' dir='ltr'>κόσμου</span> <span class='ocrx_word' id='word_1_423' title='bbox 3299 3671 3327 3720; x_wconf 85' lang='grc' dir='ltr'>ὁ</span> <span class='ocrx_word' id='word_1_424' title='bbox 3365 3668 3566 3739; x_wconf 81' lang='grc' dir='ltr'>Κύριος</span> <span class='ocrx_word' id='word_1_425' title='bbox 3597 3663 3726 3736; x_wconf 73' lang='grc' dir='ltr'>ἡμῶι</span> 
     </span>
    </p>
   </div>
   <div class='ocr_carea' id='block_1_56' title="bbox 500 3757 2024 3836">
    <p class='ocr_par' dir='ltr' id='par_1_56' title="bbox 500 3763 1245 3836">
     <span class='ocr_line' id='line_1_56' title="bbox 500 3763 1245 3836; baseline 0.007 -19"><span class='ocrx_word' id='word_1_426' title='bbox 500 3763 887 3834; x_wconf 87' lang='lat' dir='ltr'><strong>interpretatur</strong></span> <span class='ocrx_word' id='word_1_427' title='bbox 923 3767 1050 3821; x_wconf 79' lang='lat' dir='ltr'><strong>visio</strong></span> <span class='ocrx_word' id='word_1_428' title='bbox 1081 3769 1245 3836; x_wconf 81' lang='lat' dir='ltr'><strong>pacis.</strong></span> 
     </span>
    </p>
   </div>
   <div class='ocr_carea' id='block_1_57' title="bbox 2187 3757 3711 3836">
    <p class='ocr_par' dir='ltr' id='par_1_57' title="bbox 2198 3757 3711 3832">
     <span class='ocr_line' id='line_1_57' title="bbox 2198 3757 3711 3832; baseline -0.006 -17"><span class='ocrx_word' id='word_1_429' title='bbox 2198 3762 2398 3832; x_wconf 77' lang='grc' dir='ltr'>Ἰησοῦς</span> <span class='ocrx_word' id='word_1_430' title='bbox 2419 3777 2431 3789; x_wconf 77' lang='grc'><strong><em>⁸</em></strong></span> <span class='ocrx_word' id='word_1_431' title='bbox 2477 3760 2863 3829; x_wconf 68' lang='grc' dir='ltr'>Ἰερουσαλὴμ</span> <span class='ocrx_word' id='word_1_432' title='bbox 2893 3760 3001 3831; x_wconf 80' lang='grc' dir='ltr'>γὰρ</span> <span class='ocrx_word' id='word_1_433' title='bbox 3031 3760 3397 3831; x_wconf 83' lang='grc' dir='ltr'>ἑρμηνεύεται</span> <span class='ocrx_word' id='word_1_434' title='bbox 3441 3760 3641 3828; x_wconf 78' lang='grc' dir='ltr'>ὅρασις</span> <span class='ocrx_word' id='word_1_435' title='bbox 3669 3757 3711 3808; x_wconf 84' lang='grc' dir='ltr'><strong>εἰ</strong></span> 
     </span>
    </p>
   </div>
   <div class='ocr_carea' id='block_1_58' title="bbox 2170 3854 2388 3922">
    <p class='ocr_par' dir='ltr' id='par_1_58' title="bbox 2170 3854 2388 3922">
     <span class='ocr_line' id='line_1_58' title="bbox 2170 3854 2388 3922; baseline -0.005 -15"><span class='ocrx_word' id='word_1_436' title='bbox 2170 3854 2388 3922; x_wconf 73' lang='grc' dir='ltr'>ρήνης.</span> 
     </span>
    </p>
   </div>
   <div class='ocr_carea' id='block_1_59' title="bbox 567 3905 2091 4016">
    <p class='ocr_par' dir='ltr' id='par_1_59' title="bbox 567 3905 2074 4016">
     <span class='ocr_line' id='line_1_59' title="bbox 567 3905 2074 4016; baseline 0.004 -22"><span class='ocrx_word' id='word_1_437' title='bbox 567 3940 620 3994; x_wconf 87' lang='grc'>2.</span> <span class='ocrx_word' id='word_1_438' title='bbox 663 3940 846 3997; x_wconf 90' lang='lat' dir='ltr'><strong>Lauda</strong></span> <span class='ocrx_word' id='word_1_439' title='bbox 877 3942 1044 3997; x_wconf 89' lang='lat' dir='ltr'><strong>Deum</strong></span> <span class='ocrx_word' id='word_1_440' title='bbox 1073 3905 1512 4008; x_wconf 54' lang='lat' dir='ltr'><strong>tuum?Ecelesia</strong></span> <span class='ocrx_word' id='word_1_441' title='bbox 1548 3946 1736 4014; x_wconf 89' lang='lat' dir='ltr'><strong>ipsius,</strong></span> <span class='ocrx_word' id='word_1_442' title='bbox 1769 3947 1824 3999; x_wconf 92' lang='lat' dir='ltr'><strong>in</strong></span> <span class='ocrx_word' id='word_1_443' title='bbox 1863 3961 1968 4016; x_wconf 85' lang='lat' dir='ltr'><strong>qua</strong></span> <span class='ocrx_word' id='word_1_444' title='bbox 1991 3956 2074 4001; x_wconf 87' lang='lat' dir='ltr'><strong>est</strong></span> 
     </span>
    </p>
   </div>
   <div class='ocr_carea' id='block_1_60' title="bbox 2200 3905 3724 4016">
    <p class='ocr_par' dir='ltr' id='par_1_60' title="bbox 2247 3936 3724 4012">
     <span class='ocr_line' id='line_1_60' title="bbox 2247 3936 3724 4012; baseline -0.006 -14"><span class='ocrx_word' id='word_1_445' title='bbox 2247 3946 2302 3998; x_wconf 89' lang='lat'><strong>2.</strong></span> <span class='ocrx_word' id='word_1_446' title='bbox 2338 3944 2487 3997; x_wconf 77' lang='grc' dir='ltr'>Αίνει</span> <span class='ocrx_word' id='word_1_447' title='bbox 2519 3945 2607 3998; x_wconf 75' lang='grc' dir='ltr'>τὸν</span> <span class='ocrx_word' id='word_1_448' title='bbox 2635 3943 2768 3997; x_wconf 83' lang='grc' dir='ltr'><strong>Θεὸν</strong></span> <span class='ocrx_word' id='word_1_449' title='bbox 2802 3959 2918 4005; x_wconf 88' lang='grc' dir='ltr'>σου,</span> <span class='ocrx_word' id='word_1_450' title='bbox 2949 3944 2981 4012; x_wconf 81' lang='grc' dir='ltr'>ἡ</span> <span class='ocrx_word' id='word_1_451' title='bbox 3015 3941 3179 3995; x_wconf 77' lang='grc' dir='ltr'>αὐτοῦ</span> <span class='ocrx_word' id='word_1_452' title='bbox 3206 3942 3282 4011; x_wconf 78' lang='grc'><strong>(5)</strong></span> <span class='ocrx_word' id='word_1_453' title='bbox 3321 3940 3631 4011; x_wconf 84' lang='grc' dir='ltr'>Ἐκκλησία,</span> <span class='ocrx_word' id='word_1_454' title='bbox 3660 3936 3724 3989; x_wconf 78' lang='grc' dir='ltr'><strong>ἔνο</strong></span> 
     </span>
    </p>
   </div>
   <div class='ocr_carea' id='block_1_61' title="bbox 499 4026 2023 4104">
    <p class='ocr_par' dir='ltr' id='par_1_61' title="bbox 499 4033 2023 4104">
     <span class='ocr_line' id='line_1_61' title="bbox 499 4033 2023 4104; baseline 0.001 -19"><span class='ocrx_word' id='word_1_455' title='bbox 499 4034 870 4086; x_wconf 84' lang='lat' dir='ltr'><strong>sanctuarium</strong></span> <span class='ocrx_word' id='word_1_456' title='bbox 918 4035 1103 4104; x_wconf 67' lang='lat' dir='ltr'><strong>gratiae</strong></span> <span class='ocrx_word' id='word_1_457' title='bbox 1133 4035 1249 4102; x_wconf 87' lang='lat' dir='ltr'><strong>ejus</strong></span> <span class='ocrx_word' id='word_1_458' title='bbox 1282 4053 1293 4088; x_wconf 92' lang='lat'>:</span> <span class='ocrx_word' id='word_1_459' title='bbox 1327 4033 1453 4088; x_wconf 86' lang='lat' dir='ltr'><strong>Sion</strong></span> <span class='ocrx_word' id='word_1_460' title='bbox 1495 4035 1640 4088; x_wconf 89' lang='lat' dir='ltr'><strong>enim</strong></span> <span class='ocrx_word' id='word_1_461' title='bbox 1688 4035 2023 4104; x_wconf 77' lang='lat' dir='ltr'><strong>interpretati</strong></span> 
     </span>
    </p>
   </div>
   <div class='ocr_carea' id='block_1_62' title="bbox 2198 4026 3722 4104">
    <p class='ocr_par' dir='ltr' id='par_1_62' title="bbox 2198 4026 3722 4103">
     <span class='ocr_line' id='line_1_62' title="bbox 2198 4026 3722 4103; baseline -0.005 -19"><span class='ocrx_word' id='word_1_462' title='bbox 2198 4035 2245 4086; x_wconf 76' lang='lat' dir='ltr'><strong>lat</strong></span> <span class='ocrx_word' id='word_1_463' title='bbox 2274 4033 2334 4085; x_wconf 87' lang='grc' dir='ltr'><strong>τὸ</strong></span> <span class='ocrx_word' id='word_1_464' title='bbox 2379 4033 2627 4103; x_wconf 81' lang='grc' dir='ltr'>άγίασμα</span> <span class='ocrx_word' id='word_1_465' title='bbox 2653 4034 2752 4101; x_wconf 82' lang='grc' dir='ltr'>τῆς</span> <span class='ocrx_word' id='word_1_466' title='bbox 2779 4031 2999 4100; x_wconf 85' lang='grc' dir='ltr'>χάριτος</span> <span class='ocrx_word' id='word_1_467' title='bbox 3030 4031 3192 4083; x_wconf 75' lang='grc' dir='ltr'>αὐτοῦ</span> <span class='ocrx_word' id='word_1_468' title='bbox 3229 4032 3347 4083; x_wconf 81' lang='grc' dir='ltr'>ἐστι</span> <span class='ocrx_word' id='word_1_469' title='bbox 3370 4049 3382 4060; x_wconf 89' lang='grc'>·</span> <span class='ocrx_word' id='word_1_470' title='bbox 3452 4029 3598 4084; x_wconf 58' lang='grc' dir='ltr'><strong>Σιὼν⁸</strong></span> <span class='ocrx_word' id='word_1_471' title='bbox 3638 4026 3722 4096; x_wconf 69' lang='grc' dir='ltr'><strong>γὰί</strong></span> 
     </span>
    </p>
   </div>
   <div class='ocr_carea' id='block_1_63' title="bbox 499 4121 2023 4195">
    <p class='ocr_par' dir='ltr' id='par_1_63' title="bbox 499 4121 1206 4180">
     <span class='ocr_line' id='line_1_63' title="bbox 499 4121 1206 4180; baseline 0.007 -6"><span class='ocrx_word' id='word_1_472' title='bbox 499 4121 642 4175; x_wconf 85' lang='lat' dir='ltr'><strong>locus</strong></span> <span class='ocrx_word' id='word_1_473' title='bbox 673 4122 762 4176; x_wconf 86' lang='lat' dir='ltr'><strong>ubi</strong></span> <span class='ocrx_word' id='word_1_474' title='bbox 795 4124 1206 4180; x_wconf 83' lang='lat' dir='ltr'><strong>tabernaculum.</strong></span> 
     </span>
    </p>
   </div>
   <div class='ocr_carea' id='block_1_64' title="bbox 1745 4121 3269 4195">
    <p class='ocr_par' dir='ltr' id='par_1_64' title="bbox 2177 4122 3269 4195">
     <span class='ocr_line' id='line_1_64' title="bbox 2177 4122 3269 4195; baseline -0.002 -19"><span class='ocrx_word' id='word_1_475' title='bbox 2177 4123 2536 4195; x_wconf 86' lang='grc' dir='ltr'>ἑρμηνεύεται</span> <span class='ocrx_word' id='word_1_476' title='bbox 2569 4125 2750 4187; x_wconf 74' lang='grc' dir='ltr'>τόπος</span> <span class='ocrx_word' id='word_1_477' title='bbox 2787 4122 2939 4174; x_wconf 79' lang='grc' dir='ltr'>ὅπου</span> <span class='ocrx_word' id='word_1_478' title='bbox 2975 4123 3012 4189; x_wconf 78' lang='grc' dir='ltr'>ἡ</span> <span class='ocrx_word' id='word_1_479' title='bbox 3045 4122 3269 4188; x_wconf 78' lang='grc' dir='ltr'>σκηνή.</span> 
     </span>
    </p>
   </div>
   <div class='ocr_carea' id='block_1_65' title="bbox 567 4205 2091 4285">
    <p class='ocr_par' dir='ltr' id='par_1_65' title="bbox 567 4211 2067 4285">
     <span class='ocr_line' id='line_1_65' title="bbox 567 4211 2067 4285; baseline 0.001 -19"><span class='ocrx_word' id='word_1_480' title='bbox 567 4213 619 4267; x_wconf 83' lang='grc'><strong>5.</strong></span> <span class='ocrx_word' id='word_1_481' title='bbox 650 4211 918 4279; x_wconf 86' lang='lat' dir='ltr'><strong>Quoniam</strong></span> <span class='ocrx_word' id='word_1_482' title='bbox 950 4216 1323 4269; x_wconf 84' lang='lat' dir='ltr'><strong>corroboravit</strong></span> <span class='ocrx_word' id='word_1_483' title='bbox 1349 4215 1647 4285; x_wconf 87' lang='lat' dir='ltr'><strong>potentiam</strong></span> <span class='ocrx_word' id='word_1_484' title='bbox 1670 4215 2067 4284; x_wconf 88' lang='lat' dir='ltr'><strong>apostolorum,</strong></span> 
     </span>
    </p>
   </div>
   <div class='ocr_carea' id='block_1_66' title="bbox 2181 4205 3705 4285">
    <p class='ocr_par' dir='ltr' id='par_1_66' title="bbox 2244 4205 3705 4283">
     <span class='ocr_line' id='line_1_66' title="bbox 2244 4205 3705 4283; baseline -0.009 -14"><span class='ocrx_word' id='word_1_485' title='bbox 2244 4217 2297 4269; x_wconf 78' lang='grc'>5.</span> <span class='ocrx_word' id='word_1_486' title='bbox 2335 4215 2461 4269; x_wconf 87' lang='grc' dir='ltr'>’Ότι</span> <span class='ocrx_word' id='word_1_487' title='bbox 2491 4214 2863 4283; x_wconf 85' lang='grc' dir='ltr'>ἐνεδυνάμωσε</span> <span class='ocrx_word' id='word_1_488' title='bbox 2894 4212 2992 4275; x_wconf 81' lang='grc' dir='ltr'><strong>τάς</strong></span> <span class='ocrx_word' id='word_1_489' title='bbox 3017 4212 3341 4273; x_wconf 75' lang='grc' dir='ltr'>δυναστείας</span> <span class='ocrx_word' id='word_1_490' title='bbox 3384 4211 3491 4264; x_wconf 85' lang='grc' dir='ltr'><strong>τῶν</strong></span> <span class='ocrx_word' id='word_1_491' title='bbox 3523 4205 3705 4262; x_wconf 53' lang='lat' dir='ltr'><strong>suam</strong></span> 
     </span>
    </p>
   </div>
   <div class='ocr_carea' id='block_1_67' title="bbox 499 4299 2023 4377">
    <p class='ocr_par' dir='ltr' id='par_1_67' title="bbox 499 4306 1592 4377">
     <span class='ocr_line' id='line_1_67' title="bbox 499 4306 1592 4377; baseline 0.003 -20"><span class='ocrx_word' id='word_1_492' title='bbox 499 4318 594 4370; x_wconf 89' lang='lat' dir='ltr'><strong>per</strong></span> <span class='ocrx_word' id='word_1_493' title='bbox 623 4321 762 4374; x_wconf 89' lang='lat' dir='ltr'><strong>quos</strong></span> <span class='ocrx_word' id='word_1_494' title='bbox 792 4319 983 4360; x_wconf 89' lang='lat' dir='ltr'><strong>omnes</strong></span> <span class='ocrx_word' id='word_1_495' title='bbox 1015 4306 1393 4377; x_wconf 82' lang='lat' dir='ltr'><strong>ingrediuntur</strong></span> <span class='ocrx_word' id='word_1_496' title='bbox 1420 4308 1485 4362; x_wconf 88' lang='lat' dir='ltr'><strong>ad</strong></span> <span class='ocrx_word' id='word_1_497' title='bbox 1523 4316 1592 4361; x_wconf 90' lang='lat' dir='ltr'><strong>te.</strong></span> 
     </span>
    </p>
   </div>
   <div class='ocr_carea' id='block_1_68' title="bbox 1839 4299 3363 4377">
    <p class='ocr_par' dir='ltr' id='par_1_68' title="bbox 2175 4299 3363 4375">
     <span class='ocr_line' id='line_1_68' title="bbox 2175 4299 3363 4375; baseline -0.002 -17"><span class='ocrx_word' id='word_1_498' title='bbox 2175 4305 2300 4369; x_wconf 83' lang='grc' dir='ltr'>λων,</span> <span class='ocrx_word' id='word_1_499' title='bbox 2327 4305 2393 4358; x_wconf 83' lang='grc' dir='ltr'>δι’</span> <span class='ocrx_word' id='word_1_500' title='bbox 2427 4299 2500 4358; x_wconf 82' lang='grc' dir='ltr'>ὧν</span> <span class='ocrx_word' id='word_1_501' title='bbox 2531 4307 2728 4368; x_wconf 87' lang='grc' dir='ltr'>πάντες</span> <span class='ocrx_word' id='word_1_502' title='bbox 2756 4305 3090 4374; x_wconf 85' lang='grc' dir='ltr'>εἰσέρχονται</span> <span class='ocrx_word' id='word_1_503' title='bbox 3118 4303 3254 4375; x_wconf 75' lang='grc' dir='ltr'>πρὸς</span> <span class='ocrx_word' id='word_1_504' title='bbox 3279 4303 3363 4356; x_wconf 83' lang='grc' dir='ltr'>σέ.</span> 
     </span>
    </p>
   </div>
   <div class='ocr_carea' id='block_1_69' title="bbox 567 4387 2091 4464">
    <p class='ocr_par' dir='ltr' id='par_1_69' title="bbox 567 4395 2068 4464">
     <span class='ocr_line' id='line_1_69' title="bbox 567 4395 2068 4464; baseline 0.001 -14"><span class='ocrx_word' id='word_1_505' title='bbox 567 4395 622 4451; x_wconf 75' lang='grc'><strong>4.</strong></span> <span class='ocrx_word' id='word_1_506' title='bbox 666 4396 1034 4452; x_wconf 84' lang='lat' dir='ltr'><strong>Sanctiﬁcavit</strong></span> <span class='ocrx_word' id='word_1_507' title='bbox 1063 4414 1159 4453; x_wconf 89' lang='lat' dir='ltr'><strong>eos</strong></span> <span class='ocrx_word' id='word_1_508' title='bbox 1184 4399 1237 4452; x_wconf 92' lang='lat' dir='ltr'><strong>in</strong></span> <span class='ocrx_word' id='word_1_509' title='bbox 1263 4409 1449 4455; x_wconf 87' lang='lat' dir='ltr'><strong>ventre</strong></span> <span class='ocrx_word' id='word_1_510' title='bbox 1476 4415 1598 4464; x_wconf 90' lang='lat' dir='ltr'><strong>suo,</strong></span> <span class='ocrx_word' id='word_1_511' title='bbox 1645 4403 1747 4455; x_wconf 89' lang='lat' dir='ltr'><strong>hoc</strong></span> <span class='ocrx_word' id='word_1_512' title='bbox 1771 4407 1858 4454; x_wconf 88' lang='lat' dir='ltr'><strong>est</strong></span> <span class='ocrx_word' id='word_1_513' title='bbox 1893 4398 1946 4452; x_wconf 91' lang='lat' dir='ltr'><strong>in</strong></span> <span class='ocrx_word' id='word_1_514' title='bbox 1984 4399 2068 4452; x_wconf 88' lang='lat' dir='ltr'><strong>la-</strong></span> 
     </span>
    </p>
   </div>
   <div class='ocr_carea' id='block_1_70' title="bbox 2195 4387 3719 4464">
    <p class='ocr_par' dir='ltr' id='par_1_70' title="bbox 2243 4387 3719 4464">
     <span class='ocr_line' id='line_1_70' title="bbox 2243 4387 3719 4464; baseline -0.007 -18"><span class='ocrx_word' id='word_1_515' title='bbox 2243 4395 2296 4446; x_wconf 71' lang='grc'><strong>4.</strong></span> <span class='ocrx_word' id='word_1_516' title='bbox 2333 4395 2586 4462; x_wconf 81' lang='grc' dir='ltr'>Ἢγίασεν</span> <span class='ocrx_word' id='word_1_517' title='bbox 2615 4395 2809 4457; x_wconf 76' lang='grc' dir='ltr'>αὐτοὺς</span> <span class='ocrx_word' id='word_1_518' title='bbox 2843 4395 2901 4445; x_wconf 87' lang='grc' dir='ltr'>ὲν</span> <span class='ocrx_word' id='word_1_519' title='bbox 2933 4396 2998 4464; x_wconf 80' lang='grc' dir='ltr'>τῇ</span> <span class='ocrx_word' id='word_1_520' title='bbox 3025 4393 3221 4464; x_wconf 79' lang='grc' dir='ltr'>γαστρί</span> <span class='ocrx_word' id='word_1_521' title='bbox 3249 4409 3368 4454; x_wconf 88' lang='grc' dir='ltr'>σου,</span> <span class='ocrx_word' id='word_1_522' title='bbox 3399 4389 3656 4443; x_wconf 83' lang='grc' dir='ltr'>τουτέστιν</span> <span class='ocrx_word' id='word_1_523' title='bbox 3677 4387 3719 4436; x_wconf 55' lang='grc' dir='ltr'>ἐκ</span> 
     </span>
    </p>
   </div>
   <div class='ocr_carea' id='block_1_71' title="bbox 499 4483 2023 4555">
    <p class='ocr_par' dir='ltr' id='par_1_71' title="bbox 499 4504 681 4542">
     <span class='ocr_line' id='line_1_71' title="bbox 499 4504 681 4542; baseline 0.011 -2"><span class='ocrx_word' id='word_1_524' title='bbox 499 4504 560 4542; x_wconf 69' lang='grc' dir='ltr'><strong>νο</strong></span> <span class='ocrx_word' id='word_1_525' title='bbox 567 4504 660 4542; x_wconf 87' lang='lat' dir='ltr'><strong>CI&#39;O</strong></span> <span class='ocrx_word' id='word_1_526' title='bbox 668 4528 681 4542; x_wconf 82' lang='lat'><strong>.</strong></span> 
     </span>
    </p>
   </div>
   <div class='ocr_carea' id='block_1_72' title="bbox 1119 4483 2643 4555">
    <p class='ocr_par' dir='ltr' id='par_1_72' title="bbox 2173 4483 2643 4555">
     <span class='ocr_line' id='line_1_72' title="bbox 2173 4483 2643 4555; baseline 0.002 -20"><span class='ocrx_word' id='word_1_527' title='bbox 2173 4486 2240 4555; x_wconf 79' lang='grc' dir='ltr'>τῇ</span> <span class='ocrx_word' id='word_1_528' title='bbox 2269 4483 2643 4555; x_wconf 73' lang='grc' dir='ltr'>κολυμϐήθρᾳ.</span> 
     </span>
    </p>
   </div>
   <div class='ocr_carea' id='block_1_73' title="bbox 576 4569 2100 4652">
    <p class='ocr_par' dir='ltr' id='par_1_73' title="bbox 576 4578 2067 4652">
     <span class='ocr_line' id='line_1_73' title="bbox 576 4578 2067 4652; baseline 0 -17"><span class='ocrx_word' id='word_1_529' title='bbox 576 4581 630 4635; x_wconf 83' lang='lat'><strong>5.</strong></span> <span class='ocrx_word' id='word_1_530' title='bbox 669 4578 847 4636; x_wconf 62' lang='lat' dir='ltr'><strong>Portat</strong></span> <span class='ocrx_word' id='word_1_531' title='bbox 885 4583 1028 4636; x_wconf 90' lang='lat' dir='ltr'><strong>enim</strong></span> <span class='ocrx_word' id='word_1_532' title='bbox 1064 4580 1223 4637; x_wconf 89' lang='lat' dir='ltr'><strong>inferi</strong></span> <span class='ocrx_word' id='word_1_533' title='bbox 1253 4597 1359 4637; x_wconf 87' lang='lat' dir='ltr'><strong>non</strong></span> <span class='ocrx_word' id='word_1_534' title='bbox 1411 4581 1778 4652; x_wconf 80' lang='lat' dir='ltr'><strong>praevalebunt</strong></span> <span class='ocrx_word' id='word_1_535' title='bbox 1805 4581 2067 4636; x_wconf 84' lang='lat' dir='ltr'><strong>adversus</strong></span> 
     </span>
    </p>
   </div>
   <div class='ocr_carea' id='block_1_74' title="bbox 2007 4569 3531 4652">
    <p class='ocr_par' dir='ltr' id='par_1_74' title="bbox 2007 4569 3531 4645">
     <span class='ocr_line' id='line_1_74' title="bbox 2007 4569 3531 4645; baseline -0.002 -17"><span class='ocrx_word' id='word_1_536' title='bbox 2007 4595 2067 4635; x_wconf 90' lang='lat' dir='ltr'><strong>us</strong></span> <span class='ocrx_word' id='word_1_537' title='bbox 2243 4574 2295 4627; x_wconf 85' lang='lat'><strong>5.</strong></span> <span class='ocrx_word' id='word_1_538' title='bbox 2324 4573 2495 4626; x_wconf 87' lang='grc' dir='ltr'>Πύλαι</span> <span class='ocrx_word' id='word_1_539' title='bbox 2531 4573 2638 4645; x_wconf 80' lang='grc' dir='ltr'><strong>γὰρ</strong></span> <span class='ocrx_word' id='word_1_540' title='bbox 2667 4573 2792 4643; x_wconf 70' lang='grc' dir='ltr'>ᾅδου</span> <span class='ocrx_word' id='word_1_541' title='bbox 2818 4573 2878 4626; x_wconf 82' lang='grc' dir='ltr'><strong>οὐ</strong></span> <span class='ocrx_word' id='word_1_542' title='bbox 2907 4570 3308 4642; x_wconf 84' lang='grc' dir='ltr'>κατασχύσουσί</span> <span class='ocrx_word' id='word_1_543' title='bbox 3339 4589 3401 4624; x_wconf 88' lang='grc' dir='ltr'><strong>σε</strong></span> <span class='ocrx_word' id='word_1_544' title='bbox 3437 4569 3531 4642; x_wconf 72' lang='grc'><strong>(4).</strong></span> 
     </span>
    </p>
   </div>
   <div class='ocr_carea' id='block_1_75' title="bbox 499 4675 639 4728">
    <p class='ocr_par' dir='ltr' id='par_1_75' title="bbox 499 4675 639 4728">
     <span class='ocr_line' id='line_1_75' title="bbox 499 4675 639 4728; baseline -0.007 0"><span class='ocrx_word' id='word_1_545' title='bbox 499 4683 552 4728; x_wconf 87' lang='lat' dir='ltr'><strong>te</strong></span> <span class='ocrx_word' id='word_1_546' title='bbox 575 4675 639 4727; x_wconf 73' lang='grc' dir='ltr'><strong>η.</strong></span> 
     </span>
    </p>
   </div>
   <div class='ocr_carea' id='block_1_76' title="bbox 567 4763 2091 4840">
    <p class='ocr_par' dir='ltr' id='par_1_76' title="bbox 567 4763 2062 4835">
     <span class='ocr_line' id='line_1_76' title="bbox 567 4763 2062 4835; baseline 0.001 -17"><span class='ocrx_word' id='word_1_547' title='bbox 567 4765 620 4818; x_wconf 88' lang='lat'><strong>6.</strong></span> <span class='ocrx_word' id='word_1_548' title='bbox 679 4763 743 4820; x_wconf 87' lang='lat' dir='ltr'><strong>Et</strong></span> <span class='ocrx_word' id='word_1_549' title='bbox 784 4765 942 4835; x_wconf 86' lang='lat' dir='ltr'><strong>adipe</strong></span> <span class='ocrx_word' id='word_1_550' title='bbox 987 4765 1392 4834; x_wconf 73' lang='lat' dir='ltr'><strong>snpercmlestis</strong></span> <span class='ocrx_word' id='word_1_551' title='bbox 1438 4765 1699 4819; x_wconf 90' lang='lat' dir='ltr'><strong>frumenti</strong></span> <span class='ocrx_word' id='word_1_552' title='bbox 1755 4765 1918 4820; x_wconf 84' lang='lat' dir='ltr'><strong>satiat</strong></span> <span class='ocrx_word' id='word_1_553' title='bbox 1979 4774 2062 4828; x_wconf 90' lang='lat' dir='ltr'><strong>te,</strong></span> 
     </span>
    </p>
   </div>
   <div class='ocr_carea' id='block_1_77' title="bbox 2191 4763 3715 4840">
    <p class='ocr_par' dir='ltr' id='par_1_77' title="bbox 2242 4765 3715 4840">
     <span class='ocr_line' id='line_1_77' title="bbox 2242 4765 3715 4840; baseline -0.006 -18"><span class='ocrx_word' id='word_1_554' title='bbox 2242 4769 2294 4822; x_wconf 89' lang='grc'><strong>6.</strong></span> <span class='ocrx_word' id='word_1_555' title='bbox 2322 4769 2432 4821; x_wconf 70' lang='grc' dir='ltr'><strong>Καὶ</strong></span> <span class='ocrx_word' id='word_1_556' title='bbox 2462 4769 2524 4821; x_wconf 84' lang='grc' dir='ltr'><strong>τὸ</strong></span> <span class='ocrx_word' id='word_1_557' title='bbox 2559 4769 2726 4840; x_wconf 82' lang='grc' dir='ltr'>στέαρ</span> <span class='ocrx_word' id='word_1_558' title='bbox 2770 4769 2863 4821; x_wconf 78' lang='grc' dir='ltr'>τοῦ</span> <span class='ocrx_word' id='word_1_559' title='bbox 2909 4770 3230 4840; x_wconf 77' lang='grc' dir='ltr'>ἐπουρανίου</span> <span class='ocrx_word' id='word_1_560' title='bbox 3264 4773 3412 4823; x_wconf 87' lang='grc' dir='ltr'>σίτου</span> <span class='ocrx_word' id='word_1_561' title='bbox 3459 4765 3715 4838; x_wconf 77' lang='grc' dir='ltr'>ἐμπιπλῶν</span> 
     </span>
    </p>
   </div>
   <div class='ocr_carea' id='block_1_78' title="bbox 497 4856 2021 4930">
    <p class='ocr_par' dir='ltr' id='par_1_78' title="bbox 497 4856 2021 4929">
     <span class='ocr_line' id='line_1_78' title="bbox 497 4856 2021 4929; baseline 0.001 -19"><span class='ocrx_word' id='word_1_562' title='bbox 497 4857 642 4927; x_wconf 88' lang='lat' dir='ltr'><strong>quod</strong></span> <span class='ocrx_word' id='word_1_563' title='bbox 691 4858 919 4912; x_wconf 91' lang='lat' dir='ltr'><strong>moritur</strong></span> <span class='ocrx_word' id='word_1_564' title='bbox 961 4857 1013 4910; x_wconf 92' lang='lat' dir='ltr'><strong>in</strong></span> <span class='ocrx_word' id='word_1_565' title='bbox 1049 4866 1212 4920; x_wconf 88' lang='lat' dir='ltr'><strong>terra,</strong></span> <span class='ocrx_word' id='word_1_566' title='bbox 1257 4866 1312 4912; x_wconf 87' lang='lat' dir='ltr'><strong>et</strong></span> <span class='ocrx_word' id='word_1_567' title='bbox 1356 4859 1662 4928; x_wconf 79' lang='lat' dir='ltr'><strong>germinare</strong></span> <span class='ocrx_word' id='word_1_568' title='bbox 1706 4856 1838 4913; x_wconf 89' lang='lat' dir='ltr'><strong>facit</strong></span> <span class='ocrx_word' id='word_1_569' title='bbox 1883 4859 2021 4929; x_wconf 71' lang='lat' dir='ltr'><strong>spica</strong></span> 
     </span>
    </p>
   </div>
   <div class='ocr_carea' id='block_1_79' title="bbox 2190 4856 3714 4930">
    <p class='ocr_par' dir='ltr' id='par_1_79' title="bbox 2190 4857 3714 4930">
     <span class='ocr_line' id='line_1_79' title="bbox 2190 4857 3714 4930; baseline -0.002 -20"><span class='ocrx_word' id='word_1_570' title='bbox 2190 4875 2252 4922; x_wconf 80' lang='lat' dir='ltr'><strong>re,</strong></span> <span class='ocrx_word' id='word_1_571' title='bbox 2281 4858 2374 4912; x_wconf 75' lang='grc' dir='ltr'>τοῦ</span> <span class='ocrx_word' id='word_1_572' title='bbox 2411 4858 2776 4921; x_wconf 86' lang='grc' dir='ltr'>ἀποθανόντος</span> <span class='ocrx_word' id='word_1_573' title='bbox 2808 4859 2866 4911; x_wconf 91' lang='grc' dir='ltr'><strong>ἑν</strong></span> <span class='ocrx_word' id='word_1_574' title='bbox 2899 4861 2964 4929; x_wconf 81' lang='grc' dir='ltr'>τῇ</span> <span class='ocrx_word' id='word_1_575' title='bbox 2993 4861 3099 4929; x_wconf 82' lang='grc' dir='ltr'><strong>γῇ,</strong></span> <span class='ocrx_word' id='word_1_576' title='bbox 3131 4859 3223 4915; x_wconf 67' lang='grc' dir='ltr'><strong>καὶ</strong></span> <span class='ocrx_word' id='word_1_577' title='bbox 3259 4859 3333 4930; x_wconf 87' lang='grc'><strong>(5)</strong></span> <span class='ocrx_word' id='word_1_578' title='bbox 3365 4857 3714 4914; x_wconf 81' lang='grc' dir='ltr'>ἀνατείλαντος</span> 
     </span>
    </p>
   </div>
   <div class='ocr_carea' id='block_1_80' title="bbox 498 4949 2022 5021">
    <p class='ocr_par' dir='ltr' id='par_1_80' title="bbox 498 4949 1222 5019">
     <span class='ocr_line' id='line_1_80' title="bbox 498 4949 1222 5019; baseline -0.003 -13"><span class='ocrx_word' id='word_1_579' title='bbox 498 4966 630 5006; x_wconf 86' lang='lat' dir='ltr'><strong>suas</strong></span> <span class='ocrx_word' id='word_1_580' title='bbox 663 4949 716 5002; x_wconf 88' lang='lat' dir='ltr'><strong>in</strong></span> <span class='ocrx_word' id='word_1_581' title='bbox 742 4958 854 5004; x_wconf 92' lang='lat' dir='ltr'><strong>toto</strong></span> <span class='ocrx_word' id='word_1_582' title='bbox 887 4950 1170 5004; x_wconf 78' lang='lat' dir='ltr'><strong>mundo&quot;.</strong></span> <span class='ocrx_word' id='word_1_583' title='bbox 1211 4953 1222 5019; x_wconf 75' lang='grc' dir='ltr'>ξ</span> 
     </span>
    </p>
   </div>
   <div class='ocr_carea' id='block_1_81' title="bbox 1785 4949 3309 5021">
    <p class='ocr_par' dir='ltr' id='par_1_81' title="bbox 2169 4949 3309 5021">
     <span class='ocr_line' id='line_1_81' title="bbox 2169 4949 3309 5021; baseline 0 -18"><span class='ocrx_word' id='word_1_584' title='bbox 2169 4951 2295 5013; x_wconf 84' lang='grc' dir='ltr'>τοὺς</span> <span class='ocrx_word' id='word_1_585' title='bbox 2325 4950 2564 5020; x_wconf 88' lang='grc' dir='ltr'>στάχυας</span> <span class='ocrx_word' id='word_1_586' title='bbox 2595 4949 2759 5004; x_wconf 81' lang='grc' dir='ltr'>αὐτοῦ</span> <span class='ocrx_word' id='word_1_587' title='bbox 2788 4951 2846 5004; x_wconf 88' lang='grc' dir='ltr'><strong>ἑν</strong></span> <span class='ocrx_word' id='word_1_588' title='bbox 2871 4950 2974 5020; x_wconf 80' lang='grc' dir='ltr'><strong>ὅλῳ</strong></span> <span class='ocrx_word' id='word_1_589' title='bbox 2997 4949 3076 5020; x_wconf 85' lang='grc' dir='ltr'>τῷ</span> <span class='ocrx_word' id='word_1_590' title='bbox 3102 4951 3309 5021; x_wconf 82' lang='grc' dir='ltr'>κόσμῳ.</span> 
     </span>
    </p>
   </div>
   <div class='ocr_carea' id='block_1_82' title="bbox 571 5147 1841 5215">
    <p class='ocr_par' dir='ltr' id='par_1_82' title="bbox 571 5147 1841 5215">
     <span class='ocr_line' id='line_1_82' title="bbox 571 5147 1841 5215; baseline 0.002 -12"><span class='ocrx_word' id='word_1_591' title='bbox 571 5151 612 5181; x_wconf 73' lang='grc' dir='ltr'><strong>ι’</strong></span> <span class='ocrx_word' id='word_1_592' title='bbox 651 5149 840 5204; x_wconf 84' lang='lat' dir='ltr'><strong>Matth.</strong></span> <span class='ocrx_word' id='word_1_593' title='bbox 881 5165 992 5215; x_wconf 79' lang='lat' dir='ltr'><strong>xvr,</strong></span> <span class='ocrx_word' id='word_1_594' title='bbox 1035 5149 1120 5204; x_wconf 88' lang='grc'><strong>18.</strong></span> <span class='ocrx_word' id='word_1_595' title='bbox 1199 5151 1242 5181; x_wconf 70' lang='grc'><strong>’³</strong></span> <span class='ocrx_word' id='word_1_596' title='bbox 1279 5147 1438 5204; x_wconf 88' lang='lat' dir='ltr'><strong>Joan.</strong></span> <span class='ocrx_word' id='word_1_597' title='bbox 1483 5165 1580 5215; x_wconf 82' lang='lat' dir='ltr'><strong>xu,</strong></span> <span class='ocrx_word' id='word_1_598' title='bbox 1618 5149 1709 5211; x_wconf 76' lang='grc'><strong>24,</strong></span> <span class='ocrx_word' id='word_1_599' title='bbox 1748 5149 1841 5205; x_wconf 83' lang='grc'>25.</span> 
     </span>
    </p>
   </div>
   <div class='ocr_carea' id='block_1_83' title="bbox 1443 5373 2775 5453">
    <p class='ocr_par' dir='ltr' id='par_1_83' title="bbox 1443 5373 2775 5453">
     <span class='ocr_line' id='line_1_83' title="bbox 1443 5373 2775 5453; baseline 0.002 -18"><span class='ocrx_word' id='word_1_600' title='bbox 1443 5375 1746 5437; x_wconf 76' lang='lat' dir='ltr'><strong>Addenda</strong></span> <span class='ocrx_word' id='word_1_601' title='bbox 1772 5381 1833 5437; x_wconf 91' lang='lat' dir='ltr'><strong>et</strong></span> <span class='ocrx_word' id='word_1_602' title='bbox 1882 5373 2253 5453; x_wconf 82' lang='lat' dir='ltr'><strong>corrigenda</strong></span> <span class='ocrx_word' id='word_1_603' title='bbox 2288 5392 2366 5436; x_wconf 81' lang='lat' dir='ltr'><strong>ex</strong></span> <span class='ocrx_word' id='word_1_604' title='bbox 2397 5375 2538 5438; x_wconf 89' lang='lat' dir='ltr'><strong>cod.</strong></span> <span class='ocrx_word' id='word_1_605' title='bbox 2571 5374 2775 5438; x_wconf 83' lang='lat' dir='ltr'><strong>Vatic.</strong></span> 
     </span>
    </p>
   </div>
   <div class='ocr_carea' id='block_1_84' title="bbox 569 5564 2806 5644">
    <p class='ocr_par' dir='ltr' id='par_1_84' title="bbox 569 5564 2806 5644">
     <span class='ocr_line' id='line_1_84' title="bbox 569 5564 2806 5644; baseline -0.002 -22"><span class='ocrx_word' id='word_1_606' title='bbox 569 5568 644 5635; x_wconf 84' lang='grc'><strong>(1)</strong></span> <span class='ocrx_word' id='word_1_607' title='bbox 675 5567 737 5620; x_wconf 83' lang='grc' dir='ltr'><strong><em>Ἠ</em></strong></span> <span class='ocrx_word' id='word_1_608' title='bbox 755 5567 841 5620; x_wconf 82' lang='grc' dir='ltr'>διὰ</span> <span class='ocrx_word' id='word_1_609' title='bbox 861 5568 1350 5644; x_wconf 37' lang='grc' dir='ltr'>τῆς-κινναϐάρεως</span> <span class='ocrx_word' id='word_1_610' title='bbox 1382 5567 1782 5644; x_wconf 50' lang='grc' dir='ltr'>περιέχεαςῑᾳ,</span> <span class='ocrx_word' id='word_1_611' title='bbox 1801 5567 1874 5644; x_wconf 54' lang='lat' dir='ltr'><strong>to;</strong></span> <span class='ocrx_word' id='word_1_612' title='bbox 1893 5581 2066 5644; x_wconf 76' lang='grc' dir='ltr'>προει-</span> <span class='ocrx_word' id='word_1_613' title='bbox 2455 5565 2806 5644; x_wconf 50' lang='grc' dir='ltr'>εἰρήνη,Λθις.</span> 
     </span>
    </p>
   </div>
   <div class='ocr_carea' id='block_1_85' title="bbox 496 5632 2020 5770">
    <p class='ocr_par' dir='ltr' id='par_1_85' title="bbox 496 5632 2020 5770">
     <span class='ocr_line' id='line_1_85' title="bbox 496 5632 2020 5758; baseline -0.003 -69"><span class='ocrx_word' id='word_1_614' title='bbox 496 5632 764 5758; x_wconf 59' lang='grc' dir='ltr'>ἕηκαμεν,</span> <span class='ocrx_word' id='word_1_615' title='bbox 778 5647 905 5699; x_wconf 85' lang='lat' dir='ltr'><strong>etc.,</strong></span> <span class='ocrx_word' id='word_1_616' title='bbox 918 5632 1145 5698; x_wconf 82' lang='grc' dir='ltr'>ἀίνεῖτε,</span> <span class='ocrx_word' id='word_1_617' title='bbox 1166 5632 1382 5707; x_wconf 82' lang='grc' dir='ltr'>ὑμνεῖτε</span> <span class='ocrx_word' id='word_1_618' title='bbox 1400 5632 1486 5689; x_wconf 77' lang='grc' dir='ltr'><strong>τὸν</strong></span> <span class='ocrx_word' id='word_1_619' title='bbox 1504 5632 1627 5688; x_wconf 79' lang='grc' dir='ltr'>ὄντα</span> <span class='ocrx_word' id='word_1_620' title='bbox 1642 5637 1789 5688; x_wconf 83' lang='grc' dir='ltr'>Θεόν.</span> <span class='ocrx_word' id='word_1_621' title='bbox 1810 5632 2020 5702; x_wconf 54' lang='grc' dir='ltr'>Ἀγγαίι</span> 
     </span>
     <span class='ocr_line' id='line_1_86' title="bbox 528 5705 2020 5770; baseline -0.001 -12"><span class='ocrx_word' id='word_1_622' title='bbox 528 5707 554 5758; x_wconf 86' lang='grc' dir='ltr'><strong>ὲ</strong></span> <span class='ocrx_word' id='word_1_623' title='bbox 573 5705 925 5770; x_wconf 85' lang='grc' dir='ltr'>ἑρμηνεύεται</span> <span class='ocrx_word' id='word_1_624' title='bbox 944 5707 1286 5770; x_wconf 79' lang='grc' dir='ltr'>ἑορτάζοντος</span> <span class='ocrx_word' id='word_1_625' title='bbox 1306 5723 1317 5734; x_wconf 90' lang='grc'><strong>·</strong></span> <span class='ocrx_word' id='word_1_626' title='bbox 1340 5706 1603 5770; x_wconf 80' lang='grc' dir='ltr'>Ζαχαρίου</span> <span class='ocrx_word' id='word_1_627' title='bbox 1625 5707 1680 5758; x_wconf 82' lang='grc' dir='ltr'><strong>δέ</strong></span> <span class='ocrx_word' id='word_1_628' title='bbox 1706 5705 2020 5770; x_wconf 82' lang='grc' dir='ltr'>ἑρμηνεύετι</span> 
     </span>
    </p>
   </div>
   <div class='ocr_carea' id='block_1_86' title="bbox 1755 5632 3279 5770">
    <p class='ocr_par' dir='ltr' id='par_1_86' title="bbox 1755 5632 3279 5770">
     <span class='ocr_line' id='line_1_87' title="bbox 1755 5632 3279 5770; baseline 0.002 -82"><span class='ocrx_word' id='word_1_629' title='bbox 1755 5654 1789 5688; x_wconf 67' lang='grc' dir='ltr'><strong>ι.</strong></span> <span class='ocrx_word' id='word_1_630' title='bbox 1810 5632 2062 5702; x_wconf 54' lang='grc' dir='ltr'>Ἀγγαίου</span> <span class='ocrx_word' id='word_1_631' title='bbox 2241 5635 2320 5770; x_wconf 45' lang='grc' dir='ltr'><strong>ἓδ)</strong></span> <span class='ocrx_word' id='word_1_632' title='bbox 2349 5632 2522 5686; x_wconf 79' lang='grc' dir='ltr'>Αὐτοῦ</span> <span class='ocrx_word' id='word_1_633' title='bbox 2549 5632 2642 5686; x_wconf 72' lang='grc' dir='ltr'>τοῦ</span> <span class='ocrx_word' id='word_1_634' title='bbox 2666 5633 2799 5687; x_wconf 87' lang='grc' dir='ltr'><strong>Θεοῦ</strong></span> <span class='ocrx_word' id='word_1_635' title='bbox 2835 5632 3146 5706; x_wconf 87' lang='grc' dir='ltr'>Ἐκκλησία,</span> <span class='ocrx_word' id='word_1_636' title='bbox 3175 5643 3279 5691; x_wconf 86' lang='lat' dir='ltr'><strong>etc.</strong></span> 
     </span>
     <span class='ocr_line' id='line_1_88' title="bbox 1755 5703 2901 5770; baseline -0.001 -14"><span class='ocrx_word' id='word_1_637' title='bbox 1755 5705 2062 5770; x_wconf 83' lang='grc' dir='ltr'>›μηνεύεται</span> <span class='ocrx_word' id='word_1_638' title='bbox 2264 5705 2318 5770; x_wconf 70' lang='grc'><strong>4)</strong></span> <span class='ocrx_word' id='word_1_639' title='bbox 2360 5703 2756 5770; x_wconf 74' lang='grc' dir='ltr'>Κατισχύσουσί</span> <span class='ocrx_word' id='word_1_640' title='bbox 2789 5721 2901 5756; x_wconf 90' lang='grc' dir='ltr'>σου.</span> 
     </span>
    </p>
   </div>
   <div class='ocr_carea' id='block_1_87' title="bbox 528 5704 2901 5788">
    <p class='ocr_par' dir='ltr' id='par_1_87' title="bbox 528 5704 2901 5788">
     <span class='ocr_line' id='line_1_89' title="bbox 528 5704 2901 5788; baseline -0.001 -30"><span class='ocrx_word' id='word_1_641' title='bbox 528 5704 925 5788; x_wconf 68' lang='grc' dir='ltr'>ἑὲρμηνεύεται</span> <span class='ocrx_word' id='word_1_642' title='bbox 944 5704 1286 5776; x_wconf 79' lang='grc' dir='ltr'>ἑορτάζοντος</span> <span class='ocrx_word' id='word_1_643' title='bbox 1306 5723 1317 5734; x_wconf 91' lang='grc'><strong>·</strong></span> <span class='ocrx_word' id='word_1_644' title='bbox 1340 5706 1603 5776; x_wconf 80' lang='grc' dir='ltr'>Ζαχαρίου</span> <span class='ocrx_word' id='word_1_645' title='bbox 1625 5707 1680 5758; x_wconf 83' lang='grc' dir='ltr'><strong>δέ</strong></span> <span class='ocrx_word' id='word_1_646' title='bbox 1706 5705 2062 5776; x_wconf 84' lang='grc' dir='ltr'>ἑρμηνεύεται</span> <span class='ocrx_word' id='word_1_647' title='bbox 2360 5704 2756 5788; x_wconf 54' lang='grc' dir='ltr'>ἰξατισςχύσουσί</span> <span class='ocrx_word' id='word_1_648' title='bbox 2789 5721 2901 5788; x_wconf 74' lang='grc' dir='ltr'>σου.</span> 
     </span>
    </p>
   </div>
   <div class='ocr_carea' id='block_1_88' title="bbox 498 5773 2022 5844">
    <p class='ocr_par' dir='ltr' id='par_1_88' title="bbox 498 5773 1844 5836">
     <span class='ocr_line' id='line_1_90' title="bbox 498 5773 1844 5836; baseline 0.001 -9"><span class='ocrx_word' id='word_1_649' title='bbox 498 5773 618 5835; x_wconf 81' lang='grc' dir='ltr'>νίκη</span> <span class='ocrx_word' id='word_1_650' title='bbox 644 5773 887 5836; x_wconf 73' lang='grc' dir='ltr'>λέοντος,</span> <span class='ocrx_word' id='word_1_651' title='bbox 915 5773 1015 5828; x_wconf 76' lang='lat' dir='ltr'><strong>etc.</strong></span> <span class='ocrx_word' id='word_1_652' title='bbox 1421 5773 1425 5774; x_wconf 20' lang='grc' dir='ltr'><em>ν</em></span> <span class='ocrx_word' id='word_1_653' title='bbox 1496 5773 1505 5776; x_wconf 67' lang='grc'><em>’</em></span> <span class='ocrx_word' id='word_1_654' title='bbox 1736 5773 1746 5776; x_wconf 21' lang='grc' dir='ltr'><em>Ὗ</em></span> <span class='ocrx_word' id='word_1_655' title='bbox 1776 5773 1784 5774; x_wconf 23' lang='grc' dir='ltr'><strong>ί</strong></span> <span class='ocrx_word' id='word_1_656' title='bbox 1838 5773 1844 5774; x_wconf 39' lang='grc'><strong><em>⁷</em></strong></span> 
     </span>
    </p>
   </div>
   <div class='ocr_carea' id='block_1_89' title="bbox 1475 5773 2999 5844">
    <p class='ocr_par' dir='ltr' id='par_1_89' title="bbox 1496 5773 2999 5844">
     <span class='ocr_line' id='line_1_91' title="bbox 1496 5773 2999 5844; baseline 0.002 -19"><span class='ocrx_word' id='word_1_657' title='bbox 1496 5773 1505 5776; x_wconf 77' lang='grc'><em>’</em></span> <span class='ocrx_word' id='word_1_658' title='bbox 1736 5773 1746 5776; x_wconf 23' lang='grc' dir='ltr'><strong>θ</strong></span> <span class='ocrx_word' id='word_1_659' title='bbox 1776 5773 1784 5774; x_wconf 27' lang='grc' dir='ltr'><strong>ί</strong></span> <span class='ocrx_word' id='word_1_660' title='bbox 1838 5773 1844 5774; x_wconf 50' lang='grc'><strong><em>⁷</em></strong></span> <span class='ocrx_word' id='word_1_661' title='bbox 2242 5773 2320 5844; x_wconf 71' lang='lat'><strong>(‘3)</strong></span> <span class='ocrx_word' id='word_1_662' title='bbox 2362 5774 2454 5837; x_wconf 81' lang='grc' dir='ltr'>Εἰς</span> <span class='ocrx_word' id='word_1_663' title='bbox 2484 5774 2580 5828; x_wconf 59' lang='lat' dir='ltr'><strong>si“;</strong></span> <span class='ocrx_word' id='word_1_664' title='bbox 2601 5775 2723 5842; x_wconf 82' lang='grc' dir='ltr'>γῆν,</span> <span class='ocrx_word' id='word_1_665' title='bbox 2758 5773 2871 5838; x_wconf 78' lang='grc' dir='ltr'>καί,</span> <span class='ocrx_word' id='word_1_666' title='bbox 2895 5783 2999 5829; x_wconf 84' lang='lat' dir='ltr'><strong>etc.</strong></span> 
     </span>
    </p>
   </div>
  </div>
