3860 6220
137 329 278 387 1329

203 443 259 500 7.
315 444 378 498 '0
412 443 776 498 ἀποστέλλων
808 443 870 496 τὸ
893 442 1072 511 λόγιον
1105 443 1268 497 αὐτοῦ
1296 447 1360 516 τῇ
1389 449 1460 516 γῇ
1478 461 1491 475 ·

197 533 254 591 8.
289 533 450 598 Ἕως
480 536 690 605 τάχους
720 534 1008 604 δραμεῖται
1038 535 1066 586 ό
1090 535 1249 603 λόγος
1275 536 1462 590 αὐτοῦ.

203 627 262 684 9.
305 627 579 685 Διδόντος
606 626 757 696 χιόνα
783 624 948 678 αὐτοῦ
973 625 1103 678 ὡσεὶ
1126 626 1270 698 ἔριον
1287 644 1301 658 ·

206 715 296 769 10.
355 714 643 786 Ὁμίχλην
667 714 798 766 ὡσεὶ
826 713 1017 766 σποδὸν
1047 714 1368 778 πάσσοντος.

207 807 300 861 11.
345 805 665 868 Βάλλοντος
692 804 1025 879 κρύσταλλον
1050 805 1213 858 αὐτοῦ
1237 805 1370 858 ὡσεὶ
1393 806 1618 876 ψωμούς
1645 824 1656 836 ·

206 899 297 953 12.
319 898 497 951 Κατὰ
520 899 817 968 πρόσωπον
839 897 1042 969 ψύχους
1062 899 1226 952 αὐτοῦ
1256 899 1340 962 τίς
1357 900 1749 971 ὑποστήσεται;

203 991 296 1044 15.
326 989 736 1054 Ἐξαποστελεῖ
759 989 850 1043 τὸν
879 990 1036 1058 λόγον
1064 989 1252 1053 αὑτοῦ,
1282 991 1374 1042 κα)⁵
1404 991 1554 1062 τήξει
1576 992 1745 1044 αὐτά⁸

209 1081 300 1135 14.
321 1080 582 1134 Πνεύσει
604 1081 663 1134 τὸ
682 1080 898 1151 πνεῦμα
929 1079 1116 1144 αὑτοῦ,
1143 1081 1237 1133 καὶ
1269 1081 1527 1151 ρυήσεται
1561 1080 1747 1135 ὕδατα.

208 1171 301 1224 15.
358 1173 424 1224 Ὀ
457 1170 831 1239 ἀπαγγέλλων
858 1171 919 1224 τὸ
945 1171 1124 1239 λόγιον
1149 1171 1314 1224 αὑτοῦ
1347 1171 1424 1242 τῷ
1465 1173 1678 1236 Ἰακὼϐ,

210 1261 302 1314 16.
349 1260 731 1332 Δικαιώματα
756 1263 849 1314 καὶ
875 1261 1119 1333 κρίματα
1148 1262 1312 1316 αὑτοῦ
1345 1263 1421 1332 τῷ
1459 1263 1691 1335 Ἰσραήλ.

214 1353 307 1407 17.
352 1355 482 1405 Οὐκ
509 1353 767 1422 ἐποίησεν
799 1352 942 1405 οὕτω
974 1353 1136 1406 παντὶ
1169 1353 1329 1406 ἔθνει.

209 1443 303 1497 18.
354 1444 477 1496 Καὶ
507 1442 581 1495 τα
610 1442 854 1514 κρίματα
892 1444 1056 1497 αὑτοῦ
1093 1444 1193 1497 οὐκ
1232 1445 1498 1516 ἐδήλωσεν
1543 1449 1746 1511 αὐτοῖς.

1035 324 1120 379 DE
1156 324 1436 380 TITULIS
1475 324 1928 383 PSALMORUM.
1971 358 2040 367 —
2077 326 2270 382 PSAL.
2314 325 2571 382 CXLVII.

3291 329 3426 385 I350

1773 453 1819 509 Α
1919 447 1968 501 7.
2011 447 2113 514 Qui
2144 447 2646 516 emittiteloquium
2677 461 2837 501 suum
2876 455 3070 501 terrm:

1921 539 1972 590 8.
2018 536 2288 591 Velociler
2316 537 2487 591 currit
2521 552 2704 591 sermo
2731 537 2873 605 ejus.

1919 626 1972 680 9.
2012 625 2117 691 Qui
2147 626 2239 680 dat
2268 628 2445 679 nivem
2476 627 2618 680 sicut
2644 627 2823 681 lanam
2855 643 2868 679 :

1923 717 2006 770 10.
2048 716 2310 772 Nebulam
2347 718 2489 772 sicut
2517 719 2754 773 cinerem
2793 719 3019 788 spargit.

1923 810 2010 863 11.
2049 807 2212 863 Mittit
2240 809 2558 879 crystallum
2582 824 2741 863 suum
2779 810 2922 864 sicut
2951 808 3228 864 buccellas
3255 824 3267 857 :

1925 900 2013 953 12.
2052 899 2194 955 Ante
2223 899 2416 955 faciem
2454 899 2676 970 frigoris
2703 902 2822 971 ejus
2849 901 2970 969 quis
3000 899 3327 956 sustinebit?

1927 991 2014 1046 15.
2053 989 2274 1045 Emittet
2303 991 2580 1061 eloquium
2614 1007 2794 1058 suum,
2820 1002 2876 1045 et
2908 990 3220 1060 liquefaciet
3251 1004 3314 1044 ea
3346 1005 3358 1042 :

1926 1081 2012 1135 u.
2051 1080 2228 1136 Flabit
2255 1085 2480 1152 spiritus
2505 1084 2644 1153 ejus,
2664 1082 2736 1138 'et
2758 1086 2924 1138 liuent
2945 1099 3120 1152 aquze.

1925 1173 2010 1227 l5.
2053 1171 2156 1238 Qui
2183 1175 2475 1228 annuntiat
2505 1176 2730 1228 verbum
2762 1191 2924 1229 suum
2951 1173 3119 1229 Jaeob
3145 1189 3158 1224 :

1925 1263 2014 1319 l6.
2054 1263 2308 1320 Justitias
2336 1275 2392 1320 et
2417 1265 2624 1333 judicia
2658 1281 2756 1320 sua
2782 1265 2970 1319 lsrael.
3161 1261 3166 1266 ’

1929 1354 2016 1409 17.
2058 1353 2178 1410 Non
2203 1355 2333 1410 fecit
2363 1357 2541 1410 taliter
2570 1356 2718 1409 omni
2746 1356 2971 1409 nationi.

1929 1447 2016 1503 18.
2059 1449 2125 1504 Ει
2147 1451 2358 1520 judicia
2384 1466 2484 1506 sua
2514 1466 2621 1504 non
2658 1449 3029 1504 manifestavit
3056 1447 3157 1503 eis.

1304 1577 1675 1634 ATHANASII
1716 1578 2301 1640 INTERPRETATIO.

225 1718 293 1782 7,
329 1719 389 1772 8.
422 1718 508 1788 (1)
563 1718 620 1771 Ὀ
661 1717 1004 1772 ἀποστέλλων
1046 1719 1108 1771 τὸ
1145 1719 1408 1790 κήρυγμα
1460 1721 1625 1773 αὐτοῦ
1665 1722 1754 1775 διὰ
1787 1733 1827 1786 Β

155 1810 258 1863 τῶν
284 1809 606 1881 προφητῶν
620 1809 721 1880 τῆς
738 1810 1060 1880 συναγωγῆς
1087 1812 1153 1881 τῇ
1179 1812 1346 1883 γηίνῃ
1373 1811 1461 1883 [τῇ
1487 1811 1605 1884 γῇ),
1629 1813 1754 1879 ἓως,

158 1901 245 1954 τοῦ
280 1902 510 1972 κόσμου
539 1900 634 1954 τοῦ
671 1904 728 1954 ἐν
761 1902 914 1972 τάχει
951 1902 1264 1973 παριόντος,
1295 1905 1700 1976 κηρυχθήσεται
1731 1908 1760 1959 ὁ

154 1992 310 2060 λόγος
339 1992 546 2044 αὐτοῦ.

223 2089 279 2142 9.
326 2089 406 2140 Τὸ
462 2087 709 2157 καθαρὸν
741 2088 817 2157 (2)
871 2086 964 2139 τοῦ
1012 2086 1170 2156 λόγου
1219 2086 1368 2156 λέγει
1415 2089 1509 2141 καὶ
1557 2087 1760 2142 ἁπαλὸν

161 2182 266 2241 τοῖς
299 2177 667 2248 βουλομένοις
689 2217 704 2241 ,
748 2180 841 2231 καὶ
868 2179 1058 2248 ὅτιπερ
1096 2183 1206 2242 τοῖς
1234 2179 1510 2249 ἐπιμελῶς
1536 2181 1763 2251 ἐργαζο-

159 2269 347 2339 μένοις
385 2269 558 2338 λόγον
585 2269 832 2336 γίνεται,
857 2270 933 2334 ὡς
962 2271 1070 2323 ἀπὸ
1102 2271 1283 2342 ἐρέας,
1315 2271 1656 2343 περιϐόλαιον
1695 2276 1760 2344 τῇ

162 2361 326 2431 φυχῆ-

227 2453 318 2506 10.
353 2452 432 2504 ”“>›
459 2452 794 2506 λεπτότατον
819 2452 912 2506 καὶ
935 2452 1224 2523 δυσνόητον
1249 2456 1306 2507 ἐν
1334 2457 1446 2518 τοῖς
1473 2455 1654 2524 λόγοις
1675 2458 1766 2510 αὺ-

172 2545 256 2598 τοῦ
292 2546 629 2615 ἐγκείμενον
655 2544 841 2616 δηλοῖ·
883 2546 1074 2616 ὅτιπερ
1115 2546 1184 2599 τὰ
1223 2547 1452 2618 πλησίον
1497 2548 1626 2601 ὄντα
1671 2547 1764 2600 τοῦ

169 2634 649 2705 ἀναγινώσκοντος
672 2635 830 2704 λόγια
869 2638 930 2689 οὐ
973 2640 1338 2709 συγχωρεῖται
1371 2641 1404 2710 ἡ
1432 2639 1641 2692 διάνοια
1669 2639 1767 2692 αύ-

179 2729 260 2782 τοῦ
293 2729 551 2799 καθορᾷν
568 2728 654 2781 διὰ
678 2729 774 2799 τὴν
802 2723 966 2782 οὖσαν
989 2732 1046 2782 ἐν
1088 2732 1298 2793 ἑαυτοῖς
1323 2730 1421 2802 (2‘)
1443 2731 1765 2800 λεπτότητα,

173 2818 364 2890 ὥσπερ
389 2819 630 2891 ὁμίχλης
655 2820 1009 2891 ἐπικειμένης
1043 2823 1100 2874 ἐν
1132 2823 1316 2887 αὐτοῖς
1336 2840 1348 2852 ·
1382 2823 1540 2894 χρεία
1563 2819 1654 2878 οῦν
1680 2823 1767 2876 ἵνα

176 2911 439 2984 ἀνατείλῃ
470 2913 531 2964 ἐν
560 2913 624 2982 τῇ
653 2911 861 2982 διανοίᾳ
900 2911 1049 2982 ἥλιος
1076 2912 1444 2984 δικαιοσύνης,
1479 2916 1572 2968 καὶ
1628 2933 1769 2987 παρ-

177 3003 364 3076 αγάγῃ
402 3005 484 3072 (3)
521 3005 620 3075 τὴν
647 3005 1002 3075 ἐπικειμένην
1027 3007 1277 3077 ὁμίχλην,
1316 3007 1382 3058 ἵν’
1405 3006 1545 3060 οὕτω
1571 3008 1767 3080 δυνηθῇ

1930 1727 1979 1791 7,
2013 1728 2068 1781 8.
2111 1727 2216 1794 Qui
2250 1729 2916 1799 emittitpraedicationem
2955 1744 3108 1783 suam
3146 1707 3322 1791 terrae,
3340 1743 3434 1796 per

1861 1819 2154 1888 prophetas
2188 1836 2494 1891 synagogze,
2527 1822 2700 1876 donec
2733 1862 2746 1884 ,
2791 1821 2996 1874 mundo
3043 1821 3287 1900 celeriter
3322 1835 3435 1888 per-

1862 1918 2198 1979 transeunte,
2232 1913 2621 1982 praedicabitur
2647 1928 2830 1967 sermo
2855 1912 2995 1982 ejus.
3182 1903 3186 1907 ’

1932 2085 1986 2138 9.
2024 2084 2322 2141 Puritatem
2353 2086 2623 2142 sermonis
2647 2087 2766 2155 ejus
2793 2086 3080 2156 signiﬁcat,
3127 2094 3181 2140 et
3208 2083 3437 2140 facilita-

1863 2183 1970 2229 tem
2001 2176 2328 2239 volentibus,
2354 2186 2408 2232 et
2441 2177 2586 2248 quod
2619 2177 2904 2248 diligenter
2934 2175 3286 2245 operantibus
3321 2191 3438 2230 serv

1865 2283 2079 2322 nionem
2124 2269 2185 2323 lit
2215 2271 2410 2325 animae
2463 2285 2690 2334 eorum,
2733 2269 2899 2324 veluti
2945 2268 3341 2338 operimentum
3370 2282 3437 2322 ex

1865 2361 2010 2414 lana.

1937 2451 2024 2506 10.
2065 2451 2472 2518 Subtilitatem,
2523 2463 2578 2508 et
2642 2451 2974 2524 intelligendi
3036 2451 3433 2512 difﬁcultatem.

1867 2561 1988 2614 quae
2027 2547 2080 2599 in
2126 2547 2476 2601 sermonibus
2525 2546 2645 2615 ejus
2682 2554 2796 2610 est,
2836 2543 3147 2614 signiﬁcat:
3178 2543 3435 2614 quoniam

1866 2651 1992 2690 cum
2025 2651 2188 2706 prope
2231 2637 2492 2707 legentem
2543 2637 2654 2690 sint
2683 2636 2899 2704 eloquia
2925 2675 2940 2698 ,
2990 2649 3098 2688 non
3127 2633 3441 2690 conceditur

1871 2727 2036 2782 menti
2071 2727 2244 2796 ipsius
2270 2743 2333 2781 ea
2361 2727 2719 2794 introspicere
2760 2735 2978 2796 propter
3002 2742 3194 2782 eorum
3223 2725 3438 2781 subtili-

1870 2827 2054 2882 tatem,
2097 2817 2320 2888 peiinde
2349 2834 2413 2871 ac
2443 2819 2488 2872 si
2520 2817 2714 2871 nebula
2739 2832 2803 2871 ea
2847 2817 3156 2885 obtegeret;
3187 2830 3326 2885 opus
3356 2825 3442 2869 est

1870 2909 2053 2978 igitur,
2088 2919 2147 2962 ut
2178 2909 2230 2961 in
2260 2917 2438 2962 mente
2470 2908 2753 2962 exoriatur
2786 2908 2867 2961 sol
2889 2907 3135 2977 justitiat,
3181 2915 3236 2960 et
3260 2904 3444 2976 abigat

1875 3000 2222 3055 incubantem
2259 3000 2533 3063 nebulam,
2565 3008 2624 3053 ut
2654 2999 2725 3052 ita
2757 2999 2925 3067 possit
2957 2999 3126 3053 lector
3152 3012 3290 3068 puro
3316 3010 3443 3052 cor-

181 3096 412 3169 καθαρῷ
445 3096 528 3168 τῷ
554 3096 759 3168 ὄμματι
781 3099 880 3168 τῆς
903 3097 1130 3170 καρδίας
1160 3097 1284 3151 ἰδεῖν
1312 3101 1340 3151 ὁ
1373 3099 1762 3168 ἀναγινώσκων

1910 3094 1950 3147 is
1983 3092 2143 3147 oculo
2169 3092 2350 3147 videre
2375 3106 2596 3147 sensum
2629 3093 2903 3146 latentem.

182 3187 268 3239 τὸν
301 3189 633 3258 ἐγκείμενον
657 3189 799 3242 νοῦν.

248 3279 337 3332 11.
387 3281 466 3334 Τὸ
500 3279 735 3352 σκληρὸν
777 3280 872 3333 τοῦ
916 3280 1076 3348 λόγου
1116 3280 1282 3335 αὐτοῦ
1329 3283 1422 3334 καὶ
1467 3282 1771 3353 τηλαυγὲς,

185 3367 378 3444 ὥσπερ
418 3374 483 3427 τὸ
526 3373 862 3444 κρύσταλλον
889 3391 902 3403 ·
939 3372 1280 3444 σημαίνειδέ
1317 3375 1393 3443 (4)
1421 3375 1517 3427 καὶ
1557 3374 1618 3427 τὸ
1643 3373 1776 3438 ζωο-

188 3463 376 3516 ποιοῦν
405 3464 598 3525 αύτοῦ,
627 3465 813 3536 ὥσπερ
841 3468 868 3518 ό
899 3465 1112 3536 ψωμός.

257 3557 344 3612 19..
384 3560 461 3612 Τὸ
491 3558 762 3629 φρικῶδες
803 3559 897 3612 καὶ
925 3557 1154 3627 φοϐερὸν
1207 3555 1300 3609 τοῦ
1351 3556 1517 3625 νόμου
1558 3555 1632 3627 (5)
1658 3555 1778 3626 ἐδή-

191 3657 383 3713 λωσεν,
416 3651 495 3712 ὡς
525 3649 750 3719 νομίζω.

262 3741 350 3796 13.
373 3741 761 3806 Ἐξαποστελεῖ
789 3741 879 3794 τὸν
916 3741 1043 3792 Υἱὸν
1074 3737 1240 3792 αὐτοῦ
1272 3738 1360 3792 τὸν
1393 3739 1654 3810 μονογενῆ
1687 3738 1778 3790 τὸν

196 3832 350 3900 ἣλιον
382 3835 484 3904 τῆς
511 3831 874 3894 δικαιοσύνης,
895 3831 989 3884 καὶ
1010 3828 1250 3883 διαλύσει
1277 3828 1437 3891 αὐτὰ,
1462 3826 1778 3900 ἑρμηνεύων

196 3925 325 3992 ἡμῖν
358 3926 428 3979 τὰ
457 3925 668 3996 σκληρὰ
693 3921 786 3977 καὶ
810 3923 1075 3991 δυσνόητα
1109 3921 1202 3973 τοῦ
1229 3921 1394 3991 νόμου
1421 3919 1520 3991 (6).

271 4018 361 4075 14.
427 4020 799 4088 Ἐπιφοιτήσει
845 4017 900 4070 τὸ
934 4015 1160 4086 Πνεῦμα
1209 4014 1270 4066 τὸ
1317 4014 1471 4082 ἆγιον
1521 4008 1687 4065 αὑτοῦ
1722 4011 1780 4064 ἐν

199 4111 306 4172 τοῖς
330 4109 664 4181 ἀνθρώποις,
693 4111 786 4161 καὶ
821 4111 1106 4178 ῥεύσουσιν
1137 4109 1202 4160 ἐκ
1236 4106 1335 4176 τῆς
1367 4103 1575 4166 κοιλίας
1601 4100 1781 4155 αὐτῶν

201 4203 444 4272 ποταμοὶ
461 4201 666 4263 ’ὓδατος
691 4200 916 4264 ζῶντος.

270 4292 359 4346 15.
405 4293 465 4345 '0
497 4291 742 4362 φανερῶν
789 4290 878 4343 τὸν
913 4290 1038 4342 Υἱδν
1072 4287 1235 4342 αὐτοῦ
1268 4284 1346 4356 τῷ
1378 4283 1489 4354 λαῷ
1510 4282 1585 4354 τῷ
1619 4279 1783 4350 ἐσχά-

203 4396 296 4452 τῳ.
315 4383 520 4438 Ἰακὼϐ
543 4383 650 4454 γὰρ
679 4381 1035 4453 ἑρμηνεύεται
1063 4378 1293 4448 κρατῶν
1319 4382 1571 4446 ἔσχατα.

275 4476 361 4530 16.
389 4477 498 4529 Καὶ
524 4476 591 4529 τὰ
610 4475 1008 4546 προστάγματα
1030 4471 1196 4526 αὑτοῦ
1229 4469 1480 4540 φανερῶν
1507 4469 1620 4530 τοῖς
1644 4465 1782 4537 ὁρῶ-

208 4581 288 4618 σιν
317 4569 480 4620 αὑτὸν
509 4571 575 4638 τῇ
610 4565 838 4636 διανοίᾳ.

274 4657 360 4711 17.
393 4660 538 4723 Ἕως
567 4659 672 4729 γὰρ
704 4658 805 4728 τῆς
846 4655 1144 4725 παρουσίας
1174 4651 1338 4704 αὑτοῦ
1368 4651 1468 4704 οὐκ
1529 4650 1784 4720 ἐποίησεν

208 4744 349 4801 οὕτω
382 4751 544 4803 παντὶ
596 4749 760 4813 ἔθνει,
801 4747 862 4799 τὸ
904 4746 979 4815 (7)
1009 4745 1099 4797 τὸν
1149 4743 1305 4811 λόγον
1341 4741 1504 4796 αὐτοῦ
1556 4739 1786 4794 ἀκοῦσαι

210 4833 274 4886 ἐκ
307 4839 571 4908 στόματός
601 4855 722 4908 μου.

287 4927 371 4983 18.
402 4931 512 4984 Καὶ
552 4929 695 4983 οὕτω
735 4929 806 4982 τὰ
830 4929 1073 4998 κρίματα
1096 4922 1259 4978 αὑτοῦ
1287 4923 1387 4976 ούκ
1411 4919 1787 4992 ἐδήλωσεν,ὡς

214 5021 322 5084 τοῖς
351 5023 440 5074 ἐπ’
464 5021 708 5093 ἐσχάτων
732 5020 840 5074 τῶν
864 5019 1086 5092 ἡμερῶν
1109 5015 1464 5070 πιστεύσασιν
1486 5016 1565 5076 εἰς
1595 5012 1780 5064 αὐτόν.

288 5158 332 5190 ¹⁸
367 5159 525 5218 Joan.
569 5177 666 5227 vn,
707 5159 796 5226 '58,
838 5161 930 5216 39.

1951 3275 2035 3328 ll.
2069 3273 2297 3338 Durum,
2343 3287 2406 3326 ac
2453 3269 2750 3325 dilucidum
2792 3283 2913 3324 esse
2957 3281 3267 3321 sermonem
3304 3264 3446 3335 ejus,

1877 3367 2022 3422 sicut
2064 3365 2377 3436 crystallum
2408 3379 2422 3414 :
2453 3361 2724 3434 signiﬁcat
2758 3369 2938 3415 autem
2985 3360 3149 3430 etiam
3174 3356 3447 3412 vivificum

1877 3475 2021 3523 esse,
2056 3459 2221 3512 veluti
2257 3457 2578 3512 buccellam.

1951 3552 2038 3606 ιε.
2076 3549 2373 3606 Ostendere
2422 3548 2614 3614 voluit,
2644 3553 2701 3600 ut
2729 3554 2881 3616 puto,
2929 3543 3224 3598 timendum
3251 3557 3315 3596 ac
3349 3549 3452 3595 tre-

1881 3642 2136 3696 mendum
2169 3655 2290 3696 esse
2314 3652 2625 3694 sermonem
2653 3635 2794 3705 ejus.

1951 3733 2039 3786 l3.
2082 3730 2304 3785 Emittet
2331 3729 2528 3783 Filium
2585 3742 2745 3782 suum
2775 3724 3110 3793 unigenitum
3157 3721 3323 3776 solem
3366 3719 3453 3790 ju-

1882 3824 2061 3889 stitize,
2085 3831 2135 3877 et
2170 3822 2430 3894 dissolvet
2452 3835 2515 3874 ea
2548 3820 2676 3888 (hoc
2705 3825 2788 3872 est
2830 3815 3042 3884 eloquia
3091 3814 3455 3881 interpretans

1883 3917 2040 3971 nobis
2062 3916 2298 3970 obscura
2323 3923 2376 3968 et
2404 3910 2638 3966 difﬁcilia
2665 3907 2840 3978 legis).

1955 4009 2042 4062 14.
2082 4006 2346 4062 Adveniet
2389 4003 2624 4074 Spiritus
2667 4008 2889 4054 sanctus
2931 3995 3051 4065 ejus
3079 3994 3131 4048 in
3169 3992 3453 4054 homines,

1884 4107 1939 4152 et
1975 4097 2143 4153 ﬂuent
2172 4112 2237 4150 ex
2282 4095 2524 4164 ipsorum
2557 4101 2743 4146 ventre
2788 4087 3012 4142 ﬁumina
3048 4097 3201 4153 aquae
3231 4082 3367 4136 vivae
3389 4080 3452 4133 ”.

1960 4273 2048 4327 15.
2089 4270 2194 4338 Qui
2235 4269 2552 4324 manifestat
2597 4267 2798 4322 Filium
2850 4281 3010 4321 suum
3046 4263 3245 4335 populo
3277 4261 3456 4317 ιιονὶεο

1889 4367 2050 4422 simo.
2103 4363 2267 4417 Iacob
2298 4364 2442 4418 enim
2477 4364 2859 4433 interpretatur
2889 4371 3065 4415 tenens
3097 4371 3352 4413 extrema.

1961 4456 2046 4510 16.
2089 4454 2155 4510 Ει
2187 4464 2454 4524 praecepta
2487 4469 2586 4508 sua
2625 4453 2941 4508 manifestat
2983 4451 3051 4505 iis
3077 4490 3092 4514 ,
3138 4447 3232 4518 qui
3281 4451 3461 4500 mente

1889 4566 2014 4606 eum
2045 4549 2242 4603 vident.

1964 4641 2050 4694 17.
2098 4639 2280 4708 Usque
2305 4639 2448 4693 enim
2484 4636 2551 4690 ad
2593 4636 2882 4691 adventum
2910 4633 3030 4704 ejus
3060 4631 3193 4687 nulli
3220 4627 3364 4701 genti
3390 4627 3461 4680 ita

1892 4734 2040 4801 fecit,
2073 4742 2132 4787 et
2161 4732 2385 4786 verbum
2417 4745 2576 4784 suum
2607 4743 2673 4783 ex
2707 4743 2803 4782 ore
2830 4727 2950 4798 ejus
2977 4725 3250 4780 audirent.

1968 4913 2054 4967 18.
2094 4909 2282 4980 Neque
2311 4909 2384 4962 ita
2413 4906 2618 4978 judicia
2648 4920 2747 4960 sua
2781 4902 3173 4968 manifestavit,
3204 4900 3347 4954 utin
3380 4898 3461 4950 ul-

1892 5005 2044 5059 timis
2073 5003 2266 5058 diebus
2296 4999 2646 5056 credentibus
2671 4998 2726 5052 in
2748 5012 2897 5053 eum.

1162 5269 1465 5331 Addenda
1509 5273 1569 5327 et
1603 5260 1978 5344 corrigenda
2011 5274 2088 5320 ex
2137 5257 2276 5319 cod.
2311 5253 2515 5315 Vatic.

291 5447 365 5518 (1)
399 5448 464 5502 Ν.
489 5449 543 5502 7.
581 5449 641 5518 ’0
674 5442 1034 5518 ἀποστέλλων,
1065 5447 1192 5518 etc,
1218 5436 1618 5518 ‘ﬁpOfQ'q-‘ttbv'ﬁﬁ
1655 5451 1780 5518 συν-

221 5505 404 5590 αγωγῇ
428 5521 494 5590 τῇ
509 5517 699 5590 ίγηίνῃ.
725 5513 791 5569 Ν.
819 5514 1024 5590 8_."Ew;
1051 5509 1146 5562 τοῦ
1169 5505 1373 5590 κόσμου
1390 5505 1456 5590 ἐν
1477 5505 1652 5590 ταχει,
1673 5514 1778 5560 etc.

293 5574 819 5657 (2)”Τδ’ἀκᾶθᾶρτον,
843 5585 945 5652 leg.
970 5590 1150 5635 tamen
1178 5574 1286 5632 vid.
1315 5575 1571 5657 καθαρόν.

295 5654 388 5729 (2‘)
418 5658 502 5724 L.,
533 5654 734 5717 αὐτοῖς.
770 5654 924 5707 Eon.

296 5716 384 5794 (δῖ
407 5716 772 5796 Παραγαγεῗν,
800 5734 926 5787 elc.,
961 5718 1180 5781 καοδίας
1208 5716 1430 5782 ἐπιδεῖν,
1455 5723 1560 5769 etc.

1959 5432 2038 5496 ιιι)
2077 5427 2144 5478 Δέ
2175 5427 2343 5496 deest.

2078 5496 2186 5548 Τοῦ
2216 5495 2381 5568 νόμου
2433 5489 2718 5568 ἐδήλωσεν,
2751 5486 2826 5550 ὼς
2868 5485 3170 5554 λογίζομαι.
3198 5512 3265 5523 ·--
3287 5479 3458 5549 Λόγου

1892 5570 1946 5623 in
1972 5561 2147 5633 niarg.
2177 5561 2297 5619 cod.
2329 5561 2607 5616 Barberin.

1965 5637 2041 5705 «ἢ
2081 5635 2249 5705 Βὼυε
2569 5699 2579 5705 .
2831 5695 2842 5705 .
2924 5693 2944 5702 -

1967 5695 2043 5776 (7)
2078 5704 2168 5775 Τῷ
2194 5704 2304 5770 τόν,
2334 5711 2461 5769 etc.,
2492 5699 2752 5771 στόματος
2787 5695 2969 5749 αὑτοῦ.
