3860 6220
355 316 481 369 1331

1232 314 1291 371 S.
1332 314 1707 371 ATHANASII
1743 316 1894 372 ΟΡΡ.
1936 317 2119 373 PARS
2149 317 2237 372 lll.
2280 345 2354 359 -—
2385 317 2801 376 EXEGE’I‘ICA.

3515 319 3651 376 i532

409 431 661 487 Alleluia.
702 433 884 504 Aggtei
911 441 960 487 et
991 432 1286 488 Zachariw.
1336 433 1535 489 PSAL.
1576 434 1717 490 CXL
1734 434 1901 490 VIII.
1968 454 1985 502 Α

2074 438 2430 505 Αλληλούῖα.
2475 439 2743 508 Ἀγγαίου
2771 436 2868 490 καί
2901 437 3224 506 Ζαχαρίου.
3254 440 3425 492 ΨΑΑ.
3453 440 3646 495 PMH’.

438 523 483 573 t.
526 520 768 575 Laudate
799 520 1091 574 Dominum
1124 519 1192 574 de
1224 520 1380 576 caelis
1411 540 1427 575 :

427 614 483 667 2.
525 610 767 665 Laudate
797 626 921 665 eum
954 610 1011 664 in
1040 610 1295 666 excelsis.

471 743 484 756 .
528 702 769 756 Laudate
799 716 945 765 eum,
987 716 1180 756 omnes
1210 704 1387 774 angeli
1420 706 1562 776 ejus.

472 834 484 847 .
527 793 770 848 Laudate
798 809 947 857 eum,
975 808 1166 849 omnes
1198 795 1429 852 virtutes
1460 799 1602 868 ejus.

472 925 486 939 .
527 885 767 941 Laudate
790 900 938 948 eum,
970 886 1049 940 sol
1077 897 1131 940 et
1154 885 1281 940 luna
1315 904 1328 938 :

472 1020 484 1033 .
528 979 770 1034 Laudate
797 995 945 1047 eum,
980 996 1174 1037 omnes
1206 983 1376 1039 stella:
1406 995 1460 1040 et
1486 985 1687 1040 lumen.

430 1071 485 1127 7.
528 1070 771 1126 Laudate
802 1087 950 1138 eum,
984 1073 1107 1128 coeli
1147 1072 1437 1141 caelorum,

430 703 464 756 5

430 795 464 849 6

431 886 465 939 5

430 982 466 1033 6

2127 528 2176 579 1.
2216 528 2428 581 Αἰνεῖτε
2459 529 2552 581 τὸν
2584 528 2787 599 Κύριον
2816 530 2881 581 ἑκ
2911 528 3021 582 τῶν
3046 528 3293 601 οὐρανῶν
3313 545 3329 559 ⁸

2116 619 2170 671 Ξ.
2212 620 2423 672 Αἰνεῖτε
2457 620 2618 673 αὐτὸν
2649 623 2707 673 ἑν
2734 624 2848 686 τοῖς
2879 621 3143 691 ὑψίστοις.

2164 753 2175 764 .
2220 714 2432 765 Αἰνεῖτε
2463 712 2647 777 αὐτὸν,
2683 713 2884 778 πάντες
2913 715 2961 766 οἰ
2990 713 3211 782 ἄγγελοι
3238 716 3432 774 αὐτοῦ.

2162 844 2174 855 .
2212 805 2424 857 Αἰνεῖτε
2458 805 2641 868 αὐτὸν,
2678 808 2850 858 πᾶσαι
2882 809 2937 858 αἱ
2967 806 3228 876 δυνάμεις
3255 806 3423 861 αὐτοῦ
3450 824 3464 837 ·

2160 936 2174 948 .
2213 897 2426 949 Αἰνεῖτε
2456 896 2641 961 αὐτὸν,
2666 896 2818 967 ἥλιος
2847 897 2941 950 καὶ
2971 897 3165 970 σελήνη
3186 915 3201 928 ⁸

2160 1027 2173 1039 .
2214 988 2425 1041 Αἰνεῖτε
2456 988 2637 1056 αὐτὸν,
2665 989 2843 1042 πάντα
2872 990 2941 1042 τά
2969 989 3146 1061 ἄστρα
3176 992 3270 1044 καὶ
3296 991 3357 1045 τὸ
3388 991 3530 1062 φῶς.

2160 1121 2171 1132 .
2214 1081 2425 1133 Αἰνεῖτε
2456 1081 2641 1145 αὐτὸν,
2673 1083 2722 1133 οἰ
2757 1082 2979 1153 οὐρανοὶ
3008 1082 3117 1136 τῶν
3144 1082 3411 1154 οὐρανῶν,

2123 712 2155 764 5

2120 804 2153 855 4

2120 895 2153 948 5

2118 986 2151 1039 6

2119 1081 2148 1133 7

1487 1254 1870 1312 ATHANASII
1914 1256 2510 1313 INTERPRETATIO.

443 1410 505 1463 'H
534 1412 868 1483 προκειμένη
902 1414 1181 1484 ἐπιγραφὴ
1210 1414 1453 1485 περιέχει
1479 1416 1553 1485 (1)
1578 1432 1590 1444 ·
1628 1414 2011 1483 Ἀλληλούῖα,
2048 1414 2325 1484 Ἀγγαίου
2356 1415 2455 1468 καί
2486 1415 2787 1484 Ζαχαρίου
2812 1432 2828 1448 ⁶
2862 1416 3062 1489 εἴρηκα
3088 1416 3145 1470 δὲ
3171 1416 3456 1483 πολλάκις,
3480 1419 3566 1472 ὄτι
3592 1420 3654 1473 τὸ

358 1505 698 1570 ἁλληλούῖα
729 1508 1088 1578 ἑρμηνεύεται
1116 1508 1333 1562 αὶνεῖτε
1354 1510 1459 1563 τὸν
1491 1513 1639 1564 Θεῶν
1658 1529 1669 1539 ·
1693 1512 1965 1581 Ἀγγαίου
1992 1511 2049 1563 δὲ
2071 1509 2431 1583 ἑρμηνεύεται
2454 1507 2832 1579 ἑορτάζοντΟς
2852 1526 2866 1539 °
2882 1510 3179 1579 Ζαχαρίου
3199 1509 3256 1562 δὲ
3283 1510 3652 1581 ἑρμηνεύεται

359 1603 750 1670 μνησκομένη
786 1602 1359 1674 [μνημονευομένου]
1378 1608 1620 1674 Κυρίου,
1652 1608 1745 1659 καὶ
1768 1607 1929 1660 πάλιν
1951 1608 2089 1673 νίκη
2125 1607 2229 1660 τοῦ
2265 1606 2539 1671 λέοντος.
2584 1604 2790 1658 Οὐκοῦν
2822 1600 2971 1667 αἶνος
2999 1603 3119 1674 Θεῷ
3148 1603 3256 1657 τῶν
3281 1604 3655 1674 ἑορταζόντων

362 1692 460 1762 τὴν
484 1694 706 1764 μνήμην
731 1696 823 1747 καὶ
850 1695 944 1765 τὴν
969 1696 1125 1767 νίκην
1155 1698 1248 1751 τοῦ
1278 1699 1511 1765 λεοντος,
1528 1703 1776 1755 τουτέστι
1801 1702 1895 1754 τοῦ
1920 1702 2127 1773 Κυρίου
2160 1703 2190 1770 ἡ
2200 1701 2317 1771 μῶν
2333 1701 2508 1772 Ἰησοῦ
2531 1698 2773 1772 Χριστοῦ
2794 1700 2897 1770 τὴν
2912 1699 3213 1771 παρουσίαν
3240 1700 3417 1752 καὶτὸ
3452 1699 3652 1761 πάθος.

434 1782 650 1839 Titulus
681 1789 1004 1856 praepOsitus
1057 1791 1303 1852 continet
1332 1808 1344 1843 :
1371 1792 1628 1860 Alleluia,
1666 1794 1850 1863 Aggaai
1873 1804 1922 1847 et
1951 1793 2228 1857 Zacharias
2260 1810 2277 1847 :
2312 1794 2516 1864 saepius
2569 1804 2750 1847 autem
2780 1792 2893 1847 dixi
2937 1791 3085 1861 quod
3116 1791 3337 1845 alleluia
3373 1791 3655 1861 interpre—

364 1886 535 1939 tatur,
570 1875 789 1930 laudate
814 1877 982 1931 Deum
1010 1892 1028 1931 :
1056 1880 1238 1952 Agga’i
1274 1896 1457 1938 autem
1492 1885 1906 1953 interpretatur,
1936 1883 2127 1952 festum
2160 1884 2363 1953 agentis
2394 1897 2411 1933 .'
2443 1880 2724 1934 Zachariae
2752 1888 2933 1934 autem
2969 1880 3380 1950 interpretatur,
3415 1882 3510 1951 qui
3541 1897 3655 1935 me-

365 1990 479 2027 mor
510 1984 587 2028 est
626 1974 838 2028 Domini
865 1986 1028 2045 atque
1057 1979 1221 2031 etiam
1254 1977 1482 2030 victoria
1512 1978 1703 2031 leonis.
1737 1977 1881 2031 Laus
1912 1977 2079 2047 igitur
2124 1975 2233 2030 Deo
2262 1991 2454 2030 eorum
2509 1974 2605 2044 qui
2639 1974 2840 2028 festum
2868 1983 3058 2043 agunt,
3092 1973 3400 2028 recolentes
3434 1988 3655 2029 memoo

366 2065 502 2118 riam
547 2075 601 2120 et
632 2066 918 2121 victoriam
944 2068 1142 2135 leonis,
1179 2068 1284 2123 hoc
1307 2077 1414 2135 est,
1450 2069 1748 2124 adventum
1784 2079 1839 2124 et
1861 2069 2180 2139 passionem
2208 2067 2424 2123 Domini
2450 2067 2622 2122 nostri
2655 2065 2781 2121 Jesu
2805 2064 3031 2119 Christi.

434 2182 545 2235 1-4.
592 2181 725 2236 Cum
773 2184 917 2237 enim
957 2194 1118 2239 natus
1144 2193 1228 2239 est
1256 2183 1398 2239 Deus
1446 2186 1500 2239 in
1546 2194 1689 2240 terra
1721 2193 1944 2255 propter
1981 2190 2021 2246 Β

362 2282 605 2327 nostram
639 2274 890 2339 salutem,
936 2276 1311 2331 clamaverunt
1344 2278 1410 2331 de
1442 2278 1598 2332 caelis
1621 2317 1635 2342 ,
1666 2286 1719 2332 et
1750 2293 1816 2331 ex
1852 2293 1947 2332 ex-

362 2365 525 2419 celsis
560 2380 755 2420 omnes
800 2367 1054 2423 caelestes
1082 2369 1360 2423 exercitus
1390 2388 1405 2424 :
1445 2369 1629 2424 Gloria
1660 2370 1713 2423 in
1745 2369 1949 2423 altissi-

364 2458 465 2512 mis
495 2456 635 2522 Deo,
687 2467 733 2510 el
771 2459 827 2511 in
877 2468 1021 2512 terra
1052 2476 1190 2529 pax,
1230 2462 1286 2514 in
1317 2462 1619 2515 hominibus
1651 2461 1949 2531 beneplaci-

365 2549 573 2615 tum“;
599 2550 853 2605 similiter
881 2552 1044 2605 etiam
1076 2552 1320 2622 quotidie
1348 2555 1576 2607 laudant
1603 2569 1727 2607 eum
1758 2572 1773 2606 :
1800 2554 1947 2622 quod

362 2648 543 2694 autem
586 2641 718 2695 dicit
762 2658 907 2696 nunc
948 2642 1216 2713 Propheta
1266 2645 1555 2700 manifeste
1598 2660 1628 2700 e
1670 2646 1949 2714 Scriptura

364 2732 797 2787 demonstratum
844 2743 946 2788 est.
998 2734 1267 2791 Nimirum
1317 2740 1403 2792 hic
1466 2739 1626 2793 nobis
1693 2739 1951 2794 indicavit

366 2824 817 2893 gloriﬁcationem
865 2826 1061 2882 factam
1112 2830 1166 2884 in
1213 2830 1332 2899 ejus
1379 2831 1614 2885 adventu
1668 2847 1697 2886 a
1739 2832 1948 2887 coalesti

366 2918 630 2982 exercitu,
654 2920 1119 2989 quemadmodum
1152 2922 1419 2991 scriptum
1452 2933 1554 2979 est.

440 3122 495 3188 5,
517 3124 569 3178 6.
596 3123 803 3180 Sensus
820 3126 1038 3196 quidem
1060 3126 1312 3195 proprius
1330 3127 1653 3184 manifestus
1677 3139 1779 3193 est,
1806 3130 1952 3199 quod

374 3214 584 3269 scilicet
612 3230 680 3269 ex
719 3224 966 3284 aspectu,
994 3224 1047 3271 et
1079 3232 1143 3270 ex
1174 3231 1240 3269 eo
1275 3217 1421 3286 quod
1458 3220 1820 3288 prmstitutum
1847 3220 1951 3275 sibi

371 3318 596 3359 cursum
645 3305 976 3369 conficiant,
1015 3307 1242 3373 gloriam
1274 3299 1517 3377 praebent
1564 3307 1755 3363 factori
1804 3325 1948 3365 suo:

373 3394 442 3449 Ut
473 3396 684 3448 videant
727 3412 885 3465 opera
924 3408 1093 3450 vestra
1122 3400 1277 3461 bona,
1315 3408 1364 3452 et
1396 3398 1689 3468 gloriﬁcent
1731 3398 1953 3454 Patrem

368 3498 603 3540 oestrum
628 3527 643 3552 ,
679 3486 769 3556 qui
813 3488 869 3539 in
903 3487 1047 3541 cazlis
1101 3497 1179 3541 est
1202 3489 1290 3541 η’.
1326 3487 1757 3558 Verumtamen,
1808 3491 1952 3561 quod

2124 2184 2238 2236 1-4.
2280 2184 2473 2236 Ἦνίκα
2504 2183 2612 2254 γὰρ
2653 2180 2849 2251 ἐτέχθη
2881 2179 2973 2232 ἐπὶ
3002 2178 3101 2250 τῆς
3127 2178 3232 2248 γῆς
3266 2177 3354 2231 διὰ
3381 2178 3483 2250 τὴν
3515 2181 3655 2250 ἡμε-

2052 2276 2221 2346 τέραν
2250 2275 2525 2346 σωτηρίαν
2554 2277 2581 2327 ὁ
2619 2274 2752 2337 Θεὸς
2788 2273 2887 2343 (Ξ),
2923 2271 3223 2343 ἀνεϐόησαν
3255 2272 3318 2324 ἑκ
3346 2271 3459 2324 τῶν
3485 2274 3654 2343 ούρα-

2060 2368 2165 2421 νῶν
2193 2368 2286 2420 καὶ
2314 2369 2378 2419 ἐκ
2399 2366 2506 2421 τῶν
2536 2366 2777 2435 ὐψίστων
2802 2367 2973 2418 πᾶσαι
3003 2365 3058 2418 αἰ
3087 2364 3333 2435 οὐράνιαι
3360 2364 3615 2435 στρατιαί
3632 2377 3650 2392 ⁶

2050 2458 2205 2523 Δόξα
2251 2459 2321 2511 ἐν
2358 2460 2643 2526 ὑψίστοις
2678 2456 2833 2522 Θεῷ,
2882 2457 2981 2510 καὶ
3012 2456 3112 2509 ἐπὶ
3152 2455 3268 2525 γῆς
3310 2454 3552 2524 εἰρήνη,
3582 2456 3653 2509 ὲν

2050 2548 2383 2617 ἀνθρώποις
2410 2547 2657 2601 εὐδοκία
2682 2564 2695 2578 ·
2732 2548 2934 2619 ὁμοίως
2983 2549 3075 2601 καὶ
3133 2548 3256 2600 καθ’
3288 2547 3528 2617 ἑκάστην
3556 2550 3651 2601 ἀν-

2052 2642 2310 2713 υμνοῦσιν
2340 2641 2521 2695 αὐτόν.
2549 2643 2614 2694 Ὃ
2640 2642 2695 2694 δὲ
2733 2640 2881 2708 λέγει
2911 2640 3007 2693 νῦν
3038 2642 3065 2692 ό
3093 2641 3378 2711 προφήτης
3402 2680 3416 2703 ,
3460 2640 3654 2709 σαφῶς

2052 2734 2162 2787 ἀπὸ
2206 2735 2308 2804 τῆς
2347 2734 2573 2806 Γραφῆς
2622 2733 3039 2787 ἀποδέδεικται·
3086 2734 3169 2785 ὅτι
3212 2734 3311 2802 τὴν
3344 2734 3653 2804 γενομένην

2052 2827 2157 2879 ὑπὸ
2195 2827 2295 2897 τῆς
2329 2826 2582 2897 οὐρανίου
2627 2827 2884 2896 στρατιᾶς
2916 2823 3226 2893 δοξολογίαν
3251 2826 3345 2877 ἐπὶ
3371 2826 3471 2895 τῆς
3511 2843 3654 2897 παρ-

2049 2919 2235 2983 ουσίας
2284 2918 2448 2971 αὐτοῦ
2500 2918 2770 2989 ἐδήλωσεν
2820 2919 2952 2989 ἡμῖν
2994 2916 3265 2983 ἐνταῦθα,
3318 2917 3503 2981 καθὼς
3557 2917 3654 2970 νέ-

2054 3030 2321 3083 γραπται.

2125 3104 2179 3171 5,
2215 3104 2269 3157 6.
2304 3104 2376 3156 Τὸ
2411 3102 2509 3173 μὲν
2536 3102 2737 3155 εἰδικόν
2760 3101 2921 3172 δῆλόν
2946 3101 3118 3161 ἐστιν,
3145 3101 3225 3154 ὅτι
3248 3100 3337 3153 διὰ
3368 3100 3464 3170 τῆς
3496 3099 3649 3163 Θέας,

2055 3196 2148 3248 καὶ
2169 3195 2264 3248 τοῦ
2294 3196 2467 3248 τελεῖν
2489 3194 2629 3248 αὐτά
2665 3193 2755 3247 τὸν
2784 3192 3198 3264 προσταχθέντα
3223 3192 3403 3255 αὐτοῖς
3422 3191 3651 3261 δρόμον,

2054 3286 2367 3351 δοξάζουσιν
2408 3285 2570 3339 αὐτὸν
2594 3286 2686 3338 τὸν
2719 3286 3023 3355 ποιήσαντα
3047 3284 3116 3336 τὰ
3146 3282 3286 3337 αὐτά
3314 3282 3411 3351 (5)·
3444 3282 3655 3346 Ὅπως

2057 3376 2275 3430 ἴδωσιν
2305 3376 2474 3446 ὑμῶν
2512 3376 2585 3428 τὰ
2624 3373 2783 3428 καλὰ
2819 3374 2999 3442 ἔργα,
3045 3372 3152 3425 και
3196 3370 3503 3436 δοξάσωσι
3541 3370 3656 3423 τὸν

2056 3469 2287 3537 Πατέρα
2314 3466 2481 3537 ὑμῶν
2503 3467 2611 3521 τὸν
2636 3467 2705 3519 ἐν
2731 3465 2858 3531 τοῖς
2886 3464 3185 3533 οὐρανοῖς.
3204 3467 3394 3535 Ὅμως
3411 3464 3472 3516 τὸ
3496 3465 3655 3533 εἰρη-

369 3580 603 3651 mystice
632 3581 972 3651 signiﬁcatur
1016 3582 1068 3635 in
1112 3582 1387 3648 versibus,
1416 3582 1484 3637 de
1510 3584 1715 3653 quibus
1735 3555 1951 3655 vagi-tur,
1981 3584 1985 3614 ⁴

2074 3561 2219 3613 ,μένον
2276 3560 2369 3611 ἐπὶ
2400 3559 2495 3612 τοῦ
2533 3558 2923 3630 προκειμένου,
2956 3557 3035 3620 ὡς
3064 3556 3173 3609 ἀπὸ
3203 3556 3301 3626 τῆς
3334 3555 3654 3624 ἐπιγραφῆς

370 3681 519 3726 certe
561 3686 625 3726 ex
678 3670 838 3726 titulo
888 3687 983 3726 seu
1033 3672 1389 3740 inscriptione
1441 3674 1740 3744 intelligere
1777 3676 1951 3730 licet:

369 3762 621 3817 videlicet
647 3763 884 3828 laudem,
915 3779 1079 3833 quam
1109 3765 1161 3817 in
1196 3764 1454 3833 passione
1484 3781 1582 3820 sua
1609 3766 1658 3819 ei
1710 3767 1956 3835 praebue-

372 3863 503 3909 runt
529 3855 818 3909 luminaria
852 3864 906 3909 et
954 3855 1069 3918 lux,
1126 3856 1386 3909 indicavit
1416 3857 1573 3912 nobis
1606 3873 1619 3909 :
1653 3873 1776 3911 cum
1808 3857 1953 3910 enim

374 3944 623 4000 conﬁxus
651 3956 735 4000 est
763 3946 817 3999 in
850 3960 1013 4001 cruce
1036 3986 1050 4010 ,
1086 3947 1323 4001 tenebris
1371 3949 1577 4005 suﬂ'usa
1610 3949 1956 4003 demonstra-

374 4043 541 4101 runt,
570 4035 722 4089 illum
768 4050 889 4090 esse
911 4077 925 4100 ,
968 4036 1061 4104 qui
1098 4051 1159 4089 ea
1193 4038 1430 4090 creando
1457 4037 1709 4092 eﬂ‘ecerat
1730 4078 1745 4104 ,
1778 4049 1836 4093 ut
1865 4039 1956 4093 lux

374 4136 577 4182 essent.

449 4218 499 4273 7.
562 4216 846 4273 Manifeste
898 4220 1062 4273 etiam
1107 4220 1229 4275 οωιὶ
1278 4221 1543 4275 caelorum
1597 4220 1960 4277 laudavcrunt

375 4325 523 4375 eum,
551 4309 878 4363 inclinantes
908 4308 1127 4378 quidem
1158 4324 1218 4363 se
1254 4309 1355 4378 ipsi
1384 4309 1509 4378 ejus
1539 4308 1729 4364 virtuti
1758 4309 1809 4361 in
1837 4308 1958 4378 ejus

377 4402 446 4457 ad
477 4416 579 4457 nos
608 4400 869 4466 adventu,
912 4410 965 4455 et
1012 4416 1207 4455 rursus
1235 4416 1293 4455 se
1338 4400 1440 4471 ipsi
1469 4402 1794 4470 aperientes.
1834 4419 1957 4457 cum

379 4509 410 4547 a
438 4494 599 4547 nobis
632 4508 886 4548 reversus
914 4502 1015 4557 est,
1048 4492 1193 4547 unde
1218 4493 1555 4548 descendens
1582 4493 1961 4563 inseparabilis

379 4595 678 4640 manserat.
704 4583 1091 4639 Verumtamen
1121 4584 1283 4638 aliam
1309 4599 1526 4654 quoque
1560 4585 1843 4655 mysticam
1872 4601 1962 4641 ex-

379 4675 727 4739 plicationem
751 4674 817 4728 de
842 4675 944 4728 hoc
965 4689 1125 4728 versu
1155 4674 1422 4728 adducam
1469 4674 1586 4739 tibi,
1612 4674 1957 4733 charissime.

380 4765 517 4845 l‘fam
545 4782 558 4817 :
591 4764 836 4818 Laudate
883 4781 1022 4828 eum,
1061 4764 1176 4818 caeli
1210 4765 1460 4818 ccelorum
1487 4783 1505 4818 :
1538 4765 1640 4820 hoc
1672 4774 1777 4831 esl,
1828 4783 1959 4837 apo—

383 4857 508 4911 stoli
535 4856 794 4912 omnibus
822 4857 1028 4911 sanctis
1049 4856 1423 4921 sublimiores,
1450 4857 1665 4912 laudate
1681 4873 1804 4914 eum
1829 4875 1960 4929 prae-

381 4947 652 5002 dicatione
680 4954 882 5000 vestra.

458 5082 499 5113 “
536 5079 666 5135 Luc.
710 5097 770 5145 ll,
814 5082 901 5137 M.
983 5083 1046 5113 ’⁵⁸
1088 5082 1275 5137 Matth.
1301 5086 1467 5148 v,16.

2060 3652 2177 3704 ἔστι
2216 3651 2469 3717 συνιδεῖν,
2507 3652 2591 3703 ὅτι
2628 3650 2726 3721 τὴν
2753 3650 2809 3702 ἑν
2844 3648 2923 3719 τῷ
2960 3648 3127 3702 πάθει
3151 3648 3313 3701 αὐτοῦ
3340 3647 3653 3717 γενομένην

2060 3744 2269 3797 αῖνεσιν
2298 3743 2403 3795 ὑπὸ
2436 3741 2544 3795 τῶν
2588 3741 2775 3811 φωστή
2788 3758 2893 3809 ρων
2922 3740 3017 3792 καὶ
3048 3738 3143 3792 τοῦ
3175 3738 3351 3808 φωτὸς
3376 3738 3652 3808 ἐδήλωσεν

2057 3836 2219 3905 ἡμῖν·
2248 3834 2411 3904 ἡνίκα
2442 3832 2552 3904 γὰρ
2587 3833 2800 3903 ὑπῆρχε
2845 3830 3111 3902 πεπηγὼς
3144 3831 3235 3884 ἐπὶ
3262 3829 3353 3883 τοῦ
3385 3828 3649 3899 σταυροῦ,

2062 3925 2418 3977 σκοτισθέντα
2469 3924 2758 3988 ἀπέδειξαν
2801 3924 3007 3975 ἐκεῖνον
3052 3922 3143 3974 τὸν
3187 3921 3287 3992 τὴν
3339 3920 3649 3973 ὑπόστασιν

2058 4016 2153 4070 τοῦ
2184 4012 2324 4070 εἶναι
2360 4016 2499 4069 αὐτά
2534 4015 2647 4084 φῶς
2676 4016 3170 4088 δημιουργήσαντα.

2131 4217 2183 4269 7.
2225 4214 2421 4284 Σαφῶς
2459 4214 2553 4271 καὶ
2588 4216 2637 4267 οἱ
2675 4215 2901 4285 οὐρανοὶ
2929 4214 3035 4266 τῶν
3062 4211 3305 4283 οὐρανῶν
3336 4210 3537 4283 ᾔνεσαν
3570 4210 3648 4281 (4)

2060 4309 2242 4369 αὐτὸν,
2272 4309 2553 4370 κλίναντες
2579 4307 2676 4376 μὲν
2701 4308 2926 4371 ἑαυτοὺς
2950 4310 3015 4377 τῇ
3040 4305 3202 4359 αὐτοῦ
3239 4306 3465 4374 δυνάμει
3496 4305 3556 4356 ἑν
3579 4307 3647 4377 τῇ

2060 4402 2201 4473 πρὸς
2226 4401 2373 4471 ἡμᾶς
2400 4400 2682 4470 ἐπιδημίᾳ,
2710 4400 3009 4469 ἁνεῳγότες
3043 4397 3099 4449 δὲ
3128 4396 3289 4449 πάλιν
3318 4394 3486 4465 αὐτῷ,
3515 4395 3651 4446 ὃταν

2060 4494 2153 4561 ἀφ’
2184 4492 2340 4563 ἡμῶν
2378 4492 2552 4561 ἀνῄει,
2588 4491 2710 4543 ὅθεν
2743 4488 3020 4542 κατελθὼν
3062 4487 3362 4559 ἀχώριστος
3407 4486 3647 4557 ἔμεινεν.

2062 4583 2254 4653 ’Ὅμως
2280 4583 2336 4635 δὲ
2358 4583 2451 4635 καὶ
2473 4580 2639 4649 ἄλλην
2666 4598 2746 4633 σοι
2774 4582 3085 4651 παραγάγω
3113 4578 3343 4650 Θεωρίαν
3367 4579 3498 4648 περὶ
3523 4579 3652 4629 τού-

2060 4692 2176 4738 του,
2219 4674 2472 4745 ἀγαπητέ
2496 4692 2507 4703 ·
2546 4673 2772 4727 Αἰνεῖτε
2798 4672 2907 4747 γὰρ
2938 4670 3143 4736 αὐτὸν,
3173 4674 3225 4723 ol
3252 4670 3499 4737 οὐρανοί
3530 4668 3653 4722 τῶν

2061 4765 2373 4833 οὐρανῶν·
2424 4765 2735 4827 τουτέστιν,
2786 4768 2835 4817 οἰ
2888 4765 3173 4818 ἀπόστολοι
3225 4765 3273 4816 οί
3322 4761 3659 4833 ὑψηλότεροι

2066 4858 2284 4912 πάντων
2314 4857 2421 4909 τῶν
2453 4858 2643 4927 ἁγίων,
2673 4858 2922 4911 αἰνέσατε
2950 4857 3110 4911 αὐτὸν
3132 4854 3220 4908 διὰ
3240 4854 3334 4913 τοῦ
3362 4853 3653 4928 κηρύγμαδ

2064 4968 2153 5013 τος
2182 4970 2210 5002 υ
2221 4968 2353 5020 μων.

1339 5207 1649 5269 Addenda
1699 5218 1757 5270 et
1793 5211 2166 5291 corrigenda
2204 5233 2277 5275 ex
2317 5216 2454 5275 cod.
2494 5217 2693 5276 Valic.

460 5328 533 5397 (l)
586 5327 649 5378 'H
681 5324 767 5378 διὰ
796 5326 893 5395 τῆς
938 5326 1306 5414 κινναϐάρεως
1345 5331 1620 5442 περιέχει,
1661 5341 1765 5385 etc.
1803 5332 1968 5456 ElX-fz-

463 5414 560 5456 μεν
596 5397 653 5449 δὲ
688 5396 968 5456 πολλάκις,
1002 5406 1131 5456 etc.,
1163 5401 1361 5451 αἰνειτε
1390 5418 1477 5453 τλν
1506 5402 1631 5455 ὄντα
1656 5402 1805 5454 Θεόν.
1846 5405 1858 5423 ’
1907 5423 1968 5456 γ-

1390 5418 1477 5453 τον
1506 5418 1631 5455 οντα
1656 5418 1805 5454 δεον.
1850 5418 1969 5473 ’Λγ-

384 5396 560 5459 καμεν
596 5397 653 5449 δὲ
688 5396 968 5458 πολλάκις,
1002 5406 1131 5459 etc.,
1163 5396 1361 5451 αἰνεῖτε
1390 5396 1477 5453 τον
1506 5396 1631 5455 ὄντα
1656 5402 1805 5454 Θεόν.

384 5467 540 5543 γαίου
576 5468 630 5519 δὲ
665 5467 1027 5543 ἑρμηνεύεται
1060 5470 1434 5543 μνησκομὲνου
1475 5474 1699 5543 Κυρίου,
1738 5475 1833 5525 καὶ
1860 5467 1966 5528 πά-

384 5540 487 5599 λιν,
520 5548 650 5610 etc.,
680 5538 771 5610 sed
805 5543 927 5591 mel.
961 5538 1061 5610 alt.
1092 5539 1241 5599 lect.,
1272 5538 1640 5610 ἑορτάζοντος,
1676 5554 1778 5597 etc.

459 5607 536 5676 (Ξ)
590 5608 647 5659 Ὀ
680 5606 810 5682 Bac;
846 5607 1044 5682 αὐτῶν,
1074 5618 1209 5682 etc.,_
1239 5606 1417 5682 καὶίὲν
1453 5616 1564 5675 τοῖς
1595 5614 1839 5682 ὑψίστοις
1865 5619 1969 5669 πᾶα

692 5679 903 5762 ..ὅμως
923 5679 1037 5762 ,θεαὶ
1090 5678 1227 5761 καθ’,
1251 5680 1486 5747 ἑκάστην
1552 5664 1841 5749 animo;
1880 5689 1975 5740 iv-
2073 5664 2302 5761 nat‘pdwu
2328 5664 2562 5762 ύεωρίαν
2591 5690 2717 5759 περὶ
2748 5664 2960 5754 τούτου,
2994 5664 3336 5758 ῶΓὰγῑαπητέ.
3368 5668 3473 5742 etc.‘

387 5697 509 5732 σαι.
560 5688 665 5730 etc.

388 5720 509 5740 ......,
562 5720 705 5741 ν.ν.,
751 5720 774 5729 ν
825 5720 903 5739 ..ι
946 5720 1037 5731 ..ω
1092 5720 1190 5731 η..-
1251 5720 1436 5732 ην..
1469 5720 1484 5732 ,

388 5748 665 5820 υμνοῦσιν,
689 5720 821 5813 etc:
848 5745 1029 5810 καθὼς
1062 5726 1493 5820 προγέγραπται.

2146 5338 2219 5405 (5)
2262 5340 2569 5403 Ποιήσαντα
2605 5338 2741 5392 αὐτά
2763 5379 2777 5403 ,
2817 5337 2891 5400 ῶς
2918 5356 3019 5390 που
3055 5335 3320 5407 περὶτῶν
3347 5332 3653 5407 ἀνθρώπων

2069 5408 2311 5478 εἴρηται,
2363 5410 2510 5470 ὅπως
2555 5408 2768 5470 ἴδωσιν,
2801 5421 2904 5461 etc.
2927 5450 2940 5469 ,
2983 5409 3075 5478 καὶ
3112 5406 3432 5478 Δδοξάσουσιν
3454 5446 3468 5468 ,
3504 5411 3647 5476 ctu],

2072 5476 2375 5548 tenvem
2410 5480 2557 5539 ἰδεῖν,
2606 5480 2720 5540 ὅτι,
2751 5490 2878 5539 etc..
2915 5476 3193 5543 ἀπέδειξεν
3238 5478 3474 5540 ἐκεῖνον,
3513 5486 3647 5543 ctc.,

2068 5549 2161 5601 τοῦ
2195 5544 2332 5603 εἶναι
2365 5549 2549 5617 σαφῶς
2585 5550 3083 5619 δημιουργήσαντα.

2141 5620 2215 5691 (4)
2257 5616 2516 5691 Διῂνεσαν
2566 5616 2763 5691 αὐτόν,
2790 5616 2919 5691 lete.
2964 5619 3152 5691 ᾬμως
3204 5616 3313 5691 και
3348 5616 3513 5687 ἄλλην
3566 5634 3651 5672 σοι
