3860 6220
201 357 342 413 1353

267 478 323 534 8.
363 479 473 532 Καὶ
505 480 566 531 τὸ
595 478 738 551 ὕδωρ
771 482 830 534 τὸ
866 482 1121 553 ὑπεράνω
1149 488 1257 539 τῶν
1291 488 1556 558 οὐρανῶν,

266 568 320 623 9.
356 569 735 625 Αἰνεσάτωσαν
762 573 823 625 τὸ
855 573 1021 643 ὄνομα
1054 577 1261 647 Κυρίου
1280 592 1293 606 ·

265 657 354 712 10.
393 660 514 712 Ὀτι
540 662 698 725 αὐτὸς
724 657 865 727 εἷπε,
896 666 989 717 καὶ¹
1014 666 1352 738 ἐγενήθησαν
1376 687 1391 701 ’

267 749 356 803 11.
391 751 562 815 Αὐτὸς
589 754 909 816 ἐνετείλατο,
942 758 1035 809 καὶ
1063 758 1415 828 ἐκτίσθησαν.

266 840 354 894 12.
394 841 658 912 Ἔστησεν
695 845 835 899 αὐτὰ
865 849 944 910 είς
971 848 1062 901 τὸν
1086 848 1277 913 αἰῶνα,

266 932 353 985 15.
385 933 495 985 Καὶ
522 935 602 997 εἰς
628 934 718 988 τὸν
741 938 911 989 αἰῶνα
936 938 1030 991 τοῦ
1062 940 1256 1002 αἰῶνος
1276 958 1288 970 °

264 1021 352 1075 14.
382 1023 717 1095 Πρόσταγμα
744 1026 913 1093 ἔθετο,
943 1030 1034 1082 καὶ
1063 1032 1123 1083 οὐ
1158 1032 1573 1103 παρελεύσεται.

265 1113 354 1167 15.
381 1115 589 1168 Αἰνεῖτε
621 1117 710 1171 τὸν
732 1118 937 1190 Κύριον
967 1122 1029 1173 ὲκ
1050 1122 1150 1192 τῆς
1170 1124 1293 1193 γῆς,

265 1203 353 1259 16.
384 1206 686 1277 Δράκοντες
715 1210 810 1263 καὶ
833 1212 1003 1263 πᾶσαι
1030 1213 1274 1269 ἄϐυσσοι.

1017 364 1105 419 DE
1147 366 1426 424 TITULIS
1469 370 1925 428 PSALMURUM.
1961 405 2032 415 ——
2074 374 2270 430 PSAL.
2309 376 2587 433 CXLVIII.

3326 383 3457 438 l35‘i

1805 526 1848 579 Α
1950 495 2004 547 8.
2048 494 2115 548 Et
2144 511 2287 565 aqua
2320 512 2442 566 quae
2483 511 2650 566 super
2689 498 2879 562 caelos,

1949 586 2002 639 9.
2046 584 2293 639 Laudent
2321 602 2519 641 nomen
2556 587 2775 641 Domini
2807 607 2820 642 :

1952 678 2034 730 10.
2077 675 2214 742 Quia
2244 678 2357 744 ipse
2391 677 2532 731 dixit
2556 721 2570 745 _.
2605 689 2658 733 et
2694 680 2838 733 facta
2874 689 3039 735 sunt:

1953 770 2039 822 11.
2086 768 2206 837 lpse
2238 771 2537 835 mandavit,
2568 782 2620 825 et
2650 782 2828 825 creata
2853 781 3000 827 sunt.

1944 856 2025 908 12.
2074 856 2277 910 Statuit
2298 872 2360 912 ea
2386 859 2440 911 in
2466 868 2751 927 aeternum,

1945 946 2030 1004 15.
2067 948 2133 1002 Et
2172 949 2224 1002 in
2257 951 2520 1005 saeculum
2553 954 2784 1009 szeculi':

1950 1040 2035 1093 M.
2079 1040 2413 1112 Praeceptum
2443 1046 2647 1114 posuit,
2682 1054 2737 1100 et
2767 1062 2876 1101 non
2906 1047 3218 1117 praeteribit.

1950 1130 2036 1184 15.
2081 1131 2324 1188 Laudate
2359 1134 2651 1191 Dominum
2678 1140 2745 1191 de
2784 1152 2949 1204 terra,

1948 1221 2033 1278 16.
2076 1223 2351 1280 Dracones
2382 1235 2436 1281 et
2478 1243 2667 1283 omnes
2690 1229 2888 1300 abyssi.

1312 1386 1696 1443 ATllANASll
1736 1387 2323 1449 lNTERPRETATIO.

264 1537 320 1599 8,
341 1538 396 1593 9.
425 1538 499 1591 Τὸ
530 1539 627 1610 μὲν
655 1539 798 1613 ὕδωρ
831 1543 893 1594 τὸ
923 1541 1182 1614 ὑπεράνω
1226 1540 1335 1596 τῶν
1358 1541 1604 1612 οὐρανῶν
1640 1543 1767 1614 ᾔνε-

1939 1544 1993 1612 8,
2019 1547 2071 1602 9.
2104 1546 2260 1618 Aqua
2295 1552 2535 1620 quidem,
2560 1571 2680 1625 quze
2708 1572 2876 1627 super
2901 1560 3072 1617 caelos
3104 1573 3185 1617 est
3212 1565 3453 1621 laudavit

189 1646 284 1682 σεν
306 1630 468 1683 αὑτὸν
491 1632 583 1684 ἐπὶ
609 1631 703 1685 τοῦ
734 1632 877 1697 Νῶε,
901 1633 1088 1704 σαφῶς
1115 1634 1399 1699 άποδεῖξαν
1422 1636 1520 1707 τὴν
1540 1636 1769 1707 δύναμιν

188 1718 282 1772 τοῦ
323 1720 686 1790 Δημιουργοῦ,
729 1722 811 1774 ὅτι
859 1724 1244 1794 προστάγματι
1277 1724 1441 1777 αὐτοῦ
1475 1726 1570 1777 καὶ
1598 1742 1768 1778 κατα-

188 1807 426 1879 εὲὃηκεν
450 1812 529 1873 εἰς
555 1811 653 1881 τὴν
687 1813 806 1882 γῆν,
834 1812 956 1865 ὅθεν
985 1812 1196 1885 ἀνήχθη
1231 1815 1289 1867 ὲν
1318 1816 1385 1885 τῇ
1421 1815 1767 1885 κοσμοποιία,

189 1900 287 1956 καὶ
324 1901 485 1955 πάλιν
529 1902 837 1974 ἀναϐέϐηκε
881 1905 1018 1975 μετὰ
1060 1905 1152 1958 τὸν
1192 1906 1598 1977 κατακλυσμὸν,
1648 1906 1770 1960 ὅθεν

188 1994 573 2064 κατελήλυθεν,
595 1996 874 2049 τουτέστιν
903 1999 967 2050 ἐκ
992 1988 1102 2052 τῶν
1131 1997 1377 2069 οὐρανῶν
1398 2016 1410 2029 ’
1446 2001 1596 2070 ὅμως
1622 1999 1766 2070 τάχα

188 2083 286 2137 νῦν
341 2084 594 2157 εὑρήσεις
638 2086 698 2139 τὸ
744 2085 888 2159 ὕδωρ
939 2088 1000 2140 τὸ
1055 2089 1311 2159 ὑπεράνω
1362 2087 1471 2142 τῶν
1527 2089 1772 2161 οὐρανῶν

186 2174 459 2248 [δουλοῦν]
482 2177 543 2229 τὸ
561 2176 654 2229 τοῦ
682 2178 1057 2250 βαπτίσματος
1086 2180 1253 2253 ὕδωρ,
1276 2182 1339 2235 τὸ
1362 2183 1504 2254 ὑπὲρ
1530 2183 1772 2253 κεφαλῆς

190 2266 293 2336 μὲν
343 2265 728 2337 εὑρισκόμενον
766 2267 875 2321 τῶν
916 2268 1182 2339 οὐρανῶν,
1228 2270 1429 2323 ὡσανεὶ
1460 2272 1569 2325 τῶν
1606 2288 1772 2323 πεπι-

188 2356 524 2423 στευκότων,
553 2357 865 2427 ἐκχεόμενοι
908 2357 983 2429 (1)
1016 2360 1072 2412 δὲ
1106 2361 1269 2414 πάλιν
1295 2362 1521 2426 ἑαυτούς
1552 2362 1764 2435 [ἐκχεό-

188 2465 354 2518 μενον
396 2447 453 2501 δὲ
496 2449 635 2519 ὑπὲρ
674 2449 893 2522 αὐτούς]
919 2468 933 2482 ·
965 2453 1041 2515 ὡς
1071 2451 1179 2524 γὰρ
1218 2454 1278 2506 τὸ
1323 2453 1465 2527 ὑδωρ
1504 2455 1566 2509 τὸ
1601 2456 1742 2531 ὑπερ

187 2540 306 2594 άνω
346 2541 454 2593 τῶν
498 2542 743 2613 οὐρανῶν
775 2544 1077 2598 κατέκλυσε
1097 2585 1111 2611 ,
1145 2547 1240 2599 καὶ
1271 2547 1517 2601 ἀπώλεσε
1565 2550 1773 2615 πάντας

186 2634 315 2697 τοὺς
342 2633 567 2706 ἐχθροὺς
597 2634 689 2687 τοῦ
718 2635 852 2687 Θεοῦ
874 2650 887 2664 ·
927 2634 1068 2689 οὑτω
1118 2636 1181 2689 τὸ
1210 2638 1306 2691 καὶ
1330 2638 1424 2692 τοῦ
1469 2638 1776 2713 Βαπτίσμα-

188 2742 281 2789 τος
325 2726 708 2798 εὑρισκόμενον
747 2728 1039 2800 ὑπεράνω,
1089 2728 1231 2798 λέγω
1264 2729 1320 2784 δὲ
1353 2732 1493 2804 ὑπὲρ
1535 2736 1775 2808 κεφαλῆς

1875 1651 1998 1692 eum
2032 1641 2134 1694 sub
2159 1640 2275 1697 Noe
2295 1684 2308 1707 ,
2340 1646 2630 1702 manifeste
2674 1652 2967 1709 ostendens
2998 1655 3256 1710 virtutem
3287 1658 3453 1714 Crea-

1876 1730 2032 1793 toris,
2082 1734 2341 1802 quoniam
2378 1749 2648 1808 praecepto
2682 1742 2803 1811 ejus
2845 1751 2900 1797 et
2943 1745 3221 1802 descendit
3257 1750 3311 1804 in
3343 1759 3444 1806 ter-

1878 1834 1996 1873 ram
2017 1862 2031 1886 ,
2061 1822 2205 1877 unde
2235 1838 2515 1895 assumpta
2546 1827 2726 1883 fuerat
2753 1831 2805 1883 in
2844 1834 3032 1888 mundi
3061 1837 3371 1903 creatione;
3400 1850 3455 1895 et

1877 1927 2071 1968 rursus
2102 1916 2349 1971 ascendit
2377 1929 2501 1987 post
2544 1921 2807 1977 diluvium
2829 1965 2845 1991 ,
2876 1926 3019 1979 unde
3051 1940 3307 1997 venerat,
3349 1931 3456 1987 hoc

1875 2014 2011 2058 este
2033 2006 2220 2071 caelis;
2247 2016 2425 2062 tamen
2460 2009 2601 2066 forte
2647 2028 2793 2069 nunc
2827 2015 3072 2072 invenies
3103 2034 3301 2089 aquam
3333 2038 3461 2092 qua:

1875 2114 2038 2169 supra
2069 2101 2240 2157 caelos
2263 2112 2366 2168 est,
2399 2120 2520 2159 esse
2551 2104 2913 2181 [signiﬁcare]
2942 2125 3141 2181 aquam
3167 2112 3450 2183 baptismi,

1873 2205 1996 2259 qua:
2027 2207 2192 2262 supra
2235 2203 2399 2263 caput
2430 2194 2648 2263 quidem
2700 2198 2978 2254 invenitur
3014 2201 3317 2269 ccelorum,
3348 2205 3465 2263 hoc.

1873 2290 1958 2335 est
1984 2283 2341 2348 credentium,
2384 2283 2553 2340 effusa
2586 2300 2718 2341 vero
2752 2303 2915 2357 super
2942 2292 3109 2358 ipsos.
3142 2289 3278 2347 Nam
3312 2293 3465 2350 sicut

1876 2387 2040 2442 aqua,
2070 2390 2193 2444 quae
2225 2390 2389 2444 super
2433 2378 2613 2434 caelos
2636 2390 2719 2434 est
2738 2419 2752 2445 ,
2784 2382 3111 2450 submersit,
3137 2393 3191 2439 et
3220 2386 3453 2456 perdidit

1877 2478 2066 2518 omnes
2091 2461 2184 2517 Dei
2216 2464 2503 2531 inimicos;
2534 2467 3065 2539 ita.aqua.baptismi
3100 2473 3318 2534 inventa
3355 2491 3452 2533 su-

1876 2568 1992 2623 per,
2022 2557 2266 2625 inquam,
2295 2567 2457 2627 caput
2480 2559 2842 2628 credentium,
2876 2562 3254 2635 submergitet
3277 2568 3452 2637 perdit

1879 2645 2183 2700 contrarias
2214 2654 2533 2715 potestates,
2558 2650 3023 2717 quemadmodum
3055 2654 3108 2708 in
3138 2654 3343 2710 diluvio
3372 2656 3450 2714 ie-

1883 2738 1957 2792 cit
1984 2738 2246 2794 adversus
2272 2739 2488 2810 iniquos
2514 2756 2679 2811 aqua,
2713 2757 2834 2812 quae
2863 2758 3026 2813 super
3059 2746 3229 2801 caelos
3254 2755 3357 2803 est.

187 2818 299 2871 τῶν
348 2820 770 2883 πιστευσάντων,
818 2820 1145 2885 κατακλύζει
1207 2823 1300 2875 καὶ
1347 2825 1607 2880 ἀπόλλυσι
1658 2828 1755 2893 τὰς
1786 2830 2033 2894 ἐναντίας
2093 2829 2380 2901 δυνάμεις·
2421 2830 2497 2895 ὡς
2537 2833 2595 2887 ὲν
2628 2822 2704 2904 τῷ
2745 2835 3113 2907 κατακλυσμῷ
3150 2839 3450 2911 πεποίηκεν

187 2914 283 2967 ἐπὶ
310 2914 435 2976 τοὺς
462 2914 695 2983 ἀνόμους
717 2915 777 2966 τὸ
806 2915 1059 2986 ὑπεράνω
1095 2915 1203 2971 τῶν
1232 2917 1475 2989 οὐρανῶν
1511 2922 1572 2974 τὸ
1599 2921 1766 2995 ὕδωρ.

259 3007 350 3064 10.
382 3008 551 3069 Αὐτὸς
588 3008 698 3079 γὰρ
762 3004 914 3063 εἶπεν
970 3012 1403 3085 ἁναγεννηθῆναι
1451 3017 1648 3083 αὐτοὺς
1693 3021 1795 3075 δι’(

1934 3018 2020 3073 10.
2060 3014 2135 3087 (a)
2186 3014 2307 3085 lpse
2364 3015 2511 3070 enim
2559 3014 2698 3070 dixit
2743 3029 2839 3070 eos
2876 3016 3277 3086 regenerandos
3328 3034 3449 3075 esse

187 3098 383 3162 ὕδατος
407 3099 503 3151 καὶ
531 3100 672 3152 Πνεύ
682 3116 872 3170 ματος.

258 3190 346 3243 11.
376 3189 547 3252 Αὐτὸς
563 3190 670 3262 γὰρ
690 3189 994 3245 ἐνετείλατο
1018 3195 1129 3256 τοῖς
1146 3193 1465 3263 ἀποστόλοις
1489 3200 1653 3254 αὐτοῦ
1674 3201 1765 3255 λέ-

186 3299 320 3350 γων·
340 3285 736 3351 Πορευθέντες
761 3286 1179 3353 μαθητεύσατε
1190 3289 1385 3344 πάντα
1400 3292 1471 3345 τὰ
1481 3292 1644 3362 ἔθνη,
1654 3295 1768 3358 ,βαρ-

186 3369 493 3437 πτίζοντες
506 3372 729 3438 αὐτοὺς
749 3375 836 3437 εἰς
853 3372 921 3425 τὸ
937 3372 1132 3442 ὄνομα
1152 3377 1257 3431 τοῦ
1273 3380 1523 3448 Πατρὸς,
1545 3382 1642 3435 καὶ
1661 3382 1769 3436 τοῦ

198 3464 354 3527 Υιοῦ,
379 3465 598 3521 καὶτοῦ
621 3462 793 3535 ἀγὼν
813 3464 1183 3537 Πγεύματος,
1200 3469 1290 3521 καὶ
1305 3469 1477 3533 οὑτως
1491 3471 1769 3526 ἀνεκαινο-

186 3556 492 3627 ποιήθησαν
515 3559 572 3610 ὲν
599 3557 678 3628 τῷ
712 3556 1072 3629 βαπτίσματι.

257 3645 347 3709 12,
380 3646 469 3700 15.
500 3646 645 3717 Δῆλα
671 3648 769 3718 μέν
797 3649 904 3701 εἰσι
930 3648 1001 3701 τὰ
1030 3649 1162 3718 περὶ
1207 3649 1317 3703 τῶν
1355 3650 1598 3705 είδικῶνε
1642 3652 1676 3722 ή
1708 3651 1766 3704 δὲ

184 3737 497 3807 προφητεία
525 3739 654 3809 περὶ
696 3733 770 3792 ὧν
814 3741 946 3811 ἡμῖν
973 3743 1000 3794 ὁ
1050 3741 1210 3807 λόγος
1256 3743 1420 3807 ἐστὶν,
1455 3741 1766 3813 δηλοῖ,.ὃτι

185 3829 314 3889 τοὺς
347 3829 405 3880 ὲν
456 3827 533 3898 τῷ
585 3828 923 3901 βαπτίσματι
968 3832 998 3883 ὁ
1053 3831 1259 3903 Κύριος
1314 3832 1614 3904 προσέταξε
1666 3832 1766 3905 ζῇν

185 3914 580 3987 ἀτελευτήτως,
596 3917 774 3980 καθὼς
792 3920 848 3971 ὲν
864 3919 1182 3990 Εὐαγγελίῳ
1201 3922 1437 3994 εἴρηκενσ
1459 3926 1766 3979 Πιστεύων

184 4007 273 4071 εὶς
299 4006 424 4075 ἐμὲ,
458 4006 575 4060 κᾶν
601 4006 896 4077 ἀποθάνῃ,
924 4008 1183 4076 (tiae-tat.

261 4202 348 4256 M.
379 4202 491 4274 Τὴν
518 4204 734 4276 ἡμέραν
764 4205 865 4276 τῆς
900 4206 1111 4271 δικαίας
1138 4208 1564 4273 ἀνταποδόσεως.

266 4298 347 4351 15.
376 4297 463 4351 16.
500 4299 565 4350 Αἱ
599 4297 693 4351 τοῦ
744 4299 938 4370 ἐχθροῦ
969 4301 1231 4371 δυνάμεις
1264 4302 1319 4354 αἱ
1376 4301 1639 4368 ἓρπουσαι
1673 4300 1765 4355 ἐπὶ

187 4392 293 4462 τῆς
319 4391 423 4462 γῆς
461 4391 830 4461 συντριϐεῖσαι
858 4394 949 4445 ὑπ’
972 4393 1135 4446 αὐτοῦ
1155 4433 1168 4457 ,
1206 4394 1301 4446 καὶ
1338 4393 1411 4465 μὴ
1449 4392 1772 4464 βουλόμεναι

188 4484 471 4555 ὁμολογεῖν
518 4485 617 4555 τῆς
662 4484 831 4538 ἀϊδίου
868 4485 1121 4556 θεότητος
1150 4485 1315 4539 αὑτοῦ
1377 4485 1665 4539 αὑθεντίαν
1712 4504 1771 4539 τε

191 4578 288 4630 καὶ
310 4576 543 4648 δύναμιν
579 4576 781 4647 βοῶσαι
805 4596 817 4607 °
855 4579 989 4641 Ἔα,
1026 4578 1083 4631 τι
1116 4578 1262 4646 ἡμῖν
1295 4579 1393 4631 καὶ
1425 4580 1548 4644 σοὶ,
1575 4576 1771 4644 Ἰησοῦ

1870 3129 1967 3185 per
1987 3126 2184 3181 aquam
2215 3118 2270 3165 et
2302 3107 2586 3179 Spiritum.

1945 3205 2034 3259 11.
2070 3203 2190 3273 ipse
2236 3202 2382 3257 enim
2433 3200 2680 3271 praecipit
2728 3202 2993 3271 apostolis
3042 3202 3159 3258 suis
3211 3203 3443 3260 dicens:

1874 3296 2071 3351 Euntee
2104 3296 2283 3349 docete
2316 3310 2493 3349 omnes
2534 3303 2731 3364 gentes,
2770 3293 3097 3363 baptizantes
3126 3312 3213 3350 eos
3261 3297 3318 3351 in
3363 3314 3449 3350 no-

1872 3390 2010 3443 mine
2051 3386 2261 3453 Patris,
2303 3395 2352 3440 et
2396 3384 2559 3449 Filii,
2602 3394 2653 3439 et
2697 3383 2931 3454 Spiritus
2968 3388 3139 3441 sancti
3166 3388 3231 3455 ¹⁶,
3278 3396 3333 3443 et
3376 3387 3448 3442 ita

1872 3477 2119 3536 renovati
2144 3485 2274 3533 sunt
2303 3475 2359 3530 in
2394 3476 2692 3547 baptismo.

1947 3657 2034 3721 12,
2066 3657 2153 3711 15.
2195 3652 2483 3710 Manifesta
2527 3652 2747 3724 quidem
2783 3663 2932 3718 sunt,
2966 3669 3089 3724 quae
3120 3653 3187 3709 ad
3226 3669 3449 3710 sensum

1871 3748 2154 3818 pr0prium
2182 3755 2459 3817 spectant;
2494 3746 2780 3816 prophetia
2808 3755 2989 3800 autem
3018 3761 3205 3801 earum
3239 3762 3444 3811 rerum,

1870 3839 1938 3893 de
1964 3838 2162 3907 quibus
2190 3839 2348 3893 nobis
2376 3852 2555 3892 sermo
2586 3845 2689 3900 est,
2729 3836 3018 3906 signiﬁcat,
3044 3837 3189 3907 quod
3230 3846 3449 3899 renatos

1872 3929 1928 3983 in
1953 3929 2244 3999 baptismo,
2289 3929 2554 3985 Dominus
2584 3928 2890 3994 constituit,
2918 3937 2978 3982 ut
3008 3928 3189 3983 vivant
3212 3928 3264 3982 in
3293 3938 3451 3984 teter-

1874 4039 2028 4088 num,
2065 4022 2525 4092 quemadmodum
2556 4021 2612 4076 in
2653 4020 2950 4090 Evangelio
2989 4020 3167 4075 dixit:
3201 4020 3314 4088 Qui.
3338 4038 3445 4076 cre-

1874 4115 1951 4167 dit
1982 4114 2035 4167 in
2071 4130 2170 4179 me,
2201 4113 2412 4167 etiamsi
2438 4121 2679 4167 mortuus
2712 4112 2893 4181 fuerit,
2923 4114 3052 4168 vivet
3080 4114 3166 4167 η’.

1946 4205 2035 4260 14.
2080 4202 2228 4258 Diem
2255 4203 2416 4273 iusta:
2455 4201 2856 4257 retributionis.

1952 4296 2040 4361 15,
2080 4297 2167 4349 16.
2204 4295 2509 4350 Potestates
2540 4294 2748 4349 inimici
2780 4303 3030 4364 repentes
3060 4310 3223 4365 super
3247 4304 3445 4355 terram

1876 4389 2128 4445 contrita:
2155 4388 2224 4442 ab
2262 4387 2406 4457 ipso,
2453 4396 2509 4442 et
2538 4388 2787 4443 nolentes
2835 4385 3083 4443 conﬁteri
3116 4396 3333 4442 aeternae
3360 4387 3449 4441 di-

1874 4482 2120 4538 vinitatis
2148 4483 2269 4551 ejus
2320 4482 2701 4537 auctoritatem
2734 4489 2789 4536 et
2819 4481 3072 4536 virtutem
3105 4481 3406 4535 clamantes
3433 4499 3447 4535 :

1879 4574 2024 4640 Sine,
2057 4576 2182 4646 quid
2210 4574 2359 4629 nobis
2389 4583 2438 4628 et
2470 4575 2584 4638 tibi,
2620 4573 2763 4628 Jesw
2792 4573 3003 4628 Christe
3051 4571 3164 4627 Fili
3205 4571 3323 4640 Dei,
3361 4589 3449 4627 ve-

190 4667 409 4736 Χριστὲ
433 4669 526 4722 Υἱὲ
564 4667 669 4721 τοῦ
696 4667 865 4734 Θεοῦ,
890 4664 1074 4738 ἦλθες
1098 4667 1211 4735 πρὸ
1234 4668 1445 4734 καιροῦ
1474 4668 1774 4722 ἀπολέσαι

1883 4670 2008 4724 nisti
2045 4678 2167 4723 ante
2197 4684 2400 4739 tempus
2428 4669 2642 4737 perdere
2688 4684 2784 4722 nos
2827 4668 2905 4720 ‘7?
2929 4676 2983 4722 et
3010 4676 3269 4739 tanquam
3300 4667 3448 4737 judi-

190 4756 382 4827 ἡμᾶς
414 4759 504 4812 καὶ
536 4760 685 4822 ὃπως
721 4758 912 4832 κριτὴν
954 4758 1048 4812 τοῦ
1092 4759 1374 4829 μέλλοντος
1401 4759 1494 4812 καὶ
1534 4759 1608 4831 μὴ
1648 4760 1775 4831 βου-

190 4847 414 4918 λόμεναι
441 4848 722 4919 ὁμολογεῖν
758 4848 943 4912 αὑτὸν,
982 4847 1123 4902 καθὰ
1165 4848 1528 4921 προείπαμεν.

1877 4774 1994 4815 cem
2026 4758 2197 4815 futuri
2228 4759 2479 4814 nolentes
2502 4758 2665 4814 etiam
2701 4757 2953 4813 conﬁteri
2987 4758 3191 4829 ipsum,
3218 4767 3278 4814 ut
3304 4774 3447 4829 prae-

1807 4848 1852 4906 D
1876 4852 2133 4907 diximus.

264 4985 308 5017 ¹⁶
345 4983 536 5040 Matth.
563 5000 766 5052 xxvnr,
798 4986 888 5042 19.
969 4987 1033 5019 ιδ’
1068 4985 1226 5043 Joan.
1258 5003 1349 5055 ιι,
1378 4986 1470 5041 25.
1548 4988 1591 5019 ¹⁷
1632 4987 1795 5045 Marc.

1906 4989 2009 5058 23;
2039 4987 2172 5046 Luc.
2205 5005 2282 5057 iv,
2316 4991 2405 5046 55.

1139 5170 1446 5233 Addenda
1476 5175 1542 5231 et
1580 5167 1956 5249 corrigenda
1988 5184 2066 5229 ex
2096 5167 2236 5230 cod.
2268 5167 2471 5230 Vatic.

269 5321 347 5389 (1)
383 5318 731 5389 Ἐκχεόμενον
752 5319 808 5371 δὲ
839 5319 1001 5372 πάλιν
1044 5320 1129 5373 ἐπ’
1159 5321 1375 5384 αὐτοὺς,
1417 5320 1493 5382 ὡς
1536 5318 1597 5372 τὸ
1624 5318 1765 5389 ὕδωρ

191 5391 253 5446 τὸ
300 5390 572 5461 ὑπεράνω,
600 5400 732 5454 etc.,
780 5389 953 5451 οὑτως
998 5392 1185 5443 καὶτὸ
1221 5390 1315 5443 τοῦ
1373 5389 1763 5460 βαπτίσματος,

1870 5327 2000 5385 etc.,
2038 5318 2182 5442 λέγω
2208 5318 2294 5389 δή,
2328 5328 2456 5386 etc.,
2482 5318 2556 5383 ὡς
2602 5320 2661 5372 ὲν
2698 5317 2777 5390 τῷ
2831 5317 3197 5389 κατακλυσμῷ
3230 5322 3448 5392 πεποίη-

1872 5405 1988 5442 κεν.
2019 5404 2048 5442 e
2076 5405 2123 5442 c.

1872 5405 1988 5453 κεν,
2019 5404 2123 5443 etc.

265 5548 344 5618 (a)
383 5546 675 5602 Comment.
711 5563 744 5599 a
778 5562 910 5628 vers.
1079 5561 1241 5626 usque
1274 5544 1343 5597 ad
1394 5545 1552 5626 ﬁnem
1594 5544 1930 5628 desideratur
1960 5562 2066 5599 una
2094 5561 2212 5598 cum
2257 5545 2539 5628 uersiculis
2581 5543 2809 5628 Psalmi,
2850 5547 2942 5628 qui
2988 5545 3447 5628 alternatimrum

192 5614 643 5699 interpretatione,
676 5632 792 5697 qua:
817 5614 1175 5699 interlinea‘ris
1212 5624 1309 5679 est,
1346 5631 1438 5667 seu
1486 5615 1708 5696 singulis
1763 5616 2094 5699 psalmorum
2122 5615 2418 5699 luersiculis
2462 5617 2799 5699 interposita,
2835 5618 3021 5699 scripti
3055 5626 3199 5699 sunt.
3233 5614 3448 5699 integra

191 5683 549 5757 enimpagina
569 5683 709 5741 deest
738 5688 792 5757 in
834 5687 1032 5739 codice.
1077 5683 1304 5755 Sequens
1347 5695 1524 5738 autem
1560 5686 1755 5754 pagina
1784 5686 1969 5755 incipit
2002 5685 2065 5743 ab
2114 5686 2196 5739 his
2223 5685 2391 5739 verbis
2436 5683 2819 5755 commentarii,
2861 5683 2953 5746 seu
2999 5683 3447 5755 interpretationis

193 5756 439 5814 versiculi
464 5758 633 5829 quinti
672 5756 865 5827 psalmi
904 5757 1164 5827 sequentis
1200 5771 1380 5811 cxmx.
