3860 6220
432 273 573 330 1555
636 336 640 340 _

422 483 590 548 cellae,

490 575 576 632 18.
621 573 749 642 Quae
779 574 984 629 faciunt
1007 575 1233 630 verbum
1278 575 1422 645 ejus,

488 667 574 721 19.
619 665 826 720 Montes
850 677 900 720 et
931 681 1123 720 omnes
1153 667 1342 731 colles,

487 755 575 809 20.
619 754 788 825 Ligna
815 754 1094 809 fructifera
1126 763 1180 810 et
1211 771 1403 810 omnes
1445 757 1616 820 cedri,

483 849 572 902 21.
614 847 808 902 Bestiae
841 859 894 902 et
947 850 1200 904 universa
1247 865 1466 919 pecora,

479 941 570 994 22.
617 939 904 1010 Serpentes
935 951 988 994 et
1016 943 1266 997 volucres
1296 951 1566 1012 pennata},

476 1031 566 1084 25.
610 1028 787 1100 Reges
811 1039 968 1086 terra:
993 1043 1049 1086 et
1079 1048 1270 1087 omnes
1297 1034 1502 1104 populi,

476 1121 568 1173 24.
613 1119 892 1191 Principes
919 1130 974 1176 et
1007 1137 1200 1178 omnes
1237 1123 1451 1192 judices
1487 1121 1684 1189 terras,

475 1213 566 1266 25.
603 1211 838 1270 Juvenes
871 1225 925 1270 et
951 1217 1212 1286 virgines,

469 1302 558 1356 26.
633 1301 803 1358 Senes
837 1320 962 1358 cum
993 1304 1325 1374 junioribus,

472 1392 563 1446 27.
603 1391 852 1447 Laudent
887 1408 1084 1447 nomen
1123 1393 1340 1448 Domini
1377 1413 1388 1446 :

471 1479 561 1536 28.
603 1479 738 1547 Quia
766 1482 1062 1537 exaltatum
1086 1493 1164 1537 est
1203 1499 1400 1538 nomen
1446 1485 1566 1554 ejus
1603 1485 1800 1539 solius.

1261 272 1316 325 s.
1359 269 1734 326 ATllANASll
1772 273 1924 334 opp.
1965 274 2148 332 mus
2185 277 2274 332 ut.
2315 310 2384 319 _
2425 265 2836 336 EXEGETICA.

494 393 580 447 17.
625 390 766 464 Ignis
791 391 1020 463 grando,
1067 392 1180 457 nis,
1218 393 1558 462 crystallum,
1601 395 1827 463 spiritus
1859 411 1991 466 pro-
2019 403 2067 458 Α

2171 400 2252 452 l7.
2282 401 2420 470 Πῦρ,
2445 402 2676 471 χάλαζα,
2711 401 2841 474 χιὼν
2863 441 2876 464 ,
2917 402 3272 474 κρύσταλλος,
3309 403 3532 457 ﬂventia.
3556 423 3656 458 κατ

2101 493 2326 558 αιγίδος,

2169 581 2256 634 18.
2299 581 2378 634 Τά
2414 583 2669 636 ποιοῦντα
2701 583 2792 635 τὸν
2817 581 2973 651 λόγον
2997 583 3184 649 αὑτοῦ,

2170 673 2255 727 19.
2293 675 2374 726 Τὰ
2396 675 2492 744 ὄρη
2518 675 2613 728 καὶ
2642 675 2842 737 πάντες
2867 676 2918 727 οἱ
2953 674 3148 744 βουνοὶ,

2163 765 2253 818 29.
2279 765 2420 818 Ξύλα
2451 766 2774 836 καρποφόρα
2799 766 2891 818 καὶ
2919 767 3088 818 πᾶσαι
3121 764 3322 838 κέδροι,

2163 857 2252 910 21.
2286 857 2368 910 Tit
2395 857 2558 927 θηρία
2585 859 2678 910 καὶ
2701 858 2876 911 πάντα
2897 857 2965 910 τὰ
2994 859 3192 929 κτήνη,

2162 947 2252 1000 22.
2297 948 2532 1017 Ἐρπετὰ
2559 949 2655 1001 καὶ
2693 949 2915 1002 πετεινά
2942 949 3212 1018 πτερωτὰ,

2163 1034 2255 1088 25.
2289 1035 2534 1098 Βασιλεῖς
2559 1037 2660 1106 τῆς
2681 1035 2786 1106 γῆς
2811 1037 2904 1090 καὶ
2935 1038 3138 1102 πάντες
3163 1037 3300 1102 λαοὶ,

2161 1125 2252 1178 21.
2293 1127 2584 1197 ’Ἄρχοντες
2613 1129 2708 1180 καὶ
2743 1129 2943 1191 πάντες
2971 1129 3156 1200 κριταὶ
3181 1129 3317 1200 γῆς,

2159 1215 2249 1268 25.
2287 1215 2573 1268 Νεανίσκοι
2607 1216 2700 1268 καὶ
2729 1217 3012 1288 παρθένοι,

2161 1305 2250 1360 26.
2283 1306 2650 1378 Πρεσϐύτεροι
2679 1308 2816 1377 μετὰ
2839 1309 3137 1379 νεωτέρων,

2159 1396 2248 1450 27.
2279 1396 2658 1450 Αίνεσόιτωσαν
2692 1396 2754 1448 τὸ
2771 1396 2942 1467 ὄνομα
2971 1398 3178 1468 Κυρίου
3202 1413 3216 1426 ·

2159 1485 2248 1540 28.
2285 1487 2408 1539 Ὅτι
2435 1485 2624 1557 ὑψώθη
2647 1487 2708 1540 τὸ
2739 1487 2908 1558 ὄνομα
2938 1487 3104 1540 αὑτοῦ
3130 1487 3314 1557 μόνου.

1533 1659 1912 1716 ATHANASll
1953 1659 2536 1716 INTERPRETATIO.

481 1849 569 1914 1⁸1,
614 1848 704 1904 18.
747 1843 1016 1900 Nimirum
1075 1825 1188 1915 igni
1263 1845 1550 1900 assitnilati
1607 1851 1736 1898 sunt
1807 1843 1983 1898 sancti
2017 1850 2058 1904 Β

397 1941 627 2012 apostoli
680 1939 1066 1994 comburentes
1108 1938 1417 1992 contrarias
1468 1945 1790 2006 potestates,
1837 1949 1974 2005 quo-

396 2033 542 2088 niam
588 2047 654 2086 ex
687 2031 831 2100 igne,
867 2030 962 2100 qui
997 2029 1112 2082 haec
1145 2029 1328 2080 omnia
1369 2027 1663 2089 consumit,
1693 2024 1974 2080 constituti

397 2133 548 2190 sunt,
571 2133 624 2177 et
657 2123 858 2191 impleti
889 2130 1038 2188 sunt,
1070 2122 1176 2176 hoc
1201 2129 1283 2176 est
1319 2119 1524 2189 Spiritu
1558 2125 1770 2173 sancto.
1811 2117 1976 2171 Simi-

397 2217 518 2271 liter
546 2215 768 2286 perinde
795 2229 860 2268 ae
892 2214 1101 2286 grando
1137 2221 1266 2267 sunt
1292 2213 1452 2265 iidem
1481 2209 1739 2280 apostoli,
1773 2208 1975 2263 caden-

395 2317 478 2364 tes
511 2308 655 2362 enim
688 2322 852 2376 super
901 2316 1181 2374 serpentes
1213 2313 1268 2358 et
1302 2305 1639 2372 scorpiones,
1679 2312 1732 2357 et
1757 2317 1973 2356 omnem

395 2397 605 2453 inimici
650 2405 994 2467 potestatem,
1031 2395 1492 2451 conculcaverunt
1533 2409 1628 2448 eos
1673 2409 1976 2462 eorumque

395 2491 692 2561 potentiam
725 2489 768 2522 “‘
804 2508 815 2542 :
857 2491 948 2543 nix
981 2502 1162 2544 autem
1191 2488 1354 2544 etiam
1385 2495 1757 2558 suntpropter
1790 2485 1974 2541 cordis

393 2581 748 2647 munditiem;
774 2593 826 2637 et
852 2581 1171 2653 crystallum
1221 2595 1440 2651 quoque
1470 2589 1600 2636 sunt
1624 2589 1849 2650 propter
1877 2595 1974 2634 eo-

393 2690 519 2731 rum
541 2673 916 2730 claritudinem
947 2683 1000 2729 et
1026 2673 1150 2729 fidei
1179 2673 1494 2728 ﬁrmitatem
1535 2691 1548 2726 :
1585 2673 1770 2742 itaque
1811 2673 1972 2742 ignis,

393 2765 619 2834 grando,
652 2763 766 2828 nix,
809 2765 1134 2834 crystallum
1186 2765 1502 2835 signiﬁcant
1548 2763 1654 2818 hoc
1688 2764 1808 2816 loco
1839 2779 1972 2831 apo-

395 2855 588 2920 stolos,
613 2855 1076 2925 quemadmodum
1101 2857 1537 2912 demonstratum
1569 2864 1672 2911 est.
1705 2854 1970 2925 Spiritum

393 2957 579 3004 autem
633 2949 887 3020 procella:
921 2951 1168 3005 invenies
1222 2950 1374 3004 illum
1427 2949 1890 3018 obtemperantem
1922 2947 1970 3001 ei

395 3043 454 3094 in
488 3039 656 3094 fluctu
701 3041 888 3104 maris,
933 3042 1156 3110 quando
1199 3041 1452 3096 dicebant
1507 3039 1737 3108 apostoli
1773 3057 1786 3092 :
1837 3037 1972 3102 Quis

391 3141 468 3186 est
497 3134 604 3198 hic,
636 3133 764 3202 quia
791 3143 838 3186 et
865 3135 1002 3186 venti
1039 3141 1088 3186 et
1127 3149 1270 3185 mare
1311 3131 1556 3184 obediunt
1587 3131 1634 3184 ei
1668 3130 1746 3182 ‘9?
1771 3130 1836 3183 de
1861 3145 1970 3200 quo

391 3221 555 3275 etiam
590 3191 866 3290 bropheta
911 3221 1050 3276 dixit
1100 3222 1155 3274 in
1201 3221 1344 3276 libro
1392 3219 1740 3275 Psalmorunt
1769 3220 1814 3250 ²⁰
1849 3191 1968 3272 ιἘε
1997 3191 2038 3247 c

393 3312 665 3378 imperavit
696 3311 960 3382 procellas,
993 3323 1038 3365 et
1075 3313 1224 3366 stetit
1247 3313 1302 3364 in
1329 3328 1468 3376 aere,
1493 3323 1540 3366 et
1577 3311 1834 3366 siluerunt
1865 3313 1970 3381 ﬂu-

391 3410 506 3453 ctus
558 3401 694 3470 ejus.
749 3401 996 3470 Apostoli
1049 3402 1217 3471 igitur
1261 3401 1424 3456 simul
1475 3411 1527 3456 et
1577 3411 1772 3458 ventus
1815 3413 1971 3457 erant

391 3500 523 3546 tunc
543 3491 598 3545 in
629 3491 902 3562 idipsum;
933 3492 1166 3561 apostoli
1195 3493 1414 3562 quidem
1463 3503 1770 3563 spectantes
1795 3495 1966 3548 mira-

391 3584 600 3649 culum,
643 3593 837 3638 ventus
883 3595 1066 3638 autem
1097 3585 1296 3640 cedens
1327 3586 1494 3640 verbo
1541 3587 1797 3656 imperii:
1841 3585 1965 3641 ideo

391 3675 615 3746 subjicit
665 3677 731 3732 de
774 3676 1033 3747 apostolis
1075 3686 1130 3731 et
1176 3677 1369 3746 spiritu
1421 3679 1759 3748 tempestatis
1791 3697 1804 3730 :
1834 3677 1966 3743 Qua:

391 3769 594 3837 faciunt
640 3769 851 3823 verbum
881 3770 1014 3838 ejus.

459 4027 548 4091 19,
589 4025 676 4079 20.
721 4025 996 4082 Sublimes
1043 4033 1362 4098 praaceptis,
1416 4039 1472 4084 et
1507 4031 1744 4086 humiles
1799 4033 1964 4086 corde

389 4119 646 4173 facientes
693 4117 930 4172 fructum
981 4119 1229 4188 iustitiae,
1280 4130 1334 4175 et
1385 4121 1686 4192 incorrupti
1745 4137 1960 4192 perma-

389 4215 598 4260 nentes.

454 4297 545 4351 21.
589 4296 645 4350 lu
687 4297 885 4352 eremis
919 4298 1183 4366 viventes,
1214 4309 1263 4354 et
1301 4302 1570 4356 mansueti
1599 4301 1784 4357 corde.

455 4472 544 4524 22.
587 4469 826 4540 Corpora
857 4480 912 4526 et
961 4473 1161 4528 anima:
1209 4485 1549 4532 sanctorum.

451 4561 542 4616 25.
583 4561 862 4632 Episc0pi,
891 4573 945 4618 et
983 4577 1176 4620 omnes
1211 4569 1394 4637 populi
1425 4571 1726 4628 credentes.

455 4656 545 4708 21.
591 4654 920 4724 Presbyteri.
947 4663 1003 4709 et
1029 4657 1124 4726 qui
1157 4660 1364 4714 mundo
1411 4664 1813 4720 renuntiarunt.

455 4745 550 4798 25.
587 4745 691 4810 Qui
734 4745 878 4799 male
905 4747 1184 4814 resistunt,
1214 4757 1267 4804 et
1295 4753 1484 4806 mundi
1512 4765 1640 4809 sunt
1668 4757 1850 4812 corde.

459 4919 548 4972 26.
587 4915 690 4984 Qui
736 4928 860 4973 ante
889 4933 1250 4987 spcraverunt
1293 4925 1346 4980 in
1396 4926 1639 4994 Christo,
1685 4939 1738 4984 et
1773 4932 1960 5002 cogni-

390 5012 537 5067 tione
567 5011 804 5081 perl'ecta
831 5024 1087 5084 aguntur,
1118 5027 1172 5070 et
1209 5017 1403 5073 ﬂorent
1430 5021 1481 5074 iu
1516 5021 1637 5077 ﬁde.

448 5101 538 5154 27.
581 5100 922 5160 Unanimiter
987 5123 1176 5162 omnes
1217 5125 1326 5163 uno
1377 5125 1471 5166 ore
1521 5124 1574 5168 et
1625 5131 1736 5170 uno
1794 5117 1956 5171 corde

387 5188 688 5248 laudabunt
723 5210 920 5250 nomen
957 5195 1192 5252 Domini.

452 5281 540 5336 28.
583 5281 854 5349 Quoniam
918 5304 1118 5344 nomen
1183 5291 1303 5360 ejus
1368 5291 1802 5350 demonstratum
1871 5305 1952 5352 est

388 5373 634 5428 omnium
671 5376 982 5435 dominans.

485 5631 528 5664 ⁸⁸
587 5635 716 5692 Luc.
783 5658 833 5704 κ,
889 5645 973 5698 19.
1076 5645 1320 5702 "Matth.
1353 5665 1470 5716 vm,
1519 5651 1607 5704 27.

2153 1841 2240 1902 17,
2275 1841 2363 1894 18.
2399 1841 2653 1909 Δηλονότι
2697 1841 2776 1910 τῷ
2809 1843 2944 1914 πυρὶ
2984 1843 3226 1896 ἐοίκασιν
3261 1844 3310 1895 οἱ
3347 1843 3496 1910 ἅγιοι
3531 1843 3666 1896 ἀπό-

2080 1933 2280 1996 στολοι,
2306 1933 2404 1994 τὰς
2431 1933 2676 1997 ἐναντίας
2697 1934 2952 2005 δυνάμεις
2985 1935 3419 2003 καταφλέγοντες
3437 1951 3452 1962 ·
3481 1935 3667 1988 ἐπειδῦ-

2077 2025 2170 2078 καὶ
2209 2023 2274 2079 ἐκ
2303 2025 2394 2078 τοῦ
2431 2027 2600 2098 σωρὸς
2623 2027 2794 2081 ταῦτα
2817 2029 2994 2082 πάντα
3021 2029 3516 2090 καταναλίσκοντος
3547 2029 3664 2082 ἐτά-

2077 2115 2306 2185 χθησαν,
2359 2117 2454 2170 καὶ
2499 2118 2994 2190 ἐνεπληρώθησαν,
3047 2121 3294 2172 τουτέστι
3345 2120 3666 2190 Πνεύματος

2075 2207 2251 2276 ἁγίου.
2305 2209 2535 2278 Ὁμοίως
2589 2211 2682 2263 καὶ
2730 2211 2940 2280 χάλαζα
2992 2214 3354 2282 τυγχάνουσιν
3411 2215 3464 2265 οἱ
3511 2215 3664 2266 αὐτοὶ

2077 2298 2360 2350 ἀπόστολοι
2385 2317 2396 2328 ·
2433 2299 2796 2368 ἐμπίπτοντες
2813 2303 2920 2372 γὰρ
2941 2305 3020 2365 εἰς
3039 2303 3166 2364 τοὺς
3193 2303 3361 2370 ὄφεας
3383 2303 3478 2355 καὶ
3504 2317 3664 2372 σκορ-

2077 2389 2252 2450 πίους,
2285 2389 2378 2440 καὶ
2419 2391 2596 2442 πᾶσαν
2640 2391 2738 2462 τὴν
2777 2393 3002 2462 δύναμιν
3033 2392 3123 2445 τοῦ
3158 2392 3378 2463 ἐχθροῦ,
3413 2392 3664 2446 κατεπά-

2075 2497 2202 2532 τουν
2239 2481 2457 2544 αὐτοὺς,
2487 2483 2581 2535 καὶ
2605 2484 2706 2554 τὴν
2739 2485 2918 2538 αὐτῶν
2945 2485 3176 2555 δύναμιν
3202 2501 3216 2514 ·
3247 2485 3380 2556 χιὼν
3415 2487 3474 2538 δὲ
3499 2487 3664 2540 πάλιν

2077 2573 2384 2643 ὑπάρχουσι
2447 2574 2538 2626 διὰ
2602 2575 2663 2628 τὸ
2711 2577 2948 2648 καθαρὸν
3017 2579 3194 2632 αὐτῶν
3245 2581 3345 2648 τῆς
3389 2579 3664 2650 καρδίας,

2075 2663 2168 2716 καὶ
2217 2663 2546 2734 κρύσταλλός
2590 2669 2696 2719 είσι
2749 2669 2836 2721 διὰ
2895 2669 2954 2721 τὸ
2995 2671 3260 2740 τηλαυγὲς
3315 2672 3534 2736 αὐτῶν,
3573 2674 3663 2726 καὶ

2079 2756 2296 2826 ἰσχυρὸν
2319 2757 2419 2826 τῆς
2451 2759 2722 2822 πίστεως·
2771 2760 2961 2814 οὐκοῦν
3019 2761 3150 2833 πῦρ.
3207 2763 3438 2832 χάλαζα,
3501 2765 3661 2834 χιὼν,

2075 2847 2404 2917 κρύσταλλος
2477 2852 2810 2922 ὑπάρχουσιν
2885 2853 3117 2905 ἐνταῦθα
3198 2855 3248 2905 oi
3341 2855 3666 2920 ἀπόστολοι,

2073 2937 2256 3002 καθὼς
2279 2941 2676 2995 ἀποδέδεικται.
2725 2943 2948 3014 Πνεῦμα
2973 2945 3026 2997 δὲ
3057 2945 3366 3013 καταιγίδος
3399 2947 3666 3016 εὑρήσεις

2073 3029 2248 3082 ἐκεῖνο
2275 3031 2335 3084 τὸ
2366 3032 2682 3088 ὑπακοῦσαν
2717 3034 2864 3103 αὐτῷ
2891 3037 2946 3087 ἐν
2972 3035 3048 3106 τῷ
3075 3037 3304 3090 κλύδωνι
3329 3037 3428 3108 τῆς
3453 3037 3663 3092 θαλάσ-

2076 3138 2194 3192 σης,
2223 3122 2310 3175 ὅτε
2339 3123 2524 3192 ἔλεγον
2554 3126 2602 3176 οἱ
2631 3126 2955 3180 ἀπόστολοι·
2993 3129 3090 3193 Τίς
3113 3129 3284 3180 ἐστιν
3313 3125 3528 3195 οὗτος,
3573 3131 3664 3184 ὁτι

2071 3211 2170 3264 καὶ
2204 3213 2428 3281 ἄνεμοι.
2465 3214 2623 3281 καὶὴ
2674 3214 2958 3268 θάλασσα
2987 3219 3406 3270 ὑπακούουσιν
3455 3220 3664 3285 αὐτῷ;

2072 3303 2200 3372 περὶ
2231 3295 2292 3354 οὗ
2339 3305 2430 3356 καὶ
2467 3305 2496 3356 ὁ
2523 3306 2812 3376 προφήτης
2854 3305 3040 3374 ἔλεγεν
3076 3309 3133 3360 ἐν
3163 3307 3332 3378 βίϐλῳ
3359 3309 3620 3380 Ψαλμῶν
3643 3329 3660 3342 ο

2070 3395 2179 3447 Kal
2213 3394 2464 3460 ἐπέταξε
2497 3395 2572 3464 τῇ
2599 3397 2890 3465 καταιγίδι
2915 3437 2929 3462 ,
2963 3399 3062 3452 καί
3095 3400 3242 3466 ἔστη
3294 3401 3384 3465 εὶς
3433 3401 3660 3468 αῡραν,

2071 3485 2166 3538 καὶ
2201 3486 2498 3554 ἐσίγησαν
2529 3487 2602 3540 τὰ
2628 3489 2860 3556 κύματα
2894 3488 3105 3556 αὐτῆς.
3137 3491 3198 3542 Oi
3243 3491 3535 3543 ἀπόστολοι
3567 3489 3662 3546 οὗν

2069 3573 2226 3644 ὁμοῦ,
2250 3577 2343 3628 καὶ
2371 3579 2401 3628 ὁ
2423 3577 2620 3648 ἄνεμος
2645 3575 2714 3648 ἦν
2738 3579 3040 3632 ἐπαναυτὸν
3069 3580 3198 3648 [ἐπὶ
3217 3581 3276 3632 τὸ
3295 3581 3464 3652 αὐτὸ]
3490 3584 3623 3636 τότε
3641 3601 3656 3614 ·

2067 3670 2115 3720 οἱ
2153 3667 2251 3738 μὲν
2285 3667 2572 3721 ἀπόστολοι
2604 3671 2910 3740 ἑωρακότες
2944 3671 3006 3723 τὸ
3041 3670 3244 3741 θαῦμα,
3289 3673 3318 3722 ὁ
3347 3672 3404 3725 δὲ
3447 3673 3658 3744 ἄνεμος

2067 3757 2419 3828 καταπτήξας
2471 3758 2551 3830 τῷ
2587 3759 2730 3830 λόγῳ
2762 3760 2855 3814 τοῦ
2901 3761 3348 3832 προστάγματος·
3395 3763 3490 3816 διὰ
3553 3766 3656 3837 γὰρ

2065 3847 2222 3900 τοῦτο
2253 3847 2447 3916 ἐπάγει
2481 3849 2608 3920 περὶ
2651 3848 2761 3903 τῶν
2809 3851 3120 3906 ἀποστόλων
3151 3851 3244 3904 καὶ
3275 3851 3370 3904 τοῦ
3401 3857 3653 3925 πνεύμα-

2065 3955 2154 4001 τος
2175 3939 2276 4008 τῆς
2299 3941 2609 4009 καταιγίδος
2628 3959 2642 3971 ·
2680 3941 2756 3995 Τὰ
2783 3943 3072 3996 ποιοῦντα
3103 3943 3409 4013 τὸνλόγον
3429 3949 3654 4002 αὐτοῦ.

2137 4029 2224 4092 19,
2260 4029 2350 4084 20.
2383 4030 2448 4086 ΟΞ
2478 4031 2670 4104 ὑψηλοὶ
2695 4036 2814 4096 ταῖς
2843 4035 3104 4099 ἐντολαῖς,
3149 4035 3244 4088 καὶ
3273 4039 3524 4090 ταπεινοὶ
3583 4041 3652 4108 τῇ

2064 4122 2282 4192 καρδίᾳ,
2321 4123 2362 4177 si
2389 4123 2666 4188 ποιοῦντες
2687 4125 2896 4196 καρπὸν
2909 4127 3272 4197 δικαιοσύνης,
3291 4129 3383 4180 καὶ
3409 4129 3646 4198 ἀσηπτοι

2063 4211 2424 4282 διαμένοντες.

2129 4301 2218 4355 21-
2259 4303 2349 4356 Ἐν
2375 4306 2495 4366 ταῖς
2529 4305 2756 4374 ἐρήμοις
2783 4303 3148 4375 διαιτώμενοι,
3185 4309 3280 4360 καὶ
3331 4311 3532 4378 πραεῖς
3577 4313 3644 4382 τῇ

2064 4394 2282 4464 καρδίᾳ.
2581 4447 2590 4452 .

2079 4503 2084 4510 ·
2131 4485 2220 4536 22.
2251 4484 2331 4538 Τά
2355 4485 2582 4555 σώματα
2613 4488 2708 4540 καὶ
2731 4489 2786 4539 αἱ
2819 4487 2988 4557 ψυχαὶ
3017 4507 3124 4542 των
3148 4489 3340 4556 ἁγίων.

2129 4577 2219 4630 25.
2256 4579 2315 4630 OE
2347 4579 2654 4642 ἐπίσκοποι,
2678 4582 2770 4632 καὶ
2805 4581 3004 4644 πάντες
3025 4581 3144 4635 λαοὶ
3185 4584 3233 4634 oi
3267 4585 3638 4649 πιστεύοντες.

2129 4669 2218 4722 24.
2251 4673 2311 4721 Οί
2341 4669 2700 4741 πρεσϐύτεροι
2727 4673 2817 4724 καὶ
2845 4674 2893 4724 oi
2913 4672 2992 4743 τῷ
3009 4675 3194 4744 κόσμῳ
3211 4675 3636 4745 ἀποταξάμενοι.

2129 4759 2219 4812 25.
2251 4761 2312 4812 Οἱ
2335 4759 2712 4832 ἀνθιστάμενοι
2739 4763 2816 4834 τῷ
2841 4765 3080 4834 πονηρῷ,
3109 4766 3202 4818 καὶ
3221 4766 3392 4838 ἁγνὴν
3421 4767 3636 4838 ἔχοντες

2057 4849 2156 4920 τὴν
2193 4851 2438 4921 καρδίαν.

2131 4940 2222 4996 26.
2257 4943 2318 4994 Οί
2358 4943 2753 5012 προηλπικότες
2778 4947 2834 4998 ἐν
2853 4945 2931 5015 τῷ
2951 4947 3190 5018 Χριστῷ,
3215 4949 3308 5002 καὶ
3337 4952 3404 5020 τῇ
3435 4949 3636 5018 γνώσει

2059 5031 2277 5096 τελείως
2299 5033 2608 5104 φερόμενοι,
2643 5035 2805 5087 κα.ὶοὶ
2833 5037 3120 5101 ἀνθοῦντες
3149 5041 3276 5109 περὶ
3295 5041 3394 5110 τὴν
3425 5041 3628 5094 πίστιν.

2129 5121 2220 5175 27.
2259 5123 2628 5194 Ὀμοθυμαδὸν
2651 5125 2708 5178 ὲν
2739 5128 2819 5180 ἐνὶ
2855 5129 3111 5198 στόματι,
3157 5131 3250 5182 καὶ
3290 5132 3390 5200 μιᾷ
3435 5131 3630 5201 καρδίᾳ

2058 5213 2424 5282 ἀνυμνήσουσι
2451 5213 2508 5266 τ’)
2545 5213 2716 5286 ὄνομα
2749 5216 2954 5286 Κυρίου
2987 5216 3205 5280 πάντες.

2126 5303 2216 5357 28.
2252 5306 2380 5357 Ὅτι
2399 5306 2459 5358 τὸ
2486 5305 2664 5377 ὄνομα
2684 5308 2846 5362 αὐτοῦ
2870 5307 3161 5380 ἀπεδείχθη
3209 5306 3462 5367 κυοιεῦον
3493 5309 3620 5363 πᾶν·

2063 5413 2092 5445 τ
2097 5413 2171 5447 ων
2177 5435 2190 5446 .

1690 5653 1734 5682 ²⁰
1775 5651 1918 5706 Psal.
1963 5669 2082 5718 cvt,
2131 5654 2220 5709 29.

3549 285 3676 340 1536
3767 347 3774 352 _
