3860 6220
147 349 169 402 1
183 352 304 404 557

224 473 328 526 29.
369 471 433 525 Ἡ
462 471 848 544 ἐξομολόγησις
871 470 1034 523 αὐτοῦ
1064 471 1156 524 ἐπὶ
1179 473 1281 542 γῆς
1315 473 1409 524 καὶ
1435 471 1682 543 οὐρανοῦ,

223 567 325 621 50.
351 567 463 620 Καὶ
493 564 695 634 ὑψώσει
729 563 896 635 κέρας
919 561 1049 615 λαοῦ
1073 563 1259 615 αὐτοῦ.

225 658 324 710 51.
359 657 566 726 ’Ύμνος
594 657 728 708 πᾶσι
750 656 860 716 τοῖς
889 653 1056 716 ὁσίοις
1079 653 1266 717 αὐτοῦ,

221 746 320 800 5⁸2.
355 746 480 808 Τοῖς
503 746 638 808 υίοῖς
683 743 919 815 Ἰσραὴλ,
949 742 1062 812 λαῷ
1092 742 1360 810 ἐγγίζοντι
1389 743 1555 814 αὐτῷ.

545 856 898 922 Ἀλληλούϊα
961 859 1132 910 ΨΑΛ.
1164 861 1270 910 ΡΜ
1273 859 1326 909 Θ¹
1333 896 1348 911 .

225 945 285 998 1.
319 946 518 1016 ’ᾼσατε
549 945 625 1016 τῷ
649 946 838 1015 Κυρίῳ
867 942 1016 1016 ᾆσμα
1047 946 1230 999 καινόν
1249 962 1264 978 ο

221 1037 288 1091 2.
329 1038 391 1090 Ἢ
418 1036 621 1100 αἴνεσις
645 1037 807 1090 αὐτοῦ
841 1040 898 1089 ἐν
927 1038 1187 1108 ἐκκλησίᾳ
1212 1039 1394 1090 ὁσίων.

223 1130 287 1184 5.
317 1129 685 1202 Εύφρανθήτω
716 1128 928 1199 Ἰσραὴλ
957 1131 1048 1182 ἐπὶ
1085 1125 1164 1200 τῷ
1186 1131 1470 1199 ποιήσαντι
1503 1128 1682 1191 αὑτὸν,

227 1221 287 1274 4.
327 1221 436 1274 Καὶ
469 1219 575 1274 υἱοὶ
600 1219 736 1273 Σιὼν
762 1219 1206 1288 ἀγαλλιάσοωσαν
1256 1221 1348 1272 ἐπὶ
1402 1219 1480 1289 τῷ
1529 1217 1738 1287 βασιλεῖ

148 1311 365 1366 αὐτῶν.

228 1403 287 1458 5.
319 1404 697 1458 Αίνεσάτωσαν
721 1402 779 1455 τὸ
802 1401 970 1472 ὄνομα
997 1399 1159 1453 αὖτοῦ
1198 1402 1254 1452 ἐν
1285 1399 1450 1470 χορῷ,

1089 357 1179 411 DE
1216 357 1492 414 TITULIS
1524 357 1976 416 PSALMORUM.
2015 391 2087 401 —
2133 359 2326 414 PSAL.
2369 359 2590 417 CXLIX.

3268 369 3287 420 ί
3300 367 3406 424 558

1767 479 1815 534 Α
1911 475 2001 529 29.
2039 472 2328 528 Confessio
2355 475 2476 543 ejus
2505 488 2668 542 super
2695 482 2895 528 terram
2932 486 2985 530 et
3007 474 3227 542 caelum,

1907 567 1996 620 50.
2038 565 2104 619 Et
2130 566 2389 619 exaltabit
2419 582 2588 620 eornu
2637 569 2819 635 populi
2854 569 2959 622 sui.

1907 656 1993 708 5-1.
2041 655 2283 725 Hymnus
2316 656 2571 709 omnibus
2599 657 2803 710 sanctis
2837 657 2978 726 ejus,

1910 747 2001 799 52.
2041 745 2194 800 Filiis
2219 745 2408 811 Israel,
2443 746 2646 814 populo
2679 747 3136 815 appropinquanti
3177 746 3300 802 sibi.

2212 857 2460 910 Alleluia.
2522 855 2723 913 PSAL.
2777 857 3026 912 CXLIX.

1911 950 1961 1003 1.
2013 947 2240 1002 Cantale
2274 948 2504 1002 Domino
2533 949 2802 1004 canticum
2847 966 3048 1004 novum
3077 968 3092 1005 :

1907 1040 1960 1092 2.
2003 1035 2146 1092 Laus
2189 1041 2306 1107 ejus
2349 1041 2402 1092 in
2443 1039 2672 1094 ecclesia
2721 1050 3058 1096 sanctorum.

1913 1131 1966 1182 5.
2009 1130 2242 1183 Lietetur
2276 1129 2442 1184 Israel
2465 1131 2517 1183 in
2543 1147 2630 1193 eo,
2659 1133 2752 1202 qui
2788 1131 2915 1186 fecit
2943 1150 3092 1200 eum,

1913 1219 1966 1271 4.
2007 1218 2070 1271 Et
2111 1218 2204 1270 lilii
2243 1217 2373 1271 Sion
2421 1221 2695 1274 exsultent
2726 1221 2779 1274 in
2812 1237 2937 1292 rege
2971 1239 3091 1278 suo.

1916 1395 1969 1450 ὕ.
2009 1394 2254 1448 Laudent
2302 1410 2498 1448 nomen
2534 1395 2652 1465 ejus
2681 1396 2734 1450 in
2761 1398 2952 1461 choro,

1285 1550 1662 1606 ATllA‘NASll
1703 1547 2289 1603 INTERPRETATIO.

222 1712 322 1767 29.
352 1711 461 1765 Καὶ
483 1712 573 1765 ἐπὶ
617 1712 717 1782 γῆς
753 1712 861 1782 γὰρ
898 1711 1049 1773 ὄντες
1083 1710 1229 1780 αὑτῴ
1270 1707 1735 1779 ἐξομολογούμεθα

1907 1708 1996 1761 29.
2039 1706 2172 1762 Nam
2213 1718 2267 1762 et
2313 1708 2368 1762 in
2419 1717 2560 1762 terra
2595 1708 2922 1764 exsistentes
2954 1719 3172 1779 peccata
3220 1720 3406 1768 nostra

147 1804 256 1867 τὰς
293 1803 567 1874 ἁμαρτίας
613 1803 791 1874 ἡμῶν,
828 1803 922 1855 καὶ
959 1802 1119 1856 πάλιν
1159 1804 1214 1853 ὲν
1262 1799 1475 1870 ούρανῴ
1526 1800 1731 1862 πάντας

148 1897 310 1967 ἡμᾶς
340 1895 420 1947 δεῖ
447 1895 790 1966 παραστῆναι
814 1893 892 1964 τῷ
925 1895 1125 1965 βήματι
1163 1893 1324 1946 αὑτοῦ
1349 1893 1439 1944 τοῦ
1468 1893 1730 1963 Χριστοῦ,

149 1987 344 2050 καθὼς
375 1983 526 2039 εἶπεν
553 1989 581 2040 ὁ
625 1986 961 2048 Ἀπόστολος.

221 2075 320 2128 50.
355 2075 462 2126 Καὶ
486 2073 584 2144 τὴν
613 2074 888 2144 βασιλείαν
919 2073 1013 2126 τοῦ
1037 2073 1166 2128 λαοῦ
1190 2073 1542 2146 ἀτελεύτητον
1575 2075 1732 2145 ποιή-

149 2180 262 2217 σει.

225 2255 323 2310 51.
363 2256 621 2318 Ἐπαινος
649 2256 784 2308 πᾶσι
807 2258 922 2318 τοῖς
948 2255 1138 2319 ὁσίοις.

218 2343 318 2398 52.
345 2345 469 2406 Τοῖς
504 2345 637 2408 υἱοῖς
659 2344 764 2397 τῶν
797 2343 966 2410 ἁγίων
990 2342 1320 2408 ἀποστόλων,
1347 2343 1453 2397 τῶν
1483 2344 1730 2415 ὁρώντων

148 2434 320 2486 αὐτὸν
343 2436 408 2504 τῇ
426 2433 634 2504 διανοίᾳ
656 2451 668 2463 ·
695 2433 850 2486 τοῦτο
889 2432 997 2504 γὰρ
1036 2433 1394 2505 ἑρμηνεύεται
1462 2435 1729 2504 Ἰσραὴλ,

157 2524 324 2593 ἀνὴρ
355 2524 507 2592 ὁρῶν
540 2525 706 2578 Θεόν.

1837 1804 1939 1872 ipsi
1982 1805 2348 1868 'conﬁtemur,
2400 1814 2454 1859 et
2521 1823 2712 1861 rursus
2767 1808 2821 1860 in
2872 1810 3011 1862 ccelo
3067 1826 3256 1866 omnes
3309 1829 3408 1866 nos

1835 1903 2049 1962 oportet
2081 1905 2228 1949 stare
2263 1905 2389 1949 ante
2436 1897 2670 1950 tribunal
2701 1897 2872 1968 ipsius
2899 1899 3121 1964 Christi,
3146 1903 3407 1970 quemad-

1836 1987 2055 2039 modum
2101 1987 2238 2041 dixit
2269 1989 2562 2056 Apostolus
2603 1989 2669 2042 “.

1905 2075 1993 2130 50.
2035 2074 2099 2130 Et
2132 2092 2358 2147 regnum
2391 2081 2573 2149 populi
2607 2081 2799 2135 elliciet
2835 2082 3245 2151 sempiternum.

1907 2259 1997 2311 5|.
2040 2259 2183 2315 Laus
2217 2262 2473 2316 omnibus
2515 2263 2738 2319 sanctis.

1909 2348 1998 2402 52.
2043 2348 2198 2404 Filiis
2273 2363 2591 2405 sanctorum
2668 2355 3038 2422 apostolorum
3106 2354 3404 2410 videntium

1835 2453 1960 2493 eum
1992 2451 2204 2508 mente;
2234 2441 2306 2494 ita
2341 2443 2487 2496 enim
2533 2444 2929 2515 interpretatur
2977 2444 3171 2510 Israel,
3203 2445 3284 2501 vir
3328 2449 3405 2501 υί-

1837 2530 1964 2585 dens
1991 2530 2180 2588 Deum.

234 2681 304 2731 Ἥ
360 2679 690 2750 προκειμένη
737 2679 1016 2750 ἐπιγραφὴ
1061 2679 1334 2749 περιέχει⁶
1391 2678 1766 2748 Ἁλληλούϊα,
1806 2683 1942 2754 ὅπερ
1999 2685 2363 2756 ἑρμηνεύεται
2409 2689 2708 2755 αἱνέσατε,
2757 2689 3066 2758 ὐμινήσατε
3112 2691 3218 2744 τὸν
3265 2690 3406 2745 ὄντα

150 2771 266 2824 Θεό
270 2789 326 2822 ν.
699 2798 718 2816 .
850 2795 858 2800 -

222 2864 442 2920 Titulus
481 2866 803 2935 prmpositus
854 2865 1133 2920 continet:
1172 2865 1434 2932 Alleluia,
1465 2868 1611 2936 quod
1662 2868 2052 2936 interpretatur
2103 2867 2342 2933 laudate,
2380 2868 2631 2936 hymnum
2675 2867 2835 2919 dicite
2881 2866 2984 2919 Deo
3017 2882 3155 2924 vero.

221 2983 278 3036 ‘l.
312 2982 517 3052 ’Ύμνον
550 2981 909 3053 ἀναπέμψατε
933 2981 1010 3051 τῷ
1044 2981 1232 3052 Κυρίῳ
1281 2982 1546 3053 καθαρὸν·
1580 2982 1728 3052 ὅμως
1755 2969 1798 3025 C

151 3073 250 3126 καὶ
308 3073 482 3135 ἄλλως
537 3077 738 3126 νοεῖται
784 3076 811 3126 ὁ
852 3074 1012 3136 αὐτὸς
1045 3073 1247 3143 στίχος,
1273 3073 1354 3126 ὅτι
1380 3073 1545 3144 ὕμνον
1577 3073 1733 3142 δόξης

151 3167 349 3219 εἴπατε
375 3164 454 3234 τῷ
479 3164 666 3235 Κυρίῳ
699 3165 837 3234 ὑπὲρ
869 3163 962 3217 τοῦ
1006 3164 1208 3227 πάθους
1241 3164 1426 3229 αὑτοῦ,
1472 3165 1529 3217 ὃν
1561 3165 1734 3228 οὐδεὶς

149 3257 346 3326 εἴρηκε
384 3253 489 3306 τῶν
523 3253 830 3324 ἔμπροσθεν
855 3252 1074 3321 γενεῶν,
1105 3256 1153 3306 εί
1187 3255 1260 3325 μὴ
1297 3255 1453 3325 μόνον
1478 3255 1658 3325 ἡμεῖς,
1685 3256 1732 3306 οἱ

150 3347 484 3416 θεασάμενοι
519 3346 612 3399 καὶ
641 3346 970 3408 ἀκούσαντες
991 3346 1080 3397 τὸν
1112 3346 1264 3398 Θεὸν.

219 3439 281 3490 2.
326 3437 390 3489 Ἠ
442 3436 548 3507 γὰρ
599 3438 802 3498 αἴνεσις
865 3437 1029 3489 αὑτοῦ
1086 3436 1302 3503 λέγεται
1361 3439 1418 3488 ἐν
1471 3437 1735 3507 ἐκκλησία

149 3531 340 3593 ὁσίων,
365 3529 638 3581 τουτέστιν
673 3529 730 3580 ὲν
761 3532 1035 3600 συστροφῇ
1070 3529 1175 3580 τῶν
1199 3529 1388 3596 ἁγίων.
1423 3530 1609 3600 Ὅμως
1642 3530 1733 3580 καὶ

149 3623 330 3685 ἄλλως
364 3623 608 3674 νοεῖταιὸ
648 3620 809 3684 αὐτὸς
861 3621 1072 3689 στίχος·
1120 3621 1182 3671 Ἢ
1223 3620 1427 3682 αἴνεσις
1480 3620 1641 3671 αὑτοῦ
1676 3621 1731 3670 ὲν

149 3717 276 3777 ταῖς
303 3713 548 3783 καρδίαις
573 3713 666 3765 xa‘t
694 3714 749 3764 ὲν
789 3716 900 3774 τοῖς
932 3712 1117 3782 μέλεσι
1153 3711 1260 3763 τῶν
1292 3711 1489 3778 ἁγίων·
1545 3711 1732 3779 Ὑμεῖς

151 3805 288 3874 γὰρ,
340 3805 499 3872 φησὶν
526 3805 553 3856 ὁ
597 3803 938 3866 ’Λπόστολος,
968 3803 1112 3867 ναὸς
1141 3803 1286 3856 Θεοῦ
1313 3803 1478 3854 ἐστε·
1517 3803 1609 3854 καὶ
1632 3801 1734 3853 πά-

149 3896 233 3948 λιν
255 3913 269 3924 ⁸
303 3898 422 3948 Οὐκ
452 3895 670 3957 οἴδατε,
708 3895 795 3948 ὅτι
823 3896 894 3948 τὰ
929 3895 1170 3964 σώματα
1212 3894 1376 3963 ὑμῶν
1418 3897 1564 3959 νιιτ¹ς
1603 3895 1732 3945 ἐστι

149 3986 260 4042 τοῦ
293 3986 517 4055 ἐνύμῖν
540 3987 710 4056 ἁγίου
742 3988 1104 4054 Πνεύματος,
1134 3982 1205 4041 οὗ
1232 3987 1398 4055 ἔχετε
1422 3986 1538 4040 ἀπὸ
1563 3984 1728 4039 Θεοῦ.

221 4179 278 4232 5.
312 4175 681 4245 Εὐφρανοήτω
719 4177 747 4228 ὁ
775 4174 902 4238 λαὸς
955 4192 982 4227 ο
1016 4173 1430 4243 πεφωτισμένος
1476 4171 1573 4242 τὴν
1620 4172 1732 4225 διὰ-

1906 2985 1958 3038 l.
1999 2983 2271 3056 llymnum
2324 2982 2586 3036 mundum
2638 2983 2868 3035 emittite
2921 2979 3195 3033 Domino:
3252 2980 3447 3032 aliter-

1832 3077 1998 3132 etiam
2023 3077 2111 3130 hic
2143 3075 2448 3129 versiculus
2488 3073 2712 3142 intelligi
2757 3080 2953 3140 potest,
2987 3070 3215 3134 scilicet,
3249 3070 3405 3140 bym-

1834 3186 1962 3223 num
1991 3169 2175 3238 glorice
2203 3168 2366 3221 dicite
2420 3165 2649 3218 Domino
2687 3165 2753 3217 de
2783 3164 3034 3230 passione
3063 3163 3205 3230 ejus,
3241 3177 3404 3230 quem

1834 3253 1984 3306 nulla
2014 3252 2152 3306 dixit
2197 3250 2592 3318 praeteritarum
2642 3247 3055 3316 generationum
3088 3246 3192 3300 nisi
3230 3247 3404 3300 solum

1834 3357 1956 3400 nos.
1989 3341 2081 3409 qui
2117 3341 2352 3392 vidimus
2378 3348 2432 3391 et
2460 3338 2769 3391 audivimus
2804 3337 2993 3388 Deum.

1901 3436 1956 3488 2.
1996 3434 2144 3488 Laus
2176 3434 2319 3489 enim
2350 3432 2468 3500 ejus
2495 3431 2692 3483 dicitur
2715 3429 2766 3481 in
2807 3427 3037 3482 ecclesia
3067 3435 3404 3482 sanctorum.

1833 3526 1939 3581 hoc
1964 3536 2048 3579 est
2082 3527 2133 3578 in
2166 3524 2584 3592 congregatione
2631 3531 2966 3574 sanctorum.
3023 3517 3405 3572 Verumtamen

1833 3620 1990 3672 aliter
2014 3619 2174 3671 etiam
2203 3615 2545 3684 interpretari
2575 3621 2749 3681 potest
2768 3613 2903 3663 idem
2932 3625 3124 3663 versus
3152 3627 3164 3662 :
3192 3624 3406 3676 nempe,

1833 3710 1951 3763 laus
1981 3709 2099 3776 ejus
2147 3710 2199 3760 in
2236 3706 2493 3759 cordibus
2539 3714 2590 3756 et
2623 3705 2674 3754 in
2727 3702 2988 3754 membris
3045 3708 3404 3752 sanctorum:

1833 3799 1944 3854 Vos
1982 3801 2162 3861 enim,
2195 3797 2372 3865 inquit
2403 3794 2723 3863 Apostolus,
2761 3791 3007 3859 templum
3040 3789 3133 3840 Dei
3167 3789 3291 3840 estis
3322 3789 3403 3851 ";

1831 3903 1885 3946 et
1945 3907 2185 3945 rursus:
2237 3893 2314 3940 Au
2377 3887 2611 3949 nescitis,
2662 3885 2912 3953 quoniam
2964 3896 3188 3948 corpora
3237 3888 3406 3932 vestra

1833 3981 2078 4050 templum
2111 3987 2229 4031 sunt
2259 3978 2489 4045 Spiritus
2514 3977 2704 4039 sancti,
2740 3974 2828 4042 qui
2864 3973 2915 4024 in
2951 3971 3092 4023 vobis
3124 3977 3224 4032 est,
3249 3983 3404 4037 quem

1829 4072 2032 4124 habetis
2059 4088 2088 4122 a
2125 4071 2226 4121 Deo
2263 4070 2307 4098 ³³
2331 4069 2353 4118 ’ί

1900 4164 1954 4217 5.
1994 4161 2226 4214 Laetetur
2250 4156 2481 4226 populus
2509 4163 2687 4208 mente
2709 4152 3049 4205 illuminatus
3068 4151 3121 4203 in
3146 4147 3401 4214 Domino,

151 4286 302 4323 νοιαν
331 4269 421 4321 ἐπὶ
439 4267 515 4337 τῷ
549 4265 736 4336 Κυρίῳ
766 4265 842 4335 τῷ
867 4267 1152 4334 ποιήσαντι
1179 4265 1362 4328 αὑτὸν,
1387 4263 1478 4315 καὶ
1512 4265 1567 4314 ἐν
1588 4263 1726 4333 ἀρχῇ

1846 4255 1926 4324 lui
1958 4253 2084 4307 fecit
2110 4266 2256 4312 eum,
2291 4259 2342 4300 et
2375 4248 2442 4300 ab
2495 4247 2672 4312 initio,
2712 4245 2839 4297 etin
2883 4244 3175 4311 baptismo.
3228 4239 3402 4294 Israel

151 4363 247 4415 καὶ
291 4361 349 4412 ὲν
391 4358 468 4429 τῷ
501 4358 865 4428 βαπτίσματι·
912 4355 1147 4422 Ἰσραὴλ
1185 4355 1294 4425 γὰρ
1349 4353 1726 4424 ἑρμηνεύεται,

150 4454 228 4518 ὡς
263 4453 519 4515 πολλάκις
556 4453 877 4522 εἰρήκαμεν,
906 4451 1051 4514 νοῦς
1079 4448 1232 4516 ὁρῶν
1255 4448 1419 4500 Θεόν.

223 4545 279 4598 AL
315 4546 424 4598 Καὶ
454 4547 503 4598 oi
534 4546 636 4597 υἱοὶ
656 4545 752 4612 τῆς
781 4543 1101 4612 ἐπουρανίου
1147 4539 1499 4610 Ἰερουσαλὴμ
1527 4537 1728 4599 πόλεως

151 4635 599 4706 ἀγαλλιὰσοωσαν
631 4634 723 4686 ἐπὶ
751 4632 827 4702 τῷ
852 4633 1036 4702 Κυρίῳ
1081 4630 1252 4698 Ἰησοῦ
1285 4629 1362 4698 τῷ
1392 4627 1598 4698 βασιλεῖ
1629 4627 1728 4678 αύ-

150 4729 289 4781 τῶν’
326 4727 479 4781 Σιὼν
497 4727 606 4797 γὰρ
631 4725 990 4797 ἑρμηνεύεται
1026 4724 1206 4786 τόπος
1245 4721 1396 4773 ὅπου
1433 4721 1471 4788 ἡ
1502 4716 1721 4784 σκηνή,

224 4820 276 4874 5.
313 4819 692 4871 Aivsad'rwsav
721 4816 881 4868 αὑτὸν
915 4816 972 4866 ἐν
1004 4813 1098 4884 ὅλη
1125 4813 1342 4883 καρδία,
1380 4810 1474 4864 καὶ
1507 4811 1562 4862 ὲν
1585 4811 1722 4872 ὅλοις

150 4918 265 4977 τοῖς
295 4912 510 4982 μέλεσιν
545 4910 720 4962 αὐτῶν
740 4927 751 4938 ·
782 4908 856 4970 ὡς
895 4907 1000 4977 γὰρ
1027 4908 1054 4957 ὀ
1083 4903 1261 4976 ’χορὸς
1290 4904 1572 4956 ὑπόκειται
1619 4901 1722 4952 ὑπὸ

153 5005 229 5076 (l)
255 5005 526 5074 διαφόρων
568 4999 888 5071 ἀνθρώπων,
915 4998 1055 5050 οὓτω
1093 4996 1278 5050 καὶτὰ
1310 4997 1443 5066 μέλη
1474 4994 1722 5062 σύγκειν-
1766 5063 1773 5071 _

149 5115 238 5150 ται
266 5097 323 5148 ὲν
355 5095 432 5164 τῷ
458 5091 755 5164 ἀνθρώπῳ·
787 5094 844 5144 ἐν
876 5090 1013 5152 ὅλοις
1039 5087 1130 5142 οὖν
1157 5092 1269 5152 τοῖς
1301 5087 1511 5158 σώμασι
1548 5087 1641 5140 καὶ
1660 5087 1718 5140 ὲν

151 5191 216 5260 τῇ
248 5187 445 5258 καρδίᾳ
480 5185 728 5239 αἰνέσατε
753 5181 914 5237 αὑτὸν
945 5182 1011 5236 δι’
1038 5182 1213 5252 ἔργων
1247 5178 1486 5248 ἀγαθῶν.

217 5371 259 5402 ¹¹
311 5367 474 5425 Hebr.
517 5385 571 5432 ι,
605 5368 690 5421 Η.

792 5366 836 5397 ’³
869 5361 1046 5420 1Cor.
1077 5377 1161 5429 ιιι,
1193 5352 1293 5426 l6;
1349 5357 1391 5412 ll
1420 5357 1550 5413 Cor.
1584 5373 1655 5424 vn,
1699 5356 1785 5411 16.

1831 4346 1976 4400 enim
2043 4344 2457 4409 interpretatur,
2527 4347 2585 4392 ut
2647 4336 2844 4405 saapius
2920 4335 3198 4396 diximus,
3257 4349 3398 4384 meus

1829 4431 2004 4485 videns
2049 4429 2232 4481 Deum.

1897 4527 1951 4576 4.
1995 4522 2059 4574 Et
2088 4520 2180 4572 lilii
2221 4518 2460 4573 caelestis
2489 4515 2725 4570 civitatis
2753 4513 3092 4566 Hierusalem
3127 4511 3399 4566 exsultent

1827 4617 1882 4672 in
1912 4616 2142 4670 Domino
2176 4611 2301 4666 Jesu
2354 4612 2594 4679 ipsorum
2633 4623 2798 4676 rege:
2851 4605 2979 4660 Sion
3026 4604 3172 4659 enim
3224 4605 3396 4657 inter-

1827 4718 2071 4780 pretatur
2116 4706 2256 4758 locus
2302 4703 2390 4755 ubi
2422 4699 2844 4754 tabernaculum.

1898 4801 1953 4855 5.
2004 4797 2251 4851 Laudent
2279 4810 2401 4848 eum
2435 4793 2488 4845 in
2519 4802 2630 4846 toto
2662 4792 2845 4856 corde,
2887 4797 2944 4844 et
2973 4789 3027 4843 in
3063 4788 3192 4841 totis
3225 4802 3398 4839 mem-

1829 4895 1941 4949 bris
1969 4891 2082 4945 suis
2110 4906 2124 4954 ;
2153 4885 2609 4956 quemadmodum
2641 4883 2784 4937 enim
2829 4882 3030 4936 chorus
3053 4878 3398 4947 componitur

1828 5003 1859 5042 a
1893 4981 2125 5040 diversis
2149 4977 2482 5036 hominibus,
2514 4977 2588 5029 ita
2627 4974 2790 5028 etiam
2825 4972 3066 5026 membra
3092 4969 3397 5038 composita

1828 5088 1953 5135 Sunt
1999 5078 2050 5132 in
2092 5078 2354 5131 homine:
2390 5077 2440 5128 iu
2503 5084 2616 5128 toto
2663 5073 2825 5142 igitur
2858 5085 3085 5141 corpore
3130 5076 3184 5124 et
3228 5067 3398 5123 corde

1823 5169 2042 5227 laudate
2073 5184 2198 5224 eum
2223 5183 2317 5237 per
2347 5167 2488 5220 bona
2519 5179 2700 5234 opera.

1876 5354 1922 5385 ³³
1959 5351 1976 5405 l
2015 5349 2140 5406 Cor.
2181 5365 2255 5412 vr,
2286 5346 2369 5402 19.

1055 5538 1358 5600 Addenda
1410 5544 1470 5598 et
1503 5532 1877 5612 corrigenda
1932 5549 2008 5593 ex
2057 5531 2194 5593 cod.
2241 5527 2442 5592 Vatic.

220 5705 298 5775 (1)
345 5704 480 5758 Ὑπὸ
509 5703 780 5773 διαφόρων
808 5701 951 5755 ἰδίων
978 5699 1182 5771 κύκλῳ,
1214 5697 1354 5753 οὕτω
1392 5700 1503 5761 τοῖς
1536 5697 1770 5768 σώμασι,
1805 5695 1940 5750 καθὰ
1969 5695 2330 5768 προείπαμεν,
2355 5693 2448 5746 καὶ
2469 5693 2527 5746 ὲν
2550 5705 2639 5763 τῃ,
2675 5705 2782 5748 etc.
