3860 6220
435 320 571 377 1559

501 432 555 489 6.
597 431 656 486 ln
688 441 941 502 tympano
965 438 1021 485 et
1053 431 1312 501 psalterio
1363 432 1598 500 psallam
1650 434 1721 487 ei.

499 526 555 581 7.
596 523 733 590 Quia
765 523 1158 592 beneplacitum
1187 534 1271 577 est
1306 522 1536 575 Domino
1568 523 1620 575 in
1656 523 1853 593 populo
1883 539 2003 585 suo,

502 617 556 673 8.
599 616 665 669 Et
704 616 967 671 exaltabit
998 624 1314 670 mansuetos
1354 617 1409 669 in
1437 616 1688 670 salutem.

502 710 555 764 9.
593 707 959 763 Exsultabunt
987 709 1159 762 sancti
1189 709 1241 761 in
1268 708 1437 776 gloria
1473 725 1487 760 :

508 801 597 855 10.
637 798 705 854 Et
733 800 1061 855 lzetabuntur
1089 800 1141 852 in
1181 799 1453 853 cubilibus
1493 797 1632 851 suis.

506 890 593 944 11.
636 888 1325 959 Exaltationeslexaltatio]
1348 888 1439 942 Dei
1471 890 1523 943 in
1545 898 1762 959 gutture
1791 902 2005 953 eorum,

508 1073 597 1128 i2.
638 1072 702 1127 Et
732 1070 894 1142 gladii
929 1069 1195 1137 ancipites
1246 1069 1300 1122 in
1352 1066 1604 1121 manibus
1654 1080 1867 1120 eorum.

508 1164 595 1220 15.
635 1162 719 1215 Ad
762 1160 1067 1214 faciendam
1102 1159 1400 1212 vindictam
1443 1158 1496 1210 in
1534 1156 1865 1219 nationibus,

508 1255 596 1308 14.
638 1252 1045 1321 lncrepationes
1078 1250 1135 1302 in
1179 1248 1416 1317 populis.

508 1346 596 1400 15.
636 1344 717 1399 Ad
746 1342 1048 1413 alligandos
1077 1355 1233 1409 reges
1283 1353 1471 1393 eorum
1527 1337 1581 1389 in
1629 1334 2009 1404 compedibus,

512 1438 602 1494 16.
645 1437 712 1492 Et
734 1438 942 1492 nobiles
970 1448 1161 1489 eorum
1193 1434 1247 1486 in
1286 1432 1517 1486 manicis
1550 1430 1767 1485 ferreis.

510 1615 600 1670 17.
640 1612 706 1670 Ut
737 1612 942 1668 faciant
982 1613 1036 1665 in
1069 1612 1148 1665 eis
1180 1609 1445 1679 judicium
1488 1606 1855 1674 conscriptum
1889 1647 1901 1659 .

510 1708 599 1764 18.
639 1706 823 1762 Gloria
856 1706 969 1758 haec
993 1711 1076 1757 est
1097 1702 1352 1756 omnibus
1400 1699 1602 1755 sanctis
1637 1698 1776 1766 ejus.

1305 319 1363 374 S.
1406 319 1774 376 ATHANASII
1818 320 1970 376 OPP.
2005 318 2185 375 PARS
2224 319 2312 376 Ill.
2349 352 2420 364 —
2454 318 2873 376 EXEGETICA.

3556 323 3712 379 1540

2037 437 2081 492 Α
2177 432 2229 485 6.
2274 432 2361 484 Ἐν
2390 432 2659 501 τυμπάνῳ
2690 432 2784 483 καὶ
2815 430 3098 503 ψαλτηρίῳ
3126 431 3454 502 ψαλὰτωσαν
3486 436 3658 506 αὐτῷ.

2176 522 2229 575 7.
2265 523 2387 575 ’Ότι
2416 522 2626 574 εὐδοκεῖ
2649 522 2853 591 Κύριος
2881 524 2937 575 ἐν
2970 523 3048 593 τῷ
3076 525 3189 595 λαῷ
3211 526 3374 579 αὐτοῦ
3393 567 3409 589 ,

2173 613 2228 666 8.
2271 614 2381 665 Καὶ
2404 612 2611 680 ὑψώσει
2643 616 2839 682 πραεῖς
2862 614 2919 665 ἐν
2946 615 3212 686 σωτηρίᾳ.

2174 705 2227 758 9.
2277 705 2657 773 Καυχήσονται
2684 704 2821 756 ὅσιοι
2857 705 2915 755 ἐν
2943 704 3092 776 δόξῃ·

2178 792 2266 846 10.
2304 794 2413 844 Kal
2444 792 2865 861 ἁγαλλιάσονται
2889 794 2982 845 ἐπὶ
3009 793 3119 845 τῶν
3148 793 3341 847 κοιτῶν
3363 795 3565 848 αὐτῶν.

2182 883 2269 937 11.
2304 885 2367 935 Al
2392 883 2625 953 ὑψώσεις
2649 883 2704 955 [ἡ
2730 883 2961 956 ῦψωσις]
2985 884 3078 937 τοῦ
3113 884 3247 937 Θεοῦ
3275 887 3333 937 ἐν
3359 885 3437 956 τῷ
3464 886 3714 956 λάρυγγι

2112 991 2312 1037 αυτων,

2187 1065 2275 1117 12.
2309 1066 2419 1117 Kal
2451 1068 2714 1136 ρομφαῖαι
2745 1067 2986 1138 δίστομοι
3032 1070 3090 1121 ἐν
3118 1071 3236 1132 ταῖς
3268 1068 3461 1140 χερσὶν
3494 1066 3709 1122 αὐτῶν.

2183 1153 2269 1205 15.
2300 1153 2405 1206 Τοῦ
2446 1156 2668 1225 ποιῆσαι
2696 1157 2975 1227 ἐκδίκησιν
3000 1161 3057 1211 ἐν
3088 1162 3199 1221 τοῖς
3225 1159 3457 1225 ἔθνεσιν,

2186 1243 2270 1296 14.
2320 1244 2613 1313 Ἐλεγμοὺς
2645 1249 2701 1299 ἐν
2728 1251 2839 1310 τοῖς
2872 1248 3039 1311 λαοῖς.

2187 1334 2274 1388 15.
2307 1336 2413 1387 Τοῦ
2446 1336 2604 1406 δῆσαι
2639 1339 2765 1401 τοῦς
2796 1341 3038 1410 βασιλεῖς
3062 1340 3239 1394 αὐτῶν
3260 1343 3317 1394 ἐν
3342 1342 3559 1409 πέδαις,

2189 1428 2274 1481 16.
2306 1430 2416 1482 Kal
2442 1433 2567 1497 τοὺς
2592 1434 2837 1501 ἐνδόξους
2860 1437 3038 1491 αὐτῶν
3073 1440 3129 1491 ἐν
3165 1440 3511 1510 χειροπέδαις
3551 1442 3709 1513 σιδη-

2117 1536 2258 1588 ραις.

2186 1610 2273 1662 17.
2312 1612 2418 1665 Τοῦ
2452 1618 2672 1685 ποιῆσαι
2700 1617 2758 1669 ἐν
2792 1619 2977 1682 αὐτοῖς
3007 1624 3181 1691 κρῖμα
3205 1622 3520 1693 ἐγγραπτον
3545 1640 3562 1656 ο

2193 1701 2278 1755 18.
2306 1702 2444 1767 Δόξα
2476 1704 2616 1777 αῦτη
2656 1707 2806 1761 ἔσται
2838 1712 2972 1763 πᾶσι
3012 1716 3123 1776 τοῖς
3155 1714 3321 1778 ὁσίοις
3352 1715 3522 1769 αὑτοῦ

1575 1877 1949 1935 ATHANASII
1988 1876 2571 1942 INTERPRETATIO.

511 2066 565 2122 6.
605 2064 671 2121 Et
720 2062 1108 2119 mortiﬁcantes
1157 2076 1216 2115 se
1260 2059 1431 2130 ipsos,
1474 2066 1528 2113 et
1576 2056 1761 2127 repleti
1808 2054 2013 2125 Spiritu

2168 2054 2240 2113 ’6.
2265 2062 2376 2114 Kal
2400 2064 2770 2135 νεκρὼσαντες
2793 2068 3038 2131 ἑαυτοὺς,
3060 2070 3153 2120 καὶ
3174 2068 3506 2139 πλησθέντες
3529 2068 3680 2122 Ilva}

445 2165 632 2213 sancto
656 2153 1035 2225 gloriﬁcabunt
1065 2166 1213 2205 eum.

514 2248 564 2302 7.
605 2248 744 2315 Quia
774 2248 1025 2303 voluntas
1060 2246 1179 2314 ejus
1217 2244 1270 2297 in
1293 2242 1426 2312 ipsis
1457 2249 1559 2296 est.

513 2338 568 2392 8.
609 2337 673 2390 Et
696 2337 1023 2407 glorilicabit
1054 2336 1370 2389 obedientes
1401 2334 1455 2386 in
1492 2329 1776 2401 praeceptis
1814 2328 1928 2383 suis
1960 2327 2016 2381 in

446 2428 607 2482 vitam
637 2436 915 2481 aeternam.

510 2520 564 2574 9.
607 2518 999 2573 Gloriabuntur
1028 2514 1262 2585 apostoli
1312 2514 1368 2567 in
1419 2512 1538 2581 ipso
1572 2509 1803 2565 Domino
1865 2517 1919 2562 et
1959 2508 2015 2562 in

446 2626 605 2666 cruce
636 2610 833 2681 ipsius,
869 2606 1331 2679 quemadmodum
1366 2604 1499 2659 dicit
1531 2601 1866 2671 Apostolus:
1911 2598 2015 2664 Qui

446 2712 620 2755 autem
665 2702 925 2772 gloriatur
957 2701 1011 2753 in
1054 2698 1279 2751 Domino
1310 2696 1565 2767 glorietur
1611 2694 1688 2760 ";
1740 2702 1840 2748 et:
1881 2691 2017 2745 Mihi

446 2805 617 2847 autem
661 2792 800 2846 absit
839 2792 1083 2862 gloriari,
1134 2792 1241 2845 nisi
1276 2792 1332 2843 in
1381 2805 1533 2842 cruce
1586 2787 1797 2842 Domini
1848 2788 2017 2840 nostri

447 2886 569 2940 Iesu
602 2886 801 2941 Christi
831 2887 897 2937 ⁸⁵.

513 2978 602 3033 10.
644 2977 709 3032 Et
739 2978 1093 3033 exsultabunt
1120 2978 1171 3030 in
1219 2976 1436 3031 mternis
1475 2975 1835 3045 reqnietibus.

516 3073 602 3126 11.
646 3070 1093 3126 Ρτκάὶοοιίοηοῐη
1159 3069 1357 3123 divinae
1427 3067 1701 3137 passionis
1752 3064 2015 3119 inclama—

447 3163 602 3217 bunL

518 3255 608 3309 12.
650 3252 857 3309 Veteris
898 3261 953 3307 et
997 3251 1131 3306 Novi
1189 3250 1526 3307 Testamenti
1560 3264 1755 3305 sensus
1796 3248 1853 3301 in
1884 3262 2011 3302 cor-

446 3346 608 3400 dibus
657 3360 873 3401 eorum.
924 3344 1175 3397 Attamen
1226 3343 1387 3397 etiam
1442 3342 1600 3395 aliter
1653 3338 2010 3405 intelligitur:

448 3438 680 3503 scilicet,
720 3438 861 3491 dona
894 3435 1066 3491 sancti
1117 3433 1357 3503 Spiritus
1387 3432 1442 3485 in
1491 3431 1746 3485 manibus
1781 3443 2012 3495 eorum;

448 3536 718 3599 quotquot
741 3528 884 3582 enim
910 3541 1046 3597 opus
1075 3526 1404 3581 habentibus
1425 3522 1773 3592 imponebant
1799 3538 2015 3587 manus,

448 3622 654 3676 dabant
676 3622 809 3691 ipsis
834 3620 1096 3690 Spiritum
1122 3626 1395 3683 sanctum,
1420 3625 1474 3671 et
1498 3623 1765 3685 quotquot
1788 3614 2018 3669 inﬁrmis

449 3728 649 3768 manus
706 3711 1095 3782 imponebant,
1146 3710 1413 3764 sanabant
1463 3723 1578 3764 eos.
1644 3705 2017 3776 Egritudines

449 3807 620 3873 enim,
656 3806 761 3860 hoc
793 3814 875 3859 est
903 3804 1211 3859 contrarias
1259 3810 1581 3875 potestates,
1614 3798 2020 3853 mortilicabant

449 3898 650 3952 virtute
681 3896 856 3952 sancti
885 3894 1145 3963 Spiritus.

522 3987 608 4041 15.
648 3988 730 4041 Ad
765 3986 1079 4040 liberandas
1119 3999 1308 4054 gentes
1346 3997 1375 4035 a
1403 3980 1694 4036 contrariis
1738 3975 2021 4049 potestati-

449 4080 575 4143 bus,
602 4094 723 4149 qua:
748 4088 907 4132 antea
933 4078 986 4130 in
1026 4079 1175 4146 ipsas
1200 4076 1645 4129 dominabantur.

522 4170 612 4224 H.
651 4169 733 4223 Ad
760 4168 1196 4238 redarguendam
1234 4167 1286 4219 in
1326 4166 1541 4234 populis
1573 4162 1879 4227 audaciam,
1912 4175 2020 4230 qua

449 4270 639 4317 contra
673 4261 841 4315 Deum
879 4261 963 4313 usi
995 4267 1148 4314 sunt.

523 4352 608 4411 15.
653 4350 737 4405 Ad
765 4350 1067 4421 alligandos
1092 4348 1367 4404 daemones
1397 4354 1687 4417 regnantes
1715 4344 1769 4399 in
1795 4344 1902 4400 illis
1926 4360 2021 4414 per

449 4451 732 4513 peccatum
746 4481 760 4499 .

522 4534 605 4586 16.
648 4532 992 4601 Principatus
1039 4540 1091 4585 et
1143 4539 1442 4600 potestates
1500 4529 1709 4584 inimici
1785 4528 2021 4583 vinculis

447 4625 665 4680 aaternis
697 4625 798 4679 sub
832 4624 1120 4695 caliginem
1169 4622 1539 4686 tradiderunt,
1579 4629 1637 4675 ut
1677 4619 2021 4675 custodiren-

448 4729 537 4773 tur
567 4718 619 4772 in
653 4718 793 4772 diem
819 4716 1009 4784 iudicii
1036 4718 1103 4774 ".

520 4810 608 4877 17,
644 4808 732 4863 18.
772 4806 845 4863 Ut
877 4807 1081 4863 faciant
1130 4806 1422 4862 vindictam
1458 4805 1511 4859 in
1553 4804 1764 4875 populis
1788 4811 1842 4860 et
1877 4819 2013 4875 gen-

449 4903 612 4959 tibus.

518 5100 565 5132 “
612 5100 633 5153 Ι
666 5100 791 5155 Cor.
830 5116 884 5164 I,
918 5100 979 5153 51
1110 5100 1156 5131 ’³
1187 5097 1362 5154 Galat.
1398 5112 1471 5161 vr,
1514 5097 1602 5151 M.
1679 5097 1725 5129 "
1763 5094 1893 5151 Jud.
1924 5095 1996 5163 _6.

2122 2168 2290 2222 ματος
2319 2155 2476 2222 ἁγίου
2506 2157 2906 2228 ἁνυμνήσουσιν
2936 2160 3117 2213 αὐτόν.

2188 2243 2240 2295 7.
2279 2244 2400 2296 ’Ότι
2421 2244 2631 2315 θέλημα
2664 2248 2829 2301 αύτοῦ
2874 2251 2930 2301 ἐν
2962 2250 3144 2313 αὐτοῖς
3172 2252 3308 2303 ἐστι.

2186 2330 2237 2384 8.
2276 2331 2385 2384 Kal
2409 2333 2621 2399 δοξάσει
2652 2336 2778 2398 τοὺς
2810 2337 3185 2400 ὑπακούοντας
3212 2339 3271 2390 ἐν
3302 2341 3424 2401 ταῖς
3458 2337 3709 2401 ἐντολαῖς

2116 2420 2281 2473 αὐτοῦ
2310 2425 2389 2486 εἰς
2422 2424 2565 2493 ζωὴν
2594 2428 2831 2479 αἰώνιον.

2186 2513 2237 2567 9.
2278 2516 2657 2585 Καυχήσονται
2687 2521 2738 2570 οί
2774 2520 3062 2573 ἀποστόλοι
3098 2522 3156 2573 ἐν
3191 2520 3340 2591 αὐτῷ
3375 2519 3455 2591 τῷ
3485 2521 3709 2592 Κυρίῳ.

2116 2606 2209 2657 καὶ
2238 2607 2295 2658 ἐν
2320 2606 2396 2677 τῷ
2427 2610 2645 2682 σταυρῷ
2672 2612 2859 2676 αὑτοῦ,
2889 2613 3069 2676 καθώς
3094 2630 3256 2684 φησιν
3285 2615 3313 2666 ὁ
3351 2614 3709 2679 ’Δπόστολοςο

2128 2696 2181 2748 '0
2215 2696 2283 2750 δὲ
2322 2701 2705 2771 καυχώμενος
2756 2706 2825 2757 ἐν
2856 2704 2936 2769 τῷ
2960 2704 3158 2783 ιιρίῳ
3192 2705 3547 2773 καυχάσθω·
3583 2709 3710 2771 καὶ,

2128 2791 2287 2859 Ἐμοὶ
2327 2791 2401 2861 (1)
2436 2792 2504 2845 δὲ
2542 2794 2627 2863 μὴ
2674 2794 2903 2864 γένοιτο
2944 2796 3305 2865 καυχᾶσθαι,
3329 2800 3382 2851 εὶ
3407 2798 3494 2867 μὴ
3522 2799 3598 2852 ὲν
3622 2800 3712 2866 τῷ

2114 2882 2351 2951 σταυρῷ
2384 2885 2489 2937 τοῦ
2521 2888 2740 2953 Kvplov
2770 2888 2941 2956 ἡμῶν
2974 2887 3170 2955 Ἰησοῦ
3203 2889 3482 2957 Χριστοῦ.

2185 2972 2272 3025 10.
2303 2974 2412 3026 Kal
2428 2975 2838 3043 ἁγαλλιάσονται
2857 2980 2936 3041 είς
2950 2978 3048 3041 τὰς
3066 2981 3317 3043 αἰωνίους
3334 2979 3707 3044 ἀναπαύσεις.

2115 3152 2147 3203 6
2185 3066 2271 3164 11.
2311 3065 2383 3117 Τὸ
2411 3069 2674 3137 κήρυγμα
2708 3066 2815 3121 τῶν
2868 3069 3207 3140 παθημάτων
3261 3071 3356 3124 τοῦ
3388 3071 3523 3124 Θεοῦ
3564 3073 3710 3125 ἀνα-

2148 3170 2257 3203 οωσ
2280 3170 2328 3203 ν.

2148 3170 2257 3204 οωσ
2280 3170 2328 3205 ν.

2182 3243 2270 3297 12.
2304 3245 2413 3315 Τῆς
2432 3244 2675 3309 Παλαιᾶς
2714 3247 2807 3299 καὶ
2838 3246 2984 3311 Νέας
3036 3248 3310 3320 Διαθήκης
3345 3250 3414 3304 τὰ
3447 3250 3710 3320 νοήματα

2046 3370 2090 3427 c
2121 3339 2179 3427 ἐν
2205 3340 2323 3427 ταῖς
2347 3338 2594 3407 καρδίαις
2628 3339 2825 3391 αὐτῶν.
2859 3340 3047 3409 Ὅμως
3074 3340 3130 3393 δέ
3152 3340 3227 3409 (2)
3248 3340 3421 3404 άλλως
3458 3344 3666 3394 νοεῖται
3687 3359 3707 3373 ·

2124 3426 2251 3498 [ὅτι]
2279 3420 2353 3480 ὧν
2380 3428 2446 3481 τὰ
2476 3428 2789 3499 χαρίσματα
2810 3429 2903 3481 τοῦ
2936 3430 3092 3497 ἁγίου
3136 3430 3452 3500 Πνεύματος
3491 3432 3550 3483 ἐν
3579 3435 3710 3497 ταῖς

2117 3522 2301 3591 χερσὶν
2332 3520 2721 3583 αύτῶν.Ὂσοις
2748 3521 2855 3591 γὰρ
2876 3521 3151 3591 ἐπέθηκαν
3177 3521 3276 3585 τὰς
3297 3525 3483 3593 χεῖρας
3510 3524 3710 3594 χρείαν

2118 3612 2370 3681 ἔχουσιν,
2401 3612 2601 3665 ἐδίδουν
2663 3615 2842 3675 αὐτοῖς
2875 3612 3098 3682 Πνεῦμα
3152 3614 3337 3681 ἅγιον·
3404 3614 3499 3667 καὶ
3551 3615 3711 3677 ὅσοις

2118 3701 2420 3774 ἀρρώστοις
2467 3704 2749 3758 ἐπετίθουν
2784 3705 2881 3768 τὰς
2908 3707 3113 3775 χεῖρας,
3149 3706 3302 3758 ἰῶντο
3345 3704 3562 3768 αύτούς.
3622 3705 3709 3759 Τά

2117 3795 2225 3865 γὰρ
2250 3795 2437 3866 πάθη,
2478 3797 2723 3848 τουτέστι
2763 3796 2861 3858 τὰς
2904 3796 3153 3858 ἐναντίας
3180 3796 3458 3864 δυνάμεις,
3511 3795 3709 3850 ἐθανάο

2116 3906 2242 3941 τουν
2266 3892 2332 3959 τῇ
2364 3889 2589 3959 δυνάμει
2622 3890 2716 3941 τοῦ
2748 3890 2904 3957 ἁγίου
2928 3891 3262 3961 Πνεύματος.

2189 3979 2276 4031 15.
2307 3979 2411 4030 Τοῦ
2464 3978 2824 4048 ἐλευθερῶσαι
2861 3979 2926 4031 τὰ
2977 3978 3103 4049 ἔθνη
3162 3979 3269 4031 ἀπὸ
3298 3978 3406 4030 τῶν
3440 3979 3708 4032 ἐναντίων

2117 4069 2395 4140 δυνάμεων
2417 4070 2524 4122 τῶν
2546 4072 2606 4123 τὸ
2624 4071 2884 4141 πρότερον
2906 4071 3477 4123 καταδυναστευόντων
3496 4069 3703 4123 αὐτῶν.

2188 4163 2274 4215 14.
2312 4164 2417 4215 Τοῦ
2450 4164 2661 4230 ἐλέγξαι
2699 4165 2756 4215 ἐν
2788 4167 2899 4226 τοῖς
2928 4164 3073 4226 λαοῖς
3107 4164 3182 4232 (5)
3229 4162 3575 4233 τὴν’τόλμαν
3600 4164 3701 4215 αύ-

2118 4255 2246 4317 τῶν,
2281 4256 2377 4325 τὴν
2409 4255 2549 4307 κατὰ
2582 4254 2675 4307 τοῦ
2708 4254 2843 4307 Θεοῦ
2882 4255 3276 4324 γεγενημένην.

2195 4346 2281 4399 15.
2309 4346 2413 4398 Τοῦ
2443 4346 2601 4416 δῆσαι
2635 4348 2759 4406 τοὺς
2811 4346 3072 4417 δαίμονας
3128 4347 3255 4408 τοὺς
3315 4344 3702 4416 βασιλεύοντας

2120 4435 2297 4488 αὐτῶν
2325 4437 2410 4489 διὰ
2438 4436 2536 4505 τῆς
2560 4436 2851 4505 ἁμαρτίας.

2196 4524 2278 4577 16.
2312 4525 2521 4594 Tag”)
2551 4526 2725 4595 ἀρχὰς
2766 4526 2861 4578 καὶ
2908 4526 3006 4589 τὰς
3056 4525 3302 4590 ἐξουσίας
3349 4524 3445 4578 τοῦ
3502 4525 3699 4597 ἐχθροῦ

2118 4617 2335 4685 δεσμοῖς
2363 4616 2553 4679 ἀϊδίοις
2587 4617 2691 4669 ὑπὸ
2720 4615 2883 4686 ζόφου
2928 4616 3253 4688 παρέδωκαν
3287 4616 3574 4687 τηρεῖσθαι
3619 4620 3701 4680 είς

2046 4723 2090 4777 [)
2116 4709 2329 4783 ἡμέραν
2362 4708 2614 4780 κρίσεως.

2191 4809 2278 4871 17,
2315 4806 2403 4861 18.
2431 4806 2537 4859 Τοῦ
2573 4807 2743 4860 ποιεῖν
2788 4805 2865 4877 (5)
2906 4807 2962 4858 ἐν
2995 4807 3107 4869 τοῖς
3152 4804 3300 4869 λαοῖς
3330 4805 3427 4859 καὶ
3477 4805 3538 4858 ἐν
3587 4807 3699 4868 τοῖς

2120 4899 2327 4953 ἔθνεσιν
2357 4898 2654 4969 ἐκδίκησιν.

1353 5276 1654 5339 Addenda
1692 5281 1755 5337 et
1787 5274 2176 5353 Corrigenda
2222 5291 2302 5335 ex
2349 5279 2486 5335 cod.
2538 5274 2742 5336 Vatic.

517 5424 592 5491 (1)
628 5422 737 5477 Kal
766 5422 889 5494 ἐμοὶ
924 5421 997 5494 μὴ
1036 5422 1119 5494 είη
1148 5423 1469 5494 καυχᾶσθαι,
1506 5425 1554 5477 εί
1586 5424 1683 5495 μή,
1708 5432 1836 5490 etc.;
1884 5426 2011 5481 mel.

445 5508 597 5634 fugi)
628 5563 939 5634 "Op-(09ml
964 5561 1139 5634 ἄλλως
1165 5564 1381 5633 νοητέον
1420 5564 1487 5616 τὰ
1524 5565 1871 5634 χαρίσματα,
1909 5574 2011 5619 etc.

449 5632 633 5705 ’ξΟσοις
658 5632 765 5705 γριρ
792 5632 887 5705 ἐάν
917 5632 1213 5705 ἐπέθηκαν,
1242 5632 1349 5687 etc.
1382 5632 1755 5705 Τάγὰρπὰθη
1790 5635 2016 5687 ἔκοπτον

446 5701 541 5753 ἀπ’
572 5700 772 5764 αὐτῶν,
801 5701 900 5763 τὰς
924 5702 977 5755 δὲ
1004 5702 1256 5767 ποιούσας
1288 5704 1355 5759 τά
1378 5700 2011 5776 πάθη,’τουτέστιν,θιρ.,

2118 5422 2410 5496 ἐθανάτουν
2457 5423 2550 5496 τοῦ
2610 5424 2766 5496 ἁγίου
2797 5424 3115 5496 Πνεύματος
3137 5428 3203 5496 τῇ
3236 5425 3486 5495 δυνάμει.

2189 5495 2269 5561 (5)
2301 5496 2464 5557 Δαοῖς
2482 5493 2591 5545 τῶν
2628 5493 2914 5555 Ἰουδαίων,
2954 5504 3062 5547 etc.
3177 5493 3201 5496 ’⁷
3375 5493 3384 5495 “
3420 5503 3431 5513 '

2189 5564 2265 5635 (fi)
2296 5564 2407 5635 Kal
2441 5565 2563 5635 τὰς,
2579 5573 2681 5618 etc.
2715 5565 2817 5616 ὑπὸ
2838 5565 2999 5633 ζόφον
3022 5564 3359 5635 παρέδωκεν,
3382 5573 3490 5635 etc.

2190 5632 2407 5704 (5)7T06
2445 5633 2691 5702 ποιῆσαι,
2726 5643 2829 5689 etc.
2867 5632 3144 5704 ἐκδίκησιν
3196 5639 3335 5687 κατὰ
3387 5634 3499 5687 τῶν
3539 5633 3693 5690 ἐναν-

2119 5704 2248 5758 τίων
2274 5703 2576 5772 δυνάμεων.
