3860 6220
95 327 237 384 1541

527 445 906 516 Ἀλληλούτα.
942 449 1119 505 ΨΑΛ.
1150 453 1284 506 PN'.

161 535 220 590 1.
261 536 480 590 Αἰνεῖτε
513 536 603 590 τὸν
625 536 758 589 Θεὸν
783 537 840 589 ὲν
873 539 985 600 τοῖς
1010 539 1188 606 ἁγίοις
1209 540 1373 594 αὑτοῦ
1393 557 1410 573 ο

160 625 217 679 2.
240 628 459 679 Αἰνεῖτε
481 628 644 681 αὐτὸν
666 630 723 680 ὲν
742 645 832 680 στε
842 626 1079 698 ρεώματι
1097 632 1195 701 τῆς
1208 631 1490 703 δυνάμεως
1507 632 1689 688 αὐτοῦ.

158 717 214 771 5.
245 718 465 771 Αἰνεῖτε
490 719 653 771 αὐτὸν
676 719 768 772 ἐπὶ
796 722 915 782 ταῖς
943 720 1287 785 δυναστείαις
1312 724 1478 777 αὑτοῦ
1499 739 1513 753 ⁸

160 808 218 861 4.
252 811 472 864 Αἰνεῖτε
510 811 673 865 αὐτὸν
705 810 926 865 κατὰτὸ
959 812 1160 884 πλῆθος
1189 815 1288 885 τῆς
1323 816 1694 887 μεγαλοσύνης

94 899 295 954 αὐτοῦ.

163 992 220 1047 5.
252 994 472 1046 Αἰνεῖτε
500 994 665 1048 αὐτὸν
686 994 743 1046 ὲν
768 994 885 1065 ἤχῳ
914 994 1232 1064 σάλπιγγος·

160 1084 219 1138 6.
253 1084 475 1136 Αἰνεῖτε
504 1086 668 1138 αὐτὸν
692 1086 749 1137 ὲν
773 1085 1059 1157 ψαλτηρίῳ
1080 1088 1176 1139 καὶ
1208 1088 1428 1159 κιθάρᾳ.

163 1174 219 1227 ’1.
249 1175 469 1227 Αἰνεῖτε
501 1176 665 1229 αὐτὸν
691 1178 749 1229 ὲν
779 1178 1049 1247 τυμπάνῳ
1073 1178 1167 1231 καὶ
1188 1181 1333 1250 χορῷ
1354 1195 1368 1209 ο

163 1265 220 1320 8.
253 1266 473 1319 Αἰνεῖτε
500 1268 664 1321 αὑτὸν
698 1269 757 1320 ὲν
779 1269 996 1339 χορδαῖς
1030 1270 1123 1323 καὶ
1151 1271 1388 1342 ὀργάνῳ.

163 1354 221 1410 9.
249 1357 471 1410 Αἰνεῖτε
503 1357 668 1410 αὑτὸν
696 1358 753 1411 ὲν
783 1356 1089 1427 κυμϐάλοις
1117 1360 1361 1429 summ;-

168 1443 261 1501 10.
293 1445 509 1499 Αἰνεῖτε
540 1446 703 1499 αὐτὸν
736 1447 794 1500 ὲν
817 1446 1119 1517 κυμϐάλοις
1140 1447 1479 1519 ἀλαλαγμοῦ.

1073 328 1163 384 DE
1201 330 1485 389 TITULIS
1528 332 1981 391 PSALMORUM.
2023 364 2095 376 ——
2126 333 2326 390 PSAL.
2368 334 2475 391 CL.

1718 459 1769 518 Α

3244 337 3309 393 13
3323 338 3380 392 i2

2239 451 2506 522 jAlleluia.
2562 450 2765 509 PSAL.
2818 452 2925 513 CL.

1872 542 1924 596 1.
1981 539 2220 596 Laudate
2255 539 2549 595 Dominum
2577 541 2632 595 in
2661 543 2867 597 sanctis
2894 543 3013 613 ejus
3047 561 3062 598 :

1866 633 1926 686 2.
1966 632 2212 688 Laudate
2240 648 2364 687 eum
2394 634 2449 687 in
2488 633 2835 689 ﬁrmamento
2861 635 3078 691 virtutis
3106 635 3247 706 ejus.

1873 724 1927 777 3.
1969 722 2215 777 Laudate
2245 738 2369 777 eum
2403 722 2459 777 in
2488 723 2786 779 virtutibus
2815 724 2934 795 ejus
2967 744 2979 779 :

1874 816 1925 868 4.
1973 814 2215 869 Laudate
2263 831 2389 870 eum
2449 816 2751 871 secundum
2805 817 3216 875 multitudinem
3263 834 3381 874 ma-

1803 907 2108 976 gnitudinis
2153 907 2295 976 ejus.

1873 996 1925 1051 5.
1969 995 2213 1051 Laudate
2246 1012 2372 1051 eum
2415 997 2469 1051 in
2498 1013 2634 1053 sono
2665 998 2809 1054 tubae
2838 1017 2854 1054 :

1872 1086 1925 1141 6.
1967 1085 2209 1141 Laudate
2239 1102 2365 1142 eum
2396 1088 2451 1141 in
2496 1089 2756 1158 psalterio
2787 1099 2841 1145 et
2875 1090 3109 1149 cithara.

1876 1176 1926 1231 7.
1969 1176 2215 1233 Laudate
2246 1192 2371 1232 eum
2403 1178 2461 1232 in
2504 1188 2762 1249 tympano
2784 1190 2840 1235 et
2864 1182 3032 1237 choro
3065 1201 3081 1237 :

1871 1268 1925 1322 8.
1966 1268 2212 1351 Laudate
2240 1286 2365 1325 eum
2411 1271 2466 1325 in
2500 1271 2723 1328 chordis
2754 1284 2807 1328 ct
2839 1289 3067 1345 organo.

1871 1359 1926 1414 9.
1966 1359 2213 1416 Laudate
2239 1376 2365 1416 eum
2391 1362 2448 1416 in
2478 1363 2749 1434 cy-mbalis
2774 1364 3278 1421 benesonantibus:

1871 1452 1960 1508 10.
2002 1451 2247 1509 Laudate
2273 1468 2399 1509 eum
2430 1454 2486 1508 in
2514 1455 2784 1526 cymbalis
2814 1455 3179 1527 jubilationis.

1232 1625 1606 1682 ΑΤΗΑΝΑΞΙΙ
1645 1627 2247 1693 INTEBPRETATIO.

166 1771 557 1847 Interpretatio
583 1818 599 1845 ,
632 1793 722 1832 seu
767 1779 1029 1849 expositio
1074 1780 1249 1834 ultimi
1277 1782 1475 1850 psalmi
1508 1782 1653 1839 deest
1694 1785 1752 1839 in
1793 1786 1974 1842 codice
2012 1787 2331 1845 Barberino.

731 1935 881 1987 ΨΑΛ
895 1975 907 1987 .
940 1936 1073 1988 PN'.

180 2024 247 2077 Ἠ
274 2026 620 2097 προκειμένη
665 2027 1010 2098 ἐπιγραφὴή
1048 2026 1135 2080 διὰ
1181 2027 1279 2097 τῆς
1325 2028 1699 2101 κινναϐάρεως

99 2115 381 2188 περιέχει·
418 2117 816 2186 Ἁλληλοωα,
873 2118 948 2180 ὡς
998 2117 1340 2189 προείρηκα,
1392 2120 1487 2171 καὶ
1536 2119 1699 2173 πάλιν

102 2205 244 2275 λέγω
263 2227 275 2238 ·
304 2208 620 2273 Αἰγὲσατε,
655 2208 970 2278 ὐμνήσατε
1001 2209 1106 2262 τὸν
1135 2209 1280 2262 ὄντα
1317 2211 1485 2263 Θεόν.

170 2300 224 2353 1.
255 2302 474 2353 Αἰνεῖτε
489 2300 581 2353 τὸν
602 2300 735 2355 Θεὸν
760 2302 818 2353 ὲν
850 2303 962 2363 τοῖς
988 2301 1161 2368 ἁγίοις
1188 2301 1375 2354 αὐτοῦ.

166 2391 387 2443 Αἰνεῖτε
434 2390 526 2443 τὸν
579 2389 710 2443 Θεὸν
759 2392 818 2443 ὲν
869 2393 983 2453 τοῖς
1024 2389 1203 2457 ἁγίοις
1242 2389 1405 2443 αὑτοῦ
1437 2431 1452 2455 ,
1500 2390 1594 2443 καὶ
1643 2392 1701 2445 ὲν

104 2483 212 2544 τοῖς
237 2482 422 2550 ἁγίοις
453 2482 878 2554 προστάγμασιν
911 2480 1100 2534 αὑτοῦ.

169 2573 225 2626 2.
253 2576 469 2627 Αἰνεῖτε
487 2574 647 2628 αὐτὸν
667 2576 724 2627 ὲν
743 2572 1083 2644 στερεώματι
1098 2572 1196 2642 τῆς
1211 2572 1489 2644 δυνάμεως
1511 2572 1698 2627 αὑτοῦ.

184 2667 279 2720 Ἐν
309 2670 377 2738 τῇ
413 2666 595 2719 πίστει
638 2667 739 2738 τῆς
761 2666 983 2737 χάριτος
1013 2663 1203 2719 αὐτοῦ.

172 2757 227 2811 5.
260 2760 474 2811 Αἰνεῖτε
503 2757 664 2811 αὑτὸν
693 2760 785 2811 ἐπὶ
813 2761 934 2821 ταῖς
958 2756 1300 2820 δυναστείαις
1325 2757 1491 2810 αὐτοῦ
1513 2771 1528 2788 ’

187 2850 281 2903 Ἐν
306 2852 425 2914 τοῖς
451 2850 768 2921 παθήμασιν
792 2849 981 2904 αὑτοῦ.

177 2942 230 2996 4.
262 2944 476 2996 Αἰνεῖτε
497 2943 659 2997 αὐτὸν
683 2943 824 2997 κατὰ
857 2943 918 2996 τὸ
951 2943 1155 3014 πλῆθος
1186 2943 1287 3014 τῆς
1317 2942 1704 3015 μεγαλωσύνης

112 3034 298 3088 αὐτοῦ.

180 3126 382 3190 Καθὼς
414 3125 672 3197 ἀνίκητος
695 3126 961 3197 ὑπάρχεις
997 3123 1099 3196 (α).

179 3219 233 3274 5.
260 3220 475 3272 Αἰνεῖτε
502 3217 661 3271 αὑτὸν
687 3219 744 3270 ὲν
767 3219 885 3288 ἤχῳ
922 3219 1224 3287 σάλπιγγος
1243 3235 1258 3248 ·

190 3311 282 3364 Ἐν
313 3310 393 3381 τῷ
416 3312 731 3380 κηρύγματι
754 3308 942 3362 αὐτοῦ.

180 3401 233 3456 6.
260 3404 475 3456 Αἰνεῖτε
504 3401 665 3454 αὑτὸν
694 3402 752 3453 ὲν
780 3400 1070 3471 ψαλτηρίῳ
1105 3399 1198 3454 καὶ
1230 3398 1453 3469 κιθάρᾳ.

192 3493 285 3547 Ἐν
317 3495 386 3564 τῇ
414 3491 596 3562 χάριτι
620 3490 712 3543 τοῦ
738 3490 1052 3559 Πνεῦματος
1082 3487 1175 3541 τοῦ
1203 3488 1359 3556 ἁγίου
1403 3486 1704 3558 ἁνυμνοῦν-

116 3598 205 3649 τες
250 3585 417 3638 αὐτὸν
469 3585 526 3636 ὲν
558 3584 626 3652 τῇ
667 3580 885 3652 καρδίᾳ,
922 3580 1018 3633 καὶ
1066 3582 1132 3650 τῇ
1178 3577 1419 3649 γλώσσῃ,
1468 3579 1704 3640 καὶτοῖς

117 3678 351 3747 χείλεσιν
386 3676 559 3746 ὑμῶν.

184 3771 239 3823 7.
268 3772 480 3823 Αἰνεῖτε
510 3765 671 3820 αὐτὸν
700 3767 756 3817 ὲν
783 3762 1051 3833 τυμπάνῳ
1083 3761 1176 3813 καὶ
1214 3761 1391 3831 χόρῳο

184 3860 265 3931 Τῇ
301 3856 567 3928 νεκρώσει
601 3854 803 3918 παντὸς
837 3852 932 3906 τοῦ
973 3851 1223 3923 σώματος
1255 3848 1411 3920 ὑμῶν
1465 3848 1705 3918 ἁνυμῗῖῖῖ-

125 3965 249 4003 σατε
287 3947 469 4001 αὐτόν.
1196 3936 1200 3941 ’

189 4041 243 4095 8.
272 4042 481 4092 Αἰνεῖτε
509 4036 669 4090 αὑτὸν
696 4037 754 4087 ὲν
784 4034 1003 4105 χορδαῖς
1024 4032 1121 4085 καὶ
1154 4030 1391 4102 ὀργάνῳ.

188 4131 417 4203 Χορδαὶ,
464 4126 793 4198 λογίζομαι,
831 4124 999 4197 νεῦρὰ
1047 4126 1185 4191 ἐστι,
1238 4119 1558 4175 καθ’ὲαυτὰ
1610 4118 1708 4190 μὲν

125 4224 296 4295 νεκρὰ
351 4223 498 4284 ὂντα,
564 4221 660 4273 καὶ
701 4217 1071 4287 ἁποδεδεμένα
1117 4218 1174 4268 ἐν
1232 4215 1373 4283 ξύλῳ
1438 4214 1576 4266 τινίο
1627 4230 1711 4264 κι-

126 4317 360 4389 νούμενα
392 4316 449 4369 δὲ
475 4315 580 4367 ὑπὸ
611 4330 753 4375 τινος
790 4311 899 4365 τῶν
944 4308 1225 4380 τεχνιτῶν,
1280 4305 1464 4377 φωνὴν
1514 4306 1711 4358 ἁποτε-

128 4404 309 4461 λοῦσιν
329 4426 342 4437 ·
376 4408 606 4478 ὄργανον
634 4405 691 4457 δὲ
722 4404 874 4457 αὐλοί
899 4400 1246 4471 συγκείμενοί
1274 4402 1401 4462 εἰσι,
1426 4397 1522 4450 καὶ
1549 4395 1713 4465 άλλή-

128 4496 235 4562 λοις
263 4498 583 4571 μεταδίδωσι
616 4495 677 4548 τὸ
731 4495 893 4565 μέλος
923 4491 1271 4563 ἐμπνεόμενα
1299 4490 1403 4542 ὑπὸ
1432 4487 1528 4540 τοῦ
1559 4485 1714 4538 πνεύ-

134 4608 319 4660 ματος,
354 4591 515 4662 ἡνίκα
547 4589 729 4658 ἔχουσι
766 4588 893 4649 τοὺς
922 4585 1058 4656 πρὸς
1088 4582 1246 4636 τοῦτο
1269 4582 1464 4644 αὐτοὺς
1498 4576 1712 4632 κινοῦν-

131 4702 244 4754 τςις.
277 4686 485 4739 Αἰνεῖτε
519 4680 611 4735 οὖν
642 4680 803 4735 αὑτὸν
832 4682 890 4733 ἐν
915 4681 1034 4740 ταῖς
1060 4675 1295 4737 ἐντολαῖς
1320 4676 1438 4737 ταῖς
1466 4672 1710 4735 λεπταῖς,

132 4779 224 4831 καὶ
257 4779 522 4849 ἰσχυραῖς,
548 4775 641 4828 καὶ
662 4777 781 4837 ταῖς
804 4768 1220 4839 ἁποδεδεμέναις
1240 4769 1305 4837 τῇ
1327 4762 1589 4836 νεκρώσει
1618 4761 1711 4816 τοῦ

136 4868 405 4940 σώματος,
437 4869 528 4922 καὶ
554 4871 610 4920 ὲν
643 4869 709 4937 τῇ
748 4865 937 4937 ἀγάπῃ
970 4865 1037 4933 τῇ
1071 4859 1445 4931 ὲνεργουμένῃ
1482 4856 1586 4910 ὑπὸ
1616 4855 1711 4908 τοῦ

136 4953 447 5027 Πνεύματος
476 4954 570 5019 τοῦ
613 4954 770 5023 ἁγίου
796 4996 810 5015 ,
845 4953 940 5006 καὶ
975 4950 1329 5021 μεταδιδοῦσα
1379 4946 1486 5000 ἀπὸ
1518 4944 1711 4998 τούτου

139 5050 213 5111 εἰς
238 5049 396 5102 τοῦτο
419 5087 435 5113 ,
468 5049 563 5100 καὶ
599 5044 882 5116 πληροῦσα
925 5043 1106 5104 πάσας
1155 5038 1290 5111 ὁμοῦ
1325 5038 1422 5101 τὰς
1473 5036 1717 5102 ἐντολὰς,

139 5142 230 5193 καὶ
254 5143 419 5194 πᾶσιν
443 5138 773 5210 ἁκουομένη,
805 5139 853 5191 εἰ
877 5135 1241 5207 διατυγχάνει,
1273 5133 1405 5185 ὡσεὶ
1426 5131 1519 5184 τοῦ
1554 5128 1717 5201 ὀργά⁸

139 5245 227 5285 νου
260 5233 434 5303 φωνή.

207 5328 259 5381 9.
286 5327 495 5378 Αἰνεῖτε
529 5322 691 5377 αὐτὸν
724 5324 782 5374 ὲν
817 5318 1117 5390 κυμϐάλοις
1145 5317 1363 5387 εὐήχοις
1385 5331 1396 5342 ·

222 5419 343 5471 Ἀνυ
352 5419 534 5488 μνεῖτε
555 5415 717 5469 αὐτὸν
735 5416 791 5467 ὲν
806 5415 919 5476 τοῖς
936 5410 1136 5481 χείλεσι
1156 5408 1248 5461 τοῦ
1270 5406 1517 5477 σώματος
1537 5402 1713 5475 ὑμῶν.

213 5511 298 5562 10.
324 5510 536 5561 Αἰνεῖτε
560 5507 723 5560 αὐτὸν
752 5506 809 5557 ὲν
833 5502 1132 5574 κυμϐάλοις
1155 5498 1492 5569 ἀλαλαγμοῦ.

213 5600 321 5654 Καὶ
349 5602 407 5653 ἐν
435 5601 760 5669 στεναγμοῖς
790 5595 1077 5667 ἀλαλήτοις
1100 5592 1199 5664 τῆς
1222 5591 1455 5653 διανοίας
1483 5589 1657 5661 ὑμῶν.

220 5760 293 5829 (α)
330 5758 459 5829 Leg.
496 5756 753 5829 ὑπάρχει.

2410 1943 2620 2000 PSAL.
2664 1943 2772 1998 CL.

1871 2030 2088 2089 Titulus
2120 2035 2449 2104 praapositus
2488 2037 2774 2091 cinnabari
2818 2036 3061 2105 scriptus
3102 2037 3382 2092 continet:

1802 2123 2058 2189 Alleluia,
2111 2135 2171 2178 ut
2202 2136 2358 2181 antea
2402 2128 2537 2194 dixi,
2584 2138 2638 2183 et
2678 2129 2876 2183 iterum
2906 2129 3031 2184 dico
3074 2146 3088 2185 :
3122 2127 3384 2200 Lau’diiie,

1800 2216 2009 2285 hymnis
2046 2216 2303 2271 celebrate
2327 2217 2518 2282 Deum,
2544 2220 2635 2289 qui
2663 2231 2764 2275 est.

1872 2309 1926 2364 1.
1966 2307 2210 2365 Laudate
2241 2309 2415 2365 Deum
2444 2312 2497 2364 in
2527 2311 2739 2366 sanctis
2769 2311 2890 2381 ejus
2927 2329 2941 2366 :

1872 2396 2115 2454 Laudate
2143 2399 2313 2455 Deum
2347 2402 2402 2455 in
2433 2401 2644 2457 sanctis
2676 2402 2820 2472 ejus,
2851 2411 2906 2456 et
2930 2402 2986 2455 in
3013 2413 3220 2459 sanctis
3248 2418 3387 2475 prae-

1802 2492 1977 2561 ceptis
2002 2492 2145 2562 ejus.

1872 2584 1928 2637 2.
1967 2583 2211 2639 Laudate
2237 2600 2365 2639 eum
2392 2586 2446 2640 in
2471 2586 2826 2641 ﬁrmamento
2854 2585 3074 2643 virtutis
3101 2586 3243 2659 ejus.

1872 2674 1931 2729 In
1972 2677 2077 2730 ﬁde
2112 2676 2405 2734 cbaritatis
2438 2678 2579 2748 ejus.

1874 2772 1929 2829 5.
1968 2771 2213 2827 Laudate
2242 2787 2371 2828 eum
2418 2774 2474 2828 in
2508 2773 2804 2829 virtutibus
2835 2772 3000 2844 ejus:

1874 2865 1934 2918 In
1972 2865 2326 2933 passionibus
2362 2866 2503 2936 ejus.

1874 2954 1929 3008 4.
1970 2953 2218 3010 Laudate
2249 2971 2378 3011 eum
2414 2957 2717 3013 secundum
2746 2956 3156 3014 multitudinem
3182 2958 3391 3029 magni-

1806 3044 2012 3099 tudinis
2035 3045 2178 3114 ejus.

1875 3137 2015 3191 Cum
2057 3137 2396 3193 invincibilis
2431 3137 2521 3192 sit.

1877 3230 1931 3284 5.
1972 3227 2217 3284 Laudate
2246 3243 2372 3284 eum
2402 3228 2455 3282 in
2496 3240 2633 3283 sono
2666 3226 2815 3282 tuba:
2842 3244 2857 3280 :

1729 3301 1773 3359 (ἶ
1877 3319 1937 3375 ln
1980 3321 2371 3391 praadicatione
2402 3319 2545 3389 ejus.

1874 3410 1928 3464 6.
1969 3409 2217 3465 Laudate
2244 3425 2371 3466 eum
2412 3409 2467 3463 in
2503 3408 2769 3478 psalterio
2795 3415 2849 3462 et
2874 3405 3109 3461 cithara-

1876 3502 1933 3557 ln
1959 3503 2137 3572 gratia
2169 3502 2409 3570 Spiritus
2442 3500 2621 3555 sancti
2658 3500 2945 3554 laudantes
2973 3513 3100 3554 eum
3126 3496 3184 3551 in
3208 3496 3396 3562 corde,

1806 3603 1858 3650 et
1884 3595 2097 3665 lingua,
2121 3603 2173 3649 et
2204 3594 2368 3649 labiis
2393 3593 2614 3650 vestris.

1881 3774 1932 3831 7.
1974 3773 2217 3827 Laudate
2248 3786 2373 3826 eum
2398 3771 2454 3825 in
2490 3780 2750 3841 tympano
2775 3779 2829 3825 et
2858 3768 3030 3822 choro
3064 3785 3079 3821 :

1880 3864 2301 3919 Mortiﬁcatione
2324 3863 2494 3918 totius
2520 3862 2770 3932 corporis
2794 3859 2966 3915 vestri
2998 3856 3220 3913 laudate
3245 3871 3395 3911 eum.

1878 4039 1933 4093 8.
1976 4039 2223 4094 Laudate
2254 4054 2379 4093 eum
2413 4038 2466 4092 in
2497 4037 2719 4092 chordis
2759 4045 2814 4091 et
2845 4049 3075 4105 organo.

1878 4132 2128 4197 Chordae,
2160 4143 2217 4186 ut
2251 4140 2407 4201 puto,
2448 4130 2602 4184 nervi
2636 4138 2764 4184 sunt
2796 4128 2851 4182 in
2901 4143 2961 4183 se
3009 4125 3145 4197 ipsis
3174 4123 3394 4196 quidem

1813 4224 2036 4287 mortui,
2083 4231 2139 4277 ct
2167 4223 2403 4293 colligati
2448 4224 2503 4275 in
2543 4220 2784 4291 quodam
2831 4219 3005 4289 ligno,
3037 4217 3169 4272 moti
3213 4224 3395 4271 autem

1813 4317 1880 4370 ab
1910 4315 2095 4384 aliquo
2125 4313 2304 4383 perito
2335 4312 2548 4367 artiﬁce
2570 4326 2760 4365 vocem
2800 4309 3061 4365 eﬂiciunt.
3119 4304 3395 4378 Organum

1814 4413 1996 4460 autem
2033 4405 2230 4460 ﬁstulae
2272 4412 2571 4473 compacta:
2618 4411 2769 4465 sunt,
2804 4410 2859 4456 et
2898 4401 3131 4455 invicem
3177 4400 3397 4452 harmo-

1816 4500 1962 4552 niam
1994 4497 2250 4553 emittunt
2285 4496 2481 4566 spiritu
2514 4494 2732 4559 inﬂatae,
2767 4509 2891 4548 cum
2922 4493 3143 4552 habent,
3187 4490 3277 4560 qui
3301 4504 3396 4544 cas

1818 4591 1884 4646 ad
1916 4591 1967 4644 id
2020 4598 2295 4644 moveant.
2333 4587 2577 4642 Laudate
2623 4587 2789 4655 igitur
2837 4600 2960 4639 eum
3007 4584 3061 4637 in
3110 4580 3397 4653 praeceptis

1820 4682 2157 4745 subtilibus,
2217 4688 2272 4734 et
2316 4679 2534 4741 validis,
2595 4687 2649 4732 et
2708 4676 2935 4746 illigatis
2988 4669 3397 4728 mortilicationi

1818 4770 2087 4841 corporis,
2115 4777 2171 4824 et
2212 4768 2268 4822 in
2312 4770 2600 4831 cbaritate,
2647 4781 2769 4836 quae
2821 4763 3051 4818 ellicitur
3096 4778 3126 4816 a
3188 4759 3397 4829 Spiritu

1820 4872 2029 4927 sancto,
2062 4871 2117 4917 et
2149 4861 2344 4916 tradita
2374 4876 2441 4913 ex
2475 4860 2580 4913 hoc
2614 4859 2667 4912 in
2694 4856 2845 4915 illud.
2876 4864 2931 4910 et
2960 4854 3191 4923 implens
3213 4851 3394 4906 omnia

1821 4955 1983 5010 simul
2014 4962 2302 5024 praecepta,
2324 4960 2377 5006 et
2401 4952 2468 5005 ab
2491 4950 2750 5005 omnibus
2783 4946 2990 5013 audita,
3015 4947 3062 5001 si
3085 4945 3249 5009 adsit,
3276 4943 3394 4999 vel-

1823 5058 1883 5104 ut
1916 5046 2109 5117 organi
2141 5059 2269 5104 vox.

1891 5308 1945 5361 9.
1990 5304 2235 5359 Laudate
2264 5318 2387 5357 eum
2422 5305 2474 5356 in
2508 5299 2771 5372 cymbalis
2801 5298 2936 5353 bene
2959 5296 3323 5352 sonantibus:

1895 5396 2141 5452 Laudate
2169 5409 2294 5448 eum
2327 5394 2382 5447 in
2422 5392 2584 5446 labiis
2614 5387 2864 5458 corporis
2891 5386 3080 5444 vestri.

1896 5487 1986 5543 10.
2027 5484 2271 5539 Laudate
2309 5498 2433 5538 eum
2482 5482 2535 5535 in
2564 5480 2827 5552 cymbalis
2853 5475 3217 5549 jubilationis.

1895 5583 1962 5638 Et
1986 5582 2042 5637 in
2078 5578 2371 5652 gemitibus
2399 5573 2855 5631 inenarrabilibus
2889 5576 3089 5627 mentis
3113 5577 3327 5626 vestrar.
