3860 6220
509 331 608 362 τι*

473 331 612 387 {513

545 449 631 510 ii.
669 448 860 505 Omnis
892 445 1115 516 spiritus
1151 445 1336 500 laudet
1361 444 1675 500 Dominum.

1330 325 1388 380 S.
1427 323 1802 379 ATIIANASII
1837 323 1986 380 OPP.
2029 323 2210 380 PARS
2241 323 2326 380 lll.
2365 355 2432 364 —
2471 321 2880 380 EXEGETlCA.

3605 334 3734 388 13ίᾶ

2223 448 2308 500 ll.
2345 447 2498 498 Πᾶσα
2527 447 2663 517 πνοὴ
2697 449 2969 499 αἱνεσάτῶ
2989 441 3082 500 τὸν
3104 449 3322 521 Κυριον.

1596 575 1972 632 ATHANASII
2017 576 2604 633 INTERPRETATIO.

551 694 630 746 Η.
669 689 862 747 Omnis
895 690 1121 760 spiritus
1162 689 1349 744 laudet
1379 688 1694 744 Dominum.

541 781 761 836 Psallite
795 782 1012 850 Spiritu,
1045 781 1259 850 psallite
1301 789 1355 834 et
1383 789 1586 842 mente,
1622 781 1726 836 hoc
1771 789 1854 835 est
1877 780 2049 852 glori-

472 874 628 929 ﬁcate
655 873 824 926 Deum
862 881 914 928 et
940 873 1122 925 anima
1150 880 1204 926 et
1233 885 1464 942 corpore
1493 879 1696 926 vestro.

2223 693 2312 745 Η.
2347 694 2506 747 Πᾶσα
2537 694 2674 765 πνοὴ
2703 695 2972 748 αξνεσάτω
2993 697 3084 748 τὸν
3117 696 3340 769 Κύριον.

2219 783 2441 836 Ψάλατε
2494 785 2572 856 τῷ
2619 785 2886 854 πνεύματι
2915 826 2928 850 ,
2966 787 3170 856 ψάλατε
3199 791 3308 858 καὶ,
3329 789 3412 860 τῷ
3445 789 3550 854 νοῒ,
3583 809 3742 844 τουτ-

2150 872 2286 937 έστι,
2321 874 2576 940 δοξάσατε
2609 875 2672 946 δὴ
2721 877 2811 928 τὸν
2841 877 2974 930 Θεὸν
2997 879 3091 930 καὶ
3118 880 3183 948 τῇ
3213 878 3356 950 ψυχῇ
3390 881 3486 933 καὶ
3519 882 3608 951 τῷ
3639 883 3740 934 σώ-

2153 979 2282 1032 ματι
2307 964 2479 1034 ὑμῶν.

481 1165 3702 1208 W

1309 1383 1320 1394 '
1379 1314 1458 1374 IN
1503 1315 1930 1374 EXCERP'I‘A
1979 1316 2056 1373 IN
2123 1315 2266 1374 JOB
2319 1315 2789 1377 ADMONITIO

547 1504 824 1556 Athanasii
847 1503 1144 1572 fragmenta
1172 1502 1352 1555 ist/two
1389 1517 1453 1554 ea:
1500 1499 1706 1554 Nic-cla:
1761 1501 2090 1556 [lerat-(eota:
2129 1515 2314 1559 catena
2370 1505 2650 1573 desumpta
2698 1505 2959 1558 habentur
3007 1510 3060 1561 in
3089 1510 3238 1576 prius
3269 1510 3452 1564 editis.
3493 1510 3606 1564 Sed
3622 1515 3742 1579 jam

477 1600 715 1652 auctiora
742 1607 792 1650 et
817 1598 1176 1651 emendatiora
1220 1597 1480 1665 prodeunt
1527 1613 1590 1649 ea:
1631 1598 1806 1650 codice
1851 1597 2008 1666 [legio
2054 1599 2215 1653 2454.
2257 1599 2392 1654 Sunt
2434 1611 2611 1654 autem
2640 1611 2884 1668 excerpta
2905 1611 2956 1654 et
2979 1617 3224 1670 expressa
3253 1618 3320 1655 ea:
3349 1603 3514 1656 variis
3563 1603 3738 1656 Atha-

477 1689 614 1741 nasii
658 1705 869 1758 operum
897 1690 1046 1756 locis,
1081 1690 1170 1742 scd
1205 1707 1306 1742 non
1339 1691 1524 1742 iisdem
1551 1690 1738 1744 verbis.
1787 1688 1909 1742 Non
1949 1693 2086 1744 enim
2125 1693 2294 1762 fertur
2321 1693 2649 1747 Athanasius
2681 1697 3058 1748 commentaria
3089 1697 3144 1748 in
3183 1694 3378 1748 Jobum
3398 1696 3659 1750 edidisse.

2023 1881 2162 1891 ——-

543 2002 848 2056 Athanasii.
902 2000 1058 2067 Quod
1101 2012 1278 2056 autem
1326 2003 1608 2072 Scriptura
1651 2004 1795 2059 dicat
1833 2025 1844 2060 :
1879 2006 2038 2060 Facti

477 2104 592 2148 sunt
645 2095 691 2146 ei
741 2104 932 2160 septem
973 2094 1076 2162 ﬁlii
1115 2095 1182 2155 ’⁷,
1241 2095 1292 2147 id
1353 2096 1512 2148 nobis
1575 2097 1837 2153 adversus
1883 2101 2040 2152 Ario—

477 2186 705 2238 manitas
765 2183 868 2238 fert
931 2201 1086 2253 opem
1135 2204 1148 2239 :
1197 2186 1288 2254 qui
1343 2187 1498 2254 quasi
1551 2203 1776 2257 magnas
1819 2191 2041 2246 Itan'esis

475 2294 584 2352 suum
629 2278 903 2346 suppetias
954 2277 1082 2330 illud
1135 2287 1420 2346 usurpant,
1463 2282 1605 2348 quod
1663 2282 1732 2334 ab
1779 2281 2042 2350 Apostolo

477 2370 537 2422 tle
591 2367 878 2438 Unigenito
921 2367 1124 2420 dictum
1189 2379 1274 2422 est
1325 2387 1337 2421 :
1384 2368 1622 2422 Fidelem
1672 2372 1720 2424 ei
1775 2374 1865 2442 qui
1923 2374 2044 2441 fecit

477 2461 644 2530 ipsum
661 2461 706 2490 ⁸⁸
735 2478 745 2512 :
781 2469 944 2528 atque
969 2459 1166 2512 acriter
1187 2462 1539 2527 contendunt,
1571 2461 1766 2516 Filium
1801 2463 1896 2518 Dei
1927 2483 2047 2520 rem

476 2563 592 2602 esse
637 2546 855 2601 factam.
890 2547 960 2600 At
1003 2548 1316 2616 hujusmodi
1349 2548 1582 2604 fulcrum
1615 2555 1771 2620 t‘ptasi
1802 2555 2047 2610 calamus

478 2641 741 2693 enutritus
768 2649 850 2692 est
879 2639 1032 2708 ipsis.
1081 2639 1310 2704 Quando
1337 2657 1572 2710 namque
1604 2644 1910 2698 substantia
1964 2657 2048 2702 est

477 2731 600 2799 qui-l
643 2731 842 2784 factum
891 2741 984 2783 aut
1025 2741 1288 2798 creatum,
1337 2741 1466 2788 tunc
1517 2735 1686 2798 illud,
1737 2739 1956 2800 creavit,
1991 2747 2046 2792 et

476 2822 616 2888 fecit,
663 2822 882 2890 proprie
908 2822 974 2874 de
1005 2822 1072 2875 iis
1121 2824 1282 2876 rebus
1313 2823 1588 2888 dicuntur,
1635 2836 1688 2878 et
1737 2827 2048 2894 signiﬁcant

476 2929 586 2966 rem
615 2912 832 2966 factam.
869 2913 1006 2966 Cum
1063 2926 1245 2968 autem
1301 2917 1604 2970 substantia
1653 2920 1834 2988 proles
1881 2929 1964 2974 est
1993 2933 2046 2975 et

475 3005 638 3066 ﬁlius,
673 3013 803 3074 tunc
847 3005 1001 3068 illud,
1049 3005 1195 3074 fecit,
1247 3015 1299 3060 et
1338 3007 1536 3076 factum
1572 3021 1680 3074 est,
1731 3021 1785 3064 et
1830 3015 2044 3080 creavit,

476 3110 580 3148 non
615 3096 830 3162 proprie
865 3106 1220 3163 usurpantur,
1255 3112 1430 3166 neque
1465 3113 1580 3150 rem
1633 3098 1832 3153 factam
1879 3102 2044 3170 signi-

475 3185 658 3248 ﬁcant,
687 3184 779 3240 sed
819 3201 915 3254 pro
945 3187 1032 3239 illa
1057 3202 1210 3246 voce,
1249 3191 1449 3256 genuit,
1483 3189 1608 3255 ism,
1643 3191 1786 3258 fecit,
1835 3192 2046 3246 indiﬂ'e-

475 3284 657 3328 renter
711 3276 834 3343 quis
872 3276 1064 3327 utitur.
1105 3275 1290 3343 Itaque
1334 3293 1452 3332 sese
1501 3281 1685 3331 Ariani
1735 3281 2042 3335 damnaturi

476 3374 624 3427 sunt,
662 3365 708 3418 si
761 3365 1055 3426 Scriptura:
1118 3382 1286 3420 sacrae
1335 3371 1719 3438 proprietatem
1776 3373 2040 3428 ediscant.

475 3453 612 3507 Nam
643 3455 688 3508 si
726 3454 918 3522 factos,
961 3458 1156 3520 editos,
1189 3469 1420 3522 creatos,
1453 3476 1480 3512 a
1512 3477 1570 3516 se
1599 3465 1812 3532 genitos
1843 3466 2042 3520 liberos

475 3556 726 3615 parentes
753 3549 954 3612 dicant,
989 3565 1098 3602 non
1138 3561 1315 3603 tamen
1347 3563 1594 3605 natttram
1629 3555 1706 3608 illi
1753 3557 2041 3626 abnegauit.

476 3635 739 3694 Ezechias
783 3639 961 3708 igitur.
1001 3649 1060 3694 ut
1105 3641 1160 3696 in
1195 3643 1327 3697 Isaia
1379 3645 1642 3714 scriptum
1687 3657 1792 3714 est,
1836 3650 2042 3704 orando

475 3731 714 3784 dicebat:
739 3730 816 3784 Ex
841 3732 942 3786 hoc
967 3733 1056 3788 die
1083 3736 1222 3789 tilios
1247 3737 1462 3802 laciam,
1483 3753 1636 3805 voce,
1663 3741 1882 3808 faciam,
1915 3759 2046 3796 usus

475 3836 576 3892 pro
616 3837 765 3888 voce,
802 3823 1032 3894 gignant,
1087 3826 1218 3878 dum
1254 3827 1322 3880 de
1359 3827 1427 3881 iis
1473 3829 1566 3897 qui
1621 3846 1650 3884 a
1702 3847 1761 3884 se
1793 3831 2046 3902 gignendi

476 3923 630 3968 erant
664 3915 993 3983 loqueretur.
1029 3915 1216 3986 Neque
1258 3919 1435 3973 dilIert
1469 3922 1766 3976 ullatenus.

547 4095 613 4148 Et
657 4095 746 4148 hic
775 4094 842 4148 de
893 4092 994 4148 Job
1027 4095 1234 4148 dictum
1285 4105 1370 4148 est
1405 4113 1419 4150 :
1461 4095 1620 4149 Facti
1675 4108 1797 4150 sunt
1851 4099 1898 4150 ei
1947 4098 2049 4167 ﬁlii

475 4189 746 4254 septem”.
767 4185 1370 4251 Quemadmadmodum
1395 4198 1446 4242 et
1471 4187 1682 4259 Moyses
1709 4189 1758 4242 in
1787 4190 1900 4262 lege
1929 4191 2004 4244 ait
2033 4210 2045 4245 :

479 4277 535 4330 Si
564 4276 690 4330 facti
725 4274 945 4329 fuerint.

545 4367 794 4420 Primum
843 4369 1218 4436 quaerendum,
1263 4384 1332 4421 an
1389 4367 1531 4422 ﬁlius
1583 4377 1685 4423 est.
1747 4368 1860 4422 lloc
1903 4371 2046 4424 enim

479 4468 930 4525 commonstrato,
986 4461 1127 4514 cadit
1179 4461 1268 4514 illa
1316 4461 1382 4514 de
1431 4477 1487 4513 re
1545 4461 1684 4515 facta
1736 4463 1816 4516 vel
1866 4471 2046 4516 creata

477 4551 717 4620 suspicio
753 4569 766 4606 :
801 4551 1166 4620 omnibusque
1207 4552 1556 4620 perspicuum
1607 4563 1706 4616 est,
1758 4553 2044 4606 dictionem

480 4659 604 4712 qua:
647 4645 726 4697 sic
755 4644 946 4706 habet,
999 4643 1090 4712 qui
1140 4643 1262 4706 fecit
1293 4661 1434 4710 eum,
1469 4645 1672 4698 nullam
1724 4659 1914 4698 eorum
1949 4645 2048 4698 lue-

477 4737 584 4790 resi
635 4737 918 4790 utilitatem
963 4737 1178 4798 afferre,
1233 4738 1341 4789 imo
1388 4737 1569 4806 potius
1618 4737 2045 4790 damnationem.

480 4825 770 4882 Ostensum
811 4828 954 4882 enim
991 4826 1110 4890 fuit,
1149 4843 1356 4888 vocem,
1403 4831 1576 4895 [actus
1613 4839 1707 4890 est,
1737 4829 1898 4882 etiam
1952 4841 2048 4894 pro

480 4921 754 4990 germanis
781 4929 833 4973 et
877 4921 1220 4974 naturalibus
1263 4921 1389 4974 liliis
1425 4920 1478 4972 in
1525 4921 1708 4974 divina
1764 4919 2048 4988 Scriptura

2214 2007 2642 2064 ’AGANAEIOY.
2681 2007 2754 2059 Τό
2781 2023 2844 2074 γε
2867 1997 2942 2078 (l)
2975 2008 3082 2080 μὴν
3109 2009 3284 2076 λέγειν
3330 2009 3428 2079 τὴν
3461 2010 3697 2082 Γραφήν
3717 2029 3728 2041 υ

2158 2103 2460 2174 Ἐγένοντο
2483 2101 2550 2154 δὲ
2578 2099 2738 2164 αὐτῷ
2755 2099 2902 2152 ἑπτὰ
2925 2100 3061 2166 υἱοὶ,
3089 2102 3182 2155 καὶ
3207 2101 3342 2171 πρὸς
3361 2104 3494 2166 τοὺς
3533 2105 3744 2174 Ἀρειο-

2149 2197 2375 2265 μανίτας
2405 2197 2536 2265 ἡμῖν
2569 2191 2944 2262 συμϐαλεῖται·
2975 2193 3025 2244 οἳ
3061 2193 3136 2256 ὡς
3169 2194 3310 2263 μέγα
3352 2193 3618 2265 βοήθημα
3643 2197 3740 2266 τῆς

2145 2287 2408 2358 αἱρέσεως
2435 2285 2615 2339 αὐτῶν
2663 2284 2952 2352 κατέχουσι
2991 2284 3052 2335 τὸ
3097 2284 3228 2354 περὶ
3267 2284 3360 2336 τοῦ
3394 2287 3742 2354 Μονογενοῦς

2149 2377 2302 2448 παρὰ
2333 2377 2425 2430 τοῦ
2461 2374 2783 2428 Ἀποστόλου
2817 2375 3108 2444 λεγόμενον
3129 2391 3142 2401 ·
3195 2374 3426 2427 Uictor
3473 2375 3628 2429 ὄντα
3667 2375 3742 2441 τῷ

2148 2471 2469 2536 ποιήσαντι
2518 2467 2735 2520 αὐτόν·
2783 2465 2878 2518 καὶ
2933 2464 3294 2533 φιλονεικοῦσι
3343 2467 3567 2537 ποίημα
3607 2464 3742 2520 εἶναι

2147 2559 2237 2610 τὸν
2263 2558 2358 2610 τοῦ
2383 2556 2516 2610 Θεοῦ
2545 2555 2694 2610 Υίόν.
2733 2557 2888 2608 Ἔστι
2939 2555 2996 2608 δὲ
3033 2556 3214 2618 αὐτοῖς
3259 2557 3510 2627 κάλαμος
3551 2558 3740 2610 τεθλα-

2150 2647 2342 2716 σμένος
2395 2647 2550 2698 τοῦτο
2607 2649 2664 2698 τὸ
2695 2645 2944 2715 ἔρεισμα.
2994 2645 3164 2697 Ὅταν
3219 2646 3318 2715 μὲν
3371 2648 3488 2718 γὰρ
3519 2649 3556 2718 ἡ
3591 2649 3740 2700 οὐσία

2149 2739 2357 2808 ποίημα
2387 2735 2536 2811 ᾗκαὶ
2563 2737 2790 2807 κτίσμα,
2829 2735 3128 2807 τηνικαῦτα
3168 2737 3227 2788 τὸ
3255 2777 3270 2798 ,
3311 2739 3597 2805 ἐποίησε,
3653 2740 3739 2791 καὶ

2145 2833 2224 2896 το,
2256 2832 2479 2892 ἔκτισε,
2507 2830 2711 2900 κυρίως
2743 2829 2836 2880 ἐπὶ
2867 2829 3044 2881 αὐτῶν
3073 2829 3311 2898 λέγεται,
3347 2831 3444 2882 καὶ
3475 2833 3736 2904 σημαίνει

2143 2923 2205 2975 τὺ
2233 2922 2462 2990 ποίημα·
2493 2921 2618 2973 ὅταν
2639 2919 2697 2974 δὲ
2725 2921 2758 2989 ἡ
2782 2919 2938 2971 οὐσία
2956 2921 3204 2988 γέννημα
3289 2925 3382 2974 καὶ
3407 2923 3555 2988 υἱὸς,
3583 2923 3644 2975 τό
3663 2939 3740 2987 τε,

2145 3015 2414 3079 ἐποίησε,
2447 3012 2539 3064 καὶ
2569 3011 2652 3074 τὸ,
2683 3011 2942 3079 ἐγένετο,
2975 3014 3068 3065 καὶ
3095 3014 3176 3072 τὸ,
3213 3013 3482 3076 ἔκτισεν,
3511 3015 3616 3067 οὐκ
3663 3015 3740 3066 ἔτι

2147 3102 2347 3172 κυρίως
2376 3101 2460 3153 ἐπ’
2501 3098 2663 3152 αὐτοῦ
2695 3103 2889 3164 κεῖται,
2921 3103 3039 3154 οὐδὲ
3069 3103 3278 3172 ποίημα
3319 3103 3742 3172 σημαίνει,ἀλλ’

2146 3193 2264 3246 ἀντὶ
2296 3192 2388 3245 τοῦ
2413 3192 2707 3262 ἐγέννησε
2765 3193 2842 3262 τῷ
2873 3193 3160 3260 ἐποίησεν
3182 3194 3496 3264 ἀδιαφόρως
3525 3213 3612 3258 τις
3647 3195 3738 3248 κέ-

2145 3301 2344 3354 χρηται
2391 3285 2615 3353 ῥήματι.
2685 3283 2847 3334 Ὥστε
2902 3283 3342 3349 καταγνώσονται
3401 3286 3624 3339 ἑαυτῶν
3685 3287 3734 3338 οἱ

2159 3375 2442 3445 Ἀρειανοὶ,
2475 3377 2522 3426 εἰ
2549 3373 2770 3444 μάθοιεν
2791 3373 2850 3425 τὸ
2871 3373 2969 3442 τῆς
3001 3374 3222 3442 Prin-gi};
3249 3375 3445 3444 ἰδίωμα
3465 3393 3478 3404 ·
3513 3379 3614 3429 καὶ
3637 3377 3742 3447 γὰρ

2145 3468 2194 3518 εἰ
2233 3465 2602 3536 ποιουμένους,
2625 3465 2718 3517 καὶ
2747 3465 3081 3533 γινομένους,
3107 3467 3198 3518 καὶ
3227 3465 3589 3534 κτιζομένους
3617 3468 3740 3530 τοὺς

2147 3559 2207 3621 ἐξ
2257 3557 2434 3610 αὐτῶν
2468 3557 2768 3626 φυομένους
2817 3555 3026 3623 λέγοιεν
3068 3558 3117 3608 οἱ
3157 3560 3352 3624 γονεῖς,
3385 3558 3544 3610 οὐδὲν
3581 3553 3740 3630 ἦττον

2147 3651 2245 3702 οὐκ
2275 3648 2560 3718 ἀρνοῦνται
2597 3647 2694 3716 τὴν
2736 3648 2916 3714 φύσιν.
2965 3646 3022 3698 Ὁ
3055 3645 3182 3713 γοῦν
3239 3645 3522 3716 Ἑζεχίας,
3579 3650 3656 3713 ὡς
3689 3651 3740 3702 ἐν

2149 3740 2226 3796 τῶ
2283 3741 2477 3810 Ἡσαΐᾳ
2506 3739 2812 3809 γέγραπται
2836 3777 2851 3802 ,
2887 3738 3178 3808 εὐχόμενος
3213 3737 3396 3803 ἔλεγεν
3421 3757 3432 3767 ·
3461 3741 3606 3792 Ἀπὸ
3635 3739 3738 3808 γὰρ

2149 3833 2243 3903 τῆς
2293 3833 2532 3902 σήιμερον
2583 3831 2768 3882 παιδία
2811 3832 3040 3900 ποιήσω,
3081 3830 3203 3884 ἀντὶ
3231 3830 3343 3894 τοῦ,
3379 3834 3655 3901 γεννήσω,
3685 3833 3738 3884 τὸ

2151 3923 2382 3988 ποιήσω
2405 3919 2666 3992 εἰρηκὼς,
2677 3921 2780 3978 καὶ
2794 3921 2919 3984 τοὺς
2947 3921 3005 3985 ἐξ
3031 3919 3200 3976 αὑτοῦ.
3215 3921 3524 3991 φυομένους
3547 3921 3734 3975 εἰπών.

2151 4013 2260 4066 Καὶ
2293 4017 2351 4065 οὐ
2383 4013 2714 4082 διαφέρεται.

2221 4103 2512 4157 Κάνταῦθα
2539 4103 2596 4155 δὲ
2637 4102 2766 4173 περὶ
2805 4101 2900 4155 τοῦ
2957 4101 3076 4154 ’[ὼὸ
3119 4102 3370 4172 εἴρηταιο
3419 4104 3734 4174 Ἐγένοντο

2149 4195 2216 4248 δὲ
2237 4195 2396 4260 αὐτῷ
2421 4196 2534 4249 υἱοὶ
2563 4197 2714 4248 ἑπτα
2733 4213 2746 4224 ο
2782 4193 2970 4264 ὥσπερ
2999 4196 3093 4248 καὶ
3117 4196 3357 4266 Μωῦσῆς
3391 4197 3448 4248 ὲν
3475 4196 3558 4267 τῷ
3592 4196 3732 4266 νόμῳ

2151 4285 2312 4355 φησίν
2332 4301 2345 4314 ·
2393 4286 2517 4336 Ἐὰν
2541 4284 2822 4352 γένωνται.

2223 4377 2343 4448 Χρὴ
2374 4377 2634 4446 πρότερον
2683 4373 2886 4442 ζητεῖν.
2917 4376 2966 4426 εί
3003 4374 3113 4438 υἱός
3141 4375 3309 4427 ἐστιν.
3367 4373 3576 4426 Τούτου
3627 4373 3730 4443 γὰρ

2150 4467 2625 4536 ἀποδεικνυμένου,
2666 4465 2954 4535 παύεταιὴ
2983 4465 3110 4534 περὶ
3151 4464 3243 4517 τοῦ
3279 4466 3592 4534 ποιήματος
3643 4467 3730 4517 καὶ

2149 4558 2444 4625 κτίσματος
2477 4556 2720 4618 ὑπόνοια,
2761 4557 2854 4608 καὶ
2888 4555 3098 4624 φανερὰ
3126 4557 3291 4608 πᾶσιν
3325 4555 3626 4621 ἀπόδειξις,
3659 4554 3727 4616 ὡς

2148 4651 2180 4718 ἡ
2235 4646 2378 4710 λέξις
2429 4646 2745 4716 ἠλέγουσα,
2793 4645 2870 4710 τῷ
2923 4644 3245 4710 ποιήσαντι
3275 4645 3484 4708 αὑτὸν,
3523 4645 3624 4698 οῦκ
3655 4644 3726 4706 εἰς

2149 4739 2330 4806 ὄνησίν
2355 4741 2468 4790 ἐστι
2495 4741 2560 4808 τῇ
2593 4739 2802 4808 αἱρέσει
2831 4737 3028 4802 αὐτῶν,
3055 4737 3188 4790 ἀλλὰ
3219 4737 3416 4806 μᾶλλον
3445 4737 3529 4799 είς
3557 4737 3720 4788 κατά-

2149 4845 2365 4896 γνωσιν.
2399 4828 2670 4880 Δέδεικται
2729 4827 2856 4896 γὰρ,
2905 4828 2985 4878 ὅτι
3029 4829 3060 4897 ἡ
3105 4825 3231 4886 τοῦ,
3264 4825 3546 4892 ἐποίησε,
3589 4823 3722 4890 λέξις

2151 4922 2243 4972 καὶ
2277 4920 2368 4973 ἐπὶ
2417 4919 2523 4970 τῶν
2552 4919 2788 4989 γνησίων
2823 4919 2914 4970 καὶ
2946 4918 3052 4970 τῶν
3107 4917 3263 4986 φύσει
3313 4919 3519 4970 τέκνων
3563 4919 3620 4968 ἐν
3657 4917 3716 4985 τῇ

480 5012 752 5080 usurpari.
783 5011 961 5076 Quare
1001 5028 1122 5065 eum
1165 5013 1600 5066 demonstratum
1647 5013 1718 5064 sit
1753 5011 2042 5064 Dominum
2081 5052 2088 5104 1

2157 5012 2272 5083 θείᾳ.
2299 5015 2470 5064 κεῖται
2493 5011 2702 5081 Γραφῇ.
2737 5009 2897 5062 Ὅθεν
2923 5009 3015 5061 τοῦ
3039 5011 3240 5080 Κυρίου
3267 5009 3716 5079 ἀποδεικνυμένου

479 5119 598 5158 esse
635 5104 932 5156 naturalem
965 5117 1028 5156 ac
1057 5119 1243 5156 verum
1277 5103 1444 5155 tilitrm
1467 5143 1482 5166 ,
1515 5103 1641 5156 licet
1666 5102 1734 5156 de
1775 5103 1868 5154 illo
1897 5101 2048 5155 dica-

479 5209 588 5260 tur,
640 5197 812 5266 factus
859 5206 956 5260 est,
1009 5205 1100 5249 aut
1136 5196 1387 5251 conditus
1430 5195 1551 5260 fuit,
1603 5195 1654 5248 id
1705 5211 2047 5264 nequaquam

480 5290 552 5343 ita
585 5290 784 5343 dicitur
807 5304 872 5342 ac
903 5289 950 5342 si
975 5288 1046 5342 sit
1079 5289 1194 5357 ipse
1235 5303 1324 5342 res
1349 5297 1555 5352 creata,
1591 5289 1684 5342 sed
1729 5287 2046 5344 inditieren-

480 5391 560 5434 ter
592 5397 653 5436 ea
689 5398 818 5437 voce
851 5389 1076 5435 utuntur
1103 5381 1278 5434 sancti
1317 5379 1438 5433 viri.

1555 5559 1600 5588 ’³
1635 5554 1736 5610 Job
1783 5572 1820 5620 ι,
1849 5554 1902 5608 2.

556 5559 599 5592 ³⁷
635 5557 738 5616 Job
783 5575 823 5622 ι,
847 5561 902 5614 9..
1007 5559 1053 5591 ’⁸
1085 5557 1245 5613 llebr.
1285 5574 1367 5625 ιιι,
1397 5557 1451 5610 ‘2.

2157 5107 2313 5175 φύσει
2343 5105 2436 5156 καὶ
2468 5104 2688 5173 γνησίου
2719 5101 2857 5166 υἱοῦ,
2889 5101 2992 5154 κᾶν
3023 5101 3246 5172 λέγηται
3301 5103 3385 5153 ἐπ’
3411 5100 3572 5153 αὐτοῦ
3599 5097 3711 5168 (sic)

2155 5198 2234 5263 τὸ,
2290 5196 2599 5261 ἐποίησεν,
2653 5195 2685 5262 ἢ
2723 5193 2957 5258 ἐγένετο,
3011 5193 3108 5261 οὐχ
3137 5192 3212 5254 ὡς
3245 5194 3544 5262 ποιήματος
3574 5191 3713 5248 ὄντος

2157 5287 2320 5343 αὑτοῦ
2353 5285 2590 5355 λέγεται,
2621 5284 2734 5339 ἀλλ’
2763 5283 3070 5355 αδιαφόρως
3129 5285 3193 5354 τῇ
3225 5281 3366 5348 λέξει
3400 5281 3628 5353 χρῶνται
3665 5278 3708 5329 οἱ

2159 5380 2322 5446 ἆγιοι.

570 5737 645 5796 (ll
683 5735 804 5793 Haec
841 5751 1095 5800 expressa
1127 5745 1252 5791 sunt
1280 5751 1344 5790 ex
1377 5736 1609 5789 oratione
1647 5749 1682 5788 ιι
1715 5744 1897 5788 contra
1927 5733 2177 5787 Arianos.
