3860 6220
172 370 309 426 ιῦηίῧ

1441 349 1866 408 FRAGMENTA
1908 349 1970 402 IN
2005 347 2144 403 .IOB.

3279 331 3418 387 1546

284 490 490 546 Niceten
523 485 855 542 Heracleota?
889 481 1089 537 Catena
1116 479 1168 533 in
1195 478 1316 541 Job,
1359 479 1604 548 qua’dam
1645 476 1755 528 alia
1799 473 1949 526 habet
1983 480 2225 538 excerpta
2268 484 2332 520 ea:
2373 465 2652 518 Athanasii
2686 458 2927 528 operibus
2953 458 3070 528 jam
3115 455 3296 519 eaitis,

800 587 1004 630 tantum
1038 573 1317 641 afferemus
1342 589 1458 642 qutv
1481 585 1737 640 nusquam
1762 575 1970 619 exstant
2001 565 2074 618 rel
2103 562 2388 617 admodum
2421 568 2629 614 mutata
2652 565 2794 610 sunt.

236 700 348 755 Καὶ
379 695 547 752 εἶπεν
578 701 608 751 0'
636 697 779 763 Θεὸς
821 698 898 764 τῷ
939 698 1223 759 διαϐόλῳ·
1268 698 1459 750 Πόθεν-
1498 691 1752 762 παραγέ-

1922 689 1988 742 Ει
2020 691 2096 742 ait
2131 688 2268 742 Deus
2298 684 2508 738 diabolo
2534 699 2550 736 :
2578 681 2724 735 Unde
2748 678 2888 733 venis
2906 677 2991 730 3"?

173 810 352 862 γονας
371 807 390 855 ;

238 880 610 936 Ἀθανασίου.
645 879 796 948 ’Ἅμα
822 879 879 931 δὲ
916 878 990 949 (ἓ)
1022 881 1080 931 ἐν
1125 877 1334 939 τούτοις
1376 876 1744 946 παρίσταται,

172 976 217 1027 εἰ
248 973 342 1026 καὶ
366 961 436 1024 τὰ
459 971 659 1040 γενητὰ
685 971 862 1022 πάντα
885 972 942 1023 ἐν
965 968 1388 1039 μεμερισμένοις
1414 969 1596 1029 τόποις
1622 966 1746 1030 εἰσὶ,

172 1064 458 1133 φωστῆρες
481 1063 577 1130 μὲν
607 1060 758 1130 ἐντῷ
782 1059 1139 1131 στερεώματι,
1166 1059 1300 1129 νέφη
1327 1057 1383 1110 δέ
1414 1058 1470 1108 ἐν
1501 1056 1579 1126 τῷ
1603 1056 1746 1127 ἀέρι.

173 1155 284 1208 Καὶ
310 1157 421 1216 τοῖς
455 1151 764 1223 ἀνθρώποις
797 1152 1022 1222 ἔστησεν
1051 1151 1174 1221 ὅρια
1196 1150 1364 1203 ἐθνῶν
1383 1167 1394 1178 ·
1429 1151 1477 1202 οἱ
1509 1148 1564 1201 δὲ
1591 1150 1753 1217 ἄγγε-

174 1253 253 1291 λοι
287 1239 704 1292 ἀποστέλλονται
730 1241 809 1301 είς
837 1238 1132 1302 διακονίας,
1167 1239 1261 1291 καὶ
1281 1237 1634 1291 ἀναϐαίνουσι
1659 1239 1752 1290 καὶ

175 1329 593 1382 καταϐαίνουσιν
621 1329 712 1381 ἐπὶ
741 1330 837 1399 τῆς
866 1329 1151 1398 κλίμακος.
1175 1327 1486 1390 Κάνταῦθα,
1511 1315 1749 1393 Ἦλθον,

175 1423 330 1492 φησι,
390 1420 768 1488 παραστῆναι
825 1421 1073 1475 ἐνώπιον
1115 1421 1354 1487 Κυρίου.
1402 1421 1509 1472 Kal.
1564 1419 1754 1483 πεῦσις

181 1514 383 1581 γίνεται
432 1512 566 1583 πρὸς
601 1513 688 1564 τὸν
721 1510 960 1566 διάϐολον
988 1531 999 1542 ·
1060 1512 1252 1566 Πόθεν
1297 1511 1754 1582 παραγέγονας;

177 1606 343 1658 Ὥστε
377 1606 433 1657 ἐν
465 1604 612 1674 τόπῳ
641 1604 767 1667 εἰσὶ,
821 1605 916 1658 καὶ
966 1603 1093 1657 ἔνθα
1137 1605 1594 1669 ἀποστέλλονται,
1643 1606 1758 1656 ἐκεῖ

177 1697 436 1767 πάρεισι·
468 1697 625 1766 μόνος
651 1695 707 1748 δὲ
735 1697 763 1747 ὀ
787 1695 916 1760 Θεὸς
951 1697 1363 1768 ἀπερίγραπτος
1385 1709 1397 1722 '
1434 1697 1524 1750 τὸν
1556 1714 1758 1750 παντα-

179 1788 274 1858 χοῦ
298 1787 542 1858 παρόντα
568 1785 839 1857 ζητοῦσιν,
866 1787 932 1839 ἶν’
967 1786 1178 1858 εὕροιεν
1204 1789 1260 1839 ἐν
1290 1788 1473 1858 χωρίῳ
1505 1789 1608 1840 τινὶ
1633 1805 1759 1856 συγ-

178 1873 492 1943 κλειόμενον
513 1873 602 1926 τὸν
627 1874 896 1944 ἀόριστον.
940 1875 1103 1928 Ἀλλὰ
1133 1877 1193 1928 τὸ
1221 1878 1580 1946 παραστῆναι,
1604 1876 1760 1934 τοῦτό

178 1963 296 2016 ἐστι
320 1963 383 2016 τὸ
416 1966 526 2026 τοῖς
557 1963 679 2034 θελή
691 1982 851 2034 μασιν
874 1965 1037 2030 αὑτοῦ
1059 1966 1396 2038 τυπωθῆναι,
1417 1969 1511 2032 καὶ
1542 1968 1600 2020 τὸ
1626 1969 1760 2038 πρὸς

1907 867 2209 920 Athanasii.
2252 863 2349 917 llis
2395 876 2613 932 quoque
2652 872 2892 928 praesens
2922 855 3097 916 adest,
3130 851 3256 906 licet
3289 864 3424 905 eon—

1850 959 1958 1013 dita
1986 958 2166 1010 omnia
2214 956 2406 1009 divisis
2447 956 2499 1007 in
2539 953 2672 1007 locis
2707 952 2843 1016 sint;
2879 947 3170 1001 luminaria
3204 944 3420 1013 quidem

1852 1051 1906 1104 in
1953 1049 2314 1112 ﬁrmamento,
2350 1048 2521 1100 nubes
2553 1046 2606 1098 in
2644 1058 2788 1096 aere.
2837 1040 2903 1094 Et
2933 1039 3152 1109 quidem
3186 1034 3424 1090 homini-

1853 1143 1953 1196 bus
1988 1141 2269 1194 constituit
2315 1138 2578 1192 terminos
2628 1135 2868 1204 gentium
2908 1150 2920 1184 :
2972 1129 3148 1198 angeli
3192 1141 3319 1180 vero
3355 1123 3422 1177 ad

1853 1233 2155 1287 ministeria
2192 1233 2504 1291 mittuntur,
2537 1240 2699 1297 atque
2742 1226 2796 1278 in
2844 1223 2989 1277 scala
3030 1220 3331 1274 ascendunt
3373 1226 3428 1270 et

1852 1325 2210 1380 descendunt.
2241 1322 2306 1376 Et
2332 1323 2436 1374 hoc
2464 1322 2516 1372 in
2545 1321 2667 1372 loco
2695 1320 2808 1371 ait:
2860 1314 3118 1368 Venerunt
3162 1323 3217 1364 ut
3261 1327 3314 1362 se
3347 1309 3424 1360 si-

1853 1425 2248 1471 sterentcoram
2293 1412 2538 1465 Domino.
2595 1409 3075 1486 lnterrogaturque
3123 1401 3422 1454 diabolus:

1860 1506 2005 1560 Unde
2039 1505 2221 1559 uenis?
2251 1503 2308 1555 In
2336 1503 2458 1556 loco
2493 1503 2676 1568 imque
2710 1508 2838 1551 sunt
2868 1494 3061 1564 angeli,
3087 1501 3138 1546 et
3167 1507 3271 1560 quo
3303 1489 3428 1541 Init-

1856 1606 2045 1652 tuntur
2077 1597 2187 1649 illic
2212 1595 2446 1658 adsunt;
2484 1594 2634 1646 solus
2667 1605 2793 1644 vero
2839 1589 2980 1642 Deus
3022 1595 3105 1640 est
3137 1583 3428 1636 incircum-

1857 1689 2110 1757 scriptus.
2145 1685 2282 1739 Tum
2313 1700 2435 1738 eum
2476 1684 2569 1752 qui
2599 1696 2842 1750 praesens
2867 1679 3070 1746 ubique
3099 1685 3181 1730 est
3214 1673 3432 1744 perqui-

1858 1789 2006 1845 runt,
2035 1789 2092 1832 ut
2117 1779 2434 1833 conclusum
2463 1776 2702 1844 quodam
2738 1774 2791 1825 in
2833 1772 2954 1823 loco
2984 1768 3263 1822 inveniant
3305 1781 3429 1819 eum

1859 1872 1951 1939 qui
1996 1869 2249 1924 detinitus
2280 1883 2390 1920 non
2423 1876 2524 1920 est.
2565 1863 2761 1918 Verum
2795 1861 2949 1922 illud,
2997 1875 3054 1913 se
3088 1859 3281 1911 sistere
3326 1855 3434 1908 Do-

1864 1963 2029 2025 mino,
2050 1961 2282 2028 idipsum
2312 1966 2396 2012 est
2418 1957 2564 2026 quod
2609 1953 2985 2010 voluntatibus
3009 1948 3235 2018 obsequi
3267 1947 3432 2010 illius,

179 2054 345 2108 αὐτὸν
373 2053 568 2118 ὑλικῶς
608 2056 1000 2110 ἀνατείνεσθαι.
1055 2057 1187 2110 Θεοῦ
1244 2059 1341 2128 μὲν
1381 2058 1488 2130 γὰρ
1531 2058 1759 2112 ἐνώπιόν

1872 2067 1926 2107 ac
1955 2051 2002 2105 ei
2034 2050 2234 2118 ubique
2271 2056 2468 2117 praesto
2498 2061 2639 2100 esse.
2693 2042 2971 2098 Universa:
3009 2040 3209 2108 quippe
3238 2047 3436 2091 creatae

179 2149 298 2199 ἐστι
329 2149 478 2200 πᾶσα
507 2149 538 2217 ή
572 2148 768 2213 κτίσις,
797 2149 890 2202 καὶ
914 2149 1049 2220 αὑτὴ
1083 2152 1114 2221 ἠ
1149 2152 1484 2222 ἀποστατικὴ
1540 2152 1633 2204 καὶ
1665 2169 1760 2204 πο-

180 2255 246 2308 νη
258 2238 474 2308 ροτάτη,
507 2237 647 2291 κατά
672 2239 732 2291 τὸ
760 2239 1168 2315 ἀπερίγραπτον
1197 2243 1294 2312 τῆς
1315 2241 1498 2304 οὐσίας
1524 2243 1757 2312 ἐκείνης’

186 2331 334 2393 ἰδίως
360 2330 417 2382 δὲ
453 2331 501 2382 οἱ
536 2331 754 2399 ἄγγελοι
812 2331 1032 2401 πάρεισι
1065 2331 1140 2402 τῷ
1171 2332 1320 2402 Θεῷ,
1354 2331 1495 2386 κατὰ
1527 2332 1617 2385 τὸν
1663 2333 1762 2403 τῆς

184 2421 338 2486 θείας
364 2423 581 2492 ἀγάπης
612 2422 903 2493 ἀκόρεστον
937 2422 1130 2494 ἔρωτα.

272 2601 636 2667 Ἀθανάσιος.
681 2601 1004 2669 Ἠγωνίζετο
1041 2601 1138 2672 μὲν
1174 2598 1264 2656 οῦν
1294 2603 1320 2654 ὁ
1367 2602 1506 2666 Ἰὼϐ,
1551 2605 1641 2656 καὶ
1672 2604 1763 2674 μέ-

186 2711 292 2762 γας
319 2689 386 2764 ἦν
413 2694 440 2744 ὁ
475 2695 776 2764 πειρασμός
798 2712 810 2724 ·
851 2695 1052 2764 μείζων
1095 2694 1150 2746 δὲ
1191 2694 1438 2763 ἐφαίνετο
1466 2697 1493 2747 6
1528 2695 1766 2764 ἀθλητὴς

187 2783 283 2837 τοῦ
319 2783 648 2853 πειρασμοῦ.
683 2783 792 2835 Καὶ
844 2783 1008 2846 πολὺς
1061 2782 1159 2852 μὲν
1193 2782 1378 2852 έρρεεν
1409 2783 1437 2834 ὁ
1471 2784 1762 2853 πειράζων,

187 2873 285 2927 καὶ
314 2873 545 2942 χαλεπὸς
576 2868 644 2942 ἦν
677 2873 704 2924 6
735 2872 1037 2943 μαχόμενος
1057 2888 1070 2900 ·
1107 2871 1476 2942 ἀνδρειότερος
1510 2871 1566 2922 δέ
1613 2871 1768 2939 ἐφαί-

187 2982 311 3016 νετο
346 2967 373 3017 ὀ
426 2962 837 3036 πειραζόμενος,
875 2962 1038 3016 νικῶν
1097 2962 1194 3026 τὰς
1252 2963 1623 3033 ἐπιχειρήσεις
1675 2963 1768 3015 καὶ

190 3057 498 3128 προσϐολὰς
543 3054 635 3108 τοῦ
686 3056 919 3126 πονηροῦ
968 3053 1046 3126 τῷ
1080 3053 1300 3125 μεγέθει
1357 3055 1458 3124 τῆς
1512 3054 1764 3117 διανοίας.

191 3149 481 3220 Γνῶρισμα
507 3149 604 3219 τῆς
635 3147 882 3218 ἀνδρείας
911 3147 1057 3199 ἐστὶν
1087 3149 1118 3218 ἡ
1149 3147 1415 3217 ὑπομονὴ.
1450 3146 1634 3220 Ταύτῃ
1661 3147 1767 3218 γὰρ

190 3241 422 3303 ἕκαστος
469 3241 573 3293 τῶν
598 3242 766 3308 ἁγίων
817 3241 991 3312 φέρων
1033 3239 1099 3293 τὰ
1148 3239 1428 3310 συμϐάντα
1475 3242 1532 3292 ἐν
1563 3240 1640 3310 τῷ
1673 3241 1769 3310 βίῳ

191 3335 428 3386 ἐπίπονα
456 3335 550 3386 καὶ
579 3332 817 3404 λυπηρὰ,
845 3331 994 3402 ἴσχυε
1023 3332 1162 3384 κατά
1190 3331 1282 3382 τοῦ
1316 3330 1561 3382 διαϐόλου
1579 3348 1591 3360 ⁸
1629 3331 1769 3401 άπερ

1862 2159 1951 2197 res
1979 2157 2164 2196 coram
2214 2140 2322 2194 Deo
2357 2149 2512 2204 sunt;
2557 2137 2668 2190 imo
2714 2136 2846 2205 ipsa:
2897 2147 3116 2202 quoque
3167 2127 3435 2182 scelestis-

1865 2235 2016 2289 sima:
2056 2249 2176 2302 quae
2208 2232 2575 2301 praevaricata‘.
2602 2237 2750 2290 sunt,
2799 2222 3099 2280 secundum
3139 2221 3434 2273 incircum-

1864 2329 2120 2395 scriptam
2173 2325 2318 2378 illius
2374 2321 2689 2376 substantiae
2738 2326 3011 2371 naturam.
3069 2311 3255 2381 Angeli
3307 2325 3436 2363 vero

1864 2418 2080 2487 proprie
2105 2417 2305 2469 adsunt
2335 2414 2466 2478 Deo,
2503 2427 2598 2481 pro
2634 2408 2926 2464 insatiabili
2953 2421 3052 2461 suo
3078 2405 3272 2458 divinae
3301 2401 3433 2455 cha-

1865 2511 2045 2564 ritatis
2072 2523 2276 2562 amore.

1937 2600 2284 2654 Athanasius.
2347 2593 2449 2648 Job
2500 2594 2683 2660 itaque
2732 2587 3083 2650 decertabat,
3137 2596 3440 2652 magnaque

1867 2693 2093 2747 tentatio
2115 2702 2267 2757 erat;
2314 2687 2512 2742 fortior
2538 2695 2718 2738 tamen
2745 2690 2860 2735 erat
2893 2680 3093 2732 athleta
3126 2675 3438 2729 teutatione.

1867 2784 2105 2838 Instabat
2156 2791 2415 2843 tentatur,
2446 2791 2608 2847 atque
2638 2775 2892 2828 atrociter
2916 2769 3293 2840 oppugnabat;
3348 2765 3439 2819 sed

1866 2875 2044 2930 acrior
2074 2880 2190 2927 erat
2223 2871 2315 2940 qui
2351 2869 2684 2930 tentabatur,
2715 2879 2778 2918 ac
2829 2870 3058 2916 conatus
3093 2862 3441 2926 impetusque

1868 2966 2091 3034 maligni
2123 2980 2235 3034 prie
2287 2961 2458 3016 animi
2495 2956 2868 3028 magnitudine
2907 2953 3218 3022 superabat.
3261 2947 3441 3000 Forti-

1870 3059 2072 3114 tudinis
2098 3063 2480 3123 argumentum
2511 3059 2593 3106 est
2625 3048 2882 3118 patientia
2913 3067 2924 3099 :
2963 3061 3023 3099 ea
3051 3044 3192 3096 enim
3227 3048 3442 3094 sancto-

1869 3167 1989 3205 rum
2019 3150 2245 3220 quilibet
2295 3156 2644 3200 occurrentes
2679 3141 2732 3194 in
2770 3139 2974 3194 smcufo
3021 3135 3201 3188 ferens
3243 3147 3443 3185 aerum-

1870 3259 1968 3297 nas
2000 3252 2160 3309 atque
2203 3239 2444 3300 dolores,
2500 3233 2716 3288 diabolo
2766 3227 3068 3299 praevaluit,
3125 3240 3236 3294 qua:
3283 3222 3444 3275 ambo

1873 3351 1996 3389 cum
2028 3333 2156 3386 velit
2189 3329 2430 3398 Spiritus
2467 3334 2688 3381 sanctus
2726 3334 2782 3375 ut
2810 3321 3173 3378 obtineamus,
3206 3311 3444 3382 przecipit

190 3426 254 3479 τὸ
288 3424 511 3495 Πνεῦμα
540 3425 690 3478 θέλον
722 3426 868 3495 ἡμᾶς
901 3424 1184 3493 ἀμφότερα
1220 3423 1471 3484 κτᾶσθαι,
1503 3422 1763 3492 προστάτ-

1874 3428 1926 3480 in
1960 3425 2174 3478 Psalmo
2205 3441 2218 3475 :
2259 3419 2498 3473 Viriliter
2525 3432 2619 3486 age
2649 3423 2698 3468 et
2723 3412 3051 3481 confortetur
3072 3423 3162 3459 cor
3201 3413 3369 3469 tuum,
3396 3411 3444 3454 et

191 3535 273 3571 τει
293 3518 446 3586 λέγον
464 3520 519 3570 ἐν
537 3518 614 3586 τῷ
640 3516 837 3586 ψαλμῷ
857 3531 868 3544 '
911 3514 1218 3582 Ἀνδρίζου,
1245 3516 1341 3567 καὶ
1367 3515 1770 3584 κραταιούσθω

192 3611 233 3677 ’ἡ
266 3607 474 3675 καρδία
506 3623 640 3671 σου,
678 3608 774 3660 καὶ
800 3607 1126 3675 ὑπόμεινον
1159 3606 1214 3656 τε
1229 3621 1266 3656 ν
1291 3606 1526 3671 Κύριον.
1579 3605 1634 3656 '0
1665 3604 1769 3675 γὰρ

194 3701 481 3770 ὑπομένων
512 3699 752 3770 ἀνδρεῖός
783 3699 918 3760 ἐστι,
951 3696 1045 3749 καὶ
1064 3697 1091 3748 6
1114 3696 1352 3766 ἀνδρεῖος
1376 3695 1772 3764 ὑπομονητικὸς

192 3791 260 3844 ἂν
311 3791 414 3861 εἴη.
452 3789 542 3842 Διὸ
584 3791 676 3842 καὶ
721 3790 748 3840 ὁ
798 3788 1064 3859 μακάριος
1106 3785 1224 3838 Ἰὼϐ
1255 3785 1341 3839 διὰ
1387 3787 1447 3838 τὸ
1481 3785 1771 3856 ὑπομένειν

192 3880 566 3952 ἐκραταιοῦτο,
591 3881 683 3932 καὶ
711 3879 798 3932 διὰ
826 3879 884 3932 τὸ
911 3879 1170 3950 ἀνδρείως
1204 3877 1391 3948 φέρειν
1424 3877 1550 3940 τοὺς
1580 3878 1771 3939 πόνους

195 3972 481 4042 ὑπέμεινε,
509 3970 599 4022 καὶ
635 3968 732 4039 τὴν
771 3971 1001 4037 γυναῖκα
1035 3967 1304 4033 διωθεῖτο,
1341 3966 1771 4036 ἐξαπατηθεῖσαι)

197 4063 303 4115 ὑπὸ
338 4061 429 4114 τοῦ
455 4061 648 4130 ὄφεως,
687 4059 778 4113 καὶ
805 4059 1104 4130 φθαρεῖσαν
1141 4058 1210 4110 τὰ
1243 4060 1507 4128 νοήματα.
1555 4057 1772 4128 Ἐπειδὴ

196 4155 307 4224 γὰρ
330 4153 464 4216 ὅλως
489 4153 604 4204 ἐστὶ
634 4150 862 4223 μισητὴς
883 4153 910 4203 ὁ
935 4151 1033 4220 τῆς
1060 4151 1258 4213 κακίας
1286 4149 1528 4221 εὑρετὴς,
1558 4149 1652 4202 καὶ
1679 4149 1773 4219 μό-

195 4262 285 4298 νον
318 4245 635 4314 φαινόμενος
685 4241 861 4313 ζητῶν
891 4241 1012 4293 τίνα
1056 4241 1290 4312 ἁρπάσει
1347 4240 1440 4293 καὶ
1486 4242 1768 4293 καταπιεῖ⁶

195 4337 284 4389 διὰ
311 4336 466 4389 τοῦτο
497 4337 524 4389 ὃ
556 4340 652 4406 μὲν
684 4335 827 4387 ἐστιν
847 4333 1009 4397 αὐτὸς
1047 4332 1384 4403 ὑποκρύπτει
1415 4332 1510 4384 καὶ
1545 4332 1735 4384 σκέπει
1757 4347 1770 4359 °

198 4429 618 4500 ὑποκρινόμενος
653 4429 709 4480 δὲ
740 4429 805 4497 τῇ
839 4425 1108 4494 φαντασίᾳ
1137 4425 1234 4494 τὴν
1260 4424 1394 4476 πᾶσι
1427 4422 1773 4493 ποθουμένην

197 4519 471 4591 ἀλήθειαν,
495 4520 583 4572 τὸν
615 4518 745 4571 ἴδιον
777 4517 851 4569 ἰὸν
881 4515 1156 4569 ἐπιϐάλλει
1187 4516 1300 4578 τοῖς
1346 4512 1772 4584 ἀκολουθήσασιν

198 4610 366 4681 αὐτῷ.
403 4608 556 4662 Οῦτω
578 4609 670 4662 καὶ
689 4607 785 4679 τὴν
816 4607 957 4660 Εὕαν
978 4607 1256 4676 ἠπάτησεν
1278 4643 1292 4667 ,
1328 4605 1388 4656 ού
1423 4605 1490 4658 τά
1533 4604 1636 4656 ἴδια
1684 4610 1774 4656 λα-

197 4698 326 4762 λῶν,
357 4699 468 4752 ἁλλ’
498 4698 920 4767 ὑποκρινόμενος
966 4695 1036 4748 τά
1066 4695 1159 4747 τοῦ
1194 4693 1328 4745 Θεοῦ
1375 4693 1598 4763 ῥήματα
1627 4733 1642 4754 ,
1677 4692 1771 4744 καὶ
1807 4736 1848 4792 D

199 4791 296 4862 τὴν
316 4791 550 4844 διάνοιαν
573 4788 751 4842 αὐτῶν
779 4785 1116 4858 παραποιῶν.
1139 4783 1293 4838 Οῦτω
1315 4783 1408 4835 καὶ
1422 4783 1518 4853 τὴν
1539 4785 1771 4850 γυναῖκα

201 4885 292 4937 τοῦ
332 4881 450 4935 Ἰὼϐ
481 4881 735 4943 ὑπέϐαλε,
767 4880 958 4941 πείσας
981 4877 1117 4947 αὐτῇ
1153 4872 1540 4945 ὑποκρίνεσθαι
1581 4872 1768 4942 φιλαν-

202 4975 374 5051 δρίαν,
423 4971 638 5036 διδάξας
673 4972 728 5024 δὲ
777 4970 1112 5040 βλασφημεῖν
1158 4970 1237 5031 εἰς
1281 4967 1371 5018 τὸν
1424 4965 1576 5018 Θεόν.
1613 4963 1769 5017 Οὕτω

1871 3516 2069 3567 sustine
2109 3512 2391 3565 Dominum
2421 3510 2486 3561 3'.
2528 3506 2662 3559 Nam
2697 3505 2789 3572 qui
2817 3501 3050 3556 sustinet
3083 3498 3128 3552 is
3160 3495 3318 3549 fortis
3341 3502 3446 3558 est,

1871 3606 1962 3674 qui
1997 3604 2173 3667 fortis,
2202 3604 2245 3657 is
2263 3602 2473 3670 patiens
2503 3597 2683 3652 fuerit.
2713 3593 3076 3660 Quamobrem
3107 3589 3296 3642 beatus
3324 3583 3446 3650 Job,

1872 3698 1998 3764 quia
2032 3695 2315 3757 tolerabat,
2366 3688 2644 3743 robustior
2683 3684 2888 3738 evasit:
2937 3690 2990 3734 et
3038 3678 3165 3746 quia
3216 3674 3447 3728 viriliter

1872 3785 2088 3838 labores
2137 3780 2460 3841 sustinebat,
2517 3787 2853 3841 uxoremque
2899 3767 3192 3837 repellebat
3242 3779 3273 3817 a
3327 3779 3444 3816 ser-

1873 3885 2030 3945 pente
2064 3875 2364 3941 deceptam,
2399 3884 2462 3922 ac
2497 3875 2676 3920 mente
2711 3870 3051 3928 corruptam.
3108 3857 3246 3909 Cum
3298 3854 3443 3907 enim

1873 3968 2090 4021 malitiae
2117 3973 2329 4028 auctor,
2370 3959 2649 4015 hominum
2685 3956 2756 4010 sit
2799 3969 2952 4017 osor,
2991 3966 3056 4004 ac
3087 3949 3262 4003 solum
3297 3960 3446 4013 quaa-

1873 4068 1956 4113 rat
1984 4071 2145 4126 quem
2171 4055 2346 4123 rapiat
2380 4068 2443 4106 ae
2474 4053 2715 4108 devoret,
2756 4046 2876 4100 ideo
2915 4059 2972 4097 se
2997 4041 3090 4110 qui
3117 4039 3186 4093 sit
3213 4035 3447 4091 occultat

1873 4165 1937 4204 ac
1967 4146 2226 4216 contegit.
2254 4146 2333 4197 Ac
2362 4141 2629 4198 simulans
2662 4139 2713 4190 in
2739 4133 3065 4206 phantbasia
3094 4129 3239 4184 illam
3264 4125 3445 4181 omni-

1876 4242 1976 4295 bus
2011 4238 2366 4292 desideratam
2426 4229 2731 4294 veitatem,
2786 4239 3053 4280 venenum
3109 4222 3176 4277 iis
3219 4219 3311 4288 qui
3361 4231 3447 4272 se-

1873 4339 2112 4403 quunlur
2138 4327 2381 4383 immittit
2417 4339 2597 4380 suum.
2635 4321 2710 4375 lla
2739 4322 2903 4374 Evam
2942 4314 3173 4383 decepit,
3203 4326 3307 4365 non
3345 4323 3445 4363 sua

1874 4419 2162 4490 loquendo,
2223 4417 2319 4472 sed
2373 4414 2467 4468 Dei
2518 4412 2683 4466 verba
2748 4405 3095 4467 simulando,
3147 4413 3485 4467 eorumque.

1875 4510 2200 4568 sententiam
2239 4503 2608 4575 depravando.
2649 4501 2726 4554 lta
2754 4497 2872 4552 Jobi
2922 4508 3147 4548 uxorem
3199 4488 3445 4549 immisit,

1876 4618 1996 4656 cum
2027 4599 2289 4654 suasisset.
2339 4595 2442 4664 ipsi
2473 4602 2532 4646 ut
2562 4604 2799 4644 amorem
2840 4600 2968 4655 erga
3007 4582 3261 4636 maritum
3311 4592 3447 4647 pra:-

1877 4689 2041 4744 ferret
2068 4704 2131 4742 ac
2169 4685 2452 4741 simularet
2479 4700 2492 4736 :
2527 4697 2589 4735 ac
2612 4678 2888 4734 docuisset
2921 4689 3040 4728 eam
3066 4669 3446 4738 blasphemare.

1879 4783 1930 4834 in
1967 4781 2154 4833 Deum.
2194 4778 2269 4831 Ita
2296 4775 2542 4829 homines
2574 4770 2839 4826 subdolus
2871 4767 2959 4820 ille
2999 4760 3303 4833 phantasiis
3332 4757 3448 4811 illu-

1876 4875 1973 4938 dit,
2007 4885 2278 4942 quemque
2313 4864 2629 4936 decipiendo
2653 4877 2716 4917 ac
2743 4855 3107 4931 pertrahendo
3137 4855 3189 4907 in
3226 4849 3449 4920 profun-

1876 4965 2003 5018 dum
2039 4963 2257 5016 malitiae
2298 4974 2432 5014 suae.

205 5072 325 5133 τοὺς
371 5067 684 5139 ἀνθρώπους
732 5068 761 5118 ὁ
810 5066 980 5128 δόλιος
1021 5063 1202 5128 παίζει
1258 5064 1377 5124 ταῖς
1415 5059 1736 5128 φαντασίαις
1782 5059 2135 5112 ὑποκλέπτων
2199 5057 2295 5108 καὶ
2347 5052 2524 5122 σύρων
2557 5050 2788 5103 ἕκαστον
2821 5047 2900 5108 εἰς
2947 5043 3037 5097 τὸν
3072 5041 3202 5095 ἴδιον
3224 5039 3320 5108 τῆς
3346 5053 3448 5090 κα-

203 5163 324 5224 κίας
362 5159 571 5230 βόθρον.

266 5255 334 5305 Εἰ
363 5252 509 5305 κατὰ
550 5248 776 5302 παίδων
829 5246 1016 5301 αὐτοῦ
1047 5247 1119 5299 οὑ
1150 5243 1438 5307 πιστεύει,
1497 5239 1648 5292 κατὰ
1697 5238 1764 5290 δὲ

203 5341 474 5413 ἀγγέλων
493 5340 677 5397 αὑτοῦ
705 5339 958 5393 σκολιόν
988 5355 1038 5390 τι
1071 5337 1423 5401 ἐπενόησεν.

272 5434 640 5489 Ἀθανασίου.
675 5432 738 5484 Ἠ
754 5431 810 5483 δὲ
831 5432 934 5483 τῶν
963 5427 1228 5498 γεννητῶν
1252 5427 1344 5478 καὶ
1375 5422 1604 5476 κτιστῶν
1622 5421 1778 5490 φύσις

275 5593 321 5627 ³⁸
356 5590 460 5648 Job
487 5607 525 5655 ι,
551 5589 606 5643 7.
704 5589 745 5620 ³¹
830 5587 972 5641 Psal.
1024 5601 1184 5648 χχιιι,
1238 5583 1326 5635 14.

277 5751 517 5816 (2)1la2c
555 5751 621 5805 ad
657 5750 816 5804 linem
860 5760 1033 5813 usque
1080 5709 1339 5812 expressa
1389 5739 1638 5794 videntur
1689 5751 1753 5792 ex
1796 5732 1967 5805 Epist.
2005 5747 2020 5784 ι
2061 5729 2129 5782 ad
2177 5724 2536 5798 Serapionem.

1945 5233 2005 5288 Si
2047 5241 2233 5285 contra
2274 5228 2464 5280 liberos
2519 5240 2642 5277 suos
2685 5239 2788 5276 non
2821 5218 3020 5282 credit,
3057 5223 3242 5269 contra
3285 5221 3446 5278 ange‘

1886 5326 1962 5378 los
1997 5333 2170 5375 autem
2196 5333 2316 5371 suos
2349 5331 2570 5386 pravum
2599 5311 2872 5382 quidpiam
2906 5303 3214 5374 excogitavit
3237 5302 3301 5355 ³⁸.

1959 5412 2258 5468 Athanasii.
2297 5408 2616 5488 Genitorum
2649 5411 3068 5467 ereatorumque
3095 5405 3287 5449 natura
3328 5377 3456 5441 mu~'

1429 5581 1472 5611 ³²
1515 5578 1615 5632 Job
1675 5593 1748 5639 tv,
1798 5577 1879 5630 18.
