3860 6220
436 313 571 366 1547

1296 313 1355 369 S.
1396 312 1769 369 ATHANASII
1809 313 1959 368 OPP.
1998 313 2178 369 PARS
2215 312 2303 367 lll.
2349 345 2416 356 —
2455 311 2866 369 EXEGETICA.

3566 314 3718 371 1548

435 430 618 485 labilis
646 437 748 491 est,
784 436 973 497 utpote
998 442 1120 497 quae
1141 429 1213 484 sit
1239 439 1391 484 extra
1412 429 1508 485 Dei
1531 431 1914 496 substantiam,
1938 440 2014 484 at-

2130 427 2317 497 τρεπτή
2351 428 2487 490 ἐστι,
2523 428 2618 479 ἆτε
2648 427 2713 498 δή
2743 427 2941 493 ἔξωθεν
2971 422 3104 481 οὖσα
3134 429 3233 499 τῆς
3273 428 3368 483 τοῦ
3419 431 3563 486 Θεοῦ
3612 431 3716 487 οὐ·

438 540 545 595 que
574 539 639 578 ex
662 539 770 577 non
798 522 1139 577 exstantibus
1157 522 1408 578 exsistat.
1433 523 1826 589 Quamobrem,
1844 524 2013 576 omnis

434 617 590 669 homo
612 614 838 668 merulas:
872 614 951 679 ³³;
984 623 1055 678 et,
1090 630 1264 668 omnes
1312 624 1653 681 peccaverunt
1690 624 1739 667 et
1776 614 1871 667 Dei
1902 615 2015 684 glo-

434 709 521 761 ria
554 707 830 775 privuntur
852 704 914 755 ³⁸.
951 704 1210 758 Diabolus
1240 714 1447 768 autem,
1476 706 1567 775 qui
1601 707 1655 759 in
1682 706 1861 759 medio
1891 706 2014 759 che-

434 798 755 851 rubinorum
778 804 912 862 erat,
942 812 1004 849 ac
1031 796 1269 866 sigillum
1298 796 1676 850 similitudinis
1709 796 1884 851 factus
1907 804 2011 860 est,

434 889 637 943 excidit
674 904 703 942 e
742 888 898 942 caelis
960 888 1117 956 quasi
1171 887 1353 957 fulgur
1407 889 1471 941 ".
1527 887 1745 957 Nosque
1793 888 2014 957 angelos

430 978 868 1048 iudicabimus",
891 992 987 1031 eos
1010 977 1292 1041 nimirum,
1312 978 1402 1047 qui
1424 995 1581 1032 suum
1604 995 1707 1031 non
1730 993 2014 1033 servavere

433 1068 819 1138 principatum.
854 1065 917 1120 Et
959 1069 1059 1121 hoc
1089 1068 1209 1121 loco
1245 1085 1258 1121 :
1308 1068 1353 1122 si
1400 1078 1587 1122 contra
1636 1069 1832 1123 liberos
1882 1084 2014 1125 suos

434 1172 540 1213 non
597 1157 807 1219 credit,
849 1171 911 1211 ac
973 1156 1294 1225 simpliciter
1354 1156 1649 1225 loquendo,
1684 1169 1880 1210 creata:
1926 1172 2013 1212 res

432 1249 703 1320 ejusmodi
730 1258 936 1302 naturae
965 1257 1091 1302 sunt
1132 1258 1190 1302 ut
1219 1256 1518 1303 mutentur.
1556 1248 1684 1302 Sola
1715 1257 1898 1302 autem
1929 1248 2014 1301 di-

432 1342 556 1394 vina
586 1348 779 1393 natura
803 1348 885 1393 est
921 1337 1301 1393 immutabilis.

497 1430 668 1487 Juxta
708 1448 967 1500 papyrum
1002 1470 1016 1493 ,
1067 1431 1332 1483 calamum
1380 1439 1429 1484 et
1480 1432 1728 1485 caricem.

502 1521 776 1577 Fortassis
808 1538 903 1589 per
946 1522 1271 1576 arundinem
1326 1532 1378 1575 et
1416 1538 1708 1592 papyrum,
1747 1522 2007 1579 vilitatem

438 1628 503 1668 ac
529 1621 899 1684 paupertatem
928 1614 1128 1667 diaboli
1162 1613 1453 1669 adumbrat
1494 1613 1799 1682 Scriptura.

515 1789 727 1845 Viscera
751 1790 863 1859 ejus
895 1798 1047 1844 scuta
1077 1806 1248 1845 (enea.

502 1878 847 1934 Athanasius.
902 1878 1040 1933 Olim
1087 1879 1290 1934 multus
1328 1887 1444 1933 erat
1484 1877 1737 1933 inimicus
1770 1878 1823 1933 in
1860 1878 2007 1932 frau-

432 1970 594 2025 dibus
619 1971 878 2025 adversus
901 1970 1151 2024 homines
1182 1969 1463 2039 parandis,
1493 1970 1721 2038 suisque
1768 1970 2003 2038 phanta-

433 2063 533 2118 siis
561 2062 824 2132 plurimos
854 2062 1174 2129 decipiebat,
1199 2062 1429 2131 ejusque
1473 2061 1693 2116 fraudes
1725 2076 1866 2130 :egre
1912 2062 2007 2115 de-

433 2153 697 2225 prehendi
743 2163 1022 2222 poterant;
1057 2153 1128 2206 ita
1179 2162 1237 2206 ut
1259 2154 1485 2221 spiritus
1518 2155 1582 2205 de
1617 2152 1709 2205 illo
1753 2153 1957 2205 diceret
1992 2169 2005 2205 :

435 2241 565 2308 Quis
596 2243 842 2296 reuelabit
883 2242 1074 2311 faciem
1107 2243 1398 2295 indumenti
1422 2240 1534 2305 eius
1581 2241 1666 2293 ‘7?
1708 2250 1761 2295 et
1787 2248 2005 2295 caetera.

432 2333 620 2403 Neque
640 2335 784 2388 enim
824 2334 968 2404 quod
997 2343 1134 2401 erat,
1160 2333 1396 2403 idipsum
1424 2348 1545 2387 esse
1576 2332 1887 2402 apparebat,
1916 2331 2011 2386 sed

432 2445 540 2500 qua
577 2429 751 2483 forma
786 2430 851 2482 ad
884 2427 1127 2481 fraudem
1161 2427 1238 2480 uti
1280 2426 1516 2490 volebat,
1548 2441 1667 2479 eam
1703 2425 1828 2491 sibi,
1871 2425 2013 2478 fictio

431 2521 563 2575 tiam
607 2520 752 2584 licet,
806 2520 1135 2573 assumebat.
1192 2517 1560 2583 Quamobrem
1612 2517 1767 2569 multi
1815 2516 1883 2570 ab
1914 2517 2007 2569 illo

431 2611 882 2681 decipiebantur:
930 2625 1054 2663 cum
1088 2618 1267 2663 autem
1305 2609 1523 2662 advenit
1568 2606 1843 2666 Salvator.
1892 2616 2008 2660 tum

431 2702 614 2758 omnis
659 2701 869 2756 fallacia
900 2701 1044 2755 illius
1078 2701 1356 2769 propalam
1389 2699 1529 2754 facta
1564 2709 1667 2754 est.
1718 2699 1852 2753 Nam
1885 2700 2004 2769 ejus

430 2801 602 2862 gesta,
632 2807 754 2862 quae
788 2791 915 2846 olim
951 2790 1255 2853 latitabant,
1288 2804 1383 2859 per
1407 2788 1607 2847 Christi
1647 2790 1882 2859 gratiam
1906 2804 2000 2844 co-

430 2892 768 2953 gnoscuntur
794 2902 807 2936 :
838 2892 891 2937 et
912 2882 1110 2951 quibus
1139 2882 1267 2935 olim
1300 2882 1548 2935 homines
1579 2880 1866 2946 fefellerat,
1899 2882 1997 2935 iis-

2118 514 2259 577 σίας,
2292 516 2386 567 καὶ
2423 514 2482 580 ἐξ
2511 517 2609 569 οὐκ
2638 517 2805 569 ὄντων
2836 519 3135 571 ὑποστᾶσα.
3168 520 3259 573 Διὸ
3301 522 3421 587 πᾶς
3469 522 3717 590 ἄνθρω-

2114 620 2229 669 πος
2244 606 2537 672 ψεύστης·
2564 607 2675 670 καὶ,
2708 605 2929 671 πάντες
2951 607 3233 675 ἥμαρτον,
3251 610 3348 662 καὶ
3364 612 3721 678 ὑστεροῦν-

2113 713 2205 748 ται
2240 695 2348 763 τῆς
2374 696 2556 765 δόξης
2595 696 2701 750 τοῦ
2739 699 2906 751 Θεοῦ.
2953 700 3009 751 Ὀ
3049 701 3104 752 δὲ
3146 701 3408 766 διάϐολος,
3450 704 3508 755 ὲν
3548 703 3720 772 μέσῳ

2112 786 2219 839 τῶν
2256 788 2520 858 χερουϐὶμ
2575 788 2689 852 ὣν,
2733 790 2826 843 καὶ
2899 791 3328 862 ἀποσφράγισμα
3382 793 3719 862 ὁμοιώσεως

2111 878 2402 948 γενόμενος
2427 919 2441 942 ,
2491 880 2748 946 ἐξέπεσεν
2777 881 2842 934 ἐκ
2873 881 2982 934 τῶν
3027 884 3269 952 οὐρανῶν
3302 885 3379 948 ώς
3410 886 3715 955 ἀστραπή.

2111 971 2221 1022 Καὶ
2252 970 2514 1038 ἀγγέλους
2531 972 2844 1043 κρινοῦμεν,
2875 976 3001 1039 τοὺς
3020 976 3092 1045 μὴ
3116 977 3466 1046 τηρήσαντας
3493 976 3717 1047 δηλαδή

2110 1059 2210 1129 τὴν
2240 1062 2446 1113 ἑαυτῶν
2480 1063 2673 1134 ἀρχήν.
2724 1064 2834 1117 Καὶ
2872 1065 3123 1129 ἐνταῦθα,
3181 1069 3229 1119 εί
3278 1068 3418 1120 κατὰ
3465 1069 3719 1120 παιδίων

2112 1152 2276 1204 αὐτοῦ
2308 1154 2367 1205 οὐ
2400 1155 2665 1219 πιστεύει,
2696 1156 2791 1208 καὶ
2821 1156 3007 1219 ἁπλῶς
3032 1159 3099 1212 τὰ
3133 1158 3408 1228 κτίσματα
3437 1161 3719 1228 τοιαύτην

2110 1242 2221 1311 ἔχει
2244 1242 2341 1314 τὴν
2366 1244 2547 1314 φύσιν,
2576 1247 2670 1299 καὶ
2695 1248 2981 1318 τρέπεται.
3017 1249 3171 1321 Μόνη
3202 1250 3258 1303 δὲ
3295 1252 3327 1321 ἡ
3368 1251 3488 1305 θεία
3534 1253 3717 1321 φύσις

2110 1333 2481 1398 ἀναλλοίωτος.

2180 1424 2347 1492 Παρὰ
2379 1425 2676 1493 πάπυρον,
2709 1428 2805 1481 καὶ
2836 1427 3129 1497 κάλαμον,
3165 1430 3262 1482 καὶ
3292 1431 3636 1501 βούτομοεν.

2182 1515 2337 1584 Τάχα
2368 1515 2423 1567 δὲ
2458 1515 2546 1568 διὰ
2585 1516 2678 1569 τοῦ
2722 1518 2972 1588 καλάμου
3020 1520 3113 1571 καὶ
3165 1518 3255 1573 τοῦ
3300 1522 3563 1593 παπύρου
3606 1523 3717 1592 τὴν

2108 1606 2381 1659 εὐτέλειαν
2407 1607 2501 1660 xui.
2526 1608 2624 1679 τὴν
2650 1610 2837 1663 πενίαν
2883 1608 2977 1663 τοῦ
3022 1610 3268 1665 διαϐόλου
3312 1614 3623 1667 αἰνίττεται
3676 1616 3713 1685 ἡ

2109 1696 2299 1766 Γραφή
2310 1734 2324 1748 .

2040 1784 2087 1843 Β
2192 1782 2269 1838 Τὰ
2301 1783 2521 1853 ἔγκατα
2549 1785 2734 1839 αὐτοῦ
2764 1786 3021 1853 ἀσπίδες
3048 1805 3320 1856 lauicana.

2181 1874 2546 1941 Ἀθανάσιος.
2584 1877 2761 1929 Πάλαι
2817 1878 2915 1947 μὲν
2942 1874 3035 1931 οὖν
3071 1879 3238 1943 πολὺς
3289 1877 3357 1951 ἦν
3419 1882 3449 1933 ὀ
3506 1882 3715 1953 ἐχθρὸς

2106 1982 2277 2019 πανου
2287 1967 2610 2037 ργευόμενος
2631 1970 2773 2021 κατὰ
2795 1967 2907 2021 τῶν
2924 1969 3019 2021 ἀνθ
3029 1969 3244 2040 ρώπων,
3259 1973 3351 2023 καὶ
3369 1974 3714 2039 φαντασίαις

2108 2057 2274 2110 αὐτοῦ
2300 2058 2526 2120 πολλοὺς
2552 2058 2759 2129 ήπάτα,
2787 2060 2880 2111 καὶ
2906 2060 3169 2131 δυσχερής
3199 2057 3266 2131 ἦν
3288 2064 3321 2131 ἡ
3352 2064 3454 2132 τῆς
3483 2065 3715 2135 ἀπάτης

2114 2146 2275 2200 αὐτοῦ
2302 2148 2636 2219 κατάληψιςι
2667 2148 2806 2202 ῶστε
2838 2152 2929 2204 καὶ
2974 2152 3031 2203 τὸ
3078 2152 3294 2222 πνεῦμα
3338 2152 3527 2222 λέγειν
3574 2156 3715 2226 περὶ

2112 2239 2277 2292 αὐτοῦ
2303 2256 2315 2267 ·
2358 2242 2455 2307 Τίς
2485 2243 2867 2309 ἀποκαλύψει
2897 2245 3221 2309 πρόσωπον
3237 2245 3579 2314 ἐνδύματος
3609 2249 3715 2300 αὑ-

2112 2332 2217 2386 τοῦ
2240 2350 2258 2397 ;
2284 2333 2376 2386 καὶ
2416 2334 2481 2386 τὰ
2511 2332 2657 2399 ἑξῆς.
2695 2336 2769 2386 Οὐ
2819 2334 2926 2405 γὰρ
2950 2336 3086 2405 ὅπερ
3115 2331 3205 2406 ἧν,
3236 2336 3395 2389 τοῦτο
3421 2340 3519 2391 καὶ
3543 2341 3713 2408 ἐφαί-

2112 2440 2252 2487 νετο,
2288 2424 2424 2477 ἀλλὰ
2471 2425 2608 2495 πρὸς
2660 2424 2687 2475 ὃ
2718 2426 3170 2496 ὲπανουργεύετο,
3226 2429 3361 2497 πρὸς
3393 2430 3558 2484 τοῦτο
3614 2432 3713 2483 καὶ

2114 2517 2439 2584 ἐφαντασίου
2484 2519 2697 2571 ἑαυτὸν.
2744 2519 2842 2571 Διὰ
2875 2520 3034 2572 τοῦτο
3076 2522 3171 2573 καὶ
3201 2522 3387 2575 πολλοὶ
3410 2524 3712 2592 ήπατῶντο

2113 2607 2203 2660 ὑπ’
2233 2609 2395 2661 αὐτοῦ
2418 2626 2432 2639 °
2467 2610 2555 2662 ὅτε
2581 2609 2634 2662 δὲ
2668 2611 3012 2682 ἐπεδήμησεν
3046 2614 3073 2665 ὁ
3092 2613 3306 2685 Σωτὴρ,
3334 2614 3457 2667 τότε
3484 2617 3520 2684 ἡ
3553 2616 3709 2669 πᾶσα

2113 2698 2381 2766 φαντασία
2409 2698 2572 2751 αὐτοῦ
2597 2699 2984 2771 ὲδειγματίσθη
3007 2718 3020 2729 ’
3045 2702 3080 2755 ἃ
3115 2704 3223 2774 γὰρ
3250 2706 3503 2772 ἠγνοεῖτο
3534 2704 3712 2757 πάλαι

2112 2789 2300 2854 ποιῶν,
2335 2791 2505 2843 ταῦτα
2528 2794 2594 2863 τῇ
2630 2793 2813 2863 χάριτι
2848 2792 2943 2846 τοῦ
2973 2794 3212 2863 Χριστοῦ
3235 2794 3710 2862 γινώσκεται,καὶ

2110 2881 2168 2932 ὲν
2197 2876 2277 2944 οἷς
2308 2881 2491 2950 ἠπάτα
2514 2882 2679 2935 πάλαι
2704 2884 2829 2946 τοὺς
2865 2883 3206 2954 ἀνθρώπους,
3240 2887 3297 2938 ὲν
3344 2885 3563 2949 τούτοις
3616 2885 3709 2938 ὑπ’

429 2974 551 3028 dem
566 2974 677 3043 jam
696 2974 764 3028 ab
782 2973 1094 3035 hominibus
1118 2974 1430 3041 proteritur.
1452 2972 1609 3027 Fides
1630 2973 1827 3042 quippe
1852 2972 2000 3026 omni

2130 2972 2285 3026 ιύτῶν
2307 2978 2721 3028 καταπατεῖται.
2741 2976 2928 3046 Πάσης
2947 2976 3054 3047 γὰρ
3074 2977 3383 3048 διαϐολικῆς
3399 2978 3708 3042 ἐπιθέσεως

429 3063 699 3119 diabolico
722 3065 946 3135 impetu,
987 3072 1042 3117 et
1077 3063 1386 3118 daemonum
1429 3061 1615 3118 furore
1668 3062 1862 3117 fortior
1895 3073 1999 3117 est.

2112 3066 2206 3118 καὶ
2233 3065 2428 3135 μανίας
2447 3066 2713 3137 δαιμόνων
2742 3070 3065 3139 ἰσχυροτέρα
3092 3070 3125 3138 ή
3158 3070 3360 3132 πίστις.

844 3424 1308 3487 ADMONITIO
1364 3425 1445 3485 IN
1503 3424 2002 3484 FRAGMENTA
2053 3423 2651 3497 SUBSEQUENTIA
2722 3427 2802 3488 IN
2860 3427 3015 3489 CAN

499 3755 866 3826 Expositiones
899 3753 1183 3809 Athanasii
1221 3755 1276 3807 in
1302 3753 1592 3809 Canticum
1615 3758 1939 3810 canticorum
1982 3772 2030 3808 rm

2130 3766 2241 3810 orat
2284 3756 2504 3811 Photius
2526 3759 2607 3813 his
2648 3761 2815 3815 verbis
2844 3779 2861 3814 :
2895 3761 3198 3833 Πεποίηται
3235 3763 3294 3816 δὲ
3331 3764 3502 3836 αὐτῷ,
3537 3767 3697 3837 φησι,

430 3851 523 3905 xui.
551 3852 629 3912 εἰς
652 3848 742 3901 τὸν
792 3847 1239 3919 Ἐκκλησιαστὴν,
1276 3849 1369 3900 xui.
1395 3850 1476 3911 εἰς
1500 3847 1561 3901 τὸ
1588 3845 1778 3919 τᾼσμα
1806 3849 1914 3903 τῶν
1937 3851 2195 3920 ᾀσμάτων
2233 3851 2621 3923 ὑπομνήματα,
2642 3853 2831 3925 ὥσπερ
2852 3856 2947 3907 καὶ
2977 3857 3056 3917 εἰς
3079 3857 3170 3909 τὸν
3191 3857 3479 3929 Ψαλτῆρα,
3509 3862 3612 3915 καὶ
3643 3864 3700 3914 ἐν

428 3944 634 4019 ἑτέροις
666 3941 899 4005 πολλοῖς.
927 3943 1354 4005 Comment-aria,
1392 3945 1585 4011 inquit,
1618 3944 1785 3998 edidit
1823 3946 1876 3999 in
1909 3945 2307 4011 Ecclesiasten,
2340 3948 2393 4002 in
2431 3948 2719 4003 Canticum
2749 3953 3111 4014 canticorum,
3142 3937 3610 4021 quemadmodum
3647 3967 3697 4012 et

430 4037 483 4089 in
513 4036 833 4092 Psalterium
869 4044 922 4088 et
952 4035 1006 4087 in
1037 4035 1142 4088 alia
1166 4035 1357 4088 multa.
1394 4038 1522 4089 Haec
1560 4052 1716 4105 porro
1748 4038 2046 4108 fragmenta
2075 4044 2334 4112 prodeunt
2375 4057 2439 4096 ex
2460 4044 2872 4112 expositionibus
2921 4045 2978 4097 in
3006 4043 3229 4099 Cantica
3249 4047 3404 4099 editis
3426 4064 3459 4100 a
3480 4046 3697 4105 Joanne

428 4128 663 4183 Meursio
684 4143 820 4181 anno
847 4125 1006 4179 1617.

500 4220 567 4275 1η
597 4219 833 4292 gregibus
865 4220 1160 4271 amicarum
1190 4228 1402 4271 tuarum
1417 4220 1569 4288 quasi
1599 4220 1904 4276 errabunda
1934 4224 1999 4278 ⁸⁸.

2192 4227 2316 4280 Ἐπ’
2350 4225 2594 4293 ἀγέλαις
2619 4227 2867 4294 ἑταίρων
2894 4243 3011 4280 σου
3041 4229 3122 4292 ὠς
3135 4230 3495 4298 ῥεμϐομένη.

426 4303 520 4360 Ille
568 4305 649 4358 sic
692 4319 811 4357 eam
846 4302 1144 4371 alloquitur
1183 4300 1403 4357 :Nosce
1456 4303 1685 4374 teipsam
1741 4307 1915 4376 prius,
1941 4317 2000 4362 ut

426 4412 516 4451 me
542 4409 761 4465 quoque
782 4407 1112 4463 cognoscere
1146 4394 1345 4461 possis.
1380 4390 1437 4455 Si
1463 4402 1510 4447 te
1541 4410 1702 4450 nosse
1732 4412 1840 4449 non
1864 4413 1999 4466 pos-

427 4488 504 4545 sis
533 4504 545 4539 :
578 4487 623 4542 si
652 4501 760 4540 non
804 4484 1041 4548 noveris,
1073 4499 1248 4553 neque
1280 4485 1423 4539 scias
1455 4487 1710 4555 teipsam,
1736 4489 2000 4558 egredere

428 4591 485 4634 tu
512 4580 577 4633 ad
609 4578 859 4633 calcanea
888 4585 941 4632 et
984 4576 1233 4645 vestigia,
1261 4585 1316 4630 et
1360 4592 1521 4645 pasce
1566 4580 1807 4648 capellas
1850 4590 1996 4645 tuas,

426 4684 491 4724 ac
535 4667 742 4722 nutries
770 4675 991 4736 peccata
1044 4665 1306 4719 virtutum
1348 4666 1489 4721 loco.
1530 4665 1596 4719 In
1642 4669 1997 4723 tabernaculis

425 4770 697 4831 pastorum
718 4760 783 4825 ⁸⁸,
819 4759 873 4812 in
916 4757 1375 4827 concupiscentiis
1413 4758 1854 4815 adversariarum
1905 4777 2004 4831 po-

428 4863 702 4917 testatum,
737 4868 859 4921 qua:
884 4860 936 4905 te
964 4859 1215 4920 pascunt.

506 4943 699 4998 Vocavi
711 4959 848 5008 eum,
871 4958 960 4995 nec
979 4942 1243 5011 respondit
1268 4942 1415 4998 mihi.
1438 4940 1666 5013 Surgam
1696 4952 1744 4996 et
1768 4944 1998 4999 circuibo

424 5037 691 5090 civitatem
720 5035 788 5088 ⁸⁸.

495 5127 840 5183 Athanasius.
869 5127 1063 5197 Legem
1092 5126 1263 5195 legam
1285 5169 1300 5193 ,
1336 5130 1630 5200 prophetas
1657 5130 1869 5201 legam;
1910 5131 1996 5185 in-

425 5220 702 5290 vestigabo
734 5218 1044 5288 Evangelia.
1088 5218 1214 5274 Haec
1261 5229 1443 5275 autem
1490 5222 1565 5274 ait
1593 5222 1778 5275 divino
1809 5238 1997 5278 amore

431 5320 749 5381 compuncta
785 5329 797 5364 :
846 5309 914 5363 In
946 5311 1078 5364 lecto
1129 5328 1241 5365 meo
1299 5314 1352 5366 in
1404 5313 1644 5366 noctibus
1673 5313 1738 5368 ⁸¹.
1770 5313 1994 5369 Lectum

1069 5475 1115 5507 “
1158 5472 1317 5526 Rom.
1371 5490 1454 5536 ιιι,
1502 5476 1595 5530 ‘25.
1700 5478 1715 5509 ³

1069 5585 1076 5598 ,
1115 5560 1198 5601 ιιι.
1226 5544 1278 5601 1,
1315 5543 1371 5598 2.
1453 5544 1496 5576 “
1522 5546 1654 5601 ibid.
1691 5546 1715 5600 1

1522 5563 1654 5601 IDIG.
1691 5563 1715 5600 Ἰ
1728 5587 1743 5602 .

497 5472 542 5504 ³³
578 5470 725 5527 Psal.
760 5488 883 5533 cxv,
913 5474 966 5527 2.

431 5541 471 5573 ”
499 5542 630 5595 ibid.
675 5544 728 5598 7.
836 5543 882 5575 “
917 5544 1076 5598 Cant.
1115 5560 1198 5609 ιιι,
1226 5544 1278 5607 1,
1315 5543 1371 5598 2.

1700 5478 1744 5509 ³⁵
1773 5476 1906 5531 Luc.
1942 5495 1995 5541 ι,
2034 5482 2119 5536 18.

2176 4315 2346 4377 Αὐτὸς
2374 4315 2509 4385 πρὸς
2540 4316 2711 4385 αὐτήν
2735 4332 2748 4344 ·
2774 4315 2946 4368 Γνῶθι
2974 4316 3203 4388 σεαυτὴν
3224 4319 3458 4387 πρῶτον,
3489 4322 3582 4375 ἵνα
3600 4341 3691 4376 και

2107 4407 2205 4477 ἐμὲ
2245 4406 2446 4475 γνῶναι
2499 4407 2749 4478 δυνηθῇς.
2796 4407 2921 4461 Ἐὰν
2953 4410 3027 4479 μὴ
3060 4409 3203 4480 γνῷς
3232 4413 3466 4482 ἑαυτήν·
3502 4415 3552 4467 εἰ
3594 4418 3690 4470 οὐκ

2106 4493 2275 4561 ἔγνως
2299 4509 2311 4523 ·
2344 4496 2390 4546 εἰ
2422 4494 2495 4564 μὴ
2516 4490 2658 4557 οἶδας
2683 4535 2698 4557 ,
2734 4495 2913 4561 ἔξελθε
2938 4498 3001 4549 σὺ
3024 4501 3080 4550 ἐν
3103 4499 3358 4570 πτέρναις
3391 4505 3514 4557 κατ’
3544 4506 3685 4577 ἴχνη,

2106 4586 2197 4638 καὶ
2236 4585 2489 4656 ποίμαινε
2526 4587 2626 4649 τὰς
2650 4588 2868 4658 ἐρίφους
2899 4608 2991 4643 σου
3013 4606 3027 4620 ’
3059 4594 3151 4645 καὶ
3173 4593 3377 4669 θρέψῃς
3410 4599 3682 4670 ἁμαρτίας

2110 4677 2230 4729 ἀντὶ
2260 4677 2488 4748 ἀρετῶν.
2531 4679 2656 4731 Ἐπὶ
2688 4681 3041 4748 σκηνώμασι
3088 4683 3205 4737 τῶν
3239 4688 3575 4755 ποιμένων·
3629 4690 3683 4740 ὲν

2108 4770 2227 4830 ταῖς
2257 4769 2573 4839 ἐπιθυμίαις
2592 4770 2699 4823 τῶν
2732 4772 2989 4825 ἐναντίων
3019 4772 3299 4843 δυνάμεων
3325 4776 3432 4828 τῶν
3459 4795 3679 4850 ποιμαι-

2107 4858 2303 4911 νόντων
2330 4877 2409 4911 σε.

2192 4950 2481 5005 Ἐκιὶλεσα
2514 4953 2727 5015 αὑτὸν,
2766 4955 2864 5007 καὶ
2908 4956 3021 5022 οὺχ
3076 4955 3392 5021 ὑπήκουσέ
3427 4960 3503 5031 (5)
3539 4978 3673 5031 μου.

2106 5041 2539 5112 Ἀναστήσομαι
2564 5045 2663 5096 καὶ
2699 5044 2991 5099 κυκλώσω
3016 5048 3084 5099 ἐν
3109 5047 3182 5115 τῇ
3212 5052 3404 5104 πόλει.

2190 5134 2559 5187 Ἀθανασίου.
2599 5133 3010 5206 Ἀναγνώσομαι
3038 5138 3130 5191 τὸν
3162 5139 3345 5211 νόμον,
3372 5142 3657 5211 ἀναγνώσει

2109 5242 2205 5295 μαι
2233 5226 2357 5287 τοὺς
2380 5226 2687 5296 προφήτας,
2719 5227 2996 5296 ἐρευνήσω
3019 5230 3089 5282 τὰ
3120 5232 3447 5300 Εὐαγγὲλισ.
3494 5233 3668 5287 Ταῦτα

2101 5317 2158 5369 δὲ
2186 5319 2547 5384 κατανυγείσα
2567 5317 2643 5387 τῷ
2666 5318 2793 5388 θείῳ
2818 5321 2966 5391 πόθῳ
2984 5323 3116 5392 φησί
3141 5340 3154 5353 ’
3188 5325 3319 5380 Ἐπὶ
3338 5327 3541 5394 κοίτην
3556 5342 3665 5395 μου

2219 5482 2265 5514 ³⁸
2315 5484 2335 5536 Ι
2366 5484 2493 5539 Cor.
2528 5501 2603 5551 vt,
2632 5488 2684 5541 5.
2783 5488 2826 5519 ³⁷
2854 5488 2959 5543 Job
2994 5506 3078 5543 XLI
3105 5529 3120 5555 ,
3148 5490 3203 5548 4.
3280 5493 3324 5524 ⁸⁸
3351 5490 3503 5547 Cant.
3540 5504 3577 5557 ι,
3607 5485 3654 5541 6-

500 5671 575 5742 (ὅ)
605 5671 680 5728 De
705 5674 1100 5745 signiﬁcatione
1135 5678 1285 5734 vocis
1314 5680 1573 5737 ὑπακούω
1590 5684 1703 5753 jam
1741 5688 1991 5755 superius
2005 5696 2185 5746 actum
2215 5687 2318 5746 fuit
2344 5699 2398 5747 et
2425 5700 2617 5761 agetur
2650 5693 2703 5749 in
2737 5692 3102 5755 Onomastico.
