3860 6220
155 320 303 376 1549

1294 320 1722 377 FRAGMENTA
1764 320 1831 377 IN
1864 320 2187 376 CANTICA.

3302 324 3438 382 1350

149 444 226 500 ἐν
257 443 463 509 νυξίν.
493 444 697 516 Κοίτην
724 443 980 517 ὀνομάζει
1003 444 1101 517 τὴν
1127 445 1463 518 τελειοτέραν
1493 447 1587 500 τοῦ
1614 449 1743 516 ἀγα-

1862 456 2010 502 vocat
2057 444 2441 517 perlectiorem
2495 444 2625 500 boni
2670 444 3181 516 participationem;
3222 461 3443 503 noctein

153 536 253 591 θοῦ
290 538 604 609 μετουσίαν,
636 538 731 592 καὶ
758 538 1105 606 νύκτα·λέγει
1144 538 1235 592 τὸν
1274 539 1372 610 τῆς
1402 539 1589 610 κοίτης
1629 557 1752 592 και-

156 629 277 699 ρόν.
310 629 408 682 Διὰ
439 628 495 681 δὲ
520 628 614 682 τοῦ
644 630 907 700 ὀνόματος
938 629 1041 699 τῆς
1073 628 1264 693 νυκτὸς
1289 630 1620 684 ἐνδείκνυται
1644 630 1753 683 τῶν

151 720 409 791 ἀοράτων
438 720 536 791 τὴν
562 720 818 791 θεωρίαν,
854 720 977 774 καθ’
1007 721 1298 791 ὁμοιότητα
1332 722 1631 786 Μωῦσέως,
1657 721 1751 775 τοῦ

152 812 214 863 ἐν
242 810 325 879 τῷ
352 811 536 881 γνόφῳ
568 811 851 881 γεγονότος
871 813 927 865 ἐν
1032 807 1098 882 ἦν
1125 814 1153 864 6
1187 811 1341 874 Θεός.

793 901 901 955 Τοῦ
927 897 1138 955 αὐτοῦ.

230 993 310 1045 Οὐ
336 992 443 1064 γὰρ
472 992 618 1063 ᾔδειν
642 993 727 1056 τίς
758 989 827 1064 ἦν
852 995 880 1046 ὁ
912 992 1129 1065 τρώσας
1161 1010 1251 1062 με.
1286 992 1627 1060 Θεογνωσίαν
1662 1009 1751 1062 μοι

155 1083 483 1154 κοιμωμένῃ
513 1084 825 1155 ἐνέσπειρεν
850 1085 878 1136 ὁ
908 1083 1101 1150 Λόγος.
1140 1083 1365 1151 Ταχέως
1393 1081 1748 1147 διαναστᾶσα,

156 1173 314 1245 ζητῶ
342 1175 433 1227 τὸν
482 1173 789 1246 τρώσαντα,
830 1175 924 1227 καὶ
954 1174 1259 1245 παρακαλῷ
1314 1172 1462 1243 αὐτῷ
1520 1173 1751 1243 ὀφθῆναί

159 1282 275 1336 μοι,
310 1266 405 1319 καὶ
434 1264 795 1336 περιέρχομαι
831 1264 1071 1337 ζητοῦσα
1100 1264 1191 1318 τὸν
1217 1262 1531 1333 ἀδελφιδοῦν
1556 1281 1677 1334 μου.

230 1443 545 1509 Ἐξέλθετε
596 1446 697 1499 καὶ
739 1445 913 1511 ἴδετε,
974 1447 1294 1517 θυγατέρες
1344 1444 1517 1511 Σιὼν,
1554 1446 1623 1499 ὲν
1672 1444 1751 1510 τῷ

150 1534 415 1598 ,ϐασιλεῖ
439 1535 748 1605 Σαλομών.

246 1627 533 1691 Ἰουδαίους
565 1629 814 1700 ἐντρέπει
846 1626 1100 1697 λέγουσα,
1129 1626 1449 1690 Ἐξέλθετε,
1475 1626 1595 1679 ἀντὶ
1622 1624 1747 1690 τοῦ,

158 1718 311 1781 Ἕως
339 1719 469 1772 πότε
509 1723 575 1792 τῇ
613 1723 741 1792 σκιᾷ
774 1720 1201 1792 παρακάθησθε;
1239 1720 1346 1774 ίδοὺ
1380 1718 1750 1790 γὰρέξἸούδα

1858 554 1987 593 vero
2040 538 2173 594 dicit
2219 538 2339 592 lecti
2383 550 2617 607 tempus.
2662 538 2894 593 Nomine
2929 555 3092 608 porro
3137 540 3336 605 noctis,
3365 542 3442 594 in-

1855 630 2003 685 dicat
2052 629 2415 685 invisibilium
2455 644 2637 683 rerum
2687 631 3229 700 contemplationem,
3270 630 3339 685 ad
3365 633 3438 686 si-

1859 725 2224 779 militudinem
2252 722 2588 796 Moysis,qui
2620 723 2673 777 in
2698 725 2931 795 caligine
2962 724 3085 789 fuit,
3115 726 3167 778 in
3191 740 3298 795 qua
3321 741 3441 780 ver-

1858 817 2082 872 sabatur
2116 816 2279 872 Deus.

2504 904 2785 974 Ejusdem.

1926 996 2248 1067 ignorabam
2298 997 2445 1051 enim
2475 998 2601 1067 quis
2647 1007 2795 1053 esset
2819 997 2912 1067 qui
2947 1014 3033 1053 me
3069 1000 3431 1055 vulnerasset.

1857 1088 1988 1141 Mihi
2017 1089 2367 1143 decumbenti
2398 1088 2493 1143 Dei
2524 1088 2891 1159 cognitionem
2941 1090 3139 1145 indidit
3166 1090 3432 1147 Verbum.

1853 1184 1931 1238 Ac
1962 1183 2211 1251 protinus
2242 1197 2473 1251 surgens
2510 1196 2697 1251 quaero
2721 1197 2845 1236 eum
2877 1183 2969 1253 qui
3000 1199 3087 1238 me
3110 1184 3436 1247 vulneravit,

1853 1288 2097 1343 rogoque
2126 1274 2279 1326 illum
2309 1282 2366 1327 ut
2400 1288 2586 1327 coram
2624 1289 2712 1328 me
2744 1289 2804 1329 se
2838 1274 3033 1340 sistat,
3062 1290 3125 1329 ac
3157 1275 3438 1330 circumeo

1855 1381 2105 1435 quaerens
2136 1367 2436 1435 patruelem
2468 1382 2674 1422 meum.

1925 1453 2255 1522 Egredimini
2283 1468 2331 1511 et
2376 1458 2563 1523 videte,
2594 1459 2724 1527 filia:
2763 1456 2917 1523 Sion,
2968 1474 3138 1528 regem
3183 1457 3431 1513 Salomo-

1852 1558 1967 1596 nem
1983 1542 2051 1597 δ’.

1921 1631 2137 1689 Iudaeos
2169 1634 2377 1704 pudore
2408 1636 2571 1691 allicit
2608 1637 2842 1692 dicendo
2877 1635 3230 1707 Egredimini,
3263 1637 3428 1707 quasi

1851 1722 2102 1778 diceret:
2140 1723 2439 1794 Quousque
2492 1724 2546 1778 in
2597 1725 2791 1778 umbra
2838 1725 3081 1781 sedetis?
3118 1741 3245 1780 ecce
3287 1726 3434 1781 enim

155 1808 523 1863 ἀνατέταλκεν
553 1814 580 1864 ὁ
613 1811 836 1883 Κύριος,
864 1812 1086 1884 ἀγάπην
1129 1812 1237 1864 ἀπὸ
1286 1811 1602 1882 θυγατέρων
1658 1811 1743 1863 Ἰε-

1862 1829 1921 1867 ex
1951 1811 2092 1867 Juda
2129 1812 2393 1869 Dominus
2438 1821 2594 1869 ortus
2635 1822 2737 1881 est,
2773 1815 3099 1870 cliaritatem
3144 1832 3173 1870 a
3218 1816 3435 1870 ﬁliabus

160 1899 469 1973 ρουσαλήμ.
505 1902 579 1956 Τὸ
603 1903 821 1976 στερεὸν
848 1904 958 1958 τῶν
981 1904 1257 1975 λογισμῶν
1280 1944 1293 1968 ,
1329 1903 1361 1973 ἢ
1417 1904 1468 1955 οἱ
1501 1902 1754 1973 ἐσωτέρω

156 1990 295 2045 λίθοι
323 1994 488 2063 ἅγιοι.
537 1995 632 2048 Ἐν
666 1996 747 2062 τῷ
767 1997 1068 2066 στεφάνῳ,
1110 1992 1158 2064 ᾧ
1181 1995 1608 2065 ἐστεφάνωσεν
1648 1996 1754 2047 αὐ-

155 2084 270 2137 τὸν
294 2087 332 2154 ἡ
354 2086 553 2156 μήτηρ
582 2090 788 2143 αὐτοῦ.
830 2091 1100 2159 Ἕθηκας
1126 2090 1257 2161 γὰρ,
1301 2089 1454 2159 φησὶ,
1497 2087 1596 2141 ἐπὶ
1637 2087 1752 2156 τὴν

158 2176 439 2244 κεφαλὴν
469 2180 656 2233 αὑτοῦ
695 2182 1002 2250 στέφανον
1032 2182 1101 2235 ἐκ
1135 2182 1309 2235 λίθου
1339 2180 1557 2249 τιμίου.

230 2267 550 2333 Καταϐἠτω
572 2270 892 2340 ἀδελφιδός
918 2288 1037 2341 μου
1060 2274 1146 2336 είς
1169 2270 1368 2338 κῆπον
1398 2269 1607 2322 αὐτοῦ.

230 2356 471 2411 Πνεῦσόν
505 2377 619 2429 μοι,
644 2355 688 2413 ὦ
711 2362 872 2430 Λόγε,
904 2363 999 2415 καὶ
1026 2360 1235 2425 δίδαξὸν
1266 2378 1333 2431 με
1358 2360 1425 2413 τὰ
1452 2359 1609 2427 λόγιά
1630 2376 1744 2425 σου,

152 2450 254 2502 καὶ
285 2449 353 2503 τὰ
385 2452 783 2524 προστάγματά
817 2470 908 2505 σου
944 2453 1296 2524 κατάγραψον
1339 2453 1432 2504 ἐπὶ
1458 2451 1519 2503 τὸ
1548 2450 1747 2513 πλάτος

155 2542 258 2611 τῆς
310 2542 539 2613 καρδίας
570 2561 693 2615 μου.
741 2545 961 2617 Ἑτοίμη
991 2546 1190 2614 γέγονα
1223 2544 1439 2597 λοιπόν·
1488 2543 1745 2613 δύναμαι,

156 2637 222 2705 τῇ
250 2637 314 2705 σῇ
343 2636 524 2707 χάριτι
553 2637 913 2710 βοηθουμένη,
941 2638 1036 2692 καὶ
1073 2636 1462 2709 κυϐερνωμένη
1490 2638 1556 2706 τῇ
1584 2634 1749 2704 ἀορά-

152 2742 235 2795 τῳ
261 2744 353 2780 σου
384 2729 478 2782 καὶ
510 2730 901 2801 παντοδυνάμῳ
940 2731 1123 2801 χειρὶ,
1171 2730 1264 2782 καὶ
1292 2728 1466 2796 λόγων
1517 2726 1747 2781 ἀκοῦσαι

152 2814 339 2883 θείων,
376 2819 470 2873 καὶ
495 2821 810 2893 μυστηρίων
841 2820 1067 2893 μέτοχος
1093 2819 1367 2889 γενέσθαι.

1852 1905 2181 1961 Jerusalem.
2235 1904 2640 1975 Cogitationum
2690 1906 2944 1970 ﬁrmitas,
3002 1915 3093 1959 aut
3146 1905 3435 1961 interiores

1856 1995 2030 2051 sancti
2062 1995 2288 2065 lapides.
2330 1994 2397 2049 In
2433 2012 2626 2049 corona
2659 2012 2764 2066 qua
2807 1996 3076 2049 coronavit
3116 2012 3235 2049 eum
3263 2006 3434 2050 mater

1854 2105 1953 2142 sua
1975 2086 2042 2140 "'.
2076 2086 2308 2140 Posuisti
2340 2087 2508 2152 enim,
2549 2086 2644 2152 ait,
2682 2103 2841 2157 super
2861 2096 3017 2157 caput
3045 2086 3158 2155 ejus
3183 2102 3432 2141 coronam

1853 2180 1917 2233 de
1945 2179 2123 2248 lapide
2144 2179 2372 2248 pretioso
2393 2178 2464 2233 “.

1923 2271 2218 2325 Descendat
2248 2270 2503 2340 patruelis
2526 2287 2670 2325 meus
2705 2272 2758 2324 in
2783 2271 2994 2323 hortum
3016 2286 3168 2324 suum
3188 2269 3254 2323 ⁸⁵.

1924 2360 2060 2415 Allia
2093 2376 2200 2425 me,
2232 2376 2265 2415 0
2307 2359 2561 2423 Verbum,
2606 2371 2658 2415 et
2683 2361 2816 2415 doce
2846 2376 2931 2414 me
2964 2361 3182 2428 eloquia
3211 2369 3326 2423 tua,
3366 2376 3433 2415 ac

1854 2460 2123 2521 praecepta
2164 2460 2256 2505 tua
2295 2452 2583 2507 conscribe
2624 2454 2679 2505 in
2716 2452 2900 2506 tabula
2947 2452 3130 2506 cordis
3173 2451 3300 2505 mei.
3327 2450 3433 2505 Pa-

1853 2550 1971 2596 rata
1998 2543 2112 2612 jam
2159 2558 2280 2598 sum
2318 2562 2330 2596 :
2361 2558 2607 2613 possum,
2646 2554 2737 2598 tua
2772 2544 3071 2598 auxiliante
3099 2544 3295 2614 gratia,
3337 2552 3430 2597 tua

1855 2633 2120 2689 invisibili
2185 2642 2240 2689 et
2306 2636 2677 2705 omnipotente
2738 2637 3071 2706 gubernante
3122 2650 3323 2701 manu,
3376 2644 3432 2690 et

1854 2724 2021 2779 verba
2065 2724 2258 2781 audire
2304 2724 2525 2793 divina,
2560 2735 2615 2782 et
2665 2726 3057 2798 mysteriorum
3101 2739 3222 2781 esse
3264 2724 3433 2796 parti-

1853 2831 2003 2887 ceps.

916 3166 1353 3233 ΑΡΡΕΝΗΙΧ
1402 3168 1516 3229 AD
1553 3167 1743 3230 ΕΒΑ(

1862 3167 2089 3233 ΕΝΤΑ
2133 3167 2245 3233 IN'
2298 3168 2689 3233 CANTICA.

1751 3380 1826 3401 η·-

1559 3535 2051 3598 ADMONITIO.

229 3722 474 3777 Homilia
494 3721 833 3792 subsequens,
870 3721 1029 3776 otiosi
1054 3731 1101 3775 et
1123 3722 1358 3793 imperiti
1383 3723 1611 3778 hominis
1639 3724 1974 3793 opusculum,
1999 3739 2063 3775 ex
2086 3723 2263 3776 codice
2287 3739 2385 3777 ms.
2418 3722 2743 3777 bibliothecae
2766 3723 3133 3778 Ambrosianaa
3164 3740 3309 3779 num.
3337 3725 3427 3792 55,

155 3820 334 3889 prodit
362 3836 379 3872 :
407 3835 467 3872 eo
518 3831 772 3886 tempore.
815 3826 873 3871 ut
927 3819 1191 3873 wstimare
1225 3818 1386 3883 licet,
1433 3819 1666 3883 editum,
1722 3836 1825 3885 quo
1858 3819 2143 3873 Manichwi
2171 3819 2225 3870 in
2263 3816 2476 3871 Oriente
2519 3816 2696 3868 turbas
2730 3814 2949 3879 dabant,
2970 3818 3109 3885 quod
3139 3819 3429 3884 prtesertim

158 3930 363 3979 octavo,
408 3931 545 3967 nono
581 3923 630 3967 et
658 3914 861 3967 decimo
902 3918 1097 3968 sazculo
1140 3915 1357 3985 conligit
1382 3931 1400 3968 :
1424 3932 1548 3967 nam
1578 3916 1808 3983 scriptor
1840 3916 1939 3967 iste
1976 3912 2322 3974 Manichazos,
2349 3921 2405 3963 ut
2434 3921 2555 3963 tunc
2588 3911 2811 3979 vigentes
2848 3918 3240 3962 commemorat.
3270 3908 3427 3963 Iero-

158 4011 417 4083 solymam
440 4026 558 4064 vero
584 3990 785 4063 adiisse
818 4025 873 4062 se
904 4010 1243 4077 testiﬁcatur,
1273 4010 1365 4061 ubi
1400 4010 1574 4062 locum
1599 4008 1802 4064 Christi
1844 4009 2128 4077 suspendio
2155 4015 2515 4060 consecratum
2546 4006 2615 4058 ad
2638 4007 3037 4074 septentrionem
3071 4004 3430 4075 Jerosolymo-

159 4124 277 4161 rum
312 4108 475 4159 situm
502 4105 761 4174 afﬁrmat.
792 4102 969 4157 Hasce
997 4103 1180 4174 quales
1201 4104 1384 4172 quales
1429 4120 1620 4158 merces
1654 4104 1749 4156 tibi
1774 4144 1789 4169 ,
1819 4103 1985 4157 lector
2026 4103 2232 4156 erudite
2252 4144 2265 4169 ,
2299 4102 2539 4156 sistimus
2566 4116 2583 4152 :
2620 4100 2766 4171 quia,
2796 4100 2895 4152 etsi
2930 4098 3304 4167 supposititiaz,
3329 4113 3427 4152 suo

160 4202 339 4271 fructu
369 4217 471 4253 non
499 4207 711 4265 vacant,
739 4206 797 4251 ut
831 4196 1073 4267 pluribus
1097 4206 1176 4251 est
1203 4214 1234 4251 a
1275 4197 1423 4251 nobis
1449 4197 1587 4251 alias
1609 4198 2036 4267 comprobatum.

198 4364 311 4421 Τοῦ
340 4362 526 4438 autat?
553 4361 908 4438 Ἀθιινασέου
931 4361 1407 4438 ἀρχιείτισξιόπου
1427 4360 1707 4426 Ἀλεξαν-

1862 4363 2097 4434 Ejusdem
2130 4360 2187 4415 S.
2232 4360 2512 4438 Athanasii
2547 4358 2927 4438 archiepiscopi
2982 4357 3319 4413 Alexandria:
3366 4361 3423 4414 in

387 4433 587 4501 δρείας
613 4434 700 4497 εἰς
723 4431 789 4484 τὸ
814 4426 1162 4500 τᾼσμιῖτῶν
1196 4430 1502 4499 ᾀσμάτων.

227 4546 282 4601 1.
324 4543 557 4613 Ποθητοὶ
600 4543 651 4595 οἱ
693 4541 840 4610 λόγοι
886 4543 981 4593 καὶ
1014 4540 1291 4610 ἐράσμιοι,
1328 4540 1422 4593 καὶ
1465 4542 1547 4602 είς
1574 4541 1740 4612 οὐρα.-

158 4640 281 4702 νοὺς
328 4636 641 4705 ἀνάγοντες,
690 4634 788 4686 καὶ
836 4630 1284 4702 πτεροποιοῦντες
1321 4631 1447 4692 τοὺς
1490 4630 1736 4694 πιστούς.

159 4726 549 4799 Πτεροποιοῦσι
583 4723 690 4795 γὰρ
720 4720 935 4792 ἀληθῶς
973 4721 1029 4772 αἱ
1064 4719 1202 4772 θεῖαι
1234 4717 1448 4788 Γραφαὶ
1489 4718 1614 4780 τοὺς
1653 4734 1743 4769 πι-

162 4820 319 4881 στοὺς
350 4815 428 4887 τῷ
460 4814 607 4884 πόθῳ
636 4812 744 4865 τῶν
773 4808 1057 4881 οὐρανίων.
1088 4807 1287 4860 Τοῦτον
1320 4807 1429 4879 γὰρ
1460 4806 1550 4861 τὸν
1577 4805 1741 4859 πόθον

158 4910 296 4981 ἔχων
330 4901 412 4970 εἷς
433 4924 517 4969 τις
542 4905 647 4957 τῶν
674 4903 846 4971 ἁγίων
886 4900 1041 4968 ἔλεγε
1060 4917 1073 4930 ο
1118 4901 1213 4965 Τίς
1237 4898 1358 4966 δῴη
1391 4917 1493 4967 μοι
1525 4898 1740 4966 πτέρυ-

158 5019 266 5071 γας
290 4998 431 5052 ὡσεὶ
468 4992 844 5064 περιστερᾶς,
872 4994 971 5047 καί
1001 4992 1478 5060 πετασθήσομαι,
1504 4990 1602 5043 καὶ
1634 5005 1740 5043 κα-

156 5091 477 5151 ταπαύσω;
523 5089 581 5141 Ὀ
616 5087 781 5150 πόθος
812 5086 919 5139 τῶν
948 5086 1214 5157 οὐρανίων
1250 5083 1412 5137 αὐτὸν
1442 5080 1616 5146 εἷλκε,
1647 5082 1740 5135 καὶ

158 5181 565 5251 ἐπτεροποιεῖτο
597 5178 759 5230 αὑτὸν
790 5178 899 5230 τῶν
925 5177 1098 5245 ἁγίων
1143 5177 1171 5228 ὁ
1216 5174 1358 5237 νοῦς,
1391 5171 1743 5227 ἐπιλανθανο-

162 5272 337 5345 μένων
363 5270 471 5323 τῶν
495 5269 698 5340 γηίνων
728 5268 946 5322 καὶτῶν
964 5266 1299 5337 ἐπουρανίων
1328 5264 1737 5336 μεριμνώντων.

158 5364 262 5418 Τὸν
292 5364 399 5435 γὰρ
432 5361 556 5415 νοῦν
581 5362 791 5416 ἐαυτῶν
817 5361 995 5423 δόντες
1031 5362 1110 5422 είς
1148 5360 1237 5411 τὸν
1260 5355 1504 5429 οὐρανὸν,
1532 5356 1624 5409 καὶ
1644 5374 1742 5408 πο-

158 5455 378 5520 θοῦντες
406 5455 474 5507 τὰ
494 5454 737 5525 οὐράνια,
771 5452 1193 5507 ἐπελανθάνοντο
1218 5449 1327 5502 τῶν
1358 5449 1581 5518 γηίνων.
1602 5448 1739 5500 Τοῦ-

155 5564 249 5604 τον
280 5546 389 5618 γὰρ
419 5545 511 5600 τὸν
539 5545 704 5600 πόθον
725 5545 863 5616 ἔχων
885 5545 980 5598 καὶ
1007 5543 1219 5606 Παῦλος
1249 5543 1277 5595 6
1304 5537 1603 5603 ἀπόστολος
1626 5537 1738 5591 ἐλε-

2302 4430 2583 4485 Canticum
2607 4431 2958 4482 canticorum.

1918 4546 1967 4597 l.
2026 4541 2427 4597 Desiderabiles
2457 4554 2781 4601 sermones.
2840 4539 3107 4595 amabiles
3156 4550 3318 4610 atque
3366 4557 3422 4596 tn

1843 4635 2042 4689 cmlum
2083 4634 2440 4695 adducentes,
2472 4632 2587 4687 alas
2617 4647 2839 4701 quoque
2868 4632 3119 4687 ﬁdelibus
3140 4633 3420 4688 addentes.

1844 4724 2052 4780 Divina:
2090 4726 2293 4794 quippe
2330 4722 2631 4793 Scriptura).
2673 4723 2860 4777 ﬁdeles
2891 4738 2956 4777 ex
2983 4725 3288 4778 caelestium
3330 4741 3421 4779 re-

1842 4831 1965 4869 rum
1992 4814 2267 4868 desiderio
2294 4828 2481 4867 revera
2515 4813 2618 4867 alis
2651 4812 2954 4867 instruunt.
2997 4811 3119 4879 Quo
3150 4814 3423 4868 desiderio

1846 4912 2027 4956 motus
2092 4910 2410 4957 sanctorum
2471 4901 2743 4969 quispiam
2796 4901 3056 4957 dicebat:
3094 4901 3223 4966 Quis
3273 4902 3423 4955 dabit

1846 4994 1975 5047 mihi
2026 5009 2223 5061 pennas
2267 4992 2404 5045 sicut
2454 4990 2743 5056 columba,
2789 5000 2837 5044 et
2889 4991 3073 5045 volabo
3120 5001 3170 5044 et
3219 4994 3426 5061 requie-

1846 5085 2092 5139 scam“?
2133 5084 2410 5138 Trahebat
2442 5085 2619 5153 ipsum
2658 5084 2962 5139 cmlestium
2995 5100 3177 5139 rerum
3205 5085 3425 5140 deside-

1845 5177 2025 5240 rium,
2082 5175 2198 5229 alas
2231 5174 2409 5229 eidem
2455 5174 2688 5228 addebat
2736 5190 2891 5229 mens
2946 5175 3036 5229 illa
3087 5183 3422 5232 sanctorum.

1849 5268 1943 5337 qui
1970 5277 2315 5321 terrenorum
2361 5266 2784 5330 obliviscuntur,
2831 5275 2996 5336 atque
3050 5281 3213 5319 unam
3262 5267 3399 5321 caele

1849 5360 2012 5413 stium
2048 5369 2243 5428 gerunt
2276 5358 2725 5413 sollicitudinem.
2761 5356 2898 5412 Cum
2939 5358 3084 5411 enim
3117 5356 3220 5421 ipsi
3250 5366 3425 5411 sanet.

1849 5457 2086 5503 mentem
2118 5458 2287 5502 tctam
2333 5447 2474 5502 cmlo
2513 5446 2828 5513 dedissent,
2863 5454 2915 5500 et
2944 5445 3251 5501 caelestium
3282 5446 3427 5499 dun-

1851 5548 2003 5595 taxat
2028 5540 2281 5610 cupidine
2315 5548 2652 5607 tenerentur,
2672 5538 2963 5595 veniebant
2993 5539 3049 5594 in
3080 5547 3424 5594 terrenarum

237 5722 285 5755 δ’
310 5720 471 5779 Cant.
502 5737 583 5788 ιιι,
617 5722 705 5777 ii.
784 5720 829 5754 “
863 5720 995 5777 ibid.
1085 5718 1131 5753 “
1158 5718 1307 5776 Psal.
1339 5734 1431 5783 xx,
1463 5721 1518 5773 4.
1595 5714 1641 5749 ⁸⁵
1668 5713 1743 5772 Ca

1862 5731 1927 5783 rt,
1961 5714 2011 5770 1.
2086 5714 2133 5747 ⁸⁸
2164 5713 2310 5772 Psal.
2344 5731 2452 5781 LIV,
2488 5716 2538 5770 7.
