3860 6220
429 296 564 350 15ὕὸ

1289 293 1344 348 S.
1389 287 1760 346 ATHANASII
1798 285 1947 342 OPP.
1985 283 2163 338 PARS
2203 283 2288 338 lll.
2317 315 2386 326 -——
2415 281 2822 338 EXEGETICA.

3565 273 3696 330 I356

423 414 634 470 Idcirco
685 413 933 483 discipuli
955 451 970 475 ,
1017 420 1076 466 ut
1105 411 1306 464 dictum
1335 419 1448 474 est,
1481 409 1536 462 in
1576 405 1820 463 conclavi
1848 405 1995 457 intus

2107 403 2334 473 ίόμενοι.
2365 402 2458 453 καὶ
2483 396 2550 470 ἦν
2597 396 2832 468 βορεινὺς
2853 395 2881 446 ό
2907 394 3070 455 τόπος
3095 393 3228 444 ὅπου
3253 384 3322 460 ἦν
3349 387 3694 458 σταυρωθεὶς

425 511 678 574 latentes,
705 507 908 571 dicant,
937 503 1122 574 Surge,
1147 501 1346 572 aquilo,
1381 511 1431 554 et
1462 502 1598 564 ueni,
1629 509 1827 560 auster,
1851 497 1989 549 exci-

397 628 412 642 -~
429 613 540 655 tore
555 613 674 651 cum
693 595 957 666 aquilone,
979 593 1030 647 id
1050 602 1150 658 est,
1179 607 1243 646 ex
1267 599 1454 646 austro
1474 588 1539 643 ad
1558 603 1756 656 corpus
1776 585 1991 640 accede.

427 691 667 759 ldipsum
707 687 852 742 enim
899 687 952 739 in
987 685 1268 754 prophetis
1301 685 1561 751 scriptum
1593 693 1678 735 est
1707 698 1722 733 :
1755 677 1898 731 Deus
1931 693 1996 730 ex

431 781 661 835 Theman
705 779 870 833 veniet
907 778 975 830 ⁵⁷.
1025 775 1316 844 Postquam
1363 773 1544 826 triduo
1577 772 1641 825 ad
1681 769 1992 840 aquilonem

428 881 626 936 corpus
654 865 914 936 iacuisset
935 903 949 926 ,
979 863 1127 917 venit
1155 861 1410 916 Servator
1440 859 1508 914 ab
1535 869 1743 920 austro,
1777 867 1831 912 et
1853 859 1998 912 acci-

423 957 504 1027 pit
531 971 727 1026 corpus
750 954 894 1024 quod
935 955 989 1006 in
1021 952 1274 1022 aquilone
1301 951 1548 1020 jacebat;
1592 950 1996 1020 discipulosque

428 1063 537 1116 quo
575 1048 691 1102 loco
725 1045 1084 1100 considebant
1145 1044 1275 1098 adit.
1313 1042 1464 1097 Tune
1507 1042 1726 1096 domum
1759 1041 1997 1096 intrante

421 1137 576 1200 Iesu,
613 1135 740 1190 ﬂatu
773 1135 1014 1205 repletus
1043 1134 1236 1187 hortus
1272 1133 1410 1198 fuit,
1459 1143 1514 1188 et
1557 1133 1832 1186 ﬂuxerunt
1873 1146 1996 1184 aro-

431 1237 593 1282 mata.
627 1225 782 1281 Tunc
819 1226 1072 1295 discipuli
1104 1224 1336 1279 Domino
1365 1223 1601 1278 dixerint
1633 1242 1646 1276 :
1677 1222 1720 1276 0
1745 1222 1994 1285 Domine,

429 1333 554 1372 eum
601 1326 656 1370 tu
705 1315 854 1371 cruci
891 1314 1082 1369 aﬂixus
1115 1329 1174 1369 es
1206 1325 1259 1368 et
1301 1313 1571 1368 infernum
1597 1312 1866 1382 spoliasti,
1895 1325 1996 1365 nos

429 1411 484 1464 in
531 1411 667 1466 cella
717 1417 936 1463 eramus
979 1405 1312 1460 unanimiter
1350 1405 1662 1475 congregati
1713 1405 1998 1472 lucemque

425 1511 578 1557 tuam
611 1507 917 1570 quaerentes
941 1515 956 1564 ;
983 1499 1076 1552 lux
1111 1513 1241 1552 vero
1269 1497 1426 1551 nobis
1451 1497 1738 1566 praesentia
1769 1505 1860 1550 tua
1880 1503 1994 1560 est;

428 1607 538 1662 qua
572 1591 800 1661 privati,
849 1591 1063 1660 magnis
1103 1589 1158 1644 in
1196 1589 1434 1644 tenebris
1473 1588 1855 1652 versabamur;
1916 1596 1998 1642 at-

429 1700 537 1756 que
571 1685 686 1739 haec
713 1684 1156 1738 tune-adversum
1189 1697 1292 1736 nos
1315 1680 1732 1751 proferebantur
1765 1699 1776 1734 :
1803 1682 1996 1734 Anima

422 1791 608 1828 eorum
631 1776 686 1827 in
715 1775 883 1827 matis-
905 1773 1194 1826 tabescebat
1224 1771 1289 1824 ⁵⁸.
1321 1771 1377 1824 in
1413 1772 1573 1826 malis
1607 1787 1840 1839 namque
1867 1781 1994 1825 tunc

430 1864 732 1926 constituti,
765 1873 818 1918 te
849 1879 958 1917 non
985 1863 1337 1928 videbamus;
1375 1879 1520 1916 nunc
1555 1871 1732 1916 autem
1777 1864 1995 1931 conspi-

430 1953 536 2006 cati
563 1953 870 2022 aquilonem
905 1951 1207 2006 surrexisse
1227 1951 1548 2019 venisseque
1573 1959 1842 2013 austrum,
1867 1950 1996 2002 hor-

429 2056 544 2100 tum
583 2045 712 2100 ﬂatu
763 2044 1025 2114 repletum
1061 2057 1216 2108 esse,
1241 2053 1300 2096 et
1329 2052 1572 2096 aromata
1613 2043 1834 2097 ﬂuxisse
1861 2043 1996 2096 vidi-

505 2294 559 2347 4.
589 2287 746 2348 'Iunc
766 2293 988 2350 accedat
1017 2291 1256 2346 Thomas
1290 2291 1354 2345 ad
1389 2289 1846 2347 considerandum
1873 2304 1998 2344 cor-

429 2401 556 2455 pus,
580 2386 867 2455 vrdeatque
889 2385 1116 2455 vestigia
1139 2385 1444 2458 clavorum,
1475 2398 1541 2438 ac
1571 2383 1718 2437 dicat
1749 2401 1762 2436 :
1796 2381 1998 2436 Hortus

431 2479 560 2533 ﬂatu
612 2493 855 2548 auraque
906 2477 1144 2545 repletus
1177 2485 1290 2540 est,
1331 2485 1386 2530 et
1423 2474 1698 2530 ﬂuxerunt
1731 2483 1994 2529 aromata.

431 2571 689 2623 Aromata
719 2583 881 2639 porro
921 2575 1108 2621 nostra
1141 2577 1268 2622 sunt
1297 2566 1654 2634 incorruptio,
1687 2579 1851 2632 quam
1879 2577 2000 2616 eor-

431 2674 532 2727 pus
555 2658 730 2713 induit
759 2678 772 2714 :
810 2659 932 2714 ideo
965 2659 1166 2732 quippe
1191 2656 1396 2710 Paulus
1420 2655 1494 2710 ait
1529 2674 1554 2708 .:
1585 2653 1799 2723 Oportet
1827 2653 2002 2706 incor-

430 2733 793 2822 ruptibile'hoc
821 2751 1036 2805 induere
1064 2750 1530 2818 incorruptionem,
1566 2757 1614 2800 et
1653 2747 1874 2800 mortale
1905 2747 2000 2800 hoc

429 2843 647 2897 induere
683 2843 1140 2897 immortalitatem
1179 2841 1246 2895 ⁵³.
1282 2839 1636 2907 Quandonam
1681 2853 1879 2908 corpus
1919 2839 2003 2891 iu—

431 2933 549 2990 duit
581 2935 1070 3005 incorruptionem,
1093 2933 1202 2988 nisi
1227 2933 1445 3003 quando
1477 2929 1711 2985 Verbum
1737 2930 2003 3000 requievit

431 3028 487 3080 in
513 3028 666 3096 ipso;
699 3027 909 3081 scilicet
938 3025 1157 3096 quando
1181 3023 1432 3078 Salvator
1459 3021 1778 3086 resurrexit,
1801 3030 1997 3077 etcum

430 3119 690 3172 mulieres
722 3123 1072 3172 accesserunt
1133 3123 1192 3168 ut
1251 3115 1427 3183 ipsum
1477 3112 1884 3181 contingerent,
1926 3113 2003 3165 ait

431 3209 541 3264 illis
572 3225 588 3262 :
623 3205 706 3261 Ne
729 3224 808 3261 me
843 3208 1065 3276 tangite,
1097 3206 1329 3259 nondum
1373 3205 1508 3258 enim
1538 3204 1750 3257 ascendi
1787 3204 1854 3256 ad
1895 3201 2003 3256 Pa-

433 3317 562 3353 trem
607 3302 820 3355 meum?
868 3299 1133 3365 Quocirca
1180 3299 1224 3352 si
1267 3297 1500 3366 teipsum
1544 3296 1827 3363 castrasti,
1865 3305 1942 3362 tu,
1971 3311 2004 3352 o

432 3393 616 3458 homo,
655 3391 769 3446 sive
807 3401 886 3458 tu,
932 3405 966 3444 ο
1005 3391 1220 3454 mulier,
1249 3391 1433 3446 audite
1459 3390 1792 3444 desiderium
1835 3389 2007 3442 beataa

433 3483 579 3537 illius
621 3483 817 3536 anima:
839 3523 853 3548 ,
885 3481 1164 3551 quomodo
1195 3482 1358 3536 Verbi
1389 3481 1642 3552 cupidine
1665 3495 1896 3536 accensa
1925 3481 2007 3534 di-

407 3617 410 3620 .
433 3583 548 3628 cat:
580 3573 866 3628 Descendat
893 3573 1122 3628 dilectus.
1150 3589 1294 3627 meus
1327 3575 1381 3626 in
1411 3573 1620 3626 hortum
1647 3589 1824 3639 suum,
1851 3583 1898 3627 et
1926 3589 2008 3627 co-

432 3667 606 3720 medat
655 3665 887 3734 fructum
931 3681 1207 3734 pomorum
1240 3666 1549 3721 suorum“.
1578 3666 1648 3720 At
1691 3667 1836 3720 enim
1877 3675 2008 3722 tunc

433 3756 683 3810 hortatur
711 3753 952 3810 Verbum
985 3765 1044 3810 ut
1081 3756 1265 3810 veniat
1306 3756 1361 3810 in
1397 3757 1639 3820 hortum,
1675 3763 1730 3811 et
1760 3757 2010 3812 comedat

435 3845 670 3901 fructum
713 3861 1001 3916 pomorum
1047 3863 1295 3902 suorum.
1348 3846 1576 3904 Hortum
1628 3850 1839 3904 aestimo
1887 3865 2010 3906 esse

436 3937 696 3992 mundum
725 3977 739 4000 ,
776 3937 828 3990 in
864 3954 1028 4008 quem
1063 3937 1314 3993 hortatur
1343 3941 1522 4010 ipsum
1553 3949 1612 3994 ut
1637 3941 1928 3996 descendat
1957 3951 2011 3996 et

434 4029 685 4084 comedat
723 4028 961 4084 fructum
997 4045 1284 4098 pomorum
1333 4047 1583 4087 suorum.
1631 4031 1796 4088 Poma
1827 4042 2008 4088 autem

422 4133 564 4179 sunt
591 4124 874 4192 homines;
905 4123 1120 4180 fructus
1142 4139 1272 4179 vero
1293 4139 1578 4194 pomorum
1603 4166 1618 4190 ,
1653 4139 1818 4194 opera
1847 4125 2004 4195 legis,

435 4215 504 4270 ad
532 4231 694 4286 quem
724 4215 1116 4271 comedendum
1161 4214 1397 4271 fructum
1439 4216 1667 4287 rogabat
1693 4225 1754 4270 ut
1781 4217 2010 4270 descen-

425 4311 605 4362 deret.
647 4309 728 4362 Ita
766 4323 982 4378 quoque
1017 4323 1135 4374 nos,
1169 4308 1216 4362 si
1251 4307 1465 4362 fruetus
1493 4307 1626 4377 legis
1659 4315 1880 4377 paratos
1913 4308 2010 4362 ha-

2095 494 2122 544 6
2169 492 2392 560 Κύριος.
2429 491 2527 542 Διά
2573 487 2729 541 τοῦτο
2761 481 2852 539 οῦν
2885 485 2933 538 οἱ
2971 482 3208 554 μαθηταὶ
3253 483 3308 534 ἐν
3353 478 3437 550 τῷ
3497 478 3694 548 κελλίῳ

2095 580 2202 631 ἔσω
2249 578 2610 649 κρυπτόμενοι
2657 575 2998 642 λεγέτωσαν·
3045 569 3430 639 Ἐξεγέρθητι,
3473 566 3692 636 βρρῤἆ,

2094 671 2190 724 καὶ
2225 673 2425 739 ἔρχου,
2461 671 2616 730 νότε,
2648 666 2984 737 ἐξεγέρθητι
3013 665 3136 718 σὺν
3153 660 3363 732 βορῤᾷ,
3381 661 3691 724 τουτέστιν,

2095 763 2158 813 ὲκ
2189 763 2280 814 τοῦ
2308 761 2462 814 νότου
2485 761 2565 824 είς
2593 759 2652 812 τδ
2685 759 2862 828 σῶμα.
2889 757 3060 808 Τοῦτο
3079 756 3186 824 γὰρ
3203 755 3296 808 καὶ
3329 757 3386 806 ἐν
3411 755 3538 815 τοῖς
3560 769 3692 818 προσ

2098 856 2290 924 φήταις
2335 855 2676 923 γέγραπται,
2725 854 2810 904 ὅτι
2867 851 2930 902 '0
2975 849 3118 914 Θεὸς
3161 848 3227 900 ἐκ
3275 845 3480 916 θιομὰν
3537 845 3694 910 ﬁse"

2096 946 2408 1016 Τριημέρου
2449 946 2502 998 δὲ
2548 943 2801 1014 κειμένου
2844 940 2940 994 τοῦ
2977 939 3227 1010 σώματος
3266 941 3322 991 ὲν
3369 937 3454 1007 τῷ
3493 937 3686 1006 βοῤῥᾷ.

2095 1039 2314 1108 ἔρχεται
2345 1039 2372 1089 6
2403 1035 2592 1106 Σωτὴρ
2626 1037 2688 1088 ὲκ
2716 1034 2810 1087 τοῦ
2845 1034 3020 1088 νότου.
3062 1031 3156 1084 καὶ
3187 1027 3460 1098 λαμϐάνει
3495 1026 3560 1079 τὸ
3587 1027 3690 1078 σῶ-

2101 1144 2174 1196 μα
2207 1127 2266 1178 τὸ
2291 1128 2348 1178 ὲν
2375 1127 2452 1196 τῷ
2485 1125 2658 1196 βορρᾷ
2690 1125 2962 1194 κείμενον,
2998 1121 3091 1174 καὶ
3139 1121 3355 1192 ἔρχεται
3389 1117 3538 1190 πρὸς
3567 1119 3698 1182 τοὺς

2101 1217 2347 1288 μαθητὰς
2371 1221 2428 1272 ἐν
2464 1218 2542 1288 τῷ
2576 1218 2725 1288 τόπῳ
2763 1218 2894 1270 ὅπου
2921 1211 3080 1286 ἦσαν.
3110 1213 3242 1265 Τότε
3267 1211 3482 1271 λοιπὸν,
3519 1210 3696 1264 εἰσελ-

2099 1308 2281 1372 θόντος
2314 1309 2407 1362 τοῦ
2447 1309 2642 1380 Ἰησοῦ,
2673 1309 2932 1360 ἔπνευσεν
2978 1307 3008 1358 6
3045 1305 3243 1374 κῆπος,
3282 1304 3376 1356 καὶ
3415 1303 3696 1374 ἔρῤευσαν

2097 1399 2164 1452 τὰ
2197 1399 2482 1470 ἀρώματα.
2511 1399 2643 1452 Τότε
2671 1397 2982 1466 λεγέτωσαν
3007 1397 3056 1448 οἱ
3089 1395 3327 1466 μαθηταὶ
3355 1392 3438 1464 τῷ
3469 1392 3688 1464 Κυρίῳο

2096 1484 2166 1540 ’Ὦ
2204 1487 2396 1558 Κύριε,
2445 1489 2532 1540 ὅτε
2582 1489 2645 1540 σὺ
2697 1485 3066 1557 ἐσταυρώθης,
3105 1486 3196 1538 καὶ
3247 1485 3550 1549 ὲσκύλευες
3601 1483 3692 1536 τόν

2097 1579 2248 1649 ᾅδην,
2274 1581 2432 1648 ἡμεῖς
2450 1574 2484 1648 ἦ
2493 1595 2591 1648 μεν
2619 1580 2677 1630 ἐν
2700 1579 2895 1647 κελλίῳ
2921 1576 3264 1648 ὁμοθυμαδὸν
3293 1577 3688 1646 συνερχόμενοι

2099 1671 2190 1723 καί
2221 1671 2508 1742 ζητοῦντες
2537 1671 2597 1723 τὸ
2631 1671 2782 1740 παρά
2817 1669 2910 1723 σοῦ
2952 1669 3098 1738 φῶςο
3133 1668 3248 1736 φώς
3274 1669 3328 1722 δὲ
3361 1670 3500 1738 ἡμῖν
3551 1669 3583 1738 ἡ
3619 1669 3684 1740 σὴ

2031 1737 2070 1792 Β
2100 1761 2391 1832 παρουσία.
2421 1760 2514 1830 Μὴ
2547 1759 2833 1829 βλέποντες
2861 1760 2918 1813 δὲ
2947 1760 3043 1830 τὴν
3068 1759 3165 1826 σὴν
3196 1759 3525 1828 παρουσίαν,
3548 1754 3692 1827 ἦμεν

2098 1855 2154 1906 ὲν
2189 1852 2368 1905 σκότει
2397 1851 2575 1922 πολλῷ
2599 1851 2946 1922 συνεχόμενοι
2967 1869 2978 1880 ·
3012 1851 3105 1904 καὶ
3132 1849 3348 1918 ἐλέγετο
3379 1850 3510 1904 καθ’
3534 1852 3690 1922 ἡμῶν

2096 1945 2273 2006 τοῦτο,
2298 1946 2402 2004 ὅτι,
2447 1945 2514 1998 Ἦ
2545 1942 2717 2013 ψυχὴ
2757 1940 2953 1996 αὐτῶν
2981 1943 3050 1994 ἐν
3077 1941 3280 2008 κακοῖς
3309 1941 3584 2005 ἐτήκετο.
3603 1943 3688 1994 Ἐν

2099 2041 2288 2102 κακοῖς
2321 2037 2426 2106 γὰρ
2455 2031 2598 2106 ἦμεν
2624 2036 2766 2098 τότε,
2797 2036 2897 2088 οὐκ
2921 2034 3221 2103 ἐϐλέπομεν
3253 2052 3310 2088 σε
3330 2052 3345 2066 ·
3375 2035 3482 2088 νῦν
3505 2035 3562 2087 δὲ
3601 2035 3686 2086 ὅτε

2099 2130 2328 2199 εἴδομεν,
2353 2128 2435 2180 ὅτι
2467 2127 2730 2196 ἐξεγὲρθη
2767 2129 2794 2179 ὁ
2829 2127 3026 2197 βορρᾶς
3081 2127 3174 2177 καὶ
3219 2121 3384 2195 ἦλθεν
3433 2127 3464 2179 6
3515 2127 3688 2192 νότος,

2097 2221 2218 2274 τότε
2245 2220 2502 2272 ἕπνευσεν
2530 2221 2558 2271 6
2584 2218 2780 2288 κῆπος,
2809 2219 2902 2270 καὶ
2931 2219 3198 2288 ἐρρευσαν
3225 2218 3294 2271 τὰ
3331 2217 3630 2289 ἀρώματα.

2169 2309 2222 2364 4.
2261 2309 2395 2361 Τότε
2429 2308 2818 2380 προσερχὲσθω
2841 2311 2868 2360 6
2896 2307 3096 2376 Θωμᾶς
3127 2309 3466 2377 κατανοῆσαι
3499 2309 3562 2361 τὸ
3588 2307 3684 2360 σῶ-

2104 2419 2198 2473 μα,
2226 2403 2320 2454 καὶ
2348 2402 2472 2454 ἰδεῖν
2499 2401 2626 2464 τοὺς
2649 2401 2851 2464 τύπους
2883 2401 2989 2454 τῶν
3019 2401 3182 2470 ἥλων,
3211 2403 3306 2454 καὶ
3329 2403 3390 2454 ὲν
3421 2401 3500 2472 τῷ
3524 2418 3676 2454 κατα-

2099 2494 2286 2562 νοῆσαι
2317 2492 2476 2546 αὺτὸν
2504 2491 2600 2544 καὶ
2632 2491 2757 2544 ἰδεῖν
2783 2493 2907 2555 τοὺς
2929 2491 3134 2556 τύπους
3161 2491 3268 2544 τῶν
3291 2491 3442 2560 ἥλων
3461 2491 3682 2559 λεγέτωο

2105 2586 2402 2638 Ἐπνευσεν
2429 2585 2456 2636 ό
2488 2585 2682 2654 κῆπος,
2707 2585 2799 2637 καὶ
2831 2583 3096 2655 ἔῤῥευσαν
3119 2583 3188 2636 τὰ
3209 2583 3504 2655 ἀρώματα.
3523 2583 3684 2652 Ἀρώ-

2105 2693 2247 2746 ματα
2295 2675 2352 2728 δὲ
2397 2675 2554 2744 ἡμῶν
2586 2676 2616 2744 ἡ
2653 2673 2934 2747 ἀφθαρσία
2963 2673 3054 2727 τοῦ
3089 2673 3362 2744 σώματος,
3397 2675 3469 2744 ἥν
3511 2673 3686 2726 ἐνεδύ-

2103 2784 2253 2820 σατο.
2289 2765 2386 2819 Διά
2423 2764 2582 2818 τοῦτο
2622 2765 2730 2835 γὰρ
2781 2765 2875 2818 καὶ
2921 2767 2950 2818 ὁ
2997 2763 3208 2827 Παῦλος
3239 2764 3464 2833 ἔλεγεν·
3499 2762 3684 2818 Δεῖτό

2101 2861 2367 2930 φθαρτὸν
2415 2859 2590 2913 τοῦτο
2633 2858 3002 2914 ἐνδύσασθαι
3061 2859 3430 2927 ἀφθαρσίαν,
3475 2859 3572 2912 καὶ
3619 2857 3684 2910 τὸ

2102 2954 2322 3021 θνητὸν
2351 2953 2526 3006 τοῦτο
2550 2952 2916 3006 ἐνδύσασθαι
2961 2952 3318 3008 ἀθανασίαν,
3345 2953 3490 3006 Πότε
3515 2951 3572 3005 δὲ
3599 2954 3680 3004 ὲν-

2105 3043 2326 3097 εδύσατο
2350 3043 2410 3096 τὸ
2444 3042 2602 3113 σῶμα
2636 3043 2734 3113 τὴν
2763 3041 3068 3113 ἀφθαρσίαν
3111 3044 3158 3096 εἰ
3195 3042 3268 3114 μὴ
3301 3043 3395 3097 διὰ
3423 3043 3523 3112 τῆς
3555 3043 3682 3096 ἁναο

2109 3135 2362 3198 παύσεως
2391 3134 2484 3188 τοῦ
2517 3135 2725 3202 Λόγου;
2758 3134 2950 3204 ἀμέλει
2971 3151 3033 3202 γε
3061 3135 3149 3187 ὅτε
3181 3135 3386 3204 ἀνέστη
3417 3137 3446 3188 ό
3479 3133 3686 3202 Σωτὴρ,

2107 3225 2202 3278 καὶ
2229 3221 2394 3295 ἦλθον
2425 3226 2480 3277 αἱ
2509 3227 2766 3292 γυναῖκες
2791 3222 3028 3292 ἅψασθαι
3051 3223 3241 3286 αὑτοῦ,
3260 3223 3452 3291 ἔλεγεν
3477 3225 3681 3284 αὐταῖς·

2103 3315 2199 3382 Μή
2225 3331 2344 3382 μου
2375 3313 2634 3368 ἅπτεσθε
2653 3330 2665 3342 ·
2701 3312 2866 3366 οὔπω
2895 3313 3003 3380 γὰρ
3039 3313 3378 3380 ἀναϐέϐηκα
3408 3313 3560 3382 πρὸς
3583 3315 3688 3366 τόν

2105 3405 2337 3474 Πατέρα
2363 3423 2502 3474 μου.
2569 3404 2667 3457 Διὰ
2699 3403 2876 3466 τοῦτο,
2907 3405 2956 3455 εί
3001 3403 3316 3474 εὐνούχισας
3373 3406 3616 3468 σεαυτὸν,
3641 3398 3690 3457 ὦ

2106 3496 2268 3566 ἆνερ,’
2291 3495 2386 3549 καὶ
2435 3496 2521 3560 σὺ,
2555 3489 2599 3548 ὦ
2633 3493 2814 3562 γῦναι,
2851 3493 3120 3548 ἀκούσατε
3147 3496 3237 3548 τὸν
3265 3495 3434 3548 πόθον
3461 3497 3562 3566 τῆς
3591 3514 3686 3566 μα-

2107 3586 2304 3656 καρίας
2332 3585 2534 3653 ταύτης
2563 3585 2760 3656 ψυχῆς,
2792 3585 2910 3649 πῶς
2937 3585 3178 3640 ποθοῦσα
3208 3585 3304 3639 τοῦ
3320 3587 3501 3655 Λόγου
3521 3587 3682 3654 λέγει’

2107 3677 2422 3744 Καταϐήτω
2465 3675 2787 3745 ἀδελφιδός
2820 3695 2938 3746 μου
2983 3679 3070 3742 είς
3102 3676 3300 3744 κῆπον
3327 3679 3538 3742 αὑτοῦ,
3592 3677 3686 3730 καὶ

2107 3771 2338 3840 φαγέτω
2375 3769 2610 3838 καρπὸν
2655 3769 2999 3838 ἀκροδρύων
3037 3770 3243 3824 αὐτοῦ.
3281 3770 3418 3823 Τότε
3451 3771 3550 3842 μὲν
3583 3770 3686 3840 γὰρ

2109 3862 2405 3932 παρεκάλει
2456 3863 2549 3915 τὸν
2599 3864 2770 3930 Λόγον
2815 3863 3116 3933 καταϐῆναι
3149 3863 3228 3925 είς
3257 3862 3346 3914 τὸν
3382 3864 3561 3934 κῆπον
3595 3863 3686 3915 καὶ

2107 3957 2300 4022 φαγεῖν
2326 3954 2534 4024 καρπὸν
2561 3953 2876 4024 ἀκροδρύων
2913 3954 3080 4007 αὑτοῦ
3101 3972 3112 3984 ·
3153 3954 3290 4023 πρὸς
3335 3954 3440 4024 μὲν
3465 3954 3572 4024 γὰρ
3596 3954 3683 4006 τὸν

2108 4041 2282 4110 κῆπον
2311 4040 2402 4094 τὸν
2433 4040 2633 4110 κόσμον
2673 4037 2831 4108 εἶναι,
2869 4043 2954 4109 ἐφ’
2975 4041 3036 4096 ὃν
3073 4042 3367 4114 παρεκάλει
3399 4043 3561 4096 αὐτὸν
3589 4061 3681 4096 κα-

2109 4131 2338 4202 ταϐῆναι
2372 4133 2465 4184 καὶ
2499 4133 2690 4200 φαγεῖν
2725 4133 2934 4204 καρπὸν
2961 4134 3276 4206 ἀκροδρύων
3305 4135 3475 4189 αὐτοῦ
3495 4153 3508 4165 ο
3540 4135 3604 4188 τὰ
3629 4135 3679 4185 δὲ

2105 4223 2382 4294 ἀκρόδρυα
2415 4221 2698 4288 εἶναιτοὺς
2733 4224 3078 4296 ἀνθρώπους
3110 4226 3200 4280 τὸν
3231 4227 3287 4279 δὲ
3313 4229 3523 4300 καρπὸν
3551 4223 3680 4280 εἶναι

2111 4314 2218 4368 τῶν
2250 4314 2564 4386 ἀκροδρύων
2595 4315 2694 4378 τὰς
2720 4317 2946 4386 πράξεις
2983 4317 3074 4370 τοῦ
3108 4317 3271 4388 νόμου
3300 4336 3314 4349 ·
3351 4320 3412 4373 ὃν
3441 4319 3676 4390 παρεκά-

425 4400 662 4455 beamus
685 4415 823 4470 quos
849 4399 1142 4455 oﬂeramus
1171 4399 1420 4464 Domino,
1451 4401 1628 4470 ipsum
1647 4397 1886 4454 Verbum
1917 4415 2006 4454 ro-

2109 4405 2192 4458 λει
2225 4405 2384 4457 αὑτὸν
2425 4405 2721 4476 καταϐῆναι
2772 4406 2864 4460 καὶ
2909 4412 3120 4476 φαγεῖν.
3153 4409 3306 4462 οὕτω
3330 4411 3425 4462 καὶ
3451 4411 3604 4480 ἡμεῖς
3632 4410 3678 4459 εί

437 4510 626 4563 genius
665 4503 721 4549 ιιι
743 4495 1036 4550 descendat
1063 4503 1118 4548 et
1146 4496 1396 4550 comedat
1439 4495 1676 4550 fructum
1721 4511 2006 4564 pomorum

425 4600 698 4652 suorum;
744 4587 914 4655 ipsius
946 4585 1091 4640 enim
1128 4601 1288 4654 poma
1326 4595 1488 4656 atque
1532 4585 1746 4656 opiiicia
1794 4600 1986 4639 sumus

428 4679 604 4732 creati
635 4678 700 4732 ad
731 4693 895 4748 opera
925 4679 1089 4734 bona.

509 4936 563 4990 5.
589 4937 934 5006 Quapropter
974 4953 1227 5009 rogemus
1264 4939 1464 5008 ipsum.
1491 4937 1622 5004 'Quo
1661 4949 1820 5008 pacto
1852 4955 2010 5011 roga-

443 5030 658 5085 bimus?
702 5031 805 5085 Per
849 5031 1273 5100 supplicationes
1314 5043 1364 5087 et
1407 5035 1722 5096 orationes,
1769 5049 1880 5088 non
1916 5049 2012 5088 ore

441 5121 751 5184 clamando,
777 5121 874 5174 sed
903 5121 1230 5191 cogitatione
1271 5121 1324 5174 in
1367 5123 1523 5176 nobis
1551 5123 1684 5192 ipsis
1713 5124 2004 5192 precando.

440 5211 578 5277 Quid
626 5215 770 5266 enim
819 5213 1058 5267 clamosa
1093 5215 1332 5282 precaris
1375 5230 1501 5269 voce
1527 5255 1540 5278 ,
1578 5232 1641 5268 ac
1682 5217 1730 5269 si
1774 5217 2012 5271 dormiat

446 5303 617 5358 Deus?
637 5303 770 5358 Nam
803 5321 916 5358 ecce
947 5323 1049 5359 non
1079 5307 1386 5358 dormitabit
1441 5324 1599 5376 neque
1649 5309 1873 5364 dormiet
1916 5311 2008 5378 qui

443 5395 673 5447 custodit
697 5393 867 5448 Israel
902 5397 966 5452 εί.
1003 5394 1237 5466 ldipsum
1278 5399 1422 5452 enim
1456 5400 1532 5454 ait
1572 5397 1833 5455 Jeremias
1871 5420 1884 5455 :
1923 5399 2012 5455 Vi-

445 5483 624 5551 gilavit
663 5501 818 5554 super
847 5488 1138 5556 impietates
1169 5505 1310 5542 mea:
1339 5491 1401 5543 ".
1437 5491 1584 5545 idem
1624 5492 1816 5549 Esaias
1859 5497 2014 5551 locu-

445 5721 460 5762 ³
516 5639 808 5764 ἶτὰιῐιιικιο.
851 5659 940 5711 ιιι,
972 5646 1024 5700 3.
1099 5650 1143 5681 ⁸³
1171 5647 1314 5712 Psal.
1357 5668 1476 5719 ενι,
1525 5629 1612 5706 26.

1715 5651 1762 5683 ³⁸
1793 5648 1815 5702 l
1849 5649 1976 5710 Cor.
2021 5671 2109 5722 xv,
2141 5655 2227 5712 55.

2111 4495 2306 4565 ἔχομεν
2338 4495 2584 4565 ἑτοίμους
2625 4495 2717 4548 τοῦ
2761 4498 2924 4567 νόμου
2965 4499 3255 4554 ἀποδοῦναι
3285 4503 3412 4564 τοὺς
3443 4499 3676 4570 καρποὺς

2110 4586 2188 4656 τῷ
2215 4585 2425 4656 κυρίῳ,
2465 4588 2870 4658 παρακαλῶμεν
2899 4590 2994 4642 καὶ
3027 4593 3184 4662 ἡμεῖς
3214 4593 3306 4645 τὸν
3331 4593 3499 4662 Λόγον
3521 4609 3676 4643 καταο

2119 4679 2277 4748 ϐῆναι
2308 4677 2400 4729 καί
2434 4683 2626 4746 φαγεῖν
2665 4681 2752 4734 τὸν
2783 4682 2992 4752 καρπὸν
3021 4681 3127 4736 τῶν
3161 4682 3471 4754 ἀκροδρύων
3489 4682 3640 4736 αὑτοῦ
3659 4697 3676 4708 ’

2117 4770 2277 4822 αὑτοῦ
2307 4771 2414 4840 γάρ
2442 4772 2606 4841 ἐσμεν
2634 4773 2908 4844 ἀκρόδρυα
2933 4775 3026 4828 καὶ
3065 4777 3344 4845 ποιήματα
3382 4775 3676 4834 κτισθέντες

2123 4861 2208 4911 ἐπ’
2238 4860 2418 4930 ἔργοις
2452 4861 2692 4928 ἀγαθοῖς.

2191 4951 2244 5004 5.
2285 4949 2382 5002 Διά
2410 4951 2566 5003 τοῦτο
2588 4955 2682 5005 καὶ
2711 4971 3118 5027 παρακαλωμεν
3142 4959 3325 5012 αὐτόν.
3353 4959 3472 5022 Πῶς
3500 4957 3552 5010 δὲ
3585 4955 3673 5006 αὖ·

2118 5043 2208 5094 τὸν
2243 5043 2662 5114 παρακαλοῦμεν
2685 5062 2698 5109 ;
2726 5046 2824 5098 Διὰ
2853 5045 3084 5118 δεήσεων
3112 5051 3206 5102 καὶ
3232 5048 3559 5121 προσευχῶν,
3583 5045 3672 5112 οὐχ

2118 5135 2205 5188 ἵνα
2235 5135 2312 5205 τῷ
2346 5135 2571 5205 στόματι
2605 5136 2914 5208 κράζωμεν,
2949 5139 3084 5196 ἀλλὰ
3113 5141 3190 5211 τῷ
3217 5141 3458 5213 λογισμῷ
3479 5143 3534 5194 ἐν
3559 5141 3670 5191 ἐαυ-

2118 5229 2229 5290 τοῖς
2274 5228 2575 5300 εὐχόμενοι.
2615 5230 2678 5281 Τί
2713 5230 2818 5301 γὰρ
2869 5231 3160 5302 εὐχόμενος
3209 5233 3448 5305 κράζεις,
3487 5233 3556 5292 ὡς
3585 5227 3666 5281 τοῦ

2118 5320 2251 5372 Θεοῦ
2305 5321 2684 5392 κοιμωμένου;
2749 5323 2892 5377 Ἰδοὺ
2949 5326 3060 5397 γὰρ
3093 5329 3166 5380 οὺ
3199 5325 3498 5390 νυστάζει,
3543 5319 3669 5374 οὐδὲ

2117 5411 2382 5465 ὑπνώσει
2411 5417 2442 5466 ό
2475 5413 2812 5481 φυλάσσων
2851 5414 2956 5468 τὸν
2999 5416 3263 5484 Ἰσραήλ.
3297 5417 3462 5470 Τοῦτο
3500 5414 3550 5466 δὲ
3587 5411 3664 5464 καὶ

2133 5503 2400 5574 Ἱερεμίας
2425 5505 2608 5574 ἔλεγεν
2628 5525 2642 5536 ·
2683 5509 3112 5578 Ἑῃςηγόρησεν
3137 5510 3231 5562 ἐπὶ
3261 5511 3332 5563 τὰ
3353 5499 3663 5578 ἁσεξὴμρτά

2338 5659 2382 5690 ⁸ο
2413 5658 2568 5715 Cant.
2599 5675 2650 5727 ι’,
2681 5660 2729 5713 1.
2841 5663 2882 5693 ⁸³
2915 5661 3058 5719 Psal.
3103 5677 3228 5728 cu,
3255 5663 3304 5716 4.
3423 5664 3462 5696 ⁶²
3485 5661 3646 5714 Thren
