3860 6220
128 323 250 379 1557

1234 311 1659 371 FRAGMENTA
1703 311 1768 365 IN
1814 306 2134 368 CANTICA.

3236 306 3376 367 i358

125 460 250 516 μου·
276 440 434 496 τοῦτο
460 438 517 493 δὲ
551 439 644 494 καὶ
671 438 897 501 Ἡσαΐας
922 438 1122 506 ἔλεγεν·
1160 439 1281 490 Ἔτι
1310 453 1425 492 σου
1445 438 1702 491 λαλοῦν-

1809 446 1895 491 tus
1929 444 2013 491 est
2043 456 2055 489 :
2087 434 2273 488 Adhuc
2302 444 2350 487 te
2368 434 2632 505 loquente,
2672 433 2846 487 dicunt
2873 449 2889 485 :
2924 431 3057 486 Ecce
3098 433 3287 486 adsum
3312 434 3379 488 “.

128 555 221 603 τος
264 533 407 604 ἐρῶο
450 532 602 589 Ἰδοὺ
634 530 890 601 πάρειμι.
922 531 997 585 Ού
1037 530 1147 603 γὰρ
1190 530 1447 602 ἀναμένει
1497 532 1525 583 ό
1566 528 1696 593 Θεὸς

129 631 242 691 τοὺς
266 630 328 681 ὲκ
352 626 460 679 τῶν
485 625 705 697 χειλέων
731 624 939 693 λόγους.
960 623 1176 694 Ἀμέλει
1198 641 1261 691 γε
1284 625 1311 676 6
1338 624 1524 694 Σωτὴρ
1548 626 1605 675 ἐν
1622 624 1698 693 τῷ

130 707 434 789 Ε’ύαγγελίῳ
485 718 692 786 ἔλεγεν,
744 718 827 771 ὅτι
882 716 1054 769 Οἶδεν
1104 719 1135 769 ό
1186 716 1326 781 Θεὸς
1357 710 1443 769 ὧν
1490 717 1699 783 χρείαν

128 811 285 879 ἔχετε
318 808 428 875 πρὸ
468 807 574 861 τοῦ
606 805 762 875 ὑμᾶς
790 805 1031 875 αὶτῆσαι
1064 806 1268 859 αὐτόν.
1306 805 1402 858 Διὰ
1428 806 1584 859 τοῦτο
1623 806 1696 877 μὴ

128 900 196 963 ὼς
242 897 301 963 ἐξ
346 898 507 969 ἔργου
555 898 838 968 εὐχόμενοι
884 897 1207 968 κράζωμεν·
1256 897 1370 950 ἀλλ’
1398 899 1445 950 εἰ
1486 898 1579 951 καὶ
1619 898 1697 968 τῷ

131 991 346 1061 στόματι
390 989 545 1061 εῦχῃ,
583 988 743 1059 εῦχου
780 990 874 1043 καὶ
921 988 999 1059 τῷ
1046 990 1162 1041 νοῒο
1197 988 1353 1042 τοῦτο
1403 989 1511 1061 γὰρ
1545 991 1639 1043 καὶ
1670 993 1699 1043 ό

130 1082 331 1145 Παῦλος
362 1081 545 1150 ἐλεγε-
585 1079 765 1133 Ψαλῶ
808 1073 889 1147 τῷ
930 1082 1242 1151 πνεύματι,
1277 1082 1453 1149 ψίαῖῶ
1482 1082 1581 1138 καὶ
1618 1081 1698 1149 τῷ

128 1175 348 1228 νοΐ.Ἐκ
382 1172 622 1238 βαθέων
646 1173 776 1245 γὰρ,
827 1172 980 1243 φησι,
1017 1172 1312 1241 ἐκέκραξα
1352 1188 1471 1238 σοι,
1500 1176 1695 1242 Κύριε.

129 1266 219 1320 Διὰ
247 1266 403 1319 τοῦτο
430 1266 525 1319 καὶ
554 1268 587 1336 ὴ
614 1266 751 1336 γυνὴ
798 1267 856 1317 ὲν
893 1268 1012 1329 ταῖς
1045 1266 1354 1330 Βασιλείαις
1387 1267 1474 1319 ὅτε
1500 1265 1699 1338 ηὔχετο

130 1357 416 1429 κράζουσα,
445 1359 475 1411 ὁ
513 1358 689 1428 ἱερεὺς
715 1359 959 1429 ὲφίμωσε
986 1357 1048 1410 τὸ
1078 1357 1249 1428 στόμα
1272 1358 1460 1430 αὐτῆς,
1491 1358 1699 1431 ἡγησά-

133 1468 280 1521 μενος
317 1451 507 1522 αύτὴν,
539 1452 619 1504 ὅτι
664 1449 916 1518 ἑμέθυεν’
957 1450 1053 1503 καὶ
1084 1450 1233 1521 ὅμως
1278 1451 1483 1522 ἐκείνη,
1510 1451 1588 1523 τῷ
1619 1451 1698 1505 νοτ

130 1545 405 1617 εὐχομένη,
443 1547 536 1600 καὶ
568 1545 917 1618 εἰσηκούσθη,
967 1549 1060 1601 καὶ
1102 1548 1253 1602 ἔτεκε
1296 1548 1386 1602 τὸν
1421 1549 1695 1620 Σαμουὴλ.

130 1637 217 1690 Διὰ
252 1637 409 1690 τοῦτο
442 1638 536 1691 καλ¹
567 1638 629 1691 σὺ
654 1638 706 1690 τί
736 1638 1027 1709 εὐχόμενος
1052 1637 1294 1710 κράζεις,
1324 1639 1399 1703 ὡς
1428 1640 1522 1693 τοῦ
1562 1638 1696 1692 Θεοῦ

134 1730 199 1800 μὴ
222 1729 537 1798 ἁκούοντος;
572 1731 769 1783 Ἄκουε
799 1728 894 1783 τοῦ
928 1730 1199 1800 λέγοντος,
1239 1733 1319 1785 ὅτι
1370 1731 1432 1785 '0
1476 1732 1694 1801 φυτεύ-

129 1838 237 1890 σας
261 1823 325 1877 τὸ
357 1819 468 1889 οὖς
491 1823 629 1893 οὐχὶ
658 1823 900 1887 ἀκούει;
927 1823 989 1876 Ei
1022 1824 1119 1895 μὲν
1153 1824 1261 1894 γὰρ
1301 1825 1366 1877 σὺ
1399 1823 1538 1895 ἔχων
1582 1819 1697 1877 ὦτα

130 1914 355 1979 ἀκούεις,
408 1916 559 1986 πόσῳ
592 1914 790 1985 μᾶλλον
836 1918 864 1968 6
910 1915 1382 1987 ποιητὴς.ὢτων;
1415 1915 1513 1969 Διὰ
1543 1916 1699 1970 τοῦτο

130 2004 268 2076 παρὰ
299 2005 488 2074 Κυρίῳ
526 2004 599 2075 μὴ
640 2005 923 2075 εὐχόμενοι
966 2004 1275 2075 κράζωμεν,
1321 2006 1396 2069 ὡς
1436 2005 1529 2059 τοῦ
1564 2004 1697 2058 Θεοῦ

132 2098 200 2170 μὴ
231 2098 548 2160 ἀκούοντος⁶
601 2098 695 2149 καὶ
737 2096 844 2168 γὰρ
894 2096 1218 2150 σιωπώντων
1265 2100 1292 2151 6
1334 2098 1464 2162 Θεὸς
1490 2098 1694 2152 ἀκούει.

129 2189 351 2261 Θεωρεῖς
380 2189 492 2261 γὰρ
526 2188 618 2243 τὸν
648 2187 808 2241 πόθον
831 2188 922 2241 τὸν
951 2192 1008 2242 ὲν
1039 2188 1212 2262 ταύτῃ
1234 2191 1299 2259 τῇ
1336 2190 1583 2261 μακαρίᾳ
1599 2189 1701 2261 ψυ-

130 2282 211 2351 χῇ,
239 2281 373 2345 πῶς,
412 2280 839 2352 παρακαλούσης
868 2281 1036 2352 αὐτῆς
1066 2283 1159 2336 καὶ
1188 2280 1483 2352 λεγούσης’
1513 2285 1700 2336 Κατα-

131 2370 273 2436 ϐήτω
295 2371 617 2440 ἀδελφιδός
633 2389 752 2440 μου
776 2374 859 2437 εις
885 2371 1082 2440 κῆπον
1105 2371 1311 2439 αὑτοῦ,
1342 2372 1440 2426 καὶ
1470 2373 1701 2443 φαγέτω

131 2464 352 2531 καρπὸν
372 2462 723 2532 ἀκροδρύων
744 2465 930 2519 αὑτοῦ
946 2482 959 2495 ·
994 2464 1110 2529 πῶς
1136 2464 1336 2528 εὐθέως
1362 2465 1509 2534 λέγει
1533 2468 1562 2519 6
1594 2467 1700 2520 A6-

131 2569 242 2620 γος·
259 2554 569 2623 Εἰσῆλθον
584 2557 671 2621 εἱς
694 2555 893 2624 κῆπόν
908 2574 1049 2625 μου,
1066 2556 1300 2626 ἀδελφή
1323 2575 1442 2626 μου
1462 2558 1699 2627 νύμφη;

129 2642 198 2707 ὡς
240 2645 389 2699 οὐδὲν
438 2646 770 2718 ταχύτερον·
818 2646 897 2700 ἔτι
942 2649 1053 2719 γὰρ
1086 2650 1256 2719 αὐτῆς
1304 2649 1588 2719 λαλούσης,
1616 2652 1705 2703 εὑ-

132 2734 261 2801 θέως
305 2739 611 2808 ὑπήκουσε·
660 2738 884 2811 θεωρεῐς
908 2740 969 2792 τὸ
1002 2741 1381 2813 γεγραμμένον
1402 2759 1415 2771 ·
1446 2742 1567 2795 Ὅτι
1600 2744 1700 2799 καὶ

133 2825 213 2881 ἔτι
232 2829 570 2895 λαλοῦντός
595 2846 710 2883 σου
733 2829 866 2897 ἐρῶ,
883 2831 1040 2885 Ἰδοὺ
1071 2832 1493 2904 πάρειμι;”Αμα
1509 2833 1617 2905 γὰρ
1646 2836 1705 2887 ὲν

134 2919 205 2991 τῷ
254 2921 424 2992 αὐτὴν
485 2921 822 2992 παρακαλεῖν
882 2922 976 2975 καὶ
1030 2922 1239 2992 λέγειν’
1299 2924 1611 2993 Κατάϐηθι,
1659 2920 1706 2978 ὦ

134 3011 285 3081 Λόγε,
331 3016 420 3079 εὶς
456 3013 564 3065 τὸν
606 3011 807 3081 κῆπόν
837 3030 974 3079 σου,
1010 3016 1107 3069 καὶ
1138 3016 1289 3087 φάγε
1331 3016 1438 3071 τὸν
1476 3016 1707 3085 καρπὸν

133 3101 243 3157 τῶν
263 3105 608 3174 ἀκροδρύων
626 3121 763 3168 σου,
788 3106 989 3170 εὐθέως
1012 3109 1321 3180 ὑπήκουσεν
1347 3110 1481 3181 αὐτῇ
1509 3110 1704 3179 λέγων’
1733 3129 1776 3187 C

135 3195 433 3265 Εἰσῆλθον
455 3200 540 3262 εἰς
567 3198 671 3251 τὸν
702 3197 901 3265 κῆπόν
914 3219 1056 3268 μου,
1079 3201 1313 3271 ἀδελφή
1338 3220 1458 3272 μου
1479 3204 1702 3272 νύμφη.

197 3285 249 3344 6.
286 3288 382 3342 Διὰ
415 3289 466 3341 τί
496 3288 551 3341 δὲ
576 3290 667 3342 καὶ
690 3289 908 3361 νύμφην
937 3292 1031 3343 καὶ
1058 3292 1292 3364 ἀδελφὴν
1320 3294 1490 3363 αὐτὴν
1509 3293 1708 3365 ὀνομά-

136 3376 242 3444 Cet;
272 3382 384 3445 Πᾶς
419 3380 527 3451 γὰρ
559 3382 791 3451 νυμφίος
821 3384 919 3435 οὐκ
947 3384 1201 3454 ὀνομάζει
1233 3385 1333 3456 τὴν
1358 3386 1577 3459 νύμφην
1611 3388 1709 3439 αὐ-

134 3471 219 3525 τοῦ
250 3474 486 3545 ἀδελφήν
507 3492 519 3505 ·
561 3469 662 3528 ὦδε
688 3477 744 3529 δὲ
781 3478 874 3531 καὶ
897 3476 1133 3546 ἀδελφὴν
1168 3477 1261 3528 καὶ
1290 3477 1509 3549 νύμφην
1536 3479 1707 3550 αὐτὴν

134 3561 411 3633 ὀνομάζει,
446 3565 532 3618 ἵνα
563 3565 730 3639 δείξῃ,
772 3568 854 3620 ὅτι
890 3568 990 3619 οὐκ
1019 3566 1164 3618 ἔστιν
1196 3569 1224 3619 ὁ
1248 3565 1485 3638 θάλαμος
1516 3569 1709 3640 ἐπᾳδό-

138 3669 285 3719 μενος
315 3656 714 3727 σαρκός.“οταν
744 3658 841 3728 μὲν
866 3658 973 3728 γὰρ
997 3658 1251 3729 ὀνομάζει
1275 3658 1443 3729 αύτὴν
1465 3660 1705 3731 νύμφην,

133 3743 214 3798 διὰ
246 3747 331 3801 τὸν
362 3749 556 3816 Λόγον,
586 3750 674 3803 τὸν
726 3751 1128 3822 μνηστευθὲντα
1169 3751 1267 3823 τὴν
1303 3751 1501 3823 ψυχήν.
1538 3754 1709 3806 Τοῦτο

134 3837 235 3909 γὰρ
260 3842 353 3894 καὶ
392 3841 604 3904 Παῦλος
638 3840 821 3910 ἔλεγεν
846 3858 859 3873 ·
890 3842 1269 3913 Ἡρμοσάμην
1300 3842 1456 3913 ὑμᾶς
1487 3843 1576 3896 ἐνὶ
1600 3844 1707 3898 ἀν-

136 3927 221 3997 δρὶ
239 3932 540 4001 παρθένον
564 3933 759 4003 ἁγνὴν
782 3933 1167 4003 παραστῆσαι
1188 3934 1267 4002 τῷ
1286 3934 1709 4004 Χριστῷ.”οταν

134 4019 184 4073 δὲ
226 4025 316 4076 καὶ
358 4024 593 4096 ἀδελφὴν
640 4024 806 4098 αὐτὴν
839 4028 1113 4098 ὀνομάζει,
1140 4026 1227 4081 διὰ
1274 4028 1374 4099 τὴν
1422 4027 1600 4099 σάρκα
1643 4028 1709 4098 ἢν

133 4113 368 4188 ἐφόρεσε.
422 4117 592 4170 Τοῦτο
638 4117 747 4189 γὰρ
796 4113 876 4183 εἷς
926 4119 1036 4172 τῶν
1081 4119 1376 4192 προφητῶν
1429 4120 1710 4192 σημαίνων

135 4209 253 4278 περὶ
291 4209 457 4263 αὐτοῦ
494 4209 680 4279 ἔλεγεν
705 4228 718 4241 ο
758 4212 1092 4281 Ἀπαγγελῶ
1117 4212 1183 4266 τὸ
1212 4212 1401 4282 ὄνομά
1436 4231 1552 4268 σου
1585 4212 1710 4281 τοῖς

133 4298 409 4371 ἀδελφοῖς
435 4320 574 4372 μου.
602 4304 698 4357 Διὰ
716 4302 874 4357 τοῦτο
903 4304 1094 4375 μηδεὶς
1117 4306 1386 4376 νομιζέτω
1414 4308 1710 4378 σαρκικοὺς

134 4384 261 4445 εῖναι
306 4394 433 4456 τοὺς
467 4393 659 4462 λόγους
688 4395 1067 4458 τούτους.”οτε
1101 4397 1199 4466 μὲν
1247 4396 1355 4468 γὰρ
1407 4398 1708 4469 παρεκάλει

1803 527 1921 582 Νοιι
1962 528 2108 581 enim
2150 526 2295 581 Deus
2329 535 2610 596 exspectat
2642 526 2808 580 verba
2847 524 3008 579 labiis
3051 524 3282 594 prolata.
3317 525 3384 580 Et

1801 634 1933 673 sane
1968 617 2215 672 Salvator
2254 617 2310 671 in
2341 617 2638 687 Evangelio
2686 617 2762 671 ait
2800 634 2813 671 :
2846 614 2957 669 Scit
2992 614 3131 670 Deus
3158 631 3384 686 quorum

1801 728 1930 779 opus
1965 709 2203 764 habeatis
2245 719 2528 779 antequam
2577 710 2769 779 petatis
2819 707 2883 762 ab
2924 709 3036 777 ipso
3059 708 3125 761 “.
3158 707 3281 764 Ideo
3317 724 3395 761 ne.

1800 801 1959 871 quasi
1985 783 2357 871 perfunctorie
2386 800 2688 857 clamemus
2724 800 2778 854 in
2821 799 3098 870 precando
3126 817 3140 866 ;
3171 799 3288 863 sed,
3333 799 3384 853 si

1800 907 1896 947 orc
1922 892 2188 961 precaris,
2221 906 2444 962 precare
2482 902 2534 946 et
2564 899 2766 945 mente.
2818 889 2874 944 Id
2920 891 3065 945 enim
3099 898 3154 945 et
3178 888 3383 946 Paulus

1801 982 2023 1036 aiebat:
2062 980 2305 1035 Psallam
2358 982 2553 1051 spiritu
2578 1021 2594 1044 ,
2646 980 2878 1051 psallam
2912 990 2963 1034 et
2993 990 3162 1035 mente
3201 981 3267 1036 “.
3309 980 3384 1035 De

1799 1074 2102 1143 profundis,
2167 1073 2345 1143 inquit
2387 1074 2549 1138 alius,
2594 1073 2819 1127 clamavi
2862 1074 2931 1126 ad
2960 1082 3029 1139 te,
3063 1073 3282 1128 Domine
3312 1073 3380 1128 “.

1800 1163 2163 1231 Quamobrem
2215 1174 2269 1219 et
2301 1166 2497 1220 mulier
2535 1166 2591 1220 in
2622 1165 2778 1222 libris
2812 1164 3055 1234 Regum,
3099 1182 3224 1221 cum
3269 1165 3384 1222 cla-

1799 1257 2002 1311 mando
2030 1269 2371 1326 precaretur,
2406 1257 2667 1313 sacerdos
2709 1257 2886 1326 ipsam
2930 1258 3195 1325 coercuit,
3225 1268 3383 1315 ratus

1799 1348 2009 1404 ebriam
2049 1362 2171 1403 esse
2204 1348 2282 1415 ‘7;
2316 1356 2371 1402 ct
2409 1356 2591 1403 tamen
2625 1347 2719 1402 illa
2751 1364 2876 1403 cum
2908 1358 3086 1405 mente
3130 1365 3385 1419 precare-

1801 1449 1911 1507 tur,
1946 1450 2193 1511 optatum
2234 1450 2533 1497 consecuta
2559 1480 2574 1507 ,
2625 1442 2935 1497 Samuelem
2983 1443 3209 1512 peperit.
3239 1440 3382 1507 Quid

1805 1551 1936 1605 ergo
1960 1546 2014 1590 tu
2045 1535 2252 1590 clamas
2275 1535 2330 1589 in
2357 1535 2640 1599 oratione,
2670 1549 2734 1589 ac
2760 1534 2806 1589 si
2842 1532 2987 1589 Deus
3022 1548 3131 1588 non
3157 1532 3384 1587 audiat?

1799 1626 1940 1680 Audi
1973 1642 2097 1681 eum
2148 1625 2241 1696 qui
2287 1625 2441 1692 dicit,
2492 1624 2597 1690 Qui
2638 1624 2896 1694 plantavit
2937 1640 3117 1678 aurem
3144 1639 3249 1678 non
3283 1640 3382 1677 au-

1802 1719 1909 1773 diet
1936 1719 2028 1771 ‘0?
2061 1716 2194 1772 Nam
2226 1718 2270 1773 si
2301 1727 2379 1783 tu,
2402 1716 2531 1786 quia
2558 1732 2719 1770 aures
2743 1716 2933 1780 babes,
2970 1715 3149 1781 audis,
3174 1724 3382 1786 quanto

1801 1811 1975 1880 magis
2015 1810 2233 1865 aurium
2265 1807 2484 1880 opifex?
2524 1807 2601 1863 Ne
2632 1808 2935 1863 clamemus
2964 1808 3149 1878 itaque
3178 1807 3246 1863 ad
3274 1806 3385 1862 Do-

1802 1898 2012 1953 minum
2054 1898 2329 1967 precando
2355 1938 2370 1966 ,
2407 1897 2566 1968 quasi
2615 1894 2761 1952 Dcus
2810 1913 2919 1952 non
2964 1899 3197 1953 audiat:
3235 1900 3383 1956 Deus

1801 1989 1945 2043 enim
1989 1990 2073 2044 vel
2115 1990 2336 2045 silentes
2376 1989 2548 2044 audit.
2578 1988 2769 2043 Viden’
2816 1989 3149 2045 desiderium
3203 1991 3377 2047 beata:

1803 2082 1950 2137 illius
1993 2082 2223 2149 animat,
2258 2096 2369 2152 quo
2400 2090 2563 2152 pacto
2603 2082 2861 2136 hortante
2906 2081 2997 2137 illa
3032 2082 3118 2139 bis
3145 2083 3326 2139 verbis
3361 2100 3379 2137 :

1802 2170 2101 2226 Descendat
2138 2172 2366 2227 dilectus
2399 2189 2543 2226 meus
2582 2174 2637 2226 in
2672 2172 2884 2228 hortum
2918 2191 3093 2239 suum,
3121 2185 3170 2229 et
3205 2192 3381 2229 come-

1800 2263 1894 2317 dat
1929 2266 2160 2333 ]ructum
2189 2282 2466 2334 pomorum
2506 2282 2723 2319 suorum
2747 2267 2809 2331 “,
2854 2268 3125 2338 extemplo
3148 2277 3202 2323 et
3230 2269 3382 2324 nulla

1803 2357 2122 2427 interposita
2153 2371 2308 2412 mora
2332 2356 2573 2412 Verbum
2606 2358 2792 2424 dicat,
2844 2360 3052 2415 Intraui
3081 2363 3135 2415 in
3169 2362 3383 2415 hortum

1803 2465 2009 2514 meum,
2060 2466 2211 2503 soror
2258 2466 2374 2504 mea
2420 2467 2613 2520 sponsa
2648 2454 2693 2485 ⁷ο
2720 2454 2743 2506 ?
2772 2452 2915 2507 Nihil
2953 2454 3220 2521 celerius;
3264 2455 3383 2525 ipsa

1803 2542 2004 2611 quippe
2059 2541 2359 2612 loquente,
2416 2544 2599 2599 subito
2654 2546 2956 2615 respondit.
3004 2544 3195 2601 Viden'
3236 2547 3387 2616 quod

1804 2633 2066 2702 scriptum
2097 2644 2223 2689 est:
2260 2634 2525 2699 Quoniam
2574 2637 2746 2691 adhuc
2786 2647 2833 2691 te
2863 2638 3125 2708 loquente,
3162 2639 3341 2697 dicant
3362 2655 3385 2696 :

1806 2722 1942 2777 Ecce
1967 2726 2155 2779 adsum
2186 2726 2228 2757 "‘
2251 2727 2274 2779 ’ἶ
2294 2725 2429 2781 Cum
2459 2728 2694 2798 primum
2719 2729 2863 2784 enim
2900 2729 3015 2800 ipsa
3053 2732 3264 2786 hortata
3301 2740 3389 2787 est

1807 2827 1967 2887 atque
2006 2817 2165 2884 dixit,
2198 2817 2467 2873 Descende
2489 2860 2505 2886 ,
2530 2836 2563 2875 ο
2589 2818 2826 2877 Verbum
2847 2863 2863 2889 ,
2888 2823 2943 2875 in
2976 2824 3185 2876 hortum
3215 2832 3385 2888 tuum,

1806 2918 1854 2961 et
1902 2910 2111 2962 comede
2152 2910 2382 2977 fructum
2448 2928 2723 2979 pontorum
2764 2923 3018 2981 tuorum,
3068 2916 3249 2971 subito
3299 2929 3388 2969 re-

1807 2999 2033 3069 spondit
2078 3000 2156 3054 illi
2189 3002 2403 3056 dicens:
2438 3000 2643 3056 Intraui
2676 3004 2731 3057 in
2760 3004 2970 3059 hortum
3000 3021 3191 3075 meum,
3236 3022 3388 3061 soror

1808 3105 1924 3143 mea
1956 3106 2170 3159 sponsa.

1880 3287 1933 3341 6.
1966 3288 2107 3353 Quid
2142 3298 2225 3343 est
2265 3288 2411 3359 quod
2448 3305 2706 3359 sponsam
2754 3300 2809 3347 et
2857 3308 3102 3349 sororem
3137 3296 3388 3350 eamdem

1809 3381 2005 3434 vocat?
2029 3379 2146 3435 Non
2172 3382 2317 3435 enim
2342 3383 2523 3450 quivis
2547 3398 2784 3452 sponsus
2817 3400 3074 3454 sponsam
3105 3402 3261 3442 suam
3293 3404 3389 3444 so-

1809 3487 1986 3526 rorem
2026 3474 2442 3542 nuncupaverit.
2482 3473 2581 3529 llic
2613 3491 2741 3530 vero
2774 3489 2828 3531 et
2858 3494 3105 3534 sororem
3133 3490 3185 3534 ct
3224 3496 3394 3551 spon-

1809 3578 1925 3617 sam
1979 3564 2151 3632 ipsam
2214 3565 2529 3634 compellat,
2575 3566 2785 3621 scilicet
2827 3578 2885 3621 ut
2926 3570 3238 3626 ostenderet
3279 3588 3391 3627 non

1808 3672 1930 3711 esse
1950 3657 2247 3710 thalamum
2268 3658 2452 3712 carnis
2468 3659 2876 3728 voluptuosum.
2901 3660 3036 3716 Nam
3068 3678 3191 3719 cum
3220 3679 3391 3735 spon-

1810 3763 1928 3802 sam
1960 3756 2150 3812 vocat,
2186 3747 2235 3801 id
2262 3756 2375 3817 agit
2396 3748 2557 3801 Verbi
2582 3764 2784 3815 causa,
2812 3752 2958 3820 quod
3000 3752 3240 3809 animam
3296 3758 3393 3811 de-

1809 3840 2115 3909 sponsavit.
2144 3838 2382 3907 ldipsum
2424 3840 2571 3893 enim
2611 3839 2815 3897 Paulus
2852 3843 2970 3898 ait:
3005 3844 3269 3915 Despondi
3303 3865 3391 3904 vos

1810 3931 1902 3983 uni
1934 3932 2066 3993 viro,
2105 3930 2360 3999 virginem
2394 3940 2597 3985 castam
2630 3932 2872 3987 exhibere
2910 3933 3121 3989 Christo
3150 3937 3214 3991 τ’.
3250 3936 3389 3992 Cum

1809 4030 1988 4075 autem
2033 4022 2207 4091 ipsam
2265 4036 2511 4075 sororem
2566 4035 2864 4094 nuncupat,
2921 4025 2969 4079 id
3023 4027 3120 4092 ait,
3171 4040 3392 4099 propter

1810 4126 2031 4166 carnem
2062 4128 2227 4181 quam
2262 4113 2515 4182 gestavit.
2542 4112 2597 4169 ld
2626 4116 2828 4186 quippe
2861 4118 3250 4187 prophetarum
3284 4120 3388 4173 ali-

1776 4223 1783 4231 -
1810 4206 1933 4272 quis
1960 4204 2186 4267 indicat,
2218 4204 2335 4258 haec
2362 4204 2430 4259 de
2462 4203 2583 4274 ipso
2617 4207 2885 4276 loquens,
2922 4206 3169 4263 Narrabo
3201 4227 3389 4264 nomen

1812 4304 1958 4348 tuum
2027 4295 2284 4364 fratribus
2347 4299 2548 4363 meis",
2581 4298 2877 4354 ldeonemo
2934 4301 3229 4356 arbitretur
3268 4318 3389 4357 ser-

1813 4403 2004 4443 mones
2038 4388 2350 4458 bujusmodi
2395 4388 2639 4443 carnales
2667 4404 2809 4445 esse.
2853 4391 2988 4445 Cum
3034 4393 3177 4447 enim
3210 4394 3389 4463 ipsum

134 4480 287 4534 αὐτὸν
338 4485 371 4554 ή
425 4484 669 4556 μακαρία
714 4485 851 4554 αῦτη
898 4485 1043 4557 ψυχὴ
1088 4487 1351 4556 λέγουσα’
1387 4487 1702 4555 Καταϐήτω

1810 4480 1965 4533 beata
1999 4480 2091 4533 illa
2129 4480 2312 4535 anima
2378 4482 2628 4535 hortatur
2660 4481 2847 4536 dicens
2885 4503 2897 4538 :
2934 4483 3225 4539 Descendat
3256 4485 3392 4540 dile-

133 4569 441 4641 ἀδελφιδός
468 4592 588 4643 μου
621 4578 707 4641 εἰς
729 4574 927 4643 κῆπον
951 4576 1158 4641 αὐτοῦ,
1184 4578 1281 4630 καὶ
1305 4576 1537 4647 φαγέτω
1565 4596 1707 4648 καρ-

133 4664 245 4716 πὸν
274 4666 619 4735 ἀκροδρύων
644 4667 830 4720 αὑτοῦ
852 4708 866 4731 ,
901 4670 1029 4721 ὅταν
1095 4669 1193 4737 μὲν
1234 4669 1343 4741 γὰρ
1366 4670 1574 4743 ἀκούσῃ
1598 4671 1705 4740 ψυ-

135 4754 248 4826 χὴν,
285 4759 359 4829 μὴ
396 4758 521 4828 μίαν
552 4757 730 4829 ψυχὴν
773 4759 1143 4830 ὑπολάμϐανε,
1180 4760 1294 4814 ἀλλ’
1326 4762 1445 4815 ὅλον
1478 4763 1568 4816 τὸν
1612 4764 1705 4816 κό-

138 4862 285 4917 σμον.
317 4852 414 4902 Διὰ
444 4849 601 4903 τοῦτο
634 4850 809 4903 τοίνυν
844 4851 1270 4923 παρακαλοῦμεν
1318 4854 1482 4906 αὑτὸν
1526 4853 1707 4921 λέγον-

134 4955 248 5003 τες·
301 4941 620 5011 Κατάϐηθι,
661 4938 706 4997 ὦ
743 4943 903 5013 Λόγε,
952 4947 1039 5011 εἱς
1072 4946 1179 4999 τὸν
1207 4945 1406 5013 κῆπόν
1436 4962 1573 5010 σου,
1608 4948 1705 4999 καὶ

134 5031 277 5103 φάγε
306 5036 411 5088 τόν
434 5035 667 5103 καρπόν
691 5034 808 5089 τῶν
832 5036 1177 5105 ἀκροδρύων
1204 5054 1321 5091 σου
1343 5055 1356 5068 °
1391 5038 1483 5091 καὶ
1508 5038 1707 5102 εὐθέως

133 5125 292 5192 αὐτὸς
306 5129 611 5199 ἐπήκουσεν
628 5145 639 5158 ’
658 5124 962 5198 Εἰσῆλθον
982 5132 1069 5195 εὶς
1093 5129 1292 5198 κῆπόν
1306 5148 1448 5199 μου,
1473 5130 1706 5200 ἀδελφῆ

134 5235 241 5278 μου
286 5222 524 5291 νύμφη·
557 5221 857 5290 ἐτρύγησα
900 5221 1176 5290 σμύρναν
1216 5238 1336 5290 μου
1374 5222 1525 5291 μετὰ
1559 5221 1709 5290 ἀρω-

132 5309 326 5376 μάτων
370 5329 509 5381 μου.
562 5313 793 5381 Πότερον
854 5309 1233 5382 παρεκάλεσάς
1289 5328 1351 5382 με
1408 5311 1707 5381 καταϐῆναι

137 5401 223 5453 καὶ
274 5405 466 5471 φαγεῖν
515 5403 639 5465 τοὺς
678 5403 957 5475 καρπούς;
1014 5402 1145 5457 Ἰδοὺ
1188 5403 1569 5471 καταδεόηκαο
1618 5403 1705 5466 δός

139 5506 221 5558 μοι
250 5494 374 5555 τοὺς
397 5493 659 5563 καρπούς.
678 5494 736 5546 'U
767 5495 863 5566 μὲν
890 5501 980 5545 03v
1008 5495 1113 5546 τῶν
1156 5484 1417 5544 Ἰουδαίων
1442 5488 1683 5561 λόγοςεύ

233 5668 279 5701 ⁸⁸
316 5668 419 5725 lsa.
468 5688 589 5737 th,
645 5672 698 5726 9.
775 5670 822 5700 “
871 5668 1058 5723 Matth.
1096 5685 1191 5734 vr,
1251 5662 1299 5718 8.
1380 5671 1424 5702 ⁸³
1478 5666 1657 5726 iCor.

1801 5689 1853 5737 ν,
1918 5675 2002 5729 15.

141 5737 181 5767 ⁸⁸
208 5736 349 5795 ῐέαι.
388 5756 516 5796 xcm
540 5783 553 5807 ,
585 5742 638 5797 9.
738 5741 781 5772 "
811 5739 966 5794 Cant.
1005 5756 1056 5803 ν,
1092 5739 1141 5793 ί.
1211 5740 1259 5773 ⁷⁸
1286 5737 1423 5799 and.

1809 4580 1923 4623 ctus
1949 4585 2090 4623 meus
2124 4571 2178 4623 in
2224 4573 2434 4625 hortum
2465 4588 2635 4630 suum,
2678 4580 2729 4625 ct
2773 4574 3011 4627 comedat
3044 4575 3271 4645 fructum
3295 4593 3391 4645 po-

1808 4679 2013 4716 morunt
2040 4679 2260 4717 suorum
2289 4702 2304 4725 ,
2347 4658 2441 4715 ubi
2497 4663 2735 4718 animam
2765 4665 2944 4730 audis,
2963 4683 3031 4723 ne
3068 4684 3229 4723 unam
3261 4686 3389 4725 sus-

1805 4755 1985 4822 picere
2022 4754 2260 4807 animam
2292 4794 2306 4817 ,
2338 4754 2431 4807 sed
2465 4764 2659 4817 totum.
2681 4758 2973 4812 mundum.
3018 4756 3388 4827 Quamobrem

1806 4845 2101 4899 invitemus
2142 4846 2316 4915 ipsum
2352 4845 2435 4898 bis
2466 4846 2667 4901 verbis.
2717 4848 3015 4915 Descende,
3056 4867 3090 4906 ο
3132 4851 3390 4919 Verbum,

1804 4939 1859 4989 in
1892 4939 2105 4991 hortum
2134 4948 2281 4990 tuum
2302 4980 2314 5003 ,
2357 4948 2407 4989 ct
2443 4943 2652 4993 comede
2684 4939 2918 5009 fructum
2972 4960 3245 5012 pomorum
3273 4954 3391 4999 tuo-

1808 5045 1962 5093 rum;
2006 5040 2059 5082 et
2098 5029 2275 5098 ipsum
2315 5029 2498 5083 subito
2533 5034 2927 5102 respondebit,
2958 5034 3233 5107 Ingressus
3272 5055 3390 5092 sum

1808 5124 1860 5174 in
1885 5122 2093 5176 hortum
2122 5137 2313 5186 meum,
2341 5139 2491 5176 soror
2520 5140 2633 5178 mea
2662 5141 2879 5194 sponsa,
2904 5132 3094 5183 messui
3122 5130 3390 5200 myrrham

1815 5230 1983 5266 meam
2023 5229 2142 5266 cum
2212 5214 2539 5268 aromatibus
2586 5216 2736 5271 meis.
2778 5215 2937 5273 Num
2976 5222 3262 5283 concitasti
3308 5239 3393 5277 me

1814 5314 1875 5358 ut
1905 5305 2290 5360 descenderem
2344 5316 2398 5360 et
2449 5308 2793 5363 comederem
2824 5308 3080 5367 fructus?
3118 5311 3259 5368 Ecce
3298 5314 3392 5365 dc-

1814 5404 2000 5458 scendi
2022 5445 2037 5469 ,
2071 5403 2138 5458 da
2170 5403 2306 5458 mihi
2338 5402 2573 5459 fructus.
2607 5403 2919 5459 Judaaorum
2947 5404 3169 5475 quidem
3213 5418 3395 5460 sermo

1802 5508 1911 5562 pro
1940 5494 2062 5549 uvis
2093 5496 2281 5565 spinas
2315 5496 2499 5551 statim
2521 5494 2751 5567 profert,
2778 5505 2832 5552 et
2851 5513 2952 5569 pro
2991 5497 3111 5554 ficis
3136 5498 3389 5555 tribulos.

2131 5676 2175 5707 “
2227 5675 2372 5733 Psal.

2456 5694 2650 5754 cuti;
2699 5680 2753 5754 i_.
2864 5682 2907 5712 "
2941 5679 3150 5754 I__Reg.
3182 5697 3235 5750 ι,
3298 5676 3390 5743 κ.

1528 5742 1572 5773 τί
1603 5740 1705 5798 lsa.
1751 5760 1862 5813 ιιι,
1893 5745 1944 5798 9.
2022 5746 2126 5800 "ll
2148 5746 2274 5803 Cor.
2306 5764 2387 5813 Xl,
2415 5750 2468 5801 ἓ.
2546 5750 2593 5782 τ³
2616 5748 2760 5803 Ρεεὶι-
2794 5766 2885 5807 ιιι
2940 5749 3030 5805 25-
