3860 6220
433 324 466 379 ’ἱ
477 327 580 382 559

1307 328 1345 383 S
1384 323 1755 380 ATHANASII
1794 322 1945 381 OPP.
1993 322 2173 377 PARS
2209 321 2293 377 lll.
2346 352 2404 361 -—
2445 321 2857 379 EXEGETICA.

3570 324 3709 383 {360

425 444 801 511 'Quandonam
846 448 1027 497 autem
1066 441 1170 513 ipsi
1199 442 1512 513 hujusmodi
1557 442 1768 498 fructus
1797 442 2008 497 obtule-

2112 440 2247 503 θέως
2281 441 2434 511 φέρει
2466 440 2586 493 ἀντὶ
2617 440 2901 509 σταφυλῶν
2931 439 3196 505 ἀκάνθας,
3231 441 3326 495 καὶ
3362 441 3487 495 ἀντὶ
3525 442 3707 497 συκῶν

441 544 589 599 runt,
623 536 726 590 nisi
756 536 977 605 quando
1008 534 1470 606 cruciﬁgebatur?
1501 534 1666 590 Petiit
1712 536 1857 589 enim
1913 550 2011 605 po-

444 638 564 685 tum
598 642 665 683 ex
690 628 963 683 fructibus
992 628 1187 694 vineae,
1217 636 1273 683 et
1292 628 1403 683 vini
1427 628 1547 683 loco
1573 628 1892 683 obtulerunt
1936 628 2013 682 illi

440 727 678 775 acetum.
699 717 891 774 Viden’
908 717 1147 773 fructum
1177 733 1390 783 eorum,
1411 733 1521 789 quo
1543 728 1702 789 pacto
1723 719 1777 773 in
1799 729 2013 773 acetum

440 828 631 869 versus
661 812 771 868 sit?
802 811 957 867 Dicat
989 811 1218 883 proinde
1249 810 1522 880 Salvator,
1566 811 1816 867 Evocasti
1848 828 1935 868 me
1958 822 2017 867 ut

434 906 826 962 descenderem
877 914 933 961 et
978 905 1323 961 comederem
1374 920 1557 975 poma,
1592 921 1718 961 ecce
1742 907 1863 961 veni
1898 906 2017 962 siti-

438 998 676 1062 bundus,
704 1010 758 1054 et
790 1008 1004 1053 acetum
1036 997 1173 1052 mihi
1203 998 1452 1054 obtulisti
1485 1018 1497 1052 :
1532 998 1653 1053 veni
1686 999 1847 1053 etiam
1889 1013 2017 1053 esu-

438 1094 585 1147 riens
620 1092 686 1147 ad
721 1091 882 1147 ﬁcum
908 1133 923 1158 ,
965 1105 1019 1147 et
1058 1090 1187 1146 folia
1231 1092 1407 1147 solum
1447 1092 1652 1146 inveni.
1684 1090 1900 1147 Utinam
1932 1093 2014 1147 vel

437 1184 569 1239 folia
599 1196 808 1239 tantum
836 1184 1163 1240 invenissem
1186 1224 1202 1247 ,
1236 1185 1365 1238 dum
1403 1199 1471 1239 ne
1511 1184 1726 1238 aridum
1755 1184 1963 1255 lignum
1997 1200 2013 1240 :

436 1276 672 1345 ideoque
703 1276 807 1345 ipsi
839 1275 1117 1330 maledixi.
1164 1274 1430 1331 Descendi
1464 1274 1611 1329 enim
1658 1284 1719 1329 ut
1760 1274 2015 1331 comede-

439 1382 553 1421 rem
589 1366 801 1422 fructus
830 1382 1119 1436 pomorum
1143 1384 1157 1433 ;
1191 1377 1244 1421 et
1270 1381 1393 1421 cum
1423 1366 1829 1422 descendissem
1851 1407 1866 1431 ,
1890 1380 2017 1421 ecce

437 1456 771 1526 deprehendi
799 1458 1122 1527 sanguinem
1146 1472 1313 1526 super
1338 1457 1610 1527 sanguine
1638 1458 2013 1521 commistum,

438 1546 799 1611 fornicarios,
860 1546 1138 1601 adulteros
1201 1554 1255 1600 et
1295 1547 1616 1615 sanguinem
1671 1546 2012 1601 innocentem

440 1639 695 1696 effusum.
760 1637 942 1693 Inveni
1000 1652 1097 1692 vos
1156 1639 1469 1707 sculpentes
1538 1639 1743 1708 lapides
1788 1648 1843 1694 et
1900 1654 2014 1695 rem

439 1733 708 1803 sculptam
736 1731 907 1787 Deum
936 1741 1191 1786 vocantes
1213 1773 1228 1797 ,
1272 1747 1337 1786 ac
1370 1732 1588 1787 demum
1622 1749 1719 1803 pro
1742 1732 2013 1789 fructibus

2118 532 2417 604 τριϐόλους.
2441 534 2580 587 Πότε
2631 533 2688 586 δὲ
2736 533 3120 604 προσήνεγκαν
3152 532 3304 605 αὐτῷ
3330 532 3559 597 τούτους
3582 536 3711 599 τοὺς

2116 625 2381 696 καρποὺς,
2412 627 2460 678 εί
2494 624 2569 697 μὴ
2597 625 2685 678 ὅτε
2714 623 3043 694 ἐσταυροῦτο
3066 640 3079 690 ;
3112 626 3319 695 ᾜτησε
3342 624 3450 697 γὰρ
3475 629 3627 680 πιεῖν
3649 627 3713 681 ἐκ

2115 715 2225 771 τῶν
2276 718 2502 787 καρπῶν
2555 717 2654 787 τῆς
2698 716 2984 787 ἀμπέλου,
3037 717 3129 772 καὶ
3175 718 3295 771 ἀντὶ
3339 720 3486 772 οἴνου
3537 737 3708 791 προσ-

2118 812 2358 883 ήνεγκαν
2386 810 2533 880 αύτῷ
2562 810 2701 877 ὅξος.
2720 810 2882 881 Ὁρᾷς
2905 812 2996 864 τὸν
3024 812 3236 882 καρπὸν
3257 811 3436 864 αὐτῶν
3463 814 3550 866 ὅτι
3576 811 3713 882 ῶξη-

2118 918 2212 967 χες
2243 900 2461 969 Λεγέτω
2498 899 2677 953 τοίνυν
2701 901 2729 952 ό
2755 901 2946 971 Σωτήρ
2965 916 2978 929 ·
3010 901 3399 971 Παρεκάλεσάς
3434 919 3504 973 με
3542 920 3714 957 κατα-

2119 995 2299 1065 ϐῆναι,
2323 994 2417 1047 καὶ
2444 996 2638 1061 φαγεῖν
2659 992 2767 1046 ἀπὸ
2790 991 2900 1044 τῶν
2928 993 3266 1065 ἀκροδρύων,
3293 994 3387 1046 καὶ
3410 994 3523 1048 ἰδοὺ
3543 989 3715 1064 ἦλθον

2117 1088 2305 1157 διψῶν,
2334 1088 2429 1141 καὶ
2460 1086 2580 1152 ὅξος
2625 1102 2716 1157 μοι
2756 1086 3170 1157 προσήνεγκαςο
3219 1087 3312 1139 καὶ
3351 1084 3517 1157 ἦλθον
3546 1086 3714 1140 πάλιν

2119 1181 2319 1235 πεινῶν
2349 1180 2443 1233 ἐπὶ
2472 1180 2570 1250 τὴν
2605 1179 2794 1249 συκῆν,
2827 1179 2924 1231 καὶ
2971 1179 3147 1248 φύλλα
3178 1180 3338 1251 μόνον
3366 1175 3547 1251 εὗρον.
3582 1181 3713 1235 Εἴθε

2116 1272 2172 1326 δέ
2205 1272 2306 1327 κᾶν
2336 1271 2510 1341 φύλλα
2540 1271 2699 1342 μόνον
2728 1270 3026 1343 εὑρίσκειν,
3062 1273 3154 1325 καὶ
3200 1274 3275 1342 μὴ
3312 1272 3372 1325 τὸ
3414 1272 3577 1339 ξύλον
3613 1272 3713 1343 ξη-

2119 1366 2211 1438 ρόν
2232 1383 2244 1395 ·
2276 1365 2364 1419 διὰ
2397 1364 2555 1418 τοῦτο
2588 1362 2697 1435 γὰρ
2731 1366 2824 1418 καὶ⁸
2852 1364 3253 1437 κατηρασάμην
3293 1366 3482 1435 αὑτήν.
3518 1366 3713 1418 Κατα-

2117 1457 2325 1527 ϐέϐηκα
2355 1456 2463 1528 γὰρ
2506 1460 2699 1526 φαγεῖν
2744 1458 2871 1519 τοὺς
2916 1458 3163 1527 καρποὺς
3204 1456 3313 1509 τῶν
3361 1458 3712 1529 ἀκροδρύων,

2116 1548 2212 1601 καὶ
2238 1548 2343 1601 ἰδοὺ
2375 1547 2619 1611 καταϐὰς
2641 1541 2798 1619 εὗρον
2821 1549 3030 1618 αἵματα
3059 1549 3144 1617 ἐφ’
3178 1548 3404 1617 αἶμασιν
3440 1551 3715 1619 μισγόμε-

2116 1657 2203 1703 να,
2238 1639 2599 1711 πορνεύοντας
2632 1640 2727 1693 καὶ
2762 1638 3134 1710 μοιχεύοντας,
3183 1640 3277 1693 καὶ
3308 1639 3518 1710 αἵματα
3554 1640 3717 1693 ἀθῶα

2116 1732 2475 1803 ἐκχυνόμενα.
2494 1727 2665 1803 Εὗρον
2694 1732 2839 1802 ὑμᾶς
2869 1730 3176 1800 γλύφοντας
3205 1730 3387 1794 λίθους
3408 1773 3421 1797 ,
3451 1733 3550 1784 καὶ
3575 1732 3717 1785 Θεὸν

439 1826 718 1895 myrrham
745 1824 952 1893 reperi,
994 1831 1157 1893 atque
1188 1824 1267 1877 tui
1293 1839 1458 1878 causa
1490 1824 1735 1880 abducor
1771 1826 1839 1881 ad
1866 1840 2014 1881 mor-

2115 1824 2507 1895 ὀνομάζοντας’
2556 1823 2652 1878 καὶ
2689 1823 2875 1879 λοιπὸν
2905 1826 3030 1878 ἀντὶ
3065 1824 3386 1896 ἀκροδρύων
3414 1825 3670 1897 σμύρναν
3695 1842 3710 1854 ·

438 1925 568 1972 tem.
596 1916 848 1970 Descendi
892 1924 949 1969 ut
998 1916 1316 1970 comederem
1369 1916 1573 1985 fructus
1614 1933 1929 1986 pomorum:
1959 1927 2013 1973 et

437 2022 564 2063 ecce
594 2015 813 2077 propter
855 2016 907 2061 te
949 2008 1070 2063 loco
1097 2008 1294 2063 messis
1336 2018 1567 2063 mortem
1595 2009 1833 2078 accipio;
1864 2026 2013 2080 myr-

438 2098 594 2152 rham
632 2106 780 2152 meto
815 2113 939 2153 cum
971 2098 1333 2153 aromatibus.
1377 2100 1446 2152 At
1481 2099 1689 2153 utinam
1722 2108 2012 2169 postquam

436 2190 719 2261 myrrham
750 2204 852 2260 pro
875 2205 1054 2246 messe
1079 2190 1279 2261 recepi,
1308 2191 1391 2245 vel
1429 2192 1501 2245 ita
1528 2193 1751 2246 tandem
1782 2194 2011 2248 salutem

436 2283 871 2348 nanciscamini,
920 2298 985 2338 ac
1030 2284 1301 2339 scelerum
1337 2283 1500 2340 ﬁnem
1529 2283 1769 2351 faciatis,
1806 2301 1906 2341 nec
1926 2286 2012 2341 dio

436 2382 592 2429 catur
645 2374 935 2428 adversum
984 2389 1083 2429 vos
1135 2374 1189 2427 id
1237 2374 1384 2443 quod
1446 2375 1499 2428 in
1554 2375 1814 2431 vicesimo
1869 2391 2013 2431 nono

436 2466 650 2537 psalmo
698 2466 962 2533 habetur,
1018 2465 1149 2530 Qua:
1203 2465 1413 2521 utilitas
1466 2466 1523 2520 in
1567 2468 1823 2537 sanguine
1876 2482 2010 2531 meo,

435 2560 561 2613 dum
594 2558 846 2612 descendo
897 2559 953 2612 in
1009 2559 1394 2627 corruptionem
1426 2558 1518 2611 7‘?
1580 2556 1841 2613 Descendi
1865 2560 2011 2613 enim

434 2660 654 2722 propter
668 2660 760 2717 .te,
782 2667 847 2706 ac
880 2659 1112 2705 mortem
1148 2651 1538 2721 myrrhamque
1575 2665 1673 2719 pro
1712 2665 1891 2705 messe
1922 2667 2015 2706 ac-

434 2744 586 2813 cepi;
622 2758 687 2797 ac
726 2758 833 2797 non
869 2743 1048 2798 solum
1074 2742 1376 2813 myrrham,
1416 2742 1511 2797 sed
1534 2742 1699 2798 etiam
1733 2756 1856 2796 cum
1888 2757 2013 2796 aro-

433 2835 695 2890 matibus.
772 2833 892 2901 Quo
971 2842 1135 2904 pacto
1199 2843 1380 2889 autem
1441 2849 1565 2889 cum
1635 2834 2013 2890 aromatibus?

433 2926 666 2994 Quando
694 2928 840 2982 enim
886 2926 1165 2998 myrrham
1219 2925 1446 2991 messui,
1495 2925 1706 2981 scilicet
1753 2934 2009 2990 mortem,

432 3034 632 3089 corpus
665 3021 719 3074 in
752 3028 1107 3074 monumento
1133 3018 1443 3088 depositum
1472 3016 1576 3072 fuit
1604 3036 1619 3074 :
1652 3033 1779 3072 cum
1822 3032 2011 3073 resur-

2114 1916 2209 1970 xal.
2253 1918 2333 1979 εἰς
2378 1916 2609 1970 θάνατον
2647 1916 2851 1986 ἄγομαι
2892 1915 2981 1969 διά
3033 1916 3113 1969 σέ.
3178 1918 3568 1984 Καταϐέϐηκα
3602 1916 3716 1971 τοῦ

2112 2008 2326 2078 φαγεῖν
2356 2008 2498 2073 τοὺς
2542 2008 2813 2076 καρποὺς
2855 2006 2975 2061 τῶν
3017 2008 3401 2077 ἀκροδρύωνο
3448 2010 3548 2063 καὶ
3598 2009 3714 2062 ίδοὺ

2114 2100 2343 2155 θάνατον
2372 2100 2558 2172 τρυγῶ
2608 2099 2694 2153 διὰ
2742 2100 2803 2153 σέ
2827 2117 2840 2131 ’
2890 2100 3136 2171 σμύρναν
3175 2101 3360 2171 τρυγῶ
3395 2101 3537 2172 μετά
3567 2103 3717 2172 ἀρω-

2117 2193 2321 2262 μάτων.
2341 2193 2478 2245 Ἀλλ’
2518 2191 2631 2245 εἴθε
2656 2193 3027 2265 τρυγήσαντός
3059 2210 3159 2263 μου
3194 2193 3292 2263 τὴν
3324 2193 3573 2264 σμύρναν
3604 2211 3718 2246 σω·-

2114 2285 2296 2346 θέντες
2321 2279 2420 2355 ἧτε
2454 2283 2547 2336 καὶ
2577 2284 2920 2354 πεπαυμένοι
2953 2284 3062 2337 τῶν
3096 2284 3283 2337 κακῶν
3303 2325 3319 2350 ,
3362 2285 3454 2336 καὶ
3491 2283 3569 2354 μὴ
3622 2285 3718 2336 λε-

2114 2377 2257 2444 γέτω
2308 2376 2429 2431 καθ’
2462 2375 2617 2446 ὑμῶν
2666 2376 2727 2429 τὸ
2776 2378 2835 2429 ἐν
2871 2376 2948 2447 τῷ
2984 2376 3213 2447 εἰκοστῷ
3246 2377 3451 2447 ἐννάτῳ
3502 2376 3717 2448 ψαλμῷ

2114 2467 2435 2537 λεγόμενον·
2478 2468 2574 2532 Τίς
2606 2467 2860 2535 ὠφέλεια
2902 2468 2971 2521 ἐν
3024 2465 3103 2533 τῷ
3144 2468 3343 2537 αἵματι
3364 2485 3485 2537 μου
3522 2468 3598 2521 ἐν
3630 2466 3719 2533 τῷ

2115 2558 2444 2627 καταϐῆναι
2463 2576 2539 2627 με
2558 2562 2646 2625 είς
2676 2559 3034 2628 διαφθοράη
3064 2560 3436 2631 Καταϐέϐηκα
3470 2560 3583 2630 γὰρ
3621 2560 3717 2614 διὰ

2116 2651 2196 2715 σέ,
2223 2654 2316 2705 καὶ
2341 2651 2570 2706 θάνατον
2608 2651 2887 2723 ἐτρύγησα
2912 2654 3007 2705 καὶ
3034 2652 3285 2724 σμύρναν
3303 2669 3316 2682 ·
3360 2652 3478 2705 ἀλλ’
3507 2652 3573 2704 οὐ
3608 2652 3715 2722 μό-

2112 2761 2202 2798 νον
2231 2744 2331 2815 τὴν
2366 2743 2631 2814 σμύρναν,
2662 2744 2797 2797 ἀλλά
2843 2743 2981 2814 μετά
3008 2745 3339 2815 ἀρωμάτων.
3370 2744 3495 2807 Πῶς
3524 2744 3585 2797 δὲ
3614 2745 3716 2797 καὶ

2117 2837 2256 2906 μετά
2284 2836 2626 2907 ἀρωμάτων;
2661 2836 2792 2889 ’Ὅτε
2835 2835 2943 2908 γὰρ
2980 2836 3260 2908 ἐτρύγησα
3289 2836 3387 2908 τὴν
3432 2838 3711 2909 σμύρναν.

2112 2926 2358 2979 τουτέστι
2380 2926 2471 2979 τὸν
2499 2925 2753 2980 θάνατον·
2786 2926 2875 2979 ὅτε
2903 2926 3062 2996 ἐτέθη
3098 2926 3157 2980 ἐν
3196 2925 3275 2996 τῷ
3311 2927 3588 2997 μνημείῳ,
3615 2929 3716 2980 καὶ

2113 3017 2412 3089 ἀνέστησεν
2468 3018 2530 3071 τὸ
2570 3019 2729 3088 σῶμα
2776 3018 3091 3090 ἄφθαρτον,
3143 3020 3266 3075 τότε
3308 3020 3589 3091 ἐφάνησαν
3636 3038 3716 3074 τα

432 3113 574 3168 rexit
604 3111 743 3166 idem
774 3126 976 3181 corpus
1001 3112 1402 3181 incorruptum,
1459 3118 1591 3165 tunc
1642 3119 2014 3179 apparuerunt

2115 3106 2416 3181 ἀρώματα·
2452 3108 2726 3181 ἀρώματα
2749 3109 2805 3163 δέ
2828 3105 2897 3180 ἦν
2922 3111 2955 3180 ἡ
2978 3110 3262 3183 ἀφθαρσὶα
3291 3111 3387 3165 τοῦ
3412 3111 3696 3182 σώματος.

431 3218 717 3264 aromata:
750 3218 996 3263 aromata
1043 3222 1211 3278 porro
1265 3217 1424 3262 erant
1480 3207 1824 3277 incorruptio
1857 3208 2127 3277 corporis.

501 3329 556 3381 7.
590 3328 934 3396 Quapropter
981 3326 1209 3396 pulchre
1264 3326 1343 3380 sic
1371 3325 1612 3396 loquitur
1656 3344 1668 3378 :

429 3438 601 3475 meam
644 3422 836 3474 messui
879 3437 996 3473 cum
1049 3418 1373 3473 aromatibus
1404 3421 1533 3473 meis
1555 3434 1575 3473 .'
1599 3420 1797 3473 comedi
1822 3435 2011 3489 panem

428 3529 601 3566 meum
640 3528 758 3565 cum
793 3511 942 3565 melle
983 3528 1130 3577 meo,
1174 3511 1282 3563 bibi
1318 3511 1494 3563 vinum
1533 3528 1700 3564 meum
1734 3527 1854 3563 cum
1876 3510 2011 3564 lacte

430 3603 631 3656 meo".
686 3602 875 3655 Viden’
907 3600 1146 3657 Verbum
1202 3602 1269 3655 ad
1319 3615 1538 3655 omnem
1592 3610 1804 3655 aetatem
1842 3602 2010 3655 emis-

430 3694 596 3747 sum?
645 3694 801 3759 Quod
843 3692 1044 3748 Judaeis
1071 3692 1291 3763 quidem
1325 3703 1512 3761 utpote
1554 3691 1858 3749 infantibus
1903 3694 2009 3748 mel

430 3794 484 3840 et
508 3786 592 3840 lac
621 3786 675 3839 in
697 3786 1015 3840 alimentum
1045 3786 1315 3855 praebeat;
1345 3786 1449 3840 mel
1485 3795 1537 3840 et
1568 3786 1651 3841 lac
1675 3802 1799 3841 cum
1826 3788 2005 3853 audis,

429 3876 602 3947 legem
634 3877 929 3942 existima;
986 3893 1111 3931 nam
1163 3878 1295 3947 ipsis
1348 3887 1534 3947 utpote
1579 3878 1882 3934 infantibus
1925 3880 2008 3935 lac

428 3972 617 4026 datum
661 3980 777 4036 est;
815 3969 1067 4041 perlectis
1106 3986 1237 4025 vero
1266 3972 1424 4040 panis
1465 3979 1520 4025 et
1560 3972 1747 4025 vinum
1794 3972 2002 4027 datum.

428 4064 616 4121 Solida
648 4064 794 4119 enim
840 4079 965 4119 esca
1006 4073 1090 4119 est
1142 4064 1300 4133 panis
1342 4073 1503 4133 atque
1547 4064 1759 4129 vinum,
1798 4064 2007 4119 scilicet

426 4154 803 4226 Evangelium.
829 4153 1195 4221 Quamobrem
1224 4153 1447 4220 pulchre
1479 4151 1730 4207 Salvator
1755 4155 1833 4208 ait
1858 4173 1870 4209 :
1898 4152 2005 4208 Co-

426 4249 565 4301 medi
598 4263 784 4317 panem
816 4262 988 4301 meum
1018 4262 1135 4299 cum
1164 4245 1314 4299 melle
1346 4262 1479 4312 meo,
1505 4245 1611 4299 bibi
1638 4248 1812 4299 vinum
1834 4263 2006 4300 meum

427 4354 546 4393 cum
594 4339 728 4393 lacte
757 4355 889 4394 meo.
924 4337 1115 4393 Viden’
1162 4352 1272 4408 quo
1319 4347 1480 4407 pacto
1523 4338 1723 4409 ubique
1766 4339 2004 4408 idipsum

426 4428 610 4483 dicat?
663 4430 838 4498 Ipsius
876 4427 1023 4483 enim
1071 4436 1157 4484 est
1204 4438 1316 4482 tam
1363 4425 1577 4481 Nomm
1622 4443 1784 4497 quam
1836 4427 2006 4483 Vetus

422 4519 859 4575 Testamentum.
912 4518 1037 4575 Ideo
1078 4536 1159 4576 vae
1195 4520 1398 4576 Judaeis
1440 4521 1534 4591 qui
1566 4521 1671 4574 mel
1713 4529 1768 4575 et
1797 4521 1881 4575 lac
1913 4536 2006 4576 co-

1730 3324 2005 3395 Myrrham
2033 3330 2075 3387 ο
2178 3325 2231 3378 7.
2268 3324 2365 3377 Διά
2402 3324 2558 3378 τοῦτο
2588 3325 2766 3389 καλῶς
2799 3325 2984 3395 λέγει’
3036 3326 3377 3395 Ἐτρύγησα
3416 3327 3715 3395 σμύρναν

2109 3432 2228 3483 μου
2250 3414 2401 3484 μετὰ
2422 3414 2745 3483 ἀρωμάτων
2770 3433 2889 3485 μου
2913 3433 2928 3447 ο
2953 3417 3181 3487 ἔφατον
3207 3416 3387 3485 ἄρτον
3405 3434 3527 3485 μου
3550 3419 3714 3486 μετὰ

2107 3506 2351 3576 μέλιτός
2365 3523 2486 3573 μου
2501 3523 2514 3535 ·
2537 3507 2710 3561 ἔπιον
2729 3504 2897 3562 οἶνόν
2909 3526 3028 3579 μου
3043 3510 3195 3577 μετὰ
3220 3511 3520 3579 γάλακτός
3555 3529 3706 3579 μου.

2113 3599 2348 3670 Θεωρεῖς
2376 3599 2467 3651 τὸν
2492 3600 2663 3668 Λόγον
2693 3601 2783 3653 τὸν
2811 3600 2948 3672 πρὸς
2975 3603 3156 3655 πᾶσαν
3188 3602 3403 3673 ἡλικίαν
3436 3604 3709 3675 γιγνόμε-

2113 3708 2235 3757 νον;
2278 3692 2371 3745 καὶ
2402 3695 2513 3756 τοῖς
2560 3693 2831 3757 Ἰουδαίοις
2856 3694 3069 3763 νηπίοις
3104 3691 3255 3748 οὖσιν
3283 3696 3461 3759 διδοὺς
3489 3699 3709 3769 τροφὴν

2115 3784 2235 3854 μέλι
2267 3786 2359 3837 καὶ
2380 3784 2522 3855 γάλα
2541 3804 2554 3816 ·
2583 3785 2704 3856 μέλι
2733 3786 2789 3839 δέ
2811 3786 2905 3839 καὶ
2923 3785 3063 3855 γάλα
3089 3788 3184 3840 ἐὰν
3216 3787 3475 3859 ἀκούσῃς,
3503 3790 3597 3842 τὸν
3624 3792 3710 3843 νό-

2114 3895 2213 3949 μον
2262 3878 2481 3949 νόμιξε·
2516 3878 2591 3941 ὡς
2638 3877 2745 3949 γάρ
2792 3879 3005 3949 νηπίοις
3049 3880 3231 3942 αὐτοῖς
3270 3875 3418 3933 οὖσιν
3452 3880 3610 3951 ἐδόθη
3644 3883 3709 3936 τὸ

2110 3968 2285 4036 γάλα-
2325 3971 2437 4031 τοῖς
2479 3968 2536 4021 δέ
2576 3967 2802 4031 τελείοις
2860 3970 2888 4020 ό
2921 3968 3084 4039 ἄρτος
3106 3970 3200 4021 καὶ
3227 3970 3254 4021 ὁ
3283 3964 3424 4032 οἶνος
3456 3970 3668 4023 δίδοται
3688 3988 3702 4000 ·

2112 4061 2306 4133 στερεά
2337 4062 2446 4132 γάρ
2476 4062 2589 4113 ἐστι
2616 4060 2789 4131 τροφὴ
2808 4063 2900 4114 καὶ
2920 4062 2948 4112 ό
2976 4062 3138 4133 ἄρτος
3162 4062 3256 4115 καὶ
3280 4064 3307 4115 ό
3338 4058 3503 4126 οἶνος,
3529 4081 3699 4117 τουτ-

2108 4153 2222 4205 έστι
2264 4153 2325 4207 τὸ
2375 4153 2724 4222 Εὑαγγέλιον.
2778 4153 2876 4206 Διά
2915 4154 3072 4206 τοῦτο
3117 4155 3297 4207 τοίνυν
3330 4154 3514 4219 καλῶς
3549 4156 3701 4225 λέγει

2107 4249 2135 4301 ὁ
2168 4248 2391 4318 Σωτήρ’
2454 4248 2714 4315 "Eccam
2742 4246 2925 4315 ἄρτον
2949 4265 3069 4315 μου
3103 4246 3253 4316 μετὰ
3281 4247 3529 4316 μέλιτός
3550 4268 3697 4317 μου.

2108 4342 2282 4395 ἔπιον
2307 4343 2473 4395 οἶνόν
2498 4360 2617 4411 μου
2652 4342 2801 4411 μετὰ
2828 4340 3122 4411 γάλακτός
3137 4359 3275 4410 μου.
3313 4342 3552 4412 Θεωρεῖς
3577 4344 3697 4407 πῶς

2110 4433 2383 4504 πανταχοῦ
2410 4434 2591 4502 λέγει;
2619 4434 2792 4487 Αὑτοῦ
2828 4435 2935 4504 γάρ
2975 4435 3089 4487 ἐστι
3122 4436 3217 4486 καὶ
3256 4436 3288 4505 ἡ
3328 4434 3502 4505 Καινὴ
3537 4438 3635 4489 καὶ
3663 4439 3694 4506 ἡ

2108 4526 2339 4580 Παλαιά.
2368 4526 2464 4580 Διά
2488 4526 2645 4579 τοῦτο
2665 4527 2786 4580 οὐαὶ
2808 4531 2919 4591 τοῖς
2946 4528 3219 4591 Ἰουδαίοις
3238 4531 3351 4591 τοῖς
3365 4528 3425 4580 τὸ
3452 4528 3577 4599 μέλι
3600 4530 3697 4583 καὶ

427 4612 671 4667 medunt.
714 4609 979 4665 Similiter
1033 4619 1089 4666 et
1143 4609 1428 4666 Manichazi
1467 4626 1663 4679 panem
1708 4620 1763 4664 et
1813 4610 1999 4665 vinum

2112 4619 2249 4687 γάλα
2281 4618 2573 4672 ἐσθίουσιν.
2645 4620 2918 4684 Ὡσαύτως
2950 4620 3007 4673 δέ
3049 4622 3141 4675 καὶ
3173 4622 3223 4674 οἱ
3262 4623 3555 4692 Μανιχαίοι
3599 4622 3692 4675 τὸν

422 4706 627 4773 edunt;
671 4705 939 4761 catholica
992 4712 1175 4759 autem
1221 4678 1585 4759 Ecclesiailla
1622 4704 1729 4757 duo
1764 4719 1875 4758 una
1907 4718 2003 4758 co-

2112 4678 2267 4780 άρτον
2300 4711 2394 4763 καὶ
2430 4710 2521 4762 τὸν
2566 4706 2707 4763 οἶνον
2750 4678 3019 4765 ἐσθίουσιν
3040 4727 3054 4740 ο
3094 4714 3126 4782 ἡ
3158 4711 3213 4764 δέ
3245 4678 3521 4783 Καθολικὴ
3567 4714 3689 4766 Ἐκ-

424 4800 631 4867 medit,
687 4814 883 4869 panem
941 4812 1067 4853 cum
1122 4796 1301 4862 melle,
1355 4796 1601 4866 bibitque
1638 4797 1827 4851 vinum
1874 4811 2001 4852 cum

423 4892 583 4946 lacte.
621 4888 686 4945 Et
721 4906 846 4945 cum
895 4905 1089 4960 panem
1124 4889 1485 4956 comedimus,
1520 4905 1628 4944 una
1664 4906 1789 4945 cum
1822 4889 2001 4945 Verbo

425 4984 530 5038 mel
554 4984 681 5038 item
710 4982 1072 5037 absumimus.
1110 4979 1387 5051 Scriptum
1432 4982 1560 5036 item
1601 4979 1704 5053 fuit
1737 4990 1798 5036 ut
1827 4997 2001 5053 agnus

423 5079 476 5130 in
524 5074 734 5129 Pascha
780 5073 1179 5128 comederetur.
1238 5074 1452 5144 Agnum
1502 5074 1687 5143 itaque
1730 5089 1888 5129 sumo
1949 5083 2004 5129 et

421 5185 545 5224 cum
578 5168 699 5238 ipso
741 5164 914 5221 Verbo
942 5165 1249 5233 manduco;
1281 5180 1381 5220 nec
1418 5181 1619 5235 agnum
1660 5166 1836 5221 solum
1869 5167 1995 5232 edo,

421 5262 514 5317 sed
541 5262 705 5315 etiam
724 5258 987 5322 Verbum,
1011 5259 1154 5329 quod
1180 5258 1322 5313 sicut
1348 5274 1524 5329 agnus
1553 5257 1622 5312 ad
1658 5258 1994 5313 occisionem

420 5354 644 5408 ductum
703 5361 803 5405 est.
867 5348 992 5405 Ideo
1040 5350 1271 5420 pulchre
1329 5350 1462 5404 dicit
1497 5368 1511 5405 :
1549 5348 1764 5405 Comedi
1806 5368 1996 5419 panem

422 5459 592 5496 meum
623 5457 738 5495 cum
774 5439 923 5493 melle
945 5456 1080 5503 meo,
1111 5448 1159 5493 et
1186 5439 1291 5491 bibi
1317 5440 1496 5517 vinum
1521 5456 1692 5494 meum
1718 5457 1836 5494 cum
1858 5440 1995 5496 lacte

422 5550 532 5587 meo
560 5548 578 5585 :
611 5542 663 5587 et
701 5531 882 5586 subito
911 5533 1260 5601 prosequitur
1290 5551 1302 5585 :
1339 5531 1625 5600 Comedite,
1662 5534 1822 5587 ricini
1871 5534 1993 5600 mei,

474 5734 535 5810 ﬁ"
572 5777 695 5832 Psal
750 5790 900 5841 uix,
944 5776 1025 5831 ιθ.
1105 5779 1151 5809 ⁷⁵
1181 5776 1337 5833 Cant.
1384 5797 1432 5848 v,
1462 5783 1509 5833 1.

2107 4799 2305 4870 κλησία
2336 4802 2405 4853 τά
2434 4800 2526 4853 δύο
2550 4800 2683 4872 ὁμοῦ
2717 4801 2907 4866 ἐσθίει,
2941 4801 3031 4854 τὸν
3060 4802 3222 4874 ἄρτον
3252 4802 3388 4873 μετά
3407 4803 3501 4856 τοῦ
3538 4805 3688 4875 μέλι-

2105 4910 2217 4955 τος,
2248 4895 2341 4947 καὶ
2367 4893 2510 4947 πίνει
2537 4894 2628 4947 τὸν
2654 4888 2795 4946 οἶνον
2827 4894 2966 4965 μετὰ
3002 4894 3096 4948 τοῦ
3134 4894 3434 4963 γάλακτος·
3461 4897 3557 4949 καὶ
3599 4898 3686 4948 ἐσ-

2107 4985 2309 5048 θίοντες
2347 4985 2443 5054 μὲν
2472 4985 2563 5038 τὸν
2592 4986 2753 5057 ἄρτον
2802 4986 3262 5057 συναναλίσκομεν
3307 4986 3382 5057 τῷ
3414 4987 3557 5056 λόγῳ
3591 4991 3683 5042 καὶ

2104 5075 2167 5128 τὸ
2184 5076 2325 5146 μέλι.
2346 5077 2455 5129 Καὶ
2467 5076 2526 5129 τὸ
2545 5076 2816 5148 πρόϐατον
2841 5077 3147 5147 γέγραπται
3167 5077 3366 5131 ἐσθίειν
3382 5079 3441 5130 τὸ
3466 5079 3675 5149 Πάσχα.

2104 5168 2380 5237 Λαμϐάνω
2410 5168 2470 5222 τὸ
2500 5168 2767 5241 πρόϐατον
2794 5170 2885 5224 καὶ
2919 5170 3292 5224 συναναλίσκω
3314 5172 3444 5223 αὐτὸ
3478 5171 3555 5242 τῷ
3582 5172 3680 5225 Δό-

2104 5273 2213 5327 γῳο
2251 5259 2344 5310 καὶ
2377 5259 2475 5311 ούκ
2509 5259 2672 5313 ἐσθίω
2698 5260 2759 5313 τὸ
2789 5260 3057 5331 πρόϐατον
3079 5262 3237 5331 μόνον
3258 5300 3272 5323 ,
3305 5260 3438 5314 ἀλλά
3463 5263 3560 5315 καὶ
3590 5262 3677 5315 τὸν

2105 5352 2180 5414 ῶς
2202 5351 2469 5421 πρόϐατον
2494 5352 2585 5405 ἐπὶ
2617 5353 2829 5425 σφαγὴν
2855 5354 3118 5423 ἀγόμενον
3150 5354 3341 5422 Λόγον.
3398 5354 3497 5407 Διά
3525 5354 3675 5406 τοῦτο

2105 5442 2285 5507 καλῶς
2331 5444 2511 5512 λέγει·
2566 5446 2832 5513 Ἕφαγον
2868 5445 3050 5513 ἄρτον
3084 5464 3199 5515 μου
3244 5446 3393 5514 μετὰ
3434 5446 3674 5515 μέλιτός

2100 5555 2251 5606 μου,
2308 5539 2403 5592 καί
2450 5540 2624 5593 ἔπιον
2651 5534 2818 5592 οἶνόν
2860 5556 2978 5607 μου
3012 5541 3159 5607 μετὰ
3206 5539 3500 5609 Titane?
3522 5556 3671 5609 μου·
