3860 6220
172 328 304 382 1561

1328 338 1753 395 FRAGMENTA
1776 341 1842 398 1N
1871 341 2262 399 MATUASUM.

3290 358 3421 412 136!

169 443 265 495 κα)⁸
293 441 498 507 εὐθέως
548 442 728 513 λέγει·
783 448 1003 518 distress
1026 492 1039 513 ,
1076 453 1130 504 οἱ
1167 454 1432 521 πλησίον
1461 474 1617 525 μου,
1651 457 1744 511 καί

1854 466 1904 511 et
1951 457 2141 524 bibite,
2191 458 2561 526 inebriamini,
2619 463 2813 532 fratres
2840 466 2906 516 ⁷⁸.
2949 465 3084 521 Vide
3126 482 3235 537 quo
3267 483 3422 537 pacto

168 531 368 597 πίετε,
396 534 494 587 καὶ
533 537 910 604 μεθύσθητε,
956 538 1225 609 ἀδελφοί.
1272 543 1367 595 Ἰδὲ
1396 545 1485 598 τὸν
1520 545 1747 618 Σωτῆρα

170 623 291 688 πῶς
338 626 553 697 νηπίοις
602 631 970 700 παραγγέλλει
1012 637 1238 703 φαγεῖνο
1273 638 1382 700 τοῖς
1431 637 1487 690 δὲ
1537 637 1747 709 μείζοσι

167 715 350 784 λέγει,
386 718 498 772 Καὶ
538 719 734 774 πίετε·
774 726 887 786 τοῖς
911 723 967 777 δὲ
996 726 1221 791 τελείοις
1253 727 1437 798 ἔλεγεν
1456 770 1472 795 ,
1504 731 1585 784 ὅτι
1634 732 1745 786 Καὶ

161 809 524 877 μεθύσθητε,
548 811 819 883 ἀδελφοί.
853 816 1066 886 Ἀμέλει
1088 835 1151 887 γε
1174 819 1401 884 Παῦλος,
1426 822 1624 886 τέλειος
1649 822 1744 891 ὣν,

169 899 265 951 καὶ
301 899 710 972 μεμεθυσμένος
755 905 853 976 τὴν
884 905 1033 960 θείαν
1066 908 1271 981 ταύτην
1306 912 1498 983 μέθην,
1528 913 1741 982 ἔλεγεν·

167 987 309 1041 ΕΖτε
369 988 479 1060 γὰρ
530 992 861 1064 ἐξέστημεν
922 996 1076 1063 Θεῷ,
1140 1001 1260 1055 εἴτε
1316 1001 1746 1073 σωφρονοῦμεν

166 1075 329 1146 ὑμῖν.
370 1081 462 1152 Μὴ
490 1083 717 1156 νομίσῃς
741 1086 795 1139 δὲ
824 1087 1006 1152 αὐτὸν,
1037 1091 1119 1143 ὅτι
1143 1092 1250 1145 ἀπὸ
1275 1092 1418 1146 οἴνου
1447 1091 1513 1167 ἦν
1541 1095 1746 1162 ἐξιστά-

169 1186 330 1237 μενος
349 1188 361 1199 ·
387 1172 547 1236 αὐτὸς
577 1173 683 1246 γὰρ
706 1178 1066 1247 παρήγγειλε
1098 1180 1194 1250 Μὴ
1222 1184 1551 1250 μεθύσκετε
1579 1186 1741 1251 οἴνῳ,

166 1260 238 1313 ἐν
260 1254 308 1328 ᾧ
332 1262 503 1317 ἐστιν
528 1266 753 1321 ἀσωτία
772 1286 784 1297 '
806 1267 943 1335 ἀλλ’,
978 1271 1190 1342 Ὀλίγῳ
1215 1274 1357 1342 οἴνῳ
1379 1275 1501 1344 χρῶ
1519 1277 1617 1331 διὰ
1636 1277 1741 1331 τὸν

166 1355 481 1424 στόμαχόν
506 1372 646 1417 σου.
668 1360 913 1433 Τιμοθέῳ
937 1364 1135 1437 γράφει
1154 1384 1167 1397 ’
1192 1369 1239 1419 εἰ
1263 1367 1319 1421 δὲ
1340 1368 1517 1432 ἄλλοις
1541 1387 1745 1441 παραγ-

164 1444 368 1512 γέλλει,
388 1449 538 1520 πόσῳ
565 1452 760 1521 μᾶλλον
782 1454 990 1525 ἐαυτῷ;
1023 1456 1255 1521 Ἐκεῖνος
1275 1459 1380 1532 γὰρ
1408 1461 1742 1533 μεμεθυσμέ-

166 1554 257 1601 νος
294 1533 360 1609 ἦν
395 1540 564 1611 καλὴν
592 1544 685 1596 καὶ
712 1542 860 1597 θείαν
887 1547 994 1599 ἀπὸ
1017 1548 1109 1601 τοῦ
1136 1550 1310 1619 Λόγου
1345 1551 1532 1622 μέθην.
1568 1553 1746 1607 Γένοι-

165 1643 230 1678 το
281 1628 339 1680 δὲ
380 1630 472 1682 καὶ
518 1633 664 1702 ἡμᾶς
716 1636 1182 1709 συναριθμηθῆναι
1239 1644 1356 1711 μετ’
1390 1642 1555 1696 αὐτοῦ
1588 1646 1644 1696 ὲν
1676 1648 1742 1716 τῇ

1856 547 2106 603 Salvator
2132 547 2436 606 infantibus
2464 552 2744 621 praecipiat
2772 563 2833 609 ut
2855 557 3161 623 comedam,
3194 561 3421 628 majori-

1848 639 1950 695 bus
1967 638 2132 705 dicat,
2150 638 2220 693 Et
2237 641 2431 706 bibite;
2455 642 2808 712 perlectis,Et
2836 646 3190 715 inebriamini,
3206 649 3417 717 fratres.

1851 729 1993 787 Sane
2024 730 2227 788 Paulus
2277 749 2402 789 cum
2456 734 2730 805 perfectus
2782 747 2950 806 esset,
3002 747 3059 795 et
3105 740 3288 795 divina
3317 741 3421 798 ista

1848 824 2110 880 ebrietate
2135 827 2330 896 plenus
2349 866 2364 891 ,
2410 828 2624 885 dicebat
2653 849 2665 884 :
2693 829 2813 886 Sive
2839 833 2976 886 enim
3006 844 3175 887 mente
3210 835 3422 888 excedi-

1850 932 1966 969 mus
2022 916 2127 971 Deo
2150 959 2165 983 ,
2215 919 2323 972 sive
2368 921 2627 989 sapientes
2662 939 2843 978 sumus
2872 925 3013 978 vobis
3045 925 3113 979 ⁷⁷.
3152 924 3230 981 Ne
3263 934 3422 996 putes

1850 1016 2030 1063 autem
2070 1009 2222 1063 illum
2257 1012 2526 1066 exhausto
2565 1015 2694 1071 vino
2722 1024 2901 1070 mente
2937 1016 3268 1084 excessisse;
3306 1017 3422 1086 ipsc

1850 1114 2088 1170 namque
2123 1102 2380 1172 praecepit
2406 1105 2491 1159 his
2514 1107 2696 1162 verbis
2725 1124 2738 1161 :
2774 1106 2952 1163 Nolite
2983 1109 3237 1163 inebriari
3278 1109 3421 1176 vino,

1850 1194 1904 1246 in
1935 1209 2036 1263 quo
2071 1202 2149 1248 est
2189 1194 2406 1249 luxuria
2435 1196 2480 1228 ⁷⁸
2517 1216 2530 1251 :
2568 1201 2663 1252 sed
2699 1197 2982 1254 Timotheo
3016 1199 3245 1255 scribit:
3288 1198 3421 1253 Vino

1849 1284 2055 1337 modico
2090 1295 2235 1340 utere
2263 1295 2476 1355 propter
2522 1289 2851 1343 stomachum
2903 1299 3052 1344 tuum
3092 1291 3158 1345 ".
3190 1290 3346 1357 Quod
3374 1292 3422 1345 si

1849 1375 1972 1430 aliis
2023 1376 2128 1432 hoc
2178 1379 2497 1448 praecipiat,
2536 1391 2744 1449 quanto
2805 1383 2979 1453 magis
3024 1383 3276 1453 sihiipsi?
3328 1382 3422 1437 Ille

1848 1465 2049 1535 quippe
2098 1465 2401 1523 inebriatus
2450 1478 2568 1523 erat
2618 1470 2761 1525 bona
2815 1471 2904 1524 illa
2944 1480 2998 1525 et
3039 1472 3222 1548 divina
3258 1470 3423 1526 Verbi

1848 1556 2131 1610 ebrietate.
2178 1555 2337 1611 Faxit
2374 1566 2557 1614 autem
2594 1558 2768 1625 Deus,
2816 1572 2874 1616 ut
2914 1576 3014 1617 nos
3048 1578 3170 1617 cum
3202 1563 3294 1616 illo
3320 1578 3421 1617 an-

1846 1661 2199 1703 numeremur
2248 1648 2301 1703 in
2340 1665 2509 1720 regno
2550 1652 2851 1720 ccelorum,
2900 1653 2957 1708 in
3010 1651 3229 1710 Christo
3268 1651 3420 1709 Iesu.

170 1717 416 1792 βασιλείᾳ
442 1721 550 1775 τῶν
581 1724 823 1794 οὐρανῶν
854 1729 911 1781 ἐν
940 1730 1161 1802 Χριστῷ
1203 1731 1396 1803 Ἰησοῦ.
1470 1733 1661 1808 Ἀμήν.
1777 1779 1817 1808 η
1848 1737 2039 1792 Amen.

1775 1779 1818 1834 Β

245 1896 293 1928 ’³⁸
319 1897 481 1956 Cant.
524 1918 575 1967 ν,
622 1903 673 1957 Ι.
752 1904 796 1936 ⁷⁷
838 1904 879 1958 II
915 1904 1041 1962 Cor.
1078 1923 1132 1975 ν,
1160 1908 1247 1965 i5.
1322 1911 1366 1942 ⁷⁸
1402 1909 1600 1983 Ephes.
1629 1932 1683 1983 ν,
1727 1917 1744 1970 1

1892 1916 1984 1971 ⁷⁷1
2024 1916 2168 1971 Tim.
2191 1933 2247 1983 ν,
2273 1916 2362 1973 9.5.

183 2110 3410 2137 Mm

1500 2300 2082 2395 MONITUM

874 2509 943 2568 IN
976 2509 1345 2570 SERMONES
1374 2512 1529 2569 SIVE
1568 2513 2123 2571 COMMENTARIOS
2159 2515 2227 2571 IN
2271 2515 2706 2573 MATTHEUM.

246 2869 332 2924 An
358 2868 679 2923 Athanasius
708 2884 993 2936 sermones,
1024 2870 1130 2924 sive
1152 2874 1554 2925 commentarios
1580 2871 1633 2925 in
1651 2871 1962 2926 Matthaeum
1981 2870 2202 2935 dederit,
2218 2886 2393 2935 necne,
2416 2885 2471 2925 re
2489 2884 2555 2924 ea:
2575 2870 2890 2940 conjecturis
2917 2868 3089 2923 solum
3108 2866 3419 2939 ponderata,

174 2966 305 3021 olim
335 2966 592 3037 ambigere
618 2967 701 3037 fas
723 2974 835 3020 erat
852 2983 871 3031 ,'
896 2966 1152 3036 siquidem
1179 2977 1380 3021 calente
1410 2968 1466 3022 in
1491 2966 1847 3038 Evangelium
1885 2966 2141 3032 Matthaai,
2169 2966 2449 3020 Athanasii
2479 2964 2735 3021 nonnulla
2763 2966 3212 3035 circumferentes,
3239 2976 3422 3019 notato

173 3061 345 3117 solum
376 3062 656 3116 Athanasii
682 3063 909 3126 nomine,
936 3077 1028 3113 nec
1058 3064 1458 3130 commentaria,
1490 3077 1582 3117 nec
1613 3079 1873 3117 sermones
1914 3055 2223 3117 homiliasve
2266 3064 2649 3117 memorabant.
2694 3061 2760 3116 Et
2800 3064 2929 3133 quia
2970 3061 3201 3116 locorum
3235 3062 3420 3132 hujus-

175 3155 342 3213 modi.
370 3154 607 3223 qutedam
639 3162 789 3207 erant
823 3168 886 3206 ea:
914 3151 1154 3221 operibus
1177 3152 1297 3222 jam
1319 3157 1457 3209 cusis
1485 3164 1751 3227 excerpta,
1778 3157 1899 3209 hinc
1936 3157 2064 3210 mihi
2093 3156 2323 3211 suboluit
2352 3166 2563 3219 ctetera,
2597 3172 2713 3224 qua:
2745 3157 2801 3209 in
2832 3155 2989 3210 editis
3016 3170 3119 3209 non
3144 3155 3425 3209 exstabant

174 3263 239 3303 ea:
260 3246 468 3301 amissis
495 3248 668 3300 sancti
694 3245 935 3302 Doctoris
966 3247 1205 3319 operibus
1229 3250 1535 3319 deprompta
1565 3249 1747 3318 fuisse.
1778 3247 1906 3301 lam
1949 3264 2068 3302 vero
2099 3248 2267 3301 omnis
2312 3247 2617 3317 suspicandi
2654 3246 2732 3301 vel
2768 3246 3065 3318 ambigendi
3093 3264 3256 3302 causa
3283 3247 3424 3302 leva-

177 3354 266 3398 tur
294 3360 313 3398 :
351 3345 406 3397 in
451 3342 714 3397 codicibus
744 3346 881 3398 enim
930 3362 1049 3400 cum
1097 3345 1308 3401 Italicis
1345 3355 1456 3400 tum
1484 3345 1726 3410 Gallicis,
1776 3347 1831 3399 in
1876 3348 2006 3416 quas
2050 3343 2143 3397 sub
2192 3343 2301 3398 hcce
2336 3342 2642 3409 incidimus,
2677 3344 3057 3396 commentaria
3083 3350 3132 3395 et
3162 3356 3423 3395 sermones

175 3430 460 3487 Athanasii
508 3434 561 3488 in
610 3434 923 3490 Matthaaum
974 3438 1169 3491 diserte
1218 3446 1509 3492 memorata
1549 3437 2020 3506 deprehendimus;
2050 3438 2156 3490 imo
2187 3436 2346 3490 etiam
2375 3450 2440 3488 ea:
2474 3450 2710 3489 sermone
2739 3442 2884 3487 sexto
2906 3441 2956 3486 et
2982 3448 3117 3485 nono
3143 3430 3210 3484 ad
3239 3448 3426 3484 manu-

175 3529 491 3597 scriptorum
517 3529 675 3597 ﬁdem
698 3545 801 3583 non
830 3547 1001 3600 pauca
1031 3530 1241 3585 damus.
1273 3530 1385 3585 Nec
1415 3533 1629 3598 mirum,
1658 3532 1796 3603 quod
1823 3532 1933 3587 haec
1960 3532 2531 3595 commentaria,modo
2562 3530 2870 3601 ἐρμηνείαι,
2897 3533 3002 3586 sive
3023 3531 3424 3602 interpretatio-

176 3637 293 3686 nes,
327 3624 481 3675 modo
510 3623 657 3692 λόγοι
688 3626 795 3678 sive
825 3639 1129 3690 sermones,
1149 3633 1242 3678 aut
1273 3624 1460 3680 melius
1486 3626 1609 3680 libri
1634 3626 1943 3682 vocitentur.
1976 3624 2079 3679 Hic
2111 3625 2250 3678 enim
2282 3640 2391 3678 mos
2417 3622 2718 3679 Graecorum
2745 3636 2843 3688 est,
2872 3636 2928 3679 ut
2950 3625 3159 3696 prolixa
3189 3642 3346 3695 opera
3375 3632 3425 3677 et

177 3718 549 3789 συντάγμαλια,
578 3720 633 3774 in
657 3719 869 3789 λόγους,
905 3722 1010 3775 sive
1041 3720 1202 3775 libros
1237 3720 1580 3775 distribuant.
1613 3720 1731 3787 Qua
1768 3723 1973 3776 ratione
1995 3720 2090 3775 illa
2118 3724 2173 3774 in
2211 3719 2525 3774 Matthaaum
2561 3720 2930 3789 interpretatio
2954 3721 3009 3773 in
3036 3720 3229 3773 multos
3259 3718 3421 3771 libros

175 3813 281 3865 sive
313 3828 573 3866 sermones
599 3813 849 3867 distincta
876 3814 998 3883 fuit.
1024 3814 1090 3869 Et
1118 3830 1235 3869 vero
1260 3814 1493 3869 videmus
1523 3816 1578 3869 in
1608 3831 1744 3885 sequi

1849 3817 1964 3879 bus,
1998 3815 2062 3866 ὲκ
2092 3814 2191 3884 τῆς
2224 3812 2526 3884 ἑρμηνείας
2553 3811 2647 3865 τοῦ
2679 3809 2819 3864 κατὰ
2863 3810 3139 3864 Ματθαῖον
3175 3808 3421 3876 libans-

174 3903 290 3957 λίου
334 3903 489 3973 λόγον
521 3912 595 3971 ς’,
640 3921 706 3961 ex
740 3907 1189 3977 interpretatione
1236 3909 1514 3982 Evangelii
1547 3911 1850 3966 secundum
1889 3909 2201 3965 Matthaeum
2249 3923 2558 3965 sermonem
2617 3916 2832 3963 sextum
2878 3908 3082 3976 afferri.
3120 3906 3253 3972 Quae
3296 3920 3424 3958 sane

174 4012 587 4058 commonstrant
622 4005 690 4059 iis
723 4007 951 4069 vocibus,
984 4005 1249 4076 ἑρμηνεία
1270 4016 1319 4059 et
1347 4004 1524 4074 λόγος,
1554 4022 1670 4077 quae
1699 4005 1985 4060 Athanasii
2014 4002 2535 4075 interpretationibus
2577 4004 3008 4072 prtemittuntur,
3042 4001 3180 4055 idem
3212 3999 3420 4069 signiﬁ-

175 4099 289 4150 cari
315 4113 464 4165 opus.

251 4191 455 4246 Horum
482 4194 659 4263 itaque
681 4197 1172 4250 commentariorum
1187 4197 1306 4267 jam
1334 4198 1629 4270 fragmenta
1656 4199 1857 4270 aliquot
1885 4213 1948 4253 ea:
1978 4196 2356 4266 manuscriptis
2381 4204 2430 4249 et
2462 4196 2663 4249 catenis
2692 4193 2787 4248 sub
2810 4192 2967 4261 ﬁnem
2998 4188 3276 4245 Athanasii
3298 4201 3420 4255 ope-

175 4286 321 4341 ribus
346 4286 626 4352 edidimus,
658 4287 747 4342 sed
775 4287 1074 4358 plerumque
1102 4306 1288 4346 manca
1315 4300 1364 4345 et
1396 4290 1591 4346 lacera.
1624 4290 1757 4347 Cum
1784 4307 1940 4361 porro
1967 4291 2135 4345 multa
2162 4290 2340 4359 plura,
2370 4288 2701 4342 inobservata
2723 4283 2925 4355 pridem
2952 4297 3017 4337 ea:
3046 4279 3419 4347 manuscriptis

175 4392 342 4445 nuper
364 4378 700 4442 accesserint,
725 4378 793 4431 ad
824 4380 1057 4431 nativum
1086 4381 1323 4436 ordinem
1354 4384 1532 4436 omnia
1566 4386 1918 4438 restitutmus.
1944 4381 2242 4454 Fateorque
2273 4392 2447 4436 tamen
2477 4396 2578 4446 me,
2600 4379 2726 4449 quia
2757 4374 3062 4441 compendio
3094 4371 3304 4426 studere
3336 4384 3422 4422 so-

177 4468 334 4530 leam,
361 4467 673 4536 aliquandiu
696 4469 927 4538 htesisse,
949 4488 1072 4524 num
1094 4473 1281 4528 isthwc
1304 4491 1477 4529 recens
1503 4486 1652 4531 eruta
1683 4489 1909 4544 tantum,
1935 4480 2303 4549 praetermissis
2331 4480 2453 4533 aliis
2466 4479 2586 4548 jam
2613 4476 2791 4537 editis,
2821 4472 3096 4540 seiunctim
3115 4466 3350 4532 ederem;
3371 4473 3422 4520 et

175 4563 420 4615 lectorem
442 4561 660 4616 subinde
688 4564 756 4616 ad
782 4564 901 4634 jam
938 4567 1081 4621 edita
1113 4571 1446 4626 remitterem.
1484 4574 1555 4625 At
1583 4585 1695 4628 tum
1729 4577 2024 4629 amicorum
2052 4594 2235 4643 suasu,
2265 4585 2376 4629 tum
2407 4583 2610 4644 meopte
2639 4566 2857 4625 consilio
2890 4582 2951 4619 ac
2991 4572 3143 4628 nutu,
3165 4561 3422 4631 importu-

178 4671 303 4708 num
349 4656 652 4725 scrupulum
705 4657 853 4727 abegi
875 4675 894 4723 ;
937 4659 1042 4712 sive
1091 4662 1215 4730 quia
1244 4678 1344 4716 non
1370 4665 1499 4717 satis
1544 4674 1759 4719 cautum
1789 4666 1999 4722 lectoris
2030 4679 2134 4721 OltO
2163 4667 2454 4731 videbatur,
2478 4667 2525 4720 si
2549 4669 2616 4717 nd
2643 4663 2791 4717 varia
2831 4658 3116 4714 identidem
3151 4659 3288 4715 loca,
3318 4666 3423 4707 non

177 4748 318 4800 enim
344 4747 504 4800 simul
533 4751 731 4812 omnia,
759 4751 895 4803 inter
927 4750 1196 4820 legendum
1220 4755 1639 4823 amandaretur;
1666 4759 1770 4812 sive
1798 4761 2092 4828 praesertim
2129 4761 2253 4830 quia
2282 4776 2454 4829 pauca
2476 4758 2573 4811 illa
2588 4755 2705 4826 jam
2740 4752 3024 4822 publicata.
3050 4757 3109 4801 υτ
3136 4748 3422 4817 Ρίιυ⁸ίη²²¹η⁷

177 4836 353 4898 initio,
380 4838 548 4890 medio
568 4846 619 4891 et
645 4837 749 4906 ﬁne
773 4838 962 4891 mutila
988 4848 1129 4904 sunt,
1154 4856 1215 4894 ac
1242 4844 1505 4897 interdum
1527 4845 1688 4915 duplo
1716 4850 1974 4917 triploque
1997 4850 2237 4901 auctiora
2259 4864 2323 4902 ex
2350 4846 2725 4915 manuscriptis
2756 4841 3033 4912 prodeunt.

252 4926 393 4993 Quia
422 4943 538 4980 vero
566 4926 752 4992 solent,
782 4945 899 4995 qua:
927 4930 1211 4999 peregrinis
1245 4934 1301 4984 in
1349 4932 1476 4986 locis
1505 4943 1742 4999 exstant,
1769 4938 2099 5006 peregrinum
2130 4936 2285 5001 olere,
2329 4935 2555 5005 fatemur
2590 4950 2683 4986 nos
2724 4936 2787 4987 de
2822 4934 3117 5002 fragmento
3149 4945 3211 4982 ea:
3251 4930 3419 4981 Atha-

179 5024 322 5076 nasii
349 5025 726 5077 commentario
758 5025 960 5088 avulso,
998 5024 1070 5080 De
1101 5041 1294 5081 novem
1329 5028 1724 5084 insanabilibus
1760 5031 1969 5087 morbis
1998 5025 2248 5094 Herodis,
2277 5046 2338 5083 ac
2366 5032 2505 5083 inter
2534 5029 2922 5089 Athanasiana,
2953 5043 3054 5097 quo
3083 5026 3192 5095 fors
3229 5024 3423 5077 tulerat

179 5113 435 5181 conjecto,
476 5115 761 5185 aliquando
796 5115 1084 5170 dubitasse.
1102 5116 1291 5170 Verum
1316 5119 1425 5185 ubi,
1445 5121 1655 5189 proprio
1676 5122 1730 5174 in
1756 5119 1871 5174 loco
1903 5122 2153 5190 positum,
2179 5120 2412 5190 conferre
2442 5118 2590 5172 licuit
2626 5135 2745 5171 cum
2782 5118 2903 5171 aliis
2936 5116 2990 5170 in
3025 5114 3307 5168 Mathaeum
3340 5113 3423 5165 in-

183 5207 645 5274 terpretationibus
666 5204 902 5259 eamdem
925 5206 978 5258 in
1010 5221 1069 5258 eo
1098 5206 1258 5275 facile
1291 5209 1574 5262 Athanasii
1598 5224 1811 5263 manum
1840 5211 2168 5280 agnovimus.
2196 5206 2327 5273 Quae
2357 5223 2514 5277 porro
2539 5207 2623 5259 hic
2664 5206 2727 5259 de
2765 5220 2941 5258 novem
2971 5202 3194 5256 Herodis
3229 5200 3425 5259 morbis

180 5307 393 5360 narrat,
431 5313 495 5352 ea:
522 5296 749 5367 Josepho
779 5298 848 5350 ad
879 5297 1088 5351 verbum
1121 5314 1247 5366 pene
1277 5308 1551 5353 mutuatus
1596 5310 1669 5355 est
1713 5300 1963 5371 :aliaque
1991 5302 2054 5355 de
2091 5302 2315 5355 Herodis
2361 5297 2629 5352 natalibus
2678 5296 2880 5351 erudite
2902 5312 2966 5349 ea:
2991 5295 3169 5348 eodem
3195 5293 3424 5363 lose-pho

179 5401 233 5448 et
255 5408 319 5446 ea:
339 5391 591 5459 Africano
621 5390 885 5443 edisserit.

259 5482 407 5535 Alius
438 5481 663 5550 fortasse
689 5480 996 5533 suboriatur
1024 5478 1472 5547 scrupulus,quod
1503 5479 1571 5532 ad
1599 5482 2075 5549 interpretationem
2095 5481 2259 5546 illius,
2283 5502 2301 5534 ι
2326 5482 2481 5537 Beati
2502 5483 2695 5537 mundo
2712 5481 2865 5536 corde
2884 5481 3022 5548 δί’-³⁸,
3049 5499 3067 5533 ι
3101 5479 3424 5534 Athanasius

182 5574 324 5633 illud
348 5573 492 5638 Jobi,
517 5592 535 5626 ι
562 5573 727 5628 Nemo
750 5573 973 5627 mundus
1005 5591 1035 5626 a
1070 5576 1242 5639 sorde,
1274 5575 1481 5629 etiamsi
1508 5575 1660 5632 unius
1685 5574 1787 5630 diei
1808 5575 1914 5632 vita
1936 5575 2051 5644 ejus
2077 5577 2145 5630 sit
2174 5593 2328 5647 super
2355 5588 2548 5632 terram
2565 5579 2631 5646 ⁷⁵,
2664 5599 2681 5631 ι
2705 5576 2767 5631 de
2784 5574 3025 5630 sordibus
3055 5571 3313 5643 corporeis
3339 5568 3425 5626 in-

262 5708 387 5752 ιιοθδ
414 5706 602 5765 Matth.
632 5726 683 5775 γ,
714 5712 764 5765 8.
841 5708 884 5743 ⁸⁵
913 5709 1014 5767 10b
1047 5727 1157 5780 XIV,
1195 5713 1245 5767 4·
