3860 6220
432 326 571 383 1565
1302 335 1359 390 S.
1402 334 1775 392 ATHANASII
1811 334 1961 391 OPP.
2005 338 2186 395 PARS
2225 339 2313 395 Ill.
2358 370 2426 381 --
2465 340 2873 397 EXEGETICA.
3552 342 3694 397 13M

429 445 769 517 telligenaum
797 458 1009 521 pugnet,
1038 460 1285 522 urgetque
1310 462 1497 506 contra
1529 453 1898 506 htereticorum
1930 456 2281 523 quorumdam
2311 454 2409 525 (sic
2438 456 2549 524 ille)
2578 456 2895 525 opinionem,
2925 456 3212 525 infantium
3254 458 3444 511 animis
3484 464 3693 524 sordes,

428 540 535 592 sive
568 553 784 609 peccata
815 545 1003 599 inesse.
1046 543 1258 611 Verum,
1292 557 1346 599 ut
1382 547 1491 615 ipse
1518 562 1608 601 nec
1636 548 1853 600 obscure
1880 546 2279 616 interpretatur,
2305 550 2369 601 de
2398 549 2640 603 sordibus
2664 550 2770 600 sive
2793 551 3019 617 peccatis
3047 550 3366 612 actualibus,
3394 563 3447 603 ut
3476 558 3693 613 vocant,

428 634 627 700 agitur,
658 650 773 704 qua:
795 637 959 690 inesse
988 640 1163 706 pueris
1196 654 1343 691 nemo
1380 655 1542 693 sanus
1577 640 1794 693 dixerit.
1822 638 1977 702 Quod
2011 640 2056 693 si
2096 642 2213 708 quis
2244 654 2481 710 reponat,
2525 658 2620 694 cur
2640 640 2763 693 Jobi
2796 642 2998 694 dictum
3042 642 3109 693 ad
3136 653 3403 710 peccatum
3431 642 3697 710 originale

427 742 531 779 non
554 730 748 798 referat
776 732 1123 797 Athanasius,
1150 734 1272 786 huic
1306 750 1557 803 regerant,
1587 735 1944 788 Athanasium
1982 744 2031 787 et
2060 737 2107 788 si
2136 737 2227 805 qui
2254 738 2350 789 alii
2378 739 2553 806 a/ﬁnia
2581 739 2743 791 locuti
2776 748 2915 799 sunt,
2951 754 3046 806 pro
3073 737 3313 789 sordibus
3348 738 3543 789 anima:
3566 752 3697 803 pro-

426 819 579 886 priis,
609 821 800 876 delicta
829 824 1000 878 solum
1038 843 1071 877 α
1099 824 1323 893 quolibet
1362 824 1572 877 homine
1603 824 1839 877 admissa
1860 823 2139 888 habuisse;
2172 841 2333 893 neque
2367 836 2539 879 tamen
2570 829 2856 896 ignorasse,
2893 841 2956 879 ea:
2986 823 3175 877 Adami
3212 823 3385 892 lapsu,
3417 826 3692 875 universos

425 910 539 976 ejns
564 921 816 977 posteros,
843 913 1073 967 debitum
1097 916 1280 968 mortis
1312 924 1419 967 tam
1443 914 1635 968 anima’
1663 931 1822 984 quam
1848 914 2085 981 corporis
2116 917 2464 969 contraxisse.
2513 915 2583 969 Et
2614 894 2750 970 alias
2780 934 2880 971 non
2915 920 3110 987 integer
3132 915 3281 970 locus
3307 926 3403 978 est,
3437 916 3528 968 sed
3568 931 3691 965 mu-

424 1005 548 1060 tilus
571 1024 589 1061 :
617 1009 753 1077 quod
776 1012 823 1063 si
846 1021 1111 1064 exstarent
1138 1012 1335 1077 omnia,
1365 1010 1509 1063 haud
1534 1010 1690 1064 dubie
1711 1012 1847 1064 hanc
1877 1009 2156 1064 Athanasii
2188 1020 2412 1065 mentem
2437 1028 2548 1066 esse
2574 1029 2639 1066 ea:
2661 1014 2793 1066 serie
2816 1012 3337 1083 deprehenderemus.
3368 1010 3439 1064 De
3462 1009 3541 1061 Itis
3565 1006 3694 1077 plu-

424 1103 571 1158 ribus
596 1108 650 1159 in
673 1109 1005 1178 praefatione.

499 1200 600 1256 llic
622 1221 777 1274 porro
809 1209 1069 1276 prazclara
1106 1210 1275 1261 multa
1307 1219 1591 1262 occurrunt
1624 1221 1809 1263 contra
1839 1209 2011 1277 fatum
2044 1221 2091 1263 et
2123 1212 2521 1280 genethliacos;
2550 1212 2614 1266 de
2646 1212 2956 1267 abdicandis
2987 1209 3261 1279 episcopis,
3296 1202 3611 1275 presbyteris
3636 1205 3690 1252 ὡ

422 1291 662 1350 diaconis
689 1298 923 1367 improbe
961 1318 1015 1354 se
1060 1305 1355 1371 gerentibus
1382 1322 1400 1359 :
1430 1306 1492 1358 de
1518 1308 1893 1374 mysteriorum
1937 1304 2138 1359 Christi
2164 1307 2269 1360 sive
2300 1325 2468 1363 sacra:
2492 1306 2850 1363 Eucharistia:
2887 1306 3258 1361 distributione
3283 1320 3374 1370 per
3397 1300 3686 1354 diaconum

422 1385 625 1453 agenda
647 1403 665 1440 :
686 1392 775 1457 qui
805 1392 1201 1462 intelligendum
1237 1397 1306 1448 sit
1347 1396 1481 1449 illud
1505 1411 1522 1448 :
1550 1394 1889 1465 Blasphemia
1922 1394 1975 1449 in
2008 1394 2203 1451 Filium
2224 1398 2462 1454 hominis
2485 1399 2811 1467 remittetur,
2837 1400 2889 1454 in
2916 1400 3177 1472 Spiritum
3202 1410 3451 1455 sanctum
3480 1410 3683 1451 secus:

419 1490 604 1535 contra
631 1500 715 1537 eos
739 1488 829 1555 qui
861 1488 1041 1541 lunam
1073 1492 1207 1543 inter
1236 1494 1453 1545 numina
1481 1500 1881 1560 censerent.quo
1908 1492 2507 1550 wvumAthanasianum
2525 1495 2811 1563 indicatur,
2838 1500 3045 1567 quando
3075 1498 3442 1567 multiplicium
3464 1496 3686 1548 deorum

419 1588 568 1626 error
586 1576 757 1630 adhuc
785 1580 985 1648 vigebat
1014 1580 1067 1634 in
1092 1581 1233 1636 orbe.
1266 1581 1335 1634 Et
1356 1584 1433 1636 his
1461 1583 1659 1636 similia
1688 1583 1809 1636 bene
1833 1583 2021 1635 multa.

492 1670 609 1734 Quo
638 1680 863 1741 tempore
894 1686 1070 1728 autem
1098 1676 1208 1730 hazc
1236 1679 1611 1731 commentaria
1655 1677 1795 1730 edita
1834 1677 2054 1745 fuerint,
2082 1676 2291 1727 nonnisi
2315 1693 2379 1729 ex
2410 1677 2523 1729 loco
2552 1678 2646 1730 illo
2672 1680 2929 1749 augurari
2958 1677 3077 1730 licet
3108 1676 3194 1729 ubi
3233 1682 3443 1728 sanctus
3482 1675 3687 1725 Doctor

419 1767 595 1834 arguit
636 1767 1022 1837 Apollinarium
1054 1772 1363 1841 impietatis.
1400 1771 1542 1826 Nam
1578 1774 1656 1824 uti
1704 1788 1768 1824 ex
1807 1770 1973 1840 ipsius
2008 1769 2289 1822 Athanasii
2316 1769 2371 1821 in
2412 1771 2611 1838 synodo
2656 1770 3000 1836 Antiochena,
3033 1787 3168 1823 anno
3199 1768 3321 1831 362,
3354 1764 3680 1829 testimonio,

419 1872 510 1909 nec
539 1875 642 1912 non
665 1877 729 1914 ea:
760 1859 937 1915 Procli
980 1862 1095 1917 loco
1132 1866 1187 1919 in
1225 1867 1422 1935 synodo
1452 1864 2041 1932 Constantinopolitano
2068 1860 2399 1929 exploratum
2431 1871 2549 1926 est;
2588 1863 2864 1930 postremis
2895 1865 3065 1916 solum
3101 1864 3223 1916 vita:
3250 1861 3403 1914 annis
3432 1859 3682 1912 Athana-

417 1953 529 2004 sius
553 1970 673 2006 cnm
699 1954 1031 2023 Apollinario
1058 1959 1111 2011 in
1137 1970 1372 2024 apertum
1399 1960 1591 2012 bellum
1619 1958 1883 2028 prorupit,
1914 1970 2131 2024 eumque
2166 1964 2223 2007 ut
2255 1955 2663 2009 hwresiarcham
2692 1973 2783 2026 per
2814 1957 3082 2011 hominum
3117 1974 3211 2010 ora
3244 1954 3506 2009 traduxit.
3535 1951 3678 2004 Foro

417 2054 557 2100 tasse
583 2049 685 2103 dici
708 2061 875 2117 posset
905 2054 1066 2106 etiam
1112 2053 1484 2121 Athanasium,
1516 2072 1633 2108 cum
1658 2056 1767 2107 hare
1808 2051 2188 2106 commentaria
2216 2051 2363 2121 prius
2408 2050 2679 2117 edidisset,
2706 2052 3002 2106 clausulam
3036 2050 3189 2104 illam
3211 2050 3265 2102 in
3288 2046 3679 2116 Apollinarium

415 2148 593 2203 postea
628 2142 933 2215 adjunxisse
958 2164 976 2209 ;
1005 2162 1161 2216 quam
1188 2167 1293 2203 rem
1330 2166 1431 2203 non
1457 2150 1615 2204 semel
1638 2150 1946 2219 praestitisse
1970 2156 2215 2200 sanctum
2253 2146 2533 2202 Doctorem
2555 2147 2830 2202 docuimus
2862 2149 3021 2202 alias.

1992 2290 2064 2310 σ-ε·

659 2412 764 2470 EX
813 2412 1323 2479 SERMONIBUS
1368 2415 1552 2477 SlVE
1593 2414 1976 2476 COMMEN']

2093 2415 2217 2481 {IIS
2282 2417 2364 2477 IN
2422 2413 2957 2477 EVANGELIUM
3008 2409 3425 2472 ΜΑΤΤΗᾹΞΙ.

1986 2606 2056 2625 -ι

714 2722 871 2778 Liber
894 2728 1241 2795 generationis
1272 2727 1400 2783 Iesu
1434 2728 1656 2789 Christi.

2320 2733 2538 2798 Βίϐλος
2569 2727 2864 2799 γενέσεως
2901 2725 3103 2795 Ἰησοῦ
3137 2725 3417 2795 Χριστοῦ.

482 2813 549 2871 Et
585 2816 846 2875 sacerdos
886 2827 940 2873 et
968 2834 1064 2876 rex
1094 2820 1345 2877 Christus
1374 2833 1493 2879 erat
1527 2842 1542 2879 :
1572 2824 1830 2883 sacerdos
1856 2825 1984 2898 qui-

408 2907 555 2971 dem,
604 2917 665 2961 ut
713 2909 806 2985 qui
862 2924 921 2965 se
950 2912 1211 2968 obtulerit
1264 2915 1497 2970 hostiam
1552 2932 1650 2987 pro
1695 2919 1984 2988 omnibus;

410 3015 504 3054 rex
533 3014 682 3064 vero,
710 3008 768 3053 ut
810 3002 903 3071 qui
936 3001 1201 3060 adversus
1239 3018 1521 3076 peccatum
1551 3018 1603 3063 et
1640 3018 1873 3067 mortem
1902 3026 1988 3069 re-

411 3094 680 3165 gnaverit.

781 3188 1150 3245 Cenerationes
1184 3192 1601 3260 quatuordecim.

482 3280 612 3347 Quae
640 3297 806 3339 causa
844 3294 927 3337 est
966 3300 1067 3339 cur
1094 3300 1219 3339 cum
1254 3286 1307 3339 in
1347 3285 1497 3340 hisce
1542 3287 1983 3356 generationibus

407 3371 695 3433 duodecim
725 3385 935 3429 tantum
968 3392 1216 3446 personae
1249 3388 1622 3448 compareant,
1646 3382 1980 3448 quatuorde-

405 3464 514 3519 cim
562 3473 741 3519 tamen
782 3466 1162 3536 generationes
1204 3468 1552 3524 inveniantur
1581 3470 1665 3523 δοῖ
1703 3468 1809 3525 Pro
1858 3487 1983 3542 per-

406 3570 562 3622 sona,
620 3556 890 3623 arbitror,
934 3559 1266 3629 evangelista
1304 3561 1840 3632 transmigrationem
1885 3578 1983 3632 po-

405 3647 551 3713 suit;
587 3657 643 3702 et
676 3664 774 3718 pro
798 3649 901 3703 alia
934 3664 1190 3720 persona,
1220 3650 1520 3707 Christum.

402 3755 688 3813 Athanasii
714 3758 1067 3834 Alerartdrini
1091 3759 1223 3834 liber
1245 3762 1710 3834 interpretationis
1738 3761 1978 3834 Evange-

825 3830 886 3882 lii
916 3832 1201 3883 secundum
1229 3831 1565 3887 Matthazum.

488 3916 724 3975 Vidimus
772 3921 910 3974 enim
963 3922 1174 3975 stellam
1220 3923 1331 3987 eius
1380 3925 1435 3977 in
1465 3925 1663 3979 oriente
1688 3926 1753 3978 ".
1784 3925 1841 3980 Si
1881 3942 1979 3996 pro

404 4011 634 4081 singulis
694 4012 1011 4069 hominibus
1061 4015 1215 4069 stella
1268 4016 1321 4069 in
1372 4016 1511 4071 etelo
1566 4026 1749 4081 esset,
1810 4034 1978 4088 quare

2158 2825 2233 2896 (4)
2277 2824 2389 2878 Kal
2430 2824 2608 2895 ἱερεὺς
2647 2822 2741 2875 καὶ
2794 2819 3044 2890 βασιλεὺς
3090 2819 3119 2872 ὁ
3171 2816 3406 2890 Χριστὸς
3437 2816 3677 2888 ἐτύγχα-

2088 2934 2176 2970 νεν
2201 2935 2214 2948 ·
2254 2918 2432 2986 ἱερεὺς
2460 2915 2557 2986 μὲν
2590 2914 2666 2977 ὡς
2696 2913 2883 2967 ἑαυτὸν
2914 2910 3283 2982 προσαγαγὼν
3307 2909 3499 2963 Θυσίαν
3528 2911 3674 2983 ὑπὲρ

2083 3008 2258 3091 iuxtim,
2290 3007 2539 3078 βασιλεὺς
2569 3006 2623 3058 δὲ
2650 3005 2723 3067 ὡς
2755 3003 2897 3059 κατὰ
2924 3004 3022 3074 τῆς
3062 3001 3334 3076 ἁμαρτίας
3366 3003 3459 3054 καὶ
3498 3000 3670 3055 θανά-

2082 3117 2175 3155 του
2208 3098 2555 3172 βασιλεύσας.

2501 3189 2715 3244 Γενεαὶ
2765 3186 3210 3256 δεκατέσσαρες

2153 3283 2265 3338 Kal
2289 3281 2407 3346 πῶς
2432 3280 2665 3335 ἐνταῦθα
2696 3280 2788 3332 ἐπὶ
2824 3279 2930 3332 τῶν
2971 3278 3172 3347 γενεῶν
3198 3319 3212 3341 ,
3258 3277 3466 3330 δώδεκα
3498 3294 3671 3347 προσ-

2082 3373 2245 3426 ὠπων
2285 3372 2575 3443 κειμένων,
2606 3369 3001 3440 δεκατέσσαρες
3048 3368 3233 3435 γενεαὶ
3270 3367 3614 3437 εὑρίσκονται
3650 3383 3667 3431 ;

2081 3460 2269 3534 Οἶμαι,
2295 3464 2375 3516 ὅτι
2398 3464 2491 3515 καὶ
2527 3462 2625 3533 τὴν
2658 3460 3000 3531 μετοικεσίαν
3031 3460 3200 3529 αὐτὴν
3222 3460 3341 3511 ἀντὶ
3369 3457 3668 3530 προσώπου

2080 3560 2108 3610 ὁ
2133 3554 2521 3625 εὐαγγελιστὴς
2548 3552 2757 3606 τέθεικε
2779 3564 2793 3580 ’
2836 3552 2928 3605 καὶ
2954 3552 3075 3605 ἀντὶ
3105 3551 3201 3620 τῆς
3241 3550 3435 3621 ἐτέρας
3467 3550 3523 3603 δὲ
3568 3551 3668 3603 τὸν

2081 3650 2334 3721 Χριστόν.

2082 3764 2155 3835 (ες)
2203 3763 2557 3837 Ἀθαηνασίοιί
2604 3759 3164 3837 Ἀλεξςιγδηθίϐλίζς.
3200 3756 3308 3824 τῆς
3349 3755 3671 3828 ἑρμηνείας

2452 3832 2559 3885 τοῦ
2592 3831 2741 3884 κατὰ
2770 3831 3068 3884 Ματθαῑςν
3090 3831 3271 3897 Εἱναγ.

2144 3926 2399 3993 Εἵδομεν
2424 3924 2531 3994 γὰρ
2557 3922 2748 3977 αὐτοῦ
2780 3921 2888 3974 τὸν
2918 3920 3143 3988 ἀστέρα
3167 3920 3237 3972 ἐν
3268 3918 3343 3987 τῇ
3366 3917 3665 3985 ἀνατολῇ.

2081 4022 2145 4074 Εἰ
2176 4020 2232 4073 δὲ
2266 4015 2334 4089 ἦν
2368 4018 2489 4071 καθ’
2521 4018 2751 4070 ἕκαστον
2784 4015 3068 4087 ἄνθρωπον
3091 4012 3265 4083 ἀστὴρ
3305 4014 3360 4064 ὲν
3386 4010 3463 4081 τῷ
3497 4011 3669 4081 οὐρα-

403 4080 564 4157 tertia
605 4104 693 4159 die
734 4105 934 4161 caelum
970 4108 1197 4163 inﬁnitis
1226 4108 1642 4179 innumerisque
1680 4112 1855 4167 stellis
1885 4128 1976 4167 re-

2093 4109 2179 4180 νῷ,
2220 4080 2336 4172 πὶτλς
2368 4111 2435 4178 τῇ
2476 4107 2635 4179 τρίτῃ
2668 4106 2850 4176 ἡμέρᾳ
2888 4080 2933 4157 ’ὁ
2977 4080 3519 4175 οὐρανὸςηκατέγεμε
3554 4080 3665 4154 τῶν

400 4192 603 4261 plctum
636 4202 720 4249 est
788 4209 910 4250 cum
941 4206 1117 4251 tamen
1150 4196 1321 4251 Adam
1350 4205 1503 4251 sexta
1531 4196 1619 4251 die
1658 4197 1974 4253 eiformatus

399 4283 507 4336 sit?

2082 4202 2326 4272 ἀπείρων
2360 4200 2454 4251 καὶ
2498 4198 2884 4269 ἀναριθμήτων
2917 4196 3152 4267 ἄστρων,
3186 4193 3279 4248 τοῦ
3324 4193 3495 4264 Ἀδὰμ
3522 4194 3664 4248 πλα-

2082 4292 2297 4356 σθέντος
2326 4294 2390 4362 τῇ
2422 4298 2471 4355 ς’
2502 4290 2719 4361 ἡμέρᾳ·

1399 4402 1468 4457 Et
1503 4407 1793 4479 interjectis
1827 4412 2139 4479 quibusdam
2169 4427 2232 4464 ex
2265 4407 2656 4476 Chrysostomo.

470 4516 624 4583 Quod
658 4526 840 4574 autem
874 4532 1048 4587 neque
1086 4516 1255 4573 fatum
1278 4560 1292 4585 ,
1334 4536 1511 4592 neque
1546 4524 1784 4593 genesis,
1814 4524 1867 4580 id
1891 4537 1976 4581 est

398 4620 552 4666 ortus
579 4609 734 4676 hora,
775 4624 950 4682 neque
977 4626 1173 4667 cursus
1195 4622 1471 4671 astrorum
1496 4625 1686 4671 nostra
1712 4618 1971 4688 dirigant,

396 4696 480 4749 vel
510 4696 636 4750 hinc
666 4696 843 4765 palam
886 4707 988 4753 est.
1016 4698 1151 4754 Nam
1187 4702 1231 4756 si
1264 4702 1390 4759 inde
1432 4706 1621 4760 omnia
1651 4716 1804 4776 gesta
1841 4724 1974 4779 pen-

393 4790 579 4855 deant,
609 4804 719 4843 non
748 4804 813 4843 ex
842 4790 1127 4846 hominum
1163 4795 1443 4850 voluntate
1474 4807 1528 4851 et
1553 4798 1840 4863 electione,
1874 4816 1975 4854 cur

393 4882 527 4937 furti
566 4897 720 4936 reum
768 4882 1127 4941 domesticum
1169 4887 1464 4944 verberas?
1493 4891 1623 4960 quid
1662 4908 1843 4948 causae
1889 4903 1974 4949 est

393 4974 539 5045 quod
570 4974 871 5029 adulteram
906 4991 1132 5032 uxorem
1164 4978 1230 5033 ad
1265 4980 1513 5035 tribunal
1550 4983 1775 5040 trahas?
1800 5002 1974 5056 quare

391 5066 459 5118 dc
504 5065 770 5136 improbis
823 5064 983 5122 factis
1038 5068 1245 5137 pudore
1301 5071 1668 5130 suﬂ‘underis?
1710 5077 1839 5147 quid
1893 5088 1976 5137 est

393 5158 539 5226 quod
579 5158 976 5213 contumeliosa
1011 5160 1172 5215 verba
1213 5177 1318 5216 non
1366 5162 1543 5231 feras;
1576 5167 1670 5221 sed
1700 5168 1744 5223 si
1772 5171 1893 5240 quis
1924 5180 1975 5225 te

392 5248 670 5304 mwchum
699 5260 793 5303 aut
821 5248 1233 5312 fornicatorem.
1265 5261 1361 5305 aut
1383 5252 1684 5319 ebriosum,
1720 5266 1812 5311 aut
1842 5258 1973 5327 quid

2152 4526 2272 4578 "0:;
2302 4522 2407 4593 γὰρ
2440 4520 2563 4574 οὔτε
2596 4520 2899 4591 εἱμαρμένη
2927 4558 2941 4583 ,
2969 4517 3093 4571 οὔτε
3124 4518 3355 4587 γένεσις,
3380 4518 3507 4573 οὔτε
3538 4520 3667 4592 δρός

2085 4634 2183 4686 μος
2208 4614 2448 4685 ἀστέρων
2478 4613 2546 4666 τὰ
2590 4611 2710 4665 καθ’
2757 4611 2902 4681 ἡμᾶς
2934 4610 3148 4673 διοικεῖ,
3188 4610 3435 4663 ἐντεῦθεν
3471 4612 3660 4681 δῆλον.

2081 4708 2143 4759 Εἰ
2173 4705 2280 4775 γὰρ
2314 4703 2524 4756 ἐκεῖθεν
2573 4703 2804 4773 ἤρτηται
2838 4699 2906 4752 τὰ
2937 4700 3199 4770 γινόμενα
3228 4701 3428 4761 πάντα,
3463 4702 3557 4755 καὶ
3596 4702 3662 4757 οὗ

2080 4800 2177 4870 τῆς
2220 4796 2589 4870 προαιρέσεως
2634 4794 2740 4846 τῶν
2776 4792 3096 4864 ἀνθρώπων,
3146 4794 3289 4856 τίνος
3323 4794 3509 4849 ἕνεκεν
3560 4812 3665 4865 μα.-

2082 4894 2285 4958 στιγοῖς
2311 4890 2400 4941 τὸν
2430 4888 2644 4957 οἰκέτην
2684 4886 3019 4954 κεκλοφόταξ
3054 4885 3199 4949 τίνος
3225 4886 3406 4939 ἕνεκεν
3442 4905 3665 4958 μοιχευ-

2073 4982 2256 5035 θεῖσαν
2305 4981 2403 5050 τὴν
2442 4982 2677 5047 γυναῖκα
2719 4980 2799 5041 εἰς
2862 4978 3211 5053 ᾂικαστήριον
3255 4978 3472 5043 ἓλκεις;
3515 4980 3664 5045 τίνος

2071 5073 2255 5125 ἕνεκεν
2295 5071 2526 5144 αἰσχύνῃ
2560 5070 2771 5140 πονηρὰ
2808 5069 3102 5139 πράττων;
3145 5070 3289 5132 τίνος
3316 5070 3505 5123 ’ἐνεκεν
3538 5072 3663 5125 οὐδὲ

2072 5166 2138 5219 τὰ
2176 5166 2395 5236 ῥήματα
2429 5164 2613 5234 φέρεις
2647 5161 3048 5233 ὀνειδιζόμενα·
3086 5161 3198 5214 ἀλλ’
3230 5164 3322 5215 ἐάν
3350 5163 3436 5226 τίς
3467 5181 3526 5216 σε
3557 5182 3662 5217 κα-

2071 5250 2200 5325 λέπη
2234 5252 2439 5322 μοιχὸν,
2471 5253 2503 5322 ἢ
2541 5253 2759 5323 πόρνον,
2820 5251 2852 5322 ἢ
2911 5252 3165 5322 μέθυσον,
3202 5254 3233 5322 ἢ
3291 5271 3345 5305 τι
3387 5254 3659 5317 τοιοῦτον,

393 5339 571 5397 simile
600 5341 852 5412 appellet,
882 5342 934 5396 id
963 5344 1348 5398 contumeliam
1373 5346 1731 5402 vocas?Nam
1767 5349 1811 5403 si
1846 5366 1969 5419 pec-

2093 5342 2229 5413 ιϐριν
2256 5343 2316 5395 τὸ
2352 5346 2583 5415 πρᾶγμα
2616 5345 2825 5407 καλεῖςς
2862 5344 2923 5395 El
2959 5344 3066 5415 γὰρ
3102 5344 3175 5415 μὴ
3216 5345 3314 5415 τῆς
3368 5345 3467 5414 σῆς
3518 5346 3660 5415 γνὼ-

392 5443 573 5491 catum
604 5449 716 5489 non
743 5450 809 5490 ex
840 5437 1104 5491 sententia
1138 5437 1378 5506 prodiret
1414 5446 1525 5504 tua,
1558 5455 1731 5509 neque
1760 5441 1968 5495 crimen

461 5550 509 5582 ”
542 5551 729 5607 Matth.
760 5571 797 5619 ι,
831 5554 914 5608 17.
1006 5555 1049 5585 ⁸⁷
1078 5553 1268 5608 Matth.
1308 5573 1367 5623 It,
1393 5556 1445 5610 2.

463 5664 711 5741 μχεδξι.
744 5667 966 5741 ᾼιίιειιι.,
1001 5686 1052 5741 p.
1088 5670 1242 5735 1006,
1275 5687 1341 5727 ex
1366 5683 1554 5727 catena
1575 5691 1602 5729 a
1630 5672 1689 5729 P.
1730 5674 1963 5731 Possino

389 5734 531 5795 Odila
554 5735 605 5794 in
636 5734 962 5795 Matlha'um.

2080 5451 2187 5504 μης
2218 5436 2278 5489 τὸ
2313 5437 2671 5510 ἁμαρτάνειν,
2696 5436 2818 5490 οὔτε
2843 5437 3095 5508 ἔγκλημα
3118 5438 3177 5489 τὸ
3204 5438 3505 5509 γινόμενον.
3531 5439 3659 5494 οὔτε

2146 5678 2218 5747 (ὅ)
2256 5676 2325 5731 E.\
2357 5676 2537 5733 colico
2573 5678 2735 5749 Regio
2769 5678 2925 5747 1995,
2953 5695 2985 5735 x
3009 5678 3190 5736 Samnii
3213 5676 3333 5740 ἰοὶ..
3362 5677 3453 5736 δὲ.
