3860 6220
209 336 234 387 1
251 336 354 391 5(ἱὸ

1337 334 1774 394 FRAGMENTA
1815 334 1877 388 ΙΝ
1923 333 2072 388 ΜΑΤ
2085 325 2376 386 ῙΠᾸΞῘῘΜ.

3342 328 3478 385 1566

209 452 372 522 ὕϐρις
402 454 460 506 τὺ
489 454 800 526 λεγόμενον.
831 453 944 506 Νῦν
977 452 1034 505 δὲ
1070 454 1162 507 καὶ
1201 453 1265 506 δι’
1291 445 1366 507 ὧν
1397 458 1508 519 τοῖς
1543 452 1791 526 ἁμαρτά-

1906 451 1954 506 id
1994 455 2205 523 egisse,
2263 466 2437 522 neque
2487 449 2819 508 contumelia
2869 456 3016 504 esset
3073 448 3126 503 id
3177 434 3499 516 praedicari."

208 562 394 598 νουσιν
422 547 482 598 οὐ
511 545 922 614 συγγινώσκεις,
951 547 1045 599 καὶ
1076 545 1142 598 δι’
1173 539 1247 600 ὧν
1270 547 1432 610 αὐτὸς
1460 547 1700 617 αἰσχύνῃ
1732 544 1801 598 τὰ

210 631 360 684 κακά
391 631 665 702 πράττων,
705 633 801 684 καὶ
841 630 1123 685 λανθάνειν
1185 631 1528 696 σπουδάζεις,
1589 630 1688 690 ναὶ
1735 629 1801 681 δι’

209 713 290 772 ὧν
313 722 438 783 τοὺς
466 719 641 774 ταῦτά
675 737 756 774 σοι
789 721 1202 793 προσφέροντας
1232 720 1496 793 ὑϐριστάς
1531 719 1798 791 νομίζεις·

206 809 300 865 διά
323 812 538 866 πάντων
565 811 864 883 ὁμολογεῖς,
883 815 966 866 ὅτι
991 814 1090 867 οὐκ
1107 814 1318 883 ἀνάγκῃ
1345 813 1550 866 δέδεται
1577 819 1646 865 τά
1666 816 1696 882 ᾗ
1709 812 1803 882 μέ-

205 917 364 970 τερα,
418 902 554 955 ἀλλὰ
603 903 975 973 προαιρέσεως
1017 902 1300 975 ἐλευθερίᾳ
1328 903 1635 974 τετίμηται.
1671 904 1802 966 Τοῖς

204 992 340 1060 γοῦν
373 994 587 1068 ἀνάγκῃ
646 995 1020 1068 συνεχομένοις
1073 995 1468 1064 συγγινώσκειν
1529 996 1754 1065 οἴδαμεν
1783 1012 1796 1025 ·

207 1083 314 1138 κᾶν
346 1086 449 1138 ὑπὸ
486 1086 736 1157 δαίμονός
777 1105 923 1152 τινος
967 1087 1295 1159 ὀχλούμενός
1335 1105 1420 1151 τις
1460 1088 1552 1141 τὸν
1596 1087 1801 1159 χιτῶνα

205 1176 476 1248 διαρῤήξῃ
504 1177 595 1230 τὸν
623 1178 914 1250 ἡμέτερον,
944 1179 977 1250 ἢ
1008 1179 1223 1250 πληγὰς
1255 1178 1550 1250 ἐπενέγκῃ,
1584 1180 1644 1232 οὐ
1694 1179 1793 1252 μό-

205 1283 300 1321 νον
331 1285 431 1321 ουκ
458 1269 811 1339 ὀνειδίζομεν,
841 1271 977 1326 ἀλλά
1011 1272 1108 1325 καὶ
1157 1271 1416 1342 ἐλεοῦμεν
1462 1272 1556 1324 καὶ
1601 1289 1797 1340 συγγι-

204 1357 508 1429 νώσκομεν.
557 1361 620 1413 Τί
665 1361 902 1433 δήποτε;
962 1363 1043 1416 ὅτι
1096 1363 1217 1432 οὐχὶ
1270 1363 1371 1430 τῆς
1422 1363 1797 1434 προαιρέσεως

205 1443 516 1518 ἐλευθερία,
549 1446 662 1501 ἀλλ’
690 1450 724 1518 ἡ
752 1447 844 1502 τοῦ
875 1449 1128 1521 δαίμονος
1157 1451 1249 1522 βία
1277 1451 1572 1523 εἰργάσατο
1597 1452 1792 1507 ταῦτα.

207 1538 395 1605 Ὥστε,
425 1542 474 1594 εἰ
502 1541 596 1594 καὶ
619 1540 688 1594 τά
721 1541 858 1595 ἄλλα
883 1544 1255 1615 ἁμαρτήματα
1282 1544 1391 1597 ἀπὸ
1413 1545 1512 1616 τῆς
1551 1545 1798 1614 ἀνάγκης

201 1630 309 1701 τῆς
366 1632 508 1686 κατὰ
573 1632 671 1705 τὴν
709 1634 1049 1706 εἱμαρμένην
1102 1637 1340 1705 ἐγίνοντο
1369 1679 1383 1704 ,
1449 1637 1798 1708 συνέγνωμεν

201 1724 270 1778 ἄν
291 1742 304 1756 ο
342 1724 528 1795 ἐπειδὴ
561 1725 619 1779 δὲ
643 1727 824 1796 ἴσμεν,
843 1727 924 1780 ὃτι
949 1727 1049 1780 οὐκ
1075 1726 1220 1781 ἐστιν
1251 1728 1618 1800 άνάγκης,διόι
1635 1729 1796 1783 τοῦτο

201 1816 267 1868 οὐ
316 1815 790 1888 συγγινώσκομεν,
821 1817 945 1872 οὔτε
972 1819 1229 1874 δεσπόται
1255 1821 1517 1886 οἰκέταις,
1539 1821 1663 1876 οὕτε
1693 1821 1790 1876 ἄν·

201 1904 332 1976 δρες
363 1906 629 1974 γυναιξὶν,
653 1907 783 1962 οὔτε
814 1911 1070 1979 γυναῖκες
1088 1911 1368 1982 ἀνδράσιν,
1390 1912 1513 1966 οὔτε
1537 1913 1790 1968 διδάσκα-

202 1995 289 2048 λοι
313 1995 606 2067 μαθηταῖς,
622 1997 745 2051 οὔτε
780 1999 1016 2072 πατέρες
1041 2002 1250 2067 παισὶν,
1271 2001 1395 2055 οὔτε
1420 2001 1678 2073 ἄρχοντες
1695 2003 1792 2074 ἀρ-

202 2087 475 2157 χομένοις·
510 2088 646 2142 ἀλλὰ
678 2091 866 2162 πικροὶ
899 2091 1007 2146 τῶν
1037 2093 1458 2165 τετολμημένων
1505 2094 1791 2158 ἐξετασταὶ

203 2179 302 2230 καὶ
337 2179 569 2250 τιμωροὶ
600 2179 884 2252 γινόμεθα,
928 2185 1023 2238 καὶ
1059 2184 1385 2257 δικαστήρια
1429 2186 1789 2259 καταλαμϐά-

201 2284 391 2340 νομεν.
406 2273 499 2324 καὶ
512 2271 746 2344 πληγαῖς
765 2275 1161 2348 ὑποϐάλλομεν,
1177 2279 1272 2332 καὶ
1283 2280 1507 2350 ὲπιτιμή
1517 2296 1631 2332 σεσι
1649 2279 1792 2352 χρώ-

202 2362 348 2433 μεθα
377 2403 391 2428 ,
449 2365 541 2418 καὶ
595 2365 774 2419 πάντα
825 2368 1140 2440 πράττομεν
1195 2370 1344 2433 ὅπως
1390 2370 1790 2442 ἀπαλλάξωμεν

199 2455 406 2520 αὐτοὺς
433 2456 544 2511 τῶν
571 2459 779 2512 κακῶν.

269 2547 352 2618 (6)
382 2548 474 2615 Τὸ,
509 2550 1282 2626 Ἦλθομεηπροσκυνῆσαι
1317 2553 1479 2620 αὐτῷ
1502 2593 1516 2619 ,
1558 2559 1788 2627 σημεῖον

197 2637 299 2710 τῆς
334 2639 444 2693 τῶν
477 2642 667 2710 μάγων
691 2645 990 2708 ἐπιεικείας
1018 2646 1113 2698 καὶ
1136 2645 1389 2708 πίστεως.
1411 2649 1472 2701 ΟΞ
1490 2648 1600 2721 γὰρ
1614 2650 1792 2702 τοιοῦ-

196 2745 290 2782 τον
337 2729 614 2803 διάστημα
655 2734 1006 2800 διανύσαντες
1039 2736 1126 2790 διὰ
1165 2737 1228 2790 τὸ
1275 2741 1653 2812 προσκυνῆσαι
1697 2741 1790 2796 τὸν

198 2819 462 2892 Χριστὸν,
495 2823 547 2876 τί
573 2824 673 2877 οὐκ
705 2824 771 2878 ἂν
800 2825 1086 2896 ἐποίησαν,
1121 2828 1169 2878 εἰ
1196 2829 1254 2881 ὲν
1286 2831 1352 2900 τῇ
1385 2829 1610 2883 ἐκείνων
1634 2829 1788 2904 χώρᾳ

198 2911 259 2964 τὸ
291 2913 538 2967 τοιοῦτον
569 2919 864 2988 μυστήριον
891 2917 1190 2989 γεγένητο;
1239 2920 1581 2976 Ἀποδεκτέοι
1613 2920 1706 2976 οὖν
1738 2923 1788 2976 οἱ

197 3001 399 3074 ἄνδρες
430 3005 528 3074 τῆς
553 3005 809 3070 πίστεως,
841 3009 936 3063 καὶ
965 3009 1272 3064 ὲπαινετέοι
1297 3012 1396 3082 τῆς
1417 3013 1619 3086 ἀρετῆς
1644 3015 1788 3070 κατά

199 3095 383 3151 πάντα
417 3097 636 3166 τρόπον.

357 3207 704 3265 Ἀθανασίου
750 3210 1197 3283 Ἀλεξανδρείας
1224 3211 1294 3267 ἐκ
1333 3212 1446 3283 τῆς
1491 3214 1650 3270 κατὰ

658 3282 959 3336 Ματθαῖον
987 3283 1326 3352 ἑρμηνείας.

379 3391 517 3461 Περὶ
553 3392 659 3445 τῶν
691 3393 849 3447 ἐννέα
895 3394 1130 3448 ἀνιάτων
1164 3396 1357 3452 παθῶν
1385 3398 1486 3470 τῆς
1518 3398 1613 3454 τοῦ

721 3485 961 3556 Ἡρώδου
998 3487 1278 3562 τελευτῆς.

1908 543 2063 600 Nunc
2113 557 2279 614 porro
2325 558 2450 598 cum
2502 541 2857 611 peccantibus
2905 554 3014 595 non
3051 538 3322 609 ignoscas,
3355 553 3476 592 eum

1907 639 2151 708 improba
2189 637 2423 708 gerendo
2447 645 2496 690 te
2525 636 2741 706 pudeat,
2761 648 2884 689 cum
2911 632 3077 686 latere
3099 631 3474 693 studeas,cuni

1904 745 2000 784 eos
2029 731 2122 798 qui
2159 729 2284 783 talia
2334 728 2432 782 tibi
2475 726 2760 797 proferunt
2810 740 2904 792 pro
2935 719 3348 778 contumeliosis
3379 713 3510 772 ha-'

1906 818 2067 882 beas;
2105 833 2236 873 sane
2265 817 2453 872 fateris
2479 833 2542 872 ex
2578 816 2661 870 his
2694 815 2972 878 omnibus,
3013 814 3127 864 haec
3156 818 3344 864 nostra
3371 825 3476 862 non

1906 910 2230 964 necessitate
2269 911 2503 977 quadam
2553 905 2819 977 colligari,
2855 904 2948 959 sed
2983 903 3278 957 voluntatis
3313 902 3478 954 liber-

1905 1011 2015 1056 tate
2045 1002 2312 1055 honorata
2339 1016 2480 1056 esse.
2515 998 2586 1053 lis
2615 1013 2748 1052 sane
2775 997 2869 1066 qui
2899 993 3248 1050 necessitate
3290 1003 3479 1046 tenen-

1905 1104 2012 1152 tur.
2051 1094 2334 1164 ignosccre
2367 1093 2721 1147 solemuszac
2743 1092 2790 1145 si
2815 1089 2958 1159 quis,
2989 1087 3342 1156 compellente
3367 1084 3476 1138 tlin-

1902 1187 2111 1252 nionio,
2147 1186 2388 1240 tunicam
2430 1184 2701 1238 discindat
2744 1194 3007 1248 nostram,
3069 1189 3159 1234 aut
3182 1177 3366 1248 plagas
3395 1179 3478 1230 in-

1904 1278 2062 1343 ferat,
2099 1293 2210 1334 non
2253 1278 2430 1332 solum
2470 1276 2546 1329 illi
2583 1290 2690 1329 non
2743 1273 3160 1344 cxprobramus,
3183 1270 3277 1324 sed
3314 1268 3478 1322 mise-

1902 1371 2138 1424 ricordia
2173 1369 2308 1423 moti
2350 1367 2687 1437 ignoscimus
2716 1366 2840 1435 ipsi.
2870 1366 2982 1418 (Zur
3027 1362 3170 1418 hoc?
3209 1361 3337 1432 quia
3367 1376 3477 1414 non

1899 1475 1962 1512 ex
2023 1457 2323 1511 voluntatis
2381 1455 2627 1519 arbitrio,
2664 1453 2757 1508 sed
2819 1453 3085 1507 daemonis
3139 1451 3373 1521 impulsu
3423 1449 3477 1503 id

1902 1553 2030 1621 egit.
2056 1552 2250 1618 itaque
2276 1548 2324 1603 si
2355 1548 2460 1602 alia
2488 1562 2708 1617 quoque
2738 1555 2959 1616 peccata
2991 1561 3054 1599 ex
3088 1543 3413 1599 necessitate
3445 1557 3477 1596 a

1899 1641 2010 1696 fato
2067 1640 2289 1696 inducta
2339 1639 2780 1705 admitterentur,
2814 1638 3033 1693 veniam
3085 1638 3342 1693 daremus
3378 1637 3484 1690 uti-

1900 1749 2005 1803 que
2039 1753 2052 1787 :
2090 1733 2218 1806 quia
2257 1749 2386 1787 vero
2417 1733 2624 1788 scimus
2651 1748 2714 1787 ea
2743 1747 2852 1787 non
2892 1747 2959 1787 ex
2991 1731 3315 1786 necessitate
3348 1745 3480 1798 pro-

1830 1826 1869 1880 B
1896 1826 2110 1890 venire;
2136 1825 2256 1879 ideo
2285 1840 2392 1878 non
2421 1827 2724 1898 parcimus,
2762 1839 2869 1878 non
2895 1823 3103 1879 domini
3133 1823 3475 1890 domesticis,

1903 1934 2007 1973 non
2044 1918 2143 1972 viri
2178 1918 2468 1982 uxoribus,
2501 1934 2609 1972 non
2645 1933 2845 1973 uxores
2882 1918 3038 1984 viris,
3079 1932 3189 1971 non
3229 1914 3478 1986 magistri

1898 2009 2204 2079 discipulis,
2239 2023 2347 2062 non
2378 2016 2563 2078 patres
2590 2007 2736 2075 ﬁliis,
2773 2023 2882 2063 non
2908 2008 3188 2079 principes
3210 2007 3475 2072 subditis;

1897 2104 1991 2159 sed
2049 2104 2233 2158 acerbi
2284 2103 2593 2158 facinorum
2634 2103 3010 2174 inquisitores,
3049 2111 3105 2157 et
3151 2103 3356 2158 ultores
3382 2117 3480 2156 su-

1895 2211 2054 2259 mus;
2093 2195 2389 2250 tribunalia
2430 2197 2667 2258 adimus,
2699 2195 2876 2267 plagis
2909 2194 3257 2265 subiicimus,
3288 2203 3344 2249 et
3383 2209 3479 2249 ca-

1893 2287 2192 2358 stigatione
2222 2289 2429 2341 utimur
2462 2305 2478 2342 :
2505 2289 2750 2359 nihilque
2776 2303 2883 2342 non
2922 2287 3136 2358 agimus
3173 2296 3286 2341 uta
3317 2286 3477 2341 malis

1892 2394 1996 2436 nos
2019 2379 2344 2449 eripiamus.

1970 2553 2134 2617 Illud,
2175 2551 2421 2607 Venimus
2454 2545 2702 2606 adorare'
2725 2569 2866 2618 eum,
2889 2565 3170 2622 magorum
3194 2549 3478 2622 probitatis

1892 2655 2059 2716 atque
2105 2643 2231 2700 ﬁdei
2281 2644 2496 2714 signum
2531 2653 2633 2699 est.
2669 2642 2774 2710 Qui
2826 2645 2972 2699 enim
3024 2652 3236 2698 tantum
3271 2643 3479 2696 itinerit

1891 2737 2238 2792 intervallum
2287 2735 2494 2793 Christi
2533 2737 2800 2792 adorandi
2861 2737 3038 2808 gratia
3089 2736 3466 2805 confecerunt,

1889 2830 2022 2899 quid
2060 2845 2170 2885 non
2228 2828 2428 2884 facturi
2466 2839 2624 2885 erant
2668 2831 2715 2886 si
2757 2831 2809 2884 in
2858 2846 2956 2886 sua
3010 2829 3231 2900 regione
3262 2838 3476 2882 tantum

1889 2919 2212 2990 mysterium
2259 2919 2466 2974 editum
2515 2918 2761 2975 fuisset?
2811 2919 3243 2974 Commendandi
3293 2918 3479 2988 itaque

1888 3011 1990 3064 viri
2021 3010 2345 3080 bujusmodi
2373 3018 2498 3066 sunt
2525 3020 2746 3080 propter
2777 3010 2936 3064 ﬁdem
2959 3025 3137 3076 suam,
3171 3019 3335 3080 atque
3359 3022 3478 3064 om-

1891 3101 2024 3156 nino
2054 3101 2279 3156 virtutis
2307 3116 2419 3156 suae
2449 3117 2617 3157 causa
2651 3101 2927 3156 laudandi.
2985 3128 2987 3130 ·

1815 3203 1858 3260 C
1948 3214 2238 3269 Athanasii
2259 3214 2611 3268 Alexandrini
2646 3229 2710 3267 ea:
2733 3214 3166 3282 interpretatione
3193 3214 3248 3266 in
3283 3211 3424 3267 Mat-

2593 3284 2808 3339 tlueum.

1927 3397 2006 3456 De
2039 3413 2235 3456 novem
2271 3399 2672 3455 insanabilibus
2703 3401 2933 3466 morbis,
2964 3403 3167 3472 quibus
3200 3401 3443 3458 Herodes

2443 3493 2676 3552 amictus
2699 3493 2926 3551 interiit.

1445 3694 1608 3757 (Vide
1641 3704 1770 3753 tom.
1807 3695 1895 3765 ΙΙ,
1921 3698 2026 3754 col.
2061 3699 2247 3771 1251.)

433 3862 510 3933 (7)
551 3860 833 3932 Ἐγερθεὶς
859 3861 1168 3930 παράλαϐε
1195 3861 1260 3915 τὸ
1287 3861 1547 3917 παιδίον.

270 3948 441 4018 Οὗτος
496 3955 526 4006 ό
579 3954 735 4024 λόγος
792 3954 1008 4025 ἔλεγχός
1058 3956 1205 4008 ἐστιν
1251 3955 1484 4028 ἀκριόῆς
1548 3957 1649 4027 τῆς
1695 3955 1791 4010 τοῦ

212 4047 618 4119 ’Λπολλιναρίου
666 4047 954 4118 ἀθεότητος
977 4091 992 4114 ,
1052 4049 1294 4112 εἰπόντος
1363 4049 1436 4121 μὴ
1462 4048 1646 4101 λαϐεῖν
1701 4049 1793 4104 τὸν

201 4138 436 4210 Χριστὸν
468 4139 640 4210 ψυχὴν
661 4139 856 4211 νοεράν
876 4183 891 4206 ,
918 4140 1031 4193 ἀλλ’
1056 4136 1197 4195 εἶναι
1245 4141 1406 4213 σῶμα
1457 4141 1617 4211 μόνον
1665 4140 1793 4194 ἄνευ

200 4232 380 4303 ψυχῆς
401 4234 492 4286 καὶ
526 4231 706 4300 λόγου.

273 4326 348 4395 (8)
368 4328 434 4379 Ἡ
467 4325 534 4378 δὲ
557 4325 742 4394 τροφὴ
775 4323 855 4397 ἦν
871 4327 1112 4395 ἀκρίδες
1131 4327 1228 4381 καὶ
1253 4327 1394 4396 μέλι
1429 4327 1786 4398 ἅγριον.”οτι

2279 3863 2512 3936 Surgens
2534 3865 2711 3936 accipe
2741 3879 2962 3934 puerum
2993 3864 3054 3919 ⁸⁸.

1961 3956 2086 4014 Haec
2133 3957 2392 4029 loquendi
2432 3958 2574 4014 ratio
2628 3957 2798 4028 probe
2843 3956 3024 4027 arguit
3071 3955 3476 4026 Apollinarium

1892 4049 2194 4120 impietatis
2229 4067 2242 4104 :
2272 4051 2369 4122 qui
2402 4050 2562 4116 dixit,
2589 4050 2871 4105 Christum
2915 4065 3021 4104 non
3054 4048 3332 4118 accepisse
3351 4049 3474 4103 ani--

1893 4157 2038 4196 mam
2083 4141 2424 4213 intelligendi
2471 4141 2527 4198 vi
2578 4141 2898 4212 praeditam;
2928 4140 3023 4196 sed
3067 4140 3244 4195 solum
3274 4154 3475 4210 corpus

1897 4234 2018 4289 sine
2045 4234 2226 4287 anima
2267 4246 2318 4288 et
2345 4235 2562 4288 ratione
2590 4233 2891 4288 exstitisse.

1967 4326 2129 4381 Cibus
2153 4337 2332 4379 autem
2358 4327 2472 4396 ejus
2496 4335 2650 4380 erant
2686 4323 2912 4388 acrides,
2936 4331 2986 4377 et
3014 4321 3114 4376 mel
3149 4321 3382 4376 silvestre
3403 4320 3470 4377 ”.

201 4414 257 4467 δὲ
283 4417 380 4470 καὶ
413 4418 446 4486 ἡ
481 4415 678 4488 βοτάνη
709 4417 794 4480 τίς
830 4419 978 4470 ἐστιν
1023 4419 1190 4488 ἀκρὶς
1225 4418 1491 4490 λεγομένη
1518 4461 1532 4484 ,
1564 4421 1592 4472 ὁ
1623 4420 1780 4472 Σολο-

1906 4419 2044 4487 ξυιοά
2096 4418 2278 4473 herba:
2319 4434 2492 4488 genus
2539 4418 2816 4488 quoddam
2847 4417 2920 4472 sit
2967 4416 3106 4469 acris
3145 4415 3387 4481 dictum,
3419 4413 3475 4469 id

205 4506 319 4575 μὼν
356 4509 506 4578 ἡμᾶς
537 4508 777 4560 διδάσκει
821 4508 997 4575 λέγων
1019 4525 1031 4537 ·
1096 4507 1367 4576 Ἁνθήσει
1418 4509 1484 4563 τὸ
1517 4510 1783 4579 ἀμύγδα-

201 4604 333 4664 λον,
372 4601 471 4655 καὶ
505 4601 960 4671 παχυνθήσεται
994 4603 1032 4668 ἠ
1065 4602 1260 4670 ἀκρίς.
1327 4603 1464 4655 Ἀλλ’
1510 4604 1630 4657 οὐδὲ
1676 4605 1784 4657 πόα

199 4695 283 4757 τίς
303 4696 419 4747 ἐστι
447 4695 506 4747 τὸ
535 4696 655 4764 μέλι
692 4695 905 4766 ἄγριον,
940 4695 1077 4748 ἀλλὰ
1104 4697 1226 4765 μέλι
1255 4695 1424 4760 ὅντως
1449 4695 1661 4767 ἄγριον,
1697 4713 1786 4748 πι-

201 4787 462 4856 κρότατον
491 4786 571 4850 ὃν,
603 4788 698 4840 καὶ
720 4787 866 4857 πάσῃ
903 4785 1090 4852 γεύσει
1116 4786 1393 4857 πολέμιον.

272 4877 367 4939 Τὸ,
401 4877 594 4941 Αὐτὸς
621 4874 776 4945 ὑμᾶς
820 4877 1109 4940 ,βαπτίσει
1142 4877 1212 4929 ἐν
1257 4879 1551 4946 Πιι-εύματι
1598 4879 1742 4947 ἁγίῳ
1768 4920 1782 4942 ,

202 4966 359 5020 τοῦτο
386 4967 555 5038 δηλοῖ,
589 4969 672 5021 ὅτι
698 4967 954 5039 καθαριεῖ
981 4969 1125 5038 ὑμᾶς
1147 4985 1159 4997 ·
1193 4968 1282 5022 διὰ
1313 4969 1372 5022 τὸ
1409 4968 1482 5039 μὴ
1529 4969 1789 5021 δύνασθαι

202 5059 264 5110 τὺ
308 5059 404 5113 τοῦ
447 5060 690 5114 Ἰωάννου
721 5059 1004 5132 βάπτισμα
1047 5062 1206 5115 τοῦτο
1239 5063 1484 5133 ποιῆσαι,
1541 5061 1678 5115 ἀλλὰ
1728 5063 1789 5114 τὸ

204 5150 296 5204 τοῦ
359 5152 628 5223 Χριστοῦ,
688 5153 746 5216 ὃς
797 5155 891 5206 καὶ
944 5153 1162 5222 ἀφιέναι
1220 5154 1494 5225 ἁμαρτίας
1540 5155 1790 5220 ἐξουσίαν

207 5242 336 5312 ἔχει.

273 5418 320 5451 ⁵⁸
348 5417 536 5473 Matth.
571 5435 649 5484 ιι,
679 5418 767 5472 ΞΟ.
848 5421 890 5451 ⁵⁸
920 5419 1108 5477 Matth.
1157 5435 1249 5483 ιιι,
1288 5419 1340 5473 4.

276 5616 519 5685 (6)Edit.
563 5617 786 5687 Atinam,
835 5635 888 5690 p.
925 5619 1090 5688 1006,
1131 5637 1194 5676 ex
1237 5578 1679 5680 Possiniicatcna
1723 5623 1778 5677 in

208 5683 540 5741 Mattlueum.

278 5757 354 5822 (7)
393 5755 530 5814 Ibid.

1433 5418 1476 5450 σο
1506 5417 1648 5474 Eccl.
1680 5421 1836 5489 “1,5.

1893 4527 1994 4567 nos
2023 4510 2284 4565 Salomon
2319 4511 2510 4565 edocet
2566 4511 2654 4566 bis
2701 4510 2922 4564 verbis:
2960 4506 3195 4562 Florebit
3223 4507 3475 4577 amygda-

1891 4604 2022 4668 lum,
2055 4613 2102 4657 et
2127 4604 2495 4673 coagulabitur
2514 4604 2652 4658 acris
2678 4603 2743 4656 °°.
2772 4603 2878 4657 Sed
2902 4601 3008 4656 mel
3044 4600 3173 4655 illud
3199 4600 3470 4664 silvestre,

1891 4711 2000 4750 non
2033 4695 2224 4762 herba,
2259 4696 2350 4750 sed
2383 4696 2490 4749 mel
2521 4710 2710 4749 revera
2741 4695 3012 4760 silvestre,
3053 4691 3470 4750 acerbissimum

1892 4801 1956 4842 ac
1979 4787 2162 4856 gustui
2199 4785 2632 4857 ingratissimum
2665 4794 2770 4840 est.

1959 4875 2136 4931 Illud:
2170 4874 2290 4944 Ipse
2319 4892 2406 4929 vos
2451 4875 2748 4945 baptizabit
2781 4877 2835 4928 in
2864 4873 3070 4945 Spiritu
3109 4884 3293 4930 sancto
3317 4875 3384 4941 “,
3414 4871 3492 4945 id;

3470 4933 3482 4996 ἱ

1892 4968 2135 5036 denotat,
2167 4969 2312 5038 quod
2356 4969 2472 5038 ipse
2505 4982 2603 5021 vos
2633 4977 2966 5036 purgaturus
3000 4968 3073 5022 sit
3104 4985 3116 5020 :
3152 4966 3280 5036 quia
3316 4965 3466 5022 scili-

1891 5073 1976 5116 cet
2025 5062 2076 5114 id
2125 5071 2387 5130 praastare
2429 5075 2537 5114 non
2589 5060 2733 5113 valet
2758 5056 2989 5113 Joannis
3037 5058 3343 5128 baptisma;
3373 5058 3466 5112 sed

1891 5152 2117 5216 Christi,
2169 5154 2261 5222 qui
2313 5153 2478 5206 etiam
2527 5151 2841 5206 remittendi
2877 5159 3100 5217 peccata
3147 5158 3469 5219 potestatem

1893 5245 2072 5298 habet.

1923 5420 1964 5448 “
1997 5417 2184 5472 Matth.
2227 5435 2308 5480 ιιι,
2349 5419 2429 5472 Η.

1962 5620 2035 5689 (8)
2062 5619 2316 5675 Eumdem
2348 5620 2512 5688 hujus
2538 5621 2706 5690 vocis,
2737 5620 2894 5690 ἀκρίς
2917 5659 2930 5682 ,
2959 5618 3459 5690 interpretationem

1884 5687 2086 5746 videsis
2111 5692 2252 5762 apud
2279 5687 2544 5748 Isidorum
2568 5689 2699 5756 Pcl.,
2726 5691 2756 5744 ι.
2787 5687 2825 5758 ι,
2844 5705 2930 5759 ep.
2985 5688 3085 5742 H2
3103 5687 3276 5743 fusius
3299 5702 3461 5741 enar-

1879 5770 2075 5819 ratam.

3488 5312 3500 5347 l
