3860 6220
403 339 541 399 1567

1259 344 1318 398 S.
1368 340 1732 398 ATHANASII
1773 340 1923 396 OPP.
1960 341 2139 396 PARS
2175 341 2264 398 lll.
2299 372 2369 383 —-
2400 341 2807 397 EXEGETICA.

3524 344 3664 399 1368

475 458 534 515 Si
566 458 744 514 Filius
778 459 871 514 Dei
893 477 945 515 es
968 460 1156 527 ".Qui
1180 461 1247 516 ad
1263 462 1507 532 singulas
1539 460 1866 516 tentationes
1898 460 1972 514 ita

2146 464 2217 514 Εἰ
2246 462 2377 528 Υἱὸς
2406 458 2463 515 εἷ
2490 462 2594 515 τοῦ
2627 460 2796 514 Θεοῦ.
2830 459 2927 511 Διὰ
2959 459 3009 510 τί
3044 460 3164 513 καθ’
3196 460 3435 529 ἑκάστην
3467 464 3664 531 πεῖραν

398 552 650 608 diabolus
685 552 1014 623 interrogat:
1040 551 1102 608 Si
1142 553 1315 607 Filius
1357 553 1452 607 Dei
1482 556 1579 609 es?
1609 553 1663 607 ld
1711 553 1969 607 nimirum

397 648 475 703 ait
502 648 568 702 ad
598 662 787 701 eorum
822 648 1259 713 similitudinem,
1292 665 1415 719 qua!
1444 650 1551 717 iam
1580 650 1709 703 olim
1730 650 1784 703 in
1815 665 1966 719 para-

394 740 517 795 diso
547 739 687 793 dixit
722 756 735 791 :
768 739 1036 794 Adamum
1072 742 1216 794 enim
1252 741 1332 795 sic
1361 741 1661 809 alloquitur
1694 757 1707 793 :
1747 740 1866 806 Qua
1887 740 1971 793 die

394 831 749 893 comederitis,
779 833 1081 899 aperientur
1116 835 1256 886 oculi
1284 834 1440 888 vestri
1464 834 1511 866 ”
1534 852 1547 898 ;
1571 849 1681 903 quo
1715 833 1971 887 ostende-

394 933 476 979 ret
501 924 629 989 illis,
664 939 721 978 se
752 940 781 978 ο
815 924 924 979 Deo
956 924 1131 980 fuisse
1172 926 1448 995 deceptos.
1479 924 1846 991 Quamobrem
1879 924 1968 979 hic

392 1033 610 1087 quoque
655 1018 719 1071 ad
749 1018 960 1088 singula
996 1019 1137 1074 dicta
1172 1019 1390 1074 assidue
1442 1020 1662 1087 repetit,
1693 1017 1751 1071 Si
1792 1016 1967 1072 Filius

396 1111 491 1162 Dei
515 1126 605 1172 es;
650 1110 703 1164 id
734 1120 835 1175 est,
882 1111 928 1166 si
969 1127 1071 1165 vox
1106 1126 1227 1180 quae
1263 1119 1313 1165 te
1362 1111 1563 1165 Filium
1589 1111 1802 1165 vocavit
1841 1126 1967 1164 vera

391 1210 494 1263 est,
545 1216 714 1271 quare
754 1218 864 1258 non
908 1203 1203 1259 conﬁrmas
1250 1217 1370 1257 eam
1396 1243 1412 1270 ,
1447 1202 1659 1274 agendo
1699 1218 1821 1272 quae
1869 1202 1967 1257 tibi

390 1294 552 1348 dico?

462 1471 662 1526 Dorens
690 1474 744 1526 in
784 1476 1063 1544 synagogis
1104 1490 1284 1529 eorum
1308 1475 1373 1529 “.
1415 1474 1600 1529 Palam
1628 1470 1881 1529 Christus
1911 1483 1967 1529 et

388 1580 513 1618 cum
553 1565 749 1619 fiducia
798 1565 989 1634 docet;
1024 1575 1085 1621 ut
1136 1567 1359 1622 credant
1400 1566 1477 1620 illi
1515 1566 1728 1637 (Judaei)
1758 1566 1962 1621 doctri-

391 1670 516 1709 nam
554 1670 707 1711 suam
742 1674 851 1711 non
884 1674 1004 1713 esse
1037 1660 1139 1729 legi
1168 1660 1523 1714 contrariam.
1560 1658 1716 1726 Quod
1753 1661 1965 1716 scilicet

388 1748 627 1802 maxime
651 1750 896 1804 omnium
919 1750 1139 1807 Iudaeos
1178 1752 1231 1806 in
1268 1752 1509 1807 furorem
1551 1752 1815 1809 adversus
1835 1768 1959 1809 eum

389 1840 715 1894 concitabat.

466 1930 614 1985 Beati
660 1934 753 2003 qui
793 1934 1033 1989 esuriant
1080 1945 1128 1990 et
1183 1938 1371 1991 sitiunt
1410 1936 1688 2005 justitiam
1719 1939 1783 1989 ⁸⁸.
1818 1936 1960 1992 Esu-

390 2023 592 2078 rientes
621 2038 683 2078 ac
740 2026 988 2082 sitientes
1018 2027 1286 2097 justitiam
1333 2029 1467 2083 dicit
1500 2042 1614 2093 eos,
1647 2027 1739 2097 qui
1795 2028 1961 2082 alacri

387 2130 455 2171 ac
490 2115 700 2171 fervido
736 2118 920 2173 animo
949 2119 1220 2188 justitiam
1259 2128 1533 2174 exercent.
1562 2118 1964 2172 Saturabuntur

386 2206 558 2268 enim,
596 2206 693 2271 ait,
724 2216 780 2261 et
808 2208 861 2260 in
914 2207 1015 2263 hac
1047 2208 1180 2273 vita,
1206 2223 1273 2262 eo
1320 2208 1465 2277 quod
1499 2208 1689 2277 paucis
1723 2208 1963 2261 contenti

387 2301 535 2365 sint;
576 2300 859 2369 multoque
890 2300 1064 2370 magis
1090 2300 1143 2354 in
1188 2300 1395 2364 futura,
1427 2309 1618 2371 utpote
1648 2315 1772 2355 cum
1796 2299 1956 2354 Chrio

388 2399 475 2445 sto
503 2405 717 2461 semper
742 2392 1033 2457 versaturi,
1067 2393 1161 2451 ubi
1193 2409 1367 2463 neque
1396 2392 1555 2447 dolor
1581 2408 1758 2463 neque
1784 2392 1963 2448 luctus

386 2484 514 2538 erit.

458 2573 616 2628 Beati
638 2575 832 2629 mundo
861 2577 1035 2643 corde,
1055 2580 1299 2647 quoniam
1324 2578 1425 2643 ipsi
1450 2577 1615 2631 Deum
1632 2577 1877 2631 videbunt
1894 2577 1959 2629 ⁸⁸.

388 2664 527 2732 Quia
549 2668 800 2737 quisquis
826 2671 974 2724 omni
1005 2670 1319 2740 cupiditatis
1367 2669 1654 2725 aﬂ‘ectione
1681 2684 1777 2724 cor
1799 2683 1959 2724 suum

385 2759 658 2829 purgavit,
703 2762 921 2830 propria
961 2762 1012 2815 in
1059 2760 1465 2831 pulchritudine
1512 2758 1710 2813 divime
1748 2767 1962 2813 natura:

382 2850 534 2905 videt
579 2850 893 2922 imaginem.
927 2851 1065 2921 Apta
1105 2852 1251 2905 enim
1284 2861 1365 2907 est
1403 2851 1601 2905 animm
1647 2852 1859 2920 puritas
1893 2851 1960 2905 ad

386 2942 561 2998 Deum
591 2958 689 3013 per
712 2944 946 3013 seipsam
978 2944 1367 3013 speculandum
1400 2942 1552 3014 [βίω
1572 2943 1624 2995 in
1655 2942 1834 3012 seipsa
1861 2957 1959 2998 ex-

385 3034 783 3107 primendum].

830 3128 1112 3181 Athanasii
1140 3128 1513 3183 Alexandrini.

384 3232 762 3311 Ex__ser_mqne_
792 3246 955 3311 serto
991 3238 1453 3311 interpretationis
1494 3240 1548 3294 in
1605 3239 1956 3311 Evangelium

456 3306 714 3369 Matthaei,
750 3308 803 3361 in
828 3307 957 3361 illud
985 3326 997 3361 :
1037 3306 1205 3362 Nemo
1239 3311 1463 3363 mundus
1499 3329 1531 3363 a
1556 3313 1727 3376 sorde,
1748 3306 1959 3366 etiamsi

459 3379 614 3430 unius
637 3378 743 3432 diei
776 3378 937 3447 fuerit
960 3379 1069 3431 vita
1096 3380 1208 3448 ejus
1234 3397 1390 3449 super
1417 3391 1614 3435 terram
1648 3383 1716 3433 ⁸⁷.

457 3509 526 3564 At
554 3510 809 3581 ignorant
840 3526 973 3566 sane
1010 3511 1247 3567 haeretici
1280 3514 1431 3576 illud,
1472 3512 1640 3567 Nemo
1669 3514 1897 3567 mundus
1926 3531 1958 3566 a

384 3601 560 3667 sorde,
602 3601 811 3655 etiamsi
857 3603 1015 3656 unius
1048 3602 1151 3656 diei
1177 3604 1335 3671 fuerit
1367 3605 1475 3657 vita
1508 3605 1644 3674 ejus,
1681 3605 1747 3659 de
1799 3615 1958 3658 natu-

389 3694 489 3749 rali
538 3694 699 3749 sorde
747 3709 910 3763 quam
952 3710 1018 3749 ex
1055 3704 1210 3749 utero
1243 3697 1435 3752 matris
1482 3712 1740 3767 egressus
1776 3697 1959 3752 infans

384 3802 571 3842 secum
604 3785 779 3847 aﬂ‘ert,
806 3786 1006 3840 dictum
1040 3784 1229 3841 fuisse.
1251 3785 1617 3853 Quamobrem
1652 3788 1961 3857 aitlegisla-

387 3890 471 3934 tor
503 3877 712 3950 Moyses
747 3877 814 3941 ⁸⁸,
848 3878 1127 3934 mulierem
1164 3881 1377 3933 enixam
1427 3879 1767 3935 immundam
1810 3896 1956 3947 esse,

384 3986 487 4034 pro
511 3970 760 4025 masculo
784 3969 1144 4041 quadraginta
1174 3969 1389 4033 diebus,
1426 3986 1523 4039 pro
1549 3969 1774 4037 femina,
1806 3982 1957 4025 octo-

386 4068 558 4136 ginta,
593 4064 666 4119 ob
717 4063 979 4133 majorem
1037 4062 1246 4118 scilicet
1294 4070 1504 4116 natura:
1552 4062 1957 4125 humiditatem.

385 4156 543 4223 Quod
571 4157 618 4211 si
661 4170 770 4211 non
813 4154 886 4209 ita
930 4164 1073 4209 esset
1102 4162 1161 4208 ut
1195 4154 1283 4209 lex
1327 4152 1530 4225 Moysis
1563 4152 1737 4219 eﬂ‘ert,
1771 4154 1855 4209 vel
1889 4169 1955 4208 ex

384 4251 499 4317 ipsa
534 4259 745 4303 natum
774 4247 987 4301 ratione
1023 4256 1344 4317 argumenta
1375 4248 1667 4302 adversum
1711 4247 1955 4301 mutuari

407 4352 595 4395 meret.
636 4339 790 4405 Quod
824 4340 969 4393 enim
1007 4351 1294 4409 peccatum
1335 4340 1623 4394 admittere
1651 4338 1830 4393 infans
1864 4355 1958 4392 va--

382 4433 512 4495 leat,
546 4432 705 4502 cujus
732 4431 843 4490 vita
873 4431 1040 4486 unius
1076 4432 1181 4485 diei
1218 4429 1422 4486 fuerit?
1445 4431 1825 4487 Adulterium?
1856 4431 1957 4485 mi-

2076 554 2232 607 τοῦτο
2257 556 2434 626 ἐρωτᾷ
2454 555 2545 608 τὸν
2574 552 2806 625 Χριστὸν
2830 553 2859 604 ὁ
2882 551 3148 615 διάϐολος,
3184 551 3357 619 λέγων
3375 569 3389 581 ·
3424 556 3495 606 El
3528 553 3664 618 Υἱός

2072 644 2131 701 εἴ
2149 647 2254 701 τοῦ
2285 648 2473 709 Θεοῦ;
2536 646 2675 700 Καθ’
2720 645 3014 716 ὁμοιότητα
3056 647 3167 709 τοῖς
3208 645 3475 716 πρότερον
3510 646 3664 715 αὐτῷ

2072 739 2421 809 λελεγμένοις
2446 740 2503 790 ὲν
2529 736 2607 807 τῷ
2632 737 2947 807 παραδείσῳ
2968 736 3140 790 ταῦτα
3163 736 3478 807 φθέγγεται.
3521 735 3663 791 Εἷπε

2070 831 2335 901 γάροπρὸς
2354 830 2445 883 τὸν
2482 830 2654 901 ’Δδάμ
2672 846 2686 860 ·
2712 825 2797 901 τῌ
2823 829 2873 882 δ⁴
2892 829 2968 882 ἂν
2987 828 3175 898 ἡμέρᾳ
3198 828 3445 899 φάγητε,
3474 830 3663 883 διαν-

2070 920 2455 989 οιχθήσονται
2502 922 2671 991 ὑμῶν
2722 924 2775 975 οἱ
2816 922 3144 990 ὀφθαλμοί·
3176 919 3437 974 δεικνύων
3471 922 3661 983 αὐτοῖς

2069 1012 2247 1083 δῆθεν,
2280 1014 2356 1077 ὡς
2389 1016 2733 1086 ἠπατημένοι
2777 1016 2915 1067 εἰσὶν
2958 1014 3063 1066 ὑπὸ
3098 1013 3195 1066 τοῦ
3234 1014 3391 1066 Θεοῦ.
3437 1014 3530 1066 Διὸ
3561 1014 3662 1066 καὶ

2071 1106 2312 1176 συνεχῶς
2349 1107 2599 1177 ἐπιφέρει
2635 1106 2867 1161 ἐνταῦθα
2903 1107 3025 1159 καθ’
3062 1107 3290 1160 ἕκαστον
3317 1107 3425 1159 τῶν
3454 1107 3657 1161 ἑαυτοῦ

2068 1197 2260 1263 λόγων,
2301 1198 2362 1250 τὸ
2384 1239 2399 1261 ,
2436 1201 2505 1252 Ei
2545 1200 2675 1264 Υἰίις
2701 1196 2761 1252 εἷ
2795 1199 2963 1262 Θεοῦ,
2996 1199 3292 1261 τουτέστιν,
3336 1201 3383 1251 εί
3414 1200 3448 1269 ἡ
3499 1200 3659 1270 φωνὴ

2067 1290 2275 1361 ἀληθής
2306 1293 2453 1344 ἐστιν
2495 1294 2528 1362 ή
2575 1292 2853 1345 καλέσασά
2884 1307 2944 1344 σε
2971 1292 3119 1354 Υἱὸν,
3151 1292 3202 1344 τί
3231 1292 3292 1344 οὐ
3326 1291 3530 1362 ταύτην
3565 1291 3659 1361 βε-

2068 1383 2242 1446 6αιοίς
2269 1384 2347 1454 τῷ
2381 1386 2641 1455 πράττειν
2668 1386 2703 1438 ἃ.
2725 1402 2805 1438 σοι
2836 1386 3011 1454 λέγω;

2137 1475 2445 1529 Διδάσκων
2473 1477 2542 1529 ἐν
2569 1476 2695 1541 ταῖς
2732 1478 3113 1547 συναγωγαῖς
3147 1478 3364 1533 αὐτῶν.
3395 1481 3657 1552 Φανερῶς

2066 1566 2094 1616 ὀ
2123 1565 2357 1637 Χριστὸς
2382 1568 2474 1619 καὶ
2506 1567 2645 1637 μετὰ
2667 1569 2981 1639 παρρησίας
3009 1568 3285 1623 διδάσκει·
3321 1570 3407 1623 ἵνα
3432 1571 3658 1624 πιστεύ-

2070 1674 2253 1721 σωσιν,
2289 1660 2370 1712 ὅτι
2412 1658 2446 1713 ἃ
2487 1659 2744 1723 διδάσκει,
2774 1662 2873 1714 οὐκ
2903 1662 3121 1714 ἐναντία
3150 1662 3407 1733 τυγχάνει
3458 1663 3537 1733 τῷ
3566 1664 3655 1716 νό-

2072 1766 2189 1821 μῳ·
2226 1751 2254 1803 δ
2281 1750 2345 1822 δὴ
2381 1754 2473 1805 καὶ
2514 1754 2641 1816 τοὺς
2685 1754 2972 1816 Ἰουδαίους
3009 1753 3206 1825 μᾶλλον
3246 1754 3478 1825 ἐξέμηνε
3526 1756 3652 1808 κατ’

2065 1842 2228 1895 αὑτοῦ
2238 1883 2251 1897 .

2135 1934 2425 2003 Μακάριοι
2460 1938 2515 1989 οἱ
2536 1936 2862 2003 πεινῶντες
2919 1937 3019 1991 και
3070 1937 3365 2006 διψῶντες
3398 1938 3518 2003 τὴν
3562 1936 3655 1989 δι·-

2064 2026 2418 2093 καιοσὺνην.
2446 2028 2755 2090 Πεινῶντας
2777 2030 2872 2083 καὶ
2897 2028 3164 2099 διψῶντας
3182 2031 3279 2100 τὴν
3301 2030 3654 2100 δικαιοσύνην

2064 2114 2212 2184 λέγει
2243 2120 2370 2181 τοὺς
2396 2120 2533 2188 μετὰ
2572 2119 2883 2190 προθυμίας
2913 2122 3007 2173 καὶ
3042 2121 3276 2192 ὀρέξεως
3312 2123 3413 2192 τὴν
3440 2122 3625 2175 δικαιο

2068 2208 2234 2278 σύνην
2254 2211 2561 2274 ποιοῦντας.
2581 2212 3109 2281 Χορτασθήσονται
3125 2214 3250 2285 γὰρ,
3271 2233 3342 2285 φη
3353 2217 3425 2278 σι,
3445 2218 3539 2267 καὶ
3561 2218 3651 2269 ὲν-

2063 2298 2235 2352 ταύθα
2258 2300 2333 2363 ὡς
2363 2300 2565 2368 ὀλίγοις
2601 2303 2960 2373 ἀρκούμενοι·
2996 2303 3176 2373 πολλῷ
3201 2305 3255 2357 δὲ
3295 2305 3457 2359 πλέον
3495 2308 3552 2358 ὲν
3580 2311 3649 2379 τῇ

2068 2390 2335 2463 μελλούσῃ
2364 2392 2498 2463 ζωῇ,
2523 2393 2598 2456 ὡς
2625 2396 2713 2447 ἀεὶ
2748 2395 2885 2465 μετᾶ
2908 2396 3141 2467 Χριστοῦ
3180 2397 3462 2467 διάγοντες
3482 2420 3495 2431 ·
3520 2400 3653 2455 ἔνθα

2063 2480 2186 2533 οὔτε
2225 2482 2369 2554 λύπη
2398 2483 2523 2536 οὔτε
2557 2486 2861 2555 στεναγμός
2887 2487 3057 2539 ἐστιν.

2134 2573 2420 2642 Μακάριοι
2450 2578 2505 2628 οι
2535 2577 2779 2645 καθαροὶ
2807 2575 2880 2644 τῇ
2906 2577 3141 2645 καρδίᾳ,
3175 2578 3264 2632 ὅτι
3300 2582 3471 2635 αὐτοὶ
3501 2583 3653 2636 Θεὸν

2065 2663 2339 2731 ὄψονται.
2375 2665 2498 2718 Ὅτι
2527 2666 2556 2717 ὁ
2573 2666 2753 2737 πάσης
2783 2667 3063 2737 ὲμπαθοῦς
3083 2668 3376 2734 διαθέσεως
3400 2671 3502 2741 τὴν
3519 2671 3650 2723 ἐαυ-

2060 2756 2154 2809 τοῦ
2182 2756 2411 2827 καρδίαν
2430 2758 2787 2831 ἀποκαθάρας
2817 2762 2878 2812 ὲν
2900 2760 2979 2829 τῷ
3010 2760 3124 2830 ἰδίῳ
3153 2761 3341 2814 κάλλει
3364 2762 3468 2832 τῆς
3492 2762 3649 2828 θείας

2063 2848 2277 2919 φύσεως
2312 2849 2521 2922 καθορᾷ
2559 2850 2654 2921 τὴν
2685 2852 2888 2904 εἰκόνα.
2924 2854 3103 2925 ’ῐκανὴ
3133 2854 3241 2924 γὰρ
3265 2856 3298 2924 ἡ
3335 2855 3437 2925 τῆς
3465 2855 3652 2926 ψυχῆς

2063 2942 2373 3012 καθαρότης
2404 2942 2522 2994 ἐστὶ
2544 2942 2637 2995 τὸν
2670 2942 2803 2995 Θεὸν
2835 2942 2902 2995 δι’
2935 2944 3136 3013 ἑαυτῆς
3162 2944 3646 3015 κατοπτρίζεσθαι.

2426 3126 2780 3180 Ἀθανασίου
2820 3126 3289 3195 Ἀλεξανδρείας,

2136 3235 2209 3302 (9)
2235 3236 2367 3306 Περὶ
2392 3236 2507 3301 τοῦ,
2540 3237 2749 3303 Οὐδεὶς
2770 3236 3383 3359 καθαέὸςάπὺρύποιν,
3415 3239 3523 3293 ἐὰν
3546 3238 3649 3294 καὶ

2136 3323 2169 3359 α
2198 3306 2388 3359 ’ἡμέρα
2429 3311 2461 3359 ὁ
2502 3308 2642 3359 λείου
2675 3308 2861 3359 αὐτοῦ
2938 3310 3003 3359 πὶ
3035 3308 3145 3359 τῆτι
3171 3308 3304 3359 rﬁr.
3336 3310 3431 3359 τὶς
3465 3312 3646 3359 έοωηη

2057 3305 2169 3383 μίςι
2198 3305 2388 3383 ἡμέρα
2429 3308 2642 3383 δηξίρς
2667 3305 3003 3383 ρίττοιὶὲπὶ
3035 3308 3145 3383 τῆς
3171 3308 3304 3383 πῆςν
3465 3312 3646 3383 iam?

2063 3374 2210 3438 νείας
2239 3377 2331 3429 τοῦ
2358 3376 2500 3431 κατά
2533 3378 2810 3432 Ματθαῖον
2838 3374 3359 3447 Εύαγγελίουλὸγου
3388 3374 3461 3443 ξ.

2146 3509 2284 3562 Ἀλλ’
2306 3508 2429 3563 οὔτε
2458 3509 2635 3565 ἴσασιν
2654 3514 2703 3564 οἱ
2730 3513 2992 3583 αἱρετικοὶ
3013 3511 3094 3577 τὸ,
3125 3512 3335 3578 Οὐδεὶς
3385 3514 3648 3581 καθαρὸς

2061 3600 2180 3654 ἀπὸ
2200 3603 2420 3668 ῥύπου.
2450 3603 2579 3656 οὐδ’
2607 3603 2687 3657 ἂν
2706 3605 2815 3673 μία
2854 3606 3043 3673 ἡμέρα
3082 3609 3114 3658 ὀ
3136 3605 3277 3670 ,ϐίος
3306 3604 3492 3658 αὐτοῦ
3511 3624 3524 3635 ·
3557 3606 3647 3659 ὅτι

2062 3693 2260 3765 ἐρρέθη
2294 3694 2540 3766 περὶτοῦ
2574 3696 2805 3763 φυσικοῦ
2843 3697 3014 3767 ῥύπου
3036 3739 3049 3758 ,
3092 3697 3120 3749 ὃ
3162 3696 3542 3766 ὲπικομίζεται
3582 3697 3649 3749 τὸ

2063 3784 2263 3856 βρέφος
2290 3785 2643 3857 ἐξερχόμενον
2668 3790 2731 3840 ἐκ
2751 3787 2850 3857 τῆς
2882 3788 3074 3858 νηδύος
3096 3788 3195 3858 τῆς
3220 3789 3427 3859 μητρὸς
3450 3787 3643 3841 αὑτοῦ.

2061 3878 2151 3930 Διὸ
2175 3880 2267 3931 καὶ
2296 3881 2323 3932 ὁ
2345 3879 2688 3951 νομογράφος
2709 3881 2952 3950 Μωῦσῆς
2981 3881 3084 3951 ἔφη
3118 3881 3215 3951 τὴν
3237 3881 3526 3933 τίκτουσαν
3553 3897 3647 3948 γυ-

2062 3973 2222 4024 ναῖκα
2249 3968 2387 4023 εἶναι
2431 3972 2762 4043 ἀκάθαρτον,
2795 3972 2887 4024 ἐπὶ
2938 3972 3037 4042 μὲν
3068 3971 3146 4042 τῷ
3180 3973 3368 4043 ἄρρενι
3399 3978 3453 4042 μ’
3497 3972 3647 4077 ἐξιέ-

2063 4079 2205 4133 ραις,
2238 4062 2330 4114 ἐπὶ
2354 4063 2410 4115 δὲ
2430 4062 2507 4133 τῷ
2546 4062 2697 4133 θήλει
2744 4061 2797 4114 π’
2830 4062 2919 4115 διὰ
2962 4062 3024 4115 τὸ
3066 4062 3362 4133 ὑγρότερον
3414 4061 3515 4131 τῆς
3532 4061 3647 4130 ’φύ-

2063 4170 2218 4217 σεως.
2254 4155 2315 4206 Εἰ
2342 4154 2397 4207 δὲ
2420 4155 2521 4207 οὐκ
2550 4153 2697 4207 ἐστιν
2733 4153 2907 4217 οὕτως
2957 4154 3033 4216 ὼς
3084 4153 3197 4224 ἔχει
3228 4156 3257 4210 ὁ
3285 4154 3449 4225 νόμος
3478 4156 3646 4207 Man)-

2063 4244 2218 4307 σέως,
2251 4244 2405 4315 καὶὴ
2450 4244 2655 4316 φυσικὴ
2689 4243 2976 4299 ἀκολουθία
3002 4242 3163 4295 δώσει
3208 4244 3366 4312 λόγον
3418 4243 3645 4307 ἐξενανο

2059 4338 2213 4399 τίαςο
2247 4336 2405 4389 ποίαν
2433 4336 2656 4390 δύναται
2707 4336 2928 4406 ποιῆσαι
2976 4338 3038 4389 τὸ
3082 4336 3293 4389 παιδίον
3345 4335 3643 4406 ἁμαρτίαν,

2060 4424 2120 4482 οὗ
2148 4429 2244 4498 μία
2281 4429 2465 4499 ἡμέρα
2496 4431 2527 4499 ἡ
2562 4428 2674 4499 ζωὴ
2703 4429 2867 4482 αὑτοῦ
2894 4446 2907 4494 ;
2947 4429 3209 4501 Μοιχείαν
3234 4446 3249 4493 ;
3277 4428 3338 4481 οὒ
3370 4428 3590 4489 πάντως
3627 4447 3642 4458 ·

380 4521 531 4577 nime
560 4522 825 4591 gentium.
858 4536 982 4575 cum
1033 4536 1141 4575 non
1189 4521 1241 4575 in
1283 4522 1560 4591 voluptate
1593 4521 1787 4591 vigeat.
1819 4518 1954 4575 For-

2073 4519 2120 4571 >ύ
2153 4519 2260 4589 γὰρ
2290 4518 2529 4589 ἀκμάζει
2560 4522 2618 4572 ὲν
2653 4524 2717 4591 τῇ
2753 4521 2937 4590 ἡδονῇ.
2966 4520 3263 4591 Πορνείανς
3291 4517 3414 4571 οὐδὲ
3444 4517 3644 4578 οὓτως,

383 4613 754 4673 nicationem?
787 4613 958 4669 nihilo
1006 4614 1204 4683 magis,
1240 4629 1362 4669 cum
1405 4628 1517 4666 non
1551 4612 1623 4667 sit
1655 4612 1781 4667 talis
1813 4627 1947 4665 con-

380 4704 732 4775 cupiscentiae
759 4719 949 4773 capax.
998 4703 1250 4759 Caedem?
1282 4704 1350 4758 At
1394 4702 1677 4758 mortifera
1714 4703 1824 4758 tela
1856 4718 1951 4774 ge-

382 4808 532 4852 stare
563 4796 767 4867 nequit.
803 4795 1152 4867 Perjurium?
1182 4797 1275 4851 sed
1301 4796 1633 4851 articulatim
1663 4794 1955 4850 vociferari

381 4907 491 4946 non
519 4890 681 4945 valet.
714 4888 1049 4943 Avaritiam?
1080 4888 1174 4943 sed
1206 4903 1385 4957 neque
1425 4887 1659 4941 alienam
1686 4886 1835 4940 novit
1865 4901 1955 4955 pe-

380 4983 624 5048 cuniam,
661 4996 836 5051 neque
860 4995 1039 5036 suam.
1072 4977 1187 5039 lino
1213 4979 1742 5049 etiam-injuriarum
1796 4993 1955 5047 pror-

384 5089 479 5130 sus
514 5074 867 5127 immemores
910 5071 1122 5142 parvuli
1155 5081 1311 5136 sunt;
1347 5085 1469 5127 nam
1517 5070 1691 5124 donec
1723 5070 1791 5123 ad
1827 5069 1957 5122 viri-

381 5170 486 5223 lem
515 5176 728 5223 tetatem
748 5166 1113 5238 pervenerint,
1141 5166 1412 5220 verberati
1447 5174 1765 5233 precantur,
1794 5172 1959 5239 atque

377 5259 523 5328 pulsi
556 5275 667 5316 non
707 5274 829 5315 sese
856 5256 1159 5314 vindicant.
1200 5255 1355 5314 Unde
1385 5266 1438 5311 et
1470 5255 1734 5310 Dominus
1764 5255 1834 5311 iis
1863 5256 1956 5325 qui

378 5352 432 5405 in
467 5366 527 5407 se
563 5352 794 5408 credunt
819 5352 893 5406 ait
927 5370 940 5403 :
986 5350 1107 5406 Nisi
1134 5350 1367 5404 conversi
1425 5349 1634 5418 fueritis
1671 5357 1720 5401 et
1760 5348 1954 5417 efﬁcia-

376 5443 509 5497 ιηἰηὶ
548 5444 684 5498 sicut
713 5442 956 5513 parvuli,
989 5459 1093 5498 non
1130 5442 1402 5496 intrabitis
1456 5442 1510 5494 in
1549 5457 1763 5512 regnum
1793 5439 1949 5494 caelo-

461 5578 506 5610 “
540 5577 726 5633 Matth.
761 5596 834 5639 Iv,
872 5580 925 5633 5.
1014 5580 1059 5612 ⁸⁸
1084 5578 1217 5635 Gen.
1260 5595 1344 5643 Ill,
1374 5578 1425 5631 4.
1508 5575 1552 5607 θλ
1583 5574 1770 5629 Matth.
1808 5592 1889 5639 tv,
1925 5576 2014 5631 ξεῖ».

330 5721 349 5743 1
378 5646 423 5683 ⁸⁸
447 5646 620 5704 Levit.
655 5665 752 5713 ιιι,
791 5650 901 5704 2-5.

455 5781 529 5860 (θ)
570 5782 647 5843 Ex
679 5783 864 5841 codice
886 5784 1053 5858 Regio
1087 5787 1239 5853 1995,
1266 5802 1297 5843 ι
1327 5786 1536 5853 saeculi,
1578 5784 1614 5841 Ι.
1650 5784 1771 5841 319.

2058 4610 2187 4662 ὄντα
2214 4612 2370 4673 ἐκτὸς
2400 4612 2499 4681 τῆς
2530 4612 2781 4683 τοιαύτης
2810 4611 3064 4683 ὀρέξεως.
3102 4612 3292 4675 Φόνονς
3326 4610 3441 4664 ἀλλ’
3491 4611 3645 4679 ἀμη-

2061 4706 2215 4771 χανεῖ
2242 4701 2506 4771 βαστάσαι
2546 4703 2708 4756 ὅπλον
2751 4704 3004 4759 θανάτου.
3050 4703 3461 4773 Ἐπιορκῆσαι;
3504 4701 3645 4754 ἀλλὰ

2060 4796 2197 4860 τέως
2221 4797 2467 4849 λείπεται
2495 4797 2593 4869 τῆς
2628 4797 2891 4870 ἐνάρθρου
2934 4795 3137 4865 φωνῆς.
3188 4794 3593 4864 Πλεονεκτῆσαι
3628 4811 3644 4856 ;

2061 4888 2174 4941 ἀλλ’
2206 4890 2307 4943 οὐκ
2333 4889 2445 4960 ἔχει
2476 4889 2680 4959 γνῶσιν
2710 4889 2817 4942 τῶν
2847 4889 3142 4958 ἀλλοτρίων
3173 4890 3494 4959 χρημάτων,
3525 4887 3645 4941 ἀλλ’

2060 4980 2183 5035 οὔτε
2213 4982 2321 5039 τῶν
2355 4983 2521 5036 ἰδίων,
2574 4983 2687 5054 Τῆς
2714 4982 2771 5035 δὲ
2815 4981 3166 5047 ἀνεξικακίας
3200 4984 3306 5036 εἰσὶ
3346 4982 3643 5052 πεπληρω-

2060 5074 2195 5144 μένα
2218 5074 2287 5128 τά
2308 5076 2480 5145 νήπια
2499 5092 2510 5107 ’
2541 5076 2645 5138 ἓως
2672 5075 2781 5148 γὰρ
2810 5074 3136 5146 ἀνδρυθῶσι,
3178 5076 3271 5127 καὶ
3322 5074 3642 5143 τυπτόμενα

2058 5167 2379 5238 παρακαλεῖ,
2413 5168 2504 5221 καὶ
2530 5167 2838 5238 διωκόμενα
2870 5168 2969 5220 οὐκ
3008 5167 3297 5238 ἀμύνεται.
3329 5165 3492 5219 Ὅθεν
3544 5164 3642 5217 καὶ

2054 5260 2083 5310 ὁ
2110 5258 2314 5328 Κύριος
2351 5258 2453 5329 ἔφη
2496 5261 2609 5321 τοῖς
2651 5258 2997 5312 πιστεύουσιν
3032 5259 3114 5323 είς
3148 5258 3339 5311 αὐτόν·
3378 5255 3527 5310 Ἐὰν
3550 5255 3641 5323 μὴ

2060 5345 2367 5417 στραφῆτε
2388 5348 2485 5401 καὶ
2509 5346 2765 5417 γένησθε
2788 5348 2865 5413 ὡς
2892 5349 2965 5403 τὰ
3004 5346 3229 5413 παιδία,
3279 5347 3350 5400 οὐ
3387 5344 3475 5414 μὴ
3507 5346 3638 5397 εισ-

2060 5438 2271 5507 ἐλθητε
2319 5442 2406 5505 εἰς
2439 5438 2555 5509 τὴν
2579 5439 2907 5503 βασιλείαν
2956 5439 3075 5493 τῶν
3128 5437 3419 5506 οὐρανῶν.
3484 5433 3639 5490 Ἐπεὶ

2144 5577 2187 5609 ⁸³
2227 5575 2416 5632 Matth.
2450 5596 2511 5645 ν,
2550 5578 2601 5633 6.
2705 5582 2749 5612 ⁸⁸
2807 5578 2991 5633 Matth.
3031 5577 3082 5633 8.
3166 5578 3209 5608 ⁸⁷
3254 5574 3355 5631 Job
3420 5591 3535 5641 xtv,
3579 5575 3635 5631 4,
