3860 6220
185 303 350 360 1569

1350 311 1780 368 FRAGMENTA
1821 313 1886 367 IN
1931 310 2374 373 MATTHIEUM.

3327 317 3350 371 1
3362 318 3466 373 370

178 411 289 468 οὖν
330 415 547 470 τούτων
574 417 679 470 τῶν
709 419 1119 490 ἁμαρτημάτων
1141 421 1210 474 τά
1233 421 1406 492 βρέφη
1433 425 1655 496 ἀμύητα
1684 425 1742 477 ὑτ

1862 473 1866 484 .
1903 444 2019 482 rum
2036 429 2101 484 “.
2136 428 2274 485 Cum
2311 432 2491 501 itaque
2531 434 2854 490 delictorum
2897 431 3208 503 hujusmodi
3233 446 3462 502 prorsus

177 510 370 578 ἀρχει
402 548 420 574 ,
471 507 630 561 ποίαν
659 509 934 581 ἁμαρτίαν
951 511 1062 580 ἔχει
1085 512 1147 564 τὸ
1171 512 1533 584 ἀνθημερινὺν
1553 514 1787 576 παιδίον,

1894 521 2128 590 imperiti
2150 523 2356 591 parvuli
2389 522 2529 589 sint;
2557 524 2728 590 quod,
2743 539 2948 592 quaeso,
2969 531 3246 593 peceatum
3265 521 3462 576 admit-

173 602 230 650 εἰ
263 600 352 670 μὴ
389 598 574 662 καθὼς
600 599 810 670 ἔφημεν
841 601 931 652 τὸν
960 603 1268 672 σωματικὸν
1298 603 1468 674 ῥύπον
1486 622 1500 636 ·
1533 604 1654 658 οὗτε
1682 605 1742 672 μί

1895 623 1970 666 tat
1994 614 2260 682 puerulus
2291 615 2403 684 ipsa
2445 615 2535 669 die
2580 624 2764 679 natus,
2793 615 2918 678 nisi,
2946 615 3022 669 uti
3048 615 3306 677 diximus,
3335 628 3461 667 cor-

171 693 206 744 ὁ
239 691 442 759 λέγων
474 692 576 762 ἔφη
601 708 615 722 ο
640 691 849 758 Οὐδεὶς
895 693 1159 762 καθαρὸς
1196 696 1302 748 ἀπὸ
1321 697 1594 769 ἁμαρτίας
1618 736 1633 760 ,
1672 699 1786 751 ἀλλ’

169 782 310 836 ἀπὸ
327 784 564 850 ῥύπου.

507 900 616 972 (10)
653 901 998 957 Ἀθανασίου
1031 902 1494 975 Ἀλεξανδρείας,

169 1014 318 1087 HQ;
371 1015 597 1087 νοητέον
643 1016 704 1068 τὸ
731 1059 746 1079 ,
780 1017 842 1087 Ὀ
867 1016 1173 1086 ἐμϐλέψας
1223 1018 1480 1087 γυναῖκα
1525 1018 1676 1086 πρὸς
1713 1019 1779 1071 τὸ

249 1085 640 1158 ὲρζιθνυμῆσαι
687 1085 875 1158 αὐτῆς
898 1085 1028 1156 ἤδη
1061 1085 1441 1158 ἐμοίχευσεν
1479 1085 1674 1157 αὐτὴν
1711 1089 1782 1141 ἐν

249 1153 340 1222 τῇ
379 1155 594 1222 καρδίᾳ
621 1157 827 1211 αὐτοῦ.

247 1245 530 1316 Μοιχεύει
559 1250 794 1314 γυναῖκα
843 1251 908 1319 τῇ
945 1248 1144 1320 καρδίᾳ
1171 1250 1397 1313 ἐκεῖνος,
1439 1253 1467 1304 ὁ
1509 1250 1776 1303 συνδιατι-

122 1351 130 1363 ·
167 1335 427 1405 θέμενος
470 1340 536 1409 τῇ
593 1337 810 1409 πράξει,
864 1339 1186 1393 ἀπεκώλυσε
1228 1341 1284 1393 δὲ
1323 1342 1416 1394 τὸν
1445 1342 1702 1405 τοιοῦτον,
1738 1341 1770 1412 ἢ

165 1430 381 1492 τόπος,
419 1429 452 1500 η
504 1430 715 1500 χρόνος,
772 1431 804 1502 ἢ
843 1431 1003 1501 φόϐος
1036 1433 1142 1486 τῶν
1205 1433 1522 1503 Ῥωμαϊκῶν
1573 1433 1769 1504 νόμων.

171 1521 310 1573 Ὅτι
344 1521 410 1574 δὲ
446 1521 651 1588 πολλοὶ,
686 1521 759 1594 μὴ
788 1523 1082 1593 δράσαντες
1106 1523 1202 1594 τὴν
1237 1524 1515 1589 ἀσέϐειαν,
1539 1525 1614 1588 ὡς
1652 1541 1772 1595 μοι-

165 1613 261 1684 χοὶ
286 1613 692 1683 ἐκολάσθησαν,
726 1614 921 1686 ῥᾳδίως
951 1616 1066 1668 ἐστὶ
1092 1616 1218 1679 τοὺς
1245 1616 1455 1680 πάντας
1501 1616 1605 1687 πλη
1616 1633 1772 1688 ροφο-

167 1703 431 1775 ρηθῆναι
458 1707 521 1757 ὲκ
549 1704 646 1758 τού
687 1705 1058 1775 ὐλοφέρνους.
1085 1707 1411 1770 Σπεύδοντος
1435 1711 1542 1777 γάρ
1573 1707 1768 1778 δρᾶσαι

159 1795 231 1849 τὸ
263 1795 472 1864 μύσος,
501 1798 533 1864 ἡ
564 1796 784 1862 ’1ουδὶθ,
817 1797 892 1861 ὼς
930 1798 1094 1868 νόμος
1132 1798 1505 1870 δικαιοσύνης,
1555 1817 1766 1854 σπασα-

166 1889 317 1960 μένη
351 1887 418 1942 τὸ
453 1888 606 1958 ξίφος
633 1890 906 1960 ἀπέτεμεν
938 1889 1102 1944 αὑτοῦ
1139 1891 1238 1962 τὴν
1277 1892 1538 1962 κεφαλὴν,
1570 1894 1764 1946 ἐπικα-

162 1978 464 2050 λεσαμένη
495 1981 574 2042 εἰς
609 1977 862 2051 βοήθειαν
885 1981 978 2033 καὶ
1003 1981 1421 2051 ύπερασπισμὸν
1452 1981 1542 2034 τὸν
1565 1981 1764 2054 δοτῆρα

159 2069 280 2123 τῶν
323 2070 515 2138 νόμων
567 2069 729 2134 Θεὸν,
780 2073 875 2124 καὶ
919 2072 1180 2142 συνεργὸν
1233 2071 1333 2140 τῆς
1388 2074 1756 2145 σωφροσύνης.

170 2161 474 2224 Ὡσαύτως
499 2161 593 2214 καὶ
619 2163 668 2214 οἱ
701 2161 794 2216 δύο
823 2163 1202 2234 πρεσϐύτεροι,
1240 2165 1520 2236 εἰρηκότες
1550 2169 1613 2237 τῇ
1648 2168 1762 2219 Σω-

160 2251 372 2324 σάννῃ,
415 2252 571 2307 Ἰδοὺ
602 2253 672 2305 ἐν
688 2254 966 2322 ἐπιθυμίᾳ
991 2256 1104 2308 σού
1123 2255 1332 2323 ἐσμεν,
1371 2256 1571 2327 καίπερ
1604 2257 1760 2311 τοῦτο

163 2341 243 2414 μὴ
273 2342 617 2414 πράξαντες,
653 2343 728 2406 ὡς
771 2346 950 2414 μοιχοὶ
979 2344 1373 2416 ἐκολάσθησαν,
1415 2349 1509 2401 καὶ
1531 2348 1630 2418 τὴν
1664 2349 1760 2420 ζη-

161 2438 302 2510 μίαν
331 2437 497 2506 ἐσχον
521 2437 767 2491 θάνατον.
801 2437 929 2491 Ἐὰν
948 2435 1042 2492 οὖν
1066 2441 1160 2493 καὶ
1187 2440 1310 2514 ἄρτι
1340 2442 1422 2504 τίς
1443 2443 1560 2494 ἐστι
1584 2441 1759 2495 τοιοῦ-

153 2541 276 2591 τος,
310 2527 636 2590 ἀκόλαστος,
665 2527 930 2599 ἀκρατὴς,
976 2529 1259 2600 ἐπιθυμῶν
1311 2529 1606 2602 ἀλλοτρίων
1658 2547 1755 2598 γυ-

157 2618 399 2682 ναικῶν,
436 2619 578 2672 κατά
613 2619 853 2673 διάνοιαν
892 2619 1164 2690 μοιχεύει·
1197 2623 1225 2674 ὁ
1272 2621 1381 2692 γὰρ
1411 2623 1755 2694 ἡγεμονεύων

154 2711 269 2762 τῶν
297 2707 516 2774 παθῶν,
542 2709 861 2782 καθαρεύων
889 2711 1000 2764 ἀπὸ
1024 2711 1357 2782 ὀφλήματος,
1394 2713 1503 2766 ἀπὸ
1535 2717 1754 2786 αίσχρο-

155 2800 377 2869 λογίας,
402 2793 558 2865 οὗτος
577 2802 678 2855 οὐκ
695 2801 812 2854 ἔστι
835 2803 1040 2874 μοιχὸς,
1076 2803 1212 2856 ἀλλά
1233 2805 1699 2876 παθοκρατορικὸς
1734 2819 1748 2834 ⁶

155 2894 515 2948 ἀναστέλλων
568 2894 629 2947 τὸ
685 2894 923 2965 ἐπαχθὲς
949 2895 1050 2965 τῆς
1092 2896 1282 2967 ἡδονῆς
1307 2897 1384 2967 τῷ
1407 2897 1574 2968 θεῖκῷ
1602 2899 1752 2969 φόϐῳ

156 2987 234 3050 ὡς
275 2986 440 3057 κῦμα
463 2986 752 3041 θαλάσσιον
788 2987 1228 3058 ἀνακοπτόμενον
1262 2988 1366 3041 ὑπὸ
1397 2990 1622 3060 ἰσχυρᾶς
1656 2991 1749 3043 καὶ

157 3081 400 3152 στερεᾶς
430 3078 658 3150 πέτρας.

227 3173 277 3242 (1
290 3171 348 3244 1)
381 3173 453 3225 El
478 3169 546 3222 δὲ
567 3173 599 3224 o'
628 3171 934 3239 ὀφθαλμός
967 3185 1084 3225 σου
1114 3174 1147 3224 ὀ
1185 3171 1384 3238 δεξιὸς
1420 3173 1748 3228 σκανδαλί-

152 3262 233 3325 (et
264 3275 366 3330 σε,
406 3263 584 3328 ἐξελε
618 3262 826 3329 αὐτὸν,
866 3263 965 3316 καὶ
1001 3263 1163 3328 ,βάλε
1208 3265 1326 3319 ἀπὸ
1365 3266 1482 3320 σοῦ
1507 3307 1521 3330 ,
1553 3267 1647 3319 καὶ
1677 3267 1748 3320 τὰ

152 3357 302 3427 ἑξῆς.
356 3355 677 3420 Βαδίζοντες
721 3356 819 3427 τὴν
861 3357 1071 3428 ἀπλανῆ
1123 3357 1219 3410 καὶ
1266 3358 1548 3430 ζωηφόρον
1603 3359 1742 3426 ὁδὸν,

149 3447 445 3519 ὀφθαλμδν
489 3449 586 3518 μὲν
643 3447 964 3520 ὲκκὰμυμεν
1012 3448 1432 3512 σκανδαλίζοντα
1470 3467 1481 3477 ·
1533 3451 1606 3521 μὴ
1653 3451 1744 3505 τὸν

153 3542 422 3613 αἰσθητόν
453 3541 564 3613 (12)
586 3558 598 3572 ·
635 3539 856 3612 καὶγὰρ
891 3543 1059 3612 πηροὶ
1095 3541 1303 3611 μοιχοί·
1335 3541 1472 3594 ἀλλὰ
1498 3542 1587 3595 τὸν
1620 3560 1742 3614 νοη-

152 3635 266 3686 τόν.
301 3629 436 3688 Οἷον
457 3633 598 3688 ὲάνό
628 3633 925 3697 ἐπίσκοπος
958 3634 990 3704 ἢ
1029 3635 1056 3686 ὁ
1086 3633 1476 3704 πρεσόύτερος,
1517 3636 1564 3686 οἱ
1590 3634 1742 3698 ὄντες

150 3725 430 3797 ὀφθαλμοὶ
469 3726 570 3796 τῆς
617 3725 970 3795 Ἐκκλησίας,
1018 3725 1202 3788 κακῶς
1254 3725 1737 3796 ἀναστρέφωνται,

153 3818 246 3869 καὶ
274 3815 674 3880 σκανδαλίζωσι
705 3816 793 3868 τὸν
822 3815 968 3881 λαὸν,
1004 3817 1108 3887 χρὴ
1139 3799 1334 3878 αὐτοὺς
1357 3816 1734 3870 ἐκϐάλλεσθαι.

151 3907 447 3981 Σιδμφέρον
479 3909 590 3979 γάρ
635 3910 782 3963 ἐστιν
814 3909 942 3962 ἄνευ
972 3909 1154 3961 αὐτῶν
1185 3908 1627 3980 συναθροίζεσθαι
1657 3911 1737 3973 είς

155 4005 450 4076 ιύκτήριον
482 4000 650 4068 οἷκον,
681 4005 713 4074 ἤ
740 4006 855 4075 μετ’
886 4005 1083 4066 αὐτοὺς
1113 4003 1471 4076 ἐμϐληθῆναι,
1499 4004 1574 4067 ὼς
1598 4003 1738 4074 μετά

180 4098 329 4151 Αννα
357 4097 454 4150 καὶ
488 4097 732 4165 Καῖάφα,
760 4097 839 4158 είς
874 4095 972 4167 τὴν
1014 4095 1240 4164 γέενναν
1277 4094 1372 4147 τοῦ
1415 4094 1603 4166 πυρός.
1653 4092 1737 4149 Ὀ-

155 4187 325 4253 μοίως
346 4187 406 4239 δὲ
444 4185 539 4240 καὶ
563 4188 596 4256 ἡ
623 4185 762 4256 χεὶρ,
790 4185 1095 4248 ὁδιὰκονος,
1120 4185 1213 4237 ἐὰν
1234 4183 1465 4250 ἀναξίως
1493 4202 1544 4237 τι
1566 4183 1734 4254 πράτο

149 4295 239 4351 τῃ,
274 4275 597 4350 χωριζέσθω
618 4276 710 4330 τοῦ
744 4277 1130 4348 θυσιαστηρίου
1163 4276 1294 4347 (15).
1341 4277 1398 4329 ὐ
1422 4276 1479 4328 δὲ
1523 4275 1678 4340 ποῦς,
1704 4279 1732 4330 ό

153 4371 458 4444 ὑπηρέτης,
490 4370 583 4424 ὲάν
612 4365 797 4433 κακῶς
843 4369 1009 4441 τρέχῃ
1055 4370 1135 4433 είς
1167 4369 1227 4423 τὸ
1260 4368 1473 4439 ψεῦδος,
1512 4369 1605 4422 καὶ
1632 4369 1728 4440 τὴν

1889 720 2107 773 porcam
2136 707 2351 760 sordem
2370 705 2592 776 ?Neque
2618 707 2762 760 enim
2791 707 2864 760 ita
2886 706 3106 771 dicitur,
3133 703 3298 758 Nemo
3313 720 3460 758 mun-

1890 798 1989 850 dus
2021 813 2050 851 a
2078 808 2320 866 peccato,
2353 797 2467 862 sed,
2500 815 2531 851 a
2557 798 2729 855 sorde.

2343 909 2624 964 Athanasii
2642 910 3007 963 Alexandrini.

1886 1019 2007 1086 Quo
2036 1029 2195 1089 pacto
2233 1021 2638 1090 intelligendum
2672 1023 2801 1077 illud
2832 1038 2844 1074 :
2880 1021 2984 1086 Qui
3013 1023 3223 1090 respicit
3263 1021 3452 1075 mulie-

1955 1107 2059 1143 rem
2094 1092 2163 1143 ad
2207 1093 2675 1158 concupiscendum
2719 1108 2853 1154 eam,
2875 1093 2992 1161 jam
3042 1093 3328 1147 mwchatus
3371 1102 3449 1146 est

1949 1177 2065 1214 eam
2092 1163 2146 1214 in
2168 1163 2320 1214 corde
2349 1179 2442 1215 suo
2463 1161 2530 1218 7°.

1950 1249 2254 1304 Maachatur
2302 1250 2465 1304 corde
2509 1266 2633 1304 cum
2683 1252 2931 1315 muliere,
2975 1253 3068 1321 qui
3119 1252 3447 1322 perﬁciendo

1879 1337 2030 1404 Operi
2063 1338 2375 1403 consensit;
2405 1338 2499 1392 sed
2523 1339 2590 1391 ab
2624 1339 2812 1392 illicito
2839 1350 2891 1393 et
2932 1356 3096 1409 pravo
3127 1357 3444 1410 congreSsu,

1876 1435 1971 1479 aut
1999 1427 2140 1489 loco,
2171 1436 2264 1480 aut
2284 1437 2544 1495 tempore,
2575 1437 2832 1482 autmetu
2866 1427 3230 1484 Romanarum
3265 1432 3443 1499 legum

1875 1519 2145 1572 coercitus
2198 1527 2300 1574 est.
2340 1518 2498 1584 Quod
2533 1527 2713 1573 autem
2766 1521 2956 1584 multi,
2990 1522 3082 1590 qui
3123 1524 3360 1577 exterius
3386 1525 3440 1577 in

1872 1618 2158 1678 peccatum
2192 1624 2300 1662 non
2341 1620 2746 1680 proruperunt,
2781 1611 2940 1680 quasi
2989 1613 3190 1666 mcechi
3235 1617 3439 1684 suppli-

1872 1701 1958 1755 cio
1983 1702 2158 1756 allecti
2179 1702 2400 1765 fuerint,
2427 1703 2681 1756 omnibus
2697 1705 2872 1772 palam
2897 1703 3073 1759 facere
3101 1706 3154 1758 in
3186 1720 3440 1776 promptu

1869 1803 1953 1849 est
1981 1811 2048 1850 ex
2073 1793 2436 1864 Holopherne.
2464 1793 2597 1848 Nam
2621 1811 2744 1850 cum
2777 1794 2980 1852 ftedum
3013 1813 3152 1866 opus
3181 1813 3442 1868 peragere

1867 1887 2108 1954 gestiret,
2138 1886 2346 1954 Ju-dith,
2375 1902 2473 1942 ceu
2503 1887 2589 1942 lex
2635 1887 2883 1957 quaedam
2910 1888 3159 1956 iustitiae,
3185 1889 3436 1944 districto

1865 1981 2046 2050 gladio
2093 1991 2254 2050 caput
2284 1981 2402 2050 ejus
2433 1980 2683 2042 abscidit,
2721 1981 2972 2035 invocato
2999 1983 3152 2050 prius
3178 1982 3244 2036 ad
3276 1997 3434 2052 opem

1863 2081 1916 2125 et
1947 2073 2312 2141 patrocinium
2356 2073 2538 2142 legum
2570 2072 2758 2126 datore
2787 2081 2838 2126 et
2872 2073 3223 2128 continentiae
3249 2075 3435 2145 opitu-

1862 2162 2035 2217 latore
2083 2161 2215 2217 Deo.
2248 2161 2452 2217 Eodem
2497 2177 2716 2232 quoque
2749 2164 2913 2218 modo
2951 2179 3108 2220 senes
3141 2165 3272 2231 duo,
3305 2183 3430 2222 cum

1864 2252 2130 2308 Susanna:
2158 2253 2454 2308 dixissent:
2493 2252 2628 2308 Ecce
2654 2255 2710 2307 in
2748 2255 3173 2323 concupiscentia
3216 2256 3296 2309 tui
3337 2273 3432 2310 su-

1860 2345 2059 2411 mus",
2091 2345 2306 2400 etiamsi
2338 2344 2550 2400 facinus
2573 2361 2680 2399 non
2709 2353 3132 2416 perpetrassent,
3153 2356 3211 2400 ut
3231 2348 3429 2402 moechi

1859 2432 2003 2501 plexi
2039 2447 2102 2486 ac
2138 2440 2314 2486 morte
2350 2432 2598 2486 mulctati
2624 2439 2771 2486 sunt.
2805 2431 2861 2485 Si
2895 2432 2997 2486 hoc
3031 2448 3160 2502 ergo
3187 2442 3430 2502 tempore

1857 2523 2128 2593 quispiam
2149 2523 2220 2578 sit
2247 2523 2580 2593 huiusmodi,
2598 2525 2989 2593 intemperans,
3019 2523 3274 2590 lascivus,
3293 2524 3426 2579 alie-

1858 2633 1956 2671 nas
1981 2631 2183 2671 uxores
2206 2627 2490 2686 appetens,
2520 2617 2566 2672 is
2593 2616 2777 2670 ahimo
2812 2617 3132 2670 fornicatur.
3165 2614 3299 2670 Nam
3331 2616 3426 2686 qui

1856 2705 1908 2758 in
1945 2704 2172 2760 allectus
2206 2720 2338 2760 suos
2378 2706 2667 2774 imperium
2714 2705 2898 2771 habet,
2932 2721 2961 2758 a
3002 2706 3200 2774 quovis
3229 2705 3424 2760 delicto

1853 2812 2023 2864 purus
2052 2805 2105 2850 et
2148 2799 2216 2851 ab
2249 2797 2502 2851 obscenis
2534 2796 2694 2852 dictis
2717 2837 2732 2861 ,
2778 2797 2864 2851 hic
2894 2797 3143 2853 moechus
3180 2812 3288 2850 non
3319 2807 3422 2862 est,

1853 2888 1966 2942 sed'
1996 2888 2309 2958 cupiditatis
2333 2889 2536 2952 victor;
2561 2889 2762 2958 quippe
2799 2888 2891 2958 qui
2930 2890 3220 2959 voluptatis
3247 2890 3422 2958 impe-

1853 2987 1968 3032 tum
1995 2980 2182 3033 divino
2215 2989 2385 3042 metu,
2419 2981 2576 3048 quasi
2608 2979 2970 3035 decumanum
2999 2981 3166 3033 maris
3195 2979 3420 3035 ﬂuctum

1771 3096 1815 3154 ε
1849 3085 1878 3124 a
1906 3071 2081 3126 solida
2105 3079 2159 3125 et
2177 3074 2328 3125 tirma
2363 3079 2515 3141 petra
2544 3086 2877 3140 repressum,
2903 3081 3170 3128 coerceat.

1921 3163 1980 3219 Si
2019 3162 2201 3218 oculus
2237 3173 2359 3216 tuus
2382 3163 2563 3217 dexter
2591 3162 2926 3217 scandalizat
2955 3175 3025 3228 te,
3049 3181 3169 3217 erue
3205 3181 3344 3228 eum,
3370 3173 3420 3218 et

1847 3251 2044 3322 projice
2077 3250 2168 3305 abs
2204 3261 2252 3305 te
2273 3251 2341 3318 "',
2369 3261 2422 3306 et
2452 3263 2667 3307 caetera.
2696 3251 3011 3308 lncedentcs
3037 3264 3216 3308 autem
3250 3255 3303 3308 in
3332 3255 3421 3309 via

1847 3343 1980 3397 nulli
2011 3343 2184 3397 errori
2231 3343 2467 3398 obnoxia
2498 3343 2801 3408 etvivilica,
2831 3346 3052 3398 oculum
3087 3360 3343 3401 eruamus
3371 3346 3416 3401 si

1847 3435 2006 3490 nobis
2049 3434 2378 3490 oll‘endiculo
2405 3436 2506 3501 sit;
2551 3451 2657 3490 non
2695 3437 2911 3507 quidem
2951 3439 3207 3492 sensilem
3241 3439 3418 3501 illum,

1844 3543 1970 3580 nam
1998 3528 2127 3581 caeci
2171 3542 2390 3596 quoque
2415 3528 2615 3582 moechi
2642 3537 2788 3594 sunt,
2820 3529 2913 3583 sed
2956 3529 3291 3599 spiritualem
3318 3549 3332 3597 ;
3360 3541 3420 3586 ut

1843 3619 1909 3686 si,
1939 3620 2088 3674 verbi
2117 3634 2305 3683 causa,
2332 3620 2619 3689 episcopus
2640 3632 2693 3674 et
2714 3621 3015 3691 presbyter,
3041 3623 3132 3690 qui
3163 3631 3290 3675 sunt
3310 3620 3417 3677 Ec—

1841 3713 2018 3767 clesiae
2064 3712 2227 3776 oculi,
2270 3712 2517 3781 improbe
2570 3722 2877 3778 versentur,
2911 3723 2964 3767 et
3004 3715 3202 3783 p0pulo
3227 3716 3414 3785 lapsus

1841 3807 2060 3860 occasio
2089 3806 2219 3867 sint,
2255 3805 2590 3875 abjiciendos
2637 3815 2866 3874 oportet.
2899 3804 3128 3861 Prastat
3177 3808 3324 3862 enim
3357 3808 3411 3864 in

1842 3897 2005 3952 domo
2025 3897 2307 3960 orationis,
2326 3897 2548 3952 remotis
2575 3896 3007 3961 illis,conventus
3025 3913 3204 3967 agere,
3220 3914 3410 3968 quam,

1839 3990 1983 4044 velut
1999 4005 2122 4044 cum
2143 3990 2298 4043 Anna
2315 3999 2366 4043 et
2383 3987 2608 4058 Caipha,
2625 4004 2747 4043 cum
2766 3989 2846 4043 eis
2868 3988 3014 4058 injici
3037 3990 3088 4042 in
3107 3989 3409 4060 gehennam

1837 4082 2000 4152 ignis.
2037 4079 2302 4135 Similiter
2328 4080 2375 4135 si
2411 4081 2695 4145 diaconus,
2719 4080 2809 4148 qui
2835 4095 2935 4150 pro
2963 4095 3124 4134 manu
3158 4080 3408 4148 habetur,

1836 4174 2117 4243 indignum
2143 4173 2271 4242 quid
2309 4172 2499 4243 egerit,
2531 4172 2598 4226 ab
2617 4172 2773 4226 altari
2801 4181 3130 4242 segregetur.
3166 4171 3411 4227 Minister

1832 4278 1962 4318 vero
1992 4264 2086 4334 qui
2109 4279 2208 4332 pro
2241 4263 2375 4332 pede
2405 4273 2707 4333 reputatur,
2732 4266 2778 4319 si
2810 4265 3055 4335 improbe
3083 4267 3148 4319 ad
3183 4265 3408 4321 menda-

1834 4355 2002 4418 cium,
2036 4365 2089 4409 et
2119 4355 2185 4409 ad
2216 4371 2467 4420 munera,
2493 4364 2553 4410 ut
2579 4354 2728 4410 Giezi
2760 4355 2826 4420 ⁷³,
2863 4356 3180 4426 accipienda
3205 4355 3404 4411 decur~

150 4460 313 4532 λῆψιν
335 4461 447 4516 τῶν
469 4461 763 4532 χρημάτων
798 4461 938 4514 κατὰ
976 4461 1067 4514 τὸν
1101 4460 1283 4530 nam,
1306 4461 1386 4513 δεῖ
1420 4460 1513 4514 καὶ
1540 4460 1727 4513 τοῦτον

1863 4457 1946 4513 at;
1977 4448 2123 4502 hunc
2155 4463 2372 4517 quoque
2414 4463 2552 4518 opus
2585 4456 2688 4512 est,
2727 4457 2785 4502 ut
2828 4463 3056 4518 prmum
3106 4456 3160 4502 et
3197 4448 3406 4517 impru-

151 4551 250 4622 τῆς
291 4551 635 4622 λειτουργίας
666 4550 1057 4617 ἀποξενοῦσθαι
1083 4550 1158 4614 ὡς
1185 4550 1417 4621 χαλεπὸν
1442 4552 1535 4604 καὶ
1564 4549 1730 4604 ἀσύν-

151 4659 269 4695 ετον
327 4644 612 4712 ἄνθρωπον
641 4659 654 4672 ’
712 4643 797 4695 ἵνα
844 4645 878 4713 ἡ
939 4641 1229 4714 Ἐκκλησία
1285 4642 1728 4706 ἀσκανδαλίστως

154 4735 494 4806 συναγομένη
517 4734 1041 4805 διαφυλαχθήσηται.

435 4851 546 4924 (ll)
592 4851 938 4906 Ἀθανασίου
975 4850 1434 4918 Ἀλεξανδρείας,

251 4943 466 4996 Βιϐλίω
505 4943 604 5014 τῆς
629 4945 922 5018 ἑρμηνείας
947 4942 1040 4996 τοῦ
1074 4944 1229 5010 ἁγίου
1258 4943 1610 5010 Εὐαγγελίου.

217 5035 551 5104 Προσέχετε
576 5033 644 5088 δὲ
667 5035 782 5102 τὴν
797 5030 1216 5104 ἐλεημοσύνην
1236 5033 1402 5104 ὑμῶν
1418 5033 1505 5102 μὴ
1529 5033 1721 5087 ποιεῖν

149 5122 484 5191 ἔμπροσθεν
507 5125 624 5179 τῶν
661 5125 987 5193 ἀνθρώπων
1023 5127 1172 5194 πρὸς
1205 5129 1269 5179 τὸ
1301 5124 1582 5193 θεαθῆναι
1612 5127 1719 5178 αὺ-

151 5213 268 5280 τοῖς
295 5231 307 5244 ·
345 5219 398 5270 ει
429 5216 497 5270 δὲ
523 5215 607 5286 μή
637 5233 722 5287 γε.
745 5218 968 5287 μισθὸν
986 5220 1097 5272 οὐκ
1123 5217 1292 5287 ἔχετε
1314 5216 1472 5286 παρὰ
1499 5214 1579 5281 τῷ
1605 5218 1722 5268 Πα-

216 5331 259 5362 ⁶⁹
286 5331 474 5387 Matth.
517 5350 670 5399 xvnu,
710 5331 764 5388 3.

147 5397 190 5428 ’⁸
218 5399 403 5457 Matth.
463 5421 535 5470 vt,
571 5407 623 5457 1.

216 5511 325 5592 ί
361 5511 500 5592 ﬁdit.
526 5515 723 5592 Athan.
754 5533 818 5572 ex
844 5519 1026 5592 codice
1056 5522 1374 5586 Barociano,
1405 5519 1642 5592 p.71026.

861 5335 907 5366 "°
933 5334 1120 5390 Matth.
1183 5353 1236 5402 v,
1295 5335 1383 5389 ‘28.
1476 5334 1520 5366 '”
1545 5333 1679 5387 Dan.
1739 5334 1820 5400 l5,
1879 5332 1971 5388 ‘20.

1826 4541 2040 4594 dentem
2074 4539 2374 4603 hominem,
2408 4556 2440 4594 a
2481 4540 2788 4595 ministerio
2822 4541 3178 4607 submovere;
3214 4549 3273 4594 ut
3295 4539 3400 4595 Ec~

1826 4632 1991 4687 elesia
2017 4631 2135 4687 sine
2159 4631 2460 4687 oﬂensione
2493 4643 2824 4704 congregata
2853 4642 3121 4689 servetur.

2275 4837 2557 4891 Athanasii
2587 4837 2936 4893 Alexandrini

1951 4928 2030 4983 Ex
2062 4928 2200 4982 libro
2227 4927 2687 4997 interpretationis
2716 4931 2770 4985 in
2806 4930 2864 4986 S.
2894 4931 3268 5001 Evangelium.

1900 5023 2169 5076 Attendite
2198 5037 2260 5074 ne
2286 5021 2670 5092 eleemosynam
2705 5035 2932 5079 vestram
2974 5025 3187 5094 faciatis
3219 5040 3399 5078 coram

1829 5116 2144 5182 hominibus,
2183 5125 2241 5170 ut
2287 5116 2571 5171 videamini
2611 5121 2674 5173 ab
2716 5121 2833 5173 eis:
2872 5119 3074 5189 alioqui
3112 5123 3397 5178 mercedem

1829 5230 1934 5266 non
1958 5211 2208 5265 habebitis
2233 5211 2374 5278 apud
2399 5209 2610 5265 Patrem
2632 5220 2856 5265 vestrum
2873 5213 2963 5283 qui
2988 5213 3040 5266 in
3061 5213 3202 5266 cwlis
3226 5223 3303 5266 est
3325 5213 3391 5270 7‘,

2071 5332 2115 5362 '"
2139 5329 2328 5384 Matth.
2377 5347 2446 5392 γ,
2500 5330 2587 5384 29.
2714 5331 2760 5362 ⁷³
2809 5332 2875 5384 ιν
2937 5331 3067 5401 Reg.
3117 5347 3168 5396 v,
3209 5331 3394 5391 20-25.

1887 5515 1998 5576 (15)
2032 5513 2163 5590 Quae
2193 5518 2597 5590 sequunturad
2634 5519 2792 5573 linem
2829 5534 3001 5590 usque
3034 5533 3099 5574 ex
3133 5534 3266 5574 mss.
3293 5519 3389 5575 de-~

213 5579 503 5659 (JllEdit.
552 5587 775 5659 Athan,
827 5600 878 5659 p.
914 5589 1072 5652 1027,
1116 5609 1181 5646 ex
1217 5579 1420 5646 codice
1443 5591 1706 5646 Vaticano
1816 5593 2083 5659 prompta,
2109 5579 2489 5659 desitlérantur
2519 5587 2571 5640 in
2600 5591 2727 5641 edit.

148 5647 265 5729 302'.
306 5649 523 5729 verum
545 5647 891 5729 auctiorap'et
936 5647 1305 5716 emendatiora
1341 5665 1608 5729 prodeunt
1638 5677 1702 5714 es
1737 5659 1741 5663 ’

149 5673 265 5728 una.
311 5673 500 5707 verum
547 5673 755 5709 aucuor
839 5673 891 5712 et
936 5673 1305 5716 emendatiora
1341 5673 1608 5729 prodeunt

147 5721 320 5774 «mlrce
345 5721 474 5790 Reg.
507 5726 660 5784 l995.
695 5725 731 5780 1⁵.
759 5673 886 5790 ῇῖθ,
910 5743 959 5782 et
988 5747 1052 5785 ex
1088 5734 1205 5787 cod.
1235 5733 1469 5787 Colbert.
1505 5733 1626 5786 504.

213 5789 319 5860 ll?)
365 5789 486 5852 Haec
515 5795 708 5850 desunt
731 5799 783 5853 in
816 5789 971 5867 edit,
1017 5805 1108 5858 scd
1137 5804 1401 5861 habentur
1431 5805 1485 5861 in
1519 5821 1646 5860 mss.

1885 5652 1996 5730 (_l_4_)
2031 5653 2154 5730 llaec
2217 5657 2480 5730 prodeunt
2513 5672 2580 5730 ea
2611 5659 2734 5713 cod.
2768 5659 2897 5730 Reg.
2943 5660 3100 5725 1995,
3128 5659 3169 5712 Χ.
3205 5661 3387 5716 seculi

1808 5722 1846 5862 ἑ.
2047 5722 2494 5795 longe—auctiora
2549 5726 2614 5782 iis
2651 5745 2769 5799 quae
2825 5722 2877 5786 in
2924 5722 3388 5806 edito‘leguntur,
