3860 6220
412 361 544 415 1⁸571

1228 361 1282 414 S.
1319 351 1691 412 ATHANASH
1728 349 1879 407 OPP.
1923 344 2104 402 PARS
2145 343 2236 399 ιιι.
2270 373 2343 386 -
2379 339 2789 398 EKEGETICA.

3538 332 3648 387 537

409 477 670 534 Hortatur
694 479 876 546 itaque
910 492 1011 532 nos
1035 473 1381 545 Unigenitus,
1408 485 1466 531 ut
1495 493 1560 531 ne
1586 477 1991 542 eleemosynam

2110 465 2188 532 rp!
2220 465 2389 533 ὑμῶν
2409 461 2489 528 τῷ
2507 463 2578 516 ἐν
2605 461 2730 527 τοῖς
2761 457 3063 528 οὐρανοῖς.
3091 456 3162 508 Συ
3171 452 3460 526 μϐουλεύει
3481 453 3536 505 δὲ
3555 455 3702 523 ἡμῖν

412 571 680 625 faciamus
706 583 890 623 coram
924 570 1266 632 hominibus;
1302 585 1410 623 non
1441 578 1500 622 ut
1535 578 1858 623 cunctemur
1887 563 1995 617 fra-

413 674 523 718 tres
557 673 773 716 nostros
807 661 1009 728 fovere,
1055 677 1119 715 ac
1156 664 1342 733 egenis
1381 663 1515 715 bene
1551 662 1771 726 facere;
1811 658 1902 712 sed
1937 664 1995 708 ut

415 770 512 818 ne,
537 769 690 806 vanae
734 752 912 806 laudis
953 751 1319 820 appetentium
1371 750 1774 806 Pharisaeorum
1808 763 1993 802 exeni-

416 846 537 914 plo,
585 856 907 914 praesentem
955 845 1182 914 gloriam
1235 859 1616 913 aucupemur:
1668 843 1762 898 sed
1812 841 1994 910 potius

416 937 719 990 mercedem
746 936 917 988 fidelis
944 943 997 987 et
1034 945 1303 988 accuratae
1342 935 1704 1005 eleemosyna:
1733 949 1761 985 a
1796 931 1904 984 Deo
1939 929 1994 982 in

412 1029 600 1084 futuro
649 1038 1057 1097 exspectemus,
1101 1029 1194 1096 qui
1241 1042 1350 1080 non
1400 1035 1612 1081 tantum
1656 1025 1724 1078 de
1769 1035 1996 1076 munere

413 1121 732 1185 delectatur,
769 1129 1027 1189 quantum
1076 1120 1143 1174 de
1193 1120 1376 1188 opima
1422 1128 1476 1172 et
1523 1119 1666 1172 bona
1717 1114 1997 1184 largientis

413 1215 715 1278 voluntate,
752 1224 810 1267 ut
839 1228 902 1267 ex
939 1213 1117 1282 inopis
1159 1213 1358 1275 vidua},
1401 1227 1523 1281 qua:
1557 1211 1666 1264 duo
1701 1209 1909 1262 minuta
1943 1207 1997 1260 in

415 1303 862 1376 gazophylacium
895 1303 1079 1368 misit,
1105 1303 1354 1372 exemplo
1385 1303 1633 1357 ediscere
1660 1300 1925 1355 valemus.

490 1550 558 1604 Te
593 1558 770 1603 autem
811 1549 1040 1618 faciente
1084 1549 1504 1618 eleemosynam,
1539 1550 1738 1602 nesciat
1782 1550 2002 1601 sinistra

417 1651 509 1694 tua
539 1641 666 1710 quid
697 1639 863 1709 faciat
904 1640 1124 1694 dextera
1163 1648 1274 1693 tua.
1321 1639 1374 1693 ld
1408 1649 1522 1706 est,
1551 1640 1859 1694 voluntates
1891 1655 2006 1693 car-

415 1734 502 1786 nis
553 1731 787 1799 Spiritus
835 1731 1008 1786 sancti
1060 1730 1352 1785 consilium
1412 1746 1478 1784 ne
1565 1730 1838 1784 noverint.
1901 1729 2005 1796 Qui

2099 556 2127 605 6
2155 553 2464 623 Μονογενὴς
2501 552 2575 623 μὴ
2617 553 2791 603 ποιεῖν
2826 549 2924 619 τὴν
2965 545 3335 617 ἐλεημοσύνην
3377 542 3702 615 ἔμπροσθεν

2098 642 2205 696 τῶν
2228 641 2578 714 ξὰνθρώπωνο
2637 642 2736 710 οὐχ
2779 641 2866 693 ἵνα
2910 637 3190 709 μέλλωμεν
3241 633 3703 708 περιστέλλεσθαι

2097 737 2224 800 τοὺς
2255 736 2516 805 ἀδελφοὺς
2545 739 2602 788 ὲν
2633 735 2710 804 τῷ
2755 729 2812 787 εὖ
2861 736 3032 786 ποιεῖν
3059 735 3170 794 τοῖς
3213 730 3526 801 δεομένοις·
3574 727 3703 781 ἀλλ’

2098 828 2186 881 ἵνα
2215 829 2288 898 μὴ
2319 827 2599 898 μέλλωμεν
2627 824 2882 896 θηρεύειν
2916 822 3194 893 παροῦσαν
3223 821 3380 885 δόξαν
3402 819 3546 872 κατὰ
3564 820 3704 880 τοὺς

2098 921 2406 984 κενοδόξους
2437 919 2762 988 Φαρισαίους
2784 935 2795 945 ·
2826 916 3141 986 ἐκδέχεσθαι
3186 914 3244 967 δὲ
3289 913 3492 983 μᾶλλον
3541 914 3706 978 παρά

2098 1013 2235 1065 Θεοῦ
2272 1011 2368 1082 τὴν
2405 1011 2640 1081 ἀμοιϐὴν
2693 1011 2750 1063 ὲν
2800 1008 2879 1078 τῷ
2915 1008 3158 1078 μέλλοντι
3211 1005 3306 1075 τῆς
3351 1003 3554 1074 πιστῆς
3599 1003 3704 1054 καὶ

2100 1104 2565 1176 περισπουδάστου
2616 1101 2987 1173 ὲλεημοσύνης
3017 1140 3032 1163 ,
3067 1099 3124 1162 ὃς
3154 1098 3250 1151 καὶ
3278 1096 3460 1168 χαίρει
3510 1094 3570 1146 οὐ
3602 1109 3707 1145 τοι.

2103 1197 2292 1250 σοῦτον
2319 1196 2411 1248 ἐπὶ
2438 1195 2515 1266 τῷ
2549 1195 2762 1266 δόματι,
2787 1195 2910 1246 ὅσον
2929 1193 3020 1244 ἐπὶ
3042 1193 3108 1261 τῇ
3130 1188 3361 1258 πλουσίᾳ
3389 1187 3488 1240 καὶ
3513 1184 3704 1255 ἀγαθῇ

2103 1288 2419 1359 προαιρέσει
2450 1284 2544 1340 τοῦ
2571 1283 2966 1356 μεταδιδόντος,
2998 1283 3074 1345 ὡς
3105 1281 3220 1334 ἔστι
3264 1277 3706 1350 πληροφορηθῆ-

2102 1399 2188 1434 ναι
2230 1382 2295 1434 ἐκ
2325 1381 2426 1452 τῆς
2454 1380 2716 1450 πενιχρᾶς
2767 1379 2944 1450 χήρας
2980 1375 3250 1447 βαλούσης
3287 1374 3357 1427 τά
3381 1373 3480 1427 δύο
3523 1371 3707 1425 λεπτά

2103 1472 2183 1534 είς
2209 1471 2270 1524 τὸ
2295 1469 2718 1539 γαζοφυλάκιον.

2176 1562 2292 1615 Σοῦ
2313 1561 2381 1614 δὲ
2407 1561 2728 1626 ποιοῦντος
2753 1558 3198 1628 ἐλεημοσύνην,
3227 1555 3564 1625 μὴ’τνώτων
3594 1570 3707 1623 φη-

2108 1653 2212 1716 σὶν,
2243 1654 2280 1719 ἡ
2309 1653 2593 1722 ἀριστερὰ
2642 1653 2772 1722 χεὶρ
2824 1654 2880 1706 τί
2924 1651 3086 1706 ποιεῖ
3122 1652 3161 1718 ἡ
3207 1648 3398 1714 δεξιά.
3431 1643 3706 1700 Τουτέστι

2111 1744 2185 1813 μὴ
2225 1744 2422 1796 εἰδέναι
2450 1743 2522 1796 τὰ
2550 1743 2650 1813 τῆς
2684 1743 2886 1815 σαρκὸς
2915 1742 3200 1813 θελήματα
3231 1740 3330 1812 τὴν
3375 1738 3573 1808 σκέψιν
3601 1736 3703 1791 τοῦ

415 1839 545 1877 vero
585 1824 699 1878 ﬁeri
738 1833 1031 1893 potest,'ut
1073 1824 1202 1878 dum
1237 1824 1361 1892 quis
1401 1823 1532 1877 facit
1573 1824 1994 1892 eleemosynam,

2110 1835 2252 1903 Ξιγίου
2303 1835 2640 1906 Πνεύματος.
2703 1836 2827 1900 Πῶς
2879 1837 2936 1889 δὲ
3003 1837 3095 1889 καὶ
3135 1829 3246 1889 οἷόν
3296 1835 3357 1888 τέ
3414 1836 3540 1888 ἐστι
3599 1831 3706 1887 τοῦ

416 1929 614 1968 manus
643 1915 760 1983 ejus
795 1916 1016 1969 sinistra
1059 1914 1112 1967 in
1155 1924 1361 1983 partem
1409 1914 1590 1982 operis
1644 1929 1707 1967 ac
1749 1913 1996 1967 beneﬁcii

417 2021 526 2059 non
567 2005 784 2058 veniat?
817 2004 1046 2074 Oportet
1077 2007 1221 2059 enim
1253 2005 1442 2060 ambas
1467 2020 1662 2059 manus
1687 2020 1744 2059 se
1767 2005 1998 2059 invicem

415 2099 470 2150 in
501 2096 810 2165 prmstando
858 2094 1120 2149 beneficio
1157 2110 1381 2164 prorsus
1421 2096 1636 2166 juvare.
1683 2093 1820 2150 Nam
1868 2097 2000 2150 laeva

417 2204 581 2242 manu
624 2192 909 2258 pecuniam
956 2189 1070 2242 sive
1116 2204 1432 2242 crumenam
1489 2197 1741 2253 tenente,
1779 2189 2001 2243 dextera

416 2281 620 2336 bonum
657 2297 840 2335 semen
870 2283 923 2334 in
959 2297 1088 2349 agro
1118 2281 1300 2334 cordis
1336 2295 1635 2348 pauperum
1668 2282 1904 2350 spargit,
1943 2291 2002 2337 ut

417 2376 624 2444 spicam
676 2384 859 2440 metat,
912 2389 1020 2427 non
1077 2373 1263 2428 culmo
1314 2373 1641 2439 haerentem;
1693 2375 1787 2427 sed
1833 2376 1998 2428 vitam

417 2467 806 2536 sempiternam
839 2478 890 2521 et
935 2466 1303 2520 immortalem
1341 2465 1393 2518 in
1439 2481 1602 2520 cruce
1648 2481 1998 2534 suspensam.

414 2557 536 2614 Non
565 2562 678 2614 vult
721 2569 897 2614 autem
943 2561 1266 2629 Unigenitus
1315 2558 1570 2613 sinistras
1646 2560 2003 2630 carnalesque

417 2654 775 2724 cogitationes
800 2654 938 2708 scire
972 2649 1100 2722 quid
1142 2639 1306 2706 faciat
1345 2667 1543 2706 manus
1572 2651 1790 2706 dextera
1827 2652 2001 2707 sancti

419 2743 682 2812 Spiritus,
724 2760 791 2798 ne
826 2743 966 2798 forte
1005 2747 1147 2799 bono
1178 2744 1457 2813 proposito
1485 2751 1541 2796 et
1577 2745 1775 2812 opima:
1807 2743 1998 2798 volun-

419 2838 518 2892 tati
549 2847 867 2891 aversentur
905 2836 1192 2890 dicentes:
1229 2835 1379 2904 Opus
1425 2835 1583 2888 nobis
1625 2843 1707 2888 est
1749 2834 1817 2888 ad
1865 2834 2004 2888 mul-

417 2939 508 2986 tos
544 2945 716 2983 annos
755 2929 906 2983 cibos
943 2937 1298 2997 sumptusque
1331 2943 1544 2991 curare,
1585 2939 1762 2981 vestes
1799 2926 2000 2993 varias,

418 3032 642 3077 ornatas
669 3022 882 3086 domos,
911 3029 1228 3090 argenteum
1259 3018 1553 3085 ferculum,
1579 3017 1886 3088 depositum
1913 3033 2005 3072 au-

417 3130 592 3179 reum,
627 3114 898 3182 mancipia
929 3113 996 3167 ad
1037 3113 1428 3174 ministerium,
1468 3113 1618 3166 vicos
1659 3121 1713 3165 et
1743 3127 1903 3181 agros
1934 3112 1998 3165 ad

419 3215 741 3276 proventus.
771 3203 982 3257 Dextrze
1005 3204 1148 3256 enim
1179 3215 1358 3272 partes
1391 3204 1564 3258 sancti
1593 3203 1830 3271 Spiritus
1863 3203 2000 3257 nihil

419 3297 618 3352 horum
661 3297 887 3350 omnino
915 3303 1112 3350 curant
1139 3296 1220 3348 vel
1253 3295 1672 3363 concupiscunt,
1723 3295 1852 3348 huic
1897 3294 2001 3349 Do-

417 3389 634 3444 minicze
667 3389 784 3442 voci
825 3387 982 3440 fidem
1026 3387 1331 3439 habentes:
1373 3385 1608 3449 Qawrite
1649 3387 1877 3455 primunt
1919 3404 2002 3440 re-

418 3497 580 3553 gnum
626 3479 743 3540 Dei,
787 3489 834 3532 et
881 3478 990 3532 ha’c
1045 3480 1222 3529 omnia
1275 3476 1595 3543 adﬁcientur
1638 3479 1780 3530 vobis
1799 3478 1864 3531 ⁷⁸.
1913 3476 2004 3536 Sic

418 3583 566 3629 certe
602 3588 710 3626 non
745 3571 958 3624 noverit
982 3569 1207 3622 sinistra
1243 3570 1372 3638 quid
1401 3569 1561 3622 faciat
1593 3570 1833 3623 dextera.
1861 3568 2001 3624 Cum

418 3666 566 3720 enim
605 3678 759 3717 mens
783 3677 920 3732 puro
950 3660 1057 3714 Deo
1084 3661 1330 3730 placendi
1373 3660 1643 3714 desiderio
1679 3660 1890 3724 affecta,
1923 3672 2004 3716 to-

419 3757 603 3827 tisque
633 3755 812 3810 nitens
835 3754 1042 3808 viribus
1077 3768 1144 3806 ne
1179 3752 1248 3806 ab
1289 3752 1465 3806 ollieio
1494 3752 1741 3817 recedat,
1767 3753 2005 3822 legitime

419 3850 691 3914 decertat;
727 3857 858 3902 tunc
885 3861 1015 3901 sane
1045 3845 1251 3899 nullius
1284 3861 1461 3914 neque
1494 3844 1725 3898 membri
1770 3844 2004 3913 alicujus

419 3941 760 4003 recordatur,
811 3938 919 3992 nisi
966 3938 1085 4008 ejus
1127 3937 1272 4007 quod
1325 3937 1391 3990 ad
1452 3952 1691 4006 praesens
1733 3951 1869 4006 opus
1901 3953 2004 3991 usu

421 4035 634 4098 veniat;
666 4033 812 4087 haud
846 4047 1006 4087 secus
1037 4041 1198 4100 atque
1232 4031 1451 4097 artifex,
1479 4034 1573 4101 qui
1618 4033 1813 4101 quovis
1863 4042 2003 4086 tem-

420 4141 554 4198 pore
581 4126 755 4180 solum
801 4123 906 4179 sibi
939 4124 1311 4178 necessarium
1360 4125 1786 4178 instrumentum
1829 4125 2002 4193 respi-

417 4221 514 4276 cit.
539 4220 790 4286 Insuper,
821 4217 867 4271 si
899 4216 1047 4270 nulla
1075 4216 1472 4270 incredulitatis
1495 4215 1548 4268 in
1573 4215 1678 4270 fide
1707 4217 1845 4271 ratio
1874 4217 2004 4271 sub-

421 4313 512 4376 sit,
546 4325 650 4366 nec
678 4311 770 4364 lux
804 4309 978 4378 possit
1006 4322 1129 4362 esse
1157 4307 1503 4361 tenebrarum
1541 4321 1728 4372 causa,
1754 4322 1855 4360 nec
1877 4322 2000 4360 cum

421 4403 648 4457 Christo
667 4401 916 4456 diabolus
947 4398 1373 4454 commonstrari
1405 4399 1616 4462 valeat;
1653 4395 1999 4450 manifestum

2101 1925 2382 1990 ποιοῦντος
2410 1927 2508 1997 τὴν
2541 1927 2909 1998 ἐλεημοσύνην
2927 1969 2942 1993 ,
2977 1928 3076 1998 τὴν
3095 1927 3389 1998 ἀριστερὰν
3419 1927 3584 1997 χεῖρα
3622 1927 3706 1998 μὴ

2103 2021 2383 2088 συνεργεῖν
2409 2020 2489 2081 εἰς
2516 2018 2578 2071 τὸ
2608 2018 2766 2090 ἔργον
2791 2019 2892 2090 τῆς
2919 2018 3165 2082 εὐποιίας
3191 2035 3206 2083 ;
3233 2018 3352 2088 Χρὴ
3387 2019 3502 2089 γὰρ
3535 2018 3707 2071 παντὶ

2101 2112 2318 2173 πάντως
2349 2109 2449 2174 τὰς
2487 2111 2756 2182 ἑκατέρας
2790 2114 2980 2182 χεῖρας
3008 2113 3287 2181 συνεργεῖν
3322 2111 3596 2181 ἀλλήλαις
3622 2114 3705 2174 είς

2102 2205 2198 2274 τὴν
2220 2205 2486 2258 εὐποιίαν.
2517 2203 2632 2272 Τῆς
2671 2202 2779 2278 γὰρ
2806 2205 3102 2274 ἀριστερᾶς
3125 2203 3306 2274 χειρὸς
3354 2202 3706 2273 κατεχούσης

2101 2295 2162 2346 τὸ
2203 2297 2412 2364 χρῆμα,
2445 2295 2567 2364 ﬁrm
2611 2293 2673 2344 τὸ
2706 2291 3076 2364 βαλάντιον,ή
3125 2292 3276 2357 δεξιά
3316 2295 3439 2365 χείρ
3481 2293 3706 2364 σπείρει

2103 2386 2191 2438 τὸν
2228 2383 2387 2436 καλὸν
2424 2383 2626 2454 σπόρον
2682 2384 2762 2444 είς
2791 2383 2890 2452 τὴν
2925 2382 3109 2453 χώραν
3165 2383 3267 2452 τῆς
3324 2383 3562 2455 καρδίας
3591 2384 3710 2437 τῶν

2105 2475 2370 2544 πενήτων,
2406 2474 2494 2526 ἵνα
2522 2472 2714 2544 θερίσῃ
2742 2473 2942 2542 στάχυν
2988 2475 3064 2544 μὴ
3102 2473 3321 2544 καλάμῃ
3358 2491 3706 2545 προσανατεο

2103 2565 2354 2634 ταμένον.
2395 2563 2529 2616 ἀλλὰ
2553 2563 2649 2633 τὴν
2681 2564 3107 2633 προηρτημένην
3154 2563 3232 2634 τῷ
3276 2563 3497 2635 σταυρῷ
3528 2565 3706 2618 ἀΐδιον

2103 2659 2195 2712 καὶ
2215 2657 2481 2711 ἀθάνατον
2505 2655 2672 2726 ζωήν.
2701 2656 2776 2707 Ού
2808 2655 3053 2724 βούλεται
3077 2656 3133 2708 δὲ
3161 2658 3191 2709 6
3218 2656 3533 2727 Μονογενὴς
3561 2657 3706 2710 εἰδέ-

2104 2768 2192 2804 ναι
2221 2751 2346 2813 τοὺς
2376 2749 2670 2819 σαρκικοὺς
2701 2747 2994 2817 λογισμοὺς
3034 2748 3085 2800 τί
3119 2751 3262 2802 ποιεῖ
3304 2751 3338 2820 ἡ
3367 2749 3524 2816 δεξιά
3579 2749 3706 2822 χεὶρ

2102 2842 2198 2895 τοῦ
2229 2843 2386 2910 ἁγίου
2419 2842 2757 2910 Πνεύματος,
2792 2840 2878 2892 ἵνα
2905 2843 2976 2910 μή
3007 2857 3134 2893 ποτε
3178 2844 3242 2912 τῇ
3283 2841 3465 2912 ἀγαθῇ
3494 2843 3707 2915 προθέ-

2107 2951 2188 2986 σει
2223 2935 2318 2986 καλ⁸
2341 2936 2405 3004 τῇ
2462 2932 2693 3002 πλουσίᾳ
2737 2931 3055 3004 προαιρέσει
3099 2932 3580 3004 προσεμποδίζωσι
3621 2935 3710 2988 λέ-

2104 3041 2321 3094 γοντεςσ
2370 3024 2687 3094 Ὀφείλομεν
2735 3023 2881 3092 ἔχειν
2917 3023 3125 3077 πολλῶν
3163 3023 3303 3077 ἐτῶν
3334 3026 3549 3096 τροφὴν
3610 3028 3712 3080 καὶ

2105 3115 2460 3185 ἀναλώματα.
2498 3116 2688 3184 ἱμάτια
2726 3113 2978 3185 διάφορα,
3010 3116 3192 3176 οἴκους
3239 3116 3711 3186 κεκαλλωπισμέ-

2107 3226 2252 3271 νους,
2287 3207 2584 3279 παράθεσιν
2623 3209 2916 3279 ἀργυρέαν,
2953 3208 3176 3278 χρυσίον
3215 3207 3567 3272 έναπόθετον,
3601 3209 3706 3261 ἀν-

2106 3300 2345 3370 δράποδα
2375 3301 2454 3361 είς
2479 3299 2806 3370 ὑπηρεσίαν,
2835 3299 3008 3370 χωρία
3046 3301 3141 3352 καὶ
3183 3301 3385 3370 ἀγροὺς
3413 3301 3498 3364 εἰς
3531 3317 3712 3371 προσ-

2105 3393 2275 3454 όδους.
2314 3390 2395 3443 Τά
2421 3390 2528 3460 γὰρ
2551 3389 2702 3455 δεξιά
2733 3390 2871 3460 μέρη
2899 3389 2992 3442 τού
3015 3390 3173 3457 ἁγίου
3195 3390 3516 3461 Πνεύματος
3545 3389 3712 3444 οὐδὲν

2104 3484 2310 3537 τούτων
2346 3482 2718 3554 φροντίζουσιν
2745 3484 2776 3552 ἢ
2808 3483 3170 3554 ἐνθυμοῦνται
3209 3484 3268 3537 τὸ
3299 3483 3521 3538 σύνολον
3548 3525 3565 3549 ,
3613 3503 3712 3538 πι-

2108 3577 2363 3631 στεύοντα
2395 3579 2458 3646 τῇ
2488 3575 2778 3644 δεσποτικῇ
2812 3576 2962 3645 φωνῇ
2989 3591 2999 3604 ’
3032 3574 3272 3641 Ζητεῖτε
3297 3574 3536 3643 πρῶτον
3586 3573 3709 3643 τὴν

2101 3670 2428 3734 ,βασιλείαν
2451 3667 2558 3723 τοῦ
2588 3667 2758 3732 Θεοῦ,
2786 3668 2884 3720 καὶ
2925 3666 3114 3720 ταῦτα
3136 3666 3336 3720 πάντα
3359 3668 3708 3736 προστεθή-

2107 3775 2275 3814 σεται
2304 3759 2463 3829 ὐμῖν.
2493 3759 2602 3812 Καὶ
2636 3757 2778 3810 οὕτω
2804 3757 2847 3810 δ’
2871 3756 2938 3810 ἂν
2963 3757 3024 3809 ού
3055 3756 3323 3824 γνώσεται
3365 3761 3708 3832 ἡ.ἀριστερὰ

2106 3855 2158 3907 τί
2186 3857 2330 3906 ποιεῖ
2367 3855 2398 3923 ή
2443 3852 2610 3918 δεξιά.
2649 3852 2818 3904 Ὅταν
2848 3849 2957 3919 γὰρ
2983 3852 3011 3903 6
3039 3850 3163 3913 νοῦς
3185 3851 3576 3923 ἀμετεωρίστῳ
3609 3855 3707 3907 καὶ

2104 3947 2378 4018 τεταμένη
2409 3945 2677 4016 ἐπιθυμίᾳ
2705 3947 2805 4018 τῆς
2833 3945 2971 4017 πρὸς
3001 3947 3134 4000 Θεὸν
3177 3947 3613 4018 εύαρεστήσεως,
3644 3947 3706 4013 ἐξ

2103 4035 2398 4106 ὁλοκλήρου
2462 4034 2711 4102 ἀγωνιῶν
2767 4037 2840 4106 μὴ
2899 4037 3109 4110 ἐκπέσῃ
3153 4036 3246 4091 τοῦ
3303 4038 3702 4106 προσήκοντος,

2104 4127 2430 4195 ἀγωνίζεται
2463 4126 2737 4195 νομίμως·
2769 4127 2891 4178 τότε
2921 4126 3135 4190 οὐδενὸς
3172 4127 3294 4180 οὔτε
3331 4127 3530 4198 μέλους
3585 4127 3705 4181 ἐτέ-

2107 4235 2202 4290 ρου
2229 4216 2498 4287 λαμϐάνει
2530 4215 2754 4282 ἔννοιαν,
2784 4218 2831 4269 εί
2865 4216 2938 4287 μὴ
2967 4217 3126 4288 μόνον
3150 4218 3243 4271 τοῦ
3270 4217 3702 4289 χρησιμεύοντος

2102 4313 2184 4374 εἰς
2218 4311 2279 4363 τὸ
2306 4309 2686 4380 προκείμενον,
2723 4309 2796 4372 ὡς
2823 4311 2850 4361 6
2879 4311 3129 4381 τεχνίτης
3164 4310 3282 4363 καθ’
3313 4312 3547 4364 ἕκαστον
3576 4327 3700 4363 κτι-

2107 4403 2218 4474 ρὸν,
2251 4402 2538 4472 ἐμϐλέπων
2571 4401 2716 4473 μόνῳ
2748 4401 2825 4470 τῷ
2859 4402 3246 4473 χρησιμεύοντι
3292 4402 3440 4472 αὐτῷ
3485 4403 3693 4456 σκεύει.

421 4511 554 4551 sane
579 4504 662 4550 est
685 4509 860 4564 neque
887 4509 1009 4547 cum
1040 4491 1250 4545 ratione
1279 4505 1398 4544 esse
1429 4505 1607 4558 posse,
1642 4489 1693 4542 id
1733 4487 1876 4557 quod
1908 4503 1998 4541 ra-

2110 4496 2229 4548 Ἔτι
2254 4497 2302 4546 εἰ
2329 4493 2502 4557 οὐδεὶς
2535 4493 2794 4556 ἀπιστίας
2824 4494 2880 4546 ὲν
2908 4497 2974 4565 τῇ
3004 4494 3182 4546 πίστει
3205 4494 3379 4561 λόγος,
3415 4495 3540 4548 οὐδὲ
3569 4496 3697 4548 σκό-

423 4589 557 4643 tioni
583 4588 806 4641 onmino
841 4585 1176 4640 contrarium
1209 4591 1308 4636 est.
1347 4580 1503 4646 Quod
1540 4581 1584 4634 si
1627 4595 1750 4632 cum
1792 4580 2001 4633 ratione

419 4697 646 4753 prorsus
673 4694 795 4734 esse
831 4694 936 4731 non
975 4676 1146 4744 possit
1179 4675 1227 4728 id
1259 4674 1402 4743 quod
1435 4681 1518 4728 est
1551 4671 1748 4726 rationi
1783 4681 2002 4726 contra-

417 4775 561 4829 rium
588 4791 602 4839 ;
627 4771 721 4841 qui
749 4771 815 4824 ad
841 4770 1102 4823 virtutum
1136 4768 1401 4822 rationem
1433 4776 1654 4820 evectus
1689 4772 1805 4827 est,
1835 4765 1998 4818 situm

417 4866 617 4924 rationi
653 4862 991 4918 contrarium
1038 4860 1234 4924 nescit,
1277 4858 1371 4912 sed
1409 4872 1574 4911 unam
1619 4857 1871 4910 virtutem
1906 4872 1999 4910 co-

419 4957 662 5031 gnoscit;
698 4965 858 5025 atque
899 4954 1020 5008 ideo
1057 4968 1233 5022 neque
1279 4952 1556 5004 dexteram
1593 4949 1772 5014 quoad
1809 4963 1995 5002 exces-

420 5068 564 5118 sum,
602 5065 778 5119 neque
805 5048 1083 5104 sinistram
1107 5046 1286 5116 quoad
1316 5043 1589 5099 defectum
1629 5044 1797 5098 novit.
1839 5042 1998 5097 Utro-

417 5145 584 5214 bique
608 5141 757 5198 enim
781 5141 1022 5194 occurrit
1045 5137 1194 5208 quod
1219 5135 1416 5190 rationi
1449 5145 1634 5206 aperte
1659 5134 1993 5189 contrarium

419 5246 523 5291 est.

495 5414 718 5471 Orantes
762 5423 939 5486 autent
983 5427 1044 5465 ne
1092 5411 1317 5465 multum
1350 5411 1644 5482 loquamini
1683 5413 1750 5466 ⁷⁸.
1781 5412 1996 5481 Longas

421 5505 511 5559 hic
533 5506 814 5560 orationes
836 5546 851 5572 ,
888 5504 980 5560 sed
1013 5519 1122 5558 non
1159 5503 1474 5573 frequentes
1507 5512 1805 5559 aversatur.
1838 5504 1999 5560 Jubet

421 5596 566 5648 enim
599 5597 716 5648 sine
749 5595 1156 5650 intermissione
1191 5609 1370 5648 orare.

498 5793 541 5825 "
569 5793 760 5848 Matth.
796 5812 846 5848 vt
916 5799 1004 5852 εὖ.
1115 5799 1157 5829 ⁷⁵
1187 5798 1372 5851 Matth.
1419 5814 1504 5862 vt,
1544 5798 1582 5852 7.

2098 4607 2221 4652 τους
2258 4589 2428 4641 αἴτιον
2451 4586 2590 4638 κατά
2612 4585 2773 4653 φύσιν
2803 4585 3039 4657 ὑπάρχει
3065 4587 3124 4640 τὸ
3148 4586 3282 4656 φῶς,
3316 4587 3438 4639 οὐδὲ
3472 4588 3697 4658 Χριστῷ

2103 4677 2575 4737 συνενδείκνυσθαι
2602 4678 2844 4746 πέφυκεν
2877 4679 2906 4729 ὁ
2929 4678 3172 4742 διάϐολος
3194 4696 3207 4708 ·
3245 4679 3422 4748 δῆλον,
3471 4678 3551 4742 ὡς
3574 4679 3697 4731 οὐδὲ

2097 4775 2175 4845 τῷ
2199 4774 2344 4843 λόγῳ
2369 4770 2705 4841 συνυπάρχει
2735 4770 2795 4821 τὸ
2821 4770 2972 4840 παρὰ
3002 4772 3168 4823 παντὶ
3195 4772 3526 4842 παράλογον.
3558 4773 3624 4824 Εἰ
3641 4773 3697 4825 δὲ

2098 4867 2176 4938 τῷ
2215 4867 2359 4936 λόγῳ
2405 4867 2640 4917 συνεῖναι
2675 4863 2952 4927 παντελῶς
2985 4865 3046 4916 οὐ
3083 4863 3303 4917 δύναται
3349 4864 3410 4916 τὸ
3447 4864 3694 4936 παράλο-

2103 4974 2218 5025 γον,
2248 4959 2275 5009 6
2306 4955 2440 5026 πρὸς
2464 4953 2553 5006 τὸν
2588 4953 2743 5021 λόγον
2770 4952 2876 5005 τῶν
2903 4953 3110 5023 ἀρετῶν
3135 4952 3389 5021 ἀναχθείς
3420 4951 3518 5024 τὴν
3547 4954 3697 5023 παρά

2104 5048 2191 5100 τὸν
2226 5047 2382 5114 λόγον
2412 5047 2513 5099 οὐκ
2559 5045 2847 5097 ἐπίσταται
2899 5043 3068 5108 θέσιν,
3121 5045 3287 5116 μόνην
3320 5044 3377 5096 δὲ
3433 5045 3694 5112 γινώσκει

2103 5136 2200 5208 τὴν
2229 5138 2430 5208 ἀρετήν
2457 5153 2470 5164 ο
2500 5135 2594 5188 καὶ
2624 5134 2711 5188 διὰ
2739 5134 2898 5187 τοῦτο
2927 5132 3049 5186 οὔτε
3077 5132 3254 5200 δεξιὰν
3283 5132 3371 5186 διὰ
3403 5136 3504 5203 τῆς
3533 5133 3694 5203 ὑπερ-

2103 5233 2254 5303 οχῆς,
2279 5229 2404 5285 οὔτε
2443 5228 2734 5301 ἀριστερὰν
2775 5225 2863 5280 διὰ
2896 5226 2997 5294 τῆς
3040 5225 3328 5294 ἐλλείψεως
3372 5225 3688 5278 ἐπίσταται.

2114 5324 2230 5376 Ἐπ’
2259 5325 2462 5394 ἀμφοῖν
2497 5320 2604 5389 γὰρ
2633 5319 2918 5390 θεωρεῖται
2951 5317 3138 5387 σαφῶς
3170 5318 3231 5370 τὸ
3258 5317 3597 5388 παράλογον.

2173 5416 2652 5485 Προσευχόμενοι
2683 5411 2750 5465 δὲ
2773 5413 2859 5482 μὴ
2893 5410 3409 5479 βατταλογήσητε.
3456 5410 3691 5481 Μακρὰς

2102 5508 2340 5562 ἐνταῦθα
2361 5507 2732 5580 ἀποτρέπεται
2763 5504 2956 5574 εὐχάς⁹
2985 5502 3097 5556 ἀλλ’
3128 5502 3187 5554 οὐ
3237 5501 3456 5565 πολλάς.
3491 5501 3689 5572 ,Ἀδια-

2103 5601 2342 5664 λείπτως
2381 5598 2489 5672 γὰρ
2518 5596 2730 5652 κελεύει
2755 5592 3164 5667 προσεύχεσθαι.
