3860 6220
177 354 314 410 1573

461 473 508 544 (Ι
517 475 570 546 5)
617 477 965 534 Ἀθανασίου
1011 479 1478 553 Ἀλεξανδρείας,

175 591 315 660 Περὶ
344 591 453 646 τοῦ
478 594 564 678 μὴ
591 595 971 678 θησαυρίζειν
986 598 1106 678 ’ἐπὶ
1135 600 1299 678 τῆςη
1323 600 1503 678 βίϐλος
1536 604 1636 674 τῆς
1674 607 1765 678 ἐρ-

393 667 618 735 μηνείας
645 667 739 719 τοῦ
773 667 912 720 κατά
951 667 1250 737 ΆῙατθαῖον,
1284 667 1441 736 λόνος
1468 672 1544 728 ϐ’.

244 834 343 904 Μὴ
378 837 771 906 θησαυρίζητε
797 841 941 911 ὑμῖν
959 846 1302 914 θησαυροὺς
1341 846 1440 900 ἐπὶ
1477 847 1586 917 τῆς
1607 849 1720 920 γῆς
1745 890 1760 916 ,

176 927 340 995 φησὶν
375 929 404 979 6
432 929 684 999 Χριστὸς,
711 922 864 986 ὅπου
898 933 1020 1002 σὴς
1061 937 1159 990 καὶ
1189 937 1421 1006 ,βρῶσις
1472 941 1760 1009 ἀφανίζει,

174 1018 266 1070 καί
289 1016 448 1072 ὅπου
469 1020 723 1075 κλέπται
743 1022 1144 1092 διορύσσουσι
1164 1029 1264 1082 καὶ
1279 1029 1633 1087 κλέπτουσι.
1649 1037 1762 1102 Θη-

173 1109 485 1176 σαυρίζετε
513 1111 582 1164 δὲ
609 1113 752 1182 ὑμῖν
789 1118 1133 1187 θησαυροὺς
1163 1121 1234 1174 ἐν
1264 1123 1542 1191 οὐρανοῖς
1560 1143 1573 1155 ·
1609 1125 1762 1180 ὅπου

171 1199 294 1267 σὴς
310 1202 409 1255 καὶ
423 1201 656 1271 ,βρῶσις
676 1207 786 1259 οὐκ
812 1207 1097 1276 ἀφανίζει,
1118 1212 1215 1264 καὶ
1235 1211 1391 1266 ὅπου
1409 1215 1659 1268 κλέπται
1683 1217 1758 1270 οὐ

173 1289 633 1360 διορύσσουσιν,
667 1295 810 1349 οὐδὲ
832 1297 1224 1355 κλέπτουσιν.
1258 1303 1320 1355 Οἱ
1349 1302 1406 1356 δὲ
1431 1304 1766 1358 ἐπακούσαν-

170 1402 260 1448 τες
298 1385 506 1439 τούτων
545 1387 653 1440 τῶν
681 1389 942 1459 ῥημάτων
970 1387 1120 1446 εἷπον
1142 1411 1155 1423 ο
1176 1393 1328 1465 Καλή
1353 1397 1468 1448 ἐστι
1497 1398 1700 1469 σφόδρα
1729 1400 1762 1469 ἡ

173 1475 478 1546 συμϐουλία
510 1478 605 1530 καὶ
625 1479 920 1544 ἀπόδεκτος
945 1482 977 1552 ἡ
1000 1483 1216 1552 γνώμη,
1239 1483 1334 1536 τοῦ
1359 1484 1508 1557 παρὰ
1539 1485 1636 1558 τὴν
1661 1487 1764 1557 γῆν

176 1567 379 1638 μᾶλλον
405 1569 464 1620 ἐν
496 1569 747 1641 οὐρανοῖς
777 1571 1244 1645 ἀποθησαυρίζειν
1277 1576 1345 1628 τὰ
1385 1577 1628 1648 παρόντα
1662 1578 1760 1632 τοῦ

175 1657 310 1730 βίου.
357 1658 520 1712 Ἀλλά
555 1659 674 1725 πῶς
702 1660 939 1734 θήσομεν
995 1663 1055 1717 τὸ
1103 1666 1325 1736 χρυσίον
1367 1670 1460 1720 καὶ
1507 1669 1568 1721 τὸ
1600 1669 1764 1740 ἀργύ-

174 1769 288 1822 ριον
312 1754 372 1805 ἐν
395 1753 645 1824 οὐρανοῖς
673 1795 687 1820 ,
739 1753 1156 1827 ἀμηχανοῦμεν.
1207 1759 1365 1811 Ἐστι
1411 1759 1521 1830 γὰρ
1556 1761 1761 1833 σφόδρα

1314 363 1740 422 FRAGMENTA
1783 369 1851 424 ΙΝ
1894 363 2214 426 ΜΑΤΤΠᾹ]
2227 364 2337 426 UM.

3303 381 3442 438 1578

2314 497 2597 550 Athanasii
2630 497 3000 562 Alexandrini,

1867 603 2021 672 Quod
2066 623 2168 659 non
2197 608 2263 659 sit
2310 609 2779 663 thesaurizandum
2818 611 2867 665 in
2913 621 3074 676 terra,
3107 612 3242 665 liber
3281 611 3446 666 inter-

1937 678 2261 749 pretationis
2341 678 2617 749 Evangelii
2691 678 2994 735 secundum
3068 681 3440 736 Matthaaum:

1935 762 2116 801 sermo
2151 747 2240 800 IX.

1941 855 2123 911 Nolite
2157 859 2519 914 tltesaurizare
2565 863 2706 916 vobis
2754 863 3026 920 thesauros
3063 864 3117 916 in
3161 871 3320 925 terra,
3357 861 3445 916 in-

1865 949 1982 1018 quit
2013 950 2298 1013 Christus,
2335 951 2424 1004 ubi
2455 970 2631 1023 wrugo
2659 963 2708 1007 et
2752 956 2892 1007 tlnea
2923 953 3225 1020 demolitur,
3263 963 3311 1007 et
3350 951 3442 1006 ubi

1865 1038 2009 1107 fures
2032 1040 2294 1107 effodiunt
2317 1053 2366 1094 et
2389 1042 2661 1108 furantur.
2695 1043 3071 1097 Tltesaurizate
3094 1053 3269 1096 autent
3300 1043 3465 1097 vobis-

1865 1131 2140 1185 tltesauros
2189 1133 2244 1185 in
2285 1133 2428 1186 caelis
2455 1149 2473 1186 :
2515 1133 2606 1187 ubi
2652 1151 2813 1204 neque
2852 1151 3062 1205 cerugo,
3096 1151 3256 1204 neque
3302 1135 3445 1188 tinea

1863 1223 2183 1288 demolitur;
2233 1233 2283 1278 et
2330 1225 2419 1277 ubi
2473 1226 2615 1294 fures
2660 1242 2762 1279 non
2795 1227 3080 1295 effodiunt,
3120 1242 3211 1280 nec
3253 1227 3441 1295 furan-

1865 1321 1954 1366 tur
1999 1315 2067 1369 ⁷⁷.
2125 1313 2229 1380 Qui
2281 1331 2445 1386 porro
2506 1315 2819 1386 hujusmodi
2883 1318 3044 1372 verba
3115 1317 3440 1382 audierunt,

1863 1403 2047 1460 dixere
2065 1421 2078 1458 :
2094 1403 2330 1460 Probum
2352 1407 2540 1475 utique
2557 1407 2868 1470 consilium,
2891 1407 3292 1476 probabilisque
3317 1422 3445 1462 sen-

1864 1498 2052 1560 tentia,
2072 1506 2131 1552 ut
2157 1497 2210 1551 in
2229 1499 2382 1554 cmlis
2405 1499 2585 1567 potius
2607 1515 2768 1569 quam
2797 1499 2848 1552 in
2878 1508 3016 1554 terra
3041 1500 3147 1554 bon
3159 1514 3444 1568 apratsen-

1866 1586 1938 1640 tia
1965 1588 2358 1643 recondantur.
2396 1587 2597 1643 Verum
2651 1605 2759 1658 quo
2809 1597 2970 1659 pacto
3014 1605 3210 1643 aurum
3251 1604 3446 1659 argen-

1865 1687 2047 1732 tumve
2079 1694 2412 1748 reponamus
2440 1680 2492 1734 in
2527 1681 2703 1747 coalis,
2738 1681 2885 1734 nulla
2917 1695 3047 1735 sane
3072 1681 3210 1735 ratio
3235 1681 3440 1734 subest.

1863 1768 1997 1824 Nam
2033 1772 2269 1826 sublime
2299 1772 2597 1826 admodum
2623 1780 2706 1827 est
2736 1773 2958 1839 cos-lum,
2983 1781 3042 1826 ut
3071 1773 3247 1842 ipsum
3279 1789 3444 1826 manu

172 1843 376 1914 ὑψηλὸς
405 1846 434 1898 6
456 1846 704 1918 οὐρανὸς,
742 1847 836 1899 καὶ
869 1847 928 1900 οὐ
963 1847 1240 1919 δυνάμεθα
1283 1853 1349 1921 τῇ
1397 1851 1537 1922 χειρὶ
1569 1852 1756 1921 ἐφικέ-

1864 1864 2172 1935 contingere
2210 1880 2565 1932 nequeamus.
2624 1863 2811 1934 Neque
2854 1866 2998 1919 enim
3041 1867 3245 1919 scalam
3296 1865 3443 1918 illam

173 1934 297 1987 σθαι
327 1937 518 1990 αὐτοῦ.
545 1935 682 1990 Οὐτε
708 1937 765 1990 δὲ
793 1938 1007 2010 ὁρῶμεν
1031 1941 1244 2011 ἐκείνην
1275 1941 1371 2012 τὴν
1400 1943 1662 2013 κλίμακα,
1694 1945 1760 2014 ἣν

172 2025 437 2081 ἐθεάσατο
466 2030 495 2081 6
526 2029 874 2101 πατριάρχης
911 2030 1122 2096 Ἰακὼϐ,
1157 2032 1244 2086 ἵνα
1288 2033 1354 2086 δι’
1382 2035 1555 2104 αὐτῆς
1603 2035 1761 2089 ἀνελση

171 2116 351 2182 θόντες
400 2118 807 2191 ἀποθησώμεθα
856 2123 914 2174 ἐν
962 2122 1040 2193 τῷ
1094 2123 1308 2195 οὐρανῷ
1353 2125 1420 2178 τά
1449 2127 1762 2197 ὑπάρχοντα

170 2209 346 2279 ἡμῶν.
392 2211 456 2264 Ὀ
483 2211 540 2263 δέ
590 2211 828 2284 Κύριος’
875 2215 994 2268 Κᾶν
1027 2217 1055 2268 6
1109 2217 1336 2288 οὐρανός
1378 2220 1494 2270 ἐστι
1558 2221 1762 2292 σφόδρα

169 2292 390 2370 ὑψηλδς,
429 2299 661 2354 δύνασθε
689 2303 768 2364 εἰς
797 2303 959 2355 αὐτὸν
988 2303 1533 2376 ἀποθησαυρίσαιτὸν
1556 2307 1761 2359 ἀσυλα-

172 2393 424 2466 γώγητον
463 2393 732 2466 θησαυρὸν
758 2397 857 2466 τῆς
886 2396 1248 2467 δικαιοσύνης.
1299 2397 1397 2460 Δὸς
1433 2397 1632 2467 πτωχῷ
1667 2397 1762 2450 καὶ

177 2486 366 2557 πένητι
388 2479 467 2540 ὧν
493 2486 703 2558 χρῄζει,
735 2488 827 2541 καὶ
857 2489 1112 2558 εὑρήσεις
1152 2487 1294 2541 αὐτὰ
1329 2489 1664 2558 ἀποκείμενα
1703 2492 1761 2542 ἐν

168 2577 244 2648 τῷ
269 2578 487 2650 οὐρανῷ
542 2579 696 2646 σῶα,
741 2579 1038 2650 ἀμόλυντα,
1099 2579 1424 2651 ἀδιάφθορα.
1485 2581 1670 2650 Ἔχεις
1704 2581 1762 2634 δὲ

171 2673 264 2727 καὶ
293 2673 540 2746 κλίμακα
557 2675 850 2746 διήκουσαν
875 2676 980 2729 ἀπὸ
1006 2677 1109 2747 γῆς
1137 2679 1216 2740 εἰς
1242 2677 1491 2748 οὐρανὸν,
1521 2677 1611 2731 τὸν
1654 2694 1762 2730 σω-

172 2766 360 2837 τήριον
391 2767 655 2838 σταυρόν·
710 2767 1081 2839 ἀναϐαθμίδας
1140 2768 1197 2821 δὲ
1243 2768 1314 2820 τὰ
1354 2768 1602 2838 δόγματα
1641 2769 1762 2839 ,τῶν

171 2859 452 2929 ἀχράντων
483 2859 850 2928 Εὐαγγελίων.
870 2860 1126 2932 Ἀνάϐηθι
1150 2855 1242 2913 οὖν
1264 2860 1330 2913 δι’
1363 2860 1542 2914 αὐτῶν
1563 2863 1641 2924 εἰς
1661 2859 1762 2924 τὰς

170 2952 530 3024 ἐπουρανίους
550 2953 739 3024 μονάς,
758 2954 848 3007 ἵνα
878 2953 1140 3025 δοξασθῇς
1158 2956 1238 3018 εἰς
1271 2954 1363 3007 τὸν
1380 2953 1570 3008 αίῶνα.
1596 2955 1763 3025 Πρόσ-

170 3060 260 3115 εχε
276 3044 333 3098 δὲ
349 3045 445 3100 καὶ
465 3044 545 3116 τῷ
562 3045 842 3116 λεγομένῳ
867 3046 995 3117 παρ’
1013 3045 1148 3116 ἐμοῦ
1170 3064 1182 3076 ·
1203 3047 1264 3098 '0
1284 3046 1362 3099 λύ
1369 3062 1512 3112 χνος
1526 3045 1632 3098 τοῦ
1653 3044 1763 3098 σώ-

168 3137 348 3204 ματός
359 3153 479 3192 σου
490 3137 663 3190 ἐστίν
679 3140 711 3190 ό
723 3138 1030 3206 ὀφθαλμός
1044 3152 1179 3191 σου.
1193 3137 1236 3190 Ε
1243 3139 1260 3191 ί
1274 3140 1306 3191 ὀ
1326 3137 1630 3204 ὀφθαλμός
1642 3151 1760 3191 σου

170 3198 402 3294 ἀπλοῦς
421 3228 612 3290 ἐστιν,
640 3198 788 3281 ὅλον⁴
810 3227 876 3280 τὸ
903 3198 1076 3295 σῶμά
1098 3245 1214 3281 σου
1243 3198 1532 3296 sponsu/'67:
1551 3198 1720 3282 ἔσται
1740 3245 1754 3258 ·
1785 3198 1832 3261 c

172 3317 355 3372 ἐὰνδὲ
368 3323 400 3373 ό
413 3320 723 3389 ὀφθαλμός
740 3334 856 3372 σου
872 3319 1134 3387 πονηρός
1153 3318 1496 3382 ἐστιν,ὅλον
1511 3317 1575 3372 τὸ
1588 3317 1759 3387 σῶμά

171 3425 282 3466 σου
307 3413 628 3466 σκοτεινὸν
665 3411 858 3465 ἔσται.
896 3412 1112 3464 Γίνεται
1150 3410 1207 3463 δέ
1247 3411 1308 3463 τὸ
1350 3409 1510 3480 σῶμα
1549 3427 1759 3463 σκοτει-

169 3501 386 3568 νδν,τοῦ
405 3501 686 3574 ὀφθαλμοῦ
723 3503 962 3574 πονηροῦ
985 3503 1137 3565 ὄντος
1154 3543 1166 3562 ,
1191 3502 1252 3554 οὐ
1279 3502 1428 3571 παρὰ
1454 3501 1550 3572 τὴν
1578 3503 1758 3555 αἰτίαν

169 3591 258 3645 τοῦ
308 3591 676 3665 δημιουργοῦ·
713 3592 892 3646 πάντα
935 3591 1044 3662 γὰρ
1086 3591 1188 3643 ὅσα
1244 3589 1496 3660 ἐποίησεν
1541 3593 1568 3643 6
1623 3589 1756 3653 Θεὸς

170 3683 307 3738 καλά
329 3684 450 3738 λίαν
472 3701 486 3714 ’
519 3684 657 3738 ἀλλά
691 3684 841 3755 παρὰ
873 3681 965 3737 τὸν
999 3681 1269 3752 μοχθηρὸν
1304 3682 1398 3734 καὶ
1435 3679 1755 3735 ἐθελόκακον

167 3776 364 3846 τρόπον
386 3775 484 3830 τοῦ
511 3776 849 3847 κεκτημένου
877 3775 1058 3827 αὐτόν.
1105 3773 1411 3842 Ὀφθαλμὸν
1436 3773 1492 3826 δὲ
1518 3774 1754 3845 πονηρὸν

168 3863 397 3932 ἀκούων,
429 3865 620 3919 συνετέ
673 3864 939 3938 ἀκροατά,
975 3864 1085 3917 νόει
1119 3861 1258 3916 εἶναι
1288 3865 1364 3934 μὴ
1413 3863 1505 3917 τὸν
1530 3863 1658 3916 ὄντα
1695 3864 1754 3916 ἐν

167 3957 229 4027 τῇ
262 3958 498 4030 κεφαλῇ,
527 3957 664 4011 ἀλλά
720 3957 814 4012 τὸν
848 3957 1164 4029 ὑπάρχοντα
1213 3955 1447 4026 πονηρὸν
1497 3953 1754 4025 λογισμὸν

170 4045 225 4098 ἐν
261 4051 326 4119 τῇ
361 4049 656 4120 ἀφωτίστῳ
687 4048 906 4120 καρδίᾳ.
940 4049 1006 4103 Εί
1034 4046 1094 4103 δὲ
1115 4047 1211 4102 καὶ
1251 4045 1492 4118 συμϐαίη
1524 4046 1613 4098 τὸν
1649 4062 1755 4098 σω-

173 4139 397 4204 ματικὸν
419 4139 699 4211 ὀφθαλμὸν
735 4140 1084 4211 σχον-σωθῆναι
1114 4141 1180 4194 ἐκ
1204 4137 1406 4209 πολλῆς
1431 4138 1603 4209 φορᾶς
1630 4136 1754 4209 ῥεύ-

171 4244 334 4296 ματος
361 4233 460 4286 καὶ
490 4233 682 4303 ὀδύνης
701 4231 796 4285 τοῦ
818 4232 1041 4304 κρανίου
1063 4251 1075 4262 ·
1096 4232 1212 4286 ἀλλ’
1245 4230 1369 4285 οὔτε
1402 4233 1435 4302 ἡ
1465 4230 1752 4302 σωματικὴ

169 4317 435 4388 τύφλωσίς
466 4339 589 4377 τινα
638 4324 893 4391 ἀποξενοῖ
937 4323 1046 4379 τῶν
1083 4325 1383 4396 μελλόντων
1419 4323 1514 4378 καὶ
1568 4324 1752 4377 ἀϊδίων

168 4409 403 4482 ἀγαθῶν.

344 4508 356 4520 ⁹
685 4508 704 4577 (
715 4507 796 4579 l6)
838 4507 1187 4563 Ἆθανασίου
1206 4549 1221 4575 ,

199 4615 290 4684 Εἰς
319 4621 411 4674 τό·
459 4621 604 4688 Οὐχί
637 4622 676 4689 ἠ
703 4620 875 4691 ψυχὴ
909 4620 1120 4675 πλεῖόν
1149 4623 1280 4675 ἐστι
1320 4621 1431 4690 τῆς
1459 4621 1707 4692 τροφῆς,

478 4693 576 4746 καὶ
609 4692 674 4746 τὸ
709 4693 880 4762 σῶμα
915 4692 1021 4746 τοῦ
1067 4692 1431 4762 ὲνδύματος;

233 4785 486 4855 Διαφέρει
519 4786 633 4857 δέἠ
671 4786 818 4858 ψυχὴ
867 4787 967 4858 τῆς
1001 4787 1237 4859 τροφῆς,
1282 4788 1417 4841 καθὸ
1459 4787 1597 4859 αὕτη
1649 4789 1750 4859 μέν

169 4874 280 4929 ἐστι
311 4880 530 4950 πνεῦμά
555 4898 606 4934 τι
634 4878 862 4944 ζωτικόν
881 4897 895 4912 ·
927 4883 960 4952 ἠ
995 4881 1051 4933 δέ
1073 4881 1246 4952 τροφὴ
1269 4883 1433 4952 γηῖνη
1465 4881 1750 4936 καὶεύδιά-

168 4963 320 5032 λυτος
353 4987 366 5001 ο
397 4971 460 5022 τὸ
497 4971 657 5042 σῶμα
693 4970 784 5024 τοῦ
815 4971 1131 5042 ἐνδύματος,
1190 4974 1313 5024 ἐπεὶ
1355 4972 1416 5025 τὸ
1472 4972 1570 5042 μέν
1601 4975 1751 5025 ἐστιν

169 5056 321 5126 ἔργον
343 5061 539 5116 θεῖκῶν
560 5062 778 5133 χειρῶν,
802 5064 864 5116 τὸ
893 5063 950 5116 δὲ
981 5062 1145 5126 πόκος
1163 5063 1354 5132 ἀλόγου
1382 5063 1742 5134 βοσκήματος.

170 5149 356 5205 Πολλοὶ
385 5153 464 5217 δέ,
524 5153 814 5216 ἀκούοντες
865 5154 1042 5225 ψυχὴν
1075 5154 1360 5208 ἐσθίουσαν
1387 5196 1401 5217 ,
1447 5155 1748 5222 ξενίζονται

167 5239 255 5292 ἐπὶ
281 5243 356 5314 τῷ
412 5246 574 5316 λόγῳ,
606 5245 842 5317 ὁρῶντες
895 5245 992 5317 τὴν
1021 5249 1180 5318 χεῖρα
1218 5247 1296 5316 τῷ
1330 5247 1560 5318 στόματι
1587 5248 1750 5317 κομί-

168 5333 358 5394 ζουσαν
389 5341 457 5394 τὰ
486 5341 646 5393 σιτία.
704 5339 866 5392 ’Λλλά
912 5340 976 5393 σὺ
1003 5381 1017 5405 ,
1067 5340 1341 5410 ἀγαπητέ,
1381 5341 1456 5412 μὴ
1502 5340 1751 5411 ξενισθῇς

165 5422 338 5497 ψυχὴν
364 5428 577 5488 ἀκούων
623 5429 928 5487 ἐσθίουσαν.
961 5429 1073 5483 Καὶ
1096 5429 1204 5502 γὰρ
1250 5429 1424 5495 οὕτως
1483 5433 1602 5484 ἐστὶ
1651 5432 1746 5484 καὶ

257 5557 298 5587 ⁷⁷
343 5559 528 5618 Matth.
564 5579 639 5626 vt,
682 5564 768 5629 19,
798 5563 888 5618 20.
969 5562 1014 5594 ⁷⁸
1046 5561 1234 5619 Matth.
1266 5580 1342 5624 νι,
1379 5565 1466 5619 92.
1547 5567 1594 5598 ⁷⁸
1633 5567 1744 5623 ibid

238 5715 347 5791 (lii)
382 5716 506 5791 ῌωο
531 5721 887 5791 prodeuntex
923 5723 1043 5776 cod.
1077 5721 1210 5791 Reg.
1242 5721 1398 5779 1995.

238 5739 347 5783 μθ)
383 5739 506 5776 "(Bc
531 5739 887 5791 proueuntex
923 5739 1043 5776 coa.
1079 5739 1152 5776 ne
1195 5760 1210 5775 .

235 5787 343 5854 (16)
383 5787 658 5846 Prodeunt
687 5791 801 5846 hate
839 5808 903 5846 ex
937 5791 1120 5848 codice
1156 5739 1234 5846 fle

1777 4538 1828 4597 D

1862 1955 2252 2024 conspicimus,
2293 1971 2458 2024 quam
2510 1957 2645 2011 vidit
2696 1957 3005 2027 patriarcha
3044 1955 3233 2019 Jacob,
3277 1964 3335 2009 ut
3378 1970 3444 2010 ea

1861 2063 2186 2112 conscensa,
2237 2049 2378 2102 bona
2432 2058 2620 2103 nostra
2668 2063 2999 2118 reponamus
3042 2049 3097 2102 in
3162 2049 3319 2103 caelo.
3361 2048 3443 2101 Ad

1861 2139 1977 2194 haec
2031 2141 2348 2198 Dominus:
2400 2141 2631 2196 Etiamsi
2691 2142 2982 2195 admodum
3042 2141 3318 2196 excelsum
3372 2141 3447 2195 sit

1861 2231 2086 2296 cmlum,
2117 2234 2345 2301 potestis
2381 2241 2559 2286 tamen
2594 2232 2666 2285 ibi
2699 2232 3014 2286 thesaurum
3043 2232 3266 2301 justitia:
3305 2246 3446 2284 nun-

1863 2337 2027 2392 quam
2074 2324 2431 2394 expilandutn
2471 2338 2756 2393 reponere.
2807 2321 2884 2376 Da
2931 2324 3153 2392 pauperi
3199 2331 3252 2376 et
3296 2324 3442 2391 inept

1863 2431 1984 2485 qua:
2024 2431 2160 2485 opus
2195 2417 2299 2486 ipsi
2329 2425 2478 2482 sunt,
2510 2424 2563 2469 et
2595 2431 2660 2470 ea
2691 2416 2807 2486 ipsa
2839 2416 2892 2468 in
2927 2416 3066 2469 cmlo
3093 2415 3325 2483 reposita
3359 2415 3445 2468 in-

1861 2509 2068 2572 venies,
2103 2509 2272 2572 salva,
2308 2507 2692 2571 immaculata,
2727 2507 3060 2574 incorrupta.
3100 2503 3276 2559 Habes
3307 2519 3446 2574 quo-

1861 2615 1969 2670 que
2001 2601 2204 2656 scalam
2227 2642 2241 2668 ,
2275 2615 2395 2669 quae
2441 2616 2471 2654 a
2511 2609 2651 2654 terra
2695 2599 2759 2653 ad
2803 2600 3001 2652 caelum
3035 2613 3207 2666 usque
3239 2597 3443 2666 pertin-

1862 2696 1959 2764 git,
1993 2695 2242 2748 videlicet
2271 2695 2570 2748 salutarem
2610 2707 2869 2757 crucem;
2918 2690 3118 2760 gradus
3158 2703 3308 2750 vero,
3356 2687 3443 2741 in-

1861 2795 2252 2841 temeralorum
2284 2786 2702 2856 Evangeliorum
2739 2785 3014 2854 dogmata.
3054 2781 3158 2836 Per
3197 2781 3310 2850 ipsa
3343 2780 3444 2850 igi-

1864 2887 1951 2933 tur
1997 2879 2064 2932 ad
2097 2879 2350 2933 cmlestes
2405 2879 2718 2932 mansiones
2765 2874 3089 2939 conscende,
3129 2881 3190 2927 ut
3241 2881 3443 2928 aeterna

1863 2971 2034 3041 gloria
2064 2970 2338 3025 alliciaris.
2372 2970 2761 3024 Animadverte
2813 2967 2944 3022 illud
2988 2983 3018 3021 a
3055 2981 3140 3020 me
3184 2965 3391 3020 dictant
3422 2981 3437 3017 :

1862 3059 2101 3113 Lucerna
2131 3060 2365 3128 corporis
2395 3059 2473 3112 tui
2499 3071 2576 3111 est
2609 3058 2791 3110 oculus
2816 3072 2833 3110 :
2861 3056 2907 3109 si
2943 3051 3125 3106 oculus
3157 3059 3276 3104 tuus
3313 3050 3444 3104 sim-

1863 3149 1986 3219 plex
2011 3151 2194 3221 fuerit.
2217 3160 2384 3204 totum
2420 3166 2610 3220 corpus
2635 3160 2780 3201 tuum
2804 3147 3043 3201 lucidum
3067 3145 3201 3207 erit;
3230 3142 3313 3195 sin
3339 3155 3443 3193 au-

1863 3251 1965 3297 tem
1989 3244 2171 3298 oculus
2215 3252 2337 3298 tuus
2374 3259 2594 3312 nequam
2626 3242 2809 3312 fuerit,
2848 3249 3014 3293 totum
3062 3251 3250 3302 corpus
3291 3243 3443 3288 tuum

1861 3337 2191 3387 tenebrosum
2214 3334 2315 3386 erit
2336 3332 2400 3386 ⁷⁸.
2420 3331 2635 3401 Corpus
2660 3347 2786 3386 vero
2814 3329 3162 3384 tenebrosum
3191 3323 3439 3390 edicitur,

1859 3425 1904 3479 si
1949 3426 2145 3480 oculus
2199 3441 2432 3496 nequam
2467 3433 2570 3489 est,
2616 3438 2723 3477 non
2771 3422 2979 3492 opiﬁcis
3022 3421 3155 3475 vitio
3198 3436 3212 3472 :
3257 3417 3443 3473 omnia

1856 3515 2000 3568 enim
2051 3531 2392 3585 quaecunque
2447 3515 2576 3570 fecit
2628 3513 2894 3568 Dominus
2943 3511 3236 3566 admodum
3297 3511 3442 3565 bona

1857 3615 2025 3671 sunt;
2054 3607 2146 3660 sed
2183 3606 2254 3660 0h
2309 3607 2588 3675 improbos
2642 3619 3035 3674 pervcrsosque
3077 3618 3253 3657 mores
3300 3600 3440 3667 ejus,

1856 3695 2016 3765 cujus
2048 3704 2132 3749 est
2164 3696 2381 3750 oculus.
2432 3695 2568 3748 Cum
2609 3710 2775 3764 porro
2815 3709 3047 3763 nequam
3081 3693 3298 3747 oculum
3340 3707 3440 3746 au-

1855 3787 1960 3851 dis,
1995 3785 2236 3855 prudens
2269 3786 2525 3853 auditor,
2561 3801 2630 3840 ne
2668 3785 2887 3839 oculum
2934 3783 3095 3853 capiti
3145 3784 3437 3837 haerentem

1855 3877 2148 3948 intelligas,
2195 3878 2289 3932 sed
2339 3892 2564 3947 pravam
2612 3877 3000 3947 cogitationem
3051 3875 3106 3930 in
3150 3874 3439 3930 tenebroso

1853 3968 2016 4023 corde
2043 3969 2328 4023 latentem.
2354 3967 2513 4035 Quod
2544 3967 2593 4023 si
2635 3966 2917 4037 contingat
2959 3981 3278 4036 corporeum
3306 3981 3439 4021 ocu-

1854 4059 1967 4112 lum
2002 4074 2065 4112 ex
2101 4059 2323 4128 copioso
2370 4058 2519 4113 ﬂuxu
2553 4073 2619 4114 ac
2661 4057 2849 4112 dolore
2897 4057 3070 4112 erauii
3119 4057 3434 4124 obscurari;

1853 4159 1909 4204 at
1935 4166 2198 4220 corporea
2225 4152 2450 4206 caecitas
2481 4167 2511 4206 a
2546 4149 2745 4206 futuris
2781 4164 2848 4206 ac
2887 4149 3236 4220 sempiternis
3277 4149 3438 4204 bonis

1853 4239 2065 4294 nullum
2101 4253 2340 4294 amovet.

2487 4508 2767 4562 Athanasii
2784 4548 2798 4572 ,

1937 4623 1996 4675 In
2023 4621 2153 4677 illud
2184 4639 2197 4676 :
2232 4620 2421 4675 Nonne
2447 4623 2628 4674 anima
2656 4621 2775 4691 plus
2807 4631 2883 4676 est
2922 4638 3080 4692 quam
3111 4637 3262 4686 esca,
3303 4630 3355 4675 et

2133 4709 2321 4761 corpus
2347 4692 2465 4762 plus
2490 4709 2648 4762 quam
2681 4694 3044 4746 vestimentum
3070 4693 3155 4746 πῖ

1923 4787 2110 4842 Dill‘ert
2147 4795 2330 4842 autem
2363 4788 2540 4840 anima
2577 4786 2646 4840 ab
2679 4801 2828 4849 esca,
2861 4794 3132 4856 quatenus
3163 4785 3278 4840 haec
3315 4786 3436 4854 qui-

1853 4877 1974 4933 dem
2009 4886 2094 4932 est
2140 4879 2366 4948 spiritus
2411 4877 2727 4944 viviﬁcans;
2777 4878 2866 4931 illa
2915 4893 3046 4932 vero
3095 4888 3309 4932 terrena
3350 4888 3433 4933 est

1853 4972 2121 5044 facileque
2155 4976 2405 5029 solvitur.
2432 4974 2646 5045 Corpus
2678 4990 2806 5030 vero
2839 4983 3058 5044 prtestat
3082 4975 3430 5040 vestimento,

1847 5066 1976 5134 quia
2033 5067 2162 5120 illud
2212 5068 2430 5137 quidem
2486 5065 2795 5121 divinarum
2845 5082 3105 5120 manuum
3155 5067 3428 5137 opilicium

1847 5166 1952 5223 est,
1991 5159 2095 5213 hoc
2133 5176 2302 5226 vero,
2339 5159 2512 5214 vellus
2554 5158 2768 5229 pecoris
2813 5159 3225 5214 irrationabilis.
3277 5159 3430 5214 Multi

1849 5265 2014 5318 porro
2045 5252 2330 5308 audientes
2359 5252 2735 5307 comedentem
2767 5253 3028 5317 animam,
3062 5252 3132 5305 ob
3161 5254 3311 5306 vocis
3348 5254 3432 5306 in-

1851 5343 2140 5398 solentiam
2175 5353 2418 5414 stupent,
2452 5344 2581 5399 dum
2613 5343 2796 5398 vident
2824 5359 3044 5398 manum
3073 5344 3153 5398 ori
3178 5344 3429 5400 alimenta

1855 5434 2161 5490 admovere.
2190 5438 2260 5492 At
2287 5447 2366 5506 tu,
2393 5437 2606 5505 dilecte,
2641 5453 2708 5494 ne
2735 5437 2980 5502 mireris,
3019 5437 3148 5493 dum
3189 5439 3430 5496 animam

1819 5571 1909 5624 25.

1240 5810 1289 5861 g.
1340 5793 1492 5862 1995,
1525 5792 1616 5852 fol.
1647 5793 1736 5860 86,
1781 5796 1940 5854 editis
1977 5800 2207 5856 multum
2243 5801 2512 5857 absimilia
2546 5815 2594 5858 et
2627 5805 2784 5873 longe
2808 5805 3070 5860 auctiora.
