3860 6220
409 344 546 400 1575

1251 343 1305 395 S.
1352 340 1720 394 ATHANASII
1755 340 1905 394 OPP.
1948 336 2130 392 PARS
2170 338 2258 395 lli.
2295 370 2364 379 —
2402 339 2812 395 EXEGETICA.

3537 344 3675 397 l376

406 462 692 521 comedere
730 466 903 519 audis.
938 464 1013 520 lla
1070 482 1202 520 sane
1239 481 1414 535 neque
1454 466 1559 519 alio
1594 465 1755 519 modo
1805 480 1892 518 res
1928 479 1985 518 se

2086 463 2182 515 οὐκ
2223 462 2397 525 ἄλλως
2425 481 2561 526 πως.
2611 463 2808 517 Ἐσθίει
2836 463 2893 516 δὲ
2913 463 3060 533 ψυχὴ
3094 463 3159 516 τὰ
3188 463 3676 534 παραπεμπόμενα

406 556 591 610 habet.
622 554 869 608 Comedit
897 570 1061 624 porro
1101 556 1281 609 anima
1308 572 1429 625 quae
1451 558 1532 609 ori
1570 557 1938 610 immittuntur
1963 575 1976 611 :

407 644 535 713 quia
558 660 623 699 ex
658 653 851 698 natura
880 660 978 699 sua
1014 645 1188 699 calida
1218 653 1320 710 est,
1348 645 1501 713 juxta
1543 644 1833 714 Sapientia:
1857 663 1978 700 ver-

409 736 577 791 bum:
609 737 798 789 Anima
842 736 1019 789 calida
1060 746 1135 790 est
1171 747 1227 789 ut
1265 738 1398 805 ignis
1440 753 1686 789 accensus
1718 739 1783 790 ⁸ο.
1831 737 1979 792 Sicut

406 843 535 897 ergo
580 827 721 896 ignis
756 829 1002 883 immissa
1053 829 1106 881 in
1155 828 1383 883 lebetem
1418 829 1743 899 concoquit;
1790 831 1980 884 eodem

408 920 569 974 modo
615 919 769 988 ignea
818 921 1021 985 anima,
1075 922 1332 976 alimenta
1374 922 1429 975 in
1472 932 1709 977 ventrem
1763 921 1980 978 inducta

407 1011 605 1081 digerit
634 1021 688 1065 et
711 1015 969 1068 absumit.
1007 1013 1235 1068 Etiamsi
1264 1030 1428 1083 porro
1468 1016 1611 1085 ψυχή
1634 1056 1648 1077 ,
1686 1015 1737 1069 id
1759 1018 1981 1070 estani-

410 1117 525 1166 ma,
556 1112 809 1169 vocetur;
859 1121 965 1159 non
1020 1107 1093 1161 ita
1134 1108 1333 1163 dicitur
1361 1110 1504 1177 quod
1537 1110 1607 1163 sit
1646 1118 1838 1163 natura
1884 1124 1982 1164 sua

410 1191 615 1263 ψυχρά,
642 1195 693 1248 id
732 1204 815 1249 est
847 1196 1059 1267 frigida,
1098 1209 1157 1253 ut
1192 1216 1256 1254 ex
1299 1200 1720 1269 simplicioribus
1764 1202 1982 1269 quidam

411 1284 656 1339 arbitrati
693 1295 853 1353 sunt;
890 1290 983 1344 sed
1030 1292 1155 1359 quia
1192 1308 1257 1345 ex
1303 1294 1475 1346 multo
1515 1293 1716 1355 calore,
1762 1293 1979 1346 humida

411 1378 680 1444 exsiccat;
709 1380 851 1447 quod
882 1382 1044 1435 etiam
1071 1398 1135 1435 ex
1165 1383 1296 1437 solis
1329 1384 1381 1436 vi
1413 1394 1465 1436 et
1492 1383 1729 1437 efﬁcacia
1762 1384 1980 1453 planum

410 1468 635 1522 evadit:
688 1486 813 1523 nam
865 1487 987 1525 cum
1049 1474 1258 1529 calidus
1311 1474 1609 1544 igneusque
1663 1476 1752 1540 sit,
1808 1476 1982 1528 lutum

414 1561 675 1623 exsiccat,
731 1561 1121 1633 humidumque
1168 1582 1329 1621 omne
1380 1567 1432 1620 in
1492 1582 1744 1637 vaporem
1802 1568 1983 1622 solvit.

412 1651 569 1717 Quod
616 1660 799 1706 autem
848 1656 1027 1709 anima
1076 1673 1140 1711 ex
1192 1668 1383 1712 natura
1431 1674 1528 1713 sua
1560 1659 1734 1713 calida
1776 1661 1867 1721 sit,
1901 1660 1985 1713 vel

409 1752 748 1797 mortuorum
802 1748 1072 1815 exemplo,
1124 1746 1319 1814 frater,
1377 1765 1704 1819 persuasum
1758 1751 1978 1805 habeas.

409 1834 643 1901 Etenim,
676 1851 798 1891 cum
832 1839 1013 1893 anima
1040 1856 1069 1892 a
1104 1856 1329 1909 corpore
1360 1853 1609 1912 separata
1649 1852 1764 1909 est,
1809 1846 1983 1913 rigent

410 1928 595 1982 omnia
628 1931 893 1997 membra,
929 1933 1286 1989 nihilominus
1306 1950 1467 2004 quam
1502 1936 1728 1989 hiberna
1760 1936 1980 2006 glacies,

412 2020 640 2086 niveque
673 2019 950 2091 frigidiora
995 2024 1249 2079 evadunt.
1291 2024 1366 2079 Ex
1412 2026 1478 2080 iis
1514 2028 1640 2080 item
1685 2042 1807 2095 qua:
1850 2036 1985 2081 lem-

409 2123 540 2177 pore
570 2108 728 2167 famis
748 2114 1088 2183 contingunt,
1108 2126 1263 2185 potes
1284 2133 1499 2188 quoque
1513 2135 1625 2173 rem
1651 2121 1982 2190 propositam

408 2204 763 2269 comprobare
791 2223 805 2259 :
859 2206 1031 2261 donec
1063 2210 1205 2261 enim
1232 2210 1413 2263 anima
1444 2211 1547 2265 cibi
1581 2213 1733 2282 copia
1764 2212 1981 2281 fruitur,

409 2307 611 2363 corpus
656 2296 798 2366 viget
852 2313 985 2353 sane
1019 2300 1268 2369 valetque
1310 2302 1557 2369 viribus;
1602 2312 1657 2357 at
1700 2305 1985 2361 deficiente

410 2386 564 2453 cibo,
598 2387 775 2457 ipsum
811 2406 1010 2460 corpus
1047 2394 1286 2448 absumit
1331 2404 1383 2448 et
1429 2397 1750 2465 corrumpit.
1800 2397 1985 2468 Neque

409 2479 553 2533 enim
586 2489 763 2550 potest
798 2498 997 2552 corpus
1027 2485 1233 2553 absque
1265 2486 1390 2539 cibo
1448 2489 1645 2542 animae
1674 2490 1838 2543 calori
1883 2492 1984 2544 ob-

409 2570 621 2636 sistere,
669 2574 1130 2642 quemadmodum
1172 2593 1349 2647 neque
1384 2594 1479 2634 vas
1515 2595 1724 2634 arneum
1766 2584 1982 2637 clibano

409 2661 722 2731 impositum
772 2666 911 2734 ignis
944 2669 1341 2724 vehementiam
1379 2672 1495 2725 sine
1532 2688 1672 2741 aqua
1717 2673 1858 2727 ferre
1886 2692 1981 2729 va—

411 2751 519 2819 let;
571 2768 795 2823 prorsus
846 2758 990 2811 enim
1054 2758 1296 2815 funditur
1347 2771 1401 2816 et
1448 2763 1716 2831 liquescit.
1782 2764 1980 2819 Eodem

407 2859 633 2913 prorsus
682 2848 843 2901 modo
881 2848 1028 2903 lebes
1074 2853 1358 2921 corporis,
1405 2853 1689 2909 deﬁciente
1730 2855 1883 2916 cibo.
1916 2855 1984 2909 ab

409 2937 563 3007 ignea
600 2940 780 2994 anima
825 2942 1145 3011 absumptus
1197 2946 1421 3001 omnino
1479 2949 1885 3017 pessumdatur.
1925 2948 1980 3002 ln

409 3046 624 3086 summa
683 3044 863 3088 autem
920 3051 986 3089 eo
1044 3038 1279 3092 maxime
1335 3049 1541 3108 spectat
1580 3041 1710 3095 illud
1768 3041 1981 3095 Domini

2081 553 2157 622 τῷ
2181 554 2438 622 στόματιο
2472 555 2593 606 ἐπεί
2615 556 2730 606 ἐστι
2758 555 2857 625 τὴν
2891 553 3051 622 φύσιν
3078 552 3255 624 θερμὴ
3290 554 3432 606 κατά
3468 554 3562 607 τὸν
3582 553 3675 605 λό-

2081 661 2175 710 γον
2224 646 2323 714 τῆς
2368 646 2594 713 Σοφίαςο
2639 646 2815 713 Ψυχὴ
2851 644 3033 713 θερμὴ
3071 645 3148 710 ὡς
3175 645 3294 713 πῦρ
3320 647 3669 713 καιόμενον.

2083 737 2293 806 Ὥσπερ
2340 733 2433 789 οὖν
2468 737 2529 789 τὸ
2581 738 2692 807 πῦρ
2731 738 2798 790 τά
2840 738 3142 807 βαλλόμενα
3184 740 3263 800 είς
3315 738 3408 790 τὸν
3462 738 3673 808 λέϐητα

2080 828 2219 897 ἕψει,
2248 827 2420 890 οὕτως
2455 830 2597 899 καὶὴ
2630 828 2883 900 πυρώδης
2903 830 3047 898 ψυχὴ
3078 829 3145 881 τὰ
3179 830 3673 900 παραπεμπόμενα

2082 920 2225 971 σιτία
2251 922 2315 988 τῇ
2365 920 2542 990 κοιλίᾳ
2578 920 2827 972 λεπτύνει
2868 920 2960 972 καὶ
2992 920 3222 990 δαπανᾷ.
3262 920 3383 973 Κᾶν
3420 922 3478 973 δὲ
3518 922 3670 992 ψυχὴ

2081 1011 2325 1081 λέγηται,
2362 1013 2422 1064 οὺ
2476 1012 2691 1079 λέγεται
2742 1012 2828 1065 διὰ
2865 1013 2924 1065 τὸ
2960 1010 3098 1067 εἶναι
3130 1014 3314 1085 ψυχρὰ
3350 1017 3416 1085 τῇ
3483 1015 3668 1084 οὐσίᾳ,

2081 1102 2156 1167 ὣς
2188 1120 2331 1167 τινες
2367 1103 2473 1156 τῶν
2495 1104 2877 1176 ἁπλουστέρων
2909 1104 3189 1175 ᾠήθησαν,
3220 1104 3358 1158 ἀλλά
3380 1106 3470 1158 διὰ
3501 1106 3564 1158 τὺ
3602 1108 3672 1158 ὲκ

2305 1194 2638 1265 θερμότητος
2669 1195 3042 1267 ἀναξεραίνειν
3076 1197 3244 1266 αὐτὴν
3276 1196 3347 1248 τὰ
3392 1196 3558 1265 ὑγρὰ,
3589 1197 3672 1258 ὡς

2081 1285 2227 1339 ἔστιν
2251 1286 2730 1359 πληροφορηθῆναι
2754 1288 2847 1341 καὶ
2872 1290 2933 1341 ὲκ
2951 1288 3049 1357 τῆς
3071 1288 3350 1356 ἐνεργείας
3368 1288 3464 1340 τοῦ
3488 1288 3668 1358 ἡλίου·

2082 1378 2156 1432 ὢν
2184 1380 2293 1449 γὰρ
2337 1379 2536 1449 θερμὸς
2585 1382 2679 1433 καὶ
2717 1378 3004 1450 πυρώδης,
3050 1379 3219 1448 πηλὸν
3255 1379 3525 1449 ξηραίνει,
3573 1380 3675 1432 καὶ

2084 1472 2190 1524 πᾶν
2219 1472 2383 1541 ὑγρὸν
2410 1472 2691 1541 ἀνιμᾶται.
2723 1472 2846 1524 Ὅτι
2879 1472 2985 1542 δὲή
3011 1470 3156 1541 ψυχὴ
3184 1471 3357 1542 θερμή
3387 1474 3502 1523 ἐστι
3527 1473 3674 1523 κατά

2084 1562 2266 1630 φύσιν,
2300 1562 2506 1628 πείθου,
2538 1562 2753 1631 ἀδελφὲ,
2789 1562 2883 1614 καὶ
2920 1563 2984 1615 ὲκ
3035 1562 3143 1614 τῶν
3190 1562 3669 1631 ἀποθνησκόντων.

2083 1645 2158 1720 ᾞ
2181 1649 2289 1720 γὰρ
2313 1650 2664 1721 ἀποχωρισθῇ
2694 1653 2727 1722 ἡ
2760 1650 2906 1721 ψυχὴ
2931 1651 3038 1703 ἀπὸ
3065 1650 3159 1703 τοῦ
3185 1650 3454 1721 σώματος,
3490 1651 3673 1703 πάντα

2087 1744 2155 1796 τὰ
2188 1744 2322 1814 μέλη
2360 1745 2703 1815 εὑρίσκονται
2737 1744 3142 1815 κρυσταλλώδη,
3188 1744 3280 1796 καὶ
3309 1744 3461 1797 οὐδὲν
3505 1739 3673 1815 ἧττον

2016 1806 2058 1860 Β
2086 1806 2259 1907 πάχου
2286 1806 2565 1909 χειμερίου
2594 1838 2625 1907 ἢ
2658 1806 2834 1907 χιόνος
2855 1806 3183 1910 ψυχρότερα.
3216 1839 3325 1891 Καὶ
3351 1838 3416 1908 δὴ
3437 1806 3673 1891 ἀπδτῶδ

2085 1931 2257 2000 λιμῶν
2292 1930 2407 1981 ἔστι
2436 1929 2728 2000 δοκιμάσαι
2756 1931 2816 1982 τὸ
2844 1930 3168 2000 λεγόμενον⁸
3198 1931 3302 1993 ἕως
3330 1930 3440 2001 γάρ
3472 1930 3589 1999 ἔχει
3634 1933 3668 1999 ἡ

2083 2021 2227 2092 ψυχὴ
2265 2021 2361 2091 τὴν
2385 2022 2590 2091 τροφὴν
2641 2024 2721 2085 είς
2745 2021 3028 2091 ἀφθονίαν,
3060 2022 3121 2075 τὸ
3156 2022 3315 2093 σῶμα
3355 2022 3537 2076 θάλλει
3573 2024 3672 2074 καὶ

2085 2116 2407 2186 ἁδρύνεται·
2465 2116 2702 2185 ὁπηνίκα
2754 2116 2810 2168 δὲ
2847 2116 3113 2187 ἀπορήσει
3169 2115 3371 2177 σιτίων,
3428 2116 3561 2169 αὐτὸ
3607 2116 3672 2167 τὸ

2088 2208 2244 2278 σῶμα
2276 2207 2549 2260 κατεσθίει
2581 2207 2922 2278 καὶφθείρει.
2948 2208 3023 2260 Οὐ
3044 2208 3150 2278 γάρ
3174 2207 3393 2261 δύναται
3418 2207 3480 2260 τὸ
3511 2208 3673 2276 σῶμα

2085 2296 2213 2350 ἄνευ
2246 2296 2453 2367 τροφῆς
2486 2295 2733 2365 ἀντέχειν
2773 2294 2911 2365 πρὸς
2947 2295 3045 2366 τὴν
3072 2294 3384 2366 θερμότητα
3429 2281 3531 2361 τῆς
3562 2293 3672 2360 ψυ-

2085 2389 2204 2459 χῆς,
2235 2388 2310 2451 ὡς
2330 2386 2450 2440 οὔτε
2481 2389 2705 2456 ἀγγεῖον
2737 2384 2974 2457 χαλκοῦν
3004 2386 3176 2449 ἑστὼς
3198 2387 3291 2438 ἐπὶ
3313 2385 3571 2437 κλιϐάνου
3604 2387 3671 2438 οὐ

2084 2482 2304 2534 δύναται
2330 2480 2457 2533 ἄνευ
2479 2479 2670 2543 ὓδατος
2701 2479 2887 2551 φέρειν
2922 2480 3021 2550 τὴν
3056 2478 3390 2550 σφοδρότητα
3433 2476 3531 2530 τοῦ
3562 2494 3669 2529 πυ-

2089 2574 2207 2642 ρός’
2262 2572 2597 2642 ὲκφρύγεται
2644 2572 2751 2642 γὰρ
2800 2571 2903 2624 καὶ.
2936 2571 3208 2625 διαλύεται
3257 2570 3481 2623 τέλειον.
3511 2569 3672 2623 Οὕτω

2084 2660 2213 2729 γοῦν
2243 2662 2333 2714 καὶ
2362 2664 2390 2714 ὁ
2416 2662 2579 2731 λέϐης
2602 2659 2697 2714 τοῦ
2729 2660 2998 2731 σώματος,
3036 2662 3109 2732 μὴ
3134 2662 3271 2732 ἔχων
3300 2661 3403 2731 τὴν
3432 2661 3667 2731 τροφὴν,

2086 2755 2236 2824 παρὰ
2261 2754 2358 2818 τῆς
2380 2752 2660 2823 πυρώδους
2697 2752 2874 2823 ψυχῆς
2896 2752 3346 2823 ὑπολικμώμενος
3366 2752 3668 2805 ἀπόλλυται

2086 2848 2422 2900 παντάπασι.
2461 2846 2767 2915 Κεφάλαιον
2817 2846 2873 2898 δὲ
2923 2848 3031 2899 πᾶν
3064 2848 3156 2899 ἐπὶ
3188 2849 3323 2900 πᾶσι
3380 2847 3445 2899 τὸ
3475 2846 3670 2916 λεχθὲν

2084 2939 2219 3009 πρὸς
2245 2938 2340 2991 τοῦ
2375 2938 2580 3010 Κυρίου
2603 2957 2615 2969 ·
2654 2938 2749 3007 Μὴ
2765 2940 3173 3008 μεριμνήσητε
3199 2938 3274 3007 τῇ
3294 2939 3471 3009 ψυχῇ
3499 2937 3670 3009 ὑμῶν

2085 3033 2142 3083 τί
2165 3030 2410 3101 φάγητε,
2441 3030 2480 3099 ἣ
2508 3031 2589 3097 τῷ
2617 3032 2844 3101 σώματι
2878 3032 2935 3084 τί
2962 3031 3335 3099 ἐνδύσησθε·
3368 3034 3463 3084 ἐπὶ
3484 3032 3669 3084 πλεῖόν

407 3124 628 3179 eﬂ‘atum
670 3145 684 3181 :
724 3126 903 3183 Nolite
954 3130 1170 3184 solliciti
1216 3148 1324 3185 esse
1370 3136 1563 3187 animae
1614 3143 1799 3188 vestra:
1854 3136 1982 3203 quid

2088 3125 2281 3193 ἐστινὴ
2313 3124 2458 3195 ψυχὴ
2478 3124 2579 3194 τῆς
2594 3125 2819 3196 τροφῆς,
2845 3126 2939 3178 καὶ
2960 3125 3019 3177 τὸ
3045 3127 3200 3197 σῶμα
3222 3125 3314 3178 τοῦ
3344 3127 3665 3197 ἐνδύματος.

413 3218 763 3281 manducetis,
796 3229 889 3272 aut
930 3224 1137 3288 corpori
1181 3235 1348 3277 vestro
1393 3227 1518 3295 quid
1563 3228 1859 3279 induamini
1908 3228 1983 3293 ⁸¹;

2090 3218 2152 3268 Et
2201 3216 2378 3269 τοίνυν
2432 3217 2539 3270 τῶν
2574 3222 2897 3288 κρειττόνων
2930 3218 3023 3271 καὶ
3062 3217 3321 3287 μειζόνων
3352 3216 3670 3287 ἠξιώθημεν

414 3306 542 3374 quia
592 3309 714 3376 plus
763 3319 846 3364 est
886 3313 1064 3366 anima
1101 3332 1263 3382 quam
1314 3333 1458 3379 esca,
1511 3328 1564 3372 et
1615 3335 1813 3387 corpus
1866 3322 1988 3388 plus

2088 3312 2152 3378 τῇ
2187 3310 2368 3380 χάριτι
2398 3310 2492 3362 τοῦ
2519 3310 2844 3380 κρείττονος,
2886 3309 3064 3379 πολλῷ
3101 3309 3299 3379 μᾶλλον
3332 3310 3442 3361 τῶν
3466 3310 3669 3381 βραχυ-

414 3412 577 3465 quam
607 3400 985 3456 vestimentum
1009 3405 1073 3457 δ’.
1106 3405 1162 3459 Si
1194 3408 1375 3477 itaque
1408 3409 1497 3462 Dei
1529 3411 1701 3479 gratia
1728 3424 1987 3479 praestan-

411 3489 645 3543 tioribus
673 3493 1080 3565 majoribusque
1128 3499 1286 3553 bouis
1327 3501 1500 3555 affecti
1548 3520 1775 3569 sumus,
1816 3507 1981 3560 multc

416 3581 590 3649 magis
618 3582 767 3637 hisce
797 3587 1097 3643 minoribus
1120 3591 1512 3661 vilioribusque
1540 3595 1888 3663 rcplebimur.

489 3669 723 3734 Qua‘rite
754 3677 979 3743 primum
1015 3696 1229 3748 regnum
1260 3682 1353 3736 Dei
1390 3685 1454 3738 ⁸³.
1492 3687 1734 3755 Regnum
1772 3689 1861 3741 Dei
1899 3687 1982 3741 ni-

417 3760 494 3815 hil
524 3762 665 3817 aliud
699 3774 782 3819 est
817 3784 977 3835 quam
1025 3770 1326 3827 futurorum
1365 3776 1629 3831 bonorum
1672 3780 1980 3848 possessio;

410 3852 462 3905 id
495 3861 600 3917 est,
635 3854 725 3909 Dei
759 3863 1142 3929 contemplatio
1183 3880 1248 3919 ac
1279 3868 1537 3937 cognitio,
1573 3882 1837 3939 quantum
1884 3872 1985 3926 hu-

409 3958 585 3998 manas
613 3959 694 4002 est
735 3946 1026 4007 facultatis.

412 4058 471 4115 S.
505 4062 803 4131 Athanasii,
831 4068 968 4135 quod
992 4086 1091 4148 non
1110 4070 1459 4148 judicanilum
1488 4074 1577 4140 sit,
1610 4092 1675 4129 ex
1700 4075 1982 4148 Evangelia

862 4142 1145 4192 secundum
1192 4142 1519 4196 Matt/uram.

483 4221 665 4279 Nolite
702 4227 966 4295 judicare,
1010 4240 1066 4283 ut
1100 4248 1199 4285 non
1231 4234 1579 4301 judicemini;
1607 4237 1662 4289 in
1701 4255 1800 4306 quo
1842 4242 1980 4294 enim

401 4314 608 4385 judicio
626 4316 1359 4389 judicabitis,judicabimini
1387 4340 1404 4377 :
1439 4338 1487 4377 et
1513 4328 1564 4377 in
1594 4344 1696 4395 qua
1736 4346 1979 4383 mensura

2086 3401 2260 3472 τέρων
2280 3402 2372 3455 καὶ
2403 3401 2843 3472 καταδεεστέρων
2873 3400 3293 3472 ὲμπλησθῶμεν.

2158 3692 2395 3758 Ζητεῖτε
2444 3690 2512 3743 δὲ
2543 3690 2777 3757 πρῶτον
2804 3689 2917 3756 τὴν
2964 3689 3295 3752 ,Βασιλείαν
3339 3690 3447 3743 τοῦ
3493 3692 3665 3746 Θεου.

2088 3785 2340 3838 Βασιλεία
2362 3784 2495 3837 Θεοῦ
2528 3784 2676 3837 οὐδὲν
2706 3782 2833 3836 ἄλλο
2862 3782 3007 3833 ἐστὶν
3029 3781 3142 3834 ἀλλ’
3172 3782 3204 3852 ἢ
3229 3781 3337 3834 τῶν
3362 3782 3669 3851 μελλόντων

2086 3876 2303 3945 ἀγαθῶν
2331 3878 2362 3946 ἡ
2393 3876 2722 3937 ἀπόλαυσις
2754 3872 3032 3925 τουτέστιν
3073 3874 3104 3943 ή
3147 3872 3240 3925 τοῦ
3280 3873 3414 3926 Θεοῦ
3462 3874 3667 3946 θεωρία

2083 3988 2142 4023 τε
2177 3969 2270 4022 καὶ
2296 3968 2514 4037 γνῶσις,
2550 3967 2671 4019 ὅσον
2706 3966 2926 4034 ἐφικτὸν
2945 3968 3010 4035 τῇ
3044 3963 3356 4036 ἀνθρωπίνῃ
3386 3965 3560 4037 ψυχῇ.

2148 4083 2258 4154 (i7)
2290 4082 2425 4149 Περὶ
2456 4082 2561 4154 τοῦ
2582 4080 2666 4150 μὴ
2700 4081 2945 4154 κρίνειν,
2980 4079 3087 4154 τοῦ
3117 4083 3267 4154 κατὰ
3295 4081 3599 4154 Ματθαῖον

2235 4153 2625 4221 Εὐαγγελίου,
2654 4151 2759 4204 τοῦ
2786 4151 3083 4219 μακαρίου
3116 4152 3485 4205 Ἀθανασίου.

2151 4244 2248 4312 Μὴ
2285 4244 2551 4311 κρίνετε,
2583 4243 2677 4296 καὶ
2710 4244 2781 4296 οὐ
2816 4242 2902 4311 μὴ
2937 4242 3202 4313 κριθῆτε·
3233 4243 3303 4295 ἐν
3325 4235 3371 4307 ᾧ
3400 4243 3510 4312 γὰρ
3538 4246 3665 4310 κρί-

2075 4352 2216 4404 ματι
2244 4338 2495 4403 κρίνετε,
2520 4334 2878 4403 κριθήσεσθε
2898 4354 2911 4368 ·
2943 4339 3042 4391 καὶ
3064 4339 3135 4391 ἐν
3161 4330 3209 4403 ᾧ
3230 4338 3421 4406 μέτρῳ
3436 4341 3669 4407 μετρεῖ-

408 4406 574 4459 mensi
604 4410 830 4473 fueritis,
865 4414 1164 4466 remetietur
1185 4415 1325 4469 vobis
1349 4416 1413 4468 ".
1439 4419 1527 4470 Ait
1560 4434 1687 4471 vero
1718 4418 1979 4476 Dominus

2086 4444 2144 4479 τε
2164 4467 2178 4490 ,
2208 4426 2773 4496 ἀντιμετρηθήσεται
2800 4427 2959 4497 ὑμῖν.
3022 4430 3181 4497 Λέγει
3213 4430 3269 4482 δὲ
3302 4430 3329 4481 ὁ
3359 4406 3564 4501 Κύριος
3596 4431 3667 4484 τά

410 4512 473 4551 ea
528 4498 644 4566 ipsa
693 4510 853 4569 atque
894 4505 1119 4571 aequalia
1173 4507 1239 4559 iis
1281 4509 1528 4562 accidere
1570 4511 1661 4578 qui
1710 4511 1975 4578 iudicant,

2086 4516 2219 4569 αὑτά
2248 4489 2563 4570 καὶΨ-τάνίσα
2588 4489 2951 4588 ’πάσχεινντὸν
2996 4489 3248 4590 κρίνοντα
3290 4520 3381 4573 καὶ
3424 4489 3515 4572 τὸν
3544 4489 3666 4591 -με-

410 4597 571 4655 alque
602 4588 669 4643 iis
696 4591 786 4658 qui
823 4594 1119 4649 metiuntur
1153 4614 1166 4649 :
1200 4613 1307 4651 non
1341 4601 1795 4667 quemadmodum
1828 4604 1981 4657 aiunt

409 4679 669 4747 haeretici,
696 4698 754 4737 se
785 4684 928 4752 ipsos
954 4687 1005 4738 in
1038 4704 1276 4743 errorem
1309 4692 1654 4757 deducentes,
1696 4712 1796 4748 non
1824 4698 1979 4750 intel-

408 4770 622 4839 ligente:
659 4790 819 4835 nevue
844 4793 959 4845 qua:
996 4779 1297 4850 loquuntur.
1330 4800 1487 4854 neque
1515 4786 1578 4838 de
1602 4786 1789 4855 quibus
1822 4790 1978 4857 afﬁr-

407 4874 555 4917 mant
581 4866 646 4919 ⁸⁸.
678 4867 740 4920 Hi
775 4886 1007 4941 namque
1048 4890 1141 4941 per
1184 4876 1405 4931 insanos
1446 4887 1607 4948 atque
1640 4882 1975 4949 perniciosos

406 4957 737 5025 paenitentia:
799 4962 934 5017 rilus
987 4968 1229 5033 pecuniae
1283 4979 1546 5035 qurestum
1606 4985 1973 5041 aucupantes,

405 5046 558 5099 aiunt
590 5062 695 5101 non
722 5048 1079 5117 judicandulu
1115 5056 1226 5109 sive
1270 5058 1639 5115 damnandum
1677 5080 1798 5119 esse
1848 5081 1973 5121 eum

406 5136 498 5205 qui
552 5150 771 5207 peccata
822 5147 1066 5200 mortalia
1098 5150 1372 5204 admittit:
1410 5153 1487 5206 ait
1542 5156 1739 5225 quippe
1784 5156 1973 5212 Domi-

404 5245 508 5285 nus
545 5247 556 5281 :
586 5230 768 5287 Nolite
789 5235 1032 5304 judicare
1069 5252 1123 5294 ul
1150 5260 1251 5295 non
1268 5246 1601 5310 judicemini.
1628 5248 1779 5315 Quod
1821 5252 1864 5306 si
1900 5253 1971 5306 ita

403 5335 461 5374 se
494 5338 581 5377 res
609 5323 770 5379 habet
798 5336 858 5380 ut
891 5328 1157 5387 afﬁrmant
1199 5334 1325 5403 ipsi,
1364 5336 1476 5391 Noe
1507 5355 1638 5393 sane
1674 5343 1761 5395 vir‘
1789 5344 1973 5413 justus

401 5411 690 5471 damnatus
712 5416 834 5485 fuit,
868 5422 1011 5489 quod
1051 5422 1348 5480 derisorem
1384 5428 1651 5486 Cbamum
1689 5411 1973 5499 iudicave—

466 5613 511 5643 '°
545 5614 706 5669 Eeeli.
750 5632 904 5685 χχιιι,
930 5619 1019 5673 22.
1096 5623 1137 5653 "
1177 5620 1367 5677 Matth.
1402 5643 1473 5691 vi,
1504 5628 1591 5682 25.

1682 5632 1726 5661 '"
1762 5632 1893 5686 ibid.
1974 5633 2019 5664 ⁸³
2048 5634 2175 5687 ibid.
2220 5635 2309 5687 55.
2386 5633 2431 5663 ⁸³
2472 5632 2659 5685 Matth.
2690 5647 2785 5696 vn,
2830 5631 2875 5682 Ι.

2078 4607 2329 4680 τροῦντα,
2368 4608 2430 4659 οὐ
2455 4606 2637 4670 καθώς
2667 4625 2829 4677 φασιν
2862 4610 3157 4680 αἱρετικῶν
3188 4611 3373 4673 παῖδες
3398 4610 3668 4681 ψευδόμε-

2076 4716 2155 4752 νοι
2182 4698 2433 4761 ἑαυτοὺς,
2462 4700 2554 4751 καὶ
2579 4699 2664 4768 μὴ
2693 4700 2917 4764 εἰδότες
2942 4700 2998 4752 τί
3020 4700 3328 4768 λέγουσιν,
3358 4701 3394 4766 ἢ
3417 4701 3555 4768 περὶ
3576 4696 3666 4754 ὧν

2074 4784 2726 4844 διαϐεϐαιοῦνται.υῦτοι
2750 4791 2857 4861 γάρ
2875 4792 3299 4862 ἐμπορευόμενοι
3316 4791 3382 4843 τὰ
3400 4792 3503 4861 χρή
3515 4810 3665 4862 ματα

2073 4882 2159 4935 διὰ
2184 4882 2292 4934 τῶν
2338 4884 2579 4954 ἀνοήτων
2614 4884 2707 4935 καὶ
2756 4882 3062 4952 ἑπιζημίων
3111 4882 3403 4953 μετανοιῶν
3446 4883 3664 4939 θέλουσι

2078 4975 2255 5044 λέγειν
2280 5016 2292 5035 .
2326 4977 2406 5028 ὅτι
2433 4977 2493 5029 οὐ
2536 4976 2615 5028 δεῖ
2644 4976 2851 5046 κρίνειν
2902 4976 2995 5028 τὸν
3046 4976 3320 5047 δράσαντα
3362 4977 3663 5040 θανατικὰς

2080 5068 2371 5138 ἁμαρτίας.
2414 5064 2547 5121 Εἷπε
2580 5068 2688 5139 γὰρ
2716 5071 2743 5120 ὁ
2774 5068 3004 5139 Κύριοςο
3042 5068 3137 5135 Μὴ
3172 5071 3421 5137 κρίνετε.
3456 5070 3557 5123 καὶ
3587 5074 3661 5124 οὐ

2072 5159 2158 5229 μὴ
2193 5160 2447 5229 κριθῆτε.
2480 5163 2541 5214 Et
2564 5162 2619 5215 δὲ
2652 5162 2826 5224 οὕτως
2859 5158 2927 5231 ἦν
2964 5161 3146 5225 καθὼς
3174 5163 3366 5215 ἐκεῖνοι
3394 5162 3664 5234 διισχυρί-

2077 5252 2279 5316 ζονται,
2312 5254 2526 5315 πάντως
2571 5253 2635 5307 ἂν
2668 5256 2696 5307 ὀ
2736 5254 2943 5317 δίκαιος
2974 5254 3095 5307 Νῶε
3140 5254 3436 5325 κατεκρίθη
3466 5256 3661 5325 κρίνας

2074 5345 2164 5397 τὸν
2195 5345 2495 5416 χλευαστὴν
2545 5346 2674 5416 Χάμ
2704 5346 2797 5399 τοῦ
2831 5342 2968 5399 εἶναι
3015 5346 3197 5399 δοῦλον
3230 5347 3337 5399 τῶν
3389 5346 3654 5415 ἀδελφῶν.

2084 5434 2145 5491 Ὀ
2172 5436 2227 5488 δὲ
2254 5438 2493 5509 Μωῦσῆς
2512 5479 2526 5499 ,
2557 5441 2748 5510 κρίνας
2768 5440 2860 5492 τὸν
2888 5438 3213 5503 συλλέξαντα
3236 5438 3305 5491 τά
3332 5438 3460 5504 ξύλα
3494 5440 3553 5492 ὲν
3577 5439 3661 5511 τῷ

2980 5629 3024 5661 ⁸⁸
3058 5632 3076 5683 l
3112 5628 3254 5685 Tim.
3289 5646 3326 5697 I,
3368 5629 3419 5684 7.

474 5756 585 5827 (i7)
623 5759 700 5817 Ex
743 5760 931 5818 codice
966 5763 1326 5822 Ambrosiano
1363 5768 1455 5837 97,
1490 5786 1519 5823 ι
1566 5772 1745 5826 saeculi
1777 5787 2003 5844 egregiae
2037 5786 2207 5842 notrc;
2238 5782 2289 5831 ct
2314 5791 2377 5831 ex
2410 5772 2537 5845 Reg.
2573 5772 2726 5837 l995,
2768 5771 2896 5829 item
2921 5786 2953 5826 χ
2978 5772 3167 5828 saeculi
