3860 6220
165 335 307 392 1377

1313 334 1743 395 FRAGMENTA
1779 339 1846 396 IN
1887 317 2216 395 ΜΑΤΤΠᾹῘ
2232 321 2344 384 UM.

3318 331 3454 386 1578

165 453 456 524 σαϐϐάτῳ,
490 452 771 507 ἐκέλευσεν
795 453 900 518 ἔξω
927 453 1027 525 τῆς
1049 455 1398 528 παρεμϐολῆς
1417 457 1584 523 λίθοις
1604 461 1756 515 αὐτὸι

1871 460 1941 515 rit
1971 449 2446 526 damnaveritque‘,
2480 465 2533 510 ut
2555 462 2699 509 esset
2726 453 2959 507 fratrum
2988 465 3182 507 servus
3213 450 3282 504 ⁸⁸.
3312 451 3452 520 Moy-

163 547 504 604 ἀποθανεῖν·
537 549 564 600 6
609 548 666 600 δὲ
713 547 955 618 διάδοχος
993 549 1158 602 αὐτοῦ
1189 551 1398 620 Ἰησοῦς
1448 553 1639 624 κρίνας
1671 555 1766 608 καὶ

163 639 258 692 τὸν
288 639 473 708 Ἀχαν
505 636 591 690 διὰ
618 639 714 709 τῆς
751 637 956 708 κλοπῆς
987 640 1204 692 πανοικὶ
1234 640 1649 714 ὲξωλόθρευσεν.
1708 644 1766 698 '0

162 731 220 785 δὲ
245 730 446 794 Φινεὲς
478 730 565 783 διά
586 729 684 801 τὴν
713 730 967 801 πορνείαν
990 732 1080 784 τὸν
1112 733 1328 806 Ζαμόρὶ
1354 735 1565 806 κρίνας,
1591 755 1766 808 σειρο-

167 821 359 894 μὰστῃ
393 820 735 890 ἐξεκέντησε.
765 821 874 873 Καὶ
902 822 930 873 6
956 821 1208 894 Σαμουὴλ
1232 823 1324 876 τὸν
1352 824 1526 894 Ἀγάγ
1551 826 1641 878 τὸν
1668 827 1766 897 βα-

165 912 323 966 σιλέα
355 911 470 966 τῶν
503 911 886 984 Ἀμαληκιτῶν
919 913 1130 968 ἀνεῖλεν
1166 913 1397 970 ἐνώπιον
1429 919 1656 990 Κυρίου.
1708 921 1764 974 '0

162 1006 220 1060 δὲ
266 1007 466 1070 Ἠλίας
489 1006 680 1077 κρίνας
707 1006 830 1070 τοὺς
853 1006 1325 1079 ψευδοπροφήτας,
1356 1010 1431 1073 ὼς
1460 1012 1675 1084 χοίρους
1706 1014 1763 1066 ἐν

161 1097 243 1170 τῷ
289 1101 587 1172 χειμάρρῳ
624 1099 956 1168 ἀπέσφαξεν.
993 1100 1104 1152 Καὶ
1135 1101 1164 1152 6
1197 1100 1520 1167 Ἐλισσαῖος,
1572 1105 1764 1175 κρίνας

163 1193 256 1246 τδν
287 1191 462 1262 Γιεζῆ
501 1192 590 1246 διά
617 1192 716 1263 τὴν
746 1191 907 1262 λῆψιν
945 1191 1054 1246 τῶν
1083 1195 1407 1264 χρημάτων,
1442 1195 1640 1268 λεπρὸν
1670 1199 1763 1250 ἀν-

164 1284 393 1350 έδειξεν.
437 1286 494 1339 '0
521 1285 579 1338 δὲ
607 1286 803 1356 Δανιὴλ
822 1326 836 1351 ,
870 1286 1061 1356 κρίνας
1077 1289 1200 1349 τοὺς
1220 1287 1550 1352 ἀκολάστους
1575 1287 1764 1359 γέρον-

163 1394 263 1439 τας
297 1376 492 1428 ἕνεκεν
525 1375 624 1444 τῆς
655 1375 1048 1444 συκοφαντίας,
1084 1375 1232 1445 νόμῳ
1257 1376 1536 1445 Μωσαῖκῴ
1561 1377 1763 1446 ὲτιμω-

168 1468 399 1539 ρήσατο.
428 1467 540 1521 Καὶ
563 1469 590 1520 ὁ
613 1467 835 1538 Πέτρος,
857 1466 1039 1521 λαϐὼν
1072 1467 1169 1530 τὰς
1195 1467 1340 1531 κλεῖς
1366 1469 1464 1539 τῆς
1491 1468 1766 1538 βασιλείας

163 1559 274 1612 τῶν
307 1558 581 1630 οὐρανῶν,
613 1560 703 1612 τὸν
725 1560 977 1612 Ἀνανίαν
1007 1559 1147 1630 μετά
1167 1560 1266 1631 τῆς
1298 1561 1554 1628 γυναικὸς
1583 1579 1767 1630 νοσφι-

167 1650 447 1722 σαμένους
483 1652 547 1704 ὲκ
580 1651 671 1704 τοῦ
709 1651 840 1704 ίδίου
889 1653 1202 1724 κτήματος,
1239 1651 1459 1723 κρίνας,
1512 1652 1766 1722 παραυτὰ

165 1745 429 1816 ἐποίησεν
463 1745 662 1808 αὐτοὺς
711 1744 1005 1814 ἀποψύξαι.
1064 1745 1176 1798 Καὶ
1223 1747 1251 1797 ὁ
1296 1745 1505 1808 Παῦλος
1552 1745 1764 1814 ἔκρινεν

1869 568 1986 620 ses,
2019 553 2148 607 item
2180 547 2291 604 lato
2319 548 2523 619 judicio
2550 549 2600 601 in
2626 562 2749 601 eum
2768 545 2860 616 qui
2881 545 3024 614 ligna
3053 543 3340 614 collegerat
3361 542 3450 597 die

1868 645 2102 707 sabbati,
2144 641 2310 712 jussit
2337 657 2461 695 eum
2494 649 2643 693 exlra
2676 648 2857 694 castra
2887 636 3154 706 lapidibus
3174 633 3352 689 necari
3375 632 3444 691 ⁸⁷.

1868 733 1999 803 Ejus
2027 749 2247 804 quoque
2291 745 2577 786 successor
2608 729 2797 794 Jesus,
2843 728 3111 783 sententia
3157 727 3210 779 in
3256 723 3445 778 Achan

1868 826 1938 878 ob
1966 824 2170 879 furtum
2201 826 2432 894 prolata,
2464 840 2586 876 cum
2613 823 2809 876 domus
2843 820 3178 890 supellectile
3210 827 3319 873 tota
3347 832 3446 872 ex-

1869 917 2180 970 terminavit
2211 916 2390 985 ipsum
2420 915 2485 967 “3.
2512 913 2744 969 Phinees
2775 916 2937 966 etiam
2965 911 3184 965 Zambri
3210 909 3450 966 fornica-

1872 1008 2033 1060 tionis
2060 1022 2222 1060 causa
2261 1007 2552 1067 damnans,
2587 1006 2763 1073 ipsum
2801 1005 2955 1058 hasta
2983 1002 3224 1058 confodit
3249 1001 3315 1056 ⁸⁸.
3343 1001 3447 1054 Sa-

1870 1097 2012 1151 muel
2039 1097 2188 1168 Agag
2220 1113 2398 1168 regem
2443 1098 2866 1152 Amalecitarum
2900 1096 3179 1150 interemit
3220 1095 3272 1148 in
3316 1109 3449 1149 con-

1868 1200 2058 1260 speclu
2095 1189 2305 1243 Domini
2343 1191 2409 1243 ⁸ο.
2441 1189 2588 1243 Elias
2616 1189 2785 1242 falsos
2808 1190 3105 1258 prephetas
3135 1188 3446 1248 damnatos,

1867 1282 2023 1350 quasi
2050 1297 2247 1350 porcos
2274 1282 2327 1334 in
2365 1270 2608 1335 torrente
2641 1281 2907 1350 jugulavit
2939 1283 3005 1334 οι.
3043 1279 3270 1334 Eliszeus
3298 1279 3448 1333 Giezi

1867 1384 2102 1444 accepta:
2129 1376 2372 1445 pecuniae
2405 1390 2555 1428 reum
2595 1375 2894 1434 damnavit,
2935 1372 3220 1440 eﬂ‘ecitque
3265 1372 3448 1440 lepro-

1867 1482 1987 1520 sum
2037 1469 2103 1521 ⁸³.
2155 1465 2340 1520 Daniel
2394 1481 2524 1519 vero
2573 1466 2808 1519 lascivos
2860 1479 3017 1518 senes
3083 1463 3451 1534 sycophantiae

1867 1573 2032 1611 causa
2065 1559 2132 1611 ab
2164 1573 2222 1611 se
2252 1558 2563 1620 damnatos,
2588 1557 2744 1625 juxta
2772 1557 2940 1624 legem
2975 1553 3268 1607 Mosaicam
3303 1554 3449 1607 ultus

1866 1659 1947 1704 est
1971 1650 2036 1704 ³³.
2063 1648 2259 1704 Petrus
2283 1658 2486 1713 autem,
2514 1649 2604 1717 qui
2649 1649 2857 1716 accepit
2885 1648 3065 1701 claves
3095 1647 3246 1716 regni
3278 1646 3449 1700 coelo-

1868 1758 1989 1796 rum
2023 1742 2090 1804 ⁸⁵,
2124 1743 2390 1794 Ananiam
2428 1756 2552 1795 cum
2592 1755 2797 1802 uxore,
2831 1739 2976 1808 quod
3023 1749 3232 1807 partem
3288 1754 3451 1806 pecu-

162 1837 524 1908 Ἀλέξανδρον
552 1837 640 1889 τὸν
672 1837 878 1907 χαλκέα
905 1837 1096 1889 είπών·
1125 1836 1447 1892 Ἀποδώσει
1470 1837 1629 1903 αὐτῷ
1649 1841 1756 1892 Κύ-

1870 1834 1972 1888 nite
2001 1848 2066 1887 ex
2103 1833 2318 1886 vendita
2354 1833 2574 1900 propria
2627 1845 2974 1898 possessuone
3026 1831 3448 1894 subduxissent,

158 1945 293 1996 ριος
328 1931 487 1982 κατὰ
512 1929 584 1982 τὰ
609 1929 753 1998 ἔργα
775 1930 984 1984 αὐτοῦ.
1032 1929 1317 1998 ’Υμεναῖον
1338 1929 1393 1982 δὲ
1424 1930 1516 1982 καὶ
1535 1930 1762 2001 Φιλητὸν

164 2019 461 2091 παρέδωκε
495 2019 572 2090 τῷ
607 2021 854 2092 Σατανᾷ,
883 2022 969 2075 ἵνα
1003 2021 1263 2093 παιδευθῇ
1299 2021 1496 2092 μηκέτι
1525 2022 1764 2093 βλασφη-

167 2113 306 2181 μεῖν.
343 2111 600 2163 Αίτιᾶται
642 2111 700 2164 δὲ
735 2112 827 2164 καὶ
861 2112 935 2183 μὴ
961 2109 1254 2184 κρινούσας
1300 2112 1627 2183 Ἐκκλησίας
1653 2113 1760 2166 τῶν

162 2201 475 2273 Κορινθίων
502 2204 713 2273 φήσας·
751 2205 873 2257 Οὐκ
900 2203 1072 2257 ἔστιν
1092 2205 1162 2258 ἑν
1189 2204 1331 2273 ὑμῖν
1353 2205 1546 2274 σοφὸς
1573 2206 1639 2270 ὃς
1666 2204 1763 2259 δυ-

163 2293 423 2360 νήσεται
460 2293 656 2362 κρῖναι
681 2293 988 2361 ἀναμέσων
1017 2295 1124 2349 τοῦ
1157 2295 1424 2364 ἀδελφοῦ
1459 2295 1680 2359 αὐτοῦ;
1721 2296 1759 2365 ἢ

162 2384 250 2439 ὅτι
282 2388 398 2440 οὐκ
433 2385 656 2450 οἴδατε,
681 2387 770 2440 ὅτι
793 2386 1086 2457 ἀγγέλους
1118 2389 1438 2459 κρινοῦμεν
1450 2405 1468 2453 ;
1498 2389 1560 2442 El
1583 2388 1760 2442 τοίνυν

163 2477 368 2542 πάντες
392 2480 444 2532 οἱ
470 2479 687 2543 δίκαιοι,
739 2479 1044 2550 κρίναντες,
1074 2482 1134 2533 οὑ
1165 2481 1586 2552 κατεκρίθησαν,
1627 2484 1762 2554 μᾶλ-

162 2568 250 2622 λον
303 2570 362 2624 δὲ
419 2571 737 2639 ὲκλεγέντες
796 2573 876 2635 εἰς
920 2573 1017 2644 τὴν
1073 2577 1445 2647 πνευματικὴν
1488 2577 1760 2632 διακονίαν

164 2661 498 2733 ὲξελέγησαν
519 2680 534 2694 ο
591 2663 708 2727 πῶς
743 2664 801 2717 οῦ
837 2665 918 2718 δεῖ
950 2671 1069 2720 κατ’
1105 2669 1302 2732 αὐτοὺς
1326 2671 1562 2742 κρίνειν;
1591 2669 1760 2727 Εἶπεν

162 2750 253 2808 οὖν
279 2757 308 2808 6
332 2755 543 2829 Κύριος
563 2773 576 2787 ο
602 2756 700 2824 Μὴ
725 2759 958 2825 κρίνετε
977 2801 991 2824 ,
1017 2761 1114 2814 καὶ
1138 2763 1209 2815 οὐ
1242 2763 1330 2832 μὴ
1362 2764 1602 2834 κριθῆτε
1621 2784 1633 2796 ·
1663 2769 1760 2838 οὐχ

165 2845 251 2898 ἵνα
305 2847 595 2918 μέλλωμεν
648 2849 890 2920 ἀκρίτως
923 2868 974 2902 τι
1007 2853 1268 2922 πράττειν
1303 2855 1335 2925 ἢ
1376 2858 1569 2922 ποιεῖν,
1622 2857 1759 2911 ἀλλὰ

161 2937 248 2991 διὰ
283 2938 346 2991 τὺ
389 2940 520 3002 τοὺς
547 2939 873 3012 Φαρισαίους
904 2943 999 2995 καὶ
1032 2943 1385 3015 Γραμματεῖς
1414 2948 1620 3020 κρίνειν
1661 2951 1759 3021 μὲν

162 3029 449 3102 ἀλλήλους,
467 3032 693 3096 ἑαυτοὺς
713 3031 768 3084 δὲ
793 3033 866 3104 μὴ
889 3032 1249 3105 διορθοῦσθαι.
1279 3033 1404 3091 Οἷον
1424 3040 1644 3112 ἔκριναν
1670 3043 1760 3096 τὸν

164 3120 325 3186 φονέα
345 3121 645 3176 ἀποθανεῖν
675 3122 816 3176 κατά
839 3123 932 3177 τὸν
962 3125 1146 3195 νόμον,
1169 3129 1320 3182 αὐτοί
1340 3147 1398 3182 τε
1427 3132 1520 3184 καὶ
1548 3135 1760 3203 προφή-

162 3227 258 3276 τας
294 3215 635 3287 παρανόμως
661 3214 1016 3281 θανατοῦντες
1037 3232 1049 3244 ·
1087 3218 1310 3290 ἔκριναν
1341 3221 1431 3274 τὸν
1466 3225 1651 3294 μοιχὸν
1683 3225 1758 3289 ὡς

167 3304 355 3374 μοιχὸν
392 3305 759 3376 κολασθῆναι,
786 3306 881 3360 καὶ
906 3308 1057 3361 αὐτοὶ
1101 3309 1176 3373 ὡς
1224 3312 1380 3365 ἵπποι
1431 3313 1760 3386 θηλυμανεῖς

164 3396 522 3467 ἐχρεμέτιζον
554 3397 646 3449 ἐπὶ
670 3396 768 3460 τάς
790 3397 1076 3470 ἀλλοτρίας
1097 3404 1360 3468 γυναῖκας
1382 3419 1394 3430 ·
1423 3403 1643 3477 ἔκριναν
1665 3407 1757 3459 τὸν

164 3487 426 3558 κλέπτην,
451 3489 608 3542 αὐτοὶ
639 3488 790 3552 ὄντες
821 3489 1057 3542 συλωταὶ
1082 3491 1187 3544 τῶν
1219 3492 1516 3565 ἀλλοτρίων
1547 3500 1758 3568 χρημά-

162 3594 288 3633 των.
340 3577 528 3634 Ἦσαν
563 3581 620 3634 δὲ
667 3585 760 3636 καὶ
793 3582 1048 3636 κώνωπα
1080 3583 1445 3653 διυλίζοντες
1489 3591 1588 3642 καὶ
1641 3591 1757 3658 τὴν

164 3671 442 3743 κάμηλον
493 3676 944 3741 καταπίνοντες.
1002 3677 1123 3730 ’Ότι
1158 3678 1214 3731 δὲ
1257 3679 1488 3734 τοιοῦτοι
1526 3678 1664 3753 ἦσαν
1707 3687 1754 3737 οἱ

163 3764 447 3836 Φαρισαῖοι
483 3767 577 3818 καὶ
609 3768 658 3819 oi
688 3767 1062 3840 Γραμματεῖς,
1094 3771 1327 3843 φανερὸν
1361 3775 1424 3826 ὲκ
1451 3774 1544 3828 τοῦ
1574 3775 1752 3844 λέγειν

161 3856 249 3910 τὸν
279 3859 490 3930 Κύριον
528 3857 616 3912 διὰ
643 3859 752 3912 τῶν
797 3863 925 3932 ἑξῆς
969 3861 1104 3933 πρὸς
1151 3864 1246 3916 ἕνα
1277 3864 1504 3918 ἕκαστον
1534 3868 1711 3922 αὐτῶν
1737 3888 1750 3900 ·

170 3947 226 3999 Τί
258 3949 328 4002 δὲ
353 3949 612 4016 ,βλέπεις
653 3951 719 4005 τὸ
754 3952 980 4022 κάρφος
1014 3955 1080 4006 τὸ
1125 3955 1194 4009 ἐν
1223 3955 1303 4022 τῷ
1339 3958 1623 4029 ὀφθαλμῷ
1649 3961 1754 4014 τοῦ

162 4039 429 4112 ἀδελφοῦ
461 4058 576 4097 σου
597 4083 611 4107 ,
647 4044 762 4112 τὴν
788 4045 855 4098 δὲ
884 4046 1068 4100 δοκὸν
1099 4046 1212 4116 τὴν
1238 4049 1308 4102 ἐν
1358 4049 1438 4116 τῷ
1468 4052 1756 4122 ὀφθαλμῷ

162 4145 276 4183 σου
298 4133 370 4186 οὺ
398 4133 747 4200 κατανοεῖς;
773 4136 850 4190 ’Ἡ
869 4134 995 4201 πῶς
1021 4135 1217 4205 λέγεις
1243 4138 1321 4203 τῷ
1345 4141 1585 4211 ἀδελφῷ
1600 4158 1717 4197 σου
1737 4163 1750 4175 ·

167 4220 338 4288 Ἄφες
371 4221 608 4278 ἐκϐαλῶ
639 4225 707 4277 τὸ
762 4225 990 4295 κάρφος
1015 4229 1084 4281 ἐκ
1116 4230 1223 4283 τοῦ
1262 4232 1573 4302 ὀφθαλμοῦ
1605 4251 1754 4301 σου;

175 4310 511 4384 Ὑποκριτα,
542 4315 760 4370 ἔκϐαλε
792 4317 1027 4385 πρῶτον
1055 4321 1123 4374 ἐκ
1153 4322 1259 4376 τοῦ
1289 4325 1602 4395 ὀφθαλμοῦ
1638 4343 1756 4382 σου

163 4403 275 4472 τὴν
301 4403 511 4475 δοκὸν,
546 4409 645 4464 καὶ
674 4412 805 4464 τότε
841 4411 1186 4482 διαϐλέψεις
1217 4416 1495 4472 ἐκϐαλεῖν
1525 4420 1590 4473 τὸ
1617 4422 1755 4491 κάρ-

1865 1924 2154 1988 damnans,
2182 1924 2483 1978 exstinctos
2521 1922 2702 1975 subito
2734 1922 2926 1974 cadere
2953 1920 3082 1974 fecit
3108 1923 3173 1975 ⁸⁵.
3213 1921 3278 1976 Ει
3307 1921 3452 1977 Pau-

1865 2017 1952 2072 lus
1982 2032 2202 2086 quoque
2249 2015 2618 2068 Alexandrum
2659 2012 2871 2066 fabrum
2913 2013 3180 2083 judicavit
3211 2015 3398 2070 dicens
3431 2031 3446 2067 :

1864 2109 2066 2162 Reddet
2097 2108 2178 2162 illi
2209 2108 2467 2160 Dominus
2503 2108 2790 2160 secundum
2823 2123 2981 2175 opera
3013 2123 3110 2159 sua
3134 2107 3199 2159 ⁸⁸.
3251 2106 3451 2178 Hyme-

1865 2215 2042 2254 naeum
2097 2215 2230 2254 vero
2281 2207 2445 2268 atque
2507 2197 2776 2252 Pliiletum
2839 2199 3063 2252 tradidit
3120 2197 3358 2262 Satanae,
3388 2208 3450 2255 ut

1863 2292 2167 2346 ediscerent
2197 2306 2302 2344 non
2336 2291 2474 2344 ultra
2504 2289 2820 2358 blasphema
2847 2288 3019 2342 effari.
3045 2290 3236 2359 Arguit
3267 2301 3448 2344 autem

1863 2383 2137 2438 Ecclesias
2177 2383 2610 2444 Corinthiorum,
2637 2382 2782 2450 quod
2813 2396 2921 2434 non
2945 2381 3331 2450 judicaverint,
3361 2383 3450 2437 his

1865 2477 2086 2531 verbis:
2137 2475 2261 2528 Non
2305 2483 2380 2528 est
2422 2475 2559 2527 inter
2612 2490 2698 2527 ros
2752 2474 2961 2542 sapiens
3006 2475 3319 2543 quisquam,
3357 2475 3449 2545 qui

1862 2571 2028 2639 possit
2051 2568 2300 2637 judicare
2327 2567 2465 2618 inter
2494 2566 2717 2634 fratrem
2747 2565 2945 2618 suum?
2971 2565 3050 2618 Att
3082 2566 3296 2619 nescitis
3323 2568 3450 2635 quia

1865 2661 2077 2732 angelos
2094 2659 2464 2730 judicabimus
2490 2657 2578 2710 "‘l
2619 2656 2675 2711 Si
2709 2658 2895 2727 itaque
2943 2671 3136 2711 omnes
3163 2657 3321 2727 justi,
3352 2659 3448 2729 qui

1859 2754 2265 2824 judicaverunl,
2304 2768 2414 2804 non
2465 2751 2586 2805 ideo
2632 2749 3001 2815 condemnati,
3048 2750 3160 2804 imo
3199 2765 3329 2804 vero
3380 2751 3449 2805 ad

1864 2845 2148 2916 spirituale
2175 2844 2540 2898 ministerium
2571 2843 2747 2897 allecti
2772 2849 2824 2896 et
2842 2843 3076 2912 cooptati
3106 2852 3252 2907 sunt,
3278 2858 3450 2912 quare

1865 2954 1974 2992 non
2008 2947 2063 2991 ut
2099 2936 2174 2989 illi
2199 2935 2560 3002 iudicandum
2595 2951 2714 2989 esse
2745 2935 3112 2988 censeamus?
3143 2935 3233 2987 Ait
3267 2937 3450 3006 itaque

1865 3029 2130 3085 Dominus
2165 3047 2178 3082 :
2229 3028 2413 3082 Nolite
2434 3028 2713 3096 judicare,
2746 3037 2803 3080 ut
2835 3044 2937 3080 non
2957 3027 3306 3096 judieemini,
3338 3045 3448 3084 non

1867 3122 1988 3176 ideo
2019 3137 2150 3176 sane
2184 3132 2241 3175 ut
2267 3121 2397 3191 quid
2431 3119 2701 3174 faciamus
2729 3119 2813 3172 vel
2844 3119 3220 3186 admittamus,
3251 3121 3316 3175 de
3338 3136 3450 3190 quo

1859 3213 2127 3283 judicium
2158 3231 2264 3269 non
2305 3213 2548 3268 feramus
2573 3231 2588 3280 ;
2617 3213 2710 3268 sed
2753 3215 2882 3283 quia
2922 3213 3184 3270 Pharisaei
3211 3230 3265 3272 et
3299 3218 3449 3272 Scri-

1861 3308 1944 3362 ba:
1991 3323 2050 3362 se
2093 3315 2284 3361 mutuo
2330 3304 2650 3376 judicabant
2682 3314 2735 3359 et
2779 3306 3142 3372 damnabant,
3176 3309 3276 3378 ipsi
3320 3324 3449 3368 verc-

1863 3417 1971 3455 non
2003 3415 2124 3455 sese
2159 3399 2544 3455 emendabant.
2574 3399 2664 3454 Sic
2692 3399 3026 3454 homicidam
3051 3401 3224 3468 illum,
3254 3418 3451 3458 secun-

1860 3493 1990 3547 dum
2051 3493 2244 3563 legem,
2292 3492 2488 3561 capitis
2522 3492 2872 3558 damnarunt,
2919 3510 3046 3548 cum
3101 3496 3203 3566 ipsi
3241 3497 3447 3552 interea

1859 3586 2155 3656 prophetas
2214 3583 2401 3653 inique
2459 3585 2832 3652 trucidarent;
2868 3587 3145 3641 mcechum
3194 3589 3447 3644 adulterii

1859 3693 2026 3733 causa
2053 3691 2244 3746 poenas
2279 3677 2428 3730 luere
2457 3677 2846 3740 decreverunt,
2883 3693 3007 3732 cum
3041 3680 3144 3749 ipsi
3190 3697 3287 3736 ceu
3318 3684 3448 3752 equi

1857 3770 2048 3824 lascivi
2087 3768 2366 3822 hinnirent
2402 3767 2469 3823 ad
2509 3768 2716 3822 alienas
2749 3785 2950 3825 uxores
2978 3771 3022 3801 ⁹⁸
3057 3787 3070 3821 :
3116 3776 3443 3829 sententiam

1859 3861 1914 3914 in
1965 3859 2141 3913 furem
2189 3859 2448 3922 tulerunt,
2501 3859 2605 3929 ipsi
2656 3871 2904 3928 raptores
2940 3861 3185 3929 pecuniae
3229 3864 3442 3922 alienat.

1857 3950 2137 4021 Erantque
2183 3950 2485 4004 excolantes
2531 3950 2773 4016 culicem,
2815 3960 2864 4003 et
2896 3951 3240 4022 deglutientes
3271 3973 3443 4010 came-

1857 4044 1968 4098 lum
2013 4044 2079 4097 ³³.
2125 4042 2282 4109 Quod
2323 4051 2505 4098 autem
2545 4044 2678 4098 tales
2717 4042 2924 4098 fuerint
2966 4044 3229 4102 Pharisai
3279 4059 3444 4119 atque

1861 4136 2089 4201 Scribae,
2129 4136 2307 4206 palam
2350 4145 2434 4191 est
2461 4151 2527 4190 ex
2574 4137 2643 4192 iis
2696 4153 2817 4206 quae
2872 4139 3104 4208 singulis
3145 4156 3334 4196 eorum
3385 4144 3438 4198 in

1859 4229 2212 4300 sequentibus
2242 4230 2318 4282 ait
2353 4228 2619 4284 Dominus
2653 4245 2666 4281 :
2705 4229 2848 4294 Quid
2877 4241 3054 4285 autem
3088 4233 3229 4288 vides
3272 4235 3441 4304 festu-

1858 4339 1974 4376 cam
2005 4322 2060 4375 in
2086 4319 2238 4375 oculo
2270 4320 2459 4388 fratris
2489 4321 2588 4382 tui,
2611 4319 2812 4372 trabem
2837 4331 3035 4386 autem,
3059 4339 3175 4393 qua:
3204 4327 3258 4378 in
3289 4325 3440 4379 oculo

1859 4424 1949 4468 tuo
1991 4421 2090 4476 est,
2122 4429 2226 4466 non
2255 4413 2602 4466 consideras?
2637 4413 2742 4464 Aut
2784 4413 3045 4482 quomodo
3081 4425 3225 4484 potes
3267 4417 3442 4472 dicere

163 4514 272 4563 ρος
298 4500 364 4553 ἐκ
391 4501 499 4554 τοῦ
533 4501 845 4572 ὀφθαλμοῦ
872 4504 979 4558 τοῦ
1012 4505 1277 4576 ἀδελφοῦ
1311 4524 1448 4564 σου.
1494 4510 1557 4565 Εἰ
1580 4511 1637 4564 δὲ
1663 4514 1752 4566 αὑ-

1862 4506 2021 4576 fratri
2069 4513 2204 4558 tuo:
2247 4502 2373 4557 Sine
2423 4505 2638 4572 ejiciam
2686 4505 2942 4575 festucam
2998 4506 3063 4558 de
3118 4506 3270 4560 oculo
3311 4513 3443 4566 tuo?

163 4589 250 4654 τὸς
273 4591 416 4663 ἔχεις
437 4594 536 4666 τὴν
556 4594 712 4648 δοκὸν
738 4598 795 4650 ἐν
816 4597 894 4669 τῷ
916 4599 1178 4672 ὀφθαλμῷ
1201 4619 1293 4655 σου
1309 4604 1409 4674 τῆς
1433 4605 1747 4671 ἀκολασίας,

163 4680 236 4736 ῶν
268 4675 498 4757 τυφλδξ,
556 4688 674 4753 πῶς
726 4689 952 4746 δύνασαι
999 4693 1338 4766 ἀποστρέψαι
1375 4697 1468 4751 τὸν
1523 4698 1750 4770 πλησίον

166 4791 255 4828 σου
283 4779 390 4832 ἀπὸ
408 4779 504 4832 τοῦ
531 4781 776 4854 κάρφους
803 4784 902 4855 τῆς
933 4787 1135 4856 μικρᾶς
1159 4788 1468 4860 ἁμαρτίας;
1501 4789 1558 4844 '0
1586 4791 1642 4844 δὲ
1663 4790 1752 4845 θε-

166 4866 385 4933 σπέσιος
413 4869 646 4936 Παῦλος,
675 4873 900 4944 γράφων
946 4875 1258 4947 Ῥωμαίοις,
1287 4877 1380 4931 καὶ
1411 4881 1571 4944 αὐτὸς
1603 4881 1749 4951 λέγει

166 4958 425 5028 περὶτῶν
460 4961 715 5016 τοιούτων
751 4966 1061 5038 ὑποκριτῶν
1081 5007 1096 5031 ,
1138 4968 1229 5020 καὶ
1262 4968 1749 5042 σχηματιζομένων

163 5049 258 5122 τὴν
303 5055 584 5110 εὐσέϐειαν
605 5072 618 5086 °
689 5057 750 5110 Ὀ
783 5057 1088 5112 διδάσκων
1117 5059 1225 5114 τὸν
1258 5061 1461 5131 ἕτερον
1485 5102 1499 5126 ,
1534 5064 1752 5118 ἑαυτὸν

164 5145 234 5196 οὺ
259 5145 567 5216 διδάσκεις
584 5167 598 5179 ·
623 5152 656 5203 ὀ
672 5151 997 5218 κηρύσσων
1011 5153 1098 5221 μὴ
1117 5153 1417 5221 κλέπτειν,
1436 5155 1716 5224 κλέπτεις
1736 5175 1748 5187 ·

166 5237 198 5286 ό
228 5238 421 5306 λέγων
440 5241 527 5311 μὴ
544 5244 870 5312 μοιχεύειν,
913 5246 1214 5313 μοιχεύεις
1233 5264 1246 5277 ·
1277 5251 1310 5301 ὀ
1333 5247 1755 5320 ,βδελυσσόμε-

163 5341 268 5392 νος
290 5330 363 5386 τὰ
384 5332 622 5398 εἴδωλα,
657 5336 1014 5403 ἱεροσυλεῖς·
1047 5336 1115 5402 ὃς
1145 5338 1216 5391 ἐν
1248 5340 1408 5408 νόμῳ
1443 5340 1746 5411 καυχᾶσαι

166 5413 259 5470 διὰ
282 5421 392 5490 τῆς
414 5425 801 5494 παραϐάσεως
842 5427 946 5480 τοῦ
979 5432 1166 5496 νόμου
1185 5469 1200 5492 ,
1231 5429 1339 5483 τὸν
1369 5431 1517 5485 Θεὸν
1543 5433 1746 5504 ἀτιμά-

166 5506 304 5575 ζεις
337 5517 432 5569 καὶ
463 5516 656 5571 πάλιν·
702 5520 797 5572 Ἐν
827 5512 875 5585 ᾦ
920 5519 1031 5588 γὰρ
1083 5523 1316 5592 κρίματι
1366 5523 1590 5591 κρίνεις
1637 5525 1745 5578 τὸν

247 5649 292 5680 ⁸⁸
331 5652 467 5710 Gen.
508 5675 596 5717 ix.
625 5657 717 5711 26.

170 5784 211 5814 ”
239 5786 256 5839 Ι
284 5791 410 5849 Cor.
455 5814 526 5861 vt,
567 5799 620 5857 5.
653 5798 706 5855 5.

1861 4598 2178 4668 llypocrita,
2213 4597 2342 4664 ejice
2380 4596 2610 4664 primum
2664 4595 2864 4649 trahent
2917 4596 2982 4650 de
3031 4596 3183 4650 oculo
3232 4607 3345 4662 tuo,
3389 4609 3440 4654 et

1855 4702 1980 4745 tunc
2006 4689 2286 4759 perspicies
2330 4698 2385 4742 ut
2418 4687 2612 4741 educas
2658 4687 2917 4757 festucam
2951 4689 3015 4742 de
3054 4689 3206 4743 oculo
3251 4690 3438 4760 fratris

1855 4784 1932 4837 tui
1967 4784 2008 4836 ί.
2044 4782 2199 4848 Quod
2233 4780 2279 4836 si
2315 4790 2370 4834 tu
2406 4779 2461 4834 in
2494 4780 2654 4835 oculo
2687 4789 2780 4833 tuo
2808 4779 2976 4835 habes
3007 4780 3438 4852 intemperantia:

1855 4887 1910 4932 et
1964 4875 2208 4931 libidinis
2276 4874 2507 4937 trabem,
2555 4873 2626 4927 ita
2686 4881 2744 4927 ut
2795 4873 3069 4940 excutias,
3113 4875 3207 4944 qui
3258 4876 3439 4944 possis

1853 4967 2164 5038 proximum
2201 4974 2354 5020 tuum
2399 4974 2644 5019 avertere
2678 4979 2708 5017 a
2742 4962 2948 5019 festuca
2985 4964 3120 5018 levis
3151 4964 3437 5034 cujusdam

1855 5059 2105 5129 peccati?
2147 5058 2371 5113 Divinus
2407 5067 2589 5112 autem
2635 5055 2840 5112 Paulus
2869 5056 2939 5111 ad
2985 5055 3262 5112 Romanos
3301 5059 3439 5114 scri-

1860 5154 2016 5218 bens,
2052 5152 2119 5206 de
2145 5151 2450 5223 hypocritis
2481 5151 2823 5221 hujusmodi,
2852 5151 2946 5222 qui
2974 5152 3230 5222 pietatem
3258 5168 3440 5206 emen-

1861 5245 2094 5309 tiuntur,
2132 5244 2258 5298 talia
2291 5243 2472 5298 fatur:
2507 5243 2614 5308 Qui
2641 5242 2811 5296 alium
2858 5246 3030 5312 doces,
3073 5245 3294 5312 teipsum
3333 5261 3438 5298 non

1855 5339 2047 5399 doces;
2094 5336 2186 5406 qui
2237 5335 2497 5403 pra'dicas
2553 5352 2655 5388 non
2705 5336 3025 5405 furandum,
3067 5337 3304 5406 furaris;
3345 5339 3436 5408 qui

1851 5435 1986 5487 dicis
2034 5448 2137 5485 non
2177 5431 2572 5496 mare/tandum,
2624 5433 2936 5497 maecharis;
2979 5435 3069 5503 qui
3110 5433 3439 5486 abominaris

1851 5527 2022 5588 idola,
2047 5540 2203 5579 sacra
2230 5523 2471 5590 expilas;
2511 5526 2601 5595 qui
2634 5526 2691 5580 in
2731 5526 2840 5594 lege
2874 5527 3146 5595 gloriaris,
3177 5542 3268 5596 per
3300 5541 3438 5596 pra:-

831 5657 875 5689 ⁶⁷
908 5656 1070 5716 Num.
1111 5677 1200 5725 xv,
1231 5662 1319 5716 55.
1396 5664 1441 5695 ⁸⁸
1478 5663 1647 5720 Josue
1689 5683 1784 5728 vn,
1824 5665 1912 5721 9.5.
1984 5665 2030 5696 ⁸⁸
2057 5661 2219 5715 Num.
2255 5677 2378 5722 xxv,
2416 5661 2470 5714 8.
2539 5659 2629 5713 ⁹⁰1
2668 5660 2798 5728 Reg.
2838 5677 2927 5724 xv,
2959 5661 3048 5714 '55.
3080 5717 3092 5728 ε
3119 5661 3162 5691 ⁸⁸
3196 5657 3264 5713 Ill
3297 5656 3432 5727 Reg.

170 5729 321 5797 lviii,
357 5723 447 5780 40.
507 5730 554 5761 ⁸³
576 5727 643 5780 IV
685 5727 816 5797 Reg.
861 5745 915 5793 v,
957 5729 1047 5782 27.
1123 5723 1335 5787 "Dan.
1371 5750 1492 5796 xm,
1539 5737 1629 5790 6'3.
1705 5739 1750 5768 "

1870 5737 1967 5789 tth.
2015 5749 2122 5795 xvu,
2177 5732 2264 5788 18.

785 5799 831 5831 ³⁸
857 5797 1056 5856 Jerem.
1087 5817 1171 5866 xv,
1207 5803 1260 5858 8.
1336 5807 1380 5837 ⁹⁹
1410 5805 1601 5860 Matth.
1636 5823 1790 5870 χχιιι,
1815 5808 1906 5860 9.4.
1973 5806 1988 5835 ³
2019 5803 2207 5860 Matth.
2247 5818 2320 5857 vn
2343 5841 2358 5868 ›
2395 5799 2504 5855 5'5-

2347 5701 2392 5764 δ’.
2416 5701 2551 5783 Xa,
2593 5701 2646 5799 δ’
2668 5701 2868 5786 ’ξῖἷόί-
2885 5701 3430 5794 ’δανῆτὶιηῗι-γΐίῖί
