3860 6220
456 301 595 357 1579

1305 299 1363 354 S.
1404 299 1776 355 ATHANASII
1814 297 1978 369 ςΟΡΡ.
2021 298 2202 354 PARS
2236 299 2322 355 ΙΙΙ.
2365 301 2848 358 -—EXEGETICA.

3584 308 3718 361 I380

453 420 830 474 vat-irationem
866 417 995 487 legis
1045 415 1210 470 Deum
1247 417 1532 470 inhonorus
1557 419 1600 469 ¹.
1649 415 1712 469 Et
1759 433 1976 470 rursum
2007 435 2020 469 :

2124 417 2327 484 ἕτερον
2349 457 2363 480 ,
2394 417 2615 473 ἑαυτὸν
2653 419 3058 488 κατακρίνειςο
3098 421 3168 477 τὰ
3199 423 3309 493 γὰρ
3333 424 3482 477 αὐτὰ
3517 422 3720 491 πράσ-

456 512 522 564 In
552 527 652 581 quo
693 511 828 563 enim
851 509 1057 578 judicio
1087 507 1302 576 judicas
1344 508 1606 574 alterum,
1639 508 1862 576 teipsum
1902 523 2026 560 con-

455 603 712 656 demnas:
759 599 938 653 eadem
977 599 1116 651 enim
1158 599 1272 667 agis
1310 599 1400 667 qui
1431 598 1652 664 judicas
1683 598 1722 650 ³.
1773 597 1926 650 Sicut
1973 606 2028 651 et

454 708 885 762 transgressores
918 691 1218 754 Paschalis,
1253 706 1347 760 per
1383 690 1668 743 Paschalis
1705 691 2025 758 praevarica-

454 786 654 838 tionem
693 785 966 837 Christum
1016 783 1363 842 inhonorant,
1393 781 1551 850 cujus
1591 790 1674 835 est
1704 779 1932 834 Pascha.
1964 779 2021 834 ln

451 877 691 946 qualibet
739 877 901 946 igitur
942 890 1022 936 re,
1068 875 1161 943 qui
1199 873 1362 925 alium
1409 871 1640 940 judicat,
1678 871 1944 938 siquidem
1979 872 2023 926 is

449 971 683 1038 idipsum
731 975 980 1036 peragat,
1031 967 1268 1033 scipsum
1319 963 1560 1032 judit-at;
1609 962 1755 1014 velut
1798 961 1907 1015 duo
1946 963 2020 1014 illi

448 1077 628 1126 senes,
663 1062 754 1130 qui
797 1076 920 1114 cum
970 1059 1036 1112 de
1083 1057 1333 1110 Susanna
1377 1056 1533 1125 quasi
1580 1055 1825 1108 adultera
1873 1054 2022 1123 judi-

447 1154 592 1209 cium
661 1152 907 1204 tttlissent
973 1165 1201 1218 eamque
1275 1149 1659 1212 damnassent,
1723 1148 2018 1200 secundum

449 1243 741 1298 Mosaicam
789 1243 996 1311 legem,
1034 1241 1285 1294 adulterii
1347 1241 1447 1309 ipsi
1505 1255 1725 1309 quoque
1778 1241 2019 1294 damnati

448 1345 593 1391 sum.
627 1335 842 1388 Pharao
883 1343 1063 1387 autem
1106 1335 1158 1387 in
1187 1349 1296 1402 qua
1341 1349 1594 1387 mensura
1632 1347 1860 1386 mensus
1901 1341 2016 1394 est,

446 1445 755 1484 remensum
787 1439 872 1482 est
906 1427 1008 1495 ipsi
1039 1445 1052 1480 :
1085 1426 1178 1495 qui
1212 1425 1358 1478 enim
1402 1439 1599 1494 pueros
1641 1424 1693 1477 in
1730 1422 1895 1475 ﬂuvio
1923 1423 2020 1476 dc-

447 1523 613 1591 mergi
645 1537 708 1575 ac
748 1520 1002 1576 suﬂ‘ocari
1041 1519 1312 1587 jusserat,
1360 1517 1474 1585 ipse
1515 1532 1733 1586 quoque
1771 1516 2021 1570 submer-

445 1634 541 1671 sus
571 1617 726 1685 periit
761 1616 813 1668 in
843 1614 978 1668 mari
1019 1614 1224 1666 Rubro.
1262 1610 1584 1665 Sacerdotes
1624 1625 1752 1663 vero
1786 1609 1878 1678 qui
1918 1607 2021 1661 Za-

444 1709 684 1764 chariam
715 1707 780 1760 ad
808 1706 976 1759 altare
1017 1703 1380 1767 trucidarunt,
1408 1703 1509 1770 ipsi
1548 1715 1767 1770 quoque
1806 1700 1910 1754 sub
1942 1699 2019 1752 al-

442 1799 547 1852 tari
573 1814 604 1851 a
639 1795 900 1850 Romanis
927 1792 1156 1862 jugulati
1198 1801 1328 1846 sunt
1395 1811 1406 1844 :

2128 526 2257 577 σεις
2283 513 2315 563 ό
2347 512 2585 577 κρίνων.
2629 513 2713 575 Ὠς
2743 514 2836 564 καὶ
2862 514 2912 565 οῖ
2939 514 3254 584 παραϐάται
3283 515 3374 568 τοῦ
3404 517 3608 585 Πάσχα
3629 515 3717 568 διὰ

2125 603 2224 673 τῆς
2252 603 2612 674 παραϐάσεως
2636 605 2728 658 τοῦ
2753 605 2942 674 Πάσχα
2961 606 3052 660 τὸν
3075 607 3306 678 Χριστὸν
3327 608 3717 678 ἀτιμάζουσιν,

2125 690 2184 749 οῦ
2225 698 2340 748 ἐστι
2369 695 2429 748 τὸ
2458 697 2666 766 Πάσχα.
2737 697 2824 750 Ἐν
2850 689 2893 763 ᾧ
2919 684 3012 750 οὖν
3039 715 3124 760 τις
3157 698 3331 768 κρίνει
3375 698 3465 750 τὸν
3494 699 3716 768 ἕτερον,

2126 787 2219 838 καὶ
2247 787 2347 857 δρᾷ
2374 789 2440 840 τά
2474 789 2631 852 αὐτὰ,
2665 787 2854 840 ἑαυτὸν
2879 789 3055 859 κρίνει
3076 805 3089 818 ⁸
3113 789 3187 852 ὡς
3214 791 3304 841 καὶ
3332 791 3380 841 οἱ
3431 789 3531 841 δύο
3578 805 3719 859 πρε·-

2127 877 2371 948 σϐύτεροι
2393 895 2406 907 ο
2433 879 2714 949 κρίναντες
2738 878 2845 950 γάρ
2873 881 2971 949 τὴν
3001 880 3284 932 Σωσάνναν
3300 880 3375 941 ὼς
3401 879 3718 950 μοιχαλίδα,

2125 968 2416 1038 ἐκρίθησαν
2440 967 2590 1031 ὄντες
2615 969 2769 1020 αὐτοὶ
2794 971 2972 1038 μοιχοὶ
3001 970 3140 1022 κατά
3165 972 3256 1023 τὸν
3299 971 3604 1024 Μωσαῖκὺν
3638 970 3722 1022 νό-

2127 1077 2243 1131 μον.
2285 1060 2344 1113 Ὀ
2373 1059 2427 1112 δὲ
2449 1059 2648 1131 Φαραὼ
2673 1062 2731 1112 ἐν
2764 1054 2806 1127 ᾧ
2838 1061 3019 1131 μέτρῳ
3056 1062 3357 1131 ἐμέτρησεν
3386 1063 3718 1132 ἀπεμετρή-

2123 1153 2188 1222 θη
2223 1152 2400 1222 αὐτῷ’
2448 1152 2748 1216 ἀποπνίξας
2780 1153 2886 1223 γάρ
2928 1154 2998 1206 τά
3031 1153 3204 1226 βρέφη
3245 1157 3302 1206 ἐν
3339 1154 3417 1225 τῷ
3449 1153 3719 1224 ποταμῷ,

2123 1245 2214 1296 καὶ
2250 1244 2408 1307 αὐτὸς
2431 1244 2758 1316 ὑποϐρύχιος
2786 1243 3034 1298 ἀπώλετο
3062 1247 3119 1297 ἐν
3142 1249 3206 1316 τῇ
3240 1246 3475 1317 Ἐρυθρᾷ
3501 1247 3718 1300 θαλάσ·

2125 1351 2210 1404 σῃ.
2241 1332 2306 1387 Οἱ
2332 1334 2388 1386 δὲ
2423 1336 2718 1405 ἀρχιερεῖς,
2753 1336 3113 1404 φονεύσαντες
3140 1337 3229 1390 τὸν
3253 1338 3528 1408 Ζαχαρίαν
3555 1338 3720 1409 παρά

2120 1425 2180 1477 τὸ
2211 1425 2594 1496 θυσιαστήριον
2617 1465 2631 1488 ,
2670 1429 2762 1480 καὶ
2797 1427 2947 1479 αὐτοὶ
2982 1428 3240 1480 ὑποκάτω
3280 1427 3373 1480 τοῦ
3408 1427 3718 1498 θυσιαστη-

2125 1515 2240 1584 ρίου
2275 1514 2420 1587 παρά
2452 1515 2557 1567 τῶν
2588 1515 2870 1584 Ῥωμαίων
2897 1517 3214 1586 ἐσφάγησαν
3233 1534 3247 1547 ο
3273 1518 3362 1570 ἶνα
3388 1517 3598 1589 μάθῃς,
3630 1518 3720 1569 ὅτι

2119 1601 2164 1674 ᾧ
2201 1607 2383 1682 μέτρῳ
2403 1625 2485 1670 τις
2519 1611 2728 1678 μετρεῖ,
2757 1607 2930 1679 τούτῳ
2958 1611 3052 1662 καὶ
3083 1611 3486 1680 ἀντιμετρεῖται
3514 1607 3679 1678 αὐτῷ
3697 1624 3712 1638 °

2120 1698 2184 1750 δι’
2205 1691 2278 1751 ὧν
2303 1699 2358 1750 δὲ
2379 1699 2472 1752 καὶ
2495 1716 2578 1760 τις
2596 1699 2919 1770 ἁμαρτάνει,
2945 1700 3034 1752 διὰ
3054 1701 3259 1754 τούτων
3279 1704 3371 1756 καὶ
3389 1701 3710 1766 κολάζεται.

1449 1799 1506 1843 ut
1551 1791 1762 1844 ediscas
1813 1788 1958 1858 quod
2005 1787 2057 1840 in
2116 1802 2221 1856 qua
2268 1803 2522 1842 mensura
2557 1790 2682 1858 quis
2717 1804 2938 1845 mensus
2989 1790 3179 1857 fuerit,
3211 1793 3264 1844 in
3297 1791 3484 1846 eadem
3521 1808 3716 1848 reme-

443 1891 604 1945 tietur
629 1889 713 1956 ei;
746 1899 798 1942 et
828 1903 921 1957 per
963 1903 1085 1956 quae
1127 1886 1248 1955 quis
1293 1886 1630 1954 peccaverit,
1663 1901 1758 1955 per
1815 1884 1928 1937 haec
1967 1892 2020 1936 et
2061 1883 2334 1951 punietur.

1077 1983 1376 2046 Athanasii,

777 2073 853 2128 De
891 2073 1334 2128 incontaminatis
1379 2072 1671 2142 mysteriis.

513 2165 693 2221 Nolite
720 2175 902 2218 sancta
938 2164 1067 2216 dare
1091 2164 1328 2228 canibus,
1353 2179 1513 2231 neque
1541 2162 1768 2216 mittatis
1796 2178 2009 2231 marga-

438 2259 572 2312 ritas
619 2266 818 2311 vestras
868 2264 989 2308 ante
1038 2271 1244 2324 porcos,
1289 2255 1366 2307 ait
1411 2254 1663 2308 Christus
1685 2254 1725 2308 ⁵.
1776 2253 1833 2308 Id
1880 2269 2012 2309 sane

439 2349 569 2403 recti
597 2347 785 2416 judicii
815 2357 917 2400 est.
957 2344 1142 2415 Neque
1181 2345 1327 2398 enim
1372 2344 1635 2399 Dominus
1677 2344 2010 2399 indiscrimi-

441 2438 609 2492 natim
644 2453 709 2491 ac
759 2437 876 2490 sine
923 2436 1274 2490 distinctione
1319 2434 1492 2488 dixit:
1541 2434 1673 2488 Date
1725 2444 1914 2489 sancta
1957 2444 2010 2489 et

437 2529 760 2599 margaritas
781 2527 1036 2582 omnibus
1061 2545 1076 2592 ;
1107 2527 1199 2582 sed
1221 2567 1235 2590 ,
1275 2525 1456 2579 Nolite
1481 2525 1608 2579 dare
1639 2539 1823 2581 sancta
1865 2529 2010 2580 cani-

436 2622 554 2685 bus,
589 2621 640 2674 id
671 2629 755 2674 est
787 2620 944 2672 malis
979 2620 1282 2688 operariis,
1324 2619 1536 2672 dicente
1573 2619 1870 2687 Apostolo:
1913 2618 2007 2671 Vi-

435 2710 552 2765 dete
597 2727 771 2775 canes,
799 2711 963 2763 videte
996 2710 1165 2763 malos
1196 2711 1494 2778 operarios,
1527 2710 1696 2763 videte
1726 2727 1912 2778 porcos
1942 2712 1961 2741 ⁸
1987 2728 2002 2775 ;

433 2815 543 2871 quo
573 2799 947 2869 signiﬁcantur
981 2799 1255 2853 libidinosi
1291 2799 1559 2854 homines.
1599 2797 1783 2869 Neque
1817 2801 1915 2854 abs
1952 2818 2007 2855 re

434 2907 585 2958 sane,
635 2891 727 2945 sed
777 2891 1066 2944 admodum
1112 2899 1470 2961 congruenter
1503 2891 1682 2961 porcis
1730 2891 2004 2946 lihidinOsi

433 2991 836 3051 comparantur.
875 2980 1342 3046 Quemadmodum
1374 2981 1518 3033 enim
1555 2980 1601 3033 si
1629 2980 1753 3049 quis
1780 2995 2003 3048 porcum

431 3089 497 3128 ex
530 3090 687 3128 coeno
720 3074 986 3138 eduxerit,
1021 3074 1072 3126 id
1101 3073 1202 3126 sibi
1241 3087 1436 3140 porcus
1463 3072 1666 3125 damno
1700 3086 1818 3126 esse
1854 3071 2003 3123 arbi-

433 3174 606 3218 tratur
628 3183 642 3228 ;
668 3166 740 3218 ita
773 3164 818 3218 si
849 3165 974 3233 quis
1016 3164 1367 3216 libidinosum
1399 3178 1464 3215 ex
1511 3176 1671 3216 coeno
1708 3160 2004 3230 voluptatis

432 3265 655 3319 avertat,
711 3257 757 3309 is
805 3255 1172 3324 temperantia:
1219 3253 1594 3306 consiliarium
1649 3267 1755 3306 non
1806 3252 1999 3314 amici,

2627 1981 2738 2052 (l8)
2783 1983 3142 2038 ’A6ara0'lov
3157 2024 3174 2048 ,

2395 2071 2533 2138 Περὶ
2567 2071 2684 2124 τῶν
2709 2071 3022 2140 ἀχράντων
3045 2090 3414 2142 μυστηριων.

2181 2160 2278 2228 Μὴ
2303 2162 2438 2214 δότε
2461 2163 2532 2215 τὰ
2581 2162 2716 2232 ἅγια
2761 2163 2884 2229 τοῖς
2911 2165 3055 2217 κυσὶ
3079 2206 3094 2229 ,
3115 2163 3272 2233 μηδὲ
3303 2163 3534 2227 ,ϐάλετε
3563 2165 3709 2232 τοὺς

2106 2254 2474 2322 μαργαρίτας
2503 2253 2669 2322 ὑμῶν
2691 2256 3032 2324 ἔμπροσθεν
3058 2255 3175 2308 τῶν
3201 2256 3420 2324 χοΙρων
3437 2296 3454 2318 ,
3478 2258 3653 2327 φησὶν
3679 2257 3709 2308 ό

2111 2343 2360 2413 Χριστός.
2401 2343 2510 2396 Καὶ
2549 2344 2657 2415 γὰρ
2690 2343 2847 2396 τοῦτο
2879 2346 3110 2416 κρίσεώς
3137 2348 3284 2398 ἐστιν
3317 2346 3504 2417 ὀρθῆς.
3563 2347 3707 2402 Οὔτε

2110 2431 2167 2484 δὲ
2197 2432 2394 2502 ἔφησεν
2432 2436 2460 2486 ὁ
2493 2434 2696 2504 Κύριος
2744 2435 3061 2507 ἀδιορίστως
3088 2437 3120 2508 ἢ
3175 2438 3341 2508 χωρὶς
3372 2437 3704 2508 διαστολῆς·

2109 2523 2238 2575 Δότε
2271 2523 2340 2575 τά
2366 2525 2496 2592 ἆγια
2521 2526 2614 2578 καὶ
2639 2527 2766 2588 τοὺς
2793 2528 3134 2598 μαργαρίτας
3161 2531 3272 2591 τοῖς
3301 2530 3466 2582 πᾶσιν
3487 2547 3500 2558 ·
3539 2530 3704 2584 ἀλλά·

2107 2614 2204 2681 Μὴ
2238 2615 2372 2667 δότε
2397 2615 2467 2668 τὰ
2499 2615 2636 2685 ἅγια
2664 2616 2787 2681 τοῖς
2813 2617 2988 2678 κυσὶ,
3031 2620 3144 2679 τοῖς
3178 2621 3366 2682 κακοῖς
3408 2620 3706 2690 ἐργάταις,

2107 2704 2354 2772 λέγοντος
2374 2705 2466 2758 τοῦ
2493 2708 2815 2760 Ἀποστόλου
2837 2725 2850 2738 ·
2874 2707 3136 2761 Βλέπετε
3157 2708 3296 2774 τοὺς
3317 2711 3533 2776 κύνας,
3559 2713 3688 2776 βλέ

2107 2816 2247 2852 πετε
2270 2800 2406 2864 τοὺς
2435 2799 2656 2864 κακοὺς
2681 2801 2955 2870 ἐργάτας,
2979 2802 3242 2864 βλέπετε
3261 2803 3400 2870 τοὺς
3428 2812 3706 2876 χοίρους,

2107 2891 2300 2954 οἵτινές
2326 2894 2464 2944 εἰσιν
2497 2893 2546 2944 οἱ
2583 2891 2889 2944 ἀκόλαστοι.
2938 2892 3062 2954 Τοῖς
3090 2893 3144 2945 δὲ
3174 2893 3376 2963 χοίροις
3404 2896 3700 2967 παραδάλ-

2106 2980 2287 3035 λονται
2313 2983 2362 3033 οἱ
2395 2982 2684 3034 ἀκόλαστοι
2715 2982 2816 3034 οὐκ
2847 2983 3153 3046 ἀπεικότως
3171 3024 3185 3046 ,
3216 2984 3332 3036 ἀλλ’
3353 2985 3580 3050 οἰκείως
3607 2988 3699 3040 καὶ

2107 3071 2508 3143 προσηκόντως.
2532 3072 2702 3125 Ὢσπε
2712 3089 2742 3143 ρ
2765 3077 2874 3142 γὰρ
2895 3076 2985 3124 τὸν
3011 3075 3190 3143 χοῖρον
3210 3073 3303 3126 ἐάν
3324 3091 3408 3137 τις
3437 3076 3688 3130 ἀποσπά-

2108 3179 2177 3236 σῃ
2205 3163 2298 3216 τοῦ
2326 3164 2608 3235 βορϐόρου,
2637 3165 2731 3216 καὶ
2759 3163 2968 3232 νομίζει
2993 3164 3324 3234 ζημιοῦσθαι
3350 3180 3364 3194 ’
3407 3166 3559 3221 οὕτω
3606 3169 3697 3221 καὶ

2104 3256 2194 3308 τὸν
2232 3256 2525 3308 ἀκόλαστον
2555 3258 2648 3310 ἐάν
2682 3276 2764 3320 τις
2794 3257 3110 3328 ἀποστρέψῃ
3133 3258 3241 3310 ἀπὸ
3279 3258 3374 3311 τοῦ
3423 3257 3700 3331 βορϐόρου

431 3349 522 3403 sed
555 3348 853 3400 adversarii
886 3348 1006 3400 loco
1040 3346 1218 3399 habet.
1256 3343 1333 3398 Ne
1369 3345 1718 3414 projiciamus
1741 3358 1871 3413 ergo
1901 3360 1999 3396 no-

2111 3347 2200 3417 τῆς
2216 3348 2426 3417 ἡδονῆς,
2445 3347 2715 3414 λογίζεται
2732 3349 2821 3401 τὸν
2841 3349 3271 3418 συμϐουλεύοντα
3290 3350 3386 3420 τὴν
3407 3352 3700 3422 σωφροσύ-

430 3448 572 3493 stras
618 3439 1172 3492 incontaminatorum
1225 3438 1604 3507 mysteriorum
1676 3436 2000 3506 margaritas

429 3541 554 3584 ante
597 3529 847 3584 homines
892 3530 1072 3598 porcis
1117 3530 1340 3584 similes.
1388 3531 1457 3582 At
1495 3528 1640 3583 dicet
1675 3529 1948 3598 quispiam
1983 3546 1995 3579 :

428 3624 720 3678 Sacrorum
760 3622 1049 3691 participes
1097 3636 1219 3674 esse
1274 3620 1493 3684 volunt,
1539 3628 1593 3672 et
1641 3627 1768 3674 sunt
1817 3627 1998 3672 tamen

427 3728 592 3769 canes
619 3713 981 3780 impudentes,
1009 3719 1063 3763 et
1092 3710 1243 3779 porci
1286 3710 1516 3763 volutati
1558 3710 1615 3763 in
1657 3724 1815 3764 emno
1843 3711 1998 3763 volu-

427 3803 627 3872 ptatis:
688 3811 744 3855 tu
807 3816 934 3855 vero
987 3815 1054 3854 ne
1096 3801 1330 3853 dederis.
1399 3799 1536 3852 Nam
1599 3799 1728 3870 aegri
1785 3816 2001 3869 quoquc

423 3910 621 3966 aquam
646 3894 944 3964 postulant,
971 3895 1062 3946 sed
1090 3891 1282 3944 medici
1311 3900 1526 3958 vetant;
1557 3891 1774 3961 tyranni
1796 3893 1998 3962 regiam

423 4003 716 4060 purpuram
753 3995 1033 4055 expetunt,
1070 3987 1160 4040 sed
1193 3986 1336 4038 illius
1381 3985 1656 4049 custodes,
1691 3984 1994 4053 periculum

421 4080 786 4149 suspicantes,
821 4096 926 4132 non
959 4079 1284 4132 concedunt.
1318 4076 1446 4130 Vide
1475 4092 1604 4146 ergo
1637 4087 1696 4130 tu
1735 4091 1954 4147 quoque
1979 4115 1994 4139 ,

420 4172 678 4233 diacone,
714 4187 780 4225 ne
822 4172 1059 4242 indignis
1105 4187 1401 4240 purpuram
1452 4171 1821 4239 impeccabilis
1872 4186 1997 4226 cor-

418 4263 567 4332 poris
609 4263 890 4330 pruebeas;
937 4278 1004 4315 ne
1047 4262 1245 4316 rationi
1288 4263 1590 4326 reddenda,
1641 4277 1750 4314 non
1799 4277 1995 4315 secuno

416 4357 544 4406 dum
582 4350 857 4407 Romanas
895 4353 1058 4422 leges,
1090 4353 1183 4408 sed
1214 4353 1512 4407 secundum
1557 4351 1773 4405 Domini
1806 4352 1950 4405 dicta
1977 4391 1991 4414 ,

415 4443 686 4498 obnoxius
729 4443 826 4496 sis.
871 4440 1073 4503 Nolite,
1120 4443 1303 4511 igitur,
1335 4451 1522 4494 sancta
1569 4441 1698 4494 dare
1743 4441 1987 4502 canibus,

413 4550 576 4604 neque
614 4534 839 4586 mittatis
886 4533 1203 4602 margaritas
1250 4542 1449 4585 vestras
1503 4541 1624 4584 ante
1666 4548 1874 4600 porcos,
1927 4549 1990 4585 ne

2101 3456 2199 3509 νην
2229 3435 2364 3490 εἶναι
2398 3439 2609 3508 ἐχθρὸν,
2645 3441 2788 3510 ἤπερ
2809 3440 2980 3508 φίλον.
3023 3440 3115 3511 Μὴ
3146 3440 3395 3510 βάλωμεν
3430 3438 3526 3495 οῦν
3567 3446 3698 3508 τοὺς

2106 3529 2446 3601 μαργαρίτας
2475 3529 2628 3600 ἡμῶν
2648 3530 2767 3582 τῶν
2801 3531 3085 3600 ἀχράντων
3111 3531 3423 3600 μυστηρίων
3442 3531 3697 3601 ἐμπροσ-

2102 3619 2193 3672 θεν
2224 3619 2332 3671 τῶν
2355 3620 2722 3691 χοιροτρόπων
2739 3621 2835 3673 ἀνθ
2843 3621 3060 3692 ρώπων.
3081 3621 3245 3674 Ἀλλά
3283 3638 3434 3689 φησι·
3459 3623 3698 3677 Θέλουσι

2106 3712 2540 3782 μεταλαμϐάνειν
2567 3712 2674 3765 τῶν
2706 3713 2873 3781 ἁγίων
2895 3731 2906 3741 ·
2943 3713 3035 3765 καί
3076 3716 3181 3766 εἰσι
3235 3712 3392 3777 κύνες
3423 3715 3695 3784 ἀναιδεῖς,

2102 3800 2198 3852 καὶ
2217 3803 2388 3871 χοῖροι
2407 3802 2718 3870 ὲγκαλινδού
2727 3819 2876 3873 μενοι
2898 3806 2962 3873 τῇ
2989 3803 3168 3873 ἡδονῇ.
3185 3803 3344 3856 Ἀλλά
3363 3805 3427 3857 σὺ
3459 3805 3539 3876 μὴ
3559 3807 3692 3878 δῷς.

2101 3893 2210 3945 Καὶ
2233 3893 2343 3964 γάρ
2371 3896 2420 3947 oi
2447 3895 2727 3958 νοσοῦντες
2752 3895 2944 3959 ὓδατος
2975 3895 3349 3966 ἐπιθυμοῦσιν·
3381 3896 3497 3948 ἀλλ’
3535 3901 3592 3952 οἱ
3618 3901 3693 3952 ἰα-

2099 3986 2219 4055 τροὶ
2259 3987 2358 4038 οὐκ
2387 3986 2748 4057 ἐπιτρέπουσι
2769 4001 2783 4014 ⁶
2816 3987 2908 4039 καὶ
2936 3987 2984 4038 οἱ
3031 3985 3284 4056 τύραννοι
3323 3985 3554 4039 ποθοῦσι
3587 3989 3691 4060 τὴν

2099 4075 2379 4147 βασιλικὴν
2415 4077 2701 4148 πορφύραν
2722 4096 2736 4108 ο
2785 4078 2898 4130 ἀλλ’
2933 4080 2979 4130 oi
3015 4078 3379 4147 φυλάσσοντες
3415 4077 3594 4150 αὐτὴν
3624 4080 3686 4132 οὐ

2097 4165 2426 4236 παρέχουσιν
2467 4165 2809 4236 ὑφορώμενοι
2843 4167 2933 4218 τὸν
2963 4167 3226 4220 κίνδυνον.
3262 4167 3433 4220 Βλέπε
3462 4164 3561 4222 οὖν
3590 4170 3686 4224 καὶ

2097 4256 2183 4321 σὺ,
2209 4257 2440 4317 διάκονε,
2474 4257 2547 4327 μὴ
2579 4257 2818 4323 ἀναξίοις
2844 4256 3112 4327 ὲπιδώσῃς
3141 4257 3241 4327 τὴν
3273 4257 3563 4329 πορφύραν
3585 4258 3683 4312 τοῦ

2093 4346 2475 4416 ἀναμαρτήτου
2502 4346 2750 4417 σώματος
2773 4366 2784 4376 ·
2812 4348 2896 4399 ἵνα
2923 4347 2999 4417 μὴ
3018 4347 3281 4417 εὑθυνθῇς
3297 4348 3356 4400 οὐ
3384 4348 3527 4404 κατά
3550 4352 3680 4413 τοὺς

2107 4433 2439 4503 Ῥωμαῐκοὺς
2464 4434 2678 4504 νόμους,
2705 4435 2838 4486 ἀλλά
2875 4436 3013 4487 κατά
3039 4437 3163 4498 τοὺς
3196 4436 3556 4500 δεσποτικοὺς
3590 4437 3678 4491 λό-

2093 4541 2241 4591 γους.
2276 4525 2372 4592 Μὴ
2406 4525 2541 4577 δότε
2576 4521 2667 4578 οὖν
2698 4525 2770 4578 τὰ
2806 4525 2946 4593 ἅγια
3003 4524 3126 4590 τοῖς
3171 4525 3339 4589 κυσὶ,
3368 4525 3527 4593 μηδὲ
3554 4527 3677 4591 ,ϐἀ-

415 4625 549 4694 forte
599 4625 900 4678 conculcent
961 4639 1050 4676 eas
1099 4623 1314 4692 pedibus
1362 4626 1506 4685 suis,
1565 4625 1986 4678 inconsideratis

2111 4627 2236 4690 inte
2264 4623 2406 4700 τοιξς
2426 4625 2789 4693 μαργαρίτας
2818 4622 2984 4693 ὑμῶν
3022 4625 3359 4692 ἔμπροσθεν
3397 4624 3519 4678 τῶν
3548 4628 3672 4695 χοί-

415 4716 618 4770 scilicet
645 4715 1080 4785 cogitationibus,
1123 4726 1170 4767 et
1204 4716 1433 4766 conversi
1464 4714 1770 4784 dirumpunt
1820 4731 1905 4767 vos
1941 4718 1983 4779 ⁸,

412 4809 708 4864 schismata
745 4808 1089 4874 haeresesque
1122 4805 1399 4860 facientes.

853 4987 1134 5042 Athanasii
1168 4987 1539 5051 Alexandrini,

903 5081 976 5135 De
1011 5079 1159 5134 falsis
1191 5079 1489 5148 prophetis.

478 5177 564 5232 Ait
606 5175 916 5230 Dominus:
968 5173 1236 5226 Attendite
1281 5189 1313 5224 a
1352 5171 1506 5240 falsis
1551 5171 1834 5238 prophetis,
1885 5171 1974 5239 qui

405 5271 609 5321 veniunt
639 5267 707 5320 ad
733 5283 820 5322 vos
849 5268 905 5320 in
934 5267 1239 5319 vestimento
1277 5265 1482 5326 ovium,
1515 5263 1830 5316 intrinsecus
1878 5279 1973 5316 au-

407 5370 506 5410 tem
539 5367 657 5409 sunt
692 5357 803 5425 lupi
833 5372 1046 5425 rapaces
1072 5371 1090 5410 :
1131 5371 1163 5408 a
1197 5352 1456 5424 fructibus
1486 5370 1668 5408 eorum
1699 5369 1972 5424 cognosce-

492 5539 514 5568 ’
546 5536 704 5591 Rom.
750 5551 824 5604 tt,
865 5537 1048 5594 «ει-25.
1124 5539 1145 5570 ³
1178 5537 1308 5593 ibid.
1355 5552 1392 5590 ι.

471 5696 583 5767 (l8)
610 5695 689 5751 Ex
710 5694 898 5752 codice
928 5695 1058 5765 Reg.
1095 5695 1252 5764 1995,
1287 5713 1321 5753 x
1354 5697 1557 5754 saeculi.

1469 5537 1492 5568 ⁸
1517 5536 1712 5593 Matth.
1755 5553 1854 5594 vn.
1883 5538 1934 5590 6.
2011 5538 2032 5571 ³
2069 5536 2306 5608 Philipp.
2340 5551 2420 5597 nt,
2451 5535 2504 5589 ἓ.

2085 4731 2229 4781 ρων,
2261 4713 2493 4783 μήποτε
2529 4715 3037 4782 κατίιπατήσωσιν
3069 4716 3290 4782 αὐτοὺς
3323 4717 3447 4783 τοῖς
3481 4721 3676 4772 ποσὶν

2084 4807 2280 4860 αὐτῶν
2299 4848 2312 4870 ,
2342 4811 2455 4871 τοῖς
2490 4809 2796 4884 ἀλογίστοις
2828 4808 3107 4878 λογισμοῖς
3130 4848 3143 4871 ,
3177 4811 3274 4862 καὶ
3299 4811 3669 4879 στραφέντες

2076 4898 2348 4966 ῥήξωσιν
2384 4898 2572 4967 ὑμᾶς,
2615 4901 2937 4970 ποιήσαντες
2975 4899 3245 4969 σχίσματα
3279 4901 3371 4953 καὶ
3403 4902 3666 4972 αἱρέσεις.

2337 4990 2444 5058 (19)
2490 4990 2844 5043 Ἀθανασίου
2888 4989 3364 5056 Ἀλεξανδρείας,

2519 5079 2658 5148 Περὶ
2689 5078 3222 5148 ψευδοπροφητῶν.

2149 5165 2333 5222 Εἶπεν
2377 5171 2408 5222 ό
2439 5170 2687 5238 Κύριος·
2727 5169 3064 5237 Προσέχετε
3103 5169 3220 5224 ἀπὸ
3275 5167 3394 5222 τῶν
3436 5167 3658 5236 ψευδο-

2077 5257 2396 5327 προφητῶν
2418 5298 2444 5317 ,.
2482 5261 2698 5326 οἵτινες
2727 5261 3000 5328 ἔρχονται
3026 5261 3174 5328 πρὸς
3204 5258 3359 5328 ὑμᾶς
3385 5258 3458 5311 ἐν
3481 5258 3658 5311 ἐνδύς

2072 5366 2211 5419 ματι
2237 5349 2566 5419 προϐάτου,
2613 5352 2860 5406 ἔνδοθεν
2882 5351 2950 5406 δέ
2976 5355 3096 5408 εισι
3138 5354 3315 5407 λύκοι
3359 5351 3657 5424 ἅρπαγες·

2605 5535 2626 5564 ⁸
2652 5532 2842 5587 Matth.
2875 5548 2972 5592 vlt,
3001 5532 3050 5585 6.

2161 5693 2270 5767 (l9)
2304 5693 2444 5749 Edit.
2488 5692 2686 5750 Athan.
2716 5707 2772 5764 p.
2811 5691 2970 5760 1026,
3007 5707 3073 5750 ex
3098 5682 3294 5750 'codice
3326 5688 3649 5748 Barociano-
