3860 6220
129 265 253 324 1531

1249 259 1680 319 FRAGMENTA
1719 259 1785 314 IN
1829 252 2154 314 ΜΑΤΤΗΔΞ
2168 247 2282 308 UM.

3261 267 3398 322 1582

127 379 242 434 ἀπὸ
289 380 410 430 τῶν
455 377 700 446 καρπῶν
747 377 950 432 αὐτῶν
1001 377 1410 447 ἐπιγνώσεσθε
1462 375 1704 445 αὐτούς.

1826 379 1880 429 ris
1909 394 1996 430 eos
2029 377 2070 430 ⁷.
2110 372 2171 429 Si
2208 373 2391 444 itaque
2421 379 2728 448 quempiam
2761 379 2984 441 videris.
3021 394 3054 434 ο
3085 378 3274 446 frater,
3301 384 3396 453 qui

139 467 262 520 Ἐὰν
293 461 386 519 οὖν
415 483 538 518 τινα
567 465 682 538 ἴδῃς
712 507 726 530 ,
758 467 953 535 ὰδελφὲ
980 506 994 531 ,
1025 467 1106 519 ὅτι
1141 467 1255 538 ἔχει
1300 468 1484 537 σχῆμα
1516 484 1708 538 σεμνο-

128 563 332 635 πρεπὲς
358 601 373 622 ,
412 561 486 632 μὴ
527 560 775 633 πρόσχῃς
799 599 813 624 ,
854 561 935 612 ὅτι
967 560 1240 613 ὲνδέδυται
1283 558 1477 612 κώδιον
1506 558 1710 630 προϐά-

128 675 240 720 του,
261 658 344 710 ὅτι
372 655 542 725 ὄνομα
565 655 678 724 ἔχει
706 653 1100 725 πρεσϐυτέρου,
1132 653 1164 724 ἣ
1200 654 1516 717 ἐπισκόπου,
1543 653 1575 724 ἢ
1605 653 1712 706 δια-

127 747 285 800 κόνου
307 788 322 812 ,
365 745 398 815 ἢ
427 745 668 817 ἀσκητοῦ
690 763 704 776 ·
739 744 872 798 ἀλλὰ
907 743 1006 807 τὰς
1034 743 1260 815 πράξεις
1292 743 1456 797 αὐτοῦ
1489 743 1711 814 περιέρ-

128 854 323 906 γαςαιο
361 839 410 890 εἱ
433 837 549 891 ἔστι
573 836 824 909 σώφρων,
849 838 896 890 εἰ
923 837 1038 890 ἐστι
1066 837 1360 906 φιλόξενος,
1384 837 1416 907 ἢ
1442 837 1563 907 ἐλεή
1574 854 1709 906 μων,

127 930 159 999 ἦ
189 929 568 998 ἀγαπητικος,
603 927 636 998 ἢ
669 930 725 980 ὲν
755 931 1091 998 προσευχαῖς
1121 927 1446 999 καρτερικὸς
1470 967 1485 991 ,
1513 927 1546 998 ἢ
1584 929 1714 980 ὑπο-

133 1019 445 1091 μονητικός·
484 1021 532 1071 εἰ
569 1018 680 1089 ἔχει
729 1017 935 1070 κοιλίαν
988 1017 1143 1080 θεὸν,
1192 1018 1286 1071 καὶ
1332 1017 1422 1070 τὸν
1457 1017 1712 1088 φάρυγγα

129 1111 261 1182 ᾅδην
286 1152 300 1176 ,
333 1110 506 1164 νοσῶν
552 1112 809 1181 χρήματα
834 1149 848 1170 ,
881 1108 975 1162 καὶ
1033 1108 1357 1178 καπηλεύων
1403 1109 1504 1178 τὴν
1535 1107 1714 1161 θεοσέ-

130 1204 305 1265 ϐειαν,
343 1203 478 1272 ἄφες
507 1201 690 1254 αὐτόν.
726 1203 798 1255 Ού
835 1201 943 1272 γάρ
977 1201 1091 1254 ἐστι
1127 1200 1330 1271 ποιμὴν
1366 1201 1716 1270 ἐπιστημονι-

128 1298 223 1360 κδς
245 1337 258 1360 ,
287 1295 421 1348 άλλὰ
447 1293 610 1357 λύκος
639 1293 1001 1366 ἁρπακτικός.
1080 1292 1142 1345 Εἰ
1170 1292 1225 1345 δὲ
1253 1287 1402 1355 οἶδας
1431 1292 1499 1344 τὰ
1524 1292 1716 1364 δένδρα

127 1386 445 1457 δοκιμάζειν
481 1385 587 1437 ἀπὸ
619 1383 724 1439 τῶν
747 1384 974 1455 καρπῶν
994 1424 1008 1448 ,
1037 1383 1166 1436 ποῖά
1198 1386 1312 1436 ἐστι
1343 1387 1407 1454 τῇ
1442 1384 1619 1452 φύσει,
1648 1387 1712 1455 τῇ

127 1481 339 1549 γεύσει,
373 1482 440 1550 τῇ
474 1479 724 1548 πιότητιο
781 1477 960 1548 πολλῷ
1010 1477 1209 1548 μᾶλλον
1251 1477 1360 1530 ἀπὸ
1402 1477 1511 1529 τῶν
1540 1476 1715 1547 ἔργων

127 1571 367 1640 ὀφείλεις
393 1566 709 1638 δοκιμάζειν
749 1569 875 1631 τοὺς
898 1567 1336 1638 χριστεμπόρους
1354 1581 1369 1596 ·
1403 1569 1506 1630 ὅτι,
1527 1567 1718 1637 φέρον-

126 1681 220 1726 τες
249 1663 525 1733 φημάριον
545 1659 850 1726 εὐλαϐείας,
873 1659 1048 1730 ψυχὴν
1073 1659 1366 1730 κέκτηνται
1381 1659 1712 1730 διαϐολικήν.

131 1725 280 1811 Ειίδὲ
307 1725 529 1807 καὶ-ὰπὸ
553 1750 802 1806 ἀκανθῶν
823 1725 1187 1818 οἰδ-συλλέγεις
1216 1725 1511 1819 σταφυλὰς.
1544 1751 1576 1822 ἢ
1609 1725 1716 1804 ἀπὸ
1748 1725 1790 1783 Β

128 1846 396 1921 τριϐόλων
429 1845 588 1908 σῦκα,
611 1843 663 1896 τί
695 1842 1115 1914 ὑπολαμϐάνεις,
1145 1844 1226 1895 ὅτι
1252 1842 1360 1895 άπὸ
1385 1843 1717 1914 παραϐατῶν

128 1939 279 2010 ἔχεις
313 1956 365 1991 τι
398 1935 601 2005 ἀγαθὸν
635 1934 862 1987 ἀκοῦσαι
887 1973 901 1996 ,
934 1933 966 2004 ἢ
994 1933 1100 1986 ἀπὸ
1127 1933 1403 2005 προδοτῶν
1445 1933 1635 2004 μαθεῖν
1664 1953 1718 1988 τι

129 2031 432 2102 χρήσιμον;
480 2027 750 2091 Ἐκείνους
793 2027 972 2079 τοίνυν
1005 2026 1350 2097 ἀποστρέφου
1398 2027 1474 2090 ὡς
1522 2027 1719 2091 λύκους

142 2122 472 2196 Ἀραϐικοὺς
498 2161 512 2186 ,
543 2120 637 2173 καὶ
668 2119 910 2182 ἀκάνθας
943 2120 1227 2190 παρακοῆς
1253 2160 1268 2184 ,
1315 2121 1409 2172 καὶ
1439 2120 1719 2191 τριϐόλους

129 2214 491 2284 ἀδικημάτων
511 2254 524 2277 ,
557 2212 648 2265 καὶ
683 2211 875 2283 δένδρα
902 2211 1133 2281 πονηρά.
1180 2211 1304 2263 Ἐὰν
1331 2211 1446 2282 ἴδῃς
1478 2213 1715 2278 συνετὸν,

132 2304 282 2360 κατά
300 2305 398 2375 τὴν
421 2303 887 2375 συμϐουλεύουσαν
909 2303 1129 2372 Σοφίαν,
1148 2301 1364 2374 ὖρθριζε
1388 2304 1524 2372 πρὸς
1539 2305 1718 2370 αὑτὸν,

133 2399 230 2450 καὶ
269 2394 540 2465 σταθμοὺς
587 2393 766 2465 θυρῶν
813 2393 979 2447 αὐτοῦ
1030 2392 1331 2464 ὲκτριϐέτω
1362 2394 1390 2445 ὁ
1426 2393 1562 2458 ποῦς
1603 2410 1718 2461 σου,

133 2489 226 2541 ἴνα
261 2488 390 2558 παρ’
434 2486 600 2540 αὐτοῦ
634 2484 889 2556 διδαχθῇς
929 2484 1092 2554 νόμου
1130 2488 1597 2556 σκιαγραφήματα
1629 2487 1723 2539 καὶ

133 2580 381 2654 χαρίτων
403 2579 725 2650 δωρήματα.
752 2576 888 2631 Οὔτε
913 2577 968 2630 δὲ
995 2577 1152 2646 λόγος
1182 2579 1513 2645 σοφιστικὸς,
1545 2578 1577 2649 ἦ
1602 2581 1724 2649 σχῆ-

135 2691 216 2742 μα
237 2671 550 2726 ὲπιθετικὸν
574 2670 883 2738 εἰσάγουσιν
908 2670 988 2733 εἰς
1012 2669 1109 2740 τὴν
1133 2669 1407 2739 βασιλείαν
1433 2669 1541 2723 τῶν
1562 2671 1725 2738 ούρα-

132 2769 278 2832 νῶν,
333 2765 468 2818 ἀλλὰ
507 2763 690 2826 πίστις
721 2763 902 2816 τελεία
936 2762 1029 2815 καὶ
1075 2762 1404 2833 ἀπερίεργος
1457 2761 1594 2832 μετὰ
1626 2762 1724 2831 τῆς

133 2859 397 2931 ἐναρέτου
433 2858 526 2910 καὶ
553 2855 968 2926 διαλαμπούσης
1008 2855 1284 2926 προνοίας.

500 2969 612 3039 (20)
649 2968 759 3022 Τοῦ
790 2968 963 3038 ἁγίου
1004 2967 1372 3020 Ἀθανασίου.

1811 468 1884 522 sit
1913 468 2146 522 honesto
2195 467 2418 524 indutus
2460 473 2814 536 vestimento,
2872 486 2940 526 ne
2991 473 3239 528 attendas
3271 474 3393 544 ipsi,

1811 561 2022 615 etiamsi
2071 561 2190 615 ovis
2231 560 2367 630 pelle
2407 564 2635 618 vestitus
2680 565 2784 631 sit,
2823 574 2878 620 et
2911 567 3245 636 presbyteri,
3277 567 3398 635 epi-

1813 654 1992 721 scopi,
2022 653 2239 708 diaconi
2276 655 2358 709 vel
2392 670 2586 710 aseetze
2619 673 2816 711 nomen
2867 659 3102 713 habeat:
3148 660 3241 714 sed
3278 661 3398 729 ejus

1813 758 1978 812 opera
2005 745 2318 800 accuratius
2363 748 2667 815 perpendas
2689 788 2704 812 ,
2737 764 2804 802 an
2851 749 2922 804 sit
2964 759 3292 820 temperans,
3325 765 3395 806 an

1814 835 2122 904 hospitalis,
2156 854 2224 891 an
2255 839 2586 903 misericors,
2632 855 2699 892 an
2724 841 3043 895 cbaritatem
3080 842 3297 904 habeat,
3327 857 3396 897 an

1815 939 2125 997 perseveret
2165 931 2218 982 in
2253 931 2617 996 orationibus,
2653 946 2721 984 an
2755 931 2825 985 sit
2851 933 3084 1001 patiens.
3133 931 3189 986 Si
3234 932 3396 987 deum

1819 1029 2062 1072 ventrem
2125 1020 2344 1087 habeat,
2377 1029 2431 1074 et
2473 1031 2660 1091 guttur
2710 1021 3014 1088 infernum,
3080 1025 3395 1079 divitiarum

1817 1111 2011 1165 morbo
2049 1111 2325 1176 laborans,
2356 1113 2608 1182 pietatem
2644 1131 2743 1184 pro
2783 1125 2992 1185 quaestu
3041 1117 3277 1182 habens,
3313 1117 3398 1172 di-

1817 1203 1970 1256 mitte
1996 1203 2186 1270 illum;
2221 1220 2330 1258 non
2362 1213 2446 1259 est
2475 1206 2619 1259 enim
2646 1217 2832 1276 pastor
2861 1211 3086 1279 peritus,
3117 1212 3209 1266 sed
3235 1212 3398 1281 lupus

1789 1308 2008 1362 .rapax.
2044 1292 2101 1348 Si
2149 1306 2332 1350 autem
2390 1297 2532 1350 nosti
2582 1299 2808 1354 arbores
2847 1316 2911 1354 ex
2953 1300 3218 1357 fructibus
3269 1318 3398 1373 pro-

1817 1383 1967 1444 bare.
2010 1401 2260 1454 quamam
2303 1386 2512 1441 scilicet
2541 1389 2651 1443 sint
2684 1401 2876 1444 natura
2899 1432 2911 1450 .
2941 1401 3100 1461 gustu
3124 1433 3138 1456 ,
3168 1393 3398 1464 pingue-

1817 1475 1976 1542 dine;
2007 1477 2201 1531 ‘multo
2241 1478 2416 1546 magis
2461 1494 2528 1531 ex
2579 1481 2836 1549 operibus
2876 1484 3181 1551 periculum
3221 1484 3401 1541 facere

1817 1565 1983 1620 debes
2023 1579 2234 1633 eorum,
2285 1569 2379 1636 qui
2432 1568 2652 1624 Christo
2702 1572 2766 1624 ad
2814 1581 3085 1640 quaestum
3135 1583 3399 1643 utuntur;

1819 1659 1969 1728 quia,
2005 1659 2134 1712 dum
2177 1660 2416 1729 aliquam
2464 1664 2769 1717 sanctitatis
2818 1663 3018 1718 famam
3069 1665 3400 1736 praeierunt,

1818 1750 2065 1802 animam
2105 1751 2387 1820 possident
2432 1753 2781 1806 diabolicam.
2830 1753 2986 1820 Quod
3033 1756 3080 1810 si
3119 1773 3185 1810 ex
3230 1757 3404 1828 spinis

1820 1844 2149 1914 noneolligis
2173 1860 2325 1909 uvas,
2359 1861 2457 1898 nec
2479 1861 2540 1900 ex
2576 1847 2793 1901 tribulis
2819 1849 2974 1911 licus,
3001 1849 3131 1918 quid
3159 1851 3403 1919 opinaris

1818 1951 1978 2007 posse
1999 1937 2195 2006 tequid
2230 1937 2356 1991 boni
2382 1951 2448 1990 ex
2478 1939 2991 2006 praevaricatoribus
3020 1942 3232 2007 audire,
3259 1953 3314 1997 et
3333 1960 3402 2000 cx

1819 2029 2190 2098 proditoribus
2237 2029 2512 2099 quidpiam
2559 2032 2690 2085 utile
2728 2030 3007 2086 ediscere?
3039 2030 3166 2087 Illos
3219 2033 3403 2103 itaque

1820 2133 2071 2173 aversare
2091 2127 2151 2172 ut
2175 2119 2332 2187 lupos
2351 2117 2635 2183 Arabicos,
2661 2127 2715 2172 et
2731 2119 2916 2188 spinas
2951 2118 3401 2189 inobsequentiae,

1820 2210 2052 2264 tribulos
2072 2210 2398 2279 iniquitatis,
2419 2211 2645 2266 arbores
2663 2211 2858 2264 malas.
2883 2210 2941 2264 Si
2961 2211 3163 2265 videris
3186 2210 3404 2280 sapien-

1823 2312 1928 2357 tem
1965 2302 2224 2371 aliquem,
2260 2317 2329 2357 ex
2363 2303 2593 2357 consilio
2645 2301 2936 2372 Sapientiae
2966 2303 3009 2368 ⁸,
3046 2318 3204 2357 mane
3244 2303 3406 2374 vigila

1823 2396 1890 2450 ad
1932 2395 2108 2459 illum,
2159 2395 2422 2450 stationes
2459 2403 2741 2464 portarum
2775 2395 2895 2464 ejus
2941 2403 3078 2450 terat
3122 2410 3216 2465 pes
3257 2404 3402 2460 tuus,

1827 2496 1881 2541 ut
1913 2487 1982 2541 ab
2013 2502 2078 2541 eo
2110 2487 2324 2542 ediscas
2368 2487 2502 2556 legis
2543 2488 2787 2550 umbras,
2824 2496 2878 2540 et
2914 2488 3212 2558 gratiarum
3239 2488 3402 2542 dona.

1826 2577 2012 2648 Neque
2036 2579 2182 2632 enim
2219 2580 2552 2649 sophisncus
2578 2595 2760 2634 sermo
2791 2587 2844 2632 et
2878 2579 3097 2635 habitus
3129 2580 3406 2635 modestus

1826 2670 2180 2724 introducunt
2209 2671 2263 2722 in
2289 2686 2518 2741 regnum
2545 2671 2810 2726 oculorum
2834 2689 2847 2737 ;
2883 2671 2974 2725 sed
3003 2671 3138 2726 ﬁdes
3167 2671 3408 2742 perfecta

1827 2777 1892 2817 ac
1929 2762 2157 2816 minime
2183 2763 2432 2826 curiosa,
2463 2779 2588 2818 cum
2626 2763 2965 2833 providentia
3000 2763 3219 2818 virtutis
3250 2764 3408 2834 plena

1827 2861 1880 2907 et
1910 2853 2230 2923 conspicua.

2358 2963 2544 3020 Sancti
2587 2962 2894 3030 Athanasii.

210 3065 415 3132 ’Ἄρατε
453 3059 558 3113 τὸν
587 3060 762 3130 ζυγόν
785 3077 904 3129 μου
936 3059 1029 3128 ἐφ’
1057 3057 1230 3129 ὑμᾶς,
1258 3057 1355 3111 καὶ
1378 3057 1593 3126 μάθετε
1620 3057 1720 3111 ἀπ’

1902 3055 2094 3110 Tollite
2129 3058 2319 3126 jugum
2362 3071 2534 3108 meum
2572 3071 2727 3124 super
2762 3070 2869 3118 vos,
2915 3063 2964 3106 et
3003 3053 3192 3106 discite
3223 3069 3255 3106 a
3299 3069 3408 3118 me,

131 3153 304 3222 ἐμοῦ,
342 3151 432 3204 ὅτι
463 3148 650 3218 πρᾶός
675 3153 790 3219 ειμι
818 3151 915 3203 καὶ
945 3149 1225 3215 ταπεινὸς
1259 3146 1332 3216 τῇ
1361 3148 1594 3216 καρδίᾳ,
1627 3146 1724 3200 καὶ

130 3246 425 3316 εἰιρήσετε
469 3242 814 3298 ἀνάπαυσιν
855 3242 984 3309 ταῖς
1032 3241 1258 3312 ψυχαῖς
1297 3240 1494 3311 ὑμῶν’
1543 3246 1575 3295 ὁ
1615 3244 1725 3314 γὰρ

133 3341 313 3410 ζυγός
339 3356 459 3408 μου
483 3336 769 3407 χρηστὸς,
807 3337 904 3390 καὶ
937 3337 1002 3390 τὸ
1037 3336 1282 3406 φορτίον
1315 3353 1434 3404 μου
1462 3336 1728 3405 ἐλαφρόν

131 3434 333 3487 ἐστιν.
405 3428 684 3482 Ἐντεῦθεν
724 3428 1076 3498 ὠφελημένος
1122 3429 1150 3479 ὁ
1192 3428 1334 3490 θεῖος
1381 3429 1722 3492 Ἀπόστολος,

133 3520 371 3592 ὀγκώδη
420 3520 517 3589 τὴν
554 3517 825 3590 ἁμαρτίαν
859 3517 1109 3586 ὠνόμασε
1139 3515 1236 3568 καὶ
1271 3516 1723 3582 εὐπερίστατον.

134 3615 202 3667 Τί
223 3613 297 3683 τὰ
306 3630 337 3684 ρ
360 3611 658 3683 βαρύτερον
677 3611 771 3662 καὶ
787 3606 1190 3680 βλαϐερώτερον
1214 3605 1517 3676 ἁμαρτίας;
1538 3604 1727 3676 ὥσπερ

133 3709 203 3762 ὲκ
225 3705 322 3758 τοῦ
347 3705 614 3770 ἐναντίου,
643 3704 696 3756 τί
726 3704 824 3774 τῆς
857 3703 1057 3774 ἀρετῆς
1091 3701 1488 3772 ἐλαφρότερον;
1517 3701 1579 3755 Ἡ
1599 3698 1720 3767 μὲν

134 3802 249 3873 γὰρ
280 3799 554 3869 ἁμαρτία,
582 3798 655 3861 ὡς
674 3800 729 3851 ἐν
756 3797 1086 3868 Παροιμίαις
1102 3795 1430 3866 γέγραπται,
1455 3792 1729 3859 πολλοὺς

133 3890 446 3959 τρώσασα,
466 3885 828 3941 καταϐάλλει
846 3884 924 3950 τῷ
937 3883 1134 3953 βάρει,
1149 3882 1380 3953 Σειραῒς
1397 3899 1454 3934 τε
1473 3881 1588 3935 τῶν
1600 3882 1732 3935 ἐαυ-

135 3981 248 4036 τοῦ
271 3977 570 4050 ἁμαρτιῶν
594 3978 850 4044 ἕκαστος
875 3977 1187 4046 σφίγγεται
1207 3993 1222 4006 ο
1259 3977 1292 4045 ἡ
1325 3975 1384 4028 δὲ
1411 3974 1579 4046 ἀρετὴ
1602 3974 1726 4037 τοὺς

135 4073 624 4143 ἀντιποιουμένους
652 4072 822 4140 αὐτῆς
862 4071 1120 4134 ζωοποιεῖ
1161 4070 1254 4122 καὶ
1289 4071 1365 4130 εἰς
1396 4068 1527 4136 ὕψος
1561 4069 1726 4138 αἴρει,

135 4169 392 4236 λέγοντος
421 4163 517 4217 τοῦ
547 4162 958 4235 Παροιμιαστοῦ
977 4181 991 4192 ·
1039 4163 1242 4216 Ξύλον
1272 4159 1419 4228 ζωῆς
1444 4162 1573 4214 ἐστι
1607 4161 1730 4226 τοῖς

135 4256 659 4326 ἀντιποιουμένοις
695 4255 922 4323 αὺτῆςυ
967 4255 1061 4308 τοῦ
1094 4255 1150 4308 δὲ
1194 4256 1250 4308 Ψ
1255 4253 1538 4325 αλμωδοῦ·
1576 4254 1732 4306 Ἁναο

135 4353 465 4423 λαμϐάνων
492 4349 701 4419 πραεῖς
732 4353 764 4402 ὁ
786 4349 1016 4415 Κύριος.
1069 4345 1167 4398 Διὰ
1192 4344 1347 4397 τούτο
1374 4346 1406 4414 ἡ
1433 4345 1528 4414 μὲν
1558 4345 1730 4414 ἁμαρ-

1827 3151 1951 3220 quia
1981 3151 2123 3202 mitis
2148 3165 2262 3203 sum
2289 3158 2336 3201 et
2363 3148 2581 3202 humilis
2605 3148 2780 3213 corde,
2806 3157 2855 3201 et
2885 3148 3155 3200 invenietis
3182 3147 3412 3216 requiem

1828 3242 2106 3296 animabus
2135 3243 2316 3295 vestris
2348 3257 2364 3294 :
2402 3240 2594 3309 jugum
2637 3243 2778 3292 enim
2823 3255 2994 3291 meum
3030 3254 3187 3291 suave
3233 3247 3330 3302 est,
3362 3247 3414 3290 et

1830 3350 1960 3386 onus
2007 3349 2179 3386 meum
2223 3333 2331 3386 lere
2357 3333 2398 3386 °.
2438 3329 2575 3386 Hine
2620 3332 2854 3386 utilitate
2902 3340 3151 3400 percepta
3193 3330 3415 3384 divinus
3465 3387 3470 3392 _

1829 3426 2157 3494 Apostolus,
2204 3424 2555 3492 ponderosum
2613 3434 2661 3475 et
2725 3423 3075 3474 circumstans
3130 3431 3412 3490 peccatum

1831 3515 2122 3584 appellavit
2152 3515 2217 3566 ¹⁰.
2246 3513 2388 3579 Quid
2419 3514 2561 3567 enim
2591 3514 2814 3582 gravius
2845 3521 2898 3566 et
2939 3512 3261 3567 damnosius
3291 3528 3419 3581 pec-

1830 3606 1998 3660 cato?
2033 3613 2090 3658 ut
2122 3621 2150 3658 e
2181 3604 2482 3667 contrario,
2509 3605 2636 3672 quid
2662 3605 2835 3658 levius
2869 3613 2923 3657 ct
2956 3604 3145 3657 utilius
3178 3603 3417 3658 virtute?

1831 3715 1956 3752 nam
1999 3697 2301 3762 Peccatum,
2334 3709 2393 3751 ut
2433 3697 2486 3750 in
2519 3696 2830 3750 Proverbiis
2855 3697 3118 3766 scriptum
3151 3705 3262 3762 est,
3301 3695 3418 3751 uul-

1829 3798 2040 3844 neratos
2093 3789 2286 3843 multos
2338 3788 2563 3858 pondere
2613 3787 2906 3857 dejicit“,
2958 3797 3012 3843 et
3050 3787 3417 3859 Unusquisque

1831 3885 2032 3938 catenis
2067 3893 2404 3952 peccatorum
2453 3899 2670 3936 suorum
2701 3883 2982 3953 stringitur
3009 3883 3072 3937 ¹².
3107 3881 3294 3938 Virtus
3325 3899 3419 3938 au-

1831 3984 1940 4030 tem
1973 3993 2090 4043 eos,
2122 3976 2214 4045 qui
2251 3991 2309 4030 se
2334 3975 2758 4045 amplectuntur,
2791 3975 3031 4030 viviﬁcat
3062 3983 3117 4030 et
3147 3974 3204 4029 in
3244 3976 3417 4030 altum

1831 4069 2012 4138 erigit,
2039 4078 2096 4122 ιιι
2127 4069 2180 4121 in
2217 4066 2532 4123 Proverbiis
2555 4069 2754 4123 dicitur
2781 4087 2794 4122 :
2822 4067 3052 4138 Lignum
3084 4069 3203 4123 vita:
3226 4077 3302 4122 est
3327 4069 3416 4130 iis.

1832 4160 1922 4230 qui
1962 4159 2133 4228 ipsam
2172 4157 2567 4227 amplectuntur
2602 4160 2681 4226 ¹³;
2729 4173 2783 4214 et
2827 4162 2880 4214 in
2925 4160 3188 4224 Psalmis,
3237 4159 3421 4214 Susci-

1832 4255 1979 4323 piens
2012 4263 2311 4306 mansuetos
2345 4253 2601 4308 Dominus
2633 4255 2696 4308 ”.
2731 4254 2939 4309 Idcirco
2971 4264 3250 4324 peccatum
3295 4255 3421 4324 qui-

1835 4345 1958 4397 dem
2013 4345 2311 4415 symbolice
2362 4361 2486 4400 cum
2540 4347 2744 4401 talento
2801 4348 3066 4417 plumbeo-
3107 4331 3418 4404 demersum

136 4446 233 4498 τία
281 4441 622 4514 συμϐολικῶς
657 4443 750 4494 ἐπὶ
796 4440 1062 4492 ταλάντου
1097 4436 1438 4506 διαμολίϐδου
1473 4452 1722 4504 καταιρό-

1837 4437 2174 4504 conspieitur
2207 4439 2281 4491 '5:
2322 4438 2450 4505 quia
2492 4439 2576 4491 sui
2609 4440 2853 4493 cultores
2889 4441 2940 4493 in
2976 4439 3302 4509 profundum
3338 4441 3421 4493 in-

142 4528 283 4598 μένη
308 4526 620 4595 θεωρεῖται·
648 4523 833 4594 ἐπειδὴ
855 4525 980 4585 τοὺς
1003 4522 1320 4592 χρωμένους
1347 4521 1482 4589 αὐτῇ
1510 4519 1729 4588 βυθίους

140 4621 445 4690 καταφέρει
465 4621 546 4683 εἰς
571 4618 660 4672 τὸν
683 4617 815 4688 ᾅδην
836 4633 849 4645 ·
883 4617 976 4668 καὶ
1000 4609 1080 4677 οἷς
1106 4615 1501 4685 ἐνυπάρχουσιν
1521 4613 1568 4664 οἱ
1599 4628 1732 4682 σαρ-

137 4713 292 4767 κικοὶ
319 4712 472 4780 ὄγκοι
504 4711 598 4763 καὶ
628 4711 683 4762 αἱ
725 4709 824 4778 τῆς
861 4707 1061 4779 σαρκὸς
1099 4705 1405 4774 ἐπιθυμίαι,
1439 4704 1534 4756 καὶ
1567 4702 1660 4766 οὒς
1695 4705 1726 4770 ἡ

137 4803 386 4874 ἁμαρτία
406 4802 748 4874 περίσταται,
770 4800 978 4861 τούτοις
998 4799 1097 4850 οὐκ
1120 4798 1265 4850 ἔστιν
1288 4795 1571 4867 ἐλεύθερον
1595 4795 1730 4864 πρὸς

137 4899 234 4952 τὸν
264 4896 396 4950 Θεὸν
417 4897 478 4949 τὸ
501 4895 674 4965 ὄμμα.
720 4895 776 4946 Ὁ
805 4891 966 4960 ζυγὸς
993 4891 1169 4944 τοίνυν
1201 4889 1293 4943 τοῦ
1325 4890 1576 4959 Σωτῆρος
1604 4904 1739 4958 χρη-

143 4989 270 5051 στὸς
295 4989 387 5040 καὶ
416 4987 476 5040 τὸ
510 4986 730 5058 φορτίον
767 4984 1022 5054 ἐλαφρόν.
1062 4984 1171 5035 Καὶ
1205 4979 1322 5044 πῶς
1343 5020 1357 5041 ,
1395 4979 1581 5049 φησὶν,
1615 4977 1740 5029 ἐλα-

143 5081 304 5152 φρὸν,
325 5080 453 5132 ὅταν
484 5079 653 5151 λέγῃ·
700 5077 836 5130 Ἐὰν
855 5075 940 5146 μή
975 5092 1064 5138 τις
1090 5070 1242 5141 μισῇ
1277 5069 1502 5136 πατέρα
1542 5067 1578 5134 ἣ
1625 5084 1738 5136 μη-

141 5173 320 5242 τέρα·
379 5173 505 5235 καὶ,
559 5173 665 5236 ’¹ος
721 5171 832 5222 οὐκ
888 5167 1038 5235 αἴρει
1104 5163 1211 5217 τὸν
1278 5160 1582 5228 σταυρὸν,
1639 5161 1737 5213 καὶ

141 5263 475 5318 ἀκολουθεῖ
515 5281 658 5333 μοι,
707 5264 816 5315 οὐκ
842 5262 975 5314 ἔστι
1024 5276 1145 5327 μου
1199 5255 1396 5321 ἄξιος·
1454 5255 1568 5317 καὶ,
1642 5255 1739 5318 Ὃς

142 5359 260 5411 οὐκ
289 5355 697 5410 ἀποτάσσεται
745 5352 933 5407 πᾶσιν
957 5351 1144 5404 αὺτοῦ
1175 5348 1295 5414 τοῖς
1329 5347 1735 5414 ὑπάρχουσιν,

217 5522 239 5552 ⁷
270 5519 458 5573 Matth.
486 5537 581 5580 vn,
616 5519 703 5579 15,
737 5517 819 5571 16.
899 5519 920 5548 ⁸
956 5517 1118 5569 Eccli.
1163 5532 1234 5575 \‘I,
1267 5515 1355 5567 56.

144 5607 197 5656 ν,
238 5590 332 5644 22.
411 5589 625 5643 "Prov.
661 5606 740 5651 ιιι,
773 5589 851 5642 18.

1431 5515 1451 5544 ⁰
1487 5511 1675 5564 Matth.
1718 5529 1795 5573 XI,
1823 5511 1916 5577 ἓξ),
1948 5511 2036 5564 50.

939 5593 981 5617 ’⁵
1001 5587 1140 5640 Psal.
1171 5600 1370 5647 cxmn,
1396 5583 1448 5637 6.
1507 5583 1547 5612 ’⁵
1573 5581 1736 5636 Zach.
1761 5599 1811 5643 v,
1844 5582 1892 5633 7.

1839 4528 2078 4582 furorum
2113 4528 2314 4596 drjicit.
2347 4527 2558 4594 Quibus
2603 4543 2782 4584 autem
2835 4533 3022 4586 insunt
3067 4533 3250 4588 carnis
3287 4549 3423 4603 pon-

1839 4622 1967 4675 dera
1993 4629 2047 4673 et
2072 4623 2416 4689 cupiditates,
2449 4631 2502 4675 et
2529 4623 2593 4676 iis
2629 4625 2723 4692 qui
2757 4639 2785 4676 ιι
2829 4635 3051 4693 peccato
3083 4625 3426 4678 circumdan-

1839 4722 1947 4775 tur,
1984 4729 2090 4765 non
2125 4712 2356 4765 liberum
2390 4727 2522 4766 sane
2555 4725 2637 4768 est
2668 4715 2857 4770 oculos
2889 4715 2953 4769 ad
2987 4715 3156 4770 Deum
3192 4716 3420 4786 erigere.

1837 4798 2034 4869 Jugum
2088 4799 2271 4869 itaque
2322 4801 2634 4857 Servaloris
2675 4820 2843 4858 suave
2881 4815 2984 4868 est,
3037 4815 3090 4861 et
3127 4821 3266 4861 onus
3305 4807 3426 4877 ejus

1839 4891 1972 4945 leve.
2012 4889 2078 4943 Et
2108 4907 2217 4959 quo
2246 4900 2424 4960 pacto,
2456 4893 2599 4946 dicet
2635 4897 2908 4965 quispiam
2930 4939 2944 4962 ,
2990 4898 3105 4952 leve
3142 4915 3282 4953 onus
3315 4908 3423 4965 est,

1837 4999 1962 5037 cum
1996 4983 2074 5036 sic
2108 4983 2363 5051 loquatur
2395 4999 2408 5035 :
2448 4982 2506 5037 Si
2543 4987 2658 5054 quis
2702 5005 2804 5039 non
2841 4990 2949 5040 odit
2981 4999 3185 5056 patrem
3227 4998 3275 5042 et
3312 5006 3429 5041 ma-

1841 5082 1974 5126 trem
2002 5073 2066 5136 ’⁸,
2103 5082 2175 5134 et,
2210 5072 2313 5138 Qui
2365 5091 2464 5127 non
2505 5077 2642 5128 tollit
2689 5095 2918 5140 crucem,
2955 5089 3003 5131 et
3044 5080 3280 5150 sequitur
3322 5096 3424 5141 me,

1847 5179 1950 5215 non
1978 5172 2052 5215 est
2081 5179 2158 5215 me
2181 5163 2372 5230 dignus
2401 5165 2479 5228 ¹⁷;
2515 5175 2568 5219 et
2599 5185 2610 5219 :
2652 5167 2766 5233 Qui
2807 5186 2908 5221 non
2954 5172 3221 5223 renuntiat
3263 5173 3430 5223 omni-

1847 5253 1942 5307 bus
1973 5270 2091 5323 qua:
2120 5255 2374 5322 possidet,
2401 5273 2501 5309 non
2532 5269 2699 5324 potest
2728 5276 2870 5312 meus
2895 5277 3004 5312 esse
3034 5261 3330 5329 discipulus
3353 5261 3427 5326 '3;

1847 5346 1956 5399 imo
1981 5346 2143 5401 etiam
2172 5345 2361 5415 jubcat
2394 5347 2567 5417 ipsam
2596 5350 2808 5404 tradere
2848 5351 3132 5404 animam?
3162 5349 3217 5405 ld
3253 5361 3301 5405 te
3328 5354 3427 5407 do.

2113 5513 2155 5544 ¹⁰
2189 5512 2351 5568 Hebr.
2381 5530 2488 5579 χιι,
2527 5515 2574 5566 Ι.

1952 5584 1994 5612 ³³
2018 5582 2150 5639 Luc.
2183 5601 2290 5652 xw,
2313 5585 2403 5640 26.

2649 5515 2685 5544 ¹¹
2722 5513 2880 5567 Prov.
2907 5530 3001 5573 vn,
3034 5514 3124 5566 9.6.
3191 5515 3230 5544 "
3267 5513 3428 5568 Prov.

2482 5586 2523 5616 ¹⁷
2544 5584 2734 5641 Matth.
2762 5603 2816 5650 χ,
2845 5588 2936 5640 58.
2996 5586 3035 5615 ⁸⁸
3053 5585 3186 5640 Luc.
3210 5601 3319 5652 xiv,
3339 5585 3432 5640 55.

174 5690 183 5697 ’
223 5705 341 5776 (20)
391 5702 530 5759 Ειίίι.
581 5703 776 5757 Athan.
819 5720 869 5774 p.
913 5701 1069 5768 1008,
1111 5717 1173 5755 ex
1223 5698 1436 5753 Possini
1472 5707 1662 5752 catena
1685 5699 1739 5751 in
1786 5697 1978 5752 Malm.
