3860 6220
505 284 645 339 {583

1316 277 1372 331 S.
1415 273 1787 330 ATIIANASII
1827 273 1978 329 0P1".
2015 269 2193 327 PARS
2230 269 2317 327 Ill.
2360 301 2427 310 —
2464 270 2869 325 EXEGETICA.

3635 268 3757 323 1581

506 414 625 461 ceat
658 402 862 458 Paulus
890 402 983 472 qui
1014 399 1091 455 ait
1123 418 1136 453 :
1170 397 1236 453 Id
1278 399 1417 453 enim
1450 403 1589 466 quod
1628 398 1684 451 in
1724 397 1969 466 prtesenti
2005 405 2081 449 est

2190 396 2253 448 οὐ
2280 392 2532 447 δύναταί
2560 410 2679 461 μου
2712 387 2863 444 εῖναι
2908 388 3214 460 μαθητήςο
3264 386 3392 440 ὅταν
3436 386 3640 458 κελεύῃ
3672 391 3757 440 καὶ

508 506 925 551 momentaneum
952 503 1001 548 et
1040 493 1143 547 leve
1174 492 1558 555 tribulationis,
1592 492 1723 543 mire
1770 506 1928 555 supra
1971 505 2082 541 mo-

506 591 632 645 dum
660 599 913 644 azternum
944 588 1125 657 gloria'
1150 586 1353 655 pondus
1378 596 1628 652 operatur
1655 583 1731 649 19;
1764 591 1818 635 et
1852 596 2041 635 rursus
2069 600 2083 634 :

510 682 629 735 Non
684 692 803 735 sunt
854 680 1125 749 condigna:
1172 678 1440 747 passiones
1487 676 1643 743 hujus
1710 674 1956 743 temporis
2015 672 2084 725 ad

506 776 745 842 futuram
779 775 1024 845 gloriam,
1051 788 1167 842 qua:
1201 770 1515 824 revelabitur
1547 770 1604 821 in
1635 768 1784 821 nobis
1816 768 1883 819 ὀ.

2187 483 2357 555 αὐτὴν
2404 485 2685 554 ἐκδοθῆναι
2718 484 2816 553 τὴν
2864 483 3077 553 ψυχήν;
3110 478 3420 535 Διδασκέτω
3456 496 3517 533 σε
3558 478 3759 545 Παῦλος

2189 576 2394 642 λέγων’
2438 574 2508 628 Τὸ
2552 576 2663 643 γὰρ
2708 575 3043 642 παραυτίκα
3073 573 3339 643 ἐλαφρὸν
3366 570 3470 638 τῆς
3506 571 3762 640 θλίψεως

2188 667 2319 719 καθ’
2342 664 2685 732 ὑπερϐολὴν
2714 668 2801 730 εὶς
2826 664 3170 731 ὑπερϐολὴν
3196 663 3435 716 αἰώνιον
3447 661 3644 729 βάρος
3674 660 3763 715 δό-

2190 758 2302 823 ξης
2330 755 2763 825 κατεργάζεταιο
2799 756 2891 808 καί
2929 756 3089 808 πάλιν
3107 775 3118 786 ·
3149 757 3271 808 Οὐκ
3311 754 3451 818 ἄξια
3478 753 3554 807 τὰ
3582 750 3761 817 παθή-

2183 864 2342 916 ματα
2372 846 2477 899 τοῦ
2510 847 2625 899 νῦν
2649 846 2855 913 καιροῦ
2881 847 3030 911 πρὸς
3063 844 3177 913 τὴν
3198 844 3561 914 μέλλουσαν
3586 842 3763 906 δόξαν

2187 939 2683 1007 ἀνακαλυφθῆναι
2715 942 2800 1003 εἰς
2833 937 3009 1008 ἡμᾶς.

1090 1032 1305 1095 Prodit
1339 1050 1416 1093 ex
1451 1041 1593 1095 eod.
1630 1030 1800 1093 Colb.
1840 1030 2189 1092 membran.
2233 1050 2300 1092 χι
2350 1032 2585 1093 seaculi.
2618 1034 2723 1092 Est
2747 1034 2874 1093 Cat.
2904 1032 2971 1092 in
2999 1029 3212 1093 Matth.

1040 1135 1222 1191 Sancti
1246 1135 1550 1187 Athanasii.

580 1227 867 1298 Propterea
892 1227 1009 1281 dico
1041 1229 1180 1280 vobis
1204 1268 1218 1289 ,
1250 1243 1400 1280 omne
1434 1235 1707 1295 peccatum
1746 1235 1793 1278 et
1840 1224 2085 1293 blasphe-

510 1322 616 1374 mia
642 1321 937 1372 remittetur
976 1318 1294 1381 Iiominibus,
1326 1316 1414 1369 sed
1459 1316 1783 1384 blasphemia
1828 1316 1882 1367 in
1921 1313 2087 1383 Spiri-

510 1424 617 1465 tum
652 1429 754 1465 non
798 1411 1095 1463 remittetur
1130 1408 1257 1459 illis.
1300 1405 1367 1458 Et
1403 1407 1694 1475 quicunque
1733 1404 1927 1458 dixerit
1970 1421 2086 1457 rer-

507 1500 629 1552 bum
666 1510 846 1550 contra
881 1495 1081 1548 Filium
1129 1495 1384 1556 hominis,
1416 1497 1712 1545 remittetur
1737 1494 1829 1545 ei:
1868 1494 1958 1562 qui
1993 1510 2090 1545 au-

507 1605 610 1644 tem
657 1590 852 1642 dixerit
882 1590 1089 1640 rerbum
1136 1596 1320 1637 contra
1365 1583 1629 1652 Spiritum
1685 1594 1947 1647 sanctum,
1988 1601 2091 1637 non

507 1681 805 1732 remittetur
831 1679 879 1731 ei
912 1692 1071 1746 neque
1102 1676 1155 1728 in
1180 1675 1273 1727 hoc
1300 1674 1514 1739 steculo,
1546 1689 1705 1742 neque
1733 1674 1786 1724 in
1816 1673 1995 1741 futuro
2020 1675 2087 1728 ²¹.

507 1769 611 1825 Hic
646 1770 886 1840 apposite
932 1767 1175 1837 Apostoli
1220 1767 1424 1820 dictum
1480 1764 1831 1833 proferatur:
1882 1763 2089 1817 Littera

506 1864 719 1927 occidit,
751 1861 981 1931 Spiritus
1018 1871 1192 1912 autem
1240 1859 1465 1925 iivi/icat
1490 1858 1555 1911 “.
1608 1857 1777 1911 Multa
1819 1858 2084 1927 siquidem
2123 1845 2161 1901 Β

508 1956 823 2010 divinarum
847 1952 1257 2021 Seripturarum
1294 1950 1409 2003 loca
1439 1950 1486 2004 si
1521 1949 1823 2003 secundum
1853 1949 2088 2004 litteram

508 2047 895 2116 intelligamus,
929 2045 982 2097 in
1034 2042 1298 2096 nefandas
1352 2041 1725 2110 ldasphemias
1775 2040 2089 2106 incidimus,

508 2140 817 2213 cuiusmodi
858 2147 985 2193 sunt
1014 2152 1134 2207 qua:
1178 2136 1335 2189 nobis
1368 2150 1513 2189 nunc
1560 2144 1941 2204 proponuntur
1986 2134 2091 2187 Do-

508 2233 642 2287 mini
678 2230 876 2294 verba;
909 2243 1028 2297 quze
1060 2228 1105 2281 si
1152 2226 1451 2280 secundum
1499 2226 1671 2279 nudas
1701 2226 1968 2279 dictiones
1998 2240 2091 2279 ex-

506 2326 796 2395 cipiamus,
839 2337 947 2375 non
981 2320 1156 2374 solum
1193 2320 1245 2372 in
1300 2317 1563 2371 nefandas
1607 2318 1915 2372 dilabemur
1949 2319 2093 2386 cogi-

507 2420 768 2483 tationes,
804 2415 896 2469 sed
926 2414 1089 2467 etiam
1123 2412 1302 2481 ipsum
1340 2410 1633 2464 Dominum
1667 2410 1773 2465 sibi
1814 2409 2091 2483 adversari

504 2508 993 2580 deprehendemus.
1034 2502 1281 2569 Namque
1325 2504 1369 2557 si
1420 2503 1714 2571 quicunque
1748 2502 1940 2555 dixerit
1976 2479 2090 2554 ver-

504 2609 626 2653 bum
674 2609 858 2653 contra
908 2596 1109 2647 Filium
1147 2594 1405 2657 hominis,
1468 2593 1763 2645 remittetur
1814 2593 1895 2655 ei;
1949 2604 2089 2662 quo-

503 2693 666 2747 modo
712 2692 853 2744 idem
903 2687 1075 2740 Filius
1121 2687 1295 2740 dixit:
1328 2684 1432 2749 Qui
1481 2700 1561 2736 me
1603 2684 1867 2752 negaverit
1908 2700 2087 2735 coram

503 2781 823 2841 hominibus.
844 2778 1039 2848 negabo
1060 2794 1178 2830 eum
1208 2792 1385 2829 coram
1409 2774 1607 2844 angelis
1632 2773 1789 2829 Dei”
1812 2774 1834 2825 ?
1860 2772 1925 2827 Et
1962 2788 2089 2826 rur-

503 2893 628 2939 sus.
662 2877 707 2929 si
736 2887 900 2926 omne
948 2878 1234 2940 peccatum
1282 2875 1337 2921 et
1390 2866 1732 2935 blasphemia
1782 2865 2089 2919 remittetur

503 2967 840 3029 hominibus,
871 2962 1147 3033 quomodo
1168 2969 1219 3015 et
1250 2960 1316 3013 de
1331 2961 1505 3013 otioso
1523 2958 1687 3011 verbo
1713 2957 1977 3011 rationem
1998 2972 2091 3010 su-

504 3073 624 3112 mus
656 3054 919 3109 reddituri
937 3053 1021 3104 "‘t
1043 3051 1314 3121 quomodo
1332 3050 1424 3119 qui
1449 3049 1581 3102 dicit
1602 3047 1752 3101 fratri
1777 3062 1898 3110 suo,
1920 3045 2086 3112 fatue,

502 3164 628 3202 reus
646 3147 746 3201 erit
763 3146 1023 3216 gehennae
1050 3144 1189 3212 ignis
1206 3142 1290 3193 ’5?
1313 3141 1588 3210 quomodo
1609 3140 1731 3192 item
1750 3138 2082 3207 Paulus_ait:

2539 1135 2648 1205 (2i)
2685 1134 2793 1188 Τοῦ
2822 1134 2995 1203 ἁγίου
3038 1136 3410 1187 Ἀθανασιου.

2258 1227 2362 1281 Διὰ
2403 1226 2576 1280 τοῦτο
2625 1226 2779 1295 λέγω
2814 1224 2987 1293 ὑμῖν,
3040 1224 3131 1277 ὅτι
3158 1223 3327 1279 πᾶσα
3371 1222 3631 1292 ἁμαρτία
3673 1223 3763 1275 καὶ

2183 1318 2549 1385 βλασφημία
2569 1314 2933 1383 ἀφεθήσεται
2953 1313 3077 1379 τοῖς
3104 1313 3435 1380 ἀνθρώποις
3454 1328 3465 1338 ·
3502 1312 3545 1379 ἡ
3573 1308 3641 1362 δὲ
3664 1310 3764 1361 τοῦ

2189 1410 2533 1475 Πνεύματος
2564 1408 2927 1475 βλασφημία
2965 1408 3076 1459 οὑκ
3127 1404 3492 1473 ἀφεθήσεται
3545 1401 3763 1467 αὐτοῖς.

2187 1500 2295 1552 Καὶ
2332 1498 2399 1563 ὃς
2432 1498 2540 1549 ἐὰν
2586 1498 2727 1563 εἴπῃ
2772 1499 2959 1566 λόγον
2991 1497 3140 1549 κατὰ
3185 1494 3288 1548 τοῦ
3322 1494 3456 1547 Υἰοῦ
3503 1493 3614 1547 τοῦ
3668 1494 3764 1547 ἁν-

2189 1590 2425 1659 θρώπου
2452 1632 2465 1654 ,
2496 1590 2859 1657 ἀφεθήσεται
2896 1587 3055 1652 αὐτῷ
3076 1603 3087 1613 ·
3122 1587 3191 1650 ὃς
3220 1587 3272 1637 δ’
3315 1585 3392 1639 ἂν
3422 1585 3565 1652 εἴπῃ
3589 1587 3765 1654 λόγον

2190 1683 2339 1735 κατὰ
2368 1682 2474 1735 τοῦ
2501 1682 2845 1749 Πνεύματος
2867 1681 3061 1749 ἁγιίυ,
3087 1680 3197 1731 οὐκ
3226 1677 3591 1746 ἀφεθήσεται
3618 1678 3764 1743 αὑτῷ

2188 1771 2327 1823 οὔτε
2354 1771 2423 1822 ἐν
2460 1768 2539 1833 τῷ
2572 1769 2688 1822 νῦν
2718 1768 2885 1821 αἰῶνι
2916 1768 3053 1821 οὔτε
3076 1768 3146 1820 ἐν
3171 1766 3251 1831 τῷ
3294 1767 3610 1836 μέλλοντι.
3660 1767 3764 1820 'Ev-

2194 1860 2366 1913 ταῦθα
2429 1860 2591 1913 καλὸν
2641 1860 2701 1910 τὸ
2752 1858 2846 1911 τοῦ
2890 1857 3216 1911 Ἀποστόλου
3274 1860 3483 1911 εἰπεῖν’
3555 1860 3637 1911 ὅτι
3701 1858 3763 1913 Τὸ

2194 1952 2429 2023 γράμμα
2451 1952 2808 2017 ἀποκτείνει,
2833 1950 2899 2003 τὸ
2931 1950 2998 2004 δὲ
3021 1951 3265 2020 Πνεῦμα
3291 1949 3577 2010 ζωοποιεῖ.
3601 1950 3765 2003 Πολλὰ

2193 2046 2300 2115 γὰρ
2333 2045 2439 2097 τῶν
2468 2045 2625 2098 θείων
2659 2043 2891 2115 Γραφῶν
2926 2042 3019 2095 ἐὰν
3041 2042 3181 2095 κατὰ
3211 2043 3271 2095 τὸ
3304 2043 3541 2112 γράμμα
3581 2043 3763 2112 νοήσω-

2197 2155 2295 2207 μεν
2317 2178 2331 2200 ,
2360 2139 2439 2201 εἰς
2470 2138 2740 2208 ἀθέσμους
2771 2136 3116 2206 βλασφημίας
3146 2134 3625 2205 περιπεσούμεθα·
3666 2127 3763 2186 οἷόν

2193 2228 2309 2280 ἐστι
2336 2228 2430 2281 καὶ
2458 2228 2520 2280 τὸ
2559 2227 2653 2281 νῦν
2680 2228 3039 2299 προκείμενον
3064 2225 3156 2279 τοῦ
3184 2226 3389 2298 Κυρίου
3433 2226 3615 2294 λόγιον
3634 2241 3647 2253 '
3680 2225 3762 2276 ἐὰν

2194 2319 2303 2391 γὰρ
2344 2321 2486 2374 κατὰ
2526 2320 2690 2391 ξηροῦ
2733 2321 2831 2384 τὰς
2875 2320 3051 2386 λέξεις
3102 2318 3446 2389 ὲκλάϐωμεν,
3503 2319 3564 2371 οὑ
3619 2318 3764 2387 μόνον

2193 2415 2272 2477 είς
2321 2413 2612 2483 ἀθεμίτους
2662 2413 2869 2476 ἐννοίας
2912 2410 3453 2481 κατενεχθησόμεθα,
3508 2411 3641 2464 ἀλλὰ
3679 2408 3760 2462 καὶ

2193 2505 2355 2557 αὑτὸν
2412 2505 2501 2557 τὸν
2570 2505 2773 2576 Κύριον
2828 2497 3237 2573 ἐναντιούμενον
3306 2501 3487 2573 ἑαυτῷ
3553 2502 3761 2571 εὑρήσο-

2196 2615 2315 2667 μεν·
2349 2597 2483 2651 Ἐάν
2514 2597 2623 2667 γὰρ
2654 2598 2721 2662 ὃς
2746 2598 2885 2666 εἴπῃ
2918 2597 3104 2665 λόγον
3135 2595 3284 2649 κατὰ
3314 2596 3419 2649 τοῦ
3469 2596 3625 2659 Υίοῦ,
3664 2595 3760 2662 d5:-

2194 2690 2475 2757 εθήσεται
2516 2689 2706 2755 αὐτῷ’
2766 2690 2883 2753 πῶς
2909 2690 3069 2753 αὐτὸς
3118 2690 3147 2741 ὁ
3182 2690 3307 2753 Υἱὸς
3362 2686 3543 2755 εἶπεν,
3598 2690 3673 2743 δτι
3714 2688 3758 2739 '0

2192 2780 2691 2850 ἀπαρνησάμενος
2741 2781 2928 2834 αὑτὸν
2978 2780 3254 2852 [ἐνώπιον
3281 2780 3398 2833 τῶν
3428 2777 3758 2851 ἀνθρώπων]

2190 2873 2677 2943 ἀπαρνηθήσεται
2741 2873 3083 2942 ἔμπροσθεν
3143 2872 3264 2926 τῶν
3330 2873 3605 2943 ἀγγέλων
3668 2871 3757 2925 τοῦ

2193 2967 2377 3030 Θεοῦ;
2437 2968 2547 3020 Καὶ
2606 2966 2765 3020 πάλιν
2826 2967 2921 3021 ἐὰν
2974 2968 3125 3019 πᾶσα
3176 2967 3421 3037 ἁμαρτία
3480 2967 3575 3019 καὶ
3620 2964 3759 3034 βλασς

2192 3060 2370 3131 φημία
2408 3059 2736 3130 ἀφεθήσεται
2786 3060 2898 3121 τοῖς
2952 3056 3294 3128 ἀνθρώποις,
3342 3056 3463 3120 πῶς
3512 3058 3606 3110 καὶ
3639 3054 3758 3123 ὑπὲρ

2190 3153 2359 3223 ἀργοῦ
2406 3152 2566 3221 λόγου
2609 3151 2903 3219 ἀπολογίαν
2956 3150 3239 3221 δώσομεν;
3273 3150 3389 3213 πῶς
3424 3152 3454 3202 ὁ
3486 3150 3654 3218 λέγων
3694 3145 3759 3215 τῷ

507 3239 688 3293 Nolite
711 3252 889 3289 errare
920 3249 936 3286 :
980 3250 1141 3304 neque
1188 3232 1488 3302 fornicarii,
1523 3245 1683 3299 neque
1708 3228 1958 3291 adulteri,
1994 3244 2081 3280 ne-

2190 3244 2399 3315 ἀδελφῷ
2433 3244 2637 3307 αὑτοῦ,
2686 3244 2859 3316 μωρὲ,
2914 3244 3095 3313 ἔνοχος
3142 3242 3295 3296 ἔσται
3338 3244 3418 3305 είς
3467 3243 3568 3313 τὴν
3620 3242 3756 3309 γέεν-

501 3346 598 3399 que
620 3329 830 3389 molles,
870 3343 1029 3392 neque
1064 3325 1333 3388 maledici,
1362 3339 1523 3392 neque
1551 3321 1777 3391 ebriosi,
1800 3336 1963 3390 neque
1991 3336 2082 3371 ra-

501 3435 653 3488 paces
674 3432 887 3486 regnum
910 3414 1001 3467 Dei
1025 3414 1357 3483 possidebunt
1378 3413 1424 3442 ²⁶
1440 3410 1605 3475 ?Quaa
1628 3410 1669 3463 si
1691 3409 1761 3461 ita
1785 3422 1841 3461 se
1860 3407 2080 3468 habent,

501 3511 813 3581 quomodo,
861 3523 1082 3579 quaeso,
1128 3522 1289 3559 omne
1324 3513 1609 3574 peccatum
1648 3511 1703 3556 et
1742 3499 2081 3569 blasphemia

2184 3353 2280 3389 ναν
2311 3335 2404 3388 τοῦ
2433 3335 2633 3406 πυρόςς
2689 3333 2805 3395 πῶς
2832 3333 2889 3387 δέ
2918 3349 3050 3402 φησι
3082 3333 3177 3385 καὶ
3205 3331 3418 3395 Παῦλος
3439 3350 3453 3362 ·
3504 3332 3601 3399 Μὴ
3629 3333 3760 3383 πλα-

2182 3428 2399 3483 νᾶσθε·
2454 3428 2589 3480 οὔτε
2631 3427 2876 3493 πόρνοι,
2910 3427 3050 3478 οὔτε
3099 3424 3339 3494 μοιχοὶ,
3394 3424 3537 3477 οὔτε
3588 3426 3759 3492 μαλα-

2184 3518 2312 3581 κοὶ,
2360 3520 2432 3571 οῦ
2499 3516 2801 3583 λοίδοροι,
2854 3517 2926 3569 οὐ
2978 3515 3267 3584 μέθυσοι,
3325 3519 3441 3585 οὐχ
3497 3518 3755 3586 ἅρπαγες,

500 3605 809 3661 remittetur
846 3600 1192 3655 hominibus?
1243 3598 1617 3666 Rursumque,
1652 3596 1696 3650 si
1729 3610 1918 3647 verum
1948 3592 2081 3646 illud

2190 3609 2511 3671 βασιλείαν
2569 3606 2716 3659 Θεοῦ
2766 3608 2837 3659 οῦ
2876 3606 2963 3675 μὴ
3021 3605 3588 3676 κλτιρονομήσουσι;
3654 3604 3748 3657 Καὶ

500 3707 603 3762 est,
631 3712 729 3750 cur
761 3695 926 3749 miser
962 3701 1254 3747 accusatur
1283 3689 1570 3760 Origenes,
1600 3688 1746 3758 quod
1785 3687 1946 3740 linem
1983 3686 2083 3739 ali-

500 3803 665 3857 quem
702 3800 990 3855 pwnarum
1039 3783 1366 3845 cousdtuat;
1419 3797 1483 3835 ac
1529 3780 1747 3834 tandem
1794 3779 2082 3833 remissio-

502 3896 625 3934 nem
662 3880 913 3932 omnium
971 3884 1347 3945 peccatomm,
1400 3873 1717 3927 hominibus
1771 3872 1976 3941 pariter
2031 3880 2085 3924 et

501 3970 840 4024 dmmonibus
877 3983 907 4021 a
938 3966 1046 4020 Deo
1085 3966 1487 4020 concedendam
1523 3963 1814 4034 przedicet?
1854 3962 2005 4027 Item,
2036 3963 2081 4016 si

504 4062 839 4131 blasphemia
876 4060 929 4112 in
973 4059 1235 4128 Spiritum
1265 4065 1515 4111 sanctum
1549 4055 1929 4110 remissionem
1972 4069 2079 4105 non

503 4156 695 4218 habet,
744 4153 874 4223 quid
906 4152 1154 4221 queritur
1196 4149 1436 4203 Ecclesia
1482 4146 1756 4201 Novatum
1804 4146 2079 4215 pmniten-

502 4250 633 4300 tiam
666 4243 954 4314 rejeeisse?
982 4240 1115 4295 Illud
1147 4252 1325 4294 autem
1373 4242 1662 4293 obscurius
1703 4248 1756 4293 et
1799 4236 2082 4291 difﬁcilius

501 4338 775 4392 intellectu
836 4345 948 4399 est,
1002 4336 1184 4405 quod,
1240 4334 1333 4402 qui
1384 4333 1581 4385 dixerit
1628 4331 1856 4384 verbum
1894 4339 2083 4382 contra

502 4429 698 4482 Filium
728 4428 1032 4482 remittetur
1049 4427 1125 4492 ei;
1152 4426 1244 4495 qui
1269 4440 1398 4477 vero
1428 4424 1625 4476 dixerit
1653 4422 1871 4475 verbum
1901 4433 2083 4474 contra

500 4521 767 4592 Spiritum
805 4528 1052 4573 sanctum
1090 4533 1194 4569 non
1228 4516 1535 4568 remittetur
1574 4513 1654 4577 ei,
1704 4512 1775 4564 ita
1810 4521 1867 4563 ut
1906 4511 2084 4563 minor

2185 3703 2232 3753 εἰ
2282 3699 2453 3753 ταῦτα
2498 3698 2667 3760 οὕτως
2718 3697 2850 3767 ἔχει,
2890 3697 3005 3761 πῶς
3051 3697 3257 3760 λοιπὸν,
3296 3698 3418 3751 εἰπέ
3468 3716 3579 3767 μοι,
3622 3697 3754 3749 πᾶσα

2184 3789 2425 3861 ἁμαρτία
2459 3790 2551 3841 καὶ
2582 3787 2899 3858 βλασφημία
2930 3788 3264 3858 ἀφεθήσεται
3286 3790 3397 3848 τοῖς
3421 3784 3750 3857 ἁνθρώποις;

2186 3882 2295 3934 Καὶ
2329 3880 2423 3931 ἐὰν
2460 3879 2619 3932 πάλιν
2661 3878 2818 3931 τοῦτο
2847 3879 3065 3949 ἀληθὲς,
3101 3878 3189 3931 διὰ
3218 3879 3270 3931 τί
3300 3878 3491 3931 λοιπὸν
3526 3875 3752 3944 ἐγκαλεί-

2182 3991 2272 4025 ται
2302 3974 2329 4024 ὁ
2360 3973 2541 4031 ἄθλιος
2588 3972 2889 4042 Ὧριγένης,
2931 3972 3085 4033 τέλος
3138 3970 3420 4041 κηρύττων
3472 3970 3571 4041 τῆς
3613 3965 3751 4020 κολά-

2186 4082 2343 4127 σεως,
2370 4065 2443 4127 ὡς
2475 4063 2821 4135 συγχώρησιν
2866 4063 3047 4133 πάσης
3088 4062 3364 4133 ἁμαρτίας
3398 4055 3749 4130 γενέσθαικαὶ

2184 4160 2295 4221 τοῖς
2335 4156 2642 4226 ἀνθρώποις
2693 4158 2787 4209 καὶ
2824 4159 2936 4218 τοῖς
2967 4156 3185 4226 δαίμοσι
3216 4156 3366 4227 παρὰ
3404 4156 3573 4220 Θεοῦ;
3604 4152 3748 4207 Πάλιν

2184 4250 2240 4303 δὲ
2272 4250 2365 4302 ἐὰν
2394 4250 2426 4319 ἡ
2460 4250 2540 4311 είς
2566 4248 2627 4300 τὸ
2662 4248 2885 4317 Πνεῦμα
2912 4248 2972 4300 τὸ
2996 4249 3149 4316 ἅγιον
3187 4247 3508 4318 βλασφημία
3538 4248 3631 4300 οὐκ
3653 4245 3746 4313 ἔχει

2188 4340 2553 4411 συγχώρησιν,
2590 4340 2643 4392 τί
2673 4340 2946 4411 μέμφεται
2980 4343 3013 4412 ἡ
3044 4340 3336 4412 Ἐκκλησία
3363 4342 3610 4394 Ναυὰτον
3630 4339 3742 4390 ἀπο-

2188 4430 2515 4500 ϐαλλὸμενον
2543 4430 2639 4501 τὴν
2668 4433 2991 4501 μετάνοιαν;
3026 4433 3099 4485 Τὸ
3152 4433 3209 4485 δὲ
3245 4434 3638 4502 σκοτεινότερον
3667 4427 3745 4479 καὶ

2187 4520 2632 4591 δυσκατάληπτον
2662 4523 2835 4575 ἐκεῖνό
2862 4524 3029 4586 ἐστιν,
3050 4525 3129 4576 ὅτι
3151 4523 3209 4587 ὃς
3239 4523 3304 4575 ἂν
3336 4522 3463 4593 εἴπῃ
3494 4521 3641 4589 λόγον
3664 4534 3743 4570 κα-

497 4618 749 4670 videatur
776 4610 947 4664 Filius
981 4624 1100 4662 esse
1135 4608 1341 4675 Spiritu
1382 4613 1571 4659 sancto
1616 4612 1668 4657 et
1713 4603 1896 4656 Patre.
1934 4601 2078 4666 Quid

2190 4611 2255 4663 τὰ
2292 4610 2385 4663 τοῦ
2428 4612 2580 4675 Υἱοῦ,
2614 4612 2947 4683 ἀφεθήσεται
2980 4612 3155 4683 αὐτῷ·
3188 4613 3247 4676 ὃς
3279 4612 3325 4665 δ’
3359 4612 3425 4665 ἂν
3458 4614 3582 4683 εἴπῃ
3611 4609 3741 4673 λόγσν

493 4726 622 4779 ergo
654 4704 896 4762 nefarios
932 4702 1166 4755 Arianos
1207 4698 1505 4767 rejicimus.
1534 4696 1627 4763 qui
1657 4696 1858 4747 Filium
1888 4696 2083 4747 volunt

493 4816 613 4854 esse
665 4794 983 4851 inferiorem
1043 4800 1096 4843 et
1153 4790 1425 4841 minorem
1470 4785 1731 4854 Spiritu?
1784 4785 1895 4838 Cur
1953 4801 2082 4850 ergo

496 4891 666 4945 Filius
718 4889 851 4943 dicit
902 4903 914 4937 :
956 4872 1075 4951 Ego
1109 4890 1156 4933 et
1205 4878 1367 4932 Pater
1420 4894 1583 4931 unum
1631 4894 1813 4930 sumus
1846 4879 1922 4944 ’7;
1972 4886 2077 4931 et:

495 4982 599 5047 Qui
636 4996 737 5033 non
772 4978 999 5031 honorat
1034 4972 1255 5039 Filium,
1283 4988 1381 5023 non
1416 4969 1641 5021 honorat
1673 4978 1721 5021 et
1760 4967 1981 5021 Patrem
2007 4969 2073 5032 ης

495 5078 729 5143 itumque
761 5072 851 5126 hic
886 5070 959 5124 ait
998 5083 1010 5117 :
1041 5067 1347 5133 Quicunque
1376 5062 1573 5120 dixerit
1628 5064 1839 5113 verbum
1890 5069 2075 5113 contra

495 5166 719 5230 Filium,
750 5164 1047 5217 remittetur
1078 5158 1124 5210 ei
1157 5156 1240 5207 '9?
1272 5153 1410 5208 Num
1473 5153 1812 5222 blasphemia
1867 5153 1921 5205 in
1977 5152 2072 5205 Fi-

493 5262 623 5312 lium
660 5257 961 5312 condonata
995 5265 1076 5308 est
1113 5248 1354 5312 Arianis,
1401 5245 1761 5308 Simonianis,
1791 5244 2063 5299 Sabellia-

491 5354 596 5411 nis,
647 5348 1030 5413 Photiuianis,
1075 5341 1403 5408 ueterisque
1439 5338 1736 5399 omnibus,
1784 5337 1875 5405 qui
1925 5336 2072 5390 blas—

564 5460 605 5491 ¹⁹
642 5460 678 5512 ll
710 5460 836 5514 Cor.
872 5475 945 5521 Iv,
983 5459 1068 5511 Π.
1148 5456 1197 5488 ὐ
1230 5452 1385 5505 Rom.
1418 5468 1509 5505 vui
1534 5491 1548 5510 ,
1583 5450 1668 5502 18.
1746 5450 1787 5480 ²¹
1819 5448 2004 5521 Matth.
2042 5466 2138 5515 xtl,
2179 5452 2269 5517 51,
2296 5454 2383 5507 '52.

493 5546 592 5592 xu,
622 5531 709 5584 56.
786 5531 829 5560 ”
856 5529 1040 5582 Matth.
1068 5546 1120 5595 v,
1145 5524 1240 5581 22.
1319 5526 1363 5553 “
1398 5523 1413 5575 Ι
1446 5524 1570 5576 Cor.
1607 5537 1680 5586 va,
1716 5522 1802 5574 lU.

1888 5520 1929 5550 ²⁷
1951 5518 2112 5573 Joan.
2158 5540 2211 5587 κ,
2252 5524 2341 5577 50.
2415 5527 2459 5558 ³⁸
2492 5526 2650 5583 Joan.
2681 5546 2730 5591 ν,
2763 5530 2854 5583 25.

2189 4703 2328 4755 κατὰ
2370 4704 2464 4756 τοῦ
2516 4704 2849 4775 Πνεύματος,
2887 4707 2990 4759 οὐκ
3052 4706 3381 4775 ἀφεθήσεται
3416 4703 3595 4773 αὐτῷ’
3624 4699 3739 4751 ὥστε

2188 4793 2425 4846 ἐλάττων
2460 4795 2607 4847 ἐστὶν
2636 4797 2664 4847 ὁ
2693 4796 2819 4860 Υἱὸς
2848 4798 2999 4867 παρὰ
3023 4795 3082 4850 τὸ
3116 4796 3337 4866 Πνεῦμα
3368 4794 3461 4847 καὶ
3488 4794 3575 4847 τὸν
3597 4786 3741 4843 Πατέ-

2192 4902 2275 4956 ρα.
2329 4886 2437 4937 Καὶ
2480 4886 2531 4938 τί
2578 4887 2761 4939 λοιπὸν
2825 4886 3244 4957 ἀποϐαλλόμεθα
3301 4888 3427 4950 τοὺς
3490 4880 3736 4956 μυσαροὺς

2201 4977 2531 5047 Ἀρειανοὺς,
2562 4980 2688 5041 τοὺς
2730 4980 3127 5049 σμικρύνοντας
3172 4978 3267 5032 καὶ
3308 4975 3737 5039 καταϐιϐἀζοντας

2182 5069 2273 5121 τὸν
2308 5069 2437 5121 Υἱὸν
2490 5070 2643 5139 παρὰ
2680 5072 2740 5123 τὸ
2772 5070 3026 5141 Πνεῦμας
3068 5071 3180 5124 Καὶ
3225 5070 3341 5135 πῶς
3371 5074 3399 5124 ὁ
3434 5070 3554 5132 Υἱὸς
3580 5066 3733 5131 λέγει·

2197 5160 2341 5228 Ἐγὼ
2370 5162 2467 5215 καὶ
2490 5165 2521 5215 ό
2551 5163 2753 5230 Πατὴρ
2785 5163 2853 5216 ἓν
2882 5164 3070 5232 ἐσμεν
3091 5180 3103 5192 ·
3141 5164 3324 5227 καὶ,Ὁ
3348 5162 3434 5232 μὴ
3458 5160 3625 5232 τιμῶν
3645 5154 3734 5208 τᾶν

2192 5250 2329 5303 Υὶὸν
2362 5252 2596 5322 οὐτιμᾲ
2634 5254 2741 5306 τὸν
2765 5254 3029 5322 Πατέρα·
3066 5254 3162 5309 καὶ
3208 5254 3367 5309 πάλιν
3407 5251 3626 5307 ἐνταῦθά
3645 5260 3731 5312 φην

2185 5359 2266 5393 σιν
2286 5358 2297 5371 ·
2338 5345 2434 5409 Ὃς
2464 5344 2540 5397 ἂν
2569 5344 2709 5412 εἴπῃ
2746 5347 2932 5415 λόγον
2959 5345 3110 5400 κατὰ
3148 5345 3253 5399 τοῦ
3278 5345 3441 5409 Υἱοῦ,
3473 5338 3732 5412 ἀφεθήσε⁶

2468 5458 2512 5527 ’Ῡ
2542 5456 2731 5513 ΙῙΟοΓι
2764 5474 2846 5518 Ill.
2873 5459 2925 5512 6-
3010 5460 3055 5491 ’³
3077 5459 3211 5513 Luc.
3246 5477 3346 5527 xu,
3375 5461 3429 5515 9.
3502 5460 3544 5490 “
3565 5452 3725 5509 Matth.

2938 5530 2983 5561 ³³
3012 5529 3202 5584 Matth.
3248 5546 3345 5596 xu,
3381 5530 3468 5584 32.

563 5641 672 5710 (2|)
706 5639 785 5693 Ex
812 5640 932 5693 cod.
969 5640 1125 5694 Colb.
1158 5636 1263 5694 254
1282 5635 1324 5700 ι,
1360 5634 1452 5704 qui
1493 5641 1575 5688 est
1633 5641 1821 5686 catena
1891 5634 1945 5684 in
1990 5631 2323 5690 Matt/avum.
2358 5637 2413 5692 in
2459 5640 2618 5696 editis
2656 5658 2873 5712 quoque
2916 5653 3230 5715 comparet,
3287 5644 3378 5699 sed
3425 5653 3605 5711 magna
3656 5627 3725 5686 sui

493 5722 644 5778 parte
685 5720 1011 5764 truncatum.
