3860 6220
188 235 316 290 1585

1294 233 1717 291 suasurum
1757 229 1823 285 lN
1865 199 2324 286 MATTH/EUM.

3295 238 3315 292 Ι
3325 236 3430 292 336

184 375 271 412 ται
306 357 500 421 abte};
555 358 672 428 Apa.
692 352 803 420 οὖν,
837 357 954 411 εἰπέ
989 377 1098 428 μοι,
1130 361 1162 430 ἡ
1192 361 1270 422 εἰς
1303 360 1392 412 τὸν
1422 359 1546 410 Υἰὸν
1582 357 1746 427 βλασ-

1858 353 2100 424 phemias
2173 336 2227 394 in
2295 348 2491 408 Christi
2550 354 2978 410 incarnationem
3048 355 3431 426 protulerunt?

184 451 356 521 φημία
399 450 876 522 σ’δγχωρηῦησεται
909 455 1019 515 τοῖς
1059 454 1374 524 ’Λρειανοῖς,
1427 453 1519 506 καὶ
1569 454 1752 523 Σιμω-

182 544 394 604 νιανοῖς,
429 541 520 594 καὶ
546 541 938 607 Σαϐελλιανοῖς,
965 545 1059 597 καὶ
1082 546 1474 610 Φωτεινιανοῖς,
1506 546 1602 600 καὶ
1637 547 1751 608 τοῖς

182 631 378 695 λοιποῖς
410 635 541 686 πᾶσι
569 635 680 696 τοῖς
703 636 781 697 εἰς
801 633 897 706 τὴν
926 635 1016 688 τοῦ
1048 636 1175 688 Υἰοῦ
1205 638 1478 710 σάρκωσιν
1510 637 1753 706 βλασφη-

186 728 450 796 μήσασιν;
490 728 705 796 Ἀπαγε
749 730 850 800 τῆς
881 732 1128 796 ἀτοπίας.
1177 734 1240 786 Εἰ
1272 734 1381 803 γὰρ
1422 736 1450 787 6
1475 734 1648 801 λέγων
1677 732 1754 804 τῷ

182 817 388 888 ἀδελφῷ
418 819 602 882 αὑτοῦ,
634 821 830 892 Μωρὲ,
861 822 1040 893 ἔνοχός
1068 826 1214 878 ἐστιν
1261 829 1340 889 εἰς
1386 827 1486 897 τὴν
1531 825 1754 893 γέενναν

181 912 266 962 τοῦ
297 910 486 980 πυρὸς,
515 912 594 974 εἰς
623 911 780 965 ποίαν
815 912 1016 979 λοιπὸν,
1049 917 1170 969 εἰπὲ
1207 935 1317 988 μοι,
1348 917 1573 984 γέενναν
1601 916 1751 984 γεέν-ρ

182 1019 274 1072 νης
316 1003 709 1074 ἐκϐληθήσεται
739 1006 767 1057 6
799 1005 971 1073 λέγων
1001 1008 1092 1060 τὸν
1135 1009 1266 1061 Θεὸν
1319 1008 1481 1062 αὑτοῦ
1525 1007 1750 1078 κτίσμα,

183 1095 272 1146 καὶ
298 1095 419 1164 ούχὶ
452 1095 585 1148 Θεοῦ
616 1097 762 1160 Υίὸν,
801 1098 935 1151 ἀλλὰ
966 1099 1151 1152 δοῦλον
1199 1100 1294 1152 καὶ
1341 1100 1608 1171 ὑπουργὸν
1659 1100 1754 1152 καὶ

185 1188 407 1258 μικρόν;
437 1189 543 1242 Καὶ
569 1191 615 1242 εἰ
647 1191 794 1253 ὅστις
828 1191 956 1262 εἴπῃ
981 1192 1136 1261 λόγον
1165 1193 1306 1247 κατά
1329 1193 1422 1246 τοῦ
1461 1192 1614 1255 Υἰοῦ,
1651 1194 1755 1262 ἀφ-

182 1279 430 1348 εθήσεται
464 1280 632 1349 αύτῷ,
671 1281 788 1344 πῶς
817 1283 979 1346 αὐτὸς
1015 1285 1045 1342 6
1075 1283 1200 1348 Υἱὸς
1245 1280 1418 1347 εἶπεν,
1465 1285 1547 1336 ὅτι
1583 1283 1636 1336 Ὀ
1666 1283 1752 1353 μὴ

182 1369 409 1438 τρώγων
429 1389 546 1440 μου
571 1371 682 1439 τὴν
704 1372 920 1441 σάρκα,
946 1375 1044 1427 καὶ
1066 1376 1152 1444 μὴ
1183 1377 1374 1429 πίνων
1395 1395 1515 1446 μου
1553 1376 1620 1429 τὸ
1664 1371 1755 1429 αῖ-

177 1477 278 1528 μα,
303 1463 415 1514 οὐκ
439 1462 561 1530 ἔχει
585 1461 737 1530 ζωὴν
771 1464 1039 1528 αἰώνιον;
1067 1467 1192 1530 Πῶς
1213 1467 1269 1520 δὲ
1293 1468 1386 1522 καὶ
1405 1467 1628 1521 δύναταί
1648 1485 1753 1534 τις,

182 1551 458 1621 ἀτιμάζων
507 1553 597 1606 τὸν
646 1555 793 1619 Υἰὸν,
833 1557 906 1629 μὴ
955 1558 1296 1630 βλασφημεῖν
1341 1563 1420 1622 εἰς
1464 1559 1562 1631 τὴν
1594 1559 1756 1628 ἁγίαν

184 1643 418 1714 Τριάδα;
456 1647 511 1699 '0
530 1647 585 1699 δὲ
614 1649 692 1710 εἰς
733 1649 901 1718 αὐτὴν
943 1650 1277 1723 βλασφημῶν
1307 1653 1546 1722 δηλονότι
1577 1653 1754 1724 ἁπαρ·
1784 1701 1826 1754 Β

183 1739 344 1790 νεῖται
376 1738 436 1790 τὸ
459 1739 610 1806 ἅγιον
643 1740 922 1812 βάπτισμα
943 1759 956 1771 ⁸
987 1745 1014 1796 6
1037 1743 1094 1798 δὲ
1120 1741 1278 1796 τοῦτο
1309 1743 1718 1816 ἀπαρνούμενος
1735 1785 1750 1807 ς

182 1825 240 1877 τὸ
266 1825 487 1896 Πνεῦμα
529 1829 591 1881 τὸ
631 1829 782 1898 ἆγιον
819 1831 1128 1885 ἀποδύεται.
1162 1835 1272 1886 Καὶ
1316 1833 1502 1906 ὥσπερ
1537 1834 1629 1887 ἐπὶ
1659 1833 1753 1886 τοῦ

184 1915 432 1985 αἰσθητοῦ
460 1918 628 1988 ἡλίου,
665 1921 759 1974 ἐὰν
787 1921 884 1992 τὴν
917 1923 1123 1994 θέρμην
1161 1924 1192 1996 ἢ
1228 1925 1327 1996 τὴν
1371 1927 1560 1980 ἀκτῖνα
1590 1923 1753 1978 αὐτοῦ

184 2007 534 2081 καθυϐρίσης,
580 2012 657 2074 εἰς
702 2012 829 2083 ὅλην
872 2013 970 2084 τὴν
1004 2014 1164 2084 φύσιν
1198 2016 1362 2070 αὐτοῦ
1407 2017 1690 2089 ἀνατρέχει
1719 2017 1753 2086 ἡ

187 2097 366 2169 ὕϐρις·
403 2100 575 2164 οὕτως
606 2103 698 2156 καὶ
729 2104 822 2156 ἐπὶ
845 2105 938 2156 τοῦ
967 2105 1242 2177 τρισηλίου
1271 2109 1370 2178 τῆς
1397 2107 1557 2177 ἁγίας
1587 2110 1628 2161 Τ
1634 2105 1756 2178 ριά-

183 2189 267 2254 δος
288 2193 462 2261 φωτὸς
491 2196 582 2247 καὶ
607 2197 901 2267 μυστηρίου
930 2199 962 2268 ἡ
988 2198 1086 2266 τῆς
1116 2201 1245 2270 μιᾶς
1268 2201 1616 2265 ὑποστάσεως
1636 2204 1755 2257 ἀτι-

189 2283 283 2352 μία
317 2286 512 2348 παντὸς
539 2287 632 2340 τοῦ
668 2289 1028 2360 πληρώματος
1053 2293 1152 2363 τῆς
1179 2292 1428 2364 Θεότητός
1461 2296 1606 2348 ἐστιν
1636 2298 1756 2351 ἀτι-

189 2375 300 2444 μία.
341 2377 405 2430 Τί
438 2374 531 2432 οὖν
569 2382 683 2433 ἐστι
723 2381 784 2433 τὸ
828 2382 963 2452 πρὸς
1007 2383 1290 2449 Ἰουδαίους
1332 2385 1643 2456 λεγόμενον,
1673 2389 1754 2441 ὅτι

184 2465 356 2522 Πᾶσα
395 2470 650 2538 ἁμαρτία
699 2472 798 2526 καὶ
836 2475 1201 2544 ,ϐλασφημία
1266 2477 1388 2542 τοῖς
1427 2479 1756 2547 ἀνθρώποις

186 2559 571 2627 ἀφεθήσεταιο
601 2565 669 2630 ὃς
702 2565 754 2618 δ’
785 2566 860 2621 ἂν
893 2568 1032 2637 εἴπῃ
1061 2571 1248 2638 λόγον
1269 2569 1422 2624 κατὰ
1475 2571 1582 2624 τοῦ
1622 2572 1756 2626 Υἰοῦ

187 2654 286 2707 τοῦ
313 2657 649 2724 ἀνθρώπου,
687 2661 1048 2730 ἀφεθήσεται
1081 2662 1240 2729 αὐτῷ
1260 2682 1272 2696 ·
1321 2665 1388 2731 ὃς
1419 2665 1471 2718 δ’
1499 2666 1574 2719 ἂν
1613 2667 1754 2735 εἴπῃ

137 2799 145 2809 _
186 2749 363 2816 λόγον
382 2751 531 2802 κατὰ
556 2750 661 2804 τοῦ
686 2753 1028 2820 Πνεύματος
1042 2754 1232 2824 ἁγίου,
1260 2756 1369 2808 οὐκ
1388 2755 1756 2824 ἀφεθήσεται

187 2832 354 2902 αὐτῷ’
373 2840 512 2892 οὔτε
537 2839 606 2892 ἐν
630 2839 710 2905 τῷ
730 2841 847 2895 νῦν
877 2842 1044 2896 αἰῶνι
1073 2845 1211 2898 οὔτε
1233 2845 1302 2898 ὲν
1333 2845 1412 2911 τῷ
1445 2847 1752 2916 μέλλοντι.

188 2929 464 3000 Νουνεχῶς
505 2930 845 3002 ἀκούσωμεν,
882 2935 974 2987 καὶ
1027 2935 1100 3006 μὴ
1145 2936 1528 3008 πλανηθῶμεν.
1571 2940 1758 2992 Διττὸν

187 3014 319 3072 εἶναι
339 3021 429 3074 τὸν
451 3021 684 3092 Χριστὸν
713 3022 848 3092 μετὰ
867 3023 966 3095 τὴν
996 3025 1271 3096 ἄφραστον
1298 3027 1510 3093 ἕνωσιν,
1538 3029 1678 3099 φημὶ
1701 3029 1757 3081 δὲ

187 3110 249 3162 ἐκ
286 3110 537 3182 Θεότητος
569 3112 664 3166 καὶ
711 3113 1145 3186 ἀνθρωπότητος,
1179 3117 1234 3169 αἰ
1281 3117 1422 3188 ἱεραὶ
1469 3119 1599 3188 ἡμῖν
1643 3119 1758 3171 δια-

188 3201 346 3257 ϐοῶσι
395 3203 640 3274 Γραφαί·
686 3205 746 3257 '0
785 3206 894 3276 γὰρ
925 3207 1118 3276 Λόγος
1153 3207 1309 3277 σὰρξ
1356 3208 1612 3278 ἐγένετο.
1645 3210 1758 3281 Τὴν

186 3292 310 3359 γοῦν
361 3294 457 3348 τοῦ
503 3295 678 3363 Λόγου
725 3293 953 3364 Θεότητα
990 3296 1019 3346 ὁ
1067 3296 1228 3360 αὐτὸς
1271 3298 1506 3368 Χριστὸς
1532 3299 1758 3369 Πνεῦμα

189 3380 337 3448 ᾶγιον
357 3381 636 3454 ὀνομάζει,
659 3381 802 3436 καθὰ
830 3383 923 3436 καὶ
947 3383 1085 3455 πρὸς
1109 3384 1206 3456 τὴν
1230 3386 1560 3457 Σαμαρεῖτιν
1583 3388 1758 3455 ἔλεγε,

187 3476 423 3545 Πνεῦμα
473 3478 506 3530 ό
555 3475 729 3541 Θεός’
763 3475 864 3546 τὴν
907 3475 963 3528 δὲ
1011 3475 1404 3548 ἅνθρωπότητα
1437 3479 1598 3532 αὑτοῦ
1632 3463 1760 3532 Υῶν

189 3566 468 3639 ἀνθρώπου
490 3584 504 3598 ·
542 3567 672 3622 Νῦν
699 3568 825 3640 γὰρ,
859 3569 1040 3638 φησὶν,
1070 3567 1368 3636 ἐδοξάσθη
1412 3573 1444 3623 ό
1492 3571 1623 3636 Υἱὸς
1654 3573 1760 3625 τοῦ

189 3656 519 3725 ἀνθρώπου.
558 3659 622 3711 Οί
655 3654 750 3712 οὖν
794 3659 880 3713 ἀεὶ
909 3659 986 3730 τῷ
1017 3659 1135 3730 Θεῷ
1167 3659 1596 3730 προσκρούοντες
1635 3663 1763 3714 ’1ου-

188 3745 316 3800 δαῖοι
337 3749 519 3818 διττὴν
542 3749 678 3820 πρὸς
703 3749 934 3820 Χριστὸν
964 3750 1060 3821 τὴν
1086 3749 1429 3820 βλασφημίαν
1446 3750 1756 3822 ἐκέκτηντο·

187 3839 236 3887 :12
270 3840 363 3910 μὲν
396 3839 507 3911 γὰρ
536 3843 601 3910 τῇ
638 3841 802 3913 σαρκὶ
849 3840 1038 3904 αὑτοῦ,
1086 3842 1252 3912 ἤγουν
1395 3840 1507 3911 Υἱῷ
1535 3840 1628 3894 τοῦ
1663 3843 1760 3898 ἁν-

191 3927 400 3999 Ορώπου
433 3933 886 4003 προσκόπτοντες,
905 3934 1188 4004 προφήτην
1209 3932 1389 3997 αὐτὸν,
1409 3933 1520 3985 ἀλλ’
1543 3934 1604 3986 ού
1629 3933 1760 3986 Θεὸν

190 4016 321 4075 εἶναι
353 4024 623 4094 ἐνόμιζον,
661 4023 754 4078 καὶ
787 4025 957 4093 φάγον
989 4024 1150 4078 αὑτὸν
1179 4024 1272 4076 καὶ
1317 4024 1597 4095 οἰνοπότην
1628 4025 1758 4078 sxu-

187 4111 326 4180 λουν,
356 4113 436 4182 οἷς
481 4115 575 4170 καὶ
622 4115 948 4188 συγγνώμην
990 4116 1221 4169 ἔδωκεν·
1257 4115 1398 4188 ἀρχὴ
1437 4116 1543 4188 γὰρ
1571 4113 1637 4190 ἦν
1665 4118 1758 4172 τοῦ

189 4206 553 4277 κηρύγματος,
585 4205 678 4258 καὶ
726 4204 877 4258 οὔπω
925 4205 1118 4276 ἐχώρει
1161 4207 1190 4258 6
1239 4206 1442 4277 κόσμος
1488 4208 1621 4260 Θεὸν
1670 4225 1761 4261 πι-

191 4298 390 4353 στεύειν
434 4300 723 4369 γενόμενον
769 4297 1072 4369 ἄνθρωπον.
1107 4298 1198 4352 Διό
1229 4317 1392 4370 φησιν
1435 4301 1463 4352 6
1505 4300 1757 4372 Χριστὸς,

1853 445 2036 515 Apage
2074 442 2221 496 hanc
2258 441 2664 501 absurditatem.
2690 444 2822 500 Nam
2866 447 2912 501 si
2945 447 2992 500 is
3021 448 3115 517 qui
3143 446 3299 503 lratri
3328 465 3431 504 suo

1853 537 2011 602 dicit,
2041 535 2219 590 Fatue
2239 575 2252 599 ,
2303 551 2429 592 reus
2465 547 2550 592 est
2577 538 2838 608 gehennai
2865 537 3038 609 ignis;
3071 541 3309 610 qualem,
3339 542 3428 596 dic

1853 627 2022 693 mihi,
2050 628 2104 681 in
2137 625 2440 696 gehennam
2469 629 2730 699 gehennae
2761 631 3051 699 projicitur
3082 632 3128 684 is
3149 632 3243 700 qui
3272 631 3428 686 affir-

1853 732 1966 775 mat
2001 720 2169 775 Deum
2207 737 2367 776 suum
2408 731 2720 776 creaturam
2753 739 2910 787 esse;
2952 737 3063 777 non
3088 722 3284 778 Filium
3309 724 3428 790 Dei,

1854 813 1950 868 sed
1990 829 2244 879 servum,
2294 814 2388 868 sed
2437 814 2858 880 administrum,
2891 824 2946 870 et
2984 817 3251 885 parvum?
3285 815 3351 870 Et
3382 818 3430 873 si

1853 905 1947 973 qui
1999 905 2198 959 dixerit
2249 905 2472 959 verbum
2517 915 2704 960 contra
2739 905 2938 960 Filium
2961 948 2976 973 ,
3012 908 3318 962 remittetur
3341 909 3426 976 ei;

1854 995 2128 1067 quomodo
2161 996 2275 1065 ipse
2303 994 2472 1050 Filius
2498 995 2636 1050 dixit
2655 1015 2668 1050 :
2690 996 2794 1062 Qui
2823 1013 2924 1050 non
2945 997 3229 1052 manducet
3258 1015 3429 1053 meam

1850 1103 2086 1152 carnem,
2117 1103 2207 1139 nec
2236 1085 2363 1139 bibit
2400 1102 2570 1140 meum
2611 1089 2938 1157 sanguinem,
2975 1104 3082 1142 non
3107 1089 3314 1143 [rubebit
3349 1093 3428 1143 vi-

1856 1192 1967 1235 tam
2013 1191 2263 1234 aeternam
2295 1179 2379 1231 δοῖ
2410 1179 2658 1248 Autqui,
2689 1194 2898 1248 quaeso,
2932 1180 3107 1250 possit
3143 1181 3237 1251 qui
3273 1181 3431 1253 igno-

1854 1273 2024 1328 minia
2063 1272 2230 1327 afﬁcit
2272 1271 2468 1326 Filium
2489 1313 2504 1339 ,
2537 1287 2646 1325 non
2678 1271 3057 1341 hlasphcmare
3091 1273 3145 1327 in
3177 1285 3425 1328 sanctam

1855 1366 2208 1420 Trinitatem?
2259 1363 2364 1429 Qui
2399 1379 2528 1418 vero
2559 1364 2613 1417 in
2657 1378 2778 1417 eam
2808 1363 3129 1433 blasphema
3181 1363 3333 1432 dicit,
3380 1365 3429 1420 is

1855 1457 2000 1511 haud
2057 1455 2221 1509 dubie
2268 1454 2501 1523 abnegat
2554 1460 2804 1508 sanctum
2855 1452 3160 1522 baptisma;
3221 1469 3285 1508 ac
3327 1456 3424 1525 qui

1855 1549 2189 1617 baptismum
2212 1554 2396 1617 negat,
2425 1544 2670 1616 profecto
2687 1544 2950 1614 Spiritum
2975 1555 3225 1601 sanctum
3249 1550 3416 1603 exuit.

1858 1639 1924 1694 Et
1949 1637 2408 1710 quemadmodum
2453 1637 2510 1690 iu
2563 1636 2677 1690 sole
2708 1637 2812 1692 isto
2843 1637 3130 1702 sensibili,
3170 1639 3217 1694 si
3252 1641 3421 1701 calori

1859 1731 2094 1786 radiisve
2131 1730 2251 1799 ejus
2291 1729 2680 1784 contumeliam
2717 1726 2915 1784 feceris
2936 1770 2950 1794 ,
2979 1729 3034 1782 in
3067 1739 3235 1786 totam
3267 1742 3425 1788 natu-

1861 1838 1978 1877 ram
2011 1823 2143 1877 solis
2177 1821 2372 1876 recidit
2427 1819 2745 1890 hujusmodi
2796 1822 3167 1886 contumelia;
3197 1824 3273 1878 ita
3299 1841 3434 1894 quo-

1859 1929 1967 1985 que
2011 1929 2071 1968 se
2115 1929 2202 1968 res
2247 1913 2410 1966 habet
2451 1911 2505 1964 in
2555 1910 2844 1981 trigemino
2883 1912 2999 1967 sole
3047 1913 3332 1971 Trinitatis
3377 1928 3432 1972 et

1859 2005 2102 2077 mysterii
2134 2024 2146 2059 :
2174 2003 2501 2059 contumelia
2553 2002 2608 2056 in
2653 2017 2820 2056 unam
2865 2017 3154 2072 personam
3194 2007 3429 2076 prolata,

1859 2097 2195 2166 blasphemia
2229 2103 2313 2150 est
2343 2095 2396 2149 in
2426 2093 2741 2148 universam
2770 2093 3160 2163 plenitudinem
3185 2097 3427 2164 deitatis,

1860 2188 2001 2254 Quid
2064 2189 2228 2254 igitur
2282 2187 2386 2241 sibi
2442 2186 2559 2240 vult
2609 2185 2817 2239 dictum
2872 2185 3004 2241 illud
3053 2187 3122 2242 ad
3165 2187 3426 2246 Iudaeos:

1864 2282 2028 2338 Omne
2047 2289 2316 2350 peccatum
2345 2290 2394 2332 et
2424 2278 2746 2347 blasphemia
2773 2279 3068 2333 remittetur
3094 2281 3390 2338 hominibus
3409 2302 3428 2339 :

1859 2385 1908 2428 et
1933 2375 2224 2445 quicunque
2249 2372 2443 2424 dixerit
2480 2371 2692 2424 verbum
2720 2380 2907 2423 contra
2943 2368 3149 2426 Filium
3182 2374 3427 2436 hominis.

1862 2468 2157 2520 remittetur
2186 2465 2272 2528 ei;
2305 2466 2395 2533 qui
2425 2473 2601 2515 autem
2625 2463 2820 2516 dixerit
2854 2465 3062 2518 verbum
3094 2477 3279 2520 contra
3307 2467 3432 2537 Spi-

1862 2557 2021 2610 ritum
2053 2562 2314 2618 sanctum,
2339 2569 2443 2606 non
2473 2555 2770 2606 remittetur
2796 2555 2864 2618 ei,
2905 2571 3065 2626 neque
3098 2557 3154 2610 in
3195 2557 3291 2611 hoc
3332 2576 3432 2614 διε-ν

1863 2649 1980 2703 culo
2009 2663 2170 2717 neque
2204 2647 2257 2698 in
2294 2648 2474 2713 futuro
2497 2642 2564 2698 “.
2597 2642 2900 2701 Prudenter
2921 2647 3232 2713 audiamus,
3268 2659 3321 2703 et
3364 2667 3431 2705 ne

1862 2741 2210 2796 seducamur.
2257 2737 2536 2803 Duplicem
2571 2750 2692 2791 esse
2727 2735 3005 2791 Christum
3043 2749 3166 2808 past
3207 2739 3430 2796 inenar-

1862 2833 2089 2888 rabilem
2118 2831 2375 2884 unionem
2398 2867 2414 2892 ,
2447 2828 2570 2882 dico
2611 2837 2790 2882 autem
2826 2845 2892 2883 ex
2923 2829 3124 2884 deitate
3149 2840 3204 2886 et
3238 2833 3432 2886 huma-

1865 2924 2052 2988 nitate,
2086 2937 2255 2976 sacrm
2291 2921 2451 2977 nobis
2491 2921 2729 2976 clamant
2772 2920 3067 2991 Scriptum
3095 2941 3107 2975 :
3137 2939 3262 2977 nam
3313 2923 3434 2978 Ver-

1787 3044 1828 3102 ρ
1865 3019 1980 3071 bum
2021 3032 2146 3069 caro
2183 3016 2383 3084 factum
2427 3023 2503 3067 est
2530 3013 2594 3068 ²¹.
2627 3011 2890 3068 Deitatem
2941 3029 3072 3085 ergo
3103 3013 3267 3071 Verbi
3316 3018 3432 3088 ipsc

1861 3111 2110 3165 Christus
2141 3107 2404 3177 Spiritum
2436 3115 2690 3161 sanctum
2743 3106 3018 3175 appellat,
3071 3109 3432 3177 quemadmo—

1859 3200 1989 3254 dum
2047 3198 2115 3251 ad
2169 3196 2575 3250 Samaritanam
2635 3195 2851 3251 locutus
2902 3207 3004 3260 est,
3064 3198 3298 3268 Spiritus
3357 3209 3433 3254 est

1859 3292 2000 3345 Deus
2023 3293 2095 3357 ³³;
2136 3291 2532 3345 humanitatem
2581 3304 2708 3344 vero
2749 3305 2936 3359 suam,
2964 3291 3166 3348 Filium
3195 3295 3433 3352 hominis

1859 3392 2058 3437 vocat:
2095 3379 2270 3447 Nunc,
2321 3381 2531 3450 inquit,
2565 3380 2893 3452 gloriﬁcatur
2943 3393 3021 3438 est
3065 3384 3243 3441 Filius
3275 3388 3436 3442 hami.

1862 3475 1942 3528 nis
1968 3473 2030 3526 “.
2072 3473 2244 3528 Judaei
2287 3473 2454 3543 igitur
2482 3472 2575 3542 qui
2623 3489 2837 3542 semper
2887 3476 3053 3532 Deum
3085 3478 3436 3535 oﬂenderunt

1861 3562 2095 3632 duplicis
2135 3563 2402 3617 adversus
2441 3561 2719 3616 Christum
2767 3563 3116 3633 blasphemiae
3169 3569 3244 3622 rei
3283 3581 3428 3629 sunt.

1863 3654 2110 3720 Quorum
2145 3653 2238 3707 alii
2281 3655 2333 3705 in
2364 3668 2582 3729 carnem
2621 3653 2762 3721 ejus,
2791 3655 2998 3710 scilicet
3028 3659 3082 3710 in
3107 3657 3304 3712 Filium
3336 3662 3433 3714 ho.

1860 3744 2058 3807 minis,
2115 3745 2460 3813 impingunt,
2516 3746 2868 3814 praphetam,
2928 3761 3037 3802 non
3085 3746 3256 3804 Deum
3309 3768 3432 3806 csso

1857 3835 2268 3898 existimantes;
2299 3851 2362 3889 ac
2389 3849 2644 3889 voracem
2671 3835 2826 3890 illum
2866 3846 2919 3890 et
2949 3848 3251 3906 potatorem
3274 3856 3434 3895 voca,

1859 3928 2325 3998 bant”:quihus
2376 3928 2588 3983 veniam
2641 3929 2810 3984 dedit.
2870 3929 3151 4001 Siquidem
3214 3933 3429 3988 initium

1858 4021 2262 4091 pratdicationis
2305 4028 2462 4087 erat,
2516 4021 2873 4092 nondumque
2933 4032 3146 4094 poterat
3193 4027 3430 4084 mundus

1858 4112 2028 4166 Deum
2055 4112 2205 4166 illurn
2241 4113 2495 4177 credere,
2528 4112 2623 4182 qui
2661 4113 2825 4168 homo
2859 4113 3036 4170 factus
3066 4114 3264 4172 fuerat.
3293 4117 3433 4174 llinc

1859 4203 2110 4260 Christus
2140 4205 2216 4259 ait
2245 4223 2256 4260 :
2290 4205 2598 4275 Quicunque
2627 4205 2826 4260 dixerit
2875 4207 3085 4260 verbum
3115 4219 3301 4264 contra
3336 4209 3435 4265 Fil-

1859 4297 1990 4350 lium
2011 4297 2260 4363 hominis,
2294 4297 2504 4352 scilicet
2523 4305 2711 4351 contra
2739 4312 2937 4368 corpus
2980 4314 3166 4364 suum,
3201 4305 3434 4355 remitte-

188 4389 264 4441 ὅτι
285 4392 377 4457 ’ος
396 4391 473 4445 ἂν
494 4391 634 4457 εἴπῃ
657 4389 842 4458 λόγον
857 4388 1006 4445 κατὰ
1021 4390 1126 4444 τοῦ
1153 4390 1289 4444 Υἱοῦ
1310 4391 1756 4460 τοῦάνᾷρώπου,

1867 4398 1954 4442 tur
2002 4389 2070 4443 ei.
2125 4387 2317 4443 Ausim
2344 4403 2562 4458 quoque
2590 4387 2804 4451 dicere,
2835 4403 3013 4458 neque
3053 4388 3199 4459 ipsos
3243 4391 3432 4447 beatos

189 4482 349 4552 ἤγουν
373 4481 467 4535 τοῦ
496 4481 742 4551 σώματος
765 4479 950 4545 αὑτοῦ,
979 4480 1342 4550 ἀφεθήσεται
1363 4481 1544 4547 αὐτῷ.
1565 4482 1760 4553 Τολμῶ

189 4572 294 4644 γὰρ
336 4573 536 4642 λέγειν,
561 4574 643 4626 ὅτι
675 4572 794 4624 οὐδὲ
838 4572 992 4624 αὐτοὶ
1033 4573 1082 4624 οἱ
1121 4573 1380 4644 μακάριοι
1429 4574 1668 4644 μαθηταὶ
1699 4575 1759 4628 τὸ

187 4659 385 4715 τέλειον
416 4660 542 4730 περὶ
571 4661 668 4731 τῆς
695 4658 859 4713 αὐτοῦ
888 4659 1138 4730 θεότητος
1171 4657 1316 4730 εἶχον
1351 4663 1622 4734 φρόνημα,
1653 4663 1759 4727 ἕως

189 4751 247 4804 τὸ
273 4754 496 4824 Πνεῦμα
518 4751 580 4806 τὸ
607 4753 760 4821 ἆγιον
788 4753 970 4815 αὐτοῖς
998 4755 1063 4822 τῇ
1093 4754 1436 4826 Πεντηκοστῇ
1465 4756 1758 4827 ὲπεφοίτη-

191 4845 469 4899 σεν.Ἐπεὶ
509 4845 601 4900 καὶ
633 4843 769 4916 μετὰ
807 4845 904 4915 τὴν
947 4845 1240 4899 ἀνάστασιν
1275 4845 1471 4910 ἰδόντες
1501 4847 1681 4910 αὐτὸν,
1708 4849 1758 4900 οἰ

195 4935 287 5003 μὲν
314 4935 744 5008 προσεκύνησαν,
771 4938 819 4990 οἱ
848 4937 904 4990 δὲ
934 4935 1217 4989 ἐδίστασαν
1242 4954 1255 4968 ·
1288 4937 1402 4991 ἀλλ’
1431 4940 1531 4991 οὐκ
1553 4941 1618 4993 ὲκ
1637 4939 1761 4992 τού⁴

195 5039 280 5077 του
331 5026 747 5097 κατεκρίοησαν.
790 5027 852 5079 Oi
896 5024 953 5078 δὲ
1001 5025 1081 5087 εἰς
1131 5024 1192 5078 τὸ
1236 5026 1461 5098 Πνεῦμα
1493 5027 1552 5080 τὸ
1585 5027 1758 5095 ἆγιον,

195 5115 352 5186 ἤγουν
379 5121 478 5182 ῗείς
506 5118 602 5188 τὴν
641 5116 736 5170 τοῦ
779 5117 1015 5188 Χριστοῦ
1047 5117 1299 5190 Θεότητα,
1337 5118 1763 5191 βλασφημήσαν-

195 5220 280 5270 τες
304 5209 393 5260 καὶ
420 5208 686 5277 λέγοντες,
719 5209 799 5261 ὅτι
838 5208 940 5262 Ἐν
966 5207 1324 5268 Βεελζεϐοὺλ
1361 5207 1605 5277 ἄρχοντι
1642 5208 1758 5262 τῶν

195 5295 508 5369 δαιμονίων
526 5299 805 5356 ἐκϐάλλει
829 5301 901 5356 τὰ
918 5300 1209 5370 δαιμόνια,
1237 5300 1336 5353 οὐκ
1360 5299 1608 5368 ἀφίενται
1635 5299 1758 5353 οὔτε

195 5388 249 5440 ὲν
279 5391 356 5462 τῷ
387 5392 480 5446 νῦν
508 5392 663 5446 αἰῶνι
689 5391 810 5446 οὔτε
841 5392 900 5444 ὲν
932 5391 1010 5463 τῷ
1039 5391 1303 5462 μέλλοντι.
1323 5389 1758 5460 Ἐπισημειώσα·

243 5594 283 5625 ³ο
309 5595 468 5651 Joan.
507 5614 586 5658 vl.
607 5596 696 5652 54.
783 5597 824 5628 ³⁸
845 5597 1032 5653 Matth.
1052 5613 1152 5663 xu,
1179 5595 1270 5652 32.

194 5674 269 5731 XI,
317 5667 400 5722 l9.
460 5668 503 5700 “
538 5668 670 5722 Luc.
702 5683 778 5731 ιι,
816 5667 904 5721 15.

469 5765 740 5828 ΡΑτιιοι.
775 5764 894 5825 Gn.
929 5761 1192 5824 XXV“.

1347 5595 1392 5628 ⁸²
1421 5593 1576 5650 Joan.
1611 5610 1649 5661 l,
1685 5595 1770 5649 Η.

1864 4475 1985 4545 ejus
2033 4475 2363 4544 discipulos,
2409 4475 2701 4545 perfectam
2760 4476 2932 4546 ipsius
2983 4477 3284 4535 divinitatis
3335 4481 3434 4536 ha-.

1864 4567 2050 4622 huisse
2075 4567 2346 4632 notitiam,
2374 4567 2548 4622 donec
2579 4565 2816 4637 Spiritus
2841 4577 3064 4625 sanctus
3095 4569 3150 4624 in
3185 4570 3272 4626 die
3293 4570 3435 4627 Pen-.-

1864 4669 2102 4715 tecostes
2155 4660 2208 4713 in
2261 4659 2410 4728 ipsos
2468 4660 2695 4729 illapsus
2750 4669 2914 4716 eSSet.
2959 4659 3210 4733 Namque
3263 4664 3431 4720 etiam

1864 4761 1988 4822 post
2022 4752 2479 4807 resurrectionem
2525 4750 2772 4807 videntes
2802 4767 2952 4819 eum,
3011 4753 3102 4807 alii
3133 4753 3434 4810 adorarunt

1862 4859 2010 4908 eum,
2068 4842 2162 4896 alii
2217 4849 2398 4896 autem
2449 4841 2866 4910 dubitaverunt;
2922 4858 3022 4898 nec
3079 4843 3200 4899 ideo
3250 4853 3432 4899 tamen

1860 4933 2205 4992 condemnati
2255 4942 2402 4990 sunt.
2452 4932 2558 4998 Qui
2589 4947 2720 4987 vero
2757 4933 2813 4988 in
2861 4932 3126 5005 Spiritum
3154 4944 3429 5003 sanctum,

1859 5027 1973 5082 sive
2007 5026 2061 5080 in
2084 5023 2285 5079 Christi
2308 5023 2561 5078 deitatem
2586 5022 2901 5093 blasphema
2933 5026 3049 5080 haec
3070 5025 3217 5080 dicta
3243 5036 3434 5096 protu-

1858 5112 2078 5167 lerunt:
2115 5108 2180 5164 In
2226 5109 2524 5178 Beelzebul,
2561 5111 2793 5180 principe
2836 5111 3238 5180 dremoniorum,
3288 5115 3433 5183 ejicit

1864 5203 2126 5259 daemonia
2148 5202 2220 5268 ³⁶;
2248 5202 2317 5256 iis
2351 5215 2484 5256 sane
2515 5215 2624 5255 non
2653 5202 2979 5269 remittetur,
3014 5218 3193 5274 neque
3231 5206 3286 5259 in
3327 5205 3435 5260 hoc

1864 5298 2086 5364 saeculo,
2116 5311 2289 5366 neque
2316 5295 2370 5350 in
2411 5294 2616 5350 futuro.
2661 5294 3072 5352 Observandum
3114 5312 3280 5367 porro
3323 5307 3428 5363 est,

1863 5408 1974 5448 non
2009 5392 2214 5447 dixisse
2243 5388 2544 5454 Christum,
2591 5389 2984 5459 blasphemanti
3015 5403 3080 5444 ac
3106 5399 3294 5460 postea
3319 5405 3431 5462 pte-

1853 5592 2182 5660 ”Joan.rv,
2245 5595 2335 5649 24.
2452 5594 2500 5626 ³³
2549 5591 2711 5648 Joan.
2781 5609 2901 5663 sui,
2967 5593 3062 5649 56.
3164 5593 3209 5631 ³³
3241 5592 3430 5655 Matth,

2966 5735 3074 5817 ἰιι
