3860 6220
419 251 557 308 1387

1260 240 1319 300 S.
1360 239 1731 295 ATHANASII
1769 238 1920 293 OPP.
1965 236 2141 293 PARS
2178 237 2266 291 Ill.
2306 268 2372 276 ——
2412 233 2805 291 EXEGETICA.

3549 241 3568 294 Ι
3581 239 3690 295 388

415 370 609 424 nitenti
650 366 1027 424 remissionem
1076 358 1307 414 dandam
1352 372 1459 411 non
1496 372 1652 420 esse;
1707 355 1801 410 sed
1854 354 1993 408 blas-

2100 354 2221 406 σθαι
2243 354 2296 405 δὲ
2328 352 2455 423 χρὴ,
2477 354 2556 404 ὅτι
2589 353 2687 405 οὐκ
2709 346 2859 403 εἶπεν
2890 351 2917 402 6
2943 348 3197 421 Χριστὸς,
3226 348 3313 420 Τῷ
3346 346 3689 422 βλασφημῇ-

416 457 726 528 phemanti,
763 456 876 512 sive
922 455 975 507 in
1018 449 1354 520 blasphemia
1390 446 1759 517 perseveranti
1789 464 1801 499 :
1829 445 1994 513 siqui-

415 551 538 604 dem
557 548 829 616 condigna
854 541 1175 615 paanitentia
1203 548 1425 611 peccata
1446 538 1629 591 omnia
1656 537 1807 593 eluit.
1838 536 1992 601 Quod

416 652 599 696 autem
632 640 852 701 dicitur,
883 632 1279 703 blasphemiam
1329 630 1383 682 in
1434 628 1697 697 Spiritum
1743 636 1989 681 sanctum

415 746 593 801 neque
617 732 671 783 in
702 729 826 793 hoc,
856 739 1033 794 neque
1060 723 1112 775 in
1147 720 1334 774 futuro
1378 719 1579 773 szeculo
1616 717 1846 781 dimitti;
1878 717 1994 786 qui-

414 814 551 876 dam}
574 836 631 876 re
652 817 966 889 diligentius
998 812 1270 883 exquisita
1299 811 1510 875 dicunt,
1550 818 1787 880 quatuor
1816 808 1993 863 modis

416 922 766 982 peccatorum
823 907 1038 961 veniam
1084 902 1344 968 concedi;
1384 902 1599 956 duobus
1642 900 1751 965 hic,
1778 899 1993 954 duobus

416 1007 542 1061 item
598 1005 651 1058 in
710 1003 896 1056 futuro
959 997 1177 1053 saeculo.
1242 995 1379 1050 Cum
1446 994 1591 1048 enim
1646 1002 1991 1063 peccatorum

415 1096 593 1153 omnis
627 1093 886 1163 temporis
931 1088 1249 1145 meminisse
1293 1100 1403 1139 non
1453 1084 1765 1154 possimus,
1806 1091 1867 1137 ut
1904 1083 1991 1138 hic

414 1186 788 1257 paenitentiam
839 1182 1067 1253 quilibet
1117 1192 1278 1248 agerc
1326 1177 1535 1246 possit;
1583 1176 1788 1229 idcirco
1820 1173 1993 1227 Domi-

414 1299 518 1337 nus
559 1290 763 1345 noster,
805 1277 960 1332 nobis
1006 1275 1096 1329 hic
1133 1268 1512 1342 paenitentiam
1545 1283 1652 1322 non
1683 1268 1988 1337 agentibus,

412 1376 572 1439 duos,
605 1383 665 1427 ut
709 1372 916 1426 dictum
948 1375 1051 1432 est,
1101 1366 1156 1419 in
1188 1364 1371 1419 futuro
1414 1361 1750 1432 ptenitentia:
1797 1359 1989 1413 modos

411 1464 741 1537 procuravit.
795 1460 934 1515 Cum
980 1458 1105 1529 quis
1162 1456 1372 1511 scilicet
1426 1455 1570 1508 bona
1623 1449 1991 1505 indifferenter

410 1558 599 1626 egerit,
636 1555 750 1609 sive
792 1549 1167 1607 misericordia
1221 1557 1277 1602 ct
1325 1542 1806 1601 commiseratione
1844 1555 1988 1596 com-

410 1658 592 1703 motus
636 1646 691 1700 in
740 1645 1071 1717 proximum,
1122 1642 1237 1695 sive
1267 1639 1472 1709 quaevis
1496 1637 1602 1691 alia
1628 1633 1987 1691 humanitatis

410 1738 589 1793 oflicia
640 1734 980 1807 praestiterit;
1028 1748 1091 1786 ea
1140 1745 1304 1801 porro
1336 1729 1388 1782 in
1422 1726 1609 1781 futuro
1640 1725 1875 1792 saeculo,
1905 1724 1984 1793 ju-

409 1831 536 1885 dicii
571 1826 934 1898 tetnpore,1in
978 1839 1142 1895 quam
1175 1820 1587 1892 propendebunt
1610 1827 1817 1887 partem
1838 1857 1852 1883 ,
1888 1829 1982 1869 ve-

410 1922 556 1976 niam
589 1924 1009 1988 consequentur.
1053 1913 1118 1967 Et
1152 1914 1242 1968 hic
1264 1912 1482 1982 quidem
1523 1910 1732 1980 primus
1757 1916 1841 1963 est
1867 1922 1982 1961 mo-

409 2014 512 2065 dus
543 2029 556 2064 :
582 2009 856 2063 secundus
886 2020 1013 2060 vero
1044 2004 1090 2060 is
1128 2014 1234 2070 est,
1258 2017 1392 2057 cum
1432 2001 1557 2071 quis
1592 1999 1828 2069 peccatis
1852 2013 1979 2053 con-

410 2101 632 2155 strictus
652 2140 666 2164 ,
699 2098 885 2152 audita
913 2094 1127 2150 Domini
1148 2108 1288 2148 voce
1324 2090 1557 2147 dicentis
1589 2107 1604 2144 :
1642 2087 1820 2142 Nolite
1838 2088 1982 2157 judis

410 2208 549 2256 care,
570 2202 745 2245 utnon
764 2188 1103 2257 judicemini,
1136 2186 1203 2241 de
1229 2185 1450 2240 nemine
1472 2182 1741 2253 judicare,
1772 2181 1983 2236 exami-

409 2298 539 2343 nato
561 2290 683 2342 vita:
711 2286 981 2348 instituto,
1029 2298 1231 2348 ausus;
1265 2288 1452 2351 utpote
1492 2281 1669 2334 cultor
1705 2274 1979 2346 prazcepti,

411 2396 586 2451 neque
618 2382 732 2450 ipse
760 2378 1057 2449 iudicatur.
1088 2374 1277 2445 Neque
1303 2373 1451 2429 enim
1482 2369 1727 2426 mandati
1759 2368 1842 2423 sui
1877 2368 1981 2421 im-

410 2487 619 2527 memor
663 2482 746 2526 est
792 2470 882 2524 ille
925 2467 1330 2522 veracissimus.
1378 2463 1600 2518 Duobus
1647 2468 1828 2515 autem
1861 2458 1982 2513 aliis

408 2562 589 2617 modis
622 2562 710 2616 hic
736 2559 897 2615 venia
924 2559 1233 2623 obtinetur;
1263 2570 1385 2611 cum
1410 2553 1535 2623 quis
1558 2551 1816 2605 nimirum
1850 2562 1977 2618 pec-

407 2653 545 2707 catis
567 2652 857 2714 obnoxius,
894 2648 1075 2703 divina
1100 2646 1451 2716 dispensante
1478 2640 1845 2713 providentia,
1877 2638 1981 2691 mi-

408 2743 587 2809 seriis,
615 2742 877 2797 :erumnis
911 2739 1225 2808 morbisque
1251 2735 1531 2806 affligitur.
1557 2732 1717 2787 Modo
1745 2745 1981 2800 namque

405 2834 513 2894 sibi
543 2833 745 2903 ignoto,
772 2832 869 2885 Jtis
896 2846 928 2884 a
967 2828 1078 2883 Deo
1116 2836 1399 2897 purgatur.
1441 2824 1508 2879 Et
1540 2825 1584 2879 si
1614 2822 1833 2895 quidem
1865 2831 1982 2875 ten-

404 2935 553 2981 \atus
584 2922 785 2992 gratias
808 2927 979 2990 agat,
1020 2917 1327 2972 mercedem
1371 2914 1444 2970 ob
1474 2914 1775 2984 gratiarum
1810 2909 1983 2965 actio-

406 3030 531 3071 ncm
578 3014 807 3084 accipit;
853 3014 937 3067 sin
976 3027 1035 3066 se
1065 3011 1334 3080 ingratum
1372 3007 1643 3076 praebeat,
1685 3003 1753 3059 de
1786 3001 1978 3057 iisdem

407 3106 644 3175 peccatis
667 3120 898 3173 quorum
924 3118 1086 3157 causa
1103 3100 1420 3169 corripitur,
1447 3100 1645 3152 iterum
1668 3095 1978 3166 judicatur:

410 3210 741 3264 .nsuperque
768 3195 977 3249 debitas
1022 3194 1233 3263 ingrato
1272 3191 1456 3245 animo
1498 3204 1687 3259 poenas
1718 3189 1866 3242 luere
1890 3202 1983 3241 co-

408 3286 571 3355 gitur.
605 3285 770 3355 Igitur
817 3292 1035 3353 peccata
1077 3285 1131 3335 in
1188 3281 1439 3335 homines
1485 3280 1747 3343 admissa,
1798 3277 1983 3331 multis

408 3384 638 3442 possunt
675 3374 981 3427 rationibus
1011 3370 1309 3426 condonari
1342 3387 1354 3423 :
1385 3385 1509 3423 nam
1555 3369 1603 3423 si
1649 3370 1774 3437 quis
1802 3369 1854 3422 in
1882 3368 1983 3422 ho-

407 3464 610 3519 minem
652 3479 910 3535 peccans,
941 3464 1007 3519 dc
1047 3463 1153 3517 alio
1190 3460 1407 3515 homine
1442 3461 1578 3515 bene
1609 3468 1899 3523 mereatur,
1934 3458 1981 3513 is

406 3570 571 3629 quam
604 3557 656 3609 in
684 3566 933 3611 naturam
961 3556 1203 3626 peccavit
1232 3555 1411 3610 cidem
1447 3561 1659 3607 natura:
1692 3550 1977 3607 satisfecit.

409 3649 515 3704 Sed
561 3649 895 3719 blasphemia
942 3650 994 3702 in
1052 3647 1317 3717 Spiritum
1373 3647 1517 3717 (qua:
1552 3643 1841 3699 infidelitas
1874 3652 1977 3702 est.

408 3738 610 3794 nullam
631 3777 648 3805 ,
692 3740 798 3795 nisi
830 3740 952 3809 quis
992 3737 1165 3791 fidelis
1197 3736 1491 3801 efficiatur,
1520 3736 1735 3790 veniam
1781 3735 1980 3790 admit-

407 3830 571 3902 tens),
614 3840 802 3901 utpote
844 3831 1136 3900 impietatis
1183 3839 1237 3885 et
1288 3828 1625 3882 infidelitatis
1668 3836 1978 3896 peccatum,

408 3935 585 3992 aeque
616 3922 671 3975 in
708 3923 843 3989 hoc,
880 3937 1054 3991 neque
1082 3922 1136 3975 in
1186 3919 1371 3975 futuro
1407 3918 1611 3974 saeculo
1650 3918 1975 3975 dimittetur.

848 4013 1126 4067 Athanasii
1154 4010 1534 4075 Alexandrini,

996 4102 1069 4160 De
1110 4105 1383 4160 lunaticis.

480 4196 717 4260 Domine,
752 4213 993 4252 miserere
1022 4196 1134 4267 ﬁlio
1165 4214 1277 4251 meo
1297 4238 1313 4263 ,
1342 4201 1468 4269 quia
1496 4200 1762 4253 lunattcus
1798 4206 1897 4263 est,
1928 4204 1977 4251 et

406 4292 544 4343 male
575 4290 859 4359 patitur".
907 4288 1207 4353 Lunaticis,
1240 4304 1352 4344 non
1398 4290 1529 4345 luna
1560 4290 1785 4344 insaniae
1812 4302 1978 4343 causa

2099 462 2247 498 σαντι
2300 445 2393 497 καὶ
2428 446 2814 514 μετανοήσαντι
2858 442 2957 494 ούκ
2987 441 3355 511 ἀφεθήσεται·
3404 442 3544 494 ἀλλὰ
3588 444 3685 513 Τῷ

2096 535 2524 607 βλασφημούντι,
2556 537 2653 587 εἴτ’
2688 530 2779 587 οὖν
2813 533 3125 603 ὲπιμένοντι
3155 534 3220 602 τῇ
3258 532 3605 603 βλασφημίᾳ.
3625 533 3691 585 'H

2094 628 2199 701 γὰρ
2230 628 2508 696 ἀξιόλογος
2542 628 2799 698 μετάνοια
2827 627 3005 679 πάντα
3032 624 3146 677 λύει
3186 624 3252 677 τά
3282 625 3687 697 ἁμαρτήματα.

2094 721 2205 790 (22)
2238 720 2311 772 Τὸ
2338 720 2393 773 δὲ
2428 720 2562 790 μήτε
2594 719 2829 771 ἐνταῦθα
2867 718 3122 785 ἀφίεσθαι
3155 717 3231 787 τῷ
3260 720 3341 780 είς
3366 718 3428 771 τὸ
3456 717 3691 786 Πνεῦμα

2096 812 2567 882 βλασφημήσαντι,
2608 813 2742 881 μήτε
2791 813 2847 864 ὲν
2893 809 2970 880 τῷ
3007 810 3274 880 μέλλοντι,
3302 809 3448 872 τινὲς
3493 808 3689 872 ἐξετά-

2094 903 2275 965 ζοντες
2307 921 2442 971 φασι
2468 903 2738 974 τέσσαρας
2770 898 2911 956 εἶναι
2942 904 3176 974 τρόπους
3197 904 3261 955 δι’
3293 897 3369 956 ὧν
3398 902 3691 972 συγχώρη-

2094 1014 2176 1059 σις
2210 997 2623 1066 ἁμαρτημάτων
2660 997 2903 1063 γίνεταιο
2937 994 3029 1047 δύο
3072 993 3326 1057 ἐνταῦθα,
3362 994 3456 1046 καὶ
3494 992 3597 1045 δύο
3629 996 3689 1044 ὲν

2091 1089 2168 1159 τῷ
2204 1088 2702 1159 μέλλοντι.Ἐπειδὴ
2752 1089 2860 1159 γάρ
2911 1088 3013 1140 οὐκ
3059 1088 3363 1155 ἐφικνεῖται
3404 1087 3437 1155 ἡ
3488 1086 3686 1155 μνήμη

2089 1181 2210 1235 ὅλου
2253 1181 2442 1252 χρόνου
2485 1179 2841 1251 μνημονεύειν
2884 1179 2950 1232 τά
2984 1177 3297 1248 σφάλματα,
3326 1177 3413 1229 ἵνα
3441 1176 3686 1230 ἐνταῦθα

2094 1277 2399 1348 μετανοήσῃ
2444 1277 2472 1327 ὁ
2516 1272 2819 1343 ἄνθρωπος,
2854 1270 3171 1341 ᾠκονόμησε
3202 1266 3607 1339 φιλανθρώπως
3656 1273 3687 1322 ὁ

2088 1366 2293 1438 Κύριος
2320 1364 2476 1436 ἡμῶν
2508 1365 2581 1435 μὴ
2610 1362 3012 1434 μετανοούντων
3035 1361 3271 1432 τρόπους
3305 1360 3599 1431 μετανοίας
3623 1361 3684 1411 ὲν

2092 1460 2190 1530 μὲν
2215 1458 2293 1529 τῷ
2325 1457 2591 1529 μέλλοντι,
2615 1456 2690 1519 ὡς
2722 1456 2959 1525 εἴρηται,
2992 1453 3116 1505 δύο·
3152 1454 3280 1505 ὅταν
3326 1469 3411 1515 τις
3451 1451 3685 1520 ἀδιαφό-

2092 1568 2198 1622 ρως
2240 1548 2676 1620 ἀγαθοεργήσας,
2708 1545 2818 1598 εἶτε
2852 1546 2932 1607 εἰς
2960 1538 3139 1596 οἶκτον
3172 1544 3279 1595 καὶ
3328 1542 3681 1613 συμπάθειαν

2088 1639 2223 1712 πρὸς
2248 1640 2337 1693 τὸν
2369 1639 2594 1710 πλησίον
2623 1636 2883 1708 κινηθεὶς,
2911 1636 2943 1705 ἢ
2975 1637 3073 1687 ὅσα
3100 1634 3235 1687 ἀλλα
3260 1632 3681 1704 φιλανθρωπίας

2016 1713 2056 1767 Β
2086 1730 2320 1801 ἐχόμενα
2340 1748 2353 1761 ·
2388 1729 2566 1782 ταῦτα
2595 1730 2653 1781 ὲν
2677 1726 2753 1797 τῷ
2782 1727 3028 1797 μέλλοντι
3066 1725 3224 1777 αἰῶνι
3254 1725 3395 1777 κατὰ
3423 1724 3515 1777 τὸν
3555 1742 3684 1777 και-

2089 1822 2178 1891 ρὸν
2208 1822 2307 1891 τῆς
2337 1821 2574 1891 κρίσεως
2618 1817 3117 1887 ζυγοστατούμενα,
3148 1817 3231 1884 ἐφ’
3260 1815 3296 1869 ἃ
3343 1816 3442 1886 τὴν
3498 1816 3681 1887 ῥοπὴν

2085 1912 2213 1980 ἔχει,
2248 1910 2589 1981 συγχώρησις
2608 1910 2835 1979 γίνεται.
2858 1909 2967 1960 Καὶ
2995 1901 3149 1969 οὗτος
3175 1908 3270 1976 μὲν
3296 1908 3324 1958 6
3350 1900 3428 1968 εἷς
3448 1905 3677 1975 τρόπος·

2082 2003 2330 2073 δεύτερος
2361 2002 2417 2055 δὲ
2450 1996 2603 2065 οὗτος
2625 2018 2636 2031 ·
2662 2002 2790 2053 ὃταν
2820 2003 2939 2063 ταῖς
2970 1998 3264 2069 ἁμαρτίαις
3293 1997 3677 2068 συνεχόμενος,

2083 2096 2292 2149 ἀκούων
2325 2096 2382 2148 δὲ
2421 2094 2515 2148 τού
2555 2094 2760 2165 Κυρίου
2809 2093 3091 2161 λέγοντος’
3136 2090 3231 2158 Μὴ
3280 2090 3540 2158 κρίνετε,
3572 2092 3679 2143 ἵνα

2075 2189 2163 2257 μὴ
2195 2187 2450 2256 κριθῆτε,
2480 2186 2809 2257 φοϐούμενος
2833 2186 3021 2239 οὐδένα
3050 2184 3225 2255 κρίνει
3252 2184 3311 2235 ἐν
3333 2186 3399 2253 τῇ
3424 2183 3677 2247 ἐξετάσει

2082 2281 2189 2333 τῶν
2219 2280 2566 2351 βεϐιωμένων
2592 2297 2603 2309 ·
2624 2279 2716 2341 νὼς
2747 2276 2919 2345 φύλαξ
2949 2277 3049 2346 τῆς
3078 2276 3296 2346 ἐντολῆς
3315 2276 3376 2327 ού
3402 2276 3677 2345 κρίνεται.

2082 2373 2190 2443 Τῆς
2220 2372 2328 2443 γὰρ
2356 2371 2549 2424 ἑαυτοῦ
2574 2372 2794 2441 ἐντολῆς
2819 2372 2920 2423 οὐκ
2941 2369 3259 2439 ἐπιλήσμων
3284 2370 3312 2420 6
3340 2366 3680 2435 ἀψευδέστα-

2081 2482 2192 2527 τος.
2226 2465 2288 2516 Oi
2316 2464 2374 2516 δὲ
2400 2466 2575 2535 ἕτεροι
2610 2463 2702 2516 δύο
2724 2462 2915 2533 τρόποι
2944 2460 3173 2514 ἐνταῦθα
3197 2459 3292 2531 τὴν
3324 2459 3676 2531 συγχώρησιν

2086 2555 2297 2625 ἔχουσιν
2318 2571 2329 2583 ·
2368 2557 2493 2609 ὅταν
2527 2572 2629 2618 τις,
2666 2556 2723 2607 ὲν
2756 2552 3051 2624 ἁμαρτίαις
3078 2550 3177 2615 ὢν,
3212 2553 3576 2621 οἰκονομεῖται
3610 2553 3676 2603 ὲκ

2083 2647 2183 2717 τῆς
2214 2647 2467 2717 προνοίας
2506 2648 2562 2699 ὲν
2605 2647 2932 2715 συμφοραῖς,
2957 2644 3014 2696 ἐν
3043 2643 3329 2711 ἀνάγκαις,
3364 2645 3423 2694 ὲν
3454 2644 3635 2706 νόσοις
3657 2659 3670 2671 ·

2083 2738 2157 2802 ὡς
2190 2739 2289 2791 οὐκ
2334 2734 2441 2792 οἶδε
2483 2738 2591 2809 γὰρ
2618 2737 2707 2790 διὰ
2735 2736 2843 2789 τῶν
2874 2736 3133 2789 τοιούτων
3163 2734 3417 2805 καθαίρει
3451 2737 3616 2788 αὐτὸν
3646 2738 3675 2788 6

2084 2830 2232 2892 Θεός.
2266 2830 2375 2882 Καὶ
2408 2830 2455 2881 εἰ
2498 2828 2597 2898 μὲν
2631 2829 2945 2898 εὐχαριστεῖ
2986 2827 3397 2897 πειραζόμενος,
3441 2827 3536 2879 τὸν
3582 2829 3677 2878 ἐπὶ

2084 2924 2150 2991 τῇ
2178 2919 2498 2990 εὐχαριστίᾳ
2528 2918 2716 2988 μισθὸν
2743 2918 3006 2989 λαμϐάνει
3028 2934 3039 2946 ·
3086 2918 3133 2968 εἰ
3163 2917 3219 2969 δὲ
3256 2917 3567 2987 ἀχαριστεῖ,
3604 2916 3673 2968 δι’

2084 3012 2149 3075 ἃς
2181 3012 2277 3082 μὲν
2311 3011 2586 3083 ἁμαρτίας
2614 3009 2950 3075 παιδεύεται,
2984 3011 3046 3061 ὲκ
3067 3008 3175 3060 τῶν
3205 3007 3463 3061 τοιούτων
3492 3007 3675 3078 κρίνε-

2082 3126 2203 3161 ται”
2247 3109 2347 3179 τὴν
2374 3109 2431 3161 δὲ
2461 3107 2602 3178 ὑπὲρ
2640 3106 2741 3177 τῆς
2783 3106 3104 3176 ἀχαριστίας
3133 3103 3523 3175 εἰσπράττεται
3555 3119 3675 3155 ποι-

2083 3201 2369 3271 νήν.Ἐπε“ι
2406 3196 2498 3253 οὖν
2541 3199 2698 3252 ἅτινα
2741 3200 2819 3261 εἰς
2857 3196 3176 3267 ἀνθρώπους
3216 3212 3301 3258 τις
3341 3194 3672 3265 ἁμαρτάνει,

2084 3286 2283 3351 πολλάς
2335 3286 2446 3357 ἔχει
2499 3287 2799 3357 προφάσεις
2857 3286 3291 3355 συγχωρήσεων·
3335 3284 3672 3355 ἁμαρτάνων

2083 3375 2191 3446 γάρ
2216 3392 2302 3439 τις
2342 3378 2421 3438 εἰς
2467 3376 2771 3443 ἄνθρωπον,
2808 3374 2964 3427 ἄλλον
2988 3374 3043 3425 δὲ
3070 3373 3355 3445 ἄνθρωπον
3385 3370 3444 3427 εὖ
3478 3374 3670 3436 ποιῶν,

2083 3468 2163 3529 είς
2195 3468 2261 3537 ἦν
2302 3466 2462 3536 φύσιν
2501 3468 2769 3536 ἥμαρτεν,
2804 3467 2939 3535 αὐτῇ
2969 3466 3063 3517 καὶ
3096 3464 3498 3535 ἀπελογήσατο.
3518 3467 3579 3518 Ἡ
3616 3466 3672 3517 δὲ

2083 3559 2162 3621 εἰς
2186 3557 2490 3628 τὸΠνεῦμα
2517 3556 2832 3628 βλασφημία
2858 3556 3071 3626 (ἔστιδὲ
3095 3556 3343 3619 ἀπιστία,
3372 3555 3447 3626 μὴ
3472 3555 3673 3625 ἔχουσα

2083 3649 2275 3720 ἑτέραν
2316 3650 2589 3721 πρόφασιν
2644 3649 3063 3718 συγχωρήσεως,
3112 3650 3160 3699 εἰ
3207 3648 3280 3718 μὴ
3318 3647 3379 3699 τὸ
3412 3647 3670 3715 γενέσθαι

2082 3742 2315 3811 πιστὸν),
2344 3741 2466 3794 οὔτε
2492 3742 2727 3795 ἐνταῦθα
2765 3741 2887 3794 οὗτε
2924 3744 2981 3794 ὲν
3011 3740 3089 3810 τῷ
3125 3740 3367 3810 μέλλοντι
3398 3739 3669 3807 ἀφεθήσε-

2083 3851 2171 3887 ται
2198 3833 2294 3903 τῆς
2325 3833 2510 3896 ἀθεῖας
2542 3833 2635 3886 καὶ
2666 3833 2921 3896 ἀπιστίας
2947 3833 2979 3902 ή
3013 3832 3277 3902 ἁμαρτία.

2445 4022 2790 4075 Ἀθανασίου
2825 4018 3271 4087 Ἀλεξανδρείας
3294 4057 3310 4081 ,

2476 4112 2610 4181 Περί
2642 4110 3105 4181 σεληνιαζομένων
3135 4109 3268 4178 (25).

2149 4200 2349 4269 Κύριε,
2371 4201 2630 4269 ἐλέησόν
2643 4220 2763 4271 μου
2785 4202 2890 4254 τὸν
2910 4200 3064 4265 υἱὸν,
3098 4199 3188 4253 ὅτι
3221 4196 3665 4266 σεληνιάζεται,

2081 4293 2180 4346 καὶ
2225 4294 2418 4359 κακῶς
2446 4293 2689 4363 πάσχει.
2722 4296 2783 4346 Οἱ
2817 4292 3275 4363 σεληνιαζόμενοι,
3314 4292 3412 4361 οὐχ
3457 4292 3533 4353 ὡς
3566 4296 3668 4363 τῆς

406 4388 524 4444 est,
566 4394 744 4449 neque
775 4379 919 4433 enim
954 4379 1080 4434 luna
1123 4379 1190 4434 ad
1234 4380 1437 4434 malum
1473 4390 1526 4435 et
1555 4381 1813 4435 damnum
1841 4377 1979 4433 infe-

2088 4385 2308 4455 σελήνης
2341 4386 2635 4455 παραιτίας
2677 4386 2966 4455 γινομένης
3001 4385 3099 4455 τῆς
3138 4382 3315 4436 αὐτῶν
3362 4382 3667 4457 φρενοϐλα-

408 4468 636 4523 rendum
671 4468 988 4525 hominibus
1011 4480 1193 4525 creata
1216 4479 1333 4534 est,
1360 4472 1453 4526 sed
1494 4472 1561 4525 ad
1613 4470 1974 4526 ministerium

406 4559 628 4629 optimis
662 4561 999 4631 utilibusque
1034 4562 1195 4617 rebus
1236 4564 1609 4632 praebendum.
1648 4562 1785 4617 Cum
1828 4563 1975 4616 enim

406 4667 473 4706 ex
495 4662 691 4706 natura
725 4667 823 4707 sua
849 4653 1073 4708 humida
1108 4656 1202 4719 sit,
1235 4655 1624 4710 suavissimum
1653 4654 1976 4723 corporibus

406 4760 663 4799 somnum
695 4755 973 4815 procurat,
1022 4749 1201 4803 noctis
1246 4748 1521 4812 tenebras,
1567 4747 1751 4802 colore
1798 4748 1975 4800 lacteo

408 4845 621 4900 ornata,
648 4834 954 4899 demulcet;
992 4838 1163 4893 solem
1189 4854 1316 4893 vero
1338 4838 1430 4909 qui
1458 4839 1979 4907 siccus-calidusque

405 4934 510 4992 est,
539 4940 694 4996 aequa
722 4927 874 4983 lance
896 4937 1183 5000 temperat,
1216 4940 1376 5001 atque
1406 4930 1636 4984 humore
1660 4929 1979 4999 frigiditate-

406 5031 513 5084 que
551 5031 651 5072 sua
693 5018 908 5087 plantas
945 5035 1157 5087 omnes,
1206 5030 1381 5091 prata,
1441 5020 1663 5087 herbas,
1716 5021 1884 5087 olera,
1920 5029 1980 5073 ut

406 5115 583 5161 mater
598 5121 726 5162 vera
749 5108 804 5163 in
827 5110 971 5166 ulnis
991 5114 1266 5183 accipiens
1286 5154 1301 5179 ,
1331 5112 1497 5181 fovet,
1526 5126 1579 5170 et
1602 5116 1873 5170 virescere
1896 5113 1979 5167 fa-

406 5198 509 5264 cit;
529 5197 602 5252 ita
617 5206 675 5252 ut
690 5199 793 5254 sub
810 5216 1021 5257 aurora:
1037 5206 1441 5274 crepusculum,
1460 5205 1645 5260 videre
1663 5206 1735 5260 sit
1751 5204 1976 5259 arbores

405 5290 591 5345 densis
625 5291 908 5351 frondibus
939 5308 1182 5364 ornatas,
1214 5306 1366 5367 prata
1408 5299 1461 5352 in
1493 5297 1721 5354 summis
1748 5297 1974 5353 ﬂoribus
2006 5357 2014 5362 ι

473 5423 513 5456 ³⁷
552 5424 751 5482 Matth.
783 5444 895 5485 xm
957 5429 1043 5484 14.

477 5560 595 5632 (22)
630 5562 753 5618 Haec
787 5566 852 5619 ad
876 5565 1037 5619 linem
1064 5582 1257 5635 usque,
1288 5584 1407 5635 qua:
1429 5569 1481 5621 in
1508 5569 1667 5624 editis
1700 5570 1974 5625 deStdera-

409 5630 642 5699 bantur,
694 5644 745 5687 et
791 5636 843 5689 in
890 5636 1123 5691 editione
1149 5630 1435 5694 'Athanasii
1466 5650 1649 5695 nostra
1681 5641 1969 5707 separatim

2084 4477 2266 4541 ϐείαςο
2298 4475 2420 4528 οὔτε
2454 4478 2558 4547 μὴν
2586 4479 2618 4547 ή
2653 4477 2847 4547 σελήνη
2880 4475 3101 4547 ἐκτίσθη
3134 4476 3213 4537 είς
3252 4474 3595 4538 κακοποιίαν,
3633 4474 3667 4542 ἦ

2086 4567 2221 4637 πρὸς
2266 4565 2467 4636 βλάϐην
2495 4567 2594 4637 τῆς
2626 4566 2974 4638 ἀνθρωπίνης
3007 4565 3241 4634 φύσεως,
3276 4563 3391 4618 ἀλλ’
3422 4566 3502 4627 εἰς
3544 4580 3669 4615 συν-

2084 4661 2271 4731 εργίαν
2305 4658 2485 4711 καλῶν
2534 4660 2628 4711 καὶ
2673 4658 2963 4728 ὠφελίμων
2992 4658 3350 4728 πραγμάτων.
3381 4652 3532 4708 Οὖσα
3558 4657 3668 4727 γὰρ

2084 4751 2225 4804 κατὰ
2272 4750 2432 4819 φύσιν
2471 4749 2635 4820 ὑγρά,
2673 4752 2783 4811 τοῖς
2836 4747 3051 4818 σώμασι
3094 4748 3185 4801 τὸν
3240 4748 3453 4818 ἥδιστον
3497 4747 3670 4799 ὕπνον

2078 4841 2348 4913 προξενεῖ,
2368 4842 2463 4911 τῆς
2485 4841 2542 4893 δὲ
2558 4841 2750 4903 νυκτὸς
2773 4841 2833 4892 τὸ
2864 4840 3052 4902 σκότος
3077 4840 3505 4911 παραμυθεῖται,
3531 4836 3673 4892 οὖσα

2080 4935 2465 5005 γαλακτοφαής
2483 4951 2497 4963 ·
2528 4932 2606 5003 τῷ
2627 4933 2683 4985 δὲ
2708 4931 2855 5003 ξηρῷ
2884 4932 2977 4985 καί⁹
3001 4931 3078 5001 τῷ
3095 4932 3283 5004 Θερμῷ
3305 4930 3381 5000 τῷ
3407 4931 3543 5002 ἡλίῳ
3574 4933 3671 4984 ἁν-

2080 5027 2559 5090 τιταλαντεύουσα,
2582 5028 2648 5095 τῇ
2679 5025 2934 5095 ὑγρότητι
2957 5024 3051 5076 καὶ
3075 5026 3141 5095 τῇ
3169 5023 3374 5094 ψυχρίᾳ
3392 5024 3574 5076 πάντα
3600 5024 3671 5077 τά

2083 5120 2225 5189 φυτά
2254 5119 2491 5181 καὶτοὺς
2508 5116 2798 5187 λειμῶνας,
2817 5117 2909 5170 καὶ
2931 5117 3110 5169 πᾶσαν
3134 5116 3269 5169 πόαν
3292 5115 3385 5168 καὶ
3408 5114 3665 5186 βοτάνην,

2082 5212 2158 5275 ὼς
2180 5213 2361 5282 μήτηρ
2382 5208 2580 5281 γνησία
2603 5208 2690 5261 διὰ
2712 5209 2811 5279 τῆς
2829 5208 3020 5272 νυκτὸς
3035 5207 3517 5278 ὲναγκαλιζομένη,
3536 5209 3669 5261 ἀνα-

2085 5299 2327 5372 ζωπυρεῖ
2355 5302 2447 5354 καὶ
2477 5299 2763 5353 ἀναϐάλλει
2787 5318 2798 5331 ·
2823 5298 2963 5352 ὥστε
2990 5300 3094 5352 ὑπὸ
3110 5300 3207 5353 τὴν
3223 5300 3297 5353 ἕω
3315 5299 3543 5370 ὁρᾶσθαι
3572 5303 3666 5353 καὶ

2080 5581 2396 5645 ponuntur,
2446 5587 2571 5642 pag.
2627 5571 2794 5645 ἰθοὲ,
2848 5573 3101 5645 ex_‘_rnss.
3159 5573 3391 5645 mutuati
3416 5580 3632 5645 sumus.

2161 5643 2274 5715 (23)
2317 5641 2531 5698 Hmc’ex
2560 5642 2678 5699 cod.
2721 5641 2852 5713 Reg.
2889 5641 3046 5710 1995,
3091 5657 3121 5695 x
3147 5644 3385 5716 saeculi,
3412 5642 3506 5698 fol.
3535 5645 3665 5699 525.
