3860 6220
169 285 190 337 ί
201 283 296 338 583

1394 279 1816 337 FRAGMENTA
1861 281 1925 370 ιξί
1965 265 2235 334 LUCAM.

3291 279 3426 336 1390

162 399 227 454 τὰ
239 397 424 469 δένδρα
440 397 553 458 τοῖς
575 395 792 466 φύλλοις
813 396 1236 467 πεπυκνωμένα,
1259 396 1382 458 τοὺς
1397 395 1454 448 δὲ
1470 395 1736 466 λειμῶνας

1845 395 1970 456 mel,
1997 406 2142 464 opus
2172 388 2451 459 prudentis
2474 393 2822 466 impigreque
2846 398 2984 464 apis,
3011 395 3295 464 gestantia,
3319 393 3425 454 fae-

165 489 517 562 βαστάζοντας
551 489 808 560 ὑπεράνω
833 487 942 540 τῶν
982 487 1157 541 ἀνθῶν
1198 487 1257 540 τὸ
1291 487 1413 558 μέλι
1442 488 1540 557 τῆς
1574 490 1741 558 ἐργα-

166 583 278 644 σίας
322 579 420 650 τῆς
463 580 634 651 σοφῆς
679 579 774 632 καὶ
817 579 1013 633 ἁὸκνου
1060 579 1338 650 μελίσσης,
1373 579 1472 651 τὴν
1515 579 1573 633 δὲ
1606 579 1742 632 πόαν

163 671 570 741 ἀγλαῖζομένην,
616 673 797 726 πᾶσαν
842 672 898 725 δὲ
948 672 1175 742 βοτάνην
1218 673 1530 743 ηὐξημένην
1576 672 1744 744 ἱλαρῷ

164 763 624 834 προσώπῳ.⁸Ὀθεν
659 764 750 817 καὶ
787 764 1170 835 γαλακτοφαής
1199 766 1366 828 ἐστιν,
1403 765 1503 828 ὅτι,
1533 764 1608 828 ὡς
1640 765 1744 835 μή·

161 872 258 926 τηρ
303 855 378 926 τῷ
411 855 642 924 γάλακτι
673 857 864 927 τρέφει
909 855 970 908 τὸ
1018 857 1230 926 νήπιον,
1277 854 1419 909 οὕτω
1462 856 1556 909 καὶ
1603 855 1740 926 αὓτη

161 948 220 1014 τῆ
254 947 467 1018 πιότητι
511 948 605 1000 καὶ
636 950 704 1018 τῇ
754 946 930 1018 δρόσῳ
977 946 1266 1018 μεγαλύνει
1317 947 1384 1000 τὰ
1428 945 1738 1017 σύμπαντα.

161 1033 302 1090 Οὗσα
330 1037 385 1090 δὲ
423 1039 478 1090 ὲν
507 1037 584 1108 τῷ
623 1038 856 1110 οὐρανῷ,
893 1037 1148 1110 σημαίνει
1191 1037 1453 1092 ἐνιαυτῶν
1488 1038 1740 1104 κύκλους,

163 1127 341 1196 μηνῶν
373 1128 768 1200 ἐκπληρώσεις,
803 1130 1010 1200 καιρῶν
1038 1131 1131 1183 καὶ
1167 1130 1373 1204 χρόνων
1401 1132 1627 1203 τροπὰς,
1652 1132 1741 1184 τὸν

161 1222 502 1292 προσήκοντα
529 1221 720 1294 καιρὸν
754 1221 847 1276 τοῦ
878 1223 1132 1295 ἀληθινοῦ
1164 1224 1256 1276 καὶ
1289 1223 1502 1294 βεϐαίου
1527 1224 1738 1294 Πάσχα,

154 1311 414 1383 λεγούσης
442 1313 544 1382 τῆς
577 1314 796 1383 Σοφίας,
851 1315 984 1368 Ἀπὸ
1036 1315 1308 1383 σελήνης
1334 1316 1588 1385 σημεῖον
1613 1318 1742 1386 ἐορ-

157 1404 293 1472 τῆς·
341 1406 436 1459 καὶ
479 1407 560 1459 ὅτι
606 1407 832 1477 φωστὴρ
879 1405 1199 1476 μειούμενος
1243 1407 1338 1460 καὶ
1387 1407 1738 1478 αὑξούμενος,

151 1496 273 1566 μὴν
315 1497 376 1551 τὸ
411 1498 580 1568 ὄνομα
601 1497 766 1551 αὑτοῦ
796 1500 962 1551 ἐστιν.
1002 1498 1066 1550 Ἠ
1103 1498 1284 1566 βίϐλος
1325 1499 1424 1570 τῆς
1473 1500 1741 1564 Γενέσεως

155 1587 291 1641 οὕτω
329 1589 620 1660 διηγεῖται·
669 1590 779 1643 Καὶ
806 1586 972 1643 εἷπεν
997 1593 1030 1643 ό
1061 1591 1234 1656 Θεός⁶
1270 1591 1591 1659 Γενηθήτω
1615 1591 1740 1661 φῶς

155 1681 221 1734 ἐν
245 1679 322 1747 τῷ
347 1681 707 1753 στερεώματι
751 1683 857 1736 τοῦ
902 1683 1184 1750 οὐρανοῦ,
1234 1687 1321 1749 είς
1367 1683 1596 1754 φαῦσιν
1637 1684 1735 1737 ἐπὶ

155 1771 261 1840 τῆς
301 1773 430 1844 τῆς.
475 1774 574 1827 και
615 1774 770 1842 ἀρχὴ
804 1772 912 1841 τῆς
958 1773 1182 1843 ἡμέρας
1213 1775 1454 1842 καὶτῆς
1482 1778 1735 1842 rvch-

154 1864 248 1917 καὶ
276 1864 435 1918 ἔστω
463 1867 548 1932 εἰς
573 1864 790 1932 σημεῖα
832 1864 929 1918 καὶ
964 1856 1051 1930 εἰς
1079 1862 1325 1933 καιροὺς
1351 1866 1447 1918 καὶ
1482 1868 1564 1931 εἰς
1599 1861 1740 1934 ἠμέ-

151 1971 258 2020 ρας
295 1955 395 2008 καὶ
428 1957 518 2021 εἰς
557 1955 870 2020 ἐνιαυτούς
893 1970 906 1985 ο
939 1955 1037 2008 καὶ
1077 1957 1358 2008 ἔστωσαν
1395 1957 1482 2021 εἰς
1510 1956 1741 2023 φαῦσιν

154 2046 220 2097 ἑν
246 2045 325 2111 τῷ
363 2047 722 2115 στῳεώματι
755 2046 860 2100 τοῦ
906 2047 1184 2114 οὐρανοῦ,
1225 2048 1462 2116 φαίνειν
1503 2046 1600 2099 ἐπὶ
1630 2045 1740 2114 τῆς

154 2136 282 2206 γῆς.
319 2139 508 2192 Πάντα
550 2138 606 2191 δὲ
660 2137 835 2191 ταῦτα
878 2137 1230 2208 ἠναγκάσθην
1276 2138 1627 2208 παραγνῶναι
1671 2140 1738 2210 τῇ

154 2230 409 2302 εύλαϐεία
449 2229 604 2302 ὑμῶν
624 2271 639 2295 ,
673 2231 762 2284 ἵνα
789 2230 946 2296 δείξω
976 2229 1033 2297 ἐξ
1065 2229 1240 2284 αὐτῶν
1264 2231 1372 2283 τῶν
1402 2231 1740 2301 πραγμάτων

152 2324 244 2375 καὶ
273 2323 380 2378 τῶν
415 2323 787 2378 θεοπνεύστων
832 2323 1065 2395 Γραφῶν
1109 2322 1183 2395 μὴ
1216 2319 1477 2394 εἶναιτὴν
1514 2325 1740 2396 σελήνην

153 2415 330 2470 αἰτίαν
381 2416 841 2488 φρενοϐλαϐείας,
895 2417 1030 2471 ἀλλά
1073 2418 1162 2471 τὸν
1209 2419 1588 2489 κακομήχανον
1647 2414 1739 2472 καὶ

151 2506 322 2560 δόλιον
349 2508 617 2562 διάϐολον.
649 2499 817 2571 Οὗτος
847 2509 954 2580 γὰρ
986 2509 1221 2580 ὑπάρχει
1251 2509 1307 2560 ἐν
1345 2513 1534 2574 κακοῖς
1566 2511 1741 2582 τεχνί-

151 2615 296 2657 ταιςο
343 2600 420 2672 μὴ
451 2599 743 2670 δυνάμενος
769 2599 941 2664 ἄλλως
972 2617 1086 2665 πως
1117 2601 1187 2654 τά
1221 2600 1494 2672 κτίσματα
1526 2601 1740 2655 ἐκθειά-

152 2691 366 2755 σασθαι,
400 2692 432 2758 ἢ
467 2691 879 2760 καταναγκάσαι
913 2694 1037 2755 τοὺς
1076 2691 1398 2764 ἀνθρώπους
1427 2696 1508 2757 είς
1540 2692 1637 2764 τὴν
1662 2694 1738 2746 εί-

147 2781 491 2847 δωλοποιίαν,
522 2783 773 2853 ἐπιτηρεί
799 2782 897 2854 τὴν
936 2783 1224 2853 νεομηνίαν
1269 2785 1368 2854 τῆς
1404 2784 1664 2855 σελήνης,
1701 2777 1735 2856 ἢ

147 2870 270 2924 ὅταν
300 2871 400 2946 ἔχῃ
433 2879 499 2936 ε’,
525 2873 619 2926 καὶ
644 2873 766 2926 τότε
811 2877 954 2927 ποιεῖ
985 2874 1074 2926 τὸν
1107 2874 1464 2946 ἐπιληπτικὸν
1490 2875 1733 2946 κράζειν,

145 2961 414 3032 ἀφρίζειν,
446 2963 659 3035 βάλλειν
691 2966 882 3020 ἑαυτὸν
925 2965 1068 3020 κατά
1111 2967 1363 3040 πυρὸς,ἦ
1399 2966 1610 3034 ὕδατος,
1649 2969 1736 3022 ἵνα

143 3055 192 3106 oi
221 3057 550 3128 γεννήτορες
595 3057 780 3123 αὐτοῦ,
823 3058 856 3128 ἢ
898 3058 947 3110 οἱ
977 3057 1231 3127 ἀδελφοὶ,
1261 3057 1294 3129 ἢ
1331 3059 1379 3110 οί
1415 3060 1734 3129 προςγενεϊς
1759 3089 1803 3148 C

143 3146 670 3219 ὰναγκασθήσωνται
703 3152 770 3220 τῇ
806 3149 1003 3224 σελήνῃ
1038 3151 1445 3222 προσκυνῆσαι,
1474 3151 1732 3222 νομίσαν-

142 3254 250 3302 τες,
278 3241 360 3294 ὃτι
385 3239 526 3312 αὕτη
556 3241 770 3312 ἔπεμψε
795 3241 884 3295 τὸν
909 3243 1139 3314 δαίμονα
1159 3243 1236 3313 τῷ
1263 3244 1551 3314 νεανίσκῳ.
1571 3245 1730 3298 Ὅθεν

142 3331 232 3384 καὶ⁸
253 3334 302 3386 οί
320 3332 587 3402 ’Έλληνες
614 3331 931 3402 βασίλισσαν
954 3334 1123 3405 αὐτὴν
1145 3335 1609 3406 προσαγορεύουσι
1634 3334 1727 3388 τοῦ

140 3421 392 3492 οὐρανοῦ,
421 3418 590 3476 οὖσαν
628 3423 841 3477 δουλίδα
872 3427 973 3495 τῆς
1018 3424 1242 3488 νυκτὸς,
1272 3425 1365 3477 καὶ¹
1394 3425 1729 3496 ὑπηρέτριαν

140 3512 235 3584 τῆς
267 3514 621 3588 ἀνθρωπίνης
651 3513 896 3583 φύσεως·
931 3515 992 3567 ού
1027 3517 1209 3585 μέντοι
1242 3514 1532 3567 δέσποιναν
1562 3515 1595 3585 ἦ
1626 3515 1728 3586 ἆρ-

138 3619 359 3671 χουσαν.
404 3605 506 3658 Διά
551 3605 708 3658 τοῦτο
747 3605 840 3658 καὶ
875 3605 1082 3676 Ἰησοῦς
1120 3606 1148 3658 ὁ
1177 3605 1420 3675 διάδοχος
1451 3607 1731 3670 Μωῦσέως

139 3694 427 3749 ἐκέλευσεν
457 3697 642 3760 αὐτοῖς
681 3694 881 3749 εἰπών’
918 3694 1120 3762 Στήτω
1158 3698 1192 3750 ὁ
1241 3695 1414 3763 ἣλιος
1440 3694 1592 3749 κατὰ
1615 3699 1732 3749 Γα-

138 3786 276 3855 ϐαὼ,
303 3789 406 3842 καὶ
436 3788 476 3856 ή
505 3788 737 3856 σελήνη
757 3788 908 3842 κατὰ
931 3787 1205 3858 φάραγγα
1227 3786 1435 3856 Ἠλὼμ,
1458 3786 1568 3852 ἕως
1588 3787 1730 3853 τοὺς

1845 494 1975 534 num
2023 482 2223 545 nitens,
2259 494 2528 552 omneque
2557 482 2738 537 herbae
2778 498 2950 552 genus
2994 495 3214 540 auctum
3267 487 3427 542 hilari

1846 569 2004 626 facie.
2039 569 2194 625 Unde
2239 569 2415 626 lacteo
2455 572 2635 627 colore
2663 580 2766 637 est,
2792 572 2918 642 quia
2951 573 3114 629 veluti
3140 581 3315 630 mater
3343 575 3427 630 in-

1846 659 2045 716 fantem
2080 661 2276 726 lactat;
2325 662 2404 716 sic
2431 671 2484 716 et
2510 663 2626 731 ipsa
2659 663 2986 733 pinguedine
3009 673 3064 718 et
3091 679 3212 720 rore
3242 667 3424 721 omnia

1847 769 2192 808 succrescere
2222 753 2369 808 facit.
2408 755 2463 806 In
2496 755 2634 808 coelo
2657 755 2831 822 posita
2856 770 3126 810 annorum
3166 758 3424 819 circulos.

1847 847 2115 901 mensium
2186 849 2484 911 terminos,
2553 860 2857 917 temporum
2933 859 3427 922 tempestatumque

1846 938 2266 1001 conversiones,
2313 937 2426 991 veri
2478 953 2542 993 ac
2590 937 2729 991 ﬁrmi
2773 937 3057 995 Paschalis
3118 956 3425 1012 congruens

1847 1038 2060 1096 tempus
2091 1029 2312 1083 indicat.
2358 1025 2631 1097 Sapientia
2677 1029 2750 1083 ita
2785 1029 3079 1101 loquente:
3107 1033 3148 1085 Α
3193 1032 3320 1086 luna
3351 1035 3426 1086 si-

1844 1136 2003 1189 gnum
2028 1121 2135 1174 diei
2164 1121 2284 1189 festi
2316 1121 2360 1151 ³³
2397 1139 2412 1175 :
2446 1130 2500 1176 et
2527 1123 2655 1191 quia
2699 1124 2967 1180 luminare
3004 1135 3088 1180 est
3125 1126 3290 1182 modo
3316 1129 3423 1180 mi-

1845 1221 2035 1265 nutum
2057 1250 2073 1273 ,
2121 1212 2284 1266 modo
2326 1228 2596 1277 crescens,
2627 1215 2755 1271 hinc
2785 1233 2903 1269 men
2930 1218 3252 1286 appellatur.
3284 1217 3421 1272 Rem

1845 1305 1917 1359 ita
1950 1316 2132 1360 narrat
2159 1307 2295 1361 liber
2327 1306 2602 1364 Genescos
2637 1327 2648 1361 :
2680 1307 2749 1362 Et
2781 1309 2918 1362 dixit
2946 1309 3128 1366 Deus:
3163 1309 3291 1365 Fiat
3328 1312 3423 1365 lux

1842 1396 1895 1450 in
1928 1397 2261 1466 firmamento
2297 1399 2434 1465 coeli,
2483 1399 2552 1452 ad
2601 1399 2879 1455 lucendum
2924 1419 3080 1470 super
3111 1413 3340 1468 terram,
3371 1412 3423 1457 et

1844 1488 1914 1542 ad
1938 1490 2294 1557 principatum
2339 1492 2444 1545 diei
2479 1503 2527 1545 et
2563 1493 2765 1548 noctis:
2796 1504 2846 1545 et
2871 1495 2978 1547 sint
3016 1496 3071 1547 in
3101 1496 3251 1565 signa
3281 1506 3330 1549 et
3363 1498 3421 1548 in

1842 1593 2074 1652 tempora
2105 1593 2152 1636 et
2189 1584 2241 1636 in
2285 1584 2396 1636 dies
2430 1595 2479 1638 et
2517 1586 2571 1637 in
2607 1602 2771 1638 annos
2804 1601 2821 1638 :
2862 1595 2910 1638 et
2943 1587 3050 1640 sint
3083 1589 3137 1640 in
3169 1587 3338 1642 lucem
3367 1591 3422 1643 in

1841 1675 2174 1743 ﬁrmamento
2208 1675 2322 1728 creti
2356 1676 2424 1728 ad
2469 1675 2748 1730 tacendum
2791 1695 2946 1746 super
2976 1688 3175 1732 terram
3200 1680 3264 1732 '9.
3297 1678 3424 1737 Haec

1841 1769 2023 1823 omnia
2069 1777 2261 1824 vestrae
2314 1770 2501 1839 pietati
2551 1771 2826 1826 recitanda
2879 1772 3030 1837 duxi,
3079 1781 3138 1827 ut
3181 1789 3248 1828 ex
3286 1775 3422 1844 ipsis

1839 1861 2003 1916 rebus
2039 1863 2200 1931 atque
2226 1877 2290 1916 ex
2321 1853 2617 1932 Script'uris
2646 1862 2904 1919 divinitus
2933 1867 3210 1935 inspiratis
3235 1876 3422 1923 osten-

1838 1956 2018 2009 derem
2060 1956 2243 2009 lunam
2277 1971 2382 2010 non
2428 1972 2548 2011 esse
2585 1957 2809 2012 insania:
2838 1973 3099 2026 causam;
3135 1961 3230 2016 sed
3263 1963 3424 2017 mali-

1837 2063 2001 2117 gnum
2054 2049 2412 2118 dolosumque
2476 2049 2774 2104 diabolum.
2825 2048 2942 2120 Ipse
2991 2067 3228 2123 namque
3278 2053 3420 2109 inter

1839 2140 2106 2210 malignos
2131 2139 2367 2195 artiﬁces
2396 2152 2811 2206 annumeratur,
2841 2151 2894 2196 et
2925 2158 3050 2197 cum
3096 2160 3205 2199 non
3244 2147 3420 2215 possit

1838 2229 1942 2283 alia
1976 2231 2186 2286 ratione
2236 2232 2398 2287 rebus
2434 2233 2669 2288 conditis
2713 2234 2952 2289 numinis
2997 2237 3231 2305 speciem
3259 2238 3415 2292 alliu-

1840 2337 1983 2391 gere,
2017 2322 2099 2376 vel
2131 2322 2379 2377 homines
2423 2323 2489 2376 ad
2536 2323 2803 2378 idolorum
2855 2324 3126 2380 ﬁctionem
3178 2329 3418 2397 compel-

1840 2413 1970 2476 lere,
2016 2413 2270 2468 observat
2315 2414 2654 2468 neomeniam
2686 2413 2868 2470 lunae:
2899 2428 2953 2471 et
2989 2433 3114 2472 cum
3151 2419 3216 2474 ad
3256 2421 3418 2490 quin-

1839 2512 1952 2558 tam
1987 2503 2128 2558 diem
2164 2508 2490 2575 pervenerit,
2524 2518 2654 2564 tune
2696 2520 2954 2579 procurat
3001 2520 3058 2565 ut
3101 2513 3417 2580 epileptieus

1838 2596 2057 2662 clamet,
2088 2613 2309 2667 spumas
2338 2599 2544 2667 eﬂerat,
2577 2617 2695 2656 sese
2727 2602 2778 2655 in
2817 2602 2992 2672 ignem
3030 2605 3285 2672 coniiciat
3322 2615 3418 2658 aut

1838 2687 1893 2741 in
1929 2703 2148 2757 aquam,
2173 2699 2232 2742 ut
2260 2689 2379 2758 ejus
2406 2699 2657 2760 parentes
2681 2701 2774 2746 aut
2799 2691 3016 2758 fratres,
3051 2693 3165 2748 sive
3190 2708 3418 2748 consan-

1839 2778 2048 2848 guinei,
2093 2791 2358 2850 cogantur
2394 2781 2580 2836 lunam
2621 2784 2870 2846 adorare,
2902 2785 3004 2838 rati
3038 2785 3210 2854 ipsam
3244 2801 3417 2855 puero

1837 2868 2166 2923 daemonium
2200 2869 2512 2926 immisisse.
2549 2870 2914 2938 Quamobrem
2961 2872 3133 2930 Grzeci
3171 2877 3414 2944 reginam

1837 2960 1964 3014 c‘oeli
2006 2968 2204 3015 vocant
2239 2961 2442 3032 ipsam;
2478 2979 2600 3032 quae
2645 2970 2825 3018 tamen
2867 2963 3070 3018 famula
3110 2967 3284 3020 noctis
3310 2977 3416 3030 est,

1837 3061 1891 3106 et
1920 3052 2172 3106 humanm
2209 3063 2419 3108 natura
2455 3054 2705 3110 ministra
2725 3095 2738 3119 ,
2770 3071 2879 3110 non
2908 3067 3087 3110 autem
3116 3055 3336 3111 domina
3364 3069 3420 3110 et

1839 3143 2112 3213 princeps.
2159 3141 2342 3210 Quare
2386 3140 2514 3201 Jesu
2578 3144 2780 3218 Moysis
2823 3161 3112 3202 successor
3163 3148 3420 3217 praecepit

1837 3236 1994 3306 ipsis,
2040 3237 2126 3292 his
2160 3239 2340 3294 verbis
2377 3255 2390 3291 :
2443 3237 2556 3294 Stet
2599 3240 2678 3294 sol
2716 3251 2902 3294 contra
2927 3239 3167 3305 Gabaon,
3200 3251 3250 3294 et
3287 3240 3420 3294 luna

1839 3339 2022 3382 contra
2068 3327 2253 3383 vallem
2308 3329 2500 3396 Elom,
2543 3327 2707 3386 donec
2751 3333 2978 3404 quinque
3029 3348 3170 3402 reges
3221 3333 3421 3386 Amor-

1838 3419 2102 3474 rhworum
2127 3420 2180 3472 in
2205 3421 2387 3492 fugam
2415 3433 2613 3476 vertam
2641 3422 2706 3478 ⁸ο.
2738 3422 2914 3480 liomo
2947 3425 3132 3495 itaque
3159 3424 3252 3494 qui
3276 3424 3426 3478 luna:

1804 3511 2087 3579 imperat,
2144 3514 2418 3582 quomodo
2485 3523 2665 3584 potest
2727 3515 2796 3570 ab
2857 3516 2992 3585 ipsis
3053 3515 3423 3570 luminaribus

1838 3603 1985 3657 m'alo
2037 3603 2207 3669 aiIici,
2262 3605 2439 3675 iisque
2486 3607 2717 3676 subjici?
2745 3606 2929 3677 Apage
2973 3623 3104 3678 ergo
3134 3607 3422 3663 machinas

1838 3693 2092 3753 draconis
2121 3707 2403 3768 apostatae,
2434 3716 2499 3756 ac
2525 3701 2780 3768 gentilem
2810 3715 3049 3756 errorem
3076 3712 3129 3756 et
3151 3701 3420 3771 supersti-

1840 3788 2065 3844 tionem.

136 3881 316 3934 πέντε
340 3881 632 3947 βασιλεῖς
661 3881 780 3935 τῶν
816 3882 1164 3951 Ἀμορραίων
1189 3879 1582 3950 τροπώσομαι.
1623 3881 1680 3932 '0
1710 3880 1888 3935 τοίνυν
1928 3885 2235 3940 ἐπιτάσσων
2258 3885 2541 3958 ἄνθρωπος
2572 3889 2638 3958 τῇ
2672 3886 2889 3959 σελήνῃ,
2921 3887 3038 3949 πῶς
3069 3878 3179 3938 οἷόν
3204 3883 3268 3937 τέ
3294 3884 3418 3940 ἐστι

133 3977 264 4047 παρ’
313 3977 507 4039 αύτοῖς
557 3975 964 4029 κακοποιεῖσθαι
1009 3975 1168 4029 αὐτὸν
1211 3972 1720 4046 ἢδεσποτεύεσοαι;
1765 3975 1978 4046 ’Ἄπαγε
2009 3974 2100 4033 οὖν
2139 3981 2232 4050 ἀφ’
2271 3970 2464 4036 ἑαυτοῦ
2509 3982 2579 4036 τά
2627 3982 2993 4052 μηχανήματα
3038 3978 3132 4033 τοῦ
3177 3981 3424 4043 ἀποστά-

133 4079 226 4118 του
267 4066 589 4138 δράκοντος,
623 4064 718 4118 καὶ
761 4064 860 4136 τὴν
897 4063 1211 4136 Ἑλληνικὴν
1244 4062 1453 4135 πλάνην
1485 4063 1580 4118 καὶ
1613 4064 2051 4137 δεισιδαιμονίαν.

203 4157 320 4229 (9.4)
354 4159 479 4210 Ὅτι
517 4155 746 4211 κλείετε
775 4155 890 4225 τὴν
912 4157 1243 4222 βασιλείαν
1272 4155 1392 4211 τῶν
1433 4155 1723 4223 οὐρανῶν.

146 4248 204 4302 Ὀ
249 4249 308 4301 δὲ
355 4248 576 4310 Λουκᾶς
607 4245 787 4315 λέγει·
820 4246 940 4302 Ὅτι
988 4245 1172 4315 ἤρατε
1208 4246 1325 4315 τὴν
1374 4245 1583 4301 κλεῖδα
1621 4242 1731 4313 τῆς

131 4339 440 4410 γνώσεως,
470 4337 716 4392 τουτέστι
743 4337 842 4410 τὴν
875 4339 954 4402 είς
989 4338 1222 4410 Χριστὸν
1252 4338 1456 4403 πίστιν,
1487 4337 1563 4402 ὡς
1595 4345 1729 4409 προ-

133 4431 491 4484 οδοποιοῦσαν
533 4432 612 4494 είς
663 4429 761 4501 τὴν
809 4428 1009 4499 γνῶσιν
1054 4430 1155 4500 τῆς
1199 4429 1456 4502 ἀληθείας
1501 4429 1594 4483 καὶ
1630 4427 1731 4498 τῆς

132 4523 493 4586 διδασκαλίας
541 4519 726 4576 αὐτοῦ.
773 4522 1002 4574 Ἦντινα
1047 4521 1229 4576 κλεῖδα
1273 4517 1414 4593 ἦραν
1455 4521 1564 4575 ἀπὸ
1621 4519 1730 4574 τῶν

136 4614 448 4684 μελλόντων
479 4612 544 4666 δι’
577 4613 748 4685 αὐτῆς
779 4610 1122 4682 είσέργεσθαι

1909 4159 2050 4226 Quia
2095 4165 2343 4219 clauditis
2382 4181 2600 4236 regnum
2640 4164 2886 4219 caelorum
2913 4163 2978 4220 δ’.
3025 4162 3204 4221 Lucas
3233 4174 3414 4221 autem

1837 4257 1961 4312 ait:
2005 4257 2145 4324 Quia
2185 4259 2384 4314 tulistis
2427 4260 2624 4313 clavem
2663 4258 2900 4312 scientia:
2935 4258 3002 4324 "',
3042 4257 3096 4312 id
3131 4265 3216 4313 est
3249 4257 3415 4312 ﬁdem

1836 4351 1892 4405 in
1926 4350 2228 4415 Christum,
2273 4359 2460 4420 utpote
2507 4364 2627 4419 quae
2653 4349 2798 4404 viam
2851 4357 3002 4420 paret
3036 4348 3103 4404 ad
3149 4348 3416 4420 cognitio-

1836 4456 1960 4497 nem
2007 4441 2255 4497 veritatis
2315 4449 2370 4496 et
2428 4440 2690 4496 doctrinae
2737 4438 2930 4509 ipsius.
2983 4435 3159 4504 Quam
3203 4437 3413 4494 clavem

1842 4535 2184 4590 abstulerunt
2210 4534 2279 4589 ab
2307 4533 2375 4589 iis
2402 4533 2496 4604 qui
2530 4532 2649 4602 ejus
2679 4546 2780 4602 ope
2811 4529 3067 4585 intraturi
3091 4537 3267 4585 erant.

203 4772 250 4803 ³⁸
290 4769 468 4827 Eccli.
498 4783 652 4836 mn,
680 4766 730 4821 7.
809 4768 853 4800 "
883 4766 1021 4822 Gen.
1059 4782 1100 4836 ι,
1130 4767 1219 4823 14.
1298 4765 1345 4798 ⁸⁸
1372 4765 1542 4823 .Iosue
1572 4780 1628 4832 ι,
1660 4765 1736 4818 12.

1842 4765 1868 4795 ·¹
1900 4763 2091 4819 Matth.
2124 4779 2280 4829 χχιιι,
2311 4762 2396 4818 1'5.
2476 4763 2524 4797 ⁸³
2554 4758 2687 4816 Luc.
2716 4774 2794 4828 ιι,
2823 4759 2914 4814 52.

202 4923 324 4998 (24)
351 4921 417 4978 In
448 4921 580 4979 edit.
612 4921 812 4980 Athan.
843 4937 899 4992 p.
928 4919 1088 4988 1009,
1119 4935 1185 4976 ex
1216 4917 1468 4977 Possino.

137 5069 3354 5097 WW

619 5198 1005 5273 MONITUM
1060 5204 1146 5269 IN
1203 5205 1640 5269 EXCERPTA
1679 5199 2470 5270 COMMENTARIORUM
2516 5201 2601 5264 IN
2645 5197 2943 5262 LUCAM-

1723 5405 1794 5420 ν

200 5503 567 5563 Ηωνεὺαπιιισ
595 5503 722 5559 olim
750 5519 876 5558 num
903 5502 1228 5558 Athanasius
1261 5499 1655 5558 Commentaria
1683 5499 1739 5552 in
1768 5497 1978 5552 Lucam
2006 5493 2276 5556 edidisset,
2308 5497 2485 5545 necne.
2521 5488 2666 5543 Licet
2700 5482 2842 5542 enim
2870 5486 3088 5542 Catena:
3113 5485 3168 5540 in
3205 5481 3410 5540 Lucam

121 5605 341 5676 aliquot
377 5600 492 5669 ejus
525 5602 818 5673 fragmenta
845 5603 1178 5672 praeferrent,
1207 5617 1308 5656 non
1344 5599 1398 5653 in
1424 5609 1671 5668 promptu
1700 5604 1815 5650 erat
1859 5595 2031 5649 dicere
2079 5607 2143 5646 ex
2178 5589 2676 5649 Commentariisne,
2708 5604 2774 5640 an
2808 5601 2873 5640 ex
2898 5584 3020 5639 aliis
3050 5585 3251 5676 injuria
3277 5594 3410 5639 tem-

123 5673 324 5767 porum
355 5693 674 5749 oblitteratis
705 5693 944 5754 operibus
971 5696 1090 5750 hinc
1117 5694 1237 5750 inde
1272 5699 1547 5761 cxsumpta
1578 5707 1610 5744 a
1644 5689 1964 5743 Catenarum
1993 5684 2298 5740 auctoribus
2341 5682 2584 5751 fuissent.
2623 5677 2720 5733 His
2752 5694 2869 5733 vero
2900 5676 3124 5746 prolatis
3153 5676 3204 5731 in
3233 5673 3405 5730 lucem
