3860 6220
439 307 573 364 1591
1273 309 1330 362 S.
1373 306 1750 362 ATHANASU
1791 305 1942 362 OPP.
1987 305 2168 360 PARS
2207 305 2294 361 lii.
2335 337 2406 346 —-—
2444 306 2856 362 EXECETICA.
3573 313 3720 368 ἧξεξέ

439 422 952 478 Commentariorum
981 424 1239 494 reliquiis,
1267 426 1354 478 vix
1387 424 1686 494 ambigendi
1721 425 1866 478 locus
1899 433 2172 494 superest:
2199 421 2338 492 quod
2375 425 2497 476 item
2543 425 2604 477 de
2649 423 3055 477 Commentariis
3105 424 3158 476 in
3205 422 3512 479 Mattharum
3557 430 3716 478 diri-

439 533 578 572 mus.
609 518 750 572 Nam
799 520 958 574 series
1003 520 1141 588 ipsa,
1177 519 1589 592 Evangeliorum
1619 523 1982 588 interpretem,
2010 521 2094 571 cui
2123 535 2256 572 unus
2287 536 2348 572 ea
2392 519 2716 588 explanandi
2747 535 2932 587 scopas
2981 519 3086 584 sit,
3129 521 3344 588 arguit;
3381 537 3483 574 non
3531 535 3720 574 autem

439 610 748 678 scriptorem
777 611 842 664 ὲκ
872 611 1174 682 παρέργου,
1211 613 1318 666 sive
1343 629 1409 666 ea:
1443 614 1740 678 occasione,
1771 611 2044 681 Evangelii
2065 612 2210 664 dicta
2235 611 2534 679 aﬂ'erentem
2560 628 2577 665 :
2606 611 2744 680 quod
2773 597 2900 664 sane
2925 612 3106 680 sagaci
3135 612 3348 666 cuilibet
3371 617 3718 682 perspicuum

441 701 556 770 fore
599 702 942 756 arbitramur.
973 702 1039 758 In
1079 703 1306 759 editione
1349 715 1524 758 autem
1565 704 1930 758 Athanasiana
1963 713 2168 764 nostra,
2199 701 2454 756 nonnulla
2505 703 2558 756 in
2603 703 2806 757 Lucam
2853 705 3288 775 ἀποσπασμὰτια
3337 709 3662 774 protulimus
3697 729 3718 764 :

441 811 618 849 verum
649 795 742 850 sub
773 795 884 850 hth
913 797 968 850 in
1011 797 1180 850 multa
1211 798 1322 852 alia
1369 798 1672 862 incidimus,
1705 815 1822 868 quae
1847 799 1950 850 sive
1979 813 2044 850 ex
2083 797 2348 850 codicibus
2387 813 2514 850 mss.
2557 799 2662 852 sive
2691 815 2756 851 ex
2803 798 3005 854 Catena
3047 799 3188 853 edita
3229 802 3284 855 in
3325 802 3552 870 Lucam,
3589 805 3718 871 jam

443 887 602 955 triplo
645 889 832 942 saltem
879 890 1124 942 auctiora
1173 890 1451 958 prodeunt.
1488 889 1696 943 Horum
1742 905 1900 958 porro
1947 889 2299 942 Athanasium
2325 905 2440 942 vere
2473 903 2742 944 auctorem
2773 909 2882 947 esse
2921 895 3181 963 produnt,
3225 914 3342 950 cum
3378 901 3504 966 styli
3549 917 3721 970 genus

440 984 598 1052 plane
619 985 1072 1052 Athanasianum,
1104 995 1214 1038 tum
1241 1003 1304 1040 ea
1335 1003 1452 1058 qua:
1489 999 1676 1040 contra
1699 988 1950 1050 Arianos,
1995 989 2147 1055 quasi
2177 1002 2294 1038 cum
2325 987 2434 1039 lucc
2479 987 2830 1042 scriberentur
2858 994 3040 1045 turbas
3083 993 3291 1058 dantes,
3319 1007 3366 1047 et
3415 994 3566 1049 Verbi
3597 1001 3722 1050 dei-

443 1089 604 1134 tatem
638 1081 1036 1151 impugnantes,
1073 1083 1388 1150 afferuntur.
1417 1081 1550 1147 Quae
1583 1084 1820 1134 oratione
1849 1091 1898 1134 et
1927 1083 2181 1144 arguendi
2217 1084 2324 1134 ritu
2363 1098 2480 1134 cum
2520 1083 2800 1137 Athanasii
2851 1098 3032 1138 contra
3057 1087 3284 1142 Arianos
3309 1090 3718 1148 velitationibus

441 1175 520 1230 ita
546 1188 860 1246 congruunt,
893 1188 950 1232 ut
997 1194 1146 1233 ovum
1181 1193 1285 1230 non
1335 1180 1408 1232 sit
1437 1195 1530 1231 ovo
1582 1179 1832 1231 similius.
1863 1177 1970 1232 Sub
2005 1179 2164 1246 ﬁnem
2211 1193 2330 1231 vero
2357 1177 2682 1232 luculentum
2726 1181 2878 1235 habet
2907 1183 2970 1236 de
2993 1185 3265 1252 expiandis
3297 1187 3348 1238 in
3381 1186 3569 1254 futura
3601 1191 3722 1244 vita

442 1269 720 1326 levioribus
769 1275 960 1328 erratis
1006 1273 1363 1328 testimonium
1393 1275 1525 1328 :ubi
1561 1273 1704 1328 clare
1753 1276 1884 1326 dicit
1932 1289 2082 1343 posse
2119 1274 2432 1343 defunctos,
2476 1278 2566 1348 qui
2617 1293 2682 1330 ex
2725 1280 2944 1348 segnitie
2991 1281 3068 1333 vel
3113 1299 3178 1334 ea:
3226 1287 3720 1342 orocrastinatione

441 1366 642 1438 aliquid
669 1367 961 1434 omiserint,
991 1369 1286 1422 amicorum
1317 1385 1408 1438 ope
1433 1369 1646 1438 juvari;
1679 1385 1825 1424 secus
1855 1385 1940 1424 eos
1973 1371 2062 1441 qui
2087 1371 2320 1440 improbe
2353 1369 2569 1440 versdti,
2595 1376 2962 1442 pcenitentiam
2993 1377 3046 1428 in
3076 1377 3176 1430 hac
3203 1380 3312 1434 vita
3346 1395 3454 1434 non
3483 1383 3717 1450 egerint.

1183 1700 1284 1756 EX
1323 1701 1912 1758 COMMENTARHS
1965 1703 2026 1762 S.
2075 1703 2492 1760 ATHANASH
2545 1705 2634 1760 ΙΝ
2685 1705 2954 1763 LUCAM.

509 1859 579 1916 Et
613 1877 726 1916 ecce
759 1861 859 1914 eris
889 1871 1085 1925 tacens,
1121 1870 1170 1912 et
1206 1875 1308 1914 non
1346 1861 1539 1929 poteris
1571 1860 1734 1930 loqui,
1765 1877 1925 1931 usque
1955 1861 2006 1912 in

2181 1858 2292 1913 Καὶ
2347 1859 2473 1914 ἰδοὺ
2524 1861 2640 1932 ἔσῃ
2675 1861 2934 1928 σιωπῶν,
2969 1865 3064 1916 καὶ
3105 1865 3192 1934 μὴ
3223 1865 3564 1936 δυνάμενος
3596 1877 3716 1927 ,ια-

437 1955 576 2008 diem
605 1969 706 2022 quo
735 1951 844 2006 haec
870 1951 1038 2021 ﬁant;
1063 1967 1156 2019 pro
1193 1967 1252 2004 eo
1287 1951 1427 2021 quod
1464 1967 1564 2004 non
1595 1952 1871 2004 credidisti
1908 1969 2017 2005 rer—

437 2045 515 2098 bis
549 2046 696 2108 meis,
726 2060 841 2113 qua:
869 2041 1225 2111 implebantur
1245 2044 1300 2095 in
1332 2053 1561 2111 tempore
1589 2059 1684 2096 suo
1713 2043 1778 2097 ⁸³.
1811 2044 2018 2098 Zacha-

437 2135 531 2190 riae
557 2149 666 2189 non
701 2132 942 2188 credenti
970 2132 1094 2202 jure
1123 2147 1232 2185 non
1267 2133 1440 2201 parcit
1469 2133 1718 2202 angelus,
1753 2135 1882 2202 quia
1927 2135 2016 2186 ille

435 2228 650 2283 steriles
697 2225 830 2280 alias
879 2223 1172 2290 mulieres,
1213 2239 1334 2292 qua:
1375 2231 1533 2276 antea
1583 2233 1924 2292 pepererant,
1961 2225 2014 2277 in

436 2319 746 2387 exemplum
798 2317 1029 2382 habuit,
1083 2323 1144 2370 ut
1205 2315 1404 2370 docent
1466 2313 1760 2384 Scriptura":
1823 2333 2011 2372 sacrze.

437 2410 667 2478 Ideoque
727 2407 866 2478 quod
921 2417 1168 2460 nascetur
1217 2422 1282 2460 ea:
1327 2417 1378 2459 te
1425 2415 1690 2472 sanctum,
1749 2407 2017 2459 vocabitur

437 2502 617 2556 Filias
655 2501 750 2554 Dei
777 2499 842 2554 “.
869 2497 1054 2569 Neque
1082 2499 1256 2553 solum
1287 2497 1364 2550 ait
1387 2497 1613 2566 angelus
1631 2499 1696 2552 ad
1715 2497 2014 2567 Virginem,

437 2593 577 2647 quod
611 2601 879 2658 nascetur,
929 2607 996 2644 ne
1031 2591 1134 2660 ipsi
1181 2589 1527 2644 extrinsecus
1573 2589 1858 2643 inductum
1891 2605 2016 2642 Cur-

434 2701 538 2755 pus
571 2693 888 2754 putaretur;
937 2683 1028 2738 sed
1073 2683 1205 2735 illud
1245 2681 1408 2734 etiam
1455 2681 1702 2748 addidit,
1737 2697 1802 2734 ea:
1847 2690 1927 2744 te,
1959 2690 2016 2735 ut

436 2777 582 2845 quod
633 2775 960 2829 nascebatur
1009 2773 1079 2828 ab
1125 2774 1242 2843 ipsa
1293 2773 1614 2827 naturaliter
1661 2772 2010 2842 proditurum

435 2869 770 2924 crederetur.
821 2865 1082 2920 Sanctum
1132 2873 1316 2919 autem
1367 2865 1675 2919 vocandum
1724 2875 1871 2926 erat,
1905 2879 2012 2917 non

435 2961 593 3030 quasi
626 2960 678 3014 in
713 2961 830 3029 ipso
853 2957 1026 3012 Filius
1053 2957 1145 3012 Dei
1175 2957 1524 3012 habitaturus
1551 2967 1716 3021 esset,
1753 2966 1916 3026 atque
1948 2973 2014 3010 ex

435 3053 854 3123 participatione
879 3059 1022 3105 esset
1045 3051 1501 3116 sanctiﬁcandus;
1540 3051 1634 3105 sed
1666 3052 1793 3119 quia
1823 3058 2012 3119 utpote

435 3143 608 3199 Filius
655 3143 772 3208 Dei,
823 3159 950 3197 vere
1007 3159 1071 3197 ac
1117 3145 1416 3198 secundum
1473 3152 1724 3196 naturam
1792 3151 2013 3197 sanctus

2121 1953 2330 2020 λῆσαι,
2367 1953 2504 2021 ἄχρι
2547 1951 2622 2024 ἧς
2668 1955 2892 2023 ἡμέρας
2923 1956 3164 2025 γένηται
3209 1961 3428 2013 ταῦτα·
3456 1963 3590 2016 ἀνθ’
3625 1959 3720 2016 ὧν

2120 2045 2228 2096 οὐκ
2255 2044 2622 2110 ἐπίστευσας
2655 2045 2779 2110 τοῖς
2816 2049 3021 2116 λόγοις
3055 2066 3196 2116 μου,
3227 2052 3448 2117 οἵτινες
3471 2059 3718 2122 πληρω-

2119 2135 2405 2199 θήσονται
2421 2139 2508 2201 είς
2529 2136 2638 2189 τὸν
2651 2137 2858 2204 καιρὸν
2875 2139 3073 2192 αὐτῶν
3087 2140 3219 2210 (25).
3237 2145 3310 2194 Οὐ
3344 2147 3714 2212 συγγινώσκει

2117 2225 2172 2278 δὲ
2201 2227 2276 2296 τῷ
2310 2229 2556 2300 Ζαχαρία
2582 2232 2610 2282 6
2641 2229 2867 2296 ἄγγελος
2902 2231 3258 2302 ἀπιστήσειν-ει
3280 2235 3508 2302 δικαίως
3533 2254 3548 2266 ·
3577 2240 3713 2292 διότι

2119 2315 2259 2389 εἶχεν
2303 2321 2506 2383 ἐκεῖνος
2544 2324 2622 2384 εἰς
2671 2323 2972 2392 ὑπόδειγμα
3006 2325 3099 2376 καὶ
3141 2325 3306 2390 ἄλλας
3348 2331 3574 2400 στείρας
3607 2333 3716 2401 τιρὸ

2120 2409 2284 2462 αὐτοῦ
2331 2413 2631 2483 γενομένας
2671 2415 2762 2466 καὶ
2793 2416 3076 2479 τεκούσας,
3103 2418 3176 2480 ὡς
3222 2421 3277 2472 αἱ
3315 2419 3456 2473 Θείαι
3490 2423 3534 2473 Γ
3539 2425 3716 2493 paeni.

2117 2503 2476 2558 διδάσκουσιν.
2511 2507 2608 2558 Διὸ
2635 2508 2732 2560 καὶ
2767 2507 2832 2560 τὸ
2867 2507 3238 2577 γεννώμενον
3265 2511 3334 2563 ἐκ
3361 2511 3482 2565 σοῦ
3515 2513 3712 2582 ἅγιον,

2118 2593 2480 2661 κληθήσεται
2535 2597 2668 2662 Υἱὸς
2715 2599 2883 2652 Θεοῦ.
2922 2601 3034 2670 Οὐχ
3078 2600 3264 2664 ἁπλῶς
3295 2602 3352 2654 δὲ
3381 2604 3446 2656 τὸ
3489 2605 3716 2673 γεννώ-

2111 2687 2300 2754 μενόν
2340 2705 2472 2758 φησι
2523 2691 2658 2759 πρὸς
2703 2693 2802 2762 τὴν
2845 2693 3120 2762 Παρθένον
3155 2696 3184 2746 ὁ
3223 2694 3473 2764 ἄγγελος,
3505 2698 3593 2750 ἵνα
3637 2699 3712 2768 μὴ

2117 2777 2314 2843 ἔξωθεν
2345 2780 2766 2851 ἐπεισαγόμενον
2797 2784 2932 2853 αὐτῇ
2970 2786 3129 2854 σῶμα
3168 2787 3421 2858 νομισοῇ·
3455 2789 3576 2842 ἀλλ’
3621 2793 3714 2842 ἐπε

2117 2869 2322 2938 ἢγαγεν
2362 2870 2454 2922 καὶ
2475 2871 2558 2936 τὸ,
2585 2874 2652 2925 ἐκ
2683 2873 2820 2938 σοῦ,
2853 2875 2940 2928 ἵνα
2971 2875 3031 2936 ἐξ
3051 2877 3216 2946 αὐτῆς
3236 2877 3394 2946 φύσει
3424 2880 3485 2930 τὸ
3505 2882 3712 2947 γεννώ-

2121 2977 2278 3029 μενον
2311 2959 2444 3016 εἷναι
2481 2965 2762 3036 πιστευθῇ.
2795 2967 2984 3034 Ἂγιον
3029 2969 3084 3022 δὲ
3128 2970 3568 3041 κληθησόμενον,
3609 2976 3713 3043 οὐχ

2119 3052 2193 3112 ὡς
2237 3051 2440 3108 ἕνοικον
2487 3055 2676 3118 ἕξοντα
2711 3057 2800 3110 τὸν
2829 3057 2956 3110 Υἰὸν
2987 3059 3084 3112 τοῦ
3125 3060 3282 3124 Θεοῦ,
3313 3065 3409 3114 καὶ
3439 3066 3506 3114 ὲκ
3553 3082 3716 3133 p.210-

2117 3143 2218 3212 χῆς
2254 3143 2740 3216 ἁγιασθησόμενον,
2771 3147 2883 3202 ἀλλ’
2914 3149 2988 3212 ὡς
3020 3150 3146 3202 ὄντα
3177 3151 3318 3203 κατὰ
3341 3152 3504 3219 φύσιν
3531 3154 3712 3220 ἅγιον.

435 3247 610 3301 esset,
643 3247 803 3306 atque
835 3253 994 3290 unus.
1035 3235 1104 3288 Et
1135 3253 1248 3288 ecce
1273 3233 1510 3288 Elisabet
1551 3245 1772 3303 cognata
1821 3243 1912 3286 tua
1945 3233 2010 3287 “5.

2122 3233 2190 3304 τῷ
2217 3235 2307 3287 τὸν
2339 3236 2498 3290 αὐτὸν
2529 3239 2652 3290 Υἰὸν
2675 3240 2938 3310 ὑπάρχειν
2965 3241 3122 3304 Θεοῦ,
3150 3245 3243 3295 καὶ
3273 3243 3366 3296 ἕνα
3397 3241 3558 3296 εἶναι.
3593 3245 3712 3298 Καὶ

435 3329 735 3396 Cognatam
780 3339 960 3383 autem
1011 3329 1372 3384 sanctissimae
1406 3325 1642 3396 Virginis
1685 3325 2014 3380 Elisabetam

435 3422 572 3475 dixit
598 3423 823 3491 angelus
843 3463 860 3488 ,
905 3421 1018 3475 sive
1049 3421 1178 3490 quia
1225 3435 1288 3472 ex
1349 3435 1457 3472 uno
1488 3421 1788 3486 eodemque
1817 3432 2018 3486 proavo

436 3511 645 3566 Jacobo
689 3521 870 3567 ortum
901 3513 1206 3578 ducebant,
1239 3511 1353 3565 sive
1396 3511 1524 3580 quia
1560 3519 1683 3564 ante
1717 3511 1896 3564 datam
1943 3510 2019 3563 le—

437 3619 556 3675 gem
610 3604 834 3670 Aaron,
881 3605 976 3674 qui
1020 3619 1083 3658 ex
1132 3605 1276 3658 tribu
1325 3603 1455 3657 Levi
1501 3611 1638 3668 erat,
1689 3601 2018 3656 Elisabetam

435 3710 661 3748 uxorem
687 3696 915 3765 accepit,
959 3695 1122 3749 tiliam
1155 3695 1460 3750 Aminadab
1491 3704 1544 3749 et
1580 3711 1820 3750 sororem
1845 3693 2016 3750 Νοτιε-

435 3803 538 3843 son
563 3787 630 3855 ι’,
656 3803 720 3843 ex
753 3791 892 3842 tribu
921 3787 1057 3842 Jnda
1085 3791 1207 3842 orti.
1235 3789 1515 3858 Siquidem
1551 3789 1640 3844 hic
1669 3791 1814 3858 regia
1843 3789 2018 3844 tribus

435 3877 596 3946 Juda,
635 3896 698 3934 ex
729 3897 834 3950 qua
869 3881 1214 3936 sanctissima
1248 3879 1413 3952 Virgo
1444 3889 1632 3936 exorta
1677 3893 1780 3948 est,
1823 3897 2020 3936 sacer-

436 3971 600 4026 dotali
653 3973 818 4027 tribui
867 3971 994 4027 Levi
1035 3973 1326 4042 conjuncta
1365 3983 1468 4035 est,
1519 3989 1584 4028 ex
1629 3989 1738 4043 qua
1781 3971 2020 4028 Elisabet

436 4073 574 4118 erat.
607 4061 969 4130 Quamobrem
1005 4063 1309 4117 admirabili
1341 4077 1565 4132 prorsus
1606 4063 1769 4116 modo
1797 4063 2015 4132 sapien-

437 4155 476 4208 ti
511 4156 646 4209 sima
676 4155 1004 4209 sanctissimi
1033 4152 1267 4224 Spiritus
1298 4155 1471 4224 gratia
1506 4153 1734 4218 curavit,
1769 4153 2015 4208 utetiam

437 4246 553 4300 bare
599 4245 874 4302 Zachariae
927 4263 1102 4310 uxor,
1157 4247 1379 4316 perinde
1425 4255 1591 4316 atque
1637 4245 1730 4300 illa
1781 4245 2015 4302 Aaronis

441 4339 663 4406 conjux,
695 4335 936 4391 Elisabet
964 4346 1282 4400 vocaretur;
1311 4343 1370 4390 ut
1413 4335 1494 4390 vel
1535 4350 1603 4390 ex
1629 4335 1850 4390 nomine
1872 4335 2016 4390 clare

445 4429 833 4496 edisceremus,
854 4430 1228 4500 cognationem
1245 4427 1522 4498 Virginem
1549 4429 1761 4500 inter_et
1787 4438 2014 4483 matrem

2117 3329 2245 3382 ἰδοὺ
2275 3331 2585 3386 Ἐλισιὶἕετ
2629 3336 2666 3400 ἠ
2709 3336 3010 3404 συγγενής
3055 3355 3195 3390 σου.
3233 3339 3478 3408 Συγγενῆ
3515 3340 3572 3391 δὲ
3607 3342 3716 3410 τῆς

2115 3423 2390 3488 παναγίας
2417 3423 2692 3493 Παρθένου
2747 3427 2846 3495 τὴν
2875 3427 3158 3480 Ἐλισαϐετ
3201 3425 3352 3482 εἶπεν
3393 3433 3422 3482 6
3451 3431 3712 3498 ἄγγελος,

2116 3514 2223 3564 εἴτε
2254 3513 2329 3575 ὡς
2357 3513 2414 3578 ἐξ
2461 3515 2578 3578 ἑνὸς
2605 3517 2947 3588 προπάτορος
2979 3517 3072 3568 τοῦ
3100 3516 3292 3570 Ἰακὼὸ
3330 3519 3712 3590 ὑπαρχούσας,

2116 3604 2224 3654 εἴτε
2252 3603 2338 3656 διὰ
2365 3603 2422 3656 τὸ
2449 3605 2553 3675 πρὸ
2577 3609 2674 3676 τῆς
2699 3607 3018 3676 νομοθεσίας
3046 3609 3228 3661 λαϐεῖν
3253 3610 3344 3662 τὸν
3373 3610 3610 3682 ’Λαρὼν,
3655 3615 3717 3664 ἐκ

2115 3694 2215 3763 τῆς
2263 3693 2357 3746 τοῦ
2395 3695 2526 3749 Λευῒ
2579 3697 2750 3767 φυλῆς
2803 3699 2953 3760 ὄντα,
2999 3703 3232 3768 γυναῖκα
3265 3702 3364 3772 τὴν
3397 3701 3712 3764 Ἔλισάϐετ,

2117 3787 2391 3856 Θυγατέρα
2430 3785 2593 3841 οὖσαν
2629 3791 2722 3842 τοῦ
2751 3791 3078 3860 Ἀμιναδὰμ,
3111 3791 3210 3862 τὴν
3251 3792 3484 3863 ἀδελφὴν
3515 3794 3702 3846 Ναασ-

2119 3879 2248 3940 σῶν,
2297 3881 2362 3931 ἐκ
2391 3879 2489 3949 τῆς
2534 3879 2625 3932 τοῦ
2659 3880 2830 3932 Ἰούδα
2865 3882 3035 3952 φυλῆς
3075 3883 3430 3954 ὑπάρχοντος.
3459 3885 3570 3937 Καὶ
3595 3885 3713 3956 γὰρ

2117 3969 2350 4022 ἐνταῦθα
2383 3969 2625 4042 συνήφῦη
2651 3973 2684 4041 ἠ
2725 3970 2978 4042 βασιλικὴ
3005 3973 3098 4026 τοῦ
3123 3974 3296 4028 Ἰούδα
3333 3975 3498 4047 φυλὴ,
3541 3976 3602 4039 ἐξ

2116 4055 2240 4130 ἧνὴ
2274 4060 2512 4123 παναγία
2542 4060 2834 4130 ΠαρΟὲνος,
2867 4065 2930 4132 τῇ
2968 4065 3210 4135 ἱερατικῇ
3249 4065 3342 4117 τοῦ
3372 4067 3504 4118 Λευῒ
3541 4067 3708 4138 φυλῇ,

2116 4150 2176 4215 ἐξ
2222 4147 2290 4220 ἧς
2327 4153 2572 4222 ὑπῆρχεν
2614 4152 2645 4220 ἡ
2681 4150 2986 4205 Ἐλισὰϐετ.
3033 4153 3126 4205 Διὸ
3173 4155 3264 4207 καὶ
3315 4156 3638 4226 παραδόξως
3679 4161 3710 4225 ἠ

2117 4244 2392 4312 πάνσοφος
2423 4245 2514 4297 τοῦ
2557 4246 2822 4314 παναγίου
2851 4245 3168 4316 Πνεύματος
3197 4247 3516 4318 ᾠκονόμησε
3547 4251 3712 4319 χάρις

2116 4335 2209 4388 καὶ
2241 4335 2442 4404 ταύτην
2473 4337 2570 4406 τὴν
2615 4337 2882 4406 Ζαχαρίου
2929 4341 3164 4406 γυναῖκα
3207 4339 3488 4392 Ἐλισάόετ
3535 4357 3703 4410 προσ-

2116 4427 2494 4499 αγορεύεσθαι,
2511 4428 2698 4500 ὥσπερ
2722 4429 2816 4482 καὶ
2837 4430 2934 4500 τὴν
2949 4429 3044 4482 τοῦ
3062 4429 3292 4502 Ἀαρὼψ
3316 4431 3466 4494 ὅπως
3493 4431 3585 4483 διὰ
3611 4429 3708 4484 τοῦ

437 4529 792 4596 ρι’τεοιιτεοι·ἱε
821 4526 1171 4592 Elisabetam,
1200 4542 1266 4579 ex
1299 4525 1404 4580 alia
1435 4525 1522 4579 illa
1569 4523 1840 4580 Elisabeta
1867 4521 2012 4577 duci.

2122 4521 2377 4592 ὀνόματος
2409 4520 2654 4592 ἐναργῶς
2689 4521 2966 4592 μάθωμεν,
3001 4521 3078 4584 ὡς
3111 4523 3170 4588 ἐξ
3194 4523 3408 4592 ἐκείνης
3436 4525 3538 4592 τῆς
3566 4524 3708 4577 Ἐλιο

457 4623 621 4676 σάὁετ
649 4625 682 4694 ὴ
731 4622 864 4695 πρὸς
897 4624 993 4692 τὴν
1039 4623 1309 4695 Παρθένον
1357 4623 1449 4674 καὶ
1503 4621 1638 4694 πρὸς
1673 4621 1773 4691 τὴν
1823 4619 2035 4690 μητέρα
2074 4617 2166 4672 τοῦ
2199 4617 2502 4688 προδρόμου
2533 4617 2813 4670 Ἐλισάϐετ
2845 4617 3078 4687 ὑπάρχει
3110 4617 3415 4686 συγγένεια.

508 4715 646 4770 Cum
675 4731 837 4787 porro
865 4716 1004 4770 dixit
1031 4714 1374 4770 sanctissima
1407 4713 1572 4782 Virgo
1605 4731 1618 4767 :
1657 4711 1794 4766 Ecce
1818 4711 2018 4764 ancilla

440 4807 690 4874 Domini,
727 4808 824 4878 ﬁat
871 4809 1000 4860 mihi
1043 4806 1334 4862 secundum
1382 4806 1594 4859 verbum
1639 4817 1790 4860 tuum
1833 4803 1912 4868 ‘7;
1961 4803 2016 4857 id

439 4901 777 4956 declaravit:
823 4899 1028 4954 Tabula
1083 4915 1204 4952 sum
1259 4899 1314 4952 in
1356 4913 1465 4967 qua
1508 4896 1774 4966 quidquid
1823 4895 2016 4950 scribae

439 4993 632 5065 placet,
655 4991 998 5046 describitur.
1027 4989 1261 5054 Scribat,
1285 5003 1386 5059 pro
1409 4987 1578 5043 lubito
1605 4995 1731 5056 agat
1755 4985 2017 5040 Dominus

439 5085 698 5140 universi.
749 5084 987 5154 Accepta
1041 5083 1268 5152 angelus
1311 5099 1342 5136 a
1397 5079 1746 5136 sanctissima
1791 5077 2015 5150 Virgine

441 5179 562 5234 lidei
593 5177 952 5242 confessione,
984 5176 1248 5232 abscessit
1271 5175 1338 5230 ab
1365 5175 1476 5230 illa.

511 5269 824 5340 Magni/ient
861 5271 1040 5322 anima
1083 5285 1202 5322 mea
1247 5266 1534 5321 Dominum
1577 5265 1644 5319 ⁸⁸.
1679 5263 1834 5319 Sicut
1866 5263 2014 5319 enim

443 5364 668 5433 gloriam
715 5358 827 5418 Deo
869 5362 1097 5428 all‘crre,
1163 5376 1270 5416 non
1325 5359 1597 5429 signiﬁcat
1647 5357 1750 5428 ipsi
1799 5357 2014 5414 laudem

509 5495 556 5528 "
579 5493 711 5552 Luc.
736 5513 776 5560 ι,
809 5495 900 5551 20.
977 5495 1020 5528 δ”
1051 5496 1182 5551 ibid.
1211 5495 1301 5548 55.
1380 5495 1425 5526 ⁸⁵
1449 5493 1579 5550 ibid.
1615 5493 1706 5552 εδ.

515 5633 626 5696 (9.ἳῆ
661 5631 785 5688 llaec
809 5648 874 5686 ex
905 5633 1092 5686 codice
1119 5629 1288 5698 Regio
1319 5628 1482 5698 9428,
1523 5645 1556 5680 χ
1591 5629 1791 5698 seaculi.

977 5495 1020 5528 δ”
1051 5496 1182 5551 ibid.
1211 5495 1301 5548 55.

1781 5493 1802 5527 '
1857 5491 2028 5548 Exod.
2057 5506 2134 5558 Vl,
2173 5491 2266 5546 25.

2190 4709 2432 4762 Εἰποῦσα
2461 4709 2516 4762 δὲ
2557 4710 2588 4779 ἡ
2629 4707 2870 4777 παναγὶα
2909 4709 3210 4780 Παρθένος·
3246 4709 3391 4763 Ἰδοὺ
3429 4711 3469 4777 ἡ
3509 4709 3704 4778 δούλη

2121 4803 2365 4870 Kvplov,
2391 4801 2623 4870 γένοιτό
2643 4819 2746 4871 μοι
2772 4803 2921 4855 κατὰ
2949 4802 3014 4854 τὸ
3037 4801 3205 4871 ῥῆμά
3224 4819 3369 4855 σου’
3401 4801 3564 4855 τοῦτο
3587 4803 3706 4872 ἑ.δὴ-

2121 4893 2324 4946 λωσεν·
2376 4893 2544 4958 Πίναξ
2593 4893 2726 4962 εἰμὶ,
2777 4895 2959 4962 φησὶν,
3007 4893 3347 4965 γραφόμενος
3389 4893 3420 4945 ὃ
3453 4893 3704 4962 βούλεται

2121 4988 2149 5039 6
2194 4985 2442 5056 γραφεύς.
2491 4985 2786 5056 Γραφὲτω,
2823 4985 3046 5038 ποιείτω
3073 4987 3102 5038 ὃ
3131 4987 3276 5039 θέλει
3303 4989 3332 5039 ὁ
3363 4986 3457 5038 τοῦ
3500 4986 3702 5050 παντὸς

2123 5079 2347 5150 Κύριος.
2382 5078 2684 5149 Δεξάμενος
2709 5079 2764 5132 δὲ
2791 5082 2818 5133 ὁ
2857 5081 3086 5150 ἄγγελος
3129 5080 3229 5150 τῆς
3254 5079 3524 5146 παναγίας
3557 5080 3706 5149 Παρ-

2123 5171 2279 5225 θένου
2301 5171 2396 5242 τὴν
2418 5173 2705 5243 ὁμολογίαν
2729 5176 2826 5246 τῆς
2853 5175 3108 5237 πίστεως,
3135 5173 3374 5241 ἀπῆλθεν
3394 5173 3488 5224 ἀπ’
3511 5172 3700 5241 αὐτῆς.

2195 5260 2308 5333 (26)
2341 5265 2672 5331 Μεγαλύνει
2701 5267 2739 5334 ἡ
2769 5265 2938 5334 ψυχή
2963 5281 3082 5334 μου
3103 5263 3210 5317 τὸν
3233 5265 3470 5330 Κύριον.
3493 5263 3701 5332 Ὥσπερ

2121 5353 2230 5424 γὰο
2263 5355 2323 5408 τὸ
2353 5354 2595 5420 δοξάζειν
2620 5357 2711 5412 τὸν
2750 5357 2881 5410 Θεὸν
2913 5359 3012 5410 οὐκ
3045 5357 3239 5422 ἔξωθεν
3271 5355 3522 5409 εὔκλειαν
3553 5357 3699 5410 abem

2313 5559 2316 5562 ,
2345 5492 2392 5524 "
2421 5491 2558 5550 Luc.
2595 5508 2635 5560 ῐ,
2676 5493 2786 5549 2’38.~
2843 5495 2887 5526 “
2919 5494 3049 5550 ibid.
3079 5495 3168 5550 £6.

519 5703 630 5772 (:26)
656 5701 787 5770 Quae
813 5711 1118 5772 sequuntur
1148 5696 1230 5770 ex:
1255 5701 1442 5756 codice
1465 5697 1598 5770 Reg.
1634 5697 1771 5754 H40
1793 5696 2096 5768 desumpta,
2124 5709 2258 5753 casa
2288 5705 2438 5764 sunt,
2470 5711 2524 5770 p.
2557 5697 2716 5754 i009.
