3860 6220
473 378 613 436 i395

1281 386 1338 442 S.
1382 389 1750 448 ATHANASH
1789 393 1937 449 OPP.
1975 393 2156 452 PARS
2197 397 2284 454 lll.
2325 426 2396 438 —
2433 395 2844 453 EXEGETICA.

3589 401 3714 455 1596

465 502 551 547 est
573 493 754 550 homo.
795 499 952 563 Quod
997 501 1041 556 si
1069 504 1190 572 quis
1229 505 1378 564 illud.
1417 519 1476 560 ut
1512 512 1754 565 sisterent
1787 529 1903 566 eum
1935 513 2044 568 Do-

2153 516 2487 588 ριὸἐσληται,
2525 518 2640 570 ἀλλ’
2673 518 2858 570 ἕνεκεν
2883 515 2976 570 τοῦ
3027 514 3274 584 ἁγιάζειν
3305 517 3404 588 τὴν
3429 515 3612 588 σάρκα
3635 531 3714 586 γε-

469 588 634 651 mino,
683 589 750 644 de
799 592 919 662 ipso
965 594 1199 652 Domino
1241 600 1446 654 dictum
1491 604 1746 671 excipiat,
1779 606 1824 660 is
1851 623 1982 662 sane
2011 623 2040 661 a

461 681 944 742 verisimilitudine
985 689 1204 746 labitur.
1231 690 1589 757 Quandonam
1618 696 1882 754 Dominus
1912 715 2044 754 ocu-

463 767 532 824 lis
579 768 758 828 Patris
803 775 1157 836 absconditus
1199 779 1320 846 fuit,
1371 795 1430 838 ut
1469 801 1574 839 non
1615 797 1798 854 posset
1825 789 1894 842 ah
1925 789 2044 859 ipso

463 864 810 921 videri?Aut
849 870 972 937 quis
1021 873 1173 926 locus
1201 883 1352 930 extra
1413 876 1532 944 ejus
1587 877 1843 934 ditionem
1897 881 2044 950 posi—

461 961 573 1020 tus,
603 965 663 1010 ut
694 958 801 1012 illic
826 960 1047 1032 degens,
1097 963 1246 1020 Patri
1291 983 1531 1036 prarsens
1563 986 1668 1024 non
1708 981 1872 1034 esset,
1907 975 2042 1027 n‘sn-

463 1045 859 1120 Jerosolymam
907 1054 1104 1116 allatus
1131 1067 1184 1111 et
1219 1058 1270 1111 in
1305 1060 1564 1129 templum
1595 1062 1848 1118 inductus
1869 1065 2044 1119 esset?

465 1137 577 1192 (Zur
607 1139 893 1212 ﬁguratam
935 1145 1166 1202 hostiam
1231 1151 1566 1220 offerebant,
1629 1171 1752 1210 cum
1805 1157 1918 1226 ipse
1975 1159 2044 1212 sit

463 1229 710 1284 veritas?
739 1231 824 1286 An
869 1233 1006 1289 forte
1041 1251 1150 1300 non
1183 1255 1279 1307 pro
1324 1241 1434 1306 illo,
1461 1243 1554 1296 sed
1589 1259 1686 1312 pro
1719 1245 1880 1299 nobis
1929 1246 2044 1300 haec

464 1321 666 1390 scripta
691 1325 857 1380 sunt?
891 1323 1363 1390 Quemadmodum
1399 1332 1568 1398 enim,
1606 1333 1748 1388 Deus
1795 1351 1918 1390 cum
1951 1338 2040 1398 sit,

463 1426 574 1466 non
609 1415 692 1468 sui
718 1431 904 1482 causa,
923 1426 1118 1474 natura
1145 1421 1330 1486 homo,
1361 1423 1480 1478 sine
1508 1427 1808 1482 mutatione
1835 1437 2040 1493 tamen,

463 1503 714 1568 ellicitur,
753 1523 915 1564 carne
947 1510 1382 1578 circumciditur,
1415 1516 1740 1586 baptizatur,
1773 1527 1900 1582 etc.,
1948 1523 2042 1574 sed

465 1597 640 1650 noslri
670 1599 866 1668 gratia,
891 1611 946 1656 ut
979 1619 1104 1666 nos,
1126 1606 1220 1674 qui
1243 1606 1496 1662 homines
1517 1625 1728 1676 sumus,
1753 1612 2044 1682 adeptione

465 1701 562 1754 per
591 1690 819 1758 gratiam
871 1693 945 1746 dii
981 1695 1280 1751 eiiieiamur
1303 1737 1318 1762 ,
1345 1709 1401 1752 et
1447 1699 1906 1760 circumeidamur
1933 1705 2044 1774 spi-

467 1779 760 1848 ritualiter,
788 1797 897 1837 non
928 1787 1230 1840 secundum
1269 1789 1462 1859 legem,
1495 1793 1684 1846 sordes
1713 1795 1914 1861 peccati
1949 1811 2044 1864 per

2145 627 2300 678 γονεν
2335 609 2640 680 ἄνθρωπος.
2677 611 2740 662 El
2771 610 2828 663 δὲ
2869 611 2964 663 καὶ
2995 609 3076 672 τὸ,
3127 608 3520 678 παραστῆσαι
3541 611 3718 663 αὐταὶ-ν

2144 701 2225 766 τῷ
2267 703 2477 770 Κυρίῳ,
2507 703 2636 774 περὶ
2666 701 2831 756 αὑτοῦ
2865 702 2958 754 τοῦ
2991 701 3197 771 Κυρίου
3235 720 3321 766 τις
3354 702 3597 766 ὲκλὰδοι,
3631 708 3714 756 καὶ

2145 793 2320 856 οὕτως
2347 795 2604 847 ὲκπίπτει
2647 793 2742 846 τοῦ
2778 793 3004 855 εἰκότος.
3055 795 3193 846 Πότε
3243 795 3350 864 γὰρ
3381 793 3670 864 ἁπεκρύϐη
3695 798 3720 846 ὀ

2145 887 2350 958 Κύριος
2377 889 2441 940 ἐκ
2487 887 2596 940 τῶν
2637 885 2928 957 ὀφθαλμῶν
2964 885 3059 938 τοῦ
3095 887 3308 958 Πατρὸς
3330 930 3344 952 ,
3392 887 3480 940 ἵνα
3533 886 3607 957 μὴ
3637 887 3690 938 δυ

2145 977 2280 1048 νηθῇ
2333 979 2422 1030 ὑπ’
2465 975 2630 1029 αὐτοῦ
2669 975 2936 1046 ὀρᾶσθαι;
2975 977 3044 1028 Ἢ
3073 979 3225 1038 ποῖος
3255 976 3415 1038 τόπος
3481 975 3590 1040 ἔξω
3634 975 3720 1044 τῆς

2145 1067 2312 1122 αὑτοῦ
2340 1068 2656 1132 δεσποτείας
2683 1069 2938 1140 ὑπάρχει,
2971 1067 3056 1120 ἵνα
3088 1069 3203 1120 ἐκεῖ
3243 1067 3318 1122 ῶν
3353 1067 3426 1139 μὴ
3459 1069 3608 1138 παρῇ

2145 1161 2341 1230 Πατρὶ,
2375 1163 2423 1214 εί
2457 1161 2530 1231 μὴ
2569 1163 2651 1224 εἰς
2687 1159 3034 1231 Ἰεροσόλυμα
3079 1158 3371 1230 ἀνηνέχθη,
3409 1161 3506 1212 καὶ
3539 1162 3617 1220 εἰς
3639 1159 3721 1210 τὸν

2145 1251 2272 1303 ναὸν
2323 1251 2656 1322 είσηνέχθη;
2693 1249 2818 1312 Πῶς
2849 1249 2906 1302 δὲ
2951 1251 3045 1302 καὶ
3098 1249 3196 1313 τὰς
3244 1250 3483 1314 τυπικὰς
3541 1249 3720 1312 θυσίας

2147 1342 2506 1415 προσέφερον,
2545 1341 2709 1394 αὑτοῦ
2754 1341 3094 1412 ὑπάρχοντος
3125 1341 3224 1411 τῆς
3271 1340 3566 1408 ἁληθείας;
3609 1341 3720 1410 Μή-

2148 1437 2265 1488 ποτ’
2291 1432 2384 1490 οὖν
2409 1437 2471 1490 οὐ
2511 1435 2586 1488 δι’
2625 1435 2788 1487 αὐτὸν
2809 1473 2822 1497 ,
2857 1433 2996 1498 ἀλλὰ
3037 1434 3106 1485 δι’
3135 1435 3285 1503 ἡμᾶς
3313 1433 3488 1486 ταῦτα
3524 1433 3718 1503 γέγρα-

2146 1543 2322 1590 πται;
2373 1525 2586 1598 Ὥσπερ
2621 1525 2752 1596 γὰρ,
2783 1525 2917 1586 Θεὸς
2963 1522 3074 1589 ὢν,
3115 1527 3177 1578 οὐ
3219 1525 3286 1577 δι’
3323 1525 3520 1577 ἑαυτὸν
3571 1525 3720 1593 φύσει

2146 1618 2433 1690 ἄνθρωπος
2479 1617 2768 1687 ἀτρέπτως
2815 1617 3045 1688 γίνεται,
3077 1617 3171 1670 καὶ
3209 1615 3366 1687 σαρκὶ
3409 1615 3720 1686 περιτέμνε-

2145 1727 2257 1774 ται,
2293 1711 2388 1764 καὶ
2423 1707 2765 1778 βαπτίζεται,
2801 1711 2895 1763 καὶ
2924 1709 3126 1774 τᾶλλα,
3171 1708 3305 1761 ἀλλὰ
3337 1709 3404 1760 δι’
3443 1709 3614 1778 ἡμᾶς,
3641 1707 3718 1760 ἵνα

2147 1805 2334 1872 ἡμεῖς,
2371 1801 2646 1872 ἄνθρωποι
2679 1801 2852 1865 ὄντες,
2881 1801 3027 1854 θέσει
3060 1801 3148 1854 διὰ
3175 1801 3274 1870 τῆς
3304 1800 3531 1871 χάριτος
3561 1798 3718 1866 γενώ-

463 1865 796 1936 baptismum
832 1871 1144 1942 abluamus,
1180 1879 1568 1948 erucitigamur
1611 1883 1838 1945 mundo,
1873 1895 1927 1938 et
1959 1901 2042 1938 re-e

2152 1893 2294 1960 μεθα
2331 1892 2464 1958 θεοὶ,
2497 1893 2592 1946 καὶ¹
2625 1893 3055 1964 περιτμηθῶμεν
3085 1891 3500 1960 πνευματικῶς,
3531 1891 3640 1942 ἀλλ’
3661 1890 3714 1942 οὐ

465 1973 756 2027 surgamus
791 1963 932 2030 Deo;
965 1966 1040 2020 ita
1085 1969 1228 2037 quod
1267 1971 1356 2024 hic
1389 1970 1590 2026 dicitur
1627 1975 1694 2028 de
1725 1977 2044 2046 purgatione

463 2065 680 2116 eorum,
712 2065 784 2117 et,
818 2067 869 2118 ult
901 2058 1144 2120 sisterent
1167 2075 1284 2112 eum
1319 2059 1567 2126 Domino,
1601 2073 1656 2118 et
1699 2065 1764 2118 de
1797 2065 2048 2135 ﬁguratis

473 2139 692 2209 hostiis,
715 2161 821 2198 non
857 2148 1048 2216 ipsius,
1078 2149 1172 2204 sed
1221 2153 1398 2206 nostri
1431 2169 1596 2208 causa
1636 2167 1789 2224 gesta
1820 2167 1874 2210 et
1907 2159 2044 2211 scri-

463 2241 557 2300 pta
591 2245 750 2300 sunt,
783 2247 840 2290 ut
888 2239 1168 2294 discamus
1223 2243 1502 2310 quomodo
1553 2259 1654 2298 nos
1715 2261 1948 2314 purgare
1991 2256 2046 2300 et

467 2323 662 2379 sistere
713 2327 822 2382 Deo
849 2329 1162 2396 debeamus,
1196 2335 1430 2405 mystice
1453 2351 1518 2391 ac
1551 2337 1910 2406 Spiritualiter
1957 2339 2052 2396 ομ.

465 2413 702 2472 ferentes
737 2421 838 2488 ipsi
871 2439 970 2496 par
1003 2433 1301 2492 turturum,
1338 2439 1432 2484 aut
1454 2430 1592 2486 duos
1621 2432 1800 2500 pullos
1827 2431 2042 2486 colum-

469 2511 686 2563 barum.
724 2513 930 2568 Turtur
960 2518 1159 2587 quippe
1195 2523 1564 2591 temperantia:
1593 2531 1648 2576 et
1667 2523 1868 2592 quietis
1892 2541 2042 2594 sym-

464 2601 649 2656 bolum
681 2615 800 2659 est:
851 2623 976 2672 nam
1030 2610 1341 2666 solitudinis
1387 2627 1579 2670 amans
1637 2615 2046 2670 continentissi-

465 2709 728 2763 mumque
755 2697 956 2756 animal
987 2708 1108 2766 est;
1155 2701 1228 2755 ita
1271 2711 1331 2756 ut
1363 2703 1480 2758 sive
1519 2719 1668 2758 mare
1695 2705 1811 2760 sive
1842 2705 2054 2760 femina.

463 2783 758 2854 defunctis,
793 2797 982 2844 neuter
999 2805 1190 2845 eorum
1215 2793 1374 2848 alteri
1402 2797 1686 2864 copuletur
1711 2817 1724 2852 :
1760 2799 1892 2865 pulli
1917 2815 2046 2852 vero

466 2877 872 2944 columbarum,
923 2882 1249 2940 innocentiae
1296 2897 1349 2942 et
1397 2891 1838 2946 mansuetudinis
1885 2901 2048 2962 typus.

463 2977 612 3022 sunt.
651 2970 944 3043 Quotquot
971 2975 1136 3044 igitur
1163 2993 1284 3034 sese
1315 2995 1410 3050 per
1436 2982 1827 3036 continentiam
1859 2999 1890 3036 a
1925 2999 2046 3036 car-

465 3059 684 3116 nalibus
715 3065 1084 3136 voluptatibus
1109 3079 1162 3125 et
1195 3072 1658 3142 concupiscentiis
1691 3083 1996 3144 expurgant
2025 3118 2056 3144 λ

465 3165 532 3206 ac
551 3167 648 3221 per
673 3154 1040 3216 innocentiam
1069 3170 1123 3215 et
1161 3164 1639 3220 mansuetudinem
1679 3165 1750 3218 ah
1777 3166 1858 3220 ira
1885 3175 1940 3220 et
1967 3165 2062 3222 fu-.

465 3257 592 3298 rore
630 3255 952 3315 temperant,
989 3251 1247 3320 pulchras
1273 3268 1460 3308 revera
1497 3255 1703 3310 hostias
1735 3256 2043 3324 aﬂ‘erentes,
2073 3226 2116 3284 ο

465 3333 562 3390 Dei
603 3341 846 3407 aspectui
913 3352 1118 3411 patent,
1155 3360 1218 3400 ac
1277 3346 1330 3399 in
1377 3344 1680 3402 Jerusalem
1725 3349 1932 3404 caelesti
1987 3364 2048 3403 se

469 3429 692 3484 sistunt.
712 3430 1076 3504 Nihilquippe
1101 3436 1172 3490 ita
1197 3436 1304 3492 Deo
1329 3437 1556 3492 charum
1589 3449 1674 3494 est
1703 3451 1764 3495 ut
1793 3441 2047 3498 innocen-

469 3521 548 3574 tia
595 3534 648 3576 et
692 3524 1048 3588 continentia.
1089 3525 1165 3590 Ita
1194 3543 1326 3582 sane
1371 3543 1472 3584 nos
1526 3531 1869 3588 continentes
1922 3545 2050 3585 esse

470 3615 700 3683 expetit,
729 3625 789 3670 ut
827 3633 893 3671 ne
933 3618 1152 3687 quidem
1199 3621 1266 3674 ad
1319 3623 1816 3692 concupiscentiam
1873 3639 2048 3692 usque

470 3705 756 3760 mulierem
783 3709 1146 3776 respiciamus
1171 3711 1238 3766 ἰ.
1275 3710 1350 3766 De
1381 3713 1690 3768 innocentia
1723 3721 1906 3767 autem
1933 3715 2050 3767 hinc

471 3797 586 3850 ait:
623 3797 750 3852 Nisi
801 3803 1034 3856 conversi
1083 3801 1296 3870 [ueritis
1327 3813 1374 3857 et
1405 3805 1704 3874 efﬁciamini
1753 3806 1890 3860 sicut
1925 3821 2050 3873 par-

471 3887 580 3940 vuli
616 3889 685 3955 ⁵³,
727 3907 834 3946 non
869 3907 1130 3962 corporea
1165 3895 1387 3962 quidem
1419 3904 1662 3962 statura;
1697 3897 1790 3950 sed
1825 3896 1891 3950 iis
1917 3911 2052 3964 pue-

473 3994 662 4035 rorum
699 3983 1070 4038 innocentiam
1095 3985 1386 4056 signiﬁcat.
1418 3985 1850 4043 Mansuetudinis
1879 4003 2044 4058 porro

471 4083 525 4126 et
555 4073 881 4131 humilitatis
913 4092 1032 4131 sesc
1089 4077 1145 4138 in
1171 4079 1482 4148 exemplum
1518 4080 1770 4149 pt-Oponit
1811 4081 2000 4134 dicens
2029 4099 2042 4134 :

471 4163 676 4218 Discite
699 4183 731 4218 a
758 4183 836 4220 me
857 4170 980 4237 quia
1003 4171 1146 4223 mitis
1171 4187 1290 4224 sum.
1312 4181 1360 4224 et
1382 4171 1598 4230 humilis
1619 4173 1773 4224 corde
1795 4171 1860 4224 ⁵⁸.
1883 4170 2038 4237 Quod

475 4255 522 4308 si
555 4257 678 4325 quis
699 4257 918 4322 dixerit,
961 4260 1142 4326 Quare
1186 4271 1486 4316 memorata
1521 4262 1775 4316 animalia
1807 4263 1934 4316 bina
1968 4261 2052 4318 of-

474 4344 609 4399 ferri
635 4350 910 4418 praacepit,
943 4359 998 4403 et
1033 4352 1134 4408 alia
1165 4351 1386 4421 quidem
1436 4353 1672 4422 perfecta
1693 4395 1708 4422 ,
1741 4353 1845 4410 alia
1877 4355 2054 4423 pullos

475 4438 590 4491 vult
617 4440 783 4494 esse?
823 4441 952 4495 huic
993 4456 1252 4511 reponam
1287 4485 1302 4508 ,
1351 4459 1475 4498 cum
1534 4445 1697 4498 homo
1728 4461 1795 4498 ex
1835 4445 2050 4500 duobus

2145 1987 2406 2058 νομικῶς,
2437 1985 2646 2040 καὶτὸν
2679 1987 2850 2057 ῥύπον
2885 1985 3280 2056 ἀπονιψὼμεθα
3323 1985 3427 2055 τῆς
3459 1985 3718 2054 ἁμαρτίας

2143 2080 2232 2132 διὰ
2263 2079 2358 2132 τοῦ
2390 2079 2785 2150 βαπτίσματος,
2821 2079 2915 2131 καὶ
2963 2077 3370 2148 σταυρωθῶμεν
3406 2075 3486 2146 τῷ
3519 2076 3712 2144 κόσμῳ,

2143 2173 2238 2226 καὶ
2277 2173 2599 2242 ἀναστῶμεν
2635 2170 2711 2242 τῷ
2735 2171 2856 2242 Θεῷ
2881 2187 2897 2202 ⁸
2931 2170 3076 2223 οὕτω
3107 2169 3336 2222 κάνθάδε
3383 2168 3448 2221 τὸ
3479 2167 3606 2236 περὶ
3632 2166 3717 2218 τοῦ

2145 2265 2489 2335 καθαρισμοῦ
2515 2263 2714 2326 αὐτῶν,
2747 2263 2842 2316 καὶ
2883 2261 2966 2324 τὸ,
3009 2261 3396 2329 παραστῆσαι
3431 2259 3619 2312 αὐτὸν
3647 2254 3716 2322 τῷ

2145 2355 2359 2421 Κιιρίῳ,
2378 2353 2612 2423 καὶπερὶ
2640 2351 2746 2406 τῶν
2775 2352 3022 2404 τυπικῶν
3049 2351 3346 2412 θυσιῶν,οὑ
3371 2349 3439 2401 δι’
3461 2347 3720 2411 αὑτὸν,ἁὶ.-

2143 2445 2210 2497 λὰ
2223 2446 2288 2498 δι’
2304 2447 2453 2514 ἡμᾶς
2472 2445 2565 2496 καὶ
2577 2443 2868 2513 γεγένηται
2901 2443 2996 2495 καὶ
3011 2443 3342 2514 γέγραπται’
3361 2441 3452 2493 ἵνα
3473 2439 3716 2510 μάθωμεν

2146 2536 2426 2607 καθαίρειν
2453 2535 2548 2588 καὶ¹
2566 2533 2919 2604 παριστάνειν
2943 2535 3168 2596 ἑαυτοὺς
3189 2532 3267 2602 τῷ
3291 2531 3432 2601 Θεῷ,
3457 2527 3717 2602 μυστικῶς

2147 2628 2552 2700 προσφέροντες
2583 2625 2732 2696 αὐτῷ
2767 2626 2862 2678 καὶ
2893 2623 3278 2694 πνευματικῶς
3312 2622 3512 2689 ζεῦγος
3537 2617 3714 2691 τελεό-

2147 2740 2274 2786 νων,
2307 2721 2339 2791 ἦ
2367 2719 2462 2773 δύο
2483 2719 2740 2781 νεοσσοὺς
2773 2715 3136 2787 περιστερῶν.
3173 2715 3282 2768 Καὶ
3309 2715 3340 2785 ἡ
3383 2715 3486 2777 μὲν
3519 2710 3716 2782 τρυξιὼν

2149 2813 2502 2884 σωφροσύνης
2541 2811 2634 2862 καὶ
2669 2807 2902 2880 ἡσυχίας
2940 2807 3208 2878 σύμϐολον
3231 2822 3245 2835 ·
3283 2805 3588 2875 φιλέρημον
3619 2801 3715 2871 γὰρ

2146 2907 2214 2960 τὺ
2241 2906 2380 2970 ζῶον
2405 2905 2500 2958 καὶ
2531 2903 2977 2974 σωφρονέστατον
2997 2918 3010 2930 ·
3043 2900 3182 2952 ὥστε
3209 2899 3298 2950 τοῦ
3325 2897 3556 2969 ἄρρενος
3579 2896 3610 2966 ἢ
3633 2894 3714 2947 τοῦ

2147 2999 2338 3070 θήλεος
2397 2997 2863 3067 ἀποθνήσκοντος,
2905 2994 3026 3064 μηδ’
3081 2993 3267 3062 ἕτερον
3321 2989 3506 3043 αὐτῶν
3563 2989 3716 3058 ἑτέρῳ

2149 3089 2576 3158 συζεύγνυσθαι·
2623 3090 2678 3140 οἱ·
2716 3088 2774 3140 δὲ
2807 3087 3020 3139 νεοσσοὶ
3067 3085 3174 3136 τῶν
3207 3082 3556 3156 περιστερῶν
3599 3082 3718 3134 ἀκα-

2149 3185 2274 3247 κίας
2307 3182 2402 3236 καὶ
2437 3181 2744 3252 πραότητος
2771 3179 2962 3242 τύπος.
2995 3179 3150 3230 Ὅσοι
3183 3177 3364 3228 τοίνυν
3394 3176 3488 3228 διὰ
3523 3189 3714 3242 σωφρο-

2152 3275 2318 3344 σύνης
2361 3274 2715 3344 καθαίρουσιν
2765 3273 2990 3334 ἑαυτοὺς
3043 3269 3150 3323 ἀπὸ
3207 3269 3492 3340 σαρκικῶν
3537 3263 3718 3338 ἡδονῶν

2148 3370 2242 3421 καὶ
2267 3365 2594 3437 ἐπιθυμιῶν,
2625 3365 2718 3417 καὶ
2745 3363 2832 3416 διὰ
2869 3363 2968 3433 τῆς
3005 3361 3242 3424 ἀκακίας
3293 3362 3386 3414 καὶ
3433 3360 3718 3430 πραότητος

2148 3461 2443 3530 ἀπέχονται
2467 3455 2638 3528 θυμοῦ
2665 3459 2764 3509 καὶ
2781 3456 2974 3528 ὀργῆς,
3007 3454 3176 3518 ὅντως
3200 3454 3370 3516 καλὰς
3397 3453 3588 3514 θυσίας
3615 3453 3722 3502 ἐπι-

2149 3552 2460 3621 φερόμενοι,
2501 3549 2827 3602 ὁπτάνονται
2860 3545 2937 3618 τῷ
2959 3545 3097 3616 Θεῷ,
3135 3545 3230 3598 καὶ
3257 3544 3620 3613 παρίστανται
3653 3541 3721 3601 εἰς

2161 3640 2514 3712 Ἰερουσαλὴμ
2542 3639 2640 3709 τὴν
2684 3638 3027 3708 ἐπουράνιον.
3078 3637 3243 3688 Οὐδὲν
3283 3635 3391 3706 γὰρ
3445 3635 3588 3686 οὕτω
3615 3629 3720 3700 Θεῷ

2151 3733 2306 3801 φίλον
2335 3732 2411 3795 ὼς
2442 3731 2646 3785 ἀκακία
2693 3731 2792 3782 καὶ
2833 3727 3174 3799 σωφροσύνη.
3229 3727 3450 3796 Ἀμέλει
3491 3723 3721 3788 τοσοῦτον

2151 3827 2298 3896 ἡμᾶς
2329 3821 2466 3878 εἶναι
2501 3823 2756 3894 βούλεται
2791 3821 3094 3893 σώφρονας,
3122 3820 3198 3881 ὡς
3235 3819 3368 3889 μηδὲ
3397 3818 3592 3888 μέχρις
3613 3817 3719 3866 ἐπι-

2153 3917 2354 3988 θυμίας
2389 3917 2683 3987 ἐμϐλέπειν
2711 3913 2954 3983 γυναικί.
3002 3912 3135 3984 Περὶ
3169 3912 3225 3963 δὲ
3249 3911 3347 3978 τῆς
3369 3910 3604 3970 ἀκακίας
3632 3921 3722 3974 φη-

2155 4009 2274 4060 σίν·
2323 4007 2457 4060 Ἐὰν
2473 4005 2558 4075 μὴ
2595 4003 2902 4073 στραφῆτε
2931 4004 3029 4056 καὶ
3067 4002 3326 4066 γένησθε
3373 4001 3458 4064 ὡς
3487 3998 3557 4051 τὰ
3605 4011 3720 4048 παι·

2153 4096 2272 4159 δία,
2312 4098 2372 4149 οὐ
2403 4095 2543 4148 κατὰ
2567 4097 2667 4164 τὴν
2701 4092 3018 4164 σωματικὴν
3046 4091 3281 4162 ἡλικίαν,
3315 4089 3452 4143 ἀλλὰ
3491 4089 3586 4158 τὴν
3604 4088 3724 4139 ἀκα-

2155 4189 2278 4243 κίαν
2306 4188 2396 4241 διὰ
2423 4187 2531 4240 τῶν
2573 4185 2776 4240 παίδων
2827 4185 3128 4255 σημαίνων.
3185 4182 3502 4254 Πραότητος
3540 4179 3592 4231 δὲ
3640 4175 3720 4230 καὶ

2153 4275 2655 4349 ταπεινοφροσύνης
2710 4275 2902 4328 ἑαυτὸν
2955 4273 3262 4342 ὑπόδειγμα
3290 4271 3474 4340 τίθησι
3522 4269 3714 4336 λέγων·

2156 4371 2382 4426 Μάθετε
2405 4369 2506 4424 ἀπ’
2536 4368 2705 4436 ἐμοῦ,
2736 4368 2824 4420 ὅτι
2855 4363 3048 4434 πρᾶός
3097 4367 3212 4432 ειμι
3237 4364 3334 4416 καὶ
3361 4361 3634 4425 ταπεινὸς
3655 4355 3719 4424 τῇ

2157 4462 2390 4530 καρδίᾳ.
2421 4461 2484 4512 Εἰ
2509 4459 2565 4511 δέ
2599 4476 2684 4521 τις
2705 4458 2849 4510 εἴποι
2870 4471 2883 4484 ’
2912 4455 3010 4510 Δια
3037 4455 3092 4508 τί
3137 4453 3230 4507 δύο
3256 4453 3349 4506 καὶ
3381 4451 3478 4505 δύο
3499 4447 3718 4522 προσφέ-

476 4539 708 4592 constet,
729 4532 912 4588 anima
939 4533 1148 4590 scilicet
1179 4543 1234 4592 et
1265 4549 1515 4604 corpore,
1534 4535 1804 4606 duplicem
1835 4552 1866 4590 a
1897 4537 2058 4592 tiohis

2165 4553 2351 4626 ρεσθαι
2389 4551 2456 4604 τὰ
2493 4550 2757 4622 εἰρημένα
2809 4547 2922 4613 ζῶα
2953 4545 3228 4608 ἐκέλευσε,
3281 4545 3374 4597 καὶ
3417 4543 3490 4596 τὰ
3525 4544 3616 4613 μὲν
3643 4537 3718 4590 τέ-

477 4623 870 4679 continentiam
904 4637 956 4681 ct
985 4627 1460 4683 mansuetudinem
1521 4629 1691 4682 Deum
1746 4631 2044 4700 requirere.

478 4711 613 4768 Nam
641 4715 686 4768 si
713 4731 944 4786 corpore
975 4719 1196 4788 quidem
1247 4736 1276 4774 a
1311 4721 1626 4780 carnalibus
1685 4721 2054 4790 voluptatibus

475 4809 802 4874 abstineam,
828 4811 1014 4865 animo
1045 4823 1226 4876 autem
1269 4813 1336 4874 ad
1369 4828 1559 4868 earum
1589 4813 1899 4883 cupidinem
1935 4829 2056 4866 mu-

477 4915 626 4968 vear,
652 4917 760 4956 non
793 4904 1104 4966 continens.
1159 4905 1254 4959 sed
1283 4905 1536 4960 moechus
1571 4923 1714 4961 sum.
1769 4905 1902 4959 Nam
1961 4905 2054 4973 qui

475 4995 736 5062 respexit,
770 4994 868 5057 ait,
915 4996 982 5048 ad
1015 4995 1514 5064 concupiscendum
1547 5037 1562 5062 ,
1605 4997 1716 5066 jam
1753 4998 2058 5054 ninachatus

475 5097 560 5140 est
587 5088 640 5140 in
673 5087 840 5142 corde
882 5087 948 5139 ³⁷.
973 5090 1052 5142 Ac
1075 5105 1318 5154 rursum,
1347 5091 1440 5158 qui
1467 5091 1648 5158 specie
1667 5091 1886 5160 quidem
1910 5106 2059 5146 maii-

478 5193 674 5234 suetus
721 5195 844 5235 esse
879 5181 1134 5248 videtur-,-
1174 5184 1356 5236 anima
1387 5192 1569 5236 autem
1625 5183 1690 5236 ad
1737 5185 1872 5238 iram
1909 5199 2058 5238 com-

479 5287 732 5331 movetur
758 5296 772 5344 ;
799 5293 908 5332 non
941 5279 1226 5340 innocens,
1253 5277 1345 5331 sed
1380 5277 1659 5347 hypocrita
1681 5285 1737 5330 et
1767 5277 2062 5330 iracundus

479 5377 584 5432 est,
627 5367 856 5422 occulta:
887 5367 1108 5422 malitiae
1139 5365 1539 5435 operimentum
1571 5365 1778 5420 habens
1827 5365 2062 5418 ementi-

485 5467 590 5510 tam
627 5457 772 5511 illam
802 5457 1129 5514 innocentia:
1161 5457 1398 5525 speciem
1431 5475 1444 5512 :
1477 5455 1622 5525 quod
1668 5471 1840 5524 genus
1880 5457 2060 5510 hornis

489 5563 622 5600 num
655 5549 921 5616 propheta
949 5549 1260 5603 subindicat
1288 5549 1373 5603 his
1411 5549 1630 5604 verbis:
1659 5547 1762 5602 Ore
1785 5563 1880 5601 suo
1911 5547 2062 5600 bene-

484 5639 729 5692 dicebanl
783 5651 830 5692 et
875 5641 1031 5694 corde
1065 5657 1158 5693 suo
1199 5639 1580 5702 maledicebaut
1615 5639 1684 5698 ⁸³.
1711 5641 1790 5695 Ac
1819 5655 2010 5693 rursus
2046 5659 2066 5691 :4

483 5728 590 5793 Qui
616 5729 908 5798 loquuntur
931 5747 1113 5798 pacem
1145 5749 1265 5784 cum
1297 5733 1538 5800 proximo
1571 5747 1690 5800 suo,
1717 5731 1861 5784 mala
1883 5741 2057 5784 autem

555 5871 603 5905 "
633 5869 826 5927 Matth.
876 5887 928 5936 ν,
975 5869 1068 5926 28.
1147 5873 1192 5904 ⁸⁸
1251 5871 1439 5927 Matth.
1499 5871 1732 5940 “111,3.

1810 5876 1854 5906 ⁸⁸
1886 5873 2162 5942 Μ3111].Χ1,
2191 5877 2277 5930 29.

2161 4645 2300 4706 λεια,
2333 4643 2400 4696 τὰ
2440 4643 2502 4695 δὲ·
2533 4641 2788 4704 νεοσσούς
2815 4658 2827 4705 ;
2879 4640 3044 4709 φημὶ,
3079 4640 3182 4698 ὅτι,
3215 4637 3308 4690 τοῦ
3343 4637 3622 4712 ἀνθρώπου
3652 4630 3723 4681 δι-

2164 4734 2300 4788 πλοῦ
2349 4733 2500 4795 ὄντος
2529 4773 2544 4798 ,
2577 4730 2858 4783 τουτέστιν
2893 4731 2957 4781 ὲκ
2997 4727 3177 4798 ψυχῆς
3223 4729 3317 4781 καὶ
3351 4728 3613 4799 σώματος,
3653 4719 3718 4772 διο

2163 4827 2303 4896 πλῆν
2332 4823 2644 4896 ζητεῖ.παρ’
2689 4821 2846 4893 ἡμῶν
2888 4821 2918 4872 ὁ
2959 4819 3091 4882 Θεὸς
3129 4822 3229 4890 τήν
3277 4837 3338 4871 τε
3389 4813 3716 4888 σωφροσύνην

2163 4920 2258 4972 καὶ
2290 4919 2386 4988 τὴν
2411 4915 2715 4987 πραότητα.
2749 4915 2811 4965 Ei
2841 4911 2950 4982 γὰρ
2974 4913 3114 4965 κατὰ
3142 4913 3240 4981 μὲν
3263 4912 3322 4962 τὸ
3349 4910 3507 4980 σῶμα
3537 4904 3714 4972 ἀπέχο-

2169 5025 2266 5076 μαι
2300 5005 2578 5076 σαρκικῶν
2607 5001 2832 5074 ἡδονῶν,
2861 5003 3000 5056 κατὰ
3025 5003 3080 5054 δὲ
3105 5003 3204 5071 τὴν
3231 4999 3407 5070 ψυχὴν
3459 4999 3586 5068 πρὸς
3610 4998 3713 5045 ἐπι-

2165 5097 2366 5166 θυμίαν
2417 5095 2622 5147 τούτων
2667 5091 2922 5161 κινοῦμαι
2949 5136 2961 5154 ,
3013 5093 3116 5142 οὑκ
3149 5089 3265 5160 εἰμὶ
3301 5089 3529 5158 σώφρων
3553 5127 3567 5146 ,
3597 5079 3714 5135 ἀλλὰ

2170 5185 2376 5257 μοιχός.
2423 5184 2482 5236 Ὃ
2511 5183 2621 5254 γὰρ
2670 5181 2964 5252 ἐμϐλέψας,
2995 5181 3148 5262 φησι,
3203 5179 3338 5250 πρὸς
3369 5178 3430 5272 τρ
3471 5171 3713 5272 meum:

2173 5297 2280 5342 σαι,
2299 5277 2400 5348 ἤδη
2431 5275 2748 5346 ἐμοίχευσεν
2777 5275 2834 5325 ὲν
2866 5270 3178 5341 τῇ¹καρδίᾳ.
3209 5270 3318 5324 Καὶ
3351 5265 3504 5330 αὖθις
3526 5267 3554 5317 ὁ
3595 5265 3714 5316 κατά

2169 5369 2228 5420 τὸ
2253 5367 2574 5436 φαινόμενον
2600 5363 2772 5416 δοκῶν
2791 5357 2932 5414 εἶναι
2955 5361 3150 5432 πρᾶος,
3183 5359 3324 5412 κατὰ
3355 5359 3412 5414 δὲ
3439 5356 3532 5426 τὴν
3559 5348 3711 5422 ψυχὴν

2171 5458 2484 5527 κινούμενος
2511 5455 2646 5527 πρὸς
2673 5453 2863 5524 θυμὸν,
2897 5452 3000 5504 οὐκ
3027 5450 3180 5504 ἐστιν
3203 5451 3430 5513 ἄκακος,
3459 5447 3566 5502 ἀλλ’
3597 5443 3711 5495 ὐπο-

2175 5551 2368 5622 κριτὴς
2399 5549 2494 5601 καὶ
2525 5545 2824 5618 μηνιαστὴς
2845 5585 2860 5609 ,
2898 5545 3037 5616 ἔχων
3085 5543 3183 5612 τῆς
3229 5539 3712 5636 κεκρυμμένηῗκαθ

2173 5643 2296 5706 κίας
2339 5642 2400 5693 τὸ
2451 5639 2808 5708 ἐπικάλυμμα
2851 5639 2948 5708 τὴν
2985 5635 3314 5706 φαινομένην
3361 5634 3454 5686 καὶ
3483 5631 3712 5683 δοκοῦσαν

2172 5731 2311 5787 εἶναι
2349 5731 2582 5784 ἀκακίαν
2603 5748 2616 5759 ·
2645 5729 2738 5790 οὒς
2767 5730 2794 5779 ὁ
2819 5729 3106 5798 προφήτης
3145 5725 3503 5792 αἰνιττόμενος
3541 5717 3668 5782 λέγει
3699 5725 3710 5740 ⁸

2353 5875 2397 5908 ⁸⁷
2427 5873 2616 5930 Matth.
2657 5889 2706 5934 \',
2733 5871 2826 5924 28.
2907 5871 2951 5900 ⁵⁸
2973 5867 3114 5926 Psal.
3151 5880 3266 5930 LXI,
3295 5865 3344 5917 5.
