3860 6220
208 388 234 442 1
245 384 350 443 597

1404 391 1834 448 FRAGMENTA
1875 392 1940 447 IN
1984 382 2246 445 LUCAM.

3343 395 3475 453 1598

213 502 296 569 Τῷ
327 518 580 573 στοματι
610 505 808 561 αὐτῶν
839 509 1158 578 εὐλόγουν,
1192 512 1291 565 καὶ
1327 513 1402 581 τῇ
1431 513 1646 583 καρδίᾳ
1685 516 1789 569 αὐ-

1902 515 1948 568 ῐη
1981 513 2228 569 cordibus
2257 530 2440 569 eorum
2463 517 2531 570 ".
2561 515 2716 582 Quod
2745 523 2928 570 autem
2958 514 3064 570 alia
3091 515 3328 586 perfecta
3359 519 3473 573 ani~

206 593 325 649 τῶν
349 596 693 665 κατηρῶντο
720 613 732 626 ·
766 600 859 652 καὶ
882 597 1039 664 αὖθις
1059 619 1073 632 ·
1107 601 1229 657 Τῶν
1250 606 1607 659 λαλούντων
1631 604 1785 674 εἰρή-

1890 604 2080 671 malia,
2138 603 2276 659 alios
2322 605 2503 674 pullos
2555 606 2798 676 postulet
2843 604 3048 669 oll‘erri,
3088 606 3138 660 id
3181 607 3468 677 signiﬁcat,

205 704 324 755 νην
346 689 496 757 μετὰ
524 687 641 743 τῶν
667 693 938 758 πλησίον
986 693 1206 763 αὐτῶν,
1248 697 1404 751 κακὰ
1436 697 1506 752 δὲ
1549 700 1619 753 ἐν
1661 700 1790 766 ταῖς

1902 712 1989 752 mos
2025 695 2317 766 prudentia
2352 705 2408 752 et
2437 696 2778 753 continentia
2810 696 3082 767 perfectos
3139 713 3260 753 esse
3313 715 3464 768 opor-

203 777 475 846 καρδίαις
520 779 738 836 αὐτῶν.
769 783 858 854 Τῷ
891 784 948 838 δὲ
975 784 1045 839 τὰ
1085 788 1183 857 μὲν
1207 789 1409 853 τέλεια,
1442 789 1512 844 τὰ
1543 791 1600 844 δὲ
1638 809 1790 845 νεοσ-

1888 798 2035 854 tere;
2082 790 2294 844 malitia
2319 798 2503 845 autem
2553 789 2814 854 infantes,
2855 798 2916 844 ut
2952 791 3027 845 ait
3053 791 3370 862 Apostolus.
3406 793 3473 846 At

207 870 332 932 σοὺς
363 871 736 940 προσάγεσθαι
794 877 1160 947 προστάσσειν
1185 922 1199 944 ,
1232 880 1386 950 δηλοῖ
1430 882 1490 934 τὸ
1531 882 1631 954 τὴν
1692 883 1790 953 μὲν

1902 880 2172 936 rideamus
2222 881 2290 936 de
2337 882 2560 952 quibus,
2593 882 2704 946 ubi,
2757 895 2812 936 et
2855 881 3076 952 quando
3126 883 3329 937 dictum
3360 884 3472 945 sit,

202 960 461 1031 φρόνησιν
489 964 584 1016 καὶ
619 966 976 1038 σωφροσύνην
1019 969 1260 1035 τελείους
1296 974 1444 1042 ἡμᾶς
1490 974 1568 1028 δεῖ
1607 970 1779 1028 εἶναι·

200 1053 267 1119 τῇ
293 1050 348 1102 δὲ
379 1052 547 1124 κακίᾳ
575 1057 880 1125 νηπιάςειν,
935 1058 1118 1121 καθώς
1163 1078 1328 1131 φησιν
1369 1063 1397 1114 ὁ
1439 1063 1780 1127 Ἀπόστολος.

1900 971 2066 1027 Θηιηε
2091 974 2446 1026 masculinum
2480 974 2794 1043 adaperiens
2838 973 3064 1042 vulvam,
3093 985 3334 1028 sanctum
3365 973 3474 1026 Do-

1895 1067 2037 1119 mino
2077 1066 2383 1119 vocabitur:
2417 1074 2470 1118 et
2499 1065 2776 1134 quodnam
2811 1067 2882 1120 sit.
2917 1065 3051 1136 legis
3080 1060 3332 1135 aenigma.

214 1142 351 1195 Ἀλλ’
389 1144 587 1217 ἴδωμεν
618 1149 710 1201 ἐπὶ
760 1150 870 1202 τίσι
902 1153 996 1204 καὶ
1025 1153 1125 1206 ποῦ
1161 1157 1254 1207 καὶ
1302 1155 1430 1208 πότε
1487 1157 1722 1228 εἴρηται,
1755 1159 1838 1212 ὅτι
1873 1157 2003 1214 Πᾶν
2046 1159 2236 1229 ἄρσεν
2269 1158 2599 1232 ιδιανοῖγον
2619 1157 2854 1227 μήτραν
2889 1157 3058 1228 ἅγιον
3098 1157 3304 1226 Κυρίῳ»
3329 1158 3470 1224 κλη-

203 1233 485 1303 Οήσεται’
518 1241 612 1291 καὶ
642 1241 693 1293 τί
714 1242 1012 1318 τοῦμόμου
1049 1246 1110 1299 τὸ
1141 1248 1389 1320 αἴνιγμα.

1601 1384 1806 1440 Ctt’tera
1853 1386 2071 1440 desunt.

276 1512 385 1583 (28)
409 1514 502 1577 Εἰς
521 1517 598 1569 τόθ
617 1516 747 1570 Νῦν
761 1519 1047 1586 ἀπολύεις
1063 1520 1168 1575 τὸν
1182 1521 1408 1576 δοῦλόν
1433 1539 1569 1590 σου,
1586 1523 1785 1594 Κύριε,

200 1608 354 1660 κατὰ
385 1609 451 1661 τὸ
471 1608 640 1678 ῥῆμά
676 1628 792 1665 σου
827 1611 898 1664 ἐν
933 1612 1166 1683 εἰρήνῃ.
1203 1615 1410 1669 Οὐκοῦν
1445 1618 1791 1688 καταφρονή-

204 1713 388 1766 σωμεν
437 1699 527 1752 τὸν
585 1701 812 1768 θάνατον
842 1718 856 1732 ⁸
900 1704 1004 1758 κᾶν
1058 1705 1167 1777 γὰρ
1211 1706 1568 1778 δειλιάσωμεν
1601 1709 1784 1771 αὐτὸν,

201 1785 341 1892 ἀλλὰ
369 1787 744 1892 τεθνηξόμεθα
791 1793 1010 1859 πάντως
1044 1795 1191 1849 κατὰ.
1225 1798 1353 1861 τοὺς
1385 1799 1699 1869 όρισθέντας
1727 1801 1788 1871 ή-
1822 1841 1861 1892 Β

205 1884 299 1951 μῖν
330 1883 481 1954 παρὰ
511 1885 609 1956 τῆς
636 1887 900 1958 Προνοίας
929 1890 1172 1962 χρόνους.
1205 1892 1422 1946 Βέλτιον
1451 1894 1614 1948 αὐτὸν
1647 1894 1788 1966 μετά

203 1977 306 2046 τῆς
333 1979 536 2050 ἀρετῆς
589 1981 906 2052 ἐκδέχεσθαι
939 1984 1014 2049 ὡς
1055 1986 1490 2057 ἀπαιτούμενον,
1542 1987 1575 2058 ἢ
1628 1987 1786 2058 μόνον

202 2067 416 2133 ἀκλεῶς
455 2071 770 2126 ἀποδοῦναι.
811 2075 869 2126 Ὁ
903 2075 1009 2145 μὲν
1035 2076 1143 2148 γὰρ
1187 2079 1243 2133 ἐν
1288 2078 1568 2150 θεοσεϐείᾳ
1600 2078 1786 2132 τελευ-

202 2161 313 2214 τῶν
338 2161 460 2214 οὐδὲ
491 2162 853 2235 ἀποθνήσκων
884 2167 1030 2220 ἐστίν
1059 2185 1072 2197 ο
1127 2170 1156 2220 ὁ
1199 2169 1258 2222 δὲ
1292 2169 1372 2240 τῷ
1416 2169 1593 2241 χρόνῳ
1629 2172 1788 2242 μόνον

203 2253 626 2325 ἀπαιτούμενος,
673 2256 746 2320 ὡς
789 2257 966 2329 ἑαυτῷ
993 2258 1205 2332 ζήσας,
1249 2261 1508 2333 ἀνάγκην·
1552 2261 1789 2333 ἔχεικαὶ

203 2346 299 2398 τοῦ
334 2346 528 2417 χρόνου
557 2347 748 2416 λόγους
773 2350 1065 2404 ἀποδοῦναι
1110 2355 1204 2406 καὶ
1226 2387 1228 2389 ›
1246 2354 1320 2426 μὴ
1361 2355 1593 2420 ἀποδοὺς
1621 2356 1786 2410 ἀκοῦ-

207 2455 335 2491 σαι·
380 2439 692 2506 Ἀπέλαϐες
722 2441 793 2496 τὰ
819 2443 1008 2511 ἀγαθὰ
1035 2445 1104 2498 ἐν
1138 2444 1212 2513 τῇ
1254 2444 1366 2515 ζωῇ
1389 2462 1526 2514 σου,
1565 2449 1681 2502 νῦν
1723 2448 1792 2502 δὲ

203 2520 321 2580 ὦδε
356 2526 674 2583 ὀδυνᾶσαι.
737 2531 1073 2602 Ἀνδριστέον
1120 2535 1298 2589 τοίνυν
1324 2577 1338 2600 ,
1379 2537 1455 2601 ὡς
1495 2541 1790 2612 παρήγγη-

203 2620 297 2673 λεν
322 2622 351 2673 ό
394 2621 734 2687 Ἀπόστολος,
768 2623 909 2678 ὥστε
946 2627 1175 2696 νεκροῦν
1195 2629 1301 2699 -ῆδη
1331 2628 1400 2682 τὰ
1431 2629 1564 2702 μέλη
1598 2630 1668 2684 τὰ
1699 2633 1794 2685 ἐπὶ

203 2709 309 2780 τῆς
340 2711 466 2781 γῆς,
495 2714 588 2766 καὶ
617 2717 1097 2784 παρασκευαστέον
1129 2721 1209 2782 είς
1237 2720 1335 2790 τὴν
1365 2719 1542 2785 ἔξοδον
1583 2723 1658 2776 τὰ
1700 2723 1792 2795 ἕρ-

207 2819 281 2870 γα
309 2819 324 2833 ο
359 2803 467 2867 ἵνα,
499 2803 601 2858 κᾶν
636 2805 815 2877 φθάσῃ
848 2807 940 2860 τοῦ
985 2809 1180 2880 χρόνου
1210 2811 1270 2864 τὸ
1293 2811 1466 2877 τέλος,
1515 2815 1546 2884 ἢ
1577 2815 1791 2885 κληθῶ-

209 2911 311 2963 μεν
345 2895 496 2966 παρὰ
532 2897 624 2950 τοῦ
662 2899 935 2969 Σωτῆρος,
980 2901 1224 2973 εἴπωμεν
1277 2904 1372 2957 καὶ
1422 2907 1619 2976 ἡμεῖς·
1661 2908 1793 2962 Νῦν

204 2985 500 3052 ἀπολύεις
528 2988 634 3040 τὸν
654 2988 880 3043 δοῦλόν
904 3006 1041 3056 σου,
1067 2991 1372 3048 Δέσποτα·
1401 2994 1472 3048 ἂν
1494 2996 1550 3049 δὲ
1577 2998 1670 3050 καὶ
1697 3000 1792 3051 αὐ-

204 3077 303 3140 τὸς
329 3080 357 3131 ὁ
385 3078 589 3150 Κύριος
644 3081 770 3152 ἕλοῃ
793 3123 808 3147 ,
873 3084 960 3136 ἵνα
994 3084 1129 3157 εὕρῃ
1183 3087 1591 3160 γρηγοροῦντας
1623 3091 1788 3160 ἡμᾶς,

1964 1521 2022 1577 In
2049 1523 2214 1578 illud:
2247 1521 2407 1576 Nunc
2452 1522 2679 1576 dimittis
2721 1539 2928 1576 servum
2972 1533 3119 1576 tuum
3144 1565 3158 1587 ,
3210 1522 3471 1590 Domine,

1891 1615 2180 1669 secundant
2208 1613 2420 1667 verbum
2451 1623 2602 1666 tuum
2652 1615 2706 1666 in
2751 1631 2881 1682 pace
2923 1615 2988 1668 ⁸ο.
3019 1612 3246 1668 Mortem
3292 1613 3474 1684 itaque

1890 1717 2306 1763 contemnamus
2335 1725 2347 1759 :
2380 1707 2506 1759 licet
2537 1705 2684 1760 enim
2732 1704 3149 1760 reiormidemus
3191 1705 3361 1769 illam,
3387 1705 3473 1758 ni-

1892 1799 2191 1856 hilominus
2239 1809 2423 1853 tamen
2480 1799 2764 1868 praeﬁnitis
2805 1815 2835 1852 a
2865 1797 3211 1853 Providentia
3263 1805 3476 1868 tempo-

1892 1892 2396 1947 ribusmoriemur.
2444 1890 2676 1946 Praestat
2720 1890 2866 1945 enim
2916 1905 3059 1954 eam,
3097 1899 3158 1945 ut
3185 1891 3473 1961 repetitum

1890 1986 2156 2054 debitum,
2189 2000 2314 2040 cum
2346 1985 2547 2038 virtute
2583 1984 2866 2052 excipere,
2921 1997 3087 2052 quam
3136 1983 3254 2037 sine
3297 1982 3472 2053 gleria

1889 2088 2165 2147 oppetere.
2199 2077 2344 2131 Nam
2373 2076 2466 2147 qui
2489 2076 2740 2146 religiose
2779 2075 2926 2130 diem
2962 2074 3097 2137 obit,
3123 2089 3471 2144 nequaquam

1891 2170 2160 2236 moritur;
2211 2170 2305 2239 qui
2351 2183 2482 2223 vero
2532 2168 2600 2223 de
2651 2177 2894 2238 tempore
2939 2167 3116 2221 solum
3174 2167 3474 2237 requisitas

1891 2261 2075 2326 fuerit,
2106 2261 2264 2332 quasi
2301 2260 2406 2316 sibi
2444 2260 2548 2330 ipsi
2577 2259 2809 2322 vixerit,
2844 2274 3072 2314 necesse
3094 2266 3179 2314 est
3219 2259 3381 2314 etiam
3413 2268 3474 2314 ut

1893 2354 2156 2424 temporis
2184 2353 2451 2408 rationem
2485 2353 2714 2408 reddat:
2748 2363 2801 2408 et
2831 2355 2878 2408 si
2911 2369 3019 2407 non
3056 2353 3268 2418 reddat,
3300 2353 3349 2408 id
3373 2369 3473 2408 au-

1891 2445 2003 2499 diet
2031 2462 2045 2498 :
2070 2443 2329 2514 Recepisti
2352 2449 2488 2497 bona
2516 2445 2569 2497 in
2601 2445 2710 2498 cita
2734 2455 2845 2508 tua,
2875 2459 3014 2498 nunc
3035 2454 3210 2498 autem
3240 2445 3326 2498 hic
3357 2461 3479 2497 cru-

1894 2535 2056 2588 ciaris
2092 2534 2162 2589 ⁸⁸.
2205 2531 2444 2588 Viriliter
2490 2534 2676 2604 itaque
2735 2535 3005 2604 agentium
3040 2575 3056 2600 ,
3105 2543 3166 2588 ut
3217 2534 3475 2605 pracepit

1895 2631 2194 2701 Apostolus
2229 2632 2312 2697 ⁶²;
2342 2631 2416 2685 ita
2445 2641 2505 2684 ut
2526 2629 2639 2700 jam
2673 2629 3066 2685 mortificemus
3087 2629 3330 2683 membra
3354 2643 3475 2698 quis

1895 2732 2022 2778 sunt
2053 2738 2217 2793 super
2252 2731 2456 2778 terram
2484 2723 2564 2790 ⁶³;
2596 2733 2760 2792 atque
2802 2720 3156 2792 praeparanda
3199 2736 3299 2791 pro
3327 2721 3480 2775 exitu

1894 2824 2021 2870 sunt
2047 2831 2214 2886 opera
2247 2825 2470 2882 nostra;
2506 2823 2568 2869 nt
2617 2815 2661 2869 si
2698 2815 2959 2884 temporis
3003 2814 3272 2868 terminus
3317 2827 3494 2867 acce-

1894 2909 2007 2972 dat,
2040 2915 2134 2962 aut
2183 2923 2447 2962 vocemur
2505 2923 2536 2962 a
2585 2900 2907 2972 Salvatore,
2959 2907 3207 2961 dicamus
3253 2911 3323 2960 et
3355 2919 3474 2968 nos;

1899 2999 2056 3053 Nunc
2081 3000 2313 3053 dimittis
2344 3015 2548 3054 servum
2576 3008 2746 3065 tuum,
2778 2997 3000 3052 Domine
3025 3015 3044 3051 :
3079 3005 3133 3052 et
3159 2998 3202 3052 si
3235 2996 3350 3066 ipse
3373 2994 3479 3048 Do-

1899 3090 2080 3145 minus
2105 3091 2333 3155 venerit,
2359 3107 2460 3146 nos
2487 3091 2776 3161 vigilantes
2798 3090 3057 3155 inveniat,
3087 3104 3186 3142 nec
3202 3087 3480 3142 dormien-

206 3172 304 3222 καὶ
339 3170 414 3240 μὴ
441 3173 816 3242 κοιμωμένους
848 3176 1159 3247 αἰτιάσηται
1191 3178 1366 3246 λέγων
1391 3194 1403 3207 ·
1444 3181 1643 3246 Οὕτως
1683 3185 1795 3235 οὐκ

1903 3193 1982 3237 tes
2015 3183 2259 3253 increpet
2290 3185 2374 3238 his
2413 3184 2626 3246 verbis,
2661 3181 2753 3238 Sic
2792 3199 2894 3236 non
2926 3183 3173 3252 potuistis
3204 3197 3309 3233 una
3346 3187 3479 3232 hora

207 3261 506 3328 ἰσχύσατε
526 3263 674 3331 μίαν
695 3263 853 3332 ὥραν
877 3266 1290 3335 γρηγορῆσακ
1315 3268 1520 3332 ’Ὕπνος
1545 3269 1601 3322 δὲ
1615 3270 1794 3342 ψυχῆς

207 3351 358 3405 ἐστιν
393 3354 424 3423 ἡ
453 3353 684 3424 ἀμέλεια
714 3357 808 3409 καὶ
841 3359 873 3427 ή
909 3359 1186 3428 ἀμνηστία
1219 3359 1310 3412 τοῦ
1352 3359 1606 3416 θανάτου.

1904 3275 2121 3344 vigilare
2139 3275 2228 3327 “1’
2255 3274 2494 3332 Smnnus
2511 3291 2674 3345 porro
2698 3275 2912 3339 animae,
2937 3282 3020 3330 est
3037 3272 3248 3328 incuria
3264 3281 3317 3326 et
3335 3286 3481 3326 mor-

1903 3365 1972 3419 tis
1996 3365 2218 3421 oblivio.

711 3499 841 3561 Qum
868 3506 1158 3568 sequuntur
1184 3497 1314 3552 ibid.
1351 3516 1474 3568 pag.
1531 3500 1689 3562 1010,
1723 3501 1778 3554 in
1811 3518 2050 3557 sermone
2084 3503 2287 3571 majore
2319 3504 2383 3556 de
2411 3503 2544 3556 Fide
2575 3503 2731 3556 babes
2765 3518 2942 3570 supra.

285 3613 397 3684 (Q9)
441 3617 552 3671 Καὶ
599 3619 670 3670 ἐν
708 3617 782 3686 τῇ
827 3618 1152 3689 συναγωγῇ
1187 3615 1265 3689 ἦν
1296 3620 1607 3688 ἅνθρωπος
1638 3620 1796 3688 ἔχων

209 3708 449 3777 πνεῦμα
473 3708 785 3779 δαιμονίου
803 3711 1162 3778 ἀκαθάρτου.
1185 3711 1294 3765 Καὶ
1313 3711 1606 3779 ἀιηέκραξε
1623 3712 1799 3781 ,φωνῇ

204 3799 466 3870 μεγάλῃ,
502 3800 699 3870 λέγων
723 3818 736 3831 ·
766 3803 898 3868 Ἔα,
934 3803 991 3854 τί
1014 3801 1158 3872 ἡμῖν
1187 3801 1286 3855 καὶ
1316 3803 1435 3865 σοὶ,
1457 3803 1652 3870 Ἰησοῦ
1678 3806 1797 3857 Να-

209 3891 463 3959 ζαρηνές
490 3887 705 3958 ’Ὴλθες
743 3893 1041 3947 ἀπολέσαι
1082 3891 1259 3964 ἡμᾶς.
1313 3893 1569 3964 Οἵδαμέν
1599 3910 1674 3948 σε
1707 3896 1799 3962 τίς

212 3979 291 4043 εἷ,
323 3987 354 4037 ό
388 3982 580 4053 Ἄγιος
607 3984 712 4038 τοῦ
751 3985 918 4038 Θεοῦ.
953 3985 1019 4037 Ὅ
1053 4002 1119 4053 γε
1168 3986 1273 4056 μὴν
1306 3986 1515 4056 δαίμων
1543 3988 1571 4040 ὁ
1606 3987 1796 4051 εἰπὼν,

219 4074 483 4145 Οἴδαμέν
504 4066 599 4135 σε.
627 4077 729 4129 οὐκ
757 4078 872 4148 ᾔδει
913 4078 1077 4131 αὐτὸν
1104 4078 1318 4148 άληθῶς
1340 4095 1353 4108 ·
1391 4079 1529 4132 ἀλλὰ
1555 4082 1667 4142 τοῖς
1703 4081 1800 4151 ῥή-

219 4184 387 4221 αασιν
417 4166 760 4238 ὑπεκρίνετο.
798 4168 989 4221 Καίτοι
1018 4168 1072 4220 δὲ
1098 4168 1307 4240 τάληθῆ
1348 4168 1596 4237 λέγοντα,
1626 4169 1800 4242 ἀληθῆ

213 4256 326 4328 γὰρ
359 4255 534 4325 ἔλεγε,
562 4256 646 4310 Σὺ
672 4253 777 4310 εἷο
804 4258 999 4327 Ἄγιος
1025 4258 1130 4311 τοῦ
1162 4258 1332 4322 Θεοῦ,
1359 4259 1556 4329 ὲφίμου
1588 4259 1681 4312 καὶ
1701 4260 1799 4314 λα-

215 4347 332 4399 ὒεῖν
367 4346 608 4400 ἐκώλυεο
661 4349 870 4419 μήποτε
928 4347 1220 4420 μεταλ-τῆς¹
1263 4349 1520 4420 ἀληθείας
1579 4351 1669 4404 καὶ
1702 4351 1800 4423 τὴν

221 4437 359 4504 ιδίαν
394 4439 592 4492 κακίαν
636 4441 954 4512 ὲπισπείρῃ,
991 4442 1084 4494 καὶ
1120 4442 1206 4494 ἵνα
1235 4443 1327 4494 καὶ
1358 4444 1504 4512 ἡμᾶς
1540 4444 1801 4516 συνεθίσῃ

222 4533 492 4604 μηδέποτε
527 4537 639 4597 τοῖς
681 4534 943 4598 τοιούτοις
976 4535 1262 4605 προσέχειν
1284 4576 1299 4598 ,
1336 4538 1437 4588 κᾶν
1469 4536 1667 4589 δοκῶσι
1700 4539 1799 4591 τά-

219 4625 358 4696 Αηθῆ
383 4625 584 4693 λέγειν.
619 4626 728 4680 Καὶ
753 4626 860 4696 γὰρ
901 4628 1179 4698 ἀπρεπὲς,
1240 4628 1460 4697 ἔχοντας
1511 4629 1656 4700 ἡμᾶς
1702 4629 1825 4693 τὰς.

221 4718 371 4780 θείας
405 4719 443 4769 Γ
449 4717 626 4788 ραφάς
656 4718 747 4771 καὶ
793 4720 892 4789 τὴν
933 4719 1082 4789 παρά
1137 4718 1229 4771 τοῦ
1284 4719 1535 4790 Σωτῆρος
1589 4721 1821 4774 ἐλευθεο-

225 4811 366 4872 ρίαν,
411 4811 754 4864 διδάσκεσθαι
787 4811 890 4864 ὑπὸ
937 4811 1031 4864 τοῦ
1078 4811 1322 4865 διαϐόλου
1366 4812 1460 4865 τοῦ
1516 4813 1589 4882 μὴ
1630 4815 1800 4885 τηρή-

1979 3623 2046 3676 Et
2086 3625 2140 3678 in
2169 3641 2437 3694 synagoga
2460 3634 2575 3678 erat
2609 3625 2765 3677 homo
2793 3622 2986 3675 habens
3017 3620 3260 3690 spiritum
3282 3618 3480 3672 d'a'mo-

1903 3715 1978 3768 nii
2010 3716 2312 3779 immundi,
2364 3725 2414 3769 et
2468 3715 2784 3769 exclamavit
2841 3729 2961 3767 voce
3009 3729 3201 3782 magna
3254 3712 3432 3764 dicens
3458 3724 3494 3762 :'

1901 3803 2049 3868 Sine,
2079 3805 2206 3874 quid
2237 3805 2385 3858 nobis
2417 3815 2463 3858 et
2487 3805 2604 3869 tibi,
2630 3802 2757 3857 Jesu
2789 3801 3113 3855 Nazarene?
3143 3800 3341 3854 Venisti
3362 3815 3481 3867 per-

1898 3896 2019 3949 dere
2053 3912 2168 3950 nos.
2210 3894 2419 3949 Scimus
2471 3905 2517 3947 te
2548 3897 2664 3962 quis
2713 3896 2809 3959 sis,
2851 3893 3078 3948 Sanctus
3124 3891 3220 3945 Dei
3243 3892 3309 3944 ⁸⁵.
3360 3889 3491 3944 Dat—-

1901 4001 2028 4040 mon
2053 3985 2147 4055 qui
2184 3969 2348 4049 dixit;
2380 3982 2590 4038 Scimus
2616 3993 2685 4048 te,
2729 3999 2836 4038 non
2868 3998 2996 4038 vere
3029 3981 3238 4037 sciebat
3263 3981 3478 4050 ipsum;

1902 4081 1997 4131 sed
2027 4076 2212 4131 verbis
2254 4075 2582 4131 simulabat-
2603 4074 2736 4130 ,Ειεὶ
2763 4082 2954 4128 autem
2981 4088 3110 4127 vera
3143 4072 3477 4141 loqueretur,

1899 4183 2025 4222 nam
2051 4182 2176 4222 vere
2202 4167 2419 4222 dicebat
2448 4166 2669 4236 utique,
2701 4165 2780 4218 Tn
2813 4182 2865 4218 es
2897 4163 3125 4218 Sanctus
3157 4163 3277 4228 Dei,
3301 4162 3494 4231 ipsum-

1899 4269 2081 4314 tamen
2109 4259 2361 4314 frenabat
2402 4259 2665 4314 Dominus
2707 4257 3104 4326 coercebatque
3137 4271 3204 4309 ne
3232 4255 3493 4324 loquere--

1902 4359 2026 4417 tur;
2052 4365 2124 4405 ne
2161 4349 2300 4404 forte
2322 4365 2432 4403 una
2454 4364 2579 4403 cum
2611 4348 2840 4402 veritate
2874 4361 3032 4402 suam
3064 4361 3286 4415 quoque
3322 4346 3479 4398 mali-

1901 4442 2029 4497 tiam
2080 4441 2514 4504 disseminaret,
2560 4449 2728 4510 utque
2781 4454 2880 4494 nos
2932 4447 3293 4502 assuesceret,
3342 4453 3500 4490 nun--

1902 4551 2066 4605 quam
2101 4536 2318 4589 illorum
2349 4534 2514 4589 dictis
2541 4573 2555 4595 .
2593 4544 2646 4587 et
2688 4532 2732 4588 si
2777 4548 2909 4586 vera
2939 4533 3088 4600 loqui
3126 4531 3481 4595 viderentur,

1905 4629 2065 4684 tidem
2095 4627 2321 4680 habere.
2353 4623 2630 4693 Siquidem
2661 4625 2981 4678 indecorum
3015 4631 3101 4678 est
3132 4639 3252 4684 nos,
3288 4622 3505 4676 divinis-

1905 4719 2208 4789 Scripturis
2237 4733 2300 4772 ac
2338 4716 2646 4771 Servatoris
2675 4717 2926 4769 libertate
2958 4715 3277 4778 instructos,
3306 4730 3336 4766 a
3361 4712 3483 4766 dia-

1906 4814 2050 4878 bolo,
2083 4812 2177 4882 (ιι.ιί
2211 4812 2490 4880 proprium
2540 4825 2648 4864 non
2700 4809 2938 4862 servavit
2983 4808 3228 4863 ordinem
3255 4849 3268 4873 ,
3301 4815 3353 4860 et
3381 4807 3506 4859 alia.

223 4920 413 4965 σαντος
447 4902 542 4974 τὴν
575 4903 707 4956 ἰδίαν
738 4903 912 4970 τάξιν,
942 4903 1056 4956 ἀλλ’
1091 4905 1254 4973 ἕτερα
1284 4904 1400 4957 ἀνθ’
1440 4904 1643 4976 ἑτέρων
1671 4923 1801 4976 φρο-

1907 4921 2004 4974 pro
2038 4906 2162 4960 aliis
2210 4903 2403 4967 sensit,
2440 4903 2682 4958 edoceri.
2737 4900 3102 4968 Quamobrem
3152 4900 3301 4952 illum
3341 4939 3356 4962 ,
3403 4899 3485 4951 vel

221 4998 502 5065 νὴσαντος.
541 4996 637 5049 Διά
680 4997 837 5050 τοῦτο
889 4997 982 5050 καὶ
1034 4997 1299 5050 λαλοῦντα
1349 4997 1644 5061 αὐτὺνιτὰς
1691 5000 1804 5052 ἀπὸ

221 5089 329 5140 τῶν
355 5088 584 5159 Γραφῶν
617 5088 792 5154 λέξεις
818 5089 1016 5143 κωλύει
1043 5090 1215 5158 λέγων
1236 5107 1249 5124 ν
1284 5089 1365 5154 Τῷ
1390 5088 1458 5141 δὲ
1478 5089 1800 5158 ἁμαρτωλῷ

220 5172 392 5229 εἶπεν
419 5181 450 5229 ὀ
484 5178 630 5243 Θεός
655 5195 668 5207 ο
701 5178 834 5231 Ἵνα
870 5179 926 5230 τί
947 5179 1028 5231 σὺ
1055 5178 1307 5248 ἐκδιηγῇ
1339 5179 1411 5232 τὰ
1442 5177 1802 5247 δικαιώματά
1830 5217 1832 5220 -

217 5285 369 5336 μους
401 5270 463 5322 Οἱ
498 5269 596 5339 μὲν
623 5263 714 5322 οὗν
749 5271 930 5323 πιστοὶ
956 5269 1208 5324 δύνανται
1239 5273 1368 5342 παρ’
1411 5271 1580 5338 αὐτῆς
1618 5287 1676 5321 τε
1704 5271 1801 5340 τῆς

225 5361 498 5430 πατρικῆς
523 5361 706 5432 φωνῆς
737 5362 1024 5433 λεγούσης,
1058 5359 1248 5428 Οὗτός
1275 5363 1449 5416 ἐστιν
1470 5365 1501 5415 o'
1523 5363 1653 5428 Υἱός
1674 5379 1788 5430 μου

298 5494 342 5524 ⁵³
366 5492 506 5547 Psal.
546 5513 713 5560 xxvii,
732 5500 782 5552 5.

225 5563 314 5615 57.
392 5567 435 5596 ⁵⁵
473 5566 600 5620 Luc.
644 5585 724 5632 tv,
755 5570 843 5636 55,
881 5570 968 5623 54.

310 5680 423 5748 (28)
465 5681 589 5738 Ilaec
618 5683 886 5738 habentur
923 5684 975 5737 in
1017 5685 1207 5737 eodem
1269 5684 1492 5738 codice:
1550 5683 1802 5752 editaque

230 5757 517 5827 primunta
546 5755 703 5827 nobis
731 5764 860 5808 sunt
890 5755 1088 5827 Athan.
1137 5764 1182 5827 t_.
1219 5753 1256 5813 l.
1291 5771 1340 5823 ν.
1380 5753 1534 5807 1010.

305 5823 416 5888 (‘29)
454 5824 575 5881 llaec
612 5826 664 5878 in
689 5823 1282 5891 eodent.coditre.Rc-,;.
1315 5827 1798 5892 quibusperquam

865 5500 909 5530 ⁶⁰
939 5499 1069 5554 Luc.
1110 5515 1169 5559 ll,
1210 5499 1301 5554 ‘29.
1379 5501 1420 5530 ⁶¹
1453 5499 1584 5552 Luc.
1630 5514 1738 5558 xvt,
1772 5499 1858 5551 55'.
1923 5503 1966 5532 ⁶²
2000 5502 2174 5558 lCor.
2215 5506 2436 5569 “1,15.

1069 5571 1113 5600 ⁶⁶
1147 5569 1289 5623 Psal.
1326 5586 1470 5628 κως.
1507 5570 1590 5622 16.
1669 5569 1735 5600 ⁸⁵·
1767 5570 1956 5626 Matth.
1995 5589 2078 5638 ιιι,
2112 5574 2206 5641 17;
2244 5590 2377 5639 xvn,
2406 5577 2457 5630 5.

1911 4997 2321 5066 Seripturarum
2377 4995 2522 5050 dicta
2555 4994 2946 5064 proferentcm,
2982 5001 3205 5047 coercet
3252 4991 3438 5044 dicens
3469 5008 3483 5043 ;

1912 5089 2189 5143 Peccatori
2226 5097 2405 5141 autent
2443 5087 2584 5140 dixit
2624 5086 2762 5139 Deus
2794 5101 2812 5140 :
2856 5087 3034 5150 Quare
3077 5095 3132 5136 tu
3161 5098 3380 5137 enarras
3398 5082 3507 5150 ju--

1910 5181 2088 5234 stitias
2122 5197 2264 5234 meas
2293 5180 2371 5232 “i
2408 5178 2647 5233 Possunt
2683 5179 2865 5248 itaque
2920 5177 3103 5232 ﬁdeles
3152 5177 3220 5229 ab
3257 5176 3371 5244 ipsa
3403 5191 3505 5243 pa»

1910 5284 2063 5326 terna
2087 5289 2218 5328 voce
2233 5275 2477 5330 dicente:
2502 5275 2606 5330 Hic
2626 5284 2700 5330 est
2722 5272 2896 5326 Filius
2922 5286 3062 5325 meus
3085 5267 3306 5323 dilectus
3323 5267 3412 5332 κ’,
3433 5277 3505 5320 et.

1911 5365 1978 5419 ab
2007 5366 2218 5436 angelis
2243 5367 2421 5436 ipsum
2453 5368 2832 5431 adorantibus,
2869 5379 3079 5419 necnon
3102 5376 3131 5416 a
3161 5360 3366 5416 sanctis
3391 5361 3486 5429 qui

2507 5506 2551 5536 ⁶³
2588 5505 2797 5562 Coloss.
2831 5521 2913 5567 ιιι,
2952 5501 3003 5557 5.
3081 5502 3122 5533 ⁶¹⁶
3166 5497 3326 5553 Marc.
3363 5511 3479 5562 xiv,

2151 5689 2434 5830 galleef5.ill
2478 5687 2719 5761 Epistola
2752 5687 2817 5745 ad
2859 5681 3401 5757 episcoposﬁgypti
3427 5689 3507 5738 ek
