3860 6220
143 435 274 484 14υ1

1373 428 1799 481 FRAGMENTA
1839 427 1902 480 ΙΝ
1941 418 2202 481 LUCA‘M.

3254 427 3388 479 “02

137 546 470 618 τρεπόμενος
500 545 686 598 τοῦτον
715 543 958 606 ὲδίωκεν,
1002 541 1125 596 οῦτε
1175 543 1250 607 ὡς
1291 543 1503 612 ἀγνοῶν
1550 542 1716 594 ὲπλα-

1842 553 2007 612 :eptus
2048 550 2166 608 est;
2215 541 2308 596 sed
2339 545 2483 597 velut
2523 559 2726 612 gnarus
2760 544 3111 613 coarguebat,
3146 551 3199 597 et
3231 545 3387 612 quasi

140 640 268 692 νᾶτο
295 635 401 688 ὑπὸ
424 636 530 687 τῶν
558 633 745 687 τούτου
783 633 1040 704 ῥημάτων
1068 652 1080 664 ·
1121 633 1256 686 ἀλλά
1297 633 1389 686 καὶ
1443 633 1518 695 ὼς
1561 631 1718 696 εἰδὼς

141 725 364 794 ἤλεγχε,
399 723 494 775 καὶ
523 723 595 785 ὼς
629 721 898 776 παιδεύων
931 721 1245 793 διωρθοῦτο.
1285 722 1584 790 Μονονουχὶ
1611 722 1719 792 γὰρ

141 816 304 870 τοῦτο
347 815 522 883 λέγων
553 815 853 879 ἐδίδασκεν,
886 815 961 876 ὼς
1006 815 1116 886 ἄρα
1148 814 1322 876 οὐδεὶς
1376 813 1597 866 δύναται
1643 811 1720 881 τῷ

140 910 300 978 Λόγῳ
331 907 640 961 ἀκολουθεῖν
668 907 1078 975 ἀναπαυόμενος
1111 908 1167 960 ἐν
1198 905 1432 974 ἀλόγοις,
1462 905 1582 957 οὐδὲ
1615 904 1720 957 τῶν

143 999 403 1066 ἀλόγωνὸ
435 997 582 1066 φίλος
619 997 840 1050 δύναται
878 998 969 1049 τὸν
1022 997 1192 1064 Λόγον
1239 996 1512 1065 δέχεσθαι,
1548 995 1669 1048 οῦδὲ
1694 998 1722 1048 6

143 1090 213 1142 τα
253 1089 421 1158 ἄλογα
470 1086 868 1159 φανταζόμενος
921 1087 1144 1140 δύναται
1197 1087 1290 1140 τοῦ
1341 1087 1514 1154 Λόγου
1561 1103 1724 1156 μετα-

144 1181 444 1252 λαμϐάνειν
475 1181 701 1234 ἔννοιαν.
754 1179 968 1250 Ἀμέλει
1007 1181 1072 1231 ἐκ
1116 1179 1213 1248 τῆς
1252 1178 1456 1248 τόλμης
1494 1178 1556 1230 τὸ
1583 1176 1724 1245 γνώ-

147 1289 325 1344 ρισμα
348 1273 449 1341 τῆς
484 1271 813 1343 προπετείας
854 1273 947 1324 καὶ
972 1271 1326 1332 ἀπαιδευσίας
1379 1269 1589 1333 ἔξεστιν
1622 1271 1726 1322 αὑ-

144 1365 244 1418 τοῦ
267 1365 620 1434 καταμαθεῖν.
647 1365 709 1416 Εἰ
735 1364 842 1435 γὰρ
872 1364 1139 1434 ἠπίστατο
1165 1361 1261 1415 τοῦ
1294 1362 1466 1431 Λόγου
1499 1361 1596 1432 τὴν
1628 1360 1724 1415 δύο

144 1474 337 1528 ναμιν,
367 1459 468 1510 οὐκ
496 1456 564 1510 ἀν
589 1457 726 1520 ὅλως
753 1456 1056 1525 φαντασίαν
1105 1456 1316 1526 εἰλήφει
1354 1455 1722 1524 πνευματικοῦ

145 1551 350 1617 Λόγου,
385 1551 484 1602 οὐκ
517 1549 582 1602 ἂν
604 1548 888 1620 ἄνθρωπος
931 1547 1006 1599 ὢν
1039 1547 1250 1611 ἐξισοῦν
1301 1547 1492 1600 ἑαυτὸν
1525 1546 1728 1616 ἐτόλμα

144 1643 215 1710 τῇ
247 1641 340 1691 τοῦ
377 1641 626 1710 Σωτῆρος
655 1638 1024 1711 ἀκαταλήπτῳ
1051 1639 1276 1710 δυνάμει
1309 1639 1479 1706 λέγων
1509 1656 1521 1670 ο
1572 1641 1728 1692 Ἀκο-

147 1728 437 1795 λουθήσω
478 1746 578 1783 σοι
621 1730 772 1783 ὅπου
805 1730 912 1784 ἐὰν
955 1729 1203 1798 ἀπέρχῃ.
1261 1729 1596 1782 Ἀκολουθεῖν
1629 1730 1726 1800 μὲν

148 1823 260 1892 γὰρ
282 1822 650 1892 ἁπλούστερον
678 1821 754 1898 τῷ
780 1821 994 1892 Σωτῆρι
1019 1822 1153 1892 πρὸς
1179 1822 1239 1874 τὸ
1261 1822 1359 1891 τῆς
1385 1821 1725 1885 διδασκαλίας

150 1912 321 1965 αὑτοῦ
344 1911 562 1965 ἀκούειν
585 1911 809 1964 δυνατὸν
829 1915 892 1982 τῇ
912 1911 1225 1983 ἀνθρωπίνῃ
1249 1911 1428 1980 φύσει,
1454 1912 1546 1964 καὶ
1575 1911 1731 1964 τοῦτο

154 2004 300 2056 κατά
330 2004 428 2074 τὴν
477 2004 641 2056 αὐτοῦ
689 2003 1098 2074 φιλανθρωπίαν
1132 2023 1144 2033 ·
1192 2005 1621 2058 συνεκτείνεσθαι
1672 2005 1728 2058 δὲ

155 2095 254 2147 καὶ
286 2094 596 2165 συντρέχειν
632 2094 781 2163 αὐτῷ
815 2093 1090 2165 πανταχοῦ
1119 2135 1133 2157 ,
1162 2095 1318 2148 τοῦτο
1351 2095 1443 2148 καὶ
1473 2095 1732 2149 ἀδύνατον

154 2187 252 2238 καὶ
297 2186 568 2258 τολμηρὸν
605 2187 681 2256 τῷ
730 2187 1207 2257 ἐπαγγελλομένῳ.
1265 2187 1402 2240 Οῦτε
1451 2187 1558 2258 γάρ
1603 2188 1733 2240 ἀνα-

152 2275 450 2344 παυομένῳ
481 2275 628 2346 αύτῷ
665 2276 814 2346 παρὰ
849 2276 928 2345 τῷ
966 2276 1141 2347 Πατρὶ
1169 2279 1402 2329 συνεῖναι
1435 2275 1728 2347 δυνάμεθα·

153 2366 276 2429 πῶς
307 2367 434 2436 γὰρ,
465 2367 630 2436 ἄλλης
657 2369 868 2436 φύσεως
895 2369 1290 2438 τυγχάνοντες;
1318 2367 1440 2420 οὔτε
1459 2365 1733 2436 πανταχοῦ

154 2460 307 2530 αύτῷ
333 2460 446 2513 ὄντι
479 2461 802 2531 συνδραμεῖν
851 2455 961 2514 οἷόν
993 2477 1071 2513 τε.
1115 2461 1174 2514 'O
1233 2461 1329 2532 μὲν
1367 2460 1478 2532 γάρ
1514 2460 1733 2531 ἀχώρη-

153 2567 269 2617 τος,
306 2555 353 2604 οἱ
380 2553 435 2604 δὲ
463 2552 697 2622 χωρητοί
718 2569 731 2582 ·
772 2553 866 2605 καὶ
887 2554 916 2604 6
950 2553 1046 2624 μὲν
1080 2554 1138 2604 ἐν
1172 2552 1248 2622 τῷ
1291 2553 1453 2605 παντὶ
1501 2553 1596 2604 καὶ
1632 2552 1735 2616 ἔξω

156 2643 254 2695 τοῦ
288 2644 486 2706 παντός
521 2646 688 2707 ἐστιν,
726 2645 774 2696 οἱ
807 2644 862 2697 δὲ
894 2646 952 2696 ὲν
995 2643 1072 2714 τῷ
1103 2645 1263 2696 παντὶ
1315 2643 1736 2714 μεμετρημένην

158 2733 354 2803 ἔχομεν
387 2734 482 2804 τὴν
514 2734 768 2787 σύστασιν
787 2752 798 2762 ·
831 2735 926 2787 καὶ
945 2735 972 2787 6
993 2736 1089 2805 μὲν
1115 2735 1318 2804 Κύριος
1348 2737 1618 2806 ἀκινήτως
1645 2736 1737 2788 καὶ

159 2825 524 2894 ἀμεταϐἁτως
553 2829 691 2879 κινεῖ
725 2826 792 2879 τὰ
822 2826 1118 2896 πανταχοῦ,
1149 2828 1242 2879 καὶ
1271 2826 1338 2879 τὰ
1377 2827 1470 2879 ὅλα
1503 2827 1732 2879 διοικεῖ·

159 2917 438 2987 ἄνθρωποι
477 2917 552 2979 δὲ,
583 2918 998 2987 μεταϐαίνοντες
1037 2919 1128 2986 ἀφ’
1159 2909 1219 2969 οὗ
1263 2917 1580 2988 κινούμεθα,
1630 2919 1738 2971 λει-

161 3007 380 3078 πόμεθα
404 3011 468 3079 τῇ
505 3009 784 3079 ἀπολείψει
828 3010 923 3062 τοῦ
962 3011 1126 3062 τόπου
1163 3010 1298 3081 πρὸς
1339 3008 1437 3080 τὴν
1471 3010 1742 3080 ἀμετάϐαο

158 3114 252 3151 τον
297 3100 570 3169 πανταχοῦ
613 3102 713 3171 τῆς
748 3101 998 3172 θεότητος
1023 3102 1192 3156 αὑτοῦ
1225 3101 1552 3172 παρουσίαν.
1597 3102 1736 3153 Ἀλλ’

158 3193 188 3244 6
231 3190 436 3261 Κύριος
463 3193 582 3243 κατ’
613 3192 897 3264 ἀμφότερα
941 3193 1131 3247 τοῦτον
1178 3191 1507 3263 διορθοῦται,
1549 3193 1641 3246 καὶ
1677 3193 1739 3246 τὸ

164 3281 267 3350 μὲν
297 3281 580 3350 ἀνέτοιμον
614 3283 712 3353 τῆς
741 3283 1055 3353 προθέσεως
1093 3284 1378 3355 διελέγχει,
1417 3286 1516 3356 τὴν
1545 3287 1600 3339 δὲ
1638 3287 1739 3357 τῆς

162 3371 416 3441 θεότητος
443 3372 606 3425 αὑτοῦ
651 3375 1046 3446 μεγαλειότητα
1098 3377 1380 3440 παιδεύει,
1419 3377 1590 3447 λέγων
1617 3395 1630 3408 ·
1671 3383 1739 3432 Αἱ

162 3461 473 3529 ἀλώπεκες
501 3466 772 3532 φωλεοὺς
800 3466 1011 3534 ἔχουσι
1031 3507 1046 3531 ,
1077 3467 1174 3520 xui.
1209 3467 1278 3520 τὰ
1312 3467 1460 3538 ἑξῆς.
1500 3471 1642 3522 Ἴσον
1684 3469 1741 3522 δὲ

159 3554 340 3626 τούτῳ
385 3558 558 3608 εἰπεῖν
598 3559 732 3622 ἐστι,
783 3558 852 3610 τὰ
905 3560 1002 3627 μὲν
1057 3561 1258 3629 γενητά
1307 3563 1484 3614 πάντα
1519 3561 1743 3633 χωρητά

161 3647 448 3716 τυγχάνει,
485 3649 576 3701 καὶ
619 3649 801 3712 τόποις
833 3649 1138 3716 διίσταται,
1175 3653 1204 3705 6
1244 3652 1300 3704 δὲ
1344 3653 1517 3720 Λόγος
1571 3656 1599 3706 6
1645 3652 1741 3705 τοῦ

165 3739 304 3790 Θεοῦ
327 3737 608 3810 ἀχώρητον
640 3739 752 3810 ἔχει
784 3740 881 3811 τὴν
915 3741 1139 3810 δύναμιν
1165 3758 1177 3770 ·
1211 3741 1350 3795 ὥστε
1386 3742 1480 3794 τοῦ
1525 3744 1620 3814 μὲν
1654 3743 1743 3795 λέ-

167 3848 311 3898 γειν,
366 3831 447 3882 ὅτι
496 3831 687 3884 ’Ὅπου
739 3832 848 3884 ἐὰν
890 3833 1123 3902 ἀπέρχῃ
1170 3833 1566 3900 ἀκολουθήσω
1609 3851 1740 3900 σοι,

168 3921 417 3975 παῦσαν
471 3924 519 3974 εί
575 3923 630 3974 δε
674 3923 1075 3994 μαθητεύεσθαι
1140 3925 1342 3990 θέλεις,
1381 3927 1592 3979 ἀπόστα
1637 3925 1744 3979 τῶν

165 4013 399 4080 ἀλόγων,
425 4012 733 4084 οἰκειώθητι
755 4014 810 4066 δὲ
844 4015 921 4085 τῷ
959 4016 1115 4086 Λόγῳ
1149 4035 1160 4045 ·
1195 4016 1455 4068 ἀδύνατον
1497 4017 1604 4086 γὰρ
1651 4017 1742 4070 τὸν

167 4104 382 4172 ἀλογίᾳ
417 4104 641 4156 συνόντα
674 4105 849 4174 Λόγου
875 4106 1126 4174 γενέσθαι
1157 4107 1425 4178 μαθητήν.

245 4279 356 4349 (3‘2)
397 4280 517 4332 Tlrt
568 4279 834 4347 ὁμοιώσω
861 4280 976 4348 τὴν
1022 4281 1352 4345 ,ϐασιλείαν
1399 4284 1504 4336 τοῦ
1551 4284 1746 4350 Θεοῦ;

182 4371 388 4438 Ὀμοία
407 4371 535 4423 ἐστὶ
565 4369 709 4440 ζύμῃ
740 4411 754 4435 ,
799 4370 880 4439 ἢν
912 4373 1186 4426 λαϐοῦσα
1226 4373 1380 4442 γυνὴ
1413 4373 1749 4443 ἐνέκρυψεν

172 4465 261 4525 είς
289 4462 546 4530 ἀλεύρου
575 4461 732 4516 σάτα
759 4465 893 4531 τρία
926 4506 940 4530 ,
990 4465 1096 4530 ἕως
1139 4460 1210 4520 οὗ
1255 4465 1514 4534 ἐζυμώοη
1578 4467 1744 4520 ὅλον.

1819 634 2074 687 erudiens
2108 632 2436 702 corrigebat.
2470 633 2604 686 Cum
2638 633 2751 688 haec
2781 633 2924 687 enim
2945 633 3167 695 diceret,
3189 633 3387 688 docere

1819 725 2128 790 videbatur,
2162 725 2431 778 neminem
2464 739 2624 792 posse
2673 723 2911 778 Verbum
2948 725 3063 777 sive
3105 721 3389 778 Rationem

1823 817 1995 884 sequi,
2025 816 2069 869 si
2101 815 2151 868 in
2183 815 2650 870 irrationabilibus
2685 815 3012 885 quiesceret,
3051 831 3226 886 neque
3254 818 3394 871 irra-

1823 907 2166 960 tionabilium
2199 916 2497 961 amatorem
2548 922 2710 976 posse
2754 906 2988 961 Verbum
3038 908 3152 962 sive
3200 908 3392 962 Ratio-

1824 1013 1944 1050 nem
1985 997 2257 1066 excipere,
2305 1013 2482 1067 neque
2530 997 2933 1052 irrationabilia
2968 1000 3392 1054 comminiscen-

1827 1099 1932 1142 tem
1982 1104 2144 1158 posse
2190 1087 2438 1144 Rationis
2466 1089 2714 1143 notitiam
2735 1091 2975 1160 assequi.
3001 1090 3077 1144 Ex
3102 1107 3236 1145 ausu
3263 1079 3394 1146 sane

1827 1181 1998 1245 illius,
2029 1180 2350 1235 temeritatis
2378 1188 2432 1234 et
2455 1178 2685 1234 inscitia:
2713 1181 2834 1250 ejus
2885 1190 3266 1250 argumentum
3296 1183 3393 1237 de-

1825 1271 2161 1342 prehendere
2209 1271 2362 1325 licet.
2401 1270 2536 1325 Nam
2585 1273 2630 1326 si
2664 1270 2828 1326 Verbi
2861 1273 2968 1325 vim
3003 1275 3261 1336 novisset,
3300 1289 3397 1328 ne-

1826 1379 2104 1433 quaquam
2132 1363 2235 1417 sibi
2271 1364 2571 1434 spiritualis
2602 1362 2764 1418 Verbi
2793 1365 3221 1418 commentitiam
3269 1380 3395 1433 spe-

1826 1458 1963 1508 ciem
1997 1455 2322 1521 eiiinxisset;
2360 1471 2556 1524 neque,
2596 1458 2761 1510 homo
2802 1472 2927 1510 cum
2960 1464 3105 1510 esset
3139 1497 3151 1522 ,
3185 1457 3395 1510 incom-

1827 1545 2176 1613 prehensibili
2214 1545 2523 1599 Servatoris
2553 1546 2740 1599 virtuti
2773 1560 2892 1600 sese
2921 1561 3207 1615 exzequare
3231 1563 3398 1602 ausus

1830 1636 2042 1699 fuisset,
2075 1635 2300 1689 dicens:
2339 1633 2543 1704 Sequar
2573 1646 2622 1689 te
2651 1653 2956 1707 quocunque
2987 1638 3130 1690 ieris.
3188 1636 3399 1691 Etenim

1831 1725 2174 1778 Servatorem
2208 1725 2524 1794 simpliciter
2546 1727 2701 1796 sequi
2726 1727 2793 1780 ad
2820 1727 3125 1782 doctrinam
3150 1728 3267 1796 ejus
3299 1745 3399 1781 au-

1830 1817 2104 1880 diendam,
2139 1817 2389 1870 humana:
2434 1817 2656 1885 quidem
2704 1827 2916 1872 naturae
2965 1819 3222 1886 possibile
3275 1831 3356 1872 est
3385 1862 3400 1884 ,

1832 1908 1993 1976 idque
2015 1923 2078 1958 ex
2111 1907 2230 1973 ejus
2262 1907 2599 1974 benignitate
2645 1907 2760 1962 lieri
2786 1917 3004 1976 potest;
3055 1917 3108 1961 at
3149 1925 3274 1962 cum
3309 1910 3402 1964 illo

1833 2015 1938 2050 una
1967 1998 2184 2050 extendi
2213 2013 2278 2051 ac
2305 2013 2639 2051 concurrere
2671 1999 2888 2068 ubique,
2917 1999 2967 2052 id
3001 2014 3132 2052 sane
3155 1999 3272 2053 ﬁeri
3303 2015 3402 2054 ne-

1832 2091 1971 2160 quit,
2017 2100 2068 2143 ct
2127 2089 2436 2158 pollicentis
2482 2089 2766 2142 audaciam
2812 2089 3012 2157 prodit.
3045 2087 3227 2157 Neque
3257 2089 3401 2142 enim

1833 2199 1954 2236 cum
1981 2183 2095 2246 illo,
2123 2181 2177 2234 in
2204 2181 2326 2235 sinu
2360 2179 2536 2233 Patris
2569 2181 2891 2248 quiescenti,
2928 2195 3035 2233 una
3059 2195 3180 2234 csse
3209 2195 3406 2248 possu-

1835 2289 1981 2328 mus.
2012 2272 2148 2326 Nam
2176 2273 2268 2342 qui
2310 2272 2360 2324 id
2407 2281 2666 2340 praestare
2703 2271 2979 2340 possimus
3005 2286 3128 2324 cum
3182 2271 3405 2326 alterius

1834 2376 2044 2417 naturae
2075 2362 2291 2416 simus?
2327 2359 2513 2431 Neque
2572 2377 2694 2415 cum
2733 2361 2825 2415 illo
2857 2403 2871 2426 ,
2919 2361 3014 2431 qui
3055 2361 3254 2430 ubique
3301 2371 3402 2426 est,

1835 2469 2168 2509 concurrere
2197 2454 2466 2507 valemus.
2502 2451 2636 2506 Nam
2667 2453 2755 2506 ille
2791 2453 3008 2522 quidem
3043 2468 3072 2506 a
3097 2454 3244 2508 nullo
3277 2471 3406 2507 con-
3487 2459 3492 2465 ‘
3526 2527 3532 2534 .

1837 2548 2062 2609 tinetur,
2097 2560 2197 2599 nos
2234 2544 2616 2609 continemur;
2653 2544 2741 2598 ille
2787 2545 2840 2597 in
2896 2545 3149 2598 universo
3173 2553 3225 2599 et
3252 2553 3407 2598 extra

1838 2636 2156 2688 universum
2189 2643 2294 2696 est,
2325 2649 2424 2688 nos
2455 2649 2583 2686 vero
2610 2633 2660 2685 in
2688 2634 2944 2688 universo
2975 2635 3279 2689 dimensam
3313 2635 3410 2688 ha-

1840 2726 2034 2779 bemus
2064 2727 2512 2779 constitutionem
2542 2713 2568 2790 ;’
2595 2726 2704 2791 ille,
2743 2725 3006 2779 Dominus
3048 2726 3276 2792 scilicet,
3306 2727 3410 2780 im-

1840 2815 2026 2868 mobili
2057 2825 2108 2868 et
2149 2816 2474 2869 immutabili
2506 2815 2667 2869 modo
2700 2815 2883 2869 omnia
2921 2825 3118 2881 movet,
3153 2817 3408 2872 universa

1839 2905 2215 2972 administrat;
2262 2921 2363 2960 nos
2389 2921 2518 2959 vero
2546 2906 2815 2971 homines,
2843 2915 3186 2960 transeuntes
3222 2922 3251 2959 a
3285 2906 3407 2959 loco

1840 2997 1984 3049 unde
2046 3011 2391 3062 amovemur,
2456 3011 2589 3050 sane
2650 2996 2889 3065 impares
2945 3011 3177 3060 sumus,
3221 2997 3411 3050 relicto

1851 3088 2090 3157 loco,qni
2119 3089 2420 3158 praesentiae
2451 3089 2673 3143 deitatis
2703 3089 2871 3158 ipsius
2899 3089 3098 3158 ubique
3127 3090 3410 3144 exsistcnti

1839 3191 1892 3234 ct
1924 3181 2192 3235 immobili
2231 3198 2602 3251 exaaquemur.
2655 3181 2760 3236 Sed
2793 3180 3056 3236 Dominus
3087 3183 3154 3235 de
3185 3193 3412 3252 utraque

1842 3289 1900 3326 re
1926 3273 2149 3342 corrigit
2183 3274 2355 3337 illum,
2379 3282 2542 3343 atque
2571 3275 2897 3342 imparatum
2935 3274 3414 3343 inconsultumque

1843 3368 2179 3434 propositum
2221 3365 2432 3436 arguit:
2467 3366 3009 3435 magnitudinemque
3039 3367 3257 3421 deitatis
3298 3383 3412 3421 suae

1841 3457 2020 3520 docet,
2077 3457 2286 3520 dicens,
2340 3455 2532 3524 Vulpes
2587 3457 2763 3524 foveas
2819 3456 3044 3520 habent,
3094 3466 3148 3511 et
3197 3469 3412 3512 cretera.

1842 3547 2098 3602 Fortasse
2133 3564 2263 3602 vero
2291 3548 2378 3602 his
2411 3549 2751 3614 signiﬁcatur
2777 3589 2793 3614 ,
2826 3549 3042 3617 Opiﬁcia
3071 3553 3252 3604 omnia
3287 3567 3418 3604 con-

1844 3641 2004 3694 tineri
2061 3641 2199 3702 loco,
2244 3650 2299 3694 et
2347 3639 2466 3694 loco
2513 3639 2706 3694 dissita
2739 3656 2894 3707 esse;
2943 3650 2997 3695 at
3047 3640 3285 3696 Verbum
3322 3641 3417 3696 Dei

1843 3733 1912 3784 vi.
1933 3742 2105 3786 tutem
2137 3733 2358 3794 habere,
2389 3747 2511 3801 quae
2551 3748 2580 3786 a
2625 3733 2774 3786 nullo
2804 3734 3150 3799 continetur;
3187 3735 3259 3788 ita
3293 3744 3353 3786 ut
3383 3750 3413 3787 a

1847 3827 1940 3880 tali
1969 3827 2132 3889 dicto,
2167 3825 2369 3895 Sequar
2407 3834 2454 3878 te
2491 3841 2796 3895 quocunque
2830 3827 2954 3880 ieris
2985 3866 2998 3890 ,
3035 3827 3415 3881 abstinendum

1846 3921 1934 3975 sit.
1967 3917 2124 3984 Quod
2156 3918 2202 3971 si
2229 3917 2438 3971 erudiri
2474 3917 2628 3980 velis,
2662 3919 2730 3970 ab
2776 3917 3244 3972 irrationabilibus
3275 3919 3420 3972 absi-

1847 4024 1948 4076 ste,
1971 4019 2025 4064 et
2055 4009 2273 4063 Rationi
2307 4026 2400 4063 seu
2434 4007 2614 4062 Verbo
2643 4018 2692 4064 te
2728 4010 2974 4079 applica:
3011 4025 3135 4062 nam
3174 4010 3288 4063 licri
3325 4028 3421 4064 ne-

1847 4101 1971 4169 quit
2001 4109 2059 4154 ut
2081 4100 2174 4169 qui
2206 4113 2330 4154 cum
2378 4101 2854 4155 irrationabilitate
2885 4100 3052 4170 degit,
3083 4099 3245 4155 Verbi
3293 4103 3410 4156 sive

1849 4190 2099 4246 Rationis
2132 4181 2431 4261 discipulus
2464 4192 2678 4246 evadat.

1919 4283 2019 4338 Cui
2047 4285 2221 4338 simile
2261 4284 2536 4337 wstiinabo
2569 4300 2781 4353 regnum
2825 4283 2967 4338 Dei?
3000 4281 3187 4337 Simile
3215 4292 3290 4336 est
3317 4283 3422 4352 fer-

1850 4385 2043 4438 mento,
2074 4373 2212 4443 quod
2255 4382 2525 4442 acet-ptum
2569 4374 2762 4426 mulier
2806 4373 3084 4426 abscondit
3137 4374 3191 4425 in
3230 4372 3424 4440 [crime

1851 4479 1967 4519 sum
2005 4468 2133 4532 tria,
2165 4466 2324 4519 donec
2350 4466 2723 4534 fermentatum
2751 4475 2827 4518 est
2870 4476 3038 4518 totum
3069 4466 3138 4518 ⁷³.
3176 4464 3289 4518 Hoc
3319 4466 3422 4520 ita-

174 4551 347 4604 Τοῦτο
368 4548 460 4604 οὖν
486 4553 700 4616 σκόπει,
726 4556 832 4617 πᾶς
865 4571 949 4616 τις
988 4557 1015 4607 ό
1047 4558 1160 4618 τοῖς
1196 4555 1438 4626 ῥηθεῖσιν
1469 4560 1736 4628 ἀμφισϐη-

1851 4577 1956 4626 que
1981 4557 2268 4626 perpende,
2299 4555 2554 4624 quisquis
2581 4556 2648 4609 de
2699 4555 2863 4609 dictis
2899 4555 3212 4624 hujttsmodi
3250 4555 3425 4609 ambi-

171 4645 303 4705 τῶν,
340 4647 527 4715 ὅτιπερ
551 4646 777 4710 ἕκαστος
810 4646 915 4700 τῶν
946 4647 1246 4717 ἀνθρώπων
1275 4651 1304 4700 ὁ
1331 4651 1532 4720 μικράν
1567 4649 1748 4720 ζύμην

174 4735 376 4804 ἀρετῆς
413 4736 772 4804 κτησάμενος,
807 4737 882 4808 μὴ
913 4737 1210 4805 πεφθακὼς
1251 4741 1306 4792 δὲ
1349 4741 1550 4810 ταύτην
1588 4741 1750 4810 ἀρτο-

177 4827 400 4896 ποιῆσαι
425 4845 436 4857 ·
467 4826 602 4878 ἀλλὰ
631 4827 910 4896 βουληθεὶς
953 4829 1070 4899 μὲν,
1100 4831 1174 4902 μὴ
1202 4830 1449 4903 δυνηθεὶς
1473 4833 1529 4884 δὲ
1567 4834 1746 4897 τοῦτο,

178 4918 211 4987 ἢ
250 4919 521 4989 ῥᾳθυμίας
555 4919 586 4988 ἢ
632 4920 887 4989 ἀμελείας
921 4921 952 4990 ἦ
981 4922 1270 4992 ἀνανδρίας
1314 4925 1476 4977 ἕνεκα
1525 4927 1620 4978 καὶ
1652 4927 1750 4996 τῆς

181 5011 238 5076 ἐξ
271 5012 485 5080 ἡμέρας
511 5013 590 5074 εἰς
615 5012 824 5082 ἡμέραν
855 5013 1120 5085 ἀναϐολῆς
1140 5033 1152 5046 ·
1183 5015 1536 5083 ὲπιφθασθεὶς
1565 5017 1620 5069 δὲ
1657 5018 1750 5069 καὶ

179 5099 448 5170 θερισθεὶς
475 5105 600 5173 παρ’
624 5104 834 5166 ἐλπίδα,
856 5098 1008 5168 οὗτος
1028 5106 1128 5158 οὐκ
1150 5106 1575 5177 ὲπιλησθήσεται
1599 5107 1750 5178 παρά

180 5193 271 5246 τοῦ
295 5195 502 5246 δικαίου
535 5197 719 5267 κριτοῦ
742 5213 754 5224 '
786 5198 900 5250 ἀλλ’
939 5202 1122 5270 ἐγερεῖ
1162 5201 1308 5270 αὐτῷ
1341 5200 1480 5271 μετά
1521 5199 1748 5254 θάνατον

181 5287 304 5348 τοὺς
337 5287 588 5349 οἰκείους,
635 5289 728 5340 καὶ
769 5288 971 5342 τούτων
1013 5291 1110 5353 τὰς
1140 5291 1364 5362 γνώμας
1414 5293 1601 5357 ἰθυνεῖ,
1657 5294 1752 5347 καὶ

184 5379 280 5440 τὰς
314 5379 539 5448 καρδίας
563 5379 799 5439 ἑλκύσει,
830 5381 923 5433 καὶ
961 5381 1057 5444 τὰς
1085 5382 1260 5450 ψυχας
1295 5383 1620 5453 ἐπικάμψει,
1658 5384 1752 5436 καὶ

186 5471 318 5539 πρὸς
348 5471 570 5542 ἀρωγὴν
601 5473 695 5524 καὶ
741 5472 991 5541 βοήθειαν
1035 5474 1227 5527 τούτου
1272 5474 1564 5528 σπεύσουσι
1595 5492 1752 5546 κινη-

187 5561 384 5622 θέντες.
420 5561 580 5613 Ὅθεν
614 5563 707 5616 καὶ
740 5563 1018 5634 ἁψαμένου
1059 5565 1151 5618 τοῦ
1182 5567 1451 5618 Δεσπότου
1475 5566 1583 5620 τῶν
1620 5584 1754 5637 καρ-

253 5700 298 5727 "
334 5697 468 5751 Luc.
504 5712 624 5762 xm,
655 5699 744 5752 2|.

258 5837 368 5908 (52)
402 5835 477 5889 lix
503 5835 688 5892 codice
729 5850 838 5906 reg.
871 5834 1026 5903 1995,
1059 5849 1155 5889 λιιι
1191 5834 1396 5891 saeculi.

1854 4653 1956 4719 gis,
1985 4647 2285 4717 quemlibet
2343 4647 2618 4699 hominem
2653 4647 2746 4715 qui
2785 4661 3011 4715 parvum
3044 4647 3265 4701 virtutis
3290 4647 3426 4707 ,Ωιι-α

1856 4751 2096 4793 mentum
2149 4735 2414 4808 possidet,
2455 4736 2660 4805 quique
2706 4734 2774 4789 ad
2826 4751 3021 4805 panem
3053 4753 3120 4791 ex
3150 4751 3216 4791 eo
3254 4736 3427 4790 conli-

1856 4836 2105 4889 ciendum
2141 4833 2379 4886 nondum
2431 4846 2564 4886 usus
2622 4842 2742 4894 est,
2797 4837 2853 4882 et
2899 4837 3079 4882 tamen
3124 4827 3176 4880 id
3209 4827 3419 4890 voluit,

1859 4927 1952 4980 sed
1979 4925 2249 4994 segnitiei,
2280 4923 2528 4985 incuriae,
2564 4919 2811 4990 ignaviae,
2849 4927 2945 4972 aut
2975 4916 3428 4988 procrastinatio-

1858 5021 1943 5073 nis
1979 5033 2110 5087 ergo
2160 5032 2267 5069 non
2306 5014 2536 5084 potuit,
2581 5014 2943 5080 interceptum
2997 5024 3061 5063 ac
3113 5008 3423 5062 demessum

1857 5129 1966 5184 quo
1993 5122 2232 5180 tempore
2265 5124 2372 5162 non
2423 5105 2798 5177 exspectabat,
2848 5104 2990 5173 apud
3045 5103 3248 5170 justum
3285 5101 3424 5167 indi-

1857 5223 1973 5260 cem
2001 5221 2106 5258 non
2142 5213 2433 5256 venturum
2462 5200 2516 5253 in
2542 5199 2872 5254 oblivionem
2901 5215 2914 5250 :
2955 5197 3048 5251 sed
3095 5194 3279 5265 (Deus)
3310 5201 3425 5260 post

1859 5299 1980 5361 eius
2031 5295 2308 5349 interitum
2341 5291 2642 5346 familiares
2675 5299 2730 5343 et
2763 5297 3028 5358 cognatos
3067 5288 3188 5355 ejus
3223 5285 3426 5337 eacita-

1862 5389 1959 5455 bit,
2007 5403 2198 5441 eorum
2231 5395 2464 5439 mentem
2511 5382 2740 5452 diriget,
2783 5381 2946 5435 corda
2987 5377 3283 5448 pertrahet,
3311 5375 3426 5426 ani-

1862 5494 1987 5533 mas
2016 5479 2192 5533 ﬂectet
2219 5494 2232 5530 :
2267 5487 2431 5546 atque
2463 5475 2500 5528 ii
2547 5473 2615 5527 ad
2647 5489 2804 5542 opem
2833 5482 2885 5526 et
2913 5471 3176 5526 auxilium
3209 5468 3312 5536 ipsi
3351 5465 3430 5519 fe-

1863 5570 2090 5624 rendmn
2125 5567 2402 5622 accedent.
2463 5563 2644 5631 Quare
2696 5563 2882 5629 iidem,
2920 5569 3169 5617 movente
3203 5557 3433 5613 Domino
