3860 6220
507 403 648 458 1105

1358 397 1415 452 S.
1463 397 1838 454 ATHANASII
1877 399 2026 454 OPP.
2069 398 2248 452 PARS
2283 396 2367 449 111.
2409 425 2481 437 --
2518 393 2924 449 EXEGETICA.

3608 397 3728 451 1101

500 519 665 574 corda
694 517 960 587 ipsorum,
997 530 1120 584 quae
1165 516 1429 569 defuncto
1470 515 1695 569 deerant
1723 515 2071 585 supplebunt.

2181 513 2304 566 διῶν
2335 513 2532 575 αὐτῶν,
2563 511 3016 582 ἀναπληρώσουσι
3044 512 3136 566 τοῦ
3169 521 3446 584 ο.χομένου
3484 519 3557 570 τὰ
3588 520 3729 572 ὑστε-

502 609 605 674 Qui
637 618 817 660 autem
844 605 1087 674 improbe
1120 616 1371 661 versatus
1401 605 1456 658 in
1488 606 1597 659 vita
1629 612 1712 659 est
1739 644 1754 668 ,
1800 605 1854 658 in
1903 604 2075 673 spinis

503 715 726 770 prorsus
771 697 1118 760 convolutus,
1161 706 1325 766 atque
1353 697 1565 766 impura
1599 697 1826 751 materia
1857 697 2072 766 plenus,

501 793 594 860 qui
627 805 906 857 nunquam
945 789 998 840 in
1026 788 1421 841 conscientiam
1454 789 1735 857 ingressus
1762 797 1845 841 est
1873 801 2068 849 suam;

501 883 592 938 sed
626 882 834 948 absque
863 888 1009 932 metu
1046 888 1100 933 et
1141 878 1510 932 indiﬁ‘erenter
1545 879 1886 948 voluptatum
1913 876 2078 931 foeto-

502 972 650 1024 ribus
685 969 950 1034 incubuit,
976 983 1164 1022 omnes
1193 967 1376 1022 carnis
1407 967 1889 1036 concupiscentias
1915 980 2072 1019 exse—

500 1079 694 1132 quens,
731 1061 863 1114 nihil
911 1075 1135 1128 prorsus
1164 1059 1231 1113 dc
1267 1059 1449 1112 anima
1489 1059 1771 1128 cogitans:
1821 1057 1916 1111 sed
1947 1071 2074 1110 cor-

500 1168 793 1222 porearum
828 1150 1173 1207 solummodo
1203 1165 1386 1204 rerum
1423 1164 1584 1208 sensu
1645 1148 1909 1212 allectus;
1946 1149 2081 1200 cnm‘

499 1245 754 1312 deinceps
790 1244 1122 1310 interceptus
1153 1257 1183 1294 e
1224 1241 1332 1295 vita
1379 1241 1713 1310 migraverit,
1751 1239 1854 1308 ipsi
1887 1238 2072 1293 nullus

500 1339 725 1391 omnino
758 1338 993 1406 porriget
1021 1351 1275 1388 manum:
1306 1344 1470 1404 atque
1507 1335 1580 1388 ita
1624 1349 1748 1388 cum
1780 1333 1899 1402 ipso
1943 1347 2072 1402 age-

501 1441 608 1495 tur,
639 1443 696 1484 ut
725 1444 899 1498 neque
929 1430 996 1482 ab
1021 1443 1212 1490 uxore,
1241 1443 1415 1496 neque
1446 1443 1475 1480 a
1506 1426 1653 1488 liliis,
1683 1426 1766 1479 vel
1809 1441 1838 1478 a
1886 1423 2072 1476 fratri-

500 1523 625 1585 bus,
657 1531 752 1576 aut
788 1536 826 1579 a
858 1521 1107 1590 cognatis
1137 1519 1411 1574 etamicis
1435 1517 1690 1586 juvetur:
1730 1531 1903 1586 neque
1927 1513 2070 1569 Dens

501 1613 663 1670 illum.
694 1611 964 1672 ullatenus
996 1608 1233 1662 curabit.

504 1779 1956 1801 _________________—__

2180 608 2418 676 ρήματα.
2455 605 2512 657 '0
2541 605 2597 657 δέ
2626 622 2689 673 γε
2733 604 2845 674 βίον
2884 607 3119 676 πονηρὸν
3151 609 3502 677 κεκτημένος,
3537 627 3732 679 συμπε-

2179 700 2452 770 φυρμένος
2497 699 2617 750 ὅλον
2662 697 2946 761 ἀκάνθαις,
3000 698 3180 770 πλήρη
3224 717 3282 752 τε
3317 700 3455 753 ὑλῶν
3478 702 3609 757 ὄντα
3634 705 3731 757 τῶν

2177 789 2519 858 ἀκαθάρτων,
2553 786 2612 848 ὃς
2649 786 2905 838 οὐδέποτε
2957 785 3015 837 ὲν
3059 786 3358 854 συνειδήσει
3404 783 3588 855 ἦλθεν,
3629 790 3732 842 ἀλλ’

2177 877 2346 942 ἀδεῶς
2374 879 2470 931 καὶ
2503 876 2810 947 ἀδιαφόρως
2841 877 2962 937 ταῖς
2986 877 3096 928 τῶν
3126 875 3326 946 ἡδονῶν
3355 878 3595 930 ἐνέκειτο
3619 880 3733 932 δυσ-

2175 970 2397 1034 ωδίαις,
2460 968 2715 1039 πράττων
2761 968 2978 1030 ἁπάσας
3019 968 3118 1029 τάς
3143 969 3242 1036 τῆς
3290 969 3488 1039 σαρκὸς
3515 969 3732 1040 ὀρέξεις,

2174 1061 2268 1113 καὶ
2300 1061 2464 1131 μηδὲν
2500 1061 2636 1123 ὅλως
2679 1059 2807 1130 περὶ
2835 1059 3014 1129 ψυχῆς
3041 1059 3360 1129 φροντίζων,
3401 1061 3540 1130 ἔχων
3585 1079 3642 1114 τε
3682 1065 3733 1114 τὸ

2175 1152 2428 1222 φρόνημα
2457 1151 2716 1221 σαρκικὸν
2744 1152 2917 1204 ἅπαν·
2949 1147 3048 1202 εἷθ’
3075 1149 3217 1203 οὕτω
3258 1151 3541 1219 φθασθεὶς,
3591 1154 3730 1222 ἐκδη-

2179 1247 2339 1313 μήσει
2368 1242 2462 1294 τοῦ
2492 1242 2629 1311 βίου,
2656 1241 2832 1311 τούτῳ
2858 1241 3139 1304 παντελῶς
3161 1243 3338 1306 οὐδεὶς
3364 1244 3542 1314 ὀρέξει
3568 1248 3732 1314 χεῖρα·

2177 1331 2292 1383 ἀλλ’
2318 1330 2462 1383 οὓτω
2488 1332 2664 1386 πάντα
2690 1331 2761 1383 τὰ
2788 1334 2908 1384 κατ’
2942 1333 3103 1385 αὑτὸν
3152 1333 3638 1404 διαπραχθήσεται,
3669 1339 3733 1400 ὡς

2179 1422 2317 1490 μήτε
2344 1419 2446 1472 ὑπὸ
2482 1419 2759 1480 συνεύνου,
2789 1421 2821 1489 ἢ
2866 1421 3092 1484 τέκνων,
3130 1423 3163 1492 ἦ
3197 1424 3462 1492 ἀδελφῶν,
3491 1425 3524 1495 ἢ
3559 1443 3734 1493 συγγε-

2175 1513 2302 1575 νῶνν
2334 1511 2371 1581 ἢ·
2396 1511 2563 1579 φίλων
2608 1514 3040 1593 ὲπικουρηθῆνᾳι
3083 1515 3145 1569 τὸ
3189 1516 3442 1568 σύνολον
3487 1518 3571 1570 ὅτι
3612 1519 3734 1588 μηδὲ

2175 1603 2288 1672 ἔχει
2318 1603 2449 1666 Θεὸς
2473 1603 2737 1674 ὲν-μέτρῳ
2762 1604 2972 1660 τοῦτον.

1010 1902 1576 1964 FRAGMENTUM
1630 1901 1712 1961 IN
1767 1902 2232 1962 EPISTOLAM
2290 1903 2318 1962 Ι
2371 1904 2490 1963 ΑΙ)-
2543 1905 3037 1967 CORINTHIOS
3067 1907 3209 1983 (33).

576 2155 646 2208 De
669 2155 748 2206 his
777 2167 932 2221 porro
961 2166 1078 2220 qua:
1110 2148 1420 2216 scripsistis,
1451 2158 1512 2206 ut
1531 2147 1966 2216 loquar,_bonum
1994 2157 2077 2206 est

2244 2146 2384 2216 Περὶ
2403 2145 2472 2200 δὲ
2486 2139 2574 2206 ὧν
2589 2145 2886 2215 ἐγράψατέ
2897 2165 3017 2214 μοι,
3043 2148 3234 2201 καλὸν
3250 2149 3543 2216 ἀνθρώπῳ
3563 2169 3732 2219 γυναι-

498 2241 694 2301 homini
715 2238 988 2294 mulierem
1026 2253 1128 2292 non
1166 2236 1465 2304 contingere
1490 2233 1556 2286 ⁷³.
1593 2234 1676 2286 Ad
1717 2235 1829 2288 haec
1861 2235 2068 2299 omnia,

496 2342 676 2388 exstat
697 2345 916 2400 quoque
943 2331 1118 2384 sancti
1167 2326 1451 2384 Athanasii
1482 2325 1880 2394 interpretatio,
1920 2325 1972 2378 in
2009 2326 2074 2378 li-

499 2425 598 2478 bro
623 2424 689 2477 de
719 2421 1022 2476 honorabili
1063 2419 1341 2488 conjugio.
1376 2417 1750 2477 Pmtereaisic
1787 2425 1967 2486 potest
1986 2433 2074 2472 res

497 2514 802 2584 explanari.
835 2512 915 2565 Ad
953 2512 1271 2566 luxuriosos
1301 2522 1354 2564 et
1379 2511 1630 2564 carnales
1665 2510 1913 2566 homines
1945 2523 2074 2566 cum

499 2609 760 2664 scriberet
787 2604 1012 2665 Paulus,
1040 2619 1232 2657 eorum
1271 2618 1402 2671 erga
1439 2618 1658 2658 carnem
1703 2618 1856 2658 suam
1885 2616 2072 2657 amore

500 2715 634 2754 usus
666 2707 770 2760 est,
827 2706 884 2750 ut
933 2695 1350 2748 fornicationem
1386 2695 1622 2762 abjicere
1667 2695 1954 2759 suaderet;
1993 2693 2073 2750 sic

497 2792 729 2846 dicens:
763 2788 992 2855 Reliqua
1033 2795 1252 2854 peccata
1305 2785 1564 2844 animam
1607 2785 1826 2845 lanluut,
1865 2794 1918 2837 et
1968 2783 2071 2850 ipsi

500 2884 601 2939 soli
635 2883 898 2936 damnum
934 2879 1254 2932 immittunt.
1312 2876 1419 2932 Sed
1469 2877 1563 2944 qui
1616 2877 1920 2934 [ornieatur
1965 2890 2075 2932 una

500 2975 699 3028 anima:
725 2981 780 3026 et
809 2971 1026 3040 corpori
1059 2985 1160 3024 suo
1195 2978 1374 3033 nocet,
1414 2969 1656 3037 iUudque
1695 2967 1996 3035 corrumpit
2021 2974 2074 3019 et

501 3072 760 3121 enervat:
822 3073 984 3131 atque
1018 3060 1308 3115 animalem
1358 3069 1409 3112 et
1446 3059 1665 3112 vitalem
1698 3058 1878 3111 aufert
1920 3058 2072 3123 vigo-

504 3175 640 3213 rem.
674 3161 751 3211 Ac
781 3158 825 3212 si
851 3157 1086 3209 diceret:
1143 3162 1326 3210 vestro
1361 3153 1551 3206 saltem
1597 3151 1801 3220 parcite
1831 3149 2088 3217 c‘orpori,‘

499 3251 646 3319 quod
682 3250 885 3302 curatis
925 3257 978 3301 et
1012 3245 1210 3302 fovetis
1281 3245 1549 3314 cujusque
1600 3244 1871 3312 ingentem
1917 3241 2074 3296 solli-

498 3340 800 3398 citudinem
836 3338 1045 3409 geritis.

2169 2240 2277 2306 κὸς
2290 2239 2377 2308 μὴ
2429 2238 2739 2293 ἅπτεσθαι.
2795 2240 2950 2290 Ἔστι
2993 2240 3086 2292 καὶ
3134 2240 3268 2308 πρὸς
3321 2241 3534 2304 τούτοις
3576 2243 3732 2296 ἅπασι

2169 2332 2262 2386 καὶ
2282 2331 2376 2384 τοῦ
2401 2330 2558 2398 ἁγίου
2606 2329 2926 2382 Ἀθανασίου
2965 2331 3229 2402 ἑρμηνεία
3262 2334 3320 2384 ἐν
3366 2332 3449 2402 τῷ
3499 2335 3624 2403 περὶ
3652 2333 3732 2384 τοῦ

2171 2420 2368 2490 σεμνοῦ
2396 2421 2596 2489 γάμου.
2619 2419 2762 2491 Πρὸς
2789 2420 2930 2482 ὅλοις
2962 2420 3173 2482 τούτοις
3198 2423 3519 2493 ἡρμήνευσέ
3547 2442 3626 2488 τις
3653 2427 3732 2477 καὶ

2168 2514 2332 2565 οὓτω.
2378 2512 2521 2582 Πρὸς
2576 2512 2947 2582 ἁϐροδιαίτους
2995 2512 3090 2565 καὶ
3131 2512 3495 2584 φιλοσάρκους
3530 2516 3732 2586 γράφων

2169 2606 2197 2656 ὁ
2242 2604 2452 2665 Παῦλος
2473 2642 2489 2664 ,
2520 2606 2583 2674 τῇ
2639 2602 2816 2656 αὐτῶν
2855 2603 3180 2675 φιλοσαρκίᾳ
3204 2607 3452 2677 συνεργῷ
3485 2609 3732 2678 ἐχρήσατο

2168 2695 2304 2764 πρὸς
2336 2695 2432 2764 τὴν
2465 2695 2563 2763 τῆς
2623 2695 2876 2766 πορνείας
2917 2696 3268 2766 παραίτησιν,
3323 2698 3486 2751 τοῦτο
3545 2699 3729 2765 λέγων,

2167 2785 2248 2842 ὅτι
2280 2783 2359 2838 Τά
2412 2784 2572 2836 λοιπά
2595 2785 2965 2854 ἁμαρτήματα
2993 2787 3168 2857 ψυχὴν
3196 2787 3391 2850 ἀδικεῖ,
3426 2791 3521 2841 καὶ
3556 2791 3630 2852 είς
3655 2791 3734 2840 αὑ-

2167 2876 2264 2946 τὴν
2322 2878 2490 2947 μόνην
2536 2880 2634 2946 τὴν
2671 2877 2874 2947 βλάϐην
2911 2879 3290 2950 παραπέμπει·
3344 2882 3372 2933 ὀ
3427 2881 3488 2934 δέ
3526 2898 3586 2949 γε
3621 2898 3733 2950 πορ-

2168 2966 2337 3026 νεύων
2365 2969 2459 3020 σὺν
2489 2971 2562 3036 τῇ,
2579 2969 2720 3038 ψυχῇ
2744 2969 2836 3025 καὶ
2862 2969 2921 3022 τὸ
2951 2970 3109 3039 σῶμα
3134 2971 3329 3035 ἀδικεῖ,
3359 2971 3600 3042 φθείρων
3622 2971 3734 3022 αὐτὸ

2170 3059 2262 3117 καὶ
2292 3057 2629 3126 ὲκδυναμῶν,
2675 3059 2768 3110 καὶ
2793 3059 2882 3112 τὸν
2921 3061 3149 3129 ψυχικὸν
3178 3061 3272 3113 καὶ
3299 3061 3533 3125 ζωτικὸν
3565 3061 3733 3115 καθαι-

2173 3149 2280 3218 ρῶν
2325 3151 2494 3202 τόνον.
2549 3151 2693 3203 Ὠσεὶ
2722 3147 2896 3210 εἶπεν·
2927 3153 3188 3206 Φείσασθε
3238 3154 3340 3206 κᾶν
3373 3155 3473 3208 τοῦ
3506 3155 3731 3224 σώματος

2170 3239 2344 3309 ὑμῶν,
2391 3242 2418 3294 δ
2454 3243 2742 3311 περιέπετε
2792 3245 2884 3299 καὶ
2936 3244 3167 3299 θάλπετε
3252 3247 3343 3299 καὶ
3389 3241 3454 3299 οὗ
3504 3247 3732 3299 ποόνοιαν

2172 3332 2429 3404 πλείστην
2464 3334 2721 3392 ποιεῖσθε.

1961 3534 2168 3594 S-PUR
2179 3534 2284 3593 ΙΑ.

501 3646 825 3698 honour-rio.
852 3669 925 3681 ——
955 3639 1240 3707 Sequentia
1258 3639 1363 3691 duo
1393 3637 1647 3707 opuscula
1678 3652 1742 3707 ea;
1765 3636 1942 3688 codice
1968 3637 2230 3689 undecimi
2259 3640 2440 3689 δαν-υἰέ
2485 3640 2885 3694 membranaceo
2914 3639 3241 3694 bibliothecce
3267 3639 3380 3694 RR.
3418 3640 3536 3693 PP.
3570 3664 3624 3693 ο.
3651 3639 3733 3690 Ba-

568 3714 674 3765 silii
705 3710 880 3764 Roma:
908 3705 1133 3762 mutuati
1161 3727 1343 3763 sumus
1369 3724 1386 3760 :
1411 3708 1563 3760 ambo
1590 3705 1822 3776 ejusdem
1854 3707 2066 3773 farinw,
2088 3719 2135 3760 et
2165 3710 2418 3774 sequioris
2465 3713 2578 3771 arvi,
2615 3723 2669 3762 ut
2693 3725 2757 3763 ex
2786 3712 2968 3764 vitiato
2984 3711 3180 3776 linguae
3212 3715 3410 3763 (im-cm
3443 3729 3540 3762 usn
3576 3712 3737 3774 depre-

564 3782 780 3833 hendas.
821 3783 1058 3833 l’rirnunt
1118 3797 1236 3851 vero
1288 3778 1570 3851 subjuncta
1621 3769 1813 3851 haben
1833 3769 2032 3851 aliquot
2064 3769 2292 3837 imperiti
2345 3769 2572 3832 erculi
2599 3781 2820 3846 scholia,
2853 3797 2970 3851 qua:
2995 3769 3217 3834 suiidere
3239 3783 3403 3834 risum
3435 3794 3533 3833 est.
3562 3769 3734 3832 lsi/ian:

564 3856 724 3917 ertint,
752 3852 890 3919 quod
922 3867 1172 3918 perquam
1201 3849 1374 3900 brevia
1399 3849 1522 3908 sint,
1555 3847 1754 3898 nemini
1785 3845 2065 3914 fastidium
2097 3863 2297 3900 mor-ere
2342 3860 2581 3916 possunt.

503 3950 687 4004 Sancti
719 3947 998 4000 Athanasii
1055 3945 1280 4012 episcopi
1331 3943 1679 3996 Alexandrini
1712 3987 1725 4003 ,

574 4019 799 4084 apostoli
851 4017 1009 4069 Pauli
1052 4018 1136 4070 ’δε
1203 4035 1218 4064 ι
1251 4013 1386 4067 Novi
1432 4013 1740 4081 hujusntodi
1783 4013 2083 4077 hominem,

575 4083 784 4158 ruptum
808 4103 966 4157 usque
993 4085 1060 4140 ad
1094 4087 1304 4140 tertium
1338 4085 1546 4146 castum,
1573 4103 1590 4135 ›
1619 4095 1669 4137 et
1707 4083 1930 4151 reliqua.

575 4261 916 4316 Renuntiabo
951 4261 1104 4314 vobis
1139 4259 1285 4329 quod
1337 4273 1461 4314 cum
1505 4257 1685 4312 adhuc
1731 4256 1954 4326 juvenis
1987 4272 2090 4311 (ξε-.-

501 4370 642 4419 sem,
680 4354 813 4422 ipsis
843 4353 1074 4407 auribus
1111 4352 1298 4421 accepi
1333 4368 1363 4404 a
1401 4351 1531 4404 viris
1563 4349 1826 4418 antiquis,
1860 4349 2078 4419 sapien-

503 4447 578 4499 tia
605 4445 1002 4514 prudentiaquc
1032 4444 1264 4506 ornatis,
1297 4442 1493 4496 virtute
1519 4441 1864 4504 ﬂorentibus,
1900 4441 1996 4510 qui
2021 4440 2075 4494 in

503 4538 758 4592 asceticis
788 4537 1070 4590 laboribus
1093 4544 1511 4590 consenuerant.
1547 4530 1684 4586 Nam
1708 4547 1833 4587 cum
1853 4531 1928 4586 illi
1947 4548 2080 4586 con-

506 4630 754 4682 venirent
812 4629 865 4681 in
919 4644 1088 4680 unum
1147 4640 1202 4680 et
1233 4625 1541 4693 spiritualia
1574 4624 1846 4694 colloquia
1891 4624 2081 4677 misee-

505 4733 646 4784 rcnt,
689 4720 1020 4790 quaestiones
1055 4720 1108 4772 in
1156 4718 1391 4772 medium
1424 4717 1716 4786 proposita:
1764 4724 1922 4770 sunt:
1961 4714 2079 4779 Qua

503 4818 570 4871 de
603 4832 769 4871 causa
806 4831 1036 4885 magnus
1065 4815 1154 4869 ille
1190 4814 1504 4883 Apostolus,
1543 4813 1692 4866 solus
1725 4829 1789 4866 ex
1821 4811 2079 4864 omnibus

505 4913 734 4972 sanctis,
770 4910 823 4963 in
853 4909 1070 4962 tertium
1121 4908 1316 4961 caelum
1350 4907 1601 4959 sublatus
1649 4914 1752 4968 est,
1812 4918 1974 4970 atque
2008 4902 2078 4954 ibi

506 5004 715 5057 audivit
749 5020 948 5058 arcana
982 5004 1187 5056 verba?
1221 5003 1314 5054 llis
1344 5002 1415 5055 ita
1453 5003 1733 5069 respondit
1763 5002 1982 5070 quidam
2015 5016 2078 5052 ex

509 5098 650 5149 illis:
685 5096 876 5148 Audivi
913 5111 1012 5162 ego
1038 5095 1104 5146 ab
1132 5092 1536 5160 antiquioribus
1572 5091 1848 5155 Patribus,
1887 5107 2083 5160 qualn-

508 5189 630 5240 dam
657 5202 755 5240 ceu
790 5186 1110 5253 legationem
1152 5196 1206 5240 et
1236 5185 1550 5255 petitionem
1588 5183 1695 5236 Deo
1735 5193 1788 5236 et
1830 5181 2079 5245 Domino,

1777 3943 1830 3994 in
1869 3942 2067 3993 dictum
2098 3947 2140 4003 C
2180 3944 2288 4002 Τοῦ
2323 3944 2494 4013 ἁγίου
2533 3946 2882 3999 Ἂθανασιόυ
2916 3948 3253 4000 ἐπισκόπου
3289 3943 3732 4013 Ἀλεξανδρείᾳς.

2243 4017 2330 4080 εἰς
2358 4011 2423 4066 τὸ
2445 4015 2635 4082 ῥητὸν
2661 4016 2764 4069 τοῦ
2785 4017 3132 4070 ἀποστάῐου
3166 4017 3429 4070 Παύλου.
3459 4017 3541 4067 ὅτι
3567 4011 3582 4064 ι
3610 4011 3734 4064 Οἶδα

2245 4085 2350 4136 τὸν
2372 4086 2639 4138 τοιοῦτον
2661 4086 2977 4153 ἄνθρωπον
3015 4087 3358 4154 ἁρπαγέντα
3406 4086 3520 4150 ἕως
3558 4085 3735 4152 τρίτον

2246 4155 2526 4221 cepta-or,
2558 4174 2576 4207 ι
2613 4155 2706 4208 καὶ
2735 4155 2806 4208 τὰ
2834 4157 2980 4226 ἑξῆς.

2258 4268 2610 4337 Ἀπαγγέλλω
2639 4270 2768 4340 ὑμῖν
2796 4270 2938 4339 άπερ
2967 4270 3080 4331 τοῖς
3102 4268 3235 4321 ὠσὶν
3264 4269 3500 4338 ἀκήκοα,
3530 4268 3605 4320 ἔτι
3633 4264 3733 4324 νέος

2178 4359 2437 4429 ὑπάρχων
2461 4400 2475 4423 ,
2513 4359 2663 4430 παρά
2699 4358 2942 4412 παλαιῶν
2973 4358 3206 4430 ἀνδρῶν,
3236 4359 3394 4430 σοφίᾳ
3427 4361 3519 4412 καὶ
3543 4356 3731 4410 συνέσει

2178 4450 2602 4520 κεκοσμημένων
2620 4451 2714 4503 καὶ
2731 4452 2952 4522 ἀρεταῖς
2972 4450 3482 4520 κατηγλαῖσμένων,
3501 4451 3556 4501 ἐν
3584 4449 3732 4515 ἀσκη-

2178 4545 2348 4606 τικοῖς
2375 4542 2550 4610 ἀγῶσι
2573 4545 3088 4613 καταγηρασάντων.
3123 4543 3487 4612 Συνηγμένων
3518 4540 3620 4610 γὰρ
3648 4538 3730 4591 αὗ-

2179 4633 2287 4685 τ-ῶν
2338 4635 2430 4686 καὶ
2491 4632 2876 4703 πνευματικῶς
2913 4633 3040 4702 περὶ
3081 4632 3289 4702 ἀρετῶν
3336 4630 3728 4700 διαλεγομένων,

2178 4718 2340 4792 ἦλθον
2388 4725 2464 4787 είς
2526 4723 2689 4793 μέσον
2741 4724 3071 4794 ἐρωτήσεις·
3104 4723 3168 4774 Τί
3221 4724 3420 4792 δήποτε
3468 4723 3622 4793 μόνος
3669 4717 3732 4778 ὡς

2181 4815 2453 4884 ἐξαίρετος
2506 4815 2656 4885 παρά
2693 4815 2901 4878 πάντας
2945 4817 3132 4885 ἁγίους
3176 4817 3204 4868 ὁ
3237 4817 3408 4885 μέγας
3439 4809 3730 4870 Ἀπόπολος

2182 4910 2260 4970 είς
2293 4907 2472 4977 τρίτον
2523 4907 2748 4978 οὐρανὸν
2804 4907 2976 4978 ἤρθη,
3021 4909 3292 4978 ἀρπαγε“ις
3339 4909 3398 4959 ἐν
3446 4903 3730 4975 παραδείσῳ

2184 4998 2273 5049 καὶ
2297 4996 2501 5049 ἐκεῖθεν
2533 4997 2769 5061 ἀκούσας
2801 4999 3014 5068 ἄρρητα
3047 5000 3297 5069 ρήματας
3335 4996 3660 5068 Ἀποκριθεὶς
3682 4991 3728 5042 δὲ

2184 5086 2262 5150 εἷς
2304 5087 2363 5151 ἐξ
2410 5087 2588 5140 αὐτῶν
2617 5083 2798 5140 εἶπεν·
2831 5091 3132 5142 Ἤκουσταί
3168 5108 3256 5160 μοι
3300 5091 3452 5160 παρά
3483 5084 3729 5160 ἀρχαιοτέ-

2187 5195 2293 5248 ρων
2325 5178 2594 5250 πατέρων,
2623 5179 2700 5242 ὡς
2729 5181 2992 5251 πρεσϐεία
3026 5183 3119 5234 καὶ
3150 5182 3362 5250 αἴτησις
3388 5183 3570 5250 γέγονε
3599 5174 3724 5244 παρὰ

512 5280 892 5332 universorum
924 5278 1287 5340 moderatori,
1327 5277 1562 5330 oblatam
1608 5274 1778 5328 fuisse
1808 5290 1836 5326 a
1869 5275 2075 5328 sanetis

2183 5273 2290 5324 τῶν
2346 5276 2440 5326 ἀπ’
2475 5274 2670 5338 αἰῶνος
2717 5277 2888 5344 ἁγίων
2925 5277 3182 5350 Πατέρων
3213 5279 3344 5348 πρὸς
3378 5280 3466 5331 τὸν
3492 5277 3613 5330 Θεὸν
3650 5271 3724 5322 καὶ

512 5371 619 5423 illis
650 5369 903 5425 Patribus
939 5369 1249 5425 remotioris
1277 5369 1394 5431 aevi,
1425 5378 1484 5421 ut
1509 5367 1735 5420 Paul-um
1774 5367 2078 5434 apostolum

509 5462 687 5514 virum
715 5464 928 5531 qualem
970 5479 998 5516 a
1036 5462 1235 5516 seculo
1259 5477 1364 5515 non
1396 5461 1665 5522 viderant,
1695 5459 1797 5513 sibi
1830 5460 2080 5513 ostende-

509 5560 610 5603 ret.
656 5550 728 5604 Ex
771 5553 1021 5606 universa
1072 5550 1273 5620 quippe
1306 5561 1472 5612 terra,
1513 5565 1581 5602 ex
1619 5547 1880 5617 gentibus.
1915 5557 2078 5617 atque

578 5690 624 5719 "
671 5689 686 5740 l
725 5690 854 5745 Cor.
901 5708 996 5752 vn,
1029 5691 1074 5744 1.
1151 5691 1198 5722 ⁷³
1239 5689 1279 5742 11
1306 5691 1432 5744 Cor.
1473 5707 1572 5756 xu,
1605 5692 1658 5743 ἓ.

582 5809 693 5877 ιτς)
731 5809 803 5861 Et
837 5809 1020 5862 redire
1066 5809 1232 5877 Regio
1262 5809 1426 5878 2216,
1461 5810 1550 5865 fol.
1598 5811 1686 5865 Η.

2189 5367 2468 5435 Δεσπότην
2499 5369 2592 5420 καὶ
2636 5368 2852 5421 πάντων
2886 5369 3110 5438 Κύριον,
3159 5372 3295 5441 ὑπὲρ
3324 5371 3414 5421 τοῦ
3460 5363 3722 5422 ἀποστόλῡυ

2188 5454 2421 5516 Παύλου,
2463 5456 2610 5518 ὅπως
2635 5456 2934 5509 θεάσωνται
2965 5459 3201 5511 τοιοῦτον
3228 5459 3412 5529 ἄνδρα.
3440 5458 3494 5510 ὃν
3522 5453 3617 5508 ἀπὸ
3645 5446 3722 5500 τοῦ

2187 5546 2382 5608 αἰῶνος
2416 5548 2514 5600 οὐκ
2547 5547 2857 5602 ἐθεάσαντο.
2891 5550 3022 5603 Ἀπὸ
3054 5551 3159 5622 γὰρ
3183 5551 3356 5621 πάσης
3383 5551 3475 5620 τῆς
3501 5539 3723 5613 οἰκουμέ-
