3860 6220
201 405 228 461 1
239 406 350 464 405

1089 397 1514 468 FRAGMENTA
1553 413 1804 469 spuma
1834 415 1899 467 Lv
1925 414 2146 469 EPIST.
2189 409 2225 464 ll
2256 411 2345 464 Ai)
2379 413 2534 470 con.

3334 415 3470 470 “06

196 537 300 593 νης
324 525 420 575 καὶ
448 537 557 574 των
581 523 750 576 ἐθνῶν
791 529 884 576 καὶ
915 535 1093 594 νησων
1147 525 1558 595 πεφωτισμέναι
1591 524 1784 595 ψυχαὶ,

1893 526 2099 581 insulis
2150 523 2481 582 illuminata:
2535 541 2764 590 ammte,
2822 535 2984 593 atque
3032 525 3136 581 ﬁde
3185 534 3239 581 et
3294 543 3389 596 spe
3415 529 3468 583 in

195 618 296 672 καὶ
326 620 394 688 τῇ
423 617 560 688 πρὸς
597 617 731 671 Θεὸν
768 619 948 672 πίστει
974 620 1068 674 κα)⁴
1097 620 1270 673 ἐλπίδι
1292 620 1689 690 ὲκλάμπουσαι,
1727 619 1784 670 ὲν

193 709 267 777 τῇ
301 705 457 777 χώρᾳ
485 707 591 760 τῶν
620 706 836 771 ζώντων
863 711 956 762 καὶ
985 711 1042 762 ὲν
1066 714 1186 774 ταῖς
1222 711 1330 764 τῶν
1363 711 1534 780 ἁγίων
1560 713 1786 779 σκηναῖς

198 798 369 870 συνηο
378 799 637 869 ροίζοντο.
656 793 754 853 Ὦν
781 802 997 856 πάντων
1019 803 1447 874 ὁμολογούντων,
1467 805 1549 857 ὅτι
1571 803 1658 856 διὰ
1687 803 1786 872 τῆς

193 891 549 955 διδασκαλίας
589 893 802 946 Παύλου
851 895 950 965 τῆς
990 895 1316 965 θεογνωσίας
1349 897 1410 948 τὸ
1438 895 1639 964 φέγγος
1673 895 1787 948 ἐδέ-

193 983 363 1047 ξαντο
383 1001 396 1013 ·
432 984 520 1036 διὰ
543 985 699 1038 τοῦτο
733 985 830 1056 τὴν
850 987 1032 1057 δέησιν
1055 989 1148 1041 καὶ
1186 987 1395 1041 ἱκεσίαν
1429 987 1506 1056 τῷ
1539 986 1786 1058 Δεσπότῃ

196 1077 571 1145 προσήγαγον.
619 1079 674 1130 '0
702 1080 778 1145 δὲ,
807 1081 1031 1152 πληρῶν
1055 1081 1116 1134 τὸ
1148 1080 1356 1151 αἴτημα
1387 1079 1498 1134 τῶν
1524 1079 1790 1150 Θεραπόν-

191 1181 308 1217 των
339 1167 524 1230 αὑτοῦ,
549 1170 641 1222 καὶ
669 1171 774 1242 πρὸ
802 1172 901 1243 τῆς
941 1171 1191 1226 ἐντεῦθεν
1213 1171 1536 1242 ἀπαλλαγῆς
1575 1172 1786 1241 ἀνήγα-

193 1275 296 1324 γεν
325 1259 486 1313 αὐτὸν
527 1264 662 1334 πρὸς
702 1267 994 1337 ἀσπασμὸν
1037 1267 1133 1320 καὶ
1179 1265 1524 1337 εὐφροσύνην
1553 1265 1664 1318 τῶν
1690 1265 1790 1318 ἀπ’

194 1349 396 1413 αἰῶνος
425 1353 594 1420 ἁγίων
643 1356 997 1428 πατριαρχῶν
1027 1398 1042 1420 ,
1077 1356 1375 1428 προφητῶν
1419 1357 1514 1410 καὶ
1561 1355 1788 1409 δικαίων

195 1441 480 1506 ἁπάντων,
507 1445 617 1497 εἴτε
651 1448 707 1500 ὲν
740 1447 974 1518 σώματι,
1008 1448 1084 1512 ὼς
1108 1450 1270 1512 αὐτὸς
1304 1448 1429 1519 ἔφη,
1465 1449 1574 1501 εἴτε
1632 1447 1789 1510 ἐκτὸς

195 1531 297 1584 τοῦ
338 1533 610 1604 σώματος,
647 1537 793 1608 μόνῳ
822 1538 1063 1607 γνωστὸν
1086 1538 1164 1608 τῷ
1191 1538 1333 1609 Θεῷ,
1367 1537 1446 1609 τῷ
1474 1537 1789 1610 παραδόξως

199 1623 448 1678 ποιοῦντι
478 1625 732 1696 θαύματα
756 1629 850 1682 καὶ
880 1629 1112 1694 ἐξαίσια,
1135 1623 1210 1684 ὧν
1238 1632 1339 1684 οὐκ
1361 1630 1506 1683 ἔστιν
1535 1629 1784 1701 ἀριθμός.

213 1713 456 1766 Ἐκεῖθεν
489 1714 730 1788 γὰρεῖδε
755 1719 854 1790 τὴν
876 1720 983 1774 τῶν
1006 1721 1117 1774 ἄνω
1143 1721 1464 1792 στρατηγῶν
1491 1721 1788 1792 διακόσμη-

201 1820 311 1867 σιν,
343 1807 588 1874 ἀγγέλων
617 1810 709 1870 καὶ
742 1811 1008 1882 οὐρανίων
1031 1811 1344 1883 δυνάμεων,
1361 1812 1454 1864 καὶ
1475 1811 1544 1865 τὰ
1572 1811 1788 1882 ἄρρητα.

199 1895 304 1949 ouo
317 1915 482 1968 ματα,
513 1899 548 1953 ἆ
576 1903 673 1960 οὐκ
706 1903 824 1968 ἐξὸν
859 1902 1130 1975 ἀνθρώπῳ
1151 1903 1352 1972 λαλεῖν,
1383 1903 1416 1974 ἢ
1451 1902 1719 1966 ἀκοῦσαιιη

825 2165 1145 2221 ΣΧΟΛῙΟΝ.

276 2249 334 2303 Εἰ
363 2252 602 2322 περὶτὰ)
628 2254 856 2326 οὐρανὸν
889 2257 1168 2329 ύπάρχουν
1215 2260 1336 2329 (sic)
1365 2261 1460 2324 xui
1491 2260 1803 2330 napdxewv.

197 2357 292 2392 ται
314 2343 368 2393 αἱ
393 2342 500 2395 τῶν
533 2345 704 2411 άγίων
723 2345 911 2417 ψυχαὶ,
948 2348 1022 2412 ὠς
1052 2349 1272 2419 λέγεται
1292 2367 1306 2382 °
1336 2351 1562 2424 καὶγὰρ
1588 2353 1643 2417 αἱ
1677 2352 1792 2412 τῶν.

196 2429 424 2485 δικαίων
465 2433 635 2515 ψυχαὶ
671 2437 728 2488 ἐν
758 2438 1005 2509 οὐρανοῖς
1031 2441 1361 2506 αὐλίζονται,
1405 2443 1500 2496 καὶ
1525 2443 1681 2500 ἄλλαι
1708 2443 1786 2496 δι-

199 2522 374 2574 καίων
405 2523 575 2595 ψυχαὶ
604 2529 662 2579 ὲν
691 2530 1021 2612 παραδείσῳ,
1053 2519 1328 2592 καῖ’ἄλλαι
1355 2537 1426 2600 ἐν
1445 2539 1515 2607 γῇ
1539 2537 1798 2606 πραέωψΔ

206 2615 316 2668 ίδοῦ
351 2617 482 2685 γοῦν
511 2620 678 2683 οἰκίαι
701 2621 952 2677 δικαίων’
979 2627 1059 2689 είς
1090 2627 1260 2690 αὑτὰς
1294 2629 1565 2699 ἁρπαγεὶς
1587 2628 1786 2681 ὁΠαῦ-

198 2705 289 2770 λος
315 2709 594 2779 ὑπάρχων,
633 2713 904 2784 ἁρπαγεὶς
930 2716 988 2769 δὲ
1029 2719 1167 2788 μετὰ
1204 2721 1265 2777 τὸ
1307 2719 1566 2788 βαπτίσαι
1620 2720 1784 2774 αὐτὸν

198 2799 228 2849 ὁ
257 2799 412 2867 ἆγιος
446 2803 720 2867 Ἀνανίας,
765 2807 890 2860 ὅταν
913 2807 1108 2870 ἔπεσον
1138 2812 1268 2864 ἀπὸ-
1286 2811 1378 2864 τοῦ
1412 2814 1624 2866 Παύλου
1652 2815 1798 2867 ὡσεὶ-κ

199 2888 432 2954 λεπίδες,
473 2893 580 2946 ἀπὸ
614 2895 822 2949 ἐκείνου
849 2898 942 2951 τοῦ
975 2901 1166 2971 καιροῦ
1211 2901 1315 2966 ἕως
1359 2898 1420 2958 οῦ
1467 2905 1791 2978 ὡμολόγησε,

199 2979 292 3031 καὶ
320 2977 460 3047 εἶπε,
485 2985 578 3038 καὶ
597 2985 693 3056 τὴν
730 2989 1045 3062 Ἐπιστολὴν
1088 2994 1149 3062 ἣν
1191 2993 1356 3062 λέγει,
1377 2997 1428 3047 '0
1444 2977 1786 3068 ὢνεὺλογὴυ

200 3072 402 3153 μένος,
439 3079 533 3130 καὶ
559 3078 625 3131 τά
657 3080 803 3153 ἑξῆς,
837 3083 940 3144 ἕως
981 3085 1369 3158 ἐκείύπῆρχον
1413 3089 1594 3158 χρόνοι
1623 3090 1799 3146 δεκα-.

200 3167 481 3240 τέσσαρες.

268 3261 367 3315 Διά
382 3262 434 3314 τί
449 3263 548 3318 οὐκ
564 3261 683 3326 εἷπε
701 3266 912 3332 Παῦλος
933 3287 944 3298 ·
982 3269 1124 3340 Ἐγὼ
1140 3273 1416 3346 ήρπάγην,
1440 3273 1577 3328 ἀλλὰ
1600 3270 1779 3330 εἶπεν·

205 3347 348 3406 Οἶδα
391 3353 704 3423 ἄνθρωπον
718 3375 736 3422 ;
769 3361 838 3412 Ἢ
887 3359 974 3414 διὰ
1028 3363 1090 3416 τὸ
1124 3363 1198 3435 μὴ
1227 3365 1431 3433 γνῶσαι
1469 3365 1782 3440 [γνωρίσαι]

202 3445 394 3510 ἑαυτὸν
418 3448 497 3510 εὶς
527 3449 926 3522 ὑπερηφανίαν,
977 3455 1329 3526 καυχώμενον
1374 3459 1454 3522 εἰς
1497 3458 1654 3524 δόξαν
1686 3460 1783 3514 τοῦ

202 3539 336 3593 Θεοῦ
361 3557 375 3606 ;

211 3649 316 3728 Τοῦ
347 3651 1002 3728 ἀγρυᾋθανασίουείς
1043 3659 1110 3711 τὸ
1140 3660 1332 3728 ῥητὸν
1362 3663 1482 3716 τοῦ-
1519 3664 1784 3718 ἀποστόά

270 3724 386 3803 ,ξου
411 3724 734 3803 Italiam-3
771 3727 976 3803 Ἐδόθη
1019 3724 1408 3803 parmene
1451 3732 1524 3800 τῇ
1566 3735 1793 3803 σαρκὶ,

274 3789 528 3859 ἅγγελος
553 3793 768 3858 Σατᾶν,
793 3797 891 3848 ἵνα
909 3789 986 3866 μὲ
1009 3789 1318 3870 accingam].
1358 3789 1376 3852 ἱ

274 3903 338 3955 0i
367 3903 463 3974 τὴν
486 3906 766 3960 εὐσέϐειαν
791 3908 1088 3981 σύντροφον
1114 3911 1350 3982 ἔχοντες,
1384 3916 1478 3968 καὶ
1501 3918 1556 3969 ἐν
1585 3920 1650 3990 τῇ
1674 3917 1800 3972 τῶν,

205 3993 360 4047 Θείων
410 3996 642 4067 Γραςρῶν
695 4001 893 4076 μελέτῃ
930 4004 1299 4075 σχολάζοντες,
1348 4007 1408 4072 ἐξ
1461 4009 1640 4063 αὐτῶν
1674 4011 1782 4064 τῶν

205 4085 437 4156 Γραφῶν
462 4088 643 4160 ἔχουσι
667 4091 859 4161 ὁδηγὸν
886 4096 984 4163 τὴν
1011 4095 1655 4171 dlﬁbuav,Kal._1tptbzov
1683 4103 1785 4172 μὲν

207 4179 398 4232 εἰδέναι
423 4184 691 4252 προσήκει
745 4185 842 4256 τὴν
871 4187 971 4257 τῆς
1015 4189 1336 4260 Ἐπιστολῆς
1369 4191 1650 4259 ὑπόθεσιν,
1685 4197 1780 4249 καὶ

205 4269 350 4332 ὅπως
375 4270 704 4340 γέγραπται.
748 4276 968 4349 Ἐπειδὴ
990 4280 1017 4330 ὁ
1063 4278 1338 4346 θειότατος
1382 4282 1595 4344 Παῦλος
1629 4283 1794 4350 ἐξαιπ

208 4361 378 4432 ρὲτως
404 4366 460 4417 ὲν
488 4365 662 4438 ταύτῃ
691 4370 758 4437 τῇ
803 4369 1112 4442 Ἐπιστολῇ,
1142 4372 1217 4436 ὼς
1248 4372 1418 4427 πολλὰ
1458 4373 1645 4428 παθὼν
1687 4379 1784 4430 καὶ

205 4452 516 4522 πειρασοεὶς
568 4453 718 4525 παρὰ
768 4455 876 4510 τῶν
910 4459 1188 4526 συγγενῶν
1219 4461 1313 4513 καὶ
1363 4461 1648 4531 ὁμοφύλων
1683 4467 1781 4518 καὶ

1810 3215 1857 3278 C

1894 617 2068 674 Deum
2098 619 2472 688 splendentes,
2500 620 2555 673 in
2589 621 2810 690 regione
2840 619 3159 684 viventium,
3183 629 3235 674 et
3265 620 3318 676 in
3343 636 3472 675 san-

1888 722 2110 766 ctorum
2145 713 2516 768 tabernaculis
2560 711 3048 783 congregabantur.
3095 713 3305 778 Quibus
3352 729 3470 767 om-

1890 806 2054 860 nibus
2081 805 2483 862 confitentibus
2519 820 2578 860 se
2624 821 2720 874 per
2765 805 2918 858 Pauli
2958 804 3260 858 doctrinam
3292 806 3466 859 lucem

1891 897 2102 950 divina:-
2133 895 2463 964 cognitionis
2505 904 2818 961 mutuatos;
2856 895 2938 948 his
2971 895 3197 963 permoti
3227 895 3325 958 illi,
3360 892 3470 946 Do-

1889 988 2040 1042 mino
2077 986 2488 1054 suppliearunt:
2521 986 2612 1055 qui
2641 995 2697 1039 ut
2723 1002 3001 1040 servorum
3030 1001 3251 1039 suorum
3276 985 3470 1039 volun-

1889 1088 2055 1133 tatem
2073 1077 2510 1146 impleret,illum
2531 1084 2822 1146 antequam
2843 1092 2907 1130 ex
2928 1077 3029 1130 bac
3043 1077 3152 1129 vita
3169 1075 3470 1129 discederet

1890 1169 2196 1238 assumpsit
2222 1177 2275 1222 et
2298 1169 2480 1237 rapuit
2497 1169 2560 1222 ad
2579 1169 2884 1238 amplexum
2904 1177 2957 1222 et
2979 1168 3217 1229 laetitiam
3251 1175 3470 1221 sancto-

1890 1277 2013 1316 rum
2053 1261 2526 1330 patriarcharum,
2551 1261 2937 1330 prophetarum
2961 1270 3014 1314 ct
3037 1260 3309 1328 justurum
3345 1273 3468 1311 om-

1891 1354 2040 1407 nium
2067 1352 2160 1421 qui
2199 1367 2229 1406 a
2259 1351 2467 1406 saeculo
2501 1352 2833 1418 ﬂoruerant;
2877 1353 2990 1407 sive
3036 1353 3090 1406 in
3135 1368 3380 1421 corpore,
3411 1359 3470 1405 ut

1890 1447 2006 1517 ipse
2035 1447 2204 1512 dixit;
2263 1447 2378 1501 sive
2429 1456 2581 1500 extra
2616 1461 2849 1516 corpus;
2903 1461 3025 1516 quae
3078 1461 3167 1500 res
3212 1445 3312 1499 ευὶὶ
3359 1444 3469 1500 Deo

1889 1549 2041 1604 nota,
2073 1539 2170 1608 qui
2203 1548 2402 1608 praeter
2424 1539 2892 1607 exspectationem
2924 1537 3345 1606 opinionemque
3371 1536 3470 1590 bo—

1890 1629 2100 1684 minum
2129 1628 2490 1682 miraculaet-
2513 1637 2788 1696 portenta,
2832 1641 3068 1695 quorum
3120 1641 3227 1680 non
3257 1634 3337 1680 est
3370 1641 3470 1678 nu-

1883 1735 2096 1786 merus,
2116 1719 2250 1774 edit.
2283 1717 2360 1772 lbi
2387 1718 2538 1773 enim
2572 1717 2709 1772 vidit
2737 1719 3070 1772 concinnum
3105 1718 3348 1771 ordinem
3374 1732 3470 1771 suo

1891 1825 2184 1880 peritorum
2213 1809 2446 1874 dueum,
2479 1809 2802 1879 angelorum
2832 1809 3038 1864 scilicet
3071 1818 3124 1863 et
3165 1808 3468 1864 coelestium

1889 1903 2176 1969 virtutum,
2203 1913 2256 1956 et
2292 1917 2491 1956 arcana
2513 1901 2720 1956 audivit
2750 1901 3032 1971 miracula,
3057 1918 3177 1972 quae
3206 1917 3316 1956 non
3341 1901 3468 1956 licet

1887 1996 2100 2051 homini
2123 1995 2294 2064 loqui,
2315 1997 2398 2050 vel
2431 1995 2636 2050 audire.

2504 2176 2882 2236 SCIlOLlON..

1959 2274 2014 2331 Si
2051 2278 2104 2331 in
2139 2275 2289 2330 caelo
2322 2273 2522 2342 degunt
2567 2283 2621 2326 et
2664 2279 2958 2326 versantur
2999 2276 3312 2324 sanctorum
3346 2265 3467 2320 ani-

1884 2381 2007 2431 mae,
2048 2376 2108 2420 ut
2139 2364 2344 2419 dicitur
2371 2381 2386 2430 ;
2416 2361 2619 2416 etenim
2650 2359 2925 2430 iustorum
2969 2358 3169 2412 animae
3220 2357 3275 2409 in
3313 2355 3466 2410 caelis

1885 2457 2156 2523 habitant,
2175 2464 2228 2510 et
2252 2455 2375 2508 alia:
2405 2453 2654 2523 quaedam
2680 2451 2962 2521 iustorum
2997 2448 3195 2502 anima!
3218 2448 3271 2500 in
3301 2461 3464 2515 para-

1883 2549 2025 2615 diso,
2059 2547 2180 2602 alia:
2213 2561 2342 2601 vero
2372 2545 2427 2598 in
2459 2553 2607 2598 terra
2666 2551 3080 2595 mausuetorum
3116 2557 3130 2592 :
3176 2553 3244 2592 cn
3301 2537 3466 2605 igitur

1883 2640 2080 2694 domos
2109 2639 2409 2708 justorum,
2449 2634 2501 2687 in
2535 2632 2736 2702 quibus
2767 2642 2959 2700 raptus
2988 2628 3196 2682 Paulus
3227 2627 3466 2682 colloca—

1886 2741 1976 2784 tus
2022 2738 2126 2783 est.
2177 2727 2384 2794 Raptus
2432 2733 2614 2778 autem
2662 2722 2767 2776 fuit
2813 2732 3100 2790 postquam
3159 2719 3464 2788 baptizatus

1885 2821 2061 2875 fuerat
2087 2835 2117 2874 a
2153 2819 2210 2873 S.
2235 2818 2467 2881 Anania,
2510 2832 2635 2871 cum
2671 2815 2828 2869 abeo
2850 2829 2948 2868 ceu
2975 2825 3218 2882 squamae
3257 2809 3465 2864 cecide-

1884 2921 2012 2967 runt
2044 2913 2112 2964 ⁷⁵.
2145 2911 2228 2965 Ab
2267 2926 2333 2965 eo
2369 2917 2550 2963 autem
2597 2917 2840 2976 tempore
2865 2919 3038 2973 usque
3063 2903 3129 2957 ad
3173 2901 3325 2965 illud,
3353 2914 3464 2969 quo

1886 3005 2000 3058 baac
2024 3002 2309 3056 confessus
2333 3009 2487 3056 estet
2517 3000 2765 3070 protulit,
2792 2995 3198 3067 Epistolamque
3221 2991 3461 3062 scripsit,

1885 3112 1950 3152 ac
1983 3095 2141 3162 dixit,
2179 3093 2284 3159 Qui
2313 3102 2391 3148 est
2419 3092 2719 3147 benedictus
2746 3090 2814 3156 ⁷⁸,
2835 3099 2890 3145 et
2933 3097 3150 3154 caetera,
3192 3087 3462 3140 intercur-

1887 3196 2017 3242 runt
2049 3187 2180 3241 anni
2212 3183 2652 3259 quatuordecim.

1957 3279 2140 3346 Quare
2170 3295 2277 3333 non
2306 3278 2446 3333 dixit
2494 3277 2738 3332 Paulus:
2782 3274 2894 3344 Ego
2936 3280 3124 3343 raptus
3155 3286 3298 3333 sum,
3345 3269 3463 3334 sed,

1889 3368 2027 3422 Novi
2050 3369 2339 3427 hominem.
2381 3368 2464 3421 An
2500 3367 2628 3437 quia
2658 3383 2764 3420 non
2797 3375 3042 3427 noverat,
3075 3371 3170 3416 aut
3203 3376 3271 3414 ne
3301 3359 3354 3413 in
3378 3375 3467 3414 su-

1885 3458 2135 3527 perbiam
2167 3458 2424 3520 caderet,
2469 3456 2566 3510 sed
2612 3464 2672 3508 ut
2712 3455 2874 3507 unius
2922 3451 3017 3504 Dei
3068 3449 3296 3521 gloriam
3325 3446 3466 3501 cele-

1883 3550 2067 3613 braret
2082 3551 2106 3604 ἲ

1889 3664 2079 3719 Sancti
2128 3662 2416 3716 Athanasii
2468 3662 2523 3712 in
2572 3659 2772 3712 dictum
2821 3655 2957 3708 illud
2997 3652 3220 3722 apostoli
3239 3647 3463 3722 Pauli:

1963 3753 1982 3785 ‹
2011 3735 2179 3786 Datus
2213 3743 2290 3786 est
2321 3731 2449 3784 mihi
2481 3731 2728 3782 stimulus
2758 3728 2957 3788 carnis,
2982 3720 3196 3792 angelus
3223 3720 3463 3781 Satanar,

1957 3805 2047 3874 qui
2071 3820 2151 3857 me
2174 3803 2467 3872 colaphth
2495 3801 2560 3853 ⁷⁷.
2588 3818 2606 3850 ι

1963 3910 2216 3978 Quicum
2253 3910 2450 3980 pietate
2493 3907 2706 3963 educati
2737 3914 2884 3968 sunt,
2907 3912 2962 3957 et
3011 3903 3064 3956 in
3115 3899 3464 3955 meditatione

1884 4003 2206 4057 divinarum
2245 4001 2652 4069 Scripturarum
2700 4007 3005 4060 versantur,
3041 4011 3106 4048 ex
3139 3993 3270 4062 ipsis
3315 3991 3464 4044 Scri-

1883 4095 2057 4164 pturis
2082 4094 2374 4148 veritatem
2422 4092 2616 4146 ducem
2647 4100 2988 4144 mutuantur.
3035 4087 3112 4140 Ae
3143 4086 3317 4154 primo
3343 4083 3464 4152 qui-

1883 4189 2005 4242 dem
2036 4185 2327 4241 sciendum
2367 4183 2624 4253 Epistola:
2651 4182 2824 4252 ipsius
2851 4188 3252 4250 argumentum,
3275 4184 3328 4229 et
3352 4191 3463 4244 quo

1885 4289 2042 4349 pacto
2073 4280 2285 4348 scripta
2318 4276 2500 4331 fuerit.
2526 4275 2822 4346 Postquam
2857 4273 3230 4328 divinissimus
3259 4269 3462 4323 Paulus

1885 4373 1936 4429 in
1975 4373 2076 4426 hac
2104 4371 2344 4440 Epistola
2377 4369 2670 4440 praaeipue,
2701 4383 2824 4422 cum
2848 4367 3012 4420 multa
3047 4379 3262 4432 passus,
3293 4363 3460 4414 multa

1883 4473 2140 4534 expertus
2171 4464 2310 4516 mala
2343 4473 2491 4517 esset
2525 4477 2554 4515 a
2589 4460 2833 4530 cognatis
2881 4466 2936 4513 et
2985 4473 3015 4510 a
3061 4454 3463 4510 contribulibus

205 4544 532 4614 ἀγνωμόνων
574 4545 864 4613 Ἰουδαίων,
890 4543 963 4601 ὧν
991 4550 1146 4603 καλεῖ
1166 4550 1583 4622 ψευδαδέλφους,
1616 4557 1783 4610 ἃπαν-

1892 4551 2222 4620 ingratisqne
2252 4549 2478 4613 ludatis,
2512 4565 2653 4619 quos
2708 4548 2876 4604 falsos
2909 4550 3104 4602 fratres
3143 4554 3460 4614 nuncupat;

203 4653 271 4688 τα
300 4638 366 4729 τά
396 4638 678 4706 συμϐάντα
703 4639 851 4710 αύτῷ
879 4642 1304 4712 ἐμνημόνευσεν,
1338 4647 1430 4698 καὶ
1454 4648 1532 4711 εἰς
1560 4647 1654 4710 οὓς
1681 4649 1779 4720 τὴν

205 4729 366 4798 αὐτὴν
383 4729 698 4799 Ἐπιστολὴν
717 4731 1040 4794 ἐπιστέλλει,
1077 4737 1330 4803 παραινεῖ
1347 4735 1518 4804 λέγων
1534 4752 1545 4764 ⁸
1573 4736 1780 4803 Ἡδέως

205 4817 494 4886 ἀνέχεσθε
526 4818 646 4872 τῶν
676 4821 955 4888 ἀφρόνων
998 4823 1268 4892 φρόνιμοι
1305 4824 1504 4890 ὅντε-ς’
1548 4826 1643 4878 καὶ
1685 4827 1782 4878 ἐπ-

207 4910 360 4977 άγειο
416 4910 721 4979 Ἀνέχεσθε
760 4912 929 4977 ὅστις
959 4912 1112 4985 ὑμᾶς
1162 4914 1560 4978 καταδουλοῖ,
1611 4916 1780 4983 ὅστις

206 5002 517 5063 κατεσθίει,
558 5002 726 5068 ὅστις
757 5006 1191 5073 κατεπίιίρεται,
1249 5007 1342 5059 καὶ
1373 5007 1442 5060 τὰ
1493 5007 1621 5076 ἑξῆς
1682 5010 1778 5078 τῆς

219 5093 534 5164 Ἐπιστολῆς
572 5095 878 5158 ἀκολούθως
932 5097 1301 5167 μνημονεύει,
1354 5099 1447 5154 καὶ
1495 5100 1564 5152 τὰ
1614 5099 1778 5152 αὐτοῦ

205 5184 404 5256 ἄπειρα
446 5185 590 5257 πάθη
622 5187 803 5251 αὐτοῖς
843 5189 1133 5260 διαγράφει
1173 5189 1378 5258 λέγων·
1447 5191 1542 5242 Ἐν
1569 5191 1781 5256 κόποις

205 5278 659 5347 περισσοτέρως,
701 5279 771 5332 ἐν
797 5281 1059 5351 πληγαῖς
1092 5282 1594 5354 ὑπερϐαλλόντως
1619 5297 1631 5312 ·
1686 5283 1781 5334 καὶ

206 5366 352 5434 αὖθις
389 5371 650 5442 προσάγει
673 5372 799 5436 τοὺς
819 5375 1178 5444 πειρασμοὺς,
1203 5375 1328 5436 τοὺς
1354 5373 1651 5446 λιθασμοὺς
1685 5375 1780 5428 καὶ

1886 4644 1998 4696 lucc
2026 4643 2208 4695 omnia
2240 4658 2361 4712 qiize
2411 4642 2515 4695 sibi
2551 4642 2883 4703 acciderant,
2933 4642 3022 4695 hic
3065 4652 3462 4694 commemora-

1882 4735 1993 4786 vit:
2027 4735 2276 4786 hortatur
2307 4750 2402 4788 eos
2428 4734 2628 4803 quibus
2659 4734 2771 4786 lia'e
2801 4734 3029 4802 epistola
3072 4732 3342 4800 dirigitur,
3373 4729 3460 4782 his

1883 4824 2065 4878 verbis
2091 4842 2104 4877 :
2139 4822 2395 4876 Libenter
2426 4824 2662 4890 su/i'ertis
2690 4824 3016 4892 insipientes,
3055 4839 3174 4876 cum
3212 4821 3330 4875 sitis
3360 4820 3460 4888 ipsi

1884 4918 2186 4983 sapientes;
2215 4925 2384 4984 atque
2409 4916 2598 4983 adjicit
2627 4934 2638 4968 :
2673 4915 2982 4979 Sustinelis,
3033 4916 3077 4968 si
3129 4916 3244 4983 quis
3277 4929 3363 4966 vos
3408 4914 3463 4964 in

1885 5009 2186 5061 servitutem
2216 5008 2431 5077 redigit,
2480 5009 2528 5060 si
2585 5009 2701 5078 quis
2731 5008 2964 5073 devorat,
3001 5009 3047 5061 si
3083 5009 3199 5076 quis
3248 5007 3462 5059 extolli-

1887 5111 1974 5152 tur
2011 5101 2076 5165 ⁷⁸,
2111 5111 2164 5154 et
2191 5111 2386 5154 ca'tera
2437 5101 2491 5153 in
2544 5099 2782 5170 Epistola
2820 5117 2918 5154 sua
2951 5108 3349 5169 consequenter
3379 5115 3463 5152 re-

1884 5200 2090 5257 censet,
2126 5201 2292 5260 atque
2315 5191 2561 5244 infinitas
2589 5207 2718 5245 suas
2765 5207 3040 5245 aerumnas
3062 5191 3322 5246 describit
3365 5189 3463 5242 ltoc

1886 5291 2088 5351 pacto:
2123 5280 2192 5334 In
2222 5281 2496 5335 laboribus
2535 5281 2804 5350 plurimis,
2835 5283 2888 5334 in
2932 5282 3104 5350 plagis
3153 5297 3315 5348 supra
3353 5295 3464 5331 mo-

1884 5374 2014 5426 dum
2047 5373 2129 5438 ";
2165 5388 2472 5441 rursusque
2505 5372 2718 5442 profert
2754 5373 3110 5438 tentatioues,
3146 5370 3382 5440 lapidum
3410 5379 3464 5424 ct

209 5460 553 5530 ῥαϐδισμοὺς,
591 5462 658 5517 τὰ
679 5463 932 5532 ναυάγια,
963 5466 1088 5528 τοὺς
1111 5465 1407 5529 κινδύνους,
1431 5467 1558 5530 τοὺς
1581 5466 1784 5531 κόπους

1892 5465 2158 5535 virgarum
2221 5464 2509 5534 supplicia,
2544 5464 2850 5534 naufragia,
2901 5464 3174 5534 pericula,
3223 5462 3459 5523 labores,

207 5553 294 5605 καὶ
320 5548 571 5623 μόχθους,
607 5555 698 5606 και⁵
732 5554 923 5624 λιμοὺς
968 5557 1060 5608 καὶ
1085 5556 1255 5625 δίψεις
1279 5573 1292 5584 ·
1331 5558 1423 5610 καὶ
1456 5557 1670 5612 ἃπαντα
1709 5559 1785 5622 ὡς

207 5644 446 5710 γενναῖος
477 5643 712 5717 ἀθλητὴς
759 5647 1132 5718 ἐμνημόνευσε
1177 5649 1283 5700 τῶν
1323 5648 1486 5706 ἰδίων.
1521 5651 1631 5703 Καὶ
1681 5650 1780 5703 ούκ

274 5830 320 5860 ’⁸
356 5829 474 5883 Act.
514 5845 589 5896 ix,
624 5828 709 5886 18.
788 5831 832 5862 ⁷⁸
870 5829 1028 5887 Rom.
1087 5849 1122 5897 l,
1161 5832 1251 5888 25.

1882 5573 2178 5621 aerumnas,
2213 5557 2434 5624 famem,
2455 5559 2625 5622 sitim,
2657 5567 2819 5628 atque
2854 5568 2910 5612 ut
2930 5572 3229 5627 generosus
3258 5553 3460 5608 athleta

1895 5653 1962 5706 de
1985 5651 2240 5706 omnibus
2289 5669 2408 5722 qua:
2445 5652 2546 5706 sibi
2581 5652 2898 5707 acciderunt
2941 5653 3265 5706 mentionem
3309 5647 3460 5703 facit.

1332 5835 1374 5864 "
1405 5832 1445 5888 ll
1495 5832 1622 5891 Cor.
1661 5851 1765 5906 sit,
1784 5833 1839 5891 Ἰ.
1915 5835 1967 5869 ’⁸
1996 5832 2040 5892 Π
2069 5836 2193 5893 Cor.
2233 5835 2425 5904 xulQ,
2459 5835 2549 5891 20.
2623 5835 2670 5869 ἐ’
2701 5833 2830 5891 ibid.
2864 5833 2956 5891 25.
