3860 6220
409 379 430 430 1
446 377 545 430 40³1

1336 377 1392 430 S.
1429 378 1802 434 ATHANASII
1847 377 1987 434 OPP.
2043 377 2224 434 PARS
2265 379 2340 436 Ill.
2389 411 2444 426 --
2495 379 2904 438 EXEGETICA.

3551 378 3688 432 ιιοε

421 493 528 548 Nec
562 493 628 548 iis
657 493 759 550 sibi
797 495 1034 565 propriis
1075 504 1402 562 contentus,
1445 498 1610 552 etiam
1643 514 1706 552 ea
1744 514 1866 568 qua:
1904 514 2000 552 ex-

2107 498 2350 569 ἠρκέσθη
2379 501 2472 552 ἐπὶ
2495 503 2608 566 τοῖς
2625 498 2812 562 αὑτοῦ,
2835 497 2971 551 ἀλλὰ
2993 498 3086 550 καὶ
3103 495 3214 548 τῶν
3237 496 3508 566 παρεκτὸς
3531 499 3694 566 ἐμνη-

411 589 684 640 trinsecus
715 587 1052 642 advenerunt
1097 599 1351 645 enarrat.
1415 589 1742 651 Quotidiano
1789 591 1992 644 sollici-

409 678 538 730 tudo
585 680 816 732 omnium
873 678 1332 734 Ecclesiarum”.
1391 683 1548 738 Unde
1591 700 1872 754 nunquam
1933 686 1988 738 in

412 771 748 826 conscientia
777 787 874 825 sua
925 773 1050 841 quis
1093 773 1514 840 inﬁrmabatur,
1565 778 1698 846 quin
1745 779 1860 846 ipse
1905 779 1990 831 in-

413 863 766 928 ﬁvniaretur,
825 881 935 918 non
983 867 1206 934 quidem
1257 883 1536 936 corpore,
1613 870 1706 922 sed
1769 870 1988 940 spiritu.

407 957 542 1010 Cum
603 966 780 1010 autem
829 973 1110 1014 aerumnas
1164 959 1218 1013 in
1292 961 1520 1029 gloriam
1592 962 1696 1016 sibi
1755 972 1990 1018 verteret

407 1047 600 1100 beatus
637 1047 726 1100 ille
765 1048 868 1112 vir,
923 1049 1132 1102 aiebat:
1193 1049 1430 1104 Gloriari
1477 1061 1614 1104 certe
1669 1067 1774 1106 non
1827 1069 1988 1122 opor-

417 1150 538 1206 tet,
587 1141 678 1194 sed
731 1139 796 1194 de
859 1141 1268 1210 inﬁrmitatibus
1360 1145 1488 1197 meis
1555 1144 1830 1214 gloriabor
1899 1145 1989 1210 ⁸⁸,

413 1231 466 1286 id
501 1231 680 1286 estde
725 1231 896 1286 variis
959 1233 1382 1288 tribulationum
1425 1249 1670 1288 mearum
1715 1235 1990 1306 passioni-

411 1323 536 1380 bus.
571 1322 938 1389 Quamobrem
969 1325 1104 1380 alibi
1133 1343 1356 1396 quoque
1387 1335 1446 1381 ut
1485 1329 1728 1398 optimus
1761 1331 1985 1392 athleta,

411 1417 504 1482 qui
557 1417 919 1472 immortalem
967 1418 1066 1473 Dei
1127 1420 1354 1488 gloriam
1406 1436 1518 1488 prae
1557 1421 1733 1476 oculis
1785 1421 1986 1474 mentis

411 1509 641 1564 haberet
669 1517 722 1563 ct
744 1513 1140 1574 consideraret,
1173 1512 1276 1567 ait:
1317 1511 1440 1566 Non
1476 1513 1616 1566 enim
1646 1523 1768 1568 sunt
1805 1515 1988 1566 condi-

414 1619 532 1672 gmz
563 1605 836 1670 passiones
861 1603 1018 1671 hujus
1057 1607 1304 1672 temporis
1339 1605 1408 1656 ad
1443 1605 1680 1672 futurum
1719 1606 1946 1674 gloriam
1971 1643 1986 1666 ,

409 1710 528 1763 qua:
559 1693 886 1746 revelabitur
925 1697 978 1748 in
1015 1695 1162 1750 nobis
1201 1697 1282 1750 ⁸²ε
1315 1699 1442 1765 quia
1489 1713 1684 1766 nempe
1715 1697 1992 1750 divinissi-

408 1797 532 1838 mus
557 1783 646 1838 ille
671 1789 777 1850 vir,
813 1786 906 1854 qui
937 1801 1172 1854 superne
1193 1794 1438 1840 erectum
1475 1789 1694 1858 gerebat
1718 1787 1986 1851 animum,

2102 592 2398 658 μόνευσεν,
2468 592 2531 644 Ἠ
2590 589 2956 658 καθημερινὴ
2995 587 3252 658 μέριμνα
3299 586 3518 640 πασῶν
3575 585 3694 638 τῶν

2099 682 2500 750 Ἕκκλησιῶν.
2530 683 2692 736 Ὅθεν
2727 685 2820 736 καὶ
2871 685 2937 753 τῇ
2971 682 3272 750 συνειδήσει
3319 698 3400 742 τις
3441 678 3692 732 ἀσθενῶν

2101 775 2194 827 καὶ
2227 775 2390 838 αὐτὸς
2415 773 2656 843 ἠσθένει,
2681 775 2742 826 ού
2777 774 3012 843 σώματι,
3041 771 3178 826 ἀλλὰ
3201 773 3494 842 πνεύματι.
3535 771 3692 823 Καύ-

2097 885 2250 936 χημα
2287 867 2346 920 δὲ
2385 867 2524 937 ἔχων
2571 868 2670 930 τὰς
2701 867 2910 936 θλίψεις
2935 867 2962 918 6
3002 865 3272 936 μακάριος
3300 865 3506 932 ἔλεγεν·
3533 868 3692 916 Καυ-

2095 957 2318 1028 χᾶσθαι
2359 957 2436 1028 δὴ
2483 961 2555 1012 οὐ
2603 959 2894 1027 συμφέρει
2921 975 3042 1026 μοι,
3079 957 3240 1012 ἀλλὰ
3267 957 3340 1010 τὰ
3365 956 3474 1023 τῆς
3507 956 3694 1009 ἀσθε-

2095 1053 2264 1117 νείας
2294 1069 2414 1120 μου
2465 1050 2886 1118 καυχήσομαι·
2921 1052 3088 1120 ἧγουν
3141 1051 3212 1102 τὰ
3257 1049 3366 1100 τῶν
3411 1047 3692 1117 διαφόρων

2099 1143 2330 1214 extruam
2350 1161 2450 1212 μου
2481 1143 2650 1212 πάθη.
2677 1142 2768 1195 Διὸ
2791 1143 2884 1195 καὶ
2905 1141 3156 1212 ἑτέρωθι,
3179 1141 3254 1204 ὡς
3279 1142 3498 1212 ἄριστος
3519 1140 3694 1207 ἀθλη-

2094 1237 2194 1307 τὴς
2215 1239 2310 1290 καὶ
2339 1238 2440 1308 τὴν
2473 1238 2750 1306 ἀκήρατον
2781 1235 2938 1299 δόξαν
2975 1234 3070 1286 τοῦ
3109 1231 3244 1287 Θεοῦ
3281 1237 3394 1296 τοῖς
3437 1235 3544 1302 τῆς
3569 1234 3692 1286 δια-

2095 1329 2246 1391 νοίας
2278 1327 2576 1398 ὀφθαλμοῖς
2603 1327 2902 1390 κατανοῶν,
2937 1327 3118 1394 λέγει’
3161 1327 3246 1379 Οὐ
3291 1324 3402 1393 γὰρ
3427 1323 3574 1388 ἄξιοι
3619 1323 3694 1378 τὰ

2095 1419 2414 1488 παθήματα
2443 1420 2547 1473 τοῦ
2577 1421 2696 1474 νῦν
2739 1421 2946 1488 καιροῦ
2983 1419 3134 1486 πρὸς
3175 1417 3290 1484 τὴν
3323 1417 3694 1485 μέλλουσαν

2095 1511 2287 1575 δόξαν
2315 1511 2822 1581 ἀποκαλυφθῆναι
2857 1515 2944 1576 εἰς
2973 1509 3130 1579 ἡμᾶς
3153 1525 3166 1538 ·
3201 1511 3386 1581 ἐπειδὴ
3409 1550 3422 1572 ,
3451 1509 3530 1571 ὡς
3561 1525 3690 1577 τερ-

2097 1601 2204 1654 πνὰ
2233 1602 2544 1672 ὀρφίσματα
2571 1603 2600 1654 6
2621 1601 2896 1662 θειότατος
2919 1599 3058 1670 ἀνὴρ
3093 1600 3186 1651 καὶ
3203 1601 3313 1652 ἅνω
3341 1598 3400 1651 τὸ
3429 1598 3694 1668 φρόνημα

2097 1692 2455 1762 κεκτημένος,
2495 1693 2710 1746 ᾶπαντα
2737 1691 2809 1744 τὰ
2835 1692 3168 1762 κολαστήρια
3195 1689 3486 1757 ἐλογίζετο.
3519 1685 3694 1751 Αὖθις

2097 1783 2472 1855 ἐμνημόνευσε
2529 1783 2626 1854 τὴν
2667 1783 3148 1852 ἀποκαλυφθεῖσαν
3197 1783 3347 1851 αὐτῷ
3393 1781 3690 1842 ὀπτασίαν,

407 1875 595 1930 omnia
657 1877 926 1946 supplicia
989 1893 1088 1932 ceu
1149 1877 1530 1933 delectabilem
1577 1887 1902 1934 concentum
1939 1889 1994 1932 et

2101 1877 2190 1928 καὶ
2245 1877 2502 1946 ἁρπαγὴν
2549 1877 2628 1939 εἰς
2651 1875 2744 1928 τὸν
2809 1875 3173 1948 παράδεισον,
3225 1875 3318 1928 καὶ
3369 1875 3438 1926 τὰ
3467 1873 3692 1944 ἇρῤητα

410 1966 754 2022 harmoniam
795 1969 1102 2036 reputabat.
1149 1969 1504 2041 Rursumque
1557 1971 1826 2026 visionem
1885 1971 1988 2024 sibi

409 2057 714 2112 itntnissam
752 2069 804 2114 et
839 2062 1102 2127 oblatam,
1128 2073 1343 2130 raptum
1382 2063 1435 2115 in
1474 2063 1790 2132 paradisum
1823 2071 1876 2116 et
1902 2078 1992 2116 ar-

410 2165 550 2204 cana
589 2151 677 2204 illa
703 2153 867 2206 verba
899 2163 1186 2208 memorat.
1228 2153 1622 2220 Quamobrem,
1671 2165 1856 2224 utpote
1895 2155 1990 2223 qui

410 2239 580 2294 nollet
613 2239 682 2294 de
711 2241 894 2309 Seipso
925 2242 1170 2311 gloriari,
1197 2243 1303 2296 ait:
1337 2243 1408 2294 De
1437 2245 1634 2312 meipso
1661 2261 1762 2298 non
1790 2245 1992 2314 gloria—

411 2333 526 2396 bor,
569 2332 672 2385 nisi
705 2333 760 2386 iu
795 2333 1195 2401 inﬁrmitatibus
1223 2336 1354 2388 meis
1383 2335 1449 2398 ⁸³,
1497 2351 1560 2390 ac
1595 2337 1638 2392 si
1675 2337 1900 2400 diceret,
1937 2337 1990 2390 in

411 2423 860 2478 tribulationibus
888 2432 940 2477 ct
969 2425 1326 2493 passionibus
1361 2426 1520 2481 meis.
1557 2425 1624 2480 Et
1673 2443 1735 2480 ne
1785 2429 1994 2498 magni-

411 2513 537 2566 tudo
569 2515 946 2568 revelationum
973 2515 1192 2568 extollat
1227 2533 1326 2582 me,
1351 2517 1512 2568 datus
1537 2529 1612 2570 est
1649 2518 1780 2570 mihi
1803 2519 1994 2570 stimu-

411 2607 494 2660 lus
517 2609 694 2660 carnis
719 2607 786 2674 ⁸⁵,
812 2608 1022 2662 scilicet
1055 2609 1506 2678 impedimentum
1541 2625 1610 2662 ne
1643 2609 1842 2664 erectis
1873 2625 1994 2664 cer—

413 2699 626 2753 vicibus
649 2701 902 2762 exlollar,
930 2699 1148 2768 angelus
1175 2699 1414 2764 Satame,
1441 2703 1532 2770 qui
1560 2717 1640 2754 me
1677 2701 1992 2766 colapbizet.

414 2790 582 2846 Satan
613 2793 918 2860 explicatur
943 2793 1300 2844 adversarius.
1329 2791 1562 2858 Quidam
1583 2793 1727 2846 enim
1759 2791 1818 2844 Β.
1857 2793 1995 2846 Pau-

414 2885 466 2936 lo
511 2885 564 2938 in
605 2885 990 2954 praedicatione
1041 2885 1420 2948 obsistebant,
1473 2885 1762 2954 ipsumque
1811 2885 1994 2954 gravi-

415 2975 517 3030 bus
569 2975 818 3046 ﬂagellis.
872 2975 1170 3045 multisque
1218 2977 1496 3032 atrocibus
1555 2978 1734 3047 poenis
1789 2977 1994 3047 afﬂige-

417 3067 548 3122 bant
586 3083 684 3122 ceu
719 3069 852 3139 legis
909 3069 1312 3134 adversarium,
1361 3087 1472 3126 non
1521 3072 1882 3126 concedentes
1938 3079 1998 3124 ut

415 3165 678 3220 doctrina:
709 3166 938 3219 verbum
975 3167 1124 3220 clare
1155 3167 1496 3236 praedicaret.
1547 3163 1660 3221 Hos
1693 3167 1858 3234 igitur
1907 3167 1990 3220 di-

2093 1968 2276 2020 ἐκεῖνα
2317 1969 2567 2036 ῥήματα·
2623 1966 2764 2028 ὅθεν,
2803 1966 2878 2030 ὼς
2919 1967 2990 2036 μὴ
3026 1965 3346 2036 βουλόμενος
3375 1965 3442 2018 δι’
3485 1965 3688 2018 ἑαυτοῦ

2093 2059 2493 2130 καυχήσασθαι,
2536 2059 2672 2128 ἔφη·
2723 2058 2902 2126 ’Υπὲρ
2950 2059 3020 2110 δὲ
3063 2058 3323 2128 ἐμαυτοῦ
3354 2061 3426 2110 οὐ
3453 2056 3690 2126 καυχή-

2091 2167 2292 2218 σομαι,
2325 2153 2378 2204 εἱ
2398 2150 2486 2219 μὴ
2508 2151 2577 2202 ἐν
2603 2149 2730 2216 ταῖς
2749 2151 3091 2218 ἀσθενείαις
3107 2169 3226 2219 μου
3247 2167 3258 2180 ·
3283 2151 3446 2202 οἱονεὶ
3473 2151 3536 2202 ὲν
3567 2153 3692 2212 ταῖς

2093 2241 2304 2311 θλίψεσί
2351 2261 2452 2312 μου
2491 2243 2680 2296 καὶτὰ
2737 2243 2885 2314 παθη
2943 2263 3066 2313 μου.
3127 2244 3232 2297 Καὶ
3259 2241 3330 2310 τῇ
3373 2241 3690 2310 ὑπερϐολῇ

2093 2334 2212 2388 τῶν
2262 2335 2726 2402 ἀποκαλύψεων,
2755 2337 2854 2388 ἵνα
2879 2337 2966 2405 μὴ
3017 2337 3416 2406 ὑπεραίρωμαι
3444 2378 3459 2402 ,
3505 2335 3690 2400 ἐδόθη

2087 2445 2188 2496 μοι
2217 2429 2464 2494 σκόλοψ
2489 2422 2564 2494 τῇ
2587 2427 2788 2494 σαρκὶ,
2815 2429 2977 2499 ἤγουν
2999 2429 3275 2499 ἐμπόδιον,
3307 2429 3396 2481 ἵνα
3415 2427 3490 2498 μὴ
3515 2428 3692 2496 ὑψαυ-

2093 2517 2265 2586 χενῶν
2299 2519 2564 2588 αἴρωμαι,
2599 2517 2854 2590 ἅγγελος
2881 2519 3098 2582 Σατᾶν,
3132 2523 3232 2574 ἵνα
3261 2539 3337 2590 με
3365 2520 3687 2589 κολαφίζῃ.

2095 2611 2268 2663 Σατᾶν
2319 2611 2676 2681 ἑρμηνεύεται
2719 2613 3154 2682 ἀντικείμενος·
3215 2613 3531 2665 ἀντέκειντο
3579 2611 3690 2680 γὰρ

2093 2707 2157 2774 τῇ
2195 2703 2420 2775 κηρύξει
2455 2703 2534 2774 τῷ
2577 2705 2830 2776 μακαρίῳ
2889 2705 3086 2776 Παύλῳ
3117 2707 3283 2768 τινὲς,
3331 2706 3424 2758 καὶ
3461 2703 3690 2774 μάστιξι

2093 2793 2286 2858 δεινοῖς
2315 2795 2408 2848 καὶ
2431 2795 2646 2860 πολλοῖς
2669 2799 2858 2860 κακοῖς
2884 2796 3262 2866 κολαστηρίοις
3279 2796 3464 2849 τοῦτον
3497 2796 3579 2858 ὡς
3595 2793 3689 2847 τού

2094 2887 2260 2956 νόμου
2289 2887 2580 2940 ἀντίπαλον
2615 2887 2946 2940 κατεπόνουν
2967 2929 2982 2952 ,
3023 2889 3095 2958 μὴ
3133 2887 3568 2958 συγχωρούντων
3599 2903 3690 2940 τον

2093 2979 2190 3049 τῆς
2213 2979 2559 3043 διδασκαλίας
2579 2981 2736 3048 λόγον
2757 2981 2938 3048 σαφῶς
2963 2982 3217 3052 κηρύξαι.
3245 2981 3480 3044 Τούτους
3509 2981 3692 3033 τοίνυν

2095 3073 2122 3124 ὁ
2143 3071 2288 3134 θεῖος
2313 3071 2610 3136 ἀπόστολος
2641 3072 2959 3126 ὑποϐάλλων
2988 3073 3062 3136 ὡς
3111 3075 3261 3136 υἱοὺς
3303 3073 3558 3127 διαϐόλου
3593 3077 3694 3130 Σα-

2099 3165 2198 3216 τᾶν
2241 3164 2514 3232 ὀνομάζει.
2549 3163 2639 3216 Διὸ
2681 3164 2744 3235 δὴ
2795 3165 2890 3217 καὶ
2927 3167 2954 3216 6
2983 3165 3088 3218 τῶν
3123 3165 3437 3218 ἀποστόλων
3470 3167 3692 3237 πρωτό-

417 3260 577 3313 vinus
605 3259 900 3327 Apostolus
931 3231 1266 3328 deprimens,
1305 3277 1404 3314 ceu
1432 3259 1572 3314 ﬁlios
1597 3231 1797 3314 diaboli
1827 3259 1994 3312 Satan

2102 3254 2289 3326 θρόνος
2309 3256 2538 3325 Πέτρος,
2569 3253 2644 3318 ὡς
2678 3259 2742 3326 τῇ
2777 3257 3095 3310 διδασκάλου
3125 3256 3316 3328 γνώμῃ
3375 3259 3696 3330 ἀντικείμε-

417 3361 592 3405 vocat.
633 3349 832 3404 Eadem
879 3349 946 3402 de
995 3367 1166 3406 causa
1207 3352 1304 3420 qui
1337 3353 1578 3420 primum
1625 3351 1996 3420 apostolorum

417 3446 678 3496 thronum
727 3443 1015 3512 occupavit
1075 3441 1308 3506 Petrus,
1355 3453 1416 3497 ut
1473 3444 1569 3512 qui
1631 3444 1876 3512 magistri
1913 3443 2036 3504 sui

419 3535 702 3588 sententiae
731 3535 1118 3590 adversaretur
1143 3574 1158 3598 ,
1189 3543 1243 3587 et
1277 3534 1596 3602 neutiquam
1634 3533 1819 3586 divina
1855 3575 1870 3599 ,
1907 3533 2000 3586 sed

421 3625 659 3678 humana
695 3625 875 3680 solum
907 3631 1145 3692 saperet,
1181 3623 1350 3676 Satan
1380 3623 1448 3676 ab
1476 3623 1596 3692 ipso
1631 3621 1862 3676 Domino
1895 3637 1996 3674 vo-

418 3721 574 3766 catus
603 3721 708 3778 est,
743 3713 827 3766 bis
856 3713 1039 3766 verbis
1069 3731 1082 3766 :
1139 3709 1280 3764 Vade
1321 3721 1462 3764 retro
1489 3729 1588 3773 me,
1618 3709 1792 3764 Saturi
1817 3713 1900 3776 ul;
1949 3711 2000 3764 id

419 3813 524 3868 cst,
561 3805 885 3860 Adversaris
915 3804 1111 3858 divina:
1143 3819 1206 3858 ac
1248 3804 1475 3858 salutari
1534 3805 1818 3858 sententia:
1845 3819 1998 3868 metu,

423 3897 550 3966 quia
579 3898 760 3966 passio
808 3913 926 3952 mea
957 3913 1306 3952 communem
1353 3895 1562 3949 mundo
1593 3897 1824 3950 salutem
1864 3895 1998 3948 alla-

425 3999 545 4042 tura
577 3999 682 4044 est.
714 3990 850 4043 Cum
887 3990 1054 4059 igitur
1087 4001 1168 4044 tcr
1201 3989 1388 4044 eadem
1415 3989 1482 4042 de
1511 4005 1678 4042 causa
1709 3987 1997 4042 Dominum

423 4081 626 4134 Paulus
653 4089 918 4150 rogasset,
950 4081 1025 4134 ait
1051 4081 1162 4134 illi:
1200 4077 1406 4148 Sufﬁcit
1435 4079 1530 4132 tibi
1571 4079 1748 4148 gratia
1785 4095 1898 4131 mea
1935 4079 2001 4130 ⁸⁸.

425 4171 636 4227 Sullicit
667 4173 764 4226 tibi
799 4183 857 4227 ut
879 4188 976 4227 vas
1001 4172 1286 4228 electionis
1317 4175 1440 4235 tias,
1463 4183 1522 4224 ut
1555 4187 1734 4240 pratco
1757 4171 2002 4224 omnium

425 4263 794 4320 Eeclesiarum
832 4266 1210 4330 constituaris,
1269 4273 1332 4318 ut
1384 4279 1556 4332 usque
1597 4264 1662 4316 ad
1714 4265 1913 4317 cmlu‘m
1951 4273 2006 4317 et

426 4357 494 4411 ad
523 4358 861 4426 paradisum,
889 4357 1068 4412 adhuc
1103 4358 1156 4410 in
1211 4371 1378 4410 carne
1413 4356 1621 4418 vivens,
1661 4355 1914 4423 rapiaris,
1949 4363 2008 4406 ut

429 4451 816 4504 revelationem
853 4449 1278 4519 mysteriorum,
1315 4463 1437 4516 qum
1473 4463 1580 4500 non
1613 4447 1704 4500 ltic
1755 4447 1904 4499 ell'ari
1939 4447 2005 4498 li-

2099 3365 2207 3410 νος,
2241 3349 2334 3400 καὶ
2365 3349 2440 3417 μὴ
2483 3347 2550 3400 τὰ
2587 3347 2728 3412 θεῖα,
2791 3348 2928 3400 ἀλλὰ
2977 3349 3044 3401 τὰ
3081 3349 3400 3420 ἀνθρώπινα
3447 3351 3692 3421 φρονῶν,

2101 3437 2276 3490 Σατᾶν
2309 3439 2472 3491 αὐτὸν
2493 3441 2520 3491 6
2545 3437 2754 3510 Κύριος
2807 3441 3178 3510 προηγόρευσε
3227 3441 3428 3510 λέγων’
3456 3443 3694 3512 ’Υπαγε

2101 3531 2292 3581 (intimo
2319 3549 2460 3598 μου,
2481 3531 2680 3584 Sani-tr
2707 3549 2720 3560 '
2749 3531 2937 3602 ἤγουν,
2984 3532 3312 3586 Ἀντίκεισαι
3337 3536 3404 3604 τῇ
3441 3533 3570 3606 θείᾳ
3601 3536 3696 3588 καὶ

2103 3621 2435 3691 σωτηριώδει
2463 3621 2654 3694 γνώμῃ
2695 3639 2798 3694 μου
2819 3639 2832 3652 ’
2867 3623 3056 3694 ἐπειδὴ
3075 3625 3136 3676 τὸ
3165 3623 3336 3687 πάθος
3368 3643 3466 3696 μου
3501 3627 3697 3696 κοινὴν

2105 3714 2378 3782 σωτηρίαν
2421 3718 2486 3783 τῇ
2538 3715 2836 3788 οἰκουμένῃ
2868 3716 3052 3784 μέλλει
3083 3717 3438 3786 ἐργάσασθαι.
3478 3717 3574 3780 Ὡς
3603 3714 3696 3770 οὖν

2102 3806 2336 3876 τρισσῶς
2359 3805 2451 3858 τὸν
2475 3805 2680 3878 Κύριον
2708 3825 2772 3860 πε
2785 3809 2836 3878 pl
2857 3807 3050 3860 τούτου
3085 3808 3470 3880 παρακαλέσας
3490 3850 3506 3872 ,
3541 3810 3698 3880 εἰρή-

2103 3915 2188 3949 κει
2215 3897 2361 3966 αύτῷ
2382 3914 2394 3926 ·
2449 3897 2636 3966 Ἀρκεῖ
2661 3913 2762 3950 σοι
2787 3899 2822 3966 ἡ
2851 3896 3022 3966 χάρις
3042 3916 3182 3966 μου.
3239 3899 3424 3968 Ἀρκεῖ
3469 3915 3556 3949 σοι
3609 3899 3698 3950 ἵνα

2107 3989 2301 4052 σκεῦος
2329 3989 2560 4060 ἐκλογῆς
2589 3991 2818 4060 γενήσῃ,
2857 3991 2943 4042 ἵνα
2969 3993 3152 4061 ῥήτωρ
3197 3991 3304 4044 τῶν
3351 3989 3696 4060 Ἐκκλησιῶν

2104 4079 2510 4150 κατασταθήσῃ,
2554 4081 2640 4133 ἵνα
2675 4081 2836 4151 μέχρι
2863 4081 2950 4132 τὸν
2978 4082 3205 4152 οὐρανὸν
3237 4083 3329 4136 καὶ
3363 4083 3696 4153 παράδεισον

2105 4173 2364 4241 ἀρπαγῇς
2397 4171 2476 4223 ἐτι
2516 4169 2622 4234 ζῶν
2648 4173 2706 4224 ὲν
2741 4171 2816 4240 τῷ
2857 4171 3087 4242 σαρκίῳ,
3115 4173 3200 4225 ἵνα
3223 4173 3320 4244 τὴν
3347 4173 3694 4242 ἀποκάλυψιν

2104 4265 2212 4316 τῶν
2265 4265 2522 4335 ἀρρήτων
2577 4265 2890 4334 μυστηρίων
2925 4267 3017 4317 καὶ
3072 4265 3144 4319 τὰ
3183 4251 3291 4318 τῶν
3353 4267 3696 4336 ἐπουρανίων

2105 4357 2399 4427 ταγμάτων
2425 4357 2564 4428 ὑπὲρ
2589 4359 2770 4409 πᾶσαν
2797 4357 3045 4426 γλῶσσαν
3074 4359 3320 4430 βροτείαν
3349 4359 3582 4432 λαλήσῃ,
3607 4361 3692 4411 ἵνα

2109 4451 2324 4521 πλήρης
2357 4449 2508 4511 θείας
2533 4451 2748 4518 σοφίας,
2783 4453 2875 4504 καὶ
2913 4451 3226 4522 Πνεύματος
3275 4452 3430 4520 ἁγίου
3479 4453 3694 4523 ἐμπλη-

430 4553 536 4607 cct,
575 4551 628 4594 et
653 4557 776 4610 qua:
809 4542 1062 4594 caelestes
1093 4541 1315 4594 ordines
1365 4547 1616 4607 spectant
1638 4553 1870 4606 qmcque
1905 4537 2004 4589 bu-

2115 4541 2308 4611 σθήσῃ,
2335 4539 2420 4591 ἵνα
2456 4539 2823 4612 συγκάθεδρος
2851 4541 2960 4592 τῶν
3001 4542 3334 4612 συμμυστῶν
3379 4543 3694 4596 ἀποστόλων

429 4649 648 4687 manam
679 4649 899 4686 omnem
959 4633 1201 4704 linguam
1249 4639 1602 4701 exsuperant,
1638 4631 1918 4699 eloquare,
1951 4641 2008 4684 ut

429 4725 623 4795 plenus
650 4725 834 4778 divina
885 4724 1154 4794 sapientia
1187 4763 1200 4786 ,
1237 4725 1367 4778 item
1419 4721 1626 4792 Spiritu
1683 4731 1876 4776 sancto
1923 4739 2002 4776 re-

428 4817 634 4888 pleare,
675 4825 730 4870 et
775 4831 901 4870 cum
953 4817 1268 4886 symmystis
1315 4815 1425 4869 tuis
1479 4815 1742 4883 apostolis
1781 4829 1888 4867 una
1925 4828 2012 4867 se-

430 4912 584 4965 (leas.
616 4909 904 4964 Suﬂiciunt
939 4911 1034 4964 tibi
1073 4911 1188 4964 hate
1245 4917 1298 4962 et
1333 4909 1530 4962 similia
1563 4926 1592 4961 ιι
1627 4923 1710 4960 me
1749 4905 1846 4959 tibi
1883 4907 2010 4959 data

431 5017 681 5068 munera,
717 5001 861 5055 Nam
883 5004 1047 5055 virtus
1073 5019 1186 5054 mea
1215 5003 1269 5054 in
1303 5003 1616 5070 inﬁrmitate
1645 5000 1918 5068 perficitur
1941 4999 2008 5064 '7;

434 5097 486 5148 in
527 5095 844 5149 inﬁrmitate
873 5095 1082 5150 scilicet
1115 5109 1222 5148 non
1269 5093 1516 5162 corporis
1549 5093 1630 5145 vel
1671 5094 1886 5156 animm,
1919 5091 2013 5146 sed

433 5188 501 5242 de
539 5189 1008 5252 tribulationibus,
1043 5191 1160 5244 sive
1217 5189 1282 5242 de
1322 5188 1720 5242 tcntationibus
1749 5187 2014 5255 loquitur.

445 5281 576 5335 Nam
607 5283 701 5352 qui
734 5283 898 5336 animi
929 5281 1233 5335 inlirmitati
1269 5281 1540 5334 obnoxius
1566 5289 1732 5341 esset,
1763 5279 1854 5347 qui
1883 5294 2014 5347 pos--

438 5383 522 5428 set
556 5373 724 5426 animi
763 5373 1112 5442 aegritudines
1163 5372 1394 5424 aliorum
1445 5369 1672 5424 curare?
1707 5367 1824 5437 Ipse
1857 5383 2010 5422 nam-

2111 4631 2337 4700 γενήσῃ.
2383 4631 2569 4699 ’Λρκεῖ
2599 4647 2680 4683 σοι
2709 4632 2774 4684 τα
2803 4633 3024 4686 δοθέντα
3061 4650 3142 4685 σοι
3191 4633 3364 4686 ταῦτα
3394 4635 3486 4686 καὶ
3523 4652 3696 4704 παρα-

2114 4725 2317 4794 πλήσια
2377 4723 2506 4791 παρ’
2556 4723 2691 4792 ἐμοῦ
2763 4726 3118 4797 χαρίσματα·
3167 4726 3228 4780 Ἠ
3271 4729 3380 4794 γὰρ
3441 4724 3696 4794 δύναμίς

2111 4839 2226 4890 μου
2283 4822 2351 4874 ἐν
2380 4823 2664 4886 ἀσθενείᾳ
2699 4819 3056 4874 τελειοῦταιι
3097 4819 3402 4882 ἀσθένειαν,
3431 4819 3596 4888 carpi,
3635 4821 3694 4870 ού

2115 4913 2212 4984 τὴν
2233 4913 2326 4966 τοῦ
2359 4911 2630 4984 σώματος,
2667 4912 2806 4966 ἀλλὰ
2833 4913 2930 4976 τὰς
2954 4912 3184 4982 θλίψεις,
3205 4913 3332 4974 τοὺς
3355 4913 3696 4982 πειρασμοῦς

2111 5003 2278 5072 λέγει.
2321 5003 2380 5054 'U
2411 5002 2520 5072 γὰρ
2544 5001 2796 5072 ἀσθενείᾳ
2825 5001 3030 5070 ψυχικῇ
3057 4999 3416 5069 ὑποκείμενος
3441 4997 3558 5060 πῶς
3587 4997 3698 5048 ἐτέ-

2116 5109 2228 5163 ροις
2255 5092 2322 5144 τὰ
2355 5091 2561 5162 ψυχικὰ
2593 5091 2892 5162 παθήματα
2931 5093 3076 5143 ἰᾶσαι
3104 5090 3356 5154 comm;
3391 5089 3562 5150 Αὐτὸς
3591 5087 3696 5157 γαρ

2111 5185 2139 5237 6
2165 5183 2306 5247 θεῖος
2339 5184 2661 5247 ’Λπόστολος
2689 5183 2926 5254 εἴρηκεν·
2952 5185 3132 5236 Ὅταν
3156 5181 3411 5244 ἀσθενῶ,
3439 5183 3576 5234 τότε
3600 5179 3696 5232 δυ-

2113 5278 2296 5342 νατός
2309 5279 2446 5344 εἰμι.
2469 5275 2741 5336 τουτέστι,
2759 5277 2886 5328 ὅταν
2899 5275 3198 5327 ἀσθενῶσιν
3213 5276 3261 5327 οἱ
3279 5273 3506 5345 πονηροὶ
3517 5273 3692 5338 λογισ-
3753 5291 3758 5298 ·

2123 5369 2211 5436 μοι
2231 5365 2338 5416 τῶν
2357 5365 2542 5418 παθῶν
2563 5368 2620 5417 ἐν
2633 5365 2776 5434 ἐμοὶ,
2797 5365 2916 5417 τότε
2935 5365 3158 5427 δυνατός
3179 5367 3292 5434 εἰμι
3311 5364 3390 5434 τῷ
3409 5364 3696 5434 πνεύματι.

435 5483 542 5535 que
589 5467 806 5522 divinus
851 5468 1144 5536 Apostolus
1199 5467 1377 5520 dixit:
1409 5465 1541 5519 Cum
1585 5463 1849 5532 ittﬁrmor,
1897 5474 2018 5515 tunc
2067 5471 2248 5530 potens
2289 5477 2404 5512 sum
2433 5459 2501 5526 ⁸⁸,
2537 5460 2642 5514 ltoc
2675 5468 2758 5514 est
2803 5475 2926 5513 cum
2985 5461 3331 5513 intirmantur
3361 5459 3414 5511 in
3467 5476 3552 5513 me
3579 5471 3697 5526 pra-

435 5569 516 5610 νου
547 5555 902 5624 cogitationes
923 5557 1262 5623 passionum,
1285 5570 1413 5608 tunc
1432 5555 1622 5624 spiritu
1651 5563 1842 5624 potens
1875 5569 2017 5607 sum.

512 5735 558 5763 ἰθ
589 5733 628 5783 11
672 5731 800 5784 Cor.
843 5749 920 5794 ιιι,
971 5733 1062 5786 ‘28.

441 5803 486 5834 "
522 5801 566 5856 ll
598 5801 720 5854 Cor.
753 5817 847 5862 xu,
877 5805 928 5856 θ.

1139 5735 1178 5764 ⁸⁸
1225 5733 1354 5785 ibid.
1391 5732 1478 5783 ΞΟ.

1005 5805 1048 5834 ⁸⁷
1091 5803 1221 5857 ibid.

1558 5731 1602 5764 δ’
1629 5731 1784 5788 ilum.

1289 5804 1331 5834 “”
1359 5802 1490 5856 ibid.
1531 5804 1612 5856 Ιθ.

1831 5749 1946 5801 viti,
1981 5731 2066 5786 18.

2143 5729 2187 5762 ³³
2217 5728 2258 5782 ll
2285 5727 2414 5783 Cor.
2471 5741 2568 5794 xtl,
2608 5726 2658 5781 5.
2769 5729 2812 5759 "
2861 5729 2989 5784 ibid.
3027 5729 3076 5782 7.
3155 5729 3198 5759 ⁸⁵
3223 5727 3411 5782 Matth.
3467 5742 3574 5793 ΠΙ,
3609 5723 3696 5778 25.
