3698 6268
191 386 3358 448 ,πω

1347 657 2153 772 ADMONITIO
2239 779 2242 782 .

322 985 437 1075 IN
506 908 1252 1093 SEQUENTEM
1327 982 1480 1071 AD
1549 981 2418 1072 MARCELLINUM
2498 981 3163 1076 EPISTOLAM

1001 1269 1108 1331 DE
1157 1263 1920 1329 INTERPRETATIONE
1979 1263 2498 1326 PSALMORUM.

1167 1524 1314 1590 (Opp.
1340 1524 1393 1573 S.
1427 1523 1604 1574 Athan.
1631 1524 1713 1574 ed.
1751 1519 1931 1574 Venet.
1978 1523 2117 1585 1777,
2140 1529 2176 1573 t.
2222 1522 2331 1585 Ill.)

1709 1795 1777 1806 ..-

226 2034 384 2094 Testae
408 2034 638 2094 cumcos
671 2044 930 2107 sumptus
955 2044 1130 2092 estex
1163 2033 1568 2108 Prolegomenis
1610 2037 1742 2092 tomi
1777 2035 1843 2091 IV
1883 2036 2096 2094 Veteris
2123 2035 2457 2094 Testamenti
2482 2038 2638 2110 juxta
2673 2039 2977 2095 versionem
3022 2040 3362 2113 septuaginta

179 2131 484 2204 interpretum,
515 2149 694 2205 quam
719 2148 788 2188 ex
817 2132 1005 2188 codice
1035 2132 1407 2188 Alexandrino
1439 2141 1693 2189 accurate
1720 2133 1888 2190 edidit
1919 2133 2159 2191 Joannes
2188 2136 2454 2192 Ernestus
2488 2134 2686 2201 Grabe,
2722 2135 2816 2206 qui
2847 2135 2987 2191 inter
3012 2135 3116 2190 alia
3157 2136 3270 2190 haec
3293 2135 3362 2189 de

179 2232 310 2285 esde
334 2231 552 2302 epistola
574 2231 885 2288 admonet:
929 2228 1189 2285 Ceterum
1235 2230 1356 2285 licet
1379 2231 1432 2286 in
1463 2232 1703 2302 pluribus
1747 2231 1806 2286 S.
1846 2233 2128 2288 Athanasii
2163 2233 2502 2300 editionibus,
2551 2249 2613 2286 ac
2651 2234 2706 2287 in
2745 2241 3006 2300 postrema
3041 2231 3358 2286 celeberrimi

184 2325 492 2396 lontfasconi,
525 2329 772 2383 omnium
801 2328 1020 2399 opt-ima,
1050 2337 1178 2381 tom.
1208 2325 1260 2392 Ι,
1287 2339 1424 2397 part.
1455 2345 1518 2394 ιι,
1551 2345 1673 2400 pag.
1704 2329 1810 2386 982
1847 2347 2012 2401 usque
2047 2328 2210 2394 'l00'5,
2241 2329 2341 2384 iste
2363 2331 2430 2383 ad
2466 2327 2838 2383 Marcellinum
2865 2327 3072 2383 libellus
3099 2327 3276 2384 Grtece
3299 2347 3360 2382 αν

181 2421 313 2477 Latiae
335 2426 394 2478 sit
417 2442 694 2491 excusas;
729 2440 850 2480 eum
904 2432 1078 2477 tamen
1107 2423 1162 2476 in
1209 2425 1592 2496 antiquissimis
1636 2441 1699 2479 ac
1744 2424 1804 2481 S.
1854 2424 2012 2480 Patri
2055 2426 2164 2495 fere
2201 2427 2388 2480 cowvis
2429 2423 2744 2478 membranis
2772 2426 2964 2478 nostris
3000 2423 3140 2478 haud
3168 2441 3356 2496 parun.

183 2519 464 2570 nuntiarem
489 2533 556 2570 ac
581 2516 903 2587 pleniorem,
933 2531 992 2576 ut
1013 2522 1303 2594 conferenti
1317 2521 1535 2593 patebit,
1568 2520 1652 2575 hic
1673 2521 1843 2575 denuo
1863 2520 2012 2575 edere
2036 2520 2258 2591 placuit,
2278 2519 2467 2589 absque
2483 2517 2679 2572 Latina
2699 2531 2870 2576 tamen
2889 2519 3139 2576 versione.
3168 2519 3360 2574 Vcrsio

185 2613 293 2680 igitur
317 2613 490 2670 latina
528 2625 757 2687 sumpta
783 2633 813 2671 a
841 2633 930 2673 me
961 2629 1043 2674 est
1084 2635 1151 2674 ex
1180 2619 1396 2674 laudata
1433 2617 1614 2675 Patris
1639 2616 2019 2673 .Montl‘auconi
2050 2617 2286 2672 editione
2315 2615 2548 2685 Operum
2587 2613 2645 2668 S.
2679 2610 2992 2678 Athanasii;
3041 2610 3107 2665 ad
3157 2619 3356 2665 textum

185 2714 304 2759 autem
329 2707 564 2765 Graecum
607 2712 819 2768 codicis
844 2714 1220 2778 Alexandrini,
1253 2715 1350 2769 ubi
1377 2715 1429 2769 ei
1457 2730 1570 2770 non
1606 2713 1990 2785 respondebat,
2023 2712 2274 2784 pluribus
2315 2711 2370 2766 in
2391 2709 2536 2785 locis
2569 2705 2998 2763 accommodata.
3032 2703 3143 2760 Hac
3178 2714 3355 2761 autem

185 2805 363 2860 mione
385 2807 758 2878 antiquiorem
791 2808 956 2863 aliam
1001 2808 1170 2863 edidit
1198 2809 1330 2863 clar.
1363 2823 1527 2862 mem.
1563 2807 1716 2864 card.
1747 2805 2078 2862 Thomasius
2105 2805 2159 2860 in
2185 2805 2327 2860 libro
2350 2803 2437 2860 cui
2467 2799 2690 2857 titulus:
2726 2799 3047 2853 Psalterium
3067 2799 3227 2868 juxta
3256 2799 3356 2851 du-

184 2892 307 2955 plicem
339 2897 638 2962 editionem,
675 2905 804 2961 etc.,
847 2907 902 2953 et
940 2899 995 2954 in
1038 2897 1362 2955 Prefatione
1404 2898 1470 2954 ad
1521 2898 1779 2954 lectorem
1820 2919 1832 2953 :
1867 2896 2044 2961 Hanc,
2075 2897 2275 2967 inquit,
2304 2894 2555 2949 Latinam
2579 2900 2838 2962 repertam
2862 2891 2914 2942 in
2944 2890 3077 2942 libro
3107 2907 3206 2944 ms.
3237 2890 3358 2943 licet

185 2998 245 3034 les
266 2986 515 3041 admodum
537 2998 749 3042 vetusto
767 2987 1098 3045 bibliotheca:
1139 2988 1500 3045 Vallicellante
1520 2990 1860 3060 proferimus,
1886 2991 1956 3044 ad
1985 2988 2227 3044 ercum
2252 2997 2425 3042 tamen
2445 2981 2714 3053 exemplar
2738 2990 3017 3051 utrumque
3042 2983 3356 3048 recensitam

182 3089 212 3127 et
233 3081 532 3138 emdatam.
571 3083 656 3139 De
690 3089 792 3139 hac
820 3081 1048 3152 epistola
1079 3081 1220 3137 idem
1266 3081 1608 3137 clarissimus
1645 3081 1943 3138 cardinalis
1977 3098 1991 3136 :
2037 3078 2268 3144 Celebre,
2311 3078 2407 3140 ait,
2434 3073 2574 3146 apud
2611 3079 2807 3126 ueteres
2841 3086 3015 3124 omnes
3048 3071 3354 3140 opusculum

183 3169 273 3222 luti
300 3174 560 3228 Athanasii
597 3173 836 3245 episcopi
868 3172 1218 3226 Alexandrini
1265 3171 1341 3228 De
1376 3171 1516 3227 libro
1552 3169 1921 3235 Psalmorum,
1965 3168 2104 3239 quod
2134 3168 2316 3222 beatus
2363 3164 2714 3235 Hieronymus
2762 3161 3028 3230 appellare
3058 3162 3264 3215 videtur
3302 3163 3360 3215 in

181 3258 369 3335 Caulogo
415 3268 756 3338 scriptorqu
800 3264 1295 3321 ecclesiasticorum
1326 3281 1343 3321 :
1377 3262 1452 3318 De
1483 3262 1811 3332 psalmorum
1854 3261 2046 3316 titulis.
2077 3259 2184 3316 Sed
2221 3276 2346 3316 cum
2391 3260 2571 3316 adhuc
2611 3259 2808 3314 lateret
2839 3259 2896 3314 in
2927 3259 3188 3323 tenebris,
3221 3268 3274 3314 et
3299 3261 3354 3313 in

183 3354 379 3418 publicam
402 3358 576 3414 lucem
619 3357 832 3413 editum
881 3375 988 3415 non
1017 3359 1214 3416 fuisset
1241 3375 1431 3416 verum
1481 3375 1619 3431 opus
1659 3357 1724 3413 B.
1755 3359 2042 3415 Athanasii
2085 3357 2161 3413 De
2191 3357 2360 3413 titulis
2391 3357 2742 3427 psalmorum,
2788 3355 2934 3428 quod
2979 3356 3140 3412 modo
3170 3355 3225 3410 in
3256 3370 3356 3426 pu-

181 3447 319 3504 Nicum
345 3454 666 3517 emiuimus,
696 3454 841 3509 haud
871 3454 1072 3510 mirum
1102 3465 1208 3521 est,
1259 3460 1308 3512 si
1335 3457 1687 3514 doctissimus
1722 3455 1808 3511 vir
1852 3470 1976 3510 eum
2012 3455 2134 3510 aliis
2172 3454 2420 3525 pluribus
2449 3453 2708 3524 deceptus
2743 3462 2828 3508 est
2861 3467 2926 3508 ac
2951 3451 3172 3520 erravit,
3204 3461 3356 3506 ratus

185 3537 275 3592 idem
301 3556 418 3612 opus
445 3559 568 3600 esse
607 3545 814 3599 librum
840 3543 919 3599 De
950 3545 1121 3600 titulis
1151 3547 1474 3617 psalmorum
1511 3563 1576 3602 ac
1605 3545 1907 3617 Epistulam
1943 3562 2040 3602 seu
2065 3544 2323 3600 Libellum
2357 3545 2427 3598 ad
2465 3544 2853 3604 Marcellinum.
2891 3547 3046 3614 Quod
3073 3562 3203 3602 sane
3231 3563 3353 3602 cum

179 3637 611 3696 sumsdvertissent
643 3639 832 3696 Patres
865 3639 1223 3704 Benedictini,
1251 3640 1304 3695 in
1333 3638 1718 3695 Admonitione
1740 3654 1906 3709 quam
1934 3647 2348 3708 praeposuerunt
2372 3636 2547 3692 eidem
2575 3636 2832 3708 Epistula:
2860 3638 2930 3693 ad
2957 3637 3351 3703 Marcellinum,

182 3725 407 3796 ihprzlati
427 3743 554 3788 sunt
583 3751 601 3786 :
643 3731 946 3801 Opinantur
975 3732 1164 3802 nuperi
1194 3731 1475 3801 scriptores
1510 3731 1747 3802 quidam,
1775 3729 2075 3802 Epistolam
2119 3730 2187 3784 ad
2213 3729 2586 3785 Marcellinum
2614 3746 2724 3784 esse
2750 3730 2887 3784 illud
2917 3747 3044 3802 opus
3067 3729 3142 3786 De
3177 3732 3354 3787 titulis

179 3822 452 3888 psalmorum,
484 3824 636 3895 quod
665 3827 732 3877 ab
764 3822 1086 3895 Hieronymo
1114 3825 1252 3879 inter
1273 3823 1641 3878 Athanasiana
1669 3823 1868 3894 scripta
1891 3832 2266 3876 enumeratur:
2286 3829 2352 3875 'at
2375 3824 2495 3875 cum
2519 3822 2580 3876 de
2606 3822 2776 3876 titulis
2803 3839 2893 3876 seu
2922 3823 3352 3892 inscriptionibus

179 3909 419 3969 tralaturum
463 3932 524 3970 ne
568 3916 786 3970 verbum
821 3915 1031 3985 quidem
1061 3916 1162 3968 hac
1189 3915 1242 3968 in
1271 3915 1494 3986 epistola
1519 3924 1840 3982 compareat,
1872 3912 2149 3984 propalam
2180 3911 2326 3966 nobis
2354 3923 2454 3978 est,
2480 3912 2648 3966 alium
2686 3913 2752 3966 ab
2788 3911 3107 3982 Hieronymo
3137 3912 3350 3966 laudari

179 3998 328 4070 δὲηιι,
351 4016 442 4062 etc.
471 4008 549 4064 De
581 4010 1046 4079 praestantissima
1069 4009 1172 4064 hac
1197 4009 1425 4080 epistola
1462 4018 1658 4079 praeter
1677 4008 1946 4080 synodum
1976 4007 2252 4064 Nicaenam
2281 4009 2600 4073 secundam,
2619 4009 2692 4064 ita
2721 4009 2966 4064 meminit
2987 4010 3354 4068 Cassiodorus

179 4089 337 4151 inlibro
357 4098 422 4153 De
443 4102 786 4156 institutione
813 4101 1114 4155 diuinarum
1156 4101 1478 4168 litterarum,
1506 4115 1626 4171 cap.
1673 4100 1708 4154 4
1737 4120 1750 4155 :
1789 4100 2060 4173 Legendus
2093 4111 2171 4156 est
2204 4103 2365 4155 etiam
2407 4101 2616 4155 libellus
2657 4101 2939 4156 Athanasii
2969 4102 3347 4158 Alexandrinae

179 4187 339 4245 renatis
369 4197 618 4266 episcopi,
646 4213 797 4267 quem
823 4194 1134 4250 Marcellino
1162 4205 1278 4265 post
1305 4196 1672 4267 wgritudinem
1703 4197 1757 4250 in
1806 4196 1981 4251 locum
2006 4198 2304 4268 refectionis
2341 4198 2666 4254 dulcissima:
2695 4197 3000 4262 destinauit.
3050 4201 3140 4269 qui
3161 4200 3351 4254 inscri-

181 4271 304 4333 bitur:
329 4279 392 4338 De
416 4286 550 4341 libro
589 4285 972 4352 Psalmorum;
1005 4284 1093 4338 ubi
1114 4285 1321 4338 diversa
1353 4300 1707 4351 commoneas,
1737 4287 1990 4342 uirtutem
2019 4289 2190 4360 operis
2222 4289 2389 4358 ipsius
2413 4289 2774 4351 minutissima
2801 4298 3125 4351 discussione
3147 4297 3352 4366 patefe-

177 4368 233 4428 άι.
260 4373 452 4433 diversos
473 4381 752 4436 hominum
790 4399 944 4438 casus
976 4401 1096 4439 cum
1119 4386 1231 4440 suis
1266 4386 1507 4440 remediis
1533 4385 1766 4440 suaviter
1785 4385 2150 4442 introducens.
2175 4385 2569 4459 Argumentum
2596 4389 2838 4459 ejusdem
2872 4392 3115 4463 epistola:
3143 4392 3346 4447 laudati

180 4465 304 4530 Patres
329 4476 648 4540 Benedictini
689 4486 881 4555 paucis
915 4486 1094 4541 verbis
1123 4486 1385 4542 exhibent
1414 4486 1468 4540 in
1500 4487 1648 4540 hunc
1691 4485 1914 4540 modum
1953 4504 1967 4543 :
2015 4487 2201 4540 Primo
2231 4487 2286 4540 id
2323 4488 2540 4556 ponitur
2566 4485 2889 4540 discriminis
2928 4483 3174 4539 Psalmos
3211 4485 3347 4538 inter

177 4571 206 4608 τι
223 4566 318 4621 alios
351 4569 634 4645 Scriptura
674 4593 844 4632 sacra
875 4577 1060 4642 libros,
1084 4587 1142 4631 ut
1163 4579 1252 4647 qui
1274 4577 1408 4633 alios
1427 4579 1572 4648 legit,
1597 4576 1753 4632 verba
1780 4594 1884 4631 non
1908 4587 1964 4630 ut
1985 4593 2104 4645 sua,
2126 4577 2216 4632 sed
2241 4594 2444 4645 eorum,
2473 4595 2695 4649 quorum
2717 4577 2842 4631 libri
2867 4586 3010 4643 sunt,
3039 4575 3117 4632 vel
3142 4591 3344 4640 eorum,

179 4660 233 4721 ςιί
253 4663 360 4735 loqui
395 4674 728 4739 exhibentur,
767 4673 1042 4743 proferat;
1080 4675 1171 4745 qui
1204 4684 1381 4730 autem
1406 4673 1654 4729 Psalmos
1682 4675 1890 4739 recitat,
1914 4673 2069 4728 verba
2096 4673 2334 4744 proferat
2357 4677 2512 4746 quasi
2536 4693 2657 4743 sua,
2681 4686 2732 4731 et
2767 4675 2836 4730 ad
2860 4691 2915 4730 se
2942 4675 3153 4745 proprie
3181 4672 3348 4742 perti-

177 4757 310 4810 Wia.
331 4759 453 4817 Hine
475 4766 793 4820 dividuntur
827 4765 1034 4821 Psalmi
1058 4768 1114 4821 in
1136 4769 1284 4821 varia
1301 4783 1510 4839 genera,
1534 4768 1723 4822 orandi
1753 4765 1978 4834 scilicet,
2011 4767 2318 4838 conﬁtendi,
2341 4777 2390 4823 et
2411 4769 2491 4825 his
2511 4770 2711 4824 similia
2727 4768 3045 4842 :deindeque
3076 4767 3346 4820 indicatur

177 4859 242 4910 σεο
264 4855 441 4927 quisque
471 4865 710 4932 psalmus
742 4879 893 4932 casu,
926 4879 1030 4934 qua
1049 4864 1368 4934 conditione,
1399 4880 1505 4936 qua
1527 4863 1918 4935 opportunitate
1954 4863 2076 4918 cani
2102 4863 2306 4920 debeat.
2341 4862 2408 4919 In
2437 4865 2579 4922 hisce
2611 4875 2722 4922 tota
2761 4875 2998 4920 versatur
3025 4861 3268 4932 epistola.

409 5734 669 5806 Panos.
717 5744 832 5808 lia.
885 5745 1145 5812 xxvn.
2977 5763 3009 5807 ³
