3820 6454
367 310 420 363 ll
1194 312 1251 369 S.
1294 311 1665 367 ATHANASII
1702 313 1849 368 ()PP.
1895 315 2071 371 PARS
2109 316 2195 377 lll.
2230 352 2299 360 —
2335 320 2746 382 EXEGETICA.
3524 344 3581 397 l2

372 559 3565 619 Ἢ

358 751 628 809 SANCTI
684 752 947 809 PATRIS
998 752 1270 810 NOSTRI
1335 751 1757 807 ATHANASII
1803 753 1924 808 AR-

427 846 917 904 CHIEPISCOPI
957 844 1485 902 ALEXANDRINI
1562 845 1660 899 Al)
1738 843 1917 899 MAR-

949 938 1037 993 IN
1134 934 1924 993 INTERPRETATIONEM

426 936 818 995 CELLINUM

426 1031 900 1091 PSALMORUM.

1926 1256 1978 1268 ,ο

2038 759 2173 812 ΊῸΥ
2203 762 2307 813 ΕΝ
2338 765 2591 820 ΑΓΙΟΙΣ
2626 769 2723 821 ΠΛ
2736 770 2915 823 ΤΡΟΣ
2938 773 3151 827 ΗΜΩΝ
3179 779 3580 839 ΑΘΑΝΑΣῙΟΥ

2093 850 2603 911 ΑΡΧΙΕΠΙΣΚΟΠ
2608 863 2650 912 0
2662 862 2707 912 Υ
2763 864 3319 928 ΑΛΕΞΑΝΔΡΕῙΑΣ
3396 879 3582 947 ΠιξοΣ

2098 944 2197 1085 λιέΑ
2205 945 2639 1005 ΡΚΕΛΛΙΝΟΝ
2655 953 2781 1025 ζιιΣ
2814 956 2956 1011 ΤΗΝ
2982 944 3581 1023 EPMHNEIAN-‘ian

2160 1036 2431 1085 ΑΛΜΩΝ.

2160 1036 2431 1091 ᾺΛΜΩΝ.

416 1438 469 1495 l.
487 1434 651 1493 Miror
677 1445 832 1491 tuum
862 1434 915 1490 in
936 1434 1153 1490 Christo
1180 1435 1536 1506 pr0pnsitum,
1557 1434 1749 1491 dilecte
1768 1433 1882 1490 Mar

2012 1442 2149 1531 μα’.
2196 1437 2438 1509 Ἀγαμαί
2472 1458 2533 1494 σε
2565 1442 2664 1514 τῆς
2692 1443 2750 1497 ὲν
2776 1447 2998 1520 Χριστῷ
3027 1456 3418 1526 προαιρέσεως,
3464 1462 3578 1531 φίλε

331 1527 551 1583 eelline.
591 1524 728 1581 Nam
772 1534 826 1582 et
858 1534 1181 1597 praesentem
1224 1529 1602 1595 tentationem,
1653 1526 1906 1598 quamvis

341 1619 572 1689 plurima
612 1619 669 1673 in
709 1633 773 1673 ea
816 1633 1031 1688 passus,
1087 1617 1257 1689 probe
1291 1618 1510 1683 toleras,
1564 1626 1618 1673 et
1665 1619 1900 1686 ascesin,

339 1728 436 1767 seu
471 1711 910 1770 exercitationem
954 1726 1063 1766 non
1109 1712 1356 1783 negligis.
1399 1711 1720 1769 Sciscitatus
1759 1716 1905 1769 enim

325 1819 405 1859 ex
449 1812 545 1858 tuo
590 1802 872 1858 tabellario
926 1819 1033 1874 qua
1081 1794 1295 1860 ratione
1354 1816 1476 1875 post
1528 1808 1903 1878 aegritudinem

337 1895 603 1960 versaris,
658 1894 823 1951 didici
869 1903 923 1953 te
978 1897 1233 1952 omnibus
1264 1899 1485 1969 quidem
1525 1901 1722 1957 divinis
1758 1900 1904 1957 Scri-

333 1988 510 2059 pturis
536 2003 751 2056 vacare,
769 1990 1112 2059 potissimum
1136 1999 1317 2047 tamen
1342 1991 1682 2048 Psalmorum
1704 1993 1900 2048 librum

332 2081 600 2147 evolvere,
646 2081 990 2153 maximeque
1048 2082 1267 2138 studere
1311 2090 1371 2137 ut
1412 2083 1677 2154 cujusque
1708 2086 1902 2154 psalmi

334 2189 518 2229 veram
561 2174 882 2231 sententiam
915 2190 1229 2246 assequare.
1270 2174 1635 2243 Quamobrem
1667 2186 1718 2233 te
1751 2194 1902 2234 sum-

326 2283 551 2338 mopere
580 2268 763 2334 laudo,
794 2284 918 2324 cum
942 2283 1142 2339 magno
1171 2269 1421 2325 eumdem
1447 2269 1645 2324 librum
1702 2278 1899 2326 totam-

326 2378 434 2434 que
462 2361 794 2433 Scripturam
822 2362 1003 2418 studio
1029 2376 1347 2433 prosequar.
1384 2362 1498 2417 Hoc
1528 2362 1708 2433 itaque
1738 2365 1898 2420 modo

326 2454 572 2520 affectus,
598 2454 764 2510 incidi
795 2455 926 2509 olim
956 2454 1012 2510 in
1041 2456 1332 2526 quemdam
1380 2470 1564 2511 senem
1610 2456 1899 2513 studiosis.

325 2549 546 2611 simum,
567 2549 796 2619 voloque
827 2548 945 2610 tibi,
974 2563 1094 2618 qua:
1121 2548 1256 2602 mihi
1290 2548 1378 2602 ille
1402 2548 1469 2602 de
1488 2563 1646 2604 sacro
1686 2550 1892 2606 Psalte-

322 2642 427 2705 rio,
467 2640 614 2713 quod
646 2656 811 2696 manu
843 2641 1081 2707 tenebat,
1122 2640 1618 2707 sermocinabatur,
1663 2644 1897 2713 perscri-

321 2736 448 2790 bere
479 2752 493 2790 :
529 2734 732 2790 habent
769 2734 916 2789 enim
942 2732 1235 2804 quamdam
1263 2733 1514 2804 gratiam,
1548 2744 1602 2790 et
1637 2735 1894 2805 probabi—

2010 1529 2368 1625 Μαρκελλῖνε,
2405 1535 2515 1588 Καὶ
2546 1535 2654 1608 γὰρ
2686 1538 2778 1591 zeal.
2818 1539 2911 1594 τὸν
2963 1545 3204 1615 παρόντα
3256 1529 3577 1625 πειρασμὸν,

2007 1619 2186 1674 καίτοι
2212 1621 2382 1709 πολλὰ
2414 1625 2601 1679 παθὼν
2635 1627 2693 1681 ἐν
2722 1629 2887 1701 αὐτῷ,
2920 1633 3102 1699 καλῶς
3127 1638 3333 1710 φέρεις,
3352 1619 3577 1718 καὶ-τῆς

2006 1711 2293 1784 ἀσκήσεως
2325 1716 2425 1770 οὐκ
2451 1718 2692 1789 ἀμελεῖς.
2722 1713 3127 1798 ΙΪυνΘανόμενος
3154 1732 3258 1805 γὰρ
3296 1735 3388 1788 τοῦ
3420 1711 3575 1809 κομί-

2007 1821 2197 1897 σαντος
2219 1808 2319 1879 τὴν
2352 1809 2660 1884 ἐπιστολὴν,
2696 1814 2814 1878 πῶς
2845 1817 2952 1889 ἄρα
2993 1820 3088 1873 καὶ
3137 1824 3273 1892 μετὰ
3298 1826 3397 1897 τὴν
3429 1808 3579 1883 νόσον

2003 1895 2235 1992 διάγεις·
2270 1898 2470 1992 ἔμαθον
2505 1905 2641 1975 πρὸς
2687 1907 2785 1977 μὲν
2820 1911 2998 1965 πᾶσαν
3026 1913 3125 1984 τὴν
3174 1914 3324 1970 θείαν
3353 1895 3578 1992 λ’ραφὴν

2003 1985 2148 2083 ἔχειν
2163 2006 2240 2083 ,σε
2259 1991 2360 2083 τὴν
2387 1993 2599 2065 σχολὴν,
2617 1997 2945 2070 πυκνότερον
2969 2002 3027 2056 δὲ
3060 2004 3293 2074 μάλιστα
3318 2011 3383 2080 τῇ
3402 1985 3577 2083 ’βίϐλω

2000 2078 2108 2165 τῶν
2163 2080 2408 2153 Ψαλμῶν
2462 2087 2827 2160 ἐντυγχάνειν,
2862 2094 2956 2148 καὶ
3008 2096 3328 2165 φιλονεικεῖν
3358 2078 3467 2157 τὸν
3517 2078 3575 2159 ὲν

2000 2156 2215 2245 ἑκάστῳ
2241 2173 2439 2249 ψαλμῷ
2471 2156 2937 2256 νοῦνὲγκείμενον
2972 2156 3429 2262 καταλαμϐάνειν.
3465 2156 3575 2252 Kal

1997 2262 2086 2360 διὰ
2110 2264 2267 2360 “causa
2288 2268 2467 2323 τοίνυν
2488 2271 2819 2345 ἀποδέχομαι
2842 2294 2921 2345 σε,
2947 2279 3115 2334 πολὺν
3139 2281 3276 2353 ἔχων
3302 2287 3383 2349 εἰς
3407 2287 3575 2360 αὐτὴν

1998 2352 2095 2452 τὴν
2148 2355 2329 2427 βίϐλον
2376 2361 2530 2431 κάγὼ
2560 2365 2743 2433 πόθον,
2783 2367 2971 2442 ὥσπερ
3003 2373 3097 2426 καὶ
3146 2352 3227 2440 είς
3265 2379 3447 2433 πᾶσαν
3478 2352 3574 2452 την

1996 2447 2239 2545 Γραφήν.
2275 2453 2384 2508 Καὶ
2412 2456 2518 2529 γὰρ
2545 2458 2716 2524 οὕτως
2763 2461 2922 2533 ἔχων,
2967 2467 3253 2541 συνέτυχόν
3290 2489 3394 2526 τινι
3428 2447 3574 2545 φιλο-

1997 2540 2144 2638 πόνω
2190 2544 2429 2616 γέροντι,
2458 2551 2554 2603 καὶ
2585 2550 2844 2625 βούλομαι
2891 2558 2985 2612 καί
3034 2578 3135 2629 σοι,
3176 2564 3319 2638 ἆπερ
3368 2540 3572 2633 ἐκεῖνος

1995 2635 2242 2730 κατέχων
2286 2639 2348 2693 τὸ
2377 2641 2690 2716 Ψαλτήριον
2733 2649 2861 2720 περὶ
2906 2651 3070 2730 αὐτος)
3118 2673 3209 2725 μοι
3251 2635 3567 2730 διηγήσατο,

1997 2726 2237 2823 γθάῗῐίαι’
2291 2729 2405 2823 ἔχει
2448 2735 2557 2806 γάρ
2587 2753 2709 2791 τινα
2756 2740 2914 2812 χάριν
2957 2726 3052 2797 καί
3087 2726 3418 2822 πιθανότητα
3452 2755 3569 2823 μετ’

320 2829 523 2884 litatem
560 2844 684 2885 cum
709 2830 1056 2884 enarratione
1079 2828 1473 2884 verisimillima
1519 2828 1882 2900 conjunctam.

2003 2817 2219 2888 εὐλόγου
2255 2800 2352 2877 reti
2379 2800 2537 2900 atqyfi
2546 2846 2733 2899 ματος.
2756 2800 2961 2904 ἿΈλεγε
2984 2836 3089 2909 γὰρ
3112 2800 3321 2904 οὕτωςέ

313 2920 394 2977 lta
423 2922 565 2978 enim
600 2922 817 2978 locutus
846 2930 930 2977 est
965 2938 978 2973 :

382 3015 440 3074 2.
470 3014 660 3072 Omnis
715 3023 938 3081 nostra,
992 3027 1027 3067 o
1070 3011 1172 3079 ﬁli,
1219 3011 1520 3084 Scriptura,
1568 3030 1690 3072 cum
1735 3022 1893 3072 vetus

316 3115 431 3163 tum
464 3091 624 3175 nova,
658 3107 917 3163 divinitus
947 3105 1210 3176 inspirata
1264 3107 1523 3178 utilisque
1576 3108 1643 3163 ad
1687 3108 1892 3165 doctri-

314 3216 440 3256 nam
466 3210 569 3265 est,
600 3208 658 3256 ut
681 3200 947 3270 scriptum
976 3198 1225 3255 habetur.
1263 3198 1516 3256 Attamen
1545 3200 1888 3257 Psalmorum

312 3293 450 3348 liber
491 3292 737 3363 quaedam
771 3291 1065 3347 observatu
1132 3292 1296 3362 digna
1330 3292 1491 3348 habet
1539 3293 1627 3362 iis,
1677 3295 1772 3365 qui
1800 3303 1885 3349 at-

310 3384 530 3441 tendere
559 3384 850 3440 voluerint.
900 3382 1138 3451 Quilibet
1169 3384 1314 3439 enim
1357 3385 1494 3440 liber
1531 3400 1711 3451 suum,
1737 3387 1885 3457 quod

308 3478 543 3549 praefert,
583 3488 962 3551 argumentum
996 3488 1192 3536 tractat
1225 3491 1280 3535 et
1307 3478 1653 3551 prosequitur
1693 3482 1883 3537 :verbi

307 3571 476 3642 gratia
501 3569 903 3628 Pentateucbus
937 3573 1124 3627 mundi
1150 3572 1436 3644 originem,
1466 3581 1617 3643 gesta
1648 3575 1883 3644 patriar-

305 3660 556 3727 charum,
597 3664 804 3719 exitum
834 3663 1047 3720 lsraelis
1077 3681 1143 3721 ex
1169 3665 1424 3738 Egypto,
1454 3675 1509 3721 et
1545 3667 1678 3737 legis
1709 3667 1879 3722 tradi-

302 3749 505 3804 tionem
522 3767 537 3815 ;
552 3748 901 3820 Triteuchus,
913 3752 1142 3807 sortium
1158 3753 1619 3821 distributionem,
1633 3753 1876 3821 iudicum

296 3847 446 3907 aeta,
488 3839 705 3899 Davidis
731 3843 1133 3914 genealogiam;
1161 3844 1285 3899 libri
1338 3844 1545 3917 Regum
1587 3855 1643 3900 et
1671 3845 1878 3901 Parali-

294 3947 681 4013 pomenorum,
721 3944 872 4006 gesta
902 3950 1125 4006 regum;
1169 3935 1391 4005 Esdras,
1427 3938 1754 4007 captivitatis
1785 3952 1876 3995 so—

298 4024 604 4094 lutionem,
658 4026 893 4083 reditum
937 4029 1144 4099 populi,
1195 4030 1380 4101 templi
1436 4040 1489 4086 et
1542 4031 1691 4088 urbis
1735 4048 1872 4087 con-

2066 3000 2130 3070 β’.
2171 2999 2327 3056 Πᾶσα
2361 3004 2479 3075 μὲν,
2509 3006 2554 3060 ὦ
2586 3009 2795 3078 τέκνον,
2830 3012 2863 3084 ἡ
2894 3011 3012 3066 καθ’
3038 3015 3184 3085 ἡμᾶς
3215 3016 3426 3090 Γραφὴ,
3461 3038 3570 3075 πα,

1993 3090 2119 3145 λαιά
2166 3110 2225 3146 τε
2268 3095 2364 3148 καὶ
2421 3099 2602 3171 καινὴ,
2633 3100 2985 3167 Θεόπνευστός
3018 3106 3133 3159 ἐστι
3166 3106 3262 3161 καὶ
3289 3108 3568 3182 ὠφέλιμος

1992 3183 2128 3254 πρὸς
2150 3184 2516 3255 διδασκαλίαν,
2541 3190 2619 3254 ὡς
2646 3192 2952 3265 γέγραπται
2977 3211 2990 3224 ’
3024 3194 3135 3266 ἔχει
3167 3193 3223 3250 δέ
3256 3216 3377 3252 τινα
3407 3203 3570 3255 πιθα.»

1988 3271 2084 3342 νὴν
2130 3278 2510 3350 παρατήρησιν
2541 3284 2653 3346 τοῖς
2700 3284 3055 3356 προσέχουσιν
3107 3290 3141 3358 ἡ
3175 3288 3281 3342 τῶν
3312 3289 3566 3362 ιιδάλμῶν

1989 3362 2436 3442 βίϐλος.Έκάστη
2486 3372 2586 3443 μὲν
2614 3374 2723 3446 γὰρ
2750 3374 2929 3446 βίϐλος
2958 3377 3019 3431 τὸ
3057 3378 3185 3433 ἴδιον
3234 3382 3566 3454 ἐπάγγελμα

1983 3455 2219 3512 διακονεῖ
2244 3462 2337 3514 καὶ
2366 3463 2726 3532 ἀπαγγέλλει’
2760 3460 2869 3521 οἷον
2898 3469 2930 3539 ἡ
2960 3469 3324 3542 Πεντάτευχος
3347 3474 3567 3541 γένεσιν

1983 3549 2186 3620 κόσμου
2220 3553 2314 3606 καὶ
2343 3554 2451 3608 τῶν
2473 3573 2580 3610 πατ
2592 3559 2828 3630 ριαρχῶν
2852 3560 2950 3625 τὰς
2980 3562 3222 3634 πράξεις,
3254 3566 3355 3636 τήν
3375 3583 3436 3619 τε
3461 3567 3564 3621 ἀπ’

1980 3644 2254 3713 Αἰγύπτου
2285 3646 2378 3700 τοῦ
2420 3649 2635 3722 Ἰσραὴλ
2666 3649 2860 3720 ἔξοδον,
2882 3654 2976 3707 καὶ
3002 3655 3100 3726 τὴν
3120 3656 3219 3726 τῆς
3238 3657 3564 3728 νομοθεσίας

1978 3735 2217 3824 διάταξιν
2234 3756 2247 3769 °
2279 3742 2313 3811 ἠ
2340 3741 2631 3814 Τρίτευχος
2660 3745 2761 3815 τὴν
2785 3745 3154 3816 κληροδοσίαν,
3185 3749 3277 3802 καὶ
3300 3750 3410 3804 τῶν
3433 3769 3565 3824 κρι-

1977 3829 2086 3882 τῶν
2115 3823 2214 3895 τᾶς
2245 3831 2493 3904 πράξεις,
2516 3836 2610 3888 καὶ
2642 3836 2987 3905 γενεαλογίαν
3011 3839 3104 3892 τοῦ
3134 3840 3328 3894 Δαϐίδ’
3358 3844 3416 3896 al

1978 3922 2170 3977 σιλεῖαι
2197 3925 2289 3977 καὶ
2321 3928 2794 3999 Παραλειπόμεναι
2827 3929 3089 4000 βασιλέων
3117 3933 3343 4004 πράξεις
3361 3952 3375 3965 ·
3403 3936 3501 3990 καὶ
3524 3938 3559 3991 ὀ

1979 4017 2075 4086 μὲν
2111 4018 2344 4091 Ἔσδρας
2363 4020 2622 4075 ἀπόλυσιν
2642 4022 2743 4105 τῇς
2767 4023 3140 4094 αἰχμαλωσίας
3170 4027 3265 4079 καὶ
3292 4028 3558 4083 ἐπάνοδον

299 4117 688 4187 structionem;
741 4118 1024 4191 Propheta:
1053 4161 1068 4187 ,
1119 4122 1431 4192 prophetias
1486 4122 1555 4179 de
1633 4125 1865 4180 adventu

2003 4107 2066 4161 οὔ
2084 4108 2237 4177 λαοῦ,
2268 4112 2361 4163 καὶ
2386 4112 2671 4184 οἰκοδομὴν
2700 4113 2795 4167 τοῦ
2824 4110 2952 4167 ναοῦ
2985 4117 3080 4169 καὶ¹
3109 4117 3207 4188 τῆς
3234 4118 3475 4181 πόλεως·
3500 4121 3554 4174 οἱ

298 4209 629 4280 Salvatoris,
680 4211 747 4267 de
793 4214 1075 4284 prmceptis
1122 4215 1406 4270 servandis
1449 4216 1679 4282 manita,
1728 4232 1869 4287 pra:-

292 4303 649 4359 varicantium
675 4305 1146 4374 reprehensiones,
1165 4306 1474 4377 prophetias
1510 4306 1578 4370 de
1594 4309 1863 4378 gentibus.

1971 4201 2027 4254 δὲ
2050 4203 2328 4273 Προφῆται
2350 4204 2685 4275 προφητείας
2716 4206 2841 4277 περὶ
2871 4207 2971 4278 τῆς
2995 4209 3286 4280 ἐπιδημίας
3312 4209 3407 4264 τοῦ
3433 4212 3557 4265 Σω-

1968 4293 2154 4366 τῆρος,
2180 4295 2512 4368 ὑπομνήσεις
2531 4314 2591 4350 τε
2623 4299 2754 4369 περὶ
2780 4298 2888 4353 τῶν
2914 4300 3165 4366 ἐντολῶν,
3187 4304 3281 4356 καλ⁸
3308 4304 3553 4389 μέμψεις

291 4398 361 4452 At
399 4398 535 4453 liber
575 4396 939 4465 Psalmorum,
987 4401 1232 4455 omnium
1277 4399 1615 4471 reliquorum
1653 4400 1865 4457 fructus

2006 4387 2108 4440 ατὰ
2133 4387 2239 4441 τῶν
2268 4389 2727 4461 παραϐαινόντων,
2770 4393 2864 4447 καὶ
2897 4394 3230 4466 προφητείας
3254 4399 3365 4460 τοῖς
3396 4387 3553 4451 ἔθνε-

290 4490 449 4558 quasi
488 4491 681 4548 insitos
708 4493 764 4546 in
792 4508 851 4548 se
882 4493 1191 4561 continens,
1227 4502 1421 4549 cantus
1463 4494 1594 4559 edit,
1644 4506 1699 4549 et
1738 4511 1870 4566 pro-

2006 4496 2070 4532 ιν.
2088 4480 2153 4531 Ἡ
2198 4479 2256 4532 δέ
2303 4496 2365 4548 γε
2406 4479 2587 4551 βίϐλος
2626 4480 2735 4535 τῶν
2776 4482 3045 4554 Ψαλμῶν,
3091 4484 3167 4547 ὡς
3218 4484 3552 4555 παράδεισος

287 4584 439 4651 prius
468 4583 689 4656 insuper
729 4601 855 4641 cum
897 4587 1031 4657 ipsis
1066 4588 1205 4644 inter
1236 4588 1578 4658 psallendum
1618 4589 1858 4646 exhibet.

357 4773 412 4827 3.
443 4771 579 4827 Nam
601 4790 723 4844 qua:
743 4774 980 4830 Genesin
1016 4784 1263 4845 spectant
1287 4777 1470 4845 psallit
1521 4778 1732 4847 psalmo
1763 4779 1861 4833 de-

283 4872 428 4926 cimo
459 4880 691 4927 octavo:
733 4869 863 4926 Ca'li
908 4882 1160 4926 enarrant
1203 4875 1429 4944 gloriam
1454 4872 1571 4941 Dei,
1615 4882 1665 4927 et
1698 4890 1859 4942 opera

284 4978 536 5024 manuum
579 4962 693 5032 ejus
736 4964 1017 5016 annuntiat
1061 4962 1490 5031 ﬁrmamentum;
1532 4972 1585 5018 et
1647 4963 1857 5029 psalmo

282 5056 541 5110 vicesimo
559 5056 716 5110 tertio
746 5074 760 5111 :
789 5055 1000 5109 Domini
1027 5064 1104 5108 est
1137 5066 1298 5121 terra,
1330 5064 1381 5109 et
1408 5055 1678 5125 plenitudo
1698 5056 1810 5124 ejus
1835 5072 1854 5109 :

279 5146 425 5200 orbis
462 5156 751 5213 terrarum,
791 5155 840 5200 et
878 5147 1107 5200 universi
1141 5147 1231 5216 qui
1267 5115 1505 5200 habitant
1533 5147 1587 5199 in
1619 5163 1697 5199 eo.
1719 5115 1854 5215 ⁷Ιρειε
1951 5134 2118 5219 Ρωμίξ
2140 5115 2405 5219 αὐῖἦίίνή
2426 5115 2743 5219 οξκίξυμένῖἶ
2766 5115 3051 5219 ’ξαὶΑπάντξ

1957 5226 2055 5274 τες
2083 5210 2152 5263 ἐν
2180 5209 2365 5277 αὐτῇ·
2412 5209 2594 5274 αὐτὸς
2633 5210 2733 5263 ἐπὶ
2769 5210 3099 5265 audacem»
3138 5209 3551 5277 ὲθεμελίωσεν

1956 5301 2166 5368 αὐτήν.
2200 5302 2280 5354 Τὰ
2308 5301 2365 5354 δὲ
2395 5302 2493 5373 τῆς
2520 5302 2729 5369 Ἐξόδου
2763 5304 2854 5356 καὶ
2881 5302 2989 5356 τῶν
3018 5300 3291 5373 Ἀριθμῶν
3318 5302 3413 5354 καὶ
3441 5302 3546 5355 τοῦ

1956 5393 2372 5465 Δευτερονομίου
2399 5393 2514 5464 ᾄδει
2539 5394 2717 5458 καλῶς
2744 5395 2801 5447 ὲν
2821 5393 2899 5463 τῷ
2918 5391 3301 5464 ἑϐδομηκοστῷ
3322 5392 3548 5463 ὲϐδόμεῳ

1961 5487 2177 5558 ψαλμῷ,
2211 5487 2305 5540 καὶ
2345 5489 2403 5541 ὲν
2431 5486 2510 5558 τῷ
2543 5487 2817 5559 ἑκατοστῷ
2847 5486 3276 5558 τρισκαιδεκάτῳ
3308 5484 3543 5557 ψαλμῷ,

1955 5579 2161 5648 λέγων·
2208 5580 2303 5633 Ἑν
2346 5579 2535 5647 ἐξόδῳ
2576 5580 2810 5649 Ἰσραὴλ
2857 5580 2926 5645 ἐξ
2976 5580 3274 5650 Αἰγύπτου
3303 5618 3319 5643 ,
3361 5578 3546 5633 οἶκον

281 5256 439 5310 super
472 5242 646 5294 maria
689 5240 931 5310 fundavit
968 5256 1104 5294 eam.
1146 5238 1280 5306 Quae
1307 5255 1435 5294 vero
1464 5240 1531 5294 ad
1582 5238 1850 5301 Exodnm,

283 5332 571 5397 Numeros,
611 5332 1092 5388 Deuteronomium
1133 5332 1427 5401 pertinent,
1461 5329 1684 5399 pulchre
1707 5329 1854 5382 cauit

284 5429 341 5481 in
375 5426 771 5496 septuagesimo
801 5425 1050 5493 septimo,
1099 5425 1399 5478 centesimo
1427 5423 1639 5478 decimo
1672 5422 1848 5483 tertio,

284 5522 370 5576 his
410 5519 589 5573 verbis
618 5537 630 5571 :
654 5516 879 5572 lnexitu
909 5517 1079 5571 Israel
1103 5517 1167 5570 de
1189 5515 1443 5587 /Egypto,
1470 5515 1655 5569 domus
1680 5514 1844 5568 Iacob

274 5615 339 5669 de
354 5611 545 5681 populo
569 5612 812 5678 barbaro,
842 5612 985 5679 facta
1013 5622 1090 5666 est
1109 5611 1302 5666 Judwa
1324 5611 1676 5681 sanctiﬁcmio
1702 5609 1839 5678 ejus,

346 5746 423 5814 (Ι)
463 5746 582 5800 Τῶν
617 5747 832 5802 πάντων
858 5748 944 5806 ed.

1964 4570 2033 4625 τά
2061 4572 2138 4642 (l)
2174 4572 2231 4625 ὲν
2257 4573 2395 4644 αὐτῇ
2450 4572 2689 4644 φέρουσα
2719 4574 2964 4645 μελῳδεῖ,
2998 4574 3090 4628 καὶ
3116 4573 3185 4627 τὰ
3219 4572 3324 4628 ἴδια
3346 4574 3405 4628 δὲ
3436 4576 3551 4630 πά-

1964 4661 2045 4715 λιν
2075 4663 2191 4733 μετ’
2219 4662 2397 4715 αὐτῶν
2427 4661 2705 4732 ψάλλουσα
2735 4663 2993 4716 δείκνυσι.

2035 4758 2103 4819 γ’.
2145 4752 2225 4806 Τά
2258 4753 2355 4822 μὲν
2385 4752 2491 4823 γὰρ
2521 4752 2620 4820 τῆς
2650 4751 2916 4815 Γενέσεως
2944 4750 3132 4820 ψάλλει
3167 4752 3223 4805 ἐν
3253 4751 3332 4823 τῷ
3363 4751 3550 4807 ὀκτω-

1963 4841 2293 4911 καιδεκάτῳ·
2352 4844 2416 4893 ΟΖ
2458 4840 2698 4907 οὐρανοὶ
2748 4839 3092 4909 διηγοῦνται
3136 4836 3324 4903 δόξαν
3366 4844 3547 4906 Θεοῦ,

1961 4932 2211 5000 ποίησιν
2236 4931 2305 4984 δὲ
2335 4930 2550 5001 χειρῶν
2584 4932 2770 4986 αὑτοῦ
2795 4931 3148 5001 ἀναγγέλλει
3181 4932 3248 4985 τὸ
3286 4933 3548 5002 στερέω-

1954 5040 2068 5094 μα·
2103 5023 2194 5076 καὶ
2222 5024 2280 5076 ὲν
2311 5022 2387 5093 τῷ
2415 5029 2500 5092 κγ’
2520 5040 2533 5053 ·
2576 5022 2687 5076 Τοῦ
2713 5024 2935 5090 Κιιρίου
2968 5025 3005 5093 ἡ
3041 5022 3117 5093 τῆ
3142 5024 3239 5077 καὶ
3273 5023 3339 5076 τὸ
3382 5025 3551 5091 πλή-

2426 5115 2743 5186 οίκουμένη
2766 5116 2863 5169 καὶ
2880 5115 3103 5182 πάντες
3117 5118 3170 5170 οἱ
3184 5117 3548 5171 κατοικοῦνι-
