3820 6402
166 325 214 378 5
1410 335 1738 391 εριδτοιΑ
1775 333 1867 388 an
1905 328 2434 388 maceumuu.
3461 310 3529 375 ti

176 444 327 501 τακὼσ
341 448 422 503 ἐκ
458 451 1117 526 mancipem,
1147 457 1386 528 ἐγενήθη
1414 456 1661 513 Ἰουδαία
1687 455 1852 526 ἀτίσ-

1966 451 2134 507 lsrael
2171 459 2403 521 potestas
2447 449 2582 519 ejus.
2633 447 2710 503 Ea
2744 448 2865 518 ipsa
2908 444 3090 517 psallit
3123 442 3176 498 in
3232 439 3531 498 centesimo

173 554 264 607 σμα
290 541 518 609 αὐτοῦ,
536 544 874 616 Ἰσραὴλ
903 553 1017 616 εις
1040 550 1321 615 ἐξουσίαν
1337 549 1538 603 αὐτοῦ.
1566 546 1772 602 Ψάλλει
1794 546 1852 600 δὲ

1966 551 2146 616 ιιισῐῑο
2180 561 2195 596 ἱ
2232 541 2383 597 Misit
2435 540 2650 611 Moysen
2683 552 2890 593 servum
2933 552 3114 599 suum,
3139 535 3340 597 Aaron,
3376 546 3529 602 quem

178 632 247 685 ut
289 632 472 688 ταῦτα.
504 637 580 690 ὲν
621 639 729 710 τῷ
772 641 1119 713 ἑκατοστῷ
1144 642 1395 713 τετάρτῳ·
1437 638 1855 705 Ἐξαπέστειλε

1966 636 2102 707 rlegit
2148 636 2323 704 ipsum
2353 649 2372 687 :
2401 634 2576 703 posuit
2600 633 2658 685 in
2686 631 2761 685 eis
2807 628 2965 685 uerba
2990 629 3263 699 signorum
3292 639 3531 682 suorum,

190 720 413 792 Ιυῡσῆν
433 727 574 781 τὸν
601 728 912 786 δοῦλον
936 730 1161 793 αὑτοῦ,
1179 730 1401 800 Ἀαρὼν,
1432 729 1504 784 ὃν
1533 728 1853 794 ἐξελέξατο

1966 734 1998 782 εί
2039 728 2408 798 prodigiorum
2461 727 2518 779 in
2567 732 2709 778 terra
2750 722 2938 778 Cham.
2991 719 3144 774 Misit
3193 715 3432 771 tenebras
3482 722 3533 766 et

194 816 338 868 αὐτόν
354 833 369 846 ο
393 815 597 873 ἔθετο
632 819 726 873 ἐν
774 823 1041 889 αὐτοῖς
1060 821 1202 886 τοὺς
1218 822 1431 891 λόγους
1455 836 1574 874 των
1592 819 1856 889 σημείων

1966 819 2267 884 )bscuravit,
2314 827 2366 871 et
2410 816 2855 870 exacerbarerunt
2897 827 3158 866 sermones
3206 824 3349 862 suos.
3390 803 3533 861 Con-

199 905 346 961 αὐτσῦ
365 908 471 963 καὶ
497 909 650 966 τῶν
675 912 1015 981 τεράτων
1040 913 1224 969 αὐτοῦ
1245 913 1314 967 ἐν
1338 911 1414 983 τῇ
1458 911 1606 981 Χάμ.
1638 910 1850 976 Ἑξαπ⁶

1966 911 2109 967 uertit
2141 925 2309 980 aquas
2347 923 2528 961 eorum
2558 907 2616 961 in
2636 905 2961 976 .sanguinem
2994 919 3014 958 :
3048 913 3099 957 et
3137 900 3331 955 occidit
3367 897 3532 968 piscis

194 1000 401 1055 tersae
422 1004 722 1070 σκότος,
772 1006 906 1061 καί
936 1007 1263 1071 ἐσκότασε,
1287 1004 1381 1059 καί
1406 1003 1853 1073 παρεπίκραναν

1966 1018 2155 1057 eorum.
2205 999 2392 1054 Edidit
2440 1009 2582 1052 terra
2636 1013 2816 1052 eorum
2863 1012 3023 1050 ranas
3067 995 3123 1049 in
3179 987 3532 1062 penetralibus

207 1092 319 1157 τοὺς
338 1093 582 1163 λόγους
620 1096 890 1151 αὐτοῦ.
935 1095 1321 1165 Μετέστρεψε
1347 1096 1419 1149 τὰ
1448 1094 1637 1149 ὕδατα
1657 1093 1854 1148 αὐτῶν

1966 1109 2137 1164 regum
2158 1093 2413 1161 ipsorum.
2449 1089 2595 1143 Dixit
2624 1103 2642 1142 :
2668 1098 2717 1143 et
2742 1089 2875 1142 venit
2905 1085 3195 1155 cmnomyia
3222 1094 3273 1137 et
3301 1078 3534 1150 ciniphes

213 1188 280 1250 εις
297 1181 455 1256 αἷμα.
474 1187 592 1241 καὶ
629 1188 1018 1243 ἀπέκτεινε
1036 1188 1180 1253 τοὺς
1201 1188 1403 1257 ἰχθύας
1421 1186 1636 1241 αὐτῶνο
1655 1184 1854 1254 Ἐξῆρ-

1966 1186 2016 1239 in
2054 1183 2292 1237 omnibus
2328 1180 2524 1251 ﬁnibus
2550 1194 2754 1233 eorum.
2788 1176 2965 1247 Atque
2997 1175 3267 1244 integrum
3307 1169 3534 1225 omnino

218 1283 312 1346 *ἕΐν
338 1279 376 1344 ἢ
412 1277 493 1347 τῆ
536 1279 784 1333 αὐτῶν
811 1280 1193 1349 βατράχους
1220 1280 1288 1333 ἐν
1318 1278 1439 1343 τοῖς
1457 1277 1717 1347 ταμείοις
1737 1275 1857 1330 τῶν

1966 1275 2232 1347 psalmum
2262 1275 2452 1338 istum,
2492 1281 2547 1326 et
2576 1269 2935 1327 centesimum
2973 1267 3222 1338 quintum
3245 1262 3312 1318 de
3339 1260 3532 1317 iisdem

219 1369 504 1433 βασιλέων
550 1369 817 1425 αὐτῶν.
859 1368 1033 1426 Eine
1050 1411 1066 1435 ,
1097 1371 1193 1424 καί
1239 1367 1382 1441 ἦλθε
1421 1371 1715 1437 κυνόμυια
1755 1365 1855 1421 καί

1966 1366 2128 1421 rebus
2159 1363 2530 1433 conscriptum
2560 1375 2683 1417 esse
2701 1357 3098 1429 deprehendere
3124 1362 3228 1411 est.
3251 1352 3383 1419 Quae
3401 1364 3533 1406 vero

226 1462 452 1532 σκνῖεςες
475 1463 553 1515 ἐν
574 1462 759 1517 πᾶσι
796 1464 950 1529 τοῖς
979 1465 1168 1534 ὁρίοις
1197 1440 1406 1517 αὗτῶν.
1439 1461 1549 1516 Καὶ
1578 1460 1716 1524 ὅλως
1734 1460 1854 1513 ὅλον

1966 1453 2323 1510 sacerdotium
2377 1449 2897 1516 tabernaculumque
2945 1451 3222 1516 spectant,
3267 1440 3431 1497 refert
3477 1441 3533 1492 in

230 1571 276 1606 τε
410 1554 648 1627 ψαλμὸν
702 1556 931 1611 τοῦτόν
964 1531 1032 1609 τὲ
1077 1556 1172 1609 καὶ
1219 1554 1405 1608 ἑκατὸν
1451 1552 1697 1624 πέμπτον
1728 1550 1858 1623 περὶ

1969 1546 2119 1602 exitu
2167 1542 2525 1604 tabernaculi,
2560 1540 2819 1595 vicesimo
2849 1546 3041 1593 octavo
3060 1535 3269 1606 psalmo
3299 1550 3314 1586 :
3339 1531 3535 1600 Aﬂ’erte

230 1645 320 1697 τῶν
359 1622 548 1699 αὐτῶν
599 1647 776 1701 ἐστιν
829 1649 1033 1718 εὑρεῖν
1068 1645 1467 1717 γεγραμμένον.
1494 1622 1605 1697 Καὶ
1648 1642 1720 1696 τὰ
1762 1622 1861 1714 μὲν

1973 1638 2225 1701 Domino,
2273 1634 2377 1705 ﬁlii
2421 1634 2554 1698 Dei,
2592 1632 2779 1702 afferte
2823 1629 3049 1683 Domino
3095 1624 3236 1697 ﬁlios
3278 1622 3533 1685 arietum,

234 1735 482 1806 ἱερατεὶας
512 1738 621 1792 καὶ
652 1738 775 1807 τῆς
810 1738 1040 1808 σκηνῆς
1056 1737 1328 1805 ἀντιφωνεῖ
1350 1736 1409 1788 ὲν
1446 1733 1634 1804 ὲξοδίῳ
1660 1732 1864 1804 σκηνῆς

1972 1730 2156 1800 afferte
2187 1727 2414 1782 Domino
2452 1725 2677 1797 gloriam
2706 1733 2757 1779 et
2797 1722 3064 1776 honorem.

238 1801 287 1878 ἐν
310 1828 383 1900 τῷ
424 1836 512 1901 κη’
539 1801 772 1901 ψαλμῷ
790 1845 809 1861 ·
853 1801 1187 1899 ’ἐνέγκατε
1206 1825 1286 1893 τῷ
1304 1826 1518 1895 Κυρίῳ,
1544 1801 1662 1879 υιὸι
1685 1801 1856 1891 Θεοῧ,
1894 1821 2175 1892 ἐνέγκατε
2202 1818 2281 1884 τῷ
2301 1817 2493 1887 Κυρίῳ
2515 1815 2685 1880 υίοὺς
2714 1812 2912 1884 κριῶν,
2934 1810 3212 1881 ἐνέγκατε
3231 1804 3312 1874 τῷ
3340 1801 3537 1873 Κυριῷ

230 1918 405 1982 ’δόξαν
426 1920 528 1973 καὶ
559 1921 795 1988 τιμήν.
1239 1968 1265 1985 ,
2867 1967 2870 1970 .

293 2013 352 2065 ἃ.
370 2013 450 2066 Τὰ
476 2012 538 2065 δὲ
559 1987 669 2065 τοῦ
706 2012 888 2084 Ναυῆ
920 2010 1027 2065 καὶ
1056 2010 1171 2064 τῶν
1196 2009 1410 2082 Κριτῶν
1440 2006 1693 2080 ἐμφαίνει
1729 2024 1848 2072 πως

2015 2003 2069 2059 4.
2098 2001 2353 2084 Resvero
2377 1998 2509 2055 Jesu
2556 1996 2705 2055 Nave
2739 2006 2797 2054 et
2830 1993 3082 2051 iudicum
3126 1990 3299 2065 tangit
3326 1987 3538 2084 psalmo

243 2108 294 2159 ὲν
328 2105 403 2176 τῷ
442 2103 749 2177 ἑκατοστῷ
790 2082 974 2176 ἕκτῳ,
1011 2103 1189 2174 λέγων
1207 2120 1222 2134 ⁸
1270 2102 1376 2157 Kal
1403 2101 1864 2170 συνεστήσαντο

1968 2082 2268 2152 centesimo
2317 2103 2501 2159 s‘exto,
2550 2091 2633 2147 sic
2676 2108 2690 2144 :
2740 2088 2810 2144 Et
2867 2088 3251 2145 constituerunt
3299 2082 3536 2139 ciuitates

243 2200 435 2264 πόλεις
488 2198 943 2264 κατοικεσίας,
998 2197 1103 2252 καί
1147 2199 1431 2267 ἔσπειραν
1478 2198 1719 2269 ἀγροὺς.
1770 2198 1864 2252 καί

1966 2184 2333 2252 habitationis,
2370 2193 2422 2240 et
2453 2184 2840 2240 seminaverunt
2870 2196 3047 2253 agros,
3086 2186 3139 2234 et
3163 2176 3536 2249 plantaverunt

245 2291 583 2359 ἐφύτευσαν
614 2288 1036 2360 ἀμπελῶνας.
1054 2290 1178 2343 Ἐπὶ
1206 2290 1310 2362 γὰρ
1336 2289 1426 2344 τοῦ
1455 2290 1613 2361 Ναυῆ
1635 2289 1860 2345 διαδέδο-

1969 2280 2169 2335 vineas.
2203 2276 2340 2332 Nam
2385 2275 2490 2331 sub
2528 2274 2659 2332 Jesu
2705 2274 2852 2330 Nave
2881 2273 3077 2329 tradita
3108 2271 3218 2327 illis
3248 2269 3353 2326 fuit
3395 2278 3538 2325 terra

248 2400 329 2435 ται
359 2383 539 2447 αὐτοῖς
558 2384 599 2455 ἡ
738 2383 848 2455 τῆς
881 2382 1247 2453 ἐπαγγελίας.
1276 2359 1464 2452 Λέγων
1489 2382 1548 2436 δὲ
1575 2359 1633 2436 ὲν
1658 2383 1738 2455 τῷ
1766 2383 1864 2437 αὐ-

1966 2368 2368 2439 promissionis.
2417 2366 2556 2423 Cum
2597 2375 2778 2421 autem
2822 2365 2878 2419 in
2920 2378 2987 2420 eo
3026 2364 3146 2434 ipso
3184 2362 3395 2434 psalmo
3424 2359 3539 2417 fre-

246 2475 319 2545 τῷ
358 2474 558 2547 ψαλμῷ
585 2453 871 2546 συνεχῶς
890 2485 908 2507 ⁸
938 2473 1057 2530 Καὶ
1094 2473 1421 2543 ἐκέκραξαν
1463 2474 1625 2547 πρὸς.
1649 2453 1864 2542 Κόριον

1966 2470 2193 2533 quenter
2220 2460 2369 2516 dicat
2407 2477 2421 2514 :
2471 2457 2539 2512 Et
2583 2456 2942 2513 clamauerunt
2973 2455 3043 2509 ad
3084 2453 3372 2509 Dominum
3417 2467 3539 2507 cum

252 2543 314 2620 ἐν
332 2543 409 2633 τῷ
426 2543 762 2623 θλίϐεσθαι
775 2543 1054 2632 αὐτοὺς,
1095 2565 1195 2621 καὶ
1220 2565 1289 2619 ἐκ
1315 2562 1434 2618 τῶν
1456 2543 1733 2635 ἀναγκῶν
1756 2564 1864 2618 αὐ-

1966 2552 2369 2619 tribularentur,
2392 2561 2442 2606 et
2465 2550 2531 2605 de
2558 2549 2953 2605 necessitatibus
2967 2562 3148 2601 eorum
3162 2545 3401 2601 liberavit
3417 2558 3537 2600 eos:

254 2659 367 2712 τῶν
391 2660 639 2714 ἔσωσεν
670 2659 914 2723 αὐτούς
932 2675 949 2688 ·
989 2656 1245 2728 σημαίνει
1273 2655 1381 2709 τῶν
1416 2656 1635 2726 Κριτῶν
1657 2655 1757 2729 τὴν
1786 2655 1864 2726 βί-

1966 2644 2164 2700 librum
2185 2640 2440 2698 Judicum
2483 2639 2707 2697 indicat.
2738 2638 2879 2694 Tum
2915 2636 3060 2694 enim
3090 2636 3225 2707 ipsis
3253 2634 3540 2691 clamanti-

260 2751 399 2805 ελονο
431 2753 558 2806 τότε
588 2751 714 2823 γὰρ
764 2747 1090 2822 κραζόντων
1129 2747 1307 2802 αὐτῶν
1352 2748 1543 2819 incipe
1592 2745 1735 2801 κατὰ
1773 2748 1866 2801 τὸν

260 2843 436 2911 καιρὸν
462 2842 700 2916 κριτὰς,
730 2842 833 2896 καὶ
856 2838 1035 2904 ἔσωζε
1059 2838 1149 2892 τὸν
1166 2837 1292 2892 λαὸν
1315 2839 1424 2893 ἀπὸ
1441 2836 1550 2892 τῶν
1578 2837 1865 2893 θλιϐόντων

262 2933 468 2998 αὺτούς.
502 2935 623 2987 Καὶ
652 2932 730 2989 τὰ
765 2930 880 2986 τῶν
910 2929 1214 2985 Βασιλειῶν
1235 2928 1427 3000 ψάλλει
1459 2945 1578 2993 πως
1603 2930 1664 2982 ὲν
1681 2928 1762 2999 τῷ
1781 2929 1868 2983 ὲν-

262 3024 692 3095 νεακαιδεκάτῳ,
712 3022 900 3090 λέγων
917 3038 932 3052 ’
962 3016 1145 3077 Οὗτοι
1168 3020 1238 3075 ἐν
1255 3018 1589 3091 ἆρμασικαί
1613 3013 1777 3076 οὗτοι
1795 3019 1867 3074 έν

261 3116 478 3183 ἵπποις,
510 3115 698 3186 ἡμεῖς
749 3114 821 3167 δὲ
868 3113 942 3167 ἐν
992 3113 1239 3183 ὀνόματι
1267 3112 1489 3180 Κυρίου
1519 3110 1668 3167 Θεοῦ
1696 3110 1866 3181 ἡμῶν

253 3208 871 3277 μετηλυνθησόμεθα.
918 3204 1107 3259 Αὐτοὶ
1165 3203 1702 3273 συνεποδίσθησαν
1761 3203 1863 3258 καὶ

257 3300 507 3368 ἔπεσαν,
550 3299 739 3370 ἡμεῖς
787 3298 858 3352 δὲ
896 3296 1241 3368 ἀνέστημεν
1274 3297 1375 3352 καὶ
1415 3297 1859 3366 ἀνσψθώθημεν.

1964 2736 2090 2800 bus,
2144 2734 2314 2791 variis
2365 2733 2704 2806 temporibus
2745 2731 2960 2802 iudices
2989 2727 3290 2794 excitabat,
3340 2727 3541 2782 libera-

1962 2826 2164 2896 batque
2205 2824 2467 2897 populum
2507 2825 2578 2880 ab
2608 2824 2676 2880 iis
2708 2823 2803 2894 qui
2851 2823 3027 2893 ipsum
3084 2819 3399 2891 aﬂligerent.
3432 2817 3539 2879 Re-

1967 2932 2199 2989 gnorum
2253 2931 2470 2989 quoque
2525 2915 2784 2972 historias
2836 2913 3240 2985 quodammodo
3292 2912 3442 2967 canit
3482 2911 3539 2966 in

1968 3008 2180 3064 decimo
2204 3022 2350 3063 nono
2381 3008 2569 3063 dicens
2600 3025 2615 3060 :
2649 3004 2724 3059 Hi
2758 3005 2814 3059 in
2842 3003 3106 3070 curribus,
3135 3011 3187 3057 et
3209 3002 3265 3057 hi
3292 3003 3347 3057 in
3370 3003 3537 3073 equis,

1965 3116 2061 3155 nos
2089 3108 2267 3154 autem
2304 3101 2363 3154 in
2395 3100 2603 3153 nomine
2647 3097 2860 3151 Domini
2891 3095 2991 3151 Dei
3039 3095 3209 3150 nostri
3233 3095 3542 3166 magniﬁca-

1965 3192 2158 3249 bimur.
2200 3190 2315 3262 Ipsi
2340 3191 2581 3261 impediti
2611 3199 2753 3254 sunt,
2787 3197 2840 3244 et
2869 3187 3204 3253 ceciderunt;
3239 3203 3331 3240 nos
3365 3195 3537 3241 autem

1963 3285 2310 3350 surreximus,
2359 3290 2412 3336 et
2469 3282 2629 3336 erecti
2685 3297 2889 3336 sumus.
2940 3279 3180 3346 Domine,
3207 3278 3410 3334 saluum
3452 3280 3540 3349 [ac

256 3393 455 3461 Κύριε,
476 3391 703 3449 σῶσον
728 3389 842 3444 τὸν
867 3384 1155 3455 βασιλέα,
1189 3390 1287 3445 καὶ
1314 3388 1660 3444 ἐπάκουσον
1690 3386 1861 3461 ἡμῶν

1966 3391 2150 3446 regem,
2186 3383 2237 3430 et
2277 3374 2474 3430 exaudi
2507 3390 2601 3428 nos
2631 3373 2689 3427 in
2736 3372 2822 3427 die
2865 3388 2971 3443 qua
3019 3372 3427 3426 inuocauerimus
3468 3378 3538 3424 te.

256 3484 329 3536 ἐν
350 3479 391 3555 ᾖ
411 3483 487 3537 ἂν
505 3482 709 3552 ἡμέρᾳ
731 3478 1231 3550 ἐπικαλεσώμεθά
1255 3493 1349 3535 σε.
1364 3478 1448 3533 Τὰ
1470 3478 1528 3532 δὲ
1546 3476 1642 3532 τοῦ
1658 3478 1863 3551 Ἔσδρα

258 3574 319 3626 ἐν
351 3574 425 3645 τῷ
456 3572 901 3643 ἑκατονεικοστῷ
932 3571 1173 3642 πέμπτῳ
1215 3570 1325 3624 τῶν
1364 3568 1693 3640 ἀναϐαθμῶν
1712 3568 1860 3641 ᾅδει·

268 3666 371 3716 ἐν
390 3667 469 3733 τῷ
485 3664 865 3733 ἐπιστρέψαι
880 3665 1108 3732 Κύριον
1127 3662 1240 3731 τὴν
1261 3661 1675 3733 αίχμαλωσίαν
1687 3659 1861 3724 Σιὼν,

257 3754 635 3826 ἐγενήθημεν
655 3744 809 3811 ὧσεὶ
828 3755 1349 3824 παρακεκλημένοι
1363 3772 1378 3786 ·
1404 3754 1498 3809 καὶ
1526 3753 1688 3807 πάλιν
1710 3755 1769 3807 ὲν
1785 3751 1865 3824 τῷ

258 3847 695 3918 ἐκατονεικοστῷ
729 3846 936 3919 πρώτῳ
956 3863 971 3876 δ
1003 3845 1365 3914 Εὐφράνθην
1408 3844 1507 3898 ἐπὶ
1547 3843 1672 3910 τοῖς
1710 3844 1866 3911 είρη-

256 3937 401 3991 κόσι
428 3954 532 4006 μοι
548 3953 568 3970 ο
594 3939 711 4001 Είς
748 3931 921 3990 οἷκον
940 3936 1167 4003 Κυρίου
1198 3933 1638 4003 πορευσώμεθα.
1654 3931 1866 3987 Ἐστῶ-

255 4043 363 4093 τες
388 4024 554 4100 ἦσαν
590 4030 652 4083 οι
685 4027 875 4094 πόδες
919 4023 1089 4096 ἡμῶν
1123 4026 1193 4080 ὲν
1219 4027 1348 4093 ταῖς
1370 4024 1586 4091 αὐλαῖς
1618 4041 1756 4091 σου,
1772 4026 1866 4079 Ἱε-

250 4120 601 4189 ρσυσαλήμ.
620 4117 1023 4187 Ἰερουσαλὴμ
1066 4116 1532 4186 οἰκοδομουμένη
1555 4117 1636 4182 ὡς
1661 4118 1862 4182 πόλις,

257 4205 385 4280 ἧςή
393 4211 627 4282 μετοχὴ
650 4210 850 4279 αὐτῆς
875 4210 976 4264 ἐπὶ
995 4208 1063 4263 τὸ
1083 4210 1231 4263 αὑτό
1244 4225 1257 4239 ο
1280 4208 1410 4263 ἐκεῖ
1428 4208 1538 4279 γὰρ
1558 4206 1865 4274 ἀνέϐησαν

257 4303 321 4352 αι
345 4302 554 4369 φυλαί,
573 4304 640 4356 αἱ
657 4299 855 4371 φυλαὶ
871 4299 1122 4368 Κυρίου,
1145 4299 1469 4368 μαρτύριον
1498 4297 1578 4365 τῷ
1603 4296 1860 4367 Ἰσραήλ.

327 4401 385 4448 e'.
421 4396 504 4449 Τά
528 4411 595 4448 τε
624 4392 740 4447 τῶν
782 4390 1099 4463 Προφητῶν
1118 4391 1303 4461 σχεδὸν
1329 4391 1389 4443 ὲν
1421 4390 1636 4462 ἑκάστῳ
1665 4389 1864 4462 σημαί-

260 4501 363 4540 νει.
394 4486 533 4558 Περὶ
559 4486 668 4555 τῆς
696 4482 798 4537 τοῦ
829 4482 1091 4552 Σωτῆρος
1139 4482 1453 4553 ἐπιδημίας,
1495 4482 1587 4535 καὶ
1631 4483 1717 4535 ὅτι
1765 4483 1864 4553 μὲν

256 4576 386 4641 Θεὸς
424 4578 500 4633 ὢν
542 4577 918 4649 ὲπιδημήσει,
948 4574 1124 4638 οὕτως
1170 4575 1335 4645 φησὶν
1363 4576 1421 4628 ἐν
1448 4575 1548 4646 μὲν
1571 4575 1649 4646 τῷ
1667 4592 1865 4630 τεσσα-

258 4670 499 4741 ρακοστῷ
538 4670 762 4739 ὲννάτῳ
802 4664 1012 4737 ψαλμῷ
1032 4682 1046 4696 ·
1088 4666 1143 4718 Ὁ
1173 4665 1386 4735 Κύριος
1404 4665 1682 4735 ἐμφανῶς
1706 4666 1860 4733 ἥξει,

144 4826 148 4834 ι
321 4735 696 4831 θεὸς-ήμῶν,
879 4735 956 4810 οὗ
1001 4754 1553 4824 παρασιωπήσεται·
1593 4757 1651 4808 ὲν
1682 4755 1740 4808 δὲ
1782 4755 1862 4826 τῷ
1893 4735 1938 4791 Ῑ)

1965 3464 2097 3532 Quae
2133 3479 2299 3536 porro
2326 3463 2555 3520 Esdram
2600 3470 2848 3533 spectant
2869 3462 2925 3516 in
2952 3461 3249 3517 centesimo
3279 3459 3540 3515 vicesimo

1964 3556 2154 3629 quinto
2174 3557 2447 3629 graduum
2472 3556 2725 3625 decantat
2758 3572 2774 3609 :
2811 3552 2882 3608 In
2909 3548 3251 3610 convertenda
3281 3552 3539 3607 Dominus

1964 3648 2323 3719 captivitatem
2352 3646 2503 3714 Sion,
2555 3647 2687 3717 [acti
2739 3662 2922 3701 sumus
2966 3646 3106 3700 sicut
3157 3644 3439 3699 consolati.
3473 3643 3542 3698 Et

1964 3755 2183 3794 rursum
2212 3739 2268 3793 in
2293 3738 2591 3795 centesimo
2612 3737 2871 3792 vicesimo
2902 3737 3079 3808 primo
3109 3755 3125 3792 :
3156 3736 3392 3793 Leetatus
3419 3751 3539 3790 sum

1963 3831 2021 3884 in
2051 3830 2152 3897 his,
2180 3846 2297 3897 qua
2322 3829 2466 3883 dicta
2494 3837 2621 3883 sunt
2649 3828 2778 3882 mihi
2806 3842 2827 3882 :
2864 3827 2934 3883 In
2959 3828 3175 3883 domum
3198 3828 3413 3885 Domini
3437 3827 3539 3885 ibi-

1965 3937 2102 3975 mus.
2138 3918 2348 3976 Stanees
2371 3928 2522 3975 erant
2556 3920 2710 3989 pedes
2735 3920 2902 3972 nostri
2942 3918 3000 3972 in
3032 3919 3187 3974 atriis
3226 3920 3354 3985 tuis,
3379 3918 3539 3976 Jeru-

1966 4010 2150 4065 salem.
2186 4009 2484 4066 Jerusalem
2505 4048 2521 4075 ,
2560 4024 2678 4080 quis
2710 4009 3009 4079 mdiﬁcatur
3042 4017 3101 4065 ut
3144 4011 3349 4076 civitas,
3385 4011 3539 4081 cujus

1963 4101 2307 4171 participatio
2344 4102 2458 4171 ejus
2488 4102 2542 4154 in
2572 4100 2823 4170 idipsum.
2853 4096 2993 4155 Illuc
3030 4103 3169 4157 enim
3195 4105 3538 4159 ascenderunt

1967 4192 2168 4257 tribus,
2205 4192 2372 4247 tribus
2402 4192 2635 4259 Domini,
2676 4193 3031 4248 testimonium
3064 4193 3259 4251 Israel.

2031 4387 2083 4441 5.
2106 4386 2238 4454 Quae
2267 4395 2448 4443 autem
2481 4386 2876 4458 Prophetarum
2903 4397 3051 4456 sunt,
3074 4390 3127 4443 in
3151 4389 3379 4461 singulis
3401 4405 3541 4461 pene

1964 4479 2188 4549 psalmis
2221 4480 2511 4548 signiﬁcat.
2540 4478 2616 4534 De
2646 4480 2878 4536 adventu
2934 4479 3254 4547 Salvatoris,
3300 4490 3356 4537 et
3388 4482 3536 4553 quod

1965 4569 2111 4625 Deus
2144 4586 2270 4625 eum
2308 4572 2401 4637 sit,
2452 4582 2713 4629 venturus
2757 4575 2849 4640 sit,
2887 4574 2963 4631 ita
2989 4576 3044 4630 in
3071 4577 3283 4648 psalmo
3314 4577 3534 4649 quidem

1964 4661 2384 4731 quadragesimo
2416 4677 2562 4718 nono
2600 4664 2703 4718 ait:
2730 4664 2872 4720 Deus
2893 4668 3169 4738 manifeste
3185 4670 3370 4733 veniet,
3395 4669 3536 4724 Deus

1963 4760 2159 4814 noster,
2186 4748 2362 4804 etnon
2386 4752 2603 4818 silebit;
2630 4754 2684 4809 in
2710 4757 3008 4813 centesimo
3029 4759 3243 4814 decimo
3270 4761 3534 4830 septimo:

258 4844 521 4921 ἑκατοστῷ
544 4845 1026 4915 ἑπτακαιδεκάτῳ
1044 4861 1057 4874 ·
1083 4845 1504 4914 Εὐλογημένος
1544 4849 1577 4899 ό
1619 4846 1860 4915 ἐρχόμε-

1966 4843 2296 4910 Benedictus,
2313 4846 2403 4915 qui
2424 4848 2559 4901 venit
2584 4847 2637 4901 in
2667 4850 2873 4903 nomine
2901 4849 3136 4905 Domini.
3162 4849 3535 4908 Benedizimus

256 4953 360 5005 νος
383 4941 448 4995 ἐν
472 4942 737 5012 ὀνόματι
760 4937 1019 5005 Κυρίου.
1041 4936 1472 5007 Εὐλογήκαμεν
1488 4936 1646 5007 ὑμᾶς
1683 4936 1751 5002 ἐξ
1775 4936 1860 4990 οῖ.

1966 4931 2105 4986 vobis
2144 4929 2208 4985 de
2239 4930 2394 4986 domo
2429 4932 2674 5001 Domini;
2697 4935 2838 4991 Deus
2869 4937 3124 4993 Dominus
3158 4950 3210 4994 et
3238 4941 3417 4998 illuxit
3442 4958 3534 4996 no-

258 5045 361 5083 κου
393 5035 620 5103 Κυρίου
639 5049 656 5063 ⁸
721 5028 879 5094 Θεὸς
927 5027 1163 5094 Κύριος,
1211 5028 1312 5082 καὶ
1360 5027 1660 5098 ἐπέφανεν
1691 5027 1855 5097 ἡμῖν.

1966 5025 2064 5079 bis.
2109 5023 2265 5090 Quod
2298 5035 2477 5079 autem
2521 5027 2639 5096 ipse
2670 5027 2742 5083 sit
2783 5027 2962 5086 Patris
2986 5028 3248 5096 Verbum,
3288 5032 3364 5087 ita
3389 5033 3532 5090 canit

1918 5178 1921 5183 ,
1964 5115 2019 5170 in
2054 5116 2353 5171 centesimo
2378 5127 2535 5172 sexto
2566 5137 2579 5172 :
2619 5117 2767 5172 Misit
2810 5118 3033 5175 Verbum
3060 5137 3234 5187 suum,
3256 5130 3306 5177 et
3325 5124 3529 5178 sanavit

1959 5224 2070 5274 eos,
2098 5215 2149 5261 et
2163 5207 2360 5278 eripuit
2381 5224 2467 5262 eos
2488 5208 2552 5262 de
2566 5209 2958 5266 interitionibus
2979 5228 3178 5268 eorum.
3198 5212 3344 5270 Deus
3361 5214 3529 5276 enim,

1960 5298 2054 5368 qui
2081 5298 2250 5363 venit,
2299 5306 2383 5355 est
2429 5299 2613 5369 ipsum
2642 5299 2901 5368 Verbum,
2945 5304 3089 5371 quod
3126 5304 3354 5360 missum
3408 5303 3524 5361 fuit.

1961 5388 2077 5446 Hoc
2101 5404 2268 5460 porro
2294 5389 2531 5445 Verbum
2566 5405 2689 5445 cum
2722 5392 2886 5446 sciret
2911 5405 3033 5450 esse
3068 5395 3156 5450 Dei
3186 5396 3404 5463 Filium,
3432 5411 3532 5451 vo-

1961 5496 2079 5537 cem
2106 5479 2285 5535 Patris
2311 5481 2460 5535 canit
2485 5480 2541 5534 in
2564 5481 2984 5551 quadragesimo
3006 5493 3204 5555 quarto
3221 5504 3236 5542 :
3256 5486 3522 5548 Eructaut'l

1964 5589 2055 5625 cor
2090 5588 2260 5626 meum
2300 5570 2521 5624 Verbum
2563 5572 2756 5627 bonum
2769 5589 2790 5638 ;
2820 5582 2875 5629 et
2904 5575 3099 5630 iterum
3140 5576 3195 5631 in
3236 5578 3526 5632 centesimo

1963 5675 2109 5718 nono
2132 5682 2146 5717 :
2166 5660 2253 5717 Ea:
2286 5672 2435 5716 utero
2460 5671 2583 5716 ante
2604 5661 2911 5733 Luciferum
2941 5668 3095 5736 genui
3130 5676 3197 5723 te.
3223 5668 3361 5735 Quid
3385 5668 3527 5721 enim

1962 5751 2119 5809 aliud.
2148 5753 2271 5819 quis
2336 5750 2535 5808 dixerit
2571 5753 2778 5826 prolem
2821 5753 3018 5824 Patris,
3058 5772 3223 5824 quam
3272 5757 3527 5832 Verbum,

258 5117 367 5173 Ὅτι
391 5119 446 5175 δὲ
470 5115 634 5186 οὗτός
656 5120 827 5173 ἐστιν
846 5117 879 5169 ό
907 5114 1009 5168 τοῦ
1033 5115 1245 5188 Πατρδς
1271 5116 1465 5184 Λόγος,
1495 5115 1667 5180 οὕτως
1694 5116 1753 5171 ὲν
1777 5114 1858 5186 τῷ

250 5208 510 5286 ἑκατοστῷ
536 5214 698 5283 ἕκτῳ
722 5207 937 5280 ψάλλει
962 5222 979 5236 °
1019 5206 1360 5263 Ἀπέστειλε
1392 5208 1501 5263 τὸν
1540 5212 1736 5280 Λόγον
1752 5212 1858 5263 αὑ-

247 5301 359 5367 τοῦ,
386 5305 483 5359 καὶ
530 5304 770 5359 ἰάσατο
796 5297 1057 5362 αὐτοὺς,
1089 5297 1185 5351 καί
1207 5299 1498 5368 ὲῤῥύσατο
1530 5298 1752 5363 αὐτοὺς
1787 5299 1857 5352 ἐκ

245 5391 349 5445 τῶν
369 5394 736 5466 διαφθορῶν
753 5386 1004 5445 αὐτῶν.
1023 5388 1081 5440 ’0
1101 5388 1208 5459 γὰρ
1231 5390 1520 5461 ἐρχόμενος
1544 5390 1675 5454 Θεὸς
1694 5389 1857 5456 αὑτός

238 5481 460 5541 ἐστικαὶ
483 5486 675 5555 Λόγος
701 5476 1217 5546 ἀποστελλόμενος.
1253 5479 1454 5532 Τοῦτον
1482 5480 1540 5533 δὲ
1573 5480 1664 5534 τὸν
1684 5479 1856 5548 Λόγον

227 5575 366 5643 elidi;
383 5580 518 5634 ὄντα
548 5578 651 5631 τὸν
683 5572 838 5628 Υἱὸν
861 5565 968 5621 τοῦ
994 5566 1147 5630 Θεοῦ.
1172 5569 1285 5640 ᾅδει
1310 5571 1492 5643 φωνὴν
1516 5571 1608 5625 τοῦ
1640 5571 1853 5641 Πατρός

217 5671 269 5724 ἐν
298 5673 371 5746 τῷ
398 5660 886 5744 τεσσαρακοστῷ
916 5658 1157 5729 τετάρτῳ
1185 5659 1385 5732 ψαλμῷ
1403 5678 1416 5691 ο
1460 5647 1854 5732 Ἑξηρεῦξατο

211 5763 245 5831 ἠ
270 5766 485 5838 καρδία
505 5779 651 5835 μου
680 5757 922 5826 Λόγον
949 5749 1166 5818 ἀγαθόν
1193 5769 1205 5782 ·
1236 5753 1328 5807 καὶ
1359 5752 1518 5808 πάλιν
1538 5756 1594 5807 ἐν
1619 5754 1696 5825 τῷ
1720 5756 1852 5808 eun-
