3820 6426
313 336 383 393 13
1162 338 1219 394 S.
1263 336 1641 393 ATIIANASII
1680 336 1831 392 OPP.
1868 336 2058 396 PARS
2096 336 2188 394 III.
2222 367 2295 381 --
2329 336 2742 397 EXEGETICA.
3523 344 3589 398 l6

314 466 369 514 et
405 458 738 531 Sapientiam
760 457 978 529 ipsius?
1005 458 1138 512 Cum
1158 458 1326 513 sciret
1342 458 1510 528 igitur
1534 458 1712 530 ipsum
1744 473 1889 522 esse,

2039 459 2175 531 οστῷ
2231 459 2437 531 ὲννάτῳ
2458 477 2473 491 ι
2516 460 2612 514 Ἐκ
2654 459 2915 530 γαστρὸς
2945 460 3061 529 πρὸ
3105 459 3447 533 Ἑωσφόρου
3490 464 3587 529 ἐξ·

314 553 370 606 in
405 567 517 623 quo
569 551 728 607 Pater
761 553 938 607 dixit:
976 550 1102 604 Fiat
1146 551 1260 617 lux,
1307 562 1356 604 et
1388 551 1802 620 ﬁrmamentum,
1847 561 1899 606 et

2000 552 2305 623 εγέννησά
2330 569 2423 607 σε.
2452 553 2517 606 Tl
2543 552 2651 624 γὰρ
2679 552 2744 606 ἂν
2768 552 2897 606 ἄλλο
2928 570 3012 618 τις
3038 552 3181 607 εἴποι
3214 555 3461 627 γέννημα
3497 555 3592 608 τοῦ

314 641 492 697 omnia
537 643 581 709 ‘,
612 643 778 697 etiam
809 642 945 697 liber
990 642 1078 696 hic
1107 639 1449 695 Psalmorum
1484 640 1627 696 idem
1657 641 1898 697 continet

2039 644 2216 715 [άτρος
2260 643 2294 714 ἦ
2343 642 2433 695 τὸν
2477 642 2648 711 Λόγον
2682 642 2775 696 καὶ
2809 640 2906 713 τὴν
2933 642 3134 712 Σοφίαν
3156 643 3356 711 abaci);
3391 643 3591 697 Τοῦτον

312 736 502 790 dicens
547 737 601 789 in
663 736 940 790 tricesimo
987 735 1275 790 secundo:
1326 734 1493 789 Verbo
1537 732 1752 787 Domini
1785 732 1903 786 coeli

2001 735 2172 788 εἰδυῖα
2195 734 2346 799 ὄντα,
2370 727 2415 802 ᾧ
2445 729 2598 786 εἶπεν
2633 735 2662 786 ὁ
2697 733 2888 804 Πατήρ
2909 749 2923 763 ⁸
2954 734 3274 802 Γενηθήτω
3306 734 3454 805 φῶς,
3491 736 3588 789 καὶ

313 830 517 899 ﬁrmati
542 837 685 890 sunt,
712 836 760 881 et
792 828 984 897 spiritu
1013 828 1122 879 oris
1158 828 1272 896 ejus
1304 826 1474 880 omnis
1500 828 1666 879 uirtus
1692 838 1896 879 eorum.

2039 814 2323 894 ’τερέώμα,
2349 824 2448 878 καὶ
2468 824 2540 877 τὰ
2561 822 2780 889 πάντα,
2803 824 2897 876 καὶ
2918 823 3059 894 αὕτη
3083 826 3116 895 ἡ
3145 823 3327 895 βίϐλος
3349 821 3592 897 περιέχει

311 919 547 989 λέγουσα
583 920 690 989 (2y
726 918 810 983 Τῷ
835 918 1235 988 ΛόγῳΚυρίου
1260 922 1312 972 οἱ
1344 920 1587 987 οὐρανοὶ
1613 916 2088 986 ἐστερεώθησαν,
2127 918 2227 971 καὶ
2260 915 2341 982 τῷ
2371 920 2661 987 πνεύματι
2708 917 2814 971 τοῦ
2860 918 3159 987 στόματος
3192 919 3380 973 αὐτοῦ
3425 918 3591 974 πᾶσα

313 1015 353 1082 ή
388 1012 641 1082 δύναμις
666 1011 883 1067 αὐτῶν.

384 1105 438 1158 6.
465 1103 608 1171 Quin
655 1114 709 1158 et
758 1103 1034 1159 Christum
1090 1108 1265 1177 ipsum
1316 1116 1604 1163 venturum
1668 1108 1895 1163 minime

312 1196 617 1266 ignoravit;
654 1196 765 1251 imo
808 1212 871 1251 ea
913 1198 981 1252 de
1024 1214 1084 1253 re
1129 1200 1459 1254 mentionem
1510 1200 1639 1254 facit
1683 1200 1896 1270 psalmo

312 1283 729 1355 quadragesimo
771 1296 967 1355 quarto
1000 1303 1011 1338 :
1060 1286 1297 1342 Tlironus
1330 1298 1472 1354 tuus,
1506 1289 1668 1355 Deus,
1708 1292 1765 1344 in
1798 1307 1899 1345 ste-

314 1375 493 1429 culum
523 1376 743 1441 saeculi;
777 1378 918 1448 virga
941 1380 1270 1443 directionis,
1307 1382 1452 1453 virga
1483 1383 1628 1453 regni
1667 1384 1763 1438 tui.
1799 1382 1898 1436 Di-

313 1467 490 1521 lexisti
533 1468 844 1537 justitiam,
896 1479 946 1522 et
994 1472 1156 1525 odisti
1204 1474 1571 1543 iniquitatem,
1624 1484 1896 1544 praeterea

313 1550 467 1612 unxit
507 1570 555 1612 te
589 1559 726 1613 Deus
760 1560 896 1615 Deus
926 1570 1047 1616 tuus
1090 1563 1204 1618 oleo
1242 1563 1444 1619 latitia:
1479 1582 1590 1635 prie
1624 1568 1888 1620 consorti-

2076 1110 2158 1171 g".
2184 1105 2292 1157 Καὶ
2313 1101 2546 1174 Χριστὸν
2566 1101 2622 1154 δὲ
2657 1098 2820 1153 αὐτὸν
2867 1099 3158 1171 ἐρχόμενον
3178 1100 3277 1152 οὐκ
3296 1098 3559 1170 ἠγνόησεν
3577 1114 3590 1124 °

2001 1197 2143 1251 ἀλλὰ
2172 1196 2268 1250 καί
2302 1194 2536 1266 μάλιστα
2563 1192 2692 1264 περὶ
2722 1191 2911 1245 τούτου
2946 1190 3092 1259 λέγει
3127 1191 3184 1243 ὲν
3212 1188 3290 1260 τῷ
3318 1205 3591 1260 τεσσαρα-

2003 1288 2179 1360 κοστῷ
2204 1288 2446 1360 τετάρτῳ
2474 1282 2672 1355 ψαλμῷ
2691 1300 2704 1313 ·
2739 1284 2802 1337 '0
2831 1285 3045 1352 θρόνος
3076 1296 3221 1348 σου,
3251 1284 3283 1336 ό
3313 1275 3477 1346 Θεὸς,
3506 1282 3594 1344 εἰς

1997 1379 2107 1433 τὸν
2143 1378 2331 1432 αἰῶνα
2371 1376 2478 1431 τοῦ
2508 1374 2757 1442 αἰῶνος·
2806 1374 3028 1443 ῥάϐδος
3065 1374 3390 1440 εὐθύτητος
3418 1373 3455 1439 ἠ
3478 1371 3591 1438 ρά-

1998 1470 2137 1536 ϐδος
2173 1470 2285 1538 τῆς
2319 1468 2642 1534 βασιλείας
2690 1481 2827 1521 σου..
2893 1464 3240 1535 Ἠγάπησας
3282 1462 3591 1517 δικαιοσύ-

1990 1580 2132 1630 νην,
2161 1561 2259 1614 καὶ
2302 1561 2601 1630 ἐμίσησας
2634 1558 2874 1613 ἀδικίαν
2898 1574 2910 1589 ο
2940 1556 3039 1612 διὰ
3070 1557 3247 1612 τοῦτο
3282 1554 3491 1625 ἐχρισέ
3520 1571 3593 1609 σε

306 1649 409 1704 bus
450 1652 573 1704 tuis.
627 1650 692 1706 Et
735 1668 804 1707 ne
847 1655 973 1724 quis
1031 1671 1155 1711 eum
1206 1658 1507 1713 secundum
1550 1659 1892 1729 phantasiam

2057 1654 2201 1720 Θεὸς
2224 1656 2257 1708 ό
2281 1653 2424 1719 Θεός
2447 1668 2564 1707 σου
2585 1651 2793 1705 ἔλαιον
2817 1649 3241 1723 ἀγαλλιάσεως
3265 1648 3426 1718 παρὰ
3452 1637 3594 1714 τοὶῗς

313 1747 529 1802 venisse
564 1749 861 1804 arbitretur
886 1790 901 1815 ,
936 1751 1207 1822 signiﬁcat
1244 1767 1370 1807 eum
1405 1754 1583 1823 ipsum
1622 1751 1897 1807 hominem

2039 1747 2293 1816 ετόχους
2322 1761 2467 1807 σου.
2527 1744 2638 1798 Καὶ
2664 1744 2749 1797 ἵνα
2776 1743 2851 1817 μὴ
2885 1744 3025 1798 κατὰ
3059 1741 3356 1813 φαντασὶαν
3388 1758 3473 1804 τις
3507 1740 3595 1813 ἔρ-

313 1838 580 1903 futurum,
617 1842 881 1913 illumque
907 1860 1029 1899 esse
1048 1861 1145 1915 per
1170 1862 1332 1916 quem
1372 1846 1556 1901 omnia
1584 1844 1722 1900 facta
1751 1855 1900 1908 sunt,

318 1945 445 1985 eum
474 1932 689 1987 dicit-in
718 1935 929 2004 psalmo
958 1939 1291 2007 octogesimo
1322 1948 1476 1995 sexto
1508 1957 1522 1993 :
1571 1937 1742 1992 Mater
1774 1935 1902 1992 Sion

322 2023 458 2077 dicet
487 2040 505 2078 :
532 2023 729 2092 Homo,
767 2039 813 2083 et
852 2027 1006 2083 homo
1035 2039 1195 2083 natus
1226 2042 1301 2085 est
1332 2031 1387 2084 in
1428 2048 1509 2094 ea,
1548 2039 1597 2085 et
1632 2031 1743 2098 ipse
1776 2028 1901 2099 [un-

324 2111 470 2167 davit
508 2130 625 2168 eam
664 2115 987 2172 Altissimus.
1032 2115 1147 2174 Hoc
1189 2121 1333 2173 enim
1376 2120 1601 2190 perinde
1645 2129 1730 2174 est
1762 2133 1826 2174 ac
1856 2120 1902 2173 si

317 2205 568 2262 diceret:
616 2206 685 2260 Et
733 2208 868 2261 Deus
911 2218 1026 2263 erat
1078 2208 1334 2274 Verbum;
1377 2212 1556 2264 omnia
1596 2226 1689 2280 per
1730 2210 1902 2281 ipsum

316 2296 462 2367 facta
492 2308 648 2364 sunt;
691 2310 738 2352 et
772 2299 996 2353 Verbum
1022 2317 1147 2354 caro
1171 2300 1375 2370 factum
1401 2313 1479 2355 est
1510 2301 1552 2354 ’.
1578 2301 1757 2369 Quare
1775 2317 1900 2357 cum

315 2407 380 2445 ex
432 2388 647 2462 Virgine
673 2393 1013 2447 nasciturum
1041 2393 1225 2458 sciret,
1260 2408 1601 2464 nequaquam
1632 2395 1682 2448 id
1713 2391 1900 2457 siluit,

319 2482 413 2537 sed
447 2483 629 2537 statim
679 2483 843 2554 hujus
889 2484 966 2538 rei
1012 2484 1271 2539 indicium
1316 2485 1461 2539 dedit
1510 2485 1563 2538 in
1597 2485 1903 2555 quadrage-

315 2574 455 2627 simo
494 2584 690 2643 quarto
723 2590 737 2625 :
781 2573 943 2637 Audi,
978 2574 1118 2644 ﬁlia,
1149 2585 1199 2628 et
1231 2575 1348 2628 ride
1369 2615 1383 2637 ,
1411 2585 1459 2628 et
1486 2575 1684 2628 inclina
1716 2591 1902 2628 aurem

316 2673 484 2730 tuam,
516 2672 565 2717 et
592 2663 892 2718 obliviscere
919 2663 1173 2733 populum
1203 2674 1351 2717 tuum
1386 2674 1435 2718 et
1475 2665 1690 2717 domum
1729 2666 1899 2733 patris

317 2754 415 2816 tui,
465 2756 591 2824 quia
634 2756 961 2823 concupiscet
1008 2770 1101 2808 rex
1148 2755 1385 2809 decorem
1437 2763 1607 2819 tuum,
1652 2755 1899 2824 quoniam

316 2847 427 2913 ipse
459 2854 535 2899 est
570 2845 825 2902 Dominus
862 2855 1007 2902 tuus.
1056 2846 1171 2902 Hoc
1214 2847 1416 2918 quippe
1445 2847 1627 2902 simile
1658 2855 1741 2900 est
1775 2846 1901 2901 huic

314 2938 587 2995 Gabrielis
613 2940 796 2996 dicto:
823 2940 949 3008 Ave,
978 2941 1154 3011 gratia
1180 2941 1355 3010 plena,
1382 2939 1640 2995 Dominus
1668 2947 1837 2993 tecum
1854 2939 1899 2993 ³.

316 3030 453 3087 Nam
474 3033 564 3088 ubi
581 3047 705 3088 eum
723 3032 1003 3089 Christum
1028 3034 1274 3099 dixisset,
1295 3035 1589 3089 humanam
1611 3034 1792 3089 statim
1811 3049 1901 3104 ge-

2005 1838 2195 1910 χεσθαι
2222 1838 2384 1892 αὑτὸν
2415 1832 2596 1907 (εἶναι)
2644 1836 2842 1909 νομίσῃ
2860 1877 2875 1903 ,
2911 1834 3166 1907 σημαίνει
3194 1833 3356 1886 αὑτὸν
3381 1831 3595 1905 ἄνθρω-

2008 1947 2107 1983 πον
2157 1927 2519 1999 γενησόμενον
2544 1965 2559 1991 ,
2605 1927 2700 1981 καὶ
2731 1925 2918 1979 τοῦτον
2950 1922 3090 1979 εἶναι
3119 1926 3187 1979 δι’
3214 1919 3275 1980 οὗ
3309 1925 3376 1979 τὰ
3417 1924 3596 1977 πάντα

2005 2021 2215 2090 γέγονε,
2242 2020 2413 2089 λέγων
2434 2022 2492 2074 ὲν
2512 2018 2589 2091 τῷ
2618 2018 2958 2091 ὀγδοηκοστῷ
2981 2018 3123 2088 ἕκτῳ
3148 2034 3160 2046 ·
3202 2017 3410 2086 Μήτηρ
3436 2015 3594 2070 Σιὼν

2003 2113 2155 2183 ἐρεῖ’
2185 2115 2551 2181 Ἀνθρωπος,
2592 2114 2692 2166 καὶ
2728 2111 3043 2179 ἅνθρωπος
3070 2109 3361 2181 ἐγεννήθη
3390 2109 3461 2163 ἐν
3486 2112 3595 2163 αὑ-

2003 2205 2080 2274 τῇ
2104 2246 2118 2271 ,
2158 2205 2259 2260 καὶ
2306 2202 2490 2269 αὐτὸς
2533 2203 2929 2273 ἐθεμελίωσεν
2959 2201 3154 2272 αὐτὴν
3193 2204 3225 2257 ό
3270 2202 3589 2270 ”Υψιστος.

2004 2298 2173 2352 Τοῦτο
2200 2297 2308 2370 γὰρ
2342 2296 2452 2352 ἴσον
2489 2299 2607 2351 ἐστὶ
2637 2296 2715 2367 τῷ
2751 2297 2952 2348 εἰπεῖν·
2996 2295 3103 2349 Kal
3142 2294 3285 2360 Θεὸς
3310 2289 3388 2364 ἦν
3414 2295 3447 2346 d
3481 2294 3593 2346 Λό-

2003 2405 2141 2458 γος’
2177 2389 2373 2443 πάντα
2407 2388 2480 2443 δι’
2507 2388 2694 2442 αὐτοῦ
2720 2387 2977 2456 ἐγένετο,
3023 2385 3124 2440 καὶ
3148 2389 3182 2439 ὀ
3209 2387 3401 2455 Λόγος
3431 2383 3591 2451 eam?

2001 2480 2259 2550 ἐγένετο.
2319 2481 2417 2534 Διὰ
2441 2480 2599 2534 τοῦτο
2624 2482 2718 2533 καί
2743 2480 2805 2533 τὸ
2824 2520 2839 2545 ,
2875 2480 2941 2532 ἐκ
2970 2476 3274 2550 Παρθένου,
3306 2474 3591 2547 γινώσκων

2000 2574 2103 2626 οὐκ
2136 2572 2475 2645 ἐσιώπησεν,
2511 2573 2626 2627 ἀλλ’
2660 2572 2820 2638 εὐθὺς
2856 2570 3091 2643 ἔμφασίν
3129 2587 3250 2623 τινα
3285 2569 3499 2623 δίδωσιν
3536 2571 3592 2620 ἐν

1999 2666 2080 2737 τῷ
2109 2666 2528 2738 τεσσαρακοστῷ
2579 2666 2826 2738 τετάρτῳ
2850 2663 3076 2735 ψαλμῷ,
3109 2664 3278 2733 λέγων
3301 2681 3313 2693 ·
3371 2664 3593 2717 Ἀκου-

2001 2776 2136 2823 σον,
2169 2758 2438 2828 θύγατερ,
2474 2758 2573 2812 καὶ
2598 2758 2709 2822 ἴδε,
2733 2757 2830 2812 καὶ
2854 2756 3064 2811 κλῖνον
3089 2756 3156 2809 τό
3179 2752 3288 2821 οὖς
3311 2770 3427 2809 σου
3447 2794 3463 2820 ,
3488 2755 3591 2806 καὶ

1998 2850 2289 2906 ἐπιλάθου
2310 2851 2418 2905 τοῦ
2438 2850 2592 2906 λαοῦ
2618 2865 2734 2905 σου
2761 2848 2863 2902 καὶ
2889 2848 2994 2903 τσῦ
3019 2849 3188 2902 οἴκου
3215 2847 3322 2901 τοῦ
3367 2848 3595 2914 πατρός

2000 2961 2137 3011 σου,
2156 2943 2245 2997 ὅτι
2263 2944 2646 3013 ἐπεθύμησεν
2663 2946 2696 2998 ὁ
2718 2940 3019 3008 ,βασιλεὺς
3036 2939 3143 2994 τοῦ
3163 2939 3430 3005 κάλλους
3449 2955 3592 2993 σου.

2003 3036 2171 3090 Τοῦτο
2194 3036 2305 3108 γὰρ
2326 3035 2490 3090 πάλιν
2512 3036 2697 3107 ὅμοιόν
2722 3038 2836 3090 ἐστι
2859 3033 2954 3087 τοῦ
2986 3032 3278 3104 λεγομένου
3311 3030 3465 3106 παρὰ
3495 3031 3595 3084 τοῦ

314 3126 653 3181 nerationem
677 3142 744 3182 ex
764 3126 986 3197 Virgine
1012 3124 1212 3181 factam
1237 3127 1535 3182 declaravit
1565 3126 1649 3182 his
1679 3127 1898 3182 verbis:

2039 3127 2244 3198 ἀϐριήλ
2259 3144 2272 3159 ·
2296 3127 2494 3197 Χαῖρε,
2515 3124 2972 3196 κεχαριτωμένη,
2993 3127 3025 3180 ό
3044 3126 3260 3192 Κύριος
3276 3123 3425 3193 μετὰ
3449 3122 3594 3176 σοῦ.

318 3217 463 3272 Audi
482 3217 663 3286 ,‘ﬁtia.
709 3216 776 3271 Et
806 3217 1026 3273 Gabriel
1055 3217 1272 3287 quidem
1311 3232 1377 3273 ex
1405 3218 1628 3273 nomine
1672 3216 1899 3273 Mariam

316 3310 576 3379 appellat,
602 3310 747 3379 quod
780 3324 977 3381 genere
1003 3310 1071 3364 ab
1098 3309 1188 3364 illa
1224 3309 1434 3365 alienus
1455 3319 1602 3365 esset
1624 3328 1638 3364 :
1658 3320 1713 3365 at
1731 3310 1899 3365 David

317 3401 492 3472 ipsam
521 3418 587 3457 ex
612 3406 713 3457 suo
738 3402 949 3459 semine
969 3402 1279 3467 oriundam,
1305 3402 1468 3457 lilium
1493 3403 1686 3458 merito
1713 3412 1890 3458 vocat.

2007 3222 2115 3273 Καὶ
2141 3220 2248 3292 γὰρ
2275 3218 2515 3291 εἰρηκὼς
2545 3219 2708 3273 αὑτὸν
2740 3217 2975 3291 Χριστὸν
2994 3256 3010 3280 ,
3061 3215 3221 3280 εὐθὺς
3249 3216 3344 3267 καὶ
3367 3214 3467 3285 τὴν
3496 3215 3597 3266 ἁν-

2006 3313 2282 3384 θρωπίνην
2309 3313 2521 3381 γένεσιν
2548 3315 2611 3365 ἐκ
2640 3312 2740 3382 τῆς
2783 3309 3062 3383 Παρθένου
3094 3308 3349 3383 ἐδήλωσε,
3382 3306 3561 3376 λέγων
3579 3324 3593 3337 ·

2004 3405 2327 3470 Ἄκουσον,
2365 3406 2636 3476 θύγατερ.
2686 3404 2779 3457 Ἰδὲ
2804 3405 2834 3457 ὁ
2865 3403 2961 3473 μὲν
2992 3400 3228 3473 Γαϐριὴλ
3251 3398 3310 3464 ἐξ
3330 3399 3599 3469 ὀνόματος

314 3494 476 3547 καλεῖ
505 3494 723 3567 Μαρίαν
742 3534 758 3557 ,
798 3493 948 3562 ξένος
987 3493 1063 3548 ὢν
1110 3495 1281 3565 αὐτῆς
1319 3495 1459 3549 κατὰ
1483 3496 1582 3567 τὴν
1614 3496 1825 3565 γένεσιν
1845 3511 1858 3527 ο
1894 3498 1923 3551 ὁ
1955 3497 2011 3551 δὲ
2037 3498 2201 3551 Δαδὶδ
2233 3501 2297 3551 ὲκ
2326 3496 2419 3551 τοῦ
2447 3497 2757 3571 σπέρματος
2798 3494 2964 3550 αὑτοῦ
3009 3493 3377 3564 τυγχάνουσαν
3423 3490 3598 3561 αὐτὴν

320 3587 543 3651 εἰκότως
574 3586 846 3660 θυγατέρα
885 3590 1195 3660 προσφωνεῖ
1222 3587 1443 3661 ταύτην.

393 3675 446 3730 7.
479 3674 583 3731 Ubi
642 3685 823 3733 autem
865 3677 1004 3732 dixit
1044 3676 1385 3732 Psalmorum
1446 3678 1581 3733 liber
1621 3679 1898 3734 hominem

318 3783 443 3822 eum
478 3768 721 3824 luturum
760 3784 915 3835 esse,
958 3780 1359 3840 consequenter
1386 3771 1540 3825 illum
1573 3787 1739 3827 carne
1775 3788 1900 3842 pas-

316 3858 537 3915 sibilem
566 3859 859 3930 signiﬁcat.
890 3859 1026 3915 Dum
1053 3871 1236 3915 autem
1263 3860 1411 3916 videt
1443 3860 1661 3917 futuras
1686 3862 1898 3917 Judaeu-

322 3965 444 4004 rum
477 3951 727 4016 insidias,
757 3952 904 4007 canit
934 3952 987 4006 in
1017 3953 1259 4008 secundo
1288 3954 1500 4023 psalmo
1534 3972 1548 4007 :
1586 3953 1763 4019 Quare
1794 3955 1900 4019 fre-

321 4048 565 4095 muerunt
584 4050 780 4112 gentes,
803 4051 852 4096 et
875 4042 1055 4115 populi
1073 4043 1314 4098 meditati
1350 4053 1473 4098 sunt
1499 4045 1683 4098 inania
1706 4045 1731 4098 .9
1756 4045 1900 4099 Asti»

322 4141 494 4185 terunt
530 4147 671 4204 reges
703 4142 876 4197 teme,
901 4143 952 4187 et
989 4134 1248 4204 principes
1275 4143 1623 4190 convenerunt
1650 4136 1707 4189 in
1736 4152 1899 4188 unum

323 4223 571 4279 adversus
619 4223 903 4280 Dominum
947 4234 996 4281 et
1046 4226 1295 4281 adversus
1342 4226 1610 4282 Christum
1657 4227 1792 4297 ejus.
1840 4228 1897 4281 ln

324 4316 582 4372 vicesimo
612 4326 794 4373 autem
844 4318 1020 4389 primo
1060 4320 1235 4390 ipsam
1278 4324 1471 4374 mortis
1519 4321 1790 4375 rationem
1832 4337 1895 4375 ex

323 4424 555 4477 persona
603 4408 900 4465 Salvatoris
937 4411 1182 4481 loquitur
1233 4430 1248 4466 :
1298 4408 1363 4465 In
1402 4411 1665 4481 pulverem
1715 4414 1899 4467 mortis

324 4501 588 4556 deduxisti
643 4518 742 4556 me.
792 4502 1057 4569 Quoniam
1101 4505 1563 4559 circumdederunt
1616 4521 1695 4559 me
1746 4521 1898 4559 canes

322 4592 499 4660 multi,
523 4588 806 4648 consilium
828 4595 1234 4667 malignantium
1262 4597 1466 4653 obsedit
1490 4612 1591 4651 me.
1628 4596 1899 4652 Foderunt

296 4698 511 4737 mutnus
544 4699 687 4737 ineas
720 4692 770 4737 et
815 4684 967 4754 pedes
1002 4702 1141 4741 meos
1168 4727 1182 4751 ,
1219 4687 1683 4742 dinumeraverunt
1721 4688 1901 4741 omnia

2069 3679 2289 3746 ζ⁷.”Ανθ
2300 3697 2477 3753 ρωπον
2501 3678 2557 3733 δὲ
2582 3678 2743 3732 αὑτὸν
2768 3679 3019 3750 εἰρηκυία
3046 3676 3408 3746 γενησόμενον
3433 3715 3447 3737 ,
3473 3676 3602 3728 ἀκο-

2001 3775 2205 3839 λούθως
2224 3776 2317 3828 καὶ
2340 3773 2580 3845 παθητὸν
2599 3771 2761 3826 αὐτὸν
2785 3771 2947 3842 σαρκὶ
2965 3768 3237 3840 σημαίνει.
3262 3769 3375 3840 Τήν
3392 3786 3453 3821 τε
3473 3770 3603 3821 ἐπι-

2002 3868 2195 3940 ϐουλὴν
2228 3867 2379 3938 παρὰ
2410 3865 2519 3919 τῶν
2553 3864 2819 3918 Ἰουδαίων
2850 3861 3033 3933 δρῶσα
3062 3860 3375 3933 γινομένην,
3400 3859 3600 3931 ψάλλει

2001 3959 2060 4013 ὲν
2084 3958 2181 4030 μὲν
2204 3956 2279 4028 τῷ
2302 3955 2538 4027 δευτέρῳ
2560 3952 2760 4025 ψαλμῷ
2777 3970 2790 3983 ο
2829 3953 2963 4007 Ἵνα
2988 3953 3046 4007 τι
3077 3952 3385 4021 ἐφρύαξαν
3419 3951 3595 4018 ἔθνη,

2001 4052 2097 4105 καὶ
2110 4051 2247 4107 λαοὶ
2260 4048 2634 4120 ἐμελέτησαν
2647 4045 2822 4110 κενάς
2839 4044 3537 4114 Παρέστησανοιβασιλε
3544 4043 3606 4110 ἴς

2001 4142 2114 4212 τῆς
2129 4142 2262 4213 γῆς,
2290 4141 2389 4195 καὶ
2413 4142 2468 4195 οὶ
2492 4138 2781 4209 ἄρχοντες
2800 4137 3208 4206 συνήχθησαν
3225 4137 3321 4190 ἐπὶ
3346 4136 3415 4190 τὸ
3443 4137 3601 4190 αὐτὸ

2002 4234 2151 4287 κατὰ
2166 4232 2272 4286 τοῦ
2288 4232 2512 4299 Κυρίου
2528 4228 2790 4284 καὶκατὰ
2804 4228 2912 4283 τοῦ
2929 4227 3189 4296 Χριστοῦ
3214 4227 3401 4282 αὐτοῦ
3420 4244 3434 4259 ’
3460 4230 3519 4281 ὲν
3539 4228 3603 4280 δὲ

2001 4322 2079 4393 τῷ
2106 4320 2333 4393 εἰκοστῷ
2367 4321 2463 4373 καὶ
2494 4317 2694 4392 πρώτῳ
2720 4320 2819 4392 τὴν
2851 4320 3114 4391 ποιότητα
3140 4318 3235 4373 τοῦ
3264 4318 3494 4373 θανάτου
3529 4319 3605 4371 ἐκ

2004 4412 2295 4485 προσώπου
2337 4414 2429 4467 τοῦ
2467 4412 2717 4484 Σωτῆρός
2744 4427 2943 4483 φησιν’
2990 4415 3096 4479 Εἰς
3146 4409 3298 4482 χοῦν
3331 4408 3604 4465 θανάτου

2001 4502 2332 4574 κατήγαγές
2356 4519 2434 4573 με
2454 4518 2468 4533 ο
2503 4502 2594 4556 ὅτι
2621 4500 2983 4556 ἐκύκλωσαν
3018 4519 3097 4571 με
3142 4502 3321 4566 κύνες
3348 4498 3600 4558 πολλοὶ,

2003 4592 2322 4663 συναγωγὴ
2349 4590 2848 4662 πονηρευομένων
2867 4591 3191 4661 περιέσχον
3205 4607 3302 4659 με.
3327 4588 3608 4658 Ὠρυξαν

2003 4687 2206 4757 χεῖράς
2219 4706 2338 4757 μου
2365 4689 2461 4742 καὶ
2492 4688 2683 4753 πόδας
2700 4704 2843 4756 μου,
2872 4685 3282 4754 ἐξηρίθμησαν
3300 4681 3497 4736 πάντα
3520 4683 3608 4736 τὰ

324 4791 445 4833 ossa
487 4790 622 4830 mea.
671 4775 785 4846 Ipsi
826 4792 941 4832 vero
977 4780 1438 4835 consideraverunt
1470 4790 1521 4834 et
1561 4782 1898 4851 inspexerunt

2041 4776 2157 4832 στᾶ
2173 4796 2314 4847 μου.
2356 4778 2538 4834 Αὐτοὶ
2565 4777 2635 4831 δὲ
2662 4776 3062 4843 κατενόησαν,
3096 4774 3193 4829 καὶ
3215 4772 3459 4827 ἐπεῖδον
3481 4789 3566 4842 με
3587 4791 3606 4804 ο

322 4878 442 4932 me;
468 4868 768 4923 diuiserunt
796 4869 899 4924 sibi
937 4873 1246 4928 vestimenta
1277 4889 1392 4927 mea
1411 4913 1426 4939 ,
1451 4884 1502 4928 et
1529 4890 1685 4943 super
1708 4884 1898 4927 vestem

2039 4867 2418 4934 τιεμερίσαντο
2442 4866 2516 4920 τὰ
2544 4864 2742 4935 ἱμάτιά
2766 4881 2888 4934 μου
2926 4863 3163 4930 ἑαυτοῖς
3184 4901 3199 4925 ,
3229 4862 3327 4915 καὶ
3351 4862 3451 4915 ἐπὶ
3484 4861 3611 4914 τὸν

324 4974 494 5013 meam
533 4961 789 5015 miserunt
820 4972 1030 5016 sortem.
1077 4961 1233 5031 Quod
1267 4965 1343 5020 ait
1378 4973 1560 5020 autem
1608 4980 1807 5019 manus
1844 4973 1901 5019 et

323 5049 490 5118 pedes
512 5063 642 5105 suos
671 5049 956 5108 confossos
985 5069 1127 5120 esse,
1151 5056 1281 5125 quid
1302 5056 1447 5110 aliud
1476 5070 1639 5124 quam
1679 5069 1898 5108 crucem

321 5141 631 5209 signiﬁcat?
672 5140 799 5199 Haec
841 5146 1025 5202 omnia
1065 5157 1354 5218 postquam
1395 5146 1582 5201 docuit
1608 5186 1622 5210 ,
1668 5143 1898 5213 adjicit,

324 5244 434 5283 non
475 5231 561 5285 sui
600 5245 800 5299 causa,
842 5234 935 5290 sed
976 5244 1196 5306 propter
1227 5250 1326 5289 nos
1360 5234 1415 5287 id
1438 5234 1548 5303 pati
1584 5231 1898 5287 Dominum.

322 5320 523 5392 Aitque
550 5339 771 5379 rursum
804 5341 836 5381 e
860 5341 1090 5397 persona
1128 5327 1245 5397 ejus
1274 5327 1327 5379 in
1355 5325 1693 5395 octogesimo
1727 5323 1899 5393 septi-

325 5429 452 5469 mo:
492 5415 660 5488 Super
686 5437 768 5474 me
809 5422 1149 5489 conﬁrmatus
1177 5427 1253 5472 est
1288 5417 1440 5487 furor
1465 5427 1628 5481 tuus;
1654 5409 1718 5470 in‘
1743 5430 1901 5470 sexa-

324 5504 531 5574 gesimo
556 5517 733 5563 autem
763 5518 954 5563 octavo
984 5526 998 5563 :
1045 5507 1176 5573 Qute
1203 5524 1307 5561 non
1345 5509 1532 5577 rapui,
1563 5516 1687 5560 tunc
1718 5506 1897 5560 exsol-

401 5642 415 5672 ¹
447 5642 640 5699 Gencs.
668 5660 706 5711 ι,
737 5645 769 5698 5
796 5660 945 5715 seqq.

396 5782 473 5853 (ᾗ)
530 5783 615 5836 Ἑν
642 5784 947 5856 τριακοστῷ
974 5783 1205 5855 δευτέρῳ
1231 5784 1318 5840 ed.

2005 4958 2322 5027 ἱματισμόν
2342 4975 2460 5028 μου
2480 4959 2699 5013 ἔϐαλον
2711 4956 2963 5026 κλῆρον.
2992 4956 3064 5009 Τὸ
3082 4955 3139 5008 δὲ
3160 4955 3260 5020 τὰς
3283 4957 3471 5026 χεῖρας
3498 4958 3601 5010 καὶ

2004 5050 2129 5113 τοὺς
2174 5049 2337 5113 πόδας
2390 5049 2740 5121 ὀρύττεσθαι,
2782 5051 2836 5102 τί
2868 5050 3054 5120 ἕτερον
3090 5048 3124 5118 ἢ
3159 5046 3389 5117 σταυρὸν
3419 5046 3591 5114 λέγων

2006 5141 2293 5211 σημαίνει;
2320 5142 2503 5196 Πάντα
2524 5140 2699 5194 ταῦτα
2734 5140 3056 5194 διδάσκουσα
3080 5136 3436 5210 προστίθησιν
3456 5176 3471 5201 ,
3511 5139 3585 5191 ὅτ

2007 5233 2081 5304 μὴ
2104 5233 2171 5286 δι’
2188 5234 2398 5299 ἑαυτὸν,
2417 5234 2483 5288 δι’
2506 5236 2652 5306 ἡμᾶς
2676 5234 2732 5287 δὲ
2753 5232 2925 5287 ταῦτα
2952 5233 3152 5303 πάσχει
3177 5233 3206 5284 ὁ
3228 5229 3454 5301 Κύριος.
3484 5231 3583 5285 Κα

2005 5342 2169 5394 φησιν
2200 5326 2265 5378 ὲκ
2294 5324 2585 5397 προσώπου
2618 5324 2782 5379 πάλιν
2801 5324 2968 5378 αὐτοῦ
2986 5324 3046 5375 ὲν
3075 5320 3174 5392 μὲν
3197 5319 3277 5391 τῷ
3304 5319 3400 5384 υπς’
3419 5336 3432 5351 ⁸
3473 5321 3607 5373 Ἐπ’

2002 5415 2108 5484 ἐμὲ
2130 5416 2531 5486 ἐπεστηρίχθη
2566 5421 2600 5471 ό
2628 5416 2817 5487 θυμός
2845 5432 2962 5470 σου
2986 5431 3000 5445 ·
3029 5416 3087 5468 ὲν
3114 5412 3172 5466 δὲ
3198 5410 3279 5483 τῷ
3306 5410 3609 5485 ἑξηκοστῷ

2003 5507 2199 5579 ὀγδόῳ·
2243 5511 2311 5563 Ἃ
2348 5511 2461 5579 οὐχ
2486 5509 2756 5580 ἤρπασα,
2789 5510 2919 5563 τότε
2942 5506 3330 5563 άπὲτίννυον.
3372 5504 3449 5557 Οὐ
3480 5504 3616 5578 γὰρ

1023 5648 1042 5676 ²
1074 5643 1231 5699 Joan.
1271 5662 1309 5709 ι,
1348 5646 1399 5711 1,
1424 5644 1479 5712 2,
1518 5647 1601 5701 l4.
1680 5646 1699 5678 ³
1726 5644 1856 5700 Luc.
1904 5661 1943 5710 l,
1980 5645 2070 5699 9.8.
