  <div class='ocr_page' id='page_1' title='image "/cluster/home/n/w/nwhite01/storage/ocr_20150623/27/hvd.32044014174452/018.png"; bbox 0 0 3820 6402; ppageno 0'>
   <div class='ocr_carea' id='block_1_1' title="bbox 150 305 3477 380">
    <p class='ocr_par' dir='ltr' id='par_1_1' title="bbox 150 305 3477 380">
     <span class='ocr_line' id='line_1_1' title="bbox 150 305 3477 380; baseline 0.005 -19"><span class='ocrx_word' id='word_1_1' title='bbox 150 305 187 361; x_wconf 69' lang='lat'><strong>2|</strong></span> <span class='ocrx_word' id='word_1_2' title='bbox 1374 318 1707 374; x_wconf 62' lang='lat' dir='ltr'><strong>EPISTOIA</strong></span> <span class='ocrx_word' id='word_1_3' title='bbox 1746 318 1839 371; x_wconf 77' lang='lat' dir='ltr'><strong>AD</strong></span> <span class='ocrx_word' id='word_1_4' title='bbox 1878 318 2321 379; x_wconf 75' lang='lat' dir='ltr'><strong>MARCELLINU</strong></span> <span class='ocrx_word' id='word_1_5' title='bbox 2334 321 2402 375; x_wconf 76' lang='grc' dir='ltr'><strong>Μ.</strong></span> <span class='ocrx_word' id='word_1_6' title='bbox 3411 324 3477 380; x_wconf 71' lang='lat'><strong>29</strong></span> 
     </span>
    </p>
   </div>
   <div class='ocr_carea' id='block_1_2' title="bbox 153 419 1825 508">
    <p class='ocr_par' dir='ltr' id='par_1_2' title="bbox 153 419 1809 504">
     <span class='ocr_line' id='line_1_2' title="bbox 153 419 1809 504; baseline 0.005 -27"><span class='ocrx_word' id='word_1_7' title='bbox 153 419 458 493; x_wconf 68' lang='grc' dir='ltr'>παράγγελμα</span> <span class='ocrx_word' id='word_1_8' title='bbox 523 440 680 482; x_wconf 55' lang='lat' dir='ltr'><strong>era-.1</strong></span> <span class='ocrx_word' id='word_1_9' title='bbox 766 433 860 486; x_wconf 76' lang='grc' dir='ltr'>τὸ</span> <span class='ocrx_word' id='word_1_10' title='bbox 938 435 1256 504; x_wconf 81' lang='grc' dir='ltr'>μετανοεῖν·</span> <span class='ocrx_word' id='word_1_11' title='bbox 1305 434 1366 486; x_wconf 77' lang='grc' dir='ltr'>τὸ</span> <span class='ocrx_word' id='word_1_12' title='bbox 1414 433 1472 487; x_wconf 84' lang='grc' dir='ltr'>δὲ</span> <span class='ocrx_word' id='word_1_13' title='bbox 1530 434 1809 504; x_wconf 77' lang='grc' dir='ltr'><strong>μετανοεῖν</strong></span> 
     </span>
    </p>
   </div>
   <div class='ocr_carea' id='block_1_3' title="bbox 1931 419 3476 508">
    <p class='ocr_par' dir='ltr' id='par_1_3' title="bbox 1931 434 3476 508">
     <span class='ocr_line' id='line_1_3' title="bbox 1931 434 3476 508; baseline 0.005 -20"><span class='ocrx_word' id='word_1_14' title='bbox 1931 434 2070 489; x_wconf 87' lang='lat' dir='ltr'><strong>nalis</strong></span> <span class='ocrx_word' id='word_1_15' title='bbox 2095 436 2165 490; x_wconf 85' lang='lat' dir='ltr'><strong>sit</strong></span> <span class='ocrx_word' id='word_1_16' title='bbox 2187 436 2572 492; x_wconf 88' lang='lat' dir='ltr'><strong>abstinendum</strong></span> <span class='ocrx_word' id='word_1_17' title='bbox 2614 438 2937 508; x_wconf 74' lang='lat' dir='ltr'><strong>exprimitur</strong></span> <span class='ocrx_word' id='word_1_18' title='bbox 2967 459 2980 493; x_wconf 93' lang='lat'>:</span> <span class='ocrx_word' id='word_1_19' title='bbox 3016 439 3245 508; x_wconf 84' lang='lat' dir='ltr'><strong>exempli</strong></span> <span class='ocrx_word' id='word_1_20' title='bbox 3274 456 3437 495; x_wconf 80' lang='lat' dir='ltr'><strong>causa</strong></span> <span class='ocrx_word' id='word_1_21' title='bbox 3462 483 3476 507; x_wconf 95' lang='lat'><strong>,</strong></span> 
     </span>
    </p>
   </div>
   <div class='ocr_carea' id='block_1_4' title="bbox 155 509 1809 587">
    <p class='ocr_par' dir='ltr' id='par_1_4' title="bbox 155 509 1809 587">
     <span class='ocr_line' id='line_1_4' title="bbox 155 509 1809 587; baseline 0.007 -25"><span class='ocrx_word' id='word_1_22' title='bbox 155 509 483 585; x_wconf 60' lang='lat' dir='ltr'><strong>esitabam-7;;</strong></span> <span class='ocrx_word' id='word_1_23' title='bbox 520 517 906 587; x_wconf 71' lang='grc' dir='ltr'>ἁμαρτίας</span> <span class='ocrx_word' id='word_1_24' title='bbox 975 523 1156 576; x_wconf 76' lang='grc' dir='ltr'><strong>ἐστίν·</strong></span> <span class='ocrx_word' id='word_1_25' title='bbox 1188 522 1411 576; x_wconf 81' lang='grc' dir='ltr'>ἐνταῦθα</span> <span class='ocrx_word' id='word_1_26' title='bbox 1438 521 1493 574; x_wconf 79' lang='grc' dir='ltr'>δὲ</span> <span class='ocrx_word' id='word_1_27' title='bbox 1544 521 1638 574; x_wconf 79' lang='grc' dir='ltr'><strong>καὶ</strong></span> <span class='ocrx_word' id='word_1_28' title='bbox 1693 519 1809 583; x_wconf 82' lang='grc' dir='ltr'>πῶς</span> 
     </span>
    </p>
   </div>
   <div class='ocr_carea' id='block_1_5' title="bbox 163 603 1808 683">
    <p class='ocr_par' dir='ltr' id='par_1_5' title="bbox 163 603 1808 683">
     <span class='ocr_line' id='line_1_5' title="bbox 163 603 1808 683; baseline 0.005 -29"><span class='ocrx_word' id='word_1_29' title='bbox 163 603 389 667; x_wconf 66' lang='grc' dir='ltr'><strong>μ’τινοεῖν,</strong></span> <span class='ocrx_word' id='word_1_30' title='bbox 419 604 543 656; x_wconf 67' lang='grc' dir='ltr'><strong>καὶ</strong></span> <span class='ocrx_word' id='word_1_31' title='bbox 591 606 664 658; x_wconf 77' lang='grc' dir='ltr'><strong>τε</strong></span> <span class='ocrx_word' id='word_1_32' title='bbox 715 608 833 662; x_wconf 79' lang='grc' dir='ltr'><strong>δεῖ</strong></span> <span class='ocrx_word' id='word_1_33' title='bbox 878 611 1096 679; x_wconf 76' lang='grc' dir='ltr'>λέγειν</span> <span class='ocrx_word' id='word_1_34' title='bbox 1130 611 1216 664; x_wconf 75' lang='grc' dir='ltr'>ἐπὶ</span> <span class='ocrx_word' id='word_1_35' title='bbox 1251 614 1312 682; x_wconf 77' lang='grc' dir='ltr'>τῇ</span> <span class='ocrx_word' id='word_1_36' title='bbox 1350 611 1628 683; x_wconf 67' lang='grc' dir='ltr'>μετανοίᾳ,</span> <span class='ocrx_word' id='word_1_37' title='bbox 1651 611 1808 663; x_wconf 82' lang='grc' dir='ltr'>τετύ-</span> 
     </span>
    </p>
   </div>
   <div class='ocr_carea' id='block_1_6' title="bbox 164 691 1811 770">
    <p class='ocr_par' dir='ltr' id='par_1_6' title="bbox 164 691 1811 770">
     <span class='ocr_line' id='line_1_6' title="bbox 164 691 1811 770; baseline 0.008 -28"><span class='ocrx_word' id='word_1_38' title='bbox 164 707 304 745; x_wconf 58' lang='lat' dir='ltr'><strong>unas.</strong></span> <span class='ocrx_word' id='word_1_39' title='bbox 328 691 448 745; x_wconf 74' lang='grc' dir='ltr'><strong>Καὶ</strong></span> <span class='ocrx_word' id='word_1_40' title='bbox 471 694 681 749; x_wconf 68' lang='grc' dir='ltr'>πάλιν</span> <span class='ocrx_word' id='word_1_41' title='bbox 754 700 1047 770; x_wconf 75' lang='grc' dir='ltr'><strong>εἴρηκεν</strong></span> <span class='ocrx_word' id='word_1_42' title='bbox 1086 701 1354 765; x_wconf 73' lang='grc' dir='ltr'>ὁΠαῦλοςο</span> <span class='ocrx_word' id='word_1_43' title='bbox 1405 702 1467 756; x_wconf 85' lang='grc' dir='ltr'><strong>Ἠ</strong></span> <span class='ocrx_word' id='word_1_44' title='bbox 1505 702 1709 769; x_wconf 76' lang='grc' dir='ltr'><strong>θλίψις</strong></span> <span class='ocrx_word' id='word_1_45' title='bbox 1738 700 1811 768; x_wconf 75' lang='grc' dir='ltr'>τῇ</span> 
     </span>
    </p>
   </div>
   <div class='ocr_carea' id='block_1_7' title="bbox 172 781 1813 862">
    <p class='ocr_par' dir='ltr' id='par_1_7' title="bbox 172 781 1813 862">
     <span class='ocr_line' id='line_1_7' title="bbox 172 781 1813 862; baseline -0.003 -12"><span class='ocrx_word' id='word_1_46' title='bbox 172 781 290 852; x_wconf 53' lang='grc' dir='ltr'><strong>ὑπ’κῆ</strong></span> <span class='ocrx_word' id='word_1_47' title='bbox 316 786 686 856; x_wconf 71' lang='grc' dir='ltr'><strong>ὑπομονὴν</strong></span> <span class='ocrx_word' id='word_1_48' title='bbox 726 792 1226 862; x_wconf 58' lang='grc' dir='ltr'>κατεργάζεται,</span> <span class='ocrx_word' id='word_1_49' title='bbox 1254 793 1291 859; x_wconf 75' lang='grc' dir='ltr'><strong><em>ἠ</em></strong></span> <span class='ocrx_word' id='word_1_50' title='bbox 1320 792 1386 845; x_wconf 84' lang='grc' dir='ltr'>δὲ</span> <span class='ocrx_word' id='word_1_51' title='bbox 1417 791 1689 862; x_wconf 75' lang='grc' dir='ltr'><strong>ὑπομονὴ</strong></span> <span class='ocrx_word' id='word_1_52' title='bbox 1724 792 1813 846; x_wconf 80' lang='grc' dir='ltr'><strong>δο-</strong></span> 
     </span>
    </p>
   </div>
   <div class='ocr_carea' id='block_1_8' title="bbox 178 878 1812 954">
    <p class='ocr_par' dir='ltr' id='par_1_8' title="bbox 178 878 1812 954">
     <span class='ocr_line' id='line_1_8' title="bbox 178 878 1812 954; baseline 0.004 -22"><span class='ocrx_word' id='word_1_53' title='bbox 178 878 322 947; x_wconf 66' lang='grc' dir='ltr'><strong>κιμὴν,</strong></span> <span class='ocrx_word' id='word_1_54' title='bbox 349 879 390 946; x_wconf 83' lang='grc' dir='ltr'>ἠ</span> <span class='ocrx_word' id='word_1_55' title='bbox 418 879 501 934; x_wconf 80' lang='grc' dir='ltr'>δὲ</span> <span class='ocrx_word' id='word_1_56' title='bbox 537 881 825 952; x_wconf 79' lang='grc' dir='ltr'><strong>δοκιμὴ</strong></span> <span class='ocrx_word' id='word_1_57' title='bbox 891 885 1155 947; x_wconf 73' lang='grc' dir='ltr'><strong>ἐλπίδα,</strong></span> <span class='ocrx_word' id='word_1_58' title='bbox 1193 888 1229 954; x_wconf 77' lang='grc' dir='ltr'>ἡ</span> <span class='ocrx_word' id='word_1_59' title='bbox 1252 884 1319 939; x_wconf 82' lang='grc' dir='ltr'>δὲ</span> <span class='ocrx_word' id='word_1_60' title='bbox 1359 886 1536 951; x_wconf 72' lang='grc' dir='ltr'>ἐλπὶς</span> <span class='ocrx_word' id='word_1_61' title='bbox 1566 886 1637 940; x_wconf 88' lang='grc' dir='ltr'><strong>οὺ</strong></span> <span class='ocrx_word' id='word_1_62' title='bbox 1672 901 1812 938; x_wconf 84' lang='grc' dir='ltr'><strong>κατ-</strong></span> 
     </span>
    </p>
   </div>
   <div class='ocr_carea' id='block_1_9' title="bbox 182 971 1815 1049">
    <p class='ocr_par' dir='ltr' id='par_1_9' title="bbox 182 971 1815 1049">
     <span class='ocr_line' id='line_1_9' title="bbox 182 971 1815 1049; baseline 0.004 -26"><span class='ocrx_word' id='word_1_63' title='bbox 182 971 417 1039; x_wconf 69' lang='grc' dir='ltr'><strong>αισχύνει.</strong></span> <span class='ocrx_word' id='word_1_64' title='bbox 487 974 597 1027; x_wconf 83' lang='grc' dir='ltr'>Ἑν</span> <span class='ocrx_word' id='word_1_65' title='bbox 622 975 697 1029; x_wconf 84' lang='grc' dir='ltr'>δὲ</span> <span class='ocrx_word' id='word_1_66' title='bbox 735 980 886 1041; x_wconf 83' lang='grc' dir='ltr'>τοῖς</span> <span class='ocrx_word' id='word_1_67' title='bbox 914 978 1183 1049; x_wconf 77' lang='grc' dir='ltr'>Ψαλμοῖς</span> <span class='ocrx_word' id='word_1_68' title='bbox 1225 980 1317 1031; x_wconf 73' lang='grc' dir='ltr'><strong>καὶ</strong></span> <span class='ocrx_word' id='word_1_69' title='bbox 1356 977 1470 1042; x_wconf 79' lang='grc' dir='ltr'>πῶς</span> <span class='ocrx_word' id='word_1_70' title='bbox 1516 978 1597 1031; x_wconf 86' lang='grc' dir='ltr'><strong>δεῖ</strong></span> <span class='ocrx_word' id='word_1_71' title='bbox 1629 976 1815 1048; x_wconf 73' lang='grc' dir='ltr'>φέρειν</span> 
     </span>
    </p>
   </div>
   <div class='ocr_carea' id='block_1_10' title="bbox 184 1063 1815 1141">
    <p class='ocr_par' dir='ltr' id='par_1_10' title="bbox 184 1063 1815 1141">
     <span class='ocr_line' id='line_1_10' title="bbox 184 1063 1815 1141; baseline 0.005 -26"><span class='ocrx_word' id='word_1_72' title='bbox 184 1066 250 1127; x_wconf 68' lang='lat' dir='ltr'><strong>ri;</strong></span> <span class='ocrx_word' id='word_1_73' title='bbox 268 1063 488 1133; x_wconf 66' lang='grc' dir='ltr'>θλίψεις,</span> <span class='ocrx_word' id='word_1_74' title='bbox 524 1067 641 1121; x_wconf 71' lang='grc' dir='ltr'><strong>καὶ</strong></span> <span class='ocrx_word' id='word_1_75' title='bbox 664 1069 733 1120; x_wconf 79' lang='grc' dir='ltr'><strong>τι</strong></span> <span class='ocrx_word' id='word_1_76' title='bbox 771 1068 1135 1141; x_wconf 77' lang='grc' dir='ltr'>θλιϐόμενον</span> <span class='ocrx_word' id='word_1_77' title='bbox 1157 1070 1235 1123; x_wconf 86' lang='grc' dir='ltr'><strong>δεῖ</strong></span> <span class='ocrx_word' id='word_1_78' title='bbox 1257 1070 1453 1139; x_wconf 80' lang='grc' dir='ltr'><strong>λέγειν,</strong></span> <span class='ocrx_word' id='word_1_79' title='bbox 1476 1070 1570 1123; x_wconf 78' lang='grc' dir='ltr'><strong>καὶ</strong></span> <span class='ocrx_word' id='word_1_80' title='bbox 1593 1069 1647 1123; x_wconf 82' lang='grc' dir='ltr'><strong>τί</strong></span> <span class='ocrx_word' id='word_1_81' title='bbox 1680 1070 1815 1137; x_wconf 76' lang='grc' dir='ltr'>μετὰ</span> 
     </span>
    </p>
   </div>
   <div class='ocr_carea' id='block_1_11' title="bbox 190 1154 1815 1229">
    <p class='ocr_par' dir='ltr' id='par_1_11' title="bbox 190 1154 1815 1229">
     <span class='ocr_line' id='line_1_11' title="bbox 190 1154 1815 1229; baseline 0.001 -22"><span class='ocrx_word' id='word_1_82' title='bbox 190 1154 259 1217; x_wconf 65' lang='grc' dir='ltr'>τὰς</span> <span class='ocrx_word' id='word_1_83' title='bbox 279 1154 497 1224; x_wconf 69' lang='grc' dir='ltr'>θλίψεις,</span> <span class='ocrx_word' id='word_1_84' title='bbox 522 1156 646 1209; x_wconf 70' lang='grc' dir='ltr'><strong>καὶ</strong></span> <span class='ocrx_word' id='word_1_85' title='bbox 696 1156 852 1221; x_wconf 80' lang='grc' dir='ltr'><strong>πῶς</strong></span> <span class='ocrx_word' id='word_1_86' title='bbox 922 1158 1165 1221; x_wconf 76' lang='grc' dir='ltr'>ἕκαστος</span> <span class='ocrx_word' id='word_1_87' title='bbox 1218 1157 1583 1229; x_wconf 73' lang='grc' dir='ltr'><strong>δοκιμάζεται,</strong></span> <span class='ocrx_word' id='word_1_88' title='bbox 1618 1156 1713 1214; x_wconf 77' lang='grc' dir='ltr'><strong>καὶ</strong></span> <span class='ocrx_word' id='word_1_89' title='bbox 1737 1156 1815 1209; x_wconf 82' lang='grc' dir='ltr'>τί-</span> 
     </span>
    </p>
   </div>
   <div class='ocr_carea' id='block_1_12' title="bbox 195 1244 1815 1319">
    <p class='ocr_par' dir='ltr' id='par_1_12' title="bbox 195 1244 1815 1319">
     <span class='ocr_line' id='line_1_12' title="bbox 195 1244 1815 1319; baseline 0.001 -22"><span class='ocrx_word' id='word_1_90' title='bbox 195 1244 481 1312; x_wconf 65' lang='grc' dir='ltr'>νεςοὶλόγοι</span> <span class='ocrx_word' id='word_1_91' title='bbox 516 1245 647 1298; x_wconf 79' lang='grc' dir='ltr'><strong>τῶν</strong></span> <span class='ocrx_word' id='word_1_92' title='bbox 681 1246 1073 1311; x_wconf 70' lang='grc' dir='ltr'><strong>ἐλπιζόντων</strong></span> <span class='ocrx_word' id='word_1_93' title='bbox 1110 1248 1202 1299; x_wconf 78' lang='grc' dir='ltr'><strong>ἐπὶ</strong></span> <span class='ocrx_word' id='word_1_94' title='bbox 1255 1246 1473 1319; x_wconf 82' lang='grc' dir='ltr'><strong>Κύριον,</strong></span> <span class='ocrx_word' id='word_1_95' title='bbox 1509 1246 1815 1317; x_wconf 79' lang='grc' dir='ltr'>γέγραπται</span> 
     </span>
    </p>
   </div>
   <div class='ocr_carea' id='block_1_13' title="bbox 198 1336 1817 1410">
    <p class='ocr_par' dir='ltr' id='par_1_13' title="bbox 198 1336 1817 1410">
     <span class='ocr_line' id='line_1_13' title="bbox 198 1336 1817 1410; baseline -0.001 -20"><span class='ocrx_word' id='word_1_96' title='bbox 198 1338 265 1390; x_wconf 73' lang='lat' dir='ltr'><strong>ui</strong></span> <span class='ocrx_word' id='word_1_97' title='bbox 286 1336 660 1406; x_wconf 57' lang='grc' dir='ltr'>κεχάρακται.</span> <span class='ocrx_word' id='word_1_98' title='bbox 718 1338 928 1392; x_wconf 79' lang='grc' dir='ltr'>Πάλιν</span> <span class='ocrx_word' id='word_1_99' title='bbox 988 1356 1052 1391; x_wconf 86' lang='grc' dir='ltr'><strong>τε</strong></span> <span class='ocrx_word' id='word_1_100' title='bbox 1099 1338 1282 1410; x_wconf 77' lang='grc' dir='ltr'>ἐντολή</span> <span class='ocrx_word' id='word_1_101' title='bbox 1342 1340 1487 1392; x_wconf 74' lang='grc' dir='ltr'>ἐστιν</span> <span class='ocrx_word' id='word_1_102' title='bbox 1539 1340 1595 1391; x_wconf 82' lang='grc' dir='ltr'><strong>ὲν</strong></span> <span class='ocrx_word' id='word_1_103' title='bbox 1652 1338 1817 1391; x_wconf 67' lang='grc' dir='ltr'><strong>οιτιαντλ⁸</strong></span> 
     </span>
    </p>
   </div>
   <div class='ocr_carea' id='block_1_14' title="bbox 202 1427 1817 1501">
    <p class='ocr_par' dir='ltr' id='par_1_14' title="bbox 202 1427 1817 1501">
     <span class='ocr_line' id='line_1_14' title="bbox 202 1427 1817 1501; baseline 0.001 -21"><span class='ocrx_word' id='word_1_104' title='bbox 202 1430 518 1498; x_wconf 66' lang='grc' dir='ltr'><strong>εὖχτιριπεῖψ</strong></span> <span class='ocrx_word' id='word_1_105' title='bbox 552 1429 719 1483; x_wconf 78' lang='grc' dir='ltr'>ἀλλὰ</span> <span class='ocrx_word' id='word_1_106' title='bbox 747 1432 866 1484; x_wconf 71' lang='grc' dir='ltr'><strong>καὶ</strong></span> <span class='ocrx_word' id='word_1_107' title='bbox 908 1430 970 1483; x_wconf 80' lang='grc' dir='ltr'><strong>τί</strong></span> <span class='ocrx_word' id='word_1_108' title='bbox 1000 1431 1085 1484; x_wconf 88' lang='grc' dir='ltr'><strong>δεῖ</strong></span> <span class='ocrx_word' id='word_1_109' title='bbox 1142 1430 1318 1499; x_wconf 79' lang='grc' dir='ltr'>λέγειν</span> <span class='ocrx_word' id='word_1_110' title='bbox 1366 1427 1817 1501; x_wconf 77' lang='grc' dir='ltr'><strong>εὐχαριστοῦντας</strong></span> 
     </span>
    </p>
   </div>
   <div class='ocr_carea' id='block_1_15' title="bbox 204 1516 1815 1591">
    <p class='ocr_par' dir='ltr' id='par_1_15' title="bbox 204 1516 1815 1591">
     <span class='ocr_line' id='line_1_15' title="bbox 204 1516 1815 1591; baseline 0 -21"><span class='ocrx_word' id='word_1_111' title='bbox 204 1518 501 1572; x_wconf 69' lang='grc' dir='ltr'><strong>διδάσκουσιν</strong></span> <span class='ocrx_word' id='word_1_112' title='bbox 536 1520 596 1571; x_wconf 70' lang='grc' dir='ltr'>οἱ</span> <span class='ocrx_word' id='word_1_113' title='bbox 631 1519 923 1591; x_wconf 70' lang='grc' dir='ltr'><strong>’ἰ-ἀλμοί.</strong></span> <span class='ocrx_word' id='word_1_114' title='bbox 957 1516 1099 1574; x_wconf 72' lang='grc' dir='ltr'>Εἶτα</span> <span class='ocrx_word' id='word_1_115' title='bbox 1121 1521 1248 1591; x_wconf 83' lang='grc' dir='ltr'>παρ’</span> <span class='ocrx_word' id='word_1_116' title='bbox 1284 1518 1482 1591; x_wconf 79' lang='grc' dir='ltr'>ἑτέρων</span> <span class='ocrx_word' id='word_1_117' title='bbox 1507 1519 1815 1580; x_wconf 82' lang='grc' dir='ltr'>ἀκούοντες·</span> 
     </span>
    </p>
   </div>
   <div class='ocr_carea' id='block_1_16' title="bbox 208 1609 1819 1683">
    <p class='ocr_par' dir='ltr' id='par_1_16' title="bbox 208 1609 1819 1683">
     <span class='ocr_line' id='line_1_16' title="bbox 208 1609 1819 1683; baseline 0 -20"><span class='ocrx_word' id='word_1_118' title='bbox 208 1611 335 1664; x_wconf 79' lang='grc' dir='ltr'><strong>Ὅσοι</strong></span> <span class='ocrx_word' id='word_1_119' title='bbox 367 1610 682 1666; x_wconf 68' lang='grc' dir='ltr'><strong>θέλουσιν</strong></span> <span class='ocrx_word' id='word_1_120' title='bbox 714 1613 1023 1680; x_wconf 80' lang='grc' dir='ltr'><strong>εὐσεϐῶς</strong></span> <span class='ocrx_word' id='word_1_121' title='bbox 1055 1613 1163 1682; x_wconf 76' lang='grc' dir='ltr'><strong>ζῇν</strong></span> <span class='ocrx_word' id='word_1_122' title='bbox 1194 1613 1644 1683; x_wconf 79' lang='grc' dir='ltr'><strong>διωχθήσονται,</strong></span> <span class='ocrx_word' id='word_1_123' title='bbox 1670 1609 1819 1681; x_wconf 77' lang='grc' dir='ltr'>παρὰ</span> 
     </span>
    </p>
   </div>
   <div class='ocr_carea' id='block_1_17' title="bbox 209 1702 1816 1775">
    <p class='ocr_par' dir='ltr' id='par_1_17' title="bbox 209 1702 1816 1775">
     <span class='ocr_line' id='line_1_17' title="bbox 209 1702 1816 1775; baseline 0.001 -20"><span class='ocrx_word' id='word_1_124' title='bbox 209 1702 372 1755; x_wconf 59' lang='lat' dir='ltr'><strong>mium:</strong></span> <span class='ocrx_word' id='word_1_125' title='bbox 399 1702 839 1775; x_wconf 70' lang='grc' dir='ltr'><strong>διδαακόμεθα,</strong></span> <span class='ocrx_word' id='word_1_126' title='bbox 875 1707 984 1759; x_wconf 76' lang='grc' dir='ltr'>καὶ</span> <span class='ocrx_word' id='word_1_127' title='bbox 1018 1705 1137 1769; x_wconf 83' lang='grc' dir='ltr'><strong>πῶς</strong></span> <span class='ocrx_word' id='word_1_128' title='bbox 1160 1705 1239 1759; x_wconf 85' lang='grc' dir='ltr'>δεῖ</span> <span class='ocrx_word' id='word_1_129' title='bbox 1274 1706 1569 1775; x_wconf 70' lang='grc' dir='ltr'>φεύγοντας</span> <span class='ocrx_word' id='word_1_130' title='bbox 1602 1707 1816 1773; x_wconf 74' lang='grc' dir='ltr'>φωνεῖν,</span> 
     </span>
    </p>
   </div>
   <div class='ocr_carea' id='block_1_18' title="bbox 213 1789 1895 1873">
    <p class='ocr_par' dir='ltr' id='par_1_18' title="bbox 213 1789 1895 1873">
     <span class='ocr_line' id='line_1_18' title="bbox 213 1789 1895 1873; baseline 0.003 -28"><span class='ocrx_word' id='word_1_131' title='bbox 213 1795 283 1846; x_wconf 69' lang='grc' dir='ltr'><strong>λαὶ</strong></span> <span class='ocrx_word' id='word_1_132' title='bbox 300 1794 443 1857; x_wconf 70' lang='grc' dir='ltr'>τινας</span> <span class='ocrx_word' id='word_1_133' title='bbox 470 1795 888 1868; x_wconf 75' lang='grc' dir='ltr'><strong>διωκομένους</strong></span> <span class='ocrx_word' id='word_1_134' title='bbox 918 1798 1022 1851; x_wconf 73' lang='grc' dir='ltr'>καὶ</span> <span class='ocrx_word' id='word_1_135' title='bbox 1050 1796 1190 1868; x_wconf 74' lang='grc' dir='ltr'>μετὰ</span> <span class='ocrx_word' id='word_1_136' title='bbox 1214 1797 1304 1850; x_wconf 83' lang='grc' dir='ltr'><strong>τὸν</strong></span> <span class='ocrx_word' id='word_1_137' title='bbox 1332 1797 1566 1867; x_wconf 74' lang='grc' dir='ltr'>διωγμὸν</span> <span class='ocrx_word' id='word_1_138' title='bbox 1599 1796 1821 1873; x_wconf 71' lang='grc' dir='ltr'><strong>ῥυσθέν-</strong></span> <span class='ocrx_word' id='word_1_139' title='bbox 1852 1789 1895 1843; x_wconf 84' lang='grc' dir='ltr'><strong>Β</strong></span> 
     </span>
    </p>
   </div>
   <div class='ocr_carea' id='block_1_19' title="bbox 212 1887 1820 1962">
    <p class='ocr_par' dir='ltr' id='par_1_19' title="bbox 212 1887 1820 1962">
     <span class='ocr_line' id='line_1_19' title="bbox 212 1887 1820 1962; baseline 0.002 -24"><span class='ocrx_word' id='word_1_140' title='bbox 212 1903 286 1949; x_wconf 74' lang='grc' dir='ltr'><strong>τις</strong></span> <span class='ocrx_word' id='word_1_141' title='bbox 323 1887 399 1940; x_wconf 76' lang='grc' dir='ltr'>δεῖ</span> <span class='ocrx_word' id='word_1_142' title='bbox 436 1888 648 1958; x_wconf 81' lang='grc' dir='ltr'>λόγους</span> <span class='ocrx_word' id='word_1_143' title='bbox 686 1888 1022 1962; x_wconf 73' lang='grc' dir='ltr'>ἀναφέρειν</span> <span class='ocrx_word' id='word_1_144' title='bbox 1048 1888 1129 1959; x_wconf 84' lang='grc' dir='ltr'>τῷ</span> <span class='ocrx_word' id='word_1_145' title='bbox 1149 1887 1286 1960; x_wconf 82' lang='grc' dir='ltr'><strong>Θεῷ.</strong></span> <span class='ocrx_word' id='word_1_146' title='bbox 1315 1888 1569 1957; x_wconf 79' lang='grc' dir='ltr'>Εὑλογεῖν</span> <span class='ocrx_word' id='word_1_147' title='bbox 1604 1904 1820 1960; x_wconf 85' lang='grc' dir='ltr'>παραγ-</span> 
     </span>
    </p>
   </div>
   <div class='ocr_carea' id='block_1_20' title="bbox 215 1980 1821 2053">
    <p class='ocr_par' dir='ltr' id='par_1_20' title="bbox 215 1980 1821 2053">
     <span class='ocr_line' id='line_1_20' title="bbox 215 1980 1821 2053; baseline 0.002 -22"><span class='ocrx_word' id='word_1_148' title='bbox 215 1981 478 2051; x_wconf 73' lang='grc' dir='ltr'>τιλλόμεθα</span> <span class='ocrx_word' id='word_1_149' title='bbox 546 1983 652 2036; x_wconf 74' lang='grc' dir='ltr'>τὸν</span> <span class='ocrx_word' id='word_1_150' title='bbox 699 1984 963 2053; x_wconf 80' lang='grc' dir='ltr'><strong>Κύριον,</strong></span> <span class='ocrx_word' id='word_1_151' title='bbox 1023 1983 1120 2035; x_wconf 77' lang='grc' dir='ltr'>καὶ</span> <span class='ocrx_word' id='word_1_152' title='bbox 1172 1980 1610 2052; x_wconf 76' lang='grc' dir='ltr'><strong>ἐξομολογεῖσθαι</strong></span> <span class='ocrx_word' id='word_1_153' title='bbox 1652 1981 1821 2051; x_wconf 82' lang='grc' dir='ltr'>αὐτῷ’</span> 
     </span>
    </p>
   </div>
   <div class='ocr_carea' id='block_1_21' title="bbox 216 2072 1824 2144">
    <p class='ocr_par' dir='ltr' id='par_1_21' title="bbox 216 2072 1824 2144">
     <span class='ocr_line' id='line_1_21' title="bbox 216 2072 1824 2144; baseline 0.001 -21"><span class='ocrx_word' id='word_1_154' title='bbox 216 2072 306 2123; x_wconf 70' lang='grc' dir='ltr'><strong>ἀλλ’</strong></span> <span class='ocrx_word' id='word_1_155' title='bbox 332 2074 387 2124; x_wconf 74' lang='grc' dir='ltr'>ἑν</span> <span class='ocrx_word' id='word_1_156' title='bbox 426 2076 539 2137; x_wconf 80' lang='grc' dir='ltr'>τοῖς</span> <span class='ocrx_word' id='word_1_157' title='bbox 585 2074 876 2144; x_wconf 76' lang='grc' dir='ltr'><strong>Ψαλμοῖς</strong></span> <span class='ocrx_word' id='word_1_158' title='bbox 911 2072 1241 2144; x_wconf 80' lang='grc' dir='ltr'>τυπούμεθα</span> <span class='ocrx_word' id='word_1_159' title='bbox 1279 2072 1394 2136; x_wconf 84' lang='grc' dir='ltr'><strong>πῶς</strong></span> <span class='ocrx_word' id='word_1_160' title='bbox 1430 2090 1492 2126; x_wconf 90' lang='grc' dir='ltr'>τε</span> <span class='ocrx_word' id='word_1_161' title='bbox 1550 2074 1716 2126; x_wconf 76' lang='grc' dir='ltr'>αἰνεῖν</span> <span class='ocrx_word' id='word_1_162' title='bbox 1745 2072 1824 2125; x_wconf 87' lang='grc' dir='ltr'>δεῖ</span> 
     </span>
    </p>
   </div>
   <div class='ocr_carea' id='block_1_22' title="bbox 215 2164 1825 2236">
    <p class='ocr_par' dir='ltr' id='par_1_22' title="bbox 215 2164 1825 2236">
     <span class='ocr_line' id='line_1_22' title="bbox 215 2164 1825 2236; baseline 0.002 -22"><span class='ocrx_word' id='word_1_163' title='bbox 215 2165 287 2215; x_wconf 68' lang='grc' dir='ltr'><strong>τὸν</strong></span> <span class='ocrx_word' id='word_1_164' title='bbox 314 2165 535 2235; x_wconf 74' lang='grc' dir='ltr'>Κύριον,</span> <span class='ocrx_word' id='word_1_165' title='bbox 561 2168 668 2220; x_wconf 69' lang='grc' dir='ltr'><strong>καὶ</strong></span> <span class='ocrx_word' id='word_1_166' title='bbox 700 2166 843 2220; x_wconf 78' lang='grc' dir='ltr'>τινα</span> <span class='ocrx_word' id='word_1_167' title='bbox 917 2166 1153 2235; x_wconf 76' lang='grc' dir='ltr'>ῥήματα</span> <span class='ocrx_word' id='word_1_168' title='bbox 1202 2164 1450 2234; x_wconf 82' lang='grc' dir='ltr'>λέγοντες</span> <span class='ocrx_word' id='word_1_169' title='bbox 1474 2164 1825 2236; x_wconf 76' lang='grc' dir='ltr'>ἐξομολογού-</span> 
     </span>
    </p>
   </div>
   <div class='ocr_carea' id='block_1_23' title="bbox 220 2256 1824 2327">
    <p class='ocr_par' dir='ltr' id='par_1_23' title="bbox 220 2256 1824 2327">
     <span class='ocr_line' id='line_1_23' title="bbox 220 2256 1824 2327; baseline 0.001 -18"><span class='ocrx_word' id='word_1_170' title='bbox 220 2256 336 2323; x_wconf 70' lang='grc' dir='ltr'>μεθα</span> <span class='ocrx_word' id='word_1_171' title='bbox 366 2258 724 2327; x_wconf 72' lang='grc' dir='ltr'><strong>πρεπόντως.</strong></span> <span class='ocrx_word' id='word_1_172' title='bbox 756 2257 882 2310; x_wconf 72' lang='grc' dir='ltr'><strong>Καὶ</strong></span> <span class='ocrx_word' id='word_1_173' title='bbox 934 2257 1027 2326; x_wconf 78' lang='grc' dir='ltr'><strong>ἐφ’</strong></span> <span class='ocrx_word' id='word_1_174' title='bbox 1058 2256 1288 2310; x_wconf 77' lang='grc' dir='ltr'><strong>ἑκάστου</strong></span> <span class='ocrx_word' id='word_1_175' title='bbox 1329 2256 1385 2310; x_wconf 78' lang='grc' dir='ltr'>δέ</span> <span class='ocrx_word' id='word_1_176' title='bbox 1426 2275 1509 2322; x_wconf 89' lang='grc' dir='ltr'>τις</span> <span class='ocrx_word' id='word_1_177' title='bbox 1558 2257 1730 2321; x_wconf 68' lang='grc' dir='ltr'>οὕτως</span> <span class='ocrx_word' id='word_1_178' title='bbox 1758 2256 1824 2311; x_wconf 78' lang='grc' dir='ltr'><strong>ἂν</strong></span> 
     </span>
    </p>
   </div>
   <div class='ocr_carea' id='block_1_24' title="bbox 219 2346 1825 2420">
    <p class='ocr_par' dir='ltr' id='par_1_24' title="bbox 219 2346 1825 2420">
     <span class='ocr_line' id='line_1_24' title="bbox 219 2346 1825 2420; baseline 0.003 -23"><span class='ocrx_word' id='word_1_179' title='bbox 219 2346 348 2416; x_wconf 75' lang='grc' dir='ltr'>εὖροι</span> <span class='ocrx_word' id='word_1_180' title='bbox 375 2349 471 2411; x_wconf 74' lang='grc' dir='ltr'><strong>τὰς</strong></span> <span class='ocrx_word' id='word_1_181' title='bbox 490 2348 658 2412; x_wconf 79' lang='grc' dir='ltr'>θείας</span> <span class='ocrx_word' id='word_1_182' title='bbox 690 2348 873 2420; x_wconf 68' lang='grc' dir='ltr'><strong>ᾠδὰς,</strong></span> <span class='ocrx_word' id='word_1_183' title='bbox 904 2348 1052 2418; x_wconf 77' lang='grc' dir='ltr'>πρὸς</span> <span class='ocrx_word' id='word_1_184' title='bbox 1076 2349 1222 2419; x_wconf 75' lang='grc' dir='ltr'>ἡμᾶς</span> <span class='ocrx_word' id='word_1_185' title='bbox 1257 2350 1350 2403; x_wconf 75' lang='grc' dir='ltr'>καὶ</span> <span class='ocrx_word' id='word_1_186' title='bbox 1403 2349 1560 2420; x_wconf 80' lang='grc' dir='ltr'>ἡμῶν</span> <span class='ocrx_word' id='word_1_187' title='bbox 1586 2351 1825 2420; x_wconf 83' lang='grc' dir='ltr'><strong>κινήσεις</strong></span> 
     </span>
    </p>
   </div>
   <div class='ocr_carea' id='block_1_25' title="bbox 221 2442 1049 2514">
    <p class='ocr_par' dir='ltr' id='par_1_25' title="bbox 221 2442 1049 2514">
     <span class='ocr_line' id='line_1_25' title="bbox 221 2442 1049 2514; baseline 0.004 -20"><span class='ocrx_word' id='word_1_188' title='bbox 221 2443 300 2494; x_wconf 76' lang='lat' dir='ltr'><strong>ui</strong></span> <span class='ocrx_word' id='word_1_189' title='bbox 334 2444 711 2507; x_wconf 65' lang='grc' dir='ltr'><strong>κατιεῖ-τάσεις</strong></span> <span class='ocrx_word' id='word_1_190' title='bbox 745 2442 1049 2514; x_wconf 69' lang='grc' dir='ltr'>κειμένας.</span> 
     </span>
    </p>
   </div>
   <div class='ocr_carea' id='block_1_26' title="bbox 284 2624 1825 2698">
    <p class='ocr_par' dir='ltr' id='par_1_26' title="bbox 284 2624 1825 2698">
     <span class='ocr_line' id='line_1_26' title="bbox 284 2624 1825 2698; baseline 0.003 -22"><span class='ocrx_word' id='word_1_191' title='bbox 284 2631 367 2677; x_wconf 68' lang='grc' dir='ltr'><strong>ια’.</strong></span> <span class='ocrx_word' id='word_1_192' title='bbox 395 2626 506 2679; x_wconf 71' lang='grc' dir='ltr'>Καὶ</span> <span class='ocrx_word' id='word_1_193' title='bbox 531 2625 654 2698; x_wconf 82' lang='grc' dir='ltr'><strong>γὰρ</strong></span> <span class='ocrx_word' id='word_1_194' title='bbox 679 2625 786 2679; x_wconf 72' lang='grc' dir='ltr'><strong>καὶ</strong></span> <span class='ocrx_word' id='word_1_195' title='bbox 846 2625 1019 2678; x_wconf 88' lang='grc' dir='ltr'>τοῦτο</span> <span class='ocrx_word' id='word_1_196' title='bbox 1060 2624 1358 2697; x_wconf 81' lang='grc' dir='ltr'>παράδοξόν</span> <span class='ocrx_word' id='word_1_197' title='bbox 1409 2625 1524 2678; x_wconf 79' lang='grc' dir='ltr'>ἐστι</span> <span class='ocrx_word' id='word_1_198' title='bbox 1568 2624 1728 2679; x_wconf 81' lang='grc' dir='ltr'><strong>πάλιν</strong></span> <span class='ocrx_word' id='word_1_199' title='bbox 1768 2627 1825 2681; x_wconf 82' lang='grc' dir='ltr'>ἐν</span> 
     </span>
    </p>
   </div>
   <div class='ocr_carea' id='block_1_27' title="bbox 226 2716 1826 2789">
    <p class='ocr_par' dir='ltr' id='par_1_27' title="bbox 226 2716 1826 2789">
     <span class='ocr_line' id='line_1_27' title="bbox 226 2716 1826 2789; baseline 0 -19"><span class='ocrx_word' id='word_1_200' title='bbox 226 2719 323 2780; x_wconf 73' lang='grc' dir='ltr'>τοίς</span> <span class='ocrx_word' id='word_1_201' title='bbox 345 2717 622 2789; x_wconf 63' lang='grc' dir='ltr'>Ψαλμοῖς,</span> <span class='ocrx_word' id='word_1_202' title='bbox 657 2719 748 2772; x_wconf 78' lang='grc' dir='ltr'><strong>ὅτι</strong></span> <span class='ocrx_word' id='word_1_203' title='bbox 780 2719 839 2770; x_wconf 81' lang='grc' dir='ltr'><strong>ὲν</strong></span> <span class='ocrx_word' id='word_1_204' title='bbox 875 2718 978 2789; x_wconf 83' lang='grc' dir='ltr'><strong>μὲν</strong></span> <span class='ocrx_word' id='word_1_205' title='bbox 1029 2720 1149 2781; x_wconf 85' lang='grc' dir='ltr'>ταῖς</span> <span class='ocrx_word' id='word_1_206' title='bbox 1194 2717 1381 2781; x_wconf 79' lang='grc' dir='ltr'>ἄλλαις</span> <span class='ocrx_word' id='word_1_207' title='bbox 1439 2716 1640 2789; x_wconf 80' lang='grc' dir='ltr'><strong>βίϐλοις</strong></span> <span class='ocrx_word' id='word_1_208' title='bbox 1681 2717 1717 2772; x_wconf 73' lang='grc' dir='ltr'><strong>ἃ</strong></span> <span class='ocrx_word' id='word_1_209' title='bbox 1741 2716 1826 2770; x_wconf 81' lang='grc' dir='ltr'><strong>λέ-</strong></span> 
     </span>
    </p>
   </div>
   <div class='ocr_carea' id='block_1_28' title="bbox 232 2801 1826 2880">
    <p class='ocr_par' dir='ltr' id='par_1_28' title="bbox 232 2801 1826 2880">
     <span class='ocr_line' id='line_1_28' title="bbox 232 2801 1826 2880; baseline 0.001 -20"><span class='ocrx_word' id='word_1_210' title='bbox 232 2825 402 2873; x_wconf 47' lang='lat' dir='ltr'><strong>rerum</strong></span> <span class='ocrx_word' id='word_1_211' title='bbox 426 2812 474 2864; x_wconf 80' lang='lat' dir='ltr'><strong>oi</strong></span> <span class='ocrx_word' id='word_1_212' title='bbox 536 2811 722 2878; x_wconf 80' lang='grc' dir='ltr'>ᾶγιοι,</span> <span class='ocrx_word' id='word_1_213' title='bbox 778 2810 879 2863; x_wconf 78' lang='grc' dir='ltr'><strong>καὶ</strong></span> <span class='ocrx_word' id='word_1_214' title='bbox 906 2808 1043 2880; x_wconf 77' lang='grc' dir='ltr'>περὶ</span> <span class='ocrx_word' id='word_1_215' title='bbox 1068 2801 1141 2862; x_wconf 83' lang='grc' dir='ltr'><strong>ὧν</strong></span> <span class='ocrx_word' id='word_1_216' title='bbox 1168 2808 1234 2863; x_wconf 83' lang='grc' dir='ltr'>ἂν</span> <span class='ocrx_word' id='word_1_217' title='bbox 1273 2808 1493 2878; x_wconf 81' lang='grc' dir='ltr'>λέγωσι,</span> <span class='ocrx_word' id='word_1_218' title='bbox 1527 2808 1703 2864; x_wconf 86' lang='grc' dir='ltr'>ταῦτα</span> <span class='ocrx_word' id='word_1_219' title='bbox 1734 2810 1826 2863; x_wconf 77' lang='grc' dir='ltr'><strong>καὶ</strong></span> 
     </span>
    </p>
   </div>
   <div class='ocr_carea' id='block_1_29' title="bbox 229 2894 1828 2971">
    <p class='ocr_par' dir='ltr' id='par_1_29' title="bbox 229 2894 1828 2971">
     <span class='ocr_line' id='line_1_29' title="bbox 229 2894 1828 2971; baseline 0.003 -21"><span class='ocrx_word' id='word_1_220' title='bbox 229 2901 273 2950; x_wconf 74' lang='grc' dir='ltr'><strong>οἱ</strong></span> <span class='ocrx_word' id='word_1_221' title='bbox 294 2901 798 2969; x_wconf 66' lang='grc' dir='ltr'><strong>ἀναγινώσκοντες,</strong></span> <span class='ocrx_word' id='word_1_222' title='bbox 828 2901 961 2971; x_wconf 71' lang='grc' dir='ltr'>περὶ</span> <span class='ocrx_word' id='word_1_223' title='bbox 994 2894 1073 2953; x_wconf 83' lang='grc' dir='ltr'><strong>ὧν</strong></span> <span class='ocrx_word' id='word_1_224' title='bbox 1099 2902 1279 2954; x_wconf 78' lang='grc' dir='ltr'>ἐκεῖνα</span> <span class='ocrx_word' id='word_1_225' title='bbox 1301 2900 1629 2971; x_wconf 82' lang='grc' dir='ltr'>γέγραπται,</span> <span class='ocrx_word' id='word_1_226' title='bbox 1656 2901 1828 2969; x_wconf 84' lang='grc' dir='ltr'>ἀπαγ-</span> 
     </span>
    </p>
   </div>
   <div class='ocr_carea' id='block_1_30' title="bbox 234 2990 1827 3056">
    <p class='ocr_par' dir='ltr' id='par_1_30' title="bbox 234 2990 1827 3056">
     <span class='ocr_line' id='line_1_30' title="bbox 234 2990 1827 3056; baseline 0 -11"><span class='ocrx_word' id='word_1_227' title='bbox 234 2990 493 3056; x_wconf 61' lang='grc' dir='ltr'>γξάοπές</span> <span class='ocrx_word' id='word_1_228' title='bbox 536 2994 710 3045; x_wconf 80' lang='grc' dir='ltr'>εἰσιν·</span> <span class='ocrx_word' id='word_1_229' title='bbox 773 2992 828 3044; x_wconf 80' lang='grc' dir='ltr'>οἵ</span> <span class='ocrx_word' id='word_1_230' title='bbox 874 3008 935 3044; x_wconf 87' lang='grc' dir='ltr'>τε</span> <span class='ocrx_word' id='word_1_231' title='bbox 1001 2991 1291 3056; x_wconf 82' lang='grc' dir='ltr'>ἀκούοντες</span> <span class='ocrx_word' id='word_1_232' title='bbox 1354 2991 1546 3055; x_wconf 81' lang='grc' dir='ltr'>ἄλλους</span> <span class='ocrx_word' id='word_1_233' title='bbox 1604 2992 1827 3055; x_wconf 75' lang='grc' dir='ltr'>ἑαυτοὺς</span> 
     </span>
    </p>
   </div>
   <div class='ocr_carea' id='block_1_31' title="bbox 232 3077 1826 3154">
    <p class='ocr_par' dir='ltr' id='par_1_31' title="bbox 232 3077 1826 3154">
     <span class='ocr_line' id='line_1_31' title="bbox 232 3077 1826 3154; baseline 0.001 -21"><span class='ocrx_word' id='word_1_234' title='bbox 232 3083 441 3137; x_wconf 75' lang='grc' dir='ltr'><strong>ἐκείνων</strong></span> <span class='ocrx_word' id='word_1_235' title='bbox 484 3084 789 3154; x_wconf 65' lang='grc' dir='ltr'>ἡγοῦνται,</span> <span class='ocrx_word' id='word_1_236' title='bbox 824 3084 958 3154; x_wconf 75' lang='grc' dir='ltr'>περὶ</span> <span class='ocrx_word' id='word_1_237' title='bbox 1005 3077 1083 3137; x_wconf 78' lang='grc' dir='ltr'><strong>ὧν</strong></span> <span class='ocrx_word' id='word_1_238' title='bbox 1117 3085 1145 3136; x_wconf 83' lang='grc' dir='ltr'>ὁ</span> <span class='ocrx_word' id='word_1_239' title='bbox 1196 3083 1352 3153; x_wconf 81' lang='grc' dir='ltr'>λόγος</span> <span class='ocrx_word' id='word_1_240' title='bbox 1397 3085 1553 3154; x_wconf 64' lang='grc' dir='ltr'>φησι,</span> <span class='ocrx_word' id='word_1_241' title='bbox 1603 3082 1826 3146; x_wconf 77' lang='grc' dir='ltr'>καὶτὰς</span> 
     </span>
    </p>
   </div>
   <div class='ocr_carea' id='block_1_32' title="bbox 233 3174 1828 3248">
    <p class='ocr_par' dir='ltr' id='par_1_32' title="bbox 233 3174 1828 3248">
     <span class='ocr_line' id='line_1_32' title="bbox 233 3174 1828 3248; baseline 0.003 -23"><span class='ocrx_word' id='word_1_242' title='bbox 233 3176 709 3247; x_wconf 71' lang='grc' dir='ltr'>ἑπαγγελλομένας</span> <span class='ocrx_word' id='word_1_243' title='bbox 757 3176 817 3229; x_wconf 81' lang='grc' dir='ltr'>δὲ</span> <span class='ocrx_word' id='word_1_244' title='bbox 838 3175 1094 3248; x_wconf 78' lang='grc' dir='ltr'>πράξεις,</span> <span class='ocrx_word' id='word_1_245' title='bbox 1123 3174 1248 3247; x_wconf 81' lang='grc' dir='ltr'>ἄχρι</span> <span class='ocrx_word' id='word_1_246' title='bbox 1278 3174 1373 3229; x_wconf 86' lang='grc' dir='ltr'>τοῦ</span> <span class='ocrx_word' id='word_1_247' title='bbox 1413 3175 1712 3246; x_wconf 77' lang='grc' dir='ltr'>Θαυμάςειν</span> <span class='ocrx_word' id='word_1_248' title='bbox 1734 3175 1828 3229; x_wconf 70' lang='grc' dir='ltr'>καὶ</span> 
     </span>
    </p>
   </div>
   <div class='ocr_carea' id='block_1_33' title="bbox 233 3266 1829 3341">
    <p class='ocr_par' dir='ltr' id='par_1_33' title="bbox 233 3266 1829 3341">
     <span class='ocr_line' id='line_1_33' title="bbox 233 3266 1829 3341; baseline -0.001 -19"><span class='ocrx_word' id='word_1_249' title='bbox 233 3266 419 3337; x_wconf 67' lang='grc' dir='ltr'>ζηλοῦν</span> <span class='ocrx_word' id='word_1_250' title='bbox 446 3270 644 3335; x_wconf 69' lang='grc' dir='ltr'>αὐτὰς,</span> <span class='ocrx_word' id='word_1_251' title='bbox 680 3271 768 3333; x_wconf 70' lang='grc' dir='ltr'>εἰς</span> <span class='ocrx_word' id='word_1_252' title='bbox 808 3270 871 3323; x_wconf 85' lang='grc' dir='ltr'>τὸ</span> <span class='ocrx_word' id='word_1_253' title='bbox 901 3268 1189 3341; x_wconf 82' lang='grc' dir='ltr'>μιμεῖσθαι</span> <span class='ocrx_word' id='word_1_254' title='bbox 1217 3268 1481 3337; x_wconf 80' lang='grc' dir='ltr'>γίνονται.</span> <span class='ocrx_word' id='word_1_255' title='bbox 1528 3267 1745 3339; x_wconf 80' lang='grc' dir='ltr'><strong>Ταύτην</strong></span> <span class='ocrx_word' id='word_1_256' title='bbox 1772 3267 1829 3321; x_wconf 78' lang='grc' dir='ltr'>δὲ</span> 
     </span>
    </p>
   </div>
   <div class='ocr_carea' id='block_1_34' title="bbox 232 3358 1833 3433">
    <p class='ocr_par' dir='ltr' id='par_1_34' title="bbox 232 3358 1833 3433">
     <span class='ocr_line' id='line_1_34' title="bbox 232 3358 1833 3433; baseline 0.001 -22"><span class='ocrx_word' id='word_1_257' title='bbox 232 3358 452 3426; x_wconf 70' lang='grc' dir='ltr'>βὶἧλονό</span> <span class='ocrx_word' id='word_1_258' title='bbox 474 3362 789 3433; x_wconf 76' lang='grc' dir='ltr'>λαμϐάνων</span> <span class='ocrx_word' id='word_1_259' title='bbox 821 3362 922 3424; x_wconf 73' lang='grc' dir='ltr'><strong>τὰς</strong></span> <span class='ocrx_word' id='word_1_260' title='bbox 968 3362 1070 3431; x_wconf 80' lang='grc' dir='ltr'>μὲν</span> <span class='ocrx_word' id='word_1_261' title='bbox 1100 3361 1225 3432; x_wconf 84' lang='grc' dir='ltr'>περὶ</span> <span class='ocrx_word' id='word_1_262' title='bbox 1263 3358 1356 3413; x_wconf 87' lang='grc' dir='ltr'><strong>τοῦ</strong></span> <span class='ocrx_word' id='word_1_263' title='bbox 1388 3360 1637 3431; x_wconf 77' lang='grc' dir='ltr'>Σωτῆρος</span> <span class='ocrx_word' id='word_1_264' title='bbox 1696 3376 1833 3431; x_wconf 78' lang='grc' dir='ltr'>προ-</span> 
     </span>
    </p>
   </div>
   <div class='ocr_carea' id='block_1_35' title="bbox 233 3451 1831 3525">
    <p class='ocr_par' dir='ltr' id='par_1_35' title="bbox 233 3451 1831 3525">
     <span class='ocr_line' id='line_1_35' title="bbox 233 3451 1831 3525; baseline 0.001 -20"><span class='ocrx_word' id='word_1_265' title='bbox 233 3454 452 3521; x_wconf 65' lang='grc' dir='ltr'>ςητείας</span> <span class='ocrx_word' id='word_1_266' title='bbox 473 3454 738 3525; x_wconf 78' lang='grc' dir='ltr'>συνήθως</span> <span class='ocrx_word' id='word_1_267' title='bbox 766 3455 824 3506; x_wconf 77' lang='grc' dir='ltr'><strong>ὲν</strong></span> <span class='ocrx_word' id='word_1_268' title='bbox 858 3455 981 3517; x_wconf 86' lang='grc' dir='ltr'>ταῖς</span> <span class='ocrx_word' id='word_1_269' title='bbox 1030 3452 1219 3517; x_wconf 81' lang='grc' dir='ltr'>ἄλλαις</span> <span class='ocrx_word' id='word_1_270' title='bbox 1251 3454 1495 3524; x_wconf 86' lang='grc' dir='ltr'>Γραφαῖς</span> <span class='ocrx_word' id='word_1_271' title='bbox 1538 3451 1831 3523; x_wconf 73' lang='grc' dir='ltr'>Θαυμὰζων</span> 
     </span>
    </p>
   </div>
   <div class='ocr_carea' id='block_1_36' title="bbox 230 3544 1833 3618">
    <p class='ocr_par' dir='ltr' id='par_1_36' title="bbox 230 3544 1833 3618">
     <span class='ocr_line' id='line_1_36' title="bbox 230 3544 1833 3618; baseline 0.002 -23"><span class='ocrx_word' id='word_1_272' title='bbox 230 3544 322 3595; x_wconf 76' lang='grc' dir='ltr'><strong>καὶ</strong></span> <span class='ocrx_word' id='word_1_273' title='bbox 348 3546 678 3618; x_wconf 71' lang='grc' dir='ltr'>προσκυνῶν</span> <span class='ocrx_word' id='word_1_274' title='bbox 700 3546 1067 3616; x_wconf 79' lang='grc' dir='ltr'><strong>διεξέρχεται,</strong></span> <span class='ocrx_word' id='word_1_275' title='bbox 1099 3547 1223 3609; x_wconf 72' lang='grc' dir='ltr'>τοὺς</span> <span class='ocrx_word' id='word_1_276' title='bbox 1250 3546 1307 3599; x_wconf 78' lang='grc' dir='ltr'>δὲ</span> <span class='ocrx_word' id='word_1_277' title='bbox 1335 3545 1554 3618; x_wconf 81' lang='grc' dir='ltr'>ἑτέρους</span> <span class='ocrx_word' id='word_1_278' title='bbox 1587 3544 1833 3616; x_wconf 68' lang='grc' dir='ltr'>ψαλμοὺς</span> 
     </span>
    </p>
   </div>
   <div class='ocr_carea' id='block_1_37' title="bbox 230 3635 1838 3706">
    <p class='ocr_par' dir='ltr' id='par_1_37' title="bbox 230 3635 1838 3706">
     <span class='ocr_line' id='line_1_37' title="bbox 230 3635 1838 3706; baseline 0.002 -17"><span class='ocrx_word' id='word_1_279' title='bbox 230 3635 305 3697; x_wconf 75' lang='grc' dir='ltr'>ὡς</span> <span class='ocrx_word' id='word_1_280' title='bbox 339 3638 500 3703; x_wconf 72' lang='grc' dir='ltr'><strong>ἰδίους</strong></span> <span class='ocrx_word' id='word_1_281' title='bbox 522 3640 693 3702; x_wconf 70' lang='grc' dir='ltr'>ὂντας</span> <span class='ocrx_word' id='word_1_282' title='bbox 727 3638 923 3706; x_wconf 84' lang='grc' dir='ltr'>λόγους</span> <span class='ocrx_word' id='word_1_283' title='bbox 972 3636 1357 3706; x_wconf 73' lang='grc' dir='ltr'><strong>ἀναγινώσκειο</strong></span> <span class='ocrx_word' id='word_1_284' title='bbox 1416 3637 1513 3692; x_wconf 76' lang='grc' dir='ltr'>καὶ</span> <span class='ocrx_word' id='word_1_285' title='bbox 1566 3638 1594 3690; x_wconf 82' lang='grc' dir='ltr'><strong>ὁ</strong></span> <span class='ocrx_word' id='word_1_286' title='bbox 1624 3636 1838 3693; x_wconf 84' lang='grc' dir='ltr'>ἀκούων</span> 
     </span>
    </p>
   </div>
   <div class='ocr_carea' id='block_1_38' title="bbox 229 3728 1837 3799">
    <p class='ocr_par' dir='ltr' id='par_1_38' title="bbox 229 3728 1837 3799">
     <span class='ocr_line' id='line_1_38' title="bbox 229 3728 1837 3799; baseline 0.001 -18"><span class='ocrx_word' id='word_1_287' title='bbox 229 3728 281 3781; x_wconf 73' lang='grc' dir='ltr'>δὲ</span> <span class='ocrx_word' id='word_1_288' title='bbox 310 3732 392 3793; x_wconf 85' lang='grc' dir='ltr'><strong>ὡς</strong></span> <span class='ocrx_word' id='word_1_289' title='bbox 426 3732 587 3796; x_wconf 71' lang='grc' dir='ltr'>αὐτὸς</span> <span class='ocrx_word' id='word_1_290' title='bbox 623 3730 810 3799; x_wconf 84' lang='grc' dir='ltr'>λέγων</span> <span class='ocrx_word' id='word_1_291' title='bbox 860 3729 1283 3796; x_wconf 79' lang='grc' dir='ltr'>κατανύσσεται,</span> <span class='ocrx_word' id='word_1_292' title='bbox 1312 3730 1408 3785; x_wconf 76' lang='grc' dir='ltr'>καὶ</span> <span class='ocrx_word' id='word_1_293' title='bbox 1438 3729 1837 3785; x_wconf 81' lang='grc' dir='ltr'>συνδιατίθεται</span> 
     </span>
    </p>
   </div>
   <div class='ocr_carea' id='block_1_39' title="bbox 231 3821 1835 3896">
    <p class='ocr_par' dir='ltr' id='par_1_39' title="bbox 231 3821 1835 3896">
     <span class='ocr_line' id='line_1_39' title="bbox 231 3821 1835 3896; baseline 0.003 -22"><span class='ocrx_word' id='word_1_294' title='bbox 231 3821 344 3884; x_wconf 79' lang='grc' dir='ltr'>τοῖς</span> <span class='ocrx_word' id='word_1_295' title='bbox 378 3822 480 3875; x_wconf 82' lang='grc' dir='ltr'><strong>τῶν</strong></span> <span class='ocrx_word' id='word_1_296' title='bbox 517 3824 680 3894; x_wconf 81' lang='grc' dir='ltr'>ᾠδῶν</span> <span class='ocrx_word' id='word_1_297' title='bbox 716 3823 984 3894; x_wconf 74' lang='grc' dir='ltr'><strong>ῥήμασιν,</strong></span> <span class='ocrx_word' id='word_1_298' title='bbox 1037 3822 1113 3885; x_wconf 84' lang='grc' dir='ltr'>ὡς</span> <span class='ocrx_word' id='word_1_299' title='bbox 1144 3822 1278 3876; x_wconf 74' lang='grc' dir='ltr'>ἰδίαν</span> <span class='ocrx_word' id='word_1_300' title='bbox 1330 3821 1500 3877; x_wconf 79' lang='grc' dir='ltr'>όντων</span> <span class='ocrx_word' id='word_1_301' title='bbox 1534 3822 1703 3878; x_wconf 75' lang='grc' dir='ltr'>αὑτοῦ</span> <span class='ocrx_word' id='word_1_302' title='bbox 1740 3824 1835 3896; x_wconf 82' lang='lat'><strong>(9).</strong></span> 
     </span>
    </p>
   </div>
   <div class='ocr_carea' id='block_1_40' title="bbox 229 3913 1836 3989">
    <p class='ocr_par' dir='ltr' id='par_1_40' title="bbox 229 3913 1836 3989">
     <span class='ocr_line' id='line_1_40' title="bbox 229 3913 1836 3989; baseline 0.002 -23"><span class='ocrx_word' id='word_1_303' title='bbox 229 3913 620 3985; x_wconf 61' lang='grc' dir='ltr'><strong>Σαφηνείαςδὲ</strong></span> <span class='ocrx_word' id='word_1_304' title='bbox 652 3916 818 3987; x_wconf 74' lang='grc' dir='ltr'><strong>χάριν</strong></span> <span class='ocrx_word' id='word_1_305' title='bbox 850 3915 956 3968; x_wconf 72' lang='grc' dir='ltr'><strong>οὐκ</strong></span> <span class='ocrx_word' id='word_1_306' title='bbox 1007 3913 1286 3985; x_wconf 78' lang='grc' dir='ltr'><strong>ὀκνητέον,</strong></span> <span class='ocrx_word' id='word_1_307' title='bbox 1334 3914 1476 3970; x_wconf 78' lang='grc' dir='ltr'>κατὰ</span> <span class='ocrx_word' id='word_1_308' title='bbox 1520 3918 1611 3971; x_wconf 77' lang='grc' dir='ltr'>τὸν</span> <span class='ocrx_word' id='word_1_309' title='bbox 1657 3917 1836 3989; x_wconf 83' lang='grc' dir='ltr'>μακά-</span> 
     </span>
    </p>
   </div>
   <div class='ocr_carea' id='block_1_41' title="bbox 232 4003 1834 4077">
    <p class='ocr_par' dir='ltr' id='par_1_41' title="bbox 232 4003 1834 4077">
     <span class='ocr_line' id='line_1_41' title="bbox 232 4003 1834 4077; baseline 0.002 -20"><span class='ocrx_word' id='word_1_310' title='bbox 232 4021 352 4075; x_wconf 78' lang='grc' dir='ltr'>ριον</span> <span class='ocrx_word' id='word_1_311' title='bbox 420 4006 779 4070; x_wconf 75' lang='grc' dir='ltr'>Ἀπόοτολον,</span> <span class='ocrx_word' id='word_1_312' title='bbox 840 4003 1259 4059; x_wconf 76' lang='grc' dir='ltr'>ὲπαναλαδόντα</span> <span class='ocrx_word' id='word_1_313' title='bbox 1313 4006 1374 4060; x_wconf 82' lang='grc' dir='ltr'>τὸ</span> <span class='ocrx_word' id='word_1_314' title='bbox 1402 4025 1407 4030; x_wconf 75' lang='grc'><strong>’</strong></span> <span class='ocrx_word' id='word_1_315' title='bbox 1436 4008 1566 4061; x_wconf 81' lang='grc' dir='ltr'>αὐτὸ</span> <span class='ocrx_word' id='word_1_316' title='bbox 1636 4007 1834 4077; x_wconf 81' lang='grc' dir='ltr'><strong>λέγειν.</strong></span> 
     </span>
    </p>
   </div>
   <div class='ocr_carea' id='block_1_42' title="bbox 230 4096 1840 4171">
    <p class='ocr_par' dir='ltr' id='par_1_42' title="bbox 230 4096 1840 4171">
     <span class='ocr_line' id='line_1_42' title="bbox 230 4096 1840 4171; baseline 0.002 -22"><span class='ocrx_word' id='word_1_317' title='bbox 230 4096 479 4152; x_wconf 59' lang='lat' dir='ltr'><strong>Insiste:</strong></span> <span class='ocrx_word' id='word_1_318' title='bbox 515 4098 673 4167; x_wconf 84' lang='grc' dir='ltr'>λόγοι</span> <span class='ocrx_word' id='word_1_319' title='bbox 703 4096 817 4151; x_wconf 83' lang='grc' dir='ltr'><strong>τῶν</strong></span> <span class='ocrx_word' id='word_1_320' title='bbox 840 4096 1202 4169; x_wconf 85' lang='grc' dir='ltr'>πατριαρχῶν</span> <span class='ocrx_word' id='word_1_321' title='bbox 1234 4099 1339 4152; x_wconf 76' lang='grc' dir='ltr'>εἱσι</span> <span class='ocrx_word' id='word_1_322' title='bbox 1360 4141 1375 4165; x_wconf 96' lang='grc'><strong>,</strong></span> <span class='ocrx_word' id='word_1_323' title='bbox 1406 4102 1500 4153; x_wconf 67' lang='grc' dir='ltr'>καὶ</span> <span class='ocrx_word' id='word_1_324' title='bbox 1535 4099 1657 4153; x_wconf 74' lang='grc' dir='ltr'><strong>ἴδιοι</strong></span> <span class='ocrx_word' id='word_1_325' title='bbox 1708 4102 1840 4171; x_wconf 82' lang='grc' dir='ltr'>παρ’</span> 
     </span>
    </p>
   </div>
   <div class='ocr_carea' id='block_1_43' title="bbox 231 4190 1841 4264">
    <p class='ocr_par' dir='ltr' id='par_1_43' title="bbox 231 4190 1841 4264">
     <span class='ocr_line' id='line_1_43' title="bbox 231 4190 1841 4264; baseline 0.003 -24"><span class='ocrx_word' id='word_1_326' title='bbox 231 4190 409 4244; x_wconf 71' lang='grc' dir='ltr'>αὐτῶν</span> <span class='ocrx_word' id='word_1_327' title='bbox 464 4190 782 4264; x_wconf 71' lang='grc' dir='ltr'><strong>εἰρημένοι·</strong></span> <span class='ocrx_word' id='word_1_328' title='bbox 841 4192 939 4244; x_wconf 73' lang='grc' dir='ltr'><strong>καὶ</strong></span> <span class='ocrx_word' id='word_1_329' title='bbox 995 4191 1243 4262; x_wconf 76' lang='grc' dir='ltr'>Μωῡσῆς</span> <span class='ocrx_word' id='word_1_330' title='bbox 1287 4191 1486 4256; x_wconf 76' lang='grc' dir='ltr'><strong>ἐλάλει,</strong></span> <span class='ocrx_word' id='word_1_331' title='bbox 1536 4194 1565 4245; x_wconf 89' lang='grc' dir='ltr'><strong>ό</strong></span> <span class='ocrx_word' id='word_1_332' title='bbox 1595 4191 1650 4245; x_wconf 82' lang='grc' dir='ltr'>δὲ</span> <span class='ocrx_word' id='word_1_333' title='bbox 1709 4192 1841 4255; x_wconf 72' lang='grc' dir='ltr'>Θεὸς</span> 
     </span>
    </p>
   </div>
   <div class='ocr_carea' id='block_1_44' title="bbox 233 4282 1842 4356">
    <p class='ocr_par' dir='ltr' id='par_1_44' title="bbox 233 4282 1842 4356">
     <span class='ocr_line' id='line_1_44' title="bbox 233 4282 1842 4356; baseline 0.004 -23"><span class='ocrx_word' id='word_1_334' title='bbox 233 4282 586 4356; x_wconf 72' lang='grc' dir='ltr'>ἀπεκρὶνατο*</span> <span class='ocrx_word' id='word_1_335' title='bbox 647 4282 839 4346; x_wconf 79' lang='grc' dir='ltr'>Ἠλίας</span> <span class='ocrx_word' id='word_1_336' title='bbox 891 4300 955 4335; x_wconf 88' lang='grc' dir='ltr'>τε</span> <span class='ocrx_word' id='word_1_337' title='bbox 1007 4282 1104 4336; x_wconf 80' lang='grc' dir='ltr'><strong>καὶ</strong></span> <span class='ocrx_word' id='word_1_338' title='bbox 1143 4283 1445 4348; x_wconf 81' lang='grc' dir='ltr'>Ἐλισσαῖος</span> <span class='ocrx_word' id='word_1_339' title='bbox 1481 4285 1573 4338; x_wconf 76' lang='grc' dir='ltr'><strong>ἐπὶ</strong></span> <span class='ocrx_word' id='word_1_340' title='bbox 1596 4284 1658 4336; x_wconf 78' lang='grc' dir='ltr'>τὸ</span> <span class='ocrx_word' id='word_1_341' title='bbox 1691 4286 1842 4355; x_wconf 85' lang='grc' dir='ltr'>Καρ-</span> 
     </span>
    </p>
   </div>
   <div class='ocr_carea' id='block_1_45' title="bbox 236 4373 1840 4448">
    <p class='ocr_par' dir='ltr' id='par_1_45' title="bbox 236 4373 1840 4448">
     <span class='ocr_line' id='line_1_45' title="bbox 236 4373 1840 4448; baseline 0.002 -22"><span class='ocrx_word' id='word_1_342' title='bbox 236 4373 423 4444; x_wconf 63' lang='grc' dir='ltr'><strong>μήλιον</strong></span> <span class='ocrx_word' id='word_1_343' title='bbox 447 4376 577 4448; x_wconf 76' lang='grc' dir='ltr'>ὅρος</span> <span class='ocrx_word' id='word_1_344' title='bbox 601 4376 916 4446; x_wconf 81' lang='grc' dir='ltr'><strong>καθήμενοι</strong></span> <span class='ocrx_word' id='word_1_345' title='bbox 967 4376 1332 4431; x_wconf 72' lang='grc' dir='ltr'><strong>ἐπεκαλοῦντο</strong></span> <span class='ocrx_word' id='word_1_346' title='bbox 1365 4376 1456 4429; x_wconf 80' lang='grc' dir='ltr'><strong>τὸν</strong></span> <span class='ocrx_word' id='word_1_347' title='bbox 1487 4376 1714 4448; x_wconf 81' lang='grc' dir='ltr'><strong>Κύριον,</strong></span> <span class='ocrx_word' id='word_1_348' title='bbox 1747 4377 1840 4430; x_wconf 73' lang='grc' dir='ltr'><strong>καὶ</strong></span> 
     </span>
    </p>
   </div>
   <div class='ocr_carea' id='block_1_46' title="bbox 1912 527 3480 598">
    <p class='ocr_par' dir='ltr' id='par_1_46' title="bbox 1912 527 3480 598">
     <span class='ocr_line' id='line_1_46' title="bbox 1912 527 3480 598; baseline 0.004 -19"><span class='ocrx_word' id='word_1_349' title='bbox 1912 527 2219 596; x_wconf 69' lang='lat' dir='ltr'><strong>praecipitur</strong></span> <span class='ocrx_word' id='word_1_350' title='bbox 2245 529 2558 597; x_wconf 59' lang='lat' dir='ltr'><strong>paenitentia</strong></span> <span class='ocrx_word' id='word_1_351' title='bbox 2581 546 2595 597; x_wconf 89' lang='lat'><strong>;</strong></span> <span class='ocrx_word' id='word_1_352' title='bbox 2638 529 2958 598; x_wconf 69' lang='lat' dir='ltr'><strong>poenitentia</strong></span> <span class='ocrx_word' id='word_1_353' title='bbox 2985 539 3167 586; x_wconf 88' lang='lat' dir='ltr'><strong>autem</strong></span> <span class='ocrx_word' id='word_1_354' title='bbox 3188 539 3273 586; x_wconf 86' lang='lat' dir='ltr'><strong>est</strong></span> <span class='ocrx_word' id='word_1_355' title='bbox 3300 547 3480 587; x_wconf 82' lang='lat' dir='ltr'><strong>cessa-</strong></span> 
     </span>
    </p>
   </div>
   <div class='ocr_carea' id='block_1_47' title="bbox 1915 619 3481 692">
    <p class='ocr_par' dir='ltr' id='par_1_47' title="bbox 1915 619 3481 692">
     <span class='ocr_line' id='line_1_47' title="bbox 1915 619 3481 692; baseline 0.003 -20"><span class='ocrx_word' id='word_1_356' title='bbox 1915 619 1990 673; x_wconf 94' lang='lat' dir='ltr'><strong>tio</strong></span> <span class='ocrx_word' id='word_1_357' title='bbox 2021 634 2051 673; x_wconf 93' lang='lat' dir='ltr'><strong>a</strong></span> <span class='ocrx_word' id='word_1_358' title='bbox 2080 627 2330 687; x_wconf 89' lang='lat' dir='ltr'><strong>peccato;</strong></span> <span class='ocrx_word' id='word_1_359' title='bbox 2376 620 2430 674; x_wconf 93' lang='lat' dir='ltr'><strong>in</strong></span> <span class='ocrx_word' id='word_1_360' title='bbox 2468 620 2569 675; x_wconf 85' lang='lat' dir='ltr'><strong>hoc</strong></span> <span class='ocrx_word' id='word_1_361' title='bbox 2613 629 2797 676; x_wconf 90' lang='lat' dir='ltr'><strong>autem</strong></span> <span class='ocrx_word' id='word_1_362' title='bbox 2840 622 2981 677; x_wconf 85' lang='lat' dir='ltr'><strong>libro</strong></span> <span class='ocrx_word' id='word_1_363' title='bbox 3008 638 3117 692; x_wconf 89' lang='lat' dir='ltr'><strong>qua</strong></span> <span class='ocrx_word' id='word_1_364' title='bbox 3155 622 3369 679; x_wconf 80' lang='lat' dir='ltr'><strong>ratione</strong></span> <span class='ocrx_word' id='word_1_365' title='bbox 3412 623 3481 677; x_wconf 87' lang='lat' dir='ltr'><strong>sit</strong></span> 
     </span>
    </p>
   </div>
   <div class='ocr_carea' id='block_1_48' title="bbox 1913 706 3482 780">
    <p class='ocr_par' dir='ltr' id='par_1_48' title="bbox 1913 706 3482 780">
     <span class='ocr_line' id='line_1_48' title="bbox 1913 706 3482 780; baseline 0.004 -21"><span class='ocrx_word' id='word_1_366' title='bbox 1913 706 2317 775; x_wconf 69' lang='lat' dir='ltr'><strong>paenitendum,</strong></span> <span class='ocrx_word' id='word_1_367' title='bbox 2352 717 2405 763; x_wconf 94' lang='lat' dir='ltr'><strong>et</strong></span> <span class='ocrx_word' id='word_1_368' title='bbox 2455 708 2655 778; x_wconf 83' lang='lat' dir='ltr'><strong>quibus</strong></span> <span class='ocrx_word' id='word_1_369' title='bbox 2696 710 2750 764; x_wconf 88' lang='lat' dir='ltr'><strong>in</strong></span> <span class='ocrx_word' id='word_1_370' title='bbox 2798 710 3117 780; x_wconf 67' lang='lat' dir='ltr'><strong>poenitentia</strong></span> <span class='ocrx_word' id='word_1_371' title='bbox 3171 712 3352 768; x_wconf 83' lang='lat' dir='ltr'><strong>verbis</strong></span> <span class='ocrx_word' id='word_1_372' title='bbox 3403 713 3482 766; x_wconf 91' lang='lat' dir='ltr'><strong>uti</strong></span> 
     </span>
    </p>
   </div>
   <div class='ocr_carea' id='block_1_49' title="bbox 1914 799 3484 869">
    <p class='ocr_par' dir='ltr' id='par_1_49' title="bbox 1914 799 3484 869">
     <span class='ocr_line' id='line_1_49' title="bbox 1914 799 3484 869; baseline 0.003 -17"><span class='ocrx_word' id='word_1_373' title='bbox 1914 808 2181 869; x_wconf 77' lang='lat' dir='ltr'><strong>oporteat,</strong></span> <span class='ocrx_word' id='word_1_374' title='bbox 2206 799 2483 855; x_wconf 88' lang='lat' dir='ltr'><strong>edocetur.</strong></span> <span class='ocrx_word' id='word_1_375' title='bbox 2511 799 2751 856; x_wconf 82' lang='lat' dir='ltr'><strong>Rursum</strong></span> <span class='ocrx_word' id='word_1_376' title='bbox 2783 801 2860 856; x_wconf 90' lang='lat' dir='ltr'><strong>ait</strong></span> <span class='ocrx_word' id='word_1_377' title='bbox 2887 800 3092 857; x_wconf 88' lang='lat' dir='ltr'><strong>Paulus</strong></span> <span class='ocrx_word' id='word_1_378' title='bbox 3124 820 3138 855; x_wconf 92' lang='lat'><strong>:</strong></span> <span class='ocrx_word' id='word_1_379' title='bbox 3186 800 3484 857; x_wconf 79' lang='lat' dir='ltr'><strong>Tribulatia</strong></span> 
     </span>
    </p>
   </div>
   <div class='ocr_carea' id='block_1_50' title="bbox 1914 891 3481 963">
    <p class='ocr_par' dir='ltr' id='par_1_50' title="bbox 1914 891 3481 963">
     <span class='ocr_line' id='line_1_50' title="bbox 1914 891 3481 963; baseline 0.003 -21"><span class='ocrx_word' id='word_1_380' title='bbox 1914 891 2225 959; x_wconf 74' lang='lat' dir='ltr'><strong>patientiam</strong></span> <span class='ocrx_word' id='word_1_381' title='bbox 2276 903 2566 960; x_wconf 84' lang='lat' dir='ltr'><strong>operatur,</strong></span> <span class='ocrx_word' id='word_1_382' title='bbox 2618 892 2874 961; x_wconf 76' lang='lat' dir='ltr'><strong>patientia</strong></span> <span class='ocrx_word' id='word_1_383' title='bbox 2921 909 3038 947; x_wconf 79' lang='lat' dir='ltr'><strong>vero</strong></span> <span class='ocrx_word' id='word_1_384' title='bbox 3083 894 3481 963; x_wconf 81' lang='lat' dir='ltr'><strong>probationem,</strong></span> 
     </span>
    </p>
   </div>
   <div class='ocr_carea' id='block_1_51' title="bbox 1914 982 3483 1055">
    <p class='ocr_par' dir='ltr' id='par_1_51' title="bbox 1914 982 3483 1055">
     <span class='ocr_line' id='line_1_51' title="bbox 1914 982 3483 1055; baseline 0.004 -22"><span class='ocrx_word' id='word_1_385' title='bbox 1914 982 2153 1050; x_wconf 85' lang='lat' dir='ltr'><strong>probatio</strong></span> <span class='ocrx_word' id='word_1_386' title='bbox 2182 993 2355 1037; x_wconf 89' lang='lat' dir='ltr'><strong>autem</strong></span> <span class='ocrx_word' id='word_1_387' title='bbox 2377 999 2539 1052; x_wconf 88' lang='lat' dir='ltr'><strong>spem,</strong></span> <span class='ocrx_word' id='word_1_388' title='bbox 2572 999 2685 1052; x_wconf 85' lang='lat' dir='ltr'><strong>spes</strong></span> <span class='ocrx_word' id='word_1_389' title='bbox 2707 992 2880 1037; x_wconf 87' lang='lat' dir='ltr'><strong>autem</strong></span> <span class='ocrx_word' id='word_1_390' title='bbox 2905 1000 3009 1038; x_wconf 85' lang='lat' dir='ltr'><strong>non</strong></span> <span class='ocrx_word' id='word_1_391' title='bbox 3036 984 3312 1055; x_wconf 74' lang='lat' dir='ltr'><strong>confundit</strong></span> <span class='ocrx_word' id='word_1_392' title='bbox 3331 984 3396 1038; x_wconf 83' lang='lat'><strong>“.</strong></span> <span class='ocrx_word' id='word_1_393' title='bbox 3425 982 3483 1039; x_wconf 88' lang='lat' dir='ltr'><strong>ln</strong></span> 
     </span>
    </p>
   </div>
   <div class='ocr_carea' id='block_1_52' title="bbox 1914 1076 3482 1147">
    <p class='ocr_par' dir='ltr' id='par_1_52' title="bbox 1914 1076 3482 1147">
     <span class='ocr_line' id='line_1_52' title="bbox 1914 1076 3482 1147; baseline 0.001 -17"><span class='ocrx_word' id='word_1_394' title='bbox 1914 1076 2147 1131; x_wconf 85' lang='lat' dir='ltr'><strong>Psalmis</strong></span> <span class='ocrx_word' id='word_1_395' title='bbox 2174 1091 2302 1131; x_wconf 79' lang='lat' dir='ltr'><strong>vero</strong></span> <span class='ocrx_word' id='word_1_396' title='bbox 2326 1077 2587 1147; x_wconf 89' lang='lat' dir='ltr'><strong>scriptum</strong></span> <span class='ocrx_word' id='word_1_397' title='bbox 2615 1091 3041 1147; x_wconf 87' lang='lat' dir='ltr'><strong>expressumque</strong></span> <span class='ocrx_word' id='word_1_398' title='bbox 3068 1086 3173 1142; x_wconf 91' lang='lat' dir='ltr'><strong>est,</strong></span> <span class='ocrx_word' id='word_1_399' title='bbox 3205 1078 3482 1147; x_wconf 83' lang='lat' dir='ltr'><strong>quomodo</strong></span> 
     </span>
    </p>
   </div>
   <div class='ocr_carea' id='block_1_53' title="bbox 1917 1167 3485 1239">
    <p class='ocr_par' dir='ltr' id='par_1_53' title="bbox 1917 1167 3485 1239">
     <span class='ocr_line' id='line_1_53' title="bbox 1917 1167 3485 1239; baseline 0.001 -18"><span class='ocrx_word' id='word_1_400' title='bbox 1917 1167 2146 1221; x_wconf 86' lang='lat' dir='ltr'><strong>tolerare</strong></span> <span class='ocrx_word' id='word_1_401' title='bbox 2184 1175 2430 1239; x_wconf 81' lang='lat' dir='ltr'><strong>oporteat</strong></span> <span class='ocrx_word' id='word_1_402' title='bbox 2459 1167 2857 1232; x_wconf 84' lang='lat' dir='ltr'><strong>tribulationes,</strong></span> <span class='ocrx_word' id='word_1_403' title='bbox 2883 1168 3012 1236; x_wconf 91' lang='lat' dir='ltr'><strong>quid</strong></span> <span class='ocrx_word' id='word_1_404' title='bbox 3040 1168 3357 1226; x_wconf 83' lang='lat' dir='ltr'><strong>tribulatum</strong></span> <span class='ocrx_word' id='word_1_405' title='bbox 3396 1169 3485 1223; x_wconf 50' lang='grc' dir='ltr'><strong>ιιι-ι</strong></span> 
     </span>
    </p>
   </div>
   <div class='ocr_carea' id='block_1_54' title="bbox 1916 1257 3487 1329">
    <p class='ocr_par' dir='ltr' id='par_1_54' title="bbox 1916 1257 3487 1329">
     <span class='ocr_line' id='line_1_54' title="bbox 1916 1257 3487 1329; baseline 0.001 -18"><span class='ocrx_word' id='word_1_406' title='bbox 1916 1272 2041 1312; x_wconf 89' lang='lat' dir='ltr'><strong>cere</strong></span> <span class='ocrx_word' id='word_1_407' title='bbox 2068 1273 2166 1327; x_wconf 88' lang='lat' dir='ltr'><strong>par</strong></span> <span class='ocrx_word' id='word_1_408' title='bbox 2194 1259 2285 1323; x_wconf 86' lang='lat' dir='ltr'><strong>sit,</strong></span> <span class='ocrx_word' id='word_1_409' title='bbox 2326 1259 2456 1329; x_wconf 93' lang='lat' dir='ltr'><strong>quid</strong></span> <span class='ocrx_word' id='word_1_410' title='bbox 2502 1267 2623 1329; x_wconf 86' lang='lat' dir='ltr'><strong>post</strong></span> <span class='ocrx_word' id='word_1_411' title='bbox 2668 1257 3044 1315; x_wconf 89' lang='lat' dir='ltr'><strong>tribulationes</strong></span> <span class='ocrx_word' id='word_1_412' title='bbox 3067 1297 3083 1323; x_wconf 90' lang='lat'><strong>,</strong></span> <span class='ocrx_word' id='word_1_413' title='bbox 3129 1274 3235 1327; x_wconf 90' lang='lat' dir='ltr'><strong>qua</strong></span> <span class='ocrx_word' id='word_1_414' title='bbox 3272 1258 3487 1312; x_wconf 78' lang='lat' dir='ltr'><strong>ratione</strong></span> 
     </span>
    </p>
   </div>
   <div class='ocr_carea' id='block_1_55' title="bbox 1917 1348 3485 1421">
    <p class='ocr_par' dir='ltr' id='par_1_55' title="bbox 1917 1348 3485 1421">
     <span class='ocr_line' id='line_1_55' title="bbox 1917 1348 3485 1421; baseline 0.001 -19"><span class='ocrx_word' id='word_1_415' title='bbox 1917 1349 2148 1419; x_wconf 86' lang='lat' dir='ltr'><strong>quisque</strong></span> <span class='ocrx_word' id='word_1_416' title='bbox 2174 1350 2453 1419; x_wconf 84' lang='lat' dir='ltr'><strong>probetur,</strong></span> <span class='ocrx_word' id='word_1_417' title='bbox 2479 1351 2700 1421; x_wconf 85' lang='lat' dir='ltr'><strong>quinam</strong></span> <span class='ocrx_word' id='word_1_418' title='bbox 2734 1349 2843 1403; x_wconf 88' lang='lat' dir='ltr'><strong>sint</strong></span> <span class='ocrx_word' id='word_1_419' title='bbox 2872 1363 3148 1404; x_wconf 87' lang='lat' dir='ltr'><strong>sermones</strong></span> <span class='ocrx_word' id='word_1_420' title='bbox 3176 1364 3365 1404; x_wconf 90' lang='lat' dir='ltr'><strong>eorum</strong></span> <span class='ocrx_word' id='word_1_421' title='bbox 3389 1348 3485 1418; x_wconf 89' lang='lat' dir='ltr'><strong>qui</strong></span> 
     </span>
    </p>
   </div>
   <div class='ocr_carea' id='block_1_56' title="bbox 1918 1439 3485 1509">
    <p class='ocr_par' dir='ltr' id='par_1_56' title="bbox 1918 1439 3485 1509">
     <span class='ocr_line' id='line_1_56' title="bbox 1918 1439 3485 1509; baseline -0.001 -14"><span class='ocrx_word' id='word_1_422' title='bbox 1918 1449 2140 1508; x_wconf 84' lang='lat' dir='ltr'><strong>sperant</strong></span> <span class='ocrx_word' id='word_1_423' title='bbox 2181 1440 2235 1494; x_wconf 90' lang='lat' dir='ltr'><strong>in</strong></span> <span class='ocrx_word' id='word_1_424' title='bbox 2268 1440 2577 1495; x_wconf 89' lang='lat' dir='ltr'><strong>Dominum.</strong></span> <span class='ocrx_word' id='word_1_425' title='bbox 2614 1439 2948 1509; x_wconf 65' lang='lat' dir='ltr'><strong>Praeceptum</strong></span> <span class='ocrx_word' id='word_1_426' title='bbox 2991 1440 3118 1495; x_wconf 87' lang='lat' dir='ltr'><strong>item</strong></span> <span class='ocrx_word' id='word_1_427' title='bbox 3162 1448 3245 1495; x_wconf 89' lang='lat' dir='ltr'><strong>est</strong></span> <span class='ocrx_word' id='word_1_428' title='bbox 3275 1440 3331 1493; x_wconf 92' lang='lat' dir='ltr'><strong>in</strong></span> <span class='ocrx_word' id='word_1_429' title='bbox 3362 1454 3485 1494; x_wconf 88' lang='lat' dir='ltr'><strong>om-</strong></span> 
     </span>
    </p>
   </div>
   <div class='ocr_carea' id='block_1_57' title="bbox 1919 1530 3488 1604">
    <p class='ocr_par' dir='ltr' id='par_1_57' title="bbox 1919 1530 3488 1604">
     <span class='ocr_line' id='line_1_57' title="bbox 1919 1530 3488 1604; baseline 0.001 -19"><span class='ocrx_word' id='word_1_430' title='bbox 1919 1532 2081 1585; x_wconf 81' lang='lat' dir='ltr'><strong>nibus</strong></span> <span class='ocrx_word' id='word_1_431' title='bbox 2108 1531 2313 1604; x_wconf 78' lang='lat' dir='ltr'><strong>gratias</strong></span> <span class='ocrx_word' id='word_1_432' title='bbox 2352 1548 2509 1602; x_wconf 84' lang='lat' dir='ltr'><strong>agere</strong></span> <span class='ocrx_word' id='word_1_433' title='bbox 2537 1533 2603 1596; x_wconf 78' lang='lat'><strong>&quot;;</strong></span> <span class='ocrx_word' id='word_1_434' title='bbox 2633 1541 2686 1586; x_wconf 88' lang='lat' dir='ltr'><strong>at</strong></span> <span class='ocrx_word' id='word_1_435' title='bbox 2716 1532 2910 1586; x_wconf 88' lang='lat' dir='ltr'><strong>docent</strong></span> <span class='ocrx_word' id='word_1_436' title='bbox 2953 1530 3157 1587; x_wconf 89' lang='lat' dir='ltr'><strong>Psalmi</strong></span> <span class='ocrx_word' id='word_1_437' title='bbox 3191 1530 3356 1602; x_wconf 88' lang='lat' dir='ltr'><strong>quid,</strong></span> <span class='ocrx_word' id='word_1_438' title='bbox 3394 1532 3488 1601; x_wconf 88' lang='lat' dir='ltr'><strong>qui</strong></span> 
     </span>
    </p>
   </div>
   <div class='ocr_carea' id='block_1_58' title="bbox 1920 1623 3492 1694">
    <p class='ocr_par' dir='ltr' id='par_1_58' title="bbox 1920 1623 3492 1694">
     <span class='ocr_line' id='line_1_58' title="bbox 1920 1623 3492 1694; baseline 0.003 -20"><span class='ocrx_word' id='word_1_439' title='bbox 1920 1624 2122 1694; x_wconf 75' lang='lat' dir='ltr'><strong>gratias</strong></span> <span class='ocrx_word' id='word_1_440' title='bbox 2164 1623 2293 1693; x_wconf 83' lang='lat' dir='ltr'><strong>agit.</strong></span> <span class='ocrx_word' id='word_1_441' title='bbox 2324 1623 2469 1694; x_wconf 90' lang='lat' dir='ltr'><strong>loqui</strong></span> <span class='ocrx_word' id='word_1_442' title='bbox 2497 1623 2709 1679; x_wconf 84' lang='lat' dir='ltr'><strong>debeat.</strong></span> <span class='ocrx_word' id='word_1_443' title='bbox 2744 1623 2946 1680; x_wconf 88' lang='lat' dir='ltr'><strong>Deinde</strong></span> <span class='ocrx_word' id='word_1_444' title='bbox 2980 1640 3104 1679; x_wconf 92' lang='lat' dir='ltr'><strong>cum</strong></span> <span class='ocrx_word' id='word_1_445' title='bbox 3130 1624 3201 1679; x_wconf 89' lang='lat' dir='ltr'><strong>ab</strong></span> <span class='ocrx_word' id='word_1_446' title='bbox 3233 1624 3355 1679; x_wconf 87' lang='lat' dir='ltr'><strong>aliis</strong></span> <span class='ocrx_word' id='word_1_447' title='bbox 3392 1639 3492 1678; x_wconf 86' lang='lat' dir='ltr'><strong>au-</strong></span> 
     </span>
    </p>
   </div>
   <div class='ocr_carea' id='block_1_59' title="bbox 1921 1712 3494 1785">
    <p class='ocr_par' dir='ltr' id='par_1_59' title="bbox 1921 1712 3494 1785">
     <span class='ocr_line' id='line_1_59' title="bbox 1921 1712 3494 1785; baseline 0.001 -18"><span class='ocrx_word' id='word_1_448' title='bbox 1921 1713 2167 1768; x_wconf 88' lang='lat' dir='ltr'><strong>diamus:</strong></span> <span class='ocrx_word' id='word_1_449' title='bbox 2190 1712 2498 1785; x_wconf 82' lang='lat' dir='ltr'><strong>Quicunque</strong></span> <span class='ocrx_word' id='word_1_450' title='bbox 2525 1716 2609 1785; x_wconf 87' lang='lat' dir='ltr'><strong>pie</strong></span> <span class='ocrx_word' id='word_1_451' title='bbox 2637 1714 2814 1769; x_wconf 83' lang='lat' dir='ltr'><strong>volunt</strong></span> <span class='ocrx_word' id='word_1_452' title='bbox 2839 1716 3004 1770; x_wconf 80' lang='lat' dir='ltr'><strong>vivere</strong></span> <span class='ocrx_word' id='word_1_453' title='bbox 3032 1716 3087 1771; x_wconf 91' lang='lat' dir='ltr'><strong>in</strong></span> <span class='ocrx_word' id='word_1_454' title='bbox 3110 1712 3345 1780; x_wconf 81' lang='lat' dir='ltr'><strong>Christo,</strong></span> <span class='ocrx_word' id='word_1_455' title='bbox 3373 1731 3494 1784; x_wconf 86' lang='lat' dir='ltr'><strong>per-</strong></span> 
     </span>
    </p>
   </div>
   <div class='ocr_carea' id='block_1_60' title="bbox 1922 1806 3492 1877">
    <p class='ocr_par' dir='ltr' id='par_1_60' title="bbox 1922 1806 3492 1877">
     <span class='ocr_line' id='line_1_60' title="bbox 1922 1806 3492 1877; baseline 0.002 -19"><span class='ocrx_word' id='word_1_456' title='bbox 1922 1806 2234 1858; x_wconf 82' lang='lat' dir='ltr'><strong>secutionem</strong></span> <span class='ocrx_word' id='word_1_457' title='bbox 2268 1807 2537 1874; x_wconf 86' lang='lat' dir='ltr'><strong>patientur</strong></span> <span class='ocrx_word' id='word_1_458' title='bbox 2585 1806 2660 1873; x_wconf 84' lang='grc'><strong>¹³,</strong></span> <span class='ocrx_word' id='word_1_459' title='bbox 2696 1822 2728 1861; x_wconf 93' lang='lat' dir='ltr'><strong>a</strong></span> <span class='ocrx_word' id='word_1_460' title='bbox 2765 1806 2998 1863; x_wconf 86' lang='lat' dir='ltr'><strong>Psalmis</strong></span> <span class='ocrx_word' id='word_1_461' title='bbox 3042 1807 3332 1864; x_wconf 88' lang='lat' dir='ltr'><strong>edocemur</strong></span> <span class='ocrx_word' id='word_1_462' title='bbox 3357 1807 3492 1877; x_wconf 85' lang='lat' dir='ltr'><strong>quid</strong></span> 
     </span>
    </p>
   </div>
   <div class='ocr_carea' id='block_1_61' title="bbox 1922 1895 3491 1971">
    <p class='ocr_par' dir='ltr' id='par_1_61' title="bbox 1922 1895 3491 1971">
     <span class='ocr_line' id='line_1_61' title="bbox 1922 1895 3491 1971; baseline 0.005 -22"><span class='ocrx_word' id='word_1_463' title='bbox 1922 1895 2191 1966; x_wconf 79' lang='lat' dir='ltr'><strong>fugientes</strong></span> <span class='ocrx_word' id='word_1_464' title='bbox 2225 1897 2404 1953; x_wconf 87' lang='lat' dir='ltr'><strong>dicere</strong></span> <span class='ocrx_word' id='word_1_465' title='bbox 2431 1908 2719 1969; x_wconf 84' lang='lat' dir='ltr'><strong>oporteat,</strong></span> <span class='ocrx_word' id='word_1_466' title='bbox 2757 1900 2945 1970; x_wconf 82' lang='lat' dir='ltr'><strong>quales</strong></span> <span class='ocrx_word' id='word_1_467' title='bbox 2979 1900 3035 1955; x_wconf 90' lang='lat' dir='ltr'><strong>in</strong></span> <span class='ocrx_word' id='word_1_468' title='bbox 3075 1900 3491 1971; x_wconf 88' lang='lat' dir='ltr'><strong>persecutione,</strong></span> 
     </span>
    </p>
   </div>
   <div class='ocr_carea' id='block_1_62' title="bbox 1922 1988 3494 2061">
    <p class='ocr_par' dir='ltr' id='par_1_62' title="bbox 1922 1988 3494 2061">
     <span class='ocr_line' id='line_1_62' title="bbox 1922 1988 3494 2061; baseline 0.005 -21"><span class='ocrx_word' id='word_1_469' title='bbox 1922 1988 2112 2057; x_wconf 86' lang='lat' dir='ltr'><strong>quales</strong></span> <span class='ocrx_word' id='word_1_470' title='bbox 2157 1998 2281 2059; x_wconf 91' lang='lat' dir='ltr'><strong>post</strong></span> <span class='ocrx_word' id='word_1_471' title='bbox 2333 1990 2768 2059; x_wconf 86' lang='lat' dir='ltr'><strong>persecutionem</strong></span> <span class='ocrx_word' id='word_1_472' title='bbox 2824 1992 2995 2061; x_wconf 88' lang='lat' dir='ltr'><strong>erepti</strong></span> <span class='ocrx_word' id='word_1_473' title='bbox 3049 1990 3160 2048; x_wconf 90' lang='lat' dir='ltr'><strong>Deo</strong></span> <span class='ocrx_word' id='word_1_474' title='bbox 3214 2006 3494 2048; x_wconf 87' lang='lat' dir='ltr'><strong>sermones</strong></span> 
     </span>
    </p>
   </div>
   <div class='ocr_carea' id='block_1_63' title="bbox 1922 2072 3492 2149">
    <p class='ocr_par' dir='ltr' id='par_1_63' title="bbox 1922 2072 3492 2149">
     <span class='ocr_line' id='line_1_63' title="bbox 1922 2072 3492 2149; baseline 0.006 -22"><span class='ocrx_word' id='word_1_475' title='bbox 1922 2072 2165 2142; x_wconf 79' lang='lat' dir='ltr'><strong>proferre</strong></span> <span class='ocrx_word' id='word_1_476' title='bbox 2199 2075 2514 2132; x_wconf 79' lang='lat' dir='ltr'><strong>debeamus.</strong></span> <span class='ocrx_word' id='word_1_477' title='bbox 2560 2076 2823 2133; x_wconf 88' lang='lat' dir='ltr'><strong>Jubemur</strong></span> <span class='ocrx_word' id='word_1_478' title='bbox 2856 2078 3088 2136; x_wconf 91' lang='lat' dir='ltr'><strong>Domino</strong></span> <span class='ocrx_word' id='word_1_479' title='bbox 3133 2081 3453 2137; x_wconf 85' lang='lat' dir='ltr'><strong>benedicere</strong></span> <span class='ocrx_word' id='word_1_480' title='bbox 3475 2123 3492 2149; x_wconf 93' lang='lat'><strong>,</strong></span> 
     </span>
    </p>
   </div>
   <div class='ocr_carea' id='block_1_64' title="bbox 1922 2162 3495 2245">
    <p class='ocr_par' dir='ltr' id='par_1_64' title="bbox 1922 2162 3495 2245">
     <span class='ocr_line' id='line_1_64' title="bbox 1922 2162 3495 2245; baseline 0.008 -28"><span class='ocrx_word' id='word_1_481' title='bbox 1922 2162 2153 2219; x_wconf 91' lang='lat' dir='ltr'><strong>Domino</strong></span> <span class='ocrx_word' id='word_1_482' title='bbox 2182 2167 2460 2234; x_wconf 80' lang='lat' dir='ltr'><strong>conﬁteri;</strong></span> <span class='ocrx_word' id='word_1_483' title='bbox 2497 2177 2554 2221; x_wconf 90' lang='lat' dir='ltr'><strong>at</strong></span> <span class='ocrx_word' id='word_1_484' title='bbox 2599 2169 2654 2223; x_wconf 90' lang='lat' dir='ltr'><strong>in</strong></span> <span class='ocrx_word' id='word_1_485' title='bbox 2706 2169 2937 2227; x_wconf 89' lang='lat' dir='ltr'><strong>Psalmis</strong></span> <span class='ocrx_word' id='word_1_486' title='bbox 2982 2170 3345 2228; x_wconf 80' lang='lat' dir='ltr'><strong>informamur</strong></span> <span class='ocrx_word' id='word_1_487' title='bbox 3386 2190 3495 2245; x_wconf 76' lang='lat' dir='ltr'><strong>qua</strong></span> 
     </span>
    </p>
   </div>
   <div class='ocr_carea' id='block_1_65' title="bbox 1922 2256 3495 2336">
    <p class='ocr_par' dir='ltr' id='par_1_65' title="bbox 1922 2256 3495 2336">
     <span class='ocr_line' id='line_1_65' title="bbox 1922 2256 3495 2336; baseline 0.008 -27"><span class='ocrx_word' id='word_1_488' title='bbox 1922 2257 2135 2312; x_wconf 86' lang='lat' dir='ltr'><strong>ratione</strong></span> <span class='ocrx_word' id='word_1_489' title='bbox 2174 2256 2346 2313; x_wconf 89' lang='lat' dir='ltr'><strong>Deum</strong></span> <span class='ocrx_word' id='word_1_490' title='bbox 2392 2259 2617 2316; x_wconf 88' lang='lat' dir='ltr'><strong>laudare</strong></span> <span class='ocrx_word' id='word_1_491' title='bbox 2646 2270 2933 2331; x_wconf 88' lang='lat' dir='ltr'><strong>oporteat,</strong></span> <span class='ocrx_word' id='word_1_492' title='bbox 2978 2264 3286 2336; x_wconf 86' lang='lat' dir='ltr'><strong>quibusque</strong></span> <span class='ocrx_word' id='word_1_493' title='bbox 3315 2268 3495 2322; x_wconf 83' lang='lat' dir='ltr'><strong>verbis</strong></span> 
     </span>
    </p>
   </div>
   <div class='ocr_carea' id='block_1_66' title="bbox 1922 2348 3496 2426">
    <p class='ocr_par' dir='ltr' id='par_1_66' title="bbox 1922 2348 3496 2426">
     <span class='ocr_line' id='line_1_66' title="bbox 1922 2348 3496 2426; baseline 0.008 -23"><span class='ocrx_word' id='word_1_494' title='bbox 1922 2348 2176 2404; x_wconf 85' lang='lat' dir='ltr'><strong>decenter</strong></span> <span class='ocrx_word' id='word_1_495' title='bbox 2220 2349 2596 2405; x_wconf 75' lang='lat' dir='ltr'><strong>confiteantur.</strong></span> <span class='ocrx_word' id='word_1_496' title='bbox 2650 2350 2793 2418; x_wconf 85' lang='lat' dir='ltr'><strong>Quin</strong></span> <span class='ocrx_word' id='word_1_497' title='bbox 2844 2365 2898 2409; x_wconf 90' lang='lat' dir='ltr'><strong>et</strong></span> <span class='ocrx_word' id='word_1_498' title='bbox 2942 2355 3173 2426; x_wconf 80' lang='lat' dir='ltr'><strong>singulis</strong></span> <span class='ocrx_word' id='word_1_499' title='bbox 3221 2359 3275 2412; x_wconf 91' lang='lat' dir='ltr'><strong>in</strong></span> <span class='ocrx_word' id='word_1_500' title='bbox 3333 2358 3496 2415; x_wconf 88' lang='lat' dir='ltr'><strong>rebus</strong></span> 
     </span>
    </p>
   </div>
   <div class='ocr_carea' id='block_1_67' title="bbox 1923 2441 3497 2520">
    <p class='ocr_par' dir='ltr' id='par_1_67' title="bbox 1923 2441 3497 2520">
     <span class='ocr_line' id='line_1_67' title="bbox 1923 2441 3497 2520; baseline 0.006 -24"><span class='ocrx_word' id='word_1_501' title='bbox 1923 2441 2157 2511; x_wconf 87' lang='lat' dir='ltr'><strong>quisque</strong></span> <span class='ocrx_word' id='word_1_502' title='bbox 2185 2441 2421 2511; x_wconf 88' lang='lat' dir='ltr'><strong>reperiet</strong></span> <span class='ocrx_word' id='word_1_503' title='bbox 2451 2443 2634 2498; x_wconf 85' lang='lat' dir='ltr'><strong>divina</strong></span> <span class='ocrx_word' id='word_1_504' title='bbox 2663 2444 2877 2500; x_wconf 86' lang='lat' dir='ltr'><strong>cantica</strong></span> <span class='ocrx_word' id='word_1_505' title='bbox 2915 2447 2982 2501; x_wconf 90' lang='lat' dir='ltr'><strong>ad</strong></span> <span class='ocrx_word' id='word_1_506' title='bbox 3026 2463 3127 2505; x_wconf 89' lang='lat' dir='ltr'><strong>nos</strong></span> <span class='ocrx_word' id='word_1_507' title='bbox 3166 2458 3497 2520; x_wconf 82' lang='lat' dir='ltr'><strong>nostrosque</strong></span> 
     </span>
    </p>
   </div>
   <div class='ocr_carea' id='block_1_68' title="bbox 1922 2536 3399 2607">
    <p class='ocr_par' dir='ltr' id='par_1_68' title="bbox 1922 2536 3399 2607">
     <span class='ocr_line' id='line_1_68' title="bbox 1922 2536 3399 2607; baseline 0.007 -21"><span class='ocrx_word' id='word_1_508' title='bbox 1922 2541 2107 2588; x_wconf 91' lang='lat' dir='ltr'><strong>motus</strong></span> <span class='ocrx_word' id='word_1_509' title='bbox 2132 2541 2495 2604; x_wconf 86' lang='lat' dir='ltr'><strong>motuumque</strong></span> <span class='ocrx_word' id='word_1_510' title='bbox 2525 2536 2945 2607; x_wconf 88' lang='lat' dir='ltr'><strong>temperationes</strong></span> <span class='ocrx_word' id='word_1_511' title='bbox 2969 2540 3399 2597; x_wconf 88' lang='lat' dir='ltr'><strong>accommodata.</strong></span> 
     </span>
    </p>
   </div>
   <div class='ocr_carea' id='block_1_69' title="bbox 1995 2624 3497 2697">
    <p class='ocr_par' dir='ltr' id='par_1_69' title="bbox 1995 2624 3497 2697">
     <span class='ocr_line' id='line_1_69' title="bbox 1995 2624 3497 2697; baseline 0.005 -18"><span class='ocrx_word' id='word_1_512' title='bbox 1995 2624 2084 2681; x_wconf 76' lang='lat' dir='ltr'><strong>il.</strong></span> <span class='ocrx_word' id='word_1_513' title='bbox 2113 2624 2326 2680; x_wconf 86' lang='lat' dir='ltr'><strong>Etenim</strong></span> <span class='ocrx_word' id='word_1_514' title='bbox 2357 2626 2463 2683; x_wconf 85' lang='lat' dir='ltr'><strong>hoc</strong></span> <span class='ocrx_word' id='word_1_515' title='bbox 2486 2643 2707 2697; x_wconf 92' lang='lat' dir='ltr'><strong>quoque</strong></span> <span class='ocrx_word' id='word_1_516' title='bbox 2735 2644 2929 2685; x_wconf 89' lang='lat' dir='ltr'><strong>rursus</strong></span> <span class='ocrx_word' id='word_1_517' title='bbox 2974 2630 3028 2686; x_wconf 89' lang='lat' dir='ltr'><strong>in</strong></span> <span class='ocrx_word' id='word_1_518' title='bbox 3053 2630 3290 2688; x_wconf 87' lang='lat' dir='ltr'><strong>Psalmis</strong></span> <span class='ocrx_word' id='word_1_519' title='bbox 3318 2632 3497 2687; x_wconf 90' lang='lat' dir='ltr'><strong>admi-</strong></span> 
     </span>
    </p>
   </div>
   <div class='ocr_carea' id='block_1_70' title="bbox 1922 2716 3517 2790">
    <p class='ocr_par' dir='ltr' id='par_1_70' title="bbox 1922 2716 3517 2790">
     <span class='ocr_line' id='line_1_70' title="bbox 1922 2716 3517 2790; baseline 0.002 -19"><span class='ocrx_word' id='word_1_520' title='bbox 1922 2718 2175 2781; x_wconf 88' lang='lat' dir='ltr'><strong>randum,</strong></span> <span class='ocrx_word' id='word_1_521' title='bbox 2200 2717 2343 2787; x_wconf 90' lang='lat' dir='ltr'><strong>quod</strong></span> <span class='ocrx_word' id='word_1_522' title='bbox 2374 2716 2429 2770; x_wconf 91' lang='lat' dir='ltr'><strong>in</strong></span> <span class='ocrx_word' id='word_1_523' title='bbox 2460 2716 2582 2773; x_wconf 84' lang='lat' dir='ltr'><strong>aliis</strong></span> <span class='ocrx_word' id='word_1_524' title='bbox 2612 2717 2830 2788; x_wconf 87' lang='lat' dir='ltr'><strong>quidem</strong></span> <span class='ocrx_word' id='word_1_525' title='bbox 2856 2719 3039 2786; x_wconf 89' lang='lat' dir='ltr'><strong>libris,</strong></span> <span class='ocrx_word' id='word_1_526' title='bbox 3075 2734 3195 2790; x_wconf 75' lang='lat' dir='ltr'><strong>qua:</strong></span> <span class='ocrx_word' id='word_1_527' title='bbox 3222 2720 3398 2776; x_wconf 85' lang='lat' dir='ltr'><strong>sancti</strong></span> <span class='ocrx_word' id='word_1_528' title='bbox 3432 2720 3517 2774; x_wconf 58' lang='lat' dir='ltr'><strong>de~</strong></span> 
     </span>
    </p>
   </div>
   <div class='ocr_carea' id='block_1_71' title="bbox 1924 2808 3501 2882">
    <p class='ocr_par' dir='ltr' id='par_1_71' title="bbox 1924 2808 3501 2882">
     <span class='ocr_line' id='line_1_71' title="bbox 1924 2808 3501 2882; baseline 0.003 -19"><span class='ocrx_word' id='word_1_529' title='bbox 1924 2809 2249 2879; x_wconf 88' lang='lat' dir='ltr'><strong>quibusdam</strong></span> <span class='ocrx_word' id='word_1_530' title='bbox 2284 2808 2510 2875; x_wconf 90' lang='lat' dir='ltr'><strong>dicunt,</strong></span> <span class='ocrx_word' id='word_1_531' title='bbox 2540 2810 2656 2865; x_wconf 74' lang='lat' dir='ltr'><strong>htec</strong></span> <span class='ocrx_word' id='word_1_532' title='bbox 2698 2810 2813 2881; x_wconf 90' lang='lat' dir='ltr'><strong>ipsa</strong></span> <span class='ocrx_word' id='word_1_533' title='bbox 2846 2811 2939 2882; x_wconf 89' lang='lat' dir='ltr'><strong>qui</strong></span> <span class='ocrx_word' id='word_1_534' title='bbox 2972 2811 3191 2882; x_wconf 86' lang='lat' dir='ltr'><strong>legunt,</strong></span> <span class='ocrx_word' id='word_1_535' title='bbox 3217 2812 3285 2866; x_wconf 88' lang='lat' dir='ltr'><strong>ad</strong></span> <span class='ocrx_word' id='word_1_536' title='bbox 3307 2812 3501 2867; x_wconf 59' lang='lat' dir='ltr'><strong>cos.de</strong></span> 
     </span>
    </p>
   </div>
   <div class='ocr_carea' id='block_1_72' title="bbox 1924 2899 3541 2973">
    <p class='ocr_par' dir='ltr' id='par_1_72' title="bbox 1924 2899 3541 2973">
     <span class='ocr_line' id='line_1_72' title="bbox 1924 2899 3541 2973; baseline 0.006 -20"><span class='ocrx_word' id='word_1_537' title='bbox 1924 2899 2124 2970; x_wconf 88' lang='lat' dir='ltr'><strong>quibus</strong></span> <span class='ocrx_word' id='word_1_538' title='bbox 2183 2899 2440 2955; x_wconf 89' lang='lat' dir='ltr'><strong>dicuntur</strong></span> <span class='ocrx_word' id='word_1_539' title='bbox 2495 2900 2765 2966; x_wconf 79' lang='lat' dir='ltr'><strong>referant;</strong></span> <span class='ocrx_word' id='word_1_540' title='bbox 2816 2911 2872 2957; x_wconf 89' lang='lat' dir='ltr'><strong>et</strong></span> <span class='ocrx_word' id='word_1_541' title='bbox 2915 2904 3009 2973; x_wconf 88' lang='lat' dir='ltr'><strong>qui</strong></span> <span class='ocrx_word' id='word_1_542' title='bbox 3064 2904 3327 2968; x_wconf 87' lang='lat' dir='ltr'><strong>audiunt,</strong></span> <span class='ocrx_word' id='word_1_543' title='bbox 3381 2919 3541 2963; x_wconf 83' lang='lat' dir='ltr'><strong>sese.</strong></span> 
     </span>
    </p>
   </div>
   <div class='ocr_carea' id='block_1_73' title="bbox 1925 2992 3537 3067">
    <p class='ocr_par' dir='ltr' id='par_1_73' title="bbox 1925 2992 3537 3067">
     <span class='ocr_line' id='line_1_73' title="bbox 1925 2992 3537 3067; baseline 0.007 -21"><span class='ocrx_word' id='word_1_544' title='bbox 1925 2992 2064 3048; x_wconf 90' lang='lat' dir='ltr'><strong>alios</strong></span> <span class='ocrx_word' id='word_1_545' title='bbox 2109 2993 2426 3050; x_wconf 79' lang='lat' dir='ltr'><strong>existiment</strong></span> <span class='ocrx_word' id='word_1_546' title='bbox 2467 2994 2537 3050; x_wconf 90' lang='lat' dir='ltr'><strong>ab</strong></span> <span class='ocrx_word' id='word_1_547' title='bbox 2577 2995 2644 3051; x_wconf 90' lang='lat' dir='ltr'><strong>iis</strong></span> <span class='ocrx_word' id='word_1_548' title='bbox 2678 2996 2746 3052; x_wconf 90' lang='lat' dir='ltr'><strong>de</strong></span> <span class='ocrx_word' id='word_1_549' title='bbox 2786 2996 2988 3067; x_wconf 88' lang='lat' dir='ltr'><strong>quibus</strong></span> <span class='ocrx_word' id='word_1_550' title='bbox 3030 3012 3221 3053; x_wconf 82' lang='lat' dir='ltr'><strong>sermo.</strong></span> <span class='ocrx_word' id='word_1_551' title='bbox 3250 2996 3502 3062; x_wconf 82' lang='lat' dir='ltr'><strong>habetur.</strong></span> <span class='ocrx_word' id='word_1_552' title='bbox 3534 3054 3537 3057; x_wconf 89' lang='lat'><strong>.</strong></span> 
     </span>
    </p>
   </div>
   <div class='ocr_carea' id='block_1_74' title="bbox 1929 3082 3503 3158">
    <p class='ocr_par' dir='ltr' id='par_1_74' title="bbox 1929 3082 3503 3158">
     <span class='ocr_line' id='line_1_74' title="bbox 1929 3082 3503 3158; baseline 0.004 -21"><span class='ocrx_word' id='word_1_553' title='bbox 1929 3082 2003 3139; x_wconf 84' lang='lat' dir='ltr'><strong>ita</strong></span> <span class='ocrx_word' id='word_1_554' title='bbox 2038 3093 2101 3139; x_wconf 90' lang='lat' dir='ltr'><strong>ut</strong></span> <span class='ocrx_word' id='word_1_555' title='bbox 2139 3101 2261 3157; x_wconf 82' lang='lat' dir='ltr'><strong>quae</strong></span> <span class='ocrx_word' id='word_1_556' title='bbox 2293 3096 2445 3158; x_wconf 84' lang='lat' dir='ltr'><strong>gesta</strong></span> <span class='ocrx_word' id='word_1_557' title='bbox 2470 3087 2727 3143; x_wconf 88' lang='lat' dir='ltr'><strong>dicuntur</strong></span> <span class='ocrx_word' id='word_1_558' title='bbox 2751 3128 2767 3155; x_wconf 97' lang='lat'><strong>,</strong></span> <span class='ocrx_word' id='word_1_559' title='bbox 2806 3086 3154 3145; x_wconf 82' lang='lat' dir='ltr'><strong>admirationi</strong></span> <span class='ocrx_word' id='word_1_560' title='bbox 3192 3088 3370 3145; x_wconf 87' lang='lat' dir='ltr'><strong>solum</strong></span> <span class='ocrx_word' id='word_1_561' title='bbox 3399 3089 3503 3146; x_wconf 86' lang='lat' dir='ltr'><strong>ba-</strong></span> 
     </span>
    </p>
   </div>
   <div class='ocr_carea' id='block_1_75' title="bbox 1930 3177 3536 3251">
    <p class='ocr_par' dir='ltr' id='par_1_75' title="bbox 1930 3177 3536 3251">
     <span class='ocr_line' id='line_1_75' title="bbox 1930 3177 3536 3251; baseline 0.004 -18"><span class='ocrx_word' id='word_1_562' title='bbox 1930 3177 2096 3234; x_wconf 88' lang='lat' dir='ltr'><strong>beant</strong></span> <span class='ocrx_word' id='word_1_563' title='bbox 2123 3187 2178 3235; x_wconf 92' lang='lat' dir='ltr'><strong>et</strong></span> <span class='ocrx_word' id='word_1_564' title='bbox 2212 3178 2474 3235; x_wconf 88' lang='lat' dir='ltr'><strong>imitanda</strong></span> <span class='ocrx_word' id='word_1_565' title='bbox 2519 3180 2626 3237; x_wconf 90' lang='lat' dir='ltr'><strong>sibi</strong></span> <span class='ocrx_word' id='word_1_566' title='bbox 2655 3188 2981 3251; x_wconf 83' lang='lat' dir='ltr'><strong>proponant.</strong></span> <span class='ocrx_word' id='word_1_567' title='bbox 3016 3179 3084 3236; x_wconf 75' lang='lat' dir='ltr'><strong>At</strong></span> <span class='ocrx_word' id='word_1_568' title='bbox 3112 3180 3309 3239; x_wconf 82' lang='lat' dir='ltr'><strong>librum</strong></span> <span class='ocrx_word' id='word_1_569' title='bbox 3338 3180 3536 3239; x_wconf 65' lang='lat' dir='ltr'><strong>istum.</strong></span> 
     </span>
    </p>
   </div>
   <div class='ocr_carea' id='block_1_76' title="bbox 1931 3270 3506 3342">
    <p class='ocr_par' dir='ltr' id='par_1_76' title="bbox 1931 3270 3506 3342">
     <span class='ocr_line' id='line_1_76' title="bbox 1931 3270 3506 3342; baseline 0.003 -19"><span class='ocrx_word' id='word_1_570' title='bbox 1931 3270 2025 3339; x_wconf 88' lang='lat' dir='ltr'><strong>qui</strong></span> <span class='ocrx_word' id='word_1_571' title='bbox 2059 3270 2247 3336; x_wconf 91' lang='lat' dir='ltr'><strong>sumit,</strong></span> <span class='ocrx_word' id='word_1_572' title='bbox 2296 3270 2608 3342; x_wconf 86' lang='lat' dir='ltr'><strong>prophetias</strong></span> <span class='ocrx_word' id='word_1_573' title='bbox 2643 3271 2861 3342; x_wconf 91' lang='lat' dir='ltr'><strong>quidem</strong></span> <span class='ocrx_word' id='word_1_574' title='bbox 2898 3271 2966 3327; x_wconf 86' lang='lat' dir='ltr'><strong>de</strong></span> <span class='ocrx_word' id='word_1_575' title='bbox 3010 3270 3323 3339; x_wconf 87' lang='lat' dir='ltr'><strong>Salvatore,</strong></span> <span class='ocrx_word' id='word_1_576' title='bbox 3353 3280 3415 3328; x_wconf 89' lang='lat' dir='ltr'><strong>ut</strong></span> <span class='ocrx_word' id='word_1_577' title='bbox 3450 3273 3506 3327; x_wconf 90' lang='lat' dir='ltr'><strong>in</strong></span> 
     </span>
    </p>
   </div>
   <div class='ocr_carea' id='block_1_77' title="bbox 1932 3362 3508 3433">
    <p class='ocr_par' dir='ltr' id='par_1_77' title="bbox 1932 3362 3508 3433">
     <span class='ocr_line' id='line_1_77' title="bbox 1932 3362 3508 3433; baseline 0.001 -18"><span class='ocrx_word' id='word_1_578' title='bbox 1932 3362 2055 3418; x_wconf 90' lang='lat' dir='ltr'><strong>aliis</strong></span> <span class='ocrx_word' id='word_1_579' title='bbox 2107 3362 2408 3433; x_wconf 86' lang='lat' dir='ltr'><strong>Scripturis</strong></span> <span class='ocrx_word' id='word_1_580' title='bbox 2458 3377 2612 3418; x_wconf 91' lang='lat' dir='ltr'><strong>more</strong></span> <span class='ocrx_word' id='word_1_581' title='bbox 2660 3362 2823 3419; x_wconf 90' lang='lat' dir='ltr'><strong>solito</strong></span> <span class='ocrx_word' id='word_1_582' title='bbox 2866 3378 2991 3418; x_wconf 92' lang='lat' dir='ltr'><strong>cum</strong></span> <span class='ocrx_word' id='word_1_583' title='bbox 3046 3363 3406 3419; x_wconf 88' lang='lat' dir='ltr'><strong>admiratione</strong></span> <span class='ocrx_word' id='word_1_584' title='bbox 3452 3370 3508 3419; x_wconf 88' lang='lat' dir='ltr'><strong>et</strong></span> 
     </span>
    </p>
   </div>
   <div class='ocr_carea' id='block_1_78' title="bbox 1932 3454 3508 3529">
    <p class='ocr_par' dir='ltr' id='par_1_78' title="bbox 1932 3454 3508 3529">
     <span class='ocr_line' id='line_1_78' title="bbox 1932 3454 3508 3529; baseline 0 -19"><span class='ocrx_word' id='word_1_585' title='bbox 1932 3456 2247 3512; x_wconf 90' lang='lat' dir='ltr'><strong>adoratione</strong></span> <span class='ocrx_word' id='word_1_586' title='bbox 2292 3455 2561 3524; x_wconf 88' lang='lat' dir='ltr'><strong>percurrit</strong></span> <span class='ocrx_word' id='word_1_587' title='bbox 2601 3472 2616 3509; x_wconf 89' lang='lat'><strong>:</strong></span> <span class='ocrx_word' id='word_1_588' title='bbox 2670 3454 2807 3510; x_wconf 88' lang='lat' dir='ltr'><strong>alios</strong></span> <span class='ocrx_word' id='word_1_589' title='bbox 2849 3470 2981 3511; x_wconf 87' lang='lat' dir='ltr'><strong>vero</strong></span> <span class='ocrx_word' id='word_1_590' title='bbox 3022 3456 3303 3527; x_wconf 81' lang='lat' dir='ltr'><strong>psalmos,</strong></span> <span class='ocrx_word' id='word_1_591' title='bbox 3347 3457 3508 3529; x_wconf 87' lang='lat' dir='ltr'><strong>quasi</strong></span> 
     </span>
    </p>
   </div>
   <div class='ocr_carea' id='block_1_79' title="bbox 1934 3545 3506 3618">
    <p class='ocr_par' dir='ltr' id='par_1_79' title="bbox 1934 3545 3506 3618">
     <span class='ocr_line' id='line_1_79' title="bbox 1934 3545 3506 3618; baseline -0.001 -16"><span class='ocrx_word' id='word_1_592' title='bbox 1934 3547 2185 3618; x_wconf 90' lang='lat' dir='ltr'><strong>proprios</strong></span> <span class='ocrx_word' id='word_1_593' title='bbox 2216 3545 2319 3601; x_wconf 87' lang='lat' dir='ltr'><strong>sibi</strong></span> <span class='ocrx_word' id='word_1_594' title='bbox 2361 3560 2645 3602; x_wconf 88' lang='lat' dir='ltr'><strong>sermones</strong></span> <span class='ocrx_word' id='word_1_595' title='bbox 2683 3547 2851 3617; x_wconf 84' lang='lat' dir='ltr'><strong>legit;</strong></span> <span class='ocrx_word' id='word_1_596' title='bbox 2887 3546 2980 3618; x_wconf 92' lang='lat' dir='ltr'><strong>qui</strong></span> <span class='ocrx_word' id='word_1_597' title='bbox 3020 3556 3200 3605; x_wconf 87' lang='lat' dir='ltr'><strong>autem</strong></span> <span class='ocrx_word' id='word_1_598' title='bbox 3235 3546 3506 3612; x_wconf 86' lang='lat' dir='ltr'><strong>audierit,</strong></span> 
     </span>
    </p>
   </div>
   <div class='ocr_carea' id='block_1_80' title="bbox 1936 3636 3505 3710">
    <p class='ocr_par' dir='ltr' id='par_1_80' title="bbox 1936 3636 3505 3710">
     <span class='ocr_line' id='line_1_80' title="bbox 1936 3636 3505 3710; baseline -0.001 -16"><span class='ocrx_word' id='word_1_599' title='bbox 1936 3639 2094 3709; x_wconf 88' lang='lat' dir='ltr'><strong>quasi</strong></span> <span class='ocrx_word' id='word_1_600' title='bbox 2148 3638 2265 3692; x_wconf 79' lang='lat' dir='ltr'><strong>haec</strong></span> <span class='ocrx_word' id='word_1_601' title='bbox 2319 3636 2510 3694; x_wconf 85' lang='lat' dir='ltr'><strong>eadem</strong></span> <span class='ocrx_word' id='word_1_602' title='bbox 2557 3637 2672 3709; x_wconf 86' lang='lat' dir='ltr'><strong>ipse</strong></span> <span class='ocrx_word' id='word_1_603' title='bbox 2725 3637 3035 3710; x_wconf 81' lang='lat' dir='ltr'><strong>proferret,</strong></span> <span class='ocrx_word' id='word_1_604' title='bbox 3083 3638 3505 3709; x_wconf 87' lang='lat' dir='ltr'><strong>compungitur,</strong></span> 
     </span>
    </p>
   </div>
   <div class='ocr_carea' id='block_1_81' title="bbox 1937 3727 3511 3799">
    <p class='ocr_par' dir='ltr' id='par_1_81' title="bbox 1937 3727 3511 3799">
     <span class='ocr_line' id='line_1_81' title="bbox 1937 3727 3511 3799; baseline 0 -16"><span class='ocrx_word' id='word_1_605' title='bbox 1937 3738 2098 3799; x_wconf 91' lang='lat' dir='ltr'><strong>atque</strong></span> <span class='ocrx_word' id='word_1_606' title='bbox 2128 3728 2202 3785; x_wconf 92' lang='lat' dir='ltr'><strong>ita</strong></span> <span class='ocrx_word' id='word_1_607' title='bbox 2233 3729 2569 3785; x_wconf 88' lang='lat' dir='ltr'><strong>canticorum</strong></span> <span class='ocrx_word' id='word_1_608' title='bbox 2612 3727 2794 3785; x_wconf 83' lang='lat' dir='ltr'><strong>verbis</strong></span> <span class='ocrx_word' id='word_1_609' title='bbox 2821 3727 3075 3795; x_wconf 68' lang='lat' dir='ltr'><strong>adicitur,</strong></span> <span class='ocrx_word' id='word_1_610' title='bbox 3102 3729 3259 3799; x_wconf 90' lang='lat' dir='ltr'><strong>quasi</strong></span> <span class='ocrx_word' id='word_1_611' title='bbox 3291 3743 3391 3783; x_wconf 89' lang='lat' dir='ltr'><strong>sua</strong></span> <span class='ocrx_word' id='word_1_612' title='bbox 3421 3743 3511 3783; x_wconf 60' lang='lat' dir='ltr'><strong>es.</strong></span> 
     </span>
    </p>
   </div>
   <div class='ocr_carea' id='block_1_82' title="bbox 1938 3818 3511 3891">
    <p class='ocr_par' dir='ltr' id='par_1_82' title="bbox 1938 3818 3511 3891">
     <span class='ocr_line' id='line_1_82' title="bbox 1938 3818 3511 3891; baseline 0 -17"><span class='ocrx_word' id='word_1_613' title='bbox 1938 3829 2078 3875; x_wconf 90' lang='lat' dir='ltr'><strong>sent.</strong></span> <span class='ocrx_word' id='word_1_614' title='bbox 2127 3818 2520 3891; x_wconf 75' lang='lat' dir='ltr'><strong>Explicationis</strong></span> <span class='ocrx_word' id='word_1_615' title='bbox 2562 3836 2764 3885; x_wconf 87' lang='lat' dir='ltr'><strong>causa,</strong></span> <span class='ocrx_word' id='word_1_616' title='bbox 2808 3836 2877 3876; x_wconf 92' lang='lat' dir='ltr'><strong>ne</strong></span> <span class='ocrx_word' id='word_1_617' title='bbox 2904 3835 3230 3890; x_wconf 87' lang='lat' dir='ltr'><strong>gravemur,</strong></span> <span class='ocrx_word' id='word_1_618' title='bbox 3262 3820 3511 3889; x_wconf 85' lang='lat' dir='ltr'><strong>exemplo</strong></span> 
     </span>
    </p>
   </div>
   <div class='ocr_carea' id='block_1_83' title="bbox 1938 3912 3513 3985">
    <p class='ocr_par' dir='ltr' id='par_1_83' title="bbox 1938 3912 3513 3985">
     <span class='ocr_line' id='line_1_83' title="bbox 1938 3912 3513 3985; baseline -0.001 -18"><span class='ocrx_word' id='word_1_619' title='bbox 1938 3913 2082 3970; x_wconf 80' lang='lat' dir='ltr'><strong>beati</strong></span> <span class='ocrx_word' id='word_1_620' title='bbox 2112 3913 2264 3969; x_wconf 91' lang='lat' dir='ltr'><strong>Pauli</strong></span> <span class='ocrx_word' id='word_1_621' title='bbox 2292 3914 2547 3985; x_wconf 86' lang='lat' dir='ltr'><strong>apostoli,</strong></span> <span class='ocrx_word' id='word_1_622' title='bbox 2575 3914 2809 3984; x_wconf 88' lang='lat' dir='ltr'><strong>idipsum</strong></span> <span class='ocrx_word' id='word_1_623' title='bbox 2835 3923 3097 3984; x_wconf 88' lang='lat' dir='ltr'><strong>repetere.</strong></span> <span class='ocrx_word' id='word_1_624' title='bbox 3122 3912 3362 3968; x_wconf 91' lang='lat' dir='ltr'><strong>Plurima</strong></span> <span class='ocrx_word' id='word_1_625' title='bbox 3385 3921 3513 3968; x_wconf 89' lang='lat' dir='ltr'><strong>sunt</strong></span> 
     </span>
    </p>
   </div>
   <div class='ocr_carea' id='block_1_84' title="bbox 1939 4000 3513 4074">
    <p class='ocr_par' dir='ltr' id='par_1_84' title="bbox 1939 4000 3513 4074">
     <span class='ocr_line' id='line_1_84' title="bbox 1939 4000 3513 4074; baseline -0.002 -15"><span class='ocrx_word' id='word_1_626' title='bbox 1939 4003 2374 4073; x_wconf 87' lang='lat' dir='ltr'><strong>patriarcharum</strong></span> <span class='ocrx_word' id='word_1_627' title='bbox 2419 4004 2583 4059; x_wconf 82' lang='lat' dir='ltr'><strong>verba</strong></span> <span class='ocrx_word' id='word_1_628' title='bbox 2623 4004 2757 4073; x_wconf 90' lang='lat' dir='ltr'><strong>ipsis</strong></span> <span class='ocrx_word' id='word_1_629' title='bbox 2794 4004 3012 4074; x_wconf 89' lang='lat' dir='ltr'><strong>propria</strong></span> <span class='ocrx_word' id='word_1_630' title='bbox 3069 4021 3082 4056; x_wconf 91' lang='lat'><strong>:</strong></span> <span class='ocrx_word' id='word_1_631' title='bbox 3126 4017 3250 4057; x_wconf 87' lang='lat' dir='ltr'><strong>nam</strong></span> <span class='ocrx_word' id='word_1_632' title='bbox 3300 4000 3513 4074; x_wconf 80' lang='lat' dir='ltr'><strong>Moyses</strong></span> 
     </span>
    </p>
   </div>
   <div class='ocr_carea' id='block_1_85' title="bbox 1939 4094 3514 4166">
    <p class='ocr_par' dir='ltr' id='par_1_85' title="bbox 1939 4094 3514 4166">
     <span class='ocr_line' id='line_1_85' title="bbox 1939 4094 3514 4166; baseline 0 -16"><span class='ocrx_word' id='word_1_633' title='bbox 1939 4095 2282 4165; x_wconf 86' lang='lat' dir='ltr'><strong>loquebatur,</strong></span> <span class='ocrx_word' id='word_1_634' title='bbox 2319 4104 2382 4155; x_wconf 64' lang='lat' dir='ltr'><strong>et.</strong></span> <span class='ocrx_word' id='word_1_635' title='bbox 2405 4094 2550 4153; x_wconf 85' lang='lat' dir='ltr'><strong>Deus</strong></span> <span class='ocrx_word' id='word_1_636' title='bbox 2587 4096 2987 4166; x_wconf 88' lang='lat' dir='ltr'><strong>respondebat;</strong></span> <span class='ocrx_word' id='word_1_637' title='bbox 3019 4094 3167 4151; x_wconf 88' lang='lat' dir='ltr'><strong>Elias</strong></span> <span class='ocrx_word' id='word_1_638' title='bbox 3205 4106 3260 4151; x_wconf 90' lang='lat' dir='ltr'><strong>et</strong></span> <span class='ocrx_word' id='word_1_639' title='bbox 3287 4094 3514 4152; x_wconf 80' lang='lat' dir='ltr'><strong>Elisaeus</strong></span> 
     </span>
    </p>
   </div>
   <div class='ocr_carea' id='block_1_86' title="bbox 1941 4184 3508 4248">
    <p class='ocr_par' dir='ltr' id='par_1_86' title="bbox 1941 4184 3508 4248">
     <span class='ocr_line' id='line_1_86' title="bbox 1941 4184 3508 4248; baseline -0.002 -7"><span class='ocrx_word' id='word_1_640' title='bbox 1941 4186 1997 4241; x_wconf 91' lang='lat' dir='ltr'><strong>in</strong></span> <span class='ocrx_word' id='word_1_641' title='bbox 2031 4184 2282 4241; x_wconf 87' lang='lat' dir='ltr'><strong>Carmelo</strong></span> <span class='ocrx_word' id='word_1_642' title='bbox 2308 4194 2493 4243; x_wconf 89' lang='lat' dir='ltr'><strong>monte</strong></span> <span class='ocrx_word' id='word_1_643' title='bbox 2541 4187 2792 4242; x_wconf 88' lang='lat' dir='ltr'><strong>sedentes</strong></span> <span class='ocrx_word' id='word_1_644' title='bbox 2823 4185 3114 4241; x_wconf 90' lang='lat' dir='ltr'><strong>Dominum</strong></span> <span class='ocrx_word' id='word_1_645' title='bbox 3152 4186 3508 4248; x_wconf 85' lang='lat' dir='ltr'><strong>invocabant,</strong></span> 
     </span>
    </p>
   </div>
   <div class='ocr_carea' id='block_1_87' title="bbox 1941 4275 3515 4347">
    <p class='ocr_par' dir='ltr' id='par_1_87' title="bbox 1941 4275 3515 4347">
     <span class='ocr_line' id='line_1_87' title="bbox 1941 4275 3515 4347; baseline -0.001 -15"><span class='ocrx_word' id='word_1_646' title='bbox 1941 4275 2303 4347; x_wconf 86' lang='lat' dir='ltr'><strong>dicebantque</strong></span> <span class='ocrx_word' id='word_1_647' title='bbox 2325 4292 2539 4346; x_wconf 85' lang='lat' dir='ltr'><strong>semper</strong></span> <span class='ocrx_word' id='word_1_648' title='bbox 2571 4295 2585 4331; x_wconf 88' lang='lat'><strong>:</strong></span> <span class='ocrx_word' id='word_1_649' title='bbox 2626 4277 2762 4331; x_wconf 85' lang='lat' dir='ltr'><strong>Vivit</strong></span> <span class='ocrx_word' id='word_1_650' title='bbox 2799 4277 3079 4345; x_wconf 82' lang='lat' dir='ltr'><strong>Dominus,</strong></span> <span class='ocrx_word' id='word_1_651' title='bbox 3120 4278 3175 4331; x_wconf 84' lang='lat' dir='ltr'><strong>in</strong></span> <span class='ocrx_word' id='word_1_652' title='bbox 3211 4276 3363 4346; x_wconf 83' lang='lat' dir='ltr'><strong>cujus</strong></span> <span class='ocrx_word' id='word_1_653' title='bbox 3392 4293 3515 4330; x_wconf 86' lang='lat' dir='ltr'><strong>con-</strong></span> 
     </span>
    </p>
   </div>
   <div class='ocr_carea' id='block_1_88' title="bbox 1943 4367 3515 4438">
    <p class='ocr_par' dir='ltr' id='par_1_88' title="bbox 1943 4367 3515 4438">
     <span class='ocr_line' id='line_1_88' title="bbox 1943 4367 3515 4438; baseline -0.001 -14"><span class='ocrx_word' id='word_1_654' title='bbox 1943 4377 2121 4438; x_wconf 82' lang='lat' dir='ltr'><strong>spectu</strong></span> <span class='ocrx_word' id='word_1_655' title='bbox 2151 4369 2299 4427; x_wconf 84' lang='lat' dir='ltr'><strong>astiti</strong></span> <span class='ocrx_word' id='word_1_656' title='bbox 2322 4369 2476 4423; x_wconf 85' lang='lat' dir='ltr'><strong>hodie</strong></span> <span class='ocrx_word' id='word_1_657' title='bbox 2509 4367 2572 4421; x_wconf 75' lang='lat'><strong>“.</strong></span> <span class='ocrx_word' id='word_1_658' title='bbox 2604 4367 2850 4423; x_wconf 86' lang='lat' dir='ltr'><strong>Aliorum</strong></span> <span class='ocrx_word' id='word_1_659' title='bbox 2883 4369 3010 4423; x_wconf 90' lang='lat' dir='ltr'><strong>item</strong></span> <span class='ocrx_word' id='word_1_660' title='bbox 3042 4375 3356 4423; x_wconf 88' lang='lat' dir='ltr'><strong>sanctorum</strong></span> <span class='ocrx_word' id='word_1_661' title='bbox 3385 4381 3515 4437; x_wconf 89' lang='lat' dir='ltr'><strong>pro-</strong></span> 
     </span>
    </p>
   </div>
   <div class='ocr_carea' id='block_1_89' title="bbox 231 4456 1825 4546">
    <p class='ocr_par' dir='ltr' id='par_1_89' title="bbox 231 4457 1825 4535">
     <span class='ocr_line' id='line_1_89' title="bbox 231 4457 1825 4535; baseline 0.002 -20"><span class='ocrx_word' id='word_1_662' title='bbox 231 4464 319 4516; x_wconf 69' lang='grc' dir='ltr'>ἁεὶ</span> <span class='ocrx_word' id='word_1_663' title='bbox 348 4464 549 4535; x_wconf 75' lang='grc' dir='ltr'>ἔλεγον·</span> <span class='ocrx_word' id='word_1_664' title='bbox 599 4464 695 4533; x_wconf 80' lang='grc' dir='ltr'><em>Ζῇ</em></span> <span class='ocrx_word' id='word_1_665' title='bbox 720 4466 966 4533; x_wconf 80' lang='grc' dir='ltr'>Κύριος,</span> <span class='ocrx_word' id='word_1_666' title='bbox 1002 4457 1054 4531; x_wconf 82' lang='grc' dir='ltr'>ᾧ</span> <span class='ocrx_word' id='word_1_667' title='bbox 1101 4465 1412 4533; x_wconf 73' lang='grc' dir='ltr'>παρέστην</span> <span class='ocrx_word' id='word_1_668' title='bbox 1438 4464 1693 4519; x_wconf 79' lang='grc' dir='ltr'><strong>ἐνώπιον</strong></span> <span class='ocrx_word' id='word_1_669' title='bbox 1737 4468 1825 4518; x_wconf 78' lang='grc' dir='ltr'><strong>αὐ-</strong></span> 
     </span>
    </p>
   </div>
   <div class='ocr_carea' id='block_1_90' title="bbox 1931 4456 3518 4546">
    <p class='ocr_par' dir='ltr' id='par_1_90' title="bbox 1944 4456 3518 4529">
     <span class='ocr_line' id='line_1_90' title="bbox 1944 4456 3518 4529; baseline 0 -16"><span class='ocrx_word' id='word_1_670' title='bbox 1944 4461 2232 4529; x_wconf 89' lang='lat' dir='ltr'><strong>pbetarnm</strong></span> <span class='ocrx_word' id='word_1_671' title='bbox 2282 4459 2447 4514; x_wconf 86' lang='lat' dir='ltr'><strong>verba</strong></span> <span class='ocrx_word' id='word_1_672' title='bbox 2506 4460 2562 4514; x_wconf 93' lang='lat' dir='ltr'><strong>in</strong></span> <span class='ocrx_word' id='word_1_673' title='bbox 2613 4459 2807 4529; x_wconf 90' lang='lat' dir='ltr'><strong>primis</strong></span> <span class='ocrx_word' id='word_1_674' title='bbox 2868 4458 3087 4528; x_wconf 87' lang='lat' dir='ltr'><strong>quidem</strong></span> <span class='ocrx_word' id='word_1_675' title='bbox 3130 4457 3198 4512; x_wconf 87' lang='lat' dir='ltr'><strong>de</strong></span> <span class='ocrx_word' id='word_1_676' title='bbox 3236 4456 3518 4513; x_wconf 87' lang='lat' dir='ltr'><strong>Salvatore</strong></span> 
     </span>
    </p>
   </div>
   <div class='ocr_carea' id='block_1_91' title="bbox 232 4554 1847 4628">
    <p class='ocr_par' dir='ltr' id='par_1_91' title="bbox 232 4554 1847 4628">
     <span class='ocr_line' id='line_1_91' title="bbox 232 4554 1847 4628; baseline 0.004 -23"><span class='ocrx_word' id='word_1_677' title='bbox 232 4554 339 4608; x_wconf 79' lang='grc' dir='ltr'>τοῦ</span> <span class='ocrx_word' id='word_1_678' title='bbox 384 4557 677 4628; x_wconf 76' lang='grc' dir='ltr'><strong>σήμερον.</strong></span> <span class='ocrx_word' id='word_1_679' title='bbox 717 4556 788 4610; x_wconf 83' lang='grc' dir='ltr'><strong>Οἵ</strong></span> <span class='ocrx_word' id='word_1_680' title='bbox 845 4574 907 4609; x_wconf 85' lang='grc' dir='ltr'>τε</span> <span class='ocrx_word' id='word_1_681' title='bbox 962 4556 1074 4610; x_wconf 81' lang='grc' dir='ltr'>τῶν</span> <span class='ocrx_word' id='word_1_682' title='bbox 1104 4556 1276 4610; x_wconf 78' lang='grc' dir='ltr'>ἄλλων</span> <span class='ocrx_word' id='word_1_683' title='bbox 1322 4556 1492 4626; x_wconf 83' lang='grc' dir='ltr'>ἁγίων</span> <span class='ocrx_word' id='word_1_684' title='bbox 1543 4554 1847 4627; x_wconf 69' lang='grc' dir='ltr'>προφητῶν</span> 
     </span>
    </p>
   </div>
   <div class='ocr_carea' id='block_1_92' title="bbox 232 4644 1834 4723">
    <p class='ocr_par' dir='ltr' id='par_1_92' title="bbox 232 4644 1834 4723">
     <span class='ocr_line' id='line_1_92' title="bbox 232 4644 1834 4723; baseline 0.003 -27"><span class='ocrx_word' id='word_1_685' title='bbox 232 4644 378 4716; x_wconf 72' lang='grc' dir='ltr'>λόγοι</span> <span class='ocrx_word' id='word_1_686' title='bbox 407 4649 827 4723; x_wconf 80' lang='grc' dir='ltr'>προηγούμενοι</span> <span class='ocrx_word' id='word_1_687' title='bbox 860 4650 963 4721; x_wconf 82' lang='grc' dir='ltr'><strong>μέν</strong></span> <span class='ocrx_word' id='word_1_688' title='bbox 1022 4650 1158 4701; x_wconf 75' lang='grc' dir='ltr'>εἰσιν</span> <span class='ocrx_word' id='word_1_689' title='bbox 1202 4650 1251 4701; x_wconf 78' lang='lat' dir='ltr'><strong>oi</strong></span> <span class='ocrx_word' id='word_1_690' title='bbox 1290 4649 1416 4719; x_wconf 70' lang='grc' dir='ltr'>περὶ</span> <span class='ocrx_word' id='word_1_691' title='bbox 1446 4648 1540 4702; x_wconf 82' lang='grc' dir='ltr'><strong>τοῦ</strong></span> <span class='ocrx_word' id='word_1_692' title='bbox 1564 4648 1834 4720; x_wconf 60' lang='grc' dir='ltr'>Σωτῆρος</span> 
     </span>
    </p>
   </div>
   <div class='ocr_carea' id='block_1_93' title="bbox 236 4734 1838 4809">
    <p class='ocr_par' dir='ltr' id='par_1_93' title="bbox 236 4734 1838 4809">
     <span class='ocr_line' id='line_1_93' title="bbox 236 4734 1838 4809; baseline 0.001 -20"><span class='ocrx_word' id='word_1_693' title='bbox 236 4734 417 4793; x_wconf 68' lang='grc' dir='ltr'>ἔπειτα</span> <span class='ocrx_word' id='word_1_694' title='bbox 443 4741 500 4794; x_wconf 80' lang='grc' dir='ltr'>δὲ</span> <span class='ocrx_word' id='word_1_695' title='bbox 523 4742 623 4795; x_wconf 71' lang='grc' dir='ltr'><strong>καὶ</strong></span> <span class='ocrx_word' id='word_1_696' title='bbox 652 4740 912 4793; x_wconf 82' lang='grc' dir='ltr'>πλεῖστοι</span> <span class='ocrx_word' id='word_1_697' title='bbox 940 4739 1198 4808; x_wconf 83' lang='grc' dir='ltr'>γεγόνασι</span> <span class='ocrx_word' id='word_1_698' title='bbox 1226 4741 1337 4802; x_wconf 84' lang='grc' dir='ltr'>τοῖς</span> <span class='ocrx_word' id='word_1_699' title='bbox 1358 4756 1417 4792; x_wconf 86' lang='grc' dir='ltr'><strong>τε</strong></span> <span class='ocrx_word' id='word_1_700' title='bbox 1442 4738 1618 4793; x_wconf 77' lang='grc' dir='ltr'>ἔθνεσι</span> <span class='ocrx_word' id='word_1_701' title='bbox 1643 4740 1737 4793; x_wconf 72' lang='grc' dir='ltr'><strong>καὶ</strong></span> <span class='ocrx_word' id='word_1_702' title='bbox 1762 4737 1838 4809; x_wconf 86' lang='grc' dir='ltr'>τῷ</span> 
     </span>
    </p>
   </div>
   <div class='ocr_carea' id='block_1_94' title="bbox 249 4827 1836 4907">
    <p class='ocr_par' dir='ltr' id='par_1_94' title="bbox 249 4827 1836 4907">
     <span class='ocr_line' id='line_1_94' title="bbox 249 4827 1836 4907; baseline 0.003 -28"><span class='ocrx_word' id='word_1_703' title='bbox 249 4827 473 4903; x_wconf 71' lang='grc' dir='ltr'><strong>Ἰσραήλ.</strong></span> <span class='ocrx_word' id='word_1_704' title='bbox 496 4834 611 4886; x_wconf 76' lang='grc' dir='ltr'><strong>Καὶ</strong></span> <span class='ocrx_word' id='word_1_705' title='bbox 645 4834 811 4903; x_wconf 84' lang='grc' dir='ltr'>ὅμως</span> <span class='ocrx_word' id='word_1_706' title='bbox 841 4831 1025 4893; x_wconf 70' lang='grc' dir='ltr'>οὐδεὶς</span> <span class='ocrx_word' id='word_1_707' title='bbox 1062 4829 1185 4883; x_wconf 73' lang='grc' dir='ltr'>οὔτε</span> <span class='ocrx_word' id='word_1_708' title='bbox 1216 4830 1325 4884; x_wconf 82' lang='grc' dir='ltr'>τῶν</span> <span class='ocrx_word' id='word_1_709' title='bbox 1372 4829 1721 4907; x_wconf 82' lang='grc' dir='ltr'>πατριαρχῶν</span> <span class='ocrx_word' id='word_1_710' title='bbox 1745 4830 1836 4884; x_wconf 89' lang='grc' dir='ltr'>λό-</span> 
     </span>
    </p>
   </div>
   <div class='ocr_carea' id='block_1_95' title="bbox 240 4920 1841 4993">
    <p class='ocr_par' dir='ltr' id='par_1_95' title="bbox 240 4920 1841 4993">
     <span class='ocr_line' id='line_1_95' title="bbox 240 4920 1841 4993; baseline 0 -16"><span class='ocrx_word' id='word_1_711' title='bbox 240 4933 365 4984; x_wconf 67' lang='grc' dir='ltr'>γους</span> <span class='ocrx_word' id='word_1_712' title='bbox 391 4923 464 4989; x_wconf 79' lang='grc' dir='ltr'>ὡς</span> <span class='ocrx_word' id='word_1_713' title='bbox 498 4926 672 4988; x_wconf 80' lang='grc' dir='ltr'>ἰδίους</span> <span class='ocrx_word' id='word_1_714' title='bbox 701 4925 772 4979; x_wconf 78' lang='grc' dir='ltr'><strong>ἄν</strong></span> <span class='ocrx_word' id='word_1_715' title='bbox 802 4940 943 4976; x_wconf 85' lang='grc' dir='ltr'>ποτε</span> <span class='ocrx_word' id='word_1_716' title='bbox 968 4920 1135 4987; x_wconf 78' lang='grc' dir='ltr'>εἴποι,</span> <span class='ocrx_word' id='word_1_717' title='bbox 1166 4921 1290 4979; x_wconf 73' lang='grc' dir='ltr'>οὔτε</span> <span class='ocrx_word' id='word_1_718' title='bbox 1331 4922 1591 4993; x_wconf 82' lang='grc' dir='ltr'><strong>τολμήσοι</strong></span> <span class='ocrx_word' id='word_1_719' title='bbox 1618 4940 1703 4987; x_wconf 85' lang='grc' dir='ltr'>τις</span> <span class='ocrx_word' id='word_1_720' title='bbox 1753 4942 1841 4993; x_wconf 88' lang='grc' dir='ltr'><strong>μι-</strong></span> 
     </span>
    </p>
   </div>
   <div class='ocr_carea' id='block_1_96' title="bbox 246 5012 1841 5085">
    <p class='ocr_par' dir='ltr' id='par_1_96' title="bbox 246 5012 1841 5085">
     <span class='ocr_line' id='line_1_96' title="bbox 246 5012 1841 5085; baseline 0.003 -20"><span class='ocrx_word' id='word_1_721' title='bbox 246 5012 505 5081; x_wconf 74' lang='grc' dir='ltr'><strong>μήσασθαι</strong></span> <span class='ocrx_word' id='word_1_722' title='bbox 538 5018 640 5071; x_wconf 72' lang='grc' dir='ltr'>καὶ</span> <span class='ocrx_word' id='word_1_723' title='bbox 663 5016 858 5069; x_wconf 69' lang='grc' dir='ltr'>εἰπεῖν</span> <span class='ocrx_word' id='word_1_724' title='bbox 897 5013 971 5066; x_wconf 86' lang='grc' dir='ltr'>τὰ</span> <span class='ocrx_word' id='word_1_725' title='bbox 1000 5013 1280 5078; x_wconf 84' lang='grc' dir='ltr'>Μωῦσέως</span> <span class='ocrx_word' id='word_1_726' title='bbox 1310 5013 1418 5068; x_wconf 75' lang='grc' dir='ltr'><strong>ἴδια</strong></span> <span class='ocrx_word' id='word_1_727' title='bbox 1444 5015 1689 5085; x_wconf 78' lang='grc' dir='ltr'>ῥήματα,</span> <span class='ocrx_word' id='word_1_728' title='bbox 1719 5015 1841 5069; x_wconf 84' lang='grc' dir='ltr'>οὐδὲ</span> 
     </span>
    </p>
   </div>
   <div class='ocr_carea' id='block_1_97' title="bbox 240 5102 1839 5183">
    <p class='ocr_par' dir='ltr' id='par_1_97' title="bbox 240 5102 1839 5183">
     <span class='ocr_line' id='line_1_97' title="bbox 240 5102 1839 5183; baseline 0.001 -28"><span class='ocrx_word' id='word_1_729' title='bbox 240 5102 326 5155; x_wconf 79' lang='grc' dir='ltr'><strong>τοῦ</strong></span> <span class='ocrx_word' id='word_1_730' title='bbox 366 5107 611 5183; x_wconf 73' lang='grc' dir='ltr'>Ἀϐραὰμ</span> <span class='ocrx_word' id='word_1_731' title='bbox 646 5107 793 5179; x_wconf 74' lang='grc' dir='ltr'>περὶ</span> <span class='ocrx_word' id='word_1_732' title='bbox 844 5103 947 5158; x_wconf 86' lang='grc' dir='ltr'><strong>τοῦ</strong></span> <span class='ocrx_word' id='word_1_733' title='bbox 978 5104 1287 5174; x_wconf 82' lang='grc' dir='ltr'>οἰκογενοῦς</span> <span class='ocrx_word' id='word_1_734' title='bbox 1334 5105 1427 5158; x_wconf 75' lang='grc' dir='ltr'>καὶ</span> <span class='ocrx_word' id='word_1_735' title='bbox 1484 5104 1577 5158; x_wconf 85' lang='grc' dir='ltr'><strong>τοῦ</strong></span> <span class='ocrx_word' id='word_1_736' title='bbox 1612 5105 1839 5177; x_wconf 84' lang='grc' dir='ltr'>Ἰσμαὴλ</span> 
     </span>
    </p>
   </div>
   <div class='ocr_carea' id='block_1_98' title="bbox 238 5194 1840 5273">
    <p class='ocr_par' dir='ltr' id='par_1_98' title="bbox 238 5194 1840 5273">
     <span class='ocr_line' id='line_1_98' title="bbox 238 5194 1840 5273; baseline 0.002 -28"><span class='ocrx_word' id='word_1_737' title='bbox 238 5194 395 5253; x_wconf 73' lang='grc' dir='ltr'>καὶτὰ</span> <span class='ocrx_word' id='word_1_738' title='bbox 417 5204 546 5273; x_wconf 80' lang='grc' dir='ltr'>περὶ</span> <span class='ocrx_word' id='word_1_739' title='bbox 573 5200 679 5255; x_wconf 82' lang='grc' dir='ltr'><strong>τοῦ</strong></span> <span class='ocrx_word' id='word_1_740' title='bbox 709 5196 974 5272; x_wconf 81' lang='grc' dir='ltr'>μεγάλου</span> <span class='ocrx_word' id='word_1_741' title='bbox 1009 5194 1211 5259; x_wconf 79' lang='grc' dir='ltr'>Ἰσαὰκ,</span> <span class='ocrx_word' id='word_1_742' title='bbox 1268 5196 1370 5249; x_wconf 81' lang='grc' dir='ltr'><strong>κᾶν</strong></span> <span class='ocrx_word' id='word_1_743' title='bbox 1424 5197 1457 5268; x_wconf 77' lang='grc' dir='ltr'>ἡ</span> <span class='ocrx_word' id='word_1_744' title='bbox 1509 5196 1647 5269; x_wconf 76' lang='grc' dir='ltr'>αὑτὴ</span> <span class='ocrx_word' id='word_1_745' title='bbox 1681 5195 1840 5268; x_wconf 80' lang='grc' dir='ltr'>χρεία</span> 
     </span>
    </p>
   </div>
   <div class='ocr_carea' id='block_1_99' title="bbox 234 5284 1840 5364">
    <p class='ocr_par' dir='ltr' id='par_1_99' title="bbox 234 5284 1840 5364">
     <span class='ocr_line' id='line_1_99' title="bbox 234 5284 1840 5364; baseline 0.002 -28"><span class='ocrx_word' id='word_1_746' title='bbox 234 5288 346 5341; x_wconf 74' lang='grc' dir='ltr'>τινὰ</span> <span class='ocrx_word' id='word_1_747' title='bbox 370 5293 462 5346; x_wconf 78' lang='grc' dir='ltr'><strong>καὶ</strong></span> <span class='ocrx_word' id='word_1_748' title='bbox 484 5294 715 5364; x_wconf 77' lang='grc' dir='ltr'><strong>ἀνάγκη</strong></span> <span class='ocrx_word' id='word_1_749' title='bbox 746 5284 1079 5357; x_wconf 78' lang='grc' dir='ltr'>καταλάϐῃ,</span> <span class='ocrx_word' id='word_1_750' title='bbox 1111 5286 1383 5359; x_wconf 77' lang='grc' dir='ltr'>τολμήσας</span> <span class='ocrx_word' id='word_1_751' title='bbox 1417 5286 1482 5340; x_wconf 80' lang='grc' dir='ltr'><strong>ἄν</strong></span> <span class='ocrx_word' id='word_1_752' title='bbox 1503 5304 1584 5351; x_wconf 85' lang='grc' dir='ltr'><strong>τις</strong></span> <span class='ocrx_word' id='word_1_753' title='bbox 1626 5287 1700 5351; x_wconf 85' lang='grc' dir='ltr'>ὡς</span> <span class='ocrx_word' id='word_1_754' title='bbox 1733 5287 1840 5340; x_wconf 72' lang='grc' dir='ltr'>ἴδια</span> 
     </span>
    </p>
   </div>
   <div class='ocr_carea' id='block_1_100' title="bbox 235 5373 1842 5447">
    <p class='ocr_par' dir='ltr' id='par_1_100' title="bbox 235 5373 1842 5447">
     <span class='ocr_line' id='line_1_100' title="bbox 235 5373 1842 5447; baseline -0.001 -20"><span class='ocrx_word' id='word_1_755' title='bbox 235 5377 377 5435; x_wconf 67' lang='grc' dir='ltr'><strong>εἴποι,</strong></span> <span class='ocrx_word' id='word_1_756' title='bbox 416 5384 515 5438; x_wconf 75' lang='grc' dir='ltr'><strong>Ἂν</strong></span> <span class='ocrx_word' id='word_1_757' title='bbox 538 5385 601 5439; x_wconf 76' lang='grc' dir='ltr'>δὲ</span> <span class='ocrx_word' id='word_1_758' title='bbox 635 5381 741 5437; x_wconf 83' lang='grc' dir='ltr'><strong>καὶ</strong></span> <span class='ocrx_word' id='word_1_759' title='bbox 777 5373 1103 5447; x_wconf 80' lang='grc' dir='ltr'><strong>συμπάσχῃ</strong></span> <span class='ocrx_word' id='word_1_760' title='bbox 1129 5391 1212 5438; x_wconf 76' lang='grc' dir='ltr'>τις</span> <span class='ocrx_word' id='word_1_761' title='bbox 1262 5378 1373 5437; x_wconf 86' lang='grc' dir='ltr'>τοῖς</span> <span class='ocrx_word' id='word_1_762' title='bbox 1425 5375 1712 5445; x_wconf 81' lang='grc' dir='ltr'><strong>πάσχουσι,</strong></span> <span class='ocrx_word' id='word_1_763' title='bbox 1746 5374 1842 5428; x_wconf 77' lang='grc' dir='ltr'>καὶ</span> 
     </span>
    </p>
   </div>
   <div class='ocr_carea' id='block_1_101' title="bbox 232 5462 1843 5543">
    <p class='ocr_par' dir='ltr' id='par_1_101' title="bbox 232 5462 1843 5543">
     <span class='ocr_line' id='line_1_101' title="bbox 232 5462 1843 5543; baseline -0.002 -24"><span class='ocrx_word' id='word_1_764' title='bbox 232 5471 377 5527; x_wconf 75' lang='grc' dir='ltr'>πόθον</span> <span class='ocrx_word' id='word_1_765' title='bbox 408 5475 541 5530; x_wconf 74' lang='grc' dir='ltr'><strong>ποτὲ</strong></span> <span class='ocrx_word' id='word_1_766' title='bbox 577 5472 736 5543; x_wconf 75' lang='grc' dir='ltr'>λάϐῃ</span> <span class='ocrx_word' id='word_1_767' title='bbox 774 5465 888 5521; x_wconf 76' lang='grc' dir='ltr'><strong>τοῦ</strong></span> <span class='ocrx_word' id='word_1_768' title='bbox 923 5462 1253 5534; x_wconf 81' lang='grc' dir='ltr'>κρείττονος,</span> <span class='ocrx_word' id='word_1_769' title='bbox 1285 5463 1467 5518; x_wconf 76' lang='grc' dir='ltr'>οὔποτ’</span> <span class='ocrx_word' id='word_1_770' title='bbox 1513 5464 1577 5519; x_wconf 87' lang='grc' dir='ltr'><strong>ἂν</strong></span> <span class='ocrx_word' id='word_1_771' title='bbox 1606 5464 1747 5517; x_wconf 76' lang='grc' dir='ltr'>εἴποι</span> <span class='ocrx_word' id='word_1_772' title='bbox 1768 5464 1843 5528; x_wconf 84' lang='grc' dir='ltr'>ὡς</span> 
     </span>
    </p>
   </div>
   <div class='ocr_carea' id='block_1_102' title="bbox 278 5574 1440 5653">
    <p class='ocr_par' dir='ltr' id='par_1_102' title="bbox 278 5574 1440 5653">
     <span class='ocr_line' id='line_1_102' title="bbox 278 5574 1440 5653; baseline 0.011 -33"><span class='ocrx_word' id='word_1_773' title='bbox 278 5588 316 5620; x_wconf 82' lang='grc' dir='ltr'><strong>ιι</strong></span> <span class='ocrx_word' id='word_1_774' title='bbox 340 5588 507 5653; x_wconf 36' lang='lat' dir='ltr'><strong>namq</strong></span> <span class='ocrx_word' id='word_1_775' title='bbox 536 5605 593 5653; x_wconf 57' lang='grc' dir='ltr'><strong>γ’</strong></span> <span class='ocrx_word' id='word_1_776' title='bbox 636 5585 777 5645; x_wconf 52' lang='lat'><strong>35.</strong></span> <span class='ocrx_word' id='word_1_777' title='bbox 836 5651 847 5653; x_wconf 26' lang='grc' dir='ltr'><strong>Δ</strong></span> <span class='ocrx_word' id='word_1_778' title='bbox 917 5577 963 5607; x_wconf 84' lang='grc'>¹²</span> <span class='ocrx_word' id='word_1_779' title='bbox 1001 5574 1230 5653; x_wconf 72' lang='lat' dir='ltr'><strong>l&#39;l‘h_e§s.</strong></span> <span class='ocrx_word' id='word_1_780' title='bbox 1268 5594 1319 5644; x_wconf 85' lang='lat' dir='ltr'><strong>v,</strong></span> <span class='ocrx_word' id='word_1_781' title='bbox 1356 5578 1440 5633; x_wconf 75' lang='grc'><strong>18.</strong></span> 
     </span>
    </p>
   </div>
   <div class='ocr_carea' id='block_1_103' title="bbox 213 5646 1199 5730">
    <p class='ocr_par' dir='ltr' id='par_1_103' title="bbox 213 5646 1199 5730">
     <span class='ocr_line' id='line_1_103' title="bbox 213 5646 1199 5730; baseline -0.01 -19"><span class='ocrx_word' id='word_1_782' title='bbox 213 5646 523 5730; x_wconf 47' lang='lat' dir='ltr'><strong>nstruit).</strong></span> <span class='ocrx_word' id='word_1_783' title='bbox 580 5646 640 5691; x_wconf 53' lang='grc'><strong>’⁸⁸</strong></span> <span class='ocrx_word' id='word_1_784' title='bbox 672 5651 877 5709; x_wconf 75' lang='lat' dir='ltr'><strong>Exod.</strong></span> <span class='ocrx_word' id='word_1_785' title='bbox 920 5646 1199 5707; x_wconf 72' lang='lat' dir='ltr'><strong>xxxn,3‘2.</strong></span> 
     </span>
    </p>
   </div>
   <div class='ocr_carea' id='block_1_104' title="bbox 266 5741 1043 5825">
    <p class='ocr_par' dir='ltr' id='par_1_104' title="bbox 266 5741 1043 5825">
     <span class='ocr_line' id='line_1_104' title="bbox 266 5741 1043 5825; baseline -0.001 -14"><span class='ocrx_word' id='word_1_786' title='bbox 266 5752 332 5825; x_wconf 69' lang='grc' dir='ltr'><strong>(ιι)</strong></span> <span class='ocrx_word' id='word_1_787' title='bbox 386 5756 567 5811; x_wconf 74' lang='grc' dir='ltr'>ἰδίων</span> <span class='ocrx_word' id='word_1_788' title='bbox 596 5744 797 5809; x_wconf 72' lang='grc' dir='ltr'><strong>αὺτοῦ</strong></span> <span class='ocrx_word' id='word_1_789' title='bbox 831 5741 1043 5793; x_wconf 66' lang='grc' dir='ltr'><strong>ὅντωνο</strong></span> 
     </span>
    </p>
   </div>
   <div class='ocr_carea' id='block_1_105' title="bbox 1541 5575 2090 5648">
    <p class='ocr_par' dir='ltr' id='par_1_105' title="bbox 1541 5575 2090 5648">
     <span class='ocr_line' id='line_1_105' title="bbox 1541 5575 2090 5648; baseline 0.015 -20"><span class='ocrx_word' id='word_1_790' title='bbox 1541 5578 1583 5609; x_wconf 78' lang='grc'><strong>¹³</strong></span> <span class='ocrx_word' id='word_1_791' title='bbox 1617 5575 1659 5631; x_wconf 88' lang='grc' dir='ltr'><strong>ιι</strong></span> <span class='ocrx_word' id='word_1_792' title='bbox 1691 5575 1832 5633; x_wconf 89' lang='lat' dir='ltr'><strong>Tim.</strong></span> <span class='ocrx_word' id='word_1_793' title='bbox 1879 5593 1961 5648; x_wconf 87' lang='grc' dir='ltr'><strong>ιιι,</strong></span> <span class='ocrx_word' id='word_1_794' title='bbox 2006 5582 2090 5638; x_wconf 71' lang='lat' dir='ltr'><strong>i2.</strong></span> 
     </span>
    </p>
   </div>
   <div class='ocr_carea' id='block_1_106' title="bbox 1946 4548 3522 4621">
    <p class='ocr_par' dir='ltr' id='par_1_106' title="bbox 1946 4548 3522 4621">
     <span class='ocr_line' id='line_1_106' title="bbox 1946 4548 3522 4621; baseline 0.001 -17"><span class='ocrx_word' id='word_1_795' title='bbox 1946 4558 2075 4604; x_wconf 90' lang='lat' dir='ltr'><strong>sunt</strong></span> <span class='ocrx_word' id='word_1_796' title='bbox 2101 4569 2114 4604; x_wconf 92' lang='lat'><strong>:</strong></span> <span class='ocrx_word' id='word_1_797' title='bbox 2147 4549 2342 4605; x_wconf 89' lang='lat' dir='ltr'><strong>deinde</strong></span> <span class='ocrx_word' id='word_1_798' title='bbox 2366 4550 2601 4621; x_wconf 89' lang='lat' dir='ltr'><strong>plurima</strong></span> <span class='ocrx_word' id='word_1_799' title='bbox 2630 4551 2774 4606; x_wconf 88' lang='lat' dir='ltr'><strong>dicta</strong></span> <span class='ocrx_word' id='word_1_800' title='bbox 2797 4559 2926 4605; x_wconf 92' lang='lat' dir='ltr'><strong>sunt</strong></span> <span class='ocrx_word' id='word_1_801' title='bbox 2954 4549 3207 4621; x_wconf 84' lang='lat' dir='ltr'><strong>gentibus</strong></span> <span class='ocrx_word' id='word_1_802' title='bbox 3232 4560 3285 4607; x_wconf 90' lang='lat' dir='ltr'><strong>et</strong></span> <span class='ocrx_word' id='word_1_803' title='bbox 3308 4548 3522 4607; x_wconf 76' lang='lat' dir='ltr'><strong>lsraeli.</strong></span> 
     </span>
    </p>
   </div>
   <div class='ocr_carea' id='block_1_107' title="bbox 1945 4643 3520 4714">
    <p class='ocr_par' dir='ltr' id='par_1_107' title="bbox 1945 4643 3520 4714">
     <span class='ocr_line' id='line_1_107' title="bbox 1945 4643 3520 4714; baseline -0.001 -16"><span class='ocrx_word' id='word_1_804' title='bbox 1945 4645 2198 4703; x_wconf 80' lang='lat' dir='ltr'><strong>Attamen</strong></span> <span class='ocrx_word' id='word_1_805' title='bbox 2246 4658 2407 4698; x_wconf 86' lang='lat' dir='ltr'><strong>nemo</strong></span> <span class='ocrx_word' id='word_1_806' title='bbox 2442 4658 2688 4714; x_wconf 85' lang='lat' dir='ltr'><strong>unquam</strong></span> <span class='ocrx_word' id='word_1_807' title='bbox 2734 4644 3170 4714; x_wconf 87' lang='lat' dir='ltr'><strong>patriarcharum</strong></span> <span class='ocrx_word' id='word_1_808' title='bbox 3214 4643 3412 4710; x_wconf 83' lang='lat' dir='ltr'><strong>verba,</strong></span> <span class='ocrx_word' id='word_1_809' title='bbox 3459 4650 3520 4697; x_wconf 90' lang='lat' dir='ltr'><strong>ut</strong></span> 
     </span>
    </p>
   </div>
   <div class='ocr_carea' id='block_1_108' title="bbox 1945 4735 3525 4809">
    <p class='ocr_par' dir='ltr' id='par_1_108' title="bbox 1945 4735 3525 4809">
     <span class='ocr_line' id='line_1_108' title="bbox 1945 4735 3525 4809; baseline -0.003 -17"><span class='ocrx_word' id='word_1_810' title='bbox 1945 4736 2048 4792; x_wconf 89' lang='lat' dir='ltr'><strong>sibi</strong></span> <span class='ocrx_word' id='word_1_811' title='bbox 2084 4735 2302 4805; x_wconf 90' lang='lat' dir='ltr'><strong>pr0pria</strong></span> <span class='ocrx_word' id='word_1_812' title='bbox 2331 4735 2547 4792; x_wconf 90' lang='lat' dir='ltr'><strong>locutus</strong></span> <span class='ocrx_word' id='word_1_813' title='bbox 2582 4735 2745 4791; x_wconf 80' lang='lat' dir='ltr'><strong>fuerit</strong></span> <span class='ocrx_word' id='word_1_814' title='bbox 2771 4754 2786 4791; x_wconf 86' lang='lat'><strong>:</strong></span> <span class='ocrx_word' id='word_1_815' title='bbox 2823 4752 2999 4807; x_wconf 89' lang='lat' dir='ltr'><strong>neque</strong></span> <span class='ocrx_word' id='word_1_816' title='bbox 3019 4735 3224 4809; x_wconf 83' lang='lat' dir='ltr'><strong>Moysis</strong></span> <span class='ocrx_word' id='word_1_817' title='bbox 3250 4736 3435 4802; x_wconf 82' lang='lat' dir='ltr'><strong>verba,</strong></span> <span class='ocrx_word' id='word_1_818' title='bbox 3459 4743 3525 4789; x_wconf 84' lang='lat' dir='ltr'><strong>ut</strong></span> 
     </span>
    </p>
   </div>
   <div class='ocr_carea' id='block_1_109' title="bbox 1944 4825 3517 4897">
    <p class='ocr_par' dir='ltr' id='par_1_109' title="bbox 1944 4825 3517 4897">
     <span class='ocr_line' id='line_1_109' title="bbox 1944 4825 3517 4897; baseline 0 -18"><span class='ocrx_word' id='word_1_819' title='bbox 1944 4825 2163 4896; x_wconf 89' lang='lat' dir='ltr'><strong>propria</strong></span> <span class='ocrx_word' id='word_1_820' title='bbox 2189 4826 2393 4881; x_wconf 88' lang='lat' dir='ltr'><strong>imitari</strong></span> <span class='ocrx_word' id='word_1_821' title='bbox 2426 4826 2782 4897; x_wconf 84' lang='lat' dir='ltr'><strong>proferreque</strong></span> <span class='ocrx_word' id='word_1_822' title='bbox 2822 4842 2993 4883; x_wconf 91' lang='lat' dir='ltr'><strong>ausus</strong></span> <span class='ocrx_word' id='word_1_823' title='bbox 3016 4825 3200 4893; x_wconf 84' lang='lat' dir='ltr'><strong>fuerit,</strong></span> <span class='ocrx_word' id='word_1_824' title='bbox 3217 4843 3315 4882; x_wconf 90' lang='lat' dir='ltr'><strong>nec</strong></span> <span class='ocrx_word' id='word_1_825' title='bbox 3342 4826 3517 4880; x_wconf 79' lang='lat' dir='ltr'><strong>Abra-</strong></span> 
     </span>
    </p>
   </div>
   <div class='ocr_carea' id='block_1_110' title="bbox 1946 4916 3515 4989">
    <p class='ocr_par' dir='ltr' id='par_1_110' title="bbox 1946 4916 3515 4989">
     <span class='ocr_line' id='line_1_110' title="bbox 1946 4916 3515 4989; baseline -0.001 -17"><span class='ocrx_word' id='word_1_826' title='bbox 1946 4918 2093 4974; x_wconf 88' lang='lat' dir='ltr'><strong>hami</strong></span> <span class='ocrx_word' id='word_1_827' title='bbox 2122 4917 2189 4975; x_wconf 90' lang='lat' dir='ltr'><strong>de</strong></span> <span class='ocrx_word' id='word_1_828' title='bbox 2215 4934 2405 4986; x_wconf 88' lang='lat' dir='ltr'><strong>verna,</strong></span> <span class='ocrx_word' id='word_1_829' title='bbox 2431 4929 2485 4975; x_wconf 91' lang='lat' dir='ltr'><strong>et</strong></span> <span class='ocrx_word' id='word_1_830' title='bbox 2511 4920 2579 4975; x_wconf 91' lang='lat' dir='ltr'><strong>de</strong></span> <span class='ocrx_word' id='word_1_831' title='bbox 2604 4918 2855 4985; x_wconf 83' lang='lat' dir='ltr'><strong>lsmaele,</strong></span> <span class='ocrx_word' id='word_1_832' title='bbox 2894 4928 2947 4975; x_wconf 90' lang='lat' dir='ltr'><strong>et</strong></span> <span class='ocrx_word' id='word_1_833' title='bbox 2978 4918 3045 4974; x_wconf 90' lang='lat' dir='ltr'><strong>de</strong></span> <span class='ocrx_word' id='word_1_834' title='bbox 3075 4933 3273 4989; x_wconf 89' lang='lat' dir='ltr'><strong>magno</strong></span> <span class='ocrx_word' id='word_1_835' title='bbox 3297 4916 3515 4981; x_wconf 84' lang='lat' dir='ltr'><strong>Isaaco,</strong></span> 
     </span>
    </p>
   </div>
   <div class='ocr_carea' id='block_1_111' title="bbox 1945 5004 3549 5079">
    <p class='ocr_par' dir='ltr' id='par_1_111' title="bbox 1945 5004 3549 5079">
     <span class='ocr_line' id='line_1_111' title="bbox 1945 5004 3549 5079; baseline 0.004 -19"><span class='ocrx_word' id='word_1_836' title='bbox 1945 5007 2199 5076; x_wconf 87' lang='lat' dir='ltr'><strong>quamvis</strong></span> <span class='ocrx_word' id='word_1_837' title='bbox 2230 5008 2421 5063; x_wconf 90' lang='lat' dir='ltr'><strong>eadem</strong></span> <span class='ocrx_word' id='word_1_838' title='bbox 2450 5008 2567 5078; x_wconf 90' lang='lat' dir='ltr'><strong>ipsa</strong></span> <span class='ocrx_word' id='word_1_839' title='bbox 2610 5008 2939 5064; x_wconf 87' lang='lat' dir='ltr'><strong>necessitate</strong></span> <span class='ocrx_word' id='word_1_840' title='bbox 2972 5015 3267 5079; x_wconf 87' lang='lat' dir='ltr'><strong>prematur.</strong></span> <span class='ocrx_word' id='word_1_841' title='bbox 3318 5004 3427 5060; x_wconf 88' lang='lat' dir='ltr'><strong>Nec</strong></span> 
     </span>
    </p>
   </div>
   <div class='ocr_carea' id='block_1_112' title="bbox 1947 5096 3522 5170">
    <p class='ocr_par' dir='ltr' id='par_1_112' title="bbox 1947 5096 3522 5170">
     <span class='ocr_line' id='line_1_112' title="bbox 1947 5096 3522 5170; baseline 0 -18"><span class='ocrx_word' id='word_1_842' title='bbox 1947 5099 2072 5169; x_wconf 89' lang='lat' dir='ltr'><strong>quis</strong></span> <span class='ocrx_word' id='word_1_843' title='bbox 2101 5100 2431 5169; x_wconf 89' lang='lat' dir='ltr'><strong>patientibus</strong></span> <span class='ocrx_word' id='word_1_844' title='bbox 2461 5101 2821 5170; x_wconf 90' lang='lat' dir='ltr'><strong>compatiatur</strong></span> <span class='ocrx_word' id='word_1_845' title='bbox 2846 5138 2862 5164; x_wconf 91' lang='lat'><strong>,</strong></span> <span class='ocrx_word' id='word_1_846' title='bbox 2905 5107 3001 5153; x_wconf 90' lang='lat' dir='ltr'><strong>aut</strong></span> <span class='ocrx_word' id='word_1_847' title='bbox 3044 5097 3122 5153; x_wconf 90' lang='lat' dir='ltr'><strong>rei</strong></span> <span class='ocrx_word' id='word_1_848' title='bbox 3157 5096 3397 5152; x_wconf 89' lang='lat' dir='ltr'><strong>melioris</strong></span> <span class='ocrx_word' id='word_1_849' title='bbox 3428 5098 3522 5152; x_wconf 91' lang='lat' dir='ltr'><strong>de-</strong></span> 
     </span>
    </p>
   </div>
   <div class='ocr_carea' id='block_1_113' title="bbox 1947 5188 3523 5269">
    <p class='ocr_par' dir='ltr' id='par_1_113' title="bbox 1947 5188 3523 5269">
     <span class='ocr_line' id='line_1_113' title="bbox 1947 5188 3523 5269; baseline -0.003 -22"><span class='ocrx_word' id='word_1_850' title='bbox 1947 5192 2153 5269; x_wconf 79' lang='lat' dir='ltr'><strong>siderio</strong></span> <span class='ocrx_word' id='word_1_851' title='bbox 2181 5202 2464 5258; x_wconf 87' lang='lat' dir='ltr'><strong>teneatur,</strong></span> <span class='ocrx_word' id='word_1_852' title='bbox 2496 5208 2739 5264; x_wconf 88' lang='lat' dir='ltr'><strong>unquam</strong></span> <span class='ocrx_word' id='word_1_853' title='bbox 2780 5192 2977 5247; x_wconf 82' lang='lat' dir='ltr'><strong>dixerit</strong></span> <span class='ocrx_word' id='word_1_854' title='bbox 3021 5200 3083 5246; x_wconf 89' lang='lat' dir='ltr'><strong>ut</strong></span> <span class='ocrx_word' id='word_1_855' title='bbox 3118 5189 3333 5262; x_wconf 82' lang='lat' dir='ltr'><strong>Moyses</strong></span> <span class='ocrx_word' id='word_1_856' title='bbox 3364 5205 3380 5241; x_wconf 88' lang='lat'><strong>:</strong></span> <span class='ocrx_word' id='word_1_857' title='bbox 3423 5188 3523 5244; x_wconf 77' lang='lat' dir='ltr'><strong>6s-</strong></span> 
     </span>
    </p>
   </div>
   <div class='ocr_carea' id='block_1_114' title="bbox 1949 5280 3523 5352">
    <p class='ocr_par' dir='ltr' id='par_1_114' title="bbox 1949 5280 3523 5352">
     <span class='ocr_line' id='line_1_114' title="bbox 1949 5280 3523 5352; baseline 0 -19"><span class='ocrx_word' id='word_1_858' title='bbox 1949 5282 2099 5334; x_wconf 81' lang='lat' dir='ltr'><strong>tende</strong></span> <span class='ocrx_word' id='word_1_859' title='bbox 2142 5281 2270 5335; x_wconf 85' lang='lat' dir='ltr'><strong>mihi</strong></span> <span class='ocrx_word' id='word_1_860' title='bbox 2312 5283 2532 5352; x_wconf 83' lang='lat' dir='ltr'><strong>teipsum</strong></span> <span class='ocrx_word' id='word_1_861' title='bbox 2557 5284 2645 5348; x_wconf 86' lang='grc'><strong>¹⁸;</strong></span> <span class='ocrx_word' id='word_1_862' title='bbox 2692 5282 2811 5348; x_wconf 80' lang='lat' dir='ltr'><strong>vel,</strong></span> <span class='ocrx_word' id='word_1_863' title='bbox 2841 5281 2903 5336; x_wconf 90' lang='lat' dir='ltr'><strong>Si</strong></span> <span class='ocrx_word' id='word_1_864' title='bbox 2945 5280 3156 5352; x_wconf 83' lang='lat' dir='ltr'><strong>quidem</strong></span> <span class='ocrx_word' id='word_1_865' title='bbox 3186 5281 3412 5336; x_wconf 78' lang='lat' dir='ltr'><strong>remittis</strong></span> <span class='ocrx_word' id='word_1_866' title='bbox 3447 5281 3523 5334; x_wconf 88' lang='lat' dir='ltr'><strong>eis</strong></span> 
     </span>
    </p>
   </div>
   <div class='ocr_carea' id='block_1_115' title="bbox 1948 5370 3527 5441">
    <p class='ocr_par' dir='ltr' id='par_1_115' title="bbox 1948 5370 3527 5441">
     <span class='ocr_line' id='line_1_115' title="bbox 1948 5370 3527 5441; baseline -0.001 -16"><span class='ocrx_word' id='word_1_867' title='bbox 1948 5380 2220 5439; x_wconf 88' lang='lat' dir='ltr'><strong>peccatum</strong></span> <span class='ocrx_word' id='word_1_868' title='bbox 2267 5389 2483 5441; x_wconf 85' lang='lat' dir='ltr'><strong>eorum,</strong></span> <span class='ocrx_word' id='word_1_869' title='bbox 2530 5375 2773 5438; x_wconf 83' lang='lat' dir='ltr'><strong>remitte;</strong></span> <span class='ocrx_word' id='word_1_870' title='bbox 2807 5373 2892 5426; x_wconf 87' lang='lat' dir='ltr'><strong>sin</strong></span> <span class='ocrx_word' id='word_1_871' title='bbox 2930 5373 3139 5438; x_wconf 86' lang='lat' dir='ltr'><strong>minus,</strong></span> <span class='ocrx_word' id='word_1_872' title='bbox 3177 5373 3294 5427; x_wconf 84' lang='lat' dir='ltr'><strong>dele</strong></span> <span class='ocrx_word' id='word_1_873' title='bbox 3339 5387 3420 5425; x_wconf 69' lang='lat' dir='ltr'><strong>me</strong></span> <span class='ocrx_word' id='word_1_874' title='bbox 3460 5370 3527 5423; x_wconf 82' lang='lat' dir='ltr'><strong>de</strong></span> 
     </span>
    </p>
   </div>
   <div class='ocr_carea' id='block_1_116' title="bbox 1951 5462 3524 5536">
    <p class='ocr_par' dir='ltr' id='par_1_116' title="bbox 1951 5462 3524 5536">
     <span class='ocr_line' id='line_1_116' title="bbox 1951 5462 3524 5536; baseline 0.005 -20"><span class='ocrx_word' id='word_1_875' title='bbox 1951 5462 2088 5517; x_wconf 86' lang='lat' dir='ltr'><strong>libro</strong></span> <span class='ocrx_word' id='word_1_876' title='bbox 2136 5474 2244 5531; x_wconf 88' lang='lat' dir='ltr'><strong>tuo,</strong></span> <span class='ocrx_word' id='word_1_877' title='bbox 2293 5483 2444 5536; x_wconf 86' lang='lat' dir='ltr'><strong>quem</strong></span> <span class='ocrx_word' id='word_1_878' title='bbox 2489 5465 2753 5535; x_wconf 76' lang='lat' dir='ltr'><strong>scripsisti</strong></span> <span class='ocrx_word' id='word_1_879' title='bbox 2782 5464 2842 5518; x_wconf 83' lang='lat'><strong>“.</strong></span> <span class='ocrx_word' id='word_1_880' title='bbox 2896 5465 3003 5521; x_wconf 83' lang='lat' dir='ltr'><strong>Sed</strong></span> <span class='ocrx_word' id='word_1_881' title='bbox 3051 5478 3151 5520; x_wconf 91' lang='lat' dir='ltr'><strong>nec</strong></span> <span class='ocrx_word' id='word_1_882' title='bbox 3187 5464 3524 5534; x_wconf 64' lang='lat' dir='ltr'><strong>quisquam.</strong></span> 
     </span>
    </p>
   </div>
   <div class='ocr_carea' id='block_1_117' title="bbox 2198 5572 3525 5653">
    <p class='ocr_par' dir='ltr' id='par_1_117' title="bbox 2198 5572 3525 5653">
     <span class='ocr_line' id='line_1_117' title="bbox 2198 5572 3525 5653; baseline -0.002 -17"><span class='ocrx_word' id='word_1_883' title='bbox 2198 5582 2239 5613; x_wconf 74' lang='lat'><strong>“</strong></span> <span class='ocrx_word' id='word_1_884' title='bbox 2270 5580 2334 5636; x_wconf 83' lang='lat' dir='ltr'><strong>lli</strong></span> <span class='ocrx_word' id='word_1_885' title='bbox 2354 5582 2485 5653; x_wconf 80' lang='lat' dir='ltr'><strong>Reg.</strong></span> <span class='ocrx_word' id='word_1_886' title='bbox 2512 5596 2645 5649; x_wconf 79' lang='lat' dir='ltr'><strong>xvu,</strong></span> <span class='ocrx_word' id='word_1_887' title='bbox 2678 5582 2740 5649; x_wconf 81' lang='lat' dir='ltr'><strong>l;</strong></span> <span class='ocrx_word' id='word_1_888' title='bbox 2767 5578 2835 5635; x_wconf 75' lang='grc' dir='ltr'><strong>ιν</strong></span> <span class='ocrx_word' id='word_1_889' title='bbox 2868 5578 3002 5651; x_wconf 82' lang='lat' dir='ltr'><strong>Reg.</strong></span> <span class='ocrx_word' id='word_1_890' title='bbox 3035 5593 3117 5646; x_wconf 84' lang='grc' dir='ltr'><strong>ιιι,</strong></span> <span class='ocrx_word' id='word_1_891' title='bbox 3143 5577 3233 5632; x_wconf 72' lang='lat' dir='ltr'><strong>ﬂ.</strong></span> <span class='ocrx_word' id='word_1_892' title='bbox 3285 5572 3525 5633; x_wconf 62' lang='lat' dir='ltr'><strong>&quot;Exod.</strong></span> 
     </span>
    </p>
   </div>
  </div>
