3820 6432
300 275 371 330 9.3
1143 277 1202 332 S.
1253 278 1620 336 ΑΤιιΑΝΑειι
1661 281 1808 338 ΟΡΡ.
1852 283 1859 338 1

1962 285 2033 340 ιε
2072 281 2159 338 lll.
2202 316 2269 324 -—
2307 283 2716 342 EXEGETICA.
3453 289 3524 345 ει

301 389 687 461 prophetarum
711 394 874 477 verba
902 403 961 449 ut
993 396 1209 466 prepria
1234 413 1528 467 usurpans,
1565 399 1652 454 his
1681 416 1859 470 repre-

1962 402 2230 474 Μωῡσῆςο
2281 403 2646 474 Ἐμςράνισόν
2671 420 2770 472 μοι
2802 404 3062 458 σεαυτόν
3085 420 3100 436 ⁶
3148 405 3181 477 ἢ
3235 405 3414 461 πάλιν·
3456 408 3526 462 ει
3572 443 3579 449 -

300 481 567 548 lienderit,
595 480 679 536 vel
725 471 1021 540 laudaverit
1064 501 1157 541 eos
1197 487 1289 557 qui
1340 489 1538 544 similia
1590 489 1854 558 fecerint,

297 573 497 640 quibus
555 573 655 643 ipsi
693 576 1196 645 reprehenderunt,
1231 578 1726 651 laudaveruntque;
1767 598 1860 636 ne-

297 679 403 732 quc
431 664 562 720 illud
596 681 609 716 :
653 664 788 719 Vivit
825 665 1096 734 Dominus,
1117 669 1170 721 in
1209 669 1359 738 cujus
1392 683 1666 741 conspectu
1705 672 1858 734 hodie

298 765 400 820 ato,
426 766 486 811 ut
517 756 794 826 preprium
825 757 927 812 sibi
954 773 1255 814 sermonem
1283 761 1483 816 imitari
1503 777 1848 832 praesumpse-

290 846 388 903 ‘rit.
433 847 640 904 Etenim
683 849 880 920 legenti
930 851 1099 907 libros
1148 854 1491 923 perspicuum
1519 864 1634 920 est,
1662 868 1720 909 se
1767 854 1856 908 illa

293 939 483 1005 'verba,
512 955 620 994 non
643 948 703 994 ut
731 939 972 1010 propria,
1004 940 1098 995 sed
1138 950 1196 996 ut
1227 950 1538 997 sanctorum
1573 951 1628 996 et
1669 958 1855 997 eorum

297 1029 390 1097 qui
431 1045 515 1099 pet
551 1030 652 1084 ista
676 1029 1076 1098 signiﬁcantur,
1101 1031 1364 1101 proferre.
1397 1033 1467 1088 At
1495 1033 1587 1104 qui
1611 1032 1858 1090 Psalmos

297 1119 454 1190 legit,
487 1135 574 1174 res
615 1121 750 1175 mira
772 1163 786 1186 ,
831 1131 953 1191 post
983 1121 1291 1192 proplietias
1332 1139 1454 1193 quae
1483 1123 1548 1179 de
1581 1124 1859 1181 Salvatore

295 1219 348 1262 et
375 1209 440 1264 de
464 1211 714 1280 gentibus
756 1219 924 1275 sunt,
960 1211 1168 1282 reliqua
1199 1220 1458 1282 tanquam
1497 1213 1600 1268 sibi
1639 1213 1858 1285 propria

298 1301 456 1355 verba
498 1301 770 1370 loquitur,
814 1310 868 1356 et
907 1317 969 1356 ea
1003 1303 1158 1372 quasi
1203 1303 1269 1359 de
1310 1319 1368 1359 se
1413 1305 1612 1374 scripta
1644 1316 1857 1372 essent,

295 1393 526 1462 quisque
550 1393 758 1463 psallit,
787 1409 886 1449 nec
919 1395 1076 1464 quasi
1118 1395 1257 1450 alius
1293 1410 1358 1450 ea
1386 1396 1554 1464 dicat,
1591 1397 1674 1451 vel
1702 1398 1858 1468 quasi

294 1483 460 1538 alium
497 1483 836 1553 signiﬁcent,
861 1501 923 1539 ea
962 1485 1158 1555 accipit
1179 1494 1233 1540 et
1266 1487 1572 1556 percurrit;
1608 1487 1702 1543 sed
1737 1503 1861 1558 per-

295 1573 418 1628 inde
464 1575 693 1630 aﬂicitur
730 1584 893 1646 atque
931 1576 977 1630 si
1012 1576 1126 1646 ipse
1150 1577 1217 1631 de
1243 1593 1304 1632 se
1331 1577 1630 1648 loquatur;
1661 1587 1860 1649 etquae

293 1666 569 1729 dicuntur,
609 1668 764 1736 quasi
797 1667 912 1735 ipse
953 1667 1122 1737 egerit
1153 1675 1206 1722 et
1231 1683 1293 1723 ex
1327 1685 1384 1724 se
1418 1670 1533 1740 ipse
1565 1670 1818 1742 loquatur
1841 1711 1858 1739 ,

1952 495 2070 563 μὲν
2095 494 2256 564 ἀφῇς
2279 495 2486 562 αὺτοῖς
2535 494 2650 563 τὴν
2683 496 2995 564 ἁμαρτίαν,
3053 496 3220 565 ἄφεςο
3251 499 3302 550 ει
3352 497 3420 550 δὲ
3438 499 3525 567 μὴ

1955 585 2134 654 ἀφῇς,
2160 586 2486 655 έξάλεεψόν
2503 604 2580 656 με
2601 586 2669 641 ἐκ
2701 584 2810 654 τῆς
2834 587 3054 650 ,βίϐλου
3079 601 3218 651 σου,
3245 583 3322 657 ἧς
3357 587 3528 657 ἐτρα-

1954 678 2096 744 ψας.
2147 674 2284 728 Ἀλλ’
2307 675 2447 740 οὐδὲ,
2481 674 2578 740 τάς
2610 675 2717 729 τῶν
2769 674 3058 747 προφητῶν
3107 693 3192 738 τις
3236 674 3528 746 λαμϐάνων

1955 763 2030 827 ὡς
2047 764 2152 817 ἴδια.
2179 765 2419 836 ῥήματα,
2455 765 2729 837 μέμψαιτό
2749 782 2832 828 τις
2853 765 2884 834 ἢ
2903 764 3205 818 ἐπαινέσειε
3223 765 3432 830 τούτοις
3461 766 3529 819 τὰ

1956 854 2116 924 ὃμοια
2137 855 2471 928 πράξαντας,
2500 852 2581 922 οἷς
2612 856 2926 927 ἐμέμψαντο
2951 856 3044 909 καὶ
3093 856 3362 927 ἐπῄνεσαν
3384 859 3528 911 ἐκεί-

1956 964 2054 1001 νοι·
2086 948 2205 1001 οὐδὲ
2228 947 2307 1014 τὸ,
2333 947 2421 1017 Ζῇ
2440 950 2673 1016 Κύριος,
2693 942 2741 1015 ᾧ
2769 947 3079 1017 παρέστην
3114 949 3370 1002 ἐνώπιον
3423 950 3530 1002 αὐ-

1955 1039 2060 1092 τοῦ
2089 1038 2374 1108 σήμερον,
2405 1040 2710 1110 μιμήσηται
2740 1039 2804 1092 άν
2862 1055 2945 1101 τις
2971 1040 3143 1091 εἰπεῖν
3171 1040 3246 1102 ὡς
3283 1039 3412 1092 ἴδιον
3443 1038 3530 1090 λό-

1955 1137 2068 1189 γον.
2099 1121 2208 1174 Kal
2237 1121 2345 1192 γὰρ
2375 1121 2468 1175 καὶ
2499 1121 2526 1173 6
2554 1121 2892 1190 ἐντυγχάνων
2912 1123 3030 1183 ταῖς
3064 1120 3264 1188 βίϐλοις
3296 1121 3528 1192 φανερός

1957 1212 2071 1264 ἔστι
2126 1211 2200 1282 μὴ
2228 1212 2303 1275 ὡς
2329 1211 2510 1274 ἰδίους,
2539 1211 2674 1265 ἀλλά
2695 1211 2804 1265 τῶν
2827 1211 2994 1280 άγίων
3024 1211 3119 1264 καὶ
3143 1213 3248 1265 τῶν
3301 1212 3369 1266 δι’
3426 1213 3529 1264 αύ-

1957 1303 2064 1356 τῶν
2087 1303 2431 1374 δηλουμένων
2455 1303 2626 1373 λέγων
2651 1304 2778 1368 τοὺς
2799 1303 3008 1372 λόγους.
3034 1304 3171 1367 Τοὺς
3199 1303 3256 1356 δέ
3281 1321 3344 1373 γε
3377 1302 3530 1356 Ψαλο

1962 1395 2112 1464 μοὺς,
2138 1393 2200 1447 τὸ
2226 1394 2547 1464 παράδοξον,
2580 1395 2718 1466 μετά
2742 1395 2840 1458 τάς
2882 1395 3008 1465 περὶ
3041 1393 3131 1448 τοῦ
3159 1395 3404 1466 Σωτῆρος
3435 1394 3530 1448 καὶ

1958 1487 2066 1541 τῶν
2096 1487 2264 1541 ἐθνῶν
2290 1488 2624 1561 προφητείας
2655 1491 2683 1542 6
2706 1487 2878 1558 λέγων
2899 1488 2967 1542 τὰ
2991 1488 3125 1543 ἄλλα
3154 1488 3229 1551 ὡς
3288 1488 3394 1541 ἴδια
3429 1492 3526 1560 ῥή-

1962 1596 2106 1650 ματα
2157 1578 2330 1633 λαλῶν
2387 1581 2524 1643 ἐστι,
2580 1581 2675 1633 καὶ
2704 1580 2780 1643 ὡς
2829 1580 2957 1652 περὶ
2997 1580 3159 1633 αὑτοῦ
3219 1579 3530 1650 γραφέντας

1960 1669 2155 1733 αὐτοὺς
2181 1668 2411 1734 ἕκαστος
2433 1669 2644 1741 ψάλλει,
2672 1671 2765 1724 καὶ
2803 1672 2902 1742 οὐχ
2949 1671 3023 1736 ὡς
3065 1671 3247 1742 ἑτέρου
3281 1671 3531 1739 λέγοντος

295 1754 404 1810 Deo
447 1755 630 1810 refert.
682 1758 1030 1830 Nequaquam
1073 1761 1218 1815 enim
1265 1762 1357 1816 illa
1393 1777 1489 1816 ceu
1521 1763 1857 1832 patriarcha-

1962 1759 1992 1831 ἢ
2021 1777 2086 1813 πε
2098 1761 2149 1832 pi.
2171 1760 2355 1832 ἑτέρου
2391 1760 2743 1833 σημαίνοντος
2764 1761 2998 1831 δέχεται,
3027 1762 3119 1814 καὶ
3160 1761 3526 1832 διεξέρχεται·

295 1863 438 1912 rum,
491 1857 586 1903 aut
634 1847 855 1922 Moysis,
917 1853 1216 1908 aliorumve
1259 1854 1645 1925 prophetarum
1694 1855 1858 1910 verba

295 1953 558 2008 usurpare
597 1938 956 1995 reformidat:
1005 1941 1100 1996 sed
1143 1957 1308 2012 quam
1358 1942 1593 1996 maxime
1638 1951 1697 1996 ut
1734 1957 1860 2012 pro-

294 2030 409 2096 pria
441 2037 496 2084 et
527 2030 594 2084 de
645 2031 827 2102 seipse
855 2032 1055 2101 scripta
1101 2031 1216 2087 hac
1253 2032 1436 2088 dicere
1461 2032 1699 2102 psallens
1728 2048 1862 2088 con-

293 2118 430 2173 tidit.
463 2117 596 2174 Nam
645 2120 845 2176 Psalmi
891 2133 997 2176 tam
1043 2124 1161 2194 ejus
1188 2123 1282 2194 qui
1327 2131 1592 2194 praecepta
1627 2125 1863 2182 servavit

292 2226 454 2279 quam
495 2212 614 2281 ejus
655 2214 750 2283 qui
791 2214 1178 2283 praevaricatus
1220 2225 1336 2280 est,
1379 2216 1664 2286 utriusque
1711 2226 1860 2286 gesta

295 2304 596 2359 continent.
637 2304 871 2360 Necesse
923 2315 1104 2362 autem
1155 2316 1240 2363 est
1285 2308 1534 2378 quemvis
1585 2309 1859 2364 hominem

292 2393 608 2448 alterutrius
648 2395 977 2451 conditionis
1024 2409 1182 2461 esse,
1237 2405 1400 2467 atque
1451 2399 1528 2453 ita
1575 2397 1740 2453 verba
1792 2397 1862 2452 de

295 2485 538 2556 utrisque
573 2488 748 2556 posita
778 2488 962 2558 loqui,
990 2487 1074 2542 vel
1112 2487 1160 2543 si
1184 2500 1447 2561 praecepta
1479 2491 1708 2545 servarit
1728 2529 1744 2555 ,
1774 2489 1860 2545 vel

293 2577 339 2630 si
369 2590 784 2651 praetergressus
812 2581 902 2636 sit.

1959 1850 2073 1905 ἀλλ’
2108 1850 2183 1915 ὡς
2215 1853 2375 1916 αὐτὸς
2403 1853 2531 1924 περὶ
2553 1851 2720 1907 αὐτοῦ
2759 1852 2934 1906 λαλῶν
2978 1851 3292 1905 διατίθεταιο
3323 1853 3417 1906 καὶ
3442 1847 3532 1905 οἶά

1959 1945 2166 2000 ἐστιτὰ
2193 1945 2481 2017 λεγόμενα,
2526 1945 2700 2000 ταῦτα
2752 1947 2828 2012 ὡς
2883 1946 3044 2010 αὐτὸς
3089 1946 3299 2018 πράξας
3333 1948 3427 2000 κα)⁸
3469 1944 3532 2011 ἐξ

1960 2036 2150 2090 ἑαυτοῦ
2180 2037 2356 2092 λαλῶν
2401 2040 2662 2112 ἀναφέρει
2688 2039 2763 2110 τῷ
2791 2039 2928 2111 Θεῷ.
2957 2037 3033 2094 Ού
3079 2039 3185 2111 γὰρ
3213 2038 3287 2103 ὼς
3326 2039 3395 2092 τὰ
3417 2036 3532 2091 τῶν

1963 2129 2314 2203 πατριαρχῶν
2341 2130 2578 2202 ῥήματα,
2615 2132 2708 2184 καὶ
2730 2130 3022 2195 Μωῢσέως,
3066 2131 3158 2185 καὶ
3203 2130 3311 2183 τῶν
3353 2129 3531 2183 ἄλλων

1961 2220 2276 2293 προφητῶν,
2322 2221 2748 2292 εύλαὸηθήσεται
2793 2219 3103 2275 καὶταῦτα·
3132 2220 3266 2274 ἀλλά
3301 2220 3394 2272 καὶ
3428 2219 3532 2290 μά-

1961 2312 2118 2366 λιστα
2149 2312 2224 2375 ὡς
2254 2313 2361 2366 ίδια
2401 2313 2496 2366 καὶ
2525 2313 2653 2384 περὶ
2693 2313 2882 2366 ἑαυτοῦ
2911 2312 3190 2385 γραφέντα
3223 2312 3411 2386 θαρσεῖ
3437 2309 3528 2364 λέ·
3622 2319 3626 2322 “

1962 2419 2072 2470 γων
2101 2405 2130 2456 ό
2161 2403 2376 2473 ψάλλων
2419 2404 2608 2458 ταῦτα.
2659 2405 2761 2457 Τὸν
2793 2403 2900 2476 γὰρ
2955 2404 3263 2473 φυλάξαντα
3295 2402 3392 2473 τὴν
3441 2405 3530 2456 ὲν-

1960 2491 2145 2562 τολὴν,
2202 2494 2294 2546 καὶ
2346 2493 2666 2565 παραϐάντα
2703 2493 2936 2565 ταύτην,
2993 2493 3093 2564 τήν
3154 2510 3214 2546 τε
3268 2493 3528 2563 ἑκατέρου

1964 2585 2162 2654 πρᾶξιν
2199 2585 2542 2658 περιέχουσιν
2597 2586 2646 2637 oi.
2677 2585 2916 2655 Ψαλμοί.
2979 2585 3212 2655 Ἀνάγκη
3245 2584 3301 2636 δὲ
3347 2583 3532 2637 πάντα.

292 2667 572 2741 ἄνθρωπον
596 2672 654 2722 ὲν
681 2669 890 2736 τούτοις
937 2671 1273 2743 συνέχεσθαι,
1322 2671 1416 2726 καὶ¹
1440 2673 1474 2743 ἢ
1505 2672 1580 2737 ὡς
1606 2671 1914 2742 φυλάξαντα
1963 2676 2062 2747 τὴν
2105 2679 2341 2752 ἐντολὴν,
2383 2679 2416 2750 ἦ
2448 2678 2523 2742 ὡς
2582 2676 2901 2751 παραϐάντα
2929 2675 3150 2748 ταύτην,
3179 2676 3357 2745 λέγειν
3402 2677 3532 2740 τοὺς

293 2760 419 2832 περὶ
448 2761 674 2815 ἑκάστου
709 2761 1123 2833 γεγραμμένους
1143 2762 1350 2832 λόγους.

366 2851 453 2906 12.
486 2851 662 2923 Atque
689 2854 1058 2924 mihiquidem
1084 2856 1318 2921 videtur,
1339 2855 1593 2926 psallenti
1615 2853 1862 2913 Psalmos

291 2961 413 3001 esse
448 2947 620 3001 instar
654 2946 879 3016 speculi,
909 2956 1051 3003 utet
1093 2949 1332 3019 seipsum
1373 2959 1425 3004 et
1461 2948 1666 3020 proprii
1695 2949 1862 3004 animi

2044 2856 2129 2930 ιβ’.
2157 2858 2266 2912 Καί
2299 2875 2387 2929 μοι
2435 2856 2580 2911 δοκεῖ
2618 2856 2695 2927 τῷ
2722 2855 2972 2926 ψάλλοντι
3022 2853 3266 2925 γίνεσθαι
3306 2852 3533 2918 τούτους

1968 2949 2153 3020 ὥσπερ
2180 2949 2483 3019 εἴσοπτρον,
2513 2949 2592 3011 είς
2615 2946 2675 3000 τὸ
2708 2949 2986 3000 κατανοεῖν
3024 2945 3118 2999 καὶ
3145 2945 3307 2998 αὐτον
3342 2947 3401 2999 ὲν
3433 2945 3536 2998 αὺ-

293 3047 474 3093 motus
519 3036 572 3092 in
614 3038 746 3109 ipsis
773 3040 1190 3110 contempletur,
1219 3049 1383 3110 atque
1413 3040 1488 3095 ita
1519 3041 1745 3096 affectus
1769 3056 1859 3097 eos

1968 3040 2077 3102 τοῖς
2114 3039 2207 3091 καὶ
2233 3036 2303 3091 τά
2332 3039 2430 3109 τῆς
2463 3037 2656 3090 ἑαυτοῦ
2685 3037 2862 3108 ψυχῆς
2913 3037 3208 3107 κινήματα,
3235 3034 3331 3088 καὶ
3358 3034 3535 3098 οὕτως

290 3129 500 3182 recitet.
546 3125 756 3180 Etenim
804 3127 899 3196 qui
943 3126 1209 3198 legentem
1249 3126 1438 3191 audit,
1472 3126 1546 3181 ita
1587 3127 1859 3182 canticum

1965 3131 2283 3202 αἰσθόμενον
2331 3130 2695 3200 ἀπαγγέλλειν
2747 3130 2963 3193 αὐτούς.
3038 3130 3148 3183 Καὶ
3203 3128 3312 3199 γὰρ
3365 3128 3458 3181 καὶ
3502 3129 3534 3181 6

293 3216 519 3285 suscipit
559 3231 623 3270 ac
653 3217 698 3271 si
727 3217 794 3270 de
823 3232 883 3271 se
923 3217 1195 3272 diceretur
1227 3235 1245 3270 :
1270 3226 1324 3272 et
1351 3218 1437 3272 vel
1469 3216 1687 3288 propria
1731 3232 1862 3271 con-

290 3312 468 3363 victus
511 3308 880 3372 conscientia,
925 3318 1286 3377 compunctus
1325 3308 1643 3379 resipiscat;
1672 3308 1757 3362 vel
1797 3309 1863 3362 de

292 3414 389 3468 spe
419 3399 474 3452 in
500 3397 668 3452 Deum
697 3399 926 3456 audiens
950 3400 1033 3453 vel
1074 3399 1140 3454 de
1166 3399 1370 3455 auxilio
1395 3399 1742 3455 credentibus
1763 3415 1860 3453 ex-

293 3491 484 3555 Ieibito,
536 3490 691 3559 quasi
734 3490 838 3545 sibi
883 3490 1247 3560 praeberetur,
1284 3490 1481 3561 gaudio
1526 3489 1861 3553 exsultabit,

291 3592 456 3650 atque
485 3582 686 3652 gratias
725 3580 836 3636 Deo
879 3596 1040 3653 agere
1070 3581 1310 3653 incipiet.
1354 3582 1491 3643 Cum
1537 3582 1722 3653 itaque
1753 3592 1862 3636 ter-

293 3674 428 3725 tium
476 3673 745 3742 psalmum
789 3671 1058 3743 quispiam
1107 3674 1286 3737 canit,
1345 3689 1474 3729 suas
1525 3674 1863 3744 perpendens

290 3779 563 3820 aerumnas
583 3804 600 3827 ,
630 3765 786 3834 quasi
826 3781 922 3820 sua
952 3774 1166 3836 reputat
1197 3766 1342 3822 illius
1371 3766 1537 3820 verba
1567 3783 1582 3833 ;
1640 3765 1863 3821 undeci-

297 3871 447 3908 mum
497 3871 625 3911 vero
673 3866 727 3911 et
755 3856 1026 3912 decimum
1057 3869 1271 3913 sextum
1304 3857 1460 3928 quasi
1495 3857 1548 3911 in
1584 3859 1860 3927 propriam

290 3947 544 4001 ﬁduciam
567 3955 621 4001 et
641 3949 942 4002 orationem
969 3950 1320 4018 pronuntiat;
1348 3949 1860 4020 quinquagesimum

289 4045 504 4103 autem,
550 4037 708 4107 quasi
741 4038 958 4108 pr0pria
1006 4039 1337 4108 paenitentiae
1383 4055 1497 4095 suae
1527 4039 1690 4094 verba
1738 4053 1862 4109 pro»

290 4129 414 4184 fert.
462 4127 597 4182 Cum
649 4142 777 4184 vero
825 4129 1009 4199 psallit
1045 4131 1556 4201 quinquagesimum
1605 4128 1862 4193 tertium,

290 4220 800 4291 quinquagesimum
830 4221 1104 4292 quintum,
1136 4223 1518 4285 centesimum,
1563 4221 1863 4292 quadrage-

292 4318 492 4371 simum
526 4316 787 4386 primum,
827 4331 937 4370 non
994 4314 1152 4388 quasi
1199 4315 1360 4382 alius,
1408 4315 1506 4371 sed
1549 4314 1706 4386 quasi
1747 4313 1862 4384 ipse

1963 3223 2173 3276 ἁκούων
2213 3222 2305 3276 τοῦ
2331 3221 2794 3291 ἀναγινώσκοντος
2837 3222 2911 3285 ὡς
2946 3223 3073 3293 περὶ
3117 3218 3278 3274 αὐτοῦ
3304 3218 3534 3288 λεγομέ-

1963 3333 2058 3386 νην
2092 3317 2190 3387 τὴν
2228 3316 2370 3388 ᾠδὴν
2391 3317 2761 3388 καταδέχεταιο
2823 3317 2915 3370 καὶ
2967 3316 2996 3387 ἢ
3047 3315 3398 3385 ἐλεγχόμενος
3428 3312 3533 3366 ὑπὸ

1960 3408 2054 3460 τοῦ
2099 3408 2394 3472 συνειδότος
2423 3410 2745 3477 κατανυγεὶς
2807 3408 3143 3479 μετανοήσει,
3182 3406 3217 3476 ἢ
3263 3404 3390 3476 περὶ
3434 3403 3536 3473 τῆς

1961 3499 2040 3562 είς
2070 3498 2200 3551 Θεὸν
2233 3498 2444 3562 ἐλπίδος
2469 3499 2681 3553 ἀκούων
2707 3499 2798 3552 καλ⁸
2832 3497 2932 3569 τῆς
2965 3500 3044 3562 εἰς
3097 3499 3223 3561 τοὺς
3251 3495 3535 3550 πιστεύον-

1959 3608 2060 3656 τας
2092 3592 2381 3662 γινομένης
2409 3592 2765 3663 ἀντιλήψεως,
2799 3590 2874 3655 ὼς
2915 3591 2994 3654 είς
3042 3589 3203 3645 αὑτὸν
3235 3589 3535 3660 γενομένης

1962 3684 2216 3756 τοιαύτης
2264 3685 2481 3758 χάριτος
2531 3683 2871 3754 ἁγαλλιᾶται,
2912 3683 3005 3738 καὶ
3054 3681 3392 3753 εὐχαριστεῖν
3433 3677 3534 3750 ἄρ-

1963 3794 2117 3847 χεται
2145 3777 2222 3847 τῷ
2248 3776 2386 3847 Θεῷ.
2423 3777 2548 3830 Ὅτε
2573 3775 2704 3845 γοῦν
2749 3776 2842 3830 τὸν
2887 3775 3066 3845 τρίτον
3101 3772 3290 3844 ψάλλει
3333 3787 3420 3834 τις
3452 3771 3536 3832 είς

1960 3867 2061 3929 τὰς
2095 3867 2232 3930 ιδίας
2287 3867 2493 3937 θλίψεις
2520 3867 2780 3940 συνορῶν,
2820 3867 2896 3931 ὡς
2925 3865 3086 3920 αὑτοῦ
3138 3860 3276 3918 εἶναι
3321 3861 3534 3932 νομίζει

1963 3957 2032 4012 τὰ
2059 3959 2117 4011 ὲν
2145 3956 2223 4029 τῷ
2271 3957 2472 4029 ψαλμῷ
2499 3959 2738 4031 ῥήματαο
2784 3959 2877 4012 καὶ
2918 3958 3038 4011 τότε
3076 3957 3166 4010 τὸν
3218 3961 3282 4009 ια’
3324 3953 3417 4007 καὶ
3440 3951 3533 4005 τὸν

1964 4056 2040 4116 ις’
2072 4049 2149 4114 ὡς
2177 4051 2257 4115 είς
2293 4051 2393 4122 τὴν
2422 4050 2557 4105 ἰδίαν
2584 4049 2907 4122 πεποίθησιν
2928 4049 3024 4102 καλ⁸
3050 4047 3354 4121 προσευχήν
3383 4046 3533 4097 ἐστιν

1963 4139 2341 4209 ἀπαγγέλλων·
2369 4141 2579 4195 καὶτὸν
2629 4142 2726 4213 μὲν
2766 4148 2809 4195 ν’
2851 4140 3067 4212 ψαλμὸν
3106 4140 3181 4204 ὡς
3213 4138 3373 4201 αὑτός
3412 4137 3532 4189 ἐστι

1962 4231 2028 4284 τά
2059 4230 2168 4284 ῐδια
2193 4229 2294 4300 τῆς
2320 4228 2606 4302 μετανοίας
2635 4229 2828 4287 ἑαυτοῦ
2869 4229 3042 4299 λέγων
3081 4231 3317 4302 ῥήματαο
3346 4225 3438 4278 τὸν
3474 4223 3534 4277 δὲ

1963 4326 2065 4389 νγ¹,
2104 4318 2200 4373 καὶ
2226 4318 2318 4372 τὸν
2348 4323 2446 4385 νεθ,
2472 4318 2567 4375 καὶ
2593 4319 2684 4373 τὸν
2721 4326 2828 4384 νς’,
2857 4319 2950 4373 καὶ
2977 4319 3068 4373 τὸν
3110 4317 3257 4390 ρμα’,
3280 4318 3368 4370 ὅτε
3396 4314 3534 4385 ψάλ-

289 4408 719 4478 persecutionem
772 4416 1070 4478 pateretur,
1116 4406 1196 4463 sic
1237 4406 1500 4472 allicitur,
1533 4414 1588 4461 et
1624 4405 1706 4461 sic
1754 4405 1859 4458 ista

1962 4411 2042 4463 λει
2103 4427 2210 4478 τις,
2243 4411 2342 4481 οὐχ
2398 4411 2475 4474 ὡς
2513 4409 2674 4465 ἄλλου
2731 4408 3081 4481 διωκομένου,
3129 4409 3241 4464 ἀλλ’
3281 4408 3357 4470 ὡς
3399 4405 3476 4460 ὢν
3505 4407 3536 4460 6

288 4501 492 4564 verba,
538 4502 696 4569 quasi
738 4500 958 4571 propria
1001 4499 1128 4564 sibi,
1184 4501 1289 4554 Deo
1333 4499 1498 4554 canit.
1532 4499 1609 4555 Ac
1638 4499 1857 4554 demutn

1967 4502 2191 4573 πάσχων
2231 4501 2642 4569 συνδιατίθεται,
2683 4502 2778 4556 καὶ
2806 4501 2920 4574 ᾄδει
2943 4501 3019 4573 τῷ
3049 4500 3238 4572 Κυρίῳ
3270 4499 3345 4562 ὡς
3370 4498 3535 4561 ἰδίους

289 4593 523 4663 quisque
559 4592 803 4660 psalmus
844 4593 919 4646 ita
953 4607 986 4646 a
1013 4591 1216 4661 Spiritu
1249 4591 1484 4649 dictatus
1515 4602 1677 4665 atque
1709 4607 1859 4646 com-

1965 4596 2089 4657 τοὺς
2110 4594 2301 4664 λόγους
2348 4593 2589 4658 τούτους.
2629 4593 2739 4646 Καὶ
2764 4593 2899 4655 ὅλως
2935 4592 3104 4654 οὕτως
3135 4590 3364 4652 ἕκαστος
3391 4587 3535 4657 ψαλο

290 4677 504 4748 positus
533 4689 636 4743 est,
665 4688 725 4732 ut
754 4680 808 4732 in
838 4694 905 4734 co
927 4718 945 4744 ,
971 4681 1430 4748 quemadmodum
1465 4697 1632 4752 supra
1654 4682 1856 4737 dictum

1971 4686 2068 4757 μὸς
2101 4687 2251 4757 παρά
2287 4685 2378 4739 τοῦ
2434 4685 2748 4756 Πνεύματος
2807 4681 3019 4754 εἴρηταί
3075 4698 3136 4735 τε
3189 4681 3285 4736 καὶ
3343 4678 3533 4732 συντέ-

291 4779 396 4835 est,
428 4769 598 4824 animi
625 4769 803 4824 nostri
826 4779 1008 4824 motus
1033 4770 1531 4840 deprehendantur,
1562 4788 1859 4843 omnesque

1968 4793 2186 4840 τακται,
2223 4777 2299 4840 ὡς
2357 4778 2416 4828 ὲν
2463 4777 2664 4839 αὐτοῖς,
2701 4772 2844 4829 καθὰ
2888 4771 3155 4843 πρότερον.
3182 4771 3420 4842 εἴρηται,
3463 4764 3536 4819 τά

290 4864 447 4935 quasi
477 4864 544 4920 de
571 4865 730 4921 nobis
751 4865 947 4936 prolati
971 4873 1025 4918 et
1049 4863 1196 4919 velut
1216 4864 1375 4919 nobis
1402 4865 1605 4935 proprii
1634 4866 1766 4931 sint,
1791 4866 1859 4919 ad

1966 4867 2245 4937 κινήματα
2291 4865 2390 4936 τῆς
2419 4864 2598 4935 ψυχῆς
2643 4861 2796 4936 ήμῶν
2819 4859 3220 4923 κατανοεῖσθαι,
3255 4858 3349 4913 καὶ
3397 4856 3534 4910 πάνυ

295 4957 727 5014 recordationem
764 4969 1011 5012 motuum
1062 4965 1379 5013 nostrorum
1409 4967 1463 5011 et
1507 4957 1577 5011 ad
1615 4959 1740 5012 vitae
1765 4973 1859 5012 no-

1962 4975 2060 5025 τας
2091 4956 2289 5020 αὐτοὺς
2316 4956 2391 5021 ὼς
2412 4957 2541 5029 περὶ
2570 4955 2724 5027 ἡμῶν
2774 4953 3044 5028 εἰρῆσθαι,
3078 4952 3172 5006 καὶ
3194 4948 3332 5004 εἶναι
3373 4946 3532 5020 ήμῶν

293 5059 421 5104 sine
449 5049 904 5105 emendationem.
924 5045 1057 5114 Quae
1085 5047 1232 5102 enim
1264 5046 1560 5116 psallentes
1589 5046 1859 5115 dixerunt,

1962 5049 2157 5111 αὐτοὺς
2181 5046 2257 5110 ὡς
2290 5046 2453 5110 ἰδίους
2473 5047 2685 5115 λόγους,
2718 5046 2796 5108 είς
2824 5044 3126 5115 ἀνάμνησιν
3181 5040 3290 5094 τῶν
3318 5040 3374 5090 ὲν
3401 5039 3534 5108 ἡμῖν

295 5138 410 5193 haec
437 5155 536 5210 pro
566 5139 741 5195 forma
771 5139 929 5195 nobis
957 5153 1079 5195 esse
1108 5147 1362 5209 possunt.

1962 5140 2273 5211 κινημάτων
2334 5138 2426 5192 καὶ
2473 5137 2757 5208 διόρθωσιν
2798 5136 2899 5206 τῆς
2927 5134 3086 5207 ήμῶν
3135 5129 3428 5193 πολιτείας.
3465 5129 3535 5181 Ἀ

1958 5232 2066 5304 γὰρ
2097 5234 2146 5286 οἱ
2171 5231 2460 5302 ψάλλοντες
2513 5232 2787 5300 εἰρήκασι,
2822 5229 2994 5286 ταῦτα
3030 5225 3124 5280 καὶ
3162 5222 3318 5296 ήμῶν
3339 5221 3535 5274 δύνανο

1962 5340 2049 5377 ται
2077 5322 2236 5376 τύποι
2262 5323 2355 5375 καὶ
2380 5321 2723 5394 χαρακτῆρες
2745 5319 2900 5375 εἶναι.

368 5420 454 5475 l3.
539 5417 665 5473 llaec
713 5433 876 5490 porro
912 5431 1106 5473 rursus
1159 5415 1330 5487 gratia
1377 5424 1460 5470 est
1518 5412 1856 5478 Salvatoris;

2041 5421 2127 5482 ιγ’.
2158 5413 2305 5483 Αὕτη
2335 5413 2391 5466 δὲ
2442 5413 2601 5467 πάλιν
2649 5410 2744 5465 τοῦ
2786 5409 3035 5479 Σωτῆρος
3089 5408 3235 5459 ἐστιν
3285 5405 3319 5474 ὴ
3350 5402 3533 5474 χάρις·

297 5512 462 5570 homo
514 5511 713 5580 quippe
758 5521 980 5579 propter
1039 5521 1141 5563 nos
1176 5507 1372 5572 lactus,
1401 5505 1685 5576 proprium
1736 5518 1859 5559 cor-

1969 5504 2254 5576 ἆνθρωπος
2286 5505 2393 5575 γὰρ
2429 5505 2497 5557 δι’
2526 5504 2674 5574 ἡμᾶς
2722 5503 3031 5571 γενόμενος,
3071 5498 3132 5550 τὸ
3167 5494 3267 5567 μὲν
3291 5493 3450 5564 σῶμα
3475 5493 3538 5547 τὸ

295 5619 400 5672 pots
450 5617 548 5672 pro
611 5600 772 5656 nobis
821 5602 874 5655 in
925 5599 1426 5663 mortem.obtulit,
1468 5606 1528 5652 ut
1579 5610 1772 5651 omnes
1828 5607 1859 5648 a

1971 5596 2098 5648 ἴδιον
2128 5595 2268 5666 ὑπὲρ
2297 5594 2454 5666 ήμῶν
2477 5597 2848 5667 προσήνεγκεν
2899 5593 2978 5654 εἰς
3009 5588 3254 5651 θάνατον,
3285 5585 3374 5638 ἶνα
3400 5584 3538 5637 πάν-

297 5701 472 5747 morte
542 5690 847 5748 redimeret.
915 5691 1057 5758 Quin
1104 5699 1155 5746 ct
1200 5691 1474 5745 cmlestem
1539 5685 1858 5758 probatissi-

1966 5703 2064 5752 τας
2117 5686 2401 5762 ἀπαλλάξῃ
2449 5688 2540 5740 τοῦ
2575 5686 2825 5740 θανάτου⁹
2879 5683 2975 5755 τὴν
3022 5681 3079 5734 δὲ
3145 5676 3392 5750 ούράνιον
3440 5675 3538 5730 καὶ
