3820 6448
275 330 344 386 27
1088 325 1096 332 ’
1139 333 1195 388 S.
1240 334 1609 391 ATHANASII
1650 336 1801 391 OPP.
1850 335 1870 389 1

2004 337 2034 390 S
2072 335 2157 390 111.
2199 368 2266 376 —
2297 337 2704 394 EXEGETICA.
3448 339 3518 394 εδ

281 499 284 501 Α
349 443 464 499 Sub
492 442 665 498 forma
691 443 1142 513 confessionis,9,
1166 449 1256 515 71,
1281 452 1370 517 91,
1409 450 1531 513 104,
1564 451 1684 518 105,
1715 452 1838 517 106,

2018 453 2126 505 Kal
2156 455 2204 505 οἱ
2232 454 2329 523 μὲν
2379 455 2435 507 ἐν
2500 454 2879 525 ἐξομολογήσει
2935 453 3001 518 θ’,
3033 452 3124 518 οδ’,
3159 456 3264 519 1-,α’,
3297 451 3389 524 ρδ’,
3425 461 3518 520 ρξ’,

277 533 552 600 107,110,
591 534 716 601 117,
768 535 1046 602 155,157.

361 623 464 691 Qui
492 625 841 696 conjunctam
875 629 1077 684 habent
1121 631 1525 688 confessionem
1569 648 1690 688 cum
1721 651 1846 688 nar-

281 717 513 782 ratione,
537 719 592 782 9,
621 718 708 782 74,
741 719 1013 786 105,106,
1052 721 1174 785 117,
1207 724 1329 776 157.

370 807 473 871 Qui
525 807 874 877 conjunctam
916 809 1074 864 habet
1107 827 1228 865 eum
1269 813 1608 870 confessione
1648 824 1700 870 et
1733 832 1852 870 nar-

282 897 495 950 ratione
524 898 760 961 laudem,
790 907 874 952 est
908 899 1026 953 110.

365 988 478 1040 Sub
505 987 678 1041 forma
702 989 1112 1056 admonitionis,
1149 1005 1231 1049 est
1257 995 1342 1052 56.

365 1079 467 1144 Qui
495 1081 833 1149 prophetiam
861 1083 1079 1146 habent,
1103 1094 1233 1139 sunt
1268 1087 1358 1154 20,
1395 1089 1484 1152 21,
1514 1090 1604 1153 44,
1637 1090 1726 1151 46.
1762 1091 1846 1146 75.

367 1170 854 1227 Annuntiationem
886 1190 1011 1229 cum
1069 1179 1353 1247 prophetia
1386 1179 1632 1249 junctam
1690 1182 1851 1236 habet

287 1261 409 1316 109.

371 1353 788 1409 Adhortationis
815 1371 946 1411 vero
973 1366 1027 1412 et
1049 1361 1207 1428 quasi
1232 1364 1610 1432 praeceptionis
1635 1365 1852 1418 modum

289 1444 490 1498 habent
520 1444 610 1510 28,
643 1447 730 1512 52,
770 1446 861 1508 80,
893 1448 983 1514 94,
1033 1448 1120 1515 95,
1173 1451 1261 1514 96,
1298 1452 1388 1516 97,
1422 1453 1541 1518 102,
1572 1453 1694 1518 105,
1730 1454 1852 1508 115.

365 1534 708 1590 Hortatorius
743 1555 866 1593 cum
920 1543 1132 1596 cantico
1189 1553 1272 1596 est
1306 1544 1427 1598 149.

359 1625 462 1692 Qui
528 1628 690 1681 vitam
747 1630 947 1685 virtute
1013 1644 1259 1687 ornatam
1308 1635 1659 1700 describunt,
1731 1649 1858 1693 sunt

290 1718 415 1784 104,
462 1719 585 1786 111,
646 1722 771 1787 118,
827 1725 952 1787 124,
998 1725 1123 1780 152.

1951 552 2059 615 pg’,
2091 546 2191 616 ρξ’,
2259 555 2348 618 ρι’,
2375 547 2498 618 ριζ’,
2531 548 2656 618 ρλε’,
2685 547 2813 620 ρλζ.

2017 640 2078 691 Οἱ
2107 638 2163 690 δὲ
2197 640 2691 710 συμπεπλεγμένην
2746 639 2960 709 ἔχοντες
2997 637 3388 709 ἐξομολόγησιν
3429 635 3524 688 καὶ

1950 729 2196 801 διήγησιν
2223 731 2290 796 ϐ’,
2321 731 2411 794 οδ’,
2446 737 2542 802 ρε’,
2576 737 2683 802 ρς-’,
2714 731 2832 801 ριζ’,
2865 729 2996 801 ρλζ’.

2032 817 2090 870 '0
2117 817 2174 870 δὲ
2238 819 2737 891 συμπεπλεγμένην
2797 819 2935 890 ἔχων
2991 819 3376 892 ἐξομολόγησιν
3434 818 3527 870 καὶ

1949 906 2200 978 διήγησιν
2227 909 2362 979 μετὰ
2393 910 2652 974 αἰνέσεως
2683 917 2771 981 ρι’.

2021 999 2132 1051 Kal
2163 1002 2190 1052 ὁ
2218 1000 2316 1065 μέν
2349 1002 2405 1052 ἐν
2434 1001 2754 1072 παραινέσει
2801 1004 2918 1056 ἐστὶ
2939 1003 3048 1069 λς’.

2025 1090 2088 1141 Οἱ
2115 1089 2170 1140 δὲ
2200 1091 2256 1142 ἐν
2280 1090 2584 1162 προφητεία
2609 1099 2678 1157 κ’,
2713 1099 2817 1158 κα’,
2868 1093 2970 1164 μδ’,
3009 1099 3125 1164 μς’,
3146 1101 3238 1148 οε’.

2025 1181 2133 1234 Kal
2160 1182 2554 1252 ἀπαγγελτικδς
2585 1186 2683 1256 μὲν
2710 1185 2847 1257 μετά
2889 1186 3222 1257 προφητείας
3251 1187 3348 1258 ρθ’.

2029 1360 2424 1429 Προτρεπτικοὶ
2451 1360 2507 1412 δὲ
2537 1361 2630 1414 καὶ
2654 1360 2728 1422 ὡς
2757 1361 3251 1432 παρακελευόμενοί
3283 1365 3385 1416 είσι
3421 1370 3534 1434 κη’,

1957 1441 2055 1511 λβ’.
2091 1449 2164 1507 π’.
2201 1445 2300 1510 ι-.δ’,
2333 1449 2436 1511 με’,
2471 1450 2586 1512 Lis“.
2617 1446 2721 1515 ις’,
2752 1448 2853 1520 ριε’,
2892 1455 2993 1520 ργ’ν
3019 1457 3144 1521 pm

2027 1535 2426 1606 Προτρεπτικὸς
2449 1537 2505 1590 δὲ
2535 1540 2670 1608 μετά
2692 1539 2930 1611 ᾄσματος
2960 1541 3152 1612 ἐλέχθη
3186 1543 3324 1613 ρμθ¹.

2032 1629 2142 1681 Kal
2170 1630 2339 1700 οἱμὲν
2394 1630 2786 1702 διαγράφοντες
2829 1632 2917 1684 τὸν
2967 1632 3221 1704 ἐνάρετον
3267 1634 3380 1704 βίον
3428 1634 3538 1686 εἰσὶ

1964 1721 2058 1791 ρδ’,
2100 1728 2222 1792 ρια’,
2259 1728 2384 1792 ριη’,
2411 1721 2539 1793 ρκδ’,
2564 1723 2696 1794 ρλβ’.

365 1811 470 1879 Qui
519 1814 732 1869 laudem
791 1819 1138 1884 annuntiant,
1176 1829 1304 1874 sunt
1353 1821 1455 1887 90,
1511 1823 1656 1888 112,
1720 1825 1855 1890 116,

2029 1789 2110 1866 Oti
2139 1813 2192 1865 δέ
2228 1789 2374 1867 αἶνον
2412 1789 2860 1884 ⁷ἀπαγγέλλοντες
2920 1811 3065 1872 οὗτοί
3098 1820 3235 1872 εἰσιν
3277 1817 3349 1886 ις,
3406 1819 3538 1890 ριβ’,

290 1906 414 1970 154,
447 1906 570 1969 144,
612 1909 886 1974 145,146,
927 1911 1050 1974 148,
1088 1912 1214 1967 150.

377 1997 479 2065 Qui
503 2001 797 2069 gratiarum
833 2004 1064 2058 actionis
1090 2013 1239 2069 sunt,
1299 2005 1354 2073 8,
1396 2006 1448 2071 9,
1500 2007 1588 2072 17,
1638 2007 1728 2075 55,
1765 2009 1858 2075 45,

289 2088 380 2154 62,
429 2089 518 2154 76,
556 2090 646 2156 84,
698 2093 820 2160 114,
876 2094 994 2163 115,
1053 2096 1173 2160 120,
1229 2096 1354 2164 121,
1407 2097 1531 2164 125,
1574 2097 1860 2167 125,128,

291 2180 414 2234 145.

370 2271 472 2338 Qui
523 2273 912 2330 beatitudinem
969 2277 1284 2346 pradicant,
1345 2288 1472 2336 sunt
1509 2281 1564 2348 1,
1618 2282 1708 2350 51,
1768 2283 1862 2349 40,

291 2361 412 2425 118,
441 2362 564 2416 127.
1480 2364 1489 2373 ’

369 2452 466 2508 Est
489 2455 581 2525 qui
617 2456 953 2512 alacritatem
979 2460 1236 2515 exhibeat
1258 2477 1381 2517 cum
1407 2465 1642 2530 cantico,
1661 2472 1720 2520 ut
1738 2465 1860 2521 107.

370 2543 529 2599 Alius
559 2546 625 2598 ad
651 2545 1026 2603 fortitudinem
1063 2550 1334 2618 hortatur,
1373 2553 1584 2609 scilicet
1633 2553 1722 2608 80.

372 2635 512 2691 Sunt
557 2639 651 2707 qui
700 2640 898 2710 impios
926 2651 980 2696 et
1033 2643 1253 2714 iniquos
1308 2645 1662 2717 redarguam,
1721 2657 1781 2704 ut
1806 2648 1864 2714 2,

293 2725 381 2789 15,
434 2727 524 2792 55,
573 2729 662 2791 51,
719 2730 807 2782 52.

369 2820 734 2876 lnvocationis
757 2823 910 2878 esu.

369 2910 513 2965 Sunt
556 2914 650 2982 qui
694 2923 820 2968 vota
861 2914 1086 2982 faciant,
1129 2928 1189 2973 ut
1216 2919 1283 2976 19
1306 2929 1361 2976 et
1380 2922 1472 2978 65.

363 3000 788 3060 Glorificationis
817 3005 873 3059 in
901 3005 1133 3064 Domino
1156 3011 1322 3066 verba
1347 3013 1634 3070 continent
1655 3014 1747 3082 22,
1773 3015 1866 3081 26,

293 3092 383 3158 58,
409 3094 495 3160 59,
521 3094 612 3160 41,
655 3095 744 3161 61,
781 3097 867 3163 75,
892 3098 980 3167 85,
1038 3099 1128 3168 96,
1151 3101 1241 3167 98,
1293 3104 1418 3159 151.

375 3268 712 3340 Objurgandi
743 3287 908 3328 causa
952 3274 1143 3345 scripti
1193 3286 1321 3332 sunt
1352 3277 1441 3345 57,
1479 3279 1586 3360 .81.

364 3359 468 3426 Qui
493 3361 682 3432 hymni
707 3364 870 3418 verba
909 3367 1210 3433 continent,
1240 3370 1295 3424 hi
1326 3359 1491 3435 sunt,
1516 3372 1608 3436 47,
1638 3373 1727 3429 64.

379 3449 751 3522 Jubilationis,
775 3463 830 3510 et
860 3456 928 3511 de
955 3461 1354 3516 resurrectione
1377 3472 1456 3518 est
1505 3461 1592 3518 65.

379 3541 446 3597 Ει
469 3544 612 3600 alius
633 3545 982 3615 jubilationis
1037 3561 1250 3607 tantum
1285 3554 1450 3611 verba
1477 3556 1704 3626 profert,
1733 3558 1879 3614 scili-

297 3643 384 3689 cet
408 3634 498 3691 99.

385 3727 475 3783 15.
513 3729 647 3784 Cum
679 3731 846 3802 igitur
871 3734 1073 3791 Psalmi
1107 3739 1201 3793 tali
1239 3741 1432 3799 ordine
1469 3742 1714 3813 dispositi
1743 3745 1875 3813 sint,

298 3821 428 3877 licet
458 3824 718 3896 deinceps
744 3827 1052 3899 legentibus
1088 3830 1142 3884 in
1190 3831 1424 3903 singulis
1452 3833 1873 3903 deprehendere,

300 3913 379 3968 uti
411 3928 576 3986 supra
610 3917 746 3985 dixi,
773 3929 957 3976 motus
979 3930 1033 3976 et
1057 3924 1504 3979 constitutionem
1522 3927 1718 3983 animae
1741 3945 1874 3995 suae,

303 4013 469 4074 atque
530 4007 765 4077 singulis
823 4010 876 4064 in
927 4011 1092 4068 rebus
1154 4012 1386 4070 formam
1420 4015 1875 4090 doctrinamque;

300 4095 502 4164 quidve
567 4097 798 4154 dicendo
858 4101 1073 4170 placere
1133 4107 1310 4174 possit
1362 4105 1626 4176 Domino,
1695 4111 1880 4180 cujus-

300 4184 448 4239 modi
474 4189 656 4244 verbis
703 4205 823 4244 sese
853 4193 1028 4260 possit
1072 4194 1343 4264 corrigere
1389 4194 1730 4268 Dominoque
1757 4215 1883 4271 gra-

300 4274 406 4330 tias
438 4292 632 4348 agere;
667 4295 753 4346 ne,
794 4282 839 4336 si
862 4294 1058 4352 przeter
1103 4285 1191 4339 illa
1214 4287 1493 4356 quidpiam
1521 4289 1782 4358 proferat,
1825 4292 1878 4346 in

301 4365 636 4436 impietatem
664 4371 965 4426 delabatur.
991 4372 1111 4428 Non
1151 4377 1298 4430 enim
1347 4375 1415 4432 de
1467 4380 1724 4448 operibus
1758 4390 1880 4434 tan-

1962 1911 2094 1976 ρις,
2127 1905 2255 1976 ρλδ’ν
2283 1906 2421 1977 ρμδν
2461 1915 2600 1978 ρμεκ
2647 1916 2979 1982 ρμςνρμηκ
3037 1918 3112 1983 ρν’

2031 1999 2142 2052 Kal
2173 1999 2346 2068 οἱμὲν
2387 2000 2757 2072 εύχαριστικοί
2800 2003 2938 2056 εἰσιν
2967 2001 3038 2073 η’,
3080 2003 3145 2066 θ’,
3185 2004 3268 2070 ιζ’,
3308 2004 3540 2075 λγ’,με’,

1963 2089 2059 2160 EB’,
2095 2097 2201 2155 og',
2245 2092 2347 2154 πδ’,
2382 2092 2499 2164 ριε’,
2549 2100 2665 2165 ριε’,
2713 2101 2816 2166 ρκ’,
2857 2096 2996 2166 ρκα¹,
3031 2102 3171 2168 ρκγ’,
3222 2102 3354 2166 ρκε’,
3397 2102 3544 2166 ρκη’,

1964 2190 2111 2254 ρμΥ·

2035 2276 2097 2327 Ol
2123 2275 2179 2328 δὲ
2232 2277 2582 2348 μακαρισμὸν
2615 2278 3024 2347 ἀναφωνοῦντές
3057 2281 3196 2332 εἰσιν
3224 2277 3294 2342 α’,
3321 2278 3424 2342 λα’,
3467 2284 3549 2349 μ’,

1965 2363 2091 2436 ριη’ν
2124 2365 2258 2435 9x?-

2035 2457 2145 2510 Καὶ
2168 2457 2325 2521 ἄλλος
2354 2458 2712 2524 ἐπιδεικτικὸς
2747 2461 3056 2532 προθυμίας
3095 2465 3210 2532 μετ’
3241 2461 3381 2534 ᾠδῆς
3409 2461 3508 2533 ρξ’.

2036 2550 2150 2602 Kal
2170 2551 2198 2601 6
2240 2549 2339 2620 μὲν
2361 2553 2760 2621 προτρεπτικὸς
2789 2556 2870 2616 είς
2892 2555 3114 2626 ἀνδρίαν
3136 2555 3251 2607 ἐστὶ
3275 2559 3349 2606 τε.

2042 2641 2105 2694 Ol
2123 2641 2179 2694 δὲ
2205 2643 2560 2714 κατηγορικοὶ
2585 2643 2694 2697 τῶν
2715 2645 2928 2699 ἀσεϐῶν
2955 2647 3048 2701 καὶ
3080 2645 3410 2717 παρανόμων
3437 2643 3551 2695 εἰσὶ

1971 2729 2036 2802 β’,
2061 2739 2151 2800 ιγ’,
2191 2731 2286 2795 λε’,
2329 2739 2406 2785 να’
2429 2771 2443 2796 ,
2477 2732 2576 2802 νβ’.

2041 2822 2154 2875 Kal
2191 2823 2220 2875 ό
2257 2821 2354 2892 μὲν
2383 2821 2721 2894 ἐπικλήσεως
2754 2825 2867 2876 ἐστι
2895 2822 2962 2877 δ’.

2040 2914 2103 2967 Οί
2135 2913 2191 2966 δὲ
2217 2913 2518 2967 ἐπευκτικά
2546 2914 3002 2984 ἀπαγγέλλουσιν,
3035 2913 3111 2977 ὡς
3148 2912 3209 2967 ιϐ’
3247 2914 3341 2967 καὶ
3374 2911 3452 2981 ξγ¹

2039 3005 2151 3058 Kal
2179 3007 2226 3058 οί
2269 3005 2367 3077 μὲν
2389 3006 2711 3077 καυχήσεως
2739 3007 2834 3077 τῆς
2859 3007 2916 3059 ἐν
2957 3005 3146 3076 Κυρίῳ
3179 3004 3557 3073 ἀπαγγέλλον-

1897 3129 1940 3187 C
1971 3114 2062 3162 τες
2088 3097 2278 3167 λόγους
2315 3098 2421 3151 είσὶ
2483 3099 2564 3169 κβ’
2598 3098 2692 3152 καὶ
2719 3104 2831 3163 κς’,
2864 3097 2964 3168 λη’,
2997 3095 3071 3151 λθ⁹
3094 3138 3108 3164 ,
3135 3095 3257 3167 μα’,
3305 3097 3407 3164 ξα’,
3453 3103 3558 3160 σε’,

1974 3195 2086 3258 πγύ
2121 3193 2236 3257 μς’,
2262 3188 2371 3262 ιιη¹ν
2409 3190 2544 3263 PW-

2041 3279 2106 3332 υἱ
2130 3279 2188 3332 δὲ
2211 3279 2552 3350 ἐντρεπτικοί
2587 3281 2692 3333 είσι
2727 3279 2825 3344 νζ’,
2857 3275 2971 3333 πα’.

2045 3371 2155 3423 Kal
2175 3371 2223 3423 οί
2261 3371 2358 3440 μὲν
2383 3370 2555 3440 ῦμνου
2581 3373 2799 3443 ῥήματα
2838 3372 3055 3439 λέγουσι
3085 3372 3191 3441 μς’,
3229 3370 3322 3437 ξδ’.

2057 3463 2116 3515 '0
2145 3462 2201 3515 δὲ
2230 3462 2546 3534 ἀλαλαγμοῦ
2583 3465 2676 3516 xal
2700 3463 2830 3533 περὶ
2855 3463 3204 3528 ἀναστάσεως
3245 3462 3336 3528 Es’.

2048 3552 2160 3606 Kal
2179 3553 2365 3623 ἐτερος
2397 3553 2712 3624 ἀλαλαγμοῦ
2747 3553 2904 3624 μόνον
2937 3555 3001 3625 pi;
3011 3572 3155 3624 ματα
3179 3555 3324 3621 λέγει
3352 3553 3458 3620 1.,0’.

2057 3733 2137 3780 ιε’.
2175 3727 2444 3799 Τοιαύτης
2479 3724 2570 3782 οὖν
2601 3730 2697 3800 τῆς
2739 3728 3034 3796 διατάξεως
3067 3730 3234 3801 οῦσης
3264 3729 3371 3784 τῶν
3410 3731 3554 3784 Ψαλ·

1983 3819 2118 3890 μῶν,
2143 3819 2256 3873 ἐστι
2286 3820 2472 3875 λοιπὸν
2494 3820 2718 3875 δυνατὸν
2749 3822 2874 3885 τοὺς
2917 3823 3342 3893 ἐντυγχάνοντας
3375 3824 3563 3894 εὑρεῖν

1981 3915 2039 3966 ὲν
2071 3914 2308 3984 ἑκάστῳ,
2342 3913 2486 3967 καθά
2510 3917 2788 3982 προεῖπον,
2812 3913 2881 3968 τά
2909 3917 3181 3988 κινήματα
3213 3918 3306 3969 καὶ
3343 3917 3442 3988 τὴν
3461 3934 3563 3972 xa-

1979 4005 2240 4058 τάστασιν
2274 4003 2370 4074 τῆς
2426 4003 2561 4067 ἰδίας
2593 3999 2792 4076 ψυχῆς,
2844 4005 3017 4071 οὓτως
3071 4025 3129 4060 τε
3159 4009 3288 4080 περὶ
3327 4009 3562 4062 ἑκάστου

1980 4097 2070 4150 τὸν
2110 4094 2280 4150 τύπον
2324 4096 2418 4148 καὶ
2449 4095 2546 4166 τὴν
2576 4096 2925 4152 διδασκαλίαν
2949 4115 2962 4127 ⁵
2986 4099 3080 4152 καὶ
3105 4098 3224 4152 τίνα
3263 4099 3361 4170 μὲν
3388 4099 3564 4168 λέγων

1982 4189 2238 4261 ἀρέσκειν
2267 4189 2488 4243 δύναται
2521 4189 2598 4260 τῷ
2642 4190 2830 4260 Κυρίῳ
2854 4232 2868 4256 ,
2901 4190 2987 4243 διὰ
3019 4191 3186 4244 ποίων
3215 4191 3270 4244 δὲ
3303 4192 3570 4262 ῥημάτων

1985 4285 2174 4337 ἐαυτὸν
2207 4283 2550 4354 διορθοῦσθαι
2585 4283 2826 4348 δύναται,
2856 4285 2950 4336 καὶ
2972 4285 3316 4356 εὐχαριστεῖν
3341 4283 3416 4354 τῷ
3448 4283 3566 4336 Κύ-

1988 4377 2107 4446 ρίῳ,
2137 4375 2278 4448 ὑπὲρ
2304 4375 2398 4428 τοῦ
2427 4376 2500 4445 μὴ
2528 4375 2608 4437 εἰς
2646 4374 2900 4427 ἀσέϐειαν
2951 4377 3239 4428 ἐκπίπτειν
3284 4375 3374 4428 τὸν
3413 4374 3570 4444 παρὰ

303 4458 606 4523 tummodo,
638 4460 729 4514 sed
765 4461 832 4515 de
883 4463 1032 4515 omni
1060 4465 1224 4520 verbo
1255 4466 1433 4522 otioso
1481 4469 1751 4525 rationem
1783 4469 1870 4525 Ju-

2004 4465 2210 4520 ῖοιαῦτα
2261 4465 2507 4533 λέγοντα.
2543 4466 2616 4519 Ού
2647 4465 2754 4538 γάρ
2803 4467 2964 4537 μόνον
3019 4467 3146 4535 περὶ
3208 4465 3316 4518 τῶν
3364 4466 3569 4536 ἔργων,

303 4546 410 4600 dici
451 4563 643 4603 sumus
681 4551 950 4606 reddituri
988 4555 1051 4607 ¹⁹.
1080 4554 1138 4610 Si
1194 4556 1358 4626 igitur
1391 4561 1701 4629 quempiam
1745 4563 1875 4616 hea—

304 4649 419 4692 tum
448 4641 745 4709 praedicare
773 4646 1035 4710 volueris.
1094 4649 1265 4706 habes
1312 4667 1421 4721 qua
1456 4655 1692 4720 ratione,
1724 4667 1777 4711 et
1820 4658 1875 4710 in

302 4746 434 4798 quo,
469 4741 524 4788 et
552 4751 674 4804 quae
706 4736 890 4793 dicere
923 4741 1143 4808 debeas,
1201 4745 1473 4812 psalmum
1505 4749 1713 4804 scilicet
1747 4751 1800 4813 1,
1825 4759 1881 4804 et

304 4821 396 4887 51,
424 4831 477 4876 et
495 4822 586 4889 40,
613 4834 666 4879 et
717 4825 838 4892 111,
872 4839 925 4884 et
950 4831 1073 4897 118,
1123 4842 1177 4886 et
1206 4834 1328 4890 127.
1370 4835 1426 4890 Si
1482 4841 1882 4907 reprehendere

217 4976 228 4991 ν
305 4912 544 4969 volueris
575 4915 804 4972 insidias
837 4917 1154 4976 Judazorum
1201 4926 1463 4982 adversus
1508 4929 1878 4998 Salvatorem,

306 5001 478 5059 habes
503 5007 798 5060 secundam
830 5009 1012 5064 odam.
1035 5011 1090 5065 Si
1121 5027 1152 5066 a
1187 5012 1294 5068 tuis
1323 5018 1760 5081 persecutionem
1790 5034 1883 5087 pa-

305 5093 496 5161 tiaris,
561 5098 828 5168 mullique
886 5101 1175 5157 adversum
1234 5114 1287 5161 te
1333 5108 1662 5178 insurgunt,
1715 5109 1884 5165 dicito

305 5188 531 5241 tertium
594 5191 887 5259 psalmum.
949 5192 1108 5261 Quod
1162 5198 1208 5252 si
1263 5199 1494 5256 amictus
1545 5202 1884 5256 invocaveris

307 5275 624 5345 Dominum,
651 5293 704 5338 et
728 5286 1019 5342 exauditus
1053 5287 1258 5357 gratias
1315 5306 1476 5360 agere
1504 5292 1662 5359 velis,
1711 5293 1883 5362 psalle

306 5379 562 5436 quartum
596 5382 651 5427 et
681 5375 752 5428 74
772 5385 826 5430 et
860 5377 983 5431 114.
1013 5379 1070 5433 Si
1120 5380 1402 5451 improbos
1426 5383 1652 5438 insidias
1693 5400 1886 5454 paran-

310 5467 393 5513 tes
435 5464 803 5533 conspiciens,
865 5471 1170 5526 orationem
1212 5482 1361 5528 tuam
1414 5475 1640 5530 auribus
1679 5477 1883 5544 percipi

309 5549 569 5620 volueris,
599 5556 771 5624 psalle
815 5561 1097 5617 matutinis
1163 5562 1312 5619 horis
1355 5562 1632 5632 quintum.
1676 5564 1732 5621 Si
1779 5565 1884 5622 Do-

389 5728 435 5764 "
465 5732 651 5790 Matth.
688 5751 783 5802 xu,
811 5739 897 5792 56.

1986 4559 2120 4612 ἀλλά
2151 4559 2244 4612 καὶ
2277 4560 2405 4629 περὶ
2437 4559 2610 4629 ἀργοῦ
2641 4561 2882 4631 ῥήματος
2926 4557 3215 4610 ἀποδοῦναι
3257 4557 3572 4628 λόγον.ἕχο-

1991 4667 2089 4721 μεν
2106 4649 2185 4720 τῷ
2205 4651 2403 4720 Κριτῇ.
2428 4649 2527 4701 Ἀν
2547 4665 2606 4701 τε
2633 4649 2811 4702 τοίνυν
2837 4647 3136 4718 μακαρίσαι
3168 4646 3287 4699 τινὰ
3311 4647 3567 4720 θελήσῃς,

1988 4742 2130 4812 ἔχεις
2161 4741 2278 4805 πῶς
2311 4741 2410 4804 δεῖ,
2441 4741 2537 4794 xal
2569 4742 2661 4794 ἐπὶ
2691 4740 2817 4802 τίνι,
2845 4741 2938 4792 καὶ
2973 4739 3094 4792 τίνα
3121 4739 3202 4791 δεῖ
3229 4739 3430 4808 λέγειν,
3478 4740 3571 4791 τόν

1987 4851 2044 4886 τε
2066 4841 2114 4887 α’
2145 4835 2238 4886 καὶ
2267 4833 2358 4886 τὸν
2383 4834 2486 4897 λα’,
2514 4834 2608 4886 καὶ
2633 4840 2706 4902 μ’,
2731 4833 2824 4885 καὶ
2859 4838 2985 4903 ρια’,
3014 4833 3108 4884 καὶ
3142 4839 3266 4903 ριη’,
3296 4834 3391 4886 καὶ
3420 4831 3532 4904 px?
3552 4851 3565 4863 ο

1988 4926 2053 4980 ἄν
2080 4943 2139 4978 τε
2177 4925 2496 4996 μέμψασθαι
2541 4925 2639 4996 τὴν
2679 4925 2945 4978 Ἰουδαίων
2977 4925 3121 4979 κατά
3181 4925 3274 4979 τοῦ
3322 4927 3572 4998 Σωτῆρος

1990 5015 2302 5086 ἐπιϐουλὴν,
2344 5015 2488 5084 ἔχεις
2519 5014 2618 5084 τὴν
2659 5014 2918 5085 δευτέραν
2949 5014 3111 5087 ᾠδήν.
3165 5015 3264 5068 ’Ἂν
3294 5015 3350 5068 δὲ
3399 5013 3589 5089 διώκῃ.

1992 5107 2140 5179 παρά
2166 5106 2272 5160 τῶν
2297 5107 2462 5170 ίδίων,
2493 5106 2587 5160 καὶ
2617 5107 2844 5171 πολλοὺς
2866 5107 2996 5180 ἔχῃς
3013 5109 3138 5170 τοὺς
3162 5107 3571 5168 ἐπαναστάντας

1991 5199 2131 5253 κατὰ
2165 5197 2282 5265 σοῦ,
2315 5199 2440 5268 λέγε
2466 5198 2558 5252 τὸν
2591 5205 2639 5267 γ’
2669 5197 2902 5269 ψαλμόν.
2932 5201 2994 5252 El
3030 5199 3086 5252 δὲ
3117 5198 3288 5261 οὕτως
3329 5197 3573 5266 θλιὸόμε⁶

1991 5309 2080 5354 νος
2114 5290 2430 5344 ἐπεκαλέσω
2461 5289 2553 5342 τὸν
2593 5289 2817 5360 Κύριον,
2852 5292 2945 5344 καλ⁵
2992 5290 3365 5352 εἰσακουσθεὶς
3399 5288 3574 5351 θέλεις

1992 5383 2367 5454 εὐχαριστεῖν,
2405 5381 2578 5449 eane
2623 5382 2714 5435 τὸν
2745 5382 3022 5453 τέταρτον,
3069 5381 3164 5434 καὶ
3194 5381 3284 5446 οδ’,
3325 5382 3416 5433 καὶ
3451 5380 3568 5450 ριδ’.

1994 5475 2103 5526 Kal
2127 5474 2240 5540 ἐὰν,
2277 5472 2355 5525 ἔτι
2377 5474 2503 5536 τοὺς
2534 5476 3002 5544 πονηρευομένους
3035 5473 3246 5542 βλέπων
3272 5471 3574 5538 ἐνεδρεύειν

1995 5565 2266 5632 θέλοντας,
2294 5565 2643 5631 ἐνωτίζεσθαί
2671 5583 2759 5620 σου
2784 5566 2942 5636 θέλῃς
2962 5565 3062 5637 τὴν
3091 5565 3274 5636 εὐχὴν,
3305 5564 3573 5636 όρθρίζων
