3698 6268
171 215 234 268 δ
1358 216 1699 274 EPISTOLA
1736 217 1826 270 AD
1863 213 2380 271 MARCELLINUM.
3399 224 3467 278 50

171 329 224 381 τε
253 329 407 400 πρωί
438 329 628 397 skill:
650 331 751 384 τὸν
786 337 850 384 ε’.
873 329 1208 401 Δίσθόμενος
1233 331 1292 384 δὲ
1315 330 1547 399 ἀπειλῆς
1566 347 1628 384 το

2003 328 2030 382 ιὶ
2057 328 2540 383 comminationem
2599 330 2861 394 senseris,
2908 337 3065 401 teque
3097 346 3160 386 ea
3187 333 3257 388 de
3299 351 3463 404 causa

169 420 315 487 ξὲσυ,
349 418 454 471 ἐὰν
505 419 605 474 διὰ
646 419 817 473 τοῦτο
852 420 1256 490 ταραττόμενον
1304 419 1530 472 σεαυτὸν
1568 419 1629 489 βλ

2005 418 2280 473 turbatum
2323 418 2547 483 videris,
2585 426 2740 488 potes
2795 421 2975 476 dicere
3015 422 3046 477 6
3080 433 3133 478 et
3155 424 3244 481 57.
3283 423 3340 480 Si
3370 428 3463 480 ad-

169 511 394 564 ῑὲνασαι
428 512 636 580 λέγειν
659 513 756 567 τὸν
785 511 839 580 ς’
872 515 969 567 καὶ
999 513 1092 567 τὸν
1131 513 1229 577 λζ’.
1267 513 1395 568 Ἐὰν
1430 513 1487 566 δὲ
1535 514 1628 568 καὶ

2004 527 2112 567 sum
2165 519 2219 567 te
2249 511 2492 582 quipiam
2552 513 2842 568 consilium
2876 514 3143 583 dederim,
3203 521 3464 588 quemad-

169 603 438 657 ὶεύωνταί
468 622 637 670 τινες
683 605 830 660 κατὰ
863 605 959 660 σοῦ
985 646 1001 672 ,
1028 606 1106 670 ὡς
1133 607 1163 659 ὁ
1215 605 1497 676 Ἀχιτόφελ
1530 623 1629 662 κατ

2003 603 2114 658 lum
2140 602 2462 674 Achitophel
2492 604 2754 660 adversus
2785 605 3091 676 ‘Davidem,
3119 617 3174 663 et
3227 611 3332 666 hoe
3367 611 3463 666 tibi

169 695 351 760 ιτς-ιδ,
403 697 519 749 καὶ
554 696 730 751 τοῦτο
761 697 848 752 σοί
887 714 973 761 τις
1017 698 1328 772 ἀπαγγείλῃ
1351 739 1366 766 ,
1399 697 1566 768 eam
1602 716 1629 753 τ

2007 694 2094 750 uis
2118 695 2418 764 renuntiet,
2447 696 2618 765 psalle
2635 696 2687 764 7,
2719 706 2769 752 et
2789 696 3020 754 Domino
3049 701 3266 757 conﬁde
3288 702 3387 772 qui
3409 711 3463 759 te

171 790 262 842 καὶ.
305 788 521 860 θάρρει
549 788 639 861 τῷ
677 790 931 862 ρυομένῳ
951 807 1011 844 σε
1038 790 1178 862 Θεῷ.

703 790 931 862 ιυομένῳ
951 807 1011 844 σε
1038 790 1178 862 Θεῷ.
1890 786 2163 842 liberabit.

1898 874 1909 878 ”
1960 877 2049 932 16.
2072 877 2317 934 Cernens
2343 877 2644 933 Salvatoris
2672 879 2898 949 gratiam
2928 879 3134 950 ubique
3183 882 3457 949 difusam,

1887 970 2342 1042 redemptumque
2366 986 2539 1042 genus
2566 971 2890 1037 humanum,
2927 972 2974 1026 si
3025 973 3229 1044 alloqui
3274 974 3458 1029 Domi-

1886 1077 2019 1117 num
2043 1063 2202 1130 velis,
2237 1073 2490 1119 octavum
2527 1064 2766 1134 psallito.
2808 1063 2865 1120 Si
2888 1080 3107 1120 rursum
3141 1081 3246 1136 pro
3273 1076 3459 1124 torcu-

1885 1151 2096 1208 laribus
2123 1149 2329 1222 gratias
2355 1168 2521 1223 agens
2556 1151 2792 1207 Domino
2843 1169 3038 1209 canere
3067 1156 3326 1222 volueris,
3357 1157 3458 1212 ha-

229 885 332 942 ις’.
357 878 612 933 Βλέπων
660 880 721 934 δὲ
754 881 857 952 τὴν
895 881 1172 952 πανταχοῦ
1210 882 1371 953 χάριν
1416 881 1509 936 τοῦ
1539 882 1790 954 Σωτῆρος

166 970 579 1040 ιιπταμένην,
611 972 715 1024 καὶ
747 971 920 1024 σωθὲν
936 972 1000 1024 τὸ
1025 973 1182 1040 γένος
1203 972 1315 1026 τῶν
1335 971 1658 1045 ἀνθρώπων,
1690 972 1788 1028 ἐὰν

165 1064 520 1130 προσφωνεῖν
570 1061 747 1134 θέλῃς
775 1062 852 1133 τῷ
895 1063 1106 1135 Κυρίῳ,
1158 1064 1328 1134 ψάλλε
1363 1064 1454 1119 τὸν
1493 1071 1562 1136 η’.
1625 1065 1786 1121 Ἀλλὰ

165 1149 323 1200 πάλιν
357 1145 503 1221 ᾆσαι
538 1149 735 1214 θέλεις
759 1150 1061 1223 ἐπιλήνιον,
1091 1151 1429 1223 εὐχαριστῶν
1457 1151 1537 1222 τῷ
1568 1151 1780 1222 Κυρίῳ,

162 1242 304 1310 ila;
324 1241 502 1295 αὐτὸν
531 1241 716 1297 πάλιν
736 1242 831 1296 τὸν
861 1240 911 1314 η’
940 1243 1036 1297 καὶ
1059 1243 1150 1296 τὸν
1181 1250 1292 1313 πγθ.
1333 1243 1456 1297 Ἐπὶ
1482 1243 1540 1296 δὲ
1564 1242 1622 1313 τί,

2001 1242 2252 1298 eumdem
2291 1242 2324 1297 8
2350 1252 2404 1298 et
2434 1243 2524 1298 85.
2561 1243 2667 1298 Pro
2713 1244 2945 1300 victoria
3001 1245 3068 1302 de
3125 1247 3369 1314 inimico,
3400 1260 3458 1304 et

167 1333 448 1402 ζργῆσθαι
481 1333 588 1387 τὸν
652 1333 855 1405 ἐχθρὸν
892 1335 990 1389 καὶ
1021 1334 1291 1388 σεσῶσθαι
1323 1336 1423 1405 τὴν
1468 1333 1627 1388 κτίσιη

1996 1343 2147 1390 iturae
2196 1335 2542 1402 liberatione,
2618 1351 2687 1391 ne
2735 1337 2790 1391 in
2843 1338 3014 1406 teipso
3049 1339 3316 1409 glorieris,
3357 1343 3456 1396 sed

165 1423 529 1492 κασχὼμενος
593 1425 695 1477 ἐπὶ
731 1424 916 1495 σαυτῷ
945 1463 960 1486 ,
993 1424 1130 1478 ἀλλὰ
1177 1424 1330 1488 εἰδὼς
1367 1424 1457 1478 τὸν
1491 1425 1625 1492 ,Υἱὸι

1995 1443 2083 1482 rus
2143 1427 2247 1483 hoc
2313 1427 2482 1483 fuisse
2553 1428 2874 1498 praeclarum
2918 1428 3128 1484 facinus
3173 1429 3294 1484 Filii
3333 1431 3455 1494 Dei,

165 1513 289 1565 Θεςῦ
318 1512 492 1566 τοῦτο
528 1514 996 1585 κατορθώσαντα,
1029 1514 1151 1583 λέγε
1183 1515 1276 1569 τὸν
1317 1518 1397 1579 εἰς
1435 1517 1597 1570 αὑτὸν

1999 1529 2048 1573 la
2083 1519 2459 1588 supradictum
2493 1520 2764 1588 psalmum
2813 1535 3043 1574 nonum.
3090 1518 3220 1575 Etsi
3254 1530 3304 1576 te
3328 1524 3459 1592 quis

163 1603 317 1668 me»
350 1601 401 1654 θ’
456 1603 719 1674 ψαλμον.
780 1605 892 1658 Καὶ
933 1605 1031 1659 ἐὰν
1063 1604 1183 1659 λίαν
1237 1606 1298 1658 σέ
1347 1623 1431 1669 τις
1482 1607 1623 1678 ταρά

2001 1626 2028 1664 ιι
2059 1610 2387 1665 conturbare
2416 1611 2671 1678 voluerit,
2705 1611 2843 1666 habe
2867 1621 2922 1666 tu
2973 1610 3228 1666 ﬁduciam
3266 1613 3320 1666 in
3349 1613 3461 1668 Do-

161 1693 333 1764 ἰθέλε,
371 1693 470 1763 ἔχε
533 1696 611 1749 σὺ
638 1696 745 1766 τὴν
778 1695 1106 1766 πεποίθησιν
1151 1698 1229 1760 είς
1270 1697 1361 1750 τὸν
1409 1697 1614 1770 Κύριον

1999 1710 2051 1762 o,
2102 1705 2156 1750 et
2183 1697 2354 1766 psalle
2384 1698 2681 1754 decimum.
2721 1697 2860 1752 Cum
2915 1700 3211 1754 multorum
3263 1717 3454 1771 super-

159 1784 323 1851 Φᾶὶλε
345 1787 444 1838 τὸν
481 1792 542 1838 ι’.
595 1787 773 1840 Ὅταν
799 1787 857 1840 δὲ
881 1789 983 1858 τὴν
1013 1788 1123 1840 τῶν
1155 1787 1364 1841 πολλῶν
1391 1789 1619 1860 ὑπερηφχ

1997 1802 2021 1841 n
2067 1787 2271 1843 videris
2329 1789 2843 1860 improbitatemque
2894 1792 3115 1846 modum
3164 1793 3457 1859 excedere,

158 1876 272 1944 ἴδες
299 1877 400 1928 καὶ
422 1876 852 1940 πλεονάζουσαν
875 1878 974 1948 τήν
999 1877 1220 1943 κακίαν,
1254 1877 1396 1930 ὥστε
1433 1878 1598 1948 μηδὲν

1989 1887 2033 1933 ιι
2056 1877 2190 1932 nihil
2214 1891 2463 1935 sanctum
2492 1880 2546 1934 in
2578 1882 2892 1937 hominibus
2943 1883 3266 1952 reperiatur,
3321 1900 3449 1940 con-

159 1967 239 2018 tz'
271 1967 613 2036 ἀνθρώποις
647 1968 939 2036 γενέσθαι,
983 1969 1267 2040 κατάφυγε
1297 1971 1360 2024 σὺ
1409 1971 1502 2023 ἐπὶ
1531 1970 1622 2024 τὸν
1658 1969 1773 2024 Κύ-

162 2077 291 2129 ριον,
323 2061 428 2113 καὶ
455 2061 602 2128 λέγε
641 2062 738 2114 τὸν
769 2067 859 2114 ια’.
920 2060 1372 2131 Ἑγχρονιζούσης
1408 2061 1466 2114 δὲ
1490 2062 1584 2132 τῆς
1619 2062 1770 2132 παρὰ

161 2153 260 2205 τῶν
289 2154 519 2226 ἐχθρῶν
555 2152 894 2224 ἐπιδουλῆς,
939 2153 1014 2224 μὴ
1045 2152 1298 2224 ὀλιγώρει
1341 2152 1417 2216 ὡς
1457 2153 1769 2223 ὲπιλησθεὶς

159 2247 305 2316 παρὰ
329 2246 415 2316 τῷ
444 2245 603 2316 Θεῷ,
631 2245 776 2300 ἀλλὰ
804 2245 1109 2315 παρακάλει
1146 2244 1236 2298 τὸν
1268 2244 1473 2316 Κύριον
1508 2243 1650 2316 ᾅδων
1675 2244 1768 2298 τὸν

161 2337 242 2404 ιβ’.
285 2336 566 2390 Ἐπειδὰν
603 2335 1076 2407 βλασφημούντων
1112 2335 1273 2388 τινῶν
1311 2334 1453 2389 κατὰ
1489 2336 1589 2406 τῆς
1620 2337 1764 2407 Προ-

159 2427 297 2490 νέας
331 2428 622 2498 ἀκούσῃς,
661 2428 741 2500 μὴ
772 2425 1018 2481 κοινώνει
1058 2426 1158 2496 μὲν
1190 2426 1371 2481 αὐτῶν
1415 2428 1481 2496 τῇ
1519 2427 1763 2498 ἀσεϐείᾳ,

160 2517 516 2586 ἐντυγχάνων
543 2517 606 2569 δὲ
633 2517 718 2587 τῷ
751 2516 892 2588 Θεῷ,
916 2516 1039 2585 λέγε
1064 2516 1156 2570 τὸν
1190 2524 1258 2586 ιγ’
1284 2517 1378 2570 καὶ
1397 2515 1494 2586 νβ’.
1524 2518 1633 2570 Καὶ
1653 2516 1765 2571 λοι-

163 2611 251 2661 se»
277 2611 380 2662 ἐὰν
414 2609 599 2682 θέλῃς
644 2607 840 2680 μαθεῖν
871 2610 1052 2673 ὁποῖός
1079 2611 1193 2663 ἐστι
1214 2610 1313 2680 τῆς
1343 2608 1620 2680 βασιλείας
1654 2608 1764 2663 τῶν

161 2700 402 2770 eiecta?»
425 2703 460 2753 ὁ
487 2700 753 2770 πολίτης,
779 2699 947 2770 oms
972 2701 1064 2754 τὸν
1096 2700 1177 2755 ιδ’.

222 2791 312 2856 ιζ’.
361 2793 712 2865 Προσευχῆς
765 2809 847 2845 σοι
879 2793 1039 2864 χρεία
1075 2791 1164 2846 διὰ
1193 2793 1320 2858 τοὺς
1368 2791 1765 2865 ἀνθεστηκότας

165 2902 235 2938 σει
264 2887 365 2940 καὶ
390 2885 774 2958 περιέχοντας
801 2901 894 2938 σου
920 2885 1018 2958 τὴν
1042 2884 1239 2958 ψυχὴν,
1266 2882 1359 2957 ᾆδε
1393 2886 1486 2940 τὸν
1526 2891 1623 2950 ις’,
1668 2885 1764 2939 καὶ

1873 1967 1998 2038 fuge
2044 1977 2100 2023 tu
2133 1970 2200 2024 ad
2247 1969 2561 2038 Dominum,
2600 1982 2653 2027 et
2691 1973 2779 2028 dic
2819 1974 3188 2029 undecimum.
3239 1975 3441 2042 Quodsi

1871 2056 2147 2114 diuturna:
2180 2059 2291 2115 sint
2322 2060 2669 2117 inimicorum
2713 2063 2945 2129 insidiae,
2971 2080 3039 2119 ne
3084 2068 3269 2121 animo
3317 2067 3454 2122 dell-

1871 2148 2013 2212 cias,
2048 2150 2207 2219 quasi
2226 2149 2489 2208 Dominus
2528 2153 2598 2209 sit
2631 2155 2706 2209 tui
2737 2155 2960 2221 oblitus,
2990 2160 3095 2212 sed
3128 2158 3321 2214 invoca
3343 2158 3449 2213 Do-

1871 2237 2102 2303 minum,
2169 2254 2372 2295 canens
2414 2242 2686 2297 decimum
2721 2247 3045 2300 secundum.
3080 2247 3216 2302 Cum
3265 2261 3450 2304 autem.

1873 2329 2138 2399 quosdam
2185 2332 2423 2387 audieris
2475 2334 2915 2403 blasphemantes
2965 2338 3226 2394 adversus
3254 2338 3444 2394 Provi-

1869 2421 2132 2488 dentiam,
2173 2423 2284 2477 noli
2325 2439 2513 2479 eorum
2566 2425 2830 2496 impietati
2869 2429 3313 2496 communicare;
3347 2432 3446 2485 sed

1872 2512 2103 2569 Domino
2130 2517 2462 2585 supplicans,
2503 2518 2672 2573 recita
2696 2519 2764 2574 i3
2789 2528 2843 2574 et
2874 2521 2964 2575 52.
3014 2520 3219 2587 Quodsi
3254 2530 3444 2592 postea

1866 2605 2110 2660 ediscere
2136 2607 2315 2677 cupis.
2345 2608 2652 2678 qualisnam
2701 2609 2772 2666 sit
2800 2611 2933 2666 civis
2952 2613 3116 2684 segni
3153 2614 3441 2679 caelorum,

1865 2697 2034 2766 psalle
2066 2698 2152 2751 ιιι.

1868 2831 1901 2844 ..
1939 2787 2026 2843 17.
2067 2787 2328 2845 Oratione
2369 2805 2507 2862 opus
2559 2802 2643 2847 est
2680 2793 2776 2849 tibi
2823 2805 3046 2864 propter
3095 2795 3441 2852 adversarios

1866 2886 2009 2946 tuos,
2045 2889 2099 2936 et
2138 2896 2270 2947 eos,
2307 2882 2402 2953 qui
2433 2883 2773 2940 circumdant
2819 2887 3056 2941 animam
3090 2895 3240 2942 tuam
3265 2929 3280 2953 ,
3307 2905 3446 2944 caue

161 2979 239 3029 ehi
267 2984 375 3042 πε’,
408 2977 521 3030 καὶ
552 2977 656 3030 τὸν
685 2975 797 3040 πζν,
834 2977 928 3030 καὶ
961 2976 1051 3030 τὸν
1086 2983 1196 3048 ρμ’.
1248 2976 1409 3030 Ἀλλὰ
1452 2977 1621 3041 θέλεις

2014 2971 2116 3038 85,
2151 2971 2222 3027 87
2251 2980 2306 3027 et
2334 2972 2457 3027 140.
2489 2973 2561 3028 At
2601 2974 2685 3030 vis
2735 2976 2878 3031 scire
2922 2979 3196 3047 quomodo
3226 2978 3444 3050 Moyses

162 3067 285 3132 δεῖν,
327 3067 454 3130 πῶς
494 3065 756 3135 Μωῦσῆς
779 3064 1144 3136 προσηύξατο,
1176 3065 1320 3136 ἔχεις
1339 3065 1430 3120 τὸν
1467 3066 1576 3120 πθ¹.
1621 3064 1760 3118 Ἀλλ’

159 3158 359 3228 im;
385 3157 512 3211 ἀπὸ
533 3157 656 3212 τῶν
687 3156 898 3232 ἐχθρῶν
931 3173 1045 3220 σου,
1073 3157 1167 3210 καὶ
1211 3155 1485 3229 ὲῤῥύσθης
1516 3157 1624 3209 ἀπὸ
1651 3155 1760 3209 τῶν

157 3248 459 3303 humanm-3
490 3265 581 3313 σε,
612 3243 710 3320 ᾇδε
749 3248 845 3301 καὶ
878 3248 942 3301 σὺ
968 3248 1059 3301 τὸν
1092 3247 1155 3312 ιζ’
1179 3246 1412 3319 ψαλμόν.
1446 3247 1760 3318 Θαυμάζεις

159 3341 244 3408 τὴν
270 3339 372 3409 τῆς
393 3339 655 3401 κτίσεως
681 3336 858 3407 τάξιν,
893 3336 986 3390 καὶ
1035 3337 1133 3409 τὴν
1160 3339 1240 3400 είς
1270 3335 1440 3408 αὐτὴν
1462 3337 1578 3407 ,τῆς
1615 3337 1759 3408 Προ-

159 3432 288 3495 vix;
327 3432 537 3501 χάριν,
578 3427 682 3482 τοῦ
731 3445 792 3480 τε
834 3427 1002 3498 νόμου
1047 3428 1114 3482 τὰ
1158 3427 1280 3499 ἱερὰ
1335 3427 1756 3499 προστάγματα,

332 3527 434 3576 τὴν
467 3529 544 3592 ιη’
573 3522 675 3575 καὶ
702 3519 794 3573 τὸν
817 3525 922 3589 κγ’.
954 3518 1314 3590 Θλιὸομένους
1356 3519 1414 3572 δὲ
1453 3518 1618 3591 ὁρῶν,
1650 3536 1758 3572 πα-

159 3615 369 3682 milia
392 3612 666 3676 τούτους,
691 3611 1056 3682 ἐπευχόμενος
1078 3611 1171 3664 καὶ
1199 3611 1372 3680 λέγων
1394 3611 1579 3674 αὐτοῖς
1601 3610 1672 3664 τὰ
1699 3613 1759 3666 ὲν

157 3705 222 3778 τῷ
247 3708 307 3760 ιθν
333 3703 560 3776 ψαλμῷ
597 3705 844 3776 ῥήματα.
895 3703 1059 3774 Ὁρᾷς
1093 3701 1316 3754 σεαυτὸν
1340 3701 1758 3773 ποιμαινόμενω

156 3801 239 3850 u‘t
263 3799 456 3861 adeam}
465 3813 645 3867 μενον
671 3795 825 3866 παρὰ
861 3794 956 3849 τοῦ
973 3795 1200 3866 Κυρίου,
1223 3793 1430 3866 χαίρων
1463 3795 1555 3848 ἐπὶ
1583 3797 1758 3866 τούτῳ

332 3891 432 3944 τὸν
455 3890 578 3960 κβῑ.
606 3891 672 3942 υἱ
703 3887 889 3959 ἐχθροὶ
921 3887 1048 3960 περὶ
1079 3887 1160 3953 σὲ,
1186 3886 1322 3940 ἀλλὰ
1353 3889 1418 3941 σὺ
1448 3887 1548 3958 τὴν
1578 3887 1756 3960 ψυχὴν

157 3981 386 4050 ἐπαίρων
423 3980 581 4050 πρὸς
611 3976 783 4039 Θεὸν,
830 3975 956 4045 λέγε
983 3976 1072 4030 τὸν
1107 3976 1207 4039 κδ’,
1253 3976 1348 4028 καὶ
1383 3975 1502 4046 ὄψει
1533 3976 1757 4040 τούτους

156 4069 617 4138 ἁμαρτάνοντας
648 4064 954 4132 διακενῆς.
1020 4067 1400 4136 Ἐπιμένουσιν
1457 4069 1505 4120 οἱ
1549 4069 1753 4140 ἐχθροὶ,

158 4160 288 4213 οἰδὲν
313 4163 522 4231 ἕτερον
554 4160 589 4227 ἦ
624 4157 725 4221 τὰς
750 4161 941 4229 χεῖρας
975 4156 1188 4227 ἔχοντες
1217 4159 1464 4229 αἱμάτων
1504 4159 1751 4231 πλήρεις,

159 4254 236 4302 καὶ
266 4249 584 4324 ζητοῦντες
612 4245 837 4298 ὲλκῦσαί
874 4265 933 4299 σε
963 4247 1057 4300 καὶ
1089 4247 1350 4301 ἀπολέσαι
1370 4287 1384 4313 ,
1416 4248 1489 4319 μὴ
1519 4247 1623 4318 δῷς
1661 4250 1755 4302 ἁν-

1864 3062 2122 3127 oraverit,
2149 3063 2320 3120 habes
2354 3065 2749 3135 octogesimum
2790 3083 3016 3122 nonum.
3051 3067 3336 3125 Liberatus
3376 3086 3438 3125 es

1861 3153 1930 3208 ab
1964 3153 2201 3210 inimicis
2253 3155 2366 3212 tuis
2413 3165 2470 3211 et
2510 3167 2758 3214 servatus
2794 3173 2824 3212 α
2868 3160 3321 3230 persequentibus
3351 3171 3438 3227 te,

1860 3257 1997 3298 cane
2041 3253 2096 3298 et
2128 3253 2185 3298 tu
2226 3245 2501 3301 decimum
2544 3249 2834 3318 septimum
2880 3250 3174 3320 psalmum.
3223 3251 3438 3306 Miraris

1859 3342 2067 3390 natura:
2095 3335 2338 3391 ordinem
2377 3345 2433 3392 et
2461 3337 2821 3396 Providentiae
2849 3343 3078 3413 gratiam
3108 3343 3164 3398 in
3194 3343 3284 3398 illa
3304 3386 3320 3410 ,
3351 3345 3432 3398 ιε-

1857 3425 2049 3495 gisque
2083 3442 2237 3482 sacra
2260 3440 2548 3499 praecepta,
2574 3433 2742 3500 psalle
2778 3433 2845 3487 18
2867 3441 2920 3488 et
2946 3433 3036 3488 25.
3072 3433 3208 3490 Cum
3234 3436 3439 3490 videris

1860 3515 2108 3583 afﬂictos,
2143 3520 2428 3574 consolare
2468 3521 2590 3576 illos
2620 3523 2756 3577 bene
2779 3525 3073 3594 precando,
3105 3541 3169 3580 ac
3207 3526 3435 3582 dicendo

1860 3607 1965 3664 illis
1994 3609 2156 3664 verba
2191 3611 2388 3666 decimi
2427 3612 2556 3667 noni
2597 3613 2815 3683 psalmi.
2852 3613 3012 3670 Vides
3047 3623 3099 3670 te
3128 3631 3158 3670 a
3201 3615 3439 3675 Domino

1858 3700 2008 3768 pasci
2057 3715 2120 3755 ac
2148 3701 2330 3771 dirigi,
2361 3703 2466 3757 hac
2500 3703 2555 3756 in
2581 3717 2638 3758 re
2671 3706 2911 3773 gaudens
2940 3706 3108 3775 psalle
3135 3706 3226 3761 22.
3271 3705 3432 3759 Inva-

1857 3790 1994 3846 dunt
2019 3799 2070 3845 te
2104 3792 2312 3847 inimici
2343 3793 2445 3860 tui,
2473 3803 2528 3848 at
2561 3803 2616 3848 tu
2641 3794 2878 3849 animam
2904 3797 3118 3866 erigens
3147 3797 3215 3851 ad
3249 3796 3435 3851 Domi-

1857 3895 1986 3933 num
2015 3880 2102 3935 dic
2140 3881 2231 3946 24,
2269 3890 2323 3936 et
2363 3882 2572 3938 videbis
2623 3885 2798 3954 inique
2838 3896 3046 3956 agentes
3092 3902 3428 3956 supervacue.

1855 3969 2185 4040 Exspectant
2209 3971 2452 4039 inimici,
2481 3974 2617 4028 nihil
2647 3975 2910 4030 habentes
2941 3975 3086 4032 aliud
3115 3993 3278 4048 quam
3309 3993 3430 4055 ma-

1857 4075 1961 4114 nus
1987 4061 2253 4131 sanguine
2298 4061 2514 4130 plenas,
2562 4078 2627 4117 ac
2672 4071 2982 4130 quaerentes
3023 4071 3077 4116 te
3122 4078 3318 4117 vexare
3365 4078 3432 4117 ac

1854 4150 2098 4220 perdere,
2130 4167 2197 4205 ne
2217 4152 2431 4207 deferas
2460 4154 2668 4207 homini
2690 4154 2978 4222 judicium,
3004 4164 3255 4223 suspecta
3282 4153 3426 4208 enim

1856 4250 1986 4297 sunt
2027 4244 2209 4312 omnia
2241 4244 2518 4311 humana;
2552 4246 2646 4300 sed
2676 4245 2842 4300 Deum
2869 4246 3105 4313 judicem
3141 4245 3428 4314 postulans

157 4341 343 4412 θρὼπῳ
369 4342 439 4394 τὸ
463 4342 655 4410 κρῖμα
683 4337 922 4407 (ὕποπτα
949 4340 1056 4410 γὰρ
1077 4339 1255 4392 πάντα
1285 4339 1354 4392 τὰ
1381 4337 1617 4410 ἁνθρώπι

1967 4349 2029 4387 us
2073 4334 2216 4387 enim
2247 4334 2337 4388 ille
2373 4335 2564 4404 judex)
2587 4375 2600 4399 ,
2638 4336 2727 4388 dic
2770 4335 2875 4397 25,
2903 4335 3009 4397 34,
3033 4334 3122 4387 42.
3163 4334 3221 4388 Si
3247 4335 3427 4389 acrius

313 4435 411 4487 τὸν
446 4431 597 4484 Θεὸν
637 4430 807 4496 ἀξιῶν
859 4431 1052 4502 κριτὴν
1097 4429 1350 4499 γενέσθαι
1391 4429 1594 4500 (μόνος
1641 4429 1750 4501 γὰρ

157 4529 301 4590 αἰετὸς
334 4523 624 4593 δίκαιος),
653 4522 781 4592 λέγε
809 4523 878 4576 τὰ
910 4525 968 4576 ὲν
999 4522 1078 4594 τῷ
1127 4529 1205 4576 κε’
1228 4561 1242 4586 ,
1275 4521 1368 4575 καὶ
1397 4522 1487 4576 τὸν
1534 4521 1628 4585 λδ’,
1656 4523 1751 4575 καὶ

155 4619 231 4670 τὸν
254 4617 367 4688 μεθ’.
413 4615 554 4670 Ἐὰν
589 4615 651 4668 δὲ
679 4615 775 4667 καὶ
793 4613 1126 4685 τραχύτερον
1157 4613 1475 4678 ὲπίθωνται,
1498 4614 1592 4666 καὶ
1620 4613 1753 4684 πλῆ-

159 4705 235 4770 θες
253 4710 328 4771 ὡς
357 4705 724 4778 παρεμϐολαὶ
753 4704 1016 4773 γένωνται
1038 4706 1085 4756 οἱ
1112 4703 1316 4774 ἐχθροὶ,
1349 4703 1750 4774 καταφρονούν-

155 4813 232 4859 te;
273 4798 354 4861 ὡς
417 4797 598 4867 μήπω
634 4810 727 4848 σου
761 4793 1095 4864 χρισθέντος,
1129 4793 1225 4845 καὶ
1269 4793 1358 4846 διὰ
1396 4792 1555 4845 τοῦτο
1589 4793 1748 4846 πολε-

155 4891 267 4957 μεῖν
294 4887 592 4950 ἐθέλοντες
608 4901 622 4913 ·
656 4886 730 4956 μὴ
753 4885 984 4956 πτήξῃς,
1014 4883 1127 4937 ἀλλ’
1154 4879 1247 4955 ᾇδε
1276 4883 1368 4938 τὸν
1399 4890 1490 4948 κς¹
1513 4883 1744 4955 ψαλμόν.

164 4979 379 5049 Ἐπειδὴ
423 4978 489 5032 δὲ
522 4975 761 5047 ἀσθενής
818 4977 966 5029 ἐστιν
1020 4975 1246 5048 ἡφύσις
1271 4976 1381 5029 τῶν
1421 4974 1743 5047 ἀνθρώπων,

153 5071 239 5124 ἐὰν
265 5071 436 5124 πάλιν
483 5069 919 5139 ἀναισχυντῶσιν
958 5071 1008 5121 οἱ
1045 5067 1514 5134 ἐπιϐουλεύοντες,
1552 5069 1638 5123 ἴνα
1669 5069 1745 5141 μὴ

154 5163 283 5232 ’.πρὸς
311 5161 568 5224 ἐκείνους
597 5159 731 5230 ἔχῃς
750 5159 848 5230 τὴν
881 5159 1097 5231 σχολὴν,
1127 5158 1297 5231 κράζε
1320 5159 1456 5232 πρὸς
1476 5160 1567 5214 τὸν
1590 5159 1742 5224 Θεὸν,

353 5254 426 5305 τὰ
453 5253 513 5304 ἐν
542 5251 623 5321 τῷ
652 5250 755 5315 κζ’.
798 5252 910 5304 Καὶ
946 5250 1042 5304 ἐὰν
1074 5251 1234 5322 θέλῃς
1262 5251 1601 5322 εὐχαριστῶν
1637 5267 1742 5321 ματ

158 5342 260 5395 θεῖν
316 5343 440 5406 πῶς
494 5342 581 5395 δεῖ
610 5341 944 5412 προσφέρειν
981 5341 1060 5411 τῷ
1108 5343 1320 5413 Κυρίῳ,
1351 5331 1557 5413 νοητῶς
1608 5341 1744 5400 νοῶν

345 5434 444 5487 τὸν
476 5439 587 5504 κη’.
614 5434 721 5486 Καὶ
750 5431 938 5485 λοιπὸν
985 5431 1306 5497 ὲγκαινίζων
1350 5433 1438 5485 τὸν
1473 5427 1617 5484 οἶκόν
1651 5449 1740 5485 σου

157 5525 252 5592 τήν
276 5540 339 5575 τε
369 5523 555 5595 ψυχὴν
576 5524 676 5595 τὴν
703 5523 798 5575 τὸν
821 5521 1026 5592 Κύριον
1050 5521 1452 5594 ὑποδεχομένην
1477 5561 1490 5583 ,
1527 5522 1620 5574 καὶ
1652 5523 1742 5576 τὸν

161 5617 470 5682 σωματικὸν
497 5611 668 5680 οἷκον,
697 5617 758 5668 ἐν
781 5607 824 5682 ᾧ
858 5612 1186 5684 σωματικῶς
1232 5615 1505 5682 κατοικεῖς
1524 5651 1538 5673 ,
1577 5613 1740 5682 εύχαο

1855 4423 2060 4479 instent
2104 4433 2159 4479 et
2210 4441 2322 4495 pra:
2363 4424 2709 4479 multitudine
2737 4426 2892 4494 quasi
2929 4426 3202 4480 exercitus
3225 4423 3427 4481 fuerint

1853 4515 2080 4579 inimici,
2114 4526 2168 4571 te
2197 4526 2454 4585 tanquam
2490 4516 2731 4571 nondum
2768 4527 2988 4573 unctum
3035 4519 3423 4588 despicientes,

1853 4611 2086 4678 ideoque
2119 4625 2433 4680 oppugnare
2473 4610 2672 4677 velint;
2711 4628 2780 4666 ne
2823 4610 3116 4679 formides,
3164 4612 3256 4668 sed
3291 4627 3424 4667 cane

1851 4702 2174 4757 vicesimum
2231 4710 2447 4757 sextum
2482 4703 2776 4772 psalmum.
2825 4703 2895 4756 At
2939 4704 3195 4772 quoniam
3249 4703 3423 4758 imbe-

1850 4794 1972 4849 cilla
2002 4803 2086 4849 est
2122 4794 2406 4848 hominum
2451 4802 2644 4848 natura
2669 4833 2686 4860 ,
2723 4794 2768 4850 si
2792 4793 3134 4863 impudenter
3168 4793 3424 4848 insistant

1851 4884 2229 4950 insidiatores,
2285 4900 2352 4938 ne
2389 4885 2634 4940 attendas
2682 4884 2817 4955 ipsis
2842 4925 2858 4951 ,
2891 4884 2986 4938 sed
3029 4885 3096 4938 ad
3130 4883 3422 4939 Dominum

1849 4977 2044 5041 clama,
2065 4977 2253 5032 dicens
2281 4977 2445 5032 verba
2476 4975 2717 5031 vicesimi
2747 4975 2982 5045 septimi.
3011 4973 3163 5040 Quod
3206 4974 3253 5030 si
3299 4991 3422 5046 gra-

1847 5066 1952 5124 tias
1979 5066 2186 5136 agendo
2213 5067 2456 5120 ediscere
2482 5066 2637 5132 velis,
2659 5064 2936 5136 quomodo
2965 5072 3208 5133 oporteat
3231 5064 3421 5119 offerre

1849 5154 2112 5220 Domino,
2139 5155 2494 5224 spiritualiter
2533 5155 2837 5225 intelligens
2881 5153 3052 5223 psalle
3101 5153 3425 5207 vicesimum

1845 5257 2120 5304 octavum.
2153 5245 2220 5300 Et
2263 5247 2482 5301 demum
2522 5263 2647 5300 cum
2697 5245 2919 5299 domum
2967 5257 3113 5299 tuam
3161 5243 3418 5307 dedicas,

1846 5337 1951 5392 hoc
1980 5346 2064 5392 est
2094 5337 2334 5392 animam
2369 5346 2539 5401 tuam,
2570 5351 2690 5405 quae
2719 5334 3010 5390 Dominum
3040 5335 3278 5405 excipit,
3309 5333 3418 5386 imo

1845 5424 2160 5482 sensibilem
2211 5426 2431 5482 domum
2455 5467 2470 5491 ,
2524 5424 2578 5478 in
2614 5439 2720 5494 qua
2768 5425 3124 5494 corporaliter
3164 5423 3375 5478 habitas
3400 5462 3415 5485 ,

1844 5518 2048 5586 gratias
2078 5533 2196 5588 age,
2231 5529 2282 5574 et
2307 5519 2391 5590 dic
2425 5517 2740 5583 vicesimum
2767 5532 2993 5584 nonum,
3017 5526 3069 5572 et
3095 5530 3156 5572 ex
3186 5513 3411 5585 gradua-

1845 5610 1993 5669 libus
2024 5609 2144 5664 £26.

166 5705 348 5769 ιίστιι,
385 5706 480 5758 καὶ
512 5705 636 5775 λέγε
679 5707 771 5759 τόν
797 5722 858 5758 τε
886 5703 965 5757 κθ⁹
1013 5708 1104 5760 καὶ
1136 5706 1224 5759 τὸν
1267 5707 1324 5759 ἐν
1365 5707 1474 5769 τοῖς
1504 5707 1833 5781 ἀναϐαθμοῖς
1869 5711 2012 5780 ρκς’.
