3698 6268
304 255 371 312 31
1141 254 1199 310 S.
1244 251 1621 310 ATHANASII
1659 251 1809 310 OPP.
1852 250 1857 303 l

2034 279 2038 300 ›
2076 252 2159 307 lll.
2199 283 2269 293 —
2307 250 2718 307 EXEGETICA.
3483 260 3551 315 52

380 375 468 431 18.
507 376 644 433 Cum
668 384 850 432 autem
875 382 925 430 te
946 374 1015 430 ab
1037 373 1292 430 omnibus
1346 375 1538 431 amicis
1562 383 1616 430 et
1633 376 1857 445 cognati:

2053 370 2144 442 ιη’.
2181 372 2349 425 Ὅταν
2375 370 2433 424 δὲ
2466 369 2662 424 σαυτὸν
2697 368 2784 422 διὰ
2821 368 2920 437 τὴν
2945 366 3202 440 ἀλήθειαν
3227 369 3553 441 μισούμενον,

313 476 533 538 propter
576 466 857 523 veritatem
893 464 1019 519 odio
1047 463 1234 519 haberi
1263 465 1624 536 perspexeris,
1657 480 1726 519 ne
1757 464 1876 533 ejus

313 558 384 612 rei
419 572 586 614 causa
625 558 869 613 animum
897 555 1260 626 despondeas,
1305 570 1478 625 neque
1502 564 1681 620 notos,
1707 556 1799 625 qui
1825 566 1877 610 te

312 657 651 715 aversantur,
685 646 1033 714 reformides,
1065 647 1157 702 sed
1184 646 1254 700 ab
1283 646 1391 701 illis
1426 656 1479 700 te
1508 660 1797 716 segregans
1822 655 1877 701 et

311 741 493 794 futura
553 740 885 809 respiciens,
936 738 1109 809 psalle
1162 737 1513 793 tricesimum.
1567 736 1875 806 Baptitatos

309 842 491 886 autem
537 842 591 888 et
617 849 647 887 a
675 832 1019 903 corruptibili
1045 831 1391 903 generatione
1418 828 1724 898 redemptos
1749 844 1872 883 eum

310 922 543 988 videris,
576 921 669 975 Dri
701 922 1047 976 clementiam
1095 918 1413 984 admirans,
1469 932 1605 973 cane
1657 917 1871 972 illorum

309 1015 482 1083 gratia
534 1015 871 1069 tricesimum
924 1013 1179 1084 primum.
1237 1009 1466 1078 Quando
1513 1026 1635 1067 cum
1689 1009 1873 1064 multis

308 1104 537 1173 psallere
586 1105 853 1168 volueris,
874 1103 1054 1173 justus
1114 1102 1262 1158 viros
1323 1110 1378 1158 et
1424 1103 1590 1172 probe
1630 1101 1871 1155 viventes

309 1209 648 1266 congregans
673 1234 687 1258 ,
719 1194 885 1263 psalle
922 1193 1259 1248 tricesimum
1289 1192 1609 1248 secundum.
1645 1191 1785 1246 Cum
1818 1192 1870 1245 in

310 1285 493 1340 hostes
522 1285 794 1348 incideris,
828 1292 883 1338 et
919 1284 1212 1353 prudenter
1248 1284 1370 1340 illos
1402 1283 1682 1354 eﬁ‘ugeris,
1710 1289 1883 1352 atque-

307 1376 665 1433 dmlinaveris
718 1375 787 1428 ab
842 1390 1031 1429 eorum
1086 1373 1333 1440 insidiis;
1382 1374 1426 1428 si
1480 1373 1612 1428 retis
1669 1374 1872 1443 gratias

308 1482 497 1535 agere,
529 1466 671 1520 virus
710 1474 1022 1519 mansuetos
1052 1478 1391 1533 congregans
1415 1504 1429 1528 ,
1470 1463 1637 1532 psalle
1659 1480 1781 1518 cum
1805 1464 1873 1519 iis

307 1557 642 1610 tricesimum
688 1557 926 1609 tertium.
964 1557 1032 1610 Et
1075 1556 1120 1609 si
1154 1554 1354 1609 videris
1393 1554 1706 1623 iniquorum
1741 1571 1869 1625 erga

307 1648 571 1701 malitiam
603 1647 872 1713 studium,
909 1662 976 1701 ne
1025 1646 1305 1701 existimes
1333 1645 1595 1699 malitiam
1643 1646 1695 1698 in
1736 1645 1870 1716 ipsis

1983 464 2431 535 καὶδιωκόμενον
2461 462 2611 533 παρὰ
2639 460 2855 515 πάντων
2883 460 2993 515 τῶν
3015 477 3077 513 τε
3109 461 3279 531 φίλων
3309 462 3400 515 καὶ
3428 480 3547 530 συγ-

1980 553 2152 623 γενῶν
2178 554 2403 626 βλέπῃς,
2439 553 2513 625 μὴ
2540 553 2749 615 τούτοις
2774 551 2911 622 μηδέ
2933 551 3113 622 σαυτῷ
3139 552 3417 607 κατανοῶν
3435 553 3543 607 ὀλι-

1981 647 2256 719 γωρήσῃς,
2282 645 2425 717 μηδ’,
2459 645 2529 698 ἂν
2555 645 2684 707 τοὺς
2719 644 3027 714 γνωρίμους
3076 643 3193 715 ἴδῃς
3218 644 3549 715 ἀποστρεφο-

1984 734 2181 805 μένους
2202 751 2285 800 σε,
2310 735 2540 807 πτήξῃς,
2564 733 2680 788 ἀλλ’
2701 734 2899 797 ἐκστὰς
2927 734 3034 787 ἀπὸ
3059 733 3283 800 τούτων,
3311 735 3403 788 καὶ
3426 752 3551 790 axo-

1982 826 2100 880 πῶν
2129 826 2196 879 τὰ
2222 825 2505 895 μέλλοντα,
2539 826 2706 895 eam
2733 826 2825 879 τὸν
2857 826 2921 879 λ’.
2951 826 3088 889 Τοὺς
3115 825 3174 879 δὲ
3220 826 3548 896 βαπτιζομέ-

1979 930 2104 979 νους
2154 915 2251 969 καὶ
2277 915 2675 987 λυτρουμένους
2732 915 2841 969 ἀπὸ
2868 915 2967 984 τῆς
2998 914 3244 987 φθαρτῆς
3283 915 3547 982 γενέσεως

1981 1006 2213 1076 βλέπων,
2242 1010 2338 1060 καὶ
2365 1006 2655 1078 θαυμάζων
2677 1008 2775 1079 τὴν
2818 1006 2912 1060 τοῦ
2945 1006 3080 1060 Θεοῦ
3118 1006 3546 1077 φιλανθρωπίαν,

1978 1095 2072 1171 ᾆδε
2092 1101 2172 1162 είς
2200 1099 2443 1163 ἐκείνους
2472 1099 2562 1152 τὸν
2594 1097 2696 1152 λα’.
2737 1099 2848 1151 Καὶ
2872 1100 2999 1151 ὅταν
3032 1096 3131 1168 μὲν
3155 1096 3377 1167 ψάλλειν
3412 1099 3551 1169 μετὰ

1980 1191 2188 1245 πολλῶν
2218 1189 2430 1264 ἐθέλῃς,
2461 1191 2586 1254 τοὺς
2607 1189 2847 1252 δικαίους
2878 1189 3074 1261 ἄνδρας
3098 1192 3193 1243 καὶ
3218 1191 3343 1254 τοὺς
3357 1189 3551 1261 ὀρθοὺς

1977 1280 2057 1353 τῷ
2074 1280 2176 1352 βίῳ
2203 1280 2522 1349 συναγαγὼν
2546 1320 2561 1343 ,
2600 1280 2727 1348 λέγε
2757 1281 2852 1334 καὶ
2885 1280 2950 1332 σὺ
2979 1281 3070 1333 τὸν
3103 1280 3204 1353 λβ’.
3263 1280 3551 1350 Ἐμπεσὼν

1976 1369 2033 1426 δὲ
2082 1373 2164 1433 εἰς
2196 1371 2322 1435 τοὺς
2355 1370 2615 1441 ἐχθροὺς,
2650 1370 2745 1423 καὶ
2790 1368 2971 1438 σοφῶς
3024 1369 3221 1434 αὐτοὺς
3249 1366 3549 1438 διαφυγὼν,

1978 1460 2074 1514 καὶ
2099 1461 2355 1524 ἐκκλίνας
2376 1460 2485 1513 ἀπὸ
2510 1460 2611 1529 τῆς
2640 1459 2929 1530 ἐπιϐουλῆς
2955 1459 3156 1524 αὐτῶν,
3187 1461 3236 1511 εί
3269 1458 3444 1522 Θέλεις
3464 1459 3553 1510 εύ-

1977 1557 2321 1628 χαριστῆσαι.
2351 1553 2692 1623 συγκαλέσας
2717 1553 2841 1615 τούς
2870 1555 3064 1623 πραεῖς
3095 1550 3314 1621 ἄνδρας,
3344 1551 3434 1603 ἐπ’
3458 1552 3555 1604 αὑ-

1975 1645 2083 1699 τῶν
2110 1646 2278 1716 eme
2308 1645 2399 1699 τὸν
2425 1644 2525 1713 λγ’.
2550 1642 2662 1697 Καὶ
2690 1642 2786 1695 ἐὰν
2816 1642 2930 1713 ἴδῃς
2958 1642 3065 1695 τῶν
3088 1640 3552 1712 παρανομούντων

306 1738 605 1792 naturalem
638 1752 759 1792 esse
783 1776 798 1802 ,
830 1744 889 1790 ut
919 1736 1157 1791 haeretici
1191 1735 1379 1801 aiunt,
1412 1735 1506 1790 sed
1532 1735 1621 1790 die
1658 1736 1857 1791 tricesi-

2034 1757 2070 1812 ιν
2096 1741 2187 1792 ἐπὶ
2211 1739 2272 1792 τὸ
2298 1737 2464 1793 κακὸν
2500 1735 2830 1806 φιλονεικίαν
2860 1773 2875 1798 ,
2913 1735 2988 1805 μὴ
3042 1733 3228 1804 νόμιζε
3277 1736 3336 1787 ἐν
3365 1733 3553 1795 αὐτοῖς

304 1845 451 1882 mum
480 1831 751 1899 quintum,
795 1829 1110 1899 videbisque
1151 1828 1297 1898 ipsos
1330 1827 1432 1882 sibi
1469 1828 1729 1898 peccandi
1768 1844 1872 1882 au-

304 1930 479 1976 ctores
501 1936 641 1977 esse.
663 1920 719 1975 Si
744 1922 1023 1990 improbos
1040 1921 1244 1976 Videris
1273 1921 1439 1975 multa
1468 1922 1651 1991 inique
1679 1936 1872 1990 perpe-

304 2021 468 2077 trare,
493 2021 653 2081 atque
677 2013 968 2067 adversum
998 2012 1223 2081 pusillos
1248 2012 1526 2082 insurgere
1546 2054 1560 2078 ,
1597 2020 1652 2065 et
1679 2012 1869 2066 volue-

306 2101 384 2155 ris
428 2101 641 2170 aliquos
697 2101 990 2157 admonere
1040 2116 1109 2155 ne
1156 2101 1288 2170 ipsis
1342 2102 1657 2165 attendant,
1696 2116 1872 2171 neque

303 2192 627 2246 azmulentur
658 2191 804 2258 illos,
841 2192 969 2263 quia
992 2192 1142 2247 brevi
1182 2193 1425 2247 futurum
1472 2203 1555 2247 est
1589 2202 1649 2246 ut
1673 2194 1872 2248 exstin-

304 2295 564 2356 guantur,
605 2296 712 2341 tam
750 2286 847 2343 tibi
900 2287 1005 2357 ipsi
1054 2301 1217 2358 quam
1260 2287 1388 2343 aliis“
1419 2286 1505 2343 die
1538 2289 1871 2345 tricesimum

301 2387 536 2432 διιχιιιιιι.

370 2595 456 2651 l9.
496 2596 635 2651 Cum
672 2611 836 2666 porro
887 2598 984 2654 tibi
1029 2599 1306 2655 attendere
1358 2601 1648 2670 statueris,
1702 2602 1749 2659 si
1795 2603 1869 2658 ir-

298 2691 544 2736 ruentem
578 2683 783 2738 videris
807 2684 1019 2740 hostem
1053 2704 1067 2739 :
1103 2702 1227 2740 nam
1260 2688 1522 2746 adversus
1554 2690 1867 2760 huiusmodi

295 2774 548 2830 homines
579 2776 759 2832 acrius
786 2776 876 2832 ille
910 2778 1146 2850 insurgit
1174 2799 1186 2835 :
1222 2789 1378 2852 teque
1400 2783 1642 2839 volueris
1677 2784 1868 2840 adver-

296 2881 394 2921 sus
428 2866 580 2920 illum
617 2867 889 2933 excitare,
926 2868 1016 2925 die
1047 2869 1381 2927 tricesimum
1430 2882 1682 2928 Octavum
1723 2874 1868 2944 psal-

293 2974 468 3014 mum.
520 2958 576 3013 Si
629 2960 966 3017 irruentibus
1013 2963 1251 3021 inimieis
1296 2981 1568 3021 erumnas
1596 2966 1864 3039 patiaris,

1976 1831 2116 1885 κατὰ
2151 1830 2311 1899 φύσιν
2359 1830 2456 1901 τὴν
2490 1827 2687 1882 κακίαν
2714 1823 2878 1891 εἶναι,
2914 1823 3002 1879 οἶα
3038 1825 3286 1894 λέγουσιν
3318 1826 3370 1877 oi
3401 1826 3554 1895 αίρε-

1972 1921 2115 1975 τικοί
2136 1939 2149 1952 ·
2196 1920 2331 1974 ἀλλὰ
2385 1919 2507 1988 λέγε
2534 1918 2626 1973 τὸν
2670 1918 2766 1981 λε’,
2800 1917 2895 1972 καὶ
2943 1916 3086 1986 ὄψει,
3133 1917 3216 1969 ὅτι
3268 1915 3424 1969 αὐτοὶ
3455 1912 3550 1968 τοῦ

1973 2013 2307 2085 ἁμαρτάνειν
2335 2011 2470 2065 εἰσὶν
2503 2010 2687 2065 αἴτιοι.
2730 2010 2854 2064 Ἐὰν
2909 2010 2967 2065 δέ
3002 2008 3169 2063 πολλὰ
3207 2008 3554 2079 πράττοντας

1973 2104 2147 2174 ἄνομα
2175 2102 2300 2166 τοὺς
2335 2103 2600 2175 πονηροὺς
2628 2102 2849 2173 βλέπῃς,
2894 2102 2987 2156 καὶ
3014 2100 3410 2172 ἐπαιρομένους
3456 2101 3552 2154 αὑ-

1971 2194 2097 2257 τοὺς
2124 2193 2267 2248 κατὰ
2286 2193 2394 2247 τῶν
2425 2193 2656 2265 μικρῶν,
2688 2195 2784 2253 καὶ
2818 2193 2978 2266 θέλῃς
3010 2195 3296 2264 παραινεῖν
3323 2209 3439 2245 τισι
3473 2192 3549 2263 μὴ

1973 2284 2258 2356 προσέχειν
2292 2283 2522 2349 τούτοις,
2549 2285 2680 2355 μηδὲ
2711 2283 3061 2355 παραξηλοῦν
3091 2283 3308 2347 αὐτοὺς,
3357 2282 3453 2336 διὰ
3488 2282 3553 2335 τὸ

1971 2372 2178 2443 ταχέως
2206 2373 2401 2435 αὐτοὺς
2442 2373 2905 2438 ἀποσϐέννυσθαι,
2934 2373 3059 2441 λέγε
3089 2372 3183 2425 καὶ
3224 2371 3411 2443 σαυτῷ
3454 2371 3555 2426 καὶ⁵

1968 2469 2082 2529 τοῖς
2107 2464 2312 2535 ἑτέροις
2334 2464 2427 2518 τὸν
2455 2464 2564 2529 λς’.

2046 2597 2133 2652 ιϐ’.
2176 2596 2334 2651 Ἀλλὰ
2357 2596 2420 2666 δὴ
2438 2595 2637 2661 καὶσὺ,
2666 2595 3000 2667 προθέμενος
3030 2593 3316 2666 προσέχειν
3338 2592 3546 2665 σαυτῷ,

1969 2689 2064 2744 ἐὰν
2092 2688 2296 2761 βλέπῃς
2342 2687 2719 2758 ἐπιτιθέμενον
2750 2688 2840 2739 τὸν
2868 2686 3058 2758 ἐχθρὸν
3085 2685 3239 2758 (τότε
3265 2685 3373 2757 γὰρ
3404 2684 3547 2755 μᾶλ-

1967 2776 2056 2831 λον
2084 2776 2428 2848 ἐπεγείρεται
2452 2776 2592 2829 κατὰ
2618 2774 2726 2829 τῶν
2753 2774 3067 2846 τοιούτων),
3108 2775 3198 2828 καὶ
3222 2774 3385 2846 θέλῃς
3444 2776 3547 2827 ἐπ-

1968 2868 2208 2939 αλείφειν
2243 2867 2435 2921 σαυτὸν
2464 2868 2586 2921 κατ’
2611 2865 2797 2933 αὑτοῦ,
2825 2862 2919 2939 ᾆδε
2944 2865 3034 2920 τὸν
3060 2866 3140 2936 λη’
3174 2865 3406 2936 ψαλμόν.
3435 2866 3549 2919 Καὶ

1968 2962 2084 3029 ἐὰν,
2104 2961 2213 3015 τῶν
2234 2959 2440 3032 ἐχθρῶν
2470 2958 2883 3030 ἐπιτιθεμένων,
2902 2958 3177 3031 ὐπομένῃς
3192 2958 3291 3023 τὰς
3307 2958 3462 3029 θλίψε
3472 2976 3541 3025 ις,

300 3049 645 3121 volucrisque
669 3051 936 3116 ediscere,
964 3064 1164 3123 quanta
1184 3056 1256 3110 sit
1282 3056 1333 3109 in
1355 3056 1611 3127 patientia
1636 3057 1857 3119 utilitas.

2034 3054 2063 3107 .1
2114 3052 2273 3123 θέλῃς
2333 3050 2522 3123 μαθεῖν
2560 3050 2655 3123 τὴν
2707 3053 2771 3104 ἐκ
2806 3051 2905 3123 τῆς
2940 3052 3215 3123 ὑπομονῆς
3249 3051 3540 3121 ὠφέλειαν,

297 3142 470 3213 psalle
502 3143 837 3198 tricesimum
884 3160 1093 3199 nonum
1142 3148 1434 3217 psalmum.
1484 3148 1620 3214 Cum
1664 3150 1857 3207 multos

2034 3146 2134 3200 ιλλε
2162 3143 2253 3199 τὸν
2300 3144 2377 3198 λθ¹
2413 3144 2647 3215 ψαλμόν.
2676 3144 2896 3198 Βλέπων
2931 3145 2987 3198 δὲ
3031 3144 3259 3208 πολλοὺς
3303 3143 3544 3216 πένητας

299 3233 451 3290 vides
473 3249 741 3304 pauperes
766 3243 821 3288 et
847 3235 1127 3291 mendicos
1148 3277 1163 3303 ,
1189 3248 1456 3308 optasque
1482 3255 1673 3295 eorum
1699 3241 1865 3297 mise-

295 3326 428 3394 reri,
461 3327 666 3397 poteris
698 3327 915 3397 quidem
937 3344 1033 3385 eos
1056 3331 1147 3400 qui
1169 3330 1279 3400 jam
1305 3331 1426 3386 illos
1448 3332 1689 3387 miserati
1716 3341 1865 3401 sunt,

294 3418 539 3486 laudare,
563 3428 898 3490 eaeterosque
926 3422 993 3475 ad
1019 3421 1252 3491 idipsum
1286 3423 1558 3479 cohortari
1585 3466 1603 3492 ,
1633 3426 1864 3484 dicendo

293 3510 561 3580 psalmum
590 3512 1088 3583 quadragesimum.
1120 3512 1323 3569 Deinde
1344 3514 1390 3569 si
1423 3531 1618 3588 magno
1649 3500 1744 3574 Dei
1770 3520 1862 3576 de—

293 3596 494 3657 siderio
512 3600 769 3670 ﬂagrans,
799 3602 1041 3659 audieris
1055 3604 1305 3662 inimicos
1319 3607 1711 3676 exprobrantes
1734 3610 1825 3665 tibi
1843 3652 1861 3676 ,

292 3706 361 3747 ne
392 3692 661 3759 turberis;
688 3693 781 3749 sed
806 3694 1054 3765 cogitans
1087 3695 1451 3754 immortalem
1481 3713 1548 3754 ex
1594 3699 1686 3755 tali
1716 3699 1862 3755 desi-

290 3782 445 3839 derio
474 3782 751 3848 fructum,
787 3792 936 3839 tuam
979 3800 1076 3854 spe
1123 3786 1179 3841 in
1217 3784 1386 3842 Deum
1428 3788 1713 3844 consolare
1741 3789 1859 3843 ani-

289 3890 463 3942 mam,
482 3883 538 3930 et
556 3875 636 3931 sic
659 3876 903 3932 allevans
935 3874 1359 3949 demulcensque
1388 3879 1626 3943 dolores,
1658 3880 1858 3951 quibus

289 3964 381 4019 illa
411 3965 679 4035 premitur
720 3965 776 4020 in
827 3965 931 4021 hae
977 3966 1122 4031 vita,
1154 3966 1243 4023 die
1282 3967 1346 4021 ιι
1395 3968 1683 4038 psalmum.
1716 3968 1854 4024 Cum

286 4055 507 4111 assidue
531 4056 848 4113 meminisse
878 4057 1118 4113 volueris
1152 4058 1541 4113 beneﬁciorum
1574 4058 1708 4127 Dei,
1734 4075 1857 4131 qua:

286 4147 530 4216 patribus
554 4148 751 4203 collata
782 4158 931 4215 sunt,
967 4160 1022 4203 et
1052 4148 1228 4205 exitus
1259 4164 1328 4204 ex
1350 4147 1585 4221 Egyth
1603 4190 1617 4215 ,
1643 4165 1857 4206 necnon

286 4240 736 4296 commorationis
763 4241 817 4295 in
844 4241 1159 4304 solitudine.
1182 4252 1238 4297 et
1265 4259 1428 4312 quam
1449 4243 1658 4300 scilicet
1678 4244 1857 4301 bonus

287 4333 359 4389 sit
389 4332 553 4400 Deus,
589 4348 752 4404 quam
780 4342 961 4389 autem
986 4333 1182 4404 ingrati
1219 4333 1470 4390 homines
1506 4335 1650 4400 sint,
1686 4335 1855 4392 habes

1966 3238 2059 3292 καὶ
2096 3236 2365 3307 πτωχοὺς,
2408 3236 2502 3288 καὶ
2535 3234 2706 3298 θέλεις
2737 3234 3003 3289 ἐλεεῖσθαι
3039 3237 3265 3300 αὐτοὺς,
3312 3236 3541 3291 δύνασαι

1962 3330 2086 3393 τοὺς
2108 3328 2206 3399 μὲν
2236 3328 2335 3400 ἤδη
2361 3326 2686 3398 ἐλεήσαντας
2707 3326 3086 3398 ἀποδέχεσθαι,
3116 3330 3242 3393 τοὺς
3261 3329 3317 3382 δέ
3343 3330 3543 3395 ἄλλους

1963 3422 2043 3485 είς
2074 3421 2134 3474 τὸ
2159 3408 2331 3475 ποιεῖν
2357 3419 2780 3493 προτρέπεσθαι,
2805 3422 2860 3473 ἐν
2884 3419 2961 3491 τῷ
2981 3420 3155 3489 λέγειν
3183 3421 3272 3475 τὸν
3303 3428 3376 3491 μ’.
3403 3418 3542 3475 Εἶτα

1962 3514 2079 3577 ἐὰν,
2118 3514 2259 3568 πάνυ
2284 3511 2375 3566 τὸν
2402 3513 2565 3567 πόθον
2596 3512 2734 3584 ἔχων
2762 3515 2843 3577 είς
2867 3514 2957 3567 τὸν
2983 3513 3134 3574 Θεὸν,
3171 3513 3410 3583 ἀκούσῃς
3428 3514 3542 3567 τῶν

1962 3604 2169 3677 ἐχθρῶν
2194 3604 2581 3671 ὀνειδιζόντων,
2618 3606 2692 3678 μὴ
2714 3606 2984 3679 ταράσσον
3008 3623 3020 3635 ·
3049 3605 3186 3659 ἀλλὰ
3218 3609 3417 3669 συνιεὶς
3446 3607 3539 3659 τὸν

1960 3699 2026 3753 ἐκ
2058 3698 2149 3752 τοῦ
2182 3698 2421 3754 τοιούτου
2468 3698 2632 3753 πόθου
2658 3698 2921 3753 ἀθάνατον
2950 3698 3181 3771 καρπὸν,
3227 3699 3538 3771 παρακάλει

1960 3789 2158 3843 σαυτοῦ
2188 3790 2284 3862 τὴν
2316 3790 2494 3862 ψυχὴν
2525 3792 2589 3861 τῇ
2618 3792 2697 3855 εἰς
2721 3790 2853 3845 Θεὸν
2883 3789 3081 3854 ἐλπίδι,
3102 3790 3391 3863 καὶταύτῃ
3420 3791 3540 3843 ἐπι-

1958 3881 2233 3951 κουφίζων
2268 3882 2363 3936 καὶ
2394 3881 2798 3955 καταπραῢνων
2855 3880 2956 3946 τὰς
2999 3882 3057 3935 ἐν
3103 3882 3181 3954 τῷ
3212 3881 3311 3953 βίῳ
3354 3880 3538 3946 λύπας

1958 3975 2148 4044 αὐτῆς,
2188 3973 2315 4044 λέγε
2348 3973 2441 4027 τὸν
2476 3981 2564 4045 μα’
2594 3972 2825 4045 ψαλμόν.
2862 3974 3107 4045 Συνεχῶς
3136 3973 3190 4026 δέ
3222 3974 3538 4046 ἀναμιμνή-

1960 4063 2183 4118 σκεσθαι
2211 4063 2380 4117 θέλων
2406 4062 2506 4128 τὰς
2532 4063 2851 4137 εὐεργεσίας
2878 4064 2973 4118 τοῦ
3004 4064 3138 4119 Θεοῦ
3185 4064 3284 4129 τὰς
3304 4066 3539 4136 γενομέ-

1955 4173 2053 4219 νας
2078 4157 2157 4220 είς
2179 4156 2306 4220 τοὺς
2334 4155 2597 4227 πατέρας,
2622 4157 2716 4209 καὶ
2743 4173 2872 4229 περι
2902 4157 3001 4227 τῆς
3030 4157 3207 4222 ἐξόδου
3236 4158 3335 4227 τῆς
3360 4158 3532 4226 Αίγύ-

1956 4262 2092 4298 πτου
2112 4244 2206 4299 καὶ
2237 4246 2335 4317 τῆς
2379 4248 2438 4300 ἐν
2475 4247 2541 4316 τῇ
2567 4246 2758 4319 ἐρήμῳ
2784 4246 3056 4320 διαγωγῆς
3075 4290 3090 4315 ,
3136 4248 3252 4313 πῶς
3280 4266 3339 4301 τε
3367 4249 3395 4301 ό
3427 4247 3535 4319 μὲν

1956 4333 2087 4397 Θεὸς
2113 4334 2331 4403 ἀγαθὸς,
2361 4336 2408 4388 οί
2425 4334 2480 4388 δέ
2501 4334 2774 4407 ἄνθρωποι
2800 4337 3103 4409 ἀχάριστοι,
3132 4338 3274 4409 ἔχεις
3299 4340 3389 4392 τὸν
3412 4346 3532 4408 μγ¹,

286 4425 377 4489 45,
419 4424 507 4491 77,
546 4424 637 4489 88,
692 4426 817 4491 104,
874 4426 998 4491 105,
1047 4424 1314 4491 l06,ll3.
1363 4426 1499 4482 Cum
1556 4435 1735 4481 autem
1784 4427 1853 4483 ad

2034 4424 2164 4479 ίτδν
2190 4424 2285 4491 oC',
2315 4426 2408 4480 καὶ
2453 4433 2563 4499 πη’,
2597 4427 2692 4480 καὶ⁸
2735 4427 2827 4482 τδν
2861 4429 2935 4499 ρδ⁹
2959 4469 2974 4495 ,
3013 4430 3105 4482 καὶ
3137 4430 3230 4483 τὸν
3271 4437 3342 4503 ρε’
3363 4471 3379 4497 ,
3430 4435 3532 4487 καὶ

287 4515 458 4572 Deum
500 4516 840 4588 eonfugeris,
886 4519 1148 4574 liberatus
1191 4518 1261 4573 ab
1298 4517 1557 4574 aerumnis
1595 4532 1718 4588 quae
1755 4518 1853 4573 tibi

285 4606 631 4667 acciderunt,
678 4606 725 4661 si
770 4607 1011 4661 volueris
1054 4605 1168 4662 Deo
1211 4607 1412 4678 gratias
1460 4620 1640 4676 agere,
1689 4614 1853 4674 atque

283 4714 540 4754 enarrare
558 4698 680 4768 ejus
713 4713 840 4770 erga
864 4709 918 4754 te
945 4699 1314 4765 clementiam,
1346 4699 1515 4753 habes
1549 4701 1852 4770 quadrage-

284 4792 482 4846 simum
513 4792 785 4863 quintum.

350 4925 441 4979 20.
480 4923 584 4980 Sed
616 4935 876 4993 peccasti,
907 4933 960 4979 et
987 4924 1191 4994 pudore
1220 4923 1445 4980 affectus
1471 4928 1845 4995 paenitentiam

281 5014 394 5082 agis
417 5022 471 5068 et
497 5013 926 5068 misericordiam
952 5013 1186 5084 ﬂagitas,
1219 5013 1388 5069 habes
1411 5014 1774 5071 confessionis
1794 5025 1849 5070 et

284 5103 611 5172 pesnitentize
650 5102 814 5158 verba
849 5103 902 5157 in
936 5103 1146 5173 psalmo
1187 5103 1656 5175 quinquagesimo.
1688 5104 1844 5172 Quod

279 5195 324 5251 si
362 5194 503 5267 apud
548 5209 723 5266 regem
763 5196 1008 5265 iniquum
1041 5193 1368 5252 calumniam
1402 5210 1598 5266 passus
1636 5211 1727 5263 es,
1762 5197 1845 5251 vi-

275 5293 481 5359 desque
511 5289 744 5358 superbe
777 5288 1129 5344 insultantem
1154 5288 1624 5355 calumniatorem,
1652 5291 1843 5345 secede

277 5386 331 5432 tu
352 5418 368 5444 ,
399 5387 452 5433 et
473 5376 563 5433 dic
594 5394 655 5434 ea
687 5394 809 5449 qua:
837 5378 891 5433 in
928 5379 991 5433 iit
1017 5379 1306 5434 habentur.
1336 5376 1402 5432 Et
1431 5394 1553 5434 cum
1589 5388 1639 5433 te
1673 5380 1847 5447 aliqui

276 5479 693 5537 persequuntur,
730 5478 786 5525 et
828 5469 1235 5525 calumniantur
1261 5479 1349 5536 te,
1390 5472 1533 5525 velut
1562 5469 1762 5540 Ziphazi
1788 5481 1845 5525 et

273 5562 530 5632 allophyli
584 5562 840 5621 Davidem
868 5607 883 5634 ,
923 5581 991 5622 ne
1038 5575 1270 5623 mmstus
1314 5566 1431 5630 sis,
1474 5568 1566 5623 sed
1610 5567 1840 5621 Domino

278 5653 556 5710 conlidens
605 5672 838 5728 cumque
882 5658 1107 5715 laudans
1158 5658 1324 5716 rrtita
1365 5660 1433 5715 53
1476 5668 1527 5717 et
1571 5660 1658 5715 55.
1686 5658 1847 5724 Quod

1955 4503 2066 4587 ρςῖ,
2102 4515 2199 4570 καὶ
2235 4522 2359 4587 ριγ’.
2393 4516 2739 4587 Καταφυγὼν
2761 4518 2819 4571 δέ
2848 4519 2982 4591 πρὸς
3005 4519 3094 4571 τὸν
3121 4517 3254 4572 Θεὸν
3286 4521 3378 4573 καὶ
3402 4519 3528 4577 δια-

1954 4608 2147 4672 σωθεὶς
2169 4609 2275 4663 ἀπὸ
2302 4609 2409 4662 τῶν
2446 4612 2571 4682 περὶ
2606 4610 2665 4663 σὲ
2696 4610 3002 4680 γενομένων
3027 4609 3281 4679 θλίψεων,
3316 4611 3411 4666 ἐὰν
3444 4613 3532 4667 θέ-

1950 4698 2049 4773 λῃς
2079 4701 2469 4773 εύχαριστῆσαι
2500 4701 2580 4773 τῷ
2609 4700 2748 4773 Θεῷ,
2803 4702 2897 4755 καὶ
2920 4702 3281 4774 διηγήσασθαι
3310 4703 3410 4775 τὴν
3443 4707 3533 4771 είς

1953 4791 2009 4845 σέ
2037 4793 2332 4864 γενομένην
2359 4791 2786 4865 φιλανθρωπίαν,
2817 4792 2960 4863 ἔχεις
2983 4793 3074 4847 τὸν
3102 4800 3204 4865 με’.

2022 4925 2090 4981 κ’.
2136 4928 2275 4981 Ἀλλ’
2306 4928 2550 5000 ἥμαρτες
2570 4965 2587 4992 ,
2639 4927 2733 4981 καὶ
2772 4929 3060 5001 ἐντραπείς
3092 4931 3528 5002 μεταγινώσκεις

1949 5020 2042 5072 καὶ
2080 5017 2363 5091 ἐλεηθῆναι
2382 5019 2569 5099 ἀξιοῖς,
2603 5019 2750 5091 ἔχεις
2776 5022 2902 5085 τοὺς
2934 5022 3037 5093 τῆς
3078 5021 3525 5094 ἐξομολογήσεως

1948 5109 2040 5162 καὶ
2075 5110 2361 5178 μετανοίας
2393 5110 2583 5179 λόγους
2616 5113 2674 5164 ἐν
2703 5111 2780 5183 τῷ
2809 5118 2871 5167 ν’.
2907 5112 2971 5166 El
2998 5112 3054 5166 δὲ
3096 5114 3191 5167 καὶ
3226 5113 3523 5185 διεϐλήθης

1947 5196 2169 5270 πονηρῷ
2200 5197 2429 5267 βασιλεῖ,
2460 5200 2552 5254 καὶ
2578 5200 2713 5272 ὁρᾷς
2736 5201 2827 5254 τὸν
2866 5202 3110 5258 διάϐολον
3153 5200 3523 5272 κατακαυχὼ-

1947 5307 2129 5360 μενον,
2159 5288 2449 5361 ἀναχώρει,
2483 5291 2574 5344 καὶ
2600 5291 2724 5361 λέγε
2760 5293 2854 5347 καὶ
2880 5293 2945 5347 σὺ
2972 5292 3040 5347 τὰ
3068 5294 3129 5346 ἐν
3155 5291 3231 5366 τῷ
3250 5292 3350 5347 να’.
3400 5292 3520 5347 Καὶ

1943 5385 2032 5437 ὅτε
2064 5383 2163 5454 μὲν
2192 5382 2383 5457 διώκῃ,
2406 5383 2501 5440 καὶ
2530 5384 2873 5440 διαϐάλλουσι
2910 5401 3055 5450 τινες
3087 5383 3418 5457 παραδοῦναί
3451 5401 3516 5439 σε

1944 5474 2208 5539 θέλοντες,
2237 5475 2313 5538 ὡς
2339 5476 2389 5529 οἱ
2411 5478 2624 5547 Ζιφαῖοι
2665 5478 2759 5532 καὶ
2781 5478 2830 5531 oi
2870 5478 3154 5549 ἀλλόφυλοι
3197 5478 3291 5533 τὸν
3322 5477 3515 5541 Δαϐὶδ,

1947 5566 2021 5637 μὴ
2043 5566 2361 5640 ἀκηδιάσῃς,
2397 5567 2534 5621 ἀλλὰ
2569 5568 2785 5639 θαρρῶν
2818 5569 2895 5640 τῷ
2922 5570 3144 5641 Κυρίῳ,
3190 5570 3282 5626 καὶ
3324 5570 3516 5641 ὑμνῶν

1941 5658 2122 5721 αὐτὸν,
2159 5659 2282 5729 λέγε
2324 5660 2389 5714 τὰ
2423 5661 2488 5713 ἐν
2507 5660 2584 5731 τῷ
2611 5667 2689 5731 νγ¹
2731 5663 2824 5716 καὶ
2867 5669 2959 5718 γε’.
3003 5663 3128 5719 Ἐὰν
3163 5662 3220 5717 δέ
3258 5662 3349 5717 καὶ
3375 5678 3514 5714 συν·-
