3698 6268
151 286 208 345 τι,
1262 270 1608 328 EPISTOLA
1643 273 1712 328 Al

1862 273 2309 334 .uceumuu.‘
2743 319 2749 325 .
3337 288 3406 348 ει

150 398 304 471 δράμῃ
325 397 355 449 6
372 393 635 460 διώκων,
648 366 749 446 ’καὶ
771 390 849 464 μὴ
864 389 1151 460 γινώσκων
1173 389 1391 464 εἰσέλθῃ
1415 393 1495 456 εἰς
1517 391 1577 446 τδ
1600 393 1710 465 σπή

1862 393 1887 449 li
1934 396 2151 466 ingruat
2180 397 2489 466 persecutio
2511 439 2525 463 ,
2557 405 2614 454 et
2651 399 2967 471 imprudens
3000 417 3316 475 persecutor
3352 400 3407 461 ii.

150 493 275 544 ὶαιον
306 490 365 540 ἐν
392 480 442 554 ᾧ
474 487 587 539 καὶ
620 486 683 539 σὺ
703 483 945 557 κρύπτῃ,
973 483 1099 554 μηδ’
1119 481 1292 547 οὕτως
1320 482 1562 555 πτήξῃς·
1591 484 1736 556 ἔχεις

153 581 239 648 γὲρ
261 576 387 638 τοὺς
412 576 477 626 ἐν
509 572 753 644 τοιαύτῃ
780 572 997 643 ἀνάγκῃ
1019 571 1304 644 χρησμοὺς
1342 573 1425 639 είς
1456 574 1736 646 παράκλη-

157 689 221 724 σιν
242 669 331 722 καὶ
354 666 795 738 στηλογραφίας
820 665 1034 734 λόγους,
1057 665 1185 730 τοὺς
1204 666 1264 719 ὲν
1278 665 1357 737 τῷ
1381 672 1468 733 νς¹
1498 668 1593 720 καὶ
1610 664 1737 730 τοὺς

156 767 199 817 ἒν
222 763 291 832 τῷ
317 766 473 831 ρμέ.
533 758 675 812 Ἐἀν
702 758 760 811 δὲ
794 759 890 811 καὶ
916 758 1258 829 φυλαχθῆναι
1300 758 1399 830 τὴν
1442 758 1620 813 οἰκίαν
1646 775 1737 812 κε-

155 853 289 923 ὶεὲσῃ
306 853 335 903 ὁ
360 846 781 912 ἐπιδουλεύων,
809 847 905 902 καὶ
930 846 1216 918 διαφύγῃς,
1240 846 1483 900 ἀνατίθει
1509 846 1587 917 τῷ
1620 849 1736 902 Κυ-

158 942 343 1017 ρξῳτὴν
376 941 581 1010 χάριν,
621 938 707 1001 ὡς
733 941 791 992 ἐν
819 939 1044 1009 στήλαις
1090 939 1319 1010 γράφων
1373 938 1543 1011 αὐτὴν
1580 941 1644 1007 ἐν
1664 942 1732 1011 τῇ

153 1037 288 1104 φῇ,
322 1031 704 1103 μνημόσυνον
733 1024 901 1084 οὖσαν
943 1027 1040 1083 τοῦ
1068 1028 1141 1101 μὴ
1180 1028 1503 1113 διεφθάρθαι
1536 1046 1615 1097 σε,
1642 1032 1736 1084 καὶ

154 1126 249 1193 λέγι
268 1123 332 1176 τὰ
360 1125 421 1175 ἐν
445 1120 541 1191 τῷ
576 1127 667 1191 νη¹
685 1120 908 1192 ψαλμῷ.
940 1120 1070 1173 Ἐὰν
1096 1120 1151 1173 δὲ
1172 1120 1265 1174 καὶ
1290 1120 1590 1186 ὀνειδίζωσι
1616 1121 1732 1175 θλί-

155 1218 306 1279 ϐοντες
332 1216 381 1266 οἱ
438 1212 674 1284 ἐχθροὶ,
728 1213 823 1264 καὶ
867 1210 1235 1282 φλυαροῦντες
1289 1211 1650 1267 διαϐάλλωσιν
1682 1216 1732 1267 oi

152 1306 398 1369 ἔασῦντες
427 1299 590 1358 εἶναι
612 1303 788 1373 φίλοι,
828 1304 925 1356 καὶ
956 1302 1202 1376 λυπηθῇς
1231 1305 1289 1359 ἐν
1333 1306 1401 1376 τῇ
1448 1305 1734 1379 ἀδολεσχίᾳ

156 1420 226 1454 ιω
253 1400 383 1471 πρὸς
408 1399 636 1468 ὀλίγον,
666 1398 808 1453 ἀλλὰ
836 1398 1060 1452 δύνασαι
1093 1397 1521 1471 παρακαλεῖσθαι
1546 1400 1733 1471 ὑμνῶν

157 1495 305 1545 καὶσὺ
336 1493 433 1545 τὸν
480 1492 662 1556 Θεὸν,
702 1492 800 1546 καί
849 1490 1025 1561 λέγων
1067 1492 1136 1546 τὰ
1167 1494 1226 1546 ἐν
1257 1490 1335 1564 τῷ
1382 1492 1455 1546 νδ¹
1493 1493 1725 1565 ῥήματα.

158 1584 239 1636 Isi
260 1583 390 1654 πρὸς
417 1582 532 1653 μὲν
554 1582 1038 1654 ὑποκρινομένους
1067 1584 1161 1637 xal.
1200 1585 1258 1636 ἐν
1285 1582 1567 1656 προσώπῳ
1598 1601 1731 1638 καυ-

155 1676 394 1745 χωμένους
433 1675 582 1745 λέγε
619 1675 766 1746 πρὸς
806 1676 1074 1749 ἐντροπὴν
1104 1676 1327 1731 ἐκείνων
1373 1675 1465 1730 τὸν
1487 1674 1563 1741 νζ’
1597 1676 1731 1747 ψαλ-

1840 500 1958 541 eam
1989 487 2302 557 speluncam
2343 488 2543 544 incidat
2563 531 2578 554 ,
2609 490 2663 546 in
2693 507 2802 561 qua
2842 503 2902 549 tu
2936 495 3310 565 absconderis,
3342 513 3409 554 ne

1842 573 2190 645 reformides;
2229 579 2397 635 habes
2421 582 2565 636 enim
2606 590 2661 636 et
2710 584 2763 638 in
2799 584 2890 638 tali
2934 584 3259 642 necessitate
3287 601 3409 658 per-

1843 669 2001 724 utiles
2020 670 2088 724 ad
2117 671 2540 728 consolationem
2557 682 2610 728 et
2633 674 2769 730 tituli
2798 676 3175 747 inscriptionis
3202 690 3409 733 sermo-

1842 775 1938 814 nes
1959 761 2013 813 in
2046 761 2272 831 psalmis
2292 762 2361 816 56
2392 772 2447 817 et
2482 764 2603 818 Hi.
2643 764 2703 819 Si
2753 777 2934 821 autem
2970 767 3196 837 jusserit
3224 783 3410 839 perse—

1841 859 1998 905 cutor
2028 852 2286 907 custodiri
2322 853 2544 908 domum
2593 864 2740 911 tuam
2761 898 2777 925 ,
2803 867 2858 914 et
2903 868 3085 914 tamen
3115 860 3367 930 eﬂugeris
3390 901 3405 926 ,

1841 940 1951 997 Deo
1981 941 2123 997 refer
2155 944 2383 1013 gratiam
2406 985 2420 1010 ,
2455 961 2685 1017 eamque
2713 949 2766 1003 in
2803 950 2984 1005 anima
3026 960 3113 1006 tua
3160 951 3320 1021 quasi
3352 952 3407 1005 in

1840 1034 1999 1103 cippo
2032 1034 2291 1103 inscribe,
2316 1044 2377 1091 ut
2406 1040 2723 1094 memoriale
2748 1040 2818 1095 sit
2846 1050 2955 1097 tuae
2984 1041 3406 1107 incolumitatis,

1838 1132 1892 1177 et
1917 1124 2004 1179 dic
2029 1139 2090 1181 ea
2115 1142 2238 1196 qua:
2265 1136 2395 1183 sunt
2430 1129 2484 1183 in
2513 1129 2602 1185 58.
2641 1130 2697 1184 Si
2724 1141 2901 1186 autem
2932 1134 3261 1204 exprobrent
3284 1134 3403 1197 tibi,

1838 1214 1929 1284 qui
1972 1223 2023 1270 te
2050 1215 2292 1286 amigunt
2336 1218 2547 1274 inimici
2600 1222 2673 1274 tui
2697 1261 2712 1286 ,
2746 1230 2801 1276 et
2839 1222 2929 1293 qui
2960 1223 3210 1280 videntur
3241 1224 3407 1279 amici

1837 1321 1958 1362 esse
1986 1308 2104 1373 tui,
2140 1308 2497 1380 obloquentes
2533 1312 2910 1378 detraxerint,
2952 1323 3007 1368 et
3040 1313 3093 1367 in
3136 1313 3405 1370 exercita-

1836 1396 1985 1451 tione
2015 1404 2104 1452 tua
2128 1397 2197 1452 ad
2223 1399 2501 1454 modicum
2532 1402 2793 1470 temporis
2828 1403 3201 1467 contristeris,
3230 1412 3284 1458 et
3308 1417 3407 1473 po-

1839 1496 1922 1542 trs
1977 1503 2111 1544 sane
2159 1490 2390 1559 teipsum
2448 1492 2720 1547 consolari
2772 1494 2989 1565 hymnis
3044 1492 3215 1549 Deum
3264 1495 3406 1551 cele-

1836 1579 2045 1634 brando
2090 1596 2155 1636 ac
2199 1582 2480 1637 recitando
2502 1584 2783 1654 psalmum
2812 1585 2903 1640 54.
2933 1584 2981 1638 Α
3002 1588 3207 1641 lversus
3237 1587 3407 1658 hypo‘

1835 1671 2004 1726 critas
2051 1679 2106 1725 et
2146 1672 2200 1726 in
2241 1672 2381 1728 facie
2417 1673 2746 1744 gloriantes,
2786 1676 2873 1730 die
2906 1678 2974 1731 ad
3026 1677 3402 1733 confusionem

156 1771 260 1835 μέν·
289 1767 422 1839 πρὸς
454 1767 520 1819 δὲ
554 1769 701 1831 τοὺς
738 1766 1028 1840 ὁρμῶντας
1055 1770 1263 1839 ἀγρίως
1301 1768 1442 1823 κατά
1469 1767 1586 1837 σοῦ,
1637 1771 1712 1823 κα¹

1865 1776 2020 1816 orum
2053 1763 2323 1832 psalmum
2374 1765 2464 1821 57.
2487 1765 2767 1823 Adversus
2804 1782 2898 1823 eos
2928 1778 3109 1823 autem
3141 1770 3233 1839 qui
3268 1769 3319 1823 in
3354 1781 3405 1824 te

155 1858 364 1920 θέλοντας
393 1858 609 1912 λαϐεῖν
644 1874 742 1909 σου
774 1857 873 1928 τὴν
892 1857 1092 1929 ψυχὴν,
1124 1858 1339 1922 ἀντίθες
1365 1860 1430 1913 σὺ
1470 1859 1568 1931 τὴν
1594 1859 1730 1931 πρὸς

154 1949 219 2002 silv
239 1948 359 2001 Θεὸν
385 1965 487 2000 σου
508 1946 835 2017 ὑποταγὴν,
877 1948 971 2000 καὶ
996 1946 1210 2020 θάρρει.
1247 1948 1397 2019 Ὅσῳ
1428 1946 1537 2020 γὰρ
1589 1951 1730 2002 iter-

154 2057 210 2091 ια
239 2041 528 2109 μαίνονται
554 2083 573 2107 ,
644 2041 889 2111 τοσούτῳ
923 2040 1125 2104 μᾶλλον
1174 2041 1483 2095 ὑποτάσσου
1538 2045 1602 2097 σὺ
1652 2042 1729 2114 τῷ

156 2129 320 2202 Κυρίῳ,
349 2131 445 2183 καὶ
476 2131 630 2200 λέγε
666 2130 737 2183 τὰ
756 2133 815 2183 ἐν
846 2128 924 2200 τῷ
955 2129 1055 2196 ξω.
1110 2129 1222 2183 Καὶ
1255 2130 1352 2185 ἐὰν
1394 2131 1495 2202 μὲν
1538 2132 1729 2186 διωκό-

157 2239 279 2288 μςνις
297 2224 374 2285 εἰς
404 2223 678 2293 ἐρημίαν
701 2219 968 2293 ἀπέλθῃς.
1003 2221 1076 2293 μὴ
1106 2219 1349 2295 φοϐηθῇς
1374 2222 1450 2286 ὡς
1471 2223 1630 2293 μόνος
1653 2224 1728 2278 ὣν

156 2315 256 2376 ἐκεῖ,
281 2312 417 2383 ἔχων
458 2314 524 2366 δὲ
577 2313 683 2365 τὴν
723 2312 857 2366 Θεὸν
889 2314 1009 2365 ἐκεῖ
1050 2315 1145 2367 καὶ
1178 2313 1326 2385 ,πρὸς
1358 2316 1519 2368 αὑτὸν
1551 2318 1729 2390 ὀρθρί-

157 2406 234 2467 (es
264 2406 426 2473 ψάλλε
466 2406 577 2457 τὸν
611 2402 716 2473 ξβ’.
757 2403 1163 2473 Ἐκφοϐούντων
1190 2404 1248 2459 δέ
1267 2406 1375 2459 τῶν
1404 2406 1614 2479 ἐχθρῶν
1632 2411 1726 2463 καὶ

157 2495 210 2566 μὴ
231 2498 563 2568 παυομένων
598 2496 701 2549 τοῦ
734 2496 1068 2567 ἐνεδρεύειν,
1096 2496 1230 2551 ἀλλὰ
1277 2498 1370 2551 καὶ
1400 2499 1724 2570 ἐξερευνών-

152 2606 232 2641 των
263 2593 361 2643 πᾶν
395 2590 561 2645 κατὰ
630 2589 749 2652 σοῦ,
790 2588 895 2642 κᾶν
930 2588 1130 2658 πλῆθος
1174 2584 1299 2654 ὦσι,
1336 2590 1410 2663 μὴ
1451 2593 1721 2667 ὑπενδῷςο

156 2679 249 2752 βέλη
273 2682 376 2752 γὰρ
400 2681 646 2750 νηπίων
673 2680 887 2733 ἔσονται
920 2678 1126 2733 τούτων
1149 2680 1205 2735 αἱ
1239 2682 1466 2753 πληγαὶ,
1498 2682 1725 2752 ψάλλον-

155 2773 313 2835 sigma
342 2774 437 2826 τὸν
469 2772 593 2841 ἔτ’,
626 2772 725 2825 καὶ
752 2771 842 2824 τὸν
876 2770 968 2838 ξδ’,
1002 2773 1094 2826 καὶ
1118 2770 1214 2837 ξθ’,
1252 2775 1346 2827 καὶ
1375 2781 1439 2827 o'.

203 2976 287 3022 ια’.
316 2970 428 3024 Καὶ
459 2969 617 3023 ὅταν
645 2967 747 3038 μὲν
779 2967 1017 3039 ὑμνῆσαι
1044 2966 1209 3049 βούλῃ
1236 2967 1328 3022 τὸν
1353 2966 1560 3039 Κύριον
1580 3008 1593 3033 ,
1626 2963 1720 3041 ᾆδε

1832 1855 2091 1909 atrociter
2117 1855 2333 1910 irruunt
2354 1866 2407 1911 et
2445 1874 2638 1928 capere
2664 1860 2851 1914 volunt
2877 1860 3115 1914 animam
3147 1869 3317 1925 tuam,
3346 1871 3403 1915 tu

1831 1958 2074 2014 opponas
2120 1946 2229 2002 illis
2270 1954 2422 2002 tuam
2470 1965 2596 2019 erga
2641 1949 2809 2005 Deum
2857 1952 3305 2021 obsequentiam,
3350 1962 3405 2007 et

1829 2035 2041 2090 conlide
2073 2054 2088 2090 :
2116 2045 2320 2106 quanto
2351 2038 2493 2092 enim
2528 2039 2605 2095 illi
2648 2042 3022 2097 vehementius
3056 2043 3357 2098 institerint
3385 2083 3401 2105 ,

1830 2131 1982 2180 tanto
2012 2128 2187 2197 magis
2218 2137 2269 2183 te
2311 2129 2541 2184 Domino
2579 2132 2869 2187 submittas
2893 2173 2908 2195 ,
2934 2141 2986 2187 et
3015 2133 3103 2188 dic
3128 2135 3290 2189 verba
3313 2136 3400 2189 61.

1832 2212 1890 2269 Si
1921 2218 2359 2285 persecutionem
2395 2235 2589 2290 passus
2626 2222 2679 2275 in
2705 2223 3051 2278 solitudinem
3086 2226 3400 2291 recesseris,

1829 2322 1897 2361 ne
1938 2307 2197 2363 formides
2237 2312 2393 2379 quasi
2442 2312 2592 2368 solus
2621 2314 2693 2368 ibi
2737 2313 2935 2384 degas,
2967 2331 3091 2370 cum
3135 2317 3277 2371 adsit
3304 2319 3401 2372 tibi

1827 2395 1989 2464 Deus,
2023 2398 2088 2452 ad
2133 2415 2294 2469 quem
2340 2400 2561 2456 diliculo
2603 2417 2739 2458 cane
2775 2405 3043 2473 psalmum
3071 2406 3161 2460 62.
3202 2406 3259 2459 Si
3294 2415 3402 2462 ter-

1827 2498 1983 2543 reant
2008 2497 2062 2544 te
2085 2491 2314 2555 inimici,
2346 2507 2446 2547 nec
2476 2493 2637 2548 linem
2671 2493 2877 2550 faciant
2901 2495 3223 2552 insidiarum
3245 2536 3262 2563 ,
3290 2497 3403 2551 imo

1826 2581 2113 2636 adversum
2166 2591 2215 2636 te
2251 2585 2438 2638 omnia
2468 2595 2803 2651 scrutentur,
2838 2586 3051 2642 etiamsi
3093 2589 3249 2643 multi
3282 2588 3402 2643 fue-

1825 2673 1969 2736 rint,
2021 2689 2367 2744 nequaquam
2416 2677 2616 2732 cedas:
2650 2693 2772 2731 nam
2806 2679 3014 2750 sagittae
3050 2681 3401 2750 parvulorum

1824 2775 1982 2821 erunt
2023 2767 2193 2836 plaga:
2229 2782 2444 2832 eorum,
2490 2779 2719 2824 canente
2766 2779 2817 2824 te
2857 2772 3096 2840 psalmos
3152 2771 3258 2836 65,
3291 2772 3399 2837 64,

1824 2855 1894 2913 69
1909 2895 1924 2921 ,
1958 2855 2044 2910 70.

1892 2969 1981 3023 2L
2024 2967 2256 3035 Quando
2318 2967 2486 3025 Deum
2564 2971 2842 3028 celebrare
2915 2973 3178 3038 volueris,
3231 2974 3401 3029 recita

156 3058 267 3110 τὰὲν
292 3059 365 3130 τῷ
400 3057 499 3124 ξδ’.
557 3057 695 3110 Ἐὰν
735 3057 793 3110 δέ
839 3057 1148 3127 κατηχῆσαι
1192 3057 1355 3128 θέλῃς
1400 3057 1553 3121 τινὰς
1591 3058 1712 3130 περὶ

1862 3059 2222 3128 exagesimum
2261 3070 2540 3130 quartum.
2568 3059 2623 3115 Si
2651 3061 2867 3133 aliquos
2890 3062 2957 3117 de
2993 3065 3398 3119 resmrectione

158 3151 479 3215 ἀναστάσεως,
515 3145 625 3222 ᾆδε
651 3148 722 3201 ea:
747 3149 805 3201 ἐν
831 3146 911 3218 τῷ
955 3146 1044 3212 ξε’.
1087 3148 1421 3219 Οίκτιρμοὺς
1447 3147 1505 3202 δὲ
1553 3148 1712 3202 αέτῶι

1862 3151 2103 3214 tstituas,
2132 3154 2299 3205 recita
2334 3152 2423 3207 65.
2457 3152 2750 3229 Postulaus
2781 3171 2809 3209 a
2840 3153 3071 3212 Domino
3097 3157 3401 3211 miseratioo

157 3244 267 3311 παρὰ
289 3244 378 3296 τοῦ
408 3242 595 3307 Θεοῦ,
633 3240 796 3312 ὕμνει
839 3240 1023 3304 αὐτὸν,
1069 3241 1288 3310 ψάλλων
1317 3240 1408 3294 τὸν
1449 3241 1555 3307 ξς’.
1595 3243 1724 3295 Ὅτε

156 3333 195 3385 ἃ
218 3334 411 3404 βλέπεις
442 3334 594 3397 τοὺς
628 3332 731 3404 μὲν
749 3331 967 3395 ἀσεϐεῖς
993 3332 1050 3384 ἐν
1080 3332 1273 3403 εἰρήνῃ
1294 3330 1724 3402 εὐθηνουμένους

157 3428 225 3479 καὶ
244 3428 608 3498 καταθυμίως
651 3423 865 3489 ζῶντας
906 3424 1032 3487 τοὺς
1083 3423 1139 3477 δὲ
1189 3423 1430 3487 δικαίους
1476 3423 1722 3495 θλιϐομέ-

160 3519 367 3581 νῖδςλνα
413 3517 499 3589 μὴ
532 3511 945 3583 πανδαλισθῇς
981 3511 1075 3566 καὶ
1112 3511 1565 3584 παρασαλευθῇς,
1598 3512 1720 3583 λέγε

160 3611 227 3660 ni
251 3612 304 3662 σὺ
320 3611 387 3664 τὰ
410 3613 473 3664 ὲν
503 3606 592 3678 τῷ
622 3604 704 3676 οβ’
722 3602 945 3675 ψαλμῷ.
986 3603 1097 3657 Kal.
1124 3604 1253 3657 ὅταν
1294 3603 1392 3674 μὲν
1425 3603 1651 3676 ὀργισθῇ
1693 3606 1722 3658 ὁ

159 3698 255 3765 θεὶς
272 3704 355 3756 ἐπὶ
374 3703 471 3756 τὸν
498 3700 672 3763 λαὸν,
702 3696 848 3768 ἔχεις
880 3698 961 3758 είς
983 3693 1328 3766 παράκλησιν
1360 3696 1489 3767 περὶ
1531 3694 1718 3748 τούτου

157 3789 305 3859 λόγον-ις
348 3792 627 3855 συνετοὺς
661 3789 791 3852 τοὺς
838 3789 895 3840 ἐν
950 3785 1026 3857 τῷ
1063 3792 1140 3855 ογ¹
1165 3801 1179 3816 ·
1216 3787 1305 3840 ὅτε
1344 3786 1402 3840 δὲ
1431 3787 1590 3857 χρεία
1638 3803 1719 3840 σοι

159 3879 569 3956 ᾧμολογήσεὼς
600 3880 747 3942 ἐστι,
782 3875 951 3946 om;
985 3875 1075 3929 τὸν
1118 3875 1183 3940 ϐ’,
1234 3875 1306 3927 οδ’
1359 3876 1452 3929 καὶ
1489 3879 1595 3943 L_a',
1624 3876 1718 3930 καὶ

161 3973 229 4042 με’,
253 3976 337 4028 καί
368 3981 467 4045 ρε’,
501 3972 607 4027 καὶ
642 3976 756 4042 pg‘,
782 3968 876 4022 καὶ
911 3966 1014 4040 ρξ’,
1060 3969 1154 4021 καὶ
1191 3973 1278 4039 ρι’,
1315 3967 1409 4020 καὶ
1441 3965 1575 4039 ριξ’,
1624 3968 1719 4021 καὶ

162 4065 256 4132 ςιὶέ,
276 4068 364 4119 καὶ
386 4066 531 4138 pic.
562 4063 684 4117 Καὶ
705 4060 1026 4131 δυσωπῆσαι
1053 4060 1153 4131 μὲν
1179 4058 1349 4113 θέλων
1376 4058 1442 4112 τὰ
1464 4059 1572 4113 τῶν
1609 4059 1719 4112 Έλ-

160 4155 291 4224 liam
316 4161 408 4212 καὶ
438 4159 519 4212 τὲι
550 4154 668 4208 τῶν
697 4151 1015 4225 αἱρετικῶν,
1048 4152 1130 4204 ὅτι
1156 4150 1232 4222 μὴ
1258 4151 1388 4222 παρ’
1420 4150 1607 4213 αὐτοῖς
1637 4149 1714 4203 ἔνι

162 4245 429 4316 tamn,
463 4247 594 4302 ἀλλ’
650 4247 707 4298 ἐν
765 4243 901 4315 μόνῃ
944 4245 1011 4314 τῇ
1071 4241 1334 4313 καθολικῇ
1401 4241 1713 4313 Ἐκκλησία,

160 4338 338 4395 ἐένασαι
367 4340 518 4395 νοῶν
558 4337 713 4409 ᾇδειν
746 4335 840 4388 καὶ
868 4333 1046 4403 λέγειν
1073 4333 1143 4386 τὰ
1176 4333 1234 4386 ἐν
1264 4331 1343 4402 τῷ
1368 4329 1459 4384 οε’.
1504 4330 1630 4384 Τῶν
1656 4331 1713 4384 δὲ

1825 3256 1956 3303 nes,
1984 3239 2145 3295 lauda
2174 3242 2323 3295 illum
2352 3285 2365 3308 ,
2398 3245 2636 3312 psallens
2668 3244 2756 3299 66.
2788 3246 2924 3299 Cum
2963 3245 3167 3301 videris
3202 3246 3400 3317 impios

1824 3329 1877 3383 in
1910 3346 2040 3399 pace
2072 3347 2335 3402 prospere
2362 3321 2583 3405 agentes
2615 3344 2669 3390 et
2696 3336 2933 3391 libenter
2981 3337 3226 3393 viventes
3249 3378 3264 3403 ,
3304 3337 3399 3408 ju-

1821 3430 1934 3477 stos
1961 3432 2140 3478 autem
2156 3425 2404 3491 amictus,
2434 3443 2501 3481 ne
2523 3427 2931 3493 scaudalizeris,
2954 3444 3128 3499 neque
3155 3444 3401 3484 commo-

1818 3514 2020 3576 vcaris,
2055 3516 2148 3569 sed
2183 3516 2270 3570 dic
2300 3518 2571 3586 psalmum
2599 3517 2685 3572 72.
2710 3517 2846 3573 Cum
2872 3519 3042 3575 iratus
3069 3519 3233 3575 fuerit
3254 3520 3399 3575 Deus

1821 3603 2088 3660 adversus
2129 3608 2431 3676 populum,
2472 3608 2640 3663 habes
2678 3609 2747 3662 ad
2779 3611 3208 3665 consolationem
3251 3612 3397 3666 illius

1819 3695 1979 3750 verba
2004 3698 2303 3767 prudentiae
2321 3698 2373 3751 in
2397 3698 2484 3751 75.
2508 3697 2739 3764 Quando
2762 3700 3105 3756 confessione
3139 3702 3237 3756 tibi
3260 3718 3397 3772 opus

1818 3787 1944 3853 erit,
1969 3788 2139 3858 psalle
2165 3788 2217 3855 9,
2248 3785 2334 3857 74,
2366 3788 2455 3854 91,
2491 3791 2611 3855 104,
2630 3789 2753 3855 105,
2777 3803 2830 3845 et
2848 3792 2972 3860 106,
2990 3800 3043 3847 et
3066 3793 3186 3861 107,
3205 3794 3395 3860 uno,

1818 3886 1871 3933 et
1895 3878 2019 3945 117,
2050 3892 2099 3933 et
2121 3880 2243 3946 P25,
2271 3889 2326 3935 et
2348 3881 2469 3937 137.
2509 3880 2601 3938 Vis
2630 3883 2910 3953 gentilium
2939 3893 2991 3938 et
3018 3884 3395 3940 hmreticorum

1817 3968 2099 4039 opiniones
2120 3970 2475 4039 confundere,
2500 3983 2552 4028 et
2576 3985 3009 4030 commonstrare.
3032 3991 3138 4030 non
3162 3977 3304 4047 apud
3338 3978 3396 4031 il-

1816 4061 1898 4117 los
1917 4077 2037 4118 esse
2062 4061 2157 4118 Dei
2179 4065 2568 4134 cognitionem,
2591 4067 2684 4122 sed
2713 4067 2765 4120 in
2794 4067 2911 4120 sola
2930 4066 3197 4136 Ecclesia,
3217 4078 3390 4138 potes,

1817 4151 2170 4207 considerans
2194 4193 2209 4218 ,
2242 4168 2442 4208 canere
2472 4164 2634 4224 atque
2659 4154 2842 4209 dicere
2865 4170 2988 4224 quae
3022 4156 3076 4210 in
3104 4165 3389 4227 septuage-

1817 4240 1959 4296 simo
1988 4246 2182 4311 quinto
2210 4243 2500 4300 habentur.
2536 4245 2778 4300 Inimicis
2805 4254 2985 4300 autem
3019 4245 3217 4317 effugia
3252 4264 3388 4317 prino

1815 4336 2205 4404 oecupautibus
2231 4350 2294 4390 ae
2325 4345 2375 4391 te
2399 4352 2749 4406 summopere
2775 4336 2989 4401 aﬂlicto,
3027 4336 3152 4391 licet
3173 4347 3388 4407 pertur-

158 4430 322 4502 ἐχθρῶν
344 4425 886 4504 προκαταλαϐόντων
913 4422 1013 4487 τὰς
1044 4422 1343 4492 διεκφυγάς
1364 4463 1384 4489 η,
1430 4421 1527 4476 καὶ
1565 4422 1711 4475 πάνυ

1862 4423 1977 4489 aris,
2018 4440 2085 4479 ne
2115 4425 2361 4479 animum
2402 4425 2780 4495 despondeas,
2813 4427 2907 4480 sed
2951 4440 3086 4480 ora:
3128 4428 3250 4483 etsi
3278 4428 3390 4483 cla-

160 4518 445 4589 θζαεύμενος,
478 4519 589 4573 κᾶν
613 4513 912 4587 ταραχθῇς,
951 4513 1027 4584 μὴ
1056 4511 1386 4583 ἀπελπίσῃς,
1438 4511 1574 4565 ἀλλά
1618 4510 1709 4565 εὔ-

156 4626 248 4677 Ῑω·
287 4616 374 4666 καὶ
423 4611 533 4666 ἐὰν
576 4605 802 4681 κράζων
852 4602 1232 4675 εἰσακουσθῇς,
1286 4603 1599 4674 εὐχαρίστει
1633 4602 1710 4673 τῷ

160 4699 454 4774 Θεῷ,λέγων
486 4702 561 4755 τά
612 4703 670 4752 ἐν
703 4698 783 4768 τῷ
824 4702 930 4761 ος’.
981 4693 1107 4749 Ἐἀν
1152 4695 1211 4748 δὲ
1258 4694 1608 4764 ἐπιμένοντες
1659 4696 1707 4747 οἱ

160 4791 299 4866 ἐχθρὰ
326 4792 720 4853 ἐπεισέλθωσι,
755 4788 851 4842 καὶ
880 4786 1112 4857 μιάνωσι
1137 4784 1225 4838 τὸν
1251 4780 1398 4837 οἷκον
1430 4783 1524 4837 τοῦ
1549 4784 1705 4849 Θεοῦ,

160 4885 321 4950 τούς-ιε
346 4889 546 4957 ἁγίους
576 4880 965 4944 ἀποκτείνωσι,
995 4879 1088 4931 καὶ
1138 4877 1207 4931 τὰ
1256 4876 1485 4948 σώματα
1531 4878 1707 4931 αὐτῶν

160 4979 445 5044 ρἒωσιτοῖς
481 4974 760 5036 πετεινοῖς
785 4970 881 5025 τοῦ
910 4967 1162 5041 οὐρανοῦ,
1216 4967 1304 5022 ἵνα
1344 4967 1418 5039 μὴ
1455 4967 1709 5021 συνελκυ-

159 5069 269 5133 «ea;
288 5067 649 5140 κειται-πήξεις
674 5063 852 5118 αὐτῶν
868 5062 964 5134 τὴν
986 5061 1265 5133 ὠμότητα,
1293 5058 1578 5130 σύμπασχε
1608 5059 1707 5130 μὲν

157 5164 240 5225 τᾶς
266 5166 587 5234 πάσχουσιν,
622 5156 924 5226 ὲντύγχανε
951 5155 1006 5209 δέ
1033 5153 1111 5226 τῷ
1133 5151 1271 5223 Θεῷ,
1304 5150 1480 5221 λέγων
1511 5151 1602 5203 τὸν
1626 5158 1706 5223 οη’

157 5252 344 5326 (ζωμόν-

210 5365 295 5434 κβό
337 5369 429 5422 Ἑν
463 5367 628 5437 ἑορτῇ
657 5361 738 5423 δὲ,
773 5357 944 5412 θέλων
966 5352 1096 5428 ᾄσαι
1126 5355 1203 5426 τῷ
1236 5355 1448 5426 Κυρίῳ,
1502 5371 1705 5423 συγκα-

159 5450 282 5519 λέπας
306 5461 432 5520 τοὺς
458 5455 558 5509 τοῦ
581 5450 720 5506 Θεοῦ
746 5448 990 5511 δούλους,
1024 5445 1193 5515 eam
1219 5444 1290 5497 τὰ
1316 5446 1373 5497 ἐν
1406 5441 1484 5513 τῷ
1514 5449 1566 5495 π’
1610 5444 1704 5496 καὶ

160 5542 234 5605 ιε.
262 5546 373 5598 Τῶν
410 5547 469 5600 δὲ
494 5542 710 5615 ἐχθρῶν
761 5538 925 5593 πάλιν
962 5535 1437 5607 ἐπισυναχθέντων
1484 5533 1702 5587 πάντων

162 5638 472 5707 maleo”,
534 5638 630 5689 καὶ
669 5631 1042 5689 ἀπειλούντων
1089 5628 1230 5682 κατά
1286 5626 1379 5680 τοῦ
1427 5625 1574 5678 οἴκου
1607 5625 1700 5679 τοῦ

163 5721 284 5792 Θεοῦ,
308 5706 572 5795 συνθήκας
604 5744 665 5780 τε
714 5721 1016 5776 ποιούντων
1065 5718 1203 5773 κατά
1236 5718 1334 5789 τῆς
1379 5715 1658 5771 εὐσεϐείας
1687 5757 1699 5768 .

1816 4516 2015 4570 mando
2049 4516 2365 4581 cxaudiare,
2393 4516 2600 4587 gratias
2626 4515 2737 4571 Deo
2764 4532 2883 4587 age,
2918 4518 3153 4573 recitans
3172 4529 3388 4589 septua-

1816 4608 2083 4680 gesimum
2111 4618 2345 4663 sextum.
2373 4608 2429 4661 Si
2456 4608 2809 4677 persistentes
2834 4608 3042 4664 inimici
3070 4610 3385 4681 irruperint,

1815 4708 1868 4755 et
1896 4699 2121 4754 domum
2161 4697 2259 4753 Dei
2302 4699 2742 4770 profanaverint,
2773 4710 3103 4771 sanctosque
3148 4700 3384 4756 trucida-

1815 4792 1961 4856 rint,
1998 4790 2329 4861 illorumque
2363 4807 2590 4863 corpora
2632 4792 2947 4847 volucribus
2977 4792 3100 4847 caeli
3147 4792 3388 4862 projece-

1816 4884 1945 4951 rint,
1992 4900 2059 4939 ne
2087 4884 2174 4940 bis
2205 4885 2489 4955 perculsus
2515 4883 2837 4939 reformides
2881 4899 3068 4938 eorum
3100 4883 3391 4939 crudelita-

1815 4984 1923 5031 tem
1950 5016 1965 5042 ,
2012 4975 2135 5030 dole
2178 4976 2397 5046 quidem
2437 4974 2762 5029 miserorum
2815 4974 2985 5029 vicem
3013 5015 3027 5038 ,
3069 4989 3163 5027 ora
3202 4984 3386 5029 autem

1814 5066 2005 5132 Deum,
2038 5067 2226 5122 dicens
2267 5068 2725 5136 septuagesimum
2744 5074 2995 5120 octavum
3020 5064 3309 5133 psalmum.

1880 5346 1971 5400 22.
2007 5344 2065 5399 In
2093 5344 2321 5401 solemni
2357 5345 2445 5400 die
2475 5345 2661 5399 volens
2694 5343 2927 5401 Domino
2957 5363 3179 5411 canere,
3212 5344 3382 5399 advo-

1811 5440 1949 5496 catis
1990 5437 2093 5495 Dei
2114 5437 2321 5503 servis,
2357 5437 2524 5506 psalle
2566 5438 2960 5505 ortOgesimum
3006 5446 3060 5491 et
3094 5434 3383 5506 nonagesi-

1810 5547 1960 5585 mum
1997 5539 2276 5601 quartum.
2313 5526 2551 5583 inimicis
2582 5528 2779 5583 iterum
2814 5529 3053 5598 undique
3080 5540 3379 5597 congrega-

1812 5624 1900 5687 tis,
1929 5632 1982 5677 et
2030 5621 2218 5676 domui
2254 5619 2346 5674 Dei
2379 5621 2554 5673 mittas
2598 5620 2992 5675 iutentantibus
3017 5661 3032 5685 ,
3068 5618 3379 5686 fcederaque

1809 5723 1999 5772 contra
2034 5714 2289 5782 pietatem
2334 5712 2686 5778 facientibus,
2715 5728 2781 5767 ne
2822 5713 3005 5768 animo
3038 5710 3256 5767 deﬁcias
3308 5709 3380 5764 ob
