3698 6268
317 277 389 332 35
1162 265 1219 320 S.
1260 259 1632 318 ATHANASH
1675 257 1828 314 OPP.
1873 255 1893 309 ί

2024 255 2052 308 5
2093 255 2179 310 111.
2220 287 2289 297 —
2330 254 2742 314 EXEGETICA.
3475 261 3540 314 ῐσ

318 418 509 461 eorum
538 398 934 457 multitudinem
969 404 1023 452 et
1046 392 1338 466 potentiam
1363 409 1376 443 :
1399 388 1568 444 habes
1599 384 1754 457 quasi
1779 399 1879 438 an-

2024 401 2074 440 ρα
2100 383 2174 455 μὴ
2202 383 2489 455 άθυμήσῃς
2514 381 2601 436 διὰ
2631 380 2694 457 τδ
2727 379 2929 451 πλῆθος
2971 378 3066 433 καὶ
3105 378 3205 450 τὴν
3241 378 3542 436 δυναστείαν

318 495 540 549 choram
566 489 677 561 spei
708 489 869 543 verba
897 482 1214 555 octogesimi
1242 480 1465 536 secundi
1490 478 1702 548 psalmi.
1724 475 1881 542 Quod

319 584 366 639 si
395 581 596 637 videris
630 581 853 635 domum
885 576 1017 640 Dei,
1049 583 1103 630 et
1126 583 1327 628 aeterna
1356 570 1474 640 ejus
1496 569 1880 630 tabernacula,

318 681 483 741 atque
535 685 722 726 eorum
769 666 1040 722 desiderio
1097 661 1371 725 tenearis,
1424 657 1883 729 quemadmodum

319 763 648 833 Apostolus,
706 759 792 814 dic
847 754 1236 825 octogesimum
1301 749 1518 804 tertium
1591 745 1881 817 psalmum.

317 854 577 909 Cessante
603 853 817 907 tandem
843 849 921 925 ira
952 847 1235 914 solutaque
1265 841 1593 912 captivitate,
1619 838 1666 894 si
1697 837 1886 890 volue-

321 947 394 1002 ris
428 945 654 1000 Domino
695 941 897 1012 gratias
923 954 1084 1009 agere
1107 978 1121 1001 ,
1165 935 1330 989 habes
1375 933 1444 988 84
1474 939 1528 985 et
1573 929 1694 984 125.
1733 927 1800 982 Et
1837 926 1884 982 si

318 1051 649 1106 cognoscere
705 1033 837 1087 velis
869 1031 998 1100 quid
1029 1028 1241 1083 intersit
1279 1023 1611 1080 discriminis
1653 1020 1883 1077 catholi-

319 1142 436 1180 cam
466 1126 602 1178 iuter
633 1123 929 1176 Ecclesiam
977 1129 1028 1172 et
1062 1117 1354 1171 schismata
1377 1156 1391 1178 ,
1424 1124 1586 1183 atque
1616 1113 1886 1167 schisma-

317 1218 457 1272 ticos
478 1214 830 1274 confundere,
860 1212 1042 1266 dicere
1065 1218 1214 1278 potes
1235 1207 1628 1277 octogesimum
1648 1215 1882 1258 sextum.

319 1307 377 1361 Si
433 1307 566 1360 velis
606 1305 700 1358 tibi
749 1303 979 1371 aliisque
1023 1302 1221 1354 addere
1262 1298 1512 1353 ﬁduciam
1553 1301 1618 1351 ad
1653 1295 1744 1349 Dei
1772 1294 1887 1350 cul-

318 1410 455 1465 tum,
489 1408 542 1453 et
574 1395 859 1451 ostendere
886 1391 1032 1462 quod
1061 1407 1184 1460 spes
1219 1392 1272 1444 in
1308 1389 1476 1443 Deum
1505 1403 1612 1442 non
1653 1386 1887 1441 confun—

319 1493 454 1553 dat,
489 1490 581 1543 sed
617 1486 945 1555 intrepidum
987 1485 1228 1537 animum
1267 1483 1479 1543 reddat,
1514 1481 1672 1534 lauda
1715 1478 1883 1532 Deum

319 1581 554 1636 recitans
609 1577 1044 1645 nonagesimum.
1101 1573 1337 1628 Psallere
1383 1573 1466 1626 vis
1519 1571 1572 1624 in
1614 1568 1887 1623 Sabbato?

319 1672 485 1725 habes
514 1669 928 1737 nonagesimum
957 1665 1216 1735 primum.

1985 476 2183 540 αὐτῶν,
2233 474 2377 546 ἔχεις
2415 473 2602 542 ὥσπερ
2627 473 2876 543 ἄγκυραν
2921 470 3129 535 ὲλπίδος
3179 469 3247 524 τὰ
3283 473 3340 524 ὲν
3360 469 3436 542 τῷ
3460 470 3541 543 πβ⁹

1988 569 2228 640 ῥήματα.
2258 566 2369 619 Καὶ
2389 565 2506 629 ἐὰν,
2543 563 2755 634 βλέπων
2783 563 2872 616 τὸν
2903 557 3050 616 οἷκον
3083 561 3177 616 τοῦ
3199 560 3334 616 Θεοῦ
3368 564 3454 618 καὶ
3479 564 3543 618 τά

1984 657 2178 712 αἰώνια
2207 655 2370 710 αὑτοῦ
2397 653 2753 726 σκηνώματα,
2781 653 2872 707 τὸν
2913 654 3074 708 πόθον
3116 655 3245 728 ἔχῃς
3286 656 3364 719 είς
3395 655 3541 717 αὑτά,

1983 750 2059 813 ώς
2087 747 2230 820 εἶχεν
2257 750 2287 802 6
2326 746 2667 812 ’Δπὸστολος,
2695 745 2819 815 λέγε
2849 746 2942 798 καὶ
2971 746 3034 799 σὺ
3067 746 3158 799 τὸν
3190 743 3279 815 πγ⁹
3323 745 3540 817 ψαλμόν.

1985 840 2345 912 Παυσαμένης
2366 838 2422 892 δέ
2453 855 2581 892 ποτε
2603 839 2700 909 τῆς
2721 837 2909 911 ὀργῆς,
2938 837 3034 890 καὶ
3058 841 3154 909 τῆς
3185 837 3543 909 αἰχμαλωσίας

1986 933 2257 1002 λυθείσης,
2279 931 2374 984 ἐὰν
2404 929 2562 1002 θέλῃς
2589 931 2999 1000 εὐχαριστῆσαι,
3031 928 3172 1000 ἔχεις
3191 931 3268 992 εἰς
3299 928 3356 981 τὸ
3380 928 3544 997 λέγειν

1986 1025 2054 1080 τὰ
2092 1026 2148 1077 ὲν
2181 1023 2259 1094 τῷ
2294 1023 2374 1076 πδ’
2420 1023 2515 1076 καὶ
2563 1028 2695 1093 ρκεν.
2729 1022 2836 1074 Καὶ
2885 1020 2982 1092 τὴν
3020 1020 3117 1091 μὲν
3161 1019 3419 1090 διαφορὰν
3453 1021 3544 1091 τῆς

1985 1116 2280 1186 καθολικῆς
2329 1115 2652 1186 Ἐκκλησίας
2680 1113 2819 1186 πρὸς
2858 1113 2926 1165 τὰ
2963 1112 3232 1182 σχίσματα
3277 1112 3370 1164 ἐὰν
3396 1110 3545 1183 θέλῃς

1985 1208 2271 1277 γινώσκειν
2295 1246 2310 1270 ,
2361 1207 2457 1260 καὶ
2504 1207 2785 1277 ἐντρέπειν
2817 1204 3079 1266 ἐκείνους,
3121 1203 3345 1256 δύνασαι
3377 1201 3546 1268 λέγειν

1983 1301 2052 1354 τά
2106 1303 2164 1354 ὲν
2211 1300 2290 1371 τῷ
2347 1306 2444 1364 πς¹
2481 1297 2861 1369 γεγραμμένα.
2917 1294 3339 1368 Παραθαρσῦναι
3389 1292 3548 1346 θέλων

1987 1395 2210 1448 σεαυτὸν
2242 1393 2478 1456 καὶτοὺς
2509 1390 2730 1462 ἐτέρους
2763 1391 2842 1450 είς
2876 1388 3213 1452 θεοσέϐειαν,
3250 1386 3344 1440 καὶ
3375 1385 3446 1448 ὡς
3475 1385 3550 1447 είς

1985 1488 2075 1542 τὸν
2113 1487 2244 1541 Θεὸν
2271 1485 2425 1548 ἐλπὶς
2462 1482 2585 1538 οὔτε
2621 1482 2995 1553 καταισχύνει,
3044 1481 3180 1534 ἀλλὰ
3227 1479 3320 1533 καὶ
3357 1477 3551 1547 ἄφοϐον

1985 1580 2083 1648 τὴν
2111 1574 2286 1648 ψυχὴν
2312 1575 2727 1639 κατασκευάζει,
2758 1576 2894 1628 αἴνει
2917 1573 3006 1626 τὸν
3038 1573 3189 1635 Θεὸν,
3212 1571 3381 1640 λέγων
3408 1571 3474 1624 τά
3497 1573 3553 1623 ὲν

1987 1667 2067 1739 τῷ
2099 1673 2169 1736 μ’.
2199 1668 2380 1721 Ψάλαι
2403 1666 2577 1730 θέλεις
2603 1666 2682 1736 τῷ
2712 1664 3006 1732 Σαϐϐάτῳ;
3033 1662 3175 1733 ἔχεις
3202 1662 3291 1714 τὸν
3323 1665 3425 1726 1.,α⁹.

387 1762 478 1816 ‘25.
517 1759 613 1814 Vis
656 1759 857 1830 gratias
897 1772 1058 1826 agere
1093 1754 1378 1809 Dominico
1415 1752 1540 1807 die?
1581 1751 1747 1806 habes
1791 1749 1882 1804 23.

2058 1768 2163 1830 κγ’.
2199 1761 2600 1832 Εύχαριστῆσαι
2649 1757 2823 1821 θέλεις
2873 1759 2938 1828 τῇ
2989 1757 3272 1827 Κυριακῇς
3299 1756 3438 1826 ἔχεις
3467 1753 3558 1805 τὸν

323 1850 416 1904 Vis
443 1852 677 1905 secunda
716 1848 941 1903 Sabbati
973 1845 1240 1916 psallere?
1271 1845 1360 1899 dic
1391 1859 1514 1913 qua:
1543 1851 1673 1898 sunt
1717 1843 1768 1895 in
1797 1841 1887 1897 47.

319 1941 528 1996 Canere
549 1941 630 1994 vis
655 1941 706 1993 in
733 1938 1064 1993 Parasceve?
1086 1936 1298 1990 laudem
1347 1935 1514 1989 habes
1540 1935 1591 1987 in
1614 1934 1703 1988 92.
1735 1931 1891 1986 Tunc

318 2033 462 2086 enim
493 2039 710 2102 peracta
732 2029 1102 2092 cruciﬁxione,
1132 2028 1327 2083 domus
1352 2027 1612 2082 aediﬁcata
1635 2033 1738 2088 est,
1767 2024 1892 2078 licet

321 2121 528 2175 inimici
574 2119 861 2188 prohibere
910 2119 1213 2173 niterentur
1261 2135 1275 2172 :
1329 2129 1500 2186 quare
1565 2114 1893 2184 triumphale

320 2225 540 2263 carmen
569 2208 680 2262 Deo
701 2223 898 2264 canere
930 2209 1214 2272 convenit,
1249 2221 1311 2260 ea
1347 2206 1573 2268 scilicet,
1608 2219 1730 2274 quae
1764 2212 1892 2258 tunc

319 2302 462 2355 dicta
497 2309 624 2355 sunt
671 2301 725 2354 in
770 2300 1129 2370 nonagesimo
1175 2297 1438 2353 secundo.
1473 2296 1532 2350 Si
1581 2295 1894 2366 captivitate

321 2392 462 2447 facta
487 2434 502 2458 ,
532 2392 716 2446 excisa
749 2390 916 2446 fuerit
963 2392 1160 2446 domus
1187 2431 1203 2456 ,
1252 2405 1317 2445 ac
1352 2403 1570 2443 rursum
1603 2387 1890 2454 tedilicata,

320 2498 455 2536 cane
500 2498 622 2552 qua:
657 2491 787 2536 sunt
831 2482 887 2536 in
932 2482 1023 2537 95.
1059 2481 1224 2536 Terra
1274 2496 1305 2534 a
1352 2479 1707 2534 bellatoribus
1740 2479 1894 2548 quie-

319 2581 526 2636 scente,
555 2582 720 2642 atque
759 2573 979 2626 demum
1015 2573 1068 2625 in
1100 2586 1230 2640 pace
1273 2569 1500 2639 degente
1525 2608 1541 2634 ,
1578 2581 1632 2625 et
1662 2569 1894 2623 Domino

321 2673 611 2733 regnante,
639 2663 686 2718 si
712 2677 775 2716 ea
802 2663 870 2717 de
888 2677 946 2717 re
972 2677 1166 2717 canere
1202 2661 1372 2727 velis,
1404 2661 1572 2715 habes
1606 2660 1894 2730 nonagesi-

321 2769 469 2808 mum
507 2761 745 2808 sextum.
778 2753 874 2808 Vis
916 2762 1114 2823 quarta
1148 2750 1376 2807 Sabbati
1420 2751 1691 2822 psallere?
1723 2751 1893 2806 habes

321 2843 732 2913 nonagesimum
763 2843 1017 2910 tertium;
1052 2851 1182 2898 tunc
1203 2843 1348 2898 enim
1373 2843 1603 2898 traditus
1625 2841 1894 2898 Dominus

321 2935 580 2989 ultionem
612 2934 679 2989 de
713 2945 886 2989 morte
925 2949 1142 2990 sumere
1178 2936 1363 3005 coepit,
1407 2934 1583 3005 deque
1624 2949 1688 2988 ea
1722 2933 1894 2990 conﬁ-

319 3027 511 3079 denter
538 3025 902 3095 triumphare.
936 3025 1074 3080 Cum
1111 3025 1273 3093 igitur
1300 3026 1484 3096 legens
1508 3023 1886 3097 Evangelium,

1989 1861 2096 1923 κγ’.
2118 1850 2285 1924 τᾼσαι
2315 1853 2488 1916 θέλεις
2516 1852 2744 1923 δευτέρᾳ
2777 1849 3106 1913 Σαϐϐάτωνς
3140 1849 3265 1917 λέγε
3299 1848 3367 1901 τά
3402 1849 3458 1900 ὲν
3481 1847 3556 1918 τῷ

1993 1944 2100 2017 μζκ
2138 1944 2358 1997 Αίνέσαι
2393 1943 2570 2012 βούλει
2594 1945 2659 2012 τῇ
2690 1943 3053 2012 Παρασκευῇς
3099 1939 3243 2010 ἔχεις
3281 1937 3372 1991 τὸν
3413 1933 3558 1991 αἶνον

1991 2037 2050 2090 ὲν
2082 2035 2160 2107 τῷ
2198 2033 2302 2105 ιβ’.
2334 2035 2466 2088 Τότε
2489 2035 2616 2106 γὰρ,
2640 2032 2932 2102 γενομένου
2963 2031 3055 2084 τοῦ
3079 2029 3337 2102 σταυροῦ,
3360 2031 3387 2083 6
3414 2025 3560 2092 οἶκος

1990 2127 2083 2181 τοῦ
2113 2126 2246 2180 Θεοῦ
2278 2124 2624 2197 ᾠκοδομήθη,
2664 2123 2841 2177 καίτοι
2873 2123 2982 2176 τῶν
3020 2121 3228 2192 ἐχθρῶν
3279 2122 3560 2192 ἐπιχειρη-

1994 2216 2200 2270 σάντων
2231 2216 2501 2270 κωλῦσαιο
2535 2214 2631 2268 καὶ
2668 2213 2756 2267 διὰ
2783 2211 2944 2266 τοῦτο
2989 2212 3252 2265 ἐπινίκιον
3295 2211 3438 2282 ᾄδειν
3485 2209 3563 2281 τῷ

1991 2307 2110 2377 Θεῷ
2166 2307 2365 2378 πρέπει
2395 2307 2517 2358 τότε
2565 2305 2633 2359 τά
2667 2305 2930 2375 εἰρημένα
2964 2305 3022 2356 ὲν
3063 2303 3140 2374 τῷ
3185 2301 3291 2373 οβ’.
3349 2302 3476 2355 Ἐὰν
3505 2301 3562 2355 δὲ

1992 2399 2107 2464 καὶ,
2143 2397 2514 2469 αἰχμαλωσίας
2543 2395 2862 2467 γενομένης,
2892 2393 3187 2466 καθαιρεθῇ
3224 2396 3252 2446 ὁ
3275 2389 3439 2457 οἶκος,
3471 2393 3568 2446 καὶ

1995 2489 2154 2543 πάλιν
2182 2486 2533 2558 οίκοδομηθῇ,
2569 2483 2660 2558 ᾆδε
2689 2486 2758 2539 τὰ
2780 2488 2835 2538 ὲν
2863 2484 2942 2554 τῷ
2983 2489 3085 2552 με’.
3113 2485 3224 2554 Τῆς
3255 2483 3312 2537 δὲ
3335 2486 3435 2555 γῆς
3467 2499 3566 2537 καν

1992 2582 2250 2635 τάστασιν
2279 2579 2553 2650 λαϐούσης
2581 2579 2688 2632 άπὸ
2714 2579 2822 2631 τῶν
2866 2575 3244 2647 πολεμούντων
3267 2615 3282 2639 ,
3321 2577 3414 2630 καὶ
3455 2576 3567 2630 λοιρ

1993 2670 2092 2724 πὺν
2113 2669 2448 2741 ἠρεμούσης,
2477 2669 2570 2722 καὶ
2598 2667 3010 2737 βασιλεύσαντος
3054 2665 3148 2720 τοῦ
3189 2666 3417 2738 Κυρίου,
3472 2667 3568 2721 ἐὰν

1994 2760 2152 2830 θέλῃς
2181 2755 2310 2831 ᾆσαι
2357 2759 2485 2830 περὶ
2533 2759 2744 2820 τούτου,
2778 2756 2921 2826 ἔχεις
2966 2756 3057 2808 τὸν
3097 2754 3210 2822 ις’.
3261 2755 3448 2818 Θέλεις

1993 2850 2207 2922 τετράδι
2239 2848 2331 2903 τοῦ
2356 2848 2634 2903 Σαϐϐάτου
2667 2847 2937 2917 ’ψάλλεινς
2980 2846 3120 2917 ἔχεις
3156 2845 3246 2899 τὸν
3281 2849 3367 2914 ιιιγο
3391 2860 3406 2874 ⁸
3441 2845 3567 2898 τότε

1993 2943 2100 3014 γάρ
2135 2940 2454 3012 παραδοθεὶς
2509 2942 2537 2992 6
2557 2939 2758 3009 Κύριος
2789 2938 3022 2991 ἐκδικεῖν
3071 2935 3274 3008 ἤρξατο
3297 2936 3394 3007 τὴν
3421 2936 3568 2990 κατὰ

1993 3033 2089 3088 τοῦ
2119 3033 2350 3088 θανάτου
2380 3028 2557 3103 δίκην,
2577 3029 3044 3101 καὶθριαμϐεύειν
3072 3029 3231 3081 αὑτὸν
3261 3028 3568 3100 παρρησίᾳ.

317 3114 522 3170 videris
549 3089 742 3185 quarta
771 3115 994 3172 Sabbati
1018 3089 1310 3171 consilium
1337 3089 1526 3172 iniisse
1550 3089 1768 3172 Iudaeos
1791 3089 1889 3172 ad?

2024 3128 2109 3180 Οτ’
2137 3125 2203 3180 ἂν
2257 3119 2369 3183 οὖν.
2422 3089 2900 3190 ἀναγινώσκωνιτὸ
2956 3120 3305 3188 Εὑαγγέλιον,
3341 3089 3473 3194 ’ἴδης

318 3221 507 3263 versus
536 3206 825 3262 Dominum
860 3226 874 3262 :
925 3224 1154 3263 cernens
1189 3215 1317 3263 tunc
1347 3208 1527 3279 ipsum
1556 3210 1892 3266 conﬁdenter

319 3316 479 3372 agere
501 3342 516 3366 ,
547 3311 609 3356 ut
640 3317 737 3372 pro
772 3303 930 3356 nobis
980 3302 1048 3357 de
1086 3303 1306 3358 diabolo
1353 3305 1645 3360 vindictam
1681 3315 1891 3373 sumat,

320 3393 492 3462 psalle
519 3394 680 3448 verba
715 3394 910 3463 psalmi
937 3393 1028 3448 93.
1055 3392 1293 3448 Rursum
1327 3397 1545 3466 quando
1573 3397 1771 3454 videris
1791 3398 1894 3454 Do-

321 3484 456 3537 mini
504 3485 557 3538 in
611 3486 793 3539 omnia
838 3486 1267 3555 providentiam,
1316 3494 1371 3541 et
1416 3487 1713 3542 dominium
1753 3489 1888 3558 ejus,

319 3583 483 3644 atque
526 3575 760 3631 volueris
798 3576 1090 3631 nonnullos
1126 3577 1178 3630 in
1221 3577 1324 3631 ﬁde
1357 3577 1476 3646 ejus
1503 3586 1557 3632 et
1589 3579 1893 3634 obcdientia

322 3665 640 3731 instituere,
705 3667 941 3722 suadens
1006 3667 1112 3721 illis
1172 3676 1231 3720 ut
1279 3667 1458 3737 primo
1508 3669 1890 3734 confiteantur,

322 3757 490 3826 psalle
529 3758 618 3813 99.
653 3757 718 3811 Et
752 3759 844 3812 ubi
891 3758 1214 3828 cognOveris
1259 3759 1381 3827 ejus
1415 3757 1693 3827 judicandi
1740 3768 1893 3828 pote-

322 3859 514 3904 statem
536 3890 550 3914 ,
585 3851 728 3920 quod
759 3850 966 3905 scilicet
992 3850 1366 3905 misericordia
1390 3850 1655 3918 judicium
1686 3859 1894 3919 tempe-

324 3939 498 3993 rando
531 3940 736 4008 judicat
773 3939 916 3992 Deus
941 3980 955 4004 ,
987 3939 1032 3992 si
1075 3940 1138 3992 ad
1177 3955 1304 3993 eum
1338 3941 1596 3994 accedere
1626 3941 1892 4006 volueris,

323 4031 491 4085 trabes
524 4030 590 4084 ad
618 4045 738 4084 eam
777 4045 892 4084 rem
923 4029 1084 4084 verba
1107 4031 1302 4100 psalmi
1333 4030 1638 4084 centesimi.

387 4203 478 4257 24.
521 4203 657 4258 Cum
685 4203 898 4258 inﬁrma
919 4203 989 4258 sit
1011 4211 1206 4256 natura
1239 4214 1444 4267 nostra,
1481 4203 1525 4258 si
1553 4212 1778 4273 propter
1806 4199 1893 4256 vi-

321 4307 390 4352 tae
415 4297 716 4367 angustias,
745 4299 900 4366 quasi
926 4297 1082 4364 inops
1110 4294 1285 4349 factus
1318 4296 1502 4350 animo
1529 4295 1769 4357 deﬁcias,
1801 4309 1896 4346 vo-

1991 3217 2206 3289 τετράδι
2260 3216 2354 3269 τοῦ
2405 3214 2682 3268 Σαϐϐάτου
2747 3212 3069 3283 συμϐούλιον
3123 3211 3386 3275 λαϐόντας
3440 3212 3572 3272 τοὺς

2002 3309 2289 3390 ςΙουδαίους
2315 3309 2456 3362 κατὰ
2489 3307 2582 3361 τοῦ
2616 3303 2842 3376 Κυρίου,
2878 3304 3018 3375 ὀρῶν
3064 3304 3224 3358 αὐτὸν
3265 3303 3385 3356 τότε
3427 3306 3572 3371 παῤ-

1996 3401 2386 3474 ῥησιαξόμενον
2436 3402 2493 3453 ὲν
2539 3401 2604 3469 τῇ
2636 3397 2777 3451 κατὰ
2809 3397 2902 3450 τοῦ
2960 3396 3204 3450 διαϐόλου
3247 3395 3387 3463 ὑπὲρ
3413 3394 3574 3465 ὑμῶν

1993 3495 2224 3566 ἐκδικίᾳ,
2275 3491 2443 3564 cauas
2489 3490 2557 3544 τὰ
2587 3492 2643 3542 ὲν
2671 3489 2820 3560 αύτῷ
2852 3489 2929 3560 τῷ
2986 3493 3093 3556 ιιγθ.
3148 3487 3315 3541 Πάλιν
3352 3486 3576 3556 βλέπων

1991 3585 2090 3656 τὴν
2111 3588 2188 3648 εἰς
2213 3585 2391 3638 πάντα
2422 3584 2678 3653 πρόνοιαν
2710 3583 2802 3637 τοῦ
2845 3579 3050 3651 Κυρίου
3100 3578 3193 3630 καὶ¹
3225 3576 3327 3648 τὴν
3386 3577 3580 3648 κυριό-

1992 3695 2130 3749 τητα
2155 3676 2342 3741 αὑτοῦ,
2374 3677 2468 3729 καὶ
2495 3674 2661 3728 θέλων
2696 3670 3002 3746 κατηχῆσάί
3028 3686 3179 3732 τινας
3224 3670 3305 3731 είς
3337 3668 3440 3736 τὴν
3479 3668 3581 3720 αύ-

1991 3768 2086 3822 τοῧ
2112 3769 2293 3820 πίστιν
2318 3766 2411 3819 καὶ
2444 3765 2711 3836 ὑπακοὴν,
2749 3763 2949 3816 πείθων
2983 3761 3180 3823 αὐτοὺς
3203 3758 3422 3830 πρῶτον
3485 3757 3578 3824 ἐξα

1991 3857 2392 3930 ομολογεῖσθαι,
2429 3855 2597 3926 ψάλλε
2636 3855 2726 3907 τὸν
2760 3854 2864 3921 μοι.
2895 3852 3006 3906 Καὶ
3036 3851 3151 3914 ἐὰν,
3187 3849 3372 3924 μαθὼν
3405 3848 3585 3904 αὑτοῦ

1991 3951 2091 4021 τὴν
2120 3949 2372 4020 κριτικὴν
2397 3947 2647 4017 δύναμιν,
2676 3946 2866 4000 κα“ιότι
2899 3943 3035 4012 ἐλέῳ
3061 3942 3159 4014 τὴν
3186 3942 3370 4014 κρίσιν
3401 3940 3584 4013 κερά-

1994 4055 2092 4103 σας
2118 4038 2292 4108 κρίνει
2320 4038 2348 4089 ὁ
2377 4035 2600 4108 Κύριος,
2627 4034 2856 4105 θελήσῃς
2883 4031 3031 4104 αύτῷ
3053 4030 3400 4103 προσελθεῖνξ
3430 4031 3586 4102 ἔχεις

1991 4130 2072 4191 είς
2107 4127 2264 4180 τοῦτο
2295 4126 2487 4194 λόγους
2520 4125 2647 4188 τοὺς
2675 4124 2732 4177 έν
2764 4122 2841 4194 τῷ
2876 4124 2939 4196 ρ’.

2062 4219 2160 4272 κδ’.
2201 4217 2485 4280 Ἀσθενοῦς
2523 4216 2578 4269 δὲ
2632 4215 2789 4286 ἡμῶν
2833 4216 2930 4286 τῆς
2983 4213 3198 4284 φύσεως
3238 4206 3442 4282 οὔσης,
3482 4211 3588 4264 ἐὰν

1991 4309 2078 4362 διά
2111 4309 2210 4371 τὰς
2245 4307 2471 4378 συνοχὰς
2510 4306 2603 4359 τοῦ
2636 4306 2752 4376 βίου
2787 4305 2861 4369 ώς
2887 4305 3100 4374 πτωχὸς
3131 4300 3420 4374 γενόμενος
3445 4305 3591 4371 άκη·

323 4388 600 4457 luerisqne
639 4387 1066 4442 consolationem
1113 4387 1396 4455 accipere,
1427 4386 1594 4440 habcs
1622 4385 1891 4455 psalmum

2031 4401 2188 4472 ιάσῃς
2211 4400 2362 4457 ποτὲ,
2398 4400 2491 4452 καὶ
2515 4397 2674 4470 θέλῃς
2707 4395 3147 4468 παρακληθῆναι,
3183 4393 3326 4464 ἔχεις
3363 4391 3458 4444 τὸν
3502 4398 3589 4463 pa.’

324 4477 448 4531 101.
478 4476 543 4528 Ει
584 4477 842 4544 quoniam
875 4476 1030 4530 decet
1063 4491 1160 4529 nos
1193 4490 1286 4543 per
1316 4475 1499 4527 omnia
1537 4483 1590 4528 et
1628 4473 1682 4526 in
1708 4473 1891 4527 omni-

321 4566 425 4620 bus
457 4565 660 4634 gratias
685 4562 794 4618 Deo
823 4581 984 4633 agerc
1008 4607 1023 4629 ,
1046 4581 1170 4618 cum
1199 4564 1438 4619 volueris
1470 4565 1644 4633 ipsum
1675 4562 1898 4618 benedi-

323 4672 479 4717 cere,
524 4655 692 4708 habes
720 4655 786 4707 ad
837 4656 1082 4708 animum
1134 4665 1280 4708 tuum
1311 4657 1658 4709 excitandum
1709 4657 1812 4709 1οΞ
1843 4664 1898 4709 ct

324 4747 446 4800 105.
471 4744 566 4800 Vis
592 4746 814 4800 laudare
833 4745 999 4800 Deum
1027 4757 1186 4816 atque
1211 4762 1372 4800 nosse
1398 4749 1675 4815 quomodo
1711 4756 1765 4802 et
1789 4763 1894 4817 qua

320 4841 388 4892 de
419 4853 584 4893 causa
617 4837 923 4891 laudandus
951 4838 1040 4901 sit,
1069 4847 1120 4891 et
1154 4851 1403 4906 quaenam
1447 4837 1751 4892 laudantem
1778 4848 1898 4907 pro-

322 4929 462 4983 ferre
480 4929 702 4983 deccat?
727 4931 889 4983 habes
912 4929 1029 4991 lOl,
1051 4938 1103 4980 et
1129 4928 1247 4990 106,
1267 4925 1457 4991 ει154,
1476 4935 1529 4980 et
1554 4928 1673 4991 145,
1695 4936 1747 4981 ct
1770 4929 1892 4995 146,

321 5032 367 5072 ct
395 5021 516 5082 147,
551 5033 598 5075 et
638 5022 761 5086 HS,
788 5031 840 5073 et
873 5020 988 5073 150.
1027 5017 1207 5072 Habes
1239 5019 1420 5082 ﬁdem,
1453 5019 1596 5073 sicut
1633 5020 1896 5075 Dominus

321 5111 548 5174 dixit,ct
566 5111 742 5166 credis
771 5127 834 5164 ea
867 5126 988 5177 qua:
1009 5109 1216 5162 orando
1248 5107 1528 5176 loqueris?
1551 5109 1637 5163 dic
1663 5112 1897 5164 centesi-

323 5220 470 5256 mum
487 5204 752 5257 decimum
768 5203 1038 5270 quintum.
1057 5199 1234 5253 Scntis
1252 5207 1301 5251 te
1318 5199 1571 5267 operibus
1589 5201 1696 5254 tuis
1713 5217 1898 5255 ascen-

321 5297 465 5356 dere,
499 5296 570 5348 ila
597 5303 654 5346 ut
673 5295 850 5348 dicere
879 5292 1056 5361 possis
1085 5308 1098 5343 :
1127 5288 1257 5353 Qua:
1284 5302 1421 5342 retro
1446 5301 1568 5343 sunt
1591 5293 1891 5359 obliviscor,

322 5389 390 5440 ad
415 5403 495 5447 ea,
514 5400 628 5454 qua:
661 5398 778 5438 ante
809 5393 929 5437 sum
953 5426 967 5448 ,
997 5385 1218 5436 extendo
1254 5384 1506 5452 meipsum
1535 5384 1700 5437 ’°°“?
1728 5386 1893 5440 habes

323 5475 388 5526 ad
447 5473 732 5527 dicendum
782 5474 832 5526 in
891 5474 1120 5542 singulis
1169 5471 1526 5543 profectubus
1576 5475 1887 5543 quindecim

325 5563 587 5632 graduum
620 5566 825 5618 cantica
837 5606 848 5618 .

395 5655 508 5686 ,ωε
540 5653 771 5726 Philipp.
813 5673 893 5718 Ill,
932 5657 1017 5712 13.

1997 4489 2227 4558 ψαλμόν.
2257 4489 2363 4541 Καὶ
2395 4486 2581 4556 ἐπειδὴ
2613 4485 2813 4557 πρέπει
2842 4485 2929 4538 διὰ
2955 4485 3171 4537 πάντων
3195 4483 3287 4534 καὶ
3311 4482 3370 4533 ὲν
3408 4481 3591 4533 πᾶσιν

1999 4579 2337 4649 εὐχαριστεῖν
2364 4579 2512 4647 ἡμᾶς
2543 4575 2618 4646 τῷ
2639 4575 2776 4646 Θεῷ,
2797 4575 2882 4627 ὅτε
2917 4573 3088 4634 θέλεις
3117 4571 3358 4639 εὐλογεῖν
3386 4571 3591 4629 αὐτὸν,

1999 4668 2140 4739 ἔχεις
2166 4669 2241 4731 είς
2270 4667 2427 4720 τοῦτο
2453 4665 2856 4737 προτρέπεσθαι
2884 4661 3082 4715 σαυτοῦ
3115 4661 3215 4731 τὴν
3244 4659 3446 4730 ψυχὴν,
3487 4661 3594 4713 καὶ

1997 4756 2174 4825 λέγειν
2201 4758 2290 4809 τὸν
2321 4757 2399 4828 ρβ¹
2449 4756 2540 4808 καὶ
2573 4753 2672 4826 ργ’.
2705 4755 2882 4805 Αἰνεῖν
2922 4752 3095 4814 θέλεις
3134 4753 3224 4804 τὸν
3257 4749 3390 4803 Θεὸν
3413 4789 3428 4812 ,
3486 4750 3595 4804 καὶ

1998 4849 2195 4902 εἰδέναι
2225 4848 2337 4908 πῶς
2361 4847 2454 4899 καὶ
2483 4846 2573 4897 ἐπὶ
2601 4845 2705 4896 τίνι
2745 4844 2828 4896 δεῖ
2850 4840 3038 4905 αἰνεῖν,
3067 4842 3160 4894 καὶ
3197 4841 3347 4903 τίνας
3371 4841 3594 4912 πρέπει

1996 4937 2176 5006 λέγειν
2203 4937 2291 4990 τὸν
2323 4932 2500 4996 αἶνονς
2531 4935 2672 5004 ἔχεις
2698 4933 2787 4987 τὸν
2818 4933 2912 5001 ρδ¹,
2939 4933 3032 4985 καὶ
3058 4933 3148 4985 τὸν
3174 4937 3281 5004 ρξ’,
3313 4933 3410 4985 καὶ
3449 4929 3594 5001 ρλϐ’,

1997 5031 2090 5083 καὶ
2129 5036 2264 5101 ρμε’,
2309 5027 2399 5080 καὶ
2420 5027 2509 5078 τὸν
2547 5031 2699 5096 ρμς·’,
2736 5025 2831 5077 καὶ
2859 5024 2950 5077 τὸν
2983 5020 3124 5095 ρμξ,
3163 5023 3256 5074 καὶ
3296 5022 3386 5074 τὸν
3425 5027 3593 5092 ρμη’,

1997 5120 2090 5172 καὶ
2123 5120 2209 5171 τὸν
2240 5115 2336 5188 ρν’.
2370 5117 2552 5186 Ἔχεις
2599 5115 2802 5178 πίστιν,
2853 5111 2928 5178 ὡς
2964 5109 3115 5166 εἶπεν
3143 5115 3171 5165 6
3204 5111 3429 5184 Κύριος,
3489 5113 3597 5164 καὶ

1999 5209 2270 5270 πιστεύεις
2297 5202 2377 5270 οἷς
2410 5207 2700 5277 εὐχόμενος
2725 5205 2941 5270 λαλεῖς;
2969 5205 3092 5271 λέγε
3122 5203 3210 5256 τὸν
3243 5209 3362 5274 ριε’.
3415 5202 3598 5256 Ἀλλὰ

1995 5299 2350 5356 ἀναϐαίνοντα
2392 5300 2586 5350 σαυτὸν
2618 5298 2782 5370 αἴσθῃ
2815 5301 2936 5358 ταῖς
2967 5294 3235 5365 ’πράξεσιν
3260 5333 3274 5356 ,
3305 5293 3447 5346 ὥστε
3492 5292 3596 5346 λέ-

1995 5410 2110 5461 γειν
2137 5409 2150 5422 ·
2191 5391 2265 5444 Τὰ
2287 5389 2402 5458 μὲν
2427 5390 2623 5442 ὀπίσω
2646 5386 3118 5454 ἐπιλανθάνομαι
3137 5427 3150 5449 ,
3195 5385 3320 5450 τοῖς
3362 5379 3434 5438 δὲ
3479 5387 3601 5456 ἔμ’

1993 5486 2271 5551 προσθεν.
2290 5481 2700 5549 ὲπεκτείνομαι
2718 5495 2736 5542 ;
2769 5478 2910 5549 ἔχεις
2939 5476 3060 5530 καθ’
3086 5476 3322 5546 ἑκάστην
3370 5491 3599 5546 προκο-

2038 5576 2101 5646 ὴν
2129 5576 2202 5638 είς
2227 5573 2284 5625 τὸ
2303 5572 2484 5642 λέγειν
2509 5571 2608 5634 τὰς
2645 5577 2703 5622 ιε’
2724 5569 2833 5622 τῶν
2858 5567 3185 5638 ἀναϐαθμῶν
3205 5566 3366 5636 ᾠδάς.
