3698 6268
124 295 185 347 s1
1275 283 1618 341 EPISTULA
1657 282 1751 338 AD
1791 285 2315 345 MARCELLINUM.
3347 296 3417 351 88

187 411 285 462 κε’.
334 406 835 478 ᾘχμαλιιπεύθης
857 404 966 460 ὑπὸ
992 403 1285 476 ἀλλοτρίων
1319 401 1616 474 λογισμῶν,
1643 420 1647 453 :

1956 403 2004 461 5.
2024 376 2103 459 'In
2130 405 2500 476 captivitatem
2532 406 2784 465 redactus
2805 423 2866 465 es
2891 409 2971 465 ah
2992 409 3187 467 alienis
3209 400 3416 482 cogita-

127 502 281 572 ᾔσθου
297 500 552 553 σεαυτὸν
581 498 965 569 ἀπαγόμενον,
983 497 1078 551 καὶ
1110 495 1402 568 μετέγνως,
1418 492 1624 549 παῦσαι
1643 492 1738 547 τοῦ

130 590 326 656 λοιποῦ,
357 591 470 644 καὶ
488 590 707 661 μείνας
727 589 816 660 ἐφ’
838 584 921 653 οἷς
941 588 1325 660 ἁμαρτάνοντα
1351 585 1575 640 σεαυτὸν
1605 601 1739 639 κατ-

122 682 328 744 ὑαὸες,
363 681 583 744 κάθου,
616 679 721 733 καὶ
743 678 981 732 κλαῦσον
1010 678 1105 732 κα)⁸
1139 678 1203 731 σὺ
1227 717 1243 741 ,
1278 677 1354 741 ὡς
1379 676 1680 746 πεποίηκεν
1710 677 1740 729 ὀ

132 777 235 828 et:
256 773 417 835 λαὸς,
445 772 645 840 λέγων
676 771 752 824 τά
780 772 840 825 ὲν
868 769 945 842 τῷ
977 767 1118 843 ρλςῆ
1152 768 1290 832 Τοὺς
1315 767 1373 822 δὲ
1401 765 1740 837 πειρασμοὺς

136 869 427 937 ἰπούμενος
453 863 613 920 εἷναί
647 883 747 918 σου
772 863 1031 936 δοκιμὴν,
1062 861 1199 935 μετὰ
1234 862 1363 925 τοὺς
1400 860 1740 933 πειρασμοὺς

249 957 688 1027 εὖχαριήσαι
739 952 994 1028 θελήσῃς,
1044 952 1186 1024 ἔχεις
1233 951 1324 1006 τὸν
1366 948 1478 1024 ρλη⁹
1503 948 1736 1020 ψαλμόν.

132 1046 319 1118 avem
358 1046 544 1099 πάλιν
569 1046 688 1098 ἀπὸ
707 1045 943 1116 ἐχθρῶν,
971 1044 1066 1098 καὶ
1096 1041 1358 1114 ῥυσθῆναι
1375 1041 1584 1106 θέλεις;
1613 1039 1740 1108 λέγε

134 1140 189 1188 τὰ
215 1139 269 1188 ἐν
296 1136 382 1207 τῷ
412 1134 566 1208 ρλϐ’.
585 1136 869 1207 Δεηθῆναι
892 1136 951 1189 δὲ
979 1135 1077 1189 καὶ
1108 1132 1506 1206 προσεύξασθαι
1529 1131 1736 1198 θέλεις;

304 1230 405 1282 τὺν
460 1236 507 1281 ε’
553 1228 661 1282 καὶ
710 1228 859 1300 ρμβ’.
907 1227 1127 1298 Ἐχθρὸς
1148 1226 1417 1299 ,τύραννος
1466 1224 1736 1297 ἐπανέστη

130 1320 193 1387 τῷ
212 1318 325 1389 λαῷ
354 1317 465 1373 καί
490 1336 615 1385 σοι,
634 1318 833 1390 ῶσπερ
854 1317 1046 1371 Γολιάθ
1071 1316 1149 1389 τῷ
1182 1316 1364 1384 Δαόὶδ,
1397 1316 1473 1389 μὴ
1496 1315 1734 1389 πτὴξῃς·

265 1412 512 1465 πίστευε
553 1412 662 1464 καὶ
691 1411 782 1473 σὺ,
812 1410 889 1476 ὡς
912 1413 942 1465 ὁ
973 1409 1157 1477 Δαδὶδ,
1186 1410 1280 1463 καὶ
1312 1409 1439 1478 λέγε
1476 1408 1546 1463 τά
1575 1409 1634 1463 ὲν
1660 1408 1738 1480 τῷ

131 1511 255 1574 ρμγ.
283 1501 434 1557 Εἶτα
465 1503 795 1575 θαυμάζων
819 1503 917 1567 τὰς
941 1505 1022 1567 είς
1050 1502 1257 1566 πάντας
1282 1501 1376 1556 τοῦ
1408 1500 1542 1555 Θεοῦ
1583 1501 1738 1575 εὐερ-

130 1596 314 1662 τεθείς,
351 1598 461 1649 καὶ
507 1596 892 1668 μνημονεύων
911 1595 1011 1667 τῆς
1030 1612 1090 1648 τε
1119 1596 1200 1659 είς
1227 1594 1287 1648 σὲ
1307 1596 1401 1649 καλ⁸
1430 1578 1510 1658 έίς
1531 1592 1737 1658 πάντας

129 1689 411 1759 γενομένης
436 1688 812 1758 ἀγαθότητος
839 1687 1005 1742 αὑτοῦ
1028 1730 1043 1755 ,
1092 1687 1189 1741 saw
1238 1686 1400 1760 θέλῃς
1429 1684 1520 1740 διὰ
1562 1685 1735 1741 ταῦτα

1837 492 2116 561 tionibus,
2156 506 2318 568 atque
2351 497 2576 553 sensisti
2617 507 2671 556 te
2698 501 3022 567 seductum,
3053 511 3108 557 et
3146 504 3416 573 preuiten-

1838 583 1971 639 tiam
2024 586 2214 658 egisti,
2263 587 2319 642 in
2360 598 2638 658 posterum
2692 592 2911 661 desine,
2969 603 3135 665 atque
3184 596 3412 665 gradum

1838 675 2039 732 sistens
2071 677 2167 732 ubi
2216 686 2268 733 te
2314 688 2630 749 peccantem
2675 681 3114 753 deprehendisti,
3156 686 3321 751 sede,
3359 696 3416 741 et

1837 764 1990 836 plora
2008 803 2024 829 ,
2057 774 2111 821 et
2136 775 2300 837 prout
2324 765 2454 824 fecit
2479 770 2609 824 olim
2647 773 2882 842 populus
2902 812 2918 839 ,
2944 774 3034 831 die
3060 777 3224 832 verba
3262 776 3412 848 psal-

1838 855 1913 910 mi
1939 856 2061 910 156.
2100 855 2450 913 Tentationes
2472 859 2851 929 probationem
2893 877 3016 919 esse
3043 873 3193 920 tuam
3222 875 3409 931 ratus,

1838 944 1885 1000 si
1920 953 2047 1015 post
2081 947 2409 1025 teqtationes
2446 948 2583 1004 velis
2625 951 2830 1020 gratias
2857 966 3020 1022 agere
3040 993 3055 1017 ,
3087 954 3256 1010 babes
3286 941 3409 1010 158.

1836 1033 1921 1090 Ab
1962 1037 2203 1094 inimicis
2250 1039 2451 1094 iterum
2495 1041 2696 1096 teneris
2717 1034 2813 1108 ,‘et
2847 1040 3066 1097 liberari
3103 1044 3296 1114 cupis?
3324 1044 3413 1100 dic

1836 1127 2004 1183 verba
2033 1128 2157 1185 139.
2193 1128 2292 1186 Vis
2318 1130 2624 1201 supplicare
2648 1140 2701 1187 et
2725 1132 2923 1188 orare?
2955 1134 3126 1204 psalle
3163 1136 3410 1205 quintum

1837 1225 1893 1273 et
1914 1218 2040 1273 142.
2070 1218 2330 1277 ιιιίωἱουε
2363 1230 2629 1292 tyrannus
2654 1222 2949 1280 insurrexit
2968 1226 3023 1279 in
3046 1226 3330 1295 populum,
3358 1206 3414 1280 et

1837 1309 1894 1364 in
1932 1317 2023 1378 te,
2055 1310 2198 1367 sicut
2240 1312 2296 1366 in
2331 1312 2504 1368 David
2544 1312 2798 1380 Goliath,
2840 1331 2909 1371 ne
2940 1317 3136 1372 timeas
3170 1336 3185 1372 :
3219 1318 3316 1373 sed
3350 1326 3407 1371 tu

1838 1402 2298 1471 quemadmodum
2341 1403 2514 1460 David
2564 1406 2760 1475 crede,
2790 1414 2845 1462 et
2894 1408 3064 1479 psalle
3095 1410 3256 1464 verba
3285 1410 3409 1464 M5.

1836 1490 2044 1549 Deinde
2071 1495 2352 1553 admirans
2374 1497 2638 1555 beneﬁcia
2662 1498 2757 1554 Dei
2781 1499 2838 1554 in
2861 1515 3073 1567 omnes,
3098 1516 3412 1571 memorque

1835 1584 1957 1656 ejus
1986 1601 2114 1657 erga
2143 1597 2197 1644 te
2238 1597 2294 1645 et
2317 1605 2446 1663 erga
2478 1607 2672 1648 omnes
2701 1592 2962 1649 bonitatis
2985 1633 3000 1659 ,
3033 1595 3081 1650 si
3126 1603 3409 1664 propterea

1836 1677 2075 1735 volueris
2109 1678 2221 1735 Deo
2249 1680 2601 1748 benedicere,
2631 1683 2720 1738 die
2743 1681 2965 1739 Davidis
2987 1683 3172 1750 verba,
3204 1699 3329 1754 qua:
3356 1694 3411 1739 et

128 1780 352 1846 εὐλογεῖν
384 1779 489 1832 τὸν
518 1778 698 1843 Θεὸν,
726 1778 853 1848 λέγε
883 1777 952 1832 τὰ
980 1777 1076 1832 τοῦ
1102 1778 1267 1833 Δαόὶδ
1294 1779 1539 1849 ῥήματα,

1947 1786 1954 1821 ι
1988 1768 2132 1825 dixit
2165 1770 2223 1825 in
2245 1771 2456 1841 psalmo
2487 1772 2614 1827 144.
2646 1771 2737 1829 Vis
2764 1772 2996 1828 Domino
3019 1773 3254 1850 canere?
3284 1789 3407 1844 quae

128 1872 200 1922 εὐ
226 1872 399 1935 adeo;
425 1868 605 1925 εἶπεν
631 1873 699 1924 ὲν
723 1870 805 1942 τῷ
846 1870 966 1941 ρμδ*
989 1869 1209 1942 ψαλμῷ.
1240 1864 1410 1942 ’ᾼσαι
1453 1868 1629 1933 θέλεις
1656 1867 1734 1940 τῷ

127 1962 328 2032 lapte»;
359 1961 528 2031 ἔχεις
566 1963 658 2024 εἰς
712 1961 776 2014 τὸ
803 1960 984 2028 λέγειν
1013 1961 1106 2015 τὸν
1159 1960 1244 2033 ιιβθ
1276 1961 1373 2014 καὶ
1440 1957 1545 2028 ιιξν.
1608 1959 1734 2015 Ἐάν

130 2054 304 2125 βαρὺς
354 2053 441 2107 ὢν
495 2052 830 2124 προκριθῇς
876 2054 956 2117 εἰς
980 2053 1154 2125 ἀρχήν
1201 2068 1321 2106 τινα
1343 2051 1453 2105 τῶν
1490 2050 1735 2122 ἀδελφῶν

130 2163 225 2209 πυ,
255 2147 331 2217 μὴ
360 2146 628 2214 ὲτ-..αίρου
665 2146 793 2199 κατ’
824 2144 1040 2200 αὐτῶνθ
1094 2143 1231 2200 ἀλλά
1274 2143 1352 2216 τῷ
1388 2143 1735 2217 ἐκλεξαμένῳ

128 2238 297 2306 Κυρίῳ
326 2237 530 2299 διδοὺς
563 2235 757 2299 δόξαν,
783 2235 950 2305 ψάλλε
977 2236 1070 2289 καὶ
1096 2235 1160 2288 σὺ
1190 2234 1282 2289 τὸν
1315 2240 1426 2306 ρνα¹
1455 2233 1584 2287 ῐδιον
1604 2232 1735 2288 ὄντα

60 2364 65 2379 .
128 2328 207 2381 «ὦ
238 2329 427 2382 Δαδίδ.
480 2328 670 2383 Ἀλλά
704 2328 884 2391 θέλεις
904 2327 1125 2397 ψάλλειν
1155 2322 1404 2426 Praxqu
1425 2324 1648 2397 ἔχοντας
1671 2325 1733 2378 τὸ

140 2418 472 2489 ’Δλληλοὺῖα,
508 2417 678 2488 ἔχεις
713 2416 807 2470 τὸν
839 2417 938 2488 ρδ’,
974 2422 1045 2487 ρε⁹
1070 2457 1084 2480 ,
1118 2411 1230 2487 ρξ’,
1261 2411 1364 2487 ρια¹
1384 2456 1399 2480 ,
1431 2413 1532 2486 ριβ⁹
1552 2452 1569 2479 ,
1603 2418 1729 2485 ριγ’,

134 2511 231 2580 pus,
252 2510 375 2581 με’.
409 2507 573 2581 ρεςκ
610 2507 742 2580 act".
773 2514 900 2580 ριη’»
933 2505 1060 2577 ρλδ’.
1082 2507 1210 2579 ρλέ.
1233 2510 1374 2578 ρμεό
1405 2511 1558 2577 ρμς’.
1585 2504 1730 2576 est”.

135 2611 259 2673 sint.
288 2603 451 2673 ρμθκ
495 2608 612 2673 ρ·δό

191 2702 294 2760 ις’.
329 2696 474 2747 Ὅτε
512 2693 582 2746 δὲ
606 2691 779 2764 θέλῃς
807 2692 926 2745 κατ’
954 2689 1090 2743 ἰδίαν
1121 2688 1192 2743 τὰ
1214 2687 1460 2763 περὶτοῦ
1481 2688 1732 2761 Σωτῆρος

130 2786 355 2857 {illam
388 2789 456 2839 ὲν
486 2783 730 2854 ἑκάστῳ
768 2783 867 2853 μὲν
897 2781 1083 2853 σχεδὸν
1116 2780 1393 2852 εὑρίσκεις
1422 2778 1621 2850 ψαλμῷ
1665 2777 1734 2831 τὰ

133 2880 360 2933 τοιαῦταο
392 2879 562 2949 ἔχεις
583 2877 650 2929 δὲ
680 2875 916 2947 μάλιστα
940 2874 1032 2927 τὸν
1058 2873 1157 2945 μὲν
1186 2869 1268 2943 με
1291 2872 1385 2926 καὶ
1403 2871 1497 2925 τὸν
1528 2870 1611 2944 ΡΘ,
1638 2870 1735 2941 an.

133 2971 332 3034 ialm;
358 2971 473 3041 τὴν
513 2972 587 3022 ἐκ
621 2966 721 3021 τοῦ
756 2966 974 3039 Πατρὸς
1010 2964 1174 3019 αὐτοῦ
1213 2964 1444 3037 γνησίαν
1480 2962 1733 3033 γέννησιν

132 3065 209 3115 u‘:
230 3066 327 3133 τὴν
356 3064 657 3134 ἔνσαρκον
690 3057 862 3113 αὑτοῦ
898 3058 1235 3131 παρουσίαν·
1284 3056 1376 3111 τὸν
1406 3055 1462 3108 δὲ
1510 3060 1595 3109 κα¹
1638 3053 1732 3107 καὶ
1759 3099 1801 3159 C

132 3154 197 3223 Er:
220 3155 616 3227 προλέγοντας
651 3152 784 3223 περὶ
835 3149 934 3203 τοῦ
961 3150 1104 3204 θείου
1139 3146 1407 3221 σταυροῦ,
1455 3146 1552 3201 καὶ
1597 3146 1729 3216 ὅσην

130 3246 344 3317 afﬁgi;
376 3242 711 3313 ἐπιϐουλὴν
747 3240 1054 3307 ἀνεδέξατο,
1112 3240 1207 3293 καὶ
1260 3239 1403 3292 πόσα
1459 3234 1694 3290 πέπονθε
1713 3251 1727 3266 ’

134 3341 209 3391 καὶ
235 3340 328 3391 τὸν
361 3339 475 3410 μὲν
506 3334 557 3406 β’
603 3334 706 3387 καὶ
736 3339 819 3405 ρη⁹
848 3331 1211 3403 σημαίνοντας
1248 3331 1347 3401 τήν
1383 3345 1439 3382 τε
1464 3326 1572 3380 τῶν
1597 3328 1729 3381 Ἰου-

134 3432 274 3484 δαίων
297 3427 621 3497 ὲπιὸουλὴν
656 3424 755 3478 καὶ
804 3424 1099 3495 πονηρίαν,
1145 3421 1242 3476 καὶ⁸
1291 3421 1391 3493 τὴν
1435 3419 1606 3474 Ἰούδα
1636 3419 1730 3473 τοῦ

146 3522 489 3594 Ἰσκαριώτου
548 3518 887 3590 προδοσίανδ
932 3516 1023 3568 τόν
1055 3532 1114 3568 τε
1141 3513 1212 3580 κ’,
1249 3514 1343 3567 κα)⁸
1389 3513 1498 3583 μθ’,
1533 3514 1630 3566 καὶ
1652 3517 1731 3566 οα¹

136 3616 277 3683 (nl)
311 3613 646 3686 δηλοῦντας
677 3611 780 3680 τήν
809 3625 870 3661 τε
905 3607 1181 3679 βασιλείαν
1214 3606 1378 3659 αὐτοῦ
1423 3605 1514 3659 καὶ
1551 3623 1729 3677 κριτι-

135 3706 500 3775 ιὲνδύναμιν,
530 3702 640 3757 καὶ
664 3700 769 3771 τὴν
796 3700 877 3763 είς
908 3699 1054 3770 ἡμᾶς
1082 3694 1247 3750 αὑτοῦ
1278 3695 1440 3750 πάλιν
1469 3693 1730 3764 ένσαρκον

136 3801 449 3869 παρουσίαν,
482 3794 598 3849 καὶ
626 3794 729 3864 τὴν
759 3790 954 3860 κλῆσιν
982 3789 1092 3842 τῶν
1120 3786 1311 3842 ἐθνῶν.
1344 3787 1453 3840 Καὶ
1474 3789 1503 3841 ὁ
1540 3786 1638 3857 μὲν
1670 3782 1731 3838 ιε’

134 3888 383 3943 δείκνυ-σιν
408 3884 605 3941 αὑτοῦ
637 3884 742 3954 τὴν
774 3884 841 3935 ἐκ
864 3880 1074 3952 νεκρῶν
1109 3880 1403 3933 ἀνάστασιν
1425 3893 1438 3908 ’
1473 3877 1502 3930 ὁ
1546 3876 1603 3929 δὲ
1643 3881 1729 3946 κγ’

135 3985 211 4034 καὶ
232 3990 326 4052 μς
353 3975 803 4048 ἀπαγγέλλουσι
825 3973 923 4045 τὴν
944 3974 1025 4036 εἰς
1040 3971 1300 4043 οὐρανοὺς
1320 3968 1502 4023 ἄνοδον
1527 3966 1692 4020 αὐτοῦ
1713 3983 1728 3999 ο

134 4072 208 4123 τὴν
230 4073 287 4125 δὲ
308 4072 431 4141 ιβ’,
477 4067 591 4122 καὶ
625 4062 730 4133 LLe',
773 4063 870 4117 xui.
901 4062 1006 4130 ις’,
1052 4062 1144 4115 καὶ
1190 4065 1278 4131 ι-ιη’
1318 4056 1728 4127 ἀναγινώσκων,

138 4162 393 4234 θεωρῆσαι
426 4158 654 4229 δυνήσῃ
688 4156 789 4218 τὰς
823 4154 903 4216 είς
928 4152 1076 4222 ἡμᾶς
1102 4150 1199 4204 τοῦ
1228 4149 1478 4219 Σωτῆρος
1503 4146 1593 4201 διὰ
1621 4144 1731 4201 τῶν

139 4254 473 4325 ποιημάτων
501 4245 682 4304 αὐτοῦ
720 4244 1020 4316 γενομένας
1052 4241 1393 4313 εὐεργεσίας.

194 4350 289 4413 κζ’.
322 4345 608 4406 Τοιοῦτος
632 4340 733 4412 μὲν
754 4336 849 4394 οὖν
874 4341 991 4393 ἐστι
1012 4338 1107 4391 καὶ
1124 4339 1153 4391 ὁ
1173 4334 1461 4407 χαρακτὴρ
1480 4334 1560 4397 είς
1587 4332 1731 4401 ὠφέ-

298 4443 424 4502 tot;
458 4433 789 4505 ἀνθρώποις
836 4434 901 4485 ὲκ
949 4429 1047 4500 τῆς
1090 4426 1271 4499 βίϐλου
1318 4424 1427 4478 τῶν
1458 4421 1726 4494 Ψαλμῶν,
1762 4451 1806 4506 D

143 4534 354 4603 τελούσης
376 4533 570 4601 αὐτῆς
610 4527 780 4589 ἰδίους
807 4523 1075 4594 ψαλμοὺς,
1097 4520 1192 4574 καὶ
1216 4521 1274 4573 ὲν
1294 4520 1408 4582 τοῖς
1434 4517 1639 4580 λοιποῖς
1671 4516 1728 4569 δὲ

145 4626 375 4695 περὶτῆς
404 4625 468 4675 ἐν
506 4618 732 4688 σώματι
759 4611 1060 4685 παρουσίας
1087 4609 1181 4664 τοῦ
1204 4607 1411 4680 Κυρίου
1437 4608 1471 4679 ή
1481 4604 1597 4676 μῶν
1633 4604 1729 4659 καὶ

144 4714 378 4786 Σωτῆρος
403 4710 598 4781 Ἰησοῦ
630 4704 868 4778 Χριστοῦ
896 4701 1230 4772 πυκνοτέρας
1248 4698 1345 4762 τάς
1372 4694 1728 4786 προφητείας,

145 4785 271 4861 πιθα
298 4810 607 4877 προεῖπον.
639 4800 741 4853 Διά
765 4797 817 4851 τί
842 4797 899 4850 δὲ
931 4794 1069 4866 μετὰ
1088 4793 1280 4864 μέλους
1307 4789 1403 4844 καὶ
1434 4786 1577 4859 ᾠδῆς
1595 4785 1733 4855 ψάλ-

140 4899 310 4953 λονται
332 4900 392 4952 οἱ
422 4894 672 4949 τοιοῦτοι
702 4890 874 4958 λόγοι,
905 4886 1199 4953 ἀναγκαῖον
1227 4881 1360 4954 μηδὲ
1397 4878 1555 4932 τοῦτο
1590 4894 1732 4949 παρ-

142 4993 327 5046 elisis.
356 4988 535 5050 Τινὲς
565 4985 667 5057 μὲν
699 4982 807 5052 γὰρ
834 4979 943 5033 τῶν
975 4979 1106 5048 παρ’
1138 4977 1267 5047 ἡμῖν
1294 4971 1590 5044 ἀκεραίων,
1609 4968 1733 5023 καί·

142 5098 215 5133 τοι
245 5078 637 5133 πιστευόντων
659 5068 799 5125 εἶναι
831 5069 1164 5122 θεόπνευστα
1188 5065 1258 5119 τὰ
1284 5065 1506 5135 ῥήματα
1524 5101 1540 5126 ,
1583 5061 1733 5131 ὅμως

140 5175 423 5241 νομίζουσι
469 5166 564 5220 διὰ
594 5164 660 5217 τὸ
684 5162 926 5232 εὔφωνον
977 5159 1073 5213 καί⁵
1098 5155 1344 5229 τέρψεως
1397 5152 1583 5206 ἕνεκεν
1632 5151 1731 5221 τῆς

144 5265 305 5335 ἀκυῆς
339 5257 705 5333 μελῳδείσθαι
730 5255 856 5316 τοὺς
884 5249 1151 5321 ψαλμοὺς.
1181 5247 1294 5301 Οὐκ
1318 5245 1510 5298 ἔστιδὲ
1529 5241 1728 5305 οὕτως·

143 5358 198 5407 m’
221 5358 337 5427 γὰρ
367 5355 430 5406 τὸ
458 5354 562 5425 ἡδὺ
592 5351 687 5404 καὶ
716 5346 943 5401 πιθανὸν
972 5342 1235 5415 ἐζήτησεν
1256 5344 1290 5414 ὴ
1322 5340 1510 5411 Γραφή
1530 5353 1545 5368 ⁸
1598 5335 1735 5390 άλλά

143 5452 233 5500 καὶ
254 5447 426 5501 τοῦτο
456 5444 729 5514 ὠφελείας
752 5440 942 5493 ἕνεκεν
966 5437 1066 5508 τῆς
1092 5436 1270 5506 ψυχῆς
1314 5431 1623 5486 τετύπωται
1647 5427 1737 5482 διὰ

148 5542 325 5595 πάντα
362 5539 490 5611 μὲν,
524 5537 757 5608 μάλιστα
785 5533 844 5586 δὲ
871 5530 959 5584 διὰ
991 5528 1086 5583 δύο
1114 5525 1284 5579 ταῦτα
1304 5542 1317 5555 ο
1361 5523 1580 5596 πρῶτον
1612 5519 1732 5590 μὲν,

145 5637 222 5687 Et:
255 5635 475 5704 ἔπρεπε
501 5632 600 5701 τὴν
631 5629 783 5682 θείαν
809 5626 848 5679 Γ
856 5622 1032 5697 ραφὴν
1065 5622 1139 5692 μὴ
1178 5620 1336 5690 μόνον
1362 5620 1428 5689 τῇ
1461 5613 1732 5684 συνεχείᾳ,

326 5727 424 5780 καὶ
471 5728 538 5795 τῇ
573 5724 712 5777 κατά
749 5719 955 5780 πλάτος
1007 5716 1157 5785 φωνῇ
1208 5712 1299 5767 τὸν
1352 5709 1485 5764 Θεὸν
1523 5708 1732 5779 ὑμνεῖν.

1834 1857 1985 1912 dicas
2013 1866 2314 1928 suppetunt
2351 1859 2407 1915 in
2438 1859 2509 1915 92
2540 1869 2596 1917 et
2624 1860 2716 1918 97.
2748 1862 2806 1916 Si
2832 1877 2956 1918 cum
2995 1847 3225 1934 pusillus
3258 1878 3409 1920 esses

1833 1947 2091 2018 praelatus
2120 1948 2198 2006 sis
2237 1952 2305 2005 ad
2339 1966 2501 2007 usum
2534 1954 2847 2024 quempiam
2886 1954 3116 2010 fratrum
3151 1962 3370 2011 tuorum
3390 1997 3407 2023 ,

1833 2053 1905 2095 ne
1936 2040 2196 2097 adversus
2227 2042 2351 2099 illos
2378 2044 2639 2101 extollare
2677 2062 2692 2099 :
2740 2045 2836 2102 sed
2882 2047 3108 2118 gloriam
3154 2047 3405 2108 Domino.

1835 2132 1929 2203 qui
1966 2142 2017 2188 te
2049 2134 2253 2206 elegit,
2296 2135 2566 2204 tribuens,
2593 2137 2763 2207 psalle
2794 2145 2849 2193 et
2882 2145 2939 2194 ω
2973 2139 3107 2204 151,
3135 2138 3231 2208 qui
3275 2151 3408 2208 pro-

1833 2225 1985 2294 prius
2017 2234 2101 2282 est
2131 2225 2373 2282 Davidis.
2410 2226 2518 2283 Sed
2551 2244 2745 2284 canere
2773 2230 2856 2285 vis
2879 2230 3121 2299 psalmos
3145 2243 3410 2285 resonan-

1833 2325 1915 2372 tes
1942 2317 2160 2373 laudem
2182 2317 2300 2386 Dei,
2319 2333 2417 2374 seu
2436 2320 2702 2376 habentes
2724 2320 2940 2375 titulum
2963 2321 3216 2385 Alleluia,
3241 2320 3408 2374 habes

1836 2408 1959 2473 106,
2001 2408 2284 2478 105,106,
2321 2410 2447 2476 111,
2500 2412 2778 2477 112,115,
2810 2410 3091 2476 114,115,
3124 2409 3247 2478 116,
3282 2410 3405 2474 117,

1835 2501 1961 2569 118,
1996 2501 2119 2569 154,
2154 2502 2426 2570 155,145,
2460 2501 2585 2569 146,
2620 2503 2745 2571 147,
2775 2501 2898 2566 148,
2930 2502 3056 2569 149,
3083 2501 3206 2558 150.

1900 2678 1991 2734 26.
2031 2679 2168 2735 Cum
2219 2679 2455 2736 volueris
2518 2694 2584 2734 ea
2632 2693 2755 2750 quae
2802 2678 3136 2734 Salvatorem
3189 2676 3408 2747 proprie

1834 2780 2080 2843 spectant
2102 2772 2333 2844 psallere
2367 2812 2384 2839 ,
2410 2771 2464 2826 in
2493 2770 2723 2841 singulis
2753 2786 2890 2842 pene
2914 2770 3141 2841 psalmis
3179 2769 3296 2825 hac
3317 2770 3407 2824 in-

1833 2863 2050 2920 venies:
2081 2863 2351 2934 prrecipue
2404 2870 2584 2916 autem
2609 2861 2777 2917 babes
2807 2862 2878 2917 14
2908 2869 2964 2917 et
2996 2859 3119 2928 109,
3148 2861 3243 2931 qui
3271 2875 3409 2931 prae-

1834 2955 2049 3026 cipuam
2076 2954 2195 3027 ejus
2227 2969 2291 3009 ex
2321 2952 2482 3009 Patre
2506 2953 2930 3023 generationem,
2959 2953 3189 3023 ejusque
3217 2952 3271 3006 in
3295 2967 3411 3007 cor;

1835 3062 1967 3118 pore
1989 3047 2283 3102 adventum
2317 3044 2747 3117 signiﬁcantﬁl
2781 3053 2836 3100 et
2862 3044 2954 3110 68,
2998 3044 3093 3114 qui
3123 3042 3191 3097 de
3223 3042 3407 3098 divina

1834 3154 1996 3196 cruce
2034 3139 2422 3209 pramuntiant,
2465 3146 2700 3209 quantas
2740 3151 2840 3208 pro
2885 3136 3047 3192 nobis
3089 3134 3411 3191 sustinuerit

1832 3229 2081 3293 insidias,
2112 3238 2168 3283 et
2188 3244 2354 3299 quam
2387 3230 2556 3284 multa
2577 3243 2775 3299 passus
2805 3228 2908 3294 sit;
2936 3236 2990 3283 et
3020 3226 3322 3282 secundum
3353 3235 3410 3280 et

1834 3319 1958 3384 108,
1985 3320 2290 3375 iudicantes
2321 3318 2635 3374 Judaeorum
2670 3318 2896 3374 insidias
2930 3318 3322 3388 malitiamque,
3351 3324 3408 3372 et

1831 3410 1985 3467 ludat
2023 3411 2298 3466 lscariotaa
2337 3410 2740 3481 proditionem;
2780 3418 2836 3466 et
2874 3410 3193 3465 vicesimum
3218 3447 3236 3475 ,
3270 3408 3402 3466 item

1832 3500 1901 3556 49
1928 3510 1982 3556 et
2011 3501 2110 3568 71,
2159 3500 2531 3571 signiﬁcantes
2580 3514 2808 3571 regnum
2859 3498 2982 3569 ejus
3034 3508 3091 3554 et
3125 3498 3407 3567 iudicandi

1831 3597 2180 3662 potestatem,
2211 3603 2419 3644 necnon
2470 3586 2772 3642 secundum
2795 3586 2915 3656 ejus
2942 3586 2997 3640 in
3024 3599 3190 3640 carne
3212 3582 3282 3638 ad
3306 3598 3409 3638 nos

1832 3684 2165 3745 adventum,
2223 3687 2280 3734 et
2335 3677 2671 3733 vocationem
2718 3677 2983 3746 gentium.
3045 3673 3115 3729 Et
3162 3674 3408 3743 decimus

1832 3773 2060 3845 quintus
2093 3772 2337 3828 declarat
2385 3770 2505 3841 ejus
2546 3783 2578 3824 a
2628 3769 2861 3824 mortuis
2895 3766 3353 3824 resurrectionem
3388 3785 3404 3821 :

1834 3868 2133 3924 vicesimus
2158 3866 2354 3921 tertius
2388 3873 2442 3920 et
2483 3862 2935 3935 quadragesimus
2979 3870 3168 3918 sextus
3194 3877 3407 3915 annun-

1832 3960 1972 4015 tiant
2003 3958 2122 4029 ejus
2155 3957 2224 4012 ad
2268 3955 2438 4012 crelos
2462 3969 2776 4011 ascensum.
2808 3952 2945 4008 Cum
2988 3961 3170 4008 autem
3209 3952 3407 4023 legeris

1831 4048 2243 4122 nonagesimum
2257 4045 2580 4111 secundum,
2594 4054 2648 4099 et
2668 4044 2758 4110 95,
2775 4054 2830 4099 et
2844 4043 2934 4111 97,
2953 4052 3008 4099 et
3032 4042 3125 4112 98,
3144 4041 3407 4097 beneﬁcia

1833 4142 2134 4198 Salvatoris
2168 4155 2265 4212 per
2302 4138 2581 4197 cruciatus
2605 4137 2724 4208 ejus
2770 4136 2930 4192 nobis
2965 4134 3161 4191 collata
3202 4132 3406 4204 poteris

1831 4231 2210 4301 contemplari.
3011 4255 3015 4257 λ

1896 4326 1989 4382 27.
2046 4324 2195 4379 Talis
2217 4331 2300 4378 est
2336 4322 2621 4378 character
2653 4318 2777 4373 libri
2819 4314 3163 4369 Psalmorum
3204 4309 3271 4363 ad
3302 4307 3404 4362 bo-

1833 4420 2041 4475 minum
2090 4417 2379 4473 utilitatem
2446 4408 2926 4471 accommodatus;
2981 4416 3123 4473 quos
3181 4400 3403 4470 quidem

1834 4511 2074 4583 psalmos
2115 4509 2256 4563 alios
2281 4508 2349 4561 ad
2377 4500 2814 4559 emendationem
2861 4503 3106 4549 motuum
3156 4492 3403 4563 singula—

1831 4582 1951 4658 rum
1972 4600 2276 4655 animarum
2292 4593 2634 4663 conscriptos
2648 4604 2791 4656 esse,
2810 4588 3053 4660 reliquos
3070 4601 3199 4641 vero
3227 4585 3296 4639 de
3311 4582 3405 4639 ad-

1831 4703 1995 4750 ventu
2019 4692 2073 4746 in
2091 4702 2321 4759 corpore
2341 4682 2558 4740 Domini
2580 4682 2752 4738 nostri
2770 4679 2903 4736 Iesu
2925 4676 3127 4734 Christi
3149 4674 3405 4745 frequen-

1832 4789 2001 4843 tiores
2042 4782 2243 4837 babere
2284 4776 2621 4850 prophetias,
2655 4773 2913 4845 superius
2956 4770 3216 4826 diximus.
3261 4763 3404 4832 Quid

1832 4893 2011 4934 causa;
2064 4882 2245 4930 autem
2314 4871 2407 4935 sit,
2447 4867 2592 4940 quod
2645 4863 2915 4937 ejusmodi
2960 4873 3243 4918 sermones
3276 4870 3402 4911 cum

1833 4967 2206 5026 modulatione
2253 4972 2307 5019 et
2335 4971 2499 5017 cantu
2536 4959 2859 5030 psallantur,
2894 4964 3237 5023 nequaquam
3264 4962 3407 5017 prae-

1834 5056 2237 5115 termittendum
2261 5061 2365 5108 est.
2410 5050 2642 5118 Quidam
2675 5048 2821 5103 enim
2874 5046 3016 5100 inter
3054 5056 3155 5096 nos
3196 5037 3405 5107 simpli-

1834 5152 2033 5214 ciores.
2065 5145 2278 5202 tametsi
2322 5145 2552 5198 credunt
2586 5139 2753 5195 verba
2787 5151 2909 5192 esse
2934 5131 3198 5188 divinitus
3232 5128 3405 5199 inSpi-

1835 5252 1985 5308 rata,
2028 5239 2366 5295 arbitrantur
2411 5244 2591 5289 tamen
2640 5230 2713 5285 ob
2767 5226 2887 5283 suni
2936 5223 3260 5281 suavitatem
3303 5232 3403 5274 vo-

1835 5338 2205 5406 luptatemque
2248 5329 2463 5385 aurium
2509 5323 2753 5397 psalmos
2785 5319 2929 5375 cani.
2964 5318 3035 5371 At
3062 5326 3401 5385 nequaquam

1834 5428 1911 5483 ita
1943 5443 2000 5482 se
2035 5442 2119 5480 res
2146 5424 2348 5490 habet;
2381 5436 2488 5475 non
2516 5416 2662 5472 enim
2712 5427 2905 5477 suave,
2946 5419 3042 5466 aut
3091 5406 3405 5464 demulcens

1837 5519 2084 5590 quaesivit
2121 5514 2401 5583 Scriptura
2432 5529 2447 5565 :
2479 5508 2573 5565 sed
2608 5506 2662 5561 id
2688 5519 2907 5576 quoque
2936 5502 3003 5558 ad
3031 5501 3226 5556 animae
3259 5495 3409 5590 utili-

1838 5586 1999 5667 tatem
2018 5606 2375 5663 constitutum
2399 5608 2503 5663 est,
2521 5596 2800 5662 omnibus,
2819 5594 2913 5651 sed
2927 5592 3146 5648 duabus
3168 5586 3404 5642 maxime

1838 5703 1904 5759 de
1924 5699 2105 5757 causis
2139 5715 2153 5766 ;
2182 5696 2379 5767 primo,
2406 5691 2534 5763 quia
2568 5687 2751 5744 decuit
2797 5684 3034 5741 divinam
3069 5677 3404 5751 Scripturam
