3698 6268
263 277 334 334 59
1112 267 1171 324 S.
1212 261 1582 320 ATHANASH
1617 261 1770 319 OPP.
1815 259 1891 314 PA

2064 253 2115 308 ll.
2163 284 2228 332 1-
2268 249 2686 307 EXEGETICA.
3428 244 3496 297 40

268 412 376 452 non
428 404 777 463 compressa,
828 387 923 445 sed
981 388 1036 442 in
1109 385 1398 442 latitudine
1453 383 1604 439 vocis
1664 382 1891 456 Deum!

2064 379 2095 432 ἁ
2123 373 2411 444 συνέχειαν
2445 373 2544 444 μὲν
2568 364 2662 424 οὖν
2690 366 2924 440 εἴρηται,
2955 357 3045 418 οἶὰ
3071 365 3187 415 ἐστι
3211 357 3280 411 τὰ
3308 357 3402 411 τοῦ
3425 358 3506 411 vri-

270 488 486 560 hymnis
524 484 815 540 celebrare.
863 479 1135 535 Continua
1186 478 1349 549 igitur
1371 477 1618 531 oratione
1643 474 1851 545 dicun-_

273 589 364 633 tur
419 577 554 648 legis
595 585 651 630 et
690 571 1078 644 prophetarum
1107 569 1290 632 verba,
1329 580 1542 621 necnon
1599 564 1843 619 historia:

274 684 487 733 omnes,
522 681 646 722 cum
678 663 827 719 Novo
851 661 1241 725 Testamento;
1288 657 1465 713 fusius
1499 664 1678 710 autem
1711 653 1842 709 effe-

278 769 473 814 runtur
516 758 869 828 psalmorum.
901 750 1127 806 odarum
1166 757 1222 802 et
1269 749 1609 802 canticorum
1636 744 1837 809 verba;

278 861 441 922 atque
471 850 542 903 ita
577 855 823 902 servatur
853 843 1006 908 illud,
1033 851 1092 895 ut
1125 839 1372 894 homines
1402 838 1534 892 totis
1563 836 1770 890 viribus
1793 843 1847 889 et.

281 953 391 998 tota
418 943 612 996 virtute
636 938 802 992 Deum
823 936 1067 1006 diligant.
1097 932 1367 996 Secundo,
1391 928 1848 1002 quemadmodum

282 1031 590 1096 harmonia,
616 1029 780 1082 tibias
801 1034 923 1095 apte
948 1036 1302 1092 componens,
1323 1035 1491 1074 unum
1525 1026 1849 1072 concentum

283 1125 463 1188 edicit,
495 1123 567 1176 ita
589 1136 712 1176 cum
744 1120 795 1172 in
823 1117 1000 1170 anima
1019 1114 1152 1168 varii
1184 1114 1291 1168 sint
1311 1120 1488 1166 motus
1514 1111 1749 1178 insitque
1770 1106 1852 1162 vis

283 1213 591 1286 cegitandi,
649 1207 1094 1278 concupiscendi,
1151 1202 1455 1267 irascendi,
1504 1217 1569 1256 ex
1620 1214 1852 1270 quarum

285 1308 522 1362 motione
575 1303 944 1358 membrorum
998 1297 1246 1367 corporis
1300 1293 1543 1364 operatio
1590 1291 1851 1356 exoritur,

287 1399 427 1455 ratio
456 1395 692 1468 postulat
731 1391 1008 1448 hominem
1049 1402 1234 1444 secum
1271 1402 1378 1440 non
1405 1384 1716 1446 dissentire,
1758 1397 1856 1436 nec

292 1506 323 1545 a
358 1488 648 1556 semetipso
693 1483 957 1538 dissidere
1005 1499 1018 1536 :
1055 1480 1128 1534 ita
1168 1487 1228 1534 ut
1275 1476 1478 1546 Optima
1507 1475 1724 1545 quidem
1761 1488 1858 1528 co-

294 1575 444 1644 gitet,
472 1571 709 1642 pessima
738 1583 866 1623 vero
893 1565 1077 1632 faciat,
1110 1573 1171 1618 ut
1196 1562 1428 1627 Pilatus,
1456 1562 1548 1631 qui
1571 1561 1706 1613 dixit
1732 1558 1857 1628 qui-

293 1667 414 1718 dem
451 1681 464 1718 :
501 1660 723 1716 Nullam
767 1673 984 1712 causam
1032 1659 1216 1709 mortis
1268 1652 1471 1706 invenio
1528 1651 1583 1703 in
1636 1649 1730 1702 illo
1781 1649 1856 1714 ";

1945 489 2046 543 μου
2077 469 2172 523 καὶ
2199 467 2308 522 τῶν
2327 462 2652 538 προφητῶν,
2679 461 2772 514 καὶ
2801 458 2870 511 τὰ
2919 453 3275 526 ἱστορούμενα
3311 452 3504 516 πάντα,

1946 538 2087 632 μετὰ
2115 556 2217 628 τῆς
2243 554 2456 624 Καινῆς
2515 551 2791 621 Διαθήκης
2811 561 2824 575 ⁸
2857 543 3000 599 κατὰ
3042 541 3241 604 πλάτος
3271 540 3331 593 δὲ
3363 538 3511 607 λέγε-

1944 628 2057 715 ται,
2086 644 2175 704 οἴὰ
2191 649 2306 701 ἐστι
2331 644 2401 699 τὰ
2423 643 2530 698 τῶν
2555 639 2785 712 ψαλμῶν
2821 635 2916 690 καὶ
2952 633 3103 706 ᾠδῶν
3129 631 3224 684 καὶ
3257 628 3510 702 ᾀσμάτων

1947 744 2196 816 ῥήματαο
2226 740 2320 793 καὶ
2344 737 2516 800 οὕτως
2542 733 2650 805 γὰρ
2686 730 2987 801 σωθήσεται
3002 727 3063 780 τὸ
3091 723 3150 788 ἐξ
3179 723 3306 794 ὅλης
3337 719 3510 792 ἰσχύος

1947 815 2347 904 καὶδυνάμεως
2399 829 2620 900 ἀγαπᾷν
2663 824 2756 879 τὸν
2809 823 2942 877 Θεὸν
2995 821 3120 883 τοὺς
3173 815 3508 888 ἀνθρώπους.

1947 927 2206 998 Δεύτερον
2236 923 2316 988 δὲ,
2351 923 2454 984 ᾶτι,
2489 921 2677 990 ῶσπερ
2705 913 2938 989 ἁρμονία
2961 913 3087 975 τοὺς
3111 910 3305 972 αὐλοὺς
3335 919 3513 960 συντι-

1951 992 2128 1072 θεῖσα.
2149 1013 2276 1086 μίαν
2317 1011 2416 1084 τὴν
2445 1007 2762 1080 συμφωνίαν
2794 1001 3064 1063 ἀποτελεῖ,
3113 999 3306 1060 οὕτως,
3335 992 3516 1064 ἐπειδὴ

1951 1107 2044 1162 καὶ
2074 1109 2132 1160 ὲν
2151 1083 2223 1176 ’τῇ
2239 1083 2384 1175 ψυχῇ
2405 1101 2636 1171 διάφορα
2657 1096 2934 1165 κινήματα
2957 1091 3229 1161 φαίνεται,
3259 1086 3351 1138 καὶ
3373 1083 3517 1136 ἔστιν

1953 1199 2012 1252 ὲν
2045 1198 2181 1268 αὐτῇ
2301 1173 2632 1263 λογίζεσθαι,
2666 1187 2758 1242 καὶ
2785 1184 2844 1238 τὺ
2868 1183 3174 1252 ἐπιθυμεῖν,
3215 1177 3309 1231 καὶ
3337 1176 3396 1228 τὸ
3426 1173 3520 1225 θυ-

1959 1263 2186 1362 μοειδὲς,
2215 1285 2280 1339 ὲκ
2299 1285 2356 1338 δὲ
2379 1283 2476 1353 τῆς
2499 1279 2704 1334 τούτων
2728 1277 2993 1348 κινήσεως
3021 1271 3114 1324 καὶ
3138 1272 3172 1340 ἡ
3200 1268 3308 1321 τῶν
3348 1263 3521 1336 μελῶν

1956 1356 2161 1448 γίνεται
2185 1375 2279 1430 τοῦ
2317 1373 2566 1445 σώματος
2595 1369 2866 1442 ἐνέργεια,
2903 1363 3150 1437 βούλεται
3181 1362 3210 1413 ὁ
3233 1361 3388 1428 λόγος
3444 1356 3524 1427 μὴ

1957 1469 2281 1546 ἀσύμφωνον
2309 1461 2445 1521 εἶναι
2465 1463 2556 1518 τὸν
2602 1462 2884 1532 ἄνθρωπον
2916 1454 3114 1526 ἐαυτῷ,
3153 1452 3286 1524 μηδὲ
3325 1450 3527 1503 διίστα-

1961 1561 2082 1614 σθαι
2287 1556 2475 1610 ἑαυτόν
2495 1570 2508 1584 ·
2543 1553 2685 1606 ὥστε
2707 1547 3012 1619 λογίζεσθαι
3046 1546 3141 1616 μὲν
3165 1541 3234 1596 τὰ
3257 1541 3524 1612 βέλτιστα,

1963 1629 2221 1722 πράττειν
2247 1647 2305 1701 δὲ
2333 1645 2411 1716 τῷ
2433 1642 2590 1714 θυμῷ
2609 1641 2678 1695 τὰ
2709 1638 2907 1710 φαῦλα,
2939 1637 3014 1700 ὡς
3049 1637 3077 1688 ὁ
3102 1633 3329 1694 Πιλᾶτος
3354 1629 3528 1697 λέγων

296 1765 531 1810 attamen
575 1768 698 1808 cum
745 1749 1053 1805 Iudaeorum
1105 1746 1372 1802 sententia
1427 1741 1680 1798 convenit
1710 1746 1864 1807 :gaut

2064 1757 2099 1777 ι·
2131 1738 2428 1807 Οὑδεμίαν
2453 1735 2650 1789 αἰτίαν
2671 1732 2930 1800 εὑρίσκω
2949 1730 3034 1792 εις
3061 1724 3276 1779 αὐτόν’
3311 1719 3534 1791 συντρὲ-

298 1863 462 1918 prava
506 1845 877 1914 concupiscat,
929 1856 1037 1894 non
1075 1837 1248 1909 possit
1287 1846 1468 1892 autem
1522 1841 1862 1904 perpetrare,

300 1950 358 1994 ut
383 1953 537 1994 senes
572 1937 625 1990 in
663 1934 968 1990 Susannam
996 1950 1010 1986 :
1043 1939 1138 1985 aut
1180 1944 1397 1984 rursum
1436 1942 1464 1980 a
1508 1923 1866 1980 fornicatione

302 2030 573 2085 abstineat
626 2027 869 2097 quidem,
924 2023 1021 2079 sed
1071 2020 1311 2088 foretur;
1362 2027 1457 2073 aut
1497 2033 1605 2072 non
1658 2014 1869 2070 furetur

302 2121 545 2192 quidem,
594 2119 688 2175 sed
720 2117 961 2185 occidat;
1004 2123 1100 2170 aut
1147 2127 1256 2168 non
1307 2111 1537 2178 occidat,
1590 2109 1684 2164 sed
1725 2107 1870 2162 blas-

303 2215 539 2283 pliemet.

375 2305 464 2358 28.
509 2301 588 2359 Ne
634 2303 816 2372 itaque
853 2301 1037 2371 aliqua
1082 2297 1396 2369 huiusmodi
1449 2294 1788 2366 perturbatio
1817 2291 1872 2345 in

309 2395 464 2450 nobis
499 2395 590 2461 sit,
639 2393 780 2448 ratio
827 2390 1085 2462 postulat,
1138 2398 1197 2444 ut
1244 2389 1448 2452 anima,
1501 2401 1642 2456 quae,
1692 2393 1755 2438 ut
1801 2382 1876 2436 ait

308 2485 599 2555 Apostolus
633 2484 714 2551 ",
755 2483 960 2537 Christi
995 2491 1232 2536 mentem
1279 2479 1462 2542 habet,
1502 2492 1564 2531 ea
1593 2477 1730 2530 duce
1757 2482 1875 2528 uta-

311 2585 418 2634 tur,
472 2584 636 2643 atque
681 2586 774 2642 per
828 2572 973 2625 illam
1023 2568 1189 2623 animi
1237 2567 1462 2621 aﬂ‘ectus
1505 2566 1776 2628 cohibeat,
1825 2571 1878 2618 et

310 2665 556 2735 corporis
591 2662 848 2716 membris
877 2661 1137 2729 imperet,
1177 2673 1288 2728 quo
1334 2656 1538 2711 rationi
1577 2655 1879 2722 obsequan-

313 2769 433 2821 tur;
471 2755 698 2810 utsicut
736 2754 790 2808 in
827 2751 1113 2807 harmonia
1145 2751 1430 2821 plectrum,
1463 2749 1539 2803 ita
1566 2748 1683 2816 ipse
1716 2748 1879 2800 homo

314 2848 469 2918 quasi
501 2845 814 2918 psalterium
845 2843 1089 2908 effectus,
1125 2852 1178 2897 et
1214 2842 1428 2912 spiritui
1457 2839 1680 2894 omnino
1705 2837 1882 2891 inten-

315 2949 424 3004 tus,
471 2938 726 2992 omnibus
776 2934 1036 2990 membris
1096 2934 1445 3005 motibusque
1501 2930 1618 2985 suis
1666 2927 1883 2982 obediat

317 3028 682 3096 inserviatque
727 3025 821 3080 Dei
870 3022 1158 3079 voluntati.
1203 3019 1514 3076 Istiusmodi
1558 3027 1738 3073 autem
1781 3017 1884 3070 im-

317 3120 611 3191 perturbati
651 3126 704 3172 et
729 3117 898 3172 sedati
926 3114 1095 3169 animi
1127 3114 1308 3182 imago
1341 3123 1608 3182 typusque
1643 3119 1726 3163 est
1759 3109 1883 3162 har-
1910 3079 1955 3141 ο

319 3210 535 3264 monica
583 3209 674 3262 illa
741 3205 1084 3261 Psalmornm
1163 3201 1343 3255 lectio.
1418 3196 1912 3271 Quemadmodum‘

319 3303 464 3356 enim
510 3299 708 3365 verbis,
766 3312 887 3368 quae
933 3292 1281 3364 proferimus,
1334 3289 1503 3344 animi
1535 3288 1887 3358 cogitationes

322 3392 603 3463 prodimus
635 3400 796 3458 atque
821 3387 1120 3442 indicamus
1149 3401 1164 3438 :
1201 3384 1282 3437 sic
1313 3396 1437 3436 cum
1470 3379 1804 3449 spiritualem
1834 3378 1890 3431 in

323 3485 505 3538 anima
548 3479 889 3535 harmoniam
920 3517 934 3542 ,
963 3475 1250 3530 verborum
1299 3472 1685 3538 modulatione,
1732 3468 1892 3540 quasi

326 3574 572 3646 symbolo
620 3568 917 3640 significari
965 3567 1097 3622 velit
1129 3565 1414 3627 Dominus,
1462 3561 1626 3632 jussit
1681 3570 1740 3615 ut
1767 3575 1891 3614 cum

327 3667 696 3722 modulatione
740 3662 1084 3734 psalleretur,
1130 3669 1292 3728 atque
1341 3655 1535 3727 psalmi
1581 3669 1703 3708 cum
1731 3660 1894 3708 cantu

328 3759 710 3814 recitarentur.
759 3754 827 3809 Et
879 3754 1012 3808 illud
1058 3761 1143 3806 est
1190 3752 1385 3804 animae
1434 3745 1786 3808 desiderium,
1836 3750 1897 3796 ut

331 3862 475 3905 recte
509 3848 698 3922 aﬁecta
739 3855 798 3901 et
841 3843 1142 3914 composita
1174 3842 1264 3904 sit,
1301 3850 1359 3893 ut
1402 3840 1660 3907 scriptum
1695 3843 1779 3889 est
1809 3831 1894 3886 ἰς

332 3939 570 3994 Lwtatur
599 3939 716 4008 quis
756 3937 811 3989 in
850 3934 992 3988 vobis
1018 3936 1042 3990 ?
1085 3931 1307 4003 psallat.
1356 3928 1470 3982 Hoc
1499 3928 1659 3981 modo
1689 3925 1735 3980 si
1767 3923 1899 3995 quid

333 4032 388 4086 in
415 4046 476 4084 ea
534 4027 922 4092 turbulentum,
964 4038 1214 4094 asperum
1251 4030 1304 4074 et
1343 4017 1760 4088 incompositum
1797 4027 1898 4080 est,

335 4120 637 4194 psalinodia
691 4119 1028 4187 mitigatur;
1087 4114 1298 4168 tristitia
1341 4127 1472 4166 vero
1515 4111 1721 4164 levatur
1752 4107 1901 4179 psal-

335 4213 570 4267 lentibus
596 4210 752 4264 nobis
778 4227 790 4263 :
816 4209 992 4272 Quare
1015 4206 1181 4258 tristis
1203 4220 1278 4269 es,
1310 4204 1489 4255 anima
1518 4215 1651 4261 mea,
1676 4207 1724 4251 et
1745 4212 1904 4266 quare

337 4300 618 4357 conturbas
639 4293 718 4352 me
745 4298 790 4330 "
815 4297 839 4351 ’Ξ
879 4297 1134 4351 Errorem
1174 4307 1302 4347 vero
1331 4305 1493 4345 suum
1524 4296 1783 4358 agnoscet
1819 4285 1904 4339 di-

338 4393 549 4448 cendo:
590 4391 694 4446 Mei
733 4399 908 4442 autem
938 4402 1064 4458 pene
1089 4385 1217 4438 moti
1259 4392 1378 4454 sunt
1416 4381 1570 4452 pedes
1611 4379 1678 4433 “.
1708 4377 1902 4431 Melum

340 4493 519 4538 autem
549 4497 645 4552 spe
681 4480 1024 4536 confirmabit
1069 4478 1255 4532 dicens
1286 4494 1298 4530 :
1343 4474 1598 4530 Dominus
1642 4471 1768 4525 mihi
1803 4469 1903 4523 ad-

343 4573 501 4636 iutor,
535 4581 584 4624 et
611 4587 715 4624 non
753 4570 941 4624 timebo
961 4569 1085 4640 quid
1107 4567 1272 4638 faciat
1299 4566 1427 4619 mihi
1454 4566 1607 4619 homo
1635 4563 1702 4617 ".

414 4858 506 4913 29.
562 4854 665 4923 Qui
695 4853 858 4924 igitur
892 4851 994 4905 hoc
1019 4849 1181 4903 modo
1213 4847 1396 4902 divina
1425 4847 1636 4901 cantica
1681 4859 1789 4900 non
1833 4847 1911 4901 le-

349 4959 500 5019 gunt,
542 4962 648 5001 non
695 4946 987 5016 prudenter
1028 4939 1286 5010 psallunt,
1333 4939 1426 4994 sed
1464 4953 1585 4993 sese
1617 4938 1908 5005 oblectant,

322 5040 600 5111 ,culpandi
651 5052 805 5100 sane,
858 5035 984 5105 quia
1021 5032 1141 5087 Non
1179 5042 1254 5086 est
1290 5031 1522 5100 speciosa
1575 5035 1694 5084 taus
1739 5034 1794 5084 in
1825 5048 1912 5086 ore

348 5131 637 5200 peccatoris
681 5129 746 5182 ⁸⁸.
796 5127 899 5193 Qui
932 5135 1110 5180 autem
1148 5123 1404 5195 praedicto
1462 5122 1624 5178 modo
1655 5123 1912 5193 psallunt,

352 5227 425 5280 ita
467 5233 526 5278 ut
549 5223 838 5278 verborum
880 5217 1179 5274 modulatio
1233 5232 1299 5271 ex
1339 5215 1533 5270 animat
1582 5217 1823 5272 numeris
1863 5227 1917 5272 et

353 5333 420 5371 ex
448 5316 804 5372 consonantia
844 5327 968 5368 cum
1003 5311 1196 5380 spiritu
1243 5307 1573 5379 proferatur,
1627 5309 1684 5364 hi
1732 5311 1916 5382 lingua

355 5407 573 5477 quidem
619 5403 876 5474 psallunt,
923 5402 1214 5472 psallentes
1255 5408 1434 5454 autem
1465 5407 1518 5454 et
1563 5411 1762 5466 mente,
1805 5419 1915 5460 non

1965 1851 2074 1904 χων
2095 1831 2153 1885 δὲ
2177 1833 2243 1901 τῇ
2278 1827 2471 1900 γνώμῃ
2509 1824 2617 1881 τῶν
2660 1821 2930 1878 Ἰουδαίων
2956 1835 2969 1850 ο
3020 1818 3052 1888 ἦ
3108 1814 3393 1886 ἐπιθυμεῖν
3430 1813 3532 1884 μὲν

1964 1900 2034 1976 τὰ
2061 1900 2259 1992 φαῦλα,
2321 1917 2396 1991 μὴ
2446 1913 2707 1969 δύνασθαι
2749 1912 2806 1965 δὲ
2848 1910 3144 1982 πράττειν,
3193 1905 3267 1968 ῶς
3305 1904 3353 1956 οἱ
3392 1900 3535 1955 κατὰ

1968 2014 2271 2084 Σουσάννης
2323 2009 2711 2082 πρεσϐύτεροι⁹
2737 2006 2770 2074 ἢ
2806 2002 2965 2057 πάλιν
2995 1999 3069 2071 μὴ
3103 1993 3370 2069 μοιχεύειν
3414 1993 3535 2064 μὲν,

1968 2107 2221 2162 κλέπτειν
2256 2102 2314 2157 δέ
2333 2121 2347 2134 ’
2375 2102 2410 2174 ἢ
2438 2100 2512 2174 μὴ
2542 2099 2794 2153 κλέπτειν
2839 2095 2955 2165 μὲν,
2989 2089 3232 2160 φονεύειν
3273 2087 3328 2140 δέ
3348 2103 3363 2117 ·
3393 2084 3426 2154 ἢ
3457 2084 3541 2156 μὴ

1972 2196 2216 2270 φονεύειν
2239 2193 2359 2268 μὲν,
2386 2191 2724 2264 βλασφημεῖν
2749 2185 2827 2239 δέ.

2043 2295 2146 2362 κη’.
2170 2267 2266 2342 ἰν’
2291 2282 2383 2341 οῦν
2418 2283 2492 2354 μὴ
2513 2280 2736 2350 τοιαύτη
2775 2295 2857 2342 τις
2889 2277 2948 2329 ὲν
2984 2277 3117 2346 ἡμῖν
3147 2269 3357 2342 ταραχὴ
3391 2267 3549 2337 γίνη-

1973 2401 2083 2446 ται,
2101 2359 2255 2434 *θέλει
2286 2379 2384 2450 τὴν
2408 2376 2584 2448 ψυχὴν
2609 2376 2636 2427 ό
2660 2372 2817 2440 λόγος
2849 2369 3077 2440 ἔχουσαν
3125 2363 3359 2436 Χριστοῦ
3394 2359 3546 2422 νοῦν,

1975 2475 2049 2537 ῶς
2069 2469 2220 2526 εἶπεν
2251 2475 2279 2526 ὁ
2321 2464 2847 2534 ’Λπόστολος,τούτῳ
2871 2458 3200 2530 καθηγεμόνι
3222 2451 3551 2526 χρήσασθαι,

1979 2566 2074 2620 καὶ
2102 2567 2159 2618 ὲν
2189 2562 2363 2632 τούτῳ
2409 2561 2516 2614 τῶν
2542 2559 2638 2630 μὲν
2669 2559 2726 2610 ὲν
2758 2556 2894 2624 αὐτῇ
2947 2548 3262 2621 παθητικῶν
3305 2546 3552 2616 κρατεῖν,

1977 2657 2086 2710 τῶν
2111 2656 2168 2708 δὲ
2196 2654 2287 2707 τοῦ
2317 2652 2562 2721 σώματος
2594 2647 2769 2720 μελῶν
2797 2646 3006 2716 ἄρχειν,
3032 2643 3111 2706 εἰς
3158 2641 3218 2693 τὸ
3257 2633 3557 2690 ὑπακούειν

1977 2747 2056 2820 τῷ
2077 2747 2237 2815 λόγῳ·
2275 2744 2381 2809 ἵνα,
2410 2743 2485 2806 ὼς
2514 2743 2570 2793 ὲν
2594 2738 2825 2812 ἁρμονίᾳ
2851 2737 2911 2788 τὸ
2933 2735 3225 2804 πλῆκτρον,
3255 2731 3425 2791 οὕτως
3455 2729 3560 2780 αὑ·

1979 2816 2070 2900 τος
2108 2836 2136 2888 ὁ
2165 2833 2448 2905 ἄνθρωπος
2472 2829 2767 2900 ψαλτήριον
2796 2827 3102 2896 γενόμενος,
3159 2822 3251 2875 καὶ
3287 2819 3362 2890 τῷ
3393 2816 3563 2869 πνεύ-

1988 2946 2116 3002 ματι
2161 2926 2440 2999 προσέχων
2487 2923 2814 2992 ὁλοκλήρως,
2872 2919 2965 2972 καὶ⁹
3023 2918 3155 2969 πᾶσι
3214 2916 3323 2975 τοῖς
3371 2910 3560 2982 μέλεσι

1985 3024 2081 3078 καὶ
2116 3023 2228 3084 τοῖς
2260 3022 2553 3089 κινήμασιν
2592 3013 2863 3085 ὑπακούῃ,
2890 3010 2985 3063 καὶ
3017 3008 3241 3079 δουλεύη
3265 3004 3344 3074 τῷ
3367 3002 3562 3074 βουλή-

1990 3133 2117 3188 ματι
2163 3111 2255 3166 τοῦ
2282 3111 2436 3164 Θεοῦ.
2464 3109 2575 3178 Τῆς
2596 3107 2652 3158 δὲ
2678 3104 2933 3172 τοιαύτης
2975 3102 3079 3154 τῶν
3135 3097 3404 3167 λογισμῶν
3427 3097 3562 3147 ἀτα-

1992 3205 2178 3279 ραξίας
2204 3203 2297 3256 καλ⁵
2315 3200 2584 3272 ἀκύμονος
2609 3195 2992 3256 καταστάσεως
3047 3189 3210 3244 εἰκὼν
3248 3188 3341 3242 καὶ
3389 3185 3564 3248 τύπος

1987 3277 2190 3365 ἐστὶνή
2219 3292 2324 3347 τῶν
2374 3288 2620 3360 Ψαλμῶν
2676 3285 2917 3358 ἐμμελὴς
2969 3283 3292 3349 ἀνάγνωσις.
3355 3277 3566 3345 Ὥσπερ

1988 3390 2101 3460 γὰρ
2129 3388 2198 3441 τὰ
2225 3386 2325 3456 τῆς
2351 3383 2530 3452 ψυχῆς
2558 3382 2803 3452 νοήματα
2835 3375 3171 3448 γνωρίζομεν
3191 3371 3284 3424 καὶ
3307 3365 3572 3438 σημαίνο-

1995 3496 2093 3551 μεν
2125 3477 2192 3530 δι’
2215 3471 2289 3531 ὧν
2324 3473 2669 3546 προφέρομεν
2710 3470 2904 3539 λόγων,
2951 3465 3142 3528 οὕτως,
3176 3463 3274 3532 τῆς
3320 3474 3571 3527 πνευμα-

1991 3548 2147 3641 τικῆς
2171 3571 2228 3622 ὲν
2247 3567 2390 3637 ψυχῇ
2420 3565 2683 3635 ἁρμονίας
2713 3561 2811 3633 τὴν
2833 3563 2897 3613 ὲκ
2923 3558 3029 3612 τῶν
3074 3555 3246 3622 λόγων
3299 3548 3577 3621 μελῳδίαν

1996 3662 2058 3715 σύ
2068 3639 2260 3732 μϐολον
2284 3655 2419 3711 εἶναι
2450 3656 2617 3710 θέλων
2638 3657 2666 3708 ὁ
2692 3653 2917 3724 Κύριος,
2967 3647 3277 3703 τετύπωκεν
3318 3639 3578 3712 ἐμμελῶς

1995 3731 2091 3813 τὰς
2117 3751 2258 3822 ᾠδὰς
2299 3748 2616 3818 ψάλλεσθαι,
2669 3746 2764 3799 καὶ
2813 3744 2941 3806 τοὺς
2985 3739 3231 3811 ψαλμοὺς
3288 3735 3400 3806 μετ’
3427 3731 3580 3802 ᾠδῆς

1997 3821 2484 3912 ἀναγινώσκεσθαι.
2546 3839 2655 3890 Καὶ
2704 3835 2848 3888 τοῦτ’
2901 3832 3046 3886 ἐστιν
3098 3833 3131 3901 ἡ
3171 3824 3433 3897 ἐπιθυμία
3459 3821 3579 3893 (10)

1996 3937 2098 4007 τῆς
2117 3933 2314 4004 ψυχῆς,
2340 3930 2402 3984 τὸ
2430 3927 2609 3991 καλῶς
2667 3925 2837 3997 αὐτὴν
2900 3921 3222 3985 διακεῖσθαι,
3264 3919 3339 3982 ὡς
3370 3916 3588 3986 γέγρα-

2003 4043 2152 4080 mar
2179 4022 2438 4092 Εὐθυμεῖ
2460 4039 2551 4087 τις
2584 4021 2653 4073 ἐν
2704 4017 2848 4088 ὑμῖν·
2867 4033 2886 4081 ;
2940 4012 3246 4085 ψαλλέτω.
3276 4009 3459 4070 Οὕτως
3520 4008 3593 4058 τὸ

2006 4119 2103 4190 μὲν
2134 4119 2191 4170 ὲν
2214 4117 2351 4186 αὐτῇ
2403 4112 2714 4183 ταραχῶδες
2743 4111 2836 4164 καὶ
2866 4108 3039 4182 τραχὺ
3077 4105 3173 4160 καὶ
3235 4104 3466 4157 ἁτακτον
3496 4099 3595 4165 ὲξ-

2003 4208 2340 4279 ομαλίζεται·
2388 4204 2450 4257 τὸ
2502 4204 2558 4256 δὲ
2583 4201 2785 4254 λυποῦν
2832 4195 3216 4270 θεραπεύεται,
3267 4190 3596 4263 ψαλλόντων

2004 4302 2038 4370 ἡ
2049 4299 2180 4370 μῶν·
2211 4298 2345 4351 Ἵνα
2374 4297 2430 4348 τί
2449 4295 2779 4363 περίλυπος
2801 4287 2873 4357 εἷ,
2902 4290 2941 4358 ὴ
2977 4285 3146 4358 ψυχή
3168 4303 3305 4356 μου,
3352 4283 3450 4337 καὶ
3483 4281 3603 4334 ἵνα

2009 4392 2065 4444 τί
2096 4388 2542 4459 συνταράσσεις
2568 4401 2679 4456 ps;
2710 4386 2820 4439 Kal.
2862 4383 2922 4436 τὸ
2971 4382 3067 4454 μὲν
3100 4375 3430 4446 ἐσφαλμένον
3461 4374 3602 4424 ἑπι-

2011 4479 2274 4551 γνώσεται
2315 4477 2564 4546 λέγουσα·
2607 4476 2787 4546 Ἐμοῦ
2814 4474 2882 4527 δὲ
2908 4472 3065 4540 παρὰ
3090 4465 3308 4538 μικρὸν
3329 4464 3606 4518 ἐσαλεύ-

2017 4573 2210 4638 θησαν
2235 4570 2288 4621 οἱ
2312 4567 2512 4632 πόδεςο
2549 4567 2608 4619 τὸ
2638 4566 2694 4618 δὲ
2723 4563 2958 4635 φοὸηθὲν
2991 4555 3289 4630 ὲπιρῤὡσει
3317 4556 3384 4625 τῇ
3410 4553 3606 4606 ἑλπίδι

2013 4661 2074 4712 έν
2100 4649 2177 4728 τῷ
2202 4657 2397 4725 λέγειν·
2431 4656 2644 4723 Κύριος
2683 4653 2810 4722 ἐμοὶ
2832 4648 3080 4717 βοηθὸς,
3114 4645 3212 4699 καὶ
3239 4645 3309 4698 οὺ
3334 4642 3613 4712 φοϐηθή-

2017 4764 2195 4817 σομαι
2219 4747 2276 4800 τί
2303 4745 2541 4812 ποιήσει
2570 4761 2671 4813 μοι
2703 4742 3031 4810 ἄνθρωπος.

2086 4851 2188 4906 κθ’.
2223 4853 2288 4906 Oi
2323 4851 2421 4922 μὲν
2465 4845 2556 4903 οῦν
2597 4850 2670 4920 μὴ
2703 4847 2889 4901 τοῦτον
2933 4845 3022 4899 τὸν
3063 4843 3264 4916 τρόπον
3322 4838 3614 4907 ἀναγινώ-

2019 4958 2238 5005 σκοντες
2269 4940 2368 5004 τὰς
2403 4939 2552 5003 θείας
2575 4938 2716 5009 ᾠδὰς
2744 4937 2804 4990 ού
2862 4933 3094 4999 συνετῶς
3127 4932 3440 5003 ψάλλουσιν,
3479 4927 3614 4981 ἀλλ’

2017 5035 2246 5096 ἑαυτοὺς
2275 5033 2372 5104 μὲν
2403 5033 2717 5104 τέρπουσιν,
2748 5030 2930 5101 ἔχουσι
2953 5029 3011 5082 δὲ
3069 5027 3297 5100 μέμψιν,
3356 5024 3440 5076 ὅτι
3468 5020 3616 5088 Οὐχ

2019 5123 2228 5193 (ἔξραῖος
2257 5118 2425 5189 αἶνος
2451 5123 2520 5176 ἐν
2569 5121 2820 5191 στόματι
2870 5117 3240 5190 ἁμαρτωλοῦ·
3287 5116 3336 5168 οἱ
3365 5112 3425 5166 δὲ
3453 5111 3617 5165 κατὰ

2019 5213 2110 5265 τὸν
2137 5211 2529 5283 προειρημένον
2557 5211 2755 5284 τρόπον
2777 5210 3088 5280 ψάλλοντες,
3118 5206 3257 5260 ὥστε
3275 5204 3374 5275 τὴν
3419 5199 3618 5272 μελῳ-

2021 5303 2138 5356 δίαν
2157 5302 2264 5356 τῶν
2295 5303 2552 5375 ῥημάτων
2585 5305 2650 5357 ὲκ
2677 5302 2771 5356 τοῦ
2807 5300 3012 5374 ῥυθμοῦ
3033 5299 3132 5369 τῆς
3161 5296 3340 5369 ψυχῆς
3373 5292 3472 5347 καὶ
3502 5293 3624 5362 τῆς

2023 5395 2158 5466 πρὸς
2183 5394 2243 5446 τδ
2273 5393 2488 5466 πνεῦμα
2508 5395 2825 5466 συμφωνίας
2848 5387 3271 5464 προσφέρεσθαι,
3300 5385 3349 5437 οἱ
3367 5379 3622 5435 τοιοῦτοι

424 5498 476 5572 οξ
534 5494 688 5572 Joan.
739 5509 906 5572 xviii,
945 5491 1202 5572 δειηηηι
1238 5489 1479 5572 Corum,
1514 5489 1598 5545 l6.
1679 5494 1725 5525 “
1758 5493 1873 5555 Jac.

2064 5544 2070 5557 .
2151 5505 2196 5535 ”
2218 5502 2362 5560 Psal.
2403 5505 2600 5572 314,6,
2639 5502 2729 5567 l2;
2763 5515 2895 5569 ml,
2943 5500 2994 5553 5.
3071 5493 3282 5552 "Psal.
3316 5500 3473 5546 unt
3547 5485 3619 5542 2.

359 5569 402 5602 ⁸⁷
443 5566 585 5622 Psal.
615 5581 757 5621 cxvn
779 5605 794 5629 ,
821 5565 872 5618 6.
978 5565 1023 5595 “
1048 5560 1210 5616 Eccli.
1244 5578 1331 5628 xv,
1367 5561 1420 5616 9.

431 5659 544 5727 (10)
580 5659 843 5730 Εὐθυμία,
870 5656 1146 5728 gaudium.
