3698 6268
80 346 117 399 tl
1207 336 1551 398 EPXSTOLA
1589 342 1681 396 AD
1719 339 2162 398 MARCELLINU
2171 341 2239 396 Μ.
2863 403 2869 409 ,
3287 341 3358 398 ﬂ

80 459 295 527 ξάὶλωσι
338 458 450 529 μὲν
482 460 561 530 τῇ
594 454 856 530 γλώσσῃ,
889 457 1182 528 ψάλλοντες
1205 458 1263 512 δὲ
1315 459 1410 512 καὶ
1459 456 1538 529 τῷ
1564 457 1666 522 νοῒ,

1849 456 1877 511 υἱ
1916 455 2117 516 solum,
2155 455 2247 509 sed
2298 455 2462 510 etiam
2516 455 2709 518 audire
2742 470 2839 513 eos
2876 454 3191 514 volentibus
3238 475 3359 513 ma-

78 556 119 607 ὠ
146 552 294 623 μόνον
330 554 616 619 ἑαυτοὺς,
650 554 798 607 ἀλλὰ
831 555 927 608 καὶ
984 552 1110 616 τοὺς
1159 551 1411 615 θέλοντας
1453 551 1673 606 ἀκούειν

82 642 219 697 diu
252 640 531 712 μεγάλως
554 641 903 710 ὠφελοῦσιν.
942 642 1003 695 ’0
1029 639 1158 712 γοῦν
1194 640 1461 712 μακάριος
1489 640 1673 706 Δαϐὶδ,

82 735 211 796 e319;
240 733 645 803 καταψάλλων
677 733 779 787 τοῦ
810 732 1005 796 Σαοὺλ,
1052 730 1212 796 αὐτὸς
1269 731 1555 804 εὐηρὲστει
1597 732 1677 803 τῷ

82 825 185 893 {si},
213 825 306 876 καὶ
357 822 463 877 τὸν
523 823 790 894 τάραχον
843 820 940 876 καὶ
993 822 1055 877 τὸ
1108 820 1335 894 μανικὸν
1379 822 1550 887 πάθος
1581 822 1676 876 τοῦ

86 916 216 969 Eas-31
258 913 601 985 ἀπήλαυνε,
664 915 770 967 καὶ
840 914 1106 986 γαληνιᾷν
1139 912 1237 984 τὴν
1286 914 1466 986 ψυχὴν
1511 914 1709 968 αὐτοῦ’

88 1006 492 1078 παρεσκεύαζεν.
526 1006 741 1071 οὕτως
767 1010 818 1060 οἱ
885 1009 1053 1079 ἱερεῖς
1092 1007 1406 1077 ψάλλοντες,
1440 1010 1520 1073 είς
1545 1010 1682 1062 ἀτα-

91 1102 231 1172 ραξίαν
257 1100 364 1162 τὰς
393 1099 607 1170 ψυχὰς
658 1099 777 1153 τῶν
803 1099 952 1153 λαῶν
995 1101 1089 1154 καὶ
1120 1102 1200 1162 εἰς
1224 1100 1481 1171 ὁμόνοιαν
1509 1101 1680 1166 αὐτὰς

86 1194 229 1246 τὶνέν
254 1193 531 1264 ούρανοῖς
572 1192 932 1264 χορευόντων
978 1192 1429 1263 προσεκαλοῶτο.
1471 1193 1544 1247 Τὸ
1571 1193 1680 1265 ἄρα

88 1281 412 1353 exaggae;
463 1281 759 1350 λέγεσθαι
800 1281 932 1346 τοὺς
990 1281 1237 1353 ψαλμοὺς
1269 1282 1371 1335 οὐκ
1415 1281 1561 1336 ἔστιν
1593 1284 1683 1336 εύ-

272 1373 526 1446 σπουδὴ,
567 1374 727 1429 ἀλλὰ
756 1376 1061 1446 τεκμήριον
1099 1375 1199 1446 τῆς
1251 1376 1521 1446 ἁρμονίας
1572 1377 1681 1430 τῶν

90 1471 125 1517 'a
145 1469 197 1536 τῇ
214 1467 361 1536 πᾷ.)χῇ
416 1465 763 1536 λογισμῶν.
792 1467 903 1519 Καὶ
952 1468 986 1537 ἡ
1024 1466 1269 1537 ἐμμελὴς
1295 1468 1353 1521 δὲ
1376 1467 1683 1535 ἀνάγνωσις

92 1559 308 1627 deﬁnite»
333 1562 468 1612 ἐστι
516 1558 637 1628 τῆς
696 1557 980 1629 εὐρύθμου
1012 1558 1106 1612 καὶ
1148 1560 1483 1630 ἀχειμάστου
1516 1577 1685 1613 κατα-

92 1648 283 1710 nixam;
302 1647 419 1717 τῆς
448 1647 748 1710 διανοίας.
777 1648 891 1701 Καὶ
939 1647 1049 1719 γὰρ
1090 1649 1152 1701 τὸ
1185 1652 1356 1703 αίνεῖν
1405 1648 1498 1703 τὸν
1552 1648 1685 1703 Θεὸν

90 1742 129 1790 ἐν
144 1738 435 1809 κυμϐάλοις
455 1736 717 1810 εύὴχοις
745 1740 840 1793 καὶ
864 1740 1067 1813 κιθάρα
1096 1741 1189 1794 καὶ
1213 1741 1520 1814 δεκαχόρδῳ
1550 1742 1686 1811 ψαλ-

266 1805 777 1902 σύμϐολοντπάλιν
793 1826 861 1901 ἦν
878 1832 974 1883 καί
999 1805 1327 1903 σήμαντικὸν
1345 1805 1441 1887 τοί)
1471 1805 1687 1903 συγκεῖ-
1716 1805 1761 1864 Β

94 1922 180 1975 τὴ
200 1926 295 1995 μὲν
325 1923 616 1995 νομίμως
651 1922 729 1976 τά
753 1922 891 1993 μέλη
937 1922 1033 1977 τοῦ
1069 1923 1319 1995 σώματος
1347 1925 1424 1990 ὡς
1465 1926 1684 1998 χορδὰς,

92 2017 183 2079 =3;
204 2016 258 2069 δὲ
289 2014 629 2087 λογισμοὺς
659 2015 767 2085 τῆς
796 2013 979 2085 ψυχῆς
1000 2014 1077 2077 ὡς
1113 2014 1370 2087 κύμϐαλα
1415 2016 1683 2087 γίνεσθαι,

92 2110 159 2161 n‘:
180 2110 364 2162 λοιπὸν
396 2112 477 2181 τῇ
538 2109 661 2179 ἠχῇ
711 2108 807 2161 καὶ
858 2108 940 2179 τῷ
975 2108 1205 2180 νεύματι
1251 2108 1344 2162 τοῦ
1380 2110 1689 2182 πνεύματος

92 2201 226 2255 ταῦτα
252 2202 441 2255 πάντα
471 2198 770 2254 κινεῖσθαι
805 2201 898 2253 καὶ
940 2199 1061 2271 ζῇψ
1110 2199 1277 2266 ὥστε,
1329 2202 1471 2258 κατά
1511 2201 1573 2258 τὸ
1596 2222 1690 2274 γε·

92 2293 400 2363 τεθεαμένον,
435 2290 533 2357 τῷ
565 2292 876 2361 πνεύματι
927 2291 1034 2345 τὸν
1062 2290 1377 2361 ἄνθρωπον
1406 2291 1514 2361 ζῇν
1549 2294 1687 2363 μὲν,

92 2388 169 2437 καὶ
192 2386 291 2450 τὰς
318 2384 603 2454 πράξεις
651 2383 767 2437 τοῦ
815 2382 1093 2453 σώματος
1154 2385 1472 2440 θανατοῦν.
1503 2387 1691 2452 Οὕτως

94 2476 181 2545 γάρ
200 2478 288 2530 καὶ
314 2475 520 2539 καλῶς
547 2473 785 2545 ψάλλων
830 2475 1086 2547 ῥυθμίζει
1138 2476 1238 2548 τὴν
1269 2476 1451 2549 ψυχὴν
1497 2477 1687 2545 αὑτοῦ,

96 2567 172 2620 ni.
193 2568 377 2639 ὥσπερ
402 2565 473 2631 ἐξ
506 2566 848 2637 ἀνισότητος
873 2568 955 2631 εἰς
985 2567 1206 2638 ίσότητα
1247 2568 1392 2636 ἄγει·
1444 2565 1584 2621 ὥστε
1631 2570 1691 2623 ὲν

96 2656 159 2728 τῇ
188 2659 317 2712 κατὰ
353 2658 540 2727 φύσιν
584 2656 768 2729 αὐτὴν
792 2658 1087 2728 ἑστηκυῖαν
1128 2657 1213 2730 ’μὴ
1256 2660 1537 2715 πτοεῖσθαι
1584 2661 1690 2716 ὑπό

95 2763 230 2811 τινος,
256 2748 400 2802 ἀλλὰ
456 2749 569 2803 καὶ
634 2747 843 2819 μᾶλλον
884 2748 1245 2818 εὐφαντάσιον
1295 2751 1563 2821 γίνεσθαι,
1598 2754 1692 2808 καὶ

100 2841 228 2893 πλέον
249 2842 426 2913 αὐτὴν
463 2840 795 2911 λαμϐάνειν
850 2841 1017 2896 πόθον
1052 2841 1161 2897 τῶν
1214 2842 1518 2916 μελλόντων
1548 2846 1691 2915 ἀγα-

100 2930 438 3003 θιέν.ῒῇγάρ
483 2931 608 2985 τῶν
648 2931 914 3003 ῥημάτων
963 2931 1201 3006 μελῳδίᾳ
1244 2934 1691 3009 συνδιατιθεμένη

99 3023 497 3078 ἐπιλανθάνεται
567 3023 688 3078 τῶν
759 3023 950 3078 παθῶν
974 3065 990 3090 ,
1064 3025 1161 3079 καὶ
1228 3026 1496 3098 χαίρουσα
1570 3028 1693 3099 βλέ-

100 3129 169 3167 τεν.
195 3117 332 3188 πρὸς
366 3116 473 3172 τὸν
518 3115 661 3172 νοῦν
701 3116 799 3171 τὸν
840 3117 901 3171 ὲν
949 3118 1200 3190 Χριστῷ,
1258 3119 1582 3195 λογιζομένη
1627 3123 1694 3178 τὰ
1722 3152 1766 3212 c

101 3208 341 3276 ἓὲὶτιατα.

149 3302 205 3355 λ’.
225 3306 322 3356 Δεῖ
348 3302 579 3369 τοίνυν,
623 3294 672 3355 ὧ
697 3301 913 3367 τέκνον,
954 3302 1063 3356 τῶν
1088 3302 1527 3375 ἐντυγχανόντων
1567 3305 1698 3360 ἕκα-

436 3397 517 3466 τῇ
573 3392 755 3465 βίϐλῳ
792 3394 1142 3463 ἐντυγχάνειν
1197 3396 1298 3467 μὲν
1350 3397 1524 3452 ἆπασι
1560 3415 1697 3469 γνη-

104 3488 331 3551 simiai;
358 3491 425 3541 ὲν
456 3487 616 3557 αὐτῇ
653 3484 1040 3549 θεοπνεύστοις
1093 3481 1244 3552 οὖσι,
1306 3487 1606 3558 λαμϐάνειν
1640 3486 1699 3542 δὲ

104 3578 259 3635 λαῖον
276 3584 375 3636 ἀπ’
400 3581 611 3637 αὐτῶν
658 3580 740 3646 ὡς
792 3581 860 3634 ὲκ
909 3580 1242 3652 παραδείσου
1291 3580 1520 3653 καρπῶν
1551 3580 1698 3651 ὠφε-

104 3670 243 3736 Ῑιείας.
291 3677 439 3749 πρὸς
502 3674 537 3727 ὃ
599 3673 707 3745 τὴν
755 3672 950 3744 χρείαν
1000 3673 1192 3728 ἑαυτὸν
1252 3673 1446 3745 ἔχοντα
1476 3674 1694 3746 συνορᾷ.

114 3763 354 3838 Ἠγοῦμαι
373 3768 499 3838 γὰρ
534 3767 606 3820 ὲν
631 3765 851 3830 τούτοις
869 3767 985 3830 τοῖς
1009 3765 1189 3835 λόγοις
1213 3765 1312 3837 τῆς
1370 3765 1558 3836 βίϐλου
1607 3766 1698 3820 τὸν

106 3858 252 3912 τάν-,α
274 3860 395 3930 βίον
425 3859 549 3912 τῶν
577 3856 915 3929 ἀνθρώπων,
965 3857 1065 3921 τάς
1119 3874 1179 3911 τε
1230 3857 1328 3929 τῆς
1366 3857 1544 3929 ψυχῆς
1591 3857 1701 3911 δια-

108 3946 270 4013 εέπις,
303 3951 408 4003 καὶ
440 3949 518 4002 τὰ
555 3946 678 4001 τῶν
705 3946 986 4019 λογισμῶν
1013 3947 1288 4018 κινήματα
1322 3945 1697 4018 μεμετρῆσθαι

109 4039 589 4111 ὡπριέχεσθαν
630 4036 729 4090 καὶ
756 4036 925 4107 μηδὲν
945 4034 1106 4089 πλέον
1132 4033 1340 4089 τούτων
1388 4037 1465 4088 ὲν
1491 4033 1701 4107 ἀνθρὼ-

110 4130 624 4203 τειςεύρίσκεσθαι.
648 4122 920 4201 Εῗτέγάρ
966 4128 1250 4199 μετανοίας
1285 4128 1319 4199 ἢ
1374 4126 1701 4200 ἐξομολογή-

112 4235 220 4286 ιιυς
246 4224 445 4296 χρεία,
503 4221 545 4293 ἦ
603 4219 789 4290 θλίψις
832 4220 929 4274 καὶ
980 4217 1284 4291 πειρασμὸς
1313 4217 1697 4289 κατέλαϐεν,ἥ

112 4313 307 4388 ἐδιώχθη
334 4332 455 4378 τις,
518 4314 627 4368 καὶ
675 4310 711 4384 ἦ
764 4310 1246 4383 ἐπιϐουλευόμενος
1266 4310 1529 4385 ὲρῤύσθη,
1562 4313 1611 4365 εί
1642 4312 1699 4366 δὲ

110 4408 517 4479 ιαὶπρίλυπός
545 4422 636 4469 τις
664 4405 892 4474 γέγονεν
932 4406 1027 4460 καὶ
1064 4405 1413 4476 ταράττεται,
1452 4405 1548 4459 καὶ
1594 4404 1700 4459 πά-

1777 563 1896 619 gnze
1946 555 2074 601 sunt
2122 546 2360 601 utilitati.
2419 544 2618 601 Beatus
2670 547 2836 618 igitur
2868 547 3061 613 David,
3114 565 3239 607 cum
3290 568 3355 604 eo

1779 639 1943 693 modo
1974 637 2125 694 Sauli
2154 638 2431 709 psalleret,
2464 653 2570 691 non
2606 639 2784 694 solum
2828 638 2941 695 Deo
2968 640 3356 710 placebatesed

1777 742 1832 787 et
1894 733 2362 804 perturbationem
2428 741 2482 788 et
2534 732 2746 789 furoris
2786 735 3039 804 morbum
3073 751 3140 790 ex
3193 735 3360 792 Saule

1778 822 2045 894 abigebat,
2073 823 2409 893 parabatque
2438 822 2586 879 illius
2605 824 2801 879 anima:
2823 827 3271 897 tranquillitatem
3290 828 3356 879 ”.

1779 912 1855 967 lla
1895 928 2116 984 quoque
2159 913 2476 969 sacerdotes
2502 914 2633 968 dum
2675 915 2991 985 psallerent,
3024 917 3354 988 populorum

1781 1006 1996 1061 animos
2023 1006 2091 1062 ad
2114 1007 2917 1078 tranquillitatemadvocabant
2943 1018 2998 1063 et
3028 1010 3094 1063 ad
3126 1025 3356 1065 concor-

1781 1098 1927 1153 diam
1961 1104 2083 1153 cu’m
2122 1098 2188 1153 iis
2230 1099 2322 1169 qui
2369 1100 2423 1152 in
2476 1099 2633 1154 cmlis
2680 1099 2909 1154 choreas
2960 1108 3147 1170 agunt.
3202 1098 3359 1166 Quod

1783 1189 1967 1258 itaque
2010 1203 2136 1243 eum
2178 1189 2553 1245 modulatione
2597 1189 2792 1260 psalmi
2839 1190 3112 1259 dicantur,
3148 1191 3201 1245 id
3249 1206 3359 1244 non

1783 1279 1844 1335 tit
1876 1296 1943 1334 ex
1966 1280 2152 1335 suavis
2174 1291 2476 1335 concentus
2504 1280 2708 1344 studio,
2745 1281 2839 1335 sed
2869 1281 3083 1352 signum
3119 1290 3203 1337 est
3229 1283 3361 1337 bar-

1784 1370 1980 1425 monia;
2021 1371 2413 1441 cogitationum
2445 1373 2661 1427 animae.
2711 1369 3151 1443 Harmonicaque
3201 1373 3362 1429 lectio

1784 1461 2048 1517 indicium
2078 1471 2164 1518 est
2205 1463 2403 1517 anima:
2448 1472 2596 1518 recte
2613 1462 2949 1532 ’compositze
3002 1472 3167 1533 atque
3211 1474 3351 1518 tran-

1786 1556 1989 1627 quillae.
2021 1554 2234 1611 Etenim
2260 1554 2431 1610 Deum
2461 1554 2685 1609 laudare
2725 1554 2778 1608 in
2815 1555 3081 1625 cymbalis
3112 1556 3249 1612 bene
3273 1570 3368 1610 so-

1786 1649 2066 1712 nantibus,
2097 1648 2152 1703 in
2204 1648 2418 1703 cithara
2461 1657 2517 1703 et
2571 1647 2916 1703 deeachordo
2968 1645 3228 1718 psalterio
3276 1646 3365 1710 ⁸⁸,

1787 1750 2170 1819 argumentum
2210 1741 2342 1796 illud
2398 1752 2518 1796 erat
2579 1749 2635 1796 et
2695 1741 2914 1810 signum
2951 1739 3200 1793 membra
3247 1752 3369 1794 cor-

1789 1834 1958 1906 poris,
1990 1835 2165 1891 instar
2188 1835 2545 1899 chordarum,
2578 1834 2680 1888 rite
2705 1831 3011 1904 composita
3038 1846 3184 1896 esse,
3217 1831 3368 1902 cogi-

1788 1927 2134 1997 tationesque
2168 1927 2367 1982 animae
2395 1926 2538 1982 sicut
2578 1925 2825 1996 cymbala
2869 1939 3013 1988 esse,
3047 1939 3112 1980 ac
3135 1924 3371 1994 denique

1789 2032 1948 2085 sono,
2003 2026 2058 2073 et
2087 2026 2223 2073 nutu
2268 2017 2497 2087 spiritus
2542 2016 2658 2074 haec
2696 2016 2882 2072 omnia
2936 2016 3145 2072 moveri
3188 2025 3243 2072 et
3288 2015 3365 2070 vi-

1788 2123 1948 2177 vere;
1981 2122 2046 2163 ae
2078 2106 2327 2178 proinde,
2355 2108 2657 2170 secundum
2684 2107 2831 2178 quod
2872 2108 3137 2178 scriptum
3168 2117 3252 2164 est
3284 2107 3326 2140 ⁸¹
3350 2147 3368 2171 ,

1788 2202 1981 2271 spiritu
2028 2200 2238 2272 quidem
2289 2200 2549 2255 hominem
2606 2201 2790 2267 vivere,
2841 2210 2891 2255 et
2933 2200 3081 2271 facta
3133 2200 3370 2269 corporis

1790 2291 2134 2359 mortiﬁcare.
2170 2289 2536 2358 Quamobrem
2568 2290 2663 2361 qui
2698 2300 2844 2347 recte
2893 2291 3094 2361 psallit,
3128 2291 3369 2346 animam

1791 2398 1945 2439 suam
1972 2383 2271 2454 componit,
2295 2392 2350 2438 et
2390 2383 2550 2453 quasi
2587 2397 2652 2437 ex
2684 2382 3057 2453 inaequalitate
3089 2381 3158 2436 ad
3187 2397 3373 2452 aequa-

1791 2474 1997 2529 litatem
2033 2472 2292 2538 adducit;
2325 2474 2397 2528 ita
2431 2481 2490 2527 ut
2539 2472 2841 2530 secundum
2892 2469 3147 2528 naturam
3182 2473 3371 2528 consi-

1791 2575 1943 2623 steus
1976 2581 2007 2622 a
2040 2566 2192 2621 nullo
2223 2574 2612 2637 perterreatur,
2651 2564 2782 2637 quin
2830 2565 3016 2638 potius
3066 2564 3373 2636 phantasiis

1794 2660 2091 2732 tranquilla
2141 2660 2355 2721 evadat,
2414 2669 2468 2715 et
2515 2660 2708 2731 majori
2742 2658 3052 2716 futurorum
3101 2658 3373 2715 desiderio

1791 2752 2083 2809 afﬁciatur.
2142 2750 2437 2808 Sacrorum
2493 2767 2731 2823 namque
2784 2752 3078 2808 verborum
3130 2749 3376 2807 modula-

1795 2846 1943 2902 tione
1991 2854 2140 2902 reete
2175 2844 2501 2917 composita,
2545 2846 2866 2916 passionum
2924 2863 3148 2904 suarum
3182 2846 3376 2902 oblivi-

1795 2939 2001 3001 scitur,
2032 2946 2086 2994 et
2117 2938 2237 2993 laeta
2280 2937 2505 3007 respicit
2538 2938 2605 2991 ad
2652 2938 2985 2994 intellectum
3027 2953 3220 2993 eorum
3252 2952 3375 3009 qum

1795 3038 1925 3085 sunt
1952 3029 2008 3085 in
2032 3027 2276 3096 Christo,
2306 3028 2509 3100 optima
2545 3044 2775 3101 quaeque
2807 3029 3074 3102 cogitans.

1867 3312 1957 3370 30.
1988 3312 2214 3383 Oportet
2239 3314 2426 3386 igitur,
2451 3329 2485 3369 ο
2510 3313 2584 3369 ﬁli
2605 3355 2621 3380 ,
2644 3324 2704 3371 ut
2732 3315 2983 3387 quisquis
3004 3317 3152 3373 hunc
3174 3315 3374 3372 librum

1798 3408 1948 3476 legit,
1981 3407 2124 3478 legat
2159 3407 2380 3478 quidem
2426 3407 2641 3464 sincere
2689 3417 2746 3464 et
2773 3409 2946 3479 probo
2971 3409 3160 3465 animo
3191 3411 3380 3468 omnia

1799 3510 1920 3564 qua:
1947 3494 2000 3548 in
2034 3494 2126 3549 illo
2158 3493 2445 3556 habentur,
2482 3502 2668 3564 utpote
2698 3494 2960 3551 divinitus
2990 3498 3276 3567 inspirata,
3313 3511 3380 3552 ae

1798 3587 2020 3645 demum
2061 3602 2125 3641 ex
2158 3585 2286 3652 illis,
2325 3585 2489 3641 veluti
2534 3601 2599 3642 ex
2637 3586 2779 3643 horti
2812 3587 3108 3654 fructibus,
3155 3605 3252 3646 eos
3284 3589 3353 3645 de

1798 3687 1985 3750 cerpat
2022 3694 2161 3749 quos
2200 3678 2305 3735 sibi
2355 3679 2518 3733 utiles
2562 3688 2616 3735 et
2666 3680 3092 3737 necessitatibus
3141 3681 3259 3739 suis
3288 3698 3353 3737 ac

1799 3768 2119 3826 commodos
2146 3784 2268 3824 esse
2311 3768 2670 3840 perspexerit.
2719 3767 2991 3825 Existimo
3037 3785 3277 3841 namque
3323 3771 3377 3824 in

1800 3859 2033 3932 hujusce
2072 3859 2196 3914 libri
2224 3858 2426 3923 verbis,
2471 3873 2691 3915 omnem
2734 3860 3031 3916 humanam
3061 3861 3232 3916 vitam
3262 3861 3383 3917 ani-

1800 3969 2012 4025 mmque
2043 3951 2380 4015 atl'ectiones,
2434 3952 2937 4025 cogitationumque
2990 3964 3171 4010 motus
3206 3955 3383 4010 conti-

1799 4047 1919 4104 neri
1949 4057 2114 4119 atque
2141 4044 2399 4110 describi,
2445 4046 2690 4117 nihilque
2723 4046 2792 4101 iis
2827 4046 3063 4117 amplius
3101 4046 3155 4102 in
3199 4045 3380 4101 homi-

1800 4139 1964 4194 nibus
1998 4136 2249 4208 reperiri.
2291 4132 2427 4189 Nam
2468 4135 2583 4190 sive
2623 4136 2944 4206 poenitentia
2997 4136 3112 4193 sive
3165 4135 3384 4192 confes-

1800 4232 1959 4287 sione
1994 4230 2066 4286 sit
2097 4245 2255 4300 opus,
2306 4229 2423 4283 sive
2456 4226 2737 4282 tribulatio
2780 4236 2876 4284 aut
2928 4227 3154 4284 tentatio
3190 4239 3385 4296 appre-

1801 4320 2073 4386 henderit,
2109 4320 2224 4375 sive
2270 4320 2396 4390 quis
2441 4317 2876 4391 persecutionem
2919 4331 3137 4386 passus.
3167 4316 3280 4371 sive
3313 4316 3386 4371 ab

1802 4412 2021 4468 insidiis
2049 4414 2335 4476 liberatus,
2373 4415 2489 4469 sive
2512 4420 2746 4467 Incestus
2782 4416 2877 4463 aut
2899 4408 3151 4465 turbatus
3171 4407 3262 4471 sit.
3289 4417 3387 4465 aut

114 4512 207 4566 τιτι
225 4518 277 4554 τι
308 4499 603 4563 τοιοῦτον,
628 4490 744 4551 οἷον
771 4499 831 4551 ὲν
861 4500 976 4561 τοῖς
1031 4496 1340 4569 ἔμπροσθεν
1371 4497 1607 4569 εῖρηται,
1665 4516 1667 4526 λ

1849 4504 2010 4574 liquid
2052 4488 2366 4575 hujusmodi
2397 4505 2656 4573 patiatur,
2706 4499 3169 4571 quemadmodum
3218 4487 3385 4570 supe-

112 4592 187 4643 n‘t
216 4594 427 4664 συνορᾷ
453 4588 662 4645 ἑαυτὸν
712 4588 811 4659 μὲν
862 4589 1260 4660 προκόπτοντα,
1291 4589 1383 4642 τὸν
1419 4589 1478 4643 δὲ
1508 4587 1701 4661 ἐχθρὸν

112 4681 577 4751 καταργούμενον,
604 4678 640 4749 ἢ
678 4678 774 4731 καὶ¹
803 4677 1011 4732 αἰνέσαι
1040 4680 1134 4732 καὶ
1159 4680 1575 4752 εὐχαριστῆσαι,
1607 4681 1702 4733 καὶ

113 4773 385 4845 εἱλογῆσαι
443 4773 577 4843 βού)
588 4788 708 4825 εται
764 4772 857 4825 τὸν
902 4772 1125 4842 Κύριον,
1167 4773 1281 4845 ἔχει
1309 4774 1408 4845 τὴν
1449 4774 1703 4828 διδασκα-

114 4864 216 4917 λίαν
236 4868 452 4922 τούτων
488 4867 559 4919 ὲν
589 4868 705 4929 τοῖς
738 4863 906 4929 θείοις
935 4864 1192 4937 ψαλμοῖς.
1237 4866 1575 4937 Ἐκλεγέσθω
1592 4867 1703 4939 γὰρ

113 4958 171 5010 :‘z
193 4960 247 5013 ἐν
266 4962 463 5023 ait-eoi;
491 4956 628 5029 περὶ
657 4956 888 5011 ἑκάστου
919 4956 1128 5012 τούτων
1147 4958 1434 5031 εἰρημένα,
1472 4959 1566 5014 καὶ
1614 4957 1705 5014 οῦ·-

114 5066 206 5113 τως
230 5054 308 5116 ὡς
342 5052 484 5123 περὶ
513 5049 711 5103 ἑαυτοῦ
745 5050 1106 5122 γεγραμμένα
1130 5051 1324 5121 λέγων,
1363 5051 1459 5104 καὶ
1487 5050 1702 5107 συνδια-

113 5140 386 5209 τῶὲμενος
408 5142 534 5204 τοῖς
556 5140 988 5211 γεγραμμένοις,
1020 5143 1284 5215 ἀναφέρει
1316 5141 1393 5214 τῷ
1421 5143 1631 5215 Κυρίῳ.

172 5230 269 5285 λα’.
298 5232 401 5303 Μὴ
433 5230 821 5302 περιϐαλλέτω
846 5232 1027 5303 μέντοι
1060 5251 1145 5298 τις
1174 5234 1315 5288 αύτά
1365 5236 1478 5299 τοῖς
1506 5234 1704 5299 ἔξωθεν

118 5322 351 5387 trbavi;
388 5326 627 5394 ῥήμασι,
657 5323 793 5395 μηδὲ
822 5324 1131 5395 πειραζέτω
1171 5326 1271 5391 τὰς
1322 5325 1496 5394 λέξεις
1537 5345 1704 5399 μετα-

116 5415 333 5487 ποεῖνῆ
380 5416 527 5479 ὅλως
556 5416 928 5472 ὲναλλάσσειν·
980 5416 1098 5471 ἀλλ’
1126 5413 1311 5483 οὕτως¹
1352 5418 1592 5489 ἀτεχνῶς
1633 5418 1703 5473 τά

115 5506 479 5576 γεγραμμένα
508 5505 718 5574 λεγέτω
772 5505 870 5561 καὶ
906 5504 1177 5576 ψαλλέτω,
1239 5505 1430 5586 ὥσπερ
1467 5507 1702 5580 εἴρηται,

118 5595 247 5667 ὺπέρ
268 5596 369 5651 τοῦ
400 5599 502 5653 καὶ
549 5599 678 5663 τοὺς
708 5598 1138 5670 διακονήσαντας
1191 5598 1514 5673 ἀνθρώπους
1564 5599 1707 5654 αὐτὰ

182 5751 228 5784 ⁸⁵
256 5754 273 5806 l
302 5752 439 5825 Reg.
485 5771 573 5810 1V]
599 5795 617 5817 ,
653 5753 750 5810 23.
858 5753 905 5786 ⁸ο
956 5752 1103 5814 Psal.
1142 5770 1227 5825 et,
1271 5755 1391 5813 3-5.

353 5845 630 5908 Panos.
664 5846 787 5906 Gn.
826 5845 1093 5907 XXVII.

1804 4592 1921 4649 rius
1949 4574 2157 4649 dictum
2179 4603 2296 4658 est,
2334 4602 2430 4649 aut
2470 4593 2516 4648 si
2557 4590 2706 4667 videt
2746 4606 2807 4647 se
2844 4574 3064 4661 quidem
3097 4590 3385 4663 proﬁcere,

1805 4683 2017 4739 hostem
2064 4697 2194 4737 vero
2248 4682 2479 4748 destrui,
2526 4683 2650 4738 sive
2707 4681 2968 4747 laudare,
3013 4680 3130 4737 sive
3178 4679 3383 4750 gratias

1804 4793 1986 4849 agere,
2017 4776 2132 4834 sive
2164 4764 2395 4831 Domino
2440 4775 2763 4832 benedicere
2789 4775 2942 4853 velit,
2987 4775 3149 4830 habet
3189 4773 3385 4828 horum

1804 4870 2111 4926 doctrinam
2159 4870 2215 4924 in
2269 4869 2472 4925 divinis
2508 4867 2754 4939 psalmis.
2804 4865 2957 4923 Licet
3002 4866 3148 4922 enim
3202 4865 3278 4921 illi
3330 4864 3384 4919 in

1805 4961 2061 5033 singulis,
2110 4959 2256 5031 quod
2310 4960 2545 5018 voluerit
2586 4974 2654 5014 ex
2698 4956 3030 5030 supradictis
3074 4958 3292 5028 eligere,
3331 4965 3389 5010 et

1805 5053 1962 5124 quasi
1995 5052 2063 5108 de
2095 5067 2154 5108 se
2182 5051 2329 5108 dicta
2368 5059 2572 5116 essent,
2624 5066 2686 5107 ea
2728 5050 2996 5114 recitare;
3057 5065 3121 5114 ac
3163 5048 3387 5119 perinde

1806 5143 2059 5199 all‘ectum
2082 5154 2246 5215 atque
2265 5143 2530 5214 scriptum
2570 5151 2676 5209 est,
2707 5157 2771 5197 ea
2799 5141 2917 5212 ipsa
2947 5140 3060 5196 Deo
3091 5138 3313 5196 referre.

1875 5233 1965 5287 5|.
2009 5231 2087 5288 Ne
2115 5232 2241 5304 quis
2276 5241 2459 5288 autem
2489 5247 2554 5288 ea
2583 5230 2864 5288 saecularis
2909 5230 3234 5301 eloquentiae
3263 5244 3389 5285 ver-

1803 5324 1892 5382 bis
1919 5339 2185 5380 exornare
2233 5323 2601 5396 aggrediatur,
2639 5337 2815 5395 neque
2849 5335 3076 5379 conetur
3112 5322 3385 5394 quispiam

1810 5417 1952 5472 dicta
2013 5425 2395 5486 transponere,
2449 5423 2542 5471 aut
2590 5415 2864 5472 ullatenus
2910 5415 3237 5481 immutare;
3291 5414 3415 5469 sed.
3494 5424 3504 5435 ‘

1811 5508 1930 5563 sine
1969 5507 2083 5564 ullo
2122 5506 2379 5573 artiﬁcio,
2426 5514 2589 5577 prout
2611 5504 2759 5562 dicta
2802 5515 2955 5572 sunt,
2984 5521 3048 5561 ea
3089 5504 3300 5567 recitet,
3333 5513 3386 5557 et

1810 5599 2028 5671 psallat,
2061 5609 2120 5655 ut
2158 5599 2334 5656 sancti
2362 5598 2487 5664 viri,
2516 5598 2610 5668 qui
2648 5612 2714 5657 ea
2764 5597 2884 5670 ipsa
2917 5597 3095 5666 nobis,
3132 5604 3191 5651 ut
3224 5593 3388 5653 mini-

1487 5754 1530 5788 ³⁸
1592 5752 1754 5810 Rom.
1800 5767 1932 5819 vni,
1988 5753 2076 5809 15.
