3698 6268
334 307 408 365 86
1191 311 1250 364 S.
1291 308 1660 364 ATHANASII
1701 309 1851 366 OPP.
1891 309 2072 365 PARS
2107 308 2194 365 ill.
2238 340 2307 350 —
2345 311 2755 368 EXEGETICA.
3507 315 3570 367 Ην

329 427 452 491 sui,
503 424 792 487 tradidere,
838 437 934 477 sua
975 433 1333 492 agnoscentes
1376 425 1564 487 verba,
1611 425 1887 480 nobiscum

2059 425 2454 494 τιγινώσκοντας
2479 427 2539 480 τὸ
2562 427 2766 481 ἑαυτῶν
2802 426 3152 497 συνεύχεσθαι
3183 429 3334 498 ἡμῖν·
3366 428 3571 498 μᾶλλον

329 528 516 585 orent;
546 519 659 572 imo
695 515 874 586 potius
911 524 969 569 ut
1011 514 1269 583 Spiritus,
1299 516 1393 584 qui
1429 515 1482 569 in
1514 519 1718 571 sanctis
1746 518 1896 572 locu-

327 617 416 662 tus
443 615 547 670 est,
595 605 668 659 ibi
713 604 1055 673 conspiciens
1099 604 1262 658 verba
1308 619 1406 658 sua
1451 605 1558 659 illis
1606 606 1892 676 inspirata,

327 697 487 753 nobis
517 696 830 766 epituletur.
856 694 1068 760 Quanto
1100 695 1244 748 enim
1279 696 1624 764 praestantior
1657 708 1742 752 est
1768 715 1895 753 san-

326 800 539 844 ctorum
573 789 683 842 vita
705 787 1078 852 aliorumvita,
1113 795 1263 841 tanto
1293 788 1677 843 excellentiora
1702 805 1892 844 eorum

327 881 492 936 verba
535 878 881 936 sermonibus
935 878 1158 942 nostris,
1212 887 1374 945 atque
1407 877 1717 934 efﬁcaciora
1772 895 1894 934 esse

323 974 446 1043 jure
494 971 619 1040 quis
650 969 870 1024 dixerit.
921 968 1017 1024 His
1067 970 1210 1024 enim
1274 968 1383 1024 Deo
1430 970 1792 1038 placuerunt:
1839 981 1894 1025 et

327 1064 441 1127 haec
467 1061 728 1122 dicentes,
763 1067 822 1112 ut
865 1058 940 1112 ait
968 1057 1261 1127 Apostolus
1302 1057 1346 1087 ³³
1373 1075 1386 1110 :
1441 1055 1683 1111 Vicerunt
1712 1074 1890 1126 regna,

323 1157 528 1226 operati
575 1164 696 1209 sunt
724 1153 1020 1222 justitiam,
1064 1151 1240 1220 adepti
1283 1160 1406 1204 sunt
1442 1151 1888 1220 repromissiones,

324 1249 694 1301 obturavertmt
711 1261 806 1298 ora
823 1243 1052 1305 leonum,
1072 1242 1434 1295 exstinxerunt
1452 1243 1702 1311 impetum
1731 1243 1887 1312 ignis,

321 1341 618 1410 effugerunt
651 1337 817 1390 aciem
855 1334 1043 1404 gladii,
1071 1333 1446 1386 convaluerunt
1465 1333 1528 1386 de
1554 1334 1890 1400 inﬁrmitate,

322 1432 484 1499 forte:
525 1429 658 1498 facti
696 1435 818 1480 sunt
860 1427 914 1479 in
960 1424 1114 1487 bello,
1159 1432 1338 1477 castra
1375 1433 1636 1478 verterunt
1676 1434 1886 1479 extero-

319 1538 457 1588 rum,
501 1528 810 1591 acceperunt
841 1519 1084 1572 mulieres
1125 1517 1190 1571 de
1234 1517 1611 1573 resurrectione
1651 1525 1886 1572 mortuos

319 1628 462 1666 διιοσ.

386 1867 476 1922 52.
518 1867 902 1937 Unusquisque
944 1867 1106 1937 igitur
1148 1865 1260 1920 lucc
1295 1865 1408 1935 jam
1436 1865 1626 1921 dicens
1657 1865 1890 1920 confidat

316 1959 452 2026 fore,
497 1969 556 2013 ut
596 1975 690 2030 per
719 1974 782 2014 ea
825 1959 964 2014 Deus
1015 1959 1380 2029 supplicantes
1424 1959 1710 2015 auditurus
1754 1959 1824 2014 sit
1871 1977 1886 2012 :

316 2053 430 2106 sive
465 2051 608 2105 enim
645 2052 952 2117 tribulatur,
982 2052 1072 2121 qui
1103 2051 1217 2105 inec
1243 2052 1390 2117 dicit,
1428 2067 1678 2121 magnam
1718 2053 1888 2121 perci-

313 2144 422 2212 piet
452 2144 505 2198 iu
545 2143 676 2214 ipsis
705 2144 1171 2207 consolationem;
1206 2143 1320 2197 sive
1355 2152 1615 2208 tentatur,
1644 2152 1734 2198 aut
1769 2159 1888 2213 per-

314 2237 642 2292 secutionem
682 2237 898 2306 patitur,
922 2237 1013 2305 qui
1041 2236 1112 2290 ita
1135 2235 1335 2305 psallit,
1366 2236 1641 2304 probatior
1664 2251 1889 2306 appare-

314 2325 410 2389 bit,
441 2335 600 2397 atque
627 2343 656 2380 a
689 2327 914 2380 Domino
939 2335 1267 2397 protegetur,
1296 2325 1388 2395 qui
1425 2326 1590 2379 etiam
1622 2326 1734 2380 hzec
1766 2343 1890 2396 pro—

313 2419 573 2473 ferentem
626 2418 900 2483 defendit;
956 2417 1041 2471 his
1086 2417 1359 2472 diabolum
1413 2417 1639 2487 fugabit,
1690 2419 1890 2474 daamo-

314 2524 518 2578 nesque
557 2508 674 2576 eius
717 2509 914 2578 abiget.
961 2507 1086 2563 Ηιυο
1131 2524 1294 2577 porro
1335 2509 1542 2576 dicens,
1583 2510 1630 2565 si
1670 2511 1887 2580 quidem

314 2600 636 2670 peccaverit,
665 2614 786 2654 sese
819 2597 884 2653 ad
915 2599 1174 2668 pudorem
1210 2607 1400 2666 vertet,
1431 2611 1593 2670 atque
1630 2603 1889 2672 peccandi

311 2690 475 2746 finem
514 2689 706 2753 faciet;
753 2690 796 2743 si
839 2703 944 2743 non
993 2688 1314 2758 peccaverit,
1349 2703 1408 2744 se
1451 2691 1631 2745 Ianum
1667 2693 1887 2762 conspi-

310 2782 436 2842 cie‘t,
465 2780 591 2852 quia
616 2781 682 2836 iis
712 2797 833 2850 quae
850 2790 974 2835 ante
1002 2789 1150 2841 sunt,
1175 2781 1504 2843 extenditur,
1533 2792 1699 2852 atque
1723 2797 1890 2854 oppu'

309 2881 506 2942 gnatus
531 2873 601 2927 ita
625 2873 958 2943 psalmorum
991 2873 1043 2926 vi
1073 2873 1416 2942 praevalebit;
1443 2889 1552 2929 non
1580 2889 1889 2932 commove-

309 2963 456 3020 bitur
487 2973 662 3018 autcm
693 2964 746 3018 in
775 2972 1036 3018 aeternum
1061 2979 1090 3018 a
1121 2965 1348 3018 veritate
1374 2982 1385 3016 :
1419 2964 1529 3019 imo
1551 2964 1884 3036 deceptores,

307 3066 362 3113 et
390 3059 483 3128 qui
513 3073 637 3113 eum
682 3057 735 3111 iu
778 3071 1017 3111 errorem
1050 3054 1318 3111 deducere
1357 3056 1698 3124 tentaverint,
1726 3074 1883 3112 coar-

308 3159 467 3218 guet;
505 3160 557 3204 et
591 3149 752 3218 hujus
793 3149 869 3202 rei
905 3164 1138 3218 sponsor
1169 3165 1276 3202 non
1312 3148 1477 3204 homo
1502 3161 1604 3216 est,
1643 3153 1736 3207 sed
1767 3153 1880 3222 ipsa

306 3241 488 3297 divina
511 3240 812 3311 Scriptura.
837 3239 978 3294 Deus
998 3241 1142 3296 enim
1164 3244 1416 3314 praecepit
1431 3245 1598 3319 Moysi
1615 3249 1678 3310 ³³,
1699 3257 1759 3304 ιιι
1781 3265 1888 3303 nta-

306 3346 464 3402 gnam
483 3329 652 3386 Odam
673 3332 1056 3398 conscriberet,
1073 3333 1396 3405 doceretque
1409 3340 1664 3407 populum
1689 3357 1702 3405 ;
1724 3353 1886 3412 atque

305 3433 454 3488 eum,
489 3420 582 3491 qui
621 3421 873 3490 princeps
903 3422 1232 3479 constitutus
1261 3433 1425 3492 esset,
1453 3427 1610 3496 jubet
1646 3431 1886 3487 scribere

307 3509 874 3575 Deuteronomium“,
919 3520 972 3564 et
1026 3512 1156 3566 illud
1198 3528 1306 3582 pra:
1358 3517 1611 3572 manibus
1661 3519 1881 3586 habere,

307 3613 629 3670 semperque
674 3601 793 3669 ejus
826 3600 991 3655 verba
1031 3602 1300 3668 meditari,
1331 3606 1531 3676 quippe
1565 3605 1884 3664 suﬂi’cientia

307 3699 436 3746 sunt
463 3701 574 3746 tum
607 3693 673 3746 ad
705 3692 923 3748 virtutis
954 3695 1458 3762 commonitionem,
1488 3706 1599 3752 tum
1630 3699 1696 3754 ad
1727 3715 1882 3768 opem

305 3781 376 3836 iis
404 3780 717 3845 ferendam,
747 3783 840 3853 qui
875 3783 1089 3838 sincero
1139 3786 1324 3840 animo
1370 3789 1611 3843 meditati
1658 3805 1721 3844 ea
1767 3790 1886 3846 fue-

303 3872 436 3928 riut.
483 3872 794 3928 Sane-cum
840 3873 894 3927 in
941 3882 1137 3928 terram
1185 3876 1562 3946 promissionis
1605 3880 1886 3952 ingressus

302 3971 387 4016 est
416 3960 575 4017 Jesus
607 3959 774 4028 Nave,
812 3965 1113 4033 conspectis
1141 3964 1378 4033 gentium
1410 3969 1630 4036 castris,
1663 3970 1885 4040 regibus

302 4051 745 4106 Amorrhazorum
772 4054 1027 4110 omnibus
1053 4056 1119 4109 ad
1145 4056 1339 4111 bellum
1370 4061 1734 4130 congregatis,
1768 4063 1884 4117 vice

305 4144 535 4199 telorum
593 4144 1001 4216 gladiorumque
1083 4147 1559 4206 Deuteronomium
1621 4154 1748 4225 legit
1815 4157 1882 4211 ad

302 4250 466 4291 aures
529 4237 807 4302 omnium,
839 4241 1108 4306 verbaque
1142 4237 1272 4307 legis
1326 4238 1380 4292 iu
1434 4241 1747 4295 memoriam
1797 4258 1886 4297 re-

304 4328 604 4391 vocavit",
653 4338 815 4400 atque
847 4346 970 4384 cum
1019 4331 1086 4382 iis
1121 4331 1378 4399 populum
1425 4347 1523 4387 ceu
1567 4335 1735 4389 armis
1802 4334 1885 4388 in-

1995 517 2051 568 δὲ
2087 518 2170 569 ἴνα
2195 517 2287 570 καὶ
2315 518 2376 570 τὸ
2395 517 2615 588 Πνεῦμα
2644 519 2704 570 τὸ
2727 517 2960 588 λαλῆσαν
2996 519 3052 570 ὲν
3075 521 3186 573 τοῖς
3208 519 3400 586 ἁγίοις,
3429 520 3570 576 Θεωο

1999 607 2124 680 ρούν
2145 609 2270 672 τοὺς
2299 611 2427 681 παρ’
2449 609 2612 663 αὑτοῦ
2673 609 2861 678 λόγους
2899 609 3260 679 ἑνηχηθέντας
3316 611 3567 676 ἐκείνοις,

1997 700 2558 771 συναντιλαμϐάνηται
2605 703 2754 771 ἡμῖν.
2813 701 2960 771 ’Ὀσῳ
3012 700 3119 772 γὰρ
3172 701 3280 753 τῶν
3332 702 3502 771 ἁγίων
3535 705 3572 756 ὁ

1996 791 2109 860 βίος
2134 791 2352 860 βελτίων
2386 792 2493 844 τῶν
2519 791 2691 844 ἄλλων
2737 791 2873 855 ἐστὶ,
2905 791 3145 860 τοσούτῳ
3183 791 3276 843 καὶ
3314 792 3380 844 τὰ
3431 795 3568 864 παρ’

1993 881 2170 934 αὐτῶν
2195 884 2412 952 ῥήματα
2442 882 2550 936 τῶν
2578 885 2702 953 παρ’
2721 883 2875 952 ήμῶν
2898 883 3292 954 συντιθεμένων
3319 883 3570 953 βελτίονα

1993 975 2088 1027 καὶ
2129 974 2449 1046 ἰσχυρότερα
2507 974 2573 1026 ἄν
2623 991 2706 1036 τις
2735 975 2879 1026 εἴποι
2925 974 3163 1038 δικαίως.
3211 976 3300 1027 Ἐν
3353 977 3569 1038 τούτοις

1991 1065 2100 1136 γὰρ
2130 1065 2498 1136 εὑηρέστησαν
2528 1064 2608 1135 τῷ
2639 1064 2777 1134 Θεῷ,
2808 1067 2901 1119 καὶ
2948 1065 3120 1118 ταῦτα
3172 1066 3440 1134 λέγοντες,
3485 1067 3569 1130 ὡς

1991 1151 2143 1208 εἶπεν
2175 1158 2203 1209 6
2263 1156 2602 1221 Ἀπόστολος’
2661 1157 3159 1226 Κατηγωνίσαντο
3212 1158 3564 1221 βασιλείας,

1989 1245 2341 1316 εἰργάσαντο
2393 1247 2805 1314 δικαιοσύνην,
2843 1247 3140 1316 ἐπέτυχον
3170 1246 3566 1317 ἐπαγγελιῶν,

1987 1338 2255 1406 ἔφραξαν
2307 1339 2574 1407 στόματα
2633 1339 2930 1401 λεόντων,
2986 1339 3250 1392 ἔσϐεσαν
3305 1339 3573 1406 δύναμιν

1988 1427 2197 1495 πυρὸς,
2228 1429 2454 1498 ἔφυγον
2477 1430 2742 1498 στόματα
2779 1430 3094 1498 μαχαίρας,
3117 1429 3574 1499 ἐνεδυναμώθη-

1986 1533 2109 1570 oar
2167 1516 2284 1570 ἀπὸ
2353 1517 2701 1584 ἀσθενείας,
2766 1519 3140 1587 ἐγενήθησαν
3195 1521 3428 1588 ἰσχυροὶ
3489 1522 3574 1572 ἐν

1987 1605 2246 1675 πολέμῳ,
2297 1608 2676 1676 παρεμϐολὰς
2721 1609 2970 1663 ἔκλιναν
3009 1609 3361 1678 ἀλλοτρίων,
3417 1613 3568 1665 ἕλα-

1989 1699 2095 1750 6οι·
2163 1698 2442 1767 γυναῖκες
2500 1699 2569 1763 ἐξ
2637 1699 3026 1764 ἀναστάσεως
3094 1699 3236 1766 τοὺς
3308 1703 3576 1770 νεκροὺς

1915 1777 1956 1832 Β
1984 1788 2200 1844 αὐτῶν.

2057 1882 2154 1952 λβ’.
2203 1883 2410 1936 Οὐκοῦν
2470 1883 2562 1937 καὶ
2596 1883 2689 1937 νῦν
2742 1882 2915 1936 ταῦτα
2959 1883 3134 1952 λέγων
3159 1883 3386 1947 ἕκαστος
3417 1885 3573 1938 ἔστω

1988 1974 2223 2047 θαρρῶν,
2250 1977 2332 2029 ὅτι
2357 1976 2423 2029 δι’
2458 1975 2636 2029 αὑτῶν
2681 1976 2892 2045 ταχέως
2931 1979 2958 2028 ὁ
3006 1977 3138 2039 Θεὸς
3194 1977 3572 2031 ἐπακούσεται

1985 2075 2097 2134 τοῖς
2129 2071 2419 2142 δεομένοις·
2450 2071 2559 2124 εἴτε
2606 2071 2714 2143 γὰρ
2743 2071 2980 2125 θλίϐεται
3035 2071 3205 2140 λέγων
3242 2072 3429 2136 ταῦτα,
3467 2089 3574 2142 με-

1987 2165 2159 2233 γάλην
2190 2164 2379 2233 ὄψεται
2412 2164 2508 2235 τὴν
2536 2165 2594 2216 ὲν
2620 2165 2802 2228 αὑτοῖς
2832 2163 3194 2235 παράκλησιν*
3232 2164 3341 2216 εἴτε
3376 2163 3576 2234 πειρᾶν

1987 2255 2137 2319 ζεται
2167 2256 2259 2308 καὶ
2283 2253 2536 2308 διώκεται
2562 2255 2777 2325 ψάλλων
2807 2255 3000 2318 οὑτως,
3028 2254 3391 2325 δοκιμώτερος
3425 2255 3572 2306 ἀνα-

1988 2350 2304 2419 φανήσεται,
2341 2349 2432 2400 καὶ
2464 2348 2896 2418 σκεπασθήσεται
2922 2347 3068 2418 παρὰ
3093 2347 3184 2400 τοὺ
3210 2347 3433 2416 Κυρίου,
3463 2346 3572 2399 τοῦ

1987 2443 2080 2496 καὶ
2115 2441 2206 2493 τὸν
2234 2440 2454 2494 εἰπόντα
2485 2438 2657 2494 ταῦτα
2701 2438 3088 2501 σκεπάσαντος’
3123 2438 3180 2490 ὲν
3221 2437 3428 2499 τούτοις
3465 2437 3574 2489 τὸν

1990 2535 2086 2605 μὲν
2119 2532 2361 2587 διάϐολον
2391 2532 2705 2604 ἀνατρέψει,
2735 2533 2860 2595 τοὺς
2889 2531 2945 2583 δὲ
2992 2530 3247 2601 δαίμονας
3279 2529 3442 2582 αὑτοῦ
3469 2547 3569 2582 σο-

1988 2625 2166 2697 ϐήσει.
2204 2625 2385 2679 Ταῦτα
2429 2624 2601 2693 λέγων
2634 2625 2682 2676 εἰ
2715 2623 2812 2694 μὲν
2843 2624 3104 2692 ἥμαρτεν,
3159 2623 3349 2676 ἑαυτὸν
3387 2621 3571 2692 ἐντρὲ-

1985 2716 2077 2785 dat
2111 2717 2205 2770 καὶ
2237 2715 2524 2768 παύσεται·
2562 2716 2609 2766 εί
2641 2715 2697 2767 δὲ
2732 2715 2805 2785 μὴ
2855 2716 3122 2785 ἥμαρτεν,
3151 2713 3339 2783 ὄψεται
3369 2713 3572 2767 ἑαυτὸν

1988 2808 2268 2880 χαίροντα,
2303 2809 2383 2862 ὅτι
2423 2810 2534 2870 τοῖς
2573 2808 2670 2877 μὲν
2703 2805 3011 2877 ἔμπροσθεν
3043 2805 3436 2869 ἐπεκτείνεται,
3464 2805 3571 2857 καὶ

1987 2900 2385 2971 ἀγωνιζόμενος
2414 2900 2511 2970 μὲν
2539 2897 2746 2969 ἰσχύσει
2773 2898 2989 2968 ψάλλων
3033 2897 3226 2958 οὑτως,
3261 2897 3320 2949 οὑ
3369 2895 3572 2950 σαλευ-

1989 2991 2206 3062 θήσεται
2231 2989 2286 3041 δὲ
2320 2989 2399 3051 είς
2425 2988 2516 3040 τὸν
2570 2987 2742 3042 αίῶνα
2802 2986 2911 3040 ἀπὸ
2947 2987 3047 3056 τῆς
3087 2984 3361 3056 ἀληθείας,
3422 2983 3570 3037 ἀλλὰ

1989 3082 2083 3135 καί
2140 3081 2266 3144 τοὺς
2327 3077 2651 3141 ἀπατῶντας
2725 3079 2820 3132 καὶ
2874 3078 3081 3148 πλανᾷν
3152 3075 3572 3146 ὲπιχειροῦντας

1987 3171 2212 3239 ἐλέγξει·
2247 3170 2339 3222 καὶ
2387 3167 2573 3222 τούτου
2623 3168 2724 3221 οὑκ
2769 3167 3052 3240 ἄνθρωπος
3103 3167 3394 3238 ἐγγυητὴς,
3441 3165 3570 3219 ἀλλ’

1984 3262 2120 3334 αὑτὴ
2151 3264 2184 3333 ἡ
2217 3262 2337 3316 θεία
2383 3263 2591 3330 γίνεται
2618 3261 2830 3332 Γραφή.
2874 3260 2932 3312 ’0
2954 3261 3062 3331 γὰρ
3107 3259 3236 3322 Θεὸς
3262 3257 3572 3312 ἐνετείλατο

1983 3352 2063 3423 τῷ
2094 3354 2299 3423 Μωῦσῇ
2336 3351 2542 3423 γράψαι
2571 3351 2669 3422 τὴν
2707 3351 2948 3422 μεγάλην
2998 3351 3179 3422 ᾭδὴν,
3221 3349 3315 3402 καὶ
3355 3347 3572 3411 διδάξαι

1982 3445 2074 3497 τὸν
2106 3444 2252 3496 λαόν·
2280 3443 2372 3496 τόν
2406 3460 2464 3495 τε
2490 3443 2887 3512 καθιστάμενον
2909 3443 3146 3514 ἄρχοντα
3182 3439 3390 3494 κελεύει
3421 3441 3572 3510 γράσ-

1981 3537 2080 3604 dat
2117 3535 2177 3587 τὸ
2200 3535 2636 3606 Δευτερονόμιον,
2665 3535 2808 3604 ἔχειν
2851 3551 2911 3586 τε
2953 3533 3110 3586 τοῦτο
3160 3533 3297 3602 μετὰ
3350 3534 3568 3601 χεῖρας,

1985 3628 2078 3680 καὶ
2114 3627 2339 3697 μελοντᾷν
2364 3626 2451 3679 ἀεὶ
2482 3625 2550 3678 τὰ
2586 3627 2643 3679 ὲν
2675 3625 2823 3696 αὑτῷ
2855 3627 3095 3696 ῥήματα,
3142 3624 3216 3687 ὡς
3249 3622 3575 3695 ἀρκούντων

1983 3719 2092 3772 τῶν
2121 3720 2179 3771 ὲν
2209 3720 2392 3782 αὐτοῖς
2417 3717 2590 3784 λόγων
2621 3717 2756 3788 πρός
2791 3733 2849 3769 τε
2879 3717 3180 3787 ὑπόμνησιν
3213 3715 3432 3788 ἀρετῆς,
3463 3717 3570 3768 καὶ

1988 3809 2237 3882 βοήθειαν
2289 3806 2474 3881 φέρειν
2543 3811 2655 3872 τοῖς
2710 3808 2948 3879 γνησίως
3013 3809 3206 3870 αὑτοὺς
3244 3805 3572 3877 μελετῶσιν.

1999 3901 2215 3972 Ἀμέλει
2258 3900 2495 3971 ὁπηνίκα
2528 3902 2606 3964 είς
2632 3899 2730 3970 τὴν
2765 3900 2869 3969 γῆν
2919 3899 3168 3969 εἰσῆλθεν
3197 3901 3226 3951 6
3247 3897 3350 3950 ατοῦ
3379 3897 3562 3967 Ναυῆ,

1988 3991 2200 4060 βλέπων
2225 3991 2322 4053 τὰς
2349 3989 2455 4044 τῶν
2476 3988 2686 4060 ἐχθρῶν
2715 3989 3006 4056 διατάξεις,
3043 3990 3137 4043 καὶ
3165 3989 3289 4052 τοὺς
3321 3987 3568 4058 βασιλεῖς

1984 4081 2093 4135 τῶν
2133 4081 2474 4152 Ἀμορραίων
2516 4081 2722 4145 πάντας
2764 4081 3113 4145 συνελθόντας
3178 4083 3259 4144 εἰς
3303 4079 3568 4148 πόλεμον,

1987 4171 2148 4234 αὑτὸς
2180 4170 2293 4224 ἀνθ’
2319 4171 2497 4225 ὅπλων
2523 4174 2616 4226 καὶ
2659 4171 2826 4241 ξιφῶν
2873 4173 2935 4226 τὸ
2977 4173 3390 4244 Δευτερονὸμιον
3429 4171 3572 4227 ἁνα-

1985 4263 2148 4331 γνοὺς
2169 4265 2247 4325 είς
2269 4262 2338 4316 τά
2386 4257 2502 4316 ὦτα
2552 4264 2788 4326 πάντων,
2821 4265 2889 4320 τά
2914 4281 2974 4318 τε
3009 4267 3231 4337 ῥήματα
3273 4264 3365 4318 τοῦ
3392 4264 3570 4335 νόμου

1987 4355 2323 4424 ὑπομνήσας,
2377 4356 2470 4407 καὶ
2507 4354 2715 4419 τούτοις
2761 4355 2852 4409 τὸν
2893 4357 3020 4410 λαὸν
3081 4355 3433 4418 καθοπλίσας,
3462 4372 3572 4407 περ

305 4420 641 4484 struxisset,
704 4421 953 4476 inimicos
1020 4421 1312 4491 superavit.
1380 4421 1494 4478 Rex
1555 4433 1735 4479 autem
1789 4425 1883 4481 Jo-

2059 4420 2231 4513 γέγονε
2282 4444 2390 4498 τῶν
2447 4446 2740 4518 πολεμίων.
2807 4449 2865 4502 '0
2899 4448 2955 4502 δὲ
3022 4447 3271 4517 βασιλεὺς
3330 4446 3566 4510 Ἰωσίας,

304 4511 449 4574 sias,
505 4512 728 4567 invento
783 4513 945 4578 libro,
1001 4523 1054 4568 et
1085 4514 1151 4567 ad
1197 4515 1439 4569 omnium
1499 4532 1658 4570 aures
1705 4518 1880 4588 perle-

300 4612 392 4658 cto
411 4602 477 4670 ⁸⁸,
514 4619 622 4658 non
650 4606 786 4658 ultra
814 4606 1062 4660 inimicos
1089 4607 1475 4662 reformidavit.
1501 4608 1564 4662 Et
1589 4609 1632 4663 si
1664 4613 1882 4678 quando

304 4696 505 4752 bellum
531 4699 732 4768 p0pulo
772 4698 1070 4768 ingrueret,
1104 4714 1250 4762 arca,
1284 4716 1405 4768 quae
1435 4701 1568 4770 legis
1605 4703 1881 4757 volumina

305 4789 640 4856 continebat,
677 4805 867 4844 omnes
904 4791 1260 4860 praecedebat,
1291 4799 1344 4845 et
1381 4793 1433 4846 id
1475 4795 1583 4848 illis
1621 4811 1773 4867 teque
1813 4797 1880 4851 ad

304 4878 607 4934 subsidium
639 4879 957 4944 suﬂiciebat,
990 4895 1055 4934 ac
1085 4881 1339 4951 qua-libet
1363 4883 1527 4948 acies,
1565 4884 1668 4938 nisi
1709 4888 1883 4954 quod-

303 4970 431 5023 dam
488 4970 626 5024 inter
673 4970 885 5038 baiulos
933 4971 1052 5041 ejus
1100 4981 1195 5026 aut
1243 4972 1383 5028 inter
1433 4976 1692 5044 pOpqum
1737 4988 1882 5032 esset

304 5071 612 5128 peceatum,
677 5069 770 5116 aut
824 5061 1149 5133 hypocrisis,
1194 5080 1316 5134 quae
1369 5067 1706 5134 praevaleret.
1751 5068 1882 5127 Fide

304 5165 542 5220 namque
586 5159 640 5206 et
678 5153 846 5222 probo
889 5155 1214 5226 sinceroque
1259 5157 1452 5212 affectu
1502 5168 1582 5214 est
1626 5175 1786 5231 opus,
1824 5174 1884 5219 ut

303 5243 387 5296 lex
422 5242 478 5296 in
511 5243 598 5310 iis,
631 5259 753 5314 quae
786 5246 839 5301 in
869 5248 1011 5304 votis
1041 5258 1188 5315 sunt,
1223 5250 1564 5321 sum-agetur.

375 5333 466 5389 35.
507 5334 619 5404 Ego
649 5344 814 5402 certe,
841 5338 1021 5394 aiebat
1042 5356 1228 5407 senex,
1255 5343 1438 5397 audivi
1469 5359 1499 5397 a
1528 5346 1884 5414 prudentibus

303 5424 455 5492 viris,
497 5428 642 5496 quod
680 5428 809 5484 olim
851 5430 904 5485 in
939 5429 1136 5487 Israele
1194 5433 1308 5488 sola
1361 5432 1763 5507 Scripturarum
1811 5442 1886 5497 le-

402 5623 446 5660 ι·
488 5623 650 5696 Hebr.
693 5643 780 5696 XI,
838 5629 1021 5686 εδδ-55.

1139 5632 1182 5666 ³³
1209 5631 1364 5689 Deut.
1415 5653 1564 5706 xxxi,
1620 5641 1704 5697 l9.

332 5709 464 5760 ml,
497 5695 642 5750 8-H.

1814 5647 1856 5678 ”
1889 5647 2045 5705 Deut.
2113 5667 2246 5728 χιιι,
2314 5655 2396 5726 l8.
2476 5656 2519 5688 ³⁸
2566 5655 2731 5714 Josue
2766 5673 2884 5736 vtu,
2917 5658 3124 5727 34,35.

1989 4537 2300 4607 εὑρεθέντος
2331 4538 2426 4591 τοῦ
2457 4538 2680 4609 βιϐλίου,
2733 4542 2826 4594 καὶ
2865 4539 3297 4607 ἀναγνωσθέντος
3337 4540 3417 4601 είς
3463 4538 3572 4602 τὰς

1989 4627 2205 4679 πάντων
2229 4627 2417 4692 ἀκοάς,
2447 4628 2629 4682 οὑκέτι
2647 4630 2774 4692 τοὺς
2805 4629 3034 4700 ἐχθροὺς
3063 4629 3327 4697 ἐφοϐεῖτο.
3362 4630 3472 4682 Καὶ
3511 4631 3578 4681 εἷ

1990 4735 2118 4772 ποτε
2153 4718 2208 4770 δὲ
2231 4719 2464 4790 πόλεμος
2501 4717 2568 4791 ἦν
2587 4721 2665 4791 τῷ
2703 4720 2836 4791 λαῷ,
2888 4723 2921 4791 ἡ
2982 4720 3209 4782 κιϐωτὸς
3262 4721 3458 4790 ἔχουσα
3493 4729 3575 4775 τά

1990 4809 2154 4873 πυξία
2205 4809 2299 4862 τοῦ
2347 4810 2509 4880 νόμου
2585 4811 2856 4883 προώδευε
2903 4813 3141 4877 πάντων,
3196 4812 3289 4864 καὶ
3343 4813 3574 4882 ἠρκεῖτο

1988 4899 2197 4964 τούτοις
2226 4902 2346 4954 ἀντὶ
2373 4903 2552 4972 πάσης
2585 4902 2942 4973 παρατάξεως
2971 4905 3052 4966 είς
3079 4903 3352 4975 βοήθειαν,
3402 4904 3449 4956 εί
3486 4905 3569 4974 μή

1988 5009 2072 5056 τις
2109 4987 2175 5062 ἦν
2241 4993 2391 5062 παρὰ
2448 4996 2558 5056 τοῖς
2612 4993 2938 5062 βαστάζουσι
2994 4995 3089 5048 καὶ
3141 4997 3200 5048 ὲν
3257 4997 3369 5058 τοῖς
3419 4993 3574 5057 λαοῖς

1991 5085 2418 5152 προκρατήσασα
2450 5084 2692 5155 ἁμαρτία
2719 5086 2814 5138 καὶ
2845 5087 3151 5158 ὑπόκρισις.
3185 5087 3424 5149 Πίστεως
3457 5086 3576 5157 γὰρ

1990 5171 2086 5225 καὶ
2123 5173 2351 5242 γνησίας
2403 5173 2695 5239 διαθέσεως
2754 5178 2933 5248 χρεία,
2977 5178 3063 5229 ἴνα
3104 5179 3134 5230 6
3163 5177 3323 5247 νόμος
3374 5178 3454 5238 είς
3498 5176 3579 5229 τὰ

1991 5266 2111 5318 κατ’
2141 5263 2305 5335 εὐχὴν
2339 5265 2753 5337 συνεργάζηται.

2061 5355 2162 5423 λγ’.
2220 5354 2361 5424 Ἐγὼ
2425 5358 2575 5426 γοῦν,
2639 5360 2836 5431 ἔλεγεν,
2869 5363 2899 5414 6
2959 5361 3157 5435 γέρων,
3213 5363 3420 5431 ἥκουσα
3471 5361 3577 5413 καὶ⁵

1993 5448 2142 5519 παρὰ
2187 5448 2464 5520 φρονίμων
2508 5452 2737 5524 ἀνδρῶν,
2765 5453 2840 5516 ὡς
2878 5454 2985 5524 ἄρα
3016 5455 3077 5507 τὸ
3103 5453 3331 5508 παλαιὸν
3385 5455 3442 5504 ὲν
3488 5451 3575 5521 τῷ

3223 5655 3267 5689 ιο
3299 5653 3364 5709 tv
3426 5653 3565 5725 Reg.
