3698 6268
356 333 424 388 Π
1191 321 1248 376 S.
1293 319 1571 374 ATHANA
1583 319 1667 375 Sll
1703 319 1816 373 OPF

2114 319 2199 374 lll.
2238 351 2306 360 --
2346 319 2525 376 EXEG
2535 320 2756 376 ETlCA.
3508 322 3570 379 ιι

361 451 474 523 ρίου
501 447 589 503 διὰ
617 444 724 498 τῶν
763 442 1046 514 παρόντων
1084 437 1502 507 κατασημαίνει,
1554 439 1645 490 καὶ
1673 438 1763 490 τὸν
1807 437 2157 507 εὐαγγελικὸν
2199 437 2362 491 αὐτοῦ
2396 439 2557 510 νόμον
2589 439 2680 492 τὸν
2713 437 2825 508 (l0)
2861 437 3076 491 πάντων
3105 435 3458 508 κυριεύσαντα
3479 441 3575 494 τῶν

357 539 545 602 ἐθνῶν,
579 538 666 590 καὶ
690 536 787 608 τὴν
815 537 894 596 εἰς
920 533 1179 603 οὐρανοὺς
1224 531 1406 584 ἄνοδον
1439 531 1625 597 αὑτοῦ,
1660 527 1726 603 ἧς
1757 535 1851 586 καὶ
1881 533 2184 604 ἀπάρχεται
2217 535 2244 586 ὀ
2273 533 2486 604 ψαλμὸς
2514 533 2687 602 λέγων
2724 549 2739 563 ο
2769 532 2954 585 Εἶπεν
2985 533 3020 585 ό
3053 533 3266 599 Κύριος
3298 529 3376 597 τῷ
3404 535 3578 602 Κυρίῳ

351 651 470 702 μου
502 649 515 662 ·
556 631 756 686 Κάθου
808 631 876 684 ἐκ
933 627 1147 687 δεξιῶν
1198 644 1314 696 μου
1361 625 1473 692 ἕως
1513 627 1591 680 ἂν
1638 627 1718 680 θῶ
1765 629 1908 694 τοὺς
1952 629 2203 697 ἐχθρούς
2257 646 2372 684 σου
2414 629 2749 683 ὑποπόδιον
2782 627 2900 680 τῶν
2930 625 3130 680 ποδῶν
3165 643 3301 681 σου.
3339 627 3578 698 Ἐχθροὺς

354 729 410 781 δὲ
437 729 466 779 ὁ
505 725 823 789 Ἀπόσωλος
849 725 998 796 δηλοῖ
1027 723 1197 790 λέγων
1225 723 1269 791 (Ι
1289 723 1334 787 l)
1362 737 1376 750 '
1411 725 1710 791 Ἔσχιιτος
1760 725 1814 792 ἐ)

2115 724 2385 795 ταργεῖται
2415 729 2448 779 ό
2473 724 2745 791 θάνατος.
2789 743 2806 776 ι
2839 722 2949 777 Hoc
2979 733 3053 776 est
3087 739 3105 777 :
3151 721 3384 778 Sanctus
3413 732 3575 777 autem

352 820 686 875 Athanasius
713 819 788 875 ita
817 818 1056 888 loquitur
1087 835 1104 876 τ
1135 837 1154 869 ι
1185 817 1345 873 Hisce
1375 818 1553 873 verbis
1581 820 1984 888 generationem
2013 818 2226 874 Domini
2257 819 2551 875 secundum
2585 832 2803 872 carnem
2832 815 3122 885 signiﬁcat,
3146 827 3200 871 et
3227 817 3578 887 evangelicam

353 911 474 977 ejus
499 910 692 982 legem,
721 925 841 980 quae
869 908 1122 964 omnibus
1151 907 1404 978 gentibus
1426 907 1742 963 dominatur
1768 928 1780 962 :
1811 920 1974 979 atque
2007 908 2128 978 ejus
2161 923 2449 963 ascensum
2481 909 2534 962 in
2564 908 2752 973 coalos,
2783 911 2943 978 quem
2972 920 3194 964 enarrat
3230 913 3474 981 psalmus
3502 913 3580 966 di-

353 1005 527 1059 cendo
556 1023 568 1058 :
615 1002 766 1058 Dixit
797 1002 1049 1056 Dominus
1089 1003 1314 1056 Domino
1361 1019 1471 1057 meo
1499 1017 1518 1054 :
1547 1002 1665 1058 sede
1687 1020 1718 1057 a
1747 1003 1948 1058 dextris
1971 1005 2119 1069 meis,
2147 1003 2311 1057 donec
2331 1019 2522 1073 ponam
2545 1002 2786 1056 inimicos
2812 1012 2931 1056 tuos
2952 1004 3235 1058 scabellum
3263 1004 3448 1074 pedum
3471 1014 3582 1058 tuo-

350 1116 493 1153 rum.
535 1099 768 1165 Quinam
793 1098 995 1153 inimici
1020 1098 1148 1163 sint,
1167 1099 1405 1156 declarat
1433 1100 1724 1172 Apostolus
1762 1100 1847 1154 his
1889 1099 2066 1154 verbis
2095 1117 2109 1154 :
2146 1098 2451 1152 Novissima
2475 1097 2706 1152 omniunt
2737 1096 3038 1153 destruetur
3065 1115 3205 1152 mors
3237 1098 3304 1155 “.
3358 1118 3377 1152 ι
3423 1096 3582 1165 Quem

353 1195 523 1247 locum
551 1193 799 1263 inferius,
829 1192 981 1244 initio
1011 1195 1372 1248 commentarii
1402 1195 1455 1248 in
1479 1194 1741 1262 psalmum
1765 1208 1875 1258 crx,
1904 1193 2163 1262 integrum
2195 1192 2436 1262 legimus.

423 1283 490 1339 ll.
523 1285 828 1339 Chronicon
862 1293 1034 1335 autem
1072 1282 1521 1349 Alexandrinum,
1551 1283 1770 1352 septimo
1801 1297 1883 1335 scel

2128 1282 2401 1349 scriptum,
2439 1297 2491 1349 p.
2519 1279 2646 1342 2'25,
2678 1281 2788 1334 hac
2821 1280 2974 1334 habet
3005 1297 3024 1334 :
3058 1280 3168 1334 Καὶ
3193 1282 3222 1332 ὁ
3256 1284 3406 1348 ἅγιος
3433 1279 3583 1334 Ἀθα-

352 1375 532 1437 νὰσιος
553 1373 866 1444 ἑρμηνεύων
893 1371 982 1424 τὸν
1014 1370 1127 1442 ρλα’
1155 1371 1390 1442 ψαλμὸν,
1425 1372 1658 1446 ἔγραψεν
1691 1370 1864 1434 οὕτως
1888 1386 1903 1400 ·
1939 1389 1956 1420 ι
2001 1369 2339 1438 Ἀνάστηθι,
2365 1372 2558 1438 Κύριε,
2591 1373 2677 1438 εις
2697 1371 2811 1440 τὴν
2835 1373 3186 1427 ἀνάπαυσιν
3215 1387 3349 1426 σου.
3379 1372 3584 1442 Thesl;

344 1465 608 1536 οὐρανοὺς
636 1462 907 1533 ἀνάληψιν
950 1459 1362 1514 ὲπισπεύδουσιν
1393 1460 1577 1515 αὐτοῦ.
1624 1460 1706 1514 Σὺ
1739 1459 1836 1513 καὶ
1866 1461 1904 1528 ἡ
1937 1458 2182 1524 κιϐωτὸς
2212 1459 2316 1514 τοῦ
2345 1459 2708 1530 ἀγιάσματός
2735 1477 2872 1516 σου.
2901 1463 3010 1534 Τὴν
3037 1463 3198 1530 ἁγίαν
3224 1461 3388 1516 αὑτοῦ
3415 1462 3585 1533 σάρκα

351 1562 504 1633 φησί’
539 1562 656 1632 μετ’
673 1559 842 1629 αὐτῆς
881 1557 990 1628 γὰρ
1018 1556 1312 1628 ἀνελήφθη.
1347 1557 1422 1610 Οὐ
1450 1557 1558 1628 γὰρ
1593 1555 1994 1626 ἀποσαρκοῦται
2025 1556 2106 1618 εἰς
2133 1555 2259 1613 τοὺς
2288 1555 2596 1626 ἀγηράτους
2629 1556 2828 1620 αἰῶνας
2853 1559 2960 1612 τῶν
2986 1555 3216 1611 αἰώνων.
3246 1576 3263 1608 ι
3301 1555 3367 1609 Id
3395 1565 3500 1609 est:
3525 1555 3586 1611 Et

347 1663 568 1710 sanctus
596 1650 926 1706 Athanasius
957 1649 1223 1719 psalmum
1254 1665 1411 1704 cxxxt
1446 1649 1828 1719 interpretans,
1865 1649 1936 1702 ita
1967 1647 2156 1702 scribit
2185 1665 2197 1702 :
2230 1666 2246 1697 ι
2281 1645 2466 1716 Surge,
2497 1646 2738 1712 Domine,
2788 1649 2842 1701 in
2897 1646 3122 1718 requiem
3159 1655 3322 1699 tuam.
3373 1644 3501 1714 Ejus
3535 1645 3587 1698 in

347 1745 514 1799 oculos
541 1758 828 1799 ascensum
867 1742 976 1796 cito
1021 1741 1278 1796 accedere
1323 1739 1583 1809 gestiunt.
1623 1743 1694 1792 Tu
1725 1750 1772 1792 et
1802 1755 1929 1791 arca
1963 1738 2406 1807 sanctiﬁcationis
2439 1746 2565 1793 tute.
2608 1737 2864 1790 Sanctam
2895 1736 3014 1806 ejus
3042 1750 3260 1791 carnem
3296 1734 3443 1798 dicit,
3465 1749 3584 1788 cum

347 1836 436 1891 illa
470 1850 704 1904 namque
727 1842 1039 1902 assumptus
1072 1841 1188 1897 est;
1219 1847 1394 1900 neque
1420 1831 1564 1886 enim
1600 1845 1818 1883 carnem
1851 1827 2074 1883 dimittit
2102 1845 2197 1899 per
2227 1828 2437 1882 inﬁnita
2478 1828 2674 1882 saecula
2711 1827 3054 1882 szecnlurum.
3097 1845 3116 1877 ι
3163 1825 3291 1880 Hcce
3315 1842 3469 1890 porro
3497 1825 3589 1877 ha-

347 1927 430 1980 bes
465 1928 517 1979 in
537 1926 859 1996 expositione
885 1925 1119 1995 ejusdem
1151 1927 1340 1994 psalmi
1366 1925 1606 1995 inferius,
1636 1943 1683 1980 v.
1703 1923 1756 1978 8.
1780 1923 1807 1978 ι

2129 1934 2258 1976 atem
2282 1923 2460 1987 verba,
2500 1923 2616 1994 μετ’
2630 1923 2799 1994 αὐτῆς
2826 1923 2934 1994 γὰρ
2966 1921 3262 1993 ἀνελήφθη.
3298 1930 3428 1984 etc.,
3454 1921 3589 1975 desi-

343 2019 602 2076 derantur
630 2019 721 2086 ibi,
753 2020 860 2074 sive
884 2021 1007 2090 quia
1034 2037 1168 2090 saepe
1204 2021 1405 2075 codices
1432 2022 1619 2090 quibus
1649 2021 1731 2074 nsi
1761 2035 1943 2074 sumus
1970 2019 2256 2073 sententias
2287 2021 2625 2079 detruncant.
2655 2023 2760 2072 sive
2785 2019 2908 2088 quia
2942 2018 3052 2072 hcce
3079 2018 3306 2088 fortasse
3334 2016 3590 2085 glossema

346 2124 466 2166 sunt
509 2115 743 2166 auctoris
769 2112 1047 2167 Chronici.
1084 2113 1280 2168 Octavo
1305 2112 1517 2178 sceculo,
1543 2109 1834 2165 Germanus
1870 2111 2181 2180 patriarcha
2223 2108 2843 2179 Constantinopolitanus
2876 2109 2930 2162 in
2968 2107 3192 2178 epistola
3226 2108 3294 2161 ad
3340 2107 3588 2162 Thomam

343 2205 639 2272 episcopum
664 2203 1066 2272 Claudiopoleus
1095 2203 1206 2275 (Ιὲ)
1257 2205 1366 2256 Ιιαέ
1395 2202 1549 2271 affert
1574 2219 1591 2255 :
1626 2201 1786 2254 Ἀλλά

2126 2201 2258 2272 ἱριος
2292 2201 2626 2264 Ἀθανάσιος,
2662 2201 2723 2252 τὸ
2750 2199 3023 2270 ψαλμικὸν
3057 2198 3371 2270 ἑρμηνεύων
3407 2197 3586 2270 ῥητόν·

356 2295 409 2347 '0
435 2296 767 2365 καθήμενος
799 2295 898 2348 ἐπὶ
935 2294 1041 2348 τὸν
1091 2295 1387 2364 χερουϐὶμ.
1428 2293 1740 2363 anguiis-nm,
1779 2294 2036 2365 τοιαύτην
2069 2294 2196 2363 περὶ
2216 2293 2392 2346 αὐτῶν
2419 2292 2780 2364 παραδίδωσιν
2810 2292 3016 2345 ἐννοιαν
3047 2311 3058 2322 ·
3098 2311 3116 2343 ι
3154 2291 3342 2344 Καίτοι
3371 2289 3593 2343 ἐκείνων

341 2388 450 2441 τῶν
467 2405 527 2460 χε
535 2387 731 2460 ρουὸὶμ
746 2387 814 2440 τὰ
832 2385 1111 2458 ἀρχέτυπα
1130 2385 1379 2454 ἄγνωστα
1395 2389 1491 2457 τὴν
1522 2385 1681 2456 φύσιν
1709 2385 1890 2457 ἀνθρώ
1901 2402 2015 2449 ποις
2040 2387 2382 2440 παντάπασιν
2398 2386 2528 2438 ὄντα
2547 2401 2561 2415 ο
2581 2384 2796 2454 πνεῦμα
2815 2383 2922 2454 γὰρ
2940 2383 3032 2437 καὶ
3053 2381 3162 2454 πῦρ
3181 2383 3484 2452 ὑπάρχουσι
3501 2381 3595 2434 καὶ

344 2481 521 2552 πάσης
548 2479 976 2552 σχηματοθεσίας
1004 2479 1255 2551 ἀλλότρια
1283 2481 1376 2532 καὶ
1401 2479 1632 2549 φύσεως.
1675 2500 1692 2532 ι
1745 2479 1804 2533 ΙΙ.

2127 2483 2148 2535 1
2181 2491 2234 2536 et
2262 2482 2451 2538 beatus
2478 2481 2811 2537 Athanasius
2845 2481 3166 2551 psalmicum
3205 2481 3337 2535 illud
3381 2482 3587 2536 dictum

342 2573 653 2643 explicans:
685 2573 787 2636 Qui
811 2573 955 2625 sedes
980 2587 1134 2640 super
1176 2570 1462 2633 cherubim,
1493 2585 1683 2638 appare
1698 2570 1768 2636 ⁸⁷,
1796 2570 1954 2624 talem
1976 2571 2042 2624 de
2078 2570 2182 2624 illis
2213 2570 2375 2625 tradit
2407 2572 2650 2626 notitiam
2679 2589 2692 2626 :
2727 2589 2744 2621 ι
2776 2569 2886 2626 Etsi
2920 2571 3344 2626 cherubinorum
3375 2573 3592 2627 illorum

344 2666 632 2737 archetypa
661 2672 854 2717 natura
887 2663 996 2717 sint
1041 2659 1356 2715 hominibus
1400 2675 1623 2729 prorsus
1667 2660 1848 2730 ignota
1882 2679 1894 2714 :
1925 2661 2148 2730 spiritus
2173 2662 2316 2714 enim
2353 2670 2406 2716 et
2434 2661 2575 2732 ignis
2618 2671 2745 2718 sunt
2773 2673 2826 2717 ct
2849 2663 3025 2720 aliena
3051 2664 3120 2720 ab
3152 2665 3300 2720 omni
3325 2669 3595 2736 corporali

345 2758 529 2812 habitu
555 2766 610 2812 et
637 2765 850 2810 natura.
904 2773 922 2800 ι
957 2753 1062 2818 Qui
1105 2755 1248 2809 locus
1295 2755 1411 2810 ideo
1458 2772 1558 2809 non
1599 2766 1865 2825 comparet
1909 2758 1962 2810 in
2000 2757 2412 2826 expositionibus
2457 2759 2674 2824 nostris,
2704 2760 2843 2830 quod
2883 2761 2946 2813 ab
2978 2763 3386 2816 amanuensibus
3437 2764 3599 2818 omis-

343 2865 430 2902 sus
473 2848 631 2917 fuerit
682 2845 1001 2911 versiculus,
1033 2856 1088 2898 ut
1135 2854 1183 2899 et
1227 2845 1338 2898 alia
1384 2845 1576 2908 multa,
1617 2845 1754 2914 quod
1797 2861 1899 2915 qua
1936 2848 2137 2900 ratione
2169 2857 2372 2916 gestum
2411 2848 2482 2902 sit
2519 2863 2642 2902 mox
2675 2861 2948 2903 narratur.
2982 2843 3100 2904 Etsi
3137 2867 3253 2905 vero
3280 2852 3403 2906 huic
3431 2853 3597 2907 versi-

345 2941 462 2994 culo
489 2957 506 2994 :
529 2938 630 3006 Qui
661 2938 816 2994 sedes
845 2953 1008 3008 super
1035 2937 1341 3000 cherubim,
1376 2935 1728 2992 manifestare
1750 2950 1936 2990 coram
1969 2935 2251 3006 Ephraim,
2284 2935 2589 3007 Benjamin,
2617 2947 2673 2992 et
2695 2937 2963 3006 Manasse,
2993 2942 3252 3010 expositio
3275 2959 3372 2996 sua
3403 2944 3598 3012 adjici-

345 3044 429 3086 tur
463 3034 704 3103 inferius,
727 3031 865 3102 psal.
891 3048 1038 3097 ωας,
1059 3050 1107 3086 v.
1145 3031 1197 3099 5,
1226 3049 1286 3085 ea
1321 3041 1457 3086 certe
1489 3031 1771 3086 secundam
1797 3031 1968 3085 solum
1991 3031 2233 3086 versiculi
2256 3042 2460 3102 partem
2486 3042 2706 3103 spectat,
2732 3035 3079 3092 manifestare
3101 3053 3287 3092 coram
3307 3038 3597 3108 Ephraim,

343 3123 621 3196 Dt-njatnin
656 3136 708 3178 ct
735 3123 1005 3191 Manussc,
1031 3125 1330 3178 nullatenus
1361 3136 1533 3179 autem
1555 3125 1780 3193 primam
1807 3140 1826 3178 :
1861 3123 1964 3190 Qui
1999 3125 2155 3181 sedes
2180 3141 2342 3197 super
2367 3129 2675 3193 cherubim,
2704 3139 2760 3184 ut
2794 3131 2914 3184 hinc
2936 3134 3213 3202 propalant
3244 3136 3312 3189 sit
3339 3136 3600 3190 omissam

343 3219 504 3288 fuisse
531 3218 716 3270 horum
747 3215 1249 3284 interpretationem.
1285 3213 1417 3270 Item
1447 3214 1716 3268 Adrianus
1746 3212 1776 3268 I
1806 3214 2028 3284 epistola
2050 3215 2119 3269 ad
2157 3214 2410 3270 Carolum
2437 3215 2691 3288 Magnum
2719 3220 2852 3291 (15),
2877 3223 3015 3275 hunc
3048 3225 3357 3278 versiculum
3401 3242 3600 3279 memo-

344 3331 468 3369 rans
492 3329 511 3368 :
546 3312 791 3378 Domine,
818 3311 871 3365 in
899 3311 1117 3365 civitate
1155 3317 1248 3364 tua
1287 3308 1574 3379 imaginem
1608 3307 1850 3377 ipsorum
1875 3308 1942 3361 ad
1971 3307 2200 3361 nihilum
2225 3309 2518 3379 rcdiges”,
2545 3311 2655 3364 harc
2672 3297 2899 3381 adjicit':
2923 3335 2939 3365 ι
2966 3315 3093 3369 Item
3112 3318 3282 3370 sancti
3308 3316 3598 3372 Athanasii

346 3411 420 3468 De
459 3409 884 3480 interpretatione
915 3407 1260 3475 psalmorum,
1291 3406 1429 3458 inter
1459 3413 1651 3459 caetera
1681 3421 1696 3458 :
1727 3403 1933 3458 Civitas
1967 3402 2110 3457 enim
2145 3403 2378 3470 Domini,
2402 3419 2524 3474 qua:
2551 3420 2795 3474 sursum,
2825 3405 3126 3461 Jerusalem
3156 3427 3168 3462 :
3200 3409 3380 3480 imago
3407 3420 3594 3465 autem

342 3517 554 3566 eorum,
579 3501 870 3556 terrestris.
900 3498 1056 3566 Quod
1086 3500 1230 3553 enim
1256 3497 1387 3553 dicit
1415 3498 1517 3552 tale
1550 3509 1633 3552 est
1663 3515 1676 3551 :
1717 3495 1988 3564 Quoniam
2029 3496 2309 3552 terrestris
2330 3538 2344 3562 ,
2379 3498 2584 3568 inquit,
2616 3500 2789 3555 induti
2835 3513 2981 3565 sum,
3029 3502 3318 3574 imaginem
3348 3545 3362 3568 ,
3395 3516 3452 3560 et
3485 3522 3598 3576 non

343 3595 600 3658 celestis,
629 3603 846 3663 pr0pter
874 3591 976 3646 hoc
998 3591 1063 3643 ad
1097 3589 1328 3644 nihilum
1363 3589 1690 3659 redigentur.
1719 3588 1954 3642 Audient
1982 3588 2124 3642 enim
2151 3587 2241 3643 illo
2272 3601 2530 3658 tempore,
2562 3589 2752 3645 Nescio
2781 3610 2866 3648 vos
2883 3596 2926 3626 δ’
2954 3613 2967 3650 :
3007 3605 3191 3666 utpote
3220 3613 3327 3652 non
3370 3599 3604 3656 indutos

341 3689 527 3741 eadem
558 3683 768 3740 Domini
801 3682 1053 3751 imagine.
1083 3699 1101 3732 ι
1138 3678 1268 3735 Hau:
1301 3680 1477 3732 omnia
1507 3679 1694 3732 videsis
1717 3677 1916 3748 psalm.
1952 3693 2122 3745 Lxxlt,
2150 3694 2198 3732 v.
2223 3678 2314 3742 20,
2350 3679 2419 3732 ad
2451 3679 2587 3734 hunc
2611 3697 2839 3737 versum.

412 3775 499 3828 lll.
531 3775 612 3828 Ad
636 3774 743 3827 ha'c
771 3776 826 3825 in
852 3771 1026 3825 codice
1059 3769 1181 3840 Reg.
1223 3769 1363 3823 ρνιθ
1404 3767 1689 3836 explicatio
1737 3767 1883 3821 illius
1924 3783 2101 3822 versus
2133 3784 2152 3822 :
2183 3767 2262 3822 Tu
2294 3785 2353 3824 es
2383 3771 2636 3826 sacerdos
2689 3773 2742 3825 in
2778 3785 3065 3840 aeternum,
3100 3779 3377 3846 ipsissimis
3423 3782 3603 3836 verbis

337 3865 583 3935 aﬂ'ertur,
610 3873 665 3916 ut
697 3863 888 3932 legitur
906 3864 1042 3932 psal.
1066 3881 1177 3928 crs,
1203 3881 1248 3919 v.
1281 3865 1334 3918 4.
1361 3862 1528 3932 Super
1556 3865 1665 3918 haec
1691 3863 1870 3916 omnia
1902 3861 2124 3917 Nice-tas
2149 3862 2444 3930 Heracleae,
2474 3877 2528 3920 ut
2555 3868 2708 3922 habet
2739 3867 3123 3926 Felckmunnus
3150 3874 3371 3943 inferius
3399 3874 3602 3930 Monit.

340 3958 395 4012 in
428 3955 670 4030 Fragm.,
708 3959 1070 4029 Expositioues
1100 3964 1381 4016 Athanasii
1415 3963 1468 4016 in
1501 3959 1772 4025 Psalmos,
1804 3971 1860 4014 ut
1893 3978 1984 4013 nos
2002 3961 2342 4030 proferimus,
2377 3965 2431 4015 in
2465 3963 2663 4018 Catena
2697 3984 2796 4021 sua
2828 3969 3017 4036 edidit,
3052 3951 3170 4024 cum
3205 3971 3327 4025 aliis
3360 3972 3606 4026 aliorum

339 4052 570 4107 Patrum
617 4055 1003 4109 commentariis
1044 4057 1341 4125 adjunctus.
1398 4056 1599 4110 Narrat
1642 4054 1857 4109 Gabriel
1902 4055 2189 4110 Crodecius
2223 4055 2607 4128 Dautzicanus,
2643 4063 2911 4132 professor
2966 4063 3242 4119 llebraicae
3286 4066 3494 4134 lingua:
3547 4069 3606 4119 in

337 4145 624 4198 Academia
653 4144 929 4215 Lipsiana,
956 4149 1036 4201 vir
1058 4147 1242 4201 doctus
1273 4163 1334 4201 ac
1365 4145 1751 4200 necessitudine
1774 4145 1901 4198 mihi
1928 4147 2261 4215 conjunctus,
2297 4157 2505 4200 exstare
2544 4149 2597 4202 in
2638 4151 2950 4205 bibliotheca
2987 4153 3046 4208 S.
3087 4151 3380 4207 Saluatoris
3414 4155 3609 4208 Βοηθ-

337 4236 529 4289 niensis
561 4236 615 4289 in
647 4237 823 4291 codice
853 4239 1182 4307 perantiquo,
1211 4239 1591 4308 expositionem
1621 4239 1903 4292 Athanasii
1923 4239 1976 4293 in
2007 4238 2255 4294 Psalmus
2289 4237 2546 4294 Serviana
2571 4241 2775 4311 lingua,
2799 4260 2915 4312 qua:
2942 4257 3017 4299 est
3052 4245 3275 4300 Slavica:
3301 4245 3606 4314 dialectics,

335 4339 457 4383 sunt
487 4341 660 4383 autent
691 4328 857 4386 Servii
881 4328 1070 4400 Mysia:
1102 4329 1386 4398 superioris
1411 4328 1632 4396 populus
1658 4343 1676 4392 ;
1709 4343 1800 4380 nec
1821 4327 2030 4398 ambigo
2061 4345 2124 4382 ex
2152 4329 2230 4382 his
2257 4329 2452 4382 nostris
2483 4329 2912 4400 Expositionibus
2941 4334 3148 4392 Slavice
3174 4355 3374 4394 versam
3400 4340 3606 4410 fuisse.

337 4419 466 4475 Ηαῑε
489 4423 668 4490 augeri
701 4431 932 4490 possent,
965 4437 1140 4476 verum
1163 4420 1295 4474 satis
1332 4435 1588 4488 superque
1610 4429 1733 4472 sunt
1762 4427 1819 4471 ut
1853 4418 2217 4488 comprobetur
2249 4419 2696 4474 Commentarium
2731 4423 3017 4478 Athanasii
3050 4427 3103 4480 in
3135 4426 3382 4483 Psalmos
3411 4431 3607 4482 omni-

332 4513 429 4566 bus
462 4516 567 4581 fere
595 4513 878 4566 secundum
917 4513 1266 4565 Athanasium
1291 4509 1501 4565 sacculis
1530 4509 1808 4563 laudatunt
1831 4509 2014 4578 fuisse.
2043 4507 2221 4578 Neque
2240 4509 2422 4562 desunt
2454 4511 2507 4562 in
2529 4511 2745 4579 hujusce
2775 4515 2948 4581 operis
2988 4516 3209 4569 decursu
3233 4519 3610 4574 Athanasiani

331 4600 456 4668 styli
485 4609 622 4653 nota:
645 4599 923 4668 pleraeque.
959 4599 1100 4652 Nunt
1127 4603 1214 4653 ubi
1244 4600 1451 4653 occasio
1494 4615 1603 4653 sese
1643 4599 1797 4668 offert
1841 4607 1897 4650 ut
1922 4597 2190 4651 Christum
2221 4601 2515 4668 comprobet
2553 4617 2662 4654 esse
2697 4601 2878 4667 Deum,
2905 4604 2960 4658 id
2987 4606 3076 4659 ille
3097 4617 3336 4674 pra’stat,
3369 4626 3484 4678 quo
3517 4614 3610 4665 in-

336 4697 521 4748 nuitur
542 4712 599 4747 eo
629 4707 851 4761 tempore
880 4695 988 4747 hwc
1019 4697 1216 4763 scripta
1240 4696 1424 4764 fuisse,
1456 4711 1557 4764 quo
1589 4693 1960 4748 controversia:
1983 4691 2046 4744 de
2072 4689 2270 4745 Christi
2295 4693 2492 4747 deitate
2516 4695 2712 4748 obortw
2736 4707 2875 4751 sunt.
2911 4697 3000 4752 Sic
3027 4697 3173 4752 Psal.
3203 4716 3352 4766 xux,
3375 4719 3429 4756 υ.
3461 4705 3524 4765 6,
3549 4707 3610 4757 iit

334 4787 443 4838 haec
473 4784 624 4838 rerba
653 4803 668 4838 :
696 4784 964 4849 Quoniam
1003 4782 1145 4838 Deus
1179 4782 1346 4852 judex
1380 4791 1486 4847 est,
1521 4782 1597 4834 sic
1622 4781 1709 4834 ille
1736 4781 1954 4850 arguit:
1980 4778 2077 4834 llic
2103 4779 2389 4835 manifeste
2418 4782 2700 4836 Christum
2732 4784 2862 4838 dicit
2895 4785 3063 4841 Deum
3093 4808 3107 4844 :
3140 4806 3268 4844 nam
3299 4808 3462 4846 omne
3500 4795 3610 4862 ju-

334 4878 533 4930 dicium
561 4876 703 4928 dedit
728 4873 892 4928 Pater
917 4873 1145 4928 Fitio“.
1173 4872 1327 4940 Quod
1358 4873 1406 4928 si
1433 4888 1595 4928 omne
1635 4873 1902 4941 judicium
1935 4873 2082 4926 dedit
2126 4873 2230 4934 illi,
2253 4883 2306 4926 et
2339 4873 2479 4928 Deus
2518 4875 2682 4943 judex
2725 4885 2846 4929 est:
2871 4896 3000 4951 ergo
3030 4881 3276 4938 Christus
3303 4894 3382 4938 est
3426 4886 3608 4941 Deus.

336 4973 597 5030 Similiter
620 4970 894 5027 Christum
918 4973 1103 5040 probat
1130 4985 1240 5024 esse
1269 4970 1430 5023 Deum
1455 4978 1506 5022 et
1535 4969 1721 5022 iisdem
1757 4969 1944 5042 quibus
1967 4966 2130 5022 Pater
2157 4969 2455 5022 nominibus
2481 4972 2661 5023 ornari
2691 4974 2827 5038 psal.
2858 4989 3076 5037 unus,
3102 4991 3149 5029 v.
3178 4975 3270 5030 25.

403 5064 490 5119 IV.
522 5063 798 5119 Peculiare
821 5075 898 5118 est
925 5062 1216 5116 Athanasio
1243 5060 1380 5130 quod
1401 5059 1512 5112 solo
1527 5058 1811 5129 ἀγαπητοῦ
1835 5059 2044 5112 nomine
2064 5056 2398 5129 Unigenitum
2420 5059 2513 5111 Dei
2542 5061 2799 5131 intelligat
2826 5067 2995 5134 cujus,
3023 5067 3158 5120 vocis
3183 5071 3319 5120 hunc
3341 5081 3515 5120 usum
3540 5083 3612 5120 ea:

339 5158 563 5215 Homero
593 5162 873 5231 conﬁrmat
904 5159 1013 5223 ille,
1035 5175 1157 5229 pag.
1180 5157 1304 5213 507.
1344 5156 1543 5211 Eodem
1573 5168 1748 5210 autent
1781 5173 1881 5209 usu
1916 5172 2032 5209 eant
2065 5172 2236 5210 vocent
2260 5156 2415 5208 habes
2440 5156 2493 5208 in
2524 5156 2661 5210 hisce
2687 5157 3115 5227 Expositionibus
3140 5157 3277 5228 psal.
3301 5173 3416 5223 Ltv,
3439 5175 3494 5215 υ.
3526 5164 3562 5212 6
3593 5179 3608 5214 :

343 5254 508 5310 Ἀλλὰ
557 5255 719 5324 φόϐος
764 5254 858 5308 καὶ
899 5255 1099 5325 τρόμος
1141 5253 1406 5307 ἐπέπεσεν
1435 5252 1512 5324 τῷ
1539 5254 1794 5325 προφήτῃ
1834 5250 2031 5325 ὁρῶντι
2062 5253 2150 5306 τὸν
2193 5253 2501 5323 Ἀγαπητὸν
2527 5253 2616 5307 τοῦ
2648 5253 2782 5308 Θεοῦ
2820 5255 3044 5310 τοιαῦτα
3089 5257 3194 5312 ὑπὸ
3227 5256 3336 5310 τῶν
3365 5256 3612 5313 ἀσεϐῶν

333 5346 628 5416 πάσχοντα.
661 5345 776 5399 lloc
808 5357 884 5400 est
919 5361 938 5400 :
978 5346 1084 5402 Sed
1128 5349 1288 5400 etiam
1346 5347 1510 5402 timor
1561 5355 1616 5401 ct
1656 5357 1858 5400 tremor
1899 5347 2213 5417 prophetam
2261 5346 2480 5411 invasit,
2534 5358 2842 5404 cernentem
2893 5351 3148 5406 dilectum
3195 5351 3330 5424 (sive
3375 5347 3610 5422 Unige-

332 5442 527 5509 nilum)
573 5440 665 5496 Dei
709 5443 824 5498 huic
857 5443 927 5498 ab
955 5442 1136 5512 impiis
1174 5443 1304 5513 pati.
1339 5440 1645 5498 Notandum
1687 5443 1810 5495 item
1836 5443 1889 5494 in
1928 5441 2070 5496 hisce
2105 5440 2510 5495 Commentariis
2539 5439 2738 5496 Filium
2769 5443 2864 5497 Dei
2882 5445 3080 5510 passim
3111 5460 3217 5498 una
3249 5460 3393 5511 voce,
3432 5461 3613 5514 μονο-

400 5559 446 5592 ⁶⁸
473 5559 489 5613 l
525 5560 650 5614 Cor.
688 5577 774 5626 xv,
801 5560 890 5616 26.
986 5562 1029 5594 ⁸⁷
1056 5560 1201 5617 Psal.
1226 5579 1411 5626 uitis,
1432 5563 1522 5618 9.0.
1599 5563 1642 5593 “
1671 5561 1813 5616 Psal.
1843 5578 1860 5616 ι

1843 5577 2012 5626 usu,
2045 5559 2099 5633 g.
2210 5557 2254 5590 δ’
2290 5557 2480 5620 Matth.
2521 5577 2642 5620 xxv.
2679 5560 2765 5614 12.
2851 5560 2897 5592 ⁸ο
2925 5557 3085 5618 Joau.
3120 5577 3172 5628 γ,
3199 5561 3288 5616 22.

398 5659 510 5731 (10)
537 5657 684 5731 infra
717 5659 860 5713 Psal.
891 5676 1002 5726 cu,
1027 5677 1079 5716 ν.
1118 5661 1167 5726 1,
1192 5660 1346 5730 λόγον

2075 5657 2185 5731 (l2)
2215 5657 2375 5731 flium.
2399 5657 2493 5712 ‘Vll
2532 5659 2737 5716 Concil.
2770 5676 2821 5731 p.
2850 5661 2975 5717 512.

397 5727 510 5799 (ll)
537 5727 680 5784 lnl'ra
719 5731 878 5802 βοῶν.
993 5735 998 5740 ’
1264 5727 1273 5730 ⁷

1264 5727 1273 5730 ⁷
2075 5730 2184 5800 (15)
2212 5728 2345 5784 Ibid.
2378 5747 2429 5801 ιτ.
2463 5731 2587 5786 951.
