3698 6268
107 268 152 319 Β
994 265 1366 322 ΑΒΜΟΝΠΊΟ
1402 266 1471 324 IN
1509 267 1567 321 EI

1899 268 2004 325 lES
2042 267 2482 330 PSALMOBUM.
3293 271 3359 326 50

107 383 259 447 τδής,
296 379 644 449 signiﬁcari,
676 399 786 450 qua
812 383 868 435 in
898 384 1150 448 opusculo
1180 385 1230 438 in
1264 385 1374 438 ha'c
1406 385 1580 451 verba,
1612 383 1805 440 Omnia
1836 385 1966 442 mihi
1996 398 2123 443 sunt
2155 389 2350 442 tradita
2393 405 2422 443 a
2451 385 2631 451 Patre,
2652 404 2703 454 p.
2732 385 2822 453 8‘2,
2842 388 3036 457 possint
3069 387 3189 441 item
3207 387 3361 442 Chri-

107 488 217 528 stus
264 488 552 543 nuncupat
595 477 958 530 Athanasius.
1002 477 1370 533 Athanasiana
1408 496 1567 548 prora:

1900 498 1928 535 ο
1958 482 2054 535 illa
2090 483 2229 552 psal.
2263 499 2450 546 cxvm,
2479 499 2525 536 υ.
2564 481 2700 536 l75:
2728 478 3002 532 Γενέσθω
3023 479 3061 546 ἡ
3091 479 3216 546 χείρ
3247 494 3360 531 σου

108 569 186 620 sa}
217 567 424 622 σῶσαι
446 585 555 637 με.
591 568 764 639 Δηλοξ
784 569 890 640 γὰρ
919 569 977 622 οὐ
1009 571 1108 640 τὴν
1136 573 1252 624 κατ’
1270 570 1454 624 οὐσίαν
1484 571 1696 637 γένεσιν
1729 571 1916 644 αὐτῆς,
1946 573 2079 626 ἀλλὰ
2114 575 2209 646 τὴν
2241 574 2376 645 πρὸς
2405 574 2472 627 τὰ
2504 572 2783 642 σωζόμενα
2823 570 3026 640 σχέσιν,
3054 571 3234 622 ὁποῖον
3269 569 3361 622 καὶ

107 659 166 709 τέ’
189 660 238 711 Γ
237 659 386 711 erat?
401 675 518 726 μοι
552 660 653 724 εὶς
683 660 840 713 Θεὸν
872 660 1356 728 ὐπερασπιστήν.
1388 662 1501 717 Hoc
1525 681 1567 718 ei

1896 682 2081 718 manus
2116 676 2207 718 tua
2250 674 2306 718 ut
2339 665 2498 718 salvet
2546 681 2642 717 me.
2689 661 2806 716 Non
2856 661 3125 732 signiﬁcat
3169 671 3356 714 natura

110 753 272 804 latum
299 767 436 805 esse
469 767 720 806 manum
755 752 896 821 ejus,
927 754 1020 808 sed
1047 754 1168 823 ejus
1193 765 1394 810 statum
1430 772 1555 828 erga
1591 773 1684 814 eos
1719 760 1812 829 qui
1841 761 2070 816 salutem
2088 769 2512 830 consequuntur.
2554 758 2722 824 Quale
2749 767 2832 813 est
2861 758 2988 812 illud
3017 775 3032 811 :
3067 757 3194 810 Esto
3229 757 3357 810 mihi

111 849 150 896 ia
171 845 317 897 Dent
351 857 762 912 protectorem.
792 865 811 898 ι
844 843 984 898 Nam
1019 845 1211 898 Ariani
1232 847 1402 914 inepte
1425 863 1489 901 ea:
1521 865 1638 902 voce
1668 849 1929 919 γενέσθω,
1954 859 2003 904 et
2030 849 2266 917 ἐγένετο,
2294 848 2664 902 concludebant
2701 845 2917 901 Verbum
2947 847 3109 916 fuisse
3137 847 3354 915 factum.

113 939 271 990 liram
303 923 748 991 consonantiam
781 952 902 991 cum
928 936 1024 989 hoc
1059 935 1173 989 loco
1209 939 1432 1003 reperies
1453 956 1507 1008 p.
1535 940 1662 1005 568,
1689 939 1777 994 ubi
1806 943 1967 995 etiam
1994 941 2129 994 illud
2154 956 2172 994 :
2200 938 2327 995 Fias
2356 939 2488 993 mihi
2520 939 2574 992 in
2610 942 2772 992 Deum
2801 945 3177 1007 protectorem,
3203 939 3360 1006 σιγεῖ-

110 1028 234 1077 aria
256 1028 502 1079 medium
527 1044 667 1098 pag.
713 1031 841 1083 item
867 1030 992 1086 380.
1025 1031 1166 1085 Nam
1190 1033 1306 1086 loca
1329 1033 1617 1088 describere
1639 1036 1852 1106 [angunt
1879 1045 2033 1090 esset.

157 1118 213 1171 Υ.
232 1118 360 1171 1am
385 1120 458 1172 de
487 1123 792 1177 codicibus
837 1124 985 1178 nobis
1015 1125 1295 1197 agendum.
1337 1127 1667 1182 Memoratur
1694 1148 1725 1183 a
1759 1129 2113 1184 Felckmanno
2149 1128 2370 1198 inistius
2406 1126 2459 1183 in
2488 1126 2704 1196 Fragm.
2731 1143 2795 1179 ea:
2824 1128 2990 1181 indice
3019 1125 3245 1196 quodam
3283 1125 3358 1178 Μ.

106 1208 248 1261 Crssii
276 1217 804 1281 manuscriptorum
835 1216 923 1285 qui
958 1224 1066 1268 tum
1104 1219 1352 1286 temporis
1385 1218 1844 1290 Constantinopoli
1883 1231 2056 1286 erant,
2088 1232 2298 1275 exstare
2328 1221 2471 1290 apud
2502 1218 2924 1272 illustrissimum
2955 1218 3237 1286 principem
3264 1215 3361 1269 Ja-

105 1303 256 1350 citus
286 1299 716 1356 κατεποντίσθη
749 1304 811 1359 S.
848 1305 1129 1359 Athanasii
1156 1308 1532 1377 archiepiscopi
1556 1309 1904 1363 Alexandrini
1931 1310 2331 1376 explicationem
2359 1308 2415 1363 in
2442 1307 2760 1362 Psalterium
2795 1307 3031 1362 Davidis.

157 1390 382 1444 Andreas
429 1392 761 1460 Arnoldus,
794 1395 1277 1470 Norimbergensis,
1305 1402 1358 1455 in
1394 1404 1708 1473 praefatione
1754 1421 1850 1458 sua
1895 1405 1963 1457 ad
2011 1403 2308 1476 Syntagma
2354 1403 2615 1458 doctrinae
2663 1405 2868 1458 nomine
2909 1404 3188 1457 Athanasii
3214 1404 3276 1455 ab
3309 1419 3362 1456 se

106 1482 267 1533 diu:
297 1483 556 1538 Parisiis
591 1503 748 1540 anno
785 1488 946 1555 1685,
973 1492 1082 1544 haec
1112 1491 1308 1547 habet:
1346 1511 1362 1542 ι
1394 1491 1650 1548 Volebam
1676 1510 1763 1549 me
1797 1494 2045 1550 conferre
2066 1497 2130 1550 ad
2155 1493 2482 1550 reccnseuda
2518 1495 2688 1548 sancti
2726 1494 3004 1548 Athanasii
3043 1494 3272 1564 capitula
3306 1496 3360 1547 in

111 1575 340 1643 Pist-os,
371 1580 535 1634 sicut
581 1599 659 1636 ex
710 1599 819 1639 ms.
864 1585 1250 1656 antiquissimo
1285 1589 1710 1662 descripseram,
1750 1591 1966 1645 diversa
2000 1607 2029 1644 a
2065 1587 2275 1644 Latinis
2307 1588 2497 1658 Angeli
2529 1587 2802 1653 Politiani,
2839 1599 2891 1642 et
2921 1587 3121 1642 Graecis
3155 1588 3284 1641 tomi
3320 1586 3359 1638 ll

109 1682 320 1735 gerum,
349 1671 466 1727 nisi
498 1688 678 1728 novzae
710 1677 1083 1731 cunctationis
1129 1678 1228 1732 iter
1271 1677 1465 1735 fuisth
1500 1680 1827 1749 impatiens:
1858 1680 1998 1735 dabo
2034 1679 2247 1734 initium
2290 1688 2345 1732 et
2383 1679 2566 1743 linem,
2600 1688 2657 1733 ut
2688 1679 2733 1732 si
2768 1676 2896 1747 quid
2935 1674 3262 1729 monendum
3293 1675 3363 1725 sit

106 1761 362 1830 peritiores
397 1780 660 1819 mouere
705 1767 1002 1835 dignentur
1030 1785 1044 1822 :
1068 1768 1354 1840 Μακάριος
1391 1769 1550 1840 ἀνὴρ,

1900 1770 2147 1825 ηκάθισεν.
2181 1769 2290 1841 Τὴν
2313 1769 2484 1841 ἀρχὴν
2521 1769 2618 1838 τῆς
2644 1766 2986 1840 προφητείας
3001 1763 3078 1834 τῷ
3107 1764 3163 1830 ἐξ
3201 1762 3360 1816 αὑτοῦ

107 1850 217 1903 nti
247 1853 432 1925 σάρκα
464 1855 886 1930 τεχθησομένῳ
908 1862 1225 1933 ἀνατίθησιν
1248 1865 1276 1916 ὁ
1300 1863 1462 1916 Δαόίδ
1486 1883 1499 1894 ·
1526 1864 1604 1916 διὸ
1636 1867 1692 1917 ὲν
1725 1864 1960 1936 πρώτοις
1993 1864 2281 1936 μακαρίζει
2308 1864 2434 1927 τοὺς
2464 1864 2522 1916 ὲν
2555 1861 2695 1934 (lege
2721 1862 2832 1932 εἰς)
2862 1859 3021 1915 αὐτὸν
3047 1856 3358 1928 ἡλπικότας.

111 1943 275 1997 Desinit
299 1961 320 1996 :
343 1945 520 1998 Πᾶσα
578 1949 732 2018 πνοὴ
769 1951 1038 2005 αίνεσὰτω
1086 1953 1177 2006 τὸν
1217 1954 1438 2026 Κύριον.
1470 1955 1701 2027 Νοήσεις
1733 1957 1833 2027 τὴν
1862 1957 2049 2027 πνοὴν,
2073 1958 2165 2025 ἀφ’
2185 1948 2256 2010 ὧν
2288 1954 2526 2023 Μωῦσῆς
2563 1951 2938 2021 ἀναγέγραφεν
2965 1966 2977 1978 ³
3012 1948 3094 2000 ὅτι
3129 1944 3308 1998 λαῦὼν
3333 1947 3360 1998 ὁ

108 2036 210 2100 855;
227 2038 351 2106 Ιῦῦν
376 2040 497 2092 ἀπὸ
531 2041 645 2111 τῆς
676 2041 803 2111 γῆς,
833 2043 1032 2099 ἔπλασε
1063 2047 1151 2100 τὸν
1174 2048 1481 2120 ἄνθρωπον,
1508 2050 1600 2102 καὶ
1628 2048 1959 2120 ἐνεφύσησεν
1985 2051 2064 2112 είς
2088 2049 2146 2102 τὸ
2179 2049 2464 2120 πρόσωπον
2517 2043 2679 2098 αὐτοῦ
2715 2042 2930 2111 πνεῦμα
2961 2037 3124 2108 ζωῆς.
3143 2036 3224 2091 Ab
3255 2037 3362 2090 ini-

110 2137 168 2187 tia
184 2136 392 2203 dicitur,
432 2147 562 2192 tres
591 2137 780 2193 fuisse
810 2141 1033 2198 ordines
1065 2145 1204 2214 apud
1233 2144 1472 2212 Judasos,
1506 2163 1570 2218 γε

1904 2145 2185 2208 nimirum,
2217 2145 2311 2197 xui
2343 2142 2647 2214 Φαρισαίων
2673 2137 2767 2190 καὶ
2794 2131 3048 2205 νομικῶν.
3083 2128 3363 2185 Probabile

110 2229 442 2299 assumed;
474 2233 634 2286 istos
669 2246 794 2285 esse
814 2231 1164 2302 Sadducmos,
1192 2238 1282 2308 qui
1313 2237 1485 2308 legem
1513 2238 1630 2293 sine
1671 2239 1963 2293 traditione
1995 2239 2362 2294 sectabantur.
2392 2256 2410 2288 ι
2447 2234 2574 2290 Hazc
2605 2231 2869 2287 Arnoldus
2889 2245 2907 2282 :
2942 2225 3154 2297 νομικοί
3188 2233 3363 2276 autem

112 2328 302 2380 iéimt
328 2328 660 2397 legisperiti
697 2328 756 2381 in
785 2327 1073 2400 Evangelia
1095 2334 1390 2386 memorati.
1427 2333 1555 2388 Haec
1589 2344 1764 2389 mitem
1796 2333 2023 2387 Arualdi
2051 2332 2287 2403 capitula
2316 2333 2546 2401 idipsum
2575 2340 2696 2383 sunt
2726 2327 2864 2398 quod
2892 2324 3238 2390 expositiones
3265 2335 3362 2372 no-

116 2437 212 2477 m
245 2425 294 2478 in
330 2423 725 2488 Psalterium,
768 2435 823 2476 ut
849 2419 1007 2490 Liquet
1039 2435 1103 2473 ea:
1132 2421 1423 2490 fragmento
1454 2421 1517 2475 ab
1553 2422 1707 2475 initio
1749 2420 1937 2486 allato,
1970 2437 2092 2473 nam
2127 2423 2181 2474 in
2213 2421 2315 2489 ﬁne
2344 2418 2546 2472 mutin
2585 2428 2706 2471 sunt
2740 2412 3088 2484 expositiones
3127 2409 3264 2461 ista.
3295 2403 3362 2458 Ut

113 2519 329 2585 castrari
349 2535 530 2586 porro
565 2520 701 2572 licet
736 2533 804 2572 ea:
822 2514 1045 2570 Arualdi
1063 2513 1252 2580 verbis,
1289 2516 1526 2585 capitula
1554 2517 1701 2571 istaec
1728 2532 1830 2570 non
1849 2517 2054 2587 integra
2076 2526 2244 2581 erant,
2279 2514 2369 2568 sed
2408 2521 2650 2581 excerpta
2688 2510 2930 2583 quadam
2957 2521 3022 2561 ea:
3054 2505 3234 2574 aliqua
3261 2499 3365 2555 Ca-

115 2619 218 2670 tm,
253 2627 344 2662 nec
370 2621 558 2663 tanta:
589 2609 754 2662 molis
783 2614 997 2676 quanta?
1016 2605 1126 2659 haec
1149 2607 1528 2660 commentaria
1554 2622 1669 2677 quae
1691 2622 1784 2660 nos
1805 2605 2028 2660 edimus.

161 2696 235 2754 Vl.
265 2699 359 2754 Vir
381 2702 753 2756 clarissimus
784 2701 996 2757 Gabriel
1025 2701 1330 2766 Grodecius,
1350 2719 1516 2773 supra
1549 2711 1892 2767 memoratus,
1923 2719 2042 2757 cum
2070 2701 2215 2755 haud
2248 2703 2326 2755 ita
2357 2700 2558 2768 pridem
2593 2695 2927 2751 bibliothecas
2960 2688 3137 2744 Italic:
3162 2685 3364 2740 lustra-

113 2801 185 2854 ret,
205 2790 523 2846 Mediolano
553 2792 782 2846 litteras
814 2793 883 2846 ad
911 2809 990 2847 me
1022 2793 1184 2857 misit,
1211 2803 1284 2860 et,
1314 2810 1420 2865 qua
1444 2803 1523 2849 est
1549 2810 1674 2864 erga
1710 2811 1801 2847 nos
1835 2794 2188 2857 humanitate,
2219 2793 2354 2845 hanc
2385 2788 2859 2857 manuscriptorum
2889 2779 3212 2835 bibliotheca
3241 2775 3370 2828 Am-

111 2883 330 2938 brosiam:
363 2887 648 2938 notitiam
680 2883 910 2953 praebuit
948 2885 1077 2953 ipsis
1108 2884 1296 2940 verbis.

109 3017 161 3057 sx
182 3019 358 3057 CODICE
404 3015 813 3057 nsscscmrm
843 3015 1207 3054 elemosinam:
1240 3013 1612 3061 suamsuam,
1647 3014 1764 3063 qua
1786 3009 1886 3052 ss'r
1914 3011 2198 3052 nmmum
2231 3011 2354 3052 CAR.
2387 3012 2440 3050 Ν.
2475 3009 2529 3049 tt.
2559 2992 2686 3055 45l,
2715 3006 2764 3044 In
2793 3001 2896 3051 ouo
2923 2996 3194 3041 causam
3229 2991 3362 3035 sunt

615 3113 786 3152 OKNM
817 3112 888 3150 El
921 3110 1195 3150 CODICIBUS
1222 3111 1606 3150 MANUSCBIPTIS
1636 3110 1872 3150 EJUSDEI
1909 3108 2075 3146 BIBLIG

1394 3111 1606 3150 ειιιντιε
1636 3110 1872 3150 EJUSDEI
1909 3107 2274 3146 Βιηιιοτιιεειε
2307 3104 2580 3145 HACTENUS
2613 3100 2854 3142 INEDITA.

164 3231 181 3260 ι
202 3208 705 3266 Commentarium
737 3206 914 3262 sancti
945 3205 1228 3260 Athanasii
1259 3205 1312 3258 in
1347 3203 1612 3267 Psalmos,
1643 3219 1776 3258 mss.
1811 3199 2157 3257 Grieco-Lat.
2184 3199 2431 3255 Graecum
2461 3192 2894 3264 manuscriptum
2923 3185 3255 3256 descriptum
3282 3189 3368 3236 est

114 3310 358 3363 ncodice
391 3306 768 3361 bibliotheca:
796 3302 979 3374 Regia:
1019 3301 1073 3356 in
1109 3301 1396 3367 Escurial.,
1430 3301 1622 3355 Latine
1663 3314 1792 3354 vero
1841 3297 2164 3353 translatum
2195 3295 2213 3362 (
2233 3303 2292 3348 ut
2325 3292 2459 3348 mihi
2500 3289 2768 3346 referebat
2798 3285 2859 3338 D.
2893 3281 2986 3353 N.)
3024 3281 3093 3336 ab
3128 3276 3366 3333 Antonio

114 3401 298 3473 βιαιο.
329 3402 504 3469 Quod
549 3411 740 3455 tamen
768 3412 893 3453 esse
936 3411 1046 3450 non
1077 3403 1254 3464 potest
1285 3412 1300 3448 :
1334 3410 1458 3448 nam
1495 3395 1548 3448 in
1591 3392 1932 3462 frontispicio
1978 3391 2145 3462 hujus
2177 3389 2382 3446 codicis
2417 3388 2560 3442 hanc
2588 3391 2904 3455 sequentem
2931 3374 3366 3434 observationem

116 3500 252 3565 reperi
275 3497 491 3552 eadem
528 3510 708 3548 manu
746 3492 1008 3562 scriptam
1038 3506 1146 3560 qua
1180 3489 1360 3546 versio
1391 3490 1481 3544 illa
1514 3489 1706 3547 Latina
1733 3489 2125 3548 Commentarii
2155 3489 2209 3543 in
2238 3485 2504 3541 Psalmos.

173 3593 322 3647 «ﬁdi
348 3595 412 3647 in
445 3591 796 3647 bibliotheca
829 3586 1190 3642 Ambrosiana
1217 3586 1576 3641 illustrissimi
1606 3587 1755 3642 card.
1789 3586 2066 3641 Borromae
2091 3624 2105 3648 ,
2139 3588 2464 3652 suggerente
2497 3576 2803 3633 clarissimo
2829 3574 3052 3630 doctore
3082 3579 3137 3626 et
3155 3568 3369 3636 lingua-

119 3700 134 3731 ι
157 3697 262 3736 rum
291 3683 672 3738 orientalium
696 3681 1028 3750 peritissimo
1043 3677 1106 3734 D.
1131 3680 1366 3734 Antonio
1385 3679 1609 3751 Giggco,
1633 3681 1752 3736 viro
1784 3679 1917 3734 mihi
1944 3675 2292 3740 charissimo,
2314 3674 2568 3730 volumen
2597 3670 2889 3726 Arabicum
2913 3665 3081 3731 in-l6,
3107 3663 3162 3719 in
3181 3670 3367 3717 charta

120 3797 134 3823 ι
157 3778 506 3844 bombacina,
543 3787 609 3832 ut
638 3789 859 3844 vocant,
893 3777 1070 3845 fusca,
1096 3777 1200 3834 300
1233 3788 1286 3833 et
1313 3779 1452 3832 ultra
1483 3793 1775 3842 annorum,
1801 3777 1856 3832 in
1897 3790 2008 3847 quo
2042 3773 2274 3828 Arabice
2299 3779 2456 3827 erant
2485 3770 2600 3824 haec
2645 3767 2754 3822 duo
2788 3759 3051 3833 opuscula
3080 3754 3366 3813 Athanasii

120 3892 134 3921 ι
159 3876 206 3925 in
231 3873 519 3940 Psalmos,
549 3874 834 3944 perbrevis
873 3875 965 3930 illa
1002 3875 1254 3946 synopsis
1275 3873 1637 3942 Psalmorum,
1672 3884 1768 3930 aut
1791 3863 2120 3946 quocunq'ue
2151 3870 2260 3926 allo
2297 3868 2461 3924 modo
2491 3873 2714 3921 vocetur
2739 3860 2806 3916 ad
2839 3855 3251 3946 Marcellinum,
3274 3851 3370 3946 de-

123 3983 138 4010 ι
159 3966 270 4019 inde
295 3966 509 4035 integri
545 3943 928 4021 commentarii
965 3943 1213 4036 perpetui
1245 3967 1299 4020 in
1332 3967 1480 4036 ipsos
1511 3966 1782 4030 Psalmos,
1809 3943 1963 4036 —quos
1992 3943 2196 4020 contuli
2258 3977 2382 4018 cum
2411 3958 2532 4014 istis
2565 3956 2789 4021 Graecis,
2821 3965 3032 4010 necnon
3063 3961 3186 4004 cum
3213 3943 3370 4000 Eclo-

123 4072 138 4103 ι
160 4057 232 4124 εἰς
247 4056 625 4111 Catenarum.
651 4055 730 4112 Ac
763 4057 890 4111 licet
916 4072 1014 4111 eos
1043 4057 1345 4112 laudabiles
1367 4058 1633 4127 alioquin,
1662 4073 1762 4112 nec
1795 4057 2051 4126 indignos
2089 4051 2376 4109 Athanasii
2410 4047 2730 4104 olfenderini
2751 4084 2767 4110 ,
2799 4038 3156 4099 nihilominus
3189 4043 3367 4127 tamen

125 4163 140 4192 ε
164 4146 480 4215 neutiquam
506 4162 642 4201 cum
689 4147 812 4201 istis
851 4145 1247 4202 conveniebant
1282 4165 1296 4202 :
1329 4125 1509 4204 solum
1545 4148 1838 4219 explicatio
1871 4125 2031 4218 primi
2064 4160 2257 4202 versus
2289 4142 2484 4214 psalmi
2511 4140 2671 4210 primi
2703 4134 3006 4209 quadrabat
3037 4143 3158 4186 cum
3182 4125 3368 4195 ecloga

127 4261 142 4291 ι
163 4247 396 4312 qudam
428 4245 684 4308 Catenae,
711 4262 874 4316 quam
908 4262 1010 4302 suo
1036 4245 1156 4301 loco
1179 4248 1381 4310 notavi,
1401 4256 1455 4302 et
1478 4247 1674 4303 deinde
1703 4247 1757 4302 in
1783 4247 2024 4302 secundo
2051 4260 2304 4301 versu....
2335 4240 2649 4312 quidem....
2671 4229 3015 4324 quadrabaut
3032 4219 3220 4324 omnia
3243 4233 3365 4324 Cum

127 4358 141 4386 σ
165 4339 275 4395 istis
298 4313 756 4405 commentariis,
783 4340 880 4396 sed
915 4341 1162 4395 oratione
1203 4349 1260 4395 et
1299 4341 1442 4411 stylo
1481 4356 1849 4411 nequaquam,
1895 4340 2149 4410 clareque
2183 4336 2440 4406 scriptum
2475 4343 2672 4386 nomen
2703 4319 3009 4384 Athanasii,
3049 4313 3368 4369 Athanasius

126 4451 142 4481 ι
164 4433 474 4498 patriarcha
504 4432 871 4486 Alexandria.
896 4451 914 4484 ι
2802 4503 2811 4504 κ
2843 4495 2859 4504 ,,

183 4542 199 4572 ι
227 4521 283 4578 ln
333 4524 442 4578 hac
493 4523 882 4577 observatione
930 4519 1134 4576 mentio
1166 4520 1227 4574 lit
1267 4519 1488 4574 Antonii
1519 4518 1727 4590 Giggei,
1754 4533 1952 4573 manus
1987 4531 2119 4571 vero
2155 4513 2346 4569 eadem
2381 4523 2503 4564 cum
2553 4505 2646 4561 illa
2674 4489 3210 4558 versionislatinae:
3240 4515 3370 4569 ergo

123 4619 422 4686 neutiquam
450 4617 722 4686 Giggeus,
759 4617 852 4670 sed
880 4616 1100 4686 quidam
1136 4615 1276 4670 alius
1311 4623 1502 4670 auctor
1559 4614 1832 4668 versionis
1890 4611 2048 4666 istius
2078 4623 2198 4664 esse
2226 4606 2405 4672 debet,
2435 4616 2598 4674 quem
2639 4595 2880 4653 indicare
2913 4593 3044 4649 mihi
3077 4609 3236 4649 nemo
3271 4609 3369 4662 po-

124 4710 226 4762 tuit.
251 4709 454 4778 Βετρυτί
509 4711 582 4763 ibi
616 4711 720 4764 sub
764 4711 927 4764 tinem
967 4709 1129 4763 etiam
1185 4710 1432 4780 quaedam
1481 4709 1737 4764 adnotata
1773 4721 1933 4776 supra
1969 4702 2237 4774 psalmum
2275 4714 2381 4763 CLI,
2411 4696 2499 4752 cui
2536 4695 2638 4750 ista
2681 4702 2808 4747 nota
2843 4689 3124 4746 Athanasii
3152 4687 3370 4780 praeﬁxa

123 4813 220 4853 erat
245 4821 256 4854 ε
285 4793 463 4864 Οῧτος
497 4803 527 4853 ὁ
557 4801 772 4872 ψαλμὺς
795 4802 890 4854 καὶ
911 4779 1219 4871 ἱδιόγραφοζ
1243 4779 1529 4870 τῷᾎαϐὶδ,
1558 4801 1651 4854 καὶ
1677 4797 1872 4864 ἔξωθεν
1893 4795 1988 4854 τοῦ
2015 4791 2274 4869 ἀριθμοῦ,
2305 4790 2390 4846 ὅτιΔ
2415 4785 2792 4859 ἐμονομάχησε
2820 4784 2910 4836 τὸν
2933 4781 3143 4836 Γολιάθ.
3181 4779 3369 4849 Incipit

125 4897 541 4948 mmentarius
567 4915 580 4948 :
613 4895 824 4966 Μικρὸς
852 4895 1001 4965 ήμην
1030 4897 1088 4947 ὲν
1115 4897 1226 4959 τοῖς
1259 4893 1506 4964 ἀδελφοῖς
1538 4910 1658 4964 μου.

190 5001 206 5030 ι
233 4980 691 5037 Commentarius
727 4965 973 5054 ejusdem
1000 4981 1173 5037 sancti
1203 4981 1484 5036 Athanasii
1515 4979 1570 5034 in
1591 4980 1816 5035 Cantica
1847 4978 2037 5033 Maria:
2061 4976 2258 5030 sororis
2290 4971 2514 5043 Moysis,
2548 4978 2596 5024 et
2620 4965 2842 5037 Moysis.

185 5091 202 5122 ι
233 5072 495 5143 Synopsis
527 5084 579 5127 et
612 5053 977 5145 interpretatio
1000 5093 1182 5132 vocum
1223 5074 1628 5142 Ilebraicarum,
1647 5092 1761 5145 qua:
1792 5077 1847 5130 in
1879 5073 2273 5129 commentariis
2298 5068 2579 5123 Athanasii
2609 5063 2957 5133 reperiuntur,
2990 5073 3093 5111 ms.
3124 5053 3371 5110 Hebraeo-

127 5157 383 5225 latinum,
417 5162 620 5251 ordine
645 5163 1013 5234 alphabetico.
1043 5163 1238 5234 Incipit
1266 5184 1279 5219 :
1309 5166 1489 5218 Aaron
1528 5164 1667 5234 psal.
1697 5181 1878 5227 Lxxvl,
1910 5180 2048 5218 vers.
2080 5162 2181 5216 ult.
2216 5169 2384 5249 pars,
2419 5158 2678 5230 Spiritus,
2711 5152 2955 5225 Πνεῦμα,
2991 5152 3084 5209 sed
3120 5165 3369 5207 conmm-

128 5253 245 5305 niter
272 5254 596 5321 exponitur,
622 5270 792 5318 mons,
820 5271 915 5310 seu
951 5263 1253 5320 montanus,
1282 5256 1423 5311 sicut
1457 5265 1511 5309 et
1539 5255 1677 5325 psal.
1709 5269 1936 5320 Lxxvm,
1971 5253 2025 5319 6,
2050 5254 2104 5308 7.

192 5365 208 5395 ι
232 5343 505 5416 Exoerpta
530 5361 652 5416 quae
669 5346 734 5400 ad
755 5345 1112 5401 Athanasium
1141 5356 1408 5417 spectant,
1425 5362 1490 5402 ex
1508 5358 1694 5402 catena
1722 5347 1776 5400 in
1802 5345 2044 5400 Psalmos
2063 5345 2116 5400 in
2135 5341 2341 5398 Cod.V.
2373 5344 2437 5398 Δ.
2457 5340 2523 5395 10
2553 5337 2889 5393 bibliothecae
2917 5335 3288 5391 Ambrosianac
3304 5349 3370 5387 ex

128 5438 200 5496 bis
248 5442 512 5497 omnibus
563 5440 889 5496 auctoribus
932 5441 1154 5496 collecta
1201 5461 1214 5495 :
1260 5440 1660 5504 Nazianzenus,
1694 5440 1950 5508 Basilius,
1987 5440 2433 5510 Chrysostomus,
2471 5429 2824 5494 Athanasius,
2859 5425 3157 5499 Nyssenus,
3195 5423 3359 5490 llesv-

127 5532 284 5598 chius,
315 5533 606 5604 Georgius,
633 5531 1014 5587 Theodoretus
1056 5537 1344 5604 episcopus
1373 5530 1652 5603 Cyrensis,
1691 5530 1948 5594 Severus,
1985 5529 2269 5602 Origenes,
2299 5529 2578 5598 Didymus,
2614 5525 2904 5592 Eusebius,
2946 5524 3169 5586 Esdras,
3207 5521 3372 5577 Eulo-

132 5619 254 5688 βας,
280 5621 522 5678 lsidoms
548 5621 852 5685 Pelusiota,
883 5620 1100 5687 Arelas,
1123 5621 1512 5692 Apollinarius,
1539 5620 1726 5677 Jovius
1749 5623 1853 5692 (sic
1879 5622 2142 5687 scriptum
2166 5619 2260 5674 τοῦ
2285 5619 2523 5687 Ἰοϐίου).
2540 5611 2788 5674 Justinus
2802 5615 3189 5684 Philasopbus,
3206 5612 3370 5666 Joan-

136 5723 214 5763 sa
235 5708 626 5785 Philosophus,
652 5709 914 5784 Ephrem,
949 5708 1238 5777 Maximus,
1270 5711 1663 5780 Damasccnus,
1700 5712 2057 5784 Augustinus,
2087 5709 2476 5794 Hieronymus,
2499 5711 2840 5777 Autiochus,’
2872 5709 3167 5776 Adrianus,
3192 5705 3379 5762 Thous
