3698 6268
329 305 398 366 31
459 274 468 282 .
1173 313 1231 368 S.
1273 311 1646 370 ATHANASII
1685 312 1835 369 OPP.
1877 311 2059 369 PARS
2095 311 2185 369 III.
2231 339 2297 354 —
2332 312 2751 378 EXEGETIC‘A.
3510 307 3585 365 εξ

332 428 500 481 dorus
519 424 909 493 Antiochenus,
936 425 1110 495 Nilus,
1127 428 1452 484 Anastasius
1490 426 1761 493 Nicmnus,
1793 436 1843 484 et
1867 426 2191 484 Anastasius
2208 426 2416 482 Sinaita
2430 427 2821 490 Antiochenus,
2843 424 3113 489 Asterius,
3130 421 3518 497 Olympiodoru
3528 439 3578 489 s,

332 514 685 586 Epiphanius,
712 518 956 575 Andreas
1001 517 1297 585 Cretensis,
1341 517 1587 574 Andreas
1637 518 2010 583 Cazsariensis,
2063 518 2292 576 Cosmas
2347 518 2783 589 indicopleustes,
2841 515 3228 583 (Ecumenius,
3274 515 3577 570 M’arcus....

331 598 647 678 Cassianus,
675 611 994 686 Hippolytus
1026 612 1326 680 Romanus,
1364 612 1724 680 Herodianus,
1757 613 2219 685 Thaumaturgus,
2251 623 2448 685 praeter
2483 614 2621 669 alios
2660 627 2982 683 anonymos,
3017 618 3077 667 ut
3110 610 3312 666 dicitur
3354 609 3574 663 ibidem.

227 708 235 720 '
331 709 398 766 Et
423 711 692 768 editiones
725 711 1088 777 Psalmorum,
1117 726 1212 768 seu
1241 711 1648 774 translationes.
1673 712 1873 783 quibus
1904 713 1989 768 usi
2023 721 2151 768 sunt
2178 712 2230 766 in
2260 720 2476 775 catena,
2510 709 2713 765 ibidem
2745 709 2966 774 dicitur,
2996 706 3218 761 fuerunt
3241 704 3577 777 Symmachi,

332 805 562 877 Aquilae,
599 805 1016 872 Theodotionis,
1052 815 1106 859 et
1144 802 1494 875 Septuaginta
1522 802 1909 873 Interpretum.
1942 802 2123 859 Codex
2159 802 2440 871 originalis
2481 802 2535 855 in
2567 814 2897 872 pergamena.
2929 797 3367 868 antiquissimus,
3397 804 3450 850 et
3486 793 3577 849 di-

330 918 486 959 versa
516 912 646 959 sunt
676 902 915 973 plurima
953 902 1022 957 ab
1050 902 1157 956 illis
1190 916 1220 955 a
1250 899 1494 956 Barbara
1517 899 1702 955 editis.
1732 899 1791 954 In
1819 901 1921 955 hac
1950 897 2267 954 collectione
2294 895 2478 951 Graece
2504 904 2735 950 tantum.

398 1012 418 1047 ς
459 993 711 1050 Extracts
756 1011 823 1050 ex
862 994 1065 1052 Catena
1110 993 1449 1050 Psalmorum
1499 992 1555 1049 in
1599 1006 1928 1063 pergameno
1953 991 2007 1046 in
2036 990 2159 1047 cod.
2208 988 2388 1056 111,11.
2424 988 2511 1054 14,
2558 1002 2626 1044 ea
2664 1001 2785 1058 quae
2813 983 3088 1056 pertinent
3118 981 3185 1037 ad
3216 979 3575 1036 Athanasium

332 1088 515 1144 Graece
543 1099 774 1146 tantum.

399 1200 417 1229 ι
435 1179 713 1241 Periocha:
740 1149 794 1239 et
822 1184 1151 1255 hypotheses
1184 1183 1376 1238 breves
1402 1176 1766 1247 Psalmorum,
1798 1196 1920 1252 qua:
1947 1179 2323 1235 attribuuntur
2353 1173 2590 1230 Eusebio
2624 1172 2677 1227 in
2707 1171 2896 1227 codice
2927 1186 3023 1233 vit,
3058 1167 3117 1223 Ε.
3141 1168 3227 1233 18,
3247 1167 3448 1233 Graece,
3475 1184 3572 1224 ex-

322 1282 518 1343 cerpta:
558 1290 625 1330 ex
672 1283 864 1333 catena
916 1276 1123 1346 integra
1173 1274 1229 1329 in
1278 1272 1530 1328 Psalmos
1574 1281 1629 1330 et
1669 1272 1931 1329 attributa
1975 1268 2299 1333 Athanasio,
2348 1266 2568 1323 diversa
2603 1272 2786 1319 tamen
2818 1269 3065 1318 acatena
3113 1258 3341 1314 Barbari
3387 1258 3574 1314 Graece

327 1375 561 1423 tantum.

398 1479 419 1514 ι
459 1460 784 1532 Fragmenta
813 1462 1095 1520 Athanasii
1136 1480 1201 1519 ex
1235 1463 1402 1518 variis
1428 1463 1637 1519 catenis
1675 1462 1901 1519 collecta
1945 1461 2001 1514 in
2034 1460 2301 1531 Epistolas
2330 1459 2439 1513 diui
2479 1455 2661 1522 Pauli,
2691 1462 2745 1510 et
2780 1467 2845 1511 ex
2871 1457 3057 1506 catena
3082 1450 3137 1504 in
3169 1449 3328 1504 libros
3351 1448 3568 1521 Regum,

320 1552 524 1611 Graece.
572 1554 804 1626 Subjicit
827 1540 1015 1611 auctor
1042 1556 1249 1613 Latina:
1278 1554 1568 1622 versionis,
1601 1569 1762 1626 quem
1789 1569 1953 1623 supra
1984 1552 2218 1609 indicavi
2254 1571 2269 1609 :

395 1669 414 1703 s
442 1649 521 1704 Ex
547 1651 937 1708 commentario
962 1665 1057 1707 seu
1085 1660 1276 1706 catena
1300 1648 1405 1704 Titi
1437 1648 1746 1704 Bostrensis
1774 1649 1829 1701 in
1854 1646 2075 1712 Lucam,
2101 1662 2172 1702 cx
2197 1647 2592 1718 Chrysostomo
2627 1650 2681 1698 et
2712 1643 2835 1699 aliis
2860 1642 3107 1706 collecta,
3143 1644 3257 1698 haec
3296 1644 3467 1719 reperi
3496 1659 3568 1698 ex

325 1766 345 1803 ι
382 1747 700 1812 Athanasio,
734 1763 857 1818 qua:
883 1755 1076 1818 postea
1101 1745 1306 1803 contuli
1335 1760 1460 1801 cum
1488 1744 1648 1800 editis
1676 1760 1707 1799 a
1743 1741 1989 1808 Peltano,
2021 1757 2143 1812 quae
2167 1741 2356 1796 eodem
2390 1739 2551 1794 modo
2578 1752 2639 1794 se
2671 1737 2893 1800 habent,
2929 1737 3024 1793 sed
3058 1752 3255 1791 nomen
3282 1721 3568 1793 Athanasii

323 1860 342 1893 ε
378 1856 487 1897 non
531 1842 604 1897 ibi
633 1857 976 1912 expressum,
1002 1856 1105 1913 nec,
1141 1841 1231 1897 hic
1256 1840 1351 1896 ubi
1384 1839 1683 1903 desierunt,
1716 1838 1948 1908 ideoque
1985 1852 2097 1891 non
2122 1838 2277 1907 plura
2300 1833 2586 1903 descripsi,
2614 1835 2744 1903 quia
2783 1833 3040 1889 sublesta
3068 1845 3250 1888 essent
3277 1833 3426 1892 Μελ,
3454 1833 3571 1906 Οὐχ

322 1955 342 1987 s
379 1936 564 2000 ἁπλῶς
585 1935 641 1989 δὲ
668 1936 729 1989 τὸ
751 1936 1085 2008 γεννώμενόν
1108 1952 1270 2008 φησιν
1293 1935 1431 2008 πρὸς
1454 1935 1553 2007 τὴν
1576 1934 1852 2006 Παρθένον
1884 1934 1912 1986 ὁ
1932 1932 2180 2002 ἄγγελος,
2208 1932 2296 1984 ἵνα
2329 1931 2404 2001 μὴ
2444 1928 2642 1995 ἔξωθεν
2678 1929 3102 1999 ἐπεισαγόμενον
3129 1931 3266 2001 αὐτῇ
3301 1928 3457 2007 σῶμα
3479 1946 3570 1982 νο-

321 2050 338 2078 ·
372 2031 558 2104 μισθῇ,
584 2032 696 2087 ἀλλ’
714 2035 958 2106 ἐπήγαγε
1012 2034 1106 2087 καὶ
1150 2032 1230 2097 τὸ,
1255 2034 1319 2086 ὲκ
1349 2032 1442 2085 σοῦ
1475 2048 1489 2062 ’
1528 2031 1614 2084 ἵνα
1642 2029 1702 2094 ἐξ
1721 2028 1890 2098 αὐτῆς
1920 2027 2132 2097 φύσεως
2158 2026 2219 2079 τὸ
2246 2026 2581 2096 γεννώμενον
2611 2020 2750 2077 εἶναι
2781 2024 3023 2095 πιστωθῇ
3053 2042 3067 2055 ·
3105 2024 3256 2092 ἅγιον
3278 2023 3338 2076 δὲ
3368 2023 3577 2094 κληθη.

320 2141 339 2174 ι
372 2124 616 2197 σύμενον,
640 2128 738 2199 οὐχ
757 2128 831 2192 ὡς
851 2128 1058 2187 ἕνοικον
1085 2127 1277 2193 ἕξοντα
1302 2127 1393 2181 τὸν
1418 2126 1545 2179 Υἱδν
1573 2122 1667 2179 τοῦ
1693 2121 1828 2177 Θεοῦ
1860 2124 1952 2177 καὶ
1978 2125 2042 2176 ὲκ
2070 2123 2302 2194 μετοχῆς
2322 2119 2790 2193 ἁγιασθησόμενον
2811 2136 2825 2151 ⁶
2850 2118 2963 2176 ἀλλ’
2979 2120 3054 2183 ὡς
3079 2120 3206 2173 ὄντα.
3238 2119 3378 2173 κατὰ
3406 2117 3571 2188 φύσιν

319 2240 337 2269 ι
372 2217 543 2287 ἅγιον,
566 2221 642 2293 τῷ
663 2222 752 2275 τὸν
778 2221 936 2276 αὑτὸν
954 2223 1080 2279 Υἰὸν
1106 2223 1371 2294 ὑπάρχειν
1411 2218 1545 2274 Θεοῦ
1580 2220 1673 2273 καὶ
1696 2218 1779 2271 ἕνα

2115 2234 2173 2273 se
2197 2218 2467 2273 habebant
2494 2226 2604 2271 tres
2633 2215 2847 2270 codices
2878 2218 2931 2269 in
2960 2231 3285 2286 pergamena
3315 2232 3437 2279 cum
3467 2231 3571 2272 ex—

319 2329 339 2368 t.
378 2328 565 2379 presso
602 2315 822 2370 nomine
845 2315 1165 2381 Athanasii;
1196 2315 1299 2370 hoc
1322 2314 1443 2368 loco
1469 2311 1752 2368 translatio
1776 2309 1983 2366 Peltani
2008 2326 2119 2364 non
2143 2309 2400 2380 exprimit
2427 2318 2699 2379 postrema
2728 2308 2980 2365 ﬁdeliter.
3020 2328 3040 2361 ι

386 2425 406 2457 σ
439 2406 505 2463 Et
532 2417 655 2478 post
681 2426 851 2481 pauca
880 2409 984 2466 alia
1015 2409 1317 2481 fragmenta
1346 2409 1507 2465 allata
1534 2408 1649 2465 hac
1676 2408 1982 2464 observatio
2018 2406 2218 2461 ibidem
2254 2406 2519 2475 reperitur
2553 2425 2567 2461 :

381 2520 401 2553 ι
436 2502 495 2558 In
526 2505 839 2576 Anthologio
867 2505 1104 2577 quodam
1129 2502 1230 2559 SS.
1260 2503 1484 2564 Patrum
1514 2504 1628 2561 haec
1656 2502 1831 2573 reperi
1868 2517 1935 2557 ex
1959 2500 2264 2555 Athanasio
2304 2500 2360 2554 in
2382 2501 2566 2555 littera
2599 2499 2665 2565 A,
2691 2499 2882 2556 ordine
2919 2500 3062 2556 enim
3101 2492 3439 2570 alphabetico
3477 2501 3569 2557 di-

314 2614 333 2645 t
372 2607 522 2665 gesta
548 2610 702 2654 erant
734 2601 934 2671 capita,
962 2608 1018 2656 et
1044 2599 1229 2654 omnia
1264 2599 1550 2670 desumpta
1576 2614 1642 2653 ex
1671 2598 1950 2654 veteribus
1980 2596 2254 2658 Patribus,
2286 2596 2501 2666 istaque
2526 2604 2679 2675 erant
2713 2597 2767 2650 in
2794 2611 2926 2651 voce
2961 2597 3356 2665 Ἀστρολογία,
3378 2607 3568 2669 utpraa

313 2710 334 2740 ι
368 2707 429 2748 se
452 2691 557 2748 fert
586 2695 794 2759 titulus,
829 2711 954 2753 cum
987 2697 1188 2757 titulo:
1222 2697 1347 2750 Ὅτι
1375 2698 1424 2751 ei
1445 2696 1585 2757 κατὰ
1617 2697 1773 2771 atth

2105 2692 2736 2766 καθ’ήμᾶς,’Δθανασίου
2765 2691 3171 2765 Ἀλεξανδρείας
3200 2695 3265 2747 ὲκ
3287 2694 3387 2764 τῆς
3419 2696 3565 2758 κατὰ

311 2801 331 2833 s
370 2784 644 2842 Ματθαίον
679 2786 882 2858 βίϐλου.
921 2806 940 2840 ι
973 2786 1099 2845 llaec
1128 2793 1181 2845 in
1215 2790 1445 2861 epistola
1468 2790 1742 2846 Grodecii.

383 2875 485 2933 νη.
520 2878 605 2933 Ex
642 2881 782 2936 hisce
805 2893 979 2947 autem
1007 2901 1170 2938 unum
1196 2894 1294 2949 est,
1325 2885 1463 2955 quod
1502 2900 1760 2954 nusquam
1793 2891 2143 2937 memoratum
2181 2880 2504 2957 audivimus,
2541 2882 2777 2944 scilicet,
2815 2878 3242 2935 Commentarius
3277 2879 3567 2937 Athanasii

305 2969 361 3027 in
397 2969 620 3027 Cantica
649 2970 834 3031 Mariae
860 2983 914 3031 ct
941 2973 1129 3032 Mosis.
1162 2980 1277 3032 Hoc
1302 2986 1481 3031 autent
1526 2975 1845 3049 opusculum.
1874 2992 2249 3047 germanumne
2284 2975 2354 3030 sit
2407 2989 2472 3027 ex
2510 2973 2625 3027 sola
2655 2973 2875 3027 lectione
2904 2971 3184 3025 internosci
3210 2979 3407 3041 potest,
3437 2986 3564 3023 cum

305 3079 337 3116 a
365 3061 533 3128 nullo,
566 3066 705 3134 quod
733 3068 941 3137 quidem
976 3073 1167 3135 norim,
1194 3072 1410 3142 antiquo
1444 3071 1721 3126 laudatum
1749 3069 1930 3140 fuerit.
1975 3070 2178 3125 Obnixe
2205 3085 2322 3125 vero
2350 3067 2733 3136 postulauimus
2771 3084 2830 3121 ea
2859 3066 3151 3119 transmitti
3188 3065 3334 3119 nobis
3363 3081 3480 3134 qua:
3500 3065 3565 3119 in

304 3155 754 3214 lucubrationibus
788 3165 982 3216 nostris
1015 3163 1402 3232 desiderantur,
1436 3165 1525 3219 sed
1565 3181 1683 3219 cum
1715 3164 1895 3219 nullus
1938 3165 2062 3219 istic
2103 3165 2438 3218 amanuensis
2475 3161 2654 3218 Graece
2694 3160 3040 3215 transcribere
3075 3161 3260 3229 possit,
3301 3160 3431 3213 votis
3460 3175 3566 3213 no-

302 3252 429 3311 stris
452 3252 661 3323 obsequi
685 3255 898 3317 minime
922 3258 1092 3326 potuit
1117 3260 1195 3313 vir
1224 3258 1560 3313 doctissimus
1605 3258 1955 3314 Μαγαῖον-ξας.
1987 3259 2055 3313 Et
2089 3269 2347 3331 quantum
2378 3274 2617 3328 auguror
2652 3257 2987 3327 conjectura,
3013 3272 3117 3309 non
3157 3256 3295 3309 tanti
3325 3256 3566 3323 fortasse

301 3341 458 3408 pretii
479 3351 600 3402 sunt
633 3354 823 3399 caetera
851 3360 870 3398 :
901 3362 1024 3400 nam
1048 3347 1344 3418 fragmenta
1381 3349 1479 3402 illa
1517 3350 1570 3404 in
1602 3349 1771 3404 libros
1802 3348 2009 3420 Regum
2051 3357 2101 3403 et
2149 3349 2206 3403 in
2256 3348 2591 3412 Mattltaaum,
2619 3364 2722 3402 non
2743 3364 2807 3402 ex
2840 3348 3100 3419 peculiari
3141 3348 3369 3418 quodam
3408 3364 3567 3401 com-

305 3438 561 3489 mentario
585 3438 637 3491 in
670 3437 821 3493 hosce
849 3434 1032 3503 libras,
1050 3442 1139 3494 sed
1163 3457 1227 3495 ex
1249 3442 1370 3496 aliis
1394 3459 1509 3513 qua:
1522 3442 1640 3513 jam
1665 3451 1873 3497 exstant
1896 3441 2177 3495 Athanasii
2201 3440 2441 3511 operibus
2467 3440 2700 3493 maxima
2719 3454 2841 3508 pars
2857 3440 3118 3508 exscripta
3137 3442 3300 3506 luere,
3324 3447 3382 3491 ut
3408 3438 3563 3506 infra

302 3541 591 3591 monemus,
622 3537 671 3581 et
696 3532 1019 3598 experientia
1055 3536 1524 3602 comprobavimus.
1563 3534 1932 3604 Expositioues
1960 3545 2137 3588 autem
2166 3533 2222 3587 in
2256 3531 2504 3588 Psalmos
2530 3529 2722 3585 eaedem
2755 3538 3010 3599 putantur
3035 3545 3147 3585 esse
3175 3545 3293 3599 qute
3322 3538 3559 3585 nostrae:

301 3608 539 3690 synopsis
566 3638 703 3690 vero,
735 3639 826 3683 seu
852 3625 1215 3696 interpretatio
1258 3628 1354 3682 illa
1384 3645 1564 3683 cocum
1593 3628 1979 3684 Hebraicarum
2017 3645 2137 3700 qua:
2175 3630 2231 3682 in
2274 3624 2691 3697 expositionibus
2720 3624 3003 3678 Athanasii
3041 3635 3250 3679 exstant
3274 3634 3340 3678 ut
3371 3625 3446 3678 uel
3486 3639 3563 3677 es:

299 3711 561 3780 prioribus
603 3716 768 3770 verbis
802 3718 1175 3773 aestimandum
1212 3721 1545 3793 relinquitur,
1580 3723 1737 3777 nihili
1762 3733 1855 3778 est.
1902 3722 1978 3776 De
2009 3722 2225 3793 reliquis
2258 3722 2305 3774 si
2338 3719 2549 3790 quando
2575 3719 2742 3772 lucem
2779 3720 3006 3773 viderint
3028 3720 3291 3789 judicium
3326 3719 3555 3786 feretur.

370 3801 503 3858 VIII.
524 3806 604 3859 Ad
634 3810 835 3862 codices
857 3809 973 3877 jam
990 3813 1257 3867 veniamus
1281 3812 1419 3867 unde
1439 3813 1534 3867 has
1559 3813 1841 3867 Athanasii
1860 3813 2211 3882 expositiones
2238 3812 2468 3864 mutuati
2493 3826 2675 3863 sumus
2699 3826 2717 3863 :
2749 3818 2853 3863 tres
2881 3809 3028 3879 Regii
3059 3820 3203 3872 sunt,
3227 3807 3370 3862 1807
3391 3808 3563 3861 nimi-

300 3911 438 3960 rum,
464 3913 613 3967 quem
645 3896 864 3968 Regium
896 3902 1125 3969 primum
1164 3915 1432 3964 uocamus,
1463 3898 1587 3971 Reg.
1619 3916 1737 3954 vero
1765 3900 1821 3963 2,
1856 3899 2017 3963 1878,
2046 3898 2172 3970 Reg.
2197 3900 2252 3965 ὅ,
2282 3898 2443 3952 1879.
2480 3896 2673 3968 Regius
2711 3898 2917 3967 primus
2946 3906 3024 3953 est
3065 3907 3249 3952 catena
3284 3897 3563 3966 antiquis-

298 3992 436 4048 sima
473 3997 537 4046 ab
577 3996 730 4049 annis
772 3994 890 4063 plus
928 3996 1267 4065 septingentis
1297 4004 1571 4063 exoratus,
1614 3996 1763 4050 bona:
1806 4007 1964 4051 nota.
1994 3994 2394 4049 Incommodum
2428 4005 2601 4049 tamen
2626 3994 2839 4059 accidit,
2869 4005 2927 4049 ut
2966 3995 3183 4051 nomina
3227 3994 3563 4064 scriptorum»

302 4088 638 4145 amanuensis
681 4104 909 4159 perswpe
955 4098 1171 4144 taceret.
1217 4087 1490 4144 Secundus
1524 4088 1649 4161 Reg.
1692 4092 1894 4161 egregie
1923 4091 2217 4160 descriptus
2250 4100 2300 4145 et
2328 4091 2474 4161 paris
2500 4091 2861 4161 antiquitatis,
2891 4091 3067 4144 minus
3099 4099 3273 4143 tamen
3301 4099 3558 4143 accurate

296 4194 548 4241 exoratus
588 4187 802 4240 nomina
848 4195 1021 4241 tamen
1043 4187 1319 4258 diligenter
1347 4187 1585 4242 ascribit.
1616 4186 1845 4253 Tertius,
1874 4188 1964 4258 qui
1994 4188 2220 4241 mediam
2236 4186 2449 4242 secundi
2476 4197 2677 4255 partem
2705 4187 3087 4256 complectitur,
3116 4200 3290 4239 recens
3314 4191 3390 4237 est
3410 4191 3461 4236 et
3480 4199 3559 4238 ea:

300 4282 525 4336 secundo
547 4285 865 4355 exscriptus,
890 4284 1104 4355 ideoque
1126 4300 1229 4339 non
1253 4286 1388 4338 tanti
1409 4301 1557 4339 usus.
1585 4283 1710 4339 Tres
1736 4286 1859 4341 item
1885 4284 2033 4341 Colb.
2052 4294 2197 4349 sunt,
2216 4283 2376 4352 4445,
2401 4300 2553 4355 quem
2575 4284 2804 4352 primum
2826 4281 2974 4338 Colb.
2993 4281 3240 4346 dicimus,
3257 4277 3558 4334 secundum

298 4390 415 4428 uero
440 4376 617 4443 M82;
650 4381 861 4432 tertium
893 4381 945 4434 in
983 4380 1117 4434 duas
1158 4388 1333 4450 partes
1364 4381 1614 4444 divisum,
1642 4397 1865 4451 quarum
1900 4381 2073 4450 prima
2109 4397 2381 4434 numerum
2409 4381 2604 4434 obtinet
2629 4379 2789 4440 4680.
2817 4379 3046 4434 secunda
3079 4393 3197 4432 vero
3224 4374 3388 4432 M581.
3417 4375 3520 4432 Col
3554 4406 3557 4409 -

296 4466 527 4526 bertinus
557 4479 752 4535 autem,
773 4487 923 4541 quem
947 4473 1177 4541 primum
1205 4472 1456 4534 dicimus,
1483 4469 1676 4524 librant
1705 4472 1773 4524 ad
1804 4469 2176 4525 Marcellinum
2218 4467 2295 4524 De
2319 4469 2765 4539 interpretatione
2785 4466 3129 4525 Psalmorum
3159 4476 3375 4521 tantum
3391 4467 3555 4520 exhi-

298 4558 399 4612 bet.
429 4556 700 4619 Secundus
725 4562 1006 4618 Athanasii
1031 4574 1080 4618 et
1117 4562 1425 4617 Theodoreti
1455 4562 1804 4633 expositiones
1842 4561 1894 4615 iu
1924 4561 2192 4625 Psalmos,
2219 4569 2398 4631 estque
2427 4560 2545 4630 plus
2577 4560 2681 4615 700
2707 4577 2967 4615 annorum
2995 4577 3014 4615 :
3038 4563 3232 4637 tertius
3256 4558 3553 4629 expositio-

296 4666 384 4704 nes
411 4655 535 4708 item
560 4653 842 4711 Athanasii
871 4674 989 4712 cum
1016 4659 1282 4714 nonnullis
1312 4667 1622 4714 cteterorum
1654 4657 1904 4721 Patrum,
1935 4657 2020 4711 hic
2051 4657 2255 4711 mendis
2278 4666 2463 4724 scatet,
2491 4659 2895 4728 quingentorum
2916 4657 3125 4709 circiter
3152 4671 3432 4709 annorum.

362 4740 570 4799 Harum
596 4748 978 4817 expositionum
1002 4750 1296 4821 fragmenta
1323 4757 1565 4829 qutedam
1590 4770 1623 4807 a
1657 4752 1874 4806 Daniele
1899 4751 2159 4815 Barbara,
2187 4754 2277 4822 qui
2311 4762 2491 4822 postea
2536 4751 2841 4819 patriarcha
2868 4750 3218 4820 Aquileiensis
3245 4750 3368 4817 fuit,
3395 4748 3550 4803 edita

291 4834 503 4903 fuerunt
544 4840 600 4893 in
643 4850 829 4894 catena
862 4840 1091 4896 Patrum
1133 4843 1435 4899 Crwcorum
1458 4846 1511 4900 iu
1543 4844 1813 4910 Psaltnos,
1853 4843 2079 4900 Veneriis
2124 4863 2252 4900 cusa
2275 4863 2412 4899 anno
2441 4844 2603 4908 1569,
2636 4844 2726 4899 ubi
2762 4843 2831 4898 ad
2857 4843 3349 4915 quinquagesimum
3377 4859 3551 4915 usque

289 4935 548 4999 psalmum
577 4936 840 4991 duntaxat
866 4941 1216 5008 expositiones
1246 4944 1533 4999 ducuntur.
1559 4940 1628 4994 Et
1656 4943 1957 4999 accuratior
1983 4942 2191 5012 quidem
2219 4943 2271 4995 in
2301 4940 2481 4995 multis
2507 4951 2583 4994 est
2608 4938 2952 4998 Corderiana.
2980 4940 3118 4994 Ilinc
3142 4958 3282 4996 anno
3308 4939 3439 4995 1601
3473 4955 3551 4996 e1:

288 5042 477 5093 catena
503 5032 1047 5093 NicetteHeracleota:
1078 5035 1463 5096 Felckmannus
1509 5048 1754 5108 excerpta
1795 5039 2043 5109 quadam
2083 5038 2251 5093 edidit
2276 5037 2629 5091 Athanasium
2674 5039 2988 5107 spectantia.
3031 5037 3306 5092 Postremo
3341 5037 3550 5093 Corde-

290 5129 399 5184 rius
424 5145 563 5185 anno
596 5130 733 5186 1645
757 5131 1105 5203 prolixiorem
1146 5143 1383 5217 catenam
1416 5132 1643 5188 Patrunt
1675 5133 1980 5189 Graecorum
2024 5134 2079 5193 in
2121 5141 2296 5188 totum
2336 5131 2661 5187 Psalterium
2692 5132 2881 5196 edidit,
2912 5131 3082 5188 tribus
3115 5132 3271 5187 tomis
3302 5148 3549 5201 compre-

285 5225 518 5291 hensam,
553 5226 607 5282 in
632 5244 734 5299 qua
762 5230 895 5285 nanti
915 5246 1019 5284 non
1048 5232 1204 5300 pauci
1227 5241 1528 5286 occurrunt.
1555 5230 1748 5287 Nobile
1775 5241 1950 5286 autem
1974 5244 2051 5286 est
2074 5231 2207 5284 illud
2233 5239 2468 5284 erratum
2497 5230 2637 5300 quod
2663 5229 3007 5301 expositiones
3033 5224 3290 5280 Theodori
3310 5234 3358 5279 et
3378 5224 3550 5278 Theo-

282 5316 452 5371 doreti
479 5317 779 5381 Athanasio
803 5321 1054 5375 ascribat.
1097 5318 1163 5373 Et
1195 5322 1427 5391 quidem,
1449 5332 1505 5376 ut
1526 5339 1870 5396 auguramur,
1898 5321 2222 5391 hac.lapsus
2255 5338 2414 5374 causa
2454 5321 2599 5391 fuit:
2632 5323 2986 5376 Amanueuses
3021 5318 3109 5371 ubi
3147 5319 3201 5372 in
3234 5317 3433 5371 catenis
3467 5319 3548 5371 ad

284 5408 572 5475 marginem
608 5410 819 5467 nomina
862 5412 1176 5480 scriptorum
1209 5421 1415 5479 notant,
1449 5414 1727 5469 Athanasii
1765 5430 1949 5472 nomen
1982 5413 2220 5466 indicant
2261 5428 2352 5483 per
2381 5412 2613 5468 litteram
2639 5415 2702 5481 A,
2725 5416 2812 5468 cui
2840 5427 3132 5485 sequentem
3164 5415 3219 5467 in
3253 5412 3544 5474 Athanasii

282 5500 511 5565 nomine,
536 5500 578 5554 Θ
611 5502 814 5563 scilicet
836 5505 1127 5575 imponunt.
1170 5506 1268 5563 Ubi
1300 5519 1472 5564 autem
1507 5509 1765 5565 Theodori
1793 5510 1946 5564 lectio
1968 5520 2064 5575 est,
2088 5510 2316 5578 primam
2345 5508 2594 5565 similiter
2613 5509 2655 5563 Θ
2676 5509 2996 5573 describunt,
3021 5511 3106 5565 cui
3128 5510 3359 5567 litteram
3384 5510 3421 5560 A
3446 5508 3546 5563 des

284 5612 438 5663 super
459 5600 729 5667 scribunt;
760 5601 871 5680 hac
904 5614 1078 5659 autem
1103 5606 1281 5660 littera
1309 5613 1362 5661 tn
1381 5607 1651 5661 codicibus
1675 5608 1914 5676 proxime
1940 5608 2008 5660 ad
2034 5606 2267 5661 litteram
2295 5606 2339 5661 Α
2366 5608 2586 5671 accedit,
2626 5605 2711 5662 ubi
2745 5606 2906 5681 igitur
2935 5605 3067 5663 vidit
3104 5605 3170 5673 A,
3201 5613 3257 5659 ut
3285 5601 3545 5678 putabat,

279 5691 520 5760 'l‘l’z’rius
581 5697 622 5747 Θ
655 5713 772 5755 rero
798 5698 1021 5780 infering
1049 5701 1292 5771 describi,
1334 5705 1679 5760 Athanasium
1706 5702 1787 5760 his
1816 5703 2107 5775 signiﬁcari
2142 5703 2437 5760 arbitratus
2467 5718 2565 5761 est.
