  <div class='ocr_page' id='page_1' title='image "/cluster/home/n/w/nwhite01/storage/ocr_20150623/27/hvd.32044014174452/034.png"; bbox 0 0 3698 6268; ppageno 0'>
   <div class='ocr_carea' id='block_1_1' title="bbox 96 218 3359 313">
    <p class='ocr_par' dir='ltr' id='par_1_1' title="bbox 96 218 3359 313">
     <span class='ocr_line' id='line_1_1' title="bbox 96 218 3359 313; baseline 0.007 -23"><span class='ocrx_word' id='word_1_1' title='bbox 96 233 135 290; x_wconf 77' lang='lat' dir='ltr'><strong><em>ss</em></strong></span> <span class='ocrx_word' id='word_1_2' title='bbox 1006 218 1497 296; x_wconf 72' lang='lat' dir='ltr'><strong><em>ARGUMENTUM</em></strong></span> <span class='ocrx_word' id='word_1_3' title='bbox 1532 240 1600 296; x_wconf 82' lang='lat' dir='ltr'><strong><em>IN</em></strong></span> <span class='ocrx_word' id='word_1_4' title='bbox 1640 240 1973 298; x_wconf 80' lang='lat' dir='ltr'><strong><em>PSALMOS.</em></strong></span> <span class='ocrx_word' id='word_1_5' title='bbox 2015 244 2475 306; x_wconf 79' lang='lat' dir='ltr'><strong><em>—MONITUM.&#39;</em></strong></span> <span class='ocrx_word' id='word_1_6' title='bbox 2514 226 2515 229; x_wconf 6' lang='grc' dir='ltr'>γ</span> <span class='ocrx_word' id='word_1_7' title='bbox 3282 236 3359 313; x_wconf 79' lang='lat' dir='ltr'><strong><em>ss&#39;</em></strong></span> 
     </span>
    </p>
   </div>
   <div class='ocr_carea' id='block_1_2' title="bbox 136 345 3352 437">
    <p class='ocr_par' dir='ltr' id='par_1_2' title="bbox 136 345 3352 437">
     <span class='ocr_line' id='line_1_2' title="bbox 136 345 3352 437; baseline 0.008 -37"><span class='ocrx_word' id='word_1_8' title='bbox 136 346 210 401; x_wconf 72' lang='lat' dir='ltr'><strong><em>IX.</em></strong></span> <span class='ocrx_word' id='word_1_9' title='bbox 236 345 341 402; x_wconf 70' lang='lat' dir='ltr'><strong><em>Hc</em></strong></span> <span class='ocrx_word' id='word_1_10' title='bbox 368 356 574 402; x_wconf 71' lang='lat' dir='ltr'><strong><em>utan</em></strong></span> <span class='ocrx_word' id='word_1_11' title='bbox 609 349 975 420; x_wconf 78' lang='lat' dir='ltr'><strong><em>expositiones</em></strong></span> <span class='ocrx_word' id='word_1_12' title='bbox 1000 354 1183 409; x_wconf 88' lang='lat' dir='ltr'><strong><em>multis</em></strong></span> <span class='ocrx_word' id='word_1_13' title='bbox 1213 357 1267 409; x_wconf 91' lang='lat' dir='ltr'><strong><em>in</em></strong></span> <span class='ocrx_word' id='word_1_14' title='bbox 1295 356 1425 411; x_wconf 88' lang='lat' dir='ltr'><strong><em>locis</em></strong></span> <span class='ocrx_word' id='word_1_15' title='bbox 1446 358 1719 424; x_wconf 78' lang='lat' dir='ltr'><strong><em>deficiunt,</em></strong></span> <span class='ocrx_word' id='word_1_16' title='bbox 1751 359 1878 428; x_wconf 92' lang='lat' dir='ltr'><strong><em>quia</em></strong></span> <span class='ocrx_word' id='word_1_17' title='bbox 1909 358 2111 414; x_wconf 75' lang='lat' dir='ltr'><strong><em>scilicet</em></strong></span> <span class='ocrx_word' id='word_1_18' title='bbox 2132 377 2475 418; x_wconf 87' lang='lat' dir='ltr'><strong><em>amanuenses</em></strong></span> <span class='ocrx_word' id='word_1_19' title='bbox 2499 380 2602 418; x_wconf 89' lang='lat' dir='ltr'><strong><em>non</em></strong></span> <span class='ocrx_word' id='word_1_20' title='bbox 2629 368 2807 422; x_wconf 82' lang='lat' dir='ltr'><strong><em>omnia</em></strong></span> <span class='ocrx_word' id='word_1_21' title='bbox 2835 366 3243 437; x_wconf 73' lang='lat' dir='ltr'><strong><em>descripserunt,</em></strong></span> <span class='ocrx_word' id='word_1_22' title='bbox 3263 376 3352 426; x_wconf 86' lang='lat' dir='ltr'><strong><em>sed</em></strong></span> 
     </span>
    </p>
   </div>
   <div class='ocr_carea' id='block_1_3' title="bbox 92 439 3354 532">
    <p class='ocr_par' dir='ltr' id='par_1_3' title="bbox 92 439 3354 532">
     <span class='ocr_line' id='line_1_3' title="bbox 92 439 3354 532; baseline 0.008 -41"><span class='ocrx_word' id='word_1_23' title='bbox 92 441 297 532; x_wconf 57' lang='lat' dir='ltr'><strong><em>puriora</em></strong></span> <span class='ocrx_word' id='word_1_24' title='bbox 328 439 668 532; x_wconf 66' lang='lat' dir='ltr'><strong><em>attulerunt</em></strong></span> <span class='ocrx_word' id='word_1_25' title='bbox 693 457 859 511; x_wconf 88' lang='lat' dir='ltr'><strong><em>quam</em></strong></span> <span class='ocrx_word' id='word_1_26' title='bbox 884 444 1079 511; x_wconf 88' lang='lat' dir='ltr'><strong><em>ferrent</em></strong></span> <span class='ocrx_word' id='word_1_27' title='bbox 1120 446 1405 503; x_wconf 73' lang='lat' dir='ltr'><strong><em>Athanasii</em></strong></span> <span class='ocrx_word' id='word_1_28' title='bbox 1433 448 1656 504; x_wconf 75' lang='lat' dir='ltr'><strong><em>codices.</em></strong></span> <span class='ocrx_word' id='word_1_29' title='bbox 1690 448 1832 504; x_wconf 86' lang='lat' dir='ltr'><strong><em>Raro</em></strong></span> <span class='ocrx_word' id='word_1_30' title='bbox 1864 452 2030 504; x_wconf 84' lang='lat' dir='ltr'><strong><em>evenit</em></strong></span> <span class='ocrx_word' id='word_1_31' title='bbox 2069 460 2128 505; x_wconf 91' lang='lat' dir='ltr'><strong><em>ut</em></strong></span> <span class='ocrx_word' id='word_1_32' title='bbox 2170 456 2460 524; x_wconf 76' lang='lat' dir='ltr'><strong><em>peregrina:</em></strong></span> <span class='ocrx_word' id='word_1_33' title='bbox 2488 455 2942 531; x_wconf 75' lang='lat' dir='ltr'><strong><em>interpretationes</em></strong></span> <span class='ocrx_word' id='word_1_34' title='bbox 2972 478 3155 517; x_wconf 85' lang='lat' dir='ltr'><strong><em>nomen</em></strong></span> <span class='ocrx_word' id='word_1_35' title='bbox 3188 461 3354 517; x_wconf 77' lang='lat' dir='ltr'><strong><em>Atha~</em></strong></span> 
     </span>
    </p>
   </div>
   <div class='ocr_carea' id='block_1_4' title="bbox 91 531 3353 617">
    <p class='ocr_par' dir='ltr' id='par_1_4' title="bbox 91 531 3353 617">
     <span class='ocr_line' id='line_1_4' title="bbox 91 531 3353 617; baseline 0.006 -35"><span class='ocrx_word' id='word_1_36' title='bbox 91 531 189 583; x_wconf 68' lang='lat' dir='ltr'><strong><em>assii</em></strong></span> <span class='ocrx_word' id='word_1_37' title='bbox 208 531 551 598; x_wconf 59' lang='lat' dir='ltr'><strong><em>referant,</em></strong></span> <span class='ocrx_word' id='word_1_38' title='bbox 584 532 649 585; x_wconf 90' lang='lat' dir='ltr'><strong><em>id</em></strong></span> <span class='ocrx_word' id='word_1_39' title='bbox 678 534 863 603; x_wconf 85' lang='lat' dir='ltr'><strong><em>quoad</em></strong></span> <span class='ocrx_word' id='word_1_40' title='bbox 893 535 1124 604; x_wconf 76' lang='lat' dir='ltr'><strong><em>facultas</em></strong></span> <span class='ocrx_word' id='word_1_41' title='bbox 1150 538 1272 592; x_wconf 83' lang='lat' dir='ltr'><strong><em>tulit</em></strong></span> <span class='ocrx_word' id='word_1_42' title='bbox 1298 542 1368 593; x_wconf 87' lang='lat' dir='ltr'><strong><em>ad</em></strong></span> <span class='ocrx_word' id='word_1_43' title='bbox 1401 543 1691 612; x_wconf 81' lang='lat' dir='ltr'><strong><em>marginem</em></strong></span> <span class='ocrx_word' id='word_1_44' title='bbox 1714 543 2035 597; x_wconf 78' lang='lat' dir='ltr'><strong><em>notavimus.</em></strong></span> <span class='ocrx_word' id='word_1_45' title='bbox 2063 542 2133 597; x_wconf 86' lang='lat' dir='ltr'><strong><em>Et</em></strong></span> <span class='ocrx_word' id='word_1_46' title='bbox 2165 561 2291 600; x_wconf 89' lang='lat' dir='ltr'><strong><em>sane</em></strong></span> <span class='ocrx_word' id='word_1_47' title='bbox 2322 548 2579 617; x_wconf 78' lang='lat' dir='ltr'><strong><em>perfacile</em></strong></span> <span class='ocrx_word' id='word_1_48' title='bbox 2607 556 2683 602; x_wconf 91' lang='lat' dir='ltr'><strong><em>est</em></strong></span> <span class='ocrx_word' id='word_1_49' title='bbox 2715 547 2771 600; x_wconf 88' lang='lat' dir='ltr'><strong><em>in</em></strong></span> <span class='ocrx_word' id='word_1_50' title='bbox 2798 548 2938 600; x_wconf 87' lang='lat' dir='ltr'><strong><em>hisce</em></strong></span> <span class='ocrx_word' id='word_1_51' title='bbox 2966 547 3163 617; x_wconf 81' lang='lat' dir='ltr'><strong><em>stylum</em></strong></span> <span class='ocrx_word' id='word_1_52' title='bbox 3186 547 3353 602; x_wconf 59' lang='lat' dir='ltr'><strong><em>Athao</em></strong></span> 
     </span>
    </p>
   </div>
   <div class='ocr_carea' id='block_1_5' title="bbox 92 628 3352 712">
    <p class='ocr_par' dir='ltr' id='par_1_5' title="bbox 92 628 3352 712">
     <span class='ocr_line' id='line_1_5' title="bbox 92 628 3352 712; baseline 0.004 -33"><span class='ocrx_word' id='word_1_53' title='bbox 92 628 184 679; x_wconf 59' lang='lat' dir='ltr'><strong><em>seu?</em></strong></span> <span class='ocrx_word' id='word_1_54' title='bbox 206 628 614 694; x_wconf 69' lang='lat' dir='ltr'><strong><em>internoscere,</em></strong></span> <span class='ocrx_word' id='word_1_55' title='bbox 654 637 776 682; x_wconf 84' lang='lat' dir='ltr'><strong><em>tum</em></strong></span> <span class='ocrx_word' id='word_1_56' title='bbox 804 631 931 701; x_wconf 85' lang='lat' dir='ltr'><strong><em>quia</em></strong></span> <span class='ocrx_word' id='word_1_57' title='bbox 970 632 1024 685; x_wconf 87' lang='lat' dir='ltr'><strong><em>in</em></strong></span> <span class='ocrx_word' id='word_1_58' title='bbox 1058 645 1363 711; x_wconf 84' lang='lat' dir='ltr'><strong><em>argumento</em></strong></span> <span class='ocrx_word' id='word_1_59' title='bbox 1405 637 1707 708; x_wconf 77' lang='lat' dir='ltr'><strong><em>plerumque</em></strong></span> <span class='ocrx_word' id='word_1_60' title='bbox 1735 654 1829 692; x_wconf 91' lang='lat' dir='ltr'><strong><em>ceu</em></strong></span> <span class='ocrx_word' id='word_1_61' title='bbox 1858 640 2108 708; x_wconf 83' lang='lat' dir='ltr'><strong><em>synopsin</em></strong></span> <span class='ocrx_word' id='word_1_62' title='bbox 2144 641 2427 710; x_wconf 83' lang='lat' dir='ltr'><strong><em>quamdam</em></strong></span> <span class='ocrx_word' id='word_1_63' title='bbox 2469 643 2629 696; x_wconf 78' lang='lat' dir='ltr'><strong><em>totius</em></strong></span> <span class='ocrx_word' id='word_1_64' title='bbox 2656 640 2850 712; x_wconf 79' lang='lat' dir='ltr'><strong><em>psalmi</em></strong></span> <span class='ocrx_word' id='word_1_65' title='bbox 2889 640 2950 696; x_wconf 80' lang='lat' dir='ltr'><strong><em>ob</em></strong></span> <span class='ocrx_word' id='word_1_66' title='bbox 2978 641 3156 696; x_wconf 85' lang='lat' dir='ltr'><strong><em>oculos</em></strong></span> <span class='ocrx_word' id='word_1_67' title='bbox 3183 641 3352 712; x_wconf 82' lang='lat' dir='ltr'><strong><em>ponit,</em></strong></span> 
     </span>
    </p>
   </div>
   <div class='ocr_carea' id='block_1_6' title="bbox 89 719 3352 805">
    <p class='ocr_par' dir='ltr' id='par_1_6' title="bbox 89 719 3352 805">
     <span class='ocr_line' id='line_1_6' title="bbox 89 719 3352 805; baseline 0.005 -36"><span class='ocrx_word' id='word_1_68' title='bbox 89 736 117 768; x_wconf 72' lang='grc' dir='ltr'><strong><em>τε</em></strong></span> <span class='ocrx_word' id='word_1_69' title='bbox 140 719 325 781; x_wconf 57' lang='lat' dir='ltr'><strong><em>euidens</em></strong></span> <span class='ocrx_word' id='word_1_70' title='bbox 380 736 531 773; x_wconf 71' lang='lat' dir='ltr'><strong><em>mox</em></strong></span> <span class='ocrx_word' id='word_1_71' title='bbox 569 722 870 791; x_wconf 67' lang='lat' dir='ltr'><strong><em>afferendi:</em></strong></span> <span class='ocrx_word' id='word_1_72' title='bbox 903 726 1330 796; x_wconf 85' lang='lat' dir='ltr'><strong><em>interpretationi</em></strong></span> <span class='ocrx_word' id='word_1_73' title='bbox 1376 731 1601 799; x_wconf 66' lang='lat' dir='ltr'><strong><em>amnem,</em></strong></span> <span class='ocrx_word' id='word_1_74' title='bbox 1626 739 1683 783; x_wconf 90' lang='lat' dir='ltr'><strong><em>ut</em></strong></span> <span class='ocrx_word' id='word_1_75' title='bbox 1716 731 1813 784; x_wconf 90' lang='lat' dir='ltr'><strong><em>hac</em></strong></span> <span class='ocrx_word' id='word_1_76' title='bbox 1845 741 2042 786; x_wconf 89' lang='lat' dir='ltr'><strong><em>tessera</em></strong></span> <span class='ocrx_word' id='word_1_77' title='bbox 2078 732 2236 803; x_wconf 77' lang='lat' dir='ltr'><strong><em>facile</em></strong></span> <span class='ocrx_word' id='word_1_78' title='bbox 2271 734 2341 787; x_wconf 87' lang='lat' dir='ltr'><strong><em>sit</em></strong></span> <span class='ocrx_word' id='word_1_79' title='bbox 2375 751 2494 788; x_wconf 82' lang='lat' dir='ltr'><strong><em>vera</em></strong></span> <span class='ocrx_word' id='word_1_80' title='bbox 2518 752 2549 788; x_wconf 88' lang='lat' dir='ltr'><strong><em>a</em></strong></span> <span class='ocrx_word' id='word_1_81' title='bbox 2574 734 2729 805; x_wconf 83' lang='lat' dir='ltr'><strong><em>falsis</em></strong></span> <span class='ocrx_word' id='word_1_82' title='bbox 2755 748 3054 798; x_wconf 87' lang='lat' dir='ltr'><strong><em>secernere;</em></strong></span> <span class='ocrx_word' id='word_1_83' title='bbox 3089 744 3200 787; x_wconf 89' lang='lat' dir='ltr'><strong><em>tum</em></strong></span> <span class='ocrx_word' id='word_1_84' title='bbox 3227 734 3352 803; x_wconf 90' lang='lat' dir='ltr'><strong><em>quia</em></strong></span> 
     </span>
    </p>
   </div>
   <div class='ocr_carea' id='block_1_7' title="bbox 94 817 3356 899">
    <p class='ocr_par' dir='ltr' id='par_1_7' title="bbox 94 817 3356 899">
     <span class='ocr_line' id='line_1_7' title="bbox 94 817 3356 899; baseline 0.004 -33"><span class='ocrx_word' id='word_1_85' title='bbox 94 832 165 865; x_wconf 68' lang='lat' dir='ltr'><strong><em>in</em></strong></span> <span class='ocrx_word' id='word_1_86' title='bbox 189 817 542 884; x_wconf 70' lang='lat' dir='ltr'><strong><em>perspicuus.</em></strong></span> <span class='ocrx_word' id='word_1_87' title='bbox 584 829 705 871; x_wconf 88' lang='lat' dir='ltr'><strong><em>tam</em></strong></span> <span class='ocrx_word' id='word_1_88' title='bbox 747 820 914 876; x_wconf 76' lang='lat' dir='ltr'><strong><em>brevis</em></strong></span> <span class='ocrx_word' id='word_1_89' title='bbox 943 834 1097 894; x_wconf 87' lang='lat' dir='ltr'><strong><em>atque</em></strong></span> <span class='ocrx_word' id='word_1_90' title='bbox 1126 843 1337 894; x_wconf 89' lang='lat' dir='ltr'><strong><em>pressus</em></strong></span> <span class='ocrx_word' id='word_1_91' title='bbox 1360 828 1413 880; x_wconf 88' lang='lat' dir='ltr'><strong><em>in</em></strong></span> <span class='ocrx_word' id='word_1_92' title='bbox 1454 827 1593 881; x_wconf 85' lang='lat' dir='ltr'><strong><em>hisce</em></strong></span> <span class='ocrx_word' id='word_1_93' title='bbox 1621 838 1696 881; x_wconf 90' lang='lat' dir='ltr'><strong><em>est</em></strong></span> <span class='ocrx_word' id='word_1_94' title='bbox 1721 827 2065 892; x_wconf 77' lang='lat' dir='ltr'><strong><em>Athanasius,</em></strong></span> <span class='ocrx_word' id='word_1_95' title='bbox 2094 838 2151 882; x_wconf 91' lang='lat' dir='ltr'><strong><em>ut</em></strong></span> <span class='ocrx_word' id='word_1_96' title='bbox 2179 829 2279 882; x_wconf 90' lang='lat' dir='ltr'><strong><em>hac</em></strong></span> <span class='ocrx_word' id='word_1_97' title='bbox 2305 830 2430 883; x_wconf 91' lang='lat' dir='ltr'><strong><em>item</em></strong></span> <span class='ocrx_word' id='word_1_98' title='bbox 2460 831 2513 883; x_wconf 90' lang='lat' dir='ltr'><strong><em>in</em></strong></span> <span class='ocrx_word' id='word_1_99' title='bbox 2539 837 2688 899; x_wconf 89' lang='lat' dir='ltr'><strong><em>parte</em></strong></span> <span class='ocrx_word' id='word_1_100' title='bbox 2711 845 2742 882; x_wconf 94' lang='lat' dir='ltr'><strong><em>a</em></strong></span> <span class='ocrx_word' id='word_1_101' title='bbox 2772 829 2976 881; x_wconf 72' lang='lat' dir='ltr'><strong><em>creteris</em></strong></span> <span class='ocrx_word' id='word_1_102' title='bbox 3010 827 3223 897; x_wconf 84' lang='lat' dir='ltr'><strong><em>perinde</em></strong></span> <span class='ocrx_word' id='word_1_103' title='bbox 3244 827 3356 880; x_wconf 86' lang='lat' dir='ltr'><strong><em>dis-</em></strong></span> 
     </span>
    </p>
   </div>
   <div class='ocr_carea' id='block_1_8' title="bbox 96 914 3353 992">
    <p class='ocr_par' dir='ltr' id='par_1_8' title="bbox 96 914 3353 992">
     <span class='ocr_line' id='line_1_8' title="bbox 96 914 3353 992; baseline 0.001 -23"><span class='ocrx_word' id='word_1_104' title='bbox 236 918 435 983; x_wconf 77' lang='lat' dir='ltr'><strong><em>possit.</em></strong></span> <span class='ocrx_word' id='word_1_105' title='bbox 474 914 553 969; x_wconf 81' lang='lat' dir='ltr'><strong><em>In</em></strong></span> <span class='ocrx_word' id='word_1_106' title='bbox 589 917 747 971; x_wconf 85' lang='lat' dir='ltr'><strong><em>hisce</em></strong></span> <span class='ocrx_word' id='word_1_107' title='bbox 774 928 954 971; x_wconf 88' lang='lat' dir='ltr'><strong><em>autem</em></strong></span> <span class='ocrx_word' id='word_1_108' title='bbox 984 917 1138 986; x_wconf 80' lang='lat' dir='ltr'><strong><em>vulgo</em></strong></span> <span class='ocrx_word' id='word_1_109' title='bbox 1192 920 1504 972; x_wconf 86' lang='lat' dir='ltr'><strong><em>sententiam</em></strong></span> <span class='ocrx_word' id='word_1_110' title='bbox 1529 920 1762 989; x_wconf 82' lang='lat' dir='ltr'><strong><em>exponit,</em></strong></span> <span class='ocrx_word' id='word_1_111' title='bbox 1811 932 1871 975; x_wconf 91' lang='lat' dir='ltr'><strong><em>ut</em></strong></span> <span class='ocrx_word' id='word_1_112' title='bbox 1917 933 2102 978; x_wconf 82' lang='lat' dir='ltr'><strong><em>vocant</em></strong></span> <span class='ocrx_word' id='word_1_113' title='bbox 2127 924 2582 992; x_wconf 81' lang='lat' dir='ltr'><strong><em>spiritualem,ita</em></strong></span> <span class='ocrx_word' id='word_1_114' title='bbox 2602 934 2657 977; x_wconf 91' lang='lat' dir='ltr'><strong><em>ut</em></strong></span> <span class='ocrx_word' id='word_1_115' title='bbox 2682 920 2900 976; x_wconf 88' lang='lat' dir='ltr'><strong><em>Nicetas</em></strong></span> <span class='ocrx_word' id='word_1_116' title='bbox 2939 923 2993 975; x_wconf 88' lang='lat' dir='ltr'><strong><em>in</em></strong></span> <span class='ocrx_word' id='word_1_117' title='bbox 3032 929 3219 974; x_wconf 89' lang='lat' dir='ltr'><strong><em>catena</em></strong></span> <span class='ocrx_word' id='word_1_118' title='bbox 3256 936 3353 973; x_wconf 84' lang='lat' dir='ltr'><strong><em>sua</em></strong></span> 
     </span>
    </p>
   </div>
   <div class='ocr_carea' id='block_1_9' title="bbox 97 1011 3356 1089">
    <p class='ocr_par' dir='ltr' id='par_1_9' title="bbox 97 1011 3356 1089">
     <span class='ocr_line' id='line_1_9' title="bbox 97 1011 3356 1089; baseline 0.002 -24"><span class='ocrx_word' id='word_1_119' title='bbox 97 1011 436 1065; x_wconf 62' lang='lat' dir='ltr'><strong><em>Marcum</em></strong></span> <span class='ocrx_word' id='word_1_120' title='bbox 468 1030 585 1083; x_wconf 86' lang='lat' dir='ltr'><strong><em>pro</em></strong></span> <span class='ocrx_word' id='word_1_121' title='bbox 617 1014 877 1081; x_wconf 90' lang='lat' dir='ltr'><strong><em>litterali,</em></strong></span> <span class='ocrx_word' id='word_1_122' title='bbox 912 1013 1266 1068; x_wconf 78' lang='lat' dir='ltr'><strong><em>Athanasium</em></strong></span> <span class='ocrx_word' id='word_1_123' title='bbox 1293 1014 1401 1084; x_wconf 84' lang='lat' dir='ltr'><strong><em>fere</em></strong></span> <span class='ocrx_word' id='word_1_124' title='bbox 1425 1031 1521 1083; x_wconf 87' lang='lat' dir='ltr'><strong><em>pro</em></strong></span> <span class='ocrx_word' id='word_1_125' title='bbox 1551 1016 1817 1085; x_wconf 83' lang='lat' dir='ltr'><strong><em>Spirituali</em></strong></span> <span class='ocrx_word' id='word_1_126' title='bbox 1849 1020 2060 1089; x_wconf 72' lang='lat' dir='ltr'><strong><em>a/ferat.</em></strong></span> <span class='ocrx_word' id='word_1_127' title='bbox 2087 1019 2183 1074; x_wconf 84' lang='lat' dir='ltr'><strong><em>Est</em></strong></span> <span class='ocrx_word' id='word_1_128' title='bbox 2219 1030 2392 1075; x_wconf 90' lang='lat' dir='ltr'><strong><em>tamen</em></strong></span> <span class='ocrx_word' id='word_1_129' title='bbox 2413 1019 2557 1074; x_wconf 87' lang='lat' dir='ltr'><strong><em>haud</em></strong></span> <span class='ocrx_word' id='word_1_130' title='bbox 2583 1038 2706 1075; x_wconf 83' lang='lat' dir='ltr'><strong><em>raro</em></strong></span> <span class='ocrx_word' id='word_1_131' title='bbox 2730 1036 2847 1075; x_wconf 85' lang='lat' dir='ltr'><strong><em>cunt</em></strong></span> <span class='ocrx_word' id='word_1_132' title='bbox 2883 1019 3115 1073; x_wconf 84' lang='lat' dir='ltr'><strong><em>litteram</em></strong></span> <span class='ocrx_word' id='word_1_133' title='bbox 3142 1018 3356 1088; x_wconf 88' lang='lat' dir='ltr'><strong><em>attingit</em></strong></span> 
     </span>
    </p>
   </div>
   <div class='ocr_carea' id='block_1_10' title="bbox 90 1102 3356 1184">
    <p class='ocr_par' dir='ltr' id='par_1_10' title="bbox 90 1102 3356 1184">
     <span class='ocr_line' id='line_1_10' title="bbox 90 1102 3356 1184; baseline 0.003 -31"><span class='ocrx_word' id='word_1_134' title='bbox 90 1102 319 1171; x_wconf 66' lang='lat' dir='ltr'><strong><em>eqvidem</em></strong></span> <span class='ocrx_word' id='word_1_135' title='bbox 350 1105 687 1159; x_wconf 81' lang='lat' dir='ltr'><strong><em>rectissime</em></strong></span> <span class='ocrx_word' id='word_1_136' title='bbox 718 1106 791 1158; x_wconf 87' lang='lat' dir='ltr'><strong><em>ad</em></strong></span> <span class='ocrx_word' id='word_1_137' title='bbox 830 1121 1046 1175; x_wconf 87' lang='lat' dir='ltr'><strong><em>scopum</em></strong></span> <span class='ocrx_word' id='word_1_138' title='bbox 1077 1104 1376 1176; x_wconf 66' lang='lat' dir='ltr'><strong><em>Prophetas,</em></strong></span> <span class='ocrx_word' id='word_1_139' title='bbox 1404 1117 1461 1161; x_wconf 92' lang='lat' dir='ltr'><strong><em>ut</em></strong></span> <span class='ocrx_word' id='word_1_140' title='bbox 1492 1125 1640 1164; x_wconf 91' lang='lat' dir='ltr'><strong><em>nemo</em></strong></span> <span class='ocrx_word' id='word_1_141' title='bbox 1667 1126 1770 1164; x_wconf 88' lang='lat' dir='ltr'><strong><em>non</em></strong></span> <span class='ocrx_word' id='word_1_142' title='bbox 1795 1114 2152 1167; x_wconf 77' lang='lat' dir='ltr'><strong><em>wstimaturus</em></strong></span> <span class='ocrx_word' id='word_1_143' title='bbox 2175 1123 2274 1167; x_wconf 92' lang='lat' dir='ltr'><strong><em>est.</em></strong></span> <span class='ocrx_word' id='word_1_144' title='bbox 2299 1114 2623 1184; x_wconf 66' lang='lat' dir='ltr'><strong><em>Argumenta</em></strong></span> <span class='ocrx_word' id='word_1_145' title='bbox 2644 1112 2964 1184; x_wconf 87' lang='lat' dir='ltr'><strong><em>psalmorum</em></strong></span> <span class='ocrx_word' id='word_1_146' title='bbox 2989 1111 3209 1164; x_wconf 78' lang='lat' dir='ltr'><strong><em>maximi</em></strong></span> <span class='ocrx_word' id='word_1_147' title='bbox 3230 1126 3356 1164; x_wconf 88' lang='lat' dir='ltr'><strong><em>sane</em></strong></span> 
     </span>
    </p>
   </div>
   <div class='ocr_carea' id='block_1_11' title="bbox 90 1198 3353 1276">
    <p class='ocr_par' dir='ltr' id='par_1_11' title="bbox 90 1198 3353 1276">
     <span class='ocr_line' id='line_1_11' title="bbox 90 1198 3353 1276; baseline -0 -25"><span class='ocrx_word' id='word_1_148' title='bbox 90 1198 202 1261; x_wconf 58' lang='lat' dir='ltr'><strong><em>petii</em></strong></span> <span class='ocrx_word' id='word_1_149' title='bbox 240 1208 388 1265; x_wconf 68' lang='lat' dir='ltr'><strong><em>sunt,</em></strong></span> <span class='ocrx_word' id='word_1_150' title='bbox 421 1198 533 1252; x_wconf 74' lang='lat' dir='ltr'><strong><em>ubi</em></strong></span> <span class='ocrx_word' id='word_1_151' title='bbox 584 1200 887 1255; x_wconf 86' lang='lat' dir='ltr'><strong><em>litteralem</em></strong></span> <span class='ocrx_word' id='word_1_152' title='bbox 917 1202 1079 1255; x_wconf 88' lang='lat' dir='ltr'><strong><em>etiam</em></strong></span> <span class='ocrx_word' id='word_1_153' title='bbox 1127 1218 1264 1271; x_wconf 84' lang='lat' dir='ltr'><strong><em>scepe</em></strong></span> <span class='ocrx_word' id='word_1_154' title='bbox 1304 1212 1525 1256; x_wconf 87' lang='lat' dir='ltr'><strong><em>mentem</em></strong></span> <span class='ocrx_word' id='word_1_155' title='bbox 1576 1203 1813 1272; x_wconf 87' lang='lat' dir='ltr'><strong><em>apprime</em></strong></span> <span class='ocrx_word' id='word_1_156' title='bbox 1842 1212 1891 1257; x_wconf 93' lang='lat' dir='ltr'><strong><em>et</em></strong></span> <span class='ocrx_word' id='word_1_157' title='bbox 1921 1213 2074 1259; x_wconf 91' lang='lat' dir='ltr'><strong><em>acute</em></strong></span> <span class='ocrx_word' id='word_1_158' title='bbox 2113 1206 2282 1275; x_wconf 87' lang='lat' dir='ltr'><strong><em>tangit</em></strong></span> <span class='ocrx_word' id='word_1_159' title='bbox 2328 1215 2609 1276; x_wconf 85' lang='lat' dir='ltr'><strong><em>antequam</em></strong></span> <span class='ocrx_word' id='word_1_160' title='bbox 2638 1204 2708 1258; x_wconf 87' lang='lat' dir='ltr'><strong><em>ad</em></strong></span> <span class='ocrx_word' id='word_1_161' title='bbox 2753 1201 3083 1273; x_wconf 80' lang='lat' dir='ltr'><strong><em>spiritualem</em></strong></span> <span class='ocrx_word' id='word_1_162' title='bbox 3116 1199 3353 1254; x_wconf 82' lang='lat' dir='ltr'><strong><em>accedat.</em></strong></span> 
     </span>
    </p>
   </div>
   <div class='ocr_carea' id='block_1_12' title="bbox 92 1293 2733 1368">
    <p class='ocr_par' dir='ltr' id='par_1_12' title="bbox 92 1293 2733 1368">
     <span class='ocr_line' id='line_1_12' title="bbox 92 1293 2733 1368; baseline 0.004 -24"><span class='ocrx_word' id='word_1_163' title='bbox 92 1293 233 1346; x_wconf 69' lang='lat' dir='ltr'><strong><em>Inita</em></strong></span> <span class='ocrx_word' id='word_1_164' title='bbox 247 1295 334 1347; x_wconf 63' lang='lat' dir='ltr'><strong><em>hic</em></strong></span> <span class='ocrx_word' id='word_1_165' title='bbox 358 1294 647 1349; x_wconf 81' lang='lat' dir='ltr'><strong><em>lectiones</em></strong></span> <span class='ocrx_word' id='word_1_166' title='bbox 681 1295 892 1366; x_wconf 79' lang='lat' dir='ltr'><strong><em>Aquin</em></strong></span> <span class='ocrx_word' id='word_1_167' title='bbox 919 1306 970 1351; x_wconf 89' lang='lat' dir='ltr'><strong><em>et</em></strong></span> <span class='ocrx_word' id='word_1_168' title='bbox 1000 1295 1304 1368; x_wconf 83' lang='lat' dir='ltr'><strong><em>Symmachi</em></strong></span> <span class='ocrx_word' id='word_1_169' title='bbox 1331 1307 1544 1352; x_wconf 90' lang='lat' dir='ltr'><strong><em>exstant</em></strong></span> <span class='ocrx_word' id='word_1_170' title='bbox 1572 1298 1824 1354; x_wconf 81' lang='lat' dir='ltr'><strong><em>hactenus</em></strong></span> <span class='ocrx_word' id='word_1_171' title='bbox 1852 1299 2199 1354; x_wconf 71' lang='lat' dir='ltr'><strong><em>inobservata:</em></strong></span> <span class='ocrx_word' id='word_1_172' title='bbox 2223 1318 2255 1354; x_wconf 93' lang='lat' dir='ltr'><strong><em>a</em></strong></span> <span class='ocrx_word' id='word_1_173' title='bbox 2288 1299 2480 1355; x_wconf 87' lang='lat' dir='ltr'><strong><em>Drusio</em></strong></span> <span class='ocrx_word' id='word_1_174' title='bbox 2513 1310 2559 1353; x_wconf 89' lang='lat' dir='ltr'><strong><em>et</em></strong></span> <span class='ocrx_word' id='word_1_175' title='bbox 2587 1299 2733 1355; x_wconf 90' lang='lat' dir='ltr'><strong><em>aliis.</em></strong></span> 
     </span>
    </p>
   </div>
   <div class='ocr_carea' id='block_1_13' title="bbox 136 1385 3355 1463">
    <p class='ocr_par' dir='ltr' id='par_1_13' title="bbox 136 1385 3355 1463">
     <span class='ocr_line' id='line_1_13' title="bbox 136 1385 3355 1463; baseline -0 -21"><span class='ocrx_word' id='word_1_176' title='bbox 136 1385 212 1442; x_wconf 76' lang='lat' dir='ltr'><strong><em>Est</em></strong></span> <span class='ocrx_word' id='word_1_177' title='bbox 257 1390 409 1443; x_wconf 71' lang='lat' dir='ltr'><strong><em>locus</em></strong></span> <span class='ocrx_word' id='word_1_178' title='bbox 456 1392 683 1459; x_wconf 79' lang='lat' dir='ltr'><strong><em>psalmi</em></strong></span> <span class='ocrx_word' id='word_1_179' title='bbox 713 1406 883 1457; x_wconf 73' lang='lat' dir='ltr'><strong><em>um,</em></strong></span> <span class='ocrx_word' id='word_1_180' title='bbox 909 1410 1061 1463; x_wconf 88' lang='lat' dir='ltr'><strong><em>quem</em></strong></span> <span class='ocrx_word' id='word_1_181' title='bbox 1091 1396 1320 1448; x_wconf 71' lang='lat' dir='ltr'><strong><em>alienum</em></strong></span> <span class='ocrx_word' id='word_1_182' title='bbox 1359 1396 1688 1450; x_wconf 73' lang='lat' dir='ltr'><strong><em>testimamus</em></strong></span> <span class='ocrx_word' id='word_1_183' title='bbox 1731 1404 1779 1451; x_wconf 89' lang='lat' dir='ltr'><strong><em>et</em></strong></span> <span class='ocrx_word' id='word_1_184' title='bbox 1823 1407 2170 1451; x_wconf 89' lang='lat' dir='ltr'><strong><em>commentum</em></strong></span> <span class='ocrx_word' id='word_1_185' title='bbox 2208 1398 2332 1459; x_wconf 84' lang='lat' dir='ltr'><strong><em>olet,</em></strong></span> <span class='ocrx_word' id='word_1_186' title='bbox 2371 1396 2507 1450; x_wconf 89' lang='lat' dir='ltr'><strong><em>illud</em></strong></span> <span class='ocrx_word' id='word_1_187' title='bbox 2536 1396 2736 1450; x_wconf 87' lang='lat' dir='ltr'><strong><em>scilicet</em></strong></span> <span class='ocrx_word' id='word_1_188' title='bbox 2766 1395 2829 1448; x_wconf 90' lang='lat' dir='ltr'><strong><em>de</em></strong></span> <span class='ocrx_word' id='word_1_189' title='bbox 2854 1391 3138 1447; x_wconf 88' lang='lat' dir='ltr'><strong><em>calamoad</em></strong></span> <span class='ocrx_word' id='word_1_190' title='bbox 3154 1405 3355 1445; x_wconf 80' lang='lat' dir='ltr'><strong><em>versum</em></strong></span> 
     </span>
    </p>
   </div>
   <div class='ocr_carea' id='block_1_14' title="bbox 91 1481 3353 1557">
    <p class='ocr_par' dir='ltr' id='par_1_14' title="bbox 91 1481 3353 1557">
     <span class='ocr_line' id='line_1_14' title="bbox 91 1481 3353 1557; baseline -0 -24"><span class='ocrx_word' id='word_1_191' title='bbox 91 1482 268 1536; x_wconf 68' lang='lat' dir='ltr'><strong><em>1|.Alia</em></strong></span> <span class='ocrx_word' id='word_1_192' title='bbox 289 1484 554 1552; x_wconf 79' lang='lat' dir='ltr'><strong><em>fortasse</em></strong></span> <span class='ocrx_word' id='word_1_193' title='bbox 572 1485 849 1540; x_wconf 86' lang='lat' dir='ltr'><strong><em>nonnulla</em></strong></span> <span class='ocrx_word' id='word_1_194' title='bbox 864 1501 967 1539; x_wconf 89' lang='lat' dir='ltr'><strong><em>non</em></strong></span> <span class='ocrx_word' id='word_1_195' title='bbox 991 1485 1264 1539; x_wconf 84' lang='lat' dir='ltr'><strong><em>observata</em></strong></span> <span class='ocrx_word' id='word_1_196' title='bbox 1285 1503 1316 1538; x_wconf 89' lang='lat' dir='ltr'><strong><em>a</em></strong></span> <span class='ocrx_word' id='word_1_197' title='bbox 1337 1486 1483 1540; x_wconf 82' lang='lat' dir='ltr'><strong><em>nobis</em></strong></span> <span class='ocrx_word' id='word_1_198' title='bbox 1496 1486 1695 1555; x_wconf 88' lang='lat' dir='ltr'><strong><em>fuerint</em></strong></span> <span class='ocrx_word' id='word_1_199' title='bbox 1710 1503 1826 1557; x_wconf 85' lang='lat' dir='ltr'><strong><em>quo:</em></strong></span> <span class='ocrx_word' id='word_1_200' title='bbox 1845 1486 2052 1541; x_wconf 90' lang='lat' dir='ltr'><strong><em>erudito</em></strong></span> <span class='ocrx_word' id='word_1_201' title='bbox 2069 1487 2253 1542; x_wconf 89' lang='lat' dir='ltr'><strong><em>lectori</em></strong></span> <span class='ocrx_word' id='word_1_202' title='bbox 2270 1486 2559 1557; x_wconf 85' lang='lat' dir='ltr'><strong><em>supplenda</em></strong></span> <span class='ocrx_word' id='word_1_203' title='bbox 2575 1483 2977 1539; x_wconf 86' lang='lat' dir='ltr'><strong><em>demandamus.</em></strong></span> <span class='ocrx_word' id='word_1_204' title='bbox 2996 1481 3145 1536; x_wconf 89' lang='lat' dir='ltr'><strong><em>Psal.</em></strong></span> <span class='ocrx_word' id='word_1_205' title='bbox 3165 1496 3353 1544; x_wconf 66' lang='lat' dir='ltr'><strong><em>LXVsll,</em></strong></span> 
     </span>
    </p>
   </div>
   <div class='ocr_carea' id='block_1_15' title="bbox 92 1576 3356 1653">
    <p class='ocr_par' dir='ltr' id='par_1_15' title="bbox 92 1576 3356 1653">
     <span class='ocr_line' id='line_1_15' title="bbox 92 1576 3356 1653; baseline -0 -25"><span class='ocrx_word' id='word_1_206' title='bbox 92 1592 125 1628; x_wconf 73' lang='grc' dir='ltr'>ε.</span> <span class='ocrx_word' id='word_1_207' title='bbox 150 1576 221 1643; x_wconf 78' lang='grc' dir='ltr'>Π,</span> <span class='ocrx_word' id='word_1_208' title='bbox 239 1578 457 1632; x_wconf 81' lang='lat' dir='ltr'><strong><em>dicitur</em></strong></span> <span class='ocrx_word' id='word_1_209' title='bbox 490 1578 701 1634; x_wconf 83' lang='lat' dir='ltr'><strong><em>Filius</em></strong></span> <span class='ocrx_word' id='word_1_210' title='bbox 730 1599 851 1635; x_wconf 90' lang='lat' dir='ltr'><strong><em>cum</em></strong></span> <span class='ocrx_word' id='word_1_211' title='bbox 878 1580 1097 1635; x_wconf 87' lang='lat' dir='ltr'><strong><em>Patrem</em></strong></span> <span class='ocrx_word' id='word_1_212' title='bbox 1124 1581 1206 1634; x_wconf 91' lang='lat' dir='ltr'><strong><em>his</em></strong></span> <span class='ocrx_word' id='word_1_213' title='bbox 1239 1583 1407 1637; x_wconf 85' lang='lat' dir='ltr'><strong><em>verbis</em></strong></span> <span class='ocrx_word' id='word_1_214' title='bbox 1443 1584 1852 1653; x_wconf 85' lang='lat' dir='ltr'><strong><em>deprecaretur:</em></strong></span> <span class='ocrx_word' id='word_1_215' title='bbox 1876 1581 2143 1640; x_wconf 82' lang='lat' dir='ltr'><strong><em>Transeat</em></strong></span> <span class='ocrx_word' id='word_1_216' title='bbox 2176 1598 2207 1639; x_wconf 85' lang='lat' dir='ltr'><strong><em>a</em></strong></span> <span class='ocrx_word' id='word_1_217' title='bbox 2243 1598 2330 1638; x_wconf 87' lang='lat' dir='ltr'><strong><em>me</em></strong></span> <span class='ocrx_word' id='word_1_218' title='bbox 2372 1583 2513 1638; x_wconf 79' lang='lat' dir='ltr'><strong><em>calix</em></strong></span> <span class='ocrx_word' id='word_1_219' title='bbox 2553 1581 2674 1646; x_wconf 87' lang='lat' dir='ltr'><strong><em>iste,</em></strong></span> <span class='ocrx_word' id='word_1_220' title='bbox 2713 1595 2817 1634; x_wconf 89' lang='lat' dir='ltr'><strong><em>non</em></strong></span> <span class='ocrx_word' id='word_1_221' title='bbox 2847 1580 2903 1634; x_wconf 91' lang='lat' dir='ltr'><strong><em>in</em></strong></span> <span class='ocrx_word' id='word_1_222' title='bbox 2929 1577 3218 1648; x_wconf 84' lang='lat' dir='ltr'><strong><em>hypocrisi,</em></strong></span> <span class='ocrx_word' id='word_1_223' title='bbox 3254 1591 3356 1628; x_wconf 85' lang='lat' dir='ltr'><strong><em>non</em></strong></span> 
     </span>
    </p>
   </div>
   <div class='ocr_carea' id='block_1_16' title="bbox 92 1668 3359 1745">
    <p class='ocr_par' dir='ltr' id='par_1_16' title="bbox 92 1668 3359 1745">
     <span class='ocr_line' id='line_1_16' title="bbox 92 1668 3359 1745; baseline 0.001 -27"><span class='ocrx_word' id='word_1_224' title='bbox 92 1678 130 1718; x_wconf 70' lang='lat' dir='ltr'><strong><em>et</em></strong></span> <span class='ocrx_word' id='word_1_225' title='bbox 149 1668 391 1723; x_wconf 68' lang='lat' dir='ltr'><strong><em>Satanam</em></strong></span> <span class='ocrx_word' id='word_1_226' title='bbox 419 1671 717 1727; x_wconf 82' lang='lat' dir='ltr'><strong><em>iuescaret</em></strong></span> <span class='ocrx_word' id='word_1_227' title='bbox 749 1689 814 1726; x_wconf 92' lang='lat' dir='ltr'><strong><em>ac</em></strong></span> <span class='ocrx_word' id='word_1_228' title='bbox 842 1673 1125 1742; x_wconf 87' lang='lat' dir='ltr'><strong><em>deciperet,</em></strong></span> <span class='ocrx_word' id='word_1_229' title='bbox 1160 1688 1266 1725; x_wconf 87' lang='lat' dir='ltr'><strong><em>non</em></strong></span> <span class='ocrx_word' id='word_1_230' title='bbox 1296 1674 1435 1741; x_wconf 86' lang='lat' dir='ltr'><strong><em>quod</em></strong></span> <span class='ocrx_word' id='word_1_231' title='bbox 1466 1674 1649 1727; x_wconf 77' lang='lat' dir='ltr'><strong><em>mundi</em></strong></span> <span class='ocrx_word' id='word_1_232' title='bbox 1681 1674 2001 1729; x_wconf 77' lang='lat' dir='ltr'><strong><em>voluntatem</em></strong></span> <span class='ocrx_word' id='word_1_233' title='bbox 2030 1685 2087 1729; x_wconf 92' lang='lat' dir='ltr'><strong><em>ut</em></strong></span> <span class='ocrx_word' id='word_1_234' title='bbox 2110 1676 2378 1745; x_wconf 88' lang='lat' dir='ltr'><strong><em>propriam</em></strong></span> <span class='ocrx_word' id='word_1_235' title='bbox 2410 1675 2638 1743; x_wconf 76' lang='lat' dir='ltr'><strong><em>efferret,</em></strong></span> <span class='ocrx_word' id='word_1_236' title='bbox 2665 1675 2742 1728; x_wconf 92' lang='lat' dir='ltr'><strong><em>ita</em></strong></span> <span class='ocrx_word' id='word_1_237' title='bbox 2764 1673 2993 1728; x_wconf 87' lang='lat' dir='ltr'><strong><em>locutum</em></strong></span> <span class='ocrx_word' id='word_1_238' title='bbox 3022 1672 3203 1743; x_wconf 86' lang='lat' dir='ltr'><strong><em>fuisse.</em></strong></span> <span class='ocrx_word' id='word_1_239' title='bbox 3226 1670 3359 1736; x_wconf 77' lang='lat' dir='ltr'><strong><em>Qui-</em></strong></span> 
     </span>
    </p>
   </div>
   <div class='ocr_carea' id='block_1_17' title="bbox 98 1762 3358 1837">
    <p class='ocr_par' dir='ltr' id='par_1_17' title="bbox 98 1762 3358 1837">
     <span class='ocr_line' id='line_1_17' title="bbox 98 1762 3358 1837; baseline 0.001 -26"><span class='ocrx_word' id='word_1_240' title='bbox 98 1776 157 1811; x_wconf 69' lang='grc' dir='ltr'><strong><em>ιι</em></strong></span> <span class='ocrx_word' id='word_1_241' title='bbox 176 1771 342 1827; x_wconf 69' lang='lat' dir='ltr'><strong><em>aperte</em></strong></span> <span class='ocrx_word' id='word_1_242' title='bbox 370 1773 671 1834; x_wconf 80' lang='lat' dir='ltr'><strong><em>repugnat</em></strong></span> <span class='ocrx_word' id='word_1_243' title='bbox 702 1763 988 1831; x_wconf 72' lang='lat' dir='ltr'><strong><em>explicatio</em></strong></span> <span class='ocrx_word' id='word_1_244' title='bbox 1023 1779 1140 1834; x_wconf 78' lang='lat' dir='ltr'><strong><em>qua:</em></strong></span> <span class='ocrx_word' id='word_1_245' title='bbox 1164 1772 1338 1819; x_wconf 87' lang='lat' dir='ltr'><strong><em>exstat</em></strong></span> <span class='ocrx_word' id='word_1_246' title='bbox 1373 1766 1426 1819; x_wconf 89' lang='lat' dir='ltr'><strong><em>in</em></strong></span> <span class='ocrx_word' id='word_1_247' title='bbox 1465 1763 1602 1819; x_wconf 89' lang='lat' dir='ltr'><strong><em>libro</em></strong></span> <span class='ocrx_word' id='word_1_248' title='bbox 1635 1765 1711 1820; x_wconf 89' lang='lat' dir='ltr'><strong><em>De</em></strong></span> <span class='ocrx_word' id='word_1_249' title='bbox 1738 1767 1990 1836; x_wconf 80' lang='lat' dir='ltr'><strong><em>passione</em></strong></span> <span class='ocrx_word' id='word_1_250' title='bbox 2020 1766 2234 1822; x_wconf 87' lang='lat' dir='ltr'><strong><em>Domini</em></strong></span> <span class='ocrx_word' id='word_1_251' title='bbox 2277 1776 2405 1822; x_wconf 91' lang='lat' dir='ltr'><strong><em>tom.</em></strong></span> <span class='ocrx_word' id='word_1_252' title='bbox 2436 1765 2524 1831; x_wconf 82' lang='lat' dir='ltr'><strong><em>iV,</em></strong></span> <span class='ocrx_word' id='word_1_253' title='bbox 2551 1783 2701 1837; x_wconf 90' lang='lat' dir='ltr'><strong><em>quem</em></strong></span> <span class='ocrx_word' id='word_1_254' title='bbox 2740 1767 2881 1821; x_wconf 90' lang='lat' dir='ltr'><strong><em>inter</em></strong></span> <span class='ocrx_word' id='word_1_255' title='bbox 2925 1774 3189 1835; x_wconf 89' lang='lat' dir='ltr'><strong><em>suspectos</em></strong></span> <span class='ocrx_word' id='word_1_256' title='bbox 3216 1762 3358 1816; x_wconf 85' lang='lat' dir='ltr'><strong><em>haud</em></strong></span> 
     </span>
    </p>
   </div>
   <div class='ocr_carea' id='block_1_18' title="bbox 92 1850 3359 1929">
    <p class='ocr_par' dir='ltr' id='par_1_18' title="bbox 92 1850 3359 1929">
     <span class='ocr_line' id='line_1_18' title="bbox 92 1850 3359 1929; baseline 0.002 -27"><span class='ocrx_word' id='word_1_257' title='bbox 92 1850 244 1917; x_wconf 67' lang='lat' dir='ltr'><strong><em>triuia</em></strong></span> <span class='ocrx_word' id='word_1_258' title='bbox 270 1852 699 1923; x_wconf 71' lang='lat' dir='ltr'><strong><em>ablegavimus.</em></strong></span> <span class='ocrx_word' id='word_1_259' title='bbox 729 1852 951 1923; x_wconf 84' lang='lat' dir='ltr'><strong><em>Argum.</em></strong></span> <span class='ocrx_word' id='word_1_260' title='bbox 986 1854 1179 1923; x_wconf 88' lang='lat' dir='ltr'><strong><em>psalmi</em></strong></span> <span class='ocrx_word' id='word_1_261' title='bbox 1202 1871 1307 1910; x_wconf 81' lang='lat' dir='ltr'><strong><em>Lxx</em></strong></span> <span class='ocrx_word' id='word_1_262' title='bbox 1337 1858 1566 1926; x_wconf 89' lang='lat' dir='ltr'><strong><em>primum</em></strong></span> <span class='ocrx_word' id='word_1_263' title='bbox 1615 1857 1710 1912; x_wconf 91' lang='lat' dir='ltr'><strong><em>sub</em></strong></span> <span class='ocrx_word' id='word_1_264' title='bbox 1752 1856 2005 1913; x_wconf 81' lang='lat' dir='ltr'><strong><em>Romanis</em></strong></span> <span class='ocrx_word' id='word_1_265' title='bbox 2039 1857 2491 1929; x_wconf 81' lang='lat' dir='ltr'><strong><em>Jerosolgmorum</em></strong></span> <span class='ocrx_word' id='word_1_266' title='bbox 2519 1858 2778 1912; x_wconf 75' lang='lat' dir='ltr'><strong><em>excidium</em></strong></span> <span class='ocrx_word' id='word_1_267' title='bbox 2821 1866 3095 1920; x_wconf 88' lang='lat' dir='ltr'><strong><em>memorat,</em></strong></span> <span class='ocrx_word' id='word_1_268' title='bbox 3119 1857 3245 1927; x_wconf 89' lang='lat' dir='ltr'><strong><em>quia</em></strong></span> <span class='ocrx_word' id='word_1_269' title='bbox 3274 1871 3359 1910; x_wconf 84' lang='lat' dir='ltr'><strong><em>se-</em></strong></span> 
     </span>
    </p>
   </div>
   <div class='ocr_carea' id='block_1_19' title="bbox 91 1948 3001 2024">
    <p class='ocr_par' dir='ltr' id='par_1_19' title="bbox 91 1948 3001 2024">
     <span class='ocr_line' id='line_1_19' title="bbox 91 1948 3001 2024; baseline 0.002 -26"><span class='ocrx_word' id='word_1_270' title='bbox 91 1950 271 2000; x_wconf 65' lang='lat' dir='ltr'><strong><em>mita</em></strong></span> <span class='ocrx_word' id='word_1_271' title='bbox 299 1951 437 2002; x_wconf 80' lang='lat' dir='ltr'><strong><em>item</em></strong></span> <span class='ocrx_word' id='word_1_272' title='bbox 465 1966 508 2003; x_wconf 90' lang='lat' dir='ltr'><strong><em>a</em></strong></span> <span class='ocrx_word' id='word_1_273' title='bbox 535 1948 810 2003; x_wconf 72' lang='lat' dir='ltr'><strong><em>Romanis</em></strong></span> <span class='ocrx_word' id='word_1_274' title='bbox 839 1948 1049 2004; x_wconf 93' lang='lat' dir='ltr'><strong><em>illatum</em></strong></span> <span class='ocrx_word' id='word_1_275' title='bbox 1074 1950 1175 2021; x_wconf 92' lang='lat' dir='ltr'><strong><em>fuit</em></strong></span> <span class='ocrx_word' id='word_1_276' title='bbox 1205 1950 1298 2004; x_wconf 87' lang='lat' dir='ltr'><strong><em>sub</em></strong></span> <span class='ocrx_word' id='word_1_277' title='bbox 1324 1952 1584 2007; x_wconf 87' lang='lat' dir='ltr'><strong><em>Adriano.</em></strong></span> <span class='ocrx_word' id='word_1_278' title='bbox 1621 1952 1751 2008; x_wconf 77' lang='lat' dir='ltr'><strong><em>Hice</em></strong></span> <span class='ocrx_word' id='word_1_279' title='bbox 1774 1954 1838 2008; x_wconf 90' lang='lat' dir='ltr'><strong><em>de</em></strong></span> <span class='ocrx_word' id='word_1_280' title='bbox 1861 1953 2275 2024; x_wconf 83' lang='lat' dir='ltr'><strong><em>expositionibus</em></strong></span> <span class='ocrx_word' id='word_1_281' title='bbox 2308 1954 2358 2008; x_wconf 89' lang='lat' dir='ltr'><strong><em>in</em></strong></span> <span class='ocrx_word' id='word_1_282' title='bbox 2391 1952 2640 2008; x_wconf 87' lang='lat' dir='ltr'><strong><em>Psalmos</em></strong></span> <span class='ocrx_word' id='word_1_283' title='bbox 2662 1954 2796 2008; x_wconf 88' lang='lat' dir='ltr'><strong><em>satis</em></strong></span> <span class='ocrx_word' id='word_1_284' title='bbox 2824 1960 3001 2006; x_wconf 88' lang='lat' dir='ltr'><strong><em>sunto.</em></strong></span> 
     </span>
    </p>
   </div>
   <div class='ocr_carea' id='block_1_20' title="bbox 140 2036 3361 2112">
    <p class='ocr_par' dir='ltr' id='par_1_20' title="bbox 140 2036 3361 2112">
     <span class='ocr_line' id='line_1_20' title="bbox 140 2036 3361 2112; baseline 0.001 -21"><span class='ocrx_word' id='word_1_285' title='bbox 140 2036 421 2092; x_wconf 72' lang='lat' dir='ltr'><strong><em>Secundum</em></strong></span> <span class='ocrx_word' id='word_1_286' title='bbox 456 2040 622 2092; x_wconf 78' lang='lat' dir='ltr'><strong><em>hanc</em></strong></span> <span class='ocrx_word' id='word_1_287' title='bbox 644 2039 1003 2108; x_wconf 87' lang='lat' dir='ltr'><strong><em>conscriptam</em></strong></span> <span class='ocrx_word' id='word_1_288' title='bbox 1034 2038 1444 2095; x_wconf 88' lang='lat' dir='ltr'><strong><em>admonitionem</em></strong></span> <span class='ocrx_word' id='word_1_289' title='bbox 1472 2041 1682 2096; x_wconf 89' lang='lat' dir='ltr'><strong><em>litteras</em></strong></span> <span class='ocrx_word' id='word_1_290' title='bbox 1711 2044 1888 2111; x_wconf 88' lang='lat' dir='ltr'><strong><em>accepi</em></strong></span> <span class='ocrx_word' id='word_1_291' title='bbox 1915 2043 1986 2097; x_wconf 92' lang='lat' dir='ltr'><strong><em>cl.</em></strong></span> <span class='ocrx_word' id='word_1_292' title='bbox 2020 2042 2081 2096; x_wconf 85' lang='lat' dir='ltr'><strong><em>V.</em></strong></span> <span class='ocrx_word' id='word_1_293' title='bbox 2098 2042 2321 2098; x_wconf 82' lang='lat' dir='ltr'><strong><em>Antonii</em></strong></span> <span class='ocrx_word' id='word_1_294' title='bbox 2348 2041 2659 2107; x_wconf 78' lang='lat' dir='ltr'><strong><em>Maratorii,</em></strong></span> <span class='ocrx_word' id='word_1_295' title='bbox 2682 2041 2772 2112; x_wconf 88' lang='lat' dir='ltr'><strong><em>qui</em></strong></span> <span class='ocrx_word' id='word_1_296' title='bbox 2803 2057 2961 2094; x_wconf 89' lang='lat' dir='ltr'><strong><em>manu</em></strong></span> <span class='ocrx_word' id='word_1_297' title='bbox 2989 2038 3206 2110; x_wconf 87' lang='lat' dir='ltr'><strong><em>propria</em></strong></span> <span class='ocrx_word' id='word_1_298' title='bbox 3231 2039 3361 2095; x_wconf 77' lang='lat' dir='ltr'><strong><em>mihi</em></strong></span> 
     </span>
    </p>
   </div>
   <div class='ocr_carea' id='block_1_21' title="bbox 91 2132 3159 2207">
    <p class='ocr_par' dir='ltr' id='par_1_21' title="bbox 91 2132 3159 2207">
     <span class='ocr_line' id='line_1_21' title="bbox 91 2132 3159 2207; baseline 0.001 -22"><span class='ocrx_word' id='word_1_299' title='bbox 91 2150 133 2185; x_wconf 79' lang='lat' dir='ltr'><strong><em>es</em></strong></span> <span class='ocrx_word' id='word_1_300' title='bbox 154 2136 418 2203; x_wconf 73' lang='lat' dir='ltr'><strong><em>exscripsit</em></strong></span> <span class='ocrx_word' id='word_1_301' title='bbox 457 2136 530 2189; x_wconf 85' lang='lat' dir='ltr'><strong><em>in</em></strong></span> <span class='ocrx_word' id='word_1_302' title='bbox 563 2134 857 2189; x_wconf 83' lang='lat' dir='ltr'><strong><em>laudatum</em></strong></span> <span class='ocrx_word' id='word_1_303' title='bbox 879 2138 1314 2191; x_wconf 87' lang='lat' dir='ltr'><strong><em>commentarium</em></strong></span> <span class='ocrx_word' id='word_1_304' title='bbox 1338 2137 1395 2192; x_wconf 89' lang='lat' dir='ltr'><strong><em>in</em></strong></span> <span class='ocrx_word' id='word_1_305' title='bbox 1427 2138 1717 2193; x_wconf 75' lang='lat' dir='ltr'><strong><em>Canticum</em></strong></span> <span class='ocrx_word' id='word_1_306' title='bbox 1745 2137 1926 2193; x_wconf 71' lang='lat' dir='ltr'><strong><em>Mariae</em></strong></span> <span class='ocrx_word' id='word_1_307' title='bbox 1951 2138 2159 2194; x_wconf 85' lang='lat' dir='ltr'><strong><em>sororis</em></strong></span> <span class='ocrx_word' id='word_1_308' title='bbox 2187 2136 2353 2194; x_wconf 82' lang='lat' dir='ltr'><strong><em>Mosis</em></strong></span> <span class='ocrx_word' id='word_1_309' title='bbox 2384 2137 2709 2207; x_wconf 88' lang='lat' dir='ltr'><strong><em>paucissima</em></strong></span> <span class='ocrx_word' id='word_1_310' title='bbox 2747 2151 2875 2189; x_wconf 91' lang='lat' dir='ltr'><strong><em>sane</em></strong></span> <span class='ocrx_word' id='word_1_311' title='bbox 2909 2142 2968 2187; x_wconf 90' lang='lat' dir='ltr'><strong><em>ut</em></strong></span> <span class='ocrx_word' id='word_1_312' title='bbox 2995 2132 3159 2188; x_wconf 82' lang='lat' dir='ltr'><strong><em>vides.</em></strong></span> 
     </span>
    </p>
   </div>
   <div class='ocr_carea' id='block_1_22' title="bbox 142 2222 2179 2296">
    <p class='ocr_par' dir='ltr' id='par_1_22' title="bbox 142 2222 2179 2296">
     <span class='ocr_line' id='line_1_22' title="bbox 142 2222 2179 2296; baseline 0.004 -20"><span class='ocrx_word' id='word_1_313' title='bbox 142 2222 206 2276; x_wconf 74' lang='lat' dir='ltr'><strong><em>En</em></strong></span> <span class='ocrx_word' id='word_1_314' title='bbox 225 2225 391 2293; x_wconf 74' lang='lat' dir='ltr'><strong><em>igitur</em></strong></span> <span class='ocrx_word' id='word_1_315' title='bbox 416 2224 845 2280; x_wconf 78' lang='lat' dir='ltr'><strong><em>Commentarii</em></strong></span> <span class='ocrx_word' id='word_1_316' title='bbox 874 2227 1044 2281; x_wconf 89' lang='lat' dir='ltr'><strong><em>nostri</em></strong></span> <span class='ocrx_word' id='word_1_317' title='bbox 1076 2228 1334 2296; x_wconf 87' lang='lat' dir='ltr'><strong><em>specimen</em></strong></span> <span class='ocrx_word' id='word_1_318' title='bbox 1361 2227 1415 2282; x_wconf 89' lang='lat' dir='ltr'><strong><em>in</em></strong></span> <span class='ocrx_word' id='word_1_319' title='bbox 1437 2227 1725 2285; x_wconf 87' lang='lat' dir='ltr'><strong><em>Canticum</em></strong></span> <span class='ocrx_word' id='word_1_320' title='bbox 1749 2228 2179 2285; x_wconf 85' lang='lat' dir='ltr'><strong><em>Dcuteronomii.</em></strong></span> 
     </span>
    </p>
   </div>
   <div class='ocr_carea' id='block_1_23' title="bbox 139 2313 3340 2393">
    <p class='ocr_par' dir='ltr' id='par_1_23' title="bbox 139 2313 3340 2393">
     <span class='ocr_line' id='line_1_23' title="bbox 139 2313 3340 2393; baseline 0 -24"><span class='ocrx_word' id='word_1_321' title='bbox 139 2317 377 2388; x_wconf 63' lang='grc' dir='ltr'><strong><em>Σημί-δει</em></strong></span> <span class='ocrx_word' id='word_1_322' title='bbox 404 2319 527 2373; x_wconf 69' lang='grc' dir='ltr'><strong><em>καὶ</em></strong></span> <span class='ocrx_word' id='word_1_323' title='bbox 555 2318 705 2389; x_wconf 76' lang='grc' dir='ltr'><strong><em>αὑτὴ</em></strong></span> <span class='ocrx_word' id='word_1_324' title='bbox 728 2317 826 2391; x_wconf 79' lang='grc' dir='ltr'><strong><em>τὴν</em></strong></span> <span class='ocrx_word' id='word_1_325' title='bbox 866 2318 1135 2373; x_wconf 80' lang='grc' dir='ltr'><strong><em>ἔκπτωσιν</em></strong></span> <span class='ocrx_word' id='word_1_326' title='bbox 1165 2320 1274 2373; x_wconf 83' lang='grc' dir='ltr'><strong><em>τῶν</em></strong></span> <span class='ocrx_word' id='word_1_327' title='bbox 1301 2320 1565 2375; x_wconf 80' lang='grc' dir='ltr'><strong><em>Ἰουδαίων</em></strong></span> <span class='ocrx_word' id='word_1_328' title='bbox 1603 2322 1697 2375; x_wconf 77' lang='grc' dir='ltr'><strong><em>καὶ</em></strong></span> <span class='ocrx_word' id='word_1_329' title='bbox 1731 2321 1829 2392; x_wconf 75' lang='grc' dir='ltr'><strong><em>τὴν</em></strong></span> <span class='ocrx_word' id='word_1_330' title='bbox 1858 2320 2166 2393; x_wconf 80' lang='grc' dir='ltr'><strong><em>ἀγαθότητα</em></strong></span> <span class='ocrx_word' id='word_1_331' title='bbox 2205 2319 2299 2373; x_wconf 82' lang='grc' dir='ltr'><strong><em>τοῦ</em></strong></span> <span class='ocrx_word' id='word_1_332' title='bbox 2328 2319 2483 2383; x_wconf 82' lang='grc' dir='ltr'><strong><em>Θεοῦ,</em></strong></span> <span class='ocrx_word' id='word_1_333' title='bbox 2524 2319 2589 2389; x_wconf 75' lang='grc' dir='ltr'>ἣν</span> <span class='ocrx_word' id='word_1_334' title='bbox 2620 2313 2888 2389; x_wconf 81' lang='grc' dir='ltr'>παρέσχεν</span> <span class='ocrx_word' id='word_1_335' title='bbox 2910 2314 3113 2380; x_wconf 67' lang='grc' dir='ltr'><strong><em>αὐτοῖς,</em></strong></span> <span class='ocrx_word' id='word_1_336' title='bbox 3145 2318 3237 2370; x_wconf 79' lang='grc' dir='ltr'><strong><em>καὶ</em></strong></span> <span class='ocrx_word' id='word_1_337' title='bbox 3264 2315 3340 2389; x_wconf 65' lang='grc' dir='ltr'><strong><em>τὴν</em></strong></span> 
     </span>
    </p>
   </div>
   <div class='ocr_carea' id='block_1_24' title="bbox 95 2412 750 2484">
    <p class='ocr_par' dir='ltr' id='par_1_24' title="bbox 95 2412 750 2484">
     <span class='ocr_line' id='line_1_24' title="bbox 95 2412 750 2484; baseline 0.008 -23"><span class='ocrx_word' id='word_1_338' title='bbox 95 2412 351 2484; x_wconf 67' lang='grc' dir='ltr'><strong><em>ἐσιτωτὴν</em></strong></span> <span class='ocrx_word' id='word_1_339' title='bbox 374 2412 511 2466; x_wconf 77' lang='grc' dir='ltr'>τῶν</span> <span class='ocrx_word' id='word_1_340' title='bbox 543 2412 750 2467; x_wconf 78' lang='grc' dir='ltr'>ἐθνῶν.</span> 
     </span>
    </p>
   </div>
   <div class='ocr_carea' id='block_1_25' title="bbox 98 2501 1254 2575">
    <p class='ocr_par' dir='ltr' id='par_1_25' title="bbox 98 2501 1254 2575">
     <span class='ocr_line' id='line_1_25' title="bbox 98 2501 1254 2575; baseline 0.008 -24"><span class='ocrx_word' id='word_1_341' title='bbox 98 2501 307 2571; x_wconf 45' lang='lat' dir='ltr'><strong><em>dixit,</em></strong></span> <span class='ocrx_word' id='word_1_342' title='bbox 335 2502 595 2573; x_wconf 72' lang='grc' dir='ltr'>οὖρανὲ,</span> <span class='ocrx_word' id='word_1_343' title='bbox 621 2502 724 2566; x_wconf 69' lang='grc' dir='ltr'><strong><em>καὶ</em></strong></span> <span class='ocrx_word' id='word_1_344' title='bbox 746 2501 986 2575; x_wconf 76' lang='grc' dir='ltr'>λαλήσω,</span> <span class='ocrx_word' id='word_1_345' title='bbox 1016 2504 1131 2567; x_wconf 72' lang='grc' dir='ltr'>καί,</span> <span class='ocrx_word' id='word_1_346' title='bbox 1158 2514 1254 2560; x_wconf 90' lang='lat' dir='ltr'><strong><em>etc.</em></strong></span> 
     </span>
    </p>
   </div>
   <div class='ocr_carea' id='block_1_26' title="bbox 204 2589 3367 2669">
    <p class='ocr_par' dir='ltr' id='par_1_26' title="bbox 204 2589 3367 2669">
     <span class='ocr_line' id='line_1_26' title="bbox 204 2589 3367 2669; baseline 0 -22"><span class='ocrx_word' id='word_1_347' title='bbox 204 2594 351 2649; x_wconf 77' lang='grc' dir='ltr'><strong><em>Ἐπεὶ</em></strong></span> <span class='ocrx_word' id='word_1_348' title='bbox 392 2595 567 2665; x_wconf 77' lang='grc' dir='ltr'><strong>μέγα</strong></span> <span class='ocrx_word' id='word_1_349' title='bbox 592 2589 669 2665; x_wconf 77' lang='grc' dir='ltr'>ἦν</span> <span class='ocrx_word' id='word_1_350' title='bbox 696 2593 761 2647; x_wconf 82' lang='grc' dir='ltr'><strong><em>τὸ</em></strong></span> <span class='ocrx_word' id='word_1_351' title='bbox 791 2596 1146 2667; x_wconf 80' lang='grc' dir='ltr'><strong><em>παράπτωμα</em></strong></span> <span class='ocrx_word' id='word_1_352' title='bbox 1179 2595 1484 2659; x_wconf 75' lang='grc' dir='ltr'><strong><em>Ἰουδαίων,</em></strong></span> <span class='ocrx_word' id='word_1_353' title='bbox 1528 2596 1623 2648; x_wconf 65' lang='grc' dir='ltr'>καὶ</span> <span class='ocrx_word' id='word_1_354' title='bbox 1654 2597 1711 2648; x_wconf 78' lang='grc' dir='ltr'>ἐν</span> <span class='ocrx_word' id='word_1_355' title='bbox 1758 2594 2007 2666; x_wconf 81' lang='grc' dir='ltr'><strong><em>οὐρανοῖς</em></strong></span> <span class='ocrx_word' id='word_1_356' title='bbox 2050 2593 2326 2666; x_wconf 83' lang='grc' dir='ltr'>μάρτυρες</span> <span class='ocrx_word' id='word_1_357' title='bbox 2358 2594 2457 2665; x_wconf 79' lang='grc' dir='ltr'>οὐχ</span> <span class='ocrx_word' id='word_1_358' title='bbox 2506 2592 2839 2666; x_wconf 70' lang='grc' dir='ltr'>εὑρίσκοντο,</span> <span class='ocrx_word' id='word_1_359' title='bbox 2868 2597 2957 2652; x_wconf 79' lang='grc' dir='ltr'><strong><em>τὸν</em></strong></span> <span class='ocrx_word' id='word_1_360' title='bbox 2991 2595 3241 2669; x_wconf 77' lang='grc' dir='ltr'>οὐρανὸν,</span> <span class='ocrx_word' id='word_1_361' title='bbox 3272 2592 3367 2649; x_wconf 65' lang='grc' dir='ltr'><strong><em>καὶ</em></strong></span> 
     </span>
    </p>
   </div>
   <div class='ocr_carea' id='block_1_27' title="bbox 198 2683 2192 2759">
    <p class='ocr_par' dir='ltr' id='par_1_27' title="bbox 198 2683 2192 2759">
     <span class='ocr_line' id='line_1_27' title="bbox 198 2683 2192 2759; baseline 0.001 -24"><span class='ocrx_word' id='word_1_362' title='bbox 198 2686 284 2754; x_wconf 66' lang='grc' dir='ltr'><strong><em>τὴν</em></strong></span> <span class='ocrx_word' id='word_1_363' title='bbox 310 2685 429 2755; x_wconf 75' lang='grc' dir='ltr'><strong><em>γῆν</em></strong></span> <span class='ocrx_word' id='word_1_364' title='bbox 454 2685 538 2737; x_wconf 74' lang='grc' dir='ltr'><strong><em>τὰ</em></strong></span> <span class='ocrx_word' id='word_1_365' title='bbox 569 2683 797 2756; x_wconf 68' lang='grc' dir='ltr'>μεγάλα</span> <span class='ocrx_word' id='word_1_366' title='bbox 825 2690 1063 2757; x_wconf 78' lang='grc' dir='ltr'>στοιχεῖα</span> <span class='ocrx_word' id='word_1_367' title='bbox 1091 2687 1428 2759; x_wconf 77' lang='grc' dir='ltr'><strong><em>μαρτύρεται</em></strong></span> <span class='ocrx_word' id='word_1_368' title='bbox 1455 2688 1483 2739; x_wconf 84' lang='grc' dir='ltr'>ὁ</span> <span class='ocrx_word' id='word_1_369' title='bbox 1503 2686 1635 2751; x_wconf 83' lang='grc' dir='ltr'>Θεὸς</span> <span class='ocrx_word' id='word_1_370' title='bbox 1656 2684 1744 2739; x_wconf 77' lang='grc' dir='ltr'><strong><em>διὰ</em></strong></span> <span class='ocrx_word' id='word_1_371' title='bbox 1764 2684 1857 2739; x_wconf 76' lang='grc' dir='ltr'><strong><em>τοῦ</em></strong></span> <span class='ocrx_word' id='word_1_372' title='bbox 1891 2686 2192 2756; x_wconf 76' lang='grc' dir='ltr'><strong><em>προφήτου.</em></strong></span> 
     </span>
    </p>
   </div>
   <div class='ocr_carea' id='block_1_28' title="bbox 148 2896 2174 2972">
    <p class='ocr_par' dir='ltr' id='par_1_28' title="bbox 148 2896 2174 2972">
     <span class='ocr_line' id='line_1_28' title="bbox 148 2896 2174 2972; baseline 0.002 -21"><span class='ocrx_word' id='word_1_373' title='bbox 148 2896 292 2962; x_wconf 62' lang='grc' dir='ltr'>Πολὺς</span> <span class='ocrx_word' id='word_1_374' title='bbox 323 2900 449 2971; x_wconf 68' lang='grc' dir='ltr'><strong><em>γὰρ</em></strong></span> <span class='ocrx_word' id='word_1_375' title='bbox 481 2899 567 2962; x_wconf 83' lang='grc' dir='ltr'><strong><em>ὡς</em></strong></span> <span class='ocrx_word' id='word_1_376' title='bbox 598 2897 785 2961; x_wconf 71' lang='grc' dir='ltr'>ὑετὸς,</span> <span class='ocrx_word' id='word_1_377' title='bbox 818 2897 915 2950; x_wconf 75' lang='grc' dir='ltr'><strong><em>καὶ</em></strong></span> <span class='ocrx_word' id='word_1_378' title='bbox 943 2896 1233 2969; x_wconf 79' lang='grc' dir='ltr'>ἐπωφελὴς</span> <span class='ocrx_word' id='word_1_379' title='bbox 1261 2900 1289 2951; x_wconf 88' lang='grc' dir='ltr'>ὁ</span> <span class='ocrx_word' id='word_1_380' title='bbox 1309 2896 1466 2966; x_wconf 83' lang='grc' dir='ltr'>λόγος</span> <span class='ocrx_word' id='word_1_381' title='bbox 1496 2896 1591 2952; x_wconf 78' lang='grc' dir='ltr'>τοῦ</span> <span class='ocrx_word' id='word_1_382' title='bbox 1619 2898 1756 2953; x_wconf 80' lang='grc' dir='ltr'>Θεοῦ</span> <span class='ocrx_word' id='word_1_383' title='bbox 1790 2900 2174 2972; x_wconf 80' lang='grc' dir='ltr'><strong><em>κατεχόμενος.</em></strong></span> 
     </span>
    </p>
   </div>
   <div class='ocr_carea' id='block_1_29' title="bbox 105 2993 519 3067">
    <p class='ocr_par' dir='ltr' id='par_1_29' title="bbox 105 2993 519 3067">
     <span class='ocr_line' id='line_1_29' title="bbox 105 2993 519 3067; baseline 0.01 -22"><span class='ocrx_word' id='word_1_384' title='bbox 105 2993 181 3045; x_wconf 62' lang='grc' dir='ltr'><strong><em>Καὶ</em></strong></span> <span class='ocrx_word' id='word_1_385' title='bbox 197 2996 519 3067; x_wconf 67' lang='grc' dir='ltr'><strong><em>ισταϐήτω.</em></strong></span> 
     </span>
    </p>
   </div>
   <div class='ocr_carea' id='block_1_30' title="bbox 152 3084 2619 3164">
    <p class='ocr_par' dir='ltr' id='par_1_30' title="bbox 152 3084 2619 3164">
     <span class='ocr_line' id='line_1_30' title="bbox 152 3084 2619 3164; baseline 0.005 -28"><span class='ocrx_word' id='word_1_386' title='bbox 152 3091 281 3144; x_wconf 68' lang='grc' dir='ltr'><strong><em>Πετά</em></strong></span> <span class='ocrx_word' id='word_1_387' title='bbox 307 3092 653 3164; x_wconf 61' lang='grc' dir='ltr'><strong><em>πραότητος</em></strong></span> <span class='ocrx_word' id='word_1_388' title='bbox 693 3088 788 3140; x_wconf 76' lang='grc' dir='ltr'><strong><em>καὶ</em></strong></span> <span class='ocrx_word' id='word_1_389' title='bbox 824 3085 1076 3156; x_wconf 71' lang='grc' dir='ltr'>ἡσυχίας,</span> <span class='ocrx_word' id='word_1_390' title='bbox 1103 3085 1380 3139; x_wconf 80' lang='grc' dir='ltr'>τουτέστιν</span> <span class='ocrx_word' id='word_1_391' title='bbox 1396 3086 1471 3150; x_wconf 87' lang='grc' dir='ltr'>ὡς</span> <span class='ocrx_word' id='word_1_392' title='bbox 1485 3084 1689 3159; x_wconf 73' lang='grc' dir='ltr'>ὄμϐρος</span> <span class='ocrx_word' id='word_1_393' title='bbox 1715 3088 1802 3139; x_wconf 71' lang='grc' dir='ltr'><strong><em>ἐπ’</em></strong></span> <span class='ocrx_word' id='word_1_394' title='bbox 1822 3089 2119 3161; x_wconf 79' lang='grc' dir='ltr'>ἄγρωστιν,</span> <span class='ocrx_word' id='word_1_395' title='bbox 2151 3093 2248 3147; x_wconf 77' lang='grc' dir='ltr'><strong><em>καὶ</em></strong></span> <span class='ocrx_word' id='word_1_396' title='bbox 2276 3091 2352 3157; x_wconf 85' lang='grc' dir='ltr'>ὡς</span> <span class='ocrx_word' id='word_1_397' title='bbox 2385 3092 2619 3164; x_wconf 77' lang='grc' dir='ltr'>νιφετός.</span> 
     </span>
    </p>
   </div>
   <div class='ocr_carea' id='block_1_31' title="bbox 110 3180 3196 3257">
    <p class='ocr_par' dir='ltr' id='par_1_31' title="bbox 110 3180 3196 3257">
     <span class='ocr_line' id='line_1_31' title="bbox 110 3180 3196 3257; baseline 0 -18"><span class='ocrx_word' id='word_1_398' title='bbox 110 3183 345 3241; x_wconf 69' lang='lat' dir='ltr'><strong><em>Fundanos</em></strong></span> <span class='ocrx_word' id='word_1_399' title='bbox 376 3187 527 3239; x_wconf 86' lang='lat' dir='ltr'><strong><em>alios</em></strong></span> <span class='ocrx_word' id='word_1_400' title='bbox 570 3181 872 3237; x_wconf 76' lang='lat' dir='ltr'><strong><em>versiculos</em></strong></span> <span class='ocrx_word' id='word_1_401' title='bbox 903 3180 1150 3234; x_wconf 89' lang='lat' dir='ltr'><strong><em>subditur</em></strong></span> <span class='ocrx_word' id='word_1_402' title='bbox 1171 3196 1190 3234; x_wconf 92' lang='lat'><strong><em>:</em></strong></span> <span class='ocrx_word' id='word_1_403' title='bbox 1223 3180 1430 3236; x_wconf 84' lang='lat' dir='ltr'><strong><em>Desunt</em></strong></span> <span class='ocrx_word' id='word_1_404' title='bbox 1462 3181 1696 3252; x_wconf 85' lang='lat' dir='ltr'><strong><em>reliqua,</em></strong></span> <span class='ocrx_word' id='word_1_405' title='bbox 1729 3194 1886 3254; x_wconf 90' lang='lat' dir='ltr'><strong><em>atque</em></strong></span> <span class='ocrx_word' id='word_1_406' title='bbox 1910 3186 1995 3239; x_wconf 87' lang='lat' dir='ltr'><strong><em>hic</em></strong></span> <span class='ocrx_word' id='word_1_407' title='bbox 2025 3186 2182 3256; x_wconf 81' lang='lat' dir='ltr'><strong><em>ﬁnem</em></strong></span> <span class='ocrx_word' id='word_1_408' title='bbox 2206 3187 2557 3257; x_wconf 88' lang='lat' dir='ltr'><strong><em>expositiones</em></strong></span> <span class='ocrx_word' id='word_1_409' title='bbox 2584 3188 2963 3244; x_wconf 66' lang='lat' dir='ltr'><strong><em>Athanasium:</em></strong></span> <span class='ocrx_word' id='word_1_410' title='bbox 2983 3188 3196 3242; x_wconf 88' lang='lat' dir='ltr'><strong><em>habent.</em></strong></span> 
     </span>
    </p>
   </div>
   <div class='ocr_carea' id='block_1_32' title="bbox 157 3275 3367 3353">
    <p class='ocr_par' dir='ltr' id='par_1_32' title="bbox 157 3275 3367 3353">
     <span class='ocr_line' id='line_1_32' title="bbox 157 3275 3367 3353; baseline 0 -16"><span class='ocrx_word' id='word_1_411' title='bbox 157 3283 223 3336; x_wconf 64' lang='grc' dir='ltr'>ει</span> <span class='ocrx_word' id='word_1_412' title='bbox 244 3280 670 3337; x_wconf 71' lang='lat' dir='ltr'><strong><em>Commentario</em></strong></span> <span class='ocrx_word' id='word_1_413' title='bbox 709 3288 889 3335; x_wconf 83' lang='lat' dir='ltr'><strong><em>autem</em></strong></span> <span class='ocrx_word' id='word_1_414' title='bbox 922 3285 1213 3332; x_wconf 90' lang='lat' dir='ltr'><strong><em>memorato</em></strong></span> <span class='ocrx_word' id='word_1_415' title='bbox 1243 3278 1298 3332; x_wconf 91' lang='lat' dir='ltr'><strong><em>in</em></strong></span> <span class='ocrx_word' id='word_1_416' title='bbox 1331 3275 1604 3345; x_wconf 83' lang='lat' dir='ltr'><strong><em>Psalmos,</em></strong></span> <span class='ocrx_word' id='word_1_417' title='bbox 1633 3281 1833 3353; x_wconf 84' lang='lat' dir='ltr'><strong><em>aliquot</em></strong></span> <span class='ocrx_word' id='word_1_418' title='bbox 1874 3283 2147 3344; x_wconf 86' lang='lat' dir='ltr'><strong><em>clausulas</em></strong></span> <span class='ocrx_word' id='word_1_419' title='bbox 2179 3291 2510 3348; x_wconf 88' lang='lat' dir='ltr'><strong><em>brevissimas</em></strong></span> <span class='ocrx_word' id='word_1_420' title='bbox 2551 3295 2747 3348; x_wconf 84' lang='lat' dir='ltr'><strong><em>nostris</em></strong></span> <span class='ocrx_word' id='word_1_421' title='bbox 2774 3301 2857 3347; x_wconf 90' lang='lat' dir='ltr'><strong><em>sat</em></strong></span> <span class='ocrx_word' id='word_1_422' title='bbox 2899 3289 3182 3347; x_wconf 80' lang='lat' dir='ltr'><strong><em>dissimiles</em></strong></span> <span class='ocrx_word' id='word_1_423' title='bbox 3223 3286 3367 3345; x_wconf 82' lang='lat' dir='ltr'><strong><em>misit</em></strong></span> 
     </span>
    </p>
   </div>
   <div class='ocr_carea' id='block_1_33' title="bbox 110 3372 3366 3457">
    <p class='ocr_par' dir='ltr' id='par_1_33' title="bbox 110 3372 3366 3457">
     <span class='ocr_line' id='line_1_33' title="bbox 110 3372 3366 3457; baseline -0.004 -25"><span class='ocrx_word' id='word_1_424' title='bbox 110 3379 307 3432; x_wconf 60' lang='lat' dir='ltr'><strong><em>beatus</em></strong></span> <span class='ocrx_word' id='word_1_425' title='bbox 341 3378 453 3443; x_wconf 65' lang='lat' dir='ltr'><strong><em>uir,</em></strong></span> <span class='ocrx_word' id='word_1_426' title='bbox 484 3378 575 3431; x_wconf 87' lang='lat' dir='ltr'><strong><em>ita</em></strong></span> <span class='ocrx_word' id='word_1_427' title='bbox 615 3385 676 3429; x_wconf 89' lang='lat' dir='ltr'><strong><em>ut</em></strong></span> <span class='ocrx_word' id='word_1_428' title='bbox 710 3373 984 3428; x_wconf 81' lang='lat' dir='ltr'><strong><em>brevitatis</em></strong></span> <span class='ocrx_word' id='word_1_429' title='bbox 1007 3388 1169 3425; x_wconf 89' lang='lat' dir='ltr'><strong><em>causa</em></strong></span> <span class='ocrx_word' id='word_1_430' title='bbox 1191 3387 1295 3426; x_wconf 90' lang='lat' dir='ltr'><strong><em>non</em></strong></span> <span class='ocrx_word' id='word_1_431' title='bbox 1315 3372 1481 3441; x_wconf 87' lang='lat' dir='ltr'><strong><em>possit</em></strong></span> <span class='ocrx_word' id='word_1_432' title='bbox 1501 3372 1771 3442; x_wconf 87' lang='lat' dir='ltr'><strong><em>judicium</em></strong></span> <span class='ocrx_word' id='word_1_433' title='bbox 1803 3379 1933 3448; x_wconf 85' lang='lat' dir='ltr'><strong><em>ferri</em></strong></span> <span class='ocrx_word' id='word_1_434' title='bbox 1954 3382 2214 3437; x_wconf 70' lang='lat' dir='ltr'><strong><em>eaedemne</em></strong></span> <span class='ocrx_word' id='word_1_435' title='bbox 2233 3384 2339 3439; x_wconf 89' lang='lat' dir='ltr'><strong><em>sint</em></strong></span> <span class='ocrx_word' id='word_1_436' title='bbox 2364 3386 2475 3439; x_wconf 78' lang='lat' dir='ltr'><strong><em>illa:</em></strong></span> <span class='ocrx_word' id='word_1_437' title='bbox 2500 3404 2562 3452; x_wconf 78' lang='lat' dir='ltr'><strong><em>ac</em></strong></span> <span class='ocrx_word' id='word_1_438' title='bbox 2587 3388 2936 3457; x_wconf 77' lang='lat' dir='ltr'><strong><em>expositiones</em></strong></span> <span class='ocrx_word' id='word_1_439' title='bbox 2959 3392 3173 3440; x_wconf 65' lang='lat' dir='ltr'><strong><em>nostris.</em></strong></span> <span class='ocrx_word' id='word_1_440' title='bbox 3198 3379 3366 3446; x_wconf 75' lang='lat' dir='ltr'><strong><em>Quid-</em></strong></span> 
     </span>
    </p>
   </div>
   <div class='ocr_carea' id='block_1_34' title="bbox 108 3470 3367 3555">
    <p class='ocr_par' dir='ltr' id='par_1_34' title="bbox 108 3470 3367 3555">
     <span class='ocr_line' id='line_1_34' title="bbox 108 3470 3367 3555; baseline 0.001 -26"><span class='ocrx_word' id='word_1_441' title='bbox 108 3476 199 3541; x_wconf 58' lang='grc' dir='ltr'><strong><em>βᾶ</em></strong></span> <span class='ocrx_word' id='word_1_442' title='bbox 231 3476 448 3529; x_wconf 76' lang='lat' dir='ltr'><strong><em>tandem</em></strong></span> <span class='ocrx_word' id='word_1_443' title='bbox 476 3476 582 3538; x_wconf 77' lang='lat' dir='ltr'><strong><em>sit,</em></strong></span> <span class='ocrx_word' id='word_1_444' title='bbox 609 3487 735 3525; x_wconf 82' lang='lat' dir='ltr'><strong><em>cum</em></strong></span> <span class='ocrx_word' id='word_1_445' title='bbox 760 3470 1055 3540; x_wconf 64' lang='lat' dir='ltr'><strong><em>saepissime</em></strong></span> <span class='ocrx_word' id='word_1_446' title='bbox 1085 3478 1281 3525; x_wconf 76' lang='lat' dir='ltr'><strong><em>nostra:</em></strong></span> <span class='ocrx_word' id='word_1_447' title='bbox 1305 3471 1371 3523; x_wconf 88' lang='lat' dir='ltr'><strong><em>ab</em></strong></span> <span class='ocrx_word' id='word_1_448' title='bbox 1405 3472 1709 3529; x_wconf 86' lang='lat' dir='ltr'><strong><em>auctoribus</em></strong></span> <span class='ocrx_word' id='word_1_449' title='bbox 1736 3474 2027 3534; x_wconf 89' lang='lat' dir='ltr'><strong><em>laudentur</em></strong></span> <span class='ocrx_word' id='word_1_450' title='bbox 2050 3481 2333 3537; x_wconf 85' lang='lat' dir='ltr'><strong><em>Athanasii</em></strong></span> <span class='ocrx_word' id='word_1_451' title='bbox 2357 3470 2588 3549; x_wconf 80' lang='lat' dir='ltr'><strong><em>nomine,</em></strong></span> <span class='ocrx_word' id='word_1_452' title='bbox 2620 3485 2741 3539; x_wconf 89' lang='lat' dir='ltr'><strong><em>hinc</em></strong></span> <span class='ocrx_word' id='word_1_453' title='bbox 2766 3484 3065 3555; x_wconf 76' lang='lat' dir='ltr'><strong><em>conﬁcitur,</em></strong></span> <span class='ocrx_word' id='word_1_454' title='bbox 3089 3481 3233 3549; x_wconf 90' lang='lat' dir='ltr'><strong><em>ipsas</em></strong></span> <span class='ocrx_word' id='word_1_455' title='bbox 3264 3492 3367 3533; x_wconf 77' lang='lat' dir='ltr'><strong><em>non</em></strong></span> 
     </span>
    </p>
   </div>
   <div class='ocr_carea' id='block_1_35' title="bbox 112 3565 1526 3641">
    <p class='ocr_par' dir='ltr' id='par_1_35' title="bbox 112 3565 1526 3641">
     <span class='ocr_line' id='line_1_35' title="bbox 112 3565 1526 3641; baseline 0 -20"><span class='ocrx_word' id='word_1_456' title='bbox 112 3571 341 3627; x_wconf 76' lang='lat' dir='ltr'><strong><em>tmslias</em></strong></span> <span class='ocrx_word' id='word_1_457' title='bbox 368 3587 491 3628; x_wconf 85' lang='lat' dir='ltr'><strong><em>esse</em></strong></span> <span class='ocrx_word' id='word_1_458' title='bbox 521 3583 820 3641; x_wconf 82' lang='lat' dir='ltr'><strong><em>germanas</em></strong></span> <span class='ocrx_word' id='word_1_459' title='bbox 844 3565 1129 3620; x_wconf 81' lang='lat' dir='ltr'><strong><em>Athanasii</em></strong></span> <span class='ocrx_word' id='word_1_460' title='bbox 1155 3566 1526 3635; x_wconf 81' lang='lat' dir='ltr'><strong><em>expositiones.</em></strong></span> 
     </span>
    </p>
   </div>
   <div class='ocr_carea' id='block_1_36' title="bbox 1384 3935 2088 4033">
    <p class='ocr_par' dir='ltr' id='par_1_36' title="bbox 1384 3935 2088 4033">
     <span class='ocr_line' id='line_1_36' title="bbox 1384 3935 2088 4033; baseline 0.006 -5"><span class='ocrx_word' id='word_1_461' title='bbox 1384 3935 2088 4033; x_wconf 83' lang='lat' dir='ltr'><strong><em>ADMONITIO</em></strong></span> 
     </span>
    </p>
   </div>
   <div class='ocr_carea' id='block_1_37' title="bbox 307 4128 3125 4219">
    <p class='ocr_par' dir='ltr' id='par_1_37' title="bbox 307 4128 3125 4219">
     <span class='ocr_line' id='line_1_37' title="bbox 307 4128 3125 4219; baseline -0 -15"><span class='ocrx_word' id='word_1_462' title='bbox 307 4142 383 4204; x_wconf 82' lang='lat' dir='ltr'><strong><em>In</em></strong></span> <span class='ocrx_word' id='word_1_463' title='bbox 420 4141 911 4219; x_wconf 80' lang='lat' dir='ltr'><strong><em>Argumentum</em></strong></span> <span class='ocrx_word' id='word_1_464' title='bbox 944 4128 1274 4195; x_wconf 82' lang='lat' dir='ltr'><strong><em>Athanasii</em></strong></span> <span class='ocrx_word' id='word_1_465' title='bbox 1304 4130 1374 4192; x_wconf 89' lang='lat' dir='ltr'><strong><em>in</em></strong></span> <span class='ocrx_word' id='word_1_466' title='bbox 1410 4130 1815 4207; x_wconf 76' lang='lat' dir='ltr'><strong><em>Psalterium,</em></strong></span> <span class='ocrx_word' id='word_1_467' title='bbox 1857 4138 1919 4195; x_wconf 82' lang='lat' dir='ltr'><strong><em>et</em></strong></span> <span class='ocrx_word' id='word_1_468' title='bbox 1943 4133 2010 4195; x_wconf 90' lang='lat' dir='ltr'><strong><em>in</em></strong></span> <span class='ocrx_word' id='word_1_469' title='bbox 2040 4131 2491 4213; x_wconf 77' lang='lat' dir='ltr'><strong><em>supplementa</em></strong></span> <span class='ocrx_word' id='word_1_470' title='bbox 2519 4134 2985 4217; x_wconf 81' lang='lat' dir='ltr'><strong><em>subsequentia</em></strong></span> <span class='ocrx_word' id='word_1_471' title='bbox 3014 4137 3125 4219; x_wconf 87' lang='lat' dir='ltr'><strong><em>(a).</em></strong></span> 
     </span>
    </p>
   </div>
   <div class='ocr_carea' id='block_1_38' title="bbox 170 4453 3367 4534">
    <p class='ocr_par' dir='ltr' id='par_1_38' title="bbox 170 4453 3367 4534">
     <span class='ocr_line' id='line_1_38' title="bbox 170 4453 3367 4534; baseline -0.002 -20"><span class='ocrx_word' id='word_1_472' title='bbox 170 4459 339 4516; x_wconf 73' lang='lat' dir='ltr'><strong><em>Prodit</em></strong></span> <span class='ocrx_word' id='word_1_473' title='bbox 382 4462 675 4534; x_wconf 87' lang='lat' dir='ltr'><strong><em>egregium</em></strong></span> <span class='ocrx_word' id='word_1_474' title='bbox 717 4460 773 4513; x_wconf 89' lang='lat' dir='ltr'><strong><em>in</em></strong></span> <span class='ocrx_word' id='word_1_475' title='bbox 818 4457 1064 4513; x_wconf 87' lang='lat' dir='ltr'><strong><em>Psalmos</em></strong></span> <span class='ocrx_word' id='word_1_476' title='bbox 1114 4457 1496 4528; x_wconf 85' lang='lat' dir='ltr'><strong><em>Argumentum</em></strong></span> <span class='ocrx_word' id='word_1_477' title='bbox 1541 4471 1606 4510; x_wconf 82' lang='lat' dir='ltr'><strong><em>ex</em></strong></span> <span class='ocrx_word' id='word_1_478' title='bbox 1641 4455 1826 4510; x_wconf 88' lang='lat' dir='ltr'><strong><em>&#39;codice</em></strong></span> <span class='ocrx_word' id='word_1_479' title='bbox 1855 4454 2184 4509; x_wconf 72' lang='lat' dir='ltr'><strong><em>bibliotheca:</em></strong></span> <span class='ocrx_word' id='word_1_480' title='bbox 2234 4453 2604 4508; x_wconf 68' lang='lat' dir='ltr'><strong><em>Ambrosianus</em></strong></span> <span class='ocrx_word' id='word_1_481' title='bbox 2630 4454 3024 4508; x_wconf 86' lang='lat' dir='ltr'><strong><em>membranaceo</em></strong></span> <span class='ocrx_word' id='word_1_482' title='bbox 3058 4468 3115 4509; x_wconf 76' lang='grc' dir='ltr'><strong>χι</strong></span> <span class='ocrx_word' id='word_1_483' title='bbox 3161 4454 3367 4523; x_wconf 63' lang='lat' dir='ltr'><strong><em>seaculi,</em></strong></span> 
     </span>
    </p>
   </div>
   <div class='ocr_carea' id='block_1_39' title="bbox 118 4538 3371 4627">
    <p class='ocr_par' dir='ltr' id='par_1_39' title="bbox 118 4538 3371 4627">
     <span class='ocr_line' id='line_1_39' title="bbox 118 4538 3371 4627; baseline -0.002 -13"><span class='ocrx_word' id='word_1_484' title='bbox 118 4558 292 4621; x_wconf 63' lang='lat' dir='ltr'><strong><em>mila</em></strong></span> <span class='ocrx_word' id='word_1_485' title='bbox 322 4569 476 4613; x_wconf 73' lang='lat' dir='ltr'><strong><em>nota:</em></strong></span> <span class='ocrx_word' id='word_1_486' title='bbox 510 4572 533 4612; x_wconf 84' lang='lat'><strong><em>.&#39;</em></strong></span> <span class='ocrx_word' id='word_1_487' title='bbox 563 4557 721 4625; x_wconf 85' lang='lat' dir='ltr'><strong><em>cujus</em></strong></span> <span class='ocrx_word' id='word_1_488' title='bbox 749 4554 960 4627; x_wconf 82' lang='lat' dir='ltr'><strong><em>singula</em></strong></span> <span class='ocrx_word' id='word_1_489' title='bbox 993 4554 1139 4609; x_wconf 90' lang='lat' dir='ltr'><strong><em>dicta</em></strong></span> <span class='ocrx_word' id='word_1_490' title='bbox 1171 4553 1442 4625; x_wconf 83' lang='lat' dir='ltr'><strong><em>judicium</em></strong></span> <span class='ocrx_word' id='word_1_491' title='bbox 1485 4553 1833 4622; x_wconf 91' lang='lat' dir='ltr'><strong><em>peritiamque</em></strong></span> <span class='ocrx_word' id='word_1_492' title='bbox 1874 4538 2151 4620; x_wconf 80' lang='lat' dir='ltr'><strong><em>scriptoris</em></strong></span> <span class='ocrx_word' id='word_1_493' title='bbox 2189 4558 2437 4621; x_wconf 77' lang='lat' dir='ltr'><strong><em>arguunt.</em></strong></span> <span class='ocrx_word' id='word_1_494' title='bbox 2483 4548 2709 4605; x_wconf 89' lang='lat' dir='ltr'><strong><em>Orditur</em></strong></span> <span class='ocrx_word' id='word_1_495' title='bbox 2759 4560 2933 4604; x_wconf 88' lang='lat' dir='ltr'><strong><em>autem</em></strong></span> <span class='ocrx_word' id='word_1_496' title='bbox 2970 4550 3293 4606; x_wconf 80' lang='lat' dir='ltr'><strong><em>Athanasius</em></strong></span> <span class='ocrx_word' id='word_1_497' title='bbox 3336 4569 3371 4606; x_wconf 93' lang='lat' dir='ltr'><strong><em>a</em></strong></span> 
     </span>
    </p>
   </div>
   <div class='ocr_carea' id='block_1_40' title="bbox 123 4643 3366 4725">
    <p class='ocr_par' dir='ltr' id='par_1_40' title="bbox 123 4643 3366 4725">
     <span class='ocr_line' id='line_1_40' title="bbox 123 4643 3366 4725; baseline -0.001 -19"><span class='ocrx_word' id='word_1_498' title='bbox 123 4648 426 4711; x_wconf 71' lang='lat' dir='ltr'><strong><em>Prol-tarum</em></strong></span> <span class='ocrx_word' id='word_1_499' title='bbox 475 4656 694 4719; x_wconf 87' lang='lat' dir='ltr'><strong><em>ordine,</em></strong></span> <span class='ocrx_word' id='word_1_500' title='bbox 740 4670 966 4725; x_wconf 87' lang='lat' dir='ltr'><strong><em>quorum</em></strong></span> <span class='ocrx_word' id='word_1_501' title='bbox 1012 4650 1379 4723; x_wconf 89' lang='lat' dir='ltr'><strong><em>perturbatam</em></strong></span> <span class='ocrx_word' id='word_1_502' title='bbox 1427 4651 1616 4704; x_wconf 90' lang='lat' dir='ltr'><strong><em>seriem</em></strong></span> <span class='ocrx_word' id='word_1_503' title='bbox 1656 4663 2003 4719; x_wconf 89' lang='lat' dir='ltr'><strong><em>promanasse</em></strong></span> <span class='ocrx_word' id='word_1_504' title='bbox 2044 4654 2199 4716; x_wconf 82' lang='lat' dir='ltr'><strong><em>putat</em></strong></span> <span class='ocrx_word' id='word_1_505' title='bbox 2240 4662 2307 4699; x_wconf 83' lang='lat' dir='ltr'><strong><em>ex</em></strong></span> <span class='ocrx_word' id='word_1_506' title='bbox 2340 4643 2656 4701; x_wconf 79' lang='lat' dir='ltr'><strong><em>Judteorum</em></strong></span> <span class='ocrx_word' id='word_1_507' title='bbox 2691 4647 2904 4701; x_wconf 88' lang='lat' dir='ltr'><strong><em>incuria</em></strong></span> <span class='ocrx_word' id='word_1_508' title='bbox 2945 4657 2995 4702; x_wconf 91' lang='lat' dir='ltr'><strong><em>et</em></strong></span> <span class='ocrx_word' id='word_1_509' title='bbox 3030 4646 3366 4719; x_wconf 88' lang='lat' dir='ltr'><strong><em>negligentia.</em></strong></span> 
     </span>
    </p>
   </div>
   <div class='ocr_carea' id='block_1_41' title="bbox 121 4734 3371 4822">
    <p class='ocr_par' dir='ltr' id='par_1_41' title="bbox 121 4734 3371 4822">
     <span class='ocr_line' id='line_1_41' title="bbox 121 4734 3371 4822; baseline -0.002 -17"><span class='ocrx_word' id='word_1_510' title='bbox 121 4744 326 4805; x_wconf 65' lang='lat' dir='ltr'><strong><em>Falernis</em></strong></span> <span class='ocrx_word' id='word_1_511' title='bbox 366 4752 581 4822; x_wconf 82' lang='lat' dir='ltr'><strong><em>quippe</em></strong></span> <span class='ocrx_word' id='word_1_512' title='bbox 612 4748 867 4818; x_wconf 82' lang='lat' dir='ltr'><strong><em>despectis</em></strong></span> <span class='ocrx_word' id='word_1_513' title='bbox 901 4748 1123 4817; x_wconf 84' lang='lat' dir='ltr'><strong><em>legibus,</em></strong></span> <span class='ocrx_word' id='word_1_514' title='bbox 1156 4734 1547 4818; x_wconf 85' lang='lat' dir='ltr'><strong><em>inclinanteque</em></strong></span> <span class='ocrx_word' id='word_1_515' title='bbox 1573 4746 1642 4800; x_wconf 90' lang='lat' dir='ltr'><strong><em>ad</em></strong></span> <span class='ocrx_word' id='word_1_516' title='bbox 1669 4743 2081 4799; x_wconf 78' lang='lat' dir='ltr'><strong><em>simulacrorum</em></strong></span> <span class='ocrx_word' id='word_1_517' title='bbox 2111 4741 2312 4807; x_wconf 80' lang='lat' dir='ltr'><strong><em>cultum</em></strong></span> <span class='ocrx_word' id='word_1_518' title='bbox 2336 4743 2534 4810; x_wconf 87' lang='lat' dir='ltr'><strong><em>animo,</em></strong></span> <span class='ocrx_word' id='word_1_519' title='bbox 2572 4742 2735 4797; x_wconf 93' lang='lat' dir='ltr'><strong><em>libros</em></strong></span> <span class='ocrx_word' id='word_1_520' title='bbox 2769 4758 2833 4796; x_wconf 90' lang='lat' dir='ltr'><strong><em>ac</em></strong></span> <span class='ocrx_word' id='word_1_521' title='bbox 2873 4743 3154 4813; x_wconf 90' lang='lat' dir='ltr'><strong><em>scriptores</em></strong></span> <span class='ocrx_word' id='word_1_522' title='bbox 3181 4744 3371 4814; x_wconf 71' lang='lat' dir='ltr'><strong><em>priscas</em></strong></span> 
     </span>
    </p>
   </div>
   <div class='ocr_carea' id='block_1_42' title="bbox 121 4837 3370 4916">
    <p class='ocr_par' dir='ltr' id='par_1_42' title="bbox 121 4837 3370 4916">
     <span class='ocr_line' id='line_1_42' title="bbox 121 4837 3370 4916; baseline -0.004 -14"><span class='ocrx_word' id='word_1_523' title='bbox 121 4845 355 4915; x_wconf 70' lang='lat' dir='ltr'><strong><em>religionis</em></strong></span> <span class='ocrx_word' id='word_1_524' title='bbox 400 4850 726 4916; x_wconf 85' lang='lat' dir='ltr'><strong><em>interpretes</em></strong></span> <span class='ocrx_word' id='word_1_525' title='bbox 766 4845 1259 4916; x_wconf 80' lang='lat' dir='ltr'><strong><em>pessumdederunt,</em></strong></span> <span class='ocrx_word' id='word_1_526' title='bbox 1304 4844 1384 4897; x_wconf 90' lang='lat' dir='ltr'><strong><em>ita</em></strong></span> <span class='ocrx_word' id='word_1_527' title='bbox 1415 4854 1468 4897; x_wconf 91' lang='lat' dir='ltr'><strong><em>ut</em></strong></span> <span class='ocrx_word' id='word_1_528' title='bbox 1502 4842 1658 4895; x_wconf 90' lang='lat' dir='ltr'><strong><em>multi</em></strong></span> <span class='ocrx_word' id='word_1_529' title='bbox 1685 4840 1807 4894; x_wconf 90' lang='lat' dir='ltr'><strong><em>hinc</em></strong></span> <span class='ocrx_word' id='word_1_530' title='bbox 1838 4840 1960 4893; x_wconf 91' lang='lat' dir='ltr'><strong><em>inde</em></strong></span> <span class='ocrx_word' id='word_1_531' title='bbox 1985 4840 2233 4894; x_wconf 87' lang='lat' dir='ltr'><strong><em>distracti</em></strong></span> <span class='ocrx_word' id='word_1_532' title='bbox 2268 4856 2331 4893; x_wconf 91' lang='lat' dir='ltr'><strong><em>ac</em></strong></span> <span class='ocrx_word' id='word_1_533' title='bbox 2359 4847 2616 4894; x_wconf 87' lang='lat' dir='ltr'><strong><em>vetustate</em></strong></span> <span class='ocrx_word' id='word_1_534' title='bbox 2654 4854 2781 4908; x_wconf 90' lang='lat' dir='ltr'><strong><em>pene</em></strong></span> <span class='ocrx_word' id='word_1_535' title='bbox 2815 4837 2989 4893; x_wconf 88' lang='lat' dir='ltr'><strong><em>obruti</em></strong></span> <span class='ocrx_word' id='word_1_536' title='bbox 3017 4839 3147 4905; x_wconf 90' lang='lat' dir='ltr'><strong><em>sint,</em></strong></span> <span class='ocrx_word' id='word_1_537' title='bbox 3177 4853 3370 4907; x_wconf 86' lang='lat' dir='ltr'><strong><em>magna</em></strong></span> 
     </span>
    </p>
   </div>
   <div class='ocr_carea' id='block_1_43' title="bbox 119 4926 3374 5009">
    <p class='ocr_par' dir='ltr' id='par_1_43' title="bbox 119 4926 3374 5009">
     <span class='ocr_line' id='line_1_43' title="bbox 119 4926 3374 5009; baseline -0.003 -18"><span class='ocrx_word' id='word_1_538' title='bbox 119 4953 216 4999; x_wconf 65' lang='lat' dir='ltr'><strong><em>pars</em></strong></span> <span class='ocrx_word' id='word_1_539' title='bbox 240 4942 405 4993; x_wconf 78' lang='lat' dir='ltr'><strong><em>etiam</em></strong></span> <span class='ocrx_word' id='word_1_540' title='bbox 440 4953 673 5009; x_wconf 83' lang='lat' dir='ltr'><strong><em>prorsus</em></strong></span> <span class='ocrx_word' id='word_1_541' title='bbox 705 4936 1022 4993; x_wconf 85' lang='lat' dir='ltr'><strong><em>interierint.</em></strong></span> <span class='ocrx_word' id='word_1_542' title='bbox 1052 4933 1159 4990; x_wconf 87' lang='lat' dir='ltr'><strong><em>Sub</em></strong></span> <span class='ocrx_word' id='word_1_543' title='bbox 1190 4935 1303 4989; x_wconf 78' lang='lat' dir='ltr'><strong><em>htcc</em></strong></span> <span class='ocrx_word' id='word_1_544' title='bbox 1339 4948 1515 4987; x_wconf 89' lang='lat' dir='ltr'><strong><em>autem</em></strong></span> <span class='ocrx_word' id='word_1_545' title='bbox 1556 4948 1674 4985; x_wconf 89' lang='lat' dir='ltr'><strong><em>cum</em></strong></span> <span class='ocrx_word' id='word_1_546' title='bbox 1701 4932 1759 4985; x_wconf 84' lang='lat' dir='ltr'><strong><em>in</em></strong></span> <span class='ocrx_word' id='word_1_547' title='bbox 1803 4946 2009 5000; x_wconf 72' lang='lat' dir='ltr'><strong><em>poenam</em></strong></span> <span class='ocrx_word' id='word_1_548' title='bbox 2035 4928 2315 4996; x_wconf 89' lang='lat' dir='ltr'><strong><em>scelerum,</em></strong></span> <span class='ocrx_word' id='word_1_549' title='bbox 2344 4926 2527 4982; x_wconf 90' lang='lat' dir='ltr'><strong><em>multis</em></strong></span> <span class='ocrx_word' id='word_1_550' title='bbox 2556 4929 2730 4983; x_wconf 90' lang='lat' dir='ltr'><strong><em>attriti</em></strong></span> <span class='ocrx_word' id='word_1_551' title='bbox 2763 4928 3026 4994; x_wconf 78' lang='lat' dir='ltr'><strong><em>cladibus,</em></strong></span> <span class='ocrx_word' id='word_1_552' title='bbox 3056 4930 3113 4982; x_wconf 87' lang='lat' dir='ltr'><strong><em>in</em></strong></span> <span class='ocrx_word' id='word_1_553' title='bbox 3141 4926 3374 4997; x_wconf 79' lang='lat' dir='ltr'><strong><em>Babylo-</em></strong></span> 
     </span>
    </p>
   </div>
   <div class='ocr_carea' id='block_1_44' title="bbox 121 5019 3372 5101">
    <p class='ocr_par' dir='ltr' id='par_1_44' title="bbox 121 5019 3372 5101">
     <span class='ocr_line' id='line_1_44' title="bbox 121 5019 3372 5101; baseline -0.004 -18"><span class='ocrx_word' id='word_1_554' title='bbox 121 5031 233 5083; x_wconf 66' lang='lat' dir='ltr'><strong><em>niam</em></strong></span> <span class='ocrx_word' id='word_1_555' title='bbox 258 5037 533 5086; x_wconf 64' lang='lat' dir='ltr'><strong><em>victurum</em></strong></span> <span class='ocrx_word' id='word_1_556' title='bbox 550 5030 715 5100; x_wconf 87' lang='lat' dir='ltr'><strong><em>jussu</em></strong></span> <span class='ocrx_word' id='word_1_557' title='bbox 752 5030 1245 5101; x_wconf 89' lang='lat' dir='ltr'><strong><em>transmigrassent,</em></strong></span> <span class='ocrx_word' id='word_1_558' title='bbox 1289 5026 1506 5097; x_wconf 90' lang='lat' dir='ltr'><strong><em>quidam</em></strong></span> <span class='ocrx_word' id='word_1_559' title='bbox 1549 5025 1686 5079; x_wconf 84' lang='lat' dir='ltr'><strong><em>inter</em></strong></span> <span class='ocrx_word' id='word_1_560' title='bbox 1717 5039 1804 5078; x_wconf 90' lang='lat' dir='ltr'><strong><em>eos</em></strong></span> <span class='ocrx_word' id='word_1_561' title='bbox 1846 5022 2100 5092; x_wconf 88' lang='lat' dir='ltr'><strong><em>propheta</em></strong></span> <span class='ocrx_word' id='word_1_562' title='bbox 2150 5038 2330 5075; x_wconf 89' lang='lat' dir='ltr'><strong><em>sacros</em></strong></span> <span class='ocrx_word' id='word_1_563' title='bbox 2362 5019 2527 5075; x_wconf 87' lang='lat' dir='ltr'><strong><em>libros</em></strong></span> <span class='ocrx_word' id='word_1_564' title='bbox 2559 5020 2839 5092; x_wconf 88' lang='lat' dir='ltr'><strong><em>colligendi</em></strong></span> <span class='ocrx_word' id='word_1_565' title='bbox 2883 5035 3066 5073; x_wconf 91' lang='lat' dir='ltr'><strong><em>curam</em></strong></span> <span class='ocrx_word' id='word_1_566' title='bbox 3101 5019 3372 5087; x_wconf 89' lang='lat' dir='ltr'><strong><em>suscepit:</em></strong></span> 
     </span>
    </p>
   </div>
   <div class='ocr_carea' id='block_1_45' title="bbox 121 5109 3378 5192">
    <p class='ocr_par' dir='ltr' id='par_1_45' title="bbox 121 5109 3378 5192">
     <span class='ocr_line' id='line_1_45' title="bbox 121 5109 3378 5192; baseline -0.005 -16"><span class='ocrx_word' id='word_1_567' title='bbox 121 5137 219 5185; x_wconf 68' lang='lat' dir='ltr'><strong><em>qm</em></strong></span> <span class='ocrx_word' id='word_1_568' title='bbox 255 5124 346 5179; x_wconf 85' lang='lat' dir='ltr'><strong><em>ille</em></strong></span> <span class='ocrx_word' id='word_1_569' title='bbox 373 5124 466 5178; x_wconf 75' lang='lat' dir='ltr'><strong><em>uti</em></strong></span> <span class='ocrx_word' id='word_1_570' title='bbox 501 5138 616 5177; x_wconf 88' lang='lat' dir='ltr'><strong><em>sese</em></strong></span> <span class='ocrx_word' id='word_1_571' title='bbox 648 5122 874 5187; x_wconf 89' lang='lat' dir='ltr'><strong><em>dabant,</em></strong></span> <span class='ocrx_word' id='word_1_572' title='bbox 907 5130 1188 5192; x_wconf 90' lang='lat' dir='ltr'><strong><em>partesque</em></strong></span> <span class='ocrx_word' id='word_1_573' title='bbox 1218 5120 1462 5191; x_wconf 84' lang='lat' dir='ltr'><strong><em>singulas</em></strong></span> <span class='ocrx_word' id='word_1_574' title='bbox 1490 5120 1570 5173; x_wconf 92' lang='lat' dir='ltr'><strong><em>uti</em></strong></span> <span class='ocrx_word' id='word_1_575' title='bbox 1590 5118 1761 5188; x_wconf 82' lang='lat' dir='ltr'><strong><em>primo</em></strong></span> <span class='ocrx_word' id='word_1_576' title='bbox 1796 5117 2162 5179; x_wconf 90' lang='lat' dir='ltr'><strong><em>occurrebant,</em></strong></span> <span class='ocrx_word' id='word_1_577' title='bbox 2194 5132 2287 5170; x_wconf 85' lang='lat' dir='ltr'><strong><em>nec</em></strong></span> <span class='ocrx_word' id='word_1_578' title='bbox 2331 5117 2508 5170; x_wconf 88' lang='lat' dir='ltr'><strong><em>nativo</em></strong></span> <span class='ocrx_word' id='word_1_579' title='bbox 2540 5114 2741 5182; x_wconf 87' lang='lat' dir='ltr'><strong><em>ordine,</em></strong></span> <span class='ocrx_word' id='word_1_580' title='bbox 2774 5113 3012 5183; x_wconf 89' lang='lat' dir='ltr'><strong><em>digessit.</em></strong></span> <span class='ocrx_word' id='word_1_581' title='bbox 3051 5109 3192 5166; x_wconf 80' lang='lat' dir='ltr'><strong><em>Hinc</em></strong></span> <span class='ocrx_word' id='word_1_582' title='bbox 3215 5110 3378 5167; x_wconf 80' lang='lat' dir='ltr'><strong><em>Psal-</em></strong></span> 
     </span>
    </p>
   </div>
   <div class='ocr_carea' id='block_1_46' title="bbox 121 5209 3374 5287">
    <p class='ocr_par' dir='ltr' id='par_1_46' title="bbox 121 5209 3374 5287">
     <span class='ocr_line' id='line_1_46' title="bbox 121 5209 3374 5287; baseline -0.002 -17"><span class='ocrx_word' id='word_1_583' title='bbox 121 5231 293 5272; x_wconf 68' lang='lat' dir='ltr'><strong><em>uorsus</em></strong></span> <span class='ocrx_word' id='word_1_584' title='bbox 324 5219 431 5273; x_wconf 87' lang='lat' dir='ltr'><strong><em>illa</em></strong></span> <span class='ocrx_word' id='word_1_585' title='bbox 478 5219 746 5287; x_wconf 85' lang='lat' dir='ltr'><strong><em>confusio,</em></strong></span> <span class='ocrx_word' id='word_1_586' title='bbox 783 5218 907 5273; x_wconf 88' lang='lat' dir='ltr'><strong><em>hinc</em></strong></span> <span class='ocrx_word' id='word_1_587' title='bbox 950 5218 1107 5273; x_wconf 88' lang='lat' dir='ltr'><strong><em>seriei</em></strong></span> <span class='ocrx_word' id='word_1_588' title='bbox 1152 5217 1479 5286; x_wconf 80' lang='lat' dir='ltr'><strong><em>perturbatio</em></strong></span> <span class='ocrx_word' id='word_1_589' title='bbox 1527 5217 1719 5269; x_wconf 86' lang='lat' dir='ltr'><strong><em>oritur.</em></strong></span> <span class='ocrx_word' id='word_1_590' title='bbox 1762 5214 1893 5270; x_wconf 69' lang='lat' dir='ltr'><strong><em>Hinc</em></strong></span> <span class='ocrx_word' id='word_1_591' title='bbox 1934 5231 2052 5269; x_wconf 87' lang='lat' dir='ltr'><strong><em>vero</em></strong></span> <span class='ocrx_word' id='word_1_592' title='bbox 2100 5228 2165 5267; x_wconf 85' lang='lat' dir='ltr'><strong><em>ex</em></strong></span> <span class='ocrx_word' id='word_1_593' title='bbox 2201 5212 2427 5269; x_wconf 86' lang='lat' dir='ltr'><strong><em>Eusebio</em></strong></span> <span class='ocrx_word' id='word_1_594' title='bbox 2471 5221 2744 5267; x_wconf 90' lang='lat' dir='ltr'><strong><em>mutuatus</em></strong></span> <span class='ocrx_word' id='word_1_595' title='bbox 2780 5209 2989 5264; x_wconf 89' lang='lat' dir='ltr'><strong><em>videtur</em></strong></span> <span class='ocrx_word' id='word_1_596' title='bbox 3026 5209 3374 5275; x_wconf 77' lang='lat' dir='ltr'><strong><em>Athanasius,</em></strong></span> 
     </span>
    </p>
   </div>
   <div class='ocr_carea' id='block_1_47' title="bbox 126 5306 3405 5399">
    <p class='ocr_par' dir='ltr' id='par_1_47' title="bbox 126 5306 3405 5399">
     <span class='ocr_line' id='line_1_47' title="bbox 126 5306 3405 5399; baseline -0.002 -33"><span class='ocrx_word' id='word_1_597' title='bbox 126 5312 244 5377; x_wconf 52' lang='grc' dir='ltr'><strong><em>αἰεί</em></strong></span> <span class='ocrx_word' id='word_1_598' title='bbox 280 5316 455 5369; x_wconf 80' lang='lat' dir='ltr'><strong><em>etiam</em></strong></span> <span class='ocrx_word' id='word_1_599' title='bbox 489 5315 648 5368; x_wconf 83' lang='lat' dir='ltr'><strong><em>verba</em></strong></span> <span class='ocrx_word' id='word_1_600' title='bbox 674 5315 982 5384; x_wconf 86' lang='lat' dir='ltr'><strong><em>plerumque</em></strong></span> <span class='ocrx_word' id='word_1_601' title='bbox 1029 5313 1360 5367; x_wconf 83' lang='lat' dir='ltr'><strong><em>transcribit.</em></strong></span> <span class='ocrx_word' id='word_1_602' title='bbox 1409 5311 1476 5366; x_wconf 88' lang='lat' dir='ltr'><strong><em>In</em></strong></span> <span class='ocrx_word' id='word_1_603' title='bbox 1520 5313 1617 5367; x_wconf 88' lang='lat' dir='ltr'><strong><em>hoc</em></strong></span> <span class='ocrx_word' id='word_1_604' title='bbox 1654 5322 1827 5396; x_wconf 76' lang='lat' dir='ltr'><strong><em>tamen</em></strong></span> <span class='ocrx_word' id='word_1_605' title='bbox 1862 5312 2085 5384; x_wconf 87' lang='lat' dir='ltr'><strong><em>paulum</em></strong></span> <span class='ocrx_word' id='word_1_606' title='bbox 2127 5312 2324 5379; x_wconf 78' lang='lat' dir='ltr'><strong><em>uariat,</em></strong></span> <span class='ocrx_word' id='word_1_607' title='bbox 2355 5311 2493 5382; x_wconf 87' lang='lat' dir='ltr'><strong><em>quod</em></strong></span> <span class='ocrx_word' id='word_1_608' title='bbox 2536 5310 2902 5364; x_wconf 67' lang='lat' dir='ltr'><strong><em>restaurandi:</em></strong></span> <span class='ocrx_word' id='word_1_609' title='bbox 2934 5306 3227 5379; x_wconf 74' lang='lat' dir='ltr'><strong><em>Scriptum</em></strong></span> <span class='ocrx_word' id='word_1_610' title='bbox 3255 5321 3405 5399; x_wconf 42' lang='lat' dir='ltr'><strong><em>ope-‘.</em></strong></span> 
     </span>
    </p>
   </div>
   <div class='ocr_carea' id='block_1_48' title="bbox 126 5385 3377 5477">
    <p class='ocr_par' dir='ltr' id='par_1_48' title="bbox 126 5385 3377 5477">
     <span class='ocr_line' id='line_1_48' title="bbox 126 5385 3377 5477; baseline -0.004 -17"><span class='ocrx_word' id='word_1_611' title='bbox 126 5415 237 5471; x_wconf 73' lang='lat' dir='ltr'><strong><em>ml,</em></strong></span> <span class='ocrx_word' id='word_1_612' title='bbox 277 5422 446 5477; x_wconf 79' lang='lat' dir='ltr'><strong><em>quam</em></strong></span> <span class='ocrx_word' id='word_1_613' title='bbox 487 5403 752 5459; x_wconf 82' lang='lat' dir='ltr'><strong><em>Eusebius</em></strong></span> <span class='ocrx_word' id='word_1_614' title='bbox 783 5404 848 5458; x_wconf 86' lang='lat' dir='ltr'><strong><em>ab</em></strong></span> <span class='ocrx_word' id='word_1_615' title='bbox 879 5403 1059 5458; x_wconf 83' lang='lat' dir='ltr'><strong><em>Esdra</em></strong></span> <span class='ocrx_word' id='word_1_616' title='bbox 1090 5413 1390 5474; x_wconf 85' lang='lat' dir='ltr'><strong><em>susceptam</em></strong></span> <span class='ocrx_word' id='word_1_617' title='bbox 1412 5404 1511 5468; x_wconf 88' lang='lat' dir='ltr'><strong><em>ait,</em></strong></span> <span class='ocrx_word' id='word_1_618' title='bbox 1546 5404 1657 5473; x_wconf 73' lang='lat' dir='ltr'><strong><em>ipse</em></strong></span> <span class='ocrx_word' id='word_1_619' title='bbox 1686 5385 1849 5459; x_wconf 83' lang='lat' dir='ltr'><strong><em>alicui</em></strong></span> <span class='ocrx_word' id='word_1_620' title='bbox 1877 5401 2276 5474; x_wconf 89' lang='lat' dir='ltr'><strong><em>prophetarum,</em></strong></span> <span class='ocrx_word' id='word_1_621' title='bbox 2307 5401 2455 5455; x_wconf 89' lang='lat' dir='ltr'><strong><em>nullo</em></strong></span> <span class='ocrx_word' id='word_1_622' title='bbox 2475 5400 2747 5470; x_wconf 87' lang='lat' dir='ltr'><strong><em>speciatim</em></strong></span> <span class='ocrx_word' id='word_1_623' title='bbox 2779 5407 3098 5463; x_wconf 80' lang='lat' dir='ltr'><strong><em>memorato,</em></strong></span> <span class='ocrx_word' id='word_1_624' title='bbox 3124 5397 3377 5468; x_wconf 83' lang='lat' dir='ltr'><strong><em>assignet.</em></strong></span> 
     </span>
    </p>
   </div>
   <div class='ocr_carea' id='block_1_49' title="bbox 174 5510 3381 5583">
    <p class='ocr_par' dir='ltr' id='par_1_49' title="bbox 174 5510 3381 5583">
     <span class='ocr_line' id='line_1_49' title="bbox 174 5510 3381 5583; baseline -0.001 -18"><span class='ocrx_word' id='word_1_625' title='bbox 174 5518 235 5576; x_wconf 70' lang='grc' dir='ltr'><strong><em>(οἱ</em></strong></span> <span class='ocrx_word' id='word_1_626' title='bbox 254 5518 371 5569; x_wconf 69' lang='lat' dir='ltr'><strong><em>Ila:</em></strong></span> <span class='ocrx_word' id='word_1_627' title='bbox 390 5524 510 5583; x_wconf 77' lang='lat' dir='ltr'><strong><em>post</em></strong></span> <span class='ocrx_word' id='word_1_628' title='bbox 527 5519 806 5569; x_wconf 78' lang='lat' dir='ltr'><strong><em>absolutam</em></strong></span> <span class='ocrx_word' id='word_1_629' title='bbox 827 5518 1095 5569; x_wconf 76' lang='lat' dir='ltr'><strong><em>Maurinam</em></strong></span> <span class='ocrx_word' id='word_1_630' title='bbox 1123 5518 1396 5583; x_wconf 80' lang='lat' dir='ltr'><strong><em>editionem</em></strong></span> <span class='ocrx_word' id='word_1_631' title='bbox 1438 5516 1625 5581; x_wconf 78' lang='lat' dir='ltr'><strong><em>publici</em></strong></span> <span class='ocrx_word' id='word_1_632' title='bbox 1658 5519 1784 5580; x_wconf 87' lang='lat' dir='ltr'><strong><em>juris</em></strong></span> <span class='ocrx_word' id='word_1_633' title='bbox 1825 5515 1942 5583; x_wconf 78' lang='lat' dir='ltr'><strong><em>fecit</em></strong></span> <span class='ocrx_word' id='word_1_634' title='bbox 1967 5514 2449 5583; x_wconf 51' lang='lat' dir='ltr'><strong><em>hionttauconiusjn</em></strong></span> <span class='ocrx_word' id='word_1_635' title='bbox 2472 5515 2615 5566; x_wconf 86' lang='lat' dir='ltr'><strong><em>Nova</em></strong></span> <span class='ocrx_word' id='word_1_636' title='bbox 2643 5510 2938 5583; x_wconf 67' lang='lat' dir='ltr'><strong><em>Bibliotheca</em></strong></span> <span class='ocrx_word' id='word_1_637' title='bbox 2964 5516 3187 5583; x_wconf 60' lang='lat' dir='ltr'><strong><em>Patrum.</em></strong></span> <span class='ocrx_word' id='word_1_638' title='bbox 3216 5513 3381 5583; x_wconf 72' lang='lat' dir='ltr'><strong><em>Argu-</em></strong></span> 
     </span>
    </p>
   </div>
   <div class='ocr_carea' id='block_1_50' title="bbox 129 5575 3405 5694">
    <p class='ocr_par' dir='ltr' id='par_1_50' title="bbox 129 5575 3405 5694">
     <span class='ocr_line' id='line_1_50' title="bbox 129 5575 3405 5694; baseline -0.002 -64"><span class='ocrx_word' id='word_1_639' title='bbox 129 5586 319 5630; x_wconf 64' lang='lat' dir='ltr'><strong><em>mentum</em></strong></span> <span class='ocrx_word' id='word_1_640' title='bbox 338 5575 409 5630; x_wconf 82' lang='lat' dir='ltr'><strong><em>in&#39;</em></strong></span> <span class='ocrx_word' id='word_1_641' title='bbox 425 5582 721 5631; x_wconf 75' lang='lat' dir='ltr'><strong><em>Psalterium</em></strong></span> <span class='ocrx_word' id='word_1_642' title='bbox 753 5594 865 5630; x_wconf 80' lang='lat' dir='ltr'><strong><em>mox</em></strong></span> <span class='ocrx_word' id='word_1_643' title='bbox 889 5583 1141 5642; x_wconf 79' lang='lat' dir='ltr'><strong><em>sequitur;</em></strong></span> <span class='ocrx_word' id='word_1_644' title='bbox 1164 5575 1513 5694; x_wconf 58' lang='lat' dir='ltr'><strong><em>sugplemeuta</em></strong></span> <span class='ocrx_word' id='word_1_645' title='bbox 1544 5575 1748 5632; x_wconf 65' lang='lat' dir='ltr'><strong><em>vero&#39;ex</em></strong></span> <span class='ocrx_word' id='word_1_646' title='bbox 1780 5582 1965 5644; x_wconf 73' lang='lat' dir='ltr'><strong><em>codice</em></strong></span> <span class='ocrx_word' id='word_1_647' title='bbox 1991 5578 2315 5633; x_wconf 75' lang='lat' dir='ltr'><strong><em>Ambrosiam</em></strong></span> <span class='ocrx_word' id='word_1_648' title='bbox 2352 5579 2647 5642; x_wconf 74' lang='lat' dir='ltr'><strong><em>deprompta</em></strong></span> <span class='ocrx_word' id='word_1_649' title='bbox 2682 5575 3013 5628; x_wconf 79' lang='lat' dir='ltr'><strong><em>distinctionis</em></strong></span> <span class='ocrx_word' id='word_1_650' title='bbox 3055 5587 3200 5626; x_wconf 82' lang='lat' dir='ltr'><strong><em>causa</em></strong></span> <span class='ocrx_word' id='word_1_651' title='bbox 3242 5575 3405 5625; x_wconf 42' lang='lat' dir='ltr'><strong><em>uncias</em></strong></span> 
     </span>
     <span class='ocr_line' id='line_1_51' title="bbox 130 5643 1359 5694; baseline 0.001 -3"><span class='ocrx_word' id='word_1_652' title='bbox 130 5643 432 5694; x_wconf 58' lang='lat' dir='ltr'><strong><em>minuimus</em></strong></span> <span class='ocrx_word' id='word_1_653' title='bbox 454 5651 506 5694; x_wconf 86' lang='lat' dir='ltr'><strong><em>et</em></strong></span> <span class='ocrx_word' id='word_1_654' title='bbox 528 5645 681 5694; x_wconf 81' lang='lat' dir='ltr'><strong><em>priori</em></strong></span> <span class='ocrx_word' id='word_1_655' title='bbox 706 5644 867 5694; x_wconf 76' lang='lat' dir='ltr'><strong><em>textui</em></strong></span> <span class='ocrx_word' id='word_1_656' title='bbox 888 5643 1201 5694; x_wconf 70' lang='lat' dir='ltr'><strong><em>inser-nimus.</em></strong></span> <span class='ocrx_word' id='word_1_657' title='bbox 1267 5656 1359 5692; x_wconf 80' lang='lat' dir='ltr'><strong><em>DI‘L</em></strong></span> 
     </span>
    </p>
   </div>
   <div class='ocr_carea' id='block_1_51' title="bbox 130 5643 1359 5709">
    <p class='ocr_par' dir='ltr' id='par_1_51' title="bbox 130 5643 1359 5709">
     <span class='ocr_line' id='line_1_52' title="bbox 130 5643 1359 5709; baseline 0 -17"><span class='ocrx_word' id='word_1_658' title='bbox 130 5643 432 5694; x_wconf 60' lang='lat' dir='ltr'><strong><em>Misimus</em></strong></span> <span class='ocrx_word' id='word_1_659' title='bbox 454 5651 506 5694; x_wconf 86' lang='lat' dir='ltr'><strong><em>et</em></strong></span> <span class='ocrx_word' id='word_1_660' title='bbox 528 5645 681 5709; x_wconf 83' lang='lat' dir='ltr'><strong><em>priori</em></strong></span> <span class='ocrx_word' id='word_1_661' title='bbox 706 5644 867 5694; x_wconf 76' lang='lat' dir='ltr'><strong><em>textui</em></strong></span> <span class='ocrx_word' id='word_1_662' title='bbox 888 5643 1201 5696; x_wconf 70' lang='lat' dir='ltr'><strong><em>inser-nimus.</em></strong></span> <span class='ocrx_word' id='word_1_663' title='bbox 1227 5643 1359 5694; x_wconf 77' lang='lat' dir='ltr'><strong><em>EDIL</em></strong></span> 
     </span>
    </p>
   </div>
  </div>
