3698 6268
475 188 508 215 ν

346 229 419 287 55
1188 229 1248 285 S.
1289 223 1668 281 ATBANASII
1705 224 1857 281 ΟΡΡ.
1898 222 2081 279 PARS
2119 222 2205 278 Ill.
2246 252 2318 265 --
2356 221 2768 278 EXEGETICA.
3540 218 3625 277 56

344 347 478 411 Quit:
510 345 575 402 de
612 345 951 402 Psalmorum
995 345 1300 401 auctoribus
1329 355 1510 414 postea
1536 343 1809 407 dicuntur,
1852 355 2110 411 accurata
2150 358 2276 396 sane
2303 351 2352 397 et
2390 342 2594 397 erudite
2625 341 2917 411 proposita,
2964 356 3210 411 magnam
3238 339 3425 395 habent
3477 352 3625 392 cum

343 439 588 510 Origenis
623 439 896 510 opusculo,
926 457 959 494 a
991 440 1140 496 nobis
1187 439 1486 509 propediem
1511 438 1710 492 edendo
1744 436 1844 509 (a),
1881 440 2205 508 affinitatem.
2252 440 2632 510 Argumentum
2662 454 2822 507 porro
2850 454 3006 493 suum
3034 438 3389 510 pulcherrima
3407 438 3626 493 adma-
3667 464 3672 472 ο

339 532 538 585 stitione
575 532 777 585 claudit
824 530 1151 586 Athanasius
1177 571 1194 598 ,
1239 530 1330 585 ubi
1375 547 1480 601 qua
1520 540 1689 584 mente
1720 528 1926 586 Psatmi
1962 532 2072 585 sint
2121 531 2355 602 legendi,
2400 539 2602 585 ascetas
2661 528 2954 599 alloquens,
3003 529 3103 582 etsi
3129 528 3345 597 paucis,
3394 528 3622 598 egregia

338 630 514 676 tamen
556 622 820 677 edisserit.
2402 668 2408 674 .

408 712 781 784 Supplementa
813 713 1221 784 Expositionum
1250 714 1305 767 in
1354 711 1620 779 Psalmos,
1655 730 1721 769 ex
1763 713 1940 769 codice
1971 714 2016 768 A
2043 714 2366 779 mbrosiano,
2392 714 2518 768 dum
2545 712 2836 768 Mediolani
2867 727 3158 784 ageremus,
3199 711 3615 778 exscripsimus.

338 803 536 878 Estque
581 807 745 860 codex
774 805 867 860 ille
902 821 1097 870 recens,
1124 806 1189 861 ab
1219 807 1515 877 antiquiore
1550 804 1874 862 Scorialensi
1914 807 2246 875 desumptus.
2292 805 2458 872 Nam,
2494 814 2552 860 ut
2598 806 2653 859 in
2692 804 2979 859 Athanasii
3009 804 3176 867 edito,
3211 819 3243 856 a
3274 802 3421 857 nobis
3449 801 3618 856 haud

335 898 641 969 itapridem
667 903 947 964 adornata,
982 900 1281 955 monuimus
1313 898 1521 970 (supra,
1576 899 1682 955 col.
1723 898 1850 969 53).
1886 896 2261 968 Expositiones
2287 897 2399 952 illa:
2442 897 2750 963 Athanasii,
2791 912 2895 951 non
2928 896 3170 949 omnibus
3209 895 3320 947 suis
3352 891 3616 963 partibus

333 998 384 1046 et
419 993 652 1045 numeris
682 992 939 1048 absoluta:
965 1003 1110 1060 sunt,
1152 994 1243 1048 sed
1270 994 1674 1049 amanuensium
1700 993 1919 1047 ausibus
1951 995 2153 1063 passim
2189 1001 2451 1048 truncato:
2486 1002 2535 1045 et
2564 993 2617 1046 in
2656 991 3020 1061 compendium
3051 990 3277 1044 redacta
3307 1003 3325 1041 :
3351 988 3615 1055 quwdam

334 1082 493 1136 e:iam
530 1098 595 1136 ex
619 1084 816 1138 catenis
843 1095 1029 1139 erute.
1070 1082 1224 1138 Nihil
1251 1094 1447 1139 'moror
1476 1084 1787 1154 scriptorem
1828 1101 2107 1153 nuperum,
2135 1085 2226 1155 qui
2256 1083 2628 1153 Expositiones
2653 1082 2777 1138 illas
2810 1083 2866 1136 in
2889 1080 3130 1135 Psalmos
3163 1096 3265 1134 non
3288 1095 3397 1134 esse
3426 1078 3620 1132 Atha-

335 1173 474 1227 nasii
509 1190 808 1246 prtepopere
839 1178 1218 1245 pronuntiauit,
1263 1179 1353 1233 sed
1396 1179 1546 1233 nulla
1585 1177 1766 1232 oblata
1797 1178 2022 1249 negandi
2077 1180 2303 1232 ratione.
2355 1175 2509 1231 Nihil
2577 1176 2670 1231 ille
2715 1176 2943 1241 curavit,
2978 1175 3084 1228 imo
3134 1176 3310 1245 potius
3340 1173 3617 1226 dissimu-

335 1266 483 1329 lavit,
506 1266 603 1322 hoc
624 1270 795 1337 operis
811 1270 1052 1327 omnibus
1091 1280 1211 1341 post
1235 1272 1594 1327 Athanasium
1637 1274 1869 1340 sarculis,
1907 1273 2189 1328 Athanasii
2216 1274 2444 1338 nomine,
2483 1271 2669 1327 allatis
2689 1274 2995 1343 plerumque
3015 1269 3144 1327 locis
3178 1282 3230 1324 ut
3265 1271 3319 1324 in
3344 1269 3616 1322 hodierno

334 1354 723 1414 Commentario
747 1370 989 1427 exstant,
1032 1380 1066 1415 α
1112 1363 1374 1435 plerisque
1421 1366 1773 1434 scriptoribus
1810 1368 2100 1422 memorari
2131 1382 2150 1421 :
2181 1365 2316 1420 nihil
2350 1365 2507 1420 movit
2539 1366 2768 1435 affinitas
2804 1365 2958 1436 styli,
3004 1366 3256 1435 verbaque
3299 1360 3617 1433 frequentia

335 1455 684 1516 Athanasiani
715 1475 861 1525 usus,
893 1462 1026 1517 nihil
1056 1465 1296 1520 codicum
1331 1468 1469 1521 unde
1492 1468 1801 1539 prodierunt
1834 1478 2062 1525 vetustas
2091 1486 2111 1523 :
2139 1486 2259 1541 qua:
2286 1486 2412 1524 sane
2445 1476 2693 1523 accurato
2719 1464 2946 1527 censori,
2972 1469 3251 1532 antequam
3280 1457 3616 1512 sententiam

333 1547 523 1616 ferret,
553 1553 692 1607 serio
723 1565 872 1608 erant
910 1559 1244 1612 excutienda.
1288 1556 1475 1613 Verum
1516 1560 1606 1615 ille
1668 1562 1848 1632 nasuti
1883 1578 1937 1616 se
1977 1563 2152 1616 critici
2178 1572 2355 1632 partes
2391 1561 2559 1631 egisse
2597 1557 2828 1629 putavit,
2888 1569 3028 1617 cum,
3085 1552 3248 1605 missa
3294 1550 3619 1618 importuna

332 1640 429 1695 illa
463 1643 812 1714 investigandi
843 1656 890 1701 et
921 1648 1246 1719 disquirendi
1276 1668 1454 1723 opera,
1477 1653 1845 1707 incunctanter
1868 1655 2250 1723 pronuntiavit,
2281 1651 2403 1708 Non
2446 1661 2574 1709 sunt
2596 1647 2899 1704 Athanasii.
2935 1644 3036 1701 Cui
3062 1659 3155 1698 nos
3181 1643 3299 1713 pari
3328 1638 3617 1711 facilitate

334 1734 656 1806 reponimus,
685 1739 819 1795 Sunt
850 1743 1135 1799 Athanasii
1167 1762 1182 1799 :
1209 1762 1242 1799 a
1262 1763 1367 1817 qua
1390 1764 1445 1802 re
1473 1748 1641 1804 denuo
1666 1749 2055 1820 comprobanda
2078 1764 2171 1803 nos
2207 1748 2468 1814 exemisti,
2491 1745 2527 1801 d
2547 1761 2635 1799 um
2667 1744 2801 1798 nihil
2833 1742 2991 1811 affers
3024 1755 3126 1809 quo
3157 1745 3229 1789 tot
3263 1735 3609 1804 scriptorum

335 1828 654 1892 testimonia,
684 1841 856 1902 totque
881 1835 990 1888 alia
1025 1837 1381 1909 γνησιὸτητος
1407 1852 1716 1910 argumenta
1739 1859 1868 1897 conv.

2085 1841 2232 1896 Vemo
2261 1857 2387 1895 sane
2424 1838 2574 1895 nobis
2611 1839 2788 1893 dicam
2822 1835 3103 1905 impingat,
3128 1829 3265 1902 quod
3299 1843 3364 1882 ea:
3392 1827 3614 1897 affectu

333 1917 412 1976 rel
438 1921 790 1991 pmjudicata
823 1928 1064 1995 opinione
1098 1931 1284 1996 spuria
1320 1932 1399 1986 vel
1427 1932 1589 1986 dubia
1632 1949 1789 2003 opera
1816 1948 1910 2002 pro
1939 1933 2202 2003 germanis
2238 1941 2287 1986 et
2325 1932 2540 1985 assertis
2594 1930 2894 1983 dederimus
2926 1940 2944 1977 :
2973 1941 3096 1981 nam
3128 1937 3223 1993 pro
3253 1920 3412 1981 virili.
3437 1927 3495 1972 ει
3534 1924 3600 1970 ατ

334 2016 472 2087 u'qui
504 2019 642 2071 ratio
681 2021 1010 2089 postulabat,
1050 2025 1262 2090 νοθείας
1289 2026 1365 2081 vel
1405 2029 1764 2101 γνησιότητος
1790 2039 1941 2084 notas
1978 2030 2269 2101 quibusque
2305 2027 2701 2098 praemisimus:
2739 2042 2801 2081 ac
2831 2025 2953 2080 licet
2986 2021 3168 2090 cuique
3199 2016 3419 2072 liberum
3461 2031 3596 2071 sen-

335 2111 514 2165 tentia:
551 2114 826 2169 adversum
858 2133 951 2172 nos
980 2119 1209 2188 ferenda'
1255 2124 1539 2177 arbitrium
1568 2127 1840 2180 mittamus
1864 2167 1880 2193 ,
1920 2127 1965 2180 si
1999 2126 2117 2197 quis
2165 2134 2340 2179 tamen
2375 2124 2511 2179 hanc
2539 2123 2862 2194 provinciam
2894 2120 3069 2184 adeat,
3107 2114 3315 2170 nonnisi
3338 2112 3592 2168 excussis

334 2207 656 2272 argumentis
682 2217 732 2262 et
764 2214 924 2273 notis,
954 2228 1084 2281 quas
1109 2230 1203 2284 pro
1231 2216 1488 2286 facultate
1525 2223 1840 2276 tractatibus
1878 2221 2104 2291 singulis
2147 2221 2537 2291 prtsmisimus,
2563 2219 2766 2289 judicis
2808 2226 2857 2272 et
2892 2214 3124 2270 censoris
3156 2218 3333 2283 partes
3367 2217 3598 2289 aequ?“

402 2293 674 2356 Lectorem
704 2317 911 2360 monere
931 2304 1105 2373 juvat,
1151 2306 1605 2364 Commentarium
1643 2311 1809 2365 alium
1839 2311 2123 2365 Athanasii
2153 2313 2359 2365 nomine
2391 2310 2519 2379 ferri
2551 2311 2603 2362 in
2635 2306 2946 2362 bibliotheca
2977 2302 3286 2358 Iustiniano
3320 2298 3588 2358 Venetiis.

331 2389 486 2460 inque
512 2391 863 2449 Ambrosiana
891 2396 1202 2466 Mediolani,
1238 2417 1457 2470 prorsus
1499 2404 1763 2457 diversum
1796 2402 1859 2456 ab

2103 2403 2253 2473 cujus
2289 2402 2503 2456 initium
2534 2417 2553 2454 :
2578 2400 2644 2454 Ἦ
2681 2400 2779 2472 μὲν
2822 2397 3128 2471 προφητεία
3162 2393 3469 2466 πληροῦται
3516 2393 3604 2455 είς

330 2481 423 2536 τὸν
476 2484 673 2555 Ἰωσὴφ
696 2487 786 2550 τὸν
829 2488 1201 2559 Ἀριμαθαίον.
1254 2491 1357 2547 Sed
1402 2510 1520 2547 cum
1560 2511 1592 2547 a
1629 2494 1831 2547 nemine

2085 2510 2193 2547 rum
2226 2501 2563 2559 memoretur,
2607 2490 2686 2546 uel
2735 2490 2953 2546 alterius
2986 2497 3162 2542 nostro
3190 2486 3399 2559 gentilis
3433 2500 3579 2553 Opus

332 2574 512 2650 fuerit,
555 2575 633 2630 uel
667 2576 1023 2634 Athanasium
1052 2580 1205 2635 illum
1241 2599 1489 2655 magnum
1528 2587 1831 2639 ementitur.

400 2793 673 2879 street.
693 2799 1900 2879 “AMANASJI-IAECHIEPISCOPI
1931 2821 1976 2879 Α

2009 2817 2092 2871 ΤΟ
2104 2817 2149 2867 Υ
2167 2815 2393 2867 ΑΓΙΟΥ
2409 2812 2798 2868 ΑΘΑΛἏΣΙΟΥ
2820 2805 3400 2863 ΑΡΧΙΕΠῙΣΚΟΠΟΥ
3419 2803 3611 2859 ΑΔΕ-

432 2864 984 2940 ᾼᾸῙξΧΑΝΠΒῘΝΡ,
1011 2861 1371 2931 Αιξουπειν
1382 2861 1532 2934 TUM
1566 2861 1665 2935 1N
1683 2861 1901 2938 P3211."-

2072 2884 2487 2944 ΞΑΝΔΡΕΙΑΣ
2562 2881 2927 2937 ΥΠΟΘΕΣΙΣ
2988 2875 3118 2932 ΕΙΣ
3182 2878 3360 2931 ΊῸΥΣ
3412 2876 3609 2929 ΨΑΛ-

435 2936 490 2990 Μ
499 2935 606 2993 OS.

400 3050 460 3112 ιιι
493 3051 760 3112 Hebraico
790 3057 932 3113 libro
957 3056 1323 3127 Psalmorum,
1354 3063 1473 3118 siue
1503 3066 1718 3122 numeri
1745 3067 1902 3123 addi-

330 3144 480 3201 tione
523 3162 714 3203 omnes
764 3149 958 3219 psalmi
1030 3152 1275 3233 inscripti
1315 3164 1479 3221 sunt,
1533 3165 1695 3227 atque
1735 3159 1904 3215 variis

332 3236 529 3293 modis.
584 3235 691 3293 Alii
740 3240 959 3311 quidem
1006 3257 1112 3297 una
1158 3243 1357 3312 juncti,
1414 3246 1507 3302 alii
1560 3248 1719 3304 divisi
1752 3259 1929 3311 sunt-

332 3328 526 3386 Statim
548 3330 746 3402 quippe
784 3332 852 3387 ab
876 3332 1028 3388 initio
1048 3335 1254 3403 primus
1281 3346 1336 3391 et
1360 3339 1634 3395 secundus
1669 3341 1722 3395 in
1752 3351 1902 3397 textu

332 3420 597 3480 llebraico
636 3424 991 3493 copulantur;
1028 3436 1215 3481 contra
1247 3443 1378 3485 vero
1401 3445 1599 3496 nanus,
1632 3432 1730 3502 qui
1759 3434 1904 3503 apud

330 3528 432 3571 nos
458 3515 782 3583 coniunctus
807 3526 910 3582 est,
961 3518 1014 3572 in
1051 3517 1316 3577 Hebraico
1365 3532 1511 3579 textu
1542 3524 1803 3581 dividitur
1848 3526 1901 3582 in

329 3604 487 3660 duos.
537 3604 708 3662 Totus
751 3621 918 3676 porro
963 3607 1305 3666 Psalmorum
1363 3612 1501 3668 liber
1550 3615 1605 3668 in
1658 3615 1904 3686 quinque

328 3703 513 3771 partes
543 3696 869 3751 distributus
901 3706 1000 3755 est.
1055 3698 1465 3757 Observandum
1496 3713 1580 3759 est
1602 3712 1780 3759 autem
1812 3720 1905 3759 or—

330 3786 511 3842 dinem
561 3788 893 3857 psalmorum
956 3807 1301 3861 nequaquam
1338 3793 1580 3849 historiae
1608 3805 1661 3849 et
1691 3805 1903 3866 tempo-

332 3892 452 3934 rum
484 3879 682 3933 seriem
733 3891 788 3935 et
845 3882 1112 3937 rationem
1156 3892 1371 3948 tenere;
1412 3900 1596 3939 rerum
1628 3886 1683 3939 in
1715 3888 1902 3943 multis

332 3969 529 4023 mutari
572 3978 873 4041 temporum
922 3973 1191 4038 ordinem,
1227 3983 1288 4029 ut
1339 3986 1736 4033 commonstrat
1768 3979 1902 4035 liber

334 4055 668 4128 Regnorum.
713 4062 849 4116 Cum
884 4065 1031 4118 euim
1070 4062 1333 4121 Iudaicus
1362 4068 1598 4136 populus
1628 4069 1899 4126 idolorum

2071 2957 2168 3008 ΜΟ
2181 2954 2288 3007 ΥΣ.

2085 3066 2173 3119 Ἑν
2199 3066 2267 3136 τῇ
2314 3063 2572 3136 Ἐϐραῖκῇ
2602 3062 2767 3134 βίϐλῳ
2791 3060 2900 3115 τῶν
2927 3059 3173 3131 Ψαλμῶν
3199 3060 3327 3116 ἄνευ
3360 3060 3462 3131 τῆς
3504 3058 3604 3113 τοῦ

2002 3153 2237 3227 ἀριθμοῦ
2268 3151 2584 3225 προσθήκης
2617 3150 3005 3224 ἀνεγράφησαν
3031 3152 3080 3203 οἱ
3116 3151 3315 3215 πάντες
3344 3150 3438 3204 καὶ
3476 3149 3604 3203 δια-

2003 3247 2183 3318 φόρως
2203 3262 2216 3275 ·
2257 3246 2308 3298 οἱ
2346 3244 2444 3315 μέν
2469 3247 2573 3297 εἰσι
2597 3242 2951 3315 συνημμένοι,
2975 3243 3024 3297 oi
3048 3242 3104 3296 δὲ
3125 3242 3464 3316 διῃρημένοι.
3490 3241 3606 3294 Αὑ-

2001 3339 2129 3394 τίκα
2158 3337 2289 3408 γοῦν
2323 3340 2352 3391 ὀ
2393 3336 2607 3408 πρῶτος
2632 3336 2726 3389 καὶ
2753 3337 2780 3388 ὁ
2807 3334 3058 3407 δεύτερος
3092 3335 3230 3389 κατὰ
3259 3334 3326 3388 τὸ
3374 3333 3601 3406 Ἐϐραῖ-

1970 3471 1973 3474 ‹
2003 3429 2097 3484 κδν
2118 3426 2452 3501 συνημμένοι
2468 3444 2482 3459 ο
2519 3427 2613 3481 καὶ
2641 3427 2802 3482 πάλιν
2821 3430 2849 3481 ὁ
2869 3426 3074 3491 ἔνατος,
3096 3427 3435 3498 συνημμένος
3460 3425 3604 3498 παρ’

2002 3522 2157 3593 ἡμῖν,
2190 3521 2248 3574 ὲν
2274 3519 2353 3591 τῷ
2393 3518 2664 3592 Ἑϐραῖκῷ
2693 3519 2944 3592 διῄρηται
2998 3523 3079 3584 είς
3124 3518 3236 3574 δύο.
3301 3520 3409 3574 Καὶ
3441 3521 3602 3573 πᾶσα

2001 3611 2058 3665 δὲ
2092 3610 2258 3684 ἡτῶν
2289 3610 2536 3683 Ψαλμῶν
2570 3609 2749 3682 βίϐλος
2798 3613 2879 3675 είς
2929 3610 3071 3682 μέρη
3122 3611 3281 3664 πέντε
3314 3609 3597 3681 διῄρηται.

2003 3702 2428 3775 Παρατηρητέον
2459 3702 2552 3767 δὲ,
2586 3703 2669 3756 ὅτι
2705 3701 2778 3772 μὴ
2810 3701 2954 3755 κατὰ
2995 3701 3312 3755 ἀκολουθίαν
3348 3700 3455 3754 τῶν
3489 3701 3602 3772 τῆς

2006 3793 2247 3866 ἱστορίας
2263 3792 2470 3865 χρόνων
2490 3794 2524 3863 ὴ
2547 3792 2652 3846 τῶν
2667 3791 2913 3862 Ψαλμῶν
2935 3791 3218 3860 σύγκειται
3235 3791 3389 3858 τάξις
3409 3808 3420 3819 ·
3446 3791 3601 3862 ἐνήλ-

2001 3878 2200 3933 λακται
2232 3879 2289 3932 δὲ
2316 3880 2468 3952 παρὰ
2490 3879 2703 3941 πολλοῖς
2729 3882 2843 3942 τοῖς
2869 3880 3102 3951 χρόνοις,
3128 3880 3204 3943 ὼς
3222 3883 3255 3951 ἡ
3281 3879 3461 3950 βίϐλος
3484 3879 3601 3933 τῶν
3668 3904 3672 3914 ι

2002 3971 2297 4024 Βασιλειῶν
2327 3970 2493 4042 δηλοῖ.
2555 3970 2763 4042 Πολλῆς
2794 3970 2905 4041 γὰρ
2943 3969 3386 4042 είδωλολατρείας
3424 3987 3600 4045 κατα-

2002 4059 2357 4131 κρατησάσης
2383 4057 2476 4113 τοῦ
2507 4059 2616 4112 τῶν
2657 4057 2927 4114 Ἰουδαίων
2959 4059 3176 4125 ἔθνους,
3197 4059 3367 4131 λήθην
3395 4061 3600 4126 αὐτοὺς

333 4149 499 4206 cultui
517 4151 807 4207 admodum
826 4153 1076 4210 addictus
1099 4164 1262 4221 esset,
1284 4158 1337 4209 in
1357 4172 1628 4213 summam
1649 4168 1868 4229 paterna

2085 4150 2333 4221 ποιῆσθαι
2352 4151 2459 4208 τῶν
2479 4150 2760 4224 πατρικῶν
2778 4151 3033 4224 Γραφῶν,
3055 4152 3130 4216 ὡς
3152 4152 3285 4223 μηδὲ
3305 4151 3597 4222 φαίνεσθαι

333 4257 453 4299 rum
474 4240 880 4314 Scripturarum
903 4245 1232 4303 oblivionem
1260 4261 1546 4317 venerunt,
1566 4267 1738 4322 usque
1765 4252 1904 4309 adeo

332 4342 392 4391 ut
435 4349 503 4388 ne
530 4334 781 4391 Mosaicae
809 4336 1028 4407 quidem
1059 4336 1193 4408 legis
1226 4339 1365 4393 liber
1395 4350 1772 4410 compareret,
1804 4358 1903 4398 nec

330 4424 608 4494 quidpiam
627 4435 863 4496 paterna:
883 4426 1097 4499 pietatis
1116 4444 1280 4499 penes
1297 4429 1444 4503 ipsos
1457 4430 1719 4502 reliquum
1734 4442 1900 4488 esset.

329 4514 465 4569 (tum
486 4514 669 4584 itaque
685 4519 1416 4589 prophetasinteremissent,
1439 4522 1584 4592 quod
1605 4536 1793 4576 eorum
1810 4524 1905 4578 im-

330 4604 557 4674 pietates
582 4619 959 4677 coarguerent,
999 4626 1064 4665 ac
1086 4624 1372 4682 propterea
1412 4613 1463 4666 in
1492 4629 1688 4669 manus
1737 4615 1902 4686 Assy—

330 4694 536 4750 riorum
557 4697 759 4765 traditi,
783 4698 837 4753 in
857 4701 1223 4769 captivitatem
1256 4706 1472 4759 abducti
1497 4704 1765 4774 fuissent;
1794 4708 1897 4762 sub

330 4785 441 4841 haec
454 4787 674 4856 quidam
694 4790 978 4860 propheta,
998 4793 1091 4862 qui
1110 4790 1452 4865 Synagoaam
1470 4811 1660 4851 eorum
1681 4807 1900 4854 strenue

327 4880 583 4948 curabat;
613 4897 738 4937 cum
772 4883 894 4938 aliis
924 4881 1222 4955 Scripturis
1256 4887 1454 4942 librum
1495 4904 1714 4959 quoque
1744 4889 1899 4945 Psal-

330 4986 541 5026 morum
565 4972 781 5045 cullegit
809 4988 824 5028 :
856 4991 965 5029 non
989 4975 1135 5045 quod
1179 4973 1344 5029 simul
1388 4993 1608 5048 unoque
1659 4989 1901 5050 tempore

328 5062 572 5130 psalmos
614 5081 804 5123 omnes
839 5066 1118 5137 repererit.
1150 5068 1243 5122 sed
1264 5067 1497 5124 diversis
1528 5070 1897 5139 temporibus;

328 5168 391 5208 ac
407 5155 612 5224 primos
630 5158 821 5213 ordine
838 5159 1125 5229 posuiteos
1139 5160 1231 5229 qui
1256 5160 1417 5230 primi
1435 5162 1631 5231 reperti
1651 5160 1895 5217 fuerant:

328 5261 439 5315 quo
487 5245 692 5304 factum
735 5261 820 5307 est
856 5260 997 5307 utne
1034 5267 1225 5306 omnes
1259 5252 1478 5321 quidem
1534 5251 1707 5321 ipsius
1738 5252 1900 5307 Davi-

328 5336 411 5392 dis
447 5338 641 5407 psalmi
687 5343 878 5398 ordine
916 5354 1211 5413 ponantur,
1242 5351 1404 5413 atque
1442 5344 1634 5414 psalmi
1664 5345 1896 5400 liliorum

326 5423 486 5492 Core,
508 5436 562 5483 et
587 5429 770 5503 Asaph
801 5441 855 5488 et
882 5433 1209 5498 Salomonis,
1233 5432 1399 5489 Musis
1415 5450 1652 5506 quoque,
1674 5433 1897 5490 [Etham

388 5588 464 5654 ω
482 5589 609 5645 Vide
631 5598 749 5649 tom.
792 5594 875 5646 XV
892 5631 908 5662 ,
967 5594 1101 5646 inter
1125 5593 1499 5658 Prolegomena.
1528 5595 1660 5647 Eon.
1687 5595 1840 5649 Ρλτιι.

2006 4240 2185 4310 βίϐλον
2212 4241 2308 4295 τοῦ
2336 4242 2580 4307 Μωσέως
2606 4242 2773 4314 νόμου
2797 4282 2813 4306 ,
2868 4244 3002 4315 μηδὲ
3038 4244 3144 4316 μὴν
3171 4245 3269 4316 τῆς
3291 4244 3398 4300 τῶν
3424 4245 3599 4298 πατέ-

2008 4349 2115 4407 ρων
2143 4332 2425 4398 εὑσεϐείας
2457 4352 2509 4387 τι
2545 4332 2811 4400 σώζεσθαι
2870 4337 2998 4408 παρ’
3037 4338 3241 4401 αὐτοῖς.
3300 4339 3427 4391 Ὅτε
3456 4336 3598 4405 γοῦν

2004 4423 2096 4479 καὶ
2122 4425 2247 4488 τοὺς
2281 4426 2567 4499 προφήτας
2597 4426 2833 4500 ἀνῄρουν
2851 4468 2866 4493 ,
2888 4428 3266 4500 διελέγχοντας
3292 4429 3469 4482 αὐτῶν
3491 4429 3598 4493 τὰς

2002 4511 2351 4580 δυσσεϐείας,
2402 4515 2498 4569 καὶ
2551 4515 2754 4569 τούτων
2804 4515 2967 4571 ἓνεκα
3013 4519 3074 4570 τὸ
3110 4517 3324 4588 πρῶτον
3357 4520 3423 4588 τῇ
3478 4517 3597 4571 τῶν

2016 4604 2313 4676 Ἀσσυρίων
2347 4606 2723 4678 παρεδόθησαν
2752 4608 3099 4681 αἰχμαλωσίᾳ
3118 4624 3132 4637 °
3182 4608 3319 4681 μετὰ
3339 4608 3395 4661 δὲ
3419 4608 3596 4665 ταῦτά

2000 4713 2128 4751 τινα
2170 4697 2278 4751 τῶν
2328 4700 2658 4771 προφητῶν,
2714 4703 2843 4772 περὶ
2898 4701 2998 4771 τῆς
3044 4705 3362 4773 συναγωγῆς
3410 4704 3595 4759 αὐτῶν

2002 4788 2390 4854 ἐσπουδακότα,
2422 4791 2563 4862 μετά
2582 4809 2645 4860 γε
2666 4791 2774 4845 τῶν
2801 4790 3004 4847 λοιπῶν
3038 4795 3130 4847 καὶ
3148 4794 3246 4867 τὴν
3278 4794 3455 4866 βίϐλον
3478 4796 3594 4850 τῶν

2000 4880 2247 4953 Ψαλμῶν
2297 4885 2727 4957 συναγηοχέναν
2767 4887 2868 4939 οὐκ
2920 4885 3134 4957 ἀθρόως
3186 4888 3413 4961 εὑρόντα
3463 4889 3593 4951 τοὺς

2002 4974 2209 5039 πάντας
2228 5016 2243 5040 ,
2271 4976 2404 5033 ἀλλὰ
2436 4976 2579 5031 κατὰ
2610 4976 2901 5050 διαφόρους
2926 4979 3151 5051 χρόνους
3171 4997 3185 5010 ·
3233 4980 3591 5035 κατατάττειν

1999 5065 2055 5118 δὲ
2080 5067 2137 5118 ἐν
2161 5066 2400 5139 πρώτοις
2430 5069 2555 5133 τοὺς
2592 5067 2840 5142 πρώτους
2862 5071 3311 5143 εὑρισκομένους·
3342 5072 3423 5126 διὸ
3453 5071 3591 5143 μηδὲ

1997 5158 2093 5213 τοῦ
2125 5160 2285 5212 ΔαυῙό
2312 5159 2512 5231 ἑφεξῆς
2537 5160 2889 5216 εὑρίσκεσθαι
2923 5162 3049 5226 τοὺς
3074 5162 3301 5229 πάντας,
3332 5163 3388 5216 ὲν
3420 5162 3476 5215 δὲ
3511 5161 3589 5232 τῷ

2003 5255 2203 5325 μεταξὺ
2235 5257 2328 5308 καὶ
2356 5254 2463 5308 τῶν
2485 5255 2618 5309 υἱῶν
2645 5256 2811 5319 Kree,
2841 5256 2936 5309 καὶ
2958 5255 3051 5309 τοῦ
3089 5254 3282 5324 Ἀσάφ,
3311 5256 3405 5308 καὶ
3434 5254 3590 5308 Σολο-

2003 5345 2228 5417 μῶντος,
2262 5346 2355 5400 καὶ
2376 5345 2641 5413 Μωσέως,
2669 5348 2851 5418 Δίθάμ
2888 5364 2945 5400 τε
2979 5345 3072 5402 τοῦ
3109 5347 3463 5419 Ἰσραηλίτου,
3493 5346 3588 5402 καὶ

2000 5438 2210 5509 Δίμὲν,
2241 5438 2337 5493 xui.
2363 5438 2524 5495 πάλιν
2556 5438 2650 5493 τοῦ
2680 5436 2879 5504 σΔαυτδ,
2912 5436 3265 5510 εὑρίσκεσθαι
3298 5436 3498 5510 ἀναμὶξ
3526 5437 3584 5491 ἐν
