3698 6268
291 151 360 209 59
1133 162 1188 217 S.
1231 163 1604 224 ATHANASII
1645 165 1796 222 OPP.
1842 167 2024 223 PARS
2063 167 2151 223 ill.
2191 196 2261 211 —-
2296 165 2707 223 EXEGETICA.
3504 165 3586 217 σο

357 273 493 327 Cum
559 275 819 345 propheta
868 288 1012 335 esset
1073 279 1264 348 David,
1306 295 1468 355 atque
1510 287 1817 342 interioribu

2120 306 2154 342 τι
2185 289 2466 360 προφήτης
2491 289 2749 359 ὑπάρχων
2772 285 2800 336 6
2821 285 3004 346 Δαυῒδ,
3036 286 3130 338 καὶ
3159 285 3580 355 ἡνεῳγμένους

291 363 492 432 apertis
533 365 726 430 oculis,
764 366 928 434 probe
953 379 1139 424 nosset
1167 371 1435 442 malignos
1472 376 1695 443 spiritus
1727 393 1751 445 ε

2126 382 2251 443 τοὺς
2281 381 2424 433 ἔνδον
2451 380 2761 450 ὀφθαλμοὺς
2783 419 2797 442 ,
2830 379 2923 432 καὶ
2957 376 3110 441 εἰδὼς
3134 418 3148 440 ,
3180 377 3260 430 ὅτι
3288 378 3576 447 χαίρουσι

291 455 418 507 dere
447 455 511 508 de
548 455 701 524 lapsu
751 457 1060 523 hominum,
1121 470 1175 515 et
1217 473 1406 517 contra
1467 463 1651 518 dolere
1703 481 1751 534 qi

2115 469 2259 523 εώσει
2296 471 2405 523 τῶν
2435 470 2735 542 ἀνθρώπων
2764 469 2833 522 τὰ
2865 469 3078 538 πονηρὰ
3108 469 3428 535 πνεύματα,
3466 464 3575 517 καὶ

291 547 465 600 victos
505 546 570 601 de
601 548 914 604 earumdem
965 553 1337 622 resipiscentia
1371 565 1425 609 et
1455 557 1751 610 emendatic

2114 579 2127 612 ι
2154 559 2566 614 ἀντιλυποῦνται
2594 559 2880 631 ἡττώμενα
2906 559 2998 610 ἐπὶ
3031 561 3096 628 τῇ
3123 557 3414 628 διορθώσει
3447 555 3574 607 τῶν

292 641 616 711 intelligibili
665 658 730 697 ac
766 647 1036 714 spirituali
1074 649 1236 703 modo
1270 651 1546 703 orationes
1563 649 1752 704 advers

2110 651 2284 714 ιῢπων,
2303 653 2521 717 πάντως
2545 655 2624 706 ὅτι
2658 650 2861 722 νοητῶς
2887 650 2986 714 τὰς
3011 653 3128 704 κατ’
3157 649 3332 704 αὐτῶν
3370 665 3570 719 προσ-

205 801 214 808 ,
291 733 414 788 illos
456 736 766 802 emittebat;
810 754 876 793 ex
921 740 989 795 iis
1020 740 1266 796 hostibus
1305 742 1397 811 qui
1444 742 1548 796 sub
1579 757 1665 811 as;

2112 761 2128 808 ;
2166 748 2416 810 ἐποιεῖτο,
2449 746 2513 798 ἐκ
2541 744 2649 797 τῶν
2681 742 2950 811 αἰσθητῶν
3003 741 3208 811 ἐχθρῶν
3242 739 3382 812 πρὸς
3411 737 3572 790 αὐτὰ

291 826 493 880 cadunt
515 839 794 897 assumpta
833 832 1168 900 metaphora.
1203 829 1318 885 Nisi
1349 832 1494 886 enim
1528 832 1628 885 hac
1652 835 1751 885 rati

2111 831 2451 902 Βαλλόμενος.
2500 833 2562 885 Et
2593 833 2700 903 γὰρ
2731 833 2804 902 μὴ
2833 831 2973 883 κατὰ
3011 829 3196 883 τοῦτον
3218 829 3308 883 τὸν
3336 828 3571 900 τρόπον

291 918 675 988 propin-tarum
735 937 960 990 scopum
1014 925 1475 993 interpretemur,
1529 941 1634 978 uon
1699 941 1750 978 m

2111 924 2284 994 ΰωμεν
2308 926 2396 978 τὸν
2421 925 2618 978 σκοπὸν
2641 924 2748 977 τῶν
2778 925 3088 996 προφητῶν,
3112 924 3173 977 οὐ
3205 924 3364 994 μόνον
3399 921 3571 974 οὐδε-

292 1005 490 1057 nullaut
526 1007 719 1061 anima:
748 1009 1054 1076 utilitatem,
1085 1027 1150 1065 ex
1184 1028 1372 1065 eorum
1405 1013 1584 1076 dictis,
1610 1013 1677 1067 ad
1707 1031 1752 1066 ni

2125 1017 2411 1086 οἰκοδομὴν
2452 1019 2515 1069 ἐκ
2545 1016 2651 1069 τῶν
2693 1018 2822 1086 παρ’
2857 1016 3040 1078 αὐτοῖς
3067 1015 3372 1086 εἰρημένων
3411 1010 3569 1082 πρὸς

293 1098 634 1152 suetudinem
697 1099 1140 1169 adipiscendam,
1190 1105 1607 1173 percipiemus;
1673 1121 1753 1160 vel

2112 1126 2159 1160 ιν
2213 1109 2516 1179 πραότητος
2572 1107 2798 1177 ἕξομεν,
2872 1107 3004 1160 ἀλλὰ
3031 1107 3124 1160 καὶ
3173 1105 3422 1176 σκληρὰν
3479 1119 3572 1156 τι-

292 1189 456 1242 eliam
503 1190 556 1243 iu
590 1205 836 1258 asperam
863 1193 1152 1262 quamdam
1189 1204 1351 1262 atque
1389 1195 1715 1264 evangelicae

2109 1197 2144 1249 tl.
2165 1198 2411 1252 ἐναντίαν
2435 1200 2534 1268 τῆς
2556 1199 2916 1268 εὐαγγελικῆς
2937 1197 3280 1261 διδασκαλίας
3303 1195 3569 1250 διάθεσιν

294 1282 482 1337 ctrina:
523 1285 806 1338 adversam
850 1286 1019 1340 animi
1062 1287 1320 1341 duritiem
1365 1303 1431 1342 ex
1485 1287 1752 1358 frequenti

2106 1290 2346 1360 ηψόμεθα
2368 1293 2431 1344 ὲκ
2453 1290 2545 1343 τοῦ
2570 1290 2928 1360 κατεύχεσθαι
2948 1290 3155 1361 συχνῶς
3175 1290 3280 1342 τῶν
3307 1287 3408 1358 ὲχθ
3419 1287 3566 1359 ρῶν,

295 1374 554 1430 adversus
573 1377 822 1432 inimicos
848 1379 1102 1445 precibus
1119 1380 1454 1446 delabemur,
1480 1388 1688 1434 tantum
1707 1380 1755 1433 al

2108 1381 2181 1450 μὴ
2230 1382 2480 1452 ἀγαπᾷνο
2532 1383 2880 1454 μυριοντάκις
2910 1381 3159 1448 λέγοντος
3210 1378 3303 1432 τοῦ
3359 1376 3567 1436 Δαυῒδ.

293 1476 355 1518 ut
392 1466 684 1534 diligamus
731 1469 871 1524 illos.
905 1468 1039 1524 Nam
1091 1472 1396 1526 sexcenties
1440 1471 1516 1524 ait
1561 1470 1725 1524 David

2111 1473 2450 1541 ξυνθείησαν
2465 1474 2559 1526 καὶ
2583 1474 3022 1540 ἐντραπείησαν
3035 1470 3254 1536 πάντες
3269 1472 3322 1524 οι
3342 1468 3571 1536 ἐχθροί

295 1553 702 1624 Coufundanlur
723 1567 769 1611 et
785 1559 981 1627 pudore
1000 1562 1296 1629 aﬂiciantur
1315 1576 1490 1614 omnes
1511 1561 1710 1614 inimici
1736 1579 1755 1614 π

2168 1563 2266 1616 καὶ
2295 1562 2381 1632 μὴ
2427 1565 2822 1631 αἰσχυνθείην
2855 1562 2988 1633 ἐγώ.
3027 1561 3209 1616 Ταῦτα
3231 1561 3289 1614 δὲ
3329 1558 3444 1612 οὑκ
3495 1557 3571 1610 ἂν

293 1655 342 1699 et
377 1643 479 1698 nari
520 1647 814 1715 confundar
854 1665 967 1718 ego.
1014 1649 1226 1704 Similia
1266 1651 1409 1705 enim
1469 1665 1536 1705 ne
1579 1653 1753 1706 credat

2108 1653 2315 1724 θείημεν
2344 1653 2516 1717 οὕτως
2549 1654 2828 1724 εἰρηκέναι
2876 1654 3072 1724 ἄνδρας
3112 1651 3400 1723 προφήτας
3460 1649 3568 1700 καὶ

294 1737 496 1792 dixisse
542 1739 687 1793 viros
731 1740 1018 1808 prophetas
1062 1752 1115 1796 et
1163 1743 1367 1797 amicos
1402 1741 1493 1797 Dei
1546 1743 1654 1797 alio
1697 1760 1754 1812 qt

2108 1763 2153 1808 ›ς
2174 1745 2330 1807 Θεοῦ,
2358 1749 2406 1798 εἰ
2432 1746 2504 1816 μὴ
2524 1745 2603 1816 τῶ
2627 1747 3009 1817 προειρημένῳ
3027 1746 3231 1817 τρόπῳ.
3257 1741 3424 1798 Οὕτω
3446 1742 3568 1812 γὰρ

295 1829 542 1899 superius
572 1847 598 1883 a
630 1833 785 1888 nobis
809 1835 1078 1902 explicato
1102 1851 1272 1891 more.
1307 1835 1481 1904 Atque
1505 1837 1576 1890 ita
1603 1837 1749 1891 intell

2108 1838 2238 1888 νοεῖν
2267 1835 2357 1888 τὸν
2393 1836 2676 1906 φιλόπονον
2697 1876 2711 1899 ,
2761 1837 2886 1890 ἔνθα
2913 1837 2977 1890 ἂν
3011 1834 3368 1907 ἐπαρώμενον
3399 1833 3568 1904 εὖροι

295 1928 508 1986 oportet
556 1921 636 1974 vir
693 1923 928 1992 quisque
967 1925 1191 1980 sedulus
1231 1941 1295 1979 ac
1336 1925 1638 1989 studiosus,
1687 1927 1755 1982 sit

2105 1928 2254 1997 ’ήτην
2273 1966 2288 1990 ν
2317 1928 2407 1980 ὲπί
2431 1929 2557 1992 τοὺς
2582 1930 2803 2000 νοητοὺς
2832 1928 3056 2000 ἐχθροὺς
3080 1927 3186 1981 ἀπὸ
3211 1927 3318 1980 τῶν
3350 1923 3565 1993 αἰσθη-

297 2015 678 2081 imprecautem
718 2016 1038 2084 prophetam
1081 2017 1342 2082 inveniat,
1380 2017 1448 2071 ab
1483 2018 1732 2072 hostibus

2108 2018 2526 2088 μεταόἀλλοντα.
2579 2021 2777 2073 Λοιπὸν
2805 2020 2868 2089 δὴ
2901 2017 3404 2090 κατασχολάςεσθαι
3458 2016 3567 2070 τὸν

297 2104 397 2157 sub
429 2121 647 2160 sensum
690 2107 892 2161 cadunt
917 2107 986 2162 ad
1034 2107 1398 2177 iutelligibiles
1432 2107 1684 2162 inimicos
1721 2106 1757 2161 fa

1741 2118 1860 2163 acta
1968 2110 2212 2181 ἀσκητὴν
2244 2112 2443 2174 παντὸς
2469 2113 2708 2184 ῥήματος
2733 2112 2833 2183 τὴν
2858 2113 3201 2182 κατανόησιν.

296 2195 669 2252 translatione.
719 2196 950 2252 Demum
983 2213 1179 2253 vacare
1209 2207 1428 2269 oportet
1474 2207 1715 2254 ascetam
1766 2198 2102 2270 singulorum
2137 2203 2427 2258 verborum
2467 2203 2852 2275 intelligentia.

365 2361 412 2393 "
450 2363 593 2418 Psal.
649 2381 836 2433 xxxiv,
869 2367 924 2423 4.

981 2732 1660 2892 SANCTI
1810 2731 2847 2892 ATHANASII

1396 3045 1923 3105 ARCHIEPISCOPI
1960 3046 2432 3104 ALEXANDRINI

735 3246 1885 3377 EXPOSITIONES
2033 3248 2196 3373 IN
2325 3246 3088 3379 PSALMOS.

843 3635 1261 3692 PSALMUS
1314 3636 1365 3691 1.
1889 3642 1932 3699 C

1889 3642 1932 3699 C
2480 3637 2880 3690 ΨΑΛΜΟΣ
2931 3639 3011 3690 Α’.

901 3727 1302 3797 Argumentum.

2598 3726 2918 3790 Ὑπόθεσις.

298 3813 512 3869 Initium
554 3817 848 3886 prophetia
880 3818 1100 3873 Christo
1141 3820 1210 3873 ab
1254 3818 1372 3887 ipso
1406 3818 1703 3874 secundum
1744 3835 1758 3874 ‹

2102 3819 2274 3890 ἀρχὴν
2301 3819 2399 3890 τῆς
2425 3818 2758 3890 προφητείας
2782 3817 2860 3889 τῷ
2887 3817 2946 3880 ἐξ
2973 3814 3134 3869 αὑτοῦ
3164 3816 3541 3890 τεχθησομένῳ

359 3923 480 3961 nem
505 3910 782 3965 nascituro
811 3909 968 3964 oﬂ'ert
995 3909 1183 3964 David.
1208 3911 1570 3976 Quamobrem
1597 3911 1649 3964 in
1675 3910 1813 3980 prim‘

2078 3908 2256 3980 ζριστῷ
2289 3908 2604 3978 ἀνατίθησιν
2624 3909 2651 3960 6
2675 3908 2854 3960 Δαυῖδ.
2883 3907 2972 3960 Διὸ
3004 3910 3060 3960 ὲν
3091 3906 3327 3978 πρώτοις
3355 3924 3538 3979 μακα-

362 4000 547 4056 beatos
573 4001 703 4057 dicit
732 4003 823 4072 qui
848 4011 1068 4071 sperant
1098 4003 1152 4056 in
1181 4019 1266 4058 eo.

2039 4001 2177 4072 ρέζει
2203 4000 2326 4063 τοὺς
2356 4002 2433 4062 εἰς
2462 3998 2620 4052 αὐτὸν
2653 3997 2967 4066 ἠλπικότας.

344 4089 586 4165 {Beatos
605 4103 782 4147 autem
809 4103 970 4147 vocat
993 4109 1088 4148 eos
1113 4094 1208 4163 qui
1240 4109 1348 4149 non
1375 4095 1579 4150 abeunt
1606 4095 1661 4150 in
1683 4111 1804 4151 cons

2077 4093 2381 4164 tlaxapiouc
2406 4091 2463 4144 δὲ
2493 4091 2645 4144 καλεί
2660 4093 2784 4153 τοὺς
2807 4091 2880 4160 μὴ
2909 4090 3267 4162 πορευθέντας
3287 4092 3342 4144 ὲν
3372 4090 3537 4162 βουλῇ

291 4182 423 4237 lium
458 4184 770 4253 impiorum,
807 4200 982 4254 neque
1011 4195 1158 4240 stant
1189 4187 1240 4240 in
1273 4188 1358 4241 via
1390 4196 1738 4257 peccatorum

2078 4181 2194 4245 δῶν,
2235 4182 2372 4252 μήτε
2409 4179 2518 4251 μὴν
2554 4180 2780 4244 στάντας
2807 4181 2863 4232 ὲν
2890 4180 2992 4252 ὀδῷ
3022 4181 3383 4254 ἁμαρτωλῶν,
3400 4183 3538 4252 μήτε

293 4289 399 4341 que
427 4275 616 4329 sedent
657 4275 709 4328 in
751 4275 1010 4330 cathedra
1057 4277 1444 4342 pestilentium.
1470 4276 1603 4332 Nam
1633 4288 1742 4334 tres

2079 4273 2344 4345 καθέδραν
2370 4271 2571 4342 λοιμῶν
2603 4270 3022 4341 καθεστηκότας.
3049 4273 3187 4339 Τρία
3217 4274 3322 4343 γὰρ
3361 4269 3430 4343 ἦν
3470 4272 3539 4324 τὰ

291 4361 447 4417 dines
481 4364 621 4432 apud
653 4361 866 4419 Iudaeos
898 4375 1054 4419 erant
1078 4377 1268 4421 contra
1314 4367 1651 4423 Salvatorem
1680 4369 1751 4424 in:

2077 4382 2216 4436 ματα
2259 4364 2408 4435 παρὰ
2447 4363 2718 4426 Ἰουδαίοις
2748 4362 2890 4416 κατὰ
2927 4363 3020 4416 τοῦ
3049 4365 3296 4435 Σωτῆρος
3335 4365 3537 4417 ἐπανα-

293 4464 500 4521 gentes,
542 4456 732 4510 scribae
772 4457 998 4525 scilicet,
1044 4458 1303 4514 Pharisaei
1347 4470 1400 4514 et
1422 4461 1737 4530 legisperiti,

2076 4475 2180 4516 ντα,
2213 4457 2579 4527 γραμματεῖς,
2610 4455 2912 4524 Φαρισαῖοι,
2944 4455 3037 4508 καὶ
3071 4453 3282 4524 νομικοί
3304 4471 3317 4484 ο
3360 4455 3409 4508 οἳ
3441 4453 3536 4508 καὶ

288 4543 410 4612 jure
452 4554 610 4614 atque
647 4549 840 4604 merito
891 4551 1064 4620 impii,
1098 4561 1413 4620 peccatores
1457 4560 1513 4607 et
1548 4553 1748 4620 pestilei

2072 4549 2208 4602 θεῖεν
2235 4530 2459 4610 εἰκότως
2490 4546 2706 4610 ἀσεϐεῖς
2739 4547 2832 4599 καὶ
2861 4545 3170 4615 ἁμαρτωλοὶ
3214 4546 3306 4599 κα)⁵
3334 4546 3532 4616 λοιμοί.

293 4646 692 4705 nuncupentur.
726 4639 823 4695 Via
854 4642 1051 4696 dicitur
1091 4643 1204 4699 hate
1232 4644 1366 4709 vita,
1395 4645 1524 4716 quia
1563 4645 1598 4699 ii
1629 4645 1721 4717 qui

2073 4646 2117 4702 ὃς
2149 4639 2246 4708 μὲν
2274 4641 2302 4690 6
2329 4638 2442 4708 βίος
2486 4637 2701 4707 εἴρηται
2729 4635 2814 4687 διὰ
2844 4637 2938 4705 τὴν
2967 4635 3101 4706 πρὸς
3137 4636 3196 4688 τὸ
3243 4636 3393 4700 τέλος
3425 4638 3533 4692 τῶν

291 4734 537 4792 scuntur,
569 4731 633 4783 ad
665 4731 823 4785 tinem
850 4731 1122 4802 pergunt.]

1121 4733 1122 4793 Ε
1959 4730 2312 4798 γεννωμένων
2344 4726 2581 4797 ἔπαξιν.]

374 4820 426 4873 1.
461 4819 658 4874 Beatus
696 4823 775 4874 vir
800 4824 886 4890 qui
921 4839 1021 4874 nou
1053 4823 1181 4876 abiit
1210 4825 1264 4877 iu
1299 4826 1518 4879 consilio
1552 4827 1830 4896 impiorum

2071 4819 2326 4888 Υακιὶριος
2351 4819 2504 4886 ἀνὴρ
2535 4819 2602 4883 ὃς
2626 4820 2736 4872 οὐκ
2763 4817 3051 4886 ἐπορεύθη
3078 4820 3148 4872 ἐν
3163 4819 3368 4889 βου.ὶῇ
3391 4819 3531 4875 ἀσε-

287 4906 475 4963 Potest
496 4911 784 4964 consilium
814 4910 1104 4977 impiorum
1137 4921 1312 4966 coetus
1335 4913 1440 4968 dici
1466 4930 1529 4969 ac
1559 4931 1746 4970 convei

2070 4927 2094 4962 '.
2126 4911 2358 4962 Δυνατὺν
2409 4910 2466 4962 δὲ
2509 4909 2700 4980 βουλὴν
2741 4910 2953 4964 ἀσεϐῶν
2987 4914 3158 4964 εἰπεῖν
3186 4912 3285 4982 τὴν
3317 4912 3530 4964 σύνοδον

289 5000 679 5068 improborum.
716 4999 960 5070 Cumque
1011 5002 1233 5056 noxium
1283 5004 1353 5058 sit
1397 5021 1516 5060 sese
1564 5007 1749 5075 impio:

2093 5001 2190 5070 τὴν
2217 5001 2521 5054 συνέλευσιν
2547 5001 2652 5054 τῶν
2678 5002 2948 5073 πονηρῶν.
2976 5004 3084 5056 Καὶ
3118 5004 3238 5056 ἐπεὶ
3271 5003 3529 5074 βλαϐερὸν

289 5092 519 5146 coetibus
558 5093 883 5156 immiscere,
915 5094 1132 5148 beatum
1161 5095 1293 5151 dicit
1319 5114 1464 5162 eum,
1500 5099 1590 5168 qui
1627 5115 1694 5153 ne
1725 5109 1749 5154 t.

2067 5098 2159 5157 τοῖς
2188 5092 2513 5164 ἀθροίσμασι
2550 5093 2658 5145 τῶν
2687 5093 2899 5146 ἀσεϐῶν
2940 5093 3325 5166 παραϐάλλειν,
3357 5111 3527 5164 μακα-

291 5180 461 5233 tilium
485 5181 701 5249 quidem
727 5183 792 5237 ad
824 5183 1040 5237 illorum
1076 5199 1374 5242 conventus
1406 5188 1751 5258 accedit.Huj

2062 5204 2096 5238 ει
2120 5185 2209 5238 τὸν
2242 5185 2375 5255 μηδὲ
2407 5183 2546 5238 κατὰ
2573 5185 2736 5238 ποσὸν
2765 5187 2844 5248 εἰς
2869 5185 2928 5237 τὸ
2958 5185 3118 5236 αὐτὸν
3151 5183 3331 5246 αὐτοῖς
3370 5181 3522 5253 ἐρχό-

284 5270 434 5324 modi
461 5281 576 5326 erat
596 5271 794 5343 .loseph
825 5276 892 5328 ab
914 5276 1215 5332 Arimathia
1243 5298 1255 5334 :
1288 5281 1380 5348 qui
1414 5295 1610 5349 corpus
1643 5281 1744 5336 Dor

2059 5293 2136 5330 ον.
2167 5274 2417 5338 Τοιοῦτος
2440 5277 2682 5346 ὑπῆρχεν
2708 5277 2736 5328 6
2765 5274 2963 5345 Ἰωσὴφ
2992 5277 3021 5328 6
3049 5275 3155 5328 ἀπὸ
3183 5273 3518 5344 Ἀριμαθίας.

289 5373 353 5413 ac
382 5357 474 5414 Dei
525 5363 790 5428 sepelivit.
843 5363 918 5418 De
947 5365 1041 5419 illo
1074 5383 1306 5436 namque
1337 5368 1542 5423 dictum
1571 5369 1674 5423 fuit
1706 5386 1749 5439 qi

2059 5388 2071 5420 δ
2101 5366 2256 5436 σῶμα
2282 5366 2376 5418 τοῦ
2410 5367 2612 5439 Κυρίου
2640 5369 2732 5419 καὶ
2759 5365 2894 5419 Θεοῦ
2923 5365 3114 5434 θάψας.
3149 5366 3375 5436 Εἴρηται
3415 5363 3519 5431 γὰρ

288 5463 397 5502 non
419 5450 798 5519 astipularetur
819 5454 1048 5510 consilio
1085 5471 1273 5511 eorum
1311 5459 1402 5526 qui
1445 5457 1631 5514 Jesum
1677 5477 1748 5530 pri

2055 5461 2080 5511 μὶ
2112 5457 2296 5523 αὐτοῦ,
2326 5458 2402 5522 ὡς
2453 5459 2552 5512 οὐκ
2596 5455 2665 5530 ἦν
2718 5457 3240 5527 συγκατατιθέμενος
3265 5460 3328 5526 τῇ
3362 5455 3515 5524 βουλῇ

289 5541 434 5597 dere.
473 5541 538 5602 Et
573 5544 626 5600 in
647 5545 896 5602 cathedra
925 5549 1278 5617 pestilentium
1311 5567 1410 5605 non
1445 5553 1600 5609 sedit.
1634 5551 1734 5609 Per

2057 5574 2059 5585 ι
2089 5548 2262 5620 Ἰησοῦ
2293 5551 2582 5621 προδοτῶν.
2603 5549 2710 5606 Καὶ
2733 5550 2830 5603 ἐπὶ
2859 5547 3146 5618 καθέδραι·
3171 5546 3517 5617 λοιμῶνοῦκ
