3698 6268
140 250 174 299 ιι
932 213 942 223 ’
1361 241 1631 308 EXPOSl'J

1893 250 2204 310 ’SALMUM
2236 253 2280 313 Ι.
3248 256 3253 263 ’
3337 252 3411 310 τε

138 362 502 461 manca—Ad
531 364 645 435 τῆς
676 364 964 437 καθέδρας
984 364 1085 438 τὴν
1104 365 1450 423 διδασκαλίαν
1475 370 1631 442 δηλοῖ.

1893 391 2113 459 Iedram,
2143 391 2443 456 doctrinam
2477 390 2766 461 signiﬁcat,
2805 397 2866 446 ut
2890 390 3004 461 ipse
3037 390 3110 445 ait
3124 389 3209 444 ’δε
3243 389 3411 459 Super

136 472 292 524 qsr
338 453 484 508 Ἐπὶ
516 454 643 523 τῆς
673 456 984 526 καθέδρας
1019 458 1296 526 Μωσέως.
1330 461 1581 534 Καθέδρα
1625 462 1735 516 τοί-

134 568 195 601 in
216 546 432 617 λοιμῶν
465 551 504 618 ἠ
533 548 887 604 διδασκαλία
916 552 1027 605 τῶν
1057 551 1328 624 πονηρῶν.

187 638 431 708 Ἡμέρας
466 641 583 693 καὶ
616 643 879 709 νυκτός.
928 644 1003 697 Τὸ
1042 643 1289 698 σύντονον
1319 644 1485 715 δηλοῖ.
1517 645 1591 698 Ού
1625 644 1734 718 γάρ

499 733 596 786 δεῖ
627 733 879 806 μελετᾷν
911 734 1004 789 τὸν
1029 735 1193 806 νόμον
1217 734 1311 790 τοῦ
1341 737 1568 807 Κυρίου.

176 911 355 982 11m.
409 911 456 979 ἢ
486 911 571 965 ἐν
607 911 702 977 τῷ
728 914 899 985 νόμῳ
927 916 1151 985 κυρίου
1178 915 1244 970 τὸ
1268 915 1496 985 θέλημα
1520 916 1729 982 αὐτοῦ,

130 1004 194 1053 nsi
214 1004 283 1055 ἐν
312 1018 401 1068 τῳ
440 1005 630 1072 νόμῳ
662 1007 865 1061 αὐτοῦ
886 1007 1209 1077 μελετήσει
1242 1008 1466 1078 ἡμέρας
1497 1008 1594 1061 καὶ
1620 1026 1730 1062 νυ-

1841 484 2143 537 cathedram
2169 483 2362 553 Moysi.
2417 482 2685 539 Cathedra
2717 482 2883 553 igitur
2904 481 3294 553 pestilentium,
3326 490 3412 538 est

1832 573 2077 628 doetrina
2115 574 2447 644 iniquorum.

1901 665 1955 720 2.
1989 666 2088 719 Die
2116 683 2178 719 ac
2202 676 2369 720 nocte.
2395 664 2629 720 Fervens
2649 664 2816 718 animi
2843 663 3085 720 studium
3114 663 3407 733 signiﬂcat.

1835 753 2113 826 Siquidem
2158 773 2269 813 non
2315 764 2400 811 est
2436 754 2806 811 meditandum
2856 755 3190 826 negligenter
3234 755 3407 826 legem

1831 844 2069 899 Domini.

1903 934 2031 1008 [Sed
2069 938 2125 989 in
2153 936 2264 1007 lege
2298 936 2512 990 Domini
2544 936 2785 991 voluntas
2818 936 2955 1005 ejus,
2986 943 3037 989 et
3061 936 3114 989 in
3149 934 3258 1005 lege
3290 934 3405 1004 ejus

1831 1029 2173 1084 meditabitur
2199 1030 2285 1083 die
2315 1045 2376 1083 ac
2406 1037 2573 1082 nocte.
2605 1028 2657 1080 In
2690 1028 2824 1097 lege,
2857 1028 3101 1099 angelica
3130 1026 3401 1082 videlicet.

126 1096 245 1157 σεξ.
276 1094 379 1165 Τῷ
409 1095 602 1165 νόμῳ,
641 1095 728 1165 τῷ
759 1099 1041 1170 ἀγγελικῷ
1072 1100 1331 1172 δηλονότι.
1370 1100 1444 1153 Τὸ
1481 1100 1631 1153 σύντο

1893 1124 2243 1176 mtentionem
2294 1122 2563 1192 signiilcat
2606 1135 2672 1175 ac
2715 1121 3092 1189 diligentiam;
3125 1135 3231 1172 non
3254 1117 3401 1171 enim

126 1188 265 1255 ἰῖῌο
296 1190 362 1240 οὐ
397 1190 520 1262 γάρ
552 1193 951 1264 ἠμελημένως
977 1191 1061 1244 δεῖ
1085 1191 1312 1262 μελετᾷν
1342 1191 1432 1245 τὸν
1450 1192 1612 1261 νόμον

1893 1213 2057 1266 misse
2087 1227 2151 1266 ac
2175 1188 2511 1281 negligenter
2536 1219 2749 1279 oportet
2775 1188 2942 1279 legem
2980 1208 3189 1261 Domini
3228 1207 3402 1261 medi-

124 1279 310 1345 [ιρέσυ.
343 1280 427 1333 ο-ε»
482 1281 609 1352 γὰρ
664 1282 810 1335 ποτὲ
855 1282 937 1335 δεῖ
980 1283 1089 1344 τοῖς
1120 1281 1365 1353 μελετᾷν,
1396 1282 1526 1333 ποτὲ
1553 1280 1609 1333 δὲ
1636 1278 1721 1347 οὓ,
1762 1321 1771 1330 .

1826 1303 1951 1357 tari.
1986 1300 2170 1372 Neque
2209 1303 2372 1356 modo
2404 1301 2772 1356 meditandum
2795 1339 2811 1364 ,
2847 1300 3007 1353 modo
3041 1298 3400 1368 superseden-

232 1369 317 1422 ἀεὶ
365 1371 471 1423 καὶ
514 1371 845 1437 διαπαντὸς
885 1375 999 1436 τοῖς
1026 1372 1188 1436 θείοις
1219 1371 1415 1440 λογίοις
1444 1371 1631 1445 προση]

1893 1409 1953 1447 :m
2004 1394 2394 1458 meditatione;
2437 1393 2530 1448 sed
2577 1407 2793 1461 semper
2837 1399 2892 1446 et
2932 1390 3151 1445 assidue
3201 1389 3400 1444 divinis

124 1461 242 1512 ςὲαιο
274 1461 447 1516 τοῦτο
481 1464 615 1535 γὰρ
643 1463 811 1536 δηλοῖ
836 1464 918 1528 τδ,
950 1462 1174 1532 ἡμέρας
1216 1463 1317 1517 καὶ
1344 1465 1581 1530 νυκτός.
1614 1465 1728 1517 Κα-

122 1552 186 1611 ii;
203 1551 290 1605 τοῦ
326 1555 810 1625 κατορθώματος
840 1557 871 1609 ό
896 1554 1115 1627 μισθόςο
1146 1557 1174 1610 ὁ
1197 1554 1307 1625 γὰρ
1336 1554 1414 1626 τῷ
1439 1554 1568 1627 θείῳ
1594 1572 1722 1625 σχοο

122 1644 259 1706 ζων
289 1644 451 1715 νόμῳ
482 1646 599 1698 καὶ
631 1649 760 1709 τοῖς
786 1648 854 1699 ὲκ
881 1645 1072 1699 τούτου
1091 1645 1324 1716 νάμασιν
1346 1645 1717 1717 ἀρδευόμενος.

1823 1486 2060 1541 oraculis
2094 1501 2213 1541 sese
2251 1486 2501 1541 addicere
2532 1500 2670 1554 opus
2707 1492 2829 1539 est:
2864 1484 2914 1538 id
2949 1484 3091 1538 enim
3127 1481 3400 1552 signiﬁca-

1825 1584 1914 1630 tur
1960 1576 2065 1632 hoc
2109 1577 2274 1643 dicto,
2305 1577 2389 1630 die
2423 1593 2485 1630 ac
2514 1587 2681 1631 nocte.
2714 1575 2860 1630 Bona
2901 1585 2986 1631 est.
3028 1588 3237 1628 merces
3266 1572 3397 1626 boni

1824 1668 2044 1738 operis:
2072 1669 2165 1740 qui
2211 1670 2355 1725 enim
2405 1668 2602 1723 divinae
2646 1676 2802 1723 vacat
2843 1668 2968 1739 legi,
3014 1666 3134 1736 ejus
3178 1663 3397 1719 ﬂuentis

120 1734 199 1784 Ξ.ιῖ
228 1732 375 1805 ὓδωρ
394 1735 502 1787 καὶ
535 1736 572 1787 ὁ
597 1736 854 1807 Χριστὸς
896 1735 994 1807 τὴν
1023 1735 1216 1788 ἑαυτοῦ
1245 1735 1589 1789 διδασκαλίαν

1893 1728 2105 1829 ﬁgatur:
2141 1760 2395 1815 Christus
2420 1777 2638 1831 quoque
2666 1728 2967 1814 doctrinam
2999 1773 3153 1812 suam
3185 1756 3398 1810 vocavit

118 1826 340 1877 αὓεσεν
362 1827 560 1881 εἰπών
576 1843 596 1857 °
624 1827 708 1881 ΕΖ
729 1845 824 1892 τις
855 1825 1023 1896 διψᾷ,
1047 1825 1308 1896 ἐρχέσθω
1332 1826 1479 1895 πρὸς
1508 1826 1607 1896 μὲ,
1623 1826 1719 1881 καὶ

120 1915 423 1985 τινέτω.Τῷ
440 1934 529 1968 πα
538 1917 595 1985 ρ’
609 1914 781 1968 ὕδασι
796 1915 1000 1987 δένδρῳ
1014 1917 1337 1970 ἀπείκασται
1354 1918 1440 1970 ἀεὶ
1450 1916 1693 1987 τεθηλότι
1702 1956 1716 1980 ,

198 2006 442 2076 βρίθοντι
463 2011 598 2070 τοῖς
626 2008 886 2080 ὡραίοις.
915 2006 978 2061 Oi
1010 2007 1119 2079 γάρ
1138 2011 1235 2080 τῆς
1260 2009 1459 2081 ἀρετῆς
1492 2008 1719 2079 ἀθληταὶ

116 2098 211 2159 te);
255 2097 353 2165 μὲν
406 2098 531 2150 τῶν
572 2098 770 2151 πόνων
804 2098 1050 2169 καρποὺς
1076 2097 1218 2151 κατὰ
1255 2097 1316 2151 τὸ
1345 2097 1535 2169 μέλλον
1559 2099 1710 2169 κομί.

120 2204 295 2241 ωηι-
322 2185 448 2244 οἶον
480 2190 553 2243 δέ.
592 2207 721 2243 τισι
764 2190 987 2259 φύλλοις
1017 2188 1304 2244 κάντεῦθεν
1327 2194 1392 2263 τῇ
1422 2190 1599 2262 άγαθῇ
1630 2190 1718 2243 ἑλ-

117 2281 200 2331 πέι
244 2282 772 2347 κατασκιάζονται,
804 2281 896 2335 καὶ
945 2282 1235 2335 κλέπτουσι
1280 2285 1346 2354 τῇ
1392 2282 1716 2353 ψυχαγωγία

118 2378 188 2442 τίτί
208 2374 307 2425 τῶν
342 2375 552 2426 πόνων
581 2373 898 2443 βαρύτητα.
933 2373 1023 2445 Τῷ
1053 2373 1276 2444 τοιούτῳ
1309 2375 1487 2427 πάντα
1522 2374 1716 2427 εὐοδω-

119 2462 321 2530 tigna.
339 2464 537 2516 ῢύδὲν
569 2463 697 2533 γὰρ
720 2462 965 2516 ἐναντίον
990 2466 1104 2526 τοῖς
1129 2462 1293 2527 θείοις
1313 2464 1496 2534 νόμοις
1519 2464 1715 2535 διενερ·

122 2555 260 2622 τέξει,
288 2553 372 2623 τῷ
404 2553 522 2606 τοῦ
575 2554 760 2623 νόμον
792 2552 1090 2623 βουλήματι
1122 2553 1505 2623 συναρμόττων
1529 2554 1592 2607 τὸ
1622 2553 1711 2607 θὲ-

118 2644 258 2711 lyr
294 2641 599 2717 πρὁτερον
628 2645 853 2697 ᾶπαντα
881 2643 981 2713 τῆς
1005 2644 1201 2707 κακίας
1228 2643 1612 2715 ἀπαγορεύσας
1639 2644 1707 2700 τὰ

124 2736 225 2806 εῐδη,
253 2740 346 2790 καὶ
374 2737 507 2789 τῶν
539 2735 718 2790 θείων
746 2735 926 2806 νόμων
948 2733 1230 2799 ὑποδείξας
1249 2735 1349 2807 τὴν
1372 2735 1704 2808 τελειότητα,

124 2826 252 2890 is;
279 2831 586 2901 ἐπήγαγε·
627 2826 839 2882 Πάντα
870 2826 989 2881 ὅσα
1018 2826 1095 2881 ἂν
1118 2825 1307 2899 ποιῇ]

1825 1866 2043 1920 aquam,
2069 1868 2191 1907 cum
2224 1854 2299 1907 ait
2318 1853 2399 1908 ":
2430 1851 2490 1907 Si
2522 1854 2635 1922 quis
2655 1853 2791 1915 sitit,
2824 1851 2996 1905 veniat
3021 1849 3089 1901 ad
3121 1863 3202 1901 me
3235 1856 3284 1901 et
3312 1846 3395 1900 bi-

1826 1940 1933 1995 bat.
1988 1939 2158 2011 Ligno
2198 1941 2263 1996 ad
2303 1957 2475 2011 aquas
2514 1942 2693 2011 posito
2725 1947 3074 2009 comparatus
3108 1945 3212 2003 est,
3250 1933 3396 2004 quod

1824 2047 2035 2101 semper
2060 2032 2235 2099 ﬂoret,
2255 2049 2468 2104 semper
2490 2031 2756 2088 fructibus
2783 2028 3118 2100 tempestivis
3135 2036 3394 2082 onustum

1823 2131 1925 2178 est.
1950 2121 2085 2177 Nam
2121 2125 2338 2179 virtutis
2377 2124 2593 2180 athletae
2636 2124 2883 2178 laborum
2922 2121 3141 2191 quidem
3181 2117 3395 2173 fructus

1820 2211 1875 2266 in
1909 2212 2096 2268 futuro
2132 2224 2430 2285 reportant,
2471 2224 2544 2279 et,
2579 2230 2677 2270 ceu
2710 2213 3037 2284 quibusdam
3075 2208 3220 2263 foliis
3265 2207 3393 2261 inde

1816 2293 2062 2367 emissi's,
2090 2318 2187 2373 spe
2230 2305 2371 2359 bona
2409 2305 2823 2368 adumbrantur,
2857 2302 3217 2368 laborumque
3261 2313 3390 2367 gra-

1813 2394 2033 2449 vitatem
2085 2395 2398 2465 huiusmodi
2460 2397 2794 2451 recreatione
2861 2392 3218 2448 suﬂ‘urantur.
3268 2385 3389 2441 Tali

1813 2486 1931 2542 viro
1962 2490 2143 2543 omnia
2168 2503 2381 2558 semper
2412 2503 2669 2558 prospere
2693 2494 2922 2542 vertent.
2946 2482 3093 2537 Nihil
3130 2480 3274 2537 enim
3299 2479 3387 2534 di-

1814 2575 1957 2632 vinis
2003 2578 2211 2648 legibus
2259 2578 2632 2634 adversarium
2677 2577 2945 2641 admittet,
2981 2573 3075 2643 qui
3120 2570 3387 2626 voluntati

1816 2666 1952 2738 legis
1987 2684 2144 2724 suam
2191 2668 2569 2725 accommodat
2605 2668 2976 2722 voluntatem:
3012 2662 3139 2734 quia
3172 2678 3202 2716 a
3238 2661 3391 2730 prin-

1815 2758 1958 2829 cipio
1985 2758 2075 2814 ille
2105 2775 2296 2816 omnes
2337 2760 2557 2814 malitize
2598 2760 2809 2829 species
2848 2755 3171 2821 eliminavit,
3199 2761 3250 2809 et
3292 2753 3388 2807 de-

1814 2849 2016 2904 clarata
2042 2849 2347 2904 divinarum
2366 2850 2542 2920 legum
2567 2849 2918 2920 perfectione,
2943 2849 3018 2902 ita
3044 2843 3234 2899 infert:
3254 2841 3386 2898 0m-

1812 2942 1905 2994 nia
1932 2958 2252 3013 quacunque
2282 2940 2487 3014 [σείει]

174 3049 255 3106 His
281 3054 491 3122 adjicit
534 3051 694 3105 Dan.
718 3049 992 3105 Barbarus
1016 3064 1035 3104 :
1056 3048 1150 3105 Die
1167 3057 1345 3104 autem
1378 3048 1667 3103 meditatur
1690 3049 1783 3120 qui
1809 3050 1862 3105 in
1890 3053 2183 3109 virtutibus
2213 3053 2448 3125 proiicit,
2474 3061 2633 3108 nocte
2658 3066 2808 3117 vero,
2827 3050 2920 3123 qui
2944 3066 3067 3106 cum
3095 3049 3385 3123 perturba-

124 3146 263 3200 times
301 3146 660 3215 insurgunt,
690 3141 978 3195 immotam
1005 3149 1187 3197 servat
1216 3140 1387 3196 animi
1414 3140 1853 3211 generositatem.

171 3257 263 3311 Καὶ
305 3261 497 3314 ἔσται
532 3258 633 3322 ὠς
660 3256 731 3309 τὸ
758 3256 951 3320 ξύλον
978 3253 1044 3309 τὸ
1076 3253 1528 3324 πεφυτευμένον
1550 3268 1631 3321 πα

1893 3259 1934 3314 5.
1954 3263 2024 3315 Et
2046 3263 2146 3316 erit
2164 3273 2414 3334 tanquam
2445 3265 2643 3335 lignum
2668 3264 2808 3335 quod
2827 3262 3127 3333 plantatum
3149 3273 3249 3329 est,
3276 3273 3382 3323 etc.

122 3348 199 3413 τὰς
229 3350 569 3415 διεξόδους
621 3344 745 3400 τῶν
793 3344 1048 3401 ὑδάτων.
1065 3345 1554 3417 Ἐξομολογήσεως,
1591 3346 1709 3417 ἦτοι

119 3440 400 3510 παραϐολῆς
428 3437 614 3504 ξᾶλον
642 3437 673 3489 ό
706 3434 942 3505 Χριστὸς
968 3436 1381 3506 ἀναγέγραπται
1413 3435 1470 3487 ὲν
1499 3438 1563 3507 τῇ
1594 3434 1710 3491 θεο-

124 3530 333 3602 misul;
376 3531 421 3583 Γ
428 3531 626 3601 ραφῇ,
657 3527 804 3581 κατὰ
840 3527 902 3580 τὸ
952 3526 1237 3599 εἰρημένον
1260 3543 1274 3557 ο
1323 3526 1523 3581 Ξύλον
1563 3527 1710 3597 ζωῆς

118 3622 221 3677 ἐστι
244 3624 401 3679 πᾶσι
430 3621 583 3687 τοῖς
600 3619 1030 3690 ἀντεχομένοις
1055 3620 1262 3688 αὐτῆς.
1294 3621 1455 3689 Λέγει
1483 3617 1594 3685 οὖν,
1626 3622 1707 3675 ὅτι

120 3716 159 3765 τί
181 3717 589 3778 πιστεύσαντες
615 3712 700 3782 τῷ
728 3711 949 3784 Χριστῷ
978 3713 1136 3784 σῶμα
1164 3711 1328 3766 αὑτοῦ
1351 3712 1591 3769 ἔσονται·
1618 3732 1709 3785 με·

116 3809 504 3877 ταηηματίσει
558 3805 677 3877 γάρ
720 3805 783 3857 τὸ
829 3805 987 3876 σῶμα
1015 3804 1115 3876 τῆς
1143 3804 1520 3869 ταπεινώσεως
1549 3806 1706 3876 ἡμῶν

121 3898 229 3966 πρὸς
268 3900 327 3951 τὸ
375 3895 668 3968 γενέσθαι
701 3894 1025 3966 σύμμορφον
1050 3894 1129 3965 τῷ
1162 3894 1375 3966 σώματι
1412 3895 1511 3971 τῆς
1548 3895 1706 3966 δόξης

122 3987 272 4041 αἰτῶ.
322 3988 679 4053 Διεξόδους
722 3985 781 4039 δὲ
823 3985 942 4039 τῶν
991 3984 1225 4040 ὑδάτων
1259 3985 1359 4050 τὰς
1390 3986 1540 4050 θείας
1571 3988 1704 4057 φησὶ

124 4077 330 4148 ipsa:
366 4082 431 4133 ἐν
470 4073 571 4141 αἷς
602 4075 931 4146 ἁπανταχοῦ
958 4076 1103 4131 ἔστιν
1136 4077 1314 4149 εὑρεῖν
1344 4077 1577 4149 Χριστὸν
1599 4094 1713 4149 κη-,

124 4175 455 4243 βιασόμενον.
511 4168 734 4241 [Ξύλον
763 4167 908 4238 ζωῆς
935 4170 964 4221 ό
994 4168 1249 4240 Χριστὸς,
1278 4167 1459 4222 κλάδοι
1485 4170 1533 4222 οἱ
1569 4168 1704 4222 ἁπό-

124 4264 284 4329 ςτῶοι,
314 4263 552 4336 καρπὸς
579 4256 726 4330 αἷμα
754 4260 847 4313 καὶ
875 4258 1017 4331 ὕδωρ
1038 4261 1102 4313 ὲκ
1123 4263 1224 4331 τῆς
1252 4259 1517 4332 πλευρᾶς
1543 4253 1617 4314 ὧν
1644 4260 1705 4314 τὸ

125 4357 201 4423 μὲν
238 4360 319 4420 εἰς
352 4354 741 4410 ὑποτύπωσιν
773 4352 1092 4425 μαρτυρίου,
1122 4352 1183 4405 τὸ
1215 4351 1273 4405 δὲ
1306 4352 1699 4422 βαπτίσματος.

120 4446 266 4501 +3.13
289 4451 342 4501 at
368 4448 538 4515 λόγοι
563 4462 578 4475 ·
616 4443 829 4515 καρπὸν
858 4442 953 4496 τοῦ
988 4440 1145 4509 ξύλου
1178 4443 1391 4515 νοήσεις
1415 4442 1511 4514 τὴν
1537 4441 1702 4515 ὀρθὴν

122 4537 297 4592 ἐστιν’
332 4538 530 4609 φύλλα
581 4536 641 4589 δὲ
684 4533 850 4589 αὑτοῦ
881 4534 980 4605 τὴν
1007 4534 1285 4606 πλήρωσιν
1321 4533 1428 4587 τῶν
1451 4533 1699 4589 ἐντολῶν.

124 4631 319 4701 κάρτος
347 4607 461 4684 οιαὶ
501 4630 556 4681 οἱ
597 4627 912 4697 σωζόμενοι,
945 4626 1071 4698 ῥίζα
1100 4625 1162 4680 τὸ
1189 4625 1471 4698 βάπτισμα
1489 4644 1502 4657 ο
1528 4643 1702 4699 γεωρ-
1731 4607 1776 4663 D

125 4722 197 4785 τὸς
217 4727 244 4777 ὁ
271 4724 442 4792 Πατή
454 4720 540 4794 ρ.]
577 4722 640 4772 ‘0
663 4722 772 4773 τὸν
803 4719 1036 4787 καρπὸν
1061 4719 1248 4774 αὐτοῦ
1275 4718 1452 4772 δώσει
1471 4719 1542 4772 ὲν
1573 4735 1702 4773 και-

116 4809 187 4875 ίῷ
205 4813 421 4868 αὑτοῦ.
450 4810 690 4880 Καρπὸν
728 4808 825 4862 τοῦ
875 4806 1032 4873 ξύλου
1078 4808 1290 4881 νοήσεις
1331 4808 1431 4880 τὴν
1476 4808 1697 4862 πίστιν

125 4902 268 4969 erili:
310 4903 377 4957 se
428 4900 602 4955 αὐτοῦ
634 4899 736 4971 τὴν
766 4900 1045 4973 πλήρωσιν
1072 4898 1182 4952 τῶν
1215 4898 1464 4953 ἐντολῶν.
1496 4898 1605 4953 Καὶ
1636 4899 1698 4952 τὸ

118 4995 338 5061 ξύλων
369 4994 574 5051 αὐτοῦ
601 4995 715 5047 οὐκ
741 4991 1217 5061 ἀπορῤυήσεται,
1263 4992 1362 5044 οὐκ
1410 4992 1702 5044 ἀποπεσεί-

124 5103 213 5139 ται.
243 5088 357 5144 Καὶ
384 5087 595 5141 πάντα
616 5085 736 5139 ὅσα
756 5084 836 5139 ἂν
859 5083 1001 5154 ποιῇ
1026 5082 1590 5151 κατευοδωθήσεται.
1625 5082 1700 5136 Ού

122 5179 212 5251 γάρ
236 5184 357 5235 ἐστι
390 5180 598 5251 πρᾶξις
620 5178 729 5231 τῶν
758 5177 900 5232 κατὰ
922 5177 1052 5230 Θεὸν
1072 5175 1371 5247 γινομένων
1395 5174 1697 5246 ἀνωφελής.

127 5270 335 5346 ῖῐὶαιρδς
370 5272 472 5326 τοῦ
502 5272 702 5325 διδόναι
732 5274 766 5342 ἡ
801 5270 896 5325 τοῦ
932 5270 1300 5341 λαμϐάνοντος
1331 5268 1700 5341 ἐπιτηδειότης

125 5363 299 5438 ἐπεὶ]

184 5459 278 5512 Διὰ
296 5458 484 5512 τοῦτο
510 5459 622 5511 οὐκ
641 5454 1096 5524 ἀναστήσονται
1125 5454 1361 5521 ἀσεϐεῖς
1386 5455 1457 5509 ἐν
1482 5453 1695 5522 κρίσει.

129 5550 211 5601 Διὰ
233 5549 399 5604 τοῦτο
420 5550 544 5621 μὲν,
574 5549 663 5603 διὰ
687 5548 750 5602 τὸ
778 5548 853 5621 μὴ
874 5548 1016 5619 ἔχειν
1045 5546 1219 5621 ῥίζαν,
1246 5548 1359 5602 ἀλλ’
1381 5546 1598 5618 ὁμοίους
1619 5540 1696 5598 εἷ-

1809 3346 2185 3407 Confessionis
2223 3353 2337 3409 sive
2388 3355 2551 3408 etiam
2596 3352 2870 3422 parabolae
2898 3352 3106 3423 lignum
3133 3351 3387 3409 Christus

1809 3456 1931 3496 esse
1947 3441 2271 3498 describitur
2290 3444 2343 3497 in
2358 3443 2617 3498 divinitus
2633 3443 2895 3513 inspirata
2912 3440 3214 3512 Scriptura,
3228 3442 3385 3511 juxta

1808 3531 1943 3587 illud
1968 3532 2224 3604 :Lignum
2253 3534 2374 3588 vita:
2392 3542 2469 3588 est
2493 3518 2731 3587 omnibus
2762 3532 3167 3601 suscipientibus
3183 3548 3299 3585 eam
3314 3530 3383 3587 ”.

1807 3624 1899 3679 Ait
1939 3624 2104 3694 igitur
2145 3640 2242 3680 eos
2271 3625 2366 3694 qui
2398 3625 2454 3678 in
2490 3623 2771 3678 Christum
2802 3623 3148 3685 crediderint,
3184 3636 3385 3691 corpus

1807 3715 1927 3785 ejus
1957 3713 2174 3770 futuros
2216 3730 2358 3771 esse.
2399 3713 2840 3769 Transformabit
2866 3714 3013 3769 enim
3042 3728 3242 3783 corpus
3276 3713 3383 3768 bu-

1805 3806 2052 3862 militatis
2074 3815 2292 3872 nostrae,
2309 3805 2704 3877 conﬂguratum
2729 3804 2944 3875 corpori
2963 3804 3227 3860 claritatis
3242 3819 3378 3860 sua.

1806 3899 2069 3955 Decursus
2106 3914 2272 3970 porro
2324 3914 2605 3970 aquarum,
2659 3898 2874 3954 divinas
2928 3904 3089 3952 vocat
3137 3896 3384 3966 Scriptu-

1805 4006 1896 4046 ras
1924 4009 1938 4046 :
1973 3992 2028 4047 in
2059 3992 2261 4062 quibus
2294 3993 2501 4062 passim
2541 3989 2822 4045 Christum
2854 3988 3095 4058 reperire
3132 3995 3216 4043 est
3243 4002 3387 4057 praes

1804 4082 2065 4137 dicatum.
2097 4082 2249 4148 Quod
2284 4083 2517 4153 fructum
2560 4097 2716 4135 suum
2757 4080 2906 4134 dabit
2929 4081 2985 4134 in
3014 4089 3241 4151 tempore
3261 4096 3379 4134 suo.

1805 4172 2059 4248 [Lignum
2086 4174 2211 4229 vitae
2242 4173 2518 4239 Christus,
2547 4172 2687 4226 rami
2731 4171 2984 4242 apostoli,
3013 4170 3222 4224 fructus
3252 4184 3382 4225 san-

1804 4266 1926 4338 guis
1955 4275 2009 4320 et
2029 4280 2171 4335 aqua
2204 4280 2271 4320 ex
2310 4264 2480 4319 latere
2512 4262 2724 4317 ﬂuens:
2758 4276 2993 4331 quorum
3029 4260 3118 4314 ille
3159 4258 3377 4329 quidem

1804 4358 1859 4412 in
1884 4356 2113 4413 formam
2153 4366 2208 4412 et
2244 4356 2552 4426 exemplum
2576 4353 2845 4425 martyrii,
2871 4352 2962 4405 illa
2988 4359 3167 4405 autem
3200 4347 3379 4419 bapti-

1804 4450 2016 4506 smatis.
2056 4448 2208 4503 Folia
2250 4456 2376 4502 sunt
2404 4460 2713 4510 sermones;
2750 4442 2986 4498 fructum
3023 4440 3152 4513 ligni
3180 4438 3379 4495 intelli-

1805 4556 1902 4610 gas
1931 4556 2051 4596 esse
2076 4548 2278 4594 rectam
2309 4539 2497 4603 tidem;
2526 4536 2657 4591 folia
2691 4537 2820 4601 item
2853 4535 3047 4606 ipsius,
3079 4541 3378 4604 praecepto-

1805 4648 1925 4689 rum
1967 4630 2437 4688 observationem:
2473 4628 2686 4685 l'ructus
2716 4628 2880 4684 etiam
2913 4635 3041 4682 sunt
3073 4625 3134 4689 ii,
3163 4624 3258 4694 qui
3288 4638 3378 4678 sa-

1801 4725 1969 4779 lutem
2015 4730 2459 4792 consequuntur;
2510 4722 2700 4788 radix,
2746 4720 3049 4790 baptisma;
3100 4714 3374 4788 agricola,

1800 4814 2007 4888 Pater.]
2039 4813 2299 4871 Fructum
2333 4814 2464 4887 ligni
2494 4814 2765 4885 intelligas
2800 4822 3003 4867 rectam
3032 4807 3194 4864 ﬁdem
3235 4825 3248 4860 :
3292 4805 3379 4860 fo-

1800 4908 1934 4962 lium
1967 4918 2148 4964 autem
2173 4908 2313 4977 ejus,
2347 4919 2430 4962 est
2455 4907 2613 4975 plena
2636 4905 2946 4962 observatio
2968 4903 3373 4957 mandatorum.

1802 4996 1872 5055 Et
1906 4997 2094 5067 [otium
2124 4996 2237 5066 ejus
2283 5012 2386 5050 non
2425 4995 2639 5065 deﬂuet,
2668 5011 2777 5049 non
2813 4992 3047 5049 decidet.
3081 4987 3150 5042 Et
3199 4987 3375 5040 omnia

1802 5105 2124 5161 quiscunque
2156 5090 2313 5156 faciet
2341 5088 2807 5158 prosperabuntur.
2829 5082 2989 5138 Nulla
3017 5080 3162 5136 enim
3187 5093 3379 5134 secun-

1802 5182 1932 5237 dum
1962 5180 2131 5235 Deum
2156 5180 2298 5234 actio
2327 5178 2562 5234 utilitate
2589 5184 2757 5233 caret.
2781 5174 3045 5247 [Tempus
3077 5170 3265 5235 dandi,
3291 5183 3379 5224 ae-

1802 5275 2051 5346 cipientis
2075 5271 2449 5345 opportunitas
2474 5268 2601 5341 est.]

1875 5453 1927 5508 ὅ.
1966 5451 2094 5507 Ideo
2123 5468 2225 5507 non
2254 5459 2521 5522 resurgant
2563 5450 2714 5521 impii
2754 5450 2811 5504 in
2839 5445 3059 5517 judicio.
3103 5439 3371 5497 Nimirum

1805 5543 1932 5615 quia
1966 5559 2074 5601 non
2098 5543 2296 5601 habent
2342 5542 2601 5615 radicem,
2636 5542 2729 5601 sed
2771 5540 2976 5599 similes
3011 5539 3139 5594 sunt
3162 5526 3372 5604 pulveri

188 5663 227 5705 ’⁵
254 5665 448 5725 Raab.
480 5681 636 5735 mu,
669 5666 726 5723 5.
785 5665 833 5700 ⁸⁸
861 5663 1021 5724 Joan.
1055 5681 1152 5733 vn,
1185 5668 1272 5724 57.
1349 5666 1395 5703 ⁸⁸
1425 5663 1586 5725 Prov.
1618 5678 1699 5732 ιιι,
1734 5659 1818 5716 18.
