3698 6268
343 188 415 246 03
1200 199 1256 254 S.
1299 197 1665 256 ATHANASII
1706 201 1858 257 OPP.
1900 200 2078 258 PARS
2115 200 2200 258 lli.
2242 233 2310 245 -—
2349 204 2758 261 EXEGETICA.
3542 206 3620 263 6‘

345 317 505 364 terra
535 324 567 365 a
600 313 778 370 ventis
802 314 1027 386 agitato.
1051 315 1283 374 Ventum
1315 329 1496 377 autem
1532 323 1800 394 intelligas
1830 322 1899 377 De

2079 341 2110 377 ιι
2139 323 2222 395 χοῖ
2261 327 2363 396 γῆς
2397 328 2502 381 ὑπὸ
2524 327 2723 399 ἀνέμου
2757 327 3090 400 ῥιπιζομένῳ
3110 345 3124 359 ο
3156 328 3353 400 ἄνεμον
3381 329 3447 385 δὲ
3478 329 3619 402 νοή-

343 402 846 473 comminationem,
881 424 988 478 qua
1015 410 1149 466 dicit
1173 411 1216 442 "
1243 411 1542 469 :Discedite
1571 431 1602 468 a
1631 431 1729 477 me,
1753 417 1914 470 male-

343 493 496 557 dicti,
529 493 587 547 in
624 495 794 566 ignem
822 507 1095 555 aeternum.
1143 501 1245 569 Qui
1276 503 1366 558 tali
1407 504 1588 560 audita
1626 521 1753 562 voce
1793 505 1916 577 jure

343 580 614 649 decident,
651 602 760 642 non
790 591 935 645 enim
987 595 1276 650 constitere
1320 595 1372 650 in
1402 595 1639 657 Christo,
1666 597 1758 669 qui
1797 613 1918 652 cre-

341 671 587 730 dentium
635 675 872 734 t‘ulerum
906 691 990 738 est
1028 699 1093 738 ac
1129 683 1560 740 fundamentum.
1586 684 1721 741 Nam
1751 687 1914 758 inju-

341 761 490 818 dicio
507 767 602 831 ait,
626 784 735 824 non
761 771 812 826 in
835 773 1278 843 interrogatione.
1300 775 1367 830 In
1387 777 1608 831 concilio
1619 777 1911 846 justorum,

343 857 439 910 ait.
458 854 594 914 Nam
614 865 1076 936 separabitjustos
1101 884 1131 923 a
1156 871 1554 940 peccatoribus.

415 1114 467 1170 6.
489 1117 752 1184 Quoniam
766 1125 902 1178 norit
925 1125 1176 1185 Dominus
1195 1132 1330 1186 viam
1338 1135 1695 1204 justorum.N
1697 1138 1913 1206 ovilfibi

342 1207 580 1274 positum
609 1221 692 1268 est
718 1229 836 1282 pro,
868 1216 1444 1282 honorausecundum
1468 1229 1517 1283 id
1544 1231 1688 1299 quod
1707 1233 1912 1290 dictum

344 1311 374 1349 a
407 1296 513 1354 Deo
541 1312 623 1358 est
645 1305 709 1359 ad
741 1306 942 1364 Mosem
966 1311 1012 1343 ⁸⁸
1038 1331 1052 1366 ι
1084 1311 1223 1368 Novi
1253 1325 1300 1370 te
1329 1335 1442 1387 pra:
1474 1296 1735 1387 omnibus,
1759 1327 1915 1394 quasi

342 1387 486 1444 dicat
521 1409 533 1444 :
566 1393 777 1449 honoro
801 1408 872 1460 te,
921 1411 975 1456 et
1017 1403 1271 1461 invenisti
1313 1411 1542 1479 gratiam
1587 1428 1770 1469 coram
1807 1433 1913 1474 me.

419 1478 656 1538 PSALM
667 1485 755 1542 US
789 1487 852 1544 II
882 1491 1266 1552 Davidiwaret
1294 1478 1630 1572 inscriptione
1669 1506 1810 1577 apud

993 1586 1266 1646 Hebrwos.

929 1675 1325 1748 Argumentum.

342 1747 636 1823 Postquam
663 1757 713 1812 in
739 1761 915 1831 primo
944 1747 1152 1835 psalmo
1175 1769 1414 1828 Judaica‘.
1435 1778 1609 1843 gentis
1641 1779 1912 1852 principes

411 1847 627 1902 vocavit
660 1849 879 1922 impios,
915 1869 1230 1926 peccatores
1261 1873 1314 1919 et
1351 1847 1697 1938 peStilentes;
1722 1871 1775 1926 in
1809 1874 1912 1930 hoc

412 1932 608 1992 iterum
635 1954 822 1998 eorum
857 1960 1022 2016 opera
1050 1963 1295 2010 recenset
1317 1955 1628 2026 hujusmodi
1657 1976 1789 2018 usus
1814 1979 1913 2019 no-

409 2028 668 2096 minibus,
697 2031 828 2104 ipsis
867 2038 1072 2106 optime
1100 2049 1546 2116 congruentibus.
1583 2050 1909 2124 [Postquam

408 2117 643 2188 primum
667 2125 935 2193 psalmum
971 2147 1068 2201 per
1094 2133 1386 2206 impiorum
1419 2144 1737 2200 memoriam
1781 2164 1910 2204 con-

409 2212 684 2282 cluserat.
735 2226 1052 2282 eorumdem
1105 2233 1381 2289 mentione
1436 2239 1739 2296 secundum
1789 2242 1910 2300 iniit

409 2303 704 2375 psalmum,
740 2309 941 2368 docens
985 2332 1148 2387 supra
1202 2334 1565 2382 memoratum
1614 2328 1906 2402 impiorum

407 2391 571 2450 fian
597 2413 712 2463 eos,
738 2403 832 2472 qui
854 2402 1038 2464 furore
1059 2409 1113 2465 in
1139 2410 1476 2474 Salvatorem
1500 2420 1609 2476 acti
1640 2433 1789 2491 sunt,
1814 2441 1909 2482 ex-

407 2493 743 2564 cepturum.]

411 2574 464 2631 ί.
486 2578 662 2644 Quare
693 2585 1017 2653 fremuerunt
1040 2603 1238 2663 gentes,
1267 2605 1372 2652 etc.
1415 2597 1714 2660 Fremitum
1749 2617 1910 2662 vorat

336 2663 550 2723 brutam
571 2671 928 2736 ferocitatem.
954 2681 1089 2740 illud
1105 2695 1308 2754 autem,
1330 2706 1513 2760 quare,
1544 2694 1596 2748 in
1628 2701 1903 2755 communi

335 2759 553 2834 dicitur,
591 2781 650 2824 ut
683 2771 1012 2846 intelligatur
1049 2781 1252 2838 etiam:
1290 2759 1467 2850 Quare
1503 2790 1684 2858 populi
1735 2796 1906 2850 medi-

338 2857 437 2908 tati
471 2871 594 2914 sunt
637 2864 867 2923 inania?
901 2869 968 2925 Et
1002 2873 1120 2942 qui,
1153 2891 1361 2946 quaeso,
1392 2897 1501 2937 non
1548 2857 1728 2942 inanis
1774 2888 1906 2959 ipsis

335 2947 500 3006 fuerit
528 2953 839 3025 hujusmodi
888 2964 1192 3036 meditatio,
1226 2979 1412 3043 utpote
1439 2975 1533 3046 qui
1567 2947 1900 3038 Salvatorem

335 3045 550 3112 generis
573 3049 657 3103 sui
685 3067 792 3106 non
832 3058 1185 3126 acceperint?

406 3135 582 3208 mute,
617 3143 713 3209 ait,
745 3160 908 3202 causa
937 3152 1074 3206 tanti
1113 3154 1244 3220 odii,
1282 3167 1341 3212 ut
1374 3158 1426 3214 in
1467 3175 1634 3217 unum
1675 3180 1905 3222 concuro

332 3237 455 3282 rant
487 3239 675 3300 gentes
720 3243 774 3290 et
812 3241 1036 3308 populi?
1062 3239 1198 3298 Illud
1235 3247 1404 3310 enim,
1435 3251 1783 3318 fremuerunt,
1824 3257 1902 3310 si,

333 3319 572 3389 gniﬁcat,
605 3332 812 3381 tantum
835 3331 1241 3399 superbierunt,
1265 3337 1408 3407 quod
1433 3348 1516 3394 est
1542 3357 1664 3396 cum
1693 3353 1904 3403 tumore

329 3419 384 3466 et
412 3415 717 3484 arrogantia
745 3419 932 3476 turbas
958 3438 1176 3480 movere
1197 3434 1248 3482 et
1283 3429 1622 3486 tumultuari.
1647 3431 1902 3492 Transla-

331 3511 527 3574 tusque
554 3517 638 3562 est
661 3509 748 3566 hic
778 3511 1032 3582 loquendi
1058 3516 1251 3572 modus
1271 3534 1300 3573 ιι
1324 3519 1487 3576 bruto
1513 3537 1776 3595 equorum
1801 3527 1902 3583 im-

327 3605 478 3665 patu,
506 3599 714 3654 nullum
749 3601 998 3660 decorem
1035 3618 1308 3676 servante,
1331 3613 1476 3681 quod
1498 3611 1699 3672 Iudaeis
1727 3621 1902 3674 conti-

328 3685 404 3756 git
449 3687 712 3747 adversus
755 3693 1035 3751 Christum
1084 3696 1515 3770 insurgentibus.
1551 3703 1684 3772 Quae
1734 3723 1899 3768 causa

328 3785 411 3830 est
433 3779 574 3847 quod
595 3779 649 3834 in
685 3798 850 3837 unum
878 3797 1411 3860 concurrantgentes
1428 3803 1482 3848 et
1506 3797 1732 3866 populi?
1761 3798 1899 3856 forte

326 3868 489 3924 etiam
528 3871 796 3930 lsraelitas
825 3885 982 3931 vocat
1013 3889 1199 3950 gentes
1231 3893 1284 3936 et
1307 3885 1556 3953 populos,
1591 3886 1706 3942 sive
1727 3887 1898 3945 Hero-

326 3958 448 4014 dem
479 3971 533 4016 et
557 3962 789 4021 Pilatum
830 3971 988 4040 quasi
1033 3972 1305 4041 ethnicos,
1334 3973 1551 4034 Judzeos
1585 3989 1642 4034 ut
1669 3984 1899 4052 populos

325 4055 637 4129 memorat.]

397 4147 717 4222 [Astiterunt
754 4171 894 4226 reges
926 4166 1100 4216 terrm.
1129 4159 1206 4213 Ac
1235 4159 1280 4216 si
1303 4160 1525 4227 diceret,
1552 4179 1670 4220 sese
1701 4179 1897 4237 suopte

2022 433 2131 480 σεις
2164 416 2260 488 τὴν
2287 419 2512 490 ἀπειλὴν
2535 420 2627 473 τοῦ
2655 419 2788 475 Θεοῦ
2817 419 2912 492 τὴν
2935 421 3222 490 λέγουσανο
3259 422 3620 490 Πορεύεσθε

2018 507 2119 560 ἀπ’
2170 508 2336 578 ἐμοῦ,
2399 513 2453 564 oi
2491 511 2901 583 κατηραμένοι,
2961 514 3047 578 εὶς
3088 512 3206 581 πῦρ
3243 510 3309 565 τὸ
3329 511 3614 602 αίιιῖηιιονςἱ

2018 601 2082 653 Oi
2129 600 2226 672 τὴν
2267 601 2435 673 αὐτὴν
2463 603 2792 669 ἀκούσαντες
2824 605 3003 677 φωνὴν
3033 604 3475 661 καταπεσοῦνται
3527 603 3617 657 δι-

2018 689 2218 754 καίωςο
2252 691 2313 744 οὐ
2361 691 2470 765 γὰρ
2512 694 2804 766 ἑστήκασιν
2858 697 2936 759 είς
2981 696 3234 768 Χριστὸν,
3257 696 3316 760 ὃς
3352 697 3483 750 ἐστι
3517 713 3614 748 m-

2019 781 2312 837 στευόντων
2345 786 2621 856 στήριγμα
2645 788 2737 840 καὶ
2775 787 3051 858 θεμέλιος·
3083 788 3144 841 τὸ
3169 787 3276 860 γὰρ
3303 790 3380 852 είς
3411 787 3614 858 κρίσιι

2017 873 2202 941 φησὶν,
2228 873 2326 926 οὐκ
2349 875 2430 936 είς
2454 876 2740 947 ἐρώτησιν.
2759 878 2860 930 Ἔν
2877 876 2952 946 τῇ
2981 877 3302 947 συναγωγῆ
3319 877 3611 940 δικαίων,

2015 961 2194 1032 λέγει’
2223 965 2469 1037 ἀφορίζει
2499 967 2607 1039 γὰρ
2646 969 2771 1032 τοὺς
2801 967 3038 1031 δικαίους
3062 968 3171 1021 ἀπὸ
3197 967 3305 1021 τῶν
3333 967 3612 1038 ἁμαρτω-

2016 1051 2124 1107 λῶν

2088 1145 2206 1197 Ὅτι
2236 1145 2513 1215 γινώσκει
2553 1149 2766 1216 Κύριος
2793 1147 2936 1202 ὀδόν
2962 1147 3227 1201 δικαίων.
3264 1146 3359 1211 Τὸ,
3407 1145 3611 1216 τινώοο

2016 1249 2171 1298 σκει,
2197 1235 2316 1288 ἀντὶ
2343 1235 2456 1300 τοῦ,
2481 1235 2636 1306 τιμᾷ,
2663 1237 2802 1291 κατά
2824 1237 2885 1291 τὸ
2909 1236 3193 1308 εἰρημένον
3220 1237 3326 1291 ὑπὸ
3347 1235 3494 1289 Θεοῦ
3522 1238 3611 1299 είς

2015 1325 2218 1396 Μωσῆν
2237 1343 2250 1356 ·
2285 1325 2566 1380 Γινώσκω
2598 1344 2672 1382 σε
2701 1328 2860 1396 παρὰ
2892 1326 3145 1393 mimae“
3175 1326 3296 1380 ἀντὶ
3323 1326 3424 1381 τοῦ
3453 1326 3610 1398 τιμῶ

2018 1432 2099 1477 σε,
2130 1417 2223 1469 καὶ
2255 1411 2408 1488 εὗρες
2430 1418 2589 1489 χάριν
2619 1419 2676 1471 ὲν
2707 1418 2847 1489 ἐμοί.

2021 1511 2328 1564 ΨΑΛΜΟΣ
2357 1509 2437 1577 τῷ
2463 1510 2642 1566 Δαυῒδ
2684 1511 3086 1581 ἀνεπίγραφος
3113 1513 3248 1579 παρ’
3281 1510 3607 1579 Ἑϐραίοις.

2763 1605 2844 1658 B'.

2642 1693 2963 1759 Ὑπόθεσις.

2023 1782 2111 1836 Ἐν
2157 1782 2236 1854 τῷ
2281 1781 2481 1855 πρώτῳ
2525 1783 2726 1856 ψαλμῷ
2768 1785 2982 1848 ἀσεϐεῖς
3013 1801 3073 1838 τε
3103 1784 3198 1839 καὶ
3231 1783 3605 1856 ἁμαρτωλοὺς

2080 1876 2176 1929 καὶ
2211 1876 2430 1946 λοιμοὺς
2457 1878 2873 1949 ἀποφηνάμενος
2903 1877 3029 1942 τοὺς
3049 1877 3312 1947 ἄρχοντας
3341 1877 3442 1930 τοῦ
3471 1878 3604 1930 ’ἰου-

2079 1964 2241 2019 δαίων
2272 1966 2477 2030 ἔθνους,
2506 1969 2564 2020 ὲν
2591 1969 2763 2039 τούτῳ
2787 1967 2947 2022 πάλιν
2971 1967 3210 2044 δείκνυσι
3234 1969 3332 2032 τὰς
3356 1967 3604 2039 πράξεις

2081 2053 2168 2106 διὰ
2207 2052 2314 2107 τῶν
2351 2053 2606 2109 τοιούτων
2629 2055 2926 2127 ὀνομάτων,
2953 2049 3029 2110 ὧν
3057 2056 3308 2125 γεγόνασι
3345 2057 3605 2128 μέτοχοι.

2082 2145 2309 2218 [Μνήμῃ
2339 2147 2446 2200 τῶν
2476 2146 2686 2202 ἀσεϐῶν
2711 2149 3060 2222 συμπερανας
3087 2149 3175 2203 τὸν
3204 2150 3435 2222 πρῶτον
3467 2149 3610 2220 ψαλ-

2083 2239 2184 2310 μδν
2204 2280 2216 2301 ,
2248 2240 2312 2293 ὲκ
2343 2241 2547 2311 ταύτης
2574 2240 2735 2295 πάλιν
2758 2240 2853 2295 τοῦ
2879 2241 2924 2312 β’
2947 2241 3046 2314 τὴν
3077 2241 3247 2313 ἀρχὴν
3267 2243 3605 2313 ἐποιήσατο,

2081 2328 2364 2396 διδάσκων,
2393 2331 2560 2386 ὅτιτὸ
2606 2334 3000 2404 προειρημένον
3031 2332 3137 2386 τῶν
3183 2331 3392 2386 ἀσεϐῶν
3445 2330 3606 2395 τέλος

2081 2428 2176 2481 καὶ
2204 2431 2330 2494 τοὺς
2358 2427 2500 2482 κατά
2521 2426 2623 2482 τοῦ
2649 2427 2898 2500 Σωτῆρος
2923 2426 3290 2498 λυττήσαντας
3328 2424 3604 2491 ὑποδέξε-

2077 2532 2184 2569 ται.

2077 2514 2276 2656 flavit-{LI
2301 2602 2607 2671 ἐφρύαξαν
2630 2602 2774 2670 ἔθνη
2798 2602 2893 2659 καὶ
2916 2601 3053 2657 λαοὶ
3083 2601 3474 2672 ἐμελέτησαν
3501 2617 3601 2657 κσ-

2004 2688 2117 2754 νά;
2147 2691 2330 2762 Φρύαγ
2339 2709 2414 2762 μα
2443 2692 2501 2745 τὸ
2516 2692 2705 2761 ἄλογον
2730 2693 3001 2763 φρόνημα.
3019 2693 3148 2746 Ἀπὸ
3168 2691 3345 2746 κοινοῦ
3374 2692 3470 2755 τὸ,
3495 2693 3599 2745 ἵνα

2005 2784 2062 2836 τί
2067 2824 2082 2847 ,
2110 2784 2358 2838 τουτέστι
2376 2801 2392 2816 ο
2424 2785 2526 2839 Διὰ
2550 2785 2605 2838 τί
2631 2789 2683 2840 οἱ
2707 2784 2840 2840 λαοὶ
2864 2785 3235 2854 ἐμελέτησαν
3251 2784 3397 2839 κενά
3421 2801 3443 2849 ;
3467 2784 3592 2848 Πῶς

2004 2875 2112 2947 γὰρ
2142 2876 2202 2928 οὐ
2246 2875 2378 2930 κενά
2403 2877 2624 2945 γέγονεν
2655 2878 2837 2941 αὐτοῖς
2869 2879 2902 2948 ἡ
2934 2877 3127 2948 μελέτη
3159 2877 3235 2949 μὴ
3265 2873 3593 2948 δεξαμένοις

2005 2968 2094 3021 τὸν
2113 2969 2339 3041 Σωτῆρα
2362 2969 2455 3022 τοῦ
2481 2969 2699 3039 γένους;

2077 3165 2216 3238 [Τίς,
2248 3167 2430 3238 φησιν,
2450 3168 2482 3238 ἠ
2502 3167 2652 3220 αἰτία
2673 3167 2924 3221 τοσούτου
2953 3167 3138 3238 μίσους
3166 3171 3246 3232 είς
3271 3171 3441 3223 ταυτδ
3466 3185 3587 3222 συνο

2001 3260 2228 3330 δραμεῖν
2275 3259 2400 3331 ἔθνη
2447 3260 2540 3312 καὶ
2576 3259 2771 3324 λαούςς
2811 3260 2884 3313 Τὸ
2926 3259 3054 3332 γὰρ.
3081 3259 3406 3329 ἐφρύαξαν,
3440 3260 3586 3314 κατά

2000 3351 2224 3405 τοσοῦτο
2272 3351 2807 3424 ὑπερηφανεύσαντο,
2840 3353 3092 3424 σημαίνει
3139 3355 3202 3406 τὸ
3256 3354 3370 3424 μετ’
3402 3353 3584 3426 ἐπάρ-

2003 3459 2141 3508 σεως
2177 3444 2269 3497 καὶ
2301 3445 2670 3516 μεγαλαυχίας
2697 3446 2841 3510 τινὸς
2873 3446 3234 3518 ταράσσεσθαι
3279 3447 3373 3500 καὶ
3418 3447 3581 3518 θορυ-

2001 3533 2230 3588 ὁεῖσοαι.
2247 3535 2580 3606 Μετενεχὸὲν
2602 3537 2710 3590 ἀπὸ
2732 3538 2829 3608 τῆς
2851 3537 3046 3606 ἀλόγου
3068 3538 3175 3591 τῶν
3200 3538 3380 3592 ἵππων
3399 3539 3582 3611 ὁρμῆς

2001 3627 2088 3679 ἐπ’
2120 3626 2294 3680 οὐδενὶ
2320 3626 2428 3679 τῶν
2457 3628 2683 3681 δεόντων
2701 3645 2715 3657 ⁵
2745 3628 2774 3680 ὃ
2806 3627 3000 3698 συνέϐη
3030 3632 3142 3693 τοῖς
3179 3629 3454 3692 Ἰουδαίοις
3483 3630 3580 3682 ἐπὶ

1999 3717 2256 3788 Χριστοῦ.
2287 3717 2351 3770 Τί
2379 3718 2436 3770 τὸ
2467 3717 2637 3771 αἴτιον
2670 3719 2747 3783 είς
2765 3719 2934 3773 ταυτὸ
2967 3719 3292 3792 συνδραμεῖν
3321 3718 3449 3792 ἔθνη
3482 3722 3582 3774 καὶ

1999 3803 2194 3871 Mode;
2242 3805 2367 3859 Εἴτε
2419 3807 2528 3879 γὰρ
2574 3809 2700 3872 τοὺς
2745 3809 3081 3881 Ἰσραηλίτας
3129 3811 3261 3881 φησὶ
3310 3810 3436 3882 ἔθνη
3480 3813 3578 3865 καὶ

1998 3894 2178 3962 λαοὺς,
2210 3895 2319 3950 εἴτε
2350 3897 2474 3960 τοὺς
2503 3899 2629 3969 περὶ
2668 3897 2910 3970 Ἡρώδην
2946 3899 3039 3951 καὶ
3067 3898 3294 3952 Πιλᾶτον
3324 3899 3400 3964 ὡς
3431 3899 3579 3954 tow.

1999 3990 2148 4054 κους,
2178 3990 2272 4043 καὶ
2305 3989 2466 4053 λαοὺς
2495 3991 2618 4054 τοὺς
2664 3989 2990 4062 Ίουδαίους.]

2069 4158 2490 4232 [Παρέστησαν
2531 4168 2584 4218 οι
2620 4163 2902 4232 βασιλεῖς
2938 4167 3049 4236 τῆς
3088 4167 3218 4238 γῆς.
3265 4169 3358 4235 To,
3423 4182 3575 4238 παρο-

326 4243 559 4297 consilio
611 4246 677 4300 ad
709 4246 760 4300 id
809 4250 1006 4318 negmii
1053 4251 1397 4306 destinarunt
1438 4270 1611 4324 reges,
1654 4255 1894 4317 Herodes

2079 4269 2286 4320 τησαν,
2311 4255 2430 4307 ἀντὶ
2472 4254 2591 4320 τοῦ,
2643 4258 2869 4321 ἑαυτοὺς
2905 4258 3042 4331 πρὸς
3088 4260 3245 4314 τοῦτο
3286 4258 3575 4332 ἀφώρισαν

325 4347 519 4404 nempe
544 4346 598 4391 et
625 4336 856 4394 Pontius
878 4338 1106 4398 Pilatus.
1134 4341 1211 4398 Ita
1251 4345 1426 4399 sancti
1453 4347 1682 4416 apostoli
1709 4348 1762 4403 in
1789 4349 1896 4408 Ac-

2079 4344 2238 4409 σιλεῖς
2275 4345 2516 4419 Ἡρώδης
2574 4365 2632 4401 τε
2685 4350 2776 4404 καὶ
2829 4352 3048 4417 Πόντιος
3103 4353 3347 4415 Πιλᾶτος.
3380 4352 3572 4415 υῦτως

325 4425 470 4481 tibus
503 4428 836 4498 interpretati
867 4432 1037 4506 suut.]

392 4517 447 4573 2.
487 4517 549 4574 Et
581 4521 840 4592 principes
891 4536 1236 4580 convenerunt
1273 4528 1328 4581 in
1367 4545 1549 4585 unum.
1587 4528 1894 4602 Supradicti

322 4607 531 4662 scilicet
559 4610 778 4666 ordines
809 4631 822 4667 :
861 4615 1054 4670 scribae
1076 4616 1356 4681 nimirum,
1377 4617 1632 4677 Pharisaei
1655 4633 1708 4678 et
1735 4625 1895 4695 legis-

320 4699 497 4766 periti.
521 4699 776 4756 Adversus
801 4703 1081 4760 Dominum
1107 4717 1156 4760 et
1192 4709 1440 4765 adversus
1471 4713 1737 4767 Christum
1755 4715 1889 4784 ejus.

2001 4438 2096 4491 καὶ
2111 4439 2158 4490 οἱ
2176 4439 2318 4506 διγιοι
2346 4440 2631 4496 ἀπόστολοι
2659 4446 2717 4496 ἐν
2748 4449 2868 4508 ταῖς
2884 4446 3150 4516 Πράξεσιν
3173 4445 3572 4518 ήρμήνευσαν.ι

2073 4534 2182 4586 Καὶ
2214 4537 2267 4587 οἱ
2298 4533 2585 4604 ἄρχοντες
2621 4537 3021 4606 συνήχθησαν
3051 4539 3151 4592 ἐπὶ
3191 4539 3258 4593 τὸ
3291 4539 3458 4594 αὐτό.
3487 4539 3569 4591 Τὰ

2001 4625 2365 4696 προλεχθέντα
2388 4628 2662 4698 τάγματα·
2691 4632 3035 4700 γραμματεῖς
3060 4631 3155 4683 καὶ
3167 4631 3570 4702 Φαρισαῖοι,καὶ

1998 4719 2230 4787 νομικοὶ.
2256 4721 2417 4774 Κατὰ
2452 4720 2558 4773 τοῦ
2585 4723 2806 4788 Κυρίου
2845 4723 2941 4774 καὶ
2979 4724 3128 4779 κατὰ
3159 4723 3265 4778 τοῦ
3310 4725 3568 4793 Χριστοῦ

320 4790 535 4847 Insidiae
558 4793 702 4847 enim
728 4795 782 4849 in
814 4795 1090 4851 Christum
1123 4809 1343 4868 paratae,
1374 4802 1426 4856 in
1464 4803 1641 4872 ipsum
1672 4821 1891 4875 quoque

2079 4809 2200 4862 τοῦ.
2219 4811 2282 4862 Ἠ
2317 4810 2427 4882 γὰρ
2457 4813 2535 4875 εἰς
2559 4813 2650 4865 τὸν
2679 4813 2911 4883 Χριστὸν
2940 4815 3195 4888 ἐπιϐουλὴ
3225 4818 3320 4870 καὶ
3352 4790 3441 4881 είς
3469 4817 3567 4870 αὐ-

317 4881 533 4940 Patrem
574 4896 812 4944 vertunt.
856 4886 990 4943 Nam
1037 4890 1082 4944 si
1122 4889 1280 4946 Pater
1307 4893 1359 4947 in
1383 4892 1520 4948 Filio
1547 4906 1600 4949 et
1633 4893 1801 4950 Filius
1832 4897 1886 4951 in

2079 4919 2082 4939 ν
2126 4881 2407 4973 ἀνατρέχει
2455 4903 2547 4957 τὸν
2601 4881 2836 4976 Πατέρα.
2871 4907 2932 4960 Εἰ
2959 4907 3066 4980 γὰρ
3095 4911 3123 4962 ό
3167 4881 3355 4981 ῄατὴρ
3403 4913 3460 4963 ὲν
3485 4907 3564 4976 τῷ

318 4974 498 5043 Patre,
525 4981 805 5049 quomodo
830 4997 937 5036 non
970 4998 1075 5037 una
1101 4982 1155 5038 in
1179 4993 1473 5054 utrumque
1509 4993 1744 5040 vertatur
1763 5003 1888 5042 con-

319 5071 580 5126 tumelia?

1993 4990 2108 5062 Υἱῷ
2138 4992 2230 5045 καὶ
2252 4995 2280 5047 ό
2310 4994 2434 5058 Tib;
2465 4996 2522 5048 ὲν
2574 4997 2651 5068 τῷ
2697 4998 2892 5071 Πατρὶ,
2929 4999 3046 5064 πῶς
3071 5001 3131 5055 οὐ
3158 5003 3249 5054 καὶ
3291 5003 3388 5072 μία
3417 5003 3448 5073 ἡ
3484 5003 3563 5064 είς

1992 5084 2189 5148 αὐτοὺς
2219 5084 2374 5157 ὕϐρις
2397 5087 2590 5157 γένοιτ’
2623 5089 2720 5154 ἀν;

394 5184 593 5250 Adjicit
620 5184 810 5242 Daniel
843 5189 1117 5244 Barbarus
1149 5207 1169 5246 :
1203 5187 1338 5246 Nam
1367 5193 1782 5263 praepositiones
1801 5195 1948 5264 duae,
1971 5209 2026 5254 et
2069 5201 2283 5257 articuli
2338 5204 2468 5272 duo,
2523 5207 2662 5264 duas
2710 5225 2929 5281 quoque
2955 5224 3218 5280 personas
3251 5211 3514 5265 inducunt
3547 5227 3560 5261 :

317 5273 532 5332 Patrem
559 5281 844 5348 nimirum,
872 5295 926 5340 et
951 5284 1172 5352 Filium,
1197 5286 1352 5356 juxta
1382 5288 1534 5352 illud,
1565 5291 1711 5361 quod
1745 5309 1775 5349 a
1801 5292 2020 5352 Christo
2048 5298 2252 5355 dictum
2282 5311 2367 5357 est
2395 5304 2439 5335 "
2465 5319 2483 5360 :
2518 5303 2623 5370 Qui
2655 5273 2741 5362 me
2770 5273 2971 5378 recipit,
3011 5308 3191 5377 recipit
3212 5324 3328 5362 eum
3359 5307 3449 5377 qui
3487 5323 3562 5358 me

316 5373 500 5437 misit;
525 5384 576 5430 et
602 5377 692 5446 qui
721 5395 801 5434 me
825 5382 1042 5449 spernit,
1074 5383 1255 5437 ambos
1282 5384 1502 5452 spernit.

391 5603 436 5640 ⁸⁷
470 5603 656 5704 Matth.
680 5623 802 5676 xxv,
837 5608 923 5666 Μ.
1002 5610 1049 5645 ⁸³
1072 5610 1242 5669 Exod.
1275 5629 1446 5684 xxx",
1479 5615 1565 5671 l2.
1637 5616 1682 5651 "
1707 5613 1836 5672 Luc.
1871 5629 1922 5683 ις
1959 5617 2039 5677 ίϐ.
