3698 6268
79 86 178 340 l.

1275 288 1641 344 exposmo
1682 287 1746 340 IN
1800 289 2125 344 PSALMUM
2165 292 2252 348 tu.
2567 283 2572 290 '
3325 275 3392 350 τι

140 400 295 468 assii},
323 400 350 449 ό
370 398 508 460 Θεὸς
536 394 724 464 οὖσα,
761 405 917 458 ὅταν
1015 405 1204 474 Θεότης
1233 405 1397 457 αὑτοῦ
1425 404 1631 474 φανερὰ
1659 404 1702 456 δι

1870 416 2017 473 ςῳιιι,
2052 409 2197 476 quod
2228 407 2370 461 Deus
2393 416 2509 471 est,
2545 407 2795 468 exaltari,
2838 422 2959 460 cum
2992 405 3246 461 divinitas
3275 407 3393 476 ejus

135 490 385 554 ἀποδείξεως
415 493 535 554 τοῖς
576 499 840 560 πιστοῖς
871 498 1123 568 γένηται.

173 583 247 653 ίΣῦ
277 582 358 643 δέν
379 584 601 649 Κύριε,
628 585 1061 657 ἀντιλήπτωρ
1083 606 1203 657 μου
1239 584 1311 643 εἴ.
1340 588 1628 657 Πρέπουσα
1655 589 1718 658 τῇ

131 677 245 727 ’ἐπι
275 670 364 725 τοῦ
394 675 720 744 προφήτου
742 679 942 750 φωνὴ,
974 679 1240 742 ἀσείστως
1273 679 1526 750 φέροντος
1566 677 1719 748 τηλι-

305 763 725 831 περιστάσεις,
774 771 888 821 καὶ
936 770 1254 833 πεποιθότος
1301 771 1374 841 μὴ
1405 771 1719 838 ἐγκαταλει-

128 855 351 925 ςξξςεσθιι
371 872 386 883 ·
420 856 573 908 ἀλλὰ
606 858 781 929 πρὸς
818 861 890 914 τὸ
916 861 1176 931 βοηθῆναι
1209 863 1301 914 καὶ
1338 861 1714 931 ὑψωθήσεσθαι

48 946 52 986 -'
125 955 173 1000 αἱ
195 949 274 1017 τὴν
313 946 619 1015 βασιλείαν
652 951 1099 1022 ἀπολήψεσθαι·
1132 952 1288 1006 τοῦτο
1315 951 1422 1022 γὰρ
1455 949 1603 1004 εἶπόν
1628 969 1712 1004 τι-

206 1037 364 1106 ίειίτῖιν
391 1039 521 1106 τὴν
560 1043 916 1109 κεφαλήν.
955 1044 1092 1109 Δόξα
1119 1044 1296 1096 τοίνυν
1324 1043 1418 1096 τοῦ
1449 1042 1656 1096 δικαίου
1684 1045 1712 1095 ό

318 1128 648 1183 πέποιθενο
685 1125 745 1200 ᾧ
787 1134 856 1186 δὲ
891 1132 1019 1197 δόξα
1061 1133 1091 1184 ὁ
1118 1133 1266 1197 Θεὸς,
1301 1127 1456 1196 οὗτος
1487 1133 1710 1202 ὑψοῦται

111 1224 170 1290 τὴν
192 1220 477 1291 rasili-m1

148 1391 286 1459 Φωνῇ
302 1411 426 1459 μου
453 1397 637 1462 πρὸς
673 1398 934 1464 Κύριοι·
954 1394 1262 1463 ἐκέκραξα.
1295 1396 1542 1450 Διδάσκει
1569 1401 1596 1452 ὁ
1623 1400 1711 1454 λό-

105 1500 178 1548 rs;
204 1483 272 1546 ὡς
315 1486 377 1536 ἐν
415 1489 556 1549 ταῖς
605 1488 1009 1558 περιστάσεσι
1041 1487 1140 1539 οὐκ
1167 1486 1308 1556 ἄλλῳ
1341 1487 1374 1558 ἢ
1404 1488 1523 1559 Θεῷ
1565 1492 1709 1563 μόνῳ

105 1575 325 1640 minus
350 1577 461 1630 δεῖ.

1824 495 2076 551 ϐαιοιίὺυε
2113 499 2399 567 perspicue
2427 508 2913 556 commonstratnr.

1895 585 1998 657 [Tu
2025 600 2218 651 autem,
2253 589 2494 654 Domine,
2519 602 2790 658 susceptor
2835 607 2979 643 meus
3025 607 3095 644 es.
3127 589 3251 645 Haec
3288 604 3394 644 vox

1819 675 2100 747 Pmphetae
2146 680 2267 733 lidei
2304 683 2544 750 apprime
2589 683 2862 746 convenit,
2897 682 2989 751 qui
3034 683 3169 736 tales
3212 697 3390 735 rerum

1818 769 2161 825 conditiones
2208 771 2364 826 ﬁrmo
2398 781 2560 841 atque
2612 772 2883 840 intrepido
2933 773 3117 825 animo
3165 771 3389 837 ferebat,

1817 859 2226 929 conﬁtlebatque
2250 877 2307 916 se
2339 861 2560 914 minime
2587 861 2831 914 relictum
2863 861 2959 925 iri;
2988 862 3096 916 imo
3125 878 3252 916 vero
3280 877 3389 915 non

1815 952 2076 1006 auxilium
2106 955 2267 1007 modo
2298 952 2631 1019 adfuturum,
2663 969 2850 1006 verum
2877 953 3039 1007 etiam
3073 955 3390 1024 erigendum

1814 1055 1872 1094 se
1904 1040 2018 1096 fore
2062 1051 2224 1112 atque
2259 1059 2482 1113 regnum
2529 1052 2915 1112 accepturum:
2951 1043 3003 1096 id
3041 1045 3186 1098 enim
3239 1047 3391 1099 aiunt

1813 1131 2033 1198 quidam
2068 1132 2374 1202 signiﬁcare
2399 1133 2552 1198 illud,
2585 1133 2828 1187 exultans
2859 1145 3032 1202 caput.
3069 1134 3252 1188 Gloria
3283 1137 3389 1189 ita-

1811 1236 1918 1291 que
1954 1222 2088 1291 justi
2123 1223 2263 1278 Deus
2297 1234 2398 1287 est,
2428 1225 2481 1278 in
2519 1240 2680 1294 quem
2722 1239 2869 1293 spem
2914 1226 3156 1293 reposuit
3185 1245 3198 1279 :
3229 1226 3389 1296 cujus

1813 1323 1990 1369 autem
2020 1317 2189 1386 gloria
2230 1326 2313 1372 est
2341 1317 2505 1382 Deus,
2541 1318 2704 1387 hujus
2737 1325 2902 1386 caput
2929 1315 3244 1388 exaltatum]

1883 1408 1935 1461 5.
1983 1406 2115 1462 Voce
2139 1425 2250 1462 mea
2282 1410 2350 1462 ad
2365 1403 2658 1464 'Dominum
2688 1409 2929 1462 clamavi.
2959 1408 3193 1462 Docelur
3217 1409 3268 1462 in
3295 1424 3388 1463 oc-

1815 1499 2159 1554 currentibus
2200 1501 2440 1569 casibus,
2469 1516 2577 1556 non
2607 1505 2675 1555 ad
2713 1500 2879 1555 alium
2909 1515 3072 1571 quam
3113 1500 3179 1555 ad
3214 1499 3383 1556 Deum

1815 1587 2264 1660 confugiendum.

148 1683 315 1754 Adjicit
351 1684 508 1739 Dan.
547 1686 879 1740 Barbarus
909 1701 927 1739 :
970 1685 1048 1740 De
1075 1695 1246 1741 monte
1275 1697 1479 1753 sancto,
1513 1689 1564 1744 id
1594 1701 1679 1748 est
1707 1694 1772 1749 de
1798 1699 1958 1754 cado.

145 1799 328 1869 ἰσων-ᾖ
376 1820 511 1869 μου
569 1802 761 1871 πρὸς
817 1802 1044 1870 Κύριον
1072 1800 1383 1870 ἐκέκραξα.
1430 1806 1701 1876 Προέταξε
1734 1819 1775 1872 Β

104 1894 170 1960 μὲν
192 1895 277 1964 τὴν
323 1893 530 1964 εὐχὴν,
573 1891 726 1948 εἶτα
764 1895 916 1964 μετὰ
958 1895 1020 1946 τὸ
1052 1895 1324 1966 διάῴαλμα
1353 1897 1451 1969 τὴν
1490 1901 1711 1972 εὐχαρι-

108 1987 231 2048 ςτίτν,
253 1987 342 2038 ἐπὶ
365 1988 434 2038 τὸ
471 1987 900 2057 τετυχηκέναι
926 1981 1000 2040 ὧν
1025 1988 1209 2058 ᾔτησε.
1237 1988 1348 2043 Νῦν
1382 1990 1563 2060 μέντοι
1584 1992 1713 2044 ἀπο-

105 2077 269 2143 ττξὲξει
297 2077 357 2128 τὲ
393 2077 746 2148 πρόσωπον
808 2077 947 2149 πρὸς
979 2081 1144 2148 ἡμᾶς,
1178 2082 1270 2132 καὶ
1298 2081 1563 2152 διηγεῖται
1595 2083 1710 2146 πῶς

105 2167 340 2234 εἰξὰμενος
387 2168 798 2237 ἐπηκούσθη,
847 2167 942 2220 καί
989 2186 1152 2238 φησι·
1190 2171 1362 2240 Φωνῇ
1403 2191 1521 2240 μου
1565 2174 1712 2240 πρὸς

106 2259 276 2322 ιιι-μιν
309 2257 679 2325 ἐκέκραξα.
720 2260 848 2310 Καὶ
891 2258 1072 2329 φωνὴν
1108 2260 1204 2330 μὲν
1246 2261 1584 2331 ὑποληπτέον
1615 2261 1710 2332 τὴν

109 2351 246 2417 eam
271 2351 365 2419 τῆς
394 2350 686 2413 διανοίας
723 2351 878 2421 πρὸς
901 2349 990 2402 τὸν
1019 2350 1125 2404 τῶν
1150 2351 1284 2406 ὅλων
1310 2352 1441 2406 Θεὸν
1470 2354 1707 2408 ἱκεσίανο

108 2446 145 2492 ι;
172 2445 261 2513 γάρ
279 2444 376 2513 τὴν
402 2445 703 2515 κραυγὴν
741 2444 922 2512 λέγει,
946 2443 1078 2497 ἀλλὰ
1101 2446 1198 2515 τὴν
1228 2446 1453 2502 αὐδαίαν
1479 2448 1578 2518 τῆς
1600 2447 1714 2501 δια’

112 2539 212 2599 λείας
241 2540 404 2608 εὐχήν
416 2581 430 2592 .

156 2631 210 2681 Τὸ
235 2632 318 2682 δέ’
345 2631 714 2700 ἐπήκουσέ
745 2647 875 2699 μου
914 2630 983 2693 ἐξ
1035 2629 1236 2697 ὄρους,
1278 2628 1418 2683 κατὰ
1447 2627 1545 2700 τὴν
1581 2645 1714 2681 κατ-

115 2720 284 2787 ἔμπαν
327 2726 575 2796 εἴρηται
631 2723 834 2786 δόξαν.
857 2720 1166 2793 Ἐνομίξετο
1192 2722 1300 2793 γὰρ
1333 2724 1390 2773 ὲν
1431 2724 1497 2792 τῇ
1534 2722 1712 2791 Σκηνῇ

117 2821 347 2881 κατοικεῖν,
385 2817 612 2886 ἐπειδὴ
645 2814 876 2869 ἐκεῖθεν
903 2813 998 2866 καὶ
1029 2813 1076 2864 οι
1100 2813 1336 2884 χρησμοὶ
1363 2815 1476 2875 τοῖς
1506 2811 1714 2882 ἱερεῦσι

122 2908 393 2964 ὲίἷδςπο,Ἠ
420 2912 519 2970 τὸ,
545 2910 631 2973 ἐξ
659 2908 858 2976 ὄρους
879 2907 1074 2976 ἁγίου,
1097 2906 1218 2958 ἀντὶ
1240 2903 1428 2969 τοῦ,ὲξ
1448 2903 1675 2976 οὐρανοῦ
1698 2923 1711 2935 ·

119 3000 170 3061 ἐς
188 3005 259 3053 ui
276 3003 336 3054 τό
355 3021 368 3032 ·
415 3005 531 3055 Ἐν
573 3001 718 3069 ὄρει
745 2999 895 3066 ἁγίῳ
927 3011 1044 3050 σου
1068 3013 1081 3026 ο
1116 2997 1230 3058 καὶ,
1251 2997 1554 3066 Ἐγτίσατε
1587 2996 1713 3063 ὄρε-

125 3106 194 3141 t'zr
215 3096 466 3162 οίωτίοις
489 3133 508 3158 ,
551 3092 806 3145 δύναται
858 3090 983 3160 ὅρος
1037 3089 1190 3157 ἆγιον
1230 3083 1367 3140 εἶναι
1395 3087 1528 3140 Θεοῦ
1560 3087 1618 3152 ἐξ
1644 3080 1705 3139 οὗ

1876 1811 2042 1884 [Voce
2065 1831 2179 1868 mea
2205 1815 2273 1867 ad
2304 1813 2584 1868 Dominum
2615 1812 2854 1870 clamavi.
2892 1813 3162 1871 Praemisit
3193 1831 3383 1886 preca-

1813 1905 2033 1968 tionem,
2064 1905 2283 1969 dehinc,
2304 1904 2762 1974 postdiapsalma,
2789 1906 3085 1976 gratiarum
3116 1908 3380 1962 actionem

1809 1996 1958 2050 addit
1984 1997 2050 2051 de
2078 2012 2341 2052 concesso
2371 1999 2662 2066 postulato.
2686 1999 2882 2068 Atjam
2905 1999 2970 2053 ad
2993 2014 3093 2053 nos
3120 2015 3384 2054 converso

1809 2088 1982 2150 vultu,
2017 2098 2198 2140 narrat
2237 2104 2346 2157 quo
2379 2097 2537 2157 pacto
2577 2105 2762 2158 preces
2798 2089 2917 2158 ejus
2957 2091 3209 2145 admissa:
3254 2093 3406 2156 sint,

1811 2180 2029 2248 aitque:
2077 2178 2208 2232 Voce
2235 2196 2347 2232 mea
2378 2180 2446 2235 ad
2481 2180 2760 2233 Dominum
2791 2183 3034 2236 clamavi.
3087 2181 3187 2236 Per
3212 2199 3384 2237 vocem

1811 2269 2076 2338 intelligas
2096 2270 2482 2340 intelligibilem
2507 2272 2702 2326 mentis
2724 2271 2834 2326 Deo
2855 2274 3232 2329 universorum
3255 2290 3385 2342 sup-

1811 2361 2157 2432 plicationem
2189 2380 2202 2416 :
2236 2378 2342 2416 non
2374 2363 2516 2417 enim
2540 2365 2606 2418 de
2635 2366 2873 2422 clamore
2903 2367 3162 2437 loquitur,
3195 2368 3288 2423 sed
3313 2369 3381 2423 de

1811 2452 2021 2521 prolata
2054 2469 2150 2522 per
2181 2461 2414 2508 mentem
2453 2454 2721 2510 oratione.

1883 2630 2018 2686 Illud
2068 2647 2274 2702 porro:
2302 2635 2573 2689 exaudivit
2613 2652 2692 2690 me
2732 2636 2795 2690 de
2831 2646 3023 2703 monte,
3059 2638 3256 2694 dicitur
3295 2655 3381 2695 se-

1813 2725 2048 2779 cundum
2096 2725 2368 2796 vulgarem
2421 2728 2754 2796 opinionem.
2799 2729 3097 2785 Putabatur
3133 2731 3276 2786 enim
3324 2729 3408 2785 in'

1814 2815 2164 2870 tabernaculo
2188 2816 2450 2886 habitare,
2468 2805 2595 2886 quia
2622 2819 2745 2873 inde
2764 2821 2981 2874 oracula
3003 2821 3380 2876 sacerdotibus

1814 2905 2101 2960 dabantur.
2120 2905 2237 2972 Vel,
2260 2906 2323 2960 de
2353 2919 2527 2962 monte
2550 2923 2752 2972 sancto,
2772 2911 2927 2979 quasi
2955 2912 3105 2966 dicas
3120 2913 3185 2966 de
3206 2914 3376 2978 coelo;

1815 3004 1875 3049 ut
1903 2996 2063 3049 etiam
2104 2996 2256 3058 illud,
2293 2994 2358 3049 In
2389 3007 2560 3050 monte
2592 3007 2772 3050 sancto
2797 3008 2886 3052 tuo
2911 2998 2974 3062 ⁸⁵,
3011 3001 3378 3070 etAppropin-

1815 3097 1971 3156 quate
1998 3087 2257 3140 montibus
2285 3088 2495 3142 wternis
2520 3089 2584 3144 ⁸⁸.
2628 3088 2809 3145 Potest
2843 3106 2997 3145 mons
3026 3101 3246 3145 sanctus
3282 3090 3378 3146 Dei

125 3187 337 3239 εῐιπούει
384 3189 505 3241 τῶν
551 3183 888 3255 εὐχομένων
918 3185 945 3234 ὁ
970 3180 1100 3244 Θεὸς
1133 3181 1162 3232 ὁ
1191 3179 1481 3250 μονογενὴς
1515 3179 1700 3244 αὑτοῦ,

1870 3192 1922 3231 se
1951 3193 2016 3231 ex
2049 3193 2157 3246 quo
2183 3178 2638 3233 exauditorantes
2668 3179 2812 3234 Deus
2841 3181 3172 3251 unigenitus,
3209 3182 3374 3246 illius,

226 3268 278 3325 οὗ
304 3276 543 3346 sign-:1:
570 3291 589 3302 ο
631 3273 853 3323 Ἔσται
883 3269 1144 3338 ἐμφανὲς
1176 3271 1242 3322 τὸ
1280 3270 1416 3338 ὅρος
1448 3269 1552 3323 τοῦ
1584 3274 1700 3322 Κυ-

127 3363 216 3424 [ire
235 3365 315 3416 ἐπ’
337 3366 618 3435 ἐσχάτῳ
641 3361 769 3416 τῶν
797 3361 1032 3430 ἡμερῶν
1055 3378 1068 3391 ο
1095 3361 1362 3432 δηλούσης
1383 3363 1482 3431 τῆς
1507 3360 1705 3426 λέξεως

128 3455 273 3525 uitri;
318 3460 425 3530 τὴν
489 3454 828 3525 γενομένην
881 3450 1046 3506 αὑτοῦ
1083 3453 1407 3522 φανέρωσιν,
1439 3451 1580 3504 κατὰ
1602 3452 1703 3522 τὴν

131 3545 360 3616 ἐπήρειαν
414 3548 530 3600 ἐπὶ
577 3542 871 3613 συντελείᾳ
917 3541 1026 3594 τῶν
1067 3541 1305 3594 αἰώνων·
1355 3542 1412 3612 ἢ,
1448 3540 1508 3606 ἐξ
1546 3543 1703 3613 ὄρους

130 3638 257 3701 iris-4,
284 3643 346 3694 ἐκ
369 3640 484 3693 τοῦ
526 3635 974 3710 οὐρανοῦ.’ορος
1002 3635 1156 3703 ἅγιον
1192 3633 1326 3686 Θεοῦ
1359 3634 1391 3704 ή
1420 3632 1702 3704 ὑπερφυὴς

299 3733 485 3786 αὑτοῦ
499 3771 517 3785 .

179 3821 233 3873 Po
266 3824 600 3893 ὀιάψαλμα,
637 3818 906 3889 μουσικοῦ
943 3819 1136 3889 μέλους
1170 3818 1202 3888 ἢ
1235 3817 1444 3889 τροπῆς
1473 3817 1701 3887 γενομέ-

135 3928 198 3980 νης
216 3915 244 3982 ἦ
265 3916 522 3977 διανοίας
561 3913 664 3967 καὶ
693 3912 976 3981 δυνάμεως
999 3910 1157 3978 λόγου
1183 3908 1504 3978 ὲναλλαγῆς.

180 4002 249 4066 To,
272 4004 662 4072 ἐξητὲρθην,
683 3999 844 4053 τοῦτο
871 3999 1036 4069 δηλοῖ,
1055 4000 1156 4061 ὅτι,
1179 4000 1278 4070 τῆς
1301 3999 1448 4062 Θείας
1472 3998 1705 4052 ἀπολαύ-

140 4097 458 4165 aspera-51;,
496 4092 775 4165 κρείττων
819 4091 1086 4162 ἐγενόμην
1134 4089 1245 4144 τῶν
1287 4089 1702 4160 προσπεσόντων

137 4182 328 4258 κακίω]

188 4276 310 4346 Ἐγὼ
338 4275 690 4345 ἑκοιμήθην
733 4273 832 4327 καὶ
875 4273 1146 4327 ὕπνωσα.
1179 4271 1282 4324 Τὸν
1322 4271 1449 4342 περὶ
1487 4270 1581 4324 τοῦ
1609 4269 1701 4324 νοῦ

138 4361 254 4420 ὕειον
283 4369 454 4438 ιῖησὶ,
485 4367 559 4418 δι’
590 4361 656 4419 οὗ
681 4366 775 4418 καὶ
813 4366 893 4427 είς
922 4364 1021 4436 τὴν
1055 4365 1333 4435 ἁμαρτίαν
1380 4365 1699 4419 κατέπεσεν.

180 4453 312 4525 [Ὁτι
365 4457 453 4509 σὺ
503 4453 814 4519 ἐπάταξας
846 4452 1076 4517 πάντας
1109 4453 1250 4518 τοὺς
1279 4451 1700 4522 ἐχθραίνοντάς
1734 4488 1774 4541 D

133 4560 212 4607 per.
259 4546 548 4611 Πάταξον,
605 4542 915 4614 σύντριψον,
958 4542 990 4612 ἢ
1045 4543 1325 4608 πατάξεις.
1353 4541 1696 4595 Ἐπισπεύδει

225 4637 599 4700 ἐξανάστασιν
632 4635 730 4706 τὴν
769 4636 890 4689 κατ’
920 4634 1100 4689 αὐτῶν
1130 4635 1224 4686 τοῦ
1258 4634 1414 4700 Θεοῦ,
1449 4636 1566 4706 ἦτοι
1597 4634 1695 4706 τὴν

139 4725 331 4792 iga-vra.
363 4727 656 4792 Mazalwc
701 4725 816 4796 ἔχει
859 4727 984 4789 τοὺς
1033 4726 1261 4797 ἐχθροὺς
1283 4728 1312 4778 ὁ
1341 4728 1413 4796 μὴ
1441 4726 1694 4796 παρέχων

138 4818 372 4884 zygiae»
431 4817 653 4886 μίσους.
692 4815 965 4880 Ὀὸόντας
1011 4814 1068 4867 δὲ
1113 4813 1472 4884 ἁμαρτωλῶν
1517 4816 1549 4885 ἢ
1597 4815 1694 4886 τὴν

139 4907 261 4975 ῐι-ρν
284 4908 439 4975 λέγει
474 4907 586 4958 τῶν
619 4908 699 4968 είς
727 4906 890 4960 αὐτὸν
915 4906 1354 4977 ἁμαρτανόντων,
1379 4907 1412 4976 ἢ
1449 4907 1573 4970 τοὺς
1604 4907 1692 4959 λό-

277 5002 402 5062 τοὺς
441 4999 566 5049 κατ’
597 4995 783 5060 αὑτοῦ,
815 4997 910 5049 καὶ
938 4997 1035 5060 τὰς
1071 4996 1448 5067 βλασφημίαςο
1477 4997 1509 5068 ἢ
1541 4997 1691 5050 ὀδόν-

137 5104 205 5150 τες
225 5090 564 5161 ἁμαρτωλῶν
590 5092 696 5142 εἰσι
717 5089 967 5157 λογισμοὶ
995 5089 1176 5157 ἄλογοι
1207 5087 1354 5159 παρὰ
1379 5087 1537 5156 φύσιν
1560 5091 1690 5160 ἡμῖν

141 5181 616 5251 ἐτεισυμΰαίνοντες.
649 5181 774 5242 Τοῖς
802 5179 910 5251 γὰρ
940 5179 1220 5250 λογισμοῖς
1243 5179 1318 5242 ὡς
1347 5178 1526 5231 ὀδοῦσι
1556 5179 1693 5250 χρώ-

146 5289 263 5337 μενοι
312 5273 579 5335 πολλάκις
617 5272 984 5342 ἀντικείμενοι
1039 5270 1492 5342 προσεγγίζουσιν
1539 5273 1688 5341 ἡμῖν,

145 5363 216 5415 τοῦ
238 5367 424 5432 φαγεῖν
449 5365 552 5426 τὰς
576 5365 785 5432 σάρκας
812 5360 986 5430 ἡμῶν,
1007 5361 1248 5414 τουτέστι
1268 5361 1337 5412 τὰ
1362 5362 1425 5414 ὲκ
1449 5361 1546 5430 τῆς
1568 5376 1694 5428 σαρ-

149 5455 220 5517 ita;
249 5458 502 5528 saepem.
533 5453 766 5522 Φανερὰ
791 5453 881 5518 δὲ,
912 5453 1095 5524 φησὶν,
1126 5452 1261 5506 ἐστὶ
1305 5451 1378 5506 τὰ
1405 5452 1549 5521 ἔργα
1579 5450 1687 5520 τῆς

206 5655 242 5689 ’³
270 5655 406 5713 Psai.
436 5672 548 5723 τις,
579 5655 630 5711 i.
709 5653 758 5686 “
792 5649 938 5706 Psal.
973 5666 1136 5718 Lxxv,
1169 5652 1222 5706 5.

1802 3266 1867 3320 de
1912 3282 2020 3334 quo
2049 3267 2252 3321 dictum
2282 3280 2384 3334 est,
2410 3267 2525 3322 Erit
2551 3269 2860 3338 conspicuus
2905 3287 3051 3324 mons
3079 3270 3291 3326 Domini
3321 3273 3378 3325 in

1803 3359 2081 3412 novissimo
2125 3360 2350 3414 dierum.
2403 3359 2560 3425 Quod
2613 3362 2821 3415 dictum
2881 3361 3373 3417 manifestationetn
3432 3419 3436 3423 ,

1803 3449 1920 3518 ejus
1972 3448 2259 3518 signiﬁcat,
2305 3466 2428 3520 qua:
2477 3450 2659 3520 futura
2688 3461 2771 3508 est
2810 3454 2862 3506 in
2899 3455 3135 3509 adventu
3169 3455 3288 3524 ejus
3319 3456 3375 3510 in
3405 3483 3409 3488 τ

1802 3540 2270 3596 consummatione
2302 3542 2624 3596 saeculorum
2651 3561 2665 3598 :
2697 3553 2812 3607 aut,
2843 3559 2908 3597 ex
2950 3555 3134 3599 monte
3160 3555 3372 3608 sancto,

1802 3632 1856 3687 id
1885 3643 1965 3688 est
1990 3647 2057 3687 ex
2085 3633 2244 3687 coelo.
2271 3631 2433 3688 "Mons
2463 3644 2689 3690 sanctus
2718 3635 2810 3689 Dei
2828 3645 2911 3690 est
2940 3637 3374 3706 supernaturalis

1801 3725 1920 3794 ejus
1951 3725 2211 3794 cognitio.

1868 3815 2173 3885 Diapsalma
2208 3813 2494 3870 adhibetur
2523 3831 2645 3872 cum
2681 3817 2875 3870 musici
2906 3826 3103 3872 cantus
3136 3819 3372 3873 mutatio

1801 3905 1880 3973 ﬁt,
1913 3916 2006 3961 aut
2031 3923 2153 3962 cum
2187 3910 2450 3964 sententia
2475 3915 2528 3962 et
2549 3909 2630 3963 vis
2659 3909 2928 3964 sermonis
2971 3911 3078 3964 alio
3111 3911 3363 3965 vertitur.

1873 3998 2042 4063 Illud,
2087 3997 2411 4065 Exsurrexi,
2453 3998 2752 4068 signiﬁcat,
2781 3999 2962 4053 divina
3015 4001 3372 4056 conversione

1801 4089 2073 4160 dignatus,
2106 4090 2481 4161 ingruentibus
2511 4092 2566 4145 in
2601 4105 2687 4144 me
2712 4091 2868 4145 malis
2898 4093 3148 4162 superior
3172 4093 3344 4149 evasi.
3347 4092 3369 4163 J

1872 4269 1925 4323 6.
1965 4268 2076 4339 Ego
2102 4269 2322 4323 dormivi
2350 4277 2401 4322 et
2423 4277 2700 4331 soporatus
2724 4283 2863 4324 sum.
2893 4265 3085 4320 Mentis
3115 4279 3368 4319 somnum

1802 4361 1950 4426 dicit,
1980 4376 2076 4430 per
2104 4377 2262 4430 quem
2292 4361 2482 4415 incidit
2521 4361 2572 4412 in
2604 4368 2909 4427 peccatum.

1868 4434 2055 4524 [νεεδ.
2083 4455 2135 4505 8.
2172 4451 2432 4516 Quoniam
2460 4459 2516 4502 tu
2551 4449 2855 4519 percussisti
2881 4463 3054 4501 omnes
3083 4448 3366 4502 adversario

1805 4555 1878 4597 tes
1912 4543 2060 4598 milii.
2097 4542 2344 4606 Pereute,
2379 4550 2616 4604 contere,
2649 4550 2742 4594 aut
2771 4541 3058 4608 percuties.
3103 4539 3367 4594 Sollicitat

1802 4634 1969 4689 Deum
2006 4644 2280 4690 utcontra
2317 4634 2566 4689 inimicos
2608 4635 2872 4703 insurgat,
2906 4636 2970 4687 ad
2995 4649 3054 4688 se
3098 4634 3365 4687 ulciscen-

1800 4727 1952 4778 dum.
2001 4725 2125 4779 Siue
2162 4741 2321 4779 causa
2353 4725 2606 4780 inimicos
2637 4727 2815 4790 habet,
2853 4729 2944 4796 qui
2991 4726 3191 4779 nul-lam
3233 4740 3366 4794 prae-
3409 4747 3412 4750 ’

1799 4815 1918 4869 buit
1949 4816 2058 4870 odii
2104 4817 2410 4870 materiam.
2452 4815 2641 4870 Dentes
2669 4827 2848 4870 autem
2887 4825 3237 4882 peccatorum,
3272 4824 3366 4866 aut
3404 4839 3410 4846 -

1800 4907 1906 4962 vim
1929 4908 2005 4961 ait
2029 4923 2150 4962 esse
2177 4909 2515 4977 peccantium
2548 4910 2812 4963 adversus
2845 4907 3034 4971 Deum,
3078 4915 3173 4959 aut
3202 4904 3362 4957 verba

1798 4999 1854 5053 in
1900 5000 2075 5068 ipsum
2129 5001 2355 5070 prolata.
2381 5009 2437 5054 et
2469 5000 2783 5070 blasphema
2829 4999 2994 5053 dicta.
3028 4996 3136 5048 Ant
3173 4995 3363 5049 dentes

1795 5099 2136 5158 peccatorum
2181 5099 2307 5144 sunt
2355 5092 2709 5160 cogitationes
2760 5087 3188 5148 irrationabiles,
3241 5102 3363 5156 quae
3407 5129 3410 5131 λ

1795 5190 1989 5250 praeter
2011 5191 2260 5235 naturam
2290 5182 2445 5236 nobis
2484 5182 2747 5235 incidunt.
2787 5177 2920 5231 Nam
2951 5179 3363 5248 cogitationibus

1796 5272 1941 5325 velut
1964 5271 2216 5327 dentibus
2243 5273 2324 5326 usi
2352 5271 2685 5336 adversarii,
2713 5269 3029 5340 plerumque
3057 5269 3361 5352 .apprOpin-

1746 5387 1754 5398 ι
1796 5369 1966 5429 quant
2009 5361 2185 5424 nobis,
2231 5372 2290 5414 ut
2315 5363 2475 5416 edant
2512 5375 2705 5415 carnes
2738 5367 2992 5425 nostras;
3028 5358 3272 5413 videlicet
3295 5370 3360 5410 ea

1796 5466 1918 5521 quae
1937 5465 2003 5507 ex
2025 5466 2188 5509 carne
2213 5461 2524 5507 nascuntur.
2559 5450 2839 5520 Manifesta
2862 5459 3032 5504 autem
3060 5460 3181 5505 sunt
3206 5462 3361 5517 opera
