3698 6268
381 252 451 307 79
1228 254 1286 311 S.
1324 252 1694 309 ATHANASII
1735 253 1888 311 OPP.
1919 252 2112 311 PARS
2147 255 2235 312 ill.
2274 285 2345 298 —
2380 253 2794 313 EXEGETICA.
3567 248 3642 308 σε

448 372 499 427 5.
550 372 612 430 Si
646 376 851 432 reddidi
899 378 1305 433 retribuentibus
1336 378 1463 430 mihi
1495 377 1656 433 mala.
1704 377 1940 449 lnjuria—

2122 379 2177 433 Et
2203 377 2594 433 ἀνταπέδωκα
2639 377 2763 444 τοῖς
2795 373 3268 432 ἁνταποδιδοῦσι
3311 391 3414 445 μοι
3445 371 3642 428 κακά.

378 468 499 519 ru'm
526 465 856 523 oblivionem
907 469 1145 540 praefert,
1189 484 1299 540 qua
1332 468 1502 524 Deum
1532 469 1599 524 ad
1633 469 1946 524 misericor-

378 553 524 608 diam
572 566 854 625 provocat.
912 558 1162 612 Decidam
1197 558 1383 612 merito
1437 558 1503 611 ab
1553 557 1782 612 inimicis
1816 559 1946 611 meis

380 641 573 696 inanis.
605 640 796 700 Justus
826 654 948 714 post
977 646 1258 701 victoriam
1280 646 1471 715 plenus
1518 655 1858 716 onustusque
1879 646 1947 699 ab

381 731 620 791 inimicis
661 736 933 792 abscedit:
967 737 1247 807 improbus
1272 748 1453 793 autem
1496 738 1587 793 ubi
1630 739 1807 793 victus
1838 743 1945 804 est,

381 823 450 879 iis
478 840 683 881 vacuus
703 827 926 891 excidit,
961 830 1164 883 nullam
1192 831 1401 887 habens
1422 845 1601 885 rerum
1628 829 1864 899 copiam.

450 914 506 969 6.
538 914 893 986 Persequatur
929 919 1176 973 inimicus
1202 922 1438 975 animam
1466 935 1654 974 meam.
1684 919 1842 985 Quod
1871 919 1950 973 ait

379 1015 466 1061 est
493 1006 804 1077 huiusmodi
832 1027 847 1064 :
884 1010 1120 1065 incidam
1169 1014 1226 1067 in
1256 1027 1453 1068 manus
1508 1012 1708 1067 diaboli
1741 1012 1785 1066 si
1816 1011 1948 1081 quid

381 1113 447 1151 ex
477 1100 806 1169 supradictis
832 1101 1052 1157 admisi.
1085 1103 1252 1173 (Alio
1279 1104 1498 1172 modo.)
1535 1102 1592 1157 Id
1626 1111 1731 1166 est,
1768 1104 1813 1158 si
1846 1102 1948 1157 hoc

382 1190 582 1247 illudve
612 1192 735 1256 feci,
776 1210 842 1247 ne
896 1210 924 1249 a
980 1205 1202 1264 peccato
1254 1195 1454 1250 liberer
1509 1203 1633 1249 ante
1691 1201 1943 1248 mortem.

385 1280 640 1337 Exaltare
670 1286 724 1338 in
774 1286 969 1354 ﬁnibus
999 1288 1329 1341 inimicorum
1358 1301 1609 1341 meorum.
1656 1284 1711 1339 Id
1737 1292 1841 1349 est,
1892 1284 1947 1337 in

381 1374 620 1429 robustis
665 1375 1012 1431 inimicorum
1049 1393 1316 1432 meorum.
1351 1376 1485 1432 Nam
1530 1377 1666 1431 lines
1713 1375 1945 1432 summi-

381 1472 521 1518 tates
556 1465 886 1535 signiﬁcant.

454 1554 505 1607 7.
534 1552 604 1607 Et
640 1570 887 1626 exsurge,
923 1556 1142 1612 Domine
1176 1557 1312 1613 Deus
1360 1575 1524 1622 meus,
1558 1559 1613 1611 in
1657 1565 1939 1626 pracepto.

384 1640 571 1699 Palam
598 1644 686 1701 his
715 1646 897 1702 verbis
944 1646 1233 1703 adventum
1285 1648 1571 1704 annuntiat
1624 1646 1939 1701 Salvatoris.

2047 470 2122 523 Τὸ
2140 470 2513 541 ἁμνησίκακον
2537 468 2895 542 προϐάλλεται
2936 468 3333 538 ἐκκαλούμενος
3362 466 3431 520 δι’
3461 465 3642 520 αὑτοῐ

2048 562 2128 624 εἰς
2161 561 2307 614 ἔλεον
2337 561 2428 613 τὲν
2453 560 2605 615 Θεόν.
2631 561 3019 629 Ἀποπέσοιμι
3063 559 3177 627 ἄρα
3208 557 3327 613 ἀπὸ
3372 556 3500 612 τῶν
3533 556 3642 624 ἐκ·

2047 649 2202 717 θρῶν
2213 668 2332 720 μου
2360 653 2555 716 κενός.
2595 649 2653 705 '0
2680 651 2779 721 μὲν
2805 649 3009 712 δίκαιος
3024 650 3252 719 νικήσας
3276 647 3495 719 πλήρης
3523 645 3642 699 ἀπὶ

2046 742 2155 796 τῶν
2201 742 2408 813 ἐχθρῶν
2450 742 2763 814 ἐξέρχεται·
2799 744 2828 795 ό
2878 741 2935 795 δὲ
2987 741 3188 811 φαῦλος
3239 740 3331 794 καὶ⁵
3376 738 3642 810 νικηθεὶς

2047 837 2344 889 ἀποπίπτει
2370 835 2547 888 αὐτῶν
2568 837 2742 898 κενὸς,
2767 835 2860 888 καὶ⁵
2888 834 3038 887 οὐδὲν
3066 832 3206 904 ἔχων
3232 831 3642 904 πληρώματος.

2117 927 2478 992 Καταδιώξαι
2519 926 2633 995 ἄρα
2677 929 2709 979 ό
2741 926 2952 994 ἐχθρὸς
2988 922 3101 990 τὴν
3125 922 3337 993 ψυχήν
3376 938 3525 992 μου.
3568 920 3642 972 ’Ὀ

2046 1018 2195 1087 λέγει
2218 1018 2457 1072 τοιοῦτόν
2505 1019 2684 1071 ἐστιν’
2730 1016 2985 1086 Ἐμπέσω
3029 1015 3109 1077 εἰς
3138 1013 3233 1077 τὰς
3284 1014 3479 1084 χεῖρας
3530 1008 3642 1065 τοῦ

2046 1109 2315 1173 διαϐόλου,
2353 1110 2402 1161 εί
2429 1108 2670 1161 τοιοῦτόν
2697 1125 2747 1160 τι
2774 1108 3006 1178 ἐποίησα
3038 1105 3146 1158 τῶν
3174 1102 3599 1176 πῳλεχθέντων
3628 1114 3642 1131 ⁸

2048 1203 2096 1254 εί
2120 1201 2212 1254 καὶ
2234 1200 2294 1253 τὸ
2314 1199 2484 1254 καὶτὸ
2505 1199 2757 1268 ἐποίησα,
2784 1197 2857 1269 μὴ
2880 1194 3297 1267 ἐλευθερωθείην
3322 1196 3420 1265 τῆς
3441 1195 3642 1265 ἁμαρ-

2046 1291 2168 1354 τίας
2212 1290 2317 1362 πρὸ
2354 1288 2447 1343 τοῦ
2507 1288 2759 1343 θανάτου.
2800 1286 3085 1355 ’Υψώθητι
3118 1287 3189 1340 ἐν
3238 1284 3363 1351 τοῖς
3400 1283 3642 1352 πέρασι

2046 1380 2168 1435 τῶν
2185 1378 2414 1450 ἐχθρῶν
2433 1398 2573 1449 μου.
2613 1378 2918 1442 Τουτέστιν,
2966 1380 3021 1432 ἐν
3051 1380 3164 1439 τοῖς
3190 1378 3470 1448 κραταιοῖς
3518 1374 3642 1427 τῶν

2048 1472 2253 1546 ἐχθρῶν
2282 1490 2402 1543 μου.
2435 1472 2654 1544 Πέρατα
2681 1471 2787 1541 γάρ
2812 1470 2880 1523 τὰ
2911 1470 3056 1541 ἄκρα
3076 1469 3243 1539 δηλοῖ.

2116 1562 2227 1617 Καὶ
2258 1560 2612 1631 ὲξεγέρθητι,
2641 1562 2816 1628 Κύριε
2835 1562 2868 1613 ό
2902 1561 3047 1625 Θεός
3066 1574 3209 1627 μου,
3240 1558 3310 1610 ἐν
3355 1556 3642 1625 προστά-

2051 1668 2222 1723 γματι
2243 1645 2293 1718 ᾧ
2319 1651 2614 1705 eratcum.
2649 1649 2842 1719 Σαφῶς
2873 1648 3002 1720 περὶ
3027 1649 3127 1719 τῆς
3172 1646 3493 1717 θεοφανείας
3528 1646 3642 1701 τοῦ

389 1731 459 1787 Et
487 1750 753 1806 synagoga
779 1736 1092 1805 populorum
1126 1738 1470 1792 circumdabit
1504 1746 1569 1792 te.
1619 1735 1716 1791 His
1761 1743 1942 1807 aperte

2122 1743 2299 1814 ιτῆρος
2321 1742 2411 1796 διὰ
2436 1742 2543 1797 τῶν
2573 1742 2853 1814 παρόντων
2883 1718 3314 1809 εὐαγγελίζεται.
3346 1740 3456 1795 Καὶ
3479 1754 3642 1794 cur»

384 1822 624 1880 declarat
648 1823 904 1882 Ecclesia
933 1827 1093 1882 tidem
1118 1827 1171 1883 in
1205 1827 1408 1898 ipsum.

455 1999 510 2055 8.
535 1999 604 2055 Et
630 2012 841 2071 propter
879 2003 1015 2056 hanc
1060 2004 1116 2057 in
1161 2004 1328 2057 altum
1374 2002 1658 2074 regredere.
1702 2000 1950 2074 Synago-

385 2106 508 2162 gam
548 2093 814 2150 videlicet.
857 2095 993 2151 Illud
1036 2110 1185 2160 vero,
1220 2098 1276 2150 in
1309 2095 1477 2150 altum
1505 2135 1520 2157 ,
1554 2104 1651 2150 aut
1686 2110 1948 2151 veneran-

385 2180 511 2236 dam
564 2182 836 2254 signitlcat
884 2200 1124 2252 crucem,
1164 2185 1233 2240 ad
1282 2200 1448 2256 quam
1498 2186 1676 2240 attulit
1723 2194 1944 2255 peccata

384 2280 589 2337 nostra,
622 2282 717 2329 aut
745 2275 975 2330 reditum
1011 2276 1065 2331 in
1094 2277 1315 2332 cretum.
1351 2276 1500 2331 Abiit
1536 2277 1682 2331 enim
1734 2285 1797 2331 ut
1846 2291 1948 2347 pro

387 2363 546 2420 nobis
573 2379 694 2421 sese
717 2366 936 2422 sisteret
960 2368 1027 2422 ad
1053 2376 1408 2437 conspectum
1438 2367 1636 2423 Patris.

460 2546 514 2602 9.
534 2546 730 2602 Iudico
761 2563 861 2612 me,
888 2546 1128 2615 Domine,
1152 2548 1436 2602 secundum
1465 2547 1740 2617 justitiam
1758 2562 1945 2600 meam.

386 2636 562 2709 Rogat
592 2638 787 2698 iterum
817 2654 847 2695 a
878 2637 995 2695 suis
1042 2639 1178 2709 eripi
1217 2639 1477 2701 inimicis,
1522 2654 1587 2693 ex
1644 2638 1802 2694 malis
1841 2638 1946 2693 sibi

388 2727 552 2783 illatis
576 2729 642 2783 ad
674 2729 1102 2785 misericordiam
1133 2743 1454 2799 provocans.

2048 1832 2247 1904 αγωγὴ
2265 1832 2432 1887 λαῶν
2450 1832 2745 1887 κυκλώσει
2766 1848 2860 1888 σε.
2881 1832 3073 1902 Σαφῶς
3094 1832 3183 1885 διὰ
3201 1831 3310 1884 τῶν
3338 1830 3642 1903 παρόντων

2048 1925 2147 1996 τῆς
2188 1924 2514 1995 Ἑκκλησὶας
2540 1925 2638 1997 τὴν
2662 1927 2741 1988 εἰς
2773 1924 2935 1978 αὐτὸν
2958 1924 3139 1976 πίστιν
3165 1922 3334 1992 δηλοῖ.

2121 2016 2233 2070 Καὶ
2262 2015 2415 2084 ὑπὲρ
2441 2016 2662 2083 ταύτης
2677 2017 2765 2081 εις
2792 2015 2951 2083 ὕψος
2988 2015 3376 2081 ἐπέστρεψον.
3405 2010 3642 2081 Ταύτης

2053 2108 2153 2181 μὲν
2183 2108 2285 2179 τῆς
2324 2107 2644 2178 συναγωγῆς
2672 2106 2931 2177 δηλονότι.
2965 2105 3036 2158 Τὸ
3058 2105 3136 2169 δέ,
3170 2106 3257 2169 εἷς
3277 2101 3505 2173 abegi)
3532 2101 3642 2155 τὸν

2050 2198 2228 2271 τίμιον
2255 2198 2545 2253 αἰνίττεται
2573 2196 2822 2267 σταυρὸν,
2842 2196 2921 2259 εἰς
2949 2194 3007 2249 ὃν
3022 2194 3314 2265 ἀνήνεγκεν
3336 2192 3492 2263 ἡμῶν
3524 2190 3642 2254 τὰς

2055 2288 2350 2360 ἁμαρτίας,
2374 2289 2408 2361 ἢ
2436 2288 2534 2360 τὴν
2549 2288 2629 2351 είς
2651 2286 2878 2358 οὐρανὸν
2907 2283 3280 2354 ἀναφοίτησιν.
3320 2278 3638 2352 Ἐπορεύθη

2055 2379 2165 2450 γὰρ
2216 2379 2613 2451 ἐμφανισθῆναι
2652 2378 2729 2449 τῷ
2771 2376 3046 2448 προσώπῳ
3096 2375 3190 2429 τοῦ
3238 2374 3452 2445 Πατρὸς
3481 2372 3641 2443 ὑπὲρ

2058 2472 2235 2543 ἡμῶν·

2126 2562 2346 2630 Κρῖνόν
2368 2578 2465 2630 με,
2490 2563 2682 2631 Κύριε,
2729 2562 2878 2615 κατὰ
2906 2560 3022 2630 τὴν
3061 2559 3452 2624 δικαιοσύνην
3476 2573 3629 2627 μου.

2069 2654 2234 2721 Ἀξιοῖ
2263 2653 2422 2709 πάλιν
2449 2655 2557 2708 ἀπὸ
2579 2653 2687 2708 τῶν
2716 2652 2925 2725 ἐχθρῶν
2954 2653 3212 2724 σωθῆναι,
3248 2651 3340 2721 ἀφ’
3356 2644 3428 2704 ὧν
3452 2650 3636 2721 ἐπραο

2057 2745 2151 2811 ξαν
2183 2747 2274 2801 τὸν
2298 2746 2448 2801 ἔλεον
2470 2748 2891 2818 ἐκκαλούμενος.

460 2863 652 2919 Daniel
698 2863 969 2918 Barbarus
1010 2877 1028 2915 :
1068 2860 1284 2917 Justum
1328 2860 1653 2929 adjutorium
1702 2876 1872 2915 meum
1922 2877 1955 2913 a
1996 2857 2239 2911 Domino.
2287 2856 2442 2913 iusta
2479 2863 2705 2929 petenda
2749 2872 2897 2925 sunl,
2949 2870 3008 2914 ut
3063 2860 3179 2929 ipsa
3231 2859 3505 2929 petitionis
3575 2857 3633 2911 vi

385 2965 442 3013 et
467 2966 680 3023 natura,
712 2962 1046 3010 momentum
1071 2954 1191 3025 ejus
1218 2953 1312 3023 qui
1353 2962 1534 3008 servat
1564 2962 1742 3009 rectos
1775 2952 1942 3008 corde
1980 2948 2138 3004 facile
2166 2949 2494 3005 attrahendo
2523 2952 2872 3006 inclinemus.

461 3073 546 3127 il.
584 3069 687 3136 Qui
717 3068 887 3122 salvos
936 3067 1065 3136 facit
1098 3075 1263 3119 rectos
1293 3065 1466 3119 corde.
1511 3062 1684 3130 Nosti,
1744 3063 1942 3133 inquit,

2124 3060 2232 3114 Τοῦ
2254 3059 2549 3130 σώζοντος
2578 3063 2717 3128 τοὺς
2762 3063 2954 3129 εὐθεῖς
3005 3061 3079 3131 τῇ
3113 3062 3352 3131 καρδίᾳ.
3401 3065 3632 3141 Ἐπειδὴ

387 3163 567 3221 cordis
585 3161 756 3217 nostri
784 3160 1169 3230 cogitationes;
1188 3165 1518 3228 quapropter
1534 3164 1687 3211 tuum
1718 3155 1950 3226 imploro

388 3255 720 3400 “ignitus
741 3341 909 3410 judez
923 3340 1126 3410 justus,
1148 3339 1304 3407 {ortis
1330 3344 1380 3392 et
1406 3338 1633 3406 patiens.
1650 3333 1746 3392 His
1768 3333 1952 3390 verbis

389 3445 572 3509 aperte
624 3434 865 3489 declarat
911 3431 1004 3486 Dei
1057 3429 1560 3501 longanimitatem,
1611 3426 1704 3497 qui
1748 3424 1953 3495 suppli-

388 3527 531 3583 cium
563 3523 759 3589 diﬂ‘ert,
798 3524 897 3579 etsi
932 3537 1039 3577 non
1070 3520 1295 3575 omnino
1325 3527 1533 3590 parcat.

463 3708 551 3763 η.
584 3706 821 3777 Sagitta:
857 3721 981 3758 suas
1015 3701 1320 3757 ardentibus
1364 3700 1554 3770 eﬂ'ecit.
1606 3696 1844 3768 Sagittas
1872 3694 1954 3750 di-

389 3800 465 3856 cit
492 3799 816 3870 supplicium
860 3816 873 3851 :
916 3795 1239 3862 ardentibus,
1273 3796 1340 3849 iis
1373 3794 1581 3849 scilicet
1607 3794 1700 3863 qui
1733 3806 1951 3862 poenam

388 3891 530 3962 ignis
556 3899 887 3945 meruerunt.

464 3981 551 4036 l5.
586 3978 719 4033 Ecce
746 3979 995 4048 parturiit
1030 3978 1374 4047 injustitiam.
1408 3975 1669 4030 Inimicus
1702 3973 1954 4027 videlicet

389 4071 745 4127 vitanostrae.
780 4068 1026 4140 Concepit
1048 4069 1281 4122 dolorem
1300 4077 1347 4122 et
1378 4070 1573 4137 peperit
1598 4066 1950 4137 iniquitatem.

389 4160 505 4218 Hoc
525 4169 630 4225 est,
659 4171 712 4215 et
736 4160 1071 4222 deliberavit,
1090 4169 1144 4214 et
1175 4160 1319 4228 quod
1341 4159 1658 4214 decreverat
1685 4160 1736 4210 in
1771 4167 1951 4211 actum

391 4252 631 4309 deduxit.

462 4345 550 4399 l6.
588 4341 788 4400 Locum
840 4345 1042 4415 aperuit
1070 4354 1120 4397 et
1172 4344 1354 4413 effodit
1404 4360 1543 4409 eum,
1576 4353 1678 4397 etc.
1718 4341 1855 4396 Cum
1897 4340 1951 4393 in

2052 3146 2221 3218 οἶδας,
2254 3153 2407 3224 φησι,
2434 3155 2531 3226 τῆς
2553 3156 2825 3226 ἡμετέρας
2849 3155 3072 3226 καρδίας
3104 3154 3170 3209 τὰ
3197 3156 3457 3225 νοήματα,
3496 3159 3637 3211 τού-

2053 3261 2146 3297 του
2186 3246 2346 3317 χάριν
2371 3246 2469 3317 τὴν
2499 3247 2750 3320 βοήθειαν
2785 3247 3000 3312 ἐξαιτῶ.

2136 3337 2200 3391 '0
2227 3341 2370 3405 Θεος
2401 3339 2606 3407 κριτὴς
2628 3340 2858 3406 δίκαιος
2888 3342 2986 3395 καὶ
3012 3342 3259 3411 ἰσχυρὸς
3291 3342 3385 3395 καί
3405 3344 3636 3411 μακρός

2053 3431 2259 3498 θυμος.
2307 3430 2502 3499 Σαφῶς
2533 3430 2623 3483 διὰ
2647 3431 2756 3484 τῶν
2784 3432 3037 3485 τοιούτων
3071 3434 3367 3505 παρίστησι
3405 3431 3464 3485 τὺ
3509 3450 3630 3503 μα-

2056 3517 2329 3591 κρόθυμον
2349 3520 2441 3573 τοῦ
2468 3519 2623 3585 Θεοῦ,
2670 3521 2936 3593 ἀναϐολὴν
2973 3524 3072 3593 μὲν
3106 3523 3321 3594 ἔχοντος
3349 3522 3447 3593 τῆς
3478 3524 3633 3593 ἡμε-

2056 3610 2221 3682 τέρας
2245 3612 2536 3678 κολάσεως,
2571 3615 2631 3667 οὐ
2669 3614 2774 3686 μὴν
2802 3614 3039 3685 παντελῆ
3064 3614 3410 3687 συγγνώμην.

2133 3703 2207 3757 Τὰ
2238 3704 2397 3771 ,ϐέλη
2435 3705 2620 3760 αὐτοῦ
2673 3705 2794 3772 τοῖς
2841 3706 3177 3776 καιομένοις
3208 3705 3625 3775 ἐξειργάσατο.

2058 3795 2196 3867 Βέλη
2238 3796 2337 3867 μὲν
2370 3798 2469 3867 τὴν
2508 3798 2774 3869 τιμωρίαν
2816 3799 3011 3869 φησὶν,
3042 3799 3375 3869 καιομένοις
3414 3798 3469 3852 δὲ
3504 3802 3631 3865 τοῖς

2057 3886 2225 3954 ἀξίοις
2261 3888 2451 3959 πυρός.

2139 3978 2283 4033 Ἰδοὺ
2308 3979 2605 4047 ὼδίνησεν
2630 3980 2887 4035 ἀδικίαν.
2928 3981 2984 4037 ’0
3004 3983 3195 4054 ἐχθρὸς
3216 3984 3315 4055 τῆς
3345 3983 3627 4056 ἡμετέρας

2058 4071 2219 4143 ζωῆς.
2253 4070 2552 4127 Συνέλαϐε
2580 4075 2769 4128 πόνον
2793 4073 2892 4127 καὶ
2910 4074 3114 4129 ἔτεκεν
3140 4077 3411 4144 ἀνομίαν.
3447 4075 3590 4129 Τουτ
3620 4110 3625 4114 -

2058 4159 2173 4214 ἐστι
2203 4163 2296 4215 καὶ
2322 4161 2665 4231 βεϐούλευται
2695 4167 2787 4218 καὶ
2814 4168 2892 4231 εἰς
2909 4168 3068 4239 ἔργον
3102 4169 3336 4240 ἐξήγαγε
3364 4168 3429 4221 τὰ
3452 4169 3629 4239 σκέμ-

2061 4266 2227 4321 ματα.

2129 4340 2368 4396 Λὰκκον
2392 4341 2584 4411 ὤρυξε
2607 4344 2703 4398 καὶ
2745 4346 3097 4417 ἀνέσκαψεν
3138 4349 3344 4401 αὐτόν.
3384 4346 3625 4402 Θάνατον

391 4436 725 4492 Salvatorem
771 4435 1045 4489 Christum
1076 4445 1307 4490 mortem
1342 4443 1610 4505 parasset,
1641 4434 1804 4486 morti
1839 4431 1942 4500 ipse

2122 4452 2168 4506 ιρ
2197 4437 2613 4501 κατασκευάσας
2646 4439 2782 4492 κατᾶ
2823 4440 2914 4494 τοῦ
2954 4441 3202 4511 Σωτῆρος
3230 4436 3462 4508 Χριστοῦ
3482 4478 3496 4502 ,
3525 4439 3627 4493 θα-

393 4527 625 4582 traditus
655 4537 761 4581 est.

576 4618 640 4671 In
669 4619 843 4683 ﬁnem,
877 4636 970 4687 pro
996 4619 1367 4683 torcularibus,
1399 4613 1735 4671 PSALJIUS

962 4710 1148 4765 Darid.
1194 4709 1359 4764 VIII.

951 4801 1353 4871 Argumentum.

386 4891 526 4949 Olim
559 4893 610 4948 in
642 4893 795 4965 legali
825 4896 1004 4956 cultu,
1033 4894 1084 4945 in
1118 4894 1318 4961 templo
1349 4902 1465 4945 erat
1495 4889 1782 4961 προλήνιον
1809 4902 1864 4957 q.
1898 4886 1951 4940 cl.

454 4986 830 5053 protorcular,
884 4985 934 5037 id
989 4995 1071 5037 cst
1130 4985 1343 5037 altare:
1399 4982 1491 5036 sed
1543 4988 1664 5049 post
1710 4978 1951 5047 gentium

458 5076 814 5140 vocationem,
846 5077 1011 5133 multa
1062 5084 1191 5130 sunt
1235 5073 1552 5133 toreularia,
1581 5071 1713 5140 ipsre
1742 5069 1951 5124 scilicet

454 5167 730 5234 Ecclesiae,
782 5168 991 5223 fructus
1036 5182 1224 5222 eorum
1274 5167 1364 5234 qui
1422 5165 1508 5232 pic
1538 5163 1728 5215 vivunt
1777 5164 1953 5230 perci-

457 5257 687 5325 pientes.

455 5345 545 5419 [In
592 5349 748 5417 [inem
788 5348 992 5404 dictum
1042 5356 1145 5407 est,
1198 5345 1327 5415 quia
1376 5344 1429 5397 in
1485 5344 1591 5398 line
1621 5342 1945 5398 smeulorum

383 5438 675 5494 terminum
729 5439 928 5493 habent
974 5452 1196 5507 eaoquzc
1229 5436 1547 5505 prophetico
1584 5434 1777 5505 spiritu
1810 5448 1948 5502 pne-

381 5528 526 5585 dicta
555 5540 700 5585 sunt.
728 5528 802 5585 De
834 5529 1049 5583 Christo
1076 5543 1310 5598 namque
1343 5536 1398 5581 et
1431 5527 1498 5580 de
1533 5525 1791 5580 Ecclesiis
1826 5539 1949 5595 quae

382 5622 676 5676 secundum
741 5621 1168 5677 incarnationem
1228 5619 1583 5682 exstiterunt,
1642 5633 1947 5672 sermonem

2060 4525 2205 4595 νάτῳ
2237 4526 2609 4597 παραδίδοται.

2232 4619 2340 4682 Εις
2363 4618 2426 4670 τό
2453 4619 2645 4688 τέλος,
2680 4620 2832 4691 ὑπὲρ
2861 4619 3416 4687 ληνῶν,;ΨΑΛΜΟΣ

2633 4711 2712 4776 τῷ
2742 4710 2939 4764 Δαυΐδ.
2972 4713 3057 4765 H’.

2690 4801 3009 4866 Ὑπόϐεσις.

2058 4892 2230 4947 Πάλαι
2266 4892 2365 4965 μέν
2399 4894 2457 4945 ἐν
2487 4893 2552 4961 τῇ
2583 4892 2780 4961 νομικῇ
2813 4888 3041 4963 λατρεία
3090 4888 3157 4964 ἦν
3204 4893 3260 4945 ἓν
3300 4891 3619 4964 προλὴνιον,

2122 4982 2183 5036 τὸ
2206 4983 2586 5053 θυσιαστήριον
2616 4981 2854 5051 δηλονότι
2876 4984 2934 5037 τὸ
2956 4987 3012 5038 ἐν
3030 4985 3106 5056 τῷ
3132 4984 3263 5054 ναῷ·
3294 4983 3427 5054 μετὰ
3449 4982 3501 5035 δέ
3520 4984 3618 5054 τὴν

2127 5075 2234 5129 τῶν
2266 5074 2431 5129 ἐθνῶν
2458 5074 2647 5144 κλῆσιν
2688 5075 2869 5129 πολλοὶ
2898 5077 3045 5148 ληνοί
3070 5094 3083 5107 ·
3111 5073 3269 5130 αὗται
3300 5075 3355 5129 δὲ
3410 5075 3471 5143 ἂν
3509 5070 3618 5128 εἷεν

2129 5165 2185 5217 αἱ
2231 5163 2564 5235 Ἐκκλησίαι,
2598 5167 2654 5217 αἱ
2686 5167 2812 5230 τοὺς
2840 5168 2948 5219 τῶν
2978 5166 3383 5236 κατορθούντων
3423 5167 3477 5217 ἐν
3502 5165 3614 5218 θεο-

2131 5252 2315 5323 σεϐείᾳ
2345 5254 2627 5323 δεχόμεναι
2654 5255 2921 5328 καρπούς.

2130 5345 2258 5418 [Εἰς
2280 5348 2343 5398 τὸ
2362 5345 2535 5412 τέλος
2568 5348 2802 5419 εῐρηται,
2819 5348 2907 5402 διὰ
2921 5348 3085 5401 τδέπὶ
3110 5347 3253 5400 τέλει
3283 5346 3389 5400 τῶν
3414 5344 3612 5398 αἰώνων

2058 5437 2230 5507 πέρας
2276 5440 2419 5505 σχεῖν
2470 5437 2537 5491 τά
2577 5439 3047 5510 προφητευόμενα.
3078 5440 3211 5511 Περὶ
3240 5436 3468 5509 Χριστοῦ
3508 5438 3611 5508 γὰρ

2062 5526 2157 5580 καὶ
2190 5525 2297 5579 τῶν
2344 5526 2480 5597 μετὰ
2496 5527 2595 5598 τὴν
2637 5525 3046 5600 ἐνανθρώπησιν
3080 5528 3228 5597 λέγει
3267 5526 3605 5597 Ἐκκλησιῶν.

2073 5619 2226 5672 Ἐπεί
2276 5635 2338 5681 γε
2376 5620 2468 5672 καὶ
2511 5621 2541 5671 ὁ
2593 5619 2900 5680 Μονογενὴς
2940 5620 3180 5678 ἄμπελος
3226 5619 3510 5681 κέκληται.
3561 5618 3606 5669 ol
