3698 6268
330 329 402 389 ss
690 284 697 293 ’
1184 321 1242 377 s.
1284 313 1653 375 aruamsu
1695 312 1888 372 ore]

2102 309 2188 364 III.
2225 339 2295 350 —
2331 306 2625 359 EX’EGB'I’.
2660 305 2744 356 Ἀ.
3504 292 3586 346 80

330 440 575 500 Heredes
599 439 806 512 quidem
838 439 956 505 Dei,
996 435 1288 491 coheredes
1318 446 1494 488 autem
1544 411 1762 485 Cltristi.
1815 427 1888 482 Eo

2073 422 2165 485 οὗ,
2194 417 2675 487 συνκληρονόμοι
2719 412 2788 467 δὲ
2820 409 3099 481 Χριστοῦ.
3144 406 3329 470 Οὕτως
3363 405 3460 460 καὶ
3485 403 3577 469 τὸ,

330 537 486 603 plane
516 531 678 586 modo
706 526 1112 599 intelligendum
1146 521 1279 578 illud
1318 530 1401 576 est
1430 538 1444 574 :
1480 518 1674 575 Omnia
1720 515 1897 585 subje~

328 627 446 680 cisti
476 623 570 677 sub
599 621 813 686 pedibus
865 620 1000 688 ejus.
1053 615 1119 670 Et
1151 628 1299 670 nunc
1325 611 1546 682 quidem
1586 608 1843 665 animalia
1878 625 1891 661 :

327 713 421 768 sed
444 709 572 781 quia
612 711 721 764 vita
765 708 1023 778 angelicae
1056 721 1155 775 par
1191 704 1243 757 in
1273 703 1413 758 caelo
1458 700 1777 756 hominibus
1812 713 1896 754 re—

325 804 499 873 posita
531 811 613 857 est
644 841 660 864 ,
695 815 818 855 cum
871 799 946 853 ibi
991 798 1322 854 constitutus
1364 794 1468 848 erit
1521 807 1685 861 super
1733 804 1895 860 opera

327 911 585 950 manuum
620 894 760 963 ejus,
801 891 1065 947 caelorum
1114 899 1168 944 et
1215 888 1461 944 omnium
1513 900 1636 954 qute
1680 884 1735 938 in
1789 882 1897 938 illis

327 992 454 1041 sunt
501 984 808 1055 speculator
853 983 977 1037 erit.
1036 981 1233 1036 Beatus
1303 987 1483 1033 autem
1534 975 1737 1031 Paulus
1793 973 1897 1029 hoc

327 1079 489 1133 etiam
517 1078 585 1132 de
616 1075 898 1131 Salvatore
924 1074 1221 1143 accepit".
1253 1082 1312 1127 ut
1344 1071 1586 1125 futurum
1614 1069 1668 1122 in
1697 1066 1898 1123 saeculo

326 1161 575 1221 venturo.
606 1166 785 1234 Quare
811 1169 886 1222 ait
917 1167 992 1220 illi
1026 1165 1187 1220 Pater
1213 1183 1226 1218 :
1271 1162 1408 1219 Sede
1433 1178 1467 1215 a
1497 1162 1696 1215 dextris
1743 1160 1893 1224 meis,

326 1264 488 1313 donec
532 1276 725 1329 ponam
770 1260 1011 1311 inimicos
1061 1266 1177 1310 tuos
1228 1252 1514 1309 scubellum
1558 1253 1747 1322 pedum
1779 1260 1898 1304 tuo-

329 1370 445 1406 rum
468 1354 533 1404 "°.
572 1351 791 1430 Oveset
826 1351 972 1405 bores
1002 1351 1289 1405 universas.
1330 1348 1429 1403 His
1479 1346 1770 1400 adumbrat
1802 1359 1896 1399 eos

328 1443 420 1512 qui
444 1442 792 1497 crediderunt
816 1457 881 1496 ex
916 1442 1104 1497 Israel.
1148 1440 1370 1510 Insuper
1396 1449 1445 1493 et
1484 1454 1671 1508 pecora
1701 1437 1892 1506 campi.

328 1534 423 1590 His
450 1547 636 1605 gentes
669 1527 894 1588 indﬂzat.
933 1531 1182 1587 Volucres
1207 1532 1345 1597 caeli,
1375 1545 1470 1586 eos
1515 1530 1648 1583 dicit
1694 1526 1789 1596 qui
1839 1527 1895 1580 in

325 1627 434 1680 vita
470 1640 569 1682 sua
598 1625 723 1679 elati
752 1634 805 1680 et
853 1626 1072 1695 superbi
1125 1633 1272 1688 sunt,
1321 1623 1415 1693 qtti
1462 1622 1570 1677 alte
1628 1620 1891 1684 sentiunt,

329 1716 576 1771 homines
605 1716 896 1771 admodum
932 1715 1271 1785 insipientes.

1998 512 2200 568 Πάντα
2227 510 2530 575 ὑπέταξας
2553 504 2831 562 ὑποκάτω
2859 502 2978 557 τῶν
3001 500 3202 555 ποδῶν
3215 497 3423 561 αὑτοῦ,
3448 514 3580 564 νοη-

1996 603 2134 657 τέον.
2154 601 2268 655 Νῦν
2297 602 2392 672 μὲν
2413 601 2480 653 τὰ
2505 598 2621 662 ζῶα
2641 614 2655 628 ο
2682 594 2870 666 ἐπειδὴ
2898 594 2955 648 δὲ
2986 593 3101 664 βίος
3127 589 3408 659 ίσάγγελος
3431 589 3578 643 ἀπό-

1997 712 2173 749 κειται
2199 698 2310 757 τοῖς
2344 690 2649 762 ἀνθρώποις
2684 692 2740 742 ἐν
2773 688 2832 741 οὐ
2843 686 3009 758 ρανῷ.
3035 687 3150 738 ἐκεῖ
3178 682 3453 746 καταστὰς
3478 682 3580 734 ἐπὶ

1995 786 2065 839 τὰ
2120 786 2258 855 ἔργα
2288 785 2396 838 τῶν
2428 783 2626 855 χειρῶν
2677 779 2863 843 αὐτοῦ,
2900 777 3101 850 Θεωρδς
3130 775 3373 848 οὐρανῶν
3420 775 3580 828 ἔσται

1997 879 2091 931 καὶ
2120 877 2228 930 τῶν
2259 879 2316 930 ἐν
2342 877 2543 937 αὐτοῖς.
2592 874 2650 926 '0
2682 872 2737 924 δὲ
2765 871 3032 943 μακάριος
3065 868 3276 932 Παῦλος
3306 865 3579 921 καὶτοῦτο

1998 970 2127 1041 περὶ
2153 968 2246 1022 τοῦ
2282 967 2531 1037 Σωτῆρος
2556 965 2809 1030 ἐξέλαϐεν
2836 965 2893 1016 ἐν
2923 961 3078 1016 αἰῶνι
3102 961 3180 1032 τῷ
3208 960 3451 1031 μέλλοντι
3479 976 3581 1028 γε-

1997 1061 2320 1132 νησόμενον.
2375 1057 2468 1110 Διό
2500 1074 2631 1127 φησι
2673 1055 2808 1126 πρὸς
2846 1054 3007 1106 αὐτὸν
3039 1054 3067 1105 ὁ
3097 1053 3318 1123 Πατήρ·
3372 1049 3576 1104 Κάθου

1996 1153 2064 1205 ἐκ
2092 1149 2304 1215 δεξιῶν
2320 1166 2459 1218 μου,
2493 1148 2603 1213 ἕως
2623 1146 2699 1200 ἂν
2724 1144 2805 1199 θῶ
2832 1144 2973 1210 τοὺς
3000 1144 3253 1212 ἐχθρούς
3284 1156 3401 1195 σου
3426 1144 3580 1195 ὐπο-

1998 1242 2206 1297 πόδιον
2237 1240 2354 1294 τῶν
2376 1238 2577 1293 ποδῶν
2614 1254 2751 1292 σου.
2787 1237 3058 1305 Πρόόατα
3107 1234 3202 1288 καὶ
3229 1234 3386 1299 ,ϐόας
3412 1233 3579 1287 ἁπά-

1998 1352 2133 1400 σας.
2170 1334 2307 1396 Τοὺς
2339 1332 2397 1397 ἐξ
2439 1329 2655 1403 Ἰσραὴλ
2697 1328 3053 1390 πιστεύοντας
3097 1325 3413 1380 αἰνίττεται.
3448 1327 3579 1378 Ἔτι

1997 1428 2065 1480 δὲ
2109 1427 2206 1481 καὶ
2241 1427 2309 1480 τὰ
2350 1426 2542 1494 κτήνη
2582 1424 2688 1478 τοῦ
2721 1422 2952 1477 πεδίου.
2981 1420 3080 1473 Διὰ
3098 1419 3304 1473 τούτων
3341 1419 3409 1472 τά
3443 1418 3575 1489 ἔθνη

1996 1521 2164 1592 δηλοῖ.
2208 1519 2281 1574 Tit
2309 1517 2549 1572 πετεινὰ
2580 1517 2688 1571 τοῦ
2735 1514 3016 1583 οὐρανοῦ,
3073 1514 3198 1576 τοὺς
3226 1511 3579 1583 ἐπηρμένους

1998 1610 2140 1666 κατὰ
2165 1611 2252 1663 τὸν
2283 1610 2396 1680 βίον
2420 1608 2513 1661 καὶ
2545 1608 2614 1661 τὰ
2644 1606 2826 1678 ὑψηλά
2849 1603 3199 1674 φρονοῦντας,
3219 1603 3345 1664 τοὺς
3368 1600 3582 1669 ἀλογω-

1996 1719 2212 1765 τατους.

400 1804 486 1859 10.
522 1805 740 1860 Domine
773 1805 1026 1859 Dominus
1042 1764 1244 1868 noster,
1273 1818 1429 1874 quam
1475 1801 1793 1856 admirabile
1817 1810 1888 1855 est

2072 1793 2247 1861 Κύριε
2280 1795 2312 1846 ό
2335 1794 2552 1861 Κύριος
2577 1789 2764 1860 ἡμῶν,
2795 1790 2875 1852 ὡς
2896 1784 3245 1856 θαυμαστὸν
3289 1783 3356 1838 τὸ
3386 1782 3581 1851 oronti

327 1911 510 1949 nomen
543 1906 689 1950 tuum
711 1897 765 1950 in
794 1898 1038 1952 universa
1067 1896 1251 1950 terra!
1283 1894 1495 1965 Repetit
1521 1893 1674 1960 illud,
1721 1890 1895 1947 admi-

280 2025 283 2028 μ
327 1989 539 2041 ratione
574 1988 934 2058 stupefactus,
968 1989 1043 2041 uti
1095 1989 1208 2058 jam
1239 1988 1373 2051 dixi,
1405 1987 1476 2041 ob
1503 1987 1684 2040 datam
1720 1984 1896 2039 homi-

329 2076 489 2133 nibus
518 2077 611 2131 Dei
644 2080 1033 2150 cognitionem.

497 2170 561 2225 In
592 2173 768 2240 ﬁnem,
794 2189 888 2241 pro
918 2171 1136 2225 occultis
1166 2170 1289 2239 ﬁlii,
1322 2167 1664 2225 PSALMUS

961 2260 1148 2314 David.
1188 2258 1291 2314 IX.

934 2354 969 2406 Α
979 2364 1328 2422 rgumentum.

326 2442 440 2502 Hoc
468 2447 677 2517 psalmo
730 2463 792 2501 ea
838 2447 1078 2501 declarat
1127 2463 1249 2518 quae
1287 2447 1515 2502 latenter
1546 2462 1576 2500 a
1615 2444 1897 2501 Salvatce

399 2536 544 2592 facta
568 2546 715 2593 sunt.
753 2537 919 2593 Multa
948 2548 1130 2594 autem
1163 2539 1254 2593 illa
1283 2546 1439 2594 erant
1470 2540 1681 2594 occulte
1713 2546 1892 2609 gesta:

395 2626 664 2684 Nativitas
689 2630 895 2684 scilicet
920 2631 1219 2686 secundum
1244 2644 1464 2686 carnem
1496 2645 1561 2683 ex
1590 2628 1758 2683 Maria
1781 2629 1898 2683 Vir-

392 2719 518 2788 gine
547 2733 643 2789 per
685 2717 947 2788 Spiritum
991 2728 1278 2775 sanctum:
1311 2719 1589 2789 stupenda:
1618 2733 1682 2773 ac
1730 2718 1896 2771 mira-

400 2811 543 2866 culis
593 2810 832 2881 insignes
856 2814 1122 2868 vvirtutes:
1174 2828 1323 2867 mors
1363 2813 1479 2881 ipsa
1511 2827 1574 2866 ac
1601 2812 1896 2866 descensus

400 2901 454 2954 in
485 2897 782 2967 infernum,
809 2902 1137 2956 resurrectio
1158 2902 1375 2956 demum
1398 2916 1462 2955 ex
1491 2902 1740 2955 mortuis.
1771 2898 1896 2953 llaec

395 2991 595 3062 quippe
622 2992 806 3047 omnia
836 2993 1049 3048 occulte
1077 2993 1146 3047 ab
1176 2993 1267 3047 illo
1296 3003 1443 3062 gesta
1472 2999 1619 3046 sunt.
1648 2992 1896 3046 Abscon-

393 3085 471 3138 dit
500 3085 645 3139 enim
673 3086 762 3140 illa
792 3088 954 3141 etiam
990 3085 1334 3156 principibus
1365 3084 1552 3138 mundi
1580 3084 1765 3154 hujus.
1792 3081 1897 3136 Pro

398 3175 549 3231 hisce
581 3178 810 3233 occultis
847 3176 1117 3248 Propheta
1150 3192 1436 3247 personam
1470 3192 1664 3246 gerens
1696 3176 1892 3231 huma-

401 3282 486 3321 nae
512 3276 721 3323 natura:
766 3270 1067 3341 ingreditur
1096 3270 1301 3340 gratias
1340 3284 1508 3341 agens
1557 3285 1621 3324 ac
1667 3269 1891 3324 dicens:

394 3360 692 3429 Conﬁtebor
724 3363 841 3430 tibi,
892 3363 1133 3418 Domine.
1181 3363 1533 3420 Occultorum
1579 3381 1745 3436 porro
1777 3366 1898 3420 illo-

394 3468 517 3506 rum
547 3455 804 3510 revelatio
837 3471 987 3511 mors
1010 3465 1113 3522 est,
1147 3465 1311 3527 atque
1346 3472 1410 3511 ea
1441 3471 1563 3526 qua:
1596 3458 1650 3510 in
1684 3456 1898 3513 inferno

397 3552 546 3614 gesta
580 3555 745 3601 sunt:
775 3562 982 3602 necnon
1015 3548 1349 3603 resurrectio
1377 3558 1431 3604 et
1458 3548 1729 3604 ascensio.

396 3718 451 3777 Ἰ.
484 3719 782 3790 Conﬁtebor
834 3721 949 3787 tibi,
1003 3722 1244 3788 Domine,
1279 3725 1333 3777 in
1380 3732 1489 3776 toto
1534 3721 1688 3776 corde
1720 3738 1830 3775 meo

329 3810 396 3865 In
419 3811 760 3865 convertenda
793 3812 1066 3865 inimicum
1113 3829 1285 3867 meum
1332 3821 1644 3871 retrorsum,
1686 3820 1792 3864 etc.
1826 3808 1900 3863 De

325 3903 655 3973 quibusnam
680 3903 954 3958 confessio
984 3905 1054 3958 sit
1094 3904 1354 3960 declarat.
1391 3903 1678 3958 Inimicum
1719 3912 1897 3957 autem

324 3993 465 4061 ejus,
496 4004 730 4047 mortem
769 4008 889 4049 esse
920 3993 1014 4055 ait.
1052 4012 1174 4066 qua:
1207 4004 1510 4050 retrorsum
1543 3993 1898 4059 convertitur,

322 4085 599 4147 videlicet,
630 4084 697 4139 ad
727 4100 831 4139 non
863 4102 1003 4141 esse.

394 4178 449 4233 «1.
480 4176 908 4248 Inﬁrmabuutur
929 4189 978 4233 et
1009 4179 1251 4248 peribunt
1283 4196 1315 4232 a
1345 4180 1481 4248 {acie
1505 4189 1617 4233 tua.
1647 4176 1898 4245 Quando,

323 4270 418 4337 ait,
446 4280 750 4329 retrorsum
777 4288 925 4330 mors
950 4282 1318 4339 convertetur,
1353 4281 1465 4327 tum
1498 4273 1679 4328 omnis
1715 4270 1902 4327 adver-

323 4363 468 4418 saria
511 4375 752 4434 potestas
789 4368 1140 4431 destruetur;
1188 4382 1313 4419 nam
1345 4366 1391 4421 si
1426 4367 1617 4421 ultima
1650 4365 1895 4419 omnium

2002 1899 2118 1937 σου
2145 1884 2216 1936 ἐν
2238 1882 2405 1950 πάσῃ
2432 1881 2506 1950 τῇ
2528 1880 2607 1952 γῇ
2629 1880 2649 1933 !
2686 1878 3101 1949 Ἀναλαμϐάνων
3130 1873 3583 1939 ἀναδιπλασιάξει,

1997 1970 2062 2028 ῖτὸ
2089 1973 2274 2045 Θαῦμα
2296 1972 2750 2043 ἐκπληττόμενος,
2781 1971 2855 2034 ὡς
2885 1969 3040 2040 ἔφην,
3078 1967 3177 2022 ἐπὶΔ
3200 1969 3267 2038 τῇ
3306 1965 3583 2038 γενομένῃ

2001 2064 2109 2119 τῶν
2140 2062 2441 2135 ἀνθρώπων
2464 2060 2782 2132 Θεογνωσίᾳ.

2142 2158 2246 2220 Εις
2272 2155 2338 2208 τὸ
2370 2154 2565 2221 τέλος,
2590 2153 2742 2221 ὑπὲρ
2762 2151 2881 2206 τῶν
2896 2151 3161 2219 κρυφίων
3179 2148 3287 2202 τοῦ
3311 2145 3466 2213 υἱοῦ,

2419 2249 2728 2301 ΨᾹΛΜΟΣ
2756 2244 2835 2310 τῷ
2859 2242 3055 2297 Δαυΐδ.
3091 2244 3167 2295 θ’.

2630 2338 2953 2400 ’Υπόθεσιςκ

2003 2436 2101 2490 Διά
2132 2434 2317 2489 τούτου
2349 2432 2444 2487 τοῦ
2470 2429 2686 2502 ψαλμοῦ
2718 2430 2787 2483 τὰ
2826 2426 3071 2500 κρυφίως
3107 2422 3467 2495 πεπραγμένα
3494 2419 3585 2492 τῷ

2075 2526 2289 2596 Σωτῆρι
2314 2523 2485 2594 δηλοῖ.
2509 2520 2686 2575 Πολλὰ
2716 2521 2773 2573 δὲ
2798 2515 2866 2590 ἦν
2888 2516 3035 2589 αὐτῷ
3069 2516 3137 2570 τὰ
3153 2514 3394 2587 κρυφίως
3410 2529 3585 2585 πρατ-

2073 2615 2275 2688 τόμενα
2298 2631 2309 2642 ·
2343 2615 2377 2685 ἦ
2421 2631 2480 2666 τε
2527 2615 2592 2665 ἐκ
2631 2610 2906 2682 Παρθένου
2938 2608 3026 2661 διὰ
3059 2600 3375 2675 Πνεύματος
3417 2602 3585 2671 ἁγίου

2075 2709 2215 2762 κατὰ
2249 2707 2428 2778 σάρκα
2451 2705 2728 2775 γέννησις,
2758 2703 2817 2756 αἴ
2840 2720 2899 2755 τε
2924 2698 3214 2771 παράδοξοι
3242 2699 3337 2751 καὶ
3360 2696 3583 2766 Θαυμα-

2072 2797 2292 2870 τουργοὶ
2312 2795 2570 2865 δυνάμεις
2590 2834 2603 2858 ,
2639 2793 2744 2845 ὅτε
2785 2791 3013 2852 Θάνατος
3045 2788 3208 2850 αὐτὸς
3234 2827 3257 2852 ,
3294 2786 3388 2839 καὶ
3435 2786 3467 2854 ἡ
3493 2785 3587 2847 είς

2075 2892 2199 2962 ᾅδου
2230 2890 2475 2954 κάθοδος,
2508 2888 2604 2942 καὶ
2634 2888 2747 2957 ἠέκ
2776 2884 2987 2954 νεκρῶν
3029 2880 3342 2942 ἀναϐίωσις.
3393 2876 3585 2930 Ταῦτα

2074 2981 2181 3053 γὰρ
2203 2981 2381 3034 πάντα
2414 2978 2659 3048 κρυφίως
2686 2975 2835 3045 αὐτῷ
2876 2974 3208 3043 πέπρακται.
3267 2967 3588 3040 Ἀπέκρυψε

2075 3072 2184 3143 γὰρ
2225 3071 2365 3125 αὐτά
2398 3069 2636 3131 καὶτοὺς
2684 3065 2952 3136 ἄρχοντας
3002 3062 3097 3117 τοῦ
3129 3062 3333 3132 κόσμου
3365 3059 3581 3113 τούτου.

2082 3163 2251 3235 ’Υπὲρ
2272 3163 2334 3232 δὴ
2352 3161 2557 3214 τούτων
2572 3158 2679 3213 τῶν
2701 3157 2945 3230 κρυφίων
2970 3157 2998 3209 ὁ
3023 3156 3309 3226 προφήτης
3327 3153 3548 3222 ἐκιπροσ
3568 3179 3589 3189 ο

2070 3254 2355 3323 ὡπουτῆς
2405 3250 2825 3322 ἁνΘρωπότητος
2877 3248 3186 3319 εἰσέρχεται
3242 3241 3591 3315 εὐχαριστῶν

2070 3345 2163 3398 καὶ¹
2191 3342 2393 3412 λέγων·
2440 3337 2996 3410 Ἐξομολογήσομσί
3022 3353 3141 3398 σοι,
3171 3335 3365 3403 Κύριε.
3405 3331 3589 3402 (Alius

2071 3444 2247 3489 autem
2270 3433 2463 3500 codex)
2508 3430 2959 3501 Ἐπισφράγισμα
3015 3427 3074 3480 δὲ
3115 3425 3223 3479 τῶν
3264 3422 3509 3496 κρυφίων
3553 3425 3593 3476 ὁ

2072 3527 2300 3590 Θάνατος
2326 3528 2418 3580 καὶ
2432 3524 2501 3578 τά
2532 3526 2589 3577 ἐν
2618 3523 2744 3595 ᾆδον
2773 3520 3105 3592 πραχθέντα,
3137 3520 3170 3589 ἡ
3197 3513 3490 3579 ἀνάστασίς
3519 3531 3598 3567 τε

2072 3620 2165 3672 καὶ
2189 3619 2222 3689 ἡ
2247 3617 2535 3687 ἀνάληψις.

2084 3706 2629 3777 Ἐξομολογήσομαί
2670 3720 2767 3759 σοι
2794 3744 2809 3763 ,
2858 3704 3065 3771 Κύριε,
3105 3701 3175 3754 ἐν
3205 3700 3319 3767 ὅλῃ
3366 3696 3601 3767 καρδίῃ

1996 3815 2115 3867 μου
2142 3838 2154 3850 .
2185 3835 2199 3852 .
2236 3838 2250 3851 .
2291 3837 2304 3851 .
2339 3798 2409 3850 ἐν
2452 3796 2533 3862 τῷ
2569 3794 3034 3865 ἀποστραφῆναι
3060 3791 3167 3846 τὸν
3196 3789 3414 3859 ἐχθρόν
3459 3806 3591 3858 μου

2002 3892 2089 3954 εις
2114 3892 2186 3942 τὰ
2238 3888 2451 3941 ὀπίσω.
2508 3888 2631 3943 Ἐπὶ
2683 3888 2825 3941 τίσιν
2874 3888 2906 3956 ἡ
2967 3882 3351 3955 ἐξομολόγησις
3409 3879 3598 3950 δηλοῖ,

2015 3979 2239 4051 ἘχΘρὸν
2270 3979 2328 4033 δέ
2362 3978 2527 4033 αὐτοῦ
2568 3978 2660 4032 τὸν
2699 3979 2929 4032 Θάνατον
2958 3972 3098 4030 εἷναί
3122 3992 3255 4047 φησι
3283 3973 3374 4027 τὸν
3402 3974 3483 4037 εἰς
3512 3972 3595 4028 τὰ

2002 4072 2178 4125 ὀπίσω
2206 4072 2702 4142 ἀποστρεφόμενον,
2730 4069 3007 4123 τουτέστιν
3034 4069 3115 4132 είς
3152 4068 3214 4121 τὸ
3249 4066 3323 4138 μὴ
3350 4061 3509 4119 εἶναι.

2086 4162 2517 4229 Ἇσθενήσουσι
2543 4162 2641 4217 καὶ
2690 4160 3063 4217 ἀπολοῦνται
3103 4158 3221 4212 ἀπὸ
3258 4155 3597 4225 προσώπου

2003 4268 2141 4308 σου.
2195 4252 2480 4316 Ἐπειδὰν,
2523 4252 2709 4323 φησιν,
2742 4251 3066 4321 ἀποστραφῇ
3120 4250 3199 4311 εἰς
3244 4247 3312 4301 τά
3342 4245 3515 4299 ὀπίσω
3558 4247 3596 4299 ὁ

2002 4345 2253 4409 Θάνατος,
2275 4345 2395 4399 τότε
2421 4344 2487 4415 δὴ
2506 4345 2603 4398 καὶ
2631 4346 2781 4398 πᾶσα
2812 4341 3040 4413 δύναμις
3068 4337 3417 4408 ἀντικειμένη
3450 4351 3595 4389 κατ-

321 4450 539 4506 inimica
566 4468 715 4508 mors
742 4456 1047 4511 destruitur
1072 4457 1140 4517 ⁸³,
1168 4456 1344 4524 palam
1376 4466 1461 4511 est
1506 4456 1657 4526 prius
1689 4454 1888 4510 destrui

2072 4436 2374 4507 γηΘήσεται
2398 4452 2412 4464 ·
2449 4437 2499 4489 εί
2531 4434 2642 4507 γὰρ
2665 4434 2894 4505 ἔσχατος
2935 4431 3128 4502 ἐχθρὸς
3172 4429 3526 4499 καταργεῖται
3561 4428 3599 4479 ὁ

320 4541 665 4599 adversarias
698 4555 1010 4614 potestates.

392 4718 444 4770 5.
482 4717 615 4773 Illud
650 4739 661 4773 :
707 4720 969 4786 Quoniam
1003 4724 1178 4793 fecisti
1202 4723 1467 4793 judicium
1504 4742 1675 4779 meum
1702 4733 1751 4778 et
1773 4741 1901 4779 cau-

320 4825 437 4864 sam
463 4827 653 4878 nteam,
702 4827 924 4868 causam
956 4814 1115 4870 aﬂ'ert
1143 4817 1442 4885 gratiarum
1490 4817 1759 4882 actionis;
1795 4816 1900 4872 ltoc

320 4908 501 4957 autem
536 4922 549 4956 ι
588 4903 784 4957 Sediin
816 4922 973 4975 super
1005 4908 1273 4972 thronum,
1304 4908 1508 4962 indicat
1538 4906 1629 4959 Dei
1674 4907 1728 4959 in
1750 4905 1896 4976 judi-

320 4995 497 5049 cando
532 4995 950 5066 inspectionem.

394 5087 446 5139 6.
487 5085 785 5157 lncrepasti
806 5099 1068 5161 gentes.et
1101 5093 1256 5161 periit
1290 5093 1505 5160 impius.
1530 5090 1897 5161 lnlelligibiles

325 5178 580 5236 inimicos
603 5183 831 5237 scilicet.
861 5184 1067 5238 Nomen
1088 5200 1267 5237 eorum
1289 5183 1477 5237 delein
1530 5183 1583 5235 in
1625 5182 1898 5237 saeculum.

324 5272 624 5328 Dracoucm
656 5276 729 5330 ait
761 5278 1123 5346 spiritualem,
1151 5278 1201 5331 id
1236 5286 1319 5331 est
1350 5276 1650 5329 diabolum.

391 5428 720 5501 [Increpain
770 5443 970 5504 gentes.
1011 5444 1060 5488 et
1116 5437 1275 5503 periit
1328 5436 1541 5503 impius.
1597 5434 1897 5490 Dracouem

321 5521 400 5573 ait
434 5533 528 5576 aut
582 5526 886 5592 diabolum,
922 5528 1052 5597 quia
1110 5529 1413 5598 increpatio
1463 5527 1900 5583 emendationem

319 5610 611 5680 signiﬁcat.
646 5612 775 5668 Jurc
805 5616 931 5685 quis
963 5616 1185 5681 dixerit,
1219 5617 1525 5673 emendatis
1556 5632 1653 5687 per
1682 5626 1901 5686 aposto-

398 5752 621 5811 "chr.
651 5774 710 5823 ll,
752 5760 803 5816 8.
883 5761 930 5793 ⁸⁸
956 5762 1099 5817 l’sal.
1125 5765 1295 5830 cux,l.
1376 5766 1457 5819 "1
1487 5765 1613 5820 Cor.
1641 5781 1729 5828 xx,
1750 5763 1834 5818 ΞΘ.

2011 4527 2261 4591 Θάνατος,
2281 4527 2523 4600 δηλονότι
2540 4522 3034 4597 προαναιρεθεισῶν
3057 4520 3165 4573 τῶν
3194 4518 3595 4589 ἀντικειμένων

2008 4616 2313 4688 δυνάμεων.

2082 4708 2203 4760 Ὅτι
2236 4708 2530 4773 ἐποίησας
2569 4703 2684 4773 τὴν
2713 4705 2916 4771 κρίσιν
2966 4719 3085 4771 μου
3137 4697 3234 4752 καὶ
3262 4696 3376 4764 τὴν
3407 4695 3595 4761 δίκην

2003 4816 2145 4869 μου.
2175 4799 2287 4868 Τὴν
2310 4799 2488 4852 αἰτίαν
2514 4796 2614 4866 τῆς
2635 4794 2988 4865 εὐχαριστίας
3028 4788 3421 4845 ἀνταποδίδωσι
3445 4801 3460 4816 ⁸
3488 4784 3554 4837 τὸ
3571 4822 3592 4849 ,

2023 4888 2338 4954 Ἐκάθισας
2365 4888 2462 4941 ἐπὶ
2493 4890 2710 4956 θρόνου
2736 4886 2834 4956 τὴν
2862 4888 2941 4948 εἰς
2967 4884 3028 4937 τὸ
3049 4881 3254 4953 κρίνειν
3282 4876 3591 4948 ἐπισκοπὴν

2005 4979 2270 5051 δηλοίτοῦ
2297 4978 2457 5034 Θεοῦ.

2089 5072 2493 5141 Ἐπετίμησας
2523 5069 2760 5133 ἔθνεσι,
2804 5068 2902 5123 καὶ
2945 5066 3217 5123 ἀπώλετο
3255 5068 3287 5118 ὀ
3334 5060 3589 5127 ἀσεϐής.

2009 5166 2148 5227 Τοὺς
2192 5166 2416 5234 νοητοὺς
2462 5164 2691 5235 ἐχθροὺς
2749 5161 3011 5233 δηλονότι.
3070 5157 3137 5212 Τό
3171 5158 3358 5225 ὄνομα
3398 5152 3591 5207 αὐτοῦ

2010 5254 2343 5323 ἑξήλειψας
2384 5257 2470 5320 εἰς
2514 5253 2619 5308 τὸν
2645 5252 2849 5307 αἰῶνα.
2890 5252 2991 5303 Τὸν
3013 5249 3281 5321 δράκοντά
3326 5262 3459 5317 φησι
3495 5242 3590 5296 τὸν

2016 5344 2219 5416 νοητὸν.
2252 5346 2309 5408 ὃς
2344 5346 2492 5397 ἐστιν
2513 5346 2542 5397 ὁ
2575 5342 2840 5405 διάϐολος.

2083 5436 2519 5509 [Ἔπετίμησας
2540 5436 2762 5499 ἔθνεσι,
2812 5434 2907 5486 καὶ
2947 5430 3217 5486 ἀπώλετο
3263 5430 3295 5483 ὀ
3337 5426 3585 5494 ἀσεϐής.

2010 5528 2113 5580 Τὸν
2139 5525 2407 5598 δράκοντά
2438 5542 2624 5598 φησιν,
2661 5525 2694 5594 ἢ
2719 5524 2809 5577 τὸν
2833 5521 3076 5576 διάϐολον
3099 5537 3112 5551 ο
3143 5518 3327 5590 ἐπειδὴ
3352 5520 3385 5589 ἡ
3412 5515 3588 5572 ἐπιτί-

2013 5635 2176 5688 μησις
2206 5618 2298 5671 καὶ
2330 5617 2615 5689 διόρθωσιν
2657 5616 2933 5686 σημαίνει.
2971 5612 3127 5666 Εἴποι
3170 5611 3236 5665 ἄν
3267 5626 3350 5673 τις
3375 5648 3389 5673 ,
3437 5606 3559 5678 διορ
