3698 6268
387 263 449 319 91
1247 271 1303 325 S.
1339 271 1716 330 A'FHANASH
1757 276 1909 332 OPP.
1951 277 2134 335 PARS
2174 278 2264 336 Ill.
2307 312 2374 322 —
2412 280 2826 342 EKEGETICA.
3616 293 3648 348 9

456 382 477 435 ί
501 380 543 436 i.
577 380 750 447 Viles,
774 391 1025 455 quoniam
1050 399 1112 476 tu
1128 392 1358 448 laborem
1385 407 1431 451 et
1459 399 1692 454 dolorem
1718 403 1927 455 conside

2126 403 2401 470 Βλέπεις,
2445 403 2536 458 ὅτι
2585 404 2667 458 σὺ
2704 406 2898 459 πόνον
2942 404 3041 459 καί
3094 404 3284 475 θυμὸν
3305 409 3648 475 κατανοεῖς

384 486 492 525 me.
535 470 639 538 Tu,
674 474 870 544 inquit,
907 494 940 533 ο
968 470 1231 548 Domine,
1263 489 1447 542 omnia
1478 491 1651 556 nosti,
1690 492 1820 544 nihil
1858 507 1955 547 eo-

384 576 504 615 rum
554 578 675 631 qua:
715 565 850 619 fiunt
894 568 1135 638 ignoras,
1192 574 1302 629 imo
1347 593 1447 632 nec
1496 596 1685 634 eorum
1732 598 1854 652 qua:
1900 584 1954 639 in

384 661 617 707 mentem
667 662 722 709 et
766 659 1152 728 cogitationem
1194 668 1437 723 veniunt.
1472 669 1612 739 Quin
1643 683 1696 727 et
1739 674 1956 732 labores

364 743 666 799 hominum
696 788 710 807 ,
759 747 1002 806 furorem
1052 764 1106 809 et
1150 756 1572 828 indignationem
1623 780 1809 820 eorum
1861 769 1953 836 qui

376 835 628 892 molestia
658 838 900 898 alIieinnt
922 857 1177 903 accurate
1206 852 1370 905 nosti.
1401 852 1669 918 Quoniam
1706 860 1952 914 omnium

370 927 739 996 cogitationes
766 937 1105 1006 consideras,
1136 950 1189 995 et
1220 950 1273 996 tu
1307 960 1366 999 es
1397 946 1489 1015 qui
1516 950 1680 1002 corda
1711 960 1764 1005 et
1795 968 1955 1008 renes

371 1022 666 1079 scrutaris.
701 1023 763 1077 Et
789 1041 911 1081 cum
942 1029 1055 1083 haec
1078 1032 1282 1098 videas,
1313 1035 1639 1106 longanimis
1665 1050 1841 1094 tamen
1873 1058 1951 1108 es,

372 1125 580 1181 gnarus
610 1119 713 1170 sub
748 1135 907 1174 manu
941 1131 1031 1177 tua
1079 1140 1269 1183 Omnes
1299 1144 1451 1193 esse,
1486 1147 1587 1186 nec
1622 1114 1958 1205 quemquam.

372 1216 537 1272 posse
562 1208 747 1277 aliquo
781 1212 985 1282 fugere.
1023 1215 1140 1271 Tibi
1166 1220 1449 1289 derelictus
1493 1233 1571 1277 est
1609 1242 1827 1295 pauper,
1866 1245 1951 1281 or-

367 1298 547 1366 phauo
570 1310 623 1354 tu
650 1302 801 1372 fuisti
821 1307 1056 1376 adiutor.
1092 1309 1206 1367 Hoc
1235 1323 1337 1376 est,
1370 1323 1523 1370 tuum
1554 1317 1644 1373 ille
1673 1331 1952 1389 exspectat

368 1394 659 1448 auxilium.

446 1484 530 1538 15.
573 1485 791 1542 Contere
827 1490 1101 1547 brae/rium
1135 1500 1426 1566 peccatoris
1469 1512 1517 1555 et
1549 1502 1790 1573 maligni.
1835 1502 1950 1561 Hoc

364 1584 473 1637 est,
503 1581 796 1645 potentiam
830 1584 1056 1642 inimici.
1097 1589 1381 1654 Quaeretur
1411 1607 1682 1663 peccatum
1720 1597 1865 1652 illius
1898 1609 1948 1653 et

368 1682 470 1720 non
523 1671 831 1730 invenietur.
891 1676 1116 1747 PrOpter
1167 1683 1344 1752 ipsum
1381 1687 1588 1741 scilicet
1635 1701 1942 1758 peccatum.

368 1756 503 1812 Tota
533 1766 801 1819 sententia
837 1768 918 1823 sic
947 1770 1110 1826 habet
1135 1792 1149 1829 :
1182 1774 1239 1828 Si
1267 1779 1573 1846 quaesieris,
1599 1756 1796 1851 inquit,
1824 1800 1948 1850 pec-
1978 1758 2020 1812 Β

364 1862 547 1906 catum
591 1858 833 1928 maligni,
866 1879 973 1917 non
1008 1865 1335 1936 invenietur,
1367 1871 1418 1926 id
1449 1880 1551 1937 est,
1593 1875 1791 1943 peribit
1817 1891 1945 1946 pec-

360 1952 518 1995 cator
549 1957 771 2014 propter
794 1950 971 2019 ipsum
998 1967 1303 2024 peccatum.

434 2032 817 2103 [Inveniuntur
857 2046 950 2112 qui
1000 2049 1232 2104 salutem
1282 2067 1311 2105 a
1361 2050 1473 2107 Deo
1507 2065 1943 2124 consequuntur,

358 2128 661 2184 seetlndnm
700 2133 829 2188 illud
868 2155 881 2189 :
928 2135 1110 2193 Inveni
1145 2141 1313 2196 David
1341 2162 1545 2198 seruum
1577 2162 1748 2199 meum
1774 2147 1841 2213 ⁸⁷,
1890 2158 1945 2203 et

362 2219 583 2275 inventa
617 2233 699 2278 est
740 2226 1001 2284 drachma
1036 2235 1246 2301 perdita
1280 2236 1362 2304 ἐς
1400 2253 1463 2292 ac
1511 2238 1556 2293 si
1587 2239 1805 2293 inventa
1840 2256 1946 2294 non

358 2310 575 2376 ιὐἰ›ερι,
609 2318 880 2383 periisset.
908 2321 1010 2387 Qui
1057 2312 1304 2393 pereunt,
1338 2344 1449 2383 non
1500 2330 1849 2386 invenientur
1894 2332 1947 2385 in

358 2403 594 2471 saecula;
652 2419 836 2464 manet
881 2414 1083 2483 quippe
1129 2417 1335 2486 jndex,
1391 2435 1457 2475 ac
1502 2430 1697 2493 regnat
1732 2438 1947 2493 semper

359 2492 414 2546 in
440 2492 628 2551 futuro
653 2515 716 2555 ac
744 2518 888 2556 nom
919 2510 1167 2583 saecula]

430 2586 518 2642 l6.
558 2589 817 2649 Dominus
874 2601 1113 2668 regnabit
1156 2604 1211 2656 in
1253 2614 1528 2662 wternum.
1566 2608 1625 2662 ln
1668 2606 1854 2664 futuro
1891 2618 1944 2664 et

358 2691 505 2733 novo
530 2685 754 2740 saeculo.

2058 496 2153 560 Σὺ,
2191 497 2375 566 φησιν,
2408 489 2455 549 ῶ
2507 496 2699 567 Κύριε,
2749 495 2929 549 πάντα
2985 496 3293 564 γινώσκεις,
3347 502 3455 553 καὶ
3510 500 3648 554 οὐδε

2058 604 2117 639 σε
2146 587 2253 639 τῶν
2274 589 2663 667 πραττομένων
2692 587 2969 653 λανθάνει,
3024 589 3145 642 οὐδὲ
3192 589 3301 643 τῶν
3350 592 3415 642 ἐν
3442 589 3648 645 διανοέ

2056 679 2149 731 καὶ
2177 678 2455 748 λογισμοῖς
2480 680 2758 733 ἀνιόντων.
2804 679 2964 734 Ἀλλὰ
3003 680 3096 734 καὶ
3150 682 3275 743 τοὺς
3307 681 3525 745 πόνους
3565 682 3648 735 αὖ

2054 767 2163 821 τῶν
2215 769 2310 821 καὶ
2361 770 2487 832 τοὺς
2534 766 2742 841 θυμοὺς
2773 769 2882 823 τῶν
2926 768 3341 841 ἐπηρεαζόντων
3370 771 3476 824 καὶ
3531 772 3648 824 τοὺ

2056 861 2471 931 παροργισμοὺς
2490 861 2599 913 τῶν
2630 861 2933 933 ἀνθρώπων
2960 858 3106 926 οἶδας
3123 861 3390 932 ἀκριϐῶς.
3424 863 3572 915 Ἐπε
3585 862 3647 915 ιδ

2055 950 2273 1005 πάντων
2303 954 2428 1015 τοὺς
2457 952 2748 1023 λογισμοὺς
2802 957 3104 1017 κατανοεῖς,
3150 954 3244 1007 καὶ
3275 956 3338 1008 σὺ
3371 957 3401 1008 ὁ
3438 952 3648 1017 ὲτάζω

2053 1044 2278 1116 καρδίας
2297 1044 2393 1097 καὶ
2420 1046 2669 1115 νεφρούς.
2725 1045 2834 1098 Καὶ
2863 1044 3037 1099 ταῦτα
3079 1050 3257 1099 πάντα
3291 1046 3523 1125 ἐφορῶν
3553 1063 3648 1116 μα

2055 1134 2364 1206 κροθυμείς,
2397 1134 2571 1200 εἰδὼς,
2602 1138 2684 1190 ὅτι
2719 1137 2823 1192 ὑπὸ
2868 1137 2965 1201 τὰς
2997 1137 3094 1200 σὰς
3142 1141 3325 1209 χεῖρας
3361 1140 3412 1190 οί
3443 1137 3647 1191 πάντε

2050 1229 2398 1298 τυγχάνουσι,
2430 1231 2523 1283 καὶ
2549 1231 2648 1283 ούκ
2678 1230 2792 1283 ἔστι
2813 1247 2916 1283 που
2936 1230 3110 1284 οὐδενὶ
3144 1231 3298 1294 ἐκτὸς
3327 1231 3648 1301 διαδράναι

2050 1321 2149 1373 Σοὶ
2180 1321 2708 1389 ἐγκαταλέλειπται
2740 1326 2773 1377 ὁ
2801 1324 3054 1391 πτωχὸς,
3089 1324 3326 1392 ὀρφανῷ
3367 1324 3456 1378 σὺ
3485 1321 3648 1393 ἦσθα

2044 1413 2294 1480 βοηθός.
2350 1414 2610 1468 Τουτέστι
2645 1415 2743 1486 τὴν
2782 1415 2933 1485 παρὰ
2974 1416 3069 1469 σοῦ
3114 1415 3264 1486 μένει
3313 1415 3615 1488 βοήθειαν.

2120 1507 2462 1575 Σύντριψον
2500 1507 2607 1561 τὸν
2629 1509 2932 1577 ,βραχίονα
2976 1508 3084 1563 τοῦ
3141 1509 3502 1579 ἀμαρτωλοῦ
3548 1523 3647 1561 κα

2052 1599 2336 1666 πονηροῦ.
2404 1601 2550 1653 Ἀντὶ
2602 1600 2719 1667 τοῦ,
2768 1602 2866 1673 τὴν
2904 1601 3230 1670 ,δυναστείαν
3274 1601 3368 1655 τοῦ
3416 1600 3642 1672 ἐχθροῦ

2050 1690 2457 1757 Ζητηθήσεται
2480 1694 2519 1760 ἡ
2538 1692 2791 1761 ἁμαρτία
2811 1694 3017 1757 αὐτοῦ,
3058 1694 3155 1747 καὶ
3187 1696 3260 1748 οὐ
3274 1694 3361 1763 μὴ
3396 1691 3647 1764 εὑρεθῇ

2048 1784 2125 1834 Δι’
2150 1782 2320 1854 αὐτὴν
2353 1785 2451 1854 μὲν
2473 1784 2569 1857 τὴν
2593 1787 2887 1859 ἁμαρτίαν.
2922 1788 2994 1840 Τὸ
3019 1787 3075 1839 δὲ
3105 1787 3223 1840 ὅλον
3244 1788 3439 1852 οὕτως·
3486 1787 3640 1841 Ἰῐὰν

2049 1875 2234 1946 φησιν,
2257 1873 2566 1949 ἐκζητήσῃς
2588 1878 2683 1949 τὴν
2714 1878 2987 1950 ἁμαρτίαν
3021 1879 3115 1931 τοῦ
3156 1879 3418 1950 πονηροῦ,
3454 1880 3517 1932 οὐ
3565 1881 3648 1951 μδ

2048 1967 2265 2039 εὑρεθῇ·
2296 1969 2592 2033 τουτέστιν,
2626 1970 2906 2024 ἀπολεῖται
2940 1973 2968 2024 ὁ
3003 1970 3237 2042 πονηρὸς
3264 1972 3331 2025 δι’
3362 1972 3564 2043 αὐτήν.

2118 2059 2134 2132 [
2157 2060 2513 2131 Εὑρίσκονται
2540 2065 2588 2116 οί
2616 2062 2909 2134 σωζόμενοι
2963 2064 3114 2136 παρὰ
3143 2063 3238 2116 τοῦ
3265 2063 3425 2127 Θεοῦ,
3451 2062 3530 2127 ὡς
3554 2063 3648 2133 τρα

2049 2148 2245 2220 Εὗρον
2267 2154 2447 2207 Δαυῒδ
2478 2155 2584 2209 τὸν
2614 2156 2839 2209 δοῦλόν
2851 2174 2991 2226 μου,
3020 2159 3132 2221 καὶ,
3172 2155 3380 2227 Εὑρέθη
3405 2155 3438 2226 ἡ
3466 2153 3648 2207 ἀπολ-

2046 2243 2251 2316 λυμένη
2282 2246 2520 2318 δραχμή-
2559 2250 2653 2300 καὶ
2691 2250 2813 2301 ἐπεὶ
2867 2250 2943 2319 μὴ
2993 2248 3209 2320 εὑρέθη,
3260 2247 3510 2302 ἀπώλετο
3544 2245 3648 2301 ἄν.

2046 2340 2109 2391 υἱ
2136 2339 2495 2410 ἀπολλύμενοι
2524 2343 2621 2410 οὐχ
2654 2341 2999 2412 εὑρίσκονται
3022 2342 3102 2405 εἰς
3124 2340 3214 2393 τὸν
3246 2339 3436 2393 αἰῶνα·
3478 2338 3648 2408 μένει

2043 2430 2151 2502 γὰρ
2173 2433 2200 2484 ὀ
2227 2432 2503 2503 δικαστὴς.
2535 2433 2625 2486 καὶ
2657 2432 2929 2503 βασιλεύει
2986 2431 3274 2495 διαπαντὸς
3305 2434 3361 2485 ἐν
3392 2430 3470 2502 τῷ
3503 2429 3648 2501 μέλ-

2042 2521 2188 2576 λοντι
2224 2524 2317 2577 κα)⁵
2338 2524 2442 2594 νέῳ
2476 2524 2679 2597 αἱῶνι.]
2720 2566 2726 2577 .

2120 2617 2335 2684 Κύριος
2360 2618 2725 2681 ,βασιλεύσει
2773 2622 2861 2685 εἰς
2894 2617 3001 2672 τὸν
3026 2617 3228 2672 αἰῶνα.
3269 2617 3358 2670 Ἐν
3394 2615 3472 2688 τῷ
3499 2616 3648 2688 μέλ-

2048 2706 2192 2761 λοντι
2213 2709 2308 2762 καὶ
2330 2708 2436 2781 νέῳ
2463 2710 2639 2767 αἰῶνι.

428 2795 622 2854 Daniel
679 2805 972 2865 Barbarus.
1027 2797 1153 2869 lizec
1200 2816 1332 2871 dicit
1390 2819 1454 2873 ad
1511 2821 1912 2878 ostendendum
1956 2841 2200 2895 prasens
2251 2838 2309 2882 et
2356 2828 2604 2885 futurum
2638 2845 2866 2901 regnum
2891 2830 3057 2884 illius.
3104 2828 3257 2895 Quod
3310 2828 3356 2882 si
3411 2827 3648 2882 Domini

357 2903 585 2959 regnum
619 2893 723 2949 fine
751 2910 921 2966 caret,
972 2906 1115 2972 quod
1152 2907 1335 2963 nullus
1360 2911 1510 2980 regni
1545 2912 1692 2968 illius
1735 2913 1858 2969 ﬁnis
1888 2893 2106 2973 futurus
2140 2919 2244 2986 sit;
2279 2918 2413 2988 justi
2458 2922 2552 2984 qui
2583 2893 2729 2991 ejus'
2761 2922 3055 2992 participes
3102 2930 3263 2987 sunt,
3310 2930 3643 2992 perpetuam

356 2987 509 3055 regni
536 2993 941 3055 possessionem
968 2996 1351 3067 adipiscentur.

428 3075 702 3146 Peribitis,
733 3096 930 3155 gentes,
965 3090 1029 3144 de
1072 3100 1210 3146 terra
1237 3095 1407 3150 illius.
1439 3095 1494 3151 In
1529 3109 1771 3170 tempore
1799 3102 1944 3157 enim
1974 3107 2016 3163 C

362 3171 514 3241 regni
541 3174 661 3241 ejus
694 3178 1048 3246 projicientur
1077 3184 1131 3238 in
1166 3185 1344 3255 ignem
1371 3199 1660 3247 aeternum.

438 3259 664 3335 [Gentes
706 3278 865 3323 vocat
903 3270 1127 3342 iniquos
1162 3275 1413 3333 homines
1437 3321 1452 3345 ,
1489 3291 1674 3351 utpote
1704 3284 1798 3354 qui
1837 3300 1946 3340 non

357 3351 541 3407 vivant
580 3359 882 3413 secundum
940 3363 1132 3433 legem,
1166 3370 1258 3421 Sed
1291 3372 1615 3437 gentilitiam
1660 3384 1715 3429 et
1744 3377 1937 3432 barba-

357 3460 476 3500 ram
513 3448 905 3508 immanitatem
938 3468 1236 3516 sectentur.
1270 3462 1378 3519 Eos
1404 3466 1571 3520 deleri
1606 3477 1807 3538 rogat:
1846 3470 1947 3525 Pe-

361 3536 562 3605 ribitis,
599 3542 808 3612 inquit,
844 3557 898 3600 et
936 3550 1165 3605 exitium
1210 3553 1343 3623 ipsis
1369 3536 1770 3627 comminatur;
1809 3572 1867 3616 ut
1892 3571 1947 3617 et

358 3630 438 3685 illi
481 3635 756 3703 respirare
794 3643 1012 3708 possint
1034 3684 1049 3707 ,
1077 3653 1130 3698 et
1157 3645 1211 3699 hi
1238 3647 1304 3702 ad
1339 3650 1619 3703 meliorem
1650 3667 1707 3707 se
1738 3653 1945 3724 frugem

362 3725 474 3780 reci
483 3727 658 3801 pere.]

430 3814 518 3869 17.
565 3816 898 3876 Desiderium
924 3841 1213 3893 pauperum
1236 3830 1526 3898 exaudiui,
1557 3831 1793 3888 Domine.
1820 3834 1947 3889 llam

358 3920 598 3979 namque
646 3912 864 3968 illorum
911 3928 1030 3972 erat
1075 3922 1560 3991 concupiscentia,
1594 3925 1699 3981 hoc
1727 3926 1945 3981 deside-

359 3997 524 4066 rium,
554 4010 613 4055 ut
647 4001 848 4061 futuris
886 4008 1227 4065 donarentur
1268 4013 1448 4069 bonis.
1492 4015 1945 4087 Prteparationem

358 4091 532 4144 cordis
560 4109 739 4147 eorum
778 4099 980 4152 audivit
1014 4104 1160 4157 auris
1188 4112 1299 4157 tua.
1331 4104 1411 4159 Ad
1448 4107 1551 4161 hoc
1580 4124 1817 4175 namque
1847 4126 1942 4181 pa-

358 4182 484 4250 rati,
506 4182 575 4238 ad
598 4187 781 4242 omnia
816 4191 1133 4247 sustinenda
1162 4195 1327 4250 corde
1357 4199 1596 4269 prompti
1629 4212 1778 4255 sunt.

427 4357 787 4432 [Pratparatio
841 4368 1023 4423 cordis
1056 4378 1140 4424 est
1176 4373 1334 4441 quasi
1384 4376 1681 4444 promissio
1718 4376 1858 4433 facta
1910 4394 1940 4433 a

2136 3102 2506 3167 Ἀπολεῖσθε,
2531 3102 2701 3169 ἔθνη,
2727 3104 2795 3156 ἐκ
2822 3102 2931 3171 τῆς
2950 3102 3062 3173 γῆς
3078 3102 3287 3156 αὐτοῦ.
3319 3102 3403 3154 Ἐν
3422 3099 3528 3171 γὰρ
3561 3103 3641 3173 τῇ

2051 3194 2300 3267 βασιλείᾳ
2329 3196 2494 3249 αὐτοῦ
2547 3196 2904 3269 βληθήσονται
2955 3198 3036 3259 είς
3058 3195 3118 3249 τὸ
3151 3193 3262 3265 πῦρ
3292 3195 3353 3246 τὸ
3388 3192 3638 3246 αἰώνιον.

2122 3286 2329 3358 [Ἕθνη
2379 3286 2534 3339 καλεῖ
2592 3288 2719 3349 τοὺς
2772 3286 3008 3349 ἀδίκους,
3053 3284 3128 3349 ὡς
3165 3284 3237 3355 μὴ
3283 3281 3418 3336 κατὰ
3461 3281 3643 3353 νόμον

2049 3376 2280 3442 ζῶντας,
2308 3377 2444 3431 ἀλλὰ
2473 3379 2566 3431 καὶ
2590 3378 2810 3450 ὲθνικὴν
2835 3378 2930 3431 καὶ
2978 3376 3320 3448 βαρϐαρικὴν
3348 3374 3636 3443 ὡμότητα.

2050 3468 2268 3522 Τούτων
2287 3471 2427 3523 αἰτεῖ
2457 3469 2721 3540 ἐκκοπὴν,
2765 3469 3126 3532 Ἀπολεῑσθε,
3145 3468 3337 3536 λέγων,
3368 3464 3457 3519 καὶ
3487 3481 3639 3518 ποιν-

2047 3558 2313 3631 ωλεθρίαν
2346 3559 2532 3621 αὐτοῖς
2592 3558 2851 3612 ἀπειλῶν·
2912 3558 3051 3611 ὥστε
3100 3556 3194 3610 καὶ
3236 3554 3449 3617 τούτους
3486 3554 3634 3609 ἀνα-

2049 3637 2296 3715 πνεῦσαι,
2324 3649 2609 3715 κάκείνους
2638 3647 3115 3722 σωφρονισθῆναι]

2124 3825 2243 3892 Τὴν
2257 3826 2577 3896 ἐπιθυμίαν
2600 3798 2722 3880 τῶν
2763 3823 3037 3891 πενήτων
3085 3822 3469 3890 είσήκουσας,
3499 3822 3633 3875 Κύ-

2039 3933 2152 3987 ριε.
2186 3916 2335 3989 Αὕτη
2366 3917 2475 3989 γὰρ
2530 3913 2599 3988 ἦν
2628 3916 2809 3970 αὐτῶν
2855 3918 2889 3987 ὴ
2934 3915 3223 3985 ἐπιθυμία,
3263 3914 3359 3967 καὶ
3398 3906 3546 3975 οὗτος
3600 3915 3633 3967 ὁ

2047 4007 2210 4071 πόθος
2239 4008 2300 4061 τὸ
2350 4007 2458 4062 τῶν
2492 4007 2792 4078 μελλόντων
2849 4004 3145 4076 ἀξιωθῆναι
3196 4002 3431 4073 ἀγαθῶν.
3494 3999 3631 4070 Τὴν

2045 4101 2397 4171 ἐτοιμασίαν
2422 4098 2535 4167 τῆς
2563 4098 2807 4165 καρδίας
2837 4097 3036 4152 αὐτῶν
3059 4094 3364 4167 προσέσχε
3412 4091 3473 4147 τὸ
3509 4089 3629 4163 οὖς

2045 4206 2182 4244 σου.
2209 4191 2301 4252 Εἰς
2333 4188 2491 4243 τοῦτο
2528 4188 2635 4261 γὰρ
2667 4187 3101 4259 ὲτοιμαζόμενοι,
3137 4185 3312 4240 πάντα
3339 4182 3626 4254 ὑπομένειν

2044 4284 2110 4353 τῇ
2151 4281 2348 4352 καρδίᾳ
2376 4279 2806 4349 εύτρεπίζονται.
3416 4365 3439 4378 η

2117 4375 2488 4447 [Ἑτοιμασία
2546 4374 2777 4445 καρδίας
2825 4374 2859 4444 ἡ
2890 4369 3002 4426 οἷον
3054 4371 3347 4440 ὑπόσχεσις
3378 4369 3477 4419 τῶν
3517 4369 3624 4437 τῆς

358 4450 598 4505 motibus
624 4462 678 4507 et
721 4456 1004 4517 atl‘ectibus
1050 4464 1219 4520 animi
1265 4466 1333 4520 ad
1379 4466 1790 4537 obsequentium
1830 4469 1929 4525 Deo

2107 4468 2224 4540 ιχῆς
2272 4468 2585 4540 κινημάτων
2616 4467 2753 4539 πρὸς
2779 4463 3234 4535 συνακολούθησιν
3266 4459 3359 4514 τοῦ
3375 4457 3546 4532 Θεοῢ.]

359 4540 688 4598 reddendam
701 4546 737 4619 .]

431 4634 518 4689 18.
557 4634 814 4695 Judicare
856 4646 1059 4715 pupillo
1097 4659 1147 4704 et
1192 4653 1420 4720 humili;
1466 4664 1522 4709 ut
1568 4673 1670 4711 non
1709 4665 1940 4727 apponat

358 4724 541 4793 ultra,
586 4740 691 4784 etc.
730 4732 891 4797 Cum,
936 4737 1140 4807 inquit.
1168 4758 1432 4813 pauperes
1467 4724 1785 4817 ulciscetur,
1812 4760 1941 4805 tunc

359 4832 470 4874 non
495 4832 732 4892 apponet
766 4826 906 4881 ultra
936 4832 1286 4899 magniﬁcare
1322 4852 1383 4892 se
1414 4838 1599 4895 homo.

676 5005 744 5060 In
776 5009 935 5078 ﬁnem
960 5010 1304 5070 PSALMUS
1344 5015 1536 5073 David.
1566 5019 1641 5074 Χ.

950 5103 1353 5173 Argumentum.

358 5177 515 5236 Hunc
565 5199 785 5256 quoque
842 5190 1116 5259 psalmum
1156 5194 1304 5248 canit
1353 5205 1645 5266 postquam
1683 5197 1938 5256 inimicos

427 5271 718 5331 devicerat.
751 5275 849 5331 Hic
870 5279 1015 5348 piam
1041 5283 1367 5338 sententiam
1412 5296 1762 5359 mentemque
1798 5306 1940 5360 pra:-

430 5362 554 5418 fort.

430 5504 475 5536 "
519 5504 661 5562 Psal.
693 5526 958 5574 Lxxxvm.
997 5515 1046 5568 1.
1119 5515 1165 5548 ⁸⁸
1205 5516 1337 5573 Luc.
1374 5535 1466 5583 xv,
1498 5519 1550 5574 9.

437 5661 513 5739 (α)
571 5666 784 5738 Ambr.,
818 5676 1219 5742 παραστατικός
1252 5676 1485 5744 melius;
1513 5677 1702 5745 supple
1734 5674 1964 5742 ψαλιιός·

2119 4651 2323 4719 Κρῖναι
2376 4650 2615 4719 ὀρφανῷ
2670 4648 2767 4703 καὶ
2822 4643 3098 4710 ταπεινῷ,
3137 4644 3237 4697 ἵνα
3278 4642 3362 4743 αὴ
3391 4642 3620 4743 προσθῇ

2046 4741 2155 4796 ἔτι.
2186 4742 2338 4805 Ὅτε,
2370 4741 2524 4812 φησὶ,
2556 4739 2654 4810 τὴν
2689 4738 2966 4806 ἐκδίκησιν
2994 4735 3102 4787 τῶν
3133 4732 3361 4802 πτωχῶν
3391 4732 3614 4801 ποιήσει,

2048 4834 2169 4887 τότε
2236 4833 2337 4884 οὐκ
2401 4830 2481 4883 ἐτι
2552 4828 2852 4902 προσθήσει
2934 4826 3030 4879 τοῦ
3101 4824 3453 4897 μεγαλαυχεῖν
3518 4822 3613 4879 ἄν-

2045 4924 2283 4995 θρωπος.

2222 5016 2325 5079 Εἰς
2359 5012 2426 5066 τὸ
2466 5012 2661 5077 τέλος,
2703 5012 3011 5064 ΨΑΛΜΟΣ
3045 5008 3126 5074 τῷ
3156 5006 3354 5061 Δαυΐδ.
3385 5009 3441 5061 I'.

2689 5104 2702 5121 '
2717 5103 3028 5168 Υπόθεσις.

2045 5201 2157 5255 Καὶ
2182 5197 2367 5252 τοῦτον
2404 5196 2542 5267 μετὰ
2587 5193 2648 5248 τὸ
2706 5194 3088 5266 περιγενέσθαι
3140 5192 3247 5246 τῶν
3280 5190 3475 5264 ἐχθρῶν
3498 5190 3605 5263 ᾄδει

2116 5292 2208 5346 τὸν
2254 5290 2488 5361 ψαλμόν.
2555 5294 2709 5346 Ἔστι
2763 5288 2819 5342 δὲ
2874 5288 3217 5360 φρονήματος
3264 5283 3604 5356 ἀγιοπρεποῦς

2120 5381 2524 5455 παραπατικὸν
2549 5381 2626 5454 (α)
