3698 6268
367 285 440 343 95
1195 291 1252 348 S.
1294 292 1669 352 ATHANASII
1707 295 1856 352 OPP.
1889 296 2069 351 PARS
2111 294 2197 351 ιιι.
2242 326 2309 337 -
2348 295 2760 354 EXEGETICA.

3555 299 3645 356 96

363 417 482 456 usus
507 442 522 467 ,
549 402 693 456 labia
737 415 921 458 nostra
951 423 984 460 a
1024 408 1175 462 nobis
1197 420 1342 465 sunt.
1379 410 1511 478 Quis
1552 423 1727 468 noster
1755 412 1902 468 Domi

2081 430 2159 467 εν·
2205 412 2275 466 τὰ
2310 415 2484 483 χείλη
2551 413 2720 484 ἡμῶν
2764 415 2900 483 παρ’
2934 415 3080 485 ἡμῖν
3128 418 3277 472 ἐστι.
3309 419 3407 484 Τίς
3447 419 3648 489 ἡμῶν

361 509 460 547 και
484 503 563 547 est
580 495 605 547 1’
632 493 798 560 Quasi
823 498 1031 553 scilicet
1060 499 1175 556 hwc
1200 517 1385 557 secum
1411 513 1743 574 reputarent,
1767 505 1929 560 facul-

363 592 526 638 tatem
559 599 617 638 se
652 586 852 642 habere
884 589 1099 658 quidvis
1127 606 1227 660 pro
1265 593 1488 648 libidine
1516 605 1704 650 contra
1736 593 1926 650 Salva-

363 685 532 729 torem
563 677 889 744 proferendi.
928 681 1064 735 Illud
1100 693 1279 737 autem
1316 702 1330 739 :
1363 684 1495 750 Qui:
1536 697 1712 740 noster
1744 687 1927 741 Domi-

360 779 459 821 nus
485 768 603 823 est?
653 769 827 825 sitniie
854 781 938 826 est
968 773 1041 826 illi
1069 774 1214 830 dicto
1240 794 1253 829 :
1287 774 1443 829 Hunc
1467 788 1641 832 autem
1670 781 1926 835 nescimus

360 856 496 909 unde
518 857 586 910 sit
617 858 685 911 ἰ.

431 946 485 1000 6.
527 944 751 1017 Propter
791 953 1057 1006 miseriam
1096 954 1327 1022 inopum,
1351 964 1455 1012 etc.
1492 956 1682 1028 inopes
1710 975 1764 1016 et
1793 978 1928 1031 pau-

358 1050 515 1105 peres
546 1043 844 1095 secundum
874 1045 1124 1113 spiritum
1156 1046 1421 1118 intelligit.
1452 1049 1696 1116 Quorum
1726 1057 1925 1125 gemitu

355 1131 563 1198 audito,
601 1132 927 1204 Exsurgum,
963 1137 1057 1190 ait.
1091 1137 1293 1191 Panum
1330 1142 1384 1194 in
1421 1142 1671 1209 salutari,
1701 1146 1928 1214 ﬁducia-

356 1220 479 1276 liter
510 1240 663 1295 agam
704 1226 759 1278 in
808 1243 888 1280 eo.
928 1226 984 1281 id
1024 1237 1140 1294 est,
1198 1229 1385 1285 Palam
1428 1235 1681 1289 omnibus
1727 1234 1924 1293 faciam

357 1315 615 1381 salutare,
637 1319 782 1386 quod
808 1320 969 1373 etiam
996 1322 1201 1375 curabo
1226 1323 1467 1392 esulgari
1495 1325 1635 1381 ultro
1655 1328 1922 1400 citroque.

362 1402 568 1474 Ubique
599 1409 741 1462 enim
767 1419 1035 1465 terrarqu
1067 1413 1418 1482 praedicatum
1456 1425 1560 1471 est.

428 1578 476 1634 7.
519 1579 744 1652 Eloquia
772 1582 1011 1642 Domini.
1049 1588 1255 1658 eloquia
1284 1603 1439 1646 casta
1463 1632 1478 1657 ,
1508 1606 1778 1665 argentum
1806 1598 1924 1667 igne

353 1670 731 1726 examinatum.
766 1671 902 1728 Vera
928 1717 943 1740 ,
990 1676 1199 1747 inquit,
1239 1691 1368 1737 sunt
1408 1683 1569 1739 verba
1605 1687 1671 1741 de
1696 1689 1919 1744 salutari

353 1762 633 1816 enuntiata
674 1774 728 1818 et
774 1768 1081 1833 promissa,
1134 1775 1590 1840 quemadmodum
1637 1788 1919 1848 argentum

353 1866 496 1920 saepe
528 1855 582 1907 in
622 1858 967 1911 crucibulum
1010 1860 1342 1916 immissum.
1394 1864 1528 1921 Illud
1582 1879 1762 1924 autem
1790 1911 1803 1930 .
1837 1890 1920 1926 se-

349 1944 587 2012 ptuplunt
611 1985 627 2009 ,
674 1963 770 2016 pro
811 1949 1013 2018 pluries
1036 1954 1252 2022 posuit;
1282 1954 1330 2011 is
1364 1957 1509 2013 enim
1549 1969 1634 2016 est
1681 1977 1800 2019 mos
1827 1980 1918 2018 sa-

349 2048 459 2089 crae
499 2036 814 2107 Scriptura.

417 2124 474 2181 8.
513 2124 611 2192 Tu,
647 2128 886 2196 Domine,
918 2134 1151 2188 servabis
1170 2152 1284 2190 nos.
1316 2138 1462 2205 ideo,
1495 2142 1693 2213 inquit,
1733 2161 1919 2202 serva-

353 2218 440 2273 bis
466 2234 568 2274 nos
590 2262 604 2286 ,
644 2223 772 2290 quia
811 2225 1156 2283 circumdant
1187 2246 1286 2285 nos
1316 2233 1490 2303 impii,
1531 2236 1688 2292 saluti
1718 2250 1919 2297 nostra:

350 2310 697 2368 insidiantes.
754 2312 822 2369 Hi
847 2324 1029 2372 autem
1065 2329 1194 2374 sunt
1237 2322 1560 2381 adversariae
1590 2337 1643 2382 et
1668 2329 1919 2398 maligna:

346 2411 663 2472 potestates.

414 2492 471 2548 9.
508 2493 809 2552 Secundum
838 2500 1174 2558 altitudinem
1203 2515 1346 2560 tuam
1381 2508 1750 2580 multiplicasti
1776 2514 1914 2582 ﬁlios

344 2583 639 2641 hominum.
690 2589 1046 2646 Altitudinem
1082 2593 1215 2649 dicit
1252 2597 1503 2653 virtutem
1537 2618 1551 2654 :
1586 2602 1912 2673 multiplica-

348 2678 549 2734 tionem
590 2689 770 2735 autem
822 2683 991 2750 illam,
1040 2689 1305 2756 temporis
1351 2690 1786 2750 diuturnitatem.
1844 2696 1915 2754 Ut

348 2770 464 2826 haec
516 2773 589 2828 sit
639 2775 963 2831 sententia:
1009 2777 1113 2833 Per
1166 2780 1420 2839 virtutem
1480 2793 1535 2840 et
1590 2797 1911 2858 potestatem

347 2871 534 2927 tuam,
589 2865 1003 2924 diuturnitatem
1057 2874 1315 2942 temporis
1353 2884 1408 2930 et
1443 2877 1609 2933 vitam
1654 2890 1911 2937 aeternam

344 2953 541 3010 dedisti
589 2957 769 3013 nobis.
813 2957 948 3015 Nam
994 2973 1118 3032 post
1167 2965 1460 3021 salutarem
1511 2971 1907 3038 ascensionem,

345 3047 402 3101 in
431 3047 642 3103 inﬁnita
666 3051 866 3106 saecula
897 3053 1007 3108 vita
1039 3063 1223 3110 nostra
1255 3059 1587 3116 extenditur.
1634 3062 1745 3117 Aut
1787 3065 1909 3120 alti-

346 3136 586 3195 tudinem
638 3140 792 3208 dicit,
834 3144 962 3214 quia
1011 3146 1220 3202 scilicet
1266 3149 1475 3206 similes
1523 3153 1619 3209 tibi
1657 3154 1909 3213 homines

343 3227 593 3296 en‘ecisti,
643 3241 914 3302 quatenus
952 3251 1143 3292 eorum
1194 3237 1299 3295 [ert
1343 3240 1618 3301 facultas:
1656 3258 1750 3303 aut
1779 3249 1908 3320 quia

344 3320 572 3376 multam
607 3336 798 3379 eorum
831 3341 1017 3382 curam
1052 3329 1313 3388 habuisti.

554 3414 606 3471 1.
647 3413 712 3470 1η
742 3418 921 3487 linem,
959 3418 1298 3479 PSALMUS
1333 3425 1519 3483 David.
1540 3427 1691 3484 ΧΗ.

922 3513 1321 3584 Argumentum.

341 3588 499 3651 Hunc
540 3599 690 3654 canit
738 3603 1051 3672 psalmum,
1110 3608 1240 3664 dum
1293 3614 1669 3681 paenitentiam
1719 3619 1905 3676 delicti

409 3698 626 3757 ageret,
689 3701 742 3746 et
792 3708 898 3748 una
951 3696 1191 3754 salutare
1229 3710 1477 3756 nostrum
1533 3708 1901 3766 annuntiaret.

411 3775 568 3835 Unde
607 3786 916 3854 exemplum
945 3791 1089 3845 nacti
1123 3807 1315 3847 sumus
1339 3835 1355 3859 ,
1399 3811 1509 3865 quo
1555 3811 1713 3867 pacto
1740 3817 1902 3871 opor-

410 3882 521 3930 teat
555 3890 676 3939 nos,
707 3894 830 3933 cum
860 3882 1226 3951 peccavimus,
1252 3885 1318 3939 ad
1358 3884 1528 3942 Deum
1557 3891 1840 3950 accedere.

415 4042 739 4116 Usquequo,
778 4049 1041 4122 Domine,
1088 4056 1407 4114 oblivia-eris
1458 4078 1539 4118 me
1592 4066 1647 4119 in
1704 4068 1904 4136 ﬁnem?

338 4128 505 4194 Quasi
541 4142 663 4202 post
693 4135 1010 4194 diuturnam
1052 4156 1262 4198 moram
1304 4160 1400 4215 per
1432 4128 1809 4219 paenitentiam
1833 4158 1900 4212 ad

336 4216 508 4275 Deum
538 4228 853 4292 accesserit,
882 4238 1103 4300 propter
1128 4216 1763 4309 admissumvpeccatum.
1800 4246 1901 4302 Us-

335 4324 534 4382 quequo
560 4317 749 4371 avertis
781 4318 974 4387 faciem
1002 4331 1150 4377 tuam
1178 4342 1209 4379 a
1238 4328 1358 4382 me?
1396 4327 1551 4387 Hanc
1582 4334 1774 4394 faciem
1804 4356 1901 4396 an-

337 4401 441 4470 geli
463 4419 675 4477 semper
697 4410 900 4466 vident.

402 4578 458 4632 2.
517 4579 767 4645 Quandiu
792 4601 986 4653 ponam
1020 4591 1246 4646 consilia
1285 4595 1338 4648 in
1367 4598 1548 4652 animo
1588 4605 1748 4657 mea?
1786 4605 1898 4660 An-

331 4684 464 4738 ποτε
488 4673 728 4736 crucior,
766 4662 963 4747 inquit,
992 4680 1119 4736 dum
1157 4685 1343 4740 animo
1371 4704 1583 4746 mecum
1611 4697 1797 4760 volvo,
1829 4715 1899 4755 ne

332 4756 471 4815 forte
496 4761 548 4815 in
577 4774 799 4831 peccato
829 4770 1032 4824 moriar
1056 4810 1072 4836 ,
1115 4783 1170 4828 et
1211 4775 1341 4830 illud
1373 4783 1611 4839 maxime
1638 4796 1723 4841 est
1747 4756 1894 4858 quod

330 4851 519 4908 animo
556 4846 687 4911 meo'
710 4859 926 4917 dolores
958 4874 1130 4932 parat.
1187 4866 1433 4924 Dolorem

329 4941 416 5000 die
435 4962 497 5000 ac
521 4959 687 5002 nocte.
725 4948 900 5007 Corde
933 4957 1175 5024 quotidie
1201 4962 1531 5020 meditando.

394 5126 451 5181 5.
500 5127 775 5203 Usquequo
806 5135 1131 5192 exaltabitur
1156 5142 1399 5199 inimicus
1423 5164 1565 5203 meus
1596 5167 1751 5221 super
1774 5170 1852 5208 me
1869 5157 1895 5210 Ρ

330 5215 464 5274 Nam
500 5223 546 5275 si
582 5225 887 5284 colentibus
921 5232 1083 5286 nobis
1108 5232 1301 5302 Deum,
1330 5253 1395 5294 ac
1429 5215 1682 5312 religiose
1706 5246 1891 5301 viven-

331 5310 479 5366 tibus
501 5352 517 5375 ,
572 5314 895 5385 deprimitur
924 5322 1219 5394 inimicus;
1254 5310 1600 5389 manifestum
1631 5344 1715 5391 est
1763 5352 1889 5407 pec-

331 5404 582 5462 cantibus
611 5409 768 5465 nobis
795 5414 1003 5470 extolli.
1060 5416 1329 5479 Exaltatio
1376 5440 1614 5497 namque
1655 5404 1887 5501 Satanae,

2028 505 2243 572 Κύριός
2274 506 2481 570 eatur;
2519 508 2607 571 Ὠς
2634 508 2791 561 τοῦτο
2817 507 3235 579 διανοουμένων,
3264 509 3325 563 τὸ
3358 510 3631 577 ἐξουσίαν

2028 594 2171 664 ἔχειν
2196 597 2300 649 πᾶν
2319 597 2348 649 ὃ
2379 614 2432 649 τι
2454 596 2519 650 ἂν
2541 597 2811 667 βούλοιντο
2841 600 3013 652 είπεῖν
3044 599 3183 653 κατὰ
3204 600 3297 653 τοῦ
3328 600 3614 673 Σωτῆρος

2028 684 2198 738 Τοῦτο
2255 686 2331 740 δέ·
2394 688 2489 755 Τίς
2541 687 2709 757 ἡμῶν
2764 690 2978 757 Κύριός
3017 690 3201 754 .ὲστι;
3258 691 3447 762 ὅμοιον
3519 693 3612 765 τῷ

2033 776 2252 831 Τοῦτον
2281 776 2349 831 δὲ
2376 780 2486 832 οὐκ
2514 778 2761 849 οἴδαμεν
2792 780 2981 836 πόθεν
3002 782 3188 838 ἐστιν.

2099 952 2307 1006 Ἕνεκε
2334 951 2443 1021 τῆς
2473 955 2874 1022 ταλαιπωρίας
2907 954 3026 1009 τῶν
3051 956 3322 1026 πτωχῶν.
3347 958 3631 1031 Πτωχοὺς

2026 1042 2083 1096 δὲ
2104 1043 2197 1096 καὶ
2245 1044 2482 1115 πένητας
2524 1044 2650 1108 τοὺς
2694 1045 2837 1100 κατὰ
2899 1047 3116 1120 πνεῦμα
3172 1049 3340 1119 λέγει·
3388 1045 3469 1105 ὧν
3521 1053 3632 1105 καὶ

2025 1131 2117 1185 τοῦ
2150 1133 2452 1205 στεναγμοῦ
2490 1134 2750 1197 ἀκούσας,
2785 1138 3201 1210 Ἀναστήσομαι,
3228 1140 3380 1210 φησί.
3406 1141 3626 1210 Θήσο-

2024 1240 2127 1293 μαι
2152 1224 2222 1277 ἐν
2265 1226 2561 1293 σωτηρίῳ,
2612 1226 3096 1296 παρῤησιάσομαι
3133 1229 3204 1283 ἐν
3222 1227 3404 1295 αὐτῷ.
3439 1231 3629 1285 Τουτ-

2027 1313 2164 1377 έστι,
2219 1315 2456 1385 Φανερὸν
2496 1318 2631 1369 πᾶσι
2682 1319 3011 1389 καταστήσω
3050 1321 3107 1374 τὸ
3143 1314 3429 1394 σωτήριον,
3456 1322 3488 1376 δ
3511 1322 3633 1376 καὶ

2025 1396 2348 1471 ἐξάκουστον
2372 1408 2776 1480 παρασκευάσω
2806 1411 3076 1479 γενέσθαι.
3126 1413 3437 1486 Ἔκηρύχθη
3495 1414 3629 1487 γὰρ

2023 1498 2103 1561 είς
2131 1499 2309 1551 πᾶσαν
2332 1498 2428 1570 τὴν
2458 1499 2581 1569 γῆν.

2097 1588 2172 1642 Τὰ
2198 1590 2371 1658 λόγια
2383 1591 2603 1657 Κυρίου
2633 1593 2807 1661 λόγια
2834 1593 3006 1662 ἁγνὰ,
3021 1594 3309 1664 ἀργύριον
3327 1611 3623 1666 πεπυρω-

2019 1677 2225 1748 μένον.
2264 1680 2529 1750 Ἀληθεῖς,
2566 1683 2749 1752 φησὶν,
2780 1684 2828 1736 oi
2859 1682 3004 1752 λόγοι
3028 1684 3078 1737 οί
3118 1686 3245 1756 περὶ
3290 1686 3385 1741 τοῦ
3420 1703 3623 1757 σωτη-

1956 1746 1997 1801 B
2022 1746 2138 1839 ρίου
2172 1746 2592 1842 ὲπηγγελμένοι,
2622 1746 2810 1843 ίῦσπερ
2859 1746 2954 1826 καλ.
2982 1774 3043 1827 τὸ
3091 1746 3351 1847 ἀργύριον
3378 1775 3442 1830 τὸ
3470 1746 3621 1831 πολ-

2019 1856 2175 1921 λάκις
2204 1858 2492 1928 χωνευθέν.
2538 1859 2613 1912 Τὸ
2671 1858 2761 1923 δὲ,
2819 1860 3272 1928 ἐπταπλασίως,
3321 1863 3443 1916 ἀντὶ
3499 1861 3618 1918 τοῦ

2020 1947 2399 2013 πολυπλασίως
2448 1949 2681 2003 τέθεικε·
2738 1949 2895 2005 τοῦτο
2936 1951 3043 2023 γὰρ
3079 1952 3307 2023 σύνηθες
3358 1956 3426 2025 τῇ
3474 1952 3615 2026 θείᾳ

2018 2038 2231 2111 Γραφῇ.

2086 2130 2192 2196 Σὺ,
2237 2133 2433 2200 Κύριε,
2468 2133 2759 2201 φυλάξεις
2782 2133 2956 2204 ἡμᾶς.
2988 2135 3086 2189 Διὰ
3106 2135 3282 2203 τοῦτο,
3303 2137 3456 2207 φησὶ,
3488 2155 3611 2207 cpu-

2015 2219 2196 2284 λάξεις
2237 2222 2406 2292 ἡμᾶς,
2455 2222 2642 2293 ἐπειδὴ
2690 2222 3014 2288 κυκλοῦντες
3075 2226 3221 2295 ἡμᾶς
3272 2229 3321 2279 οί
3373 2226 3609 2294 ἀσεδεῖς

2016 2310 2450 2376 ἐπιϐουλεύοντες
2477 2316 2542 2384 τῇ
2571 2315 2727 2385 ἡμῶν
2752 2317 3009 2388 σωτηρίᾳ.
3072 2311 3230 2372 Οὗτοι
3282 2319 3328 2373 δ’
3381 2320 3449 2374 ἂν
3479 2315 3604 2374 εἷεν

2014 2403 2073 2455 αἱ
2102 2404 2471 2475 ἀντικείμεναι
2516 2407 2608 2459 καὶ
2639 2408 2868 2477 πονηραὶ
2897 2407 3172 2479 δυνάμεις.

2085 2495 2243 2550 Κατὰ
2274 2496 2340 2549 τὸ
2378 2496 2535 2565 ὕψος
2586 2512 2702 2553 σου
2753 2501 3187 2569 ἐπολυώρησας
3236 2500 3378 2567 τοὺς
3416 2501 3602 2569 υἱοὺς

2014 2582 2134 2638 τῶν
2188 2582 2531 2653 ἀνθρώπων.
2589 2586 2758 2657 Ὕψος
2821 2589 2920 2660 μὲν
2978 2588 3074 2661 τὴν
3128 2589 3354 2660 δύναμιν
3417 2589 3594 2659 λέγει’

2016 2674 2323 2744 πολυωρίαν
2355 2676 2528 2748 δὲτὴν
2574 2678 3047 2751 πολυχρονιότητα.
3093 2676 3274 2755 ’Ὶναῇ
3336 2680 3397 2734 τὸ
3434 2680 3597 2750 λεγό-

2016 2779 2175 2833 μενον
2199 2762 2455 2818 τοιοῦτον⁹
2491 2766 2588 2819 Διὰ
2619 2767 2719 2837 τῆς
2758 2768 2858 2839 σῆς
2890 2768 3091 2840 ίσχύος,
3132 2769 3595 2842 πολυχρονιότητα

2013 2853 2108 2905 xui
2153 2852 2371 2908 αἰώνιον
2400 2853 2542 2927 ζωὴν
2578 2857 2708 2927 ἡμῖν
2735 2855 2993 2922 δέδωκας.
3028 2857 3180 2911 Μετὰ
3202 2856 3309 2928 γὰρ
3358 2858 3453 2928 τὴν
3478 2874 3593 2941 σω-

2011 2943 2198 3014 τήριον
2238 2944 2529 2999 ἀνάστασιν
2587 2946 2667 3009 εἰς
2731 2946 3069 3017 ἀπεράντους
3117 2945 3318 3010 αἰῶνας
3374 2947 3440 3000 τὰ
3480 2947 3589 3017 τῆς

2012 3034 2158 3105 ζωῆς
2177 3037 2306 3107 ἡμῖν
2330 3037 2651 3093 ἐκτείνεται.
2688 3039 2756 3092 Ἦ
2791 3037 2923 3109 ὕψος
2951 3039 3115 3109 λέγει,
3140 3041 3220 3094 ὅτι
3252 3041 3464 3112 ὁμοίους
3484 3056 3588 3094 σου

2012 3125 2293 3197 ἐποίησας,
2318 3127 2395 3191 ὡς
2425 3127 2693 3200 ἀνθρώπῳ
2740 3129 2983 3183 δυνατόν·
3018 3129 3052 3201 ἢ
3078 3131 3159 3184 ὅτι
3197 3129 3396 3204 πολλῆς
3419 3145 3586 3204 φρον-

2008 3215 2150 3280 τίδος
2177 3215 2434 3287 ⁴Ιιξίωσας.

2146 3437 2251 3502 Είς
2282 3435 2347 3489 τὸ
2383 3434 2577 3504 τέλος,
2630 3438 2936 3491 ΨΑΛΜΟΣ
2958 3438 3036 3504 τῷ
3061 3438 3258 3493 Δαυτὸ.
3292 3438 3404 3494 IB'.

2624 3527 2638 3547 '
2652 3529 2960 3595 Υπόθεσις.

2007 3617 2208 3671 Τοῦτον
2231 3616 2322 3670 τὸν
2348 3616 2560 3689 ψαλμὸν
2584 3619 2698 3691 ᾄδει
2748 3620 2828 3682 είς
2880 3620 3166 3689 μετάνοιαν
3209 3620 3301 3673 τοῦ
3332 3621 3577 3693 ἁμαρτή-

2080 3724 2247 3778 ματος
2288 3707 2547 3777 γεγονὼς,
2606 3708 2721 3779 ἅμα
2778 3708 2835 3761 δὲ
2890 3708 2984 3762 καὶ
3026 3708 3088 3761 τὸ
3140 3710 3402 3781 σωτήριον
3438 3712 3576 3781 ἡμῖν

2074 3798 2573 3870 εὐαγγελιζόμενος.
2627 3799 2706 3853 Δι’
2757 3794 2817 3854 οὗ
2863 3798 3126 3870 ἑλάὸομεν
3190 3801 3575 3873 ὑπογραμμὸν,

2076 3887 2193 3953 πῶς
2227 3889 2307 3944 δεῖ
2336 3892 2480 3962 ἡμᾶς
2509 3893 2565 3944 ὲν
2603 3890 2896 3964 ἁμαρτίαις
2932 3891 3254 3963 γεεῖομένους
3299 3893 3573 3965 προσιέναι

2075 3979 2212 4051 Θεῷ.

2074 4070 2232 4138 Ἕως
2268 4073 2431 4136 πότε,
2487 4074 2684 4141 Κύριε,
2737 4072 3002 4141 ἐπιλήσῃ
3054 4090 3174 4142 μου
3224 4077 3311 4141 είς
3366 4074 3569 4143 telae;

2014 4162 2100 4227 Ὧς
2136 4165 2350 4235 μακρᾶς
2378 4162 2544 4235 οὔσης
2566 4165 2665 4236 τῆς
2686 4166 2978 4237 γινομένης
2998 4165 3147 4237 αὑτῷ
3166 4165 3253 4237 διὰ
3276 4167 3373 4238 τὴν
3395 4168 3567 4239 ἀμαρ-

1998 4255 2121 4308 τίαν
2169 4257 2227 4309 ὲν
2266 4256 2332 4326 τῇ
2389 4255 2648 4329 μετανοίᾳ
2694 4256 2829 4328 πρὸς
2891 4257 3022 4313 Θεὸν
3078 4248 3361 4332 προσόδου.
3415 4259 3565 4327 Ἕως

2000 4348 2146 4401 πότε
2174 4348 2560 4417 ἀποστρέφῃς
2615 4349 2682 4403 τὸ
2719 4352 3045 4420 πρόσωπόν
3081 4368 3198 4407 σου
3229 4351 3329 4406 ἀπ’
3385 4351 3564 4421 ἐμοῦ;

1927 4425 1972 4481 D
1992 4437 2202 4493 Τούτου
2267 4438 2328 4493 τὸ
2398 4440 2690 4512 πρόσωπον
2751 4445 2800 4497 οἱ
2863 4442 3081 4513 ἄγγελοι
3150 4442 3403 4514 βλέπουσι
3445 4442 3561 4497 δια-

2039 4528 2166 4583 αντό
2200 4568 2214 4583 .

1998 4546 2039 4582 π
2067 4547 2215 4687 Ἕωςς
2261 4621 2427 4688 τίνος
2480 4621 2738 4692 θήσομαι
2780 4624 3020 4690 ,βουλὰς
3069 4623 3140 4676 ἐν
3407 4642 3521 4693 μου
3537 4644 3559 4690 ;

2007 4708 2266 4779 Ἀνιῶμαι
2309 4710 2437 4782 γὰρ,
2475 4712 2628 4780 φησι,
2659 4711 3043 4784 βουλευόμενος
3075 4713 3215 4767 κατὰ
3268 4714 3438 4786 ψυχὴν
3465 4716 3556 4787 μήθ

1995 4816 2112 4863 πως
2141 4799 2250 4870 ἄρα
2309 4802 2366 4853 ὲν
2415 4804 2482 4873 τῇ
2542 4803 2786 4875 ἁμαρτίᾳ
2834 4804 3233 4875 ἀποθανοῦμαι,
3283 4807 3378 4861 καὶ
3404 4807 3555 4865 τοῦτϐ

1484 4875 1540 4929 in
1587 4880 1742 4933 corde
1784 4898 1895 4936 meo
1993 4891 2186 4945 ἐστινὸ
2228 4892 2461 4964 μάλιστα
2492 4894 2683 4959 ὀδύνας
2718 4912 2819 4967 μου
2842 4900 2908 4968 τῇ
2951 4898 3096 4979 ψυχῇ
3134 4899 3554 4972 παρασκευάζει.

2006 4983 2255 5049 ὀδύνας
2327 4986 2397 5038 ἐν
2438 4986 2651 5054 καρδίᾳ
2704 5005 2826 5058 μου
2886 4989 3109 5059 ἡμέρας
3160 4991 3260 5046 καὶ
3318 4993 3548 5063 νυκτός,

1992 5070 2271 5142 Μεριμνᾷν
2299 5074 2357 5125 ἐν
2380 5076 2446 5143 τῇ
2482 5073 2679 5145 καρδίᾳ
2716 5075 2837 5129 καθ’
2866 5077 3100 5150 ἡμέραν.

2063 5162 2217 5228 Ἕως
2248 5164 2393 5217 πότε
2426 5162 2809 5232 ὑψωθήσεται
2844 5169 2877 5221 ό
2912 5168 3121 5237 ἐχθρός
3147 5187 3267 5240 μου
3299 5171 3390 5225 ἐπ’
3414 5171 3545 5243 ipe;

1989 5254 2053 5306 Εἰ
2081 5251 2190 5325 γὰρ
2220 5251 2616 5308 θεοσεὸούντων
2666 5256 2822 5326 ἡμῶν
2877 5258 3224 5314 ταπεινοῦται
3282 5262 3313 5315 ὀ
3365 5263 3546 5336 ἐχθρὸς

1989 5344 2022 5414 ἡ
2030 5342 2146 5412 μῶν
2192 5341 2433 5409 διάϐολος
2453 5386 2467 5410 ,
2497 5343 2653 5416 δῆλον
2698 5347 2782 5400 ὅτι
2842 5349 3259 5419 ἁμαρτανόντων
3307 5352 3539 5422 ὑψοῦται.

1989 5432 2163 5503 Ὕψος
2213 5434 2323 5507 γὰρ
2347 5435 2425 5507 τῷ
2451 5437 2662 5509 Σατανᾷ
2690 5440 2723 5510 ἡ
2750 5439 2861 5493 τῶν
2886 5439 3184 5514 ἀνθρώπων
3210 5444 3539 5510 ταπείνωσις·

328 5504 413 5550 est
441 5496 723 5556 hominum
744 5503 1069 5566 humiliatio.
1098 5511 1401 5585 Siquidem,
1430 5496 1888 5590 quemadmodum

2081 5496 2199 5598 {rei},
2226 5496 2489 5600 ’καθάπερ
2516 5529 2545 5581 ὁ
2571 5496 2788 5594 Θέὺςιὲν
2812 5533 2878 5602 τῇ
2943 5496 3182 5607 σωτηρίᾳ

399 5651 446 5684 ’⁸
472 5649 630 5711 Joan.
662 5671 739 5719 ιι,
782 5659 870 5716 29.
