3698 6268
340 226 412 277 9t!
1186 216 1242 273 S.
1284 215 1659 273 ATHANASII
1693 215 1843 270 OPP.
1885 214 2065 270 PARS
2096 215 2183 270 Ill.
2226 245 2298 257 —
2331 214 2745 273 EXEGE‘I'ICA.
3530 211 3623 267 10

339 331 625 402 praedictas
658 330 727 386 ab
769 330 903 401 ipsis
931 328 1329 400 promissiones
1355 328 1610 386 Christus
1645 330 1894 401 impleve-

2052 329 2268 401 οιάρχας
2288 332 2382 383 καὶ
2417 332 2700 401 προφήτας
2746 324 2914 399 φησι,
2955 326 3082 391 τοὺς
3134 325 3278 398 χαρᾷ
3301 322 3624 396 χαίροντα

339 434 427 480 rit.
466 424 559 479 liae
595 434 775 479 autem
806 432 994 489 erant,
1037 438 1161 494 quae
1193 423 1439 478 omnium
1476 423 1720 493 gentium
1757 423 1894 479 salu-

2052 424 2098 475 τὶ
2130 421 2207 492 τῷ
2231 421 2328 485 τὰς
2360 422 2750 494 προλεχθείσας
2779 419 2960 474 αὐτῶν
2986 418 3315 488 ἐπαγγελίας
3354 416 3624 488 datast-1'1]

336 523 444 571 tem
479 515 942 586 prmnuntiabant.

2052 513 2174 566 ὗσαι
2198 514 2288 567 τὸν
2318 516 2570 594 Χριστόν.
2598 508 2768 567 Αὗται
2800 514 2857 567 δὲ
2878 509 3018 585 ἦσαν
3058 513 3115 565 αἱ
3156 512 3254 583 τὴν
3275 512 3403 566 τῶν
3437 512 3624 567 ὲθνῶί

2004 606 2259 661 ἁπάντων
2284 607 2558 679 σωτηρίαν
2594 608 3125 677 κατασημαίνουσαι.

2177 701 2281 765 Εἰς
2318 699 2385 752 τὸ
2412 699 2586 766 τέλος
2617 702 2928 753 ΨΑΛΜΟΣ
2948 698 3028 765 τῷ
3066 699 3266 753 Δαυΐδ.
3295 701 3423 754 1Δ’.

2629 793 2641 810 '
2655 792 2963 855 Υπόθεσις.

2001 879 2201 934 Τοῦτον
2250 880 2365 953 ᾄδει
2397 881 2489 936 τὸν
2517 881 2752 953 ψαλμὸν,
2781 881 3047 935 διδάσκων
3076 880 3127 935 τί
3183 879 3248 935 ἂν
3294 880 3624 952 ἄνθρωποτ

2071 973 2464 1044 παρασκευάσῃ
2490 974 2587 1044 τῆς
2611 975 2884 1044 μακαρίας
2910 972 3121 1043 ἐκείνης
3144 976 3327 1043 τυχεῖν
3357 972 3624 1045 λήξεως

2069 1062 2152 1116 διὸ
2189 1063 2491 1135 ἀρχόμενός
2512 1081 2694 1135 φησιν’

2068 1155 2263 1221 Κύριε,
2298 1155 2391 1220 τις
2422 1154 2775 1222 παροικήσει
2805 1157 2875 1209 ἐν
2928 1155 3008 1222 τῷ
3054 1155 3413 1224 σκηνώματι
3433 1172 3571 1210 σου
3601 1171 3624 1218 .'

1999 1246 2268 1319 Παροικία
2301 1248 2414 1300 ἐστὶ
2445 1248 2687 1319 διαγωγὴ
2739 1248 3091 1319 πρόσκαιρος,
3157 1248 3253 1317 οὐχ
3284 1247 3624 1320 ἱδρυμένην

1998 1336 2166 1408 ζωὴν,
2191 1337 2328 1391 ἀλλὰ
2358 1337 2655 1410 παροδικὴν
2694 1338 2779 1390 ἐπ’
2822 1338 2995 1391 ἐλπίδι
3028 1339 3125 1407 τῆς
3169 1338 3263 1390 ἐπὶ
3285 1339 3359 1390 τὰ
3401 1337 3624 1407 κρείτ-

327 1430 822 1500 transmigrationis
872 1429 938 1482 ad
998 1431 1376 1498 praestantiora
1422 1431 1772 1499 conjunctam
1824 1432 1894 1486 si—

2052 1447 2126 1482 ινα
2156 1430 2539 1499 μεταστάσεως
2583 1430 2974 1498 ὑποφαίνουσα.
3018 1432 3197 1498 Ἀγίου
3238 1430 3352 1502 γὰρ
3389 1430 3624 1501 ἀνδρὸς

327 1523 606 1592 gniﬁcat".
646 1519 830 1575 Sancti
855 1521 1052 1590 quippe
1085 1524 1184 1575 viri
1207 1531 1290 1576 est
1317 1523 1456 1576 hanc
1480 1523 1643 1576 vitam
1676 1532 1894 1592 praeters

2052 1523 2315 1594 ιροδεύειν
2349 1522 2441 1576 τὸν
2468 1522 2577 1592 βίον
2627 1521 2834 1586 τοῦτον,
2872 1523 3169 1591 ἐπάγεσθαι
3202 1523 3258 1577 δὲ
3291 1524 3439 1594 πρὸς
3471 1524 3621 1576 ἐτέ-

324 1616 504 1669 eundo
546 1629 741 1683 agere,
780 1601 944 1682 atque
989 1614 1054 1668 ad
1099 1614 1259 1666 aliam
1316 1615 1706 1669 transmittere.
1764 1614 1894 1681 Quae

2052 1632 2098 1667 ιν
2129 1614 2294 1686 ζωήν.
2332 1614 2422 1667 Διὸ
2474 1613 2569 1667 καὶ
2599 1616 2629 1667 ὁ
2658 1613 2822 1667 Δαυῒδ
2877 1618 3005 1686 περὶ
3039 1616 3203 1670 αὐτοῦ
3238 1633 3395 1686 φησι·
3429 1615 3615 1684 Πάρ-

323 1723 487 1764 causa
516 1716 599 1760 est
634 1714 692 1759 ut
731 1705 894 1758 David
926 1705 994 1759 de
1028 1721 1086 1759 se
1129 1706 1247 1776 ipso
1276 1706 1423 1761 dicat
1445 1709 1489 1740 ”
1525 1705 1776 1761 :Advena
1799 1723 1892 1774 ego

2054 1721 2158 1769 κος
2188 1703 2301 1772 ἐγώ
2324 1706 2440 1773 εἰμι
2484 1705 2641 1773 παρὰ
2672 1705 2771 1759 σοὶ
2804 1706 2900 1759 καὶ
2931 1705 3360 1774 παρεπίδημος,
3384 1704 3614 1769 καθὼς

323 1815 439 1852 sunt
473 1798 613 1867 apud
657 1806 705 1850 te
745 1805 792 1850 et
824 1800 1159 1867 peregrinus,
1211 1797 1346 1849 sicut
1371 1813 1544 1850 omnes
1566 1807 1742 1865 patres
1771 1799 1892 1852 mei.

2052 1795 2220 1862 [ἕν-τες
2251 1799 2306 1849 οἱ
2334 1799 2583 1865 πατέρες
2605 1816 2744 1867 μου.
2773 1800 2887 1863 Τίς,
2921 1801 3105 1869 φησιν,
3136 1799 3282 1865 ἄξιος
3333 1799 3496 1852 ἔσται
3531 1802 3608 1852 ὲν

324 1889 484 1959 Quis,
515 1892 611 1951 ait,
647 1890 846 1957 dignus
872 1891 976 1942 erit
1004 1889 1058 1942 in
1089 1888 1407 1943 caelestibus
1437 1888 1548 1943 illis
1576 1889 1894 1943 tabernacu-

2052 1885 2235 1950 ιείναις
2290 1890 2410 1951 ταῖς
2449 1889 2727 1960 οὐρανίαις
2766 1890 3016 1958 γενέσθαι
3072 1893 3331 1960 σκηναῖς;
3385 1892 3460 1946 Ἢ
3491 1892 3607 1957 τίς

322 1984 391 2039 lis
439 1981 776 2038 consistere?
839 1980 944 2033 Aut
1002 1981 1119 2050 quis
1174 1979 1580 2032 tabernaculum
1619 1990 1772 2048 ponet
1839 1980 1893 2031 in

2052 1979 2455 2046 ιτασκηνὼσει
2487 1980 2557 2033 ἐν
2590 1980 2709 2048 ὄρει
2749 1983 2894 2051 ἁγίῳ
2921 1997 3070 2046 σου;
3119 1982 3305 2054 ἐπειδὴ
3353 1982 3421 2036 ἂν
3469 1983 3599 2055 γάρ

531 700 583 754 ι.
628 697 695 753 In
725 699 906 768 ﬁnem,
941 696 1277 753 manus
1307 695 1502 751 David.
1542 694 1630 749 x1
1646 694 1707 750 γ.

921 792 1319 860 Argumentum.

332 881 491 938 Hunc
527 882 666 937 canit
698 884 993 952 psalmum,
1017 881 1221 935 docens
1247 878 1508 949 quidnam
1547 879 1755 933 aditum
1804 879 1903 934 ho-

404 976 537 1030 mini
597 978 837 1045 praebeat
889 976 955 1028 ad
1002 974 1151 1027 illam
1211 974 1612 1043 assequendam
1654 984 1899 1028 sortem;

402 1080 736 1136 quapropter
763 1068 833 1120 ita
861 1066 1073 1120 orditur
1101 1083 1113 1119 :

398 1156 640 1221 Domine,
670 1158 786 1225 quis
820 1153 1085 1208 habitabit
1127 1155 1182 1208 in
1222 1155 1575 1210 tabernaculo
1624 1156 1755 1211 tuo?
1790 1154 1901 1209 Hae

332 1247 530 1303 bitatio
558 1257 641 1301 est
677 1247 1038 1301 commoratio
1073 1254 1458 1315 temporanea,
1502 1263 1613 1300 non
1654 1246 1817 1300 ﬁxam
1846 1257 1902 1301 et

329 1349 733 1412 permanentem
761 1340 949 1400 vitam,
975 1339 1069 1393 sed
1106 1346 1506 1403 transeuntem,
1544 1354 1610 1395 ac
1641 1355 1767 1395 cum
1800 1356 1898 1410 spe

322 2086 497 2130 monte
523 2084 706 2129 saneto
732 2075 865 2128 tuo?
894 2073 1187 2141 Postquam
1207 2072 1353 2127 enim
1378 2072 1656 2141 quispiam
1688 2082 1893 2125 aeterno

322 2170 416 2224 illo
446 2168 799 2224 tabernaculo
844 2165 1103 2235 dignatus
1145 2163 1344 2229 fuerit,
1387 2164 1720 2220 beatitudine
1750 2162 1896 2217 frue-

323 2270 411 2317 tur
434 2264 486 2314 in
512 2261 709 2316 saecula
740 2257 970 2313 inﬁnita.

392 2349 506 2405 2-5.
558 2348 661 2414 Qui
706 2348 899 2400 incedit
947 2346 1062 2400 sine
1103 2346 1333 2411 macula,
1361 2355 1465 2402 etc.
1501 2345 1669 2400 Docet
1692 2343 1895 2415 quibus

324 2452 417 2498 mo
438 2442 501 2498 lis
527 2443 740 2496 beatum
761 2440 1073 2509 hujusmodi
1098 2440 1259 2493 ﬁnem
1287 2438 1635 2494 consecuturi
1665 2452 1891 2492 sumus:

322 2536 504 2605 primo
541 2534 758 2603 quidem
802 2534 849 2587 si
900 2532 1252 2585 immaculata
1284 2532 1369 2585 via
1410 2530 1730 2585 incedamus
1770 2545 1893 2600 quae

318 2635 403 2682 est
433 2630 547 2696 ipse
570 2624 855 2689 Christus;
912 2624 1127 2684 deinde.
1181 2622 1227 2677 si
1270 2636 1559 2691 operemur
1594 2622 1888 2691 iustitiam;

318 2719 513 2786 tertio,
550 2719 594 2772 si
642 2731 738 2774 cor
776 2724 1025 2771 nostrum
1068 2715 1312 2771 veritatis
1356 2714 1694 2769 domicilium
1735 2730 1893 2785 pare-

318 2825 478 2876 mus;
511 2818 730 2879 quarto,
756 2808 804 2863 si
830 2808 1019 2863 dolosa
1045 2807 1294 2861 instructi
1330 2806 1513 2876 lingua
1539 2820 1646 2859 non
1680 2806 1888 2873 simus;

317 2903 531 2972 quinto,
566 2901 611 2955 si
656 2900 859 2955 malum
898 2900 1147 2969 proximo
1180 2914 1286 2952 non
1329 2896 1662 2962 inferamus;
1713 2887 1888 2962 sexto,

319 2992 366 3047 si
404 2992 700 3062 opprobrio
760 2992 1067 3060 proximum
1114 2990 1345 3059 superbe
1392 3003 1501 3043 non
1552 2988 1887 3056 alliciamus;

1994 2086 2080 2132 τις
2124 2068 2331 2142 ἀξιωθῇ
2359 2071 2460 2141 τῆς
2493 2075 2771 2143 μακαρίας
2800 2075 3015 2144 ἐκείνης
3049 2074 3275 2145 σκηνῆς,
3318 2075 3403 2138 εἰς
3434 2075 3593 2129 ἁπε-

1998 2160 2224 2232 ράντους
2256 2162 2455 2226 αἰῶνας
2484 2162 2595 2227 ἕξει
2623 2164 2720 2236 τὴν
2749 2167 3145 2239 μακαριότητα.

2062 2338 2465 2407 Πορευόμενος
2498 2339 2754 2409 ἆμωμος,
2791 2344 2883 2395 καὶ
2919 2343 2987 2397 τὰ
3022 2344 3168 2415 ἑξῆς.
3207 2345 3455 2399 Διδάσκει
3504 2345 3585 2399 δι’

1995 2421 2070 2481 ὧν
2098 2428 2398 2500 τευξόμεθα
2452 2431 2545 2484 τοῦ
2608 2434 2875 2507 μακαρίου
2918 2437 3126 2489 ἐκείνου
3159 2436 3412 2509 πέρατος
3478 2439 3583 2493 καὶ

1997 2519 2210 2593 πρῶτον
2244 2520 2342 2589 μὲν
2394 2523 2442 2574 εί
2500 2522 2599 2592 τὴν
2632 2523 2861 2594 ἄμωμον
2914 2526 3216 2597 ὁδεύσωμεν
3269 2526 3405 2591 ὁδὸν,
3448 2528 3581 2598 ἥτις

1994 2609 2140 2663 ἐστὶν
2168 2611 2197 2661 ὁ
2226 2611 2478 2680 Χριστός·
2512 2612 2700 2666 ἔπειτα
2733 2617 2780 2666 εἰ
2817 2616 3177 2686 ἐργασώμεθά
3202 2617 3575 2688 δικαιοσύνην

1992 2701 2193 2771 τρίτον,
2225 2704 2274 2755 εἰ
2302 2703 2560 2773 ἀληθείας
2615 2701 2763 2760 οἷκον
2810 2710 2908 2779 τὴν
2955 2710 3180 2781 καρδίαν
3230 2713 3571 2782 ποιήσωμεν·

1994 2792 2270 2864 τέταρτον,
2327 2797 2376 2848 ei
2434 2795 2612 2849 δολίαν
2646 2796 2894 2866 γλῶσσαν
2938 2801 3012 2871 μὴ
3040 2800 3387 2872 κτησώμεθα·
3420 2802 3569 2874 πέμ-

1994 2901 2126 2936 πτον
2162 2883 2222 2936 τὸ
2256 2884 2331 2955 μὴ
2354 2885 2519 2939 κακὸν
2549 2886 2626 2957 τῷ
2657 2887 2883 2959 πλησίον
2923 2891 3266 2960 ἐργάζεσθαι·
3300 2892 3451 2945 ἕκτον
3502 2892 3570 2946 τὸ

1996 2972 2071 3043 μὴ
2100 2972 2353 3026 ὀνειδίσαι
2378 2974 2468 3027 τὸν
2505 2975 2730 3046 πλησίον
2751 2978 3313 3051 ὑπερηφανευόμενον·
3343 2981 3570 3052 ἕϐδομον

320 3084 583 3153 septimo,
634 3082 680 3138 si
713 3097 1005 3152 personam
1037 3098 1143 3135 non
1174 3080 1550 3150 accipiamus;
1592 3090 1806 3144 octavo,
1848 3082 1894 3136 si

2052 3066 2074 3137 ὴ
2109 3067 2395 3137 πρόσωπον
2439 3068 2754 3140 θαυμάζειν·
2789 3072 2973 3140 ὄγδοον
3017 3074 3078 3127 τὸ
3111 3074 3185 3146 μὴ
3218 3074 3570 3145 παραϐαίνειν

315 3176 614 3247 juramenti
653 3176 816 3231 ﬁdem
863 3192 967 3229 non
1005 3176 1306 3239 violemus;
1345 3190 1527 3243 nono,
1578 3177 1624 3232 si
1665 3192 1773 3231 non
1810 3176 1894 3231 fe-

319 3283 611 3336 neremur;
660 3270 897 3331 decimo,
936 3269 1081 3338 quod
1123 3278 1206 3324 est
1222 3269 1403 3323 omnis
1432 3272 1889 3339 complementum

318 3358 472 3422 boni,
503 3359 549 3414 si
579 3362 900 3415 muneribus
928 3359 1097 3429 pervii
1127 3374 1233 3413 non
1264 3361 1459 3415 simus.
1489 3358 1593 3425 Qui
1634 3361 1896 3416 horumce

319 3453 632 3523 aequitatem
685 3468 750 3508 ac
810 3455 1065 3508 meritum
1114 3453 1428 3514 edidicerit,
1482 3451 1697 3506 ﬁrmam
1733 3462 1896 3523 atque

321 3544 607 3600 immotam
645 3546 913 3599 bonorum
946 3545 1295 3600 donationem
1323 3545 1692 3599 nanciscetur.

599 3638 652 3691 1.
685 3636 851 3691 Tituli
877 3638 1175 3707 inscriptio,
1208 3636 1422 3691 Davidi.
1459 3634 1586 3691 XV.

908 3731 949 3784 A
960 3740 1311 3801 rgumentum.

319 3817 493 3883 Quam
536 3834 682 3874 nunc
722 3828 1026 3875 tractamus
1072 3819 1390 3889 prophetia,
1433 3819 1678 3890 gentium
1732 3835 1897 3876 voca-

388 3912 594 3965 tionem
624 3912 1004 3981 complectitur
1024 3950 1038 3973 ,
1070 3925 1168 3964 nec
1192 3925 1300 3963 non
1332 3910 1897 3982 variasinobsequen-

390 4000 478 4055 tiaa
514 4002 891 4056 accusationes
908 3999 1172 4054 adversus
1214 4000 1508 4066 lsraelem;
1543 4000 1783 4070 itemque
1814 4003 1896 4071 ip-

389 4108 511 4148 sum
561 4093 978 4148 resurrectionis
1009 4092 1310 4147 Srlvatoris
1342 4094 1590 4147 omnium
1639 4106 1891 4149 nostrum

387 4184 517 4241 Jesu
546 4186 748 4240 Christi
770 4185 1087 4257 mysterium
1122 4202 1136 4239 :
1184 4184 1327 4245 unde
1349 4185 1590 4239 arbitror
1617 4187 1892 4241 canticum

386 4277 533 4332 istud
560 4287 808 4331 vocatum
838 4277 1260 4349 στηλογραφίαν,
1276 4279 1389 4333 sive
1414 4278 1553 4332 tituli
1574 4291 1668 4333 aut
1690 4280 1898 4334 colum-t

388 4384 472 4423 me
525 4369 933 4439 inscriptionem
984 4369 1183 4436 fuisse,
1230 4370 1349 4440 ipso
1391 4368 1592 4425 Davide
1630 4371 1892 4440 prapheta
1924 4408 1968 4464 Β

389 4459 521 4513 illud
553 4475 653 4513 ceu
707 4461 760 4513 in
806 4461 1060 4514 columna
1101 4462 1474 4528 inscribente,
1524 4462 1591 4516 ad
1642 4471 1892 4531 posteros

392 4552 894 4608 transmittendum.
966 4551 1098 4622 Ejus
1157 4570 1324 4624 porro
1383 4555 1548 4609 verba
1608 4555 1766 4624 quasi
1823 4571 1892 4609 ex

386 4641 588 4696 Christi
624 4657 855 4711 persona
889 4653 1185 4698 canuntur.
1217 4644 1462 4715 Namque
1498 4661 1558 4700 ut
1585 4647 1661 4700 ita
1689 4647 1895 4702 sentia-

389 4749 512 4787 mus
541 4743 731 4788 auctor
761 4735 922 4790 uobis
947 4733 1145 4790 Petrus
1170 4746 1254 4791 est
1282 4738 1350 4792 ".

389 4822 651 4877 Conserva
686 4840 799 4889 me,
850 4824 1099 4888 Domine,
1142 4830 1393 4896 quoniam
1454 4830 1661 4899 speravi
1710 4830 1762 4883 in
1822 4839 1890 4884 te.

317 4912 484 4980 Quasi
507 4927 788 4983 assumpta
820 4914 1044 4969 humani
1076 4920 1294 4987 generis
1314 4935 1572 4988 persona,
1607 4920 1694 4975 his
1723 4919 1890 4975 Deum

318 5007 374 5051 et
395 4997 608 5054 Patrem
633 5002 951 5071 aliuquilur.
988 5002 1099 5060 Nec
1123 5016 1335 5060 tantum
1367 5024 1466 5078 pro
1489 5024 1570 5074 se,
1604 5012 1697 5064 sed
1723 5010 1889 5063 etiam

317 5098 535 5159 propter
574 5108 674 5146 nos
719 5100 775 5146 et
804 5109 904 5162 pro
948 5095 1128 5160 nobis,
1185 5108 1371 5167 utpote
1402 5115 1496 5167 per
1524 5101 1888 5154 mconomiam

315 5190 370 5233 et
400 5180 833 5238 incarnationem
862 5201 1004 5239 unus
1029 5202 1096 5241 ex
1133 5189 1291 5243 nobis
1316 5189 1576 5247 eﬁ‘ectuso
1596 5190 1889 5246 Dominum

314 5270 500 5339 itaque
533 5270 746 5327 Patrem
785 5285 965 5341 vocat,
1011 5277 1158 5347 quod
1212 5279 1265 5332 in
1316 5278 1489 5334 forma
1524 5283 1665 5336 servi
1701 5282 1886 5337 fuerit.

311 5362 639 5420 Conservari
691 5374 872 5421 autem
924 5384 982 5423 se
1037 5372 1273 5439 postulat
1318 5380 1543 5441 propter
1583 5372 1886 5430 Ecclesium

312 5468 435 5525 qua:
459 5468 587 5510 caro
634 5455 808 5526 ipsius
847 5471 952 5514 cst.
999 5460 1142 5517 Caro
1170 5478 1407 5533 namque
1449 5465 1571 5534 ejus
1598 5476 1682 5521 est
1711 5465 1892 5522 Eccle-

385 5632 432 5664 "
466 5630 610 5689 Psal.
643 5635 870 5705 xxxviii,
902 5637 987 5692 l3.
1060 5640 1107 5672 "
1139 5640 1255 5695 Act.
1292 5656 1350 5709 ιι,
1381 5641 1470 5697 25.

1995 3157 2158 3228 ὅρκου
2198 3159 2401 3213 πίστιν
2424 3160 2640 3214 ἔννατον
2691 3163 2751 3216 τὸ
2792 3164 2866 3235 μὴ
2895 3166 3215 3230 ἐκτοκὶξιειν⁸
3264 3167 3503 3233 δέκατον,
3530 3168 3568 3221 ὃ

1996 3252 2090 3303 καὶ
2118 3250 2267 3315 τέλος
2296 3254 2413 3306 ἐστὶ
2436 3254 2634 3316 παντὸς
2690 3255 2919 3324 ἀγαθοῦ,
2978 3257 3373 3330 ἀδωροδόκητον
3401 3254 3563 3314 εἶναι.

1996 3342 2212 3396 Τούτων
2244 3346 2273 3397 ό
2301 3344 2557 3415 ἐκμαθὼν
2603 3346 2702 3417 τὴν
2756 3348 3092 3419 κατόρθωσιν
3134 3350 3420 3405 ἀσάλευτον
3449 3349 3563 3415 ἔξει

1994 3434 2103 3487 τῶν
2136 3434 2355 3504 ἀγαθῶν
2383 3438 2482 3507 τὴν
2507 3437 2672 3494 δόσιν.

2309 3641 2727 3708 Στηλογραφία
2762 3640 2841 3706 τῷ
2874 3640 3072 3695 Δαυτδ.
3104 3641 3214 3696 IE'.

2603 3732 2616 3749 '
2628 3733 2931 3796 Υπέθεσις.

2007 3818 2070 3870 Ἡ
2126 3820 2184 3871 ὲν
2243 3821 2400 3892 χερσὶ
2437 3823 2741 3893 προφητεία
2797 3824 3041 3896 περιέχει
3096 3825 3195 3896 τὴν
3239 3824 3345 3880 τῶν
3393 3825 3556 3879 ἐθνῶν

2063 3914 2277 3984 κλῆσιν,
2337 3918 2430 3970 καὶ
2478 3917 2545 3970 τὰ
2591 3920 2684 3972 ἐπὶ
2732 3923 2852 3983 ταῖς
2880 3921 3183 3986 ἁπειθείαις
3214 3921 3308 3975 τοῦ
3353 3920 3555 3993 Ἰσραὴλ

2064 4008 2405 4080 ἐγκλήματα,
2430 4012 2524 4064 καὶ
2553 4011 2658 4082 μὴν
2689 4013 2783 4065 καὶ
2824 4014 2955 4067 αὐτὸ
2979 4015 3040 4067 τὸ
3091 4016 3191 4086 τῆς
3220 4015 3553 4080 ἀναστάσεως

2063 4098 2158 4152 τοῦ
2194 4100 2409 4154 πάντων
2456 4101 2616 4171 ἡμῶν
2668 4103 2921 4175 Σωτῆρος
2978 4104 3149 4175 Ἰησοῦ
3198 4106 3422 4178 Χριστοῦ
3453 4125 3554 4176 μυ-

2066 4192 2305 4262 στήριον·
2330 4191 2451 4245 ὅθεν
2475 4193 2628 4263 οἶμαι
2661 4196 2753 4247 καὶ
2800 4197 3199 4268 στηλογραερίαν
3256 4197 3549 4268 ὠνομάσθαι

2061 4282 2160 4352 τὴν
2190 4280 2351 4352 ᾠδὴν,
2407 4283 2695 4347 ἀναθέντος
2746 4286 2917 4358 αὐτὴν
2964 4287 3058 4341 τοῦ
3105 4291 3372 4360 προφήτου
3398 4287 3550 4342 Δαυῒε

2067 4373 2257 4445 ὥσπερ
2288 4376 2344 4427 ὲν
2372 4376 2541 4450 στήλῃ
2568 4382 2682 4444 τοῖς
2726 4383 2842 4450 μετ’
2869 4382 3050 4435 αὐτόν.
3086 4383 3333 4454 ’ᾼδονται
3350 4383 3400 4435 δὲ
3421 4384 3465 4435 οἱ
3489 4384 3546 4434 ἐν

2063 4465 2212 4537 αὐτῴ
2240 4467 2387 4537 λόγοι
2413 4470 2486 4533 ὼς
2511 4472 2575 4524 ὲκ
2619 4472 2912 4543 προσώπου
2944 4475 3037 4528 τοῦ
3070 4475 3327 4546 Χριστοῦ.
3378 4476 3547 4540 Οὕτως

2065 4558 2173 4628 γὰρ
2195 4561 2340 4630 ἡμᾶς
2366 4564 2394 4615 ὁ
2417 4561 2622 4633 Πέτρος
2662 4563 2864 4629 ἐδίδαξε
2918 4571 3150 4636 φρονεῖν.

2065 4825 2347 4901 Φύλαξόν
2387 4844 2484 4896 με,
2523 4830 2722 4897 Κύριε,
2772 4831 2860 4885 ὅτι
2912 4833 3011 4887 ἐπὶ
3058 4834 3157 4889 σοὶ
3207 4834 3441 4903 ἤλπισα.
3472 4834 3537 4891 Τὸ

1995 4917 2170 4971 κοινὸν
2193 4917 2380 4991 ὥσπερ
2430 4922 2718 4992 πρόσωπον
2758 4928 2856 4996 τῆς
2909 4926 3320 5000 ἀνθρωπότητος
3364 4928 3537 4983 ἀναλα-

1996 5007 2107 5063 ϐὼν
2132 5013 2258 5074 τοὺς
2293 5014 2429 5083 πρὸς
2475 5014 2605 5069 Θεὸν
2653 5018 2745 5070 καὶ
2795 5020 3014 5092 Πατέρα
3066 5025 3296 5076 ποιεῖται
3351 5024 3531 5092 λόγους·

1994 5102 2092 5171 οὐχ
2123 5102 2263 5173 ὑπέρ
2300 5120 2364 5171 γε
2424 5106 2619 5175 μᾶλλον
2649 5110 2863 5179 ἑαυτοῦ,
2904 5113 2971 5165 δι’
3001 5115 3148 5184 ἡμᾶς
3193 5116 3253 5168 δὲ
3305 5118 3384 5168 καὶ
3412 5116 3532 5185 ὑπὲρ

1993 5191 2150 5262 ἡμῶν
2173 5192 2247 5256 ὡς
2280 5187 2361 5256 εἷς
2387 5194 2446 5259 ἐξ
2477 5197 2631 5267 ἡμῶν
2667 5200 2754 5253 διὰ
2776 5204 2873 5273 τὴν
2894 5205 3223 5275 οἰκονομίαν.
3253 5206 3437 5277 Κύριον
3452 5202 3532 5259 οὖν

1992 5282 2245 5353 ὀνομάζει
2277 5286 2368 5337 τὸν
2404 5288 2619 5361 Πατέρα
2651 5290 2739 5344 διὰ
2792 5293 2854 5345 τὸ
2881 5295 2938 5346 ὲν
2965 5298 3028 5365 τῇ
3084 5297 3176 5348 τοῦ
3211 5297 3382 5350 δούλου
3403 5299 3529 5365 γενέ-

1996 5374 2119 5428 σθαι
2185 5382 2388 5450 μορφῇ.
2423 5381 2763 5454 Φυλαχθῆναι
2811 5384 2867 5437 δὲ
2928 5387 3089 5439 αὑτὸν
3145 5391 3286 5442 αἰτεῖ
3336 5390 3409 5444 διὰ
3444 5391 3528 5463 τὴν

2006 5468 2407 5544 Ἐκκλτσίαν,ἦ
2456 5477 2603 5530 ἐστιν
2650 5480 2684 5548 ή
2715 5477 2850 5551 σὰρξ
2909 5480 3093 5536 αὑτοῦ.
3148 5483 3211 5536 Ἦ
3267 5483 3387 5554 σὰρξ
3436 5484 3526 5553 γὰρ
