3698 6268
374 223 480 276 ίυὸ

374 431 616 488 colerent
646 431 747 506 (2).
775 433 1010 489 'Etiamsi
1037 451 1171 492 vero
1195 438 1641 508 multiplicemur,
1678 455 1784 494 non
1818 454 1938 508 per-

376 534 628 578 severant
658 542 672 578 :
715 540 838 579 nam
873 542 1047 597 usque
1074 528 1141 583 ad
1169 526 1402 597 primum
1443 544 1660 584 sensum
1694 538 1748 584 et
1773 545 1939 599 expe-

376 613 669 669 rimentum
712 617 980 673 duntaxat
1011 629 1361 689 permanent;
1404 621 1534 690 quia
1571 620 1704 690 justi
1730 622 1939 675 viribus

375 704 557 760 valent
602 706 655 759 in
704 707 925 763 Christo
971 709 1333 764 contui-tante.
1401 713 1508 764 Aut
1560 711 1628 765 de
1676 710 1940 780 apostolis

373 811 536 866 agere
562 795 796 863 videtur,
838 814 1052 855 necnon
1084 800 1151 854 de
1185 801 1251 855 iis
1274 801 1366 870 qui
1402 815 1590 855 eorum
1619 816 1783 870 opera
1815 816 1938 856 cre-

375 888 665 956 diderunt;
708 890 761 945 in
798 892 998 961 quibus
1029 893 1323 962 conspicua
1373 892 1595 949 luerunt
1620 892 1804 947 divina
1834 891 1939 946 mi-

373 981 581 1040 racula.
615 991 798 1052 utpote
827 985 922 1053 qui
955 985 1139 1039 divina
1174 986 1360 1040 omnia
1392 995 1656 1056 praecepta
1686 1000 1940 1039 servave-

372 1071 504 1126 rint.
566 1072 940 1142 Multiplicnta:
989 1087 1169 1130 autem
1210 1088 1331 1131 sunt
1377 1077 1716 1146 inﬁrmitates
1738 1092 1940 1139 eorum,

369 1172 487 1229 aut,
521 1173 578 1219 ut
600 1166 707 1219 alio
739 1166 900 1221 modo
940 1167 1165 1237 legitur,
1197 1167 1402 1221 labores
1423 1207 1439 1231 ,
1478 1167 1664 1222 multis
1690 1165 1942 1222 instanti-

371 1255 479 1310 bus
508 1256 742 1325 populis,
772 1258 1085 1313 oratoribus
1105 1299 1121 1325 ,
1155 1258 1413 1323 ducibus,
1453 1259 1672 1328 regibus
1692 1299 1707 1323 ,
1743 1256 1943 1326 quibus

373 1348 642 1416 superatis
676 1348 968 1409 omnibus.
1011 1364 1233 1404 cursum
1267 1348 1619 1404 confecerunt
1651 1367 1664 1404 :
1700 1350 1786 1405 vel
1818 1350 1943 1403 bre-

373 1436 512 1490 vitas
545 1444 601 1490 et
642 1437 971 1506 temporaria
1000 1438 1241 1492 conditio
1275 1437 1690 1492 tribulationum
1715 1481 1729 1505 ,
1764 1436 1947 1491 inlini-

372 1538 486 1583 tum
521 1528 778 1582 sarculum
822 1528 1113 1598 significat.
1163 1528 1288 1584 Non
1326 1529 1650 1600 congregabo
1680 1528 1947 1582 conventi-

373 1617 514 1671 cula.
543 1618 996 1673 Acceleraverunt
1022 1619 1089 1674 ad
1112 1619 1520 1690 obsequendum
1538 1618 1941 1689 praedicationi:

1216 223 1275 279 S.
1319 222 1696 281 ATHANASII
1734 223 1885 280 OPP.
1921 221 2106 279 PARS
2143 223 2231 280 Ill.
2269 256 2337 266 -—
2369 177 2785 281 EXEGETICA.

447 337 846 412 [Multiplicatw
868 352 989 397 sunt
1013 344 1354 414 inﬁrmitates
1385 364 1587 405 eorum.
1627 348 1763 403 Cum
1789 348 1929 402 idola

2107 345 2652 419 [Ἐπληθύνθησαν
2708 347 2770 399 al
2830 343 3135 399 ἀσθένειαι
3185 342 3422 397 αὐτῶν.

2002 483 2006 487 ι
2037 435 2471 509 εἰδωλολάτρουν.
2497 437 2560 489 Εἰ
2587 437 2682 489 καὶ
2710 433 3087 504 πληθύνονται,
3118 434 3179 487 οὺ
3214 431 3655 505 παραμένουσι

3560 226 3656 280 ιοι

3514 341 3656 394 Ὅτε

2041 526 2199 596 μέχρι
2218 526 2325 598 γὰρ
2357 526 2664 598 αἰσθήσεως
2683 526 2777 579 καὶ
2814 526 2971 596 μόνον
3002 519 3143 594 εἶχον
3172 520 3656 596 παραμενούσας,

2037 616 2125 670 διὰ
2155 617 2218 670 τὸ
2243 617 2447 689 ἰσχύειν
2497 618 2572 689 τῷ
2621 610 3003 685 ἐνδυναμοῦντί
3058 615 3296 687 Χριστῷ.
3369 615 3455 667 Ἢ
3517 612 3656 673 τοὺς

2038 706 2366 772 ἀποστόλους
2395 709 2538 762 ἔοικε
2587 708 2788 778 λέγειν,
2842 708 2938 761 καὶ
2980 708 3105 770 τοὺς
3158 707 3224 760 δι’
3258 706 3510 760 ἐκείνων
3553 720 3656 754 πε-

2040 799 2420 862 πιστευκότας,
2468 802 2525 852 ὲν
2571 793 2652 862 οἷς
2706 800 2801 852 καὶ
2853 798 3085 868 διαφανῆ
3135 798 3325 866 γέγονε
3386 797 3469 850 τὰ.
3528 796 3656 849 θεῖα

2041 885 2340 958 θαυμάσια,
2368 887 2443 952 ὡς
2466 889 2645 943 πάντα
2670 889 2994 960 τετηρηκόσι
3016 888 3083 941 τὰ
3115 888 3233 941 θεῖα
3263 886 3656 959 προστάτμα·

2040 994 2128 1030 τα.
2173 978 2613 1050 Ἐπληθύνθησαν
2660 979 2717 1031 δὲ
2766 980 2946 1032 αὐτῶν
3011 981 3066 1032 αἱ
3100 978 3407 1045 ἀσθένειαι,
3462 978 3502 1049 ἢ
3582 978 3656 1042 ὡς

2042 1069 2267 1139 ἑτέρως,
2323 1071 2395 1123 τὰ
2443 1070 2875 1141 διαπονήματα,
2927 1071 3136 1125 πολλῶν
3193 1071 3656 1125 ἐπαναστάντων.

2040 1157 2246 1230 δήμων,
2270 1160 2619 1233 δημηγόρων,
2675 1161 3017 1233 στρατηγῶν,
3046 1161 3329 1233 βασιλέων,
3377 1156 3467 1216 ὧν
3507 1162 3656 1215 πάν-

2041 1266 2149 1310 των
2179 1253 2612 1323 περιγενόμενοι,
2640 1253 2729 1306 τὸν
2760 1253 2958 1324 δρόμον
2985 1254 3259 1307 ἐτέλεσαν·
3291 1254 3323 1326 ἢ
3361 1254 3436 1308 τὸ
3465 1254 3656 1327 βραχῦ

2044 1340 2137 1391 καὶ
2167 1340 2500 1413 πρόσκαιρον
2562 1342 2669 1396 τῶν
2720 1343 2970 1413 θλίψεων,
3033 1343 3123 1397 τὸν
3173 1344 3411 1415 ἄπειρον
3466 1344 3656 1398 αἰῶνα

2043 1428 2333 1483 δείκνυσιν.
2368 1434 2451 1487 Οὐ
2502 1431 2588 1501 μὴ
2638 1432 3012 1503 συναγωγάς.
3080 1435 3371 1505 Ἐτάχυνον
3449 1437 3543 1497 εἰς
3596 1434 3656 1487 τὸ

2045 1521 2350 1576 ὑπακοῦσαι
2403 1524 2481 1595 τῷ
2519 1523 2851 1596 κηρύγματα
2916 1526 3186 1598 καθαροὺς
3218 1522 3365 1581 εἶναι
3418 1526 3515 1579 δεῖ
3542 1524 3656 1579 ἀπὸ

2048 1612 2222 1682 φόνων
2260 1615 2353 1667 καὶ
2380 1615 2626 1686 αἱμάτων
2656 1617 2780 1680 τοὺς
2817 1617 3107 1684 μέλλοντας
3143 1617 3488 1687 συνάγεσθαι
3545 1616 3656 1671 ὑπὸ

373 1717 586 1778 oportet
605 1724 633 1762 a
654 1708 896 1765 caedibus
925 1718 978 1764 et
1012 1711 1277 1787 sanguine
1300 1710 1533 1765 mundos
1574 1724 1695 1766 esse
1722 1724 1819 1765 eos
1851 1709 1943 1779 qui

2107 1704 2301 1777 ριστοῦ.
2335 1706 2610 1776 Συνάγων,
2640 1708 2792 1779 φησὶ,
2844 1710 3163 1778 συναγωγὰς
3193 1711 3257 1763 ὲκ
3286 1708 3405 1763 τῶν
3439 1709 3656 1775 ἐθνῶν,

372 1816 406 1854 a
437 1800 655 1856 Christo
680 1801 1043 1873 congregandi
1085 1812 1233 1857 sunt.
1274 1801 1671 1857 Conventicula
1692 1844 1708 1869 ,
1738 1801 1939 1873 inquit,

368 1907 440 1947 cx
478 1891 727 1961 gentibus
748 1933 762 1955 .
807 1908 914 1946 non
952 1909 1046 1963 per
1082 1893 1403 1964 sanguinem
1432 1902 1486 1948 et
1516 1894 1691 1949 caedes
1716 1907 1948 1964 congre-

370 1984 548 2054 gnbo,‘
598 1999 775 2051 neque
820 1985 1027 2039 curabo
1069 1996 1129 2039 ut
1175 1983 1335 2050 legali
1374 1985 1522 2041 cultu
1561 1984 1850 2041 accedatur
1879 1984 1948 2038 ad

376 2090 487 2142 me,
523 2075 617 2130 sed
662 2076 848 2145 potius
899 2091 1022 2131 cum
1060 2076 1314 2132 laudibus
1356 2092 1421 2133 ac
1467 2093 1560 2148 per
1598 2077 1947 2133 incruentum

370 2166 754 2241 sacriﬁcium]

451 2262 505 2316 5.
551 2260 806 2315 Dominus
840 2276 962 2329 pars
1007 2260 1332 2315 hwreditatis
1369 2275 1497 2315 meae
1528 2268 1576 2314 et
1610 2258 1794 2313 calicis
1824 2259 1946 2325 mei,

373 2359 481 2407 etc.
511 2349 589 2404 Ac
632 2350 678 2405 si
725 2350 964 2420 apertius
992 2350 1233 2415 diceret,
1280 2350 1441 2405 Pater
1481 2366 1634 2406 meus
1663 2350 1715 2404 in
1747 2359 1946 2404 sortem

377 2441 512 2495 mihi
551 2451 605 2496 et
638 2443 944 2512 portionem
969 2453 1156 2514 gentes
1181 2442 1425 2507 donavit,
1468 2442 1555 2497 cui
1582 2441 1842 2495 obediens
1874 2440 1948 2494 lui

376 2532 634 2601 usquead
664 2541 912 2586 mortem.
946 2533 1097 2587 Calix
1124 2547 1359 2601 namque
1394 2541 1624 2586 mortem
1654 2530 1946 2597 signiﬁcat.

371 2620 541 2691 juxta,
572 2620 700 2675 illud
729 2640 741 2675 :
779 2620 941 2675 Pater
962 2662 976 2685 ,
1012 2623 1057 2675 si
1098 2621 1348 2691 possibile
1377 2630 1487 2686 est,
1528 2627 1763 2673 transeat
1808 2635 1841 2671 a
1872 2634 1951 2671 me

374 2713 522 2767 calix
552 2713 651 2766 iste
669 2713 736 2767 ".

448 2885 731 2960 [Dominus
751 2904 875 2958 pars
906 2889 1232 2943 hmredilatis
1251 2905 1378 2942 mea
1399 2897 1447 2943 et
1471 2887 1656 2943 colicis
1678 2891 1796 2944 mei.
1832 2890 1952 2947 Hac-

377 2978 663 3033 reditatem
693 2987 850 3034 vocat.
877 2980 1115 3050 gentium
1158 2996 1404 3049 regnum.
1441 2978 1715 3048 Ecclesiae,
1752 2982 1946 3054 inquit,

379 3084 534 3134 meat,
575 3086 695 3140 quae
716 3082 800 3127 est
837 3072 1123 3128 haereditas
1153 3088 1303 3139 mea,
1355 3073 1532 3142 portio
1568 3083 1651 3129 est
1683 3074 1948 3132 Dominus

376 3157 559 3225 Pater,
591 3163 817 3233 ipseque
864 3164 1049 3219 calicis
1073 3164 1179 3218 mei
1207 3178 1336 3234 pars
1359 3173 1478 3231 est,
1514 3165 1564 3218 id
1602 3173 1686 3220 est
1733 3167 1942 3222 mortis.

374 3249 617 3309 Ecclesia
645 3269 771 3309 vero
795 3253 1007 3310 Patrem
1040 3255 1355 3310 haereditate
1383 3257 1616 3326 accepit,
1652 3273 1776 3312 cum
1803 3274 1946 3328 pra:-

380 3353 534 3413 cepta
564 3345 685 3415 ejus
709 3346 967 3403 servavit.
1018 3347 1246 3418 Ipsaque
1276 3364 1425 3404 mors
1455 3365 1574 3405 mea
1608 3349 1826 3405 Patrem
1853 3352 1946 3408 ha-

376 3435 495 3490 buit
523 3438 576 3491 in
603 3439 988 3503 haereditatem,
1013 3440 1471 3510 quemadmodum
1490 3443 1725 3499 dicitur:
1754 3443 1941 3500 Haeres

377 3526 498 3597 θεῖ,
537 3529 763 3586 coheres
787 3530 990 3588 Christi
1023 3530 1118 3605 ⁹⁸.]

444 3808 499 3864 6.
531 3807 707 3865 Funes
734 3812 1029 3866 ceciderunt
1063 3813 1191 3868 mihi
1231 3815 1286 3869 in
1328 3817 1603 3887 prrzclaris
1639 3818 1768 3872 meis
1808 3834 1828 3872 :
1866 3828 1947 3873 et-

374 3901 515 3955 enim
557 3900 838 3955 Itwreditas
871 3918 985 3955 mea
1008 3906 1271 3973 praeclara
1296 3916 1374 3960 est
1407 3905 1792 3963 mihi.Vincula
1818 3908 1949 3965 cha-

378 3990 555 4046 ritatis
587 3991 663 4045 ait
704 4007 827 4062 quae
866 3993 1057 4047 habuit
1104 4010 1229 4062 erga
1267 3995 1598 4066 Ecclesiam‘,
1653 4014 1778 4069 quae
1806 4015 1949 4071 pra:-

376 4084 523 4137 r’lara
558 4092 663 4147 est,
693 4085 950 4137 nimirum
981 4084 1084 4154 ipsi
1120 4086 1342 4154 placita.

449 4260 501 4316 7.
532 4259 847 4315 Benedicam
884 4259 1165 4315 Dominum
1210 4264 1299 4334 qui
1341 4264 1524 4319 tribuit
1554 4270 1682 4322 milii
1730 4270 1940 4326 intelle—

2042 1797 2104 1848 οὐ
2136 1796 2203 1849 δι’
2234 1797 2481 1868 αἱμάτων
2537 1799 2706 1862 αὐτὰς
2754 1800 2987 1867 συνάξω,
3045 1801 3164 1855 οὐδὲ
3215 1802 3656 1874 παρασκευάσω

2041 1886 2130 1941 διὰ
2156 1888 2255 1958 τῆς
2273 1889 2501 1960 νομικῆς
2533 1907 2622 1959 μοι
2644 1891 3041 1964 προσέρχεσθαι
3069 1893 3344 1963 λατρείας,
3365 1892 3656 1956 αἰνέσεως

2042 1975 2100 2027 δὲ
2128 1975 2328 2046 μᾶλλον
2360 1978 2455 2030 καὶ
2484 1979 2584 2049 τῆς
2609 1980 2946 2051 ἁναιμάκτου
2983 1982 3219 2054 θυσίας.]

2116 2258 2328 2326 Κύριος
2338 2257 2506 2328 μερίς
2536 2256 2645 2326 τῆς
2675 2261 3078 2329 κληρονομίας
3093 2278 3213 2330 μου
3256 2261 3357 2315 καί
3398 2262 3519 2316 τοῦ
3546 2276 3656 2316 πο-

2046 2351 2250 2420 τηρίου
2264 2370 2402 2422 μου.
2426 2371 2480 2407 κ.
2501 2370 2551 2406 τ.
2574 2352 2623 2407 λ.
2640 2354 2784 2407 Ὠσεὶ
2800 2354 3337 2426 σαφέστερονξέλεγεψ
3359 2356 3437 2410 Ὀ
3454 2357 3656 2428 Πατήρ

2051 2461 2151 2514 μου
2187 2446 2266 2508 εἰς
2295 2444 2497 2517 κλῆρόν
2537 2462 2626 2516 μοι
2677 2447 2771 2499 καὶ
2816 2446 3010 2518 μερίδα
3034 2447 3103 2500 τὰ
3141 2446 3267 2519 ἔθνη
3292 2447 3652 2520 δεδώρηται,

2045 2526 2089 2602 ᾧ
2116 2535 2208 2588 καὶ
2232 2534 2431 2603 γέγονα
2456 2537 2695 2607 ὑπήκοος
2730 2536 2891 2608 μέχρι
2924 2535 3174 2591 θανάτου.
3213 2537 3287 2591 Τὸ
3318 2538 3446 2611 γὰρ
3479 2540 3654 2610 ποτή-

2053 2642 2164 2697 ριον
2193 2627 2283 2679 τὸν
2316 2626 2544 2680 θάνατον
2575 2629 2848 2697 σημαίνει,
2878 2629 3017 2682 κατὰ
3048 2629 3109 2683 τὸ
3166 2629 3496 2701 εἰρημένον·
3525 2630 3651 2686 Πά-

2049 2733 2166 2785 τερ,
2195 2719 2245 2770 εὶ
2271 2715 2551 2781 δυνατὸν,
2585 2718 2923 2787 παρελθέτω
2954 2719 3054 2772 ἀπ’
3072 2718 3217 2788 ἐμοῦ
3242 2721 3308 2775 τὸ
3337 2721 3650 2792 ποτήριον

2049 2807 2248 2861 τοῦτο.

2123 2900 2366 2973 [Κύριος
2410 2902 2579 2971 μερίς
2612 2901 2720 2970 τῆς
2763 2903 3163 2974 κληρονομίας
3205 2922 3327 2975 μου
3376 2906 3487 2960 καὶ
3533 2904 3644 2958 τοῦ

2052 2994 2339 3062 ποτηρίου
2366 3011 2506 3063 μου.
2556 2994 2931 3066 Κληρονομίαν
2981 2995 3136 3050 καλεῖ
3187 2996 3287 3068 τὴν
3324 2996 3444 3050 τῶν
3470 2996 3643 3050 ἐθνῶν

2055 3084 2348 3157 βασιλείαν.
2382 3086 2491 3140 Καὶ
2524 3086 2620 3158 τῆς
2661 3086 2800 3157 ἐμῆς
2841 3087 3189 3159 Ἑκκλησίας,
3221 3089 3343 3159 ἣτις
3402 3089 3561 3143 ἐστὶν
3605 3091 3637 3157 ἡ

2054 3177 2383 3250 κληρονομία
2417 3195 2539 3249 μου,
2584 3178 2741 3250 μερίς
2788 3180 2935 3233 ἐστιν
2984 3183 3012 3234 ὁ
3044 3180 3243 3254 Κύριος
3273 3182 3304 3235 ὁ
3354 3180 3580 3253 Πατὴρ,
3612 3184 3639 3234 ὁ

2053 3270 2213 3333 αὐτὸς
2245 3270 2302 3323 δὲ
2332 3270 2425 3323 καὶ
2450 3270 2542 3323 τοῦ
2574 3270 2834 3343 ποτηρίου
2867 3288 2966 3343 μου
3011 3271 3166 3343 μερίς
3214 3272 3350 3334 ἐστι,
3383 3274 3638 3326 τουτέστι

2051 3361 2148 3415 τοῦ
2205 3360 2454 3415 θανάτου.
2508 3361 2619 3415 Kal.
2671 3364 2704 3433 ἡ
2742 3361 3035 3433 Ἐκκλησία
3084 3362 3495 3434 ἐκληρονόμησε
3547 3363 3637 3416 τὸν

2054 3453 2294 3525 Πατέρα,
2337 3451 2732 3525 κατορθώσασα
2767 3454 2865 3518 τὰς
2925 3454 3143 3507 ἐντολὰς
3201 3454 3388 3508 αὐτοῦ’
3419 3457 3517 3509 καὶ
3539 3456 3637 3508 αὐ-

2052 3540 2144 3603 τὸς
2187 3533 2216 3592 ὁ
2268 3538 2497 3603 θάνατος
2544 3543 2573 3594 ὁ
2621 3541 2751 3612 ἐμὸς
2792 3542 3190 3614 ἐκληρονόμησε
3254 3544 3345 3598 τὸν
3408 3546 3636 3616 Πατέρα

2055 3628 2195 3682 κατὰ
2221 3630 2310 3684 τὸν
2342 3630 2588 3700 λέγοντα·
2612 3634 2956 3703 Κληρονόμε
2974 3634 3141 3700 Θεοῦ,
3167 3638 3636 3708 συγκληρονόμε

2053 3720 2356 3794 Χριστοῦ.]

2123 3814 2367 3880 Σχοινία
2388 3812 2694 3868 ἐπέπεσάν
2711 3832 2811 3882 μοι
2858 3814 2928 3868 ἐν
2949 3816 3073 3883 τοῖς
3120 3820 3454 3886 κρατίστοις
3486 3836 3627 3889 μου³

2054 3903 2153 3957 καὶ
2188 3904 2297 3974 γὰρ
2338 3904 2376 3971 ἠ
2421 3906 2784 3974 κληρονομία
2827 3923 2944 3974 μου
2998 3910 3283 3976 κρατίστη
3319 3914 3426 3980 μοί
3474 3913 3627 3966 ἐστι.

2054 3994 2193 4059 Τοὺς
2219 3995 2449 4066 δεσμοὺς
2469 3995 2571 4066 τῆς
2601 3996 2820 4068 ἀγάπης
2843 3998 3025 4068 φησὶν,
3057 3999 3148 4063 οὓς
3182 4000 3334 4070 ἔσχεν
3364 4000 3504 4073 πρὸς
3534 4002 3631 4073 τὴν

2066 4087 2422 4158 Ἐκκλησίαν,
2486 4089 2607 4159 ἦτις
2665 4090 2758 4142 καὶ
2811 4090 3073 4162 κρατίστη
3140 4093 3288 4159 ἐστὶ,
3348 4095 3631 4149 τουτέστιν

2053 4179 2288 4249 ἀρέσκον
2298 4196 2364 4233 σα
2394 4178 2561 4249 αὐτῷ.

2120 4269 2450 4340 Εὐλογήσω
2505 4271 2614 4326 τὸν
2652 4272 2868 4339 Κύριον
2922 4272 3028 4325 τὸν
3079 4276 3485 4363 αυνετίσαντά
3528 4296 3627 4349 με.

375 4361 539 4406 ctum.
599 4351 773 4422 Hujus
821 4353 952 4407 dicti
1007 4354 1382 4424 interpretatio
1424 4357 1569 4428 jacet
1617 4361 1671 4413 in
1714 4360 1943 4420 Actibus

2107 4363 2254 4419 θύτου
2288 4364 2320 4434 ή
2352 4363 2617 4434 ἑρμηνεία
2643 4366 2816 4417 κεῖται
2840 4367 2897 4418 ἐν
2929 4367 3048 4430 ταῖς
3081 4351 3317 4439 Πράξεσι
3349 4369 3460 4422 τῶν
3491 4373 3626 4424 ἁπο-

376 4445 747 4514 apostulorum
780 4445 878 4516 (5).
921 4444 1144 4516 Insuper
1170 4456 1219 4501 et
1246 4465 1409 4518 usque
1440 4450 1509 4503 ad
1536 4463 1738 4506 noctem
1784 4455 1947 4510 incre-

375 4546 599 4603 puerth
620 4551 701 4589 me
727 4553 872 4590 renes
900 4539 1020 4591 mei.
1068 4538 1185 4594 Mus
1226 4537 1523 4609 Scriptura:
1550 4545 1749 4600 divinae
1787 4563 1945 4602 rencs

376 4640 570 4680 vocare
620 4627 865 4682 occultas
908 4640 962 4682 et
1000 4630 1105 4683 alte
1144 4631 1352 4699 positas
1388 4635 1748 4702 cogitationes
1780 4654 1796 4693 :
1830 4652 1937 4691 no-

373 4727 518 4771 ctem
552 4733 701 4779 vero,
737 4719 882 4787 quod
910 4720 1243 4775 absconsum
1276 4733 1379 4778 est.

446 4811 499 4865 8.
542 4808 883 4866 Providebam
915 4811 1199 4866 Dominum
1250 4816 1306 4868 in
1348 4827 1622 4885 conspectu
1653 4836 1766 4874 meo
1805 4836 1945 4875 sem-o

376 4920 501 4974 per,
537 4906 785 4974 quoniam
810 4922 841 4958 a
867 4905 1069 4959 dextris
1097 4916 1175 4960 est
1206 4910 1358 4974 mihi,
1387 4928 1450 4966 ne
1482 4929 1827 4970 commoveor.
1888 4915 1945 4970 In

376 5003 644 5064 quantum
678 4992 820 5049 Deus
849 5010 970 5049 esse
996 4995 1314 5068 intelligitur
1335 5040 1351 5065 ,
1382 5001 1497 5070 ipse
1520 5011 1605 5057 est
1631 5004 1726 5073 qui
1766 5005 1948 5060 ﬁrmat

377 5093 433 5139 et
466 5084 698 5140 sustinet
740 5086 955 5153 omnia;
998 5087 1052 5141 in
1099 5098 1365 5159 quantum
1398 5109 1528 5147 vero
1562 5096 1726 5149 homo
1762 5095 1943 5152 factus

376 5181 479 5236 est,
518 5176 685 5244 probe
714 5174 818 5244 ipsi
858 5179 1118 5232 convenit
1143 5179 1324 5236 dicere
1369 5197 1428 5238 se
1454 5200 1483 5237 a
1522 5185 1727 5240 uestris
1758 5186 1946 5241 Domi.

377 5278 510 5317 num
540 5265 757 5327 habere,
784 5281 849 5319 ne
876 5279 1304 5325 commoveatur.
1344 5270 1477 5326 Nam
1519 5272 1720 5345 ubique
1755 5277 1949 5331 huma-

449 5415 495 5447 "
536 5414 723 5472 Matth.
760 5435 906 5487 xsvr,
954 5421 1044 5476 59.
1122 5426 1169 5457 "'
1216 5425 1373 5479 Rom.
1412 5442 1534 5486 vui.
1578 5427 1663 5481 17.

451 5528 530 5600 (2)
568 5530 748 5600 Locus
779 5534 1024 5592 vitiatus.
1047 5579 1055 5591 .

454 5599 533 5671 (ὅ)
564 5599 683 5658 Non
707 5604 886 5676 «lmjus
931 5607 1090 5672 dicti,
1125 5606 1217 5661 sed
1248 5620 1436 5661 eorum
1469 5621 1592 5679 qum
1633 5622 1776 5664 vers.
1803 5610 1839 5666 8
1869 5613 1935 5669 le-

2050 4457 2272 4511 στῶων.
2308 4457 2431 4509 Ἔτι
2460 4455 2528 4509 δὲ
2565 4457 2660 4510 καὶ
2718 4456 2827 4523 ἕως
2883 4458 3104 4523 νυκτὸς
3148 4458 3526 4515 ἐπαίδευσαν
3551 4478 3628 4531 με

2047 4550 2101 4601 οἱ
2132 4548 2341 4615 νεφροί
2361 4564 2500 4615 μου.
2520 4546 2679 4610 Ἔθος
2706 4549 2771 4617 τῇ
2796 4547 3136 4616 θεοπνεύστῳ
3183 4550 3371 4622 Γραφῇ
3396 4553 3625 4626 νεφροὺς

2046 4635 2331 4707 ὀνομάζειν
2357 4638 2481 4701 τοὺς
2503 4639 2915 4709 κεκρυμμένους
2937 4640 3028 4692 καὶ⁵
3048 4642 3107 4692 ὲν
3139 4640 3290 4710 βάθει
3308 4643 3621 4716 λογισμούς·

2053 4728 2219 4781 abacta
2251 4727 2308 4780 δὲ
2333 4728 2393 4781 τὸ
2414 4729 2635 4797 ἀφανές.

2116 4817 2517 4887 Προεωρώμην
2547 4818 2655 4872 τὸν
2682 4820 2904 4888 Κύριον
2928 4821 3185 4875 ἐνώπιόν
3228 4843 3347 4893 μου
3375 4825 3621 4879 διαπαν-

2047 4906 2277 4974 τὸς,ὄτι
2321 4909 2387 4961 ἐκ
2444 4907 2657 4972 δεξιῶν
2706 4927 2824 4978 μου
2853 4910 3005 4976 ἐστὶ,
3069 4914 3168 4966 ἵνα
3199 4914 3285 4983 μὴ
3324 4913 3617 4970 σαλευθῶ.

2047 4999 2198 5053 Καθδ
2233 5000 2331 5069 μὲν
2364 5003 2562 5054 νοεῖται
2589 4999 2743 5065 Θεὸς,
2777 5002 2939 5069 αὑτός
2970 5006 3117 5058 ἐστιν
3148 5009 3176 5060 ὁ
3239 5007 3411 5061 πάντα
3438 5007 3619 5077 στηρί-

2049 5090 2157 5155 ζων
2187 5091 2280 5144 καὶ
2306 5091 2537 5160 ἀνέχων·
2569 5091 2704 5145 καθὸ
2728 5093 2785 5147 δὲ
2805 5093 3027 5164 γέγονεν
3076 5096 3377 5169 ἄνθρωπος,
3419 5099 3614 5170 πρέποι

2050 5186 2116 5239 ἂν
2140 5184 2300 5239 αὺτδν
2330 5186 2423 5239 καὶ
2448 5186 2507 5238 τὸ
2532 5185 2714 5255 λέγειν
2735 5189 2800 5241 ὲκ
2831 5188 3020 5253 δεξιῶν
3064 5191 3355 5261 ἐσχηκέναι
3400 5192 3489 5245 τὸν
3512 5188 3618 5245 Κύ-

2053 5294 2185 5348 ριον,
2228 5275 2316 5329 ἴνα
2350 5275 2424 5346 μὴ
2472 5276 2725 5349 σαλευθῇ.
2762 5279 3170 5350 Συμπλάττεται
3219 5284 3326 5353 γὰρ
3348 5280 3613 5352 πανταχοῦ

2054 5556 2275 5621 βιιιιιιιιξ,
2302 5546 2646 5604 Providebam
2674 5551 2972 5617 Dontinunt,
3005 5564 3135 5621 etc.,
3159 5559 3403 5614 meminit
3426 5556 3612 5611 Petrus

2055 5616 2111 5671 in
2141 5616 2367 5673 Actibus
2401 5621 2796 5690 apostolorum,
2832 5640 2951 5694 cap.
2983 5640 3044 5693 ll,
3073 5616 3216 5684 vers.
3241 5628 3332 5685 ‘25.
3358 5627 3522 5685 Enn.
