3698 6268
387 209 490 268 107
1193 195 1249 250 S.
1291 191 1662 250 ΑτΗΑΝΛειι
1699 194 1847 254 OPP.

2187 239 2191 250 .
2233 226 2303 239 —-
2341 195 2750 254 EXEGETICA.
3515 202 3647 258 108

385 345 474 391 eet
502 333 554 388 id
585 343 802 404 quoque
832 325 1132 383 cavendum
1167 335 1308 383 esse,
1331 327 1392 374 ut
1419 317 1555 372 nihil
1583 314 1831 377 mortale,

2187 315 2520 384 ἀνθρώπω.
2554 315 2826 380 Διδάσκει,
2849 315 2924 378 ὡς
2952 315 3044 369 καὶ
3074 317 3230 370 τοῦτο
3250 321 3647 390 παραφυλάτ-

385 425 463 481 hil
490 425 787 480 humanum
839 421 1148 489 loquamur.
1209 413 1434 482 Propter
1480 412 1633 466 verba
1677 410 1845 462 labier

2187 423 2223 458 ιι
2257 410 2392 477 πρὸς
2423 406 2482 459 τὸ
2513 406 2677 476 μηδὲν
2697 405 2889 477 θνητὸν
2915 406 3048 478 μηδέ
3073 408 3406 479 ἀνθρώπινον
3439 411 3647 482 φθέγ-

389 529 598 574 'uorum
620 532 712 586 ego
743 512 1002 568 custodiri
1035 510 1146 564 vias
1177 507 1363 561 duras.
1407 505 1488 558 Ob
1514 503 1699 573 jnssa,
1743 501 1849 568 inm

2187 514 2248 550 ιι.
2283 498 2385 552 Διὰ
2422 498 2560 562 τοὺς
2608 499 2831 568 λόγους
2874 497 2994 552 τῶν
3039 500 3287 568 χειλέων
3326 517 3446 559 σου
3507 503 3647 572 ἐγὼ

387 620 500 676 tua,
531 616 814 678 angustam
844 613 899 659 et
930 613 1133 658 arctam
1159 610 1371 671 portam
1396 596 1675 666 ingressus
1702 605 1846 645 sum.

2186 589 2313 653 ῐαξα
2392 588 2570 654 ὀδοὺς
2626 589 2917 658 σκληράς.
2964 592 3063 645 Διὰ
3126 592 3194 646 τὰ
3261 594 3328 647 σὰ
3361 596 3646 667 προστά-

2041 699 2243 751 γματα,
2291 682 2444 752 φησὶ,
2471 682 2567 752 τὴν
2596 683 2783 755 στενὴν
2832 686 2925 738 καὶ
2950 685 3314 757 τεθλιμμένην
3342 687 3648 759 είσήλασα

2041 772 2234 825 πύλην.

455 885 509 940 5.
550 881 751 951 Perﬁce
782 893 988 949 gressus
1019 889 1157 928 meos
1183 873 1238 926 in
1262 871 1464 925 semitis
1501 868 1637 930 tuis,
1685 873 1793 919 etc.
1830 862 1911 916 Do

2187 863 2468 932 ιτάρτισαι
2496 866 2569 919 τὰ
2613 865 2943 936 διαϐήματά
2964 885 3084 936 μου
3123 868 3192 922 ὲν
3223 868 3348 935 τοῖς
3387 869 3647 938 τρίϐοις

384 985 539 1032 cetur
571 975 657 1029 bis
689 971 864 1027 verbis
897 984 963 1024 ne
1009 965 1114 1023 sibi
1156 963 1442 1034 quisquam
1481 958 1651 1023 (idat;
1704 955 1798 1012 sed
1831 953 1844 1006 l

2212 956 2459 1009 Διδάσκει
2489 958 2517 1009 ὁ
2547 956 2702 1026 λόγος
2736 959 2809 1030 μὴ
2865 958 3182 1013 πεποιθέναι
3224 960 3309 1030 ἐφ’
3343 961 3587 1020 ἑαυτοῖς
3623 998 3643 1024 ,

384 1066 665 1121 innitatur.

2041 1045 2134 1098 ἐπὶ
2156 1046 2212 1099 δέ
2243 1045 2320 1117 τῷ
2351 1046 2468 1117 Θεῷ
2493 1049 2955 1120 ἐπιστηρίζεσθαι.

457 1155 700 1231 [Semitas
732 1161 913 1208 autem
943 1145 1158 1204 Domini
1193 1149 1318 1199 sunt
1347 1141 1759 1198 observationes
1796 1157 1917 1198 man

2125 1135 2352 1208 [Τρίὸοι
2380 1139 2436 1191 δέ
2472 1141 2673 1211 Κυρίου
2703 1140 2810 1195 τῶν
2837 1143 3067 1197 ἐντολῶν
3097 1144 3152 1198 αί
3181 1143 3515 1217 τηρήσεις.]

381 1247 687 1321 datorum.]

454 1342 508 1397 6.
539 1340 650 1411 Ego
680 1337 904 1393 clamavi
939 1335 1188 1407 quoniam
1213 1330 1480 1387 exaudiin
1510 1345 1588 1383 me
1611 1369 1625 1394 ,
1663 1327 1823 1382 Deus.

2179 1317 2614 1411 ἷγὼλὲκέκραξα,
2649 1323 2738 1376 ὅτι
2768 1323 3137 1392 εἰσήκουσάς
3172 1345 3314 1396 μου,
3360 1331 3395 1383 ὁ
3439 1330 3639 1394 Θεός.

380 1432 497 1501 lud,
521 1409 809 1494 exaudiui,
844 1444 962 1500 pro,
991 1427 1269 1482 exaudies.
1318 1421 1439 1476 Non
1473 1430 1678 1475 temere
1707 1419 1795 1472 his
1823 1433 1840 1470 ι

2183 1409 2518 1477 ισήκουσας
2543 1453 2558 1477 ,
2600 1415 2721 1467 ἀντὶ
2767 1415 2895 1479 τοῦ,
2942 1417 3257 1491 εἰσακούσῃ.
3305 1421 3383 1474 Οὐ
3433 1421 3643 1492 μάτην

381 1523 465 1578 his
496 1536 618 1577 sum
643 1535 796 1584 usus,
827 1518 920 1573 sed
967 1525 1114 1572 tuam
1158 1522 1414 1583 expertus
1446 1507 1816 1565 clementiam.

2186 1507 2218 1553 is
2250 1505 2361 1566 τοῖς
2391 1503 2568 1572 λόγοις
2595 1507 2935 1578 ἐχρησάμην,
2973 1509 3106 1564 ἀλλά
3153 1515 3346 1584 πεῖραν
3376 1515 3488 1585 τῆς
3530 1515 3646 1586 σῆς

381 1615 580 1684 quippe
622 1618 900 1682 rogantem
962 1622 1104 1678 saepe
1151 1603 1441 1660 exaudisti.
1507 1598 1721 1654 Inclina
1761 1615 1841 1653 an:

2209 1594 2614 1668 φιλανθρωπίας
2639 1617 2652 1630 ο
2685 1603 2920 1672 ἤκουσας
2952 1604 3058 1676 γάρ
3090 1622 3192 1675 μου
3233 1607 3646 1678 παρακαλοῦν-

382 1667 532 1758 titan;
556 1667 718 1756 mihi:
750 1698 892 1754 Deus
916 1703 1060 1753 totus
1089 1695 1240 1751 auris
1267 1704 1385 1761 est,
1421 1702 1608 1750 utoote
1639 1692 1733 1748 aui
1762 1707 1842 1747 om

2186 1667 2444 1750 τολλάκιξ.
2485 1667 2717 1743 Κλῖνονν
2755 1693 2822 1745 τὸ
2861 1667 2974 1759 οὖςζ
3021 1667 3138 1750 adv
3182 1667 3332 1767 ἐμοί
3379 1698 3564 1763 ὐλος
3613 1701 3646 1753 ὁ

381 1789 586 1845 audiat.
2046 1772 2176 1838 Θεὸς
2207 1771 2299 1838 οὖς
2330 1777 2498 1843 ἐστιν,
2535 1778 2610 1842 ὡς
2632 1781 2699 1834 τὰ
2733 1782 2910 1837 πάντα
2942 1785 3174 1841 ἀκούων.

495 1881 608 1953 Ego
635 1879 879 1943 clamavi,
909 1885 1016 1934 etc.
1055 1874 1172 1930 Non
1217 1873 1420 1930 frustra
1455 1876 1664 1940 clamo,
1691 1873 1784 1929 sed
1819 1873 1947 1943 quia

2179 1866 2320 1936 Ἐγὼ
2344 1869 2656 1938 ἐκέκραξα,
2690 1874 2782 1926 καὶ
2812 1875 2878 1929 τὰ
2904 1875 3049 1946 ἑξῆς.
3081 1879 3156 1932 υύ
3193 1879 3369 1952 μάτην
3401 1882 3639 1954 κράζω.

381 1974 702 2044 plerumque
722 1970 988 2026 exaudisti
1024 1983 1110 2022 me
1129 2007 1144 2032 ,
1172 1974 1297 2036 peto
1316 1965 1481 2020 etiam
1519 1981 1665 2020 nunc
1688 1975 1747 2020 ut
1773 1981 1834 2018 ex

2198 1959 2320 2011 ἐπεὶ
2346 1961 2602 2027 πολλάκις
2624 1963 2882 2034 ἤκουσας,
2920 1966 3057 2022 αίτῶ
3089 1970 3182 2024 καὶ
3215 1969 3308 2024 νῦν
3339 1973 3639 2045 ἀκουσθῆο

380 2065 502 2120 dias
535 2078 643 2119 me.
675 2061 897 2117 Clamor
923 2069 1103 2116 autem
1129 2061 1241 2124 ille,
1275 2069 1361 2116 est
1387 2061 1596 2114 intenta
1619 2072 1746 2117 ert’a
1775 2055 1840 2110 De

2191 2051 2419 2124 Κραυγὴ
2467 2053 2523 2106 δέ
2552 2055 2668 2107 ἐστι
2715 2056 2849 2128 πρὸς
2899 2057 3029 2112 Θεὸν
3057 2061 3152 2114 καὶ
3182 2063 3215 2134 ἡ
3247 2064 3638 2138 ἐπιτεταμένη

381 2152 690 2223 cogitatio.]

2048 2141 2250 2211 νόησις.
2272 2141 2290 2214 ]

452 2242 704 2316 [Αάὶρεηι
731 2259 884 2296 suum
911 2241 1300 2296 concluserunt.
1343 2237 1515 2308 Adipe
1542 2235 1812 2308 signiﬁcat
1845 2233 1912 2288 ini

2179 2235 2236 2288 re
2268 2235 2452 2305 στέαρ
2481 2239 2680 2293 αὐτῶν
2715 2242 3094 2298 συνέκλειον.
3130 2245 3304 2317 Στέαρ
3340 2247 3450 2319 τὴν
3499 2265 3639 2319 σφο-

385 2337 656 2390 micorum
685 2334 978 2388 maximam
1009 2328 1474 2403 prosperitatem]

2045 2322 2308 2397 δροτάτην
2341 2328 2635 2400 εὐημερίαν
2657 2331 2765 2383 τῶν
2793 2332 3002 2404 ἐχθρῶν
3028 2336 3296 2406 σημαίνει.
3319 2337 3337 2409 ]

457 2426 548 2481 Η.
615 2425 807 2484 Oculos
850 2441 972 2480 suos
997 2431 1294 2480 statuerunt
1328 2421 1592 2475 declinare
1632 2420 1686 2473 in
1730 2429 1917 2471 terram

2177 2417 2269 2484 >ὺς
2289 2418 2632 2489 ὀφθαλμοὺς
2667 2423 2863 2478 αὐτῶν
2899 2427 3102 2480 ἔθεντο
3129 2428 3400 2482 ἐκκλῖναι
3446 2429 3524 2483 ἐν
3556 2429 3637 2500 τῇ

385 2515 564 2582 Unus,
599 2517 799 2586 inquit,
831 2531 1031 2586 scopus
1056 2515 1158 2569 luit
1200 2515 1306 2569 illis
1326 2523 1385 2568 ut
1411 2512 1477 2567 ad
1519 2521 1718 2567 terram
1749 2510 1845 2564 den

2183 2504 2279 2570 Εἷς
2310 2511 2529 2576 σκοπὸς,
2559 2511 2710 2582 φησι,
2753 2513 2976 2582 γέγονεν
3011 2516 3211 2584 αὐ¹τοῖς,
3253 2519 3416 2572 οἱονεὶ
3464 2536 3638 2573 κατε-

379 2617 517 2673 tant,
548 2617 603 2663 et
619 2622 745 2678 qua:
767 2621 985 2662 carnem
1008 2613 1255 2676 spectant
1281 2603 1484 2659 sentire
1519 2602 1804 2658 suadeant.

2053 2598 2238 2666 νέγκαι
2271 2600 2351 2662 εἰς
2381 2600 2502 2670 γῆν,
2532 2603 2626 2654 καὶ
2651 2602 2719 2656 τὰ
2747 2606 2947 2677 σαρκὸς
2984 2610 3168 2661 πεῖσαι
3198 2612 3439 2680 φρονεῖν.

451 2701 541 2756 id.
581 2698 866 2753 Frameam
891 2709 1039 2752 tuam
1065 2697 1130 2750 ab
1161 2696 1389 2749 inimicis
1422 2710 1675 2748 manuum
1709 2703 1911 2747 tuarum

2172 2694 2348 2760 'opgca
2362 2694 2450 2744 ἀν
2487 2712 2602 2748 σου
2645 2695 2763 2750 ἀπὸ
2807 2697 3034 2767 ἐχθρῶν
3071 2699 3188 2755 τῶν
3229 2701 3450 2770 χειρῶν
3484 2717 3632 2758 σου.

373 2792 642 2862 Quaelibet
662 2791 796 2860 justi
821 2789 1001 2844 anima
1027 2797 1082 2844 et
1111 2788 1456 2859 potissimum
1479 2802 1668 2842 eorum
1702 2786 1795 2856 qui
1821 2801 1833 2855 ι

2171 2783 2299 2856 ἄστη
2337 2786 2444 2840 τῶν
2479 2788 2701 2842 δικαίων
2730 2789 2873 2862 ψυχὴ
2904 2791 2997 2844 καὶ
3039 2792 3272 2862 μάλιστα
3292 2794 3400 2846 τῶν
3428 2794 3631 2849 ἑλκόν-

376 2891 592 2939 catores
624 2882 694 2937 ab
738 2881 1014 2951 impietate
1070 2881 1136 2934 ad
1189 2879 1442 2948 pietatem
1495 2885 1785 2940 revocant,

2184 2875 2310 2938 τοὺς
2357 2877 2712 2948 ἁμαρτωλοὺς
2753 2878 2812 2943 ἐξ
2854 2881 3105 2944 ἀσεϐείας
3150 2885 3229 2946 είς
3271 2883 3627 2946 θεοσέϐειαν.

375 2975 586 3029 framea
613 2982 698 3028 est
724 2982 911 3028 contra
943 2972 1210 3042 malignos
1250 2970 1474 3040 spiritus
1496 2979 1744 3024 exacuta.
1794 2965 1835 3020 Η

2169 2966 2208 3019 εί
2227 2983 2342 3031 πως
2355 2970 2600 3040 ῥομφαία
2616 2971 2761 3023 ἐστὶν
2780 2973 3089 3044 ἠκονημένη
3107 2975 3246 3027 κατά
3259 2975 3366 3030 τῶν
3379 2978 3629 3048 πνευμάτ-

376 3067 545 3137 igitur
581 3065 868 3128 frameam,
917 3063 1162 3126 Domine,
1190 3077 1355 3132 quam
1389 3063 1506 3132 ipse
1535 3071 1724 3116 contra
1760 3062 1832 3114 ini

2180 3059 2280 3128 τῆς
2310 3061 2590 3132 πονηρίας.
2629 3063 2843 3134 Ταύτην
2871 3060 2962 3118 οὖν
2993 3064 3092 3136 τὴν
3127 3066 3421 3136 ῥομφαίαν,
3454 3062 3502 3122 ὦ
3531 3069 3629 3122 Δέ-

376 3173 471 3212 cos
499 3166 623 3212 tuos
648 3154 949 3219 exacuisti,
995 3155 1144 3224 eripe
1191 3154 1260 3208 ab
1307 3154 1547 3208 inimicis
1588 3161 1833 3206 manust

2166 3167 2243 3213 τα,
2280 3151 2463 3221 φησὶν,
2500 3153 2565 3222 ἢν
2594 3152 2756 3218 αὐτὸς
2785 3154 2926 3208 κατά
2964 3155 3071 3209 τῶν
3102 3157 3208 3210 σῶν
3246 3158 3459 3229 ἐχθρῶν
3491 3161 3626 3230 ἠκό-

375 3249 608 3316 Quinam
645 3256 824 3302 autem
871 3253 1000 3301 sunt
1045 3245 1252 3300 inimici
1304 3260 1500 3299 manus
1535 3243 1648 3306 Dei,
1701 3243 1808 3298 nisi

2170 3259 2239 3305 ις,
2272 3241 2427 3313 ῥῦσαι
2462 3244 2571 3298 ἀπὸ
2604 3246 2709 3298 τῶν
2758 3246 2968 3319 ἐχθρῶν
3002 3249 3101 3319 τῆς
3149 3249 3248 3320 σῆς
3275 3251 3480 3321 χειρός.
3537 3252 3630 3304 Τί-

377 3341 502 3395 tidei
548 3341 604 3394 in
636 3336 987 3411 Unigenitum
1007 3377 1022 3402 ,
1069 3338 1161 3408 qui
1191 3353 1386 3394 manus
1409 3337 1556 3392 illius
1585 3345 1702 3401 est,
1750 3337 1837 3390 ads

2168 3333 2204 3386 δ’
2235 3334 2301 3387 ἂν
2323 3332 2432 3389 εἷεν
2459 3338 2508 3390 οἱ
2547 3337 2646 3407 τῆς
2679 3339 2860 3410 χειρὸς
2885 3339 2977 3393 τοῦ
3008 3341 3140 3395 Θεοῦ
3171 3341 3354 3415 ἐχθροὶ
3386 3343 3420 3414 ἢ
3453 3346 3505 3398 oi
3541 3346 3628 3398 ἀν-

376 3433 602 3487 εεηιιιτῖ
2052 3423 2362 3495 θιστάμενοι
2392 3428 2457 3497 τῇ
2502 3428 2581 3490 είς
2615 3428 2704 3481 τὸν
2744 3429 3019 3500 Μονογενῆ
3053 3429 3215 3484 αὖτοῦ
3242 3432 3444 3498 πίστει,
3475 3435 3629 3496 ὅστις

2051 3517 2169 3568 ἐστὶ
2201 3517 2294 3570 καὶ
2322 3518 2444 3590 χεὶρ
2474 3520 2673 3586 αὐτοῦ;

445 3618 688 3683 Domine,
723 3634 755 3671 a
778 3617 962 3688 paucis
995 3616 1056 3669 de
1087 3627 1226 3670 terra
1258 3615 1431 3668 divide
1460 3630 1567 3668 eos.
1594 3611 1852 3666 Precatnr
1892 3628 1905 3664 ι

2167 3606 2316 3674 Γύριε,
2357 3608 2477 3662 ἀπὸ
2520 3610 2738 3679 ὀλίγων
2775 3613 2894 3666 ἀπὸ
2952 3613 3064 3683 τῆς
3123 3615 3473 3694 διαρέρισον
3519 3620 3627 3672 αὐ·

382 3728 412 3766 a
447 3711 634 3782 paucis
657 3709 809 3779 impii
835 3717 1174 3779 separentur,
1202 3706 1347 3775 quod
1381 3713 1462 3759 est
1486 3720 1549 3760 ac
1577 3705 1621 3758 si
1645 3703 1842 3758 dividet

2157 3719 2214 3764 ης.
2249 3699 2593 3773 Χωρισθῆναι
2621 3705 2746 3767 τοὺς
2769 3705 2987 3768 ἀσεϐεῖς
3015 3706 3121 3759 τῶν
3147 3707 3342 3775 ὀλίγων
3375 3708 3617 3780 εὔχεται,

376 3815 485 3859 tur.
503 3803 734 3870 Quinam
759 3810 940 3857 autem
958 3809 1084 3856 sunt
1106 3799 1263 3869 pauci
1284 3798 1382 3861 illi,
1406 3797 1513 3853 nisi
1536 3797 1602 3851 de
1619 3797 1836 3866 quibus!

2166 3789 2214 3841 εί
2238 3806 2354 3853 πως
2392 3790 2826 3863 διαμερισθῆναι.
2853 3795 3008 3860 Τίνες
3031 3797 3088 3850 δὲ
3109 3799 3158 3850 oi
3186 3798 3355 3867 ὀλίγοι
3406 3800 3440 3871 ἢ
3493 3802 3625 3871 περὶ

375 3903 495 3948 tum
523 3900 636 3948 est:
656 3891 814 3945 Multi
838 3892 1045 3962 quidem
1062 3899 1182 3944 sunt
1205 3889 1374 3944 uocati
1409 3889 1566 3958 pauci
1584 3904 1698 3941 vero
1721 3887 1835 3940 eieci

2160 3880 2438 3935 λέλεκται·
2469 3885 2692 3938 Πολλοὶ
2721 3885 2837 3954 μὲν
2861 3887 3090 3954 κλητοὶ,
3128 3889 3317 3958 ὀλίγοι
3348 3889 3417 3944 δὲ
3446 3892 3620 3946 ἐκλε-

2056 3974 2185 4026 κτοί
3621 4001 3625 4004 ·

448 4137 640 4196 Daniel
658 4138 930 4194 Barbarus
945 4137 1277 4209 :Praaparata
1290 4146 1394 4205 est,
1418 4137 1615 4208 inquit,
1636 4135 1742 4192 illis
1759 4137 1968 4193 occulta
1987 4154 2142 4209 paena
2161 4099 2281 4210 qua:
2308 4154 2477 4208 usque
2504 4140 2568 4194 ad
2587 4140 2793 4195 viscera
2824 4142 3143 4210 penetrabit,
3156 4144 3308 4212 juxta
3327 4144 3455 4200 illud
3475 4142 3617 4216 quod

379 4230 445 4287 de
469 4229 610 4286 Iuda
630 4232 834 4288 dictum
857 4241 940 4288 est
963 4251 980 4286 :
1008 4229 1075 4284 Et
1107 4232 1323 4286 intravit
1345 4229 1650 4286 maledictio
1671 4233 1824 4301 quasi
1859 4246 1996 4301 aqua
2036 4234 2090 4286 in
2123 4233 2377 4286 interiora
2412 4232 2545 4295 eius,
2571 4244 2618 4285 et
2639 4234 2774 4286 sicut
2801 4235 2972 4289 oleum
2993 4236 3047 4290 in
3069 4235 3275 4290 ossibus
3302 4237 3415 4307 ejus
3444 4238 3486 4291 ³.

447 4387 520 4442 ετ
551 4388 612 4442 de
632 4387 953 4442 absconditis
986 4389 1090 4442 tuis
1115 4387 1426 4457 adimpletus
1452 4398 1528 4442 est
1556 4398 1727 4443 venter
1754 4404 1907 4442 eorum

2161 4390 2238 4443 ἰαὶ
2262 4389 2381 4444 τῶν
2417 4393 2835 4462 κεκρυμμένων
2875 4411 2990 4450 σου
3018 4397 3295 4467 ἐπλήσθη
3325 4401 3362 4468 ἡ
3392 4401 3621 4470 γαστὴρ

379 4479 666 4544 Omnibus,
697 4482 889 4550 inquit.
922 4479 1175 4550 pretiosis
1201 4479 1356 4550 potiti
1393 4488 1523 4535 sunt
1555 4495 1571 4545 ;
1603 4479 1835 4549 ideoque

2161 4478 2270 4532 ’ῶν.
2309 4479 2554 4548 Πάντων,
2586 4485 2737 4556 φησὶ,
2781 4485 2890 4538 τῶν
2923 4487 3118 4556 τιμίων
3151 4487 3466 4544 ἀπέλαυσαν
3493 4510 3506 4522 ο
3542 4493 3621 4545 διὸ

382 4570 813 4634 recalcitrarunt,
849 4586 908 4624 ut
950 4570 1450 4639 pravaricarentur.
1500 4567 1619 4620 Alio
1653 4570 1829 4621 modo.

2169 4571 2534 4627 ἀπελάκτισαν
2567 4574 2759 4641 οὕτως,
2783 4576 2858 4640 ὡς
2885 4579 2978 4629 καὶ
3011 4583 3364 4649 παρανομεῖν.
3402 4583 3524 4637 Τῶν
3565 4583 3618 4635 δὲ

382 4661 700 4714 absconditis
733 4661 859 4724 tuis,
904 4676 968 4714 ac
999 4662 1044 4716 si
1079 4661 1302 4726 diceret,
1336 4675 1474 4730 quas
1517 4667 1576 4714 tu
1623 4674 1815 4729 ptenas

2160 4661 2482 4728 ερυμμέναη³
2514 4678 2630 4717 σου
2659 4667 2782 4718 ἀντὶ
2805 4665 2921 4729 τοῦ,
2949 4660 3023 4720 ὧν
3043 4672 3103 4722 ἐν
3130 4671 3431 4744 ἀποκρύφῳ
3461 4692 3620 4745 τιμω-

381 4752 523 4807 culte
559 4755 723 4817 nosti,
758 4767 859 4823 ego
892 4752 1105 4823 ignoro,
1156 4753 1223 4807 iis
1270 4753 1432 4820 imple
1475 4761 1692 4808 ventres
1736 4767 1841 4807 eum

2158 4771 2193 4804 ιν
2214 4753 2356 4822 ἔχεις
2381 4755 2476 4825 τὴν
2501 4757 2720 4823 γνῶσιν,
2759 4756 2868 4825 ἐγὼ
2893 4759 3093 4827 ἀγνοῶ,
3121 4762 3323 4816 τούτων
3347 4765 3618 4838 ἔμπλησον

377 4847 524 4917 quod
566 4845 866 4915 periphrasi
912 4845 1139 4905 dictum.
1188 4859 1310 4913 pro,
1359 4859 1451 4898 eos
1498 4843 1665 4913 ipsos.
1711 4842 1837 4898 Satn

2153 4864 2155 4872 ν
2185 4847 2457 4917 γαστέρας
2492 4847 2689 4912 αὐτῶν,
2735 4853 3178 4920 περιφραστικῶς
3210 4855 3362 4920 ἀντὶ,
3405 4857 3613 4921 αὐτούς.

311 4961 318 4967 -
375 4947 497 4991 sunt
522 4936 670 5004 ﬁliis,
699 4945 748 4990 et
769 4937 1079 4990 dimiserunt
1105 4934 1352 5004 reliquias
1383 4950 1511 4987 suos
1555 4933 1771 5002 paruuli:

2157 4935 2563 5004 ίορτάσθησαν
2588 4936 2750 5000 υἱῶν,
2784 4939 2880 4992 καὶ
2918 4939 3162 5009 ἀφῆκαν
3191 4942 3263 4996 τὰ
3293 4945 3617 5000 κατωοιπα

373 5032 534 5085 Omni
567 5029 754 5100 repleti
794 5035 922 5085 sunt
953 5026 1268 5096 iniquitate,
1302 5035 1354 5082 et
1387 5041 1506 5082 eam
1541 5025 1668 5081 ﬁliis
1697 5036 1833 5082 trans

2156 5049 2178 5094 [ι
2229 5030 2468 5094 νηπίοις
2520 5029 2736 5084 αὐτῶν.
2791 5032 3018 5103 Πάσης,
3078 5037 3232 5106 φησὶ,
3281 5039 3616 5110 παρανομίας

376 5132 584 5178 serunt.
2053 5123 2421 5194 ἐπλήσθησαν,
2446 5126 2538 5179 καὶ
2563 5127 2643 5189 εἰς
2675 5127 2866 5192 παῖδας
2898 5129 2954 5182 δέ
2978 5130 3182 5202 ταύτην
3207 5133 3586 5203 παρέπεμψαν.

445 5208 643 5281 [Atque
668 5211 840 5281 ipsam
866 5211 1134 5282 reliquere
1159 5211 1400 5281 parvulis
1434 5211 1667 5266 ﬁliorum
1696 5225 1905 5267 snorun

2159 5217 2265 5269 Kal
2293 5218 2495 5288 ταύτην
2527 5219 2851 5290 memon
2879 5224 2989 5286 τοῖς
3012 5224 3225 5294 νηπίοις
3246 5224 3353 5277 τῶν
3376 5225 3502 5277 υίῶν
3525 5225 3615 5275 αὐ-

375 5299 580 5356 scilicet
610 5315 784 5370 usque
801 5302 868 5355 ad
896 5302 1238 5375 abnepotes]

2050 5309 2177 5370 τῶν,
2208 5310 2372 5380 ἦγουν
2409 5311 2570 5380 μέχρι
2604 5313 2862 5381 ἐκγόνων.
2893 5312 2909 5384 ]

447 5392 535 5447 15.
581 5394 689 5462 Ego
716 5402 890 5446 autem
915 5395 968 5447 in
990 5396 1194 5448 iustitia
1227 5394 1486 5464 apparebo
1507 5398 1805 5465 conspectui
1834 5406 1907 5450 tut

2150 5399 2280 5468 Εγὼ
2314 5399 2382 5452 δὲ
2411 5401 2479 5454 ἐν
2505 5400 2855 5481 δικαιοσύνῃ
2903 5402 3238 5474 ὀφθήσομαι
3279 5406 3356 5472 τῷ
3392 5401 3607 5474 προσώ-

433 5574 468 5606 ·⁸
507 5568 674 5625 Matth
733 5585 822 5638 ιι,
858 5570 940 5624 ib.
1028 5574 1046 5602 ³
1086 5571 1226 5627 Psal.
1265 5588 1411 5638 cvm,
1444 5573 1528 5627 18.
