3698 6268
265 236 327 293 91
1127 238 1182 293 8.
1218 237 1595 294 ΑτΗΑΝΑδΗ
1636 237 1788 293 OPP.
1831 237 1840 292 l

2054 237 2144 294 Ill.
2186 269 2253 280 —
2291 233 2706 295 EXEGETICA.
3448 239 3527 293 92

336 356 357 409 4
380 354 424 409 1.
458 353 633 420 Viles,
656 362 907 427 quoniam
931 369 994 445 lu.
1010 360 1238 414 laborem
1265 372 1311 416 et
1339 364 1572 417 dolorem
1598 364 1837 416 conside-

2015 361 2282 427 Βλέπεις,
2326 359 2417 414 ὅτι
2467 358 2549 413 σὺ
2586 359 2779 412 πόνον
2822 356 2921 410 καί
2974 353 3163 424 θυμὸν
3184 355 3523 420 κατανοεῖς.

266 461 375 499 rce.
416 444 522 512 Tu,
557 447 753 518 inquit,
791 465 823 504 ο
853 444 1112 514 Domine,
1144 454 1328 507 omnia
1359 455 1532 519 nosti,
1571 454 1701 507 nihil
1739 468 1836 508 eo-

266 551 387 590 rum
438 552 559 606 quae
599 538 734 592 fiunt
779 540 1017 609 ignoras,
1074 541 1185 596 imo
1230 558 1329 597 nec
1378 560 1567 598 eorum
1614 560 1736 615 qum
1782 546 1836 599 in

266 636 503 681 mentem
552 635 608 683 et
652 631 1036 700 cogitationem
1077 635 1319 689 veniunt.
1355 634 1496 704 Quin
1526 646 1580 691 et
1622 637 1838 693 labores

248 717 552 773 hominum
582 761 596 780 ,
646 720 887 775 furorem
937 733 990 778 et
1034 724 1456 795 indignationem
1506 744 1693 782 eorum
1744 731 1838 798 qui

260 810 514 865 molestia
545 811 785 868 alliciunt
807 825 1063 871 accurate
1091 818 1255 872 nosti.
1286 817 1554 884 Quoniam
1591 821 1837 875 omnium

257 903 625 972 cogitationes
652 908 991 975 consideras,
1021 919 1075 963 et
1107 918 1159 963 ttt
1193 927 1253 966 es
1283 912 1375 981 qui
1402 914 1565 968 Corda
1596 923 1649 968 et
1679 930 1840 969 renes

258 995 552 1051 scrutaris.
588 994 797 1051 Etcum
828 999 942 1052 haec
967 1000 1169 1066 videas,
1200 1001 1525 1071 longaniutis
1551 1014 1726 1057 tamen
1758 1019 1838 1070 es,

258 1100 467 1156 gnarus
498 1091 600 1142 sub
635 1107 795 1144 manu
828 1102 918 1147 tua
967 1109 1157 1149 omnes
1187 1110 1338 1158 esse,
1373 1112 1474 1151 uec
1509 1076 1845 1168 quemquam.

258 1191 425 1247 posse
450 1180 635 1252 aliquo
669 1184 874 1253 fugere.
912 1184 1028 1239 Tibi
1056 1186 1337 1255 derelictus
1382 1198 1458 1242 est
1497 1205 1716 1258 pauper,
1754 1207 1839 1243 or-

257 1272 436 1341 phano
459 1283 512 1326 tu
540 1274 690 1344 fuisti
711 1278 946 1346 adiutor.
982 1276 1096 1335 Hoc
1125 1290 1227 1343 est,
1259 1289 1411 1336 tuum
1443 1282 1533 1336 ille
1562 1292 1841 1352 exspectat

257 1368 550 1421 auxilium.

335 1458 421 1512 15.
463 1458 683 1513 Contere
718 1461 993 1516 brachium
1027 1467 1316 1533 peccatoris
1360 1478 1407 1520 et
1439 1467 1680 1537 maligni.
1726 1465 1840 1523 Iloc

255 1558 364 1611 est,
393 1553 689 1619 potentiam
723 1555 949 1611 inimici.
988 1557 1273 1622 Quwretur
1303 1572 1573 1629 peccatum
1611 1560 1755 1614 illius
1789 1570 1839 1614 et

260 1657 362 1694 non
416 1644 725 1700 invenietur.
785 1646 1008 1716 Propter
1058 1650 1237 1720 ipsunt
1274 1652 1481 1706 scilicet
1526 1663 1834 1722 peccatum.

260 1731 397 1786 Tota
426 1738 695 1791 sententia
731 1739 812 1793 sie
842 1740 1004 1794 habet
1029 1760 1043 1797 :
1076 1719 1132 1796 Si
1161 1744 1467 1812 quaesieris,
1492 1719 1689 1814 inquit,
1717 1762 1842 1813 pec-
1871 1719 1913 1772 Β

258 1836 441 1880 catum
485 1830 728 1900 maligni,
761 1848 868 1887 non
902 1834 1230 1902 invenietur,
1262 1837 1313 1892 id
1344 1845 1445 1903 est,
1487 1837 1686 1907 peribit
1712 1852 1839 1908 pec-

254 1927 412 1970 cator
444 1929 666 1987 propter
690 1920 867 1990 ipsum
892 1934 1198 1992 peccatum.

330 2006 713 2077 [Inveniuntur
753 2016 846 2082 qui
896 2018 1129 2070 salutem
1178 2033 1208 2071 a
1257 2016 1369 2073 Deo
1403 2027 1839 2087 consequuntur,

254 2102 557 2155 secundum
596 2105 725 2159 illud
765 2125 777 2159 :
825 2104 1007 2162 Inveni
1042 2108 1210 2164 David
1238 2127 1441 2164 servum
1474 2126 1645 2163 meum
1670 2109 1737 2175 ⁸⁷,
1786 2118 1841 2163 ct

258 2193 480 2248 inventa
514 2204 596 2251 est
638 2198 899 2253 drachma
934 2202 1145 2270 perdita
1178 2202 1260 2269 ἐς
1297 2218 1361 2257 ac
1408 2202 1453 2257 si
1484 2203 1702 2256 inventa
1737 2217 1843 2255 non

255 2284 473 2348 fuisset,
506 2290 778 2356 periisset.
806 2290 908 2356 Qui
955 2302 1202 2362 pereunt,
1236 2310 1347 2347 non
1398 2293 1746 2348 invenientur
1791 2294 1844 2346 in

257 2376 491 2443 saecula;
551 2390 735 2435 manet
780 2383 983 2453 quippe
1028 2385 1233 2453 judex,
1290 2400 1356 2440 ac
1401 2393 1596 2456 regnat
1631 2400 1846 2454 semper

258 2466 313 2520 itt
340 2466 527 2523 futuro
551 2486 616 2525 ac
644 2488 788 2526 novo
819 2477 1067 2550 saecula]

331 2559 418 2614 16.
459 2561 718 2619 Dominus
774 2569 1013 2637 regnabit
1056 2570 1112 2623 in
1155 2580 1429 2625 retentum.
1467 2571 1526 2625 ιιι
1569 2569 1755 2624 futuro
1791 2577 1845 2624 et

260 2665 406 2706 novo
432 2656 656 2710 saeculo.

1939 456 2035 519 Σὺ,
2072 454 2257 525 φησὶν,
2291 446 2337 506 ὦ
2389 451 2582 523 Κύριε,
2631 449 2810 503 πάντα
2866 446 3174 516 γινώσκεις,
3227 448 3321 499 καὶ
3367 446 3530 500 οὐδέν

1940 564 1999 599 σε
2028 546 2136 598 τῶν
2156 545 2547 622 πραττομένων
2575 541 2851 605 λανθάνει,
2906 539 3027 593 οὐδὲ
3074 538 3183 592 τῶν
3230 539 3287 590 ἔν
3311 536 3532 607 διανοίᾳ

1938 639 2033 691 καὶ
2060 638 2338 705 λογισμοῖς
2363 636 2642 689 ἀνιόντων.
2688 632 2847 686 Ἀλλὰ
2886 631 2978 685 καὶ
3033 631 3157 692 τοὺς
3188 628 3383 691 πόνους
3415 627 3525 681 αὒ-

1937 727 2047 780 τῶν
2099 727 2194 779 καὶ
2244 726 2371 788 τοὺς
2418 720 2627 795 θυμοὺς
2658 723 2766 776 τῶν
2811 719 3224 792 ἐπηρεαζόντων
3250 718 3342 771 καὶ
3389 717 3523 780 τοὺς

1940 818 2357 889 παροργισμοὺς
2375 817 2484 869 τῶν
2515 815 2818 887 ἀνθρώπων
2845 809 2990 877 οἶδας
3008 809 3268 881 ἀκριϐῶς.
3299 808 3523 880 Ἐπειδὴ

1940 910 2158 963 πάντων
2188 911 2314 972 τοὺς
2342 908 2635 978 λογισμοὺς
2688 908 2989 967 κατανοεῖς,
3035 904 3128 957 καὶ
3159 904 3222 956 σὺ
3253 904 3280 956 ὁ
3313 898 3527 965 ὲτάξων

1939 1003 2163 1075 καρδίας
2183 1002 2279 1054 καὶ
2306 1001 2556 1072 νεφρούς.
2612 999 2721 1052 Καὶ
2750 996 2923 1051 ταῦτα
2965 1000 3143 1049 πάντα
3177 993 3388 1073 ἐφορῶν
3414 1010 3526 1063 μα-

1942 1094 2252 1166 κροθυμεῖς,
2284 1091 2459 1155 εἰδὼς,
2489 1093 2571 1145 ὅτι
2606 1090 2711 1146 ὑπὸ
2756 1088 2852 1152 τὰς
2884 1088 2981 1151 σὰς
3029 1091 3212 1158 χεῖρας
3245 1088 3293 1138 oi
3320 1085 3527 1149 πάντες

1937 1188 2287 1257 τυγχάνουσι,
2318 1187 2413 1239 καὶ
2438 1187 2537 1238 οὐκ
2566 1184 2681 1237 ἔστι
2702 1200 2805 1236 που
2825 1181 2997 1235 οὐδενὶ
3031 1180 3185 1243 ἐκτὸς
3214 1178 3523 1249 διαδράναι.

1939 1281 2038 1333 Σοὶ
2069 1278 2597 1348 ἐγκαταλέλειπται
2630 1280 2661 1330 ό
2691 1276 2943 1343 πτωχὸς,
2978 1273 3214 1342 ὀρφανῷ
3254 1271 3334 1325 σὺ
3360 1267 3529 1340 ἦσθα

1934 1373 2183 1438 βοηθός.
2240 1372 2501 1424 Τουτέστι
2536 1369 2633 1440 τὴν
2673 1367 2824 1438 παρά
2864 1367 2959 1419 σοῦ
3004 1365 3154 1437 μένει
3202 1363 3475 1435 βοήθειαν.

2011 1467 2353 1533 Σύντριψον
2390 1464 2498 1517 τὸν
2521 1463 2823 1531 βραχίονα
2867 1459 2974 1514 τοῦ
3032 1455 3379 1528 ἁμαρτωλοί)
3419 1454 3527 1508 καί

1943 1557 2228 1625 πονηροῦ.
2295 1558 2441 1609 Ἀντὶ
2493 1555 2611 1621 τοῦ,
2659 1555 2757 1627 τὴν
2797 1551 3121 1620 δυναστείαν
3164 1550 3257 1603 τοῦ
3303 1546 3526 1619 ἐχθροῦ.

1942 1649 2349 1716 Ζητηθήσεται
2373 1650 2411 1717 ἡ
2430 1648 2683 1717 ἁμαρτία
2703 1645 2910 1708 αὐτοῦ,
2950 1644 3047 1697 καὶ
3079 1645 3152 1697 οὐ
3166 1642 3251 1712 μὴ
3286 1637 3525 1711 εὑρεθῇ.

1942 1743 2018 1794 Δι’
2043 1741 2213 1812 αὐτὴν
2247 1742 2344 1811 μὲν
2367 1741 2462 1813 τὴν
2487 1740 2780 1813 ἁμαρτίαν.
2815 1739 2887 1792 Τὸ
2912 1738 2968 1790 δὲ
2998 1737 3115 1790 ὅλον
3137 1736 3327 1799 οὕτως·
3371 1733 3528 1800 Ἐὰν,

1944 1834 2127 1905 φησιν,
2152 1831 2460 1905 ἐκζητὴσῃς
2482 1833 2577 1903 τὴν
2609 1831 2881 1903 ἁμαρτίαν
2914 1828 3008 1883 τοῦ
3049 1827 3309 1899 πονηροῦ,
3343 1827 3401 1879 οὐ
3446 1826 3528 1898 μὴ

1943 1925 2160 1998 εὑρεθῖγ
2191 1925 2488 1988 τουτέστιν,
2521 1924 2801 1978 ἀπολεῖται
2835 1925 2862 1976 ὁ
2898 1920 3132 1992 πονηρὸς
3159 1920 3225 1973 δι’
3256 1919 3447 1989 αὐτὴν.

2014 2018 2408 2091 [Εὑρίσκονται
2436 2020 2484 2071 οἱ
2513 2016 2805 2087 σωζόμενοι
2858 2014 3010 2087 παρᾶ
3039 2013 3133 2066 τοῦ
3161 2011 3318 2074 θεοῦ,
3343 2008 3418 2073 ὡς
3440 2008 3528 2079 τρο

1946 2108 2141 2179 Εὗρον
2163 2110 2343 2164 Δαυῒδ
2375 2109 2481 2164 τὸν
2510 2110 2735 2163 δοῦλόν
2748 2126 2888 2178 μου,
2916 2110 3030 2171 καὶ,
3068 2103 3276 2176 Εὐρέθη
3300 2103 3332 2173 ἡ
3360 2099 3529 2154 ἀπολο

1943 2203 2148 2275 λυμένη
2179 2204 2417 2274 δραχμή·
2456 2204 2550 2255 καὶ
2588 2203 2710 2254 ἐπεὶ
2765 2202 2840 2272 μὴ
2891 2198 3107 2270 εὑρέθη,
3157 2195 3403 2250 ἀπώλετο
3436 2191 3527 2245 ἄν.

1943 2299 2007 2350 υἱ
2034 2297 2393 2367 ἀπολλύμενοι
2422 2297 2519 2365 οὐχ
2553 2294 2897 2366 εὑρίσκονται
2920 2294 3000 2356 εἰς
3022 2291 3112 2343 τὸν
3144 2287 3333 2341 αἰῶναο
3375 2284 3532 2355 μένει

1941 2390 2049 2461 γὰρ
2072 2392 2099 2443 ὁ
2126 2388 2402 2460 δικαστὴς,
2433 2389 2524 2441 καὶ
2556 2385 2829 2457 βασιλεύει
2885 2381 3173 2445 διαπαντὸς
3203 2382 3259 2433 ὲν
3290 2378 3369 2449 τῷ
3401 2374 3534 2448 μέλ-

1942 2480 2088 2535 λοντι
2123 2482 2217 2535 καὶ
2238 2481 2342 2551 νέῳ
2375 2479 2579 2552 nidum]
2620 2520 2625 2532 .

2022 2575 2236 2642 Κύριος
2261 2575 2625 2638 βασιλεύσει
2674 2575 2761 2638 εἷς
2795 2569 2902 2624 τὸν
2927 2567 3128 2623 αἰῶνα.
3170 2565 3258 2619 Ἐν
3295 2562 3374 2635 τῷ
3400 2562 3534 2634 μέλ-

1950 2665 2093 2719 λοντι
2114 2666 2210 2719 καὶ
2233 2665 2337 2737 νέῳ
2365 2665 2540 2721 αἰῶνι.

330 2768 524 2827 Daniel
580 2775 875 2834 Barbarus.
930 2765 1056 2836 llaec
1104 2782 1236 2837 dicit
1293 2783 1357 2838 ad
1413 2783 1815 2839 ostendendum
1859 2799 2103 2854 praesens
2155 2794 2211 2838 et
2259 2783 2506 2839 futurum
2540 2798 2769 2854 regnum
2793 2781 2960 2835 illius.
3007 2778 3159 2845 Quod
3213 2776 3259 2831 si
3316 2772 3536 2828 Domini

260 2877 488 2932 regnum
521 2866 627 2921 line
655 2879 825 2935 caret,
875 2874 1019 2941 quod
1056 2873 1239 2928 nullus
1263 2875 1412 2944 regni
1448 2875 1595 2931 illius
1638 2874 1762 2930 linis
1791 2873 2009 2930 futurus
2044 2876 2148 2942 sit;
2182 2875 2317 2944 justi
2362 2876 2456 2938 qui
2487 2875 2609 2944 ejus
2664 2874 2957 2944 participes
3005 2879 3166 2935 sunt,
3215 2877 3532 2941 perpetuam

260 2959 413 3028 regni
441 2964 845 3028 possessionem
872 2964 1256 3036 adipiscentur.

333 3049 608 3117 Peribitis,
638 3066 835 3125 gentes,
870 3059 934 3112 de
978 3068 1115 3113 terra
1142 3061 1311 3114 illius.
1342 3059 1400 3115 In
1434 3073 1676 3132 tempore
1704 3063 1849 3117 enim
1879 3066 1921 3123 C

267 3144 420 3215 regni
447 3145 567 3213 ejus
601 3148 954 3217 projicientur
983 3151 1037 3205 in
1072 3152 1250 3222 ignem
1277 3164 1567 3209 :eternutn.

345 3231 571 3307 [Gentes
613 3247 773 3291 vocat
810 3239 1033 3310 iniquos
1068 3242 1320 3298 homines
1344 3286 1358 3310 ,
1396 3254 1581 3314 utpote
1610 3246 1705 3315 qui
1744 3260 1853 3301 non

263 3325 448 3380 vivant
488 3329 790 3383 secundum
847 3331 1040 3401 legem,
1073 3336 1165 3388 Sed
1198 3337 1523 3403 gentilitiam
1568 3346 1622 3391 et
1651 3338 1845 3392 barba-

265 3434 386 3474 ram
421 3420 814 3477 immanitatem
847 3436 1145 3483 sectentur.
1178 3427 1285 3484 Eos
1313 3430 1480 3485 deleri
1515 3440 1715 3501 rogat:
1754 3430 1856 3486 Pe-

270 3510 472 3578 ribitis,
508 3514 718 3584 inquit,
753 3526 807 3570 et
845 3517 1075 3571 exitium
1120 3520 1251 3589 ipsis
1278 3522 1679 3588 comminatur;
1719 3532 1856 3577 utet

268 3604 349 3658 illi
391 3607 666 3676 respirare
704 3611 960 3678 possint,
986 3620 1041 3665 et
1067 3612 1122 3666 hi
1149 3613 1215 3668 ad
1248 3615 1529 3669 meliorem
1560 3629 1617 3669 se
1648 3614 1856 3686 frugem

273 3698 569 3773 recipere.]

342 3788 430 3841 17.
477 3788 810 3846 Desiderium
836 3810 1125 3863 pauperum
1149 3795 1438 3862 exaudiui,
1468 3794 1705 3849 Domine.
1731 3794 1859 3848 Hatc

271 3894 510 3950 namque
560 3883 776 3938 illorum
824 3896 943 3940 erat
988 3888 1473 3957 concupiscentia,
1506 3888 1612 3943 hoc
1640 3886 1858 3943 deside-

272 3971 438 4037 rium,
468 3981 527 4027 ut
560 3972 761 4030 futuris
799 3977 1141 4033 donarentur
1182 3979 1362 4034 bonis.
1404 3979 1859 4050 Prwparationem

272 4063 446 4117 cordis
474 4081 654 4118 eorum
692 4068 895 4120 audivit
928 4071 1074 4124 auris
1102 4078 1213 4122 tua.
1246 4070 1325 4124 Ad
1361 4071 1466 4125 hoc
1495 4087 1731 4137 namque
1762 4086 1856 4142 pa-

273 4155 399 4222 rati,
421 4154 490 4211 ad
513 4158 696 4212 omnia
731 4160 1048 4215 sustinenda
1077 4160 1243 4216 corde
1272 4162 1511 4232 prompti
1545 4173 1694 4217 sunt.

344 4330 703 4405 [Praeparatio
757 4336 939 4391 cordis
972 4345 1056 4392 est
1093 4338 1252 4407 quasi
1302 4340 1598 4409 promissio
1636 4339 1776 4393 facta
1827 4355 1857 4394 a

2041 3057 2412 3122 Ἀπολεῖσθε,
2436 3055 2607 3122 ἔθνη,
2633 3056 2701 3109 ἐκ
2728 3054 2836 3122 τῆς
2855 3053 2967 3124 γῆς
2983 3051 3191 3106 αὐτοῦ.
3223 3050 3310 3103 Ἐν
3330 3046 3438 3118 γὰρ
3467 3047 3536 3118 τῇ

1957 3152 2206 3225 βασιλείᾳ
2235 3151 2401 3205 αὐτοῦ
2454 3150 2810 3222 βληθήσονται
2862 3149 2941 3209 εἰς
2964 3145 3024 3198 τὸ
3056 3142 3167 3215 πῦρ
3198 3143 3259 3195 τὸ
3295 3139 3536 3193 αἰώνιον.

2030 3244 2236 3316 [Ἔθνη
2287 3242 2442 3295 καλεί
2500 3242 2626 3302 τοὺς
2679 3238 2914 3299 ἀδίκους,
2960 3234 3034 3298 ὡς
3071 3233 3144 3304 μὴ
3189 3230 3327 3284 κατά
3372 3226 3541 3298 νόμον

1957 3335 2188 3401 ζῶντας,
2217 3333 2353 3388 ἀλλά
2380 3334 2475 3386 καὶ
2499 3331 2717 3402 ὲθνικὴν
2742 3329 2838 3383 καὶ
2886 3325 3227 3398 βαρϐαρικὴν
3256 3321 3537 3390 ὠμότητα.

1958 3426 2177 3481 Τούτων
2195 3427 2336 3479 αἰτεῖ
2366 3423 2629 3493 ἐκκοπὴν,
2673 3419 3033 3482 Ἆπολεῐσθε,
3052 3417 3245 3484 λέγων,
3278 3412 3372 3467 καὶ
3402 3426 3541 3463 παν-

1956 3515 2223 3589 ωλεθρίαν
2256 3514 2442 3576 αὐτοῖς
2502 3510 2760 3565 ἀπειλῶνο
2821 3508 2960 3562 ὥστε
3009 3506 3103 3559 καὶ⁵
3145 3502 3363 3565 τούτους
3403 3501 3539 3554 ἀνα-

1959 3594 2207 3671 πνεῦσαι,
2234 3604 2519 3668 κάκείνους
2548 3597 3025 3674 σωφρονισθῆναι]

2036 3783 2156 3850 Τὴν
2170 3781 2490 3851 ἐπιθυμίαν
2512 3750 2634 3833 uitr-
2675 3774 2949 3842 πενήτων
2998 3771 3389 3840 είσήκουσας,
3422 3766 3544 3821 Κύ-

1952 3892 2065 3946 ριε.
2099 3872 2248 3945 Αύτη
2279 3872 2389 3944 γὰρ
2443 3867 2512 3942 ἦν
2542 3868 2722 3923 αὐτῶν
2768 3870 2802 3938 ὴ
2846 3864 3136 3934 ἐπιθυμία,
3177 3862 3273 3915 καὶ
3314 3854 3480 3946 οὗτος,
3515 3857 3546 3910 ὁ

1961 3966 2124 4029 πόθος
2152 3965 2214 4017 τὸ
2264 3963 2372 4017 τῶν
2405 3961 2707 4033 μελλόντων
2763 3954 3059 4026 ἀξιωθῆναι
3110 3950 3350 4020 ἀγαθῶν.
3418 3945 3545 4014 Τὴν

1960 4058 2312 4129 secutae-lar
2336 4053 2449 4123 τῆς
2478 4051 2723 4119 καρδίας
2752 4047 2950 4103 αὐτῶν
2974 4042 3279 4116 προσέσχε
3330 4038 3397 4095 τὸ
3435 4033 3547 4105 οὖς

1961 4128 2097 4204 σου,
2124 4148 2216 4209 Εἰς
2248 4144 2407 4199 τοῦτο
2443 4142 2551 4214 γὰρ
2583 4138 3016 4211 ἑτοιμαζόμενοι,
3053 4134 3227 4189 πάντα
3255 4128 3545 4201 ὑπομένειν

1960 4243 2026 4312 τῇ
2066 4238 2264 4310 καρδίᾳ
2292 4234 2723 4305 εύτρεπίζονται.
3337 4312 3362 4325 _

2034 4334 2055 4405 ι
2084 4333 2405 4403 Ἐτοιμασία
2463 4328 2695 4399 καρδίας
2742 4326 2776 4396 ἡ
2807 4320 2918 4377 οἷον
2970 4320 3265 4388 ὑπόσχεσις
3295 4312 3424 4405 τῶν*
3448 4312 3549 4405 τῆς

275 4403 516 4477 motibus
541 4434 596 4478 et
639 4427 921 4485 ali'ectibus
967 4403 1137 4487 animi
1182 4432 1251 4486 ad
1297 4403 1709 4501 obsequentiam
1748 4430 1840 4485 Det

2015 4403 2142 4498 οχῆς
2190 4424 2503 4496 κινημάτων
2534 4420 2670 4492 πρὸς
2696 4413 3152 4483 συνακολούθησιν
3183 4406 3277 4461 τοῦ
3294 4403 3476 4476 Θεοῦ.]

276 4512 606 4569 reddendam
620 4517 656 4590 .]

350 4606 438 4662 18.
477 4606 733 4665 Judicare
775 4614 978 4683 pupillo
1017 4627 1066 4670 et
1111 4619 1340 4685 humili;
1386 4628 1442 4673 ut
1487 4636 1589 4672 non
1628 4625 1859 4688 apponat

278 4697 462 4764 ultra,
506 4711 611 4755 etc.
649 4702 810 4767 Cum,
856 4706 1060 4776 inquit,
1088 4725 1353 4779 pauperes
1388 4712 1702 4778 ulciscetur,
1732 4720 1861 4765 tunc

280 4805 392 4846 non
417 4803 653 4863 apponet
687 4796 827 4850 ultra
856 4799 1207 4867 magniﬁcare
1244 4817 1304 4856 se
1336 4802 1520 4857 homo.

599 4975 666 5031 In
698 4978 858 5047 ﬁnem
882 4977 1227 5036 PSALMUS
1267 4980 1460 5036 David.
1490 4981 1564 5035 Χ.

874 5070 1276 5140 Argumentum.

284 5150 440 5208 Hunc
490 5170 709 5227 quoque
765 5157 1040 5228 psalmum
1080 5159 1228 5213 canit
1277 5168 1571 5229 postquam
1608 5159 1862 5216 inimicos

353 5243 642 5301 devicerat.
676 5245 773 5300 Hic
794 5247 940 5317 piam
965 5248 1293 5304 sententiam
1338 5258 1687 5319 mentemque
1723 5266 1865 5321 prte-

358 5334 480 5390 fert.

358 5476 403 5508 ⁸⁷
447 5476 589 5532 Psal.
621 5496 885 5542 Lxxxvut,
924 5482 973 5535 1.
1046 5481 1093 5515 ⁸⁸
1133 5482 1265 5539 Luc.
1302 5499 1394 5547 xv,
1425 5482 1478 5537 9.

366 5633 443 5713 (α)
500 5637 712 5708 Anthr.,
747 5643 1148 5711 παραστατικός
1182 5641 1413 5708 melius;
1442 5638 1630 5707 supple
1663 5634 1893 5703 ψαλαόςο

2039 4609 2243 4677 Κρῖναι
2296 4603 2534 4674 ὀρφανῷ
2589 4600 2686 4655 καὶ
2740 4591 3017 4659 ταπεινῷ,
3056 4592 3156 4645 ἵνα
3197 4589 3282 4690 μὴ
3313 4585 3550 4690 προσθῇ

1967 4700 2075 4754 ἔτι.
2106 4699 2259 4761 Ὅτε,
2290 4695 2444 4766 φησὶ,
2476 4692 2573 4763 τὴν
2609 4689 2886 4756 ἐκδίκησιν
2914 4683 3021 4736 τῶν
3052 4678 3281 4750 πτωχῶν
3313 4678 3546 4747 ποιήσει,

1969 4792 2089 4845 τότε
2157 4789 2258 4841 οὐκ
2322 4785 2402 4837 ἐτι
2472 4780 2773 4854 προσθήσει
2854 4776 2951 4829 τοῦ
3022 4771 3384 4845 μεγαλαυχεῖν
3453 4766 3549 4822 ἄν-

1967 4882 1996 4935 θ
2005 4896 2205 4953 ρωπος.

2144 4971 2248 5034 Εἰς
2282 4966 2349 5020 τὸ
2388 4965 2583 5029 τέλος,
2624 4961 2932 5015 ΨΑΛΜΟΣ
2966 4956 3047 5023 τῷ
3078 4954 3277 5009 Δαυῒδ.
3309 4956 3372 5008 l'.

2612 5055 2625 5072 '
2640 5054 2950 5117 Υπόθεσις.

1969 5158 2081 5213 Καὶ
2106 5154 2291 5208 τοῦτον
2329 5150 2467 5222 μετά
2511 5146 2573 5200 τὸ
2630 5143 3011 5217 περιγενέσθαι
3063 5140 3170 5194 τῶν
3203 5135 3412 5210 ἐχθρῶν
3438 5134 3550 5237 ᾄδει

2042 5249 2132 5303 τὸν
2179 5244 2414 5317 ψαλμὸν.
2479 5246 2634 5299 Ἔστι
2688 5240 2745 5292 δὲ
2798 5237 2965 5310 φρονῆ
2977 5249 3141 5297 αατος
3188 5233 3550 5301 ἀγιοπρεποῦς

2046 5335 2449 5411 παραστατικόν
2475 5334 2551 5407 (a)
