3698 6268
273 267 345 324 95
1103 271 1159 326 S.
1203 271 1576 328 ATHANASII
1615 272 1763 329 OPP.
1796 272 1976 326 PARS
2019 269 2105 325 lli.
2151 301 2216 310 —
2257 268 2667 326 EXEGETICA.
3433 270 3520 327 96

271 399 388 438 ntus
415 424 430 449 ,
457 383 601 437 labia
646 396 829 439 nostra
861 403 892 440 a
933 387 1083 440 nobis
1106 398 1248 442 sunt.
1287 388 1418 454 Quis
1461 399 1634 444 noster
1663 388 1819 442 Domi

1998 405 2066 441 nr"
2114 387 2183 440 τὰ
2219 389 2392 458 χείλη
2461 385 2628 458 ἡμῶν
2673 388 2808 454 παρ’
2843 387 2987 456 ἡμῖν
3037 389 3184 442 ἐστι.
3217 389 3308 452 Τίς
3345 389 3522 458 ἡμῶν

269 491 368 529 nus
393 477 513 528 est?
541 476 706 542 Quasi
733 478 940 532 scilicet
970 479 1082 534 haec
1109 496 1292 534 secum
1320 491 1652 550 reputarent,
1677 481 1837 534 facul-

272 575 434 620 tatem
468 581 526 620 se
563 568 762 623 habere
793 569 1008 638 quidvis
1037 585 1135 638 pro
1175 571 1397 625 libidine
1426 582 1613 626 contra
1646 570 1835 626 Salva-

273 668 442 711 torem
474 659 797 726 proferendi.
837 660 972 714 Illud
1009 671 1188 715 autem
1226 681 1239 716 :
1273 662 1405 728 Quis
1445 673 1620 717 noster
1655 663 1836 716 Domi-

271 761 369 803 nus
396 751 513 805 est?
563 751 736 804 simile
764 761 846 805 est
877 752 950 804 illi
978 753 1123 808 dicto
1151 773 1163 806 :
1197 752 1354 806 Hunc
1377 766 1550 808 autent
1580 758 1835 810 nescimus

271 839 406 891 unde
429 839 496 891 sit
528 839 594 891 ".

343 930 396 981 6.
438 926 660 997 Propter
702 933 968 984 miseriam
1007 934 1238 1000 inopum,
1263 942 1366 989 etc.
1405 933 1592 1005 Inopes
1621 951 1674 992 et
1703 954 1837 1006 pau-

269 1032 426 1086 peres
457 1023 755 1074 secundum
785 1024 1035 1091 spiritum
1068 1025 1332 1096 intelligit.
1364 1026 1605 1093 Quorum
1637 1033 1836 1101 gemitu

267 1113 474 1178 audito,
512 1113 838 1183 Exsurgam,
875 1117 968 1168 ait.
1003 1115 1204 1168 Ponant
1242 1120 1295 1170 in
1333 1119 1581 1185 salutari,
1613 1123 1838 1190 ﬁducia-

268 1202 389 1256 liter
421 1222 574 1274 agant
616 1207 669 1258 in
720 1223 799 1258 eo.
840 1206 894 1260 Id
937 1216 1052 1270 est,
1110 1207 1296 1261 Palam
1341 1212 1592 1265 onmibus
1639 1211 1834 1268 faciam

268 1295 526 1361 salutare,
550 1299 693 1366 quod
720 1299 882 1351 etiam
909 1300 1112 1353 curabo
1139 1300 1379 1369 etulgari
1408 1302 1547 1357 ultro
1567 1305 1833 1375 citroque.

275 1383 480 1454 Ubique
512 1390 652 1441 enim
680 1398 947 1442 terrarum
980 1391 1331 1460 praedicatum
1371 1401 1472 1448 est.

341 1559 389 1614 7.
433 1560 656 1632 Eloquia
685 1562 922 1620 Domini.
962 1567 1168 1636 eloquia
1199 1580 1352 1624 casta
1377 1609 1391 1634 ,
1421 1583 1690 1641 argentum
1720 1575 1836 1642 igne

266 1651 644 1705 examinatum.
680 1651 814 1707 Vera
841 1696 856 1718 ,
903 1656 1112 1725 inquit,
1153 1669 1281 1714 sunt
1322 1660 1482 1715 verba
1519 1664 1584 1717 de
1609 1665 1831 1719 salutari

267 1743 546 1796 enuntiata
589 1754 641 1797 et
687 1748 994 1812 promissa,
1048 1753 1503 1818 quemadmodum
1551 1765 1832 1823 argentum

267 1847 410 1901 szepe
443 1835 496 1888 in
537 1838 880 1890 crucibulum
924 1839 1255 1894 immissum.
1308 1841 1442 1897 Illud
1496 1855 1675 1900 autem
1703 1887 1716 1906 .
1751 1865 1833 1901 se-

263 1925 501 1992 ptuplum
527 1966 541 1988 ,
589 1943 684 1996 pro
726 1929 926 1997 pluries
951 1932 1166 2000 posuit;
1197 1933 1244 1988 is
1279 1935 1422 1989 enim
1463 1946 1547 1992 est
1596 1954 1713 1994 mos
1741 1956 1831 1993 sa-

264 2030 373 2069 cra:
414 2017 728 2087 Scriptum.

333 2105 388 2160 8.
430 2105 526 2172 Tu,
563 2108 800 2175 Domine,
833 2113 1066 2166 servabis
1085 2130 1199 2168 nos.
1231 2117 1374 2182 Ideo,
1409 2119 1607 2189 inquit,
1648 2138 1832 2178 scrva-

269 2199 355 2254 bis
383 2215 483 2254 nos
506 2243 519 2266 ,
561 2203 687 2270 quia
727 2204 1071 2261 circumdant
1104 2224 1200 2263 nos
1231 2211 1404 2280 impii,
1445 2214 1602 2268 saluti
1633 2226 1833 2272 nostra:

265 2291 612 2347 insidiantes.
670 2292 736 2348 Hi
762 2303 943 2350 autem
981 2307 1109 2352 sunt
1153 2301 1474 2357 adversariae
1505 2314 1556 2358 et
1585 2306 1833 2373 maligna:

261 2392 578 2453 potestates.

331 2475 385 2528 9.
424 2474 723 2531 Secundum
754 2479 1090 2535 altitudinem
1120 2495 1261 2536 tuam
1297 2485 1664 2555 multiplicasti
1691 2491 1829 2558 ﬁlios

260 2565 555 2620 hominum.
606 2569 962 2623 Allitudinem
1000 2571 1131 2626 dicit
1170 2575 1418 2628 virtutem
1453 2595 1466 2629 :
1503 2578 1828 2648 multiplica-

265 2659 465 2714 tionem
507 2669 686 2714 autem
740 2663 907 2727 illam,
958 2667 1221 2734 temporis
1269 2667 1703 2725 diuturnitatem.
1761 2672 1831 2729 Ut

266 2751 380 2808 hate
434 2753 506 2808 sit
557 2755 880 2810 sententia:
926 2756 1030 2811 Per
1085 2758 1336 2815 virtutem
1397 2771 1451 2815 et
1507 2773 1827 2834 potestatem

264 2853 451 2907 tuam,
507 2846 920 2903 diuturnitatem
975 2851 1232 2919 temporis
1271 2861 1324 2906 et
1361 2853 1525 2908 vitam
1572 2865 1828 2912 aeternam

263 2935 458 2990 dedisti
507 2938 686 2993 nobis.
731 2938 864 2994 Nam
912 2951 1034 3010 post
1085 2943 1376 2997 salutarem
1429 2947 1825 3013 ascensionem,

264 3028 320 3081 in
349 3028 559 3083 inﬁnita
584 3031 783 3085 saecula
815 3033 923 3086 vita
956 3041 1139 3088 nostra
1173 3036 1504 3092 extenditur.
1554 3038 1662 3093 Aut
1706 3042 1826 3095 alti-

1937 481 2152 546 Κύριός
2183 481 2354 534 ἐστιν
2372 497 2390 543 ;
2429 482 2516 544 Ὠς
2543 481 2699 534 τοῦτο
2725 479 3142 549 διανοουμένων,
3172 479 3233 532 τὸ
3264 480 3508 546 ἐξουσίας

1937 569 2080 639 ἔχειν
2105 572 2208 623 πᾶν
2229 572 2257 623 ὅ
2289 588 2340 623 τι
2363 571 2428 623 ἂν
2451 571 2720 641 βούλοιντο
2750 573 2921 623 εἰπεῖν
2953 571 3091 623 κατὰ
3113 571 3205 623 τοῦ
3237 571 3495 641 Σωτῆρος

1937 659 2108 712 Τοῦτο
2165 661 2240 714 δέ·
2303 663 2398 728 Τίς
2450 661 2618 730 ἡμῶν
2673 663 2886 728 Κύριός
2945 662 3108 724 ἐστι;
3166 661 3346 732 ὅμοιον
3410 663 3494 734 τῷ

1943 751 2161 805 Τοῦτον
2191 751 2258 805 δὲ
2285 753 2396 806 οὐκ
2425 752 2670 821 οἴδαμεν
2702 753 2890 808 πόθεν
2911 754 3097 809 ἐστιν.

2010 927 2216 980 Ἔνεκε
2245 925 2353 994 τῆς
2385 928 2784 995 ταλαιπωρίας
2817 926 2934 980 τῶν
2961 927 3230 996 πτωχῶν.
3256 929 3513 1000 Πτωχοὺς

1936 1018 2107 1071 δὲκαὶ
2156 1018 2391 1088 πένητας
2435 1018 2561 1081 τοὺς
2605 1018 2748 1071 κατὰ
2810 1019 3024 1090 πνεῦμα
3081 1020 3248 1088 λέγει’
3295 1016 3370 1074 ὧν
3417 1023 3515 1075 καὶ

1936 1107 2027 1160 τοῦ
2061 1108 2362 1178 στεναγμοῦ
2402 1107 2660 1168 ἀκούσας,
2696 1110 3111 1180 Ἀναστήσομαι,
3138 1111 3288 1180 φησί.
3314 1112 3512 1179 Orico-

1936 1216 2037 1267 μαι
2065 1199 2133 1251 ἐν
2177 1200 2472 1266 σωτηρίῳ,
2524 1198 3006 1268 παρῤησιάσομιιι
3045 1201 3114 1254 ἐν
3134 1199 3312 1266 αὐτῷ.
3346 1202 3517 1254 Τουτ-

1939 1289 2075 1351 έστι,
2131 1289 2366 1358 Φανερὸν
2407 1291 2542 1342 πᾶσι
2594 1291 2922 1360 καταστήσω
2961 1292 3018 1345 τὸ
3054 1285 3336 1364 σωτήριον,
3362 1292 3522 1346 ὁκαὶ

1937 1372 2259 1445 ἐξάκουστον
2284 1381 2688 1452 παρασκευάσω
2719 1383 2987 1450 γενέσθαι.
3039 1384 3344 1456 Ἑκηρύχθη
3399 1384 3520 1456 γὰρ

1936 1474 2015 1535 εἰς
2042 1473 2220 1525 πᾶσαν
2245 1472 2339 1543 τὴν
2370 1472 2492 1542 γῆν.

2009 1563 2084 1617 Τὰ
2111 1565 2283 1632 λόγια
2295 1565 2514 1630 Κυρίου
2546 1566 2719 1634 λόγια
2747 1566 2918 1632 ἁγνὰ,
2935 1567 3220 1635 ἀργύριον
3239 1581 3519 1635 πεπυρω-

1932 1653 2137 1723 μένον.
2177 1654 2440 1724 ἈληΘεῖς,
2478 1657 2661 1724 φησὶν,
2693 1657 2740 1708 οἱ
2772 1655 2917 1724 λόγοι
2941 1657 2990 1708 οἱ
3031 1657 3156 1726 περὶ
3202 1656 3296 1710 τοῦ
3330 1673 3520 1727 σωτη-

1869 1722 1909 1775 B
1935 1722 2051 1814 ρίου
2086 1722 2504 1816 ἐπηγγελμένοι,
2535 1722 2722 1815 ὥσπερ
2773 1722 2866 1798 και
2896 1746 2956 1798 τὸ
3005 1722 3263 1817 ἀργύριον
3291 1745 3352 1799 τὸ
3380 1722 3520 1800 πολ·-

1933 1831 2087 1895 λάκις
2118 1833 2404 1902 χωνευθέν.
2453 1833 2525 1884 Τὸ
2584 1832 2673 1894 δὲ,
2733 1833 3184 1899 ἐπταπλασίως,
3235 1833 3354 1886 ἀντὶ
3407 1831 3518 1887 τοῦ

1934 1923 2312 1987 πολυπλασίως
2363 1923 2593 1976 τέθεικε·
2651 1922 2808 1977 τοῦτο
2849 1923 2956 1994 γὰρ
2993 1923 3219 1994 σύνηθες
3271 1927 3338 1995 τῇ
3385 1923 3518 1996 Θείᾳ

1932 2014 2144 2085 Γραφῇ.

2002 2105 2106 2171 Σὺ,
2151 2107 2346 2174 Κύριε,
2382 2106 2673 2174 φυλάξεις
2697 2106 2869 2176 ἡμᾶς.
2903 2107 3000 2160 Διὰ
3021 2106 3195 2173 τοῦτο,
3217 2108 3368 2177 φησι,
3400 2125 3517 2177 φυ-

1931 2194 2110 2258 λάξεις
2151 2197 2320 2266 ἡμᾶς,
2370 2195 2556 2266 ἐπειδὴ
2605 2195 2927 2259 κυκλοῦντες
2989 2198 3134 2266 ἡμᾶς
3185 2199 3234 2250 oi
3287 2197 3516 2263 ἀσεϐεῖς

1931 2285 2364 2350 ἐπιϐουλεύοντες
2392 2290 2456 2357 τῇ
2486 2288 2642 2357 ἡμῶν
2668 2289 2923 2359 σωτηρίᾳ.
2987 2282 3144 2342 Οὗτοι
3197 2289 3241 2342 δ’
3297 2290 3363 2344 ἂν
3393 2285 3514 2344 εἶεν

1930 2379 1987 2430 αἱ
2017 2379 2384 2449 ἁντικείμεναι
2431 2380 2522 2432 καὶ
2556 2381 2784 2449 πονηραὶ
2813 2379 3086 2450 δυνάμεις.

2001 2471 2158 2524 Κατὰ
2190 2470 2255 2523 τὸ
2295 2471 2450 2538 ὕψος
2502 2487 2616 2526 σου
2669 2473 3101 2540 ἐπολυώρησας
3151 2471 3292 2536 τοὺς
3332 2471 3515 2539 υἱοὺς

1931 2557 2049 2612 τῶν
2103 2557 2446 2626 ἀνθρώπων.
2505 2561 2674 2629 Ὕψος
2737 2561 2835 2631 μὲν
2894 2559 2989 2631 τὴν
3044 2560 3270 2630 δύναμιν
3333 2560 3509 2629 λέγει’

1933 2649 2238 2718 πολυωρίαν
2271 2650 2443 2720 δὲτὴν
2490 2651 2963 2722 πολυχρονιότητα.
3009 2647 3190 2726 ’Ὶναῇ
3253 2651 3312 2704 τὸ
3353 2651 3512 2720 λεγό-

1933 2755 2090 2808 μενον
2115 2736 2371 2792 τοιοῦτον·
2408 2739 2504 2791 Διά
2537 2740 2635 2809 τῆς
2674 2741 2773 2810 σῆς
2806 2740 3007 2810 ἰσχύος,
3049 2741 3512 2813 πολυχρονιότητα

1931 2828 2024 2879 καὶ
2069 2827 2287 2880 αἰώνιον
2317 2827 2459 2899 ζωὴν
2495 2830 2624 2898 ἡμῖν
2651 2827 2910 2892 δέδωκας.
2945 2827 3096 2881 Μετὰ
3119 2828 3226 2900 γὰρ
3274 2829 3372 2898 τὴν
3399 2845 3511 2911 σῳ-

1929 2918 2114 2988 τήριον
2155 2918 2445 2972 ἀνάστασιν
2505 2919 2583 2981 είς
2649 2918 2985 2988 ἀπεράντους
3034 2916 3234 2981 αἰῶνας
3292 2917 3359 2970 τὰ
3401 2918 3509 2987 τῆς

1931 3009 2074 3079 ζωῆς
2094 3011 2223 3081 ἡμῖν
2248 3011 2567 3065 ἐκτείνεται.
2605 3012 2672 3063 Ἦ
2708 3009 2840 3080 ὕψος
2869 3010 3033 3080 λέγει,
3058 3013 3138 3064 ὅτι
3171 3011 3384 3082 ὁμοίους
3406 3027 3508 3064 σου

265 3067 320 3081 ιιι
349 3067 559 3083 uuuuuu
584 3067 783 3085 σωνυια
820 3067 923 3086 tua
956 3067 1139 3088 ιιυθιιιι
1173 3067 1504 3092 ςλιῐῑιιυιιιιιο
1554 3067 1662 3093 nus
1706 3067 1819 3095 ξηι-

265 3119 504 3174 tudinem
556 3121 708 3185 dicit,
753 3124 880 3193 quia
929 3125 1137 3180 scilicet
1185 3127 1392 3183 similes
1441 3131 1538 3186 tibi
1576 3131 1819 3188 homines

1998 3067 2210 3171 ‘oinc'ag,
2236 3101 2310 3165 ὡς
2342 3101 2610 3172 ἀνθρώπῳ
2659 3067 2900 3155 δυνατὸν·
2997 3067 3077 3156 ὅτι
3116 3067 3314 3174 πολλῆς
3340 3067 3506 3174 (p909-

262 3208 511 3275 eﬂ‘ecisti,
561 3221 832 3281 quatenus
871 3230 1060 3270 eorum
1111 3215 1217 3272 fert
1261 3217 1536 3278 facultas:
1575 3235 1668 3279 aut
1697 3226 1825 3296 quia

264 3301 491 3356 multam
527 3317 716 3358 eorum
750 3321 935 3360 curam
971 3309 1231 3366 habuisti.

474 3394 525 3450 1.
567 3393 630 3449 In
661 3398 840 3465 ﬁnem,
879 3397 1216 3457 PSALMUS
1252 3404 1610 3460 David.XII.

841 3493 1240 3562 Argumentum.

261 3570 418 3632 Hunc
461 3579 609 3634 canit
657 3583 970 3651 psalmum,
1029 3587 1159 3642 dum
1213 3591 1588 3658 pmnitentiam
1639 3595 1823 3651 delicti

329 3680 546 3738 ageret,
609 3682 660 3726 et
711 3689 816 3727 una
871 3675 1110 3731 salutare
1151 3688 1396 3733 nostrum
1454 3685 1820 3741 annuntiaret.

331 3756 487 3814 Unde
528 3765 835 3832 exemplum
865 3770 1009 3823 nacti
1043 3786 1234 3824 sumus
1260 3813 1275 3836 ,
1319 3789 1429 3842 quo
1476 3788 1633 3844 pacto
1659 3794 1822 3847 opor-

331 3862 441 3908 teat
477 3870 596 3918 nos,
627 3874 749 3911 cum
781 3862 1146 3928 peccavimus,
1173 3864 1238 3917 ad
1280 3863 1448 3918 Deum
1478 3868 1760 3925 accedere.

337 4023 646 4095 Usquequo,
699 4028 962 4099 Domine,
1011 4034 1327 4091 Oblivisceris
1380 4056 1460 4094 me
1513 4042 1567 4095 in
1626 4044 1824 4112 ﬁnem?

260 4110 425 4174 Quasi
462 4121 584 4181 post
615 4114 932 4172 diuturnam
975 4135 1183 4176 moram
1227 4139 1321 4193 per
1354 4110 1730 4196 paenitentiam
1755 4134 1821 4187 ad

258 4199 428 4255 Deum
459 4207 774 4271 accesserit,
804 4216 1024 4278 prepter
1050 4212 1348 4268 admissum
1382 4230 1684 4286 peccatum.
1722 4222 1822 4277 Us-

257 4306 454 4362 quequo
482 4297 671 4349 avertis
704 4298 895 4366 facient
925 4310 1072 4355 tuam
1101 4321 1131 4357 a
1161 4306 1280 4358 me?
1319 4305 1472 4364 Hanc
1505 4311 1696 4369 faciem
1726 4331 1822 4370 an-

259 4382 362 4450 geli
385 4399 598 4457 semper
620 4389 821 4445 vident.

325 4559 381 4614 2.
440 4561 688 4626 Quandiu
715 4581 908 4632 ponant
944 4570 1168 4623 consilia
1209 4573 1261 4625 in
1290 4575 1471 4628 anima
1512 4581 1670 4632 mea?
1708 4581 1820 4636 An-

255 4665 387 4720 gore
411 4653 650 4716 crucior,
690 4643 886 4726 inquit,
917 4659 1042 4714 dum
1082 4662 1266 4718 animo
1295 4682 1504 4722 mecum
1534 4675 1719 4735 volvo,
1753 4691 1821 4731 ne

257 4738 394 4796 forte
420 4742 472 4796 in
501 4755 722 4812 peccato
753 4750 956 4803 meriar
981 4789 996 4814 ,
1039 4762 1093 4806 et
1136 4753 1266 4808 illud
1298 4761 1533 4816 maxime
1561 4774 1645 4817 est
1671 4766 1815 4834 quod

255 4833 442 4888 animo
481 4827 851 4896 meo'dolores
883 4853 1054 4910 parat.
1112 4845 1356 4901 Dolorem
1407 4853 1462 4906 in
1511 4857 1664 4909 corde
1707 4875 1817 4911 meo

254 4923 339 4980 die
360 4943 421 4980 ac
446 4941 611 4982 nocte.
650 4929 825 4986 Corde
859 4937 1099 5003 quotidie
1126 4941 1453 4998 meditando.

320 5107 375 5162 5.
426 5109 700 5182 Usquequo
733 5115 1054 5172 exaltabitur
1080 5122 1322 5177 inimicus
1347 5142 1488 5180 meus
1519 5143 1674 5196 super
1698 5132 1819 5184 me?

255 5198 389 5255 Nam
425 5204 471 5256 si
507 5205 812 5262 colentibus
845 5212 1007 5266 nobis
1033 5213 1224 5280 Deum,
1255 5233 1318 5272 ac
1354 5219 1605 5288 religiose
1630 5221 1816 5275 viven-

257 5292 404 5348 tibus
427 5334 442 5356 ,
499 5296 819 5366 deprimitur
850 5302 1144 5372 inimicus;
1181 5310 1524 5364 manifestum
1555 5319 1638 5366 est
1687 5328 1814 5382 pec-

257 5387 508 5442 cantibus
537 5390 692 5446 nobis
721 5395 928 5450 extolli.
985 5396 1254 5456 Exaltatio
1303 5417 1537 5472 namque
1580 5405 1812 5476 Salanm,

256 5486 338 5532 est
368 5479 646 5536 hominum
669 5484 994 5545 liumiliatio.
1023 5490 1326 5562 Siquidem,
1355 5498 1813 5566 quemadmodum

326 5634 372 5666 ’ί
399 5632 555 5692 Joan.
588 5653 664 5699 ιχ.
707 5639 795 5696 29.

1927 3191 2068 3254 τίδος
2095 3190 2351 3262 ἠξίωσας.

2065 3411 2169 3475 Εἰς
2201 3410 2265 3462 τὸ
2301 3409 2495 3477 τέλος,
2548 3411 2854 3463 ΨΑΛΜΟΣ
2877 3410 2954 3476 τῷ
2981 3410 3177 3464 Δαυΐδ.
3212 3409 3325 3464 IB’.

2543 3501 2556 3519 '
2570 3502 2878 3566 Υπόθεσις.

1926 3592 2127 3644 Τοῦτον
2151 3591 2241 3644 τὸν
2267 3591 2478 3662 ψαλμὸν
2503 3592 2617 3663 ᾄδει
2667 3594 2746 3655 είς
2799 3593 3085 3662 μετάνοιαν
3129 3592 3220 3644 τοῦ
3252 3592 3500 3663 ἀμαρτήο

2000 3699 2167 3752 ματος
2208 3681 2467 3750 γεγονὼς,
2527 3682 2640 3752 ἅμα
2697 3681 2753 3734 δὲ
2809 3681 2904 3734 καὶ
2946 3681 3007 3733 τὸ
3061 3682 3323 3752 σωτήριον
3363 3683 3500 3751 ἡμῖν

1995 3773 2492 3844 εὐαγγελιζόμενος.
2548 3773 2625 3826 Δι’
2677 3767 2736 3826 οὗ
2783 3772 3045 3842 ἐλάϐομεν
3111 3773 3499 3844 ὑπογραμμὸν,

1997 3862 2113 3926 πῶς
2147 3864 2226 3918 δεῖ
2257 3867 2400 3936 ἡμᾶς
2429 3868 2484 3918 ὲν
2524 3863 2815 3938 ἁμαρτίαις
2852 3863 3173 3935 γενομένους
3219 3864 3498 3936 προσιέναι

1996 3954 2133 4026 Θεῷ.

1996 4045 2153 4112 Ἕως
2191 4049 2351 4110 πότε,
2409 4048 2604 4114 Κύριε,
2659 4046 2922 4112 ἐπιλήσῃ
2975 4063 3093 4114 μου
3145 4049 3230 4112 εις
3287 4045 3494 4112 τέλοςς

1935 4137 2020 4201 Ὠς
2058 4140 2271 4209 μακρᾶς
2300 4137 2465 4208 οῦσης
2488 4139 2586 4208 τῆς
2609 4139 2898 4208 γινομένης
2919 4137 3067 4208 αὐτῷ
3086 4137 3171 4192 διὰ
3196 4139 3293 4208 τὴν
3317 4139 3492 4209 ἁμαρ-

1921 4230 2042 4282 τίαν
2091 4232 2148 4283 ἐν
2188 4231 2254 4300 τῇ
2311 4229 2570 4300 μετανοίᾳ
2616 4229 2749 4300 πρὸς
2812 4229 2942 4283 Θεὸν
2999 4221 3280 4303 προσόδου.
3339 4230 3490 4295 Ἕως

1922 4323 2067 4375 πότε
2096 4321 2480 4390 ἀποστρέφῃς
2537 4323 2603 4375 τὸ
2643 4325 2965 4392 πρόσωπόν
3003 4340 3118 4377 σου
3149 4323 3249 4376 ἀπ’
3307 4321 3491 4392 ἐμοῦ;

1850 4401 1894 4456 Ῑ)
1922 4412 2124 4466 Τούτου
2189 4413 2250 4466 τὸ
2321 4413 2612 4485 πρόσωπον
2673 4417 2722 4468 οἱ
2785 4415 3002 4484 ἄγγελοι
3071 4414 3326 4484 βλέπουσι
3371 4414 3488 4466 δια-

1920 4503 2136 4566 παντός.

1990 4595 2136 4660 Ἕως
2184 4595 2350 4660 τίνος
2403 4594 2660 4664 θήσομαι
2703 4597 2941 4662 βουλὰς
2992 4595 3062 4647 ἐν
3110 4594 3310 4664 ψυχῇ,
3332 4613 3451 4663 μου
3468 4613 3487 4659 ;

1930 4683 2189 4753 Ἀνιῶμαι
2232 4683 2359 4754 γὰρ,
2399 4686 2550 4753 φησὶ,
2583 4684 2964 4755 βουλευόμενος
2997 4684 3138 4738 κατὰ
3191 4685 3365 4755 ψυχὴν
3394 4686 3486 4756 μήθ

1917 4791 2034 4838 πως
2065 4773 2172 4844 ἄρα
2233 4776 2290 4826 ὲν
2339 4778 2406 4846 τῇ
2465 4777 2709 4847 ἁμαρτίᾳ
2758 4775 3155 4845 ἀποθανοῦμαι,
3206 4777 3300 4830 καὶ
3329 4776 3485 4832 τοῦτό

1916 4866 2109 4919 ἐστινὸ
2151 4867 2384 4938 μάλιστα
2416 4867 2606 4931 ὀδύνας
2643 4886 2741 4938 μου
2766 4873 2830 4940 τῇ
2874 4870 3018 4950 ψυχῇ
3056 4869 3485 4942 παρασκευάζει.

1929 4959 2178 5024 Ὀδύνας
2251 4960 2320 5012 ἐν
2363 4959 2575 5027 καρδίᾳ
2629 4978 2749 5029 μου
2809 4961 3030 5031 ἡμέρας
3083 4963 3182 5016 καὶ
3242 4963 3480 5031 νυκτός.

1916 5046 2195 5116 Μεριμνᾷν
2223 5049 2280 5099 ὲν
2305 5050 2370 5117 τῇ
2407 5047 2603 5118 καρδίᾳ
2641 5047 2760 5102 καθ’
2789 5051 3021 5122 ἡμέραν.

1987 5138 2141 5202 Ἕως
2172 5139 2316 5191 πότε
2352 5136 2732 5205 ὑψωθήσεται
2768 5143 2800 5193 ό
2835 5141 3043 5209 ἐχθρός
3071 5159 3189 5212 μου
3223 5142 3314 5196 ἐπ’
3342 5142 3481 5213 spe;

1914 5229 1976 5281 Εἰ
2006 5227 2114 5300 γάρ
2145 5227 2539 5281 θεοσεόούντων
2591 5229 2746 5299 ἡμῶν
2801 5231 3147 5285 ταπεινοῦται
3207 5234 3236 5286 ὀ
3289 5235 3481 5305 ἐχθρὸς

1915 5317 2070 5388 ἡμῶν
2116 5317 2391 5382 διάϐολος,
2421 5317 2578 5388 δῆλον
2623 5321 2706 5372 ὃτι
2767 5322 3182 5391 ἁμαρτανόντων
3231 5323 3476 5392 ὑψοῦται.

1915 5408 2087 5478 ’Ὕψος
2139 5407 2247 5481 γὰρ
2272 5409 2348 5479 τῷ
2376 5411 2587 5482 Σατανᾷ
2615 5413 2648 5482 ή
2676 5412 2784 5464 τῶν
2811 5412 3107 5485 ἀνθρώπων
3134 5415 3476 5479 ταπείνωσις·

1915 5499 2124 5571 ἐπειδὴ,
2165 5499 2414 5573 καθάπερ
2442 5503 2470 5554 ὁ
2497 5501 2628 5567 Θεὸς
2655 5503 2713 5557 ἐν
2738 5506 2802 5574 τῇ
2867 5506 3105 5577 σωτηρίᾳ
3131 5505 3390 5575 ὑψοῦσθαι
3409 5506 3478 5578 τῆ
