3698 6268
185 240 257 293 57
1366 246 1729 305 EXPOSITIO
1764 248 1830 303 IN
1870 249 2205 308 PSA-LMUM
2247 249 2382 304 XIII.
3430 256 3501 314 98

186 363 497 435 ἡμετέρᾳ,
550 364 726 430 οὕτως
776 367 804 419 6
844 366 1088 431 διάϐολος
1125 370 1181 422 ὲν
1217 371 1286 441 τῇ
1317 370 1560 442 ἀπωλείᾳ
1600 372 1774 444 ὲπαίρι

1994 388 2067 428 eus
2103 372 2308 427 dicitur
2356 372 2409 425 in
2443 370 2618 426 salute
2662 378 2849 425 nostra
2881 369 3148 437 exaltari;
3187 369 3261 425 ita
3298 379 3352 425 et
3378 371 3498 426 dia-

186 451 327 504 σθαι
364 453 636 524 λέγεται.

261 545 580 600 Φὼτισον
612 547 755 613 τοὺς
785 549 1130 618 ὀφθαλμούς
1149 569 1288 619 μου.
1335 553 1675 625 Ὀφθαλμοὺς
1698 555 1825 618 τοὺς

185 637 300 704 τῆς
378 638 640 702 διανοίας
709 640 880 710 δηλοῖ.
939 642 1214 695 Φωτίσατε
1267 643 1376 715 γὰρ
1429 646 1656 708 ἑαυτοὺς
1709 645 1825 714 φῶς

186 744 510 795 τνωσεως.

282 818 454 888 Ἐγὼ
512 819 584 872 δὲ
647 821 745 873 ἐπὶ
802 819 882 885 τῷ
930 821 1084 877 ἐλέει
1127 839 1242 878 σου
1299 823 1554 892 ἤλπισα.
1601 825 1822 896 θαρρῶ,

190 911 408 980 φησὶν,
471 911 758 981 ἁμαρτίας
786 911 980 981 ἄφεσιν
1025 914 1276 979 δέξασθαι
1313 915 1391 986 τῷ
1418 916 1558 969 ὲλέει
1588 933 1824 987 προσαν-

189 1000 354 1069 quia:
424 999 517 1071 τῷ
560 1001 662 1070 σῷ,
721 1002 789 1054 δι’
847 996 908 1055 οὗ
950 1005 1043 1057 καὶ
1071 1006 1131 1058 τὸ
1167 1007 1432 1078 σωτήριον
1456 1007 1689 1070 δέδωκας
1717 1009 1824 1060 πᾶ-

193 1107 286 1144 σιν
357 1091 719 1163 ἀνθρώποις·
781 1096 919 1166 ὅπερ
972 1099 1237 1168 σωτήριον
1298 1099 1660 1167 ἀγαλλιᾶσθαι
1717 1117 1824 1153 πα-

192 1186 570 1254 ρασκευάσει
608 1202 709 1252 μου
737 1186 834 1257 τὴν
888 1189 1134 1260 καρδίαν,
1164 1190 1260 1260 τὴν
1283 1192 1450 1245 πάλαι
1483 1192 1824 1263 ὀδυνωμέντκν

190 1278 294 1332 διὰ
328 1279 445 1348 τὴν
475 1277 780 1347 ἁμαρτίαν.

351 1370 471 1432 είς
501 1367 568 1420 τὸ
617 1365 810 1434 τέλος,
865 1374 1162 1427 ΨἉΛΜΟΣ
1190 1373 1270 1438 τῷ
1322 1374 1663 1429 Δαϐὶδ.ν1Γ’.

883 1461 895 1478 ⁸
910 1465 1213 1530 Υπόθεσις.

199 1556 544 1628 suaenam.
607 1562 664 1613 ἐν
721 1558 799 1630 τῷ
855 1557 1081 1629 παρόντι
1135 1556 1336 1628 ψαλμῷ
1383 1557 1668 1628 σαφηνίζει
1714 1557 1824 1612 τῶν

278 1648 611 1720 ἀνθρώπων
637 1653 734 1723 τὴν
757 1653 837 1714 είς
891 1651 953 1703 τὸ
989 1651 1244 1714 παντελὲς
1289 1652 1398 1704 τῶν
1451 1653 1822 1723 ἐπιτηδευμά-

1927 463 2084 517 bolus
2116 463 2169 516 in
2201 462 2440 532 pernicie
2476 471 2664 516 nostra
2695 461 2904 516 extolli.

1995 555 2048 608 4.
2093 553 2351 607 Illumina
2387 553 2563 608 oculos
2598 570 2757 608 meos.
2805 552 3006 609 Oculos
3039 556 3237 610 mentis
3273 555 3496 610 indicat.

1922 645 2234 702 llluminate
2263 648 2386 703 illos
2418 648 2625 702 lumine
2653 649 3004 717 cognitionis.

1999 740 2050 793 6.
2095 739 2209 810 Ego
2243 751 2420 793 autent
2454 743 2506 793 in
2546 741 2911 793 misericordia
2955 751 3046 793 tua
3074 741 3296 808 speravi.
3351 740 3497 796 Con-

1925 830 2054 894 lido,
2085 831 2281 898 inquit,
2311 832 2519 900 peccati
2555 847 2641 885 me
2680 832 3056 886 remissionem
3114 841 3496 901 accepturum,

1923 919 2052 973 dum
2091 929 2238 974 tuam
2279 922 2558 991 perpendo
2605 921 3056 976 misericordiam.
3115 921 3250 987 Tua,
3298 924 3495 993 inquit,

1923 1025 2019 1080 per
2060 1027 2224 1081 quam
2256 1013 2496 1067 salutare
2526 1023 2680 1067 tuum
2727 1013 2922 1070 dedisti
2974 1015 3223 1070 omnibus
3263 1015 3500 1070 homini-

1925 1102 2047 1156 bus.
2109 1101 2265 1167 Quod
2323 1104 2564 1158 salutare
2603 1105 3022 1158 exsultationem
3084 1105 3300 1174 parabit
3340 1102 3495 1160 cu.‘di

1925 1206 2066 1259 meo,
2103 1193 2232 1247 olim
2259 1194 2327 1249 de
2361 1194 2844 1265 peccato-dolenti.

2123 1372 2175 1426 L
2209 1370 2276 1424 In
2303 1372 2484 1440 ﬁnem,
2518 1371 2855 1429 PSALMUS
2887 1374 3078 1430 David.
3120 1373 3295 1429 XIII.

2507 1467 2908 1534 Argumentum.

1924 1554 2135 1612 Diserte
2166 1555 2222 1609 in
2269 1558 2524 1626 prmsenti
2567 1558 2781 1627 psalmo
2833 1558 3077 1614 declarat
3123 1559 3408 1614 hominum
3437 1558 3494 1617 iu

1991 1649 2247 1704 omnibus
2275 1650 2469 1705 studiis
2509 1662 2562 1705 et
2603 1650 2816 1705 actibus
2858 1651 2973 1706 suis
3024 1652 3358 1722 impietatem
3392 1653 3499 1708 ini-

277 1757 401 1794 των
441 1743 707 1796 ἀσέϐειαν
757 1745 851 1797 καὶ
890 1743 1256 1816 παρανομίαν,
1302 1745 1388 1796 ἵνα
1441 1746 1502 1798 τὸ
1527 1747 1774 1813 ἀναγκαῖι

1994 1737 2393 1808 quitatemque,
2443 1748 2503 1794 ut
2533 1741 2914 1795 necessitatem
2940 1741 3197 1810 praedicet
3228 1743 3498 1797 adventus

278 1836 390 1905 τῆς
422 1837 750 1906 ἐπιφανείας
780 1835 990 1908 κηρύξῃ
1021 1835 1275 1906 Χριστοῦ.

277 1923 488 1980 Εἶπεν
513 1927 724 1996 ἄφρων
753 1929 822 1982 ἐν
855 1927 1065 1997 καρδίᾳ
1096 1927 1306 1981 αὐτοῦ·
1336 1929 1457 1980 Οὐκ
1481 1928 1612 1982 ἐστι
1657 1930 1819 1994 Θεός·.

220 2017 484 2088 Ἐπειδὴ,
545 2018 622 2090 μὴ
673 2019 1040 2090 λογισάμενοι,
1095 2020 1281 2088 φησὶν,
1339 2015 1478 2074 εἶναι
1533 2020 1665 2074 Θεὸν
1699 2024 1822 2092 ἐφο-

213 2107 412 2178 ρῶντα
450 2112 524 2162 τὰ
552 2110 872 2181 ἀνθρώπινα
924 2111 1017 2164 καὶ
1074 2110 1326 2180 κρίνοντα
1377 2111 1554 2181 κρίσει
1616 2112 1820 2184 δικαία,

217 2201 414 2252 πᾶσαν
445 2200 884 2272 ἀθεμιτουργίαν
919 2202 1262 2272 εἰργάσαντο·
1294 2200 1484 2254 τούτου
1507 2201 1571 2272 δὴ
1607 2202 1766 2274 χάριν
1795 2205 1823 2256 6

218 2293 439 2364 Κύριος
476 2294 548 2346 ἐκ
593 2292 690 2346 τοῦ
722 2293 952 2365 οὐρανοῦ
1008 2292 1250 2362 διέκυψε.
1293 2292 1462 2345 Τοῦτο
1491 2293 1598 2367 γὰρ
1638 2293 1822 2364 σαφῶς

216 2383 319 2453 τὴν
351 2385 436 2445 είς
494 2382 822 2454 ἀνθρώπους
865 2383 958 2436 τοῦ
1001 2384 1204 2454 Κυρίου
1234 2383 1455 2454 πρόοδον
1476 2386 1822 2456 κατασημαί-

219 2493 322 2529 νει.
350 2479 482 2530 Οὐκ
519 2477 655 2530 ἐστι
683 2476 873 2530 ποιῶν
928 2478 1326 2546 χρηστότητα,
1353 2478 1464 2530 οὐκ
1499 2476 1671 2530 ἔστιν
1713 2477 1822 2543 ἕως

220 2567 385 2632 ἑνός.
433 2566 664 2628 Ἐλθὼν,
695 2569 884 2638 φησὶν,
941 2571 968 2622 6
1018 2568 1221 2640 Κύριος
1251 2569 1360 2622 οὐδ’
1408 2570 1504 2622 ἕνα
1534 2563 1660 2642 εὗρε
1688 2587 1822 2641 χρη-

224 2661 492 2727 στότητος
523 2658 784 2730 ἐργάτην,
810 2659 942 2712 ἀλλὰ
971 2659 1078 2731 γὰρ
1103 2659 1403 2713 ὑπεύθυνον
1433 2661 1580 2732 πάσῃ
1616 2661 1816 2733 πράξει

513 2747 706 2816 Τάφος
771 2747 1144 2816 ἀνεῳγμένος
1199 2751 1232 2802 ό
1290 2747 1524 2818 λάρυγξ
1598 2751 1817 2804 αὐτῶν.

237 2835 487 2889 Ἑαυτῶν
523 2838 635 2906 γὰρ
659 2837 737 2908 τῷ
767 2838 1008 2910 φάρυγγι
1035 2841 1082 2892 οἱ
1119 2839 1369 2911 δαίμονες
1403 2840 1592 2914 ὥσπερ
1616 2841 1820 2914 βρῶσιν

226 2922 375 2996 εἶχον
401 2927 502 2978 τὸν
538 2927 846 3000 ἄνθρωπον,
887 2929 960 3000 μὴ
1008 2923 1146 2981 εἶναι
1199 2929 1465 2993 νοοῦντες.
1516 2931 1597 2984 ὅτι
1625 2935 1653 2986 6
1690 2932 1821 2997 Θεὸς

226 3019 593 3073 ἐπιλαθέσθαι
617 3020 712 3072 τοῦ
742 3021 1058 3092 πλάσματος
1083 3020 1246 3074 αὐτοῦ
1281 3021 1340 3073 οὐ
1371 3021 1612 3078 δύναται.

1999 1827 2229 1883 Christi.

1998 1918 2149 1972 Dixit
2175 1920 2427 1989 insipiens
2460 1921 2516 1975 in
2545 1923 2700 1977 corde
2721 1940 2817 1977 suo
2837 1940 2855 1977 :
2883 1922 3005 1977 Non
3027 1931 3104 1976 est
3123 1920 3285 1977 Deus.
3320 1923 3500 1989 Quan-

1924 2009 2220 2080 doquidem
2252 2027 2361 2067 non
2390 2014 2693 2083 cogitantes
2722 2013 2892 2070 Deum
2919 2031 3074 2083 esse,
3117 2015 3211 2086 qui
3242 2017 3498 2085 respiciat

1922 2102 2106 2156 omnia
2133 2105 2372 2158 humana
2395 2146 2410 2170 ,
2453 2121 2518 2160 ac
2541 2106 2634 2174 qui
2669 2105 2820 2175 justo
2847 2106 3282 2176 judiciojudicet
3307 2146 3322 2170 ,
3374 2107 3499 2161 nul—

1922 2193 2037 2246 lum
2071 2208 2178 2247 non
2208 2197 2390 2250 scelus
2422 2205 2844 2266 perpetrarunt;
2900 2197 3106 2252 idcirco
3139 2196 3406 2251 Dominus
3431 2197 3498 2250 de

1922 2289 2063 2344 cutio
2100 2287 2398 2359 prospexit.
2448 2287 2582 2340 Illud
2619 2287 2762 2341 cnim
2803 2297 2990 2356 aperte
3026 2286 3240 2340 Domini
3283 2287 3350 2340 ad
3398 2287 3498 2340 bo-

1921 2383 2094 2437 mines
2116 2382 2406 2436 adventum
2437 2380 2660 2436 indicat.
2710 2380 2833 2434 Non
2855 2390 2933 2435 es!
2959 2383 3049 2453 qui
3085 2382 3251 2450 faciat
3277 2380 3492 2443 bonum,

1928 2492 2030 2529 non
2052 2483 2129 2530 est
2155 2490 2317 2544 usque
2345 2473 2414 2527 ad
2442 2490 2625 2527 unum.
2682 2474 2819 2528 Cum
2842 2475 2991 2528 venit
3014 2516 3028 2536 ,
3063 2476 3270 2545 inquit,
3313 2474 3499 2528 Dorul-

1922 2583 2064 2633 nus,
2110 2567 2318 2621 nullum
2370 2567 2775 2621 mansuetudini
2819 2567 3102 2631 deditum;
3156 2568 3250 2621 sed
3303 2581 3499 2621 omnes

1923 2659 2060 2714 nulli
2099 2674 2206 2713 non
2231 2673 2403 2728 pravo
2441 2658 2590 2726 operi
2621 2658 2890 2724 addictos,
2925 2659 3150 2712 invenit.
3184 2657 3497 2728 Sepulcrum

1921 2761 2106 2821 patens
2153 2761 2230 2804 est
2282 2758 2466 2820 guttur
2507 2765 2706 2802 eorum.
2772 2747 2829 2801 In
2871 2763 2973 2802 SUO
3001 2764 3236 2817 namque
3283 2758 3500 2820 ςυιῐυΐϐ

1921 2844 2195 2897 daemones
2232 2841 2507 2899 hominem
2555 2838 2714 2909 quasi
2756 2838 2939 2892 c’ihum
2984 2838 3336 2903 detinebant,
3387 2855 3496 2893 non

1923 2933 2224 3002 cogitantes
2273 2945 2379 2985 non
2430 2945 2592 3000 posse
2637 2927 2810 2982 Deum
2861 2943 3104 2997 unquam
3157 2927 3358 2997 cpiticii
3409 2928 3497 2983 sui

1923 3021 2191 3077 oblivisci.

302 3111 456 3179 οὐχί
509 3110 845 3180 γνώσονται
909 3111 1131 3179 πάντες
1188 3116 1242 3166 οἱ
1300 3112 1670 3183 ἐργαζόμενοι
1708 3114 1774 3185 τὴ

1994 3113 2047 3166 4.
2084 3110 2271 3165 Nonne
2301 3119 2606 3180 cognoscent
2638 3125 2813 3162 omnes
2856 3113 2946 3177 qui
2988 3115 3274 3176 operantur
3297 3108 3498 3177 iniqui-

227 3202 534 3271 droplar;
565 3201 704 3254 Καθ’
741 3202 1083 3273 ὑποστιγμὴν
1133 3204 1529 3272 ἀναγνωστέον,
1568 3206 1662 3259 καὶ
1686 3204 1822 3270 ἔξω·

229 3290 322 3342 θεν
346 3291 442 3343 τὸν
468 3291 677 3362 Κύριον
700 3291 1060 3362 προληπτέον·
1099 3288 1237 3366 ἴναῇ
1265 3292 1437 3356 οὕτως
1475 3293 1536 3346 τὸ
1569 3295 1826 3364 σημαινόο

232 3399 415 3450 μενον
445 3383 559 3435 Καὶ
602 3382 805 3446 πάντες
857 3381 1155 3448 ἐξέκλιναν,
1201 3385 1483 3438 καὶτοῦτο
1539 3387 1820 3457 ἐποίησαν.

230 3474 306 3525 Οὐ
335 3473 598 3544 μέλλουσι
622 3473 912 3542 γινώσκειν
933 3475 1023 3527 τὸν
1053 3475 1275 3544 Κύριον.
1294 3478 1514 3544 Κύριον
1533 3480 1605 3532 οὐ
1635 3493 1822 3547 προσ-

224 3562 609 3615 εκαλέσαντο
663 3566 717 3616 οί
763 3564 1073 3630 ἐσθίοντες
1117 3565 1223 3618 τὸν
1248 3567 1403 3619 λαόν
1425 3584 1544 3635 μου
1570 3568 1640 3621 ἐν
1665 3567 1822 3637 ,βρώ-

228 3667 328 3705 σει
378 3651 589 3719 ἄρτου.
650 3653 958 3724 Κατήσθιον
1005 3654 1112 3727 γὰρ
1170 3655 1260 3708 τὸν
1305 3655 1430 3710 λαὸν
1478 3657 1643 3710 αὐτοῦ
1697 3659 1824 3711 ἁνα-

230 3743 516 3807 πείθοντες
547 3747 873 3814 προσκυνεῖν
895 3744 992 3816 τὴν
1026 3745 1203 3798 κτίσιν
1231 3745 1381 3817 παρὰ
1411 3747 1502 3800 τὸν
1539 3748 1818 3803 κτίσαντα.

227 3835 341 3888 Καὶ
372 3828 547 3898 οὗτοι,
581 3837 764 3906 φησὶν,
799 3835 1027 3909 ἑτέροις
1073 3836 1258 3889 κακῶν
1287 3839 1574 3909 εἰσηγηταὶ
1597 3840 1823 3910 γενόμε-

227 3942 328 3988 νοι,
359 3927 452 3979 τὸν
474 3927 682 3997 Κύριον
735 3927 836 3980 οὐκ
883 3927 1316 3982 ὲπικαλέσονται.
1377 3929 1533 3984 Οὕτω
1561 3931 1670 4003 γὰρ
1689 3934 1822 3987 ἀνα-

228 4020 506 4086 γνωστέον
545 4019 808 4090 μέλλοντα
836 4021 956 4073 ἀντὶ
983 4020 1077 4074 τοῦ
1114 4021 1567 4093 παρεληλυθότος.

313 4111 478 4164 Ἐκεῖ
506 4111 575 4163 δὲ
606 4110 954 4165 ἐδειλίασαν
1009 4115 1188 4182 φόϐῳ,
1219 4112 1292 4170 οὗ
1346 4117 1456 4169 οὐκ
1489 4111 1568 4186 ἦν
1611 4119 1815 4184 φόϐος.

240 4202 302 4254 ’0
325 4203 576 4264 Μωσέως
626 4203 807 4272 νόμος,
850 4207 1000 4274 φησι,
1058 4205 1277 4258 κόλασιν
1324 4206 1516 4260 ἐποίειο
1549 4209 1577 4260 6
1631 4208 1686 4261 δὲ
1725 4210 1818 4262 τοῦ

231 4293 471 4365 Χριστοῦ
507 4293 668 4361 φόϐος
697 4296 859 4363 ἁγνός
883 4298 1049 4348 ἐστιν’
1095 4297 1170 4360 ὡς
1226 4298 1374 4360 υἱοὺς
1396 4298 1504 4369 γὰρ
1537 4299 1818 4368 φοϐεῖσθαι

233 4385 455 4456 Πατέρα
485 4387 889 4458 παρεσκεύαζε.
916 4388 1074 4440 Κατὰ
1090 4389 1178 4448 τὸν
1200 4389 1391 4459 καιρὸν
1412 4392 1640 4454 ἐκεῖνον,
1661 4392 1812 4460 φησὶ,

234 4477 355 4531 καθ’
386 4479 446 4530 ὃν
472 4479 530 4530 δὲ
553 4478 791 4550 δηλονότι
827 4481 858 4548 ἡ
890 4480 1199 4548 ἐπιφάνεια,
1238 4481 1400 4548 φόϐον
1419 4481 1816 4552 φοϐηθήσονται

232 4561 295 4622 οὗ
331 4571 434 4622 ούκ
470 4569 584 4622 ἐστι
608 4570 788 4639 φόϐος.
809 4561 923 4623 Οὐκ
943 4572 1007 4624 ὲκ
1036 4575 1268 4643 νομικῆς
1300 4573 1528 4642 ἀπειλῆς
1555 4572 1817 4643 δηλονότι,

235 4661 346 4715 ἀλλ’
381 4665 414 4732 ἡ
456 4661 740 4732 πρέπουσα
766 4662 966 4733 μᾶλλον
1009 4663 1311 4734 ἐλευθέροις
1331 4663 1606 4717 εὐλάϐεια.

304 4754 437 4806 Ὀτι
461 4753 676 4820 Κύριος
697 4754 768 4806 ἐν
790 4753 964 4822 γενεᾷ
991 4753 1254 4807 δικαίων.
1275 4753 1396 4806 Τῶν
1424 4755 1635 4808 δικαιου
1644 4755 1818 4825 μένων

235 4844 323 4898 διὰ
340 4847 439 4916 τῆς
461 4847 781 4916 ἐπιφανείας
811 4849 993 4902 αὑτοῦ.
1017 4848 1218 4916 Βουλὴ
1238 4850 1476 4917 πτωχοῦ
1497 4851 1818 4918 καταισχύ-

234 4955 417 4993 νεται.
450 4939 635 4994 Ταῦτα
657 4941 732 5003 ὡς
758 4941 892 5011 πρὸς
921 4943 1044 5004 τοὺς
1065 4942 1465 5012 ἁπομείναντας
1492 4946 1556 5013 τῇ
1590 4943 1814 5011 ἀπιστίᾳ

237 5030 324 5082 καί
353 5029 651 5095 διώξαντας
681 5033 808 5096 τοὺς
840 5034 1235 5095 πιστεύσαντας
1274 5037 1353 5096 είς
1392 5035 1648 5104 Χριστόν.

312 5213 405 5277 Τίς
432 5212 609 5266 δώσει
637 5214 707 5265 ἐκ
753 5215 904 5267 Σιὼν
950 5215 1013 5266 τὸ
1046 5213 1342 5282 σωτήριον
1390 5213 1496 5266 τοῦ
1542 5212 1815 5281 Ἰσραήλ;

236 5305 404 5358 Τοῦτο
427 5305 483 5357 δὲ
507 5304 700 5373 διπλῆν
731 5305 842 5374 ἔχει
882 5304 978 5374 τὴν
1008 5306 1366 5375 προφητείαν·
1397 5305 1458 5356 ού
1514 5304 1622 5373 γὰρ
1655 5305 1812 5374 μόνον

235 5395 486 5463 τηνικάδε
516 5393 814 5464 γενομένην
837 5397 948 5457 τοῖς
972 5394 1385 5465 πολιορκηθεῖσι
1418 5395 1812 5466 προσαγορεύει

237 5487 526 5556 σωτηρίαν,
563 5487 699 5539 ἀλλὰ
726 5488 820 5539 καὶ
844 5487 944 5556 τὴν
971 5486 1184 5550 πολλοῖς
1217 5486 1440 5556 ὕστερον
1474 5487 1685 5556 χρόνοις
1718 5485 1812 5538 τού

234 5579 481 5648 Σωτῆρος
511 5577 669 5648 ἡμῶν
716 5578 1017 5648 γενομένην
1068 5578 1274 5630 ἐκεῖθεν
1316 5578 1580 5648 σωτήριον
1613 5577 1812 5644 ἐπιφά-

235 5683 400 5722 νειαν.
467 5667 917 5733 Ἀγαλιιάσεται
987 5667 1197 5722 Ἰακώϐ.
1257 5669 1394 5731 Τοὺς
1466 5666 1653 5736 ἁγίους
1713 5683 1814 5721 πα-

1927 3205 2128 3258 tatem?
2154 3204 2292 3258 Cum
2323 3202 2766 3271 interpunctione
2799 3199 3108 3264 legendum,
3143 3210 3305 3267 atque
3343 3199 3493 3262 illud,

1925 3295 2230 3356 Hominum,
2254 3299 2406 3346 extra
2435 3290 2805 3360 accipiendum
2831 3306 2844 3352 ;
2873 3298 2932 3343 ut
2955 3289 3070 3343 haec
3085 3289 3153 3343 sit
3183 3289 3449 3343 sententia
3478 3307 3494 3344 :

1927 3383 1992 3437 Et
2011 3397 2222 3448 omnes,
2250 3382 2446 3451 inquit,
2482 3380 2912 3440 declinaverunt,
2941 3389 3106 3448 atque
3137 3378 3188 3432 id
3218 3387 3497 3447 perpetra-

1923 3486 2067 3529 runt.
2114 3474 2467 3543 Nequaquam
2525 3470 2766 3524 futurum
2823 3482 2908 3524 est
2953 3479 3012 3524 ut
3059 3469 3352 3524 Dominum
3399 3484 3496 3524 co-

1924 3572 2205 3637 gnoscant.
2253 3563 2357 3629 Qui
2392 3565 2642 3618 devorant
2694 3561 2890 3629 plebem
2939 3578 3105 3614 meam
3149 3563 3284 3614 sicut
3321 3578 3494 3615 ceram

1923 3659 2108 3730 panis,
2177 3657 2460 3710 Dominum
2509 3671 2612 3708 non
2659 3654 3049 3708 invocaverunt.
3117 3652 3493 3710 Comcdehant

1922 3753 2065 3807 enim
2108 3749 2365 3820 populum
2398 3747 2540 3816 ejus,
2589 3747 2878 3800 suadentes
2922 3745 3150 3798 adorare
3185 3754 3490 3797 creaturam

1921 3852 1975 3898 et
2006 3858 2113 3896 non
2161 3849 2487 3896 creatorem.
2543 3839 2719 3908 Atque
2751 3838 2866 3903 illi,
2914 3837 3128 3906 inquit,
3171 3836 3294 3890 aliis
3321 3835 3494 3890 malo-

1922 3948 2042 3987 rum
2082 3941 2332 3986 auctores
2359 3930 2508 3992 facti,
2547 3929 2838 3984 Dominum
2876 3943 2983 3981 non
3017 3927 3374 3982 invocabunt.
3413 3925 3490 3982 Ita

1923 4026 2156 4095 namque
2188 4025 2472 4094 legendum
2501 4021 2744 4076 futurum
2769 4036 2867 4091 pro
2901 4019 3195 4090 praeterito.

1992 4116 2046 4170 5.
2085 4113 2210 4169 Illic
2247 4114 2636 4184 trepidavcrunt
2672 4115 2877 4178 timore,
2930 4114 3019 4167 ubi
3049 4132 3152 4168 non
3168 4123 3282 4169 erat
3313 4115 3488 4170 timor.

1919 4206 2120 4278 Moysis
2142 4207 2252 4271 lex,
2281 4207 2482 4276 inquit,
2527 4221 2743 4275 pinnam
2774 4206 3042 4261 inferebat
3064 4249 3079 4272 ,
3119 4209 3280 4261 timor
3307 4219 3490 4263 autem

1922 4300 2137 4354 Domini
2171 4311 2354 4354 casms
2393 4309 2514 4353 est:
2556 4315 2681 4352 nam
2715 4313 2816 4352 nos
2860 4309 3120 4367 tanquam
3165 4301 3343 4367 ﬁlios,
3384 4299 3492 4355 Pa-

1849 4427 1890 4479 D
1921 4402 2057 4447 trem
2096 4394 2287 4447 timere
2317 4393 2521 4447 docuit.
2547 4391 2677 4445 Post
2699 4391 2830 4444 illud
2860 4401 3098 4461 tempus,
3142 4408 3250 4463 quo
3284 4393 3492 4449 scilicet

1924 4487 2190 4538 adventus
2221 4485 2325 4537 erit
2358 4483 2498 4551 ejus,
2531 4482 2602 4534 ibi
2635 4483 2904 4536 timebunt
2928 4485 3018 4538 ubi
3058 4499 3166 4539 non
3201 4495 3282 4540 est
3305 4487 3489 4540 timor.

1921 4575 2037 4630 Non
2079 4576 2277 4630 timore
2305 4575 2395 4643 qui
2420 4590 2484 4627 ex
2514 4574 2648 4643 legis
2672 4576 3100 4632 comminatione
3128 4578 3356 4644 oriatur,
3396 4580 3488 4634 sed

1920 4668 2222 4722 reverentia
2257 4681 2378 4736 quae
2412 4665 2613 4720 liberos
2648 4664 2859 4720 deceat.

1989 4759 2040 4812 6.
2079 4758 2338 4823 Quoniam
2371 4759 2622 4812 Dominus
2642 4758 2695 4810 in
2719 4759 3052 4827 generatione
3071 4759 3358 4828 justorum.
3386 4760 3489 4825 Qui

1913 4852 2286 4922 justiﬁcantur
2326 4866 2425 4920 per
2470 4851 2590 4919 ejus
2635 4852 2946 4905 adventum.
2997 4849 3292 4906 Consilium
3319 4852 3490 4918 inopis

1919 4943 2284 5010 confunditur.
2333 4940 2460 4995 Haec
2505 4941 2636 4994 dicit
2671 4941 2737 4994 ad
2773 4954 2869 4994 eos
2903 4940 2995 5008 qui
3046 4947 3396 5007 perseverant
3435 4939 3489 4992 in

1921 5034 2321 5100 incredulitate,
2356 5043 2411 5088 et
2436 5040 2840 5102 persequuntur
2873 5047 2969 5085 eos
2991 5031 3084 5099 qui
3114 5030 3170 5082 in
3205 5029 3488 5083 Christum

1917 5123 2385 5276 “gingiuam
2405 5225 2470 5264 ea:
2487 5209 2615 5264 Sion
2645 5209 2880 5262 salutare
2912 5206 3126 5261 Israel?
3167 5206 3281 5262 lloc
3311 5209 3488 5278 dupli-

1916 5319 2034 5357 cem
2066 5302 2307 5356 continet
2334 5301 2676 5370 prophetiam
2712 5318 2725 5353 :
2759 5315 2864 5352 non
2895 5299 3056 5353 modo
3085 5301 3230 5353 enim
3265 5299 3352 5354 hic
3387 5301 3488 5354 ob-

1915 5396 2083 5448 sessis
2113 5403 2323 5461 partam
2353 5393 2584 5446 salutem
2625 5391 2950 5455 annuntiat,
2999 5393 3092 5444 sed
3136 5392 3302 5445 etiam
3340 5391 3489 5444 salu-

1918 5497 2086 5540 tarem
2113 5485 2314 5538 (lin-isti
2351 5485 2684 5549 adventum,
2728 5485 2914 5538 multis
2939 5493 3059 5552 post
3087 5483 3300 5538 sacculis
3338 5482 3488 5536 futu-

1917 5590 2063 5629 rum.
2094 5573 2401 5628 Exsullabil
2425 5573 2612 5629 Iacob.
2659 5574 2893 5629 Sanctos
2915 5575 3258 5644 patriarchas
3286 5581 3339 5626 et
3361 5587 3488 5642 pro-

1918 5665 2112 5735 phetas
2142 5666 2428 5735 intelligit,
2473 5669 2568 5735 qui
2612 5682 2962 5732 summouere
2996 5667 3102 5721 laeti
3139 5673 3328 5727 erunt.
3363 5678 3488 5721 cum
