3698 6268
273 238 345 290 se
1119 237 1174 294 S.
1216 239 1591 297 ATHANASII
1625 241 1776 297 OPP.
1817 242 1998 299 PARS
2029 243 2116 300 111.
2160 276 2231 287 -
2265 247 2679 307 EXEGETICA.

3414 252 3527 309 100

272 345 556 416 praedictas
589 347 660 403 ah
701 347 836 419 ipsis
864 347 1260 419 promissiones
1285 350 1541 410 Christus
1576 356 1795 427 implere

1970 358 2200 431 ριάρχας
2221 363 2314 414 καὶ
2350 364 2633 434 προφήτας
2679 361 2847 434 φησι,
2887 364 3014 429 τοὺς
3066 364 3210 436 χαρᾷ
3234 362 3528 436 χαίροντας

270 449 359 493 rit.
397 438 490 494 Hie
527 452 707 496 autem
738 450 925 508 erant,
968 458 1091 513 quae
1123 444 1369 499 omnium
1407 449 1651 517 gentium
1688 450 1836 505 salu-

267 536 375 584 tem
409 532 873 600 praenuntiabant.

461 714 513 769 1.
557 713 625 769 In
654 716 833 784 ﬁnem,
869 715 1206 773 PSALMUS
1235 718 1431 775 David.
1472 719 1637 776 XIV.

847 809 1247 878 Argumentum.

259 893 418 951 Hunc
455 897 595 951 canit
626 899 919 967 psalmum,
944 900 1148 956 docens
1175 901 1435 971 quidnam
1475 903 1682 958 aditum
1732 906 1830 961 ho-

330 990 463 1043 miui
523 992 763 1058 praeirent
816 994 882 1046 ad
930 992 1078 1046 illam
1139 997 1538 1065 asscqueudam
1581 1008 1825 1054 sortem;

327 1094 662 1150 quapropter
690 1083 758 1136 ita
786 1084 999 1138 orditur
1028 1103 1040 1139 :

322 1169 565 1235 Domine,
595 1174 711 1240 quis
747 1172 1010 1227 habitabit
1053 1176 1107 1228 in
1148 1176 1500 1233 tabernaculo
1549 1182 1680 1236 tuo?
1714 1180 1824 1235 Ha-

1936 452 2029 504 ὲπὶ
2061 451 2139 522 τῷ
2162 453 2260 517 τὰς
2292 456 2682 526 προλεχθείσας
2711 455 2892 509 αὐτῶν
2917 457 3245 526 ἐπαγγελίας
3276 458 3525 530 ἀποπλη-

1936 543 2104 614 ρῶσαι
2128 545 2219 598 τὸν
2248 547 2500 626 Χριστόν.
2529 543 2699 602 Αῦται
2732 550 2788 602 δὲ
2809 545 2949 621 ἦσαν
2988 551 3045 602 αἱ
3087 551 3184 622 τὴν
3206 552 3314 605 τῶν
3343 553 3520 609 ἐθνῶν

1933 634 2189 691 ἁπάντων
2214 639 2489 712 σωτηρίαν
2524 643 3054 713 κατασημαίνουσαι.

2105 732 2209 796 Εἰς
2248 731 2313 783 τὸ
2341 731 2516 799 τέλος
2547 736 2856 789 ΨΑΛΜΟΣ
2876 735 2956 802 τῷ
2995 737 3195 792 Δαυΐδ.
3223 741 3332 794 14'.

2558 827 2570 843 '
2583 827 2833 879 Υπόθεσι
2840 845 2890 891 ς.

1928 908 2128 964 Τοῦτον
2177 911 2292 984 ᾄδει
2324 913 2417 969 τὸν
2444 914 2678 987 ψαλμὸν,
2708 917 2974 972 διδάσκων
3002 918 3054 972 τί
3108 918 3175 973 ἂν
3221 920 3511 992 ἄνθρωπον

1996 1005 2389 1077 παρασκευάσῃ
2415 1007 2513 1077 τῆς
2536 1009 2810 1079 μακαρίας
2835 1009 3048 1081 ἐκείνης
3070 1015 3251 1082 τυχεῖν
3276 1012 3506 1085 λήξεως

1994 1091 2076 1145 διὸ
2114 1094 2416 1165 ἀρχόμενος
2437 1115 2619 1168 φησιν’

1992 1185 2187 1250 Κύριε,
2223 1186 2315 1251 τίς
2345 1188 2699 1255 παροικήσει
2729 1192 2799 1245 ἐν
2852 1192 2932 1258 τῷ
2978 1194 3324 1263 σκηνώματι
3341 1212 3505 1261 σου;

255 1258 453 1316 bitatio
481 1272 566 1316 est
601 1267 963 1319 commoratio
999 1274 1382 1335 temperance,
1426 1286 1537 1325 non
1579 1271 1741 1326 ﬁxam
1769 1288 1795 1327 e

1967 1276 2191 1347 Ῐαροικία
2223 1280 2337 1331 ἐστὶ
2368 1280 2609 1353 διαγωγὴ
2662 1282 3015 1355 πρόσκαιρος,
3080 1258 3504 1359 οὐχ’ίδρυμένην

250 1364 657 1423 permanentem
685 1356 872 1419 vitam,
899 1357 993 1411 sed
1030 1366 1429 1425 transeuntem,
1468 1378 1533 1419 ac
1564 1380 1690 1420 cum
1724 1382 1820 1436 spe

248 1446 745 1515 transmigrationis
795 1447 862 1500 ad
920 1451 1298 1517 praestantiora
1345 1455 1694 1521 coniunctam
1746 1458 1818 1511 sic

247 1537 528 1605 gniﬁcat“.
568 1535 751 1591 Sancti
777 1539 974 1608 quippe
1006 1543 1105 1595 viri
1128 1552 1211 1597 est
1238 1544 1378 1599 hanc
1401 1546 1566 1600 vitam
1598 1557 1817 1617 praeter—

1920 1364 2088 1436 ζωὴν,
2113 1368 2250 1421 ἀλλὰ
2280 1370 2577 1442 παροδικὴν
2616 1373 2701 1424 ἐπ’
2744 1373 2918 1427 ἑλπίδι
2951 1376 3048 1445 τῆς
3091 1377 3185 1428 ἐπὶ
3208 1378 3275 1429 τὰ
3314 1378 3502 1448 κρείτ-

1918 1474 2047 1510 τονα
2077 1461 2461 1529 μεταστάσεως
2505 1465 2896 1532 ὑποφαίνουσα.
2940 1469 3118 1537 Ἀγίου
3160 1469 3269 1541 γὰρ
3304 1471 3501 1542 ἀνδρὸς

1917 1552 2235 1623 παροδεύειν
2269 1553 2361 1607 τὸν
2389 1554 2499 1625 βίον
2548 1556 2755 1621 τοῦτον,
2792 1560 3089 1628 ἐπάγεσθαι
3122 1561 3179 1615 δὲ
3213 1563 3349 1633 πρὸς
3379 1564 3500 1617 ἐτέ-

245 1630 425 1682 eundo
467 1644 662 1697 agere,
702 1618 864 1699 atque
910 1633 975 1687 ad
1020 1634 1180 1686 aliam
1236 1639 1627 1693 transmittere.
1685 1639 1795 1706 Qua

1967 1618 2018 1696 ιν
2049 1643 2213 1715 ζωήν.
2251 1645 2342 1699 Διὸ
2389 1618 2489 1699 καὶ
2520 1649 2548 1700 ὁ
2578 1618 2752 1702 Δαυῒδν
2797 1618 2925 1722 περί
2959 1654 3123 1707 αὑτοῦ
3158 1618 3498 1725 φησισνηάρ-

243 1735 408 1777 causa
436 1731 519 1775 est
554 1730 612 1774 tit
651 1720 814 1776 David
846 1723 914 1777 de
948 1740 1006 1778 se
1049 1726 1166 1795 ipso
1196 1727 1343 1782 dicat
1365 1731 1409 1762 ⁹²
1445 1748 1458 1783 :
1485 1728 1696 1785 Advena
1719 1750 1795 1800 egi

1974 1749 2078 1798 κος
2107 1733 2220 1802 ἐγώ
2243 1737 2359 1804 ειμι
2402 1738 2559 1806 παρὰ
2591 1740 2691 1793 σοὶ
2723 1742 2818 1794 καὶ
2850 1720 3276 1812 παρεπι’δηιιοξ,
3299 1720 3498 1811 meai;

241 1827 358 1865 sum
393 1812 532 1880 apud
577 1821 624 1865 te
664 1822 711 1866 et
743 1818 1078 1884 peregrinus,
1130 1817 1265 1870 sicut
1290 1834 1463 1873 omnes
1485 1831 1661 1889 patres
1689 1825 1788 1876 mei

1967 1823 2138 1891 ἄντες
2170 1829 2225 1879 οἱ
2252 1831 2502 1897 πατέρες
2523 1849 2662 1901 μου.
2691 1835 2805 1899 Τίς,
2839 1839 3023 1906 φησὶν,
3054 1837 3201 1904 ἄξιος
3249 1839 3402 1893 ἔσται
3432 1843 3495 1894 ὲν

242 1901 402 1972 Quis,
432 1906 529 1967 ait,
565 1904 765 1974 dignus
790 1909 894 1960 erit
922 1907 976 1960 in
1007 1908 1324 1965 caelestibus
1355 1910 1466 1966 illis
1494 1912 1788 1967 tabernaeu

1967 1914 2153 1979 ιείναις
2207 1921 2327 1982 ταῖς
2366 1922 2644 1992 οὐρανίαις
2683 1926 2933 1993 γενέσθαι
2990 1933 3247 1998 σκηναίς;
3299 1933 3370 1985 Ἦ
3397 1933 3495 1999 τίς

238 1997 308 2051 lis
356 1997 694 2051 consistere?
756 1997 861 2051 Aut
918 2000 1036 2068 quis
1092 2000 1498 2055 tabernaculum
1536 2015 1689 2071 ponet
1756 2005 1795 2057 ir

1967 2009 2371 2076 ιτασκηνώσει
2403 2012 2473 2065 ἐν
2506 2013 2625 2081 ὄρει
2665 2017 2811 2087 ἁγίῳ
2837 2034 2987 2083 σου;
3035 2020 3222 2093 ἐπειδὴ
3267 2022 3333 2076 ἂν
3379 1997 3490 2097 γάρ

238 2099 413 2143 monte
440 2099 622 2143 sancto
649 2092 781 2144 tuo?
809 2090 1103 2160 Postquam
1123 2093 1269 2147 enim
1294 2095 1572 2164 quispiam
1603 2107 1809 2151 aeterno

237 2182 332 2236 illo
361 2184 714 2237 tabernaculo
759 2182 1018 2252 dignatus
1060 2183 1259 2250 fuerit,
1300 2186 1634 2242 beatitudine
1665 2187 1811 2242 frue-

236 2282 325 2329 tur
348 2277 399 2328 in
426 2276 623 2330 saecula
653 2274 883 2329 infinita.

306 2363 419 2418 2-5.
471 2362 574 2428 Qui
619 2365 811 2417 incedit
860 2365 974 2418 sine
1016 2366 1247 2432 macula,
1274 2376 1377 2423 etc.
1414 2367 1582 2423 Docet
1605 2369 1807 2440 quibus

236 2464 329 2510 mo
350 2455 413 2511 iis
439 2458 652 2510 beatum
673 2457 986 2525 hujusmodi
1009 2459 1172 2512 linem
1200 2461 1547 2515 consecuturi
1578 2477 1802 2518 sumus:

233 2548 415 2617 primo
453 2549 670 2617 quidem
713 2550 759 2602 si
812 2550 1164 2604 immaculata
1196 2553 1280 2605 via
1322 2552 1642 2609 incedamus
1682 2571 1805 2625 quae

229 2646 314 2694 est
345 2643 458 2709 ipse
481 2638 766 2707 Christus;
824 2641 1038 2703 deinde,
1092 2642 1138 2696 si
1181 2657 1470 2712 operemur
1504 2644 1799 2715 iustitiam;

228 2732 423 2799 tertio,
460 2733 504 2786 si
552 2746 649 2788 cor
687 2741 935 2788 nostrum
979 2734 1222 2790 veritatis
1266 2736 1604 2792 domicilium
1646 2755 1803 2810 pare-

1910 2114 1996 2161 τις
2040 2098 2247 2172 ἀξιωθῇ
2275 2102 2376 2172 τῆς
2408 2108 2686 2176 μακαρίας
2715 2110 2930 2181 ἐκείνης
2964 2113 3190 2182 σκηνῆς,
3234 2116 3316 2178 εἰς
3345 2115 3487 2169 άπε-

1913 2189 2139 2259 ράντους
2172 2192 2371 2258 αἰῶνας
2399 2195 2509 2261 ἔξει
2537 2199 2634 2270 τὴν
2663 2204 3060 2275 μακαριότητα.

1974 2368 2379 2438 Πορευόμενος
2411 2372 2667 2442 ἄμωμος,
2704 2379 2796 2430 καὶ
2832 2380 2899 2433 τὰ
2936 2381 3081 2454 ἑξῆς.
3121 2384 3367 2438 Διδάσκει
3412 2385 3484 2440 δι’

1908 2448 1983 2508 ὧν
2011 2457 2311 2530 τευξόμεθα
2364 2463 2457 2516 τοῦ
2521 2469 2787 2541 μακαρίου
2829 2473 3038 2526 ἐκείνου
3072 2475 3323 2547 πέρατος·
3388 2480 3484 2535 καὶ

1909 2548 2122 2620 πρῶτον
2155 2550 2254 2619 μὲν
2305 2555 2354 2605 εὶ
2412 2555 2510 2624 τὴν
2543 2556 2773 2629 ἄμωμον
2826 2562 3127 2635 ὁδεύσωμεν
3180 2566 3316 2631 ὁδὸν,
3359 2569 3483 2639 ἥτις

1906 2637 2051 2690 ἐστὶν
2079 2640 2107 2691 ὁ
2137 2640 2389 2710 Χριστός
2423 2644 2610 2699 ἔπειτα
2643 2651 2690 2701 εί
2727 2651 3088 2723 ἐργασώμεθά
3112 2637 3478 2729 δικαιοσύνηνο

1903 2729 2104 2799 τρίτον,
2136 2733 2184 2785 εἰ
2213 2733 2470 2804 ἀληθείας
2524 2734 2673 2793 οἷκον
2720 2745 2818 2814 τὴν
2864 2747 3090 2818 καρδίαν
3138 2753 3477 2823 ποιήσωμεν·

1903 2820 2178 2892 τέταρτον,
2236 2827 2285 2878 εί
2343 2827 2521 2881 δολίαν
2554 2830 2803 2899 γλῶσσαν
2847 2837 2921 2906 μὴ
2949 2820 3297 2910 κτησώμεθα·
3332 2820 3477 2915 πέμ-

1902 2929 2035 2964 πτον
2070 2912 2131 2965 τὺ
2165 2913 2239 2985 μὴ
2263 2917 2428 2970 κακὸν
2457 2918 2534 2989 τῷ
2566 2921 2791 2993 πλησίον
2830 2927 3175 2996 ἐργάζεσθαι·
3208 2931 3364 2985 ἕκτον
3409 2912 3479 2987 τὸ

228 2836 387 2888 mus;
420 2833 639 2892 quarto,
665 2824 713 2879 si
739 2824 927 2880 dolosa
953 2826 1204 2881 instructi
1239 2827 1421 2898 lingua
1448 2844 1555 2883 non
1590 2831 1797 2899 simus;

226 2914 440 2983 quinto,
474 2915 519 2969 si
563 2916 766 2970 malum
806 2918 1056 2986 proximo
1088 2934 1195 2972 non
1237 2918 1571 2986 inferamus;
1621 2912 1797 2988 sexto,

226 3004 275 3058 si
312 3006 607 3075 opprobrio
667 3009 974 3076 proximum
1021 3010 1253 3079 superbe
1299 3026 1408 3065 non
1460 3013 1794 3082 alliciamus;

1967 3018 1979 3071 ι
2008 3001 2260 3056 ὀνειδίσαι
2286 3004 2376 3058 τὸν
2412 3007 2637 3079 πλησίον
2658 3013 3220 3089 ὑπερηφανευόμενονο
3252 3021 3479 3092 ἕϐδομον

226 3096 490 3165 septimo,
541 3097 587 3153 si
620 3114 910 3168 personam
943 3116 1050 3154 non
1080 3101 1457 3171 accipiamus;
1498 3115 1712 3169 octavo,
1754 3109 1795 3163 si

1967 3112 1980 3164 ῃ
2016 3096 2302 3166 πρόσωπον
2345 3098 2660 3172 θαυμάζειν’
2695 3106 2878 3175 ὄγδοον
2923 3110 2984 3164 τὸ
3017 3112 3090 3183 μὴ
3125 3114 3479 3184 παραϐαίνειν

220 3189 520 3259 jurameuti
560 3190 722 3246 tidem
768 3209 872 3246 non
910 3194 1212 3260 violemus;
1252 3212 1432 3265 nono,
1483 3201 1529 3255 si
1572 3216 1679 3255 non
1717 3201 1795 3257 fe-

1970 3202 2064 3239 κου
2104 3188 2306 3243 πίστιν·
2329 3190 2545 3247 ἔννατον
2597 3196 2656 3250 τὸ
2697 3199 2771 3271 μὴ
2800 3202 3119 3267 ὲκτοκίζειν·
3169 3206 3417 3274 δέκατον,
3447 3208 3478 3261 ὃ

225 3296 517 3350 ueremur;
566 3285 801 3347 decimo,
841 3287 986 3356 quod
1027 3290 1308 3345 estonmis
1336 3295 1794 3362 complementum

1967 3279 1995 3331 :‘t
2023 3279 2172 3345 τέλος
2201 3284 2317 3337 ἐστὶ
2340 3287 2538 3350 παντὸς
2595 3289 2823 3357 ἀγαθοῦ,
2882 3294 3281 3367 ἀδωροδόκητον
3311 3294 3475 3355 εἶναι.

222 3369 377 3435 boui,
408 3372 454 3428 si
483 3377 805 3430 muneribus
831 3378 1001 3446 pervii
1031 3393 1138 3433 non
1168 3381 1362 3436 simus.
1393 3381 1497 3448 Qui
1538 3385 1795 3442 horumce

1967 3369 2116 3425 ιὺτων
2148 3376 2176 3426 ὁ
2204 3375 2461 3446 ἐκμαθὼν
2507 3379 2606 3450 τὴν
2660 3384 2995 3454 κατόρθωσιν
3038 3389 3331 3445 ἀσάλευτον
3362 3390 3475 3456 ἕξει

222 3465 535 3535 aquitatem
589 3483 654 3523 ac
714 3472 969 3525 meritum
1017 3472 1331 3536 edidicerit,
1385 3474 1599 3531 ﬁrmam
1636 3487 1795 3548 atque

1967 3479 2006 3514 iV
2039 3464 2259 3533 ἀγαθῶν
2286 3470 2385 3539 τὴν
2411 3469 2575 3527 δόσιν.

224 3556 510 3613 immotam
548 3559 815 3615 bonorum
849 3564 1197 3618 donationem
1226 3567 1594 3623 nanciscetur.

502 3651 553 3705 1.
588 3650 753 3706 Tituli
778 3654 1077 3725 inscriptio,
1110 3656 1323 3712 Davidi.
1359 3658 1486 3714 XV.

809 3748 1212 3819 Argumentum.

219 3828 393 3895 Quam
437 3848 583 3888 nunc
623 3843 927 3892 tractamus
973 3840 1290 3908 prophetia,
1333 3842 1578 3912 gentium
1632 3860 1796 3902 voca-

288 3924 493 3978 tionem
524 3928 904 3996 complectitur
924 3969 938 3992 ,
970 3945 1068 3984 nec
1092 3946 1199 3984 non
1231 3932 1795 4007 variasinobsequeu-

289 4013 377 4067 tite
413 4018 791 4072 accusationes
808 4017 1071 4074 adversus
1113 4020 1406 4089 lsraelem;
1442 4024 1681 4095 itemque
1712 4029 1794 4097 ip-

286 4121 409 4161 sum
460 4110 877 4164 resurrectionis
908 4110 1207 4168 Sriratoris
1241 4116 1488 4170 omnium
1537 4131 1788 4174 nostrum

284 4196 413 4254 Jesu
443 4200 645 4256 Christi
667 4204 985 4273 mysterium
1020 4222 1033 4258 :
1081 4205 1224 4265 unde
1247 4208 1486 4263 arbitror
1514 4212 1789 4267 canticum

282 4290 429 4346 istud
456 4303 705 4347 vocatum
734 4295 1155 4368 στηλογραφίαν,
1172 4301 1285 4354 sive
1310 4302 1449 4355 tituli
1470 4315 1564 4357 aut
1585 4305 1793 4359 columa

282 4397 367 4437 na:
420 4385 828 4455 inscriptionem
879 4387 1078 4456 fuisse,
1125 4391 1244 4460 ipso
1285 4391 1487 4448 Davide
1524 4396 1785 4465 pr0pbeta

284 4472 416 4526 illud
448 4490 547 4529 ceu
601 4478 654 4530 in
700 4479 954 4533 columna
995 4482 1368 4550 inscribente,
1418 4486 1485 4539 ad
1535 4496 1785 4555 posteros

286 4567 787 4623 transmittendum.
858 4569 991 4640 Ejus
1050 4589 1217 4643 porro
1276 4577 1441 4632 verba
1501 4580 1659 4647 quasi
1716 4597 1785 4634 ex

280 4653 482 4709 Christi
517 4672 747 4725 persona
781 4672 1077 4718 canuntur.
1109 4664 1354 4736 Namque
1391 4684 1451 4723 ut
1477 4670 1553 4723 ita
1580 4672 1787 4727 sentia-

281 4762 404 4800 mus
434 4757 623 4802 auctor
654 4751 813 4806 uohis
839 4750 1036 4808 Petrus
1062 4766 1146 4810 est
1174 4758 1243 4813 9³.

281 4835 542 4891 Conserva
576 4855 689 4905 me,
741 4840 990 4907 Domine,
1032 4849 1284 4914 quoniam
1345 4853 1552 4920 speravi
1600 4854 1653 4906 in
1712 4865 1781 4910 te.

206 4924 373 4992 Quasi
397 4942 677 4998 assumpta
710 4931 935 4987 humani
966 4938 1184 5005 generis
1204 4955 1462 5009 persona,
1497 4944 1584 4999 his
1612 4944 1779 5000 Deum

206 5020 262 5065 et
284 5010 497 5067 Patrem
522 5017 840 5086 alloquitur.
878 5019 988 5077 Nec
1012 5034 1224 5080 tantum
1256 5045 1355 5098 pro
1378 5047 1459 5097 se,
1493 5035 1586 5088 sed
1612 5035 1777 5088 etiam

206 5112 423 5171 propter
463 5122 562 5161 nos
607 5116 663 5161 et
694 5125 792 5179 pro
836 5112 1015 5177 nobis,
1073 5127 1259 5185 utpote
1290 5136 1384 5189 per
1412 5125 1776 5178 (economiam

202 5204 257 5246 et
288 5194 719 5253 incarnationem
748 5217 891 5255 unus
917 5218 983 5258 ex
1019 5208 1177 5262 nobis
1203 5210 1464 5270 effectus.
1483 5214 1776 5270 Dominum

201 5282 386 5352 itaque
419 5283 632 5341 Patrem
671 5300 852 5357 vocat,
897 5295 1044 5363 quod
1098 5298 1151 5352 in
1201 5299 1376 5356 forma
1411 5306 1551 5358 servi
1586 5305 1772 5361 fuerit.

198 5374 524 5432 Conservari
575 5388 758 5436 autem
809 5401 867 5440 se
921 5392 1158 5456 postulat
1204 5403 1430 5463 propter
1469 5394 1771 5454 Ecclesium

197 5480 319 5536 qua:
344 5482 471 5523 caro
518 5469 693 5539 ipsius
731 5487 835 5530 est.
883 5477 1026 5535 Caro
1054 5498 1293 5554 namque
1335 5487 1456 5555 ejus
1483 5498 1567 5543 est
1597 5488 1777 5546 Eccle-

268 5643 315 5675 ⁹¹
348 5641 492 5701 Psal.
525 5650 751 5723 xxxviii,
784 5655 868 5709 l5.
942 5660 989 5691 ³³
1021 5660 1137 5715 Act.
1175 5678 1233 5729 ιι,
1264 5662 1353 5718 25.

2211 3672 2628 3741 Στηλοποαφία
2662 3674 2742 3740 τῷ
2775 3677 2973 3731 Δαυΐδ.
3006 3679 3116 3735 IE'.

2504 3765 2517 3782 '
2528 3767 2832 3831 Υπύθεσις.

1907 3845 1969 3898 Ἦ
2027 3848 2084 3900 ὲν
2143 3852 2300 3922 χερσὶ
2336 3857 2641 3926 προφητεία
2697 3860 2940 3930 περιέχει
2996 3863 3095 3933 τὴν
3140 3864 3247 3919 τῶν
3299 3865 3471 3918 ἐθνῶν

1962 3942 2175 4014 κλῆσιν,
2236 3949 2329 4000 καὶ
2377 3950 2444 4002 τὰ
2490 3953 2583 4005 ἐπὶ
2630 3957 2752 4018 ταῖς
2780 3958 3082 4024 άπειθείαις
3113 3960 3207 4013 τοῦ
3256 3960 3470 4033 Ἰσραὴλ

1963 4037 2302 4109 ἐγκλήματα,
2329 4044 2422 4095 καὶ
2450 4043 2556 4114 μὴν
2587 4047 2681 4099 καὶ
2722 4050 2853 4103 αὐτὸ
2877 4051 2938 4104 τὸ
2989 4053 3090 4123 τῆς
3118 4056 3469 4121 ἀναστάσεως

1960 4127 2055 4181 τοῦ
2092 4130 2307 4184 πάντων
2354 4133 2513 4203 ἡμῶν
2565 4137 2818 4210 Σωτῆρος
2876 4141 3045 4212 Ἰησοῦ
3095 4146 3330 4216 Χριστοῦ
3365 4165 3471 4217 μυ-

1962 4221 2202 4291 στήριοψ
2228 4221 2348 4275 ὅθεν
2372 4225 2524 4295 οἶμαι
2558 4229 2650 4281 καὶ
2697 4232 3094 4305 στηλογραςρίαν
3151 4238 3468 4309 ὠνομάσθαι

1957 4310 2056 4380 τὴν
2086 4310 2246 4381 ᾠδὴν,
2303 4314 2591 4381 ἀναθέντος
2641 4320 2811 4393 αὐτὴν
2858 4324 2953 4377 τοῦ
2999 4329 3274 4397 προφήτου
3303 4328 3468 4383 Δαυῖδ

1962 4401 2152 4474 ὥσπερ
2183 4406 2239 4457 ὲν
2267 4408 2435 4482 στήλῃ
2463 4415 2576 4476 τοῖς
2620 4417 2736 4483 μετ’
2763 4418 2943 4471 αὐτόν.
2980 4420 3229 4491 ’ᾼδονται
3249 4423 3305 4475 δὲ
3329 4425 3378 4476 οί
3405 4425 3465 4476 ὲν

1957 4494 2106 4565 αὐτῷ
2135 4496 2280 4566 λόγοι
2307 4500 2381 4564 ὡς
2404 4503 2468 4556 ὲκ
2513 4506 2805 4576 προσώπου
2837 4511 2931 4563 τοῦ
2963 4511 3222 4583 Χριστοῦ.
3279 4516 3467 4581 Οὕτως

1958 4586 2066 4656 γὰρ
2088 4589 2234 4659 ἡμᾶς
2259 4594 2287 4644 ὁ
2310 4593 2514 4664 Πέτρος
2555 4596 2757 4663 ἐδίδαξε
2810 4607 3043 4672 φρονεῖν.

1956 4853 2238 4929 Φύλαξόν
2277 4875 2374 4926 με,
2414 4861 2612 4928 Κύριε,
2662 4864 2750 4918 ὅτι
2801 4867 2901 4921 ἐπὶ
2948 4871 3047 4924 σοὶ
3097 4872 3350 4941 ἤλπισα.
3386 4875 3461 4933 Τὸ

1885 4945 2060 4999 κοινὸν
2083 4946 2270 5020 ῶσπερ
2319 4953 2608 5022 πρόσωπον
2648 4962 2745 5031 τῆς
2797 4962 3211 5036 ἁνθρωπότητος
3260 4968 3461 5024 ἀναλα-

1885 5034 1995 5089 ϐὼν
2021 5041 2147 5102 τοὺς
2183 5042 2317 5113 πρὸς
2364 5045 2494 5099 Θεὸν
2542 5051 2634 5102 καὶ
2684 5054 2901 5126 Πατέρα
2953 5034 3184 5113 ποιεῖται
3244 5061 3455 5130 λόγουςο

1882 5128 2151 5226 οῦχ“ὑπέρ
2188 5150 2251 5226 γε
2311 5137 2507 5205 μᾶλλον
2536 5141 2750 5211 ἑαυτοῦ,
2791 5146 2857 5199 δι’
2887 5149 3035 5218 ἡμᾶς
3080 5151 3139 5205 δὲ
3191 5155 3283 5206 καὶ
3316 5128 3458 5226 ῦπὲρ

1880 5218 2038 5288 ἡμῶν
2060 5221 2134 5284 ὡς
2168 5217 2247 5286 εἷς
2274 5226 2332 5290 ἐξ
2364 5229 2517 5298 ήμῶν
2553 5232 2640 5286 διὰ
2662 5236 2760 5307 τὴν
2780 5217 3108 5310 οἰκονομίαν.
3138 5232 3344 5315 Κύριον
3362 5217 3458 5301 οὖν

1879 5308 2131 5380 ὀνομάζει
2164 5316 2254 5367 τὸν
2289 5319 2504 5393 Πατέρα
2536 5324 2623 5378 διὰ
2677 5327 2739 5379 τὸ
2765 5330 2823 5382 ἐν
2850 5333 2913 5401 τῇ
2969 5334 3061 5385 τοῦ
3096 5334 3278 5389 δούλου
3304 5340 3456 5406 γενέ-

1881 5400 2004 5455 σθαι
2071 5411 2274 5479 μορφῇ.
2309 5412 2647 5485 Φυλαχθῆναι
2695 5418 2751 5471 δὲ
2812 5400 2974 5475 αὐτὸν
3029 5429 3170 5481 αἰτεῖ
3224 5400 3454 5505 διὰττὴν

1891 5494 2291 5574 Ἐκκλησίαν,ῆ
2339 5507 2486 5560 ἐστιν
2533 5512 2567 5580 ή
2598 5509 2733 5584 σάρξ
2793 5516 2977 5572 αὑτοῦ.
3032 5520 3094 5572 Ἠ
3150 5521 3284 5593 σὰρξ
3343 5494 3453 5596 γάρ
