3698 6268
171 256 261 311 tm
1363 255 1725 311 EXPObITlO
1763 256 1829 310 IN
1866 256 2196 313 PSALMUM
2231 257 2346 314 XV.
3369 266 3471 322 Ιοἳ

169 374 340 430 αὖε-οὗ
413 378 451 447 ή
502 377 837 446 Ἐκκλησία·
892 375 1225 447 φυλαχθῆναι
1282 375 1338 429 δὲ
1384 377 1590 446 ταύτην
1642 378 1720 430 ah

1969 393 2022 440 ι,
2069 393 2233 447 quam
2283 376 2598 433 conservari
2644 377 2904 446 postulat.
2950 377 3083 445 Quae
3132 384 3476 437 conservatio

169 468 434 532 Εἰκότως
473 464 581 523 οὖν
631 471 729 523 καὶ
778 470 859 533 εἰς
889 470 950 522 τὸ
983 467 1144 523 αὑτοῦ
1177 468 1467 540 πρόσωπον
1491 468 1720 540 ἀναφέρι

1969 483 2030 522 eo
2059 467 2181 538 jure
2206 483 2271 523 ac
2303 468 2496 523 merito
2531 467 2597 523 ad
2626 468 2749 537 ejus
2779 483 3068 538 personam
3103 469 3408 525 referatur.

168 561 231 612 ἂν
254 562 306 630 ,ἡ
345 561 624 633 φυλακή.

234 649 419 706 Εἴπω
453 653 549 719 τῷ
583 654 809 722 Κυρίῳ,
830 653 976 718 Θεός
997 670 1116 721 μου
1134 648 1190 706 εἰ
1207 653 1309 707 σύ.
1342 651 1509 706 Πάλιν
1529 651 1622 704 καὶ
1650 650 1806 704 τοῦτο

170 746 538 814 προτρέπων
567 745 650 813 (1)
683 747 751 815 τῇ
774 743 868 796 τοῦ
902 743 1087 798 δούλου
1145 746 1347 816 μορφῇο
1408 742 1558 814 δηλοί
1599 743 1653 795 δὲ
1688 743 1806 813 ἅμα

170 840 267 893 καὶ
294 840 415 908 τὴν
448 839 520 890 ὲν
567 838 757 891 πίστει
796 837 880 890 δι’
919 835 1205 908 ὁμολογίας
1257 834 1622 906 δικαιοσύνην.
1684 836 1803 888 Ὅτι

171 930 296 983 τῶν
325 929 604 999 ἀγαθῶν
645 947 765 1000 μου
806 932 877 983 οὐ
923 930 1128 997 χρείαν
1154 928 1334 997 ἔχεις.
1383 927 1615 996 Ἀγαθάς
1641 944 1803 998 φησιν

175 1026 229 1074 ὲν
276 1022 527 1084 τούτοις
556 1023 664 1085 τὰς
687 1021 831 1075 κατὰ
878 1022 1038 1091 νόμον
1094 1021 1540 1093 προσφερομένας
1591 1021 1799 1085 θυσίας’

172 1114 234 1166 τὸ
265 1115 396 1185 γὰρ
429 1115 545 1184 ’τῆς
580 1114 825 1176 πίστεως
864 1113 1022 1183 ῥῆμα
1068 1113 1245 1165 έκεῖνο
1293 1114 1527 1184 ἀναιρεῖ·
1562 1112 1657 1179 Μὴ
1692 1111 1803 1181 φά-

174 1222 363 1273 τεμίιι
393 1205 544 1276 γὰρ,
580 1206 769 1274 φησιν,
796 1204 940 1271 κρέα
986 1204 1238 1271 ταύρων,
1276 1205 1374 1257 καὶ
1400 1200 1545 1273 αἷμα
1572 1203 1803 1273 τράγων

175 1298 404 1364 πίομαι
426 1313 451 1359 ;
1696 1307 1702 1313 ’

257 1390 410 1455 Τοῖς
435 1390 645 1457 ἁγίοις
668 1388 795 1455 τοῖς
831 1389 903 1442 ἐν
927 1387 1000 1458 τῇ
1016 1387 1093 1459 γῇ
1131 1389 1316 1443 αὐτοῦ
1336 1388 1802 1458 ἐθαυμάστωσεν

179 1486 213 1534 ὁ
250 1482 500 1548 Κύριος
522 1479 725 1533 πάντα
777 1479 850 1533 τὰ
901 1479 1200 1549 θελήματα
1246 1480 1432 1534 αὐτοῦ
1481 1482 1550 1533 ἐν
1573 1483 1720 1535 αὐτο

1969 1482 2192 1536 luntates
2227 1484 2341 1553 ejus
2372 1485 2425 1538 in
2454 1486 2549 1539 eis.
2596 1485 2828 1542 Sa‘nctos
2868 1488 2943 1542 ait
2971 1503 3067 1542 eos
3098 1488 3188 1557 qui
3234 1488 3474 1543 sanctiﬁ-

189 1574 429 1639 ’Δγὶηυς
456 1570 607 1625 εἷναί
648 1589 782 1642 φησι
829 1574 956 1635 τοὺς
1002 1572 1368 1643 ήγιασμένους
1408 1574 1465 1626 ὲν
1500 1573 1720 1644 Πνεύμα

1969 1575 2007 1628 ῑί
2036 1584 2161 1629 sunt
2184 1576 2237 1630 in
2267 1575 2508 1646 Spiritu:
2546 1577 2747 1635 Christi
2784 1590 2986 1635 tetram
3009 1620 3023 1644 ,
3060 1580 3359 1636 Ecelesiam
3390 1582 3473 1637 di-

182 1661 447 1733 Χριστοῦ
473 1662 532 1714 δὲ
563 1663 667 1732 γῆν
690 1662 785 1733 τὴν
801 1661 1144 1733 Ἐκκλησίανο
1173 1662 1232 1715 τὸ
1254 1662 1309 1716 δὲ
1332 1662 1720 1731 ἐθαυμάστωσ

1969 1706 1972 1716 .
2001 1686 2013 1721 :
2046 1668 2198 1733 illud,
2249 1668 2554 1737 miri/{cavit
2575 1709 2589 1731 ,
2624 1684 2723 1739 pro
2751 1669 2960 1738 docuit,
2993 1670 3178 1741 jacet:
3210 1672 3339 1725 illud
3376 1687 3475 1727 au-

1976 643 2030 698 2.
2090 643 2218 698 Dixi
2265 644 2512 710 Domino,
2557 643 2701 700 Deus
2743 663 2887 700 meus
2921 663 2974 701 es
3002 657 3077 701 tu.
3114 647 3351 703 Rursum
3388 649 3471 703 hic

1910 734 2211 789 secundum
2255 735 2397 789 servi
2432 735 2665 790 formam
2688 737 2940 792 obsecrat
2971 756 2984 791 :
3014 739 3340 807 exhibetquc
3368 754 3472 792 una

1901 824 2171 894 justitiam
2202 841 2326 895 qua:
2374 827 2425 880 in
2459 827 2564 881 tide
2598 843 2694 897 per
2724 822 3128 882 confessionem
3163 839 3472 898 prmstatur.

1908 915 2165 981 Quoniam
2186 915 2438 970 bonorum
2451 934 2682 971 meorum
2696 934 2795 972 non
2813 935 2946 989 eges.
2964 917 3123 974 Hisce
3139 922 3315 976 verbis
3330 922 3472 976 bona

1905 1005 1980 1058 ait
2002 1019 2123 1060 esse
2164 1005 2430 1059 sacriﬁcia
2456 1007 2611 1076 juxta
2655 1007 2824 1077 legem
2851 1008 3031 1063 oblata
3063 1026 3220 1078 :quze
3248 1012 3472 1066 verbum

1904 1094 2029 1148 ﬁdei
2067 1095 2331 1150 eliminat.
2381 1094 2637 1168 Nunquid
2683 1098 3010 1153 manducabo
3060 1102 3218 1167 enim,
3272 1102 3472 1172 inquit,

1903 1201 2091 1239 carnes
2116 1195 2391 1240 taurorum
2411 1227 2426 1253 ,
2469 1198 2518 1241 et
2551 1192 2861 1260 sanguinem
2887 1191 3151 1245 hircorum
3175 1194 3365 1262 putabo
3391 1194 3475 1247 “?

1972 1390 2024 1445 '5.
2059 1389 2269 1446 Sanctis
2301 1392 2391 1461 qui
2413 1402 2536 1447 sunt
2576 1395 2629 1447 iu
2656 1405 2798 1448 terra
2823 1394 2936 1464 ejus
2965 1396 3267 1465 miriﬁcuvit
3296 1414 3471 1451 omnes

186 1754 311 1806 irrit
349 1753 485 1816 τοῦ,
516 1753 793 1819 ἐδίδαξεν·
825 1754 886 1807 τὸ
918 1754 995 1817 δὲ,
1059 1755 1264 1818 αὐτοῦ,
1314 1754 1409 1808 τοῦ
1464 1756 1694 1827 Πατρός·
1732 1756 1797 1810 ἵν’

184 1843 219 1919 ᾗ
254 1848 321 1900 τὸ
352 1847 489 1901 ὅλον
523 1846 719 1909 οὕτως’
750 1845 875 1910 Τοῖς
898 1848 1248 1918 ἡγιασμένοις
1270 1848 1327 1901 ὲν
1354 1847 1529 1901 πίστει
1562 1849 1800 1917 γνωστὸν

187 1940 433 2009 imissa
464 1939 530 1990 τδ
557 1938 768 2009 θέλημα
798 1938 893 1991 τοῦ
929 1938 1157 2011 Πατρός
1186 1939 1266 1993 διὸ
1292 1940 1385 1994 καὶ
1422 1939 1663 1994 καλεῖται
1702 1941 1800 2012 τῆς

189 2032 456 2124 μεγάλης
490 2030 694 2124 βιζδλῆς
715 2028 963 2099 ἄγγελος.

260 2123 283 2196 [
310 2125 454 2189 Τοῖς
472 2123 725 2193 ἀγαθοῖς
748 2124 819 2177 ἐν
850 2123 925 2191 τῇ
971 2123 1049 2192 τῇ
1075 2123 1539 2193 ἑθαυμάστωσεν
1567 2128 1601 2180 ὁ
1633 2125 1796 2192 Θεός.

190 2214 320 2277 T02;
345 2213 719 2285 ἡγιασμένοις
748 2216 806 2267 ὲν
834 2214 1014 2267 πίστει
1053 2214 1289 2283 γνωστὸν
1337 2215 1558 2285 ἐποίησε
1597 2216 1656 2269 τὸ
1714 2214 1801 2271 θέ-

192 2306 350 2376 λημα
412 2305 513 2358 τοῦ
567 2306 801 2377 Πατρὸς,
859 2306 929 2358 ἐν
970 2305 1195 2373 αὐτοῖς,
1224 2309 1337 2370 τοῖς
1367 2308 1424 2360 ὲν
1479 2310 1543 2380 τῇ
1578 2310 1648 2379 γῇ
1703 2307 1798 2361 τοῦ

193 2398 358 2462 Θεοῦ,
390 2399 518 2469 ἤτοι
544 2402 611 2469 τῇ
656 2398 971 2469 Ἐκκλησία·
994 2400 1027 2471 ἦ
1049 2416 1210 2452 τινων
1232 2399 1340 2452 τῶν
1362 2402 1419 2453 ὲν
1447 2403 1512 2472 τῇ
1541 2401 1672 2472 ἁγίᾳ
1702 2402 1795 2472 γῇ,

195 2493 230 2563 ἢ
260 2496 367 2550 ὅτι.
399 2495 461 2545 ὲν
491 2492 714 2564 οὐρανῷ
748 2494 796 2545 οἱ
829 2492 972 2562 ἆγιοι
1024 2493 1087 2546 τὸ
1125 2493 1427 2561 πολίτευμα
1454 2492 1689 2564 ἔχοντες,
1738 2493 1799 2547 ἐν

197 2586 263 2653 τῇ
288 2586 367 2653 γῇ
396 2582 571 2636 αὐτοῦ
609 2581 963 2653 διατρίϐουσι,
993 2582 1094 2636 κᾶν
1122 2585 1178 2637 ὲν
1222 2582 1395 2657 ταύτῃ
1444 2577 1577 2636 ὦσιν
1621 2583 1699 2636 ἔτι
1729 2585 1794 2655 τῇ

196 2678 290 2746 τῇ.
352 2674 684 2743 Gallinam:
726 2673 782 2726 δὲ
818 2672 953 2726 Θεοῦ
993 2676 1047 2726 αἱ
1110 2675 1231 2727 κατ’
1265 2671 1403 2737 εἶδος
1469 2674 1683 2746 ἀρεταὶ,
1731 2674 1797 2738 ἃς

198 2765 523 2835 θαυμαστοῖ
549 2766 579 2817 ὁ
636 2763 767 2829 Θεὸς
825 2764 883 2816 ἐν
912 2766 1023 2826 τοῖς
1072 2763 1249 2832 ἁγίοις
1297 2762 1485 2826 αὑτοῦ,
1543 2764 1703 2818 πλέον
1744 2781 1797 2818 τι

200 2859 409 2912 τούτων
458 2857 697 2928 ἑχόντων
754 2856 864 2909 τῶν
918 2855 1091 2910 ἄλλων
1121 2854 1424 2928 ἀνθρώπων
1463 2856 1521 2909 ἐν
1563 2855 1642 2926 τῷ
1675 2856 1796 2909 κατ’

196 2952 407 3022 ἀρετὴν
444 2951 715 3021 ἐνεργεῖν.
748 2951 823 3003 Οὐ
856 2949 960 3020 γὰρ
1017 2951 1049 3019 ή
1081 2948 1217 3019 αὐτὴ
1244 2947 1464 3017 ἀνδρεία
1484 2947 1796 3003 ἀποστόλων

1905 1768 2034 1823 tem,
2064 1761 2202 1829 ejus,
2245 1761 2298 1814 id
2336 1770 2420 1816 est
2452 1760 2665 1827 Patris;
2698 1772 2888 1817 uttota
2921 1765 3189 1819 sententia
3217 1765 3297 1838 sic
3325 1765 3473 1821 intel-

1904 1852 2137 1919 ligatur:
2169 1852 2537 1908 Sanctiﬁcatis
2564 1844 2628 1908 in.
2649 1854 2752 1909 ﬁde
2786 1865 2970 1910 notam
3015 1855 3144 1911 fecit
3173 1855 3350 1911 Patris
3380 1872 3474 1912 vo-

1901 1944 2167 2000 luntatem
2197 1964 2211 1999 :
2248 1961 2417 2016 quare
2445 1959 2670 2002 vocatur
2703 1949 2886 2019 magni
2913 1949 3467 2019 consiliiAngelus".

1972 2120 2210 2194 [Sanctis
2234 2122 2289 2175 in
2315 2129 2453 2175 terra
2486 2122 2791 2191 miriﬁcavit
2819 2121 2978 2177 Deus.
3015 2121 3380 2179 Sanctiﬁcatis
3412 2124 3468 2178 in

1899 2214 2003 2268 tide
2037 2224 2218 2268 nolam
2258 2213 2387 2269 fecit
2414 2215 2749 2269 voluntatem
2788 2214 2967 2270 Patris
2994 2257 3007 2280 ,
3049 2217 3102 2268 in
3134 2216 3209 2269 eis
3242 2216 3468 2281 scilicet,

1901 2309 1993 2378 qui
2025 2308 2078 2362 in
2116 2317 2255 2363 terra
2289 2307 2402 2373 Dei,
2430 2307 2543 2362 sive
2569 2308 2621 2361 iu
2643 2306 2885 2362 Ecclesia
2908 2316 3093 2371 erant;
3137 2316 3252 2371 aut,
3277 2307 3471 2377 aliqui-

1899 2401 2001 2456 bus
2035 2400 2088 2454 iu
2128 2409 2269 2454 terra
2304 2407 2489 2455 sancta
2522 2398 2897 2464 versantibus;
2932 2408 3028 2452 aut
3054 2399 3183 2467 quia
3215 2400 3388 2453 sancti
3414 2400 3467 2453 in

1900 2492 2039 2547 ccelo
2066 2491 2539 2546 conversationem
2579 2489 2842 2543 hahentes
2862 2488 2930 2553 ",
2966 2489 3020 2543 in
3055 2499 3197 2543 terra
3229 2487 3348 2557 ejus
3377 2487 3471 2542 de-

1899 2594 2033 2655 gunt
2054 2627 2068 2650 ,
2101 2584 2203 2639 etsi
2235 2584 2415 2639 adhuc
2443 2584 2497 2636 in
2542 2582 2644 2636 hac
2672 2591 2815 2636 terra
2847 2589 3154 2635 versentur.
3221 2579 3473 2634 Volunta-

1900 2683 1975 2727 tes
2018 2684 2199 2728 autem
2231 2672 2327 2728 Dei
2373 2684 2502 2728 sunt
2545 2673 2778 2727 virtutes
2829 2672 3207 2741 cujuscunque
3247 2671 3470 2741 speciei,

1897 2782 2033 2838 quas
2064 2765 2489 2831 miriﬁcatﬁeus
2518 2766 2573 2819 in
2602 2766 2806 2821 sanctis
2828 2765 2969 2825 suis,
3001 2765 3116 2834 qui,
3157 2764 3279 2833 plus
3306 2775 3470 2832 quam

1897 2858 1992 2912 alii
2027 2858 2313 2921 homines,
2366 2858 2419 2911 in
2462 2857 2762 2912 exercenda
2809 2857 3009 2910 virtute
3061 2855 3333 2911 farultatis
3376 2856 3473 2909 ha-

1895 2949 2043 3005 bent.
2095 2947 2213 3004 Non
2246 2950 2394 3005 enim
2432 2950 2618 3004 eadem
2662 2948 2926 3003 fortitudo
2980 2947 3355 3017 apostolorum
3413 2954 3468 3001 et

200 3043 295 3094 καὶ
324 3040 633 3113 μαρτύρων
658 3043 725 3111 τῇ
766 3039 875 3092 τῶν
925 3038 1098 3102 ἄλλως
1148 3038 1569 3111 ἀνδριζομένων,
1598 3039 1716 3093 οὐδὲ

1969 3051 2196 3113 trtyrum
2224 3050 2338 3108 est,
2378 3057 2442 3096 ac
2479 3041 2569 3095 illa
2599 3056 2705 3111 qua
2753 3040 2845 3096 alii
2891 3039 2999 3094 alio
3046 3039 3210 3093 modo
3243 3038 3472 3092 viriliter

203 3133 536 3205 σωφροσύνη
580 3134 777 3203 Ἰωσὴφ
809 3133 948 3186 κατὰ
993 3131 1091 3195 τὰς
1125 3132 1346 3202 ἐτέρων.
1393 3131 1577 3196 Οὕτως
1605 3133 1661 3185 δέ
1706 3150 1791 3197 τις

200 3225 626 3296 θαυμαστωθεὶς
680 3224 992 3278 αἰσθάνεται
1031 3224 1128 3294 τῆς
1179 3223 1313 3286 ἰδίας
1373 3224 1673 3288 ἀσθενείας,
1715 3225 1792 3288 ὡς

201 3319 338 3370 πολῦ
357 3318 462 3388 τῆς
492 3316 646 3380 θείας
674 3315 853 3386 ἰσχύος
885 3317 977 3369 καὶ
1017 3315 1110 3368 τοῦ
1154 3315 1418 3393 μεγέθους
1446 3300 1792 3386 ’ἀπολειπόμε-

204 3429 309 3473 νος.
346 3412 521 3465 Ὅταν
555 3411 666 3481 γὰρ
713 3407 1087 3480 πληθυνθῶσιν
1142 3410 1197 3461 αἱ
1245 3408 1518 3464 ἀσθένειαι
1564 3409 1671 3462 τῶν
1716 3410 1793 3463 δικ

200 3505 395 3569 καίων,
420 3501 719 3574 ταχύνουσι
752 3500 886 3572 πρὸς
912 3500 1000 3554 τὸν
1026 3499 1157 3552 Θεὸν
1183 3499 1613 3572 μετανοοῦντες]

281 3682 804 3751 Ἔπληθύνθησαν
833 3683 893 3734 al
925 3680 1227 3735 ἀσθένειαι
1257 3680 1479 3735 αὐτῶνθ
1512 3680 1601 3733 ὅτε
1636 3679 1791 3732 εἰδω-

197 3774 519 3846 λολάτρουν.
558 3775 721 3826 Μετὰ
746 3771 931 3825 ταῦτα
978 3771 1303 3842 ἐτάχυναν.
1351 3772 1470 3826 Κᾶν
1504 3771 1785 3842 ἠσθένουν,

199 3868 356 3938 φησι,
423 3864 488 3917 τὸ
544 3862 811 3936 πρότερον
858 3863 915 3916 ἐν
947 3862 1244 3934 ἁμαρτίαις
1294 3863 1465 3928 ὄντες,
1522 3861 1636 3915 ἀλλ’
1696 3859 1789 3919 οὖν

198 3958 541 4020 ἀκούσαντες
594 3956 690 4009 τοῦ
755 3954 1146 4026 κηρύγματος,
1198 3955 1388 4018 ὠκέως
1444 3955 1783 4026 ὑπήκουσαν.

200 4056 368 4109 τοῦτο
390 4056 505 4125 γάρ
542 4054 660 4106 ἐστι
686 4051 765 4105 τό·
795 4049 1123 4121 Ἐτάχυναν
1145 4051 1299 4120 μετὰ
1317 4050 1521 4115 ταῦτα,
1545 4050 1787 4122 δηλονότι

199 4151 276 4211 είς
302 4150 366 4200 τὸ
402 4144 718 4199 ὑπακοῦσαι
764 4143 841 4215 τῷ
886 4145 1219 4215 κηρύγματι.
1276 4145 1357 4197 Οὐ
1402 4140 1489 4212 μὴ
1546 4142 1788 4210 συνάγω

198 4244 302 4307 τὰς
330 4239 700 4308 συναγωγὰς
726 4236 925 4292 αὐτῶν
946 4237 1016 4301 ἐξ
1035 4235 1312 4306 αἱμάτων.
1328 4235 1601 4303 Συνάγων,
1631 4237 1784 4306 φησὶ,

198 4331 526 4401 συναγωγὰς
579 4332 644 4383 ὲκ
713 4328 821 4381 τῶν
868 4326 1057 4392 ὲθνῶν,
1112 4327 1171 4380 οὐ
1229 4326 1294 4380 δι’
1326 4325 1572 4403 αἱμάτων
1616 4326 1785 4390 αὑτὰς

1893 3143 2079 3203 agunt,
2114 3148 2289 3203 neque
2324 3132 2662 3188 continentia
2692 3130 2949 3201 Josephi,
2992 3130 3226 3185 aliorum
3269 3130 3469 3186 similis

1891 3234 1996 3282 est.
2032 3227 2209 3293 Atque
2255 3226 2328 3279 ita
2367 3225 2639 3296 quispiam
2676 3222 3002 3279 mii'iﬁeat‘us
3034 3224 3310 3293 propriam
3346 3239 3471 3278 sen-

1893 3318 1957 3373 tit
2004 3317 2413 3381 iuiirmitatem,
2464 3327 2523 3371 ut
2552 3317 2751 3372 divinae
2777 3317 2968 3372 virtuti
3006 3325 3061 3371 et
3105 3318 3467 3388 magnitudini

1890 3410 2189 3480 plurimum
2221 3408 2469 3464 inferior.
2502 3406 2640 3463 Cum
2672 3409 2818 3463 enim
2860 3410 3238 3479 multiplicatae
3265 3410 3469 3468 fuerint

1891 3499 2235 3555 inﬁrmitates
2260 3501 2560 3569 justorum,
2588 3501 2856 3555 accedunt
2883 3500 2960 3556 illi
2991 3501 3058 3554 ad
3085 3499 3258 3557 Deum
3285 3504 3464 3574 paeni-

1892 3593 2056 3647 tentia
2082 3590 2261 3663 moti.]

1957 3684 2007 3737 4.
2039 3682 2413 3753 Multiplicatae
2433 3691 2558 3737 sunt
2579 3683 2919 3753 inﬁrmitates
2944 3703 3147 3752 eorum,
3168 3705 3291 3743 cum
3320 3689 3463 3747 idola

1860 3812 1863 3815 -
1890 3776 2145 3832 colerent.
2183 3775 2379 3831 Postea
2408 3776 2852 3831 acceleraverunt.
2894 3776 3189 3847 Quamvis,
3220 3783 3327 3845 ait,
3359 3798 3461 3836 an-

1889 3876 1969 3922 tea
2002 3867 2410 3921 inﬁrmarentur
2431 3905 2447 3929 ,
2506 3881 2630 3920 cum
2682 3866 2739 3919 in
2789 3862 3047 3937 pece’atis'
3075 3871 3330 3942 degerent
3357 3914 3371 3938 ,
3406 3883 3464 3927 at

1893 3958 2073 4013 audita
2106 3957 2520 4028 praedicatione,
2552 3958 2958 4026 quamprimum
2995 3959 3457 4030 obtemperarunt.

1886 4047 2025 4102 Nam
2058 4048 2108 4103 id
2134 4049 2234 4102 sibi
2262 4049 2374 4102 vult
2400 4046 2529 4100 illud
2564 4065 2576 4100 :
2611 4045 2806 4100 Postea
2825 4047 3242 4103 acceleraverunt
3262 4092 3276 4115 ,
3313 4052 3462 4105 vide-

1887 4141 2014 4195 licet
2043 4140 2259 4210 quando
2294 4137 2664 4208 praadicationi
2695 4146 2823 4192 sunt
2852 4140 3123 4193 obsecuti.
3173 4138 3297 4193 Non
3333 4158 3462 4195 con-

1886 4232 2109 4303 gregabo
2134 4230 2486 4285 conventicula
2510 4246 2688 4283 eorum
2708 4232 2770 4282 de
2796 4230 3164 4300 sanguinibus.
3191 4229 3291 4284 Ubi
3328 4248 3460 4286 con-

1889 4322 2145 4391 gregabo,
2187 4320 2393 4390 inquit,
2444 4318 2760 4389 Syuagogas
2792 4336 2855 4372 ex
2890 4320 3174 4389 gentibus,
3219 4335 3325 4372 uou
3364 4336 3459 4389 per

200 4425 430 4489 συνάξω,
462 4422 744 4475 τουτέστιν
770 4420 830 4473 οὐ
862 4418 1267 4490 παρασκευάσω
1297 4419 1385 4473 διὰ
1424 4420 1523 4490 τῆς
1550 4424 1720 4489 νομικέ

1970 4414 2206 4481 igninem
2248 4427 2342 4465 eas
2375 4409 2750 4479 congregabo,
2800 4409 2851 4461 id
2885 4418 2988 4473 est,
3021 4423 3127 4462 non
3160 4408 3366 4464 curabo
3403 4419 3460 4465 ut

202 4534 287 4585 μοι
314 4513 725 4588 προσέρχεσθαι
776 4512 1053 4583 λατρείας,
1099 4511 1168 4565 δι’
1199 4512 1466 4574 αἰνέσεως
1498 4511 1554 4563 δὲ
1585 4511 1783 4581 μᾶλλον

198 4609 290 4659 καὶ
320 4609 421 4677 τῆς
453 4604 796 4674 ἀναιμάκτου
822 4603 1029 4668 θυσίας.
1088 4601 1240 4657 Οὐδὲ
1261 4602 1348 4670 μὴ
1389 4601 1640 4671 μνησθῶ
1666 4601 1785 4655 τῶν

199 4697 510 4767 ὀνομάτων
552 4695 752 4751 αὐτῶν
810 4695 908 4749 διὰ
958 4694 1207 4765 χειλέων
1263 4713 1399 4763 μου.
1427 4694 1622 4749 Οὐκέτι
1653 4694 1784 4766 κλη-

198 4790 477 4863 θίῖσονται,
499 4792 688 4859 φησὶν.
705 4788 1085 4859 εἰδωλολάτραι
1118 4788 1211 4840 καὶ
1235 4786 1403 4853 ἄθεοι,
1427 4787 1563 4840 ἀλλὰ
1593 4786 1781 4857 κλητοὶ

199 4886 288 4937 καὶ
316 4881 589 4937 ἐκλεκτοί.
622 4880 797 4934 Πάλαι
826 4879 942 4949 μὲν,
992 4878 1177 4950 φησιν,
1230 4878 1460 4945 ἐπαξίας
1496 4877 1606 4955 τῶν
1634 4877 1779 4949 πρά-

201 4979 327 5043 ξεων
356 4980 632 5049 ἐπήγοντο
671 4975 1060 5048 προσηγορίας,
1089 4972 1488 5045 εἰδωλολάτραι,
1522 4972 1773 5026 πολύθεοι

199 5070 607 5142 ὀνομαζόμενοι·
639 5066 735 5120 νῦν
761 5067 818 5120 δὲ
839 5066 1019 5120 οὐκέτι
1046 5064 1427 5138 μνησθήσομαι
1453 5063 1561 5117 τῶν
1581 5063 1780 5134 ὀνομά-

199 5163 573 5223 τωνὲκείνων,
605 5159 848 5223 εὐσεϐεῖς
896 5160 1093 5221 αὐτοὺς
1151 5159 1243 5211 καὶ
1305 5156 1491 5225 ἁγίους
1544 5156 1776 5220 κλητοὺς

199 5257 286 5309 καὶ
312 5255 607 5316 ἐκλεκτοὺς
632 5251 932 5323 ὀνομάζων.

235 5369 281 5401 ’⁸
306 5367 629 5428 Psal.x1.lx,
658 5366 743 5420 15.
822 5362 1083 5426 "lsa.lx,
1112 5361 1166 5416 6.
1217 5362 1265 5393 ⁹⁶
1299 5359 1533 5429 Philipp.
1567 5375 1626 5413 ιιι
1647 5357 1770 5425 ,20.

265 5486 340 5553 (ι)
377 5484 439 5537 1η
476 5482 667 5536 codice
694 5475 1285 5553 Ambrosianolegitur
1307 5473 1414 5553 sui.
1447 5471 1605 5553 τοῦτο
1631 5470 1774 5553 ,πρέ-

1884 4516 1978 4570 per
2009 4500 2232 4570 legalem
2269 4498 2473 4552 cultum
2512 4512 2596 4549 me
2630 4496 2860 4558 adeant,
2918 4512 3104 4551 verum
3142 4498 3325 4567 potius
3364 4515 3459 4569 per

1886 4591 2070 4650 laudes
2101 4598 2156 4644 et
2200 4604 2296 4659 per
2329 4589 2672 4641 incruentum
2706 4588 3059 4643 sacritlcium.
3114 4589 3228 4644 Nec
3261 4608 3459 4647 memor

1881 4700 1969 4736 ero
1999 4683 2269 4735 nominum
2298 4696 2475 4733 eorum
2496 4695 2589 4749 per
2610 4680 2753 4734 labia
2784 4698 2918 4734 mea.
2956 4680 3073 4737 Non
3100 4683 3239 4737 ultra
3270 4684 3456 4756 appel-

1882 4776 2161 4841 labuntur,
2195 4775 2402 4844 inquit,
2439 4774 2735 4829 idololatrte
2765 4784 2819 4829 et
2856 4776 3000 4829 athei
3022 4815 3036 4839 ,
3072 4776 3165 4831 sed
3199 4778 3376 4832 vocati
3401 4788 3455 4833 et

1881 4868 2057 4923 electi.
2086 4865 2251 4930 Olim,
2283 4867 2609 4938 condignam
2640 4869 2807 4937 gestis
2837 4867 2954 4922 suis
2981 4867 3451 4923 nomenclaturam

1880 4962 2023 5016 nacti
2050 4969 2197 5026 sunt,
2225 4960 2522 5015 idololatrze
2554 4970 2607 5014 et
2630 4959 2892 5031 polythei,
2930 4959 2982 5014 id
3003 4968 3106 5026 est,
3134 4960 3337 5014 multos
3361 4975 3454 5015 co-

1878 5052 2053 5107 lentes
2081 5054 2235 5116 deos,
2262 5051 2581 5120 nuncupati.
2644 5048 2765 5105 Jam
2790 5066 2921 5105 vero
2951 5066 3061 5104 non
3091 5050 3322 5106 ulterius
3356 5067 3456 5105 no—

1878 5146 2087 5217 miuugn
2118 5159 2309 5198 eorum
2343 5143 2704 5209 recordabor,
2750 5142 2842 5197 sed
2870 5142 3013 5211 pios,
3063 5152 3305 5207 sanctos,
3355 5159 3453 5198 vo-

1877 5245 2052 5300 catos,
2087 5235 2289 5289 electos
2319 5232 2681 5303 compellabo.

1877 5471 2071 5525 tendus
2097 5488 2109 5522 :
2141 5468 2396 5539 Rursum,
2427 5470 2523 5523 hoc
2552 5470 2687 5525 serui
2726 5469 2953 5539 formam
2984 5474 3127 5522 decet
3154 5509 3187 5539 ,ν
3208 5467 3446 5522 exhibet-

199 5538 337 5617 πωνί
354 5565 414 5610 et
446 5556 565 5609 haec
589 5559 674 5607 est
700 5566 827 5605 vera
859 5549 1020 5603 lectio
1052 5538 1183 5601 dum
1214 5544 1443 5617 πρέπων
1468 5538 1773 5617 substitua-
1873 5557 2104 5617 queuna
2121 5538 2563 5610 justiﬁcationem
2581 5556 2699 5611 qua:
2728 5538 2782 5594 in
2813 5540 2918 5609 [ide
2943 5555 3036 5610 per
3062 5538 3443 5607 confessionem

199 5612 461 5681 turallox
507 5638 611 5689 pro
647 5618 995 5689 δικαιοσύνην
1037 5612 1789 5689 Λιιιιιν-ξίιξὼθιδικαίωσιν(

197 5696 471 5763 Totusque
505 5684 663 5749 locus
687 5684 989 5747 secundum
1021 5689 1163 5743 hanc
1211 5684 1501 5741 lectionem
1535 5684 1607 5737 ita
1643 5697 1768 5736 ver-

1875 5611 2171 5683 obtineturs
