3698 6268
290 194 395 248 ίυὸ

1130 192 1190 248 6.
1234 190 1611 249 ATHANASII
1649 191 1800 248 OPP.
1836 188 2021 245 PARS
2059 190 2147 247 lll.
2183 222 2253 232 -—
2285 142 2701 247 EXEGETICA.

3428 190 3538 247 104

363 309 762 384 [Μαίιίρίίοαιω
783 322 905 367 sunt
929 315 1269 384 inﬁrmitates
1299 332 1503 373 eorum.
1542 316 1679 371 Cum
1704 315 1845 371 idola

2034 312 2569 385 [Ἐπληθύνθησαν
2625 313 2685 365 αι
2746 308 3051 364 ἀσθένειαι
3101 303 3318 361 αὐτῶν.
3393 306 3533 358 Ὅτε

290 403 533 460 colerent
562 403 663 479 (2).
690 405 926 460 Etiamsi
952 421 1086 461 vero
1110 407 1557 477 multiplicemur,
1593 423 1700 462 non
1733 421 1854 476 per-

293 507 545 551 severant
575 514 588 550 :
631 513 754 551 nam
789 512 963 567 usque
989 498 1057 553 ad
1084 497 1317 567 primum
1359 513 1577 552 sensum
1610 507 1665 552 et
1690 513 1855 566 expe-

293 587 586 642 rimentum
629 588 895 643 duntaxat
926 598 1277 659 permanent;
1321 590 1451 659 quia
1488 589 1622 658 justi
1647 590 1855 643 viribus

292 677 474 732 valent
518 679 572 731 in
621 679 841 734 Christo
886 679 1249 734 conlurtante.
1317 683 1425 733 Aut
1477 679 1545 734 de
1593 677 1857 748 apostolis

290 783 453 838 agere
479 767 712 835 videtur,
754 785 967 825 necnon
1001 771 1067 824 de
1102 770 1168 824 iis
1191 770 1283 839 qui
1319 784 1507 825 eorum
1536 784 1701 838 opera
1732 784 1855 823 ere-

293 860 581 927 didernnt;
624 861 678 916 in
714 862 914 932 quibus
945 863 1240 932 conspicua
1290 861 1513 918 fuerunt
1538 860 1721 914 divina
1751 858 1856 913 mi-

291 953 498 1011 racula.
531 962 714 1023 utpote
744 954 838 1024 qni
872 954 1056 1009 divina
1091 954 1278 1009 omnia
1310 964 1575 1025 prmcepta
1603 967 1857 1007 servave-

289 1043 421 1097 rint.
482 1043 857 1113 Multiplientw
906 1057 1086 1100 autem
1127 1058 1250 1100 sunt
1296 1046 1634 1115 inﬁrmitates
1655 1060 1857 1107 eorum,

287 1143 404 1200 aut,
438 1145 495 1190 ut
517 1137 625 1190 alio
657 1137 818 1191 modo
856 1137 1082 1207 legitur,
1114 1136 1319 1190 labores
1341 1176 1357 1200 ,
1396 1136 1582 1190 multis
1608 1132 1860 1190 instanti-

288 1226 396 1282 bus
426 1227 660 1296 populis,
691 1228 1003 1283 oratoribus
1023 1269 1039 1295 ,
1073 1228 1332 1292 ducibus,
1372 1227 1590 1297 regibus
1611 1267 1625 1290 ,
1661 1224 1861 1294 quibus

290 1319 561 1387 superatis
594 1318 886 1379 omnibus,
929 1334 1152 1374 cursum
1185 1318 1537 1374 confecerunt
1569 1336 1582 1372 :
1618 1318 1705 1373 vel
1736 1318 1862 1371 bre-

291 1407 430 1461 vitas
464 1415 520 1461 et
561 1408 890 1475 temporaria
919 1408 1159 1463 conditio
1193 1407 1609 1461 tribulationum
1634 1449 1648 1473 ,
1683 1403 1865 1459 inlini-

290 1508 404 1554 tum
440 1499 698 1552 saculum
742 1498 1032 1568 signiﬁcat.
1082 1498 1207 1554 Non
1245 1498 1569 1569 congregabo
1598 1495 1866 1551 conventi-

292 1589 433 1643 cula.
463 1588 917 1643 Acceleraverunt
942 1589 1009 1644 ad
1032 1589 1439 1660 obsequendum
1456 1585 1860 1658 pradicationi:

1953 402 2388 476 εἰδωλολάτρουν.
2414 403 2476 455 Εἰ
2504 403 2599 455 καὶ
2626 399 3002 470 πληθύνονται,
3033 397 3094 450 οὐ
3130 395 3529 468 παραμένουσι’

1957 493 2116 563 μέχρι
2135 493 2241 565 γὰρ
2273 493 2581 564 αἰσθήσεως
2600 492 2693 544 καὶ
2730 491 2886 560 μόνον
2917 483 3059 558 εἶχον
3088 484 3531 559 παραμενούσας,

1954 583 2042 638 διὰ
2072 584 2134 637 τὸ
2159 584 2364 656 ἰσχύειν
2414 583 2489 655 τῷ
2538 580 2918 650 ἐνδυναμοῦντί
2974 578 3213 651 Χριστῷ.
3278 578 3349 630 Ἢ
3400 576 3536 638 τοὺς

1955 674 2282 738 ἀποστόλους
2312 675 2454 728 ἔοικε
2504 674 2705 743 λέγειν,
2759 673 2854 726 καὶ
2897 672 3022 735 τοὺς
3074 671 3141 724 δι’
3174 670 3395 724 ἐκείνων
3431 685 3536 720 πε-

1957 765 2337 827 πιστευκότας,
2385 767 2442 817 ὲν
2488 758 2568 827 οἷς
2623 765 2717 817 καὶ
2770 762 3002 833 διαφανῆ
3051 762 3243 830 γέγονε
3294 761 3362 814 τὰ.
3410 760 3537 814 θεῖα

1958 852 2257 924 θαυμάσια,
2285 854 2360 917 ὡς
2383 855 2561 908 πάντα
2587 854 2911 925 τετηρηκόσι
2933 853 3001 906 τὰ
3032 853 3151 905 θεῖα
3180 851 3541 923 προστάγμα-

1957 961 2046 997 τα.
2090 943 2530 1015 Ἐπληθύνθησαν
2577 944 2635 996 δὲ
2683 945 2863 997 αὐτῶν
2929 946 2983 997 αἱ
3017 943 3312 1009 ἀσθένειαι,
3357 942 3390 1014 ἦ
3457 943 3542 1006 ὡς

1960 1035 2185 1105 ἑτέρως,
2240 1037 2312 1089 τὰ
2361 1035 2793 1106 διαπονήματα,
2844 1035 3054 1089 πολλῶν
3111 1036 3540 1089 ἐπαναστάντων

1958 1124 2163 1196 δήμων,
2188 1126 2537 1199 δημηγόρων,
2593 1127 2935 1198 στρατηγῶν,
2965 1126 3247 1197 βασιλέων,
3288 1121 3362 1180 ὧν
3396 1126 3540 1179 πάν-ι

1960 1232 2066 1277 των
2097 1219 2531 1289 περιγενόμενοι,
2558 1219 2648 1271 τὸν
2679 1219 2876 1289 δρόμον
2904 1219 3178 1271 ἐτέλεσαψ
3209 1218 3241 1289 ἢ
3276 1208 3336 1271 τὸ
3360 1218 3541 1291 βραχὺ

1962 1306 2055 1357 καὶ
2086 1307 2418 1379 πρόσκαιρον
2480 1308 2587 1362 τῶν
2639 1308 2889 1377 θλίψεων,
2950 1308 3041 1361 τὸν
3092 1308 3316 1379 ἄπειρον
3362 1308 3545 1362 αἰῶνα.

1961 1395 2251 1450 δείκνυσιν.
2287 1400 2370 1452 Οὐ
2421 1397 2507 1467 μὴ
2558 1397 2930 1468 συναγωγάς.
2999 1399 3284 1469 Ἐτάχυνον
3349 1401 3428 1462 είς
3474 1398 3545 1451 τὸ

1964 1488 2269 1543 ὑπακοῦσαι
2322 1490 2400 1561 τῷ
2439 1489 2771 1561 κηρύγματι’
2835 1491 3106 1562 καθαροὺς
3138 1485 3279 1544 εἶναι
3324 1490 3404 1543 δεῖ
3427 1487 3543 1543 ἀπὸ

1966 1579 2141 1649 φόνων
2179 1582 2273 1634 καὶ
2299 1581 2545 1652 αἱμάτων
2576 1582 2700 1646 τοὺς
2736 1582 3026 1649 μέλλοντας
3063 1581 3383 1651 συνάγεσθαι
3432 1579 3546 1635 ὑπὸ

293 1689 506 1750 oportet
525 1695 554 1733 a
574 1680 816 1736 caedibus
845 1688 898 1735 et
932 1681 1197 1757 sanguine
1220 1679 1452 1734 mundos
1494 1693 1614 1734 esse
1642 1692 1739 1732 eos
1770 1676 1863 1746 qui

2034 1671 2221 1727 ποτοῦ.
2256 1673 2530 1742 Συνάγων,
2559 1674 2711 1745 φησι,
2764 1675 3083 1743 συναγωγὰς
3112 1676 3177 1728 ἐκ
3206 1673 3313 1727 τῶν
3342 1673 3541 1739 ἐθνῶν,

293 1787 327 1826 a
357 1772 575 1826 Christo
600 1772 964 1843 congregandi
1005 1782 1153 1827 sunt.
1194 1771 1591 1827 Conventicula
1612 1812 1628 1838 ,
1657 1770 1858 1840 inquit,

288 1879 360 1918 ex
398 1862 648 1933 gentibus
669 1904 682 1925 ,
728 1879 835 1916 non
873 1879 967 1933 per
1003 1863 1323 1933 sanguinem
1352 1871 1406 1917 et
1436 1863 1611 1918 caedes
1636 1875 1867 1932 congre-

290 1955 469 2025 gobo;
519 1970 696 2023 neque
742 1954 948 2009 curabo
990 1967 1050 2009 ut
1096 1952 1256 2020 legali
1295 1954 1443 2010 cultu
1481 1952 1771 2009 accedatur
1799 1952 1868 2006 ad

297 2062 408 2113 me,
444 2047 538 2101 sed
584 2047 769 2116 potius
820 2061 944 2102 cum
982 2046 1234 2101 laudibus
1277 2061 1341 2102 ac
1388 2062 1480 2117 per
1518 2046 1868 2101 incruentum

290 2138 676 2211 sacriﬁcium]

372 2234 426 2288 5.
472 2232 727 2286 Dominus
760 2247 884 2301 pars
928 2230 1254 2285 hwreditatis
1290 2245 1417 2284 mea:
1448 2238 1497 2283 et
1531 2226 1715 2281 colicis
1745 2226 1867 2293 mei,

292 2331 402 2380 me.
431 2320 510 2376 Ac
552 2321 599 2376 si
645 2321 885 2391 apertius
913 2321 1154 2385 diceret,
1200 2319 1361 2375 Pater
1401 2334 1555 2375 meus
1583 2319 1636 2372 in
1667 2327 1867 2373 sortem

298 2413 433 2467 mihi
473 2423 526 2468 et
559 2414 865 2484 portionem
891 2423 1078 2484 gentes
1102 2412 1346 2475 donavit,
1389 2411 1476 2466 cui
1503 2409 1763 2464 obediens
1794 2408 1868 2462 iui

296 2517 475 2573 nsque
491 2503 556 2558 ad
585 2512 834 2557 mortem.
869 2503 1019 2558 Calix
1047 2517 1282 2570 namque
1314 2509 1546 2555 mortem
1576 2499 1868 2567 signiﬁcat,

1961 1763 2023 1815 οὐ
2055 1763 2123 1816 δι’
2154 1764 2401 1835 αἱμάτων
2456 1765 2626 1828 αὐτὰς
2674 1766 2907 1833 συνάξω,
2964 1766 3085 1820 οὐδέ
3136 1765 3547 1838 παρασκευάσαι

1945 1854 2051 1909 Δδιὰ
2077 1854 2175 1926 τῆς
2193 1856 2421 1927 νομικῆς
2453 1874 2542 1925 μοι
2565 1857 2961 1929 προσέρχεσθαι
2989 1857 3261 1928 λατρείας,
3280 1856 3546 1921 αἰνέσεως

1962 1943 2021 1995 δὲ
2049 1943 2249 2013 μᾶλλον
2281 1945 2376 1997 καὶ
2405 1945 2504 2016 τῆς
2530 1946 2866 2016 ἁναιμάκτου
2903 1947 3140 2019 θυσίας.]

2037 2225 2248 2293 Κύριος
2259 2224 2428 2294 μερὶς
2457 2223 2567 2292 τῆς
2595 2227 2999 2295 κληρονομίας
3014 2243 3135 2295 μου
3177 2225 3275 2279 καὶ
3305 2225 3410 2280 τοῦ
3434 2239 3548 2281 πο-

1966 2319 2171 2387 τηρίου
2184 2337 2324 2389 μου.
2348 2336 2402 2373 κ.
2423 2336 2472 2372 τ.
2495 2318 2545 2372 λ.
2562 2320 2706 2372 Ὠσεὶ
2721 2319 2952 2389 σαφέστε
2961 2320 3258 2391 ρονἘλεγεν·
3279 2320 3336 2374 '0
3351 2320 3549 2391 Πατήρ

1972 2428 2072 2481 μου
2109 2413 2188 2475 είς
2217 2411 2418 2483 κλῆρόν
2458 2429 2548 2482 μοι
2599 2412 2693 2465 καὶ
2738 2411 2932 2484 μερίδα
2956 2411 3025 2465 τὰ
3064 2411 3189 2484 ἔθνη
3215 2411 3545 2483 δεδώρηται,

1967 2494 2011 2569 ᾧ
2037 2502 2130 2555 καὶ
2154 2501 2352 2570 γέγονα
2378 2503 2617 2573 ὑπήκοος
2652 2502 2813 2573 μέχρι
2846 2501 3096 2556 θανάτου.
3136 2502 3209 2555 Τὸ
3240 2503 3347 2575 γάρ
3376 2502 3551 2574 ποτή-

293 2592 465 2664 ῇιιιια
494 2592 622 2646 illud
651 2611 663 2646 :
700 2591 864 2646 Pater
885 2632 899 2655 ,
934 2592 979 2645 si
1020 2590 1270 2661 possibile
1298 2598 1410 2655 est,
1450 2595 1684 2642 transeat
1730 2603 1763 2639 a
1794 2602 1869 2639 me

2034 2611 2087 2646 ον
2115 2593 2206 2646 τὸν
2239 2593 2466 2647 θάνατον
2497 2594 2771 2663 σημαίνει,
2800 2594 2941 2647 κατά
2971 2593 3031 2647 τὸ
3088 2594 3393 2666 είρημένον’
3420 2592 3548 2648 Πά-

297 2684 444 2738 calix
475 2684 573 2738 iste
591 2684 658 2737 ’⁷.

371 2856 654 2931 [Dominus
674 2874 799 2928 pars
829 2859 1156 2913 hazreditalis
1175 2874 1301 2912 mea:
1322 2866 1370 2912 et
1394 2857 1579 2912 calicis
1601 2859 1719 2913 mei.
1754 2858 1875 2916 Hae-

1971 2700 2090 2752 τερ,
2118 2686 2168 2738 εὶ
2193 2682 2473 2747 δυνατὸν,
2508 2683 2846 2753 παρελθέτω
2877 2685 2977 2738 ἀπ’
2995 2683 3139 2753 ἐμοῦ
3164 2685 3231 2739 τὸ
3259 2684 3550 2754 ποτήριον

1972 2792 2171 2829 τουτο.

2046 2868 2289 2941 [Κύριος
2333 2868 2502 2937 μερὶς
2535 2866 2644 2936 τῆς
2686 2868 3087 2938 κληρονομίας
3128 2885 3250 2938 μου
3292 2868 3391 2921 καὶ
3434 2866 3549 2921 τοῦ

299 2949 586 3005 reditatem
617 2958 773 3004 vocat
800 2950 1039 3021 gentium
1081 2965 1327 3018 regnum.
1365 2947 1638 3016 Ecclesiae,
1675 2951 1869 3022 inquit,

2034 2961 2262 3028 Dtnplov
2290 2977 2429 3029 μου.
2479 2959 2854 3031 Κληρονομίαν
2904 2960 3059 3014 καλεῖ
3110 2960 3210 3032 τὴν
3247 2958 3354 3012 τῶν
3377 2957 3551 3013 ἐθνῶν

302 3055 458 3106 mea,
498 3053 724 3111 quaeest
760 3042 1046 3097 liazreditas
1077 3057 1226 3108 mea,
1279 3042 1456 3112 portio
1491 3051 1575 3097 est
1606 3042 1871 3100 Dominus

299 3129 483 3195 Pater,
515 3134 741 3203 ipseque
788 3134 973 3189 ealicis
997 3134 1103 3188 mei
1131 3148 1260 3203 pars
1283 3142 1402 3199 est,
1437 3134 1488 3187 id
1526 3142 1610 3188 est
1657 3135 1865 3190 mortis.

298 3220 541 3279 Ecclesia
568 3241 696 3280 vero
719 3224 931 3279 Patrem
964 3225 1279 3279 haereditate
1307 3226 1540 3295 accepit,
1576 3241 1700 3280 cum
1727 3242 1870 3296 pra:-

305 3324 459 3385 cepta
489 3316 609 3386 ejus
634 3316 892 3372 servavit.
942 3316 1171 3387 ipsaque
1200 3333 1350 3374 mors
1379 3333 1498 3374 mea
1532 3317 1750 3374 Patrem
1776 3319 1870 3375 ha-

301 3406 419 3461 buit
448 3409 501 3462 in
528 3409 913 3474 haereditatem,
938 3409 1396 3480 quemadmodum
1415 3411 1613 3467 dicitur
1635 3431 1650 3467 :
1678 3411 1865 3468 ﬂare:

302 3498 422 3569 Dei,
462 3501 687 3556 coluere:
712 3500 914 3557 Christi
948 3500 1043 3575 ”.]

369 3779 424 3835 6.
457 3779 632 3834 Funes
660 3782 954 3835 ceciderunt
989 3782 1116 3837 mihi
1156 3784 1211 3837 in
1253 3786 1529 3855 preclaris
1564 3786 1693 3841 meis
1734 3802 1753 3840 :
1791 3797 1872 3841 et-

300 3872 440 3926 enim
482 3871 763 3925 Iuvreditas
797 3888 911 3925 mea
934 3876 1197 3943 praeclara
1222 3884 1300 3929 est
1333 3873 1717 3930 mihi.Vincula
1743 3876 1874 3932 cha-

304 3961 480 4017 ritalis
513 3962 589 4016 ait
630 3977 753 4032 qua:
793 3963 983 4017 habuit
1030 3979 1156 4031 erga
1194 3964 1524 4034 Ecclesiam',
1580 3982 1704 4037 qure
1733 3983 1875 4038 pra:-

304 4056 450 4109 e'lara
484 4062 589 4118 est,
618 4055 877 4107 nimirum
908 4054 1011 4123 ipsi
1046 4055 1269 4124 placita.

375 4231 427 4287 7.
459 4229 773 4286 Benedicam
810 4230 1092 4285 Dominum
1137 4233 1227 4303 qui
1268 4233 1451 4288 tribuit
1481 4237 1609 4290 mihi
1657 4238 1867 4293 intelle—

1978 3051 2271 3124 βασιλείαν.
2305 3052 2415 3105 Καὶ
2446 3052 2544 3123 τῆς
2585 3051 2724 3122 ἐμῆς
2765 3051 3113 3123 Ἑκκλησίας,
3144 3052 3265 3123 ἥτις
3317 3052 3465 3105 ἐστὶν
3509 3053 3547 3120 ή

1977 3144 2306 3217 κληρονομία
2341 3161 2462 3215 μου,
2507 3144 2665 3215 μερίς
2713 3145 2859 3197 ἐστιν
2907 3147 2935 3199 ὁ
2967 3144 3167 3217 Κύριος
3197 3146 3226 3198 ὁ
3278 3142 3487 3215 Πατὴρ,
3520 3146 3553 3197 ὁ

1977 3237 2137 3299 αὐτὸς
2169 3236 2225 3289 δὲ
2255 3236 2349 3289 καὶ
2374 3236 2466 3289 τοῦ
2498 3236 2759 3308 ποτηρίου
2791 3253 2891 3307 μου
2935 3235 3090 3307 μερίς
3138 3237 3274 3298 ἐστι,
3302 3236 3552 3289 τουτέστι

1976 3327 2072 3381 τοῦ
2129 3326 2378 3381 θανάτου.
2432 3326 2543 3380 Καὶ
2595 3329 2628 3397 ἡ
2666 3326 2959 3396 Ἐκκλησία
3008 3326 3408 3398 ἐκληρονόμησε
3456 3326 3553 3380 τὸν

1978 3419 2218 3491 Πατέρα,
2262 3416 2657 3491 κατορθώσασα
2691 3419 2789 3482 τὰς
2850 3417 3068 3471 ἐντολὰς
3125 3417 3310 3472 αὐτοῦ’
3336 3418 3429 3472 καὶ
3451 3419 3554 3470 αὐ-

1977 3507 2068 3570 τὸς
2111 3499 2140 3559 ὁ
2193 3505 2421 3569 θάνατος
2469 3508 2498 3559 ὁ
2545 3506 2675 3577 ἐμὸς
2717 3506 3114 3577 ἐκληρονόμησε
3178 3507 3270 3560 τὸν
3330 3508 3555 3579 Πατέρα

1979 3596 2119 3649 κατὰ
2145 3596 2235 3651 τὸν
2267 3597 2512 3665 λέγοντα·
2536 3599 2882 3668 Κληρονόμε
2899 3598 3067 3664 Θεοῦ,
3093 3601 3555 3670 συνκληρονόμα

1978 3686 2280 3760 Χριστοῦ.]

2048 3780 2292 3847 Σχοινέα
2313 3778 2619 3833 ἐπέπεσαν
2636 3796 2737 3848 μοι
2784 3779 2853 3833 ἐν
2875 3780 3000 3847 τοῖς
3047 3782 3379 3850 κρατίστοις
3404 3799 3548 3852 μου

1980 3870 2079 3924 καὶ
2112 3871 2222 3940 τὰρ
2263 3870 2302 3936 ἠ
2346 3871 2711 3938 κληρονομία
2754 3888 2871 3939 μου
2924 3874 3210 3940 κρατίστη
3246 3876 3349 3943 μοι’
3393 3875 3549 3929 ἐστι.

1980 3961 2118 4025 Τοὺς
2144 3961 2374 4032 δεσμοὺς
2395 3961 2496 4031 τῆς
2527 3961 2746 4033 ἀγάπης
2769 3963 2952 4034 φησὶν,
2984 3964 3076 4028 οὓς
3108 3964 3261 4034 ἔσχεν
3291 3963 3422 4036 πρὸς
3452 3964 3554 4037 τὴν

1992 4053 2348 4123 Ἐκκλησίαν,
2412 4054 2533 4124 ἦτις
2591 4055 2685 4107 καὶ
2737 4055 2999 4127 κρατίστη
3068 4057 3214 4122 ἐστὶ,
3275 4057 3554 4112 τουτέστιν

1979 4144 2214 4215 ἀρέσκου
2224 4162 2291 4198 σα
2320 4143 2488 4215 αὐτῷ.

2047 4235 2377 4305 Εὐλογήσω
2432 4237 2540 4290 τὸν
2578 4237 2795 4305 Κύριον
2849 4237 2955 4290 τὸν
3006 4240 3406 4327 συνετίσαντὰ
3449 4260 3552 4313 με.

302 4332 466 4377 ctum.
525 4322 699 4393 Hujus
747 4324 879 4378 dicti
934 4324 1309 4394 interpretatio
1350 4326 1495 4397 jacet
1544 4328 1597 4381 in
1640 4327 1869 4386 Actibus

2034 4328 2181 4385 θύτου
2215 4330 2247 4400 ἡ
2278 4328 2543 4400 ἑρμηνεία
2570 4332 2743 4382 κεῖται
2766 4331 2824 4382 ἐν
2856 4332 2976 4395 ταῖς
3008 4322 3245 4404 Πράξεσι
3275 4332 3384 4387 τῶν
3412 4337 3551 4388 ἀπο-

303 4416 673 4486 apostulornm
706 4416 804 4487 (ὃ).
848 4414 1070 4487 Insuper
1097 4425 1145 4470 et
1172 4434 1336 4487 usque
1367 4419 1436 4471 ad
1463 4431 1665 4474 noctem
1710 4422 1874 4478 incre-

303 4517 526 4575 puerunt
546 4522 628 4560 me
653 4524 799 4560 renes
826 4509 947 4561 mei.
994 4507 1111 4563 Mus
1153 4507 1450 4578 Scriptura:
1477 4513 1676 4567 divinae
1714 4530 1873 4569 rencs

304 4612 497 4651 vocare
547 4597 792 4652 occultas
835 4610 889 4652 et
927 4600 1031 4653 alte
1071 4601 1278 4669 positas
1315 4603 1675 4670 cogitationes
1707 4622 1723 4660 :
1757 4619 1865 4658 no-

302 4698 446 4742 ctem
481 4702 628 4750 vero,
665 4689 810 4757 quod
838 4689 1170 4744 absconsum
1203 4702 1306 4746 est.

374 4781 427 4835 8.
470 4778 811 4835 Providebam
842 4780 1127 4835 Dominum
1178 4785 1233 4837 in
1275 4795 1550 4852 conspectu
1580 4803 1694 4841 meo
1733 4804 1873 4842 sem-

304 4891 395 4945 per
414 4916 430 4941 ,
465 4875 714 4944 quoniam
738 4892 769 4929 a
795 4874 998 4928 dextris
1025 4884 1103 4929 est
1134 4878 1285 4941 mihi,
1315 4894 1378 4932 ne
1410 4896 1755 4937 commovear.
1816 4882 1872 4937 In

304 4973 572 5035 quantum
607 4962 749 5019 Deus
777 4979 899 5018 esse
924 4963 1243 5036 intelligitur
1263 5006 1279 5031 ,
1310 4968 1426 5036 ipse
1449 4976 1534 5024 est
1560 4971 1654 5039 qui
1696 4972 1877 5028 ﬁrmat

306 5063 363 5110 et
395 5054 627 5110 sustinet
668 5056 883 5121 omnia;
928 5056 981 5109 in
1027 5065 1294 5127 quantum
1326 5075 1457 5114 vero
1492 5062 1655 5116 homo
1692 5062 1872 5120 factus

306 5152 408 5207 est,
446 5146 614 5214 probe
644 5145 747 5215 ipsi
787 5147 1047 5200 convenit
1071 5146 1252 5202 dicere
1298 5164 1357 5205 se
1382 5166 1412 5204 a
1450 5152 1656 5208 dextris
1687 5152 1875 5209 Domi.

307 5248 439 5287 num
469 5235 686 5297 habere,
713 5250 779 5289 ne
806 5246 1233 5291 commoveatur.
1273 5237 1406 5293 Nam
1449 5241 1649 5313 ubique
1684 5244 1878 5299 huma-

379 5385 424 5417 "’
466 5384 652 5442 Matth.
689 5404 836 5454 xxvr,
884 5389 973 5444 59.
1051 5393 1098 5424 "
1144 5391 1301 5447 Rom.
1341 5410 1463 5455 vm.
1508 5396 1592 5450 l7.

380 5499 461 5640 μ)
497 5499 678 5558 Locus
709 5503 984 5559 vitiatus..

406 5570 463 5640 ὅ)
495 5569 613 5627 Non
637 5573 816 5640 ihnjus
860 5575 984 5631 dicti

406 5570 463 5640 ὅ)
495 5569 613 5627 Non
637 5573 816 5644 hujus
860 5575 984 5631 dicti
1004 5614 1019 5641 ,
1054 5574 1147 5630 sed
1177 5588 1366 5629 eorum
1399 5589 1522 5648 quae
1562 5590 1704 5631 vers.
1732 5578 1768 5633 8
1798 5581 1865 5636 ιε.

1976 4423 2199 4477 στόλων.
2234 4423 2358 4474 Ἔτι
2386 4420 2455 4473 δὲ
2491 4421 2587 4474 καὶ
2645 4421 2755 4487 ἕως
2810 4422 3031 4488 νυκτὸς
3075 4423 3447 4480 ἐπαίδευσαν
3473 4444 3554 4496 με

1974 4517 2028 4568 οἱ
2059 4514 2267 4580 νεφροί
2288 4529 2426 4579 μου.
2446 4511 2606 4575 Ἔθος
2633 4514 2698 4582 τῇ
2723 4512 3064 4581 θεοπνεύστῳ
3111 4515 3299 4587 Γραφῇ
3323 4518 3554 4590 νεφροὺς

1974 4602 2258 4674 ὀνομάζειν
2284 4604 2407 4666 τοὺς
2429 4603 2843 4673 κεκρυμμένους
2866 4606 2956 4658 καὶ⁸
2977 4607 3036 4657 ἐν
3068 4605 3219 4675 βάθει
3237 4608 3548 4679 λογισμούς·

1981 4695 2147 4749 νύκτα
2178 4694 2235 4746 δὲ
2261 4694 2320 4746 τὸ
2340 4694 2563 4762 ἀφανές.

2046 4784 2445 4854 Προεωρὼμην
2475 4784 2583 4838 τὸν
2611 4786 2833 4854 Κύριον
2856 4787 3113 4841 ἐνώπιόν
3156 4808 3276 4857 μου
3303 4790 3551 4844 διαπαν-

1976 4874 2207 4941 τὸς,ὅτι
2249 4876 2315 4927 ἐκ
2372 4873 2585 4939 δεξιῶν
2635 4893 2753 4945 μου
2782 4876 2934 4940 ἐστὶ,
2997 4879 3096 4931 ἵνα
3127 4879 3213 4947 μὴ
3253 4879 3549 4935 σαλευθῶ.

1975 4966 2126 5021 Καθδ
2162 4968 2259 5036 μὲν
2292 4969 2490 5020 νοεῖται
2517 4965 2672 5031 Θεὸς,
2705 4968 2867 5034 αὐτός
2899 4971 3045 5023 ἐστιν
3076 4973 3105 5025 ὀ
3168 4972 3340 5026 πάντα
3366 4974 3552 5044 στηρί-

1977 5057 2086 5122 ζων
2116 5058 2209 5111 καὶ
2235 5057 2466 5126 ἀνέχων·
2498 5057 2633 5111 καθὸ
2657 5058 2714 5112 δὲ
2734 5058 2955 5129 γέγονεν
3005 5061 3307 5133 ἄνθρωπος,
3349 5066 3550 5136 πρέποι

1978 5153 2044 5206 ἂν
2069 5151 2228 5205 αὑτὸν
2259 5152 2351 5205 καί
2376 5152 2435 5204 τὸ
2460 5151 2642 5221 λέγειν
2664 5155 2728 5207 ἐκ
2760 5153 2949 5218 δεξιῶν
2993 5156 3284 5226 ἐσχηκέναι
3329 5157 3419 5211 τὸν
3441 5155 3554 5212 Κύ-

1981 5261 2114 5315 ριον,
2156 5242 2245 5295 ἵνα
2279 5241 2353 5312 μὴ
2402 5242 2653 5315 σαλευθῇ.
2690 5244 3100 5315 Συμπλάττεται
3148 5248 3255 5316 γάρ
3277 5248 3551 5319 πανταχοῦ

1983 5523 2203 5586 guntur,
2232 5511 2575 5570 Providebam
2603 5517 2902 5582 Dominum,
2935 5529 3064 5586 etc.,
3089 5524 3333 5578 meminit
3355 5522 3550 5581 Petrus

1985 5586 2041 5638 in
2070 5583 2296 5640 Actibus
2330 5587 2725 5656 apostolorum,
2762 5606 2881 5661 cap.
2912 5606 2974 5659 ιι,
3003 5583 3146 5649 vers.
3171 5592 3261 5649 25.
3287 5592 3448 5650 Enn.
