3698 6268
294 205 396 265 {07

1101 191 1156 246 8.
1199 187 1568 246 ΔἹἮΑΝΔΒΙΙ
1606 190 1759 251 OPP.
1796 191 1976 249 PARS
2014 191 2098 246 111.
2139 222 2210 236 -
2246 192 2657 251 EXEGE‘I‘ICA.

3399 199 3507 255 108

292 341 380 388 eet
408 328 461 384 id
491 337 709 400 quoque
739 321 1040 379 cavendum
1073 331 1215 379 esse,
1237 323 1298 370 ut
1325 313 1461 369 nihil
1489 311 1738 374 mortale,
1767 313 1832 364 ni-

2025 329 2059 363 ν
2087 311 2426 380 ἀνθρώπων.
2461 311 2733 377 Διδάσκει,
2755 312 2831 375 ὠς
2859 312 2952 366 καὶ
2981 313 3136 367 τοῦτο
3156 317 3513 387 παραφυλάτ-

291 421 370 478 bil
397 421 694 475 humanum
747 417 1055 486 loquamur.
1117 408 1340 478 Propter
1387 408 1540 461 verba
1584 407 1845 458 labiorum

295 525 504 570 tuorum
527 528 618 582 ego
650 508 910 565 custodiri
942 506 1053 560 vias
1084 503 1269 557 duras.
1313 501 1394 554 0b
1420 499 1607 569 jussa,
1650 496 1845 564 inquit,

293 616 406 672 tua,
438 612 721 674 angustam
752 608 806 655 et
837 609 1040 654 arctam
1066 606 1277 667 portam
1302 592 1582 663 ingressus
1609 601 1754 642 sum.

360 881 414 936 5.
455 877 658 947 Perﬁce
688 889 894 945 gressus
925 885 1064 924 meos
1090 869 1145 922 in
1169 867 1371 922 semitis
1409 865 1544 927 tuis,
1592 870 1700 916 etc.
1737 859 1847 913 Do-

290 981 444 1028 cetur
478 971 564 1025 his
595 967 770 1023 verbis
803 979 870 1020 ne
917 961 1022 1019 sibi
1063 959 1350 1030 quisquam
1388 955 1558 1020 ﬁdat;
1611 951 1705 1008 sed
1738 949 1849 1006 Deo

290 1062 571 1117 innitatur.

363 1151 606 1227 [Semitas
638 1157 821 1204 autem
851 1141 1065 1200 Domini
1100 1147 1226 1196 sunt
1254 1138 1666 1195 observationes
1703 1154 1852 1194 man-

287 1243 593 1317 datorum.]

359 1337 413 1393 6.
445 1336 556 1406 Ego
587 1334 812 1390 clamavi
847 1332 1096 1403 quoniam
1121 1327 1387 1384 exaudisti
1417 1341 1495 1380 me
1517 1366 1532 1392 ,
1571 1324 1730 1379 Deus.
1784 1322 1852 1377 ll-

286 1429 403 1497 lud,
427 1427 716 1491 exaudiui,
751 1441 869 1496 pro,
899 1423 1177 1478 exaudies.
1226 1417 1347 1473 Non
1381 1427 1586 1472 temere
1613 1415 1702 1469 his
1730 1429 1855 1468 ver-

287 1519 371 1574 bis
402 1533 525 1574 sum
549 1531 704 1580 usus,
733 1514 828 1570 sed
875 1522 1022 1568 tuam
1067 1518 1322 1580 expertus
1353 1503 1723 1561 clementiam.
1768 1501 1852 1556 Me

287 1611 486 1680 quippe
528 1615 808 1679 rogantem
869 1619 1012 1674 saepe
1059 1599 1348 1657 exaudisti.
1413 1595 1627 1650 Inclina
1669 1611 1850 1649 aurem

288 1711 436 1754 tuam
463 1698 613 1752 mihi.
656 1695 799 1750 Deus
823 1701 967 1750 totus
996 1692 1147 1748 auris
1175 1701 1258 1748 est
1277 1732 1293 1758 ,
1328 1699 1516 1746 utoote
1545 1689 1640 1745 oui
1669 1687 1850 1744 omnia

287 1785 493 1841 audiat.

400 1877 514 1949 Ego
541 1875 786 1940 clamavi,
817 1881 924 1931 etc.
963 1871 1080 1927 Non
1125 1870 1328 1927 frustra
1363 1873 1571 1936 clamo,
1597 1869 1690 1925 sed
1726 1869 1854 1938 quia

287 1971 608 2040 plerumque
628 1967 896 2022 exaudisti
932 1980 1018 2019 me
1037 2004 1052 2028 ,
1081 1971 1204 2032 peto
1224 1962 1388 2017 etiam
1427 1977 1571 2016 nunc
1595 1971 1654 2016 ut
1679 1976 1851 2015 exau-

286 2061 408 2116 dias
441 2074 549 2115 me.
582 2057 804 2114 Clamor
831 2065 1010 2112 autem
1037 2057 1149 2121 ille,
1183 2065 1268 2112 est
1293 2057 1502 2111 intenta
1526 2068 1652 2114 erea
1682 2051 1852 2106 Deum

288 2147 596 2219 cogitatio.]

358 2239 610 2312 [Adipem
638 2255 790 2293 suum
818 2237 1206 2292 concluserunt.
1250 2233 1421 2304 Adipe
1449 2231 1717 2304 signiﬁcat
1751 2229 1855 2285 inio

290 2333 562 2387 micorum
591 2331 885 2385 maximam
916 2325 1380 2399 prosperitatem]

362 2423 454 2478 ιι.
519 2421 713 2480 Oculos
756 2437 878 2476 suos
904 2427 1202 2476 statuerunt
1235 2418 1498 2471 declinare
1538 2416 1592 2469 in
1637 2425 1850 2468 terram.

291 2511 469 2579 Unus,
504 2513 705 2583 inquit,
737 2527 938 2582 scopus
964 2511 1066 2565 fuit
1107 2511 1213 2565 illis
1233 2518 1292 2564 ut
1319 2509 1385 2563 ad
1426 2517 1625 2562 terram
1655 2505 1854 2560 demit-

285 2614 423 2670 tant,
453 2613 509 2659 et
524 2619 652 2674 qua).
672 2617 892 2658 carnem
915 2609 1162 2672 spectant
1189 2599 1392 2655 sentire
1426 2599 1710 2654 suadeant.

358 2697 447 2752 ﬂ.
487 2694 772 2749 Frameum
797 2705 947 2748 tuam
973 2693 1038 2745 ab
1068 2692 1296 2746 inimicis
1329 2707 1582 2744 manuum
1617 2699 1850 2744 tuarum.

280 2789 548 2858 Quaelibet
568 2787 701 2856 justi
727 2785 908 2840 anima
935 2794 989 2840 et
1019 2784 1362 2855 potissimum
1387 2798 1575 2839 eorum
1609 2782 1702 2852 qui
1728 2798 1854 2852 pec-

283 2887 498 2935 catores
529 2879 600 2933 ab
643 2878 922 2948 impietate
977 2877 1044 2930 ad
1097 2875 1349 2945 pietatem
1401 2881 1692 2936 revocant,
1751 2886 1851 2926 ceu

281 2972 491 3026 framea
519 2978 604 3026 est
629 2979 817 3025 contra
850 2968 1118 3038 malignos
1157 2966 1381 3036 spiritus
1403 2975 1651 3020 exacuta.
1701 2961 1852 3018 Hanc

282 3064 451 3135 igitur
487 3062 774 3125 frameam,
823 3060 1069 3122 Domine,
1097 3073 1263 3128 quam
1297 3059 1413 3128 ipse
1442 3066 1632 3112 contra
1667 3057 1851 3110 inimi-

283 3171 377 3209 cos
405 3164 529 3209 tuos
554 3151 854 3216 exacuisti,
901 3152 1051 3220 eripe
1097 3151 1166 3204 ab
1215 3150 1454 3204 inimicis
1495 3163 1691 3202 manus
1721 3157 1848 3202 tute.

281 3246 515 3312 Quinam
551 3254 730 3299 autem
776 3251 906 3299 sunt
952 3241 1159 3297 inimici
1211 3257 1407 3296 manus
1442 3240 1555 3301 Dei,
1609 3239 1716 3294 nisi
1758 3237 1852 3308 qui

284 3337 408 3392 fidei
455 3338 510 3391 in
542 3334 892 3408 Unigenitum
912 3374 928 3400 ,
975 3335 1068 3404 qui
1097 3349 1293 3390 manus
1316 3333 1462 3388 illius
1493 3341 1609 3397 est,
1658 3333 1852 3386 adver-

283 3429 509 3484 santur?

351 3614 595 3679 Domine,
628 3630 661 3667 a
684 3614 868 3683 paucis
901 3612 962 3666 de
993 3623 1132 3666 terra
1165 3611 1338 3665 divide
1367 3627 1474 3665 eos.
1500 3608 1758 3663 Precatur
1799 3616 1857 3661 nt

288 3724 319 3762 a
354 3707 541 3778 paucis
563 3705 715 3774 impii
741 3713 1080 3774 separentur.
1108 3703 1254 3771 quod
1287 3710 1368 3756 est
1393 3716 1456 3756 ac
1483 3701 1528 3754 si
1551 3699 1857 3753 divideren-

283 3809 392 3854 tur.
410 3799 640 3865 Quinam
666 3806 845 3852 antem
864 3805 990 3852 sunt
1012 3795 1168 3865 pauci
1189 3795 1289 3858 illi,
1313 3793 1420 3849 nisi
1443 3793 1509 3848 de
1525 3793 1724 3862 quibus
1739 3791 1855 3844 dic:-

281 3899 402 3944 tum
430 3895 542 3944 est:
563 3885 720 3940 Multi
745 3887 952 3957 quidem
968 3895 1089 3940 sunt
1112 3885 1281 3940 vocati
1316 3885 1473 3954 pauci
1490 3899 1605 3937 vero
1627 3882 1776 3936 electi
1795 3880 1858 3934 '?

1947 401 2130 456 τεσθαι
2163 406 2298 474 πρὸς
2330 403 2389 456 τὸ
2421 403 2584 473 μηδὲν
2604 401 2796 474 θνητὸν
2821 403 2954 474 μηδὲ
2979 404 3314 476 ἀνθρώπινον
3343 407 3513 477 φθέγ-

1947 494 2154 562 γεσθαι.
2190 494 2292 548 Διά
2328 494 2468 559 τοὺς
2515 496 2738 564 λόγους
2781 493 2901 549 τῶν
2946 496 3193 564 χειλέων
3232 513 3349 554 σου
3394 500 3515 570 ἐγὼ

1945 585 2220 652 ἐφύλαξα
2299 585 2477 650 ὀδοὺς
2533 585 2824 654 σκληράς.
2871 588 2970 641 Διά
3032 588 3100 642 τά
3167 590 3234 643 σά
3269 593 3511 663 προστά-

1947 695 2150 747 γματα,
2199 679 2351 750 φησὶ,
2378 679 2474 748 τὴν
2503 680 2689 752 στενὴν
2739 683 2832 734 καὶ
2857 672 3220 754 τεθλιμμένην
3249 684 3512 755 είσήλασα

1947 769 2141 840 πύλην.

2016 860 2374 929 Κατάρτισαι
2403 864 2475 917 τὰ
2519 863 2849 933 διαϐήματά
2871 881 2991 933 μου
3029 865 3099 918 ἐν
3129 865 3254 931 τοῖς
3293 866 3515 934 τρίϐοις

1949 963 2086 1005 σου.
2119 953 2365 1006 Διδάσκει
2396 955 2423 1006 ὁ
2453 953 2608 1023 λόγος
2642 956 2716 1026 μὴ
2771 955 3089 1010 πεποιθέναι
3131 956 3216 1028 ἐφ’
3251 958 3461 1018 ἑαυτοῖς
3492 994 3512 1021 ,

1949 1042 2041 1095 ἐπὶ
2063 1043 2120 1096 δὲ
2149 1042 2227 1114 τῷ
2259 1043 2376 1114 Θεῷ
2401 1045 2862 1117 ὲπιστηρίζεσθαι.

2033 1131 2260 1205 [Τρίὸοι
2287 1135 2344 1188 δὲ
2379 1138 2580 1208 Κυρίου
2609 1137 2716 1190 τῶν
2745 1139 2974 1193 ἐντολῶν
3005 1141 3059 1194 ai
3087 1139 3404 1214 τηρήσεις.]

2031 1313 2178 1383 Ἐγὼ
2208 1315 2520 1386 ἐκέκραξα.
2555 1319 2645 1373 ὅτι
2674 1320 3044 1389 εἰσ-ἤκουσάς
3079 1341 3220 1392 μου,
3266 1328 3300 1379 ὁ
3342 1327 3512 1392 Cede.

1951 1406 2025 1459 Τὸ
2056 1405 2464 1474 εῑσήκουσας,
2507 1411 2627 1464 ἀντὶ
2674 1411 2802 1475 τοῦ,
2849 1414 3163 1487 εἰσακούσῃ.
3212 1417 3289 1470 Οὐ
3336 1418 3517 1490 μάτην

1951 1498 2125 1550 τοῖσδε
2157 1502 2269 1562 τοῖς
2299 1499 2475 1569 λόγοις
2502 1503 2842 1575 ἐχρησάμην,
2880 1507 3014 1560 ἀλλά
3060 1511 3252 1581 πεῖραν
3281 1510 3380 1581 τῆς
3413 1513 3519 1582 σῆς

1951 1589 2088 1661 ἔχων
2116 1591 2521 1664 φιλανθρωπίας
2546 1613 2558 1626 ·
2591 1599 2827 1668 ἦκουσας
2859 1600 2964 1674 γάρ
2997 1619 3098 1671 μου
3139 1603 3522 1675 παρακαλοῦν-

1953 1697 2040 1744 τος
2074 1681 2350 1746 πολλάκις.
2391 1685 2615 1739 κλῖνον
2663 1689 2729 1741 τὸ
2768 1685 2880 1755 οὖς
2929 1703 3045 1746 σου
3089 1693 3239 1763 ἐμοι.
3285 1694 3445 1760 Ὀλος
3486 1698 3522 1750 ὁ

1953 1769 2083 1834 Θεὸς
2114 1766 2206 1834 οὖς
2237 1774 2404 1840 ἐστιν,
2443 1774 2517 1838 ὡς
2539 1777 2606 1830 τὰ
2640 1778 2817 1833 πάντα
2849 1781 3080 1837 ἀκούων.

2027 1860 2046 1933 [
2081 1862 2226 1932 Ἐγὼ
2251 1865 2564 1934 ἐκέκραξα,
2597 1870 2689 1922 καὶ
2719 1871 2785 1926 τὰ
2811 1871 2956 1943 ἑξῆς.
2987 1875 3062 1927 οὐ
3100 1876 3276 1949 μάτην
3307 1878 3518 1950 κράζω,

1953 1951 2067 2006 ἀλλ’
2105 1955 2227 2007 ἐπεὶ
2253 1956 2509 2023 πολλάκις
2531 1958 2789 2030 ἤκουσας,
2827 1963 2964 2018 αἰτῶ
2995 1967 3088 2020 καὶ⁸
3121 1965 3216 2021 νῦν
3246 1969 3522 2041 ἀκουσθῆο

1953 2062 2062 2100 ναι.
2097 2047 2326 2119 Κραυγὴ
2374 2048 2430 2102 δέ
2460 2052 2575 2103 ἐστι
2622 2053 2756 2124 πρὸς
2806 2053 2935 2108 Θεὸν
2964 2057 3058 2110 καὶ
3089 2059 3122 2130 ἡ
3154 2060 3520 2134 ὲπιτεταμένη

1955 2137 2158 2207 νόησις.
2179 2137 2198 2210 ]

2027 2228 2046 2301 [
2075 2231 2142 2283 Τὸ
2175 2231 2360 2302 στέαρ
2389 2235 2587 2289 αὐτῶν
2623 2238 3000 2294 συνέκλειον.
3037 2241 3211 2313 Στέαρ
3248 2243 3348 2315 τὴν
3391 2261 3526 2314 σφο-

1952 2318 2214 2394 δροτάτην
2247 2323 2542 2396 εὐημερίαν
2565 2327 2672 2379 τῶν
2701 2328 2909 2400 ἐχθρῶν
2934 2332 3203 2402 σημαίνει.
3226 2333 3244 2405 ]

2030 2413 2175 2480 Τοὺς
2196 2415 2539 2485 ὀφθαλμοὺς
2575 2419 2770 2474 αὐτῶν
2806 2423 3009 2476 ἔθεντο
3036 2423 3308 2478 ἐκκλῖναι
3345 2425 3414 2478 ἐν
3444 2424 3527 2496 τῆ

1953 2501 2054 2572 γῇ.
2090 2501 2185 2567 Εἷς
2216 2507 2436 2572 σκοπὸς,
2466 2508 2617 2578 φησὶ,
2660 2509 2882 2578 γέγονεν
2919 2512 3118 2580 αὐ¹τοϊς,
3161 2515 3322 2567 οἱονεὶ
3361 2532 3527 2569 κατε·-

1954 2594 2144 2662 νέγκαι
2178 2597 2257 2658 εἰς
2287 2597 2410 2667 γῆν,
2439 2599 2532 2650 καὶ
2559 2599 2626 2652 τὰ
2654 2602 2854 2673 σαρκὸς
2891 2606 3075 2656 πεῖσαι
3106 2609 3341 2676 φρονεῖν.
3403 2594 3406 2596 ⁷

2037 2687 2254 2756 Ῥομφα
2269 2691 2357 2741 ἀν
2394 2708 2509 2745 σου
2552 2691 2670 2746 ἀπὸ
2714 2692 2941 2763 ἐχθρῶν
2977 2695 3095 2749 τῶν
3137 2697 3350 2766 χειρῶν
3381 2712 3524 2754 σου.

1973 2776 2206 2852 Ἐκάστη
2244 2783 2350 2836 τῶν
2387 2785 2609 2838 δικαίων
2637 2785 2780 2858 ψυχὴ
2811 2786 2903 2840 καῖ
2946 2787 3180 2858 μάλιστα
3200 2790 3307 2842 τῶν
3332 2789 3526 2844 ἑλκόν-

1955 2887 2061 2923 των
2090 2872 2216 2935 τοὺς
2264 2873 2619 2944 ἁμαρτωλοὺς
2659 2874 2720 2939 ἐξ
2760 2877 3012 2941 ἀσεϐείας
3057 2881 3137 2942 είς
3179 2879 3522 2942 θεοσέϐειαν.

1954 2962 2115 3016 οἱονεί
2134 2980 2248 3027 πως
2262 2966 2507 3036 ῥομφαία
2523 2967 2668 3020 ἐστὶν
2686 2969 2995 3040 ὴκονημένη
3014 2971 3154 3023 κατὰ
3167 2971 3274 3026 τῶν
3287 2973 3526 3043 πνευμά-

1955 3071 2063 3108 των
2087 3055 2187 3124 τῆς
2217 3057 2497 3128 πονηρίας.
2535 3059 2748 3130 Ταύτην
2777 3056 2868 3114 οὖν
2900 3060 2998 3131 τὴν
3034 3062 3327 3132 ῥομφαίαν,
3356 3057 3400 3116 ὢ
3428 3064 3528 3117 Δέ-

1961 3161 2149 3209 σποτα,
2186 3147 2370 3217 φησὶν,
2407 3149 2472 3219 ἢν
2501 3149 2662 3214 αὐτὸς
2691 3150 2833 3204 κατὰ
2870 3151 2977 3204 τῶν
3007 3152 3115 3206 σῶν
3153 3154 3361 3224 ἐχθρῶν
3391 3156 3526 3224 me-

1959 3253 2145 3306 νησας,
2179 3237 2334 3309 ῥῦσαι
2369 3240 2478 3294 ἀπὸ
2510 3242 2616 3294 τῶν
2665 3242 2874 3314 ἐχθρῶν
2909 3245 3007 3314 τῆς
3057 3245 3154 3316 σῆς
3182 3247 3380 3317 χειρός.
3433 3247 3530 3299 Τί-

1958 3347 2046 3393 νες
2067 3329 2110 3382 δ’
2143 3330 2208 3383 ἂν
2230 3328 2338 3386 εἶεν
2366 3334 2416 3386 οἱ
2453 3333 2553 3402 τῆς
2585 3334 2766 3406 χειρὸς
2791 3333 2883 3388 τοῦ
2915 3337 3047 3390 Θεοῦ
3078 3337 3260 3410 ἐχθροὶ
3293 3339 3326 3410 ἢ
3356 3340 3403 3392 οἱ
3439 3341 3530 3394 ἀν-

1959 3419 2268 3490 θιστάμενοι
2299 3425 2363 3493 τῇ
2409 3424 2487 3487 είς
2522 3423 2610 3476 τὸν
2650 3425 2926 3495 Μονογενῆ
2959 3424 3122 3479 αὺτοῦ
3149 3428 3348 3493 πίστει,
3377 3429 3530 3493 ὅστις

1959 3512 2075 3564 ἐστὶ
2108 3513 2200 3566 καὶ
2229 3514 2350 3586 χεὶρ
2381 3516 2579 3582 αὐτοῦς

2029 3603 2224 3670 Κύριε,
2265 3604 2384 3658 ἀπὸ
2427 3605 2644 3674 ὀλίγων
2683 3608 2801 3662 ἀπὸ
2859 3609 2970 3678 γῆς
3029 3610 3376 3690 διαρέρισον
3419 3615 3531 3668 αὑ-

1961 3695 2121 3760 τούς.
2156 3696 2500 3768 Χωρισθῆναι
2529 3700 2652 3763 τοὺς
2676 3700 2894 3765 ἀσεϐεῖς
2922 3702 3028 3756 τῶν
3054 3703 3248 3771 ὀλίγων
3281 3704 3523 3776 εὔχεται,

1961 3785 2120 3837 οἱονεί
2145 3802 2260 3849 πως
2299 3787 2733 3859 διαμερισθῆναι.
2761 3791 2915 3856 Τίνες
2939 3793 2996 3846 δὲ
3017 3796 3065 3846 οἱ
3093 3794 3262 3863 ὀλίγοι
3313 3797 3346 3868 ἢ
3395 3799 3530 3868 περὶ

1961 3870 2038 3929 ὧν
2065 3875 2344 3931 λέλεκται·
2376 3881 2598 3934 Πολλοὶ
2628 3881 2745 3950 μὲν
2769 3884 2997 3952 κλητοί,
3035 3886 3224 3954 ὀλίγοι
3255 3886 3324 3941 δὲ
3352 3888 3526 3942 ἐκλε-

1963 3970 2092 4022 κτοί
3526 3998 3532 4003 -

354 4134 545 4192 Daniel
564 4135 836 4190 Barbarus
851 4133 1184 4204 :Praparata
1197 4141 1302 4201 est,
1325 4132 1522 4204 inquit,
1543 4131 1648 4188 illis
1665 4132 1874 4188 occulta
1893 4149 2049 4204 paena
2067 4094 2188 4205 qua
2215 4150 2384 4204 usque
2411 4136 2475 4190 ad
2494 4136 2701 4192 viscera
2732 4138 3050 4206 penetrabit,
3062 4140 3215 4208 juxta
3234 4140 3361 4196 illud
3379 4139 3524 4212 quod

284 4227 351 4283 tle
375 4225 515 4284 Juda
536 4229 740 4284 dictum
763 4237 846 4284 est
869 4247 886 4282 :
915 4225 981 4281 Et
1013 4228 1230 4282 intravit
1252 4225 1557 4281 maledictio
1579 4228 1731 4296 quasi
1765 4242 1904 4297 aqua
1943 4230 1997 4282 in
2029 4229 2284 4282 interiora
2320 4228 2452 4292 eius,
2479 4240 2526 4280 et
2548 4231 2682 4282 sicut
2708 4231 2879 4284 oleum
2900 4232 2952 4285 in
2976 4231 3182 4286 ossibus
3209 4233 3321 4303 ejus
3350 4233 3391 4286 ³.

353 4382 426 4437 Et
457 4384 518 4438 de
538 4383 858 4438 absconditis
891 4384 996 4438 tuis
1021 4383 1333 4453 adimpletus
1359 4394 1435 4438 est
1463 4393 1634 4438 venter
1660 4399 1832 4437 eorum

2036 4385 2145 4439 Καὶ
2169 4384 2289 4439 τῶν
2325 4389 2742 4458 κεκρυμμένων
2781 4407 2896 4446 σου
2925 4392 3202 4462 ἐπλήσθη
3231 4397 3268 4464 ἡ
3299 4397 3531 4468 γαστὴρ

286 4474 572 4539 Omnibus,
602 4477 794 4546 inquit,
827 4475 1080 4546 pretiosis
1107 4473 1264 4545 potiti
1300 4484 1430 4531 sunt
1462 4491 1478 4541 ;
1510 4473 1742 4545 ideoque
1782 4475 1858 4529 ita

288 4565 719 4630 recalcitrarunt,
755 4582 814 4620 ut
855 4566 1357 4634 praevaricarentur.
1407 4563 1526 4617 Alio
1561 4566 1736 4617 modo.
1782 4561 1861 4616 De

288 4657 606 4710 absconditis
639 4657 764 4720 tuis,
810 4672 874 4711 ac
905 4658 950 4712 si
984 4657 1208 4722 diceret,
1242 4671 1381 4726 quas
1423 4663 1483 4711 tu
1530 4670 1722 4726 poenas
1762 4669 1858 4710 oc-

286 4749 429 4803 culte
465 4751 629 4813 nosti,
663 4763 765 4819 ego
798 4748 1012 4819 ignoro,
1061 4749 1129 4804 iis
1175 4749 1339 4818 imple
1381 4756 1599 4804 ventres
1643 4763 1856 4804 eorum.

284 4843 430 4912 quod
472 4841 772 4912 periphrasi
817 4841 1046 4902 dictum.
1095 4856 1217 4910 pro,
1265 4855 1358 4894 eos
1405 4840 1572 4910 ipsos.
1617 4839 1861 4895 Saturati

216 4957 224 4963 -
281 4943 402 4987 sunt
427 4933 575 4996 ﬁliis,
604 4942 654 4987 et
673 4933 986 4987 dimiserunt
1011 4931 1259 5002 reliquias
1289 4947 1417 4984 suas
1462 4930 1695 5000 parvulis
1727 4930 1864 4984 suis.

279 5027 440 5082 Omni
473 5026 660 5096 repleti
699 5032 828 5081 sunt
869 5023 1174 5093 iniquitate,
1209 5032 1261 5079 et
1293 5039 1413 5079 eam
1448 5023 1575 5080 ﬁliis
1604 5023 1863 5079 transmi-

281 5127 490 5174 serunt.

351 5203 549 5278 [Atque
573 5207 745 5278 ipsam
771 5207 1040 5278 reliquere
1066 5209 1306 5278 parvulis
1339 5209 1574 5265 ﬁliorum
1603 5222 1849 5271 suorum,

280 5296 485 5352 scilicet
515 5312 689 5368 usque
707 5298 774 5352 ad
801 5299 1144 5373 abnepotes]

353 5389 440 5444 15.
486 5391 594 5459 Ego
621 5399 794 5444 autem
820 5392 873 5444 in
896 5394 1100 5446 iustitia
1132 5393 1391 5463 apparebo
1413 5393 1711 5461 conspectui
1741 5401 1854 5448 tuo.

338 5571 373 5603 ’⁸
412 5565 578 5622 Matth
637 5583 727 5636 xx,
763 5568 845 5622 ib.
933 5572 951 5602 ³
991 5569 1131 5626 Psal.
1170 5586 1316 5637 cvm,
1350 5571 1434 5625 18.

1964 4475 2177 4530 αὐτῶν.
2217 4477 2462 4543 Πάντων,
2493 4480 2644 4551 φησὶ,
2688 4481 2796 4534 τῶν
2829 4483 3025 4553 τιμίων
3058 4484 3372 4541 ἀπέλαυσαν
3398 4507 3412 4519 ·
3447 4490 3531 4543 διδ

1966 4567 2058 4618 καὶ
2076 4567 2442 4623 ἀπελάκτισαν
2475 4569 2666 4635 οὓτως,
2689 4571 2765 4635 ὡς
2792 4574 2884 4625 καὶ
2918 4579 3272 4644 παρανομεῖν.
3309 4579 3430 4633 Τῶν
3471 4581 3530 4634 δὲ

1966 4657 2389 4724 κεκρυμμένων
2422 4674 2538 4712 σου
2566 4661 2689 4712 ἀντὶ
2712 4661 2828 4725 τοῦ,
2855 4656 2930 4716 ὧν
2950 4667 3010 4717 ὲν
3037 4667 3339 4740 ἀποκρύφῳ
3369 4688 3532 4743 τιμω·

1969 4749 2099 4819 ριῶν
2121 4749 2263 4819 ἔχεις
2287 4751 2383 4821 τὴν
2409 4753 2628 4819 γνῶσιν,
2666 4751 2776 4820 ἐγὼ
2801 4755 2999 4823 ἀγνοῶ,
3027 4757 3230 4812 τούτων
3254 4761 3532 4834 ἔμπλησον

1965 4841 2062 4903 τὰς
2091 4843 2364 4913 γαστέρας
2399 4842 2596 4908 αὐτῶν,
2641 4849 3083 4917 περιφραστικῶς
3116 4851 3269 4916 ἀντὶ,
3311 4855 3527 4920 αὐτούς.

1981 4931 2470 5000 Ἐχορτάσθησαν
2495 4931 2657 4996 υἱῶν,
2691 4935 2787 4989 καὶ
2825 4935 3068 5005 ἀφῆκαν
3097 4938 3169 4992 τὰ
3199 4941 3534 4997 κατάλοιποι

1963 5025 2084 5090 τοῖς
2136 5025 2375 5091 νηπίοις
2427 5024 2643 5079 αὐτῶν.
2698 5029 2924 5099 ﬁdem,
2984 5033 3138 5102 φησὶ,
3187 5037 3533 5108 παρανομίας

1959 5119 2328 5190 ἐπλήσθησαν,
2353 5122 2445 5175 καὶ
2469 5123 2550 5184 εἰς
2581 5123 2772 5188 παῖδας
2804 5125 2860 5178 δὲ
2884 5126 3088 5199 ταύτην
3112 5129 3500 5199 παρέπεμψαν.

2029 5209 2172 5282 [Kal
2199 5213 2402 5284 ταύτην
2433 5215 2757 5285 κατέλειψαν
2785 5220 2895 5281 τοῖς
2917 5220 3131 5290 νηπίοις
3151 5221 3259 5272 τῶν
3282 5223 3412 5275 υἱῶν
3436 5225 3532 5276 αὐ-

1957 5304 2084 5365 τῶν.
2115 5305 2279 5375 ήγουν
2316 5307 2476 5376 μέχρι
2510 5308 2767 5376 ἐκγόνων.
2796 5308 2816 5380 ]

2041 5393 2186 5463 Ἐγὼ
2221 5394 2288 5447 δὲ
2317 5396 2385 5449 ἐν
2410 5395 2761 5475 δικαιοσύνῃ
2809 5399 3143 5470 ὀφθήσομαι
3183 5402 3261 5468 τῷ
3298 5403 3526 5472 προσώ-
