3698 6268
290 214 385 271 Ill

1090 212 1147 268 S.
1187 210 1557 269 ATHANASII
1593 212 1743 269 OPP.
1773 210 1953 267 PARS
1990 210 2085 268 ιιι.
2120 239 2191 254 -
2228 207 2640 266 EXEGETICA.

3413 197 3531 254 ιια

357 329 445 384 to.
494 326 779 383 Inclinavit
841 327 1016 396 cretes,
1060 337 1108 382 et
1151 329 1437 385 descendit.
1474 330 1850 402 ,Apertissime

2024 327 2134 382 Kal
2176 328 2417 382 ἔκλινεν
2446 323 2760 394 οὐρανοὺς,
2810 322 2904 375 καί
2941 319 3175 387 κατέϐη.
3207 317 3532 371 Δευκότατα

286 422 569 492 prophetat
626 422 949 476 descensum
1002 419 1237 486 Domini,
1288 432 1342 477 et
1391 423 1497 477 hoc
1547 422 1855 492 significare

287 513 499 569 Videtur
528 531 542 567 :
578 510 892 566 Humiliauit
921 513 1253 582 semetipsum
1274 528 1433 581 usque
1463 512 1533 564 ad
1568 519 1784 565 mortem
1810 511 1849 565 ’⁵.

292 604 357 661 Et
387 606 556 677 caligo
590 606 686 660 sub
715 605 933 675 pedibus
964 606 1100 674 ejus.
1123 604 1408 661 Occultum
1451 605 1507 660 iu
1550 604 1853 669 oeconomia

287 710 384 751 seu
442 695 815 750 incarnatione
877 694 1166 749 adventum
1214 696 1503 763 signiﬁcat,
1549 702 1713 763 atque
1762 692 1854 747 Dei

288 789 711 843 invisibilitatem
747 806 762 852 ;
791 803 857 842 ne
888 789 1032 843 illius
1066 788 1246 843 verbis
1280 788 1348 843 ad
1381 803 1561 843 rerum
1592 801 1853 858 corpora-

288 879 419 933 lium
450 880 831 949 cogitationem
859 881 1258 948 pertrahuntur.

358 971 446 1026 ll.
492 972 739 1025 Ascendit
788 987 941 1039 super
986 970 1251 1024 cherubim
1296 978 1346 1024 et
1400 969 1614 1031 volavit,
1664 968 1853 1023 volarit

287 1077 442 1131 super
473 1078 669 1130 pennas
708 1072 993 1116 ventorum.
1025 1060 1469 1130 Assumptionem
1520 1060 1667 1113 illius
1704 1059 1854 1113 hisce

288 1153 514 1220 iudicat,
532 1154 811 1208 cherubim
839 1163 894 1207 et
922 1167 1126 1222 pennas
1152 1162 1435 1207 ventorum
1465 1152 1661 1205 nubent
1701 1158 1856 1205 vocat

290 1245 435 1321 [qum
475 1248 650 1317 ipsum
682 1247 920 1317 suscepit
953 1265 965 1300 :
1003 1256 1095 1301 aut
1125 1247 1387 1301 adventus
1416 1243 1618 1300 Christi
1660 1244 1857 1299 veloci-

287 1345 393 1402 tas,
420 1348 515 1391 aut
555 1337 855 1407 praesentia:
879 1345 933 1390 et
964 1338 1149 1391 auxilii
1180 1338 1326 1392 illius
1354 1336 1608 1392 celeritas
1649 1334 1857 1406 signifi-

288 1426 489 1500 catur].
536 1428 611 1483 De
652 1445 757 1499 qua
800 1429 855 1482 in
893 1428 1116 1483 Actibus
1161 1430 1417 1499 scriptum
1453 1427 1559 1485 :Et
1592 1444 1709 1481 cum
1747 1427 1857 1482 lucc

288 1521 529 1587 dixisset,
557 1521 847 1575 videntibus
878 1522 985 1577 illis
1013 1521 1239 1576 elevatus
1265 1531 1364 1588 est,
1386 1530 1432 1575 et
1454 1524 1610 1575 nubes
1630 1519 1857 1588 suscepit

290 1630 407 1669 eum
429 1613 493 1667 ab
526 1615 694 1667 oculis
715 1630 893 1668 eorum
919 1616 962 1669 ⁸.

360 1707 447 1759 12.
495 1703 563 1757 Et
592 1707 768 1776 posuit
792 1706 1026 1760 tenebras
1070 1704 1355 1759 latibulum
1380 1719 1552 1757 suum.
1581 1700 1860 1757 Occultam

291 1795 499 1849 scilicet
556 1804 610 1850 et
683 1796 940 1851 latentem
1015 1794 1312 1850 Salvator-is
1371 1810 1494 1848 cum
1552 1794 1861 1849 hominibus

290 1883 796 1939 commorationem.
872 1881 936 1936 In
1005 1869 1229 1936 circuitu
1290 1882 1402 1951 ejus
1463 1881 1860 1936 tabernaculum

289 1974 424 2044 ejus.
469 1973 902 2030 Tabernaculum
941 1985 1183 2030 sanctam
1227 1973 1524 2029 Ecelesiam
1570 1972 1857 2043 significat,

292 2065 347 2121 in
389 2082 495 2136 qua
543 2068 816 2137 pollicitus
858 2075 941 2121 est
987 2082 1045 2121 se
1090 2067 1476 2120 habitatorum.
1519 2062 1584 2117 In
1633 2064 1859 2118 circuitu

288 2154 425 2224 ejus,
459 2156 570 2221 ait,
603 2156 757 2225 juxta
796 2155 927 2210 illud
960 2173 974 2209 :
1011 2154 1111 2208 Ubi
1156 2155 1261 2208 dno
1291 2153 1366 2208 vel
1410 2164 1513 2209 tres
1556 2154 1860 2222 congregati

292 2243 489 2310 fuerint
536 2244 588 2297 in
638 2246 846 2298 nomine
886 2259 1016 2306 lllt‘O,
1048 2243 1121 2297 ibi
1158 2260 1274 2299 sum
1308 2247 1360 2296 in
1394 2245 1565 2298 medio
1607 2260 1785 2297 eorum
1816 2244 1856 2296 ⁸.

292 2333 585 2388 Tenebrosa
611 2350 749 2404 aqua
795 2337 847 2388 in
878 2335 1100 2389 nubibus
1134 2338 1294 2389 aeris.
1330 2333 1443 2389 Hoc
1476 2335 1553 2390 ait
1581 2334 1708 2405 quia
1741 2349 1862 2403 qua:

289 2426 357 2481 de
384 2426 476 2481 illo
504 2427 936 2496 pramuntiarunt
962 2429 1238 2499 propheta:
1273 2427 1510 2483 obscure
1529 2427 1730 2497 jaceut.
1755 2423 1859 2490 Qui

290 2516 566 2585 prophetae
595 2516 768 2570 nubes
798 2525 925 2571 sunt
957 2516 1234 2585 appellati.

363 2604 447 2659 l3.
499 2603 621 2658 Prae
654 2604 857 2675 fulgore
891 2606 945 2657 in
987 2615 1265 2673 conspectu
1296 2604 1409 2674 ejus
1440 2604 1600 2660 nubes
1632 2609 1859 2663 transie-

291 2707 436 2748 runt.
488 2693 717 2759 Lumen,
764 2697 959 2766 inquit,
1002 2696 1269 2751 adventus
1330 2697 1497 2758 illius.
1544 2698 1861 2756 manifestas

291 2786 525 2841 reddidit
550 2788 880 2858 prophetias.
912 2787 1082 2860 [Quia
1108 2798 1290 2844 autem
1314 2791 1766 2848 comminationcs
1804 2793 1857 2847 in

289 2878 620 2949 pt'OpliellClS
650 2879 827 2933 verbis
854 2878 1139 2945 habentur,
1170 2895 1263 2936 eas
1299 2880 1561 2950 grandine
1585 2894 1641 2937 et
1666 2882 1858 2936 carbo-

1956 418 2285 490 προφητεύει
2318 416 2415 489 τὴν
2440 415 2738 469 κατάϐασιν
2759 412 2853 466 τοῦ
2885 412 3110 483 Κυρίου.
3143 408 3241 479 Eii}
3266 408 3311 461 δ’
3337 407 3402 460 ἂν
3429 422 3505 474 ση

1958 509 2213 580 μαντικὸν
2244 509 2338 562 τοῦ
2369 525 2384 537 ·
2429 509 2855 561 Ἑταπείνωσεν
2892 502 3110 557 ἑαυτὸν
3128 501 3304 570 μέχρι
3343 496 3533 553 θανά-

1954 613 2079 650 του.
2120 596 2229 650 Kal
2261 596 2483 665 γνόφος
2512 595 2630 653 ὑπὸ
2662 594 2801 660 τοὺς
2827 592 3017 658 πόδας
3042 590 3248 645 αὑτοῦ.
3282 587 3355 642 Τὸ
3389 586 3535 656 κρύ-

1953 702 2074 755 φιον
2102 689 2199 757 τῆς
2227 686 2284 739 ὲν
2312 690 2378 757 τῇ
2416 686 2697 757 οἰκονομία
2723 685 2946 758 πορείας
2970 684 3119 755 δηλοί
3151 681 3243 736 καὶ
3266 679 3327 734 τὸ
3356 679 3534 749 ἀόρα-

1953 793 2044 829 τον
2072 776 2165 830 τοῦ
2213 777 2347 831 Θεοῦ
2381 794 2394 807 ·
2428 778 2515 830 ἵνα
2556 777 2630 848 μὴ
2668 776 2735 831 δι’
2775 771 2850 832 ὧν
2887 773 3041 829 εἶπεν
3082 777 3161 838 είς
3202 776 3534 845 σωματικὰς

1953 867 2303 937 ἑλκυσθῶμεν
2327 868 2557 932 ἐννοίας.

2039 959 2252 1027 Ἐπέϐη
2279 960 2376 1012 ἐπὶ
2405 961 2685 1029 χερουϐὶμ
2720 958 2819 1014 καί
2860 957 3181 1025 ἐπετὰσθη,
3218 952 3531 1021 ἐπετάσθη

1953 1052 2052 1106 ἐπὶ
2092 1054 2402 1121 πτερύγιον
2444 1052 2700 1120 ἀνέμων.
2750 1051 2861 1121 Τὴν
2904 1049 3168 1119 ἀνάληψιν
3220 1044 3383 1100 αὑτοῦ
3431 1046 3534 1098 διὰ

1953 1144 2157 1199 τούτων
2189 1144 2338 1216 δηλοῖ
2364 1160 2377 1175 ⁸
2418 1144 2684 1216 χερουεὶμ
2728 1144 2822 1197 καὶ
2856 1143 3130 1214 πτέρυγας
3163 1141 3376 1209 ἀνέμων
3422 1137 3531 1209 τὴν

1954 1237 2181 1308 νεφέλην
2212 1238 2343 1308 φησὶ
2373 1235 2526 1309 [ἥτις
2568 1238 2728 1290 αὑτὸν
2765 1235 3029 1289 ὑπέλαϐεν
3052 1249 3066 1263 ο
3101 1233 3134 1304 ἢ
3177 1231 3237 1285 τὸ
3267 1232 3364 1302 τῆς
3401 1232 3535 1295 ἐπι-

1956 1327 2178 1398 φανείας
2211 1328 2325 1395 ὀξὺ,
2359 1330 2421 1381 τὸ
2445 1329 2544 1398 τῆς
2574 1328 2876 1399 παρουσίας
2898 1328 2991 1381 καὶ
3031 1323 3281 1395 βοηθείας
3321 1318 3531 1392 τάχος]

1957 1422 2085 1491 περὶ
2128 1415 2195 1492 ἦς
2230 1423 2287 1473 ὲν
2319 1424 2438 1484 ταῖς
2484 1421 2722 1493 Πράξεσι
2778 1420 3087 1490 γέγραπται
3114 1433 3127 1447 ·
3174 1414 3283 1469 Kal
3336 1411 3536 1465 ταῦτα

1953 1513 2139 1566 εἰπὼν
2176 1514 2533 1577 ,ϐλεπόντων
2576 1511 2773 1566 αὐτῶν
2818 1512 3043 1579 ἐπήρθη
3073 1547 3089 1571 ,
3148 1506 3244 1561 καί
3297 1503 3534 1573 νεφέλη

1956 1603 2255 1659 ὑπέλαϐεν
2278 1604 2465 1659 αὑτὸν
2500 1604 2618 1659 ἀπὸ
2652 1604 2769 1657 τῶν
2795 1599 3115 1672 ὀφθαλμῶν
3144 1595 3361 1653 αὐτῶν.

1887 1663 1932 1718 Β
2024 1696 2132 1750 Kal
2165 1696 2332 1750 ἔθετο
2361 1698 2579 1762 σκότος
2611 1663 3207 1764 ἀποκρυφὴνῠαὺτοῦ.
3246 1690 3355 1760 Τὴν
3390 1686 3537 1755 apa-

1960 1789 2026 1859 νῆ
2061 1789 2154 1841 καὶ
2180 1787 2540 1841 λανθάνουσαν
2564 1787 2656 1841 τοῦ
2680 1786 2927 1859 Σωτῆρος
2968 1786 3063 1837 σὺν
3090 1779 3393 1853 ἀνθρώποις
3415 1778 3539 1831 δια·

1959 1874 2173 1945 τριϐήν.
2202 1877 2415 1940 Krime
2436 1875 2623 1929 αὐτοῦ
2658 1876 2697 1943 ἠ
2728 1873 2930 1943 σκηνὴ
2960 1872 3164 1928 αὑτοῦ.
3195 1870 3405 1942 Σκηνὴν
3433 1868 3538 1921 αὑ-

1959 1966 2053 2020 τοῦ
2086 1967 2183 2039 τὴν
2206 1968 2367 2036 ἁγίαν
2409 1967 2731 2037 Ἐκκλησίαν
2773 1966 3046 2037 σημαίνει,
3081 1966 3139 2017 ἐν
3170 1958 3205 2039 ᾖ
3245 1977 3535 2031 κατασκη-

1963 2056 2130 2112 νῶσαι
2157 2058 2507 2129 ἐπήγγελται.
2531 2059 2744 2122 Κύκλφ
2770 2058 2824 2111 δὲ
2851 2057 3058 2121 αὑτοῦ,
3097 2056 3250 2126 φησὶ,
3297 2052 3439 2106 κατὰ.
3465 2050 3537 2104 τὸ

1960 2149 2247 2221 εἰρημένον
2268 2167 2281 2179 ο
2302 2150 2493 2204 Ὅπου
2518 2150 2625 2205 δύο
2654 2151 2691 2218 ἢ
2722 2150 2877 2219 τρεῖς
2913 2152 3032 2203 εἱσι
3068 2145 3430 2216 συνηγμένοι
3456 2140 3539 2196 ἐν

1962 2237 2042 2309 τῷ
2064 2240 2183 2310 ἐμῷ
2209 2242 2471 2311 ὀνόματι.
2504 2242 2633 2296 ἐκεῖ
2674 2245 2791 2312 ειμι
2837 2244 2905 2296 ἐν
2930 2240 3098 2310 μέσῳ
3127 2237 3344 2292 αὐτῶν.
3377 2238 3536 2289 Exo-

1962 2333 2159 2388 τεινύν
2186 2334 2341 2402 ὕδωρ
2360 2335 2430 2387 ἐν
2448 2334 2730 2403 νεφέλαις
2755 2334 2963 2403 ἀέρων.
2994 2332 3161 2387 Τοῦτό
3186 2347 3318 2401 φησι
3346 2326 3434 2381 διά
3465 2324 3538 2379 τὸ

1960 2425 2224 2496 ἀμαυρῶς
2251 2426 2375 2489 τοὺς
2406 2428 2532 2497 περὶ
2560 2425 2721 2479 αὑτοῦ
2760 2424 2951 2491 λόγους
2990 2424 3045 2477 ἐν
3078 2427 3189 2486 τοῖς
3224 2421 3534 2493 προφήταις

1960 2518 2190 2584 κεῖσθαι,
2223 2519 2415 2582 οἵτινες
2440 2519 2533 2572 καὶ
2553 2517 2769 2586 νεφέλαι
2803 2515 3337 2590 προσηγορεύθησαν.

2044 2608 2186 2664 Ἀπὸ
2227 2608 2336 2676 τῆς
2369 2608 2794 2679 τηλαυγήσεως
2832 2607 3087 2661 ἐνώπιον
3115 2606 3300 2661 αὐτοῦ
3333 2607 3391 2658 al
3428 2621 3535 2659 νε·-

1960 2699 2135 2767 ςεέλαι
2163 2697 2433 2766 διῆλθον.
2470 2698 2542 2752 Τὸ
2575 2698 2710 2768 φῶς,
2764 2699 2916 2768 φησὶ,
2959 2699 3058 2767 τῆς
3093 2692 3411 2765 ἐπιφανείας
3438 2694 3537 2747 αὑ-

1961 2790 2055 2844 τοῦ
2090 2791 2325 2861 φανερὰς
2362 2791 2460 2855 τὰς
2494 2790 2824 2862 προφητείας
2856 2791 3130 2861 ἐποίησεν.
3167 2789 3188 2862 [
3222 2788 3437 2861 Ἐπειδὴ
3470 2789 3537 2844 δι

1962 2882 2055 2935 καὶ
2091 2882 2311 2936 ἀπειλαὶ
2356 2884 2468 2945 τοῖς
2500 2884 2856 2953 προφητικοῑς
2891 2881 3161 2951 ἔγκεινται
3192 2879 3403 2949 λόγοις,
3433 2880 3537 2932 καὶ

290 2963 452 3024 nibus
478 2969 837 3024 adumbravit.
877 2967 995 3034 Vel,
1027 2969 1132 3025 hoc
1166 2969 1323 3025 modo
1350 2989 1363 3025 :
1405 2986 1434 3025 a
1466 2971 1858 3042 praedicationis

2017 2972 2161 3036 ιύτας
2191 2972 2279 3025 διά
2312 2974 2409 3044 τῆς
2449 2974 2689 3046 χαλάζης
2727 2976 2818 3029 καὶ
2855 2974 3139 3044 ἀνθράκων
3182 2972 3418 3043 ᾐνίξατο.
3455 2971 3535 3025 Ἦ

290 3059 578 3131 splendore
618 3062 670 3114 in
716 3072 1009 3131 conspectu
1047 3062 1167 3132 ejus
1216 3070 1558 3119 transeuntes
1603 3069 1856 3135 apostoli,

292 3152 518 3207 nubium
572 3154 744 3208 instar
780 3152 1042 3208 mundum
1077 3153 1389 3224 irrigaruut.
1418 3153 1723 3211 Grandiues
1757 3174 1859 3213 au-

291 3252 400 3299 tem
426 3244 674 3313 supplicii
697 3260 865 3313 genus
894 3253 1040 3310 sunt,
1070 3245 1139 3299 ad
1173 3246 1539 3301 ulciscendum
1570 3248 1859 3322 inlideles.]

294 3334 507 3390 Grande
538 3345 586 3391 et
612 3339 861 3390 carbones
883 3337 1038 3406 ignis.
1084 3336 1177 3391 llis
1208 3353 1270 3392 ea
1302 3338 1567 3409 signiﬁcat
1592 3358 1712 3411 quae
1739 3352 1862 3411 post

294 3431 720 3498 assumptioueut
753 3429 871 3498 ejus
911 3429 1145 3486 inimicis
1182 3432 1515 3492 acciderunt,
1564 3435 1861 3503 spirituali-

292 3517 395 3573 bus
427 3520 568 3574 dico.
613 3518 1078 3585 Quemadmodum
1123 3531 1302 3577 autem
1343 3539 1468 3577 eum
1504 3524 1753 3580 lsraelem
1792 3543 1857 3580 ex

293 3605 563 3678 Egyptiis
584 3610 855 3674 liberaret,
885 3612 1198 3681 grandinem
1217 3623 1269 3667 et
1290 3615 1465 3684 ignem
1496 3630 1594 3670 ceu
1623 3617 1858 3686 pluviam

295 3702 518 3758 demisit
550 3719 565 3769 ;
597 3701 667 3756 ita
714 3711 767 3757 et
808 3717 931 3757 eum
981 3719 1171 3759 omnes
1211 3714 1398 3774 gentes
1442 3721 1506 3760 ex
1553 3708 1859 3761 dwttwnum

292 3793 553 3848 servitute
586 3793 861 3861 liberaret,
894 3795 1207 3864 grandinem
1238 3796 1421 3866 pluere
1450 3796 1646 3852 fecitet
1674 3798 1863 3852 carbo-

290 3897 395 3937 nes
437 3882 595 3953 ignis.
638 3883 828 3937 lstluee
855 3893 1037 3939 autem
1079 3884 1282 3941 fuerint
1322 3886 1546 3942 ultrices
1580 3888 1809 3943 virtutes
1843 3905 1858 3943 :

290 3973 497 4040 quibus
529 3974 893 4047 intelligtbiles
936 3975 1057 4034 illas
1086 3975 1368 4047 IEgyptias
1409 3986 1702 4047 potestates
1740 3994 1863 4037 sns-

288 4066 440 4122 tulit.

366 4155 453 4211 {6.
502 4153 570 4210 Et
615 4166 969 4227 apparuerunt
1009 4157 1179 4229 [antes
1216 4174 1499 4228 aquarum,
1543 4168 1649 4215 etc.
1706 4158 1862 4215 Post-

1961 3062 2154 3127 οὕτως,
2186 3064 2295 3117 ἀπὸ
2320 3065 2417 3135 τῆς
2448 3065 2541 3119 τοῦ
2574 3066 2926 3137 κηρύγματος
2960 3065 3284 3136 ἐκλάμψεως
3315 3064 3537 3135 ἔμπρο-

1964 3154 2089 3209 σθεν
2139 3155 2304 3210 αὐτοῦ
2356 3156 2652 3221 διελθόντες
2683 3159 2732 3211 οἱ
2764 3158 3052 3212 ἀπόστολοι
3085 3155 3324 3226 νεφελῶν
3369 3155 3536 3225 δίκην

1960 3248 2053 3302 τὸν
2074 3247 2276 3318 κόσμον
2300 3250 2437 3318 κατή
2447 3248 2691 3320 ρδευσαν.
2712 3244 2775 3302 Ai
2797 3249 2852 3301 δὲ
2869 3248 3099 3320 χάλαζαι
3120 3248 3389 3302 κολάσεων
3406 3248 3531 3319 εἴδη

1962 3340 2087 3401 τοὺς
2115 3338 2476 3401 ἀπιστοῦντας
2505 3339 2887 3409 ἀμυνόμεναι.]
2918 3338 3150 3400 Χάλαζα
3182 3339 3280 3392 καί
3311 3338 3535 3407 ἀνθρα-

1960 3448 2063 3498 κες
2095 3433 2303 3501 πυρός.
2342 3431 2440 3483 Διὰ
2464 3431 2667 3485 τούτων
2697 3432 2950 3501 σημαίνει
2979 3432 3047 3484 τὰ
3091 3430 3226 3501 μετὰ
3255 3430 3352 3501 τὴν
3392 3431 3532 3484 ἀνά-

1960 3521 2119 3595 ληψιν
2148 3521 2311 3576 αὐτοῦ
2349 3521 2729 3595 συμϐεϐηκότα
2752 3525 2863 3585 τοῖς
2892 3522 3124 3594 ἐχθροῖς,
3177 3526 3288 3587 τοῖς
3314 3526 3527 3594 νοητοῖς

1962 3630 2122 3685 φημι.
2159 3614 2367 3684 Ὥσπερ
2394 3614 2450 3667 δὲ
2478 3614 2568 3668 τὶν
2608 3614 2822 3685 Ἰσραὴλ
2861 3614 2919 3680 ἐξ
2970 3616 3281 3683 Αἰγυπτίων
3316 3615 3533 3670 ἐλευθε-

1963 3703 2073 3775 ρῶν
2125 3702 2363 3773 χάλαζαν
2396 3702 2491 3757 καὶ
2520 3702 2628 3775 πῦρ
2660 3703 2896 3773 ἔϐρεξεν,
2929 3702 3070 3756 οὗτοι
3107 3704 3200 3757 καὶ
3250 3703 3424 3757 πάντα
3458 3704 3533 3759 τὰ

1960 3793 2086 3866 ἔθνη
2117 3795 2217 3865 τῆς
2248 3794 2354 3848 τῶν
2380 3794 2648 3863 δαιμόνων
2680 3793 2922 3856 δουλείας
2949 3793 3253 3865 ἐλευθερῶν
3284 3793 3531 3866 χάλαζαν

1961 3885 2146 3958 ἔϐρεξε
2177 3884 2269 3939 καὶ
2301 3884 2577 3955 ἄνθρακας
2609 3884 2798 3956 πυρός.
2839 3883 3023 3939 Ταῦτα
3050 3885 3107 3939 δὲ
3127 3881 3236 3939 εἷεν
3260 3884 3325 3939 ἂν
3353 3902 3531 3958 τιμωη

1963 3978 2183 4048 ρητικα“ι
2209 3975 2485 4047 δυνάμεις,
2532 3973 2597 4029 δι’
2635 3968 2710 4030 ὦν
2742 3974 2841 4039 τὰς
2868 3975 3064 4048 νοητὰς
3097 3976 3391 4045 αίγυπτίας
3427 3991 3533 4030 κα-

1961 4066 2157 4124 θεῖλεν.

2030 4160 2138 4215 Kal
2167 4158 2454 4229 ὤφθησαν
2482 4161 2541 4214 al
2572 4159 2754 4229 πηγαί
2791 4158 2912 4213 τῶν
2942 4158 3203 4213 ὑδάτων.
3247 4155 3400 4214 Μετὰ
3428 4157 3532 4229 τὴν

290 4262 456 4320 quam
512 4247 709 4304 sublati
748 4248 952 4304 inimici
1000 4246 1241 4316 fuerunt,
1278 4262 1649 4321 apparuerunt
1682 4252 1858 4309 fontes

2017 4250 2278 4323 ιθαίρεσιν
2302 4250 2408 4304 τῶν
2447 4250 2657 4322 ἐχθρῶν
2689 4248 3029 4319 ὢφθησανάἱ
3063 4250 3235 4321 πηγαὶ
3264 4249 3370 4303 τῶν
3400 4248 3533 4304 ύδάο

286 4354 583 4410 aquarum,
604 4340 843 4395 salutare
871 4339 1121 4396 videlicet
1147 4338 1423 4412 Evangelii
1450 4342 1698 4407 verbum.
1716 4344 1858 4414 quod

2017 4359 2101 4413 ον’
2133 4321 2331 4415 δηλαδὴ
2389 4341 2419 4393 ὁ
2474 4321 2742 4413 σωτήριος
2794 4338 2890 4394 τοῦ
2949 4341 3279 4410 Εὑαγγελίου
3339 4339 3528 4408 λόγος,

294 4446 419 4484 vere.
462 4429 561 4485 fuit
603 4433 751 4488 orbis
804 4430 1215 4489 fundamentum
1260 4447 1469 4504 :super
1511 4450 1580 4490 eo
1625 4451 1862 4506 namque

293 4519 501 4576 fundati
528 4532 582 4577 et
606 4525 905 4578 constructi
934 4539 1145 4581 sumus.
1180 4523 1275 4580 Vel
1311 4524 1416 4580 hoc
1445 4526 1604 4581 modo
1635 4544 1649 4581 :
1683 4525 1861 4582 fontes

295 4613 531 4684 lntellige
568 4624 786 4669 sanctos
825 4615 1135 4685 prophetas,
1189 4625 1375 4687 utpote
1415 4619 1510 4689 qni
1564 4618 1857 4674 salutarem

294 4720 599 4762 sermonem
630 4706 948 4759 scaturiant.
980 4705 1053 4760 lta
1091 4722 1326 4773 namque
1364 4707 1431 4763 de
1459 4708 1564 4764 illis
1596 4710 1858 4777 scriptum

293 4806 416 4853 est:
448 4794 517 4851 Et
548 4797 801 4851 haurietis
826 4814 989 4868 aquas
1015 4814 1132 4851 eum
1157 4800 1351 4868 gaudio
1385 4802 1447 4853 de
1478 4800 1708 4869 fontibus
1740 4799 1862 4856 Sal-

294 4891 488 4944 uatoris
539 4889 580 4943 ν.
641 4888 1011 4942 Fundamenta
1061 4889 1187 4942 item
1231 4890 1379 4944 orbis
1434 4900 1609 4956 terrm,
1664 4892 1861 4963 Moysis

295 4980 681 5049 sipientissimi
728 4977 1059 5047 Scripturam
1109 4979 1343 5048 accipias
1393 4998 1406 5034 :
1453 4981 1506 5033 in
1558 4997 1623 5034 ea
1664 4983 1861 5052 quippe

297 5073 469 5143 prima
500 5073 669 5126 basim
699 5071 821 5126 fidei
865 5081 918 5127 ct
949 5072 1143 5126 divina:
1184 5073 1507 5138 cognitionis
1554 5073 1861 5129 invenimus

296 5164 612 5233 repositam,
654 5164 967 5235 mysterium
1008 5163 1207 5219 Christi
1239 5167 1291 5217 in
1333 5165 1501 5234 ligura
1536 5174 1858 5235 gestantem,

296 5264 350 5308 et
389 5254 589 5323 pariter
624 5255 680 5311 in
720 5255 1013 5325 prophetis.
1055 5257 1423 5324 Apparuernnt
1471 5256 1653 5325 igitur,
1702 5257 1860 5325 quasi

299 5344 469 5405 dicas,
492 5344 697 5399 ostensi
726 5353 878 5405 sunt.
916 5344 1023 5402 Aut
1064 5345 1241 5400 fontes
1280 5345 1547 5416 intelligas
1576 5353 1632 5400 et
1662 5343 1861 5401 funda-

376 5575 405 5609 ⁴
432 5570 665 5645 Philipp.
691 5588 751 5640 ιι,
771 5572 825 5626 8.
901 5574 922 5603 '
962 5571 1079 5628 Act.
1115 5589 1151 5636 t,
1186 5572 1237 5626 9.
1316 5574 1337 5604 ⁸
1374 5570 1561 5628 Matth.
1593 5585 1744 5639 xvm,
1767 5569 1856 5627 28.

1968 4435 2118 4498 ὅστις
2154 4434 2249 4488 καὶ
2279 4432 2527 4503 θεμέλιος
2551 4433 2650 4504 τῆς
2678 4432 3002 4505 οἰκουμένης
3031 4432 3254 4500 γέγονεν
3278 4449 3292 4463 ⁸
3326 4431 3411 4484 ἐπ’
3439 4431 3533 4485 αὑ-

1959 4525 2052 4579 τὸν
2103 4524 2209 4596 γὰρ
2252 4523 2769 4596 ὲπῳκοδομήθημεν.
2821 4525 2889 4577 Ἢ
2941 4524 3035 4577 καὶ
3087 4522 3295 4587 οὕτως·
3346 4525 3530 4593 πηγάς

1959 4616 2170 4687 νοήσεις
2189 4617 2313 4679 τοὺς
2342 4616 2530 4683 ἁγίους
2562 4617 2865 4686 προφήτας,
2907 4615 3000 4669 ἃτε
3034 4614 3098 4684 δὴ
3133 4613 3223 4667 τὸν
3262 4615 3530 4685 σωτήριον

1960 4705 2359 4771 ἁναϐλύζοντας
2388 4706 2564 4774 λόγον.
2593 4706 2747 4761 θύτω
2779 4706 2886 4778 γάρ
2934 4706 3240 4779 γέγραπται
3271 4705 3399 4777 περὶ
3428 4706 3531 4759 αὖ·

1958 4795 2098 4851 τῶν
2142 4796 2251 4849 Kal
2295 4796 2627 4861 ἁντλήσετε
2668 4796 2825 4865 ὕδωρ
2863 4797 2988 4866 μετ’
3036 4798 3422 4865 εὐφροσύνης
3459 4796 3528 4850 ἐκ

1961 4886 2167 4956 πηγῶν
2207 4887 2310 4941 τοῦ
2355 4888 2671 4954 σωτηρίου.
2718 4887 2951 4959 Θεμέλια
2977 4888 3031 4941 δὲ
3074 4887 3173 4959 τῆς
3204 4888 3529 4958 οἰκουμένης

1960 4981 2058 5050 τὴν
2085 4978 2359 5042 Μωῦσέως
2391 4977 2485 5031 τοῦ
2532 4978 2806 5047 πανσόφου
2852 4980 3094 5051 Γραφήν.
3122 4978 3377 5051 Κρηττίδα
3422 4979 3530 5051 γὰρ

1962 5073 2196 5135 πίστεως
2224 5072 2317 5123 κοιλ⁵
2339 5070 2668 5139 θεογνωσίας
2698 5072 2754 5123 ἐν
2792 5072 2928 5141 αὐτῇ
2976 5074 3067 5123 καὶ
3121 5071 3313 5142 πρώτῃ
3355 5069 3527 5123 τεθει-

1965 5160 2131 5232 μένην
2174 5160 2487 5229 εὑρήκαμεν
2518 5158 2579 5211 τὸ
2613 5159 2848 5230 Χριστοῦ
2896 5162 3192 5231 μυστήριον
3237 5160 3295 5212 ἐν
3340 5158 3530 5223 τύποις

1960 5251 2254 5305 ὠδίνουσαν
2308 5250 2423 5318 ἅμα
2465 5254 2578 5315 τοῖς
2613 5254 2938 5325 προφήταις.
2992 5254 3304 5322 Ὦξοθησαν
3353 5253 3531 5306 τοίνυν

1960 5342 2083 5400 ἀντὶ
2117 5341 2232 5408 τοῦ,
2269 5341 2709 5416 ἐφανερώθησαν.
2752 5345 2958 5414 Ἥγουν
2986 5345 3169 5417 πηγὰς
3196 5345 3410 5418 νοήσεις
3439 5346 3532 5400 καὶ

1962 5568 1983 5602 τ
2023 5564 2128 5623 lsa.
2162 5581 2236 5622 xu
2284 5566 2338 5623 5.
