3698 6268
156 311 249 364 113
1256 302 1622 364 EXPOSlTiO
1660 302 1727 361 lN
1766 304 1771 359 Ε

1946 303 2102 362 una:
2140 290 2309 365 xvu.‘
3327 304 3429 359 tu

154 427 397 496 θεμέλια
436 424 550 496 τῆς
580 426 675 478 ὑπ’
713 425 965 496 οὐρανὸν,
996 425 1122 488 τοὺς
1150 423 1341 492 ἁγίους
1380 422 1711 485 ἀποστόλους
1745 438 1761 453 ’

1945 432 2047 477 :nta
2079 421 2252 487 orbis,
2278 431 2496 477 sanctos
2530 419 2810 490 apostolos
2841 436 2857 474 :
2887 433 3013 475 nam
3048 426 3103 474 et
3144 417 3248 490 ipsi
3281 420 3429 475 salu-

156 515 605 585 ἁνιπηγάςουσι
642 514 753 586 γὰρ
785 515 880 568 καὶ
901 515 1053 568 αὐτοὶ
1072 513 1165 568 τὸν
1189 515 1453 585 σωτήριον
1484 511 1640 588 λογον
1673 512 1770 565 καὶ

1945 528 1989 567 re
2041 512 2263 567 verbum
2314 511 2647 577 scaturiunt,
2703 520 2758 567 et
2822 509 3231 567 fundamentum
3282 511 3430 569 orbis

155 612 417 684 κρηπὲδα
480 615 556 683 τῇ
608 611 700 665 ὑπ’
745 610 975 682 οὐρανὸν
1018 609 1378 665 κατεεάλοντο
1432 607 1530 678 τὴν
1564 607 1768 662 πίστιν.

1946 615 2192 667 suerunt,
2235 605 2392 659 ﬁdem
2443 604 2710 660 videlicet.
2745 603 2947 660 Fontes
2990 606 3114 660 item
3151 613 3205 661 et
3236 605 3432 664 funda-

157 704 363 773 Πηγὰς
392 703 458 756 δὲ
506 703 719 756 ὑδάτων
763 703 858 756 καὶ
887 701 1111 773 θεμέλια
1148 702 1248 772 τῆς
1276 702 1600 774 οἰκουμένης
1648 700 1771 771 νοή-

1945 708 2049 752 :nta
2087 696 2239 751 orbis
2276 696 2571 753 salutarem
2612 696 2938 766 baptismum
2967 696 3425 768 interpretaberis.

160 810 271 857 est;
304 792 496 845 πάλιν
522 792 586 845 τὸ
621 794 888 863 σωτήριον
912 790 1211 861 βάπτισμα.

245 885 399 939 Aab
458 882 864 952 émuprjaecbc
913 899 1030 937 σου
1055 922 1071 946 ,
1125 884 1325 949 Κύριε.
1381 884 1773 953 Προσυπακου-

164 975 326 1033 nios:
362 976 452 1039 τὺ,
479 975 829 1048 ἀνῃρέθησαν
867 976 916 1027 oi
955 973 1344 1046 npoisxfiévrs;
1375 972 1578 1045 ἐχθροί.
1632 970 1769 1026 Ἀπὸ

162 1068 580 1135 ἑμπνεύσεως
605 1066 946 1135 πνεύματος
982 1064 1167 1134 ὀργῆς
1217 1080 1354 1119 σου.
1390 1065 1465 1118 υύ
1520 1063 1773 1134 παραυτά

162 1156 298 1219 θεὸς
331 1157 569 1221 κολάζει
598 1158 723 1221 τοὺς
753 1156 1166 1227 ἁμαρτάνοντας
1191 1173 1206 1187 ³
1266 1156 1299 1226 ἢ
1351 1155 1462 1228 γὰρ
1514 1154 1579 1209 ἂν
1603 1154 1779 1226 ἄρδην.

164 1248 469 1327 ᾁπιίνλοντο
496 1266 512 1280 ο
548 1251 932 1318 προαναφωνεί
956 1248 1012 1302 δὲ
1037 1248 1135 1318 τῆς
1158 1247 1329 1319 ὀργῆς
1352 1246 1449 1311 τὰς
1479 1245 1726 1311 κολάσεις
1753 1259 1769 1277 ⁶

168 1339 509 1394 Παίὸεὐσω
552 1340 667 1409 τὰρ
694 1340 919 1407 αὐτοὺς
962 1341 1033 1394 ἐν
1074 1339 1150 1409 τῇ
1189 1339 1338 1409 ὀργῇ
1368 1340 1479 1408 τῆς
1510 1341 1770 1408 θλίψεως

169 1426 404 1481 αὐτῶν.
446 1429 563 1481 Καὶ
613 1427 770 1482 τοῦτό
810 1431 925 1482 ἐστι
958 1428 1018 1482 τὸ
1046 1429 1304 1483 ὲιιπνέειν
1354 1427 1516 1483 αὐτὸν
1557 1424 1770 1498 πνεῦμα

1942 878 2029 934 i7.
2071 877 2149 933 Ab
2200 879 2550 947 increpatione
2597 888 2708 945 tua,
2746 876 2984 933 Domine.
3035 876 3430 948 Suhintellige,

1869 971 2069 1027 sublati
2104 980 2233 1026 sunt
2263 970 2505 1041 praedicti
2540 970 2740 1026 hostes.
2778 971 2854 1026 Ab
2892 971 3234 1040 inspiratione
3267 970 3431 1040 spiri-

1869 1076 1953 1119 tus
1971 1065 2064 1118 i'rre
2087 1074 2211 1118 tute.
2241 1062 2358 1118 Non
2389 1072 2566 1119 autem
2589 1065 2767 1120 statim
2792 1080 2915 1120 cum
2943 1073 3167 1134 peccant
3184 1064 3431 1118 homines

1866 1170 1961 1210 eos
1995 1154 2135 1209 Deus
2168 1155 2354 1225 punit;
2381 1154 2505 1208 nam
2541 1154 2586 1209 si
2613 1154 2712 1209 hoc
2741 1154 2909 1221 ﬁeret,
2934 1155 3033 1224 ipsi
3071 1155 3228 1225 plane
3266 1153 3434 1207 inter-

1868 1247 2010 1301 irent
2062 1264 2075 1301 :
2116 1262 2243 1300 nam
2291 1246 2386 1300 irte
2413 1245 2682 1315 supplicia
2727 1246 2884 1316 longe
2931 1255 3059 1301 ante
3104 1243 3432 1316 praenuntiat

1866 1353 2029 1407 quam
2068 1336 2296 1406 inﬂigat.
2324 1336 2411 1392 Ait
2438 1338 2583 1393 enim
2632 1355 2651 1393 ι
2691 1336 2990 1406 Corripiam
3023 1353 3110 1391 eos
3137 1337 3191 1390 in
3220 1336 3302 1390 ira
3334 1335 3435 1390 tri-
3538 1374 3549 1391 κ

170 1521 268 1590 τῆς
304 1521 492 1591 ὀργῆς
528 1521 718 1576 αὐτοῦ.

1868 1427 2155 1483 bulationis
2188 1444 2368 1482 eorum
2401 1429 2444 1483 ⁸.
2473 1427 2542 1484 Et
2568 1428 2623 1483 in
2662 1429 2766 1485 hoc
2795 1428 2998 1484 dicitur
3026 1427 3293 1497 inspirare
3328 1425 3437 1496 spi-

1867 1518 2031 1572 ritum
2061 1518 2155 1572 ira:
2184 1533 2315 1573 sum.

246 1652 453 1707 Daniel
492 1652 765 1708 Barbarus
790 1671 809 1708 :
840 1654 986 1709 Misit
1014 1654 1079 1709 de
1124 1659 1250 1710 caelo
1293 1667 1344 1711 et
1385 1656 1587 1726 accepit
1621 1671 1721 1710 me.
1754 1653 1892 1709 Vere
1930 1652 2228 1707 humanum
2274 1668 2443 1725 genus
2482 1653 2735 1721 servavit,
2771 1653 2840 1710 de
2881 1653 3021 1709 caelo
3067 1652 3228 1709 nobis
3262 1651 3437 1709 sancti

181 1743 427 1813 Spiritus
452 1745 663 1798 donum
693 1746 1007 1802 detnittens.
1031 1746 1334 1803 Theodotio
1368 1766 1381 1803 :
1412 1747 1490 1802 De
1510 1748 1637 1802 calo
1667 1746 1893 1801 salutent
1922 1745 2054 1799 mihi
2080 1744 2288 1800 tribuit.

250 1856 686 1924 Πωσελὰὅετό
714 1874 792 1927 με
847 1859 917 1924 ἐξ
973 1860 1210 1916 ὑδάτων
1253 1861 1522 1919 πολλῶν.
1560 1862 1771 1916 ’Υδατα

1947 1861 2245 1931 Assumpsit
2270 1878 2351 1917 me
2383 1878 2447 1916 ae
2476 1862 2626 1933 aquis
2655 1861 2859 1917 multis.
2887 1860 3076 1934 Aquas
3095 1860 3230 1919 dicit
3261 1870 3437 1920 tenta-

178 1949 306 2010 τοὺς
343 1950 697 2020 πειρασμούς
730 1968 885 2021 φησι.

250 2036 389 2111 [Ἐξ
437 2041 681 2095 ὑδάτων
713 2042 983 2099 πολλῶν.
1029 2045 1237 2100 ’Ὑδατα
1283 2046 1410 2110 τοὺς
1436 2045 1772 2117 πειρασμούς

186 2146 346 2201 φησι.
375 2133 545 2200 Λέγε.
590 2137 619 2188 ὁ
660 2135 855 2188 Δαυῖδ·
884 2135 1099 2190 Ἔλαόἐ
1117 2155 1214 2206 με,
1254 2138 1388 2209 ἧτοι-
1422 2138 1527 2210 τὴν.
1564 2138 1774 2210 ἀνθρω-

190 2222 351 2276 πείαν
381 2223 587 2292 φύσινο
621 2224 1028 2298 ἐϐαπτίσθησαν
1078 2226 1186 2298 γὰρ
1237 2228 1295 2281 ὲν
1338 2230 1405 2299 τῇ
1441 2227 1623 2300 ἡμέρᾳ
1671 2228 1773 2299 τῆς

190 2312 580 2386 ηεντηκοστῆς
610 2316 744 2371 ὡσεὶ
770 2318 942 2388 ψυχαὶ
971 2319 1265 2391 τρισχίλιαι
1313 2320 1419 2377 ὑπὸ
1469 2320 1579 2378 τῶν
1633 2322 1770 2375 ἀπο-

186 2404 414 2458 στόλων.
440 2404 460 2478 J

265 2497 555 2550 Ῥὐσεταί
574 2514 651 2566 με
675 2498 744 2554 ἐκ
792 2498 914 2555 τῶν
936 2501 1165 2571 ἐχθρῶν
1202 2518 1317 2571 μου
1348 2501 1640 2568 δυνατῶν,
1671 2503 1770 2559 καί

187 2586 253 2639 ἐκ
280 2584 407 2640 τῶν
436 2590 790 2656 μισούντων
830 2608 927 2660 με.
978 2594 1070 2657 Et;
1113 2593 1182 2647 τὰ
1209 2594 1572 2665 πεπραγμένα
1625 2594 1772 2666 αὑτῷ

186 2677 277 2732 ἐπὶ
304 2682 370 2750 τῇ
402 2681 656 2753 ἁμαρτίᾳ
686 2684 785 2736 καὶ
815 2687 882 2755 τῇ
922 2686 1178 2758 μετανοίᾳ
1209 2685 1430 2756 μετέϐη.
1465 2688 1528 2741 Ὃ
1543 2686 1599 2741 δὲ
1623 2687 1773 2757 λέγει

186 2767 432 2823 τοιοῦτόν
481 2773 653 2828 ἐστιν.
693 2774 833 2846 Ἤδη
884 2777 1003 2846 μὲν,
1040 2776 1141 2845 τῆς
1178 2775 1618 2848 ὲξομολογήσεώς
1671 2794 1770 2848 μου

188 2858 504 2922 ἐπακούσας
529 2860 559 2911 ὁ
590 2859 815 2930 Κύριος,
848 2863 1038 2932 γέγονέ
1071 2881 1160 2935 μοι
1180 2867 1603 2936 ἀντιστήριτμα,
1645 2864 1773 2936 μὲλ-

189 2948 373 3013 imor;
429 2967 537 3021 μου
568 2954 989 3024 περιτρέπεσθαι
1020 2957 1113 3010 καὶ
1140 2957 1283 3027 μέγα
1318 2956 1517 3027 πτῶμα
1568 2957 1773 3028 ὑπομέ-

191 3056 317 3103 νειν,
371 3043 426 3093 εξ
466 3042 610 3112 μετὰ
645 3043 744 3114 τὴν
770 3045 1044 3115 ἁμαρτίαν
1073 3030 1151 3111 είς
1195 3047 1433 3118 παντελῆ
1482 3046 1770 3114 ἐξέπιπτον

188 3132 553 3186 ἀποστασίαν.
613 3134 759 3204 Πλὴν
808 3135 943 3189 ἀλλὰ
987 3136 1081 3191 καὶ
1126 3138 1401 3202 παντελῶς
1432 3139 1655 3208 ῥύσεταί
1699 3156 1768 3211 με

1875 1951 2076 2008 tiones.

1943 2043 1965 2117 [
1998 2045 2072 2099 De
2113 2046 2268 2118 aquis
2315 2047 2520 2104 multis.
2547 2048 2733 2120 Aquas
2764 2055 2924 2105 vocat
2962 2047 3307 2106 tentationes.
3346 2044 3442 2106 lit

1875 2135 2041 2189 David
2076 2153 2090 2190 :
2125 2138 2336 2206 Accepit
2381 2153 2483 2201 me.
2536 2138 2641 2193 hoc
2681 2149 2765 2194 est
2806 2138 3099 2194 humanam
3147 2148 3437 2195 naturam:

1871 2225 2145 2295 baptizata
2172 2240 2407 2296 namque
2430 2236 2558 2282 sunt
2583 2226 2637 2281 in
2663 2227 2751 2282 die
2775 2226 3121 2285 Pentecostes
3149 2227 3306 2299 quasi
3332 2228 3438 2284 tria

1872 2315 2040 2371 millia
2062 2316 2367 2370 animarum
2396 2316 2466 2372 ab
2484 2314 2794 2387 apostolis]

1942 2494 2039 2550 18.
2073 2493 2276 2563 Eripiet
2302 2508 2384 2547 me
2412 2493 2477 2547 de
2512 2493 2741 2547 inimicis
2767 2495 2898 2549 meis
2931 2490 3259 2564 fortissimis,
3283 2500 3334 2547 et
3370 2492 3437 2547 ab

1872 2586 1939 2639 iis
1963 2586 2054 2656 qui
2075 2585 2297 2639 oderunt
2330 2600 2431 2649 me,
2452 2593 2554 2639 etc.
2575 2584 2794 2639 Transit
2815 2584 2882 2639 ad
2910 2599 2975 2640 ea
3001 2583 3302 2644 enarranda
3317 2599 3440 2655 qua:

1873 2675 2077 2745 peccati
2123 2683 2177 2729 et
2225 2673 2561 2744 ptenitentiaa
2591 2689 2755 2730 causa
2796 2674 2939 2746 egit.
2965 2673 3121 2741 Quod
3153 2682 3334 2730 autem
3364 2674 3442 2729 ait

1871 2766 1952 2820 sic
1994 2763 2297 2832 inlelligito.
2345 2761 2464 2818 Jam
2507 2778 2627 2818 mea
2661 2763 2915 2820 exaudita
2946 2762 3288 2820 confessione
3330 2762 3443 2819 Do-

1872 2855 2054 2910 minus
2095 2853 2271 2910 factus
2310 2862 2393 2909 est
2428 2853 2561 2908 mihi
2602 2854 2660 2909 in
2715 2853 2978 2922 fulcrum,
3023 2870 3146 2911 cum
3195 2855 3442 2925 proxime

1872 2957 2018 3003 esset
2044 2957 2101 3002 ut
2125 2962 2223 3016 ego
2258 2946 2620 3011 subverterer,
2652 2946 2780 3001 etin
2813 2962 3071 3018 magnum
3098 2962 3285 3004 casum
3315 2963 3443 3003 rue-

1876 3054 1985 3093 rem
2019 3079 2035 3103 ,
2066 3038 2112 3093 si
2141 3046 2263 3108 post
2304 3046 2587 3108 peccatum
2623 3037 2681 3092 in
2718 3037 2964 3093 ultimam
2991 3038 3311 3095 decidissent
3347 3039 3444 3095 de-

1875 3128 2184 3185 fectionem.
2219 3129 2485 3184 Caeterum
2507 3145 2737 3200 prorsus
2767 3128 2856 3184 ille
2877 3130 3072 3200 eripiet
3093 3145 3202 3195 me,
3221 3138 3278 3186 et
3293 3128 3446 3185 dabit

189 3222 359 3288 5:505;
408 3224 607 3292 ἄφεσιν
639 3225 739 3296 τῆς
777 3228 1051 3299 ἁμαρτίας
1073 3229 1211 3283 κατὰ
1242 3230 1332 3284 τὸν
1358 3230 1771 3303 προφητευόμεο

1945 3218 2075 3273 ccati
2103 3218 2339 3285 veniam,
2370 3228 2612 3289 tempore
2643 3219 2910 3275 adventus
2938 3220 3061 3290 ejus
3103 3235 3133 3275 a
3163 3218 3442 3290 prophetis

187 3328 271 3366 νον
303 3316 506 3384 καιρὸν
538 3314 639 3384 τῆς
663 3317 830 3369 αὑτοῦ
860 3319 1178 3389 παρουσίας,
1223 3320 1317 3373 καὶ
1367 3320 1523 3376 τοῦτο
1551 3322 1768 3386 ποιήσει

186 3401 498 3473 εὐεργετῶν
532 3420 598 3473 με
627 3406 655 3457 ό
700 3406 924 3476 Κύριος,
958 3407 1085 3460 Ὅτι
1131 3406 1397 3475 ἠθέλησέ
1438 3425 1534 3476 με.
1590 3408 1653 3461 Εἰ
1693 3408 1769 3479 μὴ

185 3494 290 3563 γὰρ
317 3493 563 3565 ἠθέλησέ
593 3511 685 3565 με,
729 3497 829 3550 οὐκ
872 3495 938 3550 ἂν
971 3498 1062 3551 τὸν
1111 3498 1395 3569 προφήτην
1424 3496 1584 3552 αὐτοῦ
1633 3497 1771 3571 πρὸς

190 3585 254 3655 μὲ
275 3583 603 3639 ἀπέστειλε.

251 3672 368 3725 Καὶ
393 3672 812 3728 ἀνταποδώσω
838 3693 939 3743 μοι
965 3678 1200 3745 Κύριος.
1234 3677 1559 3747 Πέπεισμαι,
1583 3677 1788 3748 φησὶν,,

185 3762 263 3814 ὅτι
283 3762 431 3816 κατᾶ
451 3764 548 3816 τὶν
574 3765 765 3836 καιρὸν
788 3765 888 3835 τῆς
913 3765 1310 3839 δικαιοκρισίας
1334 3767 1520 3832 αὐτοῦ,
1550 3767 1610 3822 οὐ
1637 3784 1769 3839 μνη-

188 3854 461 3922 μοιεύσας
494 3872 596 3925 μου
627 3863 726 3920 τας
758 3857 1034 3928 ἁμαρτίας
1061 3898 1076 3922 ,
1107 3857 1251 3911 κατὰ
1297 3858 1394 3929 τὴν
1426 3858 1770 3929 δικαιοσύνην

189 3960 286 4013 μου
316 3945 717 4000 ἀνταποδώσει.
769 3947 880 4011 Τὰς
910 3948 1016 4019 γὰρ
1065 3949 1230 4012 ἄλλας
1261 3967 1361 4021 μου
1406 3950 1634 4021 πράξεις
1672 3952 1772 4016 τὰς

187 4033 243 4084 ἑν
270 4032 599 4107 δικαιοσύνῃ
624 4033 811 4107 ὥσπερ
846 4035 996 4106 ζυγῷ
1032 4035 1518 4108 ἀντιπαραϐάλλων
1551 4038 1646 4090 καὶ
1676 4039 1771 4091 ἁν-

187 4128 451 4195 τιστὴσας
501 4123 582 4195 τῷ
620 4125 971 4196 ἄμαρτήματί
1019 4143 1144 4196 μου,
1180 4126 1323 4180 κατὰ
1374 4127 1507 4180 πολὺ
1548 4128 1773 4183 πλεονα-

188 4212 388 4278 ζούσας
438 4216 671 4287 εὑρήσει
712 4216 808 4269 τοῦ
867 4218 1155 4287 γενομένου
1212 4235 1301 4289 μοι
1354 4218 1766 4290 ἁμαρτήματος.

186 4305 441 4358 Διδάσκει
479 4305 537 4358 δὲ
562 4307 591 4358 ὁ
624 4306 780 4374 λόγος
812 4306 874 4360 τδ
898 4307 1154 4361 δύνασθαι
1187 4308 1275 4361 τὸν
1308 4309 1451 4363 κατά
1476 4326 1596 4364 τινα
1621 4310 1774 4364 ἀσθέ-

187 4412 334 4451 νειαν
364 4397 717 4467 ὡλισθηκότα
742 4398 1145 4471 ἀναλαμϐάνειν
1171 4401 1360 4455 ἑαυτὸν
1381 4400 1470 4455 διὰ
1506 4400 1793 4474 δευτέρων,

189 4488 659 4559 κατορθωμάτων.

251 4576 667 4651 [Δικαιοσύνην
694 4578 794 4649 τὴν
815 4578 1050 4635 καθόλου
1077 4579 1276 4652 ἀρετὴν
1301 4579 1451 4650 λέγει
1473 4598 1488 4613 ο
1515 4581 1613 4653 τὴν
1640 4599 1780 4654 πρα-
1810 4576 1855 4633 D

187 4668 380 4739 κτικὴν
412 4668 765 4740 καθαρότητα
791 4668 988 4741 χειρῶν
1015 4673 1113 4734 τὰς
1140 4672 1451 4742 πρακτικὰς
1499 4673 1780 4744 ἐνεργείας

189 4758 527 4828 ἁμολύντους
557 4760 857 4827 γενομένας
887 4760 950 4812 τὸ
986 4761 1095 4814 ἀπὸ
1124 4759 1409 4834 βελτίστης
1444 4759 1610 4827 ἕξεως
1634 4762 1775 4820 ἀπο-

186 4849 482 4904 τελεῖσθαι.
505 4848 529 4923 ]

1878 3310 2258 3379 praenuntiam.
2297 3308 2462 3381 quue
2503 3319 2626 3376 aget
2656 3310 2922 3367 Dominus
2950 3311 3270 3369 beneﬁcium
3308 3308 3445 3365 mihi

1878 3402 2140 3468 tribuens,
2167 3401 2431 3468 Quoniam
2464 3403 2626 3459 ualuit
2666 3420 2766 3458 me.
2796 3402 2931 3459 Nam
2966 3404 3013 3460 si
3042 3420 3128 3461 me
3161 3403 3440 3470 noluisset,

1877 3507 2219 3565 nequaquam
2243 3494 2560 3564 prophetam
2591 3510 2752 3550 suum
2778 3493 2846 3550 ad
2882 3511 2970 3551 me
2994 3495 3256 3553 misisset.

1946 3668 2036 3724 21.
2080 3668 2150 3724 Et
2184 3668 2430 3724 retribuet
2473 3670 2599 3724 mihi
2641 3669 2921 3738 Dominus,
2964 3678 3068 3727 etc.
3111 3669 3444 3727 Persuasum

1878 3760 2033 3826 mihi,
2059 3759 2256 3831 inquit,
2294 3770 2396 3826 est,
2426 3777 2550 3817 eum
2579 3770 2822 3832 tempore
2856 3763 2993 3833 justi
3022 3763 3216 3834 judicii
3252 3776 3447 3833 peccs-

1880 3862 2058 3908 torunt
2103 3870 2349 3909 meorum
2396 3855 2795 3920 immemorem,
2841 3856 3138 3911 secundum
3177 3854 3444 3927 justitiam

1877 3962 2052 4001 meam
2105 3947 2241 4002 mihi
2296 3949 2714 4003 retributurum.
2769 3947 2907 4003 Cum
2955 3948 3101 4004 enim
3165 3948 3270 4002 alia
3323 3962 3447 4006 mea

1876 4053 2041 4107 opera
2066 4038 2118 4092 in
2139 4038 2352 4107 justitia
2383 4039 2528 4094 edita
2553 4040 2606 4095 in
2644 4040 2800 4097 lance
2830 4039 3244 4111 comparabitet
3273 4052 3446 4110 oppo-

1877 4138 1967 4183 net
1995 4139 2220 4200 pcrcato
2256 4146 2399 4195 meo,
2445 4132 2676 4187 multum
2716 4146 2783 4187 ea
2821 4142 3042 4202 peccato
3068 4147 3099 4186 a
3130 4146 3218 4186 me
3251 4144 3444 4201 perpe-

1877 4229 2017 4277 trato
2069 4222 2483 4291 praeponderare
2528 4224 2783 4279 inveniet.
2826 4222 3062 4279 Docetur
3099 4231 3279 4277 autem
3319 4235 3443 4276 eum

1875 4312 1970 4380 qui
2031 4309 2346 4366 inﬁrmitate
2407 4313 2673 4381 quadam.
2716 4313 2904 4382 lapsus
2964 4312 3069 4375 sit,
3130 4322 3293 4379 posse
3350 4323 3447 4378 per

1875 4401 2113 4457 secunda
2137 4404 2477 4474 bonaopera
2504 4405 2560 4458 in
2594 4403 2890 4475 pristinum
2930 4417 3000 4458 se;
3027 4402 3251 4474 gradum
3287 4399 3447 4456 resti-

1877 4501 2050 4551 tuere.

1956 4582 2273 4656 [Justitiam
2324 4599 2545 4643 omnem
2601 4585 2858 4641 virtutem
2915 4584 3095 4653 dicit»;
3155 4586 3447 4657 puritatem

1885 4691 2145 4731 manuum
2192 4676 2247 4731 in
2299 4677 2529 4748 agendo,
2578 4677 2899 4748 inculpatas-
2934 4679 3299 4750 operationes,
3327 4693 3450 4749 qua:

1885 4769 1956 4825 ab
1983 4767 2193 4838 optimo
2219 4769 2408 4827 habitu
2433 4778 2490 4825 et
2514 4767 3087 4843 affectuproeedantJ

257 5012 457 5069 Daniel
491 5013 768 5073 Barbarus
796 5029 816 5069 :
841 5013 1111 5071 Caeterum
1135 5016 1231 5085 qui
1254 5015 1371 5072 haec
1398 5015 1641 5088 loquitur
1662 5014 1799 5071 nihil
1831 5014 1934 5071 sibi
1963 5014 2155 5070 tribuit
2187 5030 2402 5086 ;.quare
2430 5017 2497 5071 ad
2531 5015 2868 5073 Salvatorem
2903 5019 3057 5073 aiunt
3094 5018 3209 5073 haec
3232 5014 3445 5082 referri,

190 5110 279 5177 qui
309 5124 379 5163 ex
400 5109 526 5177 ejus
560 5124 795 5179 persona
826 5109 973 5165 hunc
999 5109 1268 5180 psalmum
1307 5110 1501 5166 dictari
1524 5111 1715 5166 dicunt
1743 5129 1757 5165 :
1793 5109 2073 5165 Tentatum
2103 5126 2197 5181 per
2229 5112 2409 5165 omnia
2436 5111 2724 5179 secundum
2760 5112 3161 5166 similitudinem
3184 5110 3231 5165 si
3250 5123 3296 5167 τε
3325 5127 3447 5182 pec-

192 5210 309 5256 εαιο
331 5205 376 5257 ¹.
407 5200 689 5257 Justitiam
713 5218 844 5256 vero
866 5214 1022 5257 vocat
1044 5203 1099 5257 in
1140 5203 1457 5260 universum
1497 5205 1754 5260 actricem
1777 5206 2034 5260 virtutem
2066 5223 2082 5275 ;
2117 5206 2408 5277 puritatem
2437 5215 2617 5261 autem
2653 5219 2933 5266 manuum,
2965 5202 3193 5259 actrices
3216 5200 3451 5259 faculta-

189 5286 272 5349 ῑοε
307 5304 362 5349 et
382 5296 637 5352 actiones
671 5296 920 5353 sordium
954 5296 1247 5363 immunes,
1273 5307 1329 5353 et
1351 5299 1420 5354 ab
1451 5299 1659 5368 optimo
1692 5298 1881 5354 habitu
1912 5299 2342 5370 proficiscentes.
2377 5299 2645 5357 Caeterum
2672 5299 2742 5354 ab
2766 5298 2915 5354 omni
2950 5297 3212 5368 jactantia
3240 5297 3449 5354 alienas

194 5388 607 5447 benefactorum
633 5408 858 5449 suorum
890 5407 1087 5450 causas
1125 5390 1237 5446 Deo
1266 5394 1474 5450 tribuit.
1508 5392 1635 5449 Vias
1671 5404 1853 5450 autem
1883 5395 2140 5450 mandata
2164 5395 2434 5458 intelligit.
2458 5394 2574 5452 Non
2604 5394 2768 5467 impie
2798 5403 2981 5473 autem
3016 5409 3075 5452 se
3105 5397 3244 5467 gerit
3266 5392 3336 5450 ab
3358 5405 3446 5462 eo,

196 5477 510 5550 quicunque
546 5482 795 5539 veritatis
826 5484 1081 5556 dogmata
1116 5499 1173 5546 et
1203 5491 1538 5549 assertiones
1569 5492 1733 5552 nrobe
1761 5506 1826 5547 ac
1850 5503 1995 5549 recte
2032 5490 2287 5561 explicat.

258 5651 289 5683 ⁸
317 5651 445 5710 Ose.
483 5672 580 5721 ut,
614 5657 701 5712 12.
782 5662 803 5692 ³
841 5660 1003 5719 Hebr.
1042 5680 1113 5732 tv,
1151 5667 1235 5723 t5.
