3698 6268
252 310 356 368 H5

1071 309 1127 364 ὃ.
1167 306 1538 362 ΑτιιΑΝΑδιι
1575 305 1727 368 ΟΡΡ.
1768 305 1951 362 PARS
1988 305 2078 362 lli.
2119 337 2188 348 —-
2226 303 2636 363 EXEGETICA.

3368 297 3470 354 ΗΘ

314 479 405 534 22.
426 479 613 534 Daniel
632 478 902 533 Barbarus
919 492 940 530 θ
957 475 1070 530 Nec
1094 475 1249 545 impie
1265 479 1397 546 gessi
1429 494 1463 532 α
1495 475 1599 528 Deo
1621 492 1752 529 meo.
1778 474 1803 528 «1
1812 474 1946 529 ustis
1965 474 2114 530 enim
2135 476 2230 541 qui
2255 483 2502 546 prompte
2529 472 2606 528 illi
2627 479 2822 543 parent
2850 469 3150 526 mercedem
3178 435 3424 540 rependit
3449 487 3466 524 :

247 573 337 628 ille
365 584 545 628 autem
577 587 684 627 non
716 587 774 628 se
801 571 963 641 impie
987 572 1123 642 gerit
1151 572 1242 642 qui
1270 587 1395 626 vera
1425 571 1676 642 dogmata
1707 570 1951 640 suscipit.

319 667 605 740 [Quoniam
628 669 805 722 omnia
818 669 1050 739 judicia,
1074 677 1178 724 etc.
1200 666 1303 734 Qui
1333 668 1468 737 lapsi
1493 677 1623 724 sunt
1644 683 1797 736 opor-

1981 664 2150 738 [Ὅτι
2175 681 2370 718 παν-τα
2399 667 2472 718 τὰ
2501 663 2771 732 κρίματα,
2800 659 2894 712 καὶ
2924 656 2996 710 τά
3025 655 3173 726 ἑξῆς.
3221 655 3469 724 Ὠλισθη-

249 769 325 814 tet
355 769 412 814 ut
443 760 682 828 repetitis
713 761 872 814 bonis
903 761 1159 829 operibus
1195 761 1261 815 ad
1289 760 1566 814 meliorem
1601 775 1660 813 se
1690 759 1804 812 fru-

1906 758 2069 821 κότας
2094 755 2491 828 ἀναλαμϐάνειν
2522 756 2602 807 δεῖ
2630 753 2853 814 ἑαυτοὺς
2871 747 2960 803 διὰ
2987 748 3250 818 δευτέρων
3281 762 3472 818 κατορ-

247 865 365 920 gem
410 851 691 920 recipiant.
725 849 838 906 Etsi
886 859 1065 906 autem
1101 850 1414 920 investigari
1458 865 1566 904 non
1604 858 1797 920 queant

1981 851 2194 922 μάτων.
2237 850 2299 902 El
2332 849 2426 902 καὶ
2475 844 2866 918 ἀνεξερεύνητα
2907 841 3086 895 δὲκαὶ
3124 838 3194 892 τὰ
3229 837 3469 910 κρίματα

241 938 447 1009 judicia
492 941 631 1010 ejus,
685 955 849 1010 atque
896 942 1093 1011 abysso
1148 941 1452 996 consimilia
1494 940 1637 1006 sint,
1677 940 1797 1010 quia

1981 944 2002 995 ἱ
2031 941 2253 1011 ἀϐύσσῳ
2298 939 2514 992 ἐοικότα
2542 937 2630 990 διὰ
2662 935 2722 989 τὸ
2767 932 3147 1004 ἀκατάληπτον
3176 979 3189 998 ,
3239 930 3346 986 ἀλλ’
3375 923 3471 987 οὖν

247 1030 454 1086 scilicet
527 1032 1094 1101 incomprehensibilia
1163 1043 1338 1096 sunt;
1428 1039 1797 1087 verumtamen

1981 1036 2091 1089 ιντα
2116 1032 2344 1087 ἐνώπιόν
2376 1033 2492 1084 ἐστι
2519 1029 2613 1083 τοῦ
2647 1026 2943 1098 θεοφιλοῦς.
2967 1023 2991 1097 ]

243 1123 428 1178 omnia
457 1124 715 1194 religioso
743 1125 860 1179 viro
885 1126 1170 1195 praesentia
1202 1125 1377 1198 sunt.]

312 1234 402 1290 23.
449 1235 638 1290 Daniel
676 1236 948 1292 Barbarus
981 1253 1000 1290 :
1037 1238 1297 1302 Quoniam
1340 1239 1518 1292 omnia
1539 1238 1749 1308 judicia
1783 1237 1897 1307 ejus
1925 1237 1981 1291 in
2028 1242 2310 1304 conspectu
2346 1247 2479 1286 meo.
2507 1229 2611 1296 Qui
2645 1229 2940 1285 secundum
2972 1227 3139 1282 Deum
3170 1226 3335 1280 homo
3365 1235 3468 1293 est,

243 1327 487 1382 divinum
521 1329 771 1383 timorem
808 1340 933 1384 ante
960 1331 1151 1386 oculos
1179 1331 1518 1387 continenter
1547 1333 1778 1399 habens,
1819 1346 1942 1387 cum
1983 1329 2181 1385 ﬁducia
2222 1337 2278 1383 et
2323 1326 2572 1381 libertate
2609 1339 2795 1380 curam
2831 1323 2942 1379 Deo
2983 1323 3114 1394 agit.
3135 1321 3344 1378 Iudicia
3375 1319 3472 1376 Dei

245 1422 293 1477 si
321 1421 686 1493 inquirantur,
717 1426 1090 1480 inscrutabilia
1121 1436 1245 1482 sunt
1265 1435 1320 1482 et
1353 1427 1588 1496 abyssus
1612 1427 1805 1492 multa,
1827 1425 2086 1498 quoniam
2118 1432 2336 1496 propter
2362 1420 2747 1476 obscuritatem
2773 1418 3155 1490 comprehendi
3176 1425 3468 1488 nequeunt.

245 1516 385 1574 Fieri
410 1529 586 1576 tamen
621 1522 764 1577 haud
794 1531 989 1592 potest,
1023 1533 1079 1578 ut
1111 1525 1424 1595 quijudicia
1461 1525 1554 1580 Dei
1583 1540 1693 1596 pra:
1724 1524 1899 1581 oculis
1924 1523 2108 1589 habet,
2149 1536 2291 1592 aegre
2321 1519 2462 1575 ferat
2489 1517 2597 1583 Dei
2617 1513 3031 1588 providentiam,
3065 1518 3119 1566 et
3134 1507 3337 1580 judicio
3375 1504 3474 1561 Dei

243 1619 440 1670 cuncta
477 1611 690 1682 disponi
722 1633 738 1683 ;
772 1632 896 1672 nam
936 1619 1022 1674 vel
1059 1636 1124 1675 ex
1153 1622 1272 1691 ipso
1295 1621 1489 1692 judicii
1530 1622 1751 1677 nomine
1793 1621 2000 1692 justum
2033 1633 2155 1674 esse
2191 1617 2460 1689 judicium
2503 1612 2890 1685 cognoscitur:
2923 1610 3014 1681 jus
3044 1607 3190 1664 enim
3231 1605 3343 1660 dat.
3375 1601 3474 1659 Vel

242 1702 513 1773 justitiam
551 1708 702 1774 dicit,
729 1726 853 1765 cum
886 1716 1068 1770 omnia
1093 1715 1296 1785 judicia
1326 1732 1447 1788 quae
1474 1718 1612 1773 citra
1632 1716 1902 1788 justitiam
1941 1716 2091 1782 liant,
2118 1729 2184 1770 eo
2212 1713 2579 1768 additamenta
2611 1706 2980 1767 nominentur,
3013 1708 3073 1755 ut
3107 1713 3215 1753 non
3243 1694 3472 1766 judicia,

245 1800 340 1859 sed
364 1801 570 1872 judicia
596 1821 849 1875 perversa
871 1809 1142 1876 dicantur.
1171 1809 1464 1881 Propterea
1489 1813 1693 1868 dictum
1723 1821 1827 1876 est,
1857 1811 2182 1882 Egrediatur
2205 1809 2472 1880 judicium
2493 1819 2789 1876 perversum
2810 1802 2874 1856 ὀ.
2897 1798 2964 1853 Et
2979 1797 3220 1867 justitias
3235 1793 3348 1862 ejus
3369 1806 3474 1844 non

244 1896 413 1966 repuli
439 1915 472 1952 a
499 1916 596 1958 me.
637 1901 920 1971 Adhaereo,
953 1905 1148 1975 inquit,
1177 1908 1406 1977 justiliis
1450 1907 1564 1964 Dei.
1613 1909 1694 1966 Ab
1739 1909 1848 1964 illis
1885 1909 2030 1964 enim
2067 1907 2346 1970 recedunt,
2383 1904 2474 1976 qui
2520 1919 2614 1959 eas
2650 1916 2758 1957 non
2792 1896 3209 1966 amplectuntur.
3243 1886 3476 1943 iustitiae

244 2001 372 2047 ’τεΓο
395 1988 501 2058 Ῐέοο
528 1991 650 2050 loco
686 1993 959 2061 dicuntur,
995 2013 1115 2067 qua:
1140 1999 1363 2066 justitia:
1387 2015 1552 2056 causa
1579 2010 1635 2056 et
1677 2000 1949 2068 aequitatis
1984 2000 2100 2070 lege
2139 1998 2348 2054 sancita
2387 2005 2533 2060 sunt,
2566 2003 2627 2049 ut
2657 1992 2788 2048 illud
2825 2007 2840 2045 :
2873 1987 2934 2043 Si
2953 2002 3095 2042 emas
3131 1999 3332 2040 servum
3366 1980 3474 2036 He-

244 2077 440 2134 θηεαηι
459 2083 522 2146 ¹¹ι
553 2092 607 2138 εἰ
642 2085 846 2156 reliqua
882 2104 898 2148 :
934 2103 1060 2150 nam
1098 2091 1251 2159 prius
1270 2091 1479 2145 dixerat
1511 2111 1524 2148 :
1564 2091 1696 2148 Hth
1727 2103 1846 2146 sunt
1865 2092 2075 2162 judicia
2102 2106 2218 2161 quae
2245 2105 2498 2160 propone:
2524 2088 2598 2141 eis
2625 2087 2689 2140 “.
2720 2081 2920 2138 Verum
2947 2094 3070 2135 cum
3096 2076 3336 2146 justitias
3365 2089 3474 2130 una

243 2185 369 2226 cum
390 2172 612 2242 judiciis
638 2177 899 2241 nominet,
930 2192 1192 2247 purgatos
1214 2196 1276 2235 ac
1306 2181 1562 2250 probatos
1602 2181 1696 2238 Dei
1740 2197 2022 2238 sermones
2051 2182 2134 2236 hae
2157 2181 2385 2252 justitias
2421 2177 2728 2248 signiﬁcare
2767 2181 3017 2245 possunt.
3055 2168 3158 2236 Qui
3193 2180 3475 2222 sermones

243 2279 367 2319 cum
412 2265 761 2334 judicantur,
819 2286 916 2326 nec
965 2271 1120 2342 argui
1181 2286 1280 2326 nec
1343 2273 1575 2342 perverti
1639 2275 1887 2344 possint,
1931 2273 2138 2342 judicia
2206 2279 2612 2339 nuncupantur.
2670 2265 2949 2320 Justorum
3010 2274 3226 2330 quoque
3271 2256 3476 2329 cogit»

245 2357 417 2414 tiones
445 2363 754 2430 pandet-atat
783 2373 835 2420 et
857 2366 1093 2435 probatae
1117 2367 1421 2437 diligenter,
1459 2383 1584 2423 cum
1620 2370 1827 2425 similes
1852 2367 2160 2440 mquilibrio
2185 2366 2315 2433 sint,
2342 2364 2548 2436 judicia
2577 2361 2770 2418 merito
2795 2358 2903 2414 dici
2934 2362 3183 2426 possunt.

313 2449 504 2508 Daniel
535 2451 850 2514 Barbarus:
881 2454 950 2508 Et
969 2457 1380 2526 justiﬁcationes
1413 2459 1527 2528 ejus
1557 2476 1659 2515 non
1691 2468 2014 2516 recesserunt
2058 2476 2091 2514 a
2132 2473 2235 2512 me.
2265 2455 2516 2513 Mandata
2551 2453 2797 2523 intelligit
2827 2464 2926 2520 per
2953 2444 3388 2518 justiﬁcatioueS,
3419 2450 3476 2496 et

243 2540 513 2602 decedunt
533 2545 604 2599 ab.
637 2546 748 2606 illis
774 2548 868 2616 qui
897 2562 960 2602 ea
989 2564 1097 2602 non
1122 2549 1435 2605 admittunt.

312 2660 403 2716 26.
446 2661 580 2717 Cum
604 2675 787 2719 sancto
809 2677 1022 2720 sanctus
1045 2651 1386 2724 erisiMerito
1417 2670 1525 2725 tuis
1544 2685 1631 2724 me
1649 2669 1797 2724 bene-

1983 2667 2144 2722 Μετὰ
2180 2666 2357 2721 ὁσίου
2385 2663 2552 2731 ὅσιος
2589 2663 2727 2731 ἔσῃ.
2757 2661 2998 2724 Εἰκότως
3039 2656 3379 2730 κατηξίωσός
3408 2675 3477 2728 με

244 2754 384 2810 liciis
430 2755 686 2825 dignatus
735 2772 795 2813 es
833 2776 847 2812 ι
895 2774 1020 2813 nam
1063 2770 1286 2816 sanctus
1333 2776 1458 2816 cum
1507 2761 1605 2834 sis,
1662 2762 1797 2816 nosti

1983 2777 2011 2823 ς
2044 2759 2142 2830 σῆς
2177 2757 2492 2832 εὐεργεσίας
2521 2773 2534 2786 °
2570 2754 2864 2827 ἐπειδήπερ
2888 2795 2903 2819 ,
2933 2753 3137 2817 δίκαιος
3190 2753 3264 2805 ὢν
3289 2795 3304 2818 ,
3331 2748 3479 2815 οἶδας

246 2859 370 2900 curn
404 2855 596 2902 sancto
627 2849 974 2905 sarnctiticari.
1017 2847 1074 2905 Si
1109 2851 1253 2905 enim
1282 2852 1336 2907 in
1374 2862 1594 2922 peccato
1626 2866 1797 2921 perse-

1981 2853 2057 2907 ;τὰ
2083 2853 2228 2906 ὁσίου
2259 2851 2646 2906 ὀσιοῦσθαι..Εί
2681 2849 2792 2922 γὰρ
2835 2851 2984 2925 ήμην
3023 2847 3378 2920 ὲναπομείνας
3409 2848 3478 2919 τῇ

244 2952 545 3004 verassem,
571 2941 701 2995 etin
733 2940 948 2996 ruinam
971 2940 1215 2998 funditus
1242 2943 1428 3013 lapsus
1451 2959 1652 3011 essem,
1684 2944 1797 2998 novi

1981 2945 2162 3016 ιαρτίᾳ
2194 2945 2289 2998 καὶ
2317 2943 2552 3013 παντελῆ
2586 2941 2912 3014 διαστροφὴν
2960 2940 3258 3012 ὑπομείνας
3284 2979 3298 3005 ,
3339 2934 3480 3003 οἶδα,

246 3039 302 3084 to
321 3045 539 3102 quoque
567 3047 823 3101 maguum
845 3032 1104 3101 judicem,
1130 3034 1197 3088 de
1213 3041 1431 3104 peccato
1455 3049 1576 3088 meo
1596 3050 1797 3104 azquum

1983 3053 1998 3088 ι
2022 3035 2116 3088 καὶ
2147 3037 2211 3090 σὺ
2237 3035 2394 3098 αὐτὸς
2419 3036 2447 3086 ὁ
2480 3035 2653 3107 μέγας
2675 3035 2870 3105 κριτὴς
2896 3037 2962 3106 τῇ
2986 3035 3091 3105 ἐμῇ
3121 3033 3360 3105 ἁμαρτίᾳ
3381 3049 3482 3084 κα-

243 3121 511 3194 judicium
535 3124 1013 3194 pronuntiaturum
1049 3123 1239 3181 fuisse.
1272 3125 1343 3180 At
1377 3125 1598 3196 quando
1628 3134 1814 3181 custo-

246 3215 358 3271 divi
395 3215 510 3272 vias
539 3227 681 3283 tuas,
727 3217 847 3273 ideo
876 3226 934 3272 tu
971 3218 1064 3288 qui
1105 3233 1229 3273 cum
1262 3227 1454 3274 saneto
1501 3227 1722 3274 sanctus
1755 3233 1816 3274 es

246 3317 455 3366 etcum
490 3311 777 3366 innocente
819 3311 1102 3378 innocens,
1151 3327 1495 3383 nequaquam
1547 3327 1661 3367 rem
1697 3311 1815 3367 dis-

247 3403 478 3472 posuisti
522 3403 823 3460 secundum
877 3404 1028 3474 illum
1085 3404 1448 3476 perniciosum
1509 3413 1708 3458 statum
1758 3405 1815 3459 in

248 3509 360 3565 quo
401 3503 552 3551 certo
607 3505 848 3566 tempore
885 3506 1134 3552 versatus
1185 3510 1328 3560 sum,
1381 3495 1475 3550 sed
1514 3495 1816 3551 secundum

247 3587 414 3643 vitam
446 3589 777 3671 quarexinde
804 3588 1090 3656 subsecuta
1119 3597 1222 3653 est,
1245 3596 1298 3656 et
1330 3589 1498 3651 vitam
1522 3589 1575 3642 in
1603 3588 1815 3658 justitia
1841 3611 1858 3632 ο

249 3688 448 3748 actam,
480 3681 830 3752 promeritam
861 3681 994 3736 mihi
1030 3683 1441 3750 retributionem
1470 3682 1526 3741 in
1561 3681 1817 3737 tribunali

249 3769 341 3825 illo
371 3780 465 3826 tuo
487 3771 752 3842 largieris.

317 3858 411 3913 28.
453 3859 714 3931 Quoniam
746 3871 800 3917 tu
831 3865 1082 3933 populum
1121 3864 1369 3919 humilem
1397 3865 1599 3919 salvum
1629 3864 1816 3933 facies.
1844 3878 1888 3938 ο

250 3949 330 4004 Ad
354 3949 582 4005 chorum
619 3953 788 4019 mittit
829 3955 1219 4025 apostolorum.
1254 3955 1325 4008 Et
1363 3955 1540 4009 oculos
1572 3958 1822 4024 superbo-

252 4058 369 4097 rum
388 4043 712 4101 humiliabls.
741 4043 855 4100 Hoc
877 4045 1048 4112 tendit
1081 4046 1133 4100 in
1161 4043 1378 4112 Scribas
1411 4056 1466 4101 et
1491 4045 1820 4114 Pharisaecs.

318 4221 410 4277 29.
446 4221 709 4287 Quoniam
739 4233 795 4277 tu
821 4225 1146 4294 illuminabis
1191 4223 1457 4278 lucernam
1490 4238 1680 4287 meam,
1711 4221 1818 4275 Do-

251 4314 409 4368 mine.
435 4313 670 4369 Mentem
697 4315 794 4372 ait.
837 4315 976 4370 Deus
1017 4332 1181 4382 meus,
1214 4313 1539 4368 illuminabis
1579 4313 1813 4367 tenebras

253 4421 438 4471 meas;
469 4408 850 4477 ignorantiam,
876 4409 1071 4480 inquit,
1105 4422 1277 4462 meam
1307 4405 1618 4476 dissipabis.

325 4497 414 4552 30.
455 4498 712 4563 Quoniam
748 4502 802 4555 in
837 4511 883 4556 te
918 4503 1118 4571 eripiat
1151 4519 1182 4554 a
1207 4500 1510 4570 tentatione,
1535 4509 1584 4568 et
1614 4499 1669 4560 in
1710 4495 1818 4564 Deo

254 4603 367 4641 meo
420 4591 775 4659 transgredior
820 4608 1048 4645 murum.
1102 4591 1241 4664 Quia
1297 4589 1820 4658 comprehenderunt

255 4693 362 4742 me,
397 4678 592 4748 inquit,
625 4679 828 4734 inimici
859 4682 984 4746 mei,
1007 4689 1067 4735 ut
1099 4696 1185 4736 me
1221 4680 1713 4748 circumsisterent.

325 4765 724 4840 [Tentationem
771 4770 934 4824 etiam
976 4779 1136 4824 vocat
1177 4771 1527 4840 voluptatem,
1587 4778 1642 4824 et
1695 4784 1816 4823 mu-

251 4877 395 4924 rum,
419 4860 744 4933 diabolum]

323 4956 411 5011 5i.
453 4954 594 5020 Deus
655 4972 821 5021 meus,
878 4954 1157 5025 impolluta
1213 4955 1298 5016 via
1347 4956 1479 5023 eius,
1532 4963 1642 5024 etc.
1695 4950 1820 5013 Haec

252 5047 459 5114 dicens,
517 5047 980 5122 ingratitudinem,
1042 5046 1359 5118 perﬁdiam,
1416 5046 1823 5114 immorigerum

256 5136 519 5204 animum,
547 5146 602 5192 ct
628 5137 879 5192 duritiem
920 5136 1102 5192 cordis
1135 5137 1472 5206 ingratorum
1503 5143 1556 5193 et
1589 5133 1822 5188 scelera-

257 5237 433 5288 torum
465 5225 776 5295 Iudaeorum
819 5228 1010 5302 carpit.
1035 5227 1304 5293 Quoniam
1342 5225 1675 5280 Salvatorem
1718 5235 1821 5276 no-

253 5327 427 5373 strum
456 5316 732 5372 Christum
775 5317 1258 5388 reprehenderunt,
1287 5315 1442 5385 quasi
1465 5322 1654 5378 contra
1686 5311 1824 5366 divi-

256 5425 380 5464 nam
409 5410 579 5480 legem
611 5418 812 5480 ageret.
838 5408 991 5464 Dicta
1019 5424 1252 5478 namque
1277 5407 1423 5461 illius
1445 5446 1460 5466 .
1494 5405 1651 5474 quasi
1696 5403 1814 5466 bla-

254 5500 477 5571 sphema
510 5501 769 5562 conviciis
807 5510 861 5560 et
898 5500 1187 5557 calumniis
1237 5496 1590 5568 impetcbant,
1634 5504 1825 5553 mutuo

327 5681 372 5723 ⁸⁸
410 5680 609 5748 llabac.
644 5700 679 5744 ι.
715 5683 764 5738 ι.
872 5684 912 5728 ’ὃ
950 5682 1122 5737 EroJ.
1149 5678 1341 5748 xx1,2.
1423 5680 1463 5710 ¹¹
1502 5675 1626 5733 ibid.
1666 5677 1712 5732 Ι.

1911 3126 2172 3197 τάλληλον
2219 3127 2502 3197 ἐπήγαγες
2547 3125 2609 3178 τὸ
2659 3124 2854 3178 σαυτοῦ
2911 3128 3108 3196 κρῖμα.
3175 3123 3388 3194 Ἐπειδὴ
3419 3122 3480 3176 δὲ

1915 3216 2155 3286 ἐφύλαξα
2200 3217 2300 3281 τὰς
2329 3215 2481 3280 ὁδούς
2521 3233 2633 3284 σου,
2668 3215 2854 3269 τούτου
2897 3216 3055 3285 χάριν
3081 3216 3110 3269 δ
3147 3215 3282 3287 μετά
3332 3214 3482 3267 ὁσίου

1915 3309 2227 3380 ὁσιοῦμενος
2282 3309 2376 3362 καὶ
2436 3309 2571 3379 μετά
2601 3305 2776 3360 ἀθώου
2821 3306 3185 3376 ἀθωούμενος,
3233 3307 3293 3360 οὐ
3340 3306 3484 3360 κατά

1915 3401 2015 3472 τὴν
2041 3403 2099 3454 ὲν
2131 3399 2307 3472 καιρῷ
2331 3417 2434 3454 τινι
2475 3398 2845 3469 γεγενημένην
2881 3416 2970 3468 μοι
3012 3399 3339 3470 διαστροφὴν
3379 3400 3482 3470 ἡρ-

1922 3492 2092 3562 μόσω,
2126 3491 2265 3545 κατὰ
2313 3491 2370 3544 δὲ
2401 3490 2500 3562 τὴν
2555 3475 2691 3561 μετὰ
2738 3489 2912 3542 ταῦτα
2945 3489 3120 3560 ζωὴν,
3166 3489 3260 3542 καὶ
3291 3489 3384 3543 τὸν
3423 3491 3482 3543 ὲν

1917 3581 2230 3654 δικαιοσύνῃ
2260 3598 2360 3652 μου
2393 3580 2505 3652 βίον
2535 3579 2632 3652 τὴν
2659 3580 2890 3653 ἀμοιϐήν
2917 3599 3007 3657 μοι
3038 3580 3289 3652 παρέξεις
3321 3583 3377 3634 έν
3404 3579 3483 3650 τῷ

1920 3671 1997 3743 σῷ
2027 3672 2359 3746 δικαστηρίῳ

1991 3875 2119 3927 Ὀτι
2156 3872 2237 3926 σὺ
2265 3873 2419 3926 λαὸν
2449 3873 2728 3926 ταπεινὸν
2759 3871 2999 3936 σώσεις.
3045 3871 3166 3924 Ἐπὶ
3203 3869 3293 3924 τὸν
3322 3869 3481 3940 χορὸν

1917 3963 2228 4031 ἀναπέμπει
2261 3961 2368 4015 τῶν
2403 3963 2733 4016 ἀποστόλων.
2765 3961 2873 4016 Kal
2904 3960 3246 4030 ὀφθαλμοὺς
3272 3961 3485 4028 ὑπερη-

1917 4054 2124 4123 φάνων
2157 4052 2558 4119 ταπεινώσεις.
2594 4052 2763 4106 Τοῦτο
2786 4054 2863 4116 εἰς
2887 4053 3015 4115 τοὺς
3042 4048 3364 4122 Φαρισαίους
3388 4048 3484 4102 καὶ

1921 4140 2263 4214 γραμματεῖς
2291 4138 2476 4191 τείνει.

1992 4227 2112 4284 ὀτι
2158 4226 2239 4278 σὺ
2270 4223 2503 4295 φωτιεῖς
2545 4227 2778 4293 λύχνον
2802 4241 2945 4294 μου,
2979 4225 3170 4292 Κύριε.
3219 4222 3320 4277 Τὸν
3359 4221 3482 4276 νοῦν

1923 4333 2106 4393 φησιν.
2159 4318 2220 4375 '0
2249 4317 2392 4393 Θεός
2414 4333 2553 4387 μου,
2587 4320 2820 4386 φωτιεῖς
2848 4317 2910 4370 τὸ
2939 4317 3160 4382 σκότος
3198 4331 3337 4386 μου.
3371 4314 3483 4388 Τὴν

1921 4391 2159 4473 ἄγνοιαν,
2194 4407 2326 4477 φησὶ
2344 4448 2358 4472 ,
2376 4391 2484 4474 ’τὴν
2511 4407 2568 4458 έν
2594 4407 2716 4477 ἐμοὶ
2746 4407 3133 4468 διασκεδάσεις.

1992 4499 2119 4551 Ὀτι
2145 4498 2216 4551 ἐν
2241 4497 2338 4552 σοί
2362 4496 2748 4568 ρνυσθήσομαι
2780 4497 2896 4552 ἀπὸ
2940 4498 3341 4567 πειρατηρίου,
3382 4497 3484 4550 καὶ

1918 4591 1989 4644 ἐν
2020 4591 2100 4656 τῷ
2133 4591 2254 4657 Θεῷ
2288 4609 2406 4661 μου
2449 4591 2856 4662 ὑπερϐήσομαι
2892 4590 3103 4659 τεῖχος.
3141 4592 3258 4644 Ὅτι
3303 4589 3486 4661 περιέ-

1918 4678 2081 4734 λαϐόν
2114 4698 2179 4751 με
2208 4683 2258 4733 οί
2288 4681 2469 4753 ἐχθροί
2506 4698 2631 4753 μου.
2665 4682 2846 4751 φησὶν,
2879 4682 2958 4744 εἰς
2985 4681 3044 4735 τὸ
3071 4679 3409 4734 ἀποκλεῖσαι.

1991 4768 2010 4838 [
2035 4771 2390 4842 Πειρατήριον
2418 4771 2475 4823 δὲ
2509 4771 2602 4824 καὶ
2629 4770 2775 4839 λέγει
2815 4771 2913 4834 τὰς
2943 4770 3152 4842 ἡδονὰς,
3187 4770 3280 4824 καὶ
3306 4773 3485 4839 τεῖχος

1920 4858 2011 4912 τδν
2041 4859 2305 4913 διάϐολον.
2324 4857 2344 4930 ]

2004 4950 2066 5005 Ὀ
2096 4953 2239 5017 Θεός
2277 4969 2396 5020 μου
2433 4949 2668 5020 ἄμωμος
2684 4952 2721 5018 ἡ
2761 4950 2900 5016 ὁδὸς
2941 4950 3149 5005 αὐτοῦ.
3199 4948 3483 5012 Ἐνταῦθα,

1920 5044 2080 5117 (mel,
2096 5042 2195 5115 τὴν
2223 5041 2611 5112 ἀγνωμοσύνην
2631 5042 2724 5096 καὶ
2747 5041 2842 5114 τὴν
2867 5042 3064 5108 κακίαν
3087 5041 3180 5093 uni.
3208 5040 3304 5109 τὴν
3335 5040 3466 5092 am

1920 5134 1985 5205 ϐῆ
2019 5134 2246 5205 γνώμην
2281 5134 2373 5204 καὶ
2397 5133 2495 5205 τὴν
2527 5133 2866 5204 σκληρότητα
2899 5132 3005 5186 τῶν
3035 5131 3360 5202 ἀγνωμόνων
3391 5131 3486 5183 καὶ

1921 5225 2233 5296 ἀχαρίστων
2276 5224 2369 5298 καὶ
2403 5222 2841 5295 σκληροκαρδίων
2885 5221 3150 5278 Ἰουδαίων
3198 5220 3487 5291 καταμέμ-

1923 5333 2100 5386 φεται.
2143 5314 2359 5386 Ἐπειδὴ
2392 5315 2826 5386 ἐπελαμϐάνοντο
2885 5313 2976 5367 τοῦ
3030 5315 3277 5385 Σωτῆρος
3325 5313 3488 5384 ἡμῶν

1922 5407 2179 5483 Χριστοῦ,
2218 5407 2294 5478 ὡς
2318 5407 2469 5480 παρὰ
2495 5409 2590 5477 chy
2623 5408 2762 5462 θεῖον
2807 5407 3136 5479 πράττοντος
3160 5406 3341 5477 νόμον.
3371 5404 3486 5460 Καὶ

1925 5499 2029 5574 μὴν
2068 5498 2163 5567 καὶ
2189 5497 2296 5569 τῶν
2325 5498 2499 5567 λόγων
2526 5497 2689 5563 αὑτοῦ
2735 5498 3032 5569 ἐλοιδόρουν
3079 5497 3170 5551 καὶ
3206 5492 3483 5563 διέϐαλλον
