3698 6268
147 246 222 298 l2!
1267 237 1633 302 EXPOSITIO
1668 238 1719 292 In

1909 235 2109 292 Luuu
2149 234 2313 292 xvn.
3307 243 3410 301 ης

143 359 243 426 p.52".
293 374 406 411 και
438 359 495 414 οί
549 357 736 411 λοιποὶ
789 358 900 411 τῶν
959 355 1307 428 Ἰσραηλιτῶν
1344 353 1592 424 πολέμιοι
1647 350 1719 404 cu

1909 349 2214 404 raelitarum
2271 349 2484 412 hostes,
2539 347 2707 404 Deum
2767 349 3151 420 opitulator-em
3203 352 3410 410 habue-

139 451 253 500 Θεὲν
281 449 591 518 ἐσχήκασι
621 449 934 519 σύμμαχον.
1848 451 1994 498 runt.

197 539 304 594 Καὶ
329 540 641 595 ,λεπτυνῶ
670 540 894 606 αὐτοὺς
929 539 1069 594 ὡσεί
1111 537 1282 608 χοῦν.
1323 537 1565 610 Φροῦδοι,
1587 535 1719 608 φησι.

1913 535 2003 592 43.
2036 535 2107 592 Et
2139 537 2497 592 comminuam
2531 552 2618 592 eos
2664 545 2723 589 ut
2769 535 3056 604 pulverem.
3091 534 3285 605 Vacui,
3325 539 3410 596 inv

142 633 475 702 γενήσονται
554 631 837 695 παντελῶς
879 631 977 694 τῆς
1014 631 1114 701 σῆς
1152 647 1242 702 μοι
1292 630 1511 700 χάριτος
1557 645 1719 700 συνερ

1909 630 1980 694 lit,
2020 638 2205 694 erunt,
2243 639 2333 683 tua
2363 629 2497 684 mihi
2529 628 2699 701 gratia
2728 627 2940 684 fortiter
2975 631 3291 688 auxiliante.

141 721 368 792 τυῦσηςο
1587 730 1590 734 '

215 814 453 868 Ῥῦσαί
506 831 589 882 με
620 814 691 878 ἐξ
720 812 1079 882 ἀντιλογιῶν
1121 812 1297 868 λαοῦ.
1334 813 1455 870 Ἔτι
1506 809 1600 865 τοῦ
1637 811 1719 864 Κυ

1911 811 2003 868 ﬂ.
2038 812 2199 874 Eripe
2219 827 2300 864 me
2327 827 2392 864 ae
2416 813 2920 866 contradictionibus
2951 812 3150 882 populi.
3179 812 3410 867 Domino

1842 903 2050 958 scilicet
2078 903 2256 957 adhuc
2288 903 2481 959 faciem
2509 913 2786 958 avet-lente
2820 905 2888 958 ob
2910 903 3220 959 Judatorum
3255 903 3411 958 inob-

1841 997 2203 1066 sequentium,
2231 997 2539 1066 postulante
2555 1004 2735 1050 autem
2755 1005 2939 1066 gentes
2959 997 3012 1049 in
3043 996 3408 1050 lurreditatem

1841 1104 2019 1144 suam.
2040 1088 2336 1143 Constitues
2371 1104 2448 1142 me
2471 1089 2520 1141 in
2548 1097 2704 1156 caput
2726 1089 2955 1157 gentium
2985 1088 3085 1158 (4).
3119 1085 3203 1158 (Et
3228 1096 3409 1142 tamen

1841 1182 2116 1236 nescimus
2160 1180 2415 1234 Davidem
2464 1181 2718 1248 gentibus
2753 1179 3097 1249 imperasse.)
3146 1177 3250 1234 Per
3281 1193 3408 1233 eum

1841 1273 2045 1341 itaque,
2087 1272 2180 1340 qui
2208 1287 2271 1325 ex
2307 1271 2508 1326 Davide
2542 1272 2842 1326 secundum
2871 1286 3089 1325 carnem
3114 1279 3266 1324 ortus
3301 1279 3406 1336 est,

1841 1366 2098 1436 impletur
2125 1365 2428 1435 prophetia.
2472 1363 2607 1418 Nam
2638 1367 2731 1434 qui
2758 1381 2822 1419 ex
2868 1365 3072 1419 Davide
3106 1364 3407 1418 secundum

146 906 256 976 ρίου
283 905 354 958 τὸ
384 905 694 976 πρόσωπον
719 902 1200 975 ἀποστρεφομένου
1237 903 1336 974 μὲν
1365 903 1431 956 δι’
1458 902 1742 957 ἀπείθειαν

143 998 247 1052 τῶν
279 997 599 1062 Ἰουδαίων,
629 998 908 1060 αἰτοῦντος
929 998 986 1050 δὲ
1022 996 1090 1050 τὰ
1123 995 1250 1067 ἔθνη
1274 997 1353 1058 είς
1376 995 1741 1066 κληρονομίαν

143 1089 330 1144 αὐτοῦ.
371 1091 809 1158 Κιιταστήσεις
833 1107 904 1156 με
932 1093 1020 1156 εις
1049 1088 1322 1158 irascatur
1356 1088 1564 1143 ἐθνῶν.
1603 1088 1739 1141 Ἀλλ’

141 1183 240 1238 οὐκ
268 1180 445 1251 ἴσμεν
474 1182 574 1235 τὸν
605 1181 772 1235 Δαυῒδ
810 1181 934 1234 τῶν
961 1181 1128 1236 ἐθνῶν
1185 1179 1578 1251 βασιλεύσαντα
1597 1196 1611 1210 ·
1645 1181 1739 1234 οὐ-

141 1272 272 1326 ito-3v
288 1272 390 1326 διὰ
412 1273 515 1326 τοῦ
546 1272 606 1337 ἐξ
626 1273 789 1330 αὑτοῦ
816 1273 956 1328 κατὰ
980 1273 1157 1342 σάρκα
1181 1272 1458 1343 τεχθέντος
1479 1274 1512 1343 ἡ
1541 1289 1743 1344 προφη-

143 1365 262 1416 τεία
289 1361 639 1432 πληροῦται.
656 1363 716 1414 Ὀ
742 1363 851 1434 γὰρ
870 1365 934 1415 ἐκ
958 1362 1120 1415 Δαυῖδ
1135 1361 1274 1416 κατᾶ
1300 1361 1478 1433 σάρκα
1506 1361 1740 1431 τεχθεὶς,

146 1455 310 1508 Annio
342 1457 445 1508 καὶ
477 1454 644 1516 αὐτὸς
673 1454 1068 1525 ὀνομαζόμενος
1106 1454 1246 1507 κατᾶ
1284 1454 1374 1506 τὸν
1401 1453 1541 1506 θεῖον
1583 1452 1740 1517 Ἰεζε-

145 1549 292 1619 χιὴλ,
351 1548 384 1598 ὁ
423 1547 736 1616 Δεσπότης,
767 1547 914 1613 λέγω
938 1585 953 1608 ,
1000 1545 1270 1616 Χριστὸς,
1303 1545 1518 1598 πάντων
1563 1546 1742 1598 ὲὸασί-

1842 1472 2059 1511 carnem
2094 1465 2256 1512 natus
2286 1466 2389 1523 est,
2419 1465 2473 1512 et
2503 1458 2617 1526 ipse
2641 1455 2811 1510 David
2839 1465 3068 1509 vocatus
3092 1454 3245 1524 juxta
3278 1452 3410 1507 divi-

1842 1566 1972 1604 nttm
1999 1549 2361 1613 Ezechielem,
2395 1564 2590 1618 nempe
2629 1547 2893 1603 Dominus
2915 1546 3189 1610 Christus,
3226 1545 3408 1600 omni-

146 1637 307 1689 ὶευσε
366 1636 484 1689 τῶν
545 1635 749 1688 ἐθνῶν·
803 1635 892 1688 ἀεὶ
939 1634 1036 1705 μὲν
1074 1634 1148 1699 ὡς
1181 1635 1312 1698 Θεὸς
1339 1634 1447 1688 τῶν
1488 1636 1719 1688 ἁπάντωε

1909 1661 1947 1701 IS
1971 1645 2220 1715 gentibus
2260 1641 2566 1713 imperavit.
2598 1640 2665 1696 Et
2701 1639 2920 1710 quidem
2964 1647 3021 1692 ut
3063 1636 3202 1690 Deus
3232 1635 3408 1690 omni-

146 1729 462 1792 δεσπόζων,
503 1728 644 1797 μετὰ
686 1727 742 1780 δὲ
775 1728 874 1799 τὴν
897 1727 1310 1798 ἑνανθρὼπησιν
1360 1729 1454 1781 καὶ
1483 1727 1580 1798 τὴν
1617 1728 1719 1780 ἐθε-

1918 1753 1943 1792 s
1973 1752 2187 1805 semper
2214 1737 2443 1807 imperat
2470 1753 2482 1802 ;
2509 1743 2793 1804 postquam
2827 1738 3006 1785 autem
3042 1730 3206 1784 homo
3233 1727 3408 1782 factus

146 1820 369 1873 ὶούσιον
401 1821 518 1872 τῶν
546 1822 628 1883 εἰς
657 1820 820 1873 αὐτὸν
843 1821 1279 1875 πεπιστευκότων
1314 1819 1556 1873 δουλείαν
1584 1821 1738 1887 δεξά-

149 1929 338 1980 μενος.

217 2006 384 2068 Λαός
410 2002 492 2055 ὃν
514 2004 627 2056 οὐκ
653 2003 846 2072 ἔγνων
881 2001 1210 2058 ἐδούλευσέ
1233 2019 1355 2072 μοι.
1407 2003 1536 2075 [Τοῦ
1574 2002 1737 2056 αὑτοῦ

148 2094 241 2147 τοῦ
286 2094 536 2166 Χριστοῦ
564 2114 576 2122 ·
626 2095 1098 2166 ἀποστρεφόμενος
1169 2094 1278 2165 γὰρ
1322 2094 1450 2157 τοὺς
1497 2093 1739 2156 ἀπειθεῖς

165 2187 488 2250 Ἰουδαίους,
505 2189 647 2240 αἰτεῖ
667 2188 734 2241 τὰ
750 2187 876 2256 ἔθνη
897 2188 975 2250 είς
991 2185 1091 2256 κλη
1101 2184 1400 2256 ρονομίαν.]
1425 2185 1537 2238 Οὐκ
1557 2185 1739 2252 ἀγνοί-

155 2295 221 2342 ας
247 2281 372 2334 ἐστὶ
398 2278 763 2350 σημαντικὸν,
795 2277 970 2339 πάντα
995 2279 1104 2348 γὰρ
1131 2271 1272 2330 οἶδεν
1310 2275 1385 2340 ὡς
1411 2276 1542 2338 Θεός
1567 2293 1580 2306 ο
1624 2274 1737 2328 ἀλλ’

155 2371 237 2423 ὅτι
265 2370 319 2424 οἱ
347 2369 498 2423 κατὰ
525 2371 754 2441 καιροὺς
779 2370 880 2440 τὴν
907 2367 1213 2439 οἰκειότητα
1238 2367 1336 2439 τὴν
1359 2367 1493 2439 πρὸς
1523 2367 1622 2438 ἐμὲ
1661 2368 1736 2439 μὴ

159 2462 416 2530 λαχόντες
457 2460 729 2533 ἀλλότριοι
760 2461 826 2514 ἂν
857 2456 967 2514 εἷεν
992 2461 1088 2515 καὶ
1132 2458 1270 2525 ξένοι
1302 2458 1395 2512 καὶ
1420 2459 1607 2530 πόρρω
1640 2457 1738 2527 τῆς

160 2553 297 2624 ιμῆς
317 2553 628 2623 ἀπέχοντες
649 2552 1002 2620 οἰκειότητος.

235 2730 356 2795 figi
407 2729 723 2798 ἀλλότριοι
763 2726 1110 2796 ἐψεύσαντό
1148 2742 1242 2796 με.
1280 2724 1338 2779 '0
1374 2724 1594 2797 κληθεὶς
1624 2724 1739 2789 υίδς

163 2820 514 2890 πρωτότοκος
557 2817 774 2890 Ἰσραὴλ
799 2818 1078 2890 ἀλλότριος
1115 2815 1316 2888 ἐκλήθη
1345 2814 1432 2869 διὰ
1472 2815 1571 2887 τὴν
1610 2816 1737 2868 ἀπι-

163 2911 315 2966 στίαν
343 2911 485 2971 υἱός.
529 2911 649 2963 Υἱοὶ
680 2909 985 2976 ἀλλότριοι
1008 2905 1490 2976 ἐπαλαιώθησαν.
1533 2906 1648 2960 Πᾶν
1678 2904 1740 2958 τὸ

163 3003 568 3073 παλαιούμενον
598 3000 764 3070 ἐγγὺς
786 2998 1114 3071 ἀφανισμοῦ.

226 3091 318 3160 Ζῇ
351 3095 598 3159 Κύριος,
642 3090 742 3144 καί
786 3089 1112 3159 εὐλογητὸς
1137 3091 1170 3143 ὁ
1201 3088 1345 3154 Θεός
1367 3106 1506 3158 μου.
1546 3085 1741 3142 Εὑκαί·

163 3201 268 3254 ρως
302 3185 392 3245 τὸ,
423 3183 514 3252 Ζῇ
562 3185 776 3250 Κύριος
821 3183 1189 3254 ἐπεφώνησεν.
1251 3181 1467 3252 Ἐπειδὴ
1502 3181 1741 3252 ἐμνημό-

161 3293 347 3330 νευσεν
374 3277 480 3345 τῆς
502 3276 814 3344 ἀντιλογίας
841 3276 932 3328 τοῦ
967 3275 1117 3338 λαοῦ,
1140 3275 1198 3327 ἐν
1289 3275 1457 3329 ἐϐόων
1492 3274 1740 3342 λέγοντες
1775 3346 1780 3353 _

159 3365 316 3436 Αἶρε,
368 3369 505 3437 αἶρε
529 3382 544 3397 ο
597 3368 952 3435 σταύρωσον
982 3369 1188 3421 αὐτόν.
1233 3367 1340 3421 Καὶ
1379 3367 1668 3435 ὑψωθήτω
1707 3369 1740 3420 ό

161 3459 304 3526 Θεὸς
329 3459 445 3526 τῆς
472 3459 774 3525 σωτηρίας
795 3477 933 3527 μου.
969 3460 1032 3512 El
1062 3460 1155 3512 καὶ
1179 3458 1578 3512 ἐταπείνωσεν
1605 3459 1741 3512 ἐαυ-

158 3549 284 3612 τὸν,
319 3551 485 3618 φησὶ,
518 3547 723 3602 λαϐὼν
751 3547 866 3615 τὴν
908 3549 1015 3602 τοῦ
1065 3547 1289 3602 δούλου
1325 3547 1587 3616 μορφὴν,
1625 3547 1737 3600 ἀλλ’

161 3642 364 3714 irth
394 3643 570 3695 ἐστιν.
599 3642 821 3712 Ὅμοιον
865 3640 921 3694 δὲ
962 3640 1040 3711 τῷ
1072 3640 1346 3713 εἰρημένῳ
1389 3641 1468 3703 τὺ,
1510 3640 1562 3693 Ὁ
1596 3639 1742 3706 Θεὸς

157 3736 349 3790 αὑτὸν
379 3735 772 3803 ὑπερύψωσε,
805 3732 904 3786 καὶ
931 3732 1250 3801 ἐχαρίσατο
1274 3730 1434 3798 αὐτῷ
1463 3730 1648 3800 ὄνομα
1672 3730 1740 3784 τό

160 3828 310 3894 ὑπὲρ
342 3825 477 3880 πᾶν
511 3826 720 3893 ὄνομα.

236 3920 293 3972 Ὁ
321 3917 478 3983 Θεὸς
505 3920 538 3972 ὁ
562 3916 769 3982 διδοὺς
794 3914 1130 3983 ἐκδικήσεις
1169 3915 1318 3986 ἐμοί.
1361 3915 1455 3968 Ἐκ
1485 3914 1576 3968 τοῦ
1615 3913 1741 3968 ἀπί-

162 4027 285 4064 στου
325 4008 461 4062 λαοῦ
511 4007 621 4061 τῶν
677 4007 944 4060 Ἰουδαίων
976 4007 1235 4078 δηλονότι.
1276 4006 1386 4061 Καὶ
1435 4005 1740 4073 ὑποτάξας

159 4101 348 4168 λαοὺς
378 4102 488 4155 ὑπ’
536 4099 664 4168 ἐμέ.
713 4099 794 4152 Τὰ
825 4097 974 4169 ἔθνη,
1031 4099 1217 4169 φησιν,
1265 4097 1613 4166 ὑπετάγησαν
1663 4097 1739 4168 τῷ

161 4192 405 4265 Χριστῷ.
449 4193 506 4244 '0
528 4193 768 4259 ρὐτης
793 4207 912 4258 μου
952 4189 1022 4255 ἐξ
1064 4189 1296 4260 ἐχθρῶν
1321 4207 1461 4259 μου.
1493 4190 1613 4243 Τῶν
1643 4192 1742 4262 ἀρ-

162 4284 364 4353 χόντων
386 4282 487 4336 τοῦ
513 4282 574 4347 ἐξ
609 4281 822 4358 Ἰσραὴλ
851 4280 980 4335 λαοῦ
1021 4299 1202 4353 φησιν.

1837 1839 1941 1894 est,
1985 1829 2348 1883 voluntariam
2392 1827 2728 1883 credentium
2780 1824 2835 1878 in
2877 1823 3051 1892 ipsum
3088 1821 3405 1876 servitutem

1837 1919 2022 1974 subiit.

1907 2009 1998 2062 45.
2051 2006 2284 2075 Populus
2353 2021 2502 2076 quem
2564 2020 2666 2058 non
2731 2003 2947 2074 cognovi
2989 2002 3197 2058 servivit
3255 1999 3405 2055 mihi.

1849 2099 2050 2172 [Ipsius
2107 2097 2333 2163 Christi,
2375 2097 2490 2167 qui,
2531 2096 2762 2166 repulsis
2813 2094 3017 2149 Judzris
3076 2103 3133 2148 ut
3188 2091 3408 2147 inobseo

1837 2189 2174 2260 quentibus,
2261 2188 2496 2257 postulat
2577 2195 2765 2256 gentes
2838 2186 2893 2239 in
2985 2178 3403 2254 hereditatem]

1839 2282 1914 2352 (5)
1943 2279 2058 2335 Non
2087 2289 2170 2335 est
2198 2280 2313 2334 haec
2339 2279 2657 2348 ignorantia:
2680 2286 2803 2331 nota
2829 2296 2840 2331 :
2862 2287 3054 2330 cuncta
3088 2275 3230 2330 enim
3257 2273 3406 2328 novit

1837 2382 2026 2444 utpote
2068 2371 2230 2426 Deus.
2281 2370 2387 2424 Sed
2433 2369 2716 2440 quoniam,
2765 2368 2860 2431 ait,
2906 2367 2998 2438 qui
3053 2381 3148 2436 per
3187 2365 3401 2418 diversa

1837 2473 2081 2535 tempora
2133 2463 2281 2519 nulla
2339 2463 2474 2517 mihi
2532 2461 2932 2517 necessitudine
2985 2458 3159 2529 juncti
3213 2465 3402 2524 erant,

1837 2558 1998 2612 alieni
2029 2565 2083 2610 et
2117 2555 2358 2610 extranei
2394 2554 2518 2624 jure
2542 2553 2816 2619 dicantur,
2853 2562 3015 2621 atque
3046 2566 3077 2605 a
3099 2564 3216 2603 mea
3246 2546 3403 2601 lanti-

1840 2646 2077 2700 liaritate
2103 2645 2262 2714 longe
2288 2645 2504 2698 remoti.

1908 2735 1998 2791 46.
2027 2734 2160 2788 Filii
2187 2733 2347 2787 alieni
2378 2733 2582 2787 mentiti
2620 2743 2742 2786 sunt
2775 2732 2926 2786 mihi.
2956 2730 3142 2794 Israel,
3167 2731 3258 2802 qui
3294 2735 3406 2802 pri-

1838 2826 2144 2896 mogenitus
2181 2824 2497 2889 vocabatur,
2532 2824 2744 2878 alienus
2776 2824 2919 2878 illius
2955 2825 3024 2878 ob
3055 2825 3405 2878 incredulita-

1837 2926 1944 2974 tem
1989 2917 2167 2972 dictus
2199 2923 2303 2971 est.
2351 2914 2484 2968 Filii
2525 2917 2684 2969 alieni
2717 2915 2990 2968 inveterati
3040 2923 3182 2970 sunt.
3231 2914 3406 2970 Omne

1839 3011 2221 3068 inveteratum,
2246 3009 2555 3078 proximum
2589 3007 2830 3061 interitui
2859 3016 2962 3062 est.

1907 3101 1996 3154 47.
2057 3099 2193 3152 Vivit
2229 3100 2504 3160 Dominus,
2527 3107 2575 3151 et
2606 3097 2903 3150 benedictus
2943 3096 3082 3150 Deus
3110 3112 3274 3151 meus.
3301 3095 3408 3164 0p-

1837 3201 2070 3262 portune
2101 3189 2256 3252 illud,
2297 3187 2431 3241 Vivit
2462 3187 2743 3252 Dominus,
2772 3184 3100 3240 vociferatus
3131 3194 3234 3238 est.
3265 3181 3403 3248 Quia

1839 3282 2286 3339 commemoravit
2315 3279 2797 3335 contradictionem
2832 3277 3038 3346 populi,
3068 3291 3174 3344 qua
3207 3275 3407 3328 clama-

1839 3378 2017 3430 bant:
2059 3374 2220 3440 Tolle,
2269 3373 2414 3436 tolle,
2459 3372 2708 3439 cruciﬁge
2745 3386 2862 3424 eum
2909 3369 2971 3420 ¹⁹.
3025 3366 3095 3421 Ει
3141 3367 3406 3422 excitetur

1839 3469 1978 3522 Deus
2003 3467 2193 3520 salutis
2228 3482 2373 3520 meae.
2428 3464 2674 3536 Etiamsi,
2713 3463 3010 3516 Immiliat'it
3050 3461 3403 3527 semetipsum,

1840 3559 2034 3629 inquit,
2058 3559 2229 3627 farina
2253 3557 2386 3610 servi
2427 3565 2643 3624 accepta
2665 3554 2730 3621 ”,
2765 3554 3014 3608 excelsus
3050 3549 3404 3604 nihilominus

1837 3660 1940 3706 est.
1973 3649 2162 3704 Simile
2193 3659 2373 3702 autem
2405 3647 2534 3702 huic
2567 3646 2770 3700 dictum
2803 3651 2927 3698 est:
2966 3641 3106 3694 Deus
3146 3639 3424 3692 exaltari:-

1837 3742 2014 3806 illum,
2068 3751 2116 3795 et
2154 3741 2298 3794 dedit
2346 3738 2427 3793 illi
2473 3753 2658 3793 nomen
2713 3735 2851 3807 quod
2913 3742 2989 3788 est
3036 3748 3193 3802 super
3253 3745 3405 3786 omne

1838 3852 2178 3981 "oggtﬂeus
2233 3924 2323 3994 qui
2365 3919 2461 3975 das
2507 3919 2764 3974 vindictas
2813 3915 2962 3969 mihi.
3006 3915 3272 3969 Videlicet
3309 3917 3404 3968 atl-

1838 4036 2032 4075 versus
2091 4017 2362 4073 inﬁdelem
2409 4014 2668 4083 populum
2718 4010 3058 4065 Iudaeorum.
3113 4007 3178 4062 Et
3223 4006 3405 4060 subdis

1839 4111 2059 4181 populos
2108 4107 2202 4162 sub
2239 4123 2336 4160 me.
2381 4107 2602 4169 Gentes,
2655 4102 2851 4171 inquit,
2903 4101 3126 4155 Christo
3177 4096 3406 4153 subditae

1841 4204 2079 4256 luerunt.
2111 4199 2387 4256 Liber-ator
2424 4213 2564 4250 meus
2594 4194 2656 4248 de
2686 4193 2918 4248 inimicis
2955 4191 3106 4244 meis.
3142 4188 3215 4242 De
3256 4188 3406 4256 prin-

1841 4294 2057 4364 cipibus
2087 4289 2370 4345 lsraelilici
2404 4286 2610 4356 populi.

215 4376 352 4430 Ἀπὸ
369 4374 494 4429 τῶν
509 4372 1003 4443 ἐπανισταμένων
1017 4374 1108 4426 ἐπ’
1125 4372 1246 4442 ἐμέ.
1263 4371 1368 4426 Τοῦ
1385 4373 1550 4426 Ἰούδα
1564 4373 1711 4441 λέγει

1912 4384 1990 4438 Ab
2017 4382 2402 4451 insurgentibus
2427 4380 2481 4431 in
2508 4395 2608 4430 me.
2630 4375 2823 4430 Judam
2853 4374 2948 4428 ait.

227 4465 249 4540 [
282 4469 339 4522 Ὀ
361 4468 612 4535 ρύστης
632 4483 754 4534 μου
799 4465 867 4519 ἐκ
897 4464 1013 4518 τῶν
1042 4465 1272 4534 ἐχθρῶν
1311 4482 1429 4534 μου
1463 4466 1735 4534 ὀργίλων.

173 4561 266 4614 ἐκ
300 4560 399 4613 τοῦ
430 4558 564 4611 λαοῦ
599 4558 854 4612 ἀπίστου.
895 4556 1134 4628 Ὀργίλοι
1175 4556 1360 4628 ἐχθροὶ
1399 4558 1427 4612 ό
1454 4556 1740 4620 Ἰουδαϊκὸς

161 4647 286 4712 λαὸς
316 4645 674 4717 Σαμαρείτην
709 4643 872 4698 αὑτὸν
893 4643 1308 4716 κερτομοῦντες.
1359 4643 1521 4714 Ἀνὴρ
1541 4643 1597 4698 δὲ
1628 4644 1741 4698 ἄδι-

165 4756 255 4803 κος
297 4741 328 4792 ὁ
378 4738 607 4802 Ἰούδας,
653 4737 686 4808 ἢ
747 4737 997 4800 Πιλᾶτος,
1051 4735 1308 4797 ἀναιτίως
1339 4735 1592 4799 κολάσας.
1645 4735 1740 4791 Διὰ

163 4831 374 4901 τοῦτοῆ
407 4829 499 4883 διὰ
526 4830 626 4892 τὰς
661 4830 741 4892 είς
779 4829 881 4899 ἐμὲ
911 4829 1224 4900 εὐεργεσίας
1251 4829 1629 4899 εὐχαριστήσω
1659 4845 1740 4881 σοι

165 4926 257 4978 ἐπὶ
291 4924 520 4978 πάντων
551 4923 662 4975 εἴτε
698 4920 964 4976 Ἰουδαίων
987 4919 1097 4975 εἴτε
1129 4919 1319 4984 ἐθνῶν,
1355 4921 1450 4974 καὶ
1477 4923 1534 4974 ἐν
1555 4921 1742 4992 ὕμνοις

164 5014 270 5080 ἱξω
301 5015 365 5071 τὸ
391 5014 570 5088 ὄνομά
598 5012 752 5086 σου.]

241 5222 342 5275 Διὰ
365 5235 546 5274 τουτο
568 5211 1092 5286 ἑξομολογήσομαί
1133 5225 1234 5265 σοι
1273 5210 1342 5264 ἐν
1377 5210 1597 5270 ἔθνεσι,
1629 5211 1739 5264 Κύ.

173 5328 275 5379 pte.
320 5310 540 5380 Ἐπειδὴ
567 5309 636 5362 τὰ
672 5308 767 5362 καὶ
792 5305 860 5358 τὰ
892 5303 1154 5375 εἰργάσω,
1203 5300 1333 5370 ἐγὼ,
1371 5301 1532 5368 φησιν
1561 5302 1589 5354 ό
1618 5311 1743 5372 προ-

177 5401 368 5472 φήτης,
399 5396 619 5453 ἐπειδὰν
653 5397 716 5450 σὺ
745 5393 908 5457 αὐτὸς
935 5394 964 5446 ὁ
994 5391 1200 5464 Κύριος
1227 5390 1293 5444 τὰ
1333 5390 1457 5462 ἔθνη
1486 5389 1738 5463 καλέσῃς,

247 5534 289 5567 ⁸³
324 5529 484 5588 Joan.
514 5546 632 5596 nx,
666 5528 755 5583 15.
836 5525 882 5560 ¹⁰
918 5525 1153 5597 Philipp.
1188 5541 1248 5589 ll,
1286 5523 1341 5583 8.
1420 5525 1463 5558 “
1512 5522 1645 5578 ibid.
1683 5524 1735 5580 9.

245 5644 317 5716 (Α)
352 5643 478 5705 Haec
507 5643 728 5715 Origeni
753 5641 1068 5698 tribuuntur
1090 5641 1140 5696 in
1176 5639 1305 5710 Reg.
1335 5638 1384 5692 1.

1913 4474 2211 4549 [Liberator
2261 4487 2404 4524 meus
2451 4469 2516 4522 de
2567 4468 2798 4521 inimicis
2843 4467 2969 4520 meis
3018 4465 3308 4519 iracundis.
3359 4465 3404 4518 A

1840 4569 2042 4641 pepulo
2095 4564 2319 4620 inlideli.
2372 4560 2580 4614 Inimici
2651 4559 2899 4614 iracundi
2957 4569 3084 4615 sunt
3144 4554 3404 4612 Judaicus

1841 4661 2098 4731 populus,
2141 4658 2232 4728 qui
2275 4656 2434 4727 quasi
2477 4653 2822 4709 Samaritano
2864 4652 2938 4706 illi
2985 4650 3402 4706 maledicebant.

1848 4753 1938 4807 Vir
1967 4761 2148 4806 autem
2189 4750 2412 4818 iniquus
2441 4755 2525 4802 est
2561 4745 2750 4809 Judas,
2786 4754 2879 4798 aut
2913 4743 3122 4796 Pilatus
3157 4741 3248 4809 qui
3288 4740 3406 4792 sine

1841 4857 2006 4898 causa
2034 4840 2209 4910 ipsum
2243 4838 2513 4908 supplicio
2540 4835 2740 4890 aliccit.
2771 4831 3089 4901 Propterea,
3139 4837 3234 4882 aut
3278 4842 3405 4896 pro-

1840 4943 1963 5005 pter
1992 4942 2082 4986 tua
2112 4947 2236 5000 erga
2264 4946 2350 4984 me
2380 4925 2878 4995 benelicia,gratias
2906 4937 3059 4992 agam
3081 4921 3172 4974 tibi
3205 4920 3257 4972 in
3287 4933 3404 4973 om-

1843 5026 2002 5088 nibus
2052 5023 2403 5087 nationibus,
2465 5020 2581 5075 sive
2629 5016 2830 5071 Judzeis
2888 5015 3003 5067 sive
3051 5011 3322 5082 gentibus,
3352 5018 3406 5064 et

1841 5119 2058 5190 hymnis
2087 5114 2372 5171 celebrabo
2399 5110 2596 5166 numen
2634 5105 2833 5178 tuum.]

1910 5207 2202 5276 Propterea
2243 5203 2528 5272 conﬁtebor
2568 5197 2660 5252 tibi
2695 5197 2750 5249 in
2791 5194 3110 5262 nationibus,
3161 5193 3402 5248 Domine.

1840 5301 1976 5356 Cum
2018 5309 2098 5363 tu,
2148 5295 2399 5361 Domine,
2439 5295 2516 5348 ait
2557 5293 2846 5362 Propheta,
2885 5292 3000 5345 hate
3044 5299 3095 5346 et
3135 5289 3223 5342 illa
3271 5286 3403 5341 mibi

1841 5391 2177 5466 praestiteris,
2202 5389 2419 5460 quando
2443 5395 2496 5441 tu
2533 5385 2648 5454 ipse
2680 5383 2943 5440 Dominus
2967 5392 3151 5455 gentes
3179 5395 3402 5438 vocave-

1911 5587 1989 5706 (l‘i)
2017 5632 2071 5687 ln
2101 5629 2254 5704 Golb.
2286 5629 2340 5698 5,
2371 5627 2486 5686 haec
2515 5629 2824 5686 tribuuntur
2847 5627 3069 5698 Cyrillo.
