3698 6268
309 217 414 276 ηδ

1143 226 1200 282 8.
1233 228 1600 290 ATHANASII
1631 235 1782 295 OPP.
1823 238 2004 297 PARS
2040 242 2125 298 Ill.
2166 275 2233 288 —
2271 245 2685 305 EXEGETICA.

3423 255 3524 312 124

307 334 403 394 ris,
449 345 546 401 per
583 347 678 387 eas
725 333 1025 390 conﬁtebor
1076 352 1176 408 ego
1223 339 1343 403 tibi,
1390 345 1712 404 canentibus
1761 350 1864 406 illis

2032 358 2034 374 '
2087 356 2266 410 αὐτῶν
2309 375 2388 413 σοι
2435 359 3194 436 ἐξομολογήσομαι,·ᾁδόντων
3223 366 3398 424 αὐτων
3431 371 3526 436 οὕς

305 423 536 493 hymnos
558 439 696 492 quos
727 425 892 480 edidi.
929 424 1046 481 Non
1077 427 1238 484 modo
1266 441 1444 489 autem
1489 435 1590 492 hoc
1618 439 1741 505 erit,
1773 443 1867 496 sed

303 515 468 567 etiam
525 516 890 584 magnilicabo
947 519 1151 575 salutes
1201 524 1346 594 regis
1396 540 1610 595 eorum,
1664 532 1870 588 scilicet

304 607 566 674 gentium.
625 606 799 672 Quam
855 611 1086 666 salutem
1134 625 1392 684 operatus
1447 629 1532 675 est
1582 623 1635 676 in
1689 624 1868 679 medio

305 707 482 751 terra.
545 698 934 769 Magniﬁcabo,
1001 703 1054 758 id
1116 714 1220 771 est,
1267 711 1556 780 perspicue
1615 716 1867 771 omnibus

303 787 636 842 acclamabo.
662 787 797 844 Nam
823 807 966 858 eam,
994 794 1191 864 inquit,
1219 799 1450 855 salutem
1484 814 1737 872 operatus
1759 815 1863 870 est,

302 894 427 934 cum
478 881 853 937 misericordia
906 885 962 939 in
1018 888 1119 942 sibi
1180 901 1408 947 unctum
1465 896 1726 964 populum
1785 909 1869 953 est

304 987 470 1026 usus:
492 971 760 1041 siquidem
786 976 838 1029 in
870 977 1050 1048 regale
1075 983 1442 1038 sacerdotium
1476 988 1624 1042 uncti
1651 1005 1864 1046 sumus.

304 1061 406 1118 Ubi
439 1075 620 1122 autem
665 1084 784 1123 eam
821 1072 1022 1141 populo
1047 1090 1213 1144 quam
1249 1077 1383 1131 mihi
1421 1077 1614 1133 Davidi
1653 1080 1866 1135 miseri-

303 1155 543 1210 cordiam
583 1157 800 1227 feceris,
835 1162 1072 1232 idipsum
1105 1182 1322 1236 quoque
1359 1169 1424 1222 ad
1465 1185 1649 1224 semen
1685 1187 1864 1225 meum

301 1248 588 1314 pervenire
616 1251 904 1306 concedes.
939 1253 1134 1308 Semen
1159 1257 1358 1326 quippe
1391 1255 1555 1312 David
1591 1268 1673 1312 est
1703 1260 1864 1313 etiam

303 1338 543 1404 gentium
571 1341 829 1410 populus,
859 1343 1057 1413 quippe
1083 1347 1175 1414 qui
1211 1346 1355 1403 ﬁlius
1378 1350 1498 1416 eius
1531 1348 1752 1404 eﬂ‘ectus
1773 1351 1864 1413 sit,

301 1430 394 1499 qui
422 1445 488 1486 ex
525 1433 733 1487 semine
772 1435 934 1488 David
973 1438 1272 1491 secundum
1319 1455 1536 1494 carnem
1571 1448 1730 1494 natus
1759 1451 1862 1495 est.

494 1521 534 1577 1.
568 1522 635 1579 In
657 1525 814 1594 ﬁnem
846 1525 1188 1584 PSALHUS
1211 1529 1423 1590 Davidi.
1454 1529 1683 1586 XVIII.

885 1622 1288 1691 Argumentum.

1968 447 2240 518 πεποίηκα
2286 449 2505 520 ὕμνους.
2538 454 2612 506 Οὐ
2645 454 2804 524 μόνον
2848 455 2905 508 δὲ
2931 456 3107 524 τοῦτο,
3137 458 3276 512 ἀλλὰ
3301 461 3395 513 καὶ
3430 479 3520 532 μει

1966 537 2200 607 γαλυνῶ,
2251 544 2404 613 φησὶ,
2454 543 2550 609 τὰς
2589 548 2858 618 σωτηρίας
2904 549 2998 601 τοῦ
3044 550 3304 620 βασιλέως
3350 553 3530 607 αὐτῶν

1966 631 2073 684 τῶν
2098 632 2265 688 ὲθνῶν
2285 651 2298 665 ο
2323 637 2388 707 ῆν
2418 637 2639 709 ἐποίησε
2671 641 2943 712 σωτηρίαν
2971 643 3028 694 ὲν
3071 645 3221 714 μέσῳ
3249 644 3349 714 τῆς
3395 646 3522 716 γῆς.

1966 725 2311 793 Μεγωυνῶ,
2339 727 2578 782 τουτέστι
2610 734 2722 794 τοῖς
2770 734 2904 786 πᾶσι
2929 734 3198 806 διαόοήσω
3235 734 3522 807 λαμπρῶς.

1981 814 2192 886 Ἐπειδὴ
2243 817 2336 870 καὶ
2368 819 2566 890 ταύτην
2617 823 2924 892 εἰργάσατο,
2953 825 3117 903 φησι.
3163 827 3334 880 ποιῶν
3369 827 3523 882 ἔλεον

1970 905 2056 956 επὶ
2079 906 2168 958 τὸν
2200 907 2486 978 χρισθέντα
2514 910 2677 964 αὐτοῦ
2701 911 2824 966 λαόν
2845 931 2857 943 ·
2891 915 2970 977 είς
3005 914 3273 984 βασίλειον
3313 916 3423 988 γὰρ
3451 919 3526 970 ἱε-

1967 994 2212 1066 ράτευμα
2240 997 2590 1068 ὲχρίσθημεν.
2623 1001 2796 1056 Ποιῶν
2825 1002 2880 1057 δὲ
2913 1004 2989 1074 τῷ
3022 1004 3134 1075 λαῷ
3156 1006 3218 1058 τὸ
3242 1004 3388 1068 ἔλεος
3427 1007 3528 1060 καί

1969 1101 2058 1154 μοι
2091 1084 2167 1154 τῷ
2195 1085 2374 1152 Δαυῒδ,
2403 1093 2839 1160 παρασκευάσεις
2860 1095 3109 1162 γενέσθαι
3134 1095 3282 1166 αὐτῷ
3312 1097 3402 1149 καὶ
3443 1096 3529 1166 τῷ

1968 1169 2239 1240 σπέρματί
2271 1190 2392 1243 μου.
2420 1177 2645 1248 Σπέρμα
2672 1180 2779 1250 γάρ
2804 1181 2897 1234 τοῦ
2922 1182 3082 1236 Δαυῒδ
3109 1185 3203 1237 καὶ
3226 1186 3253 1236 6
3277 1183 3336 1249 ἐξ
3354 1184 3527 1237 ὲθνῶν

1965 1258 2091 1324 λαός
2107 1278 2124 1294 ο
2155 1263 2250 1316 ἇτε
2278 1264 2342 1336 δὴ
2376 1265 2613 1335 γεγονὼς
2632 1271 2819 1326 τέκνον
2839 1271 2931 1326 τοῦ
2955 1275 3018 1327 ὲκ
3043 1275 3352 1347 σπέρματος
3380 1276 3527 1330 κατὰ

1969 1351 2144 1424 σάρκα
2177 1355 2526 1426 γεννηθέντος
2555 1360 2737 1416 Δαυῖδ.

2171 1529 2275 1593 Eii;
2302 1528 2495 1597 τέλος,
2521 1533 2824 1586 ΨΑΛΜΟΣ
2852 1530 2930 1597 τῷ
2963 1531 3161 1586 Δαυΐδ.
3192 1532 3309 1588 ω’.

2575 1624 2588 1642 ⁹
2601 1625 2906 1690 Υπόθεσις.

301 1699 573 1760 lnitialem
619 1685 1004 1778 complectitur
1050 1713 1352 1769 doctrinam
1399 1715 1486 1770 hic
1518 1716 1761 1784 psalmus
1798 1732 1862 1772 ex

2035 1711 2342 1782 σαγωγικὴν
2373 1713 2715 1769 διδασκαλίαν
2748 1685 2988 1786 περιέχει
3019 1729 3048 1767 ο
3081 1716 3268 1788 παρὼν
3308 1716 3522 1789 ψαλμδς

373 1813 605 1868 persona
635 1804 1006 1870 apostolorum
1031 1805 1098 1859 ad
1129 1816 1335 1876 gentes.
1367 1805 1731 1873 Quamobrem
1755 1824 1866 1864 cce-

370 1890 481 1946 lum
516 1902 569 1947 et
601 1895 771 1949 solem
806 1909 860 1951 et
897 1898 1104 1968 reliqua
1140 1901 1427 1967 elementa,
1473 1918 1608 1972 quos
1640 1919 1867 1972 magnos

372 1981 477 2036 illa
524 1982 658 2039 deos
698 2001 820 2041 esse
875 1989 1304 2056 arbitrabantur,
1351 1992 1600 2062 optlioem
1647 1993 1866 2049 laudare

372 2088 532 2128 suum
565 2077 842 2131 dicuntur.

369 2165 422 2219 2.
474 2165 604 2221 Caeli
623 2180 876 2224 enarrant
904 2187 1131 2241 gtoriam
1160 2189 1274 2227 uer.
1296 2189 1484 2230 simne
1508 2184 1590 2230 est
1618 2175 1721 2231 hoc
1751 2177 1863 2232 illi:

302 2254 598 2311 Invisibilia
627 2263 764 2314 enim
791 2263 956 2332 ipsius
987 2281 1020 2316 a
1059 2273 1302 2319 creatura
1333 2267 1512 2320 mundi
1543 2285 1634 2336 per
1662 2285 1722 2322 ea
1750 2287 1866 2338 qua:

301 2346 443 2413 facta
472 2359 591 2402 sunt
625 2351 889 2406 intellecta
917 2355 1313 2421 conspiciuntur
1339 2373 1357 2410 :
1393 2357 1709 2414 semuiterna
1731 2377 1866 2431 queo

299 2456 396 2494 aue
423 2440 537 2509 ejus
565 2442 730 2496 virtus
756 2452 805 2497 et
843 2444 1092 2499 divinitas
1123 2447 1190 2500 ".

375 2532 429 2587 5.
473 2531 592 2586 Dies
631 2535 738 2587 diei
772 2545 976 2590 eructat
1013 2537 1255 2605 verbum,
1291 2547 1341 2592 et
1387 2555 1525 2606 nox,
1567 2551 1671 2598 etc.
1711 2541 1864 2609 Dies,

301 2625 499 2694 inquit,
559 2635 612 2680 et
665 2641 796 2690 nox,
851 2636 1041 2682 mutuo
1082 2630 1185 2684 sibi
1231 2632 1468 2700 spatium
1511 2628 1781 2689 concinno
1813 2646 1867 2691 et

301 2718 626 2786 congruenti
679 2718 872 2774 ordine
917 2720 985 2774 ad
1034 2736 1258 2776 cursum
1303 2723 1682 2792 concedentes,
1729 2728 1864 2798 ipsis

302 2807 464 2864 rebus
490 2817 790 2864 creatorem
822 2826 982 2866 suum
1018 2813 1332 2882 pradicant.

368 2902 422 2956 4.
475 2899 597 2956 Non
632 2913 753 2956 sunt
787 2902 1006 2973 loquela:
1047 2920 1206 2974 neque
1245 2921 1539 2970 sermones,
1582 2914 1686 2960 etc.
1726 2905 1860 2961 Cum

302 2993 736 3063 interpunctione
785 2993 1092 3064 legendum.
1153 2993 1286 3050 Nam
1343 3011 1407 3050 ex
1480 2997 1707 3053 adverso
1782 2997 1935 3072 in-C

303 3095 584 3152 terrogans
643 3084 943 3139 clausulam
1005 3086 1309 3156 distinguit,
1353 3087 1497 3156 quod
1547 3097 1726 3143 autem
1769 3103 1865 3158 per

303 3173 777 3241 interrogationem
823 3175 1114 3244 opponitur
1157 3183 1240 3229 est
1297 3175 1427 3230 illud
1484 3193 1498 3231 :
1558 3188 1613 3231 et
1659 3177 1864 3232 nihilne

303 3262 646 3331 loquuntur?
691 3261 1032 3333 Quapropter
1076 3264 1254 3320 dicit:
1306 3266 1502 3320 Annon
1546 3266 1740 3335 aliqua
1779 3281 1865 3321 res

304 3364 451 3419 sunt,
483 3370 602 3424 qua:
641 3355 765 3412 licet
805 3357 1007 3411 nullam
1055 3357 1309 3412 emittant
1343 3373 1567 3424 vocem,
1604 3358 1862 3413 artiticem

302 3447 670 3501 denuntiant?
716 3447 1004 3503 Enimvero
1052 3464 1118 3504 ex
1145 3449 1370 3518 pulchre
1405 3450 1667 3506 adornata
1717 3451 1862 3514 navi,

303 3536 441 3591 l'abri
486 3539 674 3607 peritia
705 3539 1042 3610 dignoscitur
1075 3556 1092 3594 :
1127 3550 1181 3595 et
1220 3541 1472 3596 similiter
1507 3543 1575 3596 de
1618 3542 1862 3612 reliquis.

303 3623 566 3681 Pradicta
598 3626 779 3696 itaque
808 3627 1019 3698 Opilicia
1053 3643 1084 3682 a
1122 3631 1518 3700 magnitudine,
1565 3632 1868 3702 pulchritu-

302 3719 446 3781 dine,
493 3718 863 3774 concinnitate
925 3719 1173 3789 opilicem
1241 3723 1540 3790 pradicant
1604 3741 1616 3776 :
1680 3723 1751 3777 ita
1808 3734 1867 3779 ut

302 3824 490 3862 eorum
522 3810 830 3879 pradicatio
853 3827 1067 3866 omnem
1091 3813 1348 3882 pervadat
1376 3813 1584 3867 orbem.

372 3899 424 3955 6.
447 3899 511 3954 In
529 3901 638 3956 sole
660 3904 830 3972 posuit
852 3903 1245 3958 tabernaculum
1262 3921 1434 3958 suum.
1457 3903 1512 3958 lu
1532 3905 1642 3959 sole
1662 3914 1866 3974 posuit.

304 3993 500 4064 inquit,
535 3997 939 4050 tabernaculum
986 3999 1100 4052 sive
1134 3997 1380 4052 domum.
1418 3997 1647 4052 Ubinam
1683 4010 1864 4054 autem

303 4086 489 4153 posuit
517 4086 623 4140 nisi
655 4087 708 4138 in
743 4085 882 4139 calo
915 4095 967 4140 et
1001 4085 1055 4139 in
1092 4088 1431 4143 lirmamento
1464 4105 1626 4158 supra
1658 4104 1866 4143 memo—

304 4175 440 4230 ratis
471 4176 494 4228 3
528 4173 677 4229 Hanc
715 4189 877 4244 porro
914 4173 1136 4228 domum
1159 4217 1174 4242 ,
1221 4175 1419 4230 lectum
1470 4194 1594 4232 Item
1631 4182 1863 4234 vocavit.

307 4264 571 4321 Utautem
599 4265 714 4321 dies
738 4275 787 4321 et
813 4281 917 4320 nox
943 4267 1171 4336 pulchro
1195 4268 1286 4322 illo
1314 4268 1503 4322 ordine
1527 4279 1577 4321 et
1593 4283 1862 4325 consensu

2036 1803 2100 1854 ὲκ
2133 1803 2419 1874 προσώπου
2452 1805 2560 1859 τῶν
2607 1807 2916 1860 ἀποστόλων
2949 1808 3082 1876 πρὸς
3135 1808 3202 1862 τὰ
3235 1807 3380 1881 ἔθνη.
3428 1810 3522 1864 Διὸ

2036 1895 2129 1946 καὶ
2167 1896 2412 1966 οὐρανὸν,
2448 1897 2539 1950 καί
2568 1897 2736 1967 ἣλιον,
2795 1899 2889 1951 καὶ
2944 1898 3011 1953 τὰ
3061 1899 3226 1972 ’έτερα
3257 1904 3516 1972 στοιχεῖα,

2034 1985 2126 2048 οὓς
2158 1987 2250 2039 καὶ
2282 1987 2547 2057 μεγάλους
2592 1986 2804 2058 ἐνόμιζε
2850 1989 3004 2053 θεοὺς
3041 1989 3208 2044 ταῦτα
3264 1991 3521 2063 ὰνυμνείν

2031 2077 2122 2129 τὸν
2152 2078 2376 2148 ποιητὴν
2405 2077 2580 2130 αὐτῶν
2617 2078 2882 2147 λέγουσιν.

2038 2170 2100 2220 Οἱ
2128 2169 2365 2235 οὐρανοὶ
2418 2168 2758 2238 διηγοῦνται
2799 2170 2986 2236 δόξαν
3011 2172 3176 2228 Θεοῦ.
3213 2173 3433 2246 Ὅμοιον
3457 2176 3522 2230 τὸ

1965 2258 2247 2328 εἰρημένον
2271 2275 2284 2288 ο
2329 2257 2403 2312 Τὰ
2462 2263 2569 2329 γὰρ
2626 2261 2846 2329 ἀόρατα
2887 2263 3072 2316 αὐτοῦ
3117 2264 3233 2318 ἀπὸ
3272 2266 3522 2333 κτίσεως

1965 2353 2192 2420 κόσμου
2219 2351 2342 2418 τοῖς
2367 2353 2652 2422 ποιήμασι
2673 2356 2964 2425 νοούμενα
2988 2357 3326 2427 καθορᾶται,
3366 2359 3406 2429 ἦ
3457 2376 3523 2414 τε

1963 2443 2153 2510 ἀΐδιος
2184 2446 2368 2500 αὐτοῦ
2389 2445 2638 2517 δύναμις
2662 2449 2757 2501 καὶ
2785 2451 3030 2517 θειότης.

2047 2535 2251 2604 Ἡμέρα
2285 2536 2356 2605 τῇ
2382 2537 2569 2607 ἡμέρᾳ
2604 2540 2898 2610 ἐρεύγεται
2919 2542 3084 2611 ῥῆμα
3107 2543 3205 2597 καὶ
3230 2545 3410 2610 νύξ...
3457 2545 3524 2598 Ἦ

1964 2627 2167 2698 ἡμέρα,
2187 2628 2338 2698 φησὶ,
2353 2629 2492 2699 καὶὴ
2513 2629 2608 2694 νὺξ
2624 2630 2895 2694 εὐτάκτως
2909 2633 3002 2684 καὶ
3019 2633 3364 2704 εὐαρμόστως
3381 2635 3526 2688 ἀντι-

1966 2717 2384 2790 παραχωροῦσαι
2414 2721 2539 2783 τοὺς
2562 2721 2794 2790 δρόμους
2820 2721 3092 2793 ἀλλήλαις,
3119 2724 3186 2777 δι’
3215 2725 3525 2780 αὐτῶντῶν

1967 2809 2302 2880 πραγμάτων
2346 2808 2436 2862 τὸν
2460 2809 2784 2882 δημιουργὸν
2809 2813 2987 2865 αὐτῶν
3015 2815 3492 2886 ἀνακηρύττουσιν.

2029 2901 2152 2952 Οὐκ
2176 2898 2292 2952 εἰσὶ
2317 2901 2520 2954 λαλιαὶ
2560 2899 2701 2954 οὐδὲ
2731 2903 2918 2971 λόγοι.
2955 2904 3089 2957 Καθ’
3117 2905 3454 2976 ὑποπιγμὴν
3483 2909 3519 2977 ὴ

1966 2987 2287 3056 ἀνάγνωσις.
2335 2988 2692 3043 Ἀντιπίπτων
2723 2990 2800 3054 δὲ,
2837 2991 3224 3063 ὑποτέμνεται·
3266 2995 3324 3048 τὸ
3349 2996 3405 3048 δὲ
3433 2997 3524 3049 ἀν-

1966 3081 2216 3133 τιπῖπτον
2243 3080 2356 3133 ἐστι
2379 3096 2392 3109 ·
2439 3083 2547 3136 Καὶ
2582 3082 2687 3152 μὴν
2741 3083 2799 3136 οὐ
2844 3083 3203 3154 φθέγγονταις
3237 3087 3325 3140 Διὸ
3351 3085 3519 3154 λέγει’

1965 3167 2109 3244 *Δρα
2141 3173 2240 3225 οὐκ
2271 3173 2376 3226 εἰσὶ
2407 3174 2528 3228 τινὰ
2581 3174 2876 3245 πράγματα
2931 3176 2998 3241 ἃ,
3034 3178 3128 3230 καὶ
3176 3178 3248 3248 μὴ
3295 3177 3526 3246 ἀφιέντα

1967 3267 2168 3337 φωνὴν,
2187 3267 2276 3319 τὸν
2295 3265 2542 3336 τεχνίτην
2558 3266 2728 3336 ἀνακη
2739 3267 3006 3338 ρύττουσι;
3037 3268 3142 3322 Ναὶ
3169 3269 3275 3339 μὴν
3298 3268 3391 3325 καὶ
3414 3269 3527 3341 γὰρ

1967 3358 2031 3410 ὲκ
2061 3356 2160 3426 τῆς
2189 3355 2366 3419 καλῶς
2398 3355 2748 3427 ἡρμοσμένης
2783 3356 2908 3427 νηὸς
2933 3361 2966 3427 ὴ
2999 3357 3158 3428 τέχνη
3184 3358 3275 3411 τοῦ
3313 3375 3525 3427 ναυπη-

1965 3447 2064 3515 γοῠ
2094 3446 2367 3514 φαίνεταιο
2403 3446 2494 3498 καὶ
2521 3445 2611 3498 ἐπὶ
2635 3444 2743 3497 τῶν
2774 3445 2950 3498 ἄλλων
2979 3447 3034 3499 δὲ
3067 3447 3345 3512 ὡσαύτως.
3382 3449 3526 3502 υύκ-

1967 3536 2058 3589 οὖν
2101 3535 2194 3588 καὶ
2231 3535 2298 3588 τὰ
2343 3535 2620 3605 ποιήματα
2645 3533 2714 3588 τὰ
2745 3536 3116 3606 προειρημένα
3145 3535 3286 3590 οὕτω
3331 3537 3531 3607 κηρύτ·

1966 3644 2046 3679 τει
2073 3628 2180 3680 ἀπὸ
2214 3626 2473 3697 μεγέθους
2498 3626 2590 3678 καὶ
2619 3625 2883 3696 καλλονῆς
2925 3628 3020 3681 καὶ
3045 3628 3408 3700 εὐαρμοστξας
3433 3630 3530 3683 τὸν

1965 3718 2333 3788 δημιουργόν·
2381 3716 2455 3780 ὡς
2503 3717 2583 3780 εἰς
2613 3718 2790 3770 πᾶσαν
2832 3717 3010 3770 αὐτῶν
3055 3719 3151 3789 τὴν
3199 3719 3528 3791 οἰκουμένην

1966 3807 2365 3878 διαδραμεῖνιτδ
2398 3808 2678 3878 κήρυγμα.

2049 3898 2151 3950 Ἐν
2182 3894 2261 3960 τῷ
2284 3897 2432 3964 ἡλίῳ
2458 3895 2623 3950 ἔθετο
2651 3895 2718 3949 τὸ
2765 3894 3051 3963 σκήνωμα
3098 3895 3302 3949 αὐτοῦ.
3351 3895 3440 3965 Τῷ
3471 3896 3531 3966 ή-

1967 3988 2084 4058 λίῳ,
2118 3988 2300 4056 φησιν,
2337 3985 2485 4039 ἔθετο
2517 3986 2576 4039 τὸ
2607 3987 2868 4056 σκήνωμα
2898 4025 2912 4049 ,
2959 3986 3075 4056 ἤτοι
3105 3980 3270 4040 οἷκον.
3323 3985 3432 4040 Ποῦ
3468 3985 3528 4039 εδ

1969 4079 2116 4130 ἔθετο
2143 4079 2175 4148 ἦ
2202 4079 2257 4128 ὲν
2289 4076 2365 4146 τῷ
2391 4077 2766 4148 προειρημένῳ
2791 4076 3004 4147 οὐρανῷ
3031 4077 3122 4130 καὶ
3151 4075 3487 4147 στερεώματι
3509 4094 3527 4141 ς

1968 4167 2165 4222 Τοῦτον
2196 4168 2252 4220 δὲ
2284 4167 2374 4220 τὸν
2403 4163 2549 4218 οἷκον
2591 4166 2684 4217 καὶ
2727 4164 2929 4218 παστὺν
2973 4165 3269 4235 ῳνὸμασεν.
3318 4165 3530 4235 ’Ὠσπερ

1967 4259 2022 4311 δὲ
2053 4258 2232 4328 ἡμέρα
2274 4256 2364 4309 καὶ
2407 4254 2503 4320 νὺξ
2526 4258 2590 4325 τῇ
2626 4255 2868 4324 εὐτάκτῳ
2896 4255 3178 4326 συμφωνίᾳ
3201 4253 3529 4326 κηρύττουσι

303 4360 601 4428 pradicant
643 4359 910 4430 opificem,
958 4361 1031 4414 ita
1067 4368 1122 4414 ct
1147 4360 1227 4415 sol
1267 4359 1410 4427 quod
1455 4358 1686 4426 quadam
1731 4375 1864 4414 con-

2032 4368 2056 4402 v
2100 4347 2444 4419 δημιουργὸν,
2475 4345 2616 4399 οὕτω
2648 4345 2742 4398 καὶ
2790 4346 2818 4397 ὁ
2867 4344 3038 4413 ἥλιος,
3099 4345 3159 4398 τὸ
3208 4345 3297 4398 τὸν
3329 4345 3530 4416 δρόμον

305 4451 568 4506 cinnitate
641 4451 1188 4508 cursum'conﬁciat
1277 4451 1511 4507 iubentis
1565 4451 1860 4520 potentiam

303 4540 566 4600 declarat.

373 4634 430 4690 8.
473 4632 582 4688 Lex
622 4631 835 4686 Domini
883 4634 1228 4688 immaculata
1285 4647 1582 4690 convertens
1634 4637 1860 4692 animas.

311 4725 629 4796 Evangelica
653 4724 882 4779 scilicet.
917 4722 1128 4780 Ethnici
1157 4733 1347 4792 utpote
1379 4725 1470 4795 qui
1495 4726 1605 4794 jam
1633 4742 1700 4781 ex
1730 4743 1866 4796 pra-

304 4819 466 4875 dictis
511 4816 796 4872 elementis
826 4815 1147 4869 edidicerint
1198 4830 1368 4868 unum
1423 4816 1667 4884 opilicem
1722 4833 1863 4884 esse,

306 4909 572 4964 docentur
615 4906 836 4960 demum
885 4904 1248 4972 evangelicam
1291 4904 1459 4973 legem
1494 4921 1508 4969 ;
1544 4906 1612 4960 ita
1657 4917 1714 4961 ut
1751 4925 1869 4962 om-

309 5002 458 5054 nium
510 4998 750 5069 gentium
796 4997 989 5051 anima
1039 4996 1103 5048 ad
1146 4995 1428 5049 veritatem
1466 5007 1867 5052 convertantur.

313 5087 689 5142 Testimonium
765 5086 978 5140 Domini
1050 5083 1202 5153 ﬁdele
1223 5086 1538 5154 sapientiam
1615 5099 1871 5155 prastans

307 5179 561 5244 parvulis.
614 5177 1005 5233 Testimonium
1064 5177 1270 5234 scilicet
1319 5181 1460 5248 quod
1517 5178 1582 5232 de
1641 5195 1699 5234 se
1757 5181 1872 5250 ipsc

313 5269 560 5323 Salvator
589 5269 818 5322 reddidit
844 5285 857 5334 ;
888 5276 941 5322 et
972 5286 983 5320 :
1020 5264 1130 5337 Ego
1153 5267 1248 5322 lux
1289 5269 1341 5321 in
1382 5267 1631 5320 mundum
1661 5271 1773 5323 veni
1795 5271 1870 5335 ³³;

311 5368 366 5412 et
405 5375 417 5410 :
450 5353 558 5424 Ego
585 5371 650 5407 ex
689 5355 850 5410 Patre
883 5357 1022 5410 exivi
1065 5365 1114 5411 et
1159 5357 1304 5412 venio
1337 5356 1420 5422 “;
1466 5365 1518 5410 et
1551 5375 1564 5410 :
1607 5355 1716 5427 Ego
1749 5375 1863 5411 sunt

314 5448 422 5500 rita
469 5445 532 5497 “.

385 5577 428 5611 ”
480 5575 634 5632 Rom.
671 5593 705 5646 I,
743 5576 831 5631 20.

926 5580 970 5610 ”
1015 5577 1168 5634 Joan.
1203 5594 1305 5643 an,
1333 5577 1420 5634 46.
1500 5577 1544 5611 ’⁵
1586 5576 1738 5634 Joan.
1770 5595 1878 5645 ιη,
1913 5579 2002 5634 28.

1973 4442 2111 4513 μετᾴ
2130 4457 2273 4502 τινος
2289 4437 2652 4505 εὐαρμοττΞας
2678 4431 2962 4502 ποιεῖσθαι,
2989 4433 3241 4506 δηλοῖτοῦ
3268 4434 3529 4505 προστάτ-

1969 4551 2150 4597 τοντος
2181 4533 2278 4602 τὴν
2310 4530 2552 4600 δύναμιν.

2052 4627 2104 4678 Ὁ
2127 4629 2307 4693 νόμος
2335 4625 2552 4692 Kvplov
2565 4624 2798 4693 ἄμωμος
2817 4621 3185 4690 ἐπιστρέφων
3212 4619 3433 4688 ψυχάς.
3471 4621 3530 4673 ’0

1970 4715 2319 4785 εὐαγγελικὸς
2337 4715 2598 4784 δηλονότι.
2641 4714 2728 4777 Ὡς
2756 4713 2854 4782 ἤδη
2897 4711 2953 4765 δὲ
2997 4711 3104 4765 ἀπὸ
3134 4710 3241 4764 τῶν
3273 4727 3532 4782 προειρη-

1977 4811 2150 4881 μένων
2187 4807 2462 4877 στοιχείων
2488 4803 2998 4874 παιδαγωγηθέντες
3022 4804 3072 4855 οἱ
3101 4801 3160 4868 ἐξ
3197 4801 3384 4865 ἐθνῶν,
3431 4803 3530 4855 ἕνα

1973 4897 2108 4954 εἶναι
2137 4897 2226 4950 τὸν
2260 4895 2586 4967 δημιουργὸν
2617 4933 2644 4962 ,,
2681 4894 3023 4956 διδάσκονται
3066 4892 3251 4951 λοιπὸν
3296 4893 3388 4952 κα).
3437 4892 3530 4944 τὸν

1970 4990 2322 5060 εὐαγγελικδν
2349 4989 2531 5057 νόμον,
2579 4986 2654 5049 ὡς
2709 4985 2802 5038 καὶ
2849 4984 3170 5054 ἐπιπρέψαι
3217 4982 3323 5036 τῶν
3361 4983 3531 5051 ἐθνῶν

1970 5085 2222 5138 ἁπάντων
2247 5079 2344 5142 τὰς
2375 5076 2549 5148 ψυχὰς
2578 5080 2656 5139 εἰς
2679 5074 2953 5146 ἀλήθειαν.
2996 5074 3057 5128 Ἡ
3072 5074 3365 5143 μαρτιιρίιι
3413 5077 3528 5128 Kr).

1963 5177 2099 5245 ρίου
2168 5171 2352 5236 πιστὴ
2431 5167 2764 5237 σοφίζουσα
2835 5165 3047 5231 νήπια.
3124 5166 3224 5217 Ἦν
3285 5164 3530 5235 ἐμαρςεὺ-

1976 5283 2136 5338 ρησεν
2173 5263 2299 5332 περὶ
2331 5259 2521 5314 ἑαυτοῦ
2555 5259 2582 5311 ὁ
2611 5257 2932 5328 Μονογενὴςῖ
2953 5254 3013 5307 τό
3037 5270 3051 5284 ·
3110 5253 3256 5323 Ἐγὼ
3301 5253 3532 5332 φῶςνεΙς

1973 5356 2078 5409 τὸν
2127 5355 2357 5420 κόσμοι⁹
2409 5351 2712 5418 ἐλήλυθα·
2777 5349 2890 5410 καὶ,
2938 5346 3084 5416 Ἐγὼ
3149 5347 3216 5408 ἐκ
3259 5346 3364 5400 τοῦ
3412 5352 3528 5401 Παι-

1974 5446 2105 5514 τρὸς
2143 5443 2420 5512 ἐξῆλθον,
2452 5445 2545 5496 καὶ
2586 5442 2706 5509 ἥκω
2729 5458 2742 5472 ο
2797 5441 2911 5504 καὶ,
2974 5436 3121 5507 Ἐγώ,
3152 5440 3264 5508 ειμι
3303 5440 3337 5505 ἡ
3394 5437 3528 5511 ζιι

2103 5579 2143 5608 ’³
2183 5575 2337 5632 Joan.
2370 5593 2476 5641 xlv,
2507 5576 2558 5630 6.
