3698 6268
209 284 293 342 115
1389 297 1669 355 EXl’OSI'I

2012 303 2218 361 .LMUM
2254 305 2390 361 ΜΚ.
3369 307 3472 369 126

263 403 642 477 [Σοφίζουσα
673 414 868 483 νήπια,
907 411 1201 482 βεϐαιοῦσα
1235 414 1361 479 τοὺς
1389 417 1715 484 ἀποστόλους

2014 423 2138 490 Qua:
2167 427 2466 480 infantibus
2484 425 2806 496 sapientiam
2831 426 3035 492 tribuo,
3051 426 3329 497 apostolos
3345 443 3474 484 con-

207 494 361 564 ιξπια
390 497 540 561 τοὺς
569 500 635 551 ἓν
666 499 890 571 Χριστῷ
923 502 1250 573 γενομένους
1275 504 1502 574 νηπίους
1541 507 1667 575 φησὶ

2011 535 2094 582 no,
2127 531 2220 575 aut
2257 537 2354 590 per
2385 494 2619 576 infantes
2655 518 2904 588 intelligit
2925 534 3021 575 eos
3048 494 3142 589 qui
3172 519 3224 572 in
3252 517 3471 573 Christo

205 587 473 656 ιξρονας,
502 591 608 643 καὶ
635 593 764 657 τοὺς
791 591 1114 664 ἀνθρώπους
1145 593 1336 664 σοφίας
1370 595 1647 666 ἀπείρους.

2018 621 2150 666 mtes
2176 611 2430 676 evadunt,
2456 619 2551 664 aut
2589 609 2834 674 insanos,
2870 608 3226 679 hominesque
3257 608 3478 678 sapien-

1916 698 2000 754 tia'
2024 716 2053 753 e
2094 709 2294 770 portes.
2317 695 2338 770 ]
3243 690 3248 696 ’

267 803 476 860 Daniel
506 807 787 865 Barbarus
812 825 831 863 :
861 808 1254 866 Testimonium
1281 811 1384 866 hoc
1415 811 1759 882 imperfectos
1782 816 2044 884 parvulos
2077 825 2132 871 et
2154 813 2318 870 rudes
2341 811 2560 868 instruit
2583 820 2637 866 et
2662 812 2934 880 sapientes
2962 811 3156 866 reddit.

273 919 353 973 Τὰ
384 917 766 989 δικαιώματα
788 922 1008 990 Κυρίου
1031 922 1206 976 εὐθέα
1225 924 1622 991 εὐφραίνοντα
1660 941 1733 989 κα

2005 942 2029 982 ν.
2073 926 2496 996 Justiﬁcationes
2521 923 2734 976 Domini
2759 936 2909 978 recta:
2933 921 3259 992 ltetiﬁcantes
3283 924 3465 980 corda.

202 1010 357 1064 δίαν.
412 1012 575 1063 ’Δντὶ
601 1011 720 1076 τοῦ,
752 1014 784 1084 ἡ
811 1013 1092 1076 δικαίωσις
1123 1015 1158 1084 ἡ
1189 1015 1456 1085 γενομένη
1484 1017 1542 1068 ὲν
1574 1018 1638 1085 τῇ

2005 1031 2085 1087 :st,
2121 1018 2437 1090 justiticatio
2461 1018 2514 1071 in
2539 1015 2748 1085 judicio
2769 1025 2959 1070 nostro
2989 1015 3147 1070 facta.
3183 1013 3318 1069 Nam
3340 1031 3465 1071 cum

202 1100 331 1168 τέρᾳ
361 1098 586 1168 κρίσει.
625 1098 833 1167 Κρίνας
859 1099 970 1170 γὰρ
1008 1100 1164 1170 ἡμῶν
1189 1100 1286 1170 τὴν
1329 1101 1531 1171 κρίσιν,
1579 1099 1662 1165 ὲξέ

2004 1127 2170 1166 causa
2206 1109 2476 1179 judicaret
2504 1113 2712 1167 nostra,
2743 1104 2901 1172 eiecit
2933 1103 3230 1174 principem
3259 1103 3464 1171 saeculi,

199 1191 288 1241 τὸν
319 1190 577 1260 ἄρχοντα
611 1189 707 1242 τοῦ
749 1190 966 1255 αίῶνος,
1000 1191 1178 1254 διδοὺς
1221 1193 1352 1261 ἡμῖν
1380 1191 1659 1263 εὐφροσύνη

2012 1213 2146 1253 nens
2175 1195 2335 1250 nobis
2378 1193 2619 1250 laatitiam
2661 1193 2718 1246 in
2761 1192 2944 1247 corde.
2989 1191 3318 1262 Prwceptum
3363 1191 3467 1246 Do-

202 1281 426 1352 ιαρδία.
485 1283 550 1336 Ἠ
585 1281 804 1350 ἐντολὴ
853 1282 1076 1349 Κυρίου
1117 1281 1419 1350 τηλαυγὴς
1465 1281 1662 1351 φωτίᾷ

2002 1290 2032 1341 ii
2079 1287 2311 1341 lucidum
2353 1285 2658 1338 illuminans
2696 1282 2922 1348 oculos;
2967 1283 3162 1339 mentis
3205 1284 3462 1338 nimirum

201 1373 587 1440 ὀφθαλμούς.
644 1373 782 1436 Τοὺς
825 1373 926 1442 τῆς
974 1373 1213 1436 διανοίας
1263 1375 1426 1444 φησιν
1482 1373 1661 1442 όφΘαλ(

1482 1373 1792 1444 ὀφθαλμοὺς
1896 1382 2106 1446 oculos,
2131 1380 2344 1434 eminus
2373 1376 2555 1450 radios
2578 1375 2895 1429 immittens.

203 1461 496 1533 πόρρωθεν
524 1463 624 1534 τὴν
661 1462 832 1534 αὐγὴν
869 1464 1288 1534 ὰναπὲμπουσα.

266 1577 471 1631 Daniel
493 1578 771 1633 Barbarus
799 1597 816 1634 :
841 1579 1041 1636 Mentis
1069 1582 1350 1648 nimirum,
1383 1582 1585 1638 docens
1613 1583 1890 1651 quomodo
1929 1579 2310 1633 universorum
2343 1575 2452 1630 Deo
2479 1575 2768 1647 serviatur.

284 1674 348 1726 '0
401 1675 595 1743 φόϐος
634 1676 854 1742 Κυρίου
899 1674 1083 1744 ἁγνὸς
1129 1676 1423 1746 διαμένων
1465 1679 1553 1742 είς
1599 1676 1744 1730 αίῶν

2009 1674 2064 1729 0.
2109 1672 2289 1726 Timor
2324 1670 2539 1724 Domini
2570 1681 2750 1723 castus
2781 1684 3089 1738 permanens
3127 1669 3180 1722 in
3209 1669 3461 1724 suculam

201 1761 441 1830 αἰῶνος.
488 1765 582 1828 Ὦς
615 1765 752 1836 πρὸς
781 1765 1184 1837 ἀντιδιαστολὴν
1218 1767 1312 1819 τοῦ
1359 1766 1581 1838 νομικοῦ
1622 1785 1658 1836 φ

2002 1765 2102 1818 uti.
2136 1761 2302 1828 Quasi
2335 1762 2402 1816 ad
2425 1759 2781 1815 differentiam
2810 1759 2999 1830 legalis
3029 1759 3239 1815 timoris
3277 1769 3461 1816 castus

199 1855 260 1906 τὸ
291 1857 584 1907 τοιοῦτον·
637 1857 844 1919 ἐκεῖνος
892 1855 1002 1926 γὰρ
1043 1855 1330 1927 κολαστής.
1378 1855 1563 1927 Ἦμῶν
1597 1857 1659 1924 ἀγ

2003 1867 2127 1911 tur:
2159 1855 2248 1910 ille
2265 1853 2410 1910 enim
2447 1867 2662 1922 poenam
2695 1852 2990 1922 spectabat.
3011 1851 3087 1922 (6)
3111 1850 3344 1908 Castitas
3358 1869 3460 1909 au-

202 1946 351 1997 ἐστὶν
386 1947 812 2017 ἁμαρτημάτων
847 1948 1050 2018 ἀποχή.
1087 1946 1178 2000 Διὸ
1211 1949 1303 2000 καὶ
1335 1949 1496 2016 ἁγνὸς
1521 1947 1662 2018 είρητ

2026 1957 2109 2002 est
2143 1945 2468 2001 abstinentia
2508 1960 2538 1998 a
2575 1945 2830 2014 peccatis.
2857 1942 3038 2010 Quare
3075 1954 3261 2000 castus
3299 1947 3460 2001 timor

203 2035 392 2102 φόϐος,
419 2035 502 2098 ὡς
532 2037 734 2104 ἁγνοὺς
765 2037 934 2090 ποιῶν
959 2053 974 2067 ⁸
1007 2037 1086 2107 τῷ
1121 2037 1230 2108 γὰρ
1255 2036 1404 2107 φόϐῳ
1436 2039 1660 2108 Κυρίου,

2007 2048 2113 2106 tur,
2148 2039 2295 2108 quod
2317 2047 2499 2093 castos
2540 2036 2737 2091 eiiiciat
2767 2054 2781 2090 :
2817 2051 2940 2090 nam
2978 2052 3086 2105 pra:
3120 2038 3315 2091 timore
3352 2036 3460 2092 Do-

205 2126 305 2186 ἁὶν,
329 2125 576 2178 ἐκκλίνει
604 2143 688 2189 τις
719 2128 828 2180 ἀπὸ
866 2127 1055 2180 κακοῦ.
1087 2128 1312 2191 Αίώνιος
1342 2129 1397 2180 δὲ
1439 2127 1514 2181 ὣν
1543 2131 1572 2180 6
1604 2129 1665 2199 φό

1995 2130 2034 2183 ii
2072 2129 2306 2184 declinat
2343 2128 2467 2198 quis
2513 2142 2545 2181 a
2589 2127 2754 2182 malo.
2799 2125 3060 2182 Eternus
3106 2137 3289 2183 autem
3331 2144 3455 2184 cum

203 2218 257 2269 ὲν
288 2211 375 2280 οἷς
407 2216 479 2270 ἃν
505 2218 731 2287 γένηται
765 2220 859 2272 καὶ
895 2221 1090 2284 αὐτοὺς
1119 2221 1369 2284 αἰωνίους
1404 2225 1564 2274 ποιεῖ.

1895 2222 1967 2277 sit
1994 2221 2173 2285 timor,
2208 2227 2437 2274 aeternos
2461 2220 2590 2274 item
2626 2219 2787 2274 eilicit
2819 2235 2959 2289 quos
2994 2220 3310 2292 ingreditur.

280 2309 389 2361 Ἐν
419 2306 504 2372 τῷ
535 2308 883 2378 φυλάσσειν
915 2313 1066 2366 αὐτὰ
1111 2315 1516 2382 ἀνταπόδοσις
1559 2320 1740 2370 πολλτ

2000 2317 2054 2370 2.
2087 2315 2151 2370 In
2179 2314 2536 2369 custodiendis
2579 2312 2688 2366 illis
2715 2313 2990 2365 retributio
3033 2313 3222 2366 multa.
3251 2312 3456 2368 Merces

203 2396 411 2460 Μισθὸς
452 2397 563 2468 γὰρ
601 2397 844 2470 φυλακῆς
862 2400 1070 2468 γίνεται
1109 2401 1147 2456 d
1176 2404 1479 2472 ὀφθαλμὸς
1504 2407 1612 2458 οὐκ
1635 2422 1663 2457 ο

1995 2424 2088 2479 ppe
2119 2409 2477 2464 observantia
2500 2415 2627 2461 sunt
2649 2421 2770 2475 quae
2801 2405 2993 2460 oculus
3032 2420 3138 2460 non
3165 2406 3316 2471 vidit,
3355 2421 3455 2460 nec

206 2487 298 2540 καὶ
324 2483 441 2553 οὖς
485 2489 602 2540 οὐκ
632 2487 884 2555 ἤκουσε,
914 2493 1011 2546 καί
1044 2493 1140 2548 ἐπὶ
1173 2493 1427 2563 καρδίαν
1467 2496 1666 2566 ἀνθρώ⁴

1885 2502 2035 2557 auris
2066 2501 2407 2565 audivit,nec
2439 2499 2493 2552 in
2515 2515 2608 2554 cor
2639 2499 2874 2555 hominis
2897 2500 3259 2554 ascenderunt
3280 2499 3345 2552 “.

203 2581 313 2632 οὐκ
345 2579 562 2648 ἀνέϐη.

272 2697 483 2766 Adjicit
515 2698 707 2754 Daniel
733 2698 1001 2754 Barbarus
1023 2716 1043 2755 :
1067 2699 1182 2756 Non
1214 2712 1295 2758 est
1315 2702 1476 2772 igitur
1505 2703 1624 2758 sine
1649 2702 1804 2758 lucro
1835 2700 2050 2756 illorum
2066 2697 2444 2759 observantia:
2472 2699 2671 2753 etenim
2701 2699 2902 2755 multas
2931 2708 2984 2754 et
3012 2699 3269 2769 pulchras
3291 2701 3452 2756 retri.

203 2787 460 2853 butiones
486 2789 671 2844 habet.
712 2788 979 2847 Hactenus
1007 2800 1185 2847 autem
1219 2791 1285 2846 de
1319 2793 1520 2862 pietate
1564 2791 1846 2848 disseruit.
1876 2787 2013 2843 Hinc
2042 2786 2316 2856 percurrit
2340 2801 2462 2856 quae
2489 2787 2557 2841 ad
2580 2787 2805 2856 justitia-
2838 2787 3364 2844 administrationem
3395 2791 3448 2844 in

203 2882 476 2948 homines,
500 2893 557 2938 et
577 2884 719 2954 juris
751 2887 1017 2940 actionem
1059 2894 1327 2957 spectant,
1364 2887 1540 2958 deque
1583 2887 1839 2942 humanis
1869 2883 2080 2940 delictis
2113 2883 2223 2952 agit
2251 2900 2265 2936 :
2297 2891 2516 2950 peccata
2556 2883 2748 2938 dividit
2773 2883 2826 2937 in
2861 2899 2923 2939 ea
2955 2901 3078 2954 quae
3099 2886 3368 2953 consulto,
3397 2896 3450 2942 et

203 2976 254 3029 in
285 2991 347 3031 ea
374 2995 502 3048 qua:
534 2994 644 3034 non
677 2989 870 3050 sponte
897 2982 1054 3047 lium,
1089 2991 1145 3038 et
1175 2997 1241 3037 ex
1271 2981 1356 3038 his
1385 2982 1490 3036 alia
1511 2997 1574 3037 ex
1608 2980 1997 3045 imbecillitate,
2028 2977 2134 3032 alia
2164 2991 2228 3030 ex
2249 2975 2591 3042 necessitate,
2621 2976 2726 3030 alia
2755 2991 2820 3031 ex
2847 2991 3030 3032 errore
3059 2978 3216 3034 fiunt.

265 3091 420 3164 [Kal
449 3094 567 3164 γὰρ
594 3097 627 3149 ό
646 3094 864 3162 δοῦλός
890 3112 1006 3151 σου
1027 3097 1333 3166 φυλάσσει
1377 3096 1552 3154 αὑτά.
1595 3098 1653 3152 '0
1683 3115 1725 3169 p:

1987 3094 2198 3147 Etenim
2233 3109 2411 3147 serrus
2444 3103 2564 3146 tuus
2611 3092 2842 3146 custodit
2878 3109 2960 3147 ea.
2992 3091 3103 3160 Qui
3136 3093 3447 3161 evangelica

198 3183 581 3255 σταγωγηθεὶς
611 3184 688 3256 τῷ
721 3187 1058 3258 εὐαγγελικῷ
1084 3187 1234 3259 νόμῳ
1261 3189 1380 3252 νέος
1415 3187 1564 3252 λαὸς,
1593 3205 1658 3242 κα

1985 3204 1991 3238 :
2019 3185 2263 3239 imbutus
2285 3193 2373 3238 est
2403 3183 2637 3253 populus
2659 3199 2856 3247 novus,
2879 3184 2971 3253 qui
2996 3184 3200 3252 judicia
3236 3200 3364 3242 vera
3386 3203 3445 3244 se

195 3277 443 3348 κρίματα
471 3277 704 3350 ἀληθινὰ
734 3281 1017 3349 φυλάττειν
1065 3282 1256 3349 εἰπὼν,
1309 3281 1476 3353 εὐχὴν
1529 3283 1655 3339 ἀνατ

1978 3277 2149 3331 todire
2183 3275 2336 3337 dicit,
2380 3287 2572 3343 preces
2617 3272 2817 3339 fundit,
2849 3286 2908 3328 ut
2945 3284 2997 3329 et
3028 3276 3197 3332 animi
3233 3279 3438 3349 cOgita-

193 3386 305 3431 πει,
327 3369 428 3422 καὶ
459 3370 557 3422 τὸν
605 3370 747 3424 κατὰ
773 3371 1010 3426 διάνοιαν
1041 3372 1300 3444 λογισμὸν
1329 3373 1567 3444 καθαρὸς
1615 3391 1653 3426 ει

1983 3365 2112 3420 ibus
2135 3380 2308 3434 purus
2340 3363 2802 3432 deprehendatur,
2825 3365 2892 3420 ah
2916 3369 3268 3438 externisque
3293 3368 3443 3425 simi-

192 3460 355 3514 εἶιναι
384 3461 648 3524 ὡσαύτως
677 3463 900 3516 καὶτῶν
921 3463 1077 3528 ἐντὸς
1121 3465 1383 3536 ρυσθῆναι
1415 3465 1701 3536 δαιμόνων.
1725 3463 1746 3537 ]
1874 3457 1996 3511 Ιίιεΐ
2027 3455 2372 3510 (temonibus
2409 3451 2722 3526 Ῑίδεΐεῑυτο]

361 3555 472 3618 Εις
499 3552 566 3605 τὸ
608 3552 803 3620 τέλος.
837 3557 1142 3610 ΨΑΛΜΟΣ
1172 3555 1252 3621 τῷ
1285 3555 1485 3610 Δαυτδ.
1516 3556 1629 3610 [ϐ’.

2078 3545 2118 3600 ι.
2152 3545 2212 3600 In
2239 3545 2427 3612 ﬁnem,
2462 3544 2802 3601 PSALMUS
2827 3547 3218 3604 Davidi.XIX.

837 3647 850 3664 '
866 3646 1177 3712 Υπόθεσις.

2472 3636 2877 3706 Argumentum.

188 3735 424 3804 Λέγεται
462 3734 564 3806 μὲν
589 3738 618 3789 6
638 3735 851 3808 ψαλμδς
875 3737 949 3801 ὡς
981 3740 1045 3794 ἐκ
1070 3736 1362 3810 προσώπου
1391 3737 1500 3792 τῶν
1530 3739 1648 3810 περῖ

1979 3722 2080 3776 itur
2106 3723 2194 3779 hic
2228 3726 2474 3794 psalmus
2524 3737 2782 3798 tanquam
2827 3744 2892 3784 ex
2932 3743 3167 3799 persona
3202 3727 3439 3783 familia-

255 3827 424 3881 Δαυῒδ
449 3828 700 3899 ἑταίρων,
737 3828 884 3900 αὐτῷ
925 3828 1004 3900 τῷ
1051 3828 1212 3882 Δαυῒδ
1236 3829 1618 3900 ἐπευχομένων
1649 3847 1715 3883 πο

1974 3813 2079 3867 ium
2109 3814 2280 3885 ipsius
2309 3814 2526 3872 Davidis
2548 3858 2564 3884 ,
2599 3819 2693 3887 qui
2736 3819 2837 3888 ipsi
2887 3819 3073 3875 Davidi
3105 3820 3434 3875 sacriﬁcium

251 3915 406 3968 οὗντι
456 3913 670 3968 θυσίαν.
725 3915 1080 3988 ’Δναφέρεται
1121 3915 1179 3969 δὲ
1229 3917 1324 3970 καὶ
1354 3919 1432 3980 είς
1479 3917 1711 3989 πρόσωπα

1974 3903 2184 3958 ll'erenti
2235 3904 2372 3958 bene
2425 3916 2737 3974 precantur.
2789 3906 3046 3962 Refertur
3103 3924 3321 3979 quoque
3366 3910 3433 3962 ad

254 4003 366 4056 τῶν
413 4004 751 4072 ἀποστόλων,
797 4007 872 4070 ὡς
923 4009 980 4060 ὲν
1026 4007 1212 4079 ἡμέρᾳ
1249 4007 1343 4060 τοῦ
1396 4008 1626 4080 σταυροῦ
1670 4012 1714 4080 ῥτ

1975 4010 2226 4049 ersonam
2289 3997 2680 4065 apostolorum,
2717 3999 2874 4068 quasi
2915 4015 2978 4054 ea
3025 4000 3142 4069 ipsa
3188 4000 3275 4055 die
3303 4014 3435 4069 pro-

255 4091 463 4156 θέντος,
1943 4089 2223 4143 nuntiatus
2248 4105 2358 4160 qua
2388 4092 2538 4147 cruci
2577 4091 2840 4147 Dominus
2877 4094 3066 4148 aﬂixus
3097 4103 3200 4148 est.

266 4187 643 4240 ἐπακούσαι
680 4203 796 4242 σου
843 4191 876 4242 ό
906 4189 1123 4256 Κύριος
1150 4189 1220 4243 ἐν
1263 4189 1450 4258 ἡμέρᾳ
1481 4192 1726 4259 θλίψεως

1971 4222 1983 4234 .
2044 4179 2317 4234 Exaudiat
2369 4191 2418 4236 te
2479 4181 2737 4238 Dominus
2793 4186 2849 4239 in
2896 4186 2980 4239 die
3025 4185 3431 4240 tribulationis:

183 4274 525 4347 Προστεθείη
568 4292 682 4328 σοι⁹
710 4276 1018 4331 Σκεπάσαι
1053 4293 1148 4343 σε,
1188 4278 1418 4347 φυλάξαι
1452 4295 1530 4333 σε.
1588 4280 1643 4333 Ἐ

1720 4296 1758 4332 ι..
1863 4270 2005 4326 adsit
2034 4272 2130 4326 tibi
2161 4290 2175 4326 :
2205 4283 2443 4344 protegat
2473 4285 2542 4341 te,
2585 4276 2637 4330 id
2665 4285 2768 4341 est,
2797 4277 3069 4331 custodiat
3108 4286 3180 4331 te.

180 4367 504 4421 ποστείλαι
546 4383 645 4420 σοι
677 4367 968 4433 ,βοήθειαν
1020 4369 1089 4432 ἐξ
1136 4369 1330 4438 ἁγίου,
1378 4370 1475 4422 καί
1508 4370 1577 4424 ἐκ
1609 4373 1640 4424 Σ

1970 4365 2000 4418 i.
2047 4363 2226 4418 Mittat
2255 4366 2348 4419 tibi
2376 4368 2639 4420 auxilium
2659 4368 2721 4420 de
2744 4377 3008 4431 sancto,et
3035 4370 3098 4420 de
3132 4369 3258 4422 Sion
3281 4377 3430 4422 tuea-

178 4457 566 4512 ἀντιλὰὅοιτό
587 4472 724 4512 σου.
755 4459 916 4527 Λέγοι
957 4459 1001 4512 δ’
1041 4459 1106 4515 ἂν
1143 4459 1314 4514 ταῦτα
1359 4460 1495 4530 πρὸς
1531 4461 1628 4531 τὴν

1991 4461 2059 4506 te.
2095 4452 2219 4508 Haec
2290 4455 2356 4508 ad
2419 4456 2846 4509 consolationem
2909 4456 3088 4510 animo
3132 4457 3427 4513 deﬁcientis

178 4547 529 4620 αθυμοῦντος
569 4547 921 4620 παραμυθίαν
968 4549 1000 4620 ἢ
1051 4551 1080 4602 6
1123 4550 1444 4623 ἐνυπάρχων
1499 4552 1563 4620 τῇ
1612 4548 1638 4618 ii

1969 4559 2089 4598 asse
2115 4544 2313 4598 dixerit
2335 4543 2568 4599 Verbum
2607 4548 2749 4616 quod
2773 4548 2824 4600 in
2857 4549 3035 4603 anima
3065 4549 3295 4616 exsistit,
3331 4559 3425 4606 aut

179 4641 376 4708 Λόγος,
414 4641 446 4710 ἢ
479 4640 542 4692 τὸ
576 4640 728 4708 ᾶγιον
766 4639 1008 4710 Πνεῦμα.
1054 4641 1233 4712 Εὐχῆς
1260 4641 1317 4694 δὲ
1345 4640 1426 4692 δεῖ⁹
1462 4639 1541 4711 τῷ
1583 4639 1639 4693 θλ

1962 4636 2100 4690 ritus
2146 4645 2393 4691 sanctus.
2449 4635 2773 4695 Precatione
2823 4649 3004 4696 autem
3047 4658 3187 4712 opus
3233 4644 3283 4698 ei
3328 4645 3422 4714 qui

181 4732 351 4802 μένῳ.
388 4732 484 4784 καὶ
509 4731 603 4800 τοῦ
631 4731 706 4803 μὴ
735 4731 1057 4787 καταϐαλεῖν
1081 4732 1178 4804 τὰς
1204 4731 1422 4795 ἐλπίδας
1446 4748 1459 4761 ⁸
1484 4729 1623 4784 οὕτω

1968 4727 2095 4806 itur,
2154 4743 2255 4782 nec
2309 4729 2611 4786 amittenda
2659 4748 2806 4804 spes,
2855 4735 2938 4790 sic
3000 4750 3234 4806 namque
3283 4735 3423 4794 Deus

176 4820 310 4885 Θεὸς
344 4823 584 4892 ἐπήκοος
617 4821 847 4888 γίνεται.

1853 4818 2088 4872 edicitur
2112 4821 2403 4890 propitius.

261 4915 770 4983 ’Δγαλλιασόμεθα
806 4913 903 4966 ἐπὶ
943 4913 1021 4979 τῷ
1064 4913 1333 4980 σωτηρίῳ
1374 4926 1508 4968 σου.
1570 4912 1721 4982 Σωτή

1962 4949 1976 4961 .
2006 4907 2326 4964 ιωιαὺὶηιω
2359 4913 2414 4964 in
2461 4913 2694 4966 salutari
2727 4923 2835 4968 tuo.
2872 4912 3121 4969 Salutare
3156 4913 3332 4970 Patris
3364 4917 3418 4970 in

181 5025 292 5076 ριος
312 5007 410 5060 τοῦ
439 5009 652 5080 Πατρός
673 5010 729 5060 ἐν
760 5008 947 5079 κόσμῳ
972 5011 1000 5062 6
1032 5008 1174 5072 Υἱός·
1203 5008 1464 5078 σωτήριον
1491 5005 1585 5061 τοῦ
1614 5008 1641 5059 Ἰ

1854 5001 2058 5056 mundo
2083 4999 2254 5058 Filius
2288 5021 2302 5057 :
2333 5003 2576 5060 salutare
2610 5004 2731 5060 Filii
2760 5007 2813 5060 in
2839 5007 3043 5061 mundo
3069 5023 3221 5061 crux.

177 5100 235 5149 ἐν
262 5099 457 5166 κόσμῳ
487 5099 516 5150 ό
552 5099 803 5166 σταυρός.

248 5185 269 5257 [
294 5187 805 5256 Ἀπελλιασόμεθα
856 5188 928 5241 ἐν
959 5185 1038 5252 τῷ
1065 5190 1334 5256 σωτηρίῳ
1366 5202 1501 5242 σου.
1535 5189 1608 5241 Τὸ
1635 5205 1708 5242 σω

1957 5183 2356 5240 Exsultabimus
2396 5188 2454 5242 in
2493 5188 2720 5242 salutari
2753 5199 2860 5242 tuo.
2904 5187 3184 5253 Salutare,
3216 5189 3411 5260 inquit,

177 5275 386 5343 τήριον,
425 5276 609 5345 φησὶν,
645 5275 673 5327 ὅ
705 5275 938 5339 δέδωκας
972 5275 1050 5347 τῷ
1094 5275 1416 5349 ἀνθρωπίνῳ
1447 5277 1611 5348 γένει,

1951 5275 1993 5329 »ό
2010 5277 2202 5332 dedisti
2215 5277 2451 5333 humano
2467 5279 2669 5348 generi,
2689 5295 2782 5348 per
2801 5289 2947 5334 tuam
2963 5284 3411 5338 resurrectionem

179 5369 277 5435 τῆς
302 5366 400 5437 σῆς
428 5367 780 5429 ἀναστάσεως
810 5369 942 5420 πᾶσι
971 5367 1202 5439 φανερὸν
1241 5367 1637 5442 κατέστησας.]

1947 5365 2104 5422 nibus
2144 5368 2489 5427 manifestum
2518 5370 2714 5428 fecisti.
2738 5368 2827 5426 Sic
2858 5371 3049 5451 Daniel
3084 5373 3406 5442 Barbarus.]

247 5503 295 5536 “
338 5500 510 5559 lCor.
539 5520 576 5558 tt
634 5505 688 5559 9.

254 5637 331 5710 (6)
366 5637 489 5702 Hac
529 5641 711 5708 Daniel
745 5643 1013 5699 Barbarus
1038 5647 1132 5702 trii
1149 5646 1226 5702 uit
1254 5643 1494 5719 Origeni.
