3698 6268
323 201 423 260 127

390 319 441 373 7.
471 319 695 390 Impleat
725 325 980 386 Dominus
1012 349 1188 390 omnes
1227 339 1501 407 petitiones
1558 354 1700 402 tuas.

316 422 472 467 erant
500 415 787 483 petitiones
812 460 828 486 ,
859 423 985 490 nisi,
1042 422 1210 481 Pater
1254 442 1456 496 sancte,

316 508 511 557 mundo
537 504 582 537 ⁸⁷
605 506 628 560 ?
652 505 837 565 Palam
868 522 1046 570 autem
1072 528 1155 572 est
1187 520 1255 575 de
1280 522 1627 583 credentibus
1668 530 1724 584 in
1754 547 1879 588 eum

312 593 441 649 dici.
474 592 605 667 [Aut
642 596 897 656 Davidcm
955 594 1049 661 aut
1094 607 1383 669 Ezecltiam
1436 617 1590 682 dicit,
1638 629 1878 693 tempore

311 684 521 739 scilicet
554 690 900 746 sacerdotum
940 704 996 749 et
1021 713 1231 768 regum,
1268 712 1363 757 aut
1395 717 1614 776 propter
1657 684 1877 768 meone-

310 774 473 827 tniam
512 774 726 831 Domini
762 785 1061 839 secundum
1084 803 1326 855 carnem,
1360 805 1414 847 et
1441 774 1662 867 propter
1693 816 1878 856 resur-

308 864 600 921 rectionem
630 886 645 935 ;
677 878 773 924 aut
791 874 933 957 quia
964 878 1123 933 nobis
1146 881 1375 939 salutem
1400 864 1732 958 consecutis,
1757 894 1873 963 ipse

305 954 534 1011 salutem
573 949 821 1018 obtinere
841 965 1062 1032 dicitur,
1096 974 1189 1041 qui
1228 984 1283 1030 et
1305 991 1493 1034 curam
1522 982 1753 1051 hujusce
1779 987 1873 1041 Ita-

303 1042 473 1110 bebit,
505 1064 629 1103 cum
668 1068 835 1109 unum
874 1073 1074 1129 corpus
1103 1062 1295 1122 simus.
1330 1042 1696 1134 Quamobrem
1724 1091 1870 1133 nunc

302 1138 467 1194 dicit:
519 1140 578 1195 In
630 1148 895 1214 praesenti.
928 1153 1128 1223 quippe
1170 1160 1553 1228 cognoscimus
1585 1164 1864 1222 Christum

300 1230 528 1285 salutem
560 1244 802 1303 nactum,
834 1241 963 1309 quia
996 1243 1121 1300 inde
1152 1262 1253 1304 nos
1299 1261 1501 1308 nostra:
1549 1254 1746 1325 pignus
1777 1274 1867 1313 sa-

297 1320 428 1376 lutis
458 1327 781 1396 accipimus.
816 1329 1008 1389 Salvos
1036 1346 1217 1393 autem
1254 1339 1434 1397 fecisti
1481 1360 1583 1401 nos
1625 1362 1721 1417 per
1754 1351 1866 1404 vir-

295 1422 462 1467 tutem
477 1417 712 1473 dexterae
727 1424 1144 1482 tuac.Dexterattt
1163 1431 1299 1487 dixit
1314 1439 1736 1504 Opera,virtutes
1756 1459 1866 1498 ma-

294 1518 454 1571 gnas,
480 1508 747 1564 auxilium
777 1530 792 1567 :
818 1525 912 1568 aut
934 1516 1117 1572 divina
1147 1520 1301 1591 signa
1328 1527 1572 1593 praedicit
1596 1531 1861 1588 aCltristo

291 1595 709 1670 edenda.]Nune
731 1608 943 1675 cogitari
962 1612 1213 1678 quoniam
1233 1598 1436 1670 solvunt
1460 1620 1582 1688 fecit
1604 1623 1857 1681 Dominus

291 1686 560 1744 Christum
589 1710 766 1761 suum,
794 1707 981 1768 utpote
997 1704 1109 1770 jam
1135 1686 1581 1781 illuntinatusper
1598 1714 1857 1784 Spiritum
1897 1707 1935 1762 Β

290 1793 345 1832 sa
354 1787 536 1837 nctum
551 1785 696 1842 circa
710 1803 773 1843 ea
790 1805 913 1859 qua:
936 1796 1393 1855 resurrectionem
1424 1813 1693 1872 spectant.

356 1954 427 2012 In
458 1965 814 2029 potentatibus
845 1969 1037 2026 salutis
1057 1974 1289 2031 dextera:
1314 1994 1447 2047 ejus.
1478 1978 1742 2047 Salutem,
1776 1985 1859 2041 in-

287 2050 427 2118 quit,
462 2053 622 2109 nobis
652 2058 843 2115 tribuit
868 2076 1095 2132 magnas
1120 2066 1351 2123 virtutes
1375 2084 1650 2139 operatus.
1678 2077 1854 2148 Opera

287 2154 524 2212 namque
576 2145 667 2202 hic
718 2148 993 2217 signiticet
1037 2171 1104 2210 eo
1138 2159 1286 2227 quod
1343 2161 1572 2220 virtutes
1620 2145 1855 2226 dexteris

288 2236 680 2295 accedentibus
713 2243 973 2312 porrigat.
1002 2243 1128 2317 [llli.
1160 2249 1358 2320 inquit,
1388 2254 1475 2309 his
1496 2257 1684 2312 confisi
1710 2262 1852 2315 ceci-

281 2324 522 2382 derunt:
560 2344 663 2384 nos
711 2341 893 2388 autem
933 2335 987 2390 in
1022 2339 1242 2395 nomine
1282 2341 1496 2400 Domini
1546 2350 1716 2405 armis
1762 2352 1848 2406 in-

280 2419 493 2482 structi,
512 2420 741 2477 salutem
769 2425 913 2480 nacti
942 2429 1184 2504 sumus]
1210 2432 1493 2492 Dexteram
1523 2439 1611 2495 bic
1633 2457 1848 2512 quoque

281 2507 520 2564 humano
566 2527 719 2568 more
758 2515 1031 2587 loquendo
1074 2532 1235 2578 vocat
1275 2526 1515 2584 divinam
1568 2536 1846 2602 operatio-

277 2611 425 2652 nem.

345 2688 399 2743 8.
429 2689 503 2745 IIi
530 2692 583 2747 in
612 2697 877 2764 curribus,
908 2710 958 2754 et
982 2702 1038 2756 hi
1076 2703 1131 2758 in
1157 2706 1321 2776 equis.
1348 2705 1838 2784 Quemadmodum,

272 2797 397 2836 eum
430 2784 682 2844 lsraclem
715 2792 945 2862 eriperet
977 2811 1005 2849 a
1030 2800 1376 2856 sensibilibus
1409 2803 1677 2878 Aﬂgyptzis
1714 2826 1840 2865 cur-

272 2893 367 2932 rus
400 2876 719 2957 Pharaonis
752 2896 805 2940 et
834 2888 1088 2945 virtutem
1130 2893 1250 2961 ejus
1275 2896 1503 2965 projecit
1547 2900 1598 2953 in
1645 2917 1831 2959 mare:

271 2969 346 3025 ita
372 2987 494 3027 cum
526 2984 695 3030 totum
726 2980 1005 3036 hominum
1043 3000 1214 3053 genus
1242 2987 1493 3045 liberaret
1524 3007 1554 3045 a
1583 2993 1835 3063 spiritua-

269 3062 413 3120 libus
451 3065 741 3140 Egyptiis,
771 3088 967 3129 currus
994 3079 1268 3133 contrivit.

338 3156 421 3211 10.
461 3156 703 3225 Domine,
740 3165 942 3219 saluum
985 3168 1072 3236 [ac
1098 3186 1288 3239 regem.
1343 3169 1580 3229 Proinde
1622 3185 1831 3233 tantum

266 3250 409 3303 nacti
468 3257 876 3323 patrocinium,
932 3259 1308 3330 stippiicamus
1367 3267 1508 3330 tibi,
1566 3265 1829 3335 Domine,

264 3347 325 3394 ut
354 3356 478 3397 cum
532 3359 664 3410 nos,
722 3356 836 3403 tum
894 3368 985 3406 rex
1022 3364 1209 3410 noster
1267 3372 1333 3412 eo
1391 3357 1639 3414 fruamur
1690 3363 1832 3418 assi-

262 3430 387 3486 due.

447 3523 470 3578 i
519 3523 595 3587 lu
628 3527 804 3598 ﬁnem,
846 3530 1188 3591 I’SALJIUS
1218 3535 1431 3593 Davidi.
1464 3538 1572 3595 ΧΧ

841 3626 1239 3695 Argumentum.

256 3702 414 3761 nunc
436 3724 654 3782 quoque
678 3715 947 3783 psalmum
985 3719 1138 3789 prius
1171 3725 1459 3778 memorati
1490 3725 1652 3781 amici
1682 3727 1827 3798 regis

325 3797 604 3856 offerunt:
649 3812 904 3875 tanquam
940 3808 1155 3866 |:rlanle
1194 3813 1287 3866 illo
1317 3817 1460 3883 quod
1508 3832 1575 3872 ex
1618 3818 1827 3873 semine

324 3889 499 3960 ipsius
552 3905 802 3950 exortum
861 3902 1067 3955 mundo
1126 3904 1197 3957 sit
1243 3905 1499 3960 salutare.
1550 3906 1663 3962 Hoc
1709 3918 1826 3964 erat

321 3984 467 4038 cnim
504 3986 652 4055 quod
686 4005 751 4043 ex
802 3992 986 4045 animo
1037 3996 1400 4064 peroptabat,
1443 3998 1673 4068 darique
1719 4000 1823 4056 sibi

320 4078 555 4135 maxime
576 4082 935 4150 supplicabat.
964 4083 1119 4151 Quod
1150 4087 1239 4141 ubi
1267 4103 1587 4144 concessum
1610 4092 1820 4158 fuisset,

319 4165 525 4223 factum
569 4172 671 4242 ipsi
714 4182 798 4229 est
839 4190 937 4229 ceu
982 4192 1181 4233 corona
1208 4181 1453 4248 quaedam
1484 4197 1549 4236 ex
1584 4184 1822 4253 pretioso

322 4258 501 4331 lapide
518 4263 786 4332 confecta,
807 4282 913 4337 qua
937 4279 1102 4338 caput
1123 4280 1417 4327 exornaret
1442 4289 1623 4330 suum.
1650 4273 1816 4330 David

313 4355 458 4406 enim
500 4356 641 4424 apud
676 4374 867 4415 omnes
890 4370 1077 4431 gentes
1103 4377 1226 4416 cum
1255 4362 1486 4418 Domino
1522 4381 1624 4421 suo
1650 4376 1813 4436 atque
1844 4379 1892 4433 ι)

314 4444 424 4497 lilio
457 4449 755 4503 secundum
783 4468 1027 4519 carnem,
1062 4454 1319 4511 laudibus
1351 4456 1679 4512 celebratur.
1706 4457 1812 4515 Ne-

308 4548 415 4602 que
465 4551 667 4592 corona
720 4548 929 4596 tantum
971 4544 1075 4599 fuit
1116 4546 1189 4600 illi
1222 4547 1327 4602 hoc
1361 4549 1648 4615 salutare;
1701 4551 1811 4605 imo

304 4626 468 4680 etiam
514 4629 644 4685 vita.
683 4640 737 4685 et
767 4634 1099 4693 diuturnitas
1144 4640 1575 4709 incolumitatis,
1612 4643 1805 4715 gloria,

306 4718 731 4787 magnificentia,
762 4724 965 4790 laetitia,
1001 4730 1284 4798 gaudium,
1330 4749 1455 4802 spes
1484 4743 1540 4789 et
1591 4737 1809 4791 miseri-

303 4809 492 4863 cnrdia
521 4827 801 4881 nunquam
832 4825 1053 4872 nutans.

301 4898 356 4955 2.
383 4899 624 4967 Domine,
655 4904 707 4957 in
732 4904 923 4960 virtute
961 4918 1052 4962 tua
1089 4909 1362 4965 la'tabitur
1396 4929 1508 4971 rex.

301 5047 353 5101 7.
384 5048 649 5115 Quoniam
685 5053 837 5110 dabis
870 5072 989 5110 eum
1018 5059 1073 5112 in
1116 5058 1528 5118 benedictionem
1558 5067 1614 5120 in
1643 5084 1804 5123 siccu-

228 5142 337 5194 lum
376 5145 581 5199 steculi.
613 5144 672 5199 In
699 5149 976 5216 omnibus,
1005 5151 1201 5222 inquit,
1235 5157 1679 5225 generationibus
1719 5176 1801 5217 cc-

226 5234 394 5290 icbris
426 5246 480 5289 et
506 5240 804 5307 praeclarus
831 5243 954 5305 erit,
989 5247 1134 5314 quod
1171 5256 1377 5303 tantam
1407 5266 1437 5305 a
1463 5260 1516 5307 te
1544 5252 1799 5309 fiduciam

1125 221 1183 277 8.
1224 222 1600 286 ATBANASII
1646 232 1798 290 OPP.
1846 237 2028 297 PARS
2070 240 2162 301 ιιι.
2193 278 2260 292 —-
2296 248 2709 312 EXEGETICA.

1749 348 1880 417 Quae
1909 358 1958 416 Δ
1992 440 2018 446 Α
2052 361 2365 430 Πλιιρώσαι
2393 370 2607 437 Κύριος
2627 370 2824 428 πάντα
2853 373 2922 429 τὰ
2944 376 3235 446 αἰτήματὰ
3256 395 3396 437 σου.
3422 385 3570 442 Τίνα

1987 440 2057 518 ἧν
2077 450 2143 505 τά
2169 453 2459 524 αἰτήματα,
2482 459 2514 530 ἦ
2542 460 2622 524 τὸ,
2653 462 2844 531 Πάτερ
2873 464 3021 534 ἅγιε,
3046 440 3315 536 ⁴ἶήρϊισον
3332 440 3566 544 autem;

1984 538 2055 593 ἐκ
2085 541 2192 597 τοῦ
2222 548 2454 615 κόσμου
2470 564 2493 612 ;
2519 551 2686 622 Δῆλον
2711 552 2797 618 δὲ,
2825 556 2907 609 ὅτι
2934 559 3059 622 τοὺς
3085 563 3436 630 πιστεύοντας
3475 570 3562 633 εἰς

1983 631 2165 685 αὐτόν.
2206 631 2313 706 [Ἦ
2339 638 2429 691 τὸν
2448 642 2663 714 Δαυῖδῆ
2690 645 2780 698 τὸν
2814 647 3058 712 Ἐζεκίαν
3078 668 3091 680 ·
3117 654 3202 722 ἐφ’
3234 656 3421 726 ἱερέων
3442 631 3562 731 γὰρ

1980 723 2074 775 καὶ
2101 723 2392 794 βασιλέων,
2426 730 2461 801 ἦ
2491 732 2577 787 διὰ
2605 736 2702 806 τὴν
2732 738 2872 792 κατά
2906 741 3082 811 σάρκα
3113 745 3204 798 τοῦ
3239 723 3560 820 Κύρίουόξζ

1979 815 2231 884 κονομίαν
2258 819 2349 872 καὶ
2375 821 2695 880 ἀνάστασινο
2728 827 2760 898 ἢ
2795 829 2892 882 καὶ
2913 832 2994 884 ὅτι
3022 833 3342 906 σωζομένων
3367 840 3551 909 ἡμῶν,

1977 903 2140 970 αὐτὸς
2171 908 2317 977 λέγει
2342 911 2643 978 σώζεσθαι,
2681 912 2742 970 οὗ
2781 921 2875 973 καὶ
2906 922 3129 994 μελήσει
3168 903 3266 996 μὲν
3298 903 3556 1001 σώματος

1974 995 2123 1062 ὄντες
2159 1000 2295 1065 ἑνός.
2350 1003 2442 1058 Διό
2466 1008 2561 1060 καὶ
2587 1009 2682 1062 νῦν
2713 1008 2893 1066 εἶπεν·
2961 1016 3048 1069 Ἐν
3078 1018 3183 1091 γὰρ
3215 1021 3294 1091 τῷ
3320 995 3554 1096 παρόντι

1973 1088 2310 1162 γινώσκομεν
2358 1095 2665 1166 σωζόμενον
2692 1100 2781 1153 τὸν
2810 1104 3044 1175 Χριστὸν
3063 1147 3077 1171 ,
3111 1109 3189 1177 τῷ
3219 1112 3551 1169 ἀπντεῦθεν

1972 1180 2265 1251 ἀρραϐῶνα
2291 1187 2439 1257 ἡμᾶς
2464 1188 2712 1259 δέχεσθαι
2746 1197 3038 1268 σωτηρίας.
3095 1201 3343 1268 Ἔσωσας
3372 1205 3429 1259 δὲ
3455 1207 3550 1262 διὰ

1969 1271 2069 1340 τῆς
2092 1272 2407 1341 δυναστείας
2440 1280 2536 1350 τῆς
2560 1281 2740 1348 δεξιᾶς
2773 1303 2887 1342 σου.
2952 1288 3142 1354 Δεξιάν
3168 1293 3265 1359 τὰς
3294 1297 3543 1368 πράξεις,

1968 1359 2071 1424 τὰς
2117 1364 2363 1433 μεγάλας
2395 1367 2652 1439 δυνάμεις
2672 1411 2687 1434 ,
2731 1372 2828 1445 τὴν
2861 1376 3110 1449 βοήθειαν
3142 1359 3348 1437 εἰπών’.

1971 1449 2295 1524 θεοσημειας
2348 1466 2730 1530 προαναφωνετ
2778 1467 2883 1521 τοῦ
2921 1471 3223 1548 Χριστοῦ.]
3287 1449 3417 1532 NI»;

1964 1559 2117 1609 νων,
2171 1546 2260 1600 ὅτι
2311 1551 2506 1607 ἔσωσε
2534 1555 2746 1624 Κύριος
2776 1559 2885 1613 τὸν
2913 1564 3170 1630 Χριστὸν
3205 1546 3426 1637 αὐτοῦ,
3462 1573 3542 1638 ὡς

1965 1633 2064 1705 ἤδη
2118 1643 2545 1714 φωταγωγηθεὶς
2574 1646 2660 1706 διὰ
2700 1649 2795 1702 τοῦ
2828 1652 3142 1725 Πνεύματος
3171 1660 3242 1714 τὰ
3278 1633 3541 1735 περὶτῆς

1961 1722 2308 1788 ἀναστάσεως
2316 1767 2337 1789 ._

2024 1996 2120 2052 Ἐν
2136 1997 2520 2072 δυναστείαις
2541 2005 2647 2075 τῆς
2663 2014 2959 2081 σωτηρίας
2980 2015 3089 2083 τῆς
3102 2018 3303 2087 δεξιᾶς
3320 2024 3530 2079 αὐτοῦ.

1955 2083 2200 2143 Ἔσωσεν
2230 2093 2413 2163 ἡμᾶς,
2445 2098 2577 2169 φησι
2601 2138 2617 2162 ,
2652 2099 2912 2173 δυνάμεις
2941 2107 3183 2175 μεγάλας
3215 2083 3534 2185 ἐργασάμετ-

1949 2194 2058 2240 νος.
2130 2179 2240 2245 Τάς
2270 2184 2498 2255 πράξεις
2527 2188 2635 2262 γὰρ
2661 2191 2897 2248 ἐνταῦθα
2930 2198 3183 2268 σημαίνει
3207 2179 3531 2268 διάτάςδε-

1949 2263 2068 2331 eis;
2110 2268 2369 2343 δυνάμεις
2404 2280 2516 2341 τοῖς
2554 2282 2870 2352 προσιοῦσιν
2923 2263 3157 2358 ὀρέγειν.
3245 2290 3267 2364 [
3303 2263 3530 2351 Ἐκεῖνοι

1948 2358 2066 2428 μὲν,
2100 2364 2253 2433 φησι,
2287 2368 2603 2434 πεποιθότες
2629 2372 2722 2426 ἐπὶ
2748 2374 2977 2443 τούτοις,
3011 2378 3205 2435 ἔπεσον
3222 2399 3235 2411 ·
3262 2386 3422 2455 ἡμεῖς
3442 2387 3525 2452 δὲ,

1943 2449 2003 2502 ὲν
2038 2451 2260 2524 ὀνόματι
2286 2457 2489 2528 Κυρίου
2520 2461 2994 2534 καθωπλισμένοι,
3025 2449 3372 2547 ἐσώθημεν.]
3404 2449 3528 2531 ide-V-

1943 2538 2062 2605 ξιάν
2097 2543 2154 2596 δὲ
2186 2545 2350 2599 πάλιν
2381 2549 2617 2606 ἐνταῦθα
2648 2553 3003 2627 ἀνθρωπίνως
3042 2554 3162 2615 εἶπε
3245 2538 3525 2636 τὴναθειαν

1940 2628 2112 2695 οὕτως
2136 2636 2419 2707 ὀνομάζων
2444 2641 2743 2715 ἐνέργειαν.

2020 2722 2195 2781 Οὗτοι
2226 2727 2297 2781 ἐν
2324 2728 2567 2799 ἅρμασι,
2608 2735 2706 2788 καὶ
2737 2732 2903 2792 οὗτοι
2940 2739 3011 2793 ἐν
3052 2741 3276 2811 ἵπποις.
3310 2748 3520 2824 ’Ὠσπερ

1936 2816 2043 2869 τῶν
2069 2818 2339 2890 αἰσθητῶν
2367 2825 2679 2892 Αἰγυπτίων
2714 2827 3020 2893 σωζωνητδν
3061 2833 3275 2909 Ἰσραὴλ
3295 2881 3308 2904 ,
3343 2841 3520 2914 ἅρμα-

1934 2923 2003 2959 τα
2028 2907 2226 2981 Φαραὼ
2258 2913 2354 2965 καὶ
2384 2914 2483 2985 τὴν
2513 2915 2740 2988 δύναμιν
2770 2922 2935 2976 αὑτοῦ
2963 2925 3183 2999 ἔρριψεν
3215 2907 3295 2994 εἰς
3321 2907 3519 2988 θάλασ-

1860 3043 1903 3099 C
1937 3015 2035 3052 σαν
2055 3039 2070 3063 ,
2121 2999 2263 3055 οὕτω
2292 3004 2387 3056 καὶ
2431 3005 2648 3061 πάντων
2680 3010 2978 3084 ἀνθρώπων
3031 3017 3218 3084 σώζων
3253 3020 3316 3075 τὺ
3359 3023 3516 3092 γένος

1934 3090 2043 3143 τῶν
2075 3086 2280 3162 νοητῶν
2309 3095 2643 3165 Αἰγυπτίων,
2679 3104 2965 3177 συνέτριψε
2996 3109 3066 3163 τὰ
3097 3110 3338 3183 ἅρματα.

1962 3207 1971 3215 ·
2004 3184 2202 3251 Κύριε,
2236 3185 2445 3242 σῶσον
2473 3191 2578 3244 τὸν
2611 3195 2895 3258 βασιλέα,
2931 3191 3216 3273 Τοιγάρτοι
3243 3204 3511 3276 τοσαύτης

1931 3274 2338 3342 ἀπολαύσαντες
2369 3281 2705 3353 ἀντιλήψεως
2730 3289 3061 3362 ἱκετεύομεν,
3099 3293 3343 3350 Δέσποτα
3363 3337 3380 3363 ,
3413 3298 3509 3351 καὶ

1932 3366 2078 3436 ἡμᾶς
2105 3369 2299 3432 αὐτοὺς
2325 3371 2420 3424 καὶ
2445 3373 2536 3427 τὸν
2559 3377 2824 3449 ἡμέτερον
2849 3380 3072 3452 βασιλέα
3096 3384 3298 3458 ταύτης
3336 3405 3507 3459 μεταο

1930 3453 2218 3527 λαγχάνειν
2246 3458 2529 3529 διηνεκῶς.

2140 3550 2243 3614 Εἰς
2270 3547 2443 3617 τέλος
2460 3590 2476 3616 ,
2518 3555 2823 3610 ΨΑΛΜΟΣ
2848 3556 2929 3624 τῷ
2956 3560 3155 3615 Δαυΐδ.
3196 3562 3292 3619 κ’.

2554 3644 2567 3662 ⁹
2579 3646 2884 3713 Υπόθεσις.

1926 3726 2035 3778 Md.
2069 3726 2373 3795 τούτονρτδν
2411 3734 2626 3806 ψαλμὸν
2650 3740 2698 3791 oi
2732 3740 3166 3812 προδηλωθέντες
3186 3745 3387 3820 ἑταῖροι
3407 3748 3500 3803 τοῦ

1997 3816 2260 3888 βασιλέως
2291 3826 2735 3897 ἀναπέμπουσιν,
2770 3830 2845 3895 ὡς
2883 3833 2982 3905 ἤδη
3014 3835 3178 3889 αὐτοῦ
3213 3839 3499 3909 εὐφραινοο

1999 3910 2160 3979 μένου
2189 3914 2278 3968 διὰ
2308 3918 2365 3970 τδ
2391 3920 2455 3971 ἐκ
2476 3920 2789 3992 σπέρματος
2813 3922 2978 3976 αὐτοῦ
3004 3930 3396 3999 γεγεννημένον
3418 3930 3499 4004 τῷ

1993 4004 2183 4075 κόσμῳ
2216 4011 2502 4081 σωτήριον.
2556 4013 2725 4067 Τοῦτο
2769 4015 2879 4087 γὰρ
2914 4012 2982 4088 ἦν
3004 4018 3032 4071 δ
3070 4020 3328 4092 ἐπεθύμει
3357 4026 3498 4079 κατά

1990 4093 2309 4166 ψυχὴν,κώ
2338 4102 2514 4156 ἐδέετο
2546 4103 2960 4180 ).α6εἴν.,”οπερ
2985 4112 3076 4164 καὶ
3103 4112 3253 4167 δοθὲν
3275 4115 3496 4185 γέγονεν

1988 4187 2136 4258 αὐτῷ
2159 4183 2249 4243 οἷά
2270 4208 2354 4255 τις
2388 4193 2648 4264 στέφανος
2675 4198 2737 4250 ὲκ
2761 4197 2910 4253 λίθου
2936 4202 3114 4271 τιμίου
3137 4205 3236 4275 τὴν
3256 4208 3499 4279 κεφαλὴν.

1985 4276 2223 4343 δοξάζων
2245 4297 2259 4311 ⁸
2319 4281 2600 4347 δοξάζεται
2651 4286 2759 4359 γὰρ
2794 4290 2851 4342 ὲν
2886 4293 3019 4344 πᾶσι
3051 4297 3161 4357 τοῖς
3216 4296 3419 4350 ἔθνεσιν
3451 4276 3494 4351 ’ὁ

1982 4368 2147 4422 Δαυῖδ
2191 4372 2329 4443 μετά
2368 4375 2462 4428 τοῦ
2507 4378 2714 4449 Κυρίου
2760 4381 2955 4434 ἑαυτοῦ
2998 4384 3090 4437 καὶ
3122 4386 3239 4439 υἱοῦ
3263 4389 3323 4442 1t-
3354 4390 3490 4443 κατὰ

1987 4459 2189 4525 σάρκα.
2248 4464 2324 4518 Οὐ
2360 4465 2517 4536 μόνον
2547 4468 2603 4522 δὲ
2629 4471 2886 4540 στέφανος
2914 4475 3061 4545 αὐτῷ
3088 4477 3273 4544 γέγονε
3299 4476 3358 4532 τὸ
3386 4496 3489 4535 σω⁹

1982 4553 2199 4623 τήριον,
2235 4555 2370 4611 ἀλλά
2404 4559 2498 4611 καὶ
2531 4559 2641 4632 ζωὴ
2662 4602 2676 4624 ,
2706 4564 2800 4617 καὶ
2835 4569 3347 4641 μακροημὲρευσις,
3395 4573 3488 4626 καὶ

1983 4639 2134 4705 δόξα,
2158 4644 2252 4696 καὶ
2288 4646 2749 4720 μεγαλοπρέπεια,
2778 4652 2872 4705 καὶ
2905 4639 3232 4730 εὐφροσύνη,
3270 4662 3362 4716 καὶ
3388 4680 3486 4733 χαο

1985 4731 2074 4802 ρά,
2110 4735 2204 4787 καὶ
2238 4735 2416 4801 ἐλπὶς,
2442 4739 2537 4792 καὶ
2569 4740 2715 4805 ἔλεος
2744 4743 2804 4795 οὐ
2837 4744 3216 4817 σαλευόμενον.

1975 4904 2152 4970 Κύριε
2176 4945 2191 4970 ,
2245 4905 2318 4959 ἐν
2348 4905 2425 4976 τῇ
2476 4908 2722 4980 δυνάμει
2775 4931 2892 4969 σου
2932 4919 3403 4987 εὐφρανθήσεται
3448 4927 3483 4979 ό

1897 4992 2052 5055 ,βασι
2070 4993 2218 5059 istic.

1977 5085 2095 5137 Ὅτι
2123 5083 2280 5152 δῴης
2304 5086 2465 5153 αὐτῷ
2489 5091 2773 5161 εὐλογίαν
2795 5097 2881 5161 εἷς
2898 5096 3084 5152 αἰῶνα
3115 5099 3348 5167 αἰῶνος.
3392 5103 3483 5157 Ἐν

1901 5175 2161 5239 ἀπάσαις,
2181 5176 2336 5248 φησι,
2351 5183 2473 5242 ταῖς
2502 5185 2713 5247 γενεαῖς
2744 5185 2987 5257 ἀοίδιμος
3019 5188 3168 5242 ἔσται
3194 5191 3288 5243 καὶ
3313 5191 3477 5246 πολυ-

1901 5264 2225 5338 θρύλλητος,
2254 5269 2524 5342 τοσαύτην
2558 5274 2804 5345 ἐσχηκὼς
2837 5278 2986 5349 παρά
3019 5278 3114 5333 σοῦ
3144 5283 3474 5354 παρρησίαν.

225 5327 519 5396 acceperit.
570 5327 706 5389 Nam
758 5333 912 5401 illud,
945 5353 1064 5390 cum
1099 5338 1244 5394 vultu
1290 5353 1379 5396 tuo
1401 5384 1415 5409 ,
1451 5345 1614 5399 vertit
1647 5344 1803 5418 Sym-

2089 5327 2100 5338 -
2172 5327 2221 5333 -ν
2479 5327 2489 5342 ι
2622 5327 2688 5345 nt
2741 5327 2745 5328 ν
2784 5327 2801 5340 υ
2845 5327 2985 5349 ""r"
3025 5327 3109 5333 τ’*
3150 5327 3474 5354 ""rr't"""

2003 5357 2113 5430 γὰρ
2138 5362 2290 5430 μετὰ
2311 5361 2418 5417 τοῦ
2459 5367 2949 5435 προσώπουεσου,
2984 5369 3147 5439 παρὰ
3174 5371 3254 5437 τῷ
3286 5385 3476 5440 προσ-

180 5469 187 5478 ,
224 5419 478 5482 machus,
512 5422 656 5491 apud
688 5424 888 5481 multum
918 5438 1087 5483 tuum.
1128 5430 1337 5489 Laetitia
1381 5434 1584 5507 itaque,
1614 5437 1712 5502 ait,
1744 5447 1798 5494 et

295 5596 339 5633 ¹⁹
361 5590 516 5652 Joan.
549 5616 682 5668 ινιτ,
722 5602 801 5656 Η.

1894 5444 2031 5513 ὠπφ
2074 5465 2190 5506 σου
2218 5489 2234 5517 ,
2292 5452 2537 5509 τέθεικεν
2568 5458 2596 5510 ὁ
2626 5457 2934 5529 Σύμμαχος.
2983 5460 3333 5534 Εὐφροσύνην
3362 5464 3475 5519 τοι·
