3698 6268
243 194 340 250 151

1051 191 1110 248 S.
1155 187 1527 244 ATHANASII
1568 188 1719 243 OPP.
1761 184 1940 241 PARS
1977 184 2065 240 Ill.
2105 214 2174 226 —
2212 185 2624 244 EXEGETICA.

3384 186 3483 241 15⁸1

248 315 368 384 ejus
413 310 699 366 adventum
751 318 905 381 rogat
963 309 1295 364 accelerari:
1363 307 1706 363 Cantabimus
1758 315 1809 359 et

1992 323 2024 370 ις
2055 308 2352 378 παρουσίαν
2385 306 2598 378 εῦχεται
2644 306 2732 381 διά
2763 309 2922 360 τοῦτο
2969 305 3224 377 γενέσθαι
3245 323 3258 337 ·
3301 305 3483 378 ’ᾼσοο

249 404 534 474 psullemus
564 405 780 456 virtutes
809 411 946 456 tuas.
973 399 1126 455 Tunc
1153 400 1298 454 enim
1322 415 1512 454 omnes
1538 400 1808 468 justorum

1992 415 2020 448 ν
2051 398 2148 453 καί
2177 400 2492 468 ψαλοῦμεν
2514 399 2620 465 τὰς
2647 398 3005 465 δυναστείας
3034 414 3174 453 σου.
3207 397 3339 453 Τότε
3372 401 3484 474 γὰρ

250 496 466 558 animm,
502 495 556 548 in
588 495 840 563 supernis
885 492 1263 546 mansionibus
1292 491 1603 544 constituta:
1649 490 1810 558 spiri-

251 586 449 641 tualem
476 585 679 640 cultum
712 581 958 654 obeunt.]

442 674 493 729 1.
534 671 602 729 In
633 676 810 744 ﬁnem,
842 689 936 741 pro
979 672 1302 741 susceptione
1334 671 1634 731 matutina,

670 762 801 818 PSA
812 761 1009 817 LMUS
1040 761 1230 814 David.
1263 757 1422 814 XXI.

832 856 1230 924 Argumentum.

252 941 480 1002 Canitur
509 945 599 1000 hic
637 944 884 1015 psalmus
916 959 1014 1014 pro
1059 943 1400 1012 susceptione
1445 943 1730 1004 matutina,
1760 942 1810 996 id

315 1046 420 1102 est,
459 1038 585 1106 quia
610 1045 768 1091 nocte
795 1045 848 1089 et
877 1036 1106 1103 caligine
1131 1036 1397 1090 diabolica
1433 1050 1534 1088 nos
1564 1034 1814 1088 liberavit

316 1128 560 1183 emicans
589 1128 928 1198 unigenitum
965 1127 1056 1181 Dei
1091 1127 1348 1188 Verbum,
1381 1127 1561 1180 oriens
1585 1142 1651 1181 ex
1682 1128 1810 1191 alto,

321 1226 384 1273 ut
413 1221 674 1288 scriptum
705 1227 789 1274 est
813 1219 877 1271 ³ο.
911 1218 1016 1272 Aut
1053 1219 1456 1288 susceptionem
1493 1219 1810 1272 matutinam

319 1310 555 1380 appellat
601 1310 1024 1364 resurrectionis
1083 1308 1383 1363 Salvatoris
1431 1318 1662 1379 tempus.
1716 1308 1814 1363 Re-

316 1402 555 1456 surrexit
585 1402 728 1456 enim
771 1402 947 1470 primo
995 1401 1254 1463 diluculo,
1287 1410 1341 1455 et
1383 1401 1525 1454 viam
1562 1400 1812 1454 humanae

323 1503 532 1548 natura:
571 1493 800 1547 munivit
845 1493 911 1548 ad
948 1493 1435 1562 incorruptionem.
1485 1491 1812 1546 Canit-vero

325 1585 595 1654 psalmum
632 1584 886 1638 Christus
935 1599 999 1638 ex
1055 1599 1287 1654 persona
1343 1583 1720 1639 humanitatis.
1748 1586 1814 1638 Α-

313 1683 463 1744 perte
492 1683 670 1728 autem
703 1689 764 1728 ea
797 1683 985 1728 narrat
1010 1691 1132 1746 quae
1167 1675 1349 1732 crucis
1389 1683 1628 1746 tempore
1665 1690 1694 1728 ο
1727 1673 1816 1729 Ju-

325 1766 459 1823 daais
486 1766 635 1822 illata
667 1767 771 1837 ipsi
801 1774 948 1822 sunt.

321 1963 379 2020 2.
411 1963 571 2026 Deus,
598 1963 736 2018 Deus
765 1981 931 2028 meas,
969 1963 1165 2032 respice
1201 1963 1256 2016 in
1280 1980 1360 2017 me
1383 1980 1401 2017 :
1430 1979 1594 2032 quare
1621 1978 1698 2015 mc
1727 1961 1819 2016 de-

253 2053 514 2126 reliquisti
546 2057 570 2109 2
600 2055 846 2110 Postulat
875 2055 1268 2124 inspectiouem
1307 2054 1508 2115 Patris,
1544 2064 1730 2107 nostra
1761 2052 1815 2105 iu

254 2161 376 2202 sese
413 2145 770 2210 transferens,
818 2157 876 2200 ut
924 2148 1214 2216 abrOgaret
1261 2145 1386 2217 [nos
1426 2144 1528 2214 ipsi
1571 2140 1815 2197 derelicti

253 2238 430 2308 prius,
473 2253 618 2292 nunc
645 2246 825 2291 autem
871 2237 1137 2307 assumpti
1168 2253 1233 2292 ac
1279 2236 1454 2291 salute
1497 2235 1683 2289 donati
1731 2249 1820 2288 su-

253 2344 399 2385 mus.
434 2327 561 2384 Haec
588 2328 718 2384 dicit
741 2337 800 2383 ut
830 2329 1138 2398 abrogaret,
1177 2327 1330 2398 etc.]
1358 2326 1814 2388 maledictioncm,

251 2427 310 2476 et
345 2421 413 2476 ad
447 2435 546 2476 nos
581 2420 789 2475 vultum
834 2418 1015 2474 Patris
1064 2419 1377 2474 adduceret.
1425 2416 1536 2473 Nos
1569 2417 1713 2473 enim
1745 2417 1818 2472 ob

251 2513 384 2568 Adae
406 2513 906 2584 praevaricationem
955 2512 1010 2568 in
1044 2511 1382 2566 aversionem
1434 2519 1489 2565 et
1517 2509 1820 2565 derelictio-

255 2620 379 2661 nem
407 2605 535 2661 facti
562 2621 773 2660 sumus.
805 2604 979 2674 Longe
1009 2620 1041 2656 α
1075 2603 1247 2656 salute
1278 2619 1395 2656 mea
1416 2603 1570 2656 verba
1595 2601 1818 2654 delicto-

253 2710 374 2750 rum
407 2710 660 2748 meorum.
694 2692 846 2758 Mihi,
875 2708 1084 2762 quaeso,
1111 2691 1480 2746 animadverte
1503 2687 1816 2743 humanita-

255 2785 327 2840 tis
367 2785 424 2839 in
474 2785 694 2840 Christo
739 2799 1054 2854 personam,
1115 2783 1476 2854 postulantem
1526 2780 1740 2835 liberari
1786 2795 1816 2834 a

257 2875 501 2946 lapsibus
538 2889 632 2930 seu
659 2889 689 2928 a
715 2874 947 2936 delictis,
970 2883 1024 2928 et
1053 2889 1082 2928 a
1106 2875 1451 2928 sermonibus
1482 2889 1542 2927 ea
1577 2882 1820 2942 spectan-

260 2967 424 3022 tibus.
458 2967 642 3022 Palam
671 2974 756 3022 est
798 2975 978 3022 autem
1018 2967 1127 3037 peti
1170 2967 1435 3037 justitiam
1477 2967 1673 3037 cuique
1725 2966 1816 3020 ho-
1843 2996 1886 3053 ο

257 3059 394 3118 mini
419 3066 832 3129 congruentem.

335 3239 521 3314 [Deus,
554 3240 692 3295 Deus
717 3255 885 3293 meas.
913 3237 1039 3293 Hec
1067 3235 1316 3291 Salvator
1344 3235 1584 3306 loquitur
1613 3250 1677 3288 ex
1707 3249 1821 3303 per-

261 3346 395 3385 sona
424 3330 797 3396 humanitatis,
829 3327 988 3400 quasi
1025 3327 1193 3393 dicat,
1220 3328 1295 3382 mi
1348 3327 1512 3393 Deus,
1543 3327 1616 3380 mi
1657 3325 1819 3390 Deus,

262 3421 315 3474 in
341 3421 588 3477 vocativo
617 3423 845 3481 scilicet.
869 3421 892 3495 ]

330 3513 384 3568 5.
409 3512 550 3567 Deus
588 3529 754 3575 meus,
783 3512 1026 3566 clamabo
1048 3528 1139 3582 per
1161 3511 1324 3572 diem,
1348 3522 1395 3565 et
1423 3527 1524 3563 non
1551 3509 1821 3569 exaudies,

260 3612 312 3658 ct
341 3614 509 3668 nocte,
543 3615 594 3658 et
632 3621 735 3658 non
767 3603 836 3656 ad
881 3604 1242 3672 insipientiam
1279 3603 1429 3655 mihi.
1481 3601 1618 3656 Cum
1665 3601 1824 3654 inter-

259 3697 556 3766 punctione
592 3695 921 3765 legendum:
969 3693 1244 3764 signiﬁcat
1284 3703 1463 3747 autem
1514 3693 1670 3747 nobis
1713 3707 1821 3745 non

262 3786 512 3841 inutilem
545 3801 666 3842 esse
691 3785 954 3841 orationis
982 3785 1241 3840 fructum.
1279 3785 1368 3840 Ait
1395 3785 1538 3839 enim
1565 3801 1578 3836 :
1609 3783 1727 3836 Non
1756 3784 1823 3836 ad

261 3877 622 3947 insipientiam
653 3877 800 3930 mihi.
838 3877 895 3930 Id
925 3886 1029 3941 est,
1072 3877 1357 3946 perspicue
1397 3877 1546 3940 novi,
1585 3874 1822 3928 futurum

261 3982 385 4023 esse
413 3975 472 4022 ut
504 3967 732 4022 clamem
771 3983 893 4032 ego,
926 3966 1041 4034 ipse
1084 3967 1360 4020 exaudiat.
1411 3964 1548 4031 Quia
1597 3979 1722 4018 cum
1771 3964 1825 4016 in

263 4059 469 4115 sanctis
499 4058 711 4112 habites
743 4058 836 4128 qui
882 4066 1118 4112 mentem
1149 4059 1201 4110 in
1239 4065 1292 4111 te
1331 4058 1563 4128 positam
1594 4056 1823 4121 habent,

261 4151 384 4208 laus
410 4159 465 4205 et
496 4150 668 4221 gloria
698 4150 829 4219 ipsis
853 4164 933 4204 es.

333 4244 390 4299 ι.
422 4242 500 4297 Ἰιι
531 4253 706 4297 autem
752 4243 807 4294 in
849 4249 1032 4296 sancto
1082 4241 1314 4301 habitas,
1347 4239 1466 4292 laus
1501 4237 1693 4292 Israel.
1749 4237 1826 4310 (7)

262 4335 367 4402 Qui
397 4335 638 4390 laudaris
664 4335 732 4390 ah
761 4333 958 4390 lsraele
984 4341 1078 4387 aut
1107 4333 1224 4402 ipse
1247 4333 1368 4386 laus
1391 4345 1471 4386 es.

334 4507 389 4562 5.
423 4509 490 4562 In
523 4517 571 4561 te
598 4517 936 4576 speraverant
965 4517 1143 4576 patres
1189 4503 1380 4567 nostri,
1413 4513 1751 4574 speraverant
1782 4511 1832 4556 et

266 4600 505 4654 liberasti
535 4616 641 4653 eos.
678 4599 868 4653 Patres
902 4614 1035 4652 suos
1074 4599 1376 4653 secundum
1415 4611 1634 4652 carnem
1674 4595 1828 4658 dicit,

265 4689 606 4763 patriarchas
652 4688 860 4742 scilicet
905 4697 960 4741 et
997 4687 1312 4757 prophetas.
1365 4684 1597 4738 Exhibet
1647 4694 1828 4738 autem

267 4779 383 4850 spei
413 4778 646 4832 lucrum.

333 4864 428 4939 [In
463 4874 512 4918 te
536 4871 875 4933 speraverant
904 4873 1079 4932 patres
1111 4863 1303 4917 nostri.
1344 4861 1486 4928 Quin
1517 4865 1702 4930 etiam,
1736 4865 1830 4934 qui

1909 492 2059 544 πᾶσα
2086 490 2308 545 δικαίων
2335 491 2512 562 ψυχὴ,
2549 493 2604 544 ἐν
2653 494 2771 556 ταῖς
2815 491 2927 544 ἄνω
2959 489 3230 562 γενομένη
3270 495 3488 561 μοναῖς.

1908 579 2006 641 τὰς
2035 579 2403 650 πνευματικὰς
2443 582 2752 652 ἀναπέμπει
2782 580 3050 653 λατρείας.
3079 578 3100 652 ]

1905 669 2006 736 Εἰς
2037 671 2103 723 τὸ
2135 672 2330 736 τέλος,
2365 671 2515 741 ὑπὲρ
2539 672 2658 740 τῆς
2673 672 3050 740 ἀντιλήψεως
3077 671 3186 742 τῆς
3208 670 3482 742 ἑωθινῆς,

2290 765 2586 818 ΨΑΛΜΟΣ
2617 763 2698 828 τῷ
2728 764 2926 820 Δαυῖδ.
2973 767 3103 820 KA’.

2544 853 2869 922 Ύπόθεσις.

1914 940 2129 1014 ’ᾼδεται
2168 944 2196 997 6
2235 947 2590 1016 προκείμενος
2615 946 2828 1019 ψαλμὺς
2859 947 2996 1021 ὑπὲρ
3023 948 3122 1021 τῆς
3147 950 3487 1024 ἀντιλήψεως

1981 1037 2080 1106 τῆς
2106 1037 2350 1108 ἑωθινῆς.
2386 1037 2671 1092 Τουτέστιν
2693 1040 2774 1094 δτι
2805 1041 2998 1104 νυκτὸς
3019 1043 3114 1095 καὶ
3140 1043 3336 1114 ἀχλύος
3370 1046 3489 1100 δια⁸

1981 1123 2200 1198 δολιχῆς
2227 1127 2595 1201 ἠλευθέρωσεν
2639 1133 2784 1202 ἡμᾶς
2805 1170 2819 1194 ,
2853 1132 3165 1204 ἐπιλάμψας
3191 1137 3219 1187 ὁ
3253 1153 3481 1207 μονογε-

1980 1218 2076 1289 νὴς
2109 1218 2201 1272 τοῦ
2229 1219 2363 1273 Θεοῦ
2395 1223 2568 1290 Λόγος
2593 1223 2822 1294 ἀνατολὴ
2863 1224 2923 1290 ἐξ
2953 1224 3122 1296 ὕψους
3142 1227 3284 1282 κατά
3305 1229 3366 1283 τὸ
3391 1247 3487 1299 γεδ

1983 1325 2132 1381 γραμ
2141 1310 2317 1380 μένον.
2350 1308 2420 1365 Ἢ
2442 1310 2536 1366 καὶ
2563 1313 2843 1385 ἀντίληψιν
2865 1315 3091 1386 ἑωθινὴν
3116 1319 3206 1373 τὸν
3228 1319 3328 1389 τῆς
3345 1321 3487 1375 ἀνα-

1981 1400 2221 1464 στάσεως
2250 1400 2344 1454 τοῦ
2367 1403 2616 1474 Σωτῆρος
2639 1405 2888 1473 ὀνομάζει
2912 1408 3118 1479 καιρόν.
3157 1409 3486 1484 Ἐγήγερται

1985 1488 2093 1562 γὰρ
2130 1489 2326 1563 ὄρθρου
2360 1491 2582 1562 βαθέος,
2605 1494 2923 1568 ὁδοποιήσας
2950 1499 3015 1568 τῇ
3051 1497 3352 1571 ἀνθρώπων
3382 1503 3488 1572 φύ-

1985 1602 2068 1638 σει
2095 1585 2192 1658 τὴν
2217 1589 2297 1651 είς
2325 1587 2632 1658 ἀφθαρσίαν
2666 1589 2802 1646 ὁδόν.
2859 1591 3009 1662 ’ᾼδει
3050 1594 3107 1648 δὲ
3147 1596 3240 1651 τὸν
3269 1597 3488 1670 ψαλμὸν

1985 1679 2014 1732 6
2041 1679 2272 1750 Χριστὸς
2294 1680 2358 1733 ὲκ
2376 1681 2666 1750 προσώπου
2693 1683 2794 1754 τῆς
2817 1685 3253 1761 ἀνθρωπότητος.
3284 1693 3490 1762 Σαφῶς

1984 1767 2042 1822 δὲ
2073 1770 2167 1822 καὶ
2195 1770 2264 1824 τὰ
2307 1771 2669 1842 συμϐαίνοντα
2695 1774 2842 1846 αὐτῷ
2878 1780 3029 1849 παρά
3064 1781 3173 1835 τῶν
3213 1783 3488 1839 Ἰουδαίων

1985 1861 2044 1914 ἐν
2075 1859 2152 1932 τῷ
2185 1861 2358 1933 καιρῷ
2394 1861 2486 1916 τοῦ
2517 1861 2748 1933 σταυροῦ
2774 1865 3044 1938 ἐξηγεῖται
3072 1873 3202 1944 ἡμῖν

1999 1953 2061 2005 ὐ
2078 1955 2220 2019 Θεὸς
2252 1957 2284 2008 ό
2303 1957 2446 2022 Θεός
2467 1974 2610 2026 μου,
2630 1960 2892 2027 πρόσχες
2905 1977 3006 2029 μοι
3023 1977 3039 1994 ·
3056 1963 3156 2017 ἵνα
3177 1964 3237 2018 τί
3247 1963 3489 2034 ἐγκατῶ

1915 2045 2088 2112 λιπές
2112 2064 2189 2115 με
2207 2063 2228 2110 ;
2263 2047 2414 2102 Δίτεῖ
2444 2049 2541 2120 τὴν
2589 2051 2885 2104 ἐποπτείαν
2915 2053 3014 2123 τὴν
3045 2056 3196 2126 παρὰ
3237 2058 3332 2111 τοῦ
3366 2059 3486 2112 Πα·

1916 2137 2076 2209 τρὸς,
2118 2137 2184 2190 τὰ
2233 2140 2390 2209 ἡμῶν
2421 2143 2501 2205 εἰς
2531 2142 2720 2196 ἐαυτὸν
2755 2145 3062 2214 μετατιθεὶς
3096 2147 3184 2200 ἵνα
3235 2147 3483 2220 [Αηιὺτδ.

1917 2231 2075 2301 ἡμεῖς
2105 2231 2212 2302 γάρ
2238 2227 2380 2302 ἦμεν
2409 2235 2457 2286 οἱ
2484 2233 3038 2306 ἐγκαταλελειμμένοι
3067 2239 3358 2311 πρότερον,
3386 2243 3486 2296 νῦν

1915 2321 1971 2375 δὲ
1991 2322 2448 2393 προσειλημμένοι
2478 2324 2572 2378 καὶ
2622 2327 2974 2397 σεσωσμένοι.
2997 2327 3181 2382 Ταῦτα
3205 2330 3352 2398 λέγει
3371 2333 3484 2397 ἵνα,

1917 2413 2011 2486 καὶ
2035 2413 2104 2467 τά
2139 2413 2292 2486 ἐξῆς]
2308 2415 2491 2490 παύσῃ
2509 2415 2607 2488 τὴν
2619 2416 2777 2488 ἀρὰν,
2802 2419 2894 2471 καὶ
2925 2419 3009 2487 ἐφ’
3033 2421 3180 2490 ἡμᾶς
3203 2424 3486 2496 μεταγάγῃ

1916 2506 1976 2560 τὸ
1999 2506 2286 2578 πρόσωπον
2315 2507 2409 2560 τοῦ
2437 2509 2668 2580 Πατρός.
2697 2509 2886 2580 Ἡμεῖς
2912 2510 3020 2581 γάρ
3062 2513 3229 2583 ἐσμεν
3257 2516 3306 2568 οί
3331 2531 3492 2584 γεγο-

1916 2597 2066 2662 νότες
2111 2600 2429 2671 ἀποστροφὴ
2460 2602 2554 2654 καὶ
2585 2600 2964 2668 ὲγκατάλιιψις
2981 2603 3069 2656 διὰ
3100 2603 3196 2675 τὴν
3219 2607 3276 2658 ἐν
3317 2607 3490 2678 ’Δδάμ

1915 2689 2245 2761 παράϐασιν.
2320 2693 2568 2760 Μακρὸν
2601 2693 2719 2747 ἀπὸ
2751 2691 2856 2758 τῆς
2905 2698 3201 2762 σωτηρίας
3232 2701 3287 2751 oi
3318 2700 3490 2769 λόγοι

1915 2778 2035 2831 τῶν
2057 2781 2539 2848 παραπτωμάτων
2565 2799 2703 2851 μου.
2759 2782 2959 2836 Σκόπει
2989 2780 3281 2853 μοι’πάλιν
3310 2789 3371 2841 τὸ
3390 2791 3493 2859 τῆς

1915 2868 2011 2921 ἀνθ
2018 2870 2328 2940 ρωπότητος
2347 2871 2636 2942 πρόσωπον
2650 2875 2706 2925 ἐν
2720 2874 2938 2944 Χριστῷ
2957 2877 3304 2947 παρακαλοῦν
3326 2881 3494 2933 ἀπαλ-

1918 2959 2205 3016 λάττεσθαι
2230 2962 2338 3014 τῶν
2364 2966 2717 3035 πταισμάτων
2746 2968 2864 3037 ἦτοι
2892 2968 3000 3020 τῶν
3033 2975 3494 3042 παραπτωμάτων

1921 3054 2014 3105 καὶ
2042 3053 2150 3105 τῶν
2183 3055 2269 3105 ἐπ’
2298 3054 2478 3118 αὐτοῖς
2506 3054 2696 3125 λόγων.
2733 3057 2899 3129 Δῆλον
2932 3059 3008 3124 δὲ,
3039 3062 3118 3114 ὅτι
3146 3063 3245 3132 τῆς
3279 3065 3498 3137 ἑκάστῳ

1921 3143 2236 3215 πρεπούσης
2262 3145 2627 3217 δικαιοσύνης.

1993 3233 2090 3307 {'0
2117 3235 2294 3301 Θεὸς,
2326 3240 2358 3289 ὀ
2391 3240 2534 3303 Θεός
2560 3256 2697 3308 μου.
2732 3240 2916 3294 Ταῦτα
2946 3241 3091 3310 λέγει
3132 3245 3160 3296 6
3201 3245 3392 3317 Σωτὴρ
3428 3247 3498 3300 ἐκ

1921 3325 2211 3395 προσώπου
2269 3328 2368 3398 τῆς
2419 3329 2832 3402 ἀνθρωπότητος
2887 3333 3009 3385 ἀντὶ
3050 3333 3180 3387 τοῦ⁸
3215 3336 3316 3389 Θεέ
3368 3355 3496 3408 μου,

1921 3417 2022 3470 Θεέ
2063 3436 2185 3488 μου.
2207 3417 2226 3491 ]

2006 3508 2067 3564 Ὀ
2099 3513 2243 3577 Θεός
2258 3529 2398 3581 μου,
2424 3513 2780 3583 κεκράξομαι
2803 3516 3046 3585 ἡμέρας,
3072 3519 3169 3573 καὶ
3199 3520 3308 3572 οὐκ
3337 3522 3502 3574 εἰσα-

1924 3602 2140 3670 κούσῃ,
2165 3604 2262 3657 καὶ
2284 3605 2524 3670 νυκτὸς.
2557 3608 2654 3660 καὶ
2681 3608 2790 3661 οὐκ
2817 3610 2903 3674 εἰς
2931 3608 3142 3663 ἄνοιαν
3168 3611 3300 3680 ἐμοί
3305 3651 3318 3664 .
3356 3613 3499 3666 Καθ’

1925 3693 2265 3766 ὑποστιγμὴν
2300 3697 2689 3764 ἀναγνωστέον.
2724 3700 2986 3770 Σημαίνει
3014 3701 3070 3754 δὲ
3104 3702 3254 3772 ἡμῖν,
3289 3704 3370 3756 δτι
3395 3705 3499 3758 οὐκ

1925 3782 2178 3851 ἀνόνητος
2197 3786 2294 3855 τῆς
2318 3787 2627 3857 προσευχῆς
2645 3791 2673 3841 6
2692 3789 2921 3860 καρπός.
2951 3792 3088 3860 Φησὶ
3110 3793 3217 3864 γάρ
3234 3808 3248 3821 ⁸
3269 3795 3388 3847 Οὐκ
3409 3796 3502 3860 εἰς

1925 3873 2137 3929 ἄνοιαν
2165 3877 2312 3945 ἐμοί.
2342 3879 2650 3944 Τουτέστιν,
2679 3876 2793 3933 οῖδα
2825 3881 3034 3950 σαφῶς,
3066 3883 3142 3945 ῶς
3163 3884 3501 3955 κεκράξομαι

1931 3964 2028 4033 μὲν
2060 3964 2190 4032 ἐγὼ,
2219 3965 2522 4018 εἰσακούσει
2549 3966 2606 4019 δὲ
2635 3967 2815 4030 αὐτός.
2849 3969 2972 4021 Ὅτι
3001 3984 3063 4036 γε
3094 3968 3208 4030 καὶ,
3231 3969 3503 4022 κατοικῶν

1927 4055 1985 4106 ἐν
2022 4056 2197 4122 ἀγίοις
2227 4059 2337 4119 τοῖς
2369 4058 2450 4119 εἰς
2484 4057 2542 4108 σὲ
2574 4057 2664 4110 τὸν
2692 4058 2818 4111 νοῦν
2853 4059 3065 4128 ἔχουσιν
3087 4099 3102 4121 ,
3147 4059 3369 4124 ἔπαινος
3404 4061 3505 4114 καὶ

1926 4143 2051 4208 δόξα
2082 4145 2260 4197 αὐτῶν
2289 4145 2470 4218 γίγνῃ.

2000 4234 2082 4288 Σὺ
2101 4235 2169 4287 δὲ
2187 4235 2256 4288 ἐν
2277 4235 2421 4304 ἁγίῳ
2440 4236 2754 4302 κατοικεῖς,
2782 4239 2814 4290 ό
2835 4237 3079 4302 ἔπαινος
3103 4237 3207 4291 τοῦ
3239 4236 3503 4304 Ἰσραήλ.

1857 4324 1902 4377 D
1941 4322 1998 4376 ’0
2035 4323 2420 4396 ἐπαινούμενος
2449 4325 2552 4378 ὑπὸ
2581 4325 2673 4378 τοῦ
2718 4327 2932 4397 Ἰσραήλ
2953 4343 2966 4356 ·
3011 4327 3043 4397 ἢ
3087 4329 3115 4379 6
3147 4327 3310 4389 αὐτὸς
3339 4327 3505 4379 ἐπαι-

1933 4431 2020 4478 νος
2048 4414 2140 4468 ῶν.

2016 4507 2138 4560 Ἐπὶ
2173 4507 2271 4561 σοὶ
2315 4508 2590 4576 ,ἤλπισαν
2641 4513 2692 4562 cl
2727 4507 2975 4575 πατέρες
3006 4507 3196 4578 ἡμῶν,
3232 4508 3510 4576 ἤλπισαν

1934 4598 2029 4650 καὶ
2057 4599 2288 4666 ἐρῤύσω
2320 4602 2560 4665 αὐτούς.
2621 4601 2869 4671 Πατέρας
2913 4599 3104 4653 ἑαυτοῦ
3154 4601 3292 4654 κατὰ
3325 4600 3508 4670 σάρκα

1932 4689 2057 4751 τοὺς
2085 4691 2426 4762 πατριάρχας
2450 4693 2544 4745 καὶ
2583 4691 2710 4754 τοὺς
2744 4693 3025 4763 προφήτας
3051 4691 3202 4762 φησί.
3253 4692 3509 4746 Δείκνυσι

1930 4779 1987 4832 δὲ
2010 4782 2104 4834 καὶ
2131 4783 2229 4852 τῆς
2257 4783 2468 4845 ἐλπίδος
2504 4782 2564 4838 τὸ
2599 4783 2806 4853 κέρδος.

1999 4869 2018 4941 [
2052 4872 2173 4926 Ἐπὶ
2202 4873 2302 4926 σοὶ
2328 4872 2602 4939 ἤλπισαν
2637 4875 2690 4925 oi
2719 4873 2969 4940 πατέρες
2998 4873 3183 4942 ἡμῶν.
3228 4873 3388 4927 ’Λλλά
3410 4878 3510 4930 καὶ

265 4963 392 5011 ante
428 4971 515 5010 me
548 4952 846 5008 secundum
893 4965 1113 5004 carnem
1156 4950 1398 5010 fuerunt,
1447 4949 1658 5004 scilicet
1713 4956 1818 5019 pro‘

1997 4963 2136 5016 κατά
2167 4962 2344 5034 σάρκα
2373 4963 2480 5034 πρὸ
2507 4962 2640 5034 ἐμοῦ
2661 5005 2674 5027 ,
2702 4964 2981 5017 τουτέστιν
3007 4967 3054 5016 οἱ
3085 4964 3378 5034 προφῆται,
3410 4966 3508 5019 ἐπὶ

267 5044 462 5114 pheta,
487 5043 540 5097 in
565 5052 616 5096 te
633 5038 975 5096 conﬁdebant
1001 5052 1174 5092 meam
1205 5044 1583 5106 exspectantes
1601 5035 1836 5090 illustra-

267 5135 494 5197 tionem,
529 5147 706 5202 neque
728 5145 822 5200 spe
846 5129 980 5197 lapsi
1027 5137 1175 5193 sunt,
1221 5127 1581 5196 similiterque
1614 5127 1836 5188 patriar-

267 5223 405 5277 ehaz.

340 5220 431 5293 3.]

340 5311 394 5366 7.
436 5311 548 5383 Ego
587 5323 762 5368 autem
793 5331 908 5368 sum
960 5315 1146 5368 vermis
1185 5323 1233 5367 et
1282 5329 1385 5368 non
1435 5313 1608 5368 itomo.
1668 5313 1828 5368 Docct

337 5469 384 5503 ⁸⁸
405 5468 537 5526 Luc.
580 5488 618 5539 ι,
650 5471 738 5525 78.

336 5563 415 5636 (7)
469 5561 592 5618 Haec
642 5578 675 5618 a
729 5562 947 5617 Daniele
994 5563 1229 5621 Barbaro
1285 5565 1594 5622 tribuuntur
1636 5565 1876 5641 Origeni.

1929 5056 2012 5108 σοι
2045 5055 2418 5125 προσεδόκων,
2463 5057 2562 5126 τὴν
2610 5057 2746 5128 ἐμὴν
2791 5057 3088 5128 ἐπίλαμψιν
3122 5057 3506 5128 ἀναμένοντες,

1929 5147 2022 5198 καὶ
2063 5145 2162 5214 τῆς
2193 5145 2404 5208 ἐλπίδος
2440 5146 2500 5198 ού
2535 5145 2958 5218 διεψεύσθησαν·
3023 5146 3284 5211 ὡσαύτως
3319 5145 3415 5199 καὶ
3456 5149 3510 5201 οι

1937 5236 2284 5306 πατριάρχαι.
2311 5234 2331 5307 ]

2019 5325 2164 5394 Ἐγὼ
2196 5325 2262 5380 δέ
2285 5328 2400 5396 εἰμι
2430 5327 2698 5397 σκώληξ,
2739 5329 2834 5384 καὶ
2864 5331 2973 5383 οὐκ
3009 5329 3335 5398 ἄνθρωπος.
3395 5327 3509 5383 Tu-
