3698 6268
249 168 354 227 133

1092 165 1148 221 S.
1182 162 1551 219 ATHANASII
1583 162 1732 219 OPP.
1769 160 1953 217 PARS
1985 158 2073 214 ιιι.
2116 189 2186 201 -
2219 156 2632 216 EXEGETICA.

3377 152 3503 208 £36

323 284 409 339 l8.
446 283 920 339 Dinumeraverunt
940 285 1119 337 omnia
1140 298 1262 336 ossa
1285 297 1422 338 mea.
1448 284 1804 338 Attrectantes

1998 277 2437 346 Ἔξηρίθμησαν
2463 273 2658 328 πάντα
2678 273 2749 327 τὰ
2769 267 2921 326 ὀστᾶ
2942 286 3081 340 μου.
3107 267 3503 339 Ψηλαφῶντες

248 378 462 435 scilicet
507 387 679 433 totum
732 392 931 447 corpus
980 374 1173 445 ipsius,
1220 383 1275 430 et
1323 374 1639 430 emetientes
1688 389 1814 429 ossa

251 469 467 537 singula
487 476 545 521 ut
575 466 922 536 explorarent
950 464 1043 518 ubi
1073 465 1299 534 Iigerent
1326 464 1529 518 clavos.
1562 461 1675 531 Ipsi
1699 478 1815 519 vero

249 559 709 613 consideraoerunt
745 566 794 612 et
840 558 1179 626 inspexerunt
1228 572 1328 611 me.
1378 557 1434 612 Id
1478 566 1583 619 est,
1633 557 1818 612 irrise-

249 660 400 705 rnut.
441 651 498 704 ld
531 660 709 704 autem
746 650 821 703 ait
869 650 939 703 ob
970 649 1310 720 chlamydem
1338 649 1672 712 coccineam.
1699 649 1815 721 spi-

252 755 410 794 neam
438 755 717 806 corcnam,
746 749 800 794 et
831 740 1101 796 calamum
1128 755 1228 810 pro
1260 749 1476 810 sceptro
1497 741 1708 795 datum.

321 910 409 965 i9.
467 910 766 965 .Diviserunt
810 910 912 966 sibi
965 912 1272 964 vestimenta
1328 927 1462 967 mea.
1522 911 1711 967 lsthaec
1760 911 1813 965 iu

249 999 554 1071 Evangeliis
583 1002 866 1073 perspicue
899 1002 1164 1072 explicata
1198 1012 1347 1058 sunt.

315 1093 405 1149 20.
457 1092 533 1148 Tu
565 1106 760 1158 autem,
802 1094 1044 1158 Domine,
1092 1111 1155 1149 ne
1186 1094 1506 1164 rlongaveris
1554 1094 1817 1149 auxilium

251 1199 402 1245 tuum
433 1207 465 1244 a
507 1206 606 1247 me.
641 1189 760 1244 iam
812 1191 865 1244 in
909 1207 1097 1261 preces
1144 1207 1449 1246 sermonem
1494 1201 1814 1249 commutat.

252 1277 371 1352 [Te,
407 1280 603 1352 inquit,
650 1281 949 1349 opitulante
998 1290 1053 1337 ct
1096 1284 1492 1353 patrocinante,
1527 1299 1652 1339 cum
1695 1294 1817 1353 post

251 1373 493 1427 triduum
530 1388 900 1439 resurrcxero,
931 1389 1101 1429 vanas
1131 1375 1350 1429 illorum
1379 1374 1603 1429 insidias
1630 1385 1817 1430 osten-

248 1463 421 1537 dam.]
457 1464 881 1535 Exemplumque
916 1466 1073 1520 nobis
1094 1475 1199 1527 est.
1230 1482 1340 1536 quo
1380 1474 1536 1535 pacto
1562 1474 1818 1536 oporteat

248 1554 305 1610 in
342 1556 729 1611 tentationihus
759 1555 927 1610 Deum
961 1557 1234 1624 invocare,
1271 1572 1368 1612 nec
1394 1557 1447 1611 iu
1478 1572 1734 1627 angorem
1763 1565 1816 1612 ct

1913 369 2053 425 κατὰ
2074 369 2135 422 τὸ
2157 368 2304 432 εἰκὸς
2329 367 2474 421 ἅπαν
2499 351 2663 420 αὐτοῦ
2692 364 2754 417 τὸ
2786 361 2965 433 σῶμα,
2993 361 3087 414 καὶ
3116 358 3493 431 ἀναμετροῦψ

1910 477 2003 524 τες
2034 461 2261 514 ἕκαστον
2283 458 2391 511 τῶν
2421 457 2641 520 ὀστέων,
2675 455 2761 509 ἴνα
2787 453 2943 508 ἴδοιεν
2965 445 3027 507 οὗ
3049 452 3175 514 τοὺς
3199 450 3361 519 ἥλους
3387 450 3490 519 πῆ-

1915 551 2000 617 ξαι
2041 552 2163 624 χρή.
2225 549 2405 605 Αὐτοὶ
2447 547 2513 602 δὲ
2550 548 2927 612 κατενόησαν
2968 543 3066 601 καὶ
3104 540 3344 596 ἐπεῖδόν
3384 555 3500 610 με.

1926 643 2071 696 ’Δντὶ
2095 639 2212 706 τοῦ,
2245 639 2595 709 ἐπεγέλασαν.
2652 637 2837 692 Ταῦτα
2869 636 2927 690 δέ
2954 650 3086 709 φησι
3117 632 3204 686 διὰ
3230 630 3325 702 τὴν
3357 648 3501 684 aea-4e-

1913 735 2070 805 κίνην
2092 734 2337 805 χλαμύδα
2357 732 2451 786 καὶ
2480 732 2570 785 τὸν
2596 728 2656 796 ἐξ
2682 728 2930 784 ἀκανθῶν
2958 726 3217 795 στέφανον
3238 763 3254 786 ,
3277 724 3371 776 καὶ
3397 723 3500 777 τὸν

1914 827 2035 880 ἀντὶ
2068 825 2347 898 σκήπτρου
2378 825 2641 894 κάλαμον.

1986 919 2397 987 Διεμερίσαντο
2422 916 2494 969 τὰ
2515 910 2711 984 ἱμάτιά
2732 929 2851 982 μου
2869 908 3120 976 ἑαυτοῖς.
3149 904 3344 975 Σαφῶς
3362 903 3486 959 ταῦ

1913 1025 1983 1064 τα
2009 1010 2067 1061 ὲν
2093 1011 2203 1072 τοῖς
2234 1007 2579 1076 Εὐαγγελίοις
2605 1005 2839 1077 ἐγράφη.

1984 1099 2068 1153 Σὺ
2106 1098 2193 1163 δὲ,
2228 1099 2400 1165 Κύριε
2419 1137 2434 1162 ,
2457 1095 2542 1166 μὴ
2569 1095 2879 1166 μακρύνῃς
2899 1092 3014 1160 τὴν
3034 1087 3325 1157 ,βοήθειάν
3352 1087 3498 1143 ’σου

1913 1188 2016 1243 ἀπ’
2045 1187 2210 1258 ἐμοῦ.
2276 1186 2577 1256 Μεθίστησι
2630 1186 2756 1247 τοὺς
2798 1182 2988 1250 λόγους
3033 1182 3113 1244 είς
3155 1177 3494 1250 προσευχήν.

1917 1278 2064 1351 [Σοῦ,
2103 1278 2264 1349 φησὶ,
2295 1276 2614 1348 βοηθοῦντος
2647 1275 2741 1328 καὶ
2768 1271 3297 1344 ἀντιλαμϐανομένου
3317 1310 3331 1334 ,
3367 1285 3499 1340 τρι-

1914 1373 2065 1435 ταῖος
2094 1370 2359 1433 ἀναστὰς,
2411 1368 2641 1440 ματαίαν
2686 1365 2862 1421 αὐτῶν
2893 1366 2995 1438 τὴν
3025 1363 3314 1435 ἐπιεουλὴν
3354 1363 3498 1415 ἁπο-

1915 1460 2128 1533 δείξω.]
2174 1459 2550 1523 ’Υποτύπωσις
2580 1460 2709 1529 ἡμῖν
2746 1457 3056 1526 γενόμενος,
3083 1454 3160 1517 ὡς
3186 1453 3267 1506 δεῖ
3290 1454 3347 1505 ἐν
3372 1453 3497 1516 τοῖς

1920 1554 2241 1623 πειρασμοῖς
2274 1549 2647 1605 ἐπικαλεῖσθαι
2672 1547 2833 1609 Θεὸν,
2868 1547 2962 1600 καὶ
3013 1546 3089 1617 μὴ
3120 1541 3496 1597 καταπίπτειν

248 1647 465 1701 consilii
502 1647 739 1719 inopiam
758 1650 1036 1718 decidere,
1074 1669 1251 1723 neque
1304 1651 1480 1721 frangi
1533 1651 1804 1706 calamita-

1984 1660 1999 1707 ;
2024 1644 2270 1717 ἀκηδίαν,
2296 1643 2428 1716 μηδὲ
2455 1639 2738 1697 ἐκλύεσθαι
2763 1640 2866 1693 ὑπὸ
2895 1637 3005 1692 τῶν
3038 1637 3288 1709 θλίψεων.

250 1736 419 1792 tibus.

315 1828 405 1883 21.
442 1828 583 1885 Erue
602 1849 634 1885 a
655 1831 881 1902 framea,
914 1832 1076 1900 Deus,
1105 1835 1339 1888 animam
1370 1850 1557 1888 meam.
1581 1830 1679 1889 His
1709 1848 1821 1888 ma.

245 1920 419 1978 litium
459 1932 513 1979 et
567 1925 836 1981 insaniam
880 1925 1190 1981 Judaeorum
1233 1925 1524 1996 signiﬁcat,
1563 1942 1658 1997 per
1708 1925 1817 1980 fra-

246 2028 424 2069 meam
476 2017 707 2081 scilicet,
760 2034 983 2073 manum
1028 2020 1203 2079 canis.
1257 2035 1319 2073 os
1368 2020 1564 2083 leonis,
1610 2033 1817 2073 cornua

246 2107 613 2162 unieoruium.
653 2107 719 2162 Et
744 2110 808 2163 de
845 2127 1003 2163 manu
1050 2113 1199 2165 canis
1248 2112 1458 2164 unicam
1484 2125 1674 2164 meam.
1705 2108 1819 2163 Ma-

247 2209 379 2250 num
403 2210 464 2249 ea
488 2207 776 2267 vocatque
795 2216 891 2269 per
916 2201 1063 2255 hunc
1081 2216 1270 2254 canem
1295 2209 1444 2271 gesta
1463 2209 1619 2255 sunt:
1639 2201 1817 2270 ipsum

245 2295 428 2341 autem
478 2303 667 2341 canem
719 2291 971 2359 appellat.
1028 2288 1153 2344 Non
1199 2293 1366 2356 enim,
1424 2290 1684 2361 inquit“,
1726 2291 1819 2344 bo-

244 2394 372 2433 num
402 2387 479 2434 est
511 2380 742 2450 accipere
784 2396 971 2449 panem
1031 2382 1288 2451 ﬁliorum,
1325 2391 1378 2436 et
1421 2382 1675 2453 projicere
1728 2399 1819 2438 ca-

246 2468 410 2524 tellis.

320 2559 580 2633 [Framca
643 2576 774 2618 vero
829 2560 993 2617 fuerit
1058 2562 1353 2628 diabolus,
1418 2565 1515 2634 qui
1579 2577 1819 2635 pungere

245 2660 302 2707 et
371 2649 661 2707 confodere
723 2668 939 2723 semper
1013 2664 1264 2710 conatur.
1333 2653 1557 2709 Unicum
1634 2664 1816 2709 autem

246 2751 407 2797 vocat
439 2742 674 2797 animam
728 2760 907 2810 suam,
960 2746 1089 2817 quia
1146 2747 1262 2803 sola
1321 2746 1510 2802 relicta
1566 2745 1711 2811 fuit,
1765 2754 1820 2803 et

246 2835 319 2889 ab
381 2835 504 2889 aliis
557 2837 843 2893 animabus
902 2848 1225 2910 segregata:
1284 2838 1554 2895 universae
1618 2840 1819 2911 quippe

2000 1828 2208 1885 Ῥῦσαι
2234 1828 2353 1883 ἀπὸ
2371 1827 2670 1897 ῥομφαίας
2695 1826 2810 1896 τὴν
2836 1826 3048 1897 ψυχήν
3064 1844 3203 1899 μου.
3252 1826 3364 1898 Τὴν
3385 1843 3494 1880 κα-

1918 1922 2043 1978 κίαν
2066 1921 2175 1975 τῶν
2214 1920 2481 1974 Ἰουδαίων
2504 1922 2600 1973 καὶ
2619 1919 2715 1991 τὴν
2738 1918 2920 1972 ἄνοιαν
2947 1919 3036 1973 διὰ
3062 1918 3266 1973 τούτων
3287 1917 3495 1990 σημαί-

1918 2032 1999 2068 νει
2038 2013 2125 2067 διὰ
2171 2012 2439 2085 ῥομφαίας
2479 2012 2572 2065 καὶ
2619 2011 2801 2084 χειρὸς
2831 2012 2988 2075 κυνὸς
3018 2011 3112 2065 καὶ
3139 2011 3349 2075 λέοντος
3395 2011 3495 2065 καὶ

1918 2110 2160 2178 κεράτων
2189 2103 2589 2176 μονοκερώτων.
2648 2104 2757 2158 Καὶ
2788 2103 2856 2157 ἐκ
2903 2103 3101 2173 χειρὸς
3145 2102 3331 2171 κυνὸς
3375 2103 3496 2168 τὴν

1912 2195 2212 2269 μονογενῆ
2264 2214 2403 2267 μου.
2450 2195 2531 2249 Τὰ
2575 2196 2638 2248 ἐκ
2684 2195 2874 2249 τούτου
2920 2195 3015 2249 τοῦ
3060 2195 3223 2259 κυνὸς
3261 2195 3494 2265 γενόμεο

1917 2306 1985 2343 να
2016 2291 2191 2360 χεῖρα,
2224 2288 2317 2341 καὶ
2346 2286 2506 2342 αὑτὸν
2531 2288 2667 2342 κύνα
2692 2287 2944 2359 ὀνομάζει
2962 2304 2978 2320 ο
3020 2290 3101 2343 Οὐ
3140 2289 3332 2343 καλὸν
3356 2290 3489 2358 γὰρ,

1919 2380 2103 2449 φησιν,
2150 2379 2284 2434 ἐστὶ
2331 2378 2539 2434 ,λαϐεῖν
2573 2380 2680 2434 τὸν
2714 2378 2896 2448 ἄρτον
2939 2378 3060 2434 τῶν
3111 2379 3339 2434 τέκνων
3391 2378 3492 2433 καὶ

1912 2472 2134 2537 ,βαλεῖν
2174 2471 2302 2539 τοῖς
2339 2474 2661 2545 κυναρίοις.

1990 2561 2011 2636 [
2039 2564 2307 2636 Ῥομφαία
2336 2564 2391 2618 δέ
2424 2568 2509 2637 εἴη
2541 2565 2607 2619 ἂν
2660 2565 2755 2619 καὶ
2796 2566 2826 2618 ὀ
2862 2564 3135 2629 διάϐολος,
3170 2565 3257 2620 ἀεὶ
3295 2564 3492 2635 τιτρώ-

1922 2667 2072 2705 σκειν
2134 2654 2443 2725 ἐπιχειρῶν.
2537 2653 2847 2726 Μονογενῆ
2886 2656 2944 2710 δὲ
2990 2656 3139 2725 λέγει
3177 2655 3340 2710 αὑτοῦ
3390 2655 3494 2725 τὴν

1918 2740 2113 2814 ψυχὴν,
2135 2743 2223 2797 διὰ
2243 2744 2303 2797 τὸ
2334 2744 2675 2816 μεμονῶσθαι
2701 2747 2794 2801 καὶ
2818 2747 3147 2819 κεχωρίσθαι
3180 2746 3288 2801 τῶν
3317 2744 3493 2801 ἄλλων

1918 2832 2104 2904 ψυχῶν
2123 2849 2137 2862 ⁸
2169 2836 2337 2888 πᾶσαι
2401 2836 2500 2908 μὲν
2532 2836 2636 2909 γὰρ
2666 2838 2869 2893 ἐκεῖναι
2921 2837 3161 2906 ἔγνωσαν
3194 2836 3490 2908 ἁμαρτίαν,

247 2935 530 2996 peccatum
592 2936 879 2992 noverunt,
937 2929 1028 2985 illa
1076 2946 1204 2985 vero
1265 2929 1536 2986 minime:
1586 2940 1641 2987 et
1690 2935 1804 3002 quia

1984 2924 2108 2995 πίνη
2137 2925 2194 2978 δὲ
2217 2925 2311 2980 οὔ·
2352 2928 2447 2982 καὶ
2482 2928 2570 2984 διὰ
2599 2927 2660 2983 τὸ
2694 2929 2861 3001 μόνην
2902 2928 2991 2984 ἀεὶ
3024 2928 3118 2983 τοῦ
3150 2929 3284 2983 Θεοῦ
3319 2929 3492 3028 Λόγιῖδ

247 3029 462 3086 semper
490 3018 603 3073 sola
635 3035 761 3073 cum
797 3035 963 3075 carne
1013 3021 1306 3091 conjuncta
1339 3038 1463 3078 cum
1500 3022 1608 3080 Deo
1645 3025 1804 3081 Verbt

1986 3033 2117 3070 ωσιν
2148 3017 2291 3088 ἐχειν
2319 3019 2441 3072 καθ’
2479 3020 2772 3074 ὑπόστασιν
2818 3020 2955 3092 μετὰ
2986 3022 3085 3092 τῆς
3120 3021 3337 3093 σαρκός.
3396 3008 3495 3083 Εἷς

247 3113 334 3160 est
382 3108 683 3162 secundum
721 3109 1061 3179 hypostasin.
1102 3110 1253 3168 Unus
1289 3128 1528 3183 namque
1566 3114 1822 3170 Christus

247 3204 333 3251 est
359 3211 426 3251 ex
460 3198 675 3254 duobus
722 3201 969 3255 adversis
998 3212 1279 3267 constans,
1333 3205 1607 3276 perfectus
1656 3205 1819 3271 Deus,

249 3289 524 3358 perfccms
553 3292 736 3348 homo.
771 3293 893 3347 lllas
919 3307 1099 3350 autem
1132 3299 1343 3353 animas
1373 3315 1496 3369 qua:
1525 3300 1695 3353 multo
1745 3300 1824 3354 iu-

249 3382 477 3437 tervallo
501 3383 774 3439 distabant
801 3385 954 3439 adiit.
982 3384 1147 3441 Forte
1183 3390 1349 3443 etiam
1386 3389 1684 3446 Ecclesiam
1717 3393 1820 3447 sibi

251 3482 521 3529 astantem
562 3483 723 3528 vocat
771 3476 1009 3542 unicam,
1063 3479 1208 3548 quod
1254 3480 1522 3534 maculam
1573 3483 1821 3549 nullam,

249 3565 427 3619 nullas
455 3565 644 3620 sordes
676 3565 891 3632 habeat,
930 3578 1094 3638 atque
1127 3584 1194 3623 cx
1227 3569 1474 3638 profectu
1520 3572 1572 3624 iu
1626 3573 1823 3627 melius

248 3656 450 3725 repleta
504 3657 576 3711 sit
632 3658 922 3726 inculpatis
974 3662 1080 3715 illis
1134 3662 1419 3732 sexaginta
1470 3664 1709 3735 reginis,
1771 3676 1824 3719 ct

249 3748 525 3815 octoginta
576 3751 949 3823 concubinis.]

319 3837 412 3892 23.
445 3835 605 3891 Salva
633 3853 712 3890 me
735 3854 800 3891 ea:
830 3856 919 3893 ore
949 3839 1134 3901 leonis,
1166 3850 1217 3893 et
1256 3856 1288 3894 a
1316 3841 1562 3896 cornibus
1613 3845 1825 3898 unicar—

252 3930 400 3983 nium
439 3929 792 3984 humilitatem
828 3947 1018 3985 meam.
1046 3930 1297 3986 Narrabo
1332 3942 1684 3987 nonteutnum
1709 3935 1821 4005 fra-

255 4022 423 4076 tribus
458 4023 606 4087 meis,
638 4023 692 4076 in
726 4024 896 4077 medio
947 4023 1200 4078 Ecclesia!
1248 4025 1479 4078 laudabo
1513 4036 1580 4080 te.
1632 4027 1827 4081 Docuit

252 4114 397 4168 enim
432 4129 532 4169 nos
560 4130 685 4169 eum
721 4117 814 4186 qui
849 4128 1043 4171 natura
1069 4125 1125 4172 et
1156 4133 1280 4173 vere
1307 4116 1452 4173 Deus
1480 4126 1584 4184 est,
1609 4127 1664 4172 et
1689 4133 1825 4173 cou-

256 4207 672 4263 substantialem
703 4207 806 4278 ipsi
859 4208 1093 4265 Patrem.
1139 4207 1352 4266 Rursus
1394 4221 1454 4266 ut
1498 4211 1666 4266 homo
1696 4226 1828 4267 con-

255 4299 477 4369 junctus
510 4310 593 4354 est
626 4315 720 4369 per
750 4300 1069 4357 Ecclesiam.

327 4389 417 4445 24.
441 4390 545 4457 Qui
574 4394 765 4447 timetis
791 4393 1091 4461 Dominum,
1114 4394 1332 4449 laudate
1351 4408 1504 4456 eum;
1530 4394 1827 4450 universum

257 4495 430 4537 semen
451 4479 638 4546 Iacob,
661 4482 952 4553 gloriﬁcale
974 4499 1110 4538 eum.
1154 4482 1619 4554 Quandoquidem,
1640 4481 1826 4539 Eccle-

261 4574 344 4630 sia
381 4589 449 4630 ex
478 4576 729 4645 gentibus
748 4575 902 4643 juxta
936 4588 1099 4647 atque
1123 4593 1189 4633 ex
1218 4575 1423 4632 Iudaeis
1452 4584 1689 4640 constat,
1726 4576 1827 4632 hos

263 4673 427 4738 atque
458 4666 580 4722 illos
618 4667 685 4720 ad
734 4667 990 4737 hymnum
1024 4669 1427 4723 concinendum
1459 4668 1680 4722 excitat.
1718 4667 1827 4723 llos

260 4758 479 4844 quidem
503 4773 533 4812 ιι
562 4771 763 4829 proavo
788 4773 889 4815 suo
933 4757 1102 4815 Jacob
1149 4769 1314 4831 atque
1361 4762 1527 4817 Israel
1574 4776 1781 4816 vocans
1805 4798 1820 4821 ,

258 4849 385 4904 illos
428 4848 644 4904 virtutis
676 4850 894 4903 nomine
922 4850 1236 4919 compellat,
1279 4868 1400 4922 quae
1430 4852 1649 4922 quidem
1680 4850 1824 4905 valet

259 4943 473 5011 generis
504 4942 624 4997 loco
656 4941 902 4995 homines
928 4957 1215 4997 exornare.
1247 4943 1319 4998 Ita
1349 4942 1570 4999 Iudaeos
1607 4957 1702 4998 eos
1731 4941 1826 5011 qui

259 5047 325 5085 ex
352 5033 602 5101 gentibus
630 5033 697 5086 ad
744 5032 914 5101 legem
946 5035 1267 5089 accederent
1314 5053 1434 5091 mos
1480 5043 1599 5090 erat
1638 5034 1828 5104 appel-

259 5119 394 5173 lare.
422 5120 583 5188 quue
622 5136 719 5175 nos
748 5121 937 5175 edocet
969 5121 1203 5176 Actuum
1245 5124 1491 5179 historia.
1522 5122 1660 5177 Cum
1703 5138 1828 5176 ora-

262 5220 340 5265 ret
363 5210 507 5265 enim
538 5210 726 5265 beatus
757 5211 979 5274 Paulus,
1001 5214 1079 5268 sic
1105 5214 1178 5269 ait
1202 5215 1245 5246 ³³
1272 5234 1284 5267 :
1327 5214 1436 5268 Viri
1459 5212 1745 5277 Israelita,
1779 5224 1828 5269 et

260 5302 351 5371 qui
380 5303 514 5356 inter
543 5319 629 5356 vos
659 5304 851 5358 timetis
883 5304 1193 5360 Dominum.

334 5524 381 5557 “
405 5523 592 5583 Matth.
617 5546 707 5598 xv,
736 5531 824 5587 26.
901 5533 947 5563 "
968 5532 1086 5585 Act.
1123 5546 1245 5597 xm,
1283 5530 1369 5585 16.

1922 3108 2029 3180 γάρ
2062 3110 2208 3162 ἐστιν
2239 3112 2268 3164 ὀ
2317 3110 2550 3183 Χριστὸς
2579 3113 2643 3165 ἐκ
2691 3111 2784 3165 δύο
2823 3112 2932 3165 τῶν
2966 3113 3253 3176 ἐναντίων,
3290 3112 3495 3175 τέλειος

1921 3197 2053 3263 Θεὸς
2090 3202 2185 3254 καὶ
2206 3202 2411 3266 τέλειος
2436 3202 2737 3276 ἄνθρωπος.
2782 3204 3047 3268 Ἐκείναις
3073 3204 3128 3258 δὲ
3158 3205 3224 3258 ἐκ
3253 3204 3493 3277 διαλειμ-

1925 3290 2109 3362 μάτων
2125 3293 2394 3365 ἐπιφοιτᾷ.
2416 3295 2568 3365 Τάχα
2582 3295 2638 3350 δὲ
2657 3285 2751 3350 καὶ
2772 3297 2868 3366 τὴν
2885 3298 3244 3369 παραστᾶσαν
3270 3297 3495 3370 Ἐκκλη-

1924 3382 2041 3435 σίαν
2082 3382 2229 3453 αὐτῷ
2255 3384 2403 3452 λέγει
2437 3387 2729 3458 μονογενῆ,
2764 3385 2849 3439 διὰ
2878 3387 2935 3440 τδ
2967 3387 3042 3459 μὴ
3072 3388 3214 3459 ἔχειν
3248 3389 3429 3442 δπῖλον
3456 3389 3492 3461 ἦ

1925 3474 2112 3546 ῥυτίδα
2140 3477 2201 3528 ἐκ
2238 3475 2344 3529 τῶν
2370 3477 2616 3549 ἁμώμων
2649 3479 3141 3554 συμπληρουμένην
3185 3481 3326 3537 κατὰ
3359 3500 3492 3554 προ-

1923 3567 2098 3638 κοπὴν
2135 3566 2199 3622 ἐκ
2246 3570 2354 3623 τῶν
2400 3571 2659 3642 ἐξήκοντα
2706 3572 2992 3641 βασιλίδων
3037 3576 3131 3628 καὶ
3170 3575 3493 3648 ὀγδοήκοντα

1924 3660 2230 3714 παλλακῶν.
2256 3661 2275 3735 ]

1996 3838 2206 3895 Σῶσόν
2228 3859 2306 3912 με
2337 3842 2406 3897 ἐκ
2444 3846 2738 3913 στόματος
2760 3843 3029 3913 λέοντος,
3049 3846 3146 3899 καί
3175 3846 3292 3901 ἀπὸ
3327 3844 3493 3913 κερά-

1922 3928 2042 3985 των
2065 3933 2485 4003 μονοκερώτων
2516 3936 2629 4003 τὴν
2657 3938 3017 3991 ταπείνωσίν
3041 3954 3179 4006 μου.
3208 3935 3493 4006 Διηγήσο-

1917 4041 2026 4095 μαι
2074 4023 2139 4077 τὸ
2170 4023 2355 4093 ὄνομά
2394 4040 2511 4079 σου
2558 4024 2679 4092 τοῖς
2733 4024 3016 4093 ἀδελφοῖς
3034 4038 3187 4094 μου·
3219 4025 3290 4077 ἐν
3327 4021 3493 4091 μέσῳ

1936 4116 2294 4182 Ἐκκλησίας
2325 4114 2577 4183 ὑμνήσω
2622 4131 2714 4170 σε.
2766 4115 3041 4169 Ἐδίδασκε
3086 4113 3193 4187 γὰρ
3230 4113 3374 4183 ἡμᾶς
3400 4112 3491 4168 τὸν

1927 4204 2084 4275 φύσει
2117 4204 2211 4257 καὶ
2233 4202 2458 4277 ἀληθείᾳ
2477 4202 2606 4258 Θεὸν
2637 4204 2731 4258 καλ⁸
2752 4204 3034 4275 ὀμοούσιον
3059 4202 3224 4259 αὑτοῦ
3253 4202 3487 4274 Πατέρα.

1859 4315 1905 4370 ι)
1931 4297 2097 4351 Πάλιν
2133 4294 2207 4358 ὡς
2241 4295 2523 4368 ἄνθρωπος
2558 4297 2758 4368 ἥνωται
2788 4296 2875 4351 διὰ
2909 4296 3013 4368 τῆς
3049 4295 3394 4370 Ἐκκλησίας.

2002 4388 2066 4439 Ol
2103 4386 2457 4454 φοϐούμενοι
2502 4387 2607 4439 τὸν
2651 4387 2869 4454 Κύριον
2892 4427 2907 4451 ,
2953 4385 3231 4442 αὶνέσατε
3274 4387 3489 4441 αὐτόν·

1929 4472 2091 4530 ἅπαν
2122 4477 2187 4530 τὸ
2215 4477 2452 4548 σπέρμα
2490 4476 2714 4543 Ἰακὼϐ,
2747 4477 3046 4543 δοξάσατε
3073 4479 3276 4533 αὐτόν.
3327 4478 3496 4532 Ἐπει-

1928 4567 1994 4636 δὴ
2039 4567 2205 4640 γὰρὴ
2260 4568 2554 4640 Ἐκκλησία
2588 4570 2679 4622 καὶ
2720 4568 2780 4633 ἐξ
2808 4568 2975 4622 ἐθνῶν
3005 4570 3099 4624 καὶ
3126 4569 3183 4636 ἐξ
3233 4569 3492 4624 Ἰουδαίων

1933 4658 2257 4730 συνέστηκε,
2310 4660 2403 4712 καὶ¹
2448 4659 2667 4722 τούτους
2710 4661 2802 4713 καὶ
2834 4660 3071 4725 ἐκείνους
3103 4664 3182 4726 εἰς
3212 4662 3302 4715 τὸν
3334 4661 3494 4732 ὕμνον

1931 4751 2166 4820 ἐγείρει·
2194 4752 2320 4816 τοὺς
2345 4752 2443 4822 μὲν
2466 4751 2574 4806 ἀπὸ
2597 4751 2691 4805 τοῦ
2717 4754 3058 4825 προπάτορος
3078 4753 3357 4826 ὀνομάζων
3396 4756 3495 4809 ’ἐαρ-

1930 4841 2047 4897 κώϐ
2075 4859 2134 4896 τε
2164 4844 2259 4896 καὶ
2295 4842 2530 4916 Ἰσραὴλ,
2559 4844 2685 4908 τοὺς
2712 4844 2769 4898 δέ
2797 4844 2905 4899 ἀπὺ
2930 4845 3031 4915 τῆς
3058 4845 3278 4918 ἀρετῆς,
3304 4846 3379 4909 ὡς
3402 4847 3496 4918 ἀρ-

1931 4935 2133 5007 κούσης
2168 4935 2286 4989 ἀντὶ
2316 4935 2507 5004 γένους
2538 4936 2834 5008 κοσμῆσαι.
2896 4937 3054 4992 Οὕτω
3086 4937 3182 4991 καὶ
3218 4938 3494 5005 Ἰουδαίους

1930 5029 2055 5093 τοὺς
2080 5027 2138 5093 ἐξ
2166 5026 2334 5081 ἐθνῶν
2353 5027 2431 5099 τῷ
2452 5027 2600 5100 νόμῳ
2621 5030 2943 5101 προσιόντας
2960 5030 3080 5096 ἔθος
3102 5026 3169 5103 ἦν
3196 5030 3490 5101 ὀνομάζειν.

1930 5120 2041 5173 Καὶ
2077 5119 2241 5173 τοῦτο
2274 5121 2422 5192 ἡμᾶς
2452 5123 2485 5191 ἡ
2521 5121 2628 5175 τῶν
2657 5122 2916 5197 Πρὰξεων
2967 5122 3174 5195 ἱστορία
3221 5121 3456 5176 διδάσκει

1930 5211 2256 5287 δημηγορῶν
2277 5213 2384 5285 γὰρ
2414 5215 2443 5267 ὁ
2474 5214 2616 5279 θεῖος
2653 5216 2974 5278 Ἀπόστολος
3001 5214 3172 5280 οὕτως
3195 5212 3300 5285 ἔφη
3327 5231 3341 5245 ·
3373 5214 3482 5267 Ἀν-

1932 5302 2071 5370 δρες
2110 5304 2491 5375 Ἰσραηλῖται,
2528 5310 2624 5364 καί
2656 5312 2710 5364 οι
2746 5311 2817 5363 ἐν
2843 5309 2984 5379 ὑμῖν
3010 5309 3365 5378 φοϐούμενοι
3397 5307 3491 5361 τὸν

1937 5392 2172 5460 Κύριον.
