3698 6268
137 356 234 411 ἰῖἷ
1261 352 1624 410 ΕΧΡΟΞΙἸΊΟ
1658 354 1694 409 11

1899 354 2095 410 LMUM
2135 355 2275 409 XXI.
2310 314 2321 325 ”
3303 359 3401 413 res

204 471 340 521 Ὀτι
370 470 491 521 οὐκ
516 464 951 531 ἐξουδένωσεν.
1021 468 1088 518 Ἀ
1114 465 1473 537 κατώρθωσεν
1504 468 1636 539 ἡμῖν
1669 467 1694 520 δ

1905 469 1996 523 25.
2032 470 2293 534 Quoniam
2324 485 2425 521 non
2458 469 2669 537 sprevit,
2706 479 2811 523 etc.
2845 467 2978 536 Qum
3015 472 3185 526 nostri
3229 476 3404 545 gratia

133 555 333 613 ἑαυτοῦ
364 560 396 611 ὁ
426 559 744 631 Μονογενὴς
776 558 1075 612 ἐκδιδάσκει
1109 558 1314 627 σαφῶς.

1899 559 2159 629 nigenitus
2191 574 2353 629 opera
2381 559 2543 613 edidit
2577 560 2865 629 perspicue
2888 560 3064 616 docet.

202 652 377 719 Παρὰ
402 652 528 706 σοῦ
554 655 589 706 ὀ
606 652 854 716 ἔπαινός
875 668 1014 720 μου.
1036 652 1100 703 Ἐ
1109 667 1296 703 παινον
1317 650 1415 721 τὴν
1431 650 1694 720 δοξολογίο

1910 652 2002 707 26.
2033 652 2188 721 Apud
2216 662 2264 705 te
2290 652 2406 706 laus
2438 668 2573 715 mea,
2635 661 2740 707 etc.
2772 651 3011 708 Laudem
3044 662 3199 708 vocat
3240 654 3403 724 glori-

1841 742 2189 807 ﬁcationem;
2231 742 2478 798 videmus
2528 750 2708 796 autem
2755 742 2901 796 illam
2935 757 2966 797 a
3013 741 3174 798 Patre
3204 744 3403 800 editam

1840 845 1964 885 cum
1995 847 2097 885 vox
2129 830 2361 900 desuper
2392 829 2575 885 audita
2603 841 2723 886 est;
2757 830 2824 885 Et
2873 832 3167 903 gloriﬁcavi
3213 843 3264 889 et
3306 835 3409 889 ite-

1840 941 1959 977 rum
1990 924 2295 995 gloriﬁeubo
2318 924 2385 977 ⁸⁸.
2419 922 2551 995 [Aut
2578 925 2704 994 quia
2733 925 2878 980 sicut
2904 939 3005 994 ego
3060 935 3113 980 te
3163 925 3404 980 homini-

1841 1016 1943 1071 bus
1973 1016 2323 1071 manilestum
2354 1014 2478 1080 feci,
2509 1015 2698 1070 eodem
2728 1031 2954 1083 prorsus
2981 1016 3144 1071 modo
3186 1026 3242 1071 tu
3272 1017 3406 1071 mihi

1840 1123 2027 1179 parem
2058 1108 2321 1163 honorem
2352 1107 2711 1175 conciliabis;
2747 1108 2910 1163 modo
2937 1109 3162 1165 dicens:
3180 1106 3300 1170 ,Ηὶε
3327 1118 3406 1164 est

1840 1200 1984 1269 ﬁlius
2012 1216 2158 1254 meus
2177 1200 2247 1265 “,
2278 1198 2444 1255 modo
2474 1199 2711 1270 idipsum
2749 1199 2910 1255 Petro
2954 1201 3201 1256 revelans
3246 1208 3407 1270 atque

1840 1286 2101 1365 caneris]
2128 1290 2261 1346 Vota
2294 1309 2407 1347 mea
2438 1292 2677 1358 reddam,
2706 1301 2809 1347 etc.
2842 1289 3088 1346 Precatio
3134 1291 3188 1346 in
3226 1291 3407 1346 divina

1842 1382 2125 1454 Scriptura
2152 1394 2340 1440 votum
2374 1400 2469 1439 seu
2502 1384 2793 1455 promissio
2819 1392 3064 1439 vocatur.
3096 1382 3282 1453 Itaque
3313 1384 3408 1438 ob-

1841 1475 2137 1545 sequentia:
2154 1473 2279 1530 Filii
2309 1489 2438 1547 erga
2469 1473 2685 1530 Patrem
2709 1490 2883 1545 usque
2911 1474 2979 1529 ad
3011 1482 3238 1528 mortem
3268 1490 3406 1545 prae-

1841 1567 1982 1622 stita
2032 1569 2436 1623 consummatio
2472 1576 2574 1633 est,
2629 1584 2751 1639 quae
2792 1578 2925 1624 tunc
2972 1565 3114 1622 facta
3162 1566 3409 1639 intelligi-

1840 1668 1948 1723 tur,
1974 1675 2099 1715 cum
2138 1657 2286 1714 Patri
2330 1660 2691 1731 precationem
2735 1658 2951 1715 obtulit.
2994 1657 3267 1731 [Precatio
3311 1675 3405 1714 seu
3453 1659 3457 1664 ’

135 1750 167 1816 ἡ
187 1745 508 1815 ἐπαγγελία
533 1745 686 1816 παρὰ
707 1748 772 1815 τῇ
800 1744 921 1815 θείᾳ
940 1744 1265 1816 ὀνομάζεται
1286 1745 1476 1815 Γραφῇ
1495 1759 1507 1772 ·
1533 1743 1694 1797 Οὑκοῐ

1899 1759 2025 1805 ltum
2059 1751 2351 1820 promissio
2376 1760 2602 1807 vocatur
2626 1752 2681 1805 in
2710 1751 2892 1806 divina
2925 1750 3201 1823 Scriptura
3230 1774 3242 1806 ;
3283 1766 3407 1805 cum

132 1838 167 1905 ἠ
190 1837 293 1907 τῆς
315 1835 581 1905 ὑπακοῆς
602 1834 949 1906 ἐκπλήρωσις
970 1836 1003 1905 ἡ
1025 1836 1291 1907 γενομένη
1319 1835 1470 1906 παρὰ
1491 1834 1583 1888 τοῦ
1607 1833 1694 1888 Υίι

1899 1857 2027 1912 aque
2053 1842 2110 1896 in
2145 1843 2402 1898 omnibus
2423 1841 2574 1897 Patri
2603 1842 2896 1898 obsecutus
2920 1841 3093 1899 Filius
3122 1844 3212 1908 sit,
3244 1842 3407 1898 etiam

134 1929 338 1998 Πατρὶ,
366 1929 471 1982 καὶ
495 1926 661 1980 τοῦτο
689 1927 851 1999 μέχρι
881 1926 975 1980 τοῦ
1003 1929 1234 1982 Θανάτου
1265 1928 1487 1998 σαρκός.
1552 1927 1694 1979 Ὠσαι

1899 1948 2017 2003 ique
2055 1933 2120 1988 ad
2147 1941 2378 1988 mortem
2407 1932 2707 1999 carnalem,
2738 1948 2837 2003 pro
2865 1940 2992 1988 voto
3019 1931 3169 1987 Patri
3200 1931 3409 1988 reddito

133 2038 240 2085 τως
267 2021 336 2074 ἂν
358 2019 591 2092 νοηθείη
616 2019 974 2090 ἀποδοθείσης
995 2020 1095 2091 τῆς
1122 2019 1287 2091 εὐχῆς
1312 2021 1441 2090 παρ’
1469 2017 1632 2071 αὐτοῦ
1659 2035 1694 2071 τι

1899 2026 2012 2081 'obe
2039 2024 2384 2097 accipiatur.]

134 2114 370 2187 Πατρὶ]

138 745 337 814 φησξνυ
369 744 498 797 ἔστι
540 742 601 797 δὲ
630 742 835 812 ταύτην
878 742 1029 814 παρὰ
1054 742 1148 796 τοῦ
1187 742 1397 814 Πατρδς
1441 744 1739 813 γενομένην

138 838 288 898 ζῖεῑν,
321 837 416 888 ὅτε
448 831 588 905 ἦλθε
613 834 767 905 φωνὴ
795 832 998 888 ἄνωθεν
1017 833 1250 901 λέγουσα
1275 849 1286 861 ·
1311 834 1419 889 Καὶ
1447 833 1735 897 ἐδόξασα,

138 930 232 981 καὶ
261 929 467 982 πάλιν
494 926 754 991 δοξάσω.
793 924 900 997 [Ἦ
920 926 1000 978 ὃτι
1027 925 1213 998 ὥσπερ
1232 925 1343 994 ἐγώ
1363 943 1421 978 σε
1445 925 1602 996 δῆλον
1628 928 1739 989 τοῖς

140 1017 460 1087 ἀνθρώποις
493 1017 727 1088 ἐποίησα
748 1055 762 1080 ,
788 1014 931 1068 οὕτω
964 1014 1055 1068 καὶ
1090 1016 1153 1068 σὺ
1188 1015 1405 1079 πάντως
1440 1017 1538 1087 τὴν
1567 1016 1740 1087 αὐτὴν

138 1126 226 1177 μοι
271 1109 592 1179 προσάγεις
623 1107 788 1177 τιμὴν
808 1151 821 1169 ,
857 1106 950 1160 νῦν
986 1108 1082 1178 μὲν
1108 1106 1280 1176 λέγων
1302 1126 1316 1138 ·
1348 1103 1533 1173 οὗτός
1570 1106 1741 1160 ἐστιν

136 1205 166 1252 ὁ
209 1200 349 1265 Υἱός
374 1216 542 1268 μου·
582 1198 677 1251 νῦν
723 1196 779 1251 δὲ
824 1198 1223 1252 ἀποκαλύπτων
1270 1199 1459 1270 Πέτρῳ
1504 1200 1739 1261 καὶτοῖς

140 1288 422 1361 1.7.ka
486 1289 599 1353 Ίῖις
621 1286 809 1356 εὐχάς
830 1306 949 1357 μου
981 1287 1288 1342 ἀποδώσω.
1323 1288 1469 1358 Εὐχὴ
1495 1290 1527 1357 ἡ
1566 1289 1738 1356 ἐπαγ-

132 1380 293 1448 γελία
322 1380 487 1451 παρὰ
518 1381 588 1449 τῇ
623 1378 743 1448 θείᾳ.
768 1380 1092 1449 ὀνομάζεται
1127 1380 1338 1451 Γραφῇ.
1405 1378 1614 1432 Οὐκοῦν
1637 1378 1737 1449 τῆς

134 1470 391 1540 ὑπακοῆς
419 1468 778 1538 ὲκπλήρωσις
812 1470 846 1539 ἡ
890 1468 1155 1539 γενομένη
1195 1467 1343 1539 παρᾶ
1372 1467 1467 1520 τοῦ
1496 1466 1626 1521 Υίοῦ
1662 1467 1738 1538 τῷ

134 1563 313 1632 Πατρὶ
358 1561 535 1631 μέχρι
563 1558 793 1613 θανάτου
818 1560 1079 1625 ὡσαύτως
1112 1561 1178 1613 ἂν
1216 1560 1430 1631 νοηθείη
1454 1601 1468 1623 ,
1543 1561 1738 1614 ἀποδο-

815 1653 829 1670 ς
898 1654 910 1670 ν
987 1652 1013 1664 υ
1089 1652 1114 1665 ιο

211 2211 416 2264 Daniel
455 2209 731 2263 Barbarus
757 2226 775 2263 :
812 2208 945 2263 Vota
970 2223 1106 2262 mea.
1133 2206 1380 2263 Precatio
1415 2207 1499 2263 vel
1530 2217 1736 2270 votum,
1772 2206 2065 2277 promissio
2099 2218 2182 2261 est
2214 2207 2443 2273 alicujus
2468 2224 2656 2262 eorum
2685 2224 2805 2278 quae
2834 2209 3075 2280 religioni
3101 2216 3407 2273 sacrantur.

136 2306 473 2377 Deprecatio
502 2320 639 2361 vero
670 2316 755 2361 est
781 2304 1009 2376 supplex
1039 2304 1309 2359 bonorum
1341 2303 1532 2373 petitio
1559 2319 1590 2358 a
1630 2303 1759 2358 Deo.
1798 2302 1966 2359 Docet
1993 2311 2173 2357 autem
2204 2317 2384 2358 sermo
2414 2318 2480 2357 ne
2511 2303 2663 2372 prius
2695 2318 2722 2356 a
2752 2302 2864 2356 Deo
2908 2303 3206 2372 quidquam
3251 2309 3406 2370 peta—

136 2416 288 2467 mus,
319 2416 496 2471 quam
529 2401 737 2455 donum
768 2414 867 2470 pro
904 2397 1216 2469 accipienda
1247 2398 1418 2468 gratia
1449 2397 1765 2453 oll‘eramus.
1797 2397 2037 2463 Precari,
2070 2399 2174 2453 hoc
2202 2407 2305 2463 est,
2335 2411 2532 2452 vovere
2561 2398 2715 2466 prius
2739 2405 2973 2465 oportet,
3009 2410 3173 2466 quam
3218 2393 3407 2462 depre-

141 2493 284 2547 cari.
324 2490 814 2558 Quemadmodum
849 2490 990 2545 satio
1016 2487 1293 2543 fructuum
1323 2486 1695 2543 collectionem
1747 2487 2020 2558 praecedit.
2057 2484 2283 2557 Oportet
2312 2486 2457 2542 enim
2512 2485 2664 2555 prius
2695 2485 2878 2555 jacere
2910 2483 3290 2554 promissionis
3318 2498 3407 2538 se-

144 2582 317 2644 mina,
344 2589 406 2635 et
430 2580 518 2635 sic
554 2578 683 2633 inde
721 2577 933 2633 lructus
960 2576 1123 2632 ferre.

1911 2683 2001 2739 27.
2044 2682 2217 2738 Edent
2263 2699 2513 2753 pauperes
2541 2692 2590 2737 et
2637 2684 3038 2741 saturabuntur.
3075 2684 3234 2742 Hisce
3275 2704 3407 2759 gen-

1845 2777 1977 2831 tium
2008 2777 2219 2832 vocatio
2233 2775 2702 2847 przesigniﬁcatur.

206 2698 518 2768 Φὰτονπιι
557 2693 940 2762 πένητες,καὶ
971 2691 1529 2763 ὲμπλησθήσονται.
1564 2687 1738 2758 Προσ-

142 2795 439 2865 αγὸρευσις
488 2791 593 2863 τῆς
635 2790 740 2843 τῶν
770 2788 937 2844 ὲθνῶν
967 2788 1210 2861 κλήσεως
1272 2784 1360 2839 διὰ
1400 2782 1602 2837 τούτων
1644 2798 1740 2855 ση-

227 2888 240 2901 ο
1236 2875 1247 2884 ⁶
1622 2868 1635 2893 Ι

186 2903 422 2940 αινετειι.

144 2906 422 2956 μαινετειι.

212 2980 323 3033 Καὶ
352 2974 916 3047 προσκυνήσουσιν
958 2972 1217 3028 ἐνώπιον
1243 2971 1431 3028 αὐτοῦ
1456 2971 1641 3027 πᾶσαι
1682 2991 1694 3025 ι

1912 2954 2002 3010 28.
2037 2953 2104 3008 Et
2139 2954 2435 3010 adorabunt
2479 2954 2534 3007 in
2574 2964 2850 3024 conspectu
2878 2956 2994 3024 ejus
3024 2957 3281 3012 universes
3319 2957 3406 3027 fa-

142 3043 532 3139 πατριαὶ
550 3066 761 3122 ἐθνῶν.
788 3064 1110 3120 Βασιλεῖωαι
1132 3064 1349 3135 λέγεται
1373 3064 1480 3119 τῶν
1501 3065 1593 3118 ἐπὶ
1615 3065 1694 3134 γῆε

1902 3046 2013 3101 ilia:
2056 3050 2308 3117 gentium.
2366 3043 2613 3117 Regnare
2644 3047 2842 3102 dicitur
2871 3047 2926 3100 in
2978 3057 3121 3103 terra
3151 3050 3252 3104 etsi
3283 3064 3411 3118 qua-

144 3138 318 3217 καίτοι
341 3161 608 3233 βασιλεὺς
632 3160 850 3214 πάντων
873 3158 948 3211 ὢν
971 3158 1107 3212 καθὸ
1127 3158 1280 3223 Θεὸς,
1308 3157 1395 3211 διὰ
1417 3157 1477 3211 τὸ
1498 3158 1694 3227 ἑπιστρ

1902 3156 2005 3195 nus
2031 3150 2115 3195 est
2146 3138 2288 3195 Deus
2320 3156 2415 3196 rex
2460 3149 2545 3196 est
2577 3140 2985 3206 universorum,
3036 3140 3164 3211 quia
3201 3140 3407 3195 scilicet

143 3257 237 3323 ira:
266 3257 473 3318 αὐτοὺς
506 3254 572 3306 ἐκ
602 3255 699 3324 τῆς
730 3251 838 3305 τῶν
871 3250 1141 3321 δαιμόνων
1174 3250 1383 3322 πλάνης
1416 3251 1495 3313 είς
1524 3249 1621 3320 τὴν
1648 3250 1743 3303 αύ-

142 3343 235 3401 τοῦ
270 3347 486 3406 πίστιν,
519 3346 615 3399 καὶ
642 3342 1058 3414 εὐγνωμοσύνην
1087 3343 1184 3396 καὶ
1207 3341 1569 3413 δικαιοσύνην.

213 3438 337 3490 Ὅτι
362 3435 479 3490 τοῦ
514 3436 737 3503 Κυρίου
766 3434 805 3500 ἡ
826 3433 1116 3498 βασιλεία
1137 3474 1152 3495 ,
1189 3433 1289 3487 καὶ
1316 3430 1500 3499 αὐτὸς
1526 3431 1745 3487 δεσπό-

144 3529 219 3588 ἂι
241 3528 366 3582 τῶν
390 3525 612 3582 ἐθνῶν.
645 3526 718 3579 Οὐ
743 3525 853 3596 γὰρ
884 3524 1044 3595 μόνον
1077 3524 1348 3578 Ἰουδαίων
1379 3524 1509 3588 Θεὸς
1531 3525 1560 3577 ὁ
1588 3523 1739 3587 Θεὸς,

147 3622 221 3683 ὡς
248 3623 457 3674 ἐκεῖνοι
493 3617 836 3689 νομίζουσιν,
882 3616 1017 3670 ἀλλὰ
1059 3616 1238 3687 πάσης
1271 3616 1368 3685 τῆς
1398 3615 1743 3687 ἀνθρωπίνης

387 3713 647 3783 ποιητής.
681 3708 853 3764 τοῦτο
889 3710 982 3762 καὶ
1019 3709 1048 3761 ὁ
1089 3707 1408 3772 Ἀπόστολὸς
1445 3724 1607 3779 φησιν
1629 3724 1642 3737 ·
1671 3703 1745 3761 Ἦ

1844 3233 2111 3287 convertit
2161 3241 2349 3302 gentes
2394 3248 2460 3287 ex
2520 3247 2707 3289 errore
2767 3231 3077 3287 daemonum
3125 3232 3194 3286 ad
3246 3230 3407 3286 ﬁdem

1844 3340 2022 3393 suam,
2062 3335 2116 3380 et
2143 3326 2211 3379 ad
2237 3325 2621 3395 gratitudinem
2651 3333 2704 3379 et.
2732 3323 2999 3394 justitiam

1914 3416 2005 3471 29.
2032 3414 2296 3481 Quoniam
2331 3412 2543 3469 Domini
2573 3425 2647 3469 est
2684 3429 2899 3486 regnum
2931 3422 2981 3469 ct
3023 3413 3130 3485 ipse
3167 3412 3409 3469 deminuo

1846 3512 1987 3564 bitur
2007 3510 2262 3579 gentium.
2294 3508 2437 3563 Deus
2457 3523 2564 3563 non
2591 3507 2902 3563 Iudaeorum
2935 3509 3106 3564 solum
3130 3518 3213 3564 est
3243 3508 3409 3575 Deus,

1844 3613 1906 3658 ut
1937 3602 2273 3657 arbitrantur
2322 3600 2450 3670 ipsi,
2485 3599 2576 3655 sed
2612 3600 2777 3655 totius
2817 3600 3069 3654 humana:
3097 3599 3278 3669 opifex
3312 3615 3410 3654 na-

1847 3705 2001 3750 turae.
2044 3695 2101 3747 ιιι
2148 3693 2440 3763 Apostolus
2485 3707 2703 3763 quoque
2741 3692 2817 3747 ait
2838 3695 2925 3747 “z
2975 3694 3058 3746 An
3098 3690 3410 3746 Iudaeorum

1846 3786 1984 3840 Deus
2010 3784 2231 3838 solum?
2261 3782 2448 3838 Nonne
2490 3793 2539 3837 et
2588 3784 2868 3854 gentium?
2899 3782 3016 3838 Ima
3060 3794 3110 3840 et
3156 3786 3408 3855 gentium.

1845 3878 2109 3945 Quoniam
2140 3895 2274 3932 unus
2302 3885 2378 3930 est
2406 3876 2547 3931 Deus
2578 3879 2667 3948 qui
2689 3875 3014 3947 justi/icabit
3053 3878 3411 3932 circumcisio.

1842 3986 1957 4023 nem
1988 3985 2051 4023 ex
2078 3969 2200 4037 ﬁde,
2224 3977 2273 4023 et
2308 3968 2624 4038 prwputium
2644 3984 2737 4038 per
2754 3968 2938 4038 ﬁdem.

160 3804 473 3857 Ἰουδαίων
492 3805 526 3856 ὁ
551 3801 697 3867 Θεὸς
710 3804 943 3870 μόνον;
975 3800 1122 3869 Οὐχὶ
1143 3800 1238 3853 καὶ
1258 3798 1481 3863 emam,-
1511 3799 1623 3856 Ναὶ
1644 3798 1742 3853 καὶ

146 3894 362 3949 ἐθνῶν.
414 3894 696 3961 Ἐπείπερ
721 3888 809 3958 εἷς
830 3895 863 3946 ὁ
889 3892 1033 3958 Θεὸς
1050 3931 1065 3950 ,
1093 3890 1161 3958 ὃς
1189 3889 1488 3945 δικαιώσει
1512 3906 1741 3958 περιτο-

145 3986 269 4056 μὴν
279 3988 350 4040 ὲκ
367 3986 655 4051 πίστεως,
677 3984 775 4038 καὶ
798 3983 1201 4052 ἀκροϐυστίαν
1219 3980 1317 4037 διὰ
1336 3982 1445 4052 τῆς
1463 3983 1740 4049 πίστεως.

221 4079 522 4145 Ἐρατον,
565 4075 663 4128 καὶ
700 4073 1169 4141 προσεκύνησαν
1200 4072 1423 4139 πάντες
1447 4075 1502 4126 οι
1536 4072 1742 4137 πίονες

152 4165 260 4232 τῆς
288 4164 428 4234 γῆς.
467 4163 581 4233 Τὴν
610 4162 984 4234 πνευματικὴν
1011 4161 1252 4232 δηλονότι
1277 4162 1501 4233 τροφήν.
1542 4161 1743 4226 Πίονας

152 4256 206 4307 δὲ
233 4254 438 4317 αὐτοὺς
476 4252 634 4306 καλεῖ
657 4249 745 4304 διὰ
774 4250 835 4303 τὸ
873 4251 1137 4321 εὐτραφὲς
1177 4250 1286 4304 τῶν
1317 4248 1478 4304 θείων
1522 4249 1738 4319 λογίων.

166 4342 463 4397 Ἐνώπιον
496 4340 685 4395 αὐτοῦ
737 4340 1066 4395 πεσοῦνται
1104 4339 1327 4407 πάντες
1362 4342 1416 4394 οἱ
1460 4339 1740 4393 καταϐαί-

1911 4061 2000 4115 50.
2040 4060 2492 4114 Manducaveruut
2532 4069 2580 4113 et
2623 4059 3168 4113 adoraveruutomnes
3196 4059 3410 4128 pingues

1845 4160 2018 4206 teme.
2060 4149 2409 4222 Spiritualem
2442 4151 2693 4206 videlicet
2720 4151 2925 4206 cibum.
2955 4148 3191 4221 Pingues
3233 4158 3411 4203 autem

1846 4254 2027 4310 vocat,
2063 4245 2133 4299 ob
2160 4245 2464 4300 divinorum
2494 4244 2839 4314 eloquiorum
2886 4258 3133 4298 succum.
3179 4240 3247 4295 In
3287 4258 3413 4294 eon-

1843 4346 2020 4404 spectu
2051 4338 2164 4407 ejus
2201 4338 2387 4390 cadent
2429 4352 2605 4390 omnes
2652 4338 2743 4406 qui
2769 4336 3083 4390 descendunt
3110 4336 3164 4386 in
3194 4343 3408 4386 terram.

155 4452 364 4503 νίντες
383 4438 473 4500 εἰς
498 4432 636 4503 γῆν.
669 4433 839 4487 Τοῦτό
866 4450 1019 4503 φησι.
1049 4432 1138 4486 διὰ
1160 4432 1219 4486 τὸ
1244 4432 1446 4486 κλίνειν
1474 4430 1622 4502 αύτῷ
1648 4449 1694 4500 γι

1899 4445 1958 4483 oc
1994 4430 2070 4482 ait
2097 4428 2225 4497 quia
2253 4428 2436 4482 ﬁdeles
2464 4442 2640 4497 genua
2684 4427 2790 4496 ipsi
2821 4425 3036 4481 ﬂectere
3064 4426 3240 4481 solent
3266 4439 3281 4477 :
3307 4423 3410 4478 hu-

156 4544 214 4575 νυ
246 4527 371 4588 τοὺς
397 4522 779 4585 πιστεύοντας.
811 4517 967 4576 Οὗτοι
994 4521 1051 4575 δὲ
1079 4523 1128 4575 οξ
1153 4521 1538 4582 πιστεύσαντες
1570 4521 1737 4575 πάλαι

154 4610 310 4683 ἦσαν.
359 4616 429 4668 υἱ
462 4612 921 4681 καταϐαίνοντες
944 4614 1030 4679 εὶς
1058 4611 1172 4681 τὴν
1200 4612 1315 4681 γῆν
1344 4629 1361 4645 ·
1392 4612 1667 4667 τουτέστιν
1689 4616 1736 4667 oi

158 4707 414 4769 πεσόντες
442 4705 522 4768 εἰς
549 4702 767 4775 ὄλεθρον
795 4703 889 4755 καὶ
928 4702 1159 4775 φθορὰν,
1199 4702 1288 4756 διὰ
1322 4701 1383 4755 τὸ
1424 4701 1498 4773 μὴ
1542 4701 1736 4755 εἰδέναι

157 4799 348 4862 αὖτοὺς
371 4797 468 4850 τὸν
494 4794 722 4866 Κύριον.

224 4890 329 4945 Kal
362 4892 402 4957 ἠ
437 4886 613 4958 ψυχή
637 4904 758 4955 μου
784 4882 945 4949 αὺτῷ
988 4881 1083 4951 ζῇ,
1114 4884 1211 4936 καὶ
1239 4884 1304 4936 τὸ
1343 4884 1579 4954 σπέρμα
1616 4902 1735 4955 μου

158 4982 473 5037 δουλεύοτι
494 4977 675 5043 αὐτῷ.
743 4976 897 5044 Ἀγία
922 4975 1030 5047 γὰρ
1059 4975 1154 5029 καὶ
1184 4976 1411 5047 ἄμωμος
1437 4979 1470 5047 ή
1501 4974 1736 5048 Χριστοῦ

159 5076 343 5145 γέγονε
377 5074 519 5145 ζωὴ,
544 5072 614 5144 ἢν
638 5070 931 5139 πεποίηται
956 5067 1093 5139 μετὰ
1128 5070 1328 5140 σαρκὸς
1356 5067 1449 5121 ἐπὶ
1473 5072 1593 5139 γῆς.
1619 5070 1733 5122 Μό-

164 5185 248 5231 νος
277 5168 387 5239 γὰρ
414 5165 581 5229 αὐτὸς
629 5163 731 5217 ούκ
760 5161 1015 5232 ἐποίησεν
1047 5160 1356 5231 ἁμαρτίαν,
1402 5160 1579 5212 καίτοι
1611 5159 1733 5213 καθ’

161 5259 300 5327 ἡμᾶς
319 5254 584 5327 γεγονὼς,
609 5254 706 5308 καὶ
731 5253 908 5325 σάρκα
929 5248 1107 5304 λαϐὼν
1132 5250 1230 5319 τὴν
1256 5248 1733 5321 φιλαμαρτήμονα.

162 5349 384 5419 Σπέρμα
413 5348 472 5401 δὲ
504 5345 642 5400 Θεοῦ
682 5344 925 5417 νοηθείεν
954 5344 1019 5399 ἂν
1050 5343 1099 5396 οἱ
1127 5342 1195 5395 δι’
1219 5340 1382 5395 αὑτοῦ
1410 5341 1734 5412 κεκλημένοι

162 5438 245 5492 hii
270 5441 367 5510 τῆς
398 5439 655 5501 πίστεως.
702 5433 1200 5505 Ἀνατγελήσεται
1231 5429 1313 5496 τῷ
1341 5430 1534 5499 Κυρίῳ
1564 5432 1740 5501 γενεὰ

133 5530 203 5595 ’ἡ
261 5530 576 5602 ἐρχομένη.
639 5529 750 5583 Καὶ
814 5526 982 5582 ταῦτα
1035 5524 1167 5596 περὶ
1234 5521 1342 5576 τῶν
1399 5520 1565 5576 ἐθνῶν
1638 5538 1736 5593 ση-

173 5622 365 5689 μαίνει.

1840 4522 2079 4591 jusmodi
2111 4529 2292 4574 autem
2320 4519 2450 4573 olim
2493 4518 2678 4573 ﬁdeles
2722 4527 2897 4572 erant.
2945 4517 3051 4583 Qui
3096 4518 3412 4571 descendunt

1844 4614 1897 4666 in
1935 4622 2164 4675 terram;
2200 4611 2454 4665 nimirum
2478 4610 2571 4681 qui
2600 4610 2653 4663 in
2692 4609 2989 4680 perniciem
3042 4618 3210 4665 ruunt
3255 4620 3310 4666 et
3356 4610 3411 4664 in

1844 4705 2273 4774 corruptionem,
2304 4702 2453 4773 quod
2481 4701 2773 4757 Dominum
2810 4718 2918 4758 non
2948 4703 3215 4758 noverint.

1915 4874 2006 4927 5i.
2041 4871 2110 4925 Et
2133 4870 2314 4923 anima
2343 4885 2457 4923 mea
2483 4868 2567 4922 illi
2597 4869 2752 4932 vivet,
2772 4878 2821 4922 et
2839 4884 3010 4923 semen
3032 4883 3202 4920 meum
3229 4867 3411 4919 serviet

1844 4967 1967 5033 ipsi.
2004 4962 2201 5019 Sancta
2244 4964 2441 5032 quippe
2478 4970 2533 5016 et
2565 4961 2837 5031 inculpata
2881 4959 3085 5014 Christi
3128 4959 3237 5011 vita
3284 4954 3407 5019 fuit,

1843 5058 2009 5126 qu’am
2045 5073 2170 5112 cum
2197 5056 2386 5111 labore
2424 5064 2478 5109 et
2506 5069 2752 5109 aerumna
2778 5067 2941 5108 carne
2980 5050 3201 5105 indutus
3229 5057 3411 5103 trans-

1842 5151 1951 5222 cgit
1982 5150 2035 5204 in
2077 5160 2243 5204 terra.
2272 5147 2392 5217 Ipse
2419 5162 2655 5216 namque
2684 5147 2837 5202 solus
2867 5152 3147 5213 peccatum
3190 5156 3299 5195 non
3337 5137 3412 5195 fe-

1844 5245 1941 5306 cit,
1981 5243 2084 5298 etsi
2128 5241 2196 5296 ad
2227 5240 2638 5296 similitudinem
2680 5246 2923 5292 nostram
2978 5234 3155 5289 factus
3207 5232 3299 5298 sit,
3356 5240 3412 5285 et

1843 5350 2060 5389 carnem
2095 5332 2474 5403 assumpserit,
2507 5346 2629 5401 qua:
2665 5344 2760 5396 per
2804 5344 2862 5383 se
2896 5326 3132 5396 peccatis
3171 5325 3407 5381 obnoxia

1841 5439 1962 5484 est:
1998 5443 2183 5489 semen
2219 5435 2402 5480 autem
2434 5422 2529 5478 Dei
2562 5420 2909 5477 existimandi
2942 5420 3036 5490 qui
3092 5418 3162 5474 ab
3205 5433 3271 5473 eo
3315 5432 3409 5488 per

1843 5522 2002 5577 ﬁdem
2031 5529 2161 5575 sunt
2188 5517 2365 5574 vocati
2390 5535 2405 5569 :
2442 5512 2861 5570 Aunuutiabitur
2887 5513 3111 5567 Domino
3143 5512 3409 5583 generatio

1845 5620 2083 5663 ventura.
2119 5605 2180 5660 Et
2214 5605 2328 5660 hanc
2352 5618 2569 5676 quoque
2597 5605 2664 5660 de
2696 5604 2946 5676 gentibus
2978 5602 3244 5672 intelligit.

235 5755 451 5813 “loan.
501 5772 603 5822 xu,
640 5755 734 5810 28.
811 5755 851 5786 “
881 5752 1067 5809 Matth.
1107 5767 1190 5816 ιιι,
1225 5750 1328 5818 l7;
1364 5765 1501 5809 xxn,
1534 5749 1583 5803 5.
1661 5749 1694 5779 δ’

1920 5758 2000 5807 ιιι,
2038 5739 2130 5808 29,
2167 5740 2253 5795 30.

443 5856 724 5916 ΡΑι-ιιοι..
767 5853 887 5911 (in.
924 5850 1187 5911 XXVII.

3098 5832 3137 5894 5
