3698 6268
315 288 418 344 159

1173 287 1231 341 S.
1271 283 1643 340 ATIIANASII
1684 286 1833 342 OPP.
1875 283 2058 340 PARS
2098 285 2184 341 Ill.
2223 314 2293 325 —
2330 283 2742 341 EXBGETICA.

3455 288 3556 343 1ἇο

384 402 474 457 39..
511 400 714 456 Poaulo
748 402 839 473 qui
891 411 1156 465 nascetur,
1201 418 1350 472 quem
1418 402 1542 472 fecit
1598 402 1855 457 Dominus

2057 402 2192 470 Λαῷ
2219 402 2297 469 τῷ
2322 403 2764 473 τεχθησομένῳ,
2815 400 2885 453 ὃν
2909 400 3195 467 ἐποίησεν
3247 401 3278 454 ὁ
3324 402 3555 471 Κύριος.

313 494 452 551 Huic
478 495 656 551 simile
677 503 762 551 est
786 494 953 551 illud:
988 493 1109 549 Non
1139 511 1204 548 ea:
1228 495 1595 565 sanguinibus,
1627 512 1789 566 neque
1815 512 1880 550 ex

311 587 577 645 voluntate
603 587 803 652 carnis,
836 586 925 641 sed
951 602 1016 640 ea:
1051 585 1154 639 Deo
1178 588 1291 640 nati
1311 596 1431 639 sunt
1449 586 1516 639 ⁵³.

663 678 714 733 1.
748 676 1092 734 PSALMUS
1126 676 1315 731 David.
1347 675 1544 732 XXII.

874 770 1273 840 Argumentum.

313 860 537 917 Canitur
561 876 805 933 praesens
833 861 1083 931 psalmus
1126 876 1191 915 ex
1221 876 1454 931 persona
1503 860 1741 931 gentium
1784 877 1880 915 ex-

386 955 705 1010 sultantium
735 952 879 1023 quod
933 952 1198 1007 Dominus
1242 954 1358 1024 ipse
1392 954 1460 1009 ad
1517 969 1718 1026 pascua
1763 953 1883 1008 illas

384 1042 723 1115 perduceret.
743 1041 807 1096 Et
822 1056 953 1097 sane
971 1042 1258 1113 mysticum
1276 1051 1534 1097 enarrant
1550 1042 1881 1107 convivium,

384 1133 530 1205 quod
560 1134 665 1189 illis
693 1141 882 1204 pastor
910 1132 1175 1189 Dominus
1205 1134 1477 1204 apposuit.

1985 497 2209 567 Ὅμοιον
2243 496 2334 561 τδ,
2363 499 2483 551 Οὐκ
2520 496 2588 559 ἐξ
2618 493 2877 564 αἱμάτων
2900 533 2914 556 ,
2949 492 3092 547 οὐδὲ
3132 493 3200 547 ἐκ
3232 493 3559 563 θελήματος

1981 586 2229 655 σαρκὸς,
2255 586 2417 641 ἀλλὰ
2444 587 2512 639 ἐκ
2553 585 2699 639 Θεοῦ
2725 584 3161 654 ἑγγενήθησαν.

2357 680 2663 733 ΨΑΛΜΟΣ
2707 674 2785 741 τῷ
2818 675 3017 730 Δαυΐδ.
3059 678 3187 729 KB'.

2605 768 2617 785 '
2634 769 2941 832 Υπόθεσιςῖ

1983 860 2200 931 ’ᾼδεται
2221 861 2250 912 ὁ
2271 858 2627 929 προκείμενος
2642 857 2851 928 ψαλμδς
2876 858 2939 910 ἐκ
2955 855 3245 930 προσώπου
3263 857 3369 911 τῶν
3392 857 3556 913 ἐθνῶν

2051 949 2429 1022 ἀγαλλομένων
2463 951 2555 1002 ἐπὶ
2590 950 2651 1002 τὸ
2691 951 2954 1021 ποιμᾶναι
2993 950 3190 1015 αὐτοὺς
3216 950 3307 1003 τὸν
3337 950 3557 1022 Κύριον.

2050 1044 2162 1098 Καὶ
2192 1043 2297 1115 μὴν
2322 1043 2415 1096 καὶ
2441 1040 2707 1114 μυστικὴν
2729 1039 3049 1112 ἐξηγοῦνται
3069 1040 3324 1112 εὐωχίαν,
3339 1044 3405 1114 ἦν
3424 1058 3562 1116 παρ-

2054 1135 2249 1207 έθηκεν
2278 1136 2461 1200 αὐτοίς
2492 1136 2652 1200 αὐτὸς
2681 1136 2711 1188 ό
2740 1135 3041 1207 ποιμαίνων
3074 1134 3290 1199 αὐτούς.

380 1228 576 1283 Daniel
607 1227 902 1282 Barbarus.
928 1225 1184 1282 Psalmus
1210 1236 1294 1283 est
1316 1228 1658 1283 redeuntium
1690 1243 1719 1282 a
1755 1226 2048 1299 Babylonia
2085 1230 2364 1294 servitute,
2393 1230 2656 1301 quoniam
2698 1228 2986 1298 postquam
3022 1226 3197 1299 Cyrus
3226 1243 3316 1281 rex
3348 1241 3444 1281 eos
3478 1226 3561 1280 di-

308 1323 477 1390 misit,
504 1338 629 1380 cum
667 1338 860 1394 magna
892 1323 1078 1378 laetitia
1110 1331 1165 1379 et
1196 1323 1351 1393 copia
1390 1338 1568 1379 rerum
1598 1323 1668 1378 ad
1698 1340 1829 1380 suos
1873 1325 2078 1380 reversi
2118 1335 2266 1381 sunt.
2313 1325 2420 1380 Sed
2463 1334 2518 1380 ct
2552 1325 2654 1379 hoc
2691 1323 2885 1378 beatus
2929 1320 3096 1377 David
3127 1330 3251 1377 ante
3296 1321 3448 1376 dicit.
3488 1317 3563 1374 Ex

308 1432 537 1488 persona
565 1417 730 1488 igitur
761 1416 1002 1487 ipsorum
1026 1417 1080 1473 in
1114 1418 1345 1489 patriam
1382 1418 1769 1475 revertentium
1800 1419 1897 1474 ait.

376 1507 633 1564 Dominus
663 1509 835 1580 pascit
867 1526 970 1576 me,
1008 1519 1058 1565 et
1103 1510 1236 1565 nihil
1290 1512 1417 1566 mihi
1451 1512 1640 1568 deerit.
1670 1511 1874 1585 Magni—

305 1601 406 1656 tice
434 1600 489 1656 in
513 1600 744 1657 Domino
770 1603 1013 1658 sentiunt
1048 1603 1142 1674 qui
1174 1604 1243 1659 ab
1276 1604 1370 1659 illo
1409 1615 1730 1676 pascuntur.

374 1692 429 1788 2.
466 1691 669 1788 Inloeo
694 1710 907 1764 pascua:
934 1696 1007 1750 ibi
1046 1713 1125 1750 me
1157 1696 1453 1751 collocavit.
1490 1698 1547 1751 ln
1583 1698 1765 1753 herbae
1797 1697 1875 1753 lu-
1903 1734 1947 1788 Β

304 1785 574 1867 xuriantis
620 1787 741 1843 loco
786 1804 874 1845 me
908 1788 1217 1856 collocavit,
1258 1789 1598 1860 spiritualem
1649 1790 1871 1845 herbam

303 1879 455 1934 dicit.
501 1877 670 1950 Super
707 1898 899 1953 aquam
945 1882 1244 1952 refectionis
1295 1883 1539 1938 educavit
1588 1899 1688 1949 me.
1719 1883 1873 1953 Aqua

304 1969 618 2028 refectionis
676 1989 896 2031 sacrum
965 1974 1103 2030 forte
1156 1975 1430 2046 baptisma
1506 1975 1872 2046 intelligatur,

305 2066 504 2136 quippe
530 2065 677 2137 quod
700 2074 1047 2136 peccatorum
1073 2066 1272 2122 molem
1301 2066 1595 2134 abstergat.

378 2155 547 2228 [Hacc,
582 2157 777 2227 inquit,
815 2157 994 2226 praebe
1033 2156 1190 2221 mihi,
1242 2157 1394 2227 prius
1444 2157 1641 2211 anima:
1687 2170 1877 2211 curam

306 2265 538 2319 gerens:
592 2258 754 2318 atque
794 2264 860 2302 ex
909 2249 1068 2303 devio
1115 2263 1203 2303 me
1243 2258 1567 2315 convertas,
1622 2255 1680 2303 ut
1726 2257 1876 2304 recta

305 2340 519 2411 gradiar
547 2338 680 2413 via.]

374 2434 427 2489 3.
452 2434 699 2488 Animam
739 2450 905 2488 meam
932 2434 1202 2487 convertit.
1230 2431 1308 2487 Ex
1340 2432 1651 2503 captivitate
1676 2432 1878 2489 oiaboli

305 2522 543 2579 animam
586 2536 764 2577 meam
801 2521 869 2577 ad
903 2536 961 2576 se
989 2531 1337 2588 convertens,
1368 2522 1436 2576 ad
1479 2538 1579 2577 sua
1609 2532 1878 2594 praecepta

305 2615 530 2672 deduxit
563 2614 711 2669 illam
741 2628 809 2669 ex
844 2623 1021 2668 morte
1050 2614 1117 2668 ad
1157 2613 1346 2668 vitam.
1377 2612 1473 2686 [Ut
1497 2614 1592 2684 qui
1621 2614 1751 2669 olim
1787 2630 1883 2670 ne-

305 2707 479 2776 glecta
508 2703 691 2761 anima
717 2717 817 2765 sua
852 2701 1136 2769 defecerit,
1166 2719 1230 2759 ac
1260 2719 1356 2774 per
1387 2713 1748 2760 memoratum
1787 2706 1883 2760 de-

307 2795 435 2850 inde
481 2794 662 2851 cibum
715 2804 993 2850 recreatus
1041 2794 1135 2861 sit,
1164 2809 1395 2852 aversus
1442 2804 1498 2851 et
1542 2797 1809 2854 abductus
1849 2813 1880 2852 a

304 2894 512 2954 morte,
542 2888 655 2940 ait:
678 2884 928 2939 Animam
969 2900 1140 2938 meam
1170 2886 1421 2939 convertit
1453 2887 1506 2940 in
1540 2887 1679 2941 viam
1714 2887 1881 2956 justi-

308 2980 417 3046 εὔιε,
443 2977 496 3031 in
542 2977 851 3049 evangelica
891 2977 1099 3034 scilicet
1142 2977 1415 3050 dogmata.
1445 2978 1504 3035 Si
1546 2980 1882 3036 ambulavera

2049 1514 2263 1580 Κύριος
2296 1511 2593 1581 ποιμαίνει
2625 1526 2723 1580 με.
2788 1510 2949 1577 Μέγα
2982 1508 3074 1562 ἐπὶ
3100 1507 3179 1580 τῷ
3212 1506 3401 1578 Κυρίῳ
3433 1525 3565 1582 φρο-

1976 1604 2159 1659 νοῦσιν
2188 1605 2237 1657 οἱ
2267 1605 2395 1675 παρ’
2430 1603 2594 1657 αὐτοῦ
2627 1602 3062 1674 ποιμαινόμενοι.

2047 1700 2151 1764 Εἰς
2178 1697 2364 1750 τόπον
2393 1698 2584 1766 χλόης
2614 1694 2745 1749 ἐκεῖ
2786 1711 2863 1765 με
2914 1691 3398 1760 κατεσκήνωσεν.
3474 1692 3565 1746 Ἕν

1976 1788 2270 1862 ὼραιότητι
2314 1787 2450 1851 πόας
2496 1785 2879 1857 κατεσκήνωσε
2911 1803 3011 1856 με,
3063 1784 3163 1857 τὴν
3206 1783 3403 1856 νοητὴν
3426 1783 3565 1838 πόαν

1976 1880 2160 1952 φησίν.
2241 1879 2373 1934 Ἐπὶ
2417 1878 2637 1946 ὕδατος
2683 1879 3084 1944 ἀναπαύσεως
3129 1876 3417 1946 ἐξέθρεψέ
3462 1893 3562 1946 με.

1979 1973 2163 2044 ’Ύδωρ
2200 1970 2562 2036 ἀναπαύσεως
2590 1970 2804 2043 νοηθείη
2835 1969 2901 2024 ἂν
2946 1973 3007 2023 τὸ
3030 1969 3127 2023 τοῦ
3159 1971 3316 2039 ἁγίου
3364 1970 3591 2043 βαπτίη

1978 2083 2217 2137 σματος,
2249 2066 2345 2120 ἆτε
2371 2064 2435 2136 δὴ
2466 2062 2528 2117 τὸ
2555 2063 2772 2134 φορτίον
2811 2062 3089 2132 ἐξαλεῖφον
3118 2061 3226 2116 τῶν
3257 2062 3561 2134 ἁμαρτιῶν.

2051 2155 2259 2229 [Ταῦτα
2284 2154 2526 2227 παρέσχε
2546 2171 2657 2225 μοι,
2676 2153 2833 2225 φησὶ,
2852 2152 3114 2224 πρότερον
3135 2153 3231 2226 τῆς
3251 2153 3428 2224 ψυχῆς
3452 2154 3566 2207 ἐπιο

1983 2246 2258 2320 μεληθεὶς,
2295 2246 2388 2299 καὶ
2408 2247 2472 2299 ἐκ
2497 2246 2597 2316 τῆς
2628 2244 2839 2309 ἀνοδίας
2861 2244 3193 2317 ἐπιστρέψας
3222 2243 3359 2316 πρὸς
3385 2244 3445 2297 τὸ
3466 2246 3565 2316 τὴν

1979 2339 2193 2395 εὐθεῖαν
2222 2340 2338 2395 ὁδὸν
2370 2338 2632 2413 ὀδεύειν.]

2056 2433 2175 2503 Τὴν
2204 2433 2417 2504 ψυχήν
2436 2452 2555 2503 μου
2594 2434 2986 2504 ἐπέστρεψεν.
3037 2434 3131 2488 Ἐκ
3160 2434 3257 2505 τῆς
3286 2432 3565 2506 αἰχμαλω-

1982 2526 2101 2592 σίας
2127 2526 2222 2581 τοῦ
2246 2526 2495 2581 διαϐόλου
2523 2527 2857 2600 ἐπιστρέψας
2888 2528 3025 2601 πρὸς
3051 2527 3239 2580 ἐαυτὸν
3260 2527 3358 2597 τὴν
3383 2526 3563 2597 ψυχήν

1985 2637 2107 2692 μου,
2130 2621 2410 2693 ὡδήγησεν
2438 2622 2531 2673 ἐπὶ
2562 2619 2659 2685 τὰς
2686 2621 2908 2685 ἐντολὰς
2937 2620 3103 2676 αὐτοῦ
3133 2623 3198 2673 ἐκ
3221 2620 3456 2675 θανάτου
3486 2620 3565 2683 είς

1983 2715 2146 2787 ζωήν.
2180 2714 2304 2786 [Ὡς
2338 2714 2722 2786 παρεκλείπων
2750 2713 2916 2768 πάλαι
2941 2713 3039 2786 τὴν
3080 2714 3216 2768 ἰδίαν
3249 2713 3449 2785 ψυχὴν,
3478 2713 3563 2768 διὰ

1980 2805 2080 2876 τῆς
2132 2805 2428 2877 εἰρημένης
2462 2804 2669 2876 τροφῆς
2706 2803 2989 2858 ἀναλαϐὼν
3026 2805 3249 2871 ἐαυτὸν,
3294 2805 3389 2858 καὶ
3434 2804 3562 2857 ἐπι-

1984 2899 2231 2970 στρέφων
2282 2900 2346 2952 ἐκ
2388 2898 2651 2964 θανάτου,
2688 2898 2855 2969 φησί·
2896 2896 3016 2965 Τὴν
3066 2897 3279 2966 ψυχήν
3308 2914 3428 2965 μου
3464 2897 3565 2948 ἐπ-

1982 2990 2238 3060 έστρεψε
2267 2990 2365 3044 ἐπὶ
2407 2991 2643 3058 τρίϐους
2677 2989 3103 3056 δικαιοσύνηςο
3134 2988 3203 3042 τὰ
3235 2988 3566 3057 εὐαγγελικά

304 3070 365 3124 in
403 3067 572 3123 medio
611 3069 811 3127 umbrat
856 3072 1064 3138 mortis,
1108 3071 1265 3144 quasi
1314 3071 1533 3128 Patrem
1574 3074 1857 3146 alloquens

2054 3096 2117 3149 ισι
2143 3079 2408 3150 δόγματα.
2437 3078 2571 3134 Ἐὰν
2595 3078 2864 3149 πορευθῶ
2888 3080 2956 3133 ὲν
2972 3079 3144 3149 μέσῳ
3170 3078 3347 3146 σκιᾶς
3380 3079 3563 3133 θανά-

306 3157 493 3232 Ipsum
543 3170 723 3216 autem
757 3161 1038 3218 Christum
1073 3173 1233 3219 vocat
1262 3164 1472 3236 virgam
1504 3165 1743 3230 virtutis,
1772 3167 1884 3222 vir-

307 3269 431 3323 gam
462 3254 774 3324 gloriosam,
806 3267 861 3310 et
889 3257 1093 3328 virgam
1122 3258 1529 3329 magnitudinis.
1550 3259 1703 3316 Sicut
1731 3262 1883 3332 virga

306 3346 553 3416 corripit,
590 3346 664 3401 ita
705 3356 759 3402 et
799 3348 878 3402 vis
914 3346 1253 3420 facultasque
1317 3350 1511 3421 agendi
1567 3352 1725 3407 docet
1770 3367 1882 3422 quo

309 3445 467 3506 pacto
494 3437 773 3494 moderate
795 3439 936 3494 mala
966 3438 1254 3514 feramus]
1280 3440 1604 3513 Evangelica
1634 3458 1762 3498 vero
1789 3445 1884 3498 do-

310 3535 487 3597 gmata
523 3528 750 3583 indicat.

384 3614 438 3670 4.
476 3614 637 3688 Virga
680 3628 773 3673 tua
814 3629 863 3673 et
908 3620 1125 3676 baculus
1176 3632 1296 3677 tuus
1347 3625 1462 3694 ipsa
1494 3641 1574 3679 me
1610 3622 1883 3679 consolata

310 3716 454 3761 sunt.
489 3707 668 3778 Ipsum
716 3709 793 3764 ait
818 3709 1120 3767 Christum.
1154 3711 1220 3767 Et
1252 3714 1423 3770 illud:
1466 3713 1679 3785 Virgam
1712 3710 1879 3769 virtu-

311 3798 378 3851 tis
406 3799 605 3853 emittet
630 3800 723 3854 tibi
750 3800 1003 3855 Dominus
1025 3818 1089 3855 ea:
1111 3802 1241 3859 Sion
1261 3805 1323 3858 “.
1349 3805 1435 3867 Et,
1450 3806 1594 3875 virga
1625 3805 1878 3876 gloriosa,

309 3889 455 3960 virga
489 3889 727 3944 maxima
751 3890 817 3946 “'.
851 3890 1011 3964 Virga
1053 3903 1138 3949 est
1158 3895 1445 3950 erudiendi
1487 3905 1760 3965 potestas;
1786 3898 1883 3953 ba-

308 3979 487 4045 culus,
515 3982 878 4050 patrocinium
904 3983 956 4037 in
995 3985 1332 4041 consolando
1359 3987 1547 4041 situm.

390 4071 445 4127 5.
481 4070 837 4144 Impinguasti
879 4076 933 4129 in
980 4075 1093 4129 oleo
1158 4086 1315 4146 caput
1359 4094 1550 4131 meum.
1582 4077 1650 4134 Et
1677 4081 1782 4135 hoc
1806 4081 1882 4135 si-

309 4161 528 4233 gnificat
560 4164 849 4236 mysticum
878 4165 1143 4221 chrisma.
1180 4164 1252 4219 Et
1280 4167 1424 4222 calix
1460 4178 1579 4222 tuus
1613 4170 1879 4226 inebrians

306 4268 408 4309 me.
433 4252 672 4311 Rursum
698 4254 767 4312 de
794 4256 1021 4327 mystica
1047 4258 1157 4327 agit
1183 4256 1388 4312 laetitia.
1416 4257 1482 4312 Et
1518 4244 1880 4317 misericordia

308 4353 399 4397 tua
438 4341 781 4416 subsequetur
813 4362 894 4399 me
916 4345 1160 4400 omnibus
1202 4346 1407 4401 diebus.
1436 4346 1571 4404 Nam
1613 4353 1705 4422 qui
1736 4367 1873 4423 prae-

305 4434 448 4491 dicta
499 4435 685 4490 omnia
722 4437 866 4492 nacti
893 4447 1043 4501 sunt,
1078 4439 1134 4494 in
1178 4440 1558 4497 misericordia
1591 4442 1681 4497 Dei
1713 4445 1877 4514 positi
1914 4429 1954 4483 ί)

303 4538 519 4593 semper
536 4533 717 4592 erunt,
754 4526 1086 4599 insuperque
1118 4529 1441 4586 habitabant
1465 4532 1518 4586 in
1551 4533 1715 4588 domo
1735 4535 1874 4605 ejus.

373 4608 617 4681 [Parasti
657 4611 713 4665 in
741 4625 1017 4683 conspectu
1050 4633 1161 4672 meo
1196 4634 1449 4673 mensam.
1494 4619 1733 4677 Mensam
1762 4640 1880 4694 my—

305 4701 495 4755 sticam
539 4700 763 4769 iudicat,
798 4704 978 4759 oleum
1029 4722 1159 4763 vero
1204 4708 1444 4765 chrisma
1479 4713 1787 4782 mysticum,
1823 4723 1878 4769 et

303 4795 529 4852 calicem
559 4793 761 4852 ibidem
786 4798 1099 4871 memorat.]

376 5081 425 5135 1.
455 5079 521 5135 In
544 5080 702 5152 ﬁnem
733 5076 978 5134 PSALM
988 5077 1075 5135 US
1096 5078 1270 5135 David
1304 5098 1410 5136 una
1434 5080 1803 5137 Sabbatorum.

979 5169 1211 5227 XXIII.

896 5263 1299 5334 Argumentum.

300 5347 501 5433 Daniel
526 5347 819 5406 Barbarus.
859 5353 1158 5411 Ascensum
1187 5352 1400 5409 Domini
1440 5369 1680 5425 praesens
1727 5357 1872 5425 psal-

373 5456 494 5496 mus
512 5440 668 5497 nohis
689 5448 1032 5512 pramuntiat,
1053 5462 1264 5501 necnon
1289 5447 1528 5515 gentium
1548 5446 1871 5514 doctrinam,

367 5545 420 5590 et
443 5537 897 5603 quemadmodum
928 5539 1135 5595 ctelesti
1162 5539 1439 5594 domicilio
1465 5540 1698 5610 dignata:
1723 5553 1869 5595 sunt.

367 5712 412 5745 “
438 5711 593 5769 Joan.
626 5730 661 5778 l,
700 5716 781 5773 l5.
864 5718 906 5750 “
946 5718 1089 5776 Psal.
1125 5737 1234 5786 cut,
1274 5721 1318 5776 3.
1407 5725 1449 5757 ’⁸⁵
1480 5722 1589 5779 lcr.
1628 5742 1820 5788 xavxn.
1860 5733 1941 5785 Π.

1987 3188 2114 3237 του,
2160 3172 2236 3236 ὡς
2284 3172 2423 3244 πρὸς
2465 3172 2556 3226 τὸν
2589 3172 2827 3245 Πατέρα.
2870 3172 3043 3225 Αὑτὸν
3083 3171 3139 3225 δέ
3182 3172 3276 3225 τὸν
3325 3171 3563 3243 Χριστόν

1987 3280 2119 3332 φησι
2168 3263 2363 3335 ῥάϐδον
2407 3264 2727 3335 δυνάμεως,
2778 3263 2873 3317 καὶ
2921 3263 3117 3335 ῥάϐδον
3166 3263 3366 3334 εὐκλεῆ
3392 3304 3405 3325 .
3473 3265 3565 3317 καὶ

1987 3352 2181 3423 ῥάϐδον
2217 3352 2603 3425 μεγαλότητος.
2628 3354 2839 3425 Ὠσπερ
2874 3351 3071 3423 ῥάϐδος
3124 3352 3387 3415 παιδεύει,
3415 3350 3561 3404 οὕτω

1986 3443 2080 3496 καὶ
2107 3444 2385 3516 πρακτικὴ
2416 3444 2802 3517 μετριοπαθεῖν
2830 3442 3185 3514 ἐκδιδάσκει.]
3219 3444 3300 3496 Τὰ
3325 3444 3562 3513 εὐαγγε-

1984 3533 2112 3587 λικά
2144 3551 2275 3604 φησι
2304 3534 2568 3606 δόγματα.

2066 3626 2124 3680 Ἠ
2154 3623 2381 3692 ῥάϐδος
2410 3642 2528 3680 σου
2560 3626 2660 3681 καί
2704 3627 2742 3695 ὴ
2772 3626 3077 3695 ,βακτήρια
3117 3642 3255 3693 σου,
3297 3625 3453 3681 αὐτά
3490 3643 3566 3696 με

1984 3715 2430 3786 παρεκάλεσαν.
2474 3719 2645 3775 Αὑτὸν
2682 3720 2773 3781 τὸν
2816 3720 3051 3792 Χριστόν
3086 3737 3272 3789 φησιν.
3321 3720 3433 3772 Καὶ
3475 3718 3562 3772 τὸυ

1995 3808 2237 3863 Ῥάϐδον
2281 3806 2591 3878 δυνάμεως
2635 3808 3037 3873 ἑξαποστελεῖ
3088 3825 3189 3863 σοι
3239 3811 3454 3878 Κύριος
3497 3810 3563 3862 ἐκ

1983 3899 2154 3954 Σιών.
2177 3902 2285 3954 Καὶ
2305 3899 2529 3970 ῥάϐδος
2555 3901 2837 3971 εὐκλεὴς,
2855 3902 2949 3956 καὶ
2971 3900 3195 3969 ῥάϐδος
3224 3902 3563 3973 μεγαλώτα-

1984 4009 2107 4059 τος.
2150 3992 2429 4065 Ῥάδδοςή
2474 3991 2797 4064 παιδευτικὴ
2838 3991 3068 4063 δύναμις
3089 4008 3103 4021 θ
3137 3991 3410 4063 βακτηρία
3442 3993 3496 4045 δὲ
3529 3995 3560 4063 ἠ

1982 4082 2071 4134 διὰ
2097 4083 2195 4153 τῆς
2227 4084 2619 4156 παρακλήσεως
2649 4083 2953 4155 ἀντίληψις.

2068 4170 2386 4242 Ἐλίπανας
2434 4177 2504 4230 ἐν
2548 4178 2732 4242 ἐλαίῳ
2775 4177 2893 4248 τὴν
2944 4177 3221 4249 κεφαλήν
3256 4195 3397 4247 μου.
3454 4178 3562 4230 Καὶ

1984 4264 2141 4319 τοῦτο
2170 4267 2232 4320 τὸ
2258 4267 2463 4339 χρίσμα
2493 4268 2552 4322 τὸ
2581 4269 2861 4340 μυστικόν.
2895 4269 3005 4325 Καὶ
3033 4269 3100 4324 τὸ
3131 4267 3420 4336 ποτήριόν
3446 4284 3560 4322 σου

1977 4358 2286 4426 μεθύσκον
2312 4376 2409 4428 με.
2449 4360 2616 4413 Πάλιν
2641 4362 2740 4432 τὴν
2777 4362 3045 4434 μυστικὴν
3076 4360 3417 4433 εὐφροσύνην
3461 4376 3561 4431 φη-

1987 4451 2088 4505 σίν.
2129 4451 2239 4505 Καὶ
2273 4451 2339 4505 τὸ
2383 4452 2552 4517 ἔλεός
2589 4468 2705 4508 σου
2747 4453 3094 4520 καταδιὼξει
3117 4471 3193 4523 με
3221 4454 3425 4520 πάσας
3454 4452 3558 4517 τὰς

1987 4542 2228 4612 ἡμέρας.
2272 4544 2334 4597 Οἱ
2376 4545 2483 4616 γὰρ
2513 4544 2625 4599 τῶν
2657 4546 3062 4617 προλεχθέντων
3102 4545 3359 4600 ἁπάντων
3392 4563 3558 4616 μετα-

1986 4634 2239 4698 λαῦόντες
2272 4636 2484 4691 ἔσονται
2525 4637 2815 4703 διαπαντὸς
2847 4641 2905 4693 ἐν
2942 4639 3021 4710 τῷ
3058 4639 3197 4693 ἐλέει
3239 4639 3334 4693 τοῦ
3377 4638 3521 4692 Θεοῦ
3544 4655 3555 4668 ”

1988 4725 2081 4779 καὶ
2120 4728 2224 4798 μὴν
2253 4730 2347 4782 καὶ
2378 4733 2794 4802 κατοικήσουσιν
2821 4734 2879 4786 ἐν
2908 4733 2986 4805 τῷ
3017 4735 3150 4802 οίκῳ
3179 4734 3363 4788 αὑτοῦ.

2055 4818 2438 4892 [Ἡτοίμασας
2469 4825 2730 4883 ἐνώπιόν
2756 4847 2877 4899 μου
2918 4830 3227 4901 τράπεζαν.
3266 4829 3559 4903 Τράπεζαν

1984 4911 2083 4982 τὴν
2118 4915 2384 4988 μυστικὴν
2411 4916 2590 4986 λέγει,
2619 4920 2713 4974 καὶ
2741 4922 2802 4976 τὸ
2827 4921 3005 4978 ἔλαιον
3034 4923 3095 4976 τὸ
3130 4923 3339 4994 χρίσμα
3368 4940 3558 4994 μυστι-

1985 5001 2100 5068 κὸν,
2129 5006 2223 5058 καὶ
2245 5006 2306 5058 τὸ
2339 5010 2600 5081 ποτήριον
2632 5012 2826 5087 λέγω]

1986 5095 2090 5158 Εἰς
2121 5094 2295 5161 τέλος
2329 5100 2635 5157 ΨΑΛΜΟΣ
2661 5103 2741 5171 τῷ
2760 5105 2942 5160 Δαυῖδ
2969 5105 3043 5174 τῇ
3065 5104 3175 5175 μιᾷ
3203 5104 3319 5160 τῶν
3341 5106 3559 5160 Σαϐϐά-

2611 5212 2746 5253 των.
2779 5201 2913 5253 ΚΓ.

2592 5286 2909 5359 Ὑπόθεσις.

1983 5368 2093 5462 Τὴν
2123 5370 2388 5462 ανάληψιν
2433 5377 2525 5432 τοῦ
2559 5380 2764 5452 Κυρίου
2803 5387 2831 5437 ὁ
2880 5385 3072 5458 παρὼν
3106 5390 3238 5460 ἡμῖν
3298 5390 3556 5462 κηρύττει

2055 5459 2267 5534 ψαλμὸς
2308 5467 2400 5520 καὶ
2435 5467 2543 5524 τῶν
2583 5470 2753 5525 ἐθνῶν
2798 5459 3174 5534 διδασκαλίαν·
3218 5480 3331 5546 πῶς
3464 5483 3557 5535 καὶ

2052 5556 2203 5611 αὐτοὶ
2231 5558 2369 5624 ἄξιοι
2400 5560 2658 5629 γένωνται
2687 5564 2794 5621 τῶν
2828 5568 3165 5641 ἐπουρανίων
3195 5573 3429 5645 σκηνῶν.
