3698 6268
280 231 384 295 “3

596 357 647 410 1.
689 355 1025 412 PSALMUS
1052 355 1240 411 David.
1276 355 1489 411 XXIV.

863 449 1258 519 Argumentum.
1528 495 1534 501 .

277 545 331 599 in
367 541 619 615 praesenti
671 542 878 612 psa‘mo
932 540 1220 610 cujuslibet
1269 555 1455 595 eorum
1514 541 1605 612 qui
1658 544 1834 598 vocati

344 644 472 691 sunt
516 649 747 705 persona
786 632 1097 687 inducitur:
1130 645 1318 687 eorum
1362 632 1567 687 scilicet
1603 634 1697 703 qui
1727 650 1833 689 una

344 726 502 781 electi
554 733 684 780 sunt
721 731 781 778 ut
823 724 890 779 ad
923 724 1257 793 spiritualem
1298 722 1462 777 vitam
1508 722 1829 794 dirigantur.

348 819 474 875 Haec
516 831 679 888 porro
721 817 884 871 verba
924 825 1161 885 tempore
1190 812 1437 884 martyrii
1476 813 1702 869 recitato
1731 830 1831 885 op-

342 920 574 984 portuna
596 917 744 964 sunt.

339 1006 423 1059 Ad
450 1015 519 1071 te,
549 1004 792 1066 Domine,
820 1000 985 1056 levavi
1019 1000 1250 1054 animam
1273 1015 1460 1055 meam.
1494 1000 1605 1056 Ceu
1625 998 1738 1071 jam
1763 999 1831 1056 ab

272 1094 577 1151 idololatria
604 1092 782 1148 aversi
825 1090 1145 1160 loquuntur.

340 1188 396 1242 5.
424 1185 609 1256 Neque
632 1184 889 1238 irrideant
917 1199 996 1236 me
1024 1181 1225 1235 inimici
1258 1182 1375 1236 mei.
1409 1179 1730 1252 Spirituales
1752 1182 1831 1236 vi-

270 1279 484 1334 delicet.

339 1368 537 1438 Adjicit
564 1364 750 1419 Daniel
762 1363 1064 1418 Barbarus:
1082 1361 1412 1419 Exsecrandi
1428 1370 1484 1417 et
1504 1362 1699 1432 impari
1728 1361 1829 1416 dae-

270 1474 481 1523 mones,
507 1455 756 1512 diabolus
782 1469 906 1510 cum
930 1453 1109 1523 impiis
1130 1452 1460 1509 hominibus.
1493 1450 1620 1508 Haec
1647 1461 1825 1508 autem

268 1550 401 1606 dicit
427 1563 552 1604 cum
576 1545 719 1602 forte
753 1545 1047 1617 praevideat
1072 1544 1277 1600 Christi
1301 1543 1690 1599 humanitatem
1720 1542 1826 1614 (in-

267 1642 684 1713 carnationem),
708 1648 996 1711 postquam
1016 1639 1360 1694 inimicorum
1398 1638 1541 1694 risus
1567 1638 1818 1694 cessavit.

340 1736 570 1811 {lniquis
597 1734 753 1805 quasi
780 1733 1001 1802 iniquus
1030 1731 1206 1788 factus
1226 1745 1370 1788 sum.
1389 1728 1514 1785 Haec
1538 1730 1683 1786 enim
1718 1728 1821 1784 ini-

267 1832 450 1903 quitas
475 1843 581 1883 non
608 1824 809 1881 frustra
834 1822 986 1895 Νίκη]

339 1920 545 1976 Etenim
581 1917 807 1972 universi
839 1917 929 1985 qui
964 1915 1218 1969 sustinent
1257 1926 1328 1981 te,
1368 1931 1470 1968 non
1505 1912 1825 1983 confunden-

268 2026 374 2070 tnr.
412 2008 673 2079 Exemplo
704 2022 893 2062 eorum
942 2006 1034 2074 qui
1064 2005 1170 2074 iam
1209 2015 1335 2060 ante
1376 2006 1431 2060 in
1479 2004 1589 2059 Deo
1632 2003 1824 2059 conﬁsi

265 2107 507 2159 illustres
546 2098 675 2155 facti
722 2104 878 2161 sunt,
909 2094 1036 2164 quia
1081 2094 1335 2149 ﬁduciam
1385 2095 1565 2159 habet,
1595 2093 1826 2150 aﬁirmat

262 2197 506 2253 futurum
554 2206 708 2255 esse,
746 2196 806 2243 ut
843 2185 989 2256 quod
1030 2185 1082 2239 io
1129 2186 1272 2242 votis
1314 2194 1399 2241 est
1434 2195 1823 2255 consequatur.

262 2283 667 2357 Confundantur
695 2280 879 2347 iniqua
906 2287 1114 2347 agentes
1150 2292 1488 2346 supervacue.
1517 2274 1643 2331 Haec
1661 2276 1728 2333 de
1757 2276 1826 2332 iis

259 2376 523 2449 loquitur,
550 2371 643 2444 qui
667 2370 846 2427 adhuc
873 2366 1143 2423 idolorum
1172 2366 1320 2422 cultu
1349 2366 1683 2422 detinentur.

332 2465 770 2541 [Confundantur
808 2461 992 2530 iniqua
1040 2467 1272 2528 agentes,
1323 2459 1392 2513 ab
1433 2457 1502 2513 iis
1541 2458 1636 2527 qui
1670 2472 1822 2528 spem

260 2575 417 2617 suam
448 2560 504 2613 in
529 2556 637 2611 Deo
656 2558 1146 2625 posuerunt,atque
1166 2549 1298 2603 clari
1324 2547 1496 2605 eﬁecti
1528 2556 1677 2613 sunt,
1694 2548 1823 2619 quia

260 2651 607 2709 conﬁdebant
655 2660 715 2703 se
759 2656 922 2714 posse
961 2650 1149 2697 votum
1195 2639 1479 2710 consequi.
1507 2637 1610 2706 Qui
1656 2646 1823 2711 agunt

259 2746 468 2815 inique,
503 2752 816 2810 supervacue
847 2734 989 2790 ﬁrmi
1018 2732 1321 2788 consistere
1364 2730 1572 2786 volunt.
1599 2729 1725 2786 Haec
1755 2732 1822 2789 de

258 2838 327 2893 iis
374 2835 651 2898 dicuntur,
676 2829 772 2885 oui
819 2826 999 2882 adhuc
1047 2824 1102 2879 in
1156 2822 1424 2878 idolorum
1456 2822 1601 2878 cultu
1651 2823 1820 2879 uersi-

256 2923 454 2995 stunt.]

1119 240 1175 295 S.
1216 238 1586 295 ATHANASII
1623 239 1772 297 OPP.
1815 243 2001 298 PARS
2035 242 2123 301 ΙΙΙ.
2163 275 2232 286 -
2269 244 2674 301 EXEGETICA.

3387 250 3496 308 Ml

2317 365 2622 417 ΨΑΛΜΟΣ
2654 364 2733 429 τῷ
2767 365 2960 418 Δαυΐδ.
3003 369 3126 419 KA'.

2557 456 2878 521 Ὺπόθεσις.

1947 544 2034 596 Ἑν
2074 543 2152 614 τῷ
2197 544 2540 617 προκειμένῳ
2565 542 2765 615 ψαλμῷ
2803 546 2865 598 τὸ
2893 546 3120 600 ἑκάστου
3147 546 3258 602 τῶν
3299 550 3497 622 κεκλη-

2005 634 2179 704 μένων
2205 634 2515 706 εἰσφέρεται
2539 634 2826 705 πρόσωπον
2847 650 2861 664 ⁸
2888 637 3054 706 ἤγουν
3076 638 3251 692 αὐτῶν
3282 640 3390 694 τῶν
3415 641 3495 712 (9)

2002 726 2423 799 συνειλεγμένων
2450 729 2531 791 είς
2559 726 2658 797 τὴν
2688 728 3058 799 πνευματικὴν
3095 730 3496 786 ἁπευθύνεσθαι

2001 816 2165 889 ζωήν.
2215 819 2301 871 Ἐν
2357 818 2532 890 καιρῷ
2572 818 2629 871 δὲ
2674 818 2971 888 μαρτυρίου
3015 819 3232 874 λεκτέον
3275 821 3494 885 τούτους

1999 910 2123 974 τοὺς
2151 908 2358 978 λόγους.

1999 998 2155 1067 Πρὸς
2179 1000 2275 1064 σὲ,
2300 1000 2498 1067 Κύριε,
2529 996 2648 1069 ἦρα
2684 1001 2797 1069 τὴν
2822 1000 3033 1072 ψυχήν
3067 1019 3207 1070 μου.
3246 1002 3331 1066 Ὠς
3358 1002 3493 1056 ἀπο-

1931 1091 2259 1164 στραφέντες
2284 1092 2385 1162 ἤδη
2414 1091 2516 1160 τῆς
2536 1091 2973 1165 είδωλολατρείας
3004 1093 3187 1162 φασίν.

1995 1181 2162 1250 Μηδὲ
2187 1179 2767 1252 καταγελασάτωσάν
2792 1200 2914 1253 μου
2936 1186 2989 1237 ol
3019 1183 3239 1253 ἐχθροί.
3276 1185 3339 1238 υἱ
3369 1202 3493 1256 νοηο

1926 1272 2008 1325 τοὶ
2038 1271 2299 1343 δηλονότι.

2010 1362 2230 1436 Ἐχθρὸς
2272 1364 2330 1418 δὲ
2370 1367 2399 1418 ό
2445 1365 2688 1430 διάϐολος
2732 1364 2870 1435 μετὰ
2901 1364 3191 1436 δαιμονίων
3239 1366 3332 1419 καὶ
3381 1366 3492 1420 τῶν

1926 1452 2264 1509 ἀσεὸούντων
2306 1454 2626 1527 ἀνθρώπων.
2677 1454 2836 1519 Ἰσως
2883 1454 2941 1508 δὲ
2993 1456 3087 1508 καὶ
3135 1456 3344 1525 προορᾷ
3394 1451 3488 1508 τοῦ

1927 1542 2176 1615 Σωτῆρος
2194 1543 2291 1616 τὴν
2314 1544 2743 1617 ὲνανθρώπησιν,
2780 1545 2899 1617 μεθ’
2928 1545 2995 1616 ἢν
3025 1545 3119 1600 καὶ
3141 1544 3252 1599 τῶν
3279 1545 3492 1618 ἐχθρῶν

1926 1629 2197 1685 πέπαυται
2234 1631 2387 1701 λόγος
2416 1631 2654 1705 [γέλως].

1992 1719 2318 1794 [Ἐγενήθην
2355 1725 2468 1787 τοῖς
2499 1722 2720 1795 ἀνόμοις
2765 1725 2840 1789 ὡς
2867 1725 3084 1795 ἄνομος.
3128 1724 3274 1795 Αὕτη
3312 1726 3420 1800 γὰρ
3449 1730 3483 1800 ἠ

1922 1812 2116 1883 ἀνομία
2140 1813 2199 1866 οὐ
2210 1826 2215 1832 ·
2226 1814 2478 1886 διακενῆς
2510 1814 2771 1888 ὲγένετο.]

1991 1905 2100 1959 Kal
2130 1906 2238 1976 γὰρ
2265 1906 2486 1975 πάντες
2527 1912 2580 1963 οἱ
2606 1908 3010 1978 ὐπομένοντές
3041 1923 3115 1963 σε
3139 1911 3210 1965 οὐ
3234 1910 3320 1981 μὴ
3343 1929 3484 1966 κατ-

1920 1996 2349 2067 αισχυνθῶσιν.
2410 2000 2543 2053 Ἀπὸ
2580 2000 2688 2053 τῶν
2723 1999 2822 2072 ἤδη
2868 2000 3201 2054 πεποιθότων
3247 2003 3340 2055 ἐπὶ
3368 2004 3485 2074 θεῷ

1923 2089 2015 2143 καὶ
2068 2091 2373 2161 γενομένων
2420 2092 2718 2163 λαμπρῶν,
2765 2091 2855 2145 διὰ
2912 2093 2974 2145 τὸ
3019 2092 3115 2165 τὴν
3167 2095 3484 2167 πεποίθησιν

1921 2179 2062 2249 ἔχειν
2081 2180 2179 2251 τῆς
2198 2181 2362 2252 εὐχῆς
2385 2180 2783 2247 ὲπιτεύξασθαι,
2801 2180 3206 2251 διισχυρίζεται.
3222 2186 3482 2254 Αἰσχυν-

1921 2269 2198 2336 θήτωσαν
2245 2273 2299 2324 ol
2346 2271 2709 2340 ἀνομοῦντες
2746 2270 3046 2339 διακενῆς.
3110 2273 3293 2327 Ταῦτα
3356 2276 3485 2346 περὶ

1920 2362 2025 2414 τῶν
2053 2361 2151 2434 ἤδη
2178 2363 2557 2434 κατεχομένων
2580 2365 2639 2417 ὲν
2670 2362 3079 2434 εἰδωλολατρείᾳ
3112 2364 3294 2433 φησίν.

1990 2452 2523 2524 [Αίσχυνθήτωσαν
2563 2456 2617 2508 ol
2654 2453 3051 2524 ἀνομοῦντες,
3086 2454 3195 2508 ἀπὸ
3234 2454 3344 2508 τῶν
3382 2456 3481 2527 ἤδη

1920 2541 2253 2597 πεποιθότων
2282 2542 2375 2597 ἐπὶ
2394 2542 2513 2614 Θεῷ
2539 2544 2630 2597 καὶ
2656 2544 2963 2615 γενομένων
2992 2542 3279 2614 λαμπρῶν,
3309 2542 3395 2596 διὰ
3424 2547 3483 2595 τὸ

1918 2633 2015 2704 τὴν
2040 2633 2359 2706 πεποίθησιν
2385 2634 2527 2706 ἔχειν
2551 2635 2651 2706 τῆς
2675 2635 2841 2706 εὐχῆς
2862 2634 3263 2700 ὲπιτεύξασθαι.
3311 2635 3481 2704 ’ἰσχυ-

1924 2725 2156 2796 ρίζονται
2197 2727 2247 2781 οἱ
2294 2725 2620 2797 ἀνομοῦντες
2650 2725 2949 2794 διακενῆς.
2984 2724 3168 2779 Ταῦτα
3206 2725 3337 2796 περὶ
3373 2723 3485 2777 τῶν

1919 2816 1997 2870 ἔτι
2031 2818 2407 2890 κατεχομένων
2436 2821 2491 2872 ὲν
2521 2816 2978 2889 είδωλολατρείᾳ.]

326 3020 382 3074 ὁ.
419 3016 547 3072 Via:
573 3023 712 3079 tuas,
745 3009 982 3072 Domine,
1007 3002 1309 3060 demonstra
1332 3003 1481 3057 mihi.
1499 3002 1811 3072 Evangelica

1997 3021 2107 3085 Τὰς
2136 3021 2316 3087 ὁδούς
2341 3035 2478 3088 σου,
2512 3022 2707 3090 Κύριε,
2736 3019 3028 3091 γνώρισον
3052 3037 3173 3088 μοι.
3210 3019 3290 3073 Τὰ
3314 3020 3481 3088 εὐαγ-

256 3112 511 3183 dogmata
550 3108 648 3162 ait.

329 3206 383 3261 5.
404 3204 585 3273 Dirige
609 3217 688 3255 me
717 3199 771 3253 in
799 3197 1013 3253 veritate
1044 3204 1157 3249 tua.
1188 3192 1314 3248 Haec
1347 3192 1443 3261 ait,
1475 3202 1534 3248 ut
1554 3194 1647 3264 qui
1681 3208 1818 3249 non-

255 3300 383 3357 dum
411 3297 477 3353 ad
505 3296 785 3351 veritatem
813 3287 1122 3345 accesserit.
1154 3286 1223 3340 Et
1255 3286 1383 3341 doce
1410 3302 1509 3351 me,
1539 3286 1665 3356 quia
1690 3294 1746 3339 tu
1764 3300 1817 3340 es

257 3392 397 3446 Deus
451 3389 685 3444 salvator
730 3399 895 3438 meus.
942 3380 1077 3435 Cum
1119 3379 1376 3450 propheta
1421 3377 1496 3433 ita
1526 3386 1644 3432 oret
1678 3392 1741 3432 ac
1771 3376 1817 3433 si

255 3482 498 3540 nondum
539 3476 852 3549 cegnoverit
892 3474 1008 3529 vias
1048 3471 1284 3537 Domini,
1316 3485 1493 3535 neque
1538 3468 1820 3525 edidicerit

256 3572 503 3629 incedere
543 3568 599 3622 in
641 3565 849 3621 semitis
880 3562 1032 3633 ejus;
1074 3562 1306 3615 necdum
1354 3560 1595 3614 directus
1635 3558 1706 3615 sit
1749 3557 1817 3613 ad

252 3662 534 3718 veritatem
589 3657 718 3722 Dei,
766 3669 867 3710 nec
907 3654 1134 3709 edoctus
1180 3652 1247 3707 de
1287 3651 1397 3708 Deo
1432 3662 1492 3708 ut
1520 3652 1814 3718 salvatore,

252 3754 379 3825 quis
410 3768 517 3807 non
548 3747 923 3806 reformidabit
945 3745 1074 3801 illud
1097 3763 1110 3799 :
1135 3744 1224 3799 Va:
1239 3744 1349 3798 illis
1370 3744 1462 3814 qui
1483 3742 1584 3798 sibi
1603 3744 1815 3813 sapien—

256 3855 329 3899 tes
358 3855 406 3899 et
430 3843 637 3912 judicio
661 3857 755 3895 suo
781 3840 920 3894 docti
950 3848 1069 3894 sunt
1098 3839 1177 3892 “l

328 4022 378 4074 7.
409 4020 615 4075 Delicta
638 4020 929 4090 juventutis
968 4032 1096 4072 mea:
1133 4024 1184 4070 et
1216 4013 1547 4085 ignorantias
1577 4027 1719 4065 meas
1751 4027 1812 4065 ne

252 4115 570 4169 memineris.
600 4112 940 4168 iuventutem
973 4108 1255 4166 stultitiam
1284 4107 1379 4161 ait.
1407 4105 1602 4176 Aperta
1629 4111 1811 4158 autem

251 4208 477 4263 stultitia
514 4216 630 4262 erat
670 4204 986 4261 idololatria:
1021 4216 1207 4258 eorum
1231 4209 1462 4268 tempus.
1489 4196 1610 4252 Alio
1651 4194 1812 4249 modo

250 4315 347 4370 per
378 4300 570 4355 delicta
597 4296 899 4368 iuventutis
939 4310 1002 4368 ea
1034 4307 1154 4362 qua‘
1179 4292 1233 4344 in
1267 4287 1500 4359 Egypto
1522 4295 1807 4357 perpetra-

1919 3112 2108 3181 γελικα
2135 3112 2379 3183 δόγματά
2411 3129 2595 3184 φησιν.

1996 3203 2321 3275 Ὀδήγησόν
2337 3222 2413 3275 με
2435 3205 2533 3259 ἐπὶ
2569 3205 2685 3275 τὴν
2709 3202 3016 3272 ἀλήθειαν.
3055 3206 3144 3269 Ὠς
3178 3205 3311 3277 μηδὲ
3339 3205 3481 3275 φθάε-

1919 3312 2015 3358 σας
2033 3295 2124 3348 ἐπὶ
2145 3294 2240 3366 τὴν
2260 3295 2512 3367 ἀλήθειαν
2539 3294 2710 3350 ταῦτά
2741 3312 2924 3367 φησιν.
2967 3296 3077 3350 Καὶ
3113 3295 3360 3361 δίδαξόν
3379 3313 3479 3365 με,

1917 3387 2003 3440 ὅτι
2025 3386 2104 3440 σὺ
2125 3382 2184 3440 εἷ
2208 3389 2241 3441 ό
2276 3386 2420 3452 Θεὸς
2450 3390 2483 3441 d
2517 3386 2720 3456 Σωτήρ
2741 3404 2880 3456 μου.
2906 3386 3012 3440 Τοῦ
3042 3388 3341 3458 προφήτου,
3374 3405 3479 3459 μη-

1914 3477 2059 3531 δέπω
2086 3478 2380 3546 ἐγνωκότος
2404 3478 2502 3541 τὰς
2533 3478 2686 3541 ὁδοὺς
2714 3477 2942 3550 Κυρίου,
2975 3479 3107 3550 μηδὲ
3135 3478 3481 3549 διδαχθέντος

1918 3564 2240 3637 πορεύεσθαι
2269 3565 2489 3637 τρίϐους
2522 3566 2687 3620 αὐτοῦ
2709 3608 2723 3631 ,
2755 3568 2851 3621 καὶ
2894 3568 2969 3631 ὡς
3020 3568 3245 3639 μηδέπω
3282 3567 3483 3639 ὁδηγη-

1916 3656 2097 3720 θέντος
2128 3657 2219 3711 ἐπὶ
2250 3657 2346 3727 τὴν
2375 3656 2627 3728 ἀλήθειαν
2656 3656 2747 3710 τοῦ
2779 3657 2934 3721 Θεοῦ,
2974 3659 3106 3730 μηδὲ
3135 3658 3478 3730 διδαχθέντος

1917 3748 2043 3819 περὶ
2071 3747 2203 3799 Θεοῦ
2234 3747 2308 3811 ὼς
2348 3747 2598 3818 Σωτῆρος
2617 3788 2631 3809 ,
2677 3748 2848 3812 οὕτως
2888 3749 3182 3819 εὐχομένου
3203 3790 3217 3813 ,
3266 3749 3348 3813 τίς
3377 3750 3479 3803 οὐκ

1915 3836 2338 3908 εὑλαϐηθήσεται
2378 3837 2438 3891 τὸ
2459 3875 2476 3901 ,
2513 3840 2658 3893 Οὐαὶ
2696 3843 2749 3893 οὶ
2782 3821 2960 3908 σοφοὶ
2988 3840 3057 3894 ἐν
3082 3840 3343 3908 ἑαυτοῖς,
3378 3839 3478 3893 καὶ

1913 3927 2165 3981 ἐνώπιον
2194 3927 2391 3983 αὐτῶν
2412 3928 2837 3999 ἐπιστήμονες

1996 4021 2287 4089 Ἁμαρτίας
2334 4021 2611 4087 νεότητός
2641 4039 2761 4090 μου
2805 4022 2904 4075 καί
2951 4023 3196 4091 ἀγνοίας
3230 4040 3348 4092 μου
3386 4021 3481 4091 μὴ

1908 4111 2208 4181 μνησθῇς.
2236 4111 2480 4181 Νεότητα
2512 4113 2610 4182 τὴν
2634 4114 2942 4185 ἀφροσύνην
2970 4114 3150 4183 φησίν.
3172 4111 3479 4185 Ἀφροσύνη

1910 4198 1967 4252 δὲ
2008 4198 2180 4269 σαφὴς
2223 4200 2252 4252 ὁ
2294 4198 2391 4270 τῆς
2420 4198 2858 4272 είδωλολατρείας
2900 4201 3081 4255 αὐτῶν
3116 4202 3326 4274 καιρός.
3364 4200 3503 4254 Καὶι

1911 4289 2085 4352 ἄλλως
2110 4290 2379 4361 ἁμαρτίας
2412 4289 2505 4343 τοῦ
2533 4290 2663 4344 λαοῦ
2691 4292 2789 4355 τὰς
2823 4295 2883 4347 έν
2909 4292 3197 4364 Αἰγύπτῳ
3230 4293 3325 4346 καὶ
3363 4293 3477 4364 γὰρ

251 4400 379 4445 runt
406 4390 693 4462 intelligit:
740 4406 864 4445 nam
891 4396 945 4444 et
974 4386 1083 4440 illic
1126 4383 1394 4439 idolorum
1429 4380 1597 4436 cultui
1637 4394 1804 4435 vacae

1988 4378 2393 4451 ωλολάτρευσαν
2433 4383 2566 4435 ἐκεῖ.
2599 4382 2689 4452 Μὴ
2717 4379 2809 4434 οὖν
2838 4381 3059 4436 ἐκείνων
3091 4383 3199 4436 τῶν
3223 4384 3479 4455 ἁμαρτη-

251 4490 397 4536 runt.
426 4480 503 4537 Ne
530 4483 711 4553 itaque
740 4482 1055 4535 delictorum
1087 4475 1303 4530 illorum
1331 4474 1442 4544 jam
1470 4470 1806 4533 memineris.

249 4577 348 4634 sed
377 4574 732 4630 humanitatis
757 4583 809 4625 et
834 4567 1219 4625 misericordiae
1250 4582 1357 4638 qua
1388 4576 1515 4620 tunc
1541 4564 1626 4617 vel
1656 4564 1811 4632 igno-

248 4677 430 4726 rantes
460 4673 786 4738 prosecutus
818 4677 895 4716 es.
942 4659 1163 4727 Propter
1186 4655 1469 4711 bonitatem
1502 4664 1671 4718 tuam,
1702 4650 1808 4705 Do-

248 4761 403 4814 mine.
434 4756 555 4811 Non
580 4755 724 4810 enim
753 4766 884 4805 mete
908 4747 1207 4819 dignitatis,
1244 4743 1337 4801 sed
1369 4752 1473 4797 tua:
1506 4740 1807 4811 benignita-

247 4851 319 4907 tis
344 4849 518 4921 gratia
544 4846 597 4902 id
628 4841 884 4912 consequi
914 4854 1064 4910 rogo.

314 4939 369 4995 8.
399 4938 628 5007 Propter
654 4935 750 4988 hoc
787 4931 949 5001 legem
980 4929 1126 4983 dabit
1165 4926 1586 4998 delinquentibus
1612 4941 1671 4980 in
1695 4928 1798 4980 ria.

243 5028 576 5085 llluminabit
599 5032 932 5097 peccatores,
965 5018 1223 5075 indicabit
1251 5016 1598 5087 peccantibus
1632 5018 1796 5072 viam.

315 5118 402 5173 ιο.
437 5114 702 5170 Universa:
728 5112 827 5167 via
856 5108 1071 5163 Domini
1114 5106 1477 5162 misericordia
1504 5118 1553 5162 et
1579 5109 1794 5171 veritas,

242 5217 349 5264 etc.
378 5205 516 5261 Nam
555 5204 648 5275 qui
692 5201 894 5259 divinis
925 5198 1271 5258 sermonibus
1300 5200 1515 5256 assidue
1546 5201 1799 5255 nutriuu~

1912 4473 2097 4542 μάτων
2122 4473 2219 4526 νῦν
2248 4472 2510 4545 μνησθῇς.
2538 4474 2673 4527 ἀλλά
2699 4474 2796 4542 τῆς
2830 4473 3271 4546 φιλανθρωπίας*
3303 4475 3371 4528 δι’
3402 4470 3474 4545 ἧς

1910 4566 2004 4618 καὶ
2042 4565 2164 4618 τότε
2192 4564 2517 4633 ἀγνοοῦντας
2545 4552 3032 4635 ἐφιλανθρωπεύσος
3092 4564 3181 4622 καὶ
3212 4565 3469 4637 ἠλέησας.

1912 4657 2156 4710 Ἕνεκεν
2188 4656 2296 4724 τῆς
2320 4656 2724 4725 χρηστότητός
2757 4668 2893 4717 σου,
2923 4657 3117 4724 Κύριε.
3150 4656 3224 4709 Οὐ
3251 4656 3359 4729 γὰρ
3381 4656 3474 4711 διὰ

1908 4748 2007 4816 τὴν
2060 4746 2197 4818 ἐμὴν
2243 4746 2434 4811 ἀξίαν,
2487 4745 2623 4799 ἀλλὰ
2667 4746 2756 4799 διὰ
2781 4746 2879 4818 τὴν
2915 4748 3015 4817 σὴν
3061 4746 3470 4819 φιλανθρωπίαν

1910 4836 2097 4890 τούτου
2125 4839 2302 4907 τυχεῖν
2339 4836 2585 4890 ἱκετεύω.
3310 4834 3393 4841 ’Ψ

1976 4926 2078 4981 Διὰ
2104 4927 2279 4982 τοῦτο
2319 4928 2705 4997 νομοθετήσει
2736 4928 3183 4998 ἁμαρτανοντας
3225 4928 3296 4983 ἐν
3326 4926 3469 4992 ὀδῷ.

1903 5019 2129 5073 Φωτίσει
2161 5018 2547 5090 ἁμαρτωλούς·
2586 5019 2852 5085 ὑποδείξει
2879 5022 3281 5093 ἁμαρτάνουσιν
3325 5017 3469 5072 ὁδόν.

1973 5110 2171 5166 Πᾶσαι
2201 5114 2261 5165 al
2304 5112 2431 5167 ὀδοι
2471 5114 2690 5183 Κιιρίου
2739 5115 2911 5181 ἕλεος
2956 5113 3055 5167 καὶ
3099 5112 3370 5179 ἀλήθεια.
3400 5110 3468 5163 Οί

1902 5202 2009 5273 γὰρ
2039 5202 2298 5271 διηνεκῶς
2343 5207 2456 5268 τοῖς
2502 5204 2665 5270 θείοις
2705 5205 3083 5276 ὲντρεφόμενοι
3112 5198 3288 5270 λόγοις
3329 5213 3468 5271 μαν-

244 5309 353 5362 tur,
383 5306 634 5353 accurate
660 5295 910 5351 ediscunt
931 5308 1121 5349 omnes
1133 5291 1435 5347 Salvatoris
1456 5292 1658 5348 Christi
1686 5292 1800 5347 dis-

1988 5310 2154 5347 IOUO‘W
2184 5295 2430 5366 ἀκριϐῶς
2466 5296 2533 5349 δι’
2561 5296 2810 5361 ἐκείνων,
2836 5295 2912 5356 ὡς
2946 5298 3115 5349 πᾶσαι
3147 5292 3241 5347 τοῦ
3282 5291 3468 5361 Σωτῆ-

240 5388 587 5461 pensationes
656 5385 1027 5443 misericordia
1070 5394 1124 5441 et
1166 5384 1393 5441 veritate
1436 5398 1558 5439 esse
1598 5382 1799 5453 permi-

1988 5402 1996 5447 ς
2023 5386 2259 5456 Χριστοῦ
2291 5386 2425 5440 Θεοῦ
2455 5387 2610 5458 ἡμῶν
2634 5386 2931 5457 οἰκονομίαι
2956 5386 3090 5457 ἐλέῳ
3116 5386 3209 5438 καὶ
3237 5381 3467 5454 ἀληθεία

311 5499 678 5572 (9)ηΑηιι)ι·οε.
726 5498 1180 5572 οιιιιίινὰπᾲντωςι.
1234 5497 1350 5553 Mox
1385 5505 1508 5567 post
1537 5495 1681 5565 ζωήν
1728 5492 1811 5564 ad]

1991 5500 2055 5552 ὲκ
2100 5499 2388 5572 προσώπου
2421 5498 2477 5553 δὲ
2524 5489 2679 5561 οὗτος
2717 5496 2809 5551 τοῦ
2859 5497 2983 5552 λαοῦ
3035 5498 3232 5561 παντὸς
3272 5495 3464 5565 δεομέ-

239 5591 328 5629 νου
357 5571 453 5640 τῆς
478 5569 847 5639 αἰχμαλωσίας
878 5569 1269 5638 ἀπαλλαγῆναι.

322 5665 365 5696 ⁸⁸
396 5662 498 5718 lsa.
535 5678 587 5729 ν,
616 5661 706 5719 2i.
