3698 6268
211 295 324 351 με

1342 300 1707 360 EXPOSITIO
1740 305 1807 361 ΙΝ
1844 306 2173 365 PSALMUM
2214 308 2377 364 XXV.

3373 315 3473 370 M6

214 407 674 478 συγ-κέκρανται·
737 411 849 471 τοῖς
908 409 1017 480 γὰρ
1077 412 1538 484 μεταμελομένοις
1595 420 1679 487 ἐφ’
1739 415 1802 485 οἷς

1992 437 2051 476 ιε.
2079 420 2215 477 Nam
2249 424 2317 478 iis
2360 436 2501 491 quos
2527 422 2848 478 delictorum
2891 423 3132 494 poenitet,
3162 425 3475 483 misericor-

210 496 666 568 ἐπλημμέλησαν
693 496 785 551 τὸν
816 496 963 551 ἔλεον
992 499 1085 551 καὶ
1100 496 1207 570 ἰὴν
1231 501 1560 576 συγγνώμην
1589 507 1771 579 ὀρέγει
1792 529 1806 543 ο

210 589 345 651 τοὺς
375 589 438 642 δὲ
475 588 782 660 ἀηττήτους
810 589 913 660 τῆς
944 589 1145 661 ἀρετῆς
1183 591 1421 665 ἀθλητὰς
1446 597 1807 671 ἁνακηρύττει

211 684 310 735 καὶ
354 685 629 750 στεφανοῖ
670 684 767 737 σὺν
810 681 1041 754 ἀληθείᾳ
1067 684 1165 755 τὴν
1193 683 1373 755 ψῆφον
1401 687 1649 760 ἐκφέρων
1670 707 1685 721 ’
1717 696 1809 747 καὶ

214 772 410 843 μέντοι
446 772 551 827 καὶ
580 775 697 837 τοῖς
725 773 1039 846 παρανομίᾳ
1063 773 1414 847 συνεζηκόσι,
1445 778 1541 832 καὶ
1569 798 1807 853 μεταμε-

209 865 334 935 λείᾳ
370 865 457 937 μὴ
492 864 862 936 χρησαμένοις
892 865 1034 921 κατὰ
1060 867 1188 929 τοὺς
1227 867 1328 937 τῆς
1356 867 1614 940 ἀληθείας
1649 874 1808 944 ὅρους

210 955 489 1026 ἐπιφέρει
517 955 621 1020 τὰς
646 956 938 1028 τιμωρίας.

282 1064 433 1136 [Καὶ
479 1065 548 1120 τὸ
587 1066 825 1136 σπέρμα
854 1069 1042 1123 αὐτοῦ
1084 1073 1529 1142 κληρονομήσει
1566 1073 1703 1146 γῆν.
1742 1077 1807 1129 Ai

212 1153 498 1222 πράξεις,
542 1154 746 1226 φησὶν,
790 1158 846 1210 αἱ
889 1158 1178 1229 γενόμεναι
1231 1158 1479 1231 πρόξενοι
1525 1163 1675 1234 αὐτῷ
1715 1164 1806 1218 τοῦ

210 1245 643 1318 κληρονομῆσαι
670 1247 767 1318 τὴν
786 1248 981 1320 νοητὴν
999 1249 1103 1320 γῆν
1120 1265 1135 1285 ο
1152 1253 1472 1324 γενήσονταί
1500 1272 1562 1324 γε
1592 1257 1809 1327 σπέρμα

210 1334 319 1385 τῶν
354 1335 599 1403 ἀγαθῶν
627 1336 862 1409 ἀνδρῶν,
909 1338 976 1391 δι’
1009 1332 1084 1392 ὧν
1126 1342 1250 1405 τοὺς
1284 1342 1423 1396 κατά
1455 1344 1585 1397 Θεὸν
1614 1362 1811 1414 γεννω-

213 1423 425 1494 μένους
464 1426 651 1495 φησίν.

293 1536 680 1607 tatem
714 1538 809 1593 ἐπ’
848 1540 971 1610 ἐμέ.
1014 1544 1106 1596 Δεῖ
1135 1544 1244 1617 γὰρ
1281 1548 1355 1619 μὴ
1402 1548 1627 1614 ὑπτίους
1673 1546 1812 1604 εἶναι

213 1628 307 1680 καὶ
379 1630 863 1695 ἀναπεπτωκότας
888 1672 904 1697 ,
972 1632 1306 1706 θαρροῦντας
1377 1638 1457 1711 τῷ
1516 1640 1656 1694 ἐλέει
1715 1642 1809 1696 τοῦ

211 1720 350 1865 ἓξὲξ
374 1760 394 1785 ,
626 1724 722 1777 καὶ
763 1726 910 1795 ἡμᾶς
939 1727 1212 1800 εἰσφέρειν
1246 1730 1337 1784 τὸν
1381 1732 1468 1787 διὰ
1496 1733 1605 1789 τῶν
1636 1734 1812 1806 ἔργων

218 1843 231 1862 δ
348 1830 408 1867 ν.

218 1830 408 1867 πονον.

1916 515 2058 570 diam
2075 513 2234 568 θεῖοι-ι
2252 522 2308 567 et
2330 513 2540 567 veniam
2570 530 2583 567 :
2614 512 2848 569 invictos
2867 523 3048 568 autem
3073 515 3290 576 virtutis
3311 516 3478 572 athle-

1913 613 2019 667 tas,
2048 603 2283 657 victores
2316 604 2619 668 denuntiat,
2652 615 2705 659 et
2750 614 2977 660 coronat
3017 621 3142 661 cum
3170 608 3397 662 veritate
3422 617 3477 663 et

1912 693 2165 765 aequitate
2204 694 2474 749 calculum
2503 693 2682 750 ferens
2708 714 2721 751 :
2749 710 2843 751 eos
2870 712 3000 752 vero
3037 699 3131 768 qui
3166 699 3219 753 in
3254 712 3477 769 peccato

1914 786 2079 841 vitam
2124 794 2373 856 egerunt,
2405 802 2579 857 neque
2617 788 2928 857 paenitentia
2977 791 3192 861 purgati
3225 799 3373 857 sunt,
3409 806 3476 846 ex

1913 878 2027 933 veri
2052 886 2108 933 et
2139 877 2281 948 aequi
2311 879 2629 950 praescripto
2661 880 2942 951 suppliciis
2977 880 3159 937 allicit.

1982 1095 2096 1167 [15.
2119 1096 2186 1150 Et
2208 1114 2379 1153 semen
2408 1099 2520 1169 ejus
2545 1101 2871 1157 Inereditabit
2895 1112 3111 1158 terram.
3135 1102 3264 1173 Ejus
3293 1118 3479 1173 opera,

1916 1188 2113 1258 inquit,
2159 1190 2212 1244 in
2243 1206 2409 1246 causa
2443 1201 2593 1259 sunt,
2624 1201 2684 1247 ut
2707 1194 2822 1264 ipse
2847 1195 3240 1268 intelligibilem
3277 1207 3480 1253 terram

1916 1278 2229 1337 haereditate
2276 1283 2509 1353 accipiat
2540 1302 2554 1337 :
2601 1293 2763 1339 erunt
2808 1296 2989 1342 autem
3013 1328 3030 1355 ,
3064 1289 3262 1360 inquit,
3292 1305 3479 1345 semen

1916 1371 2058 1443 t'rugi
2085 1372 2349 1439 virorum,
2390 1375 2592 1445 quibus
2634 1375 2883 1448 intelligit
2924 1393 3019 1434 eos
3058 1379 3152 1450 qui
3180 1382 3480 1437 secundum

1914 1465 2085 1520 Deum
2116 1463 2229 1519 nati
2258 1476 2407 1523 sunt.

1985 1576 2201 1647 Respice
2238 1579 2295 1632 in
2327 1595 2426 1633 me.
2458 1577 2682 1650 Oportet
2713 1583 2857 1637 enim
2901 1599 3021 1648 nos,
3056 1585 3392 1642 conﬁdentes
3428 1586 3484 1641 in

1912 1668 2292 1727 misericordia
2321 1669 2437 1731 Dei.
2472 1687 2578 1727 non
2602 1674 2832 1744 supinos
2869 1690 2990 1731 esse
3014 1686 3068 1731 et
3092 1676 3358 1747 abjectos,
3390 1679 3484 1733 sed

1913 1764 2080 1821 etiam
2122 1764 2386 1835 laborem,
2414 1769 2509 1838 qui
2534 1769 2591 1823 in
2621 1770 2846 1839 agendis
2880 1773 3141 1842 occurrit,
3176 1774 3485 1851 exhibere.]

283 1950 379 2007 13.
422 1951 618 2007 Daniel
651 1954 923 2009 Barbarus
952 1972 971 2009 :
996 1956 1190 2011 Anima
1216 1959 1331 2028 ejus
1364 1962 1419 2014 in
1446 1961 1594 2016 bonis
1627 1964 2010 2019 demorabitur.
2044 1965 2301 2021 Actiones
2327 1967 2433 2022 illa:
2463 1984 2584 2038 quae
2602 1970 2669 2026 ad
2702 1972 3118 2030 intellectualem
3146 1984 3344 2029 terram
3373 1978 3484 2028 ha:-

214 2039 1008 2137 reditandam‘conciliatrices
1040 2045 1198 2103 factm
1227 2047 1450 2118 fuerint,
1487 2053 1694 2109 semina
1727 2066 1883 2113 terra:
1912 2059 2042 2114 tient
2072 2060 2342 2117 bonorum
2372 2062 2503 2118 viris
2537 2066 2642 2122 illis
2680 2068 2774 2137 qni
2805 2070 3100 2123 secundum
3127 2067 3294 2123 Deum
3325 2082 3485 2121 reno-

212 2128 523 2187 vabuntur.
578 2132 779 2206 Hujus,
810 2135 1007 2207 inquit,
1049 2154 1240 2196 semen
1273 2143 1615 2203 baereditalnit
1646 2158 1883 2221 terram;
1919 2168 2043 2208 nam
2088 2157 2384 2225 perveniet,
2434 2160 2529 2224 ait,
2565 2128 2867 2217 benedictio
2916 2179 3089 2234 usque
3127 2165 3193 2218 ad
3235 2171 3487 2235 posteros

212 2240 376 2279 SUOS.

284 2340 657 2409 Ιιῖραταὶωμα
713 2344 927 2411 Κύριος
984 2343 1104 2400 τῶν
1158 2350 1544 2420 φοϐουμένων
1592 2356 1802 2409 αὐτόν

1992 2361 2076 2416 Li.
2101 2362 2525 2421 Firmamentum
2550 2376 2627 2423 est
2657 2367 2911 2425 Dominus
2942 2371 3243 2427 timentibus
3282 2386 3402 2425 eum
3433 2380 3485 2424 et

216 2431 312 2481 καὶ
366 2427 631 2497 διαθήκη
672 2432 861 2487 αὐτοῦ
900 2434 1159 2503 δηλώσει
1197 2439 1438 2506 αὐτούς.
1478 2440 1542 2495 Ἢ
1583 2445 1812 2515 εὐαγγεο

216 2521 369 2591 λική.
422 2521 490 2572 Τί
538 2520 597 2574 δὲ
640 2520 907 2594 δηλώσει;
948 2524 982 2596 ἢ
1020 2526 1120 2599 τὴν
1167 2530 1440 2601 σωτηρίας
1484 2532 1621 2587 ὁδόν.
1657 2537 1814 2589 Πᾶσα

212 2611 327 2684 γὰρ
346 2653 366 2678 ,
398 2611 569 2682 φησι,
607 2614 901 2684 νομοθεσία
940 2615 1035 2669 τοῦ
1063 2616 1200 2671 Θεοῦ
1228 2621 1366 2690 πρὸς
1392 2620 1549 2675 τοῦτο
1589 2622 1814 2693 βλέπει,

221 2700 366 2771 πρὸς
392 2700 455 2754 τὸ
484 2702 547 2754 ἐν
575 2702 878 2757 ἀπολαύσει
906 2707 1033 2770 τοὺς
1061 2707 1300 2776 ἀγαθοὺς
1322 2715 1496 2765 ποιεῖν
1526 2706 1599 2767 ὧν
1628 2716 1814 2786 προεί-

221 2794 413 2847 lavso.
440 2794 616 2847 Τοῦτο
640 2794 750 2868 γὰρ
776 2796 927 2865 λέγει
945 2812 959 2826 ⁸
986 2798 1251 2866 Δηλώσει
1291 2803 1512 2868 αὐτοῖς,
1546 2806 1665 2859 ἀντὶ
1698 2804 1815 2874 τοῦ,

221 2888 279 2939 ἐν
303 2887 615 2941 ἀπολαύσει
639 2889 835 2954 αὐτοὺς
858 2894 1189 2964 καταστήσει
1212 2886 1287 2947 ὧν
1316 2897 1653 2967 προείλαντο.

293 2980 370 3031 Αἱ
426 2980 671 3047 θλίψεις
717 2982 826 3051 τῆς
867 2983 1114 3052 καρδίας
1149 3003 1269 3054 μου
1321 2987 1810 3058 ἐπληθύνθησαν.

226 3070 483 3136 Πολλοῖς,
516 3071 684 3142 φησιν
702 3113 719 3136 ,
746 3073 1015 3141 ἀλγεινοῖς
1044 3076 1380 3146 πανταχόθεν
1422 3082 1818 3152 περιστοιχίςο-

228 3181 352 3232 μαι.
385 3164 608 3236 Ταύτην
643 3184 746 3237 μου
774 3167 952 3221 τοίνυν
982 3169 1082 3239 τὴν
1109 3172 1438 3226 ταπείνωσιν
1469 3173 1559 3226 καὶ
1588 3173 1687 3246 τὴν
1721 3191 1815 3230 τα-

224 3254 543 3326 λαιπωρίαν
569 3260 690 3320 ταῖς
719 3260 878 3328 ἐμαῖς
907 3259 1400 3326 ἀντιταλαντεύσας
1426 3266 1812 3337 παρανομίαις,

226 3345 316 3411 ὣς
345 3348 448 3420 τὴν
483 3349 709 3419 ἄφεσιν,
762 3353 859 3406 καὶ
900 3353 999 3424 τὴν
1044 3355 1371 3429 συγγνώμην
1412 3358 1677 3431 πάρασχε.
1719 3361 1814 3416 Ἐκ

228 3435 352 3490 τῶν
397 3438 684 3508 ἀναγκῶν
726 3456 847 3508 μου
885 3440 1154 3521 ,ἐξάγαγέ
1189 3460 1267 3513 με
1290 3461 1303 3473 ο
1346 3445 1411 3497 ὲκ
1438 3444 1546 3500 τῶν
1580 3447 1817 3519 συνεχῶν

230 3546 359 3598 μου.

305 3620 424 3676 Ἴδε
459 3621 574 3689 τὴν
608 3624 971 3678 ταπείνωσιν
1013 3643 1135 3695 μου
1163 3626 1262 3681 καὶ
1307 3627 1415 3681 τὸν
1447 3630 1639 3683 κόπον
1672 3647 1812 3699 μου.

1920 2460 2288 2509 testamentum
2336 2458 2502 2528 ipsius
2552 2459 2911 2529 manifestabit
2963 2462 3091 2517 illis.
3130 2461 3481 2532 Evangelittm

1917 2544 2143 2615 scilicet,
2184 2557 2280 2603 aut
2317 2549 2507 2607 salutis
2536 2552 2706 2607 viam.
2740 2551 2874 2609 Tota
2910 2552 3111 2624 quippe
3153 2553 3238 2608 lex
3278 2554 3485 2615 Christi

1918 2637 2022 2693 hoc
2053 2648 2263 2708 spectat
2296 2651 2354 2696 ut
2384 2630 2584 2712 probos
2618 2645 2819 2714 optatis
2849 2653 2903 2699 et
2924 2646 3146 2700 delectis
3176 2643 3280 2699 l‘rui
3310 2654 3481 2703 curet.

1917 2725 1975 2781 ld
2016 2744 2250 2800 namque
2296 2733 2395 2800 ait,
2422 2734 2781 2803 manifestabit
2833 2737 2966 2801 illis,
3003 2736 3056 2792 id
3084 2746 3188 2802 est,
3215 2736 3485 2805 e-xoptatis

1919 2818 2026 2875 frui
2056 2824 2288 2878 curabit.
3510 2822 3516 2835 ’

1994 2911 2076 2964 l7.
2123 2911 2511 2969 Tribulationes
2558 2916 2730 2969 cordis
2780 2916 2881 2969 mei
2928 2914 3296 2984 multiplicata:
3338 2924 3480 2967 sunt.

1918 2998 2139 3068 Multis,
2184 3004 2396 3075 inquit,
2448 3005 2746 3077 angoribus
2798 3004 3039 3076 undique
3081 3005 3484 3061 circumventus

1921 3108 2064 3148 sum.
2097 3093 2245 3151 Hanc
2271 3096 2456 3167 itaque
2476 3113 2654 3152 meam
2682 3098 3065 3161 humilitatem,
3096 3097 3193 3153 has
3214 3110 3488 3155 aerumnas

1920 3186 2234 3255 appendens
2263 3203 2387 3244 eum
2418 3190 2659 3260 peccatis
2689 3189 2845 3254 meis,
2870 3189 2936 3244 da
2977 3188 3356 3245 remissionem
3393 3200 3483 3242 \e-

1921 3278 2176 3349 niamque
2226 3281 2431 3351 praebe.
2476 3281 2553 3336 De
2592 3282 2987 3337 necessitatibus
3036 3283 3162 3337 meis
3210 3298 3336 3337 erue
3373 3297 3488 3347 me,

1918 3372 2138 3428 assidue
2167 3375 2370 3430 scilicet
2395 3375 2783 3444 prementibus.

1993 3639 2080 3695 l8.
2133 3638 2258 3693 Vide
2300 3638 2653 3693 humilitatem
2700 3655 2867 3693 meam
2913 3650 2962 3693 et
3018 3639 3252 3694 laborem
3291 3654 3481 3692 meum.

231 3715 325 3764 Δεῖ
352 3712 468 3784 γὰρ
497 3713 575 3785 μὴ
610 3714 836 3779 ὑπτίους
867 3712 1002 3769 εἶναι
1036 3717 1131 3770 καὶ
1171 3719 1648 3789 ἁναπεπτωκότας,
1681 3722 1802 3793 θαρη

1992 3736 2147 3784 tortct
2191 3729 2337 3785 enim
2376 3744 2486 3785 non
2525 3729 2751 3799 supinos
2791 3738 2844 3783 et
2875 3728 3060 3782 animo
3103 3730 3303 3784 tractos
3340 3744 3483 3793 esse,

234 3803 468 3873 ῥέοντας
501 3805 579 3875 τῷ
607 3806 747 3859 ἐλέει
778 3806 870 3860 τοῦ
900 3807 1034 3861 Θεοῦ
1056 3826 1068 3838 ·
1106 3809 1242 3863 ἀλλὰ
1271 3809 1381 3885 γὰρ
1422 3812 1693 3885 εἰσφέρειν
1727 3812 1817 3865 τὸν

228 3895 324 3948 διὰ
346 3897 461 3948 τῶν
484 3897 662 3968 ἔργων
691 3899 872 3955 πόνον.

314 3986 431 4041 Ἴδε
459 3989 602 4055 τοὺς
627 3990 883 4059 ἐχθρούς
900 4010 1040 4062 μου,
1074 3993 1165 4047 ὅτι
1185 3994 1671 4062 ἐπληθύνθησαν.
1708 3995 1820 4049 Καὶ

234 4079 350 4132 ἀπὸ
378 4081 482 4151 τῆς
526 4082 742 4146 ἀδικίας
781 4083 888 4136 τῶν
926 4084 1138 4157 ἐχθρῶν
1189 4087 1269 4149 είς
1315 4085 1462 4140 ἔλεον
1509 4086 1819 4141 ἐκκαλεῖται

238 4170 330 4223 τὸν
355 4171 515 4225 θεόν.

310 4265 556 4317 Ἄκακοι
598 4265 697 4318 καὶ
738 4265 931 4331 εὐθεῖς
960 4266 1303 4321 ἐκολλῶντό
1337 4284 1460 4336 μοι.
1512 4268 1623 4322 Καὶ
1660 4268 1818 4321 τοῦτο

240 4354 371 4407 ἴδιον
419 4355 658 4426 ἀρετῆς,
702 4356 762 4408 τὸ
799 4359 977 4426 μισεῖν
1025 4358 1124 4428 μὲν
1153 4357 1263 4411 τῶν
1310 4357 1526 4427 φαύλων
1558 4358 1658 4423 τὰς
1690 4376 1817 4412 συν-

235 4446 429 4509 ουσίας
453 4486 470 4509 ,
499 4446 629 4509 τοὺς
667 4447 727 4501 δὲ
753 4447 852 4519 τὴν
883 4448 1107 4520 ἰσότητα
1133 4448 1407 4520 τιμῶντας
1448 4451 1541 4507 καὶ
1565 4450 1820 4521 εύθύτητι

240 4539 558 4609 χρωμένους
594 4537 847 4610 συνήθεις
873 4538 1018 4610 ἔχειν
1046 4540 1138 4596 καὶ
1162 4540 1350 4609 φίλους
1367 4557 1382 4571 ’
1414 4541 1572 4595 τοῦτο
1595 4541 1704 4612 γὰρ
1728 4542 1822 4599 καὶ

239 4645 269 4681 ο
316 4631 606 4702 προφήτης
656 4630 761 4701 ἔφη
811 4631 1204 4702 πεποιηκέναι,
1244 4631 1341 4686 ἅτε
1384 4632 1449 4705 δὴ
1500 4633 1822 4705 θεραπεύειν

240 4722 400 4778 τοῦτο
426 4722 521 4776 τὸν
544 4722 826 4793 Δεσπότην
854 4722 1173 4794 ἡγούμενος.

407 4835 517 4897 Ε’ίς
540 4832 609 4886 τὸ
636 4832 811 4899 τέλος
846 4836 1154 4889 ΨΑΛΜΟΣ
1181 4833 1261 4900 τῷ
1285 4834 1483 4889 Δαυϊδ.
1511 4834 1643 4890 KE’.

882 4925 1203 4991 ’Υπόθεσις.

242 5037 365 5092 Τῶν
387 5039 831 5093 πεπιστευκότων
860 5040 941 5102 εἰς
970 5038 1202 5111 Χριστὸν
1224 5039 1535 5111 εἰσφέρεται
1562 5041 1623 5094 τὸ
1654 5042 1824 5114 πρόσ-

311 5148 461 5185 ωπον
494 5130 846 5202 ἀρνουμένων
873 5130 969 5185 καὶ
992 5130 1469 5204 διισχυριζομένων
1495 5133 1587 5185 ἐπὶ
1621 5135 1687 5203 τῇ
1722 5150 1822 5187 κα-

313 5224 576 5279 ταστάσει
617 5224 715 5295 τῆς
759 5224 1041 5287 κοινωνίας
1086 5223 1196 5278 τῶν
1245 5224 1510 5279 Ἰουδαίων
1543 5224 1653 5278 τῶν
1698 5241 1822 5279 συν-

313 5314 655 5386 εληλυθότων
675 5311 818 5365 κατὰ
838 5312 933 5365 τοῦ
955 5314 1163 5385 Κυρίου
1190 5314 1283 5366 καὶ
1307 5312 1446 5366 κατὰ
1473 5312 1819 5384 τοῦ’Χριστοῦ

312 5407 501 5464 αὐτοῦ.

315 5525 535 5597 Κρῖνόν
555 5541 667 5594 με,
691 5523 866 5591 Κύριε
889 5562 903 5585 ,
947 5520 1034 5575 ὅτι
1061 5521 1175 5592 ἐγὼ
1212 5522 1280 5574 ἐν
1312 5522 1528 5588 ἀκακία
1547 5539 1666 5590 μου
1687 5520 1827 5573 ἐπο-

244 5621 484 5688 ρεύθην.
526 5616 794 5671 Ἀκακξαν
817 5614 974 5667 καλεῖ
998 5614 1059 5668 τὸ
1085 5614 1160 5686 μὴ
1193 5615 1480 5685 μετασχεῖν
1506 5614 1605 5681 τῆς
1637 5610 1833 5681 φαυλόο

252 5729 406 5782 τητος
446 5712 542 5768 καὶ
570 5710 674 5780 τῆς
703 5706 960 5771 ἀπονοίας
1006 5705 1113 5760 τῶν
1163 5704 1446 5759 Ἰουδαίων.
1486 5705 1597 5759 Καὶ
1626 5702 1724 5757 ἐπὶ
1754 5699 1835 5767 τῷ

1920 3820 2148 3875 ﬁdentes
2202 3819 2591 3877 misericordia:
2638 3816 2757 3884 Dei,
2786 3818 2879 3874 sed
2924 3817 3117 3873 afferte
3149 3834 3374 3889 operum
3408 3819 3489 3874 la-

1919 3913 2127 3967 berem.

1992 4001 2078 4055 l9.
2110 4000 2327 4073 Respice
2368 4002 2610 4057 inimicos
2657 4017 2818 4067 meos,
2849 4002 3099 4071 quoniam
3151 4000 3490 4070 multiplicati
3526 4032 3531 4036 ι

1919 4103 2063 4149 sunt.
2104 4094 2180 4149 Ex
2220 4094 2570 4150 inimicorum
2616 4093 2906 4163 iniquitate
2936 4100 3151 4162 sumpta
3180 4093 3488 4158 occasione,

1921 4186 2092 4243 Deum
2123 4196 2286 4243 vocat
2311 4187 2380 4241 ad
2411 4187 2863 4243 misericordiam.

1989 4281 2080 4336 2|.
2136 4280 2446 4337 Innocentes
2486 4290 2537 4335 et
2564 4281 2689 4335 recti
2729 4279 3064 4334 adhteserunt
3098 4278 3245 4330 mihi.
3288 4276 3354 4331 Et
3387 4293 3491 4333 noc

1921 4376 2203 4444 proprium
2237 4373 2455 4429 virtutis
2495 4383 2600 4441 est,
2646 4373 3021 4443 improborum
3049 4385 3379 4441 congressus
3407 4370 3492 4425 fu-

1924 4480 2067 4534 gere,
2103 4465 2243 4535 tequi
2275 4476 2455 4523 autem
2491 4473 2546 4521 et
2570 4465 2707 4520 recti
2742 4465 2982 4519 cultores
3010 4465 3065 4519 in
3109 4464 3303 4520 amicis
3325 4472 3383 4520 et
3410 4463 3492 4519 la-

1926 4556 2231 4612 miliaribus
2288 4557 2506 4612 habere.
2536 4555 2653 4612 lloe
2687 4557 2854 4613 etiam
2895 4555 3165 4627 Propheta
3205 4573 3265 4613 se
3296 4557 3495 4614 fecisse

1927 4651 2004 4705 ait
2031 4667 2046 4707 :
2079 4658 2234 4707 ratus
2257 4648 2520 4705 nimirum
2548 4649 2603 4705 id
2635 4664 2760 4705 esse
2783 4647 3076 4707 Dominum
3109 4649 3308 4709 colere.

2138 4763 2191 4817 1.
2225 4761 2294 4817 In
2324 4762 2482 4832 ﬁnem
2512 4760 2747 4817 PSALM
2759 4760 2848 4817 US
2882 4762 3070 4817 David.
3100 4760 3280 4816 XX-V.

2516 4859 2917 4929 Argumentum.

1928 4972 2209 5030 inducitur
2239 4989 2469 5045 persona
2495 4989 2687 5031 eorum
2731 4975 2824 5044 qui
2857 4973 3205 5029 crediderunt
3248 4973 3304 5027 in
3336 4970 3496 5029 Chri-

1998 5076 2164 5131 stum,
2186 5067 2509 5137 negantibus
2526 5068 2729 5122 interea
2755 5076 2808 5122 et
2823 5064 3323 5123 contradicentibus
3345 5080 3497 5120 com-

1999 5159 2276 5214 munionis
2317 5158 2691 5213 constitutioni
2732 5155 2957 5223 Iudaeis,
2993 5154 3086 5225 qni
3130 5168 3499 5213 convenerant

2000 5252 2261 5307 adversus
2292 5248 2579 5306 Dominum
2608 5259 2664 5306 et
2694 5249 2955 5304 adversus
2979 5245 3257 5304 Christum
3288 5249 3425 5320 ejus.

1995 5514 2195 5568 Judica
2240 5530 2339 5577 me,
2388 5512 2639 5575 Domine,
2687 5512 2936 5583 quoniam
2970 5526 3062 5583 ego
3104 5511 3159 5564 in
3202 5507 3502 5563 innocentia

1930 5624 2045 5665 mea
2080 5608 2346 5677 ingressus
2384 5621 2523 5659 sum.
2558 5602 2928 5658 Innocentiam
2962 5602 3095 5658 dicit
3118 5617 3226 5657 non
3257 5610 3505 5655 commu-

1932 5700 2117 5756 nicare
2144 5713 2267 5754 cum
2292 5697 2515 5767 perﬁdia
2543 5705 2595 5754 ct
2619 5696 2835 5752 vesania
2857 5693 3191 5752 Judazorum.
3216 5686 3288 5744 Ei
3312 5690 3367 5743 in
3396 5688 3506 5740 Do-
