3698 6268
290 271 389 325 ΗἸ

1137 276 1194 331 S.
1235 275 1606 334 ΑτιιΑΝΑδιι
1643 278 1794 336 OPP.
1837 279 2021 335 PARS
2059 277 2145 336 ΙΙΙ.
2186 306 2258 319 -
2295 278 2707 335 EXEGETICA.
2766 272 2775 283 ³

3412 278 3529 334 με

285 390 427 442 mino
451 404 796 459 sperans-nan
820 391 1144 461 inﬁrmabor.
1174 393 1309 448 Cum
1343 396 1396 448 in
1432 404 1483 450 te
1508 411 1659 465 spem
1683 396 1793 451 salu

1985 397 2140 464 ῐυρίῳ
2171 396 2423 457 ἐλπίζων
2460 398 2533 449 οὺ
2560 395 2646 465 μὴ
2674 393 3011 462 ἀσθειῆσω.
3048 392 3297 457 Βεδαίαν,
3327 392 3511 462 φησιν,

253 474 352 531 'tis
378 492 656 549 reponam,
688 479 919 536 ﬁrmiter
948 490 1001 536 et
1036 481 1293 537 immotus
1331 486 1646 539 consistam.

345 656 402 712 9.
438 656 619 711 Ρνοὺα
638 674 736 721 me,
767 659 1005 723 Domine,
1032 670 1081 714 et
1105 670 1247 714 tenta
1272 677 1371 714 me.
1397 660 1456 716 Si
1487 664 1837 734 pervestiges,

275 747 479 818 inquit,
506 748 770 817 profunda
823 751 1019 805 animae
1063 767 1217 816 meae,
1263 752 1319 806 in
1366 760 1417 806 te
1459 753 1577 808 solo
1619 768 1835 810 omnem

277 839 477 895 mentis
519 841 939 897 sollicitudinem
980 859 1068 898 me
1134 859 1397 913 reponere
1444 845 1830 915 deprehendes.

281 930 436 996 Quod
461 945 584 986 cum
609 947 785 1003 agam,
804 942 1062 1005 acceptus
1080 951 1176 991 ero
1198 936 1313 1001 tibi,
1341 946 1447 992 tute
1462 939 1668 994 scilicet
1691 940 1836 995 veri-

272 1024 400 1079 tatis
425 1039 635 1081 amans.

1948 486 2053 551 ἒξω
2099 486 2198 557 τὴν
2229 487 2418 540 στάσιν
2485 488 2564 547 είς
2593 472 2660 537 te
2691 485 2791 547 τὰς
2834 483 3055 546 ἐλπίδας
3099 481 3200 552 τῆς
3238 481 3513 552 σωτηρίας

1947 578 2420 650 ἀπογραψάμενος.

2015 671 2353 738 Δοκίμασόν
2370 687 2468 738 με,
2496 671 2700 737 Κύριε,
2729 668 2827 721 καί
2863 666 3154 735 πεφασόν
3175 681 3274 734 με.
3318 664 3383 719 Ei
3425 663 3515 729 ἔξ-

1944 760 2145 833 ετάσῃς
2182 761 2279 831 τῆς
2303 759 2480 830 ψυχῆς
2513 777 2615 831 μου
2654 758 2722 812 τὰ
2748 757 2887 828 βάθη
2910 796 2926 820 ,
2973 757 3170 828 φησὶν,
3202 756 3295 808 ἐπὶ
3328 754 3407 826 τῷ
3433 755 3512 825 et}:

1947 851 2093 922 μόνῳ
2120 850 2371 922 εὑρήσεις
2400 850 2539 904 ἐλέει
2570 850 2748 904 πάντα
2778 864 2877 919 μου
2911 848 3010 916 τῆς
3037 846 3273 908 διανοίας
3300 846 3390 898 τὸν
3412 845 3514 898 πό-

1942 959 2031 995 νον
2077 943 2426 1011 ἐπανέχοντα.
2458 940 2625 993 Τοῦτο
2668 939 2724 992 δὲ
2769 937 2938 992 ποιῶν
2982 938 3272 1007 εὐάρεστος
3316 934 3513 1006 ἔσομαι

1944 1031 2096 1103 παρὰ
2122 1032 2206 1085 σοὶ
2235 1031 2332 1102 τὴν
2362 1032 2460 1102 σὴν
2488 1032 2781 1102 ἀγαπήσας
2811 1027 3088 1100 ἀλήθειαν.

337 1158 531 1214 Daniel
563 1161 837 1216 Barbarus
858 1178 877 1216 :
910 1161 1014 1218 Ure
1043 1180 1188 1218 renes
1217 1180 1378 1220 meos.
1408 1164 1575 1232 Quasi
1601 1133 1766 1233 dicat,
1802 1168 2073 1222 succende
2103 1177 2158 1223 et
2180 1170 2432 1223 examina
2469 1166 2689 1221 intimas
2718 1165 2887 1219 animi
2920 1165 3026 1219 mei
3055 1163 3431 1234 cogitationes,
3452 1171 3529 1220 et

269 1264 610 1324 tmerutare
638 1272 707 1311 an
742 1258 816 1312 ita
846 1273 932 1314 me
962 1259 1137 1315 habeo
1168 1268 1239 1314 ut-
1258 1260 1401 1315 dico.
1436 1260 1605 1317 Porro
1631 1262 1736 1317 alia
1769 1270 1857 1318 est
1908 1262 1995 1318 hic
2033 1263 2320 1319 suecensio
2349 1260 2589 1327 Domini,
2622 1275 2785 1331 quam
2827 1258 3097 1328 PrOpheta
3143 1267 3312 1328 optat,
3339 1257 3408 1313 ab
3438 1273 3508 1313 ea

266 1364 390 1418 quae
419 1349 481 1404 lit
503 1350 819 1406 ardentibus
851 1351 1074 1424 maligni
1104 1353 1336 1424 sagittis.
1369 1352 1505 1409 Nam
1534 1353 1800 1412 Dominus
1830 1356 2104 1412 deteriora
2141 1354 2437 1421 consumit,
2469 1362 2524 1407 et
2552 1367 2710 1408 renes
2750 1359 2806 1407 et
2832 1350 2998 1406 corda
3029 1356 3324 1420 expurgat;
3350 1348 3529 1402 mali—A

264 1456 406 1510 gnus
432 1450 615 1497 autem
642 1442 897 1499 libidines
941 1452 997 1500 et
1029 1444 1253 1501 allectus
1286 1446 1520 1508 excitat;
1555 1458 1841 1520 propterea
1872 1450 2016 1521 ignis
2046 1452 2140 1520 qul
2170 1449 2225 1503 in
2260 1448 2396 1503 rubo
2434 1456 2551 1502 erat
2580 1461 2688 1501 non
2720 1444 2945 1509 exarsit,
2978 1442 3072 1514 qui
3126 1456 3254 1496 vero
3280 1440 3335 1495 in
3360 1440 3533 1511 judi-
3582 1454 3585 1455 '

263 1532 588 1601 cibusest‘,"
618 1547 682 1587 ex
714 1534 945 1590 rhamno
968 1535 1287 1591 comburere
1312 1535 1549 1593 dicitur.

333 1647 388 1702 6.
413 1645 535 1700 Non
555 1647 667 1701 sedi
687 1663 805 1700 cum
830 1648 1049 1702 consilio
1067 1650 1336 1704 vanitatis.
1356 1624 1793 1722 Iniquissimorut

2003 1649 2122 1702 Οὐκ
2152 1647 2401 1702 ἐκάθισα
2423 1644 2574 1715 μετὰ
2603 1645 2926 1714 συνεδρίου
2963 1644 3373 1714 ματαιότητος.
3396 1645 3534 1698 Σαο.

257 1738 461 1810 judaici
492 1739 673 1810 populi
714 1739 1353 1811 principum.consilium
1393 1744 1537 1815 apud
1578 1741 1829 1812 eum.qu

260 1828 424 1885 corda
464 1829 615 1885 novit
645 1837 699 1884 et
734 1839 1009 1886 scrutatur
1039 1841 1224 1903 aperte
1256 1838 1417 1904 negat
1447 1842 1502 1888 et
1530 1830 1754 1902 respuit.

330 2005 379 2060 6.
415 2005 626 2063 Lavabo
672 2008 808 2065 inter
846 2009 1141 2065 innocentes
1181 2025 1368 2064 manus
1412 2026 1572 2067 meas.
1624 2007 1823 2071 Purus,

260 2097 459 2167 inquit,
491 2112 588 2154 ero
622 2114 652 2153 a
684 2098 1005 2155 foedissimis
1046 2117 1235 2157 eorum
1268 2102 1455 2171 gestis.
1493 2102 1559 2155 Et
1594 2102 1823 2155 circum-

256 2186 392 2241 etwa
414 2187 585 2241 altare
610 2199 778 2255 tuum,
812 2188 1055 2243 Domine.
1088 2191 1287 2261 Aperte
1322 2192 1376 2244 in
1411 2191 1558 2245 hisce
1585 2190 1825 2245 rationa-

257 2278 417 2336 bilem
448 2279 702 2348 praedicat
726 2280 956 2334 cultum.

324 2368 377 2425 8.
406 2369 651 2439 Domine,
677 2371 842 2425 dilexi
869 2371 1105 2427 decorem
1126 2372 1311 2428 domus
1341 2381 1465 2428 tute.
1501 2373 1716 2446 [Cupio,
1740 2374 1823 2428 in-

252 2462 392 2531 quit,
424 2462 664 2517 divinam
691 2463 916 2517 domum
950 2464 1135 2518 videre
1169 2472 1346 2532 tuam,
1377 2480 1500 2535 qua:
1526 2464 1696 2535 gratia
1728 2472 1820 2518 tua

252 2552 738 2626 refulget.]‘Decor
770 2555 969 2610 domus
991 2563 1119 2610 sunt
1142 2558 1236 2625 qui
1264 2565 1455 2613 ornate
1487 2564 1540 2610 et
1564 2555 1821 2626 religiose

251 2644 304 2700 in
332 2643 575 2700 Ecclesia
601 2646 825 2717 degunt.

324 2736 377 2791 9.
415 2735 499 2791 Ne
522 2737 712 2807 perdas
754 2753 871 2791 cum
898 2739 1073 2809 impiis
1097 2741 1330 2793 animum
1367 2754 1558 2804 nteant.
1584 2738 1758 2810 Rogat
1788 2753 1817 2793 a

251 2827 519 2900 supplicio
544 2828 709 2885 eximi
725 2828 931 2885 Iudaeis
955 2840 1167 2901 parato.

320 3008 407 3063 10.
441 3007 507 3063 In
534 3027 756 3080 quorum
795 3012 1037 3068 manibus
1078 3014 1378 3084 iniquitates
1413 3023 1557 3077 sunt,
1598 3016 1813 3070 dextera
1839 3028 1883 3086 ο

246 3113 427 3152 eorum
463 3099 661 3169 repleta
686 3110 763 3155 est
786 3103 1105 3157 muneribus.
1133 3104 1242 3159 Aut
1260 3105 1387 3174 quia
1418 3104 1579 3161 donis
1599 3105 1691 3175 jus
1711 3105 1813 3176 ipsi

247 3198 636 3255 perverterent.
664 3205 759 3247 aut
803 3195 931 3264 quia
970 3195 1132 3252 donis
1166 3198 1497 3265 proditorem
1535 3194 1813 3269 corrupis-

247 3289 410 3347 sent;
438 3292 533 3336 aut
560 3284 685 3353 quin
716 3284 917 3355 injuste
956 3298 1229 3357 raperent,
1271 3288 1394 3345 ideo
1421 3289 1697 3345 dexteram
1721 3305 1814 3346 eo-

244 3385 367 3423 rum
403 3371 681 3441 replebant
709 3377 1051 3433 muneribus.

280 3462 333 3515 l.
363 3461 597 3518 PSALM
609 3464 697 3522 US
729 3467 899 3524 David
918 3472 1225 3541 priusquam
1251 3474 1515 3528 ﬁniretur.
1549 3472 1653 3527 XX
1668 3472 1762 3526 γι.

840 3567 877 3615 Α
892 3574 1239 3633 rgumentum.

244 3641 663 3703 instructionem
730 3638 994 3709 adversus
1050 3654 1241 3711 hostes
1296 3657 1676 3726 complectitur
1723 3653 1811 3709 hic

311 3731 584 3800 Psalmus,
613 3754 734 3808 qua
784 3756 856 3795 ex
903 3741 1062 3800 bonis
1106 3744 1209 3800 sibi
1238 3760 1268 3800 a
1299 3744 1409 3801 Deo
1433 3744 1645 3801 collatis
1680 3753 1809 3799 nota

316 3834 458 3893 erat,
488 3838 649 3900 atque
698 3846 825 3887 cum
876 3834 1219 3893 confessione
1263 3846 1421 3909 regat
1456 3835 1712 3891 secundis
1751 3851 1810 3891 se

314 3918 475 3975 donis
521 3923 727 3993 augeri.
761 3924 893 3980 Illud
922 3936 1100 3983 autem
1130 3946 1143 3983 :
1173 3930 1472 4001 Antequam
1504 3937 1806 3999 angeretur,

311 4010 604 4080 significat,
644 4014 822 4085 ipsum
862 4018 1050 4075 divino
1097 4020 1304 4093 Spiritu
1350 4022 1682 4093 prospicere,
1706 4036 1808 4075 un-

309 4102 545 4169 gendum
569 4119 629 4159 se
654 4104 768 4162 fore
790 4108 843 4162 in
871 4125 1073 4181 regem,
1104 4112 1602 4183 tentationihusque
1630 4111 1806 4181 impe-

308 4192 556 4250 tendum.
583 4195 923 4258 Fortitudine
950 4203 1165 4259 lumbos
1193 4204 1520 4275 praecinctus
1565 4202 1631 4257 ad
1661 4201 1809 4281 peri-

306 4284 431 4339 cula
454 4288 823 4359 propulsanda
845 4292 1140 4349 admodum
1171 4295 1555 4366 prmmuuitur.

1932 1737 2049 1808 φῶς
2075 1737 2167 1791 ἐπὶ
2198 1736 2291 1791 τοῦ
2321 1737 2520 1801 εἰδότος
2546 1737 2646 1801 τὰς
2671 1736 2899 1808 καρδίας
2936 1736 3147 1800 ὲτάζειν
3170 1735 3231 1789 τὸ
3258 1736 3366 1789 τῶν
3400 1754 3510 1789 πα-

1933 1830 2325 1901 ρανομωτάτων
2365 1829 2642 1901 ἀρχόντων
2674 1826 2767 1881 τοῦ
2806 1826 3071 1882 Ἰουδαίων
3112 1827 3295 1892 ἔθνους
3325 1829 3511 1900 ἀρνεῖ-

1927 1937 2016 1983 ται
2054 1920 2347 1993 συνέδριον.

1996 2012 2259 2081 [VIp-opai
2302 2011 2371 2064 ἐν
2416 2009 2627 2076 ἀθώοις
2664 2009 2770 2075 τὰς
2815 2009 3016 2079 χεῖράς
3053 2027 3193 2078 μου.
3247 2008 3515 2081 Καθαρὸς

1926 2103 2153 2175 ἔσομαι,
2188 2102 2348 2173 φησι,
2389 2100 2496 2154 τῶν
2526 2102 2822 2171 μιαιφόνων
2865 2100 3044 2156 αὐτῶν
3079 2099 3350 2172 πράξεων.
3388 2100 3511 2155 Καὶ

1926 2194 2217 2249 κυκλώσω
2246 2192 2314 2247 τὸ
2347 2192 2777 2262 θυσιαστήριόν
2804 2207 2942 2257 σου,
2977 2194 3172 2258 Κύριε.
3205 2191 3400 2260 Σαφῶς
3440 2194 3531 2251 ἐν.

1924 2285 2131 2350 τούτοις
2159 2286 2257 2357 τὴν
2290 2285 2512 2355 λογικὴν
2545 2284 2909 2356 ἀνακηρύττει
2932 2283 3215 2363 λατρείαν..

1993 2376 2500 2446 Κύριε,,ἡγά.τησα
2526 2375 2885 2443 εὐπρέπειαν
2910 2375 3081 2429 οῖκου
3108 2391 3244 2431 σου.
3291 2376 3500 2449 [Ποθῶ.

1924 2467 2089 2538 φησι,
2132 2466 2221 2519 τὸν
2266 2466 2407 2519 θεῖον
2451 2462 2597 2520 οἷκον
2632 2466 2756 2521 ἰδεῖν
2775 2504 2790 2529 ν
2823 2466 2914 2519 τὸν
2958 2466 3057 2536 τὴν
3102 2466 3201 2537 σὴν
3238 2466 3507 2521 ἀποστίλ-

1922 2558 2084 2612 ϐοντα
2111 2556 2318 2630 χάριν.]
2349 2558 2684 2629 Εὑπρὲπεια,
2712 2556 2803 2615 τοῦ
2842 2556 3069 2610 οίκουιοί
3104 2557 3529 2627 διαπρέποντες

1920 2651 1978 2703 ὲν
2002 2654 2067 2721 τῇ
2111 2649 2405 2720 Ἐκκλησία⁵
2435 2649 2523 2703 διὰ
2552 2647 2878 2712 θεοσεϐείας.

1992 2740 2087 2809 Μὴ
2118 2738 2550 2807 συναπολέσῃς
2565 2738 2715 2807 μετὰ
2738 2735 2971 2792 ἀσεϐῶν
2993 2737 3107 2805 τὴν
3125 2737 3335 2807 ψυχήν
3345 2756 3493 2808 μου.

1924 2832 2070 2897 Ἐξω
2102 2831 2203 2903 τῆς
2224 2831 2499 2896 κολάσεως
2531 2830 2781 2907 γενέσθαι
2810 2828 3031 2899 εὔχεται
3066 2830 3165 2900 τῆς
3195 2829 3527 2901 ἀποκειμέ-ι.

1918 2940 2017 2994 νης
2041 2926 2154 2987 τοῖς
2186 2922 2477 2987 Ἰουδαίοις.

1987 3010 2097 3068 Ὧν
2119 3014 2188 3068 ἐν
2214 3015 2428 3083 χερσὶν
2457 3016 2517 3066 al
2538 3012 2796 3081 ἀνομίαι,
2830 3015 2869 3081 ἡ
2895 3013 3059 3078 δεξιὰ
3081 3010 3278 3066 αὐτῶν
3294 3011 3495 3081 ἐπλή-

1918 3110 2034 3175 σθη
2062 3105 2280 3174 δώρων.
2316 3106 2384 3158 Ἦ
2410 3104 2485 3169 ὡς
2510 3104 2604 3170 καὶ
2624 3104 2802 3169 αὐτῶν
2826 3104 3014 3176 δώροις
3044 3104 3497 3176 παρακρινόντων

1916 3200 1975 3251 τὸ
1997 3198 2220 3261 δίκαιον,
2239 3197 2272 3267 ἢ
2296 3196 2385 3249 διά
2408 3196 2469 3248 τὸ
2495 3195 2686 3267 δώροις
2702 3197 2793 3249 τὸν
2811 3196 3073 3267 προδότην
3086 3195 3491 3267 ἐξωνήσασθαιο

1915 3292 1947 3363 ἢ
1989 3288 2175 3361 ἐπειδὴ
2217 3288 2524 3361 ἡρπάζοντο
2562 3287 2793 3360 ἀνομίαν
2816 3304 2830 3317 ⁶
2877 3288 2965 3342 διὰ
2995 3287 3151 3355 τοῦτο
3177 3286 3271 3357 τὴν
3305 3286 3493 3354 δεξιὰν

1916 3383 1982 3436 αὖ
1990 3382 2093 3435 τῶν
2123 3380 2390 3453 ἐπλήρουν
2416 3379 2625 3453 δώρων.

1956 3474 2264 3528 ΨΑΛΜΟΣ
2311 3471 2413 3526 τοῦ
2444 3471 2625 3525 Δαυῒδ
2651 3471 2764 3538 πρὸ
2797 3470 2902 3525 τοῦ
2930 3469 3268 3540 χρισθῆναι.
3304 3473 3445 3539 ΚΤ.

2534 3561 2857 3627 ’Υπόθεσιᾳ

1914 3654 2163 3725 Περιέχει
2197 3656 2225 3706 ὁ
2265 3653 2478 3724 ψαλμδς
2518 3655 2817 3725 κατήχησιν
2857 3655 2975 3708 κατ’
3005 3652 3233 3723 ἐχθρῶν,
3276 3651 3367 3720 ἀφ’
3406 3641 3490 3704 ὧν

1984 3746 2082 3816 ἤδη
2110 3743 2328 3809 ἐδέξατο
2357 3744 2506 3815 παρὰ
2538 3743 2672 3796 Θεοῦ
2698 3743 3125 3815 γινωσκομένην,
3152 3743 3245 3797 καὶ
3270 3743 3489 3813 αἴτησιν

1983 3834 2251 3907 δευτέρων
2297 3834 2515 3904 ἀγαθῶν
2569 3836 2688 3906 μετ’
2752 3835 3206 3907 ὲξομολογήσεως.
3253 3833 3326 3887 Τὸ
3382 3832 3485 3900 δὲ,

1980 3928 2093 3997 πρὸ
2150 3928 2255 3983 τοῦ
2308 3926 2665 3997 χρισθῆναι,
2721 3930 2895 3981 ἐκεῖνο
2931 3928 3204 3999 σημαίνει,
3248 3927 3351 3989 ὅτι,
3402 3925 3488 3996 τῷ

1980 4018 2256 4090 Πνεῦματι
2292 4017 2370 4089 τῷ
2396 4017 2524 4089 θείῳ
2568 4018 2969 4091 προεωρακὼς,
3010 4017 3085 4083 ὡς
3125 4017 3484 4089 χρισθήσεται

1983 4110 2081 4180 μὲν
2126 4111 2205 4173 εἰς
2250 4108 2507 4179 βασιλέα,
2542 4110 2830 4182 περιπέσει
2860 4110 2917 4163 δὲ
2961 4113 3072 4174 τοῖς
3118 4111 3485 4182 πειρασμοῖς.

1979 4199 2197 4270 ἀνδρείᾳ
2233 4198 2675 4270 περιζωσάμενος
2711 4199 2807 4271 τὴν
2850 4200 3021 4269 ὀσφὺν
3062 4196 3119 4252 εὖ
3158 4198 3301 4269 μάλα
3345 4199 3483 4267 περὶ

1978 4289 2105 4352 τοὺς
2132 4286 2404 4350 κινδύνους
2437 4287 2782 4342 ἀντισοῦσθαι
2806 4287 3228 4355 διαϐεϐαιοῦται.

304 4434 504 4504 Adjicit
532 4435 726 4493 Daniel
751 4438 1024 4503 Barbarus
1055 4458 1074 4496 :
1107 4440 1413 4499 Vicesimus
1444 4450 1652 4506 sextus,
1676 4440 1964 4512 septimus,
1999 4446 2226 4494 octavus
2259 4446 2313 4494 et
2341 4453 2519 4494 nouus
2558 4438 2750 4509 psalmi
2786 4438 2928 4493 idem
2960 4438 3157 4493 nabent
3187 4453 3484 4509 argumen-

228 4535 367 4581 tum.
396 4527 674 4599 Siquidem
718 4533 964 4602 subjecto
990 4536 1046 4589 in
1079 4535 1334 4608 Assyrios
1368 4538 1559 4593 eodem
1599 4552 1664 4591 ex
1708 4547 1945 4604 persona
1980 4532 2121 4588 beati
2151 4530 2396 4587 Ezechias
2425 4533 2703 4595 dicuntur,
2735 4530 3060 4601 praedicente
3106 4529 3296 4594 David,
3321 4540 3375 4585 et
3406 4535 3480 4586 ad

228 4626 333 4678 hoc
366 4636 751 4696 argumentum
775 4638 1066 4687 revocante
1099 4629 1372 4702 Propheta
1417 4633 1567 4687 illius
1598 4644 1911 4702 personam,
1942 4626 2017 4682 ita
2049 4635 2109 4683 ut
2141 4628 2326 4683 eadem
2367 4627 2529 4681 verba
2574 4625 2831 4695 praedicet
2866 4632 2921 4680 et
2947 4623 3170 4679 adectus
3199 4624 3479 4681 ostendat.

224 4717 494 4773 Cancrum
525 4718 888 4774 imitationem
916 4730 971 4776 et
1002 4721 1361 4783 dinei-entiam
1387 4722 1679 4793 quamdam
1706 4722 1907 4775 habent
1932 4719 1985 4773 hi
2016 4720 2211 4789 psalmi
2238 4743 2252 4773 :
2282 4733 2407 4773 nam
2442 4716 2733 4772 vicesimus
2762 4725 2967 4782 sextus,
2997 4722 3053 4769 et
3077 4714 3366 4770 vicesimus
3388 4731 3480 4772 se-

224 4808 446 4878 ptimus,
475 4810 719 4866 victoria:
765 4812 1012 4869 carmina
1052 4823 1182 4870 sunt
1223 4823 1435 4870 tantum
1477 4830 1578 4886 pro
1604 4813 1796 4869 deletis
1819 4811 2098 4882 Assyriis:
2134 4819 2190 4865 at
2217 4809 2506 4865 vicesimus
2529 4816 2757 4863 octavus
2793 4815 2849 4862 et
2884 4805 3172 4862 vicesimus
3200 4818 3379 4861 nonus
3404 4808 3482 4861 de

224 4906 601 4963 incolumitate
631 4914 687 4962 et
715 4907 951 4964 sanitate
977 4906 1223 4965 Ezechiae
1248 4912 1498 4967 restituta
1528 4910 1857 4973 mentionem
1890 4904 2117 4961 faciunt.

291 4997 554 5055 Dominus
598 4997 923 5054 illuminatio
972 5016 1087 5054 mea
1122 5010 1171 5055 et
1200 5002 1345 5059 salus
1389 5020 1524 5068 mea,
1548 5020 1699 5075 quem
1728 5005 1793 5057 ti-

1985 4998 2199 5065 ίὺῖνριος.
2214 4994 2516 5067 φωτισμός
2536 5011 2656 5063 μου
2685 4993 2782 5048 καί
2804 4992 3005 5061 Σωτήρ
3021 5010 3161 5062 μου,
3190 4992 3323 5047 τίνα
3360 5010 3474 5061 5:0-

219 5086 406 5140 inebo?
428 5088 788 5151 Adversarius
817 5096 1115 5159 potestates
1144 5091 1398 5162 despicit,
1428 5094 1556 5164 quia
1599 5094 1655 5148 in
1690 5092 1796 5149 Do-

218 5178 353 5231 mini
378 5177 778 5237 illuminatione
796 5181 1108 5241 conlidit.A
1125 5191 1196 5249 te,
1220 5184 1415 5255 inquit.
1436 5187 1794 5244 illuminalus.

217 5283 412 5323 omnes
444 5283 548 5322 una
576 5272 762 5327 hostes
788 5283 1079 5330 contemno

1904 5087 2268 5157 σηθήσομαις
2297 5084 2705 5155 Κατευμεγεθεί
2730 5084 2839 5137 τῶν
2882 5082 3270 5152 ἀντικειμένων
3308 5083 3475 5137 δυνά-

1904 5197 2051 5250 μεων
2092 5180 2169 5250 τῷ
2209 5178 2347 5249 φωτὶ
2394 5176 2491 5230 τοῦ
2534 5176 2738 5247 Κυρίου
2797 5176 3099 5247 θαρρήσας.
3153 5175 3289 5229 Ὑπὸ
3334 5177 3468 5237 σοῦ,

1900 5274 2035 5343 φησὶ
2053 5314 2066 5337 ,
2103 5272 2470 5342 φωτιζόμενος
2515 5269 2730 5323 πάντων
2764 5267 2901 5338 ὁμοῦ
2944 5266 3049 5320 τῶν
3087 5267 3470 5337 πολεμούντων

1899 5363 2240 5437 καταφρονῶ.

290 5425 482 5479 Daniel
524 5427 836 5485 Barbarus:
867 5432 1124 5489 Dominus
1171 5447 1431 5503 protector
1470 5440 1584 5498 vita:
1636 5461 1779 5503 mete.
1813 5446 1948 5515 Qui:
1993 5425 2130 5510 adeo
2178 5453 2499 5510 insidiarum
2545 5464 2738 5525 potens
2797 5451 2925 5515 erit,
2981 5460 3039 5507 ut
3092 5460 3283 5521 potens
3320 5449 3469 5505 Deus

217 5532 299 5574 est
331 5521 396 5577 ad
435 5523 696 5579 auxilium
729 5524 1051 5585 ferendum?

306 5658 347 5689 ετ
382 5656 561 5715 Judic.
598 5678 670 5723 Ix,
706 5663 786 5718 15.
