3698 6268
227 234 333 290 ίιῦΩ
1312 237 1668 294 EXPOSITIO

2029 238 2142 293 [ΟΜ
2178 237 2388 292 XXVII.
3388 240 3489 296 διες)

312 354 418 403 ἐν
450 351 534 415 τῷ
565 349 815 420 ἐγγίζειν
845 350 938 403 ἐπ’
978 350 1083 421 ἐμὲ
1121 337 1475 419 κακοῦντας.
1518 355 1772 426 Προσῆλθ

2025 364 2048 408 :.
2081 353 2219 407 Dum
2264 354 2576 423 appropiant
2619 370 2774 422 super
2821 369 2898 407 me
2938 363 3193 407 nocentes.
3230 353 3485 410 Accesse-

226 447 350 514 μὲν,
387 445 555 513 φησι,
599 442 910 514 διαφθεῖραι
941 443 1181 508 θέλοντες
1222 444 1518 500 πεπόνθασι
1553 447 1610 500 δὲ
1642 447 1669 500 ὃ

2028 455 2076 510 ιι,
2102 445 2296 514 inquit,
2324 446 2506 498 animo
2539 445 2643 498 mei
2686 445 2978 514 perdendi,
3013 447 3158 516 quod
3201 446 3488 517 sperabam

222 550 316 586 σαι
345 533 624 602 ἢλπισαν.

1927 536 2179 590 illaturos
2208 551 2266 589 se
2292 535 2443 598 mali,
2472 535 2672 589 accidit
2700 535 2851 604 ipsis.

299 623 425 679 Τοῦ
447 624 756 684 κατοικεῖν
778 641 854 694 με
889 625 960 678 ἐν
984 625 1126 692 οἴκῳ
1146 627 1387 694 Κιιρίου.
1407 629 1517 680 Καὶ
1543 626 1651 698 γὰρ
1677 628 1759 694 ἁγε

2025 630 2054 680 l.
2095 625 2162 681 Ut
2194 625 2476 679 inhabilem
2512 626 2566 678 in
2599 626 2753 679 domo
2788 625 3018 679 Domini.
3055 625 3266 680 Etenim
3299 634 3485 681 sancta

220 713 449 784 τρεπὴς
484 717 522 784 ἡ
562 714 782 785 αἴτησις
812 713 1036 783 γέγονε,
1064 717 1158 768 καὶ
1189 715 1306 786 Θεῷ
1349 716 1530 770 δοῦναι
1557 718 1680 782 ἀξία

2023 733 2161 788 equa
2197 717 2506 787 postulatio,
2546 732 2708 786 quam
2763 719 3061 772 concedere
3109 717 3217 771 Deo
3264 717 3483 787 dignum

217 801 470 868 θεῳεῖν
515 818 596 870 με
650 800 766 868 τὴν
809 804 1180 871 τερπνότητα
1212 805 1453 872 Κυρίου.
1500 806 1587 858 Ἐν
1617 823 1677 859 τα

2023 852 2024 859 η
2058 808 2125 863 Ut
2161 808 2365 863 videam
2410 807 2723 876 voluptatem
2766 806 2998 862 Domini.
3031 809 3096 861 ln‘
3145 809 3265 871 hac,
3290 808 3483 876 inquit,

219 895 411 962 φησὶν,
434 893 679 964 εὔχομαι
704 894 996 959 διαπαντὸς
1019 895 1209 960 οἰκεῖν,
1238 897 1295 948 ὲν
1394 897 1490 950 καὶ
1519 896 1619 966 τῆς
1648 913 1678 948 σ

2022 914 2113 954 cor
2137 899 2270 953 milii
2302 913 2517 968 semper
2543 898 2788 953 habitare
2820 899 3000 966 liceat,
3033 899 3087 953 in
3114 914 3220 970 qua
3246 915 3366 955 sum
3392 915 3482 955 sa-

225 987 344 1052 ρίας
384 985 684 1055 ἐπέτυχον.

1922 989 2085 1044 lutem
2119 997 2468 1044 consecutus.
2513 1001 2515 1004 ‘

303 1077 406 1128 ‘Er
427 1076 629 1145 πέτρᾳ
649 1075 899 1144 ὕψωσέν
909 1093 1005 1146 με.
1022 1077 1215 1146 Σαφῶς
1229 1077 1257 1130 ὁ
1276 1077 1481 1141 Παῦλος
1499 1077 1597 1149 τὴν
1615 1078 1763 1150 πέτρε

2022 1080 2064 1134 5.
2110 1078 2175 1133 In
2218 1089 2367 1149 petra
2399 1081 2652 1136 exultavit
2681 1098 2778 1135 me.
2809 1081 3005 1150 Aperte
3030 1079 3232 1136 Paulus
3276 1089 3482 1151 petram

215 1163 361 1219 εἶναι
396 1168 498 1219 τὸν
526 1167 764 1237 Χριστὸν
789 1166 1200 1238 διισχυρίζεται.
1230 1169 1393 1238 ’ᾼσω
1414 1168 1512 1220 καὶ
1541 1171 1675 1236 ψαλι

2023 1170 2333 1225 3Cbristum
2353 1170 2582 1226 aliirmat
2605 1173 2669 1224 ".
2689 1171 2926 1226 Cantaba
2956 1181 3003 1225 et
3024 1172 3283 1240 psalmum
3308 1173 3483 1225 dicam

213 1256 438 1323 Κυρίῳ.
480 1254 683 1324 Σαφῶς
709 1255 809 1327 τὴν
837 1253 956 1318 τοῦ,
977 1255 1184 1324 Ἀγιος,
1209 1256 1381 1326 ἅγιος,
1413 1256 1585 1326 ἅγιος,
1615 1259 1673 1311 ἀν

2021 1265 2164 1317 nino.
2193 1263 2476 1320 Manifeste
2501 1265 2706 1318 cultum
2737 1278 2832 1333 per
2867 1264 2981 1318 haec
3010 1263 3194 1329 verba,
3227 1262 3481 1326 Sanctus.

217 1345 405 1415 ρ-ἑττει
433 1345 729 1416 λατρείαν.
1120 1369 1123 1371 ·

1919 1362 2159 1413 sanctus.
2189 1363 2410 1409 sanctus
2435 1352 2500 1418 ιθ,
2534 1353 2804 1409 redditum
2834 1353 3110 1423 praedicat.

284 1437 719 1502 Εισάκουσον,
750 1439 950 1506 Κύριε,
984 1437 1091 1504 τῆς
1113 1437 1318 1507 φωνῆς
1344 1457 1484 1508 μου.
1519 1439 1661 1492 Ἀντὶ
1698 1457 1744 1492 τι

2019 1445 2046 1500 ’.
2096 1444 2330 1511 Exaudi,
2363 1444 2604 1508 Domine,
2636 1461 2809 1499 vocem
2859 1461 3050 1499 meam.
3088 1444 3255 1511 Quasi
3297 1446 3479 1501 dicat:

213 1528 556 1597 Εὕχαριστῶ
583 1545 666 1582 σοι
685 1529 825 1600 ὑπὲρ
847 1527 956 1581 τῶν
989 1528 1455 1600 παρεληλυθότων,
1486 1530 1673 1601 δεηθής

2020 1545 2122 1594 llas
2167 1538 2264 1593 tibi
2290 1538 2357 1594 de
2396 1538 2686 1608 preteritis
2713 1553 2836 1609 ago,
2870 1537 3117 1608 supplico
3138 1554 3236 1608 pro
3261 1537 3480 1592 futuris.

210 1621 267 1673 δὲ
296 1621 447 1690 ὑὲρ
479 1620 594 1673 τῶν
623 1618 768 1691 ἑξῆς.

282 1713 732 1780 Νομοθέτησόν
765 1728 875 1780 με,
917 1713 1124 1780 Κύριε,
1162 1711 1232 1765 ἐν
1265 1711 1340 1781 τῇ
1374 1710 1492 1779 ὀδῷ
1522 1727 1658 1766 σου.
1709 1714 1742 1764 Ἰ

2023 1717 2084 1772 1.
2116 1715 2302 1788 Legem
2329 1733 2461 1787 pone
2496 1717 2646 1780 mihi,
2683 1715 2922 1779 Domine,
2959 1716 3016 1768 in
3056 1731 3139 1769 ma
3170 1722 3280 1768 tua.
3304 1712 3483 1767 Evan-

212 1802 590 1872 εὐαγγελικὸν
619 1803 784 1873 νόμον
808 1802 1024 1873 εὔχεται
1055 1803 1408 1875 γυμνωθῆναι
1443 1803 1623 1874 αὐτῷ’
1650 1822 1672 1857 a

2024 1822 2142 1862 cam
2176 1809 2346 1878 legem
2382 1807 2485 1864 sibi
2512 1817 2700 1862 notam
2737 1807 2852 1862 ﬁeri
2881 1805 3154 1876 postulat;
3186 1805 3304 1875 ipsa
3336 1805 3479 1858 enim

209 1893 270 1946 δὲ
304 1893 416 1962 γὰρ
448 1889 521 1964 ἦν
550 1894 648 1946 καὶ
674 1895 706 1965 ἡ
737 1893 921 1946 εὐθεῖα
950 1893 1085 1957 ὁδός.

847 1897 921 1946 εῖα
950 1893 1085 1957 ὁδός.
1917 1909 2061 1956 recta
2089 1901 2174 1955 via
2206 1909 2307 1956 est.

285 1986 401 2041 Kal
438 1987 749 2054 ἐψεύσατο
782 1987 822 2054 ἠ
865 1985 1067 2040 ἀδικία
1092 1984 1299 2055 ἑαυτῇ.
1331 1985 1618 2041 Τουτέστιν
1648 1987 1745 2058 ἠσθ

2028 1990 2082 2044 2.
2117 1990 2188 2044 Et
2212 1993 2431 2045 mentita
2455 2001 2531 2046 est
2553 1992 2806 2062 iniquitas
2833 1991 2952 2044 sibi.
2986 1988 3043 2045 Id
3072 1997 3174 2054 est,
3207 1987 3376 2044 fracta
3398 1998 3480 2043 est

208 2095 380 2148 νησεν
412 2080 448 2149 ἠ
484 2079 610 2131 καθ’
645 2077 805 2149 ἡμῶν
836 2079 1037 2133 ἀδικία.

1913 2081 2172 2151 iniquitas
2204 2098 2310 2152 qua
2349 2083 2757 2151 impetebamur.

285 2171 566 2222 Πιστεύω
594 2168 700 2231 τοῦ
734 2167 884 2221 ἰδεῖν
919 2169 990 2221 τὰ
1013 2167 1202 2237 ἀγαθὰ
1233 2168 1454 2236 Κυρίου
1481 2169 1551 2221 ἐν
1574 2166 1649 2238 γῇ
1674 2168 1745 2229 ζώ

2015 2173 2079 2224 ,5.
2107 2171 2274 2226 Credo
2318 2172 2488 2226 videre
2516 2173 2650 2226 bona
2689 2173 2899 2227 Domini
2928 2173 2982 2225 in
3015 2182 3154 2227 terra
3175 2171 3475 2227 viventium.

205 2277 351 2314 tur.
380 2260 499 2330 Τὴν
521 2260 637 2314 ἀνω
673 2260 1022 2331 Ἰερουσαλήμ
1058 2278 1238 2332 φησιν.

1915 2263 2214 2333 Supernam
2239 2261 2539 2317 Jerusalem
2568 2263 2843 2332 intelligit.

619 2353 927 2406 ΨΑᾹΜΟΣ
956 2351 1035 2417 τῷ
1064 2351 1262 2407 Δαυΐδ.
1287 2355 1418 2406 KZ'.

2264 2353 2604 2410 PSALMUS
2633 2353 2818 2408 David.
2849 2353 3097 2410 XXVII.

863 2443 1187 2508 Ὑπόθεο-ις.

2503 2445 2899 2514 Argumentum.

214 2538 369 2608 ’.ᾆδει
400 2537 496 2590 τὸν
534 2537 777 2608 παρόντα
803 2533 1016 2606 ψαλμὸν
1041 2535 1105 2587 ὲκ
1130 2535 1421 2607 προσώπου
1455 2535 1562 2588 τῶν
1589 2552 1674 2588 me

2014 2539 2238 2586 asenteni
2274 2532 2714 2601 canitpsalmum
2762 2547 2828 2586 ex
2874 2547 3100 2601 persona
3141 2531 3474 2600 credentium

282 2631 508 2682 σάντων
535 2631 618 2691 είς
651 2628 918 2699 Χριστὸν,
956 2627 1042 2681 διὰ
1087 2627 1320 2697 δεήσεως
1364 2626 1444 2688 εἰς
1487 2627 1742 2697 ἐπικουρίη

2013 2639 2032 2677 i
2079 2623 2380 2683 Christum.
2407 2631 2462 2677 et
2493 2623 2718 2692 supplex
2759 2622 2852 2678 Dei
2898 2624 3153 2692 implorat
3178 2625 3473 2690 auxilium;

278 2721 474 2775 καλῶν
511 2722 605 2773 τὸν
643 2721 777 2780 Θεόν
799 2740 812 2753 ο
846 2720 965 2791 ἅμα
994 2721 1050 2774 δὲ
1085 2720 1178 2772 καὶ
1218 2719 1314 2789 τῆς
1365 2718 1630 2772 Ἰουδαίων
1672 2720 1738 2772 ἅτ

2017 2727 2144 2784 tque
2171 2729 2279 2768 una
2311 2713 2620 2770 Judieorum
2643 2715 2877 2771 vesaniae
2891 2715 3315 2793 exsecrationem
3343 2731 3475 2770 con-

279 2817 438 2878 νοξας
483 2815 792 2885 κατάρασιν
833 2813 946 2884 ἔχει
992 2814 1086 2866 καὶ
1129 2811 1293 2882 εὐχὴν
1335 2810 1428 2864 τοῦ
1473 2811 1739 2882 χωρισθῆν

2013 2810 2141 2872 inet,
2169 2817 2332 2878 atque
2355 2823 2385 2861 a
2409 2806 2648 2878 pessima
2681 2807 2898 2863 illorum
2930 2816 3076 2862 sorte
3112 2807 3352 2876 separari
3374 2822 3473 2875 po—

279 2909 385 2979 τῆς
410 2908 662 2979 χείρονος
686 2907 911 2961 ἐκείνων
943 2906 1177 2977 μερίδος.

704 2907 911 2961 ;κείνων
943 2906 1177 2977 μερίδος.
1981 2901 2164 2956 stulat.

283 3001 449 3068 Πρὸς
487 2998 564 3052 σὲ
583 3041 598 3064 ,
629 2999 826 3066 Κύριε,
869 2996 1294 3066 κεκράξομαι...
1325 2997 1423 3049 καὶ
1447 2995 1743 3064 ὅμοιωθήσ

2019 3033 2031 3045 .
2068 2992 2149 3046 Ad
2192 3001 2260 3058 te,
2293 2991 2533 3055 Domine,
2557 2990 2884 3048 clamabo....
2909 3003 2957 3044 et
3005 2991 3339 3045 assimilabor
3385 3006 3476 3041 ac-

207 3109 315 3162 μαι
332 3055 482 3156 ’τοῖς
513 3055 986 3146 καταϐαίνουσικ
1004 3092 1092 3156 εἰς
1117 3055 1368 3143 λάκκον.
1407 3088 1567 3152 Ἔθος
1594 3090 1660 3160 τῇ

2010 3055 2268 3137 identibus
2300 3085 2354 3137 in
2379 3084 2574 3138 lacum.
2604 3082 2720 3139 Mos
2743 3084 2939 3138 divinae
2975 3082 3267 3152 Scriptura:
3292 3081 3470 3135 lacum

213 3185 252 3236 Γ
258 3187 410 3256 pars-ﬁ
444 3183 651 3235 λάκκον
683 3180 969 3252 ὀνομάζειν
1001 3182 1091 3234 τὸν
1121 3181 1272 3252 ᾅδην.

1042 3183 1091 3234 5v
1121 3181 1272 3252 ᾅδην.
1905 3174 2176 3243 appellare
2206 3173 2502 3230 infernum.

279 3276 382 3342 Μὴ
415 3275 814 3343 συνελκύσῃς
828 3291 904 3343 με
923 3273 1072 3342 μετὰ
1099 3272 1479 3342 ἁμαρτωλῶν.
1523 3274 1739 3346 Ἀμαρτε

2010 3269 2040 3320 ἱ.
2069 3267 2152 3322 Ne
2185 3267 2345 3322 simul
2378 3268 2559 3321 trahas
2604 3284 2682 3321 me
2711 3284 2829 3321 cum
2858 3268 3239 3337 peccatoribus.
3273 3267 3470 3321 Pecca-

208 3369 340 3431 λοὺς
367 3369 431 3420 τὸ
459 3366 572 3419 τῶν
605 3366 874 3419 Ἰουδαίων
905 3366 1054 3430 ἔθνος
1101 3366 1253 3437 φησὶ,
1299 3364 1440 3418 κατὰ
1469 3366 1528 3419 τὸ
1568 3367 1668 3436 είρπ

2012 3373 2051 3413 :s
2085 3356 2394 3414 Iudaeorum
2429 3366 2642 3428 gentem
2682 3358 2831 3419 dicit,
2880 3358 3037 3428 juxta
3073 3357 3206 3412 illud
3229 3372 3260 3412 a
3286 3357 3472 3412 Salva-

211 3478 301 3513 νον
333 3461 526 3523 αὐτοῖς
549 3459 654 3512 ὑπὸ
687 3457 782 3512 τοῦ
809 3459 1059 3530 Σωτῆρος
1079 3475 1095 3488 ο
1135 3456 1277 3511 Ἐὰν
1298 3457 1384 3525 μὴ
1414 3457 1671 3520 πισζεύσ

2005 3449 2244 3504 :dictum
2275 3469 2288 3504 :
2324 3449 2446 3503 Nisi
2474 3451 2805 3505 credideritis
2835 3453 2960 3521 quia
2987 3467 3080 3520 ego
3106 3466 3242 3513 sum,
3279 3449 3333 3502 in
3355 3465 3465 3516 pec-

213 3551 302 3603 ὄτι
321 3551 441 3619 ἐγώ
464 3552 600 3617 ειμι,
620 3550 692 3602 ἐν
715 3549 847 3614 ταῖς
873 3549 1181 3617 ἁμαρτίαις
1200 3546 1366 3616 ὑμῶν
1383 3546 1673 3617 ἀποθανξῇ

2014 3559 2036 3595 s
2060 3543 2244 3597 vestris
2275 3543 2571 3596 moriemini
2595 3543 2664 3608 ⁸ο,
2690 3543 2792 3612 ipsi
2827 3542 3028 3596 interea
3054 3549 3342 3611 Operantes
3369 3539 3474 3592 ini-

212 3644 381 3696 Αὐτοὶ
413 3643 473 3695 δὲ
503 3642 598 3694 καὶ
622 3641 979 3712 ἐργαζόμενοι
1003 3639 1101 3710 τὴν
1132 3638 1384 3710 ἀνομίαν,
1411 3641 1492 3692 ὅτι
1514 3638 1606 3692 τὸν
1626 3639 1672 3691 ἀ(

2005 3642 2188 3697 tatem,
2225 3649 2348 3689 cum
2371 3633 2730 3708 “innocentem
2767 3641 2820 3687 et
2846 3633 3053 3702 justum
3079 3641 3268 3686 contra
3305 3646 3465 3699 quam

212 3737 306 3790 καὶ
334 3736 548 3788 δίκαιον
577 3735 943 3798 ἀπέκτειναν,
982 3732 1040 3785 ὃν
1073 3732 1174 3785 οὐκ
1206 3733 1524 3784 ἀποκτεῖναι
1567 3732 1596 3783 ὁ
1637 3746 1672 3782 νε

2013 3731 2218 3776 vetaret
2240 3723 2569 3777 occiderent.
2597 3723 2700 3787 Qui
2715 3723 3000 3790 loquuntur
3015 3737 3193 3790 pacem
3217 3737 3335 3774 cum
3356 3735 3470 3790 pro-

214 3826 526 3879 ἐκέλευσεν.
547 3823 664 3877 Τῶν
705 3824 1047 3878 ὶαλούντων
1070 3821 1316 3891 εἰρήνην
1333 3819 1483 3890 μετὰ
1506 3819 1628 3874 τῶν
1646 3837 1674 3873 ,π

2015 3830 2044 3868 a
2091 3830 2204 3868 suo.
2245 3813 2357 3869 Hoc
2400 3815 2477 3868 ait
2512 3815 2640 3884 quia
2685 3814 3022 3868 Salvatorem
3059 3813 3381 3884 magistrum
3415 3821 3472 3871 α.

212 3918 356 3970 σίου·
396 3916 619 3970 αὐτῶν.
651 3916 822 3969 Τοῦτό
850 3933 1036 3988 φησιν,
1072 3918 1175 3984 ὅτι,
1206 3913 1522 3968 διδάσκαλον
1546 3914 1672 3966 uale

1727 3930 1799 3982 νοε-
1901 3907 2102 3962 bonum
2127 3907 2482 3976 appellantes,
2506 3906 2646 3961 mala
2679 3905 3039 3962 moliebantur
3065 3905 3187 3975 ipsi.

213 4012 303 4064 θὸν
343 4009 752 4073 ἀποκαλοῦντες
797 4009 892 4063 τὸν
932 4009 1162 4082 Σωτῆρα
1182 4050 1196 4075 ,
1240 4007 1387 4062 κακὰ
1443 4006 1800 4074 διελογίζοντο

210 4105 332 4157 κατ’
361 4103 554 4158 αὑτοῦ.

283 4195 409 4249 Ὅτι
440 4197 516 4248 οὺ
535 4194 817 4262 συνῆκαν
836 4197 923 4260 εις
953 4193 1028 4248 τὰ
1059 4193 1202 4262 ἔργα
1231 4193 1470 4260 Κυρίου.
1515 4192 1659 4245 Ἀντὶ
1679 4208 1743 4243 το

2009 4226 2023 4240 .
2053 4186 2313 4253 Quoniam
2340 4204 2444 4242 non
2471 4190 2836 4244 intellexerunt
2871 4205 3025 4258 opera
3050 4188 3284 4242 Domini.
3301 4187 3465 4253 Quasi

211 4287 325 4341 Οὐκ
352 4285 651 4356 ἠθέλησαν,
688 4286 842 4355 φησι,
876 4284 972 4357 τὴν
1005 4283 1213 4339 οἰκείαν
1245 4283 1650 4356 παραδέξασθαι

1897 4277 2102 4332 diceret
2126 4297 2139 4331 :
2164 4277 2470 4334 Noluerunt
2499 4280 2774 4350 propriam
2797 4280 3080 4334 admittere
3105 4278 3356 4332 salutem.

210 4379 430 4432 ποίαν.

261 4398 268 4406 ·
319 4397 430 4432 ιαν.

261 4397 390 4525 ‘Ipial
415 4472 716 4525 ἀνέθαλεν
745 4471 782 4537 ἡ
806 4469 964 4538 σάρξ
982 4488 1122 4539 μου.
1153 4469 1347 4538 Σαφῶς
1375 4469 1474 4538 τὴν
1501 4468 1721 4522 ἀνάστα‹

2004 4462 2030 4515 ’.
2057 4461 2126 4514 Ει
2159 4461 2399 4529 reﬂoruit
2430 4475 2552 4513 caro
2584 4476 2717 4513 mea.
2763 4460 2960 4528 Aperte
2995 4458 3082 4514 his
3109 4457 3464 4514 resurrectio-

210 4567 266 4616 ὲν
289 4563 508 4625 τούτοις
541 4563 822 4633 κηρύττει.

1904 4569 2024 4608 nem
2056 4553 2316 4623 praedicit.

276 4675 484 4744 Adjicit
519 4673 711 4727 Daniel
735 4672 1046 4726 Barbarus:
1079 4671 1314 4726 Reﬂoret
1343 4688 1472 4726 caro
1503 4679 1687 4726 nostra
1726 4685 1852 4724 cum
1882 4683 2031 4740 spem
2077 4667 2498 4724 resurrectionis
2531 4667 2852 4738 accipimus;
2881 4676 3134 4723 caeterum
3180 4683 3286 4722 non
3315 4681 3464 4731 caro,

208 4774 299 4826 sed
335 4785 434 4823 cor
471 4768 562 4822 alii
590 4777 892 4824 verterunt.

276 4864 476 4918 Daniel
514 4863 785 4916 Barbarus
810 4879 829 4916 :
864 4863 948 4917 Ea:
977 4863 1246 4917 voluntate
1283 4880 1397 4918 mea
1427 4862 1712 4932 conﬁtebor
1737 4861 1806 4915 ei.
1843 4859 1990 4914 Dixit
2017 4875 2081 4914 ea:
2120 4857 2409 4923 voluntate,
2438 4859 2505 4914 ad
2535 4858 2891 4914 differentiam
2928 4857 3115 4928 legalis
3146 4853 3344 4916 cultus,
3371 4853 3464 4921 qui

207 4958 605 5028 suppliciorum
643 4966 791 5012 metu
824 4957 1181 5023 aﬂiciebatur,
1214 4959 1265 5013 id
1294 4968 1395 5024 est,
1432 4975 1540 5014 non
1565 4959 1788 5012 invitam
1827 4965 1882 5010 et
1908 4965 2177 5021 coactam,
2205 4955 2298 5010 sed
2329 4955 2688 5010 voluntariam
2719 4963 2772 5009 et
2801 4963 3100 5024 promptam
3136 4949 3230 5003 tibi
3249 4947 3462 5002 laudem

209 5047 480 5117 proferam
515 5066 528 5102 :
562 5049 643 5103 sic
673 5056 726 5102 et
752 5047 888 5103 alias
922 5049 1058 5103 dixit
1083 5069 1097 5104 :
1138 5049 1444 5103 Voluntarie
1467 5049 1779 5118 sacriﬁcabo
1808 5049 1902 5102 tibi
1925 5048 1968 5079 ⁵¹
1995 5067 2007 5101 :
2044 5047 2109 5101 Et
2137 5047 2439 5102 voluntaria
2470 5049 2576 5100 oris
2603 5047 2703 5099 mei
2737 5043 3059 5113 beneplacita
3088 5042 3195 5110 fac,
3221 5038 3463 5100 Domine,

209 5149 257 5191 et
283 5140 478 5192 exaudi
512 5155 592 5191 me
616 5139 683 5190 ⁸¹.
711 5135 818 5193 Sed
841 5140 1102 5209 quoniam
1129 5141 1352 5194 verbum
1379 5139 1624 5195 conﬁteri
1659 5148 1711 5193 et
1735 5137 2140 5193 damnationem
2181 5143 2555 5207 peccatorum,
2582 5144 2638 5191 et
2670 5134 2966 5204 gratiarum
3000 5131 3266 5186 actionem
3299 5127 3465 5198 signi—

212 5225 368 5297 ﬁcat;
400 5233 524 5288 ideo
553 5233 598 5288 si
633 5234 739 5289 hoc
764 5233 883 5289 loco
914 5249 1013 5304 pro
1041 5236 1394 5291 damnatione
1424 5235 1629 5306 peccati
1657 5233 1942 5290 commissi
1967 5241 2237 5294 sumatur.
2269 5231 2449 5288 innuit
2471 5232 2616 5303 quod
2648 5246 2754 5285 non
2787 5229 2993 5300 pudore
3015 5235 3071 5283 et
3091 5235 3338 5296 respectu
3364 5226 3466 5279 lio--

213 5324 414 5378 minum
459 5340 692 5396 peccare
738 5326 946 5382 destitit
974 5347 987 5384 :
1022 5331 1115 5384 sed
1148 5330 1411 5399 quoniam
1451 5330 1752 5400 respexerit
1792 5329 1858 5384 ad
1897 5328 2082 5383 odium
2111 5338 2165 5383 et
2202 5343 2401 5383 noxam
2435 5325 2637 5397 peccati
2665 5344 2677 5380 :
2709 5326 2756 5380 si
2790 5339 2917 5379 vero
2951 5323 3185 5378 sumitur
3217 5335 3316 5392 pro
3347 5335 3467 5389 gra~

213 5415 406 5471 tiaram
446 5419 688 5487 actione,
725 5421 963 5476 ostendit
997 5437 1055 5477 se
1085 5422 1152 5476 de
1184 5422 1440 5478 omnibus
1464 5422 1668 5492 gratias
1709 5436 1886 5492 agere,
1919 5421 2080 5490 idque
2107 5436 2320 5477 summa
2352 5436 2476 5474 cum
2517 5418 2793 5473 voluntate
2820 5426 3079 5490 praestare
3105 5434 3119 5470 :
3149 5428 3275 5470 nam
3307 5410 3358 5466 id
3383 5403 3466 5461 vel

214 5507 391 5564 dolore
426 5510 513 5565 vel
544 5511 872 5567 necessitate
902 5528 1082 5584 agere,
1116 5527 1223 5568 non
1254 5522 1337 5568 est
1363 5529 1427 5569 ex
1456 5513 1736 5568 voluntate
1769 5513 2036 5567 confiteri.
2597 5524 2599 5526 ·

276 5659 315 5688 ⁸⁸
343 5659 358 5712 ι
386 5662 519 5717 Cor.
555 5680 618 5728 κ,
653 5665 700 5718 ι.
786 5665 827 5698 ’δ’
863 5665 966 5720 lsa.
998 5684 1074 5731 vi,
1108 5668 1158 5724 5.
1241 5669 1284 5699 '°
1315 5667 1472 5722 Joan.
1513 5684 1632 5736 vm,
1669 5668 1728 5722 Ξῖ

1513 5684 1632 5736 vm,
1669 5668 1752 5722 Ξῖ.
1835 5667 1873 5699 ¹¹
1908 5666 2186 5732 l—‘sal.I.m,
2221 5669 2270 5722 8.
2355 5669 2398 5699 ⁵²
2429 5666 2780 5750 Psalmxvm,
2814 5667 2934 5721 l08.
