3786 6278
376 273 477 328 135

1206 264 1264 320 S.
1308 263 1679 320 ATHANASII
1718 263 1870 320 OPP.
1907 263 2086 319 PARS
2126 263 2210 318 Ill.
2255 294 2325 304 —-
2363 260 2768 317 EXEGETlCA.

3497 251 3611 306 156

445 388 496 441 4.
537 385 603 438 Et
637 382 955 453 conﬁtemini
987 382 1249 434 memoria:
1279 381 1578 435 sanctitatis
1602 381 1734 450 ejus.
1763 378 1932 449 Opor-
1961 407 1973 438 λ

2107 378 2211 432 Καὶ
2248 375 2704 446 ἐξομολογεῖσθε
2754 372 2830 442 τῇ
2859 373 3068 442 μνήμῃ
3114 370 3223 439 τῆς
3266 371 3619 440 ἁγιωσύνης

377 488 472 543 tet,
499 475 697 547 inquit,
719 475 951 545 hymnos
979 471 1359 541 multiplicare,
1391 485 1659 526 memores
1687 469 1939 542 benigni-

377 569 509 624 tatis
542 568 688 636 ejus.

447 656 499 711 6.
529 655 792 722 Quoniam
843 652 926 704 ira
977 651 1034 704 in
1084 650 1444 720 indignatione
1480 649 1614 718 ejus.
1659 646 1775 703 Non
1825 649 1943 718 ejus

377 749 608 804 consilio
631 755 684 801 et
708 745 1010 808 voluntate;
1043 743 1136 798 sed
1172 742 1316 811 quod
1347 741 1545 811 singuli
1586 755 1682 810 per
1723 750 1944 810 peccata

380 857 474 896 sua
494 854 613 894 eam
637 836 740 892 sibi
765 835 1097 906 pertrahant.
1124 831 1256 886 Nam
1283 831 1402 901 ejus
1427 833 1675 886 voluntas
1701 832 1810 885 vita
1839 841 1940 886 est.

339 981 346 985 ,λ
379 927 460 978 Ad
491 940 756 994 vesperum
796 922 1158 977 demorabitur
1197 922 1373 989 ﬂetus.
1404 919 1498 976 His
1527 920 1708 975 verbis
1735 921 1945 990 signiﬁ-

380 1024 535 1070 catur
582 1015 913 1084 pasnitentize
947 1013 1279 1083 praestantia.
1323 1009 1516 1066 Nullus
1541 1012 1686 1066 enim
1717 1020 1825 1066 tam
1864 1013 1947 1066 in-

381 1121 514 1177 gens
541 1115 884 1176 peccatorum
913 1119 1192 1171 numerus,
1226 1119 1387 1174 quem
1422 1119 1529 1158 non
1553 1103 1802 1160 celeriter
1828 1119 1950 1175 poe-

385 1191 610 1246 nitentia
645 1193 698 1246 in
727 1192 1145 1246 exsultationem
1181 1201 1372 1246 vertat.

454 1284 508 1338 7.
546 1283 656 1354 Ego
687 1292 861 1336 autent
907 1284 1023 1336 dixi
1054 1285 1110 1336 in
1144 1283 1473 1337 abundantia
1506 1299 1663 1339 mea:
1690 1283 1810 1338 Non
1839 1300 1952 1338 mo-

382 1376 536 1431 vebar
556 1377 609 1429 in
633 1386 905 1430 retentum.
933 1376 1162 1430 Causam
1189 1375 1370 1444 lapsus
1392 1385 1628 1430 enarrat.
1659 1375 1950 1442 Quoniam,

383 1467 577 1537 inquit,
597 1468 874 1536 prosperis
896 1467 1078 1531 rebus,
1109 1470 1248 1520 altos
1270 1467 1493 1536 spiritus
1515 1468 1807 1537 assumpsi,
1827 1482 1953 1537 pro-

386 1569 569 1627 pterea
603 1557 959 1612 conturbatus
992 1573 1133 1612 sum.
1167 1555 1280 1612 Hoc
1327 1573 1456 1613 vero
1486 1573 1593 1612 non
1627 1567 1680 1613 te
1713 1559 1952 1628 compel-

385 1651 548 1713 lente,
586 1649 678 1705 sed
705 1658 914 1703 tantum
947 1645 1138 1703 faciem
1178 1656 1327 1702 tuam
1359 1657 1652 1716 avertente,
1687 1649 1820 1703 mihi
1863 1664 1954 1703 ac-

2036 468 2220 522 αῠτοῦ
2272 471 2563 539 Προσήκει,
2591 467 2774 537 φησιν,
2803 463 3090 516 ἐπιτείνειν
3117 463 3239 525 τοὺς
3261 459 3480 531 ὕμνους,
3509 475 3616 531 με·

2041 561 2344 630 μνημένους
2371 561 2468 628 τῆς
2499 559 2592 611 τοῦ
2614 555 2748 609 Θεοῦ
2775 553 3194 626 φιλανθρωπίας.

2111 651 2231 704 Ὅτι
2263 650 2408 718 ὀργὴ
2447 649 2517 702 ἐν
2555 647 2634 713 τῷ
2673 647 2836 716 θυμῷ
2861 644 3066 700 αὑτοῦ.
3104 645 3216 697 Ούκ
3257 643 3416 698 αὑτοῦ
3447 643 3617 697 τοῦτο

2043 741 2364 813 βουλομένου
2413 743 2614 792 ποιεῖν·
2659 738 2772 792 ἀλλ’
2818 738 3030 806 ἑκάστῳ
3073 735 3160 789 διὰ
3195 736 3293 806 τῆς
3335 735 3620 806 ἁμαρτίας

2042 831 2218 902 ἐαυτῷ
2247 831 2452 903 ταύτην
2488 830 2889 898 ἐπεισάγοντος.
2936 829 3008 880 Τὸ
3051 827 3160 899 γὰρ
3203 826 3365 880 αὑτοῦ
3399 827 3616 898 θέλημα

2043 925 2155 998 ζωή
2201 926 2365 978 ἐστιν,
2405 923 2472 978 Τὸ
2499 923 2758 991 ἑσπέρας
2801 919 3232 986 αὑλισθήσεται
3280 921 3608 989 κλαυθμός.

2044 1017 2117 1069 Τὸ
2151 1015 2552 1086 εὐκατόρθωτον
2583 1017 2682 1085 τῆς
2730 1013 3014 1084 μετανοίας
3054 1011 3141 1064 διὰ
3178 1010 3378 1064 τούτων
3411 1011 3618 1082 σημαί-

2044 1125 2213 1162 νεται.
2264 1107 2426 1161 Οὐδὲν
2459 1105 2568 1178 γὰρ
2609 1105 2857 1158 τοσοῦτον
2891 1103 3091 1175 πλῆθος
3135 1102 3443 1174 ἀμαρτιιῖιν,
3473 1101 3501 1155 ὃ
3534 1103 3624 1173 μὴ

2045 1197 2252 1268 ταχέως
2285 1199 2317 1268 ἡ
2356 1197 2609 1267 μετάνοια
2634 1196 2713 1259 είς
2743 1193 3060 1263 ἀγαλλίασιν
3087 1193 3326 1264 ἐκφέρει.

2131 1289 2272 1359 Ἐγὼ
2306 1289 2373 1342 δὲ
2396 1285 2533 1342 εἶπα
2560 1289 2629 1341 ἐν
2655 1286 2731 1355 τῇ
2761 1287 3009 1354 εὐθηνίᾳ
3028 1303 3144 1354 μου
3167 1302 3182 1316 ο
3208 1285 3303 1351 Μὴ
3339 1282 3624 1338 σαλευθῶ

2047 1384 2134 1448 εἰς
2161 1382 2265 1434 τὸν
2287 1379 2489 1435 αἰῶνα.
2515 1379 2587 1432 Τὸ
2607 1379 2775 1433 αἴτιον
2802 1379 2947 1447 λέγει
2966 1379 3063 1449 τῆς
3093 1377 3366 1440 πτώσεως.
3396 1375 3622 1447 Ἐπειδὴ

2055 1476 2215 1546 μέγα,
2242 1474 2425 1544 φησὶν,
2459 1476 2515 1525 ἐν
2539 1475 2604 1543 τῇ
2639 1472 2904 1542 εὐημερίᾳ
2933 1470 3268 1539 πεφρόνηκα,
3299 1469 3485 1522 τούτου
3524 1469 3623 1538 χά-

2054 1581 2137 1635 ριν
2173 1564 2530 1634 τετάραγμαι.
2579 1563 2771 1630 Γέγονε
2816 1561 2873 1614 δέ
2928 1579 3018 1632 μοι
3067 1560 3243 1623 τοῦτο,
3287 1561 3346 1613 οὑ
3397 1559 3489 1612 σοῦ
3545 1576 3620 1629 με

2055 1655 2528 1726 προσωθήσαντος,
2554 1652 2690 1706 ἀλλά
2719 1651 3155 1723 ἀποστρέψαντος
3187 1652 3345 1723 μόνον
3371 1651 3430 1704 τὸ
3451 1650 3624 1722 πρόσ-

386 1741 540 1797 cidit.
570 1741 800 1807 Quando
825 1741 1008 1810 igitur,
1046 1739 1150 1794 nisi
1186 1747 1274 1794 tua
1308 1737 1626 1794 fortitudine
1656 1740 1954 1794 innitamur

2107 1760 2221 1798 πον.
2261 1741 2474 1813 Ἐπειδὴ
2508 1741 2684 1794 τοίνυν
2717 1741 2844 1796 ἄνευ
2883 1741 2982 1812 τῆς
3031 1741 3211 1812 ἰσχύος
3238 1742 3335 1812 τῆς
3369 1741 3466 1812 σῆς
3497 1740 3627 1794 οὐδὲ

388 1849 455 1887 ne
503 1832 802 1888 consistere
851 1831 1069 1900 quidem
1116 1846 1432 1900 possumus,
1475 1830 1581 1897 fac,
1615 1831 1861 1896 obsecro,
1898 1841 1956 1885 ut

386 1922 514 1976 dum
542 1932 687 1976 tuam
713 1921 910 1991 impleo
935 1921 1491 1987 voluntatem,decore
1515 1921 1749 1975 animam
1780 1936 1954 1974 meam

389 2015 626 2069 illustres
649 2013 782 2085 (l0).
803 2014 859 2068 ld
889 2013 991 2067 sibi
1015 2012 1185 2067 Adam
1213 2013 1266 2066 in
1285 2011 1541 2082 paradiso
1568 2012 1766 2081 degens
1791 2026 1959 2065 even-

389 2115 569 2160 turum
597 2106 854 2174 speravit,
882 2112 1171 2172 antequam
1200 2103 1254 2156 in
1280 2101 1527 2157 fraudem
1559 2102 1954 2156 deduceretur:

389 2195 438 2248 id
476 2195 738 2250 Ezechias
783 2204 1068 2264 postquam
1102 2192 1384 2262 Assyrium
1425 2191 1714 2246 devicerat.
1757 2189 1959 2246 Ethth

388 2296 572 2355 aperte
603 2286 760 2340 docet
795 2285 931 2338 liber
969 2283 1444 2352 Paralipomenon,
1478 2297 1604 2336 cum
1648 2281 1724 2334 ait
1749 2281 1956 2335 exalta-

389 2386 506 2432 tum
543 2375 712 2432 l‘uisse
741 2390 837 2430 cor
870 2375 1112 2428 Ezechiae
1145 2374 1288 2442 regis
1316 2373 1385 2425 “.

457 2466 600 2523 9.Ad
634 2479 701 2531 te,
739 2465 980 2530 Domine,
1013 2463 1344 2518 rlumabo....
1382 2463 1466 2516 10.
1496 2461 1627 2527 Qua:
1660 2463 1865 2516 utilitas
1903 2463 1960 2515 in

392 2558 647 2627 sanguine
668 2573 781 2609 meo
803 2556 928 2608 dum
953 2555 1206 2608 descendo
1231 2556 1284 2608 in
1310 2556 1712 2622 corruptionem.
1736 2552 1956 2616 Precor,

392 2648 587 2716 inquit,
619 2645 806 2699 reduci
839 2660 924 2697 me
957 2644 1022 2697 de
1048 2643 1189 2706 lacu,
1217 2644 1343 2712 quia
1367 2659 1470 2695 non
1497 2643 1830 2711 conﬁtebitur
1862 2643 1959 2696 tibi

391 2736 580 2806 pulvis.
614 2735 767 2802 Quod
800 2737 849 2790 si
872 2735 1204 2790 descendero
1245 2736 1298 2788 in
1330 2735 1754 2803 corruptionem,
1788 2751 1962 2804 neque

394 2828 528 2882 mihi
567 2842 741 2896 neque
791 2828 912 2882 aliis
963 2827 1072 2881 ulla
1113 2827 1218 2880 erit
1265 2826 1488 2880 utilitas.
1530 2824 1642 2894 Ego
1684 2837 1864 2880 autem
1898 2841 1961 2880 ea

396 2922 502 2975 vita
536 2922 780 2990 privatus
815 2935 934 2974 sum
968 2933 1091 2988 qua:
1129 2918 1226 2971 abs
1278 2926 1329 2971 te
1376 2917 1688 2970 obtinetur:
1720 2916 1810 2970 alii
1834 2931 1962 2970 vero

396 3011 600 3065 nullam
631 3026 725 3079 per
755 3026 840 3063 me
870 3009 1098 3064 salutem
1135 3009 1278 3062 nacti
1311 3014 1458 3062 sunt.
1491 3007 1585 3061 Sin
1613 3022 1740 3062 vero
1773 3007 1962 3063 audie-

395 3103 474 3159 ris
506 3117 691 3156 vocem
717 3117 894 3154 meam
927 3109 980 3154 et
1007 3100 1341 3155 converteris
1369 3100 1570 3153 luctum
1601 3099 1655 3152 in
1682 3099 1962 3167 gaudium,

395 3205 452 3252 et
474 3211 558 3248 me
585 3185 772 3248 latitia
810 3192 1066 3257 cinxeris,
1095 3207 1204 3246 non
1243 3207 1408 3260 parva
1455 3191 1586 3244 mihi
1616 3192 1826 3245 eveniet
1861 3195 1966 3245 uti-

400 3283 792 3338 litaszetenim
841 3292 1127 3352 postquam
1179 3281 1464 3351 pristinam
1513 3282 1737 3352 gloriam
1784 3295 1964 3335 meam

399 3389 815 3446 recuperavero.
857 3390 981 3429 cum
1027 3389 1088 3428 ea
1127 3382 1178 3428 te
1214 3373 1482 3442 alloquar,
1510 3388 1618 3427 non
1652 3389 1773 3427 cum
1801 3387 1966 3442 prava

395 3467 754 3524 conscientia.
796 3463 911 3521 Hoc
953 3465 1098 3520 enim
1127 3464 1422 3534 signiﬁcat
1467 3463 1620 3527 illud,
1655 3462 1777 3516 Non
1827 3478 1969 3516 com-

398 3576 623 3629 oungar.

471 3651 556 3706 12.
577 3648 896 3705 Conscidisti
930 3664 1139 3702 saccum
1165 3663 1356 3712 meum,
1383 3654 1434 3700 et
1464 3643 1858 3699 circumdedisti
1890 3658 1970 3696 me

399 3739 608 3795 latitia.
649 3737 878 3794 Saccum
911 3738 1042 3792 dicit
1070 3739 1275 3792 luctum
1299 3775 1314 3800 ,
1360 3735 1575 3806 quando
1606 3749 1723 3790 mos
1756 3743 1837 3788 est
1878 3733 1966 3787 lu-

401 3830 652 3900 gentibus
695 3829 774 3883 uti
811 3843 992 3883 sacco.
1030 3826 1165 3882 Nam
1210 3841 1403 3882 saccus
1434 3825 1695 3879 malitiam
1727 3831 1781 3878 et
1811 3825 1968 3894 igno-

400 3921 633 3975 rantiam
663 3918 961 3990 signiﬁcat:
983 3918 1243 3988 quoniam
1271 3933 1337 3971 ex
1363 3917 1640 3970 haedorum
1674 3915 1798 3983 pilis
1831 3929 1968 3968 con-

404 4011 528 4066 fecti
555 4019 683 4066 sunt
710 4009 876 4075 sacci,
909 4010 1003 4079 qui
1042 4009 1178 4064 haedi
1214 4011 1282 4062 ad
1317 4007 1599 4062 sinistram
1625 4006 1965 4069 consistunt;

401 4117 469 4157 ex
505 4101 629 4170 pilis
662 4101 790 4154 item
826 4099 964 4153 hirci
994 4098 1138 4152 illius
1169 4095 1459 4151 emissarii.

472 4190 538 4246 In
564 4191 742 4259 ﬁnem,
774 4185 1019 4242 PSALM
1029 4185 1115 4241 US
1143 4185 1334 4240 Davidi
1360 4199 1454 4254 pro
1477 4184 1699 4237 castasi.
1733 4181 1914 4236 XXX.

980 4278 1383 4348 Argumentum.

2059 1835 2248 1905 στῆναι
2286 1834 2580 1905 δυνάμεθα,
2607 1833 2668 1886 τὸ
2697 1833 2788 1887 σὺν
2813 1833 2972 1886 πάλιν
3005 1833 3263 1886 ἐπιτελῶν
3293 1833 3521 1904 θέλημα,
3556 1834 3628 1886 τὸ

2057 1924 2250 1988 κάλλος
2302 1941 2401 1995 μου
2443 1925 2542 1994 τῆς
2585 1925 2760 1995 ψυχῆς
2809 1925 3130 1995 διαλάμπειν
3181 1923 3624 1995 παρασκεύασον.

2057 2016 2224 2068 Τοῦτο
2267 2016 2360 2069 καὶ
2388 2018 2416 2069 ὁ
2451 2015 2620 2086 Ἀδὰμ
2652 2015 2875 2084 ἤλπισεν
2908 2017 3000 2068 ἐπὶ
3037 2015 3129 2067 τοῦ
3161 2014 3482 2086 παραδείσου
3516 2027 3633 2084 προ

2056 2105 2153 2175 τῆς
2181 2105 2395 2175 ἀπάτης
2423 2103 2850 2174 πολιτευόμενος,
2881 2104 2974 2156 καὶ
2996 2103 3024 2154 ὁ
3055 2103 3302 2166 Ἑζεκίας
3326 2097 3630 2172 νενικηκὼς

2056 2195 2147 2248 τὸν
2181 2195 2480 2266 Ἀσσύριον,
2522 2195 2614 2247 καὶ
2642 2193 2878 2246 διδάσκει
2906 2192 3061 2247 τοῦτο
3091 2191 3274 2260 σαφῶς
3304 2191 3410 2244 τῶν
3440 2192 3633 2262 Παραι-

2058 2286 2388 2355 λειπομένων
2415 2287 2447 2356 ἡ
2484 2284 2681 2354 βίϐλος,
2710 2285 2985 2355 ὑψωθῆναι
3015 2284 3248 2353 λέγουσα
3275 2283 3374 2355 τὴν
3402 2283 3632 2355 καρδίαν

2072 2381 2308 2446 Ἐζεκίου
2335 2381 2427 2434 τοῦ
2461 2380 2738 2450 βασιλέως.

2130 2471 2284 2540 Πρὸς
2307 2471 2400 2535 σὲ,
2435 2472 2629 2539 Κύριε,
2659 2470 3126 2540 κεκράξομαι.....
3158 2469 3251 2535 Τίς
3282 2467 3534 2537 ὠφέλεια
3559 2466 3637 2519 ἐν

2059 2559 2139 2632 τῷ
2167 2563 2369 2632 αἵματί
2413 2579 2566 2632 μου,
2609 2563 2679 2615 ἐν
2728 2561 2807 2628 τῷ
2848 2562 3227 2616 καταϐαίνειν
3250 2577 3327 2630 με
3369 2563 3454 2625 εις
3505 2558 3637 2612 δια-

2060 2654 2328 2725 gpﬂopdr;
2361 2655 2581 2723 Δέομαι,
2618 2653 2813 2725 φησὶν,
2842 2653 3136 2724 ἀναχθῆναι
3169 2655 3232 2705 ἐκ
3271 2651 3364 2705 τοῦ
3403 2651 3634 2715 λάκκου,

2061 2746 2244 2817 ἐπειδὴ
2270 2745 2368 2798 οὐκ
2389 2744 2833 2814 ἐξομολογεῖταί
2853 2758 2951 2797 σοι
2973 2743 3140 2812 χοῦς.
3173 2743 3259 2795 Ἐν
3287 2741 3344 2794 δέ
3369 2740 3446 2810 τῷ
3467 2754 3637 2794 κατα-

2063 2837 2220 2908 ϐῆναί
2263 2853 2328 2906 με
2365 2836 2444 2898 είς
2488 2835 2778 2904 διαφθορὰν
2818 2832 2939 2887 οὕτε
2974 2834 3069 2903 μία
3115 2849 3198 2895 τις
3229 2830 3464 2901 ὠφέλεια
3505 2831 3635 2884 oti-:3

2063 2927 2206 2996 ἐμοὶ,
2237 2925 2360 2978 οὕτε
2399 2925 2623 2998 ἑτέροις.
2661 2922 2800 2992 Ἐγώ
2843 2941 2902 2976 τε
2942 2924 3049 2993 γὰρ
3087 2920 3496 2992 ἀπεστερούμην
3533 2921 3638 2988 τῆς

2064 3016 2214 3089 παρὰ
2257 3015 2352 3069 σοῦ
2392 3017 2568 3086 ξωῆς’
2606 3015 2754 3068 ἄλλοι
2803 3015 2860 3068 δὲ
2906 3013 3158 3085 οὐδαμῶς
3198 3012 3486 3082 ἐτύγχανον
3533 3012 3637 3080 τῆς

2067 3111 2195 3181 παρ’
2224 3109 2358 3178 ἐμοῦ
2411 3108 2701 3178 σωτηρίας.
2746 3107 2834 3159 Ἐν
2863 3105 2920 3158 δὲ
2957 3105 3034 3176 τῷ
3075 3103 3387 3157 είσακοῦσαί
3439 3118 3497 3154 σε
3532 3100 3638 3170 τῆς

2067 3202 2248 3272 φωνῆς
2267 3241 2281 3264 ,
2327 3200 2421 3253 καὶ
2470 3197 2792 3269 μεταϐαλεῖν
2829 3197 2918 3250 τὸν
2945 3196 3170 3250 κοπετὸν
3198 3196 3276 3259 είς
3304 3193 3506 3265 χαρὰν,
3538 3195 3640 3249 καὶ

2066 3289 2366 3363 περιξῶσαί
2401 3308 2467 3361 με
2515 3288 2870 3360 εὐφροσύνην,
2902 3288 2999 3357 οὐχ
3029 3289 3062 3357 ἡ
3093 3285 3332 3355 τυχοῠσά
3362 3301 3450 3354 μοι
3475 3283 3639 3354 γενή-

2069 3399 2219 3435 σεται
2262 3382 2518 3451 ὠφέλεια.
2567 3375 2874 3431 Ἀπολαὸὼν
2906 3376 3012 3446 γὰρ
3040 3375 3136 3445 τὴν
3168 3373 3436 3442 προτέραν
3465 3373 3642 3440 ἐμαυσ

2066 3473 2159 3527 τοῦ
2183 3471 2360 3537 δόξαν,
2389 3472 2455 3524 δι’
2484 3471 2655 3540 αὐτῆς
2686 3485 2766 3521 σοι
2794 3467 2957 3528 λαλῶ,
2988 3468 3049 3520 ού
3085 3466 3221 3537 μετά
3249 3481 3393 3526 τινος
3425 3461 3637 3532 φαύλης

2070 3565 2421 3636 συνειδήσεως
2441 3579 2455 3593 ο
2478 3563 2634 3616 τοῦτο
2659 3561 2768 3633 γάρ
2791 3560 2940 3631 δηλοῖ
2968 3559 3028 3612 τό
3047 3575 3060 3588 ·
3093 3560 3174 3612 οὐ
3189 3557 3274 3626 μὴ
3299 3551 3635 3622 κατανυγιῶ.

2137 3655 2455 3724 Διέρῤηξας
2493 3653 2600 3706 τὸν
2629 3651 2861 3706 σάκκον
2883 3667 3001 3719 μου
3020 3690 3034 3713 ,
3062 3648 3159 3702 καὶ
3186 3642 3539 3716 περιέζωσάς
3559 3660 3640 3711 με

2070 3745 2476 3813 εὐφροσύνην.
2512 3743 2722 3796 Σάκκον
2767 3737 2888 3794 εἶπε
2931 3740 2992 3792 τὸ
3034 3737 3254 3802 πένθος,
3297 3735 3482 3804 ἐπειδὴ
3515 3733 3641 3797 ἐθος

2068 3839 2178 3899 τοῖς
2207 3839 2263 3888 ἐν
2288 3833 2473 3888 πένθει
2505 3833 2599 3886 καὶ
2629 3833 2815 3902 σάκκῳ
2841 3831 3160 3902 κεχρῆσθαι.
3207 3829 3264 3882 Ὀ
3296 3827 3403 3898 γὰρ
3434 3825 3640 3888 σάκκος

2069 3927 2266 3981 κακίαν
2299 3927 2392 3979 xal.
2440 3924 2711 3993 ἀγνωσίαν
2759 3923 3043 3994 σημαίνειο
3092 3920 3280 3991 ἐπειδὴ
3317 3920 3409 3973 καὶ
3450 3916 3639 3988 τρίχες

2069 4018 2176 4071 τῶν
2223 4019 2426 4088 ἐρίφων
2473 4017 2579 4070 εἰσὶ
2614 4016 2722 4068 τῶν
2768 4016 3066 4085 ἱσταμένων
3103 4013 3162 4078 ἐξ
3193 4011 3505 4082 εὐωνύμων,
3541 4007 3640 4061 λα’.

2068 4102 2160 4156 τοῦ
2189 4103 2574 4172 ἀποπομπαίου
2609 4103 2864 4174 χιμάρου.

2071 4198 2174 4262 Εἰς
2201 4195 2266 4248 τὸ
2295 4194 2468 4261 τέλος
2509 4197 2814 4249 ΨΑΛΜΟΣ
2844 4192 2923 4259 τῷ
2957 4192 3135 4247 Δαυῒδ
3161 4191 3518 4256 ἐκστάσεως.
3551 4189 3634 4244 Λ’.

2696 4287 3017 4350 Ὑπόθεσις.

404 4366 726 4425 Praesentem
765 4369 912 4424 canit
946 4369 1218 4438 psalmum
1263 4365 1421 4436 quasi
1460 4364 1668 4436 peccati
1703 4378 1866 4419 causa
1916 4363 1968 4416 in

2107 4378 2228 4447 ᾼδει
2258 4377 2349 4430 τὸν
2378 4377 2731 4449 προκείμενον
2753 4377 2963 4449 ψαλμὸν
2990 4378 3065 4440 ὡς
3097 4375 3176 4428 ἔτι
3201 4377 3258 4428 ἐν
3279 4379 3343 4446 τῇ
3377 4373 3632 4447 μετανοίᾳ

473 4459 790 4529 paenitentia
820 4457 999 4512 adhuc
1039 4464 1349 4511 versaretur
1379 4463 1433 4509 et
1463 4461 1681 4524 rogaret
1711 4452 1780 4507 ab
1808 4465 1872 4506 eo
1899 4449 1965 4503 li-

475 4550 672 4605 berari.
706 4550 960 4615 Quinimo
993 4559 1052 4603 ut
1077 4549 1188 4620 jam
1216 4547 1505 4603 exauditus
1539 4546 1743 4616 gratias
1771 4544 1880 4614 agit
1904 4559 1968 4597 ac

475 4656 596 4708 quae
635 4640 736 4708 ipsi
767 4640 1095 4708 pmnitentize
1124 4649 1366 4709 tempore
1413 4638 1686 4707 contigere
1732 4644 1916 4688 narrat
1949 4652 1962 4687 :

475 4732 606 4787 illud
635 4740 812 4785 autem
839 4771 853 4795 ,
887 4747 982 4800 pro
1021 4732 1217 4784 exstasi
1237 4769 1252 4792 ,
1286 4729 1421 4782 nihil
1451 4730 1553 4782 nisi
1582 4735 1862 4797 peceatum
1892 4725 1966 4780 si-

474 4823 712 4895 gniticat,
743 4837 851 4892 quo
875 4822 1031 4891 quasi
1061 4837 1091 4874 a
1123 4836 1255 4875 sana
1284 4828 1464 4873 mente
1491 4819 1672 4872 anima
1699 4816 1962 4872 excessit:

476 4924 535 4970 ut
565 4931 670 4970 non
702 4915 840 4968 ultra
868 4929 927 4968 se
949 4921 1289 4982 assumptum
1322 4911 1388 4964 iri
1418 4921 1680 4978 speraret,
1701 4917 1754 4964 et
1785 4909 1962 4979 palam

476 5008 678 5063 diceret
703 5025 715 5060 :
744 5005 853 5075 Ego
883 5013 1056 5058 autem
1083 5004 1195 5057 dixi
1222 5005 1275 5056 in
1306 5017 1516 5057 excessu
1546 5016 1677 5064 meo,
1701 5001 1961 5070 projectus

375 5129 379 5134 -
477 5115 592 5151 sum
619 5115 652 5151 a
681 5098 816 5167 facie
846 5095 1118 5150 oculorum
1147 5103 1376 5149 tuorum.
1837 5093 1841 5100 ’

475 5321 531 5387 2,
564 5321 617 5375 3.
659 5319 724 5372 In
757 5329 824 5386 te,
859 5318 1101 5382 Domine,
1136 5317 1403 5388 speravi...
1437 5314 1645 5370 Inclina
1669 5313 1737 5365 ad
1766 5327 1844 5364 nte
1868 5326 1966 5363 au-

408 5431 514 5472 rem
543 5422 706 5466 tuam.
735 5411 963 5478 Quando
992 5427 1100 5465 non
1130 5420 1302 5481 potest
1329 5411 1532 5465 clamor
1563 5417 1748 5461 noster
1778 5404 1830 5458 in
1875 5403 1953 5455 al-

473 5533 518 5562 "
548 5529 591 5583 ll
619 5529 850 5600 Paralip.
885 5547 1057 5594 xxx",
1081 5530 1151 5584 23

2142 4469 2208 4538 τῇ
2235 4466 2324 4519 διά
2351 4467 2448 4537 τὴν
2477 4466 2747 4538 ἁμαρτίαν
2773 4466 2868 4533 ῶν,
2902 4467 2995 4520 καὶ
3025 4464 3188 4532 ἀξιῶν
3215 4466 3382 4534 αὐτῆς
3417 4461 3634 4515 ἐλευθε-

2145 4557 2403 4629 ρωθῆναι.
2438 4559 2511 4610 Οὐ
2545 4558 2649 4628 μὴν
2688 4557 2822 4612 ἀλλά
2847 4561 2938 4612 καὶ⁸
2965 4558 3040 4622 ὡς
3067 4557 3168 4627 ἤδη
3215 4553 3634 4626 είσηκουσμένος

2143 4646 2494 4718 εὐχαριστίαν
2542 4647 2832 4717 ἀναφέρει⁶
2865 4647 2959 4698 καὶ
2991 4645 3096 4717 μὴν
3135 4646 3228 4698 καὶ
3261 4643 3330 4696 τά
3355 4641 3637 4713 συμϐάντα

2142 4735 2291 4805 αὐτῷ
2313 4735 2368 4786 ἐν
2392 4733 2469 4803 τῷ
2499 4734 2599 4803 τῆς
2623 4735 2908 4804 μετανοίας
2941 4733 3114 4804 καιρῷ
3140 4734 3423 4802 διηγεῖται.
3449 4730 3521 4784 Τὸ
3551 4730 3634 4794 δὲ,

2142 4827 2512 4891 ἐκστάσεως,
2559 4825 2711 4878 οὐδὲν
2742 4824 2925 4896 ἕτερον
2955 4826 2988 4896 ἢ
3032 4826 3199 4896 αὐτὴν
3233 4824 3328 4896 τὴν
3363 4823 3634 4894 ἁμαρτίαν

2143 4923 2272 4990 ἡμῖν
2308 4919 2723 4990 κατασημαίνει,
2758 4920 2824 4972 δι’
2859 4921 2924 4992 ἢν
2956 4921 3142 4990 ῶσπερ
3176 4919 3392 4989 ἀγαθῶν
3423 4919 3635 4990 φρενῶν

2139 5008 2385 5073 ἐξίστατο
2412 5011 2444 5079 ἡ
2475 5010 2637 5082 ψυχή’
2668 5009 2760 5063 καὶ
2794 5009 2869 5073 ῶς
2899 5010 2972 5081 μὴ
2998 5010 3235 5074 ἐλπίζειν
3269 5009 3348 5061 ἔτι
3374 5007 3470 5079 τὴν
3498 5007 3634 5060 ἀνά-

2135 5100 2328 5170 ληψιν,
2363 5101 2588 5168 φάσκειν
2633 5118 2692 5154 τε
2737 5101 2952 5170 σαφῶςο
2991 5100 3129 5170 Ἐγὼ
3171 5099 3240 5153 δὲ
3277 5096 3414 5154 εἶπα
3454 5100 3524 5151 ἐν
3555 5096 3630 5168 τῇ

2137 5193 2422 5246 ἐκστάσει
2446 5211 2586 5263 μουο
2631 5194 2993 5264 Ἀπέῤῥιμμαι
3020 5195 3132 5262 ἄρα
3162 5193 3279 5249 ἀπὸ
3307 5191 3632 5262 προσώπου

2140 5287 2256 5340 τῶν
2282 5287 2603 5359 ὀφθαλμῶν
2627 5306 2762 5344 σου.

2151 5401 2272 5454 Ἐπὶ
2330 5403 2462 5468 σοὶ,
2507 5405 2710 5471 Κύριε,
2759 5403 2991 5472 ἤλπισα
3050 5442 3061 5455 .
3109 5441 3121 5453 .
3169 5441 3181 5452 .
3227 5439 3239 5451 .
3287 5439 3297 5450 .
3344 5439 3354 5450 .
3410 5396 3636 5450 Miror

473 5648 582 5720 (l0)
624 5645 746 5703 [Lee
779 5648 916 5717 apud
968 5647 1239 5704 Danielem
1298 5644 1592 5700 Barbarum
1639 5636 1965 5694 Theodoreti
2000 5650 2118 5690 esse
2160 5633 2422 5689 feruntur.
