3786 6278
167 284 256 341 £57
1275 291 1640 350 EXPOSITIO
1678 291 1744 347 IN
1782 291 2116 352 PSALIUM
2151 297 2317 359 XXX.

3322 306 3431 364 158

162 426 305 492 πρός
352 441 441 495 με
489 424 562 479 τὸ
613 422 723 491 οὖς
767 440 905 480 σου.
946 426 1097 480 Ἐπεὶ
1124 426 1200 498 μὴ
1234 427 1482 500 φθάνειή
1520 428 1753 499 ἡμετέρα

1876 419 1978 465 lum
2008 414 2312 483 pertingere
2334 453 2349 476 .
2388 414 2586 470 inclina
2624 430 2809 473 aurem
2842 425 2988 472 tuam
3020 416 3087 473 ad
3116 432 3223 485 me,
3258 428 3310 475 te
3342 431 3433 476 at-

162 516 377 587 ιραυγὴ
411 517 505 579 είς
544 514 610 567 τὸ
657 514 825 584 ὕψος,
872 514 1050 569 κλῖνον
1094 515 1155 568 τὸ
1198 512 1292 579 οὖς
1341 532 1435 570 σου
1467 516 1603 587 πρὸς
1636 514 1757 587 ἐμὲ,

161 607 243 660 διὰ
270 606 373 659 τοῦ
414 605 882 674 συγκαταϐαίνειν
912 622 1021 677 μοι.

237 696 526 762 Ἐ’ξὰξεις
576 713 657 765 με
700 695 767 749 ἐκ
816 695 1066 767 παγίδος
1099 695 1323 762 ταύτης
1360 690 1437 764 ἧς
1484 691 1761 762 ἔκρυψαν

161 803 273 854 μω.
324 785 805 855 Ἐφεδρεύσαντες
841 784 950 856 γὰρ
983 784 1144 838 αὐτοῦ
1171 785 1270 854 τὴν
1308 783 1506 856 ψυχὴν,
1542 782 1760 838 συνελά-

165 876 315 929 ϐοντο
350 875 552 929 αὐτόν.
608 876 695 929 Ἐν
726 875 867 939 τίνι;
899 877 957 928 ὲν
979 877 1044 947 τῇ
1071 875 1336 946 ἁμαρτίᾳ.

243 964 617 1031 ἐλυτρώσω
642 981 720 1032 με
739 1004 754 1026 ,
785 964 997 1031 Κύριε,
1041 965 1074 1016 d
1120 962 1266 1027 Θεὸς
1298 960 1410 1029 τῆς
1449 963 1755 1031 ἀληθείας.

176 1056 257 1118 Ὦς
278 1055 386 1125 ἤδη
418 1053 812 1117 εἰσακουσθεὶς
836 1052 1061 1107 τοιαῦτά
1086 1069 1269 1125 φησιν.

238 1146 593 1215 Ἐμίσησας
623 1144 767 1210 τοὺς
802 1142 1341 1212 διαφυλάσσοντας
1363 1147 1760 1214 ματαιότητος

163 1233 481 1301 διακενῆς.
528 1232 919 1304 Ματαιὸτητὰς
985 1248 1117 1303 φησι
1182 1231 1278 1285 τοῦ
1328 1234 1592 1304 παρόντος
1644 1233 1757 1304 βίου

162 1328 279 1387 to);
304 1324 773 1397 περισπασμούς*
801 1323 896 1388 οὒς
923 1324 1018 1379 καὶ
1042 1322 1396 1394 ἐργαζόμενοι
1425 1326 1759 1395 ματαιότητα

164 1420 463 1490 πονοῦμεν.
490 1419 814 1490 Παρέπεται
853 1416 951 1480 τὸ,
985 1414 1287 1485 διακενῆς,
1328 1415 1406 1487 τῷ
1435 1416 1758 1486 φυλάσσοντι

164 1511 573 1581 ματαιότητας.

238 1601 746 1671 Ἀγαλλιάσομαι,
776 1602 876 1654 καὶ
901 1600 1414 1671 εὐφρανθήσομαι.
1440 1600 1632 1670 Λύπην
1662 1599 1760 1653 καὶ

162 1694 225 1748 τὰ
254 1693 434 1747 λοιπὰ
468 1693 626 1763 πάθη
658 1694 1071 1765 καταπατήσας.

224 1786 338 1840 Καὶ
358 1785 443 1838 οὐ
469 1781 891 1847 συνέκλεισάς
913 1799 990 1851 με
1012 1786 1100 1849 εις
1125 1783 1327 1852 χεῖρας
1350 1779 1598 1851 ἐχθρῶν.
1616 1780 1759 1834 ’Δντὶ

161 1877 269 1939 τοῦ,
294 1878 364 1930 οὐ
394 1875 828 1946 παραδέδωκας.
857 1875 1161 1942 Ἕστησιις
1187 1875 1258 1928 ἐν
1282 1871 1596 1942 εὐρυχώρῳ
1618 1870 1759 1937 τοὺς

160 1969 351 2034 πόδας
375 1985 534 2038 μου.
579 1964 922 2030 Ἀπαλλάξας
954 1982 1021 2036 με
1053 1965 1302 2036 θλίψεως,
1337 1965 1676 2034 κατέστησας
1701 1965 1758 2016 ὲν

161 2062 345 2117 ἀνέσει
383 2060 488 2114 καὶ
521 2056 869 2129 εὐρυχωρίᾳ.

233 2151 589 2220 Ἐταράκθη
639 2148 711 2202 ἐν
741 2147 907 2217 θυμῷ
954 2151 987 2202 ό
1014 2147 1320 2218 ὀφθαλμός
1354 2164 1495 2216 μου.
1521 2147 1560 2214 ἡ
1586 2145 1757 2216 ψυχή

155 2263 269 2317 μου
302 2245 413 2299 και
460 2245 505 2311 ἡ
543 2242 778 2311 γαστήρ
800 2259 941 2310 μου.
968 2242 1179 2312 Ὠσπερ
1212 2239 1486 2311 ὀφθαλμὸν
1513 2240 1603 2294 τὸν
1634 2238 1759 2293 νοῦν

159 2337 255 2407 τῆς
297 2335 494 2406 ψυχῆς
530 2350 720 2405 φησιν,
752 2332 895 2386 οὕτω
932 2334 1027 2387 καὶ
1079 2332 1323 2403 γαστέρα
1363 2331 1498 2402 φησὶ
1528 2332 1626 2401 τῆς
1657 2328 1760 2399 ψυ-

163 2428 258 2497 χῆς
286 2428 397 2497 τὴν
429 2424 687 2497 μνήμην*
721 2426 780 2476 ὲν
874 2422 1063 2494 ὥσπερ
1095 2423 1154 2477 ὲν
1183 2421 1382 2493 γαστρὶ
1411 2420 1510 2484 τὰς
1536 2416 1757 2488 λογικὰς

163 2517 548 2589 ἀποτιθέμεθα
578 2516 811 2588 τροφάς.
851 2516 913 2569 Ἠ
948 2515 1119 2584 ψυχή
1154 2532 1274 2585 μου
1318 2515 1418 2568 καί
1458 2516 1497 2582 ἠ
1529 2511 1758 2582 γαστήρ

157 2628 291 2678 μου.
331 2610 667 2677 ’Δπέστησα
697 2606 789 2662 τὸν
820 2604 1098 2677 ὀφθαλμόν
1127 2624 1226 2677 μου
1250 2605 1357 2660 ἀπὸ
1377 2604 1471 2659 τοῦ
1497 2603 1626 2658 λαοῦ
1651 2603 1757 2657 τῶν

173 2700 448 2754 Ἰουδαίων
484 2700 547 2751 ὲν
580 2696 741 2768 θυμῷ
763 2697 860 2751 καὶ
890 2698 1024 2769 ὀργῇ
1051 2698 1282 2770 μεγάλῃ.
1704 2704 1711 2713 ⁸

227 2793 356 2846 Ὀτι
378 2790 682 2856 ἐξέλιπεν
703 2790 772 2843 ἐν
799 2789 987 2857 ὀδύνῃ
1016 2791 1055 2858 ἡ
1089 2788 1199 2856 ζωή
1236 2805 1378 2859 μου.
1409 2788 1481 2842 Τὸ
1512 2788 1759 2841 ἐπιτετα-

166 2885 325 2954 μένον
357 2883 470 2953 τῆς
513 2879 757 2943 διανοίας
787 2880 956 2951 δηλοῖ.
983 2880 1093 2935 Καὶ
1120 2880 1193 2934 τὰ
1220 2881 1326 2949 ἐτη
1350 2899 1468 2950 μου
1507 2879 1580 2933 ὲν
1618 2895 1755 2933 στε-

162 2976 438 3048 ναγμοῖς.
461 2974 778 3038 Διετέλεσα,
824 2973 980 3044 φησὶ,
1004 2971 1272 3037 στενάζων
1292 2973 1400 3027 ἀπὸ
1422 2972 1530 3025 τῶν
1547 2970 1754 3025 κακῶν.

1862 506 2214 573 temperando
2238 508 2391 561 mihi.

1929 686 1984 740 5.
2027 684 2233 740 Educes
2271 701 2352 740 me
2384 685 2448 740 de
2490 686 2674 757 laqueo
2716 688 2813 742 hoc
2846 706 2999 760 quem
3039 690 3423 745 absconderuut

1862 778 2010 834 mihi.
2037 777 2258 833 lnsidiis
2290 777 2436 832 enim
2462 776 2581 844 ejus
2615 778 2812 834 anima:
2836 781 3043 850 paratis
3068 783 3432 853 comprehen—

1859 872 2054 928 derunt
2081 886 2244 938 eum;
2273 871 2330 926 in
2360 871 2507 942 quo?
2538 870 2591 924 in
2623 881 2860 938 peccato.

1929 964 1984 1018 6.
2024 961 2311 1017 Redemisti
2354 978 2455 1029 me,
2506 960 2746 1025 nomine,
2789 960 2930 1017 Deus
2963 964 3221 1019 veritatis.
3255 962 3423 1030 Quasi

1855 1054 1968 1125 jam
1996 1055 2328 1123 postulatum
2353 1055 2676 1124 impetrarit,
2701 1057 2803 1112 hoc
2835 1055 2932 1109 ait.

1930 1146 1984 1199 7.
2028 1144 2205 1200 Odisti
2232 1147 2563 1201 obseruantes
2591 1147 2849 1200 vanitates
2879 1160 3259 1213 supervacue...
3311 1141 3421 1198 Va-

1861 1241 2057 1295 nitates
2085 1238 2322 1309 appellat
2343 1239 2506 1309 hujus
2528 1239 2654 1293 vitae
2677 1238 3083 1303 distractiones,
3112 1236 3311 1307 quibus
3332 1252 3425 1288 va-

1862 1342 2047 1389 cantes
2090 1333 2143 1385 in
2186 1348 2384 1386 vanum
2436 1332 2770 1387 laboramus.
2822 1328 3200 1399 Subsequitur,
3242 1344 3425 1398 super-

1859 1443 2041 1492 vacue,
2068 1426 2135 1482 de
2163 1440 2228 1481 eo
2257 1426 2469 1482 scilicet
2497 1425 2591 1495 qui
2622 1424 2878 1480 observat
2905 1421 3195 1477 vanitates.

1929 1603 1983 1658 8.
2041 1602 2330 1658 Exsultabo
2368 1613 2429 1657 et
2480 1601 2721 1657 letabor.
2772 1598 3023 1656 Dolorem
3077 1610 3136 1654 et
3186 1597 3441 1667 reliquos.

1860 1696 2026 1751 animi
2062 1705 2242 1751 motus
2272 1695 2619 1750 conculcans.

1930 1787 1984 1843 9.
2028 1785 2139 1841 Nec
2170 1786 2480 1841 conclusisti
2513 1803 2593 1840 me
2619 1788 2673 1839 in
2704 1784 2944 1839 manibus
2990 1780 3232 1846 inimici,
3265 1776 3437 1849 quasi

1857 1882 2021 1945 dicat,
2058 1895 2167 1935 non
2208 1878 2501 1934 tradidisti.
2534 1877 2790 1933 Statuisti
2821 1877 2876 1930 in
2911 1876 3025 1929 loco
3059 1872 3295 1942 spatioso
3332 1887 3426 1940 pe-

1858 1973 1948 2027 des
1983 1988 2165 2027 meos:
2194 1981 2480 2041 postquam
2510 1969 2751 2025 liberaSti
2782 1983 2868 2023 me
2903 1967 2971 2021 ab
3001 1978 3203 2034 angore
3231 1962 3424 2028 animi,

1858 2063 2100 2120 statuisti
2127 2062 2182 2116 in
2210 2061 2564 2131 tranquillum
2589 2069 2643 2115 et
2672 2057 2955 2129 paciﬁcum
2985 2065 3211 2111 statum.

1931 2152 2288 2210 Conturbatus
2314 2162 2391 2207 est
2422 2154 2481 2206 in
2506 2154 2589 2206 ira
2623 2149 2803 2205 oculus
2838 2164 3001 2214 meus,
3028 2147 3208 2201 anima
3231 2160 3344 2199 mea
3373 2150 3423 2196 et

1857 2256 2031 2303 uenter
2068 2262 2232 2300 meus.
2268 2243 2420 2299 Sicut
2459 2251 2693 2297 mentem
2723 2256 2822 2295 ceu
2853 2240 3051 2293 anima:
3073 2235 3319 2297 oculum,
3349 2233 3431 2286 ita

1856 2353 1913 2396 et
1938 2340 2258 2395 memoriam
2280 2346 2529 2393 ventrem
2563 2334 2759 2389 anima:
2789 2330 2952 2385 habet
2978 2348 2992 2383 :
3028 2328 3082 2382 in
3111 2341 3220 2397 qua
3241 2339 3339 2379 ceu
3366 2324 3423 2378 in

1859 2443 2051 2490 ventre
2085 2430 2439 2487 rationabiles
2471 2428 2624 2483 cibos
2656 2424 2997 2495 deponimus.
3039 2418 3193 2473 Alius
3237 2416 3421 2471 codex.

1859 2526 2050 2580 Anima
2083 2542 2198 2580 mea
2231 2533 2279 2578 et
2312 2531 2486 2577 venter
2515 2535 2676 2574 meus.
2716 2516 2895 2571 Averti
2930 2514 3147 2570 oculum
3183 2523 3362 2566 meum
3391 2523 3423 2562 a

1856 2620 2086 2675 Judaico
2115 2617 2316 2689 populo
2343 2616 2399 2669 in
2430 2613 2614 2670 l'urore
2634 2620 2689 2668 et
2718 2610 2770 2665 in
2798 2609 2879 2664 ira
2908 2621 3125 2676 magna.

1932 2798 2018 2853 10.
2047 2797 2311 2863 Quoniam
2338 2794 2527 2865 defecit
2558 2794 2610 2847 in
2645 2790 2823 2845 dolore
2853 2789 2959 2843 vita
2993 2801 3128 2841 mea.
3156 2786 3421 2837 talentum

1857 2892 2012 2946 valde
2064 2889 2309 2945 animum
2341 2886 2565 2942 indicat.
2600 2884 2668 2939 Et
2700 2898 2864 2937 annos
2897 2894 3035 2933 meos
3060 2877 3117 2931 in
3148 2870 3425 2945 gemitibus

1859 2980 2095 3049 transegi
2126 2994 2348 3049 gemens
2379 2978 2450 3032 ob
2488 2976 2758 3030 malorum
2800 2967 3216 3027 vehementiam.
3261 2961 3427 3032 Inﬁr-

173 3070 559 3136 Ἡσθένησεν
611 3067 681 3119 ὲν
730 3065 991 3134 πτωχείᾳ
1023 3065 1062 3132 ἠ
1110 3066 1288 3134 ἰσχύς
1319 3082 1457 3135 μου.
1504 3061 1753 3134 Πτωχεύ-

1876 3083 2006 3127 ποια
2049 3083 2126 3127 est
2158 3073 2209 3126 in
2238 3069 2545 3141 pdupertate
2567 3068 2735 3122 virtus
2767 3080 2901 3119 mea.
2924 3062 3058 3117 Cum
3089 3069 3241 3115 tuum
3270 3054 3427 3112 auxi-

163 3176 282 3223 σας,
315 3160 486 3229 φησὶ,
520 3157 626 3227 τῆς
649 3154 804 3226 παρὰ
831 3154 926 3207 σοῦ
962 3153 1208 3225 βοηθείας
1228 3153 1314 3207 διὰ
1338 3152 1435 3225 τὴν
1464 3152 1757 3224 ἁμαρτίαν,

162 3252 471 3322 ἠσθένησα.
507 3249 620 3303 Kal
662 3248 737 3301 τὰ
779 3244 934 3302 ὀστᾶ
962 3262 1083 3316 μου
1119 3244 1556 3315 ἐταράχθησαν.
1599 3245 1762 3298 Ὀστᾶ

162 3346 261 3408 τὰς
280 3345 390 3414 τῆς
414 3343 609 3413 ψυχῆς
629 3342 892 3412 δυνάμεις
918 3339 1101 3411 φησίν.

232 3436 390 3508 [Ὅτι
430 3434 724 3498 ἐξέλιπεν
753 3432 825 3486 ἐν
850 3431 1035 3499 ὀδύνῃ
1082 3432 1120 3499 ἡ
1155 3429 1264 3499 ζωή
1289 3448 1429 3500 μου.
1474 3430 1536 3484 Ἦ
1561 3428 1756 3493 ἔνδεια,

165 3528 323 3597 eqd,
377 3524 494 3580 τῶν
536 3523 851 3592 ἀναγκαίων
878 3522 1138 3596 κατέτηξέ
1173 3538 1274 3593 μου
1303 3521 1365 3575 τὸ
1408 3521 1586 3592 σῶμα,
1620 3522 1700 3575 ὅτι
1731 3522 1760 3574 ὁ

168 3620 327 3687 Σιφεὶ
354 3617 458 3671 καὶ
499 3618 531 3669 ὁ
574 3615 832 3687 Βερσελεὶ
864 3615 1099 3687 ἤνεγκαν
1124 3613 1202 3685 τῷ
1227 3612 1392 3667 Δαυῒδ
1428 3612 1634 3684 πυροὺς
1666 3612 1759 3665 καὶ

166 3706 387 3779 κριθὰς,
410 3706 511 3760 καὶ
534 3704 758 3777 ἄλευρα,
788 3705 880 3759 καὶ
901 3704 1132 3776 κύαμον,
1158 3703 1471 3774 καὶηφάκον,
1499 3702 1591 3756 καὶ⁵
1613 3700 1756 3774 μέλι,

168 3800 265 3852 καὶ
312 3799 486 3869 ἕτερά
528 3812 687 3851 τινα·
732 3797 833 3851 καὶ
874 3797 1142 3868 τάπητας,
1169 3797 1263 3850 καὶ
1296 3794 1625 3868 στρώματα·
1665 3795 1760 3847 καὶ

169 3892 566 3962 προσήνεγκαν
607 3889 687 3961 τῷ
733 3888 847 3961 λαῷ
891 3889 1087 3955 ταῦτα,
1117 3888 1211 3943 καὶ
1258 3886 1357 3952 τὰς
1391 3887 1633 3959 τροφάς·
1675 3885 1758 3938 ὅτι

170 3985 358 4054 ελεγον
387 3983 486 4036 τὸν
536 3982 667 4035 λαὸν
713 3981 927 4052 πεινᾷν,
962 3981 1058 4034 καὶ
1100 3977 1418 4033 ἐκλελύσθαι
1457 3977 1759 4048 διψήσαντα

172 4078 232 4130 ἓν
258 4077 325 4146 τῇ
357 4070 607 4146 ἐρήμῳ-1

241 4166 415 4235 Παρὰ
443 4164 679 4229 πάντας
705 4164 846 4230 τοὺς
872 4164 1121 4232 ἐχθρούς
1142 4179 1261 4231 μου
1286 4160 1578 4230 ἐγενήθην
1603 4160 1756 4215 ὄνει-

172 4258 296 4322 δος.
330 4255 577 4329 [Νεκρὺς
609 4255 710 4325 μὲν
741 4254 851 4307 ἀπὸ
882 4254 1109 4326 καρδίας
1149 4253 1298 4307 ἐστὶν
1333 4254 1361 4306 ὁ
1398 4253 1758 4325 ἐστερημένος

172 4346 437 4420 optarim]
482 4346 595 4402 Καὶ
636 4348 685 4399 οἱ
722 4344 906 4418 ἐχθροί
948 4363 1069 4416 μου,
1114 4344 1298 4416 φησὶν,
1343 4343 1617 4409 ὠνείδιζόν
1664 4362 1752 4415 με,

173 4441 264 4497 καὶ
294 4442 346 4493 oi
376 4438 619 4508 γνωστοί
654 4456 755 4507 μου
781 4437 1070 4507 ὲφοδοῦντό
1098 4453 1164 4508 με
1182 4478 1195 4502 ,
1232 4436 1326 4490 καὶ
1349 4438 1398 4490 oi
1430 4436 1757 4509 Θεωροῦντες

172 4533 489 4601 ἀπέφευγον
538 4529 632 4583 διὰ
682 4528 778 4600 τὴν
833 4528 1134 4601 ὑπερϐολὴν
1178 4523 1247 4600 ἧς
1297 4528 1759 4600 ύπερεδεικνύμην

173 4624 495 4695 μετανοίας*
526 4622 716 4692 σάκκῳ
735 4622 795 4675 δὲ
823 4622 915 4674 καὶ
944 4621 1124 4692 σποδῷ
1155 4620 1642 4692 ητατρυχὸμενος,
1666 4623 1761 4676 καὶ

169 4718 388 4789 ἡμέρας
425 4716 527 4768 καὶ
570 4714 766 4777 νυκτὸς
798 4713 1019 4768 κλαίων.
1059 4714 1151 4767 Διὸ
1186 4714 1281 4767 καὶ
1326 4714 1634 4784 φευγόντων
1657 4715 1757 4768 αὐ-

170 4807 296 4871 τῶν,
327 4807 395 4857 ὲν
425 4803 572 4877 λήθῃ
604 4808 929 4874 γεγένημαι,
977 4803 1167 4875 ὥσπερ
1210 4803 1400 4876 ἀμέλει
1436 4806 1529 4858 καὶ
1569 4806 1761 4877 νεκρὸς

169 4897 393 4951 ἐδόκουν
439 4894 628 4948 σκεύει
673 4893 907 4946 ἑοικέναι
962 4893 1281 4950 ἀπολωλότι.
1330 4894 1405 4947 Τὸ
1456 4896 1544 4959 δὲ,
1602 4895 1763 4964 παρὰ

171 4988 429 5053 πάντας,
464 4986 568 5056 οὐχ
595 4984 737 5057 ὑπὲρ
770 4983 976 5050 πάντας
1005 4988 1178 5039 εἰπεῖν
1207 4986 1475 5057 βούλεται,
1505 4987 1617 5041 ἀλλ’
1636 4966 1763 5041 κάντὶ

170 5078 281 5142 τοῦ,
306 5076 473 5148 παρὰ
494 5076 725 5137 πάντας·
757 5074 1031 5128 τουτέστιν
1062 5074 1213 5147 παρὰ
1239 5076 1347 5129 τῶν
1378 5077 1586 5149 ἐχθρῶν
1606 5077 1761 5131 ὠνει-

170 5169 379 5238 δίσθην.
407 5165 572 5220 Οὕτω
599 5166 709 5237 γὰρ
738 5164 886 5235 λέγει
916 5167 1011 5220 καὶ
1047 5168 1297 5232 ’Δκύλαςε
1329 5169 1495 5238 Παρὰ
1520 5168 1762 5224 πάντων

169 5259 287 5316 τῶν
309 5257 554 5329 ἐχθρῶν
579 5275 702 5327 μου
729 5256 1029 5327 ἐγενήθην
1052 5258 1301 5326 ὄνειδος.

234 5352 365 5406 Ὅτι
390 5350 638 5419 ἤκουσα
676 5352 872 5421 ψόγον
902 5351 1150 5406 πολλῶν
1173 5354 1615 5421 παροικούντων
1645 5371 1753 5408 κυ-

171 5442 411 5498 κλόθεν.
451 5441 639 5509 Ψόγον
680 5441 780 5512 τὴν
832 5441 1123 5513 ὲπιὸουλήν
1156 5458 1338 5512 φησιν.
1365 5442 1526 5511 Λέγει
1558 5444 1614 5497 δὲ
1633 5486 1648 5511 ,
1677 5444 1751 5508 ὡς

172 5536 217 5587 οἱ
246 5533 437 5604 ἐχθροὶ
469 5532 736 5587 ἑκύκλουν
761 5533 1217 5598 ἐπιϐουλεύοντες.
1261 5536 1370 5590 Τοῦ
1402 5536 1609 5590 λαϐεῖν
1642 5535 1756 5603 τὴν

84 5696 127 5721 ἂν
406 5643 535 5721 μου
580 5625 1045 5683 ἐϐουλεύσαντο.
1087 5629 1226 5699 Ἐγὼ
1265 5629 1331 5684 δὲ
1361 5629 1457 5682 ἐπὶ
1485 5630 1608 5695 σοὶ,
1643 5630 1755 5687 Kr}-

242 5717 288 5752 “
327 5717 371 5772 ιι
406 5715 540 5788 Reg.
579 5733 690 5776 va.
728 5718 839 5774 1-4.

1785 4406 1832 4463 D

1861 3167 1995 3220 lium
2026 3164 2423 3220 emendicarem
2452 3168 2674 3231 propter
2706 3166 2926 3228 peccata
2957 3168 3098 3220 mea,
3118 3151 3431 3211 inﬁrmatus

1860 3275 1999 3318 sum.
2039 3258 2108 3313 Et
2136 3273 2257 3312 ossa
2286 3272 2400 3310 mea
2428 3253 2741 3307 conturbata
2766 3259 2909 3305 sunt.
2953 3245 3088 3302 Ossa
3122 3245 3317 3301 anima
3346 3244 3426 3299 ia-

1859 3355 2093 3410 cultates
2118 3349 2373 3420 appellat.

1930 3444 2219 3518 [Quoniam
2247 3440 2433 3510 defecit
2465 3439 2519 3493 in
2549 3435 2729 3490 dolore
2759 3435 2869 3489 uita
2906 3450 3043 3487 mea.
3072 3431 3307 3496 Rerum,
3342 3428 3427 3482 in-

1859 3538 1977 3608 quit
1993 3537 2058 3602 “,
2083 3533 2514 3590 necessariarum
2536 3530 2737 3599 inopia,
2751 3541 2950 3596 corpus
2964 3538 3140 3577 meum
3157 3521 3277 3576 tabe
3295 3533 3426 3574 con—

1862 3631 2020 3693 fecit,
2048 3630 2176 3699 qu‘a
2203 3625 2330 3681 Siba
2364 3634 2417 3679 et
2441 3620 2700 3678 Bercellai
2746 3617 2933 3672 Davidi
2979 3613 3276 3671 attulerunt
3306 3612 3425 3666 l'ru-

1858 3729 2100 3778 mentum
2132 3724 2186 3773 et
2216 3715 2501 3780 hordeum,
2535 3711 2791 3777 farinam,
2843 3709 3021 3773 fabas,
3065 3706 3284 3768 lentem,
3318 3702 3425 3757 mel

1857 3825 1912 3871 et
1936 3814 2036 3868 alia
2063 3813 2334 3883 quaedam,
2359 3823 2573 3863 necnon
2605 3813 2814 3874 tapetas
2853 3811 2907 3855 et
2932 3799 3198 3854 velamina
3226 3813 3240 3851 :
3264 3804 3427 3863 atque

1859 3908 2046 3964 isthaec
2091 3904 2293 3976 populo
2325 3918 2447 3958 cum
2480 3899 2601 3954 aliis
2634 3897 2771 3952 cibis
2800 3893 3144 3955 obtulerunt,
3177 3886 3306 3959 quia
3337 3884 3424 3938 di-

1858 3999 2054 4056 cebant
2093 3994 2352 4066 populum
2396 3992 2537 4046 fame
2572 3989 2821 4043 laborare
2843 4026 2858 4052 ,
2904 3998 2968 4040 ac
2997 3980 3085 4036 siti
3118 3979 3422 4035 confectum

1859 4090 2095 4148 solutum
2130 4086 2301 4142 fuisse
2337 4084 2390 4138 in
2418 4078 2677 4153 deserto.]

1930 4182 2017 4237 12.
2062 4179 2232 4251 Super
2264 4192 2438 4232 omnes
2486 4174 2727 4227 inimicos
2773 4186 2912 4224 meos
2959 4167 3133 4237 factus
3177 4175 3295 4215 sum
3334 4174 3429 4227 ορ-

1857 4250 2149 4344 probrium,
2182 4281 2287 4326 etc.
2318 4268 2588 4347 [Mortuus
2614 4280 2642 4319 a
2679 4264 2843 4319 corde
2874 4269 2976 4322 est,
3017 4256 3109 4327 qui
3134 4250 3425 4308 virtutibus

1859 4375 1943 4423 est
1971 4363 2220 4435 vacuus.]
2247 4344 2456 4416 Inimici
2484 4357 2610 4423 mei,
2646 4355 2859 4424 inquit,
2890 4365 2975 4405 me
3009 4344 3270 4402 conviciis
3294 4356 3426 4396 one.-

1862 4460 2055 4516 rabant
2081 4477 2094 4513 :
2125 4467 2179 4513 et
2204 4433 2322 4511 noti
2356 4454 2461 4509 mei
2508 4450 2758 4519 fugerunt
2793 4460 2897 4499 me.
2930 4441 2996 4495 Et
3026 4438 3119 4510 qui
3158 4450 3244 4489 me
3273 4433 3420 4488 vide.

1856 4553 1987 4607 bant
2012 4549 2340 4620 aufugerunt
2360 4545 2431 4601 ob
2452 4539 2876 4613 magnitudinem
2906 4531 3240 4605 pmnitentiaa
3266 4543 3420 4589 mea;

1858 4662 2020 4704 sacco
2049 4644 2195 4699 enim
2226 4653 2280 4695 et
2320 4640 2503 4694 cinere
2534 4642 2873 4696 maceratus,
2904 4628 3095 4684 ﬂebam
3130 4623 3217 4679 die
3247 4628 3427 4675 noctv-

1858 4755 1985 4810 que.
2013 4735 2193 4803 Quare
2219 4732 2555 4804 fugientibus
2584 4728 2725 4791 illis,
2754 4725 2810 4779 in
2840 4721 3166 4780 oblivionem
3196 4714 3425 4810 veni,uct

1858 4807 1958 4888 ceu
1995 4838 2246 4885 mortuus
2288 4842 2406 4883 esse
2431 4825 2674 4892 videbar,
2720 4828 2779 4876 ut
2822 4818 2940 4874 vasi
2974 4813 3186 4887 perdito
3229 4807 3424 4864 similis

1858 4936 2056 4978 essem.
2094 4919 2230 4975 lllud
2262 4925 2442 4973 autem
2477 4930 2633 4985 super
2664 4928 2864 4977 omnes,
2902 4922 3009 4962 non
3039 4903 3140 4960 sibi
3168 4900 3282 4954 vult
3313 4910 3427 4966 pra.

1860 5014 2139 5077 omnibus,
2171 5011 2265 5068 sed
2291 5008 2435 5081 apud
2461 5022 2676 5070 omnes,
2712 5005 2764 5059 id
2796 5011 2878 5057 est
2900 5041 2916 5067 ,
2952 5000 3019 5053 ab
3055 4992 3291 5049 inimicis
3326 5004 3423 5081 op-

1860 5107 2081 5181 probrio
2107 5079 2370 5160 oneratus
2397 5113 2541 5156 sum.
2585 5095 2678 5152 Sic
2711 5094 2855 5149 enim
2887 5089 3049 5144 habet
3071 5080 3269 5181 bquila
3295 5094 3311 5132 :
3342 5079 3421 5133 Ab

1859 5175 2100 5256 omnibus
2130 5194 2364 5250 inimicis
2398 5192 2527 5246 meis
2564 5189 2737 5259 factus
2761 5198 2878 5239 sunt
2900 5175 3255 5249 opprobrium.

1936 5358 2023 5411 M.
2094 5353 2358 5422 Quoniam
2414 5347 2595 5401 audivi
2649 5338 3080 5410 vituperationem
3135 5332 3419 5388 multorum

1861 5444 2297 5500 commorantium
2326 5440 2383 5493 in
2409 5437 2659 5491 circuitu.
2695 5426 3162 5499 Vituperationem
3197 5421 3426 5478 insidias

1864 5548 2042 5595 vocat.
2077 5538 2168 5593 Ait
2197 5545 2374 5592 autem
2418 5532 2563 5604 quod
2608 5527 3009 5583 circumdanles
3042 5519 3244 5577 inimici
3290 5517 3425 5571 insi-

1863 5634 2159 5689 diarentur.
2195 5630 2437 5699 Accipere
2476 5626 2710 5682 animam
2754 5635 2920 5676 meam
2966 5614 3233 5673 consiliati
3278 5620 3421 5665 sunt.
