3786 6278
424 254 527 311 159

1263 253 1322 309 S.
1358 252 1732 309 ATHANASII
1761 250 1912 307 OPP.
1952 248 2132 304 PARS
2170 246 2256 303 111.
2294 279 2365 289 —-
2402 247 2809 305 EXEGETICA.

3561 241 3706 297 160

418 369 533 438 Ege
563 378 737 424 autem
770 372 827 424 in
857 380 906 424 te
933 371 1139 438 speravi
1159 410 1173 435 ,
1211 369 1456 424 Do‘mine.
1484 369 1587 425 Per
1614 369 1853 423 animam
1881 380 1978 420 cor

2094 379 2185 429 ne,
2208 362 2460 430 ἤλπισα.
2497 364 2597 417 Διὰ
2628 363 2727 433 τῆς
2757 361 2933 432 ψυχῆς
2961 360 3057 431 τὴν
3088 359 3310 432 καρδίαν
3343 358 3705 429 λαμϐάνου-

419 460 664 530 capiunt,
692 475 789 531 per
812 463 950 525 iram
988 469 1042 517 et
1076 461 1398 531 cupiditates
1440 469 1674 517 mentem
1701 458 1976 514 occidunt.

490 638 578 694 16.
619 638 688 695 In
717 640 956 696 manibus
988 641 1092 695 tuis
1120 649 1286 697 sortes
1312 658 1457 698 mete.
1508 640 1735 697 Etiamsi
1768 638 1980 693 insidiis

418 730 625 787 inimici
652 733 893 788 animam
924 748 1100 788 meam
1122 735 1587 804 comprehendere
1618 739 1866 803 satagant
1888 747 1903 795 ;
1925 739 1981 784 at
2004 752 2017 759 ε

419 828 594 876 sortes
623 832 756 876 mese
788 830 916 876 tutae
944 831 1072 877 sunt
1114 823 1170 877 in
1204 824 1458 879 manibus
1483 825 1612 888 tuis,
1659 838 1796 893 quas
1822 820 1979 876 dabis

416 910 472 964 in
501 919 742 982 tempore
766 914 917 980 mihi,
935 916 1193 985 quoniam
1227 916 1281 970 in
1306 924 1359 971 te
1376 931 1525 985 spem
1546 915 1753 970 colloco
1776 926 1974 968 meam.

416 998 781 1065 Quamobrem
824 1021 955 1073 rogo
998 1006 1051 1060 in
1087 1008 1342 1076 praesenti
1376 1006 1592 1062 liberari
1634 1006 1704 1060 ab
1738 1004 1978 1062 inimicis

414 1091 573 1146 meis.
606 1093 759 1148 Atius
784 1095 968 1150 codex.
1005 1098 1084 1152 llli
1104 1137 1121 1164 ,
1152 1099 1349 1169 inquit,
1394 1099 1589 1163 coacti,
1624 1111 1808 1153 necem
1841 1097 1976 1152 milii

412 1182 757 1243 moliuntur:
788 1203 889 1259 ego
929 1199 1111 1245 autem
1158 1201 1211 1247 te
1238 1191 1411 1247 Deum
1460 1193 1587 1247 novi
1632 1191 1764 1246 mihi
1813 1199 1979 1260 atque

414 1284 724 1339 patronum.
762 1278 923 1349 Eripe
966 1298 1045 1336 me
1066 1283 1130 1337 de
1154 1299 1313 1338 manu
1341 1286 1677 1338 inimicorum
1719 1299 1974 1345 meorum,

413 1371 465 1416 et
499 1380 531 1417 a
566 1372 993 1438 persequentibus
1020 1389 1120 1427 me.
1153 1373 1301 1445 Fuge
1339 1376 1760 1445 malignitatem,
1799 1376 1978 1444 inquit

415 1455 711 1523 Apostolus
728 1459 795 1522 ³⁷,
825 1461 1039 1517 etiamsi
1068 1464 1413 1532 persequitur
1444 1463 1771 1533 malignitas,
1794 1479 1977 1533 perse-

414 1548 601 1614 quitur
627 1555 805 1603 tamen
846 1549 1150 1622 fornicatio,
1190 1554 1442 1619 avaritia,
1489 1554 1661 1619 furor,
1697 1554 1816 1609 ira:
1846 1558 1977 1612 reli-

413 1651 520 1705 qua
559 1636 891 1695 defecerunt.

488 1816 577 1872 Π.
626 1818 853 1876 Illustra
901 1824 1093 1892 faciem
1146 1835 1292 1882 tuam
1334 1846 1493 1899 super
1530 1846 1736 1885 servum
1770 1841 1971 1886 tuum:

412 1908 620 1965 salvum
646 1929 727 1966 me
764 1914 851 1981 {ac
885 1915 939 1968 iu
968 1918 1331 1974 misericordia
1359 1930 1472 1976 tua.
1497 1921 1632 1977 Nam
1662 1934 1714 1979 te
1738 1924 1977 1979 animam

416 2015 592 2056 meam
624 2002 949 2067 illustrante.
967 2008 1145 2062 tristia
1162 2025 1391 2080 quaeque
1421 2014 1605 2068 statim
1631 2029 1975 2096 evanescent.

416 2089 543 2146 ﬂare
569 2106 675 2146 una
717 2095 848 2149 miln
867 2134 881 2159 ,
913 2096 1125 2167 inquit,
1155 2099 1350 2155 salutis
1377 2102 1515 2157 ratio
1539 2112 1652 2169 est,
1690 2105 1737 2158 si
1782 2089 1975 2163 faciem

416 2193 565 2237 tuam
598 2180 977 2244 illustraveris.

488 2273 578 2328 18.
619 2276 861 2346 Domine,
904 2295 1009 2334 non
1038 2283 1337 2352 confundor
1362 2288 1609 2354 quoniam
1636 2290 1873 2345 invocavi
1907 2304 1974 2349 te.

412 2365 556 2423 nine
579 2369 877 2428 ediscimus
911 2374 1142 2429 multum
1169 2386 1450 2444 peccatum
1476 2380 1621 2434 inter
1647 2392 1702 2437 et
1728 2383 1980 2454 impieta-

414 2466 524 2512 tem
590 2460 929 2518 discriminis
972 2478 1116 2520 esse.
1160 2465 1504 2536 Quapropter
1551 2482 1707 2542 rogat
1747 2489 1978 2545 magnus

415 2551 504 2605 ille
531 2551 699 2608 David
728 2569 756 2607 a
787 2557 990 2623 peccati
1018 2574 1077 2613 se
1105 2561 1440 2629 turpitudine
1469 2565 1683 2620 liberari
1705 2607 1719 2631 ,
1751 2582 1849 2623 eos
1877 2583 1977 2624 au-

417 2651 524 2696 tem
564 2644 660 2713 qui
707 2644 758 2699 in
804 2647 1079 2716 impietate
1111 2650 1277 2705 vitam
1326 2662 1530 2724 agunt,
1581 2672 1705 2711 eum
1752 2657 1974 2716 infamia

417 2741 591 2787 morte
618 2734 777 2790 allici.

487 2824 575 2879 t9.
621 2825 785 2881 Mula
836 2829 973 2897 ﬁant
1015 2831 1162 2887 labia
1192 2834 1396 2890 dolosa.
1429 2836 1610 2909 Rogo,
1644 2840 1851 2911 inquit,
1879 2844 1978 2899 ob-

415 2926 717 2974 mutescere
740 2920 990 2980 inimicos
1022 2945 1036 2980 :
1066 2928 1208 2997 quod
1249 2931 1462 2987 eveniet
1488 2933 1534 2987 si
1562 2935 1867 2993 ostenderis
1897 2938 1977 2994 la-

411 3008 552 3063 ciem
582 3017 751 3064 tuam.

2089 466 2199 506 σινο
2225 452 2313 505 διά
2347 452 2455 524 γάρ
2501 452 2673 524 θυμοῦ
2720 452 2814 506 καὶ
2858 450 3151 522 ὲπιθυμίας
3194 450 3284 503 τὸν
3317 439 3442 503 νοῦν
3492 449 3701 503 θανα-

2085 542 2285 596 τοῦσιν.

2166 634 2262 687 Ἐν
2281 634 2412 701 ταῖς
2439 637 2651 705 χερσίν
2675 650 2792 691 σου
2819 638 2873 689 oi
2898 634 3113 703 κλῆροι
3138 653 3278 704 μου.
3313 635 3375 687 Ei
3402 635 3502 689 καὶ
3536 635 3687 687 ἑπι-

2086 723 2428 779 ϐουλεύουσιν
2452 729 2500 779 οί
2526 726 2727 797 ἐχθροὶ,
2755 724 3192 788 ἐπιϐουλεύοντες
3216 724 3314 796 τὴν
3333 723 3517 795 ψυχήν
3553 739 3682 794 μου

2084 814 2288 881 λαϐεῖν,
2324 815 2459 868 ἀλλὰ
2496 818 2547 869 ot
2590 816 2780 888 κλῆροι
2823 832 2925 887 μου
2966 815 3366 885 πεφυλαγμένοι
3409 815 3552 869 είσὶν
3600 818 3684 867 ὲν

2083 909 2205 970 ταῖς
2241 908 2396 979 χερσί
2426 924 2542 974 σου,
2570 908 2663 971 οὓς
2698 907 2996 971 ἀποδώσεις
3030 925 3120 979 μοι
3152 906 3294 965 κατὰ
3324 905 3540 974 καιρὸν,
3571 903 3683 958 διὰ

2081 998 2145 1051 τὸ
2174 999 2266 1051 ἐπὶ
2298 999 2379 1052 σοί
2412 1016 2479 1069 με
2505 1000 2762 1063 ἐλπίζειν.
2791 1001 2882 1055 Διὸ
2914 1000 3010 1055 καὶ
3036 1000 3224 1071 δέομαι
3253 998 3345 1053 ἐπὶ
3379 998 3474 1052 τοῦ
3507 1015 3685 1068 παρ-

2082 1088 2233 1154 όντος
2278 1091 2539 1161 ῥυσθῆναι
2577 1094 2642 1146 ὲκ
2684 1093 2794 1147 τῶν
2844 1092 3055 1165 ἐχθρῶν
3107 1110 3227 1164 μου.
3277 1093 3505 1146 Ἐκεῖνοι
3558 1091 3679 1162 μὲν

2082 1176 2175 1235 οὖν
2202 1180 2575 1253 ἁθροισθέντες
2592 1182 2685 1236 τὸν
2710 1182 2842 1254 ἐμὸν
2869 1183 3157 1239 καττύουσι
3182 1183 3429 1238 θάνατον·
3458 1182 3575 1252 ἐγὼ
3598 1181 3681 1237 δὲ

2086 1272 2145 1325 σὲ
2178 1272 2309 1326 Θεὸν
2351 1271 2468 1327 οἶδα
2510 1274 2602 1327 καὶ
2649 1274 2931 1346 πρύτανιν.
2978 1275 3180 1330 Ῥῦσαι
3218 1292 3296 1345 με
3335 1275 3405 1329 ἐκ
3452 1275 3678 1344 χειρὸς

2081 1364 2310 1435 ἐχθρῶν
2329 1383 2450 1435 μου
2475 1366 2571 1421 καί
2595 1368 2664 1423 ἐκ
2694 1368 2814 1422 τῶν
2840 1368 3321 1422 καταδιωκόντων
3350 1385 3446 1437 με.
3477 1367 3674 1436 Φεῦγε

2083 1456 2180 1526 τὴν
2215 1457 2497 1528 πονηρίαν,
2545 1458 2708 1529 φησὶν
2745 1459 2774 1510 ὁ
2812 1457 3158 1522 Ἀπόστολοςο
3192 1460 3240 1512 εί
3280 1458 3375 1512 καὶ
3397 1455 3588 1510 διώκει
3618 1458 3667 1527 ἠ

2084 1546 2338 1619 πονηρία,
2372 1548 2554 1602 διώκει
2580 1549 2821 1621 δηλονότι
2846 1552 2940 1604 καὶ
2971 1552 3003 1621 ὴ
3037 1551 3268 1621 μοιχεία,
3302 1550 3453 1620 καὶὴ
3489 1548 3670 1604 πλεο-

2083 1643 2254 1711 νεξία,
2287 1646 2379 1699 καὶ
2410 1646 2438 1697 ὁ
2467 1646 2655 1717 θυμὸς,
2689 1649 2784 1701 καὶ
2812 1650 2845 1718 ἡ
2881 1648 3038 1719 ὀργήο
3071 1647 3139 1700 τὰ
3174 1647 3231 1701 δὲ
3260 1647 3423 1701 λοιπὰ
3448 1646 3623 1702 άπολέ
3646 1678 3669 1689 ι

2012 1721 2053 1777 Β
2081 1734 2286 1789 λειπτο.

2163 1826 2492 1896 Ἐπίέρανον
2529 1808 2611 1883 τὸ·
2629 1830 2953 1898 πρόσωπόν
2990 1844 3107 1885 σου
3143 1828 3244 1884 ἐπὶ
3286 1832 3394 1886 τὸν
3421 1831 3665 1887 δοῦλόν

2080 1931 2217 1971 σου·
2250 1918 2459 1972 σῶσόν
2484 1936 2560 1989 με
2582 1921 2656 1975 ἐν
2681 1919 2762 1986 τῷ
2789 1921 2947 1977 ἐλέει
2983 1938 3120 1976 σου.
3153 1923 3264 1993 Τῆς
3296 1924 3404 1996 γὰρ
3429 1925 3527 1995 σῆς
3556 1941 3663 1995 μοι

2078 2007 2375 2078 γενομένης
2407 2009 2744 2079 ἐπιφανείας,
2774 2010 2844 2063 τὰ
2875 2012 3170 2083 σκυθρωπά
3213 2014 3523 2085 παραυτίκα
3551 2014 3661 2068 λυ-

2080 2099 2325 2171 θήσεται.
2359 2095 2525 2164 Οὗτός
2556 2119 2664 2172 μοι,
2705 2104 2861 2173 φησὶ,
2925 2104 3084 2174 μόνος
3114 2106 3313 2177 τρόπος
3337 2107 3438 2177 τῆς
3468 2125 3659 2179 σωτη-

2082 2186 2223 2259 ρίας,
2253 2190 2301 2241 εί
2330 2189 2390 2242 τὸ
2416 2189 2508 2242 σὺν
2530 2190 2799 2262 ὲπιφάνῃς
2825 2193 3131 2263 πρόσωπον.

2150 2279 2346 2346 Κύριε,
2376 2279 2463 2348 μὴ
2492 2284 3026 2352 καταισχυνθειην,
3071 2285 3158 2339 ὅτι
3184 2286 3655 2359 excuneatier

2078 2370 2170 2424 σέ.
2205 2369 2482 2425 Ἐντεῦθεν
2506 2373 2846 2445 μανθάνομεν
2865 2375 2942 2439 ὡς
2971 2375 3168 2449 πολλὴν
3188 2378 3449 2450 διαφορὰν
3476 2382 3656 2453 ἁμαρ-

2077 2461 2170 2515 τία
2198 2462 2335 2533 πρὸς
2365 2463 2619 2519 ἀσέϐειαν
2651 2465 2783 2537 ἔχει.
2826 2467 2917 2520 Διὸ
2950 2469 3043 2524 καὶ
3069 2471 3099 2522 ὁ
3133 2471 3306 2541 μέγας
3340 2475 3657 2546 παρακαλεῖ

2078 2552 2240 2606 Δαυῖδ
2266 2552 2427 2608 αὐτὸν
2458 2556 2555 2626 μὲν
2579 2556 2679 2628 τῆς
2714 2557 2802 2612 διὰ
2839 2558 2939 2631 τὴν
2960 2562 3233 2633 ἁμαρτίαν
3272 2566 3652 2638 γεγενημένης

2078 2640 2339 2713 αίσχύνης
2364 2643 2762 2717 ἀπαλλαγῆναι,
2790 2648 2917 2713 τοὺς
2944 2650 3001 2703 δὲ
3031 2653 3089 2704 ἐν
3112 2652 3400 2728 δυσσεϐείᾳ
3435 2657 3650 2722 συζῶν-

2076 2747 2176 2795 τας
2206 2735 2323 2803 μετ’
2353 2736 2617 2808 αἰσχύνης
2650 2738 2729 2810 τῷ
2757 2739 2972 2811 θανάτῳ
3003 2746 3465 2818 παραπεμφθῆναι

2153 2822 2376 2877 Ἀλαλα
2404 2825 2705 2894 γενηθήτω
2734 2828 2805 2882 τὰ
2834 2829 3009 2897 χείλη
3048 2831 3121 2884 τὰ
3153 2832 3346 2888 δόλια.
3376 2834 3645 2906 Εὖχομαι,

2074 2911 2262 2984 φησὶν,
2291 2913 2728 2989 ὰποκωφωθῆναι
2752 2920 2879 2983 τοὺς
2900 2920 3147 2993 ἐχθρούς*
3177 2924 3334 2980 τοῦτο
3372 2927 3429 2980 δὲ
3468 2929 3647 2996 ἔσται,

2075 3005 2126 3057 εί
2152 3004 2419 3078 ὲπιφάνῃς
2447 3007 2508 3061 τὸ
2538 3010 2826 3081 πρόσωπόν
2859 3029 2971 3068 σου.

482 3062 787 3164 εαραάὶη
816 3120 1009 3175 magna
1040 3100 1324 3164 multitudo
1362 3112 1655 3170 dulcedinis
1697 3128 1824 3185 tum,
1869 3118 1979 3175 Do-

2164 3062 2270 3161 109'
2297 3062 2455 3153 ποᾶὺ
2498 3099 2564 3153 τὸ
2581 3062 2845 3171 Γπλῆθος
2889 3104 3000 3172 τῆς
3047 3108 3451 3176 χρηστότητός
3490 3124 3646 3174 σου,

414 3190 591 3245 mine!
620 3192 819 3263 Utpote
846 3196 960 3265 jam
992 3214 1088 3268 per
1108 3202 1360 3269 spiritum
1392 3206 1717 3278 illusmttus,
1748 3213 1816 3267 de
1842 3212 1983 3268 futu-

411 3280 493 3336 ris
540 3286 743 3352 gratias
775 3287 906 3357 agit.
951 3288 1068 3345 Mos
1107 3301 1287 3347 autem
1319 3294 1529 3361 Davidi,
1556 3314 1770 3367 vocem,
1797 3320 1977 3374 quam,

413 3384 514 3438 per
562 3373 975 3434 admirationem
1013 3395 1300 3451 usurpare,
1346 3390 1522 3455 quasi,
1568 3391 1740 3446 ualde.
1785 3373 1980 3467 Magna

412 3461 645 3519 dulcedo
682 3476 771 3521 tua
817 3479 940 3535 est,
992 3487 1157 3540 quam
1190 3478 1437 3533 recondis
1470 3490 1525 3535 et
1566 3498 1754 3540 servas
1800 3461 1976 3542 nobis.

415 3554 549 3610 Illud
599 3558 768 3624 enim,
805 3563 1149 3633 abscondisti,
1193 3578 1278 3624 est
1322 3572 1499 3640 quasi,
1552 3577 1849 3633 custodisti.
1913 3580 1981 3636 Ut

409 3647 577 3704 etiam
613 3650 767 3727 illud,
801 3654 1076 3711 abscondit
1103 3675 1183 3713 me
1204 3661 1259 3714 in
1284 3662 1619 3721 tabernaculo
1648 3686 1764 3726 suo.
1799 3670 1980 3728 Utitur

411 3748 595 3795 autem
632 3760 794 3811 voce,
827 3747 1147 3805 abscondisti
1181 3768 1279 3822 pro
1324 3758 1636 3826 custodisti,
1666 3764 1793 3833 quia
1832 3767 1979 3835 quod

412 3829 766 3888 absconditur
788 3839 1111 3895 custoditur.
1150 3839 1431 3912 Perfeciin
1458 3848 1532 3901 eis
1564 3852 1653 3919 qui
1683 3829 1900 3921 sperant
1925 3859 1979 3909 in

413 3927 487 3973 te.
517 3919 685 3986 Quasi
714 3925 879 3993 dicat,
909 3928 1183 3997 perfecisti
1212 3933 1267 3989 in
1295 3943 1540 4007 tempore
1567 3919 1905 4013 congruenti.

482 4071 576 4128 2i.
614 4074 907 4133 Abscondes
930 4097 1016 4135 eos
1043 4084 1101 4136 in
1120 4086 1429 4144 abscondito
1450 4092 1607 4160 faciei
1639 4103 1759 4151 tute.
1788 4096 1977 4154 Facies

414 4170 540 4230 tua,
575 4164 786 4236 inquit,
816 4178 1188 4242 tegumentum
1221 4180 1570 4247 sperantibus
1603 4182 1657 4236 in
1692 4192 1743 4239 te
1774 4183 1974 4242 factum

408 4264 515 4310 est.
548 4257 594 4310 Α
623 4260 1022 4319 conturbatione
1044 4267 1311 4322 hominum
1334 4281 1567 4343 proteges
1588 4291 1695 4341 eos,
1724 4276 1777 4330 in
1801 4278 1978 4334 taber-

2079 3185 2289 3253 Κύριε]
2322 3187 2409 3251 Ὠς
2438 3188 2538 3261 ἤδη
2582 3189 2670 3245 διὰ
2713 3190 2806 3247 τοῦ
2841 3194 3151 3266 Πνεύματος
3184 3199 3602 3270 φωταγωγηθεὶς
3623 3240 3646 3265 ,

2081 3276 2209 3347 περὶ
2238 3276 2345 3330 τῶν
2379 3279 2651 3350 ἐσομένων
2691 3283 3037 3355 εὐχαριστίαν
3084 3288 3355 3360 ἀναφέρει.
3399 3290 3554 3354 Ἕθος
3583 3291 3649 3347 δὲ

2078 3366 2157 3437 τῷ
2193 3368 2356 3423 Δαυῒδ
2392 3370 2485 3423 ἐπὶ
2529 3371 2843 3443 ἐκπλήξεως
2887 3375 3146 3441 πολλάκις
3189 3377 3483 3448 λαμϐάνειν
3510 3381 3642 3450 τὴν,

2079 3459 2160 3524 ὡς
2178 3497 2195 3522 ,
2238 3460 2452 3533 φωνὴν,
2486 3462 2605 3517 ἀντὶ
2645 3464 2762 3529 τοῦ,
2797 3467 3050 3536 σφόδρα.
3085 3467 3258 3541 Πόλλή
3304 3487 3399 3524 σου
3437 3472 3579 3525 ἐστὶν
3603 3474 3641 3541 ἡ

2079 3552 2401 3624 χρηστότης,
2427 3553 2496 3625 ἣν
2514 3554 2794 3626 ταμιεύεις
2820 3558 2913 3613 καὶ
2938 3559 3220 3627 φυλάττεις
3249 3563 3402 3632 ἡμῖν·
3432 3561 3491 3615 τὸ
3511 3562 3644 3634 γὰρ,

2077 3640 2365 3711 ἔκρυψας,
2391 3645 2512 3699 ἀντὶ
2543 3646 3003 3715 τοῦ,ἐφύλαξας,
3021 3649 3095 3712 ὡς
3124 3651 3219 3704 καὶ
3244 3652 3305 3705 τό
3325 3668 3343 3685 ο
3384 3652 3648 3722 Ἔκρυψέ

2072 3749 2151 3801 με
2191 3733 2262 3787 ὲν
2303 3734 2505 3803 σκηνῇ
2550 3735 2756 3790 αὐτοῦ.
2802 3737 3078 3809 Κέχρηται
3124 3740 3183 3793 δὲ
3219 3740 3316 3812 τῷ,
3353 3742 3640 3811 ἔκρυψας,

2077 3823 2199 3876 ἀντὶ
2226 3824 2340 3888 τοῦ,
2366 3824 2693 3893 ὲφύλαξας,
2722 3827 2909 3899 ἐπειδὴ
2950 3829 3013 3882 τὸ
3040 3830 3418 3903 κεκρυμμένον
3442 3832 3643 3902 φυλάτ-

2080 3930 2247 3967 τεται.
2292 3914 2641 3986 Ἐξειργάσω
2685 3917 2811 3983 τοῖς
2841 3919 3188 3981 ἐλπίζουσιν
3224 3923 3325 3977 ἐπὶ
3359 3924 3455 3981 σέ.
3500 3925 3644 3980 ’Δντὶ

2076 4003 2190 4068 τοῦ,
2222 4005 2523 4077 ἐξειργάσω
2548 4010 2606 4063 ὲν
2631 4008 2806 4081 καιρῷ
2837 4008 2915 4081 τῷ
2943 4013 3294 4084 προσήκοντι.

2145 4099 2553 4165 Κατακρύψεις
2583 4099 2805 4166 αὐτοὺς
2833 4100 2904 4154 ἐν
2951 4103 3276 4173 ἀποκρύφῳ
3303 4106 3410 4161 τοῦ
3453 4122 3638 4175 προσ-

2070 4186 2237 4241 ώπου
2254 4203 2389 4244 σου.
2409 4189 2481 4242 Τὸ
2497 4190 2782 4261 πρόσωπόν
2809 4208 2924 4257 σου,
2950 4194 3102 4264 φησὶ,
3147 4195 3321 4268 σκέπη
3349 4198 3459 4259 τοῖς
3486 4196 3639 4251 ἐλπί-

2076 4275 2257 4341 ζουσιν
2301 4278 2394 4333 ἐπὶ
2430 4279 2491 4333 σὲ
2524 4280 2770 4354 γένηται.
2827 4282 2959 4336 Ἀπὸ
3013 4284 3279 4354 ταραχῆς
3320 4285 3642 4355 ἀνθρώπων

411 4351 604 4403 uacula
628 4360 716 4405 tuo
738 4370 770 4406 ιι
798 4360 1212 4417 contradictione
1239 4363 1562 4435 linguarum.
1593 4365 1662 4424 Ut
1696 4379 1974 4442 tegumen-

2094 4370 2404 4438 γκεπάσεις
2470 4351 2693 4440 αὐτούς
2744 4374 2815 4429 ἐν
2869 4351 3093 4445 σκηνῇ
3301 4351 3640 4449 ἀντιλογίας

410 4447 550 4503 tum,
588 4441 783 4512 inquit,
811 4460 1066 4522 conteges
1109 4466 1225 4520 eos,
1255 4454 1328 4509 ita
1370 4465 1430 4512 ut
1468 4473 1642 4529 neque
1679 4441 1847 4517 abiis
1879 4464 1972 4532 qui

2094 4460 2387 4525 Γλωσσῶν.
2401 4463 2689 4536 Καθάπερ,
2709 4465 2892 4535 φησὶν,
2913 4441 3085 4535 σκέπη
3116 4466 3407 4530 σκεπάσεις
3423 4470 3634 4534 αὐτοὺς,

411 4530 578 4584 verbo
606 4532 740 4602 ipsis
773 4553 969 4595 nocere
996 4553 1237 4613 tentant,
1267 4564 1442 4619 neque
1475 4549 1544 4605 ab
1578 4552 1644 4607 iis
1672 4554 1764 4607 oui
1796 4556 1975 4625 Operi-

411 4619 517 4675 bus
543 4636 878 4697 oppugnant,
909 4647 1253 4704 superentur.

479 4803 569 4861 22.
610 4805 925 4866 Benedictus
955 4813 1233 4883 Dominus,
1255 4820 1506 4888 quoniam
1536 4823 1836 4892 miri/ienuit
1873 4824 1973 4877 mi-

406 4897 753 4953 sericordiam
781 4918 933 4956 suam
960 4905 1088 4959 mihi
1118 4907 1173 4960 in
1216 4907 1429 4964 civitate
1461 4914 1686 4966 munita.
1731 4914 1832 4970 Per
1860 4930 1968 4978 me,

407 4988 620 5060 inquit,
678 4990 821 5049 Deus
870 4996 1204 5067 gloriﬁcatus
1256 5010 1372 5067 est,
1424 5003 1681 5073 quoniam
1733 5006 1970 5061 circum-

409 5076 635 5140 sistente
658 5101 743 5141 me
776 5087 1062 5145 innumera
1090 5090 1328 5148 hostium
1374 5095 1736 5163 multitudine,
1775 5108 1830 5153 ct
1854 5102 1964 5155 aui-

410 5186 553 5226 mam
585 5192 760 5233 meam
790 5195 889 5236 ceu
921 5197 1173 5254 magnam
1216 5186 1404 5240 urbem
1436 5188 1684 5244 obsidere
1718 5201 1967 5259 conante,

406 5263 502 5332 qui
547 5268 651 5321 mei
682 5279 868 5327 custos
903 5283 988 5331 est
1016 5276 1158 5330 vallo
1203 5291 1290 5331 me
1337 5279 1610 5347 muniens,
1656 5281 1970 5338 misericor-

407 5354 553 5409 diam
588 5373 743 5415 suam
774 5363 1077 5422 mirabilem
1103 5369 1360 5424 ostendit.

478 5446 569 5501 25.
610 5448 722 5522 Ego
754 5464 930 5511 autem
955 5458 1072 5513 dixi
1103 5461 1158 5515 in
1184 5478 1398 5519 excessu
1430 5468 1617 5524 mentis
1650 5484 1812 5525 mete:
1836 5469 1970 5524 Pro-

368 5602 371 5607 ι
398 5541 575 5610 jactus
605 5558 741 5599 sum.
774 5543 911 5601 Cum
947 5555 1321 5624 memetipsum
1364 5557 1728 5628 liumiliarem,
1773 5562 1966 5633 inquit,

442 5632 521 5679 ο⁴²
555 5632 761 5692 Coloss.
794 5652 877 5705 nt,
904 5639 956 5695 8.

2074 4552 2214 4606 ὥστε
2244 4555 2380 4626 μήτε
2404 4555 2508 4609 ὑπὸ
2538 4557 2646 4609 τῶν
2675 4556 2853 4625 λόγοις
2883 4557 3065 4619 αὐτοῖς
3100 4557 3513 4628 ἐπιχειρούντων
3539 4578 3639 4616 κα-

2072 4644 2419 4710 ταϐλάπτειν,
2453 4650 2589 4720 μήτε
2615 4646 2721 4701 ὑπὸ
2754 4648 2862 4702 τῶν
2892 4648 3073 4716 ἔργοις
3114 4648 3490 4721 πολεμούντων
3515 4653 3632 4709 ἁλί-

2076 4751 2330 4791 σκωνται.

2140 4829 2485 4898 Εὐλογητὸς
2509 4832 2722 4899 Κύριος
2739 4871 2755 4896 ,
2783 4832 2872 4885 ότι
2902 4832 3328 4903 ἐθαυμαστωσε
3371 4836 3437 4889 τὸ
3466 4836 3630 4904 ἔλεος

2068 4918 2258 4973 αὐτοῦ
2290 4920 2362 4973 ἐν
2405 4922 2577 4979 πόλει
2618 4922 2924 4992 περιοχῆς.
2949 4924 3027 4979 Δι’
3054 4924 3210 4995 ἐμοῦ,
3236 4937 3420 4996 φησιν,
3448 4928 3477 4979 ὁ
3503 4926 3629 4993 Θεὸς

2073 5010 2330 5083 ἐδοξάσθη
2352 5028 2365 5042 ·
2414 5013 2526 5079 ὅτι,
2557 5014 2763 5084 μυρίων
2794 5015 3069 5087 πολεμίων
3104 5019 3235 5089 περὶ
3264 5018 3364 5088 ἐμὲ
3405 5019 3624 5074 συστάν-

2071 5121 2210 5171 των,
2258 5106 2351 5159 καὶ
2389 5105 2544 5176 δίκην
2589 5106 2829 5179 μεγάλης
2873 5109 3080 5173 πόλεως
3129 5110 3229 5181 τὴν
3281 5110 3417 5183 ἐμὴν
3459 5111 3626 5183 ψυχὴν

2073 5193 2378 5266 πολιορκεῖν
2405 5196 2778 5268 πειρωμένων,
2798 5200 2829 5251 ὁ
2861 5200 2992 5270 ἐμὸς
3021 5200 3213 5269 φύλαξ,
3242 5203 3492 5273 φραγμὸν
3509 5204 3626 5275 ἐμοὶ

2073 5283 2398 5356 περιϐαλὼν,
2429 5287 2491 5341 τὸ
2515 5285 2662 5352 ἔλεος
2688 5288 2852 5343 αὑτοῦ
2887 5289 3193 5361 θαυμαστὸν
3224 5292 3439 5361 ἔδειξεν.

2155 5483 2295 5555 Ἐγὼ
2319 5484 2387 5538 δὲ
2415 5482 2585 5540 εἷπον
2627 5488 2699 5541 ἐν
2730 5486 2805 5554 τῇ
2833 5488 3115 5542 ἐκστάσει
3151 5506 3293 5559 μου·
3340 5490 3623 5562 Ἁπέρῤιμο

2066 5599 2194 5650 μαι.
2242 5583 2535 5653 Ὀπηνίκα,
2583 5583 2775 5652 φησὶν,
2820 5583 3131 5640 Ξταπείνουν
3175 5586 3406 5656 ἐμαυτὸν
3457 5588 3511 5641 ἑν
3560 5589 3622 5658 τῇ
