3786 6278
347 241 450 294 £63
1187 237 1245 294 S.
1287 235 1654 291 ATHANASII
1701 235 1851 290 OPP.
1893 229 2071 286 PARS
2108 228 2195 284 lll.
2235 257 2300 268 -—
2334 228 2747 285 EXEGETICA.
3481 230 3550 281 lli
3575 227 3626 280 ι

417 353 468 407 7.
497 350 572 406 Tu
605 368 656 406 es
679 353 934 422 refugium
967 367 1157 415 meum,
1181 360 1285 404 etc.
1313 349 1448 403 Cum
1483 350 1568 403 illa
1603 349 1670 402 de
1695 356 1912 416 peccato

2128 345 2170 396 ’ὑ
2209 360 2328 412 μου
2374 341 2705 411 καταφυγή.
2753 341 2964 394 Ἐκεῖνα
3009 340 3136 410 περὶ
3177 341 3274 411 τῆς
3309 341 3623 415 ἁμαρτίας

345 444 593 508 dixisset,
629 452 784 514 rogat
821 459 849 497 a
895 441 1052 497 malis
1094 456 1189 510 per
1228 455 1348 493 eam
1397 439 1622 493 invectis
1651 439 1807 506 eripi.

2127 431 2286 502 γκὼς,
2335 432 2563 486 ἱκετεύει
2619 431 2726 484 τῶν
2783 431 2871 484 διὰ
2924 431 3128 502 ταύτην
3187 434 3622 504 ἐπενεχθέντων

346 549 477 588 vero
520 534 753 604 gratiosa
795 534 955 586 datur
998 530 1280 600 responsio
1323 548 1336 582 :
1388 531 1464 581 ait
1509 529 1652 582 enim
1700 528 1775 581 illi
1824 527 1841 580 ι

2124 521 2395 590 ιλλαγῆναι
2445 521 2649 574 κακῶν.
2684 520 2791 572 Καὶ
2827 520 3007 590 μέντοι
3045 521 3138 575 καὶ
3180 522 3436 591 τυγχάνει
3484 523 3619 592 τῆς

349 627 546 696 nignus
580 624 840 678 Dominus
865 643 878 676 :
906 621 1238 676 Intellectum
1275 621 1372 675 tibi
1400 621 1556 685 dabo,
1580 631 1624 673 et
1657 621 1844 672 instrui

2125 611 2388 681 κρίσεως’
2425 610 2569 679 λέγει
2623 610 2730 680 γὰρ
2799 610 2936 680 πρὸς
2990 611 3150 664 αὑτὸν
3206 612 3619 684 φιλάνθρωπος

352 727 400 770 te
431 719 484 770 in
517 719 602 772 via
636 717 754 769 hac.
802 715 1008 768 Petenli
1038 715 1407 769 liberationem
1453 715 1521 766 ab
1556 712 1791 766 inimicis
1830 727 1847 763 I‘

2128 717 2217 763 ato;
2239 717 2252 730 ο
2290 701 2544 753 Συνετιῶ
2569 716 2642 754 σε
2693 701 2786 753 καὶ
2821 701 3083 769 σιιμϐιϐῶ
3112 718 3186 755 σε
3211 703 3281 756 ἐν
3307 703 3424 770 ὀδῷ
3449 708 3623 759 tat)-

351 809 579 877 spondet
607 806 779 870 Deus,
803 806 1122 875 promittens
1149 820 1208 858 se
1246 804 1322 857 illi
1350 803 1402 855 in
1433 803 1516 855 via
1553 810 1697 855 recta
1723 800 1846 855 (lucc

2137 790 2432 860 Εύξαμένῳ
2456 789 2724 860 λύτρωσιν
2751 789 2958 859 ἐχθρῶν
2980 790 3399 858 ἀντιφθέγγεται
3427 791 3570 855 Θεὸς
3585 831 3609 855 ,

352 897 616 952 ςυιωςυηι⁸
2016 881 2295 952 ὁδηγήσει-ι
2324 880 2782 951 ἐπαγγελλόμενος
2807 881 2863 933 ἐν
2895 880 3076 951 εὐθείᾳ
3113 880 3234 950 ὁδῷ.

422 987 476 1041 9.
516 985 695 1040 Nolite
724 985 841 1054 ﬁeri
865 986 1003 1038 sicut
1027 1000 1187 1054 equus
1222 991 1269 1036 et
1295 982 1488 1044 mulus,
1515 980 1696 1050 quibus
1719 995 1820 1033 non
1839 988 1916 1033 est

2121 972 2184 1040 Ιὴ
2227 973 2500 1042 γίνεσθαι
2541 973 2621 1037 ὡς
2667 973 2851 1036 ἵππος
2892 971 2988 1024 καί
3029 973 3309 1040 ἡμίονος,
3338 967 3428 1037 οῖς
3477 974 3616 1027 οὐκ

350 1077 663 1131 intellectus.
714 1075 972 1130 Hortatur
1016 1083 1329 1144 peccantes,
1376 1088 1442 1127 ne
1486 1088 1544 1127 se
1583 1073 1820 1127 efferatis

2122 1083 2151 1118 ἰ
2196 1066 2470 1130 σύνεσις.
2513 1065 2825 1134 Εἰσηγεῖται
2875 1067 2987 1126 τοῖς
3036 1065 3435 1134 ἁμαρτάνουσι,
3476 1068 3617 1128 τοῖς

351 1165 604 1219 belluinis
645 1165 890 1218 moribus
933 1163 1150 1218 dedant.
1190 1161 1255 1214 In
1287 1179 1434 1214 camo
1465 1171 1513 1216 et
1547 1162 1694 1231 freno
1726 1177 1846 1214 mox

2116 1170 2235 1217 ιγοις
2274 1155 2347 1224 μὴ
2389 1153 2647 1206 ἐκδιδόναι
2686 1153 2880 1216 αὐτοὺς
2907 1153 3119 1206 πάθεσι.
3166 1154 3260 1206 Ἐν
3291 1153 3456 1222 κημῷ
3490 1155 3611 1208 καὶ

353 1256 434 1310 las
493 1273 671 1310 eorum
727 1257 1071 1326 constt-iuges.
1128 1256 1238 1309 Ceu
1289 1256 1354 1308 ad
1403 1254 1688 1308 Dominum
1740 1269 1848 1308 seri

2120 1241 2248 1307 ῖινῷ
2279 1243 2386 1308 τὰς
2410 1243 2698 1310 σιαγόνας
2723 1240 2922 1294 αὐτῶν
2949 1240 3169 1310 ἅγξεις.
3211 1242 3294 1305 Ὠς
3324 1243 3458 1313 πρὸς
3499 1243 3615 1295 τὸν

353 1345 622 1417 dirigilur.
683 1345 1003 1416 llujusmodi
1063 1355 1240 1400 autem
1308 1345 1572 1398 sententia
1624 1353 1706 1398 est
1752 1362 1763 1396 :
1814 1341 1848 1395 Ε

2116 1351 2224 1405 ριον
2248 1335 2276 1386 ὁ
2307 1333 2479 1402 λόγος.
2516 1334 2580 1385 Ὀ
2614 1333 2670 1385 δὲ
2701 1333 2869 1400 λέγει,
2907 1331 3140 1386 τοιοῦτόν
3177 1334 3312 1386 ἐστι⁹
3337 1334 3473 1396 Τοὺς
3512 1333 3611 1402 μὴ

353 1439 446 1507 qui
493 1439 753 1507 pmnitere
801 1439 1110 1505 noluerint,
1162 1453 1260 1492 ceu
1307 1437 1540 1506 quodam
1575 1435 1726 1490 freno
1763 1435 1830 1490 ad

2120 1425 2376 1495 λομένους
2422 1428 2700 1495 μετανοεῖν
2745 1420 2834 1479 οἷά
2881 1442 2986 1476 τινι
3028 1425 3226 1495 χαλινῷ
3269 1425 3612 1496 ἐπίπρεψον

355 1522 629 1585 converte.

2025 1517 2158 1588 πρὸς
2188 1517 2396 1570 ἑαυτόν.
3381 1586 3393 1601 ‘

356 1617 697 1676 PSALJIUS
735 1620 935 1684 David,
967 1621 1058 1690 qui
1098 1630 1240 1673 caret
1283 1620 1436 1672 titulo
1469 1619 1608 1688 apud
1652 1616 1851 1671 Hebrwt

1959 1680 1995 1690 ῃ
2180 1608 2484 1661 ΨΑΛΜΟΣ
2527 1606 2607 1671 τῷ
2647 1607 2827 1661 Δαυϊδ
2867 1607 3267 1676 ἀνεπίγραφος
3316 1609 3446 1675 παρ’

1015 1708 1268 1763 XXXII.
1503 1680 1513 1688 ’
1955 1680 1996 1734 Β

1955 1680 1996 1734 Β
2575 1699 2880 1766 Ἑϐραίοις.
2922 1702 3050 1752 ΛΒ’.

941 1801 1343 1870 Argumentum.

2646 1790 2970 1855 Ὑπόθεσις.

359 1888 415 1942 In
451 1892 700 1959 praesenti
751 1890 908 1944 docet
955 1905 1050 1944 eos
1081 1890 1175 1958 qni
1214 1890 1324 1959 jam
1360 1889 1415 1942 in
1441 1889 1718 1942 Christum
1748 1902 1854 1942 cret

2114 1901 2122 1927 ι
2151 1879 2322 1951 τούτῳ
2355 1880 2593 1932 διδάσκει
2627 1880 2754 1944 τοὺς
2796 1880 2895 1952 ἤδη
2930 1881 3322 1946 πιστεύσαντας
3353 1883 3431 1944 είς
3455 1881 3609 1950 Χρι-

428 1980 624 2035 derunt
665 1982 884 2035 laudare
932 1979 1222 2033 Dominum
1265 1995 1454 2040 suum,
1487 1988 1923 2032 commonstrans

2117 1973 2237 2035 ῖτὸν,
2265 1974 2432 2024 αίνεῖν
2456 1971 2545 2023 τὸν
2571 1971 2774 2024 ἑαυτῶν
2802 1973 3098 2043 Δεσπότην,
3114 1972 3376 2026 διδάσκων
3401 1972 3612 2034 αὐτοὺς

431 2080 689 2139 ρτωιειεα
740 2070 1024 2140 potestatis
1058 2085 1170 2124 suae
1219 2069 1625 2133 excellentiam;
1668 2067 1924 2136 quoniam

2117 2066 2216 2134 ἱμα
2247 2067 2346 2135 τῆς
2378 2063 2659 2133 δυνάμεως
2689 2063 2850 2116 αὐτοῦ
2875 2065 2972 2135 τὴν
3008 2065 3295 2137 ὑπεροχὴν,
3329 2066 3409 2118 ὅτι
3436 2064 3612 2128 αὐτὸς

431 2163 546 2229 ipse
586 2161 891 2229 redemptor
931 2170 1014 2213 est
1043 2160 1420 2212 universorum
1448 2198 1463 2222 ,
1498 2158 1611 2226 ipse
1643 2156 1923 2217 Dominus,

2114 2155 2298 2224 Βύστης
2327 2153 2432 2207 τῶν
2478 2153 2634 2220 ὅλων,
2671 2154 2834 2217 αὐτὸς
2868 2155 3094 2226 Κύριος,
3131 2156 3290 2219 αὐτὸς
3328 2156 3449 2220 τοὺς,
3498 2155 3609 2225 μὲν

433 2253 548 2320 ipse
597 2252 876 2320 improbos
925 2251 1079 2305 nihili
1127 2249 1289 2313 facit,
1325 2263 1622 2318 eorumque
1660 2248 1927 2302 disturbat

2116 2247 2366 2316 πονηροὺς
2390 2245 2678 2310 ἐξουθενεῖ,
2709 2245 2802 2298 καὶ
2832 2247 3270 2302 διασκεδάννυσιν
3295 2247 3472 2302 αὐτῶν
3500 2246 3611 2310 τὰς

425 2342 688 2408 consilia;
713 2350 992 2410 sperantes
1027 2351 1207 2395 autem
1244 2341 1298 2394 in
1330 2355 1388 2394 se
1420 2340 1598 2394 salvos
1637 2337 1783 2395 facit.

2103 2336 2317 2406 βουλὰς,
2349 2337 2478 2399 τοὺς
2508 2336 2563 2388 δὲ
2591 2336 2907 2401 ἐλπίζοντας
2940 2341 3025 2392 ἐπ’
3052 2340 3212 2393 αὑτὸν
3236 2338 3415 2404 σώζει.

433 2433 485 2486 1.
528 2431 810 2487 Exsultate
832 2471 847 2496 ,
873 2432 1043 2502 justi,
1069 2434 1124 2486 in
1151 2432 1446 2486 Domino...
1479 2433 1535 2484 in
1560 2433 1811 2500 psalterio
1838 2430 1928 2485 de-

2116 2427 2528 2497 Ὰγαλλιᾶσθε,
2561 2427 2808 2492 δίκαιοι,
2839 2429 2908 2483 ἐν
2935 2431 3130 2499 Κιρίῳ
3175 2471 3188 2484 .
3235 2473 3248 2485 .
3292 2471 3306 2484 .
3351 2473 3364 2486 .
3412 2471 3427 2485 .
3473 2470 3486 2483 .
3527 2432 3611 2484 ἐν

363 2539 474 2577 cem
495 2525 812 2578 chordarum
850 2525 1059 2594 psallite
1087 2524 1186 2577 illi.
1212 2523 1535 2577 Psalterium
1561 2523 1743 2577 decem
1770 2523 1858 2577 cht

2113 2519 2337 2585 ατηρίῳ
2378 2517 2718 2586 δεκαχόρδῳ
2761 2519 2994 2587 quddam
3038 2519 3218 2587 αὐτῷ.
3268 2521 3608 2594 Δεκάχορδον

364 2619 562 2674 derum
613 2631 813 2685 corpus
859 2623 1015 2670 vocat
1061 2633 1074 2668 :
1131 2616 1329 2684 quippe
1379 2615 1524 2683 quod
1571 2614 1810 2683 quinque

2109 2611 2323 2682 λτήριον
2344 2608 2406 2661 τὸ
2430 2607 2588 2678 σῶμά
2620 2625 2805 2680 φησιν,
2832 2611 2928 2662 ἅτε
2959 2610 3117 2664 πέντε
3147 2611 3421 2682 αἰσθήσεις
3453 2610 3604 2683 ἔχον,

365 2707 618 2762 sensibus
662 2707 983 2775 praeditum,
1017 2715 1070 2760 et
1114 2707 1259 2774 quod
1295 2706 1539 2774 quinque
1587 2707 1860 2775 operation

2112 2711 2124 2755 ι
2159 2704 2316 2756 πέντε
2365 2701 2642 2772 ἐνεργείας
2674 2703 2871 2772 ψυχῆς,
2911 2703 2978 2756 δι’
3027 2704 3261 2777 ἑκάστης
3291 2705 3607 2775 αἰσθήσεως

365 2798 546 2851 anima
575 2797 789 2860 habeat,
822 2813 916 2867 per
942 2797 1182 2869 singulos
1213 2812 1448 2866 namque
1479 2813 1674 2853 sensus
1707 2799 1860 2868 singu

1409 2812 1448 2852 te
1479 2813 1674 2853 sensus
1707 2797 1932 2868 singulae
2030 2795 2316 2866 γινομένης
2342 2797 2621 2866 ἐνεργείας
2649 2796 2904 2868 ἑκάστης.

366 2889 709 2957 operationes
740 2891 1070 2958 excitantur.

437 2980 490 3033 5.
528 2978 749 3034 Cantate
779 2981 826 3034 ei
853 2981 1116 3034 canticum
1144 2996 1350 3034 novum.
1376 2981 1574 3050 Aperte
1601 2979 1731 3034 dicit
1760 2979 1929 3048 legem

2110 2976 2324 3044 ’ᾼσατε
2353 2973 2511 3039 αὐτῷ
2537 2968 2702 3043 ᾆσμα
2737 2979 2967 3029 καινόν.
2996 2975 3188 3044 Σαφῶς
3218 2976 3307 3031 τὸν
3340 2975 3426 3028 διὰ
3469 2977 3605 3029 Μω-

368 3069 533 3125 Musis
565 3071 724 3124 ﬁnem
751 3072 1046 3140 accepisse.

1961 3066 1998 3078 “’
2035 3066 2171 3129 σέως
2200 3067 2359 3136 νόμον
2389 3066 2539 3130 τέλος
2571 3067 2860 3138 ἐσχηκέναι
2891 3067 3074 3137 φησίν.

439 3159 494 3214 4.
537 3160 674 3225 Quia
703 3173 898 3214 rectum
926 3171 1002 3214 est
1027 3162 1237 3214 uerbum
1267 3160 1505 3215 Domini.
1552 3160 1932 3232 Evangelicum

2112 3157 2226 3208 Ὅτι
2254 3155 2434 3221 εὐθὺς
2459 3159 2490 3209 ό
2512 3158 2696 3224 λόγος
2726 3156 2832 3210 τοῦ
2864 3157 3106 3223 Κυρίου.
3148 3157 3204 3210 Ὀ
3255 3157 3607 3226 εὐαγγελικές

369 3251 636 3306 videlicet.
685 3254 754 3305 Et
781 3254 956 3306 omnia
987 3271 1143 3323 opera
1185 3253 1297 3322 ejus
1328 3255 1382 3306 in
1409 3255 1531 3322 fide.
1568 3254 1864 3308 Credcndul

2107 3246 2289 3299 λονότι.
2315 3248 2422 3301 Καὶ
2457 3245 2651 3300 πάντα
2678 3245 2751 3300 τὰ
2783 3247 2925 3317 ἔργα
2959 3247 3142 3301 αὐτοῦ
3169 3247 3238 3300 ἐν
3263 3249 3484 3302 πίστει.
3512 3249 3602 3302 Πι-

370 3340 567 3410 inquit,
608 3341 676 3395 iis
704 3356 825 3411 quae
852 3343 960 3406 ille,
999 3342 1238 3397 utDeum
1267 3343 1516 3408 decebat,
1549 3351 1810 3413 operatus
1827 3359 1865 3398 e:

2110 3338 2242 3391 εύειν
2270 3337 2368 3403 δεῖ,
2399 3339 2551 3408 φησι,
2575 3341 2687 3401 τοῖς
2714 3338 2780 3390 δι’
2812 3337 2974 3391 αὑτοῦ
3007 3337 3321 3410 θεοπρεπῶς
3355 3341 3605 3414 ἐνεργου-

2039 3445 2236 3500 μενοις.

437 3521 490 3576 5.
532 3519 721 3591 Diligit
780 3523 1190 3576 misericordiam
1253 3533 1303 3577 et
1345 3523 1612 3593 judicium
1655 3523 1932 3579 Dominus.

2118 3519 2333 3590 Ἀγαπᾷ
2384 3521 2804 3589 ἐλεημοσύνην
2867 3521 2967 3574 καὶ
3021 3523 3222 3590 κρίσιν
3277 3526 3311 3577 o'
3367 3526 3601 3592 Κύριος.

371 3611 515 3677 llaec,
547 3614 762 3685 inquit,
797 3616 1033 3683 postulat
1071 3616 1139 3671 ab
1169 3616 1234 3671 iis
1262 3617 1354 3686 qui
1388 3618 1617 3672 credunt
1647 3618 1701 3671 in
1733 3619 1866 3687 ipsux

2106 3612 2240 3677 ιῦτα,
2274 3615 2459 3683 φησὶν,
2492 3614 2713 3666 ἀπαιτεῖ
2754 3615 2881 3678 τοὺς
2913 3617 2992 3678 εἰς
3035 3615 3193 3667 αὑτὸν
3226 3617 3601 3682 πιστεύοντας.

372 3705 742 3760 Misericordia
770 3707 984 3762 Domini
1015 3709 1170 3778 plena
1201 3718 1277 3763 est
1316 3719 1478 3764 terra.
1515 3708 1814 3765 Ostendere
1848 3711 1863 3763 i

2108 3702 2149 3755 νῦ
2197 3702 2406 3767 ἐλέους
2448 3704 2668 3771 Κυρίου
2703 3705 2939 3772 πλήρης
2983 3706 3022 3772 ἡ
3069 3704 3165 3774 γῆ.
3207 3708 3465 3777 ’Λρχεται
3507 3709 3603 3762 τοῦ

368 3798 498 3866 cipit
521 3799 698 3867 ipsum
723 3815 902 3854 rerum
930 3802 1175 3854 omnium
1199 3810 1506 3855 creatarum
1531 3801 1774 3870 opiﬁcem
1792 3816 1863 3856 es:

2108 3791 2130 3842 1
2163 3791 2390 3861 ποιητὴν
2435 3791 2565 3844 ὄντα
2594 3791 2754 3845 αὑτὸν
2786 3793 2885 3863 τῆς
2931 3794 3111 3864 πάσης
3141 3795 3369 3860 κτίσεως
3395 3797 3603 3850 δεικνύ-

369 3897 423 3942 et
462 3889 678 3956 quidem
727 3890 962 3958 primum
1009 3901 1167 3945 terra:
1207 3905 1369 3959 quam
1421 3890 1793 3946 misericordia
1848 3907 1864 3943 ι

2108 3898 2144 3945 ι,
2191 3881 2284 3935 καὶ
2332 3883 2438 3951 πρό
2481 3899 2543 3951 γε
2583 3884 2680 3954 τῆς
2713 3885 2816 3954 γῆς
2847 3884 2913 3956 ἢν
2961 3885 3055 3938 καὶ
3099 3885 3280 3949 ἐλέους
3319 3888 3602 3960 πληρῶσαί

369 3977 546 4046 plesse
577 3978 652 4032 ait
692 3993 706 4029 :
757 3994 931 4047 neque
975 3980 1117 4033 enim
1163 3981 1298 4034 alias
1349 3981 1702 4047 consisteret,
1733 3981 1839 4034 nisi

2107 3989 2219 4041 ,σινο
2247 3973 2340 4026 καὶ
2365 3975 2465 4026 οὐκ
2495 3973 2561 4028 ἂν
2586 3975 2758 4039 ἄλλως
2786 3977 3167 4048 συνεστηκέναι
3201 3980 3273 4050 μὴ
3295 3979 3481 4034 τούτου
3509 3983 3602 4045 γέ-

371 4069 573 4137 repleta
603 4078 766 4124 esset.
802 4068 868 4123 Et
910 4084 1041 4124 sane
1082 4086 1258 4140 neque
1292 4071 1417 4126 coeli
1463 4086 1702 4140 unquam
1732 4085 1864 4125 cons

2104 4080 2232 4116 ιυσα.
2286 4063 2502 4134 Ἀμέλει
2542 4066 2636 4118 καὶ
2680 4068 2730 4119 οἱ
2773 4068 2990 4140 οὐρανοὶ
3031 4069 3130 4122 οὐκ
3176 4072 3240 4124 ἄν
3287 4089 3414 4124 ποτε
3477 4091 3599 4126 συν-

370 4161 565 4216 tissent
586 4202 602 4228 ,
629 4160 733 4216 nisi
763 4161 927 4216 verbo
955 4161 1073 4231 ejus
1102 4161 1302 4216 lirmati
1341 4163 1602 4228 fuissent,
1643 4163 1863 4232 itidemq

2105 4170 2286 4224 τησαν.
2317 4155 2365 4206 εί
2394 4156 2468 4226 μὴ
2500 4156 2572 4227 τῷ
2600 4157 2743 4229 λόγῳ
2771 4158 2932 4212 αὐτοῦ
2961 4159 3356 4231 διεκρατοῢντο,
3380 4165 3470 4216 καὶ
3495 4163 3600 4235 μὴν

368 4251 597 4306 virtutes
621 4265 807 4306 eorum
827 4289 843 4316 ,
877 4265 1070 4321 nempe
1099 4250 1294 4307 divina:
1325 4262 1378 4307 et
1408 4251 1776 4307 rationabiles.

2105 4246 2212 4298 ὶαί
2242 4245 2497 4317 δυνάμεις
2529 4247 2737 4314 αὐτῶν,
2780 4250 3055 4303 τουτέστιν
3088 4253 3143 4303 αἱ
3190 4251 3328 4305 θεῖαι
3379 4254 3471 4306 καὶ
3514 4253 3600 4305 λο-

1961 4365 2008 4420 D
2035 4338 2207 4403 γικαί.

443 4423 651 4494 [Diligit
700 4425 884 4494 itaque
935 4423 1361 4480 misericordiam
1395 4438 1523 4494 erga
1571 4423 1926 4493 pmnilentes;

2107 4427 2356 4502 [Ἀγαπᾷ
2387 4425 2479 4485 οὖν
2504 4431 2870 4503 ἐλεημοσύνην
2913 4432 3004 4484 ἐπὶ
3040 4431 3147 4485 τῶν
3177 4431 3593 4506 μετανοούντων·

370 4513 545 4584 diligit
571 4515 834 4582 judicium
869 4531 1057 4570 eorum
1099 4516 1193 4585 qui
1234 4531 1460 4585 peccare
1491 4529 1598 4570 non
1639 4514 1865 4570 desistur

2106 4520 2219 4589 απᾷ
2249 4519 2305 4572 δὲ
2335 4519 2512 4590 κρίσιν
2545 4521 2637 4572 ἐπὶ
2663 4520 2770 4573 τῶν
2799 4520 3108 4574 ἁνενδότων.
3138 4519 3389 4574 Τοιοῦτον
3420 4522 3477 4574 δὲ
3506 4526 3598 4577 καὶ

369 4603 502 4658 Tale
534 4605 806 4673 quidpiam
841 4605 1006 4660 Isaias
1030 4605 1139 4660 Deo
1167 4607 1428 4675 loquitur,
1465 4605 1604 4671 Quia
1633 4607 1864 4659 misericc

2101 4609 2318 4673 Ἡσαΐας
2349 4609 2494 4677 λέγει
2535 4609 2613 4679 τῷ
2653 4609 2800 4680 Θεῷο
2831 4611 2950 4661 ’Ότι
2984 4611 3021 4676 ἡ
3055 4611 3434 4680 ἐλεημοσύνη
3481 4629 3596 4671 σου

367 4695 464 4747 dia
489 4704 581 4746 tua
605 4695 660 4746 in
683 4711 981 4749 mensuram
1007 4696 1052 4727 ⁶⁹
1078 4714 1090 4749 :
1125 4697 1394 4766 siquidem
1431 4699 1546 4765 ipse
1570 4711 1694 4750 cum
1726 4696 1862 4766 judit

2100 4718 2115 4762 τ
2165 4701 2465 4768 σταθμόνο
2502 4702 2594 4753 καὶ
2639 4700 2746 4772 γὰρ
2786 4700 3034 4763 κάκεῖνος
3069 4701 3166 4772 τὴν
3201 4702 3338 4773 μετὰ
3367 4706 3595 4776 κρίσεως

369 4785 798 4839 misericordiam
844 4793 1101 4854 praestat,
1153 4787 1207 4839 in
1242 4790 1477 4855 pondere
1501 4796 1555 4841 et
1583 4803 1810 4844 numero
1846 4803 1864 4842 ι

2097 4791 2395 4860 εημοσύνην
2423 4790 2738 4861 παρίστησι,
2772 4790 2920 4862 ζυχῷ
2949 4792 3042 4845 καὶ
3077 4793 3297 4866 ἀριθμῷ
3329 4797 3471 4850 κατὰ
3498 4798 3592 4868 τὴν

371 4876 613 4931 tribuens
642 4892 740 4946 pro
767 4876 1033 4946 cujusque
1059 4876 1304 4948 merito.]

2029 4881 2258 4933 ἑκάστου
2291 4880 2447 4946 ἀξίαν
2476 4881 3007 4954 ἁντιμετρούμενος.]

437 4971 491 5023 6.
545 4970 708 5036 Verbo
734 4971 945 5024 Domini
968 4971 1082 5023 creti
1114 4972 1316 5040 ﬁrmati
1344 4981 1483 5025 sunt.
1512 4971 1578 5026 Et
1607 4975 1694 5029 hic
1714 4990 1929 5044 quoque

2105 4973 2187 5038 Τῷ
2242 4975 2401 5043 λόγῳ
2455 4974 2678 5041 Κυρίου
2728 4976 2782 5028 οὶ
2832 4976 3070 5043 οίφανοὶ
3128 4976 3587 5044 ἐστερεώθησαν.

370 5076 556 5119 sancta
584 5064 820 5120 Trinitas
843 5065 1172 5121 declaratur.
1194 5066 1263 5119 Et
1287 5067 1475 5136 spiritu
1502 5069 1607 5120 oris
1627 5068 1738 5136 ejus
1760 5085 1865 5121 ann

2096 5065 2266 5137 ιλωσις
2295 5064 2570 5119 κάνταῦθα
2591 5065 2690 5136 τῆς
2721 5067 2882 5135 ἁγίας
2911 5069 3158 5138 Τριάδος.
3188 5069 3294 5123 Kal
3323 5069 3402 5135 τῷ
3427 5073 3591 5124 πνεύ-

367 5156 535 5208 uirlus
581 5173 781 5210 eorum.
825 5157 899 5212 Os
940 5155 1034 5211 Dei
1071 5155 1329 5228 Spiritum
1365 5168 1614 5213 sanctum
1645 5160 1776 5214 dicit
1807 5179 1820 5213 :
1853 5175 1862 5212 ι

2094 5171 2164 5206 ιτι
2204 5155 2309 5208 τοῦ
2357 5156 2651 5223 στόματος
2699 5155 2885 5208 αὐτοῦ
2932 5154 3100 5209 πᾶσα
3138 5156 3176 5222 ἠ
3211 5156 3460 5226 δύναμις
3486 5159 3589 5211 αὑ·

367 5247 587 5317 quidem
620 5249 890 5316 propheta
934 5263 1056 5303 cum
1089 5265 1154 5303 eo
1201 5249 1413 5304 amante
1444 5250 1812 5320 loquerentur,
1849 5269 1862 5304 t

2092 5242 2165 5295 ir.
2196 5243 2376 5313 Στόμα
2412 5244 2545 5297 Θεοῦ
2580 5244 2639 5296 τὸ
2669 5243 2890 5315 Πνεῦμα
2933 5243 2992 5298 τὸ
3026 5247 3177 5314 ἆγιον
3216 5246 3381 5316 λέγει·
3416 5251 3464 5303 οἳ
3489 5249 3587 5318 γὰρ

367 5338 648 5403 vehant”,
675 5340 920 5406 quoniam
955 5357 1012 5392 os
1052 5339 1259 5393 Domini
1293 5342 1400 5395 Ιιιεε
1425 5342 1655 5394 locutunt
1688 5352 1784 5395 est.

2180 5334 2305 5403 ῆται
2328 5335 2394 5388 δι’
2425 5336 2585 5389 αὑτοῦ
2612 5337 2893 5400 λαλοῦντες
2918 5338 3098 5406 ἔλεγον
3124 5356 3135 5368 ’
3167 5340 3283 5391 ’Ότι
3313 5339 3378 5393 τὸ
3407 5345 3588 5411 στόμα
3666 5373 3675 5382 -

2027 5427 2246 5494 Κυρίου
2277 5429 2427 5484 anu
2437 5448 2544 5498 ησε
2577 5431 2779 5485 ταῦτα.

438 5512 487 5566 7.
531 5511 861 5585 Congregans
890 5520 1023 5572 sicut
1058 5521 1108 5574 in
1140 5533 1251 5575 utre
1287 5540 1452 5592 aquas
1480 5526 1662 5582 maris.
1691 5524 1928 5597 Congre-

2099 5519 2381 5590 Συνάγωι·
2423 5523 2560 5576 ὡσεὶ
2611 5523 2802 5577 ἀσκὸν
2844 5521 3029 5576 ὕδατα
3060 5523 3391 5592 θαλάσσης.
3425 5526 3584 5598 Προσ-

437 5627 482 5658 ⁶⁹
510 5625 611 5685 lsa.
646 5645 836 5695 xxrnt,
875 5632 958 5686 17.
1038 5635 1081 5665 ⁷⁸
1115 5634 1218 5690 lsa.
1255 5652 1291 5705 ι,
1315 5636 1404 5693 ‘20.
