3786 6278
148 212 247 267 ’σε

1299 205 1658 263 EXPOSITIO
1695 205 1762 260 ΙΝ
1800 205 2126 263 PSALMUM
2159 208 2392 265 XXXIII.

3347 206 3449 261 £66

145 338 560 399 smnpm,
601 329 779 399 φησὶ,
808 328 871 381 τὸ
911 326 1055 399 ὕδωρ
1085 327 1184 398 τῆς
1213 325 1506 397 θαλάσσης,
1541 326 1782 394 καθάπερ

1913 345 2044 395 :ans,
2081 330 2276 400 inquit,
2327 328 2486 399 quasi
2515 329 2570 383 in
2598 337 2719 384 utre
2753 328 2989 397 quodam
3025 341 3220 396 aquam
3261 328 3449 392 maris,

146 420 199 468 ὲν
230 414 423 486 iam}
448 432 574 468 τινι
596 455 617 480 ,
647 417 775 478 ταῖς
802 414 1052 483 νεφέλαις
1081 413 1420 482 ὲπισυνέχει·
1455 413 1529 476 ὡς
1567 413 1659 466 καὶ
1691 412 1785 465 ἀλ·-

146 509 337 578 ὶιῖοῧ
385 524 602 580 φησιν’
648 509 704 561 '0
735 507 1223 576 προκαλούμενος
1255 505 1321 560 τὸ
1351 506 1507 575 ὕδωρ
1544 504 1652 573 τῆς
1683 508 1788 559 θα-

148 601 450 667 λάσσης,
486 601 602 655 καὶ
650 598 880 669 ἐκχέων
917 598 1062 653 αὐτὸ
1098 599 1195 652 ἐπὶ
1236 599 1560 667 πρόσωπον
1589 598 1789 667 πάσης

146 692 272 759 τῆς
312 692 468 763 τῆς*
499 693 610 745 καὶ
639 691 822 745 πάλιν
865 688 1118 759 Ἀνὰγων
1148 689 1406 758 νεφέλας
1429 689 1498 755 ἐξ
1525 689 1789 760 ἐσχάτου

152 782 272 848 τῆς
311 781 459 851 τῆς.
505 783 713 848 Τιθείς
737 782 809 834 ἐν
834 779 1158 848 θησαυροῖς
1188 780 1518 846 ἀϐύσσους.
1546 780 1654 834 Καὶ
1690 779 1789 844 τὰς

153 875 461 937 ὲδὲτπυς
487 914 505 938 ,
547 874 731 944 φησὶ,
762 871 1012 943 καθάπερ
1043 873 1101 925 ὲν
1145 870 1438 943 θησαυροῖς
1476 869 1786 941 σφραγίζει,

154 967 254 1021 ἵνα
284 965 370 1036 μὴ
396 963 825 1028 ἁναϐλύζουσαι
849 963 1179 1017 ὲπικλύσωσι
1206 964 1304 1035 τὴν
1328 963 1497 1035 ξηράν

230 1055 603 1125 Φοϐηθήτω
624 1054 735 1108 τὸν
757 1053 976 1121 Κύριον
1000 1049 1166 1107 πᾶσα
1189 1053 1226 1120 ἡ
1257 1050 1353 1121 γῆ.
1378 1052 1611 1123 Μηκέτι,
1634 1052 1786 1123 φησὶ,

156 1152 285 1212 τοίς
318 1147 650 1218 δαιμονίοις
693 1143 1017 1216 πῳσαγέτω
1060 1146 1094 1215 ἡ
1123 1144 1197 1215 γῆ
1222 1144 1285 1197 τὸ
1314 1142 1495 1208 σέϐας.
1536 1145 1653 1198 Ἀπ’
1685 1146 1791 1197 αὺ-

156 1240 281 1294 τοῦ
333 1238 413 1292 δὲ
468 1237 967 1305 σαλευθήτωσαν
1004 1234 1225 1301 πάντες
1269 1237 1323 1289 οι
1372 1235 1790 1299 κατοικοῦντες

162 1332 296 1401 τὴν
318 1331 737 1403 οἰκουμένην.
782 1332 1120 1396 Ἀκούοντες,
1163 1329 1361 1401 φησὶν,
1405 1328 1568 1383 αὐτοῦ
1613 1330 1664 1382 οί
1692 1330 1790 1400 τὴν

162 1424 525 1493 οξχωμένην
560 1422 845 1484 οἰκοῦντες
881 1420 1179 1492 ἄνθρωποι,
1208 1419 1310 1490 τῆς
1347 1420 1619 1492 προτέρας
1662 1422 1791 1475 στά-

166 1530 323 1576 σεως
366 1508 447 1585 ἧς
491 1507 651 1583 εἶχον
697 1510 1224 1582 εἰδωλολατροῦντες,
1256 1495 1496 1582 δηλονότι
1529 1510 1789 1583 σαλευθή-

164 1622 365 1658 suam!
400 1603 487 1675 τῷ
525 1604 653 1674 ἰδίῳ
678 1601 994 1673 δημιουργῷ
1020 1602 1404 1668 ὑπακούοντες.

1888 423 1943 477 in
1976 422 2209 477 nubibus
2244 422 2482 476 continet
2507 420 2654 475 illam
2689 437 2703 471 :
2744 418 3205 490 quemadmodum
3252 427 3305 472 ct
3343 419 3453 471 alio

1888 513 2009 568 loco
2051 511 2189 565 ait"
2226 526 2238 562 :
2270 509 2374 575 Qui
2404 520 2649 564 convocat
2681 526 2871 578 aquam
2914 509 3078 561 maris
3101 547 3116 573 ,
3151 518 3197 560 et
3231 506 3456 576 e/fundit

1888 623 2004 661 eam
2032 620 2187 674 super
2216 604 2405 672 faciem
2431 603 2689 657 universa:
2715 611 2887 657 terrae.
2917 599 2983 655 Et
3014 615 3231 656 rursum
3261 618 3275 653 :
3310 597 3457 652 Edu-

1889 712 2006 750 cens
2050 693 2209 749 nubes
2245 693 2309 747 ab
2357 701 2583 745 extremo
2633 700 2807 745 terrm.
2848 688 3053 744 Ponens
3095 689 3147 742 in
3195 687 3454 741 thesauris

1889 788 2127 857 abyssos.
2142 784 2209 839 Et
2227 784 2474 854 abyssos,
2495 782 2790 851 inquit,ceu
2811 781 2864 835 in
2888 779 3161 836 thesauris
3181 778 3453 848 obsignat,

1890 892 1957 932 ne
1988 875 2345 932 scaturientes
2372 883 2572 928 terram
2605 869 2888 926 inundent.

1958 1052 2013 1105 8.
2048 1049 2249 1104 Timeat
2274 1047 2559 1102 Dominum
2582 1046 2749 1100 omnis
2774 1053 2941 1101 terra.
2958 1043 3036 1099 Ne
3062 1043 3227 1103 ultra.
3253 1042 3454 1112 inquit,

1889 1142 2226 1198 daemonibus
2258 1148 2399 1194 terra
2426 1139 2633 1193 cultum
2665 1136 2876 1193 offerat.
2918 1135 2995 1191 Ab
3030 1152 3089 1191 eo
3114 1144 3286 1188 autent
3312 1150 3457 1187 eom-

1888 1243 2192 1288 moveantur
2217 1246 2391 1285 omnes
2417 1229 2771 1283 inhabitantes
2798 1227 2992 1285 orbem.
3028 1225 3131 1291 Qui
3161 1227 3346 1281 orbem
3376 1226 3459 1278 in—

1888 1325 2076 1382 colunt
2114 1321 2362 1378 homines
2394 1320 2487 1391 qui
2519 1320 2673 1389 prius
2723 1319 2884 1375 idolis
2926 1318 3092 1374 dediti
3140 1327 3324 1383 erant,
3358 1332 3458 1371 au-

1889 1418 2002 1472 dito
2049 1415 2170 1485 ejus
2219 1417 2439 1472 nomine
2485 1420 2935 1471 commoveantur
2980 1424 3189 1480 suoque
3234 1418 3457 1479 pareant

1890 1508 2178 1565 conditori.

252 1696 383 1749 Ὀτι
410 1668 777 1760 ὠτὸς-εἷαὲ
926 1668 1329 1762 ἓᾷενήθησαν,
1358 1690 1542 1759 αὐτὸς
1573 1691 1782 1746 eratet-

1967 1698 2021 1754 9.
2065 1698 2330 1764 Quoniam
2352 1698 2462 1768 ipse
2483 1697 2621 1751 dixit
2642 1707 2691 1751 et
2727 1697 2871 1766 facta
2891 1704 3034 1762 sunt,
3058 1695 3168 1765 ipse
3190 1694 3460 1748 mandavit

166 1787 483 1851 λατομίαι
515 1786 918 1853 ἐκτίσθησαν.
960 1785 1027 1838 Ἦ
1059 1787 1155 1857 μὲν
1183 1786 1407 1856 γένησις
1439 1784 1537 1855 τὴν
1568 1783 1675 1838 τῶν
1707 1784 1793 1837 λο-

170 1876 359 1942 γικῶν
386 1874 639 1946 οὗσιώδη
663 1874 831 1945 δηλοῖ*
856 1875 890 1944 ἡ
914 1872 970 1926 δὲ
992 1873 1164 1937 κτίσις
1185 1874 1283 1943 τὴν
1307 1872 1414 1926 ἀπὸ
1436 1870 1529 1925 τοῦ
1554 1871 1792 1942 χείρονος

173 1968 275 2018 Et".
295 1968 367 2019 τὸ
389 1968 658 2037 κρεῖττον
700 1964 955 2036 σημαίνει
992 1963 1315 2036 ιιεταϐολήν.
1357 1964 1433 2017 Εἰ
1468 1981 1560 2027 τις
1587 1962 1696 2033 γὰρ
1723 1964 1793 2017 ἐν

174 2057 426 2126 Χριστῷ
458 2057 658 2125 καινὴ
687 2057 904 2123 κτίσις.

254 2153 493 2217 Κύριος
525 2147 906 2209 διωκεδὰζει
931 2147 1167 2214 βουλὰς
1194 2145 1404 2202 ἐθνῶν.
1435 2147 1557 2201 Τῶν
1585 2146 1792 2218 νοητῶν

178 2241 462 2310 δηλονότι.
506 2238 728 2293 Ἀθετεῖ
764 2237 834 2291 δὲ
873 2237 1202 2309 λογισμοὺς
1230 2237 1424 2304 λαῶν,
1458 2237 1557 2291 καὶ
1600 2236 1799 2292 ἀθετεῖ

176 2333 433 2400 βουλὰς
460 2332 806 2402 ἀρχόντων.
846 2329 1184 2399 ’Δπράκτους
1207 2331 1315 2401 γὰρ
1343 2329 1631 2393 ἐπιϐουλὰς
1656 2330 1785 2385 πάνυ

186 2444 297 2478 των
348 2424 530 2495 ἔθηκε
586 2420 701 2475 τῶν
765 2412 1070 2485 Ἰουδαίων“,
1118 2422 1412 2492 τριήμερος
1460 2421 1789 2492 ἀναστήσας.

188 2515 368 2568 Τοῦτο
427 2513 552 2585 γὰρ
604 2508 674 2583 ἦν
717 2511 746 2565 δ
786 2512 882 2565 καὶ
926 2511 1207 2583 βούλεται,
1239 2511 1383 2581 ὅπερ
1422 2510 1522 2566 καὶ
1564 2513 1652 2577 είς
1687 2511 1794 2565 τὸν

184 2607 383 2661 αἰῶνα
405 2606 616 2675 μένει.

260 2697 573 2768 Λοτισμοὶ
623 2694 733 2764 τῆς
779 2695 1025 2765 καρδίας
1066 2694 1252 2750 αὐτοῦ
1304 2696 1391 2761 εὶς
1437 2694 1652 2765 γενεὰν
1694 2694 1793 2749 καὶ

190 2790 439 2863 γενεάν.
482 2788 573 2841 Τὰ
603 2787 871 2857 δόγματα,
918 2785 1101 2856 φησὶν,
1127 2785 1163 2839 ἃ
1193 2784 1537 2855 βεϐούλευται
1582 2786 1677 2838 καὶ
1716 2785 1795 2848 εἰς

189 2885 286 2937 τὶν
315 2881 579 2954 παρόντα
615 2879 788 2933 αἰῶνα
824 2878 920 2932 καὶ
961 2879 1039 2942 είς
1070 2877 1163 2930 τὸν
1199 2876 1481 2948 μέλλοντα.
1528 2876 1794 2946 Λογισμυὶ

1891 1800 1941 1846 et
1984 1800 2162 1845 creata
2204 1799 2347 1846 sunt.
2405 1788 2598 1843 Factio
2646 1788 3049 1843 rationabilium
3100 1786 3457 1842 substantiam

1891 1884 2116 1938 denotat
2149 1898 2164 1936 :
2200 1881 2403 1937 ereatio
2444 1890 2647 1944 autem,
2678 1897 2706 1934 a
2750 1881 2935 1951 pejore
2965 1880 3018 1935 in
3048 1880 3244 1934 melius
3278 1887 3457 1932 muta-

1892 1974 2092 2029 tionem
2120 1989 2135 2026 :
2173 1971 2231 2027 Si
2263 1988 2380 2043 qua:
2408 1974 2546 2027 enim
2579 1973 2634 2026 in
2659 1971 2871 2026 Christo
2896 1987 3028 2025 nova
3056 1980 3303 2025 creatura
3318 1971 3392 2021 τ’.

1965 2151 2054 2206 10.
2099 2151 2350 2205 Dominus
2380 2150 2607 2218 dissipat
2640 2149 2865 2203 consilia
2900 2149 3151 2219 gentium.
3193 2145 3461 2216 Spiritus-

1893 2242 2027 2297 lium
2060 2242 2349 2306 videlicet,
2385 2239 2641 2310 Reprobat
2665 2251 2836 2293 autem
2872 2239 3209 2309 cogitationes
3236 2236 3458 2306 populo-

1893 2351 2039 2399 rum,
2103 2343 2154 2388 et
2230 2333 2471 2403 reprobat
2532 2330 2755 2384 consilia
2815 2330 3132 2400 principum.
3202 2326 3461 2381 Omnium

1892 2426 2090 2497 quippe
2130 2424 2441 2479 Iudaeorum
2493 2423 2719 2477 insidias
2760 2421 2944 2476 irritas
2996 2417 3145 2482 fecit,
3192 2426 3317 2487 post
3364 2418 3461 2472 tri-

1892 2519 2059 2573 duum
2104 2531 2414 2587 resurgons.
2456 2514 2513 2570 ld
2543 2514 2686 2570 enim
2720 2513 2822 2569 sibi
2856 2512 2970 2568 vult
2995 2512 3157 2567 etiam
3191 2510 3322 2567 illud
3348 2552 3364 2578 ,
3404 2510 3461 2563 in

1893 2619 2146 2663 teternum
2177 2616 2352 2661 manet
2382 2605 2662 2659 consilium
2694 2604 2930 2658 Domini.

1965 2700 2052 2754 ll.
2094 2697 2450 2768 Cogitationes
2496 2697 2673 2750 cordis
2730 2713 2845 2766 ejus
2886 2697 2942 2750 in
2986 2694 3375 2765 generationem
3410 2702 3459 2746 et

1895 2788 2299 2859 generationem.
2335 2784 2594 2857 Dogmata
2618 2824 2633 2849 ,
2666 2784 2876 2854 inquit,
2907 2799 3027 2854 qua:
3064 2783 3281 2839 decreta
3312 2790 3459 2840 sunt.

1895 2879 2007 2933 sive
2038 2878 2092 2931 in
2127 2877 2380 2948 praesenti
2407 2876 2521 2930 sive
2550 2875 2603 2930 in
2634 2875 2817 2930 futuro
2845 2874 3064 2930 saeculo.
3094 2872 3463 2944 Cogitationes

192 2972 332 3026 θεοῦ
362 2975 426 3027 αἱ
451 2968 787 3041 κατάλληλοι
822 2967 1225 3041 διακοσμήσειςο
1258 2965 1453 3039 καρδία
1487 2965 1546 3020 δὲ
1575 2965 1635 3019 τὸ
1657 2965 1782 3019 ἁπό-

1913 2966 2013 3033 Dei,
2043 2967 2094 3021 id
2127 2975 2212 3022 est
2239 2975 2601 3035 congruentes
2644 2964 3030 3036 dispositiones
3059 2981 3072 3017 :
3104 2977 3234 3027 cor,
3279 2961 3464 3017 occul-

192 3083 412 3138 κρύφον
444 3064 553 3135 τῆς
582 3062 793 3124 οὐσίας.

269 3155 596 3224 Ηακὰριον
626 3152 694 3207 τὸ
727 3153 901 3218 ἔθνος
926 3146 998 3207 οὗ
1036 3149 1168 3205 ἐστὶ
1198 3150 1413 3218 Κύριος
1444 3152 1478 3203 ὁ
1510 3148 1655 3214 Θεὸς
1688 3152 1796 3204 αὐ-

194 3250 328 3304 τοῦ.
363 3249 516 3310 Τοὺς
547 3242 890 3315 είς.Χριστδν
937 3242 1291 3306 πιστεύοντας
1341 3242 1399 3294 ὲν
1432 3239 1641 3305 τούτοις
1687 3257 1793 3312 μα-

197 3341 439 3412 καρίους
472 3336 765 3392 ἀποκαλεῖ.

270 3432 417 3505 [Ἐξ
440 3429 708 3499 οίιρανοῦ
737 3427 1075 3496 ἐπέϐλεψεν
1109 3427 1144 3480 ό
1175 3425 1408 3493 Κύριος.
1448 3425 1647 3489 Ειπεν,
1693 3424 1797 3477 ἐπ-

197 3523 495 3591 tm,
543 3520 632 3573 ἵνα
682 3518 757 3590 μή
792 3534 875 3581 τις
921 3516 1080 3571 αὐτὸν
1108 3516 1318 3585 ἀγνοεῖν
1356 3514 1514 3586 οἰηθῇ
1545 3512 1613 3566 τὰ
1645 3512 1797 3584 παρὰ

196 3616 311 3670 τῶν
341 3611 657 3685 ἀνθρώπων
681 3609 1067 3681 τολμώμενα.]

275 3707 422 3780 [Ἐξ
466 3707 711 3774 ἑτοίμου
738 3700 1191 3770 κατοικητηρίου
1235 3697 1441 3753 αὐτοῦ.
1472 3698 1627 3751 Ἤτοι
1653 3698 1797 3769 ἡτοι-

204 3801 519 3873 ρατμένου,
567 3795 1016 3868 εὐτρεπισμένου.
1073 3789 1236 3856 Οἶκος
1278 3790 1411 3863 γὰρξ
1430 3790 1617 3862 ὥσπερ
1659 3790 1794 3844 Θεοῦ

203 3895 672 3965 ἀποκεκλήρωται
700 3895 729 3946 ὁ
748 3887 1022 3963 οὐρανός.]

289 3989 350 4040 '0
375 3984 627 4051 πλάσας
651 3982 991 4052 καταμόνας
1014 3979 1124 4047 τὰς
1155 3976 1405 4046 καρδίας
1428 3975 1646 4031 αὐτῶν.
1680 3974 1795 4029 Μό-

206 4097 325 4143 νος,
359 4079 550 4150 φησὶν,
573 4078 601 4129 δ
630 4074 760 4139 Θεὸς
791 4068 898 4127 οἶδε
929 4072 1038 4126 τῶν
1083 4068 1383 4141 ἀνθρώπων
1413 4070 1510 4131 τὰς
1551 4065 1794 4138 καρδίας.

206 4171 303 4224 Διὸ
335 4171 437 4223 καὶ
478 4166 719 4240 ὁΣιυτὴρ
746 4166 859 4228 τοῖς
902 4163 1176 4225 Ἰουδαίοις
1213 4160 1365 4228 ἔλεγε
1389 4177 1403 4191 ·
1440 4160 1502 4214 Τί
1539 4157 1798 4227 διαλογί-

206 4263 384 4325 ζεσθε
411 4257 650 4326 πονηρὰ
673 4258 743 4311 ὲν
769 4255 896 4322 ταῖς
921 4252 1191 4323 καρδίαις
1210 4251 1413 4321 timor;

1898 3064 2010 3110 tum
2042 3054 2382 3112 substantiae.

1966 3166 2052 3221 η.
2090 3165 2257 3221 Beata
2309 3183 2430 3237 gens
2478 3167 2629 3237 cujus
2674 3176 2752 3222 est
2800 3166 3052 3222 Dominus
3103 3165 3245 3220 Deus
3306 3164 3444 3235 ejus.

1894 3258 2091 3314 Bratos
2127 3259 2212 3315 liis
2236 3259 2417 3315 verbis
2442 3269 2601 3315 vocat
2642 3275 2739 3316 eos
2763 3261 2856 3331 qui
2889 3260 2942 3314 in
2973 3259 3253 3314 Christum
3287 3257 3463 3312 credi-

1894 3352 2113 3407 derunt.

1965 3441 2086 3512 [15.
2128 3440 2206 3495 De
2240 3442 2368 3496 caelo
2398 3444 2622 3513 respexit
2655 3443 2930 3499 Dominus.
2957 3443 3082 3509 Ait,
3108 3445 3358 3514 respexit,
3399 3459 3466 3499 ne

1895 3534 2018 3604 quis
2052 3541 2296 3589 autumet
2323 3536 2498 3605 ipsum
2530 3537 2781 3607 ignorare
2802 3536 3085 3592 hominum
3108 3536 3367 3592 facinora.

1967 3705 2079 3778 [Η.
2104 3706 2183 3762 De
2205 3717 2505 3778 prwparato
2535 3708 2841 3763 habitacula
2868 3726 2984 3764 suo.
3005 3707 3060 3764 Id
3086 3717 3191 3775 est,
3214 3719 3465 3765 accurate

1898 3796 2163 3854 instructo
2195 3807 2250 3853 et
2278 3808 2492 3854 ornato.
2524 3797 2659 3854 Nam
2693 3800 2889 3855 coelum
2929 3800 3087 3870 quasi
3129 3799 3197 3854 ad
3227 3797 3320 3855 Dei
3363 3797 3460 3854 do-

1898 3888 2159 3944 micilium
2198 3888 2526 3945 destinatum
2558 3888 2689 3962 est.]

1969 3979 2057 4034 15.
2090 3977 2193 4044 Qui
2220 3979 2376 4049 ﬁnxit
2408 3980 2688 4050 sigillatim
2739 3982 2900 4035 corda
2929 3997 3129 4036 eorum.
3159 3980 3342 4045 Solus,
3381 3980 3465 4034 in-

1898 4072 2035 4141 quit,
2068 4070 2210 4126 Deus
2239 4070 2387 4127 novit
2424 4071 2708 4127 hominum
2731 4072 2914 4128 corda.
2948 4071 3311 4139 Quamobrem
3344 4070 3465 4125 Sal-

1898 4174 2054 4219 vator
2081 4163 2281 4222 Judaeis
2306 4165 2521 4221 dicebat
2550 4180 2563 4215 :
2599 4163 2740 4230 Quid
2768 4166 3014 4235 cogitatis
3039 4165 3181 4218 mala
3212 4166 3266 4217 in
3288 4165 3465 4217 cordi-

1900 4254 1993 4308 bus
2017 4255 2298 4309 restris"?

292 4351 447 4407 Ἰδοὺ
489 4353 545 4403 ot
583 4347 878 4418 ὀφθαλμοί
925 4346 1144 4414 Κυρίου
1187 4345 1285 4399 ἐπὶ
1326 4343 1467 4408 τοὺς
1505 4340 1782 4410 εροσουμὲ⁴

1974 4346 2056 4401 18.
2086 4346 2221 4400 Ecce
2245 4348 2384 4402 oculi
2408 4346 2625 4400 Domini
2650 4361 2805 4415 super
2834 4354 3116 4399 metuentes
3148 4362 3289 4402 eum.
3312 4344 3465 4400 Oculi
3532 4394 3535 4397 γ

207 4460 360 4509 γους
383 4441 595 4495 αὐτόν.
638 4436 934 4509 Ὀφθαλμοὶ
966 4436 1170 4510 Κυρίου
1199 4438 1232 4506 ἡ
1267 4433 1608 4505 παντοπτικὴ
1629 4432 1793 4485 αὑτοῦ

207 4535 465 4602 δύναμις·
504 4531 539 4603 ἢ
588 4529 845 4592 πολλάκις
890 4530 920 4581 ὁ
961 4527 1089 4589 Υἱὸς
1123 4526 1215 4579 καὶ
1250 4525 1311 4579 τὸ
1358 4522 1597 4594 Πνεῦμα,
1630 4522 1704 4586 ὡς
1738 4521 1794 4573 ὲν

211 4625 366 4697 μέσῳ
388 4622 487 4677 δύο
515 4620 710 4691 φώτων
740 4621 769 4673 ὁ
796 4616 984 4689 Πατὴρ
1013 4616 1123 4670 τῶν
1154 4614 1368 4686 φώτων.

280 4714 394 4773 Καὶ
421 4711 736 4780 διαθρέψαι
762 4707 984 4774 αὐτοὺς
1005 4707 1076 4760 ἑν
1103 4705 1276 4776 λιμῷ.
1309 4706 1397 4758 Ἐν
1418 4703 1614 4776 καιρῷ,
1639 4701 1791 4775 φησι,

205 4803 480 4877 διωγμοῦ,
510 4802 588 4874 μὴ
619 4799 1027 4871 συνισταμένων
1060 4796 1170 4850 τῶν
1199 4795 1404 4868 νοητῶν
1429 4793 1662 4869 τροφῶν.
1693 4793 1793 4846 αὐ·-

208 4898 299 4961 τδς
325 4897 357 4948 δ
389 4894 598 4967 Κύριος
631 4890 722 4946 διὰ
743 4889 1057 4961 Πνεύματος
1087 4887 1245 4956 ἁγίου
1280 4884 1466 4958 θρέψει
1495 4883 1710 4947 αὐτούς.

289 4991 353 5045 Ἡ
378 4987 451 5041 δὲ
481 4984 657 5055 ψυχὴ
687 4982 858 5053 ἡμῶν
894 4980 1179 5050 ὑπομένει
1213 4978 1294 5044 τῷ
1324 4976 1534 5046 Κυρίῳ.
1576 4977 1662 5039 Ὠς
1691 4975 1793 5046 ἤδη

209 5078 540 5151 δεδειγμένοι
569 5076 674 5147 τὴν
701 5077 782 5138 εἰς
811 5073 973 5127 αὐτὸν
997 5071 1319 5141 πεποίθησιν
1344 5065 1755 5139 προϐάλλονται.

216 5171 528 5228 ΨΔΛΜΟΣ
568 5165 652 5232 τῷ
698 5163 879 5219 Δαυῒδ
917 5164 1096 5217 ὁπότε
1151 5161 1451 5228 ἠλλοίωσε
1498 5157 1563 5211 τὸ
1606 5157 1791 5225 πρόσ-

273 5278 443 5317 ωπον
468 5258 661 5314 αὑτοῦ
692 5255 972 5310 ἐναντίον
1008 5252 1326 5323 Ἀϐιμέλεχ,
1347 5249 1441 5303 καὶ
1479 5247 1793 5301 ἀπέλυσεν
1861 5300 1875 5305 ,

275 5353 487 5418 αὑτὸν,
513 5347 617 5404 καὶ
647 5344 944 5415 ἀπῆλθεν.
979 5347 1115 5399 AI".

847 5436 1173 5498 Ύπόθεσις.

213 5536 424 5605 ιζέὗγων
451 5537 481 5590 δ
513 5530 682 5588 Δαυῒδ
708 5530 797 5582 τὸν
820 5526 1010 5592 Σαοὺλ,
1040 5521 1167 5597 ἦλθε
1200 5523 1334 5595 πρὸς
1367 5517 1672 5589 Ἀϐιμέλεχ,
1698 5515 1792 5568 καὶ
1850 5508 1871 5513 il

274 5675 314 5705 "
338 5675 508 5727 Amos
542 5686 595 5734 γ,
630 5668 686 5722 8.
764 5666 808 5697 ⁷²
842 5663 882 5717 ll
912 5662 1039 5717 Cor.
1071 5675 1124 5724 ν,
1163 5659 1246 5711 l7.
1321 5656 1366 5690 ⁷³
1400 5653 1587 5710 Matth.
1626 5666 1699 5717 ις,
1734 5648 1786 5704 4.

1900 4438 2113 4493 Domini
2159 4448 2287 4493 sunt
2342 4440 2586 4495 omnium
2644 4437 2971 4506 speculatrix
3013 4437 3134 4508 ejus
3174 4447 3415 4508 potestas
3450 4455 3462 4489 :

1900 4539 1994 4585 aut
2031 4531 2349 4601 plerumque
2398 4529 2568 4584 Filius
2590 4538 2645 4585 et
2668 4527 2905 4598 Spiritus
2933 4539 3179 4597 sanctus,
3213 4531 3285 4586 ita
3319 4539 3374 4585 ut
3410 4531 3465 4585 in

1900 4622 2080 4677 medio
2105 4621 2335 4677 duorum
2370 4622 2639 4676 luminum
2676 4621 2746 4675 sit
2777 4620 2952 4676 Pater
2985 4622 3269 4677 luminum.

1973 4711 2060 4767 l9.
2108 4709 2177 4764 Et
2210 4710 2323 4764 alat
2356 4727 2442 4765 eos
2470 4711 2524 4765 in
2558 4710 2718 4779 fame.
2761 4709 3061 4781 Tempore,
3091 4712 3300 4782 inqu-it,
3343 4726 3469 4780 per-

1900 4801 2197 4858 secutionis
2218 4841 2234 4866 ,
2268 4803 2314 4858 si
2344 4817 2454 4857 non
2486 4802 2670 4858 adsint
2694 4801 3003 4872 spiritualcs
3046 4803 3175 4867 cibi,
3226 4803 3341 4869 ipse
3369 4801 3468 4855 Do-

1904 4894 2087 4950 minus
2119 4908 2216 4964 per
2245 4892 2509 4965 Spiritum
2538 4904 2788 4951 sanctum
2812 4895 3048 4950 cnutriet
3074 4893 3215 4947 illos.

1968 4984 2255 5041 20.Anima
2267 4997 2445 5041 nostra
2461 4989 2680 5042 sustinet
2695 4984 2994 5040 Dominum.
3015 4982 3307 5052 Quamjam
3320 4982 3468 5037 exhi-

1899 5079 2131 5134 buerunt
2155 5075 2405 5133 ﬁduciam
2425 5093 2551 5148 erga
2576 5077 2879 5133 Dominum.
2901 5089 3046 5130 nunc
3061 5089 3171 5144 pra:
3187 5088 3246 5128 se
3264 5072 3463 5130 ferunt.

1904 5171 1952 5226 ί.
2010 5168 2351 5224 PSALMUS
2407 5171 2578 5224 David
2637 5170 2845 5240 quando
2905 5166 3205 5220 immutaeit
3261 5165 3463 5220 vultum

1972 5276 2126 5314 suum
2180 5275 2357 5313 coram
2413 5261 2742 5323 Abimelech,
2782 5268 2826 5316 et
2863 5256 3193 5313 dimisiteum
3222 5268 3271 5312 et
3314 5259 3442 5311 abiit

1970 5349 2253 5405 XXXIII.

2486 5445 2883 5509 Argumentum.

1902 5538 2039 5593 Cum
2074 5535 2283 5609 fugeret
2338 5534 2509 5590 David
2540 5534 2780 5601 Saulcm,
2809 5532 2954 5591 venit
3012 5533 3079 5590 ad
3132 5529 3465 5588 Abimelcch.
