3786 6278
282 237 380 292 167

1130 226 1185 282 S.
1231 224 1602 281 ATIIANASII
1632 223 1794 281 OPP.
1842 221 2024 277 PARS
2065 221 2154 275 ΙΙΙ.
2197 251 2267 261 ——
2303 219 2721 278 EXEGETICA.

3436 223 3590 279 N38

344 363 400 407 et
430 358 648 421 rogatus
669 349 737 404 ab
756 364 821 404 eo
846 363 966 418 qua:
1007 361 1171 401 causa
1205 360 1479 407 recessus,
1512 343 1695 414 fugam
1728 342 1850 412 qui-

2026 338 2127 408 τῆς
2168 337 2405 407 ἀφίξεως
2435 337 2532 408 τὴν
2577 338 2756 391 αἰτίαν
2799 336 3152 409 ἐρωτώμενος
3193 336 3323 409 παρ’
3351 337 3581 401 αὐτοῦ,

349 441 473 496 dem
501 429 746 509 negavit;
776 438 869 493 sed
892 437 1123 491 missum
1154 451 1213 490 se
1242 436 1319 489 ait
1348 436 1418 489 ab
1446 433 1615 489 Saule
1652 443 1848 502 pustu—

353 533 523 587 latum
550 531 785 586 Goliathi
815 545 1023 585 ensem.
1062 527 1338 596 Quoniam
1381 528 1549 598 igitur
1577 526 1726 581 aliud
1765 525 1852 579 di-

354 624 510 678 cebat
538 622 686 677 aliud
726 621 1016 685 sentiebat,
1047 621 1386 691 descriptum
1418 631 1503 675 est
1528 620 1854 673 immutasse

352 714 561 769 vultum
592 729 774 768 suum.
830 713 993 768 Canit
1025 721 1207 767 autem
1262 713 1534 783 psalmum
1590 725 1733 766 novo
1760 724 1858 779 po-

353 805 502 876 pulo,
539 805 844 860 doctrinam
892 805 1250 862 introducens
1284 803 1587 875 spiritualis
1613 811 1667 859 et
1687 816 1858 859 evan-

356 896 513 968 gelici
546 898 751 953 cultus.

355 1077 411 1133 2.
451 1077 764 1133 Benedicam
808 1078 1090 1133 Dominum
1150 1080 1206 1132 in
1256 1078 1399 1131 omni
1441 1084 1735 1145 tempore...
1792 1072 1860 1128 1η

290 1168 512 1224 Domino
555 1170 865 1224 laudabitur
905 1171 1086 1224 anima
1134 1188 1269 1225 mea.
1304 1168 1532 1224 Etiamsi
1585 1168 1745 1222 laude
1771 1166 1859 1220 di-

288 1279 427 1332 gnus
453 1263 580 1327 sitn,
635 1262 761 1332 quia
790 1262 1042 1316 nonnihil
1082 1262 1212 1317 boni
1243 1262 1295 1315 itt
1323 1261 1579 1331 operibus
1607 1259 1741 1313 meis
1776 1273 1861 1313 re-

288 1355 515 1424 peritur,
544 1356 594 1409 id
628 1369 737 1408 non
785 1355 917 1408 mihi
959 1354 1052 1408 sed
1098 1352 1209 1407 Deo
1253 1352 1636 1407 ascribendum
1681 1369 1695 1405 :
1748 1350 1862 1418 ipse

289 1456 453 1502 meet
477 1447 738 1502 illustrem
798 1445 979 1501 effecit
1028 1455 1083 1501 et
1124 1444 1447 1515 praeclarum
1497 1441 1717 1497 elliciet.
1746 1439 1861 1494 Au-

288 1536 440 1592 diant
476 1537 736 1592 mansueti
763 1546 813 1592 et
838 1537 1103 1593 laetentur.
1133 1535 1377 1590 Salutem
1410 1533 1543 1588 mihi
1570 1549 1599 1586 a
1628 1532 1862 1586 Domino

290 1644 609 1685 concessam
634 1629 862 1699 quilibet
892 1629 1075 1698 justus
1102 1626 1148 1682 si
1182 1627 1367 1681 audiat
1425 1625 1644 1680 laetatus
1675 1622 1862 1677 fuerit.

2026 431 2124 501 τὴν
2155 430 2331 503 φυγὴν
2357 432 2456 503 μὲν
2481 434 2775 503 ἠρνήσατο·
2804 431 3136 486 ἀπεστάλθαι
3157 431 3212 486 δὲ
3238 429 3359 485 εἷπε
3387 433 3581 506 παρὰ

2022 520 2119 575 τοῦ
2151 521 2321 575 Σαοὺλ
2342 563 2356 587 ,
2405 522 2481 586 ὡς
2510 523 2604 577 καὶ
2633 527 2731 595 τὴν
2760 523 3034 596 ῥομφαίαν
3069 524 3291 596 αἰτῆσαι
3325 523 3419 578 τοῦ
3452 525 3583 577 Γο-

2027 612 2170 667 λιάθ.
2210 613 2364 667 Ἐπεὶ
2392 614 2573 668 τοίνυν
2602 615 2737 670 ἄλλα
2789 615 2889 686 μὲν
2924 610 3098 681 εἶπεν,
3130 614 3264 669 ἄλλα
3289 615 3344 669 δὲ
3382 615 3584 686 ἐερρό-

2028 721 2145 767 νει,
2187 704 2599 777 ἀναγέγραπται
2625 706 2683 759 τὸ
2705 705 3104 774 ἠλλοιωκέναι
3126 706 3193 759 τὸ
3216 707 3579 775 πρόσωπον⁹

2027 796 2232 851 αὐτοῦ.
2276 796 2426 869 ’ᾼδει
2450 798 2506 851 δὲ
2536 799 2627 852 τὸν
2651 798 2862 870 ψαλμδν
2887 798 2966 869 τῷ
2994 798 3102 870 νέῳ
3133 797 3268 870 λαῷ,
3294 798 3581 853 διδασκα-

2029 888 2146 943 λίαν
2174 890 2610 962 εἰσηγησάμενος
2641 892 2742 963 τῆς
2771 892 3151 964 πνευματικῆς
3187 892 3282 947 καὶ
3319 894 3581 964 εὐαγγε-

2029 979 2187 1051 λικῆς
2215 980 2489 1054 λατρείας.

2030 1071 2364 1142 Εὑλογήσω
2389 1073 2497 1127 τὸν
2532 1075 2748 1142 Κύριον
2784 1074 2853 1129 ἐν
2887 1075 3066 1130 παντὶ
3109 1074 3293 1144 καιρῷ
3315 1115 3360 1131 ..
3381 1115 3393 1128 .
3450 1076 3576 1128 Ἐν

1959 1160 2040 1228 τῷ
2094 1165 2291 1232 Kvpt’q)
2341 1165 2799 1232 ἐπαινεθήσεται
2849 1169 2887 1235 ἡ
2929 1167 3098 1237 ψυχή
3149 1185 3285 1237 μου.
3340 1167 3403 1221 Εἰ
3452 1157 3573 1219 καὶ

1960 1251 2109 1318 ἄξιος
2157 1254 2380 1309 ἐπαίνου
2427 1256 2678 1326 τυγχάνω
2717 1255 3034 1329 εὑρεθέντος
3077 1259 3222 1322 τινὸς
3268 1255 3435 1312 καλοῦ
3489 1259 3571 1309 ὲν

1960 1347 2079 1407 ταῖς
2113 1346 2275 1415 ἐμαῖς
2318 1346 2601 1415 πράξεσιν,
2632 1348 2788 1401 τοῦτο
2829 1349 2928 1402 οὐκ
2972 1349 3115 1420 ἐμοὶ,
3145 1347 3283 1403 ἀλλὰ
3319 1348 3398 1421 τῷ
3427 1348 3569 1419 Θεῷ

1961 1433 2279 1488 ἀναθετέονο
2325 1436 2485 1500 αὐτὸς
2539 1437 2639 1507 ἐμὲ
2673 1436 2765 1490 καὶ
2813 1436 3082 1507 πεποίηκε
3130 1438 3423 1509 περιφανῆ,
3454 1437 3571 1489 καὶ

1963 1525 2178 1596 ποιήσει
2226 1527 2610 1600 περίϐλεπτον.
2665 1528 3122 1584 Ἄκουσάτωσαν
3162 1530 3400 1599 πραεῖς,
3445 1530 3563 1584 καὶ

1964 1619 2494 1688 εὐφρανθήτωσαν.
2537 1621 2648 1692 Τὴν
2686 1621 2811 1692 ἐμοὶ
2857 1622 3229 1694 γεγενημένην
3261 1621 3411 1694 παρὰ
3452 1620 3562 1675 τοῦ

290 1721 447 1787 Quod
470 1729 649 1777 autem
691 1721 780 1775 ille
823 1719 1005 1776 salvos
1037 1718 1205 1775 faciat
1231 1727 1517 1788 sperantes
1549 1717 1603 1769 in
1633 1730 1713 1781 se,
1747 1728 1857 1768 non

2022 1715 2166 1785 υρίου
2208 1718 2482 1788 σωτηρίαν
2524 1717 2633 1778 πᾶς
2674 1715 2879 1781 δίκαιος
2911 1715 3164 1788 ἀκηκοὼς
3193 1713 3555 1788 εὐφρανθείη.

290 1816 344 1869 id
375 1815 615 1869 admittit
661 1824 722 1869 ut
753 1815 906 1869 solus
967 1813 1229 1883 hymnum
1266 1812 1435 1867 edat:
1493 1810 1584 1864 sed
1626 1824 1720 1863 eos
1763 1808 1859 1876 qui

291 1911 572 1958 consortes
602 1914 729 1957 sunt
759 1904 1061 1959 clementiae
1097 1901 1334 1967 Domini,
1389 1910 1674 1957 consortes
1699 1898 1862 1955 edicit

293 1993 515 2050 cantici.

360 2084 413 2138 5.
445 2083 787 2155 Magniﬁcate
812 2084 1096 2138 Dominum
1128 2100 1299 2138 meum
1355 2093 1406 2137 et
1447 2083 1739 2137 exaltemus
1766 2099 1862 2137 no-

291 2189 407 2227 men
433 2175 546 2245 ejus
576 2177 631 2229 in
652 2176 906 2245 idipsum.
936 2175 1106 2242 Quasi
1155 2192 1265 2230 non
1309 2173 1543 2231 sufﬁciat
1571 2175 1688 2246 ipse
1711 2175 1863 2230 solus

296 2268 753 2338 magnificentiam
812 2267 905 2323 Dei
954 2269 1263 2336 enuntiare,
1314 2267 1556 2340 postulat
1582 2284 1646 2323 ea
1694 2269 1749 2323 in
1803 2285 1863 2325 re

293 2361 520 2415 aliorum
551 2378 772 2432 Operam
806 2371 857 2417 et
884 2363 1174 2420 auxilium.

364 2544 417 2599 5.
442 2545 681 2599 Accedite
704 2543 773 2597 ad
803 2559 919 2599 eum
952 2552 999 2596 et
1032 2542 1436 2598 illuminamini.
1475 2542 1553 2597 Ex
1583 2543 1865 2599 concessis

294 2636 452 2691 donis
480 2646 698 2707 accepta
730 2635 947 2701 ﬁducia,
981 2636 1118 2692 alios
1145 2636 1310 2690 etiam
1345 2637 1410 2690 ad
1443 2634 1495 2691 id
1535 2636 1748 2691 invitat.

363 2808 565 2866 6.‘Iste
614 2826 812 2880 pauper
858 2810 1128 2875 clamavit,
1181 2820 1231 2865 et
1279 2809 1540 2864 Dominus
1596 2809 1866 2864 exaudivit

295 2901 710 2968 eum.Ediscite,
747 2903 945 2972 inquit,
977 2918 1045 2958 ex
1076 2904 1142 2958 iis
1177 2917 1300 2973 quae
1339 2903 1472 2956 mihi
1518 2902 1865 2966 acciderunt,

296 2994 551 3050 fiduciam
596 2994 796 3049 habere
843 2995 897 3047 in
962 2992 1250 3048 Dominum
1318 2994 1725 3049 universorum.
1785 2994 1869 3050 Mc

298 3101 535 3155 namque
558 3085 714 3140 vilem
747 3095 799 3140 et
827 3084 1099 3154 abiectum
1139 3094 1193 3138 et
1214 3094 1486 3154 pastorem
1540 3085 1746 3149 ovium,
1771 3103 1868 3141 sua

299 3177 552 3247 dignatus
593 3186 675 3231 est
704 3177 1060 3246 providentia.
1089 3185 1254 3230 atuue
1290 3175 1544 3230 hostibus
1594 3185 1863 3246 praestan-

301 3275 496 3320 ttorem
524 3267 793 3321 exhibuit.
1328 3304 1333 3311 -
1594 3270 1599 3275 ’

374 3359 426 3413 7.
467 3358 944 3414 Castrametabitur
966 3358 1180 3429 angelus
1200 3357 1414 3413 Domini
1446 3359 1501 3413 in
1547 3361 1773 3414 circuitu
1808 3362 1875 3415 ti-

303 3453 556 3506 mentium
576 3468 713 3511 eum.
731 3461 781 3505 et
809 3452 991 3522 eripiet
1015 3467 1124 3505 eos.
1150 3448 1266 3507 Hoc
1285 3460 1552 3508 consonat
1574 3469 1698 3508 cum
1734 3453 1876 3524 Apo-

304 3543 431 3599 stoli
479 3543 662 3598 verbis
686 3544 765 3597 τις
802 3541 986 3597 Nonne
1022 3558 1197 3597 omnes
1244 3554 1368 3598 sunt
1426 3544 1875 3599 administratorii

304 3638 521 3707 spiritus
539 3637 593 3690 in
629 3637 981 3690 ministerium
1015 3636 1188 3697 missi,
1211 3648 1424 3707 propter
1455 3654 1541 3692 eos
1590 3639 1684 3707 qui
1705 3639 1865 3693 luere-

302 3731 521 3783 ditatem
546 3730 753 3800 capturi
782 3730 1133 3789 suntsalutis.
1153 3730 1230 3786 lta
1261 3742 1316 3788 et
1345 3734 1537 3790 beatus
1566 3733 1735 3790 Jacob
1764 3736 1876 3791 haec

303 3832 556 3891 precatur
584 3823 631 3854 ⁷⁸
654 3840 666 3877 :
694 3823 923 3892 Angelus
964 3826 1054 3894 qui
1079 3825 1272 3895 eripuit
1303 3842 1382 3879 me
1410 3843 1474 3880 ex
1520 3828 1759 3881 omnibus
1786 3845 1876 3880 ca-

302 3911 630 3964 lamitatibus
668 3914 816 3967 meis.
878 3912 1082 3968 Eodem
1121 3915 1286 3969 modo
1326 3915 1643 3984 patriarcha
1696 3917 1875 3971 Abra-

306 4001 454 4064 ham,
496 4001 801 4056 admirabili
856 4004 1155 4060 domestieo
1193 4019 1295 4060 suo
1350 4006 1427 4060 ait
1482 4006 1566 4061 "z
1620 4007 1876 4062 Dominus

305 4092 446 4147 Deus
478 4094 649 4147 mittet
678 4095 922 4165 angelum
948 4113 1103 4150 suum
1128 4107 1248 4153 ante
1276 4099 1469 4169 faciem
1493 4110 1661 4166 tuam,
1688 4112 1739 4154 et
1784 4116 1877 4153 ae-

304 4186 464 4255 cipies
496 4198 715 4240 uxorem
744 4186 855 4256 ﬁlio
879 4203 991 4240 meo
1029 4187 1189 4242 Isaac
1235 4189 1444 4244 exinde.
1477 4189 1568 4245 Sic
1603 4203 1657 4245 et
1686 4190 1878 4247 beatus

303 4277 599 4335 Zacharias
626 4280 702 4333 ait
729 4280 810 4334 ’τι
849 4278 1078 4349 Angelus
1105 4280 1196 4351 qui
1229 4279 1542 4351 loquebatur
1588 4282 1734 4337 mihi.

376 4536 435 4593 8.
479 4538 699 4595 Gustate
734 4551 784 4596 et
810 4546 972 4600 ridete
1014 4548 1259 4618 quoniam
1293 4549 1473 4602 suavis
1493 4559 1572 4603 est
1600 4548 1873 4604 Dominus.

306 4630 384 4684 Ex
414 4645 562 4693 vero,
606 4631 805 4701 inquit,
855 4649 993 4701 pane
1043 4646 1290 4705 gustate,
1353 4640 1447 4707 qui
1481 4639 1765 4693 descendit
1809 4655 1876 4695 ex

305 4723 467 4778 cwlo.
498 4720 693 4776 Beatus
716 4724 796 4776 vir
837 4724 928 4792 qui
968 4736 1144 4794 sperat
1196 4728 1251 4780 in
1309 4743 1408 4793 eo;
1436 4727 1675 4784 futuram
1728 4732 1873 4785 enitu

307 4815 470 4869 vitam
497 4824 891 4884 consequetur.

378 4906 467 4963 tu.
494 4905 692 4960 Divites
719 4917 969 4986 eguerunt
995 4914 1043 4959 et
1061 4908 1380 4962 esurieruut.
1407 4906 1672 4966 Videlicet
1702 4928 1878 4984 popu-
1918 4917 1937 4930 '

309 4997 394 5050 lus
422 4995 702 5053 Jttdaieus.
737 4995 1068 5068 Inquirentes
1095 5008 1270 5052 autem
1310 4998 1589 5053 Dominum
1646 5018 1748 5055 non
1780 5006 1880 5057 mi-

310 5098 535 5143 nuentur
556 5090 608 5143 in
635 5092 776 5143 omni
808 5091 960 5144 bona.
982 5089 1161 5143 Alium
1180 5090 1313 5145 dicit
1334 5092 1572 5161 gentium
1598 5094 1878 5163 populum.

381 5266 469 5319 Η.
508 5266 708 5329 Venite,
738 5270 860 5339 filii,
901 5270 1085 5325 audite
1113 5287 1213 5336 me,
1244 5271 1483 5325 timorem
1539 5269 1748 5325 Domini
1780 5272 1875 5325 do-

312 5356 433 5411 cebo
461 5373 612 5412 vos...
637 5371 685 5411 et
716 5359 859 5413 (alia
891 5371 981 5414 tua
1011 5378 1073 5414 ne
1100 5361 1385 5432 loquantur
1409 5361 1612 5417 dolum.
1668 5362 1881 5418 Doctri-

316 5460 444 5499 nam
480 5445 733 5515 gentibus
761 5450 1165 5517 praedicandam
1197 5450 1474 5523 proponit,
1521 5451 1679 5520 cujus
1701 5453 1882 5522 primo

315 5538 527 5594 esseni;
551 5530 785 5591 timoren’
814 5537 909 5593 Dei
926 5562 943 5592 ι
976 5542 1219 5598 secundo
1234 5558 1341 5598 non
1365 5545 1671 5600 obtrectare
1690 5543 1844 5601 fratri
1867 5566 1881 5615 ;

395 5672 438 5703 7‘
463 5670 622 5728 llcbr.
650 5691 689 5733 ι.
731 5677 785 5731 Η
893 5679 932 5712 τ’
960 5680 1093 5737 Gen.
1128 5697 1315 5753 nun,
1348 5685 1430 5739 l3.

1525 5686 1569 5718 τε
1593 5684 1723 5741 Gen,
1759 5704 1904 5747 ut".
1945 5688 2033 5745 40.

1965 1804 2086 1859 Ὅτι
2111 1806 2175 1879 δὴ
2194 1806 2355 1873 σώζει
2379 1810 2505 1873 τοὺς
2528 1809 2844 1874 ἐλπίζοντας
2864 1810 2950 1863 ἐπ’
2974 1808 3154 1873 αὑτὸν,
3176 1808 3276 1862 οὐκ
3300 1806 3564 1876 ἀνέχεται

1966 1896 2125 1969 μόνος
2170 1899 2373 1971 ὑφῆναι
2412 1901 2504 1954 τὸν
2552 1901 2738 1973 ὕμνον,
2779 1901 2915 1957 ἀλλὰ
2961 1903 3088 1967 τοὺς
3129 1903 3418 1966 κοινωνοὺς
3447 1901 3563 1973 τῆς

1964 1988 2289 2060 πραότητος,
2318 1993 2606 2055 κοινωνοὺς
2623 1996 2854 2047 ποιεῖται
2876 1993 2977 2064 τῆς
3005 1993 3298 2064 ὑμνῳδίας.

2032 2082 2425 2150 Mercatura“
2448 2082 2555 2136 τὸν
2595 2085 2816 2153 Κύριον
2845 2083 2969 2138 σὺν
2992 2084 3143 2154 ἐμοὶ,
3178 2084 3278 2138 καὶ
3308 2083 3562 2152 ὐψὼσο-

1959 2186 2076 2240 μεν
2122 2170 2190 2225 τὸ
2237 2171 2424 2243 ὄνομα
2471 2175 2657 2229 αὐτοῦ
2700 2174 3035 2231 ἐπιτοαυτό.
3079 2176 3165 2240 Ὠς
3193 2176 3267 2247 μὴ
3303 2175 3560 2247 ἐξαρκῶν

1967 2260 2038 2315 τὰ
2066 2263 2329 2334 μεγαλεῖα
2355 2264 2667 2334 ἐξαγγεῖλαι
2690 2267 2785 2319 τοῦ
2816 2266 2972 2334 Θεοῦ,
3005 2270 3085 2333 εἰς
3123 2268 3282 2322 τοῦτο
3307 2264 3437 2323 αὐτὸ
3474 2269 3562 2333 ὡς

1966 2354 2566 2427 περισυλλαμὸάνεσθαι
2600 2359 2695 2412 καὶ
2722 2360 2849 2424 τοὺς
2876 2359 3069 2426 ἄλλους
3109 2360 3251 2427 ἀξιοῖ
3287 2362 3381 2416 καὶ
3413 2378 3562 2431 συμ-

1967 2445 2251 2517 πράττειν.

2039 2536 2411 2606 Προσέλθετε
2453 2539 2605 2609 πρὸς
2645 2542 2851 2608 αὐτὸν,
2889 2545 2987 2598 καί
3028 2547 3383 2614 ερωτίσθητε.
3434 2546 3559 2616 Ἀφ’

1968 2620 2043 2682 ὧν
2099 2626 2316 2692 ἐδέξατο
2361 2629 2658 2696 πεποιθὼς,
2711 2631 2808 2685 καὶ
2849 2634 2975 2698 τοὺς
3025 2633 3217 2699 ἄλλους
3264 2636 3344 2698 εἰς
3391 2633 3560 2688 τοῦτο

1969 2716 2181 2786 ἀνάγεμ

2052 2806 2244 2878 Οὗτος
2273 2814 2307 2865 ό
2342 2811 2577 2882 πτωχὸς
2616 2812 2934 2884 ἐκέκραξε,
2978 2815 3078 2871 καὶ
3110 2820 3143 2871 ὀ
3180 2819 3393 2887 Κύριος
3429 2822 3561 2874 εισ-

1973 2897 2247 2965 ήκουσεν
2287 2902 2494 2955 αὐτόν.
2548 2902 2785 2967 Μάθετε,
2816 2905 3000 2975 φησὶν,
3042 2908 3107 2959 ὲκ
3149 2906 3258 2960 τῶν
3307 2907 3424 2961 κατ’
3451 2908 3560 2979 ἐμὲ

1976 2990 2199 3062 θαρρεῖν
2231 2991 2311 3063 τῷ
2348 2992 2455 3044 τῶν
2487 2991 2623 3046 ὅλων
2654 2991 2794 3064 Θεῷ.
2827 2990 3031 3067 Εὐτελῆ
3059 2997 3167 3069 γὰρ
3194 2996 3322 3051 ὄντα
3354 3016 3419 3070 με
3459 3002 3560 3053 καὶ

1976 3080 2273 3153 προϐατέα,
2293 3082 2391 3154 τῆς
2417 3083 2620 3148 οἰκείας
2652 3085 2993 3157 προμηθείας
3016 3087 3236 3159 ἠξίωσε,
3257 3091 3347 3144 καὶ
3377 3091 3561 3161 κρείτ-

1974 3189 2104 3227 τονα
2125 3173 2234 3228 τῶν
2264 3174 2642 3247 πολεμούντων
2667 3178 2933 3251 ἀπέφηνε.

2045 3354 2421 3425 Παρεμὸᾟλεῖ
2439 3356 2694 3426 ἄγγελος
2718 3358 2939 3427 Κιιρίου
2965 3358 3170 3422 κύκλῳ
3196 3356 3315 3411 τῶν
3334 3360 3557 3429 φοϐου-

1970 3443 2171 3514 μένων
2198 3446 2403 3514 αὑτὸν,
2422 3448 2521 3501 καί
2542 3449 2795 3518 ῥύσεται
2816 3450 3059 3518 αὐτούς.
3078 3450 3249 3505 Τοῦτο
3276 3456 3562 3523 συμφωνεῖ

1976 3537 2071 3591 καὶ
2106 3535 2201 3591 τοῦ
2245 3539 2568 3594 Ἀποστόλου
2590 3544 2719 3606 ’τοῖς
2755 3542 2982 3614 ῥήμασι·
3016 3545 3143 3613 περὶ
3177 3543 3287 3615 γὰρ
3318 3543 3426 3597 τῶν
3452 3544 3559 3611 ἀγ-

1976 3630 2150 3699 γέλων
2183 3623 2337 3697 οὗτός
2370 3644 2556 3704 φησιν·
2594 3634 2741 3701 οὐχί
2771 3633 2994 3701 πάντες
3027 3636 3147 3689 εισι
3178 3639 3558 3707 λειτουργικὰ

1977 3722 2288 3791 πνεύματα
2342 3726 2429 3789 εἰς
2488 3725 2869 3795 λειτουργίαν
2918 3727 3415 3800 ἀποστελλόμενα
3456 3729 3559 3785 δὴ

1977 3811 2121 3876 τοὺς
2181 3812 2525 3882 μέλλοντας
2569 3816 2967 3887 κληρονομεῖν
3013 3821 3336 3888 σωτηρίαν.
3401 3819 3559 3874 Οὕτω

1978 3903 2070 3956 καὶ
2107 3905 2135 3955 ὁ
2162 3903 2430 3975 μακάριος
2466 3904 2661 3959 Ἰακὼϐ
2686 3909 3119 3981 προσευχόμενός
3146 3928 3326 3982 φησιν·
3369 3911 3424 3965 Ὁ
3450 3911 3559 3983 ἆτ-

1979 3999 2153 4065 τελος
2183 3996 2215 4048 ό
2231 3993 2580 4065 ῥυσάμενος
2596 4015 2674 4068 με
2698 3998 2766 4052 ἐκ
2788 3998 3030 4055 πάντων
3050 3999 3169 4055 τῶν
3190 4000 3390 4057 κακῶν
3405 4021 3546 4074 μου.

1980 4078 2136 4139 Οὕτω
2170 4087 2265 4139 καὶ
2308 4086 2338 4138 ὁ
2380 4089 2724 4161 πατριάρχης
2768 4090 3017 4163 Ἀϐραὰμ
3046 4092 3182 4166 πρὸς
3208 4094 3300 4147 τὸν
3342 4095 3553 4166 θαυμά-

1983 4194 2094 4230 σιον
2140 4179 2355 4252 οἰκέτην
2394 4178 2530 4251 ἔφη·
2578 4182 2788 4249 Κύριος
2818 4184 2851 4236 ὁ
2892 4184 3036 4252 Θεὸς
3083 4185 3415 4241 ἀποστελεῖ
3450 4185 3559 4242 τὸν

1981 4268 2240 4339 ἄγγελον
2283 4271 2470 4325 αὑτοῦ
2523 4271 2637 4340 πρὸ
2683 4273 3007 4340 προσώπου
3053 4292 3203 4344 σου,
3241 4278 3340 4333 καὶ
3383 4279 3557 4349 λήψῃ

1911 4386 1959 4445 D
1985 4360 2240 4432 γυναῖκα
2269 4360 2350 4427 τῷ
2373 4360 2481 4429 υἱῷ
2511 4379 2631 4433 μου
2693 4364 2887 4420 Ἰσαὰκ
2930 4367 3177 4423 ἐκεῖθεν.
3207 4368 3362 4423 Οὕτω
3399 4370 3492 4425 καὶ
3529 4372 3560 4423 ὁ

1989 4452 2256 4525 μακάριος
2279 4450 2427 4524 λὲγει
2450 4455 2746 4529 Ζαχαρίας·
2774 4458 2826 4510 '0
2853 4457 3106 4528 ἄγγελος
3122 4463 3155 4514 ό
3181 4460 3389 4514 λαλῶν
3406 4462 3556 4531 ἐμοί.

2058 4545 2408 4608 Γεύσασθε,
2451 4548 2548 4599 καὶ
2596 4546 2770 4611 ἴδετε,
2802 4548 2891 4602 ὅτι
2937 4550 3201 4618 χρηστὸς
3247 4554 3281 4606 ὁ
3321 4553 3555 4621 Κύριος.

1984 4629 2090 4683 Τοῦ
2124 4632 2375 4703 ἀληθινοῦ
2403 4636 2589 4706 ἄρτου,
2614 4639 2766 4707 φησὶ,
2797 4637 3085 4705 γεύσασθε,
3109 4639 3200 4694 τοῦ
3226 4642 3557 4707 καταϐάντος

1983 4722 2043 4788 ἐξ
2075 4722 2324 4793 οὐρανοῦ.
2370 4713 2669 4792 Μακάριός
2702 4725 2855 4795 ἀνὴρ
2890 4727 2956 4796 ὃς
2983 4730 3201 4793 ἐλπίζει
3228 4732 3322 4787 ἐπ’
3353 4734 3552 4789 αὐτόν’

1981 4809 2091 4880 ἕξει
2116 4813 2223 4884 γὰρ
2253 4814 2353 4886 τὴν
2387 4814 2685 4886 μέλλουσαν
2710 4816 2874 4891 ζωήν.

2055 4907 2343 4960 Πλούσιοι
2374 4906 2765 4976 ἐπτώχευσιιν
2794 4911 2892 4967 καί
2932 4914 3286 4974 ἐπείνασαν.
3312 4915 3556 4990 Δηλονότι

1985 4999 2014 5050 ὁ
2043 4996 2150 5051 τῶν
2193 4998 2459 5052 Ἰουδαίων
2505 5000 2650 5064 λαός.
2692 5005 2757 5057 0i
2798 5004 2868 5059 δὲ
2899 5007 3286 5076 ἐκζητοῦντες
3314 5009 3419 5064 τὸν
3446 5011 3556 5065 Κύ-

1977 5107 2116 5158 ριον
2161 5092 2273 5144 οὐκ
2332 5090 2847 5162 ἑλαττωθήσονται
2883 5100 3109 5167 παντὸς
3158 5100 3405 5170 ἀγαθοῦ.
3459 5101 3556 5155 Τὸν

1986 5181 2171 5251 ἕτερον
2201 5180 2346 5250 λέγει
2371 5182 2463 5235 τὸν
2493 5183 2602 5237 τῶν
2635 5185 2825 5242 ἐθνῶν.

2055 5271 2250 5336 Δεῦτε,
2280 5271 2477 5334 τέκνα.
2504 5275 2804 5332 ἀκούσατέ
2829 5297 2972 5348 μουο
3001 5252 3190 5349 φόϐον
3222 5283 3441 5351 Κυρίου
3472 5278 3553 5337 δι-

1986 5363 2148 5427 δάξω
2178 5362 2331 5433 ὑμᾶς
2360 5404 2375 5418 .
2413 5406 2427 5418 .
2459 5406 2472 5419 .
2512 5407 2528 5423 .
2560 5406 2573 5420 .
2606 5408 2619 5421 .
2654 5370 2752 5424 καὶ
2783 5371 2958 5439 χείλη
2988 5388 3105 5426 σου
3139 5375 3244 5427 τοῦ
3269 5374 3354 5442 μὴ
3382 5372 3555 5439 λαλῆ-

1989 5472 2095 5511 σαι
2154 5459 2359 5511 δόλον.
2410 5458 2768 5515 Διδασκαλίαν
2820 5463 2989 5518 ἐθνῶν
3050 5465 3440 5535 παρατίθεται,
3490 5460 3555 5536 ἧς

1993 5548 2208 5621 πρῶτον
2237 5550 2326 5604 τὸν
2354 5551 2516 5620 φόϐον
2559 5552 2651 5606 τοῦ
2690 5553 2826 5608 Θεοῦ
2861 5549 2998 5609 εἷναί
3032 5574 3163 5630 φησι
3183 5576 3196 5589 ·
3226 5557 3473 5628 δεύτερον
3499 5557 3553 5611 τὺ

2115 5691 2156 5721 ’⁷
2194 5689 2422 5746 Zachar.
2464 5706 2521 5756 tt,
2558 5691 2610 5746 5.
