3786 6278
303 269 418 354 ns

1145 266 1203 323 S.
1247 263 1625 321 ATHANASII
1652 263 1815 320 ὈΡΡ.
1853 262 2035 319 PARS
2075 261 2160 317 ιιι.
2199 240 2714 322 -ἘΧΕΕΕΤΚΖΑ

3430 270 3536 325 176

300 396 493 441 corum
522 380 616 451 qui
636 379 856 436 Christo
884 379 1110 435 insidias
1138 381 1401 450 parabant
1424 381 1713 451 signiﬁcat.
1747 381 1865 435 Ma-

2010 379 2064 450 ῆς
2108 380 2187 443 είς
2230 380 2462 450 Χριστὸν
2496 377 2787 449 ἐπιὸουλῆς
2814 378 3088 449 σημαίνει.
3122 380 3312 449 Κακίᾳ
3358 380 3426 433 δὲ
3471 383 3550 437 οὐ

302 476 477 530 titiam
527 482 700 527 autem
747 488 848 524 non
894 472 1078 526 adivit.
1129 472 1206 527 Ac
1265 471 1311 528 si
1345 472 1569 537 diceret,
1607 471 1871 526 malitiam

304 579 409 617 non
445 569 727 617 aversatus
765 570 869 617 85L

372 657 426 712 5.
468 654 708 720 Domine,
740 655 795 708 in
820 654 947 709 caelo
972 655 1335 709 misericordia
1377 668 1488 710 tua.
1522 655 1771 712 Declarat
1803 672 1869 713 ex
1934 663 1945 669 ‘

301 747 674 803 misericordia
709 747 830 817 ejus
856 748 1122 812 caelestia,
1151 746 1206 802 id
1250 755 1335 801 est
1374 747 1729 803 rationabiles
1775 764 1869 819 po-

302 846 524 894 testates
555 838 876 894 consistere.
909 836 979 890 Et
1010 839 1199 891 veritas
1238 847 1330 891 tua
1362 854 1523 908 usque
1554 839 1623 892 ad
1652 838 1834 899 nubes.

369 1011 423 1065 6.
448 1011 670 1065 Iustitia
699 1020 789 1065 tua
816 1012 954 1066 sicut
986 1020 1186 1065 montes
1209 1010 1326 1065 Dei.
1356 1008 1547 1075 Veras,
1585 1009 1783 1079 inquit.
1818 1018 1871 1064 et

300 1102 487 1157 ﬁrmas
524 1117 643 1157 csse
676 1102 1062 1171 prOphetarum
1104 1102 1498 1172 promissiones
1557 1101 1867 1157 ostendisti.

299 1189 482 1246 Nubes
513 1191 655 1245 enim
687 1201 812 1247 sunt
841 1191 1117 1261 prophetae
1141 1210 1153 1245 :
1179 1207 1339 1265 veras
1358 1200 1538 1246 autem
1566 1206 1660 1247 eas
1689 1201 1866 1247 osten-

300 1284 449 1346 disti,
510 1292 715 1338 tantam
749 1283 1016 1339 exhibens
1049 1285 1156 1337 vim
1201 1283 1444 1354 iustitiae,
1481 1293 1543 1339 ut
1592 1286 1871 1339 montibus

303 1375 397 1429 Dei
427 1375 729 1445 comparari
776 1375 965 1445 possit.
1016 1373 1231 1428 Judicia
1268 1386 1358 1428 tua
1408 1376 1625 1446 abyssus
1678 1376 1867 1430 multa.

303 1467 438 1522 Cum
474 1477 621 1523 tanta
669 1471 872 1524 veritas
917 1479 1079 1541 atque
1122 1471 1329 1540 justitia
1363 1472 1490 1525 insit
1522 1471 1641 1536 tibi,
1678 1471 1869 1539 ignoro

299 1574 422 1626 quae
463 1574 631 1613 causa
677 1558 742 1613 sit
791 1560 934 1628 quod
988 1560 1175 1614 tandiu
1233 1560 1447 1614 toleres.
1481 1558 1616 1613 Nam
1662 1560 1867 1630 judicia

300 1656 392 1701 tua
425 1647 867 1719 inaspectabilem
895 1650 1075 1722 abyssi
1107 1648 1531 1721 profunditatem
1560 1651 1864 1705 imitantur.

1973 470 2424 539 προσώχθησεν.
2445 470 2589 523 ’Λντὶ
2616 468 2733 534 τοῦ,
2762 468 2859 540 τὴν
2886 470 3085 523 κακίαν
3117 470 3216 524 οὐκ
3254 471 3506 544 ἐμίσησε.

2043 648 2237 716 Κύριε,
2276 650 2347 702 ἐν
2382 648 2462 714 τῷ
2501 648 2735 717 οὐρανῷ
2767 648 2832 701 τό
2856 648 3028 713 ἔλεός
3067 661 3205 700 σου.
3245 645 3526 699 Δείκνυσιν

1970 739 2045 801 ῶς
2072 739 2149 809 τῷ
2181 738 2345 792 αὐτοῦ
2377 740 2516 792 ἐλέει
2553 740 2649 792 καὶ
2678 738 2747 791 τὰ
2793 739 3024 809 οὐράνια
3050 738 3367 806 συνέστηκε,
3389 728 3522 791 τουσὲ

1971 829 2116 882 ἐστιν
2150 830 2204 882 αἱ
2251 830 2466 898 λογικαὶ
2505 830 2780 900 δυνάμεις.
2807 830 2918 883 Καὶ
2948 831 2984 897 ἡ
3019 829 3269 899 ἀλήθειά
3295 845 3412 885 σου
3437 831 3551 899 ἕως

1972 916 2089 971 τῶν
2120 917 2412 986 νεφελῶν.

2052 1009 2113 1063 Ἠ
2140 1009 2493 1077 δικαιοσύνη
2518 1024 2634 1063 σου
2660 1009 2740 1075 ὡς
2764 1008 2869 1077 ὄρη
2906 1009 3074 1063 Θεοῦ.
3094 1011 3357 1082 Ἀληόεἶςε
3390 1012 3548 1084 φησὶ,

1970 1100 2065 1153 καὶ
2100 1099 2446 1172 βεϐαίας-τὰς
2472 1099 2559 1155 διὰ
2586 1099 2693 1153 τῶν
2728 1100 3019 1171 προφητῶν
3053 1102 3382 1172 ἐπαγγελίας
3405 1104 3548 1158 ἐδει-

1971 1187 2065 1254 ξας
2085 1168 2109 1218 ’ν
2150 1168 2369 1257 νεφέλαι
2412 1189 2520 1261 γὰρ
2569 1190 2618 1241 οἱ
2669 1168 3219 1260 προφῆτάιῖΕδειξάξ
3258 1192 3313 1246 δὲ
3343 1192 3548 1256 ταύτας

1970 1280 2230 1351 ἀληθεῖς,
2284 1280 2484 1352 πλῆθος
2514 1280 2860 1350 δικαιοσύνης
2909 1284 3220 1353 χορηγήσας
3270 1285 3545 1346 τοσοῦτον,

1969 1372 2045 1435 ὡς
2103 1371 2252 1441 ὄρεσι
2323 1370 2766 1442 παραϐάλλεσθαι
2808 1370 2968 1425 Θεοῦ.
3019 1374 3094 1427 Τὰ
3138 1372 3391 1442 κρίματὰ
3431 1390 3549 1428 σου

1968 1461 2242 1528 ἄϐυσσος
2292 1461 2513 1529 πολλή.
2544 1462 2826 1532 Τοσαύτην
2863 1462 2921 1515 δὲ
2968 1462 3108 1533 ἔχων
3153 1464 3407 1535 ἀλήθειαν
3444 1465 3548 1518 καί⁸

1968 1552 2333 1623 δικαιοσύνην,
2360 1554 2503 1617 τίνος
2523 1553 2708 1607 ’ἐνεκεν
2737 1553 3109 1625 μακροθυμεῇ
3134 1554 3313 1623 ἀγνοῶ
3332 1572 3344 1585 ·
3369 1555 3429 1609 τὸ
3449 1558 3549 1627 τῆς

1970 1644 2209 1697 ἀϐύσσου
2256 1643 2364 1715 γὰρ
2410 1644 2721 1716 ἀθεώρητον
2758 1645 3003 1716 μιμεῖταί
3040 1663 3132 1699 σου
3162 1645 3229 1701 τὰ
3266 1646 3543 1719 κρίματα·

295 1739 431 1796 Nam
466 1741 609 1795 sicut
659 1741 779 1811 ejus
820 1741 1160 1811 profunditas
1206 1743 1276 1797 ab
1317 1743 1632 1798 hominibus
1661 1742 1865 1813 percipi

2010 1734 2220 1806 αθάπερ
2247 1736 2357 1807 γὰρ
2380 1737 2596 1807 ἐκείνης
2626 1736 2933 1808 ἀνθρώποις
2960 1737 3271 1809 ἀθεώρητος
3308 1741 3336 1793 ὁ
3365 1739 3548 1810 βυθὸς,

296 1830 503 1899 nequit,
540 1830 611 1884 ita
643 1829 978 1900 judiciorum
1025 1840 1243 1885 tuorum
1287 1832 1549 1902 cogitatio
1586 1840 1744 1886 extra
1773 1846 1866 1887 cs-

296 1932 447 1990 ptum
473 1920 711 1976 hominis
737 1930 848 1976 est.

365 2010 415 2063 7.
462 2010 712 2065 Homines
753 2023 801 2066 et
822 2013 1066 2082 jumenla
1124 2013 1379 2079 salvebis,
1421 2013 1662 2069 Domine.
1705 2013 1867 2069 Post-

295 2114 460 2169 quam
491 2100 558 2155 de
589 2100 804 2155 duobus
829 2101 1045 2171 populis
1071 2103 1187 2156 hinc
1215 2102 1510 2171 Apostolus
1531 2102 1760 2157 dixisset
1781 2103 1859 2157 “z

296 2186 565 2241 Conclusit
598 2188 852 2242 Dominus
886 2205 1061 2243 omnes
1092 2190 1144 2243 in
1176 2190 1569 2259 incredulitate,
1596 2200 1653 2244 ut
1687 2208 1863 2245 omnes

294 2278 462 2332 salvos
492 2278 707 2344 faceret,
738 2278 1062 2348 subjunxit:
1105 2281 1280 2345 Quam
1318 2282 1866 2351 incomprehensibilia

293 2377 414 2421 sunt
433 2368 640 2437 judicia
672 2370 807 2423 tua!
832 2368 1022 2426 Simile
1052 2372 1139 2425 hic
1175 2372 1402 2426 habetur
1428 2390 1440 2427 :
1471 2388 1594 2426 nam
1630 2373 1864 2427 duorum

294 2460 643 2528 populorum,
676 2461 770 2530 qui
799 2462 963 2515 etiam
1000 2476 1096 2530 per
1128 2462 1382 2517 homines
1419 2473 1471 2516 et
1511 2464 1759 2531 jumeuta
1792 2467 1864 2518 si-

293 2551 642 2621 gnificantur,
676 2553 908 2607 salutem
933 2562 1291 2608 enarraturus
1329 2572 1343 2606 :
1387 2553 1669 2608 hominum
1718 2555 1864 2610 scili-

294 2649 380 2696 cet
410 2640 778 2696 lsraelitarum
812 2643 905 2712 qui
938 2642 1172 2698 instituti
1226 2644 1280 2697 in
1314 2644 1430 2714 lege
1460 2654 1609 2712 sunt,
1643 2655 1698 2701 et
1727 2662 1864 2716 prae-

295 2734 559 2789 stantiora
607 2735 884 2802 cogitant:
934 2733 1312 2804 jumentorum
1357 2746 1536 2790 autem
1565 2776 1581 2801 ,
1621 2738 1860 2808 gentium

293 2837 505 2891 nempe,
538 2831 725 2893 utpote
760 2823 1286 2879 irrationabiliorum
1316 2844 1331 2892 ;
1365 2825 1534 2882 Iudici
1568 2829 1712 2883 enim
1748 2846 1863 2900 [ny-

292 2913 516 2968 sterium
546 2929 642 2983 per
690 2915 839 2985 leges
870 2925 925 2972 et
958 2919 1251 2988 prophetas
1291 2917 1467 2973 edocti
1510 2904 1857 2984 exciderunt,

293 3011 477 3069 gentes
509 3020 639 3059 vero
665 3020 787 3075 qua:
822 3022 1100 3078 nunquam
1137 3008 1271 3063 illud
1317 3008 1609 3064 audierant
1642 3022 1861 3063 assum-

1967 1821 2140 1887 οὕτως
2162 1823 2448 1893 ἀνέφικτος
2474 1823 2582 1878 τῶν
2608 1824 2715 1878 σῶν
2744 1826 3026 1897 χριμάτων
3053 1828 3403 1899 κατανόησις.

2050 2001 2413 2070 Ἀνθρώπους
2444 2003 2543 2058 καί
2580 2004 2771 2073 κτήνη
2794 2008 3034 2072 σώσεις,
3055 2007 3248 2075 Κύριε.
3279 2006 3414 2079 Περὶ
3438 2007 3546 2061 τῶν

1966 2092 2059 2146 δύο
2103 2093 2247 2146 λαῶν
2297 2093 2533 2166 εἰρηκὼς
2581 2096 2609 2147 ὁ
2655 2095 3008 2160 Ἀπόστολος,
3061 2096 3463 2151 Συνέκλεισεν
3512 2082 3571 2152 di

1969 2182 2113 2247 Θεὸς
2142 2182 2282 2248 τοὺς
2315 2184 2545 2250 πάντας
2566 2186 2653 2248 εἰς
2679 2184 3006 2249 ἀπείθειαν,
3039 2187 3138 2240 ἵνα
3160 2187 3299 2252 τοὺς
3318 2186 3541 2251 πάντας

1966 2274 2161 2341 σώσῃ,
2210 2276 2523 2346 ἐπήγαγεν·
2566 2276 2659 2341 Ὠς
2704 2275 3141 2345 ἀνεξερεύνητα
3184 2278 3255 2330 τὰ
3297 2278 3542 2345 κρίματα

1965 2360 2150 2419 αὑτοῦ
2169 2365 2190 2417 !
2216 2366 2324 2418 Kal.
2362 2365 2597 2420 ἐνταῦθα
2624 2367 2808 2436 ὅμοιόν
2830 2368 2980 2420 ἐστιν
3000 2383 3013 2397 ·
3046 2364 3233 2438 ἐπειδὴ
3260 2366 3369 2437 γάρ
3392 2367 3542 2438 ἐμελ-

1965 2454 2024 2507 λε
2061 2455 2294 2509 τῶν¹δύο
2322 2456 2469 2510 λαῶν
2499 2456 2602 2527 τὴν
2633 2457 2906 2528 σωτηρίαν
2934 2457 3318 2529 διηγήσασθαι,
3361 2457 3410 2511 οἳ
3452 2457 3545 2512 καὶ

1966 2546 2320 2616 σημαίνονται
2351 2547 2437 2600 διὰ
2464 2548 2573 2600 τῶν
2595 2547 2898 2619 ἀνθρώπων
2929 2550 3024 2603 καὶ
3052 2550 3158 2603 τῶν
3185 2549 3397 2620 κτηνῶν
3419 2566 3432 2580 ·
3459 2551 3541 2603 ἀν-

1965 2636 2198 2707 θρώπων
2251 2639 2351 2710 μὲν
2401 2639 2509 2692 τῶν
2562 2638 2622 2704 ἐξ
2659 2640 2875 2713 Ἰσραὴλ
2910 2641 2986 2706 ὡς
3018 2642 3437 2713 κατηχουμένων
3478 2645 3543 2696 ἐκ

1961 2726 2054 2780 τοῦ
2091 2728 2276 2798 νόμου,
2305 2728 2398 2782 καὶ
2429 2727 2690 2783 νοούντων
2740 2731 2806 2783 τά
2851 2732 3177 2802 διαφέροντα
3198 2750 3212 2764 ·
3246 2732 3460 2803 κτηνῶν
3486 2732 3541 2786 δὲ

1962 2818 2037 2881 ὼς
2068 2819 2425 2887 ἀλογωτέρων
2454 2819 2565 2873 τῶν
2603 2819 2660 2887 ἐξ
2708 2820 2878 2876 ἐθνῶν
2902 2838 2918 2851 ·
2948 2822 3328 2886 παιδευθέντες
3363 2822 3470 2894 γάρ
3492 2825 3542 2876 ci

1962 2907 2021 2973 ἐξ
2059 2909 2325 2962 Ἰουδαίων
2353 2909 2414 2962 τὸ
2449 2910 2751 2981 μυστήριον
2779 2910 2867 2965 διὰ
2904 2912 3069 2982 νόμου
3097 2913 3190 2966 καὶ
3220 2912 3530 2983 προφητῶν,

1963 2997 2250 3064 ἐξέπεσον·
2304 3000 2353 3051 οἱ
2406 2998 2464 3052 δέ
2497 2998 2763 3051 ὀὐδέποτε
2814 3000 3113 3070 ἀκηκοότες
3159 3001 3209 3053 οἱ
3262 3000 3321 3065 ἐξ
3372 2999 3547 3054 ἐθνῶν

293 3100 398 3160 pta:
427 3102 592 3158 sunt;
628 3073 730 3149 hac
774 3094 842 3150 de
874 3073 1040 3153 causa
1083 3106 1242 3152 antea
1294 3098 1428 3152 dixit
1457 3116 1471 3152 :
1505 3097 1721 3153 Iudicia
1768 3110 1859 3152 tua

2010 3087 2447 3160 ροσελήφθησαν·
2492 3087 2684 3142 τούτου
2730 3090 2891 3162 χάριν
2938 3092 3268 3164 προείρηκε·
3306 3094 3382 3146 Τὰ
3418 3094 3543 3160 κρί-

289 3179 513 3251 abyssus
546 3180 732 3237 multa.
763 3180 1002 3237 Rursum
1033 3185 1284 3241 homines
1303 3186 1437 3241 dicit
1463 3201 1558 3241 eos
1579 3188 1671 3257 qui
1701 3188 1862 3241 ratio.

2010 3180 2115 3234 ατὰ
2136 3196 2252 3235 σου
2277 3181 2549 3249 ἄϐυσσος
2572 3183 2795 3250 πολλή.
2815 3184 2935 3238 Ἀνθ
2945 3184 3159 3256 ρώπους
3183 3186 3329 3255 λέγει
3353 3186 3534 3249 πάλιν,

293 3271 858 3342 nabilemdignitatem
878 3285 1195 3343 servarunt;
1216 3277 1462 3351 jumenta
1485 3293 1632 3341 vero,
1656 3293 1750 3332 eos
1767 3279 1859 3347 qui

2010 3270 2101 3335 ibe!
2113 3272 2211 3344 τὴν
2229 3257 2465 3346 ’λογικὴν
2493 3274 2649 3339 ἀξίαν
2682 3276 3048 3343 φυλάττοντας
3068 3295 3081 3306 ·
3116 3278 3288 3349 κτήνη
3312 3278 3391 3343 δὲ,
3417 3278 3547 3342 τοὺς

289 3376 479 3417 versus
527 3371 725 3416 terram
772 3364 1029 3421 deorsum
1091 3367 1461 3430 inclinantur,
1514 3378 1569 3421 et
1631 3368 1860 3422 terrenis

2014 3364 2157 3434 ςγῆν
2174 3364 2324 3417 κάτω
2342 3364 2616 3431 νεύοντας,
2641 3366 2735 3419 καὶ⁸
2757 3366 2825 3420 τὰ
2849 3368 3011 3438 γήϊνα
3033 3366 3395 3438 βοσκομένους
3412 3385 3533 3439 φρο-

291 3464 591 3522 pascuntur
625 3456 895 3524 cogitatis.
922 3456 1039 3512 Non
1091 3459 1267 3514 solum
1298 3460 1482 3530 itaque
1515 3460 1715 3530 justos,
1765 3460 1859 3515 sed

2010 3456 2024 3527 '1
2034 3472 2194 3525 ματα.
2222 3454 2297 3509 Οὐ
2324 3456 2483 3526 μόνον
2504 3453 2597 3510 οὖν
2619 3457 2881 3522 δικαίους,
2910 3458 3045 3511 ἀλλὰ
3066 3460 3159 3511 καὶ
3184 3459 3541 3530 ἁμαρτωλοὺς

290 3544 453 3598 etiam
485 3556 797 3614 peccatores
830 3548 896 3603 ad
926 3550 1157 3605 salutem
1191 3551 1422 3606 vocavit.

359 3635 413 3690 8.
449 3634 583 3690 Filii
616 3646 791 3693 autem
840 3639 1107 3694 hominum
1150 3641 1207 3694 in
1238 3643 1459 3710 tegmine
1487 3641 1698 3694 alarum
1735 3648 1856 3693 tua-

288 3742 405 3781 rum
432 3730 733 3797 sperabunt.
765 3730 823 3786 ld
851 3740 955 3798 est,
984 3742 1034 3787 te
1065 3743 1421 3802 protectorem
1445 3733 1857 3803 adjutoremque

286 3819 582 3888 evangelici
616 3821 767 3875 verbi
798 3822 1143 3878 obtinebunt.

358 3906 414 3972 9,
446 3908 532 3962 10.
566 3906 979 3965 Inebriabuntur
1020 3913 1084 3966 ab
1135 3913 1369 3967 ubertate
1397 3914 1583 3967 domus
1634 3927 1756 3981 tum,
1805 3922 1855 3967 et

289 4006 515 4051 torrente
552 3998 835 4067 uoluptatis
862 4010 966 4055 tua:
986 4002 1194 4072 potabis
1216 4018 1324 4065 eos,
1355 4013 1463 4056 etc.
1491 4002 1727 4060 Torrens
1757 4020 1854 4058 vo-

287 4086 509 4157 luptatis
565 4086 818 4146 Christus
868 4100 973 4157 est,
1012 4092 1164 4162 juxta
1220 4094 1363 4163 quod
1409 4094 1614 4149 dictum
1665 4096 1855 4151 est”:

284 4177 570 4233 Declinabo
602 4195 757 4248 super
789 4198 873 4237 eos
902 4186 1054 4253 quasi
1097 4193 1296 4239 torrens
1332 4186 1597 4241 inundans
1624 4187 1851 4257 gloriam

284 4267 647 4338 gentium.Est
667 4281 846 4327 autem
875 4284 928 4329 et
949 4274 1073 4330 fons
1089 4276 1209 4333 vita:
1238 4286 1292 4332 et
1320 4277 1500 4332 lumen
1520 4277 1588 4333 de
1619 4280 1845 4333 lumine.

356 4358 441 4412 i2.
489 4359 613 4417 Non
649 4363 819 4417 veniat
869 4364 997 4417 mihi
1024 4382 1113 4434 pes
1144 4368 1424 4436 superbire.
1472 4366 1647 4440 Rogat
1696 4370 1844 4424 nulla
1882 4395 1927 4450 υ

284 4450 487 4504 moveri
516 4466 576 4508 se
604 4456 878 4523 passione.
932 4455 1000 4512 Et
1038 4474 1224 4513 manus
1264 4462 1556 4529 peccatoris
1587 4478 1690 4516 non
1739 4479 1849 4515 mo-

282 4550 395 4593 reat
423 4557 520 4595 me.
567 4543 751 4613 Neque
785 4561 893 4614 me,
929 4548 1131 4621 inquit,
1162 4567 1385 4619 pravum
1426 4551 1640 4609 facinus
1681 4570 1848 4625 prope

283 4640 335 4684 te
364 4638 590 4685 stantem
620 4634 915 4690 dimoveat.

526 4810 578 4864 1.
615 4809 956 4870 ΡΒΑΙΛΙΠδ
1000 4818 1100 4886 ipsi
1127 4819 1316 4873 David.
1362 4820 1631 4878 XXXVI.

878 4908 916 4959 Α
927 4918 1249 4977 rgumentum
1258 4950 1273 4964 .

1960 3548 2041 3611 είς
2070 3546 2344 3618 σωτηρίαν
2374 3547 2652 3601 ἐκάλεσεν.

2031 3640 2095 3692 Ol
2126 3637 2195 3691 δὲ
2222 3639 2337 3692 υἱοὶ
2363 3638 2481 3692 τῶν
2504 3639 2829 3706 ἀνθρώπων
2852 3640 2922 3692 ἐν
2952 3641 3153 3710 σκέπῃ
3187 3640 3304 3696 τῶν
3331 3644 3540 3713 πτερύ-

1957 3745 2078 3797 γων
2102 3742 2220 3782 σου
2253 3727 2556 3782 ἐλπιοῦσι.
2578 3729 2856 3792 Τουτέστι,
2886 3730 3200 3801 σκεπαστὴν
3224 3731 3318 3783 καὶ
3346 3730 3543 3803 βοηθόν

1960 3834 2018 3869 σε
2049 3817 2227 3883 ἕξουσι
2261 3818 2355 3871 τοῦ
2386 3818 2746 3887 εὐαγγελικοῦ
2782 3819 2967 3888 λόγου,
2995 3821 3183 3891 φησίν.

2025 3909 2520 3976 Μεθυσθήσονται
2553 3910 2670 3965 ἀπὸ
2718 3912 2999 3978 πιότητος
3047 3912 3217 3966 οἴκου
3259 3928 3398 3979 σου,
3434 3913 3537 3966 καὶ

1954 3999 2062 4052 τὸν
2089 4000 2451 4068 χειμάρῤουν
2483 3998 2595 4068 τῆς
2634 4000 2867 4070 τρυφῆς
2893 4017 3009 4055 σου
3040 4002 3263 4067 ποτιεῖς
3295 4004 3538 4069 αὐτούς.

1953 4089 2302 4160 Χειμάρρους
2326 4093 2539 4161 τρυφῆς
2564 4092 2710 4144 ἐστιν
2741 4093 2769 4143 ὀ
2797 4091 3031 4163 Χριστὸς
3065 4093 3204 4147 κατὰ
3225 4093 3286 4146 τὸ
3312 4092 3545 4165 εἰρημέ-

1953 4195 2042 4232 νον
2063 4196 2075 4209 ·
2118 4181 2404 4235 Ἐκκλίνω
2441 4181 2534 4233 ἐπ’
2558 4183 2778 4250 αὐτοὺς
2803 4185 2883 4251 ὡς
2919 4183 3275 4255 χειμάρῤους
3296 4186 3543 4241 dmuti-

1954 4268 2063 4329 ξων
2093 4269 2281 4334 δόξαν
2300 4271 2673 4326 ὲθνῶν.Ἔστι
2698 4273 2753 4326 δὲ
2784 4274 2877 4328 καὶ
2908 4275 3059 4349 πηγὴ
3094 4276 3239 4348 ζωῆς
3285 4276 3378 4331 καὶ
3421 4276 3540 4347 φῶς

1954 4359 2019 4410 ἐκ
2047 4359 2241 4426 φωτός.

2023 4450 2119 4518 Μὴ
2150 4449 2367 4505 ἐλθέτω
2388 4469 2491 4521 μοι
2515 4452 2668 4520 ποῦς
2692 4455 3282 4525 ὐπερηςσανίας.”Εξω
3307 4456 3401 4509 τοῦ
3431 4474 3455 4508 τ
3471 4458 3541 4510 ά·-

1951 4540 2076 4604 θους
2114 4540 2254 4606 ἀξιοί
2280 4542 2552 4611 γενέσθαι.
2594 4544 2703 4599 Καὶ
2733 4546 2864 4614 χείρ
2906 4546 3254 4614 ἀμαρτωλοῦ
3289 4546 3376 4615 μὴ
3417 4563 3536 4601 σα-

1946 4633 2161 4685 λεύσαι
2188 4649 2287 4701 με.
2315 4634 2467 4703 Μηδέ
2507 4637 2923 4705 μετακινησάτω
2951 4652 3041 4705 με,
3074 4637 3229 4707 φησὶ,
3252 4636 3355 4707 τῆς
3380 4639 3537 4709 παρὰ

1950 4722 2033 4775 σοὶ
2059 4724 2301 4787 στάσεως
2326 4720 2536 4796 ¹πρᾶξις
2560 4726 2780 4787 ἄτοπος.

2341 4817 2651 4869 ΨΑΛΜΟΣ
2683 4816 2762 4881 τῷ
2789 4816 2987 4872 Δαυΐδ.
3019 4820 3128 4885 Δεῖ
3143 4825 3175 4872 '.

2570 4906 2583 4924 '
2597 4908 2903 4973 Υπόθεσις.

279 4991 600 5050 Doctrinam.
619 4995 707 5053 hic
739 4998 983 5069 psalmus
1011 5001 1391 5070 complectitur
1412 5044 1428 5071 ,
1454 5004 1843 5064 abstinentiam

2010 4994 2304 5051 δασκαλίαν
2333 4996 2577 5066 περιέχει
2599 4998 2627 5050 ὁ
2649 4996 2884 5067 ψαλμὸς.
2916 5000 3396 5072 εἰσηγούμενοςτῷ
3420 5001 3535 5071 νέῳ

348 5098 382 5140 a
410 5084 569 5141 ma‘lis
587 5128 604 5153 ,
631 5088 1009 5160 bonorumque
1035 5091 1274 5146 studium
1308 5109 1451 5151 novo
1481 5098 1683 5167 populo
1714 5115 1843 5169 pra:-

347 5178 536 5234 dicans
565 5198 579 5235 :
615 5192 843 5252 utroque
880 5183 950 5238 ad
981 5184 1319 5241 suadendum
1355 5203 1649 5260 usus,'spe
1689 5192 1841 5246 scili-

343 5277 428 5325 cet
455 5272 800 5339 pramiorum
840 5275 1015 5333 bonos
1044 5276 1440 5347 spectantium,
1480 5289 1539 5335 et
1576 5283 1841 5350 supplicio

345 5358 505 5414 malis
529 5372 822 5420 reservato.

342 5450 398 5507 2.
430 5448 561 5504 Noli
596 5453 840 5509 aemulari
868 5457 919 5511 in
951 5458 1364 5530 malignantibus
1385 5500 1402 5527 ,
1439 5479 1598 5535 neque
1634 5467 1834 5522 celave-

342 5631 387 5663 ⁶²
413 5630 567 5689 Rom.
599 5648 677 5703 ιι,
708 5635 895 5693 31-33.
968 5639 1013 5672 ⁸³
1036 5641 1139 5695 Isa.
1170 5656 1317 5707 vat,
1358 5644 1444 5698 12.

2014 5083 2128 5156 λαῷ
2170 5086 2377 5158 ἀποχὴν
2406 5086 2503 5157 μὲν
2524 5088 2633 5139 τῶν
2666 5088 2937 5161 πονηρῶν,
2969 5091 3311 5163 ἐπιτήδευσιν
3330 5092 3387 5147 δὲ
3414 5092 3527 5146 τῶν

2014 5175 2264 5246 ἀγαθῶν·
2293 5177 2350 5243 ἐξ
2382 5177 2656 5250 ἑκατέρων
2679 5178 2881 5233 πείθων
2900 5223 2914 5242 ,
2942 5180 3005 5234 ἔκ
3035 5198 3095 5234 τε
3121 5181 3221 5251 τῆς
3248 5184 3359 5245 τοῖς
3386 5184 3531 5250 ἀγα-

2014 5268 2126 5331 θοῖς
2158 5269 2599 5341 ηὐτρεπισμένης
2633 5269 2877 5335 ἐλπίδος,
2909 5271 2972 5325 ἐκ
2998 5289 3057 5325 τε
3088 5272 3187 5342 τῆς
3217 5274 3329 5336 τοῖς
3356 5289 3524 5342 πονη-

2015 5363 2130 5431 ροῖς
2148 5361 2514 5432 ἀποκειμένης
2540 5360 2833 5426 κολάσεως.

2010 5452 2107 5521 Μὴ
2133 5450 2475 5523 παραζήλου
2506 5454 2575 5506 ἐν
2599 5452 3121 5534 πονηρευομένοις,
3152 5453 3310 5524 μηδὲ
3334 5453 3518 5521 ζήλου
