3786 6278
193 294 286 352 ΓΠ
1264 295 1628 350 EXPOSITIO
1668 296 1732 350 ΙΝ
1766 295 2093 352 PSALMUM
2129 295 2368 351 XXXVI.
2408 310 2417 322 ’
3352 294 3452 352 H8

192 410 324 476 τοὺς
345 409 692 476 ποιοῦντας
715 408 829 477 τὴν
854 407 1128 478 ἀνομίαν.
1160 409 1424 480 Παραινεῖ
1449 409 1669 479 φεύγειν
1693 411 1790 482 τὴν

1929 413 1965 466 is
1993 413 2239 478 facientes
2272 409 2623 481 iniquitatem.
2656 402 2913 464 Malitiam
2942 408 3126 480 fugere
3155 408 3407 466 hortatur
3438 430 3452 465 :

192 503 505 573 πονηρίαν,
534 501 615 564 ὡς
646 501 919 554 ἔκπτωσιν
946 495 1085 554 εἶναι
1127 501 1325 564 παντὸς
1352 500 1560 569 ἀγαθοῦ
1589 501 1791 571 ταύτης

1931 492 2096 559 οιτὲιιε
2120 504 2236 573 ejus
2267 505 2427 557 tinem
2449 518 2571 559 esse
2603 503 2814 572 lapsum
2840 502 2907 557 ab
2932 501 3082 556 omni
3113 501 3277 556 bono.

191 594 552 664 ὑπογράφων,
580 593 644 645 τὸ
666 593 839 655 τέλος.

255 687 367 739 Καὶ
404 676 814 752 κὲιτασκήνου
844 683 960 751 τὴν
985 682 1118 754 γῆν,
1146 683 1245 737 καὶ
1284 682 1666 752 ποιμανθιὶσῃ
1694 682 1794 736 ἐπὶ

190 775 265 841 τῷ
297 776 565 838 πλούτῳ
599 773 809 841 αὐτῆς.
843 774 954 844 Γῆν
983 774 1129 842 λέγει
1151 774 1249 844 τὴν
1273 772 1631 827 θεόπνευστον
1654 773 1795 843 Γρα-

1929 779 2119 832 'erram
2164 776 2293 831 dicit
2336 776 2596 831 divinitus
2624 777 2955 845 inspiratam,
2988 772 3322 843 Scripturam
3351 816 3364 838 ,
3402 775 3455 828 in

194 867 294 935 σὴν
313 905 329 928 ,
366 866 432 916 ἒν
546 864 577 915 ὁ
609 862 836 923 πλοῦτος
865 862 975 915 τῶν
999 862 1198 929 ἁγίων,
1233 862 1506 915 τουτέστιν
1532 864 1585 916 ai
1623 865 1794 931 ἐπαγ-

1935 881 2003 920 ua
2033 866 2150 920 sitae
2195 874 2509 921 sanctorum
2542 866 2761 932 divitice,
2812 866 2863 919 id
2913 873 2995 919 est
3041 865 3455 935 promissiones.

189 957 389 1025 γελιίαι.
474 955 749 1025 Παραινεῖ
794 954 1087 1017 διαπαντὸς
1119 953 1225 1006 τῶν
1259 953 1417 1008 θείων
1463 953 1795 1024 προσχέσθαι

1929 955 2154 1011 iortatur
2184 966 2365 1011 autem
2410 964 2470 1011 ut
2498 956 2697 1011 divinis
2738 957 2971 1026 eloquiis
3004 971 3216 1027 semper
3254 956 3461 1010 haerea-

190 1047 414 1115 λογίων,
454 1045 628 1114 ἔρωτι
663 1045 772 1098 τῶν
802 1047 860 1097 ὲν
877 1045 1062 1108 αὐτοῖς
1076 1046 1453 1115 ἀποκειμένων
1478 1048 1591 1108 τοῖς
1621 1044 1794 1114 ἁγίοις

1929 1063 2040 1113 ius,
2071 1062 2257 1102 amore
2288 1047 2439 1104 ducti
2472 1048 2737 1103 bonorum
2774 1064 2893 1118 qua:
2925 1048 2979 1101 in
3011 1048 3090 1103 eis
3124 1062 3221 1117 pro
3257 1047 3460 1102 sanctis

191 1139 443 1209 ἀγαθῶν.

1929 1147 2022 1191 υιιι
2047 1138 2299 1207 reposita.

1965 687 2017 739 5.
2061 683 2127 737 Et
2156 684 2393 738 inhabita
2413 693 2627 747 terram,
2653 693 2701 737 et
2735 683 2968 752 pasceris
3004 683 3058 735 in
3087 682 3287 736 divitiis
3320 681 3455 751 ejus.

270 1230 723 1298 Ἀρτοκὰλυψον
766 1228 917 1296 πρὸς
965 1230 1185 1297 Κύριον
1218 1229 1331 1297 τὴν
1358 1229 1502 1284 ὀδόν
1524 1244 1662 1293 σου,
1696 1230 1794 1283 καὶ

191 1324 469 1375 ἐλπίσω·
488 1320 589 1373 ἐπ’
612 1321 818 1383 αὐτὸν,
843 1318 942 1372 καὶ
968 1320 1149 1385 αὐτὸς
1170 1318 1431 1387 ποιήσει.
1458 1320 1616 1391 Ἔσῃ,
1640 1318 1795 1389 φησὶ,

1929 1331 2008 1377 pse
2042 1318 2223 1386 faciet.
2256 1316 2439 1372 Palam
2466 1359 2482 1382 ,
2512 1319 2720 1387 inquit,
2756 1318 2861 1371 erit
2892 1327 2944 1371 te
2979 1332 3075 1387 per
3103 1330 3376 1388 acceptam
3408 1326 3461 1371 et

192 1411 458 1481 ςωιεριῖις
484 1410 593 1481 τὴν
624 1410 964 1480 ἀρέσκουσαν
998 1410 1146 1481 αὐτῴ
1179 1410 1411 1480 βαδίζων
1441 1410 1577 1463 ὀδόν.

1929 1417 2107 1463 ratam
2136 1410 2241 1481 ipsi
2274 1410 2417 1465 viam
2455 1408 2724 1463 incedere.

258 1500 373 1553 Kal
403 1498 645 1562 ἐξοίσει
675 1498 756 1563 ὡς
780 1498 904 1565 φῶς
932 1498 1047 1565 τὴν
1071 1498 1470 1567 δικαιοσύνην
1498 1517 1634 1554 σου.
1690 1500 1795 1571 Δῆ-

1969 1500 2020 1552 6.
2063 1496 2130 1551 Et
2158 1498 2340 1552 educet
2368 1498 2518 1566 quasi
2552 1497 2725 1551 lumen
2772 1499 3037 1561 iustitiam
3077 1507 3241 1553 tuam.
3290 1497 3462 1551 Mani-

191 1593 283 1643 λον
309 1590 431 1660 γάρ
473 1590 653 1652 ἔστιν,
682 1589 764 1641 ὅτι
790 1589 847 1640 ὲν
871 1587 949 1658 τῷ
981 1589 1225 1658 μέλλοντι
1254 1589 1446 1655 αἰῶνι,
1478 1590 1555 1653 ὡς
1582 1590 1745 1653 αὐτὸς
1768 1590 1798 1642 ὁ

1929 1599 2095 1645 esmm
2147 1589 2291 1645 enim
2335 1599 2417 1643 est
2462 1590 2606 1658 quod
2651 1590 2702 1643 in
2748 1590 2932 1644 tutu-0
2971 1590 3208 1652 saeculo,
3243 1598 3303 1643 ut
3349 1588 3464 1658 ipse

192 1681 404 1751 Κύριος
436 1678 669 1748 εἴρηκεν
691 1718 706 1740 ,
737 1677 820 1730 ὅτι
865 1680 919 1731 oi
950 1676 1162 1731 δίκαιοι
1197 1677 1622 1749 ἐκλάμψουσιν
1648 1678 1729 1743 ὡς
1764 1680 1798 1732 ό

1929 1680 2166 1737 ιοιιιίηιιε
2196 1682 2322 1735 dicit
2349 1681 2417 1745 "‘,
2453 1681 2594 1751 justi
2626 1681 2892 1753 fulgebunt
2928 1682 3064 1735 sicut
3106 1680 3204 1735 sat.
3257 1678 3462 1734 Lumen

192 1741 394 1839 ἥλιος.
589 1770 646 1822 δὲ
675 1768 1025 1841 δικαιοσύνης
1055 1770 1285 1838 γνῶσις·
1328 1741 1514 1841 ἐπειδὴ
1541 1770 1636 1824 καὶ
1660 1741 1799 1839 ἡ-δι-

1936 1783 2079 1828 utem
2107 1772 2353 1842 justitite,
2382 1773 2648 1844 cognitio;
2674 1773 3113 1844 quandoquidem
3140 1771 3350 1842 justitia
3382 1787 3467 1824 re-

189 1860 470 1930 κιιοσύνη
499 1858 685 1915 κανών
708 1862 854 1913 ἐστιν
876 1860 1103 1932 ἀρετῶν.
1138 1861 1246 1916 Καὶ
1273 1861 1340 1915 τὸ
1369 1860 1545 1931 κρῖμά
1574 1877 1689 1916 σου
1719 1862 1799 1928 ὼς

1929 1866 2021 1919 ‘ula
2054 1865 2315 1918 virtutum
2340 1874 2438 1919 cst.
2482 1864 2545 1918 Et
2572 1866 2839 1935 judicium
2884 1876 3031 1919 tuum
3069 1874 3320 1935 tanquam
3356 1878 3464 1917 ite-

183 1956 606 2024 μσημερίαν.
647 1954 791 2008 ’Δντὶ
813 1953 907 2006 τοῦ
928 1970 941 1982 ·
968 1954 1157 2023 Κρινεῖ
1179 1968 1238 2005 σε
1269 1952 1417 2016 ἄξιον
1441 1952 1568 2005 ὄντα
1600 1951 1795 2020 φωτός.

1929 1956 2104 2009 idiem.
2135 1953 2192 2008 id
2214 1963 2318 2021 est,
2352 1953 2430 2007 Te
2460 1953 2684 2025 dignum
2719 1956 2856 2009 lucis
2882 1955 3149 2025 judicabit
3180 1967 3319 2008 esse.

259 2048 381 2100 Καὶ
427 2044 622 2112 αὐτὸς
662 2042 922 2111 ποιήσει.
960 2045 1129 2097 Ὅταν
1158 2043 1419 2114 ὲπὶαὑτῷ
1442 2082 1457 2108 ,
1489 2043 1684 2115 φησιν,
1716 2041 1801 2097 et.

190 2139 366 2208 τείσῃς
391 2179 409 2200 ,
449 2137 579 2190 τότε
609 2136 705 2188 καὶ
736 2134 900 2199 αὐτὸς
936 2136 1174 2206 ποιήσει.
1230 2134 1295 2187 Τί
1341 2131 1397 2187 δὲ
1438 2135 1652 2204 ποιήσει
1684 2134 1799 2187 δια-

189 2230 482 2283 δείκνυσιν
512 2225 858 2294 ἐπενεγκών·
908 2224 1172 2289 Ἐξοίσει
1199 2225 1279 2289 ὠς
1304 2220 1429 2292 φῶς
1447 2221 1564 2291 τὴν
1583 2221 1801 2275 δικαιο-
1848 2236 1859 2247 ·

190 2304 410 2385 σύν-ην
458 2333 583 2371 σου
609 2356 626 2379 .
675 2318 775 2371 καὶ
815 2316 879 2370 τὸ
929 2315 1106 2385 κρῖμά
1148 2330 1264 2369 σου
1298 2315 1378 2380 ὡς
1401 2314 1796 2383 μεσημϐρίαν.

195 2409 334 2462 Τότε
359 2408 424 2461 δὲ
450 2407 682 2473 ἐξοίσει,
710 2407 895 2478 φησὶν,
927 2407 1048 2460 ἀντὶ
1080 2405 1172 2459 τοῦ
1196 2405 1413 2476 ἐμφανῆ
1446 2406 1798 2476 καταστήσει,

196 2501 291 2553 καὶ
339 2495 464 2553 οἷον
521 2496 816 2569 περίοπτον
848 2498 1148 2567 ἀποφανεῖ,
1200 2494 1384 2549 λαθεῖν
1424 2496 1524 2550 οὐκ
1563 2495 1668 2549 ὲῶν
1704 2496 1802 2567 τῆς

197 2589 444 2654 sit:ch
477 2589 547 2641 τὸ
584 2587 802 2651 κάλλος.
876 2588 1068 2642 Ἔσται
1094 2586 1202 2659 γὰρ
1235 2586 1437 2641 ἃπασιν
1484 2585 1719 2658 ἐναργὴς
1765 2589 1798 2658 ἡ

196 2679 533 2749 δικαιοσύνη
586 2695 682 2731 σου
724 2678 881 2750 δίκην
927 2678 1106 2747 φωτὸς
1136 2677 1528 2749 ἀναλάμπουσα
1553 2718 1568 2744 ,
1627 2677 1803 2746 φωτὸς

200 2768 623 2842 μεσημϐρινοῦ.
645 2769 981 2841 Μεσημϐρία
1003 2786 1065 2838 γε
1090 2770 1197 2841 μὴν
1216 2768 1535 2840 ὀνομάζεται
1557 2768 1655 2839 τῆς
1678 2767 1807 2839 npt-

202 2880 305 2934 ρας
340 2863 482 2916 αὐτὸ
513 2861 577 2915 τὺ
609 2861 953 2931 μεσαίτατον.
980 2862 1054 2915 Οὐ
1085 2862 1267 2932 μόνον,
1293 2861 1458 2932 φησὶ,
1492 2860 1689 2914 δικαιοῖ
1712 2858 1805 2913 τὸν

1968 1228 2018 1282 5.
2048 1227 2233 1281 Revela
2268 1227 2493 1283 Domino
2537 1229 2675 1282 viam
2722 1238 2864 1281 tuam
2902 1237 2950 1281 et
2991 1245 3141 1298 spera
3186 1231 3238 1282 in
3279 1243 3368 1289 eo.
3410 1238 3458 1281 et

1970 2047 2118 2103 Dan.
2148 2045 2311 2102 Barb.
2332 2061 2351 2100 :
2370 2045 2437 2100 Et
2460 2046 2566 2116 ipse
2585 2047 2764 2116 faciet.
2788 2046 2910 2111 Ubi,
2942 2046 3135 2117 inquit,
3160 2046 3213 2099 in
3240 2058 3306 2099 eo
3336 2057 3465 2113 spc-

1900 2140 2124 2205 raveris,
2154 2146 2283 2192 tunc
2328 2138 2444 2207 ipse
2493 2137 2674 2194 faciet.
2710 2138 2813 2193 Sed
2863 2137 2993 2207 quid
3036 2137 3196 2191 faciet
3229 2134 3466 2190 ostendit

1900 2229 2136 2285 inferens
2173 2244 2185 2281 :
2227 2230 2295 2281 Et
2325 2227 2505 2281 educet
2535 2228 2689 2297 quasi
2728 2228 2899 2281 lumen
2935 2226 3204 2296 justitiam
3234 2234 3380 2277 tuam
3414 2234 3463 2276 et

1891 2320 2156 2390 judicium
2201 2327 2348 2372 tuum
2388 2327 2639 2387 tanquam
2677 2318 2966 2371 meridiem.
2999 2315 3136 2371 Tum
3169 2329 3297 2370 vero
3332 2311 3465 2368 edu-

1900 2419 2006 2475 cet,
2034 2411 2233 2480 iuquit,
2262 2423 2380 2479 pro,
2412 2410 2762 2464 manifestum
2805 2409 3027 2475 reddet,
3057 2417 3110 2463 et
3138 2407 3295 2477 quasi
3327 2420 3463 2459 con-

1902 2501 2151 2572 Spicuum
2184 2499 2515 2563 declarabit,
2548 2515 2655 2554 non
2704 2499 3023 2568 permittens
3067 2499 3307 2552 honestae
3343 2496 3466 2550 vitae

1901 2593 2152 2648 decorem
2175 2598 2230 2647 et
2261 2591 2714 2662 pulchritudinem
2736 2590 2921 2644 latere.
2942 2587 3059 2643 Erit
3087 2586 3230 2642 enim
3254 2586 3466 2657 justitia

1904 2692 1996 2739 tua
2026 2692 2283 2755 tanquam
2313 2684 2497 2738 lumen
2523 2681 2777 2737 omnibus
2808 2679 3091 2736 manifesta
3114 2721 3129 2745 ,
3168 2678 3465 2734 meridiana

1904 2776 2025 2831 luce
2069 2774 2419 2846 splendidior.
2464 2772 2717 2828 Meridies
2775 2772 2882 2827 diei
2920 2771 3203 2825 dimidium
3249 2770 3467 2825 dicitur.

1903 2864 2022 2921 Non
2058 2865 2241 2932 modo,
2267 2864 2463 2934 inquit,
2495 2861 2844 2918 confitentem
2882 2861 3162 2931 justiticat,
3198 2866 3252 2914 et
3269 2857 3327 2914 ‘ei
3357 2858 3469 2914 cle-

205 2952 734 3024 ἑξομολογούμενον,
759 2951 856 3005 καὶ
878 2954 1053 3023 κρῖμα
1079 2951 1230 3022 αὐτῷ
1252 2950 1554 3024 προσφέρει
1580 2951 1802 3022 χρηστό-

1929 2966 2117 3013 neuter
2158 2954 2463 3027 adjudicat,
2504 2968 2694 3010 verum
2736 2952 2897 3007 etiam
2935 2950 3205 3021 justitiam
3244 2950 3364 3020 ejus
3413 2948 3467 3002 in

203 3061 395 3116 τητος,
419 3043 567 3097 ἀλλὰ
596 3042 691 3096 καὶ⁸
715 3045 795 3106 είς
816 3042 931 3111 φῶς
964 3041 1127 3095 αὑτοῦ
1160 3043 1460 3114 προσφέρει
1484 3041 1583 3113 τὴν
1609 3042 1802 3095 δικαιο-

1929 3056 2093 3118 ιρειιο
2110 3047 2278 3119 ponit,
2304 3045 2408 3101 hoc
2429 3054 2532 3110 est,
2567 3052 2757 3099 notum
2786 3041 3043 3096 omnibus
3071 3040 3203 3095 facit
3229 3055 3288 3094 se
3316 3039 3468 3094 illum

207 3136 414 3206 σύνην·
465 3134 719 3187 τουτέστι
749 3134 1004 3206 γνωρίζει
1049 3136 1249 3201 πᾶσιν,
1284 3134 1479 3204 ὅτιπερ
1502 3132 1664 3187 αὐτὸν
1696 3132 1802 3188 ιδι-

1931 3139 2255 3196 ustiiicasse.
2280 3136 2600 3207 Cujusmodi
2631 3134 2733 3190 fuit
2758 3134 2915 3200 latro,
2946 3133 3103 3204 cujus
3124 3131 3388 3203 judicium
3415 3129 3467 3184 in

207 3227 480 3280 uiwssv.
539 3220 666 3287 Οἵος
690 3220 759 3294 ἦν
784 3225 813 3276 ὁ
843 3223 1045 3296 λῃστὴς
1069 3265 1083 3290 ,
1114 3218 1175 3278 οὗ
1211 3222 1273 3276 τὸ
1301 3225 1475 3294 κρῖμα
1503 3225 1561 3276 ὲν
1597 3240 1802 3295 μεσημ-

1929 3225 2154 3293 neridie,
2189 3227 2293 3281 hoc
2317 3234 2396 3281 est
2426 3224 2604 3280 medio
2627 3224 2715 3278 die
2739 3265 2753 3289 ,
2778 3218 2937 3277 Jesus
2965 3221 3018 3276 in
3048 3236 3209 3277 cruce
3234 3219 3472 3291 pendens

206 3316 344 3387 ερξᾳ
380 3313 533 3369 κατὰ
560 3314 624 3366 τὸ
652 3314 818 3385 μέσον
844 3316 945 3385 τῆς
977 3313 1185 3384 ἡμέρας
1213 3312 1611 3385 σταυρούμενος
1639 3314 1668 3366 ὁ
1708 3314 1802 3383 ’1η-

1929 3315 2112 3381 2duxit,
2141 3329 2359 3384 unaque
2386 3314 2504 3384 ejus
2528 3313 2794 3384 justitiam
2828 3311 2882 3366 in
2915 3312 3090 3367 lucem
3113 3349 3128 3375 ,
3162 3312 3266 3366 hoc
3296 3317 3379 3364 est
3415 3323 3472 3365 ιιι

212 3405 343 3468 cos;
370 3404 638 3476 ἐξήγαγε,
667 3405 763 3457 καὶ
791 3405 891 3475 τὴν
915 3406 1001 3457 ἐπ’
1027 3403 1174 3475 αὐτῷ
1198 3403 1541 3483 δικαιοσύνην
1568 3405 1648 3466 εἰς
1672 3404 1802 3473 φῶςι

1929 3407 2153 3462 minium
2181 3408 2569 3476 cognitionem,
2608 3404 2883 3474 produxit.
2922 3400 3055 3457 Nam
3087 3415 3343 3471 expressa
3367 3414 3473 3455 vox

206 3495 502 3551 τουτέστιν
555 3497 637 3559 είς
670 3496 887 3549 πάντων
924 3494 1125 3564 γνῶσιν
1155 3494 1406 3566 ἧνεγκεν.
1475 3494 1538 3546 Ἦ
1579 3492 1690 3563 γὰρ
1721 3494 1802 3545 ἐπ’

1933 3499 2022 3562 lla,
2051 3499 2237 3560 Amen,
2274 3513 2427 3550 amen
2456 3497 2574 3549 dico
2604 3494 2722 3558 tibi,
2754 3494 2905 3548 hodie
2932 3509 3132 3547 mecum
3160 3492 3264 3545 eris
3295 3492 3349 3543 in
3380 3505 3474 3558 pa-

207 3587 366 3658 αὐτῷ
403 3587 601 3657 φωνὴν
648 3586 843 3655 Ἀμὴν,
874 3585 1039 3656 ἀμὴν
1061 3584 1216 3655 λέγω
1235 3599 1356 3653 σοι,
1386 3585 1656 3653 σήμερον
1681 3586 1802 3654 μετ⁴

1929 3584 2092 3636 -αάίδο
2114 3584 2181 3650 ⁸⁸,
2202 3583 2348 3637 clara
2377 3582 2601 3648 mundo,
2626 3589 2787 3650 atque
2813 3580 2947 3634 adeo
2963 3580 3053 3633 lux
3067 3579 3184 3633 orbi
3207 3588 3471 3632 terrarum

212 3678 364 3748 ἐμοῦ
395 3677 519 3746 ἔσῃ
542 3679 616 3732 ἐν
641 3677 722 3744 τῷ
758 3677 1120 3747 παραδείσῳ,
1152 3679 1233 3740 είς
1275 3676 1505 3748 φανερὸν
1532 3678 1598 3747 τῇ
1631 3678 1802 3730 οίκου-

1929 3671 2053 3728 'acta
2086 3681 2188 3738 est,
2222 3681 2272 3727 et
2305 3672 2560 3728 omnibus
2599 3669 3046 3741 resipiscentibus
3073 3677 3127 3722 et
3165 3666 3475 3737 pcenitenti-

217 3768 393 3838 μένῃ,
424 3766 633 3837 μᾶλλον
660 3767 718 3820 δὲ
747 3766 863 3835 φὼς
884 3768 949 3837 τῇ
976 3767 1271 3839 οἰκουμένῃ
1321 3765 1643 3837 γεγένηται,
1674 3778 1811 3839 προ-

214 3858 399 3929 τροπὴ
430 3859 573 3911 πᾶσι
593 3860 707 3921 τοῖς
734 3858 793 3912 ὲν
817 3858 1075 3929 μετανοίᾳ
1095 3859 1473 3928 τυγχάνουσιν.
1501 3857 1615 3913 Οὐκ
1636 3856 1810 3922 ἔσται,

216 3947 395 4017 ςησὶ,
453 3946 873 4017 κεκαλυμμένον
910 3947 972 4001 τὸ
1002 3948 1101 4018 τῆς
1146 3947 1494 4018 δικαιοσύνης
1540 3947 1810 4020 λαμπρὸν,

217 4041 374 4093 ὥσπε
384 4057 418 4111 ρ
441 4039 563 4103 νῦν,
591 4039 706 4093 ἀλλ’
730 4041 992 4108 ἐπιφανὲς
1010 4039 1199 4111 ὥσπερ
1216 4040 1364 4110 ἦλιος
1391 4042 1451 4094 ὲν
1471 4039 1811 4112 μεσημϐρίᾳ,

1912 3765 2015 3820 lius
2043 3763 2348 3819 adhortatio
2375 3761 2622 3831 quaedam
2651 3759 2771 3815 fuit.
2802 3758 2918 3814 Non
2943 3759 3109 3824 enim,
3134 3759 3228 3824 ait,
3256 3756 3475 3812 claritas

1908 3850 2132 3920 justitite
2157 3849 2274 3918 ejus
2303 3849 2516 3905 occulta
2538 3848 2662 3915 erit,
2690 3857 2751 3902 ut
2776 3848 2935 3903 modo
2963 3857 3064 3909 cst.
3099 3847 3191 3902 sed
3218 3859 3473 3919 tanquam

1914 3942 1995 3997 sol
2027 3942 2079 3995 in
2108 3940 2332 3997 meridie
2359 3940 2673 4011 conspicua.
2711 3938 3179 4006 Quemadmodum
3214 3936 3476 3991 Dominus

1914 4032 1990 4087 ait
2010 4031 2055 4064 ⁸⁸
2089 4048 2104 4088 :
2135 4030 2266 4087 Tum
2297 4032 2433 4103 justi
2461 4030 2733 4103 fulgebunt
2767 4031 2904 4086 sicut
2927 4031 3007 4086 sol
3033 4032 3086 4083 in
3114 4043 3268 4101 regno
3294 4026 3475 4082 Patris

215 4133 413 4204 ὥσπερ
447 4133 479 4185 ὁ
507 4131 712 4202 Κύριός
742 4147 876 4203 φησι
897 4148 911 4163 ο
971 4133 1106 4185 Τότε
1135 4135 1189 4185 οἱ
1225 4131 1442 4186 δίκαιοι
1462 4129 1818 4199 λάμψουσιν
1913 4139 2115 4178 eorum.

216 4226 297 4291 ὡς
323 4227 359 4279 ό
396 4224 580 4291 ἣλιος
605 4223 677 4276 ἐν
704 4217 780 4290 τῇ
800 4222 1086 4289 βασιλείᾳ
1113 4221 1219 4276 τοῦ
1247 4221 1477 4291 Πατρός
1499 4220 1721 4276 αὐτῶν.
1760 4260 1771 4274 .

300 4312 676 4382 ’Υποτάγηθι
698 4311 777 4377 τῷ
802 4312 996 4379 Κυρίῳ
1020 4312 1118 4365 καὶ
1138 4312 1453 4367 ἱκέτευσον
1478 4313 1684 4367 αὐτόν.
1709 4314 1817 4365 Afr

1989 4308 2040 4362 7.
2072 4305 2324 4360 Subditus
2348 4316 2460 4359 esto
2498 4304 2719 4357 Domino
2752 4311 2802 4356 et
2828 4300 2922 4355 ora
2952 4316 3089 4353 eum.
3116 4300 3236 4367 Ipse
3258 4296 3478 4366 quidem

217 4405 313 4469 τὸς
342 4404 451 4474 μὲν
467 4401 677 4472 (φησὶ,
711 4401 860 4468 ἄξιον
883 4401 1012 4455 ὄντα
1041 4400 1118 4473 (α)
1141 4403 1317 4472 φωτὸς
1346 4402 1619 4467 ἀποδείξει
1657 4402 1715 4456 ὲν

1929 4408 1971 4453 te
2006 4399 2125 4453 luce
2151 4397 2372 4467 dignum
2421 4393 2671 4449 ostendet
2707 4391 2761 4444 in
2791 4390 2977 4445 futuro
3016 4388 3247 4453 saeculo,
3279 4395 3333 4443 tu
3377 4401 3476 4441 au-

224 4494 485 4563 μέλλοντι
522 4491 683 4545 αἰῶνι
707 4507 722 4521 ⁸
758 4491 822 4544 σὺ
853 4491 911 4544 δὲ
953 4490 1188 4545 ἐνταῦθα
1218 4491 1545 4560 ύποτάγηθι.
1577 4493 1677 4560 Μὴ
1701 4507 1802 4546 πα-

1929 4500 2026 4545 iem
2062 4489 2151 4543 hic
2176 4488 2428 4543 subditus
2454 4493 2594 4557 esto.
2627 4481 2755 4537 Noti
2794 4480 3035 4536 aemulari
3070 4480 3121 4531 in
3146 4494 3205 4531 eo
3229 4480 3319 4549 qni
3363 4495 3485 4549 prn-

213 4582 489 4654 ραᾷῖλου
529 4584 601 4638 ἐν
634 4583 715 4649 τῷ
744 4581 1230 4653 κατευοδουμένῳ
1255 4583 1326 4637 ἐν
1355 4582 1430 4652 τῇ
1460 4582 1577 4649 ὀδῷ
1601 4582 1811 4639 αὑτοῦ.

1917 4590 2159 4651 speratur
2187 4579 2242 4632 in
2264 4578 2347 4632 via
2371 4592 2489 4631 sua.
2521 4572 2599 4630 Ne
2620 4572 2910 4637 aemuleris,
2929 4571 3023 4637 ait,
3043 4569 3352 4626 felicitatem
3383 4572 3487 4623 ini-

222 4678 315 4747 Μὴ
384 4676 644 4747 μιμήσῃ,
708 4676 902 4746 φησιν,
950 4674 1298 4746 εὐδαιμονίαν
1354 4676 1420 4729 ὲκ
1472 4674 1802 4748 παρανομίας

1929 4673 2126 4744 quitale
2148 4678 2542 4738 comparatam.

224 4782 543 4838 συγκροτου
551 4764 738 4836 μένην.

297 4855 424 4929 [Μὴ
458 4854 710 4926 θαύμαζε
739 4856 1026 4928 ἄνθρωπον
1058 4858 1374 4930 παράνομον
1413 4859 1819 4930 κατευθυνόμε-

1995 4852 2095 4925 [Ne
2123 4850 2486 4908 admiratione
2512 4848 2748 4921 capiaris
2762 4848 2881 4902 viso
2904 4846 3126 4901 homine
3151 4844 3337 4913 iniquo
3362 4856 3487 4910 pro-

222 4966 333 5013 νον,
358 4946 500 5019 μηδὲ
528 4948 747 5021 μιμήσῃ
767 4947 1113 5019 εὐδαιμονίαν
1136 4951 1200 5003 ὲκ
1223 4951 1568 5021 παρανομίας
1591 4968 1802 5023 συγκρο

1929 4958 2080 5013 spere
2107 4949 2321 5012 agente,
2343 4954 2521 5010 neque
2543 4938 2814 4994 atmuleris
2843 4936 3152 4992 felicitatem
3179 4948 3243 4987 ex
3275 4932 3483 5001 injusti-

222 5039 529 5111 τουμένην,
565 5038 698 5109 μηδὲ
732 5039 994 5109 πράττειν
1026 5039 1266 5110 ὲρεθίζου
1294 5040 1363 5094 τὰ
1388 5042 1549 5111 ὅμοια
1568 5059 1580 5072 ·
1611 5042 1731 5095 ἀλλ’
1762 5044 1813 5096 εί

226 5134 322 5186 aut
361 5130 513 5183 κατὰ
543 5129 671 5202 ῥοῦν
703 5129 854 5200 αὐτῷ
891 5130 1113 5201 φέρεται
1146 5132 1353 5196 πάντα,
1393 5132 1467 5203 μὴ
1492 5132 1686 5185 δάκνου
1718 5150 1822 5204 μη-

226 5220 284 5272 δὲ
311 5218 608 5287 δυσφόρει,
633 5218 715 5271 ὅτι
752 5217 828 5289 μὴ
852 5217 1053 5271 διδόασι
1075 5218 1232 5289 δίκην
1264 5220 1313 5272 οἱ
1342 5220 1588 5291 πονηροὶ,
1619 5220 1733 5275 ἀλλ’
1765 5223 1824 5276 ὲν

228 5307 492 5377 εύθηνείᾳ
521 5306 840 5374 διάγουσιν,
894 5304 969 5369 ὥς
1015 5308 1089 5378 μή
1136 5324 1281 5372 τινος
1324 5308 1421 5380 τὴν
1477 5308 1615 5362 τίσιν
1663 5309 1821 5363 εὐθύ-

227 5414 417 5461 νσντος

299 5487 610 5555 Κρεῖσσον
646 5488 856 5558 ὀλίγον
896 5487 976 5553 τῷ
1025 5488 1233 5554 δικαίῳ
1258 5508 1270 5519 ·
1310 5490 1429 5545 ἀντὶ
1475 5492 1602 5555 τοῦ,
1641 5491 1821 5560 μεῖζόν

1928 5035 1998 5087 tia
2028 5031 2375 5102 acquisitam,
2400 5044 2574 5099 neque
2600 5028 2896 5084 stimuleris
2921 5025 2988 5080 ad
3021 5024 3219 5079 similia
3249 5021 3485 5093 agenda:

1926 5124 2019 5179 sed
2044 5122 2258 5178 etiamsi
2297 5121 2481 5176 omnia
2519 5120 2619 5190 ipsi
2657 5134 2725 5174 ex
2758 5125 2884 5171 voto
2925 5121 3120 5184 sponte
3151 5113 3447 5167 succedant
3470 5152 3484 5175 ,

1927 5230 1995 5268 ne
2027 5213 2214 5267 doleas
2246 5225 2347 5264 neu
2391 5208 2608 5279 indigne
2637 5206 2811 5271 feras,
2843 5204 2998 5274 quasi
3031 5201 3264 5271 improbi
3303 5216 3491 5271 pinnas

1927 5322 2036 5359 non
2064 5306 2250 5369 luant,
2282 5301 2376 5356 sed
2408 5312 2669 5370 prospere
2700 5304 2885 5366 agant,
2922 5309 3022 5350 ceu
3054 5293 3204 5349 nullo
3231 5292 3495 5348 ultionem

1924 5408 1977 5451 et
2004 5395 2415 5466 castigationem
2440 5391 2724 5445 intereunte.

1996 5489 2185 5544 Μεηιιδ
2215 5485 2574 5541 est-modicum
2600 5480 2793 5549 justo;
2824 5494 2887 5535 ac
2916 5480 2961 5534 si
2992 5480 3163 5544 dicat,
3199 5475 3389 5532 melior
3412 5483 3496 5528 cst

305 5599 351 5629 "
383 5597 577 5652 Matth.
609 5613 734 5661 xm,
770 5598 862 5653 43.
926 5601 970 5633 ³⁸
998 5601 1131 5661 Luc.
1183 5620 1338 5672 nui,
1374 5606 1464 5660 43.
1546 5604 1591 5635 “
1620 5603 1812 5659 Matth.
1853 5621 1970 5671 xm,
2004 5604 2091 5657 45.

307 5690 386 5761 (a)
424 5688 585 5747 Deest
618 5707 701 5745 σε.
734 5689 894 5745 Ent'r.
