  <div class='ocr_page' id='page_1' title='image "/cluster/home/n/w/nwhite01/storage/ocr_20150623/27/hvd.32044014174452/109.png"; bbox 0 0 3786 6278; ppageno 0'>
   <div class='ocr_carea' id='block_1_1' title="bbox 318 211 423 270">
    <p class='ocr_par' dir='ltr' id='par_1_1' title="bbox 318 211 423 270">
     <span class='ocr_line' id='line_1_1' title="bbox 318 211 423 270; baseline 0.019 -2"><span class='ocrx_word' id='word_1_1' title='bbox 318 211 423 270; x_wconf 67' lang='grc'><strong>135</strong></span> 
     </span>
    </p>
   </div>
   <div class='ocr_carea' id='block_1_2' title="bbox 1186 216 2745 278">
    <p class='ocr_par' dir='ltr' id='par_1_2' title="bbox 1186 216 2745 278">
     <span class='ocr_line' id='line_1_2' title="bbox 1186 216 2745 278; baseline 0.002 -6"><span class='ocrx_word' id='word_1_2' title='bbox 1186 219 1243 272; x_wconf 91' lang='lat' dir='ltr'><strong>S.</strong></span> <span class='ocrx_word' id='word_1_3' title='bbox 1287 216 1656 275; x_wconf 74' lang='lat' dir='ltr'><strong>ATHANASII</strong></span> <span class='ocrx_word' id='word_1_4' title='bbox 1691 224 1840 278; x_wconf 86' lang='lat' dir='ltr'><strong>OPP.</strong></span> <span class='ocrx_word' id='word_1_5' title='bbox 1883 220 2063 277; x_wconf 71' lang='lat' dir='ltr'><strong>PARS</strong></span> <span class='ocrx_word' id='word_1_6' title='bbox 2101 222 2187 277; x_wconf 84' lang='lat' dir='ltr'><strong>Ill.</strong></span> <span class='ocrx_word' id='word_1_7' title='bbox 2231 252 2298 262; x_wconf 83' lang='lat'><strong>-—</strong></span> <span class='ocrx_word' id='word_1_8' title='bbox 2337 220 2745 277; x_wconf 74' lang='lat' dir='ltr'><strong>EXECETICA.</strong></span> 
     </span>
    </p>
   </div>
   <div class='ocr_carea' id='block_1_3' title="bbox 3452 224 3560 277">
    <p class='ocr_par' dir='ltr' id='par_1_3' title="bbox 3452 224 3560 277">
     <span class='ocr_line' id='line_1_3' title="bbox 3452 224 3560 277; baseline 0 0"><span class='ocrx_word' id='word_1_9' title='bbox 3452 224 3560 277; x_wconf 14' lang='lat' dir='ltr'><strong>i875</strong></span> 
     </span>
    </p>
   </div>
   <div class='ocr_carea' id='block_1_4' title="bbox 319 329 1893 406">
    <p class='ocr_par' dir='ltr' id='par_1_4' title="bbox 319 329 1880 403">
     <span class='ocr_line' id='line_1_4' title="bbox 319 329 1880 403; baseline 0.006 -22"><span class='ocrx_word' id='word_1_10' title='bbox 319 329 462 382; x_wconf 80' lang='lat' dir='ltr'><strong>uiam</strong></span> <span class='ocrx_word' id='word_1_11' title='bbox 500 340 623 383; x_wconf 77' lang='lat' dir='ltr'><strong>sunt</strong></span> <span class='ocrx_word' id='word_1_12' title='bbox 659 333 893 403; x_wconf 68' lang='lat' dir='ltr'><strong>reliqum</strong></span> <span class='ocrx_word' id='word_1_13' title='bbox 913 334 1113 387; x_wconf 79' lang='lat' dir='ltr'><strong>homini</strong></span> <span class='ocrx_word' id='word_1_14' title='bbox 1136 333 1374 401; x_wconf 79' lang='lat' dir='ltr'><strong>paci/ica.</strong></span> <span class='ocrx_word' id='word_1_15' title='bbox 1410 331 1475 386; x_wconf 86' lang='lat' dir='ltr'><strong>Et</strong></span> <span class='ocrx_word' id='word_1_16' title='bbox 1519 335 1842 403; x_wconf 81' lang='lat' dir='ltr'><strong>supplicium</strong></span> <span class='ocrx_word' id='word_1_17' title='bbox 1864 376 1880 401; x_wconf 94' lang='lat'><strong>,</strong></span> 
     </span>
    </p>
   </div>
   <div class='ocr_carea' id='block_1_5' title="bbox 2021 329 3555 406">
    <p class='ocr_par' dir='ltr' id='par_1_5' title="bbox 2021 332 3555 406">
     <span class='ocr_line' id='line_1_5' title="bbox 2021 332 3555 406; baseline 0.001 -19"><span class='ocrx_word' id='word_1_18' title='bbox 2021 333 2419 403; x_wconf 68' lang='grc' dir='ltr'>γκατάλειμμα</span> <span class='ocrx_word' id='word_1_19' title='bbox 2447 333 2733 400; x_wconf 80' lang='grc' dir='ltr'><strong>ἀνθρώπῳ</strong></span> <span class='ocrx_word' id='word_1_20' title='bbox 2758 333 3053 399; x_wconf 61' lang='lat' dir='ltr'><strong>cipit-mrem.</strong></span> <span class='ocrx_word' id='word_1_21' title='bbox 3087 332 3196 386; x_wconf 81' lang='grc' dir='ltr'><strong>Καὶ</strong></span> <span class='ocrx_word' id='word_1_22' title='bbox 3233 334 3265 403; x_wconf 85' lang='grc' dir='ltr'>ἡ</span> <span class='ocrx_word' id='word_1_23' title='bbox 3294 337 3555 406; x_wconf 81' lang='grc' dir='ltr'><strong>τιμωρία.</strong></span> 
     </span>
    </p>
   </div>
   <div class='ocr_carea' id='block_1_6' title="bbox 316 419 1893 494">
    <p class='ocr_par' dir='ltr' id='par_1_6' title="bbox 316 421 1879 493">
     <span class='ocr_line' id='line_1_6' title="bbox 316 421 1879 493; baseline 0.007 -20"><span class='ocrx_word' id='word_1_24' title='bbox 316 421 530 491; x_wconf 89' lang='lat' dir='ltr'><strong>inquit,</strong></span> <span class='ocrx_word' id='word_1_25' title='bbox 566 423 935 493; x_wconf 81' lang='lat' dir='ltr'><strong>improborum</strong></span> <span class='ocrx_word' id='word_1_26' title='bbox 962 467 977 491; x_wconf 86' lang='lat'><strong>,</strong></span> <span class='ocrx_word' id='word_1_27' title='bbox 1009 435 1063 479; x_wconf 90' lang='lat' dir='ltr'><strong>et</strong></span> <span class='ocrx_word' id='word_1_28' title='bbox 1103 424 1359 493; x_wconf 73' lang='lat' dir='ltr'><strong>reliquia&#39;,</strong></span> <span class='ocrx_word' id='word_1_29' title='bbox 1402 425 1454 480; x_wconf 94' lang='lat' dir='ltr'><strong>id</strong></span> <span class='ocrx_word' id='word_1_30' title='bbox 1488 435 1575 481; x_wconf 87' lang='lat' dir='ltr'><strong>est</strong></span> <span class='ocrx_word' id='word_1_31' title='bbox 1597 428 1879 484; x_wconf 74' lang='lat' dir='ltr'><strong>Inereditas</strong></span> 
     </span>
    </p>
   </div>
   <div class='ocr_carea' id='block_1_7' title="bbox 2021 419 3551 494">
    <p class='ocr_par' dir='ltr' id='par_1_7' title="bbox 2025 419 3551 494">
     <span class='ocr_line' id='line_1_7' title="bbox 2025 419 3551 494; baseline -0.001 -19"><span class='ocrx_word' id='word_1_32' title='bbox 2025 423 2136 490; x_wconf 82' lang='grc' dir='ltr'>ησὶ,</span> <span class='ocrx_word' id='word_1_33' title='bbox 2165 422 2271 475; x_wconf 89' lang='grc' dir='ltr'><strong>τῶν</strong></span> <span class='ocrx_word' id='word_1_34' title='bbox 2299 421 2570 492; x_wconf 80' lang='grc' dir='ltr'><strong>πονηρῶν,</strong></span> <span class='ocrx_word' id='word_1_35' title='bbox 2606 421 2701 473; x_wconf 55' lang='grc' dir='ltr'><strong>καὶ¹</strong></span> <span class='ocrx_word' id='word_1_36' title='bbox 2748 422 2809 471; x_wconf 76' lang='grc' dir='ltr'>τὸ</span> <span class='ocrx_word' id='word_1_37' title='bbox 2846 419 3301 491; x_wconf 68' lang='grc' dir='ltr'><strong>ἐγκατάλειμμα,</strong></span> <span class='ocrx_word' id='word_1_38' title='bbox 3354 423 3470 491; x_wconf 66' lang='grc' dir='ltr'>ἦτοι</span> <span class='ocrx_word' id='word_1_39' title='bbox 3517 427 3551 494; x_wconf 68' lang='grc' dir='ltr'>ἡ</span> 
     </span>
    </p>
   </div>
   <div class='ocr_carea' id='block_1_8' title="bbox 311 513 1878 585">
    <p class='ocr_par' dir='ltr' id='par_1_8' title="bbox 311 513 1878 585">
     <span class='ocr_line' id='line_1_8' title="bbox 311 513 1878 585; baseline 0.005 -19"><span class='ocrx_word' id='word_1_40' title='bbox 311 513 648 581; x_wconf 88' lang='lat' dir='ltr'><strong>proborum,</strong></span> <span class='ocrx_word' id='word_1_41' title='bbox 677 516 774 572; x_wconf 89' lang='lat' dir='ltr'><strong>tibi</strong></span> <span class='ocrx_word' id='word_1_42' title='bbox 799 516 1065 573; x_wconf 84' lang='lat' dir='ltr'><strong>suadeant</strong></span> <span class='ocrx_word' id='word_1_43' title='bbox 1100 523 1159 569; x_wconf 91' lang='lat' dir='ltr'><strong>ut</strong></span> <span class='ocrx_word' id='word_1_44' title='bbox 1197 516 1598 585; x_wconf 85' lang='lat' dir='ltr'><strong>simplicitatem</strong></span> <span class='ocrx_word' id='word_1_45' title='bbox 1627 526 1681 573; x_wconf 90' lang='lat' dir='ltr'><strong>et</strong></span> <span class='ocrx_word' id='word_1_46' title='bbox 1717 519 1878 573; x_wconf 68' lang='lat' dir='ltr'><strong>inno~</strong></span> 
     </span>
    </p>
   </div>
   <div class='ocr_carea' id='block_1_9' title="bbox 313 604 824 663">
    <p class='ocr_par' dir='ltr' id='par_1_9' title="bbox 313 604 824 663">
     <span class='ocr_line' id='line_1_9' title="bbox 313 604 824 663; baseline 0.01 -7"><span class='ocrx_word' id='word_1_47' title='bbox 313 604 547 658; x_wconf 84' lang='lat' dir='ltr'><strong>centiam</strong></span> <span class='ocrx_word' id='word_1_48' title='bbox 578 608 824 663; x_wconf 83' lang='lat' dir='ltr'><strong>secteris.</strong></span> 
     </span>
    </p>
   </div>
   <div class='ocr_carea' id='block_1_10' title="bbox 1981 508 3557 584">
    <p class='ocr_par' dir='ltr' id='par_1_10' title="bbox 1981 508 3557 584">
     <span class='ocr_line' id='line_1_10' title="bbox 1981 508 3557 584; baseline -0.001 -20"><span class='ocrx_word' id='word_1_49' title='bbox 1981 510 2313 582; x_wconf 81' lang='grc' dir='ltr'><strong>κληρονομία</strong></span> <span class='ocrx_word' id='word_1_50' title='bbox 2345 510 2450 563; x_wconf 89' lang='grc' dir='ltr'><strong>τῶν</strong></span> <span class='ocrx_word' id='word_1_51' title='bbox 2487 508 2726 580; x_wconf 87' lang='grc' dir='ltr'>ἀγαθῶν,</span> <span class='ocrx_word' id='word_1_52' title='bbox 2778 508 3241 579; x_wconf 74' lang='grc' dir='ltr'>παρασκευαζέτω</span> <span class='ocrx_word' id='word_1_53' title='bbox 3270 527 3329 564; x_wconf 86' lang='grc' dir='ltr'><strong>σε</strong></span> <span class='ocrx_word' id='word_1_54' title='bbox 3362 514 3557 584; x_wconf 69' lang='grc' dir='ltr'>ἐπιτη-</span> 
     </span>
    </p>
   </div>
   <div class='ocr_carea' id='block_1_11' title="bbox 1978 600 2469 671">
    <p class='ocr_par' dir='ltr' id='par_1_11' title="bbox 1978 600 2469 671">
     <span class='ocr_line' id='line_1_11' title="bbox 1978 600 2469 671; baseline 0.002 -19"><span class='ocrx_word' id='word_1_55' title='bbox 1978 600 2151 654; x_wconf 82' lang='grc' dir='ltr'>δεύειν</span> <span class='ocrx_word' id='word_1_56' title='bbox 2176 601 2469 671; x_wconf 82' lang='grc' dir='ltr'><strong>ἁπλότητα.</strong></span> 
     </span>
    </p>
   </div>
   <div class='ocr_carea' id='block_1_12' title="bbox 312 692 1893 779">
    <p class='ocr_par' dir='ltr' id='par_1_12' title="bbox 312 692 1875 766">
     <span class='ocr_line' id='line_1_12' title="bbox 312 692 1875 766; baseline 0.003 -19"><span class='ocrx_word' id='word_1_57' title='bbox 312 692 365 748; x_wconf 74' lang='lat' dir='ltr'><strong>i.</strong></span> <span class='ocrx_word' id='word_1_58' title='bbox 419 692 758 753; x_wconf 67' lang='lat' dir='ltr'><strong><em>PSALHUS</em></strong></span> <span class='ocrx_word' id='word_1_59' title='bbox 804 698 904 766; x_wconf 88' lang='lat' dir='ltr'><strong>ipsi</strong></span> <span class='ocrx_word' id='word_1_60' title='bbox 951 695 1122 750; x_wconf 74' lang='lat' dir='ltr'><strong>David</strong></span> <span class='ocrx_word' id='word_1_61' title='bbox 1177 697 1231 750; x_wconf 86' lang='lat' dir='ltr'><strong>in</strong></span> <span class='ocrx_word' id='word_1_62' title='bbox 1283 699 1762 755; x_wconf 77' lang='lat' dir='ltr'><strong>rememorationem</strong></span> <span class='ocrx_word' id='word_1_63' title='bbox 1812 700 1875 752; x_wconf 83' lang='lat' dir='ltr'><strong>de</strong></span> 
     </span>
    </p>
   </div>
   <div class='ocr_carea' id='block_1_13' title="bbox 2021 692 3554 779">
    <p class='ocr_par' dir='ltr' id='par_1_13' title="bbox 2021 692 3554 762">
     <span class='ocr_line' id='line_1_13' title="bbox 2021 692 3554 762; baseline 0 -15"><span class='ocrx_word' id='word_1_64' title='bbox 2021 695 2285 747; x_wconf 73' lang='lat' dir='ltr'><strong><em>&quot;AAMOL‘</em></strong></span> <span class='ocrx_word' id='word_1_65' title='bbox 2313 692 2395 759; x_wconf 84' lang='grc' dir='ltr'>τῷ</span> <span class='ocrx_word' id='word_1_66' title='bbox 2420 692 2602 747; x_wconf 83' lang='grc' dir='ltr'>Δαυιδ</span> <span class='ocrx_word' id='word_1_67' title='bbox 2631 694 2717 759; x_wconf 85' lang='grc' dir='ltr'><strong>είς</strong></span> <span class='ocrx_word' id='word_1_68' title='bbox 2744 692 3083 761; x_wconf 74' lang='grc' dir='ltr'>ἀνάμνησιν</span> <span class='ocrx_word' id='word_1_69' title='bbox 3110 692 3241 762; x_wconf 79' lang='grc' dir='ltr'>περὶ</span> <span class='ocrx_word' id='word_1_70' title='bbox 3265 692 3372 747; x_wconf 80' lang='grc' dir='ltr'>τοῦ</span> <span class='ocrx_word' id='word_1_71' title='bbox 3401 695 3554 747; x_wconf 73' lang='grc' dir='ltr'>Σαϐ-</span> 
     </span>
    </p>
   </div>
   <div class='ocr_carea' id='block_1_14' title="bbox 802 786 1377 844">
    <p class='ocr_par' dir='ltr' id='par_1_14' title="bbox 802 786 1377 844">
     <span class='ocr_line' id='line_1_14' title="bbox 802 786 1377 844; baseline 0.002 -2"><span class='ocrx_word' id='word_1_72' title='bbox 802 787 1056 842; x_wconf 82' lang='lat' dir='ltr'><strong>Sabbato.</strong></span> <span class='ocrx_word' id='word_1_73' title='bbox 1077 786 1233 843; x_wconf 74' lang='lat' dir='ltr'><em>XXX</em></span> <span class='ocrx_word' id='word_1_74' title='bbox 1250 786 1377 844; x_wconf 79' lang='grc' dir='ltr'><strong>γη.</strong></span> 
     </span>
    </p>
   </div>
   <div class='ocr_carea' id='block_1_15' title="bbox 898 882 1294 952">
    <p class='ocr_par' dir='ltr' id='par_1_15' title="bbox 898 882 1294 952">
     <span class='ocr_line' id='line_1_15' title="bbox 898 882 1294 952; baseline 0.005 -20"><span class='ocrx_word' id='word_1_75' title='bbox 898 882 1294 952; x_wconf 75' lang='lat' dir='ltr'><strong>Argumentum.</strong></span> 
     </span>
    </p>
   </div>
   <div class='ocr_carea' id='block_1_16' title="bbox 309 968 1875 1041">
    <p class='ocr_par' dir='ltr' id='par_1_16' title="bbox 309 968 1875 1041">
     <span class='ocr_line' id='line_1_16' title="bbox 309 968 1875 1041; baseline 0.004 -20"><span class='ocrx_word' id='word_1_76' title='bbox 309 968 466 1025; x_wconf 83' lang='lat' dir='ltr'><strong>llunc</strong></span> <span class='ocrx_word' id='word_1_77' title='bbox 490 972 637 1026; x_wconf 89' lang='lat' dir='ltr'><strong>canit</strong></span> <span class='ocrx_word' id='word_1_78' title='bbox 668 971 940 1041; x_wconf 77' lang='lat' dir='ltr'><strong>psalmum</strong></span> <span class='ocrx_word' id='word_1_79' title='bbox 966 973 1243 1026; x_wconf 80' lang='lat' dir='ltr'><strong>assiduam</strong></span> <span class='ocrx_word' id='word_1_80' title='bbox 1292 987 1603 1028; x_wconf 80' lang='lat' dir='ltr'><strong>memorans</strong></span> <span class='ocrx_word' id='word_1_81' title='bbox 1651 974 1875 1029; x_wconf 78' lang='lat' dir='ltr'><strong>calami-</strong></span> 
     </span>
    </p>
   </div>
   <div class='ocr_carea' id='block_1_17' title="bbox 373 1064 1875 1131">
    <p class='ocr_par' dir='ltr' id='par_1_17' title="bbox 373 1064 1875 1131">
     <span class='ocr_line' id='line_1_17' title="bbox 373 1064 1875 1131; baseline 0.003 -18"><span class='ocrx_word' id='word_1_82' title='bbox 373 1067 564 1126; x_wconf 85' lang='lat' dir='ltr'><strong>tatem,</strong></span> <span class='ocrx_word' id='word_1_83' title='bbox 624 1076 791 1131; x_wconf 85' lang='lat' dir='ltr'><strong>quam</strong></span> <span class='ocrx_word' id='word_1_84' title='bbox 850 1071 1071 1131; x_wconf 83' lang='lat' dir='ltr'><strong>propter</strong></span> <span class='ocrx_word' id='word_1_85' title='bbox 1128 1071 1410 1131; x_wconf 87' lang='lat' dir='ltr'><strong>peccatum</strong></span> <span class='ocrx_word' id='word_1_86' title='bbox 1467 1064 1760 1130; x_wconf 77' lang='lat' dir='ltr'><strong>sustinuit,</strong></span> <span class='ocrx_word' id='word_1_87' title='bbox 1820 1074 1875 1118; x_wconf 90' lang='lat' dir='ltr'><strong>et</strong></span> 
     </span>
    </p>
   </div>
   <div class='ocr_carea' id='block_1_18' title="bbox 380 1148 1871 1221">
    <p class='ocr_par' dir='ltr' id='par_1_18' title="bbox 380 1148 1871 1221">
     <span class='ocr_line' id='line_1_18' title="bbox 380 1148 1871 1221; baseline 0.003 -17"><span class='ocrx_word' id='word_1_88' title='bbox 380 1148 546 1205; x_wconf 89' lang='lat' dir='ltr'><strong>Deum</strong></span> <span class='ocrx_word' id='word_1_89' title='bbox 581 1166 676 1220; x_wconf 86' lang='lat' dir='ltr'><strong>per</strong></span> <span class='ocrx_word' id='word_1_90' title='bbox 704 1166 826 1207; x_wconf 85' lang='lat' dir='ltr'><strong>sese</strong></span> <span class='ocrx_word' id='word_1_91' title='bbox 856 1160 1029 1221; x_wconf 82' lang='lat' dir='ltr'><strong>rogat,</strong></span> <span class='ocrx_word' id='word_1_92' title='bbox 1064 1153 1170 1206; x_wconf 87' lang='lat' dir='ltr'><strong>sibi</strong></span> <span class='ocrx_word' id='word_1_93' title='bbox 1203 1153 1603 1218; x_wconf 82' lang='lat' dir='ltr'><strong>sabbatismos,</strong></span> <span class='ocrx_word' id='word_1_94' title='bbox 1640 1168 1735 1209; x_wconf 85' lang='lat' dir='ltr'><strong>seu</strong></span> <span class='ocrx_word' id='word_1_95' title='bbox 1774 1168 1871 1209; x_wconf 83' lang='lat' dir='ltr'><strong>ca-</strong></span> 
     </span>
    </p>
   </div>
   <div class='ocr_carea' id='block_1_19' title="bbox 364 1241 1135 1301">
    <p class='ocr_par' dir='ltr' id='par_1_19' title="bbox 364 1241 1135 1301">
     <span class='ocr_line' id='line_1_19' title="bbox 364 1241 1135 1301; baseline 0 -6"><span class='ocrx_word' id='word_1_96' title='bbox 364 1241 668 1301; x_wconf 77' lang='lat' dir='ltr'><strong>lamitatum</strong></span> <span class='ocrx_word' id='word_1_97' title='bbox 697 1243 858 1297; x_wconf 84' lang='lat' dir='ltr'><strong>linem</strong></span> <span class='ocrx_word' id='word_1_98' title='bbox 891 1243 1135 1298; x_wconf 85' lang='lat' dir='ltr'><strong>concedi.</strong></span> 
     </span>
    </p>
   </div>
   <div class='ocr_carea' id='block_1_20' title="bbox 372 1418 1870 1493">
    <p class='ocr_par' dir='ltr' id='par_1_20' title="bbox 372 1418 1870 1493">
     <span class='ocr_line' id='line_1_20' title="bbox 372 1418 1870 1493; baseline 0.003 -19"><span class='ocrx_word' id='word_1_99' title='bbox 372 1420 428 1474; x_wconf 64' lang='grc'>9.</span> <span class='ocrx_word' id='word_1_100' title='bbox 466 1418 709 1487; x_wconf 71' lang='lat' dir='ltr'><strong>nomine,</strong></span> <span class='ocrx_word' id='word_1_101' title='bbox 757 1438 821 1475; x_wconf 87' lang='lat' dir='ltr'><strong>ne</strong></span> <span class='ocrx_word' id='word_1_102' title='bbox 850 1422 901 1474; x_wconf 84' lang='lat' dir='ltr'><strong>in</strong></span> <span class='ocrx_word' id='word_1_103' title='bbox 938 1423 1115 1491; x_wconf 76' lang='lat' dir='ltr'><strong>furore</strong></span> <span class='ocrx_word' id='word_1_104' title='bbox 1141 1431 1231 1475; x_wconf 85' lang='lat' dir='ltr'><strong>tuo</strong></span> <span class='ocrx_word' id='word_1_105' title='bbox 1265 1438 1461 1492; x_wconf 79' lang='lat' dir='ltr'><strong>arguas</strong></span> <span class='ocrx_word' id='word_1_106' title='bbox 1489 1438 1599 1485; x_wconf 84' lang='lat' dir='ltr'><strong>me,</strong></span> <span class='ocrx_word' id='word_1_107' title='bbox 1628 1440 1786 1493; x_wconf 72' lang='lat' dir='ltr'><strong>neque</strong></span> <span class='ocrx_word' id='word_1_108' title='bbox 1815 1426 1870 1480; x_wconf 87' lang='lat' dir='ltr'><strong>in</strong></span> 
     </span>
    </p>
   </div>
   <div class='ocr_carea' id='block_1_21' title="bbox 301 1515 1872 1587">
    <p class='ocr_par' dir='ltr' id='par_1_21' title="bbox 301 1515 1872 1587">
     <span class='ocr_line' id='line_1_21' title="bbox 301 1515 1872 1587; baseline 0.003 -20"><span class='ocrx_word' id='word_1_109' title='bbox 301 1515 386 1568; x_wconf 88' lang='lat' dir='ltr'><strong>ira</strong></span> <span class='ocrx_word' id='word_1_110' title='bbox 431 1525 523 1568; x_wconf 89' lang='lat' dir='ltr'><strong>tua</strong></span> <span class='ocrx_word' id='word_1_111' title='bbox 551 1516 808 1585; x_wconf 75' lang='lat' dir='ltr'><strong>corripias</strong></span> <span class='ocrx_word' id='word_1_112' title='bbox 840 1531 940 1570; x_wconf 77' lang='lat' dir='ltr'><strong>me.</strong></span> <span class='ocrx_word' id='word_1_113' title='bbox 980 1515 1304 1587; x_wconf 66' lang='lat' dir='ltr'><strong>[Daemones,</strong></span> <span class='ocrx_word' id='word_1_114' title='bbox 1328 1517 1422 1585; x_wconf 87' lang='lat' dir='ltr'><strong>qui</strong></span> <span class='ocrx_word' id='word_1_115' title='bbox 1465 1517 1746 1586; x_wconf 81' lang='lat' dir='ltr'><strong>suppliciis</strong></span> <span class='ocrx_word' id='word_1_116' title='bbox 1788 1518 1872 1571; x_wconf 85' lang='lat' dir='ltr'><strong>irt-</strong></span> 
     </span>
    </p>
   </div>
   <div class='ocr_carea' id='block_1_22' title="bbox 2561 781 2950 836">
    <p class='ocr_par' dir='ltr' id='par_1_22' title="bbox 2561 781 2950 836">
     <span class='ocr_line' id='line_1_22' title="bbox 2561 781 2950 836; baseline -0.005 0"><span class='ocrx_word' id='word_1_117' title='bbox 2561 781 2759 836; x_wconf 78' lang='grc' dir='ltr'>6άτου.</span> <span class='ocrx_word' id='word_1_118' title='bbox 2811 784 2950 836; x_wconf 82' lang='lat' dir='ltr'><strong>AZ&#39;.</strong></span> 
     </span>
    </p>
   </div>
   <div class='ocr_carea' id='block_1_23' title="bbox 2600 874 2914 937">
    <p class='ocr_par' dir='ltr' id='par_1_23' title="bbox 2600 874 2914 937">
     <span class='ocr_line' id='line_1_23' title="bbox 2600 874 2914 937; baseline -0.003 -11"><span class='ocrx_word' id='word_1_119' title='bbox 2600 874 2614 892; x_wconf 83' lang='lat'><strong>&#39;</strong></span> <span class='ocrx_word' id='word_1_120' title='bbox 2633 874 2914 937; x_wconf 78' lang='grc' dir='ltr'>Υπόθεσις</span> 
     </span>
    </p>
   </div>
   <div class='ocr_carea' id='block_1_24' title="bbox 1980 962 3565 1035">
    <p class='ocr_par' dir='ltr' id='par_1_24' title="bbox 1980 962 3565 1035">
     <span class='ocr_line' id='line_1_24' title="bbox 1980 962 3565 1035; baseline 0.001 -19"><span class='ocrx_word' id='word_1_121' title='bbox 1980 962 2182 1017; x_wconf 82' lang='grc' dir='ltr'>Τοῦτον</span> <span class='ocrx_word' id='word_1_122' title='bbox 2228 964 2342 1035; x_wconf 74' lang='grc' dir='ltr'>ᾄδει</span> <span class='ocrx_word' id='word_1_123' title='bbox 2370 964 2460 1018; x_wconf 70' lang='grc' dir='ltr'>τὸν</span> <span class='ocrx_word' id='word_1_124' title='bbox 2491 963 2726 1033; x_wconf 72' lang='grc' dir='ltr'>ψαλμὸν,</span> <span class='ocrx_word' id='word_1_125' title='bbox 2762 963 3191 1034; x_wconf 73' lang='grc' dir='ltr'><strong>ἀναμιμνήσκων</strong></span> <span class='ocrx_word' id='word_1_126' title='bbox 3232 964 3419 1017; x_wconf 71' lang='grc' dir='ltr'>ἑαυτὸν</span> <span class='ocrx_word' id='word_1_127' title='bbox 3448 966 3565 1035; x_wconf 73' lang='grc' dir='ltr'><strong>τῆς</strong></span> 
     </span>
    </p>
   </div>
   <div class='ocr_carea' id='block_1_25' title="bbox 2048 1052 3552 1129">
    <p class='ocr_par' dir='ltr' id='par_1_25' title="bbox 2048 1052 3552 1129">
     <span class='ocr_line' id='line_1_25' title="bbox 2048 1052 3552 1129; baseline 0.002 -21"><span class='ocrx_word' id='word_1_128' title='bbox 2048 1058 2376 1127; x_wconf 79' lang='grc' dir='ltr'><strong>συνεχούσης</strong></span> <span class='ocrx_word' id='word_1_129' title='bbox 2418 1056 2833 1128; x_wconf 78' lang='grc' dir='ltr'><strong>ταλαιπωρίας,</strong></span> <span class='ocrx_word' id='word_1_130' title='bbox 2882 1052 2950 1128; x_wconf 74' lang='grc' dir='ltr'>ἧς</span> <span class='ocrx_word' id='word_1_131' title='bbox 3003 1055 3261 1126; x_wconf 79' lang='grc' dir='ltr'>ὑπέμεινε</span> <span class='ocrx_word' id='word_1_132' title='bbox 3298 1056 3396 1110; x_wconf 73' lang='grc' dir='ltr'><strong>διὰ</strong></span> <span class='ocrx_word' id='word_1_133' title='bbox 3450 1058 3552 1129; x_wconf 74' lang='grc' dir='ltr'>τὴν</span> 
     </span>
    </p>
   </div>
   <div class='ocr_carea' id='block_1_26' title="bbox 2048 1145 3552 1218">
    <p class='ocr_par' dir='ltr' id='par_1_26' title="bbox 2048 1145 3552 1218">
     <span class='ocr_line' id='line_1_26' title="bbox 2048 1145 3552 1218; baseline 0.003 -20"><span class='ocrx_word' id='word_1_134' title='bbox 2048 1145 2341 1218; x_wconf 83' lang='grc' dir='ltr'>ἁμαρτίαν.</span> <span class='ocrx_word' id='word_1_135' title='bbox 2406 1146 2572 1213; x_wconf 78' lang='grc' dir='ltr'><strong>Ἀξιοί</strong></span> <span class='ocrx_word' id='word_1_136' title='bbox 2601 1146 2655 1199; x_wconf 84' lang='grc' dir='ltr'>δὲ</span> <span class='ocrx_word' id='word_1_137' title='bbox 2679 1147 2743 1199; x_wconf 87' lang='grc' dir='ltr'><strong>δι’</strong></span> <span class='ocrx_word' id='word_1_138' title='bbox 2787 1145 2979 1200; x_wconf 78' lang='grc' dir='ltr'>ἑαυτοῦ</span> <span class='ocrx_word' id='word_1_139' title='bbox 3010 1145 3099 1199; x_wconf 84' lang='grc' dir='ltr'>τόν</span> <span class='ocrx_word' id='word_1_140' title='bbox 3144 1146 3311 1213; x_wconf 86' lang='grc' dir='ltr'>Θεὸν,</span> <span class='ocrx_word' id='word_1_141' title='bbox 3348 1148 3552 1203; x_wconf 75' lang='grc' dir='ltr'>σαϐϐα-</span> 
     </span>
    </p>
   </div>
   <div class='ocr_carea' id='block_1_27' title="bbox 2043 1234 3557 1311">
    <p class='ocr_par' dir='ltr' id='par_1_27' title="bbox 2043 1234 3557 1311">
     <span class='ocr_line' id='line_1_27' title="bbox 2043 1234 3557 1311; baseline 0.004 -24"><span class='ocrx_word' id='word_1_142' title='bbox 2043 1236 2271 1304; x_wconf 81' lang='grc' dir='ltr'>τισμοὺς</span> <span class='ocrx_word' id='word_1_143' title='bbox 2298 1234 2448 1309; x_wconf 82' lang='grc' dir='ltr'><strong>αύτῷ</strong></span> <span class='ocrx_word' id='word_1_144' title='bbox 2479 1235 2692 1299; x_wconf 75' lang='grc' dir='ltr'>δοῦναι,</span> <span class='ocrx_word' id='word_1_145' title='bbox 2749 1235 2865 1306; x_wconf 68' lang='grc' dir='ltr'>ἦτοι</span> <span class='ocrx_word' id='word_1_146' title='bbox 2906 1236 3209 1292; x_wconf 85' lang='grc' dir='ltr'>ἀνάπαυσιν</span> <span class='ocrx_word' id='word_1_147' title='bbox 3250 1239 3358 1292; x_wconf 90' lang='grc' dir='ltr'><strong>τῶν</strong></span> <span class='ocrx_word' id='word_1_148' title='bbox 3414 1257 3557 1311; x_wconf 81' lang='grc' dir='ltr'>συμ-</span> 
     </span>
    </p>
   </div>
   <div class='ocr_carea' id='block_1_28' title="bbox 2045 1325 2245 1395">
    <p class='ocr_par' dir='ltr' id='par_1_28' title="bbox 2045 1325 2245 1395">
     <span class='ocr_line' id='line_1_28' title="bbox 2045 1325 2245 1395; baseline -0.005 -18"><span class='ocrx_word' id='word_1_149' title='bbox 2045 1325 2245 1395; x_wconf 85' lang='grc' dir='ltr'>φορῶν.</span> 
     </span>
    </p>
   </div>
   <div class='ocr_carea' id='block_1_29' title="bbox 2042 1415 3557 1489">
    <p class='ocr_par' dir='ltr' id='par_1_29' title="bbox 2042 1415 3557 1489">
     <span class='ocr_line' id='line_1_29' title="bbox 2042 1415 3557 1489; baseline 0.005 -22"><span class='ocrx_word' id='word_1_150' title='bbox 2042 1416 2249 1484; x_wconf 79' lang='grc' dir='ltr'>Κύριε,</span> <span class='ocrx_word' id='word_1_151' title='bbox 2270 1415 2357 1486; x_wconf 81' lang='grc' dir='ltr'>μὴ</span> <span class='ocrx_word' id='word_1_152' title='bbox 2388 1415 2468 1481; x_wconf 86' lang='grc' dir='ltr'>τῷ</span> <span class='ocrx_word' id='word_1_153' title='bbox 2500 1416 2663 1485; x_wconf 80' lang='grc' dir='ltr'>θυμῷ</span> <span class='ocrx_word' id='word_1_154' title='bbox 2694 1433 2809 1471; x_wconf 90' lang='grc' dir='ltr'><strong>σου</strong></span> <span class='ocrx_word' id='word_1_155' title='bbox 2841 1416 3095 1487; x_wconf 70' lang='grc' dir='ltr'>ἐλέγξῃς</span> <span class='ocrx_word' id='word_1_156' title='bbox 3148 1435 3245 1487; x_wconf 81' lang='grc' dir='ltr'><strong>με,</strong></span> <span class='ocrx_word' id='word_1_157' title='bbox 3290 1420 3445 1489; x_wconf 81' lang='grc' dir='ltr'>μηδὲ</span> <span class='ocrx_word' id='word_1_158' title='bbox 3474 1421 3557 1489; x_wconf 74' lang='grc' dir='ltr'>τῇ</span> 
     </span>
    </p>
   </div>
   <div class='ocr_carea' id='block_1_30' title="bbox 1973 1505 3550 1579">
    <p class='ocr_par' dir='ltr' id='par_1_30' title="bbox 1973 1505 3550 1579">
     <span class='ocr_line' id='line_1_30' title="bbox 1973 1505 3550 1579; baseline 0.005 -22"><span class='ocrx_word' id='word_1_159' title='bbox 1973 1505 2120 1575; x_wconf 75' lang='grc' dir='ltr'>ὀργῆ</span> <span class='ocrx_word' id='word_1_160' title='bbox 2148 1522 2263 1561; x_wconf 86' lang='grc' dir='ltr'><strong>σου</strong></span> <span class='ocrx_word' id='word_1_161' title='bbox 2295 1506 2629 1576; x_wconf 79' lang='grc' dir='ltr'>παιδεύσῃς</span> <span class='ocrx_word' id='word_1_162' title='bbox 2660 1524 2755 1575; x_wconf 84' lang='grc' dir='ltr'><strong>με.</strong></span> <span class='ocrx_word' id='word_1_163' title='bbox 2809 1506 2907 1579; x_wconf 80' lang='grc' dir='ltr'><strong>[υἱ</strong></span> <span class='ocrx_word' id='word_1_164' title='bbox 2933 1512 3053 1573; x_wconf 82' lang='grc' dir='ltr'>ταῖς</span> <span class='ocrx_word' id='word_1_165' title='bbox 3083 1509 3334 1563; x_wconf 79' lang='grc' dir='ltr'>κολάσεσι</span> <span class='ocrx_word' id='word_1_166' title='bbox 3363 1510 3550 1564; x_wconf 84' lang='grc' dir='ltr'>διακο-</span> 
     </span>
    </p>
   </div>
   <div class='ocr_carea' id='block_1_31' title="bbox 302 1596 1893 1674">
    <p class='ocr_par' dir='ltr' id='par_1_31' title="bbox 302 1600 1867 1674">
     <span class='ocr_line' id='line_1_31' title="bbox 302 1600 1867 1674; baseline 0.001 -17"><span class='ocrx_word' id='word_1_167' title='bbox 302 1600 542 1661; x_wconf 75' lang='lat' dir='ltr'><strong>ferendis</strong></span> <span class='ocrx_word' id='word_1_168' title='bbox 591 1602 957 1673; x_wconf 79' lang='lat' dir='ltr'><strong>deputantur,</strong></span> <span class='ocrx_word' id='word_1_169' title='bbox 1007 1614 1061 1660; x_wconf 91' lang='lat' dir='ltr'><strong>et</strong></span> <span class='ocrx_word' id='word_1_170' title='bbox 1113 1604 1335 1660; x_wconf 83' lang='lat' dir='ltr'><strong>ultrices</strong></span> <span class='ocrx_word' id='word_1_171' title='bbox 1384 1614 1713 1674; x_wconf 85' lang='lat' dir='ltr'><strong>potestates,</strong></span> <span class='ocrx_word' id='word_1_172' title='bbox 1774 1605 1867 1661; x_wconf 63' lang='lat' dir='ltr'><strong>Dei</strong></span> 
     </span>
    </p>
   </div>
   <div class='ocr_carea' id='block_1_32' title="bbox 2021 1596 3551 1674">
    <p class='ocr_par' dir='ltr' id='par_1_32' title="bbox 2021 1596 3551 1671">
     <span class='ocr_line' id='line_1_32' title="bbox 2021 1596 3551 1671; baseline 0.005 -24"><span class='ocrx_word' id='word_1_173' title='bbox 2021 1596 2219 1667; x_wconf 75' lang='grc' dir='ltr'>›ύμενοι</span> <span class='ocrx_word' id='word_1_174' title='bbox 2245 1596 2517 1668; x_wconf 86' lang='grc' dir='ltr'>δαίμονες,</span> <span class='ocrx_word' id='word_1_175' title='bbox 2553 1598 2648 1651; x_wconf 71' lang='grc' dir='ltr'>καὶ</span> <span class='ocrx_word' id='word_1_176' title='bbox 2673 1599 2729 1652; x_wconf 78' lang='grc' dir='ltr'>αἱ</span> <span class='ocrx_word' id='word_1_177' title='bbox 2752 1600 3119 1669; x_wconf 74' lang='grc' dir='ltr'>τιμωρητικαὶ</span> <span class='ocrx_word' id='word_1_178' title='bbox 3144 1599 3421 1671; x_wconf 82' lang='grc' dir='ltr'>δυνάμεις,</span> <span class='ocrx_word' id='word_1_179' title='bbox 3452 1602 3551 1654; x_wconf 70' lang='grc' dir='ltr'>τοῦ</span> 
     </span>
    </p>
   </div>
   <div class='ocr_carea' id='block_1_33' title="bbox 301 1668 1893 1766">
    <p class='ocr_par' dir='ltr' id='par_1_33' title="bbox 301 1668 1865 1766">
     <span class='ocr_line' id='line_1_33' title="bbox 301 1668 1865 1766; baseline 0.002 -20"><span class='ocrx_word' id='word_1_180' title='bbox 301 1693 385 1747; x_wconf 89' lang='lat' dir='ltr'><strong>ira</strong></span> <span class='ocrx_word' id='word_1_181' title='bbox 428 1702 483 1748; x_wconf 87' lang='lat' dir='ltr'><strong>et</strong></span> <span class='ocrx_word' id='word_1_182' title='bbox 526 1668 680 1751; x_wconf 72' lang='lat' dir='ltr'><strong>furor</strong></span> <span class='ocrx_word' id='word_1_183' title='bbox 727 1668 1011 1751; x_wconf 84' lang='lat' dir='ltr'><strong>vocantur.</strong></span> <span class='ocrx_word' id='word_1_184' title='bbox 1043 1695 1323 1766; x_wconf 84' lang='lat' dir='ltr'><strong>Supplicat</strong></span> <span class='ocrx_word' id='word_1_185' title='bbox 1346 1668 1531 1765; x_wconf 73' lang='lat' dir='ltr'><strong>itaque</strong></span> <span class='ocrx_word' id='word_1_186' title='bbox 1557 1710 1625 1751; x_wconf 91' lang='lat' dir='ltr'><strong>ne</strong></span> <span class='ocrx_word' id='word_1_187' title='bbox 1654 1668 1865 1751; x_wconf 9' lang='lat' dir='ltr'><strong>armali-</strong></span> 
     </span>
    </p>
   </div>
   <div class='ocr_carea' id='block_1_34' title="bbox 2021 1668 3553 1766">
    <p class='ocr_par' dir='ltr' id='par_1_34' title="bbox 2021 1668 3553 1764">
     <span class='ocr_line' id='line_1_34' title="bbox 2021 1668 3553 1764; baseline 0.005 -25"><span class='ocrx_word' id='word_1_188' title='bbox 2021 1684 2107 1739; x_wconf 83' lang='grc' dir='ltr'>εοῦ</span> <span class='ocrx_word' id='word_1_189' title='bbox 2140 1687 2276 1760; x_wconf 83' lang='grc' dir='ltr'>ὀργὴ</span> <span class='ocrx_word' id='word_1_190' title='bbox 2301 1688 2397 1741; x_wconf 73' lang='grc' dir='ltr'>καὶ</span> <span class='ocrx_word' id='word_1_191' title='bbox 2430 1686 2598 1758; x_wconf 80' lang='grc' dir='ltr'>θυμὸς</span> <span class='ocrx_word' id='word_1_192' title='bbox 2626 1668 2909 1755; x_wconf 76' lang='grc' dir='ltr'>λέγονται.</span> <span class='ocrx_word' id='word_1_193' title='bbox 2949 1668 3201 1743; x_wconf 82' lang='grc' dir='ltr'>Ἱκετεύει</span> <span class='ocrx_word' id='word_1_194' title='bbox 3227 1668 3318 1747; x_wconf 74' lang='grc' dir='ltr'>οὖν</span> <span class='ocrx_word' id='word_1_195' title='bbox 3355 1692 3429 1764; x_wconf 81' lang='grc' dir='ltr'>μὴ</span> <span class='ocrx_word' id='word_1_196' title='bbox 3458 1693 3553 1747; x_wconf 73' lang='grc' dir='ltr'>διὰ</span> 
     </span>
    </p>
   </div>
   <div class='ocr_carea' id='block_1_35' title="bbox 300 1783 1865 1858">
    <p class='ocr_par' dir='ltr' id='par_1_35' title="bbox 300 1783 1865 1858">
     <span class='ocr_line' id='line_1_35' title="bbox 300 1783 1865 1858; baseline 0.002 -20"><span class='ocrx_word' id='word_1_197' title='bbox 300 1783 422 1853; x_wconf 83' lang='lat' dir='ltr'><strong>gnis</strong></span> <span class='ocrx_word' id='word_1_198' title='bbox 451 1784 744 1841; x_wconf 80' lang='lat' dir='ltr'><strong>virtutibus</strong></span> <span class='ocrx_word' id='word_1_199' title='bbox 783 1793 1076 1857; x_wconf 85' lang='lat' dir='ltr'><strong>arguatur,</strong></span> <span class='ocrx_word' id='word_1_200' title='bbox 1127 1802 1301 1858; x_wconf 86' lang='lat' dir='ltr'><strong>neque</strong></span> <span class='ocrx_word' id='word_1_201' title='bbox 1341 1796 1439 1857; x_wconf 85' lang='lat' dir='ltr'><strong>per</strong></span> <span class='ocrx_word' id='word_1_202' title='bbox 1473 1787 1865 1843; x_wconf 74' lang='lat' dir='ltr'><strong>immissionem</strong></span> 
     </span>
    </p>
   </div>
   <div class='ocr_carea' id='block_1_36' title="bbox 299 1875 1869 1950">
    <p class='ocr_par' dir='ltr' id='par_1_36' title="bbox 299 1875 1869 1950">
     <span class='ocr_line' id='line_1_36' title="bbox 299 1875 1869 1950; baseline 0.003 -20"><span class='ocrx_word' id='word_1_203' title='bbox 299 1875 617 1946; x_wconf 72' lang='lat' dir='ltr'><strong>angelorum</strong></span> <span class='ocrx_word' id='word_1_204' title='bbox 662 1878 932 1932; x_wconf 84' lang='lat' dir='ltr'><strong>malorum</strong></span> <span class='ocrx_word' id='word_1_205' title='bbox 962 1918 977 1942; x_wconf 89' lang='lat'><strong>,</strong></span> <span class='ocrx_word' id='word_1_206' title='bbox 1017 1879 1111 1935; x_wconf 83' lang='lat' dir='ltr'><strong>sed</strong></span> <span class='ocrx_word' id='word_1_207' title='bbox 1139 1895 1235 1950; x_wconf 89' lang='lat' dir='ltr'><strong>per</strong></span> <span class='ocrx_word' id='word_1_208' title='bbox 1261 1879 1523 1936; x_wconf 81' lang='lat' dir='ltr'><strong>salutaria</strong></span> <span class='ocrx_word' id='word_1_209' title='bbox 1553 1879 1713 1937; x_wconf 84' lang='lat' dir='ltr'><strong>verba</strong></span> <span class='ocrx_word' id='word_1_210' title='bbox 1746 1895 1869 1935; x_wconf 87' lang='lat' dir='ltr'><strong>cor—</strong></span> 
     </span>
    </p>
   </div>
   <div class='ocr_carea' id='block_1_37' title="bbox 300 1965 1867 2039">
    <p class='ocr_par' dir='ltr' id='par_1_37' title="bbox 300 1965 1867 2039">
     <span class='ocr_line' id='line_1_37' title="bbox 300 1965 1867 2039; baseline 0.004 -20"><span class='ocrx_word' id='word_1_211' title='bbox 300 1965 576 2039; x_wconf 84' lang='lat' dir='ltr'><strong>ripiatur.]</strong></span> <span class='ocrx_word' id='word_1_212' title='bbox 614 1966 854 2039; x_wconf 80' lang='lat' dir='ltr'><strong>Corripit</strong></span> <span class='ocrx_word' id='word_1_213' title='bbox 891 1983 992 2025; x_wconf 88' lang='lat' dir='ltr'><strong>nos</strong></span> <span class='ocrx_word' id='word_1_214' title='bbox 1026 1969 1287 2027; x_wconf 87' lang='lat' dir='ltr'><strong>Dominus</strong></span> <span class='ocrx_word' id='word_1_215' title='bbox 1309 2012 1323 2034; x_wconf 90' lang='lat'><strong>,</strong></span> <span class='ocrx_word' id='word_1_216' title='bbox 1354 1985 1479 2026; x_wconf 87' lang='lat' dir='ltr'><strong>enm</strong></span> <span class='ocrx_word' id='word_1_217' title='bbox 1524 1985 1627 2026; x_wconf 89' lang='lat' dir='ltr'><strong>nos</strong></span> <span class='ocrx_word' id='word_1_218' title='bbox 1659 1971 1725 2025; x_wconf 89' lang='lat' dir='ltr'><strong>ad</strong></span> <span class='ocrx_word' id='word_1_219' title='bbox 1754 1971 1867 2025; x_wconf 82' lang='lat' dir='ltr'><strong>vir-</strong></span> 
     </span>
    </p>
   </div>
   <div class='ocr_carea' id='block_1_38' title="bbox 300 2057 1868 2117">
    <p class='ocr_par' dir='ltr' id='par_1_38' title="bbox 300 2057 1868 2117">
     <span class='ocr_line' id='line_1_38' title="bbox 300 2057 1868 2117; baseline 0.002 -7"><span class='ocrx_word' id='word_1_220' title='bbox 300 2057 431 2112; x_wconf 83' lang='lat' dir='ltr'><strong>tutis</strong></span> <span class='ocrx_word' id='word_1_221' title='bbox 473 2058 906 2114; x_wconf 84' lang='lat' dir='ltr'><strong>recordationem</strong></span> <span class='ocrx_word' id='word_1_222' title='bbox 957 2059 1194 2115; x_wconf 85' lang='lat' dir='ltr'><strong>deducit.</strong></span> <span class='ocrx_word' id='word_1_223' title='bbox 1245 2060 1480 2116; x_wconf 87' lang='lat' dir='ltr'><strong>Sanctus</strong></span> <span class='ocrx_word' id='word_1_224' title='bbox 1526 2074 1706 2117; x_wconf 91' lang='lat' dir='ltr'><strong>autem</strong></span> <span class='ocrx_word' id='word_1_225' title='bbox 1758 2076 1868 2114; x_wconf 84' lang='lat' dir='ltr'><strong>non</strong></span> 
     </span>
    </p>
   </div>
   <div class='ocr_carea' id='block_1_39' title="bbox 298 2146 1866 2221">
    <p class='ocr_par' dir='ltr' id='par_1_39' title="bbox 298 2146 1866 2221">
     <span class='ocr_line' id='line_1_39' title="bbox 298 2146 1866 2221; baseline 0.003 -20"><span class='ocrx_word' id='word_1_226' title='bbox 298 2146 735 2219; x_wconf 79' lang='lat' dir='ltr'><strong>redargutionem</strong></span> <span class='ocrx_word' id='word_1_227' title='bbox 768 2158 863 2203; x_wconf 89' lang='lat' dir='ltr'><strong>aut</strong></span> <span class='ocrx_word' id='word_1_228' title='bbox 882 2151 1281 2207; x_wconf 82' lang='lat' dir='ltr'><strong>correctionem</strong></span> <span class='ocrx_word' id='word_1_229' title='bbox 1310 2151 1562 2221; x_wconf 79' lang='lat' dir='ltr'><strong>repudiat</strong></span> <span class='ocrx_word' id='word_1_230' title='bbox 1589 2168 1602 2205; x_wconf 91' lang='lat'><strong>:</strong></span> <span class='ocrx_word' id='word_1_231' title='bbox 1632 2152 1723 2207; x_wconf 79' lang='lat' dir='ltr'><strong>sed</strong></span> <span class='ocrx_word' id='word_1_232' title='bbox 1745 2166 1866 2207; x_wconf 87' lang='lat' dir='ltr'><strong>eam</strong></span> 
     </span>
    </p>
   </div>
   <div class='ocr_carea' id='block_1_40' title="bbox 297 2239 1423 2311">
    <p class='ocr_par' dir='ltr' id='par_1_40' title="bbox 297 2239 1423 2311">
     <span class='ocr_line' id='line_1_40' title="bbox 297 2239 1423 2311; baseline 0.004 -20"><span class='ocrx_word' id='word_1_233' title='bbox 297 2252 420 2306; x_wconf 67' lang='lat' dir='ltr'><strong>quae</strong></span> <span class='ocrx_word' id='word_1_234' title='bbox 448 2253 573 2294; x_wconf 89' lang='lat' dir='ltr'><strong>eum</strong></span> <span class='ocrx_word' id='word_1_235' title='bbox 605 2240 687 2301; x_wconf 85' lang='lat' dir='ltr'><strong>ira</strong></span> <span class='ocrx_word' id='word_1_236' title='bbox 709 2248 764 2293; x_wconf 87' lang='lat' dir='ltr'><strong>et</strong></span> <span class='ocrx_word' id='word_1_237' title='bbox 793 2239 977 2294; x_wconf 80' lang='lat' dir='ltr'><strong>furore</strong></span> <span class='ocrx_word' id='word_1_238' title='bbox 1007 2242 1298 2311; x_wconf 79' lang='lat' dir='ltr'><strong>conjuncta</strong></span> <span class='ocrx_word' id='word_1_239' title='bbox 1332 2242 1423 2296; x_wconf 76' lang='lat' dir='ltr'><strong>sit.</strong></span> 
     </span>
    </p>
   </div>
   <div class='ocr_carea' id='block_1_41' title="bbox 369 2328 1868 2405">
    <p class='ocr_par' dir='ltr' id='par_1_41' title="bbox 369 2328 1868 2405">
     <span class='ocr_line' id='line_1_41' title="bbox 369 2328 1868 2405; baseline 0.005 -23"><span class='ocrx_word' id='word_1_240' title='bbox 369 2328 423 2383; x_wconf 77' lang='lat'><strong>5.</strong></span> <span class='ocrx_word' id='word_1_241' title='bbox 449 2329 709 2395; x_wconf 81' lang='lat' dir='ltr'><strong>Quoniam</strong></span> <span class='ocrx_word' id='word_1_242' title='bbox 738 2334 948 2401; x_wconf 73' lang='lat' dir='ltr'><strong>sag’tta:</strong></span> <span class='ocrx_word' id='word_1_243' title='bbox 972 2334 1276 2401; x_wconf 66' lang='lat' dir='ltr'><strong>tumin/ﬁxa:</strong></span> <span class='ocrx_word' id='word_1_244' title='bbox 1299 2343 1420 2387; x_wconf 79' lang='lat' dir='ltr'><strong>sunt</strong></span> <span class='ocrx_word' id='word_1_245' title='bbox 1447 2335 1598 2390; x_wconf 82' lang='lat' dir='ltr'><strong>mihi.</strong></span> <span class='ocrx_word' id='word_1_246' title='bbox 1627 2332 1868 2405; x_wconf 82' lang='lat' dir='ltr'><strong>Sagittas</strong></span> 
     </span>
    </p>
   </div>
   <div class='ocr_carea' id='block_1_42' title="bbox 296 2420 1869 2493">
    <p class='ocr_par' dir='ltr' id='par_1_42' title="bbox 296 2420 1869 2493">
     <span class='ocr_line' id='line_1_42' title="bbox 296 2420 1869 2493; baseline 0.005 -20"><span class='ocrx_word' id='word_1_247' title='bbox 296 2427 456 2475; x_wconf 83' lang='lat' dir='ltr'><strong>vocat</strong></span> <span class='ocrx_word' id='word_1_248' title='bbox 493 2420 713 2478; x_wconf 84' lang='lat' dir='ltr'><strong>ultrices</strong></span> <span class='ocrx_word' id='word_1_249' title='bbox 748 2431 1067 2491; x_wconf 81' lang='lat' dir='ltr'><strong>potestates.</strong></span> <span class='ocrx_word' id='word_1_250' title='bbox 1117 2422 1186 2476; x_wconf 83' lang='lat' dir='ltr'><strong>Et</strong></span> <span class='ocrx_word' id='word_1_251' title='bbox 1227 2425 1554 2493; x_wconf 79' lang='lat' dir='ltr'><strong>conﬁrmasti</strong></span> <span class='ocrx_word' id='word_1_252' title='bbox 1589 2440 1743 2493; x_wconf 80' lang='lat' dir='ltr'><strong>super</strong></span> <span class='ocrx_word' id='word_1_253' title='bbox 1788 2442 1869 2481; x_wconf 87' lang='lat' dir='ltr'><strong>me</strong></span> 
     </span>
    </p>
   </div>
   <div class='ocr_carea' id='block_1_43' title="bbox 297 2511 1870 2586">
    <p class='ocr_par' dir='ltr' id='par_1_43' title="bbox 297 2511 1870 2586">
     <span class='ocr_line' id='line_1_43' title="bbox 297 2511 1870 2586; baseline 0.006 -24"><span class='ocrx_word' id='word_1_254' title='bbox 297 2526 514 2564; x_wconf 78' lang='lat' dir='ltr'><strong>manum</strong></span> <span class='ocrx_word' id='word_1_255' title='bbox 535 2521 704 2567; x_wconf 85' lang='lat' dir='ltr'><strong>tuam.</strong></span> <span class='ocrx_word' id='word_1_256' title='bbox 745 2511 945 2582; x_wconf 80' lang='lat' dir='ltr'><strong>Tetigit</strong></span> <span class='ocrx_word' id='word_1_257' title='bbox 974 2529 1061 2567; x_wconf 83' lang='lat' dir='ltr'><strong>me</strong></span> <span class='ocrx_word' id='word_1_258' title='bbox 1084 2553 1099 2578; x_wconf 88' lang='lat'><strong>,</strong></span> <span class='ocrx_word' id='word_1_259' title='bbox 1130 2514 1340 2582; x_wconf 81' lang='lat' dir='ltr'><strong>inquit,</strong></span> <span class='ocrx_word' id='word_1_260' title='bbox 1380 2530 1577 2571; x_wconf 85' lang='lat' dir='ltr'><strong>manus</strong></span> <span class='ocrx_word' id='word_1_261' title='bbox 1602 2526 1716 2583; x_wconf 84' lang='lat' dir='ltr'><strong>tua,</strong></span> <span class='ocrx_word' id='word_1_262' title='bbox 1748 2532 1870 2586; x_wconf 84' lang='lat' dir='ltr'><strong>pec-</strong></span> 
     </span>
    </p>
   </div>
   <div class='ocr_carea' id='block_1_44' title="bbox 298 2600 961 2671">
    <p class='ocr_par' dir='ltr' id='par_1_44' title="bbox 298 2600 961 2671">
     <span class='ocr_line' id='line_1_44' title="bbox 298 2600 961 2671; baseline 0 -16"><span class='ocrx_word' id='word_1_263' title='bbox 298 2600 405 2655; x_wconf 81' lang='lat' dir='ltr'><strong>cati</strong></span> <span class='ocrx_word' id='word_1_264' title='bbox 433 2616 600 2656; x_wconf 87' lang='lat' dir='ltr'><strong>causa</strong></span> <span class='ocrx_word' id='word_1_265' title='bbox 638 2601 961 2671; x_wconf 84' lang='lat' dir='ltr'><strong>corripiens.</strong></span> 
     </span>
    </p>
   </div>
   <div class='ocr_carea' id='block_1_45' title="bbox 366 2690 1865 2765">
    <p class='ocr_par' dir='ltr' id='par_1_45' title="bbox 366 2690 1865 2765">
     <span class='ocr_line' id='line_1_45' title="bbox 366 2690 1865 2765; baseline 0.005 -20"><span class='ocrx_word' id='word_1_266' title='bbox 366 2691 421 2746; x_wconf 76' lang='grc'>4.</span> <span class='ocrx_word' id='word_1_267' title='bbox 454 2690 577 2746; x_wconf 86' lang='lat' dir='ltr'><strong>Non</strong></span> <span class='ocrx_word' id='word_1_268' title='bbox 605 2702 686 2746; x_wconf 83' lang='lat' dir='ltr'><strong>est</strong></span> <span class='ocrx_word' id='word_1_269' title='bbox 713 2694 916 2747; x_wconf 81' lang='lat' dir='ltr'><strong>sanitas</strong></span> <span class='ocrx_word' id='word_1_270' title='bbox 946 2695 999 2747; x_wconf 85' lang='lat' dir='ltr'><strong>in</strong></span> <span class='ocrx_word' id='word_1_271' title='bbox 1041 2711 1196 2749; x_wconf 86' lang='lat' dir='ltr'><strong>carne</strong></span> <span class='ocrx_word' id='word_1_272' title='bbox 1224 2711 1337 2749; x_wconf 88' lang='lat' dir='ltr'><strong>mea</strong></span> <span class='ocrx_word' id='word_1_273' title='bbox 1379 2712 1411 2749; x_wconf 88' lang='lat' dir='ltr'><strong>a</strong></span> <span class='ocrx_word' id='word_1_274' title='bbox 1452 2695 1589 2765; x_wconf 79' lang='lat' dir='ltr'><strong>facie</strong></span> <span class='ocrx_word' id='word_1_275' title='bbox 1615 2697 1711 2752; x_wconf 69' lang='lat' dir='ltr'><strong>ira</strong></span> <span class='ocrx_word' id='word_1_276' title='bbox 1740 2706 1865 2753; x_wconf 76' lang='lat' dir='ltr'><strong>tute.</strong></span> 
     </span>
    </p>
   </div>
   <div class='ocr_carea' id='block_1_46' title="bbox 296 2782 1864 2853">
    <p class='ocr_par' dir='ltr' id='par_1_46' title="bbox 296 2782 1864 2853">
     <span class='ocr_line' id='line_1_46' title="bbox 296 2782 1864 2853; baseline 0.004 -16"><span class='ocrx_word' id='word_1_277' title='bbox 296 2782 393 2837; x_wconf 23' lang='lat' dir='ltr'><strong>ira.</strong></span> <span class='ocrx_word' id='word_1_278' title='bbox 414 2792 503 2837; x_wconf 90' lang='lat' dir='ltr'><strong>tua</strong></span> <span class='ocrx_word' id='word_1_279' title='bbox 540 2783 826 2853; x_wconf 80' lang='lat' dir='ltr'><strong>ingruente</strong></span> <span class='ocrx_word' id='word_1_280' title='bbox 871 2785 1042 2852; x_wconf 90' lang='lat' dir='ltr'><strong>mihi,</strong></span> <span class='ocrx_word' id='word_1_281' title='bbox 1072 2785 1394 2841; x_wconf 76' lang='lat' dir='ltr'><strong>labefactata</strong></span> <span class='ocrx_word' id='word_1_282' title='bbox 1433 2796 1516 2843; x_wconf 88' lang='lat' dir='ltr'><strong>est</strong></span> <span class='ocrx_word' id='word_1_283' title='bbox 1545 2802 1676 2842; x_wconf 86' lang='lat' dir='ltr'><strong>caro</strong></span> <span class='ocrx_word' id='word_1_284' title='bbox 1724 2803 1864 2845; x_wconf 86' lang='lat' dir='ltr'><strong>mea.</strong></span> 
     </span>
    </p>
   </div>
   <div class='ocr_carea' id='block_1_47' title="bbox 299 2868 1869 2945">
    <p class='ocr_par' dir='ltr' id='par_1_47' title="bbox 299 2868 1869 2945">
     <span class='ocr_line' id='line_1_47' title="bbox 299 2868 1869 2945; baseline 0.006 -23"><span class='ocrx_word' id='word_1_285' title='bbox 299 2868 366 2923; x_wconf 72' lang='lat' dir='ltr'><strong>Et</strong></span> <span class='ocrx_word' id='word_1_286' title='bbox 387 2886 491 2924; x_wconf 81' lang='lat' dir='ltr'><strong>uott</strong></span> <span class='ocrx_word' id='word_1_287' title='bbox 518 2880 595 2924; x_wconf 85' lang='lat' dir='ltr'><strong>est</strong></span> <span class='ocrx_word' id='word_1_288' title='bbox 614 2887 722 2940; x_wconf 68' lang='lat' dir='ltr'><strong>pas:</strong></span> <span class='ocrx_word' id='word_1_289' title='bbox 746 2872 950 2926; x_wconf 80' lang='lat' dir='ltr'><strong>ossibus</strong></span> <span class='ocrx_word' id='word_1_290' title='bbox 984 2874 1111 2929; x_wconf 87' lang='lat' dir='ltr'><strong>meis</strong></span> <span class='ocrx_word' id='word_1_291' title='bbox 1140 2891 1173 2928; x_wconf 91' lang='lat' dir='ltr'><strong>a</strong></span> <span class='ocrx_word' id='word_1_292' title='bbox 1202 2874 1340 2944; x_wconf 79' lang='lat' dir='ltr'><strong>facie</strong></span> <span class='ocrx_word' id='word_1_293' title='bbox 1372 2886 1702 2945; x_wconf 76' lang='lat' dir='ltr'><strong>peccatorum</strong></span> <span class='ocrx_word' id='word_1_294' title='bbox 1724 2893 1869 2931; x_wconf 85' lang='lat' dir='ltr'><strong>meo-</strong></span> 
     </span>
    </p>
   </div>
   <div class='ocr_carea' id='block_1_48' title="bbox 1974 1776 3552 1855">
    <p class='ocr_par' dir='ltr' id='par_1_48' title="bbox 1974 1776 3552 1855">
     <span class='ocr_line' id='line_1_48' title="bbox 1974 1776 3552 1855; baseline 0.006 -26"><span class='ocrx_word' id='word_1_295' title='bbox 1974 1778 2235 1848; x_wconf 74' lang='grc' dir='ltr'>πονηρῶν</span> <span class='ocrx_word' id='word_1_296' title='bbox 2254 1776 2536 1847; x_wconf 81' lang='grc' dir='ltr'>δυνάμεων</span> <span class='ocrx_word' id='word_1_297' title='bbox 2583 1777 2936 1850; x_wconf 75' lang='grc' dir='ltr'>ἐλεγχθῆναι,</span> <span class='ocrx_word' id='word_1_298' title='bbox 2973 1781 3105 1852; x_wconf 70' lang='grc' dir='ltr'>μηδὲ</span> <span class='ocrx_word' id='word_1_299' title='bbox 3148 1782 3214 1835; x_wconf 78' lang='grc' dir='ltr'><strong>δι’</strong></span> <span class='ocrx_word' id='word_1_300' title='bbox 3247 1783 3552 1855; x_wconf 75' lang='grc' dir='ltr'>ἀποστολῆς</span> 
     </span>
    </p>
   </div>
   <div class='ocr_carea' id='block_1_49' title="bbox 1970 1868 3559 1945">
    <p class='ocr_par' dir='ltr' id='par_1_49' title="bbox 1970 1868 3559 1945">
     <span class='ocr_line' id='line_1_49' title="bbox 1970 1868 3559 1945; baseline 0.007 -25"><span class='ocrx_word' id='word_1_301' title='bbox 1970 1868 2214 1937; x_wconf 79' lang='grc' dir='ltr'>ἀγγέλων</span> <span class='ocrx_word' id='word_1_302' title='bbox 2247 1868 2586 1940; x_wconf 75' lang='grc' dir='ltr'>σκυθρωπῶν</span> <span class='ocrx_word' id='word_1_303' title='bbox 2620 1871 3011 1943; x_wconf 82' lang='grc' dir='ltr'>παιδευθῆναι,</span> <span class='ocrx_word' id='word_1_304' title='bbox 3061 1873 3198 1929; x_wconf 88' lang='grc' dir='ltr'><strong>ἀλλά</strong></span> <span class='ocrx_word' id='word_1_305' title='bbox 3239 1876 3326 1929; x_wconf 84' lang='grc' dir='ltr'><strong>διὰ</strong></span> <span class='ocrx_word' id='word_1_306' title='bbox 3373 1877 3559 1945; x_wconf 68' lang='grc' dir='ltr'>λόγων</span> 
     </span>
    </p>
   </div>
   <div class='ocr_carea' id='block_1_50' title="bbox 1969 1957 3555 2037">
    <p class='ocr_par' dir='ltr' id='par_1_50' title="bbox 1969 1957 3555 2037">
     <span class='ocr_line' id='line_1_50' title="bbox 1969 1957 3555 2037; baseline 0.006 -26"><span class='ocrx_word' id='word_1_307' title='bbox 1969 1957 2317 2031; x_wconf 85' lang='grc' dir='ltr'>σωτηρίων.]</span> <span class='ocrx_word' id='word_1_308' title='bbox 2354 1959 2606 2015; x_wconf 77' lang='grc' dir='ltr'>Παιδεύει</span> <span class='ocrx_word' id='word_1_309' title='bbox 2636 1962 2781 2030; x_wconf 76' lang='grc' dir='ltr'>ἡμᾶς</span> <span class='ocrx_word' id='word_1_310' title='bbox 2811 1964 2839 2017; x_wconf 75' lang='grc' dir='ltr'>ὁ</span> <span class='ocrx_word' id='word_1_311' title='bbox 2863 1964 3085 2035; x_wconf 82' lang='grc' dir='ltr'>Κύριος.</span> <span class='ocrx_word' id='word_1_312' title='bbox 3130 1968 3210 2028; x_wconf 83' lang='grc' dir='ltr'><strong>εἰς</strong></span> <span class='ocrx_word' id='word_1_313' title='bbox 3243 1966 3555 2037; x_wconf 70' lang='grc' dir='ltr'>ἀνάμνησιν</span> 
     </span>
    </p>
   </div>
   <div class='ocr_carea' id='block_1_51' title="bbox 1968 2048 3551 2131">
    <p class='ocr_par' dir='ltr' id='par_1_51' title="bbox 1968 2048 3551 2131">
     <span class='ocr_line' id='line_1_51' title="bbox 1968 2048 3551 2131; baseline 0.006 -30"><span class='ocrx_word' id='word_1_314' title='bbox 1968 2048 2116 2117; x_wconf 80' lang='grc' dir='ltr'>ἄγων</span> <span class='ocrx_word' id='word_1_315' title='bbox 2140 2049 2240 2120; x_wconf 81' lang='grc' dir='ltr'>τῆς</span> <span class='ocrx_word' id='word_1_316' title='bbox 2275 2050 2496 2121; x_wconf 82' lang='grc' dir='ltr'>ἀρετῆς.</span> <span class='ocrx_word' id='word_1_317' title='bbox 2528 2053 2587 2106; x_wconf 86' lang='grc' dir='ltr'><strong>Ὀ</strong></span> <span class='ocrx_word' id='word_1_318' title='bbox 2625 2052 2681 2107; x_wconf 70' lang='grc' dir='ltr'>δὲ</span> <span class='ocrx_word' id='word_1_319' title='bbox 2720 2056 2874 2122; x_wconf 83' lang='grc' dir='ltr'>ἆγιος</span> <span class='ocrx_word' id='word_1_320' title='bbox 2913 2056 2975 2108; x_wconf 81' lang='grc' dir='ltr'>οὐ</span> <span class='ocrx_word' id='word_1_321' title='bbox 3013 2057 3103 2110; x_wconf 80' lang='grc' dir='ltr'>τὸν</span> <span class='ocrx_word' id='word_1_322' title='bbox 3130 2057 3347 2128; x_wconf 80' lang='grc' dir='ltr'>ἔλεγχον</span> <span class='ocrx_word' id='word_1_323' title='bbox 3383 2059 3415 2131; x_wconf 79' lang='grc' dir='ltr'>ἢ</span> <span class='ocrx_word' id='word_1_324' title='bbox 3449 2060 3551 2130; x_wconf 73' lang='grc' dir='ltr'>τὴν</span> 
     </span>
    </p>
   </div>
   <div class='ocr_carea' id='block_1_52' title="bbox 1976 2139 3552 2220">
    <p class='ocr_par' dir='ltr' id='par_1_52' title="bbox 1976 2139 3552 2220">
     <span class='ocr_line' id='line_1_52' title="bbox 1976 2139 3552 2220; baseline 0.008 -29"><span class='ocrx_word' id='word_1_325' title='bbox 1976 2139 2226 2194; x_wconf 79' lang='grc' dir='ltr'>παιδείαν</span> <span class='ocrx_word' id='word_1_326' title='bbox 2285 2145 2663 2212; x_wconf 82' lang='grc' dir='ltr'>παραιτεῖται,</span> <span class='ocrx_word' id='word_1_327' title='bbox 2718 2146 2853 2199; x_wconf 77' lang='grc' dir='ltr'>ἀλλὰ</span> <span class='ocrx_word' id='word_1_328' title='bbox 2905 2146 3004 2217; x_wconf 78' lang='grc' dir='ltr'>τὴν</span> <span class='ocrx_word' id='word_1_329' title='bbox 3058 2148 3173 2217; x_wconf 77' lang='grc' dir='ltr'>μετ’</span> <span class='ocrx_word' id='word_1_330' title='bbox 3235 2149 3403 2220; x_wconf 81' lang='grc' dir='ltr'>ὀργῆς</span> <span class='ocrx_word' id='word_1_331' title='bbox 3455 2152 3552 2203; x_wconf 75' lang='grc' dir='ltr'>καὶ</span> 
     </span>
    </p>
   </div>
   <div class='ocr_carea' id='block_1_53' title="bbox 1972 2230 2543 2302">
    <p class='ocr_par' dir='ltr' id='par_1_53' title="bbox 1972 2230 2543 2302">
     <span class='ocr_line' id='line_1_53' title="bbox 1972 2230 2543 2302; baseline 0.002 -17"><span class='ocrx_word' id='word_1_332' title='bbox 1972 2230 2168 2302; x_wconf 82' lang='grc' dir='ltr'>θυμοῦ.</span> <span class='ocrx_word' id='word_1_333' title='bbox 2539 2296 2543 2300; x_wconf 92' lang='lat'>_</span> 
     </span>
    </p>
   </div>
   <div class='ocr_carea' id='block_1_54' title="bbox 2044 2323 3555 2404">
    <p class='ocr_par' dir='ltr' id='par_1_54' title="bbox 2044 2323 3555 2404">
     <span class='ocr_line' id='line_1_54' title="bbox 2044 2323 3555 2404; baseline 0.007 -30"><span class='ocrx_word' id='word_1_334' title='bbox 2044 2323 2161 2376; x_wconf 83' lang='grc' dir='ltr'>Ὅτι</span> <span class='ocrx_word' id='word_1_335' title='bbox 2188 2324 2263 2378; x_wconf 80' lang='grc' dir='ltr'>τὰ</span> <span class='ocrx_word' id='word_1_336' title='bbox 2285 2324 2442 2393; x_wconf 75' lang='grc' dir='ltr'>,ϐέλη</span> <span class='ocrx_word' id='word_1_337' title='bbox 2473 2342 2588 2381; x_wconf 89' lang='grc' dir='ltr'><strong>σου</strong></span> <span class='ocrx_word' id='word_1_338' title='bbox 2618 2328 3001 2398; x_wconf 77' lang='grc' dir='ltr'>ὲνεπὰγησάν</span> <span class='ocrx_word' id='word_1_339' title='bbox 3026 2348 3148 2399; x_wconf 82' lang='grc' dir='ltr'>μοι.</span> <span class='ocrx_word' id='word_1_340' title='bbox 3181 2331 3319 2404; x_wconf 81' lang='grc' dir='ltr'>Βὲλη</span> <span class='ocrx_word' id='word_1_341' title='bbox 3349 2331 3445 2395; x_wconf 78' lang='grc' dir='ltr'>τὰς</span> <span class='ocrx_word' id='word_1_342' title='bbox 3470 2350 3555 2385; x_wconf 84' lang='grc' dir='ltr'>τι-</span> 
     </span>
    </p>
   </div>
   <div class='ocr_carea' id='block_1_55' title="bbox 1971 2414 3555 2492">
    <p class='ocr_par' dir='ltr' id='par_1_55' title="bbox 1971 2414 3555 2492">
     <span class='ocr_line' id='line_1_55' title="bbox 1971 2414 3555 2492; baseline 0.005 -25"><span class='ocrx_word' id='word_1_343' title='bbox 1971 2414 2288 2485; x_wconf 82' lang='grc' dir='ltr'>μωρητικὰς</span> <span class='ocrx_word' id='word_1_344' title='bbox 2309 2415 2564 2487; x_wconf 84' lang='grc' dir='ltr'>δυνάμεις</span> <span class='ocrx_word' id='word_1_345' title='bbox 2586 2417 2738 2489; x_wconf 84' lang='grc' dir='ltr'>φησί.</span> <span class='ocrx_word' id='word_1_346' title='bbox 2779 2420 2885 2473; x_wconf 71' lang='grc' dir='ltr'><strong>Καὶ</strong></span> <span class='ocrx_word' id='word_1_347' title='bbox 2912 2420 3306 2489; x_wconf 73' lang='grc' dir='ltr'>ὲπεστήριξας</span> <span class='ocrx_word' id='word_1_348' title='bbox 3326 2422 3417 2475; x_wconf 76' lang='grc' dir='ltr'><strong>ἐπ’</strong></span> <span class='ocrx_word' id='word_1_349' title='bbox 3445 2423 3555 2492; x_wconf 79' lang='grc' dir='ltr'><strong>ἐμὲ</strong></span> 
     </span>
    </p>
   </div>
   <div class='ocr_carea' id='block_1_56' title="bbox 1968 2504 3549 2583">
    <p class='ocr_par' dir='ltr' id='par_1_56' title="bbox 1968 2504 3549 2583">
     <span class='ocr_line' id='line_1_56' title="bbox 1968 2504 3549 2583; baseline 0.004 -25"><span class='ocrx_word' id='word_1_350' title='bbox 1968 2504 2082 2573; x_wconf 81' lang='grc' dir='ltr'>τὴν</span> <span class='ocrx_word' id='word_1_351' title='bbox 2120 2505 2290 2575; x_wconf 81' lang='grc' dir='ltr'>χεῖρά</span> <span class='ocrx_word' id='word_1_352' title='bbox 2329 2522 2463 2561; x_wconf 85' lang='grc' dir='ltr'>σου.</span> <span class='ocrx_word' id='word_1_353' title='bbox 2490 2507 2789 2580; x_wconf 79' lang='grc' dir='ltr'>Καθὴψατό</span> <span class='ocrx_word' id='word_1_354' title='bbox 2834 2526 2933 2580; x_wconf 88' lang='grc' dir='ltr'><strong>μου</strong></span> <span class='ocrx_word' id='word_1_355' title='bbox 2954 2551 2967 2573; x_wconf 93' lang='grc'><strong>,</strong></span> <span class='ocrx_word' id='word_1_356' title='bbox 2997 2512 3159 2580; x_wconf 68' lang='grc' dir='ltr'>φησιν</span> <span class='ocrx_word' id='word_1_357' title='bbox 3178 2552 3192 2577; x_wconf 90' lang='grc'><strong>,</strong></span> <span class='ocrx_word' id='word_1_358' title='bbox 3219 2514 3252 2583; x_wconf 79' lang='grc' dir='ltr'><strong>ἡ</strong></span> <span class='ocrx_word' id='word_1_359' title='bbox 3280 2513 3399 2583; x_wconf 86' lang='grc' dir='ltr'>χείρ</span> <span class='ocrx_word' id='word_1_360' title='bbox 3428 2528 3518 2565; x_wconf 87' lang='grc' dir='ltr'><strong>σου</strong></span> <span class='ocrx_word' id='word_1_361' title='bbox 3536 2554 3549 2574; x_wconf 88' lang='grc'><strong>,</strong></span> 
     </span>
    </p>
   </div>
   <div class='ocr_carea' id='block_1_57' title="bbox 1970 2596 2921 2667">
    <p class='ocr_par' dir='ltr' id='par_1_57' title="bbox 1970 2596 2921 2667">
     <span class='ocr_line' id='line_1_57' title="bbox 1970 2596 2921 2667; baseline 0.005 -18"><span class='ocrx_word' id='word_1_362' title='bbox 1970 2596 2110 2667; x_wconf 74' lang='grc' dir='ltr'>ὑπὲρ</span> <span class='ocrx_word' id='word_1_363' title='bbox 2138 2598 2236 2667; x_wconf 79' lang='grc' dir='ltr'>τῆς</span> <span class='ocrx_word' id='word_1_364' title='bbox 2271 2598 2541 2667; x_wconf 81' lang='grc' dir='ltr'>ἁμαρτίας</span> <span class='ocrx_word' id='word_1_365' title='bbox 2573 2598 2921 2654; x_wconf 83' lang='grc' dir='ltr'>παιδεύουσα.</span> 
     </span>
    </p>
   </div>
   <div class='ocr_carea' id='block_1_58' title="bbox 2035 2689 3554 2763">
    <p class='ocr_par' dir='ltr' id='par_1_58' title="bbox 2035 2689 3554 2763">
     <span class='ocr_line' id='line_1_58' title="bbox 2035 2689 3554 2763; baseline 0.003 -20"><span class='ocrx_word' id='word_1_366' title='bbox 2035 2692 2157 2744; x_wconf 83' lang='grc' dir='ltr'><strong>Οὐκ</strong></span> <span class='ocrx_word' id='word_1_367' title='bbox 2194 2689 2365 2744; x_wconf 81' lang='grc' dir='ltr'>ἐστιν</span> <span class='ocrx_word' id='word_1_368' title='bbox 2397 2691 2558 2757; x_wconf 79' lang='grc' dir='ltr'>ἴασις</span> <span class='ocrx_word' id='word_1_369' title='bbox 2614 2690 2684 2745; x_wconf 80' lang='grc' dir='ltr'>ὲν</span> <span class='ocrx_word' id='word_1_370' title='bbox 2729 2690 2803 2763; x_wconf 80' lang='grc' dir='ltr'>τῇ</span> <span class='ocrx_word' id='word_1_371' title='bbox 2833 2693 3014 2761; x_wconf 86' lang='grc' dir='ltr'>σαρκί</span> <span class='ocrx_word' id='word_1_372' title='bbox 3047 2710 3166 2762; x_wconf 82' lang='grc' dir='ltr'><strong>μου</strong></span> <span class='ocrx_word' id='word_1_373' title='bbox 3206 2693 3321 2747; x_wconf 78' lang='grc' dir='ltr'>ἀπὸ</span> <span class='ocrx_word' id='word_1_374' title='bbox 3361 2708 3554 2762; x_wconf 80' lang='grc' dir='ltr'>προσ-</span> 
     </span>
    </p>
   </div>
   <div class='ocr_carea' id='block_1_59' title="bbox 1968 2781 3547 2864">
    <p class='ocr_par' dir='ltr' id='par_1_59' title="bbox 1968 2781 3547 2864">
     <span class='ocr_line' id='line_1_59' title="bbox 1968 2781 3547 2864; baseline 0.003 -31"><span class='ocrx_word' id='word_1_375' title='bbox 1968 2781 2135 2837; x_wconf 85' lang='grc' dir='ltr'>ώπου</span> <span class='ocrx_word' id='word_1_376' title='bbox 2158 2781 2267 2851; x_wconf 80' lang='grc' dir='ltr'>τῆς</span> <span class='ocrx_word' id='word_1_377' title='bbox 2290 2782 2471 2854; x_wconf 73' lang='grc' dir='ltr'>ὀργῆς</span> <span class='ocrx_word' id='word_1_378' title='bbox 2487 2798 2626 2838; x_wconf 89' lang='grc' dir='ltr'>σου.</span> <span class='ocrx_word' id='word_1_379' title='bbox 2645 2784 2972 2855; x_wconf 80' lang='grc' dir='ltr'>Λελώὸημαι</span> <span class='ocrx_word' id='word_1_380' title='bbox 2998 2784 3094 2855; x_wconf 81' lang='grc' dir='ltr'>τὴν</span> <span class='ocrx_word' id='word_1_381' title='bbox 3121 2785 3318 2857; x_wconf 84' lang='grc' dir='ltr'>σάρκα,</span> <span class='ocrx_word' id='word_1_382' title='bbox 3347 2787 3547 2864; x_wconf 73' lang='grc' dir='ltr'>ἐπενη-</span> 
     </span>
    </p>
   </div>
   <div class='ocr_carea' id='block_1_60' title="bbox 1968 2873 3550 2948">
    <p class='ocr_par' dir='ltr' id='par_1_60' title="bbox 1968 2873 3550 2948">
     <span class='ocr_line' id='line_1_60' title="bbox 1968 2873 3550 2948; baseline 0.002 -22"><span class='ocrx_word' id='word_1_383' title='bbox 1968 2873 2236 2948; x_wconf 79' lang='grc' dir='ltr'>νεγμένης</span> <span class='ocrx_word' id='word_1_384' title='bbox 2267 2891 2356 2945; x_wconf 90' lang='grc' dir='ltr'><strong>μοι</strong></span> <span class='ocrx_word' id='word_1_385' title='bbox 2388 2874 2488 2946; x_wconf 82' lang='grc' dir='ltr'>τῆς</span> <span class='ocrx_word' id='word_1_386' title='bbox 2516 2877 2705 2947; x_wconf 81' lang='grc' dir='ltr'>ὀργῆς.</span> <span class='ocrx_word' id='word_1_387' title='bbox 2730 2879 2851 2931; x_wconf 78' lang='grc' dir='ltr'><strong>Οὐκ</strong></span> <span class='ocrx_word' id='word_1_388' title='bbox 2880 2878 3051 2931; x_wconf 77' lang='grc' dir='ltr'>ἐστιν</span> <span class='ocrx_word' id='word_1_389' title='bbox 3077 2877 3285 2947; x_wconf 72' lang='grc' dir='ltr'>εἰρήνη</span> <span class='ocrx_word' id='word_1_390' title='bbox 3316 2878 3384 2930; x_wconf 80' lang='grc' dir='ltr'>ὲν</span> <span class='ocrx_word' id='word_1_391' title='bbox 3422 2876 3550 2942; x_wconf 80' lang='grc' dir='ltr'>τοῖς</span> 
     </span>
    </p>
   </div>
   <div class='ocr_carea' id='block_1_61' title="bbox 297 2961 1893 3061">
    <p class='ocr_par' dir='ltr' id='par_1_61' title="bbox 297 2961 1866 3035">
     <span class='ocr_line' id='line_1_61' title="bbox 297 2961 1866 3035; baseline 0.008 -21"><span class='ocrx_word' id='word_1_392' title='bbox 297 2978 435 3016; x_wconf 86' lang='lat' dir='ltr'><strong>rum.</strong></span> <span class='ocrx_word' id='word_1_393' title='bbox 486 2961 807 3030; x_wconf 86' lang='lat' dir='ltr'><strong>Debilitata,</strong></span> <span class='ocrx_word' id='word_1_394' title='bbox 860 2965 1076 3034; x_wconf 91' lang='lat' dir='ltr'><strong>inquit,</strong></span> <span class='ocrx_word' id='word_1_395' title='bbox 1108 2975 1193 3025; x_wconf 86' lang='lat' dir='ltr'><strong>est</strong></span> <span class='ocrx_word' id='word_1_396' title='bbox 1236 2967 1408 3023; x_wconf 79' lang='lat' dir='ltr'><strong>virtus</strong></span> <span class='ocrx_word' id='word_1_397' title='bbox 1452 2970 1648 3024; x_wconf 66' lang='lat' dir='ltr'><strong>animat</strong></span> <span class='ocrx_word' id='word_1_398' title='bbox 1691 2984 1866 3035; x_wconf 58' lang='lat' dir='ltr'><strong>mea,</strong></span> 
     </span>
    </p>
   </div>
   <div class='ocr_carea' id='block_1_62' title="bbox 2021 2961 3541 3061">
    <p class='ocr_par' dir='ltr' id='par_1_62' title="bbox 2021 2965 3541 3038">
     <span class='ocr_line' id='line_1_62' title="bbox 2021 2965 3541 3038; baseline 0.003 -19"><span class='ocrx_word' id='word_1_399' title='bbox 2021 2966 2205 3033; x_wconf 77' lang='lat' dir='ltr'><strong>rréou;</strong></span> <span class='ocrx_word' id='word_1_400' title='bbox 2228 2983 2348 3038; x_wconf 75' lang='grc' dir='ltr'><strong>μου</strong></span> <span class='ocrx_word' id='word_1_401' title='bbox 2373 2965 2490 3025; x_wconf 82' lang='grc' dir='ltr'>ἀπὸ</span> <span class='ocrx_word' id='word_1_402' title='bbox 2533 2967 2854 3037; x_wconf 75' lang='grc' dir='ltr'>προσώπου</span> <span class='ocrx_word' id='word_1_403' title='bbox 2895 2968 3015 3022; x_wconf 86' lang='grc' dir='ltr'><strong>τῶν</strong></span> <span class='ocrx_word' id='word_1_404' title='bbox 3063 2968 3355 3038; x_wconf 81' lang='grc' dir='ltr'>ἁμαρτιῶν</span> <span class='ocrx_word' id='word_1_405' title='bbox 3401 2988 3541 3038; x_wconf 79' lang='grc' dir='ltr'>μου.</span> 
     </span>
    </p>
   </div>
   <div class='ocr_carea' id='block_1_63' title="bbox 298 3054 1486 3125">
    <p class='ocr_par' dir='ltr' id='par_1_63' title="bbox 298 3054 1486 3125">
     <span class='ocr_line' id='line_1_63' title="bbox 298 3054 1486 3125; baseline 0.003 -18"><span class='ocrx_word' id='word_1_406' title='bbox 298 3067 464 3108; x_wconf 85' lang='lat' dir='ltr'><strong>causa</strong></span> <span class='ocrx_word' id='word_1_407' title='bbox 494 3062 676 3109; x_wconf 84' lang='lat' dir='ltr'><strong>autem</strong></span> <span class='ocrx_word' id='word_1_408' title='bbox 703 3054 1036 3109; x_wconf 83' lang='lat' dir='ltr'><strong>inﬁrmitatis</strong></span> <span class='ocrx_word' id='word_1_409' title='bbox 1066 3063 1349 3125; x_wconf 85' lang='lat' dir='ltr'><strong>peccatum</strong></span> <span class='ocrx_word' id='word_1_410' title='bbox 1382 3066 1486 3112; x_wconf 86' lang='lat' dir='ltr'><strong>est.</strong></span> 
     </span>
    </p>
   </div>
   <div class='ocr_carea' id='block_1_64' title="bbox 368 3229 1874 3305">
    <p class='ocr_par' dir='ltr' id='par_1_64' title="bbox 368 3229 1874 3305">
     <span class='ocr_line' id='line_1_64' title="bbox 368 3229 1874 3305; baseline 0.001 -19"><span class='ocrx_word' id='word_1_411' title='bbox 368 3229 1064 3304; x_wconf 73' lang='lat' dir='ltr'><strong>iniquitates</strong></span> <span class='ocrx_word' id='word_1_412' title='bbox 1094 3248 1221 3291; x_wconf 77' lang='lat' dir='ltr'><strong>mea</strong></span> <span class='ocrx_word' id='word_1_413' title='bbox 1253 3248 1603 3305; x_wconf 50' lang='lat' dir='ltr'><strong>repeteretur</strong></span> <span class='ocrx_word' id='word_1_414' title='bbox 1623 3242 1754 3293; x_wconf 77' lang='lat' dir='ltr'><strong>sunt</strong></span> <span class='ocrx_word' id='word_1_415' title='bbox 1780 3249 1874 3289; x_wconf 76' lang='lat' dir='ltr'><strong>ca-</strong></span> 
     </span>
    </p>
   </div>
   <div class='ocr_carea' id='block_1_65' title="bbox 298 3323 1866 3397">
    <p class='ocr_par' dir='ltr' id='par_1_65' title="bbox 298 3323 1866 3397">
     <span class='ocr_line' id='line_1_65' title="bbox 298 3323 1866 3397; baseline 0.001 -20"><span class='ocrx_word' id='word_1_416' title='bbox 298 3334 393 3394; x_wconf 85' lang='lat' dir='ltr'><strong>put</strong></span> <span class='ocrx_word' id='word_1_417' title='bbox 421 3339 610 3377; x_wconf 87' lang='lat' dir='ltr'><strong>meum.</strong></span> <span class='ocrx_word' id='word_1_418' title='bbox 641 3323 857 3395; x_wconf 85' lang='lat' dir='ltr'><strong>Fregit,</strong></span> <span class='ocrx_word' id='word_1_419' title='bbox 891 3325 1103 3394; x_wconf 89' lang='lat' dir='ltr'><strong>inquit,</strong></span> <span class='ocrx_word' id='word_1_420' title='bbox 1126 3340 1214 3380; x_wconf 91' lang='lat' dir='ltr'><strong>me</strong></span> <span class='ocrx_word' id='word_1_421' title='bbox 1237 3326 1415 3397; x_wconf 83' lang='lat' dir='ltr'><strong>gravis</strong></span> <span class='ocrx_word' id='word_1_422' title='bbox 1442 3325 1647 3396; x_wconf 83' lang='lat' dir='ltr'><strong>peccati</strong></span> <span class='ocrx_word' id='word_1_423' title='bbox 1676 3325 1866 3381; x_wconf 89' lang='lat' dir='ltr'><strong>moles.</strong></span> 
     </span>
    </p>
   </div>
   <div class='ocr_carea' id='block_1_66' title="bbox 298 3414 1869 3486">
    <p class='ocr_par' dir='ltr' id='par_1_66' title="bbox 298 3414 1869 3486">
     <span class='ocr_line' id='line_1_66' title="bbox 298 3414 1869 3486; baseline -0.001 -17"><span class='ocrx_word' id='word_1_424' title='bbox 298 3414 525 3471; x_wconf 84' lang='lat' dir='ltr'><strong>Cruciat</strong></span> <span class='ocrx_word' id='word_1_425' title='bbox 563 3430 652 3471; x_wconf 88' lang='lat' dir='ltr'><strong>me</strong></span> <span class='ocrx_word' id='word_1_426' title='bbox 694 3414 1443 3486; x_wconf 63' lang='lat' dir='ltr'><strong>permnlcstusputridorum</strong></span> <span class='ocrx_word' id='word_1_427' title='bbox 1484 3416 1648 3473; x_wconf 76' lang='lat' dir='ltr'><strong>fmtor</strong></span> <span class='ocrx_word' id='word_1_428' title='bbox 1678 3415 1869 3471; x_wconf 50' lang='lat' dir='ltr'><strong>vulnev</strong></span> 
     </span>
    </p>
   </div>
   <div class='ocr_carea' id='block_1_67' title="bbox 302 3507 1871 3578">
    <p class='ocr_par' dir='ltr' id='par_1_67' title="bbox 302 3507 1871 3578">
     <span class='ocr_line' id='line_1_67' title="bbox 302 3507 1871 3578; baseline 0.001 -16"><span class='ocrx_word' id='word_1_429' title='bbox 302 3521 605 3578; x_wconf 70' lang='lat' dir='ltr'><strong>rum,-quat</strong></span> <span class='ocrx_word' id='word_1_430' title='bbox 669 3508 869 3565; x_wconf 86' lang='lat' dir='ltr'><strong>amissa</strong></span> <span class='ocrx_word' id='word_1_431' title='bbox 901 3507 1220 3578; x_wconf 87' lang='lat' dir='ltr'><strong>prudentia,</strong></span> <span class='ocrx_word' id='word_1_432' title='bbox 1254 3516 1310 3565; x_wconf 91' lang='lat' dir='ltr'><strong>et</strong></span> <span class='ocrx_word' id='word_1_433' title='bbox 1356 3507 1677 3577; x_wconf 71' lang='lat' dir='ltr'><strong>insipientia:</strong></span> <span class='ocrx_word' id='word_1_434' title='bbox 1739 3508 1871 3567; x_wconf 80' lang='lat' dir='ltr'><strong>sub-</strong></span> 
     </span>
    </p>
   </div>
   <div class='ocr_carea' id='block_1_68' title="bbox 299 3599 1868 3670">
    <p class='ocr_par' dir='ltr' id='par_1_68' title="bbox 299 3599 1868 3670">
     <span class='ocr_line' id='line_1_68' title="bbox 299 3599 1868 3670; baseline 0.004 -19"><span class='ocrx_word' id='word_1_435' title='bbox 299 3608 461 3659; x_wconf 40' lang='lat' dir='ltr'><strong>actus&quot;</strong></span> <span class='ocrx_word' id='word_1_436' title='bbox 487 3599 542 3654; x_wconf 88' lang='lat' dir='ltr'><strong>in</strong></span> <span class='ocrx_word' id='word_1_437' title='bbox 570 3614 656 3655; x_wconf 85' lang='lat' dir='ltr'><strong>me</strong></span> <span class='ocrx_word' id='word_1_438' title='bbox 683 3599 894 3670; x_wconf 78' lang='lat' dir='ltr'><strong>excepi.</strong></span> <span class='ocrx_word' id='word_1_439' title='bbox 920 3599 1093 3670; x_wconf 83' lang='lat' dir='ltr'><strong>Cujus</strong></span> <span class='ocrx_word' id='word_1_440' title='bbox 1115 3600 1193 3657; x_wconf 85' lang='lat' dir='ltr'><strong>rei</strong></span> <span class='ocrx_word' id='word_1_441' title='bbox 1235 3615 1399 3655; x_wconf 85' lang='lat' dir='ltr'><strong>causa</strong></span> <span class='ocrx_word' id='word_1_442' title='bbox 1442 3600 1592 3655; x_wconf 89' lang='lat' dir='ltr'><strong>omni</strong></span> <span class='ocrx_word' id='word_1_443' title='bbox 1624 3600 1868 3670; x_wconf 83' lang='lat' dir='ltr'><strong>privatus</strong></span> 
     </span>
    </p>
   </div>
   <div class='ocr_carea' id='block_1_69' title="bbox 298 3689 1868 3762">
    <p class='ocr_par' dir='ltr' id='par_1_69' title="bbox 298 3689 1868 3762">
     <span class='ocr_line' id='line_1_69' title="bbox 298 3689 1868 3762; baseline -0.001 -18"><span class='ocrx_word' id='word_1_444' title='bbox 298 3689 659 3747; x_wconf 74' lang='lat' dir='ltr'><strong>delectatione</strong></span> <span class='ocrx_word' id='word_1_445' title='bbox 681 3706 851 3762; x_wconf 80' lang='lat' dir='ltr'><strong>angor</strong></span> <span class='ocrx_word' id='word_1_446' title='bbox 880 3701 935 3749; x_wconf 81' lang='lat' dir='ltr'><strong>et</strong></span> <span class='ocrx_word' id='word_1_447' title='bbox 958 3691 1177 3748; x_wconf 85' lang='lat' dir='ltr'><strong>assidue</strong></span> <span class='ocrx_word' id='word_1_448' title='bbox 1202 3690 1420 3745; x_wconf 84' lang='lat' dir='ltr'><strong>crucior</strong></span> <span class='ocrx_word' id='word_1_449' title='bbox 1450 3690 1656 3751; x_wconf 88' lang='lat' dir='ltr'><strong>animo,</strong></span> <span class='ocrx_word' id='word_1_450' title='bbox 1691 3703 1868 3758; x_wconf 87' lang='lat' dir='ltr'><strong>neque</strong></span> 
     </span>
    </p>
   </div>
   <div class='ocr_carea' id='block_1_70' title="bbox 300 3779 1866 3839">
    <p class='ocr_par' dir='ltr' id='par_1_70' title="bbox 300 3779 1866 3839">
     <span class='ocr_line' id='line_1_70' title="bbox 300 3779 1866 3839; baseline -0.001 -3"><span class='ocrx_word' id='word_1_451' title='bbox 300 3780 467 3836; x_wconf 78' lang='lat' dir='ltr'><strong>ullam</strong></span> <span class='ocrx_word' id='word_1_452' title='bbox 499 3781 833 3839; x_wconf 72' lang='lat' dir='ltr'><strong>declinanda:</strong></span> <span class='ocrx_word' id='word_1_453' title='bbox 861 3782 1094 3839; x_wconf 68' lang='lat' dir='ltr'><strong>tristitim</strong></span> <span class='ocrx_word' id='word_1_454' title='bbox 1115 3783 1258 3839; x_wconf 88' lang='lat' dir='ltr'><strong>viam</strong></span> <span class='ocrx_word' id='word_1_455' title='bbox 1296 3781 1535 3836; x_wconf 78' lang='lat' dir='ltr'><strong>invenio.</strong></span> <span class='ocrx_word' id='word_1_456' title='bbox 1564 3779 1711 3835; x_wconf 86' lang='lat' dir='ltr'><strong>Sicut</strong></span> <span class='ocrx_word' id='word_1_457' title='bbox 1736 3796 1866 3835; x_wconf 88' lang='lat' dir='ltr'><strong>onus</strong></span> 
     </span>
    </p>
   </div>
   <div class='ocr_carea' id='block_1_71' title="bbox 300 3872 1866 3941">
    <p class='ocr_par' dir='ltr' id='par_1_71' title="bbox 300 3872 1866 3941">
     <span class='ocr_line' id='line_1_71' title="bbox 300 3872 1866 3941; baseline 0.001 -16"><span class='ocrx_word' id='word_1_458' title='bbox 300 3886 455 3939; x_wconf 77' lang='lat' dir='ltr'><strong>grave</strong></span> <span class='ocrx_word' id='word_1_459' title='bbox 483 3882 718 3941; x_wconf 63' lang='lat' dir='ltr'><strong>gravati:</strong></span> <span class='ocrx_word' id='word_1_460' title='bbox 737 3880 859 3927; x_wconf 83' lang='lat' dir='ltr'><strong>sunt</strong></span> <span class='ocrx_word' id='word_1_461' title='bbox 890 3888 1045 3941; x_wconf 80' lang='lat' dir='ltr'><strong>super</strong></span> <span class='ocrx_word' id='word_1_462' title='bbox 1077 3888 1177 3926; x_wconf 86' lang='lat' dir='ltr'><strong>me.</strong></span> <span class='ocrx_word' id='word_1_463' title='bbox 1206 3872 1540 3928; x_wconf 83' lang='lat' dir='ltr'><strong>Gravitatem</strong></span> <span class='ocrx_word' id='word_1_464' title='bbox 1567 3872 1700 3927; x_wconf 88' lang='lat' dir='ltr'><strong>dicit</strong></span> <span class='ocrx_word' id='word_1_465' title='bbox 1731 3887 1866 3927; x_wconf 91' lang='lat' dir='ltr'><strong>con-</strong></span> 
     </span>
    </p>
   </div>
   <div class='ocr_carea' id='block_1_72' title="bbox 299 3960 1868 4032">
    <p class='ocr_par' dir='ltr' id='par_1_72' title="bbox 299 3960 1868 4032">
     <span class='ocr_line' id='line_1_72' title="bbox 299 3960 1868 4032; baseline -0.001 -16"><span class='ocrx_word' id='word_1_466' title='bbox 299 3960 541 4016; x_wconf 73' lang='lat' dir='ltr'><strong>scientiae</strong></span> <span class='ocrx_word' id='word_1_467' title='bbox 570 3968 789 4017; x_wconf 20' lang='lat' dir='ltr'><strong>motum.</strong></span> <span class='ocrx_word' id='word_1_468' title='bbox 802 3962 1151 4019; x_wconf 85' lang='lat' dir='ltr'><strong>vehementer</strong></span> <span class='ocrx_word' id='word_1_469' title='bbox 1177 3961 1246 4019; x_wconf 77' lang='lat' dir='ltr'><strong>ad</strong></span> <span class='ocrx_word' id='word_1_470' title='bbox 1289 3961 1723 4032; x_wconf 78' lang='lat' dir='ltr'><strong>desperationem</strong></span> <span class='ocrx_word' id='word_1_471' title='bbox 1752 3970 1868 4017; x_wconf 88' lang='lat' dir='ltr'><strong>ten-</strong></span> 
     </span>
    </p>
   </div>
   <div class='ocr_carea' id='block_1_73' title="bbox 298 4048 501 4105">
    <p class='ocr_par' dir='ltr' id='par_1_73' title="bbox 298 4048 501 4105">
     <span class='ocr_line' id='line_1_73' title="bbox 298 4048 501 4105; baseline 0.005 -1"><span class='ocrx_word' id='word_1_472' title='bbox 298 4048 501 4105; x_wconf 80' lang='lat' dir='ltr'><strong>dentis.</strong></span> 
     </span>
    </p>
   </div>
   <div class='ocr_carea' id='block_1_74' title="bbox 362 4140 1866 4213">
    <p class='ocr_par' dir='ltr' id='par_1_74' title="bbox 362 4140 1866 4213">
     <span class='ocr_line' id='line_1_74' title="bbox 362 4140 1866 4213; baseline 0.001 -17"><span class='ocrx_word' id='word_1_473' title='bbox 362 4140 418 4196; x_wconf 84' lang='lat' dir='ltr'><strong>6t</strong></span> <span class='ocrx_word' id='word_1_474' title='bbox 449 4140 776 4197; x_wconf 82' lang='lat' dir='ltr'><strong>Putruerunt</strong></span> <span class='ocrx_word' id='word_1_475' title='bbox 802 4151 859 4197; x_wconf 88' lang='lat' dir='ltr'><strong>et</strong></span> <span class='ocrx_word' id='word_1_476' title='bbox 892 4152 1154 4213; x_wconf 68' lang='lat' dir='ltr'><strong>corrupte</strong></span> <span class='ocrx_word' id='word_1_477' title='bbox 1185 4153 1307 4197; x_wconf 78' lang='lat' dir='ltr'><strong>sunt</strong></span> <span class='ocrx_word' id='word_1_478' title='bbox 1352 4144 1622 4198; x_wconf 79' lang='lat' dir='ltr'><strong>cicatrices</strong></span> <span class='ocrx_word' id='word_1_479' title='bbox 1666 4161 1793 4198; x_wconf 76' lang='lat' dir='ltr'><strong>meae</strong></span> <span class='ocrx_word' id='word_1_480' title='bbox 1833 4161 1866 4198; x_wconf 89' lang='lat' dir='ltr'><strong>a</strong></span> 
     </span>
    </p>
   </div>
   <div class='ocr_carea' id='block_1_75' title="bbox 297 4231 1869 4307">
    <p class='ocr_par' dir='ltr' id='par_1_75' title="bbox 297 4231 1869 4307">
     <span class='ocr_line' id='line_1_75' title="bbox 297 4231 1869 4307; baseline 0.003 -22"><span class='ocrx_word' id='word_1_481' title='bbox 297 4231 437 4302; x_wconf 80' lang='lat' dir='ltr'><strong>facie</strong></span> <span class='ocrx_word' id='word_1_482' title='bbox 461 4232 783 4304; x_wconf 66' lang='lat' dir='ltr'><strong>insipientia</strong></span> <span class='ocrx_word' id='word_1_483' title='bbox 805 4250 951 4291; x_wconf 76' lang='lat' dir='ltr'><strong>mete.</strong></span> <span class='ocrx_word' id='word_1_484' title='bbox 984 4234 1271 4295; x_wconf 84' lang='lat' dir='ltr'><strong>Peccatum</strong></span> <span class='ocrx_word' id='word_1_485' title='bbox 1294 4252 1476 4300; x_wconf 86' lang='lat' dir='ltr'><strong>omne,</strong></span> <span class='ocrx_word' id='word_1_486' title='bbox 1511 4246 1670 4307; x_wconf 88' lang='lat' dir='ltr'><strong>turpe</strong></span> <span class='ocrx_word' id='word_1_487' title='bbox 1688 4247 1741 4292; x_wconf 90' lang='lat' dir='ltr'><strong>et</strong></span> <span class='ocrx_word' id='word_1_488' title='bbox 1769 4251 1869 4306; x_wconf 87' lang='lat' dir='ltr'><strong>pu-</strong></span> 
     </span>
    </p>
   </div>
   <div class='ocr_carea' id='block_1_76' title="bbox 1982 3056 3565 3132">
    <p class='ocr_par' dir='ltr' id='par_1_76' title="bbox 1982 3056 3565 3132">
     <span class='ocr_line' id='line_1_76' title="bbox 1982 3056 3565 3132; baseline 0.003 -22"><span class='ocrx_word' id='word_1_489' title='bbox 1982 3056 2371 3127; x_wconf 81' lang='grc' dir='ltr'>Ἐξησθένησε,</span> <span class='ocrx_word' id='word_1_490' title='bbox 2404 3058 2601 3128; x_wconf 74' lang='grc' dir='ltr'>φησὶν,</span> <span class='ocrx_word' id='word_1_491' title='bbox 2634 3059 2668 3129; x_wconf 80' lang='grc' dir='ltr'><strong>ἡ</strong></span> <span class='ocrx_word' id='word_1_492' title='bbox 2715 3057 2938 3129; x_wconf 87' lang='grc' dir='ltr'>δύναμις</span> <span class='ocrx_word' id='word_1_493' title='bbox 2966 3060 3063 3130; x_wconf 78' lang='grc' dir='ltr'>τῆς</span> <span class='ocrx_word' id='word_1_494' title='bbox 3093 3060 3229 3132; x_wconf 78' lang='grc' dir='ltr'>ἐμῆς</span> <span class='ocrx_word' id='word_1_495' title='bbox 3261 3059 3435 3131; x_wconf 56' lang='grc' dir='ltr'>ψυχῆς</span> <span class='ocrx_word' id='word_1_496' title='bbox 3457 3078 3470 3089; x_wconf 88' lang='grc'>·</span> <span class='ocrx_word' id='word_1_497' title='bbox 3508 3063 3565 3131; x_wconf 63' lang='grc' dir='ltr'>ἡ,</span> 
     </span>
    </p>
   </div>
   <div class='ocr_carea' id='block_1_77' title="bbox 1967 3146 3007 3222">
    <p class='ocr_par' dir='ltr' id='par_1_77' title="bbox 1967 3146 3007 3222">
     <span class='ocr_line' id='line_1_77' title="bbox 1967 3146 3007 3222; baseline 0.001 -21"><span class='ocrx_word' id='word_1_498' title='bbox 1967 3146 2026 3201; x_wconf 86' lang='grc' dir='ltr'>δὲ</span> <span class='ocrx_word' id='word_1_499' title='bbox 2048 3147 2194 3201; x_wconf 72' lang='grc' dir='ltr'>αἰτία</span> <span class='ocrx_word' id='word_1_500' title='bbox 2226 3147 2324 3220; x_wconf 81' lang='grc' dir='ltr'>τῆς</span> <span class='ocrx_word' id='word_1_501' title='bbox 2355 3147 2654 3215; x_wconf 81' lang='grc' dir='ltr'>ἀσθενείας,</span> <span class='ocrx_word' id='word_1_502' title='bbox 2683 3149 2717 3220; x_wconf 75' lang='grc' dir='ltr'>ἡ</span> <span class='ocrx_word' id='word_1_503' title='bbox 2744 3150 3007 3222; x_wconf 79' lang='grc' dir='ltr'>ἁμαρτία.</span> 
     </span>
    </p>
   </div>
   <div class='ocr_carea' id='block_1_78' title="bbox 2045 3236 3551 3307">
    <p class='ocr_par' dir='ltr' id='par_1_78' title="bbox 2045 3236 3551 3307">
     <span class='ocr_line' id='line_1_78' title="bbox 2045 3236 3551 3307; baseline 0.001 -18"><span class='ocrx_word' id='word_1_504' title='bbox 2045 3236 2172 3290; x_wconf 87' lang='grc' dir='ltr'>Ὅτι</span> <span class='ocrx_word' id='word_1_505' title='bbox 2216 3240 2277 3291; x_wconf 83' lang='grc' dir='ltr'>αι</span> <span class='ocrx_word' id='word_1_506' title='bbox 2320 3237 2557 3306; x_wconf 80' lang='grc' dir='ltr'>ἀνομίαι</span> <span class='ocrx_word' id='word_1_507' title='bbox 2605 3255 2725 3307; x_wconf 84' lang='grc' dir='ltr'><strong>μου</strong></span> <span class='ocrx_word' id='word_1_508' title='bbox 2770 3238 3078 3307; x_wconf 64' lang='grc' dir='ltr'>ὑπερῆραν</span> <span class='ocrx_word' id='word_1_509' title='bbox 3117 3238 3229 3307; x_wconf 82' lang='grc' dir='ltr'>τὴν</span> <span class='ocrx_word' id='word_1_510' title='bbox 3272 3238 3551 3307; x_wconf 70' lang='grc' dir='ltr'>κεφαλήν</span> 
     </span>
    </p>
   </div>
   <div class='ocr_carea' id='block_1_79' title="bbox 1962 3326 3551 3411">
    <p class='ocr_par' dir='ltr' id='par_1_79' title="bbox 1962 3326 3551 3411">
     <span class='ocr_line' id='line_1_79' title="bbox 1962 3326 3551 3411; baseline -0.001 -29"><span class='ocrx_word' id='word_1_511' title='bbox 1962 3347 2104 3398; x_wconf 79' lang='grc' dir='ltr'>μου.</span> <span class='ocrx_word' id='word_1_512' title='bbox 2158 3326 2494 3411; x_wconf 74' lang='grc' dir='ltr'>Κατέκαμψέ</span> <span class='ocrx_word' id='word_1_513' title='bbox 2527 3345 2595 3398; x_wconf 88' lang='grc' dir='ltr'><strong>με</strong></span> <span class='ocrx_word' id='word_1_514' title='bbox 2615 3367 2631 3390; x_wconf 92' lang='grc'><strong>,</strong></span> <span class='ocrx_word' id='word_1_515' title='bbox 2661 3331 2853 3400; x_wconf 80' lang='grc' dir='ltr'>φησὶν,</span> <span class='ocrx_word' id='word_1_516' title='bbox 2887 3329 2949 3382; x_wconf 80' lang='grc' dir='ltr'>τὸ</span> <span class='ocrx_word' id='word_1_517' title='bbox 2976 3329 3113 3401; x_wconf 78' lang='grc' dir='ltr'>βαρὺ</span> <span class='ocrx_word' id='word_1_518' title='bbox 3141 3330 3241 3399; x_wconf 85' lang='grc' dir='ltr'>τῆς</span> <span class='ocrx_word' id='word_1_519' title='bbox 3271 3330 3551 3400; x_wconf 70' lang='grc' dir='ltr'>ἁμαρτίας</span> 
     </span>
    </p>
   </div>
   <div class='ocr_carea' id='block_1_80' title="bbox 1969 3418 3537 3492">
    <p class='ocr_par' dir='ltr' id='par_1_80' title="bbox 1969 3418 3537 3492">
     <span class='ocr_line' id='line_1_80' title="bbox 1969 3418 3537 3492; baseline 0 -19"><span class='ocrx_word' id='word_1_520' title='bbox 1969 3420 2209 3490; x_wconf 83' lang='grc' dir='ltr'>φορτίον.</span> <span class='ocrx_word' id='word_1_521' title='bbox 2278 3420 2428 3491; x_wconf 77' lang='grc' dir='ltr'>Ἀνιᾷ</span> <span class='ocrx_word' id='word_1_522' title='bbox 2468 3418 2525 3472; x_wconf 83' lang='grc' dir='ltr'><strong>δέ</strong></span> <span class='ocrx_word' id='word_1_523' title='bbox 2579 3421 2645 3492; x_wconf 76' lang='grc' dir='ltr'><strong>με</strong></span> <span class='ocrx_word' id='word_1_524' title='bbox 2696 3418 2940 3474; x_wconf 56' lang='grc' dir='ltr'>καὶθτῶν</span> <span class='ocrx_word' id='word_1_525' title='bbox 2976 3419 3289 3492; x_wconf 83' lang='grc' dir='ltr'>σεσηπότων</span> <span class='ocrx_word' id='word_1_526' title='bbox 3318 3418 3537 3473; x_wconf 66' lang='grc' dir='ltr'>ὲκείνωδ.</span> 
     </span>
    </p>
   </div>
   <div class='ocr_carea' id='block_1_81' title="bbox 1965 3508 3543 3581">
    <p class='ocr_par' dir='ltr' id='par_1_81' title="bbox 1965 3508 3543 3581">
     <span class='ocr_line' id='line_1_81' title="bbox 1965 3508 3543 3581; baseline 0 -20"><span class='ocrx_word' id='word_1_527' title='bbox 1965 3510 2295 3580; x_wconf 78' lang='grc' dir='ltr'>τραυμάτων</span> <span class='ocrx_word' id='word_1_528' title='bbox 2322 3510 2355 3580; x_wconf 78' lang='grc' dir='ltr'><strong>ἡ</strong></span> <span class='ocrx_word' id='word_1_529' title='bbox 2385 3509 2682 3579; x_wconf 85' lang='grc' dir='ltr'>δυσοσμία,</span> <span class='ocrx_word' id='word_1_530' title='bbox 2714 3509 2771 3576; x_wconf 78' lang='grc' dir='ltr'>ἃ,</span> <span class='ocrx_word' id='word_1_531' title='bbox 2799 3509 2895 3581; x_wconf 84' lang='grc' dir='ltr'>τὴν</span> <span class='ocrx_word' id='word_1_532' title='bbox 2942 3510 3201 3581; x_wconf 82' lang='grc' dir='ltr'>φρόνησιν</span> <span class='ocrx_word' id='word_1_533' title='bbox 3234 3508 3543 3571; x_wconf 80' lang='grc' dir='ltr'>ἀποὸαλὼν,</span> 
     </span>
    </p>
   </div>
   <div class='ocr_carea' id='block_1_82' title="bbox 1968 3593 3544 3670">
    <p class='ocr_par' dir='ltr' id='par_1_82' title="bbox 1968 3593 3544 3670">
     <span class='ocr_line' id='line_1_82' title="bbox 1968 3593 3544 3670; baseline 0.001 -19"><span class='ocrx_word' id='word_1_534' title='bbox 1968 3598 2065 3651; x_wconf 85' lang='grc' dir='ltr'><strong>καί</strong></span> <span class='ocrx_word' id='word_1_535' title='bbox 2087 3600 2152 3669; x_wconf 77' lang='grc' dir='ltr'>τῇ</span> <span class='ocrx_word' id='word_1_536' title='bbox 2187 3597 2465 3670; x_wconf 82' lang='grc' dir='ltr'>ἀφροσύνῃ</span> <span class='ocrx_word' id='word_1_537' title='bbox 2492 3598 2798 3662; x_wconf 82' lang='grc' dir='ltr'>δουλεύσας,</span> <span class='ocrx_word' id='word_1_538' title='bbox 2829 3598 3201 3670; x_wconf 79' lang='grc' dir='ltr'>εἰσεδεξάμην.</span> <span class='ocrx_word' id='word_1_539' title='bbox 3248 3593 3323 3653; x_wconf 75' lang='grc' dir='ltr'>υῦ</span> <span class='ocrx_word' id='word_1_540' title='bbox 3355 3600 3418 3670; x_wconf 79' lang='grc' dir='ltr'>δὴ</span> <span class='ocrx_word' id='word_1_541' title='bbox 3448 3601 3544 3669; x_wconf 77' lang='grc' dir='ltr'><strong>χά-</strong></span> 
     </span>
    </p>
   </div>
   <div class='ocr_carea' id='block_1_83' title="bbox 1972 3688 3547 3764">
    <p class='ocr_par' dir='ltr' id='par_1_83' title="bbox 1972 3688 3547 3764">
     <span class='ocr_line' id='line_1_83' title="bbox 1972 3688 3547 3764; baseline -0.001 -20"><span class='ocrx_word' id='word_1_542' title='bbox 1972 3708 2056 3764; x_wconf 89' lang='grc' dir='ltr'><strong>ριν</strong></span> <span class='ocrx_word' id='word_1_543' title='bbox 2086 3691 2267 3760; x_wconf 85' lang='grc' dir='ltr'>πάσης</span> <span class='ocrx_word' id='word_1_544' title='bbox 2297 3688 2566 3762; x_wconf 84' lang='grc' dir='ltr'>θυμηδίας</span> <span class='ocrx_word' id='word_1_545' title='bbox 2591 3688 2972 3761; x_wconf 76' lang='grc' dir='ltr'>ἐστερημένος,</span> <span class='ocrx_word' id='word_1_546' title='bbox 3001 3690 3250 3761; x_wconf 83' lang='grc' dir='ltr'>ἀσχάλλω</span> <span class='ocrx_word' id='word_1_547' title='bbox 3278 3693 3371 3744; x_wconf 78' lang='grc' dir='ltr'>καὶ</span> <span class='ocrx_word' id='word_1_548' title='bbox 3398 3689 3547 3743; x_wconf 86' lang='grc' dir='ltr'>ἀλύω</span> 
     </span>
    </p>
   </div>
   <div class='ocr_carea' id='block_1_84' title="bbox 1965 3778 3548 3852">
    <p class='ocr_par' dir='ltr' id='par_1_84' title="bbox 1965 3778 3548 3852">
     <span class='ocr_line' id='line_1_84' title="bbox 1965 3778 3548 3852; baseline -0.003 -17"><span class='ocrx_word' id='word_1_549' title='bbox 1965 3780 2265 3852; x_wconf 83' lang='grc' dir='ltr'>διηνεκῶς,</span> <span class='ocrx_word' id='word_1_550' title='bbox 2317 3779 2411 3832; x_wconf 76' lang='grc' dir='ltr'>καὶ</span> <span class='ocrx_word' id='word_1_551' title='bbox 2456 3778 2554 3850; x_wconf 79' lang='grc' dir='ltr'>τῆς</span> <span class='ocrx_word' id='word_1_552' title='bbox 2607 3778 3058 3851; x_wconf 58' lang='grc' dir='ltr'>σκυθρωπότητκ</span> <span class='ocrx_word' id='word_1_553' title='bbox 3100 3779 3399 3851; x_wconf 75' lang='grc' dir='ltr'>μεταϐολὴν</span> <span class='ocrx_word' id='word_1_554' title='bbox 3444 3778 3548 3850; x_wconf 80' lang='grc' dir='ltr'><strong>οὐχ</strong></span> 
     </span>
    </p>
   </div>
   <div class='ocr_carea' id='block_1_85' title="bbox 1966 3870 3544 3943">
    <p class='ocr_par' dir='ltr' id='par_1_85' title="bbox 1966 3870 3544 3943">
     <span class='ocr_line' id='line_1_85' title="bbox 1966 3870 3544 3943; baseline -0.002 -19"><span class='ocrx_word' id='word_1_555' title='bbox 1966 3871 2221 3943; x_wconf 84' lang='grc' dir='ltr'>εὑρίσκω.</span> <span class='ocrx_word' id='word_1_556' title='bbox 2288 3870 2443 3924; x_wconf 77' lang='grc' dir='ltr'>Ὠσεὶ</span> <span class='ocrx_word' id='word_1_557' title='bbox 2491 3871 2739 3938; x_wconf 69' lang='grc' dir='ltr'>φορτίον</span> <span class='ocrx_word' id='word_1_558' title='bbox 2787 3871 2947 3938; x_wconf 83' lang='grc' dir='ltr'>βαρὺ</span> <span class='ocrx_word' id='word_1_559' title='bbox 2983 3871 3400 3939; x_wconf 77' lang='grc' dir='ltr'>ὲϐαρύνθησαν</span> <span class='ocrx_word' id='word_1_560' title='bbox 3448 3871 3544 3922; x_wconf 77' lang='grc' dir='ltr'><strong>ἐπ’</strong></span> 
     </span>
    </p>
   </div>
   <div class='ocr_carea' id='block_1_86' title="bbox 1964 3961 3547 4034">
    <p class='ocr_par' dir='ltr' id='par_1_86' title="bbox 1964 3961 3547 4034">
     <span class='ocr_line' id='line_1_86' title="bbox 1964 3961 3547 4034; baseline -0.001 -19"><span class='ocrx_word' id='word_1_561' title='bbox 1964 3962 2091 4032; x_wconf 77' lang='grc' dir='ltr'>ἐμέ.</span> <span class='ocrx_word' id='word_1_562' title='bbox 2145 3961 2432 4034; x_wconf 84' lang='grc' dir='ltr'>Βαρύτητα</span> <span class='ocrx_word' id='word_1_563' title='bbox 2478 3962 2575 4032; x_wconf 83' lang='grc' dir='ltr'>τὴν</span> <span class='ocrx_word' id='word_1_564' title='bbox 2622 3961 2721 4032; x_wconf 81' lang='grc' dir='ltr'>τῆς</span> <span class='ocrx_word' id='word_1_565' title='bbox 2751 3961 3103 4032; x_wconf 81' lang='grc' dir='ltr'>συνειδήσεως</span> <span class='ocrx_word' id='word_1_566' title='bbox 3132 3964 3209 4025; x_wconf 84' lang='grc' dir='ltr'><strong>είς</strong></span> <span class='ocrx_word' id='word_1_567' title='bbox 3239 3962 3547 4030; x_wconf 75' lang='grc' dir='ltr'>ἀπόγνωσιν</span> 
     </span>
    </p>
   </div>
   <div class='ocr_carea' id='block_1_87' title="bbox 1965 4050 2891 4122">
    <p class='ocr_par' dir='ltr' id='par_1_87' title="bbox 1965 4050 2891 4122">
     <span class='ocr_line' id='line_1_87' title="bbox 1965 4050 2891 4122; baseline -0.005 -13"><span class='ocrx_word' id='word_1_568' title='bbox 1965 4052 2169 4120; x_wconf 80' lang='grc' dir='ltr'>ὥθησιν</span> <span class='ocrx_word' id='word_1_569' title='bbox 2204 4053 2320 4122; x_wconf 79' lang='grc' dir='ltr'>μετ’</span> <span class='ocrx_word' id='word_1_570' title='bbox 2350 4050 2652 4115; x_wconf 75' lang='grc' dir='ltr'>ἑπιτάσεώς</span> <span class='ocrx_word' id='word_1_571' title='bbox 2706 4068 2891 4122; x_wconf 85' lang='grc' dir='ltr'>φησιν.</span> 
     </span>
    </p>
   </div>
   <div class='ocr_carea' id='block_1_88' title="bbox 2040 4138 3547 4211">
    <p class='ocr_par' dir='ltr' id='par_1_88' title="bbox 2040 4138 3547 4211">
     <span class='ocr_line' id='line_1_88' title="bbox 2040 4138 3547 4211; baseline -0.002 -15"><span class='ocrx_word' id='word_1_572' title='bbox 2040 4140 2430 4211; x_wconf 81' lang='grc' dir='ltr'>Προσώζεσαν</span> <span class='ocrx_word' id='word_1_573' title='bbox 2472 4139 2570 4193; x_wconf 79' lang='grc' dir='ltr'>καὶ</span> <span class='ocrx_word' id='word_1_574' title='bbox 2620 4138 2943 4207; x_wconf 81' lang='grc' dir='ltr'>ἑσάπησαν</span> <span class='ocrx_word' id='word_1_575' title='bbox 2992 4142 3047 4193; x_wconf 81' lang='grc' dir='ltr'>οι</span> <span class='ocrx_word' id='word_1_576' title='bbox 3094 4138 3382 4209; x_wconf 70' lang='grc' dir='ltr'>μώλωπες</span> <span class='ocrx_word' id='word_1_577' title='bbox 3423 4158 3547 4208; x_wconf 70' lang='grc' dir='ltr'><strong>μου</strong></span> 
     </span>
    </p>
   </div>
   <div class='ocr_carea' id='block_1_89' title="bbox 1965 4229 3553 4301">
    <p class='ocr_par' dir='ltr' id='par_1_89' title="bbox 1965 4229 3553 4301">
     <span class='ocr_line' id='line_1_89' title="bbox 1965 4229 3553 4301; baseline -0.003 -13"><span class='ocrx_word' id='word_1_578' title='bbox 1965 4234 2085 4289; x_wconf 81' lang='grc' dir='ltr'>ἀπὸ</span> <span class='ocrx_word' id='word_1_579' title='bbox 2136 4237 2461 4301; x_wconf 77' lang='grc' dir='ltr'>προσώπου</span> <span class='ocrx_word' id='word_1_580' title='bbox 2514 4229 2623 4299; x_wconf 79' lang='grc' dir='ltr'>τῆς</span> <span class='ocrx_word' id='word_1_581' title='bbox 2673 4230 3025 4298; x_wconf 65' lang='grc' dir='ltr'>ἀφροσύνης</span> <span class='ocrx_word' id='word_1_582' title='bbox 3056 4247 3193 4299; x_wconf 84' lang='grc' dir='ltr'>μου.</span> <span class='ocrx_word' id='word_1_583' title='bbox 3250 4230 3405 4284; x_wconf 85' lang='grc' dir='ltr'>Πᾶσα</span> <span class='ocrx_word' id='word_1_584' title='bbox 3435 4230 3553 4301; x_wconf 77' lang='grc' dir='ltr'>γὰρ</span> 
     </span>
    </p>
   </div>
   <div class='ocr_carea' id='block_1_90' title="bbox 297 4319 1893 4398">
    <p class='ocr_par' dir='ltr' id='par_1_90' title="bbox 297 4323 1865 4398">
     <span class='ocr_line' id='line_1_90' title="bbox 297 4323 1865 4398; baseline 0.003 -21"><span class='ocrx_word' id='word_1_585' title='bbox 297 4323 468 4378; x_wconf 82' lang='lat' dir='ltr'><strong>tidum</strong></span> <span class='ocrx_word' id='word_1_586' title='bbox 494 4334 581 4379; x_wconf 83' lang='lat' dir='ltr'><strong>est</strong></span> <span class='ocrx_word' id='word_1_587' title='bbox 609 4340 624 4378; x_wconf 88' lang='lat'><strong>:</strong></span> <span class='ocrx_word' id='word_1_588' title='bbox 657 4326 763 4380; x_wconf 89' lang='lat' dir='ltr'><strong>nisi</strong></span> <span class='ocrx_word' id='word_1_589' title='bbox 790 4327 935 4394; x_wconf 77' lang='lat' dir='ltr'><strong>enim</strong></span> <span class='ocrx_word' id='word_1_590' title='bbox 984 4327 1039 4382; x_wconf 87' lang='lat' dir='ltr'><strong>in</strong></span> <span class='ocrx_word' id='word_1_591' title='bbox 1081 4328 1454 4398; x_wconf 85' lang='lat' dir='ltr'><strong>insipientiam</strong></span> <span class='ocrx_word' id='word_1_592' title='bbox 1491 4329 1674 4383; x_wconf 86' lang='lat' dir='ltr'><strong>anima</strong></span> <span class='ocrx_word' id='word_1_593' title='bbox 1714 4328 1865 4383; x_wconf 82' lang='lat' dir='ltr'><strong>deci-</strong></span> 
     </span>
    </p>
   </div>
   <div class='ocr_carea' id='block_1_91' title="bbox 2021 4319 3549 4398">
    <p class='ocr_par' dir='ltr' id='par_1_91' title="bbox 2021 4319 3549 4396">
     <span class='ocr_line' id='line_1_91' title="bbox 2021 4319 3549 4396; baseline -0.005 -18"><span class='ocrx_word' id='word_1_594' title='bbox 2021 4324 2216 4396; x_wconf 73' lang='grc' dir='ltr'>μαρτία</span> <span class='ocrx_word' id='word_1_595' title='bbox 2240 4323 2458 4393; x_wconf 88' lang='grc' dir='ltr'>μυσαρά</span> <span class='ocrx_word' id='word_1_596' title='bbox 2475 4339 2531 4377; x_wconf 87' lang='grc' dir='ltr'><strong>τε</strong></span> <span class='ocrx_word' id='word_1_597' title='bbox 2554 4323 2647 4376; x_wconf 58' lang='grc' dir='ltr'><strong>καὶ⁵</strong></span> <span class='ocrx_word' id='word_1_598' title='bbox 2666 4319 2907 4391; x_wconf 86' lang='grc' dir='ltr'>δυσώδης</span> <span class='ocrx_word' id='word_1_599' title='bbox 2925 4338 2937 4351; x_wconf 72' lang='grc' dir='ltr'><strong>ο</strong></span> <span class='ocrx_word' id='word_1_600' title='bbox 2967 4323 3014 4373; x_wconf 86' lang='grc' dir='ltr'><strong>εί</strong></span> <span class='ocrx_word' id='word_1_601' title='bbox 3050 4319 3124 4391; x_wconf 82' lang='grc' dir='ltr'>μὴ</span> <span class='ocrx_word' id='word_1_602' title='bbox 3150 4320 3260 4391; x_wconf 83' lang='grc' dir='ltr'>γὰρ</span> <span class='ocrx_word' id='word_1_603' title='bbox 3282 4322 3362 4383; x_wconf 82' lang='grc' dir='ltr'><strong>είς</strong></span> <span class='ocrx_word' id='word_1_604' title='bbox 3385 4321 3549 4391; x_wconf 74' lang='grc' dir='ltr'>ἀφροο</span> 
     </span>
    </p>
   </div>
   <div class='ocr_carea' id='block_1_92' title="bbox 295 4412 1867 4495">
    <p class='ocr_par' dir='ltr' id='par_1_92' title="bbox 295 4412 1867 4495">
     <span class='ocr_line' id='line_1_92' title="bbox 295 4412 1867 4495; baseline 0.003 -26"><span class='ocrx_word' id='word_1_605' title='bbox 295 4412 412 4479; x_wconf 82' lang='lat' dir='ltr'><strong>dat,</strong></span> <span class='ocrx_word' id='word_1_606' title='bbox 456 4423 739 4487; x_wconf 85' lang='lat' dir='ltr'><strong>peccatum</strong></span> <span class='ocrx_word' id='word_1_607' title='bbox 774 4417 1061 4474; x_wconf 84' lang='lat' dir='ltr'><strong>admittere</strong></span> <span class='ocrx_word' id='word_1_608' title='bbox 1109 4434 1391 4495; x_wconf 80' lang='lat' dir='ltr'><strong>nunquam</strong></span> <span class='ocrx_word' id='word_1_609' title='bbox 1436 4419 1695 4474; x_wconf 88' lang='lat' dir='ltr'><strong>tolerarit.</strong></span> <span class='ocrx_word' id='word_1_610' title='bbox 1739 4416 1867 4473; x_wconf 89' lang='lat' dir='ltr'><strong>lnde</strong></span> 
     </span>
    </p>
   </div>
   <div class='ocr_carea' id='block_1_93' title="bbox 296 4508 1867 4579">
    <p class='ocr_par' dir='ltr' id='par_1_93' title="bbox 296 4508 1867 4579">
     <span class='ocr_line' id='line_1_93' title="bbox 296 4508 1867 4579; baseline 0.003 -19"><span class='ocrx_word' id='word_1_611' title='bbox 296 4515 561 4560; x_wconf 86' lang='lat' dir='ltr'><strong>naturam</strong></span> <span class='ocrx_word' id='word_1_612' title='bbox 594 4508 800 4576; x_wconf 87' lang='lat' dir='ltr'><strong>peccati</strong></span> <span class='ocrx_word' id='word_1_613' title='bbox 842 4509 1117 4566; x_wconf 88' lang='lat' dir='ltr'><strong>novimus.</strong></span> <span class='ocrx_word' id='word_1_614' title='bbox 1148 4509 1409 4579; x_wconf 62' lang='lat' dir='ltr'><strong>Quanam</strong></span> <span class='ocrx_word' id='word_1_615' title='bbox 1452 4511 1549 4566; x_wconf 78' lang='lat' dir='ltr'><strong>illa</strong></span> <span class='ocrx_word' id='word_1_616' title='bbox 1574 4510 1691 4567; x_wconf 85' lang='lat' dir='ltr'><strong>est?</strong></span> <span class='ocrx_word' id='word_1_617' title='bbox 1721 4509 1867 4564; x_wconf 81' lang='lat' dir='ltr'><strong>Nihil</strong></span> 
     </span>
    </p>
   </div>
   <div class='ocr_carea' id='block_1_94' title="bbox 294 4597 1792 4670">
    <p class='ocr_par' dir='ltr' id='par_1_94' title="bbox 294 4597 1792 4670">
     <span class='ocr_line' id='line_1_94' title="bbox 294 4597 1792 4670; baseline 0.003 -20"><span class='ocrx_word' id='word_1_618' title='bbox 294 4602 444 4655; x_wconf 80' lang='lat' dir='ltr'><strong>certe</strong></span> <span class='ocrx_word' id='word_1_619' title='bbox 472 4604 754 4667; x_wconf 81' lang='lat' dir='ltr'><strong>peccatum</strong></span> <span class='ocrx_word' id='word_1_620' title='bbox 786 4606 868 4652; x_wconf 89' lang='lat' dir='ltr'><strong>est</strong></span> <span class='ocrx_word' id='word_1_621' title='bbox 892 4598 1003 4654; x_wconf 79' lang='lat' dir='ltr'><strong>nisi</strong></span> <span class='ocrx_word' id='word_1_622' title='bbox 1040 4599 1369 4670; x_wconf 62' lang='lat' dir='ltr'><strong>insipientia;</strong></span> <span class='ocrx_word' id='word_1_623' title='bbox 1396 4609 1599 4656; x_wconf 73' lang='lat' dir='ltr'><strong>nostrae</strong></span> <span class='ocrx_word' id='word_1_624' title='bbox 1628 4597 1792 4656; x_wconf 85' lang='lat' dir='ltr'><strong>fetus.</strong></span> 
     </span>
    </p>
   </div>
   <div class='ocr_carea' id='block_1_95' title="bbox 366 4766 1867 4840">
    <p class='ocr_par' dir='ltr' id='par_1_95' title="bbox 366 4766 1867 4840">
     <span class='ocr_line' id='line_1_95' title="bbox 366 4766 1867 4840; baseline 0.005 -19"><span class='ocrx_word' id='word_1_625' title='bbox 366 4767 421 4821; x_wconf 89' lang='lat'><strong>7.</strong></span> <span class='ocrx_word' id='word_1_626' title='bbox 456 4766 587 4821; x_wconf 85' lang='lat' dir='ltr'><strong>Tota</strong></span> <span class='ocrx_word' id='word_1_627' title='bbox 634 4767 718 4822; x_wconf 87' lang='lat' dir='ltr'><strong>die</strong></span> <span class='ocrx_word' id='word_1_628' title='bbox 763 4769 1110 4825; x_wconf 85' lang='lat' dir='ltr'><strong>contristatus</strong></span> <span class='ocrx_word' id='word_1_629' title='bbox 1153 4771 1503 4840; x_wconf 83' lang='lat' dir='ltr'><strong>ingrediebar.</strong></span> <span class='ocrx_word' id='word_1_630' title='bbox 1553 4772 1609 4827; x_wconf 76' lang='grc' dir='ltr'><strong>ιιι</strong></span> <span class='ocrx_word' id='word_1_631' title='bbox 1654 4773 1867 4829; x_wconf 84' lang='lat' dir='ltr'><strong>dicatur</strong></span> 
     </span>
    </p>
   </div>
   <div class='ocr_carea' id='block_1_96' title="bbox 294 4859 1333 4931">
    <p class='ocr_par' dir='ltr' id='par_1_96' title="bbox 294 4859 1333 4931">
     <span class='ocr_line' id='line_1_96' title="bbox 294 4859 1333 4931; baseline 0.002 -17"><span class='ocrx_word' id='word_1_632' title='bbox 294 4859 364 4917; x_wconf 88' lang='lat' dir='ltr'><strong>iis</strong></span> <span class='ocrx_word' id='word_1_633' title='bbox 384 4859 480 4931; x_wconf 87' lang='lat' dir='ltr'><strong>qui</strong></span> <span class='ocrx_word' id='word_1_634' title='bbox 519 4859 752 4915; x_wconf 86' lang='lat' dir='ltr'><strong>multum</strong></span> <span class='ocrx_word' id='word_1_635' title='bbox 784 4861 960 4921; x_wconf 80' lang='lat' dir='ltr'><strong>rident</strong></span> <span class='ocrx_word' id='word_1_636' title='bbox 991 4871 1045 4916; x_wconf 89' lang='lat' dir='ltr'><strong>et</strong></span> <span class='ocrx_word' id='word_1_637' title='bbox 1066 4863 1333 4919; x_wconf 68' lang='lat' dir='ltr'><strong>laetantur.</strong></span> 
     </span>
    </p>
   </div>
   <div class='ocr_carea' id='block_1_97' title="bbox 368 5032 1866 5107">
    <p class='ocr_par' dir='ltr' id='par_1_97' title="bbox 368 5032 1866 5107">
     <span class='ocr_line' id='line_1_97' title="bbox 368 5032 1866 5107; baseline 0.007 -22"><span class='ocrx_word' id='word_1_638' title='bbox 368 5032 557 5107; x_wconf 76' lang='lat' dir='ltr'><strong>[Miser</strong></span> <span class='ocrx_word' id='word_1_639' title='bbox 590 5035 764 5103; x_wconf 76' lang='lat' dir='ltr'><strong>factus</strong></span> <span class='ocrx_word' id='word_1_640' title='bbox 793 5051 945 5101; x_wconf 87' lang='lat' dir='ltr'><strong>sum,</strong></span> <span class='ocrx_word' id='word_1_641' title='bbox 992 5045 1097 5091; x_wconf 89' lang='lat' dir='ltr'><strong>etc.</strong></span> <span class='ocrx_word' id='word_1_642' title='bbox 1146 5035 1476 5092; x_wconf 86' lang='lat' dir='ltr'><strong>Gravitatem</strong></span> <span class='ocrx_word' id='word_1_643' title='bbox 1521 5039 1866 5096; x_wconf 70' lang='lat' dir='ltr'><strong>conscientia:</strong></span> 
     </span>
    </p>
   </div>
   <div class='ocr_carea' id='block_1_98' title="bbox 295 5122 1686 5200">
    <p class='ocr_par' dir='ltr' id='par_1_98' title="bbox 295 5122 1686 5200">
     <span class='ocr_line' id='line_1_98' title="bbox 295 5122 1686 5200; baseline 0.005 -23"><span class='ocrx_word' id='word_1_644' title='bbox 295 5122 521 5189; x_wconf 84' lang='lat' dir='ltr'><strong>indicat,</strong></span> <span class='ocrx_word' id='word_1_645' title='bbox 553 5142 672 5195; x_wconf 71' lang='lat' dir='ltr'><strong>qua:</strong></span> <span class='ocrx_word' id='word_1_646' title='bbox 691 5128 849 5196; x_wconf 90' lang='lat' dir='ltr'><strong>quasi</strong></span> <span class='ocrx_word' id='word_1_647' title='bbox 882 5127 937 5181; x_wconf 90' lang='lat' dir='ltr'><strong>in</strong></span> <span class='ocrx_word' id='word_1_648' title='bbox 966 5127 1399 5198; x_wconf 80' lang='lat' dir='ltr'><strong>desperationem</strong></span> <span class='ocrx_word' id='word_1_649' title='bbox 1441 5129 1686 5200; x_wconf 89' lang='lat' dir='ltr'><strong>impellit.</strong></span> 
     </span>
    </p>
   </div>
   <div class='ocr_carea' id='block_1_99' title="bbox 368 5213 1863 5289">
    <p class='ocr_par' dir='ltr' id='par_1_99' title="bbox 368 5213 1863 5289">
     <span class='ocr_line' id='line_1_99' title="bbox 368 5213 1863 5289; baseline 0.005 -22"><span class='ocrx_word' id='word_1_650' title='bbox 368 5214 421 5268; x_wconf 87' lang='lat'><strong>8.</strong></span> <span class='ocrx_word' id='word_1_651' title='bbox 453 5213 715 5279; x_wconf 82' lang='lat' dir='ltr'><strong>Quoniam</strong></span> <span class='ocrx_word' id='word_1_652' title='bbox 755 5218 919 5273; x_wconf 85' lang='lat' dir='ltr'><strong>lumbi</strong></span> <span class='ocrx_word' id='word_1_653' title='bbox 954 5221 1053 5274; x_wconf 90' lang='lat' dir='ltr'><strong>mei</strong></span> <span class='ocrx_word' id='word_1_654' title='bbox 1095 5221 1299 5289; x_wconf 77' lang='lat' dir='ltr'><strong>impleti</strong></span> <span class='ocrx_word' id='word_1_655' title='bbox 1336 5231 1457 5274; x_wconf 82' lang='lat' dir='ltr'><strong>sunt</strong></span> <span class='ocrx_word' id='word_1_656' title='bbox 1505 5221 1863 5276; x_wconf 77' lang='lat' dir='ltr'><strong>illusionibus.</strong></span> 
     </span>
    </p>
   </div>
   <div class='ocr_carea' id='block_1_100' title="bbox 297 5305 1862 5377">
    <p class='ocr_par' dir='ltr' id='par_1_100' title="bbox 297 5305 1862 5377">
     <span class='ocr_line' id='line_1_100' title="bbox 297 5305 1862 5377; baseline 0.006 -19"><span class='ocrx_word' id='word_1_657' title='bbox 297 5305 802 5377; x_wconf 69' lang='lat' dir='ltr'><strong>Quoniam,inquit,</strong></span> <span class='ocrx_word' id='word_1_658' title='bbox 823 5310 1071 5366; x_wconf 84' lang='lat' dir='ltr'><strong>videbam</strong></span> <span class='ocrx_word' id='word_1_659' title='bbox 1096 5312 1349 5367; x_wconf 90' lang='lat' dir='ltr'><strong>inimicos</strong></span> <span class='ocrx_word' id='word_1_660' title='bbox 1378 5313 1511 5367; x_wconf 88' lang='lat' dir='ltr'><strong>mihi</strong></span> <span class='ocrx_word' id='word_1_661' title='bbox 1539 5313 1827 5369; x_wconf 89' lang='lat' dir='ltr'><strong>illudentes</strong></span> <span class='ocrx_word' id='word_1_662' title='bbox 1850 5332 1862 5367; x_wconf 94' lang='lat'>:</span> 
     </span>
    </p>
   </div>
   <div class='ocr_carea' id='block_1_101' title="bbox 298 5396 1497 5474">
    <p class='ocr_par' dir='ltr' id='par_1_101' title="bbox 298 5396 1497 5474">
     <span class='ocr_line' id='line_1_101' title="bbox 298 5396 1497 5474; baseline 0.004 -23"><span class='ocrx_word' id='word_1_663' title='bbox 298 5396 662 5469; x_wconf 84' lang='lat' dir='ltr'><strong>intelligibiles</strong></span> <span class='ocrx_word' id='word_1_664' title='bbox 687 5409 870 5456; x_wconf 88' lang='lat' dir='ltr'><strong>autem</strong></span> <span class='ocrx_word' id='word_1_665' title='bbox 903 5402 1155 5458; x_wconf 86' lang='lat' dir='ltr'><strong>inimicos</strong></span> <span class='ocrx_word' id='word_1_666' title='bbox 1183 5401 1497 5474; x_wconf 80' lang='lat' dir='ltr'><strong>signitlcat.]</strong></span> 
     </span>
    </p>
   </div>
   <div class='ocr_carea' id='block_1_102' title="bbox 366 5476 1865 5559">
    <p class='ocr_par' dir='ltr' id='par_1_102' title="bbox 366 5476 1865 5559">
     <span class='ocr_line' id='line_1_102' title="bbox 366 5476 1865 5559; baseline 0.005 -17"><span class='ocrx_word' id='word_1_667' title='bbox 366 5487 422 5544; x_wconf 75' lang='lat'><strong>9.</strong></span> <span class='ocrx_word' id='word_1_668' title='bbox 452 5476 686 5559; x_wconf 62' lang='lat' dir='ltr'><strong>Aﬁiictus</strong></span> <span class='ocrx_word' id='word_1_669' title='bbox 724 5507 840 5544; x_wconf 89' lang='lat' dir='ltr'><strong>sum</strong></span> <span class='ocrx_word' id='word_1_670' title='bbox 879 5501 930 5546; x_wconf 91' lang='lat' dir='ltr'><strong>et</strong></span> <span class='ocrx_word' id='word_1_671' title='bbox 962 5493 1268 5548; x_wconf 69' lang='lat' dir='ltr'><strong>humiliatus</strong></span> <span class='ocrx_word' id='word_1_672' title='bbox 1297 5511 1413 5548; x_wconf 87' lang='lat' dir='ltr'><strong>sum</strong></span> <span class='ocrx_word' id='word_1_673' title='bbox 1445 5495 1621 5549; x_wconf 81' lang='lat' dir='ltr'><strong>nimis.</strong></span> <span class='ocrx_word' id='word_1_674' title='bbox 1655 5493 1734 5549; x_wconf 75' lang='lat' dir='ltr'><strong>Ex</strong></span> <span class='ocrx_word' id='word_1_675' title='bbox 1760 5495 1865 5550; x_wconf 85' lang='lat' dir='ltr'><strong>ltu—</strong></span> 
     </span>
    </p>
   </div>
   <div class='ocr_carea' id='block_1_103' title="bbox 295 5581 1860 5655">
    <p class='ocr_par' dir='ltr' id='par_1_103' title="bbox 295 5581 1860 5655">
     <span class='ocr_line' id='line_1_103' title="bbox 295 5581 1860 5655; baseline 0.005 -21"><span class='ocrx_word' id='word_1_676' title='bbox 295 5581 536 5651; x_wconf 70' lang='lat' dir='ltr'><strong>jnsmodi</strong></span> <span class='ocrx_word' id='word_1_677' title='bbox 560 5624 575 5650; x_wconf 91' lang='lat'><strong>,</strong></span> <span class='ocrx_word' id='word_1_678' title='bbox 604 5581 822 5654; x_wconf 82' lang='lat' dir='ltr'><strong>inquit,</strong></span> <span class='ocrx_word' id='word_1_679' title='bbox 856 5585 1293 5655; x_wconf 80' lang='lat' dir='ltr'><strong>concupiscentia</strong></span> <span class='ocrx_word' id='word_1_680' title='bbox 1315 5626 1331 5653; x_wconf 84' lang='lat'><strong>,</strong></span> <span class='ocrx_word' id='word_1_681' title='bbox 1368 5586 1420 5641; x_wconf 94' lang='lat' dir='ltr'><strong>id</strong></span> <span class='ocrx_word' id='word_1_682' title='bbox 1446 5602 1568 5643; x_wconf 87' lang='lat' dir='ltr'><strong>sum</strong></span> <span class='ocrx_word' id='word_1_683' title='bbox 1595 5602 1860 5644; x_wconf 80' lang='lat' dir='ltr'><strong>consecu-</strong></span> 
     </span>
    </p>
   </div>
   <div class='ocr_carea' id='block_1_104' title="bbox 1975 4408 3549 4485">
    <p class='ocr_par' dir='ltr' id='par_1_104' title="bbox 1975 4408 3549 4485">
     <span class='ocr_line' id='line_1_104' title="bbox 1975 4408 3549 4485; baseline -0.005 -17"><span class='ocrx_word' id='word_1_684' title='bbox 1975 4414 2139 4485; x_wconf 89' lang='grc' dir='ltr'>σύνην</span> <span class='ocrx_word' id='word_1_685' title='bbox 2170 4411 2467 4465; x_wconf 81' lang='grc' dir='ltr'>καταπέσοι</span> <span class='ocrx_word' id='word_1_686' title='bbox 2498 4409 2719 4481; x_wconf 79' lang='grc' dir='ltr'>ἡψυχὴ,</span> <span class='ocrx_word' id='word_1_687' title='bbox 2752 4410 2852 4464; x_wconf 83' lang='grc' dir='ltr'>οὐκ</span> <span class='ocrx_word' id='word_1_688' title='bbox 2871 4409 2935 4463; x_wconf 81' lang='grc' dir='ltr'>ἂν</span> <span class='ocrx_word' id='word_1_689' title='bbox 2959 4408 3213 4478; x_wconf 82' lang='grc' dir='ltr'>ὑπομένοι</span> <span class='ocrx_word' id='word_1_690' title='bbox 3239 4409 3335 4479; x_wconf 83' lang='grc' dir='ltr'>τὴν</span> <span class='ocrx_word' id='word_1_691' title='bbox 3367 4409 3549 4478; x_wconf 86' lang='grc' dir='ltr'>ἁμαρ-</span> 
     </span>
    </p>
   </div>
   <div class='ocr_carea' id='block_1_105' title="bbox 1972 4497 3542 4573">
    <p class='ocr_par' dir='ltr' id='par_1_105' title="bbox 1972 4497 3542 4573">
     <span class='ocr_line' id='line_1_105' title="bbox 1972 4497 3542 4573; baseline -0.004 -14"><span class='ocrx_word' id='word_1_692' title='bbox 1972 4506 2112 4559; x_wconf 83' lang='grc' dir='ltr'>τίαν.</span> <span class='ocrx_word' id='word_1_693' title='bbox 2154 4502 2433 4558; x_wconf 79' lang='grc' dir='ltr'>Ἐντεῦθεν</span> <span class='ocrx_word' id='word_1_694' title='bbox 2458 4501 2557 4573; x_wconf 76' lang='grc' dir='ltr'>τὴν</span> <span class='ocrx_word' id='word_1_695' title='bbox 2586 4502 2747 4571; x_wconf 88' lang='grc' dir='ltr'>φύσιν</span> <span class='ocrx_word' id='word_1_696' title='bbox 2772 4501 2868 4570; x_wconf 77' lang='grc' dir='ltr'>τῆς</span> <span class='ocrx_word' id='word_1_697' title='bbox 2894 4499 3163 4570; x_wconf 83' lang='grc' dir='ltr'>ἁμαρτίας</span> <span class='ocrx_word' id='word_1_698' title='bbox 3184 4497 3542 4568; x_wconf 82' lang='grc' dir='ltr'>γινώσκομεν.</span> 
     </span>
    </p>
   </div>
   <div class='ocr_carea' id='block_1_106' title="bbox 1986 4589 3548 4664">
    <p class='ocr_par' dir='ltr' id='par_1_106' title="bbox 1986 4589 3548 4664">
     <span class='ocr_line' id='line_1_106' title="bbox 1986 4589 3548 4664; baseline -0.006 -14"><span class='ocrx_word' id='word_1_699' title='bbox 1986 4595 2174 4650; x_wconf 82' lang='grc' dir='ltr'>Ὀποία</span> <span class='ocrx_word' id='word_1_700' title='bbox 2200 4594 2283 4658; x_wconf 85' lang='grc' dir='ltr'><strong>τίς</strong></span> <span class='ocrx_word' id='word_1_701' title='bbox 2308 4596 2424 4647; x_wconf 79' lang='grc' dir='ltr'>ἐστι</span> <span class='ocrx_word' id='word_1_702' title='bbox 2448 4635 2464 4659; x_wconf 83' lang='grc'><strong>,</strong></span> <span class='ocrx_word' id='word_1_703' title='bbox 2501 4592 2638 4664; x_wconf 80' lang='grc' dir='ltr'>πλὴν</span> <span class='ocrx_word' id='word_1_704' title='bbox 2671 4593 2751 4645; x_wconf 87' lang='grc' dir='ltr'>ὃτι</span> <span class='ocrx_word' id='word_1_705' title='bbox 2785 4589 2891 4643; x_wconf 79' lang='grc' dir='ltr'>ἀπὸ</span> <span class='ocrx_word' id='word_1_706' title='bbox 2911 4591 3219 4663; x_wconf 84' lang='grc' dir='ltr'>ἀφροσύνης</span> <span class='ocrx_word' id='word_1_707' title='bbox 3246 4592 3372 4661; x_wconf 75' lang='grc' dir='ltr'>ἡμῖν</span> <span class='ocrx_word' id='word_1_708' title='bbox 3405 4607 3548 4661; x_wconf 85' lang='grc' dir='ltr'>συμ-</span> 
     </span>
    </p>
   </div>
   <div class='ocr_carea' id='block_1_107' title="bbox 1974 4682 2668 4755">
    <p class='ocr_par' dir='ltr' id='par_1_107' title="bbox 1974 4682 2668 4755">
     <span class='ocr_line' id='line_1_107' title="bbox 1974 4682 2668 4755; baseline -0.006 -16"><span class='ocrx_word' id='word_1_709' title='bbox 1974 4687 2245 4740; x_wconf 77' lang='grc' dir='ltr'>ϐαίνουσιν</span> <span class='ocrx_word' id='word_1_710' title='bbox 2278 4687 2332 4738; x_wconf 79' lang='grc' dir='ltr'>αἱ</span> <span class='ocrx_word' id='word_1_711' title='bbox 2362 4682 2625 4755; x_wconf 75' lang='grc' dir='ltr'>ἁμαρτίαι</span> <span class='ocrx_word' id='word_1_712' title='bbox 2651 4699 2668 4746; x_wconf 86' lang='grc'><strong>;</strong></span> 
     </span>
    </p>
   </div>
   <div class='ocr_carea' id='block_1_108' title="bbox 2047 4770 3542 4842">
    <p class='ocr_par' dir='ltr' id='par_1_108' title="bbox 2047 4770 3542 4842">
     <span class='ocr_line' id='line_1_108' title="bbox 2047 4770 3542 4842; baseline -0.001 -14"><span class='ocrx_word' id='word_1_713' title='bbox 2047 4776 2237 4841; x_wconf 74' lang='grc' dir='ltr'>Ὅλην</span> <span class='ocrx_word' id='word_1_714' title='bbox 2267 4774 2382 4840; x_wconf 82' lang='grc' dir='ltr'>τὴν</span> <span class='ocrx_word' id='word_1_715' title='bbox 2428 4771 2659 4841; x_wconf 77' lang='grc' dir='ltr'>ἡμέραν</span> <span class='ocrx_word' id='word_1_716' title='bbox 2693 4770 3124 4839; x_wconf 79' lang='grc' dir='ltr'>σκυθρωπάζων</span> <span class='ocrx_word' id='word_1_717' title='bbox 3153 4772 3542 4842; x_wconf 81' lang='grc' dir='ltr'>ἐπορευόμην.</span> 
     </span>
    </p>
   </div>
   <div class='ocr_carea' id='block_1_109' title="bbox 1975 4860 3542 4935">
    <p class='ocr_par' dir='ltr' id='par_1_109' title="bbox 1975 4860 3542 4935">
     <span class='ocr_line' id='line_1_109' title="bbox 1975 4860 3542 4935; baseline -0.003 -16"><span class='ocrx_word' id='word_1_718' title='bbox 1975 4863 2206 4920; x_wconf 84' lang='grc' dir='ltr'>Λεκτέον</span> <span class='ocrx_word' id='word_1_719' title='bbox 2236 4862 2393 4917; x_wconf 79' lang='grc' dir='ltr'>τοῦτο</span> <span class='ocrx_word' id='word_1_720' title='bbox 2427 4863 2565 4935; x_wconf 88' lang='grc' dir='ltr'>πρὸς</span> <span class='ocrx_word' id='word_1_721' title='bbox 2590 4861 2716 4925; x_wconf 80' lang='grc' dir='ltr'>τοὺς</span> <span class='ocrx_word' id='word_1_722' title='bbox 2742 4860 3013 4929; x_wconf 78' lang='grc' dir='ltr'>γελῶντας</span> <span class='ocrx_word' id='word_1_723' title='bbox 3038 4862 3321 4917; x_wconf 64' lang='grc' dir='ltr'>πολλάκαὶ</span> <span class='ocrx_word' id='word_1_724' title='bbox 3346 4880 3399 4915; x_wconf 81' lang='grc' dir='ltr'><strong>τε</strong></span> <span class='ocrx_word' id='word_1_725' title='bbox 3411 4880 3512 4935; x_wconf 83' lang='grc' dir='ltr'><strong>ρπο</strong></span> <span class='ocrx_word' id='word_1_726' title='bbox 3529 4893 3542 4903; x_wconf 88' lang='grc'><strong>-</strong></span> 
     </span>
    </p>
   </div>
   <div class='ocr_carea' id='block_1_110' title="bbox 1978 4955 2187 5027">
    <p class='ocr_par' dir='ltr' id='par_1_110' title="bbox 1978 4955 2187 5027">
     <span class='ocr_line' id='line_1_110' title="bbox 1978 4955 2187 5027; baseline 0 -19"><span class='ocrx_word' id='word_1_727' title='bbox 1978 4955 2187 5027; x_wconf 80' lang='grc' dir='ltr'>μένους.</span> 
     </span>
    </p>
   </div>
   <div class='ocr_carea' id='block_1_111' title="bbox 2045 5043 3549 5119">
    <p class='ocr_par' dir='ltr' id='par_1_111' title="bbox 2045 5043 3549 5119">
     <span class='ocr_line' id='line_1_111' title="bbox 2045 5043 3549 5119; baseline -0.01 -18"><span class='ocrx_word' id='word_1_728' title='bbox 2045 5046 2065 5119; x_wconf 91' lang='grc'><strong>[</strong></span> <span class='ocrx_word' id='word_1_729' title='bbox 2095 5044 2587 5113; x_wconf 78' lang='grc' dir='ltr'>Ἐταλαιπώρησα</span> <span class='ocrx_word' id='word_1_730' title='bbox 2613 5043 2725 5098; x_wconf 81' lang='grc' dir='ltr'>καὶ·</span> <span class='ocrx_word' id='word_1_731' title='bbox 2742 5059 2939 5097; x_wconf 79' lang='grc' dir='ltr'>κατεκ.</span> <span class='ocrx_word' id='word_1_732' title='bbox 2962 5084 2978 5108; x_wconf 91' lang='grc'><strong>,</strong></span> <span class='ocrx_word' id='word_1_733' title='bbox 3025 5043 3118 5101; x_wconf 78' lang='grc' dir='ltr'>καὶ</span> <span class='ocrx_word' id='word_1_734' title='bbox 3146 5044 3214 5097; x_wconf 72' lang='grc' dir='ltr'>τὰ</span> <span class='ocrx_word' id='word_1_735' title='bbox 3250 5044 3396 5114; x_wconf 77' lang='grc' dir='ltr'>ἑξῆς.</span> <span class='ocrx_word' id='word_1_736' title='bbox 3446 5046 3549 5097; x_wconf 71' lang='grc' dir='ltr'><strong>Βα-</strong></span> 
     </span>
    </p>
   </div>
   <div class='ocr_carea' id='block_1_112' title="bbox 1977 5135 3538 5210">
    <p class='ocr_par' dir='ltr' id='par_1_112' title="bbox 1977 5135 3538 5210">
     <span class='ocr_line' id='line_1_112' title="bbox 1977 5135 3538 5210; baseline 0 -18"><span class='ocrx_word' id='word_1_737' title='bbox 1977 5139 2179 5210; x_wconf 86' lang='grc' dir='ltr'>ρύτητα</span> <span class='ocrx_word' id='word_1_738' title='bbox 2209 5138 2307 5210; x_wconf 81' lang='grc' dir='ltr'>τῆς</span> <span class='ocrx_word' id='word_1_739' title='bbox 2356 5137 2708 5208; x_wconf 84' lang='grc' dir='ltr'>συνειδήσεως</span> <span class='ocrx_word' id='word_1_740' title='bbox 2742 5135 2817 5198; x_wconf 85' lang='grc' dir='ltr'>ὡς</span> <span class='ocrx_word' id='word_1_741' title='bbox 2858 5138 2937 5199; x_wconf 77' lang='grc' dir='ltr'><strong>εἰς</strong></span> <span class='ocrx_word' id='word_1_742' title='bbox 2978 5135 3283 5203; x_wconf 88' lang='grc' dir='ltr'>ἀπόγνωσιν</span> <span class='ocrx_word' id='word_1_743' title='bbox 3318 5135 3538 5207; x_wconf 79' lang='grc' dir='ltr'>ῶθησιν.</span> 
     </span>
    </p>
   </div>
   <div class='ocr_carea' id='block_1_113' title="bbox 2046 5226 3550 5297">
    <p class='ocr_par' dir='ltr' id='par_1_113' title="bbox 2046 5226 3550 5297">
     <span class='ocr_line' id='line_1_113' title="bbox 2046 5226 3550 5297; baseline -0.001 -16"><span class='ocrx_word' id='word_1_744' title='bbox 2046 5231 2172 5283; x_wconf 81' lang='grc' dir='ltr'>Ὅτι</span> <span class='ocrx_word' id='word_1_745' title='bbox 2190 5232 2248 5283; x_wconf 84' lang='grc' dir='ltr'>αἱ</span> <span class='ocrx_word' id='word_1_746' title='bbox 2270 5230 2413 5296; x_wconf 67' lang='grc' dir='ltr'>ψόαι</span> <span class='ocrx_word' id='word_1_747' title='bbox 2431 5246 2549 5297; x_wconf 82' lang='grc' dir='ltr'><strong>μου</strong></span> <span class='ocrx_word' id='word_1_748' title='bbox 2570 5228 2973 5297; x_wconf 71' lang='grc' dir='ltr'>ἐπλήσθησαν</span> <span class='ocrx_word' id='word_1_749' title='bbox 2985 5226 3345 5297; x_wconf 78' lang='grc' dir='ltr'>ἐμπαιγμῶν.</span> <span class='ocrx_word' id='word_1_750' title='bbox 3376 5229 3501 5281; x_wconf 84' lang='grc' dir='ltr'>Ἐπε</span> <span class='ocrx_word' id='word_1_751' title='bbox 3510 5247 3550 5280; x_wconf 86' lang='grc' dir='ltr'>ι-</span> 
     </span>
    </p>
   </div>
   <div class='ocr_carea' id='block_1_114' title="bbox 1971 5316 3551 5389">
    <p class='ocr_par' dir='ltr' id='par_1_114' title="bbox 1971 5316 3551 5389">
     <span class='ocr_line' id='line_1_114' title="bbox 1971 5316 3551 5389; baseline -0.001 -18"><span class='ocrx_word' id='word_1_752' title='bbox 1971 5319 2147 5388; x_wconf 84' lang='grc' dir='ltr'>δήπερ</span> <span class='ocrx_word' id='word_1_753' title='bbox 2192 5321 2385 5389; x_wconf 65' lang='grc' dir='ltr'>φησιν,</span> <span class='ocrx_word' id='word_1_754' title='bbox 2425 5318 2519 5369; x_wconf 76' lang='grc' dir='ltr'><strong>ἐπὶ</strong></span> <span class='ocrx_word' id='word_1_755' title='bbox 2562 5318 2623 5371; x_wconf 83' lang='grc' dir='ltr'>τὸ</span> <span class='ocrx_word' id='word_1_756' title='bbox 2663 5316 3019 5379; x_wconf 75' lang='grc' dir='ltr'>καταπαίζειν</span> <span class='ocrx_word' id='word_1_757' title='bbox 3053 5334 3153 5386; x_wconf 88' lang='grc' dir='ltr'><strong>μου</strong></span> <span class='ocrx_word' id='word_1_758' title='bbox 3203 5317 3388 5381; x_wconf 72' lang='grc' dir='ltr'>λοιπὸν</span> <span class='ocrx_word' id='word_1_759' title='bbox 3420 5317 3551 5380; x_wconf 57' lang='grc' dir='ltr'>τοὺς</span> 
     </span>
    </p>
   </div>
   <div class='ocr_carea' id='block_1_115' title="bbox 1973 5409 3310 5483">
    <p class='ocr_par' dir='ltr' id='par_1_115' title="bbox 1973 5409 3310 5483">
     <span class='ocr_line' id='line_1_115' title="bbox 1973 5409 3310 5483; baseline -0.001 -20"><span class='ocrx_word' id='word_1_760' title='bbox 1973 5410 2199 5483; x_wconf 76' lang='grc' dir='ltr'>ἐχθρούς</span> <span class='ocrx_word' id='word_1_761' title='bbox 2233 5427 2332 5480; x_wconf 89' lang='grc' dir='ltr'><strong>μου</strong></span> <span class='ocrx_word' id='word_1_762' title='bbox 2366 5409 2578 5481; x_wconf 79' lang='grc' dir='ltr'>ἑώρων·</span> <span class='ocrx_word' id='word_1_763' title='bbox 2610 5412 2736 5475; x_wconf 83' lang='grc' dir='ltr'>τοὺς</span> <span class='ocrx_word' id='word_1_764' title='bbox 2767 5413 2988 5479; x_wconf 78' lang='grc' dir='ltr'>νοητοὺς</span> <span class='ocrx_word' id='word_1_765' title='bbox 3012 5412 3067 5464; x_wconf 81' lang='grc' dir='ltr'>δὲ</span> <span class='ocrx_word' id='word_1_766' title='bbox 3097 5410 3265 5480; x_wconf 79' lang='grc' dir='ltr'>λέγει.</span> <span class='ocrx_word' id='word_1_767' title='bbox 3291 5409 3310 5481; x_wconf 88' lang='grc'>]</span> 
     </span>
    </p>
   </div>
   <div class='ocr_carea' id='block_1_116' title="bbox 2054 5496 3545 5569">
    <p class='ocr_par' dir='ltr' id='par_1_116' title="bbox 2054 5496 3545 5569">
     <span class='ocr_line' id='line_1_116' title="bbox 2054 5496 3545 5569; baseline 0.006 -18"><span class='ocrx_word' id='word_1_768' title='bbox 2054 5498 2391 5566; x_wconf 76' lang='grc' dir='ltr'>Ἔκακώθην</span> <span class='ocrx_word' id='word_1_769' title='bbox 2447 5500 2544 5553; x_wconf 79' lang='grc' dir='ltr'><strong>καί</strong></span> <span class='ocrx_word' id='word_1_770' title='bbox 2583 5500 2983 5567; x_wconf 82' lang='grc' dir='ltr'>ἐταπεινώθην</span> <span class='ocrx_word' id='word_1_771' title='bbox 3011 5500 3120 5567; x_wconf 80' lang='grc' dir='ltr'>ἕως</span> <span class='ocrx_word' id='word_1_772' title='bbox 3152 5500 3403 5569; x_wconf 67' lang='grc' dir='ltr'>σφόδρα.</span> <span class='ocrx_word' id='word_1_773' title='bbox 3454 5496 3545 5560; x_wconf 76' lang='grc' dir='ltr'><strong>Ἐξ</strong></span> 
     </span>
    </p>
   </div>
   <div class='ocr_carea' id='block_1_117' title="bbox 1973 5589 3543 5663">
    <p class='ocr_par' dir='ltr' id='par_1_117' title="bbox 1973 5589 3543 5663">
     <span class='ocr_line' id='line_1_117' title="bbox 1973 5589 3543 5663; baseline 0.001 -22"><span class='ocrx_word' id='word_1_774' title='bbox 1973 5590 2203 5661; x_wconf 69' lang='grc' dir='ltr'>ἐκείνης,</span> <span class='ocrx_word' id='word_1_775' title='bbox 2236 5591 2389 5662; x_wconf 76' lang='grc' dir='ltr'>φησὶ,</span> <span class='ocrx_word' id='word_1_776' title='bbox 2432 5592 2531 5659; x_wconf 82' lang='grc' dir='ltr'>τῆς</span> <span class='ocrx_word' id='word_1_777' title='bbox 2580 5591 2873 5662; x_wconf 78' lang='grc' dir='ltr'>ἐπιθυμίας</span> <span class='ocrx_word' id='word_1_778' title='bbox 2907 5592 3183 5663; x_wconf 81' lang='grc' dir='ltr'>ὲτρύγησα</span> <span class='ocrx_word' id='word_1_779' title='bbox 3212 5593 3270 5646; x_wconf 82' lang='grc' dir='ltr'>τὸ</span> <span class='ocrx_word' id='word_1_780' title='bbox 3316 5589 3543 5644; x_wconf 78' lang='grc' dir='ltr'>κύπτειν</span> 
     </span>
    </p>
   </div>
  </div>
