3786 6278
305 276 410 331 187
1146 271 1202 327 S.
1239 269 1613 326 ATHANASLl
1652 269 1802 327 OPP.
1847 272 2026 328 PARS
2060 271 2147 329 Ill.
2188 306 2259 317 —
2294 275 2711 334 EXEGETICA.
3446 273 3568 335 188

300 397 405 448 tes,
439 399 525 439 me
548 382 1032 454 persequebantur,
1062 398 1120 437 se
1154 384 1278 452 jure
1308 399 1371 437 ar.
1400 393 1592 438 merito
1622 384 1673 437 id
1709 398 1835 454 ager

2003 386 2093 439 ;ατ“
2127 387 2261 457 ἐμοῦ
2294 388 2555 459 πολέμου,
2597 387 2925 442 κατεδίωκον
2956 404 3046 459 με,
3087 384 3272 442 δίκαια
3302 388 3569 458 λέγοντες

295 476 629 546 iactitantes.
670 475 903 544 Ideoque
934 475 1108 529 lactus
1134 474 1276 544 apud
1323 475 1445 529 illos
1478 490 1577 530 ceu
1619 485 1835 528 mortuu

2003 480 2159 531 τοιεῖν.
2180 478 2479 549 Τοιγαροῦν
2499 480 2593 533 καὶ
2610 480 2906 550 γεγένημαι
2927 482 3057 550 παρ’
3075 481 3257 543 αὐτοῖς
3271 480 3347 544 ὼς
3361 483 3569 554 νεκρὸς

298 570 682 623 abominabilis
712 562 743 623 ε
789 576 1113 638 quapmpter
1159 567 1389 621 obsecro
1437 575 1490 620 te
1538 565 1826 620 Dominum

2003 569 2353 641 ὁδελυγμένος
2374 590 2386 604 ·
2422 571 2502 625 διὸ
2522 572 2586 642 δὴ
2629 572 2723 625 καὶ
2753 572 2964 642 δέομαι,
3006 572 3066 625 σὲ
3103 572 3194 625 τὸν
3228 572 3431 644 Κύριον
3475 575 3563 645 μὴ

299 676 367 713 ne
404 661 654 715 discedas
696 676 725 714 a
775 677 894 724 me;
934 660 1029 714 sed
1080 674 1337 729 properes
1382 660 1561 729 potius
1598 659 1663 712 ad
1710 658 1835 712 auxi

2003 662 2271 731 μποστῆναι
2294 663 2389 715 ἀπ’
2419 663 2551 732 ἐμοῦ
2571 680 2584 694 -
2612 663 2844 718 σπεῦσαι
2874 664 2929 717 δὲ
2967 663 3166 735 μᾶλλον
3193 666 3272 727 εἱς
3302 663 3400 736 τὴν
3432 664 3568 735 βοή-

300 754 433 807 lium
464 754 621 808 nobis
651 752 953 806 ferendum.

2006 765 2119 802 ειαν
2150 749 2250 820 τὴν
2281 752 2577 823 ἡμετέραν.
2930 753 2934 758 ’
3534 772 3545 775 '

365 843 457 899 2|.
490 844 572 898 Ne
603 845 931 913 derelinquas
959 860 1067 909 me,
1108 842 1331 896 Domine
1382 840 1523 896 Deus
1583 858 1764 907 meus,
1806 850 1912 895 etc.
1953 840 2141 894 Daniel
2179 841 2503 896 Barbarus‘:
2549 841 2786 898 Possunt
2850 843 3100 899 homines
3148 859 3287 912 quos
3341 854 3565 899 naturae

300 935 482 1004 inopEa
525 937 591 988 ad
641 935 804 989 Deum
855 936 1175 1003 placandum
1236 935 1497 1002 impellit:
1550 935 1665 991 haec
1705 950 1802 1004 pro
1849 923 2043 1005 scipsis
2082 951 2283 991 orare:
2319 936 2411 990 sed
2479 935 2733 991 Christus
2771 935 2818 989 si
2880 941 3064 990 secum
3107 935 3319 990 Patrem
3353 937 3558 1003 habet,

298 1029 525 1081 salutem
566 1030 844 1082 hominum
881 1012 1141 1094 tanquam
1174 1028 1447 1095 propriam
1482 1028 1647 1094 petit,
1683 1028 1775 1096 qui
1834 1036 1887 1081 et
1948 1032 2059 1093 ipse
2092 1016 2311 1097 quoque
2354 1018 2693 1097 petitionem'
2740 1028 2879 1099 hanc
2931 1027 3230 1082 secundum
3273 1029 3556 1084 divinitati

296 1122 643 1189 conjunctam
710 1122 1100 1173 humanitatem
1145 1129 1400 1188 tanquam
1446 1135 1600 1173 suam
1651 1120 1754 1173 sibi
1813 1120 2022 1195 tribuit.
2073 1119 2185 1175 Hoc
2223 1134 2351 1173 vero
2390 1119 2491 1173 fuit
2528 1119 2578 1173 id
2622 1119 2767 1188 quod
2828 1120 2977 1173 carni
3041 1133 3428 1188 compactum,
3492 1131 3559 1176 et

186 1212 191 1217 ’
295 1213 577 1268 aﬂsctibus
605 1211 901 1275 obnoxium
936 1210 1071 1273 fuit,
1106 1196 1473 1279 cum'alioqui
1518 1210 1860 1263 divinitatem
1922 1224 2107 1265 secum
2163 1209 2391 1263 haberet
2424 1224 2546 1278 quae
2593 1208 2913 1285 petitionem
2940 1207 3086 1262 illius
3118 1219 3291 1262 ratam
3324 1210 3554 1270 faceret.

298 1329 349 1381 ί.
391 1321 728 1380 I’SALMUS
770 1319 1105 1375 XXXVIII.
1170 1319 1235 1374 In
1275 1321 1453 1389 ﬁnem.
1496 1320 1597 1389 ipsi
1630 1318 1867 1375 Idithum

820 1412 1098 1468 Canticum
1150 1412 1341 1466 David.

882 1504 1287 1570 Argumentum.

299 1599 465 1652 Sacer
483 1605 674 1651 cantor
703 1610 826 1649 cum
858 1603 1002 1648 esset
1034 1586 1268 1646 ldithum
1298 1601 1352 1646 ct
1375 1591 1687 1662 prophetica
1714 1606 1873 1647 coro-

2068 1319 2381 1377 ΨΑΛΜΟΣ
2418 1318 2548 1376 AH'.
2601 1322 2706 1387 Εις
2742 1316 2809 1374 td
2854 1320 3049 1388 τέλος,
3089 1320 3333 1393 Ἰδιθοὺμ
3368 1324 3452 1391 ᾠδ

2605 1411 2681 1479 τῷ
2712 1412 2912 1468 Δαυΐδ.
3441 1443 3469 1453 «ν

2536 1486 2541 1493 ’
2607 1503 2929 1579 ’Υπόθεσις.
3547 1534 3559 1546 ο

1983 1592 2328 1664 ’Ῑεροψάλτης
2355 1592 2616 1665 ὑπάρχων
2662 1593 2914 1664 Ἰδιθοὺμ,
2952 1595 3046 1648 καί
3086 1599 3399 1669 προφητιλῇ
3445 1598 3558 1669 χάε-

300 1708 305 1713 ·
369 1676 746 1755 ηοιιιςίςτίιιίιι,
780 1686 1055 1739 canticum
1096 1683 1259 1738 refert
1284 1684 1348 1737 ad
1382 1699 1670 1753 personam
1700 1684 1835 1753 ipsiu

2048 1700 2152 1755 ριτι
2194 1683 2645 1767 κατεστεμμένος,
2679 1683 2821 1754 ᾠδὴν
2853 1684 3231 1751 ἀναϐάλλεται,
3264 1704 3559 1759 προσωπο-

367 1776 558 1843 David,
587 1785 986 1845 repraesentans
1023 1776 1172 1830 illum
1209 1776 1554 1831 contitentem
1588 1784 1881 1849 peccatum.

365 1885 547 1923 suum.

364 1963 420 2016 2.
466 1962 594 2015 Dixi
616 1960 1091 2017 :Custodiamvias
1126 1977 1288 2016 meas.
1323 1959 1553 2013 Evidens
1570 1960 1872 2014 conﬁrmati

295 2055 479 2127 cordis
511 2063 914 2123 argumentum.
958 2052 1121 2106 Posni
1153 2054 1234 2105 ori
1266 2069 1376 2105 meo
1406 2053 1725 2117 custodiam,
1753 2069 1881 2133 cum.

295 2146 597 2219 consisteret
642 2152 883 2213 peccator
920 2144 1192 2196 adversum
1247 2160 1345 2199 me.
1389 2143 1646 2199 Astantes
1689 2154 1868 2199 autem

293 2327 393 2382 illi.

363 2417 416 2470 3.
462 2416 736 2481 Obmutui,
773 2427 821 2470 et
848 2417 1159 2470 humiliatus
1193 2434 1333 2480 sum,
1386 2429 1437 2472 et
1473 2418 1599 2472 silui
1634 2435 1666 2472 a
1700 2419 1870 2493 bonis.

291 2508 588 2573 Conviciis,
609 2510 705 2575 ait,
725 2509 1002 2577 impetitus
1024 2524 1129 2562 non
1156 2510 1403 2563 convicia
1425 2509 1736 2575 reddebam,
1755 2527 1872 2565 cer-

292 2612 429 2651 nens
475 2613 560 2651 me
601 2586 760 2671 bonis
795 2599 1082 2669 eXridissc.
1129 2599 1193 2667 Et
1229 2600 1383 2654 dolor
1408 2617 1551 2655 meus
1590 2612 1871 2657 renovatus

289 2695 387 2740 est.
436 2685 544 2741 Pro
574 2689 931 2754 reSponsione
967 2688 1030 2741 ad
1056 2704 1172 2743 .eos
1199 2690 1291 2757 qui
1321 2705 1423 2747 .me
1449 2691 1874 2769 conviciisoue-

294 2776 508 2839 rabant,
550 2788 767 2845 peceata
797 2780 929 2831 mihi
955 2780 1057 2849 ipsi
1082 2781 1402 2833 revocabam
1441 2781 1494 2833 in
1528 2783 1868 2836 memoriam.

294 2865 552 2934 Memoria
599 2878 779 2923 autem
816 2872 1021 2939 peccati
1064 2871 1222 2941 quasi
1261 2871 1403 2942 ignis
1443 2872 1497 2926 in
1546 2873 1710 2929 corde
1752 2888 1872 2928 meo

291 2970 429 3013 erat.
538 2996 544 3011 ι
1185 2989 1193 2997 ·
1357 2982 1365 2988 ’

1962 1806 1969 1809 -
2043 1761 2520 1847 ποιίανέῐσφέρων
2548 1775 2711 1830 αὑτοῦ
2740 1775 2833 1830 τοῦ
2863 1776 3037 1855 Δαιδῖδ⁴
3056 1776 3553 1867 ἐξομολογουμένου

2044 1869 2136 1921 ἐπὶ
2188 1871 2255 1939 τῇ
2300 1868 2566 1939 ἁμαρτίᾳ.

2038 1955 2211 2011 Εἷπα·
2244 1958 2497 2021 Φυλὰεω
2514 1958 2622 2023 τὰς
2655 1957 2835 2024 ὁδούς
2861 1975 3000 2027 μου.
3042 1959 3339 2024 ’Δπόδειξις
3369 1962 3554 2034 σαφὴς

1974 2048 2269 2120 ἱδρυμένης
2307 2048 2554 2119 καρδίας.
2600 2049 2850 2116 Ἐθέμην
2879 2046 2960 2114 τῷ
2997 2051 3249 2119 στόματι
3274 2068 3392 2120 μου
3436 2070 3556 2121 φυ-

1970 2140 2172 2209 λακὴν
2192 2142 2261 2194 ἐν
2289 2138 2368 2206 τῷ
2394 2139 2698 2213 συστῆναι
2734 2140 2842 2192 τὸν
2873 2141 3228 2209 ἁμαρτωλὸν
3270 2143 3555 2199 ἐναντίον

294 2236 400 2304 ipsi
429 2234 771 2308 .spirituales
798 2234 1059 2307 inimici,
1092 2305 1099 2311 .
1133 2242 1414 2303 peccatum
1467 2236 1835 2306 exprobraban

2003 2248 2106 2287 lOU.
2135 2232 2539 2304 Παριστάμενοι
2562 2231 2669 2301 γὰρ
2700 2229 2849 2317 αὐτῷ
2871 2232 2919 2283 οἱ
2951 2235 3134 2303 vom-oi.
3165 2232 3370 2305 ἐχθροὶ,
3388 2234 3561 2321 ὠνεῖ-η

1872 2355 1878 2365 -
1969 2321 2114 2387 διζον
2135 2322 2299 2376 αὑτοῦ
2318 2323 2416 2393 τὴν
2447 2321 2736 2393 ἁμαρτίαν.
3110 2347 3116 2353 -

2056 2411 2429 2483 Ἐκωφώθηη
2460 2411 2556 2464 καὶ
2587 2411 3011 2479 ἐταπεινώθην,
3050 2412 3146 2465 καὶ
3184 2412 3442 2482 ἐσίγησα
3474 2415 3550 2481 ἐξ

1972 2502 2228 2574 ἀγαθῶν.
2276 2502 2714 2574 Λοιδορούμενος,
2743 2504 2928 2573 φησιν,
2967 2504 3070 2555 οὐκ
3119 2503 3544 2577 ἀντελοιδόρουν,

1975 2595 2200 2648 συνιδὼν
2222 2595 2319 2666 τὴν
2349 2594 2621 2648 ἔκπτωσίν
2671 2612 2773 2666 μου
2797 2594 2905 2647 τῶν
2939 2595 3181 2663 ἀγαθῶν.
3210 2598 3317 2650 Kal
3345 2597 3407 2650 τὸ
3434 2594 3547 2650 ἆλ-

1973 2684 2131 2756 τημιὶ
2152 2704 2271 2755 μου
2296 2686 2705 2765 ἀνεκαίνισθη.
2742 2684 2886 2761 Ἀντὶ
2924 2684 3017 2753 τοῦ
3053 2684 3229 2765 λέγειν
3263 2685 3396 2756 πρὸς
3423 2687 3548 2749 τοὺς

1976 2762 2369 2849 λοιδοροῦντας.
2398 2778 2497 2848 τῆς
2547 2776 2821 2847 ἁμαρτίας
2867 2762 3273 2847 ἀνεμίμνήσκον
3296 2776 3543 2850 ἐμαυτῷ.

1985 2869 2052 2922 Ἦ
2084 2868 2140 2921 δὲ
2178 2870 2365 2938 μνήμη
2392 2868 2492 2937 τῆς
2522 2868 2796 2939 ἁμαρτίας
2836 2863 2925 2923 οἷα
2970 2868 3080 2939 πῦρ
3131 2869 3257 2940 περὶ
3286 2868 3383 2941 τὴν
3410 2887 3547 2942 καρ-

1970 2958 2089 3012 δέαν
2115 2976 2214 3028 μου
2237 2958 2468 3026 ἐγένετο.

360 3048 414 3102 4.
454 3047 523 3101 Et
566 3050 621 3102 in
661 3051 1000 3106 meditatione
1048 3068 1163 3105 mea
1201 3053 1502 3108 exardescet
1531 3055 1685 3124 ignis.
1728 3055 1835 3110 Dun

2006 3006 2260 3103 ’ἳξαῖξιῖ
2276 3006 2615 3119 riualem
2642 3066 2762 3119 μου
2793 3048 3236 3117 ἐκκαυθήσεται
3267 3050 3407 3120 πῦρ.
3455 3050 3545 3106 Ἐν

292 3140 610 3194 memoriam
644 3143 851 3210 peccati
876 3144 1219 3205 revocabam.
1244 3143 1622 3200 inﬂammabar
1649 3147 1793 3217 igne.
1856 3192 1865 3202 .

351 3316 406 3370 5.
425 3300 659 3371 Locutius
698 3334 813 3369 sum
839 3318 893 3370 in
917 3317 1098 3388 lingua
1118 3335 1254 3383 mea,
1276 3329 1380 3374 etc.
1403 3318 1561 3385 Illud,
1583 3322 1636 3375 in
1659 3322 1862 3394 lingua,

289 3407 448 3476 quasi
483 3407 655 3474 dicas,
690 3408 927 3463 demissa
952 3426 1080 3464 voce
1110 3419 1162 3463 et
1191 3412 1347 3481 quasi
1384 3413 1741 3480 susurrando,
1767 3430 1866 3469 nec

290 3496 357 3551 ad
411 3498 612 3575 multos
658 3513 965 3553 sermonem
1018 3500 1319 3570 proferens.
1360 3502 1631 3562 Cmtcrutn
1681 3520 1864 3561 sermo

290 3586 380 3640 ille
408 3582 761 3656 interrogatio
783 3599 900 3644 erat
929 3590 996 3645 de
1017 3592 1209 3647 diebus
1240 3595 1333 3663 qui
1367 3596 1466 3665 ipsi
1498 3607 1863 3666 superessent.

289 3673 681 3753 Sciscitabatur
709 3689 911 3739 autem.
939 3683 1079 3739 scire
1111 3695 1402 3754 perOptans
1437 3705 1566 3742 num
1595 3689 1695 3759 ipsi
1728 3691 1866 3746 resi-

286 3769 454 3822 duum
486 3772 607 3823 vitae
642 3780 853 3841 tempus
884 3771 1023 3827 foret
1048 3776 1112 3827 ad
1157 3778 1531 3844 pmiiitentiam
1570 3784 1723 3834 satis.

360 3858 414 3911 6.
451 3857 585 3913 Ecce
628 3864 1005 3923 mensurabile:
1042 3868 1267 3933 posuisti
1300 3868 1410 3921 dies
1443 3886 1604 3935 meos,
1653 3880 1701 3924 et
1742 3872 1866 3925 sub-

286 3951 487 4004 stantia
514 3967 627 4005 mea
658 3964 908 4025 tanquam
932 3958 1158 4010 nihilum
1207 3970 1328 4013 ante
1371 3973 1441 4014 te.
1488 3962 1739 4027 Etiamsi,
1780 3964 1867 4018 in-

286 4041 426 4108 quit,
464 4040 621 4111 longa
655 4044 836 4099 adhuc
868 4046 1000 4099 mihi
1045 4048 1151 4102 \ita
1180 4050 1507 4118 super-foret,
1541 4055 1697 4122 qttasi
1730 4055 1865 4109 nihil

291 4129 346 4183 in
373 4144 668 4200 conspectu
694 4144 787 4187 tuo
825 4138 1184 4205 reputabitur.
1220 4138 1278 4193 Si
1306 4155 1540 4210 namque
1569 4143 1715 4197 mille
1737 4145 1865 4198 anni

286 4222 651 4293 ante~oculos
718 4231 842 4279 tuos
894 4236 1154 4303 tanquam
1221 4230 1340 4286 dies
1370 4248 1498 4296 una,
1533 4235 1661 4303 quid
1702 4234 1865 4291 fuerit

287 4322 500 4381 tempus
544 4315 779 4370 hominis
827 4318 1027 4371 unius?
1070 4318 1122 4372 Id
1157 4336 1374 4375 rursum
1405 4324 1763 4395 Symmachus
1786 4327 1866 4381 sic

1963 3141 2041 3212 τῷ
2074 3140 2582 3212 ἀναμιμνήσκεσθαί
2633 3157 2698 3211 με
2740 3139 2836 3193 τοῦ
2890 3140 3310 3211 ἁμαρτήματος,
3355 3141 3543 3213 φησὶν,

1966 3232 2232 3302 ἔκαιόμην
2258 3231 2410 3303 πυρί.
3176 3254 3181 3258 ·
3284 3270 3287 3273 -

2053 3322 2361 3390 Ἐλάλησα
2414 3322 2483 3376 ἐν
2543 3320 2792 3392 γλώσσῃ
2838 3339 2959 3391 μου
2982 3339 2995 3353 ·
3034 3322 3345 3391 Γνώρισόν
3388 3339 3491 3392 μοι
3527 3364 3544 3388 ,

1965 3414 2163 3481 Κύριε,
2194 3414 2261 3467 τὸ
2288 3413 2471 3481 πέρας
2494 3431 2631 3482 μου.
2669 3413 2764 3478 Τὸ,
2794 3414 2864 3467 ἐν
2896 3415 3169 3484 γλώσσῃ,
3200 3410 3310 3468 οἷον
3355 3414 3547 3487 ἡρέμα

1968 3506 2064 3560 καὶ
2091 3504 2413 3577 ψιθυρίζων,
2443 3506 2535 3558 καὶ
2568 3503 2642 3575 μὴ
2671 3506 2751 3567 εἰς
2792 3505 3019 3567 πολλοὺς
3048 3505 3294 3576 ἐκφέρων
3323 3504 3413 3558 τὸν
3453 3503 3547 3557 λό-

1968 3613 2085 3665 γον.
2132 3597 2188 3651 ’0
2217 3596 2272 3650 δὲ
2297 3596 2455 3665 λόγος
2479 3594 2747 3667 ἐρώτησις
2765 3591 2833 3667 ἦν
2859 3597 2987 3667 περὶ¹
3006 3595 3124 3649 ,τῶν
3142 3595 3357 3657 ,λοιπῶν
3406 3597 3548 3667 ἡμε-

1970 3686 2100 3759 ρῶν.
2148 3686 2363 3758 Ἠρώτα
2428 3687 2505 3749 δὲ,
2555 3686 2748 3757 μαθεῖν
2802 3689 3120 3760 βουλόμενος
3162 3692 3211 3743 εἰ
3258 3690 3545 3762 ἐξαρκέσει

1967 3774 2117 3845 αὐτῷ
2154 3777 2233 3839 εἰς
2262 3776 2551 3846 μετάνοιαν
2582 3778 2611 3829 ὁ
2634 3777 2820 3842 λοιπὸς
2851 3778 2960 3831 τῶν
2996 3780 3219 3850 ἡμερῶν
3245 3781 3455 3852 χρόνος.
3547 3808 3554 3815 -

2051 3866 2206 3925 Ἰδοὺ
2229 3870 2569 3934 παλαιστὰς
2609 3868 2749 3924 ἔθου
2781 3876 2889 3937 τὰς
2926 3870 3153 3940 ἡμέρας
3178 3889 3294 3941 μου
3317 3887 3332 3902 ’
3371 3870 3469 3925 καὶ
3502 3872 3546 3941 ἡ

1966 3957 2304 4022 ὑπόστασις
2323 3974 2443 4026 μου
2491 3958 2633 4012 ὡσεὶ
2682 3959 2862 4014 οὐθὲν
2898 3959 3157 4014 ἐνώπιόν
3176 3975 3316 4014 σου.
3352 3961 3415 4014 Εἰ
3446 3964 3547 4016 καὶ

1968 4049 2050 4110 εἰς
2079 4046 2273 4118 μῆκος,
2312 4049 2466 4116 φησὶ,
2502 4050 2816 4120 παρατείνει
2842 4067 2931 4121 μοι
2962 4050 3097 4121 ζωὴ,
3128 4051 3205 4113 ὡς
3250 4050 3400 4104 οὐδὲν
3453 4053 3547 4105 ὲν-

1967 4138 2140 4193 ὡπιόν
2179 4156 2273 4193 σου
2306 4139 2706 4211 λογισθήσεται.
2729 4141 2791 4193 Εἰ
2820 4141 2929 4213 γὰρ
2957 4140 3102 4212 χίλια
3135 4142 3227 4213 ἔτη
3252 4144 3308 4195 ὲν
3339 4140 3544 4210 ὀφθαλ-

1971 4234 2092 4303 μοῖς
2120 4248 2213 4285 σον
2245 4232 2321 4294 ὡς
2354 4232 2536 4303 ἡμέρα
2570 4231 2691 4301 μία,
2735 4231 2789 4286 τί
2825 4232 2892 4285 ἂν
2936 4233 3021 4304 εἴη
3060 4234 3248 4305 χρόνος
3276 4233 3423 4296 οὲνδςν
3446 4235 3546 4290 ἀν-

1968 4323 2185 4395 θρώπου
2210 4342 2224 4385 ;
2253 4323 2426 4376 Τοῦτο
2470 4322 2631 4376 πάλιν
2663 4324 2692 4375 ὁ
2725 4323 3021 4395 Σύμμαχος
3057 4324 3243 4388 οὕτως
3266 4326 3545 4398 ἡρμήνευ-

287 4403 669 4471 interpretatus
712 4414 797 4461 cst
841 4427 853 4462 :
889 4407 1023 4462 Ecce
1063 4414 1216 4481 quasi
1265 4414 1469 4481 palmas
1517 4415 1708 4471 dedisti
1754 4419 1835 4473 die

2005 4433 2061 4469 εν
2080 4431 2095 4446 ο
2145 4415 2290 4469 Ἰδοὺ
2329 4416 2408 4480 ὡς
2440 4416 2743 4486 σπιθαμὰς
2761 4416 2988 4482 ἔδωκας
3019 4402 3134 4483 τὰς’
3158 4416 3381 4486 ἡμέρας
3397 4436 3541 4487 μου,

286 4505 460 4555 meos,
509 4505 559 4549 et
606 4500 716 4550 rita
756 4515 869 4553 mea
910 4510 1163 4579 tanquam
1215 4504 1439 4558 nihilum
1483 4507 1539 4560 in
1587 4519 1864 4577 conspectu

286 4594 397 4637 tuo.
442 4583 523 4639 Tu
556 4603 790 4657 namque
823 4592 941 4645 sine
962 4595 1127 4649 initio
1154 4611 1214 4651 es
1252 4604 1306 4649 et
1346 4598 1466 4652 sine
1508 4600 1636 4666 ﬁne,
1678 4612 1864 4657 nostra

284 4689 464 4729 autem
498 4680 605 4731 vita
629 4695 725 4733 ceu
747 4682 1074 4750 quibusdam
1107 4688 1304 4755 palmis
1332 4699 1386 4743 et
1411 4693 1686 4748 mensuris
1713 4710 1865 4749 men-

285 4782 347 4822 sa
380 4777 482 4822 est.
535 4768 977 4851 llis'breritatepi
1023 4777 1268 4835 declarat
1297 4781 1550 4838 humanae
1576 4784 1717 4838 vitae.

352 4946 403 4999 7.
445 4946 810 5006 Verumtamen
835 4955 1079 5011 universa
1123 4960 1351 5023 uanitas,
1398 4962 1566 5014 omnis
1600 4962 1754 5014 homo
1791 4961 1864 5015 ui-

284 5050 424 5087 uens.
468 5034 835 5099 Verumtamen
865 5044 919 5096 in
956 5046 1186 5114 imagine
1232 5051 1519 5117 pertransit
1555 5049 1729 5112 homo,
1770 5052 1863 5104 sed

282 5137 333 5182 et
372 5128 574 5197 frustra
608 5134 974 5193 conturbatur.
1013 5137 1072 5191 Si
1110 5148 1291 5193 autem
1356 5141 1408 5192 in
1446 5140 1701 5209 imagine,
1750 5158 1859 5196 non

284 5222 337 5274 in
368 5222 593 5279 veritate
622 5229 912 5294 pertransit
934 5229 1121 5295 homo,
1154 5231 1277 5299 jure
1308 5230 1599 5295 vanitatem
1640 5233 1857 5301 preemi-

282 5313 374 5370 sit.
409 5313 630 5380 quando
663 5332 768 5369 ιιιιιι
817 5334 999 5373 veram
1047 5322 1213 5376 vitam
1262 5323 1632 5388 transigimus,
1671 5325 1763 5379 sed
1802 5326 1855 5379 in

281 5403 516 5475 quadam
542 5405 796 5477 imagine,
840 5424 1014 5475 neque
1061 5413 1175 5467 veri
1229 5413 1354 5468 boni
1398 5414 1580 5469 studio
1623 5415 1854 5483 agimur,

282 5509 453 5561 quare
478 5494 678 5553 frustra
705 5501 1121 5559 conturbamur.
1159 5504 1300 5571 Vita,
1323 5504 1520 5575 inquit,
1542 5520 1730 5561 eorum
1762 5507 1855 5577 qui

283 5585 337 5653 ἰει
363 5594 505 5642 terra
536 5589 757 5660 degunt,
777 5592 976 5662 quippe
998 5610 1120 5663 qua:
1146 5594 1198 5649 in
1231 5595 1584 5652 saecularibus
1609 5607 1855 5654 versetur

212 5680 223 5689 '
282 5674 451 5745 cutis,
482 5677 605 5748 jure
634 5680 844 5735 vanitas
866 5683 1183 5742 aestimetur.
1213 5684 1305 5741 Vel
1338 5686 1417 5744 sic
1455 5706 1466 5741 :
1496 5686 1699 5745 Omnes
1730 5688 1853 5745 vitm

1969 4506 2067 4561 καὶ
2102 4508 2139 4572 ἡ
2167 4507 2389 4573 βίωσίς
2421 4526 2541 4577 μου
2565 4507 2645 4574 ὡς
2667 4507 2848 4562 οὐδὲν
2867 4508 3149 4576 ἄντικρύς
3170 4526 3303 4563 σου.
3343 4510 3414 4563 Σὺ
3440 4511 3540 4581 μὲν

1967 4598 2076 4670 γὰρ
2101 4598 2333 4669 ἄναρχος
2359 4599 2451 4652 καὶ
2479 4599 2784 4670 ἀπέραντος
2810 4616 2823 4627 ·
2854 4602 2882 4653 ὁ
2911 4600 2968 4653 δὲ
2993 4599 3260 4670 ἡμέτερος
3289 4598 3401 4670 βίος
3427 4594 3540 4655 οἷόν

1918 4722 1925 4729 ο
1965 4704 2073 4740 τισι
2129 4688 2429 4758 σπιθαμαῖς
2473 4690 2566 4742 καὶ
2597 4689 2920 4751 παλαισταῖς
2960 4690 3388 4762 ὲκμεμέτρηται.
3430 4692 3533 4747 Διὶ

1965 4777 2157 4830 τούτου
2190 4778 2541 4848 παρεδήλωσε
2571 4780 2633 4833 τὸ
2662 4779 3024 4852 ὀλιγοχρόνιον
3064 4782 3164 4852 τῆς
3192 4782 3537 4854 ἀνθρωπίνης

1966 4868 2133 4937 ζωῆς.
3540 4908 3545 4913 .

2034 4960 2208 5026 Πλὴν
2234 4960 2306 5013 τὰ
2331 4963 2655 5031 σύμπαντα
2681 4967 3037 5033 putaretne.
3069 4964 3187 5032 πᾶς
3226 4966 3536 5034 ἅνθρωπος

1965 5047 2094 5109 ζῶν.
2122 5049 2411 5121 Μέντοιτε
2434 5052 2504 5105 ἐν
2524 5055 2713 5107 εικόνι
2750 5048 3157 5123 διαπορεύεται
3204 5054 3533 5124 ἅνθρωπος,

1962 5139 2130 5207 πλὴν
2152 5141 2354 5210 μάτην
2385 5143 2769 5212 ταράσσεται.
2816 5149 2880 5201 Εἰ
2912 5148 2988 5209 δὲ,
3027 5148 3213 5217 φησὶν,
3251 5149 3308 5201 ὲν
3341 5146 3533 5214 εἰκόνι,

1963 5231 2055 5284 καὶ
2100 5233 2199 5285 οὐκ
2230 5235 2288 5287 ὲν
2322 5234 2550 5307 ἀληθείᾳ
2615 5237 2903 5309 πορεύεται
2949 5238 3264 5308 ἄνθρωπος,
3308 5239 3535 5306 εἰκότως

1964 5326 2296 5395 ματαιότητα
2321 5331 2601 5399 προεῖπεν·
2637 5329 2825 5402 ἐπειδὴ
2853 5331 2914 5382 οὐ
2952 5329 3049 5400 τὴν
3079 5329 3338 5401 ἀληθινὴν
3363 5328 3530 5401 ζωὴν,

1958 5415 2070 5470 ἀλλ’
2127 5420 2183 5470 ὲν
2232 5418 2399 5471 εἰκόνι
2430 5421 2555 5473 τινε*
2604 5421 2725 5473 οὐδὲ
2760 5421 2860 5491 τὴν
2905 5420 3139 5490 σπονδὴν
3189 5420 3298 5474 τῶν
3360 5420 3532 5475 ὄντων

1959 5507 2178 5575 ἀγαθῶν
2206 5510 2465 5575 ποιοῦμεν
2491 5527 2505 5541 ⁸
2553 5512 2635 5566 διὸ
2666 5513 2760 5566 κα)⁸
2808 5513 2984 5584 μάτην
3016 5512 3415 5584 ταραττόμεθα.
3472 5512 3530 5568 ’0

1961 5595 2093 5666 βίος,
2129 5598 2425 5669 (metm:th
2456 5600 2548 5653 ἐπὶ
2573 5600 2695 5671 γῆς,
2735 5579 2830 5653 ἅτε
2880 5579 3009 5671 περὶ
3052 5579 3530 5671 φροντίδαίστρε-

1958 5690 2189 5759 φάμενος
2214 5691 2506 5763 κοσμικὰς,
2539 5691 2750 5763 κριθείη
2779 5690 2844 5745 ἂν
2869 5690 3189 5763 ματαιότης.
3222 5690 3290 5745 Ἦ
3316 5688 3524 5759 cum?
