3786 6278
320 213 418 269 191

313 422 430 475 buit
452 420 475 473 ?
499 418 792 488 Postquam
833 433 919 471 me
952 414 1251 477 exaudivit,
1284 415 1379 479 ait,
1422 414 1618 467 Eduxit
1648 428 1713 467 ex
1763 427 1889 480 pro-

312 509 482 567 fundo
525 509 729 578 peccati
776 515 830 561 et
880 521 948 561 ex
1011 507 1286 574 voluptate
1319 505 1445 559 lutei
1476 504 1745 573 corporis,
1776 505 1907 558 sive

311 615 376 653 ex
405 598 573 667 portis
608 597 795 651 mortis
843 605 897 650 et
926 596 1293 664 corruptionis
1321 595 1518 648 ibidem
1547 596 1884 654 exsistentis,

312 698 408 743 aut
429 704 493 743 ex
515 678 964 757 occupationibus
1007 685 1235 757 szeculi.]
1271 684 1335 737 Et
1359 686 1423 738 de
1464 685 1577 738 tuto
1612 685 1780 754 facis.
1809 684 1886 737 Ex

314 777 586 847 profundo
643 784 988 841 peccatorum
1031 791 1152 844 quae
1203 776 1299 828 ltiti
1333 775 1507 829 instar
1538 775 1605 829 iis
1642 776 1889 830 delentes

312 878 702 937 conspurcant.
763 866 940 921 Lacus
988 866 1132 919 enim
1173 866 1407 920 miseria:
1458 874 1541 921 est
1588 866 1790 918 malitia
1834 874 1889 919 et

313 958 638 1025 ignorantia.
691 956 759 1010 Et
794 958 982 1010 statuit
1013 973 1169 1022 super
1203 968 1407 1025 petram
1444 956 1593 1025 pedes
1624 972 1783 1017 meos,
1837 966 1884 1009 et

310 1047 507 1100 direxit
548 1063 753 1117 gressus
777 1062 934 1100 meos.
960 1044 1051 1098 Ait
1088 1046 1371 1113 apostolus
1388 1044 1587 1097 Paulus
1616 1043 1696 1099 ’δε
1729 1043 1884 1097 Petra

309 1148 424 1189 erat
444 1135 706 1191 Christus.
726 1135 896 1191 Didici
924 1134 1067 1189 enim
1092 1134 1145 1186 in
1166 1132 1276 1188 Deo
1300 1135 1492 1201 placita
1513 1134 1759 1188 incedere
1778 1135 1883 1200 via,

312 1226 366 1282 il
396 1236 481 1283 est
502 1242 596 1298 per
624 1242 789 1298 opera
820 1235 875 1307 et
905 1237 1105 1282 rectam
1136 1225 1462 1281 doctrinam.

384 1506 438 1559 4.
475 1503 540 1558 Et
576 1505 793 1559 immisit
820 1506 874 1558 in
903 1521 958 1557 os
991 1520 1160 1557 meum
1197 1505 1461 1558 canticum
1493 1518 1704 1566 novum,
1733 1503 1882 1572 Itym-

316 1610 440 1647 num
473 1592 576 1647 Deo
619 1604 816 1649 nostra.
856 1595 1050 1665 Legem
1099 1595 1466 1664 evangelicam
1508 1612 1522 1647 :
1563 1610 1683 1649 cum
1735 1595 1877 1648 enim

312 1684 661 1753 passionibus
707 1700 1006 1751 vacamus,
1059 1687 1306 1740 canimus
1334 1686 1610 1740 canticum
1661 1698 1883 1747 novum,

313 1783 572 1829 renovata
602 1775 808 1830 scilicet
858 1784 1043 1830 nostra
1093 1776 1278 1829 domo.
1338 1774 1593 1827 Videbunt
1618 1772 1793 1835 multi,
1838 1781 1887 1824 et

313 1867 587 1929 timebunt,
635 1876 685 1920 et
713 1867 995 1935 sperabunt
1030 1868 1082 1920 in
1116 1866 1355 1920 Domino.
1393 1865 1713 1921 Praedicatio
1741 1864 1887 1918 enim

314 1970 410 2026 per
450 1964 621 2010 totum
651 1958 888 2025 pervasit
920 1958 1126 2012 orbem.

382 2046 435 2100 5.
472 2044 668 2099 Beatus
700 2048 780 2100 vir
801 2047 951 2114 cujus
979 2057 1053 2099 est
1085 2062 1267 2100 nomen
1302 2045 1513 2097 Domini
1539 2060 1651 2112 spes
1676 2043 1810 2112 ejus,
1839 2052 1889 2096 et

315 2152 418 2189 non
448 2138 672 2200 respexit
722 2137 774 2189 in
807 2140 1064 2191 vanitates
1096 2146 1146 2190 et
1193 2136 1430 2189 insanias
1467 2134 1654 2202 falsas.
1699 2131 1885 2186 Solum

314 2240 438 2281 esse
476 2226 693 2280 beatum
731 2227 805 2280 ait
832 2242 954 2279 eum
989 2227 1079 2295 qni
1111 2227 1162 2278 in
1214 2224 1380 2278 Deum
1422 2240 1571 2293 spem
1615 2223 1885 2292 ascripsit,

312 2330 423 2369 non
452 2323 633 2369 autem
666 2330 789 2369 eum
825 2317 919 2385 qui
958 2317 1246 2370 mundanis
1274 2316 1573 2370 distractus
1604 2315 1676 2370 sit
1716 2320 1886 2383 curis,

311 2419 434 2477 qua
470 2414 524 2460 et
556 2406 768 2461 insania
799 2415 852 2460 et
885 2406 1226 2460 mendacium
1268 2415 1417 2460 sunt.

378 2577 532 2651 [Spes
561 2582 693 2650 ejus.
721 2578 914 2634 Postea
948 2580 1000 2632 in
1031 2579 1464 2634 cohortationem
1487 2580 1633 2634 aliud
1666 2581 1886 2649 adjicit:

321 2669 542 2733 Beatus,
578 2671 775 2740 inquit.
817 2685 1027 2734 revera,
1062 2671 1154 2738 qni
1201 2669 1368 2724 Deum
1409 2672 1586 2725 solum
1616 2672 1804 2726 habuit
1836 2673 1889 2725 in

314 2776 466 2831 spem
499 2776 675 2826 suam,
712 2777 888 2831 neque
921 2762 1155 2830 rcspcxit
1184 2761 1251 2815 ad
1277 2766 1556 2830 prmsentis
1590 2764 1713 2817 vita:
1743 2764 1891 2818 Solli-

1212 209 1267 264 S.
1309 205 1683 262 ATHANASll
1722 202 1874 260 OPP.
1914 197 2095 253 PARS
2131 197 2218 251 lll.
2261 228 2330 237 —
2368 193 2776 251 EXEGETICA.
3032 252 3036 255 _

380 329 435 382 ὅ.
463 326 530 380 Et
548 327 731 381 eduxit
764 343 843 380 me
866 326 929 380 de
954 326 1069 378 lacu
1092 325 1338 378 miserita.
1369 323 1596 395 [Ecquid
1627 323 1720 377 tibi
1747 335 1879 390 pre-

2051 315 2163 368 Καὶ
2199 312 2462 382 dmi-rure
2487 326 2562 379 με
2591 311 2661 362 ἐκ
2692 306 2922 361 λάκκου
2955 302 3370 372 ταλαιπωρίας.
3404 300 3422 373 [
3448 301 3573 355 Καὶ

3438 167 3570 241 'taa

1990 411 2040 462 τί
2067 426 2147 462 σοι
2177 407 2486 479 παρέσχεν;
2518 402 2855 464 Εἰσακούσας
2894 395 3047 453 εἶπεν
3085 416 3098 431 ·
3159 400 3456 468 ’Δνήγαγεν
3503 397 3569 448 ἐκ

1992 498 2186 569 βάθους
2210 498 2309 567 τῆς
2338 494 2632 565 ἁμαρτίας,
2661 492 2754 544 καὶ
2784 494 2847 544 ὲκ
2867 490 2966 559 τῆς
2986 487 3316 560 ἡδυπαθείας
3336 485 3428 539 τοῦ
3454 503 3567 555 πηι-

1987 588 2188 652 λώδους
2222 587 2493 656 σώματος,
2529 584 2562 652 ἢ
2594 586 2657 636 ὲκ
2690 583 2797 636 τῶν
2825 581 2918 634 τοῦ
2953 581 3186 633 Θανάτου
3234 577 3436 643 πυλῶν,
3466 577 3571 630 καὶ

1987 680 2164 732 ἐκεῖσε
2194 676 2420 746 φθορᾶς,
2446 675 2479 742 ἢ
2512 675 2577 727 ἐκ
2608 672 2700 726 τοῦ
2729 672 2933 742 κόσμου
2979 666 3421 740 περισπασμῶν.]
3449 667 3571 721 Καὶ

1986 770 2105 825 ἀπὸ
2122 767 2321 836 πηλοῦ
2344 768 2531 831 ἰλύος.
2550 767 2644 818 Ἐκ
2663 765 2858 834 βάθους
2882 762 3154 833 ἁμαρτίας
3173 761 3229 812 αἳ
3251 759 3391 821 ἰλύος
3407 758 3570 827 δίκην

1986 859 2396 913 καταπάσσουσι
2441 856 2567 918 τοὺς
2613 854 2839 916 ἁλόντας
2881 854 2937 905 ὲν
2967 852 3179 912 αὐταῖς.
3210 849 3424 911 Λάκκος
3452 848 3574 917 γὰρ

1986 948 2380 1019 ταλαιπωρίας,
2413 946 2582 1000 κακία
2608 946 2703 998 καὶ
2732 944 2994 1013 ἀγνωσία.
3035 940 3145 996 Καὶ
3165 940 3431 1005 ἔστησεν
3459 938 3564 991 ἐπὶ

1984 1040 2210 1107 πέτραν
2233 1038 2373 1102 τοὺς
2397 1037 2587 1101 πόδας
2606 1053 2747 1105 μου,
2779 1035 2875 1088 καὶ
2900 1034 3224 1087 κατεύθυνε
3252 1031 3326 1083 τὰ
3355 1030 3568 1097 διασή-

1978 1127 2138 1195 ματά
2162 1144 2304 1195 μου.
2333 1126 2500 1195 Φησὶν
2545 1127 2573 1178 ὁ
2624 1124 2920 1185 ἀπόστολος
2960 1121 3190 1183 Παῦλος,
3230 1121 3310 1173 ὅτι
3359 1121 3415 1172 Ἠ
3458 1118 3569 1172 πέρ

1984 1233 2089 1283 τρα
2124 1212 2202 1285 ἦν
2248 1218 2280 1267 ό
2329 1215 2620 1282 Χριστόςο
2675 1212 2874 1282 ἔμαθον
2914 1211 3020 1281 γὰρ
3069 1210 3169 1279 τὴν
3218 1208 3570 1277 ἀρέσκουσαν

1983 1307 2102 1377 Θεῷ
2133 1304 2369 1376 βαδίζειν
2401 1305 2541 1371 ὁδὸν,
2566 1307 2685 1376 ἦτοι
2711 1305 2798 1357 διὰ
2827 1305 2927 1374 τῆς
2955 1300 3268 1374 πρακτικῆς
3314 1299 3409 1352 καὶ
3447 1299 3569 1352 τῶι

1983 1398 2157 1467 ὀρθῶν
2194 1396 2503 1466 δογμάτων.

2051 1490 2160 1543 Καὶ
2218 1488 2503 1542 ἐνέϐαλεν
2565 1490 2652 1552 είς
2699 1488 2766 1540 τὸ
2813 1488 3006 1556 στόμα
3037 1505 3156 1556 μου
3206 1487 3367 1557 ᾆσμα
3434 1503 3573 1540 και-

1982 1581 2113 1644 νὸν,
2146 1581 2337 1649 ὕμνον
2368 1578 2449 1644 τῷ
2497 1578 2617 1644 Θεῷ
2661 1578 2849 1650 ἡμῶν.
2887 1579 2989 1632 Τὸν
3016 1580 3175 1650 νόμον
3213 1580 3303 1634 τὸν
3335 1581 3577 1648 εὐαγγε-

1987 1674 2137 1726 λικόν
2157 1691 2169 1700 ·
2209 1671 2345 1743 μετὰ
2382 1672 2490 1742 γὰρ
2520 1671 2617 1741 τὴν
2652 1670 2918 1723 ἀπάθειαν
2960 1671 3157 1742 ᾄδομεν
3188 1668 3339 1743 ᾆσμα
3370 1673 3568 1725 καινὸν

1987 1762 2462 1826 ἀνακαινισθέντος
2488 1762 2582 1815 τοῦ
2613 1762 2762 1814 οίκου
2790 1761 2970 1832 ἡμῶν.
3005 1763 3294 1829 Ὄψονται
3319 1764 3568 1830 πολλοὶ,

1988 1855 2081 1906 καὶ
2104 1852 2547 1921 φοϐηθήσονται
2575 1852 2671 1905 καὶ
2705 1853 3027 1906 ἐλπιοῦσιν
3054 1854 3151 1906 ἐπὶ
3183 1853 3419 1920 Κύριον.
3481 1857 3577 1906 Δι’

1987 1946 2141 2015 εδόθη
2174 1944 2283 2017 γὰρ
2312 1947 2390 2008 είς
2440 1946 2615 1998 πάντα
2641 1943 2844 2013 κόσμον
2876 1944 2936 1996 τὸ
2964 1945 3246 2014 κήρυγμα.

2059 2034 2362 2102 Μακάριος
2390 2033 2545 2101 ἀνὴρ
2581 2031 2650 2089 οὗ
2684 2034 2814 2086 ἐστι
2841 2033 2905 2085 τὸ
2933 2032 3117 2101 ὄνομα
3148 2033 3364 2100 Kvplov
3389 2032 3573 2097 ἐλπὶς

1987 2127 2193 2190 αὑτοῦ,
2236 2127 2333 2179 καὶ
2369 2128 2482 2179 οὐκ
2512 2124 2849 2193 ἐπέϐλεψεν
2895 2125 3419 2205 εἱςλιαταιότητας
3461 2126 3568 2177 καὶ

1983 2218 2205 2287 μανίας
2234 2216 2498 2285 ψευδεῖς.
2534 2215 2710 2269 Μόνον
2758 2215 2851 2268 τὸν
2895 2215 2991 2286 τὴν
3031 2215 3223 2268 ἐλπίδα
3251 2214 3568 2286 ἐπιγραψά-

1991 2325 2147 2378 μενον
2172 2310 2249 2370 είς
2263 2307 2396 2361 Θεὸν
2420 2307 2685 2378 μακάριόν
2713 2324 2897 2377 φησιν,
2928 2308 2987 2359 οὐ
3008 2306 3098 2359 τὸν
3125 2306 3568 2377 περισπασθέντα

1990 2399 2272 2470 βιωτικαῖς
2325 2399 2637 2470 μερίμναις,
2668 2398 2870 2462 αἵτινες
2904 2400 2997 2451 καὶ
3047 2398 3207 2469 μανία
3254 2400 3344 2452 καὶ
3370 2398 3568 2467 ψεῦδός

1988 2505 2146 2542 εισιν.

2060 2579 2514 2651 [Ἑλπὶςαὺτοῦ.
2547 2577 2680 2632 Εἶτα
2704 2580 2798 2632 καὶ
2815 2581 2894 2642 εἰς
2919 2581 3229 2651 προτροπὴν
3240 2582 3423 2653 ἕτερον
3438 2583 3567 2636 ἐπι-

1991 2671 2143 2741 φέρει
2164 2686 2179 2701 ’
2210 2672 2581 2742 Μακαριστὸς,
2601 2672 2753 2742 φησὶ,
2785 2672 2863 2741 τῷ
2890 2672 3023 2734 ὄντι,
3044 2671 3102 2734 ὃς
3126 2672 3217 2724 τὸν
3247 2672 3375 2724 Θεὸν
3401 2672 3566 2741 μόνον

1991 2761 2145 2830 ἔσχεν
2168 2761 2375 2826 ἐλπίδα,
2405 2764 2498 2814 καὶ
2520 2763 2617 2814 οὐκ
2632 2760 2928 2830 ἐπέϐλεψεν
2943 2763 3021 2823 είς
3039 2760 3137 2824 τὰς
3160 2763 3286 2833 περὶ
3306 2762 3397 2815 τὸν
3420 2779 3567 2834 παρ-

316 2851 608 2914 citudines,
648 2867 772 2921 qua:
815 2854 1082 2906 vanitates
1114 2861 1262 2916 sunt,
1292 2863 1347 2907 et
1380 2853 1607 2907 insaniae
1643 2852 1809 2917 falsae,
1838 2865 1879 2909 et

2003 2851 2118 2903 ivra
2153 2850 2266 2920 βίον
2302 2850 2558 2927 σπονδὰς,
2591 2851 2645 2903 αἳ
2678 2851 3035 2921 ματαιότητές
3067 2853 3193 2913 εἰσι,
3246 2852 3338 2903 καὶ
3375 2852 3562 2921 μανίαι

310 2955 456 2995 cura:
488 2941 542 2995 in
592 2957 789 2995 vanum
835 2941 1106 2996 admissae.
1144 2943 1359 2996 Insania
1401 2952 1581 2997 autem
1631 2948 1879 3014 prudens,

2003 2945 2225 3014 ξιευδεῖς,
2257 2946 2350 2998 καὶ
2381 2947 2461 3008 είς
2495 2944 2652 2999 κενὸν
2687 2943 2983 3014 φροντίδες.
3017 2943 3195 2997 Μανία
3243 2944 3298 2997 δὲ
3331 2943 3565 3013 σώφρων

312 3040 397 3085 est
422 3030 547 3086 vita:
608 3033 892 3100 prnsentis
921 3040 1129 3096 status,
1159 3049 1266 3102 qua
1310 3044 1490 3089 mente
1533 3030 1673 3106 capti
1708 3039 1879 3092 multis

2003 3035 2144 3107 ἡτοῦ
2171 3037 2437 3108 παρόντος
2483 3036 2599 3106 βίου
2630 3037 2980 3097 κατάστασις,
3014 3035 3080 3088 δι’
3123 3035 3188 3105 ἣν
3217 3035 3310 3088 καὶ⁸
3340 3035 3564 3102 ἐξεστη-

310 3137 434 3177 esse
460 3121 783 3176 videbantur
813 3127 1107 3192 prophetae,
1130 3140 1237 3194 qua
1259 3125 1326 3179 de
1359 3141 1418 3180 re
1441 3127 1701 3196 gloriatur
1714 3128 1879 3198 justus

2003 3127 2149 3191 κότες
2176 3130 2289 3190 τοῖς
2322 3126 2535 3189 πολλοῖς
2588 3125 2805 3178 ἐδόκουν
2833 3128 2882 3177 οἱ
2908 3124 3230 3195 .προφῆται,
3275 3126 3357 3192 ἐφ’
3467 3127 3564 3178 καὶ

310 3220 367 3264 et
391 3210 501 3265 ait:
529 3210 640 3283 Ego
666 3210 778 3265 dixi
810 3214 866 3265 in
906 3228 1122 3267 excessu
1151 3230 1262 3267 meo
1299 3214 1391 3286 “.]

377 3384 429 3438 6.
470 3384 643 3439 Multa
674 3387 846 3455 fecisti
890 3396 968 3453 tu,
1006 3385 1227 3443 Domine
1277 3388 1434 3453 Deus,
1476 3390 1739 3444 mirabilia
1777 3402 1889 3448 tua.

1994 3216 2389 3287 σεμνυνόμενος
2417 3216 2507 3269 καὶ
2537 3217 2566 3268 ὁ
2592 3215 2797 3278 δίκαιος
2839 3214 2987 3282 λέγει
3007 3230 3021 3242 ·
3058 3209 3215 3266 Εἷπα
3257 3214 3326 3266 ἐν
3360 3212 3435 3282 τῇ
3461 3212 3561 3266 ἐκ·

1994 3307 2207 3362 στάσει
2240 3325 2380 3376 μου.
2405 3306 2426 3378 ]

2063 3400 2272 3451 Πολλὰ
2298 3398 2593 3464 ἐποίησας
2613 3397 2714 3461 σὺ,
2740 3399 2916 3466 Κύριε
2945 3401 2977 3451 ὁ
3003 3399 3147 3462 Θεός
3166 3414 3303 3465 μου,
3327 3396 3397 3448 τὰ
3418 3399 3562 3450 θαυ-

311 3473 443 3540 Quae
473 3473 673 3540 fecisti,
694 3477 890 3546 inquit,
924 3479 1244 3534 oeconomiae
1280 3492 1543 3549 tempore,
1572 3482 1740 3536 multa
1766 3495 1879 3537 sunl

2003 3487 2178 3542 udmd
2210 3503 2347 3542 σου.
2382 3489 2447 3540 "A
2478 3488 2786 3559 πέπρακας,
2831 3488 3015 3560 φησὶν,
3051 3489 3107 3540 ἐν
3138 3486 3213 3557 τῷ
3236 3488 3333 3557 τῆς
3357 3488 3564 3539 οἰκονο-

312 3575 474 3632 atque
499 3564 771 3620 mirabilia
800 3583 814 3620 :
847 3582 968 3636 qua:
989 3567 1111 3622 aliis
1139 3583 1357 3637 quoque
1392 3568 1717 3624 renuntiavi.
1741 3569 1889 3625 Prae-

311 3652 512 3708 dicatio
545 3664 723 3710 autem
751 3666 946 3724 totum,
978 3658 1175 3727 inquit,
1208 3659 1443 3728 pervasit
1468 3661 1653 3715 orbem
1693 3671 1748 3714 ut
1771 3677 1889 3715 ma-

305 3740 397 3810 jor
421 3742 494 3797 sit
521 3744 874 3800 credentium
905 3762 1168 3801 numerus
1209 3763 1373 3817 quam
1402 3749 1494 3818 qui
1526 3749 1650 3802 iniri
1694 3750 1886 3819 possit.

386 3911 442 3978 7,
472 3911 526 3967 8.
552 3911 889 3981 Sacriﬁcium
904 3923 952 3969 et
981 3914 1298 3971 obt'ationem
1314 3917 1557 3981 noluisti,
1581 3934 1768 3988 corpus
1790 3939 1889 3975 au-

310 4010 414 4056 tem
456 4004 656 4072 optasti
686 4004 836 4067 mihi,
872 4015 977 4060 etc.
1024 4005 1162 4061 Hinc
1201 4009 1371 4075 ipsius
1406 4024 1635 4076 persona
1685 4011 1886 4067 Christi

309 4094 525 4150 Patrem
593 4096 924 4166 alloquentis
978 4099 1274 4155 inducitur.
1324 4102 1768 4175 Quandoquidem
1812 4108 1888 4161 ait

316 4186 646 4242 sacriﬁcium
671 4197 725 4242 et
752 4189 1087 4245 oblationem
1141 4193 1389 4258 noluisti,
1421 4210 1598 4265 neque
1645 4197 1877 4266 placue-

1994 3580 2121 3650 μίας
2164 3579 2362 3650 καιρῷ,
2410 3579 2581 3633 πολλά
2615 3581 2730 3631 ἐστι
2758 3580 2852 3632 καὶ
2885 3579 3160 3649 θαυμάσια
3184 3592 3198 3607 ·
3244 3578 3279 3631 ὃ.
3314 3578 3407 3630 καὶ
3440 3579 3562 3632 ἐτέ-

1994 3687 2107 3740 ροις
2138 3670 2465 3740 ἀπήγγειλα.
2516 3671 2577 3722 Ἦ
2610 3669 2663 3722 δὲ
2701 3669 2999 3737 ἐπαγγελία
3058 3668 3184 3737 ὃλην
3214 3709 3228 3733 ,
3275 3668 3425 3737 φησὶ,
3474 3668 3558 3721 δι-

1990 3760 2195 3831 έδραμε
2227 3760 2325 3830 τὴν
2355 3760 2446 3812 ὑπ’
2473 3760 2720 3831 οὐρανὸν,
2748 3760 2823 3823 dt;
2850 3760 2942 3813 καὶ
2981 3758 3294 3831 κρείττονας
3322 3757 3554 3830 ἀριθμοῦ

1989 3849 2240 3916 γενέσθαι
2264 3849 2391 3911 τοὺς
2422 3848 2835 3911 πιστεύσαντας.

2060 3941 2291 3994 Θυσίαν
2333 3940 2431 3993 καὶ
2472 3940 2826 4008 προσφορὰν
2866 3941 2975 3993 οὐκ
3023 3936 3350 4007 ἠθέλησας,
3384 3935 3557 4005 σῶμα

1986 4029 2053 4084 δὲ
2091 4032 2430 4099 κατηρτίσω
2448 4048 2549 4100 μοι
2570 4031 2703 4101 (Η).
2747 4030 3023 4083 Ἐντεῦθεν
3046 4029 3360 4100 εἰσφέρεται
3379 4027 3553 4081 τὸτοῦ

1986 4123 2222 4193 Χριστοῦ
2257 4121 2547 4193 πρόσωπον
2588 4121 2723 4192 πρὸς
2750 4122 2840 4174 τὸν
2875 4121 3094 4192 Πατέρα
3139 4121 3330 4188 λέγον.
3376 4120 3556 4173 Ἐπει-

1985 4212 2068 4283 δὴ,
2094 4215 2246 4285 φησὶ,
2274 4213 2465 4266 θυσίαν
2499 4214 2594 4266 καὶ
2633 4214 2949 4285 προσφορὰν
2977 4214 3077 4265 οὐκ
3107 4211 3395 4282 ἠθέλησας,
3428 4210 3551 4264 οῦτε

309 4285 441 4331 runt
474 4278 569 4333 tibi
594 4278 912 4335 holocausta
940 4283 1241 4336 secundum
1269 4288 1438 4353 legem
1466 4287 1649 4341 oblata
1676 4290 1874 4353 ;venio

2003 4278 2437 4372 ιῆν-ηῦδόκησας
2486 4303 2541 4353 ὲν
2576 4278 2987 4371 όλοέςαυτώτμασι
3038 4278 3149 4363 τοῖς
3183 4278 3321 4353 κατὰ
3346 4300 3435 4351 τὸν
3465 4299 3553 4352 νό·

306 4377 599 4436 postquam
644 4382 847 4440 corpus
892 4373 1078 4443 accepi
1137 4375 1285 4444 quod
1338 4385 1395 4431 tu
1458 4378 1607 4431 mihi
1652 4381 1874 4448 aptnsti.

306 4454 443 4512 Nam
480 4456 717 4525 Spiritus
751 4471 977 4517 sanctus
1000 4471 1054 4517 et
1077 4464 1255 4519 virtus
1277 4466 1545 4523 Altissimi
1581 4471 1881 4524 obumbra-

317 4544 400 4599 vit
434 4557 636 4601 sanctae
661 4546 888 4619 Virgini.
920 4551 1091 4607 Venio
1115 4567 1294 4609 autem
1330 4566 1387 4609 ut
1413 4558 1612 4626 faciam
1636 4560 1881 4615 volunta-

312 4646 418 4692 tem
448 4647 615 4692 tuam.
658 4639 790 4705 Quae
811 4655 991 4698 autem
1019 4648 1273 4702 voluntas
1304 4648 1483 4705 Patris
1506 4661 1644 4715 erat,
1689 4654 1796 4709 nisi
1815 4670 1877 4709 ea

305 4743 473 4796 quam
503 4731 619 4797 ipse
645 4730 906 4788 Dominus
949 4740 1227 4792 enarravit
1265 4739 1456 4796 dicens
1510 4744 1590 4796 “z
1623 4743 1751 4798 ch
1800 4754 1878 4799 est

304 4828 486 4874 autem
543 4820 786 4878 voluntas
840 4824 953 4893 ejus
1008 4828 1098 4895 qui
1134 4830 1279 4882 misit
1329 4846 1429 4892 me,
1470 4842 1527 4886 ut
1555 4851 1707 4889 omne
1738 4838 1877 4906 quod

301 4908 451 4963 dedit
488 4912 618 4966 mihi
656 4929 760 4967 non
790 4917 1006 4984 perdam
1034 4932 1098 4970 ea:
1117 4934 1176 4971 eo
1204 4936 1223 4981 ;
1258 4921 1347 4974 sed
1400 4926 1704 4979 resuscitem
1738 4927 1874 4980 illud

303 5001 362 5054 in
391 5003 677 5059 novissimo
699 5006 784 5061 die
808 5010 833 5060 ?
861 5005 996 5061 Illud
1028 5017 1232 5075 autem,
1259 5012 1314 5064 in
1345 5016 1518 5082 capite
1549 5015 1697 5082 libri,
1732 5018 1875 5072 hanc

304 5090 474 5145 habet
501 5094 1024 5163 interpretationem.
1061 5099 1237 5169 Caput
1284 5102 1492 5159 Hebraei
1533 5116 1738 5161 tomum
1780 5123 1875 5177 ap-

302 5182 522 5251 pellant.
560 5183 727 5241 lsaias
762 5204 888 5243 vero
936 5190 1330 5248 incarnationis
1361 5193 1635 5266 Unigeniti
1674 5208 1872 5267 myste-

371 5329 461 5385 l"l
495 5333 619 5389 Cor.
640 5352 694 5401 χ,
716 5338 769 5392 4.
847 5342 891 5373 ⁸⁵
919 5339 1064 5397 Psal.
1099 5360 1223 5412 cxv,
1254 5346 1341 5400 tt.
1417 5348 1461 5380 ’⁸
1495 5346 1654 5402 Joan.
1675 5364 1748 5411 v1,
1779 5348 1867 5401 40.

374 5464 617 5547 (ll).lli_c‘
636 5468 788 5547 locus
817 5473 1016 5547 citatur
1051 5478 1269 5532 nomine
1307 5479 1588 5533 Athanasii
1649 5479 1702 5533 in
1766 5482 1871 5535 Ua-

305 5541 429 5589 tcna
486 5536 541 5593 in
578 5536 844 5610 Epistolas
900 5544 1075 5609 Pauli,
1111 5548 1229 5603 cod.
1258 5547 1390 5619 Reg.
1422 5548 1583 5612 2246,
1620 5550 1685 5603 ad
1722 5551 1866 5608 hunc

1989 4410 2088 4461 μον
2116 4407 2130 4421 ·
2160 4393 2281 4462 ἥκω
2313 4391 2469 4461 σῶμα
2510 4390 2688 4444 λαϐὼν
2726 4392 2861 4462 ὅπερ
2890 4390 3049 4453 αὑτός
3087 4407 3176 4460 μοι
3217 4389 3547 4460 κατηρτίσω.

1982 4483 2208 4553 Πνεῦμα
2243 4482 2352 4552 γὰρ
2385 4484 2538 4550 ἅγιον
2566 4483 2658 4535 καὶ
2699 4481 2953 4550 Ὑψίστου
2984 4481 3209 4551 δύναμις
3256 4480 3547 4536 ὲπεσκίασε

1978 4575 2041 4643 τῇ
2073 4574 2203 4642 ἁγίᾳ
2231 4571 2511 4642 Παρθένῳ.
2544 4573 2699 4625 ’Ἥκω
2736 4571 2791 4623 δὲ
2839 4571 2938 4623 ἵνα
2962 4570 3028 4623 τὸ
3057 4571 3173 4624 σὸν
3197 4570 3428 4635 ποιήσω
3452 4570 3547 4624 θέ-

1977 4665 2158 4729 λημα.
2176 4662 2336 4713 Ποῖον
2352 4661 2461 4732 γὰρ
2476 4657 2543 4731 ἦν
2562 4661 2622 4712 τὸ
2639 4659 2852 4730 θέλημα
2872 4661 2970 4714 τοῦ
2995 4664 3107 4715 Πατ
3117 4662 3226 4731 ρὸς,
3245 4661 3278 4730 ἢ
3294 4660 3322 4713 ὃ
3342 4661 3501 4725 αὐτὸς
3520 4663 3549 4714 ὁ

1978 4750 2181 4822 Κύριος
2196 4749 2499 4821 ἐξηγήσατο
2515 4768 2537 4802 ε
2549 4749 2771 4821 ίρηκώς·
2784 4749 2964 4804 Τοῦτό
2975 4750 3105 4803 ἐστι
3118 4751 3184 4803 τὸ
3200 4749 3426 4818 θέλημα
3445 4750 3547 4803 τοῦ
3586 4784 3596 4799 .

1977 4841 2327 4910 πέμψαντός
2348 4859 2445 4911 με,
2468 4843 2568 4895 ἵνα
2593 4841 2715 4895 πᾶν
2739 4841 2770 4894 ὃ
2793 4839 3123 4909 δέδωκέμοι
3145 4841 3231 4909 μὴ
3261 4840 3545 4894 ἀπολέσω

1975 4930 2043 4995 ἐξ
2071 4931 2278 4996 αὐτοῦ,
2312 4932 2472 4986 ἀλλὰ
2504 4931 2830 4997 ἀναστήσω
2866 4932 3008 4985 αὐτὸ
3041 4930 3113 4999 τῇ
3143 4930 3373 5000 ἐσχάτῃ
3398 4930 3539 4999 ήμέι

1968 5037 2087 5089 pa;
2121 5022 2193 5074 Τὸ
2222 5022 2299 5088 δὲ,
2322 5022 2391 5075 ὲν
2426 5020 2702 5090 κεφαλίδι
2738 5022 2982 5086 βιϐλίου
3014 5062 3028 5086 ,
3062 5021 3265 5092 ταύτην
3302 5021 3415 5091 ἔχει
3446 5022 3544 5091 τὴν

1977 5112 2292 5182 ἑρμηνείαν.
2343 5112 2621 5182 Κεφαλίδα
2656 5114 2705 5166 οἱ
2744 5112 2984 5184 Ἑϐραῖοι
3026 5112 3116 5163 τὸν
3152 5112 3315 5182 τόμον
3355 5111 3537 5181 φασίν.

1989 5202 2216 5266 Ἡσαΐας
2271 5202 2327 5256 δὲ
2372 5203 2432 5255 τὸ
2479 5203 2577 5274 τῆς
2619 5204 3081 5276 ὲνανθρωπήσεως
3116 5205 3408 5273 μυστήριον
3448 5202 3541 5254 τοῦ

1974 5498 2188 5537 versum
2236 5483 2488 5555 Epistolic
2520 5486 2583 5540 ad
2631 5485 2917 5541 Hebraeus:
2955 5485 3117 5555 Σῶμα
3143 5484 3198 5537 δὲ
3229 5483 3541 5554 κατηρτίσω

1976 5569 2086 5621 μοι.
