3786 6278
329 221 430 276 199

1201 210 1257 264 S.
1299 205 1671 263 ATllA.\'.\Sll
1715 206 1867 261 OPP.
1922 206 2103 262 PARS
2143 206 2229 261 ill.
2274 235 2338 246 —
2380 206 2791 265 EXECETICA.

3447 202 3574 259 {mo

306 394 310 398 _
336 348 575 404 namque
608 331 739 387 mihi
774 329 954 401 passio
976 337 1075 382 cst.
1108 326 1243 378 llinc
1269 325 1619 393 consequitur
1638 324 1888 378 arbitrari

2034 342 2139 377 στιν
2168 324 2288 394 ἐμοὶ
2318 325 2378 377 τὸ
2410 325 2621 378 παθεῖν.
2684 320 3022 391 ’Λναγκαίως
3075 320 3131 373 δὲ
3173 319 3320 388 λέγει
3350 322 3417 392 τῇ
3450 337 3580 375 κοι-

327 427 507 496 ipsum
532 430 654 492 post
678 419 1057 473 domuitionem
1114 413 1371 481 subsequi
1400 413 1881 467 resurrectionem.

330 514 603 570 Dormitio
625 526 776 567 mors
797 515 912 564 est:
943 520 1071 576 ergo
1112 514 1341 558 mortem
1394 503 1755 571 subsequetur
1802 518 1891 558 re-

327 606 619 663 surrectio.

400 704 487 757 l0.
519 701 725 755 Etenim
757 700 909 751 homo
939 695 1082 762 pacis
1115 710 1240 748 mea:
1266 695 1319 747 in
1362 706 1463 761 quo
1500 690 1730 759 speravi,
1795 688 1887 756 qui

325 793 509 846 edebat
532 807 690 860 partes
718 805 880 852 meos,
918 786 1275 857 magni/ienuit
1309 800 1466 848 super
1487 798 1567 834 me
1581 778 1891 849 supplanta-

330 885 390 936 tit
408 899 541 936 nem.
576 879 918 944 Ludibrium,
962 878 1213 940 insidias,
1266 875 1472 928 dolum.
1507 871 1666 925 Pacis
1716 868 1892 922 homi-

326 988 449 1027 nem
472 970 667 1025 Iudam
699 980 878 1033 vocat,
922 968 1049 1036 quia
1103 965 1388 1019 videbatur
1415 965 1557 1017 inter
1601 959 1890 1015 benevolos

324 1072 379 1118 et
408 1064 615 1117 amicos
646 1060 765 1130 eius
796 1056 1124 1126 computari,
1154 1064 1212 1110 et
1257 1055 1313 1109 in
1360 1051 1752 1121 discipulorum
1783 1065 1888 1103 nn-

327 1166 534 1207 tnerum
573 1150 799 1204 allectus
827 1147 1021 1201 fuerat.

399 1244 486 1298 il.
521 1242 599 1297 Ta
632 1252 830 1303 autent,
861 1241 1102 1304 Domine,
1131 1241 1374 1293 miserere
1403 1237 1524 1302 mei,
1555 1245 1604 1289 et
1634 1235 1889 1289 resuscita

325 1351 427 1398 me,
462 1346 509 1387 et
545 1333 830 1387 retribuam
857 1334 952 1386 eis.
987 1331 1238 1386 Humano
1270 1345 1419 1383 more
1454 1339 1670 1398 propter
1709 1328 1890 1381 humi-

325 1424 606 1479 liatiouem
642 1438 795 1477 suam
817 1423 881 1475 ad
916 1420 1125 1475 Patrem
1151 1436 1309 1475 suum
1334 1420 1497 1474 verba
1532 1419 1678 1482 facit,
1698 1418 1889 1471 etiam-

325 1516 371 1572 si
403 1516 492 1569 ille
524 1514 597 1569 sit
624 1515 996 1569 misericordia
1024 1513 1113 1567 Dei
1148 1523 1202 1568 et
1232 1512 1431 1576 l’atris,
1471 1518 1526 1564 et
1557 1507 1888 1564 resurrectio

325 1614 487 1675 atque
512 1605 641 1661 vita.

398 1692 484 1747 l2.
514 1691 581 1747 In
608 1693 703 1747 hoc
728 1693 941 1763 cognovi
985 1693 1110 1763 quia
1154 1693 1367 1745 vetuisti
1399 1709 1497 1745 me.
1530 1690 1764 1745 Rursum
1814 1689 1894 1743 Ιυο

324 1784 510 1854 quitur
539 1794 597 1837 ut
630 1785 815 1847 homo,
876 1792 935 1837 ut
963 1785 1202 1851 seipsum
1238 1784 1433 1836 offerat
1468 1782 1577 1836 Deo
1632 1791 1685 1835 et
1724 1777 1890 1832 Patri.

327 1873 587 1939 Quoniam
611 1890 711 1927 non
751 1873 997 1943 gaudebit
1024 1875 1271 1928 inimicus
1320 1891 1464 1926 meus
1512 1887 1792 1941 superate.
1832 1868 1893 1923 Si

324 1979 391 2017 ex
419 1965 772 2020 humanitatis
803 1979 1036 2033 persona
1086 1964 1189 2018 hoc
1232 1965 1365 2018 dicit
1398 1963 1674 2025 Christus,
1706 1960 1896 2014 inimi-

325 2069 424 2109 cus
465 2056 624 2124 plane
680 2056 1013 2126 intelligatur
1042 2071 1165 2129 esse
1189 2056 1284 2126 qui
1338 2063 1571 2108 mortem
1607 2052 1770 2106 nobis
1799 2066 1895 2119 pa-

324 2141 480 2193 ravit.
518 2140 612 2193 Sin
641 2142 796 2209 quasi
819 2142 1021 2209 esipso
1054 2140 1292 2205 Christo,
1331 2138 1655 2193 Judaeorum
1688 2134 1897 2205 princi-

326 2243 420 2295 pes
445 2228 541 2281 ait.
579 2227 733 2294 Quod
759 2228 905 2282 enim
939 2244 1026 2283 res
1062 2229 1199 2298 ipsis
1232 2221 1555 2297 permoleste
1589 2225 1774 2293 fuerit,
1799 2240 1897 2294 pa-

322 2315 433 2371 lam
457 2332 522 2372 es
543 2331 609 2373 eo
635 2328 719 2375 est
741 2319 883 2389 quod
915 2319 1034 2388 ejus
1058 2319 1512 2375 resurrectionem
1540 2318 1651 2373 sint
1687 2319 1896 2372 calum-

323 2407 480 2464 nisti.

392 2500 482 2554 15.
519 2499 604 2553 Me
628 2509 803 2554 autem
823 2509 1034 2570 propter
1054 2501 1410 2555 innocentiam
1445 2498 1746 2566 suscepisti.
1786 2494 1894 2561 Qui

323 2592 569 2645 omnium
600 2599 686 2647 est
718 2572 1105 2661 patrocinium,
1143 2591 1247 2645 sibi
1276 2604 1499 2660 quoque
1525 2586 1893 2657 patrocinium

324 2680 497 2735 fuisse
534 2683 628 2736 ait.
661 2680 779 2736 Non
812 2682 959 2749 quod
1013 2682 1105 2737 ille
1134 2690 1408 2751 quatenus
1442 2681 1585 2734 Deus
1634 2677 1893 2747 intelligi-

325 2781 416 2827 tur
446 2788 512 2827 eo
542 2772 816 2843 indigeat:
860 2774 953 2827 sed
986 2774 1151 2829 homo
1181 2773 1359 2827 factus
1387 2785 1511 2825 cum
1541 2769 1637 2835 sit,
1668 2782 1768 2839 pro
1796 2768 1896 2823 ho-

324 2862 565 2917 minibus
597 2865 759 2918 verba
784 2862 931 2917 facit.

1995 418 2156 486 μήσει
2182 415 2276 486 τὴν
2305 416 2597 469 ἀνάστασιν
2622 414 2871 468 ἔπεσθαι.
2919 413 2980 464 Ἡ
3026 411 3083 463 δὶ
3115 411 3371 481 κοίμησίς
3415 414 3578 465 ἐστιν

1990 510 2018 560 ὁ
2052 507 2276 571 θάνατος
2299 523 2312 536 ·
2350 508 2661 575 ἀναγκαίως
2687 506 2765 576 τῷ
2811 505 3027 575 θανάτῳ
3067 503 3425 574 ἀκολουθήσει
3466 503 3575 558 καὶ
3678 540 3697 555 .

1992 601 2024 669 ἠ
2055 599 2366 661 ἀνάστασις.

2060 691 2168 744 Καὶ
2200 690 2305 759 γὰρ
2336 692 2367 742 ὀ
2407 688 2714 756 ἄνθρωπος
2756 688 2867 756 τῆς
2915 687 3159 756 εἰρήνης
3191 705 3311 757 μου
3350 688 3443 757 ἐφ’
3488 686 3578 741 ὃν

1990 779 2243 847 ἤλπισα,
2288 784 2321 833 ό
2356 780 2577 833 ἐσθίων
2628 779 2846 848 ἄρτους
2891 796 3034 848 μου,
3060 778 3430 848 ἐμεγάλυνεν
3467 778 3574 832 ἐπ’

1987 869 2094 938 ἐμὲ
2132 870 2514 938 πτερνισμόν.
2582 870 2926 939 Ἐμπαιγμὸν
2948 910 2961 933 ,
3005 869 3296 940 ἐπιϐουλὴν
3330 910 3346 935 ,
3391 867 3570 922 δόλον.

1990 961 2224 1032 Εἰρήνης
2267 958 2548 1030 ἄνθρωπον
2576 958 2668 1011 τὸν
2705 958 2908 1013 Ἰούδαν
2939 960 3102 1028 φησι,
3163 959 3252 1012 διὰ
3297 959 3360 1012 τὸ
3387 959 3570 1012 δοκεῖν

1989 1055 2047 1105 ἐν
2067 1055 2177 1114 τοῖς
2198 1050 2466 1104 εὐνοοῦσιν
2484 1049 2630 1121 αὐτῷ
2649 1050 2904 1121 τετάχθαι
2925 1053 3016 1104 καὶ
3045 1051 3238 1120 φίλοις·
3266 1052 3389 1120 τόγε
3412 1052 3570 1121 ἥκων

1989 1144 2067 1205 είς
2091 1143 2152 1195 τὸ
2179 1137 2319 1194 εἶναι
2349 1141 2618 1212 μαθητήν.

2060 1232 2141 1285 Σὺ
2171 1231 2259 1295 δὲ,
2292 1233 2489 1299 Κύριε,
2521 1230 2784 1298 ἐλέησόν
2815 1247 2914 1300 με,
2951 1230 3050 1284 καί
3085 1229 3441 1298 ἀνάστησόν
3456 1245 3561 1301 με,

1990 1324 2085 1377 καί
2115 1322 2519 1378 ἀνταποδώσω
2568 1322 2794 1388 αὐτοῖς.
2832 1321 3210 1394 Ἀνθρωπίνως
3243 1322 3442 1393 μᾶλλον
3468 1323 3566 1376 διὰ

1988 1416 2086 1485 τὴν
2132 1414 2361 1467 κένωσιν
2392 1414 2528 1485 πρὸς
2556 1415 2646 1467 τὸν
2692 1413 2886 1468 ἑαυτοῦ
2938 1413 3157 1485 Πατέρα
3206 1416 3435 1467 ποιεῖται
3467 1414 3563 1467 τὸν

1988 1506 2166 1574 λόγον,
2220 1505 2396 1559 καίτοι
2425 1504 2588 1567 αὐτὸς
2619 1504 2695 1558 ὢν
2734 1503 2794 1558 τὸ
2818 1503 2968 1567 ἔλεος
3010 1502 3103 1557 τοῦ
3135 1504 3271 1557 Θεοῦ
3321 1507 3413 1559 καὶ
3444 1506 3553 1559 Ila.-

1989 1598 2134 1669 τρὸς,
2166 1598 2260 1651 καὶ
2292 1599 2325 1668 ἡ
2356 1598 2648 1658 ἀνάστασις
2677 1598 2820 1666 καὶὴ
2851 1596 2987 1664 ζωή.

2078 1693 2173 1743 ’Er
2201 1692 2391 1753 τούτῳ
2419 1689 2631 1758 ἔγνων,
2657 1688 2744 1741 ὅτι
2774 1684 3102 1753 τεθέ.1ηκάς
3129 1703 3224 1756 με.
3265 1686 3430 1740 Λαλεῖ
3452 1688 3564 1741 πά-

1992 1780 2074 1834 λιν
2105 1780 2180 1842 ὡς
2207 1780 2490 1849 ἄνθρωπος
2520 1818 2535 1841 ,
2583 1777 2671 1830 ἴνα
2708 1777 2897 1829 ἑαυτὸν
2926 1774 3145 1846 παραοῇ
3189 1774 3267 1845 τῷ
3303 1774 3423 1845 Θεῷ
3462 1777 3565 1829 καὶ

1993 1872 2187 1944 Πατρί.
2224 1873 2343 1925 Ὀτι
2369 1873 2441 1925 οὐ
2464 1869 2552 1939 μὴ
2580 1866 2836 1938 ἐπιχαρῆ
2862 1870 2895 1920 ό
2921 1867 3134 1936 ἐχθρός
3156 1884 3275 1937 μου
3312 1868 3404 1921 ἐπ’
3430 1867 3563 1937 ἐμέ.

1993 1966 2055 2019 Εἰ
2093 1965 2193 2035 μὲν
2222 1963 2288 2019 ἐκ
2310 1962 2601 2034 προσώπου
2630 1961 2728 2029 τῆς
2754 1960 3167 2031 ἀνθρωπότητος
3195 1959 3367 2014 ταῦτα
3413 1959 3567 2029 λέγει

1992 2052 2021 2103 ὁ
2044 2049 2295 2121 Χριστὸς,
2322 2048 2514 2119 ἐχθρὸς
2537 2048 2603 2101 ἂν
2619 2047 2838 2118 νοηθείη
2864 2050 2892 2100 ὁ
2916 2047 3006 2101 τὸν
3036 2046 3268 2101 θάνατον
3300 2051 3432 2118 ἡμῖν
3461 2067 3570 2104 κα-

1992 2139 2370 2203 τασκευάσας’
2412 2140 2462 2193 sl
2493 2139 2551 2192 δὲ
2596 2139 2670 2202 ὡς
2720 2137 2779 2204 ἐξ
2828 2136 2994 2193 αὐτοῦ
3042 2139 3137 2192 τοῦ
3166 2140 3424 2210 Χριστοῦ,
3451 2141 3568 2195 τῶν

2007 2232 2272 2287 Ἰουδαίων
2295 2231 2420 2295 τοὺς
2450 2231 2716 2303 ἄρχοντάς
2764 2247 2948 2302 φησιν.
2984 2231 3107 2284 Ὅτι
3142 2231 3250 2303 γὰρ
3298 2231 3569 2303 λελύπην-

1990 2340 2105 2389 ται,
2131 2323 2289 2393 δῆλον
2332 2323 2397 2376 ἐκ
2432 2322 2523 2376 τοῦ
2560 2323 2963 2393 συκοφαντῆσαι
2992 2320 3156 2377 αὐτοῦ
3195 2324 3295 2395 τὴν
3329 2325 3569 2380 ἀνάσταο

1996 2432 2099 2469 σιν.

2076 2504 2247 2573 Ἐμοῦ
2270 2503 2337 2556 δὲ
2374 2502 2473 2557 διὰ
2511 2502 2626 2571 τὴν
2650 2505 2910 2559 ἀκακίαν
2942 2504 3296 2559 ἀπελάὄου.
3335 2507 3401 2559 Ἦ
3427 2507 3568 2561 πάν-

1992 2613 2101 2649 των
2129 2596 2413 2666 ἀντίληψις
2451 2596 2786 2667 ἀντιλήψεως
2827 2597 3183 2667 τετυχηκέναι
3227 2596 3424 2669 φησιν·
3461 2598 3568 2653 οὐκ

1994 2685 2158 2748 αὐτὸς
2188 2684 2390 2756 ταύτης
2436 2686 2712 2756 δεόμενος,
2757 2686 2878 2739 καθ’
2924 2687 2953 2739 ὸ
3006 2689 3207 2740 νοεῖται
3235 2687 3392 2753 Θεὸς,
3426 2688 3570 2741 ἀλλά

1994 2772 2283 2844 γενόμενος
2324 2773 2630 2844 ἄνθρωπος,
2678 2773 2819 2844 ὑπὲρ
2859 2771 3160 2845 ἀνθρώπων
3192 2777 3424 2827 ποιεῖται
3477 2774 3571 2829 λό-

1994 2878 2144 2929 γους.

402 2952 488 3007 Η.
522 2944 838 3006 Benedictus
872 2951 1127 3004 Dominus
1178 2950 1318 3005 Deus
1367 2949 1540 3003 Israel
1595 2966 1627 3002 a
1670 2948 1887 3002 saeculo.

2064 2953 2405 3023 Εὐλογητὸς
2421 2955 2636 3021 Κύριος
2653 2956 2686 3008 ό
2707 2954 2850 3020 Θεὸς
2884 2952 3126 3021 Ἰσραὴλ
3146 2954 3262 3009 ἀπὸ
3285 2953 3393 3009 τοῦ
3428 2954 3569 3008 altit-

321 3041 445 3098 Jam
475 3043 729 3113 obsignat
759 3044 1032 3097 canticum
1068 3042 1120 3094 in
1147 3042 1446 3110 gratiarum
1492 3040 1766 3096 actionem
1798 3040 1895 3095 de-

325 3133 537 3188 sinens.
567 3134 609 3184 A
646 3133 921 3200 praesenti,
944 3132 1141 3201 inquit,
1183 3147 1358 3202 usque
1405 3132 1471 3187 ad
1522 3130 1791 3186 futurum.
1849 3130 1896 3183 Α

324 3225 580 3294 praesenti
614 3224 777 3295 igitur
798 3224 1152 3279 benedictioa
1203 3224 1360 3279 nobis
1393 3222 1504 3279 Deo
1554 3224 1735 3278 ohlata
1784 3224 1896 3277 ini-

296 3316 462 3381 ,tium
499 3315 669 3378 ducit,
690 3316 1099 3385 completurque
1132 3317 1186 3370 in
1229 3316 1448 3370 futuro:
1494 3330 1619 3369 nam
1659 3330 1723 3369 ea:
1744 3325 1896 3384 parte

320 3408 690 3477 cognoscimus
722 3416 773 3460 et
822 3422 888 3461 ea:
924 3418 1072 3477 parte
1119 3408 1489 3477 prophetamus
1518 3408 1585 3472 ¹⁶,
1619 3421 1793 3476 quare
1825 3422 1894 3461 es

323 3504 482 3563 parte
510 3496 923 3551 benedicimus:
956 3494 1088 3551 Cum
1124 3508 1299 3551 autem
1344 3498 1538 3551 venerit
1585 3498 1724 3567 quod
1775 3514 1895 3566 per-

325 3586 519 3652 fectum
545 3595 662 3651 est,
694 3586 874 3655 inquit
927 3587 1213 3652 Paulus“,
1249 3589 1596 3642 evacuabitur
1646 3589 1785 3659 quod
1828 3604 1894 3643 ea:

318 3687 472 3747 parte
490 3693 588 3733 est.
624 3677 758 3733 Nam
779 3679 1020 3749 profectu
1044 3681 1110 3734 ad
1158 3681 1381 3735 meliora
1406 3681 1719 3744 accedente,
1775 3695 1895 3736 ces-

323 3776 413 3825 sat
436 3771 579 3839 quod
611 3786 676 3824 ex
699 3781 852 3839 parte
880 3780 985 3826 est.
1014 3771 1245 3839 Ideoque
1295 3770 1585 3826 PSalmista
1613 3771 1891 3840 adjunxit,

325 3858 472 3923 Fiat,
503 3862 621 3925 ﬁat,
650 3870 706 3915 et
732 3862 971 3931 duplicat
1002 3864 1326 3919 orationem.
1364 3863 1643 3933 Siquidem
1671 3865 1889 3917 beatum

322 3961 430 4016 est,
455 3966 551 4020 per
576 3951 735 4005 fidem
762 3963 815 4006 et
841 3952 946 4006 alia
999 3953 1140 4006 bona
1172 3967 1337 4022 opera
1364 3953 1799 4008 benedictionem
1836 3954 1890 4007 in

323 4038 780 4102 Deumesordiri,
809 4049 974 4111 atque
1027 4044 1104 4097 ita
1131 4043 1278 4097 illam
1319 4058 1585 4098 coronare
1628 4044 1682 4097 in
1708 4044 1892 4098 futuro

323 4128 545 4191 saecitlo,
582 4136 643 4182 ut
673 4129 858 4197 impiis
884 4138 938 4183 et
966 4130 1278 4186 infidelibus
1307 4130 1479 4186 Deum
1516 4131 1627 4186 illic
1670 4131 1892 4188 laudare

322 4218 634 4274 nullatenus
661 4221 1015 4275 concedatur.
1044 4222 1338 4277 Sciendum
1368 4232 1571 4289 autem,
1599 4224 1891 4280 nonnullos

1996 3046 2547 3116 νος.Σςρραγίζεικαὶ
2560 3045 2654 3099 νῦν
2676 3045 3116 3117 είςεύχαριστίαν
3147 3045 3242 3116 τὴν
3278 3046 3571 3116 προκειμέ-

1996 3156 2093 3209 νην
2119 3138 2282 3208 ᾠδήν.
2330 3138 2462 3190 Ἀπὸ
2507 3137 2598 3190 τοῦ
2643 3138 2929 3209 παρόντος,
2978 3138 3159 3209 φησὶν,
3191 3140 3271 3201 είς
3313 3138 3405 3190 τὸν
3435 3138 3569 3208 μέλ-

1993 3225 2153 3280 λοντα
2177 3243 2191 3257 ·
2218 3225 2411 3279 οὐκοῦν
2437 3225 2545 3278 ἀπὸ
2572 3226 2668 3294 μὲν
2698 3224 2793 3278 τοῦ
2818 3225 3083 3295 παρόντος
3115 3227 3148 3295 ἠ
3191 3225 3409 3294 εὐλογία
3432 3229 3568 3298 παρ’

1995 3316 2150 3387 ἡμῶν
2170 3318 2248 3378 είς
2273 3316 2364 3369 τὸν
2390 3315 2522 3367 Θεὸν
2550 3316 2798 3386 ἄρχεται,
2820 3314 3120 3368 τελειοῦται
3145 3315 3202 3368 δὲ
3241 3315 3299 3368 ὲν
3325 3314 3406 3385 τῷ
3436 3313 3569 3386 μέλ-

1993 3406 2139 3460 λοντι
2158 3407 2256 3459 ’ἐκ
2296 3405 2517 3474 μέρους
2544 3406 2652 3477 γάρ
2682 3404 3075 3474 γινώσκομεν,
3127 3405 3227 3459 καὶ
3256 3407 3324 3459 ἐκ
3343 3406 3569 3475 μέρους

1993 3495 2594 3565 προφητεύομεν-,ὃθεν
2616 3496 2785 3549 καὶὲκ
2808 3496 3005 3566 μέρους
3025 3496 3373 3568 εὐλογοῦμενο
3391 3500 3570 3551 Ὅταν

1994 3587 2222 3654 estnon
2240 3587 2305 3640 τὸ
2318 3586 2648 3657 τέλειον,φη
2655 3587 2736 3639 σὶν
2748 3588 2777 3639 ὁ
2793 3587 3023 3651 Παῦλος,
3041 3586 3184 3640 τὸέκ
3204 3586 3425 3656 μέρους
3440 3604 3572 3641 κατ-

1993 3676 2410 3746 αργηθήσεται.
2434 3678 2511 3749 Τῇ
2531 3678 2641 3749 γὰρ
2679 3681 2770 3732 ἐπὶ
2793 3679 2855 3732 τὸ
2887 3680 3070 3749 μεῖζον
3095 3682 3343 3751 προκοπῇ
3370 3679 3435 3734 τὸ
3458 3680 3570 3733 ἀπὸ

1994 3768 2198 3841 μέρους
2220 3768 2470 3822 παύεται.
2491 3768 2589 3822 Διά
2611 3770 2808 3823 τοῦτοὸ
2829 3770 3127 3841 Ψαλμῳδὸς
3153 3772 3422 3842 ἐπήγαγε,
3464 3772 3515 3824 Γ
3517 3770 3571 3824 ἐ-

1994 3874 2175 3919 retro,
2200 3856 2448 3927 γένοιτο,
2481 3860 2575 3911 καὶ⁸
2597 3857 2937 3923 διπλασιάζει
2956 3861 3055 3929 τὴν
3079 3859 3263 3929 εὐχήν.
3282 3858 3569 3930 Μακάριον

1994 3948 2103 4018 γάρ
2117 3947 2367 4001 ἐντεῦθεν
2378 3949 2477 4019 τῆς
2493 3949 2741 4018 εὐλογίας
2759 3951 2859 4021 τῆς
2880 3954 2959 4015 είς
2973 3952 3063 4005 τὸν
3078 3950 3210 4004 Θεὸν
3229 3952 3317 4004 διὰ
3333 3952 3569 4012 πίστεως

1996 4041 2087 4093 καὶ
2111 4040 2211 4109 τῆς
2234 4040 2342 4093 τῶν
2372 4040 2548 4097 ἀλλων
2579 4041 2802 4110 ἀγαθῶν
2837 4042 3226 4113 κατορθώσεως
3264 4040 3565 4111 ἄρξασθαι,

1994 4130 2139 4184 οὕτω
2166 4148 2224 4184 τε
2257 4131 2425 4203 αὐτὴν
2457 4134 2798 4201 στεφανῶσαι
2848 4136 2929 4197 είς
2956 4132 3047 4186 τὸν
3091 4131 3267 4185 αἰῶνα
3312 4130 3404 4183 τὸν
3439 4130 3570 4200 μὲλ-

1994 4226 2177 4291 λοντα,
2205 4228 2280 4291 ὼς
2317 4228 2372 4281 οῖ
2404 4244 2467 4296 γε
2502 4227 2720 4291 ἀσεϐεῖς
2755 4228 2850 4283 καὶ
2888 4228 3106 4281 ἄπιστοι
3162 4225 3401 4292 εὐλογεῖν
3450 4226 3571 4276 ἐκεῖ

322 4311 466 4366 hanc
500 4312 836 4381 psalmorum
864 4314 1202 4383 prophetiam
1231 4314 1285 4369 in
1333 4314 1506 4377 libros
1534 4316 1776 4386 quinque
1803 4317 1888 4371 di-

2034 4314 2086 4368 ὸν
2124 4315 2255 4368 Θεὸν
2287 4316 2388 4369 οὐκ
2429 4315 2834 4386 ὲπιτρὲπονται.
2872 4316 3085 4370 Είδέναι
3126 4315 3186 4368 δὲ
3216 4315 3316 4378 δεῖ,
3352 4315 3434 4367 ὅτι
3463 4314 3567 4383 τὴν

264 4430 273 4441 κ
319 4403 539 4458 videre:
570 4412 735 4472 atque
790 4405 856 4458 ad
904 4405 1050 4459 hunc
1100 4421 1276 4473 usque
1333 4408 1602 4476 psalmum
1651 4409 1889 4477 priorem

318 4493 690 4558 constituere;
747 4495 874 4563 quia
905 4496 958 4548 in
1000 4495 1108 4551 line
1147 4497 1577 4553 benedictionem
1628 4499 1681 4552 in
1718 4497 1888 4553 Deum

318 4597 417 4635 seu
439 4596 699 4636 coronam
739 4584 917 4639 habet.
944 4584 1099 4641 Unde
1130 4589 1295 4642 etiam
1323 4590 1402 4644 sic
1431 4598 1723 4659 sequentes
1754 4605 1890 4659 qua-

322 4680 450 4726 tuor
476 4672 811 4741 partiuntur.

462 4847 516 4901 1.
556 4846 619 4901 1η
652 4848 819 4927 ﬁnem
850 4850 919 4902 ad
968 4851 1371 4920 infelligentiam
1419 4854 1549 4923 ﬁliis
1582 4853 1738 4910 Core.

849 4938 1186 4997 PSALMUS
1215 4943 1368 4999 XLI.

898 5032 1296 5102 Argumentum.

319 5119 474 5175 Sacri
499 5119 651 5177 fuere
684 5131 938 5178 cantores
974 5123 1071 5177 ﬁlii
1093 5124 1254 5189 Core,
1287 5136 1490 5182 canunt
1523 5138 1705 5185 autem
1740 5145 1871 5183 caa-

401 5211 566 5265 ticum
593 5214 661 5267 ab
686 5215 1317 5284 auctoribusacceptum,
1338 5219 1632 5275 \‘idelieeta
1658 5219 1883 5284 Davide,

392 5313 514 5366 qum
541 5298 594 5352 in
634 5302 923 5370 postremis
967 5305 1301 5372 temporibus
1340 5309 1642 5363 obventura
1701 5318 1887 5363 essent

396 5387 789 5455 significantes.
822 5389 1089 5447 anucunt
1112 5396 1276 5451 etiam
1306 5398 1478 5468 ipsius
1506 5398 1721 5455 Israelis
1758 5415 1882 5469 pcr-

397 5565 442 5602 ⁶⁹
469 5569 487 5624 ι
512 5568 638 5624 Cor.
670 5587 785 5635 xm,
804 5572 856 5627 9.
940 5574 976 5607 "
1006 5574 1134 5630 ilzid.
1169 5577 1265 5631 10..

1996 4403 2278 4477 ψαλμικὴν
2331 4405 2537 4477 ταύτην
2581 4408 2920 4479 προφητείαν
2970 4408 3052 4470 είς
3100 4406 3263 4459 πέντε
3301 4404 3444 4468 τινὲς
3487 4405 3570 4459 δι-

1995 4495 2204 4558 ελόντες
2234 4496 2465 4566 βίϐλους,
2509 4498 2671 4570 μέχρι
2698 4499 2886 4552 τούτου
2916 4497 3012 4551 τοῦ
3047 4496 3261 4568 ψαλμοῦ
3294 4496 3394 4567 τὴν
3410 4495 3569 4567 πρώ-

1994 4601 2094 4654 την
2126 4586 2436 4655 νομίζουσιν
2476 4604 2491 4618 ·
2544 4586 2730 4658 ἐπειδὴ
2783 4588 2920 4655 πρὸς
2969 4587 3048 4659 τῷ
3102 4582 3245 4640 τέλει
3303 4586 3568 4655 στέφανον

1998 4674 2187 4745 ὥσπερ
2235 4676 2333 4746 τὴν
2364 4676 2611 4746 εὐλογίαν
2652 4678 2753 4749 τὴν
2797 4681 2878 4742 είς
2925 4679 3057 4733 Θεὸν
3088 4679 3370 4749 κέκτηται.
3402 4676 3567 4732 Ὅθεν

1997 4764 2139 4817 οὕτω
2165 4766 2430 4837 διαιροῦσι
2455 4770 2547 4821 καὶ
2579 4768 2676 4832 τὰς
2709 4770 2969 4842 ὑπάρξεις
3002 4771 3102 4834 τὰς
3131 4770 3422 4839 τέσσαρας.

2059 4857 2162 4921 Εις
2192 4856 2258 4911 τὸ
2285 4857 2457 4923 τέλος
2479 4863 2568 4926 εἰς
2591 4862 2849 4916 σύνεσιν
2874 4862 2996 4928 τοῖς
3010 4861 3161 4929 υἱοῖς
3186 4862 3292 4915 τοῦ
3322 4860 3495 4929 Κορέ.

2543 4955 2753 5007 ΨΑΛΜ
2759 4958 2850 5008 ΟΣ
2884 4958 2938 5009 Μ
2939 4959 3020 5008 A’.

2617 5044 2630 5063 ⁸
2645 5046 2953 5112 Υπόθεσις.

2005 5132 2333 5206 Ἰεροψάλται
2368 5135 2466 5204 μὲν
2509 5136 2794 5205 γεγόνασιν
2826 5141 2874 5192 oi
2912 5138 3006 5192 τοῦ
3051 5138 3194 5210 Κορὲ
3224 5138 3348 5200 υἱοὶ,
3377 5134 3565 5208 ᾅδουσι

2068 5224 2125 5276 δὲ
2154 5224 2253 5295 τὴν
2280 5224 2422 5296 ᾠδὴν
2466 5226 2720 5293 λαϐόντες
2780 5230 2935 5300 παρὰ
2970 5230 3094 5283 ’τῶν
3132 5228 3433 5283 συνθέντων
3467 5226 3566 5280 αὐ-

2066 5313 2186 5384 τὴν,
2221 5316 2464 5370 τουτέστι
2494 5317 2589 5371 τοῦ
2638 5320 2818 5382 Δαυῒδ,
2846 5320 2914 5374 τά
2964 5322 3051 5373 ἐπ’
3080 5321 3321 5390 ἐσχάτων
3358 5316 3562 5388 σημαίο

2063 5422 2245 5470 νοντες
2281 5407 2386 5462 τῶν
2427 5411 2655 5482 καιρῶν.
2690 5412 3017 5484 Είσφέρουσι
3059 5413 3115 5466 δὲ
3165 5412 3226 5466 τὸ
3264 5409 3429 5466 αὐτοῦ
3466 5408 3561 5463 τοῦ
