3786 6278
154 192 247 248 91

1295 188 1656 247 EXPOSITIO
1690 186 1760 243 ιΝ
1797 185 2129 247 ΡΒᾹΙΛΙΗΜ
2172 189 2306 245 XLI.

3311 191 3418 251 202

226 314 474 385 Ἰσραὴλ
520 313 820 386 πρόσωπον
858 310 1350 383 ὲζυμολογούμενον
1403 311 1624 383 Χριστῷ
1667 310 1747 365 διὰ

1932 326 2123 367 sonam
2166 312 2392 367 Christo
2432 326 2528 382 per
2584 312 2951 382 paenitentiam
3023 312 3366 375 conﬁtentem
3398 356 3419 381 ,

214 407 327 477 τῆς
380 405 821 476 μεταγνώσεως,
852 400 927 477 ἦς
970 404 1285 475 ποιήσονται
1335 404 1429 456 ἐπὶ
1476 403 1759 474 συντελείᾳ

215 497 333 550 τῶν
356 497 619 554 αἰώνων.

222 589 341 640 Ὃν
386 589 637 656 τρόπον
672 586 786 657 (id)
829 585 1105 640 ἐπιποθεῖ
1140 584 1180 652 ἡ
1228 584 1457 653 ἔλαφος
1502 583 1601 638 ἐπὶ
1647 583 1758 649 τὰς

152 680 353 747 πηγὰς
388 678 528 733 τῶν
556 678 817 745 ὑδάτων,
844 678 1034 744 οὕτως
1072 677 1346 732 ἐπιποθεῖ
1369 677 1406 744 ἠ
1440 675 1611 746 ψυχή
1639 693 1759 745 μου

153 771 302 837 ,τρὸς
354 773 471 834 σὲ,
511 774 549 824 ό
586 770 750 836 Θεός.
793 771 861 822 At
908 770 1123 837 λογικαὶ
1145 768 1352 838 ἔλαφοι,
1382 767 1758 838 διαλειπούσης

155 862 323 925 αὐτὰς
351 860 461 914 ara
504 860 614 923 τὰς
645 859 877 930 ἀνομίας
911 860 1009 930 τῆς
1036 860 1233 932 νοητῆς
1261 860 1460 931 πηγῆς,
1498 858 1760 912 ἀπεκλαί-

154 970 271 1005 om
298 951 522 1015 νυκτὸς
550 952 649 1005 καὶ
681 949 801 1023 μεθ’
834 949 1048 1024 ἡμέραν
1073 950 1169 1022 τὴν
1191 950 1465 1004 ἀπώλειαν
1494 949 1728 1003 ἑαυτῶν.

222 1052 378 1117 Πότέ
410 1064 554 1132 ἥξω
575 1102 591 1126 ,
642 1062 741 1116 καὶ
792 1062 1131 1132 ὀφθήσομαι
1182 1062 1263 1128 τῷ
1313 1064 1610 1131 προσώπῳ
1650 1061 1755 1115 τοῦ

153 1152 297 1207 κοῦ
321 1169 344 1216 ;
400 1152 718 1223 Πρόσωπον
748 1149 845 1204 τοῦ
876 1151 1011 1204 Θεοῦ
1060 1151 1090 1203 ὁ
1142 1150 1331 1219 Λόγος.
1379 1151 1639 1222 Σημαίνει
1693 1151 1756 1203 τὸ

152 1244 268 1298 λίαν
316 1243 635 1314 ἐπιθυμεῖν
668 1243 866 1306 αὐτοὺς
896 1244 976 1304 είς
1009 1241 1199 1313 καιρὸν
1225 1241 1516 1312 ἀφικέσθαι
1561 1242 1756 1306 αὐτοὺς

151 1335 271 1389 καθ’
299 1335 366 1388 ὃν
392 1336 502 1389 καὶ
528 1337 567 1406 ἡ
600 1334 778 1388 αὐτῶν
810 1333 963 1388 ἔσται
996 1334 1190 1405 κλῆσις
1214 1334 1391 1387 ’ὥστε
1425 1334 1518 1386 καὶ
1557 1334 1754 1396 αὐτοὺς

154 1428 429 1496 ἐμφανεῖς
452 1425 715 1494 γενέσθαι
762 1424 841 1495 τῷ
892 1424 1167 1497 προσώπῳ
1211 1424 1305 1478 τοῦ
1356 1424 1490 1479 Θεοῦ
1516 1426 1619 1479 -καὶ
1643 1425 1754 1478 Πα-

152 1518 295 1586 τρός.
330 1506 535 1568 Ταυτὸ
558 1516 613 1568 δέ
648 1516 882 1569 ἐστικαὶ
911 1515 972 1567 τὸ
998 1514 1090 1567 τοῦ
1126 1514 1277 1568 Υίοῦ.

1927 417 2093 472 quam
2170 404 2223 458 in
2310 404 2784 459 consummatione
2844 405 3170 460 saeculorum
3242 410 3417 462 acturi

1927 507 2073 559 sunt.
3402 564 3403 567 η

1925 583 1982 638 2.
2013 585 2465 650 Quemadmodum
2484 587 2745 641 desiderat
2765 603 2943 641 cervus
2967 587 3037 640 ad
3060 589 3229 656 fontes
3247 603 3418 657 aqua-

1857 686 1998 741 rum,
2021 674 2100 727 ita
2119 675 2390 729 'desiderat
2412 677 2589 730 anima
2611 694 2729 731 mea
2762 679 2832 731 ad
2864 688 2931 742 te,
2966 677 3129 733 Deus.
3158 678 3419 733 Rationa—

1855 763 1994 821 biles
2022 768 2190 831 cervi,
2255 768 2538 825 deﬁciente
2586 771 2750 840 ipsis},
2814 781 3158 840 peccatorum
3221 787 3415 840 causa,

1855 858 2123 927 Spirituali
2154 858 2322 929 fonte,
2357 870 2518 917 noctu
2545 863 2738 932 dieque
2783 880 2936 919 suam
2972 866 3267 936 perniciem
3323 867 3418 921 de-

1853 947 2158 1017 plorabant.

1920 1059 1979 1114 ‘5.
2021 1062 2244 1126 Quando
2272 1065 2476 1118 veniam
2510 1075 2560 1119 et
2587 1068 2845 1137 apparebo
2902 1079 3022 1123 ante
3056 1071 3245 1139 [aciem
3275 1070 3373 1124 Dei
3392 1072 3420 1125 .'

1849 1149 2043 1206 Facies
2081 1153 2259 1209 Patris
2299 1153 2559 1212 Verbum.
2591 1156 2686 1213 His
2711 1159 3045 1229 signiﬁcatur
3079 1178 3288 1217 summe
3315 1181 3413 1219 ex-

1853 1252 2035 1310 petere
2057 1243 2179 1299 illos
2208 1258 2274 1298 eo
2306 1253 2552 1315 tempore
2575 1256 2701 1302 ante
2726 1259 3079 1319 conspectum
3105 1252 3195 1307 Dei
3220 1269 3415 1309 occur-

1853 1347 1973 1387 rere
2005 1348 2115 1404 quo
2140 1335 2314 1390 vocati
2334 1334 2565 1403 fuerint,
2600 1346 2661 1394 ut
2688 1353 3041 1409 compareant
3067 1354 3194 1398 ante
3220 1345 3410 1402 faciem

1851 1421 2059 1479 Patris:
2088 1439 2211 1495 quae
2239 1426 2427 1481 eadem
2450 1426 2567 1498 ipsa
2599 1435 2682 1483 est
2699 1435 2863 1500 atque
2886 1427 3031 1483 Filii.

231 1629 333 1681 Ἑν
377 1625 572 1698 φωνῇ
638 1627 1053 1698 ἀγαλλιάσεως
1100 1626 1199 1680 καὶ
1255 1623 1745 1697 ἑξομολογήσεως

1924 1621 1977 1676 5.
2010 1620 2077 1677 In
2108 1641 2228 1679 voce
2249 1627 2621 1684 exsultationis
2642 1642 2690 1685 et
2724 1633 3070 1701 confessionis
3100 1651 3258 1689 sonus
3289 1652 3415 1703 epu-

155 1720 343 1789 ἤχους
395 1718 811 1789 ἑορτάζογτος.
861 1717 1393 1790 Προευαγγελίζεται
1433 1719 1630 1772 ’ἑαυτὸν
1676 1718 1752 1782 ὡς

153 1813 207 1863 ὲν
232 1809 430 1881 καιρῷ
454 1811 783 1881 τευξόμενος
810 1810 909 1880 τῆς
943 1808 1032 1863 διὰ
1064 1807 1299 1883 Χριστοῦ
1356 1808 1628 1881 σωτηρίας
1657 1810 1751 1862 καὶ

152 1904 321 1973 ζωῆς,
356 1903 465 1956 καὶ
490 1904 617 1966 ταῖς
644 1902 815 1966 θείαις
848 1901 1039 1966 αὐλαῖς
1069 1900 1206 1975 ἁμοῦ
1236 1903 1348 1966 τοῖς
1375 1901 1751 1970 ἄλλοιςεάγίοις

152 1994 474 2064 ὲνδιαιτησό
481 2011 670 2065 μενος.

219 2108 359 2161 ἰνα
394 2107 457 2159 τί
490 2107 830 2174 περίλυπος
850 2102 934 2168 εἴ,
968 2106 1006 2173 ἡ
1036 2106 1210 2176 ψυχή
1234 2125 1386 2176 μου,
1428 2108 1527 2161 καί
1561 2109 1660 2162 ἵνα
1696 2110 1751 2163 τί

153 2196 625 2266 συνταράσσεις
669 2215 777 2266 με;
825 2199 1082 2269 Ἐπιτιμᾷ
1130 2201 1248 2261 ταῖς
1297 2198 1494 2262 λύπαις
1546 2202 1609 2270 τῇ
1670 2201 1751 2264 εἰς

155 2290 401 2362 Χριστὸν
422 2290 605 2343 ἐλπίδι
634 2290 960 2362 ὀχυρόμενος
976 2290 1131 2364 (14⁵).
1149 2292 1211 2344 Et
1232 2293 1545 2363 τετήρηται,
1565 2293 1748 2364 φησὶν,

156 2375 201 2437 ὗ
226 2383 414 2453 ψυχὴ,
451 2381 651 2452 καιρὸς
681 2381 803 2434 καθ’
829 2382 889 2435 ὃν
919 2386 952 2453 ἡ
999 2382 1088 2436 διὰ
1112 2381 1346 2443 πίστεως
1378 2381 1534 2453 ἡμῶν
1559 2382 1749 2452 κλῆσις

156 2477 373 2544 είσὰγοι
420 2475 577 2545 ἡμᾶς
613 2473 752 2544 μετὰ
792 2474 900 2526 τῶν
932 2471 1297 2545 ἑορταζόντων
1341 2475 1420 2537 είς
1469 2476 1566 2546 τὴν
1616 2491 1751 2544 σκη-

157 2570 271 2637 νὴν,
315 2567 416 2620 διὰ
457 2566 519 2620 τί
561 2565 860 2636 περίλυπος
899 2562 969 2633 εἷ,
1013 2568 1104 2619 καὶ
1145 2566 1463 2640 κατατρύχῃ
1491 2570 1611 2630 ταῖς
1651 2566 1746 2620 λύ-

160 2674 325 2721 παις

224 2750 336 2803 Διά
362 2748 551 2803 τοῦτο
571 2746 1006 2819 μνησθήσομαι
1033 2766 1151 2803 σου
1186 2750 1256 2802 ἐκ
1298 2749 1411 2820 γῆς
1457 2751 1748 2819 Ἰορδάνου

158 2844 253 2897 καὶ
295 2840 652 2911 ἐρμωνιειμ
675 2841 794 2895 ἀπὸ
823 2842 1000 2911 ὄρους
1018 2842 1258 2911 μικροῦ.
1307 2843 1523 2915 Ἐπειδὴ
1558 2844 1748 2917 ἐταρά-

164 2936 295 3006 χθη,
322 2935 524 3003 φησὶν,
545 2934 580 3003 ἠ
600 2932 745 3004 ψυχή
788 2950 910 3006 μου,
933 2934 1346 3006 ἀναμνήσαντός
1383 2952 1484 3006 μου
1515 2935 1747 3007 ἐμαυτὸν

160 3018 267 3071 τῶν
298 3019 414 3072 σῶν
444 3018 790 3090 Θαυμασίων,
811 3016 887 3074 ὧν
913 3038 971 3073 τε
1015 3022 1156 3076 κατὰ
1184 3022 1275 3077 τὸν
1310 3024 1578 3097 Ἰορδάνην
1615 3028 1746 3096 ἡμῖν

160 3113 390 3178 ἔδειξας,
406 3104 489 3164 ὧν
513 3128 577 3164 τε
600 3111 744 3165 κατὰ
762 3111 823 3164 τὸ
843 3112 967 3185 ὅρος
981 3113 1042 3166 τὸ
1073 3112 1340 3185 Ἀερμὼν,
1356 3116 1748 3187 παραμυθήσο-

163 3221 261 3273 μαι
294 3203 567 3273 ἐμαυτόν.
605 3202 676 3255 Ἦ
718 3202 890 3266 οὕτως
912 3221 926 3235 ·
973 3204 1298 3275 Γενόμενος,
1346 3208 1507 3278 φησὶν
1531 3250 1545 3273 ,
1583 3210 1639 3261 ὲν
1672 3208 1749 3280 τῷ

173 3296 440 3369 Ἰορδάνῃ,
472 3294 751 3348 τουτέστιν
782 3294 1032 3362 ἀξιωθεὶς
1050 3296 1142 3353 τοῦ
1164 3298 1319 3367 ἁγίου
1352 3299 1746 3371 βαπτίσματος,

161 3386 221 3440 τὸ
242 3387 559 3459 τηνικαῦτά
593 3402 686 3440 σου
723 3387 1101 3460 μνησθήσομαι
1132 3388 1221 3442 διὰ
1251 3390 1344 3443 τοῦ
1381 3392 1621 3463 ῥήματος
1645 3391 1744 3460 τῆς

158 3479 477 3550 ὁμολογίας.
542 3478 943 3550 Μνησθήσομαι
986 3479 1045 3533 δὲ
1095 3479 1192 3534 καὶ
1238 3481 1333 3535 τοῦ
1394 3482 1746 3554 Ἐρμωνιείμ.

174 3568 978 3641 Ἑρμωνιεὶμδὲὲρμηνεύεται
1007 3569 1147 3637 ὁδὸς
1160 3572 1416 3641 λύχνου,
1459 3573 1534 3636 ὡς
1563 3572 1656 3626 τοῦ
1689 3575 1750 3627 ἁ·-

163 3664 279 3729 γξου
305 3661 697 3733 βαπτίσματος
722 3661 840 3713 ὁδὸν
862 3660 1043 3725 αὐτοῖς
1068 3661 1376 3731 ἀνοίγοντος
1406 3663 1709 3734 φωτισμοῦ.

255 3755 548 3818 Αὸυσσος
570 3752 850 3807 ἄϐυσσον
873 3753 1238 3808 ἐπικαλεῖται
1274 3757 1361 3820 εἰς
1398 3755 1606 3824 φωνὴν
1633 3754 1749 3808 τῶν

162 3845 556 3915 ωταρακτῶν
593 3845 991 3917 σου.ξἘτέρων
1018 3846 1175 3900 πάλιν
1218 3846 1529 3916 θαυμασίων
1555 3849 1749 3918 ἀναμι-

168 3940 509 4009 μνήσκουσιν
546 3936 794 3999 ἑαυτούς.
833 3938 961 3991 ’Ὀτε
990 3938 1098 4009 γὰρ
1124 3937 1407 4008 ἀλλόφυλοι
1440 3941 1746 4011 κατεστράο-

163 4047 365 4084 τευσαν
394 4028 602 4094 αὐτῶν,
632 4028 931 4099 γενομένης
960 4028 1101 4099 ὑπὲρ
1136 4029 1315 4082 αὐτῶν
1361 4029 1550 4094 Θυσίας
1599 4031 1748 4102 παρὰ

166 4122 258 4175 τοῦ
297 4119 581 4191 Σαμουὴλ,
640 4120 943 4191 κατηνέχθη
1001 4120 1141 4174 κατὰ
1183 4121 1291 4175 τῶν
1325 4121 1596 4193 πολεμίων
1653 4125 1747 4194 χά-

163 4214 302 4279 ῖαζα
333 4214 604 4284 τοσαύτη,
640 4214 714 4277 ὡς
742 4214 867 4276 τοὺς
898 4212 1125 4289 ἐχθροὺς
1147 4214 1332 4284 σχεδὸν
1358 4215 1623 4280 ἅπαντας,
1658 4218 1748 4269 ού-

1767 2987 1820 3047 C

1851 1712 2039 1769 tantis.
2087 1714 2203 1770 Sibi
2234 1717 2337 1787 ipsi
2378 1722 2708 1788 praenuntiat
2751 1721 2995 1779 futurum
3030 1734 3089 1780 ut
3119 1727 3415 1797 aliquando

1852 1819 1950 1874 per
1978 1804 2251 1861 Christum
2289 1809 2520 1865 salutem
2554 1821 2609 1867 et
2646 1812 2812 1869 vitam
2863 1828 3250 1887 consequatur,
3277 1830 3330 1874 et
3361 1822 3412 1875 in

1850 1896 2035 1952 divina
2063 1899 2186 1954 aula
2220 1917 2329 1958 una
2368 1919 2491 1959 cum
2542 1905 2665 1962 aliis
2701 1908 2906 1963 sanctis
2955 1908 3179 1965 habitet.

1934 2108 1992 2161 6.
2018 2109 2196 2175 Quare
2227 2112 2400 2165 tristis
2427 2129 2505 2179 es,
2540 2113 2719 2166 anima
2746 2129 2884 2178 mea,
2916 2121 2967 2168 et
3005 2131 3167 2185 quare
3196 2126 3418 2169 contur-

1852 2196 1945 2252 bas
1969 2216 2049 2253 me
2073 2200 2098 2253 Ρ
2126 2198 2427 2255 Tristitiam
2452 2203 2801 2271 reprehendit
2830 2218 2927 2273 spe
2959 2218 3086 2275 erga
3132 2204 3408 2260 Christum

1850 2289 2115 2345 munitus.
2148 2289 2204 2344 Si
2233 2301 2507 2346 servatum
2537 2301 2642 2356 est,
2667 2293 2862 2362 inquit,
2895 2304 3129 2360 tempus,
3161 2310 3193 2349 o
3231 2295 3415 2349 anima

1850 2395 1993 2448 mea,
2018 2396 2128 2452 quo
2152 2382 2368 2437 vocatio
2402 2399 2499 2453 per
2530 2384 2688 2439 ﬁdem
2726 2393 2915 2440 nostra
2963 2386 3270 2441 introducet
3308 2401 3411 2441 nos

1850 2489 1976 2529 cum
2005 2473 2206 2530 festum
2241 2476 2530 2547 agentibus
2548 2477 2603 2531 in
2621 2464 3036 2533 tabernaculum
3062 2479 3215 2544 illud,
3244 2494 3415 2550 quare

1849 2567 2024 2623 tristis
2047 2582 2128 2633 es,
2161 2576 2216 2623 et
2238 2583 2338 2623 cur
2362 2568 2549 2623 dolore
2577 2570 2902 2627 maceraris?

1929 2742 1980 2796 7.
2005 2743 2292 2815 Propterea
2318 2762 2517 2801 memor
2565 2763 2653 2801 ero
2703 2748 2784 2801 tui
2812 2748 2876 2801 de
2909 2756 3052 2802 terra
3090 2747 3346 2804 Jordanis
3368 2758 3417 2804 et

1852 2834 2181 2892 Hermoniim
2199 2857 2230 2893 a
2256 2849 2429 2893 monte
2443 2841 2666 2896 modica.
2687 2838 3157 2911 Quandoquidem,
3174 2841 3271 2907 ait,
3299 2852 3418 2896 tur-

1850 2924 1977 2980 bata
1996 2936 2081 2982 est
2114 2928 2297 2983 anima
2345 2943 2486 2996 mea,
2532 2929 2661 2984 dum
2708 2929 2842 2983 mihi
2878 2929 2933 2983 in
2973 2930 3295 2986 memoriam
3332 2947 3418 2984 re-

1862 3018 2070 3073 vocabo
2095 3018 2364 3073 mirabilia
2392 3029 2505 3078 tua.
2525 3035 2650 3075 cum
2680 3036 2741 3075 ea
2772 3036 2893 3089 qua:
2914 3021 2967 3074 in
2994 3019 3252 3087 Jordane,
3302 3034 3418 3078 tum

1855 3123 1918 3163 ea
1944 3124 2064 3179 quae
2087 3109 2143 3164 in
2165 3120 2351 3165 monte
2373 3112 2606 3166 Aermon
2640 3113 2923 3167 ostendisti
2973 3114 3151 3180 nobis,
3192 3128 3421 3170 memet-

1855 3197 2036 3272 ipsum
2077 3204 2420 3260 consolabor.
2448 3205 2555 3258 Aut
2577 3205 2681 3259 hoc
2706 3207 2869 3260 modo
2901 3206 3070 3261 :Cum
3102 3207 3154 3259 in
3187 3205 3424 3263 Jordane

1857 3293 2077 3356 fuerim.
2107 3295 2161 3349 id
2193 3304 2446 3351 estsacro
2468 3296 2726 3366 dignatus
2750 3297 3097 3368 baptismate,
3127 3298 3309 3353 statim
3343 3300 3422 3354 tui

1856 3386 2185 3441 recordabar
2253 3387 2324 3441 ob
2385 3386 2748 3443 confessionis
2821 3388 3007 3442 verba.
3062 3387 3424 3458 ,Recorbabo:

1856 3493 2074 3547 quoque
2095 3476 2468 3544 Hermoniim;
2510 3476 2844 3533 Hermoniim
2895 3489 3076 3533 autem
3122 3482 3422 3550 explicatur

1856 3572 1942 3625 via
2003 3571 2265 3635 lucernw,
2329 3573 2455 3639 quia
2514 3586 2729 3626 sacrum
2780 3573 3042 3640 baptisma
3092 3576 3231 3625 viam
3292 3573 3422 3641 ipsis

1857 3662 2030 3731 aperit
2063 3662 2131 3715 ad
2158 3662 2635 3717 illuminationem.

1932 3753 1988 3807 8.
2028 3751 2261 3823 Abyssus
2292 3753 2540 3822 abyssum
2566 3754 2770 3806 invocat
2797 3753 2851 3805 in
2879 3768 2996 3808 race
3023 3762 3421 3806 cataractaruut

1859 3857 2094 3900 tuarum.
2135 3844 2252 3899 Alia
2283 3846 2467 3900 itidem
2494 3845 2756 3900 miracula
2784 3855 3038 3900 revocant
3082 3846 3135 3900 in
3164 3856 3419 3902 mentem.

1856 3936 1992 3992 Nam
2023 3951 2148 3991 cum
2170 3936 2486 4005 alienigenae
2503 3936 2702 3991 bellum
2731 3945 3009 3990 moverent
3026 3934 3286 3991 adversus
3305 3952 3420 4001 eos,

1858 4044 1984 4083 cum
2014 4044 2209 4084 eorum
2244 4044 2410 4085 causa
2440 4030 2681 4084 oblatum
2715 4046 2742 4083 a
2794 4028 3047 4084 Samuele
3087 4029 3418 4085 sacriﬁcium

1857 4116 1882 4169 l'
1890 4116 2079 4180 uisset,
2112 4127 2260 4173 tanta
2287 4118 2524 4173 demissa
2568 4120 2651 4174 vis
2687 4120 2965 4190 grandinis
2985 4129 3085 4185 est,
3130 4132 3187 4174 ut
3214 4120 3421 4174 inimici

1855 4223 2024 4278 prope
2047 4223 2238 4263 omnes
2270 4210 2487 4264 nemine
2508 4219 2782 4279 pugnante
2807 4210 3082 4263 caderent.
3148 4209 3418 4279 Abyssum

165 4307 312 4370 δενδς
344 4307 537 4368 αὐτοῖς
567 4303 867 4377 ἀνθρώπων
918 4305 1245 4375 μαχομένου,
1302 4310 1507 4360 πεσεῖν.
1546 4307 1747 4360 Ἀϐυσο

1867 4298 2023 4367 igitur
2056 4314 2220 4369 super
2252 4299 2532 4371 abyssum,
2569 4299 2853 4368 grandinis
2903 4299 3299 4351 vehementiam
3340 4299 3424 4351 di-

170 4417 258 4453 σον
281 4398 472 4451 τοίνυν
510 4397 599 4449 ἐπ’
633 4396 854 4466 ἀσύσσῳ
883 4396 1180 4467 τρέχουσαν
1217 4397 1371 4451 καλεῖ
1393 4398 1490 4469 τὴν
1524 4400 1621 4469 τῆς
1653 4418 1749 4470 χα-

167 4491 333 4561 λάζης
351 4490 551 4561 φοράν.
587 4489 662 4542 Τδ
694 4489 769 4551 δὲ,
805 4487 1208 4551 ἐπικαλεῖται,
1255 4490 1375 4542 ἀντὶ
1419 4490 1532 4553 τοῦ,
1573 4490 1748 4559 ἐγκα-

167 4583 380 4637 λεῖται.
411 4581 597 4634 Φωναὶ
628 4581 683 4633 δὲ
717 4580 824 4633 τῶν
860 4580 1225 4652 καταρακτῶν
1260 4583 1317 4633 αἱ
1349 4580 1456 4633 τῶν
1498 4581 1749 4652 χαλαζῶν

169 4676 330 4745 φοραὶ
352 4672 603 4744 νοηθεῖεν
629 4672 713 4725 ἄν.
761 4670 1020 4742 Ἀλλαχοῦ
1053 4671 1110 4724 δὲ
1139 4672 1517 4744 καταρράκται
1554 4675 1601 4726 oi
1652 4674 1747 4728 τοῦ

166 4765 298 4819 Θεοῦ
315 4762 626 4835 προφῆται.
648 4762 878 4829 Πάντες
901 4765 955 4816 οἱ
977 4767 1374 4833 μετεωρισμοί
1410 4780 1526 4819 σου
1554 4767 1651 4820 καί
1680 4770 1751 4823 τὰ

167 4855 403 4926 κύματὰ
438 4869 561 4909 σου
588 4855 681 4907 ἐπ’
713 4854 820 4923 ἐμὲ
849 4854 1117 4922 διῆλθον.
1138 4856 1355 4927 Ἐτέρου
1380 4857 1540 4910 πάλιν
1560 4859 1751 4912 ἑαυτὸν

167 4946 580 5016 ἀναμιμνήσκει
626 4943 922 5013 θαύματος.
955 4945 1176 5016 Διῆλθον
1216 4946 1324 5017 γὰρ
1355 4947 1442 5000 διὰ
1480 4946 1751 5020 θαλάσσης

234 5232 345 5301 (14)
383 5234 494 5284 Ὅτι
539 5230 799 5301 τρόπον,
845 5244 897 5280 κ.
926 5244 976 5280 τ.
1010 5223 1061 5280 λ.
1106 5222 1261 5301 _lluic
1310 5226 1488 5280 versui
1533 5227 1584 5279 in
1627 5226 1750 5281 cod.

166 5296 436 5355 Ambros.-
468 5298 755 5368 sequentis
784 5296 1159 5368 interpretatio
1181 5303 1419 5368 apta_tu_r,
1457 5312 1580 5368 eum
1600 5313 1753 5368 ‘qua-

168 5375 285 5426 dam
326 5363 709 5437 discrepantia
760 5368 865 5437 sic:
894 5367 1195 5437 Πρόσωπον
1226 5363 1321 5417 τοῦ
1350 5365 1484 5418 Θεοῦ
1528 5368 1556 5419 ὁ
1600 5363 1757 5434 λόγος

169 5442 425 5512 σημαίνει
455 5435 674 5512 τὸξλίαν
706 5435 994 5512 ὲπ-ιθυμεζν
1026 5436 1222 5512 αὐτοὺς
1260 5438 1347 5512 ἐίς
1394 5437 1578 5512 καιρὸν
1626 5439 1754 5512 ἁφιτ

166 5505 357 5566 διέσθαι
383 5553 400 5575 ,
438 5510 568 5564 καθ’
606 5508 666 5561 ὃν
704 5507 802 5561 καὶ
830 5506 1008 5560 αὐτῶν
1041 5506 1189 5559 ἔσται
1224 5505 1413 5575 κλῆσις
1439 5522 1452 5535 ·
1488 5505 1629 5559 ὥστε
1667 5506 1756 5575 καὶ

168 5584 355 5647 αὐτοὺς
378 5581 664 5653 ,ἐμφανεῖς
691 5576 945 5646 γενέσθαι
966 5576 1045 5647 τῷ
1079 5576 1353 5646 προσώπῳ
1380 5574 1471 5627 τοῦ
1522 5574 1754 5647 Πατρὶς,

488 5693 768 5753 Ρλσηιοι..
814 5689 928 5749 Gn.
980 5688 1239 5748 XXVII.

1854 4390 1947 4445 cit.
1998 4387 2135 4444 Illud
2160 4397 2367 4453 autem,
2402 4391 2609 4442 invocat
2635 4404 2735 4458 pro
2766 4389 2987 4443 advocat
3016 4390 3274 4458 positum.
3310 4387 3413 4441 Vo-

1852 4497 1943 4537 ces
1976 4489 2160 4536 autem
2212 4490 2632 4545 cataractarum,
2672 4480 2953 4550 grandinis
2985 4480 3188 4534 imbres
3218 4481 3422 4536 intelli-

1853 4588 1970 4642 gas.
2012 4571 2161 4627 Alias
2192 4584 2322 4625 vero
2352 4579 2665 4636 cataractae,
2702 4569 2797 4624 Dei
2820 4571 3098 4640 prophetae
3136 4572 3422 4629 dicuntur.

1859 4662 2051 4717 Omnia
2076 4662 2281 4715 excelsa
2303 4672 2393 4714 tua
2415 4672 2462 4715 et
2486 4663 2680 4731 ﬂuctus
2707 4663 2950 4732 tuisuper
2971 4680 3052 4717 me
3080 4670 3423 4719 transierunt.

1853 4754 2015 4808 Aliud
2076 4754 2204 4808 item
2236 4754 2558 4809 miraculum
2611 4755 2872 4809 memoria
2912 4754 3123 4826 repetit.
3165 4756 3299 4810 Nam
3331 4773 3426 4826 per

1855 4862 2028 4909 mare,
2072 4845 2375 4900 Pharaonis
2411 4846 2811 4916 improbitatem
2845 4846 3131 4917 fugientes,
3193 4850 3426 4901 transie-

1853 4946 2004 4994 runt.
2037 4938 2103 4992 Et
2129 4940 2472 5003 videbantur,
2505 4941 2600 5006 ait,
2643 4939 2903 4994 ﬂuctuum
2941 4942 3176 5002 excelsa,
3234 4941 3281 4993 id
3344 4950 3429 4993 est

1855 5220 2101 5273 τουτέστι
2129 5218 2207 5289 τῷ
2236 5216 2367 5288 Υἱῷ.
2408 5216 2621 5271 Vultum
2655 5216 2751 5269 Dei
2780 5231 2947 5289 sermo
2976 5212 3260 5283 signiﬁcat,
3289 5209 3425 5286 quod

1857 5291 1896 5343 ii
1920 5285 2203 5343 vehementi
2257 5285 2370 5357 ejus
2399 5289 2643 5356 temporis
2696 5285 2938 5357 cupidine
2987 5291 3278 5343 teneantur,
3314 5285 3428 5357 quo

1860 5370 2089 5428 tempore
2119 5370 2167 5413 et
2193 5352 2295 5428 ipsi
2327 5352 2770 5428 advocabuntur:
2797 5356 2877 5408 ita
2898 5364 2968 5407 ἰιι
3007 5364 3288 5422 prazseutes
3313 5352 3425 5404 sint

1860 5426 2017 5499 faciei
2037 5426 2242 5499 Patris,
2261 5428 2316 5481 id
2342 5438 2419 5499 est
2455 5426 2624 5483 Filio.

1932 5493 2068 5569 (Μ’)
2100 5497 2162 5553 F.
2190 5492 2558 5570 ὀχυρούμενος
2588 5495 2669 5550 vel
2701 5495 3065 5566 ὠχυρομένος.
3101 5492 3262 5547 Εοιτ.

3111 5673 3145 5731 ’1
