3786 6278
354 198 459 260 303

1184 191 1244 248 S.
1286 185 1647 245 ATHANASII
1686 183 1839 242 OPP.
1877 181 2060 240 PARS
2096 182 2183 240 ιιι.
2221 214 2290 227 --
2320 182 2712 242 ΕΧΕΟΕΤΙΩΑ

3468 180 3584 239 τοι

336 322 637 388 elationes,
664 320 719 375 ln
744 331 841 375 eos
882 313 1041 372 ferri.
1090 311 1200 369 Sed
1249 310 1384 366 nihil
1441 308 1557 366 laesi
1600 316 1749 373 sunt,
1784 319 1911 362 nam

2040 302 2181 358 ιέσον
2210 303 2311 376 τὴν
2351 302 2445 359 τοῦ
2492 300 2691 377 Φαραὼ
2744 300 3036 371 φεύγοντες
3086 299 3408 375 μοχθηρίαν.
3446 299 3587 388 ,Καὶ

347 429 511 488 aqua:
540 428 636 470 seu
666 424 858 468 murus
886 406 1182 479 coagulatar.
1201 411 1349 459 sunt.

416 675 702 748 .[Abyssus
727 670 971 742 abyssum
989 675 1229 724 invocat.
1264 664 1509 736 Abyssus
1540 661 1720 727 Pater,
1753 659 1915 731 abys-

351 784 449 825 sus
496 768 687 824 Filius.
720 764 966 835 Abyssus
1007 768 1355 832 peccatorum
1406 754 1626 810 invocat
1652 752 1912 825 abyssum

355 858 848 920 commiserationis
890 855 1008 922 Dei,
1046 863 1140 909 Vut
1194 851 1310 923 ipse
1357 857 1641 920 peceatum
1696 846 1915 919 frangat

353 958 582 1026 ejusque
636 958 910 1016 auctores,
977 947 1213 1015 itemque
1267 939 1824 1011 corruptionemﬂac
1862 938 1910 995 si

350 1048 515 1111 dicat,
551 1042 759 1098 Mosest
796 1038 893 1094 tibi
925 1044 1002 1103 ut,
1031 1030 1418 1106 peccatoribus
1451 1028 1908 1101 supplicantibus,

349 1137 535 1193 animo
556 1132 810 1188 nectaris.
843 1125 1050 1198 Ecquid
1095 1138 1196 1179 nos
1216 1122 1476 1196 .despicis
1503 1120 1609 1190 qui
1636 1119 1735 1175 tibi
1779 1134 1909 1189 pro-

338 1223 735 1297 ~cumbimus’?]

423 1318 476 1376 9.
502 1317 569 1373 In
591 1318 674 1371 die
699 1313 968 1370 mandabit
998 1310 1253 1367 Dominus
1277 1309 1696 1366 misericordiam
1731 1323 1907 1375 suam,

345 1422 394 1467 et
412 1421 562 1465 nocte
583 1409 847 1463 canticum
870 1407 1006 1473 eius.
1039 1404 1199 1459 Aliud
1246 1409 1514 1459 memorat
1556 1399 1902 1457 miraculum.

346 1502 620 1574 Rapsaces
648 1500 815 1566 enim,
843 1513 967 1555 cum
989 1495 1385 1569 Jerosolymam
1411 1494 1740 1560 obsedisset,
1799 1494 1907 1548 mi-

346 1594 581 1648 nabatur
613 1605 681 1645 ne
730 1589 900 1644 Deum
939 1587 1159 1658 quidem
1217 1600 1381 1657 posse
1436 1585 1648 1656 eripere
1693 1597 1789 1640 eos
1840 1582 1909 1639 de

343 1701 509 1741 manu
543 1682 891 1755 Assyriorum
917 1698 932 1735 :
958 1690 1017 1735 at
1040 1680 1181 1736 Deus
1210 1679 1364 1735 hisce
1387 1677 1573 1734 verbis
1629 1675 1907 1747 pollicitus

342 1786 428 1832 est
454 1795 467 1831 :
489 1773 788 1845 ~Protegam
812 1773 946 1827 hanc
973 1770 1151 1826 urbem
1184 1772 1246 1828 ¹¹.
1272 1770 1464 1826 Postea
1481 1783 1611 1825 vero
1637 1768 1910 1840 promissa

327 1869 656 1939 acomplens,
686 1882 793 1922 una
841 1874 1005 1922 nocte
1054 1874 1272 1921 centum
1323 1863 1611 1934 octoginta
1665 1860 1909 1932 quinque

340 1960 512 2015 millia
539 1958 889 2029 Assyriorum
916 1956 1116 2012 occidit
1137 1955 1201 2012 ¹³.
1231 1955 1298 2011 Et
1335 1954 1442 2010 hoc
1463 1961 1544 2009 est
1577 1952 1723 2024 quod
1740 1952 1906 2007 dicit:

339 2050 407 2105 In
433 2050 519 2104 die
547 2048 819 2103 mandabit
850 2047 1105 2105 Dominus
1130 2044 1552 2101 misericordiam
1574 2059 1748 2098 suam.
1776 2040 1911 2097 Ora-

2016 393 2234 448 ἐδόκουν
2250 392 2350 465 μέν
2371 395 2420 448 οἱ
2456 392 2564 448 τῶν
2592 390 2850 463 κυμάτων
2880 390 3270 463 μετεωρισμοὶ,
3301 387 3588 443 τουτέστιν

2016 487 2072 540 αἱ
2109 483 2364 556 ὑψώσεις,
2396 486 2519 539 κατ’
2543 483 2719 538 αὐτῶν
2754 481 3014 554 φέρεσθαι
3036 497 3053 514 ο
3080 480 3198 534 ἀλλ’
3225 480 3446 552 ἠδίκουν
3488 478 3587 533 οὐ-

2014 577 2102 633 δέν
2120 594 2134 610 ο
2169 576 2351 648 ἐπάγη
2382 576 2490 648 γὰρ
2513 575 2649 630 ὡσεὶ
2678 578 2854 645 τεῖχος
2876 572 2947 627 τὰ
2974 572 3163 627 ὕδατα.

2085 670 2408 742 [Ἄσυσσος
2461 668 2737 723 ἄϐυσσον
2797 665 3182 721 ἐπικαλεῖται.
3247 662 3514 728 ’Δϐυσσος
3552 662 3586 717 δ

2014 761 2223 834 Πατὴρ,
2249 761 2484 825 άὸυσσος
2506 762 2537 814 ὁ
2592 759 2740 824 Υἱός.
2768 757 3038 822 ’Δδυσσος
3063 759 3098 830 ἡ
3151 756 3261 812 τῶν
3290 755 3586 829 ἁμαρτιῶν

2013 853 2351 908 ἐπικαλεῖται
2375 852 2475 923 τὴν
2489 849 2722 906 ἄϐυσσον
2748 850 2848 922 τῆς
2880 848 3278 920 εὐσπλαγχνίας
3299 847 3394 902 τοῦ
3417 846 3582 912 Θεοῦ.

2013 948 2096 1011 είς
2125 946 2187 1001 τὸ
2213 944 2550 1018 καταρῤάξαι
2574 942 2673 1015 τὴν
2703 943 2977 1017 ἁμαρτίαν
3003 944 3099 997 καί
3125 942 3250 1006 τοὺς
3267 939 3469 1012 ταύτης
3494 942 3588 995 ai-

2011 1040 2159 1104 τίους
2188 1039 2282 1094 καὶ
2307 1037 2406 1111 τὴν
2423 1037 2646 1110 φθοράν·
2670 1030 2780 1091 οἷον
2796 1037 2878 1091 ὅτι
2899 1034 3063 1100 Ἐθος
3079 1052 3160 1090 σοι
3190 1037 3301 1100 τοῖς
3320 1034 3586 1105 άμαρτωι

2012 1132 2121 1196 λοὶς
2144 1131 2414 1204 δεομένοις
2435 1148 2527 1186 σου
2553 1129 3012 1202 ἐπικάμπτεσθαι.
3060 1129 3169 1183 Καὶ
3196 1128 3284 1183 ἵνα
3328 1126 3405 1196 τί,
3428 1126 3584 1198 ἡμᾶς

2014 1225 2385 1296 παραϐλέπεις
2417 1222 2859 1297 προσπίπτοντάς
2883 1238 2997 1288 σοις
3019 1220 3038 1293 ]

2094 1317 2336 1388 Ἡμέρας
2361 1315 2684 1370 ἐντελεῖται
2710 1315 2925 1383 Κύριος
2952 1313 3020 1369 τὸ
3050 1314 3223 1378 ἕλεος
3244 1311 3451 1377 αὐτοῦ,
3475 1308 3585 1364 και

2010 1409 2234 1475 νυκτὸς
2263 1405 2387 1477 ᾠδὴ
2407 1408 2623 1464 αὐτοῦ.
2666 1406 2885 1481 Ἐτέρου
2918 1405 3078 1460 πάλιν
3125 1405 3394 1477 μέμνηται
3442 1402 3583 1459 θαύ-

2015 1519 2201 1574 ματος.
2242 1501 2304 1554 ’0
2335 1500 2445 1572 γάρ
2481 1498 2784 1571 Ῥαψάκης,
2819 1496 3230 1570 περικυκλώσας
3258 1495 3358 1569 τὴν
3387 1496 3585 1568 Ἰερου-

2014 1592 2214 1665 σαλὴμ,
2243 1592 2457 1663 ἠπείλει
2492 1592 2627 1664 μηδὲ
2659 1590 2749 1645 τὸν
2773 1590 2904 1644 Θεὸν
2934 1588 3136 1661 ἰσχύειν
3180 1586 3451 1653 ἐξελέσθαι
3474 1587 3583 1641 αὖ·

2012 1685 2138 1748 τοὺς
2159 1686 2224 1737 ἐκ
2256 1682 2437 1756 χειρὸς
2476 1681 2809 1755 Ἀσσυρίων*
2838 1680 2953 1736 ἀλλ’
2990 1679 3351 1752 ἐπηγγείλατο
3383 1680 3413 1732 ὁ
3441 1676 3584 1742 Θεὸς

2012 1774 2181 1845 λέγων
2202 1793 2216 1807 ·
2265 1772 2641 1844 Ὑπερασπιῶ
2684 1772 2836 1842 ὑπὲρ
2889 1771 3000 1842 τῆς
3050 1772 3281 1837 πόλεως
3331 1770 3579 1836 ταύτης.

2011 1860 2144 1920 Εἶτα
2175 1865 2273 1937 τὴν
2326 1864 2659 1935 ἐπαγγελίαν
2692 1863 2916 1936 πληρῶν
2944 1864 3002 1917 ἐν
3037 1864 3137 1935 μιᾷ
3180 1862 3336 1918 νυκτὶ⁸
3383 1862 3585 1917 ἑκατὸν

2008 1957 2335 2031 ὀγδοήκοντα
2372 1957 2535 2011 πέντε
2583 1956 2829 2029 χιλιάδας
2877 1953 3051 2011 ἀνεῖλε
3090 1954 3198 2009 τῶν
3255 1952 3583 2026 Ἀσσυρίων.

2011 2048 2122 2104 Καὶ
2152 2046 2312 2102 τοῦτό
2366 2047 2549 2101 ἐστιν·
2586 2044 2839 2116 Ἡμέρας
2878 2041 3211 2098 ἐντελεῖται
3262 2041 3478 2110 Κύριος
3505 2041 3586 2094 τό

342 2142 416 2195 tio
445 2140 702 2196 Deoeita:
738 2135 1121 2208 ntem'Utpote
1171 2136 1265 2207 qui
1300 2136 1413 2204 jam
1435 2133 1755 2197 crediderit,
1786 2147 1909 2204 qua:

2040 2142 2182 2206 .lsoc
2207 2136 2415 2196 αὑτοῦ.
2468 2134 2785 2206 Προσευχὴ
2810 2134 2895 2201 τῷ
2936 2132 3058 2200 Θεῷ
3098 2131 3210 2202 τῆς
3240 2128 3410 2201 -ζωῆς
3435 2148 3582 2202 μου.

334 2232 590 2290 ﬁdelibus
654 2230 1009 2301 congruentia
1068 2226 1232 2285 verba
1291 2236 1421 2284 sunt
1460 2226 1688 2298 profert,
1750 2241 1907 2282 suam

339 2324 508 2383 vitam
538 2324 854 2382 adscribens
881 2322 1006 2393 ipsi.

410 2508 499 2563 ﬂ.
536 2507 722 2562 Dicam
774 2505 903 2573 Deo,
937 2502 1221 2576 Susceptor
1268 2520 1415 2561 meus
1448 2521 1521 2560 es.
1548 2502 1789 2574 Populus
1819 2504 1907 2560 ille

338 2599 434 2670 qui
462 2598 839 2669 paenitentiam
868 2598 977 2666 agit
1009 2595 1238 2651 resumit
1286 2594 1762 2667 supplicationem,
1793 2607 1910 2648 ma-

342 2707 426 2762 gis
451 2691 738 2759 magisque
776 2688 943 2742 Deum
974 2703 1209 2744 evocans
1256 2687 1325 2743 ad
1344 2686 1799 2742 misericordiam.

408 2779 740 2837 PSALMUS
761 2780 861 2850 ipsi
893 2779 1087 2845 David,
1120 2779 1211 2850 qui
1254 2778 1396 2849 apud
1416 2776 1674 2834 'Hebmos
1701 2785 1845 2832 caret

846 2873 1207 2943 inscriptione.
1224 2869 1413 2926 XLII.

412 2966 611 3021 Judica
637 2966 957 3034 me,Deus,et
984 2965 1243 3030 discerne,
1273 2973 1377 3020 etc.
1395 2962 1495 3019 Hic
1515 2963 1758 3034 psalmus
1787 2960 1900 3035 (l5)

344 3059 591 3130 ejusdem
635 3068 719 3114 est
766 3067 928 3128 atque
979 3055 1230 3127 superior
1255 3055 1582 3127 argumenti.
1623 3054 1902 3110 Accedunt

336 3151 488 3205 enim
513 3150 710 3204 iterum
741 3146 998 3204 Israelita:
1022 3147 1251 3204 salutem
1281 3162 1376 3217 per
1390 3147 1670 3202 Christum
1692 3154 1902 3217 partam

334 3241 703 3311 postulantes.
733 3239 1099 3307 Quamobrem
1129 3240 1238 3295 ait:
1266 3237 1464 3294 Emitte
1485 3239 1654 3293 lucem
1685 3248 1827 3292 tuam
1849 3249 1902 3292 et

337 3332 612 3388 veritatem
639 3343 806 3387 tuam.
826 3331 1107 3387 Futurum
1150 3347 1387 3403 namque
1417 3340 1534 3388 erat
1585 3341 1645 3388 ut
1680 3331 1796 3403 ipse
1846 3331 1901 3385 in

340 3433 581 3480 montem
608 3433 857 3479 sanctum
893 3423 1016 3478 illos
1035 3422 1350 3490 adduceret,
1378 3423 1431 3478 id
1478 3434 1562 3480 est
1592 3423 1661 3479 ad
1701 3423 1904 3479 caelum

329 3527 396 3570 et
421 3516 489 3571 ad
522 3530 788 3586 supernas
840 3515 1176 3579 mansiones,
1209 3530 1331 3586 qua:
1371 3513 1725 3571 tabernacula
1756 3530 1904 3569 nun-

339 3616 536 3677 cupat;
566 3622 776 3662 necnon
808 3606 878 3662 ad
899 3607 1182 3677 spirituale
1213 3608 1422 3663 altare:
1478 3607 1720 3662 futurum
1773 3607 1904 3663 item

334 3707 454 3752 erat
493 3706 551 3753 ut
573 3698 687 3770 ipse
707 3697 1006 3755 laetiﬁcaret
1035 3714 1225 3755 eorum
1279 3699 1643 3770 iuventutem.
1700 3696 1908 3755 iuven-

339 3798 508 3844 tutem
543 3801 726 3845 autem
758 3800 914 3847 vocat
942 3791 1184 3846 laetitiam
1218 3805 1341 3862 quae
1363 3801 1417 3847 et
1442 3801 1668 3847 renovat
1709 3807 1902 3848 eorum

339 3892 598 3934 annnam.
627 3878 807 3945 Quare
831 3880 888 3935 in
954 3881 1162 3937 cithara
1205 3882 1532 3952 pollicentur
1564 3896 1624 3938 se
1671 3881 1748 3936 illi
1776 3898 1905 3938 con-

330 3965 631 4023 fessionem
671 3969 973 4025 oblaturos.
1032 3968 1187 4040 Saepe
1232 3980 1413 4026 autem
1450 3970 1769 4028 monuimus
1820 3971 1904 4027 ci-

326 4060 508 4115 aharaa
549 4061 773 4116 nomine
801 4075 1001 4131 corpus
1028 4076 1151 4118 esse
1184 4062 1621 4133 intelligendum.

511 4152 583 4209 ειη
633 4153 793 4224 finem
839 4152 967 4224 [iiiis
1018 4153 1151 4226 que
1197 4155 1267 4208 ad
1294 4153 1722 4226 intelligentiam.

830 4241 1169 4300 κεΑιΜυε
1194 4241 1418 4299 XLIII.

922 4334 1324 4405 Argumentum.

332 4423 462 4497 ‘Hic
493 4440 709 4496 quoque
763 4425 1007 4496 psalmus
1053 4424 1230 4480 eidem
1293 4434 1616 4497 argumento
1665 4427 1898 4494 insiStit;

402 4526 591 4588 estque
609 4517 916 4582 hominum,
944 4517 1038 4588 qui
1061 4518 1287 4588 antiqua
1310 4517 1574 4574 beneﬁcia
1592 4529 1900 4583 recensent,

410 4616 466 4663 et
496 4607 703 4662 assumi
725 4608 1027 4677 postulant,
1058 4609 1187 4677 quia
1213 4608 1392 4678 ipsum
1413 4607 1712 4664 Dominum
1745 4626 1898 4679 spem

424 4699 530 4753 sibi
581 4698 975 4769 ascripserunt,
1012 4707 1067 4753 et
1094 4700 1147 4753 iu
1170 4701 1390 4755 nomine
1416 4692 1533 4770 ejus
1550 4701 1900 4759 conﬁtentur.

410 4791 708 4846 Humiliata
765 4801 841 4845 est
880 4792 936 4845 in
963 4793 1170 4860 pulvere
1194 4795 1395 4863 ,anima
1451 4805 1656 4852 nostra.
1711 4795 1790 4853 lta
1826 4799 1906 4854 lo—

337 4893 604 4955 quuntur,
628 4882 722 4954 qui
763 4882 973 4952 depulsi
1015 4897 1044 4936 a
1078 4898 1243 4937 sensu
1288 4897 1479 4938 eorum
1520 4902 1644 4957 quae
1695 4889 1903 4945 Christi

330 4987 489 5044 sunt,
524 4977 578 5031 in
603 4990 821 5031 sensum
852 4974 1132 5029 carnalem
1166 4981 1295 5029 sunt
1324 4975 1578 5049 delapsi]

406 5068 564 5129 Deus,
586 5066 805 5122 auribus
837 5064 1033 5119 nostris
1058 5065 1375 5121 audivimus.

406 5157 491 5211 l0.
526 5155 684 5211 Nunc
727 5165 904 5209 autem
938 5152 1201 5222 repulisti,
1245 5162 1296 5207 et
1352 5158 1642 5224 confudisti
1693 5173 1806 5211 nos.
1835 5157 1906 5212 Et

340 5265 443 5303 non
465 5248 766 5319 egredieris,
798 5247 960 5314 Deus,
994 5246 1048 5301 in
1072 5246 1353 5301 virtutibus
1377 5248 1791 5316 ~nostris.Glim,
1824 5250 1908 5306 in-

330 5340 479 5413 quit,
514 5355 631 5396 una
680 5340 963 5396 nobiscum
1009 5341 1309 5412 pugnabas.
1361 5336 1519 5395 Nunc
1564 5348 1745 5396 autem
1798 5357 1906 5397 non

413 5475 455 5508 ¹²
483 5474 548 5530 ιγ
572 5475 707 5547 Reg.
740 5490 852 5541 xu,
880 5474 967 5531 53.
1046 5475 1092 5507 “
1128 5475 1262 5532 ibid.
1296 5475 1386 5531 55.

407 5612 524 5684 (15)
554 5609 647 5668 Est
671 5612 960 5684 explicatio
975 5613 1154 5671 brevis
1169 5611 1337 5668 totius
1356 5610 1554 5682 psalmi
1575 5609 1775 5664 Judica
1799 5628 1901 5671 me.

1928 4345 1981 4400 1)

2022 2229 2109 2294 Ὠς
2130 2229 2231 2303 ήδη
2258 2226 2638 2293 πεπιστευκὼς
2675 2226 2747 2280 τά
2787 2228 2902 2290 τοῖς
2944 2223 3257 2279 πιστεύουσι
3301 2222 3585 2296 πρέποντα

2007 2325 2272 2398 ἀναφέρει
2307 2326 2551 2397 ῥήματα,
2585 2321 2734 2394 αὒτῷ
2770 2320 2868 2394 τὴν
2889 2321 3095 2376 οἰκείαν
3130 2318 3586 2391 ἀναγραφόμενος

2009 2419 2175 2491 ςωήνο

2091 2507 2236 2578 Ἐρῶ
2259 2509 2342 2575 τῷ
2373 2502 2517 2576 Θεῷ,
2550 2506 2945 2577 Ἀντιλήπτωρ
2967 2522 3086 2575 μου
3110 2499 3184 2559 εἶ.
3222 2500 3581 2571 Ἐπαναλαμο

2009 2600 2160 2655 ϐάνει
2189 2600 2289 2672 τὴν
2312 2597 2596 2671 ἱκετηρίαν
2616 2600 2646 2653 ὁ
2679 2595 3101 2670 μεταγινώσκων
3121 2594 3267 2659 λαὸς,
3286 2594 3378 2649 ἐπὶ
3391 2591 3585 2646 πλεῖον

2006 2690 2405 2763 ἐκκαλούμενος
2438 2692 2517 2754 είς
2551 2688 2698 2743 ἐλεον
2724 2689 2816 2742 τὸν
2845 2687 2999 2742 Θεὸν.

2180 2784 2490 2838 ΨΑΛΜΟΣ
2517 2780 2598 2848 τῷ
2624 2778 2806 2834 Δαυῒδ
2833 2779 3235 2849 ἀνεπίγραφος
3271 2792 3391 2845 παρ

2556 2874 2864 2942 Ἑϐραίοις.
2896 2873 3034 2926 ΜΒ’.

2007 2974 2039 2983 ’“
2077 2969 2297 3040 Κρῒνόν
2326 2984 2424 3040 με,
2480 2969 2516 3022 ό
2552 2966 2716 3034 Θεὸς,
2756 2965 2856 3020 καὶ
2915 2963 3188 3019 δικασογ.
3243 2961 3355 3033 Τὴν
3405 2958 3584 3032 αὐτὴν

2007 3063 2261 3120 ὒπὸθεσιν
2290 3061 2368 3133 τῷ
2400 3059 2574 3115 ὀπίσω
2606 3060 2699 3114 καὶ
2727 3059 2757 3112 ὁ
2785 3054 2974 3129 παρὼν
3005 3055 3116 3126 ἔχει
3143 3051 3371 3124 ψαλμός.
3402 3050 3582 3124 [1906-

2006 3158 2259 3231 έρχονται
2288 3152 2399 3226 γὰρ
2441 3151 2604 3207 πάλιν
2632 3152 2683 3207 οι
2731 3149 2793 3217 ἐξ
2836 3148 3050 3222 Ἰσραὴλ
3073 3148 3170 3219 τὴν
3194 3145 3290 3201 διὰ
3339 3142 3580 3216 Χριστοῦ

2009 3246 2284 3319 σωτηρίαν
2320 3243 2711 3313 ἐξαιτούμενοι.
2739 3240 2831 3294 Διό
2872 3256 3036 3311 φησιν
3057 3255 3072 3269 ο
3118 3237 3585 3302 Ἐξαπόστειλον

2003 3338 2072 3393 τὸ
2094 3337 2221 3407 φῶς
2248 3353 2365 3391 σου
2391 3336 2490 3390 καί
2515 3333 2631 3403 τὴν
2658 3330 2950 3402 ἀλήθειάν
2981 3347 3116 3385 σου.
3144 3326 3314 3391 Αὐτὸς
3344 3324 3453 3397 γὰρ
3473 3324 3579 3378 αὑ-

2004 3431 2130 3494 τοὺς
2147 3430 2240 3484 καὶ
2254 3430 2333 3493 είς
2364 3427 2426 3482 τὸ
2448 3426 2599 3497 άγιον
2614 3426 2738 3498 ὅρος
2789 3424 3028 3493 εἰσάγειν
3056 3421 3272 3494 ἔμελλε,
3296 3418 3579 3473 τουτέστιν

2007 3525 2086 3587 είς
2110 3522 2201 3576 τὸν
2233 3520 2463 3594 οὐρανὸν
2494 3520 2587 3574 καὶ
2618 3519 2699 3583 είς
2745 3517 2846 3583 τὰς
2890 3516 3002 3571 ἄνω
3033 3513 3220 3587 μονὰς,
3256 3512 3434 3582 ἇσπερ
3480 3507 3582 3564 καὶ

2008 3612 2340 3685 σκηνώματα
2353 3610 2608 3684 ὀνομάζει
2627 3626 2641 3642 ’
2666 3610 2760 3664 καὶ
2786 3611 2867 3674 είς
2885 3608 2948 3664 τὺ
2968 3608 3155 3679 νοητὸν
3171 3606 3576 3677 θυσιαστήριον

2007 3703 2103 3759 καὶ
2133 3702 2295 3768 αὐτὸς
2340 3699 2520 3757 αὐτῶν
2552 3699 2775 3772 ἔμελλεν
2820 3698 3132 3771 εὐφραίνειν
3164 3696 3262 3767 τὴν
3321 3694 3574 3764 νεότητα.

2005 3795 2253 3867 Νεότητα
2276 3793 2333 3848 δέ
2366 3793 2522 3849 καλεῖ
2542 3793 2639 3865 τὴν
2670 3791 3029 3866 εὐφροσύνην,
3062 3789 3162 3861 τὴν
3194 3788 3288 3842 καὶ
3317 3787 3578 3841 ἀνανεουι

2009 3886 2177 3959 μένην
2229 3885 2407 3940 αὐτῶν
2440 3886 2538 3956 τὴν
2576 3884 2775 3957 ψυχήν.
2824 3880 2914 3937 Διὸ
2952 3883 3045 3936 καὶ
3112 3882 3170 3934 ἐν
3208 3877 3408 3951 κιθάρᾳ
3462 3877 3581 3930 im.

2009 3977 2314 4049 ισχνοῦνται
2342 3974 2489 4047 αὐτῷ
2503 3974 2831 4048 προσφέρειν
2855 3973 2953 4046 τὴν
2979 3972 3380 4045 ἐξομολόγησιν.
3406 3968 3582 4024 Κιθό⁵

2009 4085 2107 4141 ραν
2129 4068 2186 4121 δὲ
2212 4066 2474 4129 πολλάκις
2506 4062 2569 4118 τδ
2595 4065 2756 4137 σῶμα
2783 4068 2922 4119 νοεῖν
2954 4063 3291 4135 ἐδιδάξαμεν.

2117 4160 2218 4224 Εις
2246 4156 2313 4211 τὸ
2337 4155 2513 4224 τέλος
2540 4154 2666 4223 τοῖς
2696 4155 2847 4223 υἱοῖς
2884 4157 3037 4225 Κορὲ
3075 4158 3165 4222 εις
3192 4156 3465 4208 σύνεσιν.

2543 4250 2852 4305 ΨΑΛΜΟΣ
2914 4251 3054 4304 Ml".

2634 4340 2958 4408 Ὺπόθεσις.

2012 4433 2148 4506 [Καὶ
2175 4433 2257 4487 ἐτι
2286 4422 2441 4497 οὗτος
2453 4446 2552 4504 της
2580 4432 2752 4504 αὐτῆς
2772 4433 3079 4498 ὑποθέσεως
3106 4432 3288 4504 ἔχεται
3306 4447 3321 4462 ⁸
3352 4429 3450 4495 τάς
3476 4445 3581 4484 πα-

2084 4524 2241 4590 λαιάς
2275 4525 2593 4599 εὐεργεσίας
2622 4524 2991 4597 διηγουμένων
3009 4564 3024 4589 ,
3048 4525 3141 4578 καὶ
3172 4521 3582 4595 προσληφθῆναι

2076 4612 2375 4684 άξιοῦντων
2407 4616 2495 4671 διά
2523 4616 2616 4671 τοῦ
2645 4616 2806 4671 αὐτὸν
2826 4614 3221 4688 ἐπιγράφεσθαι
3244 4615 3343 4687 τὴν
3369 4614 3580 4677 ἐλπίδα,

2084 4709 2177 4762 καὶ
2198 4708 2291 4761 ἐπὶ
2314 4706 2393 4778 τῷ
2416 4708 2641 4779 ὀνόματι
2663 4707 2829 4761 αὐτοῦ
2860 4706 3317 4778 ἐξομολογεῖσθαι.

2098 4797 2484 4867 Ἐταπειγώθη
2515 4800 2603 4865 εις
2632 4798 2785 4867 χοῦν
2810 4801 2849 4869 ἦ
2876 4800 3048 4870 ψυχὴ
3076 4798 3263 4870 ἡμῶν.
3295 4797 3451 4853 Οὕτω
3479 4815 3585 4867 φα-

2015 4889 2101 4943 σὶν
2145 4889 2355 4961 ἐπειδὴ,
2415 4890 2766 4962 ἀπωσάμενοι
2822 4894 3039 4964 φρονεῖν
3082 4889 3163 4944 τά
3208 4887 3468 4962 Χριστοῦ,
3503 4888 3583 4950 είς

2011 4981 2269 5052 φρόνημα
2305 4982 2564 5054 σαρκικδν
2591 4982 2983 5057 κατέστησαν.]

2095 5073 2157 5126 '0
2171 5075 2407 5142 Κύριος,
2424 5076 2494 5130 ἐν
2509 5075 2632 5142 τοῖς
2650 5075 2803 5131 ὠσὶν
2829 5075 2999 5147 ὴμῶν
3017 5076 3385 5146 ἠκούσαμεν.

2024 5177 2045 5192 ί
2084 5163 2237 5219 Νυνὶ
2252 5163 2320 5218 δὲ
2331 5164 2572 5234 ἀπώσω,
2595 5167 2695 5224 καὶ
2722 5168 3115 5238 κατῄσχυνας
3132 5164 3310 5236 ἡμᾶς.
3347 5163 3455 5221 Καὶ
3474 5165 3584 5218 οὐκ

2013 5259 2327 5329 ἐξελεύσῃ.
2348 5259 2510 5327 Θεὸς,
2524 5260 2731 5329 ἐνταῖς
2739 5259 3069 5331 δυνάμεσιν
3078 5258 3262 5330 ἡμῶν.
3280 5257 3474 5321 Πάλαίν
3491 5272 3587 5326 φη·

2016 5351 2119 5418 σιν,
2140 5353 2589 5425 συνεστρατήγεις
2608 5354 2759 5426 ἡμῖν’
2772 5353 2867 5410 νῦν
2878 5352 2936 5410 δὲ
2953 5352 3016 5408 οὐ
3031 5352 3191 5425 μόνον
3210 5351 3272 5406 οὺ
3286 5344 3586 5420 συνεξέρχςι
