3786 6278
183 354 284 407 20‘.)
1317 351 1682 410 EXPOSlTlO
1721 351 1789 408 IN
1829 351 2161 409 PSALMUM
2202 343 2384 408 XLIV.
3349 362 3455 416 210

185 474 439 544 Κύριος·
486 475 593 528 καὶ
633 472 791 528 τοῦτο
833 471 976 527 κατά
1009 472 1169 542 φύσιν
1207 471 1376 542 αὐτῷ.
1416 475 1571 527 Ἐστι
1599 475 1656 527 δὲ
1703 476 1780 528 κατ

1896 473 2164 544 siquidem
2199 470 2614 542 potentissimus
2645 470 2736 526 ille
2764 480 2864 540 est,
2909 471 2964 526 id
2991 481 3095 540 est,
3121 480 3454 543 potestatum

181 568 388 642 ιὶιςᾼῖος
430 568 542 637 μὲν
565 568 682 631 τοῖς
707 565 1047 634 ὲπεγνωκόσι
1083 565 1183 636 τὴν
1225 566 1548 635 ἐπιφάνειαν
1593 565 1780 628 αὐτοῦἸ

1896 565 2182 629 Dominus,
2209 564 2350 634 quod
2406 563 2480 616 illi
2540 562 2838 618 secundum
2871 572 3122 618 naturam
3174 565 3454 636 competit.

187 659 272 709 καί
315 657 387 710 τὸ
441 659 827 730 ὑπερκόσμιον
876 655 1071 720 κάλλος
1120 661 1402 711 κατανοεῖν
1457 657 1780 728 δυναμένοις.

1894 658 1991 712 Εει
2021 666 2201 724 autem
2229 657 2506 725 speciosus
2538 655 2605 710 iis
2630 655 2722 724 qui
2748 669 2950 711 norunt
2983 656 3276 716 adventum
3313 657 3453 728 ejus,

187 747 273 818 τῷ
305 748 371 801 δὲ
407 749 591 820 μηρῷ
621 750 721 820 τὴν
750 749 1020 820 ῥομφαίαν
1064 749 1374 822 ἐνήρμοσεν
1392 751 1526 820 πρὸς
1556 749 1654 820 τὴν
1686 748 1780 801 τῶι

1894 750 2098 818 quique
2124 748 2592 818 pulchritudinem
2615 747 2754 818 ejus,
2774 749 3102 804 mundanam
3115 765 3330 804 omnem
3360 765 3455 805 ex-

1892 849 2260 908 superantem,
2291 849 2518 909 possunt
2570 841 2892 911 intelligere.
2946 839 3167 895 Femori
3218 841 3309 896 ille
3353 832 3454 896 suo

1889 933 2127 1003 gladium
2155 934 2426 1002 apposuit,
2480 941 2538 986 ut
2563 933 2740 986 minas
2791 932 3099 988 inﬁdelibus
3137 933 3449 993 intentaret,

1891 1039 2099 1079 necnon
2150 1025 2444 1095 manipulis
2493 1025 2950 1078 adversariorum.
3014 1022 3089 1078 De
3143 1024 3452 1079 inﬁdelibus

189 843 600 894 ἀπιστούντων
629 841 856 912 ἀπειλὴν
883 841 977 895 καὶ
1007 839 1115 893 τῶν
1137 841 1526 910 ἀντικειμένων
1553 841 1652 904 τὰς
1683 841 1787 909 φάο

189 936 439 1001 λαγγας.
487 934 628 1005 Περὶ
659 932 788 1002 γοῦν
830 933 938 986 τῶν
966 931 1330 986 ἀπειθούντων
1361 933 1524 1003 φησὶν
1579 934 1608 986 ό
1653 934 1792 1004 ψαλ-

193 1029 321 1096 μόςο
381 1028 546 1080 Ἐὰν
577 1026 662 1096 μὴ
700 1025 1124 1094 ἐπιστραφῆτε,
1173 1026 1286 1094 τὴν
1329 1027 1634 1094 ῥομφαίαν
1687 1030 1791 1082 αὺ-

192 1120 296 1173 τοῦ
320 1119 694 1173 στιλόὠσει.

270 1297 358 1368 Τῇ
389 1299 720 1366 ὡραιότητί
750 1313 866 1351 σου
897 1299 993 1352 καί
1023 1297 1102 1364 τῷ
1143 1297 1353 1352 κάλλει
1399 1311 1533 1351 σου.
1576 1297 1786 1368 Ὠραιό-

189 1404 292 1455 της
324 1387 389 1439 δὲ
422 1388 523 1439 καὶ
550 1385 743 1448 κάλλος
775 1384 867 1438 τοῦ
904 1385 1376 1456 στρατευσαμένου
1401 1387 1434 1455 ἡ
1471 1384 1661 1454 θεότης
1689 1385 1787 1438 αύο

189 1479 290 1530 τοῦ
351 1480 459 1531 καὶ
519 1482 556 1548 ἡ
608 1478 751 1531 κατᾶ
799 1478 1014 1530 πάντων
1047 1477 1306 1548 ὑπεροχή.
1342 1475 1451 1530 Καὶ
1495 1475 1782 1539 Errata-or,

193 1571 293 1622 xui
331 1567 703 1633 κατευοδοῦ,
753 1569 849 1621 καὶ
901 1568 1216 1632 βασίλευε.
1255 1568 1525 1620 Ἐντεινον
1555 1566 1622 1619 τά
1655 1565 1785 1632 τόξα

197 1677 314 1722 σου,
352 1661 522 1731 φησὶ,
580 1659 866 1713 κατευοδοῦ
900 1660 956 1713 δὲ
1000 1659 1452 1730 δεδικαιωμένους
1501 1659 1614 1711 ὑπὸ
1665 1659 1782 1723 σοῦ,

192 1747 271 1805 ὦν
298 1751 642 1822 βασιλεύεις,
673 1753 857 1821 φησὶν,
890 1750 1202 1818 ἀπαλλάξας
1234 1750 1430 1813 αὐτοὺς
1456 1749 1550 1802 τοῦ
1582 1749 1777 1820 τυράνο

1889 1117 2071 1186 itaque
2099 1117 2343 1186 psalmus
2369 1117 2497 1172 dicit
2520 1137 2531 1170 :
2564 1115 2688 1170 Nisi
2717 1118 2943 1175 conversi
2966 1117 3192 1185 fueritis,
3216 1116 3450 1188 gladium

1886 1225 2042 1262 suum
2081 1209 2305 1264 uibrabit
2340 1209 2406 1261 ²¹.

1956 1301 2010 1355 5.
2068 1299 2248 1370 Specie
2289 1310 2380 1355 tua
2431 1311 2480 1354 ct
2530 1300 2917 1368 pulchritudine
2969 1309 3079 1356 tua.
3132 1299 3349 1369 Species
3397 1307 3451 1352 et

1885 1394 2235 1462 pulchritudo
2284 1394 2474 1450 militis
2507 1395 2670 1462 illius,
2707 1403 2791 1449 est
2825 1394 2998 1448 deitas
3041 1393 3180 1463 ejus,
3227 1402 3280 1447 et
3311 1407 3449 1462 prae-

1885 1485 2083 1538 stantia
2137 1499 2245 1554 qua
2286 1500 2478 1540 omnes
2533 1495 2842 1554 exsuperat.
2897 1483 3152 1548 Intende,
3205 1475 3447 1553 prospere

1883 1571 2100 1639 procede
2126 1583 2176 1626 et
2201 1589 2384 1643 regna.
2429 1573 2671 1638 intende,
2702 1575 2900 1644 inquit,
2935 1589 3096 1628 arcus
3127 1581 3270 1639 tuos,
3326 1587 3450 1642 pro-

1885 1676 2042 1732 spere
2063 1663 2355 1731 procedere
2377 1653 2540 1718 facito
2565 1681 2660 1719 eos
2681 1666 2771 1733 qui
2799 1682 2828 1718 a
2843 1664 3186 1733 tejustiﬁcati
3208 1664 3444 1719 fuerunt.

1884 1747 1942 1802 in
1982 1763 2138 1818 quos,
2165 1749 2260 1814 ait,
2293 1763 2511 1818 regnas,
2542 1759 2830 1818 postquam
2870 1748 3109 1803 liherasti
3148 1763 3242 1804 eos
3291 1763 3322 1802 a
3366 1758 3449 1818 ty-

191 1861 308 1897 νου.
342 1843 611 1896 Δείκνυσι
657 1843 850 1914 νοεράν
879 1838 1043 1896 οὖσαν
1079 1843 1179 1913 τὴν
1225 1841 1625 1911 νίκην·-ὃπλων
1675 1841 1780 1912 γὰρ

1890 1855 2078 1894 ranno.
2103 1839 2311 1895 ludicat
2332 1841 2668 1909 spiritualem
2687 1857 2808 1898 esse
2829 1842 3128 1895 victoriam.
3153 1839 3444 1910 Postquam

196 1933 620 2005 μνημονεύσας,
680 1933 949 2004 μέμνηται
999 1936 1090 1988 καὶ
1133 1934 1458 2006 πραότητος.
1497 1933 1679 2006 Πράου
1727 1932 1784 1986 δέ

198 2030 316 2080 ἐστι
368 2028 440 2081 τὰ
479 2029 584 2098 μὲν
613 2030 692 2091 είς
728 2028 916 2081 ἑαυτὸν
960 2030 1194 2097 ἀφεῖναι
1229 2029 1340 2090 τοῖς
1386 2025 1779 2096 ἀδικουμένοις.

198 2121 305 2173 Καὶ
333 2118 639 2189 ὁδηγήσει
667 2135 741 2173 σε
769 2118 1124 2188 θαυμαστῶς
1144 2121 1182 2187 ὴ
1209 2117 1377 2182 δεξιά
1398 2133 1536 2171 σου.
1565 2117 1781 2188 Ἐπειδὴ

199 2212 303 2281 γὰρ
342 2211 635 2282 ῥομφαίας
665 2211 1096 2282 ἐμνημόνευσεν,
1131 2209 1419 2262 ἀκόλουθον
1470 2208 1564 2263 καὶ
1607 2207 1784 2274 δεξιᾶς

200 2303 508 2372 ἐποιήσατο
540 2305 782 2373 μνήμην.
816 2301 974 2368 Δεξιά
997 2302 1054 2354 δὲ
1083 2300 1246 2354 αὑτοῦ
1294 2300 1360 2353 τὰ
1387 2298 1534 2365 δεξιά
1563 2299 1782 2370 βουλεύ-

203 2412 374 2464 ματα,
406 2391 495 2457 οἷς
522 2394 865 2465 κεχρημένος
893 2376 992 2465 τὴν
1017 2393 1114 2463 τῆς
1148 2392 1418 2465 ἁμαρτίας
1447 2391 1546 2446 οὐκ
1572 2391 1783 2456 ἐδέξατο

201 2486 539 2558 προσϐολήν.

274 2578 355 2631 Τὰ
387 2576 559 2643 ,βέλη
608 2591 724 2629 σου
772 2575 1132 2645 ἠκονημένα,
1192 2575 1428 2630 δυνατέ⁸
1473 2576 1607 2647 Βέλη
1659 2577 1784 2638 τοὺς

199 2671 390 2738 ἁγίους
421 2668 759 2731 ἀποστόλους
789 2669 972 2739 φησὶν,
1023 2669 1071 2722 οἳ
1105 2669 1197 2722 καὶ
1226 2671 1283 2722 ὲν
1327 2669 1523 2742 καρδίᾳ
1567 2667 1783 2738 καιρίας

194 2759 471 2812 ὣδὼκασι
504 2757 723 2826 πληγὰς
760 2761 873 2820 τοῖς
897 2758 1109 2828 ἐχθροῖς
1125 2756 1218 2811 τοῦ
1252 2759 1527 2822 Βασιλέως
1551 2757 1659 2811 τῶν
1687 2758 1781 2828 βαι

199 2851 556 2904 σιλευόντων.
600 2848 784 2902 Ταῦτα
823 2849 879 2903 δὲ
919 2850 984 2904 τὰ
1019 2849 1170 2921 βέλη,
1209 2849 1483 2922 πλήξαντα
1534 2852 1614 2912 εἰς
1647 2867 1781 2920 καρ-

196 2944 317 2996 δίαν
342 2945 480 3005 τοὺς
519 2942 748 3012 νοητοὺς
778 2941 1023 3013 ἐχθροὺς,
1058 2942 1242 3012 ἴσχυσε
1289 2942 1654 3013 προσενέγκαι
1685 2943 1782 3013 τὴν

196 3036 290 3086 ὑπ’
321 3034 562 3104 οὐρανὸν
607 3033 714 3088 ὑπὸ
747 3032 913 3096 πόδας
945 3032 1203 3103 Χριστοῦ,
1235 3033 1454 3102 καὶτῆς
1485 3032 1650 3086 αὑτοῦ
1692 3033 1783 3104 βα-

200 3128 412 3190 σιλείας
449 3125 732 3178 ὑποθεῖναι
781 3127 893 3189 τοῖς
926 3125 1128 3192 ζυγοῖς.
1178 3125 1264 3178 Ἑν
1304 3125 1594 3196 ὑπερϐατῷ
1625 3125 1681 3179 δὲ
1728 3128 1778 3180 ot

199 3218 398 3288 στίχοι,
433 3219 524 3270 ἵνα
551 3211 684 3271 ὦσιν
712 3216 882 3280 οὕτως
902 3234 916 3247 ·
944 3217 1026 3269 Τά
1056 3217 1182 3287 βέλη
1208 3234 1301 3270 σου
1331 3218 1660 3288 ἠκονημένα,
1689 3217 1778 3272 δυ-

197 3308 345 3372 νατὲ,
377 3309 443 3359 ὲν
471 3305 727 3376 καρδίαις
753 3301 861 3357 τῶν
896 3303 1104 3375 ἐχθρῶν
1134 3305 1227 3358 τοῦ
1260 3305 1540 3376 βασιλέως.

279 3401 344 3452 '0
370 3399 595 3466 θρόνος
614 3411 752 3462 σου,
769 3399 802 3450 ὁ
820 3397 1085 3462 Bede,qu
1104 3396 1208 3450 τὸν
1222 3397 1407 3452 αἰῶνα
1423 3399 1528 3452 τοῦ
1543 3397 1777 3465 αἰῶνος.

198 3495 261 3544 υἱ
290 3489 630 3562 κεκλημένοι
658 3487 745 3542 διὰ
761 3487 869 3541 τῶν
899 3488 1230 3553 ἀποστόλων,
1271 3490 1655 3560 ὁμολογοῦντες
1685 3491 1778 3545 τοῦ

197 3579 552 3649 Μονογενοῦς
570 3580 670 3648 τὴν
688 3578 938 3649 θεότητα,
957 3581 1136 3648 φασίν·
1155 3579 1216 3632 '0
1232 3581 1625 3648 θρόνοςσου,ὁ
1639 3581 1782 3646 Θεὸς

198 3681 284 3739 είς
310 3674 428 3727 τὸν
452 3670 645 3727 αίῶνα
671 3671 780 3725 τοῦ
807 3671 1039 3738 αἰῶνος.
1083 3671 1320 3738 Ῥάϐδος
1369 3675 1693 3742 εὐθύτητος
1740 3676 1777 3742 ἠ

197 3765 425 3834 (dcam;
458 3762 572 3830 τῆς
594 3762 920 3828 βασιλείας
951 3779 1089 3817 σου.
1135 3765 1200 3817 Ἦ
1249 3764 1478 3837 εὐθύτης
1528 3767 1680 3839 παρά
1713 3771 1777 3839 τῇ

201 3856 320 3924 θεία
350 3856 553 3926 Γραφῇ
585 3853 934 3925 δικαιοσύνην
960 3855 1234 3926 σημαίνει.
1269 3857 1431 3925 Λέγει
1476 3858 1674 3923 τοίνυν,
1704 3859 1780 3923 ὡς

199 3951 246 3999 οἱ
271 3946 687 4016 βασιλευόμενοι
723 3945 876 4016 παρὰ
914 3947 1169 4018 Χριστοῦ,
1193 3948 1289 4020 τὴν
1314 3949 1412 4019 τῆς
1442 3949 1781 4023 δικαιοσύνης

205 4039 431 4108 μάθοιεν
467 4037 708 4107 βαδίζειν
730 4037 870 4090 όδόν.

286 4129 640 4199 Ητάπησας
687 4128 1106 4199 δικαιοσύνην,
1159 4133 1256 4184 καί
1313 4133 1612 4203 ἐμίσησας
1641 4137 1780 4194 dra-

198 4225 366 4291 μίαν.
409 4221 638 4290 Ἐπειδὴ
665 4260 681 4284 ,
716 4221 814 4294 τὴν
847 4222 1051 4294 τροπὴν
1100 4223 1367 4290 παθοῦσα,
1399 4228 1432 4298 ὴ
1479 4226 1780 4300 ἀνθρώπων

206 4313 366 4380 φύσις
412 4309 789 4379 καταλείψασα
836 4310 936 4381 τὴν
979 4311 1323 4383 δικαιοσύνην
1375 4314 1630 4386 ἠγάπησε
1683 4315 1780 4387 τὴν

202 4401 456 4482 ἀνομίαν,
490 4401 666 4474 ταύτῃ
692 4419 776 4455 τοι
827 4401 1045 4470 γέγονεν
1068 4402 1350 4474 ἄνθρωπος
1383 4407 1410 4458 ὀ
1452 4407 1777 4476 Μονογενὴς,

1805 3177 1852 3241 C

1882 1929 2027 1984 enim
2055 1945 2205 1984 arma
2234 1933 2703 1989 commemoravit.
2745 1933 2810 1986 de
2843 1931 3256 1987 mansuetudine
3293 1947 3448 1985 men-

1884 2019 2083 2073 tionem
2110 2018 2257 2074 l‘acit.
2299 2013 2566 2077 Mansueti
2597 2032 2774 2077 autem
2817 2031 2920 2090 est,
2949 2022 3125 2077 illatas
3154 2022 3258 2077 sibi
3299 2022 3445 2092 inju-

1882 2112 1992 2165 rias
2017 2112 2308 2201 dimittere;
2341 2114 2406 2169 Et
2429 2115 2644 2169 deducet
2681 2124 2728 2168 te
2759 2115 3074 2169 mirabiliter
3095 2115 3309 2169 dextera
3330 2126 3443 2168 tua.

1883 2201 2109 2268 Quando
2152 2205 2298 2258 enim
2360 2205 2598 2275 gladium
2649 2206 3004 2272 memoravit,
3051 2215 3444 2276 consequenter

1881 2297 2044 2350 etiam
2068 2297 2134 2351 de
2152 2296 2374 2352 dextera
2397 2297 2656 2366 loquitur.
2683 2295 2914 2352 Dextera
2945 2305 3125 2351 autem
3153 2297 3270 2366 ejus
3295 2305 3442 2361 sunt,

1881 2388 2098 2443 dextera
2144 2389 2258 2444 sive
2302 2389 2536 2460 genuina
2579 2389 2826 2455 consilia,
2867 2388 3020 2459 queis
3066 2403 3199 2443 usus
3239 2389 3442 2457 peccati

1882 2477 2142 2547 impetum
2164 2494 2269 2532 non
2297 2480 2524 2548 excepit.

1952 2569 2021 2624 6..
2047 2569 2268 2640 Sagitta:
2314 2579 2417 2624 tua!
2457 2579 2658 2635 acuta,
2696 2587 2725 2624 ο
2762 2581 2960 2639 potens.
3004 2569 3239 2639 Sagittas
3288 2576 3446 2622 vocat

1882 2671 2105 2718 sanctos
2145 2664 2442 2733 apostolos,
2486 2663 2580 2733 qui
2634 2664 2799 2718 etiam
2843 2663 3059 2717 lethalia
3087 2663 3310 2716 vulnera
3365 2663 3446 2716 iu-

1882 2753 2068 2808 ﬁixere
2097 2754 2149 2808 in
2181 2770 2276 2810 cor
2305 2755 2648 2809 inimicorum
2703 2754 2866 2825 Regis
2886 2771 3096 2824 regum.
3125 2754 3252 2809 Haec
3282 2769 3446 2824 porro

1883 2844 1988 2898 tela
2010 2859 2129 2912 qua:
2155 2845 2465 2914 spirituales
2496 2845 2748 2900 inimicos
2778 2845 2834 2898 in
2865 2845 3028 2900 corde
3070 2844 3443 2908 vulnerarunt,

1883 2936 2067 2990 orbem
2121 2945 2414 3006 potuerunt
2473 2937 2674 2990 Christi
2730 2937 2958 3007 pedibus
3008 2937 3346 3002 submittere,
3389 2947 3445 2991 et

1879 3027 2011 3098 jugo
2063 3029 2214 3098 regni
2257 3027 2376 3098 ejus
2410 3029 2696 3099 subjicere.
2727 3028 2995 3084 Caeterum
3032 3029 3086 3084 hi
3120 3045 3311 3085 versus
3351 3045 3446 3099 per

1881 3121 2214 3191 hyperbaton
2270 3120 2561 3189 dicuntur,
2627 3131 2687 3176 ut
2757 3133 2949 3178 sonent
2997 3143 3014 3179 ι
3062 3124 3281 3195 Sagittae
3341 3132 3445 3179 tum

1882 3223 2074 3281 acutas,
2103 3231 2136 3270 ο
2171 3223 2387 3286 potens,
2425 3215 2479 3269 in
2517 3213 2774 3271 cordibus
2809 3215 3152 3272 inimicorum
3184 3217 3326 3288 regis

1954 3391 2004 3446 7.
2048 3391 2286 3446 Thronus
2333 3403 2476 3458 tuus,
2514 3395 2677 3462 Deus,
2722 3397 2775 3450 in
2811 3399 3062 3452 statutum
3101 3400 3302 3455 steculi.
3342 3400 3450 3467 Qui

1883 3484 2055 3537 vocati
2082 3499 2176 3554 per
2213 3486 2490 3554 apostolos
2521 3497 2648 3542 sunt
2679 3489 2998 3546 conﬁtentes
3027 3489 3300 3561 Uuigeniti
3327 3494 3445 3546 dei-

1882 3582 2072 3639 tatem,
2103 3575 2255 3630 aiunt
2283 3595 2297 3630 :
2340 3575 2576 3631 Thranus
2618 3590 2760 3648 tuus,
2779 3579 2939 3647 Deus,
2963 3583 3019 3635 in
3039 3584 3289 3648 secutum
3342 3601 3445 3638 ste--

1881 3665 2008 3719 culi.
2069 3665 2229 3738 Virga
2289 3668 2591 3723 directionis
2653 3672 2798 3741 virga
2859 3674 3003 3744 regni
3073 3676 3174 3729 tui.
3214 3673 3447 3730 Directio

1885 3757 1936 3809 in
1961 3757 2159 3813 divinis
2191 3756 2491 3828 Scripturis
2515 3760 2782 3830 justitiam
2823 3762 3112 3833 signiﬁcat.
3141 3765 3232 3818 Ait
3259 3765 3443 3835 igitur,

1881 3847 2082 3916 quibus
2129 3849 2358 3920 imperat
2405 3850 2656 3909 Christus
2703 3853 2756 3908 in
2795 3855 2882 3909 via
2916 3855 3142 3924 justitize
3201 3857 3445 3913 incedere

1881 3939 2141 3996 ediscent.

1952 4121 2005 4175 8.
2054 4120 2304 4177 Dilexisti
2322 4123 2593 4191 justitiam
2621 4134 2669 4178 et
2697 4125 2856 4190 odisti
2881 4126 3234 4195 iniquitatem.
3265 4124 3447 4191 Quan-

1881 4213 2176 4286 doquidem
2207 4217 2494 4272 hominum
2524 4225 2741 4283 natura,
2778 4221 3134 4276 mutationem
3165 4234 3458 4288 perpessa,

1881 4307 2185 4362 deserendo
2211 4306 2480 4376 justitiam
2520 4309 2710 4364 dilexit
2751 4311 3126 4380 iniquitatem;
3163 4309 3284 4363 ideo
3317 4306 3448 4375 Uni.

1882 4397 2098 4467 genitus
2126 4397 2302 4452 factus
2337 4399 2500 4482 hme
2529 4409 2629 4460 est,
2663 4409 2720 4452 ut
2759 4399 2815 4452 in
2860 4414 2919 4452 se
2955 4399 3244 4452 humanam
3271 4397 3446 4454 c0rri-
3518 4427 3544 4443 ο

203 4496 490 4567 κατορθῶν
523 4497 582 4548 ὲν
610 4495 788 4567 ἑαυτῷ
835 4499 899 4566 τῇ
928 4495 1224 4568 ἀνθρώπων
1253 4496 1411 4565 φύσει
1453 4498 1520 4550 τὸ·
1555 4500 1773 4570 ἀγαπᾷν

1890 4505 2014 4559 gens
2042 4497 2315 4553 naturam,
2359 4491 2411 4543 id
2448 4489 2779 4570 etﬁceretut
2817 4489 3355 4560 diligeretjustitiam
3393 4500 3449 4546 et

202 4588 558 4659 δικαιοσύνην
589 4588 682 4640 καὶ
717 4590 893 4658 μισεῖν
915 4589 1140 4658 ἀνομίαν
1160 4606 1174 4619 ’
1203 4588 1295 4641 καὶ
1327 4591 1364 4658 η’
1383 4589 1480 4659 τῆς
1511 4589 1778 4661 ὲνανθρω-

204 4682 426 4750 πήσεως
459 4677 603 4747 αὕτη
633 4678 798 4730 αίτία.
832 4677 921 4730 Διό
948 4693 1129 4748 φησιν·
1160 4677 1262 4731 Διά
1288 4677 1460 4730 τοῦτο
1485 4679 1690 4745 ἐχρισέ
1705 4696 1779 4733 σε

202 4770 234 4820 ό
256 4767 423 4832 Θεός.
453 4765 556 4817 Διά
582 4761 740 4817 τοῦτο
757 4764 834 4827 δὲ,
857 4767 1006 4817 ποῖον
1027 4781 1041 4830 ;
1075 4766 1108 4836 ἢ
1132 4765 1270 4819 ὥστε
1293 4766 1386 4819 καὶ
1415 4767 1540 4830 τοὺς
1563 4769 1619 4820 ἐν
1647 4769 1776 4838 μεθ-

200 4858 310 4923 έξει
343 4873 443 4910 σου
488 4856 815 4926 γενομένους
849 4856 1237 4924 ἀγαλλιᾶσθαιο
1301 4858 1396 4911 ἅτε
1425 4857 1489 4929 δὴ
1513 4859 1588 4922 ὡς
1617 4860 1778 4932 ἠλεη-

205 4951 399 5020 μένους
433 4947 525 5000 διὰ
548 4947 610 4998 τὸ
641 4945 1036 5017 κατωρθῶσθαι
1081 4951 1264 5014 αὐτοῖς
1297 4951 1383 5004 διά
1420 4951 1512 5004 σοῦ
1543 4953 1602 5006 τὸ
1641 4956 1777 5024 ἀγα-

199 5041 310 5111 πᾷν
362 5039 714 5110 δικαιοσύνην
776 5039 870 5091 καὶ
930 5042 1106 5110 μισεῖν
1156 5041 1404 5112 ἀνομίαν.
1443 5042 1544 5097 Διὰ
1601 5043 1776 5098 τοῦτο

199 5132 410 5202 ἕχρισέ
434 5147 510 5186 σε
539 5135 574 5186 ό
607 5130 772 5196 Θεὸς,
813 5134 846 5184 ὁ
887 5132 1029 5196 Θεός
1076 5147 1212 5186 σου.
1249 5133 1370 5186 Ἐπὶ
1407 5133 1562 5188 τοῦτο
1592 5136 1778 5206 ήλειψέ

201 5243 259 5280 σε
291 5227 320 5277 ό
344 5225 502 5287 Θεὸς,
542 5224 571 5275 ὁ
602 5223 737 5286 Θεός
771 5241 888 5284 σου,
925 5224 1091 5293 φησί’
1127 5225 1188 5277 τὸ
1219 5225 1326 5295 γὰρ
1369 5225 1606 5296 ἔχρισεν,
1629 5230 1775 5300 ἤλει-

197 5318 299 5385 ψεν
334 5315 720 5388 ἑρμηνεύεται.
775 5316 1050 5387 Συνῆπται
1101 5317 1158 5370 δὲ
1209 5321 1242 5388 ἡ
1279 5318 1466 5371 τούτου
1516 5320 1778 5391 ἑρμηνεία

199 5409 403 5463 ἄνωθεν
426 5412 508 5472 είς
531 5409 615 5473 τὸ,
653 5405 999 5477 Ἠτὰπησας
1029 5408 1442 5477 δικαιοσύνην.

270 5503 514 5571 Σμύρνα
548 5499 649 5554 καὶ
699 5497 934 5578 στακτὴ
986 5500 1086 5552 καί
1117 5503 1304 5556 κασία
1332 5503 1449 5556 ἀπὸ
1498 5502 1618 5556 τῶν
1659 5507 1776 5573 ίμα-

201 5596 340 5649 τίων
367 5612 506 5649 σου.
555 5591 772 5662 Ὶμάτια
794 5590 887 5644 τοῦ
929 5592 1264 5657 Μονογενοῦς
1298 5592 1535 5664 νοηθεῖεν
1567 5593 1633 5647 ἂν
1685 5595 1778 5649 δυ-

272 5772 475 5831 "Psal.
521 5790 618 5837 vn,
655 5773 738 5826 15.

1881 4581 2007 4634 odio
2037 4579 2264 4634 haberet
2290 4562 2630 4648 iuiquitaiem
2671 4601 2686 4634 :
2723 4590 2887 4650 atque
2915 4581 3101 4637 isthazc
3131 4582 3237 4637 fuit
3264 4585 3444 4638 incaro

1879 4671 2113 4726 nationis
2143 4686 2328 4726 causa.
2376 4672 2742 4738 Quamobrem
2793 4675 2908 4728 ait:
2963 4674 3245 4744 Propterea
3292 4678 3446 4730 unxit

1880 4772 1927 4815 te
1955 4762 2112 4816 Deus.
2145 4761 2631 4834 Propterea,quare
2649 4766 2685 4840 2Δ
2698 4767 2801 4820 nisi
2831 4777 2889 4821 ut
2919 4768 3012 4838 qui
3041 4771 3120 4823 tui
3155 4759 3447 4840 participes

1878 4861 2062 4909 essent
2103 4854 2461 4922 exsultarent,
2497 4837 2686 4926 utpote
2720 4858 2815 4927 qui
2846 4875 2912 4914 ex
2951 4861 3323 4916 misericordia
3355 4873 3445 4915 tua

1879 4946 1934 5000 id
1963 4949 2240 5002 consecuti
2283 4947 2496 5003 sintut
2544 4950 2828 5020 diligerent
2880 4952 3148 5021 justitiam
3209 4962 3263 5007 et
3321 4953 3446 5008 odio

1880 5039 2141 5094 haberent
2192 5041 2552 5110 iniquitatem.
2613 5040 2900 5112 Propterea
2948 5046 3100 5097 unxit
3155 5055 3205 5098 te
3258 5045 3398 5100 Deus
3427 5089 3446 5114 ,

1877 5130 2018 5186 Deus
2043 5140 2184 5187 tuus.
2213 5131 2338 5186 ldeo
2361 5133 2578 5188 innnxit
2603 5142 2654 5187 te
2688 5133 2852 5197 Deus,
2887 5134 3029 5189 Deus
3059 5144 3207 5198 tuus,
3233 5137 3443 5208 inquit:

1879 5225 2008 5280 illud
2038 5225 2182 5278 enim
2228 5225 2402 5290 unxit,
2433 5226 2654 5278 iuunxit
2688 5227 3091 5294 interpretatur.
3131 5227 3305 5300 l‘lujus
3345 5246 3444 5286 au-

1876 5323 1986 5370 tem
2027 5316 2133 5370 loci
2177 5316 2550 5386 interpretatio
2595 5316 2847 5385 superius
2879 5319 2946 5371 ad
2985 5320 3100 5376 haec
3128 5323 3310 5389 verba,
3345 5322 3444 5376 Di-

1876 5408 2054 5463 lexisti
2070 5409 2367 5478 justitiam,
2403 5411 2657 5480 adjuncta
2688 5408 2808 5466 fuit.

1946 5501 1996 5555 9.
2019 5501 2237 5571 Myrrha
2263 5512 2312 5556 et
2323 5512 2474 5574 gutta
2496 5512 2542 5555 et
2557 5502 2702 5556 casia
2735 5520 2770 5556 a
2788 5507 3105 5561 vestimentis
3132 5507 3440 5561 tuis.Vesti-

1876 5603 2054 5649 tncnla
2099 5593 2370 5665 Uuigeniti
2419 5596 2585 5665 probe
2637 5597 3007 5669 intelligantur
3039 5601 3287 5665 virtutes,
3327 5615 3442 5653 ma-
