3786 6278
1186 359 1240 415 S.
1283 361 1655 417 ATHANASII
1697 359 1846 416 OPP.
1889 358 2068 414 PARS
2107 358 2194 413 Ill.
2235 387 2304 398 —-
2342 350 2757 410 EXEGETICA.

3496 313 3609 402 ειέ

377 479 704 553 gniﬂcentia,
740 479 930 548 gloria,
966 478 1119 548 juxta
1155 481 1282 558 illud
1314 501 1326 534 :
1379 481 1632 535 Dominus
1682 482 1926 549 regnavit,

2038 477 2252 545 νάμεις,
2281 471 2741 546 μεγαλοπρέπεια,
2787 467 2948 532 δόξα,
2985 465 3124 519 κατὰ
3160 465 3236 518 τό·
3287 465 3346 516 '0
3388 466 3608 533 Κύριος

374 575 612 628 decorem
654 571 868 624 indutus
896 581 994 636 est,
1027 573 1244 626 indutus
1273 583 1349 626 est
1392 573 1644 626 Dominus
1693 575 1938 626 uirtutem

373 675 423 718 et
451 664 728 733 praecinxit
760 681 811 716 se
835 664 900 715 η.
943 663 1131 718 lsthaec
1169 664 1333 734 igitur
1383 665 1552 736 gloria
1604 665 1937 734 et,magniti-

373 755 548 810 rentia
571 755 710 824 ejus,
745 755 868 808 boni
909 755 1066 810 nobis
1111 757 1293 811 odoris
1345 755 1465 822 fuit,
1495 766 1548 810 et
1568 757 1722 826 quasi
1767 772 1936 827 genus

371 862 532 900 omne
562 845 900 900 odoramenti
925 854 978 899 et
1023 846 1251 912 incensi,
1305 846 1462 915 juxta
1495 846 1626 901 illud
1678 846 1806 900 alibi
1854 846 1936 899 di-

372 947 519 992 ctum
551 953 564 989 :
617 935 948 1006 Unguentum
993 937 1217 1004 e/fusum
1248 953 1431 991 nomen
1472 948 1618 991 tuum
1649 937 1697 969 “
1723 955 1738 991 :
1768 946 1823 991 et
1877 937 1937 989 il-

371 1030 460 1102 lud
500 1047 512 1083 :
541 1027 607 1082 In
631 1029 841 1082 odorem
870 1037 1249 1098 unguentorum
1281 1037 1489 1081 tuorum
1511 1026 1796 1080 curram“.
1822 1025 1934 1098 (ιθ)

369 1119 467 1174 Est
494 1128 672 1173 autem
706 1127 897 1181 staete,
931 1119 1046 1173 sive
1071 1127 1239 1187 gutta,
1267 1119 1500 1190 myrrha:
1525 1134 1696 1188 genus
1729 1119 1936 1173 tenuis-

368 1207 590 1261 simum.
646 1204 778 1260 Nam
810 1206 1045 1260 contrito
1093 1217 1354 1264 aromate.
1402 1209 1664 1278 quidquid
1708 1207 1932 1262 ﬂuidum

368 1301 421 1354 in
447 1301 540 1354 illo
582 1301 813 1354 habetur
858 1301 912 1354 in
943 1310 1150 1356 stacten
1200 1303 1312 1356 sive
1361 1310 1568 1372 guttam
1623 1300 1879 1353 dividitur
1916 1317 1930 1353 :

367 1392 512 1463 quod
549 1393 790 1449 crassius
817 1393 1094 1449 residuum
1127 1403 1232 1457 est,
1277 1396 1497 1466 myrrha
1543 1402 1785 1446 vocatur.
1825 1389 1933 1446 Ca-

365 1482 448 1535 sia
489 1490 670 1536 autem
717 1489 802 1537 est
839 1495 1026 1538 cortex
1064 1485 1441 1547 tenuissimus,
1491 1481 1931 1546 odoratissimus,

365 1573 459 1642 qui
493 1573 702 1642 ligneos
740 1576 992 1630 surculos
1029 1576 1291 1630 obtendit.
1421 1577 1661 1630 domibus
1695 1575 1931 1632 eburneis

364 1671 431 1708 ea:
469 1657 655 1724 quibus
686 1657 1067 1714 delectaverunt
1115 1670 1181 1716 te.
1216 1660 1434 1726 Domus,
1467 1662 1607 1716 mdes
1639 1661 1934 1732 splendida:

365 1758 418 1801 et
495 1750 778 1819 magniﬁce
841 1760 1062 1806 structae
1129 1761 1293 1822 atque
1373 1750 1570 1821 templa
1649 1753 1928 1808 dicuntur.

2042 568 2461 628 ἐϐασίλευσεν,
2495 562 2857 630 εὐπρέπειαν
2899 557 3242 618 ἐνεδύσατο,
3275 555 3610 608 ἐνεδύσατο

2043 662 2258 728 Κύριος
2293 656 2550 725 δύναμιν
2591 653 2690 708 καί
2738 648 3144 720 περιεζώσατο.
3172 646 3319 716 Αὕτη
3351 645 3416 717 δὴ
3441 642 3534 700 οὖν
3569 649 3607 717 ἡ

2039 753 2166 818 δόξα
2211 749 2374 804 αὐτοῦ
2409 747 2502 800 καὶ
2553 747 2586 816 ἠ
2639 741 3082 816 μεγαλοπρέπεια
3131 738 3333 809 εὐώδης
3381 739 3612 807 γέγονεν

2040 844 2192 914 ἡμῖν,
2222 840 2317 895 καὶ
2343 839 2417 903 ὡς
2451 839 2508 891 ὲν
2539 836 2689 903 τάξει
2715 833 3055 905 Θυμιάματος
3101 830 3300 894 παντὸς
3349 830 3488 883 κατὰ
3540 829 3610 883 τὸ

2039 930 2269 1004 ἀλλαχοῦ
2297 929 2583 1002 εἰρημένον
2601 943 2614 956 °
2643 927 2848 994 Μύρον
2887 921 3215 978 eusser-uber
3237 920 3424 991 ὄνομά
3445 936 3566 976 σου
3589 939 3604 952 ο

2039 1026 2131 1078 καὶ
2160 1025 2243 1088 τὸ,
2272 1024 2375 1088 Είς
2408 1019 2607 1090 ὀσμὴν
2632 1016 2881 1082 εὐωδίας
2904 1032 3017 1070 σου
3039 1013 3388 1084 δραμοῦμαι.
3412 1013 3608 1066 Ἔστιν

2039 1118 2070 1186 ή
2103 1114 2308 1182 στακτὴ
2334 1112 2578 1184 σμύρνης
2601 1105 2738 1173 εἶδος
2766 1108 3108 1162 λεπτότατον·
3141 1106 3473 1170 ὲκθλιϐἑντος
3488 1106 3605 1176 γὰρ

2037 1208 2130 1260 τοῦ
2159 1207 2468 1278 ἁρώματος,
2501 1205 2624 1258 ὅσον
2653 1203 2748 1272 μὲν
2776 1201 2882 1273 γὰρ
2898 1198 3059 1254 αὐτοῦ
3091 1202 3247 1271 ῥυτὸν
3271 1200 3349 1262 εἰς
3365 1197 3602 1268 στακτὴν

2035 1298 2427 1370 ἁπομερίζεται
2460 1312 2474 1326 °
2529 1295 2590 1348 τὸ
2641 1295 2700 1347 δὲ
2744 1293 3045 1364 παχύτερον
3073 1290 3347 1360 ἀπομένον
3385 1290 3601 1360 σμύρνα

2036 1389 2523 1463 προσαγορεύεται.
2561 1388 2624 1441 Ἦ
2656 1387 2715 1440 δὲ
2743 1385 2909 1440 κασία
2938 1383 3118 1452 φλοιός
3149 1381 3232 1445 τίς
3261 1383 3378 1433 ἐστι
3409 1379 3605 1433 λεπτό-

2032 1499 2194 1546 τατος
2241 1481 2336 1534 καὶ
2367 1479 2593 1546 εὐώδης,
2647 1473 2852 1545 ξυλώδη
2898 1474 3086 1543 κάρφη
3138 1469 3600 1540 περιτεινόμενος.

2047 1573 2177 1628 Ἀπὸ
2226 1571 2461 1639 ,ϐάρεων
2506 1567 2909 1638 ἐλεφαντίνων
2942 1565 3010 1629 ἐξ
3039 1559 3128 1617 ὧν
3155 1560 3467 1632 ηὔφρανάν
3497 1577 3598 1615 σε.

2032 1663 2241 1732 Βάρεις
2271 1662 2370 1733 μὲν
2397 1661 2448 1714 0i
2475 1658 2781 1722 πολυτελεῖς
2797 1656 2891 1710 καὶ
2922 1653 3185 1726 ἐξαίρετοι
3210 1647 3367 1717 οἶκοι,
3397 1651 3512 1721 ἦτοι
3542 1651 3601 1704 οι

2035 1755 2172 1807 ναοί.
2217 1750 2645 1820 Ἐλεφαντίνης
2671 1748 2729 1802 δὲ
2753 1747 2849 1810 τὰς
2880 1744 3256 1816 άπεξεσμένας
3294 1743 3456 1796 οἱονεὶ
3500 1741 3601 1794 καὶ

369 1837 637 1892 Εόιινηεαε
685 1849 865 1894 autem
922 1841 1072 1905 dicit,
1119 1855 1218 1897 ceu
1265 1841 1468 1896 aﬂ'abre
1515 1842 1821 1896 elaboratas
1867 1856 1926 1896 ac

2038 1841 2528 1915 περικαλλεστάτας
2576 1840 2757 1911 φησίν.
2786 1836 3047 1900 Βασιλέας
3078 1834 3133 1889 δὲ
3173 1833 3426 1906 ὀνομάζει
3467 1832 3601 1894 τούς

363 1930 778 1998 pulcherrimas.
828 1931 1000 2002 Reges
1045 1940 1204 1987 vocat
1248 1941 1467 1988 sanctos
1514 1933 1788 2003 apostolos
1835 1932 1930 2002 qui

364 2035 472 2074 una
527 2036 650 2075 cum
698 2022 918 2077 Christo
979 2032 1224 2093 regnant.
1287 2022 1455 2078 Filias
1482 2032 1664 2078 autem
1716 2039 1928 2088 eorum,

364 2113 574 2168 animas
622 2130 743 2182 quae
793 2115 1036 2184 ipsorum
1085 2131 1247 2185 opera
1297 2117 1362 2170 ad
1416 2115 1508 2169 Dei
1566 2116 1932 2186 cognitionem

365 2216 690 2272 regeneratus
717 2216 867 2271 sunt,
902 2225 1023 2276 qua:
1053 2210 1216 2262 corda
1249 2224 1346 2263 sua
1389 2209 1440 2262 in
1471 2210 1665 2278 templa
1703 2209 1931 2264 concin-

365 2307 497 2350 nant
525 2297 872 2352 ornatissima
917 2300 970 2352 in
1015 2299 1108 2354 Dei
1148 2301 1435 2364 honorem,
1471 2309 1634 2372 atque
1662 2301 1933 2358 delectant

362 2387 562 2457 ipsum.
591 2388 823 2445 Perinde
847 2389 1014 2461 igitur
1054 2400 1139 2447 est
1159 2408 1222 2447 ac
1253 2392 1300 2447 si
1334 2393 1578 2448 diceret:
1614 2392 1930 2450 Delectabe-

362 2477 459 2543 ris,
491 2492 525 2533 ο
556 2478 802 2546 Domine,
843 2495 875 2534 a
901 2479 1153 2536 domibus
1190 2481 1465 2545 eburneis,
1498 2497 1635 2553 quas
1663 2482 1717 2535 in
1756 2483 1930 2536 hono-

363 2584 476 2623 rem
509 2578 661 2624 tuum
710 2572 835 2626 tiliae
878 2587 1069 2642 regum
1113 2573 1474 2629 adornarunt.
1518 2574 1700 2627 Astitit
1747 2575 1928 2644 regina

359 2659 618 2712 adextris
653 2662 757 2714 tuis
794 2662 850 2715 in
898 2664 1086 2716 vestitu
1127 2663 1402 2718 deaurato.
1453 2663 1659 2735 Regina
1709 2664 1927 2732 quidem

363 2751 606 2806 Ecclesia
633 2762 736 2820 est,
779 2762 966 2824 utpote
999 2756 1111 2826 regi
1142 2772 1341 2826 magno
1371 2757 1718 2826 desponsata.
1751 2756 1930 2812 Collo-

361 2844 506 2899 catio
551 2852 732 2899 autem
786 2861 818 2901 a
869 2847 1100 2913 dextris,
1161 2850 1422 2905 honorem
1491 2850 1762 2920 signiticet
1817 2863 1928 2918 quo

361 2932 571 2989 fruetur
603 2935 656 2990 in
685 2935 872 2992 futuro
900 2941 1120 2994 saeculo.
1161 2938 1401 2995 Vestitus
1429 2951 1610 2994 autem
1658 2940 1927 3010 pretiosus

360 3035 508 3088 sunt,
551 3024 705 3091 ﬁdes,
748 3041 893 3095 spes,
943 3029 1203 3083 charitas.
1241 3029 1344 3083 Sed
1395 3038 1448 3082 et
1496 3029 1642 3084 aliud
1689 3030 1928 3098 splendi-

357 3115 481 3168 dius
518 3116 897 3172 vestimentum
928 3119 1113 3184 habet,
1157 3121 1336 3190 ipsum
1377 3121 1584 3176 scilicet
1625 3120 1922 3175 Christum.

359 3204 666 3278 Quicunque
705 3210 874 3277 enim,
927 3211 1023 3276 ait,
1055 3215 1107 3266 in
1155 3211 1440 3268 Christum
1477 3212 1926 3281 baptisati.estis,

360 3297 627 3352 Christum
658 3301 906 3356 induistis
944 3304 1010 3357 “.

431 3388 516 3442 Η.
557 3390 720 3455 Audi,
771 3391 906 3460 filia,
950 3403 1000 3448 et
1049 3395 1182 3448 vide.
1247 3394 1455 3451 Rursus
1498 3411 1596 3450 ceu
1644 3395 1711 3450 ad
1745 3394 1929 3450 Eccle-

359 3481 496 3532 sium
549 3496 731 3535 sermo
779 3495 882 3538 est.
921 3483 992 3541 Et
1040 3484 1341 3539 obliviscere
1390 3487 1640 3555 populum
1702 3499 1848 3539 tuum
1877 3493 1929 3538 et

357 3571 571 3624 domum
601 3574 771 3641 patris
820 3576 916 3628 tui.
968 3575 1139 3631 Nemo
1175 3577 1376 3648 quippe
1411 3594 1583 3648 purus
1623 3579 1690 3634 ad
1722 3579 1926 3634 Christi

358 3663 516 3716 tidem
566 3665 798 3729 accedit,
843 3667 950 3722 nisi
983 3669 1380 3737 praeteritorum
1412 3671 1683 3725 malorum
1715 3685 1924 3726 memo-

357 3755 494 3808 riam
519 3756 742 3810 omnino
769 3757 1003 3812 aboleat.
1040 3756 1283 3828 Populus
1306 3768 1487 3814 autem
1520 3758 1775 3814 Ecclesiae
1794 3759 1925 3812 olim

355 3858 511 3900 erant
557 3847 877 3904 idololatraa.
931 3848 1138 3906 Domus
1195 3861 1376 3906 autem
1434 3854 1606 3922 patris
1655 3851 1774 3921 ejus
1832 3866 1924 3906 sa-

355 3939 563 4008 pientes
592 3940 798 4003 saeculi,
845 3941 898 3995 iu
951 3942 1151 4011 quibus
1184 3944 1340 4012 quasi
1380 3943 1435 3996 in
1466 3945 1628 3998 domo
1661 3943 1926 3997 inhabitat

357 4028 610 4087 Satanas.
645 4031 714 4086 Et
753 4033 869 4101 ﬁlia
902 4033 1030 4104 Tyri
1075 4035 1130 4088 in
1172 4037 1494 4089 muneribus.
1545 4033 1628 4089 Ab
1671 4051 1776 4089 una
1813 4035 1923 4106 Ty-

355 4123 562 4176 riorqu
632 4134 832 4195 gente,
905 4126 1151 4196 gentium
1214 4126 1555 4180 vocationem
1625 4124 1918 4191 signiﬁcat.

354 4211 547 4283 Tyrius
593 4226 772 4272 autem
834 4218 1177 4284 memoravit,
1239 4219 1366 4287 quia
1418 4217 1521 4288 ipsi
1579 4217 1920 4287 potissimum

351 4305 455 4376 pia:
494 4306 856 4364 institutionis
893 4310 1105 4365 inimici
1129 4320 1331 4365 essent.

2034 1935 2220 2003 ἁγίους
2257 1932 2606 1996 ἀποστόλους,
2636 1931 2807 1984 οἱκαὶ
2853 1925 3306 2000 συμϐασιλεύουσι
3341 1924 3419 1996 τῷ
3461 1925 3604 1996 Χρι-

2035 2025 2164 2096 στῷ.
2196 2025 2511 2097 Θυγατέρας
2542 2023 2598 2077 δὲ
2640 2023 2820 2077 αὐτῶν
2867 2021 2965 2085 τὰς
3014 2021 3081 2074 δι’
3117 2019 3294 2073 αὐτῶν
3346 2019 3426 2081 είς
3477 2016 3604 2071 θεο-

2032 2119 2270 2186 γνωσίοιν
2301 2115 2808 2187 ἀναγεγεννημένας
2841 2113 3016 2184 ψυχάς
3041 2151 3056 2177 ,
3089 2114 3145 2166 αῖ
3179 2113 3272 2166 καὶ
3302 2112 3463 2173 ναοὺς
3493 2108 3605 2171 τὰς

2031 2208 2239 2264 ἑαυτῶν
2289 2207 2515 2280 καρδίας
2565 2204 2880 2260 ἀποτελοῦσι
2907 2202 3466 2276 ιπερικαλλεστάτους,
3511 2200 3603 2261 είς

2031 2301 2196 2374 τιμὴν
2225 2299 2315 2354 τοῦ
2350 2297 2483 2352 Θεοῦ
2517 2295 2910 2371 εὐφραινούσας
2935 2293 3117 2348 αὐτόν.
3146 2293 3371 2362 Ὅμοιον
3400 2284 3492 2343 οὖν
3517 2286 3605 2352 ὡς

2029 2395 2078 2446 ει
2107 2392 2271 2464 λέγῃ·
2305 2389 2689 2461 Εὐφρανθήσῃ,
2734 2386 2922 2458 φησὶν,
2968 2377 3014 2437 ῶ
3044 2381 3308 2444 Δέσποτα,
3342 2378 3448 2433 άπὸ
3499 2377 3607 2448 βά-

2034 2500 2170 2555 ρεων
2200 2481 2555 2550 ἐλεφαντίνων
2603 2472 2677 2531 ὧν
2710 2475 3113 2532 κατεσκεύασαν
3154 2475 3234 2538 εἰς
3287 2470 3382 2542 σὴν
3429 2467 3604 2539 τιμὴν

2033 2579 2088 2629 αἱ
2117 2575 2226 2628 τῶν
2255 2573 2516 2645 βασιλέων
2545 2570 2862 2640 θυγατέρες.
2884 2567 3158 2638 Παρέστη
3183 2564 3606 2636 ὴηϐασίλισω

2028 2669 2099 2723 ἐκ
2124 2665 2338 2733 δεξιῶν
2368 2681 2484 2721 σου
2524 2665 2593 2718 ἐν
2617 2662 2909 2734 ἱματισμῷ
2947 2661 3270 2729 διαχρύσῳ.
3299 2656 3603 2712 Βασίλισσα.

2035 2763 2132 2833 μὲν
2160 2764 2194 2834 ἡ
2238 2759 2551 2831 Ἐκκλησία,
2589 2757 2665 2822 ὡς
2693 2757 2881 2827 νύμφη
2914 2753 3177 2824 γενομένη
3207 2751 3299 2807 τοῦ
3355 2749 3600 2822 μεγάλου

2032 2855 2325 2926 βασιλέως·
2377 2856 2411 2925 ἠ
2444 2853 2502 2905 δὲ
2535 2851 2723 2914 στάσις
2760 2851 2794 2921 ἡ
2826 2851 2890 2902 ὲκ
2927 2846 3112 2912 δεξιῶν
3155 2846 3253 2916 τὴν
3300 2843 3463 2915 τιμὴν
3496 2858 3606 2912 ση-

2035 2948 2214 3019 μαίνει
2243 2941 2310 3017 ἦς
2337 2941 2632 2999 ἀπολαύσει
2681 2944 2740 2996 ἐν
2782 2940 2861 3012 τῷ
2896 2939 3139 3011 μέλλοντι
3187 2935 3375 2989 αἰῶνι·
3412 2935 3602 3006 ἱματι-

2031 3038 2168 3109 σμὸς
2193 3035 2250 3089 δὲ
2278 3035 2448 3106 αὐτῆς
2487 3033 2730 3097 ποικίλος
2762 3031 2960 3097 πίστις,
3005 3029 3179 3093 ἐλπὶς,
3213 3027 3428 3097 ἀγάπη⁶
3477 3025 3603 3095 ἔχει

2028 3130 2083 3182 δὲ
2117 3130 2209 3182 καὶ
2236 3128 2423 3200 ἕτερον
2459 3126 2672 3198 ἱμάτιον
2691 3125 3084 3198 λαμπρότερον,
3115 3122 3205 3176 τὸν
3235 3118 3460 3192 Χριστὸν
3493 3119 3602 3171 αὐ-

2030 3221 2143 3275 τόν,
2173 3221 2345 3273 Ὅσοι
2376 3218 2504 3288 γὰρ,
2537 3219 2722 3289 φησὶν,
2751 3219 2838 3283 είς
2874 3214 3130 3286 Χριστὸν
3175 3211 3595 3278 ἐϐαπτίσθητε,

2029 3311 2284 3382 Χριστὸν
2309 3309 2700 3363 ἐνεδύσασθε.

2103 3406 2428 3462 Ἄκουσον,
2457 3400 2728 3470 θύγατερ,
2752 3396 2850 3451 καί
2887 3394 2995 3450 ἴδε.
3038 3395 3150 3449 Καὶ
3179 3393 3338 3448 πάλιν
3355 3390 3430 3455 ὡς
3454 3389 3600 3462 πρὸς

2026 3499 2126 3567 τὴν
2159 3493 2483 3565 Ἐκκλησίαν
2520 3490 2548 3544 ὁ
2579 3490 2735 3558 λόγος
2761 3484 2933 3551 οὗτος.
2989 3485 3098 3539 Καὶ
3146 3481 3432 3538 ἐπιλάθου
3481 3480 3600 3534 τοῦ

2025 3588 2179 3644 λαοῦ
2199 3601 2315 3641 σου
2346 3584 2444 3640 καί
2469 3583 2576 3638 τοῦ
2605 3582 2776 3636 οἴκου
2803 3579 2910 3633 τοῦ
2935 3579 3157 3646 πατρός
3196 3589 3334 3628 σου.
3380 3572 3494 3625 Οὐκ
3523 3569 3599 3624 ἂν

2025 3680 2134 3752 γάρ
2165 3695 2249 3741 τις
2271 3676 2510 3756 καθαρὸς
2537 3677 2602 3745 τῇ
2623 3673 2710 3726 διὰ
2736 3667 2970 3744 Χριστοῦ
3001 3667 3363 3739 προσέρχεται
3385 3662 3596 3724 πίστει,

2029 3771 2104 3842 μὴ
2136 3769 2376 3838 παντελῆ
2406 3767 2574 3838 λήθην
2625 3764 2732 3818 τῶν
2779 3760 3057 3833 προτέρων
3097 3756 3459 3826 ποιησάμενος
3491 3768 3600 3805 κα-

2026 3863 2158 3917 κῶν.
2187 3860 2328 3922 Λαὸς
2352 3859 2410 3912 δὲ
2441 3858 2609 3911 πάλαι
2633 3856 2733 3926 τῆς
2767 3850 3086 3923 Ἐκκλησίας
3109 3850 3159 3902 οί
3185 3843 3593 3914 εἰδωλολάτραι.

2023 3950 2183 4016 Οἶκος
2213 3949 2395 4005 δὲ’τοῦ
2437 3948 2640 4020 πατρὸς
2661 3947 2849 4017 αὐτῆς,
2882 3946 2930 3999 οἱ
2973 3942 3125 4011 σοφοὶ
3163 3939 3254 3993 τοῦ
3286 3937 3502 4000 αἰῶνος,
3529 3936 3598 3987 ἐν

2022 4033 2102 4100 οἷς
2131 4040 2375 4091 κατοικεῖ
2405 4036 2590 4106 ὥσπερ
2625 4037 2681 4088 ὲν
2710 4033 2878 4095 οἴκοις
2901 4034 2930 4086 ό
2965 4030 3234 4091 Σατανᾶς.
3267 4025 3377 4079 Καὶ
3404 4022 3596 4090 θυγά-

2022 4145 2131 4197 τηρ
2165 4130 2349 4197 Τύρου
2389 4127 2460 4182 ἐν
2503 4124 2732 4201 δώροις.
2784 4122 2914 4176 Ἀπὸ
2954 4120 3069 4183 ἐνὸς
3103 4117 3308 4181 ἔθνους,
3338 4112 3432 4168 τοῦ
3481 4113 3598 4166 Τυ-

2025 4217 2155 4290 ρίων
2208 4217 2370 4286 φημὶ,
2427 4214 2526 4286 τὴν
2559 4212 2665 4266 τῶν
2711 4210 2877 4265 ἐθνῶν
2929 4208 3119 4278 κλῆσιν
3168 4202 3595 4275 κατασημαίνει.

2021 4305 2161 4370 Τοὺς
2193 4303 2424 4376 Τυρίους
2465 4302 2521 4356 δὲ
2571 4301 2840 4372 ὠνόμασε,
2891 4295 2980 4350 διὰ
3007 4296 3069 4348 τὸ
3116 4294 3348 4366 μάλιστα
3391 4292 3598 4355 αὐτοὺς

2023 4399 2251 4471 ἐχθροὺς
2278 4393 2416 4450 εἶναι
2434 4392 2528 4448 τοῦ
2553 4391 2808 4454 εὐσεϐοῦς
2839 4387 3251 4457 πολιτεύματος.

421 4477 508 4532 15.
547 4480 782 4569 ,γυιιωη
835 4494 985 4536 tuum
1035 4483 1458 4552 deprecabuntur
1502 4485 1688 4539 divites
1729 4486 1914 4553 plebis.

2098 4487 2170 4544 Τὸ
2227 4487 2553 4556 πρόσωπόν
2601 4499 2716 4537 σου
2763 4479 3235 4536 λιτανεύσουσιν
3287 4477 3340 4528 οί
3395 4473 3593 4525 πλού-

348 4564 464 4622 Hoc
507 4568 585 4622 ait
649 4569 999 4641 Evangelium
1055 4575 1277 4644 regibus
1323 4576 1650 4645 praedicans,
1695 4587 1749 4632 et
1781 4579 1920 4647 opti-

349 4657 631 4726 matibus:
696 4662 876 4715 Adora
931 4663 1228 4721 Ecclesiam
1275 4667 1390 4722 sive
1426 4669 1545 4737 ejus
1605 4668 1917 4724 Dominum.

350 4748 535 4802 Omnis
596 4750 766 4819 gloria
798 4753 925 4821 ﬁlim
954 4757 1088 4825 regis
1139 4758 1204 4811 ab
1240 4758 1403 4824 intus,
1451 4761 1509 4813 in
1548 4761 1776 4827 fimbriis
1821 4777 1920 4814 auo

346 4840 470 4894 reis.
518 4839 778 4896 Pietatem
829 4857 981 4908 voce,
1044 4844 1106 4896 ab
1154 4847 1320 4904 intus.
1361 4849 1684 4919 signiﬁcat:
1755 4850 1919 4920 spiri-

345 4933 510 4989 tnalis
544 4949 780 5006 namque
823 4945 906 4990 est
945 4947 1174 4992 ornatus
1207 4939 1479 4997 Ecclesiae.
1524 4943 1795 5000 Fimbrias
1822 4958 1919 4998 au-

346 5037 451 5083 tem
479 5029 610 5083 dicit
651 5029 981 5099 multiplices
1020 5032 1201 5100 specie
1239 5033 1488 5088 virtutes.

355 5253 358 5258 _
416 5199 500 5254 £5.
542 5203 885 5259 Adducentur
936 5205 1047 5275 regi
1099 5207 1324 5275 virgines
1378 5216 1496 5277 post
1538 5223 1676 5262 eam.
1734 5205 1921 5263 Simile

343 5291 469 5348 huic
537 5314 552 5349 :
624 5296 914 5366 Rapiemur
971 5301 1026 5353 in
1086 5299 1311 5355 nubibus
1345 5301 1551 5356 obviam
1605 5300 1832 5356 Domino
1865 5303 1919 5356 in

339 5401 465 5437 arra
494 5386 559 5441 ".
617 5386 853 5443 Rursum
904 5406 1000 5461 per
1049 5391 1312 5461 virginem
1337 5393 1638 5448 Ecelesiam
1671 5393 1916 5449 indicat:

411 5529 453 5558 ²’
493 5527 636 5583 Psal.
669 5546 798 5594 χρη,
845 5531 893 5586 Ι.
991 5534 1035 5563 ’³
1067 5533 1222 5587 Cant.
1276 5551 1291 5588 ι
1357 5535 1412 5588 2.

407 5763 517 5833 (lli)
551 5762 605 5816 ln
637 5765 756 5818 aliis
791 5767 997 5821 catenis
1031 5767 1142 5824 lucc
1176 5768 1358 5825 Basilii
1398 5782 1519 5824 esse
1558 5767 1831 5822 dicuntur.

1513 5535 1560 5566 ’⁸
1655 5534 1783 5588 ibid.
1835 5536 1888 5590 5.
1971 5537 2016 5568 ’⁸
2063 5546 2222 5592 aetat.
2261 5553 2350 5599 ιιι,
2397 5536 2480 5589 i7.

2024 4594 2146 4633 σιοι
2176 4578 2282 4632 τοῦ
2336 4576 2508 4632 λαοῦ.
2539 4573 2710 4628 Τοῦτό
2746 4589 2913 4644 φησιν
2960 4566 3439 4638 εὐαγγελιζόμενος
3494 4565 3597 4618 καὶ⁵

2024 4672 2218 4734 αὐτοὺς
2251 4671 2378 4733 τοὺς
2401 4665 2657 4738 βασιλεῖς,
2690 4662 2930 4725 καὶτοὺς
2963 4663 3021 4716 ὲν
3053 4659 3342 4728 ὑπεροχαῖς
3384 4655 3546 4719 ὂντας
3574 4672 3591 4686 ·

2027 4757 2407 4830 Προσκύνησον
2453 4756 2553 4826 τὴν
2601 4753 2945 4823 Ἐκκλησίαν,
2980 4751 3098 4822 ἦτοι
3132 4749 3218 4802 τὸν
3246 4746 3440 4814 ἑαυτῆς
3474 4745 3594 4799 Κύ-

2027 4867 2161 4922 ριον.
2196 4847 2372 4903 Πᾶσα
2415 4849 2452 4915 1}
2494 4846 2644 4912 δόξα
2675 4843 2784 4910 τῆς
2818 4839 3106 4911 θυγατρὸς
3134 4839 3240 4893 τοῦ
3278 4835 3592 4904 ,ϐασιλέως

2025 4941 2252 4995 ἔσωθεν
2277 4939 2347 4992 ἐν
2374 4937 2741 5008 κροσσωτοῒς
2772 4933 3041 5005 χρυσοῖς.
3075 4932 3150 4986 Τὸ
3183 4929 3404 4992 εὐσεϐὲς
3438 4927 3564 4982 ἔσω

2025 5035 2130 5086 θεν
2150 5031 2404 5103 σημαίνει
2420 5047 2432 5060 ο
2467 5028 2653 5099 νοητὸς
2680 5027 2789 5098 γὰρ
2810 5029 2838 5079 ό
2866 5027 3069 5095 κόσμος
3087 5023 3186 5093 τῆς
3228 5018 3551 5090 Ἐκκλησίας
3574 5035 3590 5047 ⁸

2019 5121 2286 5182 κοοσσοὺς
2316 5119 2372 5173 δὲ
2401 5119 2500 5182 τὰς
2530 5117 2829 5180 πολυειδεῖς
2859 5114 3081 5187 ἀρετάς.

2106 5209 2641 5279 Ἀπενεχθήσονται
2674 5207 2754 5274 τῷ
2790 5204 3044 5271 ,ϐασιλεῖ
3081 5203 3362 5272 παρθένοι
3397 5202 3596 5256 ὀπίσω

2017 5303 2229 5370 αὐτῆς.
2272 5304 2491 5373 Ὅμοιον
2523 5302 2617 5366 τὸ,
2659 5300 3142 5369 Ἀρπατησόμεθα
3191 5297 3260 5350 ἐν
3305 5294 3594 5363 νεφέλαις

2018 5398 2104 5461 είς
2142 5393 2482 5464 ἀπάντησιν
2509 5394 2614 5448 τοῦ
2631 5394 2870 5461 jKygjov
2895 5393 2982 5456 εὶς
3011 5389 3174 5458 ἀέρα.
3213 5388 3379 5441 Πάλιν
3403 5385 3460 5440 δὲ
3503 5384 3595 5439 δ.ἀ

2567 5536 2612 5565 ⁸³
2643 5531 2660 5585 l
2691 5531 2878 5586 Thess.
2915 5546 2985 5596 Iv,
3025 5530 3112 5584 ib.
