3786 6278
159 369 271 424 215

1293 351 1656 415 EXPOSITIO
1714 350 1784 406 IN
1822 350 2153 407 PSALMUM
2197 337 2372 407 XLV:

3340 336 3445 393 2H

161 489 262 557 τῆς
301 486 608 557 παρθένου
654 483 758 553 τὴν
801 480 1134 551 Ἐκκλησίαν
1169 478 1456 549 σημαίνειο
1503 476 1774 548 Ἢρμοσά-

1911 471 2150 538 Despondi
2186 471 2333 527 enim
2365 482 2464 523 vos
2490 465 2755 535 virginem
2800 473 2992 531 puram
3023 457 3277 514 exhibere
3314 453 3444 509 Deo.

168 595 273 648 μην
302 576 434 646 γὰρ
477 576 632 645 ὑμᾶς
662 571 931 644 παρθένον
955 571 1126 640 ἁγνὴν
1151 569 1502 639 παραστῆσαι
1529 567 1608 637 τῷ
1634 563 1770 636 Θεῷ.

164 669 557 736 Λὲκετλησίον
590 664 783 734 αὐτῆς
814 661 1336 732 ἀπενεχθήσονταί
1379 677 1497 714 σοι.
1528 661 1639 730 Τῆς
1667 658 1776 729 γὰρ

167 761 493 830 παρθενίας
519 759 754 830 πλησίον
783 760 817 827 ή
835 757 1168 826 ἐγκράτεια,
1185 754 1350 807 Ὅσαι
1377 752 1554 805 τοίνυν
1581 753 1774 820 ἐγκρα-

163 850 434 905 τεύονται
469 847 648 917 ψυχαὶ
673 845 915 915 δηλονότι
952 844 1059 896 άπὸ
1088 841 1340 912 πράξεων
1377 839 1646 912 πονηρῶν,
1681 837 1775 892 καὶ

1876 560 2146 615 Proxima:
2168 560 2282 629 ejus
2319 558 2606 627 a/ferentur
2633 552 2750 607 tibi.
2779 548 2913 605 Nam
2939 546 3240 619 virginitati
3273 546 3450 615 proxi-

1876 669 1965 710 ma
2000 662 2083 710 est
2119 650 2472 708 continentia.
2502 647 2780 716 Quotquot
2811 642 2974 712 igitur
3013 639 3209 695 animm
3237 653 3294 691 se
3319 651 3450 691 con-

1877 746 2050 802 tinent
2079 760 2112 801 a
2145 744 2303 800 malis
2330 742 2562 805 actibus,
2599 741 2729 807 ipsa:
2771 749 2994 805 quoque
3033 746 3142 787 una
3177 730 3448 784 abducen-

1874 850 1983 898 tur.
2015 839 2148 906 Quae
2176 836 2520 893 abducuntur
2551 839 2733 887 autem
2769 827 3014 896 laetitiam
3045 834 3099 879 et
3123 821 3449 879 exsultatio-

1875 947 1999 988 nem
2032 937 2461 1000 consequuntur.
2509 925 2859 981 Adducentur.
2890 920 2946 978 in
2994 915 3242 986 templum
3288 913 3444 982 regis.

1875 1023 2118 1080 leeste.
2147 1020 2423 1076 videlicet.

167 941 334 996 αὐταὶ
407 938 952 1009 συναπαχθήσονται.
987 932 1278 1005 Συμϐαίνει
1323 932 1380 986 δὲ
1421 932 1519 995 τὰς
1565 933 1775 998 ἀπαγοο

172 1034 345 1103 μένας
408 1029 762 1101 εὐφροσύνην
820 1029 917 1082 καὶ
960 1026 1292 1095 ἀγαλλίασιν.
1319 1025 1536 1078 αἰώνιον
1571 1025 1772 1096 εὑρεῖν.

180 1123 610 1194 Ἀχθήσονται
637 1123 724 1186 εἰς
754 1118 906 1174 ναὸν
942 1117 1271 1190 βασιλέως,
1323 1116 1427 1170 Τὸν
1455 1114 1784 1186 ἐπουράνιόν.

167 1233 343 1289 φησιν
353 1258 370 1270 .

249 1305 438 1361 Ἀντί
466 1304 589 1358 τῶν
611 1303 880 1372 πατέρων
899 1317 1015 1358 σου
1039 1301 1456 1373 ἐγεννήθησαν
1481 1300 1600 1354 ι’ίοί
1637 1313 1786 1354 σου.»

179 1398 425 1468 Ἐπιδὴ
458 1393 618 1450 εἶπεν
644 1398 804 1468 αὐτῇ,
847 1395 1133 1450 Ἐπιλάθου
1166 1394 1261 1449 τοῦ
1290 1394 1494 1466 πατρός
1525 1410 1640 1457 σου,
1670 1409 1775 1463 φη-

169 1491 280 1556 σὶν,
338 1487 495 1543 ἀντὶ
528 1486 652 1542 τῶν
687 1485 1155 1555 πάλαινπατέρων
1182 1499 1323 1553 σου,
1353 1484 1628 1538 τουτέστιν
1656 1485 1778 1538 ἀντὶ

166 1581 280 1635 τῶν
336 1579 720 1643 διδασκάλων,
767 1578 977 1633 ἔσονταί
1027 1594 1106 1632 σοι
1161 1576 1284 1631 olei.
1341 1576 1506 1640 Υῑοὺς
1553 1575 1609 1629 δὲ
1646 1578 1772 1640 τοὺς

172 1672 378 1738 ἁγίους
419 1637 760 1733 ἀποστόλους
791 1669 946 1739 φησι,
978 1668 1118 1722 κατὰ
1147 1667 1210 1722 τὸ
1245 1637 1532 1739 εἰρημένον
1556 1667 1660 1721 ὑπὸ
1682 1637 1774 1720 τοῦ

1911 1655 2030 1702 uxta
2079 1645 2212 1700 illud
2245 1659 2275 1698 a
2314 1643 2545 1698 Domino
2599 1642 2804 1696 dictum
2839 1659 2854 1695 :
2892 1638 3036 1692 Filii,
3060 1637 3219 1692 vestri
3248 1637 3302 1690 in
3351 1651 3453 1706 quo

173 1763 400 1834 Κυρίου
427 1780 440 1790 ’
476 1765 546 1817 Ol
574 1762 691 1817 υἱοὶ
1047 1761 1162 1816 τίνι
1184 1727 1549 1826 ἐκϐαλοῦσκ
1584 1761 1654 1813 Ἢ
1687 1761 1774 1814 καὶ

1911 1739 2092 1806 iiciunt
2117 1737 2198 1790 ’7?
2234 1738 2344 1790 Aut
2386 1735 2549 1790 etiam
2590 1734 2808 1788 eosdem
2845 1730 3211 1786 Ecclesiarum
3264 1727 3451 1790 duces,

173 1856 418 1918 τούτους
451 1853 568 1906 τῶν
614 1852 949 1925 Ἐκκλησιῶν
987 1852 1322 1924 ἡγουμένους
1349 1894 1364 1919 ,
1418 1851 1468 1905 οἳ
1523 1851 1774 1920 γεγόνασι

1911 1833 1971 1901 ,ιιί
2011 1831 2139 1888 facti
2170 1840 2297 1886 sunt
2329 1829 2586 1886 Ecclesia:
2619 1829 2714 1883 lilii
2740 1867 2754 1892 ,
2789 1835 2843 1880 et
2879 1823 3163 1881 constituti
3201 1838 3231 1876 a
3266 1820 3453 1874 Domi-

1881 1938 1954 1978 no
1988 1922 2119 1978 Jesu
2153 1931 2281 1978 sunt
2304 1920 2577 1992 principes
2611 1935 2773 1989 super
2809 1932 3024 1971 omnem
3049 1924 3270 1977 terram,
3297 1913 3450 1983 juxta

1880 2015 1935 2070 id
1988 2014 2134 2085 quod
2192 2012 2398 2068 dictum
2453 2018 2578 2065 est:
2623 2007 2821 2061 Euntes
2868 2005 3047 2058 docete
3093 2017 3267 2057 omnes
3327 2015 3452 2070 gen-

1882 2114 1955 2159 tes
1982 2105 2046 2158 ’9.
2083 2102 2382 2158 Constitues
2409 2117 2493 2155 eos
2523 2099 2785 2170 principes
2815 2112 2973 2164 super
2996 2109 3199 2149 omnem
3234 2099 3450 2152 terram,

1881 2209 2130 2250 memores
2174 2202 2327 2248 erunt
2369 2191 2596 2245 nominis
2634 2190 2711 2244 tui
2756 2190 2810 2242 in
2859 2186 3000 2241 omni
3043 2183 3375 2257 generatione
3401 2187 3452 2235 et

1948 1289 2038 1344 Π.
2081 1287 2188 1341 Pro
2216 1285 2456 1357 patribus
2482 1284 2589 1337 tuis
2621 1282 2731 1334 nali
2763 1287 2886 1335 sunt
2913 1278 3008 1332 tibi
3031 1278 3152 1347 ﬁlii.
3179 1274 3447 1343 Quoniam

1875 1382 2088 1437 dixerat
2115 1379 2215 1445 illi,
2247 1377 2578 1432 Obliviscere
2617 1375 2788 1444 patris
2828 1371 2930 1436 tui,
2962 1370 3124 1425 modo
3172 1369 3325 1432 dicit,
3353 1384 3449 1439 pro

1873 1471 2115 1548 patribus
2143 1470 2418 1542 quondam
2455 1468 2582 1532 tuis,
2619 1466 2672 1521 id
2718 1475 2822 1533 est,
2863 1479 2964 1535 pro
2985 1461 3261 1533 magistris
3293 1469 3454 1515 erunt

1877 1565 1976 1620 tibi
2037 1563 2156 1618 lilii.
2232 1561 2404 1616 Filios
2458 1573 2626 1630 porro
2683 1566 2904 1612 sanctos
2957 1553 3232 1624 apostolos
3285 1551 3451 1617 dicit,

176 1952 279 2021 μὲν
305 1950 419 2019 τῆς
470 1946 803 2018 Ἑκκλησξας
835 1945 963 2011 υἱοὶ,
994 1943 1406 2014 κατεστάθησαν
1430 1942 1486 1996 δέ
1521 1942 1778 2014 ἄρχοντες

174 2043 270 2096 ἐπὶ
305 2042 508 2095 πᾶσαν
543 2039 641 2109 τὴν
689 2038 793 2109 γῆν
822 2036 970 2108 παρὰ
1002 2036 1096 2090 τοῦ
1139 2036 1345 2108 Κυρίου
1390 2032 1592 2106 Ἰησοῦ,
1638 2031 1779 2086 κατὰ

175 2133 236 2187 τὸ
266 2131 628 2205 εἰρημένονορ
652 2127 1070 2198 Πορευθέντες,
1108 2126 1527 2196 μαθητεύσατε
1577 2123 1778 2177 πάντα

179 2227 252 2279 τὰ
279 2225 466 2292 ἔθνη.
508 2219 926 2287 Καταστήσεις
951 2219 1173 2285 αὐτοὺς
1219 2219 1514 2290 ἄρχοντας
1543 2217 1640 2271 ἐπὶ
1671 2216 1782 2272 πᾶ-

182 2333 306 2370 σαν
361 2315 488 2383 τὴν
516 2313 667 2384 γῆν·
702 2311 1160 2384 μνησθήσρνται
1199 2312 1304 2366 τοῦ
1333 2311 1623 2380 ὀνόματός
1664 2326 1796 2364 σου-

182 2411 250 2463 Er
273 2409 461 2478 πάσῃ
501 2405 675 2478 γενεᾷ
715 2406 810 2460 καὶ
850 2402 1041 2475 γενεᾷ.
1073 2403 1173 2458 Διά
1193 2402 1300 2458 τῶν
1324 2403 1482 2457 θείων
1508 2419 1784 2474 συγγραμ·

187 2504 381 2573 μάτων
416 2501 705 2573 δηλονότι*
759 2501 817 2552 ἐν
862 2501 984 2563 ταῖς
1035 2499 1210 2570 ἱεραῖς
1254 2497 1544 2562 συλλαϐαῖς
1576 2514 1784 2568 μνημοο

186 2591 407 2645 νεύεται
445 2591 511 2645 τὸ
540 2589 638 2644 τοῦ
672 2588 808 2642 Θεοῦ
833 2589 1021 2660 ὄνομα.

254 2683 366 2738 Διά
402 2682 594 2737 τοῦτο
623 2681 760 2736 λαοὶ
811 2677 1364 2750 ἐξομολογήσονταί
1409 2694 1509 2733 σοι
1545 2680 1632 2745 εις
1677 2679 1800 2732 τὸν·

185 2774 400 2830 αὶῶνα.
435 2773 542 2827 Διὰ
575 2773 639 2826 τὸ
669 2774 933 2844 κήρυγμα
954 2788 969 2803 °
1000 2771 1074 2836 ὡς
1108 2771 1245 2844 πρὸς
1284 2771 1374 2824 τὸν
1410 2771 1643 2843 Χριστὸν
1672 2771 1728 2824 δὲ
1758 2774 1787 2826 ό

186 2865 369 2934 λόγος.
405 2867 512 2919 Διὰ
563 2866 625 2918 τὸ
673 2863 1032 2936 μνημονεύειν
1076 2864 1271 2926 αὐτοὺς
1301 2861 1388 2916 διὰ
1416 2862 1525 2916 τῶν
1555 2863 1786 2936 Γραφῶν

188 2956 298 3009 τῶν
329 2957 665 3028 θαυμασίων
702 2953 797 3008 τοῦ
841 2953 976 3007 Θεοῦ
1017 2947 1091 3008 ὧν
1133 2954 1388 3026 ἐποίησεν
1428 2953 1537 3008 ἀπὸ
1584 2954 1787 3024 γενεῶν

189 3049 474 3121 ἀρχαίων,
508 3048 609 3104 καὶ
636 3048 907 3103 διδάσκειν
935 3045 1032 3111 τὰς
1075 3046 1376 3118 ἐρχομένας
1401 3047 1610 3115 γενεάς.

95 3244 104 3257 .
193 3211 302 3276 εἰς
316 3208 506 3277 τέλος
531 3210 687 3278 ὑπὲρ
707 3207 994 3262 τῶνηυιῶν
1020 3205 1174 3276 Κορὲ
1192 3205 1345 3276 ὑπὲρ
1360 3205 1478 3260 τῶν
1497 3206 1784 3278 κρυφίων.
1816 3172 1864 3232 c

771 3303 1080 3355 ΨΑΛΜΟΣ
1107 3300 1240 3353 ME'.

836 3391 1173 3456 Ὓπόθεσις.

201 3485 316 3559 τὴν
358 3487 490 3539 τῶν.
512 3484 687 3539 ἐθνῶν
716 3485 907 3555 κλῆσιν
934 3485 963 3537 ό
1004 3481 1195 3554 παρὼν
1223 3499 1433 3553 καταση
1443 3481 1620 3552 μαίνει
1648 3480 1787 3551 ψαλ-

278 3580 404 3649 μδς,
425 3579 522 3632 καί
544 3577 652 3631 τῶν
677 3575 884 3648 νοητῶν
912 3575 1122 3646 ἐχθρῶν
1147 3573 1394 3644 ἐκϐολὴν,
1410 3573 1507 3627 καὶ
1535 3571 1633 3644 τὴν
1663 3572 1790 3627 κάθ-

276 3672 451 3743 ειρξιν
530 3669 711 3724 αὐτῶν
757 3671 854 3741 τὴν
909 3669 966 3724 ἐν
1025 3670 1093 3739 τῇ
1158 3665 1398 3737 ἀϐύσσῳ.
1462 3665 1678 3738 Ἐπειδὴ
1733 3666 1790 3721 δὲ

280 3765 458 3818 ταῦτα
499 3762 690 3833 ῶσπερ
738 3761 827 3815 διὰ
871 3758 1201 3833 παραϐολῶν,
1255 3757 1512 3830 εἴρηται,
1568 3761 1791 3822 εἰκότως

274 3853 436 3923 ὑπὲρ
493 3853 767 3921 κρυφίων
807 3852 1207 3924 ἐπιγέγραπται
1236 3849 1271 3903 ὀ,
1310 3849 1542 3920 ψαλμός.
1572 3849 1790 3921 ⁸’ᾼδουσι

275 3947 332 3998 δὲ
374 3945 547 3999 αὑτὸν
572 3945 622 3997 οἱ
649 3941 1035 4005 πιστεύσαντες
1067 3943 1148 4004 είς
1177 3940 1430 4011 Χριστὸν,
1469 3943 1563 3999 καὶ
1589 3943 1695 4014 πρό
1726 3959 1792 4012 γε

279 4038 511 4090 πάντων
537 4036 587 4087 οἱ
615 4033 904 4087 ἀπόστολοι
930 4031 1115 4085 αὐτοῦ.

287 4129 344 4180 Ὁ
396 4126 551 4191 Θεὸς
583 4122 752 4194 ἡμῶν
805 4123 1118 4193 καταφυγὴ
1159 4124 1259 4177 καὶ
1302 4123 1574 4193 δύναμις.
1610 4123 1794 4181 Ταῦτά

208 4239 342 4293 mat
361 4219 456 4273 διὰ
481 4218 617 4279 τοὺς
633 4215 1038 4280 ἐπαναστάντας
1060 4216 1241 4279 αὐτοῖς
1273 4215 1424 4287 παρὰ
1451 4214 1561 4269 τῶν
1589 4216 1794 4287 νοητῶν

203 4331 263 4368 τε
299 4312 403 4366 καὶ
444 4307 728 4378 αἰσθητῶν
761 4305 973 4378 ἐχθρῶν
1011 4307 1302 4378 διωγμούς.
1342 4307 1447 4361 Διὰ
1496 4307 1673 4363 τοῦτο
1721 4309 1800 4362 οὺς

205 4399 680 4476 φοϐηθησόμεθα
709 4397 780 4450 ὲν
809 4394 890 4462 τῷ
921 4395 1327 4465 ταράσσεσθαι
1370 4396 1485 4464 τὴν
1506 4395 1642 4466 γῆν.
1696 4396 1798 4451 Διὰ

203 4498 265 4550 τὸ
294 4496 448 4566 ἔχειν
482 4508 568 4555 σε,
601 4490 784 4561 φησιν,
809 4489 1021 4561 βοηθὸν,
1046 4489 1225 4559 πάσης
1239 4489 1483 4560 ταραχῆς
1507 4489 1798 4542 ὲπανιστα-
1823 4509 1873 4570 D

208 4589 384 4660 μένης
437 4586 578 4656 ἡμῖν
636 4581 1152 4652 καταφρονήσομεν..
1203 4580 1559 4651 Ἐταράττετο
1603 4579 1714 4651 γὰρ
1755 4583 1788 4652 ὴ

204 4683 360 4734 πᾶσα
393 4677 494 4746 γῆ,
530 4672 835 4744 ἀρχομένου
857 4673 949 4725 τοῦ
972 4672 1347 4744 κηρύγματος,
1377 4671 1485 4727 τῶν
1527 4673 1794 4744 μενόντων

206 4774 264 4825 ἐν
293 4768 532 4835 ἀπιστίᾳ.
549 4765 995 4836 ἐπανισταμένων
1011 4769 1123 4830 τοῖς
1141 4765 1456 4821 πιστεύουσι
1481 4764 1560 4838 τῷ
1587 4765 1795 4838 κηρύγ-

209 4882 366 4937 ματι.
386 4859 498 4916 Καὶ
515 4858 931 4929 μετατίθεσθαι
951 4856 1060 4928 ὄρη
1077 4859 1147 4912 ἐν
1161 4857 1431 4929 καρδίαις
1446 4858 1791 4916 θαλασσῶν.

209 4953 461 5024 Καρδίας
483 4949 772 5006 θαλασσῶν
798 4947 897 5013 τὰς
931 4948 1200 5014 ἀϐύσσους
1229 4950 1393 5021 φησιν
1418 4966 1442 4984 ο·
1467 4949 1567 5022 δρη
1607 4949 1669 5004 δὲ,
1695 4949 1795 5014 τὰς

207 5042 600 5112 ἅντιηιμένας
653 5039 930 5109 δυνάμεις.
979 5039 1068 5102 Ὠς
1115 5037 1399 5110 μέλλοντες
1447 5034 1540 5092 οὖν
1581 5040 1663 5102 είς
1698 5037 1796 5110 τὴν

209 5135 453 5191 ἄϐυσσον
487 5129 843 5186 ἐκϐάλλεσθαι
867 5131 916 5182 οἱ
948 5129 1220 5200 δαίμονες,
1242 5129 1518 5202 διήγειρον
1555 5129 1646 5182 τὸν
1675 5132 1794 5182 κατ’

209 5227 396 5282 αὐτῶν
432 5225 689 5296 πόλεμον.
729 5220 866 5276 Ἀλλ’
903 5221 965 5274 οὑ
996 5220 1415 5292 φοϐηθησόμεθα
1466 5223 1593 5285 τοὺς
1619 5223 1795 5276 τοιού-

207 5338 360 5385 τους.
387 5318 573 5388 φασιν.

288 5476 545 5548 [Βοηθὸς
569 5475 643 5528 ἐν
667 5474 935 5542 θλίψεσι.
969 5469 1067 5524 Διὰ
1099 5471 1161 5523 τὸ
1183 5470 1326 5541 ἔχειν
1366 5488 1445 5535 σε,
1483 5472 1638 5541 φησι,
1673 5471 1798 5546 βοη-

215 5569 332 5632 θὸν,
359 5569 542 5638 πάσης
565 5565 812 5636 ταραχῆς
831 5562 1270 5654 ἐπανισταμένης
1297 5564 1427 5632 ἡμῖν
1458 5567 1799 5635 καταφρονή-

217 5677 404 5729 ωμεν.

281 5777 323 5808 ’τ
371 5776 508 5832 Luc.
548 5790 642 5840 ιι,
677 5771 765 5826 19.
881 5771 925 5802 ³⁸
974 5769 1160 5825 Matth.
1193 5783 1389 5832 nvm,
1431 5766 1516 5821 19.

1880 2289 2231 2361 generatione.
2264 2284 2368 2341 Per
2405 2283 2622 2360 divinas
2665 2279 2916 2334 videlicet
2967 2277 3280 2346 Scripturas
3313 2291 3326 2330 :
3393 2275 3458 2330 in.

1883 2381 2054 2437 sacris
2085 2393 2321 2448 namque
2364 2375 2590 2447 syllabis
2620 2378 2954 2428 memoratur
2983 2383 3182 2423 nomen
3209 2363 3447 2421 Domini.

1957 2656 2041 2712 18.
2083 2654 2386 2724 Propterea.
2409 2649 2591 2720 populi
2639 2644 3028 2715 conﬁtebuntur
3076 2640 3172 2694 tibi
3223 2639 3279 2692 in
3306 2647 3453 2692 a'ter-

1883 2771 2026 2810 num.
2076 2751 2180 2806 Per
2223 2747 2666 2820 praedicationem
2717 2742 2926 2798 scilicet
2970 2759 2982 2795 :
3032 2753 3217 2794 sermo
3271 2743 3448 2790 autem

1883 2859 1968 2899 eSt
2000 2859 2097 2898 ceu
2130 2840 2196 2898 ad
2237 2838 2538 2895 Christum.
2575 2835 2667 2889 Eo.
2697 2833 2839 2903 quod
2871 2831 2974 2902 ipsi
3011 2845 3107 2900 per
3140 2826 3453 2897 Scripturas

1886 2938 2314 2991 commemorent
2355 2927 2624 2983 mirabilia
2655 2925 2748 2980 Dei
2794 2939 2914 2995 quae
2963 2922 3131 2976 edidit
3162 2936 3191 2974 a
3223 2930 3452 2990 genere-

1888 3023 2128 3081 tionibus
2182 3019 2445 3091 antiquis,
2495 3027 2551 3072 et
2595 3014 2823 3071 doceant
2889 3013 3266 3084 generationes
3317 3022 3454 3062 ven—

1892 3126 2066 3173 turas.

2177 3203 2241 3259 In
2265 3202 2442 3274 ﬁnem,
2479 3199 2608 3269 ﬁliis
2644 3197 2908 3266 Core,pro
2942 3193 3169 3248 arcanis.

2399 3286 2741 3345 PSALMUS
2778 3283 2929 3341 XLV.

2468 3381 2868 3450 Argumentum.

1890 3477 2140 3536 Gentium
2181 3472 2546 3532 vocationem,
2577 3465 2941 3537 spiritualium
2988 3461 3333 3517 inimicorum
3364 3455 3460 3510 de-

1960 3559 2290 3632 pulsionem,
2332 3567 2633 3622 eorumque
2675 3553 2730 3605 in
2782 3551 3040 3620 abyssum
3085 3543 3455 3598 detrusionem

1967 3627 2237 3714 signiﬁcat
2276 3653 2514 3710 praesens
2561 3635 2826 3707 psalmus.
2871 3627 3325 3698 Quandoquidem
3361 3637 3461 3676 au-

1963 3712 2070 3790 tem
2119 3734 2307 3790 isthaec
2342 3746 2439 3786 ceu
2492 3743 2586 3798 per
2631 3723 2916 3795 parabolas
2954 3721 3300 3779 dictasunt;
3335 3712 3461 3784 jure

1963 3846 2057 3901 pro
2091 3827 2304 3882 arcanis
2349 3822 2664 3878 inscribitur
2709 3813 3233 3890 psalmus-Canum
3276 3815 3456 3862 autem

1965 3924 2119 3977 illum
2163 3918 2258 3990 qui
2306 3917 2360 3970 in
2405 3913 2684 3969 Christum
2731 3907 3100 3969 crediderunt,
3131 3910 3192 3959 ut
3222 3900 3460 3956 maxime

1959 4011 2202 4068 omnium
2227 4005 2456 4079 apostoli
2493 4004 2633 4074 ejus.

1965 4106 2028 4162 2.,
2083 4103 2215 4156 Deus
2248 4109 2424 4154 noster
2453 4096 2716 4166 refugium
2743 4101 2792 4146 et
2824 4091 3010 4148 virtus.
3035 4086 3152 4142 Hoc
3175 4085 3249 4140 ait
3277 4082 3348 4136 ob
3378 4081 3463 4134 in-

1895 4206 2179 4270 surgentes
2212 4195 2499 4249 adversum
2543 4189 2693 4257 ipsos
2731 4181 3100 4254 spiritualium
3127 4187 3182 4232 et
3226 4174 3461 4231 sensibi-

1895 4267 2028 4344 lium
2084 4285 2431 4340 inimicorum
2476 4292 2640 4348 opera
2698 4272 3124 4346 persecutiones.
3177 4267 3461 4333 Propterea

1895 4397 1999 4435 non
2029 4379 2322 4434 timebimus
2364 4372 2492 4426 dum
2539 4366 2834 4422 turbabitrtr
2880 4374 3041 4415 terra.
3089 4357 3358 4424 Quoniam
3408 4363 3462 4408 te

1897 4473 2200 4544 adiutorem
2247 4466 2537 4527 habemus,
2591 4458 2787 4528 inquit,
2848 4464 3234 4524 quamcunque
3272 4447 3462 4502 adver-

1895 4539 2018 4618 sum
2049 4575 2151 4615 nos
2175 4558 2546 4626 insurgentem
2573 4547 3038 4620 perturbationem
3069 4539 3459 4610 despiciemus.

1896 4653 2242 4709 Turbabatur
2267 4659 2504 4715 namque
2535 4651 2644 4696 tota
2693 4647 2856 4702 terra,
2888 4651 3011 4690 cum
3040 4631 3352 4704 praedicatio
3382 4630 3463 4683 in-

1894 4745 2181 4800 choaretur
2214 4757 2228 4791 :
2261 4736 2390 4793 dum
2411 4733 2447 4787 ii
2471 4731 2565 4802 qui
2595 4731 2650 4783 in
2682 4725 2996 4782 inﬁdelitate
3019 4717 3459 4791 perseverabant,

1895 4839 2158 4894 adversus
2188 4846 2283 4887 eos
2315 4829 2410 4901 qui
2441 4824 2784 4883 crediderant
2814 4820 3175 4888 insurgerent.
3195 4812 3263 4867 Et
3288 4822 3462 4864 trans-

1896 4932 2129 5000 ferentur
2177 4934 2377 4980 montes
2421 4921 2478 4975 in
2507 4933 2595 4972 cor.
2648 4915 2835 4970 maris.
2882 4913 2990 4965 (lor
3034 4907 3200 4963 maris
3233 4904 3462 4974 abyssos

1897 4993 2096 5076 vocat:
2138 5024 2350 5074 montes
2386 5018 2570 5071 autem
2598 5005 2939 5064 adversarias
2977 5006 3293 5072 potestates.
3324 4993 3464 5048 Cum

1897 5113 2139 5168 futurum
2161 5116 2306 5165 esset
2326 5115 2386 5160 ut
2406 5105 2685 5159 daemones
2705 5099 3069 5168 dejicereutur
3096 5092 3148 5145 in
3179 5090 3464 5160 abyssum,

1895 5203 2209 5260 excitabant
2258 5199 2294 5252 ii
2351 5198 2613 5252 adversus
2666 5190 2850 5246 ﬁdeles
2899 5185 3120 5241 bellum.
3161 5180 3266 5236 Sed
3319 5180 3468 5247 ejus-

1900 5296 2048 5354 modi
2107 5293 2367 5352 inimicos
2435 5297 2781 5357 nequaquam
2846 5275 3465 5338 reformidabimus,in-

1898 5389 2034 5460 quit.

1973 5478 1994 5551 [
2023 5478 2254 5547 Adjutor
2279 5476 2333 5529 in
2358 5465 2811 5526 tribulationibus.
2855 5462 3150 5531 Quoniam,
3185 5458 3380 5529 inquit,
3414 5461 3466 5509 te

1899 5573 2201 5642 adiutorem
2236 5568 2522 5628 habemus,
2557 5573 2943 5633 quamcunque
2976 5555 3135 5610 nobis
3175 5549 3465 5609 imminen-

1901 5674 2004 5717 tem
2040 5659 2494 5732 perturbationem
2519 5653 2877 5724 despiciemus
