  <div class='ocr_page' id='page_1' title='image "/cluster/home/n/w/nwhite01/storage/ocr_20150623/27/hvd.32044014174452/125.png"; bbox 0 0 3786 6278; ppageno 0'>
   <div class='ocr_carea' id='block_1_1' title="bbox 365 279 2762 350">
    <p class='ocr_par' dir='ltr' id='par_1_1' title="bbox 365 279 2762 350">
     <span class='ocr_line' id='line_1_1' title="bbox 365 279 2762 350; baseline 0.005 -15"><span class='ocrx_word' id='word_1_1' title='bbox 365 279 470 337; x_wconf 72' lang='grc'><strong>213</strong></span> <span class='ocrx_word' id='word_1_2' title='bbox 1211 290 1265 345; x_wconf 87' lang='lat' dir='ltr'><strong>S.</strong></span> <span class='ocrx_word' id='word_1_3' title='bbox 1309 290 1677 350; x_wconf 73' lang='lat' dir='ltr'><strong>ATHANASII</strong></span> <span class='ocrx_word' id='word_1_4' title='bbox 1718 292 1866 349; x_wconf 84' lang='lat' dir='ltr'><strong>OPP.</strong></span> <span class='ocrx_word' id='word_1_5' title='bbox 1911 293 2092 348; x_wconf 74' lang='lat' dir='ltr'><strong>PARS</strong></span> <span class='ocrx_word' id='word_1_6' title='bbox 2129 292 2216 347; x_wconf 87' lang='grc'><strong>111.</strong></span> <span class='ocrx_word' id='word_1_7' title='bbox 2247 323 2316 335; x_wconf 91' lang='lat'><strong>--</strong></span> <span class='ocrx_word' id='word_1_8' title='bbox 2359 292 2762 348; x_wconf 77' lang='lat' dir='ltr'><strong>EXEGETICA.</strong></span> 
     </span>
    </p>
   </div>
   <div class='ocr_carea' id='block_1_2' title="bbox 438 401 2008 478">
    <p class='ocr_par' dir='ltr' id='par_1_2' title="bbox 438 401 2008 478">
     <span class='ocr_line' id='line_1_2' title="bbox 438 401 2008 478; baseline 0.011 -26"><span class='ocrx_word' id='word_1_9' title='bbox 438 401 544 454; x_wconf 77' lang='lat' dir='ltr'><strong>Aut</strong></span> <span class='ocrx_word' id='word_1_10' title='bbox 605 413 814 458; x_wconf 84' lang='lat' dir='ltr'><strong>montes</strong></span> <span class='ocrx_word' id='word_1_11' title='bbox 855 406 1130 460; x_wconf 63' lang='lat' dir='ltr'><strong>daemones</strong></span> <span class='ocrx_word' id='word_1_12' title='bbox 1198 408 1351 474; x_wconf 89' lang='lat' dir='ltr'><strong>dicit,</strong></span> <span class='ocrx_word' id='word_1_13' title='bbox 1401 412 1494 478; x_wconf 88' lang='lat' dir='ltr'><strong>qui</strong></span> <span class='ocrx_word' id='word_1_14' title='bbox 1542 413 1672 464; x_wconf 90' lang='lat' dir='ltr'><strong>olim</strong></span> <span class='ocrx_word' id='word_1_15' title='bbox 1732 412 2008 470; x_wconf 79' lang='lat' dir='ltr'><strong>excelsiA</strong></span> 
     </span>
    </p>
   </div>
   <div class='ocr_carea' id='block_1_3' title="bbox 3481 294 3616 354">
    <p class='ocr_par' dir='ltr' id='par_1_3' title="bbox 3481 294 3616 354">
     <span class='ocr_line' id='line_1_3' title="bbox 3481 294 3616 354; baseline -0.007 -2"><span class='ocrx_word' id='word_1_16' title='bbox 3481 294 3616 354; x_wconf 69' lang='grc'><strong>216</strong></span> 
     </span>
    </p>
   </div>
   <div class='ocr_carea' id='block_1_4' title="bbox 2109 407 3604 480">
    <p class='ocr_par' dir='ltr' id='par_1_4' title="bbox 2109 407 3604 480">
     <span class='ocr_line' id='line_1_4' title="bbox 2109 407 3604 480; baseline 0.003 -20"><span class='ocrx_word' id='word_1_17' title='bbox 2109 409 2178 460; x_wconf 85' lang='grc' dir='ltr'><em>Ἢ</em></span> <span class='ocrx_word' id='word_1_18' title='bbox 2199 408 2297 479; x_wconf 81' lang='grc' dir='ltr'>ὅρη</span> <span class='ocrx_word' id='word_1_19' title='bbox 2346 410 2468 472; x_wconf 83' lang='grc' dir='ltr'>τοὺς</span> <span class='ocrx_word' id='word_1_20' title='bbox 2511 407 2768 478; x_wconf 85' lang='grc' dir='ltr'>δαίμονάς</span> <span class='ocrx_word' id='word_1_21' title='bbox 2797 423 2956 476; x_wconf 54' lang='grc' dir='ltr'>φησι»,</span> <span class='ocrx_word' id='word_1_22' title='bbox 2999 410 3124 469; x_wconf 78' lang='grc' dir='ltr'>τοὺς</span> <span class='ocrx_word' id='word_1_23' title='bbox 3155 409 3319 460; x_wconf 85' lang='grc' dir='ltr'>πάλαι</span> <span class='ocrx_word' id='word_1_24' title='bbox 3353 409 3604 480; x_wconf 78' lang='grc' dir='ltr'>ὑψηλοὺς</span> 
     </span>
    </p>
   </div>
   <div class='ocr_carea' id='block_1_5' title="bbox 369 497 1922 573">
    <p class='ocr_par' dir='ltr' id='par_1_5' title="bbox 369 497 1922 573">
     <span class='ocr_line' id='line_1_5' title="bbox 369 497 1922 573; baseline 0.006 -29"><span class='ocrx_word' id='word_1_25' title='bbox 369 509 431 545; x_wconf 83' lang='lat' dir='ltr'><strong>ac</strong></span> <span class='ocrx_word' id='word_1_26' title='bbox 462 497 742 562; x_wconf 87' lang='lat' dir='ltr'><strong>conspicui</strong></span> <span class='ocrx_word' id='word_1_27' title='bbox 784 508 959 559; x_wconf 85' lang='lat' dir='ltr'><strong>erant,</strong></span> <span class='ocrx_word' id='word_1_28' title='bbox 995 515 1057 551; x_wconf 90' lang='lat' dir='ltr'><strong>ac</strong></span> <span class='ocrx_word' id='word_1_29' title='bbox 1087 499 1309 568; x_wconf 85' lang='lat' dir='ltr'><strong>proinde</strong></span> <span class='ocrx_word' id='word_1_30' title='bbox 1342 502 1617 557; x_wconf 76' lang='lat' dir='ltr'><strong>montibus</strong></span> <span class='ocrx_word' id='word_1_31' title='bbox 1646 503 1870 557; x_wconf 81' lang='lat' dir='ltr'><strong>similes.</strong></span> <span class='ocrx_word' id='word_1_32' title='bbox 1903 501 1922 573; x_wconf 92' lang='lat'>]</span> 
     </span>
    </p>
   </div>
   <div class='ocr_carea' id='block_1_6' title="bbox 437 584 1927 663">
    <p class='ocr_par' dir='ltr' id='par_1_6' title="bbox 437 584 1927 663">
     <span class='ocr_line' id='line_1_6' title="bbox 437 584 1927 663; baseline 0.008 -27"><span class='ocrx_word' id='word_1_33' title='bbox 437 584 488 640; x_wconf 72' lang='grc'>4.</span> <span class='ocrx_word' id='word_1_34' title='bbox 539 585 835 641; x_wconf 86' lang='lat' dir='ltr'><strong>Sonuerunt</strong></span> <span class='ocrx_word' id='word_1_35' title='bbox 872 598 922 642; x_wconf 89' lang='lat' dir='ltr'><strong>et</strong></span> <span class='ocrx_word' id='word_1_36' title='bbox 947 590 1169 644; x_wconf 70' lang='lat' dir='ltr'><strong>turbate</strong></span> <span class='ocrx_word' id='word_1_37' title='bbox 1189 601 1312 644; x_wconf 84' lang='lat' dir='ltr'><strong>sunt</strong></span> <span class='ocrx_word' id='word_1_38' title='bbox 1335 610 1486 662; x_wconf 76' lang='lat' dir='ltr'><strong>aqua:</strong></span> <span class='ocrx_word' id='word_1_39' title='bbox 1511 610 1710 649; x_wconf 89' lang='lat' dir='ltr'><strong>eorum.</strong></span> <span class='ocrx_word' id='word_1_40' title='bbox 1743 597 1927 663; x_wconf 84' lang='lat' dir='ltr'><strong>Aquas</strong></span> 
     </span>
    </p>
   </div>
   <div class='ocr_carea' id='block_1_7' title="bbox 369 676 1928 755">
    <p class='ocr_par' dir='ltr' id='par_1_7' title="bbox 369 676 1928 755">
     <span class='ocr_line' id='line_1_7' title="bbox 369 676 1928 755; baseline 0.008 -27"><span class='ocrx_word' id='word_1_41' title='bbox 369 676 456 729; x_wconf 91' lang='lat' dir='ltr'><strong>hic</strong></span> <span class='ocrx_word' id='word_1_42' title='bbox 491 676 624 731; x_wconf 89' lang='lat' dir='ltr'><strong>dicit</strong></span> <span class='ocrx_word' id='word_1_43' title='bbox 656 680 1054 735; x_wconf 70' lang='lat' dir='ltr'><strong>multitudinem</strong></span> <span class='ocrx_word' id='word_1_44' title='bbox 1103 686 1447 752; x_wconf 84' lang='lat' dir='ltr'><strong>populorum,</strong></span> <span class='ocrx_word' id='word_1_45' title='bbox 1498 702 1638 754; x_wconf 89' lang='lat' dir='ltr'><strong>quos</strong></span> <span class='ocrx_word' id='word_1_46' title='bbox 1666 687 1928 755; x_wconf 65' lang='lat' dir='ltr'><strong>praedica—</strong></span> 
     </span>
    </p>
   </div>
   <div class='ocr_carea' id='block_1_8' title="bbox 365 767 1925 840">
    <p class='ocr_par' dir='ltr' id='par_1_8' title="bbox 365 767 1925 840">
     <span class='ocr_line' id='line_1_8' title="bbox 365 767 1925 840; baseline 0.009 -21"><span class='ocrx_word' id='word_1_47' title='bbox 365 767 530 821; x_wconf 86' lang='lat' dir='ltr'><strong>tionis</strong></span> <span class='ocrx_word' id='word_1_48' title='bbox 573 770 783 824; x_wconf 90' lang='lat' dir='ltr'><strong>novitas</strong></span> <span class='ocrx_word' id='word_1_49' title='bbox 823 774 1174 840; x_wconf 82' lang='lat' dir='ltr'><strong>perturbavit.</strong></span> <span class='ocrx_word' id='word_1_50' title='bbox 1208 776 1520 829; x_wconf 78' lang='lat' dir='ltr'><strong>Conturbati</strong></span> <span class='ocrx_word' id='word_1_51' title='bbox 1561 788 1682 832; x_wconf 86' lang='lat' dir='ltr'><strong>sunt</strong></span> <span class='ocrx_word' id='word_1_52' title='bbox 1729 791 1925 833; x_wconf 90' lang='lat' dir='ltr'><strong>montes</strong></span> 
     </span>
    </p>
   </div>
   <div class='ocr_carea' id='block_1_9' title="bbox 381 860 1927 939">
    <p class='ocr_par' dir='ltr' id='par_1_9' title="bbox 381 860 1927 939">
     <span class='ocr_line' id='line_1_9' title="bbox 381 860 1927 939; baseline 0.011 -29"><span class='ocrx_word' id='word_1_53' title='bbox 381 861 438 912; x_wconf 84' lang='lat' dir='ltr'><strong>in</strong></span> <span class='ocrx_word' id='word_1_54' title='bbox 483 860 792 927; x_wconf 83' lang='lat' dir='ltr'><strong>fortitudine</strong></span> <span class='ocrx_word' id='word_1_55' title='bbox 819 863 952 930; x_wconf 86' lang='lat' dir='ltr'><strong>ejus.</strong></span> <span class='ocrx_word' id='word_1_56' title='bbox 993 863 1102 928; x_wconf 78' lang='lat' dir='ltr'><strong>Vis,</strong></span> <span class='ocrx_word' id='word_1_57' title='bbox 1139 868 1335 936; x_wconf 90' lang='lat' dir='ltr'><strong>inquit,</strong></span> <span class='ocrx_word' id='word_1_58' title='bbox 1371 870 1490 937; x_wconf 84' lang='lat' dir='ltr'><strong>ejus</strong></span> <span class='ocrx_word' id='word_1_59' title='bbox 1535 872 1628 938; x_wconf 89' lang='lat' dir='ltr'><strong>qui</strong></span> <span class='ocrx_word' id='word_1_60' title='bbox 1670 872 1927 939; x_wconf 65' lang='lat' dir='ltr'><strong>praadica-</strong></span> 
     </span>
    </p>
   </div>
   <div class='ocr_carea' id='block_1_10' title="bbox 363 948 1926 1029">
    <p class='ocr_par' dir='ltr' id='par_1_10' title="bbox 363 948 1926 1029">
     <span class='ocr_line' id='line_1_10' title="bbox 363 948 1926 1029; baseline 0.011 -30"><span class='ocrx_word' id='word_1_61' title='bbox 363 948 524 1000; x_wconf 88' lang='lat' dir='ltr'><strong>batur</strong></span> <span class='ocrx_word' id='word_1_62' title='bbox 549 949 792 1016; x_wconf 86' lang='lat' dir='ltr'><strong>impuros</strong></span> <span class='ocrx_word' id='word_1_63' title='bbox 830 953 1100 1009; x_wconf 66' lang='lat' dir='ltr'><strong>tlmtnones</strong></span> <span class='ocrx_word' id='word_1_64' title='bbox 1143 959 1456 1022; x_wconf 78' lang='lat' dir='ltr'><strong>comnwvit,</strong></span> <span class='ocrx_word' id='word_1_65' title='bbox 1487 959 1614 1012; x_wconf 91' lang='lat' dir='ltr'><strong>olim</strong></span> <span class='ocrx_word' id='word_1_66' title='bbox 1663 961 1926 1029; x_wconf 85' lang='lat' dir='ltr'><strong>superbos</strong></span> 
     </span>
    </p>
   </div>
   <div class='ocr_carea' id='block_1_11' title="bbox 365 1043 1920 1113">
    <p class='ocr_par' dir='ltr' id='par_1_11' title="bbox 365 1043 1920 1113">
     <span class='ocr_line' id='line_1_11' title="bbox 365 1043 1920 1113; baseline 0.01 -22"><span class='ocrx_word' id='word_1_67' title='bbox 365 1049 416 1091; x_wconf 79' lang='lat' dir='ltr'><strong>et</strong></span> <span class='ocrx_word' id='word_1_68' title='bbox 441 1043 786 1108; x_wconf 83' lang='lat' dir='ltr'><strong>conspicuos,</strong></span> <span class='ocrx_word' id='word_1_69' title='bbox 827 1053 988 1113; x_wconf 87' lang='lat' dir='ltr'><strong>atque</strong></span> <span class='ocrx_word' id='word_1_70' title='bbox 1029 1048 1148 1100; x_wconf 87' lang='lat' dir='ltr'><strong>ideo</strong></span> <span class='ocrx_word' id='word_1_71' title='bbox 1178 1050 1453 1103; x_wconf 85' lang='lat' dir='ltr'><strong>montibus</strong></span> <span class='ocrx_word' id='word_1_72' title='bbox 1483 1051 1690 1104; x_wconf 88' lang='lat' dir='ltr'><strong>similes</strong></span> <span class='ocrx_word' id='word_1_73' title='bbox 1723 1053 1920 1106; x_wconf 89' lang='lat' dir='ltr'><strong>dictos.</strong></span> 
     </span>
    </p>
   </div>
   <div class='ocr_carea' id='block_1_12' title="bbox 438 1240 1920 1317">
    <p class='ocr_par' dir='ltr' id='par_1_12' title="bbox 438 1240 1920 1317">
     <span class='ocr_line' id='line_1_12' title="bbox 438 1240 1920 1317; baseline 0.007 -23"><span class='ocrx_word' id='word_1_74' title='bbox 438 1241 487 1294; x_wconf 85' lang='lat'><strong>5.</strong></span> <span class='ocrx_word' id='word_1_75' title='bbox 547 1240 813 1296; x_wconf 81' lang='lat' dir='ltr'><strong>Fluminis</strong></span> <span class='ocrx_word' id='word_1_76' title='bbox 873 1246 1092 1314; x_wconf 77' lang='lat' dir='ltr'><strong>impetus</strong></span> <span class='ocrx_word' id='word_1_77' title='bbox 1147 1249 1423 1317; x_wconf 74' lang='lat' dir='ltr'><strong>lmtiﬁcant</strong></span> <span class='ocrx_word' id='word_1_78' title='bbox 1474 1251 1736 1304; x_wconf 81' lang='lat' dir='ltr'><strong>civitatem</strong></span> <span class='ocrx_word' id='word_1_79' title='bbox 1801 1251 1920 1305; x_wconf 83' lang='lat' dir='ltr'><strong>Dei.</strong></span> 
     </span>
    </p>
   </div>
   <div class='ocr_carea' id='block_1_13' title="bbox 364 1330 1923 1410">
    <p class='ocr_par' dir='ltr' id='par_1_13' title="bbox 364 1330 1923 1410">
     <span class='ocr_line' id='line_1_13' title="bbox 364 1330 1923 1410; baseline 0.008 -27"><span class='ocrx_word' id='word_1_80' title='bbox 364 1330 588 1385; x_wconf 80' lang='lat' dir='ltr'><strong>Flumen</strong></span> <span class='ocrx_word' id='word_1_81' title='bbox 621 1336 991 1405; x_wconf 77' lang='lat' dir='ltr'><strong>evangelicum</strong></span> <span class='ocrx_word' id='word_1_82' title='bbox 1025 1340 1249 1392; x_wconf 73' lang='lat' dir='ltr'><strong>verbum</strong></span> <span class='ocrx_word' id='word_1_83' title='bbox 1295 1341 1546 1409; x_wconf 83' lang='lat' dir='ltr'><strong>appellat,</strong></span> <span class='ocrx_word' id='word_1_84' title='bbox 1584 1342 1729 1410; x_wconf 85' lang='lat' dir='ltr'><strong>quod</strong></span> <span class='ocrx_word' id='word_1_85' title='bbox 1753 1342 1923 1396; x_wconf 66' lang='lat' dir='ltr'><strong>laetifi-</strong></span> 
     </span>
    </p>
   </div>
   <div class='ocr_carea' id='block_1_14' title="bbox 363 1423 1923 1496">
    <p class='ocr_par' dir='ltr' id='par_1_14' title="bbox 363 1423 1923 1496">
     <span class='ocr_line' id='line_1_14' title="bbox 363 1423 1923 1496; baseline 0.006 -20"><span class='ocrx_word' id='word_1_86' title='bbox 363 1433 450 1477; x_wconf 89' lang='lat' dir='ltr'><strong>cat</strong></span> <span class='ocrx_word' id='word_1_87' title='bbox 510 1423 831 1480; x_wconf 84' lang='lat' dir='ltr'><strong>Ecclesiam.</strong></span> <span class='ocrx_word' id='word_1_88' title='bbox 915 1427 1274 1496; x_wconf 83' lang='lat' dir='ltr'><strong>Sancti/icavit</strong></span> <span class='ocrx_word' id='word_1_89' title='bbox 1315 1432 1711 1486; x_wconf 82' lang='lat' dir='ltr'><strong>tabernaculum</strong></span> <span class='ocrx_word' id='word_1_90' title='bbox 1770 1451 1923 1486; x_wconf 84' lang='lat' dir='ltr'><strong>suum</strong></span> 
     </span>
    </p>
   </div>
   <div class='ocr_carea' id='block_1_15' title="bbox 363 1511 1922 1588">
    <p class='ocr_par' dir='ltr' id='par_1_15' title="bbox 363 1511 1922 1588">
     <span class='ocr_line' id='line_1_15' title="bbox 363 1511 1922 1588; baseline 0.006 -24"><span class='ocrx_word' id='word_1_91' title='bbox 363 1511 688 1567; x_wconf 79' lang='lat' dir='ltr'><strong>Altissimus.</strong></span> <span class='ocrx_word' id='word_1_92' title='bbox 742 1513 978 1570; x_wconf 88' lang='lat' dir='ltr'><strong>Sanctus</strong></span> <span class='ocrx_word' id='word_1_93' title='bbox 1015 1520 1160 1572; x_wconf 90' lang='lat' dir='ltr'><strong>enim</strong></span> <span class='ocrx_word' id='word_1_94' title='bbox 1197 1529 1281 1574; x_wconf 88' lang='lat' dir='ltr'><strong>cst</strong></span> <span class='ocrx_word' id='word_1_95' title='bbox 1332 1520 1422 1588; x_wconf 91' lang='lat' dir='ltr'><strong>qui</strong></span> <span class='ocrx_word' id='word_1_96' title='bbox 1476 1521 1529 1573; x_wconf 91' lang='lat' dir='ltr'><strong>in</strong></span> <span class='ocrx_word' id='word_1_97' title='bbox 1583 1520 1782 1574; x_wconf 84' lang='lat' dir='ltr'><strong>sanctis</strong></span> <span class='ocrx_word' id='word_1_98' title='bbox 1833 1535 1922 1574; x_wconf 76' lang='lat' dir='ltr'><strong>re-</strong></span> 
     </span>
    </p>
   </div>
   <div class='ocr_carea' id='block_1_16' title="bbox 362 1605 1814 1678">
    <p class='ocr_par' dir='ltr' id='par_1_16' title="bbox 362 1605 1814 1678">
     <span class='ocr_line' id='line_1_16' title="bbox 362 1605 1814 1678; baseline 0.003 -20"><span class='ocrx_word' id='word_1_99' title='bbox 362 1605 614 1673; x_wconf 83' lang='lat' dir='ltr'><strong>quiescit,</strong></span> <span class='ocrx_word' id='word_1_100' title='bbox 651 1607 900 1662; x_wconf 84' lang='lat' dir='ltr'><strong>habitans</strong></span> <span class='ocrx_word' id='word_1_101' title='bbox 935 1610 986 1662; x_wconf 92' lang='lat' dir='ltr'><strong>in</strong></span> <span class='ocrx_word' id='word_1_102' title='bbox 1017 1611 1241 1678; x_wconf 81' lang='lat' dir='ltr'><strong>sanctis,</strong></span> <span class='ocrx_word' id='word_1_103' title='bbox 1273 1611 1324 1665; x_wconf 92' lang='lat' dir='ltr'><strong>id</strong></span> <span class='ocrx_word' id='word_1_104' title='bbox 1359 1622 1440 1666; x_wconf 89' lang='lat' dir='ltr'><strong>est</strong></span> <span class='ocrx_word' id='word_1_105' title='bbox 1469 1614 1521 1665; x_wconf 94' lang='lat' dir='ltr'><strong>in</strong></span> <span class='ocrx_word' id='word_1_106' title='bbox 1553 1611 1814 1667; x_wconf 87' lang='lat' dir='ltr'><strong>Ecclesia.</strong></span> 
     </span>
    </p>
   </div>
   <div class='ocr_carea' id='block_1_17' title="bbox 433 1808 1921 1882">
    <p class='ocr_par' dir='ltr' id='par_1_17' title="bbox 433 1808 1921 1882">
     <span class='ocr_line' id='line_1_17' title="bbox 433 1808 1921 1882; baseline 0.003 -20"><span class='ocrx_word' id='word_1_107' title='bbox 433 1808 487 1862; x_wconf 91' lang='lat'><strong>6.</strong></span> <span class='ocrx_word' id='word_1_108' title='bbox 542 1809 681 1864; x_wconf 86' lang='lat' dir='ltr'><strong>Deus</strong></span> <span class='ocrx_word' id='word_1_109' title='bbox 708 1812 762 1864; x_wconf 86' lang='lat' dir='ltr'><strong>in</strong></span> <span class='ocrx_word' id='word_1_110' title='bbox 804 1812 971 1865; x_wconf 89' lang='lat' dir='ltr'><strong>medio</strong></span> <span class='ocrx_word' id='word_1_111' title='bbox 1002 1813 1136 1882; x_wconf 83' lang='lat' dir='ltr'><strong>ejus,</strong></span> <span class='ocrx_word' id='word_1_112' title='bbox 1167 1821 1218 1867; x_wconf 84' lang='lat' dir='ltr'><strong>et</strong></span> <span class='ocrx_word' id='word_1_113' title='bbox 1255 1831 1359 1867; x_wconf 90' lang='lat' dir='ltr'><strong>non</strong></span> <span class='ocrx_word' id='word_1_114' title='bbox 1394 1815 1815 1878; x_wconf 86' lang='lat' dir='ltr'><strong>commovebitur,</strong></span> <span class='ocrx_word' id='word_1_115' title='bbox 1867 1813 1921 1866; x_wconf 91' lang='lat' dir='ltr'><strong>in</strong></span> 
     </span>
    </p>
   </div>
   <div class='ocr_carea' id='block_1_18' title="bbox 372 1901 1923 1975">
    <p class='ocr_par' dir='ltr' id='par_1_18' title="bbox 372 1901 1923 1975">
     <span class='ocr_line' id='line_1_18' title="bbox 372 1901 1923 1975; baseline 0.003 -21"><span class='ocrx_word' id='word_1_116' title='bbox 372 1901 551 1956; x_wconf 88' lang='lat' dir='ltr'><strong>medio</strong></span> <span class='ocrx_word' id='word_1_117' title='bbox 578 1901 832 1959; x_wconf 61' lang='lat' dir='ltr'><strong>Ecclesiae</strong></span> <span class='ocrx_word' id='word_1_118' title='bbox 853 1905 1119 1960; x_wconf 81' lang='lat' dir='ltr'><strong>videlicet.</strong></span> <span class='ocrx_word' id='word_1_119' title='bbox 1153 1907 1433 1975; x_wconf 79' lang='lat' dir='ltr'><strong>Adjuvabit</strong></span> <span class='ocrx_word' id='word_1_120' title='bbox 1457 1925 1570 1960; x_wconf 86' lang='lat' dir='ltr'><strong>eam</strong></span> <span class='ocrx_word' id='word_1_121' title='bbox 1596 1907 1733 1960; x_wconf 92' lang='lat' dir='ltr'><strong>Deus</strong></span> <span class='ocrx_word' id='word_1_122' title='bbox 1773 1921 1923 1958; x_wconf 86' lang='lat' dir='ltr'><strong>mane</strong></span> 
     </span>
    </p>
   </div>
   <div class='ocr_carea' id='block_1_19' title="bbox 375 1993 1921 2066">
    <p class='ocr_par' dir='ltr' id='par_1_19' title="bbox 375 1993 1921 2066">
     <span class='ocr_line' id='line_1_19' title="bbox 375 1993 1921 2066; baseline 0.003 -21"><span class='ocrx_word' id='word_1_123' title='bbox 375 1993 630 2050; x_wconf 86' lang='lat' dir='ltr'><strong>diluculo.</strong></span> <span class='ocrx_word' id='word_1_124' title='bbox 680 1995 733 2050; x_wconf 90' lang='lat' dir='ltr'><strong>ld</strong></span> <span class='ocrx_word' id='word_1_125' title='bbox 787 1997 864 2051; x_wconf 90' lang='lat' dir='ltr'><strong>ait</strong></span> <span class='ocrx_word' id='word_1_126' title='bbox 914 1999 1054 2066; x_wconf 88' lang='lat' dir='ltr'><strong>quod</strong></span> <span class='ocrx_word' id='word_1_127' title='bbox 1091 1998 1322 2053; x_wconf 90' lang='lat' dir='ltr'><strong>declinet</strong></span> <span class='ocrx_word' id='word_1_128' title='bbox 1355 2000 1649 2053; x_wconf 90' lang='lat' dir='ltr'><strong>diluculum</strong></span> <span class='ocrx_word' id='word_1_129' title='bbox 1686 1998 1751 2053; x_wconf 89' lang='lat' dir='ltr'><strong>ad</strong></span> <span class='ocrx_word' id='word_1_130' title='bbox 1803 2014 1921 2050; x_wconf 87' lang='lat' dir='ltr'><strong>ma-</strong></span> 
     </span>
    </p>
   </div>
   <div class='ocr_carea' id='block_1_20' title="bbox 363 2086 1921 2159">
    <p class='ocr_par' dir='ltr' id='par_1_20' title="bbox 363 2086 1921 2159">
     <span class='ocr_line' id='line_1_20' title="bbox 363 2086 1921 2159; baseline 0.002 -22"><span class='ocrx_word' id='word_1_131' title='bbox 363 2087 622 2144; x_wconf 88' lang='lat' dir='ltr'><strong>tutinum.</strong></span> <span class='ocrx_word' id='word_1_132' title='bbox 658 2086 792 2142; x_wconf 85' lang='lat' dir='ltr'><strong>Illud</strong></span> <span class='ocrx_word' id='word_1_133' title='bbox 851 2099 1080 2143; x_wconf 88' lang='lat' dir='ltr'><strong>autem:</strong></span> <span class='ocrx_word' id='word_1_134' title='bbox 1130 2090 1399 2159; x_wconf 86' lang='lat' dir='ltr'><strong>adjuvabit</strong></span> <span class='ocrx_word' id='word_1_135' title='bbox 1447 2107 1582 2154; x_wconf 88' lang='lat' dir='ltr'><strong>eam,</strong></span> <span class='ocrx_word' id='word_1_136' title='bbox 1634 2104 1921 2159; x_wconf 75' lang='lat' dir='ltr'><strong>perSOnam</strong></span> 
     </span>
    </p>
   </div>
   <div class='ocr_carea' id='block_1_21' title="bbox 364 2174 1920 2251">
    <p class='ocr_par' dir='ltr' id='par_1_21' title="bbox 364 2174 1920 2251">
     <span class='ocr_line' id='line_1_21' title="bbox 364 2174 1920 2251; baseline 0.003 -25"><span class='ocrx_word' id='word_1_137' title='bbox 364 2174 622 2231; x_wconf 69' lang='lat' dir='ltr'><strong>Ecclesiae</strong></span> <span class='ocrx_word' id='word_1_138' title='bbox 654 2179 894 2247; x_wconf 83' lang='lat' dir='ltr'><strong>respicit,</strong></span> <span class='ocrx_word' id='word_1_139' title='bbox 931 2195 1095 2250; x_wconf 90' lang='lat' dir='ltr'><strong>quam</strong></span> <span class='ocrx_word' id='word_1_140' title='bbox 1128 2180 1216 2235; x_wconf 90' lang='lat' dir='ltr'><strong>hic</strong></span> <span class='ocrx_word' id='word_1_141' title='bbox 1249 2189 1634 2251; x_wconf 65' lang='lat' dir='ltr'><strong>repraesentant</strong></span> <span class='ocrx_word' id='word_1_142' title='bbox 1669 2180 1920 2248; x_wconf 86' lang='lat' dir='ltr'><strong>apostoli,</strong></span> 
     </span>
    </p>
   </div>
   <div class='ocr_carea' id='block_1_22' title="bbox 362 2269 1923 2344">
    <p class='ocr_par' dir='ltr' id='par_1_22' title="bbox 362 2269 1923 2344">
     <span class='ocr_line' id='line_1_22' title="bbox 362 2269 1923 2344; baseline 0.003 -23"><span class='ocrx_word' id='word_1_143' title='bbox 362 2279 418 2321; x_wconf 84' lang='lat' dir='ltr'><strong>et</strong></span> <span class='ocrx_word' id='word_1_144' title='bbox 439 2269 529 2337; x_wconf 93' lang='lat' dir='ltr'><strong>qui</strong></span> <span class='ocrx_word' id='word_1_145' title='bbox 559 2285 654 2337; x_wconf 88' lang='lat' dir='ltr'><strong>per</strong></span> <span class='ocrx_word' id='word_1_146' title='bbox 703 2272 1104 2326; x_wconf 86' lang='lat' dir='ltr'><strong>successionem</strong></span> <span class='ocrx_word' id='word_1_147' title='bbox 1153 2273 1274 2342; x_wconf 76' lang='lat' dir='ltr'><strong>ejus</strong></span> <span class='ocrx_word' id='word_1_148' title='bbox 1317 2283 1444 2328; x_wconf 90' lang='lat' dir='ltr'><strong>sunt</strong></span> <span class='ocrx_word' id='word_1_149' title='bbox 1496 2273 1754 2344; x_wconf 70' lang='lat' dir='ltr'><strong>praefecti,</strong></span> <span class='ocrx_word' id='word_1_150' title='bbox 1785 2287 1923 2342; x_wconf 91' lang='lat' dir='ltr'><strong>quos</strong></span> 
     </span>
    </p>
   </div>
   <div class='ocr_carea' id='block_1_23' title="bbox 363 2359 1921 2435">
    <p class='ocr_par' dir='ltr' id='par_1_23' title="bbox 363 2359 1921 2435">
     <span class='ocr_line' id='line_1_23' title="bbox 363 2359 1921 2435; baseline 0.004 -23"><span class='ocrx_word' id='word_1_151' title='bbox 363 2359 606 2429; x_wconf 84' lang='lat' dir='ltr'><strong>impense</strong></span> <span class='ocrx_word' id='word_1_152' title='bbox 648 2364 888 2430; x_wconf 82' lang='lat' dir='ltr'><strong>roborat,</strong></span> <span class='ocrx_word' id='word_1_153' title='bbox 928 2375 986 2418; x_wconf 90' lang='lat' dir='ltr'><strong>ut</strong></span> <span class='ocrx_word' id='word_1_154' title='bbox 1027 2367 1236 2434; x_wconf 82' lang='lat' dir='ltr'><strong>possint</strong></span> <span class='ocrx_word' id='word_1_155' title='bbox 1283 2365 1654 2435; x_wconf 65' lang='lat' dir='ltr'><strong>prwdicationi</strong></span> <span class='ocrx_word' id='word_1_156' title='bbox 1701 2381 1921 2435; x_wconf 86' lang='lat' dir='ltr'><strong>operam</strong></span> 
     </span>
    </p>
   </div>
   <div class='ocr_carea' id='block_1_24' title="bbox 363 2466 577 2507">
    <p class='ocr_par' dir='ltr' id='par_1_24' title="bbox 363 2466 577 2507">
     <span class='ocr_line' id='line_1_24' title="bbox 363 2466 577 2507; baseline 0.019 -4"><span class='ocrx_word' id='word_1_157' title='bbox 363 2466 577 2507; x_wconf 81' lang='lat' dir='ltr'><strong>navare.</strong></span> 
     </span>
    </p>
   </div>
   <div class='ocr_carea' id='block_1_25' title="bbox 437 2564 1924 2641">
    <p class='ocr_par' dir='ltr' id='par_1_25' title="bbox 437 2564 1924 2641">
     <span class='ocr_line' id='line_1_25' title="bbox 437 2564 1924 2641; baseline 0.004 -25"><span class='ocrx_word' id='word_1_158' title='bbox 437 2564 487 2616; x_wconf 84' lang='lat'><strong>&#39;1.</strong></span> <span class='ocrx_word' id='word_1_159' title='bbox 536 2564 878 2622; x_wconf 71' lang='lat' dir='ltr'><strong>Conturbataz</strong></span> <span class='ocrx_word' id='word_1_160' title='bbox 905 2581 1028 2623; x_wconf 85' lang='lat' dir='ltr'><strong>sunt</strong></span> <span class='ocrx_word' id='word_1_161' title='bbox 1078 2581 1249 2641; x_wconf 87' lang='lat' dir='ltr'><strong>gentes</strong></span> <span class='ocrx_word' id='word_1_162' title='bbox 1279 2582 1324 2624; x_wconf 89' lang='lat' dir='ltr'><strong>et</strong></span> <span class='ocrx_word' id='word_1_163' title='bbox 1372 2570 1629 2624; x_wconf 86' lang='lat' dir='ltr'><strong>inclinata</strong></span> <span class='ocrx_word' id='word_1_164' title='bbox 1672 2579 1793 2623; x_wconf 88' lang='lat' dir='ltr'><strong>sunt</strong></span> <span class='ocrx_word' id='word_1_165' title='bbox 1844 2585 1924 2622; x_wconf 86' lang='lat' dir='ltr'><strong>re-</strong></span> 
     </span>
    </p>
   </div>
   <div class='ocr_carea' id='block_1_26' title="bbox 363 2655 1924 2734">
    <p class='ocr_par' dir='ltr' id='par_1_26' title="bbox 363 2655 1924 2734">
     <span class='ocr_line' id='line_1_26' title="bbox 363 2655 1924 2734; baseline 0.006 -26"><span class='ocrx_word' id='word_1_166' title='bbox 363 2671 488 2725; x_wconf 63' lang='lat' dir='ltr'><strong>gna.</strong></span> <span class='ocrx_word' id='word_1_167' title='bbox 545 2655 926 2728; x_wconf 76' lang='lat' dir='ltr'><strong>Pugnaverunt</strong></span> <span class='ocrx_word' id='word_1_168' title='bbox 979 2663 1220 2732; x_wconf 88' lang='lat' dir='ltr'><strong>quidem,</strong></span> <span class='ocrx_word' id='word_1_169' title='bbox 1278 2665 1372 2728; x_wconf 86' lang='lat' dir='ltr'><strong>ait,</strong></span> <span class='ocrx_word' id='word_1_170' title='bbox 1434 2673 1620 2734; x_wconf 72' lang='lat' dir='ltr'><strong>gentes</strong></span> <span class='ocrx_word' id='word_1_171' title='bbox 1663 2663 1924 2717; x_wconf 86' lang='lat' dir='ltr'><strong>adversus</strong></span> 
     </span>
    </p>
   </div>
   <div class='ocr_carea' id='block_1_27' title="bbox 364 2747 1920 2825">
    <p class='ocr_par' dir='ltr' id='par_1_27' title="bbox 364 2747 1920 2825">
     <span class='ocr_line' id='line_1_27' title="bbox 364 2747 1920 2825; baseline 0.004 -26"><span class='ocrx_word' id='word_1_172' title='bbox 364 2747 690 2814; x_wconf 87' lang='lat' dir='ltr'><strong>Ecclesiam;</strong></span> <span class='ocrx_word' id='word_1_173' title='bbox 729 2752 822 2806; x_wconf 91' lang='lat' dir='ltr'><strong>sed</strong></span> <span class='ocrx_word' id='word_1_174' title='bbox 849 2761 1026 2807; x_wconf 88' lang='lat' dir='ltr'><strong>tamen</strong></span> <span class='ocrx_word' id='word_1_175' title='bbox 1071 2769 1257 2808; x_wconf 87' lang='lat' dir='ltr'><strong>earum</strong></span> <span class='ocrx_word' id='word_1_176' title='bbox 1309 2770 1462 2825; x_wconf 82' lang='lat' dir='ltr'><strong>reges</strong></span> <span class='ocrx_word' id='word_1_177' title='bbox 1507 2753 1746 2810; x_wconf 86' lang='lat' dir='ltr'><strong>inclinati</strong></span> <span class='ocrx_word' id='word_1_178' title='bbox 1773 2761 1920 2816; x_wconf 89' lang='lat' dir='ltr'><strong>sunt,</strong></span> 
     </span>
    </p>
   </div>
   <div class='ocr_carea' id='block_1_28' title="bbox 370 2839 1922 2916">
    <p class='ocr_par' dir='ltr' id='par_1_28' title="bbox 370 2839 1922 2916">
     <span class='ocr_line' id='line_1_28' title="bbox 370 2839 1922 2916; baseline 0.006 -26"><span class='ocrx_word' id='word_1_179' title='bbox 370 2839 420 2891; x_wconf 90' lang='lat' dir='ltr'><strong>id</strong></span> <span class='ocrx_word' id='word_1_180' title='bbox 455 2851 539 2894; x_wconf 88' lang='lat' dir='ltr'><strong>est</strong></span> <span class='ocrx_word' id='word_1_181' title='bbox 561 2843 820 2910; x_wconf 84' lang='lat' dir='ltr'><strong>superati,</strong></span> <span class='ocrx_word' id='word_1_182' title='bbox 851 2854 904 2898; x_wconf 88' lang='lat' dir='ltr'><strong>et</strong></span> <span class='ocrx_word' id='word_1_183' title='bbox 937 2854 1080 2915; x_wconf 79' lang='lat' dir='ltr'><strong>terga</strong></span> <span class='ocrx_word' id='word_1_184' title='bbox 1108 2846 1404 2912; x_wconf 85' lang='lat' dir='ltr'><strong>dederunt;</strong></span> <span class='ocrx_word' id='word_1_185' title='bbox 1437 2861 1621 2902; x_wconf 87' lang='lat' dir='ltr'><strong>verum</strong></span> <span class='ocrx_word' id='word_1_186' title='bbox 1648 2855 1922 2916; x_wconf 85' lang='lat' dir='ltr'><strong>postremo</strong></span> 
     </span>
    </p>
   </div>
   <div class='ocr_carea' id='block_1_29' title="bbox 363 2930 1922 2997">
    <p class='ocr_par' dir='ltr' id='par_1_29' title="bbox 363 2930 1922 2997">
     <span class='ocr_line' id='line_1_29' title="bbox 363 2930 1922 2997; baseline 0.007 -15"><span class='ocrx_word' id='word_1_187' title='bbox 363 2939 420 2982; x_wconf 87' lang='lat' dir='ltr'><strong>et</strong></span> <span class='ocrx_word' id='word_1_188' title='bbox 459 2930 560 2997; x_wconf 90' lang='lat' dir='ltr'><strong>ipsi</strong></span> <span class='ocrx_word' id='word_1_189' title='bbox 589 2930 806 2988; x_wconf 90' lang='lat' dir='ltr'><strong>Christo</strong></span> <span class='ocrx_word' id='word_1_190' title='bbox 831 2937 1095 2991; x_wconf 86' lang='lat' dir='ltr'><strong>cervicem</strong></span> <span class='ocrx_word' id='word_1_191' title='bbox 1125 2939 1450 2994; x_wconf 87' lang='lat' dir='ltr'><strong>submisere.</strong></span> <span class='ocrx_word' id='word_1_192' title='bbox 1489 2939 1627 2993; x_wconf 91' lang='lat' dir='ltr'><strong>Dicit</strong></span> <span class='ocrx_word' id='word_1_193' title='bbox 1651 2941 1794 2993; x_wconf 89' lang='lat' dir='ltr'><strong>enim</strong></span> <span class='ocrx_word' id='word_1_194' title='bbox 1819 2937 1922 2993; x_wconf 83' lang='lat' dir='ltr'><strong>Ec-</strong></span> 
     </span>
    </p>
   </div>
   <div class='ocr_carea' id='block_1_30' title="bbox 363 3021 1922 3100">
    <p class='ocr_par' dir='ltr' id='par_1_30' title="bbox 363 3021 1922 3100">
     <span class='ocr_line' id='line_1_30' title="bbox 363 3021 1922 3100; baseline 0.006 -26"><span class='ocrx_word' id='word_1_195' title='bbox 363 3021 585 3076; x_wconf 89' lang='lat' dir='ltr'><strong>clesiam</strong></span> <span class='ocrx_word' id='word_1_196' title='bbox 635 3026 882 3080; x_wconf 84' lang='lat' dir='ltr'><strong>celeriter</strong></span> <span class='ocrx_word' id='word_1_197' title='bbox 936 3039 1306 3084; x_wconf 88' lang='lat' dir='ltr'><strong>constructum</strong></span> <span class='ocrx_word' id='word_1_198' title='bbox 1362 3031 1426 3084; x_wconf 90' lang='lat' dir='ltr'><strong>iri</strong></span> <span class='ocrx_word' id='word_1_199' title='bbox 1485 3031 1551 3084; x_wconf 90' lang='lat' dir='ltr'><strong>ab</strong></span> <span class='ocrx_word' id='word_1_200' title='bbox 1588 3031 1653 3084; x_wconf 91' lang='lat' dir='ltr'><strong>iis</strong></span> <span class='ocrx_word' id='word_1_201' title='bbox 1678 3031 1771 3100; x_wconf 83' lang='lat' dir='ltr'><strong>qui</strong></span> <span class='ocrx_word' id='word_1_202' title='bbox 1802 3045 1922 3084; x_wconf 90' lang='lat' dir='ltr'><strong>eam</strong></span> 
     </span>
    </p>
   </div>
   <div class='ocr_carea' id='block_1_31' title="bbox 2030 498 3516 574">
    <p class='ocr_par' dir='ltr' id='par_1_31' title="bbox 2030 498 3516 574">
     <span class='ocr_line' id='line_1_31' title="bbox 2030 498 3516 574; baseline 0.003 -24"><span class='ocrx_word' id='word_1_203' title='bbox 2030 500 2122 552; x_wconf 82' lang='grc' dir='ltr'><strong>καὶ</strong></span> <span class='ocrx_word' id='word_1_204' title='bbox 2145 501 2479 570; x_wconf 80' lang='grc' dir='ltr'><strong>περιφανεῖς,</strong></span> <span class='ocrx_word' id='word_1_205' title='bbox 2511 501 2604 552; x_wconf 74' lang='grc' dir='ltr'><strong>καὶ</strong></span> <span class='ocrx_word' id='word_1_206' title='bbox 2627 499 2776 570; x_wconf 83' lang='grc' dir='ltr'>ὅρεσι</span> <span class='ocrx_word' id='word_1_207' title='bbox 2797 499 2882 551; x_wconf 76' lang='grc' dir='ltr'><strong>διὰ</strong></span> <span class='ocrx_word' id='word_1_208' title='bbox 2902 498 3060 551; x_wconf 87' lang='grc' dir='ltr'>τοῦτο</span> <span class='ocrx_word' id='word_1_209' title='bbox 3087 499 3516 574; x_wconf 79' lang='grc' dir='ltr'>ὁμοιουμένους.]</span> 
     </span>
    </p>
   </div>
   <div class='ocr_carea' id='block_1_32' title="bbox 2105 589 3679 660">
    <p class='ocr_par' dir='ltr' id='par_1_32' title="bbox 2105 589 3679 660">
     <span class='ocr_line' id='line_1_32' title="bbox 2105 589 3679 660; baseline 0.002 -16"><span class='ocrx_word' id='word_1_210' title='bbox 2105 593 2373 660; x_wconf 82' lang='grc' dir='ltr'>Ἦχησαν</span> <span class='ocrx_word' id='word_1_211' title='bbox 2425 591 2523 644; x_wconf 80' lang='grc' dir='ltr'>καὶ</span> <span class='ocrx_word' id='word_1_212' title='bbox 2562 589 2981 659; x_wconf 79' lang='grc' dir='ltr'><strong>ἐταράχθησαν</strong></span> <span class='ocrx_word' id='word_1_213' title='bbox 3024 591 3095 644; x_wconf 86' lang='grc' dir='ltr'>τὰ</span> <span class='ocrx_word' id='word_1_214' title='bbox 3139 590 3323 644; x_wconf 84' lang='grc' dir='ltr'>ὕδατα</span> <span class='ocrx_word' id='word_1_215' title='bbox 3369 592 3596 646; x_wconf 82' lang='grc' dir='ltr'>αὐτῶν-</span> <span class='ocrx_word' id='word_1_216' title='bbox 3661 647 3679 656; x_wconf 75' lang='grc'><strong>,</strong></span> 
     </span>
    </p>
   </div>
   <div class='ocr_carea' id='block_1_33' title="bbox 2031 682 3600 756">
    <p class='ocr_par' dir='ltr' id='par_1_33' title="bbox 2031 682 3600 756">
     <span class='ocr_line' id='line_1_33' title="bbox 2031 682 3600 756; baseline 0.004 -22"><span class='ocrx_word' id='word_1_217' title='bbox 2031 682 2237 736; x_wconf 81' lang='grc' dir='ltr'>’Ύδατα</span> <span class='ocrx_word' id='word_1_218' title='bbox 2271 685 2325 734; x_wconf 83' lang='grc' dir='ltr'><strong>ὲν</strong></span> <span class='ocrx_word' id='word_1_219' title='bbox 2351 683 2558 746; x_wconf 83' lang='grc' dir='ltr'><strong>τούτοις</strong></span> <span class='ocrx_word' id='word_1_220' title='bbox 2579 683 2644 736; x_wconf 78' lang='grc' dir='ltr'>τὰ</span> <span class='ocrx_word' id='word_1_221' title='bbox 2675 683 2849 753; x_wconf 83' lang='grc' dir='ltr'>πλήθη</span> <span class='ocrx_word' id='word_1_222' title='bbox 2874 683 3054 752; x_wconf 76' lang='grc' dir='ltr'>φησὶν,</span> <span class='ocrx_word' id='word_1_223' title='bbox 3080 682 3116 735; x_wconf 81' lang='grc' dir='ltr'>ἃ</span> <span class='ocrx_word' id='word_1_224' title='bbox 3139 684 3232 736; x_wconf 82' lang='grc' dir='ltr'><strong>καὶ</strong></span> <span class='ocrx_word' id='word_1_225' title='bbox 3264 685 3600 756; x_wconf 78' lang='grc' dir='ltr'><strong>συνετάραξε</strong></span> 
     </span>
    </p>
   </div>
   <div class='ocr_carea' id='block_1_34' title="bbox 2027 773 3595 846">
    <p class='ocr_par' dir='ltr' id='par_1_34' title="bbox 2027 773 3595 846">
     <span class='ocr_line' id='line_1_34' title="bbox 2027 773 3595 846; baseline 0.001 -20"><span class='ocrx_word' id='word_1_226' title='bbox 2027 775 2087 827; x_wconf 85' lang='grc' dir='ltr'>τὸ</span> <span class='ocrx_word' id='word_1_227' title='bbox 2117 773 2262 837; x_wconf 81' lang='grc' dir='ltr'>ξένον</span> <span class='ocrx_word' id='word_1_228' title='bbox 2307 775 2400 826; x_wconf 88' lang='grc' dir='ltr'><strong>τοῦ</strong></span> <span class='ocrx_word' id='word_1_229' title='bbox 2443 775 2814 846; x_wconf 81' lang='grc' dir='ltr'><strong>κηρύγματος.</strong></span> <span class='ocrx_word' id='word_1_230' title='bbox 2865 774 3310 843; x_wconf 79' lang='grc' dir='ltr'>Ἐταράχθησαν</span> <span class='ocrx_word' id='word_1_231' title='bbox 3361 777 3432 830; x_wconf 82' lang='grc' dir='ltr'>τὰ</span> <span class='ocrx_word' id='word_1_232' title='bbox 3480 776 3595 844; x_wconf 81' lang='grc' dir='ltr'>ὅρη</span> 
     </span>
    </p>
   </div>
   <div class='ocr_carea' id='block_1_35' title="bbox 2027 864 3600 937">
    <p class='ocr_par' dir='ltr' id='par_1_35' title="bbox 2027 864 3600 937">
     <span class='ocr_line' id='line_1_35' title="bbox 2027 864 3600 937; baseline 0.001 -19"><span class='ocrx_word' id='word_1_233' title='bbox 2027 867 2094 918; x_wconf 84' lang='grc' dir='ltr'>ὲν</span> <span class='ocrx_word' id='word_1_234' title='bbox 2116 864 2189 931; x_wconf 77' lang='grc' dir='ltr'>τῇ</span> <span class='ocrx_word' id='word_1_235' title='bbox 2213 865 2583 933; x_wconf 79' lang='grc' dir='ltr'>κραταιότητι</span> <span class='ocrx_word' id='word_1_236' title='bbox 2612 865 2817 918; x_wconf 82' lang='grc' dir='ltr'>αὑτοῦ.</span> <span class='ocrx_word' id='word_1_237' title='bbox 2858 866 2920 919; x_wconf 81' lang='lat' dir='ltr'><strong>&#39;H</strong></span> <span class='ocrx_word' id='word_1_238' title='bbox 2950 866 3099 934; x_wconf 78' lang='grc' dir='ltr'>ἰσχῦς</span> <span class='ocrx_word' id='word_1_239' title='bbox 3120 906 3134 930; x_wconf 95' lang='grc'><strong>,</strong></span> <span class='ocrx_word' id='word_1_240' title='bbox 3180 865 3333 936; x_wconf 74' lang='grc' dir='ltr'>φησὶ,</span> <span class='ocrx_word' id='word_1_241' title='bbox 3359 865 3449 918; x_wconf 85' lang='grc' dir='ltr'><strong>τοῦ</strong></span> <span class='ocrx_word' id='word_1_242' title='bbox 3489 884 3600 937; x_wconf 82' lang='grc' dir='ltr'>κη-</span> 
     </span>
    </p>
   </div>
   <div class='ocr_carea' id='block_1_36' title="bbox 2031 953 3597 1025">
    <p class='ocr_par' dir='ltr' id='par_1_36' title="bbox 2031 953 3597 1025">
     <span class='ocr_line' id='line_1_36' title="bbox 2031 953 3597 1025; baseline 0.002 -19"><span class='ocrx_word' id='word_1_243' title='bbox 2031 955 2351 1025; x_wconf 80' lang='grc' dir='ltr'>ρυττομένου</span> <span class='ocrx_word' id='word_1_244' title='bbox 2374 955 2651 1010; x_wconf 81' lang='grc' dir='ltr'>κατέσεισε</span> <span class='ocrx_word' id='word_1_245' title='bbox 2679 957 2803 1018; x_wconf 82' lang='grc' dir='ltr'>τοὺς</span> <span class='ocrx_word' id='word_1_246' title='bbox 2825 953 3160 1024; x_wconf 76' lang='grc' dir='ltr'><strong>ἀκαθάρτους</strong></span> <span class='ocrx_word' id='word_1_247' title='bbox 3187 954 3443 1025; x_wconf 85' lang='grc' dir='ltr'>δαίμονας</span> <span class='ocrx_word' id='word_1_248' title='bbox 3463 958 3597 1020; x_wconf 84' lang='grc' dir='ltr'>τοὺς</span> 
     </span>
    </p>
   </div>
   <div class='ocr_carea' id='block_1_37' title="bbox 2027 1045 3596 1118">
    <p class='ocr_par' dir='ltr' id='par_1_37' title="bbox 2027 1045 3596 1118">
     <span class='ocr_line' id='line_1_37' title="bbox 2027 1045 3596 1118; baseline 0.001 -20"><span class='ocrx_word' id='word_1_249' title='bbox 2027 1046 2191 1098; x_wconf 78' lang='grc' dir='ltr'>πάλαι</span> <span class='ocrx_word' id='word_1_250' title='bbox 2223 1046 2458 1116; x_wconf 76' lang='grc' dir='ltr'>ὑψηλοὺς</span> <span class='ocrx_word' id='word_1_251' title='bbox 2495 1048 2588 1100; x_wconf 75' lang='grc' dir='ltr'><strong>καὶ</strong></span> <span class='ocrx_word' id='word_1_252' title='bbox 2619 1049 2956 1118; x_wconf 75' lang='grc' dir='ltr'>περιφανεῖς,</span> <span class='ocrx_word' id='word_1_253' title='bbox 2991 1045 3086 1099; x_wconf 78' lang='grc' dir='ltr'><strong>καὶ</strong></span> <span class='ocrx_word' id='word_1_254' title='bbox 3129 1045 3280 1117; x_wconf 79' lang='grc' dir='ltr'>ὄρεσι</span> <span class='ocrx_word' id='word_1_255' title='bbox 3311 1046 3399 1100; x_wconf 79' lang='grc' dir='ltr'>διὰ</span> <span class='ocrx_word' id='word_1_256' title='bbox 3430 1047 3596 1100; x_wconf 84' lang='grc' dir='ltr'>τοῦτο</span> 
     </span>
    </p>
   </div>
   <div class='ocr_carea' id='block_1_38' title="bbox 2025 1138 2415 1208">
    <p class='ocr_par' dir='ltr' id='par_1_38' title="bbox 2025 1138 2415 1208">
     <span class='ocr_line' id='line_1_38' title="bbox 2025 1138 2415 1208; baseline 0.008 -20"><span class='ocrx_word' id='word_1_257' title='bbox 2025 1138 2196 1207; x_wconf 84' lang='grc' dir='ltr'>ὼμοιο</span> <span class='ocrx_word' id='word_1_258' title='bbox 2202 1139 2415 1208; x_wconf 80' lang='grc' dir='ltr'>μένους.</span> 
     </span>
    </p>
   </div>
   <div class='ocr_carea' id='block_1_39' title="bbox 2111 1247 3590 1318">
    <p class='ocr_par' dir='ltr' id='par_1_39' title="bbox 2111 1247 3590 1318">
     <span class='ocr_line' id='line_1_39' title="bbox 2111 1247 3590 1318; baseline 0 -16"><span class='ocrx_word' id='word_1_259' title='bbox 2111 1249 2221 1304; x_wconf 84' lang='grc' dir='ltr'>Τοῦ</span> <span class='ocrx_word' id='word_1_260' title='bbox 2253 1250 2518 1318; x_wconf 83' lang='grc' dir='ltr'><strong>ποταμοῦ</strong></span> <span class='ocrx_word' id='word_1_261' title='bbox 2547 1249 2852 1318; x_wconf 76' lang='grc' dir='ltr'>ὀρμήματα</span> <span class='ocrx_word' id='word_1_262' title='bbox 2879 1249 3268 1317; x_wconf 67' lang='grc' dir='ltr'>εὐφραίνουσι</span> <span class='ocrx_word' id='word_1_263' title='bbox 3321 1247 3431 1314; x_wconf 80' lang='grc' dir='ltr'><strong>τὴν</strong></span> <span class='ocrx_word' id='word_1_264' title='bbox 3473 1250 3590 1302; x_wconf 82' lang='grc' dir='ltr'><strong>πό-</strong></span> 
     </span>
    </p>
   </div>
   <div class='ocr_carea' id='block_1_40' title="bbox 2024 1337 3592 1409">
    <p class='ocr_par' dir='ltr' id='par_1_40' title="bbox 2024 1337 3592 1409">
     <span class='ocr_line' id='line_1_40' title="bbox 2024 1337 3592 1409; baseline -0.002 -16"><span class='ocrx_word' id='word_1_265' title='bbox 2024 1343 2126 1393; x_wconf 77' lang='grc' dir='ltr'>λιν</span> <span class='ocrx_word' id='word_1_266' title='bbox 2143 1339 2249 1392; x_wconf 89' lang='grc' dir='ltr'><strong>τοῦ</strong></span> <span class='ocrx_word' id='word_1_267' title='bbox 2273 1340 2441 1393; x_wconf 79' lang='grc' dir='ltr'>Θεοῦ.</span> <span class='ocrx_word' id='word_1_268' title='bbox 2471 1339 2718 1409; x_wconf 81' lang='grc' dir='ltr'>Ποταμὸν</span> <span class='ocrx_word' id='word_1_269' title='bbox 2739 1339 2826 1392; x_wconf 80' lang='grc' dir='ltr'><strong>τὸν</strong></span> <span class='ocrx_word' id='word_1_270' title='bbox 2847 1338 3194 1407; x_wconf 78' lang='grc' dir='ltr'>εὐαγγελικδν</span> <span class='ocrx_word' id='word_1_271' title='bbox 3217 1337 3371 1404; x_wconf 84' lang='grc' dir='ltr'>λόγον</span> <span class='ocrx_word' id='word_1_272' title='bbox 3402 1339 3592 1406; x_wconf 71' lang='grc' dir='ltr'>φησὶν,</span> 
     </span>
    </p>
   </div>
   <div class='ocr_carea' id='block_1_41' title="bbox 2023 1425 3594 1498">
    <p class='ocr_par' dir='ltr' id='par_1_41' title="bbox 2023 1425 3594 1498">
     <span class='ocr_line' id='line_1_41' title="bbox 2023 1425 3594 1498; baseline -0.003 -17"><span class='ocrx_word' id='word_1_273' title='bbox 2023 1428 2082 1490; x_wconf 80' lang='grc' dir='ltr'>ὃς</span> <span class='ocrx_word' id='word_1_274' title='bbox 2109 1428 2202 1481; x_wconf 74' lang='grc' dir='ltr'><strong>καὶ</strong></span> <span class='ocrx_word' id='word_1_275' title='bbox 2233 1428 2512 1497; x_wconf 81' lang='grc' dir='ltr'>εὐφραίνει</span> <span class='ocrx_word' id='word_1_276' title='bbox 2543 1427 2638 1498; x_wconf 83' lang='grc' dir='ltr'>τὴν</span> <span class='ocrx_word' id='word_1_277' title='bbox 2678 1427 3019 1497; x_wconf 81' lang='grc' dir='ltr'>Ἐκκλησίαν.</span> <span class='ocrx_word' id='word_1_278' title='bbox 3062 1427 3301 1496; x_wconf 76' lang='grc' dir='ltr'>Ἡγίασε</span> <span class='ocrx_word' id='word_1_279' title='bbox 3334 1425 3398 1479; x_wconf 90' lang='grc' dir='ltr'><strong>τὸ</strong></span> <span class='ocrx_word' id='word_1_280' title='bbox 3433 1425 3594 1493; x_wconf 78' lang='grc' dir='ltr'>σκή-</span> 
     </span>
    </p>
   </div>
   <div class='ocr_carea' id='block_1_42' title="bbox 2022 1517 3596 1590">
    <p class='ocr_par' dir='ltr' id='par_1_42' title="bbox 2022 1517 3596 1590">
     <span class='ocr_line' id='line_1_42' title="bbox 2022 1517 3596 1590; baseline -0.004 -15"><span class='ocrx_word' id='word_1_281' title='bbox 2022 1539 2185 1590; x_wconf 79' lang='grc' dir='ltr'>νωμα</span> <span class='ocrx_word' id='word_1_282' title='bbox 2206 1521 2390 1574; x_wconf 84' lang='grc' dir='ltr'>αὑτοῦ</span> <span class='ocrx_word' id='word_1_283' title='bbox 2414 1523 2446 1574; x_wconf 84' lang='grc' dir='ltr'><em>ὀ</em></span> <span class='ocrx_word' id='word_1_284' title='bbox 2471 1522 2786 1588; x_wconf 61' lang='grc' dir='ltr'>’Υψιστοςκ</span> <span class='ocrx_word' id='word_1_285' title='bbox 2823 1520 3007 1586; x_wconf 74' lang='grc' dir='ltr'>’Ἄγιος</span> <span class='ocrx_word' id='word_1_286' title='bbox 3028 1518 3136 1588; x_wconf 80' lang='grc' dir='ltr'><strong>γάρ</strong></span> <span class='ocrx_word' id='word_1_287' title='bbox 3156 1519 3301 1569; x_wconf 80' lang='grc' dir='ltr'>ἐστιν</span> <span class='ocrx_word' id='word_1_288' title='bbox 3331 1519 3387 1569; x_wconf 83' lang='grc' dir='ltr'>ὲν</span> <span class='ocrx_word' id='word_1_289' title='bbox 3412 1517 3596 1586; x_wconf 79' lang='grc' dir='ltr'>ἁγίοις</span> 
     </span>
    </p>
   </div>
   <div class='ocr_carea' id='block_1_43' title="bbox 2025 1608 3594 1682">
    <p class='ocr_par' dir='ltr' id='par_1_43' title="bbox 2025 1608 3594 1682">
     <span class='ocr_line' id='line_1_43' title="bbox 2025 1608 3594 1682; baseline -0.003 -18"><span class='ocrx_word' id='word_1_290' title='bbox 2025 1612 2453 1682; x_wconf 82' lang='grc' dir='ltr'>ἀναπαυόμενος,</span> <span class='ocrx_word' id='word_1_291' title='bbox 2490 1610 2848 1681; x_wconf 83' lang='grc' dir='ltr'>κατασκηνῶν</span> <span class='ocrx_word' id='word_1_292' title='bbox 2892 1611 2948 1662; x_wconf 81' lang='grc' dir='ltr'>ὲν</span> <span class='ocrx_word' id='word_1_293' title='bbox 2995 1608 3168 1676; x_wconf 84' lang='grc' dir='ltr'>ἁγίοις</span> <span class='ocrx_word' id='word_1_294' title='bbox 3187 1624 3200 1638; x_wconf 90' lang='grc'><strong>·</strong></span> <span class='ocrx_word' id='word_1_295' title='bbox 3230 1608 3349 1677; x_wconf 69' lang='grc' dir='ltr'>ἥτις</span> <span class='ocrx_word' id='word_1_296' title='bbox 3375 1609 3521 1661; x_wconf 74' lang='grc' dir='ltr'>ἐστὶν</span> <span class='ocrx_word' id='word_1_297' title='bbox 3550 1609 3594 1678; x_wconf 81' lang='grc' dir='ltr'><strong>ἠ</strong></span> 
     </span>
    </p>
   </div>
   <div class='ocr_carea' id='block_1_44' title="bbox 2037 1703 2350 1774">
    <p class='ocr_par' dir='ltr' id='par_1_44' title="bbox 2037 1703 2350 1774">
     <span class='ocr_line' id='line_1_44' title="bbox 2037 1703 2350 1774; baseline 0.003 -19"><span class='ocrx_word' id='word_1_298' title='bbox 2037 1703 2350 1774; x_wconf 86' lang='grc' dir='ltr'>Ἐκκλησία.</span> 
     </span>
    </p>
   </div>
   <div class='ocr_carea' id='block_1_45' title="bbox 2111 1815 3595 1885">
    <p class='ocr_par' dir='ltr' id='par_1_45' title="bbox 2111 1815 3595 1885">
     <span class='ocr_line' id='line_1_45' title="bbox 2111 1815 3595 1885; baseline 0 -17"><span class='ocrx_word' id='word_1_299' title='bbox 2111 1817 2165 1868; x_wconf 83' lang='lat'><strong>’0</strong></span> <span class='ocrx_word' id='word_1_300' title='bbox 2191 1816 2334 1884; x_wconf 85' lang='grc' dir='ltr'>Θεὸς</span> <span class='ocrx_word' id='word_1_301' title='bbox 2357 1817 2427 1870; x_wconf 84' lang='grc' dir='ltr'>ἐν</span> <span class='ocrx_word' id='word_1_302' title='bbox 2451 1817 2617 1885; x_wconf 79' lang='grc' dir='ltr'><strong>μέσῳ</strong></span> <span class='ocrx_word' id='word_1_303' title='bbox 2649 1817 2858 1885; x_wconf 79' lang='grc' dir='ltr'>αὐτῆς,</span> <span class='ocrx_word' id='word_1_304' title='bbox 2895 1815 2992 1869; x_wconf 77' lang='grc' dir='ltr'>καὶ</span> <span class='ocrx_word' id='word_1_305' title='bbox 3019 1817 3089 1868; x_wconf 77' lang='grc' dir='ltr'>οὐ</span> <span class='ocrx_word' id='word_1_306' title='bbox 3122 1815 3595 1881; x_wconf 77' lang='grc' dir='ltr'>σαλευθήσεται,</span> 
     </span>
    </p>
   </div>
   <div class='ocr_carea' id='block_1_46' title="bbox 2027 1904 3599 1978">
    <p class='ocr_par' dir='ltr' id='par_1_46' title="bbox 2027 1904 3599 1978">
     <span class='ocr_line' id='line_1_46' title="bbox 2027 1904 3599 1978; baseline 0 -20"><span class='ocrx_word' id='word_1_307' title='bbox 2027 1907 2126 1976; x_wconf 86' lang='grc' dir='ltr'>τῆς</span> <span class='ocrx_word' id='word_1_308' title='bbox 2164 1906 2484 1978; x_wconf 87' lang='grc' dir='ltr'>Ἑκκλησίας</span> <span class='ocrx_word' id='word_1_309' title='bbox 2517 1906 2785 1978; x_wconf 76' lang='grc' dir='ltr'>δηλονότι.</span> <span class='ocrx_word' id='word_1_310' title='bbox 2818 1905 3112 1972; x_wconf 82' lang='grc' dir='ltr'>Βοηθήσει</span> <span class='ocrx_word' id='word_1_311' title='bbox 3165 1904 3318 1972; x_wconf 76' lang='grc' dir='ltr'>αὐτῇ</span> <span class='ocrx_word' id='word_1_312' title='bbox 3369 1908 3401 1959; x_wconf 84' lang='lat' dir='ltr'><strong>d</strong></span> <span class='ocrx_word' id='word_1_313' title='bbox 3443 1904 3599 1971; x_wconf 79' lang='grc' dir='ltr'>Θεὸς</span> 
     </span>
    </p>
   </div>
   <div class='ocr_carea' id='block_1_47' title="bbox 2029 1994 3600 2070">
    <p class='ocr_par' dir='ltr' id='par_1_47' title="bbox 2029 1994 3600 2070">
     <span class='ocr_line' id='line_1_47' title="bbox 2029 1994 3600 2070; baseline -0.001 -19"><span class='ocrx_word' id='word_1_314' title='bbox 2029 1999 2092 2051; x_wconf 79' lang='grc' dir='ltr'><strong>τὸ</strong></span> <span class='ocrx_word' id='word_1_315' title='bbox 2118 1997 2266 2066; x_wconf 82' lang='grc' dir='ltr'>πρὸς</span> <span class='ocrx_word' id='word_1_316' title='bbox 2292 1999 2458 2065; x_wconf 83' lang='grc' dir='ltr'>πρωΐ.</span> <span class='ocrx_word' id='word_1_317' title='bbox 2486 1999 2558 2050; x_wconf 84' lang='grc' dir='ltr'><strong>Τὸ</strong></span> <span class='ocrx_word' id='word_1_318' title='bbox 2581 1998 2765 2050; x_wconf 80' lang='grc' dir='ltr'>νεῦσαι</span> <span class='ocrx_word' id='word_1_319' title='bbox 2793 1997 2935 2070; x_wconf 79' lang='grc' dir='ltr'>πρωῒ</span> <span class='ocrx_word' id='word_1_320' title='bbox 2970 1999 3096 2068; x_wconf 72' lang='grc' dir='ltr'>περὶ</span> <span class='ocrx_word' id='word_1_321' title='bbox 3131 1997 3220 2049; x_wconf 81' lang='grc' dir='ltr'><strong>τὸν</strong></span> <span class='ocrx_word' id='word_1_322' title='bbox 3270 1995 3480 2068; x_wconf 77' lang='grc' dir='ltr'>ὄρθρον.</span> <span class='ocrx_word' id='word_1_323' title='bbox 3515 1994 3600 2049; x_wconf 80' lang='grc' dir='ltr'>Τδ</span> 
     </span>
    </p>
   </div>
   <div class='ocr_carea' id='block_1_48' title="bbox 2029 2088 3599 2161">
    <p class='ocr_par' dir='ltr' id='par_1_48' title="bbox 2029 2088 3599 2161">
     <span class='ocr_line' id='line_1_48' title="bbox 2029 2088 3599 2161; baseline -0.001 -18"><span class='ocrx_word' id='word_1_324' title='bbox 2029 2091 2155 2161; x_wconf 83' lang='grc' dir='ltr'>γὰρ,</span> <span class='ocrx_word' id='word_1_325' title='bbox 2177 2091 2471 2159; x_wconf 80' lang='grc' dir='ltr'>βοηθήσει</span> <span class='ocrx_word' id='word_1_326' title='bbox 2498 2089 2671 2158; x_wconf 78' lang='grc' dir='ltr'>αὐτῇ,</span> <span class='ocrx_word' id='word_1_327' title='bbox 2699 2093 2791 2144; x_wconf 75' lang='grc' dir='ltr'><strong>καὶ</strong></span> <span class='ocrx_word' id='word_1_328' title='bbox 2825 2089 3054 2144; x_wconf 76' lang='grc' dir='ltr'>ἐνταῦθα</span> <span class='ocrx_word' id='word_1_329' title='bbox 3087 2089 3147 2143; x_wconf 81' lang='grc' dir='ltr'><strong>τὸ</strong></span> <span class='ocrx_word' id='word_1_330' title='bbox 3169 2089 3456 2160; x_wconf 80' lang='grc' dir='ltr'>πρόσωπον</span> <span class='ocrx_word' id='word_1_331' title='bbox 3488 2088 3599 2154; x_wconf 85' lang='grc' dir='ltr'>τῆς</span> 
     </span>
    </p>
   </div>
   <div class='ocr_carea' id='block_1_49' title="bbox 2043 2181 3597 2253">
    <p class='ocr_par' dir='ltr' id='par_1_49' title="bbox 2043 2181 3597 2253">
     <span class='ocr_line' id='line_1_49' title="bbox 2043 2181 3597 2253; baseline -0.003 -17"><span class='ocrx_word' id='word_1_332' title='bbox 2043 2183 2366 2253; x_wconf 83' lang='grc' dir='ltr'>Ἐκκλησίας</span> <span class='ocrx_word' id='word_1_333' title='bbox 2396 2183 2633 2253; x_wconf 88' lang='grc' dir='ltr'>νοηθείεν</span> <span class='ocrx_word' id='word_1_334' title='bbox 2659 2183 2722 2236; x_wconf 82' lang='grc' dir='ltr'><strong>ἂν</strong></span> <span class='ocrx_word' id='word_1_335' title='bbox 2756 2186 2804 2236; x_wconf 73' lang='lat' dir='ltr'><strong>oi</strong></span> <span class='ocrx_word' id='word_1_336' title='bbox 2848 2184 2990 2251; x_wconf 85' lang='grc' dir='ltr'>ᾶγιοι</span> <span class='ocrx_word' id='word_1_337' title='bbox 3023 2182 3310 2236; x_wconf 85' lang='grc' dir='ltr'>ἀπόστολοι</span> <span class='ocrx_word' id='word_1_338' title='bbox 3332 2222 3346 2245; x_wconf 95' lang='grc'><strong>,</strong></span> <span class='ocrx_word' id='word_1_339' title='bbox 3401 2181 3494 2233; x_wconf 72' lang='grc' dir='ltr'>καὶ</span> <span class='ocrx_word' id='word_1_340' title='bbox 3537 2181 3597 2232; x_wconf 79' lang='grc' dir='ltr'>οἱ</span> 
     </span>
    </p>
   </div>
   <div class='ocr_carea' id='block_1_50' title="bbox 2031 2272 3596 2346">
    <p class='ocr_par' dir='ltr' id='par_1_50' title="bbox 2031 2272 3596 2346">
     <span class='ocr_line' id='line_1_50' title="bbox 2031 2272 3596 2346; baseline -0.007 -16"><span class='ocrx_word' id='word_1_341' title='bbox 2031 2277 2168 2330; x_wconf 88' lang='grc' dir='ltr'><strong>κατά</strong></span> <span class='ocrx_word' id='word_1_342' title='bbox 2194 2276 2440 2346; x_wconf 75' lang='grc' dir='ltr'>διαδοχὴν</span> <span class='ocrx_word' id='word_1_343' title='bbox 2470 2275 2973 2346; x_wconf 76' lang='grc' dir='ltr'>ἡγούμενοιοαύτῆς,</span> <span class='ocrx_word' id='word_1_344' title='bbox 3000 2273 3094 2336; x_wconf 78' lang='grc' dir='ltr'><strong>οὓς</strong></span> <span class='ocrx_word' id='word_1_345' title='bbox 3126 2273 3220 2326; x_wconf 78' lang='grc' dir='ltr'><strong>καὶ</strong></span> <span class='ocrx_word' id='word_1_346' title='bbox 3248 2272 3428 2342; x_wconf 86' lang='grc' dir='ltr'>νευροί</span> <span class='ocrx_word' id='word_1_347' title='bbox 3461 2286 3596 2320; x_wconf 86' lang='grc' dir='ltr'>συν-</span> 
     </span>
    </p>
   </div>
   <div class='ocr_carea' id='block_1_51' title="bbox 2028 2359 3594 2439">
    <p class='ocr_par' dir='ltr' id='par_1_51' title="bbox 2028 2359 3594 2439">
     <span class='ocr_line' id='line_1_51' title="bbox 2028 2359 3594 2439; baseline -0.006 -18"><span class='ocrx_word' id='word_1_348' title='bbox 2028 2369 2194 2432; x_wconf 79' lang='grc' dir='ltr'>τόνως</span> <span class='ocrx_word' id='word_1_349' title='bbox 2226 2368 2359 2439; x_wconf 80' lang='grc' dir='ltr'>πρὸς</span> <span class='ocrx_word' id='word_1_350' title='bbox 2388 2367 2450 2420; x_wconf 87' lang='grc' dir='ltr'><strong>τὸ</strong></span> <span class='ocrx_word' id='word_1_351' title='bbox 2480 2365 2736 2420; x_wconf 86' lang='grc' dir='ltr'>δύνασθαι</span> <span class='ocrx_word' id='word_1_352' title='bbox 2764 2363 3249 2434; x_wconf 73' lang='grc' dir='ltr'>ἀντιλαμϐάνεσθαι</span> <span class='ocrx_word' id='word_1_353' title='bbox 3288 2359 3382 2415; x_wconf 87' lang='grc' dir='ltr'><strong>τοῦ</strong></span> <span class='ocrx_word' id='word_1_354' title='bbox 3409 2359 3594 2430; x_wconf 81' lang='grc' dir='ltr'>κηρύ-</span> 
     </span>
    </p>
   </div>
   <div class='ocr_carea' id='block_1_52' title="bbox 2028 2475 2259 2530">
    <p class='ocr_par' dir='ltr' id='par_1_52' title="bbox 2028 2475 2259 2530">
     <span class='ocr_line' id='line_1_52' title="bbox 2028 2475 2259 2530; baseline -0.009 -16"><span class='ocrx_word' id='word_1_355' title='bbox 2028 2475 2063 2528; x_wconf 85' lang='grc' dir='ltr'><strong>γ</strong></span> <span class='ocrx_word' id='word_1_356' title='bbox 2072 2477 2259 2530; x_wconf 84' lang='grc' dir='ltr'>ματος.</span> 
     </span>
    </p>
   </div>
   <div class='ocr_carea' id='block_1_53' title="bbox 2112 2565 3595 2642">
    <p class='ocr_par' dir='ltr' id='par_1_53' title="bbox 2112 2565 3595 2642">
     <span class='ocr_line' id='line_1_53' title="bbox 2112 2565 3595 2642; baseline -0.007 -17"><span class='ocrx_word' id='word_1_357' title='bbox 2112 2571 2560 2642; x_wconf 77' lang='grc' dir='ltr'>Ἐτιιράχθησαν</span> <span class='ocrx_word' id='word_1_358' title='bbox 2596 2574 2762 2637; x_wconf 73' lang='grc' dir='ltr'>ἔθνη,</span> <span class='ocrx_word' id='word_1_359' title='bbox 2803 2571 3049 2622; x_wconf 71' lang='grc' dir='ltr'>ἔκλιναν</span> <span class='ocrx_word' id='word_1_360' title='bbox 3065 2565 3390 2632; x_wconf 75' lang='grc' dir='ltr'>βασιλεῖαι.</span> <span class='ocrx_word' id='word_1_361' title='bbox 3429 2565 3595 2616; x_wconf 81' lang='grc' dir='ltr'>Ἐπο-</span> 
     </span>
    </p>
   </div>
   <div class='ocr_carea' id='block_1_54' title="bbox 2029 2655 3591 2732">
    <p class='ocr_par' dir='ltr' id='par_1_54' title="bbox 2029 2655 3591 2732">
     <span class='ocr_line' id='line_1_54' title="bbox 2029 2655 3591 2732; baseline -0.004 -17"><span class='ocrx_word' id='word_1_362' title='bbox 2029 2663 2269 2732; x_wconf 80' lang='grc' dir='ltr'>λέμησαν</span> <span class='ocrx_word' id='word_1_363' title='bbox 2299 2665 2394 2732; x_wconf 86' lang='grc' dir='ltr'><strong>μὲν</strong></span> <span class='ocrx_word' id='word_1_364' title='bbox 2413 2703 2428 2726; x_wconf 89' lang='grc'><strong>,</strong></span> <span class='ocrx_word' id='word_1_365' title='bbox 2469 2663 2654 2731; x_wconf 82' lang='grc' dir='ltr'>φησὶν,</span> <span class='ocrx_word' id='word_1_366' title='bbox 2685 2661 2824 2714; x_wconf 82' lang='grc' dir='ltr'>κατὰ</span> <span class='ocrx_word' id='word_1_367' title='bbox 2851 2661 2950 2730; x_wconf 80' lang='grc' dir='ltr'>τῆς</span> <span class='ocrx_word' id='word_1_368' title='bbox 2990 2659 3309 2730; x_wconf 83' lang='grc' dir='ltr'>Ἐκκλησίας</span> <span class='ocrx_word' id='word_1_369' title='bbox 3328 2658 3397 2710; x_wconf 85' lang='grc' dir='ltr'><strong>τά</strong></span> <span class='ocrx_word' id='word_1_370' title='bbox 3428 2655 3591 2726; x_wconf 77' lang='grc' dir='ltr'>ἑθνηο</span> 
     </span>
    </p>
   </div>
   <div class='ocr_carea' id='block_1_55' title="bbox 2031 2750 3596 2824">
    <p class='ocr_par' dir='ltr' id='par_1_55' title="bbox 2031 2750 3596 2824">
     <span class='ocr_line' id='line_1_55' title="bbox 2031 2750 3596 2824; baseline -0.002 -17"><span class='ocrx_word' id='word_1_371' title='bbox 2031 2753 2144 2807; x_wconf 79' lang='grc' dir='ltr'>ἀλλ’</span> <span class='ocrx_word' id='word_1_372' title='bbox 2171 2756 2314 2824; x_wconf 85' lang='grc' dir='ltr'>ὅμως</span> <span class='ocrx_word' id='word_1_373' title='bbox 2330 2753 2542 2807; x_wconf 77' lang='grc' dir='ltr'>ἔκλιναν</span> <span class='ocrx_word' id='word_1_374' title='bbox 2559 2753 2736 2806; x_wconf 79' lang='grc' dir='ltr'>αὐτῶν</span> <span class='ocrx_word' id='word_1_375' title='bbox 2757 2755 2804 2805; x_wconf 75' lang='grc' dir='ltr'>οἱ</span> <span class='ocrx_word' id='word_1_376' title='bbox 2829 2752 3085 2823; x_wconf 84' lang='grc' dir='ltr'>βασιλεῖς,</span> <span class='ocrx_word' id='word_1_377' title='bbox 3109 2750 3379 2804; x_wconf 81' lang='grc' dir='ltr'>τουτέστιν</span> <span class='ocrx_word' id='word_1_378' title='bbox 3394 2750 3596 2822; x_wconf 77' lang='grc' dir='ltr'>ἥττην-</span> 
     </span>
    </p>
   </div>
   <div class='ocr_carea' id='block_1_56' title="bbox 2029 2841 3596 2916">
    <p class='ocr_par' dir='ltr' id='par_1_56' title="bbox 2029 2841 3596 2916">
     <span class='ocr_line' id='line_1_56' title="bbox 2029 2841 3596 2916; baseline -0.004 -18"><span class='ocrx_word' id='word_1_379' title='bbox 2029 2864 2116 2899; x_wconf 87' lang='grc' dir='ltr'><strong>ται</strong></span> <span class='ocrx_word' id='word_1_380' title='bbox 2145 2847 2238 2900; x_wconf 73' lang='grc' dir='ltr'><strong>καὶ</strong></span> <span class='ocrx_word' id='word_1_381' title='bbox 2261 2846 2593 2914; x_wconf 76' lang='grc' dir='ltr'>πεφεύγασιν</span> <span class='ocrx_word' id='word_1_382' title='bbox 2613 2863 2627 2877; x_wconf 76' lang='grc' dir='ltr'><strong><em>ο</em></strong></span> <span class='ocrx_word' id='word_1_383' title='bbox 2653 2845 2767 2898; x_wconf 87' lang='grc' dir='ltr'>ἀλλ’</span> <span class='ocrx_word' id='word_1_384' title='bbox 2791 2843 3014 2916; x_wconf 73' lang='grc' dir='ltr'>ὕστερον</span> <span class='ocrx_word' id='word_1_385' title='bbox 3044 2843 3296 2913; x_wconf 75' lang='grc' dir='ltr'>ἔκαμψαν</span> <span class='ocrx_word' id='word_1_386' title='bbox 3318 2843 3412 2896; x_wconf 71' lang='grc' dir='ltr'><strong>καὶ</strong></span> <span class='ocrx_word' id='word_1_387' title='bbox 3437 2841 3596 2894; x_wconf 81' lang='grc' dir='ltr'>αὐτοὶ</span> 
     </span>
    </p>
   </div>
   <div class='ocr_carea' id='block_1_57' title="bbox 2029 2932 3595 3006">
    <p class='ocr_par' dir='ltr' id='par_1_57' title="bbox 2029 2932 3595 3006">
     <span class='ocr_line' id='line_1_57' title="bbox 2029 2932 3595 3006; baseline -0.001 -18"><span class='ocrx_word' id='word_1_388' title='bbox 2029 2936 2106 3006; x_wconf 84' lang='grc' dir='ltr'><strong>τῷ</strong></span> <span class='ocrx_word' id='word_1_389' title='bbox 2132 2936 2350 3006; x_wconf 81' lang='grc' dir='ltr'>Χριστῷ</span> <span class='ocrx_word' id='word_1_390' title='bbox 2387 2937 2606 3005; x_wconf 78' lang='grc' dir='ltr'>αὐχένα.</span> <span class='ocrx_word' id='word_1_391' title='bbox 2641 2935 2803 3002; x_wconf 86' lang='grc' dir='ltr'>Λέγει</span> <span class='ocrx_word' id='word_1_392' title='bbox 2841 2935 2968 3005; x_wconf 81' lang='grc' dir='ltr'>γὰρ,</span> <span class='ocrx_word' id='word_1_393' title='bbox 3017 2935 3096 2987; x_wconf 86' lang='grc' dir='ltr'>ὃτι</span> <span class='ocrx_word' id='word_1_394' title='bbox 3126 2935 3261 3004; x_wconf 79' lang='grc' dir='ltr'>ταχὺ</span> <span class='ocrx_word' id='word_1_395' title='bbox 3305 2932 3595 3002; x_wconf 75' lang='grc' dir='ltr'>οἰκοδομη-</span> 
     </span>
    </p>
   </div>
   <div class='ocr_carea' id='block_1_58' title="bbox 2032 3021 3596 3102">
    <p class='ocr_par' dir='ltr' id='par_1_58' title="bbox 2032 3021 3596 3102">
     <span class='ocr_line' id='line_1_58' title="bbox 2032 3021 3596 3102; baseline -0.002 -22"><span class='ocrx_word' id='word_1_396' title='bbox 2032 3027 2171 3099; x_wconf 79' lang='grc' dir='ltr'>θήση</span> <span class='ocrx_word' id='word_1_397' title='bbox 2207 3028 2293 3096; x_wconf 81' lang='grc' dir='ltr'>ὑφ’</span> <span class='ocrx_word' id='word_1_398' title='bbox 2324 3021 2398 3080; x_wconf 80' lang='grc' dir='ltr'>ὧν</span> <span class='ocrx_word' id='word_1_399' title='bbox 2423 3026 2750 3102; x_wconf 79' lang='grc' dir='ltr'>καθῃρέθης.</span> <span class='ocrx_word' id='word_1_400' title='bbox 2784 3026 3042 3098; x_wconf 74' lang='grc' dir='ltr'>Ὕψωσαν</span> <span class='ocrx_word' id='word_1_401' title='bbox 3071 3025 3180 3100; x_wconf 84' lang='grc' dir='ltr'><strong>γὰρ</strong></span> <span class='ocrx_word' id='word_1_402' title='bbox 3213 3026 3313 3098; x_wconf 83' lang='grc' dir='ltr'><strong>τὴν</strong></span> <span class='ocrx_word' id='word_1_403' title='bbox 3356 3025 3596 3095; x_wconf 79' lang='grc' dir='ltr'>Ἐκκλη-</span> 
     </span>
    </p>
   </div>
   <div class='ocr_carea' id='block_1_59' title="bbox 365 3111 1924 3190">
    <p class='ocr_par' dir='ltr' id='par_1_59' title="bbox 365 3113 1924 3187">
     <span class='ocr_line' id='line_1_59' title="bbox 365 3113 1924 3187; baseline 0.007 -23"><span class='ocrx_word' id='word_1_404' title='bbox 365 3113 663 3168; x_wconf 85' lang='lat' dir='ltr'><strong>diruerant.</strong></span> <span class='ocrx_word' id='word_1_405' title='bbox 701 3113 835 3170; x_wconf 83' lang='lat' dir='ltr'><strong>Nam</strong></span> <span class='ocrx_word' id='word_1_406' title='bbox 869 3119 1252 3187; x_wconf 85' lang='lat' dir='ltr'><strong>pulcherrimis</strong></span> <span class='ocrx_word' id='word_1_407' title='bbox 1277 3136 1394 3176; x_wconf 85' lang='lat' dir='ltr'><strong>eam</strong></span> <span class='ocrx_word' id='word_1_408' title='bbox 1429 3121 1588 3176; x_wconf 87' lang='lat' dir='ltr'><strong>donis</strong></span> <span class='ocrx_word' id='word_1_409' title='bbox 1622 3129 1842 3176; x_wconf 83' lang='lat' dir='ltr'><strong>auctam</strong></span> <span class='ocrx_word' id='word_1_410' title='bbox 1867 3120 1924 3175; x_wconf 91' lang='lat' dir='ltr'><strong>in</strong></span> 
     </span>
    </p>
   </div>
   <div class='ocr_carea' id='block_1_60' title="bbox 2047 3111 3598 3190">
    <p class='ocr_par' dir='ltr' id='par_1_60' title="bbox 2047 3116 3598 3190">
     <span class='ocr_line' id='line_1_60' title="bbox 2047 3116 3598 3190; baseline -0.003 -16"><span class='ocrx_word' id='word_1_411' title='bbox 2047 3120 2168 3186; x_wconf 73' lang='grc' dir='ltr'>τίαν,</span> <span class='ocrx_word' id='word_1_412' title='bbox 2199 3120 2491 3190; x_wconf 82' lang='grc' dir='ltr'>παγκάλως</span> <span class='ocrx_word' id='word_1_413' title='bbox 2517 3120 2665 3190; x_wconf 84' lang='grc' dir='ltr'>δῶρα</span> <span class='ocrx_word' id='word_1_414' title='bbox 2694 3120 3112 3190; x_wconf 84' lang='grc' dir='ltr'>προσφέροντες.</span> <span class='ocrx_word' id='word_1_415' title='bbox 3135 3118 3353 3171; x_wconf 81' lang='grc' dir='ltr'>Ἔδωκε</span> <span class='ocrx_word' id='word_1_416' title='bbox 3383 3116 3598 3185; x_wconf 74' lang='grc' dir='ltr'>φωνὴν</span> 
     </span>
    </p>
   </div>
   <div class='ocr_carea' id='block_1_61' title="bbox 365 3205 1924 3281">
    <p class='ocr_par' dir='ltr' id='par_1_61' title="bbox 365 3205 1924 3281">
     <span class='ocr_line' id='line_1_61' title="bbox 365 3205 1924 3281; baseline 0.006 -24"><span class='ocrx_word' id='word_1_417' title='bbox 365 3205 596 3261; x_wconf 86' lang='lat' dir='ltr'><strong>sublime</strong></span> <span class='ocrx_word' id='word_1_418' title='bbox 629 3210 955 3264; x_wconf 80' lang='lat' dir='ltr'><strong>extulerunt.</strong></span> <span class='ocrx_word' id='word_1_419' title='bbox 1000 3211 1155 3266; x_wconf 80' lang='lat' dir='ltr'><strong>Dedit</strong></span> <span class='ocrx_word' id='word_1_420' title='bbox 1200 3231 1371 3268; x_wconf 82' lang='lat' dir='ltr'><strong>vocem</strong></span> <span class='ocrx_word' id='word_1_421' title='bbox 1417 3231 1567 3268; x_wconf 89' lang='lat' dir='ltr'><strong>suam</strong></span> <span class='ocrx_word' id='word_1_422' title='bbox 1597 3214 1924 3281; x_wconf 78' lang='lat' dir='ltr'><strong>Altissimus,</strong></span> 
     </span>
    </p>
   </div>
   <div class='ocr_carea' id='block_1_62' title="bbox 364 3302 1927 3360">
    <p class='ocr_par' dir='ltr' id='par_1_62' title="bbox 364 3302 1927 3360">
     <span class='ocr_line' id='line_1_62' title="bbox 364 3302 1927 3360; baseline 0.008 -15"><span class='ocrx_word' id='word_1_423' title='bbox 364 3304 415 3346; x_wconf 84' lang='lat' dir='ltr'><strong>et</strong></span> <span class='ocrx_word' id='word_1_424' title='bbox 439 3307 580 3351; x_wconf 87' lang='lat' dir='ltr'><strong>mota</strong></span> <span class='ocrx_word' id='word_1_425' title='bbox 604 3308 681 3352; x_wconf 84' lang='lat' dir='ltr'><strong>est</strong></span> <span class='ocrx_word' id='word_1_426' title='bbox 708 3310 869 3356; x_wconf 88' lang='lat' dir='ltr'><strong>terra.</strong></span> <span class='ocrx_word' id='word_1_427' title='bbox 901 3302 1152 3360; x_wconf 86' lang='lat' dir='ltr'><strong>Christus</strong></span> <span class='ocrx_word' id='word_1_428' title='bbox 1193 3306 1400 3360; x_wconf 81' lang='lat' dir='ltr'><strong>scilicet</strong></span> <span class='ocrx_word' id='word_1_429' title='bbox 1436 3305 1490 3359; x_wconf 92' lang='lat' dir='ltr'><strong>in</strong></span> <span class='ocrx_word' id='word_1_430' title='bbox 1517 3321 1701 3360; x_wconf 88' lang='lat' dir='ltr'><strong>cruce.</strong></span> <span class='ocrx_word' id='word_1_431' title='bbox 1741 3305 1927 3360; x_wconf 82' lang='lat' dir='ltr'><strong>Vocem</strong></span> 
     </span>
    </p>
   </div>
   <div class='ocr_carea' id='block_1_63' title="bbox 364 3394 1928 3469">
    <p class='ocr_par' dir='ltr' id='par_1_63' title="bbox 364 3394 1928 3469">
     <span class='ocr_line' id='line_1_63' title="bbox 364 3394 1928 3469; baseline 0.008 -29"><span class='ocrx_word' id='word_1_432' title='bbox 364 3405 542 3453; x_wconf 77' lang='lat' dir='ltr'><strong>suam,</strong></span> <span class='ocrx_word' id='word_1_433' title='bbox 585 3394 959 3462; x_wconf 83' lang='lat' dir='ltr'><strong>evangelicum</strong></span> <span class='ocrx_word' id='word_1_434' title='bbox 989 3396 1196 3452; x_wconf 85' lang='lat' dir='ltr'><strong>scilicet</strong></span> <span class='ocrx_word' id='word_1_435' title='bbox 1236 3413 1566 3452; x_wconf 88' lang='lat' dir='ltr'><strong>sermonem.</strong></span> <span class='ocrx_word' id='word_1_436' title='bbox 1604 3397 1661 3452; x_wconf 89' lang='lat' dir='ltr'><strong>Si</strong></span> <span class='ocrx_word' id='word_1_437' title='bbox 1694 3414 1928 3469; x_wconf 78' lang='lat' dir='ltr'><strong>namque</strong></span> 
     </span>
    </p>
   </div>
   <div class='ocr_carea' id='block_1_64' title="bbox 364 3481 1928 3557">
    <p class='ocr_par' dir='ltr' id='par_1_64' title="bbox 364 3481 1928 3557">
     <span class='ocr_line' id='line_1_64' title="bbox 364 3481 1928 3557; baseline 0.008 -24"><span class='ocrx_word' id='word_1_438' title='bbox 364 3481 546 3535; x_wconf 83' lang='lat' dir='ltr'><strong>anima</strong></span> <span class='ocrx_word' id='word_1_439' title='bbox 570 3486 852 3541; x_wconf 82' lang='lat' dir='ltr'><strong>rationalis</strong></span> <span class='ocrx_word' id='word_1_440' title='bbox 876 3503 1063 3543; x_wconf 85' lang='lat' dir='ltr'><strong>vocem</strong></span> <span class='ocrx_word' id='word_1_441' title='bbox 1096 3489 1307 3543; x_wconf 90' lang='lat' dir='ltr'><strong>Domini</strong></span> <span class='ocrx_word' id='word_1_442' title='bbox 1334 3491 1584 3557; x_wconf 88' lang='lat' dir='ltr'><strong>audierit,</strong></span> <span class='ocrx_word' id='word_1_443' title='bbox 1617 3505 1928 3546; x_wconf 88' lang='lat' dir='ltr'><strong>commove-</strong></span> 
     </span>
    </p>
   </div>
   <div class='ocr_carea' id='block_1_65' title="bbox 363 3577 1928 3650">
    <p class='ocr_par' dir='ltr' id='par_1_65' title="bbox 363 3577 1928 3650">
     <span class='ocr_line' id='line_1_65' title="bbox 363 3577 1928 3650; baseline 0.008 -25"><span class='ocrx_word' id='word_1_444' title='bbox 363 3581 473 3638; x_wconf 78' lang='lat' dir='ltr'><strong>tur,</strong></span> <span class='ocrx_word' id='word_1_445' title='bbox 511 3577 812 3647; x_wconf 85' lang='lat' dir='ltr'><strong>transitque</strong></span> <span class='ocrx_word' id='word_1_446' title='bbox 855 3580 923 3635; x_wconf 90' lang='lat' dir='ltr'><strong>ab</strong></span> <span class='ocrx_word' id='word_1_447' title='bbox 954 3581 1297 3650; x_wconf 88' lang='lat' dir='ltr'><strong>improbitate</strong></span> <span class='ocrx_word' id='word_1_448' title='bbox 1344 3584 1411 3638; x_wconf 91' lang='lat' dir='ltr'><strong>ad</strong></span> <span class='ocrx_word' id='word_1_449' title='bbox 1462 3585 1716 3638; x_wconf 84' lang='lat' dir='ltr'><strong>virtutem</strong></span> <span class='ocrx_word' id='word_1_450' title='bbox 1764 3592 1818 3638; x_wconf 90' lang='lat' dir='ltr'><strong>et</strong></span> <span class='ocrx_word' id='word_1_451' title='bbox 1857 3583 1928 3638; x_wconf 87' lang='lat' dir='ltr'><strong>ab</strong></span> 
     </span>
    </p>
   </div>
   <div class='ocr_carea' id='block_1_66' title="bbox 366 3665 1186 3732">
    <p class='ocr_par' dir='ltr' id='par_1_66' title="bbox 366 3665 1186 3732">
     <span class='ocr_line' id='line_1_66' title="bbox 366 3665 1186 3732; baseline 0.012 -16"><span class='ocrx_word' id='word_1_452' title='bbox 366 3665 670 3732; x_wconf 75' lang='lat' dir='ltr'><strong>ignorantia</strong></span> <span class='ocrx_word' id='word_1_453' title='bbox 700 3669 769 3724; x_wconf 89' lang='lat' dir='ltr'><strong>ad</strong></span> <span class='ocrx_word' id='word_1_454' title='bbox 795 3669 889 3726; x_wconf 89' lang='lat' dir='ltr'><strong>Dei</strong></span> <span class='ocrx_word' id='word_1_455' title='bbox 923 3673 1186 3728; x_wconf 87' lang='lat' dir='ltr'><strong>notitiam.</strong></span> 
     </span>
    </p>
   </div>
   <div class='ocr_carea' id='block_1_67' title="bbox 436 3779 1928 3854">
    <p class='ocr_par' dir='ltr' id='par_1_67' title="bbox 436 3779 1928 3854">
     <span class='ocr_line' id='line_1_67' title="bbox 436 3779 1928 3854; baseline 0.003 -22"><span class='ocrx_word' id='word_1_456' title='bbox 436 3779 489 3832; x_wconf 90' lang='lat'><strong>8.</strong></span> <span class='ocrx_word' id='word_1_457' title='bbox 546 3779 801 3836; x_wconf 86' lang='lat' dir='ltr'><strong>Dominus</strong></span> <span class='ocrx_word' id='word_1_458' title='bbox 829 3785 1082 3838; x_wconf 81' lang='lat' dir='ltr'><strong>virtutum</strong></span> <span class='ocrx_word' id='word_1_459' title='bbox 1113 3787 1401 3850; x_wconf 79' lang='lat' dir='ltr'><strong>nobiscum,</strong></span> <span class='ocrx_word' id='word_1_460' title='bbox 1449 3795 1715 3854; x_wconf 83' lang='lat' dir='ltr'><strong>susceptor</strong></span> <span class='ocrx_word' id='word_1_461' title='bbox 1753 3795 1928 3837; x_wconf 79' lang='lat' dir='ltr'><strong>noster</strong></span> 
     </span>
    </p>
   </div>
   <div class='ocr_carea' id='block_1_68' title="bbox 364 3867 1926 3944">
    <p class='ocr_par' dir='ltr' id='par_1_68' title="bbox 364 3867 1926 3944">
     <span class='ocr_line' id='line_1_68' title="bbox 364 3867 1926 3944; baseline 0.006 -23"><span class='ocrx_word' id='word_1_462' title='bbox 364 3867 503 3922; x_wconf 76' lang='lat' dir='ltr'><strong>Deus</strong></span> <span class='ocrx_word' id='word_1_463' title='bbox 537 3870 722 3924; x_wconf 79' lang='lat' dir='ltr'><strong>Iacob.</strong></span> <span class='ocrx_word' id='word_1_464' title='bbox 759 3872 1050 3928; x_wconf 81' lang='lat' dir='ltr'><strong>Victoriam</strong></span> <span class='ocrx_word' id='word_1_465' title='bbox 1101 3877 1358 3930; x_wconf 86' lang='lat' dir='ltr'><strong>adversus</strong></span> <span class='ocrx_word' id='word_1_466' title='bbox 1403 3876 1708 3944; x_wconf 85' lang='lat' dir='ltr'><strong>spirituales</strong></span> <span class='ocrx_word' id='word_1_467' title='bbox 1742 3875 1926 3931; x_wconf 87' lang='lat' dir='ltr'><strong>hostes</strong></span> 
     </span>
    </p>
   </div>
   <div class='ocr_carea' id='block_1_69' title="bbox 365 3962 1924 4034">
    <p class='ocr_par' dir='ltr' id='par_1_69' title="bbox 365 3962 1924 4034">
     <span class='ocr_line' id='line_1_69' title="bbox 365 3962 1924 4034; baseline 0.003 -21"><span class='ocrx_word' id='word_1_468' title='bbox 365 3969 574 4027; x_wconf 85' lang='lat' dir='ltr'><strong>partam</strong></span> <span class='ocrx_word' id='word_1_469' title='bbox 626 3962 726 4030; x_wconf 90' lang='lat' dir='ltr'><strong>ipsi</strong></span> <span class='ocrx_word' id='word_1_470' title='bbox 790 3962 1022 4018; x_wconf 89' lang='lat' dir='ltr'><strong>Domino</strong></span> <span class='ocrx_word' id='word_1_471' title='bbox 1086 3967 1326 4019; x_wconf 90' lang='lat' dir='ltr'><strong>ascribit.</strong></span> <span class='ocrx_word' id='word_1_472' title='bbox 1378 3966 1692 4034; x_wconf 85' lang='lat' dir='ltr'><strong>Opportune</strong></span> <span class='ocrx_word' id='word_1_473' title='bbox 1743 3975 1924 4019; x_wconf 90' lang='lat' dir='ltr'><strong>autem</strong></span> 
     </span>
    </p>
   </div>
   <div class='ocr_carea' id='block_1_70' title="bbox 367 4051 1918 4111">
    <p class='ocr_par' dir='ltr' id='par_1_70' title="bbox 367 4051 1918 4111">
     <span class='ocr_line' id='line_1_70' title="bbox 367 4051 1918 4111; baseline 0.006 -10"><span class='ocrx_word' id='word_1_474' title='bbox 367 4052 454 4106; x_wconf 87' lang='lat' dir='ltr'><strong>hic</strong></span> <span class='ocrx_word' id='word_1_475' title='bbox 485 4051 670 4108; x_wconf 78' lang='lat' dir='ltr'><strong>Jacobi</strong></span> <span class='ocrx_word' id='word_1_476' title='bbox 708 4055 911 4110; x_wconf 87' lang='lat' dir='ltr'><strong>mentio</strong></span> <span class='ocrx_word' id='word_1_477' title='bbox 963 4056 1190 4110; x_wconf 85' lang='lat' dir='ltr'><strong>habetur</strong></span> <span class='ocrx_word' id='word_1_478' title='bbox 1243 4057 1312 4109; x_wconf 88' lang='lat' dir='ltr'><strong>ob</strong></span> <span class='ocrx_word' id='word_1_479' title='bbox 1345 4057 1542 4110; x_wconf 80' lang='lat' dir='ltr'><strong>luctum</strong></span> <span class='ocrx_word' id='word_1_480' title='bbox 1571 4071 1693 4109; x_wconf 93' lang='lat' dir='ltr'><strong>cum</strong></span> <span class='ocrx_word' id='word_1_481' title='bbox 1729 4072 1797 4111; x_wconf 88' lang='lat' dir='ltr'><strong>eo</strong></span> <span class='ocrx_word' id='word_1_482' title='bbox 1830 4057 1918 4111; x_wconf 87' lang='lat' dir='ltr'><strong>ha-</strong></span> 
     </span>
    </p>
   </div>
   <div class='ocr_carea' id='block_1_71' title="bbox 364 4142 551 4197">
    <p class='ocr_par' dir='ltr' id='par_1_71' title="bbox 364 4142 551 4197">
     <span class='ocr_line' id='line_1_71' title="bbox 364 4142 551 4197; baseline 0.016 -3"><span class='ocrx_word' id='word_1_483' title='bbox 364 4142 551 4197; x_wconf 71' lang='lat' dir='ltr'><strong>bitam.</strong></span> 
     </span>
    </p>
   </div>
   <div class='ocr_carea' id='block_1_72' title="bbox 434 4236 1923 4310">
    <p class='ocr_par' dir='ltr' id='par_1_72' title="bbox 434 4236 1923 4310">
     <span class='ocr_line' id='line_1_72' title="bbox 434 4236 1923 4310; baseline 0.002 -21"><span class='ocrx_word' id='word_1_484' title='bbox 434 4236 485 4290; x_wconf 91' lang='lat'><strong>9.</strong></span> <span class='ocrx_word' id='word_1_485' title='bbox 549 4237 727 4291; x_wconf 81' lang='lat' dir='ltr'><strong>Venite</strong></span> <span class='ocrx_word' id='word_1_486' title='bbox 767 4248 816 4291; x_wconf 88' lang='lat' dir='ltr'><strong>et</strong></span> <span class='ocrx_word' id='word_1_487' title='bbox 855 4237 1020 4292; x_wconf 84' lang='lat' dir='ltr'><strong>videte</strong></span> <span class='ocrx_word' id='word_1_488' title='bbox 1050 4255 1204 4309; x_wconf 78' lang='lat' dir='ltr'><strong>Opera</strong></span> <span class='ocrx_word' id='word_1_489' title='bbox 1241 4239 1354 4302; x_wconf 86' lang='lat' dir='ltr'><strong>Dei,</strong></span> <span class='ocrx_word' id='word_1_490' title='bbox 1389 4256 1506 4310; x_wconf 70' lang='lat' dir='ltr'><strong>qua!</strong></span> <span class='ocrx_word' id='word_1_491' title='bbox 1539 4242 1713 4308; x_wconf 79' lang='lat' dir='ltr'><strong>posuit</strong></span> <span class='ocrx_word' id='word_1_492' title='bbox 1740 4241 1923 4310; x_wconf 87' lang='lat' dir='ltr'><strong>prodi-</strong></span> 
     </span>
    </p>
   </div>
   <div class='ocr_carea' id='block_1_73' title="bbox 361 4329 1926 4402">
    <p class='ocr_par' dir='ltr' id='par_1_73' title="bbox 361 4329 1926 4402">
     <span class='ocr_line' id='line_1_73' title="bbox 361 4329 1926 4402; baseline 0.006 -24"><span class='ocrx_word' id='word_1_493' title='bbox 361 4329 450 4393; x_wconf 82' lang='lat' dir='ltr'><strong>gia</strong></span> <span class='ocrx_word' id='word_1_494' title='bbox 496 4344 649 4395; x_wconf 87' lang='lat' dir='ltr'><strong>super</strong></span> <span class='ocrx_word' id='word_1_495' title='bbox 684 4339 895 4384; x_wconf 88' lang='lat' dir='ltr'><strong>terram.</strong></span> <span class='ocrx_word' id='word_1_496' title='bbox 952 4331 1144 4386; x_wconf 90' lang='lat' dir='ltr'><strong>Pacem</strong></span> <span class='ocrx_word' id='word_1_497' title='bbox 1201 4333 1583 4402; x_wconf 59' lang='lat' dir='ltr'><strong>praedicatione</strong></span> <span class='ocrx_word' id='word_1_498' title='bbox 1628 4333 1816 4386; x_wconf 90' lang='lat' dir='ltr'><strong>initam</strong></span> <span class='ocrx_word' id='word_1_499' title='bbox 1851 4333 1926 4387; x_wconf 90' lang='lat' dir='ltr'><strong>si-</strong></span> 
     </span>
    </p>
   </div>
   <div class='ocr_carea' id='block_1_74' title="bbox 2026 3208 3596 3286">
    <p class='ocr_par' dir='ltr' id='par_1_74' title="bbox 2026 3208 3596 3286">
     <span class='ocr_line' id='line_1_74' title="bbox 2026 3208 3596 3286; baseline -0.004 -20"><span class='ocrx_word' id='word_1_500' title='bbox 2026 3213 2211 3267; x_wconf 83' lang='grc' dir='ltr'>αὐτοῦ</span> <span class='ocrx_word' id='word_1_501' title='bbox 2241 3216 2273 3266; x_wconf 84' lang='grc' dir='ltr'><strong><em>ό</em></strong></span> <span class='ocrx_word' id='word_1_502' title='bbox 2301 3215 2604 3280; x_wconf 51' lang='lat' dir='ltr'><strong>&quot;Titi-totae,</strong></span> <span class='ocrx_word' id='word_1_503' title='bbox 2624 3211 3044 3286; x_wconf 47' lang='lat' dir='ltr'><strong>xal‘éaaledon</strong></span> <span class='ocrx_word' id='word_1_504' title='bbox 3068 3211 3106 3278; x_wconf 74' lang='grc' dir='ltr'>ἡ</span> <span class='ocrx_word' id='word_1_505' title='bbox 3140 3209 3238 3278; x_wconf 74' lang='grc' dir='ltr'>γῆ.</span> <span class='ocrx_word' id='word_1_506' title='bbox 3280 3209 3337 3262; x_wconf 85' lang='lat'><strong>&#39;0</strong></span> <span class='ocrx_word' id='word_1_507' title='bbox 3357 3208 3596 3280; x_wconf 82' lang='grc' dir='ltr'>Χριστὸς</span> 
     </span>
    </p>
   </div>
   <div class='ocr_carea' id='block_1_75' title="bbox 2027 3299 3597 3374">
    <p class='ocr_par' dir='ltr' id='par_1_75' title="bbox 2027 3299 3597 3374">
     <span class='ocr_line' id='line_1_75' title="bbox 2027 3299 3597 3374; baseline -0.004 -16"><span class='ocrx_word' id='word_1_508' title='bbox 2027 3305 2119 3358; x_wconf 72' lang='grc' dir='ltr'><strong>ἐπὶ</strong></span> <span class='ocrx_word' id='word_1_509' title='bbox 2153 3302 2407 3374; x_wconf 85' lang='grc' dir='ltr'>σταυροῦ.</span> <span class='ocrx_word' id='word_1_510' title='bbox 2453 3301 2662 3370; x_wconf 78' lang='grc' dir='ltr'>Φωνὴν</span> <span class='ocrx_word' id='word_1_511' title='bbox 2683 3303 2869 3357; x_wconf 81' lang='grc' dir='ltr'>αὑτοῦ</span> <span class='ocrx_word' id='word_1_512' title='bbox 2898 3303 2990 3356; x_wconf 83' lang='grc' dir='ltr'><strong>τὸν</strong></span> <span class='ocrx_word' id='word_1_513' title='bbox 3042 3299 3391 3370; x_wconf 83' lang='grc' dir='ltr'>εὐαγγελικὺν</span> <span class='ocrx_word' id='word_1_514' title='bbox 3433 3299 3597 3368; x_wconf 85' lang='grc' dir='ltr'>λόγον</span> 
     </span>
    </p>
   </div>
   <div class='ocr_carea' id='block_1_76' title="bbox 2028 3390 3593 3467">
    <p class='ocr_par' dir='ltr' id='par_1_76' title="bbox 2028 3390 3593 3467">
     <span class='ocr_line' id='line_1_76' title="bbox 2028 3390 3593 3467; baseline -0.003 -17"><span class='ocrx_word' id='word_1_515' title='bbox 2028 3397 2208 3467; x_wconf 84' lang='grc' dir='ltr'>φησίν.</span> <span class='ocrx_word' id='word_1_516' title='bbox 2239 3397 2362 3450; x_wconf 81' lang='grc' dir='ltr'>Ἐὰν</span> <span class='ocrx_word' id='word_1_517' title='bbox 2388 3395 2494 3466; x_wconf 78' lang='grc' dir='ltr'>γὰρ</span> <span class='ocrx_word' id='word_1_518' title='bbox 2513 3395 2722 3467; x_wconf 81' lang='grc' dir='ltr'>ἀκούσῃ</span> <span class='ocrx_word' id='word_1_519' title='bbox 2748 3394 2926 3466; x_wconf 83' lang='grc' dir='ltr'>φωνὴν</span> <span class='ocrx_word' id='word_1_520' title='bbox 2956 3393 3161 3464; x_wconf 85' lang='grc' dir='ltr'>Κυρίου</span> <span class='ocrx_word' id='word_1_521' title='bbox 3192 3393 3336 3464; x_wconf 80' lang='grc' dir='ltr'>ψυχὴ</span> <span class='ocrx_word' id='word_1_522' title='bbox 3375 3390 3593 3462; x_wconf 79' lang='grc' dir='ltr'>λογικὴ,</span> 
     </span>
    </p>
   </div>
   <div class='ocr_carea' id='block_1_77' title="bbox 2027 3481 3596 3557">
    <p class='ocr_par' dir='ltr' id='par_1_77' title="bbox 2027 3481 3596 3557">
     <span class='ocr_line' id='line_1_77' title="bbox 2027 3481 3596 3557; baseline -0.005 -16"><span class='ocrx_word' id='word_1_523' title='bbox 2027 3487 2311 3543; x_wconf 72' lang='grc' dir='ltr'>σαλεύεται</span> <span class='ocrx_word' id='word_1_524' title='bbox 2339 3485 2733 3557; x_wconf 72' lang='grc' dir='ltr'>μεταϐαίνουσα</span> <span class='ocrx_word' id='word_1_525' title='bbox 2755 3485 2863 3538; x_wconf 86' lang='grc' dir='ltr'><strong>ἀπὸ</strong></span> <span class='ocrx_word' id='word_1_526' title='bbox 2883 3483 3078 3547; x_wconf 87' lang='grc' dir='ltr'>κακίας</span> <span class='ocrx_word' id='word_1_527' title='bbox 3106 3485 3184 3546; x_wconf 80' lang='grc' dir='ltr'><strong>είς</strong></span> <span class='ocrx_word' id='word_1_528' title='bbox 3215 3481 3415 3554; x_wconf 80' lang='grc' dir='ltr'>ἀρετὴν</span> <span class='ocrx_word' id='word_1_529' title='bbox 3437 3519 3453 3545; x_wconf 92' lang='grc'><strong>,</strong></span> <span class='ocrx_word' id='word_1_530' title='bbox 3496 3481 3596 3534; x_wconf 77' lang='grc' dir='ltr'><strong>καὶ</strong></span> 
     </span>
    </p>
   </div>
   <div class='ocr_carea' id='block_1_78' title="bbox 2003 3573 3036 3655">
    <p class='ocr_par' dir='ltr' id='par_1_78' title="bbox 2003 3573 3036 3655">
     <span class='ocr_line' id='line_1_78' title="bbox 2003 3573 3036 3655; baseline -0.006 -21"><span class='ocrx_word' id='word_1_531' title='bbox 2003 3653 2005 3655; x_wconf 15' lang='grc' dir='ltr'><strong><em>ι</em></strong></span> <span class='ocrx_word' id='word_1_532' title='bbox 2026 3579 2136 3634; x_wconf 85' lang='grc' dir='ltr'><strong>ἀπὸ</strong></span> <span class='ocrx_word' id='word_1_533' title='bbox 2161 3577 2431 3647; x_wconf 90' lang='grc' dir='ltr'>ἀγνωσίας</span> <span class='ocrx_word' id='word_1_534' title='bbox 2469 3579 2548 3640; x_wconf 86' lang='grc' dir='ltr'><strong>είς</strong></span> <span class='ocrx_word' id='word_1_535' title='bbox 2571 3577 2860 3643; x_wconf 80' lang='grc' dir='ltr'>ἐπίγνωσιν</span> <span class='ocrx_word' id='word_1_536' title='bbox 2881 3573 3036 3628; x_wconf 82' lang='grc' dir='ltr'>Θεοῦ.</span> 
     </span>
    </p>
   </div>
   <div class='ocr_carea' id='block_1_79' title="bbox 2098 3772 3602 3849">
    <p class='ocr_par' dir='ltr' id='par_1_79' title="bbox 2098 3772 3602 3849">
     <span class='ocr_line' id='line_1_79' title="bbox 2098 3772 3602 3849; baseline -0.007 -14"><span class='ocrx_word' id='word_1_537' title='bbox 2098 3782 2310 3849; x_wconf 81' lang='grc' dir='ltr'>Κύριος</span> <span class='ocrx_word' id='word_1_538' title='bbox 2343 3779 2458 3833; x_wconf 86' lang='grc' dir='ltr'><strong>τῶν</strong></span> <span class='ocrx_word' id='word_1_539' title='bbox 2491 3778 2804 3848; x_wconf 79' lang='grc' dir='ltr'>δυνάμεων</span> <span class='ocrx_word' id='word_1_540' title='bbox 2825 3779 2953 3848; x_wconf 85' lang='grc' dir='ltr'>μεθ’</span> <span class='ocrx_word' id='word_1_541' title='bbox 2988 3775 3176 3846; x_wconf 74' lang='grc' dir='ltr'>ἡμῶν,</span> <span class='ocrx_word' id='word_1_542' title='bbox 3217 3772 3602 3840; x_wconf 75' lang='grc' dir='ltr'>ἀντιλήπτωρ</span> 
     </span>
    </p>
   </div>
   <div class='ocr_carea' id='block_1_80' title="bbox 2027 3865 3597 3941">
    <p class='ocr_par' dir='ltr' id='par_1_80' title="bbox 2027 3865 3597 3941">
     <span class='ocr_line' id='line_1_80' title="bbox 2027 3865 3597 3941; baseline -0.004 -16"><span class='ocrx_word' id='word_1_543' title='bbox 2027 3870 2196 3940; x_wconf 74' lang='grc' dir='ltr'>ἡμῶν</span> <span class='ocrx_word' id='word_1_544' title='bbox 2229 3875 2262 3925; x_wconf 82' lang='grc' dir='ltr'><em>ὁ</em></span> <span class='ocrx_word' id='word_1_545' title='bbox 2281 3871 2422 3936; x_wconf 87' lang='grc' dir='ltr'>Θεὸς</span> <span class='ocrx_word' id='word_1_546' title='bbox 2455 3869 2666 3924; x_wconf 81' lang='grc' dir='ltr'>Ἰακώϐ.</span> <span class='ocrx_word' id='word_1_547' title='bbox 2691 3871 2799 3941; x_wconf 83' lang='grc' dir='ltr'>Τὴν</span> <span class='ocrx_word' id='word_1_548' title='bbox 2830 3871 2982 3940; x_wconf 83' lang='grc' dir='ltr'>νίκην</span> <span class='ocrx_word' id='word_1_549' title='bbox 3015 3868 3110 3938; x_wconf 85' lang='grc' dir='ltr'>τὴν</span> <span class='ocrx_word' id='word_1_550' title='bbox 3136 3865 3428 3936; x_wconf 82' lang='grc' dir='ltr'>γενομένην</span> <span class='ocrx_word' id='word_1_551' title='bbox 3454 3866 3597 3918; x_wconf 86' lang='grc' dir='ltr'><strong>κατά</strong></span> 
     </span>
    </p>
   </div>
   <div class='ocr_carea' id='block_1_81' title="bbox 2027 3954 3596 4032">
    <p class='ocr_par' dir='ltr' id='par_1_81' title="bbox 2027 3954 3596 4032">
     <span class='ocr_line' id='line_1_81' title="bbox 2027 3954 3596 4032; baseline -0.005 -18"><span class='ocrx_word' id='word_1_552' title='bbox 2027 3963 2132 4014; x_wconf 84' lang='grc' dir='ltr'><strong>τῶν</strong></span> <span class='ocrx_word' id='word_1_553' title='bbox 2159 3961 2361 4032; x_wconf 82' lang='grc' dir='ltr'>νοητῶν</span> <span class='ocrx_word' id='word_1_554' title='bbox 2387 3962 2593 4032; x_wconf 80' lang='grc' dir='ltr'>ἐχθρῶν</span> <span class='ocrx_word' id='word_1_555' title='bbox 2627 3961 2773 4031; x_wconf 84' lang='grc' dir='ltr'>αὑτῷ</span> <span class='ocrx_word' id='word_1_556' title='bbox 2793 3960 2868 4030; x_wconf 79' lang='grc' dir='ltr'><strong>τῷ</strong></span> <span class='ocrx_word' id='word_1_557' title='bbox 2898 3960 3084 4031; x_wconf 81' lang='grc' dir='ltr'>Κυρίῳ</span> <span class='ocrx_word' id='word_1_558' title='bbox 3112 3957 3445 4026; x_wconf 80' lang='grc' dir='ltr'>ἀνατίθησιν.</span> <span class='ocrx_word' id='word_1_559' title='bbox 3489 3954 3596 4007; x_wconf 80' lang='grc' dir='ltr'><strong>Εὑ-</strong></span> 
     </span>
    </p>
   </div>
   <div class='ocr_carea' id='block_1_82' title="bbox 2029 4045 3596 4124">
    <p class='ocr_par' dir='ltr' id='par_1_82' title="bbox 2029 4045 3596 4124">
     <span class='ocr_line' id='line_1_82' title="bbox 2029 4045 3596 4124; baseline -0.006 -17"><span class='ocrx_word' id='word_1_560' title='bbox 2029 4054 2234 4124; x_wconf 79' lang='grc' dir='ltr'>καίρως</span> <span class='ocrx_word' id='word_1_561' title='bbox 2257 4053 2314 4107; x_wconf 83' lang='grc' dir='ltr'><strong>δὲ</strong></span> <span class='ocrx_word' id='word_1_562' title='bbox 2338 4052 2433 4107; x_wconf 90' lang='grc' dir='ltr'><strong>τοῦ</strong></span> <span class='ocrx_word' id='word_1_563' title='bbox 2473 4051 2735 4122; x_wconf 69' lang='grc' dir='ltr'>Ἰακὼᾶὴ</span> <span class='ocrx_word' id='word_1_564' title='bbox 2775 4053 2960 4122; x_wconf 84' lang='grc' dir='ltr'>μνήμη</span> <span class='ocrx_word' id='word_1_565' title='bbox 2996 4049 3085 4103; x_wconf 81' lang='grc' dir='ltr'>διὰ</span> <span class='ocrx_word' id='word_1_566' title='bbox 3129 4049 3228 4118; x_wconf 80' lang='grc' dir='ltr'><strong>τὴν</strong></span> <span class='ocrx_word' id='word_1_567' title='bbox 3269 4047 3446 4116; x_wconf 77' lang='grc' dir='ltr'>πάλην</span> <span class='ocrx_word' id='word_1_568' title='bbox 3492 4045 3596 4115; x_wconf 83' lang='grc' dir='ltr'>τὴν</span> 
     </span>
    </p>
   </div>
   <div class='ocr_carea' id='block_1_83' title="bbox 2030 4146 2682 4216">
    <p class='ocr_par' dir='ltr' id='par_1_83' title="bbox 2030 4146 2682 4216">
     <span class='ocr_line' id='line_1_83' title="bbox 2030 4146 2682 4216; baseline 0.002 -19"><span class='ocrx_word' id='word_1_569' title='bbox 2030 4146 2326 4216; x_wconf 83' lang='grc' dir='ltr'>γενομένην</span> <span class='ocrx_word' id='word_1_570' title='bbox 2356 4147 2488 4215; x_wconf 86' lang='grc' dir='ltr'>πρὸς</span> <span class='ocrx_word' id='word_1_571' title='bbox 2507 4146 2682 4198; x_wconf 72' lang='grc' dir='ltr'>αὐτόν.</span> 
     </span>
    </p>
   </div>
   <div class='ocr_carea' id='block_1_84' title="bbox 2098 4229 3594 4304">
    <p class='ocr_par' dir='ltr' id='par_1_84' title="bbox 2098 4229 3594 4304">
     <span class='ocr_line' id='line_1_84' title="bbox 2098 4229 3594 4304; baseline -0.005 -14"><span class='ocrx_word' id='word_1_572' title='bbox 2098 4237 2276 4292; x_wconf 86' lang='grc' dir='ltr'>Δεῦτε</span> <span class='ocrx_word' id='word_1_573' title='bbox 2301 4239 2396 4290; x_wconf 76' lang='grc' dir='ltr'>καὶ</span> <span class='ocrx_word' id='word_1_574' title='bbox 2419 4237 2573 4289; x_wconf 85' lang='grc' dir='ltr'>ἴδετε</span> <span class='ocrx_word' id='word_1_575' title='bbox 2604 4236 2672 4288; x_wconf 86' lang='grc' dir='ltr'>τὰ</span> <span class='ocrx_word' id='word_1_576' title='bbox 2695 4234 2838 4304; x_wconf 69' lang='grc' dir='ltr'>ἔργα</span> <span class='ocrx_word' id='word_1_577' title='bbox 2879 4235 2984 4287; x_wconf 85' lang='grc' dir='ltr'><strong>τοῦ</strong></span> <span class='ocrx_word' id='word_1_578' title='bbox 3013 4234 3193 4300; x_wconf 86' lang='grc' dir='ltr'>Θεοῦ,</span> <span class='ocrx_word' id='word_1_579' title='bbox 3226 4231 3265 4285; x_wconf 77' lang='grc' dir='ltr'><em>ἃ</em></span> <span class='ocrx_word' id='word_1_580' title='bbox 3306 4233 3469 4286; x_wconf 84' lang='grc' dir='ltr'>ἔθετο</span> <span class='ocrx_word' id='word_1_581' title='bbox 3499 4229 3594 4283; x_wconf 86' lang='grc' dir='ltr'><strong>τέ-</strong></span> 
     </span>
    </p>
   </div>
   <div class='ocr_carea' id='block_1_85' title="bbox 2022 4321 3597 4396">
    <p class='ocr_par' dir='ltr' id='par_1_85' title="bbox 2022 4321 3597 4396">
     <span class='ocr_line' id='line_1_85' title="bbox 2022 4321 3597 4396; baseline -0.006 -15"><span class='ocrx_word' id='word_1_582' title='bbox 2022 4345 2176 4394; x_wconf 65' lang='lat' dir='ltr'><strong>fata</strong></span> <span class='ocrx_word' id='word_1_583' title='bbox 2204 4327 2300 4381; x_wconf 79' lang='grc' dir='ltr'><strong>ἐπὶ</strong></span> <span class='ocrx_word' id='word_1_584' title='bbox 2324 4325 2431 4394; x_wconf 84' lang='grc' dir='ltr'>τῆς</span> <span class='ocrx_word' id='word_1_585' title='bbox 2456 4326 2589 4395; x_wconf 75' lang='grc' dir='ltr'>γῆς.</span> <span class='ocrx_word' id='word_1_586' title='bbox 2613 4327 2722 4396; x_wconf 81' lang='grc' dir='ltr'>Τὴν</span> <span class='ocrx_word' id='word_1_587' title='bbox 2749 4326 3041 4396; x_wconf 82' lang='grc' dir='ltr'>γενομένην</span> <span class='ocrx_word' id='word_1_588' title='bbox 3066 4323 3154 4376; x_wconf 87' lang='grc' dir='ltr'>διὰ</span> <span class='ocrx_word' id='word_1_589' title='bbox 3191 4321 3283 4375; x_wconf 89' lang='grc' dir='ltr'><strong>τοῦ</strong></span> <span class='ocrx_word' id='word_1_590' title='bbox 3305 4339 3374 4392; x_wconf 89' lang='grc' dir='ltr'><strong>κη</strong></span> <span class='ocrx_word' id='word_1_591' title='bbox 3385 4321 3597 4391; x_wconf 84' lang='grc' dir='ltr'>ρύγμα-</span> 
     </span>
    </p>
   </div>
   <div class='ocr_carea' id='block_1_86' title="bbox 360 4413 1924 4512">
    <p class='ocr_par' dir='ltr' id='par_1_86' title="bbox 360 4415 1924 4484">
     <span class='ocr_line' id='line_1_86' title="bbox 360 4415 1924 4484; baseline 0.006 -16"><span class='ocrx_word' id='word_1_592' title='bbox 360 4415 600 4484; x_wconf 73' lang='lat' dir='ltr'><strong>gnificat,</strong></span> <span class='ocrx_word' id='word_1_593' title='bbox 634 4435 756 4473; x_wconf 91' lang='lat' dir='ltr'><strong>cum</strong></span> <span class='ocrx_word' id='word_1_594' title='bbox 787 4421 864 4474; x_wconf 89' lang='lat' dir='ltr'><strong>ait</strong></span> <span class='ocrx_word' id='word_1_595' title='bbox 903 4421 1102 4476; x_wconf 88' lang='lat' dir='ltr'><strong>bellum</strong></span> <span class='ocrx_word' id='word_1_596' title='bbox 1133 4439 1294 4479; x_wconf 90' lang='lat' dir='ltr'><strong>omne</strong></span> <span class='ocrx_word' id='word_1_597' title='bbox 1347 4425 1398 4478; x_wconf 91' lang='lat' dir='ltr'><strong>in</strong></span> <span class='ocrx_word' id='word_1_598' title='bbox 1451 4433 1593 4480; x_wconf 89' lang='lat' dir='ltr'><strong>terra</strong></span> <span class='ocrx_word' id='word_1_599' title='bbox 1640 4426 1800 4480; x_wconf 82' lang='lat' dir='ltr'><strong>tinem</strong></span> <span class='ocrx_word' id='word_1_600' title='bbox 1827 4424 1924 4478; x_wconf 87' lang='lat' dir='ltr'><strong>ha-</strong></span> 
     </span>
    </p>
   </div>
   <div class='ocr_carea' id='block_1_87' title="bbox 2047 4413 3594 4512">
    <p class='ocr_par' dir='ltr' id='par_1_87' title="bbox 2047 4413 3594 4489">
     <span class='ocr_line' id='line_1_87' title="bbox 2047 4413 3594 4489; baseline -0.005 -19"><span class='ocrx_word' id='word_1_601' title='bbox 2047 4436 2121 4482; x_wconf 77' lang='grc' dir='ltr'><strong>τος</strong></span> <span class='ocrx_word' id='word_1_602' title='bbox 2165 4420 2384 4489; x_wconf 76' lang='grc' dir='ltr'>εἰρήνην</span> <span class='ocrx_word' id='word_1_603' title='bbox 2424 4419 2843 4488; x_wconf 81' lang='grc' dir='ltr'>κατασημαίνει,</span> <span class='ocrx_word' id='word_1_604' title='bbox 2893 4418 2980 4471; x_wconf 80' lang='grc' dir='ltr'>διὰ</span> <span class='ocrx_word' id='word_1_605' title='bbox 3011 4415 3105 4468; x_wconf 88' lang='grc' dir='ltr'><strong>τοῦ</strong></span> <span class='ocrx_word' id='word_1_606' title='bbox 3138 4415 3312 4468; x_wconf 84' lang='grc' dir='ltr'>πάντα</span> <span class='ocrx_word' id='word_1_607' title='bbox 3360 4413 3594 4481; x_wconf 86' lang='grc' dir='ltr'>πόλεμον</span> 
     </span>
    </p>
   </div>
   <div class='ocr_carea' id='block_1_88' title="bbox 365 4507 1929 4580">
    <p class='ocr_par' dir='ltr' id='par_1_88' title="bbox 365 4507 1929 4580">
     <span class='ocr_line' id='line_1_88' title="bbox 365 4507 1929 4580; baseline 0.01 -22"><span class='ocrx_word' id='word_1_608' title='bbox 365 4507 565 4562; x_wconf 82' lang='lat' dir='ltr'><strong>nuisse.</strong></span> <span class='ocrx_word' id='word_1_609' title='bbox 607 4509 857 4580; x_wconf 82' lang='lat' dir='ltr'><strong>Prodigia</strong></span> <span class='ocrx_word' id='word_1_610' title='bbox 911 4524 1088 4569; x_wconf 87' lang='lat' dir='ltr'><strong>autem</strong></span> <span class='ocrx_word' id='word_1_611' title='bbox 1119 4515 1251 4571; x_wconf 88' lang='lat' dir='ltr'><strong>dicit</strong></span> <span class='ocrx_word' id='word_1_612' title='bbox 1299 4519 1631 4574; x_wconf 88' lang='lat' dir='ltr'><strong>cessationes</strong></span> <span class='ocrx_word' id='word_1_613' title='bbox 1669 4527 1725 4573; x_wconf 91' lang='lat' dir='ltr'><strong>et</strong></span> <span class='ocrx_word' id='word_1_614' title='bbox 1777 4533 1929 4573; x_wconf 85' lang='lat' dir='ltr'><strong>com-</strong></span> 
     </span>
    </p>
   </div>
   <div class='ocr_carea' id='block_1_89' title="bbox 364 4598 1746 4665">
    <p class='ocr_par' dir='ltr' id='par_1_89' title="bbox 364 4598 1746 4665">
     <span class='ocr_line' id='line_1_89' title="bbox 364 4598 1746 4665; baseline 0.014 -20"><span class='ocrx_word' id='word_1_615' title='bbox 364 4598 692 4662; x_wconf 85' lang='lat' dir='ltr'><strong>pressiones.</strong></span> <span class='ocrx_word' id='word_1_616' title='bbox 732 4600 960 4656; x_wconf 85' lang='lat' dir='ltr'><strong>Cessare</strong></span> <span class='ocrx_word' id='word_1_617' title='bbox 991 4603 1117 4659; x_wconf 81' lang='lat' dir='ltr'><strong>fecit</strong></span> <span class='ocrx_word' id='word_1_618' title='bbox 1142 4607 1288 4660; x_wconf 89' lang='lat' dir='ltr'><strong>enim</strong></span> <span class='ocrx_word' id='word_1_619' title='bbox 1326 4623 1490 4664; x_wconf 90' lang='lat' dir='ltr'><strong>omne</strong></span> <span class='ocrx_word' id='word_1_620' title='bbox 1521 4610 1746 4665; x_wconf 85' lang='lat' dir='ltr'><strong>bellum.</strong></span> 
     </span>
    </p>
   </div>
   <div class='ocr_carea' id='block_1_90' title="bbox 437 4772 1931 4848">
    <p class='ocr_par' dir='ltr' id='par_1_90' title="bbox 437 4772 1931 4848">
     <span class='ocr_line' id='line_1_90' title="bbox 437 4772 1931 4848; baseline 0.009 -26"><span class='ocrx_word' id='word_1_621' title='bbox 437 4772 521 4824; x_wconf 84' lang='grc'><strong>10.</strong></span> <span class='ocrx_word' id='word_1_622' title='bbox 589 4774 782 4825; x_wconf 78' lang='lat' dir='ltr'><strong>Arcum</strong></span> <span class='ocrx_word' id='word_1_623' title='bbox 812 4785 1037 4829; x_wconf 85' lang='lat' dir='ltr'><strong>conteret</strong></span> <span class='ocrx_word' id='word_1_624' title='bbox 1083 4787 1131 4829; x_wconf 93' lang='lat' dir='ltr'><strong>et</strong></span> <span class='ocrx_word' id='word_1_625' title='bbox 1172 4781 1463 4848; x_wconf 80' lang='lat' dir='ltr'><strong>confringet</strong></span> <span class='ocrx_word' id='word_1_626' title='bbox 1494 4798 1665 4847; x_wconf 87' lang='lat' dir='ltr'><strong>arma,</strong></span> <span class='ocrx_word' id='word_1_627' title='bbox 1701 4792 1750 4836; x_wconf 86' lang='lat' dir='ltr'><strong>et</strong></span> <span class='ocrx_word' id='word_1_628' title='bbox 1780 4791 1931 4836; x_wconf 88' lang='lat' dir='ltr'><strong>scuta</strong></span> 
     </span>
    </p>
   </div>
   <div class='ocr_carea' id='block_1_91' title="bbox 365 4865 1928 4942">
    <p class='ocr_par' dir='ltr' id='par_1_91' title="bbox 365 4865 1928 4942">
     <span class='ocr_line' id='line_1_91' title="bbox 365 4865 1928 4942; baseline 0.007 -26"><span class='ocrx_word' id='word_1_629' title='bbox 365 4865 628 4919; x_wconf 82' lang='lat' dir='ltr'><strong>comburet</strong></span> <span class='ocrx_word' id='word_1_630' title='bbox 651 4867 781 4937; x_wconf 84' lang='lat' dir='ltr'><strong>igni.</strong></span> <span class='ocrx_word' id='word_1_631' title='bbox 808 4869 1030 4932; x_wconf 77' lang='lat' dir='ltr'><strong>Arcum,</strong></span> <span class='ocrx_word' id='word_1_632' title='bbox 1066 4871 1229 4925; x_wconf 89' lang='lat' dir='ltr'><strong>telum</strong></span> <span class='ocrx_word' id='word_1_633' title='bbox 1260 4880 1312 4925; x_wconf 90' lang='lat' dir='ltr'><strong>et</strong></span> <span class='ocrx_word' id='word_1_634' title='bbox 1342 4882 1578 4935; x_wconf 85' lang='lat' dir='ltr'><strong>scutum,</strong></span> <span class='ocrx_word' id='word_1_635' title='bbox 1633 4876 1928 4942; x_wconf 87' lang='lat' dir='ltr'><strong>pessimum</strong></span> 
     </span>
    </p>
   </div>
   <div class='ocr_carea' id='block_1_92' title="bbox 363 4958 1660 5031">
    <p class='ocr_par' dir='ltr' id='par_1_92' title="bbox 363 4958 1660 5031">
     <span class='ocr_line' id='line_1_92' title="bbox 363 4958 1660 5031; baseline 0.005 -20"><span class='ocrx_word' id='word_1_636' title='bbox 363 4958 606 5014; x_wconf 85' lang='lat' dir='ltr'><strong>indicant</strong></span> <span class='ocrx_word' id='word_1_637' title='bbox 635 4969 861 5027; x_wconf 87' lang='lat' dir='ltr'><strong>statum,</strong></span> <span class='ocrx_word' id='word_1_638' title='bbox 891 4969 944 5016; x_wconf 90' lang='lat' dir='ltr'><strong>et</strong></span> <span class='ocrx_word' id='word_1_639' title='bbox 977 4976 1262 5031; x_wconf 72' lang='lat' dir='ltr'><strong>perversas</strong></span> <span class='ocrx_word' id='word_1_640' title='bbox 1283 4964 1660 5018; x_wconf 75' lang='lat' dir='ltr'><strong>coaitationes.</strong></span> 
     </span>
    </p>
   </div>
   <div class='ocr_carea' id='block_1_93' title="bbox 438 5131 1929 5214">
    <p class='ocr_par' dir='ltr' id='par_1_93' title="bbox 438 5131 1929 5214">
     <span class='ocr_line' id='line_1_93' title="bbox 438 5131 1929 5214; baseline 0.007 -26"><span class='ocrx_word' id='word_1_641' title='bbox 438 5131 525 5190; x_wconf 73' lang='lat' dir='ltr'><strong>fi.</strong></span> <span class='ocrx_word' id='word_1_642' title='bbox 604 5139 796 5195; x_wconf 82' lang='lat' dir='ltr'><strong>Vacate</strong></span> <span class='ocrx_word' id='word_1_643' title='bbox 853 5151 902 5194; x_wconf 90' lang='lat' dir='ltr'><strong>et</strong></span> <span class='ocrx_word' id='word_1_644' title='bbox 965 5155 1130 5197; x_wconf 81' lang='lat' dir='ltr'><strong>viaete</strong></span> <span class='ocrx_word' id='word_1_645' title='bbox 1175 5159 1424 5212; x_wconf 81' lang='lat' dir='ltr'><strong>quoniam</strong></span> <span class='ocrx_word' id='word_1_646' title='bbox 1455 5161 1546 5214; x_wconf 89' lang='lat' dir='ltr'><strong>ego</strong></span> <span class='ocrx_word' id='word_1_647' title='bbox 1596 5161 1711 5198; x_wconf 89' lang='lat' dir='ltr'><strong>sum</strong></span> <span class='ocrx_word' id='word_1_648' title='bbox 1769 5145 1929 5200; x_wconf 84' lang='lat' dir='ltr'><strong>Deus.</strong></span> 
     </span>
    </p>
   </div>
   <div class='ocr_carea' id='block_1_94' title="bbox 367 5228 1928 5309">
    <p class='ocr_par' dir='ltr' id='par_1_94' title="bbox 367 5228 1928 5309">
     <span class='ocr_line' id='line_1_94' title="bbox 367 5228 1928 5309; baseline 0.006 -26"><span class='ocrx_word' id='word_1_649' title='bbox 367 5228 481 5284; x_wconf 82' lang='lat' dir='ltr'><strong>Nisi</strong></span> <span class='ocrx_word' id='word_1_650' title='bbox 517 5234 642 5300; x_wconf 91' lang='lat' dir='ltr'><strong>quis</strong></span> <span class='ocrx_word' id='word_1_651' title='bbox 668 5236 812 5290; x_wconf 90' lang='lat' dir='ltr'><strong>enim</strong></span> <span class='ocrx_word' id='word_1_652' title='bbox 849 5238 1182 5292; x_wconf 88' lang='lat' dir='ltr'><strong>mundanam</strong></span> <span class='ocrx_word' id='word_1_653' title='bbox 1218 5254 1437 5293; x_wconf 91' lang='lat' dir='ltr'><strong>omnem</strong></span> <span class='ocrx_word' id='word_1_654' title='bbox 1479 5255 1666 5294; x_wconf 89' lang='lat' dir='ltr'><strong>curam</strong></span> <span class='ocrx_word' id='word_1_655' title='bbox 1688 5240 1928 5309; x_wconf 88' lang='lat' dir='ltr'><strong>abjiciat,</strong></span> 
     </span>
    </p>
   </div>
   <div class='ocr_carea' id='block_1_95' title="bbox 368 5328 1934 5401">
    <p class='ocr_par' dir='ltr' id='par_1_95' title="bbox 368 5328 1934 5401">
     <span class='ocr_line' id='line_1_95' title="bbox 368 5328 1934 5401; baseline 0.009 -29"><span class='ocrx_word' id='word_1_656' title='bbox 368 5334 473 5374; x_wconf 88' lang='lat' dir='ltr'><strong>non</strong></span> <span class='ocrx_word' id='word_1_657' title='bbox 509 5332 688 5390; x_wconf 89' lang='lat' dir='ltr'><strong>potest</strong></span> <span class='ocrx_word' id='word_1_658' title='bbox 724 5341 887 5382; x_wconf 83' lang='lat' dir='ltr'><strong>nosse</strong></span> <span class='ocrx_word' id='word_1_659' title='bbox 917 5328 1110 5384; x_wconf 91' lang='lat' dir='ltr'><strong>Deum.</strong></span> <span class='ocrx_word' id='word_1_660' title='bbox 1153 5328 1444 5384; x_wconf 81' lang='lat' dir='ltr'><strong>Vacatione</strong></span> <span class='ocrx_word' id='word_1_661' title='bbox 1477 5332 1620 5385; x_wconf 90' lang='lat' dir='ltr'><strong>enim</strong></span> <span class='ocrx_word' id='word_1_662' title='bbox 1671 5347 1808 5401; x_wconf 90' lang='lat' dir='ltr'><strong>opus</strong></span> <span class='ocrx_word' id='word_1_663' title='bbox 1850 5339 1934 5386; x_wconf 91' lang='lat' dir='ltr'><strong>est</strong></span> 
     </span>
    </p>
   </div>
   <div class='ocr_carea' id='block_1_96' title="bbox 368 5410 1934 5490">
    <p class='ocr_par' dir='ltr' id='par_1_96' title="bbox 368 5410 1934 5490">
     <span class='ocr_line' id='line_1_96' title="bbox 368 5410 1934 5490; baseline 0.008 -28"><span class='ocrx_word' id='word_1_664' title='bbox 368 5411 434 5462; x_wconf 83' lang='lat' dir='ltr'><strong>ad</strong></span> <span class='ocrx_word' id='word_1_665' title='bbox 468 5410 559 5466; x_wconf 87' lang='lat' dir='ltr'><strong>Dei</strong></span> <span class='ocrx_word' id='word_1_666' title='bbox 607 5416 997 5481; x_wconf 82' lang='lat' dir='ltr'><strong>cognitionem.</strong></span> <span class='ocrx_word' id='word_1_667' title='bbox 1049 5421 1342 5477; x_wconf 75' lang='lat' dir='ltr'><strong>Exultabor</strong></span> <span class='ocrx_word' id='word_1_668' title='bbox 1390 5424 1445 5476; x_wconf 87' lang='lat' dir='ltr'><strong>in</strong></span> <span class='ocrx_word' id='word_1_669' title='bbox 1490 5422 1750 5490; x_wconf 86' lang='lat' dir='ltr'><strong>gentibus,</strong></span> <span class='ocrx_word' id='word_1_670' title='bbox 1785 5421 1934 5476; x_wconf 77' lang='lat' dir='ltr'><strong>exal-</strong></span> 
     </span>
    </p>
   </div>
   <div class='ocr_carea' id='block_1_97' title="bbox 369 5502 1932 5581">
    <p class='ocr_par' dir='ltr' id='par_1_97' title="bbox 369 5502 1932 5581">
     <span class='ocr_line' id='line_1_97' title="bbox 369 5502 1932 5581; baseline 0.009 -29"><span class='ocrx_word' id='word_1_671' title='bbox 369 5502 520 5555; x_wconf 82' lang='lat' dir='ltr'><strong>tabor</strong></span> <span class='ocrx_word' id='word_1_672' title='bbox 556 5505 608 5556; x_wconf 85' lang='lat' dir='ltr'><strong>in</strong></span> <span class='ocrx_word' id='word_1_673' title='bbox 646 5514 806 5559; x_wconf 89' lang='lat' dir='ltr'><strong>terra.</strong></span> <span class='ocrx_word' id='word_1_674' title='bbox 840 5506 1250 5569; x_wconf 68' lang='lat' dir='ltr'><strong>Prsedicationis</strong></span> <span class='ocrx_word' id='word_1_675' title='bbox 1291 5513 1552 5568; x_wconf 82' lang='lat' dir='ltr'><strong>adversus</strong></span> <span class='ocrx_word' id='word_1_676' title='bbox 1583 5527 1774 5568; x_wconf 88' lang='lat' dir='ltr'><strong>omnes</strong></span> <span class='ocrx_word' id='word_1_677' title='bbox 1805 5529 1932 5581; x_wconf 80' lang='lat' dir='ltr'><strong>gen-</strong></span> 
     </span>
    </p>
   </div>
   <div class='ocr_carea' id='block_1_98' title="bbox 369 5594 1260 5671">
    <p class='ocr_par' dir='ltr' id='par_1_98' title="bbox 369 5594 1260 5671">
     <span class='ocr_line' id='line_1_98' title="bbox 369 5594 1260 5671; baseline 0.013 -25"><span class='ocrx_word' id='word_1_678' title='bbox 369 5603 449 5646; x_wconf 87' lang='lat' dir='ltr'><strong>tes</strong></span> <span class='ocrx_word' id='word_1_679' title='bbox 479 5594 760 5652; x_wconf 87' lang='lat' dir='ltr'><strong>victoriam</strong></span> <span class='ocrx_word' id='word_1_680' title='bbox 788 5599 919 5668; x_wconf 87' lang='lat' dir='ltr'><strong>ipsis</strong></span> <span class='ocrx_word' id='word_1_681' title='bbox 950 5605 1260 5671; x_wconf 86' lang='lat' dir='ltr'><strong>pollicetur.</strong></span> 
     </span>
    </p>
   </div>
   <div class='ocr_carea' id='block_1_99' title="bbox 443 5686 1929 5764">
    <p class='ocr_par' dir='ltr' id='par_1_99' title="bbox 443 5686 1929 5764">
     <span class='ocr_line' id='line_1_99' title="bbox 443 5686 1929 5764; baseline 0.005 -25"><span class='ocrx_word' id='word_1_682' title='bbox 443 5686 527 5740; x_wconf 77' lang='grc'><strong>12.</strong></span> <span class='ocrx_word' id='word_1_683' title='bbox 592 5688 845 5746; x_wconf 81' lang='lat' dir='ltr'><strong>Dominus</strong></span> <span class='ocrx_word' id='word_1_684' title='bbox 903 5695 1150 5748; x_wconf 73' lang='lat' dir='ltr'><strong>virtutum</strong></span> <span class='ocrx_word' id='word_1_685' title='bbox 1183 5695 1471 5763; x_wconf 85' lang='lat' dir='ltr'><strong>nobiscum,</strong></span> <span class='ocrx_word' id='word_1_686' title='bbox 1515 5705 1782 5764; x_wconf 83' lang='lat' dir='ltr'><strong>susceptor</strong></span> <span class='ocrx_word' id='word_1_687' title='bbox 1835 5710 1929 5746; x_wconf 82' lang='lat' dir='ltr'><strong>uo-</strong></span> 
     </span>
    </p>
   </div>
   <div class='ocr_carea' id='block_1_100' title="bbox 2035 4503 3594 4578">
    <p class='ocr_par' dir='ltr' id='par_1_100' title="bbox 2035 4503 3594 4578">
     <span class='ocr_line' id='line_1_100' title="bbox 2035 4503 3594 4578; baseline -0.004 -14"><span class='ocrx_word' id='word_1_688' title='bbox 2035 4511 2210 4578; x_wconf 89' lang='grc' dir='ltr'>λέγειν</span> <span class='ocrx_word' id='word_1_689' title='bbox 2240 4509 2552 4564; x_wconf 80' lang='grc' dir='ltr'>πεπαῦσθαι</span> <span class='ocrx_word' id='word_1_690' title='bbox 2578 4510 2684 4562; x_wconf 85' lang='grc' dir='ltr'><strong>ἀπὸ</strong></span> <span class='ocrx_word' id='word_1_691' title='bbox 2704 4509 2802 4578; x_wconf 79' lang='grc' dir='ltr'>τῆς</span> <span class='ocrx_word' id='word_1_692' title='bbox 2829 4509 2949 4578; x_wconf 82' lang='grc' dir='ltr'>γῆς.</span> <span class='ocrx_word' id='word_1_693' title='bbox 2975 4508 3190 4573; x_wconf 82' lang='grc' dir='ltr'>Τέρατα</span> <span class='ocrx_word' id='word_1_694' title='bbox 3211 4503 3267 4555; x_wconf 81' lang='grc' dir='ltr'>δὲ</span> <span class='ocrx_word' id='word_1_695' title='bbox 3286 4504 3410 4565; x_wconf 79' lang='grc' dir='ltr'>τοὺς</span> <span class='ocrx_word' id='word_1_696' title='bbox 3448 4503 3594 4571; x_wconf 82' lang='grc' dir='ltr'>ἁφα-</span> 
     </span>
    </p>
   </div>
   <div class='ocr_carea' id='block_1_101' title="bbox 2033 4593 3595 4672">
    <p class='ocr_par' dir='ltr' id='par_1_101' title="bbox 2033 4593 3595 4672">
     <span class='ocr_line' id='line_1_101' title="bbox 2033 4593 3595 4672; baseline -0.006 -17"><span class='ocrx_word' id='word_1_697' title='bbox 2033 4604 2274 4671; x_wconf 82' lang='grc' dir='ltr'>νισμοὺς,</span> <span class='ocrx_word' id='word_1_698' title='bbox 2293 4602 2517 4672; x_wconf 74' lang='grc' dir='ltr'>ἧτοιτάς</span> <span class='ocrx_word' id='word_1_699' title='bbox 2543 4603 2921 4671; x_wconf 85' lang='grc' dir='ltr'>καταργήσεις,</span> <span class='ocrx_word' id='word_1_700' title='bbox 2940 4599 3120 4669; x_wconf 72' lang='grc' dir='ltr'>φησίνο</span> <span class='ocrx_word' id='word_1_701' title='bbox 3148 4597 3458 4667; x_wconf 84' lang='grc' dir='ltr'>κατήργησε</span> <span class='ocrx_word' id='word_1_702' title='bbox 3485 4593 3595 4664; x_wconf 79' lang='grc' dir='ltr'><strong>γὰρ</strong></span> 
     </span>
    </p>
   </div>
   <div class='ocr_carea' id='block_1_102' title="bbox 2035 4692 2492 4762">
    <p class='ocr_par' dir='ltr' id='par_1_102' title="bbox 2035 4692 2492 4762">
     <span class='ocr_line' id='line_1_102' title="bbox 2035 4692 2492 4762; baseline 0.004 -18"><span class='ocrx_word' id='word_1_703' title='bbox 2035 4694 2210 4746; x_wconf 83' lang='grc' dir='ltr'>πάντα</span> <span class='ocrx_word' id='word_1_704' title='bbox 2239 4692 2492 4762; x_wconf 84' lang='grc' dir='ltr'>πόλεμον.</span> 
     </span>
    </p>
   </div>
   <div class='ocr_carea' id='block_1_103' title="bbox 2109 4775 3597 4850">
    <p class='ocr_par' dir='ltr' id='par_1_103' title="bbox 2109 4775 3597 4850">
     <span class='ocr_line' id='line_1_103' title="bbox 2109 4775 3597 4850; baseline -0.006 -14"><span class='ocrx_word' id='word_1_705' title='bbox 2109 4783 2292 4847; x_wconf 81' lang='grc' dir='ltr'>Τόξον</span> <span class='ocrx_word' id='word_1_706' title='bbox 2317 4783 2656 4850; x_wconf 67' lang='grc' dir='ltr'>συντρίψει,</span> <span class='ocrx_word' id='word_1_707' title='bbox 2706 4781 2805 4835; x_wconf 76' lang='grc' dir='ltr'>καὶ</span> <span class='ocrx_word' id='word_1_708' title='bbox 2844 4779 3177 4836; x_wconf 80' lang='grc' dir='ltr'>συνθλάσει</span> <span class='ocrx_word' id='word_1_709' title='bbox 3226 4778 3439 4841; x_wconf 78' lang='grc' dir='ltr'>ὅπλον,</span> <span class='ocrx_word' id='word_1_710' title='bbox 3496 4775 3597 4828; x_wconf 74' lang='grc' dir='ltr'><strong>καί</strong></span> 
     </span>
    </p>
   </div>
   <div class='ocr_carea' id='block_1_104' title="bbox 2033 4867 3596 4943">
    <p class='ocr_par' dir='ltr' id='par_1_104' title="bbox 2033 4867 3596 4943">
     <span class='ocr_line' id='line_1_104' title="bbox 2033 4867 3596 4943; baseline -0.007 -13"><span class='ocrx_word' id='word_1_711' title='bbox 2033 4875 2283 4943; x_wconf 63' lang='grc' dir='ltr'>θιζρεοὺς</span> <span class='ocrx_word' id='word_1_712' title='bbox 2314 4875 2675 4927; x_wconf 79' lang='grc' dir='ltr'>κατακαύσει</span> <span class='ocrx_word' id='word_1_713' title='bbox 2722 4874 2792 4927; x_wconf 83' lang='grc' dir='ltr'>ἐν</span> <span class='ocrx_word' id='word_1_714' title='bbox 2827 4873 2989 4940; x_wconf 79' lang='grc' dir='ltr'>πυρί.</span> <span class='ocrx_word' id='word_1_715' title='bbox 3024 4871 3187 4937; x_wconf 79' lang='grc' dir='ltr'>Τόξον</span> <span class='ocrx_word' id='word_1_716' title='bbox 3233 4869 3328 4922; x_wconf 86' lang='grc' dir='ltr'><strong>νῦν</strong></span> <span class='ocrx_word' id='word_1_717' title='bbox 3351 4909 3365 4933; x_wconf 93' lang='grc'><strong>,</strong></span> <span class='ocrx_word' id='word_1_718' title='bbox 3406 4868 3499 4920; x_wconf 69' lang='grc' dir='ltr'>καὶ</span> <span class='ocrx_word' id='word_1_719' title='bbox 3535 4867 3596 4920; x_wconf 87' lang='grc' dir='ltr'><strong>τὸ</strong></span> 
     </span>
    </p>
   </div>
   <div class='ocr_carea' id='block_1_105' title="bbox 2031 4955 3593 5034">
    <p class='ocr_par' dir='ltr' id='par_1_105' title="bbox 2031 4955 3593 5034">
     <span class='ocr_line' id='line_1_105' title="bbox 2031 4955 3593 5034; baseline -0.007 -15"><span class='ocrx_word' id='word_1_720' title='bbox 2031 4965 2214 5027; x_wconf 81' lang='grc' dir='ltr'>ὅπλον,</span> <span class='ocrx_word' id='word_1_721' title='bbox 2251 4965 2344 5018; x_wconf 75' lang='grc' dir='ltr'><strong>καὶ</strong></span> <span class='ocrx_word' id='word_1_722' title='bbox 2371 4967 2400 5017; x_wconf 85' lang='grc' dir='ltr'>ὁ</span> <span class='ocrx_word' id='word_1_723' title='bbox 2431 4963 2621 5034; x_wconf 83' lang='grc' dir='ltr'>θυρεὸς</span> <span class='ocrx_word' id='word_1_724' title='bbox 2650 4963 2978 5016; x_wconf 72' lang='grc' dir='ltr'>κατάστασιν</span> <span class='ocrx_word' id='word_1_725' title='bbox 3009 4961 3284 5032; x_wconf 86' lang='grc' dir='ltr'>χειρίστην</span> <span class='ocrx_word' id='word_1_726' title='bbox 3318 4955 3593 5028; x_wconf 85' lang='grc' dir='ltr'>σημαίνει,</span> 
     </span>
    </p>
   </div>
   <div class='ocr_carea' id='block_1_106' title="bbox 2035 5055 2752 5126">
    <p class='ocr_par' dir='ltr' id='par_1_106' title="bbox 2035 5055 2752 5126">
     <span class='ocr_line' id='line_1_106' title="bbox 2035 5055 2752 5126; baseline -0.006 -14"><span class='ocrx_word' id='word_1_727' title='bbox 2035 5059 2126 5112; x_wconf 78' lang='grc' dir='ltr'><strong>καὶ</strong></span> <span class='ocrx_word' id='word_1_728' title='bbox 2152 5057 2444 5126; x_wconf 74' lang='grc' dir='ltr'>λογισμοὺς</span> <span class='ocrx_word' id='word_1_729' title='bbox 2468 5055 2752 5126; x_wconf 87' lang='grc' dir='ltr'>πονηρούς.</span> 
     </span>
    </p>
   </div>
   <div class='ocr_carea' id='block_1_107' title="bbox 2107 5141 3596 5219">
    <p class='ocr_par' dir='ltr' id='par_1_107' title="bbox 2107 5141 3596 5219">
     <span class='ocr_line' id='line_1_107' title="bbox 2107 5141 3596 5219; baseline -0.008 -15"><span class='ocrx_word' id='word_1_730' title='bbox 2107 5148 2478 5219; x_wconf 78' lang='grc' dir='ltr'>Σχολάσατε,</span> <span class='ocrx_word' id='word_1_731' title='bbox 2514 5148 2610 5202; x_wconf 75' lang='grc' dir='ltr'>καὶ</span> <span class='ocrx_word' id='word_1_732' title='bbox 2631 5147 2837 5219; x_wconf 74' lang='grc' dir='ltr'>γνῶτε,</span> <span class='ocrx_word' id='word_1_733' title='bbox 2869 5147 2960 5200; x_wconf 84' lang='grc' dir='ltr'>ὅτι</span> <span class='ocrx_word' id='word_1_734' title='bbox 2983 5145 3096 5214; x_wconf 72' lang='grc' dir='ltr'><strong>ἐγώ</strong></span> <span class='ocrx_word' id='word_1_735' title='bbox 3125 5147 3241 5212; x_wconf 80' lang='grc' dir='ltr'>ειμι</span> <span class='ocrx_word' id='word_1_736' title='bbox 3275 5146 3308 5197; x_wconf 82' lang='grc' dir='ltr'><em>ό</em></span> <span class='ocrx_word' id='word_1_737' title='bbox 3344 5141 3504 5206; x_wconf 85' lang='grc' dir='ltr'>Θεός.</span> <span class='ocrx_word' id='word_1_738' title='bbox 3530 5141 3596 5194; x_wconf 68' lang='lat' dir='ltr'><strong>Ei</strong></span> 
     </span>
    </p>
   </div>
   <div class='ocr_carea' id='block_1_108' title="bbox 2038 5231 3595 5314">
    <p class='ocr_par' dir='ltr' id='par_1_108' title="bbox 2038 5231 3595 5314">
     <span class='ocr_line' id='line_1_108' title="bbox 2038 5231 3595 5314; baseline -0.007 -20"><span class='ocrx_word' id='word_1_739' title='bbox 2038 5244 2112 5314; x_wconf 80' lang='grc' dir='ltr'>μὴ</span> <span class='ocrx_word' id='word_1_740' title='bbox 2135 5242 2242 5312; x_wconf 83' lang='grc' dir='ltr'><strong>γάρ</strong></span> <span class='ocrx_word' id='word_1_741' title='bbox 2264 5259 2346 5303; x_wconf 83' lang='grc' dir='ltr'><strong>τις</strong></span> <span class='ocrx_word' id='word_1_742' title='bbox 2371 5241 2550 5309; x_wconf 85' lang='grc' dir='ltr'>πάσης</span> <span class='ocrx_word' id='word_1_743' title='bbox 2573 5239 2842 5310; x_wconf 83' lang='grc' dir='ltr'>κοσμικῆς</span> <span class='ocrx_word' id='word_1_744' title='bbox 2871 5237 3146 5308; x_wconf 83' lang='grc' dir='ltr'>φροντίδος</span> <span class='ocrx_word' id='word_1_745' title='bbox 3171 5236 3390 5305; x_wconf 82' lang='grc' dir='ltr'>γένηται</span> <span class='ocrx_word' id='word_1_746' title='bbox 3420 5231 3595 5295; x_wconf 78' lang='grc' dir='ltr'>ἐκτὸς,</span> 
     </span>
    </p>
   </div>
   <div class='ocr_carea' id='block_1_109' title="bbox 2035 5321 3598 5399">
    <p class='ocr_par' dir='ltr' id='par_1_109' title="bbox 2035 5321 3598 5399">
     <span class='ocr_line' id='line_1_109' title="bbox 2035 5321 3598 5399; baseline -0.008 -12"><span class='ocrx_word' id='word_1_747' title='bbox 2035 5335 2095 5387; x_wconf 86' lang='grc' dir='ltr'>οὺ</span> <span class='ocrx_word' id='word_1_748' title='bbox 2125 5333 2343 5385; x_wconf 87' lang='grc' dir='ltr'>δύναται</span> <span class='ocrx_word' id='word_1_749' title='bbox 2371 5331 2572 5399; x_wconf 84' lang='grc' dir='ltr'>γνῶναι</span> <span class='ocrx_word' id='word_1_750' title='bbox 2605 5332 2696 5384; x_wconf 83' lang='grc' dir='ltr'><strong>τὸν</strong></span> <span class='ocrx_word' id='word_1_751' title='bbox 2726 5329 2876 5382; x_wconf 85' lang='grc' dir='ltr'>Θεόν.</span> <span class='ocrx_word' id='word_1_752' title='bbox 2908 5328 3111 5399; x_wconf 83' lang='grc' dir='ltr'>Σχολῆς</span> <span class='ocrx_word' id='word_1_753' title='bbox 3137 5326 3244 5397; x_wconf 84' lang='grc' dir='ltr'><strong>γὰρ</strong></span> <span class='ocrx_word' id='word_1_754' title='bbox 3276 5325 3430 5396; x_wconf 85' lang='grc' dir='ltr'>χρεία</span> <span class='ocrx_word' id='word_1_755' title='bbox 3463 5321 3598 5394; x_wconf 84' lang='grc' dir='ltr'>πρὸς</span> 
     </span>
    </p>
   </div>
   <div class='ocr_carea' id='block_1_110' title="bbox 2033 5417 3595 5492">
    <p class='ocr_par' dir='ltr' id='par_1_110' title="bbox 2033 5417 3595 5492">
     <span class='ocr_line' id='line_1_110' title="bbox 2033 5417 3595 5492; baseline -0.008 -14"><span class='ocrx_word' id='word_1_756' title='bbox 2033 5426 2096 5478; x_wconf 85' lang='grc' dir='ltr'><strong>τὸ</strong></span> <span class='ocrx_word' id='word_1_757' title='bbox 2123 5424 2322 5492; x_wconf 86' lang='grc' dir='ltr'>γνῶναι</span> <span class='ocrx_word' id='word_1_758' title='bbox 2344 5424 2434 5476; x_wconf 79' lang='grc' dir='ltr'><strong>τὸν</strong></span> <span class='ocrx_word' id='word_1_759' title='bbox 2466 5422 2618 5476; x_wconf 84' lang='grc' dir='ltr'>Θεόν.</span> <span class='ocrx_word' id='word_1_760' title='bbox 2653 5421 3060 5488; x_wconf 65' lang='grc' dir='ltr'>Ὑψωθήσομαι</span> <span class='ocrx_word' id='word_1_761' title='bbox 3080 5420 3149 5472; x_wconf 78' lang='grc' dir='ltr'>ὲν</span> <span class='ocrx_word' id='word_1_762' title='bbox 3173 5417 3298 5483; x_wconf 83' lang='grc' dir='ltr'>τοῖς</span> <span class='ocrx_word' id='word_1_763' title='bbox 3336 5417 3595 5476; x_wconf 77' lang='grc' dir='ltr'>ἔθνεσιν,</span> 
     </span>
    </p>
   </div>
   <div class='ocr_carea' id='block_1_111' title="bbox 2034 5507 3598 5584">
    <p class='ocr_par' dir='ltr' id='par_1_111' title="bbox 2034 5507 3598 5584">
     <span class='ocr_line' id='line_1_111' title="bbox 2034 5507 3598 5584; baseline -0.006 -14"><span class='ocrx_word' id='word_1_764' title='bbox 2034 5515 2426 5584; x_wconf 69' lang='grc' dir='ltr'>ὐψωθήσομαι</span> <span class='ocrx_word' id='word_1_765' title='bbox 2456 5515 2525 5568; x_wconf 86' lang='grc' dir='ltr'>ἐν</span> <span class='ocrx_word' id='word_1_766' title='bbox 2566 5512 2638 5581; x_wconf 75' lang='grc' dir='ltr'>τῇ</span> <span class='ocrx_word' id='word_1_767' title='bbox 2689 5511 2785 5580; x_wconf 72' lang='grc' dir='ltr'>τῇ.</span> <span class='ocrx_word' id='word_1_768' title='bbox 2813 5511 2924 5581; x_wconf 84' lang='grc' dir='ltr'>Τὴν</span> <span class='ocrx_word' id='word_1_769' title='bbox 2971 5511 3326 5582; x_wconf 79' lang='grc' dir='ltr'>ἐπικράτησιν</span> <span class='ocrx_word' id='word_1_770' title='bbox 3357 5507 3451 5562; x_wconf 89' lang='grc' dir='ltr'><strong>τοῦ</strong></span> <span class='ocrx_word' id='word_1_771' title='bbox 3500 5526 3598 5578; x_wconf 84' lang='grc' dir='ltr'>κη-</span> 
     </span>
    </p>
   </div>
   <div class='ocr_carea' id='block_1_112' title="bbox 2040 5597 3594 5676">
    <p class='ocr_par' dir='ltr' id='par_1_112' title="bbox 2040 5597 3594 5676">
     <span class='ocr_line' id='line_1_112' title="bbox 2040 5597 3594 5676; baseline -0.01 -15"><span class='ocrx_word' id='word_1_772' title='bbox 2040 5608 2311 5676; x_wconf 81' lang='grc' dir='ltr'>ρύγματος</span> <span class='ocrx_word' id='word_1_773' title='bbox 2340 5606 2436 5675; x_wconf 81' lang='grc' dir='ltr'>τὴν</span> <span class='ocrx_word' id='word_1_774' title='bbox 2464 5602 2603 5657; x_wconf 78' lang='grc' dir='ltr'><strong>κατά</strong></span> <span class='ocrx_word' id='word_1_775' title='bbox 2637 5601 2742 5655; x_wconf 79' lang='grc' dir='ltr'><strong>τῶν</strong></span> <span class='ocrx_word' id='word_1_776' title='bbox 2781 5601 2948 5653; x_wconf 86' lang='grc' dir='ltr'>ὲθνῶν</span> <span class='ocrx_word' id='word_1_777' title='bbox 2978 5603 3156 5662; x_wconf 82' lang='grc' dir='ltr'>αὐτοῖς</span> <span class='ocrx_word' id='word_1_778' title='bbox 3183 5597 3594 5666; x_wconf 78' lang='grc' dir='ltr'>ἐπαγγέλλεται.</span> 
     </span>
    </p>
   </div>
   <div class='ocr_carea' id='block_1_113' title="bbox 2107 5685 3595 5761">
    <p class='ocr_par' dir='ltr' id='par_1_113' title="bbox 2107 5685 3595 5761">
     <span class='ocr_line' id='line_1_113' title="bbox 2107 5685 3595 5761; baseline -0.009 -11"><span class='ocrx_word' id='word_1_779' title='bbox 2107 5697 2322 5761; x_wconf 75' lang='grc' dir='ltr'>Κύριος</span> <span class='ocrx_word' id='word_1_780' title='bbox 2357 5693 2472 5748; x_wconf 84' lang='grc' dir='ltr'><strong>τῶν</strong></span> <span class='ocrx_word' id='word_1_781' title='bbox 2497 5693 2808 5760; x_wconf 81' lang='grc' dir='ltr'>δυνάμεων</span> <span class='ocrx_word' id='word_1_782' title='bbox 2831 5691 2958 5759; x_wconf 79' lang='grc' dir='ltr'>μεθ’</span> <span class='ocrx_word' id='word_1_783' title='bbox 2988 5690 3172 5760; x_wconf 76' lang='grc' dir='ltr'>ήιιῶν,</span> <span class='ocrx_word' id='word_1_784' title='bbox 3225 5685 3595 5752; x_wconf 73' lang='grc' dir='ltr'>ἁντιλήπτωρ</span> 
     </span>
    </p>
   </div>
  </div>
