3786 6278
142 307 230 360 221

1286 310 1652 367 EXPOSITIO
1689 313 1756 367 IN
1795 315 2122 373 PSALMUH
2167 317 2370 373 XLVII.

3346 326 3452 376 222

141 431 246 500 εἰα,
285 431 454 501 ἥτις
490 433 623 485 ἐστὶ
648 433 805 496 πόλις
833 431 926 484 τοῦ
959 430 1140 498 ,Θεοῦς
1192 433 1255 486 '0
1297 434 1442 502 Θεὸς
1481 437 1777 506 ἐθεμελίω-

1894 455 2010 509 quze
2042 449 2125 495 est
2155 441 2348 495 civitas
2379 439 2511 494 Dei?
2538 438 2678 493 Deus
2702 440 3074 508 fundaviteam
3097 442 3449 505 maternum.

137 536 248 574 ra"
289 523 543 590 αὐτὴν
591 527 687 588 εἰς
727 522 933 577 αἰῶνα.
977 521 1200 594 Ὄμοιόν
1333 527 1604 598 εἰρημένῳ
1638 528 1788 598 παρὰ

137 611 226 663 τα-ῗι
251 613 516 683 Κυρῖου
540 631 552 641 ·
584 612 736 682 Ἐγὼ
766 613 866 666 ἐπὶ
891 613 1004 681 τὴν
1032 613 1255 682 πέτραι·
1275 616 1785 687 οἱκοδομήσωμον

139 704 254 770 τὴν
299 707 760 773 Ἐκκλησίαια

214 800 230 816 ⁸
245 798 721 868 Υπελὰΰομεν,
749 803 781 852 ὁ
810 798 972 865 Θεὸς,
993 799 1057 852 id
1073 800 1244 866 ἔλεός
1258 814 1375 854 σου
1397 800 1467 854 ἐν
1491 799 1661 870 μέσῳ
1681 801 1784 855 τοῦ

140 889 298 942 πιεῖν
335 907 506 943 σου.
558 891 718 944 Ἀντὶ
748 889 862 954 τοῦ,
903 891 1245 961 τεθεάμεθα,
1285 892 1782 964 προσεδοκήσαμεν,

135 982 350 1050 ,τεαὶ-δ,
401 982 495 1043 εἰς
532 981 764 1034 ἃπασαν
796 981 894 1052 τὴν
925 985 1030 1053 γῆν
1054 983 1114 1035 τὸ
1133 982 1307 1052 ὄνομα
1330 982 1424 1036 τοῦ
1467 983 1602 1036 Θεοῦ
1627 983 1785 1048 δοξα-

145 1071 555 1141 αθησόμενον,
611 1074 682 1125 ὲκ
718 1072 811 1125 τοῦ
843 1073 994 1126 ἐλέου
1045 1074 1466 1145 τεκμαιρόμενοι
1513 1074 1588 1146 μὴ
1628 1091 1784 1146 περι-

137 1166 482 1233 σξομένους
516 1166 660 1228 τοὺς
694 1165 1012 1236 ἀνθρώπους
1051 1168 1206 1231 ἐκτὸς
1233 1167 1326 1220 τοῦ
1375 1168 1621 1240 Ἰσραὴλ,
1648 1168 1786 1224 ἀλλά

137 1257 233 1306 u‘:
267 1256 619 1328 ἑγκαθιδρυ
629 1257 781 1328 μένοι
803 1259 952 1330 τόπῳ
973 1277 1032 1312 τε
1057 1260 1148 1312 καὶ
1171 1258 1304 1330 ναῷ,
1326 1260 1417 1313 τὸν
1445 1261 1783 1331 παγκόσμιον

137 1348 498 1419 ἦλπξααμεν
565 1350 723 1402 ἔλεον
746 1391 762 1414 ,
796 1351 997 1415 εἰδότες
1052 1351 1111 1404 τὸ
1142 1351 1315 1422 ὃνομά
1373 1370 1470 1406 σου
1499 1352 1784 1407 καθολικὸν

140 1438 240 1490 καὶ
279 1439 395 1490 ἐπὶ
425 1441 619 1493 πᾶσιν
647 1437 728 1493 δν.

213 1589 411 1644 Κατὰ
433 1589 514 1643 τὸ
555 1589 753 1660 ὄνομά
783 1605 922 1653 σου,
956 1593 988 1645 ὀ
1019 1592 1182 1657 Θεὸς,
1207 1591 1392 1656 οὕτως
1417 1591 1514 1645 καὶ
1555 1591 1594 1659 ἡ
1627 1589 1788 1644 αἴνε-

145 1684 256 1752 σὲς
278 1702 438 1740 σου.
479 1685 667 1738 Τοῦτό
696 1703 847 1757 φησι,
882 1685 1015 1739 διότι
1054 1688 1218 1739 πᾶσιν
1247 1684 1428 1748 ἀπλῶς
1458 1685 1551 1738 καὶ
1577 1686 1783 1756 ἀπροσ-

1889 527 2074 584 Simile
2103 531 2176 584 illi
2203 531 2346 585 dicto
2374 529 2583 584 Domini
2609 549 2623 585 :
2671 529 2840 585 Suver
2880 533 3016 584 Itane
3054 542 3256 586 cetram
3278 535 3452 603 cedi/i-

1885 619 2011 674 cabo
2033 619 2323 675 Ecclesium
2349 637 2512 675 meum
2535 622 2596 675 ³⁸.

1956 777 2045 830 10.
2120 773 2478 845 Suscepimus,
2544 776 2706 840 Deus,
2753 778 3172 832 misericordiam
3222 787 3366 831 tuam
3394 779 3452 832 in

1875 853 2055 919 .medio
2093 868 2270 936 templi
2298 869 2396 921 tui.
2433 865 2600 932 Quasi
2644 865 2788 920 dicat
2816 909 2830 931 ,
2858 868 3204 934 contemplati
3235 883 3446 930 sumus,

1883 961 2316 1027 exspectavimus
2345 961 2396 1012 in
2425 960 2677 1013 universa
2708 967 2846 1011 terra
2889 975 3083 1013 nomen
3123 957 3210 1013 Dei
3246 959 3450 1025 glorifi-

1884 1061 2064 1106 catum
2113 1052 2200 1117 iri,
2229 1051 2618 1120 conjectantes,
2675 1066 2740 1104 ex
2773 1051 3147 1105 misericordia
3202 1050 3294 1105 Dei
3339 1068 3446 1106 non

1883 1145 2313 1199 contemnendos
2343 1160 2437 1200 eos
2462 1144 2554 1214 qui
2587 1153 2741 1199 extra
2775 1142 3024 1198 lsraelem
3071 1154 3273 1207 essent,
3315 1146 3447 1215 quin

1884 1236 2018 1291 etin
2060 1237 2180 1290 loco
2221 1246 2274 1290 et
2312 1237 2363 1288 in
2415 1235 2613 1304 templo
2663 1234 2965 1300 constituti,
3021 1235 3446 1290 misericordiam

1884 1328 1939 1383 in
1970 1329 2282 1384 universum
2308 1328 2494 1382 orbem
2547 1338 2693 1380 tuam
2724 1326 3064 1394 speravimus
3101 1344 3114 1379 :
3153 1327 3304 1392 gnari
3348 1343 3440 1378 no-

1883 1437 2007 1478 men
2069 1432 2222 1477 tuum
2263 1423 2330 1476 ad
2382 1435 2573 1476 omnes
2632 1419 2940 1490 pertingere
2983 1429 3037 1474 et
3093 1418 3150 1473 in
3190 1418 3446 1473 omnibus

1882 1528 2025 1569 esse.
2179 1497 2182 1504 ’

1953 1603 2039 1660 ll.
2094 1602 2396 1659 Secundum
2438 1621 2622 1658 nomen
2680 1614 2850 1670 tuum,
2901 1601 3062 1666 Deus,
3107 1601 3183 1654 ita
3224 1607 3274 1653 et
3331 1598 3446 1652 lous

1886 1703 1996 1749 tua.
2030 1693 2142 1750 Hoc
2165 1696 2237 1750 ait
2289 1697 2418 1768 quia
2478 1699 2734 1755 omnibus
2782 1698 3098 1768 simpliciter
3153 1706 3207 1751 et
3245 1696 3450 1763 absque

146 1777 533 1847 υττώιηπτως
595 1775 798 1829 δέδωκε
850 1775 949 1846 τὴν
979 1776 1158 1849 χάριν,
1195 1775 1337 1830 κατὰ
1361 1776 1421 1828 τὸ
1453 1776 1740 1847 εἰρημένον
1766 1792 1777 1806 ·

1894 1801 2238 1852 personarum
2271 1790 2584 1859 acceptione
2613 1791 2840 1859 gratiam
2873 1791 3098 1860 largitus
3127 1798 3230 1852 est,
3264 1795 3324 1842 ut
3365 1787 3450 1841 di-

158 1873 281 1924 ‘Er
301 1867 565 1939 Χριστῴ
614 1869 805 1936 Ἰησοῦ
839 1873 950 1924 οὐκ
977 1870 1067 1924 ἔνι
1097 1869 1336 1937 δοῦλος,
1377 1869 1518 1925 οὐδὲ
1543 1871 1782 1926 ἐλεύθε-

227 2051 679 2121 Εῠςερανθήτω
704 2053 838 2120 ὄρος
865 2052 1033 2107 Σιών.
1063 2055 1228 2126 Ὅρος
1260 2053 1428 2118 Σιὼν,
1469 2057 1502 2125 ἡ
1546 2056 1780 2127 Ἐκκλη-

159 2145 256 2197 σία
291 2144 588 2214 δηλονότι.
645 2145 750 2199 Καὶ
807 2145 1318 2215 ἀγαλλιάσθωσαν
1347 2151 1406 2201 αἰ
1465 2149 1783 2218 θυγατέρες

157 2238 277 2304 τῆς
342 2237 679 2303 Ἰουδαίας.
721 2239 1037 2309 Θυγατέρας
1083 2239 1184 2310 τῆς
1243 2241 1496 2305 Ἰουδαίας
1537 2241 1636 2305 τὰς
1672 2241 1781 2294 τῶν

163 2331 347 2397 Erylum
402 2330 738 2383 ἀποστόλων
795 2325 933 2383 εἷναί
964 2347 1094 2401 φησι
1147 2330 1322 2401 ψυχάς
1347 2349 1359 2361 ·
1396 2327 1535 2402 ἦσαν
1585 2331 1693 2401 γὰρ
1723 2330 1780 2398 ἐξ

175 2423 494 2476 Ἰουδαίων.
555 2423 811 2476 Ἕνεκεν
859 2421 975 2474 τῶν
1033 2423 1328 2491 χριμάτων
1377 2440 1534 2488 σου,
1582 2423 1774 2489 Κύριε.

163 2515 392 2579 Kcin;
447 2514 558 2585 τὴν
612 2513 795 2584 κρίσιν
827 2513 936 2566 τῶν
991 2513 1183 2578 ἐθνῶν,
1217 2513 1487 2585 ὲξήλασας
1538 2513 1629 2568 τὸν
1657 2514 1778 2567 κατ’

163 2607 358 2660 tit-:1};
391 2607 646 2675 πόλεμον
668 2605 776 2657 τῶν
803 2605 1088 2675 δαιμόνων.

238 2695 631 2751 Κυκλώσατε
654 2693 824 2758 Σιὼν,
855 2695 951 2748 καί
984 2695 1326 2765 περιλάόετε
1347 2695 1560 2764 αὑτήν.
1594 2695 1780 2750 Ταῦτα

163 2789 232 2842 τὸ
259 2788 513 2858 Πνεῦμα
552 2789 612 2840 τὸ
643 2786 798 2855 ἆγιον
820 2789 931 2850 τοῖς
965 2788 1282 2852 ἀποστόλοις
1325 2787 1778 2860 παρακελεύεται,

165 2883 340 2933 omni.
384 2884 573 2949 τεῖχος
609 2879 804 2942 αὐτοὺς
848 2879 1096 2944 γενέσθαι
1130 2880 1228 2946 τῆς
1279 2879 1458 2945 Σιὼν,
1504 2880 1780 2933 τουτέστιν

170 2972 269 3024 τοῦ
322 2970 635 3034 θεοσεϐοῦς
675 2970 1086 3040 πολιτεύματος.
1130 2971 1508 3040 Διηγήσασθε
1536 2971 1606 3024 ἐν
1655 2971 1778 3038 τοῖς

170 3070 436 3132 πίιρτιοις
495 3061 709 3131 αὐτῆς.
765 3063 875 3116 Καὶ
927 3063 1068 3128 τίνες
1101 3063 1166 3118 ἂν
1196 3060 1305 3117 εἷεν
1349 3064 1398 3117 οἰ
1449 3063 1648 3135 πύργοι
1679 3065 1776 3135 τῆς

1881 1886 2028 1932 ctum
2077 1887 2198 1932 est:
2235 1877 2303 1933 In
2354 1878 2567 1934 Christo
2596 1879 2724 1934 Iesu
2777 1897 2882 1935 non
2925 1891 3002 1935 est
3053 1897 3251 1944 servus,
3286 1894 3451 1949 neque

1880 1969 2012 2023 liber
2032 1970 2098 2024 ³⁷.

1953 2062 2041 2118 l2.
2114 2062 2346 2117 Laetetur
2397 2079 2545 2118 mons
2595 2062 2744 2118 Sion.
2795 2065 2950 2120 Mons
2989 2064 3143 2129 Sion,
3204 2064 3444 2120 Ecclesia

1879 2153 2148 2209 videlicet.
2185 2153 2253 2208 Et
2287 2156 2551 2210 exsultent
2585 2158 2712 2226 [ilia
2755 2155 2982 2214 Judaue.
3021 2159 3131 2229 (l7)
3168 2157 3334 2213 Filias
3354 2155 3449 2211 Ju-

1881 2245 2008 2300 δαείη
2035 2247 2246 2302 animas
2273 2262 2394 2302 esse
2421 2248 2555 2302 dicit
2585 2250 2954 2316 apostolorum
2980 2267 2994 2316 ;
3042 2259 3198 2303 erant
3223 2249 3367 2302 enim
3414 2263 3446 2304 a

1880 2337 2080 2395 Iudaeis
2113 2341 2380 2410 prognati.
2421 2339 2645 2410 Propter
2663 2341 2872 2410 judicia
2903 2351 3017 2405 tua,
3045 2341 3283 2395 Domine.
3307 2341 3444 2395 Cum

1876 2431 2179 2501 iudicasses
2214 2433 2464 2488 videlicet
2489 2433 2730 2504 gentium
2778 2449 3024 2496 causam,
3059 2432 3316 2503 depulisti
3345 2433 3448 2487 da:-

1883 2539 2102 2580 nonum
2137 2526 2333 2580 bellum
2359 2526 2622 2582 adversus
2655 2541 2752 2582 eos
2775 2525 3093 2580 excitatum.

1951 2699 2040 2753 l3.
2095 2695 2431 2754 Circuindale
2453 2700 2582 2756 Sion
2624 2709 2673 2754 et
2705 2700 3115 2756 contulectimini
3151 2715 3286 2753 eam.
3325 2696 3448 2753 llaec

1883 2789 2120 2860 Spiritus
2159 2803 2382 2848 sanctus
2426 2795 2580 2863 jubet
2632 2794 2896 2863 apostolis
2923 2835 2938 2859 ,
2981 2803 3039 2847 ut
3083 2793 3290 2846 scilicet
3339 2791 3448 2846 sint

1879 2885 2045 2940 veluti
2086 2901 2278 2941 murus
2315 2887 2534 2952 Sionis;
2581 2887 2632 2941 id
2664 2895 2749 2942 est
2774 2886 3011 2956 religiosi
3038 2886 3160 2940 vitae
3194 2881 3443 2938 instituti.

1834 3043 1840 3048 ι
1883 2975 2116 3031 Narrate
2147 2979 2201 3030 in
2236 2977 2469 3032 turribus
2493 2977 2626 3045 ejus.
2669 2975 2904 3044 Quinam
2937 2991 3068 3032 vero
3106 2974 3310 3030 fuerint
3342 2972 3448 3029 Ec-

1880 3066 2056 3123 clesite
2110 3073 2314 3132 turres,
2367 3067 2471 3122 nisi
2505 3068 2542 3123 ii
2594 3069 2686 3139 qui
2736 3067 2904 3124 variis
2951 3066 3282 3136 temporibus
3327 3064 3448 3136 ejus

185 3130 538 3227 Ἐκκλησίας
565 3155 600 3225 ἦ
641 3130 690 3208 οἰ
718 3154 858 3209 κατά
884 3157 1076 3228 καιρὸν
1101 3158 1269 3229 αὐτῆς
1290 3130 1584 3230 ἡγούμενοί
1612 3160 1705 3212 καί⁸
1727 3130 1775 3212 οἱ

1894 3159 2047 3215 luces
2097 3130 2319 3227 fuerint,
2356 3171 2519 3232 atque
2561 3130 2713 3232 ju'sti,
2767 3160 2922 3232 queis
2955 3130 3189 3230 apostoli
3224 3130 3450 3215 narrant

170 3248 404 3309 δίκαιοι,
435 3240 526 3308 οἷς
555 3245 652 3298 καὶ
685 3245 998 3316 διηγοῦνται
1032 3249 1098 3301 τὰ
1133 3248 1397 3318 μεγαλεῖα
1434 3248 1528 3302 τοῦ
1568 3249 1700 3304 Θεοῦ
1726 3252 1777 3302 οἰ

174 3339 486 3394 ἀπόστολοι
507 3355 523 3402 ;

246 3428 417 3503 [Ταῖς
447 3430 556 3501 τὴν
607 3429 934 3500 Ἐκκλησίαν
967 3431 1060 3484 καὶ
1087 3431 1148 3484 τὸ
1191 3430 1438 3496 θεοσεϐὲς
1480 3432 1778 3504 πολίτευμα

177 3522 566 3594 ςρουρούσαις
616 3521 789 3586 θείαις
839 3521 1167 3592 δυνάμεσιν,
1203 3523 1455 3592 ἀγγέλοις
1492 3541 1550 3577 τε
1603 3525 1777 3593 ἁγίοις

178 3617 510 3686 προσφωνεῖ
552 3613 617 3666 τὸ
665 3613 888 3684 Πνεῦμα
921 3613 981 3666 τὸ
1028 3613 1180 3682 ἅγιον
1207 3614 1400 3682 λέγον
1446 3615 1778 3670 Κυκλώσατε

179 3710 304 3772 W3;
359 3706 642 3778 πύργους.
695 3706 775 3759 Τά
809 3705 917 3776 γὰρ
951 3707 1234 3778 κρείττονα
1290 3707 1388 3778 τῆς
1446 3707 1650 3771 πόλεως
1700 3708 1777 3772 ὡς

180 3798 602 3869 ἀναγκαιότερα
634 3797 770 3868 πρὸς
800 3799 1196 3870 παραφυλακὴν
1219 3797 1438 3870 ἀριθμῷ
1483 3799 1778 3871 παραδέδο-

179 3909 267 3945 ut
301 3895 425 3954 τοῖς
463 3889 773 3962 φρουροῖς]

253 3983 454 4038 Θέσθε
487 3981 598 4046 τὰς
621 3979 867 4047 καρδίας
905 3978 1068 4050 ὑμῶν
1094 3984 1180 4047 εἰς
1219 3980 1334 4050 τὴν
1375 3981 1631 4051 δύναμιν
1667 3986 1776 4037 αὐ-

183 4072 313 4141 τῆς.
352 4072 609 4140 Δύναμις
630 4069 792 4122 πάλιν
816 4071 913 4140 τῆς
965 4070 1285 4140 Ἐκκλησίας
1316 4072 1364 4124 οἰ
1389 4071 1773 4142 ὑποστηρίζον-

183 4183 272 4230 τες
320 4163 506 4234 αὐτὴν
537 4162 708 4230 λόγοι,
754 4161 849 4224 οὓς
900 4163 992 4214 καὶ
1025 4161 1084 4225 ἐξ
1115 4162 1242 4231 ὅλης
1294 4163 1520 4233 καρδίας
1566 4162 1776 4216 κελεύει

181 4259 305 4320 τοὺς
347 4254 553 4322 ἁγίους
581 4251 910 4315 ἀποστόλους
946 4252 1239 4308 νουθετεῖν.
1285 4255 1396 4307 Καὶ
1430 4253 1774 4309 καταὸιέλε-

182 4351 290 4401 cae
312 4347 432 4411 τὰς
447 4342 669 4411 βάρεις
687 4342 897 4411 αὐτῆς.
933 4345 1222 4408 Ἕκαστος,
1248 4345 1402 4416 φησὶ,
1449 4344 1648 4416 μέρους
1683 4344 1778 4415 βα-

1877 3252 2146 3323 magnalia
2186 3252 2282 3310 Dei
2304 3255 2327 3308 ἰ

1915 3424 1918 3426 ⁷
1949 3432 1968 3504 Ῐ
2002 3431 2220 3488 Divinas
2263 3441 2584 3501 potestates,
2632 3445 2755 3501 qua:
2801 3428 3102 3486 Ecclesium
3141 3436 3196 3484 et
3233 3427 3447 3498 religio-

1876 3543 1997 3583 sum
2026 3526 2332 3582 institutum
2361 3532 2585 3580 servant
2616 3525 2948 3594 angelosque
2976 3532 3194 3578 sanctos
3215 3521 3448 3590 alloqui-

1875 3630 1970 3676 tur
2013 3618 2247 3689 Spiritus
2292 3628 2537 3684 sanctus,
2587 3618 2776 3673 dicens
2808 3635 2822 3671 :
2854 3613 3201 3672 Circumdate
3242 3623 3442 3668 turres.

1876 3712 2010 3780 Quae
2038 3710 2184 3766 enim
2222 3710 2278 3765 in
2315 3711 2452 3765 urbe
2489 3708 2865 3780 praestantiora
2912 3707 3248 3762 munimenta
3295 3715 3445 3769 sunt,

1877 3803 2202 3860 custodibus
2245 3816 2475 3858 numero
2517 3801 2832 3858 concredita
2882 3807 3030 3865 sunt,
3083 3806 3146 3854 ut
3197 3797 3314 3869 ipsa
3353 3796 3447 3852 de-

1875 3896 2119 3952 tendant.
2145 3893 2166 3966 ]

1950 3988 2038 4042 14.
2099 3986 2293 4041 Ponite
2313 3985 2495 4042 θεονόα
2542 3993 2714 4040 vestra
2761 3985 2817 4038 in
2864 3985 3058 4038 virtute
3097 3983 3231 4052 ejus.
3267 3978 3450 4035 Virtus

1876 4079 2132 4136 Ecclesiae
2163 4089 2290 4135 sunt
2317 4079 2410 4150 qui
2439 4093 2561 4133 cam
2607 4077 2935 4133 confirmant
2965 4089 3266 4137 sermones,
3308 4087 3446 4142 quos

1877 4171 2136 4242 apostolis
2170 4171 2325 4240 jubet
2369 4178 2428 4224 ut
2478 4178 2594 4225 toto
2643 4170 2806 4224 corde
2855 4168 2996 4221 inter
3041 4164 3448 4220 admonendum

1876 4270 2163 4331 usurpem.
2189 4260 2258 4314 Et
2292 4261 2594 4314 distribuite
2620 4259 2803 4312 domos
2824 4257 2958 4324 ejus.
2985 4253 3214 4324 Singuli,
3248 4251 3445 4320 inquit,

1877 4353 1932 4408 in
1965 4354 2202 4423 aliquam
2241 4361 2398 4406 terra:
2414 4360 2625 4420 partem
2659 4349 2950 4419 imperium
2972 4346 3272 4401 obtineant.
3309 4341 3443 4396 Nam

185 4439 455 4492 σιλευέτω
484 4436 598 4490 τῶν
615 4437 804 4490 ἐθνῶν.
838 4437 1114 4492 Διείλαντο
1140 4437 1268 4510 γὰρ,
1292 4439 1444 4509 φησὶ,
1477 4437 1575 4509 τὴν
1597 4440 1777 4491 οἰκου-

1896 4444 2180 4498 liviserunt
2223 4442 2350 4505 sibi,
2403 4442 2500 4505 ait,
2551 4438 2864 4502 duodecim,
2909 4437 3094 4492 orbem
3147 4445 3320 4490 terra).
3375 4431 3445 4488 Ut

186 4532 359 4603 μένην
405 4530 454 4583 oi
508 4527 734 4581 δώδεκα.
772 4530 970 4596 Ὅπως
1023 4528 1399 4598 ὃιηγήσησθε
1425 4533 1513 4596 εἰς
1561 4531 1777 4598 γενεὰν

1894 4536 2134 4590 εηαιτειίε
2164 4536 2216 4588 in
2259 4533 2502 4602 progenie
2545 4531 2734 4584 altera.
2789 4530 3031 4599 Apostnli
3073 4544 3306 4598 namque
3349 4542 3447 4597 per

183 4621 424 4692 ἑτέραν.
460 4621 529 4675 Oi
558 4620 667 4690 γὰρ
694 4621 980 4675 ἀπόστολοι
1016 4623 1109 4676 καὶ
1145 4625 1265 4686 ταῖς
1294 4625 1412 4694 μετ’
1461 4624 1661 4688 αὐτοὺς
1697 4623 1777 4678 δι-

181 4711 452 4780 ηγοῦνται
505 4713 738 4778 γενεαῖς,
765 4710 834 4763 δι’
862 4704 935 4764 ὧν
963 4712 1380 4767 καταλελοίπασι
1412 4714 1774 4784 συγγραμμά-

181 4822 292 4857 των
319 4803 456 4876 api.
489 4801 535 4855 Χ
547 4803 751 4874 ριστοῦ.

254 4896 393 4949 Ὅτι
423 4889 610 4959 οὗτός
645 4895 818 4948 ἐστιν
855 4898 888 4948 ὁ
913 4895 1056 4962 Θεὸς
1088 4895 1255 4966 ἡμῶν
1301 4899 1389 4963 εἰς
1411 4898 1517 4950 τὸν
1564 4899 1768 4952 αἰῶνα.

184 4987 297 5057 τῆς
327 4987 710 5056 διανεμήσεως
735 4987 835 5058 τὴν
861 4989 1040 5040 αἰτίαν
1076 4988 1227 5058 φησί.
1257 4987 1459 5042 Τούτου
1500 4991 1658 5061 χάριν
1703 4991 1781 5044 δι-

186 5079 388 5144 δάξατε
415 5079 514 5130 καὶ
541 5077 802 5141 διέλεσθε,
829 5078 914 5130 ἵνα
939 5080 1030 5132 καὶ
1072 5082 1190 5143 ταῖς
1221 5079 1446 5152 ὕστερον
1474 5083 1776 5152 γενησομέο

188 5188 309 5233 ναις
330 5172 552 5237 γενεαῖς
578 5169 846 5223 ἀκουστὸν
881 5170 1128 5240 γένηται,
1155 5172 1237 5224 ὅτι
1285 5168 1440 5236 οὗτος
1495 5173 1523 5224 ὁ
1555 5173 1778 5237 δικαίως

189 5261 469 5332 ποιμάνας
495 5260 624 5314 λαὸν
667 5261 846 5330 (λέγει
899 5263 955 5315 δὲ
988 5264 1222 5336 Κύριον)
1261 5261 1411 5330 οὗτός
1450 5269 1595 5320 ἐστιν
1622 5269 1650 5319 ὁ
1683 5270 1777 5322 καὶ

193 5357 272 5416 εἰς
299 5355 430 5417 τοὺς
455 5353 748 5424 μέλλοντας
777 5358 869 5408 καὶ
902 5357 1291 5428 ἀτελευτήτους
1313 5358 1514 5422 αἰῶνας
1567 5360 1774 5430 μέλλων

194 5446 528 5517 ποιμαίνειν.

290 5624 312 5653 ⁸
393 5623 584 5681 Matth.
652 5642 764 5687 xvr,
845 5625 927 5680 18.
1020 5628 1062 5658 ”
1116 5629 1288 5684 Galat.
1333 5647 1413 5691 ιιι,
1475 5630 1544 5684 28

1881 4627 2082 4696 scripta
2118 4640 2240 4694 quae
2273 4623 2610 4693 reliquerunt
2656 4621 2936 4677 Christum
2983 4631 3238 4675 enarrant
3281 4635 3448 4690 gene-

1879 4718 2186 4774 rationibus
2225 4714 2704 4786 subsequentibus.

1949 4911 2038 4967 15.
2094 4911 2358 4979 Quoniam
2382 4911 2466 4966 hic
2490 4921 2565 4966 est
2597 4909 2736 4966 Deus
2768 4919 2943 4964 noster
2963 4911 3017 4962 in
3039 4906 3310 4968 saeculum,
3335 4913 3442 4959 etc.

1880 5004 2294 5060 Distributionis
2325 5018 2548 5059 causam
2575 5002 2864 5072 signiﬁcat.
2901 4998 3211 5068 Propterea,
3243 4996 3442 5066 inquit,

1877 5093 2190 5148 distribuite
2225 5102 2278 5146 et
2316 5093 2530 5156 docete,
2567 5100 2628 5145 ut
2663 5088 3106 5161 generationibus
3143 5095 3265 5156 post
3295 5084 3441 5139 l'utu-

1876 5189 1955 5242 ris
1983 5198 2169 5244 notum
2197 5187 2288 5252 sit,
2321 5203 2445 5242 eum
2474 5185 2567 5257 qui
2593 5185 2740 5256 juste
2769 5183 3024 5254 populum
3067 5181 3214 5251 pavit
3257 5180 3332 5251 (id
3360 5193 3442 5236 est

1875 5278 2192 5349 Dominum)
2221 5279 2472 5334 eumdem
2504 5279 2682 5348 ipsum
2727 5292 2846 5333 esse
2883 5275 2978 5346 qui
3021 5290 3116 5346 per
3161 5273 3344 5330 futura
3388 5284 3448 5329 et

1872 5352 2083 5426 inﬁnita
2131 5370 2326 5426 saecula
2364 5378 2549 5440 pascet
2588 5381 2704 5424 eos.

268 5740 379 5810 (17)
446 5741 626 5796 Aliam
676 5740 834 5796 aﬂ'ert
875 5741 1006 5799 Dan.
1054 5744 1322 5800 Barbarus
1363 5747 1862 5831 interpretationem
1911 5760 2029 5817 quae
2065 5754 2147 5801 est
2187 5744 2416 5816 Didymi.
