  <div class='ocr_page' id='page_1' title='image "/cluster/home/n/w/nwhite01/storage/ocr_20150623/27/hvd.32044014174452/129.png"; bbox 0 0 3786 6278; ppageno 0'>
   <div class='ocr_carea' id='block_1_1' title="bbox 1162 271 3595 342">
    <p class='ocr_par' dir='ltr' id='par_1_1' title="bbox 1162 271 3595 342">
     <span class='ocr_line' id='line_1_1' title="bbox 1162 271 3595 342; baseline -0.006 0"><span class='ocrx_word' id='word_1_1' title='bbox 1162 289 1218 342; x_wconf 89' lang='lat' dir='ltr'><strong>S.</strong></span> <span class='ocrx_word' id='word_1_2' title='bbox 1258 282 1628 341; x_wconf 70' lang='lat' dir='ltr'><strong>ATHANASH</strong></span> <span class='ocrx_word' id='word_1_3' title='bbox 1673 281 1826 338; x_wconf 85' lang='lat' dir='ltr'><strong>OPP.</strong></span> <span class='ocrx_word' id='word_1_4' title='bbox 1863 279 2047 335; x_wconf 74' lang='lat' dir='ltr'><strong>PARS</strong></span> <span class='ocrx_word' id='word_1_5' title='bbox 2082 279 2168 333; x_wconf 85' lang='lat' dir='ltr'><strong>lll.</strong></span> <span class='ocrx_word' id='word_1_6' title='bbox 2209 309 2280 323; x_wconf 89' lang='lat'><strong>-——</strong></span> <span class='ocrx_word' id='word_1_7' title='bbox 2318 275 2742 334; x_wconf 63' lang='lat' dir='ltr'><strong>EXEGE’TICA‘.~</strong></span> <span class='ocrx_word' id='word_1_8' title='bbox 3455 271 3595 327; x_wconf 63' lang='grc' dir='ltr'>εει</span> 
     </span>
    </p>
   </div>
   <div class='ocr_carea' id='block_1_2' title="bbox 445 388 1914 476">
    <p class='ocr_par' dir='ltr' id='par_1_2' title="bbox 445 400 1793 476">
     <span class='ocr_line' id='line_1_2' title="bbox 445 400 1793 476; baseline -0.005 -15"><span class='ocrx_word' id='word_1_9' title='bbox 445 408 494 461; x_wconf 81' lang='grc'><strong>1.</strong></span> <span class='ocrx_word' id='word_1_10' title='bbox 533 406 593 459; x_wconf 78' lang='lat' dir='ltr'><strong>in</strong></span> <span class='ocrx_word' id='word_1_11' title='bbox 617 410 794 476; x_wconf 78' lang='lat' dir='ltr'><strong>ﬁnem,</strong></span> <span class='ocrx_word' id='word_1_12' title='bbox 821 407 948 474; x_wconf 80' lang='lat' dir='ltr'><strong>ﬁliis</strong></span> <span class='ocrx_word' id='word_1_13' title='bbox 976 404 1126 459; x_wconf 81' lang='lat' dir='ltr'><strong>Core.</strong></span> <span class='ocrx_word' id='word_1_14' title='bbox 1155 404 1496 460; x_wconf 72' lang='lat' dir='ltr'><strong>PSALMUS</strong></span> <span class='ocrx_word' id='word_1_15' title='bbox 1519 400 1793 456; x_wconf 81' lang='lat' dir='ltr'><strong>XLVIII.</strong></span> 
     </span>
    </p>
   </div>
   <div class='ocr_carea' id='block_1_3' title="bbox 2030 388 3436 476">
    <p class='ocr_par' dir='ltr' id='par_1_3' title="bbox 2106 388 3436 459">
     <span class='ocr_line' id='line_1_3' title="bbox 2106 388 3436 459; baseline -0.002 -13"><span class='ocrx_word' id='word_1_16' title='bbox 2106 397 2206 459; x_wconf 83' lang='grc' dir='ltr'><strong>Εἰς</strong></span> <span class='ocrx_word' id='word_1_17' title='bbox 2235 394 2407 457; x_wconf 79' lang='grc' dir='ltr'>τέλος</span> <span class='ocrx_word' id='word_1_18' title='bbox 2430 393 2554 457; x_wconf 83' lang='grc' dir='ltr'>τοῖς</span> <span class='ocrx_word' id='word_1_19' title='bbox 2598 389 2746 454; x_wconf 77' lang='grc' dir='ltr'><strong>υἱοῖς</strong></span> <span class='ocrx_word' id='word_1_20' title='bbox 2773 388 2939 455; x_wconf 78' lang='grc' dir='ltr'>Κορέ.</span> <span class='ocrx_word' id='word_1_21' title='bbox 2985 389 3436 444; x_wconf 68' lang='grc' dir='ltr'><strong>ΨΑΑΜΟΣΜΗ</strong></span> 
     </span>
    </p>
   </div>
   <div class='ocr_carea' id='block_1_4' title="bbox 923 482 1914 566">
    <p class='ocr_par' dir='ltr' id='par_1_4' title="bbox 923 499 1321 566">
     <span class='ocr_line' id='line_1_4' title="bbox 923 499 1321 566; baseline 0.008 -17"><span class='ocrx_word' id='word_1_22' title='bbox 923 499 1321 566; x_wconf 76' lang='lat' dir='ltr'><strong>Argumentum.</strong></span> 
     </span>
    </p>
   </div>
   <div class='ocr_carea' id='block_1_5' title="bbox 2030 482 2949 566">
    <p class='ocr_par' dir='ltr' id='par_1_5' title="bbox 2616 482 2949 545">
     <span class='ocr_line' id='line_1_5' title="bbox 2616 482 2949 545; baseline -0.012 -10"><span class='ocrx_word' id='word_1_23' title='bbox 2616 483 2632 502; x_wconf 82' lang='lat'><strong>&#39;</strong></span> <span class='ocrx_word' id='word_1_24' title='bbox 2643 482 2949 545; x_wconf 81' lang='grc' dir='ltr'>Υπόθεσις.</span> 
     </span>
    </p>
   </div>
   <div class='ocr_carea' id='block_1_6' title="bbox 335 571 1914 659">
    <p class='ocr_par' dir='ltr' id='par_1_6' title="bbox 335 587 1904 659">
     <span class='ocr_line' id='line_1_6' title="bbox 335 587 1904 659; baseline -0.003 -13"><span class='ocrx_word' id='word_1_25' title='bbox 335 593 468 658; x_wconf 70' lang='lat' dir='ltr'><strong>Qua:</strong></span> <span class='ocrx_word' id='word_1_26' title='bbox 516 593 584 646; x_wconf 84' lang='lat' dir='ltr'><strong>ad</strong></span> <span class='ocrx_word' id='word_1_27' title='bbox 637 592 878 647; x_wconf 79' lang='lat' dir='ltr'><strong>divinum</strong></span> <span class='ocrx_word' id='word_1_28' title='bbox 935 589 1183 643; x_wconf 80' lang='lat' dir='ltr'><strong>tribunal.</strong></span> <span class='ocrx_word' id='word_1_29' title='bbox 1215 589 1490 659; x_wconf 76' lang='lat' dir='ltr'><strong>pertinent</strong></span> <span class='ocrx_word' id='word_1_30' title='bbox 1536 588 1651 643; x_wconf 28' lang='lat' dir='ltr'><strong>hoc.</strong></span> <span class='ocrx_word' id='word_1_31' title='bbox 1694 587 1904 657; x_wconf 84' lang='lat' dir='ltr'><strong>psalmo</strong></span> 
     </span>
    </p>
   </div>
   <div class='ocr_carea' id='block_1_7' title="bbox 2030 571 3597 659">
    <p class='ocr_par' dir='ltr' id='par_1_7' title="bbox 2030 571 3597 648">
     <span class='ocr_line' id='line_1_7' title="bbox 2030 571 3597 648; baseline -0.002 -19"><span class='ocrx_word' id='word_1_32' title='bbox 2030 576 2104 631; x_wconf 75' lang='grc' dir='ltr'>ιιά</span> <span class='ocrx_word' id='word_1_33' title='bbox 2118 595 2209 630; x_wconf 78' lang='grc' dir='ltr'><strong>του</strong></span> <span class='ocrx_word' id='word_1_34' title='bbox 2240 578 2503 647; x_wconf 83' lang='grc' dir='ltr'><strong>παρόντος</strong></span> <span class='ocrx_word' id='word_1_35' title='bbox 2529 572 2744 646; x_wconf 77' lang='grc' dir='ltr'>ψαλμοῦ</span> <span class='ocrx_word' id='word_1_36' title='bbox 2770 571 2838 624; x_wconf 85' lang='grc' dir='ltr'><strong>τὰ</strong></span> <span class='ocrx_word' id='word_1_37' title='bbox 2865 573 2992 644; x_wconf 78' lang='grc' dir='ltr'>περὶ</span> <span class='ocrx_word' id='word_1_38' title='bbox 3014 573 3107 626; x_wconf 87' lang='grc' dir='ltr'><strong>τοῦ</strong></span> <span class='ocrx_word' id='word_1_39' title='bbox 3133 573 3278 626; x_wconf 92' lang='grc' dir='ltr'>θείου</span> <span class='ocrx_word' id='word_1_40' title='bbox 3309 575 3597 648; x_wconf 64' lang='grc' dir='ltr'>δικαστηετ-</span> 
     </span>
    </p>
   </div>
   <div class='ocr_carea' id='block_1_8' title="bbox 409 663 1914 752">
    <p class='ocr_par' dir='ltr' id='par_1_8' title="bbox 409 679 1904 752">
     <span class='ocr_line' id='line_1_8' title="bbox 409 679 1904 752; baseline -0.004 -14"><span class='ocrx_word' id='word_1_41' title='bbox 409 685 663 738; x_wconf 89' lang='lat' dir='ltr'><strong>omnibus</strong></span> <span class='ocrx_word' id='word_1_42' title='bbox 717 683 1029 738; x_wconf 87' lang='lat' dir='ltr'><strong>hominibus</strong></span> <span class='ocrx_word' id='word_1_43' title='bbox 1088 681 1481 752; x_wconf 72' lang='lat' dir='ltr'><strong>praedicantur,</strong></span> <span class='ocrx_word' id='word_1_44' title='bbox 1529 696 1740 736; x_wconf 85' lang='lat' dir='ltr'><strong>necnon</strong></span> <span class='ocrx_word' id='word_1_45' title='bbox 1787 679 1904 734; x_wconf 88' lang='lat' dir='ltr'><strong>dies</strong></span> 
     </span>
    </p>
   </div>
   <div class='ocr_carea' id='block_1_9' title="bbox 2030 663 3591 752">
    <p class='ocr_par' dir='ltr' id='par_1_9' title="bbox 2078 663 3591 741">
     <span class='ocr_line' id='line_1_9' title="bbox 2078 663 3591 741; baseline -0.001 -19"><span class='ocrx_word' id='word_1_46' title='bbox 2078 669 2190 741; x_wconf 91' lang='grc' dir='ltr'>ρίου</span> <span class='ocrx_word' id='word_1_47' title='bbox 2249 671 2359 733; x_wconf 87' lang='grc' dir='ltr'>τοῖς</span> <span class='ocrx_word' id='word_1_48' title='bbox 2394 670 2556 722; x_wconf 80' lang='grc' dir='ltr'>πᾶσιν</span> <span class='ocrx_word' id='word_1_49' title='bbox 2588 663 2895 736; x_wconf 81' lang='grc' dir='ltr'>ἀνθρώποις</span> <span class='ocrx_word' id='word_1_50' title='bbox 2953 664 3319 735; x_wconf 83' lang='grc' dir='ltr'>κηρύττεται,</span> <span class='ocrx_word' id='word_1_51' title='bbox 3383 669 3487 727; x_wconf 76' lang='grc' dir='ltr'>καὶ·</span> <span class='ocrx_word' id='word_1_52' title='bbox 3540 669 3591 738; x_wconf 81' lang='grc' dir='ltr'><strong>ἠ</strong></span> 
     </span>
    </p>
   </div>
   <div class='ocr_carea' id='block_1_10' title="bbox 412 757 1914 844">
    <p class='ocr_par' dir='ltr' id='par_1_10' title="bbox 412 770 1906 844">
     <span class='ocr_line' id='line_1_10' title="bbox 412 770 1906 844; baseline -0.003 -15"><span class='ocrx_word' id='word_1_53' title='bbox 412 777 501 831; x_wconf 89' lang='lat' dir='ltr'><strong>illa</strong></span> <span class='ocrx_word' id='word_1_54' title='bbox 531 791 634 844; x_wconf 86' lang='lat' dir='ltr'><strong>qua</strong></span> <span class='ocrx_word' id='word_1_55' title='bbox 667 775 810 829; x_wconf 88' lang='lat' dir='ltr'><strong>Deus</strong></span> <span class='ocrx_word' id='word_1_56' title='bbox 851 775 1068 829; x_wconf 88' lang='lat' dir='ltr'><strong>condita</strong></span> <span class='ocrx_word' id='word_1_57' title='bbox 1115 774 1294 827; x_wconf 82' lang='lat' dir='ltr'><strong>omnia</strong></span> <span class='ocrx_word' id='word_1_58' title='bbox 1324 771 1390 826; x_wconf 89' lang='lat' dir='ltr'><strong>ad</strong></span> <span class='ocrx_word' id='word_1_59' title='bbox 1426 773 1692 840; x_wconf 85' lang='lat' dir='ltr'><strong>judicium</strong></span> <span class='ocrx_word' id='word_1_60' title='bbox 1737 770 1906 825; x_wconf 89' lang='lat' dir='ltr'><strong>addu-</strong></span> 
     </span>
    </p>
   </div>
   <div class='ocr_carea' id='block_1_11' title="bbox 2030 757 3596 844">
    <p class='ocr_par' dir='ltr' id='par_1_11' title="bbox 2072 757 3596 831">
     <span class='ocr_line' id='line_1_11' title="bbox 2072 757 3596 831; baseline 0 -19"><span class='ocrx_word' id='word_1_61' title='bbox 2072 760 2258 831; x_wconf 81' lang='grc' dir='ltr'>ἡμέρα</span> <span class='ocrx_word' id='word_1_62' title='bbox 2287 761 2489 831; x_wconf 80' lang='grc' dir='ltr'>ἐκείνη,</span> <span class='ocrx_word' id='word_1_63' title='bbox 2523 758 2642 812; x_wconf 76' lang='grc' dir='ltr'>καθ’</span> <span class='ocrx_word' id='word_1_64' title='bbox 2664 759 2731 829; x_wconf 75' lang='grc' dir='ltr'>ἣν</span> <span class='ocrx_word' id='word_1_65' title='bbox 2751 757 2865 824; x_wconf 83' lang='grc' dir='ltr'><strong>ἄξει</strong></span> <span class='ocrx_word' id='word_1_66' title='bbox 2893 761 2921 811; x_wconf 92' lang='lat'><strong>6</strong></span> <span class='ocrx_word' id='word_1_67' title='bbox 2965 757 3094 820; x_wconf 84' lang='grc' dir='ltr'><strong>Θεὸς</strong></span> <span class='ocrx_word' id='word_1_68' title='bbox 3124 759 3230 810; x_wconf 83' lang='grc' dir='ltr'><strong>πᾶν</strong></span> <span class='ocrx_word' id='word_1_69' title='bbox 3269 760 3329 810; x_wconf 89' lang='grc' dir='ltr'><strong>τὸ</strong></span> <span class='ocrx_word' id='word_1_70' title='bbox 3357 759 3596 830; x_wconf 76' lang='grc' dir='ltr'>ποίημα</span> 
     </span>
    </p>
   </div>
   <div class='ocr_carea' id='block_1_12' title="bbox 419 848 1914 931">
    <p class='ocr_par' dir='ltr' id='par_1_12' title="bbox 419 862 1906 931">
     <span class='ocr_line' id='line_1_12' title="bbox 419 862 1906 931; baseline -0.005 -10"><span class='ocrx_word' id='word_1_71' title='bbox 419 875 528 921; x_wconf 90' lang='lat' dir='ltr'><strong>cct.</strong></span> <span class='ocrx_word' id='word_1_72' title='bbox 564 865 817 919; x_wconf 78' lang='lat' dir='ltr'><strong>Fortasse</strong></span> <span class='ocrx_word' id='word_1_73' title='bbox 861 880 989 918; x_wconf 87' lang='lat' dir='ltr'><strong>vero</strong></span> <span class='ocrx_word' id='word_1_74' title='bbox 1019 863 1110 916; x_wconf 84' lang='lat' dir='ltr'><strong>lilii</strong></span> <span class='ocrx_word' id='word_1_75' title='bbox 1145 862 1280 916; x_wconf 89' lang='lat' dir='ltr'><strong>Core</strong></span> <span class='ocrx_word' id='word_1_76' title='bbox 1314 865 1680 931; x_wconf 79' lang='lat' dir='ltr'><strong>apostolorum</strong></span> <span class='ocrx_word' id='word_1_77' title='bbox 1716 875 1906 929; x_wconf 88' lang='lat' dir='ltr'><strong>perso-</strong></span> 
     </span>
    </p>
   </div>
   <div class='ocr_carea' id='block_1_13' title="bbox 2030 848 3582 931">
    <p class='ocr_par' dir='ltr' id='par_1_13' title="bbox 2073 848 3582 922">
     <span class='ocr_line' id='line_1_13' title="bbox 2073 848 3582 922; baseline 0 -20"><span class='ocrx_word' id='word_1_78' title='bbox 2073 852 2155 914; x_wconf 83' lang='grc' dir='ltr'><strong>είς</strong></span> <span class='ocrx_word' id='word_1_79' title='bbox 2187 851 2387 922; x_wconf 84' lang='grc' dir='ltr'><strong>κρίσιν.</strong></span> <span class='ocrx_word' id='word_1_80' title='bbox 2416 852 2628 920; x_wconf 83' lang='grc' dir='ltr'>Ἐχοιεν</span> <span class='ocrx_word' id='word_1_81' title='bbox 2653 850 2697 902; x_wconf 82' lang='grc' dir='ltr'>δ’</span> <span class='ocrx_word' id='word_1_82' title='bbox 2721 852 2787 904; x_wconf 87' lang='grc' dir='ltr'><strong>ἂν</strong></span> <span class='ocrx_word' id='word_1_83' title='bbox 2820 853 2867 903; x_wconf 90' lang='grc' dir='ltr'>οἱ</span> <span class='ocrx_word' id='word_1_84' title='bbox 2896 849 3001 902; x_wconf 74' lang='grc' dir='ltr'>υἱοὶ</span> <span class='ocrx_word' id='word_1_85' title='bbox 3031 849 3174 920; x_wconf 85' lang='grc' dir='ltr'>Κορὲ</span> <span class='ocrx_word' id='word_1_86' title='bbox 3198 848 3306 902; x_wconf 87' lang='grc' dir='ltr'><strong>τῶν</strong></span> <span class='ocrx_word' id='word_1_87' title='bbox 3336 851 3582 903; x_wconf 81' lang='grc' dir='ltr'>ἀποστό-</span> 
     </span>
    </p>
   </div>
   <div class='ocr_carea' id='block_1_14' title="bbox 413 940 1914 1028">
    <p class='ocr_par' dir='ltr' id='par_1_14' title="bbox 413 953 1760 1028">
     <span class='ocr_line' id='line_1_14' title="bbox 413 953 1760 1028; baseline -0.006 -16"><span class='ocrx_word' id='word_1_88' title='bbox 413 974 536 1012; x_wconf 89' lang='lat' dir='ltr'><strong>nam</strong></span> <span class='ocrx_word' id='word_1_89' title='bbox 572 965 761 1028; x_wconf 87' lang='lat' dir='ltr'><strong>gerant</strong></span> <span class='ocrx_word' id='word_1_90' title='bbox 791 956 881 1025; x_wconf 89' lang='lat' dir='ltr'><strong>qui</strong></span> <span class='ocrx_word' id='word_1_91' title='bbox 924 953 1194 1026; x_wconf 85' lang='lat' dir='ltr'><strong>mysteriis</strong></span> <span class='ocrx_word' id='word_1_92' title='bbox 1231 954 1416 1007; x_wconf 85' lang='lat' dir='ltr'><strong>orbem</strong></span> <span class='ocrx_word' id='word_1_93' title='bbox 1457 953 1760 1007; x_wconf 87' lang='lat' dir='ltr'><strong>initiarunt.</strong></span> 
     </span>
    </p>
   </div>
   <div class='ocr_carea' id='block_1_15' title="bbox 2030 940 3590 1028">
    <p class='ocr_par' dir='ltr' id='par_1_15' title="bbox 2075 940 3590 1014">
     <span class='ocr_line' id='line_1_15' title="bbox 2075 940 3590 1014; baseline -0.003 -18"><span class='ocrx_word' id='word_1_94' title='bbox 2075 943 2182 996; x_wconf 86' lang='grc' dir='ltr'><strong>λων</strong></span> <span class='ocrx_word' id='word_1_95' title='bbox 2203 943 2261 996; x_wconf 81' lang='grc' dir='ltr'>τὸ</span> <span class='ocrx_word' id='word_1_96' title='bbox 2288 943 2596 1014; x_wconf 84' lang='grc' dir='ltr'>πρόσωπον,</span> <span class='ocrx_word' id='word_1_97' title='bbox 2621 942 2729 995; x_wconf 80' lang='grc' dir='ltr'><strong>τῶν</strong></span> <span class='ocrx_word' id='word_1_98' title='bbox 2765 941 3306 1013; x_wconf 85' lang='grc' dir='ltr'>μυσταγωγησάντων</span> <span class='ocrx_word' id='word_1_99' title='bbox 3345 941 3440 1010; x_wconf 77' lang='grc' dir='ltr'>τὴν</span> <span class='ocrx_word' id='word_1_100' title='bbox 3477 940 3590 993; x_wconf 68' lang='grc' dir='ltr'><strong>ὑπ’</strong></span> 
     </span>
    </p>
   </div>
   <div class='ocr_carea' id='block_1_16' title="bbox 2077 1035 2322 1106">
    <p class='ocr_par' dir='ltr' id='par_1_16' title="bbox 2077 1035 2322 1106">
     <span class='ocr_line' id='line_1_16' title="bbox 2077 1035 2322 1106; baseline 0.004 -19"><span class='ocrx_word' id='word_1_101' title='bbox 2077 1035 2322 1106; x_wconf 80' lang='grc' dir='ltr'>οὐρανόν.</span> 
     </span>
    </p>
   </div>
   <div class='ocr_carea' id='block_1_17' title="bbox 2092 1123 3593 1200">
    <p class='ocr_par' dir='ltr' id='par_1_17' title="bbox 2092 1123 3593 1200">
     <span class='ocr_line' id='line_1_17' title="bbox 2092 1123 3593 1200; baseline -0.002 -20"><span class='ocrx_word' id='word_1_102' title='bbox 2092 1127 2412 1200; x_wconf 62' lang='grc' dir='ltr'>Ἀκούσατε</span> <span class='ocrx_word' id='word_1_103' title='bbox 2437 1124 2642 1189; x_wconf 83' lang='grc' dir='ltr'>ταῦτα,</span> <span class='ocrx_word' id='word_1_104' title='bbox 2683 1124 2878 1178; x_wconf 81' lang='grc' dir='ltr'>πάντα</span> <span class='ocrx_word' id='word_1_105' title='bbox 2903 1126 2975 1178; x_wconf 82' lang='grc' dir='ltr'>τὰ</span> <span class='ocrx_word' id='word_1_106' title='bbox 3002 1123 3144 1192; x_wconf 77' lang='grc' dir='ltr'>ἔθνη</span> <span class='ocrx_word' id='word_1_107' title='bbox 3164 1165 3178 1188; x_wconf 94' lang='grc'><strong>,</strong></span> <span class='ocrx_word' id='word_1_108' title='bbox 3205 1125 3593 1178; x_wconf 80' lang='grc' dir='ltr'><strong>ἐνωτίσασθε</strong></span> 
     </span>
    </p>
   </div>
   <div class='ocr_carea' id='block_1_18' title="bbox 2008 1215 3589 1288">
    <p class='ocr_par' dir='ltr' id='par_1_18' title="bbox 2008 1215 3589 1288">
     <span class='ocr_line' id='line_1_18' title="bbox 2008 1215 3589 1288; baseline 0.001 -20"><span class='ocrx_word' id='word_1_109' title='bbox 2008 1215 2229 1280; x_wconf 78' lang='grc' dir='ltr'>πάντες</span> <span class='ocrx_word' id='word_1_110' title='bbox 2260 1219 2315 1270; x_wconf 73' lang='grc' dir='ltr'><strong>οι</strong></span> <span class='ocrx_word' id='word_1_111' title='bbox 2353 1215 2772 1280; x_wconf 80' lang='grc' dir='ltr'>κατοικοῦντες</span> <span class='ocrx_word' id='word_1_112' title='bbox 2801 1215 2916 1282; x_wconf 79' lang='grc' dir='ltr'><strong>τὴν</strong></span> <span class='ocrx_word' id='word_1_113' title='bbox 2947 1216 3322 1283; x_wconf 72' lang='grc' dir='ltr'>οἰκουμένην.</span> <span class='ocrx_word' id='word_1_114' title='bbox 3357 1217 3589 1288; x_wconf 80' lang='grc' dir='ltr'>Ὥσπερ</span> 
     </span>
    </p>
   </div>
   <div class='ocr_carea' id='block_1_19' title="bbox 2007 1306 3588 1378">
    <p class='ocr_par' dir='ltr' id='par_1_19' title="bbox 2007 1306 3588 1378">
     <span class='ocr_line' id='line_1_19' title="bbox 2007 1306 3588 1378; baseline 0.001 -18"><span class='ocrx_word' id='word_1_115' title='bbox 2007 1308 2099 1361; x_wconf 73' lang='grc' dir='ltr'>ἐπὶ</span> <span class='ocrx_word' id='word_1_116' title='bbox 2130 1308 2371 1378; x_wconf 80' lang='grc' dir='ltr'>σωτηρίᾳ</span> <span class='ocrx_word' id='word_1_117' title='bbox 2420 1309 2526 1361; x_wconf 82' lang='grc' dir='ltr'>πᾶν</span> <span class='ocrx_word' id='word_1_118' title='bbox 2549 1307 2702 1376; x_wconf 87' lang='grc' dir='ltr'>γένος</span> <span class='ocrx_word' id='word_1_119' title='bbox 2745 1306 3044 1377; x_wconf 73' lang='grc' dir='ltr'>ἀνθρώπων</span> <span class='ocrx_word' id='word_1_120' title='bbox 3104 1307 3424 1378; x_wconf 75' lang='grc' dir='ltr'>παρακαλεῖ,</span> <span class='ocrx_word' id='word_1_121' title='bbox 3476 1308 3588 1361; x_wconf 77' lang='grc' dir='ltr'><strong>τὸν</strong></span> 
     </span>
    </p>
   </div>
   <div class='ocr_carea' id='block_1_20' title="bbox 2009 1397 3588 1470">
    <p class='ocr_par' dir='ltr' id='par_1_20' title="bbox 2009 1397 3588 1470">
     <span class='ocr_line' id='line_1_20' title="bbox 2009 1397 3588 1470; baseline -0.001 -19"><span class='ocrx_word' id='word_1_122' title='bbox 2009 1399 2169 1451; x_wconf 80' lang='grc' dir='ltr'>αὑτὸν</span> <span class='ocrx_word' id='word_1_123' title='bbox 2187 1398 2384 1470; x_wconf 86' lang='grc' dir='ltr'><strong>τρόπον</strong></span> <span class='ocrx_word' id='word_1_124' title='bbox 2417 1399 2511 1451; x_wconf 61' lang='grc' dir='ltr'><strong>καλ¹</strong></span> <span class='ocrx_word' id='word_1_125' title='bbox 2534 1399 2625 1452; x_wconf 74' lang='grc' dir='ltr'><strong>ἐπὶ</strong></span> <span class='ocrx_word' id='word_1_126' title='bbox 2655 1398 2996 1452; x_wconf 77' lang='grc' dir='ltr'>διδασκαλίαν</span> <span class='ocrx_word' id='word_1_127' title='bbox 3023 1397 3124 1469; x_wconf 85' lang='grc' dir='ltr'>τῆς</span> <span class='ocrx_word' id='word_1_128' title='bbox 3159 1398 3307 1462; x_wconf 80' lang='grc' dir='ltr'>θείας</span> <span class='ocrx_word' id='word_1_129' title='bbox 3336 1399 3588 1467; x_wconf 77' lang='grc' dir='ltr'>κρίσεως</span> 
     </span>
    </p>
   </div>
   <div class='ocr_carea' id='block_1_21' title="bbox 2007 1489 3008 1565">
    <p class='ocr_par' dir='ltr' id='par_1_21' title="bbox 2007 1489 3008 1565">
     <span class='ocr_line' id='line_1_21' title="bbox 2007 1489 3008 1565; baseline 0 -23"><span class='ocrx_word' id='word_1_130' title='bbox 2007 1490 2139 1565; x_wconf 81' lang='grc' dir='ltr'>ὁμοῦ</span> <span class='ocrx_word' id='word_1_131' title='bbox 2171 1490 2378 1553; x_wconf 79' lang='grc' dir='ltr'>πάντας</span> <span class='ocrx_word' id='word_1_132' title='bbox 2407 1492 2435 1542; x_wconf 98' lang='lat'><strong>6</strong></span> <span class='ocrx_word' id='word_1_133' title='bbox 2455 1489 2610 1558; x_wconf 80' lang='grc' dir='ltr'>λόγος</span> <span class='ocrx_word' id='word_1_134' title='bbox 2644 1489 3008 1546; x_wconf 86' lang='grc' dir='ltr'>ἀνακαλεῖται.</span> 
     </span>
    </p>
   </div>
   <div class='ocr_carea' id='block_1_22' title="bbox 418 1578 1914 1654">
    <p class='ocr_par' dir='ltr' id='par_1_22' title="bbox 418 1579 1909 1654">
     <span class='ocr_line' id='line_1_22' title="bbox 418 1579 1909 1654; baseline -0.001 -18"><span class='ocrx_word' id='word_1_135' title='bbox 418 1583 470 1636; x_wconf 78' lang='grc'><strong>5.</strong></span> <span class='ocrx_word' id='word_1_136' title='bbox 524 1583 1044 1654; x_wconf 71' lang='grc' dir='ltr'>Οιιὲᾳιιειιεγνὶθοιιω·</span> <span class='ocrx_word' id='word_1_137' title='bbox 1104 1592 1150 1637; x_wconf 86' lang='lat' dir='ltr'><strong>et</strong></span> <span class='ocrx_word' id='word_1_138' title='bbox 1200 1583 1300 1651; x_wconf 79' lang='lat' dir='ltr'><strong>ﬁlii</strong></span> <span class='ocrx_word' id='word_1_139' title='bbox 1331 1582 1621 1636; x_wconf 79' lang='lat' dir='ltr'><strong>hominum.</strong></span> <span class='ocrx_word' id='word_1_140' title='bbox 1663 1579 1909 1652; x_wconf 85' lang='lat' dir='ltr'><strong>Terrige-</strong></span> 
     </span>
    </p>
   </div>
   <div class='ocr_carea' id='block_1_23' title="bbox 2030 1578 3582 1654">
    <p class='ocr_par' dir='ltr' id='par_1_23' title="bbox 2081 1578 3582 1651">
     <span class='ocr_line' id='line_1_23' title="bbox 2081 1578 3582 1651; baseline -0.004 -16"><span class='ocrx_word' id='word_1_141' title='bbox 2081 1583 2148 1634; x_wconf 81' lang='grc' dir='ltr'><strong>οἵ</strong></span> <span class='ocrx_word' id='word_1_142' title='bbox 2179 1599 2242 1635; x_wconf 84' lang='grc' dir='ltr'><strong>τε</strong></span> <span class='ocrx_word' id='word_1_143' title='bbox 2268 1579 2537 1651; x_wconf 77' lang='grc' dir='ltr'><strong>γηγενεῖς</strong></span> <span class='ocrx_word' id='word_1_144' title='bbox 2563 1581 2657 1633; x_wconf 74' lang='grc' dir='ltr'>καὶ</span> <span class='ocrx_word' id='word_1_145' title='bbox 2697 1580 2812 1633; x_wconf 78' lang='grc' dir='ltr'><strong>υἱοὶ</strong></span> <span class='ocrx_word' id='word_1_146' title='bbox 2851 1579 2968 1638; x_wconf 78' lang='grc' dir='ltr'><strong>τῶν</strong></span> <span class='ocrx_word' id='word_1_147' title='bbox 3010 1579 3348 1646; x_wconf 76' lang='grc' dir='ltr'>ἀνθρώπων.</span> <span class='ocrx_word' id='word_1_148' title='bbox 3395 1578 3582 1647; x_wconf 74' lang='grc' dir='ltr'>Γηγετ-</span> 
     </span>
    </p>
   </div>
   <div class='ocr_carea' id='block_1_24' title="bbox 343 1669 1914 1744">
    <p class='ocr_par' dir='ltr' id='par_1_24' title="bbox 343 1671 1906 1744">
     <span class='ocr_line' id='line_1_24' title="bbox 343 1671 1906 1744; baseline -0.003 -16"><span class='ocrx_word' id='word_1_149' title='bbox 343 1690 446 1729; x_wconf 89' lang='lat' dir='ltr'><strong>nas</strong></span> <span class='ocrx_word' id='word_1_150' title='bbox 478 1683 637 1728; x_wconf 88' lang='lat' dir='ltr'><strong>vocat</strong></span> <span class='ocrx_word' id='word_1_151' title='bbox 665 1674 992 1744; x_wconf 87' lang='lat' dir='ltr'><strong>agrestiores</strong></span> <span class='ocrx_word' id='word_1_152' title='bbox 1018 1672 1266 1727; x_wconf 87' lang='lat' dir='ltr'><strong>homines</strong></span> <span class='ocrx_word' id='word_1_153' title='bbox 1298 1673 1690 1741; x_wconf 84' lang='lat' dir='ltr'><strong>barbarosque,</strong></span> <span class='ocrx_word' id='word_1_154' title='bbox 1730 1671 1822 1740; x_wconf 77' lang='lat' dir='ltr'><strong>qui</strong></span> <span class='ocrx_word' id='word_1_155' title='bbox 1855 1672 1906 1724; x_wconf 88' lang='lat' dir='ltr'><strong>in</strong></span> 
     </span>
    </p>
   </div>
   <div class='ocr_carea' id='block_1_25' title="bbox 2030 1669 3588 1744">
    <p class='ocr_par' dir='ltr' id='par_1_25' title="bbox 2030 1669 3588 1744">
     <span class='ocr_line' id='line_1_25' title="bbox 2030 1669 3588 1744; baseline 0.003 -25"><span class='ocrx_word' id='word_1_156' title='bbox 2030 1676 2118 1735; x_wconf 75' lang='grc' dir='ltr'>νεῖς</span> <span class='ocrx_word' id='word_1_157' title='bbox 2145 1673 2242 1743; x_wconf 80' lang='grc' dir='ltr'><strong>μὲν</strong></span> <span class='ocrx_word' id='word_1_158' title='bbox 2278 1672 2404 1734; x_wconf 76' lang='grc' dir='ltr'>τοὺς</span> <span class='ocrx_word' id='word_1_159' title='bbox 2430 1670 2761 1744; x_wconf 80' lang='grc' dir='ltr'>βαρυτέρους</span> <span class='ocrx_word' id='word_1_160' title='bbox 2791 1669 3227 1740; x_wconf 79' lang='grc' dir='ltr'>τῶνάνθρώπων</span> <span class='ocrx_word' id='word_1_161' title='bbox 3263 1669 3588 1734; x_wconf 33' lang='grc' dir='ltr'>καλεῖητοὺς</span> 
     </span>
    </p>
   </div>
   <div class='ocr_carea' id='block_1_26' title="bbox 345 1737 1914 1838">
    <p class='ocr_par' dir='ltr' id='par_1_26' title="bbox 345 1737 1908 1834">
     <span class='ocr_line' id='line_1_26' title="bbox 345 1737 1908 1834; baseline -0.004 -15"><span class='ocrx_word' id='word_1_162' title='bbox 345 1765 574 1821; x_wconf 89' lang='lat' dir='ltr'><strong>desertis</strong></span> <span class='ocrx_word' id='word_1_163' title='bbox 615 1737 877 1832; x_wconf 67' lang='lat' dir='ltr'><strong>habitant,</strong></span> <span class='ocrx_word' id='word_1_164' title='bbox 915 1779 1088 1834; x_wconf 90' lang='lat' dir='ltr'><strong>neque</strong></span> <span class='ocrx_word' id='word_1_165' title='bbox 1118 1763 1328 1833; x_wconf 81' lang='lat' dir='ltr'><strong>legibus</strong></span> <span class='ocrx_word' id='word_1_166' title='bbox 1372 1763 1548 1817; x_wconf 88' lang='lat' dir='ltr'><strong>cultos</strong></span> <span class='ocrx_word' id='word_1_167' title='bbox 1565 1737 1597 1828; x_wconf 38' lang='lat'><strong>;&#39;</strong></span> <span class='ocrx_word' id='word_1_168' title='bbox 1631 1737 1774 1816; x_wconf 81' lang='lat' dir='ltr'><strong>ﬁlios</strong></span> <span class='ocrx_word' id='word_1_169' title='bbox 1806 1761 1908 1813; x_wconf 88' lang='lat' dir='ltr'><strong>ho-</strong></span> 
     </span>
    </p>
   </div>
   <div class='ocr_carea' id='block_1_27' title="bbox 2030 1737 3586 1838">
    <p class='ocr_par' dir='ltr' id='par_1_27' title="bbox 2030 1737 3586 1838">
     <span class='ocr_line' id='line_1_27' title="bbox 2030 1737 3586 1838; baseline -0.001 -21"><span class='ocrx_word' id='word_1_170' title='bbox 2030 1737 2470 1838; x_wconf 58' lang='lat' dir='ltr'><strong>3ap€i¢ipoug,xati</strong></span> <span class='ocrx_word' id='word_1_171' title='bbox 2585 1737 2838 1834; x_wconf 78' lang='grc' dir='ltr'>ἐρημίαις</span> <span class='ocrx_word' id='word_1_172' title='bbox 2869 1737 3147 1826; x_wconf 72' lang='grc' dir='ltr'>οἰκοῦντας</span> <span class='ocrx_word' id='word_1_173' title='bbox 3165 1804 3180 1829; x_wconf 96' lang='grc'><strong>,</strong></span> <span class='ocrx_word' id='word_1_174' title='bbox 3205 1764 3297 1816; x_wconf 73' lang='grc' dir='ltr'>καὶ</span> <span class='ocrx_word' id='word_1_175' title='bbox 3324 1762 3398 1834; x_wconf 83' lang='grc' dir='ltr'>μὴ</span> <span class='ocrx_word' id='word_1_176' title='bbox 3427 1763 3586 1834; x_wconf 81' lang='grc' dir='ltr'>νομί-</span> 
     </span>
    </p>
   </div>
   <div class='ocr_carea' id='block_1_28' title="bbox 347 1851 1914 1928">
    <p class='ocr_par' dir='ltr' id='par_1_28' title="bbox 347 1853 1912 1926">
     <span class='ocr_line' id='line_1_28' title="bbox 347 1853 1912 1926; baseline -0.001 -15"><span class='ocrx_word' id='word_1_177' title='bbox 347 1857 555 1911; x_wconf 80' lang='lat' dir='ltr'><strong>minuta</strong></span> <span class='ocrx_word' id='word_1_178' title='bbox 586 1856 718 1911; x_wconf 88' lang='lat' dir='ltr'><strong>dicit</strong></span> <span class='ocrx_word' id='word_1_179' title='bbox 741 1871 835 1911; x_wconf 90' lang='lat' dir='ltr'><strong>eos</strong></span> <span class='ocrx_word' id='word_1_180' title='bbox 862 1855 954 1926; x_wconf 81' lang='lat' dir='ltr'><strong>qui</strong></span> <span class='ocrx_word' id='word_1_181' title='bbox 987 1857 1373 1909; x_wconf 84' lang='lat' dir='ltr'><strong>humaniorem</strong></span> <span class='ocrx_word' id='word_1_182' title='bbox 1409 1854 1617 1910; x_wconf 89' lang='lat' dir='ltr'><strong>ducunt</strong></span> <span class='ocrx_word' id='word_1_183' title='bbox 1658 1853 1782 1908; x_wconf 68' lang='lat' dir='ltr'><strong>vitae</strong></span> <span class='ocrx_word' id='word_1_184' title='bbox 1823 1869 1912 1910; x_wconf 83' lang='lat' dir='ltr'><strong>ra-</strong></span> 
     </span>
    </p>
   </div>
   <div class='ocr_carea' id='block_1_29' title="bbox 2030 1851 3587 1928">
    <p class='ocr_par' dir='ltr' id='par_1_29' title="bbox 2030 1851 3587 1926">
     <span class='ocr_line' id='line_1_29' title="bbox 2030 1851 3587 1926; baseline -0.001 -17"><span class='ocrx_word' id='word_1_185' title='bbox 2030 1875 2134 1926; x_wconf 61' lang='grc' dir='ltr'><strong>μως</strong></span> <span class='ocrx_word' id='word_1_186' title='bbox 2167 1856 2612 1926; x_wconf 82' lang='grc' dir='ltr'>πολιτευομένους</span> <span class='ocrx_word' id='word_1_187' title='bbox 2631 1873 2644 1886; x_wconf 91' lang='grc'><strong>·</strong></span> <span class='ocrx_word' id='word_1_188' title='bbox 2675 1857 2822 1918; x_wconf 80' lang='grc' dir='ltr'>υἱοὺς</span> <span class='ocrx_word' id='word_1_189' title='bbox 2853 1855 2909 1908; x_wconf 82' lang='grc' dir='ltr'>δὲ</span> <span class='ocrx_word' id='word_1_190' title='bbox 2945 1851 3244 1926; x_wconf 86' lang='grc' dir='ltr'>ἀνθρώπων</span> <span class='ocrx_word' id='word_1_191' title='bbox 3274 1853 3398 1916; x_wconf 80' lang='grc' dir='ltr'>τοὺς</span> <span class='ocrx_word' id='word_1_192' title='bbox 3439 1856 3587 1924; x_wconf 80' lang='grc' dir='ltr'>ἠμε-</span> 
     </span>
    </p>
   </div>
   <div class='ocr_carea' id='block_1_30' title="bbox 347 1945 1914 2026">
    <p class='ocr_par' dir='ltr' id='par_1_30' title="bbox 347 1948 1098 2018">
     <span class='ocr_line' id='line_1_30' title="bbox 347 1948 1098 2018; baseline -0.004 -14"><span class='ocrx_word' id='word_1_193' title='bbox 347 1949 548 2004; x_wconf 77' lang='lat' dir='ltr'><strong>tionem</strong></span> <span class='ocrx_word' id='word_1_194' title='bbox 578 1958 630 2004; x_wconf 90' lang='lat' dir='ltr'><strong>et</strong></span> <span class='ocrx_word' id='word_1_195' title='bbox 650 1948 855 2018; x_wconf 78' lang='lat' dir='ltr'><strong>legibus</strong></span> <span class='ocrx_word' id='word_1_196' title='bbox 891 1955 1098 2016; x_wconf 78' lang='lat' dir='ltr'><strong>parent.</strong></span> 
     </span>
    </p>
   </div>
   <div class='ocr_carea' id='block_1_31' title="bbox 2030 1945 3588 2026">
    <p class='ocr_par' dir='ltr' id='par_1_31' title="bbox 2030 1945 3588 2026">
     <span class='ocr_line' id='line_1_31' title="bbox 2030 1945 3588 2026; baseline 0 -26"><span class='ocrx_word' id='word_1_197' title='bbox 2030 1948 2259 2018; x_wconf 70' lang='lat' dir='ltr'><strong>awrépav</strong></span> <span class='ocrx_word' id='word_1_198' title='bbox 2305 1946 2576 2002; x_wconf 80' lang='grc' dir='ltr'>πολιτείαν</span> <span class='ocrx_word' id='word_1_199' title='bbox 2628 1946 3077 2026; x_wconf 80' lang='grc' dir='ltr'>μετερχομένους,</span> <span class='ocrx_word' id='word_1_200' title='bbox 3109 1945 3203 2008; x_wconf 75' lang='grc' dir='ltr'>καὶ</span> <span class='ocrx_word' id='word_1_201' title='bbox 3234 1945 3414 2022; x_wconf 86' lang='grc' dir='ltr'>νόμοις</span> <span class='ocrx_word' id='word_1_202' title='bbox 3446 1945 3588 2006; x_wconf 80' lang='grc' dir='ltr'>διοι-</span> 
     </span>
    </p>
   </div>
   <div class='ocr_carea' id='block_1_32' title="bbox 2017 2041 2559 2109">
    <p class='ocr_par' dir='ltr' id='par_1_32' title="bbox 2017 2041 2559 2109">
     <span class='ocr_line' id='line_1_32' title="bbox 2017 2041 2559 2109; baseline -0.002 -17"><span class='ocrx_word' id='word_1_203' title='bbox 2017 2057 2111 2092; x_wconf 83' lang='grc' dir='ltr'><strong>κου</strong></span> <span class='ocrx_word' id='word_1_204' title='bbox 2120 2041 2330 2109; x_wconf 88' lang='grc' dir='ltr'>μένους,</span> <span class='ocrx_word' id='word_1_205' title='bbox 2557 2044 2559 2046; x_wconf 76' lang='grc'><em>’</em></span> 
     </span>
    </p>
   </div>
   <div class='ocr_carea' id='block_1_33' title="bbox 2091 2130 3587 2203">
    <p class='ocr_par' dir='ltr' id='par_1_33' title="bbox 2091 2130 3587 2203">
     <span class='ocr_line' id='line_1_33' title="bbox 2091 2130 3587 2203; baseline 0 -19"><span class='ocrx_word' id='word_1_206' title='bbox 2091 2130 2160 2184; x_wconf 76' lang='grc' dir='ltr'>Τό</span> <span class='ocrx_word' id='word_1_207' title='bbox 2182 2132 2372 2199; x_wconf 83' lang='grc' dir='ltr'>στόμα</span> <span class='ocrx_word' id='word_1_208' title='bbox 2391 2148 2510 2199; x_wconf 83' lang='grc' dir='ltr'>μου</span> <span class='ocrx_word' id='word_1_209' title='bbox 2530 2131 2790 2198; x_wconf 79' lang='grc' dir='ltr'>λαλήσει</span> <span class='ocrx_word' id='word_1_210' title='bbox 2818 2131 3065 2198; x_wconf 66' lang='grc' dir='ltr'>σοφίαν.</span> <span class='ocrx_word' id='word_1_211' title='bbox 3092 2130 3300 2203; x_wconf 79' lang='grc' dir='ltr'>Ὥσπερ</span> <span class='ocrx_word' id='word_1_212' title='bbox 3336 2131 3416 2194; x_wconf 87' lang='grc' dir='ltr'><strong>είς</strong></span> <span class='ocrx_word' id='word_1_213' title='bbox 3445 2131 3587 2199; x_wconf 85' lang='grc' dir='ltr'>τάγ-</span> 
     </span>
    </p>
   </div>
   <div class='ocr_carea' id='block_1_34' title="bbox 2020 2221 3586 2294">
    <p class='ocr_par' dir='ltr' id='par_1_34' title="bbox 2020 2221 3586 2294">
     <span class='ocr_line' id='line_1_34' title="bbox 2020 2221 3586 2294; baseline 0.003 -23"><span class='ocrx_word' id='word_1_214' title='bbox 2020 2236 2161 2289; x_wconf 87' lang='grc' dir='ltr'>ματα</span> <span class='ocrx_word' id='word_1_215' title='bbox 2195 2221 2420 2275; x_wconf 80' lang='grc' dir='ltr'>πλεῖστα</span> <span class='ocrx_word' id='word_1_216' title='bbox 2451 2223 2576 2283; x_wconf 81' lang='grc' dir='ltr'>τοὺς</span> <span class='ocrx_word' id='word_1_217' title='bbox 2597 2221 2870 2294; x_wconf 80' lang='grc' dir='ltr'>ἀκροατὰς</span> <span class='ocrx_word' id='word_1_218' title='bbox 2901 2222 3116 2288; x_wconf 73' lang='grc' dir='ltr'>διεῖλεν,</span> <span class='ocrx_word' id='word_1_219' title='bbox 3158 2221 3328 2286; x_wconf 79' lang='grc' dir='ltr'>οὕτως</span> <span class='ocrx_word' id='word_1_220' title='bbox 3357 2222 3450 2276; x_wconf 72' lang='grc' dir='ltr'>καὶ</span> <span class='ocrx_word' id='word_1_221' title='bbox 3476 2221 3586 2294; x_wconf 76' lang='grc' dir='ltr'>τὴν</span> 
     </span>
    </p>
   </div>
   <div class='ocr_carea' id='block_1_35' title="bbox 2017 2311 3578 2387">
    <p class='ocr_par' dir='ltr' id='par_1_35' title="bbox 2017 2311 3578 2387">
     <span class='ocr_line' id='line_1_35' title="bbox 2017 2311 3578 2387; baseline 0.001 -23"><span class='ocrx_word' id='word_1_222' title='bbox 2017 2311 2178 2364; x_wconf 84' lang='grc' dir='ltr'>αὑτοῦ</span> <span class='ocrx_word' id='word_1_223' title='bbox 2208 2312 2553 2366; x_wconf 79' lang='grc' dir='ltr'>διδασκαλίαν</span> <span class='ocrx_word' id='word_1_224' title='bbox 2597 2315 2676 2377; x_wconf 84' lang='grc' dir='ltr'><strong>είς</strong></span> <span class='ocrx_word' id='word_1_225' title='bbox 2710 2315 2943 2387; x_wconf 79' lang='grc' dir='ltr'>τρόπους</span> <span class='ocrx_word' id='word_1_226' title='bbox 2988 2313 3236 2384; x_wconf 73' lang='grc' dir='ltr'>ἀφορίζει</span> <span class='ocrx_word' id='word_1_227' title='bbox 3267 2313 3578 2386; x_wconf 81' lang='grc' dir='ltr'>διαφόρους.</span> 
     </span>
    </p>
   </div>
   <div class='ocr_carea' id='block_1_36' title="bbox 2027 2403 3594 2477">
    <p class='ocr_par' dir='ltr' id='par_1_36' title="bbox 2027 2403 3594 2477">
     <span class='ocr_line' id='line_1_36' title="bbox 2027 2403 3594 2477; baseline 0 -21"><span class='ocrx_word' id='word_1_228' title='bbox 2027 2404 2086 2456; x_wconf 87' lang='grc' dir='ltr'>Ὀ</span> <span class='ocrx_word' id='word_1_229' title='bbox 2120 2404 2277 2474; x_wconf 84' lang='grc' dir='ltr'>χορὸς</span> <span class='ocrx_word' id='word_1_230' title='bbox 2302 2403 2358 2456; x_wconf 83' lang='grc' dir='ltr'><strong>δέ</strong></span> <span class='ocrx_word' id='word_1_231' title='bbox 2388 2405 2533 2459; x_wconf 88' lang='grc' dir='ltr'>ἐστιν</span> <span class='ocrx_word' id='word_1_232' title='bbox 2559 2407 2587 2457; x_wconf 90' lang='grc' dir='ltr'><strong>ό</strong></span> <span class='ocrx_word' id='word_1_233' title='bbox 2621 2403 2970 2468; x_wconf 85' lang='grc' dir='ltr'>άποστολικὸς</span> <span class='ocrx_word' id='word_1_234' title='bbox 3000 2407 3028 2457; x_wconf 87' lang='grc' dir='ltr'><strong>ό</strong></span> <span class='ocrx_word' id='word_1_235' title='bbox 3073 2403 3244 2456; x_wconf 84' lang='grc' dir='ltr'>ταῦτα</span> <span class='ocrx_word' id='word_1_236' title='bbox 3275 2404 3594 2477; x_wconf 74' lang='grc' dir='ltr'>φθεγγόμε-.</span> 
     </span>
    </p>
   </div>
   <div class='ocr_carea' id='block_1_37' title="bbox 2015 2495 3598 2568">
    <p class='ocr_par' dir='ltr' id='par_1_37' title="bbox 2015 2495 3598 2568">
     <span class='ocr_line' id='line_1_37' title="bbox 2015 2495 3598 2568; baseline -0.001 -20"><span class='ocrx_word' id='word_1_237' title='bbox 2015 2513 2125 2560; x_wconf 89' lang='grc' dir='ltr'>νος,</span> <span class='ocrx_word' id='word_1_238' title='bbox 2150 2496 2245 2549; x_wconf 73' lang='grc' dir='ltr'>καὶ</span> <span class='ocrx_word' id='word_1_239' title='bbox 2265 2497 2356 2548; x_wconf 72' lang='grc' dir='ltr'>ἐπὶ</span> <span class='ocrx_word' id='word_1_240' title='bbox 2393 2497 2655 2567; x_wconf 89' lang='grc' dir='ltr'>στόματος</span> <span class='ocrx_word' id='word_1_241' title='bbox 2681 2497 2859 2568; x_wconf 86' lang='grc' dir='ltr'>φέρων</span> <span class='ocrx_word' id='word_1_242' title='bbox 2892 2497 2979 2549; x_wconf 83' lang='grc' dir='ltr'><strong>τὸν</strong></span> <span class='ocrx_word' id='word_1_243' title='bbox 3002 2496 3251 2568; x_wconf 78' lang='grc' dir='ltr'>Χριστὸν,</span> <span class='ocrx_word' id='word_1_244' title='bbox 3284 2495 3342 2559; x_wconf 81' lang='grc' dir='ltr'>ὅς</span> <span class='ocrx_word' id='word_1_245' title='bbox 3374 2496 3519 2548; x_wconf 82' lang='grc' dir='ltr'>ἐστιν</span> <span class='ocrx_word' id='word_1_246' title='bbox 3545 2497 3598 2568; x_wconf 74' lang='grc' dir='ltr'><strong>ἠ¹</strong></span> 
     </span>
    </p>
   </div>
   <div class='ocr_carea' id='block_1_38' title="bbox 2019 2583 3586 2658">
    <p class='ocr_par' dir='ltr' id='par_1_38' title="bbox 2019 2583 3586 2658">
     <span class='ocr_line' id='line_1_38' title="bbox 2019 2583 3586 2658; baseline -0.001 -20"><span class='ocrx_word' id='word_1_247' title='bbox 2019 2587 2178 2654; x_wconf 87' lang='grc' dir='ltr'>σοφία</span> <span class='ocrx_word' id='word_1_248' title='bbox 2204 2585 2296 2638; x_wconf 91' lang='grc' dir='ltr'><strong>τοῦ</strong></span> <span class='ocrx_word' id='word_1_249' title='bbox 2325 2587 2715 2658; x_wconf 33' lang='grc' dir='ltr'>Πατρός.λ”Ατε</span> <span class='ocrx_word' id='word_1_250' title='bbox 2740 2587 2803 2658; x_wconf 81' lang='grc' dir='ltr'>δὴ</span> <span class='ocrx_word' id='word_1_251' title='bbox 2830 2583 2920 2640; x_wconf 76' lang='grc' dir='ltr'><strong>οὖν</strong></span> <span class='ocrx_word' id='word_1_252' title='bbox 2943 2586 3031 2640; x_wconf 81' lang='grc' dir='ltr'><strong>τὸν</strong></span> <span class='ocrx_word' id='word_1_253' title='bbox 3061 2585 3291 2658; x_wconf 75' lang='grc' dir='ltr'>Χριστὸν</span> <span class='ocrx_word' id='word_1_254' title='bbox 3339 2586 3428 2638; x_wconf 71' lang='grc' dir='ltr'>ἐπὶ</span> <span class='ocrx_word' id='word_1_255' title='bbox 3459 2585 3586 2637; x_wconf 89' lang='grc' dir='ltr'>στό-</span> 
     </span>
    </p>
   </div>
   <div class='ocr_carea' id='block_1_39' title="bbox 2019 2676 3583 2749">
    <p class='ocr_par' dir='ltr' id='par_1_39' title="bbox 2019 2676 3583 2749">
     <span class='ocr_line' id='line_1_39' title="bbox 2019 2676 3583 2749; baseline 0.001 -20"><span class='ocrx_word' id='word_1_256' title='bbox 2019 2695 2187 2749; x_wconf 89' lang='grc' dir='ltr'>ματος</span> <span class='ocrx_word' id='word_1_257' title='bbox 2215 2677 2490 2748; x_wconf 84' lang='grc' dir='ltr'>φέροντες,</span> <span class='ocrx_word' id='word_1_258' title='bbox 2525 2678 2617 2730; x_wconf 80' lang='grc' dir='ltr'><strong>καὶ</strong></span> <span class='ocrx_word' id='word_1_259' title='bbox 2650 2678 2833 2732; x_wconf 89' lang='grc' dir='ltr'>τοῦτον</span> <span class='ocrx_word' id='word_1_260' title='bbox 2861 2681 2936 2740; x_wconf 81' lang='grc' dir='ltr'>εἰς</span> <span class='ocrx_word' id='word_1_261' title='bbox 2965 2678 3088 2731; x_wconf 92' lang='grc' dir='ltr'>νοῦν</span> <span class='ocrx_word' id='word_1_262' title='bbox 3127 2679 3212 2732; x_wconf 75' lang='grc' dir='ltr'>ἀεὶ</span> <span class='ocrx_word' id='word_1_263' title='bbox 3248 2676 3583 2747; x_wconf 69' lang='grc' dir='ltr'>ἐκμελετῶνς-</span> 
     </span>
    </p>
   </div>
   <div class='ocr_carea' id='block_1_40' title="bbox 2016 2765 3582 2839">
    <p class='ocr_par' dir='ltr' id='par_1_40' title="bbox 2016 2765 3582 2839">
     <span class='ocr_line' id='line_1_40' title="bbox 2016 2765 3582 2839; baseline -0.001 -17"><span class='ocrx_word' id='word_1_264' title='bbox 2016 2787 2126 2832; x_wconf 85' lang='grc' dir='ltr'>τες,</span> <span class='ocrx_word' id='word_1_265' title='bbox 2175 2768 2386 2821; x_wconf 81' lang='grc' dir='ltr'>σύνεσιν</span> <span class='ocrx_word' id='word_1_266' title='bbox 2442 2765 2605 2839; x_wconf 81' lang='grc' dir='ltr'>εἶχον.</span> <span class='ocrx_word' id='word_1_267' title='bbox 2668 2768 2821 2822; x_wconf 83' lang='grc' dir='ltr'>Οῦτω</span> <span class='ocrx_word' id='word_1_268' title='bbox 2849 2769 2904 2821; x_wconf 81' lang='grc' dir='ltr'><strong>δὲ</strong></span> <span class='ocrx_word' id='word_1_269' title='bbox 2961 2768 3135 2822; x_wconf 80' lang='grc' dir='ltr'>αὐτῶν</span> <span class='ocrx_word' id='word_1_270' title='bbox 3176 2770 3406 2839; x_wconf 68' lang='grc' dir='ltr'>ἠκόνητο</span> <span class='ocrx_word' id='word_1_271' title='bbox 3443 2770 3582 2838; x_wconf 72' lang='grc' dir='ltr'>πρὸς</span> 
     </span>
    </p>
   </div>
   <div class='ocr_carea' id='block_1_41' title="bbox 2020 2857 3581 2930">
    <p class='ocr_par' dir='ltr' id='par_1_41' title="bbox 2020 2857 3581 2930">
     <span class='ocr_line' id='line_1_41' title="bbox 2020 2857 3581 2930; baseline -0.001 -18"><span class='ocrx_word' id='word_1_272' title='bbox 2020 2859 2232 2925; x_wconf 81' lang='grc' dir='ltr'>σύνεσιν</span> <span class='ocrx_word' id='word_1_273' title='bbox 2257 2861 2284 2911; x_wconf 91' lang='lat'><strong>6</strong></span> <span class='ocrx_word' id='word_1_274' title='bbox 2314 2858 2456 2923; x_wconf 82' lang='grc' dir='ltr'>νοῦς,</span> <span class='ocrx_word' id='word_1_275' title='bbox 2485 2859 2558 2922; x_wconf 86' lang='grc' dir='ltr'>ὼς</span> <span class='ocrx_word' id='word_1_276' title='bbox 2586 2859 2680 2912; x_wconf 73' lang='grc' dir='ltr'><strong>καὶ</strong></span> <span class='ocrx_word' id='word_1_277' title='bbox 2713 2859 2810 2922; x_wconf 84' lang='grc' dir='ltr'>τὰς</span> <span class='ocrx_word' id='word_1_278' title='bbox 2850 2857 3161 2930; x_wconf 78' lang='grc' dir='ltr'>παραϐολὰς</span> <span class='ocrx_word' id='word_1_279' title='bbox 3204 2858 3296 2910; x_wconf 88' lang='grc' dir='ltr'><strong>τοῦ</strong></span> <span class='ocrx_word' id='word_1_280' title='bbox 3329 2859 3581 2928; x_wconf 79' lang='grc' dir='ltr'>Σωτῆρος</span> 
     </span>
    </p>
   </div>
   <div class='ocr_carea' id='block_1_42' title="bbox 2017 2948 3582 3022">
    <p class='ocr_par' dir='ltr' id='par_1_42' title="bbox 2017 2948 3582 3022">
     <span class='ocr_line' id='line_1_42' title="bbox 2017 2948 3582 3022; baseline -0.002 -18"><span class='ocrx_word' id='word_1_281' title='bbox 2017 2951 2115 3015; x_wconf 85' lang='grc' dir='ltr'>τὰς</span> <span class='ocrx_word' id='word_1_282' title='bbox 2145 2953 2202 3004; x_wconf 80' lang='grc' dir='ltr'><strong>ἐν</strong></span> <span class='ocrx_word' id='word_1_283' title='bbox 2230 2953 2341 3014; x_wconf 86' lang='grc' dir='ltr'>τοῖς</span> <span class='ocrx_word' id='word_1_284' title='bbox 2366 2951 2717 3020; x_wconf 81' lang='grc' dir='ltr'>Εὑαγγελίοις</span> <span class='ocrx_word' id='word_1_285' title='bbox 2749 2951 3052 3022; x_wconf 81' lang='grc' dir='ltr'>φερομένας</span> <span class='ocrx_word' id='word_1_286' title='bbox 3081 2950 3332 3004; x_wconf 82' lang='grc' dir='ltr'>συνιέναι.</span> <span class='ocrx_word' id='word_1_287' title='bbox 3378 2950 3466 3002; x_wconf 78' lang='grc' dir='ltr'>Διὸ</span> <span class='ocrx_word' id='word_1_288' title='bbox 3492 2948 3582 3002; x_wconf 83' lang='grc' dir='ltr'>λέ-</span> 
     </span>
    </p>
   </div>
   <div class='ocr_carea' id='block_1_43' title="bbox 2017 3039 3600 3114">
    <p class='ocr_par' dir='ltr' id='par_1_43' title="bbox 2017 3039 3600 3114">
     <span class='ocr_line' id='line_1_43' title="bbox 2017 3039 3600 3114; baseline -0.001 -19"><span class='ocrx_word' id='word_1_289' title='bbox 2017 3059 2204 3111; x_wconf 86' lang='grc' dir='ltr'>γοντος</span> <span class='ocrx_word' id='word_1_290' title='bbox 2221 3043 2400 3105; x_wconf 65' lang='grc' dir='ltr'>αὐτοῖς</span> <span class='ocrx_word' id='word_1_291' title='bbox 2423 3041 2516 3094; x_wconf 89' lang='grc' dir='ltr'><strong>τοῦ</strong></span> <span class='ocrx_word' id='word_1_292' title='bbox 2532 3040 2767 3114; x_wconf 85' lang='grc' dir='ltr'>Χριστοῦ</span> <span class='ocrx_word' id='word_1_293' title='bbox 2784 3059 2797 3072; x_wconf 76' lang='grc' dir='ltr'><strong><em>ο</em></strong></span> <span class='ocrx_word' id='word_1_294' title='bbox 2821 3045 2866 3095; x_wconf 90' lang='grc' dir='ltr'><strong><em>Σ</em></strong></span> <span class='ocrx_word' id='word_1_295' title='bbox 2873 3041 3128 3107; x_wconf 53' lang='lat' dir='ltr'><strong>ornatura.</strong></span> <span class='ocrx_word' id='word_1_296' title='bbox 3149 3041 3339 3095; x_wconf 82' lang='grc' dir='ltr'>ταῦτα</span> <span class='ocrx_word' id='word_1_297' title='bbox 3353 3039 3547 3093; x_wconf 77' lang='grc' dir='ltr'>πάντα</span> <span class='ocrx_word' id='word_1_298' title='bbox 3557 3056 3600 3104; x_wconf 65' lang='lat'><strong>,1</strong></span> 
     </span>
    </p>
   </div>
   <div class='ocr_carea' id='block_1_44' title="bbox 2017 3133 2571 3204">
    <p class='ocr_par' dir='ltr' id='par_1_44' title="bbox 2017 3133 2571 3204">
     <span class='ocr_line' id='line_1_44' title="bbox 2017 3133 2571 3204; baseline -0.002 -17"><span class='ocrx_word' id='word_1_299' title='bbox 2017 3134 2199 3203; x_wconf 78' lang='grc' dir='ltr'>ἔλεγον</span> <span class='ocrx_word' id='word_1_300' title='bbox 2228 3133 2376 3204; x_wconf 78' lang='grc' dir='ltr'>αὐτῷ</span> <span class='ocrx_word' id='word_1_301' title='bbox 2396 3150 2409 3164; x_wconf 89' lang='grc'><strong>·</strong></span> <span class='ocrx_word' id='word_1_302' title='bbox 2439 3135 2571 3188; x_wconf 80' lang='grc' dir='ltr'>Ναί.</span> 
     </span>
    </p>
   </div>
   <div class='ocr_carea' id='block_1_45' title="bbox 2058 3220 3598 3296">
    <p class='ocr_par' dir='ltr' id='par_1_45' title="bbox 2058 3220 3598 3296">
     <span class='ocr_line' id='line_1_45' title="bbox 2058 3220 3598 3296; baseline -0.003 -16"><span class='ocrx_word' id='word_1_303' title='bbox 2058 3225 2285 3280; x_wconf 68' lang='grc' dir='ltr'>³Κλινῶ</span> <span class='ocrx_word' id='word_1_304' title='bbox 2326 3228 2412 3292; x_wconf 82' lang='grc' dir='ltr'>εἰς</span> <span class='ocrx_word' id='word_1_305' title='bbox 2443 3224 2790 3296; x_wconf 74' lang='grc' dir='ltr'>παραϐολὴν</span> <span class='ocrx_word' id='word_1_306' title='bbox 2834 3220 2900 3278; x_wconf 68' lang='grc' dir='ltr'><strong>τό</strong></span> <span class='ocrx_word' id='word_1_307' title='bbox 2947 3221 3056 3290; x_wconf 84' lang='grc' dir='ltr'>οὖς</span> <span class='ocrx_word' id='word_1_308' title='bbox 3082 3242 3221 3293; x_wconf 87' lang='grc' dir='ltr'>μου.</span> <span class='ocrx_word' id='word_1_309' title='bbox 3283 3223 3425 3294; x_wconf 81' lang='grc' dir='ltr'><strong>Ἐγὼ</strong></span> <span class='ocrx_word' id='word_1_310' title='bbox 3459 3223 3598 3295; x_wconf 67' lang='grc' dir='ltr'>μὲν,,</span> 
     </span>
    </p>
   </div>
   <div class='ocr_carea' id='block_1_46' title="bbox 2019 3315 3582 3389">
    <p class='ocr_par' dir='ltr' id='par_1_46' title="bbox 2019 3315 3582 3389">
     <span class='ocr_line' id='line_1_46' title="bbox 2019 3315 3582 3389; baseline -0.002 -18"><span class='ocrx_word' id='word_1_311' title='bbox 2019 3318 2204 3389; x_wconf 72' lang='grc' dir='ltr'>φησὶν,</span> <span class='ocrx_word' id='word_1_312' title='bbox 2241 3319 2519 3388; x_wconf 24' lang='grc' dir='ltr'>ἁκονήσας,</span> <span class='ocrx_word' id='word_1_313' title='bbox 2563 3317 2655 3370; x_wconf 82' lang='grc' dir='ltr'><strong>τὸν</strong></span> <span class='ocrx_word' id='word_1_314' title='bbox 2687 3316 2922 3388; x_wconf 80' lang='grc' dir='ltr'>ἐμαυτοῦ</span> <span class='ocrx_word' id='word_1_315' title='bbox 2957 3317 3079 3369; x_wconf 91' lang='grc' dir='ltr'>νοῦν</span> <span class='ocrx_word' id='word_1_316' title='bbox 3109 3318 3187 3379; x_wconf 86' lang='grc' dir='ltr'><strong>είς</strong></span> <span class='ocrx_word' id='word_1_317' title='bbox 3221 3317 3434 3368; x_wconf 78' lang='grc' dir='ltr'>σύνεσιν</span> <span class='ocrx_word' id='word_1_318' title='bbox 3471 3315 3582 3368; x_wconf 83' lang='grc' dir='ltr'>τῶν</span> 
     </span>
    </p>
   </div>
   <div class='ocr_carea' id='block_1_47' title="bbox 2020 3405 3603 3479">
    <p class='ocr_par' dir='ltr' id='par_1_47' title="bbox 2020 3405 3603 3479">
     <span class='ocr_line' id='line_1_47' title="bbox 2020 3405 3603 3479; baseline -0.002 -18"><span class='ocrx_word' id='word_1_319' title='bbox 2020 3408 2300 3479; x_wconf 83' lang='grc' dir='ltr'>σωτηρίων</span> <span class='ocrx_word' id='word_1_320' title='bbox 2335 3405 2677 3478; x_wconf 74' lang='grc' dir='ltr'>παραϐολῶν,</span> <span class='ocrx_word' id='word_1_321' title='bbox 2700 3406 2995 3477; x_wconf 79' lang='grc' dir='ltr'>δεδύνημαι</span> <span class='ocrx_word' id='word_1_322' title='bbox 3037 3405 3464 3476; x_wconf 80' lang='grc' dir='ltr'>ἐπακολουθῆσαι</span> <span class='ocrx_word' id='word_1_323' title='bbox 3509 3408 3603 3476; x_wconf 39' lang='grc' dir='ltr'><strong>τῇ-</strong></span> 
     </span>
    </p>
   </div>
   <div class='ocr_carea' id='block_1_48' title="bbox 330 295 441 350">
    <p class='ocr_par' dir='ltr' id='par_1_48' title="bbox 330 295 441 350">
     <span class='ocr_line' id='line_1_48' title="bbox 330 295 441 350; baseline 0 -2"><span class='ocrx_word' id='word_1_324' title='bbox 330 295 441 350; x_wconf 65' lang='lat'><strong>225</strong></span> 
     </span>
    </p>
   </div>
   <div class='ocr_carea' id='block_1_49' title="bbox 411 1129 1906 1202">
    <p class='ocr_par' dir='ltr' id='par_1_49' title="bbox 411 1129 1906 1202">
     <span class='ocr_line' id='line_1_49' title="bbox 411 1129 1906 1202; baseline -0.007 -11"><span class='ocrx_word' id='word_1_325' title='bbox 411 1137 466 1191; x_wconf 73' lang='lat'><strong>2.</strong></span> <span class='ocrx_word' id='word_1_326' title='bbox 527 1137 718 1189; x_wconf 80' lang='lat' dir='ltr'><strong>Audite</strong></span> <span class='ocrx_word' id='word_1_327' title='bbox 762 1137 893 1199; x_wconf 75' lang='lat' dir='ltr'><strong>Ittec,</strong></span> <span class='ocrx_word' id='word_1_328' title='bbox 936 1149 1109 1186; x_wconf 88' lang='lat' dir='ltr'><strong>omnes</strong></span> <span class='ocrx_word' id='word_1_329' title='bbox 1136 1140 1332 1202; x_wconf 80' lang='lat' dir='ltr'><strong>gentes,</strong></span> <span class='ocrx_word' id='word_1_330' title='bbox 1377 1131 1591 1184; x_wconf 84' lang='lat' dir='ltr'><strong>auribus</strong></span> <span class='ocrx_word' id='word_1_331' title='bbox 1635 1129 1906 1199; x_wconf 74' lang='lat' dir='ltr'><strong>percipi‘te,</strong></span> 
     </span>
    </p>
   </div>
   <div class='ocr_carea' id='block_1_50' title="bbox 344 1222 1906 1300">
    <p class='ocr_par' dir='ltr' id='par_1_50' title="bbox 344 1222 1906 1300">
     <span class='ocr_line' id='line_1_50' title="bbox 344 1222 1906 1300; baseline -0.006 -18"><span class='ocrx_word' id='word_1_332' title='bbox 344 1247 521 1283; x_wconf 83' lang='lat' dir='ltr'><strong>omnes</strong></span> <span class='ocrx_word' id='word_1_333' title='bbox 545 1231 632 1300; x_wconf 85' lang='lat' dir='ltr'><strong>qui</strong></span> <span class='ocrx_word' id='word_1_334' title='bbox 672 1228 922 1281; x_wconf 81' lang='lat' dir='ltr'><strong>habitatis</strong></span> <span class='ocrx_word' id='word_1_335' title='bbox 953 1225 1148 1280; x_wconf 86' lang='lat' dir='ltr'><strong>orbem.</strong></span> <span class='ocrx_word' id='word_1_336' title='bbox 1194 1222 1344 1277; x_wconf 84' lang='lat' dir='ltr'><strong>Sicut</strong></span> <span class='ocrx_word' id='word_1_337' title='bbox 1373 1224 1438 1276; x_wconf 88' lang='lat' dir='ltr'><strong>ad</strong></span> <span class='ocrx_word' id='word_1_338' title='bbox 1480 1223 1708 1276; x_wconf 86' lang='lat' dir='ltr'><strong>salutem</strong></span> <span class='ocrx_word' id='word_1_339' title='bbox 1735 1230 1906 1274; x_wconf 90' lang='lat' dir='ltr'><strong>totum</strong></span> 
     </span>
    </p>
   </div>
   <div class='ocr_carea' id='block_1_51' title="bbox 349 1312 1905 1386">
    <p class='ocr_par' dir='ltr' id='par_1_51' title="bbox 349 1312 1905 1386">
     <span class='ocr_line' id='line_1_51' title="bbox 349 1312 1905 1386; baseline -0.006 -12"><span class='ocrx_word' id='word_1_340' title='bbox 349 1321 643 1374; x_wconf 90' lang='lat' dir='ltr'><strong>humanum</strong></span> <span class='ocrx_word' id='word_1_341' title='bbox 678 1333 846 1386; x_wconf 83' lang='lat' dir='ltr'><strong>genus</strong></span> <span class='ocrx_word' id='word_1_342' title='bbox 887 1325 1062 1380; x_wconf 81' lang='lat' dir='ltr'><strong>vocat,</strong></span> <span class='ocrx_word' id='word_1_343' title='bbox 1098 1316 1283 1370; x_wconf 89' lang='lat' dir='ltr'><strong>eodem</strong></span> <span class='ocrx_word' id='word_1_344' title='bbox 1325 1313 1488 1368; x_wconf 90' lang='lat' dir='ltr'><strong>modo</strong></span> <span class='ocrx_word' id='word_1_345' title='bbox 1515 1315 1580 1367; x_wconf 90' lang='lat' dir='ltr'><strong>ad</strong></span> <span class='ocrx_word' id='word_1_346' title='bbox 1604 1312 1905 1368; x_wconf 88' lang='lat' dir='ltr'><strong>doctrinam</strong></span> 
     </span>
    </p>
   </div>
   <div class='ocr_carea' id='block_1_52' title="bbox 344 1409 1550 1481">
    <p class='ocr_par' dir='ltr' id='par_1_52' title="bbox 344 1409 1550 1481">
     <span class='ocr_line' id='line_1_52' title="bbox 344 1409 1550 1481; baseline -0.007 -16"><span class='ocrx_word' id='word_1_347' title='bbox 344 1411 510 1466; x_wconf 84' lang='lat' dir='ltr'><strong>divini</strong></span> <span class='ocrx_word' id='word_1_348' title='bbox 535 1409 744 1481; x_wconf 89' lang='lat' dir='ltr'><strong>judicii,</strong></span> <span class='ocrx_word' id='word_1_349' title='bbox 773 1425 880 1462; x_wconf 88' lang='lat' dir='ltr'><strong>una</strong></span> <span class='ocrx_word' id='word_1_350' title='bbox 915 1423 1106 1462; x_wconf 81' lang='lat' dir='ltr'><strong>omnes</strong></span> <span class='ocrx_word' id='word_1_351' title='bbox 1133 1421 1313 1461; x_wconf 86' lang='lat' dir='ltr'><strong>sermo</strong></span> <span class='ocrx_word' id='word_1_352' title='bbox 1339 1413 1550 1460; x_wconf 77' lang='lat' dir='ltr'><strong>evocat.</strong></span> 
     </span>
    </p>
   </div>
   <div class='ocr_carea' id='block_1_53' title="bbox 419 2115 1908 2189">
    <p class='ocr_par' dir='ltr' id='par_1_53' title="bbox 419 2115 1908 2189">
     <span class='ocr_line' id='line_1_53' title="bbox 419 2115 1908 2189; baseline -0.003 -15"><span class='ocrx_word' id='word_1_353' title='bbox 419 2119 474 2176; x_wconf 75' lang='grc'>4.</span> <span class='ocrx_word' id='word_1_354' title='bbox 527 2120 598 2175; x_wconf 83' lang='lat' dir='ltr'><strong>Os</strong></span> <span class='ocrx_word' id='word_1_355' title='bbox 623 2135 792 2174; x_wconf 87' lang='lat' dir='ltr'><strong>meum</strong></span> <span class='ocrx_word' id='word_1_356' title='bbox 815 2120 1056 2189; x_wconf 82' lang='lat' dir='ltr'><strong>loquetur</strong></span> <span class='ocrx_word' id='word_1_357' title='bbox 1084 2120 1418 2188; x_wconf 78' lang='lat' dir='ltr'><strong>sapientiam.</strong></span> <span class='ocrx_word' id='word_1_358' title='bbox 1443 2115 1908 2183; x_wconf 80' lang='lat' dir='ltr'><strong>Quemadmodum</strong></span> 
     </span>
    </p>
   </div>
   <div class='ocr_carea' id='block_1_54' title="bbox 349 2207 1912 2274">
    <p class='ocr_par' dir='ltr' id='par_1_54' title="bbox 349 2207 1912 2274">
     <span class='ocr_line' id='line_1_54' title="bbox 349 2207 1912 2274; baseline -0.004 -9"><span class='ocrx_word' id='word_1_359' title='bbox 349 2227 449 2266; x_wconf 86' lang='lat' dir='ltr'><strong>ceu</strong></span> <span class='ocrx_word' id='word_1_360' title='bbox 476 2211 530 2264; x_wconf 92' lang='lat' dir='ltr'><strong>in</strong></span> <span class='ocrx_word' id='word_1_361' title='bbox 556 2211 738 2266; x_wconf 90' lang='lat' dir='ltr'><strong>varios</strong></span> <span class='ocrx_word' id='word_1_362' title='bbox 789 2209 1008 2265; x_wconf 89' lang='lat' dir='ltr'><strong>ordines</strong></span> <span class='ocrx_word' id='word_1_363' title='bbox 1050 2208 1329 2264; x_wconf 89' lang='lat' dir='ltr'><strong>distribuit</strong></span> <span class='ocrx_word' id='word_1_364' title='bbox 1383 2207 1680 2274; x_wconf 85' lang='lat' dir='ltr'><strong>auditores,</strong></span> <span class='ocrx_word' id='word_1_365' title='bbox 1738 2208 1810 2260; x_wconf 87' lang='lat' dir='ltr'><strong>ita</strong></span> <span class='ocrx_word' id='word_1_366' title='bbox 1857 2217 1912 2260; x_wconf 81' lang='lat' dir='ltr'><strong>et</strong></span> 
     </span>
    </p>
   </div>
   <div class='ocr_carea' id='block_1_55' title="bbox 351 2298 1913 2370">
    <p class='ocr_par' dir='ltr' id='par_1_55' title="bbox 351 2298 1913 2370">
     <span class='ocr_line' id='line_1_55' title="bbox 351 2298 1913 2370; baseline -0.005 -11"><span class='ocrx_word' id='word_1_367' title='bbox 351 2304 650 2359; x_wconf 88' lang='lat' dir='ltr'><strong>doctrinam</strong></span> <span class='ocrx_word' id='word_1_368' title='bbox 694 2319 852 2358; x_wconf 90' lang='lat' dir='ltr'><strong>suam</strong></span> <span class='ocrx_word' id='word_1_369' title='bbox 883 2302 936 2355; x_wconf 89' lang='lat' dir='ltr'><strong>in</strong></span> <span class='ocrx_word' id='word_1_370' title='bbox 974 2301 1166 2356; x_wconf 88' lang='lat' dir='ltr'><strong>modos</strong></span> <span class='ocrx_word' id='word_1_371' title='bbox 1206 2300 1494 2370; x_wconf 80' lang='lat' dir='ltr'><strong>distinguit</strong></span> <span class='ocrx_word' id='word_1_372' title='bbox 1519 2301 1720 2354; x_wconf 88' lang='lat' dir='ltr'><strong>varios.</strong></span> <span class='ocrx_word' id='word_1_373' title='bbox 1767 2298 1913 2352; x_wconf 79' lang='lat' dir='ltr'><strong>Cha-</strong></span> 
     </span>
    </p>
   </div>
   <div class='ocr_carea' id='block_1_56' title="bbox 351 2391 1910 2465">
    <p class='ocr_par' dir='ltr' id='par_1_56' title="bbox 351 2391 1910 2465">
     <span class='ocr_line' id='line_1_56' title="bbox 351 2391 1910 2465; baseline -0.004 -15"><span class='ocrx_word' id='word_1_374' title='bbox 351 2411 444 2452; x_wconf 74' lang='lat' dir='ltr'><strong>ius</strong></span> <span class='ocrx_word' id='word_1_375' title='bbox 468 2407 647 2451; x_wconf 89' lang='lat' dir='ltr'><strong>autem</strong></span> <span class='ocrx_word' id='word_1_376' title='bbox 674 2395 1007 2465; x_wconf 80' lang='lat' dir='ltr'><strong>apostolicus</strong></span> <span class='ocrx_word' id='word_1_377' title='bbox 1033 2402 1115 2448; x_wconf 84' lang='lat' dir='ltr'><strong>est</strong></span> <span class='ocrx_word' id='word_1_378' title='bbox 1149 2394 1243 2464; x_wconf 88' lang='lat' dir='ltr'><strong>qui</strong></span> <span class='ocrx_word' id='word_1_379' title='bbox 1277 2395 1390 2448; x_wconf 83' lang='lat' dir='ltr'><strong>haec</strong></span> <span class='ocrx_word' id='word_1_380' title='bbox 1432 2392 1696 2462; x_wconf 89' lang='lat' dir='ltr'><strong>loquitur,</strong></span> <span class='ocrx_word' id='word_1_381' title='bbox 1734 2399 1788 2444; x_wconf 89' lang='lat' dir='ltr'><strong>et</strong></span> <span class='ocrx_word' id='word_1_382' title='bbox 1815 2391 1910 2461; x_wconf 87' lang='lat' dir='ltr'><strong>qui</strong></span> 
     </span>
    </p>
   </div>
   <div class='ocr_carea' id='block_1_57' title="bbox 349 2483 1908 2555">
    <p class='ocr_par' dir='ltr' id='par_1_57' title="bbox 349 2483 1908 2555">
     <span class='ocr_line' id='line_1_57' title="bbox 349 2483 1908 2555; baseline -0.001 -15"><span class='ocrx_word' id='word_1_383' title='bbox 349 2489 402 2540; x_wconf 87' lang='lat' dir='ltr'><strong>in</strong></span> <span class='ocrx_word' id='word_1_384' title='bbox 431 2503 525 2541; x_wconf 90' lang='lat' dir='ltr'><strong>ore</strong></span> <span class='ocrx_word' id='word_1_385' title='bbox 553 2487 831 2541; x_wconf 84' lang='lat' dir='ltr'><strong>Christum</strong></span> <span class='ocrx_word' id='word_1_386' title='bbox 885 2487 1067 2551; x_wconf 88' lang='lat' dir='ltr'><strong>habet,</strong></span> <span class='ocrx_word' id='word_1_387' title='bbox 1120 2486 1213 2555; x_wconf 90' lang='lat' dir='ltr'><strong>qui</strong></span> <span class='ocrx_word' id='word_1_388' title='bbox 1257 2494 1340 2540; x_wconf 88' lang='lat' dir='ltr'><strong>est</strong></span> <span class='ocrx_word' id='word_1_389' title='bbox 1383 2485 1649 2555; x_wconf 86' lang='lat' dir='ltr'><strong>sapientia</strong></span> <span class='ocrx_word' id='word_1_390' title='bbox 1707 2483 1908 2539; x_wconf 83' lang='lat' dir='ltr'><strong>Patris.</strong></span> 
     </span>
    </p>
   </div>
   <div class='ocr_carea' id='block_1_58' title="bbox 351 2574 1911 2647">
    <p class='ocr_par' dir='ltr' id='par_1_58' title="bbox 351 2574 1911 2647">
     <span class='ocr_line' id='line_1_58' title="bbox 351 2574 1911 2647; baseline -0.001 -15"><span class='ocrx_word' id='word_1_391' title='bbox 351 2575 546 2647; x_wconf 79' lang='lat' dir='ltr'><strong>Utpote</strong></span> <span class='ocrx_word' id='word_1_392' title='bbox 583 2577 745 2647; x_wconf 80' lang='lat' dir='ltr'><strong>igitur</strong></span> <span class='ocrx_word' id='word_1_393' title='bbox 767 2574 1044 2629; x_wconf 89' lang='lat' dir='ltr'><strong>Christum</strong></span> <span class='ocrx_word' id='word_1_394' title='bbox 1067 2575 1119 2628; x_wconf 92' lang='lat' dir='ltr'><strong>in</strong></span> <span class='ocrx_word' id='word_1_395' title='bbox 1147 2591 1240 2630; x_wconf 89' lang='lat' dir='ltr'><strong>ore</strong></span> <span class='ocrx_word' id='word_1_396' title='bbox 1263 2575 1517 2640; x_wconf 80' lang='lat' dir='ltr'><strong>ferentes,</strong></span> <span class='ocrx_word' id='word_1_397' title='bbox 1543 2583 1597 2630; x_wconf 88' lang='lat' dir='ltr'><strong>et</strong></span> <span class='ocrx_word' id='word_1_398' title='bbox 1621 2592 1744 2632; x_wconf 87' lang='lat' dir='ltr'><strong>eum</strong></span> <span class='ocrx_word' id='word_1_399' title='bbox 1769 2592 1911 2632; x_wconf 83' lang='lat' dir='ltr'><strong>sem-</strong></span> 
     </span>
    </p>
   </div>
   <div class='ocr_carea' id='block_1_59' title="bbox 347 2665 1908 2738">
    <p class='ocr_par' dir='ltr' id='par_1_59' title="bbox 347 2665 1908 2738">
     <span class='ocr_line' id='line_1_59' title="bbox 347 2665 1908 2738; baseline -0.001 -16"><span class='ocrx_word' id='word_1_400' title='bbox 347 2685 443 2738; x_wconf 88' lang='lat' dir='ltr'><strong>per</strong></span> <span class='ocrx_word' id='word_1_401' title='bbox 469 2676 650 2722; x_wconf 88' lang='lat' dir='ltr'><strong>mente</strong></span> <span class='ocrx_word' id='word_1_402' title='bbox 687 2675 968 2722; x_wconf 81' lang='lat' dir='ltr'><strong>versantes</strong></span> <span class='ocrx_word' id='word_1_403' title='bbox 1011 2667 1422 2735; x_wconf 73' lang='lat' dir='ltr'><strong>intelligentiam</strong></span> <span class='ocrx_word' id='word_1_404' title='bbox 1463 2666 1801 2721; x_wconf 87' lang='lat' dir='ltr'><strong>obtinebant.</strong></span> <span class='ocrx_word' id='word_1_405' title='bbox 1834 2665 1908 2721; x_wconf 91' lang='lat' dir='ltr'><strong>lta</strong></span> 
     </span>
    </p>
   </div>
   <div class='ocr_carea' id='block_1_60' title="bbox 349 2747 1912 2829">
    <p class='ocr_par' dir='ltr' id='par_1_60' title="bbox 349 2747 1912 2829">
     <span class='ocr_line' id='line_1_60' title="bbox 349 2747 1912 2829; baseline -0.001 -15"><span class='ocrx_word' id='word_1_406' title='bbox 349 2747 530 2816; x_wconf 86' lang='lat' dir='ltr'><strong>autem</strong></span> <span class='ocrx_word' id='word_1_407' title='bbox 563 2776 713 2816; x_wconf 85' lang='lat' dir='ltr'><strong>mens</strong></span> <span class='ocrx_word' id='word_1_408' title='bbox 742 2775 928 2815; x_wconf 88' lang='lat' dir='ltr'><strong>eorum</strong></span> <span class='ocrx_word' id='word_1_409' title='bbox 957 2759 1022 2814; x_wconf 86' lang='lat' dir='ltr'><strong>ad</strong></span> <span class='ocrx_word' id='word_1_410' title='bbox 1051 2758 1455 2829; x_wconf 83' lang='lat' dir='ltr'><strong>intelligentiam</strong></span> <span class='ocrx_word' id='word_1_411' title='bbox 1483 2769 1639 2812; x_wconf 89' lang='lat' dir='ltr'><strong>acuta</strong></span> <span class='ocrx_word' id='word_1_412' title='bbox 1663 2767 1718 2813; x_wconf 90' lang='lat' dir='ltr'><strong>et</strong></span> <span class='ocrx_word' id='word_1_413' title='bbox 1751 2773 1912 2827; x_wconf 80' lang='lat' dir='ltr'><strong>expe-</strong></span> 
     </span>
    </p>
   </div>
   <div class='ocr_carea' id='block_1_61' title="bbox 349 2848 1914 2921">
    <p class='ocr_par' dir='ltr' id='par_1_61' title="bbox 349 2848 1914 2921">
     <span class='ocr_line' id='line_1_61' title="bbox 349 2848 1914 2921; baseline -0.002 -15"><span class='ocrx_word' id='word_1_414' title='bbox 349 2855 458 2908; x_wconf 85' lang='lat' dir='ltr'><strong>dita</strong></span> <span class='ocrx_word' id='word_1_415' title='bbox 486 2855 622 2919; x_wconf 86' lang='lat' dir='ltr'><strong>erat,</strong></span> <span class='ocrx_word' id='word_1_416' title='bbox 655 2861 712 2907; x_wconf 89' lang='lat' dir='ltr'><strong>ut</strong></span> <span class='ocrx_word' id='word_1_417' title='bbox 739 2854 900 2908; x_wconf 90' lang='lat' dir='ltr'><strong>etiam</strong></span> <span class='ocrx_word' id='word_1_418' title='bbox 937 2852 1224 2921; x_wconf 86' lang='lat' dir='ltr'><strong>parabolas</strong></span> <span class='ocrx_word' id='word_1_419' title='bbox 1254 2849 1552 2904; x_wconf 89' lang='lat' dir='ltr'><strong>Salvatoris</strong></span> <span class='ocrx_word' id='word_1_420' title='bbox 1582 2850 1635 2902; x_wconf 90' lang='lat' dir='ltr'><strong>in</strong></span> <span class='ocrx_word' id='word_1_421' title='bbox 1665 2848 1914 2921; x_wconf 83' lang='lat' dir='ltr'><strong>Evange-</strong></span> 
     </span>
    </p>
   </div>
   <div class='ocr_carea' id='block_1_62' title="bbox 350 2942 1910 3015">
    <p class='ocr_par' dir='ltr' id='par_1_62' title="bbox 350 2942 1910 3015">
     <span class='ocr_line' id='line_1_62' title="bbox 350 2942 1910 3015; baseline -0.001 -15"><span class='ocrx_word' id='word_1_422' title='bbox 350 2947 438 3002; x_wconf 83' lang='lat' dir='ltr'><strong>liis</strong></span> <span class='ocrx_word' id='word_1_423' title='bbox 466 2946 764 3015; x_wconf 89' lang='lat' dir='ltr'><strong>descriptas</strong></span> <span class='ocrx_word' id='word_1_424' title='bbox 793 2946 1175 3014; x_wconf 83' lang='lat' dir='ltr'><strong>intelligerent.</strong></span> <span class='ocrx_word' id='word_1_425' title='bbox 1205 2942 1566 3008; x_wconf 82' lang='lat' dir='ltr'><strong>Quamobrem</strong></span> <span class='ocrx_word' id='word_1_426' title='bbox 1608 2958 1731 2997; x_wconf 91' lang='lat' dir='ltr'><strong>cum</strong></span> <span class='ocrx_word' id='word_1_427' title='bbox 1763 2944 1910 2998; x_wconf 89' lang='lat' dir='ltr'><strong>dice-</strong></span> 
     </span>
    </p>
   </div>
   <div class='ocr_carea' id='block_1_63' title="bbox 351 3033 1910 3092">
    <p class='ocr_par' dir='ltr' id='par_1_63' title="bbox 351 3033 1910 3092">
     <span class='ocr_line' id='line_1_63' title="bbox 351 3033 1910 3092; baseline -0.001 -1"><span class='ocrx_word' id='word_1_428' title='bbox 351 3047 433 3092; x_wconf 89' lang='lat' dir='ltr'><strong>ret</strong></span> <span class='ocrx_word' id='word_1_429' title='bbox 457 3037 706 3092; x_wconf 87' lang='lat' dir='ltr'><strong>Christus</strong></span> <span class='ocrx_word' id='word_1_430' title='bbox 745 3038 789 3068; x_wconf 76' lang='grc'><strong>³⁸</strong></span> <span class='ocrx_word' id='word_1_431' title='bbox 819 3053 836 3090; x_wconf 92' lang='lat'><strong>:</strong></span> <span class='ocrx_word' id='word_1_432' title='bbox 875 3035 1224 3090; x_wconf 65' lang='lat' dir='ltr'><strong>Intellexisti:</strong></span> <span class='ocrx_word' id='word_1_433' title='bbox 1257 3033 1368 3088; x_wconf 67' lang='lat' dir='ltr'><strong>[nec</strong></span> <span class='ocrx_word' id='word_1_434' title='bbox 1410 3035 1629 3088; x_wconf 80' lang='lat' dir='ltr'><strong>omnia?</strong></span> <span class='ocrx_word' id='word_1_435' title='bbox 1659 3035 1910 3091; x_wconf 88' lang='lat' dir='ltr'><strong>dicebant</strong></span> 
     </span>
    </p>
   </div>
   <div class='ocr_carea' id='block_1_64' title="bbox 349 3130 685 3188">
    <p class='ocr_par' dir='ltr' id='par_1_64' title="bbox 349 3130 685 3188">
     <span class='ocr_line' id='line_1_64' title="bbox 349 3130 685 3188; baseline -0.012 -1"><span class='ocrx_word' id='word_1_436' title='bbox 349 3133 401 3188; x_wconf 88' lang='lat' dir='ltr'><strong>ei</strong></span> <span class='ocrx_word' id='word_1_437' title='bbox 432 3150 446 3186; x_wconf 90' lang='lat'><strong>:</strong></span> <span class='ocrx_word' id='word_1_438' title='bbox 485 3130 685 3186; x_wconf 85' lang='lat' dir='ltr'><strong>Etiam.</strong></span> 
     </span>
    </p>
   </div>
   <div class='ocr_carea' id='block_1_65' title="bbox 423 3216 1928 3288">
    <p class='ocr_par' dir='ltr' id='par_1_65' title="bbox 423 3216 1928 3288">
     <span class='ocr_line' id='line_1_65' title="bbox 423 3216 1928 3288; baseline -0.003 -12"><span class='ocrx_word' id='word_1_439' title='bbox 423 3220 477 3276; x_wconf 81' lang='lat'><strong>5.</strong></span> <span class='ocrx_word' id='word_1_440' title='bbox 539 3219 816 3274; x_wconf 84' lang='lat' dir='ltr'><strong>Inclinabo</strong></span> <span class='ocrx_word' id='word_1_441' title='bbox 863 3221 919 3272; x_wconf 89' lang='lat' dir='ltr'><strong>in</strong></span> <span class='ocrx_word' id='word_1_442' title='bbox 965 3217 1274 3288; x_wconf 82' lang='lat' dir='ltr'><strong>parabolam</strong></span> <span class='ocrx_word' id='word_1_443' title='bbox 1321 3233 1502 3272; x_wconf 87' lang='lat' dir='ltr'><strong>aurem</strong></span> <span class='ocrx_word' id='word_1_444' title='bbox 1558 3233 1745 3271; x_wconf 83' lang='lat' dir='ltr'><strong>meam.</strong></span> <span class='ocrx_word' id='word_1_445' title='bbox 1800 3216 1928 3288; x_wconf 85' lang='lat' dir='ltr'><strong>Ego-</strong></span> 
     </span>
    </p>
   </div>
   <div class='ocr_carea' id='block_1_66' title="bbox 350 3309 1916 3384">
    <p class='ocr_par' dir='ltr' id='par_1_66' title="bbox 350 3309 1916 3384">
     <span class='ocr_line' id='line_1_66' title="bbox 350 3309 1916 3384; baseline -0.003 -17"><span class='ocrx_word' id='word_1_446' title='bbox 350 3313 596 3384; x_wconf 83' lang='lat' dir='ltr'><strong>quidem,</strong></span> <span class='ocrx_word' id='word_1_447' title='bbox 625 3312 718 3377; x_wconf 88' lang='lat' dir='ltr'><strong>ait,</strong></span> <span class='ocrx_word' id='word_1_448' title='bbox 747 3320 1035 3382; x_wconf 81' lang='lat' dir='ltr'><strong>postquam</strong></span> <span class='ocrx_word' id='word_1_449' title='bbox 1084 3318 1315 3364; x_wconf 89' lang='lat' dir='ltr'><strong>mentem</strong></span> <span class='ocrx_word' id='word_1_450' title='bbox 1359 3324 1536 3364; x_wconf 89' lang='lat' dir='ltr'><strong>meam</strong></span> <span class='ocrx_word' id='word_1_451' title='bbox 1568 3310 1689 3364; x_wconf 88' lang='lat' dir='ltr'><strong>acui</strong></span> <span class='ocrx_word' id='word_1_452' title='bbox 1729 3309 1796 3364; x_wconf 91' lang='lat' dir='ltr'><strong>ad</strong></span> <span class='ocrx_word' id='word_1_453' title='bbox 1827 3310 1916 3364; x_wconf 89' lang='lat' dir='ltr'><strong>in-</strong></span> 
     </span>
    </p>
   </div>
   <div class='ocr_carea' id='block_1_67' title="bbox 352 3397 1920 3472">
    <p class='ocr_par' dir='ltr' id='par_1_67' title="bbox 352 3397 1920 3472">
     <span class='ocr_line' id='line_1_67' title="bbox 352 3397 1920 3472; baseline -0.003 -14"><span class='ocrx_word' id='word_1_454' title='bbox 352 3401 708 3472; x_wconf 79' lang='lat' dir='ltr'><strong>telligentiam</strong></span> <span class='ocrx_word' id='word_1_455' title='bbox 756 3399 1139 3470; x_wconf 87' lang='lat' dir='ltr'><strong>parabolarum</strong></span> <span class='ocrx_word' id='word_1_456' title='bbox 1199 3397 1518 3464; x_wconf 77' lang='lat' dir='ltr'><strong>Salvatoris,</strong></span> <span class='ocrx_word' id='word_1_457' title='bbox 1569 3400 1632 3453; x_wconf 90' lang='lat' dir='ltr'><strong>in-</strong></span> <span class='ocrx_word' id='word_1_458' title='bbox 1654 3399 1721 3455; x_wconf 88' lang='lat' dir='ltr'><strong>iis</strong></span> <span class='ocrx_word' id='word_1_459' title='bbox 1767 3413 1920 3454; x_wconf 86' lang='lat' dir='ltr'><strong>com-</strong></span> 
     </span>
    </p>
   </div>
   <div class='ocr_carea' id='block_1_68' title="bbox 351 3490 1918 3566">
    <p class='ocr_par' dir='ltr' id='par_1_68' title="bbox 351 3490 1918 3566">
     <span class='ocr_line' id='line_1_68' title="bbox 351 3490 1918 3566; baseline -0.002 -17"><span class='ocrx_word' id='word_1_460' title='bbox 351 3493 675 3566; x_wconf 85' lang='lat' dir='ltr'><strong>prehensam</strong></span> <span class='ocrx_word' id='word_1_461' title='bbox 703 3492 1023 3547; x_wconf 79' lang='lat' dir='ltr'><strong>sententiam</strong></span> <span class='ocrx_word' id='word_1_462' title='bbox 1065 3492 1279 3560; x_wconf 87' lang='lat' dir='ltr'><strong>assequi</strong></span> <span class='ocrx_word' id='word_1_463' title='bbox 1315 3492 1488 3561; x_wconf 89' lang='lat' dir='ltr'><strong>potui.</strong></span> <span class='ocrx_word' id='word_1_464' title='bbox 1522 3490 1593 3547; x_wconf 87' lang='lat' dir='ltr'><strong>lis</strong></span> <span class='ocrx_word' id='word_1_465' title='bbox 1617 3500 1797 3546; x_wconf 88' lang='lat' dir='ltr'><strong>autem</strong></span> <span class='ocrx_word' id='word_1_466' title='bbox 1826 3491 1918 3561; x_wconf 87' lang='lat' dir='ltr'><strong>qui</strong></span> 
     </span>
    </p>
   </div>
   <div class='ocr_carea' id='block_1_69' title="bbox 352 3582 1919 3654">
    <p class='ocr_par' dir='ltr' id='par_1_69' title="bbox 352 3582 1919 3654">
     <span class='ocr_line' id='line_1_69' title="bbox 352 3582 1919 3654; baseline -0.001 -14"><span class='ocrx_word' id='word_1_467' title='bbox 352 3585 409 3640; x_wconf 84' lang='lat' dir='ltr'><strong>id</strong></span> <span class='ocrx_word' id='word_1_468' title='bbox 446 3599 607 3654; x_wconf 85' lang='lat' dir='ltr'><strong>agere</strong></span> <span class='ocrx_word' id='word_1_469' title='bbox 633 3585 704 3638; x_wconf 93' lang='lat' dir='ltr'><strong>ob</strong></span> <span class='ocrx_word' id='word_1_470' title='bbox 748 3582 1032 3638; x_wconf 77' lang='lat' dir='ltr'><strong>infantiam</strong></span> <span class='ocrx_word' id='word_1_471' title='bbox 1065 3597 1172 3637; x_wconf 91' lang='lat' dir='ltr'><strong>non</strong></span> <span class='ocrx_word' id='word_1_472' title='bbox 1201 3582 1382 3636; x_wconf 88' lang='lat' dir='ltr'><strong>valent</strong></span> <span class='ocrx_word' id='word_1_473' title='bbox 1421 3582 1663 3651; x_wconf 79' lang='lat' dir='ltr'><strong>aperiam</strong></span> <span class='ocrx_word' id='word_1_474' title='bbox 1699 3597 1770 3636; x_wconf 89' lang='lat' dir='ltr'><strong>ea-</strong></span> <span class='ocrx_word' id='word_1_475' title='bbox 1797 3597 1919 3652; x_wconf 71' lang='lat' dir='ltr'><strong>quae</strong></span> 
     </span>
    </p>
   </div>
   <div class='ocr_carea' id='block_1_70' title="bbox 353 3673 1923 3745">
    <p class='ocr_par' dir='ltr' id='par_1_70' title="bbox 353 3673 1923 3745">
     <span class='ocr_line' id='line_1_70' title="bbox 353 3673 1923 3745; baseline -0.003 -13"><span class='ocrx_word' id='word_1_476' title='bbox 353 3677 537 3733; x_wconf 86' lang='lat' dir='ltr'><strong>clausa</strong></span> <span class='ocrx_word' id='word_1_477' title='bbox 565 3684 722 3742; x_wconf 88' lang='lat' dir='ltr'><strong>sunt,</strong></span> <span class='ocrx_word' id='word_1_478' title='bbox 756 3683 809 3731; x_wconf 91' lang='lat' dir='ltr'><strong>et</strong></span> <span class='ocrx_word' id='word_1_479' title='bbox 859 3675 1192 3745; x_wconf 89' lang='lat' dir='ltr'><strong>problemata</strong></span> <span class='ocrx_word' id='word_1_480' title='bbox 1238 3673 1524 3742; x_wconf 83' lang='lat' dir='ltr'><strong>explicabo</strong></span> <span class='ocrx_word' id='word_1_481' title='bbox 1575 3682 1737 3742; x_wconf 83' lang='lat' dir='ltr'><strong>atque</strong></span> <span class='ocrx_word' id='word_1_482' title='bbox 1770 3689 1923 3743; x_wconf 85' lang='lat' dir='ltr'><strong>para-</strong></span> 
     </span>
    </p>
   </div>
   <div class='ocr_carea' id='block_1_71' title="bbox 352 3767 1922 3836">
    <p class='ocr_par' dir='ltr' id='par_1_71' title="bbox 352 3767 1922 3836">
     <span class='ocr_line' id='line_1_71' title="bbox 352 3767 1922 3836; baseline -0.002 -12"><span class='ocrx_word' id='word_1_483' title='bbox 352 3769 526 3824; x_wconf 81' lang='lat' dir='ltr'><strong>bolas.</strong></span> <span class='ocrx_word' id='word_1_484' title='bbox 599 3767 727 3822; x_wconf 56' lang='lat' dir='ltr'><strong>Hinc</strong></span> <span class='ocrx_word' id='word_1_485' title='bbox 784 3777 964 3823; x_wconf 85' lang='lat' dir='ltr'><strong>autem</strong></span> <span class='ocrx_word' id='word_1_486' title='bbox 1026 3782 1120 3836; x_wconf 91' lang='lat' dir='ltr'><strong>per</strong></span> <span class='ocrx_word' id='word_1_487' title='bbox 1178 3767 1494 3835; x_wconf 83' lang='lat' dir='ltr'><strong>psalterium</strong></span> <span class='ocrx_word' id='word_1_488' title='bbox 1556 3767 1670 3821; x_wconf 88' lang='lat' dir='ltr'><strong>sive</strong></span> <span class='ocrx_word' id='word_1_489' title='bbox 1724 3780 1922 3836; x_wconf 87' lang='lat' dir='ltr'><strong>corpus</strong></span> 
     </span>
    </p>
   </div>
   <div class='ocr_carea' id='block_1_72' title="bbox 354 3858 1924 3929">
    <p class='ocr_par' dir='ltr' id='par_1_72' title="bbox 354 3858 1924 3929">
     <span class='ocr_line' id='line_1_72' title="bbox 354 3858 1924 3929; baseline -0.003 -13"><span class='ocrx_word' id='word_1_490' title='bbox 354 3876 535 3916; x_wconf 88' lang='lat' dir='ltr'><strong>meum</strong></span> <span class='ocrx_word' id='word_1_491' title='bbox 573 3859 822 3923; x_wconf 78' lang='lat' dir='ltr'><strong>elliciam,</strong></span> <span class='ocrx_word' id='word_1_492' title='bbox 870 3859 1013 3929; x_wconf 88' lang='lat' dir='ltr'><strong>quod</strong></span> <span class='ocrx_word' id='word_1_493' title='bbox 1047 3858 1203 3928; x_wconf 89' lang='lat' dir='ltr'><strong>quasi</strong></span> <span class='ocrx_word' id='word_1_494' title='bbox 1250 3872 1513 3926; x_wconf 85' lang='lat' dir='ltr'><strong>organum</strong></span> <span class='ocrx_word' id='word_1_495' title='bbox 1580 3865 1816 3920; x_wconf 77' lang='lat' dir='ltr'><strong>resonat,</strong></span> <span class='ocrx_word' id='word_1_496' title='bbox 1871 3867 1924 3912; x_wconf 90' lang='lat' dir='ltr'><strong>et</strong></span> 
     </span>
    </p>
   </div>
   <div class='ocr_carea' id='block_1_73' title="bbox 354 3949 1920 4021">
    <p class='ocr_par' dir='ltr' id='par_1_73' title="bbox 354 3949 1920 4021">
     <span class='ocr_line' id='line_1_73' title="bbox 354 3949 1920 4021; baseline -0.003 -14"><span class='ocrx_word' id='word_1_497' title='bbox 354 3967 467 4021; x_wconf 66' lang='lat' dir='ltr'><strong>quo</strong></span> <span class='ocrx_word' id='word_1_498' title='bbox 509 3952 688 4006; x_wconf 88' lang='lat' dir='ltr'><strong>anima</strong></span> <span class='ocrx_word' id='word_1_499' title='bbox 736 3965 854 4005; x_wconf 91' lang='lat' dir='ltr'><strong>mea</strong></span> <span class='ocrx_word' id='word_1_500' title='bbox 899 3951 966 4004; x_wconf 89' lang='lat' dir='ltr'><strong>ad</strong></span> <span class='ocrx_word' id='word_1_501' title='bbox 1023 3951 1284 4020; x_wconf 70' lang='lat' dir='ltr'><strong>hymnum</strong></span> <span class='ocrx_word' id='word_1_502' title='bbox 1343 3949 1570 4002; x_wconf 85' lang='lat' dir='ltr'><strong>vertitur</strong></span> <span class='ocrx_word' id='word_1_503' title='bbox 1626 3949 1920 4003; x_wconf 84' lang='lat' dir='ltr'><strong>concinen-</strong></span> 
     </span>
    </p>
   </div>
   <div class='ocr_carea' id='block_1_74' title="bbox 358 4037 1923 4112">
    <p class='ocr_par' dir='ltr' id='par_1_74' title="bbox 358 4037 1923 4112">
     <span class='ocr_line' id='line_1_74' title="bbox 358 4037 1923 4112; baseline -0.004 -14"><span class='ocrx_word' id='word_1_504' title='bbox 358 4045 507 4110; x_wconf 88' lang='lat' dir='ltr'><strong>dum,</strong></span> <span class='ocrx_word' id='word_1_505' title='bbox 536 4057 632 4112; x_wconf 90' lang='lat' dir='ltr'><strong>per</strong></span> <span class='ocrx_word' id='word_1_506' title='bbox 659 4041 904 4111; x_wconf 87' lang='lat' dir='ltr'><strong>singulos</strong></span> <span class='ocrx_word' id='word_1_507' title='bbox 942 4054 1158 4103; x_wconf 90' lang='lat' dir='ltr'><strong>sensus,</strong></span> <span class='ocrx_word' id='word_1_508' title='bbox 1188 4037 1431 4092; x_wconf 90' lang='lat' dir='ltr'><strong>membra</strong></span> <span class='ocrx_word' id='word_1_509' title='bbox 1456 4045 1755 4108; x_wconf 84' lang='lat' dir='ltr'><strong>partesque</strong></span> <span class='ocrx_word' id='word_1_510' title='bbox 1778 4038 1923 4108; x_wconf 86' lang='lat' dir='ltr'><strong>peri-</strong></span> 
     </span>
    </p>
   </div>
   <div class='ocr_carea' id='block_1_75' title="bbox 357 4137 768 4194">
    <p class='ocr_par' dir='ltr' id='par_1_75' title="bbox 357 4137 768 4194">
     <span class='ocr_line' id='line_1_75' title="bbox 357 4137 768 4194; baseline -0.019 0"><span class='ocrx_word' id='word_1_511' title='bbox 357 4137 568 4194; x_wconf 81' lang='lat' dir='ltr'><strong>tissime</strong></span> <span class='ocrx_word' id='word_1_512' title='bbox 599 4142 768 4189; x_wconf 90' lang='lat' dir='ltr'><strong>mota.</strong></span> 
     </span>
    </p>
   </div>
   <div class='ocr_carea' id='block_1_76' title="bbox 427 4219 1914 4296">
    <p class='ocr_par' dir='ltr' id='par_1_76' title="bbox 427 4219 1914 4294">
     <span class='ocr_line' id='line_1_76' title="bbox 427 4219 1914 4294; baseline -0.009 -12"><span class='ocrx_word' id='word_1_513' title='bbox 427 4227 482 4283; x_wconf 87' lang='lat'><em>6.</em></span> <span class='ocrx_word' id='word_1_514' title='bbox 541 4226 650 4281; x_wconf 88' lang='lat' dir='ltr'><strong>Cur</strong></span> <span class='ocrx_word' id='word_1_515' title='bbox 683 4223 868 4280; x_wconf 86' lang='lat' dir='ltr'><strong>timebo</strong></span> <span class='ocrx_word' id='word_1_516' title='bbox 896 4225 950 4277; x_wconf 84' lang='lat' dir='ltr'><strong>in</strong></span> <span class='ocrx_word' id='word_1_517' title='bbox 982 4223 1065 4276; x_wconf 83' lang='lat' dir='ltr'><strong>die</strong></span> <span class='ocrx_word' id='word_1_518' title='bbox 1109 4222 1296 4275; x_wconf 81' lang='lat' dir='ltr'><strong>mala?</strong></span> <span class='ocrx_word' id='word_1_519' title='bbox 1323 4219 1463 4276; x_wconf 85' lang='lat' dir='ltr'><strong>Hinc</strong></span> <span class='ocrx_word' id='word_1_520' title='bbox 1503 4221 1740 4290; x_wconf 88' lang='lat' dir='ltr'><strong>orditur,</strong></span> <span class='ocrx_word' id='word_1_521' title='bbox 1771 4235 1914 4294; x_wconf 60' lang='lat' dir='ltr'><strong>p051.</strong></span> 
     </span>
    </p>
   </div>
   <div class='ocr_carea' id='block_1_77' title="bbox 2030 4219 3578 4296">
    <p class='ocr_par' dir='ltr' id='par_1_77' title="bbox 2093 4226 3578 4296">
     <span class='ocr_line' id='line_1_77' title="bbox 2093 4226 3578 4296; baseline 0.001 -15"><span class='ocrx_word' id='word_1_522' title='bbox 2093 4229 2217 4281; x_wconf 76' lang='grc' dir='ltr'><strong>Ἵνα</strong></span> <span class='ocrx_word' id='word_1_523' title='bbox 2238 4227 2294 4280; x_wconf 86' lang='grc' dir='ltr'><strong>τί</strong></span> <span class='ocrx_word' id='word_1_524' title='bbox 2326 4227 2617 4296; x_wconf 65' lang='grc' dir='ltr'>φοϐοῦμαι</span> <span class='ocrx_word' id='word_1_525' title='bbox 2656 4227 2725 4280; x_wconf 81' lang='grc' dir='ltr'><strong>ἐν</strong></span> <span class='ocrx_word' id='word_1_526' title='bbox 2761 4226 2948 4296; x_wconf 74' lang='grc' dir='ltr'>ἡμέρᾳ</span> <span class='ocrx_word' id='word_1_527' title='bbox 2996 4227 3263 4296; x_wconf 73' lang='grc' dir='ltr'>πονηρᾷ;</span> <span class='ocrx_word' id='word_1_528' title='bbox 3310 4226 3578 4284; x_wconf 80' lang='grc' dir='ltr'>Ἐντεῦθεν</span> 
     </span>
    </p>
   </div>
   <div class='ocr_carea' id='block_1_78' title="bbox 356 4313 1914 4390">
    <p class='ocr_par' dir='ltr' id='par_1_78' title="bbox 356 4313 1914 4390">
     <span class='ocr_line' id='line_1_78' title="bbox 356 4313 1914 4390; baseline -0.003 -15"><span class='ocrx_word' id='word_1_529' title='bbox 356 4333 520 4390; x_wconf 81' lang='lat' dir='ltr'><strong>quam</strong></span> <span class='ocrx_word' id='word_1_530' title='bbox 553 4319 787 4388; x_wconf 87' lang='lat' dir='ltr'><strong>priorem</strong></span> <span class='ocrx_word' id='word_1_531' title='bbox 831 4315 1093 4370; x_wconf 65' lang='lat' dir='ltr'><strong>doctrinae</strong></span> <span class='ocrx_word' id='word_1_532' title='bbox 1127 4323 1338 4384; x_wconf 89' lang='lat' dir='ltr'><strong>partem</strong></span> <span class='ocrx_word' id='word_1_533' title='bbox 1398 4329 1500 4369; x_wconf 92' lang='lat' dir='ltr'><strong>ceu</strong></span> <span class='ocrx_word' id='word_1_534' title='bbox 1549 4313 1605 4368; x_wconf 91' lang='lat' dir='ltr'><strong>in</strong></span> <span class='ocrx_word' id='word_1_535' title='bbox 1656 4317 1914 4385; x_wconf 68' lang='lat' dir='ltr'><strong>protentio</strong></span> 
     </span>
    </p>
   </div>
   <div class='ocr_carea' id='block_1_79' title="bbox 2030 4313 3578 4390">
    <p class='ocr_par' dir='ltr' id='par_1_79' title="bbox 2030 4315 3578 4390">
     <span class='ocr_line' id='line_1_79' title="bbox 2030 4315 3578 4390; baseline -0.005 -16"><span class='ocrx_word' id='word_1_536' title='bbox 2030 4319 2276 4390; x_wconf 74' lang='grc' dir='ltr'>ἄρχεται,</span> <span class='ocrx_word' id='word_1_537' title='bbox 2305 4317 2403 4387; x_wconf 82' lang='grc' dir='ltr'>τῆς</span> <span class='ocrx_word' id='word_1_538' title='bbox 2427 4315 2774 4380; x_wconf 85' lang='grc' dir='ltr'>διδασκαλίας</span> <span class='ocrx_word' id='word_1_539' title='bbox 2800 4316 2869 4369; x_wconf 80' lang='grc' dir='ltr'>τὰ</span> <span class='ocrx_word' id='word_1_540' title='bbox 2893 4316 3080 4388; x_wconf 84' lang='grc' dir='ltr'>πρῶτα</span> <span class='ocrx_word' id='word_1_541' title='bbox 3101 4317 3176 4379; x_wconf 82' lang='grc' dir='ltr'>ὡς</span> <span class='ocrx_word' id='word_1_542' title='bbox 3197 4317 3252 4368; x_wconf 86' lang='grc' dir='ltr'><strong>ἐν</strong></span> <span class='ocrx_word' id='word_1_543' title='bbox 3284 4316 3578 4390; x_wconf 79' lang='grc' dir='ltr'>προοιμίοις</span> 
     </span>
    </p>
   </div>
   <div class='ocr_carea' id='block_1_80' title="bbox 355 4387 1914 4484">
    <p class='ocr_par' dir='ltr' id='par_1_80' title="bbox 355 4387 1914 4482">
     <span class='ocr_line' id='line_1_80' title="bbox 355 4387 1914 4482; baseline -0.003 -16"><span class='ocrx_word' id='word_1_544' title='bbox 355 4387 630 4482; x_wconf 77' lang='lat' dir='ltr'><strong>expendit.</strong></span> <span class='ocrx_word' id='word_1_545' title='bbox 691 4407 914 4463; x_wconf 90' lang='lat' dir='ltr'><strong>Orditur</strong></span> <span class='ocrx_word' id='word_1_546' title='bbox 948 4415 1129 4461; x_wconf 88' lang='lat' dir='ltr'><strong>autem</strong></span> <span class='ocrx_word' id='word_1_547' title='bbox 1180 4421 1277 4476; x_wconf 91' lang='lat' dir='ltr'><strong>per</strong></span> <span class='ocrx_word' id='word_1_548' title='bbox 1321 4406 1822 4477; x_wconf 85' lang='lat' dir='ltr'><strong>interroga-tionem,</strong></span> <span class='ocrx_word' id='word_1_549' title='bbox 1862 4417 1914 4462; x_wconf 86' lang='lat' dir='ltr'><strong>ut</strong></span> 
     </span>
    </p>
   </div>
   <div class='ocr_carea' id='block_1_81' title="bbox 2030 4387 3579 4484">
    <p class='ocr_par' dir='ltr' id='par_1_81' title="bbox 2030 4387 3579 4482">
     <span class='ocr_line' id='line_1_81' title="bbox 2030 4387 3579 4482; baseline -0.003 -18"><span class='ocrx_word' id='word_1_550' title='bbox 2030 4387 2371 4482; x_wconf 76' lang='grc' dir='ltr'>διαλαλήσας.</span> <span class='ocrx_word' id='word_1_551' title='bbox 2412 4409 2670 4480; x_wconf 77' lang='grc' dir='ltr'>Ἀρχεται</span> <span class='ocrx_word' id='word_1_552' title='bbox 2695 4408 2752 4461; x_wconf 82' lang='grc' dir='ltr'>δὲ</span> <span class='ocrx_word' id='word_1_553' title='bbox 2777 4410 2896 4461; x_wconf 89' lang='grc' dir='ltr'>κατ’</span> <span class='ocrx_word' id='word_1_554' title='bbox 2923 4387 3208 4480; x_wconf 78' lang='grc' dir='ltr'>ἐρώτησιν,</span> <span class='ocrx_word' id='word_1_555' title='bbox 3236 4407 3320 4460; x_wconf 79' lang='grc' dir='ltr'><strong>ἵνα</strong></span> <span class='ocrx_word' id='word_1_556' title='bbox 3338 4408 3427 4460; x_wconf 72' lang='grc' dir='ltr'><strong>καὶ</strong></span> <span class='ocrx_word' id='word_1_557' title='bbox 3453 4387 3579 4460; x_wconf 55' lang='lat' dir='ltr'><strong>inid—</strong></span> 
     </span>
    </p>
   </div>
   <div class='ocr_carea' id='block_1_82' title="bbox 359 4495 1914 4575">
    <p class='ocr_par' dir='ltr' id='par_1_82' title="bbox 359 4495 1914 4570">
     <span class='ocr_line' id='line_1_82' title="bbox 359 4495 1914 4570; baseline -0.002 -14"><span class='ocrx_word' id='word_1_558' title='bbox 359 4500 768 4570; x_wconf 86' lang='lat' dir='ltr'><strong>responsionem</strong></span> <span class='ocrx_word' id='word_1_559' title='bbox 815 4497 1062 4566; x_wconf 88' lang='lat' dir='ltr'><strong>accipiat.</strong></span> <span class='ocrx_word' id='word_1_560' title='bbox 1112 4495 1238 4552; x_wconf 67' lang='lat' dir='ltr'><strong>llaec</strong></span> <span class='ocrx_word' id='word_1_561' title='bbox 1267 4505 1450 4553; x_wconf 90' lang='lat' dir='ltr'><strong>autem</strong></span> <span class='ocrx_word' id='word_1_562' title='bbox 1497 4507 1583 4553; x_wconf 87' lang='lat' dir='ltr'><strong>est</strong></span> <span class='ocrx_word' id='word_1_563' title='bbox 1617 4498 1914 4570; x_wconf 85' lang='lat' dir='ltr'><strong>interroga-</strong></span> 
     </span>
    </p>
   </div>
   <div class='ocr_carea' id='block_1_83' title="bbox 2030 4495 3578 4575">
    <p class='ocr_par' dir='ltr' id='par_1_83' title="bbox 2030 4497 3578 4575">
     <span class='ocr_line' id='line_1_83' title="bbox 2030 4497 3578 4575; baseline -0.003 -20"><span class='ocrx_word' id='word_1_564' title='bbox 2030 4519 2208 4575; x_wconf 86' lang='grc' dir='ltr'>κρισιν</span> <span class='ocrx_word' id='word_1_565' title='bbox 2256 4500 2429 4555; x_wconf 76' lang='grc' dir='ltr'>λάϐοι.</span> <span class='ocrx_word' id='word_1_566' title='bbox 2485 4501 2552 4552; x_wconf 82' lang='grc' dir='ltr'><strong>Ἠ</strong></span> <span class='ocrx_word' id='word_1_567' title='bbox 2587 4499 2643 4553; x_wconf 85' lang='grc' dir='ltr'>δὲ</span> <span class='ocrx_word' id='word_1_568' title='bbox 2673 4499 2938 4570; x_wconf 79' lang='grc' dir='ltr'>ἐρώτησίς</span> <span class='ocrx_word' id='word_1_569' title='bbox 2968 4501 3113 4551; x_wconf 81' lang='grc' dir='ltr'>ἐστιν</span> <span class='ocrx_word' id='word_1_570' title='bbox 3149 4497 3287 4568; x_wconf 85' lang='grc' dir='ltr'>αῦτη</span> <span class='ocrx_word' id='word_1_571' title='bbox 3310 4514 3324 4528; x_wconf 79' lang='grc'><strong><em>⁸</em></strong></span> <span class='ocrx_word' id='word_1_572' title='bbox 3365 4500 3496 4553; x_wconf 82' lang='grc' dir='ltr'><strong>Ἵνα</strong></span> <span class='ocrx_word' id='word_1_573' title='bbox 3525 4499 3578 4553; x_wconf 85' lang='grc' dir='ltr'><strong>τί</strong></span> 
     </span>
    </p>
   </div>
   <div class='ocr_carea' id='block_1_84' title="bbox 359 4589 1914 4663">
    <p class='ocr_par' dir='ltr' id='par_1_84' title="bbox 359 4589 1914 4663">
     <span class='ocr_line' id='line_1_84' title="bbox 359 4589 1914 4663; baseline -0.001 -16"><span class='ocrx_word' id='word_1_574' title='bbox 359 4595 456 4648; x_wconf 91' lang='lat' dir='ltr'><strong>tio.</strong></span> <span class='ocrx_word' id='word_1_575' title='bbox 497 4590 608 4646; x_wconf 87' lang='lat' dir='ltr'><strong>Cur</strong></span> <span class='ocrx_word' id='word_1_576' title='bbox 641 4591 872 4644; x_wconf 82' lang='lat' dir='ltr'><strong>timebo?</strong></span> <span class='ocrx_word' id='word_1_577' title='bbox 899 4605 1023 4642; x_wconf 89' lang='lat' dir='ltr'><strong>nam</strong></span> <span class='ocrx_word' id='word_1_578' title='bbox 1058 4589 1125 4643; x_wconf 88' lang='lat' dir='ltr'><strong>ad</strong></span> <span class='ocrx_word' id='word_1_579' title='bbox 1160 4605 1350 4644; x_wconf 91' lang='lat' dir='ltr'><strong>vocem</strong></span> <span class='ocrx_word' id='word_1_580' title='bbox 1391 4590 1602 4655; x_wconf 86' lang='lat' dir='ltr'><strong>timebo,</strong></span> <span class='ocrx_word' id='word_1_581' title='bbox 1640 4591 1914 4663; x_wconf 88' lang='lat' dir='ltr'><strong>interpun-</strong></span> 
     </span>
    </p>
   </div>
   <div class='ocr_carea' id='block_1_85' title="bbox 2030 4589 3576 4663">
    <p class='ocr_par' dir='ltr' id='par_1_85' title="bbox 2030 4589 3576 4663">
     <span class='ocr_line' id='line_1_85' title="bbox 2030 4589 3576 4663; baseline -0.003 -17"><span class='ocrx_word' id='word_1_582' title='bbox 2030 4593 2321 4662; x_wconf 76' lang='grc' dir='ltr'>φοϐοῦμαι</span> <span class='ocrx_word' id='word_1_583' title='bbox 2346 4609 2365 4656; x_wconf 91' lang='grc'><strong><em>;</em></strong></span> <span class='ocrx_word' id='word_1_584' title='bbox 2390 4592 2551 4663; x_wconf 87' lang='grc' dir='ltr'>μέχρι</span> <span class='ocrx_word' id='word_1_585' title='bbox 2590 4592 2697 4661; x_wconf 86' lang='grc' dir='ltr'><strong>γὰρ</strong></span> <span class='ocrx_word' id='word_1_586' title='bbox 2723 4590 2816 4643; x_wconf 89' lang='grc' dir='ltr'><strong>τοῦ</strong></span> <span class='ocrx_word' id='word_1_587' title='bbox 2848 4589 3135 4659; x_wconf 71' lang='grc' dir='ltr'>φοϐοῦμαι</span> <span class='ocrx_word' id='word_1_588' title='bbox 3167 4589 3246 4642; x_wconf 88' lang='grc' dir='ltr'>δεῖ</span> <span class='ocrx_word' id='word_1_589' title='bbox 3277 4589 3468 4656; x_wconf 58' lang='lat' dir='ltr'><strong>«tam,</strong></span> <span class='ocrx_word' id='word_1_590' title='bbox 3496 4591 3576 4642; x_wconf 88' lang='grc' dir='ltr'><strong>ἵνα</strong></span> 
     </span>
    </p>
   </div>
   <div class='ocr_carea' id='block_1_86' title="bbox 357 4679 1914 4762">
    <p class='ocr_par' dir='ltr' id='par_1_86' title="bbox 357 4679 1914 4762">
     <span class='ocr_line' id='line_1_86' title="bbox 357 4679 1914 4762; baseline -0.001 -25"><span class='ocrx_word' id='word_1_591' title='bbox 357 4683 612 4752; x_wconf 82' lang='lat' dir='ltr'><strong>gendum,</strong></span> <span class='ocrx_word' id='word_1_592' title='bbox 643 4689 704 4734; x_wconf 91' lang='lat' dir='ltr'><strong>ut</strong></span> <span class='ocrx_word' id='word_1_593' title='bbox 728 4679 915 4734; x_wconf 66' lang='lat' dir='ltr'><strong>isthaac</strong></span> <span class='ocrx_word' id='word_1_594' title='bbox 954 4679 1024 4733; x_wconf 91' lang='lat' dir='ltr'><strong>sit</strong></span> <span class='ocrx_word' id='word_1_595' title='bbox 1045 4681 1333 4762; x_wconf 84' lang='lat' dir='ltr'><strong>sententia.</strong></span> <span class='ocrx_word' id='word_1_596' title='bbox 1363 4680 1422 4734; x_wconf 92' lang='lat' dir='ltr'><strong>Si</strong></span> <span class='ocrx_word' id='word_1_597' title='bbox 1451 4682 1574 4750; x_wconf 91' lang='lat' dir='ltr'><strong>quis</strong></span> <span class='ocrx_word' id='word_1_598' title='bbox 1598 4683 1914 4752; x_wconf 85' lang='lat' dir='ltr'><strong>interrogat,</strong></span> 
     </span>
    </p>
   </div>
   <div class='ocr_carea' id='block_1_87' title="bbox 2030 4679 3575 4762">
    <p class='ocr_par' dir='ltr' id='par_1_87' title="bbox 2030 4680 3575 4758">
     <span class='ocr_line' id='line_1_87' title="bbox 2030 4680 3575 4758; baseline -0.004 -21"><span class='ocrx_word' id='word_1_599' title='bbox 2030 4681 2058 4758; x_wconf 79' lang='grc' dir='ltr'>ᾗ</span> <span class='ocrx_word' id='word_1_600' title='bbox 2089 4686 2122 4754; x_wconf 80' lang='grc' dir='ltr'>ἡ</span> <span class='ocrx_word' id='word_1_601' title='bbox 2150 4685 2356 4738; x_wconf 86' lang='grc' dir='ltr'>διάνοια</span> <span class='ocrx_word' id='word_1_602' title='bbox 2377 4683 2542 4754; x_wconf 78' lang='grc' dir='ltr'>αὕτη·</span> <span class='ocrx_word' id='word_1_603' title='bbox 2583 4681 2651 4735; x_wconf 79' lang='grc' dir='ltr'>Εἴ</span> <span class='ocrx_word' id='word_1_604' title='bbox 2677 4699 2760 4744; x_wconf 88' lang='grc' dir='ltr'><strong>τις</strong></span> <span class='ocrx_word' id='word_1_605' title='bbox 2786 4683 2997 4752; x_wconf 57' lang='lat' dir='ltr'><strong>span-gi,-</strong></span> <span class='ocrx_word' id='word_1_606' title='bbox 3023 4680 3204 4751; x_wconf 70' lang='grc' dir='ltr'>φησὶν,</span> <span class='ocrx_word' id='word_1_607' title='bbox 3237 4680 3370 4734; x_wconf 81' lang='grc' dir='ltr'><strong>Ἵνα</strong></span> <span class='ocrx_word' id='word_1_608' title='bbox 3396 4680 3451 4732; x_wconf 83' lang='grc' dir='ltr'><strong>τι</strong></span> <span class='ocrx_word' id='word_1_609' title='bbox 3475 4697 3575 4750; x_wconf 73' lang='grc' dir='ltr'><strong>φο-</strong></span> 
     </span>
    </p>
   </div>
   <div class='ocr_carea' id='block_1_88' title="bbox 357 4769 1914 4846">
    <p class='ocr_par' dir='ltr' id='par_1_88' title="bbox 357 4771 1914 4846">
     <span class='ocr_line' id='line_1_88' title="bbox 357 4771 1914 4846; baseline 0 -16"><span class='ocrx_word' id='word_1_610' title='bbox 357 4774 569 4846; x_wconf 88' lang='lat' dir='ltr'><strong>inquit,</strong></span> <span class='ocrx_word' id='word_1_611' title='bbox 600 4771 709 4830; x_wconf 86' lang='lat' dir='ltr'><strong>Cur</strong></span> <span class='ocrx_word' id='word_1_612' title='bbox 740 4771 929 4826; x_wconf 84' lang='lat' dir='ltr'><strong>timebo</strong></span> <span class='ocrx_word' id='word_1_613' title='bbox 960 4773 984 4826; x_wconf 71' lang='lat'><strong>1&#39;</strong></span> <span class='ocrx_word' id='word_1_614' title='bbox 1016 4771 1204 4825; x_wconf 86' lang='lat' dir='ltr'><strong>volens</strong></span> <span class='ocrx_word' id='word_1_615' title='bbox 1241 4787 1272 4826; x_wconf 90' lang='lat' dir='ltr'><strong>a</strong></span> <span class='ocrx_word' id='word_1_616' title='bbox 1309 4788 1396 4827; x_wconf 91' lang='lat' dir='ltr'><strong>me</strong></span> <span class='ocrx_word' id='word_1_617' title='bbox 1423 4789 1646 4829; x_wconf 86' lang='lat' dir='ltr'><strong>causam</strong></span> <span class='ocrx_word' id='word_1_618' title='bbox 1677 4775 1914 4830; x_wconf 86' lang='lat' dir='ltr'><strong>ediscere</strong></span> 
     </span>
    </p>
   </div>
   <div class='ocr_carea' id='block_1_89' title="bbox 2030 4769 3578 4846">
    <p class='ocr_par' dir='ltr' id='par_1_89' title="bbox 2030 4769 3578 4845">
     <span class='ocr_line' id='line_1_89' title="bbox 2030 4769 3578 4845; baseline -0.004 -16"><span class='ocrx_word' id='word_1_619' title='bbox 2030 4774 2277 4843; x_wconf 75' lang='grc' dir='ltr'>σοῦμαι;</span> <span class='ocrx_word' id='word_1_620' title='bbox 2317 4774 2414 4845; x_wconf 77' lang='grc' dir='ltr'><strong>τὴν</strong></span> <span class='ocrx_word' id='word_1_621' title='bbox 2474 4773 2652 4826; x_wconf 77' lang='grc' dir='ltr'>αἰτίαν</span> <span class='ocrx_word' id='word_1_622' title='bbox 2696 4771 2861 4825; x_wconf 81' lang='grc' dir='ltr'>θέλων</span> <span class='ocrx_word' id='word_1_623' title='bbox 2912 4771 3111 4840; x_wconf 86' lang='grc' dir='ltr'>γνῶναι</span> <span class='ocrx_word' id='word_1_624' title='bbox 3153 4773 3282 4843; x_wconf 77' lang='grc' dir='ltr'>παρ’</span> <span class='ocrx_word' id='word_1_625' title='bbox 3313 4769 3443 4842; x_wconf 88' lang='grc' dir='ltr'>ἐμοῦ</span> <span class='ocrx_word' id='word_1_626' title='bbox 3489 4770 3578 4841; x_wconf 83' lang='grc' dir='ltr'>τῆς</span> 
     </span>
    </p>
   </div>
   <div class='ocr_carea' id='block_1_90' title="bbox 356 4861 1914 4938">
    <p class='ocr_par' dir='ltr' id='par_1_90' title="bbox 356 4861 1914 4938">
     <span class='ocr_line' id='line_1_90' title="bbox 356 4861 1914 4938; baseline -0.001 -16"><span class='ocrx_word' id='word_1_627' title='bbox 356 4868 475 4938; x_wconf 82' lang='lat' dir='ltr'><strong>ejus</strong></span> <span class='ocrx_word' id='word_1_628' title='bbox 503 4881 612 4936; x_wconf 90' lang='lat' dir='ltr'><strong>qua</strong></span> <span class='ocrx_word' id='word_1_629' title='bbox 659 4878 898 4933; x_wconf 92' lang='lat' dir='ltr'><strong>occupor</strong></span> <span class='ocrx_word' id='word_1_630' title='bbox 941 4861 1266 4931; x_wconf 84' lang='lat' dir='ltr'><strong>alllictionis,</strong></span> <span class='ocrx_word' id='word_1_631' title='bbox 1292 4878 1414 4918; x_wconf 88' lang='lat' dir='ltr'><strong>cum</strong></span> <span class='ocrx_word' id='word_1_632' title='bbox 1450 4863 1648 4919; x_wconf 83' lang='lat' dir='ltr'><strong>ﬁducia</strong></span> <span class='ocrx_word' id='word_1_633' title='bbox 1692 4867 1914 4933; x_wconf 88' lang='lat' dir='ltr'><strong>audiat,</strong></span> 
     </span>
    </p>
   </div>
   <div class='ocr_carea' id='block_1_91' title="bbox 2030 4861 3576 4938">
    <p class='ocr_par' dir='ltr' id='par_1_91' title="bbox 2030 4862 3576 4938">
     <span class='ocr_line' id='line_1_91' title="bbox 2030 4862 3576 4938; baseline -0.003 -19"><span class='ocrx_word' id='word_1_634' title='bbox 2030 4865 2361 4938; x_wconf 79' lang='grc' dir='ltr'>συνεχούσης</span> <span class='ocrx_word' id='word_1_635' title='bbox 2389 4883 2457 4936; x_wconf 88' lang='grc' dir='ltr'><strong>με</strong></span> <span class='ocrx_word' id='word_1_636' title='bbox 2495 4865 2753 4933; x_wconf 78' lang='grc' dir='ltr'>ἀγωνίας,</span> <span class='ocrx_word' id='word_1_637' title='bbox 2789 4865 3029 4918; x_wconf 79' lang='grc' dir='ltr'>ἀκουέτω</span> <span class='ocrx_word' id='word_1_638' title='bbox 3062 4865 3198 4936; x_wconf 77' lang='grc' dir='ltr'>μετὰ</span> <span class='ocrx_word' id='word_1_639' title='bbox 3248 4862 3576 4934; x_wconf 73' lang='grc' dir='ltr'>παρρησίας,</span> 
     </span>
    </p>
   </div>
   <div class='ocr_carea' id='block_1_92' title="bbox 356 4953 1914 5029">
    <p class='ocr_par' dir='ltr' id='par_1_92' title="bbox 356 4955 1914 5029">
     <span class='ocr_line' id='line_1_92' title="bbox 356 4955 1914 5029; baseline -0.003 -13"><span class='ocrx_word' id='word_1_640' title='bbox 356 4974 480 5016; x_wconf 84' lang='lat' dir='ltr'><strong>esse</strong></span> <span class='ocrx_word' id='word_1_641' title='bbox 509 4958 742 5029; x_wconf 88' lang='lat' dir='ltr'><strong>aliquam</strong></span> <span class='ocrx_word' id='word_1_642' title='bbox 792 4955 936 5010; x_wconf 91' lang='lat' dir='ltr'><strong>diem</strong></span> <span class='ocrx_word' id='word_1_643' title='bbox 985 4955 1211 5020; x_wconf 84' lang='lat' dir='ltr'><strong>malam,</strong></span> <span class='ocrx_word' id='word_1_644' title='bbox 1245 4970 1410 5024; x_wconf 89' lang='lat' dir='ltr'><strong>quam</strong></span> <span class='ocrx_word' id='word_1_645' title='bbox 1451 4970 1551 5025; x_wconf 88' lang='lat' dir='ltr'><strong>ego</strong></span> <span class='ocrx_word' id='word_1_646' title='bbox 1597 4965 1745 5012; x_wconf 89' lang='lat' dir='ltr'><strong>metu</strong></span> <span class='ocrx_word' id='word_1_647' title='bbox 1793 4975 1914 5028; x_wconf 85' lang='lat' dir='ltr'><strong>per-</strong></span> 
     </span>
    </p>
   </div>
   <div class='ocr_carea' id='block_1_93' title="bbox 2030 4953 3573 5029">
    <p class='ocr_par' dir='ltr' id='par_1_93' title="bbox 2030 4953 3573 5028">
     <span class='ocr_line' id='line_1_93' title="bbox 2030 4953 3573 5028; baseline -0.003 -17"><span class='ocrx_word' id='word_1_648' title='bbox 2030 4960 2102 5023; x_wconf 82' lang='grc' dir='ltr'>ὼς</span> <span class='ocrx_word' id='word_1_649' title='bbox 2135 4958 2282 5010; x_wconf 74' lang='grc' dir='ltr'>ἔστιν</span> <span class='ocrx_word' id='word_1_650' title='bbox 2311 4957 2491 5028; x_wconf 77' lang='grc' dir='ltr'>ἡμέρα</span> <span class='ocrx_word' id='word_1_651' title='bbox 2513 4974 2647 5027; x_wconf 88' lang='grc' dir='ltr'>πονη</span> <span class='ocrx_word' id='word_1_652' title='bbox 2659 4958 2743 5027; x_wconf 82' lang='grc' dir='ltr'>ρὰ,</span> <span class='ocrx_word' id='word_1_653' title='bbox 2771 4957 2836 5027; x_wconf 81' lang='grc' dir='ltr'>ἣν</span> <span class='ocrx_word' id='word_1_654' title='bbox 2855 4957 3016 5019; x_wconf 77' lang='grc' dir='ltr'>αὐτὸς</span> <span class='ocrx_word' id='word_1_655' title='bbox 3043 4957 3279 5026; x_wconf 87' lang='grc' dir='ltr'>φρίττων</span> <span class='ocrx_word' id='word_1_656' title='bbox 3300 4953 3573 5024; x_wconf 77' lang='grc' dir='ltr'>φοϐοῦμαι.</span> 
     </span>
    </p>
   </div>
   <div class='ocr_carea' id='block_1_94' title="bbox 358 5045 1914 5124">
    <p class='ocr_par' dir='ltr' id='par_1_94' title="bbox 358 5046 1914 5117">
     <span class='ocr_line' id='line_1_94' title="bbox 358 5046 1914 5117; baseline -0.001 -13"><span class='ocrx_word' id='word_1_657' title='bbox 358 5051 544 5105; x_wconf 80' lang='lat' dir='ltr'><strong>culsus</strong></span> <span class='ocrx_word' id='word_1_658' title='bbox 573 5051 920 5104; x_wconf 78' lang='lat' dir='ltr'><strong>exhorresco.</strong></span> <span class='ocrx_word' id='word_1_659' title='bbox 949 5046 1293 5101; x_wconf 82' lang='lat' dir='ltr'><strong>Exhorresco</strong></span> <span class='ocrx_word' id='word_1_660' title='bbox 1325 5055 1529 5111; x_wconf 85' lang='lat' dir='ltr'><strong>autem,</strong></span> <span class='ocrx_word' id='word_1_661' title='bbox 1575 5049 1836 5117; x_wconf 83' lang='lat' dir='ltr'><strong>quoniam</strong></span> <span class='ocrx_word' id='word_1_662' title='bbox 1864 5051 1914 5104; x_wconf 89' lang='lat' dir='ltr'><strong>in</strong></span> 
     </span>
    </p>
   </div>
   <div class='ocr_carea' id='block_1_95' title="bbox 2030 5045 3617 5124">
    <p class='ocr_par' dir='ltr' id='par_1_95' title="bbox 2030 5045 3617 5124">
     <span class='ocr_line' id='line_1_95' title="bbox 2030 5045 3617 5124; baseline -0.003 -21"><span class='ocrx_word' id='word_1_663' title='bbox 2030 5051 2238 5124; x_wconf 82' lang='grc' dir='ltr'>Φρίττω</span> <span class='ocrx_word' id='word_1_664' title='bbox 2281 5051 2359 5114; x_wconf 85' lang='grc' dir='ltr'><strong>δὲ,</strong></span> <span class='ocrx_word' id='word_1_665' title='bbox 2409 5050 2488 5102; x_wconf 82' lang='grc' dir='ltr'><strong>ὅτι</strong></span> <span class='ocrx_word' id='word_1_666' title='bbox 2523 5051 2580 5101; x_wconf 85' lang='grc' dir='ltr'><strong>ἐν</strong></span> <span class='ocrx_word' id='word_1_667' title='bbox 2635 5049 2818 5122; x_wconf 84' lang='grc' dir='ltr'>ἐκείνῃ</span> <span class='ocrx_word' id='word_1_668' title='bbox 2870 5051 2935 5120; x_wconf 83' lang='grc' dir='ltr'>τῇ</span> <span class='ocrx_word' id='word_1_669' title='bbox 2968 5048 3147 5120; x_wconf 79' lang='grc' dir='ltr'>ἡμέρᾳ</span> <span class='ocrx_word' id='word_1_670' title='bbox 3181 5049 3218 5115; x_wconf 79' lang='grc' dir='ltr'>ἡ</span> <span class='ocrx_word' id='word_1_671' title='bbox 3243 5047 3454 5114; x_wconf 72' lang='grc' dir='ltr'>ἀνομία</span> <span class='ocrx_word' id='word_1_672' title='bbox 3477 5045 3578 5113; x_wconf 81' lang='grc' dir='ltr'>τῆς</span> <span class='ocrx_word' id='word_1_673' title='bbox 3613 5115 3617 5117; x_wconf 11' lang='grc' dir='ltr'><strong>Α</strong></span> 
     </span>
    </p>
   </div>
   <div class='ocr_carea' id='block_1_96' title="bbox 359 5137 1914 5213">
    <p class='ocr_par' dir='ltr' id='par_1_96' title="bbox 359 5139 1914 5210">
     <span class='ocr_line' id='line_1_96' title="bbox 359 5139 1914 5210; baseline 0.001 -16"><span class='ocrx_word' id='word_1_674' title='bbox 359 5141 449 5195; x_wconf 91' lang='lat' dir='ltr'><strong>illa</strong></span> <span class='ocrx_word' id='word_1_675' title='bbox 475 5142 561 5196; x_wconf 90' lang='lat' dir='ltr'><strong>die</strong></span> <span class='ocrx_word' id='word_1_676' title='bbox 597 5141 848 5210; x_wconf 74' lang='lat' dir='ltr'><strong>iniquitas</strong></span> <span class='ocrx_word' id='word_1_677' title='bbox 896 5140 1133 5194; x_wconf 85' lang='lat' dir='ltr'><strong>calcanei</strong></span> <span class='ocrx_word' id='word_1_678' title='bbox 1164 5139 1264 5192; x_wconf 85' lang='lat' dir='ltr'><strong>mei</strong></span> <span class='ocrx_word' id='word_1_679' title='bbox 1321 5139 1668 5193; x_wconf 85' lang='lat' dir='ltr'><strong>circumdabit</strong></span> <span class='ocrx_word' id='word_1_680' title='bbox 1718 5157 1819 5204; x_wconf 83' lang='lat' dir='ltr'><strong>me,</strong></span> <span class='ocrx_word' id='word_1_681' title='bbox 1867 5141 1914 5195; x_wconf 92' lang='lat' dir='ltr'><strong>id</strong></span> 
     </span>
    </p>
   </div>
   <div class='ocr_carea' id='block_1_97' title="bbox 2030 5137 3579 5213">
    <p class='ocr_par' dir='ltr' id='par_1_97' title="bbox 2030 5137 3579 5213">
     <span class='ocr_line' id='line_1_97' title="bbox 2030 5137 3579 5213; baseline -0.005 -17"><span class='ocrx_word' id='word_1_682' title='bbox 2030 5144 2286 5211; x_wconf 80' lang='grc' dir='ltr'>πτέρνης</span> <span class='ocrx_word' id='word_1_683' title='bbox 2308 5161 2426 5213; x_wconf 83' lang='grc' dir='ltr'><strong>μου</strong></span> <span class='ocrx_word' id='word_1_684' title='bbox 2453 5141 2750 5197; x_wconf 72' lang='grc' dir='ltr'>κυκλώσει</span> <span class='ocrx_word' id='word_1_685' title='bbox 2764 5159 2858 5211; x_wconf 85' lang='grc' dir='ltr'><strong>με,</strong></span> <span class='ocrx_word' id='word_1_686' title='bbox 2877 5140 3148 5194; x_wconf 88' lang='grc' dir='ltr'>τουτέστιν</span> <span class='ocrx_word' id='word_1_687' title='bbox 3174 5142 3207 5210; x_wconf 75' lang='grc' dir='ltr'>ἡ</span> <span class='ocrx_word' id='word_1_688' title='bbox 3237 5137 3579 5209; x_wconf 82' lang='grc' dir='ltr'>παρεκτροπὴ</span> 
     </span>
    </p>
   </div>
   <div class='ocr_carea' id='block_1_98' title="bbox 356 5231 1914 5307">
    <p class='ocr_par' dir='ltr' id='par_1_98' title="bbox 356 5231 1914 5302">
     <span class='ocr_line' id='line_1_98' title="bbox 356 5231 1914 5302; baseline 0 -13"><span class='ocrx_word' id='word_1_689' title='bbox 356 5245 440 5289; x_wconf 88' lang='lat' dir='ltr'><strong>est</strong></span> <span class='ocrx_word' id='word_1_690' title='bbox 495 5231 725 5288; x_wconf 78' lang='lat' dir='ltr'><strong>deﬂexio</strong></span> <span class='ocrx_word' id='word_1_691' title='bbox 779 5249 811 5288; x_wconf 92' lang='lat' dir='ltr'><strong>a</strong></span> <span class='ocrx_word' id='word_1_692' title='bbox 864 5233 1040 5286; x_wconf 89' lang='lat' dir='ltr'><strong>divina</strong></span> <span class='ocrx_word' id='word_1_693' title='bbox 1081 5233 1190 5297; x_wconf 83' lang='lat' dir='ltr'><strong>via,</strong></span> <span class='ocrx_word' id='word_1_694' title='bbox 1228 5248 1332 5302; x_wconf 90' lang='lat' dir='ltr'><strong>qua</strong></span> <span class='ocrx_word' id='word_1_695' title='bbox 1388 5247 1485 5302; x_wconf 88' lang='lat' dir='ltr'><strong>per</strong></span> <span class='ocrx_word' id='word_1_696' title='bbox 1537 5232 1764 5301; x_wconf 86' lang='lat' dir='ltr'><strong>hujusce</strong></span> <span class='ocrx_word' id='word_1_697' title='bbox 1798 5235 1914 5289; x_wconf 68' lang='lat' dir='ltr'><strong>vita:</strong></span> 
     </span>
    </p>
   </div>
   <div class='ocr_carea' id='block_1_99' title="bbox 2030 5231 3579 5307">
    <p class='ocr_par' dir='ltr' id='par_1_99' title="bbox 2030 5232 3579 5307">
     <span class='ocr_line' id='line_1_99' title="bbox 2030 5232 3579 5307; baseline -0.006 -16"><span class='ocrx_word' id='word_1_698' title='bbox 2030 5238 2127 5307; x_wconf 84' lang='grc' dir='ltr'>τῆς</span> <span class='ocrx_word' id='word_1_699' title='bbox 2161 5236 2306 5299; x_wconf 90' lang='grc' dir='ltr'>θείας</span> <span class='ocrx_word' id='word_1_700' title='bbox 2330 5235 2473 5299; x_wconf 79' lang='grc' dir='ltr'>ὁδοῦ,</span> <span class='ocrx_word' id='word_1_701' title='bbox 2505 5235 2570 5306; x_wconf 78' lang='grc' dir='ltr'>ἢν</span> <span class='ocrx_word' id='word_1_702' title='bbox 2601 5235 2904 5305; x_wconf 80' lang='grc' dir='ltr'>πεποίημαι</span> <span class='ocrx_word' id='word_1_703' title='bbox 2933 5233 3071 5286; x_wconf 83' lang='grc' dir='ltr'>κατὰ</span> <span class='ocrx_word' id='word_1_704' title='bbox 3114 5233 3202 5285; x_wconf 84' lang='grc' dir='ltr'><strong>τὸν</strong></span> <span class='ocrx_word' id='word_1_705' title='bbox 3255 5232 3389 5302; x_wconf 86' lang='grc' dir='ltr'>βίον,</span> <span class='ocrx_word' id='word_1_706' title='bbox 3437 5247 3579 5298; x_wconf 78' lang='grc' dir='ltr'>περιο</span> 
     </span>
    </p>
   </div>
   <div class='ocr_carea' id='block_1_100' title="bbox 357 5317 1914 5399">
    <p class='ocr_par' dir='ltr' id='par_1_100' title="bbox 357 5322 1914 5394">
     <span class='ocr_line' id='line_1_100' title="bbox 357 5322 1914 5394; baseline 0.001 -16"><span class='ocrx_word' id='word_1_707' title='bbox 357 5324 764 5380; x_wconf 85' lang='lat' dir='ltr'><strong>distractionem</strong></span> <span class='ocrx_word' id='word_1_708' title='bbox 814 5333 868 5378; x_wconf 90' lang='lat' dir='ltr'><strong>et</strong></span> <span class='ocrx_word' id='word_1_709' title='bbox 909 5323 1201 5389; x_wconf 83' lang='lat' dir='ltr'><strong>fallaciam,</strong></span> <span class='ocrx_word' id='word_1_710' title='bbox 1252 5322 1491 5377; x_wconf 88' lang='lat' dir='ltr'><strong>divinam</strong></span> <span class='ocrx_word' id='word_1_711' title='bbox 1522 5323 1693 5394; x_wconf 84' lang='lat' dir='ltr'><strong>legem</strong></span> <span class='ocrx_word' id='word_1_712' title='bbox 1745 5333 1914 5380; x_wconf 89' lang='lat' dir='ltr'><strong>trans-</strong></span> 
     </span>
    </p>
   </div>
   <div class='ocr_carea' id='block_1_101' title="bbox 2030 5317 3579 5399">
    <p class='ocr_par' dir='ltr' id='par_1_101' title="bbox 2030 5317 3579 5399">
     <span class='ocr_line' id='line_1_101' title="bbox 2030 5317 3579 5399; baseline -0.007 -17"><span class='ocrx_word' id='word_1_713' title='bbox 2030 5327 2266 5398; x_wconf 81' lang='grc' dir='ltr'>σπασμῷ</span> <span class='ocrx_word' id='word_1_714' title='bbox 2292 5328 2384 5380; x_wconf 77' lang='grc' dir='ltr'><strong>καὶ</strong></span> <span class='ocrx_word' id='word_1_715' title='bbox 2418 5327 2601 5399; x_wconf 83' lang='grc' dir='ltr'>ἀπάτῃ</span> <span class='ocrx_word' id='word_1_716' title='bbox 2638 5328 2728 5380; x_wconf 85' lang='grc' dir='ltr'><strong>τὸν</strong></span> <span class='ocrx_word' id='word_1_717' title='bbox 2754 5326 2891 5379; x_wconf 86' lang='grc' dir='ltr'>θεῖον</span> <span class='ocrx_word' id='word_1_718' title='bbox 2919 5323 3168 5392; x_wconf 81' lang='grc' dir='ltr'>παραϐὰς</span> <span class='ocrx_word' id='word_1_719' title='bbox 3221 5324 3402 5393; x_wconf 90' lang='grc' dir='ltr'>νόμον.</span> <span class='ocrx_word' id='word_1_720' title='bbox 3441 5317 3579 5389; x_wconf 76' lang='grc' dir='ltr'>Αὕτη</span> 
     </span>
    </p>
   </div>
   <div class='ocr_carea' id='block_1_102' title="bbox 359 5412 1914 5493">
    <p class='ocr_par' dir='ltr' id='par_1_102' title="bbox 359 5413 1914 5487">
     <span class='ocr_line' id='line_1_102' title="bbox 359 5413 1914 5487; baseline 0.003 -19"><span class='ocrx_word' id='word_1_721' title='bbox 359 5431 577 5485; x_wconf 88' lang='lat' dir='ltr'><strong>gressus</strong></span> <span class='ocrx_word' id='word_1_722' title='bbox 613 5431 757 5470; x_wconf 77' lang='lat' dir='ltr'><strong>sum.</strong></span> <span class='ocrx_word' id='word_1_723' title='bbox 791 5413 981 5469; x_wconf 65' lang='lat' dir='ltr'><strong>lsthaac</strong></span> <span class='ocrx_word' id='word_1_724' title='bbox 1029 5415 1193 5484; x_wconf 86' lang='lat' dir='ltr'><strong>igitur</strong></span> <span class='ocrx_word' id='word_1_725' title='bbox 1247 5415 1520 5485; x_wconf 85' lang='lat' dir='ltr'><strong>impietas,</strong></span> <span class='ocrx_word' id='word_1_726' title='bbox 1574 5417 1772 5487; x_wconf 86' lang='lat' dir='ltr'><strong>inquit,</strong></span> <span class='ocrx_word' id='word_1_727' title='bbox 1809 5419 1914 5472; x_wconf 81' lang='lat' dir='ltr'><strong>cir-</strong></span> 
     </span>
    </p>
   </div>
   <div class='ocr_carea' id='block_1_103' title="bbox 2030 5412 3575 5493">
    <p class='ocr_par' dir='ltr' id='par_1_103' title="bbox 2030 5412 3575 5493">
     <span class='ocr_line' id='line_1_103' title="bbox 2030 5412 3575 5493; baseline -0.008 -17"><span class='ocrx_word' id='word_1_728' title='bbox 2030 5420 2120 5476; x_wconf 79' lang='grc' dir='ltr'><strong>οῦν</strong></span> <span class='ocrx_word' id='word_1_729' title='bbox 2152 5425 2184 5493; x_wconf 82' lang='grc' dir='ltr'>ὴ</span> <span class='ocrx_word' id='word_1_730' title='bbox 2211 5422 2431 5474; x_wconf 77' lang='grc' dir='ltr'>ἀσέϐεια</span> <span class='ocrx_word' id='word_1_731' title='bbox 2461 5419 2730 5474; x_wconf 85' lang='grc' dir='ltr'>κυκλώσει</span> <span class='ocrx_word' id='word_1_732' title='bbox 2767 5437 2853 5489; x_wconf 89' lang='grc' dir='ltr'><strong>με,</strong></span> <span class='ocrx_word' id='word_1_733' title='bbox 2883 5417 3044 5487; x_wconf 82' lang='grc' dir='ltr'>φησίν</span> <span class='ocrx_word' id='word_1_734' title='bbox 3063 5433 3075 5444; x_wconf 91' lang='grc'><strong>·</strong></span> <span class='ocrx_word' id='word_1_735' title='bbox 3100 5415 3218 5469; x_wconf 73' lang='grc' dir='ltr'>ἀντὶ</span> <span class='ocrx_word' id='word_1_736' title='bbox 3257 5412 3350 5466; x_wconf 90' lang='grc' dir='ltr'><strong>τοῦ</strong></span> <span class='ocrx_word' id='word_1_737' title='bbox 3372 5455 3386 5478; x_wconf 92' lang='grc'><strong>,</strong></span> <span class='ocrx_word' id='word_1_738' title='bbox 3423 5413 3575 5482; x_wconf 85' lang='grc' dir='ltr'>Περι-</span> 
     </span>
    </p>
   </div>
   <div class='ocr_carea' id='block_1_104' title="bbox 358 5505 1914 5586">
    <p class='ocr_par' dir='ltr' id='par_1_104' title="bbox 358 5505 1914 5576">
     <span class='ocr_line' id='line_1_104' title="bbox 358 5505 1914 5576; baseline 0.002 -13"><span class='ocrx_word' id='word_1_739' title='bbox 358 5506 631 5563; x_wconf 88' lang='lat' dir='ltr'><strong>cumdabit</strong></span> <span class='ocrx_word' id='word_1_740' title='bbox 652 5505 951 5576; x_wconf 88' lang='lat' dir='ltr'><strong>me;quasi</strong></span> <span class='ocrx_word' id='word_1_741' title='bbox 981 5506 1126 5562; x_wconf 86' lang='lat' dir='ltr'><strong>dicat</strong></span> <span class='ocrx_word' id='word_1_742' title='bbox 1157 5524 1171 5562; x_wconf 86' lang='lat'><strong>:</strong></span> <span class='ocrx_word' id='word_1_743' title='bbox 1199 5507 1616 5565; x_wconf 89' lang='lat' dir='ltr'><strong>Circumsistent</strong></span> <span class='ocrx_word' id='word_1_744' title='bbox 1654 5526 1738 5565; x_wconf 87' lang='lat' dir='ltr'><strong>me</strong></span> <span class='ocrx_word' id='word_1_745' title='bbox 1781 5512 1914 5566; x_wconf 87' lang='lat' dir='ltr'><strong>mala</strong></span> 
     </span>
    </p>
   </div>
   <div class='ocr_carea' id='block_1_105' title="bbox 2030 5505 3578 5586">
    <p class='ocr_par' dir='ltr' id='par_1_105' title="bbox 2034 5506 3578 5586">
     <span class='ocr_line' id='line_1_105' title="bbox 2034 5506 3578 5586; baseline -0.006 -19"><span class='ocrx_word' id='word_1_746' title='bbox 2034 5514 2288 5586; x_wconf 85' lang='grc' dir='ltr'>στήσεταί</span> <span class='ocrx_word' id='word_1_747' title='bbox 2321 5532 2386 5585; x_wconf 91' lang='grc' dir='ltr'><strong>με</strong></span> <span class='ocrx_word' id='word_1_748' title='bbox 2423 5514 2494 5568; x_wconf 86' lang='grc' dir='ltr'>τὰ</span> <span class='ocrx_word' id='word_1_749' title='bbox 2543 5513 2679 5585; x_wconf 77' lang='grc' dir='ltr'>ἔργα</span> <span class='ocrx_word' id='word_1_750' title='bbox 2723 5511 2790 5564; x_wconf 85' lang='grc' dir='ltr'><strong>τὰ</strong></span> <span class='ocrx_word' id='word_1_751' title='bbox 2820 5510 3040 5582; x_wconf 74' lang='grc' dir='ltr'>πονηρὰ.</span> <span class='ocrx_word' id='word_1_752' title='bbox 3085 5508 3119 5562; x_wconf 74' lang='grc' dir='ltr'>ἃ</span> <span class='ocrx_word' id='word_1_753' title='bbox 3174 5506 3450 5578; x_wconf 86' lang='grc' dir='ltr'>πέπραχα,</span> <span class='ocrx_word' id='word_1_754' title='bbox 3493 5521 3578 5558; x_wconf 86' lang='grc' dir='ltr'>κυ-</span> 
     </span>
    </p>
   </div>
   <div class='ocr_carea' id='block_1_106' title="bbox 1940 3087 1994 3145">
    <p class='ocr_par' dir='ltr' id='par_1_106' title="bbox 1940 3087 1994 3145">
     <span class='ocr_line' id='line_1_106' title="bbox 1940 3087 1994 3145; baseline 0 0"><span class='ocrx_word' id='word_1_755' title='bbox 1940 3087 1994 3145; x_wconf 74' lang='grc' dir='ltr'>ο</span> 
     </span>
    </p>
   </div>
   <div class='ocr_carea' id='block_1_107' title="bbox 2021 3495 3580 3573">
    <p class='ocr_par' dir='ltr' id='par_1_107' title="bbox 2021 3495 3580 3573">
     <span class='ocr_line' id='line_1_107' title="bbox 2021 3495 3580 3573; baseline -0.002 -22"><span class='ocrx_word' id='word_1_756' title='bbox 2021 3499 2294 3573; x_wconf 80' lang='grc' dir='ltr'>φερομένῃ</span> <span class='ocrx_word' id='word_1_757' title='bbox 2329 3499 2509 3561; x_wconf 79' lang='grc' dir='ltr'>αὐτοῖς</span> <span class='ocrx_word' id='word_1_758' title='bbox 2537 3498 2745 3572; x_wconf 76' lang='grc' dir='ltr'>διανοίᾳ</span> <span class='ocrx_word' id='word_1_759' title='bbox 2765 3513 2780 3528; x_wconf 86' lang='grc'><strong>·</strong></span> <span class='ocrx_word' id='word_1_760' title='bbox 2805 3500 2919 3562; x_wconf 74' lang='grc' dir='ltr'>τοῖς</span> <span class='ocrx_word' id='word_1_761' title='bbox 2953 3497 3120 3569; x_wconf 80' lang='grc' dir='ltr'>δὲμὴ</span> <span class='ocrx_word' id='word_1_762' title='bbox 3141 3497 3297 3550; x_wconf 87' lang='grc' dir='ltr'>τοῦτο</span> <span class='ocrx_word' id='word_1_763' title='bbox 3327 3495 3580 3568; x_wconf 86' lang='grc' dir='ltr'>πράττειν</span> 
     </span>
    </p>
   </div>
   <div class='ocr_carea' id='block_1_108' title="bbox 2019 3589 3580 3662">
    <p class='ocr_par' dir='ltr' id='par_1_108' title="bbox 2019 3589 3580 3662">
     <span class='ocr_line' id='line_1_108' title="bbox 2019 3589 3580 3662; baseline -0.002 -18"><span class='ocrx_word' id='word_1_764' title='bbox 2019 3591 2336 3662; x_wconf 83' lang='grc' dir='ltr'>δυναμένοις</span> <span class='ocrx_word' id='word_1_765' title='bbox 2356 3589 2445 3644; x_wconf 82' lang='grc' dir='ltr'>διὰ</span> <span class='ocrx_word' id='word_1_766' title='bbox 2465 3591 2763 3662; x_wconf 86' lang='grc' dir='ltr'>νηπιότητα</span> <span class='ocrx_word' id='word_1_767' title='bbox 2787 3589 2981 3655; x_wconf 80' lang='grc' dir='ltr'>άνοίξω</span> <span class='ocrx_word' id='word_1_768' title='bbox 3000 3589 3082 3645; x_wconf 23' lang='grc' dir='ltr'><strong>τά.</strong></span> <span class='ocrx_word' id='word_1_769' title='bbox 3095 3589 3470 3660; x_wconf 84' lang='grc' dir='ltr'>κεκλεισμένα,</span> <span class='ocrx_word' id='word_1_770' title='bbox 3488 3589 3580 3642; x_wconf 72' lang='grc' dir='ltr'><strong>καὶ</strong></span> 
     </span>
    </p>
   </div>
   <div class='ocr_carea' id='block_1_109' title="bbox 2020 3680 3591 3754">
    <p class='ocr_par' dir='ltr' id='par_1_109' title="bbox 2020 3680 3591 3754">
     <span class='ocr_line' id='line_1_109' title="bbox 2020 3680 3591 3754; baseline -0.002 -19"><span class='ocrx_word' id='word_1_771' title='bbox 2020 3682 2340 3753; x_wconf 67' lang='grc' dir='ltr'>διασαφῆσαι</span> <span class='ocrx_word' id='word_1_772' title='bbox 2361 3683 2428 3736; x_wconf 84' lang='grc' dir='ltr'>τὰ</span> <span class='ocrx_word' id='word_1_773' title='bbox 2461 3683 2824 3754; x_wconf 73' lang='grc' dir='ltr'>προϐλήματα</span> <span class='ocrx_word' id='word_1_774' title='bbox 2851 3683 2945 3736; x_wconf 71' lang='grc' dir='ltr'><strong>καὶ</strong></span> <span class='ocrx_word' id='word_1_775' title='bbox 2976 3681 3075 3745; x_wconf 81' lang='grc' dir='ltr'>τὰς</span> <span class='ocrx_word' id='word_1_776' title='bbox 3105 3680 3434 3753; x_wconf 78' lang='grc' dir='ltr'>παραϐολάς.</span> <span class='ocrx_word' id='word_1_777' title='bbox 3473 3681 3591 3733; x_wconf 73' lang='grc' dir='ltr'><strong>Καὶ,</strong></span> 
     </span>
    </p>
   </div>
   <div class='ocr_carea' id='block_1_110' title="bbox 2019 3772 3578 3847">
    <p class='ocr_par' dir='ltr' id='par_1_110' title="bbox 2019 3772 3578 3847">
     <span class='ocr_line' id='line_1_110' title="bbox 2019 3772 3578 3847; baseline -0.001 -21"><span class='ocrx_word' id='word_1_778' title='bbox 2019 3773 2195 3828; x_wconf 90' lang='grc' dir='ltr'>ταῦτα</span> <span class='ocrx_word' id='word_1_779' title='bbox 2215 3773 2406 3844; x_wconf 73' lang='grc' dir='ltr'>πράξω</span> <span class='ocrx_word' id='word_1_780' title='bbox 2439 3774 2527 3827; x_wconf 80' lang='grc' dir='ltr'>διὰ</span> <span class='ocrx_word' id='word_1_781' title='bbox 2554 3773 2646 3826; x_wconf 92' lang='grc' dir='ltr'><strong>τοῦ</strong></span> <span class='ocrx_word' id='word_1_782' title='bbox 2669 3774 2904 3844; x_wconf 77' lang='grc' dir='ltr'>ἐμαυτοῦ</span> <span class='ocrx_word' id='word_1_783' title='bbox 2927 3773 3244 3847; x_wconf 75' lang='grc' dir='ltr'>ψαλτηρίου,</span> <span class='ocrx_word' id='word_1_784' title='bbox 3278 3773 3368 3827; x_wconf 88' lang='grc' dir='ltr'><strong>τοῦ</strong></span> <span class='ocrx_word' id='word_1_785' title='bbox 3400 3772 3578 3843; x_wconf 86' lang='grc' dir='ltr'>σώμα-</span> 
     </span>
    </p>
   </div>
   <div class='ocr_carea' id='block_1_111' title="bbox 2019 3861 3578 3938">
    <p class='ocr_par' dir='ltr' id='par_1_111' title="bbox 2019 3861 3578 3938">
     <span class='ocr_line' id='line_1_111' title="bbox 2019 3861 3578 3938; baseline 0 -20"><span class='ocrx_word' id='word_1_786' title='bbox 2019 3883 2109 3929; x_wconf 89' lang='grc' dir='ltr'><strong>τος</strong></span> <span class='ocrx_word' id='word_1_787' title='bbox 2137 3866 2359 3937; x_wconf 79' lang='grc' dir='ltr'>δηλαδὴ,</span> <span class='ocrx_word' id='word_1_788' title='bbox 2402 3865 2631 3937; x_wconf 78' lang='grc' dir='ltr'>ὀργάνου</span> <span class='ocrx_word' id='word_1_789' title='bbox 2680 3866 2833 3938; x_wconf 88' lang='grc' dir='ltr'>δίκην</span> <span class='ocrx_word' id='word_1_790' title='bbox 2873 3865 3232 3937; x_wconf 84' lang='grc' dir='ltr'>ἐπηχοῦντος,</span> <span class='ocrx_word' id='word_1_791' title='bbox 3261 3867 3326 3920; x_wconf 91' lang='grc' dir='ltr'>δι’</span> <span class='ocrx_word' id='word_1_792' title='bbox 3354 3861 3414 3920; x_wconf 76' lang='grc' dir='ltr'>οὗ</span> <span class='ocrx_word' id='word_1_793' title='bbox 3446 3867 3578 3937; x_wconf 74' lang='grc' dir='ltr'>πρὸς</span> 
     </span>
    </p>
   </div>
   <div class='ocr_carea' id='block_1_112' title="bbox 2023 3958 3578 4031">
    <p class='ocr_par' dir='ltr' id='par_1_112' title="bbox 2023 3958 3578 4031">
     <span class='ocr_line' id='line_1_112' title="bbox 2023 3958 3578 4031; baseline 0.001 -21"><span class='ocrx_word' id='word_1_794' title='bbox 2023 3959 2189 4027; x_wconf 78' lang='grc' dir='ltr'>ὕμνον</span> <span class='ocrx_word' id='word_1_795' title='bbox 2219 3960 2476 4031; x_wconf 89' lang='grc' dir='ltr'>τρέπεται</span> <span class='ocrx_word' id='word_1_796' title='bbox 2509 3958 2732 4031; x_wconf 74' lang='grc' dir='ltr'>ἡψυχὴ,</span> <span class='ocrx_word' id='word_1_797' title='bbox 2767 3959 2833 4012; x_wconf 90' lang='grc' dir='ltr'>δι’</span> <span class='ocrx_word' id='word_1_798' title='bbox 2861 3959 3090 4013; x_wconf 78' lang='grc' dir='ltr'>ἑκάστου</span> <span class='ocrx_word' id='word_1_799' title='bbox 3122 3959 3471 4031; x_wconf 83' lang='grc' dir='ltr'>αίσθητηρίου</span> <span class='ocrx_word' id='word_1_800' title='bbox 3488 3958 3578 4012; x_wconf 64' lang='grc' dir='ltr'><strong>κα)⁸</strong></span> 
     </span>
    </p>
   </div>
   <div class='ocr_carea' id='block_1_113' title="bbox 2025 4050 3330 4123">
    <p class='ocr_par' dir='ltr' id='par_1_113' title="bbox 2025 4050 3330 4123">
     <span class='ocr_line' id='line_1_113' title="bbox 2025 4050 3330 4123; baseline 0.001 -20"><span class='ocrx_word' id='word_1_801' title='bbox 2025 4051 2220 4121; x_wconf 81' lang='grc' dir='ltr'>μέλους</span> <span class='ocrx_word' id='word_1_802' title='bbox 2256 4051 2348 4104; x_wconf 82' lang='grc' dir='ltr'><strong>καὶ</strong></span> <span class='ocrx_word' id='word_1_803' title='bbox 2374 4050 2572 4122; x_wconf 85' lang='grc' dir='ltr'>μέρους</span> <span class='ocrx_word' id='word_1_804' title='bbox 2613 4052 2987 4123; x_wconf 80' lang='grc' dir='ltr'>ἐπιστημόνως</span> <span class='ocrx_word' id='word_1_805' title='bbox 3022 4053 3330 4123; x_wconf 83' lang='grc' dir='ltr'>κινουμένη.</span> 
     </span>
    </p>
   </div>
   <div class='ocr_carea' id='block_1_114' title="bbox 480 5690 1022 5755">
    <p class='ocr_par' dir='ltr' id='par_1_114' title="bbox 480 5690 1022 5755">
     <span class='ocr_line' id='line_1_114' title="bbox 480 5690 1022 5755; baseline 0.002 -11"><span class='ocrx_word' id='word_1_806' title='bbox 480 5690 523 5724; x_wconf 79' lang='grc'><strong>’⁸</strong></span> <span class='ocrx_word' id='word_1_807' title='bbox 561 5690 743 5746; x_wconf 78' lang='lat' dir='ltr'><strong>Matth.</strong></span> <span class='ocrx_word' id='word_1_808' title='bbox 781 5707 896 5755; x_wconf 78' lang='lat' dir='ltr'><strong>xm,</strong></span> <span class='ocrx_word' id='word_1_809' title='bbox 937 5690 1022 5746; x_wconf 79' lang='grc'><strong>51.</strong></span> 
     </span>
    </p>
   </div>
  </div>
