3786 6278
55 71 90 308 ί
187 235 251 293 εδ
1301 219 1673 281 EXPOSITIO
1711 225 1777 279 IN
1818 219 2150 282 PSALMUM
2187 221 2414 281 XLVIII.
3280 219 3388 282 2‘26

37 379 68 448 ς
389 338 780 414 με’πανταχοῦ
801 339 894 393 καὶ
922 336 1331 408 πολιορκοῦντα,
1355 341 1450 393 καὶ
1471 343 1545 411 μὴ
1557 340 1729 394 ἐῶντά

261 437 272 448 -
404 435 441 448 .-
632 435 646 448 .
839 433 861 446 .
944 430 1288 448 .
1395 431 1421 442 -

1851 356 1992 410 tpera
2023 357 2142 410 qua:
2176 341 2297 404 feci,
2333 355 2526 409 meque
2555 340 2794 409 undique
2829 337 3144 393 conclusum
3175 338 3390 394 obside-

175 437 319 508 μετὴν
350 435 597 486 κόλασιν
628 433 910 500 ἐκφυγεῖν.
944 430 1195 501 Πονηρὰν
1239 430 1338 500 τὴν
1359 431 1459 500 τῆς
1499 431 1732 501 κρίσεως

1851 442 1989 499 mut,
2023 448 2122 487 nec
2175 433 2352 487 sinent
2388 449 2475 486 me
2516 432 2838 500 supplicium
2888 430 3143 500 effugere.
3194 429 3390 484 Malam

375 525 564 596 φησὶν
588 565 604 584 ,
661 524 756 576 ἅτε
788 521 872 593 ’δὴ
908 521 1153 593 πονηρὰν
1199 523 1311 584 τοῖς
1353 522 1734 593 κολαζομένοις

1851 523 2171 592 terojudicii
2205 525 2344 577 diem
2378 523 2628 593 appellat,
2669 531 2726 576 ut
2768 538 2890 592 qum
2939 521 3207 592 supplicio
3258 521 3390 577 aﬂ'e-

167 622 514 689 ὺπὶρχουσαν.
565 616 630 667 Ὁ
657 615 712 667 δὲ
755 614 1069 675 Ἀπόστολος
1093 613 1186 664 καὶ⁹
1213 613 1426 683 ἡμέραν
1443 613 1542 682 τῆς
1568 613 1735 684 ὀργῆς

1851 615 1937 669 :tis
1963 615 2078 669 dira
2113 624 2166 669 et
2192 616 2370 684 gravis
2399 614 2577 669 latura
2615 615 2703 670 sit.
2735 615 3031 683 Apostolus
3060 625 3241 668 autem
3269 629 3390 668 eam

166 715 292 780 τὶτήν
317 709 635 771 ἐκάλεσεν,
673 704 937 777 εἰρηκώςο
972 703 1355 772 Θησαυρίζεις
1387 703 1620 770 σεαυτῷ
1641 704 1736 772 dp.

165 805 246 870 τὴν
275 802 347 853 ἐν
373 799 598 868 ἡμέρᾳ
623 796 828 866 ὁρτῆς.

212 896 264 944 οι
283 892 676 955 ,τετοιθότες
707 888 803 941 ἐπὶ
824 885 900 955 τῇ
925 886 1173 956 δυνάμει
1205 886 1422 941 αὐτῶν.
1463 888 1594 941 Ἀπὸ
1623 904 1738 942 κοι-

163 985 226 1036 νοῦ
252 985 328 1047 τὸ,
368 980 702 1034 ’Δκοῦσατε
728 977 899 1034 ταῦτα
926 980 977 1032 ol
1011 981 1103 1032 ἐπὶ
1120 979 1334 1049 πλούτῳ
1359 979 1452 1033 καὶ
1491 983 1556 1050 τῇ
1581 979 1738 1033 δυνά-

166 1095 227 1146 μει
257 1074 649 1146 θαρροῦντες.
691 1071 823 1125 Τίνα
849 1071 905 1124 δέ
929 1072 1077 1124 ἐστιν
1106 1070 1142 1124 ἃ
1182 1071 1486 1140 ὀφείλουσιν
1521 1070 1737 1124 ἀκούειν

163 1169 400 1234 ἦὲκείνα,
427 1163 521 1226 ὡς
551 1162 684 1216 οὐδὲ
711 1162 906 1224 αὐτοὺς
944 1163 1066 1214 κατ’
1097 1162 1311 1233 ἐκείνην
1345 1161 1444 1232 τὴν
1469 1161 1679 1232 ἡμέραν
1709 1162 1739 1212 ὁ

163 1255 361 1315 τὶσὲτος
392 1254 642 1324 ὀνήσεις
690 1251 856 1304 Οὐδὲν
887 1249 996 1322 γὰρ
1033 1250 1366 1322 λυτρώσεται
1414 1251 1611 1314 αὐτοὺς
1641 1250 1740 1320 τῆς

161 1344 622 1414 taxa-“capsum;
671 1342 852 1405 αὐτοῖς
910 1340 998 1394 διὰ
1051 1341 1149 1412 τῆς
1201 1342 1472 1412 ἁμαρτίας
1520 1343 1739 1412 ·ὀργῆς⁰

161 1440 320 1508 ὧσπερ
353 1432 469 1490 οὖν
499 1436 635 1488 οὑδὲ
649 1435 899 1504 ἁδελφὸς,
925 1435 1058 1506 φέρε
1084 1437 1276 1500 εἰπεῖν,
1317 1433 1587 1504 θεοφιλὴς,
1619 1433 1740 1486 οὔτε

163 1533 290 1594 ωας
313 1547 409 1591 τις
447 1527 774 1599 ἀνθρώπων
802 1526 972 1597 ἰσχύει
1004 1523 1380 1596 λυτρώσασθαι
1411 1527 1480 1578 ἐν
1521 1527 1585 1596 τῇ
1619 1525 1740 1576 τότε

1834 705 1929 761 ira:
1971 706 2114 761 diem
2160 707 2393 771 vocavit,
2439 723 2561 761 cum
2598 707 2732 761 dixit
2765 708 2808 738 ³³
2845 726 2857 760 ;
2895 705 3243 760 Thesaurizas
3297 705 3393 759 tibi

1833 799 1970 850 iram
1996 798 2050 850 in
2082 798 2165 850 die
2199 799 2312 852 irte.

1907 887 1957 941 7.
2015 887 2120 952 Qui
2152 888 2418 957 confidunt
2457 889 2511 940 in
2560 888 2746 940 virtute
2775 903 2893 940 sua.
2943 886 3110 953 Quasi
3159 886 3214 939 in
3245 900 3395 940 com-

1837 993 2000 1033 mune
2037 980 2112 1032 ait
2139 979 2270 1032 illud
2297 997 2310 1032 :
2334 978 2528 1031 Audite
2569 978 2680 1031 haec
2711 991 2898 1031 omnes
2929 976 3027 1045 qui
3092 976 3150 1028 in
3191 975 3395 1030 divitiis

1837 1080 1892 1127 et
1934 1070 1988 1125 in
2036 1071 2233 1124 virtute
2283 1069 2574 1124 conﬁditis.
2629 1067 2886 1134 Quianam
2944 1079 3124 1122 autem
3175 1069 3398 1122 audiant

1837 1168 2068 1229 oportet,
2107 1161 2212 1214 nisi
2251 1160 2362 1226 illa,
2397 1160 2541 1230 quod
2575 1161 2782 1214 scilicet
2814 1160 2947 1213 nihil
2994 1160 3102 1214 illis
3143 1160 3396 1214 utilitatis

1839 1252 1894 1307 in
1917 1251 2013 1306 illa
2051 1251 2138 1306 die
2161 1251 2360 1305 divitite
2387 1253 2496 1306 sint
2529 1251 2816 1306 allaturae?
2851 1247 3038 1320 Neque
3069 1251 3216 1305 enim
3251 1251 3396 1304 redi-

1840 1352 1952 1398 met
1973 1358 2068 1397 eos
2101 1342 2170 1396 ab
2201 1343 2277 1396 ira
2311 1353 2365 1397 et
2396 1341 2633 1396 vindicta
2669 1342 2738 1396 ob
2763 1351 3048 1412 peccatum
3095 1343 3226 1412 ipsis
3255 1340 3400 1395 inﬂi-

1841 1435 2032 1506 genda.
2079 1433 2265 1503 Itaque
2325 1448 2392 1487 ne
2447 1432 2616 1487 frater
2668 1433 2907 1500 quidem,
2967 1442 3027 1489 ut
3075 1435 3146 1488 ita
3196 1435 3395 1500 dicam,

1841 1523 2055 1578 etiamsi
2082 1523 2372 1593 religiosus
2399 1523 2490 1586 sit,
2533 1538 2706 1592 neque
2739 1524 2879 1577 alius
2908 1525 3176 1593 quispiam
3223 1525 3398 1594 homi-

158 1624 319 1694 ἣμερα
345 1623 489 1676 τινά
513 1639 532 1651 ο
569 1623 669 1674 καὶ.
684 1623 738 1674 εί
769 1621 798 1672 ὁ
825 1619 1049 1688 ἀδελφὸς
1077 1618 1176 1672 οὐκ
1208 1619 1399 1689 ἰσχύει,
1451 1617 1544 1671 καὶ
1572 1617 1736 1670 ταῦτα

1851 1634 1973 1671 num
2008 1617 2061 1669 in
2086 1615 2176 1669 illa
2210 1616 2295 1670 die
2324 1630 2652 1685 quemquam
2695 1615 2892 1684 poterit
2921 1615 3204 1669 redimere.
3243 1612 3398 1679 Quod

161 1715 428 1786 θεοφιλὴς,
460 1712 656 1782 πολλῷ
693 1711 850 1765 πλέον
871 1712 970 1763 ούκ
996 1709 1201 1780 ἰσχύσει
1236 1712 1265 1762 ὁ
1285 1709 1534 1772 πλοῦτος.

217 1920 236 1956 ι
266 1892 310 1938 ο
339 1883 635 1952 αοελφὸς
670 1885 742 1936 οὐ
775 1882 1127 1950 λυτροῦταιν
1145 1882 1371 1952 ἀδελφὸν
1405 1882 1626 1953 θεοφιλῆ
1653 1882 1745 1935 λέαο

159 1995 230 2045 ττι
253 1979 351 2028 καὶ
378 1973 634 2046 τίμιον.]

216 2069 322 2123 Kal
349 2067 477 2134 τὴν
504 2065 695 2135 τιμὴν
715 2063 827 2132 τῆς
845 2065 1197 2133 λυτρώσεως
1235 2063 1347 2132 τῆς
1391 2063 1600 2132 ψυχῆς
1641 2067 1745 2119 αὑ-

157 2164 274 2216 τοῦ-
311 2160 588 2224 Διδᾶξας,
621 2159 698 2222 ὼς
725 2157 872 2211 οὐδὲν
900 2160 930 2211 ὁ
952 2156 1182 2221 πλοῦτος
1218 2159 1276 2211 ὲν
1298 2157 1482 2228 ἡμέρᾳ
1513 2157 1746 2229 κρίσεως

162 2257 370 2320 ὠφελεῖ,
406 2253 667 2306 διδάσκει
696 2250 873 2305 καὶτὸ
898 2249 1158 2319 ὠφελοῦν.
1209 2250 1274 2302 Τί
1317 2239 1372 2302 δέ
1419 2248 1577 2303 τοῦτο
1605 2249 1743 2320 ἢιτὸ

162 2349 390 2414 ἔγκωπον
413 2348 521 2398 καὶ
553 2344 810 2397 ἐπίπονον
838 2343 950 2413 βίον
975 2344 1274 2414 κτήσασθαι
1301 2360 1314 2406 ;
1338 2337 1496 2396 Οὗτοι
1521 2343 1626 2414 γὰρ
1651 2342 1744 2395 καὶ

165 2439 252 2508 τῆς
299 2436 742 2506 ἐπηγγελμένης
787 2435 929 2504 ζωῆς
970 2435 1110 2488 κατὰ
1134 2435 1225 2487 τδν
1269 2434 1528 2505 μέλλοντα
1575 2435 1745 2488 αίῶνα

164 2528 592 2597 αξιωθήσονται.
634 2527 694 2578 '0
719 2527 925 2578 κοπιῶν
951 2527 1041 2578 διὰ
1068 2527 1168 2596 τῆς
1193 2527 1502 2597 πρακτικῆς
1524 2527 1745 2597 ζήσεται

165 2620 428 2683 sig-sila;
475 2618 573 2670 διὰ
621 2621 721 2688 τῆς
767 2616 1038 2686 γνώσεως,
1093 2620 1189 2670 καὶ
1218 2617 1482 2670 παύσεται
1529 2620 1610 2681 είς
1655 2619 1747 2672 τὸν

169 2711 351 2774 αἰῶνα,
402 2713 511 2763 καὶ
558 2709 784 2780 ζήσεται
836 2711 914 2772 είς
945 2714 1108 2774 νῖκος.
1143 2710 1254 2764 Kal
1294 2711 1618 2764 ἐκοπίασεν
1659 2713 1747 2778 είς

167 2802 263 2854 τὸν
285 2801 513 2864 αἰῶνα,
540 2802 642 2854 καὶ
674 2793 911 2866 ζήσεται
938 2803 1023 2867 εὶς
1049 2801 1243 2867 τέλος.

233 2895 357 2946 οὐκ
385 2893 610 2960 ὄψεται
632 2891 1029 2960 καταφθορὰν,
1050 2891 1197 2944 ὅταν
1228 2889 1327 2958 ιδῃ
1357 2891 1750 2960 σοφοὺς-ἀπο-

1772 1687 1816 1742 Β
1844 1709 1889 1762 si
1925 1723 1990 1762 ne
2031 1705 2200 1760 frater
2227 1705 2444 1774 quidem
2487 1702 2678 1772 possit,
2727 1704 2828 1758 etsi
2873 1704 3178 1774 religiosus,
3229 1704 3401 1757 multo

1843 1798 2026 1852 minus
2054 1804 2308 1866 poterunt
2336 1793 2558 1848 divitiae.

1843 1897 1877 1952 ε
1928 1885 2164 1959 [Frater
2197 1901 2297 1938 non
2333 1886 2564 1950 redimit,
2595 1883 2822 1938 fratrem
2857 1883 3167 1954 religiosum
3205 1895 3258 1938 et
3299 1884 3400 1937 lto-

1842 1982 2140 2035 norabilem
2168 1981 2340 2033 virum
2373 1979 2522 2033 dicit.
2555 1977 2575 2049 ]

1913 2073 1968 2127 9.
2031 2071 2098 2124 Et
2145 2073 2368 2140 pretium
2402 2070 2771 2139 redemptionis
2822 2071 3015 2124 anima:
3071 2086 3200 2123 sate.
3245 2068 3403 2123 Post-

1844 2179 2005 2234 quam
2030 2165 2216 2218 docuit
2238 2163 2371 2216 nihil
2406 2162 2720 2232 prol'uturas
2744 2163 2960 2216 divitias
2990 2163 3046 2215 in
3075 2164 3159 2215 die
3191 2162 3400 2230 judicii,

1844 2260 2000 2314 t'locet
2031 2257 2160 2327 quid
2201 2256 2548 2326 profuturum
2593 2257 2683 2310 sit.
2715 2253 2854 2320 Quid
2892 2265 3070 2308 autem
3111 2255 3264 2316 illud,
3297 2255 3400 2308 nisi

1845 2352 2012 2404 vitam
2061 2348 2338 2403 laboribus
2389 2347 2602 2416 plenam
2651 2345 2894 2400 ducere?
2939 2343 3029 2398 Isti
3074 2344 3217 2398 enim
3278 2359 3404 2413 pro-

1845 2442 2012 2496 missa
2041 2440 2149 2494 vita
2177 2441 2232 2493 in
2283 2438 2469 2492 futuro
2499 2437 2696 2492 saeculo
2729 2435 3115 2504 dignabuntur.
3158 2431 3262 2500 Qui
3307 2448 3403 2502 per

1845 2534 2086 2588 actiones
2119 2532 2359 2595 laborat,
2395 2531 2537 2583 vivet
2574 2543 2747 2598 usque
2790 2528 2844 2581 in
2877 2527 3036 2581 linem
3075 2541 3171 2596 per
3217 2525 3405 2594 cogni—

1847 2627 2076 2690 tionem,
2107 2624 2410 2694 requiescct
2437 2623 2491 2676 in
2520 2621 2800 2686 saculum,
2829 2621 2974 2674 vivet
3001 2619 3068 2672 ad
3098 2619 3398 2672 victoriam.

1850 2719 1917 2773 Et
1953 2717 2212 2773 laboravit
2243 2717 2293 2770 iu
2322 2730 2600 2779 aeternum,
2631 2722 2680 2767 et
2714 2715 2842 2767 vivet
2877 2712 3048 2764 adhuc
3073 2713 3124 2764 in
3156 2711 3330 2780 linem.

1918 2915 2006 2968 1'0.
2065 2910 2188 2966 Non
2220 2909 2408 2965 videbit
2449 2908 2719 2961 interitum
2761 2923 2876 2959 cum
2920 2905 3106 2958 viderit
3147 2904 3402 2972 sapientes

165 2984 580 3051 θνήσκοντας.
605 2984 702 3048 El;
730 2982 980 3037 τοσοῦτον
1008 2982 1116 3054 γὰρ
1151 2983 1370 3054 μακρὰν
1396 2982 1604 3037 ἔσονται
1638 2983 1736 3036 τῶι

1851 3005 2145 3058 morientes.
2175 3001 2251 3056 Ita
2281 3001 2440 3070 longo
2461 3000 2528 3053 ab
2550 2998 2733 3068 impiis
2765 2997 3046 3050 intervallo
3072 2995 3404 3064 separabun-

167 3076 399 3140 ἀσεϐῶν,
469 3076 550 3138 ὡς
609 3075 742 3147 μηδὲ
775 3073 1091 3145 πλησιάζειν
1148 3074 1326 3128 αὐτῶν
1359 3077 1423 3145 τῇ
1482 3075 1736 3146 ἀπωλείᾳ.

1851 3102 1957 3158 tur,
1981 3101 2240 3146 uteorum
2257 3089 2540 3160 perditioni
2568 3103 2634 3141 ne
2655 3087 2937 3141 minimum
2968 3085 3183 3154 quidem
3209 3098 3405 3153 appro-

167 3169 319 3232 Τξνες
340 3170 403 3222 δὲ
438 3167 882 3239 ἀποθνήσκοντες
915 3169 1067 3236 σοφοὶ
1105 3167 1143 3238 ἢ
1188 3169 1315 3239 περὶ
1342 3161 1417 3221 ὧν
1460 3168 1744 3222 λέλεκται·

178 3255 400 3310 Ἀπολῶ
435 3255 562 3323 τὴν
595 3257 821 3324 σοφίαν
849 3256 964 3310 τῶν
987 3256 1194 3325 σοφῶν
1229 3258 1326 3310 καί
1353 3256 1469 3326 τὴν
1492 3261 1753 3313 σύνεσιν

169 3346 280 3399 τῶν
305 3346 602 3400 συνετῶν
623 3347 930 3411 adstricta;
983 3349 1229 3402 Παιδεύει
1263 3350 1371 3420 γὰρ
1401 3350 1490 3403 διὰ
1531 3350 1752 3406 πάντων

171 3443 204 3510 ἡ
225 3441 488 3511 παροῦσα
518 3440 560 3492 Γ
565 3440 736 3510 ραφὴ,
765 3440 838 3504 ὡς
867 3440 1010 3494 κατὰ
1035 3441 1135 3513 τὴν
1157 3441 1367 3512 ἡμέραν
1387 3442 1488 3512 τῆς
1516 3442 1755 3514 κρίσεως

170 3532 283 3584 οὔτε
314 3531 592 3593 πλούσιος
621 3531 812 3584 ἑαυτὸν
863 3532 1067 3603 ῥύεται,
1119 3531 1242 3586 οὔτε
1291 3537 1319 3587 ὁ
1363 3535 1753 3605 νενομισμένος

167 3629 348 3694 σορός.
382 3627 576 3687 Μόνος
602 3624 662 3677 δὲ
688 3627 893 3688 ἐκεῖνος
923 3625 1167 3690 τεύξεται
1211 3626 1309 3698 τῆς
1348 3627 1567 3680 αἰωνίου
1605 3625 1750 3697 ζωῆς

167 3720 192 3768 ὁ
237 3721 295 3770 ἐν
349 3716 438 3786 τῷ
473 3715 708 3786 παρόντι
757 3714 857 3786 βίῳ
904 3716 1234 3788 κατατήξας.
1294 3715 1424 3770 Ἐπί
1477 3715 1543 3768 τὸ
1601 3716 1749 3767 αὐτύ

168 3808 372 3877 ἄφρων
403 3809 510 3861 καὶ
554 3806 742 3872 ἄνους
769 3808 1153 3862 ἀπολοῦνται.
1193 3808 1358 3879 Ὁμοῦ
1388 3808 1562 3876 σοφοὶ,
1595 3808 1748 3878 φησι,

171 3905 257 3954 καί
289 3904 543 3971 ἄφρονες
570 3899 812 3970 ἀπωλείᾳ
860 3899 1357 3972 παραδοθήσονται’
1408 3900 1468 3952 οὐ
1516 3897 1754 3970 διενηνό-

169 4011 321 4062 χασιν
363 3992 483 4062 γὰρ
506 3990 754 4062 ἀλλήλων
782 3991 954 4056 οὐδὲν,
989 3991 1187 4061 ὁμοίως
1218 3991 1747 4062 εἰδωλολατροῦντες.

167 4088 273 4140 Kal
304 4085 801 4151 καταλείψουσιν
824 4084 1162 4151 ἀλλοτρίοις
1180 4083 1286 4136 τὸν
1327 4083 1592 4137 πλοῦτον
1639 4085 1752 4136 αὐ-

167 4177 304 4232 τῶν.
343 4177 427 4230 Ού
456 4175 570 4246 γὰρ
591 4175 860 4247 ἠθέλησαν
893 4176 1055 4229 αὐτὸν
1079 4177 1274 4228 οἰκεῖον
1307 4175 1630 4246 ποιήσασθαι
1664 4175 1756 4229 διὰ,

168 4271 260 4339 τῆς
291 4272 382 4331 εἰς
415 4270 551 4330 τοὺς
571 4266 856 4338 δεομένους
887 4267 1224 4338 εὐεργεσίας.

1849 3187 2130 3258 pinquent.
2161 3183 2264 3249 Qui
2299 3191 2426 3238 sunt
2455 3191 2634 3236 autem
2673 3181 2747 3234 illi
2788 3180 3057 3248 sapientes
3088 3178 3404 3241 morientes,

1848 3279 1955 3335 nisi
1982 3279 2019 3332 ii
2043 3278 2109 3331 de
2142 3276 2340 3346 quibus
2369 3275 2570 3330 dictum
2602 3273 2646 3304 ’⁵ο
2672 3292 2692 3326 τ
2723 3271 2952 3325 Perdant
2987 3269 3300 3339 sapientiam
3319 3284 3407 3322 sa-

1848 3371 2122 3442 pientium,
2150 3378 2198 3421 et
2237 3366 2638 3436 intelligentiam
2678 3363 3070 3433 intelligentiam
3098 3359 3402 3428 despiciam.

1851 3465 2018 3519 Docet
2056 3463 2203 3517 enim
2237 3459 2437 3529 ubique
2469 3471 2708 3529 praesens
2741 3454 3041 3523 Scriptura,
3068 3451 3212 3520 quod
3239 3451 3294 3504 in
3319 3449 3408 3504 die

1845 3557 2059 3628 judicii,
2094 3568 2268 3624 neque
2299 3553 2450 3606 dives
2495 3552 2733 3618 seipsum
2772 3547 3155 3615 redempturus
3189 3544 3278 3606 sit,
3313 3558 3409 3597 nec.

1849 3667 1956 3720 que
1983 3647 2160 3718 quivis
2186 3645 2404 3714 sapiens
2435 3643 2797 3698 existimatus.
2824 3636 3002 3691 Vitam
3038 3648 3216 3690 autem
3249 3643 3408 3688 teter-

1849 3757 1974 3797 nam
2004 3742 2050 3795 is
2080 3739 2228 3794 solus
2259 3746 2620 3803 consequetur
2649 3732 2741 3801 qui
2775 3732 2830 3783 in
2863 3730 2966 3783 hac
3001 3727 3108 3781 vita
3137 3741 3194 3780 se
3226 3738 3408 3778 mace-

1848 3832 2070 3888 raverit.
2105 3827 2276 3883 Simul
2319 3826 2568 3894 insipiens
2610 3832 2659 3876 et
2704 3821 2896 3873 stultus
2945 3816 3186 3887 peribunt
3217 3831 3234 3869 :
3262 3811 3404 3878 Una,

1849 3925 2048 3995 inquit,
2077 3922 2346 3992 sapientes
2376 3928 2428 3972 ct
2458 3916 2607 3972 stulti
2641 3911 2898 3985 perniciei
2929 3909 3208 3965 tradentur
3241 3925 3255 3961 :
3295 3921 3406 3961 non

1850 4017 2105 4073 dill‘erunt
2150 4013 2294 4070 enim
2351 4019 2538 4065 mutuo
2569 4047 2582 4072 ,
2637 4007 2801 4062 simili
2855 4003 3175 4060 idololatrian
3222 3997 3408 4070 generi

1849 4107 2039 4164 dediti.
2095 4105 2164 4159 Et
2200 4105 2487 4174 relinquent
2531 4101 2714 4155 alienis
2763 4097 2975 4151 divitias
3028 4110 3173 4148 suas.
3220 4089 3409 4160 Neque

1849 4199 1996 4254 enim
2037 4198 2160 4253 illas
2187 4195 2290 4251 sibi
2322 4195 2568 4265 proprias
2612 4201 2666 4245 et
2706 4191 2893 4244 ﬁrmas
2931 4187 3262 4242 constituere
3312 4197 3408 4236 vo-

1852 4292 2094 4352 luerunt,
2125 4288 2398 4342 beneﬁciis
2422 4299 2549 4352 erga
2575 4297 2795 4354 egenos.

239 4361 352 4414 Kal
383 4362 441 4411 οι
472 4357 651 4426 τάφοι
674 4355 870 4410 αὐτῶν
896 4358 1072 4409 οἰκίαι
1097 4355 1294 4408 αὐτῶν
1319 4358 1404 4421 είς
1429 4356 1534 4409 τὸν
1547 4355 1730 4410 αἰῶνα

1926 4381 2010 4434 I2.
2072 4378 2139 4431 Et
2178 4377 2418 4445 sepulcra
2464 4389 2643 4426 eorum
2695 4371 2879 4423 domus
2915 4367 3128 4420 illorum
3162 4367 3217 4417 in
3254 4373 3404 4417 teter-

174 4452 266 4505 Διὰ
289 4451 410 4504 τῶν
435 4448 628 4516 τάφων
647 4448 744 4518 τὴν
780 4447 1073 4517 νεκρότητα
1111 4447 1360 4516 σημαίνει
1404 4447 1470 4517 ἢν
1504 4448 1754 4500 ἐνέδυσαν

170 4542 269 4613 τὴν
295 4540 488 4610 ψυχὴν
511 4538 711 4603 αὐτῶν,
749 4537 899 4591 οὐδὲν
922 4537 1078 4608 ὀρθὸν
1112 4537 1231 4590 οὐδὲ
1271 4537 1424 4600 εύθὲς
1455 4539 1756 4608 φρονήσαν-

170 4651 260 4698 τες
292 4635 431 4703 περὶ
465 4630 626 4683 Θεοῦ.
654 4628 1016 4698 Σκηνώματα
1056 4627 1256 4682 αὐτῶν
1293 4631 1381 4695 εἰς
1415 4628 1628 4698 γενεὰν
1656 4629 1752 4682 καὶ

171 4725 415 4795 γενεάν.
454 4724 523 4776 Αἱ
548 4722 766 4792 σκηναὶ,
801 4721 984 4792 φησὶν,
1012 4722 1070 4772 ὲν
1100 4715 1188 4783 αἷς
1223 4719 1421 4785 ζῶντες
1452 4718 1629 4791 ᾤκουν
1659 4721 1752 4790 ἀφ’

172 4822 380 4891 ἐτέρων
408 4820 493 4880 είς
541 4816 760 4886 ἐτέρους
783 4815 971 4884 ἥξουσι
1001 4817 1140 4867 κατὰ
1170 4813 1360 4880 γενεάς
1381 4830 1394 4844 ·
1442 4811 1598 4867 τοῦτο
1645 4814 1754 4885 γὰρ

172 4915 268 4965 καὶ
305 4909 573 4980 ἀνωτέρω
596 4909 844 4978 εἴρηκεν,
873 4907 954 4959 ὃτι
977 4907 1451 4973 καταλείψουσιν
1475 4906 1752 4975 ἀλλοτρί-

173 5025 266 5072 οις
294 5000 704 5057 τὸνιπλοῦτον
732 4997 947 5052 αὐτῶν.
992 4996 1465 5052 Ἐπεκαλέσαντο
1497 4997 1569 5052 τὰ
1618 4999 1752 5053 ὀνό-

169 5114 334 5166 ματα
378 5093 582 5149 αὐτῶν
628 5092 726 5144 ἐπὶ
779 5089 898 5144 τῶν
935 5089 1135 5159 γαιῶν.
1184 5089 1333 5152 Δέον,
1365 5090 1518 5160 φησὶ,
1547 5091 1634 5145 διὰ
1665 5092 1754 5142 πί-

177 5207 353 5251 στεως
387 5188 486 5241 καὶ
515 5184 789 5246 πολιτείας
814 5183 1068 5254 λαμπρᾶς
1099 5182 1514 5252 παρασκευάσαι
1547 5183 1754 5252 γραφῇ-

172 5297 265 5335 ναι
289 5279 475 5332 αὐτῶν
499 5277 570 5330 τὰ
591 5275 828 5345 ὀνόματα
856 5275 914 5325 ὲν
942 5276 1050 5335 τοίς
1073 5274 1319 5343 οὐρανοῖς
1341 5288 1355 5300 ·
1386 5273 1434 5324 oi
1457 5271 1513 5324 δὲ
1537 5271 1630 5324 ἐπὶ
1653 5271 1753 5341 τῆς

175 5373 280 5441 τῆς
312 5370 456 5423 αὐτὰ
483 5367 890 5421 ἐπεκαλέσαντο
920 5363 1241 5433 ἐπωνύμους
1267 5363 1450 5426 αὐτοῖς
1476 5362 1750 5428 κτίζοντες

175 5479 382 5526 mete.

283 5659 329 5690 ³³
388 5658 546 5714 Rom.
576 5673 642 5722 tt,
666 5657 720 5712 5.
788 5655 833 5688 ⁶⁰
868 5657 970 5708 lsa.
1005 5668 1155 5720 xxix,
1209 5651 1308 5719 ll;
1337 5649 1355 5702 l
1383 5649 1508 5706 Cor.
1537 5665 1588 5714 t,
1621 5649 1704 5703 i9.

1855 4488 1999 4526 num.
2030 4469 2134 4524 Per
2170 4469 2416 4538 sepulcra
2453 4463 2833 4518 mortalitatem
2877 4457 3147 4528 signiﬁcat
3177 4470 3284 4525 qua
3320 4455 3406 4507 in-

1853 4567 2088 4620 duerunt
2117 4561 2355 4616 animam
2386 4572 2564 4621 suam,
2599 4554 2733 4607 nihil
2756 4551 3008 4622 probum,
3028 4549 3164 4602 nihil
3195 4556 3404 4602 rectum

1853 4657 2034 4710 animo
2078 4658 2358 4706 versantes
2402 4647 2543 4702 circa
2589 4643 2778 4698 Deum.
2831 4641 3188 4695 Tabernacula
3228 4655 3406 4693 eorum

1853 4751 1906 4801 in
1940 4745 2180 4816 progenie
2226 4751 2274 4796 et
2323 4741 2582 4811 progenie.
2637 4735 3034 4798 Taberuacula,
3098 4735 3153 4787 in
3208 4733 3406 4802 quibus

1851 4842 1980 4894 dum
2017 4839 2180 4891 vitam
2209 4845 2430 4906 agerent
2480 4831 2819 4893 habitabant,
2874 4829 2941 4882 ab
2997 4826 3121 4881 aliis
3161 4825 3226 4878 ad
3269 4824 3406 4878 alios

1851 4932 2250 4997 consequenter
2283 4940 2378 4996 per
2422 4924 2798 4994 generationes
2848 4921 3029 4973 varias
3076 4915 3402 4971 devenient:

1853 5021 1982 5075 illud
2037 5019 2180 5074 enim
2237 5015 2490 5087 superius
2543 5029 2761 5084 quoque
2815 5013 3062 5075 dixerat,
3115 5007 3402 5074 relinquent

1853 5115 2038 5168 alienis
2096 5113 2309 5166 divitias
2360 5125 2504 5163 suas.
2557 5107 2878 5161 Vocaverunt
2931 5103 3140 5155 nomina
3195 5115 3292 5150 sua
3351 5097 3406 5150 in

1853 5207 2026 5260 terris.
2053 5203 2158 5257 Par
2185 5211 2322 5266 erat,
2351 5202 2446 5266 ait,
2477 5209 2536 5254 ut
2569 5214 2664 5268 per
2687 5198 2844 5250 [idem
2875 5203 2929 5248 et
2971 5191 3284 5262 praeclaram
3319 5190 3406 5243 in-

1852 5301 2186 5356 stitutionem
2221 5297 2274 5350 id
2322 5295 2617 5355 elﬁcerent,
2669 5301 2728 5345 ut
2785 5288 3024 5357 ipsorum
3084 5283 3304 5338 nomina
3353 5283 3406 5336 in

1851 5394 2004 5448 cmlis
2045 5389 2520 5451 describerentur;
2554 5384 2632 5438 illi
2680 5390 2861 5435 autem
2893 5379 2946 5433 in
2978 5376 3139 5432 terris
3177 5390 3405 5432 vocave-

1852 5491 1998 5551 runt,
2023 5496 2149 5539 cum
2177 5477 2528 5551 cognomines
2553 5473 2659 5531 sibi
2692 5472 2854 5529 urbes
2881 5474 3282 5528 construerent.
