3786 6278
405 163 510 218 2η
1209 159 1263 214 8.
1309 159 1675 213 ATHANASII
1716 161 1866 216 OPP.
1909 160 2088 216 PARS
2127 159 2212 214 111.
2257 189 2322 198 -
2362 156 2773 214 EXEGETICA.
3536 153 3732 206 228

477 277 561 330 15.
628 275 694 329 Et
727 277 878 328 homo
908 291 1023 328 cum
1045 278 1097 328 in
1131 273 1324 326 honore
1359 283 1488 326 esset
1520 290 1625 326 non
1672 275 1951 330 intellexit.

2236 315 2237 320 η
2269 275 2578 343 ἄνθρωπος
2599 274 2672 328 ἐν
2699 272 2834 343 τιμῇ
2854 272 2940 324 ῶν
2963 274 3036 326 οὐ
3065 269 3320 338 συνῆκε.
3352 269 3428 325 Τὸ
3462 273 3731 327 αἰτίον

404 369 536 436 Qua:
571 383 736 423 causa
763 365 924 421 fuerit
959 365 1105 436 quod
1134 364 1234 435 ipsi
1273 378 1340 418 eo
1367 364 1502 434 lapsi
1534 366 1644 420 sint
1674 375 1732 420 ut
1765 367 1899 420 alter

2222 369 2429 419 ιπεσεῖν
2450 367 2644 430 αὐτοὺς
2673 367 2753 429 είς
2780 366 2840 418 τὸ
2881 366 3022 437 μέγα
3061 367 3276 436 φρονεῖν
3306 365 3376 416 τὰ.
3426 366 3717 437 σαρκδς

404 479 463 518 se
488 461 771 524 sentirent,
806 460 1050 515 enuntiat
1088 457 1199 522 ille,
1242 456 1494 510 videlicet
1531 457 1714 512 carnis
1759 472 1895 512 conc

2226 457 2450 527 μήματα
2499 455 2670 523 λέγει.
2703 455 2873 509 Τοῦτο
2925 455 2982 508 δέ
3023 456 3136 508 ἐστι
3166 454 3228 507 τὸ
3263 454 3336 524 μὴ
3390 454 3721 507 συνιέναι

403 554 698 627 piscentiaa.
734 551 846 608 Hoc
876 561 1054 604 autem
1089 558 1174 603 est
1216 548 1477 602 honorem
1525 549 1808 618 proprium
1851 565 1898 602 nt

2210 548 2336 617 ιμὴν
2355 545 2551 609 αὐτῶν,
2579 545 2739 615 ὁτιδὴ
2771 544 2891 596 κατ’
2919 542 3103 596 εἰκόνα
3126 541 3451 610 πεποίηνται
3475 540 3705 594 Θεοῦ.

399 646 720 716 intelligere,
741 643 881 713 quod
910 641 1119 698 scilicet
1141 640 1207 695 ad
1239 639 1526 710 imaginem
1547 639 1640 694 Dei
1671 639 1799 695 facti
1823 640 1894 694 sie

2214 640 2293 702 ἰως
2313 638 2368 691 δὲ
2396 641 2508 702 τοῖς
2537 639 2758 708 κτήνεσι
2776 639 2887 699 τοῖς
2913 636 3157 706 ἀνοήτοις
3187 635 3290 704 γῆν
3321 635 3496 687 οἰκεῖν
3523 631 3709 686 ἀντὶ

403 738 484 794 Ad
515 736 924 793 similitudinem
957 743 1136 788 autem
1165 733 1532 802 iumentorum
1559 733 1898 802 insipientior

2208 729 2458 801 ιὺρανίων
2496 729 2710 798 σκηνῶν
2730 726 3153 800 κατηλλάξαντο,
3169 726 3262 780 καὶ
3283 725 3494 793 τάφους
3521 723 3703 777 ἀντὶ

401 845 514 899 prae
536 827 852 884 cmlesﬁbus
890 824 1257 880 tabernaculis
1295 833 1496 878 terram
1533 822 1776 877 incolere
1812 821 1896 876 del

1195 824 1257 878 lis
1295 833 1496 878 terram
1533 822 1776 877 incolere
1812 821 1959 876 dele-
2055 823 2156 892 τῆς
2183 821 2333 893 παρὰ
2363 820 2499 876 θεοῦ
2523 819 2690 889 ζωῆς.

401 928 615 992 gerunt,
655 927 708 973 et
737 919 986 989 sepulcra
1015 933 1045 971 a
1079 915 1189 971 Deo
1237 913 1597 970 concedenda:
1645 913 1770 967 vita:
1808 927 1948 983 pra-

402 1014 746 1157 “1:2.”ch
777 1102 860 1156 uia
904 1100 1118 1154 illorum
1149 1099 1462 1154 scandalum
1502 1099 1652 1168 ipsis.
1681 1096 1836 1152 Viam
1869 1096 1897 1151 d

2186 1091 2283 1158 ῡτη
2307 1090 2346 1156 ἠ
2381 1089 2520 1156 ὁδὸς
2538 1087 2742 1142 αὐτῶν
2771 1085 3132 1142 σκάνδαλον
3152 1084 3373 1166 αὐτοῖς.
3419 1085 3580 1139 ὀδὸν
3623 1087 3681 1155 ἡ

398 1195 536 1248 vitm
593 1193 785 1248 littera:
843 1190 1109 1260 cujusque
1162 1189 1398 1243 hominis
1452 1188 1616 1241 vitam
1672 1186 1880 1257 appella

2209 1176 2402 1248 Γραφὴ
2435 1177 2525 1230 τὸν
2553 1177 2783 1230 ἑκάστου
2833 1175 2946 1246 βίον
2973 1171 3080 1228 οἶδε
3134 1175 3339 1239 καλεῖν,
3397 1174 3495 1228 καὶ
3546 1175 3681 1228 τὸν

398 1288 818 1346 consueverunt,
877 1287 932 1333 et
989 1279 1113 1333 vita:
1168 1277 1449 1332 hominum
1511 1286 1744 1347 tempus.
1804 1275 1893 1330 Hal

2184 1286 2283 1322 ττου
2312 1268 2409 1337 τῆς
2429 1267 2602 1338 Ρξωῆς
2649 1267 2858 1338 χρόνον.
2894 1266 3106 1337 Ταύτην
3139 1263 3232 1321 οὖν
3255 1306 3270 1332 ,
3331 1267 3487 1338 φησὶ,
3538 1268 3679 1339 τὴν

397 1389 550 1444 ergo,
600 1372 695 1434 ait,
728 1385 976 1440 asperam
1009 1379 1062 1424 et
1090 1370 1333 1426 odiosam
1356 1371 1522 1423 vitam
1562 1369 1772 1438 paravit
1806 1369 1892 1422 illi:

2189 1361 2446 1429 τραχεῖαν
2490 1358 2584 1412 καὶ
2613 1357 2812 1429 ἐχθρὰν
2840 1357 3241 1412 κατεσκεύασεν
3289 1358 3496 1420 αὐτοῖς,
3538 1359 3668 1411 ἅτε

397 1467 526 1534 quia
571 1471 778 1518 rectum
829 1461 963 1516 nihil
1017 1463 1302 1516 sentirent.
1358 1460 1464 1516 Sed
1499 1461 1718 1530 quando
1753 1461 1807 1514 in
1857 1462 1892 1515 il

2170 1452 2220 1503 ὲν
2251 1449 2405 1513 εύθὲς
2451 1451 2874 1520 πεφρονηκότες.
2937 1448 3074 1501 Ἀλλ’
3108 1449 3197 1502 ὅτε
3231 1447 3330 1518 μὲν
3359 1451 3665 1520 προσέκο-

397 1555 764 1626 proiecerunt,
791 1566 901 1609 tum
951 1554 1208 1609 scandala
1251 1569 1318 1608 ne
1349 1554 1656 1608 sentiebant
1705 1553 1892 1622 quidet

2168 1559 2187 1593 ν
2216 1544 2272 1595 ἐν
2305 1541 2464 1612 αὐτῇ,
2493 1542 2593 1594 οὐκ
2619 1541 2913 1612 ᾐσθάνοντο
2943 1541 3050 1594 τῶν
3098 1539 3426 1595 σκανδάλων.
3467 1544 3663 1596 Mere:

401 1647 590 1700 Postea
632 1662 759 1700 vero
789 1648 843 1700 in
887 1662 974 1699 ore
1003 1661 1096 1698 suo
1125 1643 1538 1715 complacebunt,
1588 1645 1743 1714 quasi
1787 1645 1896 1700 (lica

2162 1633 2336 1686 ταῦτα
2381 1633 2452 1685 ἐν
2499 1631 2577 1697 τῷ
2609 1635 2859 1701 στόματι
2903 1631 3098 1686 αὐτῶν
3130 1631 3607 1698 ιεὺδοκήσουσιν
3634 1671 3657 1698 ,

394 1734 809 1790 Conlitebuntur
831 1737 1205 1806 pmnitentiam
1237 1745 1479 1807 agentes,
1511 1737 1655 1806 quod
1677 1736 1731 1791 in
1761 1737 1889 1806 huju

2156 1725 2320 1787 ὶτοῦ,
2361 1725 2780 1796 Ὀμολογήσουσι
2821 1727 3247 1794 μετανοήσαντες
3278 1724 3360 1793 ἐφ’
3396 1715 3479 1787 οἷς
3517 1741 3651 1780 τοι·

397 1825 540 1879 modi
583 1827 670 1881 via
725 1827 1081 1893 incesserint;
1123 1828 1217 1883 sed
1269 1827 1491 1899 quando
1537 1844 1644 1882 non
1673 1829 1780 1883 erit
1813 1830 1890 1882 ult

2163 1836 2227 1889 ην
2265 1817 2504 1871 ὥδευσαν
2537 1818 2740 1890 τρίϐον,
2767 1819 2855 1871 ὅτε
2881 1819 2979 1887 οὐχ
3002 1817 3181 1883 ἕξουσι
3207 1817 3306 1888 τῆς
3341 1818 3655 1888 μετανοίας

396 1917 728 1986 poenitentia:
762 1929 998 1988 tempus.

771 1929 998 1988 tempus.
2057 1909 2266 1980 καιρόν.

469 2008 555 2063 15.
625 2007 775 2064 Sicut
822 2027 935 2064 oves
976 2012 1030 2064 in
1074 2011 1276 2080 inferno
1332 2013 1491 2081 positi
1541 2020 1683 2066 sunt.
1725 2009 1955 2078 Quando

2157 2001 2233 2066 Ως
2261 2000 2522 2067 πρόϐατα
2543 1999 2613 2052 ὲν
2633 1996 2746 2066 ᾅδῃ
2772 1997 2994 2052 ἔθεντο.
3048 2000 3265 2071 Ἐπειδὴ
3307 2001 3405 2054 οὐκ
3432 1999 3652 2070 ἠθέλη-

397 2099 688 2176 nplucrunt
731 2102 833 2154 sub
878 2101 1021 2156 bono
1066 2111 1286 2170 pastore
1337 2117 1542 2172 agere:
1593 2101 1687 2156 sed
1736 2101 1888 2171 repul

2185 2091 2290 2144 ὑπὸ
2316 2091 2408 2145 τὸν
2439 2091 2648 2159 ἀγαθὸν
2677 2086 2816 2144 εἶναι
2836 2091 3086 2161 ποιμένα,
3125 2092 3260 2145 ἀλλὰ
3291 2094 3390 2162 τὴν
3417 2092 3650 2145 ἑαυτῶν

396 2190 622 2255 honore,
666 2191 889 2259 perinde
921 2199 1085 2262 atque
1111 2192 1360 2259 jumenta
1419 2208 1650 2262 corpore
1701 2209 1891 2261 corru;

2148 2186 2217 2255 γὴν
2268 2185 2658 2253 ἀπωσάμενοι,
2695 2184 3087 2254 παραπλησίως
3143 2187 3254 2246 τοῖς
3302 2187 3524 2255 κτήνεσι
3561 2201 3643 2237 τα

390 2292 549 2346 sunt;
582 2281 784 2338 idcirco
806 2298 1002 2353 pecora
1031 2283 1227 2338 inferni
1255 2283 1430 2339 effecti
1465 2295 1612 2350 sunt,
1646 2285 1720 2340 ita
1763 2293 1822 2339 ut
1852 2285 1884 2340 d

2148 2291 2284 2344 ματα
2306 2274 2675 2346 διεφθάρησαν
2694 2291 2707 2304 ·
2733 2275 2905 2346 ταύτῃ
2929 2292 3010 2328 τοι
3038 2275 3134 2328 καὶ
3160 2274 3449 2346 θρέμματα
3468 2293 3643 2343 γεγο-

394 2390 540 2429 mum
574 2385 758 2445 pastor
801 2392 988 2432 eorum
1027 2376 1094 2430 ad
1139 2391 1340 2446 pascua
1389 2393 1487 2432 sua
1538 2377 1774 2432 abducat
1823 2393 1886 2432 eo

2142 2384 2205 2420 rw
2237 2366 2386 2437 ᾅδου,
2417 2367 2490 2431 ὡς
2519 2367 2703 2420 λοιπὸν
2741 2368 2902 2421 αὑτὸν
2946 2367 3301 2438 ποιμαίνοντα
3320 2369 3515 2430 αὐτοὺς
3544 2371 3637 2430 εἰς

392 2467 530 2524 alios
556 2469 774 2537 quidem
806 2469 860 2523 in
887 2469 1064 2540 ignem
1091 2478 1390 2536 aeternum;
1425 2470 1546 2524 illos
1574 2484 1640 2524 eo
1663 2470 1755 2524 ubi
1794 2469 1882 2524 llet

2145 2477 2151 2519 :
2183 2458 2345 2512 αὐτοῦ
2385 2458 2556 2529 νομὰς
2602 2457 2851 2524 ἀπάξειν,
2881 2461 3006 2522 τοὺς
3053 2460 3151 2529 μὲν
3186 2461 3266 2523 είς
3305 2459 3364 2512 τὸ
3408 2459 3520 2530 πῦρ
3564 2459 3640 2508 ’ὃ

388 2570 446 2615 et
482 2561 680 2616 stridor
709 2560 973 2629 dentium,
1006 2559 1142 2615 alios
1167 2561 1223 2615 in
1249 2561 1499 2616 tenebras
1521 2553 1838 2616 exteriores.

2137 2550 2292 2614 bvwv,
2322 2553 2447 2616 τοὺς
2469 2551 2526 2605 δὲ
2555 2553 2689 2605 ὅπου
2724 2555 2752 2605 ὁ
2783 2551 3055 2621 κλαυθμὸς
3084 2551 3178 2605 καὶ
3229 2550 3468 2622 βρυγμὸς
3516 2547 3632 2604 τῶ.

2057 2641 2302 2706 ὀδόντων,
2337 2643 2462 2706 τοὺς
2483 2643 2541 2696 δὲ
2573 2645 2652 2706 είς
2685 2645 2743 2696 τὸ
2772 2642 2958 2706 σκότος
2983 2642 3044 2695 τὸ
3072 2641 3354 2715 ἐξώτερον.

463 2752 661 2822 Adjicit
711 2753 896 2806 Daniel
954 2751 1243 2807 Barbarus.
1291 2751 1559 2806 Caeterum
1603 2751 1758 2821 juxta
1808 2749 2196 2821 Symmachum
2244 2768 2260 2804 :
2303 2751 2427 2807 Haec
2492 2752 2580 2806 via
2639 2751 2856 2806 illorum
2910 2751 3194 2805 dementiae
3229 2752 3382 2820 ipsis,
3422 2759 3629 2824 posteri

393 2857 520 2898 vero
577 2845 791 2898 illorum
842 2857 1146 2898 sermonem
1201 2844 1510 2913 probabunt
1565 2860 1580 2896 :
1639 2857 1747 2897 non
1801 2842 1946 2898 enim
1989 2843 2178 2913 primis
2208 2852 2293 2898 sat
2333 2842 2437 2898 fuit
2468 2844 2545 2897 uti
2587 2843 2874 2898 dementia:
2933 2843 3039 2905 via,
3099 2843 3202 2897 nisi
3241 2844 3401 2896 etiam
3446 2843 3628 2912 per-ni-

392 2937 600 2994 ciosum
629 2938 858 3007 posteris
889 2937 1195 3008 exemplum
1232 2936 1362 2991 lacti
1408 2937 1585 2992 simile
1645 2934 1714 2990 ad
1775 2936 1859 2991 sui
1912 2935 2272 2990 imitationem
2317 2935 2559 2990 studium
2621 2935 2726 2991 illis
2775 2935 3166 3005 relinquerent,
3223 2945 3282 2990 ut
3329 2947 3382 2988 et
3423 2921 3630 3004 posteri

391 3029 446 3084 in
475 3043 686 3084 morum
733 3044 956 3083 suorum
1001 3029 1083 3083 via
1112 3029 1213 3084 sibi
1249 3029 1542 3098 placerent,
1585 3036 1639 3082 et
1665 3027 1785 3083 illos
1818 3027 2121 3083 imitatione
2167 3035 2546 3096 sequerentur.

463 3118 531 3173 Et
568 3119 977 3174 dominabuntur
1015 3135 1194 3172 eorum
1213 3118 1353 3189 justi
1400 3120 1455 3173 in
1507 3121 1786 3174 matutino.
1829 3118 1948 3174 Non

2126 3118 2228 3173 Kal
2256 3117 2834 3186 κατακυριεύοτυσιν
2858 3117 3057 3173 αὐτῶν
3075 3121 3128 3172 οὶ
3148 3118 3342 3183 εὑθεῒς
3366 3117 3431 3170 τὸ
3453 3121 3621 3186 πρωΐ.

393 3210 644 3273 ulterius,
687 3209 1148 3280 quemadmodum
1186 3209 1241 3264 in
1286 3210 1388 3264 hac
1433 3209 1539 3263 vita
1579 3225 1703 3264 cum
1748 3225 1888 3268 esset

2130 3211 2252 3264 ικέτι
2309 3210 2496 3281 ῶσπερ
2545 3211 2603 3264 ὲν
2634 3209 2712 3280 τῷ
2739 3213 2967 3283 παρόντι
3001 3212 3101 3282 βίῳ
3145 3211 3315 3274 ὄντες,
3368 3210 3625 3274 κατεξαν-

388 3303 656 3358 adversus
711 3301 832 3370 pios
887 3301 1134 3356 homines
1185 3300 1510 3370 insurgunt;
1542 3316 1729 3355 verum
1767 3311 1883 3356 conl

2128 3318 2299 3355 τανται
2333 3299 2441 3354 τῶν
2490 3299 2756 3355 εὐσεϐῶν·
2793 3302 3099 3356 τούναντίον
3143 3302 3199 3355 δὲ
3228 3305 3275 3355 οἱ
3304 3302 3396 3355 τοῦ
3430 3301 3623 3373 καιροῦ

391 3395 485 3460 aui
516 3391 784 3448 matutino
825 3402 1066 3463 tempore
1106 3392 1312 3462 dignati
1363 3402 1492 3448 sunt
1533 3402 1588 3448 et
1619 3407 1759 3448 novo
1797 3393 1886 3447 Iun

2129 3411 2154 3458 ς
2185 3394 2397 3466 πρωῒας
2427 3391 2744 3458 ἀξιωθέντες
2769 3395 2862 3448 καὶ
2886 3393 2978 3448 τοῦ
3011 3394 3132 3447 νέου
3169 3396 3340 3464 φωτὸς
3365 3394 3472 3447 τῶν
3497 3395 3594 3448 ac:
3612 3425 3624 3436 -

392 3497 483 3549 ne,
531 3482 711 3552 impiis
743 3483 1106 3550 imperabunt.
1160 3481 1230 3536 Et
1283 3484 1543 3536 auxilium
1585 3500 1764 3538 eorum
1825 3501 1887 3538 ve.

2126 3500 2168 3538 Ν
2205 3484 2712 3556 κατακυριεύσουσι.
2749 3485 2858 3539 Kal
2909 3487 2948 3554 ἡ
3001 3485 3250 3555 βοήθεια
3285 3485 3480 3541 αὐτῶν
3511 3504 3621 3540 παρ-

392 3576 638 3644 rascetjn
683 3575 910 3644 inferno,
938 3585 1041 3632 etc.
1086 3573 1279 3638 Omne,
1317 3576 1513 3645 inquit,
1551 3577 1814 3630 auxilium
1859 3592 1887 3630 e

2125 3574 2448 3642 ιιωθήοέται
2487 3576 2556 3629 ἐν
2603 3574 2682 3640 τῷ
2701 3575 2839 3644 ᾄδῃ.
2867 3577 3045 3640 Πᾶσα,
3072 3577 3263 3647 φησὶν,
3316 3580 3348 3648 ὴ
3403 3577 3620 3650 βοήθεια

391 3681 534 3732 rum,
581 3667 789 3722 scilicet
820 3667 999 3722 virtus
1041 3682 1208 3738 quam
1265 3667 1586 3722 obtinebant
1631 3684 1699 3723 ex
1735 3668 1886 3739 glori:

2120 3666 2252 3734 ιτῶν,
2302 3668 2420 3738 ἦτοι
2452 3669 2485 3737 ἡ
2517 3668 2667 3737 ἰσχὺς
2699 3667 2766 3738 ἢν
2809 3667 2966 3738 ἔσχον
2992 3672 3056 3723 ὲκ
3081 3670 3180 3741 τῆς
3206 3669 3383 3741 δόξης,
3413 3670 3487 3742 τῷ
3521 3669 3615 3724 θα-

392 3765 566 3810 morte
599 3756 948 3811 dissolvetur.
990 3755 1126 3813 Illud
1154 3758 1325 3822 enim,
1363 3768 1662 3825 veterascet,
1703 3773 1802 3830 pro
1849 3774 1887 3814 sc

2123 3777 2206 3830 mp
2231 3757 2632 3829 διαλυθήσεται.
2661 3760 2735 3812 Τὸ
2763 3759 2902 3832 γὰρ,
2950 3761 3456 3826 παλαιωθήσεται,
3499 3763 3618 3815 ἀντὶ

393 3855 550 3902 γειιιι·
579 3847 814 3916 positum
859 3857 964 3902 est.

2054 3849 2174 3915 τοῦ,
2199 3849 2600 3922 διαλυθήσεται,
2628 3850 2885 3906 τέθειται.
3414 3850 3419 3859 ’

470 3935 560 3990 16.
638 3935 1002 3991 Verumtamen
1055 3938 1191 3994 Deus
1247 3940 1462 3994 redimet
1511 3942 1742 3994 animam
1788 3958 1958 3997 meam

2127 3941 2301 4007 Πλὴν
2352 3941 2385 3992 d
2417 3939 2560 4004 Θεὸς
2612 3939 2975 4008 λυτρώσεται
3018 3941 3132 4010 τὴν
3161 3941 3372 4012 ψυχήν
3403 3961 3516 4012 μου
3542 3944 3614 3998 ἐκ

393 4028 456 4082 de
481 4043 639 4080 manu
680 4029 858 4098 inferi,
902 4047 1019 4084 cum
1052 4033 1304 4100 acceperit
1339 4049 1437 4085 me.
1487 4031 1610 4100 Mei,
1647 4034 1843 4104 inquit,
1879 4035 1888 4088 i

2116 4032 2250 4100 :tpdc
2280 4031 2448 4099 ᾅδου,
2478 4031 2626 4086 ὅταν
2651 4032 2924 4102 λαμϐάνῃ
2945 4051 3042 4103 με.
3090 4034 3274 4105 Ἐμοῦ,
3316 4037 3466 4107 φησὶ,
3518 4037 3611 4091 τοῦ

396 4120 664 4190 loquentis
705 4122 941 4176 animam
977 4122 1206 4178 redimet
1237 4123 1399 4190 Deus,
1436 4134 1494 4179 ut
1524 4141 1591 4180 ne
1632 4142 1739 4181 una
1779 4127 1891 4181 abdi

2116 4123 2226 4177 ιῦτα
2252 4123 2499 4192 λέγοντος
2529 4122 2862 4196 λυτρώσεται
2887 4127 2916 4178 ό
2935 4125 3067 4189 Θεὸς
3099 4125 3197 4198 τὴν
3229 4126 3424 4199 ψυχὴν,
3479 4130 3611 4202 πρὶς

393 4223 545 4269 catur
571 4213 684 4281 illa,
719 4222 774 4270 et
805 4214 1084 4272 deseratur
1117 4232 1242 4272 cum
1273 4217 1468 4273 ovibus
1494 4217 1714 4274 inferni.

2112 4214 2218 4287 ›μὴ
2261 4215 2667 4286 συναπαχθῆναι
2716 4216 2903 4288 αὐτὴν,
2939 4225 3031 4272 καὶ⁵
3081 4219 3430 4291 ἐρημωθῆναι
3477 4221 3607 4290 μετὰ

2053 4307 2160 4361 τῶν
2186 4306 2278 4360 τοῦ
2311 4306 2436 4378 ᾅδου
2473 4307 2776 4378 προϐάτων.

473 4388 560 4446 17.
597 4388 678 4444 Ne
707 4392 940 4447 timueris
985 4411 1102 4448 cum
1145 4395 1288 4452 dives
1339 4396 1512 4467 factus
1563 4399 1723 4468 fuerit
1775 4401 1946 4455 homo.

2123 4398 2218 4467 Μὴ
2250 4397 2458 4467 φοϐοῦ,
2484 4397 2630 4452 ὅταν
2660 4398 2976 4469 πλουτήσῃ
3003 4401 3328 4468 ἄνθρωπος.
3389 4401 3601 4466 Μαθὼν,

392 4479 528 4537 Cum
558 4483 831 4548 didiceris,
864 4487 958 4552 ait,
1011 4489 1104 4558 qui
1154 4490 1279 4546 linis
1349 4493 1455 4546 erit
1510 4493 1822 4565 impiorum,
1883 4513 1887 4550 1

2106 4492 2235 4563 ησὶν,
2265 4486 2376 4546 οἷον
2401 4491 2552 4545 ἔσται
2571 4491 2678 4547 τῶν
2710 4492 2920 4546 ἀσεϐῶν
2943 4493 3002 4546 τὸ
3037 4493 3216 4556 τέλος,
3264 4495 3335 4566 μὴ
3378 4496 3601 4567 μακαρί-

394 4569 582 4625 beatos
607 4574 868 4642 praedices
905 4592 1000 4632 eos
1031 4581 1124 4649 qui
1157 4580 1209 4635 in
1245 4581 1354 4638 vita
1389 4583 1586 4640 divites
1615 4596 1670 4640 et
1710 4588 1889 4657 opuler

2110 4597 2152 4652 ις
2199 4583 2324 4646 τοὺς
2364 4583 2422 4635 ὲν
2453 4581 2532 4652 τῷ
2553 4582 2651 4652 βίῳ
2681 4582 3060 4646 πλουτοῦντας,
3102 4585 3233 4654 μηδὲ
3261 4585 3499 4656 φοϐηθῇς
3532 4587 3605 4654 ὡς

393 4672 540 4726 sunt,
573 4679 680 4718 non
715 4667 908 4722 timeas
933 4673 1090 4738 quasi
1138 4675 1284 4728 omni
1332 4691 1425 4745 spe
1469 4677 1820 4742 interclusus,
1855 4697 1886 4734 n

2108 4673 2233 4742 ὶσης
2253 4671 2744 4742 ἀποκεκλεισμένος
2778 4672 3006 4737 ἐλπίδος,
3059 4676 3132 4745 μὴ
3183 4675 3400 4747 ἁθυμῇς
3431 4677 3486 4731 δὲ
3532 4678 3603 4741 ὡς

394 4762 454 4806 ut
486 4755 698 4824 magnis
743 4758 968 4813 orbatus
1014 4765 1298 4829 praesentis
1349 4766 1471 4820 vita:
1533 4768 1714 4834 bonis,
1769 4771 1889 4822 anin

2104 4764 2301 4830 εγάλων
2356 4764 2574 4831 ἀγαθῶν
2625 4766 2730 4819 τῶν
2778 4765 3057 4836 παρόντων
3107 4768 3482 4840 ἐστερημένος.
3531 4767 3599 4823 Εὖ

391 4845 632 4901 delicias.
658 4845 830 4903 Probe
857 4852 998 4905 nosti
1025 4853 1152 4920 quia
1185 4863 1236 4908 te
1267 4867 1545 4925 exspectat
1591 4861 1886 4930 redemptio

2106 4853 2181 4920 ’θι,
2212 4856 2294 4910 ὅτι
2342 4857 2399 4909 σὲ
2437 4857 2536 4927 μὲν
2572 4858 2849 4929 περιμένει
2898 4861 2929 4928 ἡ
2965 4859 3028 4912 ὲκ
3073 4860 3300 4914 θανάτου
3348 4861 3601 4932 λύτρωσις

393 4947 566 4991 morte
587 4948 640 4993 et
674 4941 779 4993 vita
804 4951 1026 4996 aeterna.
1068 4942 1170 5008 Qui
1211 4956 1390 5002 autem
1426 4966 1456 5002 a
1485 4951 1672 5005 multis
1698 4955 1888 5020 prmdic

2102 4948 2145 4999 ιί
2167 4949 2199 5016 ἡ
2229 4947 2441 5012 αἰώνιος
2467 4949 2578 5020 ζωή
2601 4965 2616 4978 ο
2649 4951 2678 5002 ό
2703 4949 2759 5002 δὲ
2785 4949 2936 5020 παρὰ
2959 4955 3072 5014 τοῖς
3098 4951 3311 5015 πολλοῖς
3355 4953 3597 5022 εὐδαιμο-

392 5038 478 5081 tur
511 5030 580 5083 ob
612 5031 828 5085 divitias
867 5032 1229 5104 gloriamque,
1263 5047 1317 5091 et
1357 5040 1425 5094 ob
1457 5041 1601 5096 illam
1637 5043 1773 5099 l'also
1810 5061 1880 5100 nu

2105 5037 2325 5108 ζόμενος
2351 5039 2437 5092 διὰ
2463 5040 2686 5093 πλοῦτον
2716 5042 2808 5093 καὶ
2832 5041 3008 5106 δόξαν,
3038 5044 3132 5095 καὶ
3169 5042 3258 5095 διὰ
3288 5044 3387 5113 τὴν
3412 5043 3599 5113 ψευδώ-

391 5130 640 5188 cupatam
673 5125 1014 5192 sapientiam,
1047 5127 1182 5182 nihil
1233 5130 1354 5198 plus
1411 5132 1652 5202 habebit,
1714 5138 1883 5193 nudat

2102 5147 2216 5200 ιμον
2233 5130 2442 5199 σοφίαν,
2467 5132 2618 5186 οὐδὲν
2651 5132 2811 5186 πλέον
2833 5133 2944 5197 ἕξει
2965 5149 2979 5162 °
3020 5134 3224 5205 γυμνὸς
3252 5133 3360 5205 γὰρ
3393 5135 3597 5190 πάντων

393 5212 590 5282 quippe
618 5217 890 5283 omnibus,
925 5235 956 5273 a
983 5221 1104 5275 vitae
1135 5221 1293 5278 bonis
1321 5225 1642 5296 abripietur.

1362 5225 1642 5296 bripietur,
2049 5218 2422 5290 ἀπαχθησεται
2456 5223 2562 5275 τῶν
2599 5223 2690 5276 τοῦ
2723 5224 2857 5294 βίου.

465 5301 552 5356 18.
623 5303 882 5370 Quoniam
927 5327 1042 5364 cum
1093 5313 1348 5368 interierit
1398 5335 1499 5371 non
1547 5331 1714 5375 sumet
1748 5327 1944 5381 omnia.

2122 5311 2238 5364 Ὅτι
2265 5313 2374 5366 οὐκ
2397 5313 2466 5366 ἐν
2496 5315 2574 5380 τῷ
2599 5315 3006 5384 ἀποθνήσκειν
3029 5317 3215 5372 αὐτὸν
3247 5319 3499 5386 λήψεται
3527 5317 3592 5370 τὰ

393 5387 508 5447 Hoc
531 5393 705 5484 solum
752 5398 905 5467 lucri,
949 5405 1044 5466 ait,
1087 5421 1116 5459 a
1151 5406 1358 5463 divitiis
1393 5413 1670 5471 accepisse
1698 5416 1888 5473 videnti

2096 5399 2259 5455 άντα.
2288 5404 2474 5469 Τοῦτο,
2503 5407 2652 5475 φησὶ,
2683 5406 2838 5476 μόνον
2861 5407 3042 5474 ἔδοξαν
3071 5408 3370 5480 κερδαίνειν
3386 5411 3433 5461 oi
3456 5407 3591 5461 ἄθεοι
