3786 6278
393 185 494 243 251

1310 185 1366 241 S.
1405 187 1774 242 ATHANASH
1812 187 1962 243 OPP.
2003 184 2185 240 PARS
2223 182 2309 238 l’ll.
2349 205 2420 224 —
2459 173 2866 237 EXEGETlCA.

3553 178 3701 234 252

395 303 488 365 sit,
514 301 643 356 illud
670 316 802 356 sane
822 301 1045 365 dictum,
1079 301 1372 369 manifeste,
1393 319 1611 359 carnem
1645 303 1947 374 declarat-.1
1979 352 1986 365 .

2077 299 2175 363 ιτὺς
2203 300 2331 363 Θεός
2367 301 2500 362 ἐστι,
2536 299 2618 363 τὸ,
2652 297 2945 368 ἐμφανῶς,
2978 298 3082 368 ἄρα
3104 297 3198 368 τὴν
3231 296 3404 366 σάρκα
3443 296 3695 368 δηλοῐ.;ί

466 392 519 446 5.
557 390 696 446 Deus
723 391 997 459 manifeste
1025 392 1210 444 veniet.
1271 390 1390 446 Non
1430 396 1576 448 enim
1620 396 1843 465 perinde
1878 407 1966 450 at-

387 501 504 556 que
529 486 583 540 in
608 487 785 555 primo
802 486 1038 540 adventu
1070 484 1356 555 incognito
1393 487 1607 553 veniet;
1636 488 1728 541 sed
1766 497 1825 541 ut
1849 489 1963 557 ipse

397 579 506 633 ait:
540 577 682 632 sicut
712 577 891 646 fulgur
933 576 1074 644 quod
1119 578 1300 630 omnia
1345 578 1532 647 implet
1573 578 1642 631 ab
1669 579 1878 632 oriente
1896 579 1964 633 ad

386 669 759 724 occidentem.
779 666 920 720 Deus
937 677 1114 720 noster
1128 678 1291 721 etnon
1313 669 1509 723 silebit.
1525 669 1642 723 Non
1663 671 1802 724 sicut
1816 684 1962 736 ante,

404 762 608 831 inquit,
641 761 856 822 silebat,
893 769 949 812 et
989 759 1124 812 nihil
1172 761 1366 830 agebat
1407 772 1593 815 contra
1641 763 1857 830 impios,
1891 762 1964 814 ita

399 861 531 906 tunc
555 851 676 906 erit.
699 849 844 918 Ignis
876 851 930 900 in
951 861 1226 918 conspectu
1261 851 1371 920 ejus
1388 851 1706 905 exardescet.
1724 851 1886 921 Ignis,
1909 861 1968 905 ut

398 955 618 1014 propter
648 943 977 1012 impietatem
1009 954 1276 998 merentes
1321 943 1496 997 tradat
1529 943 1965 998 comburendos:

399 1035 576 1090 simile
591 1044 768 1090 autem
787 1036 917 1089 illud
951 1059 964 1093 :
992 1039 1346 1104 Iit-conspectu
1365 1035 1510 1088 illius
1541 1034 1840 1089 solvebatur
1862 1037 1970 1104 ﬂu-

389 1127 511 1182 ‘oius
540 1129 745 1198 igneus.
772 1129 897 1185 Haec
919 1132 1037 1202 ipsa
1079 1130 1346 1185 mirabilia
1379 1144 1510 1183 sane
1531 1129 1663 1182 vidit
1695 1127 1883 1183 Daniel
1901 1129 1968 1185 “.

402 1217 625 1273 Flavius
654 1221 825 1288 enim,
860 1223 1058 1292 inquit,
1087 1224 1226 1291 ignis
1257 1221 1560 1275 solvebatur
1583 1222 1637 1273 in
1686 1230 1970 1290 conspeetu

400 1308 547 1378 ejus:
582 1310 798 1364 thronus
835 1313 950 1381 ejus
979 1314 1201 1382 ﬂamma
1229 1312 1384 1382 ignis,
1411 1321 1542 1364 rota:
1562 1311 1673 1378 eius
1704 1311 1838 1381 ignis
1872 1327 1968 1363 ae-

407 1414 616 1452 census.
649 1397 795 1470 Ignis
821 1412 1024 1468 autent,
1069 1411 1163 1455 ant
1195 1402 1378 1454 lumen
1430 1415 1496 1454 ex
1536 1414 1602 1454 eo
1634 1415 1863 1454 manans
1892 1399 1972 1453 si-

401 1489 661 1558 gniﬁcat;
695 1505 822 1544 nam
845 1492 1055 1547 Christi
1084 1492 1446 1562 cognitionem
1481 1491 1739 1560 praecedit
1786 1492 1971 1546 lumen

409 1579 724 1648 spirituale,
781 1581 939 1651 cujus
998 1584 1169 1651 ligttra
1236 1591 1319 1636 est
1362 1581 1615 1636 columna
1660 1580 1800 1650 ignis
1843 1595 1966 1649 qua:

400 1667 654 1724 lsraelem
684 1683 840 1727 nocte
875 1673 1141 1741 ducebat;
1170 1682 1266 1727 aut
1301 1673 1504 1728 indicat
1528 1687 1630 1727 nos
1658 1673 1808 1726 omni
1838 1687 1963 1741 pec-

400 1767 643 1813 catorum
686 1776 887 1831 genere
930 1761 1156 1833 frigidos
1195 1778 1226 1817 a
1275 1760 1558 1816 Salvatore
1589 1777 1852 1817 accensos
1889 1762 1959 1816 ad

401 1851 642 1906 studium
672 1853 856 1908 omnis
881 1854 1032 1930 boni.
1067 1854 1211 1925 Ignis
1241 1869 1370 1909 vero
1393 1854 1486 1909 ille
1517 1869 1615 1908 ceu
1639 1855 1966 1923 spiritualis,

401 1943 576 1997 sancti
625 1941 862 2012 Spiritus
896 1945 1368 2014 participationem
1400 1944 1630 2000 inducit.
1667 1944 1757 1998 Ait
1807 1945 1954 2000 enim

401 2029 496 2086 ille
537 2051 552 2087 :
590 2035 772 2103 Ignem
823 2036 938 2088 veni
968 2037 1175 2089 mittere
1223 2035 1274 2089 in
1333 2045 1527 2088 terram
1563 2035 1630 2088 ⁸⁷.
1686 2033 1968 2104 Siquidem

403 2123 600 2192 spiritu
632 2125 878 2179 viventes
901 2125 1077 2179 eﬂ‘ecli
1127 2141 1317 2179 sumus
1351 2131 1628 2194 quotquot
1657 2125 1752 2179 tali
1793 2127 1966 2195 gratia

401 2214 608 2284 dignati
643 2231 854 2270 sumus.
883 2215 1250 2282 Quamobrem
1294 2218 1345 2269 in
1373 2216 1522 2270 omni
1575 2216 1820 2288 Spiritus
1843 2233 1968 2287 gra-

401 2306 475 2359 tia
505 2307 646 2376 ignis
677 2307 1049 2363 manifestatio
1102 2325 1209 2362 una
1246 2309 1565 2375 inducitur;
1626 2309 1969 2378 baptizamur

397 2399 545 2452 enim
577 2400 631 2453 in
661 2399 883 2455 Christo
910 2402 1213 2456 secundum
1239 2399 1471 2454 Joannis
1511 2417 1699 2454 vocem
1751 2403 1804 2454 in
1848 2391 1970 2472 Spi-

399 2490 511 2542 ritu
543 2499 736 2544 sancto
795 2500 849 2545 et
905 2491 1051 2560 igne.
1101 2490 1192 2543 Ait
1236 2491 1361 2542 item
1416 2491 1800 2559 prophetarum
1849 2494 1970 2561 qui-

399 2580 528 2634 dam
553 2581 627 2635 “z
674 2580 795 2649 Ipse
826 2582 1093 2651 egreditur
1114 2582 1266 2650 quasi
1296 2583 1432 2649 ignis
1459 2583 1695 2650 con/lens
1741 2595 1790 2637 et
1815 2584 1970 2652 quasi

399 2673 562 2726 lterba
611 2672 912 2740 fullonum:
962 2684 1010 2726 et
1055 2673 1330 2726 descendet
1384 2675 1619 2742 conﬂans
1649 2683 1698 2728 et
1741 2692 1970 2746 purgans

398 2779 496 2816 ceu
529 2779 719 2816 aurum
766 2773 815 2816 et
851 2775 1147 2834 argentum.
1173 2767 1402 2821 Omnem
1447 2769 1648 2839 quippe
1699 2771 1969 2825 maculam

404 2855 458 2908 in
490 2855 647 2908 nobis
673 2855 928 2911 tabefacit
963 2857 1202 2928 Spiritus
1241 2861 1416 2914 sancti
1458 2863 1657 2916 virtus.
1685 2860 1794 2916 Sed
1828 2863 1963 2917 nihil

2144 392 2208 443 ’Θ
2243 391 2385 455 Θεὸς
2403 390 2680 458 ἐμφανῶς
2705 390 2856 457 ἥξει.
2892 391 2967 442 υύ
2993 391 3100 459 γὰρ
3153 389 3294 443 κατά
3320 389 3416 460 τὴν
3444 390 3698 460 προτέ-

2065 500 2163 554 ραν
2193 482 2492 553 παρουσίαν
2520 481 2838 554 λεληθότως·
2866 482 2978 536 ἀλλ’
3011 483 3086 545 ὡς
3127 483 3287 544 αὑτός
3321 499 3520 552 φησιν,
3585 480 3697 544 ὡς

2064 575 2318 646 ἀστραπὴ
2363 574 2642 647 πληροῦσα
2690 576 2798 630 ἀπὸ
2841 575 3113 628 ἀνατολῶν
3146 573 3250 636 ἓως
3303 574 3563 643 δυσμῶν.
3611 574 3696 625 '0

2069 671 2212 736 Θεὸς
2257 670 2424 738 ἡμῶν
2457 670 2554 722 καὶ
2607 671 2678 723 οὐ
2724 668 3268 737 παρασιωπήσεται.
3298 666 3409 734 Ούχ
3453 664 3691 736 ὥσπερ

2067 763 2126 816 τὸ
2149 762 2430 833 πρότερον,
2461 763 2644 832 φησιν,
2673 761 2882 814 ἐσιώπα
2920 764 3030 824 τοῖς
3052 759 3325 824 ἀσεϐέσιν,
3357 758 3506 811 οῦτω
3559 757 3689 810 καὶ

2066 854 2210 906 τότε.
2239 853 2363 920 Πῦρ
2391 853 2646 906 ἐνώπιον
2699 854 2886 907 αὑτοῦ
2938 853 3323 918 καυθήσεται.
3355 851 3502 920 Πῦρ,
3570 851 3688 904 ἵνα

2067 947 2192 1007 τοὺς
2217 944 2395 1008 ἀξίους
2413 944 2502 997 διὰ
2519 945 2617 1017 τὴν
2649 946 2900 998 ἀσέϐειαν
2927 945 3103 999 αὐτῶν
3143 943 3388 1016 παραδῷ.
3415 938 3686 1014 ’Όμοιοὶρ

2069 1035 2126 1088 δὲ
2157 1035 2238 1095 τὸ,
2293 1038 2672 1104 Ἐμπροσθεν
2701 1037 2886 1090 αὐτοῦ
2913 1031 3076 1091 εἷλκε
3125 1036 3388 1106 ποταμὸς
3427 1037 3678 1104 πυρός»

2069 1127 2280 1200 Σφόδρα
2305 1127 2474 1180 ταῦτα
2501 1129 2592 1181 καί⁵
2624 1131 2651 1181 6
2677 1131 2942 1200 μακάριος
2980 1130 3238 1183 ἐθεάσατο
3279 1128 3501 1198 Δανιὴλ.
3539 1132 3683 1181 Πο-

2069 1219 2253 1288 ταμὸς
2273 1220 2399 1293 γὰρ,
2445 1222 2598 1292 φησι,
2634 1222 2822 1289 πυρὸς
2849 1217 3050 1276 εἷλκεν
3078 1225 3414 1290 ἔμπροσθεν
3432 1221 3677 1274 αὐτοῦ·-

2071 1313 2104 1366 si
2129 1313 2338 1380 θρόνος
2362 1313 2547 1368 αὑτοῦ
2576 1313 2733 1382 φλὸξ
2761 1315 2968 1382 πυρός·
3005 1317 3060 1367 οἱ
3092 1315 3290 1384 τροχοὶ
3317 1313 3506 1367 αὐτοῦ
3529 1314 3678 1380 πῦρ

2070 1402 2318 1474 φλέγον.
2376 1404 2679 1476 (Corderius
2729 1407 2852 1475 sic.)
2881 1407 2953 1458 Τὸ
3001 1407 3058 1459 δὲ
3105 1407 3214 1478 πῦρ
3255 1406 3373 1476 ῆτδ
3400 1405 3518 1474 φῶς
3555 1422 3674 1474 σηι

2075 1497 2260 1566 μαίνει
2292 1496 2352 1550 τὸ
2373 1497 2431 1564 ἐξ
2457 1489 2643 1550 αὐτοῦ·
2669 1499 2766 1568 τῆς
2792 1498 2900 1569 γὰρ
2931 1497 3181 1566 γνώσεως
3201 1497 3293 1550 τοῦ
3322 1497 3565 1570 Χριστοῦ
3590 1497 3672 1550 τὸ

2072 1587 2160 1640 διὰ
2192 1590 2424 1653 πίστεως
2470 1592 2680 1660 ἡγεῖται
2733 1589 2849 1659 φῶς
2897 1585 3104 1660 νοητὸν,
3161 1582 3222 1642 οὗ
3277 1589 3444 1652 τύπος
3494 1587 3666 1642 δτοῦ

2079 1680 2291 1753 Ἰσραὴλ
2314 1683 2372 1736 ὲν
2400 1682 2554 1736 νυκτὶ
2581 1681 3031 1753 καθηγησάμενος
3060 1681 3251 1745 στῦλος
3276 1682 3466 1752 πυρός·
3493 1682 3528 1752 ἢ
3565 1683 3665 1735 ὅτι

2067 1774 2192 1836 τοὺς
2218 1772 2634 1842 ἀπεψυγμένους
2666 1774 2812 1844 ἡμᾶς
2860 1774 2938 1836 είς
2971 1773 3186 1826 ἃπασαν
3229 1771 3502 1841 ἁμαρτίαν
3550 1772 3663 1823 ἀνι

2067 1864 2418 1936 εζωπύρησεν
2452 1868 2481 1918 6
2512 1865 2700 1936 Σωτὴρ
2737 1867 2818 1928 είς
2846 1865 3151 1935 προθυμίαν
3177 1864 3376 1926 παντὸς
3411 1863 3663 1932 ἀγαθοῦο

2067 1957 2178 2027 πῦρ
2197 1956 2390 2028 ὥσπερ
2411 1956 2600 2026 νοητὸν
2626 1957 2722 2027 τὴν
2768 1955 2860 2008 τοῦ
2895 1957 3052 2023 ἁγίου
3081 1955 3220 2009 Πνεύ
3232 1970 3397 2024 ματος
3426 1953 3662 2023 μέθεξιν

2067 2046 2337 2118 ἐμϐαλών.
2374 2049 2515 2117 Ἔφη
2544 2047 2673 2115 γοῦν
2705 2048 2786 2100 ὅτι
2810 2065 2824 2078 ο
2879 2048 3006 2115 Πῦρ
3045 2044 3235 2123 ἦλθον
3278 2045 3504 2110 βαλεῖν
3543 2047 3658 2098 ἐπὶ

2066 2136 2181 2204 τὴν
2211 2137 2343 2205 γῆν*
2378 2137 2679 2208 γεγόναμεν
2701 2139 2809 2210 γὰρ
2849 2137 2927 2208 τῷ
2957 2137 3225 2209 πνεύματι
3278 2137 3500 2203 ζῶντες,
3528 2140 3662 2194 ὅσοι

2067 2228 2168 2298 τῆς
2191 2229 2443 2301 τοιαύτης
2473 2229 2749 2300 ἡξιώμεθα
2802 2231 3038 2302 χάριτος.
3085 2231 3174 2284 Διὸ
3221 2232 3313 2284 καὶ
3364 2233 3420 2283 ἐν
3456 2234 3520 2301 τῇ
3553 2232 3658 2284 τοῦ

2069 2311 2222 2386 ἁγίου
2250 2320 2561 2390 Πνεύματος
2603 2323 2784 2393 χάριτι
2813 2324 2982 2394 πυρὸς
3040 2324 3269 2394 δήλωσις
3302 2323 3658 2395 συνεισφέρε-

2067 2428 2177 2465 cur
2215 2413 2585 2485 βαπτιζόμεθα
2620 2413 2728 2485 γὰρ
2759 2417 2815 2467 ὲν
2841 2415 3059 2486 Χριστῷ
3097 2415 3238 2468 κατά
3263 2417 3362 2487 τὴν
3398 2416 3656 2469 Ἰωάννου

2071 2505 2253 2574 φωνὴν
2280 2507 2336 2558 ὲν
2364 2504 2642 2576 Πνεύματι
2666 2507 2803 2577 ἁγίῳ
2837 2507 2931 2559 καὶ
2967 2507 3118 2578 πυρί.
3156 2509 3298 2577 Ἔφη
3330 2507 3386 2560 δέ
3435 2525 3516 2571 τις
3546 2509 3652 2561 καὶ

2068 2594 2176 2648 τῶν
2205 2598 2498 2667 προφητῶν
2526 2614 2540 2627 ⁸
2590 2599 2672 2651 ὅτι
2727 2598 2920 2665 Αὐτὸς
2953 2600 3333 2666 ἐκπορεύεται
3391 2601 3470 2666 ὡς
3525 2600 3656 2667 πῦρ

2071 2686 2496 2753 χωνευτηρίου,
2529 2687 2626 2740 καὶ
2655 2688 2736 2752 ὡς
2778 2689 2898 2740 πόα
2953 2689 3327 2743 πλυνόντωνο
3376 2688 3472 2742 καὶ
3504 2691 3654 2742 καθ-

2072 2775 2239 2831 ιεῐται
2287 2779 2566 2847 χωνεύων
2606 2780 2705 2832 καὶ
2754 2777 3077 2846 καθαρίζων
3117 2781 3195 2846 ὡς
3246 2781 3313 2833 τὸ
3365 2783 3651 2850 ἀργύριον

2071 2870 2171 2922 καὶ
2222 2871 2496 2938 χρυσίον.
2563 2871 2813 2942 Ἐκτὴκει
2840 2872 2948 2943 γὰρ
2995 2871 3208 2925 ἅπαντα
3235 2873 3400 2942 ῥύπον
3429 2874 3486 2924 ὲν
3513 2873 3652 2942 ἡμῖν

402 2944 607 3014 profuit
640 2945 935 3019 Synagogaz
960 2949 1293 3018 Judseorum,
1326 2953 1454 3022 quia
1483 2954 1710 3024 gratiam
1737 2970 1846 3008 non
1871 2957 1967 3009 ad-

2077 2962 2125 3032 ή³
2153 2979 2246 3014 του
2282 2962 2439 3031 ἁγίου
2483 2963 2799 3033 Πνεύματος
2827 2965 3071 3035 δύναμις.
3130 2964 3267 3016 Ἀλλ’
3295 2965 3443 3017 οὐδὲν
3469 2964 3648 3035 ὢνησε

406 3039 694 3106 miserunt,
727 3040 794 3094 de
815 3043 1016 3110 quibus
1046 3043 1189 3112 apud
1221 3042 1509 3098 Jeremiam
1541 3046 1676 3100 dicit
1699 3046 1838 3100 Deus
1874 3048 1917 3079 ⁸⁸
1952 3069 1965 3102 :

407 3129 608 3198 Defecit
661 3133 922 3200 con/lator
961 3135 1025 3186 ab
1055 3135 1190 3203 igne,
1223 3135 1414 3205 defecit
1449 3136 1741 3206 plumbum.
1783 3138 1848 3192 In
1877 3157 1968 3193 va-

410 3236 535 3273 num
593 3225 926 3292 argentarius
961 3236 1238 3295 argentum
1275 3227 1490 3296 signat:
1522 3229 1746 3284 malitiae
1789 3247 1970 3284 eorum

409 3324 511 3363 non
547 3309 824 3380 tabefacta:
856 3322 1000 3369 sunt.

472 3514 529 3568 4.
563 3513 847 3568 Αάυοεαὺὶι
877 3516 1064 3569 caelum
1093 3517 1390 3576 desursum.
1423 3519 1562 3575 Olim
1596 3522 1691 3592 qui
1735 3523 1788 3576 in
1821 3531 1967 3579 terra

401 3603 668 3675 degebant
695 3615 876 3674 partes
911 3609 1153 3678 vulpium
1200 3623 1377 3678 erant,
1409 3623 1470 3667 ut
1517 3614 1571 3668 in
1604 3613 1832 3669 Psalmis
1880 3616 1968 3670 di-

404 3705 552 3750 ctum
575 3706 658 3752 est
684 3699 752 3760 ⁸ο,
813 3699 1059 3768 impuros
1091 3702 1332 3758 colentes
1387 3705 1630 3774 spiritus,
1675 3717 1729 3761 et
1768 3708 1822 3760 in
1856 3708 1970 3762 sin-

405 3787 546 3856 gulis
571 3787 706 3846 locis
735 3789 903 3844 Deum
939 3793 1316 3849 exiStimantes
1344 3811 1463 3851 esse
1519 3798 1570 3852 id
1613 3799 1761 3868 quod
1798 3816 1970 3870 appa-

407 3877 578 3932 rebat.
611 3878 717 3932 Sed
739 3881 830 3933 ubi
854 3883 1104 3951 apparuit
1131 3882 1404 3952 Salvator,
1437 3888 1732 3944 illustravit
1763 3907 1862 3946 nos
1886 3907 1972 3946 ve-

409 3981 470 4020 ra
499 3964 590 4020 Dei
642 3968 973 4035 cognitionis
1030 3970 1173 4038 luce,
1236 3975 1456 4028 reduxit
1488 3979 1632 4046 quod
1671 3990 1968 4043 erraverat.

405 4056 666 4126 obligavit
697 4059 842 4127 quod
871 4061 1283 4129 inﬁrmabatur;
1314 4075 1500 4135 utpote
1550 4077 1736 4138 pastor
1767 4071 1966 4137 bonus,

406 4144 551 4200 feras
584 4148 792 4217 expulit
840 4150 910 4204 ab
935 4153 1063 4206 ovili
1097 4155 1319 4221 ovium;
1361 4158 1723 4214 sanctiﬁcavit
1753 4160 1968 4231 spiritu,

407 4237 640 4291 munivit
669 4237 963 4295 virtutibus
986 4244 1269 4312 angelicis,
1319 4247 1607 4302 constituit
1650 4265 1841 4306 omnes
1874 4253 1968 4321 qui

409 4327 468 4383 in
524 4340 667 4385 terra
727 4328 878 4384 fuere
934 4345 1154 4391 sanctos
1197 4338 1578 4408 mysteriorum
1641 4341 1968 4398 initiatores.

409 4417 709 4474 Advocabit
735 4421 920 4492 igitur,
954 4425 1152 4494 inquit,
1177 4427 1399 4497 angelos
1427 4428 1519 4498 qui
1543 4429 1597 4483 in
1641 4432 1796 4487 ctelis
1819 4443 1969 4499 sunt,

407 4517 462 4562 et
481 4523 576 4564 eos
603 4512 696 4580 qui
731 4513 785 4566 in
820 4523 963 4569 terra
995 4525 1062 4571 ad
1093 4519 1456 4586 apostolatutn
1509 4521 1686 4576 allecti
1728 4533 1878 4588 sunt,
1909 4533 1970 4579 ut

408 4599 721 4655 discernunt
752 4605 1007 4672 populum
1038 4607 1231 4677 ipsius.
1269 4608 1401 4665 Nam
1443 4613 1675 4680 apostoli
1704 4628 1800 4670 eos
1841 4615 1966 4684 qui-

406 4690 530 4744 dem
557 4691 652 4760 qui
695 4694 1162 4765 obtemperarunt,
1207 4699 1318 4756 Deo
1381 4704 1648 4768 obtulere,
1714 4705 1964 4761 intideles

418 4789 597 4834 autem
627 4779 842 4837 Satanae
869 4789 1241 4852 transmisere,
1289 4801 1497 4846 tantum
1551 4810 1654 4849 non
1688 4796 1960 4850 dicentes:

408 4871 697 4925 Abscedite
727 4873 892 4942 igitur
921 4875 988 4929 ad
1018 4877 1192 4931 lucem
1229 4880 1370 4948 ignis
1401 4886 1587 4947 vestri,
1615 4893 1669 4938 et
1712 4886 1780 4939 ad
1810 4886 1966 4940 llam-

407 4979 549 5016 mam
575 4978 682 5033 qua
733 4965 1004 5022 combusti
1035 4969 1187 5024 estis.
1231 4969 1433 5025 Judzeis
1477 4974 1658 5043 itaque
1705 4992 1812 5031 non
1840 4993 1963 5031 cre—

406 5051 657 5109 dentibus
706 5055 859 5110 aiunt
893 5058 974 5111 “z
1021 5057 1176 5114 Vobis
1224 5063 1493 5130 oportebat
1541 5067 1768 5133 primum
1819 5069 1963 5137 loqui

405 5144 614 5197 verbum
641 5146 772 5202 Dei:
794 5150 884 5203 sed
916 5153 1163 5220 quoniam
1186 5153 1436 5222 repellitis
1467 5139 1619 5220 illud,
1647 5167 1695 5210 et
1722 5158 1965 5228 indignos

407 5251 494 5287 eos
515 5235 773 5303 iudicatis
811 5251 1020 5298 (sternte
1043 5246 1182 5310 vitm,
1211 5263 1327 5300 ecce
1364 5250 1718 5302 convertimur
1751 5249 1820 5301 ad
1843 5267 1967 5318 gen-

410 5334 503 5376 tes.
532 5323 686 5390 Quod
711 5338 893 5385 autem
925 5335 1308 5403 mysteriorum
1351 5337 1822 5407 dispensatoribus
1869 5354 1965 5393 eo-

409 5430 642 5485 rumque
672 5417 955 5490 discipulis
975 5427 1148 5495 angeli
1175 5428 1523 5494 auxilientur,
1559 5430 1799 5486 declarat
1827 5428 1971 5486 Pau-

481 5529 526 5609 δξ
555 5527 688 5584 Dan.
724 5533 941 5609 "1,50.
1047 5538 1089 5570 "
1124 5538 1253 5596 Luc.
1289 5561 1385 5609 χιι,
1416 5545 1502 5598 49.

415 5597 609 5671 "_Act.
641 5615 762 5666 xm,
793 5603 880 5660 46.

1611 5544 1656 5578 ⁸⁸
1687 5545 1914 5603 Malach.
1943 5561 2024 5615 ιιι,
2056 5545 2125 5612 2,
2161 5546 2214 5601 '5.

2073 3052 2170 3123 τὴν
2204 3052 2468 3106 Ἰουδαίων
2517 3055 2864 3126 Συναγωγὴν,
2916 3055 2996 3108 ὃτι
3042 3055 3115 3126 μὴ
3167 3054 3262 3125 τὴν
3288 3055 3442 3126 χάριν
3478 3071 3651 3126 προσ-

2073 3146 2297 3215 ήκαντο,
2347 3147 2473 3216 περὶ
2497 3140 2571 3198 ὧν
2604 3149 2661 3200 ὲν
2689 3149 2925 3219 Ἱερεμίᾳ
2941 3147 3102 3217 φησιν
3124 3149 3152 3200 6
3171 3146 3320 3209 Θεόςο
3352 3146 3647 3212 Ἑξέλειπε

2071 3236 2353 3306 φυσητὴρ
2410 3237 2528 3291 ἀπὸ
2579 3240 2807 3306 πυρὸς,
2859 3239 3132 3304 ἐξέλειπε
3175 3239 3472 3309 μόλιϐδος.
3538 3242 3648 3306 Εἰς

2072 3328 2254 3382 κενὸν
2287 3329 2694 3398 ἀργυροκόπος
2740 3330 3151 3400 ἁργυροκοπεῐ·
3211 3332 3486 3400 πονηρίαι
3537 3335 3645 3384 αὺ-

2072 3416 2192 3472 τῶν
2221 3421 2334 3472 οὐκ
2366 3419 2694 3487 ἐτάκησαν.

2141 3511 2624 3579 Προσκαλέσεται
2675 3512 2781 3565 τὸν
2825 3513 3246 3580 οὐρανὸνὰνω.
3297 3514 3640 3584 (ϐονάενὶιιε.)

2071 3598 2245 3652 Πάλαι
2281 3600 2379 3669 μὲν
2411 3602 2458 3652 οἱ
2493 3600 2586 3652 ἐπὶ
2613 3601 2718 3671 γῆς
2746 3601 2962 3670 μερίδες
3011 3597 3150 3671 ἦσαν
3199 3603 3513 3665 ἀλωπέκων,
3563 3604 3640 3666 ὼς

2071 3690 2129 3742 ὲν
2150 3691 2399 3760 Ψαλμοῖς
2428 3691 2529 3743 πού
2580 3708 2711 3761 φησι
2731 3731 2744 3756 ,
2787 3694 2899 3756 τοῖς
2939 3692 3265 3762 ἀκαθάρτοις
3294 3693 3638 3764 λατρεύοντες

2073 3782 2364 3853 πνεύμασι,
2390 3784 2484 3835 καὶ
2537 3783 2675 3835 κατά
2718 3784 2880 3836 τόπον
2925 3784 3152 3836 ἕκαστον
3182 3785 3313 3837 Θεὸν
3357 3784 3637 3854 ἡγούμενοι.

2071 3875 2132 3926 τὸ
2150 3875 2358 3928 δοκοῦν.
2401 3874 2538 3926 Ἀλλ’
2557 3876 2838 3943 ἐπιφανεὶς
2859 3876 2887 3928 6
2910 3875 3118 3946 Σωτὴρ,
3148 3874 3483 3946 ὲνήστραψεν
3509 3877 3634 3944 ἡμῖν

2070 3966 2169 4036 τῆς
2197 3965 2426 4036 ἀληθοῦς
2457 3967 2782 4034 θεογνωσίας
2836 3967 2896 4019 τὸ
2942 3967 3076 4035 φῶς,
3134 3967 3430 4036 ἐπέστρεψε
3458 3966 3515 4018 τὸ
3543 3983 3635 4017 πε-

2073 4056 2433 4127 πλανημένον,
2473 4059 2736 4130 κατέδησε
2783 4060 2844 4112 τὸ
2898 4059 3278 4131 ὴρρωστηκὸς,
3332 4059 3408 4120 ὡς
3441 4059 3633 4128 ποιμὴν

2071 4148 2292 4216 ἀγαθὸς,
2343 4149 2647 4220 ἀπεσόὸησε
2696 4151 2821 4213 τοὺς
2849 4150 3024 4222 θῆρας
3077 4152 3175 4220 τῆς
3225 4149 3333 4202 τῶν
3358 4148 3634 4221 προῦἀτων

2073 4237 2260 4310 αὐλῆς·
2293 4239 2485 4310 ἡγίασε
2509 4241 2799 4311 πνεύματι,
2830 4241 3162 4310 ἠσφαλίσατο
3205 4241 3488 4310 δυνάμεσιν
3541 4241 3634 4308 ἀγ-

2072 4331 2334 4400 γελικαῖς,
2365 4332 2630 4404 ἐπέστησε
2666 4336 2790 4397 τοὺς
2811 4333 2913 4388 ἀνά
2948 4336 3126 4388 πᾶσαν
3172 4334 3270 4404 τὴν
3294 4335 3397 4403 γῆν
3455 4332 3630 4398 ἁγίους

2074 4423 2482 4493 μυσταγωγοὺς.
2516 4426 2949 4496 Προσκαλέσεται
2992 4427 3190 4486 τοίνυν,
3225 4425 3377 4494 φησὶ,
3433 4425 3548 4486 τοὺς
3574 4427 3629 4476 ἐν

2069 4513 2318 4583 οὐρανοῖς
2344 4513 2627 4582 ἀγγέλους,
2683 4517 2776 4569 καὶ
2824 4516 2949 4578 τοὺς
2992 4515 3397 4584 ἐξειλεγμένους
3466 4516 3518 4566 ὲν
3557 4519 3623 4585 γῇ

2069 4603 2208 4676 πρὸς
2237 4605 2561 4674 ἀποστολὴν,
2587 4604 2725 4658 ὥστε
2767 4605 2858 4657 τὸν
2906 4604 3030 4656 λαὸν
3059 4603 3220 4656 αὐτοῦ
3242 4604 3519 4675 διακρῖναι.
3567 4607 3627 4656 (li

2068 4696 2176 4766 γάρ
2213 4696 2495 4748 ἀπόστολοι
2530 4697 2653 4758 τοὺς
2706 4695 2804 4766 μὲν
2855 4694 3205 4764 πειθομένους
3264 4699 3626 4766 προσήνεγκαν

2070 4785 2148 4854 τῷ
2179 4785 2315 4854 Θεῷ,
2373 4785 2730 4846 ἀπιστοῦντας
2783 4785 2840 4837 δὲ
2871 4785 2946 4855 τῷ
2994 4787 3201 4856 Σατανᾷ
3258 4785 3624 4856 παρέπεμψαν,

2075 4877 2352 4946 μονονουχὶ
2392 4877 2658 4944 λέγοντες⁵
2711 4876 3011 4947 Πορεύεσθε
3039 4873 3153 4942 οὖν,
3213 4879 3365 4948 φησι,
3397 4877 3469 4947 τῷ
3497 4879 3623 4946 φωτὶ

2071 4967 2162 5020 τοῦ
2192 4969 2360 5040 πυρὸς
2393 4967 2544 5038 ὑμῶν
2593 4969 2688 5021 καὶ
2741 4972 2807 5040 τῇ
2842 4969 3000 5037 φλογὶ
3138 4969 3478 5033 ὲξεκαύσατε.
3510 4971 3623 5032 Τοῖς

2070 5059 2198 5128 γοῦν
2225 5060 2493 5122 Ἰουδαίοις
2515 5059 2801 5112 ἀπιστοῦσι
2823 5077 3002 5129 φασιν
3034 5061 3200 5131 Ὑμῖν
3219 5057 3297 5130 ἦν
3315 5060 3624 5129 ἀναγκαῖον

2073 5151 2306 5220 πρῶτον
2351 5151 2620 5219 λαλῆσαι
2668 5152 2774 5206 τὸν
2826 5156 3012 5223 λόγον
3055 5154 3162 5208 τοῦ
3206 5153 3374 5206 Θεοῦο
3433 5153 3618 5220 ἐπειδὴ

2074 5240 2143 5293 δὲ
2184 5239 2510 5295 ἀπωθεῖσθε
2547 5239 2753 5305 αὐτὸν,
2780 5241 2877 5293 καὶ
2923 5241 3212 5305 ἀναξίους
3240 5239 3484 5304 ἑαυτοὺς
3507 5241 3619 5307 κρί-

2074 5348 2208 5386 νετε
2254 5330 2362 5397 τῆς
2388 5331 2627 5385 αἰωνίου
2657 5329 2826 5399 ζωῆς,
2871 5332 2998 5385 ὶὸοὺ
3029 5333 3398 5402 στρεφόμεθα
3434 5334 3510 5395 εἰς
3554 5331 3620 5384 τὰ

2075 5428 2240 5495 ἔθνη.
2269 5426 2392 5479 Ὅτι
2437 5424 2495 5477 δὲ
2541 5427 2654 5489 τοῖς
2708 5426 3124 5495 μυσταγωγοῦσι
3178 5421 3410 5488 καὶτοῖς
3459 5423 3617 5476 αὐτῶν

2321 5543 2364 5578 ⁸⁸
2390 5542 2590 5598 Jeretn.
2643 5557 2715 5609 vt,
2743 5540 2832 5606 28,
2870 5539 2959 5594 29.
3001 5600 3027 5611 _
3066 5541 3112 5573 ⁸ο
3143 5537 3286 5594 Psal.
3343 5553 3474 5602 an,
3535 5537 3613 5592 ll.
