3786 6278
173 199 277 253 53

171 404 410 466 Παῦλος·
457 407 550 457 Οὐ
554 402 625 472 χι
650 403 877 469 πάντες
905 403 1024 457 εἰσὶ
1057 406 1430 474 λειτουργικὰ
1453 407 1776 474 πνεύματα,

165 499 253 560 εἰς
281 495 627 547 διακονίαν
652 495 1148 563 ἀποστελλόμενα
1161 495 1257 548 διὰ
1282 494 1422 562 τοὺς
1442 495 1780 565 μέλλοντας

168 586 596 654 ιιηρονομεῑν
636 588 974 654 σωτηρίανς
1025 586 1193 640 Τοῦτο
1226 588 1320 640 καὶ
1359 589 1391 658 ἡ
1423 588 1622 658 κλίμαξ
1653 589 1778 660 ἐδή-

169 678 366 737 λωσεν,
396 677 476 746 ἢν
512 671 665 728 εἶδεν
711 674 903 728 Ἰακὼὸ
962 675 1062 746 τὴν
1104 677 1168 728 ὲκ
1224 676 1327 745 γῆς
1379 676 1666 748 διήκουσαν
1699 679 1778 741 εἰς

168 769 260 820 τᾶν
292 768 568 838 οὐρανὸν,
607 769 692 836 ἐφ’
738 762 805 838 ἧς
849 769 1212 838 ὲπεστήρικτο
1242 767 1464 838 Κύριος,
1493 769 1604 822 ἄνω
1630 769 1778 824 κάτω

169 858 509 911 διαθεόντων
563 857 835 925 ἀγγέλων.
873 856 1122 910 Τοιοῦτον
1149 858 1243 910 καὶ
1269 858 1330 910 τό
1352 875 1366 888 ·
1410 859 1785 927 Παρεμόαλεῒ

159 952 389 1018 Κύριος
423 951 654 1014 κύκλῳ
681 949 797 1003 τῶν
813 950 1200 1020 φοϐουμένων
1239 951 1442 1012 αὐτὸν.
1477 952 1574 1004 καὶ
1593 953 1778 1019 ῥύσε-

173 1059 260 1094 ται
283 1042 558 1105 αὐτούς’
600 1039 667 1092 δι’
701 1033 774 1094 ὦν
804 1035 898 1094 οὖν
928 1041 1337 1112 συμπράττουσι
1358 1041 1452 1094 καὶ
1477 1041 1630 1095 αὐτοὶ
1660 1042 1776 1095 δια·-

169 1132 423 1202 ιρξνουσι
451 1131 553 1183 τὸν
596 1129 744 1184 λαόν.

231 1225 759 1291 Προσωλέσεται
778 1223 884 1276 τὸν
914 1221 1175 1290 οὐρανὸν
1193 1221 1330 1300 ἅνω.
1353 1223 1491 1287 Τοὺς
1515 1224 1773 1291 δικαίους,

167 1316 318 1384 φησὶ,
341 1315 484 1377 τοὺς
522 1314 782 1386 οὐράνιον
807 1313 1079 1366 πολιτείαν
1107 1313 1536 1385 ἐπιτηδεύοντας,
1563 1317 1776 1382 συνάξει

166 1411 244 1470 εἰς
266 1408 374 1470 τὰς
413 1407 541 1460 ἂνω
581 1406 770 1476 μονάς.
798 1405 908 1460 Kal
941 1405 1056 1471 τὴν
1084 1404 1198 1475 γῆν
1225 1405 1329 1460 τοῦ
1359 1405 1650 1476 διακρῖναι
1669 1408 1778 1462 τὸν

167 1500 316 1551 λαὸν
380 1498 614 1552 αὑτοῦ.
667 1499 805 1561 Τοὺς
867 1497 1222 1569 ἁμαρτωλούς
1255 1514 1386 1568 φησι
1423 1499 1517 1552 καὶ
1569 1500 1776 1565 πάντας

167 1593 284 1654 est;
313 1591 422 1642 ἐπὶ
444 1591 558 1660 τῆς
587 1590 693 1661 γῆς
723 1589 969 1656 συνάξαι,
1026 1591 1118 1644 ἐπὶ
1163 1590 1224 1643 τὸ
1247 1589 1476 1665 χωρίσαι
1520 1592 1646 1655 τοὺς
1699 1592 1777 1646 δι-

168 1683 353 1746 καίους
389 1681 511 1734 τῶν
551 1683 628 1751 μὴ
667 1680 941 1734 τοιούτων.

230 1770 640 1840 Συναγάγετε
669 1769 829 1836 αὑτῷ
857 1771 998 1837 τοὺς
1021 1771 1230 1839 ὁσίους
1271 1772 1480 1828 αὐτοῦ.
1521 1774 1604 1837 Ὠς
1637 1775 1772 1846 πρὸς

166 1866 288 1924 τοὺς
320 1862 615 1931 ἀγγέλους
641 1860 670 1911 6
702 1861 878 1930 λόγος,
928 1863 1068 1916 κατὰ
1101 1863 1160 1916 τὸ
1211 1864 1498 1936 εἰρημένον
1541 1867 1645 1919 ὑπὸ
1678 1866 1772 1920 τοῦ

167 1959 403 2028 Rapio-4°
481 1957 602 2010 Kal
661 1956 992 2010 ἀποστελεῖ
1040 1957 1181 2023 τοὺς
1226 1957 1519 2028 ἀγγέλους
1563 1960 1771 2021 αὐτοῦ.

165 2054 258 2106 καὶ
286 2051 662 2115 συνάξουσι
699 2049 840 2115 τοὺς
869 2050 1138 2118 δικαίους
1185 2052 1254 2105 ἐκ
1313 2050 1430 2112 τῶν
1464 2051 1775 2122 τεσσάρων

164 2145 414 2212 ἀνέμων
447 2141 569 2209 τῆς
611 2140 749 2210 γῆςδ
808 2141 949 2208 τοὺς
997 2141 1382 2212 διαθεμένους
1425 2143 1540 2212 τὴν
1569 2144 1773 2212 διαθή-

165 2253 282 2302 κην
332 2232 545 2288 αὑτοῦ
601 2233 701 2287 ἐπὶ
743 2235 979 2301 θυσίας.
1019 2233 1220 2298 Θυσίας
1274 2234 1373 2299 τὰς
1399 2236 1773 2306 πνευματικὰς

166 2328 342 2395 λέγει.

229 2420 352 2473 Καὶ
377 2418 850 2488 ἁναγτελοῦσιν
881 2420 936 2472 οἱ
963 2418 1208 2487 οὐρανοὶ
1229 2418 1345 2486 τὴν
1379 2418 1775 2487 δικαιοσύνην

164 2513 379 2566 αὑτοῦ.
401 2512 736 2576 Δοξάσουσι,
773 2511 958 2582 φησὶν,
981 2512 1031 2564 οἱ
1058 2511 1278 2580 οὐρανοὶ
1309 2510 1399 2564 τὸν
1428 2510 1578 2573 Θεὸν,
1609 2511 1690 2564 ὅτι
1708 2509 1772 2582 δὴ

166 2607 257 2657 zz".
335 2603 679 2674 ἀνθρώπους
738 2602 848 2655 τῶν
906 2603 1170 2673 οὐρανίων
1217 2601 1506 2672 διατριϐῶν
1551 2601 1769 2672 ἠξίωσε.

167 2696 542 2758 (Corderius.)
578 2694 836 2747 Βούλεται
857 2693 983 2756 τοὺς
1016 2691 1194 2755 ὁσίους
1216 2691 1310 2744 τοῦ
1354 2691 1617 2762 πρότερον
1645 2692 1772 2746 λαοῦ

167 2788 274 2856 πρὸ
329 2787 435 2856 τῆς
472 2784 779 2855 μελλούσης
817 2783 1051 2855 κρίσεως
1075 2780 1280 2835 παῦσαι
1329 2783 1429 2846 τῆς
1453 2783 1645 2848 θυσίας
1675 2784 1775 2853 τῆς

163 2881 251 2932 διὰ
285 2879 403 2930 τῶν
432 2878 658 2946 ἀλόγων
691 2877 844 2941 ζώων
889 2876 1122 2947 σφαγῆς,
1173 2875 1460 2930 ἀναλαϐεῖν
1494 2876 1594 2946 τὴν
1654 2877 1772 2930 κατ’

165 2970 494 3038 ἐπιστήμην
521 2967 620 3020 καὶ
647 2965 868 3034 γνῶσιν.
919 2966 1040 3018 Ἐπὶ
1095 2965 1153 3017 δὲ
1192 2965 1400 3028 τούτοις
1445 2964 1537 3018 τὸν
1583 2965 1776 3036 κριτὴν

167 3063 222 3114 αἱ
258 3062 526 3132 οὐράνιαι
552 3058 814 3128 δυνάμεις
843 3056 1188 3127 ἀιιυμνοῦσιν,
1213 3057 1295 3110 ὅτι
1346 3056 1454 3109 ἀπὸ
1477 3056 1586 3110 τῶν
1612 3057 1775 3110 ὁσίων

169 3150 629 3222 κατήρξατο,κα“ι
642 3150 692 3201 οἱ
717 3149 935 3219 οὐρανοὶ
967 3148 1338 3216 διαγγέλλουσι
1371 3147 1468 3220 τὴν
1504 3147 1776 3202 δικαιοσύ-

169 3261 268 3312 νην
293 3241 494 3303 αὑτοῦ,
543 3239 930 3310 συγχαίροντες
969 3237 1148 3292 αὐτῶν
1189 3241 1254 3310 τῇ
1297 3238 1558 3310 σωτηρίᾳ.
1608 3239 1682 3292 Τὸ
1715 3237 1774 3292 δὲ

169 3336 268 3406 τῆς
302 3335 417 3403 γῆς
477 3331 800 3401 οἰκητήριον
833 3327 910 3398 τῷ
973 3330 1046 3400 μὴ
1099 3330 1196 3399 τῆς
1247 3328 1500 3398 οὐρανίου
1531 3328 1774 3400 κλήσεως

172 3426 475 3496 ἡξιωμένῳ
508 3421 752 3490 τάγματι
775 3419 1246 3490 καταληφθήσεται
1276 3419 1374 3490 (a).
1408 3419 1536 3472 Ὀτι
1566 3421 1598 3472 ό
1631 3418 1774 3484 Θεὸς

173 3518 388 3586 κριτής
413 3517 613 3568 ἐστιν.
656 3512 918 3566 Ἐνταῦοα
942 3511 1222 3583 προδήλως
1255 3510 1344 3563 τὸν
1374 3510 1608 3582 Χριστὸν
1627 3509 1773 3578 λέγει

172 3611 322 3662 Θεὸν·
354 3609 548 3660 πᾶσαν
578 3604 687 3677 γὰρ
733 3605 832 3675 τὴν
890 3603 1070 3673 κρίσιν
1112 3601 1342 3656 δέδωκεν
1394 3604 1422 3655 6
1483 3600 1672 3671 Πατὴρ
1697 3600 1773 3670 τῷ

175 3701 307 3771 Υίῷ,
361 3699 482 3752 Καὶ
539 3698 588 3749 εί
640 3697 819 3748 πᾶσαν
859 3694 959 3765 τὴν
1012 3693 1194 3765 κρίσιν
1239 3693 1466 3746 δέδωκεν
1512 3694 1540 3746 6
1585 3690 1772 3761 Πατὴρ

173 3792 246 3862 τῷ
281 3789 427 3861 Υἱῷ,
447 3792 477 3842 6
509 3789 566 3842 δὲ
588 3788 722 3850 Θεὸς
755 3787 947 3858 κριτής
973 3789 1108 3839 ἐστι’
1134 3785 1265 3848 Θεός
1293 3787 1438 3838 ἐστιν
1467 3786 1496 3837 6
1521 3783 1769 3854 Χριστός.

243 3888 582 3943 Ἄκουσον,
620 3881 769 3946 λαός
785 3897 925 3948 μου,
980 3877 1078 3930 καί
1119 3875 1372 3944 λαλήσω
1395 3890 1515 3930 σοι.
1557 3874 1772 3937 Καινῶς

173 3974 513 4046 νομοθεσίας
570 3969 878 4040 εἰσαγωγὴν
926 3969 1269 4040 ποιούμενος,
1332 3968 1418 4020 ἴνα
1465 3968 1653 4038 μήτις
1682 3967 1774 4018 ἁν-

174 4068 456 4140 θρώπινον
517 4065 609 4118 τὸν
653 4063 810 4131 λόγον
871 4063 904 4132 ἢ
957 4079 1100 4124 τινος
1147 4059 1443 4129 ἁγγελικῆς
1493 4057 1772 4128 δυνάμεως

174 4160 471 4218 ὑπολάϐοι,
515 4156 808 4228 προτάττει
856 4155 938 4218 τὸ,
976 4154 1041 4206 '0
1064 4152 1205 4218 Θεὸς
1234 4154 1266 4204 ό
1307 4151 1452 4216 Θεός
1489 4150 1603 4202 σού
1657 4151 1769 4217 ειμι

175 4252 307 4320 ἐγώ.
353 4249 420 4301 ’Β
449 4246 511 4298 δὲ
538 4245 743 4298 διάνοια
767 4243 924 4314 αὖτηο
955 4244 1044 4313 Μὴ
1083 4240 1269 4313 νόμιζε
1295 4241 1479 4311 ἕτερον
1517 4235 1654 4292 εἶναι
1682 4257 1772 4310 με,

1309 196 1672 252 EXPOSITIO
1705 197 1770 252 IN
1810 197 2142 252 PSALMUM
2183 197 2366 250 XLIX.

171 313 455 382 μαθηταῖς
500 313 954 384 συμπράττουσιν
1011 313 1262 381 ἄγγελοι,
1324 315 1472 385 δηλοῖ
1526 314 1697 382 λέγων
1752 318 1773 368 6

1883 315 1968 369 lus
1993 314 2178 369 dicens
2201 315 2246 346 "
2271 333 2285 368 :

3330 199 3438 254 εει

2334 311 2376 332 ⁸⁷
2413 328 2510 366 nne
2529 328 2704 366 omnes
2723 322 2844 366 sunt
2866 314 3306 368 administratorii
3327 318 3438 386 spio

1882 407 2018 460 ritus
2048 407 2101 458 in
2125 405 2474 458 ministermm
2497 406 2643 457 missi
2673 413 2885 473 propter
2909 422 2996 458 eos
3021 406 3110 476 qui
3158 405 3438 461 heredita-

1880 505 1986 550 tem
2011 495 2215 562 capturi
2242 502 2364 546 sunt
2387 493 2578 546 salutis
2599 494 2624 546 ?
2679 491 2793 547 lloc
2831 493 2956 546 item
2988 493 3244 548 indicavit
3285 497 3432 551 scala

1877 584 2211 655 quam.vidit
2255 583 2422 637 Jacob
2445 600 2476 638 a
2502 596 2643 638 terra
2678 585 2743 638 ad
2792 585 2990 639 caelum
3017 587 3433 657 pertingentem,

1878 693 2042 746 super
2074 692 2180 747 qua
2243 678 2469 730 ﬁrmiter
2510 677 2843 732 consistebat
2900 676 3182 740 Dominus,
3232 681 3438 750 angelis

1877 784 2098 824 sursum
2132 768 2388 822 deozsum
2421 768 2853 823 discurrentibus
2880 769 2944 820 ⁵³.
2972 768 3253 838 Ejusmodi
3309 771 3439 825 item

1877 861 2011 916 illud
2041 870 2165 915 est:
2201 859 2680 916 Castrametabitur
2707 861 2960 914 Dominus
3008 863 3062 914 in
3110 863 3338 916 circuitu
3371 863 3440 916 ti-

1877 952 2131 1004 mentium
2157 967 2298 1016 eum,
2329 959 2380 1004 et
2413 951 2598 1019 eripiet
2625 968 2710 1004 eos
2740 952 2810 1017 “;
2841 953 2968 1006 dum
2996 953 3178 1022 itaque
3227 953 3303 1006 illi
3340 969 3440 1008 au-

1877 1041 2162 1106 xiliantur,
2199 1042 2522 1097 discernunt
2561 1044 2840 1112 populum.

1946 1222 2235 1278 Advocabit
2286 1225 2473 1278 caelum
2534 1223 2830 1277 desursum.
2875 1221 3060 1278 iustos
3089 1223 3317 1287 scilicet,
3344 1225 3440 1292 qui

1875 1315 2095 1370 caeleste
2124 1317 2432 1370 institutum
2465 1322 2764 1380 sectantur,
2792 1314 3140 1385 congregabit
3163 1315 3215 1368 in
3247 1331 3441 1383 super-

1876 1406 1962 1463 nis
2018 1408 2415 1462 mansionibus.
2469 1407 2536 1461 Et
2593 1416 2788 1462 terram
2834 1407 3128 1460 discernere
3182 1408 3434 1476 populum

1873 1515 2047 1553 suum.
2083 1497 2404 1555 Peccatores
2428 1499 2583 1569 jubet
2604 1514 2902 1568 omnesque
2927 1499 2979 1552 in
3011 1507 3154 1553 terra
3177 1499 3434 1567 degentes

1877 1604 2228 1662 congregare,
2276 1591 2342 1645 ad
2399 1591 2763 1662 separandum
2786 1591 2968 1662 justas
3017 1606 3049 1645 a
3091 1604 3201 1645 non
3249 1589 3434 1660 justis.

1944 1771 1997 1826 5.
2027 1770 2348 1842 Congnegate
2376 1771 2460 1826 illi
2485 1781 2698 1827 sanctos
2731 1773 2866 1842 ejus.
2902 1771 3070 1838 Quasi
3108 1771 3174 1827 ad
3207 1771 3429 1840 angelos

1871 1874 1957 1918 est
1987 1880 2188 1930 sermo,
2218 1865 2372 1934 juxta
2403 1865 2531 1920 illud
2560 1880 2591 1920 a
2623 1864 2855 1919 Domino
2880 1865 3121 1920 dictum:
3169 1864 3237 1918 Et
3266 1866 3438 1946 mittet

1875 1955 2087 2025 angelos
2135 1972 2280 2015 suos.
2333 1967 2384 2010 et
2438 1956 2830 2026 congregabunt
2866 1955 3043 2024 justas
3089 1972 3154 2010 ex
3200 1966 3433 2026 quatuor

1873 2050 2037 2102 ventis
2073 2058 2227 2102 terra:
2256 2049 2323 2102 ⁵⁵.
2359 2047 2463 2113 Qui
2493 2049 2746 2102 ordinant
2785 2057 3159 2103 testamentum
3203 2048 3318 2117 ejus
3349 2063 3441 2102 su-

1873 2150 1964 2203 per
1991 2135 2277 2202 sacriﬁcia.
2307 2133 2586 2190 Sacriﬁcia
2619 2135 2751 2190 dicit
2789 2135 3113 2205 spiritualia.

1943 2424 1996 2479 6.
2025 2424 2095 2478 Et
2123 2425 2515 2481 annuntiabunt
2545 2430 2659 2483 caeli
2685 2429 2959 2498 justitiam
3001 2433 3132 2501 ejus.
3171 2433 3438 2502 Gionam,

1876 2516 2074 2587 inquit,
2099 2517 2210 2572 Deo
2258 2519 2502 2574 tribuent
2553 2521 2702 2586 caeli,
2749 2523 2878 2591 quia
2929 2525 3141 2580 scilicet
3192 2525 3440 2583 homines

1875 2611 2193 2666 caelestibus
2257 2613 2639 2670 mansionibus
2686 2616 2940 2684 dignatus
3009 2627 3112 2672 est.
3163 2617 3326 2689 Optat
3380 2629 3442 2675 ut

1879 2701 2053 2755 sancti
2089 2703 2290 2771 prioris
2323 2705 2509 2773 populi
2537 2715 2662 2759 ante
2689 2704 2937 2760 futurum
2977 2705 3245 2776 judicium
3277 2710 3440 2765 ﬁnem

1875 2789 2083 2844 faciant
2116 2792 2376 2846 sacriﬁcii
2431 2809 2526 2862 per
2567 2795 2954 2851 mactationem
2987 2797 3276 2854 brutorum
3322 2801 3441 2858 ﬁeri

1877 2882 2044 2948 soliti,
2074 2893 2129 2938 et
2157 2884 2290 2938 illud
2325 2895 2611 2940 assumant
2644 2888 2789 2956 quod
2820 2889 3120 2944 secundum
3152 2891 3441 2948 scientiam

1877 2981 1932 3026 et
1957 2975 2322 3044 cognitionem
2367 2977 2616 3032 oﬁertur.
2649 2978 2826 3048 Super
2856 2981 2941 3035 his
2983 2981 3235 3039 cmlestes
3265 2984 3440 3038 virtu-

1860 3075 1962 3139 Ites
1994 3067 2233 3133 judieem
2260 3069 2718 3140 Celebrant,_quia
2765 3086 2797 3124 a
2858 3072 3064 3126 sanctis
3127 3072 3334 3143 incipit,
3384 3082 3440 3129 e'.

1876 3190 2000 3247 caeli
2043 3193 2374 3247 annuntiant
2410 3191 2679 3262 justitiam
2726 3193 2876 3262 ejus,
2926 3195 2993 3248 de
3025 3209 3215 3248 eorum
3267 3195 3442 3251 salute

1873 3301 1984 3341 una
2026 3285 2292 3341 lmtantes.
2341 3282 2644 3339 Terrenum
2688 3300 2816 3339 vero
2859 3284 3199 3340 domicilium
3249 3285 3300 3341 ei
3351 3300 3444 3342 or-

1871 3376 1986 3432 dini
2042 3377 2380 3446 relinquetur
2445 3377 2539 3444 qui
2583 3391 2666 3431 cm
2689 3377 2793 3431 esti
2848 3378 3135 3432 vocatione
3187 3376 3444 3447 dignatus

1872 3484 1980 3522 non
2005 3466 2189 3524 fuerit.
2222 3470 2486 3534 Quoniam
2515 3467 2653 3522 Deus
2685 3469 2854 3539 judea:
2892 3482 2991 3527 est.
3027 3469 3126 3524 Hic
3157 3471 3444 3528 manifeste

1871 3563 2150 3617 Christum
2193 3563 2327 3618 dicit
2370 3562 2580 3616 Deum:
2631 3578 2756 3617 nam
2789 3578 2952 3618 omne
2990 3563 3258 3639 judicium
3295 3564 3445 3620 dedit

1873 3653 2032 3708 Pater
2061 3651 2202 3708 Filio
2233 3656 2298 3709 ⁸⁸.
2328 3655 2536 3721 Quodsi
2561 3671 2723 3710 omne
2760 3655 3027 3724 judicium
3074 3655 3222 3710 dedit
3257 3655 3357 3718 illi,
3385 3665 3442 3711 et

1873 3745 2018 3802 Deus
2049 3745 2218 3816 judex
2259 3756 2343 3802 est
2374 3762 2388 3800 :
2432 3764 2565 3818 ergo
2593 3745 2734 3802 Deus
2769 3756 2850 3802 est
2888 3746 3162 3803 Christus.

1938 3840 1992 3895 7.
2030 3838 2206 3926 Audi,
2233 3840 2454 3909 populus
2501 3857 2663 3905 meus,
2696 3849 2747 3894 et
2781 3841 2970 3911 loquar
3015 3841 3129 3895 tibi.
3178 3839 3314 3895 Cum
3345 3853 3446 3894 no-

1873 3949 1994 3991 vam
2027 3937 2422 4008 legislationem
2455 3938 2849 4005 introduceret,
2881 3955 2948 3993 ne
2982 3940 3106 4008 quis
3145 3938 3447 3993 humanum

1871 4031 2100 4087 verbum
2134 4048 2254 4087 esse
2275 4072 2290 4097 ,
2326 4042 2417 4086 aut
2443 4047 2470 4085 a
2505 4033 2739 4102 quadam
2767 4033 3014 4102 angelica
3050 4032 3251 4087 virtute
3282 4033 3449 4102 proli-

1875 4125 2006 4182 cisci
2055 4125 2414 4188 existimaret,
2459 4125 2737 4194 praemittit
2779 4124 2951 4181 illud:
2983 4123 3125 4179 Deus
3153 4123 3297 4178 Deus
3325 4132 3447 4177 tuus

1868 4231 1959 4286 ego
1988 4233 2126 4273 sum.
2163 4215 2290 4273 Haec
2319 4225 2501 4272 autem
2527 4226 2614 4274 est
2636 4217 2946 4274 sententia:
2976 4213 3057 4273 Ne
3082 4228 3242 4289 putes
3279 4215 3446 4271 alium

172 4343 259 4396 διὰ
283 4339 354 4393 τὸ
387 4337 562 4408 ἔτερα
604 4335 911 4406 νομοθετεῖν
939 4335 1196 4404 σήμερονο
1237 4332 1350 4385 ἀλλ’
1373 4331 1534 4394 αὐτὸς
1567 4331 1771 4395 ἐκεῖνός

1883 4348 1965 4389 me
2013 4345 2161 4399 esse,
2211 4327 2361 4398 quod
2406 4328 2565 4381 hodie
2616 4328 2752 4382 alias
2812 4328 3058 4390 sanciam
3105 4331 3248 4399 leges
3289 4349 3300 4385 :
3345 4329 3441 4386 sed

175 4436 293 4501 εἰμι
332 4432 364 4482 6
405 4427 565 4497 παρὰ
609 4427 780 4496 Μωσῇ
836 4424 907 4477 τὰ
965 4424 1092 4493 περὶ
1139 4421 1340 4476 Θυσιῶν
1385 4419 1768 4492 νομοθετήσας.

177 4519 559 4591 unanimum
579 4515 636 4568 δέ
659 4533 740 4578 σε,
779 4515 855 4578 ὡς
882 4515 982 4567 οὐκ
1020 4512 1336 4584 ὲγκληθήσῃ
1358 4510 1612 4583 παραὸὰς
1647 4511 1776 4571 τοὺς

178 4613 340 4683 παρὰ
367 4611 546 4677 Maia-ﬁ
577 4608 791 4678 νόμους.
824 4607 997 4670 Αὐτὸς
1013 4605 1121 4676 γάρ
1139 4607 1254 4675 εἰμι
1282 4606 1310 4656 6
1340 4604 1500 4656 κάκεῖ
1526 4599 1778 4664 διαταξά-

184 4720 352 4775 μενος
377 4700 464 4771 τῷ
492 4698 643 4753 παιδί
670 4716 772 4770 μου
802 4698 1204 4770 συμφερόντως,
1238 4696 1332 4749 καὶ
1356 4693 1453 4749 νῦν
1485 4693 1610 4748 τάδε
1643 4707 1773 4764 μαρ-

181 4793 452 4864 τύρομαι,
472 4791 556 4843 ὅτι
582 4789 656 4860 μὴ
680 4789 889 4859 ἀνάγκη
936 4805 1018 4841 σοι
1066 4787 1134 4841 τὰ
1167 4787 1295 4857 περὶ
1347 4784 1546 4838 θυσιῶν
1577 4781 1776 4854 φυλάτο

182 4901 304 4937 τειν
330 4883 564 4951 νόμιμα.
600 4879 719 4933 Κᾶν
749 4879 858 4950 γὰρ
917 4880 991 4950 μὴ
1025 4880 1340 4951 προσφέρῃς
1382 4879 1538 4942 αὐτὰ,
1597 4878 1770 4943 οὕτως

185 4971 679 5044 προσενηνεγμένα
727 4970 862 5022 ὲστί.
899 4970 976 5023 Τὰ
1002 4969 1108 5042 γὰρ
1137 4967 1599 5037 όλοκαυτώματά
1654 4985 1771 5022 σου

185 5064 453 5120 ἐνώπιόν
491 5065 610 5131 μού
661 5061 794 5114 ἐστι
849 5059 1194 5127 διαπαντὸς,
1236 5059 1337 5114 κᾶν
1367 5060 1439 5132 μὴ
1462 5059 1774 5132 προσφέρη-

185 5173 302 5210 ται.
337 5156 401 5208 Εἰ
423 5154 479 5206 δὲ
519 5153 578 5216 ἐξ
611 5151 850 5212 ἅπαντος
881 5149 1198 5214 σπουδάζεις
1243 5151 1430 5222 ὥσπερ
1461 5149 1584 5203 τινὰ
1613 5150 1772 5219 τίμια

189 5249 287 5304 καὶ
335 5249 611 5314 ἀναγκαῖα
657 5242 829 5297 ταῦτα
878 5241 1195 5315 προσάγειν,
1248 5244 1410 5296 ἄκουε
1460 5243 1596 5314 μετὰ
1630 5243 1772 5310 παῤ-

190 5342 408 5414 ρησίας,
440 5339 518 5402 ὡς
550 5337 706 5392 οὐδὲν
736 5335 939 5389 τούτων
968 5335 1120 5406 παρὰ
1141 5335 1234 5389 σοῦ
1258 5335 1496 5407 δέξομαι.
1533 5333 1770 5406 Περιττὰ

272 5501 316 5533 ⁸¹
347 5500 515 5556 Hebr.
550 5519 590 5566 1,
630 5501 718 5555 14.

260 5661 335 5730 (a)
366 5659 644 5730 Interpres
675 5659 870 5728 legisse
897 5657 1112 5712 Videtur
1140 5653 1653 5726 καταλειφθήσεται.
1689 5649 1847 5706 Enn.

513 5753 794 5814 PATBOL.
821 5749 940 5810 Gn.
979 5746 1243 5809 XXVII.

1873 4423 2016 4478 idem
2043 4424 2298 4491 ipsesum
2332 4420 2428 4494 qui
2482 4421 2622 4490 apud
2674 4419 2879 4475 Mosem
2925 4421 2996 4478 de
3045 4421 3333 4478 sacriﬁciis
3360 4423 3442 4477 le-

1874 4528 1994 4582 gem
2035 4512 2156 4564 tuli.
2205 4510 2490 4566 Testiﬁcor
2531 4518 2710 4563 autem
2755 4511 2852 4564 tibi
2906 4521 2961 4566 te
3014 4528 3123 4567 non
3159 4514 3441 4584 culpatum

1877 4602 1943 4656 iri
1977 4603 2022 4656 si
2064 4601 2209 4671 leges
2239 4599 2407 4656 Mosis
2447 4612 2870 4671 praetergressus
2897 4604 3087 4658 fueris.
3145 4603 3268 4673 Ipse
3293 4607 3442 4661 enim

1875 4707 1976 4763 ego
2021 4709 2144 4747 sum
2196 4693 2289 4762 qui
2345 4693 2468 4747 illas
2500 4703 2631 4747 tunc
2667 4709 2836 4762 puero
2870 4709 2994 4748 meo
3037 4695 3104 4749 ad
3153 4697 3442 4753 utilitatem

1875 4783 1993 4854 ejus
2021 4783 2240 4847 tradidi,
2269 4792 2324 4838 et
2369 4783 2482 4852 jam
2532 4785 2813 4848 testiﬁcor,
2853 4785 2950 4838 tibi
2993 4802 3102 4840 non
3152 4803 3442 4843 necessum

1875 4888 1997 4926 esse
2032 4871 2221 4942 legalis
2249 4872 2316 4926 de
2349 4871 2638 4927 sacriﬁciis
2673 4886 2940 4944 praecepta
2968 4893 3209 4932 servare.
3240 4876 3444 4931 Etiam.

1875 4963 1922 5017 si
1957 4963 2101 5016 enim
2139 4979 2201 5016 ea
2237 4979 2344 5016 non
2374 4964 2659 5030 obtuleris,
2712 4965 3069 5020 nihilominus
3118 4972 3247 5021 sunt
3289 4967 3443 5021 obla-

1878 5065 1964 5108 ta:
1997 5071 2122 5108 nam
2163 5053 2493 5109 Holocausta
2522 5069 2613 5109 tua
2638 5057 2693 5109 in
2737 5066 3015 5126 conspectu
3054 5066 3142 5110 tuo
3165 5068 3284 5109 sunt
3309 5073 3445 5113 sem-

1873 5164 1984 5218 per,
2015 5150 2230 5206 etiamsi
2283 5166 2390 5206 non
2433 5151 2750 5206 oll‘erantur.
2789 5151 2845 5204 Si
2871 5160 3053 5205 autem
3086 5151 3311 5206 omnino
3348 5168 3445 5208 cu-

1877 5257 1967 5297 ras
1994 5257 2059 5297 ea
2096 5257 2194 5297 ceu
2239 5244 2477 5313 pretiosa
2525 5243 2775 5312 quaedam
2816 5250 2872 5295 et
2918 5241 3230 5296 necessaria
3283 5243 3446 5297 σπεν-

1877 5349 1959 5388 rc.
2017 5349 2142 5390 cum
2183 5334 2379 5390 ﬁducia
2409 5336 2558 5402 audi,
2620 5350 2704 5389 me
2743 5349 2935 5390 eorum
2999 5333 3194 5390 nihila
3241 5345 3291 5392 te
3346 5350 3442 5391 ac-

809 5498 856 5530 "
883 5497 1021 5554 Gen.
1058 5512 1252 5560 xxvm,
1288 5496 1371 5551 19..
1447 5494 1493 5526 “
1520 5493 1663 5548 Psal.
1701 5509 1768 5546 xx

1883 5533 1896 5557 .
1923 5492 1977 5549 8.
2051 5493 2100 5526 ⁸⁸
2126 5493 2315 5550 Matth.
2356 5495 2617 5564 3111,41.
2694 5494 2742 5529 '°
2781 5495 2938 5555 Joan.
2981 5497 3148 5565 ne?“

3086 5737 3126 5798 8
