3786 6278
349 159 456 216 235

1179 159 1236 214 S.
1278 156 1646 213 ATHANASII
1683 156 1836 213 ΟΡΡ.
1875 155 2057 212 PARS
2093 155 2184 212 Ill.
2218 188 2288 200 —
2325 154 2732 213 EXEGETICA.

3459 156 3584 212 236

352 288 658 350 cepturum.
691 278 976 352 Superﬂua
1004 279 1148 334 enim
1180 279 1308 333 mihi
1336 280 1520 335 omnia
1550 287 1698 335 sunt.
1725 277 1912 345 Quan-

2052 278 2120 348 ἀρ
2149 296 2237 348 μοι
2283 279 2480 331 πάντα·
2512 275 2696 347 ἐπειδὴ
2729 275 2822 329 καὶ
2862 273 2931 328 τὰ
2987 276 3044 329 ἐν
3081 274 3268 346 ἀγροῖς
3309 273 3593 344 νεμόμενα

352 371 645 442 doquidem
699 381 752 427 et
805 387 927 441 qua:
968 371 1022 424 in
1073 371 1216 440 agris
1258 381 1560 440 pascuntur
1589 371 1910 435 animantia,

352 465 541 529 boves,
578 463 847 534 jumenta,
873 462 1125 516 volucres
1151 462 1295 526 caeli,
1319 472 1374 516 et
1395 463 1742 532 pulchritudo
1763 461 1904 532 agri,

353 555 537 610 omnia
555 570 671 608 mea
685 563 887 618 sunt,et
910 553 1103 606 horum
1129 553 1262 606 nihil
1289 568 1442 624 egeo.
1476 552 1914 623 Quodsiquando

354 646 488 700 mihi
522 645 816 700 necessitas
841 644 981 697 foret
1008 643 1276 710 alimenti,
1330 660 1440 699 non
1464 647 1536 700 ita
1557 661 1760 714 egenus
1811 659 1912 715 ego

355 753 498 801 sum,
528 746 588 791 ut
619 751 649 790 a
694 745 745 790 te
779 735 904 788 talia
933 735 1236 804 postulem:
1267 733 1416 789 Meus
1467 744 1545 789 est
1593 737 1732 788 enim
1770 737 1910 790 orbis

355 837 508 882 terra:
539 827 603 879 ⁵⁷.
640 825 744 880 Sed
767 839 1015 894 quaenam
1039 835 1192 894 grata
1227 825 1358 879 mihi
1382 825 1576 880 uﬁ‘eres
1605 825 1910 881 sacriﬁcia?

354 917 590 980 laudem,
623 915 919 979 canticum,
977 915 1220 971 divinum
1244 932 1576 972 sermonem.
1627 918 1763 972 Cum
1813 932 1912 971 au-

353 1019 461 1064 tem
494 1010 607 1065 haec
637 1008 968 1078 impleveris,
1009 1017 1122 1062 tum
1182 1025 1250 1064 ac
1296 1011 1341 1065 si
1396 1010 1566 1080 legem
1627 1010 1912 1080 implesses

352 1102 614 1169 divinam,
649 1101 956 1156 mercedem
988 1101 1345 1170 accipies;ut
1385 1117 1508 1157 cum
1543 1103 1908 1170 invocaveris,

349 1194 678 1250 exaudiaris.
703 1193 770 1247 Et
798 1193 1081 1248 declarans
1107 1209 1266 1262 quem
1292 1196 1550 1264 populum
1578 1196 1907 1266 alloquatur,

348 1286 567 1340 intulit:
611 1283 801 1348 Israel,
875 1293 927 1337 et
978 1284 1300 1353 testiﬁcabor
1352 1285 1466 1339 tibi.
1511 1285 1717 1340 Exinde
1765 1300 1910 1340 vero

351 1394 510 1434 suum
536 1375 1088 1432 ostenditdominium
1116 1393 1129 1428 :
1165 1374 1300 1430 Deus
1333 1375 1470 1430 Deus
1508 1386 1628 1430 tuus
1651 1392 1743 1447 ego
1771 1392 1908 1443 sum,

349 1471 444 1540 qui
483 1478 536 1538 te
563 1467 884 1539 {Egyptiaca
924 1467 1187 1523 servitute
1242 1468 1488 1534 liberavi,
1518 1469 1611 1539 qui
1667 1483 1820 1523 mare
1855 1467 1908 1522 in

350 1561 496 1615 viam
527 1560 670 1625 dedi,
712 1561 806 1629 qui
854 1561 909 1614 in
943 1561 1161 1616 deserto
1215 1561 1472 1624 enutrivi,
1523 1561 1618 1630 qui
1656 1575 1775 1616 eam
1810 1559 1910 1616 tibi

350 1653 520 1724 legem
555 1652 697 1707 dedi.
725 1651 857 1706 Nam
885 1667 950 1707 ne
981 1653 1149 1708 alium
1178 1669 1264 1708 me
1299 1653 1667 1723 legislatorem
1722 1653 1916 1710 existi-

351 1745 606 1810 maveris,
635 1759 862 1800 cernens
893 1745 1069 1814 legum
1091 1745 1486 1801 diversitatem.

422 1923 598 1996 [Deus
634 1924 767 1979 Deus
790 1935 930 1980 tuus.
964 1923 1021 1980 id
1059 1934 1163 1990 est,
1191 1925 1286 1996 qui
1331 1940 1526 1995 magna
1549 1926 1814 1983 miracula
1843 1929 1913 1984 ab

351 2019 506 2074 initio
541 2035 714 2088 usque
738 2021 804 2074 ad
829 2020 931 2076 hoc
946 2027 1160 2090 tempus
1192 2019 1376 2091 generi
1409 2027 1591 2074 vestro
1611 2020 1906 2093 exhibuit.]

423 2193 475 2248 8.
543 2193 666 2249 Non
718 2196 772 2248 in
801 2196 1083 2264 sacrificiis
1125 2198 1228 2250 tuis
1307 2214 1530 2268 arguam
1578 2208 1646 2253 te.
1696 2197 1912 2269 Nequa-

350 2301 512 2354 quam
543 2295 596 2340 te
617 2286 954 2357 negligentiae
981 2287 1036 2342 in
1065 2287 1359 2343 oﬁ‘erendis
1381 2286 1669 2343 sacriﬁciis
1693 2303 1862 2358 arguo
1893 2309 1908 2344 :

351 2374 441 2428 illa
496 2391 732 2446 namque
762 2374 925 2431 oﬁ‘ers
955 2375 1213 2443 assidue;
1244 2377 1337 2431 sed
1363 2376 1623 2447 praacipio
1651 2391 1719 2432 ne
1754 2377 1913 2433 hisce

350 2464 612 2534 iustitiam
642 2467 1090 2521 circumscribas.

421 2558 508 2612 16.
541 2556 812 2611 Pcccatori
833 2569 1006 2612 autent
1031 2561 1167 2612 dixit
1201 2559 1375 2613 Deus:
1415 2557 1590 2624 Quare
1646 2570 1700 2613 tu
1752 2577 1912 2614 enar-

349 2661 438 2700 ras
463 2647 702 2715 justitias
733 2651 913 2701 meas?
963 2648 1307 2703 Peccatorcm
1359 2650 1463 2704 hoc
1495 2650 1616 2704 loco
1671 2651 1913 2719 promul-

350 2746 588 2808 gatorcm
661 2739 968 2794 divinarum
1041 2740 1444 2809 Scripturarum
1500 2741 1651 2795 dicit.
1725 2740 1913 2796 Simile

351 2836 530 2882 autem
557 2837 640 2882 est
685 2829 810 2883 huic
834 2830 1013 2884 dicto:
1046 2829 1169 2884 Non
1213 2833 1446 2901 speciosa
1477 2832 1594 2886 laus
1626 2840 1703 2886 est
1747 2834 1802 2886 in
1824 2849 1913 2888 ore

350 2921 643 2987 peccatoris
672 2921 739 2976 ⁸⁸.
769 2920 824 2975 Si
850 2937 1086 2991 namque
1114 2923 1296 2976 omnia
1327 2934 1591 2992 prmcepta
1628 2934 1908 2996 transgre-

350 3012 521 3075 ditur,
558 3021 612 3066 et
639 3013 786 3066 omni
812 3013 1032 3068 malitia:
1076 3013 1280 3078 studet,
1309 3022 1363 3068 et
1391 3014 1574 3084 lingua
1621 3016 1789 3069 utitur
1815 3016 1912 3071 do-

352 3119 498 3169 .osa,
530 3120 628 3158 cur
658 3113 846 3174 postea
873 3105 1084 3160 divinas
1106 3105 1312 3160 litteras
1345 3105 1398 3159 in
1434 3121 1529 3160 ore
1566 3107 1772 3162 habet?

421 3283 510 3338 21.
541 3282 878 3338 Existimasti
906 3286 1098 3354 inique,
1124 3285 1264 3355 quod
1286 3300 1373 3339 ero
1417 3287 1493 3338 tui
1526 3286 1740 3340 similis.
1771 3285 1913 3343 Olim

351 3375 704 3446 quidem,ait,
736 3377 826 3430 diu
860 3376 1101 3441 teleravi,
1131 3377 1224 3432 sed
1251 3393 1359 3432 non
1381 3379 1492 3448 jam
1518 3378 1571 3433 id
1605 3378 1796 3434 faciam
1823 3398 1835 3433 :
1859 3379 1913 3434 in

352 3467 588 3522 medium
619 3470 762 3522 enim
791 3471 866 3526 tui
896 3469 1155 3540 arguendi
1196 3486 1360 3526 causa
1409 3470 1631 3526 aﬂ‘eram
1687 3484 1912 3541 peccata

353 3570 464 3626 tua,
484 3578 604 3633 quae
639 3572 692 3616 tu
723 3563 941 3632 quidem
970 3563 1325 3618 existima’bas
1357 3578 1464 3618 non
1496 3564 1636 3618 ultra
1681 3565 1911 3620 exsiste-

352 3667 431 3717 re,
463 3668 638 3722 neque
687 3654 738 3707 in
777 3653 1086 3724 eujuspiam
1134 3654 1456 3709 memoriam
1507 3663 1734 3709 ventura
1773 3670 1912 3711 esse.

351 3743 463 3812 Ego
483 3758 610 3798 vero
627 3753 812 3813 utpote
845 3743 990 3800 Deus
1010 3745 1076 3799 ad
1123 3744 1300 3799 lucem
1331 3744 1626 3814 producam
1679 3745 1792 3810 illa,
1827 3755 1917 3799 at-

351 3847 457 3900 que
477 3843 814 3902 apponentur
862 3833 916 3886 in
953 3844 1304 3903 conspectum
1337 3843 1512 3889 tuum.
1552 3834 1741 3904 Neque
1790 3837 1919 3890 abs—

351 3923 578 3977 condam
615 3922 1070 3991 quemadmodum
1119 3934 1176 3978 tu
1228 3923 1384 3986 facis,
1437 3939 1538 3979 nec
1593 3925 1788 3979 similis
1836 3925 1916 3979 tui

351 4029 465 4068 ero.
505 4013 803 4068 Producam
837 4014 963 4067 item
999 4015 1110 4079 illa,
1146 4023 1205 4067 ut
1242 4015 1421 4084 palam
1464 4014 1670 4069 faciens
1701 4015 1911 4084 pudore

354 4115 405 4160 te
428 4105 674 4160 alliciam.
701 4106 930 4175 Arguam
951 4114 1018 4170 te,
1043 4115 1092 4159 et
1113 4114 1344 4160 statuam
1359 4117 1541 4159 contra
1569 4106 1757 4175 faciem
1773 4117 1916 4159 tuam

351 4207 561 4267 peccata
582 4206 692 4252 tua.

2014 368 2130 433 ζῶα
2163 368 2281 436 βόες
2309 370 2403 422 καὶ
2435 369 2627 438 κτήνη,
2671 369 2766 420 καὶ
2817 367 2885 419 τὰ
2935 365 3153 419 πετεινά
3200 360 3294 418 τοῦ
3323 361 3592 434 ούρανοῦ,

2012 461 2104 514 καὶ
2127 464 2160 532 ἡ
2186 460 2452 532 ὡραιότης
2479 459 2574 522 τ.υῦ
2603 457 2794 528 ἀγροῦ,
2829 458 3005 512 πάντα
3037 457 3144 527 ἐμά
3175 455 3451 526 τυγχάνει.
3483 455 3598 508 καὶ

2011 552 2260 622 ἀνενδεὴς
2287 551 2482 614 παντὸς
2517 550 2763 620 ὑπάρχω.
2785 549 2849 602 Εἰ
2874 549 2931 602 δὲ
2959 547 3052 601 καὶ
3072 547 3229 619 χρεία
3255 563 3344 617 μοι
3371 544 3598 614 γένοιτό

2012 660 2142 696 ποτε
2163 643 2390 715 τροφῆς,
2413 643 2510 712 οὐχ
2541 640 2712 706 οὕτως
2741 639 2926 712 ἐνδεὴς
2955 639 3086 707 ἐγὼ,
3109 639 3185 700 ὡς
3214 637 3363 708 παρὰ
3388 636 3479 690 σοῦ
3508 636 3598 689 τὰ

2010 734 2230 788 τοιαῦτα
2263 737 2450 788 αἰτεῖν·
2485 733 2622 802 Ὲμὴ
2646 733 2756 802 γάρ
2783 733 2952 786 ἐστιν
2984 734 3022 801 ἡ
3054 730 3391 800 οἰκουμένη.
3413 729 3598 791 Τίνας

2009 825 2068 879 δέ
2121 843 2209 897 μοι
2262 828 2548 897 προσηνεῖς
2581 825 2762 886 θύσεις
2791 823 3012 887 θυσίας;
3069 822 3164 892 τὴν
3203 822 3428 883 αἴνεσιν,
3486 819 3593 871 τὸν

2013 915 2197 986 ὕμνον,
2232 916 2329 986 τὴν
2383 915 2681 985 θεολογίαν.
2725 913 2940 984 Ἐπειδὴ
2969 913 3026 966 δέ
3059 911 3228 966 ταῦτα
3249 908 3588 980 πληρώσεις,
3671 905 3676 908 ’

2010 1007 2070 1059 τὸ
2099 1006 2394 1077 τηνικαῦτα
2413 1006 2488 1069 ὡς
2513 1005 2578 1059 ἂν
2611 1005 2771 1075 νόμον
2800 1001 3089 1076 πληρώσας
3121 1001 3284 1066 θεῖον,
3313 999 3592 1054 ἀντίδοσιν

2011 1095 2156 1168 λήψῃ
2186 1101 2246 1150 τὸ
2280 1095 2700 1165 ἐπικαλούμενος
2723 1091 3160 1162 εἰσακουσθῆναι.
3211 1091 3322 1144 Καὶ
3367 1088 3593 1150 δεικνὺς

2011 1187 2146 1259 πρὸς
2168 1191 2317 1241 ποῖον
2343 1188 2469 1242 λαὸν
2495 1186 2818 1256 διαλέγεται,
2845 1185 3139 1255 ἐπήγαγεν·
3185 1181 3448 1250 Ἰσραὴλ,
3479 1179 3592 1234 καὶ

2011 1275 2474 1346 διαμαρτύρομαι
2543 1294 2662 1331 σοι.
2717 1271 2848 1328 Εἶτα
2903 1273 3000 1344 τὴν
3064 1272 3272 1325 οἰκείαν
3337 1269 3590 1323 δείκνυσι

2011 1369 2346 1422 δεσποτείαν·
2389 1369 2617 1435 ὈΘεὸς
2644 1370 2678 1422 ό
2729 1368 2874 1432 Θεός
2923 1365 3036 1419 σού
3070 1365 3185 1432 εἰμι
3211 1361 3359 1431 ἐγὼ,
3405 1361 3434 1413 6
3477 1360 3592 1431 τῆς

2012 1460 2387 1531 Αἰγυπτιακῆς
2409 1477 2473 1514 σε
2497 1459 2737 1522 δουλείας
2775 1455 3172 1528 ἐλευθερώσας,
3206 1455 3234 1506 6
3257 1453 3353 1523 τὴν
3383 1451 3589 1506 θάλατ-

2011 1567 2109 1603 ταν
2136 1550 2687 1622 ὁδὸνδωρησάμενος,
2714 1550 2742 1601 6
2773 1550 2831 1601 ἐν
2871 1549 3060 1618 ἐρήμῳ
3091 1545 3210 1598 διαθ
3221 1544 3406 1616 ρέψας,
3427 1545 3454 1597 6
3481 1541 3589 1597 ,τὸν

2013 1641 2173 1711 νόμον
2232 1642 2436 1696 ἐκεῖνόν
2475 1658 2555 1694 σοι
2601 1638 2864 1704 δεδωκώς.
2909 1639 3000 1710 Μὴ
3054 1637 3165 1708 γάρ
3200 1636 3264 1707 δὴ
3318 1636 3473 1690 ἄλλον
3513 1653 3590 1706 με

2013 1731 2304 1803 νομοθέτην
2359 1731 2620 1805 νομίσῃς,
2690 1731 2798 1784 τῶν
2861 1729 3039 1800 νόμων
3117 1727 3262 1799 δρῶν
3334 1727 3396 1780 τὸ
3465 1726 3587 1781 διάο

2013 1842 2081 1894 φο
2087 1842 2197 1896 ρον.
3251 1845 3254 1849 ·

2084 1916 2104 1988 [
2132 1917 2194 1970 '0
2241 1915 2384 1983 Θεὸς
2403 1919 2436 1970 ό
2467 1917 2611 1982 Θεός
2639 1931 2775 1969 σου.
2808 1913 3117 1977 Τουτέστιν,
3145 1915 3173 1966 6
3223 1912 3429 1984 μεγάλα
3454 1911 3587 1965 θαυ-

2017 2009 2184 2079 μάσια
2217 2007 2453 2080 ἀρχῆθεν
2499 2007 2658 2079 μέχρι
2698 2005 2792 2059 τοῦ
2821 2005 2914 2060 νῦν
2949 2005 3028 2076 τῷ
3057 2005 3205 2073 γένει
3234 2003 3386 2075 ὑμῶν
3416 2003 3588 2057 ἐνδει-

2015 2098 2290 2171 ξάμενος.]

2085 2193 2207 2244 Οὐκ
2263 2191 2361 2244 ἐπὶ
2412 2191 2542 2257 ταῖς
2587 2189 2824 2253 θυσίαις
2887 2202 3003 2241 σου
3043 2185 3268 2258 ἐλέγξω
3313 2180 3430 2240 σε(
3467 2183 3590 2238 Οὐκ

2012 2283 2267 2355 ἀμέλειάν
2303 2301 2403 2349 σοι,
2422 2284 2606 2354 φησιν,
2631 2279 2847 2351 ἐγκαλῶ
2875 2280 3091 2335 θυσιῶν·
3117 2280 3442 2352 προσφέρεις
3470 2277 3588 2350 γάρ

2012 2375 2214 2440 ταύτας
2244 2375 2528 2447 διηνεκῶς·
2579 2374 2713 2428 ἀλλά
2760 2373 2835 2446 μὴ
2893 2373 3116 2436 ταύταις
3167 2371 3452 2444 ὁρίσασθαι
3481 2369 3588 2441 τὴν

2011 2467 2355 2540 δικαιοσύνην
2380 2469 2697 2538 παρεγγυῶ.

2089 2562 2173 2628 Τῷ
2204 2561 2272 2615 δὲ
2330 2561 2655 2631 ἁμαρτωλῷ
2703 2558 2873 2614 εἶπεν
2939 2564 2972 2614 ὀ
3027 2560 3190 2624 Θεός·
3236 2558 3359 2611 Ἵνα
3389 2555 3446 2610 τί
3497 2554 3590 2610 σὺ

2010 2652 2258 2722 ἐκδιηγῇ
2296 2653 2368 2705 τὰ
2396 2651 2757 2721 δικαιώματά
2776 2671 2894 2722 μου
2912 2667 2930 2714 ;
2971 2647 3316 2722 Ἀμαρτωλὸν
3347 2645 3590 2701 ἐνταῦθα.

2013 2745 2104 2799 τὸν
2137 2744 2430 2815 νομοθέτην
2461 2745 2571 2796 τῶν
2595 2743 2753 2796 θείων
2786 2745 2824 2795 Γ
2832 2743 3016 2814 ραφῶν
3037 2759 3220 2812 φησιν.
3261 2741 3484 2810 Ὅμοιον
3524 2738 3587 2790 δὶ

2013 2837 2091 2908 τῷ
2119 2835 2408 2907 εἰρημένῳ·
2438 2837 2560 2902 οὐχ
2591 2835 2801 2902 ὡραῖος
2832 2836 3000 2900 αἶνος
3039 2835 3108 2887 ἐν
3136 2834 3383 2901 στόματι
3404 2832 3591 2899 ἀμαρν

2015 2929 2228 2984 τωλοῦ.
2258 2929 2319 2981 Εἰ
2345 2927 2454 2998 γάρ
2489 2927 2667 2990 πάσας
2721 2927 3044 2998 παραϐαίνει
3097 2925 3194 2987 τὰς
3245 2921 3461 2984 ἐντολὰς
3489 2921 3590 2974 καὶ

2017 3022 2196 3074 πᾶσαν
2221 3017 2535 3088 ἐπιτηδεύει
2573 3017 2790 3081 κακίαν,
2826 3017 2919 3071 καὶ
2947 3017 3124 3070 δολίαν
3170 3014 3457 3069 ἀποδίδωσι
3486 3011 3591 3082 τὴν

2015 3111 2285 3181 γλῶσσαν·
2349 3111 2403 3164 τί
2447 3111 2540 3164 καὶ
2591 3109 2688 3173 τὰς
2747 3109 2898 3172 θείας
2959 3108 3053 3160 ἐπὶ
3107 3107 3370 3178 στόματος
3429 3102 3591 3174 φέρει

2016 3203 2273 3275 Γραφάς;

2099 3293 2424 3358 ’Υπέλαϐες
2473 3291 2762 3360 ἀνομίαν,
2817 3290 2904 3343 ὅτι
2969 3289 3184 3358 ἔσομαί
3230 3300 3326 3340 σοι
3364 3286 3588 3355 ὅμοιος.

2017 3383 2189 3440 Πάλαι
2217 3385 2333 3455 μὲν,
2391 3383 2573 3454 φησὶν,
2599 3383 3049 3453 ἐμακροθύμησα,
3085 3381 3199 3434 ἀλλ’
3226 3381 3287 3433 οὐ
3318 3379 3410 3433 νῦν
3431 3373 3594 3431 τοῦτο

2017 3477 2250 3546 ποιήσω·
2303 3475 2642 3545 παραστήσω
2693 3473 2799 3545 γὰρ
2828 3474 2906 3536 εἰς
2938 3472 3029 3524 τὸν
3058 3471 3196 3524 κατά
3241 3468 3332 3522 σοῦ
3370 3468 3593 3536 ἔλεγχον

2015 3569 2084 3623 τά
2111 3569 2177 3622 σά
2209 3568 2599 3638 ἁμαρτήματα,
2625 3564 2660 3618 ἃ
2698 3565 2762 3636 δὴ
2816 3565 2879 3617 σὺ
2917 3563 3016 3633 μέν
3074 3560 3338 3622 ὑπέλαϐες
3390 3557 3594 3629 μηκέτι

2017 3658 2332 3728 ὑφεστάναι,
2371 3657 2504 3727 μηδὲ
2528 3658 2606 3720 εἰς
2636 3657 2855 3725 μνήμην
2899 3653 3048 3723 ἥξειν
3093 3651 3254 3714 τινός·
3295 3649 3403 3719 ἐγὼ
3428 3649 3484 3702 δὲ
3513 3648 3593 3712 ὡς

2016 3749 2147 3812 Θεὸς
2172 3750 2251 3812 εἰς
2298 3747 2414 3817 φῶς
2442 3746 2688 3816 παράξω,
2751 3745 2844 3797 καὶ
2897 3741 3323 3814 προτεθήσονται
3360 3738 3594 3792 ἐνώπιόν

2019 3857 2130 3893 σου·
2162 3839 2224 3892 ού
2267 3838 2524 3909 κρύπτων
2573 3835 2763 3906 ῶσπερ
2805 3835 2890 3897 σὺ,
2954 3833 3049 3887 καὶ
3092 3832 3438 3903 ὠμοιωμένος
3483 3847 3590 3884 σοι.

2017 3927 2253 3999 Παράξω
2290 3927 2346 3980 δέ
2371 3926 2529 3991 αὐτὰ,
2566 3928 2712 3988 ὅπως
2740 3925 2879 3979 αύτά
2911 3926 3002 3979 καὶ
3023 3924 3303 3995 γνωρίζων
3331 3921 3593 3992 αἰσχύνην

2017 4022 2284 4090 καταχέω.
2311 4019 2560 4088 Ἐλέγξω
2580 4035 2672 4080 σε,
2709 4018 2805 4071 καί
2845 4015 3216 4085 παραστήσω
3241 4015 3389 4069 κατὰ
3404 4014 3597 4082 πρόσ-

2018 4112 2179 4164 ωπόν
2200 4128 2314 4165 σου
2339 4111 2443 4176 τὰς
2490 4110 2773 4180 ἁμαρτίας
2799 4122 2936 4163 σου.

421 4286 512 4340 2‘2.
549 4284 838 4357 Intelligite
857 4287 998 4351 hac,
1041 4288 1132 4356 qui
1159 4286 1528 4340 obliviscimini
1574 4285 1757 4340 Deum.
1813 4285 1916 4341 Ut-

2094 4292 2309 4344 Σύνετε
2333 4289 2407 4356 δὴ
2434 4289 2638 4352 ταῦτα,
2669 4293 2719 4343 οἱ
2735 4289 3265 4355 ἐπιῖανθανόμεγοι
3291 4285 3398 4338 τοῦ
3423 4284 3589 4339 Θεοῦ.

357 4387 481 4446 pote
508 4379 779 4440 clemens,
824 4389 949 4448 post
999 4379 1425 4448 increpationem
1477 4377 1916 4433 adhortationem

357 4469 560 4537 adjicit.
588 4468 724 4522 dans
749 4470 1078 4538 poenitentiae
1103 4470 1306 4524 locum.
1341 4467 1648 4538 lntelligite,
1686 4483 1771 4522 me
1807 4483 1917 4522 non

357 4559 478 4614 ideo
533 4561 722 4612 tandiu
765 4561 996 4614 tolerare
1051 4562 1196 4628 quod
1243 4561 1309 4614 de
1357 4558 1693 4614 facinoribus
1724 4563 1918 4614 vestris

356 4651 644 4721 gaudeam,
685 4651 779 4706 sed
804 4662 862 4706 ut
887 4653 1007 4706 dem
1037 4653 1372 4721 paenitentia:
1417 4652 1618 4706 locum.
1661 4651 1919 4720 Alioquin

357 4741 668 4810 abripitnos
693 4742 935 4811 iniquus,
964 4743 1078 4797 sive
1104 4743 1387 4811 iniquitas,
1407 4743 1622 4797 nemine
1639 4743 1920 4797 liberante.

355 4831 542 4903 Eripio
601 4833 745 4886 enim
799 4847 894 4886 eos
913 4832 1005 4900 qui
1054 4832 1363 4902 intelligunt
1409 4842 1463 4886 et
1511 4847 1538 4886 a
1589 4833 1750 4888 malis
1774 4833 1922 4887 desi-

357 4935 544 4989 stunt,
586 4933 748 4992 atque
781 4923 969 4976 dicunt
1003 4941 1015 4974 :
1049 4921 1256 4990 lnjuste
1305 4925 1535 4991 egimus,
1588 4925 1924 4994 iniquitatem

357 5018 605 5086 fecimus,
641 5016 799 5085 impie
826 5016 1023 5086 egimus
1045 5015 1113 5066 "'.
1166 5012 1303 5068 Nam
1337 5015 1430 5083 qui
1463 5014 1641 5068 adhuc
1679 5016 1733 5069 in
1767 5016 1925 5071 malis

356 5119 601 5163 versatur
634 5107 878 5162 conﬁteri
929 5120 1036 5160 non
1083 5113 1280 5174 potest.
1323 5103 1401 5157 Ne
1431 5104 1642 5174 quando
1676 5107 1848 5174 rapiat
1871 5115 1921 5160 et

358 5215 461 5252 non
491 5200 666 5270 sitqui
689 5200 900 5268 eripiat.
934 5196 1009 5251 Ne
1026 5197 1268 5267 quando,
1299 5196 1496 5265 inquit,
1529 5193 1742 5250 auferat
1771 5213 1923 5253 mors

359 5291 634 5358 animam,
677 5292 1050 5361 paenitentiam
1088 5290 1268 5360 agite;
1314 5305 1473 5343 nemo
1514 5289 1658 5344 enim
1712 5291 1921 5361 estqui

355 5383 549 5453 eripiat
583 5397 677 5438 eos
706 5383 798 5452 qui
825 5391 1042 5453 propter
1076 5391 1297 5454 peccata
1335 5381 1388 5435 in
1423 5379 1636 5435 inferno
1677 5382 1919 5440 conclusi

430 5562 472 5596 ⁸⁷
501 5576 637 5615 vers.
666 5558 750 5614 η.
826 5559 872 5590 ι’
901 5557 1064 5615 Eccli.
1102 5574 1191 5612 xv.
1217 5559 1269 5611 9.
1345 5560 1388 5595 ⁵ο
1429 5557 1469 5611 ιι
1504 5556 1679 5612 Pat'al.
1716 5573 1788 5622 vt,
1828 5558 1914 5614 57.

2037 4383 2124 4446 Ὠς
2173 4381 2547 4456 φιλάνθρωπος
2614 4381 2749 4450 μετά
2795 4379 2886 4432 τὸν
2944 4378 3162 4448 ἔλεγχον
3209 4376 3457 4447 ἐπιφέρει
3499 4375 3594 4430 καὶ

2027 4457 2364 4545 παραίνεσιν,
2387 4461 2676 4541 ’μετανοίας
2707 4473 2868 4525 τόπον
2919 4469 3110 4532 διδούς.
3146 4468 3363 4530 Σύνετε,
3387 4469 3469 4521 ὅτι
3519 4467 3594 4537 μὴ

2027 4565 2228 4636 χαίρων
2252 4567 2362 4626 τοῖς
2384 4565 2473 4632 ὑφ’
2502 4563 2654 4632 ὑμῶν
2687 4562 2994 4632 γενομένοις
3023 4559 3379 4631 μακροθυμῶ,
3407 4556 3596 4628 καιρὸν

2024 4655 2080 4706 δὲ
2107 4654 2393 4724 μετανοίας
2433 4654 2630 4718 διδούς.
2671 4655 2734 4705 Εἰ
2766 4653 2821 4705 δὲ
2851 4653 2947 4723 μὴ,
2974 4650 3213 4723 ἁρπάζει
3239 4653 3388 4722 ἡμᾶς
3416 4653 3444 4703 6
3474 4651 3598 4704 ἀνοο

2025 4762 2143 4814 μος,
2197 4746 2362 4816 ἢγουν
2409 4747 2442 4815 ἡ
2509 4744 2739 4814 ἀνομία,
2792 4743 3017 4814 μηδενὸς
3091 4744 3242 4814 ἡμᾶς
3311 4741 3592 4814 ῥυομένου.

2034 4837 2255 4907 Ῥύομαι
2278 4837 2386 4908 γὰρ
2414 4838 2538 4899 τοὺς
2567 4837 2820 4900 νοοῦντας
2850 4831 2905 4889 οἵ
2929 4836 3113 4890 κακῶν
3147 4838 3276 4900 εἰσι,
3330 4835 3422 4887 καὶ
3454 4850 3596 4886 παυ-

2026 4927 2292 4996 σαμένους
2315 4927 2409 4979 καὶ
2437 4925 2716 4992 λέγοντας·
2755 4927 3183 4996 Ἠνομήσαμεν,
3201 4924 3595 4992 ἠδικήσαμεν,

2024 5015 2431 5086 ἠσεϐήσαμεν.
2497 5018 2573 5070 Οὐ
2625 5017 2734 5088 γὰρ
2804 5017 2950 5070 ἔστιν
3017 5013 3450 5087 ἐξομολογεῖσθαι
3505 5012 3599 5065 τὸν

2030 5109 2109 5162 ἔτι
2138 5111 2196 5162 τὸ
2221 5109 2386 5162 κακὸν
2408 5108 2748 5178 ἐνεργοῦντα.
2787 5108 2880 5176 Μή
2913 5125 3057 5162 ποτε
3089 5107 3352 5174 ἁρπάσῃ,
3393 5104 3488 5158 καί
3509 5103 3598 5173 μὴ

2027 5197 2068 5272 ᾖ
2099 5205 2130 5256 ό
2152 5203 2463 5270 ῥυόμενος.
2505 5203 2595 5273 Μή
2657 5218 2807 5264 ποτε,
2843 5202 3027 5271 φησὶν,
3077 5201 3341 5269 ἀφέληται
3370 5195 3466 5266 τὴν
3495 5194 3599 5262 ψυο

2031 5291 2128 5362 χὴν
2172 5294 2201 5345 ἀ
2231 5291 2478 5356 θάνατος,
2518 5295 2903 5364 μετανοήσατε·
2929 5293 3029 5345 οὐκ
3060 5290 3174 5343 ἐστι
3206 5289 3314 5359 γάρ
3349 5289 3378 5340 6
3406 5285 3600 5358 ῥυόμεο

2040 5401 2129 5448 νος
2177 5385 2304 5448 τοὺς
2348 5386 2405 5438 ἐν
2449 5384 2576 5455 ᾅδου
2606 5384 3071 5456 κατειλημμένους
3113 5383 3232 5444 ταῖς
3282 5376 3594 5451 ἁμαρτίαιςο
