3786 6278
417 254 522 308 259

1256 243 1312 298 S.
1353 238 1717 296 ATHANASII
1754 236 1903 292 OPP.
1940 232 2120 289 PARS
2157 231 2242 286 lll.
2280 261 2349 273 -—
2395 229 2804 286 EXEGETICA.

3541 224 3711 279 ὶιο

487 369 751 443 [Amplius
776 367 896 420 lava
924 379 1002 416 mc
1023 366 1084 414 ab
1117 361 1392 429 iniquitate
1431 373 1576 422 mea,
1626 365 1674 408 et
1697 371 1730 407 a
1757 363 1968 423 peccato

2143 346 2321 417 [Ἐπὶ
2381 345 2591 398 πλεῖον
2640 343 2876 398 πλῦνάν
2933 358 3010 410 με
3067 340 3185 396 ἀπὸ
3231 339 3340 408 τῆς
3388 340 3709 410 ἀνομίας

417 442 528 515 meo
553 459 750 513 munda
779 473 878 511 me.
907 453 1194 508 Peccatum
1233 451 1364 504 dicit
1395 447 1738 503 adulterium.
1785 442 1974 498 Scien-

418 556 545 609 dum
577 561 756 606 autem
785 557 889 612 est,
914 554 1190 614 peccatum
1218 558 1340 598 esse
1371 556 1402 596 a
1426 541 1568 595 bono
1593 539 1838 607 lapsum;
1872 535 1975 589 ini—

350 620 355 630 .
419 643 680 715 quitatem
712 653 839 716 vero
861 632 1379 707 praevaricationem
1408 629 1460 682 in
1489 628 1727 682 divinam
1757 624 1926 693 legem
1956 640 1970 676 :

419 738 535 790 haec
557 741 684 789 sunt
704 731 987 802 ambprum
1016 724 1303 795 principia.
1345 724 1403 775 In
1435 725 1534 775 hoc
1565 727 1742 774 autem
1772 732 1974 772 conve-

419 830 596 891 niunt,
627 822 772 893 quod
802 820 1010 876 scilicet
1041 825 1291 887 peccator
1335 814 1402 868 ab
1443 827 1510 868 eo
1543 811 1638 882 qui
1674 808 1972 864 secundum

419 925 666 971 naturam
699 920 753 966 et
774 911 829 964 in
857 918 1054 964 natura
1079 916 1162 962 est
1190 920 1355 972 scopo
1377 902 1708 958 aberraverit
1732 917 1747 954 :
1773 901 1973 954 huma-

419 1023 502 1062 na:
545 1005 745 1075 quippe
779 1013 988 1057 naturae
1027 1000 1115 1054 hic
1146 1013 1343 1068 scopus
1377 996 1588 1065 positus
1618 1002 1730 1059 est,
1785 1001 1846 1047 ut
1889 1005 1975 1046 se-

417 1099 652 1153 cundum
687 1096 952 1151 rationem
984 1093 1164 1156 vivat,
1213 1089 1434 1144 semotis
1461 1096 1514 1141 et
1554 1084 1744 1154 procul
1782 1081 1973 1152 positis

414 1190 484 1245 iis
510 1203 630 1258 quae
675 1185 875 1242 rationi
918 1185 1296 1239 adversantur.
1353 1179 1613 1234 Similiter
1653 1176 1746 1246 qui
1787 1175 1975 1244 inique

354 1328 357 1331 .
416 1281 525 1352 agit
551 1280 935 1352 prmvaricatur
983 1285 1173 1331 contra
1209 1274 1380 1344 legem
1433 1271 1488 1325 in
1529 1278 1719 1324 natura
1765 1267 1970 1331 datam,

415 1373 837 1439 intemperanter
871 1384 929 1423 se
952 1382 1164 1437 gerens.
1216 1363 1259 1418 E
1294 1379 1353 1418 re
1391 1363 1554 1433 igitur
1601 1359 1879 1430 apostolus
1920 1367 1973 1411 et

415 1463 713 1531 discipulus
734 1461 932 1515 Christi
959 1458 1195 1513 Joannes
1220 1465 1510 1524 utrumque
1534 1453 1587 1507 in
1615 1466 1725 1506 uno
1751 1449 1974 1518 copula-

413 1556 491 1608 vit
516 1554 596 1608 sic
625 1553 854 1622 loquens
877 1552 956 1604 ‘°:
985 1549 1166 1605 Omnis
1197 1549 1286 1619 qui
1316 1547 1446 1617 facit
1476 1552 1765 1615 peccatum,
1804 1549 1853 1594 et
1876 1539 1974 1592 ini-

414 1646 665 1715 quitatem
689 1644 854 1712 facit;
912 1657 975 1698 ac
998 1642 1042 1696 si
1072 1641 1302 1706 diceret,
1344 1637 1632 1692 Peccatum
1683 1641 1967 1689 consenta-

413 1753 575 1792 neum
601 1745 683 1792 est
714 1737 1008 1806 iniquitati.
1028 1733 1164 1789 Nam
1188 1733 1438 1804 quisquis
1468 1729 1653 1797 inique
1683 1725 1815 1796 agit,
1848 1739 1972 1793 pec-

413 1838 539 1894 cat;
594 1842 769 1897 neque
802 1836 979 1880 tamen
1021 1825 1200 1880 omnis
1230 1825 1321 1894 qui
1366 1832 1573 1892 peccat,
1610 1818 1793 1886 inique
1835 1813 1967 1884 agit.

413 1917 596 1973 Potest
633 1925 815 1970 autem
843 1931 906 1970 ex
939 1916 1187 1985 opposito
1216 1914 1342 1979 dici,
1369 1912 1496 1980 quia
1522 1910 1748 1973 scilicet,
1785 1904 1969 1960 Omnis

412 2012 502 2081 qui
539 2010 670 2080 facit
701 2019 991 2079 peccatum,
1022 2017 1070 2061 et
1097 2007 1427 2076 iniquitatem
1457 2002 1635 2073 facit.]

486 2104 540 2156 6.
572 2101 688 2155 Tibi
711 2101 810 2154 soli
837 2101 1044 2167 peccavi
1069 2109 1118 2152 et
1147 2098 1347 2151 malum
1382 2112 1558 2150 coram
1585 2103 1632 2147 te
1653 2093 1773 2162 feci.
1803 2087 1970 2157 Quasi

414 2193 558 2247 dicat
590 2211 604 2246 :
639 2190 753 2246 Etsi
813 2191 1088 2260 peccando
1131 2187 1595 2268 omnium’oculos
1627 2183 1769 2252 fugi,
1823 2181 1970 2237 solos

412 2296 536 2342 tuos
560 2303 666 2342 non
699 2286 850 2341 latui.
876 2283 998 2340 ldeo
1027 2285 1158 2338 dicit
1185 2303 1198 2338 :
1233 2283 1299 2336 Et
1337 2261 1536 2336 malum
1564 2295 1742 2333 coram
1772 2284 1822 2331 te
1843 2275 1967 2346 feci.

411 2375 591 2430 Multis
620 2391 649 2430 a
692 2384 745 2429 te
782 2374 1005 2429 affectus
1034 2375 1192 2429 bonis
1231 2371 1504 2427 contraria
1550 2367 1796 2438 rependi.
1851 2362 1968 2417 Non

411 2465 483 2518 ita
512 2480 675 2534 porro
700 2465 937 2534 loquitur
965 2465 1109 2533 quod
1140 2463 1338 2533 injuria
1375 2478 1481 2516 non
1505 2460 1750 2514 aﬂecisse
1784 2455 1966 2510 Uriam

411 2557 717 2623 existimet;
759 2571 882 2610 nam
923 2570 1032 2624 quo
1063 2563 1218 2623 pacto
1261 2551 1430 2606 illud?
1469 2550 1563 2605 sed
1606 2551 1732 2619 quia
1776 2547 1971 2616 iniqui-

412 2663 493 2708 tas
529 2650 766 2703 maxima
793 2647 848 2701 in
884 2647 1058 2715 ipsum
1097 2644 1319 2698 vertitur
1355 2643 1548 2708 Deum,
1588 2641 1682 2710 qui
1729 2654 1854 2694 eum
1902 2653 1970 2692 ex

413 2751 626 2814 pastore
653 2741 706 2794 in
735 2753 913 2808 regem
945 2737 1233 2806 allegerat:
1270 2742 1363 2788 aut
1392 2734 1540 2802 quia,
1572 2747 1694 2786 cum
1724 2730 1969 2785 omnium

412 2834 620 2903 fugeret
645 2829 852 2890 oculos,
879 2825 973 2880 Dei
1001 2833 1351 2895 conspectum
1383 2838 1493 2876 non
1521 2820 1728 2890 eﬂugit,
1755 2819 1846 2874 sed
1874 2832 1972 2886 per

411 2922 729 2994 prophetam
772 2918 1132 2988 reprehensus
1177 2923 1294 2970 est:
1327 2923 1455 2979 aut,
1507 2921 1692 2980 utpote
1727 2924 1823 2964 rex
1867 2907 1968 2978 legi

413 3014 693 3070 hominum
745 3027 852 3066 non
902 3009 1245 3079 subjacebat;
1303 3015 1364 3060 ut
1415 3013 1596 3058 autem
1650 3002 2042 3072 religiosus,c

411 3105 523 3160 Deo
556 3105 657 3160 soli
686 3123 698 3158 :
733 3114 828 3158 aut
853 3102 1108 3172 quoniam
1143 3115 1304 3154 nemo
1331 3096 1690 3168 redarguebat
1712 3140 1727 3164 ,
1758 3095 1852 3151 sed
1877 3110 1970 3150 so-

410 3197 499 3252 lus
530 3196 855 3265 corripiebat
883 3193 1044 3248 Deus.
1097 3191 1244 3257 Tibi,
1272 3190 1479 3261 inquit,
1519 3190 1619 3243 soli
1641 3189 1866 3258 peccavi.
1905 3186 1972 3241 Ut

409 3287 712 3356 iustiﬁceris
741 3286 795 3339 in
829 3285 1152 3339 sermonibus
1177 3283 1301 3335 tuis.
1351 3280 1454 3345 Me,
1489 3279 1687 3349 inquit,
1717 3276 1975 3348 praevari-

411 3391 590 3436 catum
641 3393 736 3448 per
793 3377 1106 3448 prOphetam
1155 3372 1470 3444 coarguisti.
1530 3369 1596 3424 Et
1641 3379 1696 3423 tu
1751 3367 1970 3438 quidem

408 3473 588 3545 justus
611 3486 734 3526 cum
767 3471 878 3534 sis,
914 3479 1202 3539 postquam
1223 3481 1310 3521 me
1356 3465 1422 3519 de
1466 3461 1706 3517 inimicis
1755 3472 1971 3528 semper

409 3563 677 3627 liberasti,
708 3571 762 3616 et
796 3575 881 3614 me
918 3575 1083 3630 regno
1104 3567 1267 3628 atque
1290 3556 1570 3628 prophetia
1597 3553 1838 3617 ornasti;
1872 3565 1973 3621 ego

412 3665 590 3710 autem
636 3652 898 3725 profanus
940 3663 986 3707 et
1034 3651 1306 3706 homicida
1337 3665 1482 3704 sum.
1531 3645 1601 3700 Et
1637 3647 1817 3699 vincas
1853 3659 1972 3697 cum

409 3748 689 3816 iudicaris.
733 3744 1032 3801 Declaratio
1059 3744 1174 3798 sive
1203 3741 1476 3797 confessio
1502 3747 1874 3810 peccatorum.

490 3966 540 4019 7.
573 3965 712 4019 Ecce
736 3967 875 4019 enim
898 3968 952 4019 in
973 3965 1347 4035 iniquitatibus
1368 3973 1643 4032 conceptus
1677 3979 1819 4027 sum,
1848 3971 1898 4017 et
1920 3963 1973 4016 in

411 4058 640 4126 peccatis
689 4058 920 4125 concepit
963 4071 1042 4109 me
1091 4064 1260 4109 mater
1305 4071 1441 4111 mea.
1507 4056 1775 4122 Quoniam
1825 4054 1977 4124 prior

2084 4067 2227 4132 τίαις
2261 4061 2555 4130 ἐκίσσησέ
2599 4078 2675 4130 με
2727 4060 2764 4127 ἠ
2788 4059 2982 4128 μήτηρ

414 4146 508 4201 Dei
535 4161 736 4217 sc0pus
765 4155 881 4200 erat
901 4185 915 4210 ,
963 4155 1021 4200 ut
1050 4159 1157 4200 non
1188 4161 1284 4217 per
1325 4146 1730 4200 matrimonium
1769 4153 1823 4200 et
1853 4159 1976 4199 cor-

413 4240 719 4309 ruptionem
755 4251 1104 4292 nasceremur
1131 4239 1274 4292 :‘sed
1307 4238 1670 4309 transgressio
1706 4236 1969 4302 mandati,

2071 459 2212 510 μου,
2247 439 2341 492 καὶ
2367 438 2483 492 ἀπὸ
2514 436 2622 503 τῆς
2653 435 2937 504 ἁμαρτίας
2991 450 3109 501 μου
3162 430 3494 499 καθάρισόν
3548 448 3697 500 με-

2087 530 2380 601 Ἀμαρτίαν
2411 528 2465 581 δὲ
2494 527 2591 597 τὴν
2619 525 2880 596 μοιχείαν.
2930 523 3144 585 Ἰστέον,
3175 522 3247 585 ὡς
3272 522 3523 592 ἁμαρτία
3552 523 3700 591 μὲν

2074 625 2108 692 ή
2154 621 2245 674 τοῦ
2273 617 2476 688 ἀγαθοῦ
2522 616 2836 678 ἁπόπτωσίς
2893 617 3059 667 ἐστιν·
3111 612 3307 682 ἀνομία
3358 611 3415 663 δὲ
3446 613 3482 680 ἡ
3516 613 3696 683 περὶ

2072 712 2162 766 τὸν
2183 712 2320 764 θεῖον
2348 709 2506 778 νόμον
2545 706 2906 777 πλημμέλεια·
2943 702 3235 757 καὶταῦτα
3286 702 3501 772 ἔχουσιν
3544 703 3693 772 ἀρ·-

2074 803 2173 874 χὴν
2195 801 2451 871 ἑκάτερον
2473 798 2693 852 τούτων.
2729 795 2912 867 Συμφέ
2924 811 3100 866 ρονται
3144 794 3198 846 δὲ
3224 794 3316 846 καὶ⁵
3342 793 3484 846 κατά
3519 811 3644 846 toto
3665 823 3694 833 ο

2072 896 2181 947 τόνο
2212 895 2300 946 ὅτε
2346 892 2452 962 γὰρ
2485 890 2808 960 ἁμαρτάνων
2854 885 2946 940 τοῦ
2989 885 3127 939 κατὰ
3157 886 3317 954 φύσιν
3349 885 3444 937 καὶ
3477 887 3539 937 ὲν
3586 887 3692 955 τῇ

2075 985 2231 1053 φύσει
2266 981 2499 1050 ἀπέτυχε
2524 977 2745 1031 σκοποῦ³
2773 978 2836 1047 τῇ
2859 974 2966 1046 γὰρ
2995 974 3304 1046 ἀνθρωπεία
3328 972 3490 1040 φύσει
3524 990 3692 1024 axo-

2075 1075 2174 1136 πὸς
2227 1072 2286 1126 τὸ
2341 1069 2481 1125 κατὰ
2527 1069 2617 1121 τὸν
2647 1067 2803 1135 λόγον
2854 1065 2950 1136 ζῇν
3012 1065 3110 1135 τῆς
3168 1063 3386 1132 ἀλογίας
3453 1063 3691 1135 πόρρω)

2074 1161 2449 1232 ἀπῳκισμένη.
2515 1157 2782 1220 Ὡσαύτως
2837 1156 2930 1209 καὶ
2992 1155 3020 1207 ὁ
3079 1153 3292 1224 ἀνομῶν
3334 1153 3694 1224 πλημμελεῖ

2075 1253 2202 1324 περὶ
2226 1252 2316 1305 τὸν
2349 1253 2405 1304 ὲν
2437 1253 2502 1320 τῇ
2534 1248 2691 1317 φύσει
2717 1246 2998 1318 δεδομένον
3033 1246 3214 1316 νόμον,
3268 1245 3684 1314 διαγενόμενος

2074 1343 2346 1416 ἀκρατῶς.
2376 1339 2568 1402 Καλῶς
2595 1335 2687 1392 οῦν
2745 1339 2838 1391 καὶ
2887 1337 3190 1398 ἀπόστολος
3256 1336 3508 1406 Ἰωάννης
3559 1337 3686 1388 καὶ

2077 1432 2321 1504 μαθητὴς
2345 1431 2435 1484 τοῦ
2463 1429 2696 1501 Χριστοῦ
2723 1431 2801 1491 είς
2819 1427 3014 1480 ταυτὸν
3050 1426 3333 1498 ἀμφότερα
3354 1424 3681 1495 περιέστη-

2077 1539 2164 1575 σεν
2215 1520 2402 1574 εἰπών’
2431 1519 2553 1586 Πᾶς
2591 1523 2623 1574 ό
2675 1519 2859 1572 ποιῶν
2906 1517 3020 1585 τὴν
3055 1517 3345 1584 ἁμαρτίαν
3391 1514 3490 1568 καὶ
3533 1515 3686 1583 τὴν

2074 1613 2326 1682 ἀνομίαν
2372 1611 2549 1664 ποιεῖ·
2592 1610 2792 1673 ἄλλωςο
2831 1610 2894 1662 Ἦ
2922 1607 3162 1678 ἁμαρτία
3212 1606 3547 1677 κατάλληλος
3580 1611 3669 1676 τῇ

2002 1689 2044 1744 Β
2073 1667 2288 1773 ἀνομίᾳ.
2324 1702 2439 1765 Πᾶς
2492 1703 2597 1771 γὰρ
2642 1702 2671 1753 ὁ
2719 1667 2932 1770 ἀνομῶν
2956 1667 3280 1768 ἁμαρτάνει,
3329 1697 3389 1748 οὐ

2073 1796 2477 1869 ἁμαρτάνοντος
2503 1794 2845 1865 ἁνομοῦντος.
2872 1791 3102 1845 Δύναται
3141 1790 3196 1843 δὲ
3231 1790 3322 1844 καὶ
3344 1791 3406 1842 ἐκ
3436 1791 3673 1861 παραλ-

2069 1887 2228 1960 λήλου
2257 1887 2503 1959 εἰρῆσθαι
2536 1885 2623 1939 διὰ
2657 1884 2742 1938 τό·
2781 1883 2906 1950 Πᾶς
2938 1886 2970 1937 ό
2991 1881 3175 1935 ποιῶν
3205 1880 3319 1949 τὴν
3353 1881 3675 1950 ἁμαρτίαν

2071 1978 2167 2031 καὶ
2216 1977 2331 2045 τὴν
2359 1977 2617 2046 ἀνομίαν
2635 1972 2833 2046 ποιεῖ]

2140 2069 2240 2122 Σοὶ
2288 2068 2451 2135 μόνῳ
2505 2066 2792 2134 ἥμαρτον,
2841 2061 3044 2117 καὶτὸ
3095 2059 3361 2129 πονηρὸν
3389 2060 3671 2115 ἐνώπιόν·

2069 2172 2184 2212 σου
2223 2157 2662 2225 ἐποίησα.Ἀντ“ι
2694 2155 2808 2208 τοῦ*
2843 2155 2980 2217 Τοὺς
3013 2154 3225 2207 πάντων
3255 2151 3668 2223 ἀποκρυψάμε-

2070 2266 2157 2312 νος
2179 2247 2487 2318 όφθαλμοὺς
2512 2247 2568 2298 ὲν
2586 2244 2664 2316 τῷ
2691 2244 3133 2316 παρανομήματι,
3151 2243 3277 2305 τοὺς
3301 2242 3426 2304 σοὺς
3455 2241 3666 2313 μόνους

2069 2339 2130 2390 ού
2158 2336 2416 2390 διέλαθον.
2440 2336 2529 2388 Διό
2556 2352 2706 2407 φησι·
2738 2335 2845 2389 Καὶ
2870 2335 2934 2387 τὸ
2970 2331 3234 2400 πονηρὸν
3258 2331 3511 2385 ἐνώπιόν
3530 2347 3667 2385 σου

2069 2429 2345 2495 ἐποίησα.
2394 2426 2611 2480 Πολλῶν
2659 2427 2766 2498 γάρ
2823 2423 3135 2487 ἀπολαύσας
3185 2423 3335 2496 παρὰ
3389 2423 3504 2489 σοῦ,
3533 2425 3664 2487 τοῖς

2071 2520 2329 2582 ἐναντίοις
2378 2518 2718 2590 ἠμειψάμην.
2767 2517 2875 2570 Καὶ
2925 2516 2984 2569 ού
3037 2516 3194 2569 τοῦτο
3233 2515 3398 2584 λέγει,
3444 2515 3519 2578 ὡς
3546 2513 3662 2568 οὐκ

2070 2610 2293 2682 ἠδίκησε
2327 2610 2417 2663 τὸν
2443 2610 2662 2681 Οὐρίανο
2709 2607 2825 2671 πῶς
2863 2607 3005 2678 γάρ;
3036 2607 3150 2660 ἀλλ’
3183 2607 3264 2659 ὅτι
3331 2607 3363 2676 ή
3412 2604 3656 2677 μεγίστη

2071 2700 2382 2771 παρανομία
2409 2703 2488 2763 είς
2519 2700 2678 2753 αὑτὸν
2706 2698 3031 2769 τετόλμηται
3054 2697 3144 2751 τδν
3169 2697 3298 2750 Θεὸν
3315 2696 3405 2749 τὸν
3427 2696 3661 2762 ἐκλεξὰ-

2075 2808 2233 2864 μενον
2277 2792 2371 2845 καὶ
2399 2791 2620 2862 βασιλέα
2653 2794 2716 2844 ὲκ
2737 2790 3054 2862 προϐατέως
3078 2788 3430 2859 πεποιηκότα·
3466 2787 3498 2859 ἢ
3522 2788 3657 2841 ἐπεὶ

2071 2888 2196 2949 τοὺς
2238 2886 2454 2939 πάντων
2506 2883 2964 2955 ἀποκρυψάμενος
3018 2879 3346 2951 ὀφθαλμοὺς,
3396 2881 3521 2941 τοὺς
3547 2879 3655 2931 τοῦ

2073 2977 2205 3029 Θεοῦ
2234 2978 2331 3030 οὐκ
2360 2975 2564 3038 ἔλαθεν,
2590 2975 2706 3028 ἁλλ’
2735 2973 2976 3044 ἠλέγχθη
3019 2971 3106 3025 διὰ
3139 2971 3230 3023 τοῦ
3271 2970 3568 3041 προφήτου·
3611 2969 3650 3038 ἦ

2074 3067 2148 3131 ὡς
2185 3068 2282 3138 μὲν
2315 3066 2563 3137 βασιλεὺς
2590 3065 2739 3136 νόμῳ
2769 3061 3067 3135 ἀνθρώπων
3119 3062 3216 3132 οὑχ
3270 3061 3540 3123 ὑπέκειτο,
3566 3059 3654 3122 ὡς

2073 3159 2130 3211 δὲ
2163 3158 2414 3228 θεοσεϐὴς
2466 3156 2544 3227 τῷ
2577 3154 2694 3226 Θεῷ
2755 3155 2920 3225 μόνῳσ
2972 3154 3005 3224 ἢ
3050 3153 3171 3206 ἐπεὶ
3213 3150 3512 3225 ἀνθρώπιον
3545 3151 3655 3221 μὲν

2072 3250 2248 3312 οὐδεὶς
2275 3248 2521 3319 ἤλεγχεν,
2538 3245 2666 3308 Θεὸς
2691 3245 2747 3298 δὲ
2775 3241 3121 3316 διωρθώσατο
3148 3242 3323 3312 μόνος.
3346 3243 3466 3304 Σοὶ,
3485 3242 3646 3312 φησὶ,

2068 3341 2233 3409 μόνῳ
2270 3338 2549 3406 ἥμαρτον.
2583 3336 2773 3399 Ὅπως
2805 3334 2882 3387 ἂν
2907 3331 3225 3400 δικαιωθῇς
3255 3325 3348 3384 ἐν’
3375 3329 3496 3395 τοῖς
3537 3332 3651 3383 λό-

2078 3447 2204 3501 γοις
2235 3443 2368 3483 σου.
2401 3427 2666 3498 Ἥλεγξάς
2700 3443 2785 3498 με,
2820 3425 2972 3497 φησὶ,
3003 3423 3090 3476 διὰ
3111 3423 3203 3477 τοῦ
3234 3424 3507 3494 προφήτου
3537 3440 3652 3475 παι

2077 3522 2469 3593 ρανομήσαντα-
2502 3519 2594 3573 καὶ
2635 3519 2698 3573 σὺ
2728 3517 2824 3588 μὲν
2853 3516 3055 3577 δίκαιος
3084 3515 3158 3567 ὢν
3189 3514 3283 3567 καὶ
3308 3513 3413 3566 τῶν
3436 3511 3651 3584 ἐχθρῶν

2076 3612 2302 3664 πάντοτε
2364 3609 2684 3681 ῥυσάμενος,
2737 3607 2831 3659 καὶ
2894 3605 3136 3676 βασιλείᾳ
3196 3605 3288 3659 καὶ
3346 3605 3651 3678 προφητείᾳ

2073 3703 2328 3773 τιμήσαςο
2364 3700 2474 3768 ἐγὼ
2494 3700 2548 3752 δὲ
2575 3695 2800 3769 βέϐηλος
2861 3697 2954 3749 καὶ
3000 3695 3300 3766 μιαιφόνος.
3335 3695 3446 3749 Καὶ
3478 3696 3648 3762 νική-

2075 3806 2193 3860 σῃς
2220 3791 2289 3843 ὲν
2325 3789 2404 3854 τῷ
2441 3787 2751 3856 κρίνεσθαι
2788 3800 2882 3840 σε.
2923 3785 3216 3849 Ἀπόδειξις
3241 3786 3357 3856 ἤτοι
3385 3784 3648 3855 ὁμολογία

2074 3884 2182 3937 τῶν
2214 3881 2639 3954 ἁμαρτημάτων.

2160 3975 2304 4030 Ἰδοὺ
2320 3974 2427 4043 γὰρ
2447 3973 2516 4026 ἐν
2537 3971 2808 4040 ἀνομίαις
2827 3968 3236 4038 συνελήφθην,
3256 3970 3350 4021 καὶ
3376 3967 3444 4020 ἐν
3461 3966 3646 4035 ἁμαρ-

3090 4079 3145 4114 υ.
3211 4057 3424 4127 Ἐπειδὴ
3456 4059 3482 4108 ὁ
3509 4073 3646 4128 προσ

2075 4155 2374 4226 ηγούμενος
2435 4150 2633 4212 σκοπὸς
2689 4148 2781 4200 τοῦ
2807 4147 2950 4205 ,Θεοῦ
2983 4145 3050 4220 ἦν
3093 4148 3186 4201 τοῦ
3245 4147 3318 4218 μὴ
3353 4145 3440 4198 διὰ
3461 4145 3640 4214 γάμου

2078 4247 2324 4317 γενέσθαι
2358 4245 2503 4316 ἡμᾶς
2527 4243 2621 4296 καὶ
2666 4241 2888 4312 φθορᾶς
2917 4243 2950 4311 ή
2985 4241 3039 4294 δὲ
3093 4239 3403 4310 παράϐασις
3430 4237 3528 4306 τῆς
3548 4238 3640 4290 ὲν-

413 4334 628 4401 nuptias
663 4330 873 4383 induxit
894 4330 963 4384 ob
983 4329 1172 4384 Adami
1199 4329 1562 4399 iniquitatem,
1613 4329 1665 4383 id
1689 4336 1796 4393 est,
1825 4327 1972 4396 quod

2084 4341 2232 4409 τολῆς
2251 4338 2337 4391 τὸν
2362 4337 2537 4405 γὰιμον
2562 4333 2821 4403 εἰσήγαγε
2843 4332 2928 4386 διὰ
2959 4333 3019 4386 τὸ
3036 4333 3307 4403 ἁνομῆσαι
3331 4331 3421 4383 τὸν
3450 4329 3635 4400 Ἀδάμ,

411 4425 594 4479 datam
625 4424 726 4478 sibi
763 4437 793 4476 a
829 4421 936 4476 Deo
955 4423 1136 4493 tlegem
1183 4421 1572 4491 vilipendisset.
1626 4419 1827 4473 Omnes
1873 4418 1976 4471 ita-

413 4528 518 4580 que
545 4512 711 4581 quiex
737 4512 944 4565 Adamo
974 4514 1246 4574 oriuntur.
1273 4513 1326 4566 in
1366 4511 1746 4581 iniquitatibus
1785 4510 1974 4564 conci-

413 4604 637 4673 piuntur
663 4641 678 4660 .
711 4606 898 4671 proavi
919 4606 1002 4657 sui
1038 4604 1387 4658 damnatione
1419 4602 1664 4672 collapsi.
1711 4602 1846 4656 Illud
1883 4617 1978 4655 au-

412 4705 518 4747 tem
546 4710 558 4746 :
603 4690 664 4744 Et
686 4693 739 4744 in
761 4694 986 4760 peccatis
1008 4696 1236 4761 concepit
1265 4710 1347 4747 me
1374 4705 1542 4747 mater
1571 4709 1685 4747 mea
1704 4733 1719 4760 ,
1766 4692 1975 4763 signiti-

412 4792 500 4838 cat
529 4781 694 4836 Evam
720 4782 963 4837 omnium
984 4793 1237 4837 nostrum
1270 4793 1497 4839 matrem
1519 4825 1534 4850 ,
1575 4801 1673 4840 ceu
1701 4785 1974 4854 voluptate

413 4883 740 4945 turgentem,
788 4874 1104 4942 concepisse
1131 4881 1435 4943 peccatum.
1488 4872 1830 4943 Quapropter
1871 4889 1970 4929 nos

412 4969 467 5020 in
501 4966 692 5021 matris
738 4975 938 5020 nostra
978 4966 1381 5019 damnationem
1426 4965 1697 5034 delapsos,
1755 4967 1966 5036 concipi

410 5058 645 5111 dicimus
673 5055 727 5110 in
763 5055 1159 5125 iniquitatibus.
1185 5054 1436 5110 Declarat
1465 5071 1574 5124 quo
1591 5064 1747 5123 pacto
1772 5056 1840 5109 ab
1864 5057 1970 5110 ini-

408 5149 486 5200 tio
527 5157 718 5202 natura
766 5147 1046 5204 hominum
1096 5146 1200 5201 sub
1242 5156 1522 5216 peccatum
1556 5147 1852 5202 conciderit
1900 5162 1969 5202 ex

410 5236 534 5292 Eva:
561 5240 1013 5308 transgressione,
1050 5247 1105 5293 et
1141 5244 1243 5294 sub
1273 5238 1652 5294 maledictione
1683 5249 1834 5294 ortus
1854 5239 1971 5309 ejus

411 5328 594 5384 fuerit.
637 5329 951 5385 Sermonem
984 5340 1161 5387 autem
1190 5333 1353 5388 altius
1381 5333 1610 5400 orditur,
1645 5334 1775 5389 dum
1803 5333 1972 5390 divini

411 5420 653 5476 muneris
679 5421 1102 5491 magnitudinem
1135 5425 1328 5494 quaerit
1351 5424 1654 5480 ostendere.

493 5648 537 5684 "
567 5650 582 5704 ι
615 5648 772 5706 Joan.
796 5665 879 5712 ut.
911 5655 964 5705 4.

2076 4432 2348 4486 τουτέστιν
2383 4427 2643 4498 ἀθετῆσαι
2669 4427 2758 4480 τὸν
2787 4429 2852 4480 ὲκ
2873 4424 3004 4479 Θεοῦ
3035 4424 3252 4476 δοθέντα
3286 4421 3431 4491 αὐτῷ
3456 4421 3631 4492 νόμον.

2077 4522 2278 4584 Πάντες
2308 4517 2401 4575 οὗν
2424 4523 2472 4573 οἱ
2517 4519 2574 4585 ἐξ
2613 4517 2786 4588 Ἀδάμ
2811 4516 3087 4585 γενόμενοι
3121 4515 3177 4565 ὲν
3225 4513 3472 4583 ἀνομίαις
3515 4511 3637 4563 συλ-

2075 4614 2434 4684 λαμϐάνονται
2472 4610 2863 4668 ὑποπίπτοντες
2901 4608 2966 4675 τῇ
2990 4603 3084 4657 τοῦ
3113 4605 3450 4675 προπάτορος
3481 4617 3634 4654 κατα·

2073 4704 2215 4774 δίκῃ.
2245 4703 2318 4754 Τὸ
2346 4702 2422 4762 δὲ,
2460 4700 2570 4753 Καὶ
2592 4700 2662 4751 ἐν
2684 4697 2997 4763 ἁμαρτίαις·
3025 4694 3320 4762 ἐκίσσησέ
3355 4712 3430 4763 με
3453 4696 3489 4762 ἡ
3519 4693 3631 4762 μή-

2073 4811 2182 4862 τηρ
2226 4810 2367 4862 μου,
2426 4790 2674 4861 σημαίνει
2721 4789 2802 4840 ὅτι
2846 4789 2879 4856 ή
2917 4785 3050 4853 Εὔα,
3109 4787 3372 4841 ἁπάντων
3424 4785 3569 4857 ήμῶν
3597 4788 3631 4856 ή

2077 4889 2277 4957 μήτηρ,
2300 4881 2488 4954 πρώτη
2519 4880 2772 4950 ὲκίσσησε
2793 4877 2888 4945 τὴν
2908 4879 3199 4949 ἁμαρτίαν,
3216 4878 3402 4949 ὥσπερ
3426 4875 3632 4948 ὀργῶσα

2071 4977 2169 5042 τὴν
2197 4976 2407 5045 ἡδονήν.
2445 4971 2542 5025 Διὰ
2580 4970 2734 5023 τοῦτο
2765 4970 2859 5023 καὶ
2888 4973 3068 5042 ἡμεῖς,
3101 4971 3290 5043 τῇτῆς
3319 4970 3517 5043 μητρὸς
3536 4986 3627 5024 κα.

2073 5068 2427 5128 ταπίπτοντες
2457 5061 2744 5136 καταδίκῃ,
2788 5063 3077 5117 κισσᾶσθαι
3105 5062 3334 5132 λέγομεν
3377 5063 3434 5116 ὲν
3471 5062 3636 5133 ἁμαρ-

2073 5163 2239 5224 τίαις.
2280 5158 2579 5221 Δείκνυσιν,
2637 5155 2712 5220 ὡς
2755 5154 2814 5220 ὲξ
2869 5156 3039 5229 ἀρχῆς
3070 5159 3103 5229 ἡ
3135 5155 3432 5228 ἀνθρώπων
3483 5153 3632 5224 φύσις

2077 5252 2180 5306 ὑπὸ
2207 5250 2303 5322 τὴν
2335 5247 2607 5319 ἁμαρτίαν
2640 5247 2922 5301 πέπτωκεν
2957 5248 3060 5300 ὑπὸ
3109 5247 3209 5318 τῆς
3239 5249 3296 5300 ὲν
3333 5245 3445 5317 Εὑᾳ
3470 5257 3632 5315 παρασ-

2077 5343 2306 5405 6άσεως,
2341 5339 2434 5392 καὶ
2458 5337 2562 5391 ὑπὸ
2594 5336 2839 5406 κατάραν
2866 5338 2899 5408 ἡ
2929 5337 3180 5408 γέννησις
3208 5337 3449 5405 γέγονεν.
3471 5335 3633 5387 ιἈνωο

2079 5432 2168 5485 θεν
2198 5431 2255 5484 δὲ
2284 5429 2497 5498 ὑφαίνει
2528 5427 2618 5482 τὸν
2643 5426 2822 5495 λόγον,
2855 5425 2915 5480 τὸ
2948 5425 3173 5497 μέγεθος
3228 5426 3328 5497 τῆς
3360 5423 3453 5479 τοῦ
3501 5422 3631 5477 Θεοῦ

2077 5521 2281 5592 δωρεᾶς
2303 5518 2470 5586 δεῖξαι
2505 5517 2839 5588 βουλόμενος.
