3786 6278
408 414 521 473 3-ιὸ

1257 407 1314 463 S.
1359 402 1734 461 ATHANASII
1769 402 1923 461 OPP.
1962 398 2145 456 PARS
2180 395 2270 452 lll.
2309 423 2382 436 —
2414 389 2826 459 EXEGETICA.

488 533 575 589 14.
604 493 778 587 Doride
809 529 938 583 mihi
962 528 1204 586 laztitiam
1228 524 1483 579 salutaris
1518 523 1616 579 tui.
1643 520 1758 579 Hoc
1778 521 1846 577 ad
1871 521 1972 576 hu-
2001 528 2024 582 Α

2176 514 2395 580 Amidae;
2415 502 2515 582 μοι
2541 509 2656 577 τὴν
2680 506 3045 578 ἀγαλλίασιν
3063 497 3167 553 τού
3196 511 3489 565 σωτηριου
3506 509 3684 550 σου.

414 641 637 684 manum
668 639 838 697 genus
865 636 1027 676 omne
1057 618 1311 673 refertur.
1348 616 1612 672 Laetitiam
1633 614 1854 686 quidem
1882 627 1974 667 sa-

411 717 626 783 lutaris,
675 717 965 770 adventum
1000 709 1213 765 Domini
1227 714 1432 769 'vocat,
1465 708 1621 776 juxta
1651 705 1782 760 illud
1816 719 1847 759 a
1872 702 1976 775 Sy-

414 824 608 865 meone
631 808 834 862 dictum
866 804 911 835 “
938 821 951 857 :
984 800 1125 867 Quia
1151 801 1388 855 viderunt
1419 799 1560 852 oculi
1598 797 1702 851 mei
1743 796 1983 851 salutare

416 914 584 955 tuum.
628 901 799 967 Rogat
850 904 1032 950 autem
1071 901 1131 949 ut
1177 893 1324 947 illius
1374 892 1646 962 particeps
1690 887 1975 945 eﬂicialur.

415 992 489 1047 Et
537 991 725 1061 spiritu
770 986 1054 1057 principali
1105 984 1359 1052 conﬁrma
1391 998 1491 1036 me.
1548 979 1720 1046 Quem
1769 986 1977 1035 rectum

420 1085 674 1157 superius
706 1083 921 1137 vocavit
949 1080 1196 1150 spiritum
1215 1117 1231 1145 _.
1259 1076 1349 1131 hic
1374 1073 1726 1145 principalem
1749 1080 1927 1128 vocat.

488 1261 577 1317 15.
609 1260 813 1315 Docebo
843 1260 1051 1329 iniquos
1087 1258 1197 1311 vias
1232 1266 1371 1309 tuas.
1418 1254 1707 1323 Postquam
1731 1291 1747 1318 ,
1782 1251 1983 1320 inquit,

417 1369 506 1407 me
545 1369 575 1407 a
631 1360 853 1423 peccato
896 1347 1235 1414 liberaveris,
1296 1346 1481 1402 statim
1532 1345 1667 1399 mihi
1716 1344 1982 1399 concedas

421 1445 685 1515 Spiritum
720 1451 970 1498 sanetum
1009 1450 1184 1495 tuum.
1238 1437 1396 1493 Tunc
1437 1444 1620 1492 autem
1654 1434 1983 1506 przevarica~

420 1543 568 1590 tores
600 1533 805 1588 docebo
838 1531 1085 1586 incedere
1109 1530 1224 1583 vias
1254 1536 1396 1583 tuas.

496 1625 579 1678 16.
614 1623 804 1677 Libera
837 1639 917 1676 me
943 1623 1007 1676 de
1038 1619 1382 1691 sanguinibus
1406 1660 1421 1685 ,
1453 1618 1595 1672 Dens
1623 1617 1756 1672 Deus
1793 1614 1985 1670 salutis

421 1732 568 1771 mete.
593 1712 832 1768 Rursum
865 1728 965 1783 pro
993 1713 1138 1768 caede
1160 1711 1302 1766 Uriie
1331 1711 1780 1781 supplicationem
1808 1707 1984 1772 all‘ert,

423 1816 484 1862 ut
513 1807 695 1876 aliquo
743 1798 905 1860 modo
952 1820 1016 1859 ex
1068 1805 1187 1875 ejus
1237 1803 1532 1872 pollutione
1564 1802 1826 1856 liberetur
1859 1817 1874 1855 :
1906 1799 1988 1853 vel

2082 610 2176 672 Είς
2202 608 2344 661 ἅπαν
2364 604 2427 658 τὸ
2454 601 2560 656 τῶν
2586 596 2886 670 ἀνθρώπων
2902 592 3057 664 γένος
3085 589 3434 661 ἀναφέρεται.
3466 586 3689 656 Ἀγαλ.

2081 700 2256 753 λίασιν
2290 696 2388 768 μὲν
2414 692 2679 763 σωτηρίου
2707 689 2805 760 τὴν
2836 684 3137 756 παρουσίαν
3185 679 3279 734 τοῦ
3312 678 3687 768 Κυρίου-φη-

2039 800 2051 808 ”
2085 791 2158 855 σί,
2192 765 2334 842 κατά
2363 786 2424 839 τὸ
2458 784 2743 856 εἰρημένον
2779 778 2886 833 ὑπὸ
2916 776 3008 829 τοῦ
3048 770 3289 845 Συμεών·
3316 771 3434 824 ’Ὁτι
3489 765 3688 823 εἶδον

2083 881 2138 933 οἱ
2171 875 2463 948 ὀφθαλμοί
2516 890 2634 942 μου
2676 870 2742 924 τὸ
2797 866 3096 935 σωτήριόν
3146 878 3279 917 σου*
3331 858 3551 930 εὔχεται
3604 858 3689 911 δὲ.

2085 969 2180 1022 καὶ
2217 965 2379 1028 αὐτὸς
2404 961 2568 1018 αὑτοῦ
2605 958 2942 1031 μεταλαϐεῖν.
2985 954 3091 1009 Καὶ
3124 952 3414 1020 πνεύματι
3445 949 3690 1018 ἡγεμο-

2084 1056 2231 1123 νικῷ
2266 1054 2556 1124 στήριξόν
2608 1068 2703 1120 με.
2732 1050 2910 1119 Ὅπερ
2940 1043 3091 1100 εἶπεν
3142 1043 3396 1113 ἀνωτέρω
3438 1038 3689 1110 πνεῦμα.

2086 1149 2261 1211 εύθὲς,
2292 1145 2526 1200 ἐνταῦθα
2557 1140 2881 1215 ἡγεμονικὸν
2910 1139 3086 1195 καλεῖ.
3434 1174 3437 1177 μ

2158 1237 2382 1301 Διδάξω
2431 1236 2694 1304 ἀνόμους
2747 1233 2853 1298 τὰς
2906 1230 3085 1296 ὁδούς
3125 1243 3260 1283 σου.
3308 1222 3523 1295 Ἐπειδὴ
3567 1221 3686 1286 ἂν,

2089 1329 2241 1401 φησι,
2273 1325 2575 1401 ῥυσάμενὸς
2610 1341 2676 1396 με
2708 1325 2808 1395 τῆς
2836 1320 3128 1393 ἁμαρτίας,
3169 1314 3325 1381 αὖθις
3365 1314 3562 1386 ὲπιδῷς
3594 1330 3689 1385 με

2088 1422 2148 1475 τὸ
2183 1421 2274 1474 σὺν
2302 1412 2456 1488 ἅγιόν
2483 1417 2729 1489 Πνεῦμα.
2770 1414 2905 1468 Τότε
2930 1414 2994 1485 δὴ
3033 1412 3196 1465 πάλιν
3239 1409 3339 1473 τὰς
3384 1408 3482 1472 σὰς
3508 1407 3696 1471 ὁδοὺς

2092 1511 2331 1583 βαδίζειν
2355 1508 2550 1574 διδάξω
2574 1511 2699 1573 τοὺς
2722 1505 3178 1579 παραϐαίνοντας.

2174 1602 2386 1656 Ῥ-ῦσαί
2431 1617 2508 1670 με
2545 1598 2614 1663 ἐξ
2673 1596 2956 1668 αἱμάτων,
3015 1597 3048 1648 ό
3097 1591 3241 1659 Θεὸς
3280 1594 3313 1646 δ
3361 1587 3505 1655 Θεὸς
3552 1586 3697 1656 τῆς

2092 1695 2390 1764 σωτηρίας
2416 1711 2557 1763 μου.
2590 1691 2758 1747 Πάλιν
2810 1688 3086 1762 ἱκετηρίαν
3134 1686 3277 1758 ὑπὲρ
3305 1683 3399 1738 τοῦ
3435 1682 3532 1737 τοῦ
3562 1682 3690 1735 0:3-

2099 1788 2210 1860 ρίου
2259 1786 2420 1856 φόνου
2450 1784 2681 1849 τίθεται,
2719 1785 2864 1845 ὅπως
2909 1780 2978 1834 ἂν
3019 1777 3239 1849 ῥυσθείη
3287 1774 3379 1830 τοῦ
3417 1773 3476 1838 ἐξ
3500 1772 3700 1828 αὑτοῦ

423 1899 625 1969 potius,
658 1899 722 1953 de
751 1867 1117 1967 sanguinibus,
1150 1896 1201 1950 id
1227 1867 1311 1950 est
1337 1895 1405 1950 de
1433 1893 1718 1950 sacriﬁciis
1743 1908 1839 1963 per
1864 1907 1991 1946 san-
2022 1882 2024 1933 ξ

2176 1877 2357 1949 ισμοῦο
2409 1877 2443 1949 ἢ
2493 1875 2711 1948 μᾶλλον,
2744 1873 2813 1938 ἐξ
2845 1872 3126 1942 αίμάτων,
3183 1868 3292 1923 τῶν
3341 1868 3407 1921 δι’
3441 1867 3692 1937 αἵματος

424 1991 647 2060 guinem
681 1988 876 2053 factis,
920 1998 980 2043 ut
1030 1987 1273 2041 indicant
1310 2002 1433 2054 quae
1471 1987 1522 2039 in
1552 1985 1764 2056 psalmo
1803 1984 1993 2039 subse-

425 2090 667 2149 quuntur
688 2081 767 2135 sic
796 2098 809 2133 :
848 2078 1114 2143 Quoniam
1151 2078 1196 2130 si
1224 2075 1474 2130 coluisses
1502 2074 1824 2144 sacri/icium
1850 2114 1865 2139 ,
1899 2072 1994 2126 de-

425 2172 620 2226 dissem
650 2173 854 2240 utique,
886 2178 991 2224 etc.
1041 2166 1110 2221 Et
1141 2168 1426 2222 exsultabit
1466 2166 1647 2236 lingua
1680 2181 1794 2219 utea
1827 2165 1996 2235 justi-

428 2264 556 2317 tiam
584 2273 747 2316 tuam.
794 2259 908 2315 lloc
939 2260 1297 2331 Symmachus
1335 2257 1417 2311 sic
1447 2257 1836 2327 interpretatus
1868 2265 1951 2310 est
1980 2273 1994 2310 :

426 2355 694 2427 Loquetur
731 2355 918 2424 lingua
959 2368 1076 2406 mea
1116 2351 1537 2406 misericordiam
1578 2358 1765 2403 tuam:
1794 2364 2001 2414 nequa-

428 2462 591 2516 quam
616 2447 759 2499 enim
789 2446 978 2499 tacebo
1001 2458 1125 2499 cum
1153 2445 1368 2498 veniam
1396 2442 1499 2496 sim
1526 2450 1875 2506 consecutus,
1905 2439 2001 2495 sed

428 2540 685 2596 laudibus
713 2548 767 2593 te
797 2552 1096 2608 prosequar
1119 2578 1134 2603 ,
1175 2545 1230 2592 ct
1261 2534 1521 2590 beneﬁcia
1554 2542 1647 2587 tua
1668 2546 2004 2588 commemo-

428 2634 583 2688 rabo.
643 2630 957 2701 Siquidem,
1011 2629 1122 2694 ait,
1172 2628 1365 2698 legalia
1409 2625 1675 2681 sacriﬁcia
1719 2623 2000 2693 reSpuisti,

433 2724 694 2793 quoniam
748 2738 859 2777 non
909 2729 1142 2790 possunt
1192 2727 1415 2790 peccata
1448 2718 1724 2771 dimittere
1754 2734 1768 2770 :
1801 2715 1919 2770 ideo
1950 2715 2003 2769 id

433 2815 578 2885 quod
631 2814 814 2883 diligis
848 2813 1023 2868 obtuli
1062 2812 1187 2867 tibi.
1227 2810 1343 2867 Hoc
1386 2820 1569 2866 autem
1612 2818 1696 2865 est
1732 2807 1879 2879 quod
1909 2822 2007 2878 per

434 2904 817 2977 pmnitentiam
848 2912 905 2959 et
933 2918 1030 2960 cor
1055 2902 1353 2959 contritum
1381 2900 1635 2957 oﬂ'ertur.

502 3080 593 3137 ‘20.
636 3080 865 3152 Benigne
894 3081 1014 3153 (ac,
1051 3080 1310 3149 Domine,
1354 3082 1410 3136 in
1446 3080 1583 3137 bona
1616 3081 1889 3137 voluntate
1917 3091 2012 3136 tua

436 3170 590 3226 εἶτα.
623 3172 754 3227 Sion
786 3173 877 3228 hic
904 3182 1069 3228 vocat
1102 3172 1427 3229 Ecclesiam.
1460 3172 1693 3240 Quando
1720 3174 1866 3229 enim
1894 3172 2012 3229 Deo

437 3260 584 3317 Patri
615 3263 817 3334 placuit
851 3264 1039 3320 omnia
1070 3265 1124 3319 in
1156 3265 1294 3321 Filio
1328 3280 1430 3322 suo
1460 3280 1723 3320 renovare
1743 3305 1758 3329 ,
1804 3274 1933 3320 tunc
1954 3273 2010 3320 et
2035 3232 2081 3294 Ο

438 3354 584 3409 bona
630 3354 886 3411 Ecclesiae
922 3372 1036 3412 sua).
1088 3357 1361 3427 pollicitus
1405 3367 1508 3413 est.
1563 3356 1634 3412 Et
1679 3357 2010 3428 adiﬁcantur

442 3449 585 3503 muri
613 3447 933 3504 Jerusalem.
966 3448 1151 3510 Muros
1177 3447 1480 3505 Jerusalem
1499 3490 1515 3514 ,
1543 3458 1763 3505 sanctos
1787 3448 1891 3514 ait,
1921 3463 2010 3504 sa-

441 3555 665 3596 crorum
694 3541 996 3604 [ﬁnisti-os,
1033 3540 1127 3612 qui
1166 3540 1421 3595 muniunt
1454 3538 1754 3596 Ecclesium
1787 3538 1933 3609 ejus.

514 3814 606 3869 ﬂ.
667 3812 815 3868 Tunc
856 3814 1153 3885 acceptabis
1192 3815 1515 3884 sacriﬁcium
1546 3813 1797 3883 justitic.
1849 3810 2011 3875 Cum,

445 3904 657 3974 inquit,
711 3904 973 3960 beneﬁcia
1015 3903 1167 3957 Sioni
1192 3904 1423 3969 tribues,
1456 3913 1510 3959 et
1542 3902 1789 3958 aediﬁcati
1811 3899 2016 3955 iuerint

445 3994 591 4047 muri
613 3992 936 4057 Jerusalem,
969 3999 1100 4045 tunc
1124 3990 1423 4046 offerentur
1449 3990 1744 4053 sacriﬁcia,
1782 4003 1891 4043 non
1918 4002 2017 4057 per

447 4083 792 4153 sanguinem,
813 4085 906 4139 sed
931 4084 1180 4155 iustitiae,
1212 4084 1391 4140 laudis
1416 4085 1645 4140 scilicet.
1683 4080 2017 4137 Oblationem

446 4182 498 4230 ct
532 4173 865 4238 holocausta,
908 4175 1138 4245 justitize
1167 4176 1377 4231 scilicet
1409 4184 1464 4231 et
1507 4173 1780 4229 incruenti
1808 4172 2020 4228 sacriﬁ-

448 4266 542 4324 cii.
598 4266 744 4322 Tunc
790 4269 1053 4338 imponent
1096 4283 1253 4339 super
1298 4266 1470 4321 altare
1507 4274 1653 4319 tuum
1693 4262 1905 4319 vitulos.
1951 4262 2020 4318 Et

448 4358 601 4431 ipsos
627 4358 1135 4429 (vitulos)justitia3,
1168 4368 1228 4415 ut
1260 4360 1371 4415 sint
1401 4357 1584 4414 omnia
1620 4355 1886 4428 justitiae,
1930 4370 2021 4411 sa-

452 4449 677 4513 criﬁcia,
702 4450 1009 4507 oblationes
1040 4452 1281 4508 iustitiae.
1304 4450 1627 4506 holocausta
1651 4447 1904 4519 iustitiae,
1937 4447 2020 4502 vi-

452 4540 553 4595 tuli
575 4540 821 4610 justitiaz.

808 4629 910 4684 Hic
931 4631 1120 4686 desinit
1151 4627 1345 4683 Daniel
1373 4627 1657 4684 Barbarus.

458 4821 514 4877 l.
543 4818 612 4878 In
640 4821 819 4891 ﬁnem,
847 4820 1140 4876 intellectus
1171 4819 1364 4875 David.
1401 4818 1535 4874 Cum
1557 4822 1699 4876 venit
1731 4820 1867 4875 Doec
1890 4819 2021 4874 ldu-

527 4928 692 4969 mieus
716 4921 766 4967 et
794 4912 1054 4966 nuntiavit
1088 4908 1286 4966 Sauli:
1328 4909 1480 4967 Venit
1514 4910 1683 4967 Dauid
1723 4913 1781 4967 in
1806 4912 2025 4966 domum

530 5004 852 5064 Abimeleclt.
903 5001 1003 5059 LI.

1046 5178 1445 5248 Argumentum.

463 5271 695 5339 Quando
737 5271 876 5343 fugit
906 5270 1074 5327 David
1102 5285 1134 5324 a
1175 5267 1316 5323 facie
1341 5265 1525 5321 Saulis
1559 5263 1617 5319 in
1647 5263 1872 5319 domum
1894 5265 2029 5320 Abi-

536 5364 766 5430 melecb,
794 5380 860 5419 ac
877 5364 947 5420 de
975 5362 1211 5433 panibus
1232 5358 1571 5415 sacerdotum
1596 5355 1853 5422 comedit,
1878 5371 2034 5412 acce-

536 5457 725 5529 pitque
747 5455 918 5512 Goliae
948 5454 1188 5526 gladium
1211 5492 1228 5517 ,
1270 5448 1573 5505 abscedens
1605 5447 1879 5518 quispiam
1916 5461 2030 5501 rem

509 5548 813 5605 ~nuntiavit
841 5546 992 5602 Sauli
1013 5546 1079 5600 “.
1117 5543 1247 5598 Erat
1274 5551 1455 5596 autem
1480 5539 1528 5594 is
1559 5538 1701 5593 Doec
1729 5536 1906 5609 Syrus
1935 5537 2030 5606 qui

543 5641 591 5675 ⁸³
622 5639 753 5697 Luc.
782 5657 842 5707 ιι,
866 5640 955 5694 ⁸50.
1026 5637 1073 5670 ⁵⁸
1104 5636 1123 5691 l
1150 5633 1280 5706 Reg.
1314 5649 1430 5696 ιιι,
1474 5630 1620 5687 1-10.

2096 1971 2315 2036 θυσιῶν,
2350 1969 2514 2035 ὼςτά
2546 1968 2859 2038 ὲπαγόμενα
2903 1965 2997 2019 τοῦ
3051 1960 3264 2034 ψαλμοῦ
3312 1959 3697 2015 διαδείκνυσιν

2096 2061 2371 2123 εἰπόντος’
2431 2061 2587 2123 Ὄντι,
2656 2059 2710 2110 εὶ
2767 2055 3076 2124 ἠθέλησας
3154 2052 3410 2114 θυσίαν,
3478 2048 3694 2102 ἔδωκα

2098 2151 2174 2209 ἂν
2198 2155 2330 2224 (ευ),
2389 2151 2485 2206 καὶ
2540 2150 2609 2203 τὰ
2653 2148 2799 2220 ἑξῆς.
2868 2143 3315 2216 Ἁγιιλλιάσεται
3361 2141 3397 2207 ή
3423 2138 3693 2210 γλῶσσὰ

2095 2262 2212 2315 μου
2264 2243 2379 2311 τὴν
2434 2240 2830 2304 δικαιοσύνην
2885 2252 3025 2291 σου.
3079 2234 3251 2287 Τοῦτο
3306 2235 3335 2286 ὁ
3378 2230 3693 2302 Σύμμαχος

2100 2336 2270 2398 οὕτως
2294 2333 2629 2406 ἡρμήνευσεο
2666 2327 3028 2394 Διαλαλήσει
3076 2327 3115 2393 ἡ
3144 2321 3393 2395 γλῶσσά
3417 2339 3535 2391 μου
3557 2320 3692 2390 τὴν

2100 2428 2522 2496 ἐλεημοσύνην
2565 2438 2700 2478 σου·
2753 2421 2813 2474 οὐ
2864 2421 2973 2493 γὰρ
3031 2418 3241 2488 σιγήσω
3298 2415 3398 2485 τῆς
3426 2412 3693 2483 ἀφέσεως

2102 2506 2434 2586 ἀπολαύσας,
2480 2516 2594 2571 ἀλλ’
2649 2516 2833 2587 ὑμνῶν
2890 2530 2948 2566 σε
2980 2510 3271 2565 δια-τελέσω
3301 2508 3394 2561 καὶ
3433 2505 3531 2568 τάς
3574 2503 3695 2566 σὰς

2102 2609 2453 2682 διηγούμενος
2500 2606 2747 2678 χάριτας.
2797 2600 3014 2673 Ἐπειδὴ
3066 2599 3165 2663 τὰς
3226 2599 3284 2652 ὲν
3317 2596 3483 2667 νόμῳ,
3517 2593 3693 2664 φησὶ,

2106 2704 2405 2776 παρῃτήσω
2432 2701 2642 2764 θυσίας,
2659 2700 2720 2753 ού
2745 2697 2855 2769 γὰρ
2868 2695 3118 2751 δύνανται
3145 2692 3356 2761 ἀφιέναι
3383 2688 3667 2762 ἁμαρτίας

2103 2797 2295 2849 τούτου
2335 2794 2492 2865 χάριν
2521 2794 2587 2865 ἣν
2616 2788 2912 2862 ἠγάπησάς
2968 2806 3052 2842 σοι
3108 2786 3475 2858 προσήνεγκα.
3525 2780 3692 2852 Αὕτη

2106 2889 2164 2943 δέ
2215 2889 2362 2942 ἐστιν
2412 2889 2447 2958 ἡ
2496 2885 2586 2940 διά
2640 2882 2928 2955 μετανοίας
2961 2882 3056 2935 καὶ
3104 2877 3328 2947 καρδίας
3356 2891 3696 2946 συντετριμ-

2114 2977 2299 3050 μένης.

2111 3162 2215 3218 ὠν.
2255 3162 2391 3217 Σιὼν
2412 3162 2648 3216 ἐνταῦθα
2669 3161 2767 3230 τὴν
2803 3155 3127 3226 Ἐκκλησίαν
3163 3153 3347 3225 φησίν.
3379 3152 3542 3204 Ὅταν
3572 3150 3700 3221 γὰρ

2110 3255 2410 3328 ηὐδόκησεν
2441 3258 2470 3309 ὁ
2530 3253 2665 3316 Θεὸς
2720 3252 2815 3306 καὶ
2869 3249 3058 3319 Πατὴρ
3107 3242 3580 3313 ἀνακεφαλαιῶσαι
3618 3241 3697 3294 τὰ

2115 3346 2293 3400 πάντα
2329 3348 2385 3399 ὲν
2410 3344 2489 3415 τῷ
2517 3343 2634 3414 Υίῷ
2667 3340 2855 3404 αὑτοῦ,
2880 3340 3002 3393 τότε
3025 3337 3120 3390 καὶ
3148 3336 3247 3399 τὰς
3283 3334 3491 3404 ἀγαθὰς
3521 3329 3702 3385 αὑτοῦ

2113 3439 2180 3508 τῇ
2224 3435 2521 3508 Ἐκκλησία
2546 3433 2708 3487 αὑτοῦ
2744 3431 2974 3484 δέδωκεν
3021 3426 3372 3496 ἐπαγγελίας.
3401 3424 3509 3479 Kal
3533 3423 3698 3476 οἱκο-

2116 3526 2426 3598 δομηθήτω
2450 3528 2522 3580 τὰ
2571 3526 2737 3595 τείχη
2776 3519 3182 3591 Ἰερουσαλήμ.
3218 3518 3383 3589 Τείχη
3428 3517 3700 3587 Ἰερουσα-

2117 3620 2230 3692 λὴμ
2259 3621 2386 3683 τοὺς
2438 3618 2625 3687 ἁγίους
2657 3616 2820 3687 φησὶν
2865 3611 3178 3685 ἱερουργοὺς
3217 3611 3343 3673 τοὺς
3392 3605 3689 3678 περιφράτ-

2117 3728 2309 3774 τοντας
2334 3712 2434 3782 τὴν
2470 3707 2791 3779 Ἐκκλησίαν
2821 3703 3007 3759 αὐτοῦ.

2194 3805 2334 3858 Τότε
2375 3798 2727 3866 εὐδοκήσεις
2758 3796 2980 3851 θυσίαν
3038 3793 3447 3856 δικαιοσύνης.
3500 3788 3699 3853 Ὅταν,

2122 3896 2305 3965 φησιν,
2342 3891 2632 3960 ἀγαθυνείς
2660 3891 2756 3961 τὴν
2801 3888 2938 3942 Σιὼν
2965 3888 3061 3942 καὶ
3093 3884 3418 3956 οἰκοδομηθῇ
3443 3881 3510 3935 τὰ
3534 3881 3698 3952 τείχη

2134 3984 2506 4056 Ἰερουσαλὴμ.
2531 3982 2651 4035 τότε
2702 3981 2767 4052 δὴ
2796 3980 2916 4033 τότε
2964 3980 3059 4033 καὶ
3115 3975 3560 4047 ἀνενεχθήσονται
3593 3972 3700 4027 θυ-

2123 4076 2257 4137 σίαι,
2291 4074 2389 4144 ούχ
2416 4075 2473 4127 αἱ
2522 4072 2589 4125 δι’
2619 4072 2887 4142 αἱμάτων,
2921 4069 3039 4124 ἀλλ’
3075 4069 3133 4122 al
3186 4068 3286 4139 τῆς
3328 4062 3698 4130 δικαιοσύνης,

2123 4168 2179 4219 αἱ
2202 4164 2299 4235 τῆς
2317 4162 2576 4226 αἰνέσεως
2595 4161 2857 4232 δηλονότι.
2891 4157 3226 4228 Ἀναφορὰν
3245 4154 3341 4210 καὶ
3364 4150 3702 4208 ὁλοκαυτώ-

2119 4274 2297 4331 ματα,
2328 4258 2422 4314 καὶ
2454 4256 2594 4312 αὐτὰ
2618 4256 2688 4310 τὰ
2726 4255 2824 4325 τῆς
2848 4251 3188 4322 δικαιοσύνης
3216 4249 3310 4302 καὶ
3331 4247 3401 4301 τὰ
3424 4246 3522 4317 τῆς
3545 4247 3702 4299 ἀναι-

2128 4348 2336 4421 μάκτου
2366 4347 2557 4410 θυσίας
2595 4345 2763 4417 δηλοῖ.
2799 4346 2935 4399 Τότε
2985 4343 3347 4397 ἀνοίσουσιν
3374 4338 3471 4391 ἐπὶ
3499 4334 3564 4390 τὸ
3590 4338 3701 4391 0v-

2125 4438 2482 4507 σιαστήριόν
2498 4452 2613 4492 σου
2632 4438 2925 4507 μόσχους.
2959 4435 3069 4487 Καὶ
3093 4433 3290 4494 αὐτοὺς
3327 4426 3696 4495 δικαιοσύνης,

2128 4531 2267 4587 ὥστε
2298 4527 2436 4585 εἶναι
2482 4530 2659 4584 πάντα
2713 4525 3093 4596 δικαιοσύνης,
3140 4522 3365 4585 θυσίας,
3421 4517 3701 4590 ἀναφορὰς

2124 4622 2497 4693 δικαιοσύνης,
2555 4618 2980 4688 ὁλοκαυτώματα
3036 4614 3400 4685 δικαιοσύνης,
3461 4610 3700 4683 μόσχους

2124 4714 2486 4785 δικαιοσύνης.

2126 4812 2230 4875 Είς
2260 4808 2326 4863 τὸ
2352 4810 2549 4871 τέλος,
2579 4803 2885 4870 συνέσεως
2915 4801 2998 4869 τῷ
3057 4799 3258 4864 Δαυῖδ,
3293 4799 3364 4853 ἐν
3386 4795 3466 4863 τῷ
3498 4793 3705 4856 ἐλθεῖν

2198 4901 2365 4967 Δωὴκ
2396 4898 2504 4952 τὸν
2545 4895 2878 4965 Ἰδουμαῖον
2905 4895 3003 4949 καὶ
3027 4890 3372 4962 ἀναγγεῖλαι
3401 4887 3479 4954 τῷ
3504 4886 3703 4943 Σαοὺλ

2200 4990 2297 5044 καὶ
2335 4989 2525 5044 εἰπεῖν
2573 4986 2754 5054 αὐτῷ’
2816 4982 3000 5042 Ἦλθε
3039 4982 3220 5039 Δαυϊδ
3260 4984 3347 5048 εις
3393 4978 3499 5032 τὸν
3534 4972 3711 5031 οἷκον

2217 5083 2539 5152 ’Δόιμέ.ὶεχ.
2568 5083 2692 5136 ΝΛ’.

2778 5171 3109 5235 Ύπόθεσις.

2148 5264 2336 5319 Ἦνίκα
2360 5262 2526 5333 ἔφυγε
2553 5260 2716 5316 Δαυῖδ
2747 5259 2855 5314 ἀπὸ
2883 5258 3174 5332 προσώπου
3200 5255 3393 5316 Σαοὺλ,
3427 5253 3523 5306 καὶ
3575 5264 3701 5303 κατ-

2208 5352 2347 5425 ήκθη
2406 5352 2620 5422 φεύγων
2669 5348 2815 5407 οἷκον
2884 5348 3194 5420 ’Δόιμέλεχ,
3256 5345 3364 5399 τῶν
3411 5359 3470 5395 τε
3527 5340 3702 5411 ἄρτων

2209 5446 2318 5498 τῶν
2348 5445 2535 5517 ἱερέων
2570 5445 2852 5513 ἐγεύσατο,
2878 5443 2979 5514 τήν
3009 5457 3067 5494 τε
3098 5437 3366 5512 ῥομφαίαν
3384 5434 3478 5488 τοῦ
3513 5425 3699 5485 meo

2210 5539 2474 5593 δέδεκται·
2538 5537 2786 5593 ἀπελθὼν
2840 5553 2923 5599 τις
2994 5531 3327 5603 ἀπαγγέλλει
3401 5527 3572 5583 ταῦτα
3624 5521 3700 5591 τῷ

543 5731 657 5813 (εει)
697 5704 838 5788 eod.
858 5729 1117 5785 Ambros.
1152 5704 1345 5791 habet,
1393 5722 1458 5777 Ai
1490 5724 1547 5776 ὲν
1579 5726 1728 5794 νόμῳ
1783 5721 1965 5777 θυσίαι
2001 5737 2024 5773 o

2176 5738 2351 5776 vuvrut
2414 5721 2629 5790 ἀφιέναι
2665 5718 2955 5791 ἁμαρτίας.
3003 5715 3141 5783 Quae
3186 5711 3450 5771 sententia
3487 5704 3699 5764 inferius

475 5812 750 5873 repetitur.

3544 376 3691 436 ω

3751 5118 3754 5165 l

3750 5173 3753 5205 l
