3786 6278
162 387 242 445 215
1286 394 1649 466 EXPOSITIO
1687 410 1739 466 11‘

1875 412 2129 471 FALMUM
2168 415 2256 470 LI;

3300 422 3403 480 246

211 501 630 604 ξαιξρωὴκ
683 509 741 563 δὲ
775 505 928 576 οὗτος
975 515 1003 567 ὁ
1035 513 1205 587 Σύρος
1228 542 1231 545 π
1254 517 1314 581 ὃς
1358 520 1739 579 καὶ”τοσοῦτον

1917 526 1990 582 ita
2036 530 2279 585 animum
2320 532 2501 589 Saulis
2534 542 2905 604 exasperavit,
2960 542 3023 591 ut
3061 536 3403 594 interfectum

210 596 616 668 ἐξεπολέμωσε
641 601 742 672 τὴν
755 602 929 676 ψυχὴν
953 606 1047 659 τοῦ
1060 608 1252 672 Σαοὺλ,
1266 609 1341 673 ὡς
1357 609 1749 669 ἀποστείλαντα

210 688 405 741 πᾶσαν
456 688 571 761 τὴν
621 692 793 747 πόλιν
818 694 1160 765 τῶν-ἱερέων
1205 698 1434 764 ἀνελεῖν,
1474 703 1569 756 καὶ
1615 704 1750 776 μηδὲ

214 781 458 847 κτήνους
484 780 681 834 αὐτῶν
704 783 1010 851 φείσασθαι.
1067 785 1253 841 Ταῦτα
1299 784 1394 842 οὖν
1439 790 1690 860 ἀκηκοὼς
1722 794 1751 846 ό

214 867 381 921 Δαυῖδ
442 870 525 923 τὰ
580 873 917 945 προκείμενα
965 876 1135 945 λέγει,
1187 879 1268 943 είς
1328 880 1616 950 πρόσωπον
1654 882 1748 936 τοῦ

218 959 409 1030 Σύρου
434 962 891 1034 ἀποτειηώμενος.
919 969 1073 1038 Ἔχει
1095 969 1153 1023 δὲ
1185 971 1281 1024 καὶ
1336 971 1613 1046 ἀναφορὰν
1654 976 1749 1029 καὶ

219 1052 297 1112 εἰς
341 1052 415 1104 τὸ
467 1053 574 1107 τοῦ
637 1056 903 1111 Ἰουδαίων
972 1059 1103 1112 λαοῦ
1172 1062 1462 1133 πρόσωπον
1518 1064 1611 1117 καὶ
1653 1064 1749 1118 τοῦ

234 1143 433 1197 Ἰούδα.
466 1146 730 1217 Περιέχει
762 1149 819 1202 δὲ
869 1150 961 1203 καὶ
1004 1151 1222 1220 ἀγαθῶν
1252 1154 1582 1223 ἐπαγγελίαν
1641 1156 1750 1210 τῶν

223 1236 541 1306 ἑπομένων,
579 1240 675 1292 καὶ
713 1242 811 1312 τὴν
843 1243 902 1295 ὲν
951 1241 1030 1313 τῷ
1052 1244 1186 1315 οἴκῳ
1213 1245 1311 1298 τοῦ
1361 1245 1496 1299 θεοῦ
1542 1246 1747 1319 ἵδρυσιν

218 1326 325 1378 τῶν
354 1328 545 1395 ἁγίων
568 1331 756 1397 αὑτοῦ,
792 1333 878 1386 διὰ
915 1334 1008 1388 τοῦ
1048 1335 1248 1405 λέγειν’
1293 1338 1432 1406 Ἐγὼ
1486 1337 1555 1391 δὲ
1605 1340 1746 1395 ὡσεὶ

216 1419 398 1472 ἐλαία
443 1422 837 1492 κατάκαρπος
861 1426 932 1481 ἐν
965 1425 1045 1494 τῷ
1079 1429 1224 1494 οἴκῳ
1276 1431 1384 1485 τοῦ
1437 1433 1606 1489 Θεοῦ.
1657 1435 1749 1489 Διὸ

216 1506 281 1577 δὴ
320 1508 425 1561 καὶ
457 1510 782 1580 συνέσεως
808 1515 900 1568 καὶ
928 1519 1014 1582 εὶς
1038 1517 1104 1571 τὸ
1133 1518 1307 1586 τέλος
1336 1521 1696 1593 ἐπιγράφεται
1719 1525 1748 1577 ὁ

219 1599 464 1671 ψαλμὸς.
518 1603 695 1668 Χρεία
737 1605 846 1677 γὰρ
878 1607 1078 1678 πολλῆς
1110 1609 1374 1678 συνέσεως
1401 1614 1482 1678 είς
1507 1615 1570 1668 τὸ
1599 1631 1741 1684 γνω-

224 1692 380 1761 pisae
415 1694 528 1763 τῆς
586 1695 901 1768 οἰκονομίας
936 1698 1029 1752 τοῦ
1074 1702 1215 1757 κατὰ
1263 1704 1440 1777 σάρκα
1498 1706 1661 1761 Δαυῒδ
1687 1709 1749 1762 τὸ

222 1784 562 1853 μευ-ἠρίον·

226 1874 289 1925 Τῖ
348 1873 640 1944 ἐγκαυχᾷ
670 1877 741 1931 ἐν
775 1880 975 1949 κακίᾳ,
1019 1885 1053 1936 ὀ
1107 1883 1400 1951 δυνατός;
1464 1887 1550 1950 Ὠς
1606 1888 1744 1960 πρὸς
1775 1868 1818 1922 Β

154 1967 309 2019 αὐτὸν
347 1967 448 2020 τὸν
483 1968 680 2041 Σύρον,
716 1970 864 2042 ἢτὺν
896 1975 1258 2047 ἐνεργήσαντα
1286 1979 1344 2031 ὲν
1393 1979 1541 2050 αὐτῷ
1568 1979 1749 2036 διάϐο-

152 2061 255 2123 λον,
275 2061 575 2113 ἀποτείνει
604 2061 694 2115 τὸν
726 2063 901 2132 λόγον.

226 2149 394 2204 Ὠσεὶ
486 2151 682 2220 ξυρὸν
750 2155 1124 2226 ἠκονημένον
1183 2159 1474 2229 ἐποίησας
1539 2164 1747 2221 δόλον.-

158 2240 327 2295 τοῧτὸ
352 2259 524 2310 φησι.
552 2243 643 2297 διὰ
682 2245 743 2297 τὸ
776 2245 962 2319 ῶσπερ
997 2246 1227 2321 ξυρῆσαι
1254 2252 1348 2305 καὶ
1383 2254 1612 2324 ἐκκόψαι
1643 2258 1747 2310 πᾶν

153 2348 244 2384 σαν
265 2333 385 2387 τῶν
422 2335 628 2405 ἱερέων
662 2334 761 2406 τὴν
799 2337 974 2393 πόλιν.

226 2423 593 2493 Ἠτάπησας
622 2426 843 2479 κακίαν
879 2428 1032 2498 ὑπὲρ
1079 2432 1497 2500 ἀγαθωσύνην.
1544 2435 1747 2490 Ἢδίκει

148 2519 252 2586 γὰρ
293 2516 796 2589 καταψευδόμενος
852 2519 948 2573 τοῦ
1005 2522 1193 2592 ἱερέως
1247 2524 1341 2577 καὶ
1391 2525 1499 2578 τῶν
1541 2526 1744 2580 λοιπῶν

147 2609 409 2662 ἁπάντων
442 2610 545 2662 σὺν
569 2609 739 2681 αὐτῷ,
774 2611 868 2664 καὶ
896 2612 963 2665 τὰ
996 2612 1069 2684 μὴ
1094 2614 1404 2685 πραχθέντα
1435 2618 1555 2670 κατ’
1580 2617 1742 2672 αὐτοῦ

143 2699 335 2769 λέγων·
365 2702 438 2754 τὸ
469 2701 588 2771 γὰρ
616 2704 812 2767 εἰπεῖν,
846 2702 921 2768 ὡς
949 2706 1272 2777 ἐπηρώτησε
1319 2707 1410 2762 τὸν
1431 2708 1563 2764 Θεὸν
1616 2711 1746 2783 περὶ

142 2792 231 2846 τοῦ
262 2792 465 2857 Δαυῖδ,
492 2792 692 2862 ψεῦδος
712 2790 802 2866 ἦν,
826 2796 919 2849 καὶ
949 2797 1048 2850 οὐκ
1073 2796 1323 2870 ἀλήθεια.

222 2964 598 3033 Ἠτάπηο-ας
653 2964 850 3020 πάντα
920 2966 1157 3037 ῥήματα
1227 2972 1741 3043 καταποντισμοῦ,

145 3055 449 3126 γλῶσσαν
473 3055 713 3111 δολίαν.
753 3058 938 3113 Πάντα
970 3060 1078 3131 γὰρ
1110 3060 1247 3134 πρὸς
1285 3063 1600 3137 ἐπιϐουλὴν,
1648 3068 1742 3122 καὶ

144 3145 338 3214 φθόνον
368 3147 472 3200 καὶ
492 3145 727 3201 θάνατον
753 3146 849 3201 τοῦ
878 3149 1067 3220 ἱερέως
1096 3152 1318 3208 καὶτῶν
1349 3153 1548 3210 λοιπῶν
1570 3158 1742 3213 ἁπάν-

140 3253 249 3290 των
284 3238 407 3290 τῶν
428 3237 541 3290 σὺν
567 3236 717 3308 αὑτῷ
765 3238 1225 3308 τεθανατωμένων
1271 3243 1612 3317 διεπράξατο’
1658 3248 1740 3303 διὸ

138 3326 379 3395 ῥήματα
405 3328 911 3396 καταποντισμοῦ
939 3329 989 3382 οἱ
1015 3330 1161 3400 λόγοι
1182 3334 1281 3405 τῆς
1299 3333 1392 3388 τοῦ
1425 3336 1583 3409 Δωὴκ
1610 3338 1741 3408 ψευ-

141 3416 395 3485 δολογίας
452 3416 699 3487 εἴρηται.
774 3417 1010 3490 Ἀθρόως
1056 3420 1166 3493 γὰρ
1192 3424 1371 3477 πᾶσαν
1423 3425 1524 3496 τὴν
1582 3427 1739 3481 πόλιν

142 3508 247 3562 τιῖιν
279 3507 487 3579 ἱερέων
515 3506 706 3580 ὥσπερ
735 3509 795 3560 ὲν
825 3508 972 3581 βυθῷ
1022 3513 1376 3568 κατεπόντισε
1406 3520 1518 3581 τοῖς
1544 3519 1737 3574 ἑαυτοῦ

145 3600 381 3670 ῥήμασι.
453 3598 689 3667 Λέγοιτο
737 3600 783 3653 δ’
812 3599 880 3654 ἂν
909 3600 1080 3656 ταῦτα
1109 3602 1333 3670 δικαίως
1373 3608 1466 3661 καὶ
1508 3609 1601 3663 ἐπὶ
1630 3613 1737 3667 τῶν

145 3691 428 3762 ἀρχόντων
458 3690 575 3745 τῶν
616 3692 906 3759 Ἰουδαίων,
941 3695 1035 3748 καὶ
1066 3696 1231 3751 αὐτοῦ
1252 3697 1309 3751 δὲ
1339 3699 1434 3753 τοῦ
1476 3701 1664 3756 Ἰούδα.

222 3785 511 3837 Ἔκτίλαι
546 3797 623 3836 σε
650 3784 748 3838 καὶ
787 3789 1268 3854 μεταναστεύσαι
1309 3804 1383 3844 σε
1427 3792 1545 3846 ἀπὸ
1589 3811 1738 3862 σκη-

142 3873 420 3945 νώματός
458 3887 604 3928 σου.
660 3875 1039 3949 Μετετέθησαν
1083 3879 1192 3951 γὰρ
1220 3881 1319 3951 τῆς
1376 3883 1526 3956 ἱερᾶς
1557 3885 1738 3940 αὐτῶν

146 3968 380 4038 σκηνῆς,
424 3966 717 4036 γεγονότες
737 3969 1069 4040 αἰχμάλωτοι
1096 3971 1183 4027 διὰ
1212 3973 1305 4028 τὸν
1337 3976 1478 4030 κατὰ
1499 3976 1592 4030 τοῦ
1621 3978 1736 4030 Κυ-

149 4057 269 4127 ρίοῦ
294 4056 563 4127 σταυρόν.
597 4056 707 4110 Kal
733 4057 801 4111 τὸ
815 4057 1039 4128 ,ῥίζωμά
1091 4075 1207 4116 σου
1236 4062 1304 4117 ἐκ
1345 4064 1458 4133 γῆς
1488 4064 1733 4126 ζώντων.

145 4148 381 4221 Ὅμοιον
432 4149 532 4215 τὸ,
588 4148 1147 4220 Ἔξαλειφθήτωσαν
1198 4154 1269 4208 ἐκ
1319 4156 1540 4220 βίϐλου
1597 4155 1736 4218 ζών-

144 4254 283 4293 των.

217 4328 356 4401 [Διὰ
392 4329 578 4385 τοῦτο
609 4333 643 4385 ό
668 4331 813 4397 Θεὸς
860 4335 1099 4388 καθέλοι
1147 4350 1221 4389 σε
1269 4338 1356 4403 εις
1405 4334 1596 4405 τέλος.
1629 4339 1735 4394 Δέ-

146 4440 298 4491 Tom
335 4423 383 4476 δ’
416 4424 489 4477 ἂν
541 4424 714 4478 ταῦτα
767 4425 989 4490 δικαίως
1035 4428 1129 4480 καὶ
1180 4429 1273 4481 ἐπὶ
1308 4429 1418 4483 τῶν
1459 4430 1737 4503 ἀρχόντων

159 4514 441 4567 Ἰωδαίων
467 4514 564 4568 καὶ
609 4515 776 4569 αὑτοῦ
802 4514 898 4571 τοῦ
941 4517 1130 4582 Ἰούδα,
1157 4518 1245 4572 διὰ
1296 4520 1358 4574 τὸ
1389 4521 1737 4593 ἠγαπηκέναι

144 4604 214 4657 τὰ
243 4604 495 4676 βλαϐερὰ
547 4607 636 4670 εὶς
667 4607 863 4673 τέλος,
914 4608 1036 4662 ἀντὶ
1090 4608 1205 4675 τοῦ,
1260 4611 1591 4681 παντελῶς.
1636 4616 1739 4669 Διὰ

145 4696 330 4749 τοῦτο
363 4694 618 4749 καθελεῖ
642 4712 737 4763 σε,
792 4698 869 4763 ὡς
921 4701 981 4754 οὐ
1014 4700 1193 4766 καλῶς
1238 4703 1681 4777 οἰκοδομηθέντα,
1709 4708 1739 4761 ὁ

144 4786 438 4857 καθαιρῶν
486 4788 889 4860 ὑπερηφάνους,
916 4794 1010 4846 καὶ
1063 4790 1140 4857 ὡς
1172 4794 1357 4859 κακῶς
1383 4796 1735 4865 φυτευθέντα,

141 4880 382 4933 incutiat
415 4894 512 4943 0’8,
544 4882 941 4951 μεταστῆσαι,
974 4884 1007 4956 ἢ
1035 4883 1350 4955 ἐκριζώσαι,
1386 4888 1478 4942 καὶ
1505 4888 1613 4942 ἀπὸ
1636 4890 1738 4962 τῆς

144 4972 533 5044 κατοικήσεὼς
583 4989 700 5039 σου,
732 4976 1009 5032 τουτέστιν
1040 4978 1148 5033 ἀπὸ
1198 4979 1295 5032 τοῦ
1329 4985 1732 5050 συγκατοικεῖν,

145 5063 431 5136 ἐκϐάλοι]

218 5158 522 5224 Ὄψονται
545 5155 785 5220 δίκαιοι,
826 5159 923 5212 καὶ
975 5159 1439 5228 φοϐηθήσονται.
1475 5163 1595 5217 Τῶν
1628 5165 1736 5239 γὰρ

145 5246 365 5300 ἀσεϐῶν
401 5247 836 5319 ἀναιρουμένων,
860 5252 911 5303 οἱ
937 5250 1133 5305 δίκαιοι
1160 5252 1442 5325 περίφοϐοι
1475 5256 1733 5324 γίνονται.

148 5338 261 5391 Καὶ
294 5340 361 5392 σὺ
392 5340 516 5408 μὲν,
573 5341 729 5409 φησὶ,
776 5341 950 5396 ταῦτα
1001 5344 1313 5417 ὑπομένεις⁹
1335 5348 1384 5399 οἱ
1410 5348 1466 5402 δὲ
1514 5349 1734 5416 δίκαιοι,

147 5430 431 5483 τουτέστιν
478 5432 530 5484 oi
560 5432 656 5485 σοῦ
683 5433 826 5497 λαοὶ,
850 5428 1175 5508 θεασάμενοι
1195 5438 1294 5511 τὴν
1317 5441 1417 5511 σὴν
1440 5441 1734 5512 ἀπώλειαν,

148 5521 300 5593 φόϐῳ
324 5523 852 5594 κατασχεθήσονται.
896 5527 1076 5599 Ἱκανὴ
1106 5530 1214 5601 γὰρ
1244 5532 1275 5600 ἡ
1303 5533 1381 5595 είς
1407 5532 1466 5586 σὲ
1496 5538 1735 5609 τιμωρία

151 5613 443 5677 autem
474 5614 732 5685 φοϐῆοαν
759 5618 933 5672 καίτοι
965 5620 1051 5673 διὰ
1078 5622 1173 5692 τὴν
1202 5625 1280 5686 είς
1310 5623 1548 5690 ἐκείνους
1581 5630 1740 5685 εὐεσ-

226 5789 273 5820 “
303 5789 321 5844 Ι
353 5791 489 5860 Reg.
523 5807 663 5856 xm,
709 5791 795 5860 £8,
834 5791 919 5849 i9.
1013 5795 1059 5827 “
1089 5793 1232 5851 Psal.
1265 5812 1455 5864 um",
1494 5797 1584 5854 19.
1689 5848 1703 5875 γ

1874 642 1877 645 ·
1922 619 2135 675 miserit
2170 631 2335 678 totam
2373 626 2717 682 sacerdotum
2764 627 3067 694 civitatem,
3117 644 3183 685 ac
3212 644 3280 686 ne
3320 631 3406 702 ju-

1920 720 2118 767 mentts
2166 714 2386 782 quidem
2433 717 2817 786 pepercerit".
2880 717 3006 775 Haec
3067 720 3232 790 igitur
3279 736 3404 777 cum

1920 802 2165 859 audisset
2209 803 2379 859 David
2405 845 2421 871 ,
2457 806 2646 864 isthmc
2682 809 2926 880 loquitur
2959 810 3081 882 Syri
3115 826 3405 881 personam

1920 896 2243 964 spectantia.
2294 896 2625 955 Deferuntur
2673 901 2801 956 item
2848 903 2962 958 haec
3003 904 3072 959 ad
3119 890 3428 975 personam:

1917 987 2097 1056 populi
2122 986 2459 1056 Iudaeorum,
2486 999 2648 1061 atque
2667 990 2839 1048 ludas.
2862 992 3251 1064 Complectitur
3276 995 3425 1050 item~

1919 1077 2232 1134 futurorum
2261 1080 2531 1138 bonorum
2557 1084 2999 1154 promissionem,
3033 1093 3091 1140 et
3125 1086 3405 1141 assiduam

1919 1180 2233 1225 sanctorum
2285 1172 2381 1229 Dei
2435 1177 2918 1232 commorationem
2968 1178 3022 1231 in
3069 1178 3231 1233 domo
3263 1177 3413 1248 ejus,’

1919 1261 2360 1332 quandoquidem
2390 1265 2561 1322 dicit:
2589 1266 2701 1338 Ego
2745 1280 2919 1322 autem
2944 1270 3079 1323 sicut
3116 1268 3254 1323 oliva
3292 1268 3404 1338 fru-

1916 1353 2105 1423 ctifera
2127 1355 2182 1409 in
2203 1354 2359 1410 domo
2383 1355 2501 1413 Dei.
2529 1355 2892 1425 Quamobrem
2922 1370 2976 1415 et
3013 1359 3323 1422 intellectus,
3351 1365 3407 1414 et

1915 1446 1972 1498 in
2009 1444 2457 1516 ﬁnem-psalmus
2494 1447 2849 1504 inscribitur.
2890 1447 3054 1504 Multa
3090 1449 3234 1503 enim
3265 1462 3405 1518 opus

1916 1534 2295 1606 intelligentia,
2339 1547 2402 1593 ut
2428 1538 2548 1609 ejus
2578 1540 2671 1609 qui
2696 1538 3007 1595 secundum
3049 1553 3267 1594 carnem
3300 1537 3421 1593 Da-~

1918 1627 2005 1681 vid
2038 1637 2122 1684 est
2142 1631 2462 1687 oeconomiae
2493 1630 2807 1703 mysterium
2840 1639 3221 1701 cognoscatur.

1917 1909 1970 1963 5.
2002 1908 2140 1975 Quid
2176 1910 2433 1981 gloriaris
2451 1912 2509 1966 in
2527 1910 2766 1975 malitia,
2790 1913 2879 1982 qui
2909 1918 3088 1981 potens
3117 1908 3223 1963 eos?
3240 1905 3408 1973 Quasi

1846 1999 1913 2056 ad
1947 2001 2127 2070 ipsum
2163 2001 2396 2073 Syrum,
2439 2013 2534 2060 aut
2573 2003 2641 2059 ad
2673 2002 2951 2058 diabolum
2980 2015 3104 2057 eum
3146 1998 3417 2069 instigem-

1845 2100 1973 2159 tem,
2004 2108 2309 2149 sermonem
2340 2096 2599 2151 collimat.

1915 2184 1973 2237 4.
2000 2183 2151 2238 Sicut
2197 2187 2454 2240 novacula
2494 2197 2651 2240 acuta
2684 2185 2855 2256 fecisti
2908 2184 3109 2239 dolum.
3165 2180 3283 2237 Hoc
3307 2182 3405 2242 ait.

1843 2276 1989 2346 quod
2041 2285 2207 2331 totam
2242 2278 2587 2333 sacerdotum
2619 2277 2888 2332 civitatem
2925 2274 3079 2345 quasi
3115 2271 3402 2336 abraserit,

1843 2375 1897 2421 et
1923 2367 2293 2423 internecione
2326 2368 2613 2423 deleverit;

1913 2459 1964 2518 5.
2000 2460 2245 2517 Dilexisti
2282 2461 2542 2515 malitiam
2578 2476 2733 2530 super
2759 2459 3150 2530 benignitatem.
3200 2456 3404 2527 lnjuste

1843 2566 2080 2623 namque
2110 2553 2304 2622 agebat
2331 2567 2454 2606 cum
2489 2552 2825 2608 sacerdotem
2860 2559 2916 2606 et
2940 2551 3181 2620 reliquos
3213 2563 3406 2604 omnes

1843 2658 1951 2697 una
1979 2643 2435 2708 calumniaretur,
2479 2659 2543 2699 ac
2576 2658 2698 2714 quae
2727 2650 2876 2714 gesta
2902 2656 3011 2697 non
3038 2640 3270 2696 fuissent
3310 2638 3406 2693 ad-

1843 2749 2034 2792 versus
2062 2752 2186 2790 eum
2219 2736 2456 2791 deferret
2480 2754 2497 2790 :
2533 2736 2680 2807 quod
2708 2735 2855 2791 enim
2881 2735 3087 2790 diceret
3113 2748 3234 2789 cum
3260 2732 3417 2803 (Abi-

1842 2828 2171 2899 melechum)
2216 2826 2385 2883 Deum
2419 2828 2562 2882 circa
2597 2827 2854 2883 Davidem
2896 2823 3416 2897 interrogasse,.id»‘

1843 2917 2217 2985 mendacium,
2249 2933 2360 2974 nou
2383 2919 2587 2974 veritas
2617 2929 2756 2974 erat.

1911 3007 1964 3064 6.
1990 3010 2239 3065 Dilexisti
2261 3012 2439 3064 omnia
2468 3005 2620 3064 verba
2650 3012 3125 3081 praecipitationis,
3172 3010 3409 3082 linguam

1841 3102 2104 3157 dolosam.
2136 3099 2332 3158 Omnia
2367 3104 2512 3159 enim
2535 3103 2644 3176 egit
2673 3104 2740 3158 ad
2775 3103 3003 3160 insidias
3023 3144 3039 3170 ,
3066 3102 3321 3159 invidiam
3353 3111 3408 3157 et

1767 3202 1812 3263 ο
1841 3203 2071 3250 mortem
2095 3195 2394 3252 sacerdotis
2424 3195 2870 3267 reliquorumque
2892 3194 3137 3250 omnium
3167 3193 3260 3264 qui
3282 3209 3406 3250 cum

1843 3301 1909 3342 eo
1939 3287 2067 3342 caesi
2098 3285 2282 3354 fuere;
2324 3302 2496 3357 quare
2547 3287 2702 3342 verba
2738 3289 3171 3359 praecipitationis
3210 3287 3404 3343 dicun-

1844 3386 1955 3442 tur,
1986 3378 2269 3434 mendacia
2303 3378 2483 3435 Doce.
2507 3378 2811 3435 Confertim
2850 3379 2995 3435 enim
3029 3388 3193 3435 totam
3223 3393 3407 3434 sacer-

1842 3467 2033 3523 dotum
2068 3469 2342 3525 civitatem
2391 3472 2505 3526 suis
2532 3471 2715 3527 verbis
2764 3472 2921 3542 quasi
2972 3471 3028 3527 in
3079 3469 3408 3542 profundum

1843 3560 2223 3630 praecipitavit.
2264 3559 2390 3617 Haec
2423 3570 2604 3617 autem
2644 3562 2769 3633 jure
2814 3578 3033 3633 quoque
3064 3562 3315 3618 dicantur
3342 3564 3409 3618 de

1842 3650 2187 3722 principibus
2219 3649 2531 3707 Iudaeorum
2570 3662 2625 3709 et
2649 3652 2717 3709 de
2741 3654 2859 3722 ipso
2892 3652 3055 3712 Juda.

1915 3817 1966 3873 7.
2005 3816 2209 3872 Evellat
2262 3826 2311 3872 te
2345 3827 2395 3872 et
2424 3816 2713 3887 transferat
2748 3824 2796 3871 te
2825 3817 2890 3870 de
2923 3815 3262 3870 tabernaculo
3294 3823 3404 3873 tuas

1843 3909 2121 3968 Transisti
2171 3911 2373 3982 quippe
2409 3920 2540 3967 sunt
2586 3908 2656 3966 de
2703 3924 2862 3966 sacro
2899 3908 3252 3964 tabernaculo
3274 3923 3406 3972 suo.

1844 4003 2047 4074 captivi
2078 4011 2299 4074 propter
2318 4002 2525 4058 ChriSti
2559 4016 2778 4058 crucem
2809 3999 3008 4056 eﬂ‘ecti.
3062 3998 3133 4053 Et
3175 4001 3408 4054 radicem

1842 4107 1988 4149 tuam
2015 4094 2079 4150 de
2108 4104 2251 4150 terra
2283 4096 2586 4150 viventium.
2618 4093 2808 4150 Simile
2832 4092 2964 4148 illud
2995 4090 3322 4148 :Delemttur
3344 4090 3409 4144 de

1842 4184 1978 4238 libro
2007 4185 2289 4240 virentium
2305 4185 2375 4244 “.

1918 4339 2234 4413 [Propterea
2269 4302 2406 4395 Deus
2427 4340 2661 4395 destruet
2691 4346 2739 4393 te
2765 4339 2821 4392 in
2852 4338 3028 4407 finem.
3096 4333 3222 4390 Hac
3261 4340 3407 4389 recte

1842 4428 2100 4485 dicantur
2122 4429 2189 4484 de
2210 4429 2548 4500 principibus
2575 4427 2889 4484 Iudaeorum
2923 4435 2977 4481 et
2997 4425 3065 4482 de
3096 4426 3217 4496 ipso
3241 4422 3404 4491 luda,

1767 4559 1813 4613 Β
1842 4520 1973 4590 quia
1996 4535 2117 4590 quae
2133 4519 2402 4574 damnosa
2431 4525 2589 4574 erant
2614 4518 2921 4575 dilexerunt
2949 4532 3125 4587 usque
3151 4518 3208 4573 in
3226 4516 3405 4588 ﬁnem,

1840 4626 1907 4666 ac
1953 4612 2000 4666 si
2027 4612 2194 4675 dicat,
2238 4626 2458 4680 semper.
2517 4607 2809 4680 Propterea
2835 4609 3063 4664 destruet
3098 4617 3168 4675 te,
3222 4617 3408 4680 utpote

1838 4702 1933 4774 qui
1961 4717 2071 4757 non
2103 4711 2249 4757 recte
2277 4702 2580 4759 aedificatus
2610 4701 2804 4770 fueris,
2839 4704 2933 4772 qui
2965 4702 3230 4772 superbos
3255 4715 3407 4756 ever-

1839 4795 1926 4860 tit,
1954 4802 2119 4866 atque
2142 4803 2203 4849 ut
2230 4794 2476 4865 improbe
2517 4803 2697 4851 satum
2732 4794 2914 4851 evellet
2954 4804 3002 4849 te
3026 4803 3076 4849 et
3106 4792 3403 4864 emigrabit,

1839 4886 1956 4941 sive
1988 4885 2318 4952 eradicabit,
2362 4892 2426 4940 et
2457 4901 2488 4941 a
2520 4885 2801 4942 domicilio
2843 4895 2960 4954 tuo,
3009 4886 3062 4940 id
3091 4891 3195 4948 est,
3227 4897 3297 4938 ne
3320 4897 3407 4938 se-

1839 4996 1965 5037 cum
1997 4980 2230 5050 ltabites,
2259 4980 2442 5051 ejiciet
2465 4978 2563 5052 te.]

1910 5178 1966 5246 8,
2001 5178 2055 5235 9.
2095 5177 2356 5233 Videbunt
2378 5178 2540 5247 justi,
2572 5186 2623 5232 et
2654 5176 2926 5231 timebunt.
2967 5172 3101 5229 Dum
3124 5168 3407 5229 canuntur

1838 5270 1986 5326 enim
2014 5270 2203 5341 impii,
2227 5269 2361 5340 justi
2404 5268 2784 5324 reformidant.
2824 5264 2892 5320 Et
2933 5273 2988 5320 tu
3033 5265 3285 5336 quidem,
3320 5264 3409 5322 in-

1839 5364 1979 5434 quit,
2015 5362 2133 5418 bac
2157 5362 2360 5417 toleras
2385 5380 2398 5416 :
2425 5361 2569 5432 justi
2599 5370 2805 5424 autem,
2847 5357 2954 5414 hoc
2974 5366 3057 5413 est
3096 5358 3280 5429 populi
3302 5358 3404 5424 tui,

1838 5462 2128 5524 conspecta
2175 5463 2268 5508 tua
2312 5452 2589 5523 pernicie,
2631 5449 2925 5505 formidine
2969 5450 3403 5520 complebuutur.

1836 5542 1974 5598 Nam
2005 5542 2211 5599 sufﬁcit
2254 5541 2584 5612 supplicium
2624 5541 2693 5596 de
2721 5549 2772 5595 te
2795 5548 3073 5612 sumptum
3110 5549 3169 5595 ut
3195 5539 3271 5595 illi
3304 5553 3404 5595 ex—

1838 5644 2166 5692 tet-reantur.
2222 5632 2448 5695 Etiamsi
2491 5641 2586 5688 tuo
2627 5649 2752 5704 erga
2786 5634 2909 5689 illos
2943 5632 3206 5688 beneﬂcio
3252 5631 3403 5701 ejusv
