3786 6278
398 398 500 453 267

1240 391 1299 446 S.
1343 389 1712 444 ATHANASII
1753 389 1903 444 OPP.
1945 390 2125 446 PARS
2163 389 2251 447 Ill.
2291 419 2359 431 —
2397 389 2813 449 EXEGETICA.

3537 391 3647 447 248

397 511 546 567 modi
581 525 839 579 passurus
873 525 951 562 es.
984 506 1116 560 Ecce
1145 507 1296 559 homo
1330 507 1420 576 qui
1444 523 1543 559 non
1579 509 1755 576 posuit
1787 507 1952 562 Deum

2104 507 2246 562 εσίαν»
2267 507 2491 562 τοιαῦτά
2515 525 2608 561 σου
2633 508 2864 578 πάσχειν
2895 507 3200 578 μέλλοντος.
3247 505 3392 560 Ἰδοὺ
3417 505 3643 577 dat-Opto-

397 601 696 669 adjutorem
723 616 897 662 suum,
929 598 1019 652 sed
1043 598 1263 666 speravit
1293 598 1349 650 in
1383 598 1723 655 multitudine
1754 599 1966 653 divitia-

397 711 516 748 rum
547 707 786 747 suarum.
817 691 1001 745 Maluit
1027 691 1169 744 enim
1203 691 1447 759 proditor
1469 706 1662 745 aurum
1693 693 1958 760 accipere,

396 801 559 856 quam
611 786 913 852 adjutorem
951 782 1148 838 habere
1189 780 1398 838 Jesum.
1449 781 1518 836 Et
1574 783 1855 852 praevaluit
1905 785 1960 836 in

396 881 630 932 uarritate
650 892 787 939 sua;
817 877 973 946 quasi
1003 874 1148 930 dicat
1177 891 1191 929 :
1233 874 1299 930 Et
1327 891 1526 930 vanum
1559 892 1653 931 cor
1676 891 1835 930 suum
1861 877 1963 929 im-

2065 615 2178 666 πος
2214 601 2283 668 ὃς
2313 603 2423 655 οὐκ
2443 601 2608 655 ἔθετο
2665 601 2771 655 τὸν
2801 598 2949 655 Θεὸν
2975 601 3208 668 βοηθόν
3246 600 3454 667 αὐτοῦ,
3497 602 3642 656 ἀλλ’

2062 692 2402 760 ἐπήλπισεν
2436 691 2537 745 ἐπὶ
2584 689 2666 756 τῷ
2696 690 2910 757 πλήθει
2961 689 3069 743 τοῦ
3120 690 3383 743 πλούτου
3429 689 3639 744 αὐτοῦ.

2077 782 2355 854 Ἦγάπησε
2388 782 2496 853 γὰρ
2518 780 2739 853 χρυσίον
2775 781 2972 853 μᾶλλον
3008 784 3036 834 6
3069 780 3334 851 προδότης
3367 779 3572 844 λαὸεἰν,
3603 781 3638 852 ἢ

2066 876 2258 948 βοηθὸν
2287 875 2429 946 ἔχειν
2457 876 2549 929 τὸν
2589 873 2819 946 Ἰησοῦν.
2845 873 2956 928 Καὶ
2986 871 3401 940 ἐνεδυναμώθη
3435 873 3533 926 ἐπὶ
3563 873 3641 942 τῇ

396 969 543 1038 plere
586 967 794 1036 potuit,
852 981 1029 1036 neque
1057 966 1376 1036 poenitentia
1409 967 1606 1024 ductus
1645 968 1809 1023 tinem
1836 966 1963 1022 fecit

2104 969 2403 1036 αταιότητι
2443 967 2650 1021 αὐτοῦ.
2698 965 2844 1018 Ἀντὶ
2881 963 2997 1018 τοῦ·
3048 964 3156 1018 Καὶ
3189 963 3438 1034 ἐνίσχυσε
3500 964 3640 1034 πλη-

396 1060 710 1130 impietatis.

468 1231 597 1306 [Sed
635 1234 862 1304 speravit
899 1233 956 1285 in
1001 1229 1339 1284 multitudine
1370 1231 1682 1298 divitiarum
1718 1248 1962 1288 suarum.

2067 1059 2236 1130 ρῶσαι
2268 1058 2367 1130 τὴν
2402 1057 2632 1129 ματαίαν
2657 1057 2822 1110 αὐτοῦ
2862 1055 3107 1126 καρδίαν,
3138 1056 3196 1108 ού
3243 1053 3643 1126 μεταμεληθεὶς

2063 1149 2162 1220 τῆς
2183 1148 2435 1212 ἀσεϐείας
2471 1147 2768 1207 ἐπαύσατο.

2135 1240 2332 1312 [Ἀλλ’
2361 1238 2703 1305 ἐπήλπισεν
2734 1236 2833 1290 ἐπὶ
2864 1235 2945 1302 τῷ
2973 1236 3188 1304 πλήθει
3223 1235 3328 1290 τοῦ
3373 1237 3639 1290 πλούτου

397 1323 627 1380 Pulchre
648 1325 867 1379 divitias
883 1332 936 1380 et
952 1325 1297 1394 potestatem,
1325 1324 1620 1379 vanitatem
1639 1325 1868 1390 vocavit,
1884 1340 1963 1380 se-

2107 1334 2270 1388 ῠτοῦ.
2303 1331 2500 1394 Καλῶς
2541 1331 2598 1384 δὲ
2653 1330 2744 1384 τὸν
2771 1329 2999 1382 πλοῦτον
3055 1330 3149 1382 καὶ
3174 1329 3273 1400 τὴν
3319 1328 3641 1382 δυναστείαν

395 1420 632 1475 cundum
681 1433 865 1472 veram
909 1418 984 1471 rei
1027 1425 1325 1473 naturam:
1365 1432 1544 1487 neque
1587 1417 1734 1472 enim
1786 1417 1963 1473 Doeco

2104 1423 2401 1492 ,αταιότητα
2433 1420 2688 1474 ἐκάλεσεν
2733 1420 2843 1473 ἀπὸ
2871 1418 2965 1472 τοῦ
3017 1418 3359 1488 πράγματος·
3383 1415 3502 1468 οὔτε
3529 1416 3641 1487 γὰρ

394 1508 748 1580 profuerunt,
792 1523 965 1578 neque
993 1507 1268 1578 Assyriis,
1318 1508 1542 1578 quando
1575 1509 1738 1564 unius
1778 1507 1958 1576 angeli

2104 1515 2153 1569 ὒν
2198 1512 2356 1584 Δωὴκ
2411 1510 2660 1582 ὤνησαν,
2716 1509 2840 1564 οὔτε
2902 1508 3252 1580 Ἀσσυρίους,
3306 1508 3464 1560 sum
3521 1507 3640 1570 ἐνὸς

396 1600 626 1655 adventu
657 1599 960 1669 interempti
989 1607 1140 1664 sunt,
1175 1614 1238 1654 ac
1265 1599 1522 1670 insepulti
1546 1599 1893 1672 jacuerunt.]

2104 1605 2295 1674 γγὲλου
2347 1603 2618 1675 παρουσία
2669 1603 2865 1664 αὐτοὺς
2920 1601 3241 1664 ἀπέκτεινε,
3295 1599 3390 1652 καὶ
3445 1599 3639 1668 ἄταφοι

475 1779 562 1834 10.
596 1779 708 1850 Ego
737 1789 913 1833 autem
939 1783 1077 1834 sicut
1107 1778 1245 1832 oliva
1280 1778 1581 1847 fructifera.
1609 1777 1792 1834 Floret
1813 1793 1962 1832 nam-

2064 1698 2289 1750 ἔκειντο.

2094 1715 2289 1751 κειντο.

2147 1696 2385 1856 Ἔγὼ16ὲ
2413 1786 2558 1839 ὡσεὶ
2584 1786 2760 1839 ἐλαία
2787 1785 3186 1852 κατάκαρπος.
3233 1781 3513 1853 ’Δειθαλὴς
3530 1781 3640 1853 γὰρ

394 1889 507 1944 que
531 1847 745 1944 semper
780 1889 971 1929 eorum
1002 1873 1175 1942 gloria
1197 1871 1291 1941 qui
1319 1870 1548 1925 credunt
1574 1871 1626 1924 in
1655 1869 1954 1924 Christum.

2104 1878 2170 1931 ῶν
2219 1847 2576 1931 πιστευόντων
2600 1878 2677 1940 είς
2703 1876 2936 1949 Χριστὸν
2969 1847 3172 1946 ἠνδόξα.
3209 1873 3298 1945 [Ὀ
3326 1873 3394 1926 δὲ
3414 1847 3640 1941 acaprio;-

396 1966 654 2040 [Fructus
712 1979 888 2021 autem
935 1965 1166 2036 Spiritus
1217 1975 1314 2029 est,
1369 1965 1626 2030 charitus,
1673 1965 1960 2034 gaudium,

393 2076 503 2131 pax
525 2061 588 2127 ",
619 2069 723 2114 etc.
762 2058 916 2114 Hunc
943 2059 1124 2128 itaque
1155 2059 1392 2112 fructum
1421 2073 1546 2112 cum
1569 2058 1622 2111 in
1649 2058 1828 2127 seipso
1863 2057 1964 2111 ha—

394 2153 546 2206 heret
567 2161 788 2207 sanctus
808 2151 896 2205 ille
923 2150 1028 2216 vir,
1061 2149 1272 2204 aiebat:
1307 2148 1419 2220 Ego
1449 2159 1623 2204 autem
1658 2151 1791 2204 sicut
1826 2149 1967 2204 oliva-

396 2243 714 2314 fruetifera;
779 2241 934 2296 olivae
983 2252 1164 2296 autem
1217 2240 1512 2297 fructiferae
1553 2257 1617 2297 se
1661 2250 1965 2311 comparat,

393 2335 522 2404 quia
561 2349 686 2387 cum
733 2332 1115 2387 misericordia
1155 2332 1210 2386 in
1255 2333 1372 2402 ipso
1400 2333 1666 2387 consistat
1705 2342 1758 2388 et
1788 2331 1965 2388 domi-

393 2435 574 2490 netur,
605 2441 669 2479 ex
695 2424 1051 2493 consequenti
1082 2423 1355 2478 haerebant
1385 2433 1439 2478 et
1469 2423 1687 2492 reliqua:
1711 2423 1962 2480 virtutes.

393 2514 596 2571 Eodem
642 2531 870 2585 prorsus
905 2516 1069 2571 modo
1110 2525 1164 2570 et
1207 2515 1404 2570 Jobum
1427 2515 1671 2578 virilem,
1709 2523 1764 2569 et
1805 2513 1964 2570 Jose-

391 2603 566 2672 phum
595 2612 982 2672 temperantem
1004 2643 1020 2667 ,
1063 2613 1397 2673 caaterosque
1420 2647 1434 2670 ,
1467 2620 1530 2659 es
1556 2605 1756 2659 virtute
1787 2604 1840 2658 in
1879 2605 1966 2674 ip-

394 2695 472 2750 sis
511 2694 788 2748 obtinente
828 2710 892 2749 ac
932 2695 1246 2750 dominante
1288 2695 1786 2768 nuncupa\'erunt.]
1844 2695 1969 2766 Spe-

395 2788 508 2840 rat'i
537 2788 592 2839 in
617 2787 983 2840 misericordia
1017 2786 1112 2841 Dei
1136 2789 1194 2841 in
1217 2798 1487 2841 azternum.
1530 2787 1963 2842 Misericordiam

396 2874 490 2929 Dei
531 2876 730 2930 divinae
774 2875 1073 2946 Scriptura).
1103 2876 1396 2931 Dominum
1435 2886 1671 2942 vocant,
1713 2876 1843 2946 quia
1870 2892 1966 2945 per

392 2985 520 3025 eum
562 2968 717 3023 nobis
743 2969 1118 3024 misericordia
1143 2984 1402 3024 concessa
1435 2977 1537 3025 est.
1581 2967 1775 3022 Omnia
1817 2969 1965 3023 enim

395 3060 452 3114 in
484 3061 665 3129 seipso
698 3060 1022 3115 instauravit
1050 3069 1104 3114 et
1137 3061 1431 3129 reparavit.

470 3150 555 3206 11.
588 3148 657 3204 Et
694 3150 1003 3220 exspectabo
1043 3166 1227 3203 nomen
1275 3161 1455 3216 tuum,
1485 3152 1731 3220 quoniam
1774 3150 1964 3203 bonum

392 3251 472 3298 est
500 3242 555 3293 in
576 3252 852 3310 conspectu
878 3250 1179 3294 sanctorum
1222 3249 1453 3297 tuorum.
1511 3240 1569 3296 In
1596 3240 1817 3294 nomine
1849 3249 1962 3303 tuo,

395 3330 610 3401 inquit,
645 3329 901 3388 ﬁduciam
941 3330 1151 3384 habebo
1173 3370 1188 3395 ,
1242 3343 1404 3401 atque
1429 3346 1550 3385 eam
1587 3331 1641 3384 in
1667 3339 1964 3399 conspectu

395 3421 643 3477 omnium
677 3428 991 3491 sanctorum
1017 3431 1236 3476 tuorum
1265 3405 1625 3478 annuntiabo.
1669 3421 1786 3478 Erit
1819 3421 1964 3477 enim

395 3513 531 3569 mihi
563 3514 695 3567 illud
719 3513 1024 3582 jucundum
1055 3522 1220 3583 atque
1253 3514 1478 3568 bonum.

435 3607 490 3662 1.
527 3605 593 3660 In
620 3608 777 3678 ﬁnem
817 3624 911 3676 pro
951 3605 1176 3660 Maeletlt
1207 3608 1499 3662 intellectus
1552 3607 1762 3662 Davidi.
1796 3607 1927 3661 LII.

982 3698 1384 3767 Argumentum.

396 3787 555 3843 Hunc
579 3791 729 3844 canit
753 3804 1022 3857 psa.mum
1041 3791 1094 3844 in
1125 3792 1356 3860 gratiam
1385 3791 1761 3860 apostolorum
1788 3790 1970 3854 chori,

467 3877 560 3947 qui
585 3886 640 3932 et
673 3879 1020 3933 crediderant
1053 3881 1106 3934 in
1135 3880 1411 3934 Christum
1446 3899 1459 3935 :
1490 3882 1584 3952 qui
1619 3881 1970 3936 exsultabant

463 3980 522 4026 et
573 3970 916 4025 laetabantur.
971 3971 1201 4028 Maeleth
1241 3987 1372 4028 vero
1422 3975 1726 4043 explicatur
1775 3973 1964 4027 chorus

467 4060 584 4114 sive
628 4059 835 4114 chorea.
895 4059 1220 4116 Necessario
1269 4072 1450 4117 autem
1495 4077 1557 4116 ea
1613 4079 1737 4132 quae
1763 4062 1967 4116 Christi

467 4149 903 4205 incarnationem
935 4158 1332 4219 praecesserunt
1362 4151 1612 4206 enuntiat
1634 4191 1650 4216 ,
1691 4161 1752 4207 ut
1782 4153 1968 4206 decla-

469 4251 556 4298 ret
580 4257 702 4312 qua:
729 4241 800 4295 sit
827 4240 1091 4295 adventus
1126 4241 1246 4310 ejus
1272 4241 1500 4296 utilitas.
1547 4239 1840 4296 Sciendum
1871 4258 1971 4295 auo

465 4344 574 4389 tem
597 4342 702 4398 est,
721 4341 892 4387 totum
910 4332 1182 4387 decimum
1203 4333 1419 4387 tertium
1435 4333 1704 4403 psalmum
1722 4333 1968 4388 eamdem

465 4429 794 4484 sententiam
850 4426 1088 4491 habere,
1147 4426 1447 4496 iisdemque
1494 4425 1662 4481 ferme
1711 4425 1968 4481 omnibus

469 4517 647 4572 verbis
671 4524 947 4579 constare,
999 4516 1073 4570 ita
1113 4526 1174 4570 ut
1222 4515 1258 4570 ii
1303 4515 1398 4586 qui
1453 4515 1960 4586 interpretationem
1998 4537 2040 4592 ι)

467 4607 634 4675 hujus
666 4606 1009 4675 perquirunt,
1049 4622 1114 4660 ex
1140 4607 1233 4661 illo
1261 4623 1381 4662 eam
1404 4617 1588 4676 aperte
1623 4616 1960 4662 mutuentur.

462 4698 521 4752 2.
555 4697 702 4750 Dixit
736 4697 984 4764 insipiens
1016 4699 1072 4750 in
1112 4698 1264 4752 corde
1303 4715 1399 4752 suo
1428 4715 1446 4752 :
1483 4698 1605 4752 Non
1639 4707 1716 4753 est
1757 4697 1961 4754 Deus...

396 4793 539 4849 Deus
573 4789 639 4842 de
669 4788 798 4842 cmlo
823 4791 1089 4856 prospexit
1133 4806 1288 4858 super
1331 4790 1470 4859 ﬁlios
1507 4792 1798 4845 hominum.
1825 4789 1966 4856 Quia

394 4883 568 4938 Deum
599 4896 708 4936 non
739 4882 1140 4951 cogitaverunt,
1164 4881 1401 4935 humana
1435 4883 1854 4951 inspectantem,
1875 4882 1967 4951 iu-

395 4977 668 5031 dicantem
707 4973 914 5044 judicio
962 4971 1135 5042 justo,
1176 4988 1240 5027 ac
1290 4973 1559 5027 nefarium
1617 4989 1755 5043 opus
1787 4973 1965 5042 quod-

396 5083 614 5138 cunque
646 5074 983 5122 coercentem
1020 5084 1033 5118 :
1071 5064 1193 5118 ideo
1219 5063 1362 5118 Deus
1388 5063 1455 5118 dc
1488 5064 1628 5118 caelo
1661 5063 1962 5134 prospexit.

398 5159 455 5214 id
475 5160 621 5213 enim
655 5166 839 5229 aperte
872 5156 1081 5212 Domini
1101 5155 1170 5210 ad
1199 5156 1450 5210 homines
1483 5157 1774 5211 transitum
1797 5154 1966 5224 signi-

397 5250 544 5305 ﬂeat.

465 5341 520 5395 4.
569 5339 760 5396 Omnes
781 5342 1189 5408 declinaverunt,
1213 5341 1373 5394 simul
1407 5339 1621 5395 inutiles
1657 5340 1790 5409 facti
1818 5347 1968 5406 sunt,

394 5449 499 5488 non
529 5435 713 5502 estqui
750 5434 915 5502 faciat
946 5435 1159 5500 bonum,
1207 5449 1309 5487 non
1344 5444 1423 5489 est
1469 5449 1631 5503 usque
1669 5431 1738 5487 ad
1778 5448 1964 5488 unum.

393 5524 510 5580 Non
534 5525 876 5595 hyperbolice
903 5527 1044 5581 dicta
1080 5536 1207 5582 sunt
1249 5527 1442 5583 isthazc
1476 5543 1491 5593 ;
1521 5526 1656 5580 nihil
1687 5526 1832 5580 enim
1861 5525 1966 5596 hy-

392 5617 691 5692 perbolice,
745 5620 839 5673 sed
869 5621 1278 5678 cumlveritate
1325 5619 1511 5677 omnia
1568 5619 1622 5676 in
1677 5617 1960 5689 Scriptura

464 5798 509 5834 ’τ
533 5798 708 5856 Galat.
733 5817 782 5865 ν,
818 5800 907 5856 22.

2061 1970 2166 2024 τοῦ
2199 1972 2542 2038 Πνεύματός
2587 1970 2757 2022 ἐστιν
2805 1967 3031 2039 ἀγάπη,
3079 1967 3250 2037 χαρὰ,
3287 1964 3516 2034 εἰρήνη,
3543 1965 3639 2018 καὶ

2061 2062 2128 2116 τὰ
2157 2061 2303 2132 ἑξῆς.
2335 2061 2534 2114 Τοῦτον
2557 2062 2736 2114 τοίνυν
2763 2061 2854 2113 τὸν
2887 2059 3095 2131 καρπον
3123 2058 3262 2128 ἔχων
3307 2058 3366 2110 ὲν
3403 2056 3578 2125 ἑαυτῷ
3608 2058 3637 2109 6

2063 2152 2216 2220 ἅγιος
2257 2152 2464 2220 ἔλεγεν·
2524 2151 2670 2221 Ἐγὼ
2715 2151 2782 2205 δὲ
2827 2151 2970 2204 ὡσεὶ
3020 2149 3192 2203 ἐλαία
3242 2146 3638 2214 κατάκαρποςσ

2064 2243 2219 2314 ἐλαίᾳ
2246 2243 2304 2296 δέ
2346 2235 2688 2314 κατακᾶρπῳ
2713 2244 2890 2312 ὁμοιοῖ
2939 2241 3148 2304 ἑαυτὸν,
3181 2237 3387 2309 ἐπειδὴ,
3417 2239 3637 2307 ἐλεημο-

2065 2335 2228 2407 σύνης
2257 2334 2659 2407 ἐπικρατούσης
2698 2335 2753 2386 ἐν
2781 2331 2948 2402 αὐτῷ,
2989 2329 3294 2394 ἀκολούθως
3345 2330 3554 2382 εἵποντο
3579 2327 3638 2382 αἱ

2062 2427 2247 2481 λοιπαὶ
2299 2426 2509 2497 ἀρεταί.
2561 2425 2716 2477 Οὕτω
2759 2423 2852 2477 καὶ
2906 2423 2999 2475 τὸν
3063 2420 3184 2475 Ἰὼϐ
3249 2421 3488 2492 ἀνδρεῖον
3518 2419 3637 2489 μὲν,

2063 2519 2160 2572 καὶ
2216 2517 2307 2571 τὸν
2349 2516 2546 2586 Ἰωσὴφ
2615 2513 2889 2585 σώφρονα,
2935 2513 3028 2565 καὶ
3090 2513 3216 2575 τοὺς
3275 2511 3490 2574 λοιποὺς
3532 2510 3636 2562 ἀπὸ

2063 2608 2164 2676 τῆς
2231 2603 2635 2674 ἐπικρατούσης
2695 2602 2893 2674 ἀρετῆς
2960 2600 3314 2670 ὀνομάζοντες
3372 2597 3637 2670 αὐτούς.]

2068 2700 2329 2752 Ἦλπισιι
2369 2695 2466 2749 ἐπὶ
2526 2695 2592 2749 τὸ
2639 2694 2812 2760 ἕλεος
2843 2695 2948 2748 τοῦ
2981 2692 3130 2747 Θεοῦ
3179 2696 3267 2759 εὶς
3291 2693 3396 2746 τὸν
3432 2689 3638 2750 αἰῶνα.

2068 2791 2256 2852 Ἔλεος
2304 2787 2397 2841 τοῦ
2439 2787 2575 2841 Θεοῦ
2635 2789 2691 2842 αἱ
2742 2787 2882 2840 θεῖαι
2939 2787 3154 2857 Γραφαὶ
3182 2785 3509 2855 ὀνομάζουσι·
3547 2783 3638 2837 τὸν

2064 2879 2290 2952 Κύριον,
2317 2879 2403 2932 διὰ
2428 2879 2490 2932 τὸ
2541 2878 2791 2948 γενέσθαι
2845 2881 2977 2949 ἡμῖν
3032 2879 3098 2931 δι’
3129 2877 3292 2930 αὑτοῦ
3340 2877 3505 2939 ἔλεος·
3544 2877 3635 2929 ἀν-

2069 2972 2514 3041 εκεφαλαιώσατο
2568 2972 2676 3044 γὰρ
2720 2973 2776 3025 ἐν
2827 2970 3002 3040 ἐαυτῷ
3054 2970 3124 3023 τὰ
3155 2970 3353 3033 πάντα,
3396 2968 3491 3021 καὶ
3541 2967 3635 3021 ἀν-

2065 3066 2459 3136 εστοιχείωσεν.

2135 3158 2244 3212 Καὶ
2268 3154 2542 3226 ὑπομενῶ
2563 3155 2630 3208 τὸ
2660 3153 2847 3224 ὄνομά
2885 3171 3022 3219 σου,
3047 3155 3135 3208 ὅτι
3177 3152 3443 3223 χρηστὸν
3469 3151 3616 3204 arar

2065 3250 2196 3302 τίον
2237 3249 2357 3301 τῶν
2395 3249 2582 3301 ὁσίων
2614 3263 2754 3303 σου.
2795 3248 2881 3300 Ἐν
2929 3247 3008 3317 τῷ
3056 3245 3276 3316 ὀνόματί
3332 3261 3447 3305 σου,
3482 3242 3636 3312 φησὶ,

2069 3341 2252 3412 σχοίην
2275 3339 2618 3410 πεποίθησιν,
2661 3341 2754 3392 καὶ
2776 3339 2980 3408 ταύτην
3001 3337 3240 3392 ἐναντίον
3288 3336 3504 3388 πάντων
3523 3333 3637 3387 τῶν

2068 3432 2175 3488 σῶν
2229 3432 2398 3500 ἁγίων
2457 3430 2754 3500 ἐξαγγελῶ.
2805 3431 2997 3482 Ἔσται
3026 3428 3136 3499 γάρ
3164 3445 3254 3499 μοι
3303 3427 3365 3479 τὸ
3412 3425 3638 3496 πρᾶγμα

2066 3525 2302 3597 χρηστόν
2333 3542 2390 3578 τε
2420 3525 2513 3578 καὶ
2541 3523 2764 3593 ἀγαθόν.

2069 3621 2172 3682 Εἰς
2197 3616 2367 3680 τέλος
2413 3615 2565 3684 ὑπὲρ
2599 3614 2835 3670 Μαενιὲθ
2856 3613 3164 3677 συνέσεως
3197 3611 3278 3678 τῷ
3292 3611 3638 3664 Δαυΐδ.ΝΒ’.

2681 3707 2694 3725 '
2709 3707 3015 3769 Υπόθεσις.

2072 3801 2217 3871 ’ᾼδει
2250 3800 2340 3853 τὸν
2362 3799 2604 3870 παρόντα
2628 3799 2766 3868 ὑπὲρ
2789 3797 2880 3850 τοῦ
2905 3802 3063 3870 χοροῦ
3084 3796 3193 3849 τῶν
3221 3793 3526 3848 ἀποστόλων
3547 3793 3639 3846 καὶ

2138 3889 2544 3942 πιστευσάντων
2578 3891 2655 3952 είς
2677 3886 2931 3958 Χριστόν·
2959 3887 3008 3939 οἳ
3049 3887 3142 3939 καὶ
3168 3884 3500 3956 ἠγαλλιῶντο
3547 3883 3640 3937 καὶ

2142 3980 2523 4050 ηὑφραίνοντο.
2550 3979 2762 4033 Μαελέθ
2787 3979 2843 4032 δὲ
2891 3977 3252 4050 ἑρμηνεύεται
3302 3976 3501 4046 χορὸς,
3519 3977 3641 4046 ἦτοι

2141 4073 2363 4140 χορεία.
2405 4071 2739 4139 Ἀναγκαίως
2781 4070 2838 4123 δὲ
2865 4070 2933 4123 τὰ
2962 4071 3068 4142 πρὸ
3089 4071 3188 4142 τῆς
3221 4069 3520 4140 παρουσίας
3541 4067 3641 4120 to;

2141 4162 2344 4234 Κυρίου
2372 4162 2540 4230 λέγει,
2568 4163 2656 4215 ἴνα
2678 4161 2824 4234 δείξῃ
2855 4163 2953 4234 ὅση
2997 4163 3096 4233 τῆς
3153 4161 3455 4232 παρουσίας
3499 4159 3626 4228 ὠφέ-

2139 4256 2280 4310 λεια.
2299 4255 2493 4308 Ἰστέον
2517 4254 2593 4317 δὲ,
2619 4253 2693 4316 ὡς
2724 4254 2818 4307 καὶ
2851 4255 2948 4326 τὴν
2983 4253 3150 4325 αὐτὴν
3178 4253 3413 4307 διάνοιαν
3462 4255 3643 4306 πᾶσαν

2141 4351 2169 4400 6
2196 4346 2635 4419 τρισκαιδέκατος
2657 4345 2869 4416 ψαλμδς
2897 4345 3160 4417 περιέχει,
3191 4345 3285 4398 καὶ
3339 4344 3438 4407 τὰς
3474 4343 3641 4408 αὐτὰς

2145 4435 2316 4503 λέξεις
2344 4434 2526 4504 σχεδὸν
2581 4433 2815 4496 ἁπάσας*
2851 4431 2991 4484 ὥστε
3043 4431 3102 4496 ἐξ
3149 4430 3356 4484 ἐκείνου
3412 4429 3641 4500 φανερὸν

2139 4528 2385 4598 γενέσθαι
2425 4529 2536 4589 τοῖς
2579 4523 2893 4596 ἐπιζητοῦσι
2925 4523 3022 4594 τὴν
3045 4521 3358 4593 ἐρμηνείαν.

2138 4695 2322 4752 Εἶπεν
2349 4697 2550 4765 ἄφρων
2579 4696 2648 4747 ὲν
2673 4690 3100 4762 καρδίᾳαὺτοῦ·
3121 4693 3243 4745 οὐκ
3271 4691 3401 4744 ἐστι
3427 4691 3639 4754 Sede...

2080 4789 2133 4839 '0
2161 4788 2303 4852 Θεὸς
2333 4787 2402 4839 ἐκ
2439 4784 2542 4837 τοῦ
2569 4782 2827 4850 οὐρανοῦ
2855 4781 3141 4850 διέκυψεν
3171 4782 3269 4834 ἐπὶ
3301 4780 3440 4846 τοὺς
3471 4779 3639 4845 υἱοὺς

2067 4877 2186 4932 τῶν
2231 4876 2574 4945 ἀνθρώπων.
2593 4873 2828 4944 Ἐπειδὴ,
2859 4873 2932 4945 μὴ
2980 4873 3321 4944 λογισάμενοι
3372 4872 3461 4925 τὸν
3507 4871 3640 4924 Θεὸν

2069 4968 2349 5041 ἐφορῶντα
2370 4967 2441 5020 τὰ
2467 4965 2803 5038 ἀνθρώπινα,
2839 4965 3092 5037 κρίνοντα
3119 4965 3294 5036 κρίσει
3317 4963 3520 5034 δικαίᾳ,
3545 4964 3640 5017 καὶ

2069 5063 2247 5114 πᾶσαν
2273 5058 2692 5130 ἀθεμιτουργίαν
2722 5056 2994 5130 είργοντα,
3024 5056 3214 5110 τούτου
3242 5055 3398 5126 χάριν
3434 5057 3462 5108 6
3508 5054 3640 5118 Θεὸς

2067 5156 2131 5206 ὲκ
2178 5152 2272 5204 τοῦ
2329 5150 2559 5221 ούρανοῦ
2605 5148 2843 5216 διέκυψε.
2874 5148 3043 5201 Τοῦτο
3071 5148 3176 5220 γὰρ
3210 5146 3396 5216 σαφῶς
3423 5145 3520 5216 τὴν
3560 5146 3640 5208 εἰς

2068 5243 2387 5316 ἀνθρώπους
2410 5242 2502 5296 τοῦ
2531 5242 2737 5314 Κυρίου
2770 5241 3002 5312 πάροδον
3031 5240 3304 5312 σημαίνει.

2136 5335 2364 5401 Πάντες
2382 5333 2722 5399 ἐξέκλιναν,
2751 5333 3320 5404 ἄμωήχρειώθησαν,
3362 5332 3472 5384 οὐκ
3504 5329 3639 5382 ἔστι

2067 5427 2253 5483 ποιῶν
2277 5427 2520 5496 ἀγαθὸν,
2545 5429 2654 5480 οὐκ
2685 5427 2856 5480 ἐστιν
2881 5425 2990 5490 ἕως
3010 5425 3168 5488 ἑνός.
3197 5424 3307 5492 Ούχ
3348 5419 3638 5492 ὑπερϐολι-

2068 5519 2178 5582 κῶς
2223 5517 2399 5572 ταῦτα
2444 5517 2687 5588 εἴρηται·
2738 5516 2888 5568 οὐδὲν
2935 5514 3044 5585 γὰρ
3093 5510 3483 5583 ὑπερϐολικῶς,
3518 5510 3638 5579 μετ’

2067 5609 2321 5681 ἀληθείας
2347 5610 2404 5664 δὲ
2435 5609 2610 5663 πάντα
2644 5609 2794 5678 παρὰ
2826 5612 2889 5679 τῇ
2939 5608 3130 5678 Γραφῇ
3163 5608 3398 5678 εἴρηται.
3430 5604 3637 5665 Πάντες
