3786 6278
347 299 447 358 251

345 512 567 581 spicias,
593 510 785 579 inquit,
805 524 891 563 me
907 508 1320 576 supplicantem,
1341 509 1435 564 sed
1455 508 1711 563 benevolo
1727 507 1909 561 animo

343 604 567 658 intende
592 603 745 667 mihi,
780 614 832 656 et
868 601 1131 655 auxilium
1161 601 1356 655 tribue.

413 697 466 750 5.
491 694 846 750 Contristatus
888 708 1004 746 sum
1045 692 1099 744 in
1130 693 1505 746 exercitatione
1533 709 1669 754 mea,
1700 699 1750 745 et
1785 706 1910 744 con-

345 788 588 842 turbatus
612 804 748 841 sum.
776 785 1058 839 Anxietate
1080 799 1315 852 namque
1338 784 1529 852 plenus
1551 791 1687 848 erat,
1716 782 1907 836 videns

341 879 680 950 iniquitatem
717 879 770 932 in
803 876 1138 931 Salvatorem
1181 876 1498 939 admissam,
1525 890 1686 945 quam
1713 875 1909 930 exinde

341 973 498 1027 docet
543 971 626 1026 his
675 970 855 1024 verbis
889 988 902 1022 :
937 970 978 1023 Α
1008 985 1126 1022 voce
1159 969 1360 1021 inimici
1405 977 1453 1020 et
1485 985 1518 1020 a
1567 967 1908 1020 tribulatione

335 1064 645 1133 peccatoris.
679 1062 870 1116 Totins
914 1071 1094 1115 autem
1135 1061 1418 1130 sententia:
1445 1074 1598 1113 mens
1631 1059 1747 1112 haec
1785 1066 1904 1113 est:

314 1155 586 1226 -Respice,
614 1169 818 1224 quaaso,
855 1169 1017 1223 quam
1043 1152 1399 1207 contristatus
1421 1167 1563 1214 sum,
1596 1166 1758 1220 quam
1794 1159 1908 1204 tur-

337 1248 519 1312 batus,
573 1261 736 1316 quam
787 1243 1176 1299 exercitatione
1220 1241 1456 1312 repletus
1495 1256 1665 1296 sum:
1709 1241 1906 1310 hisque

335 1338 592 1394 admissis
619 1337 812 1391 exaudi
840 1351 942 1388 me.

405 1428 520 1484 4-7.
565 1427 830 1493 Quoniam
878 1425 1269 1479 declinaverunt
1323 1425 1378 1477 in
1435 1438 1514 1476 me
1563 1421 1898 1491 iniquitates.

334 1519 684 1588 Quaecunque
737 1517 884 1571 enim
950 1515 1210 1570 adversus
1279 1512 1617 1568 Salvatorem
1685 1508 1901 1565 accide-

333 1615 494 1671 runt,
551 1607 618 1660 ad
672 1621 826 1658 suam
886 1605 1001 1674 ipse
1047 1618 1336 1673 personam
1394 1600 1575 1656 refert.
1637 1599 1784 1672 [Haec
1843 1599 1898 1652 in

333 1715 422 1754 me
479 1700 892 1768 perpetrabant,
945 1697 1012 1751 ob
1063 1698 1222 1750 illatae.
1276 1696 1504 1765 jactura:
1555 1693 1896 1758 memoriam,

1191 300 1248 350 S.
1289 294 1660 353 ATHANASII
1699 294 1850 351 OPP.
1891 294 2072 350 PARS
2111 295 2194 350 lll.
2235 327 2303 337 -—
2337 294 2744 352 EXEGETICA.

231 471 236 478 .
347 419 503 475 affert
535 418 993 489 supplicationes,
1029 432 1226 488 rogans
1266 417 1479 471 admitti
1530 417 1666 472 illas.
1709 415 1786 470 Ne
1815 416 1908 471 de-

2022 418 2209 488 pbpou;
2256 418 2490 482 ἱκετείας
2518 418 2814 490 προσφέρει
2838 417 3092 488 δεχθῆναι
3120 418 3319 481 ταύτας
3362 419 3619 473 ἀντιϐο-

3485 298 3624 354 253

2015 512 2140 564 λῶν.
2164 513 2254 583 Μὴ
2279 511 2510 582 παρίδῃς
2531 512 2638 582 γάρ
2662 528 2748 581 με,
2783 511 2934 580 φησὶ,
2964 508 3344 580 ποτνιώμενον,
3361 511 3483 564 ἀλλ’
3504 512 3622 566 εὐ-

2018 599 2192 670 μενῶς
2223 618 2314 671 μοι
2341 601 2592 672 πρόσχες,
2621 601 2715 653 καὶ
2739 599 2836 669 τὴν
2876 597 3120 669 βοήθειαν
3151 597 3370 670 ὢρεξον.

2097 691 2434 760 Ἐλυπήθην
2469 693 2539 746 ἐν
2571 690 2646 760 τῇ
2692 691 3020 760 ἀδολεσχίᾳ
3052 708 3192 759 μου,
3235 691 3335 746 καὶ
3369 693 3613 762 ἐταρά-

2013 784 2534 855 χθην.Ἀμηχανίας
2574 783 2684 854 γὰρ
2721 781 3039 853 ἐπληροῦτο,
3074 782 3282 852 βλέπων
3313 784 3408 854 τὴν
3435 787 3610 840 κατά

2012 877 2104 930 τοῦ
2137 877 2385 947 Σωτῆρος
2415 875 2700 946 γινομένην
2733 874 3092 946 παρανομίαν,
3115 875 3180 945 ἢν
3211 876 3306 929 καὶ
3336 877 3607 931 διδάσκει

2011 969 2206 1042 ἐφεξῆς
2233 970 2429 1038 λέγων’
2471 969 2602 1022 Ἀπὸ
2633 968 2836 1037 φωνῆς
2880 967 3096 1036 ἐχθροῦ
3145 967 3241 1021 καὶ
3293 968 3409 1022 ἀπὸ
3451 972 3608 1024 θλί-

2010 1064 2170 1130 ψεως
2215 1059 2657 1131 ἀμαρτωλοῦ.’0
2690 1059 2746 1112 δὲ
2793 1060 2900 1121 πᾶς
2951 1057 3073 1122 νοῦς
3116 1051 3286 1122 οὗτος⁹
3336 1059 3607 1130 Πρόσχες

2010 1154 2156 1215 ὅπως
2206 1151 2499 1223 ἐλυπήθην.
2544 1151 2693 1212 ὅπως
2736 1149 3058 1220 ἐταράχθην,
3099 1149 3246 1212 ὅπως
3293 1150 3604 1221 ἀδολεσχίᾳ

2007 1244 2410 1316 πεπλήρωμαιο
2463 1240 2858 1311 ἀποδεξάμενός
2903 1257 2961 1293 τε
3009 1239 3201 1304 ταῦτα,
3258 1241 3604 1295 εἰσάκουσὸν

2049 1354 2130 1393 ου.

2009 1353 2194 1478 μθ’ξιιλτι
2241 1423 2561 1488 ἐξέκλιναν
2605 1423 2696 1475 ἐπ’
2723 1420 2827 1492 ἐμὲ
2869 1422 3124 1491 ανομίαι.
3153 1422 3335 1476 Πάντα
3366 1423 3478 1495 γάρ
3516 1426 3598 1478 τὰ

2003 1516 2143 1570 κατὰ
2173 1516 2265 1569 τοῦ
2293 1516 2541 1586 Σωτῆρος
2579 1513 2858 1585 συμϐάντα
2887 1515 3022 1586 πρὸς
3049 1515 3109 1568 τὸ
3131 1517 3328 1568 οίκεῖον
3371 1517 3595 1586 ἀναφέ-

2008 1628 2090 1682 ρει
2124 1610 2430 1681 πρόσωπον.
2480 1607 2615 1680 [Διά
2651 1608 3009 1678 μνησικακίαν
3041 1624 3130 1678 μοι
3160 1607 3332 1662 ταῦτα
3358 1609 3595 1662 ἐποίουν

2003 1701 2282 1771 τεχθεῖσαν
2315 1700 2374 1765 ἐξ
2403 1701 2570 1772 ὀργῆς
2603 1699 2818 1768 ἀλόγου.
2854 1699 3026 1760 Κότος
3059 1701 3092 1768 ὴ
3126 1699 3380 1770 ἐπίμονος
3409 1701 3586 1772 ὀργή.

329 1806 399 1845 ex
466 1789 823 1845 irrationabili
886 1790 965 1843 ira
1033 1797 1360 1842 manentem.
1432 1788 1512 1841 Ira
1575 1799 1899 1855 permanens

2022 1759 2098 1848 ιιᾶ
2129 1794 2329 1861 ταύτην
2357 1759 2414 1847 δὲ
2435 1759 2750 1864 ⁷αἰτίαν
2783 1792 3034 1863 περιδεὴς
3073 1759 3337 1863 ἐγενόμην
3361 1759 3459 1846 3εαὶ

331 1881 614 1935 iracundia
687 1889 932 1935 vocatur.
1002 1878 1076 1934 Ea
1143 1893 1272 1933 vero
1345 1879 1412 1933 de
1481 1892 1647 1932 causa
1711 1874 1900 1929 formi-

328 1970 555 2028 dolosus
574 1987 744 2038 eram,
771 1981 932 2042 atque
960 1972 1229 2036 turbatus,
1253 1977 1334 2035 ut,
1372 1979 1546 2025 morte
1571 1970 1682 2038 jam
1719 1967 1900 2020 immi-

331 2073 512 2128 nente,
550 2073 710 2132 atque
753 2064 805 2117 in
864 2072 1071 2117 tantam
1126 2062 1295 2117 animi
1337 2061 1794 2116 concertationem
1844 2066 1899 2112 et

327 2154 676 2211 formidinem
711 2157 899 2222 incidi,
933 2166 992 2211 ut
1013 2171 1080 2210 ne
1107 2155 1318 2210 radium
1347 2152 1564 2224 quidem
1590 2152 1728 2206 lucis
1751 2151 1898 2205 vide-

329 2263 464 2312 rem,
502 2249 592 2303 sed
635 2248 689 2301 in
736 2248 974 2302 tenebris
1018 2247 1267 2316 degerem
1307 2263 1320 2299 :
1366 2244 1731 2314 putabamque
1775 2255 1896 2295 om-

326 2341 479 2394 nium
517 2355 696 2394 rerum
726 2339 985 2409 optimam
1021 2353 1143 2393 esse
1170 2337 1376 2407 fugam,
1397 2351 1462 2391 ac
1487 2335 1747 2404 rogabam
1776 2333 1895 2388 dari

327 2433 462 2486 mihi
512 2433 624 2486 alas
677 2431 924 2485 avolandi
978 2445 1163 2495 causa,
1217 2437 1278 2483 ut
1325 2428 1453 2482 alibi
1507 2425 1907 2499 quiescerem}

326 2519 434 2577 Cor
467 2537 637 2574 meum
664 2521 1032 2574 conturbatum
1065 2527 1142 2571 est
1167 2520 1219 2570 in
1245 2533 1344 2583 me,
1373 2526 1424 2570 et
1456 2517 1684 2584 formido
1709 2518 1894 2571 mortis

324 2610 513 2665 cecidit
533 2627 687 2679 super
712 2627 810 2663 me.
837 2611 976 2664 Ecce
1006 2625 1099 2663 cur
1123 2624 1326 2671 meum,
1349 2609 1546 2677 inquit,
1571 2609 1755 2663 omnia
1778 2625 1894 2664 mea

327 2703 589 2757 interiora
628 2702 818 2757 evertit
848 2721 860 2757 :
893 2703 1001 2755 itno
1030 2701 1192 2755 etiam
1229 2701 1459 2765 formido
1492 2701 1679 2754 mortis
1705 2702 1892 2755 cecidit

324 2810 482 2864 super
529 2811 628 2848 me.
686 2792 954 2847 Nimirum
998 2794 1102 2848 hoc
1125 2794 1190 2849 de
1232 2791 1530 2847 Salvatoris
1572 2803 1745 2848 morte
1796 2793 1893 2860 ait,

322 2885 395 2939 ob
447 2898 611 2953 quam
674 2881 962 2937 formidine
1010 2882 1204 2952 plenus
1259 2880 1529 2951 Propheta
1582 2890 1734 2948 erat,
1789 2883 1892 2936 liu-

324 2991 487 3031 mana
510 2987 788 3046 perm0tus
821 2975 1148 3046 cogitatione
1181 2990 1195 3026 :
1240 2983 1334 3028 aut
1363 2975 1429 3029 de
1465 2983 1640 3029 morte
1678 2975 1890 3028 anima--

323 3083 468 3134 rum,
497 3083 634 3138 quas
668 3083 764 3136 per
807 3066 922 3121 haec
959 3064 1204 3121 facinora
1241 3065 1297 3119 in
1333 3066 1558 3121 exitium
1603 3080 1762 3120 ruere
1807 3064 1892 3119 fu-

323 3168 507 3213 turum
544 3168 681 3214 erat.
715 3159 821 3212 Sed
855 3158 1018 3212 etiam
1048 3158 1203 3211 timor
1237 3165 1292 3213 et
1332 3166 1525 3211 tremor
1562 3157 1890 3227 Prophetam

323 3251 524 3306 invasit
552 3259 858 3305 cernentem
883 3251 1140 3306 dilectum
1171 3249 1267 3306 Dei
1297 3251 1409 3305 haec
1443 3251 1511 3305 ab
1542 3250 1721 3319 impiis
1745 3251 1892 3320 pati;

321 3351 666 3396 contexerant
701 3350 881 3396 autem
901 3356 1023 3396 cum
1065 3341 1310 3406 tenebrw,
1337 3342 1464 3410 quia
1501 3340 1709 3395 scilicet
1740 3349 1893 3395 tene-

323 3432 438 3488 bris
469 3433 629 3502 digna
665 3440 985 3503 essentquae
1020 3432 1285 3487 adversus
1310 3430 1649 3486 Salvatorem
1682 3441 1893 3502 patrata

323 3534 473 3582 sunt.
509 3523 714 3579 Exinde
757 3539 886 3579 vero
931 3523 1087 3594 quasi
1137 3523 1360 3578 relictus
1401 3524 1454 3578 in
1495 3524 1674 3579 medio
1702 3539 1892 3580 eorum

331 3615 414 3685 qui
451 3615 565 3670 haec
596 3623 836 3684 agerent,
868 3615 1016 3669 nullo
1049 3615 1240 3670 relicto
1265 3615 1448 3686 eﬂ'ngii
1483 3615 1626 3681 loco,
1655 3631 1756 3672 nec
1783 3632 1895 3687 quo

319 3707 614 3762 declinaret
647 3721 678 3760 a
707 3707 872 3762 tantis
899 3707 1057 3761 malis
1082 3706 1310 3771 habens,
1344 3715 1598 3776 precatur
1636 3723 1695 3763 se
1721 3709 1896 3764 subli-

321 3815 463 3854 mem
489 3799 627 3868 rapi,
657 3807 816 3867 atque
846 3799 1018 3853 instar
1052 3797 1169 3852 avis
1205 3813 1302 3867 per
1326 3813 1506 3853 aerem
1541 3799 1781 3854 avolare.

394 3912 449 3968 9.
492 3910 876 3980 Exspectabam
906 3910 1072 3965 Deum
1102 3912 1191 3978 qui
1229 3909 1434 3964 salvum
1459 3927 1538 3964 me
1564 3911 1708 3980 fecit,
1739 3928 1771 3965 a
1795 3928 1897 3981 pu-

316 4005 688 4060 sillanimitate
744 4005 958 4071 spiritus
1009 4011 1058 4056 et
1117 4011 1436 4071 tempestate.
1491 4001 1891 4074 Tcmpestatem

320 4105 477 4149 vocat
509 4094 754 4148 dolorem
787 4092 888 4148 sibi
914 4107 1009 4160 per
1040 4091 1352 4160 passionem
1377 4092 1641 4146 oblatum.

389 4185 477 4241 10.
509 4185 771 4250 Quoniam
813 4184 919 4237 ridi
963 4185 1296 4253 iniquitatem
1325 4192 1374 4238 et
1417 4184 1891 4264 contradictionem

315 4279 371 4332 in
403 4279 633 4333 civitate.
665 4278 876 4333 Causas
918 4277 1142 4347 apponit
1173 4293 1274 4332 cur
1312 4293 1407 4335 eas
1436 4293 1625 4348 preces
1664 4278 1886 4334 fuderit.

387 4446 575 4500 13-15.
618 4445 884 4510 Quoniam
919 4445 964 4498 si
1000 4446 1247 4500 inimicus
1301 4445 1663 4500 maledixisset
1728 4445 1879 4510 mihi,
1914 4455 1958 4510 ι)

313 4536 685 4590 sustinuissent
731 4537 929 4605 utique.
978 4535 1104 4590 Haec
1144 4536 1211 4591 ad
1254 4551 1544 4606 personam
1591 4537 1886 4606 proditoris

310 4627 434 4698 jure
465 4627 788 4681 referantur.
830 4626 906 4680 Tu
935 4644 1072 4692 vero,
1102 4629 1254 4682 ltomo
1283 4632 1570 4697 unanimis,
1607 4634 1716 4685 dua:
1743 4649 1886 4686 meus

312 4730 362 4775 et
386 4731 539 4775 notus
567 4736 731 4773 meus.
755 4717 922 4784 Quasi
941 4719 1105 4782 dicat,
1123 4722 1170 4773 A
1197 4737 1283 4775 me
1315 4723 1426 4778 dux
1449 4725 1780 4781 constitutus
1802 4741 1884 4792 es,

311 4809 482 4866 ludas
525 4811 754 4865 scilicet.
799 4810 903 4875 Qui
953 4811 1111 4863 sintut
1161 4827 1360 4864 mecum
1415 4814 1592 4866 dulces
1642 4818 1884 4886 cupiebas

312 4901 477 4956 cibos.
527 4900 760 4957 Perinde
806 4910 891 4956 est
937 4916 1001 4955 ac
1042 4903 1088 4955 si
1122 4903 1329 4957 diceret
1367 4920 1379 4955 :
1421 4904 1680 4972 Ejusdem
1742 4925 1885 4978 saepe

313 5008 518 5048 mensa:
557 5007 785 5048 consors
827 4991 997 5046 fuisti.
1055 4990 1122 5045 In
1148 4993 1303 5046 domo
1358 4993 1453 5047 Dei
1493 4993 1880 5051 ambulavimus

315 5101 434 5138 cum
467 5101 742 5140 consensu.
774 5084 890 5140 lloc
915 5085 991 5138 ait
1015 5085 1141 5154 quia
1173 5100 1315 5155 saepe
1339 5101 1466 5141 cum
1505 5086 1600 5141 illo
1645 5087 1699 5141 in
1739 5097 1880 5143 tem-

311 5174 465 5246 plum
497 5185 862 5230 concesserat.

382 5264 470 5318 16.
522 5263 705 5319 Veniat
738 5283 877 5320 mors
907 5284 1062 5337 super
1090 5267 1232 5331 illos,
1279 5276 1328 5321 et
1370 5267 1687 5323 descendant
1722 5270 1776 5322 in
1799 5270 1883 5323 in-

314 5356 515 5424 fernum
543 5359 783 5412 viventes.
818 5357 1265 5428 Quandoquidem
1310 5361 1601 5417 noluerunt
1634 5370 1686 5418 te
1719 5363 1882 5416 vitam

312 5448 579 5517 accipere,
607 5448 727 5503 ideo
769 5465 918 5504 mors
949 5451 1180 5520 excipiet
1209 5467 1324 5507 eos.
1359 5451 1491 5506 Illud
1525 5464 1703 5509 autem
1735 5473 1748 5510 :
1783 5454 1885 5508 De-

314 5538 563 5592 scendunt
585 5539 638 5591 in
661 5539 926 5608 infernum
954 5543 1198 5608 virentes,
1228 5544 1354 5614 quia
1371 5545 1622 5601 videlicet
1647 5547 1884 5608 scientes

406 5690 497 5764 ιι)
534 5691 667 5750 Vide
695 5695 979 5753 Onomast.
1013 5700 1081 5756 ad
1115 5704 1642 5776 ιἰιιιεωἋγαπητός.

2000 1887 2357 1958 ταραγμένος,
2383 1885 2457 1948 ὡς
2486 1887 2802 1950 ἐπιστάντος
2833 1903 2922 1956 μοι
2953 1886 3052 1956 ἥδη
3081 1883 3174 1938 τοῦ
3209 1886 3458 1949 Θανάτου,
3477 1889 3589 1942 καὶ

1997 1979 2231 2050 τοσαύτη
2260 1996 2347 2050 μοι
2371 1974 2532 2049 ἦλθεν
2560 1978 2765 2046 ἀγωνία
2791 1978 2883 2031 καὶ
2910 1977 3091 2046 φόϐος,
3125 1977 3201 2041 ὡς
3237 1978 3368 2048 μηδὲ
3395 1979 3587 2034 δοκεῖν

1997 2067 2097 2138 τὴν
2128 2069 2317 2121 ἀκτῖνα
2348 2069 2576 2137 φαίνειν,
2607 2068 2718 2122 ἀλλ’
2751 2068 3058 2122 ἐσκοτίσθαι
3081 2086 3094 2098 ο
3123 2069 3215 2122 καὶ
3241 2069 3588 2143 ἐλογισάμην

1997 2161 2095 2232 τὴν
2131 2160 2304 2231 φυγὴν
2337 2155 2474 2213 εἶναι
2508 2161 2722 2214 πάντων
2749 2160 2974 2230 ἀμείνω,
3010 2160 3102 2213 καὶ
3131 2161 3376 2233 ηὐχόμην
3413 2162 3584 2230 γενέ-

1999 2250 2123 2303 σθαι
2171 2268 2260 2322 μοι
2304 2250 2578 2321 πτέρυγας
2620 2251 2712 2303 ἐπὶ
2747 2250 2823 2321 τῷ
2861 2251 3189 2321 μεταστῆναι
3214 2250 3310 2304 καὶ
3335 2251 3584 2323 ἀλλαχοῦ

1997 2338 2390 2410 καταπαῦσαι.]
2427 2339 2490 2395 Ἠ
2513 2339 2722 2408 καρδία
2741 2357 2862 2409 μου
2885 2339 3177 2407 ἐταράχθη
3204 2340 3273 2393 ἐν
3290 2340 3438 2409 ἐμοὶ,
3470 2341 3584 2395 καί

1995 2427 2187 2483 δειλία
2230 2428 2486 2484 θανάτου
2531 2428 2827 2482 ἐπέπεσεν
2864 2431 2955 2482 ἐπ’
2981 2429 3252 2498 ἐμέ.Ἰδοὺ
3295 2432 3327 2501 ἡ
3375 2432 3582 2501 καρδία

1999 2538 2120 2591 μου,
2149 2521 2303 2592 φησὶ,
2332 2519 2610 2592 διέστρεψε
2642 2519 2711 2572 τὰ
2742 2520 2887 2574 ἔνδον
2916 2537 3016 2591 μου
3037 2539 3050 2552 ο
3089 2520 3224 2574 ἀλλά
3253 2522 3347 2576 καὶ
3378 2522 3583 2577 δειλία

1997 2608 2254 2662 θανάτου
2305 2607 2602 2661 ἐπέπεσεν
2647 2608 2738 2660 ἐπ’
2768 2607 3054 2677 ἐμέ.Ἥτοι
3080 2609 3136 2662 δὲ
3165 2609 3257 2662 τοῦ
3300 2611 3579 2682 σωτηρίου

1995 2698 2222 2752 θανάτου
2268 2697 2435 2766 λέγει,
2463 2699 2545 2766 ἐφ’
2655 2697 2856 2760 δειλίας
2881 2701 2908 2752 ὁ
2942 2699 3230 2770 Προφήτης
3268 2700 3578 2772 ἐπληροῦτο

1995 2790 2318 2862 ἀνθρωπίνῳ
2360 2790 2603 2861 λογισμῷ
2647 2788 3060 2861 κινούμενος-ἢ
3108 2790 3202 2842 τοῦ
3246 2790 3354 2844 τῶν
3381 2791 3575 2862 ψυχῶν

1995 2881 2247 2942 θανάτου,
2280 2882 2389 2935 τῶν
2429 2881 2757 2935 ἀπόλλυσθαι
2801 2881 3100 2951 μελλόντων
3125 2882 3214 2935 διὰ
3243 2883 3313 2937 τά
3345 2883 3575 2938 τοιαῦτα

1992 2973 2334 3044 τολμήματα.
2354 2972 2512 3025 Ἀλλά
2531 2973 2713 3041 φόϐος
2737 2973 2829 3024 καὶ
2855 2975 3069 3041 τρόμος
3079 2973 3312 3025 ἐπέπεσε
3331 2972 3407 3043 τῷ
3427 2975 3574 3046 Προο

1997 3064 2140 3134 φὴτῃ
2167 3062 2362 3134 ὁρῶντι
2384 3062 2474 3116 τὸν
2496 3062 2778 3132 ἀγαπητὸν
2804 3062 2915 3133 (21)
2945 3062 3037 3115 τοῦ
3062 3063 3195 3116 Θεοῦ
3221 3063 3444 3119 τοιαῦτα
3463 3066 3574 3121 ὑπὸ

1994 3155 2102 3209 τῶν
2131 3154 2340 3209 ἀσεϐῶν
2371 3154 2666 3225 πάσχοντα,
2684 3154 2940 3222 ἔκρυπτε
2965 3155 3021 3207 δὲ
3050 3156 3209 3208 αὐτὸν
3229 3158 3467 3224 σκότος,
3490 3159 3574 3222 ὡς

1995 3245 2062 3300 ἂν
2100 3246 2290 3298 σκότου
2326 3245 2540 3316 ἀληθῶς
2570 3244 2695 3310 ἄξια
2747 3245 2815 3298 τὰ
2861 3246 3002 3298 κατά
3031 3245 3124 3298 τοῦ
3150 3235 3573 3318 Σωτῆροξδρώ.

1998 3353 2152 3407 μενα.
2185 3331 2337 3399 Εἶτα,
2372 3335 2561 3405 ὥσπερ
2592 3334 2940 3404 ἀπολειφθεὶς
2979 3337 3037 3387 ἐν
3085 3335 3233 3406 μέσῳ
3256 3337 3364 3389 τῶν
3393 3336 3569 3392 ταῦτα

1993 3426 2262 3499 δρώντων,
2295 3429 2428 3499 μήτε
2466 3426 2593 3497 μίαν
2626 3443 2684 3478 τε
2727 3426 2862 3496 ἔχων
2907 3427 3217 3498 ἀποφυγὴν,
3263 3428 3396 3498 μηδέ
3441 3430 3570 3485 δ’ποι

1994 3518 2178 3584 κλίνας
2214 3517 2404 3572 ἑαυτὸν
2433 3519 2590 3581 ἐκτὸς
2620 3517 2728 3571 τῶν
2753 3517 2936 3572 κακῶν
2964 3519 3192 3588 γένοιτο,
3223 3519 3438 3590 εὔχεται
3466 3537 3568 3591 με-

1992 3611 2197 3683 τέωρος
2238 3612 2560 3684 ἐπαρθῆναι,
2599 3611 2692 3665 καὶ
2737 3610 2936 3682 πτηνὸς
2981 3611 3270 3682 γενόμενος
3308 3612 3373 3666 δι’
3404 3611 3582 3686 ἀέρος.

1993 3705 2265 3772 ἐκφυγεῖν.

2061 3906 2525 3974 Προσεδεχόμην
2556 3904 2662 3958 τὸν
2697 3904 2843 3959 Θεὸν
2866 3904 3129 3966 σώζοντα
3161 3923 3259 3976 με,
3285 3905 3402 3961 ἀπὸ
3438 3907 3564 3961 ὀλι-

1993 3992 2290 4062 τοψυχιάς
2321 3992 2420 4045 καὶ
2446 3993 2560 4046 ἀπὸ
2596 3994 2947 4063 καταιγίδος.
2975 3995 3278 4064 Καταιγίδα
3308 3996 3570 4066 ὀνομάζειι

1990 4083 2089 4152 τὴν
2121 4082 2208 4136 διὰ
2235 4082 2328 4135 τοῦ
2360 4084 2564 4148 πάθους
2597 4085 2743 4156 αὐτῷ
2777 4086 3060 4156 συμϐᾶσαν
3085 4087 3279 4159 λύπην.

2065 4173 2183 4226 Ὅτι
2209 4170 2372 4228 εἶδον
2394 4176 2650 4245 ἀνομίαν
2673 4178 2769 4230 καὶ
2803 4179 3148 4248 ἀντιλογίαν
3169 4181 3237 4232 ἐν
3259 4179 3334 4248 τῇ
3361 4183 3557 4238 πόλει.

1990 4264 2179 4319 Αίτίαν
2218 4267 2550 4338 παρατίθησι
2582 4267 2646 4321 δι’
2675 4269 2742 4339 ἢν
2776 4270 2868 4321 καὶ
2905 4270 3004 4339 τὴν
3039 4271 3344 4341 προσευχὴν
3374 4273 3561 4341 ἐποιή-

1997 4371 2150 4409 σατο.

2059 4452 2198 4516 Ὅτι,
2226 4453 2275 4504 εί
2304 4451 2514 4521 ἐχθρὸς
2540 4451 2810 4506 ὠνείδισέ
2829 4469 2928 4522 με,
2961 4450 3270 4521 ὑπήνεγκα
3302 4451 3398 4506 ἄν.
3416 4453 3556 4505 Tati-

1985 4557 2054 4593 τα
2084 4543 2163 4606 είς
2189 4543 2478 4613 πρόσωπον
2505 4544 2597 4597 τοῦ
2626 4544 2884 4614 προδότου
2914 4542 3298 4614 ἀναφέροιτ’ἂν
3312 4543 3558 4607 δικαίως.

1986 4632 2073 4685 Σὺ
2101 4632 2187 4696 δὲ,
2213 4633 2482 4701 ἄνθρωπε
2511 4635 2791 4704 ίσόψυχε,
2818 4633 3051 4703 ἡγεμών
3067 4652 3184 4702 μου
3206 4635 3302 4687 καὶ
3329 4635 3558 4705 γνωστέ

1981 4739 2121 4792 μου.
2140 4723 2286 4774 Ἀντί.
2314 4723 2428 4786 τοῦ,
2451 4725 2806 4795 Κατεστάθης
2832 4722 3057 4795 ἡγεμὼν
3088 4723 3179 4777 ὑπ’
3197 4725 3355 4796 ἐμοῦ,
3379 4726 3551 4779 ὁἸού-

1983 4812 2080 4874 δας
2109 4811 2478 4881 δηλονότι.“ος
2509 4813 2605 4866 ἐπὶ
2635 4813 2702 4866 τὸ
2745 4813 2890 4866 αὐτὸ
2914 4813 3251 4883 ἐτλύκανὰς
3290 4833 3391 4884 μοι
3431 4816 3553 4870 ἐδέ-

1982 4901 2429 4972 σματα.⁹’ομοιον
2450 4903 2583 4956 ὡσεὶ
2607 4903 2778 4972 λέγοι·
2797 4903 2910 4974 Τῆς
2939 4904 3104 4974 αὐτῆς
3125 4906 3402 4976 τραπέζης
3424 4907 3551 4959 πολ-

1981 4995 2138 5059 λάκις
2170 4994 2489 5067 ἠξιωμένος.
2525 4997 2623 5049 Ἐν
2648 4995 2728 5062 τῷ
2756 4997 2900 5064 οἴκῳ
2931 4997 3035 5050 τοῦ
3067 4996 3215 5051 Θεοῦ
3235 4999 3554 5066 ἐπορεύθηι

1976 5107 2091 5158 μεν
2121 5090 2190 5141 ἐν
2229 5089 2492 5157 ὁμονοίᾳ.
2519 5089 2690 5143 Τοῦτό
2739 5107 2870 5160 φησι
2907 5088 2994 5142 διὰ
3036 5089 3098 5142 τὸ
3143 5088 3549 5160 συνεληλυθέναι

1982 5182 2130 5252 αὑτῴ
2156 5182 2417 5245 πολλάκις.
2448 5183 2526 5246 είς
2561 5183 2620 5236 τὸ
2649 5184 2812 5255 ἱερόν.

2065 5287 2306 5342 Ὲλθέτω
2329 5287 2404 5355 δὴ
2432 5287 2685 5355 θάνατος
2709 5289 2802 5341 ἐπ’
2826 5289 3065 5356 αὐτοὺς,
3093 5291 3189 5343 καὶ
3218 5287 3546 5357 καταϐήτω-

1983 5393 2105 5432 σαν
2126 5381 2211 5445 εὶς
2241 5379 2387 5446 ᾅδου
2414 5377 2643 5446 ζῶντες.
2663 5381 2878 5451 Ἐπειδὴ
2913 5381 3012 5434 οὐκ
3039 5381 3298 5452 ἐθέλησάν
3347 5397 3406 5432 σε
3451 5379 3543 5449 τὴν

1985 5467 2129 5538 ζωὴν
2174 5468 2599 5543 παραδέξασθαι,
2643 5469 2813 5540 ταύτῃ
2857 5486 2939 5522 τοι
2986 5469 3209 5533 θάνατος
3254 5468 3540 5532 διαδέξεται

1985 5559 2199 5623 αὐτούς.
2239 5561 2312 5612 Τὸ
2342 5559 2418 5628 δὲ,
2451 5559 2884 5628 Καταόήτωσαν
2914 5563 2999 5627 είς
3033 5561 3179 5628 ᾅδου
3205 5558 3435 5628 ζῶντες,
3462 5559 3540 5616 ὅτι
