3786 6278
272 315 382 375 255

1116 312 1174 370 s.
1216 313 1587 372 ATHANASII
1624 315 1775 372 ore.
1811 315 1992 372 PARS
2025 314 2115 371 ιιι.
2147 345 2219 358 -
2252 300 2669 372 EXEGETICA.

3397 315 3509 372 θἐϐ

3400 351 3467 371 αν

3400 351 3467 371 ἂν

347 439 524 503 potest
550 429 794 501 psalmus
833 428 902 485 ad
937 444 1227 500 personam
1255 431 1531 499 Ecclesiae,
1553 449 1674 504 quae
1707 435 1829 504 qul-
1864 441 1887 496 Α

2007 432 2073 487 ἂν
2100 436 2127 487 ό
2158 432 2370 504 ψαλμδς
2393 434 2486 487 καὶ
2512 435 2590 496 είς
2614 432 2901 503 πρόσωπον
2926 431 3024 503 τῆς
3056 430 3381 501 Ἑκκλησίας
3406 432 3512 504 τῆς

342 523 464 578 dem
493 523 622 577 olim
653 521 843 592 procul
871 536 902 577 a
942 523 1145 578 sanctis
1176 525 1350 593 posita
1381 532 1521 589 erat,
1563 539 1674 594 quo
1700 534 1840 579 tem.

343 628 474 685 pore
505 622 621 671 erat
650 612 965 668 idololatria:
1005 614 1209 683 dedita,
1249 628 1306 671 et
1346 617 1685 672 daemonibus
1729 631 1840 672 ser-

348 704 547 759 viebat.
584 702 663 758 Eo
692 714 873 759 autem
906 721 937 760 a
976 706 1351 775 spiritualibus
1392 709 1845 778 inimicis-erepta

346 805 424 851 est
452 810 697 865 per.eum
729 797 820 864 qui
848 812 915 851 ex
959 798 1167 853 semine
1196 798 1361 854 David
1389 800 1690 855 secundum
1720 815 1845 856 car-

343 902 466 942 nem
492 887 713 957 prodiit,
737 888 829 956 qui
863 888 1062 943 bellum
1096 906 1195 960 pro
1223 891 1382 946 nobis
1406 891 1595 963 gessit,
1615 902 1667 946 et
1686 891 1844 961 quasi

342 975 397 1030 in
428 976 589 1046 cippo
624 978 909 1032 victoriam
946 994 1045 1049 pro
1073 981 1231 1035 nobis
1276 992 1484 1051 partam
1531 981 1841 1052 descripsit.

344 1064 498 1122 Tunc
526 1067 672 1123 enim
707 1082 832 1122 eum
857 1068 1174 1137 alienigenae
1198 1070 1404 1125 honore
1435 1069 1755 1139 affecerunt;
1791 1070 1845 1125 id

344 1166 452 1220 est,
512 1156 608 1227 qui
669 1171 737 1212 ex
798 1159 1040 1227 gentium
1102 1175 1331 1216 numero
1390 1160 1739 1216 crediderunt
1788 1161 1845 1217 in

345 1260 494 1300 eum.

341 1337 397 1391 Ξ.
439 1337 686 1392 Miserere
722 1338 840 1404 mei,
887 1337 1047 1402 Deus,
1098 1343 1345 1411 quoniam
1394 1345 1715 1400 conculcavil
1766 1363 1849 1401 me

272 1426 449 1479 homo.
489 1425 600 1479 Aut
635 1426 703 1481 de
741 1425 906 1482 Saule
944 1430 1075 1485 illud
1128 1430 1295 1486 David
1345 1434 1441 1500 ait,
1477 1446 1572 1491 aut
1620 1446 1845 1494 sanctus

273 1518 524 1587 quilibet.
565 1518 637 1572 ob
692 1534 967 1574 aerumnas
1014 1538 1136 1590 qua:
1177 1523 1233 1577 in
1269 1524 1369 1579 hac
1411 1526 1522 1581 vita
1564 1528 1841 1584 accidunt.

272 1607 602 1676 Plerumque
653 1617 834 1662 autem
903 1612 1169 1681 contingit
1231 1622 1291 1667 ut
1332 1614 1605 1671 demissus
1660 1626 1847 1671 noster

2019 527 2186 580 πάλαι
2230 528 2328 597 μὲν
2371 526 2477 579 άπὸ
2515 525 2621 578 τῶν
2655 523 2822 593 ἁγίων
2867 523 3356 596 μεμακρυμμένης,
3382 525 3511 578 καθ’

2018 616 2078 670 ὃν
2119 616 2490 688 εἰδωλολάτρει
2534 615 2744 685 καιρὸν,
2770 614 2862 667 καὶ
2885 613 3238 683 δουλευούσης
3267 614 3508 687 δαίμοσι.

2030 707 2345 779 Ῥυσθείσης
2374 707 2430 761 δέ
2457 707 2566 761 τῶν
2599 707 2803 779 νοητῶν
2835 706 3041 778 ἐχθρῶν
3066 706 3153 760 διὰ
3173 706 3266 759 τοῦ
3293 708 3527 775 γεγονό-

2016 817 2109 864 τος
2136 803 2199 854 ἐκ
2228 800 2540 872 σπέρματος
2568 800 2660 853 τοῦ
2695 798 2835 853 κατὰ
2868 800 3044 870 σάρκα
3077 800 3269 862 Aonio:
3285 800 3378 854 τοῦ
3413 800 3516 853 καὶ

2017 891 2423 963 πολεμήσαντος
2446 892 2582 962 ύπέρ
2604 891 2780 961 ἡμῶν,
2810 890 2903 943 καὶ
2929 890 3115 960 ὥσπερ
3142 893 3197 944 ἐν
3226 891 3391 965 στήλῃ
3411 892 3529 961 τὴνι

2018 982 2158 1054 ὑπὲρ
2189 981 2347 1054 ἡμῶν
2383 981 2540 1051 νίκην
2571 980 2894 1052 γράψαντος.
2929 980 3062 1033 Τότε
3091 981 3198 1053 γὰρ
3223 981 3316 1035 καὶ
3344 981 3517 1051 τιμῆς

2015 1075 2176 1129 αὐτὸν
2209 1076 2255 1129 oi
2286 1073 2571 1142 ἀλλόφυλοι
2604 1072 2860 1142 ἠξίωσαν,
2883 1073 3153 1126 τουτέστιν
3177 1075 3226 1126 oi
3251 1072 3309 1138 ἐξ
3341 1072 3531 1126 ἐθνῶν-

2017 1165 2365 1228 πιστεύοντες
2397 1166 2477 1228 είς
2502 1162 2679 1217 αὐτόν.

2029 1332 2315 1409 Ἐᾶἐησόν
2344 1360 2441 1411 με,
2471 1344 2505 1397 ό
2545 1341 2709 1407 Θεὸς,
2752 1340 2841 1395 ὅτι
2885 1341 3261 1408 κατεπάτησέ
3296 1358 3373 1409 με
3409 1341 3503 1394 ᾶνκ

1945 1431 2277 1500 θρωπος,Ἦ
2327 1432 2454 1502 περὶ
2499 1429 2593 1483 τοῦ
2637 1428 2810 1483 Σαοὺλ
2859 1432 2888 1483 ὁ
2933 1428 3095 1482 Δαυῖδ
3135 1445 3317 1499 φησιν,
3352 1428 3384 1499 ἢ
3419 1428 3521 1481 καὶ

1945 1522 2099 1591 ἅγιος
2142 1524 2270 1586 πᾶς,
2298 1520 2385 1574 διὰ
2431 1521 2530 1585 τὰς
2574 1520 2783 1591 θλίψεις
2825 1519 2891 1584 ἃς
2939 1519 3152 1591 ἔχουσιν
3199 1522 3256 1573 ὲν
3297 1519 3375 1590 τῷ
3421 1522 3521 1573 κό-

1948 1630 2069 1684 σμῳ
2098 1611 2229 1682 (22).
2272 1611 2537 1675 Πολλάκις
2559 1611 2615 1665 δὲ
2639 1613 2734 1665 καὶ
2777 1612 2805 1664 ό
2835 1610 3019 1675 καθεὶς
3045 1610 3199 1681 ἡμῶν
3231 1610 3519 1682 ἄνθρωπος

275 1700 441 1754 homo
467 1701 571 1755 hoc
597 1701 981 1771 gravissimum
1012 1705 1205 1757 subeat
1229 1704 1453 1772 bellum,
1486 1715 1595 1761 tota
1636 1707 1724 1762 die
1750 1723 1847 1777 per
1879 1771 1887 1777 ,

1978 1704 2037 1758 δν
2081 1704 2317 1775 χαλεπὸν
2363 1702 2549 1756 τοῦτον
2596 1703 2887 1772 ὑφίσταται
2941 1703 3195 1774 πόλεμον,
3242 1702 3371 1774 ὃλην
3413 1702 3518 1772 τὴν

270 1788 535 1847 Satanam
582 1770 964 1863 impugnatus,
1009 1804 1172 1864 atque
1206 1796 1275 1850 ab
1320 1770 1447 1868 ipso
1470 1770 1842 1855 conculcatus.
1879 1771 1887 1829 1

1976 1770 2159 1869 ιμὲραν
2185 1795 2333 1867 παρὰ
2364 1794 2456 1849 τοῦ
2488 1770 2701 1848 Σατανᾶ
2725 1770 3125 1865 πολεμούμενος
3152 1795 3243 1849 καὶ
3269 1770 3398 1865 παρ’
3419 1770 3521 1849 αὖ.

274 1881 424 1938 Licet
460 1884 606 1939 enim
654 1885 929 1939 hominem
968 1886 1207 1955 psalmus
1246 1901 1660 1956 commemoret,
1708 1900 1848 1947 atta-

271 1989 398 2029 men
427 1975 603 2044 ipsum
628 1975 887 2030 Satanam
922 1978 1243 2047 plerumque
1270 1980 1321 2033 in
1348 1979 1531 2036 divina
1564 1980 1847 2053 Scriptura

272 2066 641 2131 nominatum,
686 2074 781 2121 aut
827 2068 1064 2137 aliquem
1110 2083 1174 2124 ex
1220 2070 1340 2140 ejus
1379 2073 1847 2131 commilitonibus

273 2156 601 2212 subindicat.
634 2156 903 2211 Caeterum
937 2158 1052 2212 haec
1086 2160 1156 2213 ab
1190 2159 1308 2229 ipso
1331 2162 1610 2230 gentilium
1646 2166 1847 2234 populo

271 2247 651 2316 respondendo
671 2250 879 2302 cantari
897 2261 1325 2304 consentaneum
1352 2261 1454 2316 est,
1475 2254 1569 2323 qui
1586 2254 1847 2309 diuturno

270 2344 515 2407 tempore
559 2351 655 2407 per
701 2336 958 2393 Satanam
1010 2339 1269 2410 deceptus
1315 2356 1380 2397 ac
1442 2343 1847 2401 circumventus

270 2426 400 2492 fuit,
432 2428 660 2499 ejusque
690 2429 893 2483 bellum
938 2446 1034 2500 per
1067 2433 1377 2487 daemonum
1417 2434 1646 2490 insidias
1684 2437 1851 2492 sueti-

271 2526 393 2580 nuit
424 2544 439 2581 :
470 2542 610 2596 quos
634 2526 685 2580 in
712 2527 1066 2595 sequentibus
1100 2529 1344 2597 apertius
1375 2529 1708 2586 subindicat.

343 2618 397 2672 5.
432 2617 883 2673 Coneulcaverunt
909 2635 990 2672 me
1018 2620 1223 2674 inimici
1252 2619 1353 2675 mei
1380 2630 1490 2674 tota
1509 2618 1614 2677 die.
1634 2620 1851 2677 Sciebat

274 2709 491 2765 Saulem
550 2711 780 2767 insidias
826 2712 929 2767 sibi
970 2728 1188 2781 parare,
1232 2713 1619 2784 instigantibus
1660 2714 1851 2770 invisi-

272 2804 473 2857 bililius
523 2802 883 2859 dmmonibus.
948 2806 1057 2860 Aut
1124 2806 1256 2860 illud
1304 2806 1508 2860 indicat
1556 2807 1722 2859 :Non
1770 2813 1849 2860 est

272 2892 421 2947 nobis
452 2908 628 2962 pugna
670 2909 788 2946 cum
834 2910 991 2948 carne
1020 2879 1069 2948 et
1104 2896 1380 2965 sanguine,
1409 2894 1499 2948 sed
1540 2909 1659 2947 eum
1689 2894 1849 2963 spiri-

275 2982 505 3036 tualibus
550 2983 794 3053 nequitia:
837 2984 891 3037 in
933 2984 1227 3037 mlestibus
1268 2984 1334 3035 ".
1380 2984 1645 3049 Quoniam
1692 2983 1849 3040 multi

273 3071 525 3128 bellantes
560 3074 836 3127 adversum
882 3091 983 3138 me,
1036 3075 1101 3129 ab
1148 3076 1451 3130 altitudine.
1496 3074 1723 3131 Etiamsi
1771 3076 1847 3131 ir-

274 3178 551 3236 rumpant,
592 3168 785 3238 inquit,
820 3169 915 3222 sed
959 3183 1055 3238 spe
1091 3170 1376 3239 tuiglretns
1411 3185 1603 3225 omnes
1627 3184 1853 3239 supera-

275 3258 366 3314 bo.
414 3257 541 3314 Haec
578 3261 722 3314 enim
762 3275 883 3330 spes
920 3268 1125 3315 tantam
1165 3263 1297 3317 mihi
1343 3264 1532 3318 tribuit
1576 3262 1852 3317 fortitudi-

1945 1885 2040 1940 τοῦ
2087 1886 2440 1957 πατούμενος.
2492 1885 2557 1938 El
2597 1883 2707 1956 γὰρ
2756 1886 2850 1939 καὶ
2897 1884 3182 1955 ἀνθρώπου
3229 1888 3259 1940 δ
3304 1885 3519 1956 ψαλμὸς

1946 1979 2370 2049 ἐμνημόνευσεν,
2405 1976 2520 2031 ἀλλ’
2545 1977 2695 2047 ὅμως
2737 1976 2829 2030 τὸν
2861 1977 3102 2030 Σατανᾶν
3131 1976 3312 2037 αὑτὸν,
3342 1978 3400 2030 ἐν
3445 1980 3514 2046 τῇ

1947 2068 2067 2141 θείᾳ
2094 2069 2281 2140 Γραφῇ
2314 2068 2572 2132 πολλάκις
2604 2066 3018 2139 ὀνομαζόμενον,
3053 2069 3086 2140 ἢ
3113 2086 3233 2122 τινα
3261 2068 3370 2121 τῶν
3399 2068 3533 2121 tata?

1949 2162 2387 2233 στρατευομένων
2432 2162 2748 2217 αἰνίττεται.
2784 2161 2928 2233 Πλὴν
2980 2162 3078 2215 καὶ·
3101 2162 3192 2215 τὸν
3237 2161 3362 2216 λαὸν
3404 2161 3516 2214 τῶν

1947 2252 2113 2306 ἐθνῶν
2142 2252 2315 2307 ταῦτα
2337 2252 2662 2322 ὐποψάλλειν
2684 2252 2797 2325 (25)
2826 2253 3101 2325 ἁρμόδιον,
3131 2254 3308 2325 χρόνῳ
3338 2250 3535 2323 πολλῷ.

1949 2342 2059 2396 ὑπὸ
2083 2340 2174 2395 τοῦ
2201 2342 2411 2395 Σατανᾶ
2438 2341 2805 2413 ἀπατηθέντα,
2835 2343 2927 2395 καὶ
2958 2342 3049 2395 τὸν
3080 2345 3209 2417 παρ’
3229 2342 3393 2397 αὐτοῦ
3421 2344 3521 2396 πό-

1946 2432 2110 2504 λεμον
2139 2433 2227 2487 διὰ
2256 2433 2355 2503 τῆς
2383 2432 2490 2486 τῶν
2516 2433 2783 2504 δαιμόνων
2815 2434 3105 2504 ἐπιϐουλῆς
3127 2435 3516 2505 ὑπομείναντα,

1948 2523 2043 2588 οῦς
2074 2526 2132 2576 ἐν
2161 2526 2273 2587 τοῖς
2303 2522 2430 2592 ἐξῆς
2467 2524 2799 2595 σαφέστερον
2829 2524 3027 2597 ἔφησεν
3059 2526 3440 2596 αἰνιττόμενος.

2019 2613 2452 2681 Κατεπάτησάν
2467 2632 2545 2683 με
2568 2617 2621 2668 οἱ
2657 2615 2857 2685 ἐχθροί
2889 2634 3008 2686 μου
3051 2617 3201 2684 ὅλην
3236 2616 3351 2685 τὴν
3376 2618 3519 2686 ἢμσς

1940 2705 2265 2776 ραν.ᾝδει,
2293 2707 2374 2759 ὅτι
2409 2708 2578 2762 Σαοὺλ
2615 2709 3003 2762 ἐπεϐούλευσεν
3046 2709 3191 2778 αύτῷ
3223 2707 3529 2779 ἐνηχούμε-ς

1948 2811 2038 2858 νος
2089 2794 2240 2867 παρὰ
2280 2797 2387 2849 τῶν
2437 2798 2684 2869 ἀοράτων
2722 2799 3094 2868 δαιμόνων.Ἦ
3134 2800 3228 2852 καὶ
3271 2799 3354 2863 τὸ,
3397 2801 3521 2852 Οὐκ

1948 2885 2120 2941 ἔστιν
2159 2888 2303 2957 ἡμῖν
2344 2890 2380 2957 ἠ
2419 2889 2583 2957 πάλη
2614 2886 2762 2956 πρὸς
2786 2886 2927 2958 αἷμα
2965 2890 3061 2943 καί
3104 2888 3317 2958 σάρκα,
3348 2889 3516 2959 δηλοῖ,

1948 2980 2108 3035 ἀλλὰ
2149 2979 2300 3048 πρὸς
2335 2981 2405 3035 τὰ
2445 2983 2814 3050 πνευματικὰ
2847 2980 2958 3049 τῆς
2994 2983 3283 3048 πονηρίας
3304 2982 3373 3033 ἐν
3395 2981 3523 3047 τοῖς

1950 3071 2473 3138 ἐποιφανίοιςΐθτι
2516 3073 2734 3126 πολλοὶ
2760 3076 2815 3126 al
2846 3072 3249 3142 πολεμοῦντές
3284 3090 3361 3143 με
3398 3073 3516 3127 ἀπὸ

1951 3162 2167 3230 ὕψους.
2183 3163 2351 3216 Εἱκαὶ
2362 3164 2769 3226 ἐπανίστανται,
2794 3164 2977 3234 φησὶν,
3007 3163 3119 3216 ἀλλ’
3144 3165 3360 3235 ἡττήσω
3380 3162 3508 3216 πάν-

1949 3270 2048 3316 τας
2072 3254 2306 3319 ἐλπίζων
2334 3255 2427 3308 ἐπὶ
2460 3256 2538 3308 σέ.
2570 3252 2718 3326 Αῦτη
2744 3256 2850 3328 γάρ
2881 3273 2969 3326 μοι
2998 3257 3032 3326 ἡ
3065 3255 3218 3319 ἐλπὶς
3254 3252 3522 3322 τοσαύτην

275 3366 423 3417 nem,
468 3360 529 3405 at
579 3368 674 3408 eos
713 3354 808 3423 qui
856 3355 989 3411 mihi
1031 3356 1216 3411 hostes
1262 3356 1392 3412 olim
1432 3365 1590 3411 erant
1627 3354 1852 3409 minime

1976 3343 2105 3415 σχῦν
2143 3346 2435 3418 παρέσχεν,
2465 3346 2541 3409 ὡς
2572 3347 2697 3409 τοὺς
2728 3346 2894 3400 πάλαι
2935 3345 3301 3417 πολεμοῦντας
3327 3345 3404 3414 μὴ
3431 3343 3518 3399 δε-

275 3441 649 3500 reformidem.

1976 3438 2183 3491 οικέναι
2217 3454 2305 3509 με.

346 3534 400 3589 5.
457 3532 522 3588 In
549 3534 654 3590 Deo
682 3534 910 3589 laudabo
954 3550 1216 3588 sermones
1263 3548 1425 3588 meos.
1473 3533 1558 3588 Ab
1589 3534 1848 3603 inimicis,

2033 3530 2129 3583 Ἐν
2148 3528 2231 3595 τῷ
2267 3529 2388 3595 Θεῷ
2413 3530 2709 3585 ἐπαινέσω
2750 3531 2891 3598 τοὺς
2927 3531 3149 3600 λόγους
3179 3546 3317 3599 μου.
3358 3528 3522 3584 Πολε-

202 3655 214 3669 -
276 3626 472 3697 inquit,
509 3627 647 3682 bello
676 3628 963 3697 appetitus,
996 3637 1053 3681 ut
1083 3626 1218 3680 nihil
1245 3625 1409 3680 laedar
1437 3641 1588 3680 arma
1617 3627 1849 3696 sumpsi,

1976 3622 2056 3676 ιού
2066 3640 2224 3693 μενος
2255 3624 2404 3695 παρὰ
2432 3622 2540 3677 τῶν
2567 3623 2796 3696 ἐχθρῶν,
2825 3622 2977 3695 φησὶ,
3006 3619 3316 3685 καθοπλίξω
3352 3621 3523 3691 ἐμαυ-

276 3731 559 3773 sermones
591 3732 741 3771 meos
774 3732 965 3771 OMIIPS
1007 3717 1061 3770 in
1103 3718 1316 3771 cantica
1368 3718 1610 3770 converti
1654 3726 1709 3771 et
1742 3715 1852 3771 Deo

1976 3717 2043 3771 ὡν
2071 3719 2150 3781 εἱς
2177 3718 2236 3770 τὸ
2262 3717 2424 3789 μηδὲν
2449 3717 2638 3770 παθεῖν
2665 3716 2850 3781 κακὸν,
2870 3714 3022 3778 ὅλους
3044 3715 3171 3777 τοὺς
3195 3712 3387 3780 λόγους
3419 3727 3519 3783 μευ

276 3806 481 3867 obtuli,
511 3822 773 3875 spemque
821 3808 874 3859 in
924 3807 1073 3859 illum
1127 3806 1392 3863 collocavi
1432 3825 1447 3862 :
1494 3806 1851 3877 quamobrem

1976 3808 2158 3880 ipvou;
2185 3808 2353 3862 ποιῶν
2385 3810 2478 3862 καὶ
2504 3807 2775 3872 ἀνατιθεὶς
2806 3807 2883 3878 τῷ
2913 3806 3052 3879 Θεῷ,
3086 3804 3178 3859 καὶ
3204 3806 3305 3876 τὴν
3334 3802 3522 3857 ἐλπίδι

278 3898 546 3952 universae
572 3898 753 3952 carnis
784 3898 1036 3951 timorem
1056 3897 1215 3968 eieci.

1976 3902 2039 3951 π’
2069 3897 2217 3969 αὐτῷ
2255 3899 2571 3969 ποιούμενος
2591 3916 2603 3929 ·
2642 3897 2722 3952 διὸ
2752 3897 2845 3951 καὶ
2876 3898 3054 3969 πάσης
3080 3896 3278 3969 σαρκὸς
3304 3894 3407 3960 ἐξω
3429 3892 3521 3947 τδν

1954 3988 2117 4059 φόὸον
2150 3990 2467 4061 ἐποιούμην.

348 4074 402 4129 6.
422 4073 555 4127 Tota
583 4072 668 4127 die
693 4075 847 4126 verba
866 4087 979 4125 mea
999 4074 1435 4125 exsecrabantur.
1471 4068 1584 4140 Ego
1608 4069 1852 4139 quidem,

2026 4080 2213 4147 Ὅλην
2254 4079 2369 4147 τὴν
2398 4079 2622 4149 ἡμέραν
2659 4077 2803 4145 τοὺς
2831 4079 3053 4148 λόγους
3082 4095 3202 4148 μου
3241 4075 3523 4131 ἐϐδελυσ-

278 4165 375 4229 ait,
404 4172 515 4218 tota
555 4164 643 4218 die
688 4163 853 4217 verba
901 4176 1022 4216 mea
1068 4163 1176 4215 Deo
1220 4160 1559 4227 oﬂ‘erebam;
1609 4161 1687 4214 illi
1723 4172 1855 4214 vero

1976 4185 2159 4224 rorto.
2179 4168 2318 4239 Ἐγὼ
2347 4169 2465 4241 μὲν,
2500 4170 2686 4240 φησιν,
2716 4170 2844 4240 ὅλην
2872 4169 2969 4241 τὴν
2994 4168 3208 4241 ἡμέραν
3244 4165 3529 4223 ἀνετίθουν

278 4271 387 4311 non
413 4255 571 4310 linem
596 4252 864 4310 faciebant
898 4264 1009 4309 tota
1037 4255 1125 4309 die
1155 4253 1380 4310 curandi
1402 4261 1460 4307 ut
1481 4254 1685 4308 malum
1719 4253 1855 4308 mihi

1976 4260 2080 4323 τοὺς
2101 4258 2289 4328 λόγους
2326 4275 2425 4329 μου
2455 4258 2533 4329 τῷ
2555 4258 2705 4330 Θεῷο
2739 4259 2892 4312 αὐτοὶ
2933 4258 2990 4312 δὲ
3029 4260 3091 4312 οὐ
3124 4256 3387 4312 διέλειπον
3414 4258 3520 4309 πᾶ-

278 4346 598 4419 inﬂigerent.
653 4346 1032 4402 lnltabitabunt
1080 4355 1130 4401 et
1192 4346 1530 4411 abscondent,
1579 4348 1684 4415 ipsi
1743 4346 1856 4401 eal-

1976 4368 2055 4405 rav
2083 4350 2294 4423 ἡμέραν
2327 4350 2447 4403 κατ’
2469 4348 2601 4421 ἐμοῦ
2624 4349 2721 4422 τὴν
2752 4349 2984 4421 σπουδὴν
3015 4349 3220 4403 ἑαυτῶν
3254 4347 3529 4404 συντιθένι

278 4455 497 4493 cuneum
521 4456 693 4493 meum
723 4438 1091 4493 observabant.
1122 4436 1279 4502 Illud,
1310 4437 1708 4501 inhabitabant,
1727 4452 1846 4507 pro,
1878 4461 1887 4516 γ

1976 4457 2042 4505 τες
2064 4442 2145 4505 είς
2170 4438 2335 4494 κακά.
2380 4438 2827 4509 Παροικήσουσι
2867 4440 2965 4493 καὶ
3007 4439 3518 4507 κατακρύψουσιν,

278 4533 754 4600 congregabantur,
785 4532 1024 4601 positum
1048 4540 1150 4586 est.
1170 4529 1297 4585 Haec
1323 4538 1604 4585 estautem
1629 4538 1848 4585 senten-

177 4686 188 4696 θ
278 4624 387 4677 tia:
421 4621 521 4686 ita,
557 4623 753 4691 inquit,
784 4633 895 4677 tota
921 4624 1008 4678 die
1041 4623 1094 4676 in
1123 4638 1189 4678 eo
1209 4638 1426 4693 operam
1460 4622 1758 4693 ponebant.
1791 4628 1851 4675 ut

276 4716 421 4773 dicta
444 4715 496 4768 in
527 4730 613 4767 me
642 4722 1067 4775 commoverent,
1097 4730 1393 4783 omnesque
1420 4730 1609 4768 eorum
1641 4714 1850 4784 cogita-

275 4808 454 4863 tiones
495 4815 684 4861 contra
720 4822 805 4860 me
845 4806 1215 4869 vertebantur,
1249 4814 1308 4859 ut
1355 4814 1613 4860 curarent
1653 4819 1848 4859 omnes

279 4918 387 4957 una
425 4901 717 4957 convenire
758 4909 921 4971 atque
970 4900 1106 4955 clam
1148 4899 1202 4953 in
1248 4914 1335 4954 me
1380 4899 1845 4967 conspirationem

277 4993 532 5059 conﬂare,
609 4992 703 5047 sed
739 5006 840 5047 nec
880 4990 1143 5045 hactenus
1185 4989 1380 5044 sistere
1426 4990 1692 5059 gradum,
1737 4989 1849 5043 into

276 5085 442 5139 etiam
472 5085 785 5139 calcaneum
822 5098 1023 5148 meum,
1055 5081 1106 5136 id
1142 5091 1225 5136 est
1255 5081 1382 5135 vitae
1417 5095 1552 5135 mea:
1580 5080 1849 5135 rationem

279 5177 553 5232 curiosius
582 5179 896 5241 observare,
915 5175 961 5231 si
995 5174 1273 5245 quomodo
1302 5182 1526 5243 possent
1555 5188 1642 5227 me
1666 5173 1853 5226 detur-

278 5269 427 5325 bare.
465 5271 642 5339 Atque
700 5270 928 5341 vestigia
962 5284 1083 5324 mea
1144 5267 1360 5323 curiose
1405 5265 1850 5333 considerabant,

280 5376 606 5432 quocunque
628 5362 749 5416 loco
773 5362 1099 5428 incederem,
1117 5370 1176 5416 ut
1199 5375 1284 5415 me
1302 5357 1848 5429 comprehenderent.

349 5539 397 5570 "
441 5539 636 5594 thes.
668 5554 739 5602 Vl,
780 5538 867 5594 12.

347 5695 462 5770 (92)
491 5698 549 5755 In
577 5698 641 5755 Β.
672 5699 727 5769 2,
756 5698 1009 5757 tribuitur
1042 5671 1325 5764 Hesychio.

1953 4532 2120 4587 αὐτοὶ
2148 4532 2265 4602 τὴν
2295 4533 2557 4602 πτέρναν
2568 4549 2687 4602 μου
2707 4529 3067 4609 φυλάξουσι.
3109 4529 3201 4592 Τὸ,
3238 4528 3523 4598 παροικήο

1953 4640 2155 4689 σουσι,
2203 4626 2323 4679 ἀντὶ
2366 4612 2482 4688 τοῦ,
2526 4622 3033 4692 συναχθήσονται,
3068 4609 3323 4676 τέθειται.
3360 4623 3419 4675 ὐ
3463 4621 3520 4674 δέ

1953 4715 2077 4778 νοῦς
2117 4710 2271 4780 οὗτος
2291 4733 2303 4746 ·
2338 4716 2513 4777 Οὕτω,
2540 4716 2694 4786 φησὶ,
2718 4713 2807 4768 διὰ
2834 4712 3014 4783 πάσης
3046 4713 3260 4785 ἡμέρας
3295 4712 3521 4784 ἐσχόλα-

1926 4802 2049 4870 ’ζον
2072 4808 2197 4870 τοὺς
2230 4808 2350 4861 κατ’
2374 4807 2512 4879 ἐμοῦ
2542 4807 2734 4874 λόγους
2764 4803 3056 4869 κινοῦντες,
3086 4805 3180 4858 καὶ
3215 4806 3323 4868 πᾶς
3358 4806 3386 4858 ό
3409 4804 3522 4858 δια-

1951 4898 2206 4970 λογισμὸς
2251 4899 2427 4954 αύτῶν
2471 4901 2590 4953 κατ’
2615 4896 2749 4969 ἐμοῦ
2804 4897 3032 4966 ἐγίνετο,
3075 4898 3151 4962 ὡς
3198 4897 3521 4960 σπουδάζειν

1953 4990 2281 5060 συνάγεσθαι
2308 4992 2503 5055 αὐτοὺς
2528 4990 2663 5061 ὁμοῦ
2690 4991 2783 5045 καὶ
2824 4991 3083 5064 λαθραίας
3123 4988 3395 5044 ποιεῖσθαι
3422 4989 3517 5052 τὰ,⁵

1950 5085 2072 5136 κατ’
2102 5083 2236 5153 ἐμοῦ
2271 5082 2486 5145 σκευὰς,
2511 5084 2605 5137 καὶ
2638 5082 2710 5155 μὴ
2746 5083 2906 5157 μέχρι
2941 5084 3126 5139 τούτου
3150 5084 3365 5154 χωρεῖν,
3384 5079 3520 5133 ἀλλὰ

1950 5177 2046 5228 καὶ
2078 5173 2525 5246 περιεργάζεσθαι
2576 5194 2676 5247 μου
2719 5176 2816 5249 τὴν
2860 5176 3112 5247 πτέρναν,
3145 5172 3389 5227 τουτέστι
3420 5169 3521 5241 rip

1954 5266 2051 5319 τοῦ
2084 5266 2197 5337 βίου
2228 5267 2470 5339 πορείαν,
2504 5269 2556 5322 el’
2582 5285 2695 5334 πως
2728 5269 3069 5331 σκελίσαντες
3110 5264 3383 5337 δυνηθεῖεν
3415 5279 3518 5316 κα-

1956 5357 2211 5413 ταϐαλεῖν
2240 5376 2323 5429 με.
2355 5360 2464 5413 Καὶ
2505 5360 2574 5414 τά
2599 5360 2716 5433 ἴχνη
2760 5361 2818 5415 δέ
2865 5378 2963 5433 μου
2993 5361 3335 5431 παρετήρουν
3362 5355 3518 5411 ὁποῖα

2017 5693 2127 5763 (25)
2159 5691 2291 5749 Vide
2321 5689 2597 5747 Onomast.
