3786 6278
231 183 341 238 257
1071 226 1076 232 -
1374 191 1739 248 EXPOSITIO
1776 193 1845 250 IN
1882 193 2212 254 PSALMUM
2251 198 2383 255 LVI.
3419 212 3524 270 258

228 307 569 380 βαδίζοιμι,
606 309 698 363 ἵνα
724 310 1091 366 ἐπιλάϐωνταί
1137 329 1257 383 μου.
1302 314 1411 366 Καὶ
1451 313 1624 368 ταῦτα
1664 315 1762 384 μὲν
1806 334 1816 367 ι

1958 316 2026 371 Et
2057 319 2173 374 haec
2210 320 2429 390 quidem
2473 321 2511 377 ii
2556 321 2648 393 qui
2678 339 2766 379 me
2812 324 3012 381 frustra
3059 329 3522 400 persequebantur

227 401 432 469 μὰτην
475 400 780 466 διώκοντες
813 405 930 456 κατ’
951 403 1084 474 ἐμοῦ
1113 403 1374 474 ἔπραττον
1393 421 1407 435 ⁸
1463 407 1526 459 σὺ
1558 405 1635 472 δὲ,
1664 405 1816 479 Κύριε

1955 408 2242 464 adversum
2287 427 2374 466 me
2418 415 2824 483 perpetrabant.
2871 416 2953 472 Tu
2993 429 3209 486 autem,
3259 419 3520 490 Domine,

226 494 258 560 ἡ
291 494 421 564 ἐμὴ
463 495 658 558 ἐλπὶς.
694 496 796 566 ἐμὲ
837 496 935 566 μὲν
967 496 1066 566 τῆς
1093 496 1276 550 ἀδίκου
1309 497 1488 550 αὐτῶν
1516 499 1816 569 κατασκευῆ

1957 513 2082 567 spes
2113 515 2254 563 mea,
2286 517 2374 558 me
2415 506 2633 574 quidem
2669 508 2737 561 ab
2773 525 2836 562 ea
2869 510 3070 576 injusla
3113 513 3521 580 conspiratione

225 584 448 652 ρὖειν
506 575 724 649 αὐτοὺς
768 587 826 639 δὲ
872 587 1142 658 μετελθὼν
1171 591 1237 658 τῇ
1264 589 1460 642 σαυτοῦ
1504 591 1638 661 ὀργῇ
1686 592 1816 646 κατά

1950 585 2142 654 libera,
2194 590 2342 661 ipsos
2388 603 2570 648 autem
2616 597 2862 665 adortus,
2915 575 3006 652 tua
3063 575 3263 669 ipsius'
3297 603 3376 656 ira
3424 604 3520 658 tle-

223 675 391 728 4οὐτε.

1950 679 2131 735 turba.

302 787 370 838 'o
426 787 619 854 Θεὸς,
649 788 767 857 τὴν
793 789 1078 859 ζωήνμου
1116 790 1440 860 ἐπήγγειλά
1463 806 1582 846 σοι·
1631 795 1852 865 Παρρη-

222 879 356 931 σίαν
387 882 590 947 ἄγων,
628 882 788 952 φησὶ,
815 884 908 936 καὶ
938 882 1010 955 μὴ
1035 884 1488 954 ὲπαισχυνόμενος
1515 888 1580 956 τῇ
1613 885 1847 955 ἐμαυτοῦ

221 969 368 1041 ζωῇ.
399 971 636 1043 ταύτην
671 989 755 1026 σοι
795 976 972 1027 πᾶσαν
1001 975 1305 1046 ὲξήγγειλα.
1331 977 1403 1030 Σὺ
1426 972 1481 1029 δὲ
1504 977 1850 1048 ἀποδεχόμε-

220 1079 312 1125 νος
349 1066 556 1135 αὐτὴν
585 1065 659 1118 τὰ
692 1066 901 1137 δάκρυά
930 1084 1031 1138 μου
1055 1067 1154 1121 οὐκ
1183 1066 1388 1121 ἀπώσω
1409 1085 1423 1100 ο
1458 1068 1592 1122 ἀλλὰ
1615 1070 1719 1140 πρὸ
1739 1070 1844 1124 τῶν

220 1156 337 1207 σῶν
373 1157 708 1228 ὀφθαλμῶν
731 1158 850 1210 ἔθου
871 1159 1030 1221 αὐτὰ,
1055 1159 1406 1229 πιστούμενος
1427 1160 1526 1232 τὴν
1549 1161 1647 1232 σὴν
1671 1163 1844 1230 ἐπαγ-

218 1246 436 1310 γελίαν
495 1248 608 1318 τὴν
667 1249 964 1317 λέγουσαν
1007 1252 1127 1304 Ἔτι
1164 1253 1279 1305 σοῦ
1323 1253 1659 1320 λαλοῦντος
1699 1253 1839 1322 ἐρῶο

232 1339 398 1394 Ἰδοὺ
439 1341 720 1411 πάρειμι.
755 1343 844 1395 Διὸ
872 1343 1204 1410 συνέῦαινεν,
1238 1345 1370 1415 ἐμοῦ
1401 1347 1839 1417 εἰσακουομένου,

217 1432 356 1494 τοὺς
400 1432 656 1502 ἐχθρούς
689 1451 792 1503 μου
823 1435 900 1497 είς
931 1434 998 1488 τὰ
1029 1435 1200 1488 ὀπίσω
1227 1437 1527 1508 ἀναχωρεῖν
1546 1455 1559 1468 ο
1589 1439 1712 1492 ὅθεν
1734 1457 1840 1512 φη-

223 1521 319 1588 μίο
375 1521 497 1575 Ἐν
594 1523 677 1576 ἂν
714 1524 900 1592 ἡμέρᾳ
926 1525 1368 1597 ἐπικαλέσωμαι
1398 1545 1488 1585 σε.

2020 790 2072 844 7.
2115 790 2279 858 Deus,
2304 793 2465 846 citam
2498 809 2665 849 meam
2696 800 3005 853 annnntiavi
3048 802 3160 856 tibi.
3210 803 3516 874 Fiduciam,

1946 885 2141 955 inquit,
2171 886 2396 951 habens,
2433 901 2533 942 nec
2577 890 2779 956 pudore
2812 893 2934 944 vita:
2959 907 3091 946 meae
3123 894 3367 960 aﬂ‘ectus,
3395 912 3516 954 eam

1949 976 2044 1030 tibi
2089 986 2253 1031 totam
2319 979 2646 1033 renuntiavi.
2703 979 2782 1034 Tu
2833 991 3011 1036 autem
3061 997 3178 1037 eam
3238 999 3514 1055 acicptam

1946 1068 2172 1138 habens,
2215 1071 2484 1142 lacrymas
2513 1089 2664 1129 meas
2703 1091 2811 1128 non
2852 1077 3118 1144 rcpulisti,
3153 1080 3246 1134 sed
3284 1083 3513 1150 posuisti

1941 1266 2063 1320 quae
2087 1253 2162 1306 ait
2186 1253 2232 1284 ⁷⁸
2264 1272 2278 1307 :
2311 1252 2380 1308 Te
2407 1257 2578 1310 adhuc
2618 1257 2858 1329 loquente
2885 1261 3055 1314 dicam
3087 1277 3106 1316 :
3132 1262 3264 1318 Ecce
3297 1266 3508 1320 adsum.

1941 1342 2305 1408 Quamobrem
2338 1349 2582 1420 conligit,
2606 1361 2664 1404 ut
2695 1367 2817 1406 cum
2855 1368 2940 1407 me
2970 1356 3279 1421 exaudires,
3303 1358 3509 1414 inimici

1940 1435 2048 1488 mei
2081 1445 2228 1490 retro
2262 1438 2537 1493 cederent.
2601 1439 2754 1496 Unde
2786 1443 2908 1497 dico
2937 1460 2950 1497 :
2981 1443 3047 1496 In
3081 1460 3385 1517 quacunque
3423 1448 3510 1502 die

1939 1528 2242 1581 invocavero
2271 1538 2338 1582 te.

309 1629 856 1704 Ἐπιστρέψουσιν
877 1640 930 1690 οἱ
953 1639 1153 1706 ἐχθροί
1165 1657 1284 1709 μου
1310 1644 1397 1708 εὶς
1419 1642 1491 1696 τὰ
1519 1645 1723 1699 ὀπίσω.
1741 1645 1816 1698 Αὒ

2014 1639 2099 1694 10.
2145 1640 2521 1694 Convertentnr
2562 1641 2765 1695 inimici
2821 1643 2920 1696 mei
2975 1655 3282 1702 retrorsum.
3347 1648 3505 1721 Ipsis,

1943 1171 2069 1216 ante
2101 1164 2289 1218 oculos
2333 1173 2474 1230 tuos,
2523 1178 2667 1220 luant
2713 1171 3044 1224 conﬁrmans
3091 1173 3510 1241 promissionem
3603 1202 3610 1208 η

221 1729 343 1787 ταῖς
398 1726 627 1797 ἔργοις,
663 1730 816 1798 φησὶ,
854 1729 1184 1800 παρείληφα,
1219 1731 1313 1784 καὶ
1357 1733 1526 1801 ἔγνων
1575 1736 1833 1808 ἀκριϐῶς,

220 1817 305 1867 ἔτι
342 1819 460 1870 οὐκ
495 1820 597 1872 ἐπὶ
629 1821 896 1893 ματαίῳή
923 1821 1106 1885 ἐλπίς’
1138 1823 1272 1876 ἀλλά
1302 1824 1431 1880 Θεὸν
1457 1826 1645 1898 βοηθὸν
1672 1830 1836 1901 ἐκτη-

223 1911 448 1981 signi).

309 2026 422 2079 Ἑν
449 2026 620 2096 ἐμοὶ,
648 2029 680 2080 δ
720 2026 884 2092 Θεὸς,
908 2027 1097 2096 εὐχαὶ,
1131 2015 1528 2094 ἀςέἀποδώσω
1551 2031 1836 2102 αί-νέσεώς

226 2134 373 2173 σου.
395 2120 636 2190 Ἐπειδὴ
671 2121 769 2190 τῆς
805 2121 904 2191 σῆς
933 2122 1242 2193 οἰκονομίας
1274 2123 1510 2194 ἠξίωσας
1541 2128 1708 2196 ἡμᾶς,
1740 2145 1837 2199 φη·

226 2209 303 2270 σὶ,
336 2211 445 2263 καὶ
480 2209 721 2273 ἔσωσας,
754 2211 807 2262 τί
836 2211 1282 2284 ἀνταποδώσομέν
1315 2232 1416 2278 σοι,
1453 2215 1484 2286 ἢ
1527 2214 1714 2281 θυσίας
1747 2221 1832 2272 αί-

234 2299 446 2364 θέσεως
470 2317 487 2365 ;
528 2303 654 2353 Ὅτι
674 2301 907 2370 appono
941 2303 1055 2370 τὴν
1073 2306 1284 2374 ψυχήν
1314 2324 1432 2375 μου
1461 2308 1528 2361 ἐκ
1553 2309 1832 2366 θανάτου.

235 2391 339 2444 [οὖ
392 2390 630 2460 νοητοῦ,
680 2393 834 2462 φησὶ,
863 2395 1106 2447 τουτέστι
1135 2394 1234 2466 τῆς
1261 2397 1530 2465 ἀγνωσίας
1561 2398 1660 2469 τῆς
1706 2400 1832 2470 περὶ

230 2481 396 2534 θεοῦ.
435 2482 557 2536 Καὶ
587 2482 729 2548 τοὺς
757 2482 946 2548 πόδας
968 2502 1088 2553 μου
1116 2483 1233 2538 ἀπὸ
1271 2484 1688 2556 ὀλισθήματος.
1721 2489 1832 2559 Τῆς

231 2573 530 2645 ἁμαρτίας
575 2572 742 2641 λέγει,
775 2573 914 2643 αὕτη
958 2575 1066 2645 γὰρ
1113 2575 1411 2648 κατέφερεν
1457 2579 1535 2640 είς
1583 2577 1827 2633 θάνατον.

233 2660 665 2730 εὐαρεστήσω
715 2663 971 2716 ἐνώπιον
1009 2662 1233 2733 Κυρίου
1278 2666 1350 2720 ἐν
1389 2667 1537 2736 φωτὶ
1580 2666 1826 2728 ζώντων.

239 2755 299 2808 '0
340 2757 469 2828 γὰρ
497 2755 725 2826 ρυσθεὶς
762 2755 862 2826 τῆς
890 2757 1165 2829 ἁμαρτίας
1195 2759 1289 2812 καὶ
1315 2760 1551 2833 καθαρὸς
1577 2762 1831 2815 ἀποτελε-

231 2847 412 2910 σθεὶς,
462 2841 623 2909 οὗτος
655 2847 712 2899 ὲν
742 2846 820 2916 τῷ
847 2847 1089 2917 μέλλοντι
1117 2850 1272 2903 αἰῶνι
1299 2851 1356 2904 ὲν
1382 2855 1447 2922 τῇ
1475 2852 1582 2905 τῶν
1612 2852 1828 2916 ζώντων

1940 1733 2134 1803 inquit,
2167 1735 2424 1803 operibus
2463 1738 2647 1804 accepi
2688 1741 3048 1808 accurateque
3080 1743 3227 1804 novi,
3272 1758 3380 1796 non
3405 1760 3502 1799 va-

1937 1840 2062 1878 nam
2094 1841 2213 1881 esse
2241 1842 2389 1896 sporn
2432 1843 2608 1881 meam
2653 1843 2666 1879 :
2711 1829 2806 1883 sed
2848 1827 3018 1885 Deum
3068 1848 3156 1888 me
3199 1835 3506 1905 adjutorem

1937 1916 2157 1971 habere.

2006 2006 2188 2089 ίὲξίῗῖ.
2223 2020 2290 2080 In
2319 2044 2396 2081 me
2414 2029 2722 2092 sunt,l)eus,
2745 2040 2858 2084 vota
2885 2043 3120 2104 tua,quaz
3146 2035 3364 2089 reddam
3384 2036 3505 2092 lau-

1933 2114 2162 2169 dationis
2185 2117 2310 2171 tibi.
2338 2119 2785 2188 Quandoquidem
2823 2131 2914 2175 tua
2956 2138 3056 2176 nos
3091 2125 3392 2179 aeconomia
3418 2127 3503 2180 di-

1933 2217 2129 2275 gnatus
2157 2223 2234 2273 es,
2273 2209 2468 2276 inquit,
2509 2219 2562 2263 et
2607 2211 2838 2265 salutem
2888 2214 3046 2268 nobis
3075 2215 3335 2283 tribuisti,
3368 2218 3501 2288 quid

1933 2293 2295 2348 retribuemus
2327 2296 2444 2357 tibi,
2481 2296 2586 2350 nisi
2617 2297 2825 2354 hostias
2854 2299 3073 2355 laudis?
3109 2303 3371 2367 Quoniam
3395 2309 3501 2362 θεὶς

1930 2385 2093 2453 puisti
2137 2387 2368 2439 animam
2400 2403 2566 2440 meam
2621 2388 2683 2440 de
2741 2400 2925 2446 morte.
2956 2390 3254 2461 Spirituali,
3293 2396 3494 2465 inquit,

1930 2491 2052 2545 qua!
2079 2475 2164 2530 est
2205 2479 2510 2547 ignorantia
2556 2477 2672 2533 Dei.
2730 2478 2798 2532 Et
2845 2482 2999 2550 pedes
3034 2499 3171 2538 meos
3216 2486 3280 2539 de
3317 2486 3494 2558 lapsu.

1928 2567 2144 2623 Peccati
2183 2571 2411 2638 scilicet,
2447 2572 2623 2640 ipsum
2670 2573 2814 2626 enim
2864 2573 3098 2643 conjecit
3142 2575 3195 2628 in
3239 2587 3494 2633 mortem.

1928 2659 2156 2714 Placebo
2200 2678 2380 2715 coram
2428 2661 2652 2716 Domino
2701 2664 2758 2717 in
2802 2666 2999 2719 lumine
3049 2667 3350 2722 viventium.
3383 2664 3495 2738 Qui

1927 2751 2071 2806 enim
2121 2768 2149 2804 a
2196 2762 2421 2822 peccato
2463 2755 2724 2810 liberatus
2757 2763 2860 2822 est,
2904 2764 2959 2810 et
2992 2758 3227 2813 mundus
3255 2767 3338 2813 est
3368 2759 3498 2815 etle-

1928 2853 2070 2907 ctus,
2113 2843 2202 2900 hic
2248 2845 2302 2900 in
2352 2843 2538 2900 futuro
2585 2848 2784 2900 saeculo
2827 2846 2880 2900 in
2929 2848 3150 2916 regione
3193 2850 3494 2908 viventium

235 2938 391 3009 χώρᾳ
447 2938 808 3009 εὐαρεστήσει
846 2939 925 3009 τῷ
959 2941 1167 3012 Κυρίῳ.
1199 2941 1302 2995 Τοῦ
1352 2943 1408 2996 δὲ
1462 2944 1720 3015 ρυσθῆναι
1762 2947 1816 2999 ἐκ

1943 2933 2160 2990 Domino
2202 2935 2456 3006 placebit.
2493 2934 2649 3002 Quod
2681 2948 2860 2991 autem
2898 2937 3195 3007 eripiamur
3225 2954 3254 2993 a
3293 2951 3490 3006 morte.

230 3007 478 3083 θανάτου
511 3007 609 3083 καὶ
634 3007 1059 3102 ἐλευθερω-θῆναι
1084 3007 1191 3086 ἀπὸ
1217 3034 1317 3105 τῆς
1342 3007 1633 3108 ἁμαρτίας,
1671 3039 1816 3111 μερί-

1943 3027 2222 3081 iberemur
2264 3043 2295 3082 a
2334 3039 2579 3098 peccato,
2628 3038 2835 3100 partem
2892 3029 3195 3086 habeamus
3245 3032 3299 3086 in
3349 3043 3493 3094 terra

235 3122 296 3174 δα
324 3123 387 3175 δὲ
423 3123 580 3191 σχεῖν
610 3122 704 3174 καὶ
748 3124 804 3176 ὲν
848 3126 915 3193 τῇ
965 3123 1073 3177 τῶν
1106 3123 1321 3189 ζώντων
1362 3126 1535 3199 χώρᾳ,
1566 3130 1823 3201 πρόξενος

1923 3117 2240 3185 viventium,
2293 3119 2344 3172 id
2386 3120 2544 3174 nobis
2586 3121 2898 3176 conciliavit
2946 3122 3157 3176 homini
3200 3123 3486 3180 adventus.

235 3213 367 3284 ἡμῖν
406 3215 640 3282 γέγονεν
665 3216 696 3283 ὴ
719 3213 812 3266 τοῦ
837 3215 1037 3285 Κυρίου
1070 3219 1356 3288 παρουσία.
1382 3220 1471 3272 Διὸ
1487 3221 1579 3273 καὶ
1606 3225 1816 3290 στηλο-

1943 3207 2283 3276 ξιιοηιοιπειη
2317 3211 2459 3267 tituli
2495 3213 2776 3284 inscriptio
2811 3214 2914 3284 ipsi
2956 3213 3125 3269 David
3167 3214 3489 3272 inscribitur

235 3307 462 3374 Mla
483 3303 566 3370 τῷ
582 3304 762 3359 Δαυῖδ
787 3306 1198 3380 ἀναγέγραπται
1221 3311 1250 3361 ὁ
1280 3310 1506 3381 ψαλμός.

233 3422 335 3486 εις
358 3419 430 3472 τὸ
453 3418 656 3484 τέλος,
675 3417 760 3488 μὴ
783 3418 1128 3489 διαφθείρῃς
1147 3418 1251 3472 τὸν
1270 3421 1468 3486 Δαυῒδ,
1495 3424 1581 3489 εἰς
1601 3425 1820 3490 στηλο-

296 3511 595 3580 τραφιαν,
627 3509 696 3563 ἐν
723 3507 804 3575 τῷ
836 3508 1300 3578 ἀποδιδράσκειν
1340 3510 1456 3563 ἀπὸ
1496 3510 1818 3577 προσώπου

300 3602 636 3666 Σαοὺλέῑς
670 3599 736 3653 τὸ
760 3599 1082 3666 σπήλαιον.
1115 3603 1420 3656 nam}:
1453 3604 1598 3668 tvq'.

876 3689 1196 3756 Ὑπόθεσις.

231 3786 458 3852 θεύγων
490 3785 584 3836 τὸν
625 3781 797 3836 Σαοὺλ
827 3783 857 3834 ὁ
886 3781 1047 3835 Δαυῒδ
1073 3782 1332 3836 διώκοντα
1372 3778 1534 3854 ἦλθεν
1567 3784 1645 3848 είς
1678 3786 1816 3856 σπή-

296 3875 458 3927 λαιον
504 3871 641 3942 μετὰ
679 3871 889 3943 ἀνδρῶν
929 3872 1313 3942 τετρακοσίων,
1343 3872 1430 3924 ὅτε
1477 3874 1569 3926 καὶ
1615 3874 1712 3945 τὴν
1737 3873 1814 3928 δι-

297 3965 503 4019 πλοῖδα
547 3963 643 4016 τοῦ
693 3963 986 4032 πτερυγίου
1029 3962 1189 4032 ἔτεμε
1236 3962 1327 4015 τοῦ
1363 3963 1550 4017 Σαούλ.
1592 3965 1722 4018 Τότε
1754 3965 1811 4018 δὲ

296 4055 404 4112 καὶ
431 4054 525 4109 τὸν
554 4054 766 4125 ψαλμὸν
794 4053 928 4126 ᾄδει.
947 4054 1300 4125 Ἀναφέρεται
1321 4055 1376 4108 δὲ
1403 4056 1496 4110 καὶ
1519 4059 1599 4120 είς
1619 4056 1689 4110 τὰ
1717 4075 1812 4112 πε-

296 4142 606 4215 πραγμένα
630 4142 768 4212 ὑπὲρ
795 4142 949 4212 ἡμῶν
969 4141 1047 4212 τῷ
1071 4143 1310 4213 Χριστῷ,
1333 4146 1422 4198 ὅτε
1454 4145 1541 4200 ἐπ’
1569 4148 1810 4217 ἐσχάτων

295 4237 414 4292 τῶν
435 4234 663 4307 ἡμερῶν
688 4234 871 4302 ὀφθεὶς
899 4236 1035 4306 μετὰ
1073 4237 1273 4307 σαρκὸς
1311 4239 1402 4291 ἐπὶ
1442 4240 1535 4309 τῆς
1564 4241 1668 4318 γῆς
1699 4242 1808 4294 ἀπ-

295 4328 506 4401 ήλασεν
534 4326 690 4397 ἡμῶν
715 4327 814 4398 τὴν
848 4327 1068 4400 φθοράν.

307 4439 604 4507 Ἐλέησόν
627 4457 725 4508 με,
757 4442 791 4494 ό
817 4440 979 4507 Θεὸς,
1003 4441 1266 4508 ἐλέησόν
1277 4459 1372 4512 με.
1391 4443 1485 4497 Ἐκ
1514 4443 1803 4516 προσώπου

1920 3301 2186 3371 psalmus.

1919 3407 1972 3462 I.
2012 3406 2080 3461 In
2104 3409 2281 3477 ﬁnem,
2310 3425 2372 3463 ne
2396 3410 2666 3479 disperdat
2697 3410 2889 3478 David,
2921 3413 2977 3465 in
3012 3414 3156 3468 tituti
3194 3416 3488 3487 inscriptiov

1989 3517 2150 3569 nem,
2197 3518 2315 3555 cum
2359 3504 2558 3574 fugeret
2597 3520 2630 3556 a
2680 3504 2816 3573 facie
2863 3503 3042 3560 Saulis
3063 3508 3117 3560 in
3159 3508 3480 3577 speluncam.

2444 3593 2784 3649 PSALMUS
2812 3593 2966 3649 ιγι.

2497 3689 2899 3756 Argumentum.

1914 3775 2082 3831 David
2111 3775 2483 3846 insequentem
2512 3776 2729 3831 Saulem
2765 3777 2980 3848 fugiens
3003 3777 3148 3832 venit
3169 3777 3222 3832 in
3258 3793 3482 3849 spetuno

1983 3883 2102 3924 cam
2135 3884 2256 3924 cum
2303 3869 2433 3924 viris
2465 3869 2900 3940 quadringentis,
2931 3871 3149 3940 quando
3176 3873 3484 3931 vestimenti

1942 4023 1945 4026 _
1983 3959 2163 4016 Saulis
2195 3977 2350 4016 oram
2401 3961 2712 4016 exscidit'".
2743 3959 2897 4016 Tunc
2938 3971 3118 4018 autem
3152 3964 3297 4020 hunc
3337 3967 3482 4036 psal-

1985 4068 2136 4108 mum
2185 4053 2402 4119 cecinit,
2459 4054 2551 4122 qui
2606 4052 2838 4107 refertur
2882 4053 3047 4108 ctiam
3107 4055 3174 4109 ad
3227 4072 3290 4111 ea
3356 4073 3478 4126 qua

1982 4153 2231 4200 nostrum
2253 4145 2424 4214 gratia
2457 4143 2706 4199 Christus
2734 4145 2962 4214 peregit,
2997 4161 3120 4200 cum
3145 4147 3198 4200 in
3236 4149 3473 4204 novissi-

1979 4236 2086 4291 mis
2129 4237 2321 4292 diebus
2354 4253 2477 4291 cum
2512 4253 2676 4292 carne
2715 4239 2864 4291 visus
2889 4236 2948 4289 in
2983 4245 3126 4291 terra
3168 4239 3476 4307 corruptio-

1833 4339 1880 4394 ι)
1979 4341 2099 4380 nem
2124 4326 2300 4396 abegit
2327 4341 2358 4379 a
2381 4325 2556 4379 nobis.

1986 4441 2043 4494 2.
2085 4439 2334 4494 Miserere
2368 4441 2489 4504 mei,
2515 4438 2669 4504 Deus,
2700 4439 2944 4492 miserere
2975 4438 3096 4492 mei.
3121 4437 3200 4491 Ex
3240 4449 3474 4506 persona

224 4534 326 4603 τῆς
364 4531 786 4604 ἁνθρωπότητος
813 4533 910 4604 τὴν
936 4536 1018 4598 είς
1041 4534 1201 4587 αὑτὸν
1231 4535 1502 4606 ὑμνῳδίαν
1539 4537 1805 4608 προσέφε-

1943 4528 2266 4584 inmanitatis
2316 4529 2588 4582 canticum
2651 4527 2752 4596 ipsi
2804 4526 2981 4580 on‘ert.
3039 4526 3300 4591 Quoniam
3329 4526 3384 4579 in
3424 4536 3476 4580 te

226 4623 475 4694 ρεν.’οτι
516 4622 586 4675 ὲν
623 4623 721 4676 0’02
763 4622 1007 4677 πέποιθε
1045 4625 1084 4692 ὴ
1124 4623 1292 4694 ψυχή
1318 4643 1457 4693 μου,
1485 4626 1582 4680 καὶ
1623 4627 1692 4680 ἐν
1728 4626 1802 4698 τῇ

1910 4622 2132 4692 conﬁdit
2155 4623 2335 4675 anima
2362 4634 2496 4687 mea,
2519 4621 2648 4674 etin
2671 4620 2859 4674 umbra
2884 4621 3094 4674 alarum
3116 4628 3327 4673 tuarum
3353 4633 3474 4688 spe-

224 4714 372 4781 σκιᾷ
412 4712 534 4766 τῶν
568 4715 875 4782 πτερύγων
899 4729 1016 4769 σου
1036 4714 1409 4780 ἐλπιῶ.¹Ἐθος
1433 4720 1498 4789 τῇ
1530 4718 1646 4789 Θείᾳ
1667 4720 1806 4792 Γρα-

1943 4715 2058 4768 abo.
2085 4713 2202 4768 Mos
2228 4720 2312 4768 est.
2331 4712 2525 4768 divinae
2546 4710 2841 4782 Scriptura:
2871 4712 3124 4767 virtutem
3165 4709 3259 4765 Dei
3289 4711 3475 4778 inspe-

225 4810 299 4877 φῇ
332 4807 618 4877 πτέρυγας
649 4805 835 4859 καλεῖν
882 4806 981 4877 τὴν
1031 4808 1390 4880 ὲπισκοπικὴν
1437 4808 1665 4882 δύναμιν
1709 4811 1802 4865 τοῦ

223 4901 383 4963 Θεοῦ,
418 4898 562 4953 κατὰ
595 4899 655 4952 τὸ
696 4899 1014 4971 εἰρημένονο
1060 4899 1325 4967 Ποσὰκις
1366 4899 1636 4970 ἠθέλησα
1679 4903 1806 4956 ἐπι-

225 4991 594 5061 συναγαγεῖν
617 4991 689 5045 td
724 4991 906 5045 τέκνα
936 5003 1052 5045 σου
1100 4991 1172 5045 ὃν
1216 4993 1439 5061 τρόπον
1485 4991 1647 5060 ὄρνις
1673 4992 1801 5045 ἑπι-

225 5089 476 5158 συνὰτει
513 5085 586 5139 τὰ
615 5084 842 5138 νοσσία
871 5082 1058 5151 αὐτῆς
1077 5081 1195 5136 ὑπὸ
1219 5085 1325 5148 τὰς
1348 5081 1661 5151 πτέρυγας.
1679 5083 1801 5136 Ἐπὶ

1906 4807 2128 4862 ctricem
2176 4805 2288 4861 alas
2335 4819 2672 4874 nuncupare,
2697 4805 2852 4874 juxta
2878 4805 3080 4859 dictum
3115 4801 3245 4856 illud
3272 4818 3286 4854 :
3319 4801 3470 4866 Quo-

1906 4899 2001 4952 ties
2023 4897 2164 4952 volui
2185 4911 2499 4968 congregare
2533 4895 2673 4965 ﬁlios
2715 4906 2852 4959 tuos,
2889 4891 3328 4964 quemadmodum
3353 4887 3472 4959 gal-

1902 4987 2016 5042 lina
2062 4997 2338 5058 congregat
2385 4986 2559 5057 pullos
2606 5001 2728 5040 suos
2764 4984 2859 5039 sub
2900 4984 3014 5038 alas
3055 4982 3120 5035 ⁷⁸.
3154 4979 3210 5033 In
3243 4979 3472 5044 auxilio,

1903 5078 2099 5148 inquit,
2123 5087 2218 5133 tuo
2247 5092 2398 5146 spem
2429 5076 2624 5131 habeo.
2648 5074 2824 5128 Donec
2851 5080 3084 5127 transeat
3105 5070 3380 5140 iniquitas.
3409 5068 3470 5123 Id

223 5186 288 5254 τῇ
334 5183 403 5251 σῇ
450 5175 545 5232 οὖν
593 5175 834 5247 βοηθείᾳ,
869 5175 1021 5245 φησὶ,
1054 5174 1152 5245 τὴν
1189 5173 1377 5226 ἐλπίδα
1405 5173 1694 5244 Exta.”qu
1727 5169 1798 5229 οὗ

1943 5179 2013 5236 st,
2049 5171 2224 5226 donec
2251 5167 2483 5224 Satanas
2510 5183 2578 5222 ex
2613 5167 2792 5222 medio
2815 5165 3054 5232 tollatur,
3083 5179 3149 5221 ac
3191 5178 3312 5235 quae
3338 5177 3468 5218 cum

226 5272 490 5341 παρέλθῃ
525 5271 564 5338 ἠ
598 5267 834 5336 ἀνομία,
853 5265 1159 5328 Τουτέστιν,
1187 5264 1290 5328 ἕως
1318 5258 1378 5318 οὗ
1415 5265 1479 5316 ἐκ
1514 5264 1679 5334 μέσου
1709 5265 1800 5332 γέ-

227 5380 384 5433 νηται
413 5366 442 5416 ὁ
470 5361 718 5424 Σατανᾶς
757 5359 852 5412 καὶ
878 5358 936 5411 αἱ
968 5359 1064 5412 σὺν
1091 5356 1241 5412 αὐτῶ
1266 5357 1522 5426 δυνάμεις
1546 5358 1602 5410 αἱ
1627 5373 1796 5427 πονη-

230 5455 335 5527 ραί.

1908 5262 2002 5316 illo
2035 5270 2163 5317 sunt
2189 5260 2440 5331 maligna:
2465 5265 2781 5330 potestates.

296 5646 343 5680 "
366 5644 466 5701 Isa.
496 5658 654 5704 Lvnt,
681 5639 736 5695 9.
814 5635 902 5691 "I
941 5636 1073 5703 Reg.
1106 5650 1251 5703 xxxv,
1279 5637 1333 5700 4,
1370 5635 1420 5690 5.
1504 5635 1550 5670 ’⁸
1579 5634 1761 5690 Matth.
1795 5649 1816 5688 ι

1943 5675 1949 5696 ,
1987 5633 2069 5689 ‘57.
