3786 6278
342 229 450 290 259
1181 233 1240 288 S.
1278 229 1648 288 ATHANASII
1686 231 1837 289 OPP.
1879 231 2060 288 PARS
2099 229 2188 288 Ill.
2228 261 2299 272 —
2336 231 2754 291 EXEGETICA.
3460 237 3597 294 £60

409 350 465 404 5.
501 346 754 402 Clamabo
778 347 847 401 ad
873 346 1038 401 Deum
1067 349 1411 417 altissimum,
1441 349 1610 404 Deum
1637 351 1725 421 qui
1754 351 1893 405 bene-

2071 348 2440 418 Κεκράξομαι
2473 349 2623 418 πρὸς
2666 349 2775 404 τὸν
2818 351 2966 404 Θεὸν
3012 351 3120 404 τὸν
3156 350 3441 419 ὕψιστον,
3470 354 3601 407 τὸν

340 440 462 509 fecit
501 439 649 494 mihi.
684 438 1017 504 Coulitebor,
1046 441 1241 511 inquit.
1272 453 1321 497 et
1358 444 1559 512 gratias
1593 443 1688 497 tibi
1738 443 1893 496 bene«

2018 441 2160 495 Θεὸν
2186 441 2292 494 τὸν
2315 440 2787 510 εὐεργετήσαντα
2808 458 2904 510 με.
2923 440 3410 514 Ἐξομολογήσομαι
3427 485 3442 508 ,
3475 461 3606 516 φη-

339 527 532 584 factori
565 528 804 583 reddam.
844 529 992 583 Misit
1033 531 1098 584 de
1143 532 1268 585 calo
1306 543 1354 585 et
1388 532 1629 586 liberavit
1661 548 1756 584 me.
1793 531 1893 586 Do-

2018 532 2084 597 σὶ,
2113 533 2202 586 καὶ
2244 533 2590 604 εὐχαριστίας
2630 532 2883 602 ἀναθήσω
2929 549 3009 586 σοι
3037 533 3114 604 τῷ
3146 534 3408 612 εύεργὲτῃ
3445 553 3595 607 μου.

338 620 468 674 mini
490 619 777 674 adventum
801 628 983 689 aperte
1007 621 1279 689 prasdicat.
1310 621 1463 674 Dedit
1486 623 1540 674 in
1566 620 1893 690 opprobrium

2021 622 2471 687 Ἑξαπέστειλεν
2494 622 2563 687 ἐξ
2604 623 2882 691 οὐρανοῦ,
2910 624 3008 676 καὶ
3037 624 3232 679 ἔσωσέ
3250 643 3344 694 με.
3378 627 3599 695 Σαφῶς

336 708 699 763 conculcantes
730 726 829 763 me.
865 709 1185 779 Spirituales
1213 711 1455 766 videlicet
1484 719 1537 764 et
1558 711 1893 767 adversarias

2018 713 2102 786 τὴν
2127 713 2350 767 κάθοδον
2373 713 2466 766 τοῦ
2494 714 2698 785 Κυρίου
2727 714 3274 786 κηρύσσει.¹Ἐδωκεν
3301 718 3388 783 είς
3416 717 3596 771 ὄνει-

336 807 653 868 potestates.
689 799 1040 872 [Beneﬁcium
1093 818 1225 872 ergo
1265 802 1526 871 prebeas,
1557 811 1619 857 ut
1645 803 1778 857 mihi
1820 801 1893 856 fa-

2018 804 2112 871 50c
2156 805 2297 870 τοὺς
2341 806 2828 873 καταπατοῦντας
2848 825 2942 876 με.
2976 809 3086 872 Τὰς
3113 810 3305 878 νοητὰς
3329 811 3594 881 δηλονότι

338 891 512 946 cultas
540 893 612 947 sit
639 893 851 948 dicendi
895 909 1018 948 cum
1054 894 1325 958 facultate.
1358 904 1408 950 te
1437 895 1503 951 de
1540 898 1680 951 caelo
1715 906 1893 953 nostra

2018 897 2099 951 καὶ
2131 897 2508 968 ἀντικειμένας
2534 897 2808 968 δυνάμεις.
2841 897 3275 970 [Παράσχου-οὖν
3296 901 3394 972 τὴν
3421 903 3593 974 εὐερ-

335 984 646 1054 respicere:
678 995 730 1040 et
759 994 942 1041 nostra
973 986 1188 1053 quidem
1232 989 1505 1044 meliorem
1542 990 1595 1043 in
1633 990 1896 1044 conditio-

335 1088 457 1127 nem
485 1074 793 1141 deduxisse,
834 1093 918 1132 res
942 1086 1120 1132 autem
1147 1079 1582 1135 adversariorum
1619 1091 1810 1136 contra
1840 1082 1895 1136 in

333 1166 692 1235 opprobrium,
713 1169 990 1224 detulisse.
1016 1171 1123 1223 Aut
1144 1171 1210 1223 de
1246 1172 1418 1226 salute
1444 1172 1700 1241 loquitur,
1730 1189 1893 1242 quam

333 1268 659 1312 consecutus
683 1269 765 1313 est
790 1261 844 1313 in
870 1260 1160 1328 spelunca:
1183 1261 1400 1330 quando
1430 1261 1708 1318 inimicum
1734 1279 1893 1318 suum

333 1349 388 1403 in
415 1358 731 1418 potestatem
759 1351 985 1423 accepit,
1005 1352 1091 1405 cui
1118 1353 1279 1404 etiam
1309 1353 1566 1420 pepercit.
1595 1351 1749 1418 Quod
1775 1354 1896 1423 qui-

332 1444 454 1493 dem
491 1441 543 1493 in
574 1422 956 1494 contumeliam
990 1441 1148 1494 vertit
1174 1440 1222 1493 ei
1249 1442 1338 1509 qui
1366 1442 1665 1510 periculum
1697 1422 1890 1504 evasit,

332 1539 520 1599 utpote
564 1530 654 1600 qui
705 1532 966 1585 servatori
1016 1545 1116 1584 suo
1161 1530 1386 1585 insidias
1433 1530 1708 1602 strueret.]
1745 1530 1893 1584 Misit

330 1618 471 1674 Deus
503 1622 916 1674 misericordiam
943 1638 1091 1675 suam
1118 1631 1168 1673 et
1198 1622 1466 1676 veritatem
1492 1639 1663 1675 suam.
1693 1622 1896 1677 Miseri-

330 1712 512 1766 cordia
541 1721 594 1766 ct
628 1713 825 1768 veritas
857 1713 1034 1768 Patris
1064 1713 1233 1769 Filius
1266 1723 1369 1768 est.

399 1805 453 1858 5.
487 1805 553 1857 Et
592 1807 782 1873 eripuit
823 1807 1057 1859 animant
1090 1823 1258 1860 meum
1283 1807 1346 1859 de
1387 1804 1554 1858 medio
1599 1803 1896 1857 catulorum

331 1897 556 1950 leonum.
577 1894 807 1967 [Medius
829 1897 1035 1952 scilicet
1051 1898 1266 1952 relictus
1288 1897 1426 1951 inter
1450 1896 1660 1952 catulos
1679 1895 1894 1950 leonqu

332 1985 696 2051 Gethmorum,
741 2003 934 2058 nempe
985 1989 1433 2058 alienigenarum.
1468 1986 1578 2040 Aut
1631 1995 1895 2056 quantum

333 2093 428 2146 per
458 2094 542 2132 me
570 2080 733 2146 stetit,
758 2095 821 2132 ex
855 2080 1088 2132 humana
1121 2080 1397 2148 impietate
1427 2077 1659 2131 dormivi
1684 2088 1899 2132 contur-

327 2171 505 2226 batus.
540 2169 738 2224 Verum
769 2170 1101 2234 Altissimus,
1135 2169 1303 2223 misso
1329 2167 1509 2224 Verbo
1544 2185 1665 2232 suo,
1696 2170 1895 2223 libera-

327 2263 402 2318 vit
434 2263 672 2317 animam
700 2278 896 2327 meam,
934 2262 1008 2316 ita
1038 2271 1098 2317 ut
1126 2278 1191 2317 ex
1219 2265 1522 2318 catulorum
1556 2263 1772 2316 leonum
1808 2270 1895 2316 tu-

327 2354 497 2409 multu
539 2355 671 2409 nihil
705 2355 829 2409 laesa
864 2356 952 2410 sit.
985 2354 1242 2421 Quantam
1295 2355 1378 2409 ha:
1415 2352 1578 2409 lerat?
1620 2352 1758 2408 forte
1801 2353 1895 2407 lilii

326 2447 604 2502 hominum
643 2447 878 2500 fuerint:
914 2462 1146 2517 quorum
1197 2449 1384 2501 dentes
1414 2455 1467 2501 et
1494 2446 1722 2501 consilia
1769 2453 1897 2501 sunt

326 2554 514 2602 arma;
541 2554 604 2593 ac
633 2537 676 2594 si
701 2537 922 2601 (liceret,
943 2537 997 2590 In
1031 2538 1284 2592 omnibus
1315 2537 1564 2592 damnosi
1594 2545 1740 2591 sunt.
1771 2535 1894 2591 Sic-

326 2635 387 2680 ut
420 2628 564 2680 cnim
591 2627 798 2696 gladius
823 2636 1016 2680 acutus
1050 2625 1209 2680 facile
1243 2627 1494 2696 perimit,
1522 2627 1602 2681 sic
1631 2634 1683 2681 et
1712 2627 1895 2698 lingua

325 2726 599 2772 attenuata
633 2727 684 2772 et
709 2728 864 2772 acuta
893 2719 1378 2773 obtrectationibus
1407 2717 1708 2790 interlicit.]
1735 2720 1896 2772 Catu-

325 2807 501 2861 lorum
537 2807 752 2861 leonum
801 2808 1164 2878 spiritualium
1202 2808 1474 2863 videlicet.
1500 2806 1741 2861 Dormivi
1774 2824 1896 2861 con-

327 2898 585 2952 turbatus.
614 2898 904 2966 Quoniam,
927 2900 1120 2969 inquit,
1140 2911 1356 2968 ereptus
1383 2914 1504 2952 sum
1536 2914 1568 2953 a
1598 2899 1896 2968 spirituali-

324 2990 425 3045 bus
445 2991 637 3045 catulis
655 2991 894 3055 leonum,
930 2992 1050 3044 ideo
1078 2990 1275 3060 inquit,
1294 2989 1654 3058 requiescam,
1681 2989 1893 3044 etiamsi

324 3080 456 3134 olim
487 3081 555 3134 ab
587 3082 658 3135 iis
681 3083 1041 3136 conturbatus
1072 3097 1218 3136 sum.
1244 3080 1372 3134 Filii
1401 3082 1691 3145 hominum,
1716 3081 1892 3136 deum

323 3190 502 3227 eorum
536 3193 685 3228 arma
715 3185 764 3229 et
797 3178 1026 3245 sagittw.
1059 3177 1133 3229 Ea
1164 3176 1478 3246 signiﬁcans
1507 3191 1627 3243 qua:
1653 3184 1894 3244 tempore

324 3265 594 3332 passionis
627 3265 854 3320 Domino
883 3269 1249 3337 contigerunt.
1274 3284 1395 3323 cum
1428 3267 1493 3321 ad
1525 3266 1753 3320 Pilatum
1781 3267 1895 3322 cla-

325 3357 547 3411 mabant
567 3357 734 3412 Judaei
765 3360 1024 3414 adversus
1049 3359 1324 3414 Christum
1355 3379 1367 3413 :
1403 3358 1567 3421 Tolle,
1599 3359 1741 3423 tolle,
1773 3377 1896 3412 cru-

325 3448 474 3517 ciﬁge
505 3465 620 3502 eum
645 3451 724 3515 ";
760 3460 849 3504 et:
884 3449 941 3503 Si
988 3467 1089 3503 non
1126 3461 1258 3504 esset
1303 3450 1386 3502 hic
1420 3451 1755 3518 malefactar,
1793 3466 1891 3504 non

326 3537 420 3591 tibi
461 3541 858 3594 tradidissemus
889 3556 1004 3593 eum
1027 3540 1094 3593 ⁸ο.

406 3714 458 3770 6.
511 3714 766 3768 Exaltare
810 3730 962 3782 super
999 3713 1175 3776 caelos,
1202 3713 1365 3778 Deus,
1401 3723 1450 3766 et
1499 3728 1654 3782 super
1680 3711 1894 3779 {terram

327 3805 495 3876 gloria
539 3816 649 3858 tua.
683 3805 929 3867 Etiamsi,
966 3805 1162 3873 inquit,
1193 3803 1461 3859 demisisti
1498 3808 1729 3873 teipsum
1770 3819 1895 3871 pro-

327 3908 447 3966 pter
468 3907 707 3951 nostram
727 3898 956 3951 salutem
977 3900 1043 3951 ad
1081 3897 1440 3951 voluntariam
1469 3895 1894 3949 exinanitionem

327 3999 382 4044 et
411 3988 588 4045 factus
621 4004 680 4044 es
707 3989 964 4044 obediens
992 4004 1164 4058 usque
1195 3990 1260 4042 ad
1293 3999 1520 4042 mortem
1541 3989 1584 4020 ⁸⁸
1611 4005 1623 4040 ;
1659 3989 1749 4042 sed
1777 4002 1897 4039 rur-

327 4097 448 4137 sum
472 4079 750 4136 ascendito
777 4080 842 4134 ad
865 4080 1054 4142 caelos,
1085 4081 1209 4150 quia
1241 4095 1363 4134 cum
1390 4080 1697 4134 ascenderis
1729 4086 1894 4131 totam

327 4184 525 4230 terram
552 4175 722 4244 gloria
756 4183 846 4228 tua
874 4175 1126 4244 replehis.

395 4268 445 4320 7.
476 4267 744 4337 Laqueum
774 4275 1085 4334 paraverunt
1113 4262 1329 4333 pedibus
1353 4262 1502 4316 meis.
1526 4259 1656 4324 Eos,
1688 4260 1782 4323 ait,
1804 4257 1896 4328 qui

2003 989 2210 1058 γεσίαν,
2257 991 2342 1042 ἵνα
2380 990 2472 1062 ἐξῇ
2523 1008 2614 1060 μοι
2660 991 2837 1058 λέγειν
2867 991 3004 1061 μετά
3037 994 3368 1064 παρρησίας,
3393 996 3478 1047 ὅτι
3517 995 3586 1061 ἐξ

2002 1083 2232 1155 ούρανοῦ
2267 1085 2472 1147 ὲπεῖδες
2511 1085 2578 1138 τὰ
2620 1085 2739 1138 καθ’
2774 1087 2948 1156 ἡμᾶς·
2982 1085 3076 1138 καὶ
3101 1085 3168 1138 τά
3201 1085 3297 1153 μὲν
3323 1085 3586 1156 ἡμέτερα

2001 1175 2312 1247 διωρθώσω,
2336 1176 2478 1247 «ita:
2500 1176 2606 1230 τῶν
2621 1176 2825 1248 ἐχθρῶν
2846 1176 2978 1246 πρὸς
3006 1175 3303 1246 ὀνειδισμὸν
3335 1177 3581 1246 ἦγαγες.

2001 1269 2072 1320 Ἦ
2093 1269 2164 1339 δὴ
2187 1269 2284 1340 τὴν
2312 1268 2582 1340 σωτηρίαν
2610 1269 2795 1338 φησὶν,
2885 1267 3060 1338 ὲσώθη
3093 1268 3151 1319 ἐν
3177 1265 3256 1337 τῷ
3306 1267 3586 1337 σπηλαίῳ

2018 1359 2105 1412 ὅτε
2127 1360 2323 1430 μᾶλλον
2341 1359 2653 1424 ὑπεξούσιον
2686 1359 2844 1412 ἔλαϐε
2875 1359 2964 1412 τὸν
3002 1359 3214 1431 ἐχθρὸν,
3249 1360 3298 1411 εἰ
3327 1358 3382 1411 δὲ
3411 1357 3584 1428 (25⁸),

2000 1451 2344 1520 ὲφείσατο.Ὂ
2371 1452 2434 1523 δὴ
2461 1453 2554 1505 καὶ
2581 1451 2780 1514 ὄνειδος
2806 1447 2872 1521 ἦν
2900 1450 2978 1521 τῷ
3005 1451 3350 1520 σεσωσμένῳ,
3367 1449 3443 1513 ὡς
3469 1450 3589 1520 μά-

1998 1558 2097 1613 την
2149 1542 2544 1597 ἐπιϐουλεύοντι
2601 1541 2679 1613 τῷ
2731 1540 2988 1613 Σωτῆρι.]
3031 1540 3486 1605 Ἐξαπέστειλεν
3544 1543 3587 1594 ό

2002 1634 2145 1700 Θεὸς
2189 1635 2252 1688 τὸ
2295 1635 2466 1701 ἕλεος
2507 1635 2692 1689 αὑτοῦ
2738 1633 2835 1687 καὶ
2884 1634 2998 1702 τὴν
3037 1634 3326 1702 ἀλήθειαν
3357 1631 3577 1687 αὑτοῦ.

1928 1708 1971 1761 Β
2000 1722 2185 1786 Ἔλεος
2209 1723 2303 1776 καὶ
2328 1725 2552 1794 ἀλήθεια
2577 1724 2671 1776 τοῦ
2703 1722 2913 1793 Πατρὸς
2937 1725 2964 1776 ό
2995 1723 3141 1787 Υἱός.

2063 1814 2172 1867 Kal
2219 1815 2508 1882 ἐρρύσατο
2551 1813 2666 1881 τὴν
2701 1814 2913 1884 ψυχήν
2953 1832 3070 1884 μου
3109 1813 3178 1868 ἐκ
3199 1813 3396 1883 μέσου
3421 1816 3585 1868 σκύ-

1987 1921 2174 1974 μνων.
2203 1904 2406 1976 [Μέσος
2428 1907 2491 1977 δὴ
2525 1905 2877 1975 ἀπολειφθεὶς
2912 1906 3164 1976 σκύμνων
3206 1905 3312 1958 τῶν
3340 1906 3437 1976 τῆς
3465 1904 3578 1960 ῒὲθ

1993 1997 2400 2066 ἀλλοφύλων.Ἦ
2451 1999 2510 2051 τὸ
2559 1999 2682 2051 ὅσον
2737 1997 2970 2068 ἐπ’ὲμὲ,
3003 1998 3096 2050 καὶ
3148 1999 3214 2067 τῇ
3252 1996 3580 2069 ἀνθρωπίνη]

1994 2091 2216 2161 ἀσεϐείᾳ
2263 2091 2561 2162 ἐκοιμήθην
2609 2091 3029 2162 τεταραγμένος.
3050 2089 3188 2142 Ἀλλ’
3219 2092 3248 2143 ό
3281 2089 3576 2158 Ὕψιστος,

1993 2181 2083 2232 τὸν
2123 2180 2292 2248 Λόγον
2343 2178 2505 2232 αὖτοῦ
2548 2179 2892 2242 ἀποστείλας,
2934 2178 3200 2250 ἐρρύσατο
3248 2177 3346 2247 τὴν
3391 2177 3577 2248 ψυχήν

1999 2287 2118 2340 μου,
2165 2271 2240 2334 ὡς
2280 2271 2443 2342 μηδὲν
2475 2271 2642 2342 αὐτὴν
2676 2273 2740 2324 ὲκ
2779 2271 2878 2340 τῆς
2903 2271 3144 2340 ταραχῆς
3173 2267 3280 2321 τῶν
3311 2267 3574 2338 σκύμνων

1996 2361 2274 2433 βλαϐῆναι.
2300 2362 2434 2416 Τίνα
2461 2361 2518 2414 δὲ
2547 2361 2618 2414 τά
2655 2362 2820 2432 θηρία
2848 2361 3051 2424 totum;
3091 2360 3196 2412 υἱοὶ
3221 2359 3328 2412 τῶν
3358 2357 3574 2429 ἀνθρώ-

1995 2470 2112 2506 πων
2140 2453 2276 2506 εἰσὶν
2318 2453 2413 2506 ἄν·
2465 2453 2513 2505 οἱ
2557 2453 2763 2516 ὀδόντες
2789 2453 2926 2506 ὅπλα
2960 2455 3052 2505 καὶ
3096 2453 3152 2504 αἱ
3197 2449 3409 2521 βουλαί·
3445 2448 3574 2502 ἀντὶ

1995 2544 2113 2606 τοῦ,
2147 2544 2559 2615 βλαπτικοίεῐσι
2590 2533 2678 2598 διὰ
2723 2544 3175 2614 πάντων.”Ωσπερ
3219 2545 3251 2613 ἡ
3302 2542 3569 2612 μάχαιρα,

1993 2638 2300 2706 ὴκονημὲνη
2331 2631 2485 2700 οὖσα,
2517 2636 2714 2706 ῥαδίως
2735 2635 3120 2706 ἀναιρεῖ,οὖτω
3141 2636 3238 2687 καὶ
3267 2635 3299 2702 ἡ
3324 2632 3570 2700 γλῶσσα,

1992 2727 2298 2798 τετηγμένη
2322 2722 2476 2789 οὖσα,
2494 2729 2613 2790 ταῖς
2643 2726 2990 2789 καταλαλιαῖς
3018 2724 3275 2796 ἀναιρεῖ.]
3307 2723 3573 2794 Σκύμνων

1992 2817 2100 2870 τῶν
2154 2817 2355 2887 νοητῶν
2413 2817 2676 2888 δηλονότι.
2708 2815 3060 2885 Ἐκοιμήθην
3117 2811 3568 2882 τεταραγμένος.

2006 2908 2223 2979 Ἐπειδὴ
2267 2908 2555 2980 ἐρρύσθην,
2587 2907 2772 2979 φησὶν,
2802 2909 2866 2960 ἐκ
2907 2909 3015 2961 τῶν
3057 2908 3259 2976 νοητῶν
3295 2907 3568 2977 σκύμνων,

1996 3001 2186 3054 τούτου
2221 3001 2378 3073 χάριν
2403 3002 2494 3053 καὶ
2527 3001 2930 3071 ἀναπαύσομαι,
2957 3000 3132 3054 καίτοι
3161 2999 3326 3053 πάλαι
3356 2998 3447 3053 ὑπ’
3473 2999 3572 3052 αὑ-

1994 3090 2100 3142 τῶν
2136 3091 2553 3160 ταραττόμενος.
2594 3091 2710 3142 Υἱοὶ
2744 3089 3089 3157 ἀνθρώπων,
3115 3091 3168 3142 οἱ
3193 3089 3429 3154 ὀδόντες
3458 3089 3568 3140 αύ-

1992 3179 2108 3234 tam
2131 3180 2295 3234 ὅπλα
2327 3181 2421 3233 καὶ
2452 3179 2633 3248 βέλη.
2687 3181 2870 3235 Ταῦτά
2899 3199 3029 3252 φησι
3058 3181 3475 3251 κατασημαίνων
3497 3178 3570 3232 τὰ

1992 3272 2069 3344 τῷ
2103 3273 2312 3344 Σωτῆρι
2343 3272 2623 3342 συμϐάντα
2654 3273 2794 3326 κατά
2843 3273 2932 3325 τὸν
2974 3272 3066 3325 τοῦ
3120 3271 3324 3334 πάθους
3353 3271 3564 3342 καιρὸν,

1992 3364 2157 3434 ἡνίκα
2204 3364 2340 3434 πρὸς
2385 3362 2611 3415 Πιλᾶτον
2645 3363 2873 3435 ἔκραζον
2901 3365 2950 3415 oi
2991 3362 3227 3415 Ἰουδαῖοι
3260 3362 3398 3414 κατά
3431 3363 3567 3433 Χρι-

1996 3454 2122 3507 στοῦ
2170 3449 2449 3520 τὸ,⁷Αρον,
2498 3446 2666 3519 ἆρον,
2694 3455 3047 3521 σταύρωσον
3091 3453 3295 3513 αὐτὸν,
3340 3453 3434 3504 καὶ
3483 3454 3568 3506 ὅτι

1994 3549 2064 3599 El
2082 3545 2166 3614 μὴ
2205 3541 2283 3613 ἦν
2312 3539 2490 3608 οὗτος
2516 3543 2866 3613 κακοῦργος,
2898 3545 3007 3596 οὐκ
3054 3542 3131 3596 ἄν
3164 3559 3260 3596 σοι
3310 3542 3567 3610 παρεδώο

1995 3655 2181 3708 καμεν
2207 3639 2412 3690 αὐτόν.

2075 3728 2362 3797 Ὑψώθητι
2406 3728 2502 3781 ἐπὶ
2547 3726 2688 3791 τοὺς
2726 3725 3040 3793 οὐρανοὺς,
3066 3729 3098 3780 ό
3140 3727 3301 3792 Θεὸς,
3332 3729 3430 3781 καὶ
3464 3728 3560 3783 ἐπὶ

1995 3820 2202 3876 πᾶσαν
2227 3819 2340 3886 τὴν
2373 3817 2486 3888 γῆν
2532 3821 2568 3886 ἡ
2606 3819 2754 3880 δόξα
2785 3835 2921 3871 σου.
2951 3820 3012 3871 Εἰ
3043 3820 3134 3872 καὶ
3162 3819 3427 3888 καθῆκας,
3460 3837 3560 3889 φη-

1999 3910 2102 3972 σὶν,
2136 3907 2326 3961 ἑαυτὸν
2358 3907 2444 3960 διὰ
2476 3909 2572 3978 τὴν
2601 3907 2873 3977 ἡμετέραν
2916 3907 3188 3978 σωτηρίαν
3215 3907 3294 3970 εἰς
3323 3906 3562 3960 ἑκούσιον

1997 4000 2248 4062 κένωσιν,
2277 3999 2371 4052 καὶ
2414 3998 2644 4066 γέγονας
2689 3999 2926 4067 ὑπήκοος
2962 3999 3121 4070 μέχρι
3144 3998 3390 4062 θανάτου,
3430 3997 3560 4051 ἀλλά

1996 4091 2090 4144 καὶ
2134 4090 2292 4143 πάλιν
2322 4090 2508 4144 ἄνελθε
2539 4092 2617 4153 εἰς
2648 4092 2928 4161 οὐρανοὺς,
2957 4092 3040 4143 ὅτι
3085 4092 3178 4144 καὶ
3207 4088 3440 4143 ἀνελθὼν
3464 4089 3558 4159 τῆς

1999 4182 2097 4252 σῆς
2128 4179 2283 4247 δόξης
2318 4178 2625 4250 πληρώσεις
2661 4183 2840 4234 πᾶσαν
2865 4181 2961 4250 τὴν
2983 4180 3107 4250 γῆν.

2064 4267 2292 4337 Παγίδα
2334 4268 2666 4337 ἡτοίμασαν
2713 4269 2834 4335 τοῖς
2867 4270 3012 4323 ποσί
3043 4287 3184 4339 μου.
3216 4271 3352 4333 Τοὺς
3395 4285 3546 4322 κατα-

327 4375 414 4414 me
447 4361 655 4430 laqueis
701 4359 1047 4429 dejiciebant,
1090 4355 1293 4411 curasti
1329 4364 1388 4408 ut
1414 4354 1468 4408 in
1497 4352 1706 4407 foveam
1731 4365 1893 4421 quam

2018 4360 2290 4425 Ξάλλοντάς
2323 4377 2409 4432 με,
2439 4360 2591 4430 φησὶ,
2621 4360 2710 4414 διὰ
2741 4361 2849 4414 τῶν
2885 4361 3123 4429 παγίδων
3153 4361 3560 4432 παρεσκεύασας

328 4453 571 4506 fecerunt
610 4451 932 4504 inciderent.
981 4448 1350 4514 Quamobrem
1395 4446 1497 4501 hac
1535 4459 1592 4500 re
1635 4445 1893 4514 praaclare

327 4551 444 4595 acta
471 4557 632 4610 super
663 4541 832 4595 coctos
866 4541 1126 4594 exaltare.

394 4631 448 4687 8.
480 4631 736 4684 Paratum
771 4647 862 4684 cor
893 4647 1084 4693 meum,
1119 4629 1276 4692 Deus,
1310 4637 1557 4698 paratum
1586 4643 1676 4681 cor
1696 4644 1891 4682 meum.

329 4723 499 4795 Rogat
529 4723 631 4779 sibi
662 4722 779 4776 dari
813 4721 1074 4790 Spiritum
1103 4730 1370 4787 sanctum,
1401 4737 1561 4791 quem
1599 4723 1892 4777 missurum

325 4833 384 4872 se
425 4817 478 4870 in
515 4815 711 4870 caelum
760 4814 1058 4868 ascendens
1111 4811 1437 4882 Unigenitus
1475 4814 1748 4882 pollicitus
1787 4822 1891 4879 est,

324 4918 572 4979 paratum
607 4921 730 4961 esse
757 4922 852 4961 cor
885 4920 1043 4959 suum
1071 4905 1222 4959 aiens
1247 4905 1312 4957 ad
1345 4919 1468 4958 eum
1500 4905 1890 4974 recipiendum.

397 5000 450 5056 9.
479 4998 740 5069 Exsurge,
766 4997 934 5068 gloria
978 5012 1113 5049 mea.
1148 4995 1390 5049 Gloriam
1433 5009 1590 5048 suam
1639 4995 1891 5064 spiritum

323 5091 698 5160 propheticum
716 5089 968 5159 appellat.
990 5085 1248 5156 Exsurge,
1266 5085 1577 5155 psalterium
1598 5095 1646 5138 et
1663 5087 1888 5140 cithara.

323 5178 644 5234 Psalterium
682 5181 812 5234 dicit
852 5179 1114 5240 animam.
1154 5177 1421 5232 citharam
1459 5185 1619 5230 vocat
1668 5191 1887 5246 corpus.

326 5269 626 5341 Exsurgam
655 5271 910 5325 diluculo.
930 5271 1180 5338 Quando,
1214 5270 1416 5339 inquit,
1448 5269 1782 5338 spiritualem
1814 5267 1891 5322 lu-

327 5375 442 5414 cem
473 5361 725 5424 sentiam,
759 5377 1050 5433 exsurgam
1082 5363 1148 5416 ad
1183 5361 1538 5416 cantandum.

393 5537 440 5569 "
469 5533 626 5590 Joan.
658 5537 888 5606 nx,15.
959 5540 1003 5570 ⁸⁸
1032 5537 1189 5592 Joan.
1222 5555 1378 5604 xvnt,
1412 5537 1501 5594 '50.

395 5631 530 5704 (ετ)
557 5635 625 5688 El
656 5632 741 5688 δέ.
780 5631 936 5690 Forte
959 5626 1018 5687 οὗ
1049 5635 1164 5688 καί.
1206 5635 1370 5705 Ilion.

1997 4456 2075 4518 εἰς
2095 4453 2254 4506 αὑτὸν
2274 4454 2332 4506 δν
2356 4452 2568 4526 ὤρυξαν
2600 4453 2787 4524 βόθρον
2812 4455 3088 4523 ἐμπεσεῖν.
3117 4452 3208 4504 Διὸ
3236 4452 3298 4522 δὴ
3326 4452 3419 4505 καὶ
3439 4449 3560 4504 ταῦ-

1997 4562 2063 4597 τα
2096 4545 2442 4615 κατορθώσας
2470 4547 2561 4598 ἐπὶ
2589 4546 2713 4607 τοὺς
2747 4544 3005 4615 οὐρανοὺς
3032 4543 3294 4615 ὑψώθητι.

2081 4635 2308 4704 Ἑτοίμη
2335 4638 2373 4704 ή
2405 4636 2615 4704 καρδία
2635 4654 2774 4705 μου,
2812 4639 2843 4688 ὀ
2871 4633 3032 4700 Θεὸς,
3057 4636 3257 4703 ἑτοίμη
3281 4636 3317 4702 ἡ
3353 4634 3557 4700 καρδία

1994 4740 2132 4792 μου.
2157 4724 2470 4794 Παρακαλεί
2488 4724 2737 4790 δέξασθαι
2757 4724 2816 4776 τὸ
2828 4723 3051 4794 Πνεῦμα
3071 4724 3131 4776 τὸ
3153 4725 3323 4792 ἆγιον,
3348 4725 3374 4777 ὃ
3397 4726 3556 4793 ἐπηγο-

1998 4813 2212 4881 γείλατο
2253 4815 2610 4884 ἀνερχόμενος
2646 4815 2878 4885 πέμψειν
2906 4818 2934 4869 ὁ
2973 4815 3301 4885 Μονογενὴς,
3343 4815 3557 4884 ἑτοίμην

1998 4906 2076 4968 εἰς
2096 4905 2156 4957 τὸ
2176 4903 2427 4969 δέξασθαι
2443 4906 2614 4972 λέγων
2634 4905 2958 4976 γεγενῆσθαι
2976 4909 3073 4978 την
3097 4906 3288 4960 ἑαυτοῦ
3320 4906 3553 4978 καρδίαν.

2081 4995 2460 5065 Ἐξεγέρθητι,
2495 4999 2532 5064 ἡ
2559 4997 2705 5060 δόξα
2728 5016 2866 5067 μου.
2899 4999 3066 5064 Δόξαν
3096 5000 3285 5054 ἑαυτοῦ
3325 4998 3384 5050 τὸ
3414 4996 3557 5049 πνεύ-

2001 5101 2078 5156 μα
2123 5086 2184 5139 τὸ
2234 5089 2568 5160 προφητικόν
2603 5091 3186 5162 φησιν.Ἐξεγέρθητι,
3230 5088 3553 5157 ψαλτήριον

1997 5179 2094 5231 καὶ
2126 5180 2355 5247 κιθάρα.
2371 5180 2678 5252 Ψαλτηιριον
2711 5181 2808 5251 μὲν
2831 5183 2928 5253 τὴν
2947 5182 3124 5252 ψυχήν
3153 5197 3304 5249 φησι,
3336 5178 3554 5248 κιθάραν

1994 5267 2050 5321 δὲ
2095 5269 2155 5322 τὸ
2198 5270 2355 5340 σῶμα
2399 5271 2571 5325 καλεῖ.
2606 5271 3088 5342 Ἐξεγερθήσομαι
3124 5271 3456 5340 όρθρου.Ἐν
3476 5270 3552 5322 al-

1999 5360 2206 5430 σθήσει,
2249 5363 2400 5433 φησὶ,
2430 5362 2522 5417 τοῦ
2575 5363 2762 5434 νοητοῦ
2811 5364 2985 5431 φωτὸς
3033 5363 3320 5434 γενόμενος
3367 5360 3457 5416 ἐπὶ
3493 5357 3553 5415 τὸ

1998 5449 2184 5520 ὑμνεῖν
2215 5451 2656 5526 ὲξεγερθήσομαι.

1607 5538 1646 5571 ⁸³
1680 5535 1912 5609 Philipp.
1951 5553 2011 5604 ιι,
2044 5541 2097 5608 7,
2125 5539 2209 5596 8.‘
