3786 6278
157 239 237 293 t6!
1255 226 1623 285 EXPOSITIO
1663 225 1726 280 IN
1768 225 2099 282 PSALMUM
2136 225 2292 282 LVII.

226 349 804 420 ἐξομολογήσομαι
842 364 939 402 σοι
987 347 1057 400 ὲν
1099 345 1290 412 λαοῖς,
1320 348 1518 414 Κύριε,
1571 345 1747 414 ψαλῶ
1776 355 1820 410 Α

153 462 236 498 σοι
264 447 340 496 ἐν
367 444 610 498 ἔθνεσι.
647 443 758 514 Τὴν
808 441 916 494 τῶν
945 441 1111 494 ἐθνῶν
1139 441 1390 494 ἁπάντων
1411 440 1740 512 ἐπιστροφὴν

153 535 578 604 εὲστγελίζεται
627 535 696 588 δι’
725 529 799 588 ὧν
842 534 1268 605 ἔξομολογείται,
1303 534 1398 586 ἅτε
1435 532 1500 603 δὴ
1526 533 1742 586 πάντων

151 631 242 681 τῶν
279 628 470 682 ἐθνῶν
515 629 649 691 τοὺς
681 626 845 681 αὐτοῦ
884 626 1114 696 ᾀδόντων
1144 624 1493 695 ὓμνους.”οτι
1533 623 1743 692 ἐμεγα-

150 724 332 786 λύνθη
369 720 495 786 ἓως
527 721 639 772 τὸν
669 717 928 786 οὐρανὸν
958 717 1023 771 τὸ
1055 716 1227 782 ἔλεός
1254 731 1389 769 σου.
1407 716 1631 786 Ὅμοιον
1667 712 1745 783 τῷ

151 814 264 864 ὀτι
298 812 409 864 καὶ
443 811 611 876 αὐτὴ
643 811 677 877 ἠ
709 811 906 876 κτίσις
933 808 1468 877 ἐλευθερωθήσεται
1494 807 1610 861 ἀπὸ
1634 806 1747 874 τῆς

150 901 371 970 φθορᾶς
404 905 503 968 εὶς
527 902 646 969 τὴν
675 901 1022 969 ἐλευθερίαν
1051 899 1168 953 τῶν
1188 899 1414 953 τέκνων
1435 898 1541 952 τοῦ
1574 898 1742 952 Θεοῦ.

149 993 242 1044 Καὶ
294 991 419 1056 ἕως
475 989 606 1043 τῶν
652 988 924 1058 νεφελῶν
961 989 998 1056 ἠ
1044 987 1294 1055 ἀλήθειά
1326 1005 1461 1042 σου.
1480 986 1742 1057 Ἀληθεῖς,

150 1086 292 1155 ensi,
331 1085 442 1147 τὰς
475 1084 593 1136 τῶν
637 1083 894 1153 νεφελῶν,
916 1081 1158 1135 τουτέστι
1188 1082 1295 1134 τῶν
1324 1080 1636 1150 προφητῶν,
1659 1079 1748 1133 διὰ

149 1177 244 1228 τῶν
282 1175 656 1246 πραγμάτων
680 1173 969 1238 ἀπέδειξας
997 1191 1090 1226 σου
1116 1173 1320 1240 φωνάς.

207 1268 402 1340 [Ἱῗως
453 1266 584 1320 τῶν
631 1264 902 1334 νεφελῶν
948 1267 986 1332 ἡ
1038 1263 1286 1331 ἀλήθειά
1327 1277 1462 1317 σου.
1482 1262 1746 1332 Ἀληθεῖς,

150 1365 292 1431 φησὶ,
332 1361 438 1423 τας
471 1360 587 1413 τῶν
615 1360 874 1427 νεφελῶν,
918 1358 1158 1411 τουτέστι
1188 1357 1296 1408 τῶν
1325 1355 1636 1428 προφητῶν,
1663 1355 1751 1409 διὰ

151 1454 508 1524 πραγμάτων
551 1451 902 1516 ἐπεδείξαντο
928 1449 1282 1518 φωνάς.Ἔως
1313 1446 1430 1500 τῶν
1457 1445 1745 1514 οὐρανῶν,

149 1545 324 1612 ἱμοιον
349 1541 612 1611 ’τῷ-Ὀτι
645 1541 740 1593 καί
787 1538 940 1606 αὐτὴ
967 1539 1006 1606 ἠ
1040 1539 1236 1604 κτίσις
1277 1536 1747 1604 ἐλευθερωθήσε-

151 1648 233 1685 ται
281 1631 412 1686 ἀπὸ
468 1631 588 1698 τῆς
635 1629 991 1699 φθορᾶς-είς
1030 1628 1377 1698 ἐλευθερίαν
1407 1626 1519 1696 τῆς
1562 1627 1748 1696 δόξης

148 1723 258 1776 τῶν
284 1723 536 1777 τέκνων
567 1722 678 1776 τοῦ
706 1719 902 1793 Θεοῦ.]

149 1837 244 1898 εἰς
284 1834 353 1887 τὸ
405 1833 620 1899 τέλος,
653 1832 740 1901 μὴ
774 1832 1134 1901 διαφθείρῃς,
1163 1832 1244 1898 τῷ
1272 1832 1453 1887 Δαυῒδ
1479 1835 1565 1899 είς
1596 1849 1744 1901 στη-

513 1926 872 1994 λοπραεείαν.
920 1926 1228 1978 ΨΑΛΜΟΣ
1263 1927 1373 1980 ΝΖ¹
1382 1969 1392 1981 .

805 2015 1123 2079 Ὑπόθεσις.

142 2107 250 2179 Τὴν
301 2109 489 2178 αὐτὴν
533 2107 793 2160 ὑπόθεσιν
838 2106 950 2177 ἔχει
991 2105 1068 2176 τῷ
1115 2105 1438 2177 προλαϐόντι
1477 2107 1506 2159 ὁ
1555 2105 1746 2178 παρὼν

208 2201 464 2271 ψαλμὺς,
501 2199 706 2270 μᾶλλον
750 2198 806 2251 δὲ
858 2196 1041 2266 σαφῶς
1087 2197 1358 2269 ἐξηγεῖται
1408 2199 1559 2250 ποῖον
1607 2198 1746 2252 κατὰ

208 2293 319 2346 τῶν
351 2292 795 2346 ἐπαναστάντων
822 2289 900 2361 τῷ
925 2290 1136 2363 Σωτῆρι
1169 2291 1231 2344 τὸ
1261 2290 1415 2354 τέλος
1449 2290 1692 2360 γέγονεν.

210 2472 282 2522 Εἰ
335 2465 601 2533 ἀληθῶς
653 2464 766 2534 ἄρα
809 2464 1208 2533 δικαιοσύνην
1246 2464 1506 2518 λαλεῖτε.
1525 2463 1742 2538 Ἐπειδὴ

146 2559 452 2628 συνήγοντο
501 2554 647 2608 κατά
689 2553 782 2607 τοῦ
829 2553 1102 2624 Σωτῆρος,
1141 2553 1216 2616 ὡς
1266 2554 1603 2618 ἐκδικοῦντες
1655 2555 1745 2609 τὸν

144 2651 326 2720 νόμον,
389 2647 630 2710 εἰκότως
684 2646 868 2708 αὐτοῖς
921 2645 982 2698 τὸ
1041 2646 1379 2716 προφητικὸν
1442 2645 1743 2698 ἐντέλλεται

145 2743 386 2812 πνεῦμα,
441 2741 498 2793 εί
538 2757 602 2807 γε
647 2739 754 2810 ἄρα
787 2737 879 2792 τοῦ
913 2739 1118 2791 δικαίου
1152 2737 1546 2809 φροντίζουσιν,
1582 2737 1744 2793 εὐθέα

144 2833 372 2902 κρίνειν,
412 2831 668 2884 τουτέστι
703 2830 907 2884 δίκαια.
939 2831 998 2882 Οἱ
1040 2829 1095 2882 δὲ
1131 2830 1231 2882 οὐκ
1276 2829 1495 2900 ἔκριναν
1539 2829 1740 2892 δίκαια,

141 2924 226 2975 τὸν
272 2923 468 2976 ἀθῶον
514 2923 612 2974 καὶ
655 2921 860 2974 δίκαιον
908 2922 1221 2974 ἀποκτεῖναι
1262 2920 1590 2992 βουλόμενοι.
1631 2921 1744 2976 Καὶ

143 3017 246 3083 τὰρ
292 3015 369 3067 ὲν
418 3012 642 3081 καρδίᾳ
681 3013 934 3081 ἀνομίας
977 3012 1287 3082 ἐργάζεσθε
1327 3013 1398 3066 ὲν
1445 3012 1520 3081 τῇ
1544 3012 1639 3082 γῇ.
1679 3015 1742 3067 Εί

3301 224 3411 282 269.

1931 345 2016 400 10.
2051 347 2349 415 Conﬁtebor
2397 345 2492 398 tibi
2528 345 2582 398 in
2627 343 2854 414 populis,
2898 340 3412 410 Domine,_psallam

1843 436 1937 490 tibi
1960 438 2015 490 in
2043 437 2299 506 gentibus.
2330 435 2584 490 Omnium
2613 435 2849 505 gentium
2879 431 3290 488 conversionem
3313 446 3410 485 an-

1843 527 2059 580 nuntiat
2107 541 2202 595 per
2256 526 2653 582 confessionem
2725 541 2915 591 suam,
2971 524 3100 593 quia
3151 523 3406 576 nimirum

1846 633 2037 672 omnes
2061 627 2247 688 gentes
2263 618 2494 688 hymnos
2519 618 2638 687 ejus
2660 617 2974 672 concinunt.
3004 614 3266 679 Quoniam
3297 629 3414 666 ma-

1844 709 2095 778 gniﬁcata
2129 718 2204 761 est
2241 724 2400 777 usque
2422 709 2489 760 ad
2516 707 2668 760 cmlos
2693 705 3058 760 misericordia
3083 714 3192 757 tua.
3224 702 3421 756 Simile-

1845 797 1974 852 huic
2005 816 2018 851 :
2053 796 2190 862 Quia
2211 807 2259 850 et
2288 799 2404 863 ipsa
2420 805 2666 851 'creatura
2683 797 2989 850 liberabitur
3005 812 3037 847 a
3057 796 3409 861 corruptione,

1845 888 1900 940 in
1935 887 2227 942 libertatem
2259 887 2496 956 filiorum
2522 887 2695 942 Dei“.
2743 886 2811 942 Et
2850 902 3010 951 usque
3041 885 3109 938 ad
3140 884 3299 938 nubes
3327 900 3413 938 oe-

1847 978 1979 1030 ritas
2023 987 2133 1031 tua.
2160 975 2353 1042 Veras,
2383 977 2580 1048 inquit,
2609 979 2860 1042 nubium,
2903 978 2955 1031 id
2985 985 3088 1040 est,
3117 975 3415 1046 pmphetan

1847 1082 1966 1121 rum
1997 1083 2179 1131 voces,
2211 1083 2270 1122 re
2300 1068 2414 1138 ipsa
2448 1067 2840 1138 comprobasti.

1927 1254 2128 1327 [Usque
2159 1255 2228 1308 ad
2262 1254 2422 1308 nubes
2461 1255 2652 1308 veritas
2685 1263 2795 1305 tua.
2842 1249 2918 1304 Ex
2946 1249 3201 1319 operibus
3229 1263 3416 1315 veras,

1847 1347 2044 1416 inquit,
2061 1362 2181 1402 esse
2201 1348 2609 1402 declaraverunt
2624 1345 2873 1409 nubium,
2892 1345 3004 1397 sive
3025 1343 3416 1412 prophetarum

1850 1454 2027 1494 voces.
2053 1437 2223 1508 Usque
2249 1439 2316 1492 ad
2341 1438 2516 1502 caelos,
2546 1437 2722 1492 simile
2747 1445 2828 1490 est
2859 1435 2932 1488 illi
2965 1452 2980 1488 :
3009 1432 3272 1498 Quoniam
3295 1435 3414 1502 ipsa

1849 1539 2094 1583 creatura
2127 1529 2440 1583 liberabitur
2467 1547 2500 1582 α
2527 1529 2857 1597 corruptione
2889 1526 2943 1580 in
2975 1524 3270 1579 libertatem
3293 1523 3413 1595 glo-

1849 1621 1944 1674 ria:
1966 1620 2201 1688 ﬁliorum
2229 1618 2370 1692 Det]

1848 1820 1900 1874 1.
1928 1819 1994 1875 In
2031 1822 2211 1891 ﬁnem,
2259 1840 2325 1877 ne
2365 1823 2658 1893 disperdas,
2692 1823 2882 1877 Davidi
2941 1824 3000 1878 in
3042 1822 3192 1876 tituli
3225 1821 3418 1877 inseri--

2208 1917 2456 1982 ptionem.
2487 1915 2726 1971 PSALM
2737 1914 2824 1971 US
2862 1915 2904 1970 L
2916 1914 3047 1971 VII.

2415 2008 2818 2076 Argumentum.

1847 2092 2104 2151 Eamdem
2151 2098 2324 2166 ipsam
2365 2115 2528 2169 quam
2567 2101 2818 2170 superior
2856 2099 2945 2154 hic
2978 2099 3221 2169 psalmus
3253 2096 3418 2152 habet

1914 2186 2347 2258 inscriptionem,
2376 2192 2487 2245 imo
2511 2193 2688 2260 potius
2717 2193 2896 2262 palam
2926 2201 3147 2245 enarrat
3172 2189 3266 2260 qui
3291 2189 3418 2243 ﬁnis

1916 2291 2106 2333 eorum
2129 2279 2315 2349 fuerit,
2333 2283 2425 2353 qui
2451 2283 2714 2339 adversus
2741 2284 3072 2338 Salvatorem
3106 2283 3420 2337 insurrexe-

1915 2377 2064 2424 runt.

1914 2461 1971 2527 2,
1999 2462 2054 2517 5.
2092 2463 2152 2517 Si
2180 2479 2294 2516 cere
2318 2463 2497 2533 utique
2517 2463 2789 2532 justitiam
2820 2463 3117 2534 loquimini.
3149 2461 3287 2529 Quia
3319 2463 3417 2518 ad-

1844 2570 2037 2610 versus
2068 2553 2405 2609 Sal‘vatorem
2447 2555 2938 2625 congregabantur,
2970 2555 3126 2624 quasi
3164 2554 3299 2626 legis
3326 2555 3420 2608 ul-

1844 2645 2107 2700 ciscenda:
2136 2643 2464 2714 causa,jure
2493 2645 2597 2698 illis
2619 2645 2966 2714 propheticus
2994 2645 3220 2714 spiritus
3239 2645 3414 2714 jubet,

1845 2745 1904 2790 ut
1930 2735 1975 2790 si
2011 2751 2172 2805 quam
2203 2735 2344 2804 juris
2369 2744 2424 2788 et
2449 2735 2587 2804 arqui
2619 2750 2807 2788 curam
2845 2735 3099 2800 habeant,
3126 2744 3269 2788 recta
3303 2736 3421 2790 sive

1839 2827 1986 2898 justa
2009 2827 2271 2896 judicent.
2309 2829 2376 2880 At
2407 2827 2482 2880 illi
2518 2841 2859 2896 nequaquam
2892 2827 3038 2895 justa
3076 2825 3415 2896 judicabant,

1843 2933 1966 2973 cum
1993 2918 2274 2972 innoxium
2311 2919 2588 2987 etjustum
2621 2917 3166 2972 vellentinterlieere.
3204 2917 3419 2971 Etenim

1845 3011 1898 3063 in
1933 3011 2088 3063 corde
2121 3011 2428 3081 iniquitates
2455 3011 2747 3079 operamini
2776 3012 2832 3063 in
2864 3021 3023 3064 terra.
3048 3010 3182 3076 Etsi,
3219 3011 3419 3080 inquit,

144 3109 230 3159 καὶ
262 3109 314 3159 οἱ
342 3105 531 3173 λόγοι,
563 3105 716 3174 φησὶ,
750 3105 995 3176 χρηστοὶ,
1032 3105 1315 3158 διεκδικεῖν
1343 3105 1714 3176 προσποιούμε

1870 3119 1996 3158 enes
2043 3103 2329 3157 videantur
2376 3117 2677 3169 sermones,
2705 3118 2771 3157 ex
2807 3103 3244 3158 dissimulatione
3284 3103 3419 3157 ulci-

143 3214 216 3248 νοι
259 3198 356 3248 τὸν
413 3197 620 3265 νόμον·
653 3195 764 3248 ἀλλ’
793 3199 825 3264 ἡ
871 3195 1064 3266 καρδία
1105 3197 1329 3266 πικρίας
1359 3198 1475 3250 ἐστὶ
1510 3197 1740 3270 πλήρης,

143 3287 232 3340 καὶ
268 3291 327 3340 αἱ
360 3285 603 3357 πράξεις
631 3286 685 3338 δὲ
713 3286 914 3356 ὁμοίως
941 3288 1169 3358 ἀνομίας
1194 3289 1600 3361 πεπλήρωνται.

219 3374 842 3443 Ἀπηλλοτριώθησαν
885 3380 937 3429 οί
967 3378 1297 3447 ἁμαρτωλοὶ
1335 3378 1451 3432 ἀπὸ
1491 3378 1741 3447 μήτρας.

146 3469 404 3520 Δείκνυσι
435 3466 501 3518 τὸ
535 3465 804 3536 μηδεμίαν
837 3467 1031 3530 αὐτοὺς
1060 3468 1121 3520 τὸ
1156 3469 1414 3539 παράπαν
1447 3470 1744 3540 ἐσχηκότας

148 3559 324 3611 αἰτίαν
361 3560 448 3619 εἰς
488 3558 784 3628 σωτηρίαν.
817 3557 937 3628 [Διὰ
963 3558 1070 3630 γὰρ
1099 3559 1319 3613 Ἡσαΐου
1342 3559 1434 3612 τοῦ
1465 3562 1742 3631 προφήτου

148 3650 277 3718 πρὸς
324 3648 629 3712 Ἰουδαίους
672 3651 700 3702 ό
742 3649 874 3712 Θεὸς
925 3650 1061 3722 ἔφη’
1106 3652 1351 3720 ’Ἐγ-νων,
1394 3651 1482 3704 ὅτι
1523 3651 1746 3706 ἀθετῶν

147 3741 497 3806 ἀθετήσεις,
532 3741 630 3794 καὶ
669 3740 890 3810 ἄνομος
913 3737 986 3808 εἴ,
1020 3743 1116 3796 καὶ
1147 3744 1214 3796 ἐκ
1253 3744 1484 3809 κοιλίας
1523 3743 1746 3811 κληθή-

148 3849 224 3900 σῃ
244 3851 258 3862 ·
303 3833 529 3886 κοιλίαν
562 3832 623 3884 τὸ
657 3834 809 3902 ἅγιον
843 3833 1122 3905 βάπτισμα
1151 3833 1370 3906 λέγων.]
1401 3834 1595 3904 Θυμὸς
1637 3838 1744 3890 αὺ-

149 3927 268 3993 τοῖς
325 3925 491 3979 κατὰ
543 3925 659 3994 τὴν
686 3928 970 3995 ὁμοίωσιν
1001 3927 1108 3981 τοῦ
1144 3927 1351 3996 ὄφεως.
1398 3926 1578 3998 Θυμόν
1614 3944 1745 3997 φησι

149 4019 241 4089 τὴν
281 4018 496 4089 ψυχὴν,
536 4017 604 4088 ἥν
629 4018 720 4070 καὶ
749 4018 942 4088 ὁμοίαν
969 4013 1108 4071 εἷναί
1157 4035 1288 4088 φησι
1329 4015 1423 4069 τοῦ
1471 4019 1528 4070 ὲν
1571 4034 1747 4089 παρα-

149 4110 309 4180 δείσῳ
345 4111 563 4178 δφεωςο
599 4108 654 4172 ὃς
694 4109 1127 4180 ὑποκρινάμενος
1167 4111 1388 4180 ῥήματα
1423 4109 1624 4177 φιλίας,
1655 4109 1746 4162 τὸν

152 4203 385 4256 θάνατον
416 4205 735 4274 εἰσήγαγεν.
755 4203 971 4274 Ἐπειδὴ
1017 4203 1195 4256 τοίνυν
1243 4203 1336 4255 καὶ
1377 4198 1522 4257 οὗτοι
1573 4220 1748 4275 παρα-

152 4295 424 4366 πλησίως,
457 4295 680 4359 Ῥαϐϐὶ,
709 4295 804 4348 καὶ
833 4295 1189 4357 Διδάσκαλε,
1207 4293 1477 4363 λέγοντες,
1505 4296 1618 4361 καὶ,
1653 4295 1748 4348 οι-

1845 3195 2060 3250 scenda:
2091 3195 2258 3265 legis;
2291 3195 2382 3250 sed
2416 3211 2509 3250 cor
2546 3197 2765 3266 plenum
2805 3197 3138 3260 acerbitate,
3164 3207 3218 3250 ct
3255 3211 3421 3266 opera

1845 3287 2100 3342 similiter
2133 3287 2422 3357 iniquitate
2453 3290 2607 3357 plena
2634 3298 2782 3344 sunt.

1913 3380 1967 3443 4,
1997 3380 2051 3434 5.
2070 3379 2306 3434 Alienati
2337 3391 2454 3433 sunt
2482 3389 2778 3450 peccatores
2801 3397 2832 3433 a
2855 3380 3026 3434 vulva.
3051 3378 3301 3436 Ostendit
3323 3396 3421 3437 eos

1845 3473 2048 3528 nullam
2075 3474 2300 3529 omnino
2331 3473 2586 3528 habuisse
2619 3472 2812 3527 salutis
2840 3487 3084 3526 causam.
3113 3471 3417 3543 [Siquidem

1844 3581 1940 3634 per
1969 3565 2165 3621 Isaiam
2199 3565 2518 3636 prophetam
2562 3562 2762 3618 Iudaeis
2798 3564 2874 3618 ait
2911 3562 3095 3618 Deus:
3132 3563 3270 3616 Novi
3292 3564 3421 3634 quia

1845 3657 2096 3726 despicies
2133 3665 2183 3710 et
2217 3665 2541 3726 contemptor
2569 3657 2697 3716 eris,
2729 3667 2884 3724 atque
2908 3669 2971 3708 ea:
3005 3663 3178 3708 ventre
3206 3653 3422 3710 vocabe-

1846 3747 1918 3799 ris
1948 3747 2160 3814 impius.
2197 3745 2452 3800 Ventrem
2493 3754 2648 3799 vocat
2683 3755 2932 3799 sanctum
2957 3743 3268 3816 baptisma.]
3317 3743 3423 3800 Fu-

1847 3855 1936 3892 ror
1962 3837 2068 3890 illis
2095 3839 2380 3890 secundum
2406 3837 2811 3891 similitudinem
2847 3837 3124 3906 serpentis.
3157 3834 3422 3893 Furcrem

1846 3929 2085 3983 animam
2122 3928 2273 3993 dicit,
2305 3943 2470 3998 quam
2503 3927 2739 3984 similem
2763 3926 2840 3981 ait
2864 3926 3101 3997 serpenti
3137 3927 3213 3981 illi
3245 3927 3420 3997 quiin

1844 4020 2099 4091 paradiso
2132 4020 2472 4084 versabatur,
2501 4021 2594 4092 qui
2629 4020 2900 4076 simulatis
2929 4020 3185 4074 amicitiae
3214 4021 3420 4088 verbis,

1846 4121 2076 4166 mortem
2094 4112 2324 4168 induxit.
2357 4111 2585 4179 Quando
2629 4113 2793 4183 igitur
2821 4121 2875 4167 et
2909 4113 2962 4166 hi
2997 4125 3232 4182 quoque,
3272 4111 3420 4166 Rab-

1848 4206 1899 4260 bi
1915 4205 2056 4270 ”°“,
2071 4214 2146 4270 et,
2169 4204 2424 4276 Magister
2444 4207 2490 4246 ⁸⁸
2513 4206 2775 4272 dicentes,
2797 4213 2869 4270 et,
2888 4203 3095 4260 Scimus
3123 4203 3420 4274 quoniama

1847 4294 1956 4350 Deo
1967 4295 2230 4362 venisti“,
2251 4296 2630 4366 ethujusmodi
2647 4297 2810 4350 verba
2829 4295 3182 4365 proferentes,
3198 4309 3417 4349 crucem

151 4386 360 4457 εαμεν,
385 4387 478 4438 ὅτι
504 4387 622 4440 ἀπὸ
647 4388 795 4442 Θεοῦ
819 4388 1139 4456 ἐλήλυθας,
1160 4388 1254 4440 καὶ
1282 4388 1349 4442 τὰ
1370 4388 1592 4442 τοιαῦτα
1613 4405 1716 4460 προ

1872 4386 1955 4457 psi
2009 4387 2506 4452 machinabantur,
2565 4387 2768 4441 idcirco
2820 4386 3060 4456 serpenti
3117 4385 3416 4455 comparati

153 4481 451 4549 φερόμενοι
487 4481 727 4549 ῥήματα,
761 4479 1102 4534 ἐϐουλεύοντο
1127 4480 1458 4552 παραδοῦναι
1494 4481 1710 4553 σταυρῷ
1731 4499 1745 4514 ο

152 4569 347 4624 τούτου
382 4572 549 4640 χάριν
593 4574 661 4642 τῇ
694 4569 950 4641 ὁμοιώσει
986 4571 1079 4624 τοῦ
1100 4571 1276 4641 ὄφεως
1300 4571 1745 4643 παρεὸλήθησαν.

165 4663 322 4717 Ὠσεί
351 4663 621 4729 ἀσπίδος
649 4663 855 4732 κωφῆς
875 4664 971 4717 καί
988 4664 1272 4732 ,θυούσης
1294 4665 1365 4720 τὰ
1389 4660 1508 4718 ὦτα
1531 4663 1742 4732 αὐτῆς.

154 4756 224 4806 Οὐ
264 4755 418 4824 μόνῳ
452 4754 530 4824 τῷ
563 4754 707 4822 ὄφει,
740 4755 892 4824 φησὶ,
924 4755 1342 4826 παρεικασθεῖεν
1375 4755 1462 4818 ἂν,
1491 4753 1626 4808 ἀλλὰ
1653 4755 1746 4808 καὶ

154 4845 342 4897 ἀσπίδι
366 4836 464 4896 ὲπῖ
486 4843 596 4896 τῶν
619 4845 847 4897 ὀδόντων
873 4843 1072 4917 ἐχούσῃ
1101 4845 1193 4898 τὸν
1224 4846 1322 4907 ἰὸν,
1345 4845 1418 4916 μὴ
1447 4843 1744 4916 βουλομένῃ

153 4951 209 4998 τε
234 4932 539 4987 ἐπακούειν
561 4933 668 4986 τῶν
701 4935 926 5004 ἐπῳδῶν
954 4938 1034 5000 είς
1062 4936 1121 4988 τὸ
1143 4935 1237 4988 τοῦ
1259 4935 1430 5006 θυμοῦ
1454 4934 1742 4990 παύεσθαι.

1851 4487 1999 4534 sunt.
2033 4478 2205 4534 Sicuti
2229 4479 2429 4544 aspidis
2462 4479 2638 4532 surda:
2675 4488 2726 4532 et
2761 4477 3058 4532 obturantis
3089 4495 3242 4532 aures
3271 4494 3421 4532 suas.

1849 4568 1968 4626 Non
2002 4571 2183 4636 modo,
2222 4571 2416 4640 inquit,
2447 4570 2681 4639 serpenti
2710 4570 3012 4639 comparari
3043 4579 3294 4640 possunt,
3324 4569 3422 4626 sed

1849 4663 2012 4717 etiam
2039 4663 2236 4732 aspidi,
2258 4677 2525 4716 venenum
2558 4662 2612 4716 in
2637 4661 2891 4718 dentibus
2917 4662 3156 4728 habenti,
3181 4678 3302 4732 quae
3323 4677 3423 4717 no-

1847 4753 1912 4808 lit
1939 4754 2126 4809 audire
2148 4754 2512 4809 incantatores
2542 4762 2602 4809 ut
2623 4754 2862 4811 furorem
2887 4756 3059 4812 sedet.
3090 4755 3216 4811 Haec
3239 4765 3422 4810 autem

1850 4843 1972 4898 ideo
2009 4843 2162 4910 dicit,
2199 4843 2326 4913 quia
2372 4844 2449 4899 illi
2492 4845 2647 4914 juxta
2689 4843 2845 4902 Isaia:
2884 4862 3069 4902 vocem
3100 4861 3260 4901 aures
3295 4860 3428 4901 suas

1850 4944 2213 5004 aggravarunt
2241 4942 2299 4991 ut
2324 4950 2431 4989 non
2459 4937 2710 4992 audirent
2739 4952 3022 4993 sermones
3051 4938 3287 4993 Domini.

154 5028 339 5082 Ταῦτα
373 5028 436 5080 δέ
471 5043 656 5096 φησιν,
687 5027 874 5099 ἐπειδὴ
899 5030 992 5082 καὶ
1017 5030 1170 5083 αὐτοὶ
1208 5029 1350 5083 κατὰ
1386 5029 1485 5100 τὴν
1521 5029 1742 5082 Ἡσαΐου
1782 5025 1963 5098 φωνὴν
1996 5027 2266 5100 ἐϐάρυναν
2295 5029 2363 5082 τὰ
2390 5023 2524 5093 ὦτα,
2576 5029 2670 5084 τοῦ
2723 5029 2796 5101 μὴ
2845 5029 3074 5084 ἀκοῦσαι
3111 5029 3238 5092 τοὺς
3275 5026 3429 5100 παρὰ

156 5124 246 5176 τοῦ
279 5125 494 5196 Κυρίου
528 5122 742 5191 λόγους.

237 5221 292 5271 '0
323 5217 475 5284 Θεὸς
507 5220 828 5288 συντρίψει
862 5219 1004 5286 τοὺς
1047 5221 1300 5286 ὀδόντας
1339 5221 1538 5274 αὐτῶν
1564 5218 1637 5272 ὲν
1668 5215 1748 5283 τῷ

161 5310 414 5379 στόματι
443 5307 664 5366 αὐτῶν.
683 5311 931 5374 Ὀδὸντας
957 5313 1014 5364 ὲν
1039 5311 1213 5382 τούτῳ
1249 5311 1348 5374 τὰς
1387 5310 1750 5380 συκοφαντίας

162 5401 226 5466 ἃς
258 5403 588 5474 τπποίηνται
633 5402 780 5457 κατὰ
823 5401 920 5456 τοῦ
963 5403 1169 5476 Κυρίου
1205 5403 1360 5475 φησὶ,
1393 5403 1488 5456 καὶ
1519 5402 1751 5474 μάλιστα

163 5494 258 5555 τὰς
300 5495 398 5547 ἐπὶ
436 5495 535 5563 τῆς
559 5493 909 5557 ἀναστάσεως
929 5510 941 5523 ·
970 5492 1005 5562 ἢ
1030 5493 1246 5551 ὀδόντας
1269 5493 1367 5563 τὴν
1397 5490 1624 5562 δύναμιν
1649 5507 1753 5562 φη-

1927 5215 1961 5268 ’1
1979 5243 2001 5256 -
2021 5213 2075 5269 9.
2111 5212 2252 5268 Deus
2274 5222 2501 5267 conteret
2535 5212 2714 5267 dentes
2744 5213 2936 5266 'eorum
2958 5212 3027 5279 ;in
3052 5227 3138 5265 ore
3167 5213 3422 5281 ipsorum.

1852 5305 2048 5361 Dentes
2072 5304 2161 5358 hic
2187 5313 2348 5359 vocat
2373 5303 2762 5375 schphantias
2797 5317 2934 5372 quas
2962 5301 3225 5358 adversus
3251 5302 3410 5358 Domi

1851 5411 1984 5450 num
2023 5404 2364 5460 struxerunt,
2406 5395 2642 5450 maxime
2675 5402 2855 5448 autem
2879 5397 2991 5464 {eas
3025 5410 3146 5466 quae
3175 5410 3424 5452 resurre-

1849 5491 2089 5547 ctionem
2131 5495 2474 5560 spectarent,
2505 5499 2599 5545 aut
2652 5488 2842 5547 dentes
2877 5481 3131 5547 virtutem
3169 5487 3425 5562 appellat,

235 5634 284 5666 ⁸³
315 5631 477 5689 Rom.
515 5650 635 5704 vm,
664 5633 756 5689 21.
837 5635 957 5670 ⁸³ο⁸⁶
987 5635 1145 5692 Joau.
1181 5651 1263 5702 ιιι,
1289 5635 1344 5690 2.
1423 5635 1468 5670 ⁸⁸
1498 5633 1688 5690 Matth.

1894 5633 1979 5691 16.
2053 5630 2293 5704 _"Joan.
2325 5647 2404 5699 ut,
2440 5633 2492 5698 ‘2,
