3786 6278
1235 209 1297 266 ε.
1335 207 1709 266 unauna“
1742 206 1895 264 ora.
1932 176 2239 261 essent.
2278 232 2352 247 —
2388 204 2799 264 EXEGETICA.

3524 205 3629 261 264

409 319 536 389 quia
574 321 791 376 leonum
826 322 909 376 vis
939 320 993 375 in
1020 320 1271 378 dentibus
1294 330 1399 379 est.
1430 322 1513 376 Ad
1557 321 1780 376 nihilum
1823 323 1973 374 dere-

2103 334 2179 380 tv,
2202 316 2388 389 ἐπειδὴ
2431 317 2539 370 τῶν
2586 317 2813 372 λεόντων
2855 316 2914 370 ἐν
2954 319 3067 380 τοῖς
3090 314 3300 371 ὀδοῦσιν
3326 318 3361 390 ἡ
3388 315 3627 388 δύναμιςο

409 412 552 464 aiens
575 420 825 481 tanquam
862 429 1002 483 aqua
1104 412 1403 468 decurrens.
1456 413 1856 484 Despicabiles,
1888 411 1973 465 in-

408 501 545 570 quit,
592 510 773 567 erunt,
807 503 1034 571 perinde
1075 512 1237 573 atque
1264 503 1433 558 effusa
1470 519 1610 573 aqua
1640 516 1975 574 prorsusque

408 590 633 649 inutiiis.
696 591 938 650 Intendet
985 612 1169 649 arcum
1220 613 1373 650 suum
1413 597 1577 650 donec
1616 595 1970 665 inﬁrmentur.

407 683 607 738 Arcum
640 685 727 741 hic
758 698 912 743 vocat
943 689 1265 744 sententiam
1296 703 1461 758 quam
1496 689 1550 742 in
1579 689 1765 743 divino
1799 688 1974 741 tribu-

407 775 515 829 nali
539 776 747 833 laturus
766 788 868 834 est.
898 779 1028 834 Illud
1057 778 1453 843 autem,donec,
1488 795 1604 849 pro,
1625 789 1696 845 et,
1722 780 1884 849 jacet,
1915 788 1974 835 ut

408 869 675 923 sententia
711 871 803 934 sit,
831 881 879 925 et
901 871 1334 941 inﬁrmabuntur.
1368 870 1721 941 Supercecidit
1755 872 1888 941 ignis
1921 879 1971 927 et

408 972 510 1010 non
524 958 757 1013 viderunt
775 962 956 1017 solem.
980 963 1187 1032 lnjecti,
1207 963 1400 1032 inquit,
1419 964 1471 1016 in
1493 964 1670 1033 ignem
1686 972 1969 1027 aeternum,

407 1047 575 1102 solem
604 1050 827 1119 justitiae
853 1070 959 1107 non
980 1055 1250 1108 viderunt.
1272 1053 1462 1108 Simile
1480 1062 1660 1108 autem
1694 1062 1779 1107 est
1805 1054 1967 1109 illud:

410 1131 651 1190 Tollatur
671 1141 884 1211 impius,
903 1153 959 1196 ut
990 1159 1092 1196 non
1115 1143 1286 1197 uideat
1316 1142 1540 1213 gloriam
1561 1143 1775 1198 Domini
1793 1144 1859 1199 ⁸⁷.

480 1404 566 1460 10.
610 1406 934 1478 Priusquam
976 1408 1320 1480 intelligerent
1379 1412 1544 1480 spinae
1586 1423 1770 1466 vestra
1791 1411 1969 1468 rham-

2086 407 2697 476 Ἐξουδενωθήσονται
2734 408 2877 463 ὡσεὶ
2921 407 3077 477 ὕδωρ
3118 408 3628 477 διαπορευόμενον.

2072 497 2565 571 Εὐκαταφρόνητοι,
2604 500 2786 571 φησὶν,
2816 498 3024 552 ἔσονται
3055 496 3205 552 ὕδατι
3246 498 3631 571 παραπλησίως

2071 589 2449 661 ἐσκεδασμένῳ
2498 591 2591 644 καὶ
2635 589 2912 654 παντελῶς
2958 591 3233 661 ἀχρήστῳ.
3265 589 3516 645 Ἐντενεῖ
3561 588 3630 642 τὸ

2071 678 2250 743 τόξον
2277 679 2460 733 αὐτοῦ
2501 679 2612 746 ἕως
2651 676 2725 736 οὗ
2766 679 3168 746 ἀσθενήσωσι.
3203 679 3365 745 Τόξον
3410 682 3466 733 ἐν
3513 680 3631 732 τοὺ-

2069 785 2183 831 τοις
2212 768 2309 840 τὴν
2340 768 2611 842 ἀπόφασιν
2641 769 2738 842 τὴν
2772 772 2829 823 ἐν
2853 769 2930 841 τῷ
2955 769 3083 840 θείῳ
3114 769 3317 840 βήματι
3349 768 3645 842 γενησομέοχ

2070 877 2169 932 νην
2198 838 2349 932 φῆσί.
2378 842 2461 913 ’Τὸ
2490 838 2568 925 δὲ,
2592 838 2707 928 ἕωςζ
2736 858 2831 927 οὗ,
2860 838 2986 937 ἀντὶ
3019 838 3134 927 τοῦ,
3160 838 3280 924 καὶ,
3308 838 3478 915 κεῖται
3500 878 3512 892 ο
3543 862 3630 915 ἵνα

2069 945 2126 1023 ᾖ,
2160 952 2258 1005 καὶ
2282 951 2985 1019 ἀσθενήσουσιν.Ἐπεσε
3027 952 3093 1005 τὸ
3141 950 3260 1021 πῦρ
3284 951 3376 1004 ἐπ’
3395 952 3627 1018 αὐτοὺς,
3679 946 3689 953 ’

2069 1042 2172 1097 καὶ
2212 1044 2323 1098 οὐκ
2364 1039 2527 1097 εἶδον
2561 1043 2668 1097 τὸν
2694 1042 3309 1115 ἦλιον.Ἐμ6ληθέντες,
3343 1044 3519 1113 φησὶν,
3548 1043 3629 1107 εἰς

2069 1132 2130 1186 τὸ
2173 1133 2284 1207 πῦρ
2331 1134 2392 1188 τὸ
2436 1133 2671 1198 αίὼνιον,
2702 1135 2799 1205 τῆς
2829 1134 3173 1205 δικαιοσύνης
3215 1135 3306 1189 τὸν
3348 1136 3495 1206 ῆλιον
3528 1134 3627 1187 οὐκ

2072 1224 2608 1297 ἐθεάσαντο.⁹⁹ομοιον
2630 1226 2687 1279 δέ
2713 1227 2771 1279 τό
2789 1244 2804 1258 ο
2833 1226 3079 1295 Ἀρθήτω
3101 1230 3133 1282 ό
3153 1226 3396 1295 ἀσεϐὴς,
3425 1228 3520 1281 ἵνα
3536 1228 3626 1298 μὴ

2072 1314 2172 1383 ιδῃ
2204 1315 2319 1384 τὴν
2349 1315 2537 1380 δόξαν
2560 1316 2800 1384 Κυρίου.

2141 1404 2261 1473 Πρὸ
2308 1405 2414 1459 τοῦ
2442 1405 2715 1460 συνιέναι
2749 1406 2856 1472 τὰς
2889 1405 3153 1474 ἀκάνθας
3187 1407 3352 1478 ὑμῶν
3383 1408 3493 1477 τὴν
3520 1408 3629 1478 ῥά-

405 1510 550 1552 num.
593 1497 875 1555 Rhamnus
906 1508 988 1555 est
1035 1504 1256 1570 spinosa
1302 1503 1486 1568 arbor,
1518 1502 1760 1572 loquitur
1782 1511 1965 1557 autem

2103 1511 2240 1549 ινον.
2282 1493 2515 1567 Ῥάμνος
2547 1495 2853 1560 ἀκανθῶδες
2884 1498 3067 1566 φυτόν.
3094 1498 3255 1567 Λέγει
3273 1498 3329 1551 δὲ
3350 1499 3440 1553 τὸν
3467 1498 3632 1555 ἀκάν-

403 1587 470 1641 de
495 1590 679 1656 spinea
704 1605 930 1647 corona.
970 1590 1318 1662 Priusquam,
1347 1593 1443 1654 ait,
1476 1604 1776 1663 augeantur
1804 1593 1971 1664 spinae

2108 1603 2213 1639 ινον
2261 1588 2540 1656 στέφανον,
2574 1589 2730 1660 Πρὶν,
2765 1589 2947 1660 φησὶν,
2983 1589 3210 1661 αὐξῆσαι
3255 1590 3351 1655 τὰς
3399 1591 3632 1656 ἀκάνθας

403 1689 613 1742 vestrae.
646 1680 699 1735 id
743 1690 825 1735 est
861 1690 1084 1751 peccata
1113 1692 1316 1745 vestra,
1340 1693 1395 1738 et
1432 1683 1696 1739 rbamnus
1736 1683 1886 1751 ﬁant,
1913 1684 1966 1739 id

2107 1678 2243 1749 μῶν,
2275 1679 2518 1733 τουτέστι
2553 1680 2653 1743 τάς
2683 1679 2979 1752 ἁμαρτίας,
3006 1681 3101 1735 καὶ
3127 1681 3378 1750 γενέσθαι
3411 1683 3629 1752 ῥάμνον,

401 1779 486 1826 εει
525 1771 866 1828 elilorescant
902 1783 957 1830 et
987 1773 1223 1832 fructum
1268 1774 1476 1840 ierant,
1506 1775 1722 1831 invadet
1758 1791 1855 1833 vos
1888 1777 1969 1832 ira

399 1863 608 1919 divina.
1102 1935 1106 1938 ἠ

477 1955 565 2020 il,
593 1955 674 2009 12.
690 1954 983 2011 Lwtabitur
996 1957 1177 2027 justus
1197 1973 1315 2011 cum
1339 1958 1524 2012 viderit
1546 1958 1854 2013 vindictam.
1874 1957 1973 2013 Iu-

398 2046 494 2113 sti,
521 2046 719 2117 inquit,
736 2062 860 2102 cum
881 2064 912 2103 e
928 2050 1104 2103 medio
1128 2049 1369 2105 sublatos
1388 2050 1664 2119 improbos
1692 2048 1970 2104 damonas

402 2146 649 2207 tempore
674 2138 807 2208 justi
830 2139 1025 2209 judicii
1056 2140 1411 2209 conspicient,
1431 2141 1498 2194 de
1521 2140 1672 2209 justo
1708 2140 1799 2196 Dei
1820 2140 1971 2210 judi-

398 2228 487 2282 cio
534 2229 865 2296 gaudebunt.
920 2228 1059 2295 Quia
1105 2231 1312 2285 scilicet
1351 2229 1557 2283 innoxii
1585 2227 1783 2298 reperti
1821 2237 1967 2292 sunt,

399 2327 560 2386 atque
584 2319 739 2373 liberi
767 2334 799 2373 a
832 2321 1097 2391 supplicio
1125 2336 1222 2391 pro
1261 2331 1438 2376 morte
1490 2319 1801 2389 inﬂigendo.
1835 2317 1971 2374 Illud

397 2412 566 2476 enim,
592 2412 810 2477 levabit,
830 2413 896 2467 de
918 2415 1206 2479 innocente
1227 2414 1623 2483 accipiendum,
1640 2413 1795 2483 juxta
1813 2411 1967 2475 illud.

398 2497 608 2555 Lavabo
648 2503 786 2556 inter
836 2505 1132 2558 innocentes
1175 2520 1361 2558 manus
1414 2520 1554 2558 meas
1570 2503 1637 2558 "'.
1674 2500 1862 2573 Utique
1890 2510 1968 2557 est

399 2591 540 2644 Deus
575 2590 827 2661 judicans
863 2610 950 2647 eos
978 2595 1221 2649 interra.
1252 2594 1388 2650 Illud
1433 2596 1612 2666 utique
1653 2609 1751 2664 pro
1791 2609 1970 2648 revera

398 2683 636 2752 positum
660 2694 763 2739 est.
797 2684 998 2755 Utique
1027 2695 1111 2742 est
1139 2687 1280 2742 Deus
1316 2687 1573 2757 judicans
1618 2700 1733 2742 eos.
1780 2684 1963 2740 Conﬁ-

399 2779 602 2840 tentur,
637 2788 763 2829 vere
787 2773 999 2844 justum
1029 2790 1152 2832 esse
1170 2776 1439 2847 judicium
1460 2776 1558 2832 Dei
1578 2775 1637 2831 in
1657 2790 1753 2832 eos
1775 2775 1966 2831 latum.

2069 1770 2190 1823 ἀντὶ
2217 1769 2312 1823 τοῦ
2352 1769 2639 1841 ἐξανθῆσαι
2670 1772 2762 1826 καὶ
2790 1776 3228 1846 καρποφορῆσαι,
3257 1774 3634 1846 μετελεύσεται

2069 1860 2214 1932 apag
2250 1863 2282 1933 ἡ
2317 1860 2434 1914 θεία
2467 1861 2625 1933 ὀργή.

2136 1952 2628 2022 Εὐφρανθήσεται
2676 1952 2925 2022 δίκαιος,
2975 1953 3120 2009 ὅταν
3161 1954 3258 2026 ιδῃ
3304 1955 3633 2023 ἐκδίκησιν.

2069 2044 2131 2097 υἱ
2162 2044 2381 2109 δίκαιοι,
2417 2045 2601 2117 φησὶν,
2635 2047 2699 2099 ἐκ
2729 2046 2892 2118 μέσου
2919 2047 3269 2117 γιγνομένους
3294 2047 3419 2111 τοὺς
3447 2047 3637 2120 ἀλιτη-

2073 2134 2217 2204 ρίους
2244 2133 2502 2206 θεώμενοι
2533 2134 2787 2207 δαίμονας
2823 2138 2962 2191 κατὰ
3000 2138 3091 2191 τὸν
3121 2138 3219 2209 τῆς
3246 2137 3635 2210 δικαιοκρισίας

2070 2225 2278 2296 καιρὸν,
2309 2226 2401 2278 ἐπὶ
2444 2225 2520 2297 τῷ
2559 2226 2748 2299 δικαίῳ
2791 2228 3019 2299 κρίματι
3048 2229 3141 2283 τοῦ
3168 2229 3301 2284 Θεοῦ
3330 2229 3637 2303 εὐφρανθή-

2071 2332 2282 2370 σονταιο
2322 2317 2416 2371 ἅτε
2457 2316 2521 2389 δὴ
2566 2317 2733 2372 άθῶοι
2781 2320 2932 2374 αὐτοὶ
2977 2320 3287 2392 εὑρεθέντες
3315 2322 3413 2392 τῆς
3441 2321 3530 2374 ἐπὶ
3552 2319 3637 2391 τῷ

2069 2404 2283 2479 θανάτῳ
2324 2407 2615 2474 κολάσεως.
2646 2409 2719 2462 Τὸ
2742 2410 2872 2482 γὰρ,
2900 2412 3158 2480 νίφεται,
3190 2412 3282 2465 ἐπὶ
3323 2409 3418 2464 τοῦ
3458 2409 3635 2464 ἀθώου

2067 2495 2297 2570 ληπτέον
2329 2497 2467 2552 κατὰ
2497 2498 2587 2552 τόο
2616 2501 2872 2570 Νίψομαι
2921 2500 2991 2555 ὲν
3038 2500 3249 2568 ἀθώοις
3282 2501 3390 2568 τὰς
3434 2501 3639 2572 χεῷἀς
3674 2572 3681 2577 _

2061 2605 2199 2658 μου.
2212 2591 2349 2658 Ἄρα
2387 2591 2561 2645 ἐστὶν
2591 2594 2625 2645 ὁ
2654 2592 2796 2658 Θεὸς
2832 2593 3051 2660 κρίνων
3075 2590 3295 2659 αὐτοὺς
3324 2592 3393 2646 ἐν
3421 2591 3495 2661 τῇ
3532 2591 3634 2661 τῇ.

2069 2673 2162 2740 Τὸ,
2186 2676 2319 2746 ἄρα,
2347 2681 2466 2733 ἀντὶ
2490 2678 2607 2745 τοῦ,
2628 2679 2834 2747 ὄντως,
2858 2681 3264 2755 τέθειται.¹Ἀρα
3285 2684 3431 2737 ἐστὶν
3451 2684 3479 2737 ὁ
3500 2682 3642 2748 Θεὸς

2069 2768 2269 2840 κρίνων
2315 2770 2529 2835 αὐτούς.
2558 2771 2925 2843 Ὀμολογοῦσι,
2972 2774 3155 2844 φησιν,
3205 2771 3371 2838 ὅντως
3420 2772 3637 2827 δικαίαν

2070 2859 2333 2933 ὑπάρχειν
2386 2862 2485 2935 τὴν
2535 2864 2620 2917 ἐπ’
2650 2863 2828 2917 αὐτῶν
2889 2862 3255 2935 ἐξενεχθεῖσαν
3302 2865 3480 2936 κρίσιν
3532 2863 3633 2917 τοῦ

2069 2950 2226 3007 Θεοῦ.

399 3043 452 3096 Ι.
483 3041 551 3097 1η
590 3038 768 3115 ﬁnem,
809 3063 872 3101 ne
915 3048 1214 3120 disperdas,
1242 3048 1458 3118 Dauidi,
1489 3053 1544 3108 in
1583 3056 1728 3112 tituli
1780 3059 1970 3115 inscri-

2103 3045 2179 3110 ῖίς
2218 3043 2284 3097 τὸ
2310 3045 2500 3111 τέλος,
2532 3046 2618 3116 μὴ
2650 3046 3009 3115 διαφθείρῃς,
3036 3040 3116 3112 τῷ
3139 3044 3336 3109 Δαυτδ,
3362 3047 3448 3112 εὶς
3485 3059 3640 3113 στη-

464 3135 713 3203 ptionem,
735 3135 945 3205 quando
970 3139 1114 3192 misit
1164 3139 1320 3208 Saul,
1350 3147 1401 3196 et
1439 3148 1719 3202 custodiuit
1760 3149 1975 3206 domum

460 3223 596 3293 ejus,
620 3232 680 3278 ut
704 3242 823 3280 eum
846 3228 1177 3297 interﬁceret.

919 3309 1158 3366 PSALM
1171 3312 1259 3370 US
1292 3314 1516 3374 LVIII.

992 3406 1394 3475 Argumentum.

395 3483 589 3543 Livore
613 3487 669 3544 in
701 3488 957 3548 Davidem
991 3494 1188 3552 ductus
1230 3496 1382 3564 Saul,
1428 3500 1643 3557 etiamsi
1686 3501 1962 3560 beneficus

469 3578 573 3633 sibi
615 3591 749 3647 erat,
776 3585 1057 3654 quaerebat
1091 3586 1395 3645 interﬁcere
1419 3606 1564 3657 eum,
1597 3593 1757 3648 modo
1786 3594 1971 3664 ejacu-

467 3669 588 3726 lans
614 3671 667 3726 in
690 3689 814 3728 eum
847 3677 1058 3731 hastam
1083 3678 1147 3745 ’⁸,
1165 3680 1328 3735 modo
1351 3682 1609 3739 obsidens
1638 3686 1691 3738 in
1721 3684 1965 3740 domo".

470 3759 724 3817 Refertur
756 3775 937 3821 autem
967 3768 1036 3823 ad
1070 3785 1360 3839 personam
1393 3772 1727 3842 Salvatoris,
1757 3778 1849 3846 qui
1881 3777 1966 3831 in-

461 3860 678 3919 gratum
702 3852 955 3909 lsraelem
979 3856 1257 3914 beneficiis
1278 3859 1477 3928 affecit,
1501 3863 1657 3932 cujus
1678 3878 1969 3932 personam

465 3936 675 3996 ferebat
720 3942 873 4011 Saul,
914 3945 1128 4002 insidiis
1176 3956 1357 4004 autem
1411 3951 1531 4021 ejus
1564 3954 1838 4023 appetitus
1863 3967 1964 4010 est.

465 4028 800 4088 Pramuntiat
820 4048 1038 4105 quoque
1062 4038 1309 4093 omnium
1333 4041 1575 4109 gentium
1599 4044 1963 4112 vocationem,

460 4121 632 4192 ejeeto
656 4125 903 4181 videlicet
925 4128 996 4181 ob
1025 4128 1356 4198 impietatem
1386 4129 1606 4200 lsraele,
1633 4133 1702 4189 ab
1725 4149 1791 4190 eo
1815 4136 1963 4206 quod

463 4212 760 4269 secundum
787 4213 955 4269 Deum
981 4225 1063 4269 est
1089 4216 1214 4271 vita:
1240 4217 1508 4272 instituto.
1542 4242 1551 4255 κ

459 4298 516 4357 2.
555 4298 713 4376 Eripe
756 4321 837 4360 me
877 4308 940 4360 de
976 4307 1207 4362 inimicis
1242 4310 1391 4375 meis,
1421 4306 1559 4364 Deus
1595 4322 1756 4365 meus.
1790 4308 1963 4383 ﬁngat

396 4395 467 4449 ab
489 4396 726 4453 inimicis
746 4412 871 4452 cum
898 4396 1251 4455 sensibilibus
1272 4407 1385 4454 tum
1408 4398 1783 4471 spiritualibus
1804 4402 1960 4475 eripi.

390 4482 483 4543 isti
511 4488 657 4541 enim
689 4489 874 4559 iniqua
902 4500 1128 4559 agentes
1155 4490 1473 4547 invidebant
1497 4491 1617 4563 ipsi.

460 4673 515 4729 5.
553 4666 734 4743 Neque
770 4675 1025 4745 iniquitas
1067 4692 1205 4744 inea,
1248 4694 1410 4749 neque
1453 4688 1724 4751 peccatum
1763 4690 1957 4746 meum,

393 4764 633 4820 Domine.
662 4761 851 4819 Simile
883 4766 960 4819 illi
986 4776 1106 4821 est:
1142 4769 1282 4833 Quia
1320 4771 1655 4841 iniquitatem
1682 4787 1781 4826 non
1807 4770 1955 4839 fecit,

391 4874 552 4929 neque
581 4859 817 4912 inventus
847 4868 924 4911 est
951 4858 1104 4912 dolus
1134 4861 1190 4913 in
1218 4877 1305 4914 ore
1331 4862 1443 4933 ejus
1464 4864 1533 4919 ⁹¹.

467 4950 521 5005 6.
548 4950 765 5004 Intende
794 4950 863 5004 ad
891 4951 1180 5006 visitandas
1207 4968 1382 5006 omnes
1415 4964 1605 5024 gentes.
1630 4954 1805 5028 Rogat
1830 4972 1957 5012 con-

390 5042 525 5098 verti
557 5042 625 5096 ad
653 5042 859 5097 Christi
904 5042 1060 5097 iidem
1102 5044 1437 5110 idololatras,
1465 5059 1519 5100 et
1547 5047 1668 5116 ejici
1699 5047 1952 5105 lsraelem

391 5133 465 5187 ob
507 5133 851 5203 iniquitatem
894 5148 1074 5189 suam.
1114 5133 1197 5188 Ne
1236 5136 1534 5190 miserearis
1578 5138 1816 5192 omnibus
1862 5141 1953 5209 qui

390 5232 674 5290 operantur
728 5222 1078 5292 iniquitatem.
1127 5220 1504 5278 Convertentur
1544 5227 1613 5278 ar!
1663 5241 1947 5296 vesperam.

389 5312 627 5366 Causam
655 5311 787 5367 dicit
817 5328 917 5367 cur
948 5323 1197 5383 precetur
1226 5323 1285 5368 ut
1313 5330 1418 5369 non
1466 5316 1826 5371 misereantur
1849 5317 1949 5376 eis.

389 5400 570 5459 Causa
597 5415 726 5456 vero
753 5411 837 5458 est
866 5405 994 5474 quia
1032 5406 1494 5475 conspirationem
1532 5406 1794 5463 adversus
1827 5406 1951 5464 Sal-

2148 3137 2496 3206 λογραερίαν,
2538 3139 2717 3192 ὁπότε
2756 3138 3072 3192 ἀπέστειλε
3111 3136 3328 3198 Σαοὺλ,
3354 3136 3450 3190 καὶ
3486 3137 3641 3205 ἐφύ-

2144 3226 2293 3293 λαξε
2333 3227 2439 3283 τὸν
2468 3224 2637 3284 οἷκον
2673 3229 2879 3295 αὐτοῦ,
2918 3228 3024 3283 τοῦ
3058 3226 3391 3283 θανατῶσαι
3426 3227 3640 3284 αὐτόν.

2645 3321 2857 3374 ΨΑΛΜ
2861 3321 2951 3373 ΟΣ
2973 3320 3112 3373 NH'.

2512 3445 2520 3458 ,
2694 3408 3017 3474 Ὑπόθεσις.

2071 3498 2441 3571 Διαφθονήσας
2471 3517 2548 3571 τῳ
2577 3499 2735 3554 Δαυῒδ
2756 3502 2786 3554 ό
2810 3500 2999 3565 Σαοὺλ,
3031 3499 3205 3554 καίτοι
3230 3499 3525 3573 εὐεργέτην
3544 3498 3643 3555 δν-

2140 3609 2227 3659 τα,
2244 3592 2423 3665 ἐζήτει
2448 3593 2785 3658 ἀποκτεῖναι,
2820 3592 2947 3647 ποτὲ
2979 3592 3076 3663 μὲν
3103 3591 3397 3656 ἀκοντίζων
3420 3593 3481 3645 τὸ
3504 3592 3641 3664 δόρυ

2139 3688 2261 3741 κατ’
2287 3684 2473 3752 αὐτοῦ,
2504 3685 2635 3740 ποτὲ
2655 3684 2713 3738 δὲ
2737 3685 2795 3737 ὲν
2814 3682 2891 3754 τῷ
2915 3683 3046 3753 οἴκῳ
3067 3681 3431 3754 ἐκπολιορκῶν
3446 3683 3638 3739 αὐτόν.

2153 3776 2502 3849 Ἀναφέρεται
2546 3776 2605 3828 δέ
2651 3776 2730 3839 είς
2780 3774 3065 3846 πρόσωπον
3108 3771 3199 3827 τοῦ
3235 3772 3503 3845 Σωτῆρος,
3538 3771 3642 3826 τοῦ

2136 3866 2548 3939 εὐεργετοῦντος
2584 3865 2681 3936 μὲν
2720 3863 2810 3917 τὸν
2837 3865 3127 3936 ἀχάριστον
3166 3861 3399 3936 Ἰσραὴλ,
3432 3858 3493 3918 οὗ
3540 3863 3646 3918 καὶ

2136 3960 2425 4032 πρόσωπον
2447 3953 2593 4029 εἶχεν
2619 3958 2648 4010 ὁ
2672 3955 2865 4019 Σαοὺλ,
2899 3954 3376 4027 ἐπιϐουλευομένου
3408 3955 3466 4008 δὲ
3499 3955 3642 4027 παρ’

2139 4049 2320 4105 αὐτοῦ.
2348 4048 2769 4119 Εὑαγγελίζεται
2799 4045 2857 4100 δὲ
2889 4046 2981 4100 καὶ
3009 4045 3106 4117 τὴν
3133 4044 3241 4099 τῶν
3272 4044 3442 4098 ἐθνῶν
3467 4042 3649 4098 ἁπάν-

2134 4156 2241 4193 των
2271 4138 2481 4211 κλῆσιν,
2514 4136 2911 4209 ἐκόαλλομένου
2939 4133 3176 4206 δηλονότι
3202 4133 3289 4188 διὰ
3312 4132 3409 4205 τὴν
3436 4130 3642 4186 δυσσέ-

2134 4228 2284 4301 6ειαν
2307 4230 2404 4301 τῆς
2436 4229 2577 4285 κατὰ
2601 4229 2733 4283 Θεὸν
2766 4227 3036 4292 πολιτείας
3058 4226 3151 4281 τοῦ
3181 4226 3416 4297 Ἰσραήλ.

2146 4317 2385 4383 Ἐεέλου
2411 4336 2488 4390 με
2514 4321 2583 4373 ἐκ
2616 4319 2732 4373 τῶν
2752 4315 2980 4388 ἐχθρῶν
3010 4333 3148 4387 μου,
3179 4318 3213 4370 ό
3255 4314 3416 4381 Θεός.
3456 4309 3644 4383 Εὔχε-

2064 4426 2153 4465 ται
2181 4409 2455 4482 αἰσθητῶν
2497 4427 2557 4463 τε
2597 4409 2693 4463 καὶ
2742 4407 2947 4479 νοητῶν
2996 4405 3369 4476 ἀπαλλαγῆναι
3397 4401 3644 4473 ἐχθρῶν.

2065 4494 2223 4556 Οὗτοι
2264 4500 2374 4573 γὰρ
2400 4501 2463 4574 δὴ
2503 4500 2680 4573 ἄνομα
2712 4498 3074 4571 πραττόμενοι
3102 4496 3355 4566 ἐφθόνουν
3389 4494 3507 4548 κατ’
3536 4493 3648 4547 αὐ-

2059 4611 2153 4647 του
2161 4635 2175 4650 .

2134 4684 2282 4738 οὔτε
2301 4684 2340 4752 ἡ
2356 4683 2571 4752 ἀνομία
2591 4698 2733 4751 μου,
2757 4679 2895 4735 οὔτε
2920 4679 2959 4745 ἠ
2986 4678 3238 4748 ἁμαρτία
3262 4696 3403 4749 μου,
3426 4680 3641 4748 Κύριε.

2062 4770 2284 4841 Ὅμοιον
2298 4769 2377 4840 τῷ
2398 4786 2412 4800 ·
2433 4770 2552 4822 Ὅτι
2578 4769 2835 4838 ἀνομίαν
2852 4769 2962 4823 οὐκ
2976 4768 3281 4835 ἐποίησεν,
3303 4767 3444 4822 οὐδὲ
3470 4768 3641 4837 εὐρέι

2059 4860 2133 4926 θη
2170 4858 2350 4923 δόλος
2376 4860 2446 4912 ἐν
2470 4857 2551 4924 τῷ
2579 4860 2828 4927 στόματι
2859 4859 3063 4914 αὑτοῦ.

2131 4949 2399 5019 Πρόσχες
2451 4949 2558 5004 τοῦ
2605 4947 3046 5018 ἐπισκέψασθαι
3092 4948 3288 5004 πάντα
3334 4950 3405 5003 τὰ
3456 4949 3637 5017 ἔθνη.

2057 5039 2287 5111 Εῦχεται
2336 5039 2671 5111 ἐπιστροφὴν
2714 5040 2966 5109 γενέσθαι
3010 5042 3101 5095 ἐπὶ
3148 5042 3246 5113 τὴν
3284 5044 3364 5106 είς
3389 5042 3641 5111 Χριστὸν

2056 5132 2238 5186 πίστιν
2255 5131 2360 5184 τῶν
2376 5132 2793 5201 εἰδωλολατρῶν,
2817 5132 3085 5203 ἀποϐολὴν
3111 5133 3167 5186 δὲ
3190 5132 3281 5186 τοῦ
3298 5133 3518 5205 Ἰσραὴλ
3542 5133 3640 5188 διὰ

2054 5221 2154 5294 τὴν
2189 5221 2414 5292 ἀνομίαν
2452 5223 2651 5276 αὐτῶν.
2684 5222 2781 5291 Μὴ
2820 5222 3193 5291 οίκτειρήσῃς
3222 5223 3452 5290 πάντας
3483 5224 3640 5291 τοὺς

2049 5311 2474 5384 ἐργαζομένους
2515 5315 2632 5381 τὴν
2671 5315 2943 5386 ἀνομίαν.
3000 5313 3494 5385 Ἑπιστρέερουσιν
3539 5317 3640 5380 εις

2051 5403 2337 5475 ἑσπέραν.
2384 5405 2495 5477 Τὴν
2540 5406 2719 5460 αἰτίαν
2756 5408 2889 5477 φησὶ
2928 5404 2994 5460 δι’
3035 5402 3105 5480 ἧς
3153 5405 3228 5478 μὴ
3259 5403 3636 5479 οἰκτείρεσθαι

461 5581 509 5615 ’τ
540 5579 647 5639 Isa.
678 5596 829 5651 ιινι,
854 5580 921 5636 i0
951 5579 1241 5639 scc.LXX.
1320 5581 1517 5639 "Psal.
1548 5598 1674 5649 xxv,
1706 5584 1760 5640 6.
1836 5580 2075 5658 "lReg.
2101 5600 2216 5651 xu,
2250 5583 2337 5639 i0.
2412 5584 2459 5619 '°
2492 5584 2616 5640 ibid.
2652 5583 2735 5648 l5.
2767 5582 2853 5639 i6.
2926 5584 2970 5618 "
2999 5583 3017 5638 l
3048 5582 3192 5641 Petr.
3229 5597 3288 5652 ιι,
3312 5584 3405 5645 22.
