3786 6278
136 330 230 389 εεδ

1254 325 1615 384 EXPOSITIO
1654 325 1720 382 IN
1758 325 2088 386 PSALMUM
2128 329 2309 387 LVIII.

3281 334 3392 396 286

136 448 322 510 αὐτοὺς
347 443 590 516 ηὔξατο.
625 443 691 498 Ἥ
723 443 872 499 αἰτία
900 444 981 507 δὲ,
1009 443 1093 497 δτι
1125 444 1429 516 συστροφὴν
1455 440 1596 496 κατὰ
1623 440 1717 494 τοῦ

1857 451 2061 497 atorem
2085 439 2280 498 facturi
2303 449 2479 508 erant,
2502 456 2613 514 quo
2636 450 2879 514 tempore
2904 444 2992 500 illa
3015 444 3069 501 in
3094 448 3395 507 novissimo

135 540 381 604 Σωτῆρος
428 535 763 605 ποιήσονται
802 532 946 588 κατὰ
982 535 1072 589 τὸν
1115 534 1307 605 καιρὸν
1340 537 1566 599 ἐκεῖνον,
1602 533 1724 588 καθ’

132 631 182 681 ἐν
226 627 318 679 ἐπ’
377 627 628 697 ἐσχάτου
672 626 781 681 τῶν
808 625 1033 698 ἡμερῶν
1081 627 1393 697 ἐπεδήμησε
1425 625 1502 696 τῷ
1536 625 1725 696 κόσμῳ

136 719 259 788 μετά
294 718 544 789 σαρκός.
575 718 687 772 Kal
714 716 1081 788 λιμώξουσιν
1105 718 1185 783 ὠς
1212 719 1399 772 κύων·
1429 716 1726 788 λιμώξουσι

136 812 223 879 μὲν
261 808 362 862 διὰ
396 809 466 861 τὸ
521 809 599 879 μὴ
634 808 888 874 δέξασθαι
922 809 1117 872 αὐτοὺς
1147 808 1237 861 τὸν
1266 807 1428 879 ἄρτον
1472 808 1562 861 τὸν
1594 808 1727 873 ζωο-

134 901 274 955 ποιόν
295 919 312 930 ·
346 900 540 963 κύνας
579 899 639 953 δὲ
665 899 862 963 αὐτοὺς
889 900 979 953 διὰ
1023 900 1083 953 τὸ
1122 900 1335 963 ἀναιδὲς
1369 898 1725 970 κατονομάζει

133 995 216 1063 vi;
234 991 456 1062 ψυχῆς.
496 990 577 1044 Τδ
614 990 671 1044 δέ
690 1005 705 1021 ⁸
733 991 1132 1046 Κυκλώσουσι
1163 991 1363 1054 πόλιν,
1404 992 1486 1044 ὅτι
1516 990 1602 1062 δὴ,
1630 991 1726 1044 ὲκ-

134 1084 392 1146 ςεσόντες
438 1082 555 1152 τῆς
602 1082 860 1154 πατρίδος
891 1082 1077 1153 νόμοις
1118 1099 1178 1136 τε
1223 1081 1520 1153 βασιλικοῖς
1545 1082 1725 1152 εἰργό-

136 1190 273 1243 μενοι
332 1172 563 1242 αὐτῆς,
620 1170 816 1237 ἔξωθεν
869 1169 1053 1242 κύκλῳ
1108 1170 1520 1243 περιέρχονται,
1576 1170 1729 1242 μόλις

135 1263 409 1336 μακρόθεν
442 1264 620 1317 ποθὲν
650 1262 817 1335 αὐτὴν
846 1262 1130 1335 θεώμενοι.

200 1349 356 1405 Ἰδοὺ
389 1351 581 1405 αὐτοὶ
613 1349 1089 1422 ἁποφθέγξονται
1120 1350 1191 1405 ἐν
1229 1350 1310 1417 τῷ
1343 1352 1590 1421 στόματι
1619 1352 1720 1405 αὺ-

134 1442 256 1495 τῦγ.
298 1443 467 1495 ’Δντὶ
519 1440 642 1508 τοῦ,
678 1442 1153 1514 βλασφημήσουσι.
1200 1442 1312 1497 Καὶ
1348 1442 1615 1513 ῥομφαία
1659 1443 1731 1495 ἐν

133 1535 245 1612 τοῖς
271 1536 577 1603 χείλεσιν
610 1533 827 1589 αὐτῶν.
862 1534 956 1588 Τόο
990 1530 1149 1603 Αἶρε,
1182 1529 1312 1603 αἷρε
1330 1573 1345 1598 ,
1374 1535 1729 1602 σταύρωσον

132 1629 329 1681 αὐτόν.
358 1627 488 1681 Kal
516 1626 626 1692 σὺ,
655 1628 853 1696 Κύριε,
890 1626 1191 1698 ἐκγελάσῃ
1219 1626 1721 1695 αὐτούς-,υἘϐλασο

134 1721 375 1791 φήμουν,
415 1718 593 1789 φησὶ,
633 1718 727 1771 καὶ
762 1718 869 1789 μὴν
899 1719 992 1772 καὶ
1034 1718 1195 1791 μέχρι
1230 1718 1465 1792 σταυροῦ
1497 1716 1728 1772 ἐπεϐού-

1827 532 2037 587 dierum
2068 534 2123 588 in
2158 534 2422 589 mundum
2454 549 2580 592 cum
2616 549 2782 591 carne
2830 536 3069 593 advenit.
3098 536 3169 592 Et
3200 539 3396 609 famem

1822 624 2093 693 patientur
2134 634 2193 678 ut
2222 626 2405 686 canis;
2434 623 2631 679 famem
2685 625 2905 696 quidem
2940 628 3215 697 patientur
3248 632 3392 701 quod

1823 729 2017 784 panem
2045 716 2321 770 viviﬁcum
2368 730 2476 770 non
2507 717 2793 786 accepturi
2843 718 2985 785 sint,
3015 735 3179 776 canes
3212 730 3392 776 autem

1826 816 1983 863 vocat
2003 808 2125 864 illos
2145 809 2215 864 ob
2237 809 2626 880 impudentiam
2649 810 2837 865 animi.
2868 810 3000 867 Illud
3023 823 3203 868 autem
3227 830 3242 869 :
3272 812 3396 870 Cir-

1826 898 2042 953 cuibunt
2063 900 2359 964 civitatem,
2392 899 2521 970 quia
2554 899 2763 955 scilicet
2794 902 2970 972 patria
3007 901 3165 971 lapsi,
3198 912 3254 957 et
3288 903 3396 957 im-

1826 990 2099 1058 peratorio
2124 989 2345 1046 decreto
2397 989 2518 1061 ejus
2567 1004 2793 1046 accessu
2834 992 3092 1062 prohibiti
3132 991 3269 1067 (2i),
3299 1009 3397 1049 ex-

1826 1081 2097 1139 trinsecus
2142 1082 2506 1149 circumeunt,
2542 1083 2743 1153 vixque
2785 1086 2974 1154 procul
3010 1100 3133 1139 eam
3178 1086 3399 1155 conspi-

1827 1192 1950 1233 cere
1974 1186 2222 1248 possunt.

1906 1356 1960 1418 8.
1977 1357 2030 1412 9.
2061 1355 2195 1410 Ecce
2210 1357 2490 1427 loquentur
2520 1357 2577 1410 in
2599 1372 2693 1411 ore
2718 1372 2836 1412 suo.
2858 1354 3029 1423 Quasi
3057 1358 3222 1426 dicat,
3250 1358 3400 1415 blas-

1827 1448 2184 1519 phemabunt.
2235 1447 2306 1503 Et
2349 1448 2643 1519 gladius-in
2675 1446 2831 1503 labiis
2857 1465 3057 1503 eorum.
3089 1447 3223 1505 lllnd
3251 1451 3401 1506 scili-

1828 1548 1914 1596 cet
1941 1558 1957 1597 :
1984 1538 2152 1605 Tolle,
2189 1540 2333 1608 tolle,
2368 1541 2617 1612 cruci/iga
2661 1556 2779 1595 eum
2825 1542 2895 1596 ".
2927 1542 2995 1596 Et
3033 1553 3111 1603 tu,
3155 1541 3399 1606 Domine,

1828 1628 2091 1687 deridebis
2129 1646 2237 1685 eos.
2277 1629 2779 1701 Blaspliemabant,
2813 1630 3014 1701 inquit,
3043 1642 3096 1685 et
3130 1645 3307 1700 usque
3334 1630 3403 1686 ad

1828 1737 2050 1779 crucem
2102 1722 2374 1789 parabant
2426 1722 2675 1787 insidias,
2721 1722 2985 1788 dicentes,
3028 1738 3133 1778 non
3180 1723 3403 1791 conspi-

131 1812 317 1866 ἱευοιν
364 1811 660 1880 λέγοντες,
704 1810 781 1874 ὡς
821 1810 921 1864 οὐκ
946 1809 1132 1879 ὄψεται
1172 1813 1202 1864 ὁ
1224 1809 1358 1874 Θεὸς
1385 1810 1512 1874 τοὺς
1536 1810 1727 1879 λόγους

1857 1814 2018 1870 ienaa
2063 1828 2096 1868 a
2124 1813 2236 1869 Deo
2288 1812 2406 1869 fore
2430 1813 2597 1869 verba
2648 1822 2704 1868 et
2750 1827 2928 1888 opera,
2962 1814 3231 1883 ipsorum.
3277 1813 3403 1868 -Sed

130 1904 211 1957 mi
240 1904 350 1967 τὰς
388 1901 640 1974 πράξεις
682 1900 881 1957 αὺτῶνζ
929 1902 1067 1956 Ἀλλ’
1102 1903 1152 1955 εί
1197 1902 1490 1957 καὶταῦτα
1522 1902 1726 1973 διενοή-

131 1997 311 2068 θησαν.
346 1996 453 2060 σὺ,
487 1992 692 2065 Κύριε,
735 1993 889 2065 φησὶ,
926 1995 1363 2064 καταγελάστους
1391 1995 1588 2057 αὐτοὺς
1617 2012 1724 2050 πα-

132 2088 503 2159 ρασκευάσεις
536 2086 882 2154 ἐγγενέσθαι.
917 2086 1145 2141 Ἐκεῖνοι
1174 2086 1274 2158 μὲν
1294 2081 1388 2140 οὖν
1411 2088 1591 2143 ἐκεῖνα
1617 2087 1729 2141 τολ-

131 2179 284 2250 μῶσι,
311 2178 405 2235 ,σὺ
444 2177 507 2231 δὲ
539 2176 638 2231 καὶ
661 2177 900 2244 ἀκούεις,
928 2178 1022 2232 καὶ
1051 2178 1288 2250 βλέπεις,
1327 2179 1422 2233 καὶ
1440 2179 1603 2251 γελᾷς
1631 2180 1729 2233 αὑ-

130 2270 223 2324 τῶν
245 2270 353 2342 τὴν
386 2269 646 2340 ματαίαν
671 2269 889 2340 μανίαν.
934 2269 1394 2337 Ἐξουδενώσεις
1422 2271 1619 2325 πάντα
1656 2271 1730 2325 τὰ

130 2363 282 2433 ἔθνη.
338 2362 440 2416 Τὰ
488 2361 668 2433 νοητὰ
714 2362 986 2433 δηλονότι,
1029 2363 1100 2418 τὰ
1143 2364 1238 2418 καὶ
1273 2364 1470 2428 αὐτοὺς
1517 2365 1595 2428 εἰς
1636 2362 1730 2419 τὸν

130 2455 259 2509 ιατὰ
303 2455 418 2510 τοῦ
470 2455 689 2527 Κυρίου
741 2455 1027 2528 ἐγείραντα
1069 2456 1322 2527 πόλεμον.
1380 2458 1528 2510 Ἀνω
1572 2452 1728 2510 εἶπε*

129 2549 406 2619 Πρόσχες
451 2546 572 2602 τοῦ
609 2548 1057 2618 ἐπισκέψασθαι
1090 2548 1286 2604 πάντα
1319 2550 1392 2604 τὰ
1435 2551 1582 2620 ἔθνη
1602 2568 1614 2580 ·
1647 2551 1732 2604 ὲν-

130 2639 327 2693 ταῦθα·
372 2637 864 2706 Ἐξουδενώσεις
910 2638 1106 2693 πάντα
1151 2640 1224 2694 τὰ
1253 2639 1416 2708 ἕθνηο
1454 2639 1621 2712 πολλῇ
1664 2639 1730 2694 δι’

129 2731 238 2785 ὅλου
281 2734 357 2804 τῇ
407 2731 577 2796 τάξει
621 2729 716 2784 τοῦ
746 2732 904 2800 λόγου
930 2732 1025 2787 καί
1057 2732 1145 2785 διὰ
1183 2733 1291 2786 τῶν
1319 2734 1376 2786 ὲν
1415 2733 1563 2805 μέσῳ
1599 2751 1732 2806 χρη-

132 2824 390 2894 σάμενος.
429 2823 670 2886 Δεικνὺς
704 2822 812 2893 γὰρ
833 2862 848 2887 ,
874 2823 953 2876 ὅτι
985 2822 1059 2895 μὴ
1084 2823 1271 2887 ἁπλῶς
1301 2826 1442 2878 αἰτεῖ
1475 2825 1572 2897 τὴν
1609 2828 1730 2879 κατ’

130 2919 303 2973 αὐτῶν
361 2915 692 2989 τιμωρίανξ,
744 2916 1010 2989 πρότερον
1055 2917 1257 2990 ᾔτησεν
1299 2918 1505 2973 ἐπιδεῖν
1550 2936 1609 2972 τε
1640 2919 1731 2973 τὸν

130 3010 253 3064 Θεὸν
298 3010 406 3063 θοαὶ
438 3008 705 3073 ἐξετάσαι
733 3007 803 3061 τὰ
834 3008 1148 3080 γιγνόμενα’
1183 3004 1301 3063 εἶτα
1328 3009 1622 3083 διηγήσατο
1647 3006 1733 3064 οἷα

132 3087 497 3172 τρῗάττουσιν,
544 3099 667 3153 οὐδὲ
696 3095 834 3155 εἷναί
861 3117 982 3155 τινα
1008 3100 1100 3154 τὸν
1132 3100 1463 3173 προνοοῦντα
1489 3102 1733 3173 νομίζον-

131 3212 231 3258 πς.
261 3196 384 3249 Καὶ
427 3192 564 3246 τότε
601 3192 703 3262 τὴν
730 3192 1000 3265 τιμωρίαν
1029 3193 1325 3264 ἐπήγαγεν,
1355 3192 1514 3247 τοῦτο
1537 3194 1731 3263 λέγων,

130 3289 235 3341 r'rtv
271 3286 411 3341 Ἐπὶ
437 3284 661 3348 τούτοις
683 3283 847 3350 ἀξίως
862 3284 1056 3348 αὐτοὺς
1070 3284 1336 3347 κολάσεις,
1369 3286 1463 3339 καὶ
1492 3289 1559 3357 τῇ
1587 3285 1736 3359 παρὰ

136 3380 220 3433 σοῦ
248 3379 519 3451 τιμωρίᾳ
554 3378 619 3431 τὸ
659 3377 824 3449 μηδὲν
851 3376 1170 3447 ἀποφανεῖς.

203 3475 273 3528 π
302 3472 547 3542 κράτος
570 3487 691 3540 μου
734 3469 885 3539 πρὸς
914 3468 989 3522 σὲ
1028 3469 1299 3539 φυλάξω.
1343 3470 1570 3523 Ἐκεῖνοι
1614 3470 1732 3541 μὲν,

136 3568 286 3637 mai,
318 3565 398 3618 τά
445 3561 682 3616 τοιαῦτα
727 3560 1152 3633 δεδυσσεὸήκασι
1198 3560 1336 3615 κατὰ
1379 3560 1495 3626 σοῦ,
1540 3560 1651 3631 ἐγὼ
1678 3561 1735 3614 δὲ

136 3660 164 3711 ὁ
190 3658 501 3730 προφήτης
531 3655 561 3707 ὁ
602 3654 775 3708 ταῦτα
805 3653 997 3722 λέγων,
1025 3653 1103 3724 τῷ
1147 3653 1414 3725 πνεύματι
1444 3653 1542 3724 τὴν
1585 3653 1736 3724 ἰσχύν

143 3767 238 3820 μου
267 3751 374 3802 καὶ
404 3749 514 3818 τὴν
544 3746 822 3818 βασιλείαν
856 3762 957 3816 μου
997 3744 1085 3798 διὰ
1118 3745 1210 3799 σοῦ
1252 3744 1735 3817 φυλαχθησομένην

139 3842 260 3909 ῑξω·
292 3843 383 3895 ὅτι
406 3840 479 3911 δὴ
505 3840 601 3893 καὶ
632 3836 1025 3892 συναντελάόου
1067 3824 1199 3906 μου,
1219 3837 1311 3890 καὶ
1342 3837 1449 3910 πρὸ
1476 3836 1584 3889 τῶν
1609 3836 1736 3908 δεή-

142 3949 277 3987 σεων
311 3932 400 4002 τῷ
423 3930 571 3984 ἐλέει
606 3947 700 3983 σου
730 3931 1139 4002 περιέσφιγξας,
1171 3930 1246 3992 ὥς
1274 3929 1368 3983 καὶ
1404 3928 1502 3998 τὴν
1532 3927 1737 3982 πτῶσιν

142 4026 351 4079 ἐπιδεῖν
380 4041 455 4096 με
489 4023 599 4078 τῶν
631 4022 842 4094 ἐχθρῶν
872 4040 995 4095 μου.

208 4205 310 4273 Μὴ
346 4202 719 4270 ἀποκτείνῃς
762 4200 1002 4267 αὐτοὺς,
1040 4200 1126 4271 μή
1167 4212 1311 4254 ποτε
1340 4196 1738 4255 ἐπιλάθωνται

144 4298 248 4352 τοῦ
278 4299 482 4365 νόμου
510 4312 648 4348 σου.
676 4292 906 4364 Εὖχεται
936 4293 1032 4365 μὲν
1066 4292 1141 4364 μὴ
1173 4294 1252 4356 είς
1296 4291 1356 4345 τὸ
1388 4290 1646 4355 παντελὲς
1680 4293 1740 4358 ἐξ

146 4389 463 4462 ἀνθρώπων
496 4385 864 4456 ἀφανισθῆναι
894 4384 955 4437 τὸ
998 4384 1152 4454 γένος
1182 4382 1291 4437 τῶν
1320 4382 1738 4437 ἐπαναστάντων

1824 1907 2040 1964 etiamsi
2075 1907 2265 1963 isthaac
2305 1907 2705 1978 cogitaverunt,
2738 1914 2819 1972 tu,
2853 1904 3103 1971 Domine,
3134 1920 3233 1961 eos
3262 1905 3406 1961 deri-

1825 2000 1941 2056 deri
1983 1998 2222 2056 curabis.
2272 1999 2354 2053 Illi
2394 1997 2616 2070 quidem
2663 1998 2781 2054 haec
2822 1998 3043 2069 aggredi
3089 1998 3313 2065 audent,
3347 2007 3407 2053 tu

1826 2099 2009 2147 autem
2072 2090 2232 2145 audis
2299 2098 2464 2159 atque
2525 2087 2713 2152 vides,
2758 2087 3013 2158 ridesque
3059 2102 3261 2143 vanum
3306 2102 3405 2145 eo-

1822 2197 1949 2237 rum
2002 2180 2267 2236 furorem.
2320 2180 2403 2233 Ad
2427 2179 2652 2233 nihilum
2693 2178 2916 2233 deduces
2969 2194 3150 2233 omnes
3203 2189 3403 2250 gentes.

1830 2274 2151 2347 Spirituales
2192 2272 2463 2339 videlicet,
2492 2287 2615 2343 qua:
2644 2281 2834 2327 contra
2867 2269 3155 2326 Dominum
3200 2270 3402 2326 bellum

1827 2368 2153 2425 excitarunt.
2204 2363 2470 2436 Superius
2511 2362 2653 2417 dixit
2695 2380 2709 2417 :
2752 2359 2976 2417 Intende
3003 2362 3072 2416 ad
3112 2362 3404 2418 visitandas

1828 2474 2003 2513 omnes
2041 2464 2255 2529 gentes;
2296 2454 2387 2510 hic
2415 2467 2545 2509 vero
2570 2471 2583 2506 :
2622 2450 2705 2506 Ad
2734 2450 2957 2507 nihilum
2981 2450 3203 2506 deduccs
3225 2466 3404 2507 omnes

1828 2561 2040 2623 gentes;
2069 2550 2299 2605 multum
2349 2555 2604 2604 accurato
2627 2561 2762 2602 usus
2799 2545 2992 2601 ordine
3012 2546 3277 2603 orationis
3311 2561 3406 2617 per

1828 2660 1891 2700 ea
1921 2644 2075 2715 queis
2101 2644 2156 2698 in
2189 2642 2369 2697 medio
2399 2648 2483 2697 est
2511 2654 2665 2695 usus.
2695 2637 3002 2695 Ostendens
3037 2640 3182 2695 enim
3211 2654 3270 2696 se
3292 2653 3407 2695 non

1830 2736 2150 2807 simpliciter
2194 2733 2469 2804 postulare
2508 2740 2570 2785 ut
2601 2729 2872 2801 supplicio
2922 2729 3253 2795 adiciantur,
3287 2728 3408 2801 pri-

1831 2844 1981 2884 mum
2013 2817 2223 2897 rogavit
2260 2825 2430 2880 Deum
2473 2834 2615 2880 utea
2640 2822 3000 2893 perpenderet
3026 2831 3081 2878 et
3100 2830 3251 2893 gesta
3275 2836 3410 2877 exa-

1832 2923 2087 2976 minat-et.
2120 2917 2329 2973 Exinde
2359 2916 2603 2971 narravit
2632 2914 2816 2986 qualia
2856 2914 2958 2984 ipsi
2990 2914 3269 2977 fecissent,
3305 2913 3411 2971 rati

1832 3012 2104 3069 nemiuem
2131 3024 2250 3066 esse
2272 3009 2366 3079 qui
2395 3008 2561 3063 rebus
2578 3008 2909 3078 provideret.
2929 3008 3009 3062 Ac
3034 3015 3165 3061 tunc
3187 3004 3255 3062 de
3278 3020 3411 3075 sup-

1832 3104 1997 3177 plicio
2025 3100 2291 3158 sumendo
2340 3100 2454 3156 hmo
2482 3099 2764 3168 subiunxit
2793 3115 2808 3155 :
2840 3096 2934 3154 His
2967 3098 3034 3153 de
3065 3096 3251 3153 causis
3294 3111 3412 3152 me-

1838 3197 1941 3253 rito
1967 3197 2034 3251 de
2058 3195 2164 3250 illis
2201 3208 2393 3265 poenas
2432 3207 2641 3258 sumes,
2682 3200 2847 3263 atque
2872 3189 3140 3262 supplicio
3160 3189 3227 3246 ad
3265 3187 3413 3245 nihi-

1836 3288 1947 3343 lum
1980 3302 2075 3343 eos
2094 3286 2352 3342 deduccs.

1909 3473 1996 3531 10.
2032 3472 2423 3527 Fortitudinem
2460 3488 2631 3527 meam
2658 3472 2727 3525 ad
2757 3480 2804 3526 te
2830 3469 3147 3526 custodiam.
3178 3469 3259 3525 Illi
3291 3470 3415 3541 qui-

1837 3565 1981 3631 dem,
2008 3564 2104 3631 ait,
2138 3580 2204 3620 eo
2230 3572 2391 3636 pacto
2423 3564 2715 3619 adversum
2744 3573 2795 3618 te
2819 3561 2982 3633 impie
3002 3576 3230 3634 egerunt
3262 3580 3278 3617 :
3311 3577 3414 3633 ego

1836 3672 1964 3712 vero
1990 3657 2252 3728 preplieta
2282 3658 2374 3727 qui
2409 3657 2598 3711 isthaec
2630 3655 2848 3725 loquor,
2883 3653 3223 3724 spiritualem
3252 3649 3413 3708 forti-

1836 3752 2082 3808 tudinem
2116 3743 2307 3806 'meam
2338 3759 2393 3806 et
2423 3731 2646 3821 regnum
2679 3763 2861 3804 meum
2905 3761 3001 3817 per
3036 3754 3087 3802 te
3126 3760 3417 3802 conserva-

1840 3853 1950 3898 tum
2001 3841 2266 3907 retinebo,
2314 3840 2444 3913 quia
2498 3840 2707 3896 scilicet
2744 3837 3107 3910 patrocinaris
3159 3835 3315 3901 mihi,
3362 3842 3419 3891 et

1837 3947 2125 4008 antequam
2171 3949 2446 4006 precarer,
2496 3947 2586 3989 me
2625 3929 3006 3988 misericordia
3035 3939 3146 3985 .tua
3180 3928 3418 3985 cireum-

1836 4030 2029 4100 plexus
2075 4043 2173 4095 es,
2204 4037 2265 4083 ut
2292 4027 2457 4083 etiam
2498 4025 2714 4080 ruinam
2777 4022 3122 4079 inimicorum
3166 4034 3417 4075 meorum

1838 4121 2233 4191 conspicerem.

1922 4212 2009 4267 12.
2038 4211 2121 4267 Νε
2158 4212 2369 4266 occidas
2391 4225 2502 4271 eos,
2552 4226 2614 4264 ne
2642 4209 2852 4280 quando
2895 4206 3273 4262 obliviscantur
3291 4202 3417 4272 legis

1840 4314 1963 4358 tum.
1982 4302 2242 4358 Precatur
2268 4310 2327 4355 ut
2348 4315 2456 4355 non
2479 4297 2727 4353 funditus
2754 4298 3001 4353 deleatur
3028 4309 3200 4366 genus
3226 4306 3417 4350 eorum

1841 4396 1935 4466 qui
1986 4400 2405 4450 insurrexerunt
2447 4392 2712 4446 adversus
2751 4388 3070 4444 Dominum.
3116 4383 3223 4440 Sed
3260 4392 3421 4453 rogat

147 4484 290 4538 κατὰ
321 4479 419 4534 τοῦ
452 4478 682 4550 Κυρίου*
722 4476 1207 4550 διασκορπισθῆναι
1236 4475 1294 4531 δὲ
1334 4474 1533 4548 μᾶλλον
1559 4476 1653 4530 καὶ
1681 4478 1733 4530 ὲν

1857 4487 2019 4556 magis
2048 4497 2109 4541 ut
2130 4484 2513 4555 dispergantur
2542 4494 2596 4540 et
2618 4484 2674 4538 in
2697 4480 3013 4559 {captivitate
3032 4479 3203 4534 vitam
3230 4485 3416 4549 agant,

148 4573 507 4645 αἰχμαλωσίᾳ
537 4572 636 4642 ζῇν
666 4570 863 4633 αὐτοὺς
893 4569 1032 4634 ἀξιοί
1068 4567 1153 4622 διὰ
1180 4567 1296 4638 τὴν
1320 4567 1612 4639 ἁμαρτίαν
1634 4569 1740 4624 τοῦ

146 4670 456 4736 στόματος
483 4662 705 4728 αὐτῶν,
746 4663 839 4715 καὶ
870 4661 959 4715 διὰ
993 4665 1089 4731 τὴν
1121 4660 1500 4734 ὑπερηφανίαν
1538 4660 1737 4717 αὐτῶν.

215 4758 329 4812 Καὶ
375 4755 451 4820 ἐξ
499 4754 652 4823 ἀρᾶς
695 4754 794 4807 καί
837 4754 1105 4823 ψεύδους
1139 4752 1636 4825 διαγγελήσογται
1674 4755 1744 4809 ἐν

148 4848 501 4916 συντελείᾳ.
563 4846 951 4912 Ἐξάκουστος,
1002 4848 1174 4921 φησὶ,
1220 4848 1432 4918 γένοιτο
1482 4847 1661 4902 αὐτῶν
1706 4850 1740 4921 ή

152 4945 440 4999 συντέλεια
470 4942 561 4997 διὰ
588 4942 686 5006 τὰς
709 4942 954 5013 κατάρας
979 4942 1044 5007 ἃς
1080 4942 1425 5017 καταρῶνται
1457 4960 1539 5009 σε,
1571 4960 1741 4998 κατα-

149 5041 475 5112 ιῖἀυδόμενοι
514 5040 613 5111 τῆς
653 5038 751 5108 σῆς
792 5038 968 5111 δόξης.
992 5039 1310 5094 Συντέλειαν
1341 5040 1399 5093 δὲ
1432 5038 1494 5092 οὐ
1526 5040 1625 5113 τὴν
1660 5042 1741 5104 εἰς

152 5131 210 5184 τὸ
248 5128 520 5192 παντελὲς
568 5128 843 5182 ἀπώλειαν
888 5128 982 5182 τοῦ
1026 5129 1212 5192 ἔθνους
1254 5129 1449 5201 φησὶν,
1480 5129 1616 5184 ἀλλὰ
1639 5131 1739 5201 τὴν

154 5220 542 5293 καταστροφὴν
590 5222 691 5291 τῆς
738 5218 894 5291 δόξης
945 5220 1145 5277 αὐτῶν.
1191 5221 1328 5287 Δόξα
1364 5222 1420 5277 δὲ
1458 5223 1636 5277 αὐτῶν
1683 5224 1740 5278 αἱ

155 5314 293 5368 κατὰ
346 5313 519 5384 νόμον
548 5312 817 5385 λατρεῖαι.
862 5316 893 5369 ὀ
939 5313 1078 5380 θεῖος
1107 5315 1253 5380 ναὸς,
1285 5316 1335 5369 οἱ
1369 5308 1663 5389 προφῆται,
1691 5318 1740 5371 οἱ

155 5408 456 5478 ἀρχιερεῖς,
481 5406 532 5459 οἱ
560 5406 1024 5477 νομοδιδάσκαλοι,
1057 5409 1090 5479 ή
1119 5407 1410 5477 ἐπιφάνεια
1429 5409 1538 5462 τῶν
1572 5410 1740 5480 ἀγγέ-

156 5497 282 5552 λων⁴
316 5498 465 5569 ἅπερ
504 5500 718 5552 ἅπαντα
764 5498 973 5571 ἀθρόως
1016 5499 1153 5571 μετὰ
1180 5499 1279 5572 τὴν
1314 5499 1457 5553 κατά
1493 5500 1587 5555 τοῦ
1630 5504 1743 5555 Κυ-

162 5592 275 5662 ρίου
308 5591 626 5663 μιαιφονίαν
658 5591 1087 5648 συντετέλεσται.

1840 4587 2062 4650 propter
2094 4576 2342 4631 delictum
2374 4576 2482 4631 oris
2515 4578 2717 4643 eorum,
2760 4581 2817 4630 et
2844 4581 3068 4643 propter
3095 4584 3288 4625 eorum
3324 4584 3420 4625 su-

1916 4669 2109 4724 rbiam.

1916 4684 2109 4724 rutam.

1843 4684 2012 4815 νϐ15.
2045 4756 2117 4811 Et
2137 4761 2201 4811 de
2227 4757 2585 4811 exsecratione
2627 4764 2678 4810 et
2711 4753 2985 4808 mendacio
3026 4748 3423 4805 annuntiabun-

1845 4860 1933 4907 tur
1976 4852 2033 4904 in
2076 4849 2544 4903 consummatione.
2591 4844 2919 4917 Evulgetur,
2968 4841 3183 4914 inquit,
3228 4854 3422 4897 eorum

1848 4945 2271 5010 consummatio,
2303 4955 2527 5017 propter
2558 4942 2849 5000 maledicta
2868 4941 3069 5013 quibus
3095 4948 3147 4993 te
3168 4945 3420 5001 onerant,

1848 5041 2077 5114 gloriam
2117 5048 2266 5096 tuam
2300 5038 2718 5095 calumniantes.
2745 5029 3287 5092 Consummationem
3322 5041 3424 5081 au-

1849 5146 1980 5203 tem,
2013 5149 2121 5191 non
2149 5133 2365 5207 generis
2395 5131 2637 5188 universi
2668 5129 2920 5193 exitium,
2960 5124 3055 5181 sed
3080 5119 3421 5178 eversionem

1840 5229 2028 5303 gloriae
2075 5242 2264 5283 eorum
2308 5225 2561 5296 appellat.
2606 5220 2789 5277 Gloria
2839 5226 3022 5273 autem
3052 5228 3246 5271 eorum
3295 5218 3425 5270 sunt

1839 5321 2041 5395 legales
2087 5317 2265 5375 cultus
2291 5327 2457 5387 atque
2477 5316 2638 5377 ritus,
2674 5310 2920 5367 divinum
2970 5305 3259 5378 templum,
3286 5320 3420 5377 pro~

1838 5417 2037 5488 pheta,
2068 5410 2345 5482 principes
2374 5407 2742 5472 sacerdotum,
2778 5401 3031 5458 doctores
3067 5397 3226 5488 legis,
3256 5411 3424 5488 appet

1843 5482 1975 5564 ritio
1999 5503 2345 5575 angelorum,
2374 5515 2494 5571 quze
2518 5494 2806 5554 confertim
2834 5493 3019 5550 omnia
3054 5505 3177 5564 post
3204 5482 3425 5546 ﬂumini

1842 5598 2045 5656 easdem
2074 5601 2457 5651 consummata
2484 5598 2613 5649 sunt
2631 5594 2652 5640 .·

212 5703 345 5775 .m)
375 5704 651 5760 Adrianus
692 5704 983 5773 imperator
1018 5705 1189 5760 vetuit
1223 5703 1443 5763 Iudaeos
1475 5704 1870 5766 Jerosalvmam
1909 5706 2185 5764 accedere.

232 5798 282 5828 ”
308 5795 471 5852 Joan.
500 5811 618 5863 ιιι,
656 5794 748 5850 15.

482 5891 758 5953 Panos.
795 5890 914 5953 Gn.
946 5889 1210 5953 XXVII.

138 5953 169 5961 .—
