3786 6278
352 266 456 320 267

1205 261 1262 315 S.
1300 261 1666 316 ATIMNASH
1702 261 1853 317 OPP.
1899 259 2079 314 PARS
2117 259 2203 314 lll.
2256 290 2318 301 —
2353 258 2766 317 EXEGETICA.

3502 269 3640 322 268

432 377 513 429 ιι.
541 374 799 428 Etscient
823 373 948 445 quia
982 372 1116 427 Deus
1141 375 1446 443 dominatur
1468 374 1634 428 Iacob
1663 384 1713 430 et
1744 376 1930 445 finium

2104 376 2212 430 Kal
2242 375 2592 445 γνώσονται,
2615 376 2704 428 ὅτι
2730 377 2763 428 ό
2792 375 2935 442 Θεὸς
2960 374 3232 437 δεσπόζει
3256 376 3364 432 τοῦ
3391 380 3637 433 Ἰακὼιᾏ

354 484 529 526 teme.
578 469 737 526 Omni
764 470 933 541 gloria
976 469 1215 538 spoliati,
1245 469 1441 539 inquit,
1478 483 1537 523 re
1564 479 1616 524 et
1642 483 1806 539 opere
1841 484 1932 523 co-

352 571 632 633 gnoscent,
678 561 822 631 quod
855 570 913 615 tu
958 560 1035 615 sis
1069 558 1337 614 Dominus
1374 559 1565 628 Jacob,
1589 562 1680 631 qui
1715 561 1769 615 in
1796 560 1931 615 lines

355 663 511 709 terra:
543 649 832 709 extendisti
862 650 1161 706 Ecclesiam
1193 660 1363 705 tuam.

432 837 520 893 15.
558 836 932 891 Converteutur
974 837 1043 889 ad
1094 851 1379 906 vesperam.
1437 834 1684 891 Resumit
1712 850 1774 890 ea
1807 850 1929 905 qute

346 929 499 1001 prius
549 931 782 993 dixerat,
833 938 892 984 ut
937 930 1277 1000 prophetiam
1331 929 1593 983 adversus
1620 944 1715 984 eos
1743 928 1923 983 datam

349 1025 643 1079 ﬁrmiorem
674 1023 890 1078 eﬂiciat.
930 1020 1221 1093 [Quoniam
1264 1021 1439 1076 dixit:
1474 1019 1541 1074 In
1575 1020 1661 1073 ira
1684 1035 1927 1074 consum-

348 1116 619 1178 mationis,
672 1123 721 1168 et
761 1130 865 1166 non
890 1122 1079 1176 erunt;
1117 1128 1187 1167 ne
1238 1112 1363 1182 quis
1422 1110 1670 1181 opposita
1719 1109 1925 1165 dixisse

347 1206 667 1276 prophetam
714 1203 1028 1269 arbitretur,
1072 1217 1197 1257 cum
1240 1203 1320 1258 sic
1355 1202 1597 1271 loquitur
1630 1221 1642 1255 :
1676 1200 1924 1270 Disperge

342 1292 465 1352 it'los
494 1299 550 1352 in
582 1298 772 1352 virtute
800 1307 935 1358 tuo;
972 1295 1165 1350 merito
1206 1296 1451 1350 eamdem
1492 1310 1680 1350 vocem
1708 1295 1920 1365 repetit,

344 1390 739 1452 Convertentur,
770 1387 916 1459 quod
964 1386 1168 1443 dictum
1199 1386 1449 1441 nonnihil
1476 1386 1829 1443 obscuritatis
1864 1387 1921 1442 in

342 1484 592 1539 versibus
626 1482 800 1537 all'ert.
832 1479 962 1535 Vult
993 1478 1138 1535 enim
1169 1495 1367 1534 canum
1401 1480 1710 1551 exemplum
1736 1481 1921 1550 expri-

342 1592 515 1641 mere,
548 1576 642 1647 qui
673 1591 796 1632 cum
828 1576 894 1630 ad
942 1591 1129 1631 escam
1174 1585 1594 1646 congregantur,
1624 1586 1917 1648 antequam

342 1670 526 1725 cibum
558 1669 848 1740 attingant,
881 1683 1001 1724 sese
1030 1677 1223 1723 mutuo
1260 1669 1546 1735 devorant,
1579 1684 1643 1724 ac
1673 1669 1916 1739 plerum-

341 1775 448 1828 que
472 1759 856 1829 discerpuntur
888 1773 996 1813 non
1023 1768 1241 1828 sumpto
1267 1757 1440 1830 ciho.]

413 1943 501 1998 ιο.
549 1941 661 2013 Ipsi
702 1943 1066 2014 dispergentur
1111 1944 1181 1997 ad
1229 1943 1681 2006 manducandum,
1705 1944 1751 1996 si
1798 1958 1917 1997 vero

338 2052 442 2091 non
494 2036 689 2106 fuerint
728 2038 981 2102 saturati,
1027 2046 1077 2091 et
1119 2036 1547 2091 murmurabunt.
1597 2035 1919 2092 Circuibunt

336 2137 642 2199 quaerentes
667 2129 892 2183 verbum
921 2127 1160 2189 Domini.
1200 2142 1301 2182 nec
1334 2126 1636 2181 invenient.
1676 2123 1835 2191 Quod
1870 2125 1917 2180 si

335 2218 556 2288 quando
577 2219 759 2289 aliqua
793 2229 1046 2290 percepta
1080 2217 1378 2289 Scriptura:
1403 2217 1603 2273 divinae
1624 2216 1915 2279 sententia,

334 2310 623 2365 videantur
653 2326 719 2365 ea
758 2310 827 2365 ad
872 2310 1175 2366 satietatem
1211 2326 1383 2380 usque
1411 2308 1553 2373 frui;
1598 2308 1670 2362 ita
1700 2321 1918 2378 quoque

333 2403 777 2466 murmtu'abunt,
796 2411 982 2471 utpote
1008 2401 1098 2472 qui
1127 2416 1342 2472 semper
1357 2408 1789 2455 murmuratores
1806 2400 1917 2455 sint

332 2503 385 2547 et
406 2495 669 2551 adversus
699 2494 868 2548 Deum
888 2494 1206 2564 loquantur.

411 2586 498 2641 17.
556 2586 667 2657 Ego
702 2597 876 2640 autem
919 2586 1143 2640 cantabo
1193 2585 1562 2655 fortitudinem
1610 2597 1777 2643 tuam.
1809 2586 1913 2651 Illi,
1968 2634 1971 2638 .

332 2676 529 2747 inquit,
559 2677 666 2732 hoc
699 2677 905 2732 modo:
945 2675 1057 2747 Ego
1097 2688 1305 2746 autem,
1341 2676 1577 2747 populus
1600 2677 1807 2733 scilicet
1846 2693 1911 2733 ex

329 2769 581 2839 gentibus
620 2782 941 2836 conversus,
972 2768 1068 2840 qui
1115 2778 1263 2823 tuam
1300 2768 1424 2822 nOvi
1465 2768 1749 2833 virtutem,
1774 2784 1911 2840 gau-

328 2858 470 2914 debo
494 2859 561 2915 de
588 2869 681 2915 tua
706 2859 1082 2916 misericordia
1108 2876 1233 2931 quae
1267 2862 1319 2915 in
1350 2861 1562 2918 lumine
1603 2861 1824 2918 advenit
1854 2864 1910 2918 in

327 2949 871 3008 diearesurreetionis
912 2962 1039 3007 tuas.
1089 2952 1192 3008 Per
1216 2968 1341 3007 eum
1390 2969 1627 3023 namque
1674 2954 1915 3024 patroci-

328 3052 491 3098 natus
524 3032 683 3100 nobis
715 3060 795 3110 es,
819 3054 874 3100 et
894 3043 1164 3116 refugium
1198 3046 1253 3100 in
1289 3046 1639 3102 tribulatione
1665 3047 1907 3104 effectus.

328 3132 671 3206 Quapropter
702 3137 943 3207 psalmos
989 3137 1085 3191 tibi
1132 3138 1243 3193 Deo
1285 3139 1379 3208 qui
1421 3140 1524 3194 mei
1568 3140 1824 3198 misertus
1850 3157 1911 3197 es

327 3226 596 3295 persolvo.
619 3226 758 3293 Quia
780 3226 930 3296 fuisti
952 3227 1167 3299 adjutor
1190 3244 1335 3282 meus
1358 3239 1409 3283 et
1433 3230 1694 3300 refugium
1717 3248 1907 3286 meum.

328 3317 557 3387 Semper
594 3318 740 3372 enim
779 3327 875 3374 tuo
902 3320 1109 3389 potitus
1151 3336 1273 3375 sum
1305 3321 1532 3387 auxilio,
1566 3338 1631 3377 ac
1666 3338 1763 3392 per
1788 3339 1912 3390 pro-

326 3408 619 3463 videntiam
678 3411 849 3481 tuam}
903 3421 1257 3467 occurrentes
1334 3410 1498 3483 eﬂ‘ugi
1549 3413 1905 3468 calamitates.

324 3502 495 3572 Cujus
530 3501 609 3558 rei
641 3517 808 3559 causa
840 3511 893 3558 te
922 3503 1102 3560 solum
1130 3518 1370 3576 agnosco
1398 3503 1592 3568 Deum,
1620 3512 1673 3560 te
1701 3504 1909 3561 miseri-

324 3595 525 3651 cordia:
596 3604 651 3651 et
704 3594 1006 3651 clementia:
1060 3594 1270 3651 fontem
1324 3610 1483 3652 voco.
1542 3594 1670 3652 Haec
1716 3596 1907 3653 beatus

324 3688 492 3745 David
539 3688 699 3759 longe
741 3697 867 3743 ante
902 3686 1459 3759 propheticis‘videns
1491 3686 1669 3743 oculis
1691 3684 1907 3743 Judaeu-

323 3795 442 3834 "um
482 3779 823 3834 calamitates
860 3778 1137 3848 praedixit;
1170 3787 1337 3849 atque
1368 3794 1428 3834 se
1462 3777 1716 3850 promisit
1755 3792 1905 3833 sem-

319 3886 417 3941 per
443 3869 732 3925 Dominum
765 3870 1020 3925 laudibus
1048 3870 1447 3925 celebraturum
1487 3888 1501 3924 :
1533 3884 1600 3925 ac
1630 3869 1902 3941 promissa

321 3963 556 4031 complet
582 3962 793 4030 piorum
827 3975 1061 4031 persona
1098 3962 1373 4016 canticum
1405 3961 1661 4017 oﬂ‘erens.

320 4054 372 4109 i.
404 4054 463 4107 In
501 4053 679 4122 ﬁnem.
726 4050 833 4106 Pro
867 4052 949 4104 Itis
980 4052 1071 4119 qui
1104 4052 1543 4106 immutabnntur.
1586 4051 1639 4106 2.
1666 4048 1731 4106 In
1759 4050 1902 4106 tituli

388 4143 805 4214 iurcriptionem,
831 4142 935 4212 ipsi
972 4141 1166 4205 David,
1191 4142 1247 4195 in
1273 4143 1592 4202 doctrinam,
1626 4158 1747 4197 cum
1774 4158 1899 4195 suc-

389 4236 563 4290 cendit
608 4235 1048 4305 Mesopotamiam
1091 4232 1265 4304 Syria:
1293 4242 1343 4289 et
1385 4233 1598 4303 Syriam
1638 4232 1820 4302 Sobal,
1847 4243 1898 4288 et

389 4331 645 4385 ronrertit
666 4328 827 4395 Joab,
847 4338 896 4382 et
922 4329 1182 4397 percussit
1202 4332 1257 4382 in
1273 4327 1407 4383 valle
1428 4328 1737 4384 Salinarum
1760 4333 1895 4382 duo-

388 4422 552 4475 decim
581 4422 771 4477 millia.
813 4418 1157 4477 PSALMUS
1190 4419 1345 4477 LIX.

918 4610 1293 4676 Argumentum
1304 4650 1317 4662 .

318 4693 453 4748 Cum
505 4695 789 4767 perspicua
840 4697 911 4751 sit
954 4698 1201 4766 historia,
1230 4699 1375 4770 quod
1421 4709 1674 4758 accurate
1708 4701 1763 4755 in
1809 4716 1897 4757 se-

382 4788 563 4844 cundo
604 4788 915 4862 Regnorum
957 4790 1225 4861 descripta
1259 4792 1349 4856 sit,
1378 4792 1430 4846 id
1477 4792 1722 4849 dicemus
1746 4792 1893 4863 quod

386 4880 440 4934 in
481 4897 543 4936 ea
590 4882 719 4936 utile
759 4883 998 4937 occurrit
1034 4903 1047 4937 :
1087 4897 1377 4952 personam
1422 4885 1629 4940 scilicet
1672 4885 1892 4942 Davidis

387 4974 577 5031 referri
619 4975 687 5031 ad
729 4989 1019 5045 personam
1059 4974 1298 5032 Domini.
1328 4975 1420 5045 qui
1450 4984 1505 5029 et
1534 4978 1891 5032 mutationem

386 5076 439 5122 et
466 5067 762 5122 novitatem
788 5082 968 5121 rerum
990 5066 1042 5118 in
1063 5066 1362 5119 novissimo
1386 5073 1690 5134 temporum
1721 5066 1891 5132 dedit,

384 5169 439 5214 et
465 5160 802 5230 alienigenas
829 5166 1018 5230 gentes
1042 5158 1333 5227 percussit,
1367 5157 1419 5211 id
1442 5166 1523 5210 est
1557 5157 1889 5227 spirituales.

385 5249 511 5307 Haec
549 5267 785 5322 namque
821 5249 1102 5321 Scriptura
1145 5248 1212 5304 ad
1241 5248 1548 5303 doctrinam
1584 5259 1638 5304 et
1675 5250 1894 5305 institu—

385 5345 589 5399 tionem
639 5353 881 5400 nostram
925 5350 1164 5397 enarrat.
1224 5341 1496 5396 DOCCJIIII‘
1533 5343 1737 5411 itaque,
1783 5357 1892 5409 quo

387 5446 628 5506 tempore
668 5438 762 5506 qui
791 5451 859 5489 ex
891 5435 1101 5490 semine
1139 5434 1305 5489 David
1342 5434 1642 5489 secundum
1672 5447 1890 5487 carnem

381 5538 467 5585 est
494 5529 748 5583 inimicos
773 5529 1068 5598 percussit,
1093 5538 1146 5582 et
1176 5538 1364 5597 gentes
1407 5526 1509 5580 sibi
1540 5524 1789 5593 proprias
1812 5522 1891 5577 el-

382 5625 515 5681 lecit
532 5622 846 5679 Judzeorum
872 5621 1131 5691 populus,
1150 5635 1272 5674 cum
1299 5617 1625 5689 supplicium
1648 5615 1832 5670 obCht
1848 5616 1892 5669 i-

380 5728 527 5778 stum
572 5714 875 5790 (necatum)
912 5715 1153 5775 sentiret,
1181 5709 1585 5783 quodammodo
1620 5717 1671 5765 et
1712 5709 1887 5779 ipsum

2035 466 2133 518 καὶ
2181 464 2300 518 τῶν
2349 464 2619 533 περάτων
2663 464 2771 533 τῆς
2821 465 2953 535 γῆς.
3010 467 3253 539 Ἀπάσης
3306 470 3404 540 τῆς
3451 468 3637 542 δόξης

2034 557 2456 630 ἀφαιρεθέντες,
2494 559 2692 629 φησὶν,
2723 558 2868 630 ἔργῳ
2897 559 3216 628 γνώσονται,
3250 561 3426 631 ὅτικδὴ
3458 566 3521 616 σὺ
3565 559 3640 617 εἷ

2032 651 2059 701 ὁ
2088 648 2361 719 Δεσπότης
2409 647 2504 700 τοῦ
2545 648 2737 702 Ἰακὼϐ
2756 688 2772 713 ,
2793 650 2887 702 καὶ
2919 652 2997 715 εἰς
3038 650 3106 704 τὰ
3136 650 3346 722 πέρατα
3377 654 3475 723 τῆς
3508 654 3638 726 γῆς

2031 739 2276 803 ἐκτείνας
2299 740 2395 811 τὴν
2431 742 2529 810 σὴν
2572 742 2916 813 Ἐκκλησίαν.

2112 832 2617 902 Ἐπιστρέψουσιν
2662 836 2749 900 εἱς
2792 835 3077 903 ἑσπέραν.
3133 836 3629 907 Ἐπαναλαμϐἀνει

2027 925 2096 979 τὰ
2123 925 2514 998 προειρημένα,
2549 925 2897 998 βεϐαιοτέραν
2926 927 3024 997 τὴν
3054 928 3171 981 κατ’
3198 926 3378 981 αὐτῶν
3393 945 3631 1000 προφη-

2026 1018 2175 1072 τείαν
2227 1018 2720 1090 κατεργαζόμενος.
2772 1018 3024 1091 [Ἐπειδὴ
3073 1016 3258 1083 εἶπεν,
3306 1021 3406 1075 Ἐν
3458 1021 3630 1093 ὀργῆ

2026 1109 2414 1175 συντελείας,
2462 1109 2561 1163 καὶ
2612 1112 2684 1163 οὐ
2724 1108 2812 1179 μὴ
2859 1109 3232 1179 ὑπάρξωσιν,
3265 1110 3353 1165 ἵνα
3401 1113 3476 1184 μή
3521 1128 3633 1179 τις

2026 1202 2243 1256 ἐναντία
2275 1202 2553 1275 εἰρηκέναι
2592 1202 2790 1276 νομίσῃ
2817 1202 2909 1256 τὸν
2957 1205 3243 1275 προφήτην
3277 1204 3356 1275 τῷ
3408 1208 3629 1271 εἰπεῖν,

2023 1294 2435 1350 Διασκέδασον
2468 1297 2689 1363 αὐτοὺς
2716 1296 2788 1350 ἐν
2828 1294 2905 1365 τῇ
2934 1296 3182 1366 δυνάμει
3212 1312 3350 1351 σου·
3380 1298 3629 1364 εἰκότως

2023 1388 2088 1458 τῇ
2107 1387 2425 1459 ταυτολογίᾳ
2445 1390 2714 1462 ἐχρήσατο
2730 1386 2826 1459 τῷ,
2863 1386 3341 1455 Ἑπιστρέψουσι·
3369 1387 3510 1442 κατὰ
3540 1388 3627 1442 τὸ

2026 1481 2186 1552 ῥητὸν
2224 1481 2494 1550 ἀσάφειαν
2532 1481 2747 1552 ἔχουσιν
2785 1482 2835 1534 οἱ
2881 1479 3074 1550 στίχοι.
3107 1479 3365 1535 Βούλεται
3389 1481 3497 1555 γὰρ
3524 1484 3624 1555 εί-

2022 1576 2143 1627 πεῖν
2168 1574 2228 1628 τὸ
2255 1573 2364 1627 τῶν
2390 1574 2567 1628 κυνῶν
2595 1572 2918 1644 ὑπόδειγμα.
2945 1574 2994 1627 οἳ
3014 1612 3028 1636 ,
3059 1574 3389 1645 συνηγμένοι
3415 1574 3472 1627 εν
3492 1552 3622 1629 τινι

2020 1666 2214 1736 τροφῇ,
2236 1663 2496 1735 ἀλλήλους
2522 1663 2863 1718 κατεσθίουσι
2890 1664 3018 1735 πρὶν
3042 1663 3135 1717 τοῦ
3164 1662 3451 1735 βρώματος
3469 1664 3624 1734 ἅψα-

1947 1734 1995 1793 B
2024 1734 2147 1810 σθαι
2168 1734 2187 1787 ἓν
2227 1756 2307 1810 διὸ
2354 1734 2447 1810 καὶ
2513 1754 2826 1828 μερίζονται
2875 1734 3343 1827 ἀποτυγχάνοντες
3393 1756 3622 1829 τροφῆς

2024 1848 2330 1921 πολλάκις.]

2089 1944 2269 1999 Αὐτοὶ
2296 1944 2954 2014 διασκορπισθήσονται
2981 1943 3086 1999 τοῦ
3119 1942 3353 2014 φαγεῖν
3386 1945 3497 2001 ἐὰν
3525 1945 3617 2000 δὲ

2015 2032 2101 2104 μὴ
2158 2035 2533 2103 χορτασθῶσι
2558 2077 2572 2100 ,
2625 2034 2723 2089 καὶ
2774 2036 3203 2105 γογγύσουσιν.
3264 2034 3616 2105 Περιέλθωσιν⁸

2024 2128 2122 2199 μὲν
2155 2127 2441 2199 ζητοῦντες
2470 2128 2562 2181 τὸν
2593 2128 2748 2197 λόγον
2777 2128 2869 2182 τοῦ
2902 2128 3128 2199 Κυρίου,
3163 2129 3259 2181 καὶ
3303 2128 3363 2181 οὐ
3396 2128 3472 2199 μὴ
3505 2127 3615 2183 εὖ.

2022 2237 2204 2291 ρωσιν.
2247 2222 2370 2274 Ἐὰν
2397 2219 2454 2273 δὲ
2496 2221 2588 2274 καί
2620 2237 2774 2283 ποτε,
2801 2220 3000 2287 λέξεώς
3028 2237 3174 2284 τινος
3210 2220 3611 2291 μετειληφότες

2016 2312 2118 2382 τῆς
2147 2312 2296 2378 θείας
2329 2313 2571 2384 Γραφῆς,
2591 2312 2814 2377 δόξωσιν
2853 2314 2933 2375 είς
2963 2312 3123 2384 κόρον
3150 2311 3470 2377 ἀπολαῦσαι,
3499 2315 3611 2367 καὶ

2017 2403 2160 2459 οὕτω
2189 2404 2573 2474 γογγύσουσιν,
2605 2405 2699 2459 ἆτε
2732 2404 2819 2458 ἀεὶ
2859 2407 3159 2472 γογγυσταὶ
3185 2403 3342 2467 ὄντες
3369 2403 3462 2457 καὶ
3498 2403 3607 2458 τοῦ

2016 2496 2148 2550 Θεοῦ
2178 2497 2622 2561 καταλαλοῦντες.

2100 2586 2245 2655 Ἐγὼ
2269 2586 2337 2640 δὲ
2368 2586 2587 2656 ᾄσομαι
2620 2585 2734 2654 τὴν
2772 2586 3032 2656 δύναμίν
3056 2601 3195 2640 σου.
3237 2587 3460 2640 Ἐκεῖνοι
3494 2587 3606 2657 μὲν

2014 2677 2204 2743 οὕτως,
2238 2678 2420 2749 φησίν·
2450 2678 2557 2747 ἐγὼ
2583 2679 2661 2742 δὲ,
2714 2681 2743 2732 ὁ
2781 2678 2840 2743 ἐξ
2874 2678 3041 2732 ἐθνῶν
3066 2678 3306 2749 δηλονότι
3329 2678 3474 2745 λαὸς,
3493 2678 3605 2733 ἆτε

2012 2769 2112 2839 τὴν
2142 2769 2238 2840 σὴν
2262 2769 2490 2840 δύναμιν
2534 2771 2810 2838 ἐπιγνοὺς,
2855 2770 3170 2841 χαρήσομαι
3216 2770 3309 2823 ἐπὶ
3347 2770 3426 2841 τῷ
3449 2769 3602 2826 ἐλέει

2015 2879 2107 2916 σου
2137 2860 2215 2933 τῷ
2239 2861 2512 2933 γενομένῳ
2555 2864 2613 2916 ἐν
2644 2862 2817 2931 φωτὶ,
2850 2863 2942 2914 καὶ
2989 2864 3054 2932 τῇ
3100 2861 3450 2932 ἁναστασίμῳ
3490 2878 3597 2915 σου

2014 2953 2215 3026 ἡμέρᾳ.
2248 2954 2325 3007 Δι’
2359 2954 2522 3007 αὑτοῦ
2553 2953 2661 3025 γὰρ
2692 2955 2785 3008 καὶ
2831 2953 3126 3008 ἀντελάὸου
3173 2953 3329 3025 ήμῶν
3358 2954 3451 3007 καὶ
3479 2972 3595 3007 κα-

2012 3044 2227 3116 ταφυγὴ
2258 3045 2316 3097 ἐν
2347 3043 2520 3115 θλίψει
2545 3044 2751 3113 ἐγένου.
2777 3042 2868 3097 Διὸ
2890 3044 2983 3097 uati.
3009 3042 3255 3115 ψαλμοὺς
3279 3042 3596 3115 ἀναπέμπω

2016 3151 2096 3189 σοι
2125 3135 2203 3207 τῷ
2232 3134 2352 3205 Θεῷ
2384 3132 2463 3205 τῷ
2504 3132 2789 3206 έλεὴσαντί
2817 3151 2904 3205 με.
2947 3134 3070 3187 Ὅτι
3111 3133 3396 3203 ἐγενήθης
3423 3135 3598 3189 ἀντι-

2010 3225 2252 3294 λήπτωρ
2295 3244 2415 3295 μου
2461 3226 2559 3280 καὶ
2609 3226 2919 3295 καταφυγή
2957 3244 3097 3296 μου.
3139 3225 3448 3298 Ἀπήλαυσα
3478 3225 3598 3299 γὰρ

2010 3316 2111 3386 τῆς
2161 3317 2258 3387 σῆς
2305 3316 2624 3388 ἐπικουρίας
2666 3316 2772 3383 ἀεὶ,
2806 3318 2900 3370 καὶ
2933 3317 3021 3371 διὰ
3056 3317 3153 3389 τῆς
3185 3318 3285 3389 σῆς
3333 3318 3597 3387 προνοίας

2008 3406 2107 3470 τὰς
2137 3406 2552 3478 προσπεσούσας
2593 3408 2845 3477 διέφυγον
2894 3409 3196 3479 συμφοράς.
3223 3400 3298 3463 Οὗ
3326 3409 3391 3481 δὴ
3424 3409 3596 3480 χάριν

2010 3498 2070 3551 σὲ
2101 3499 2259 3569 μόνον
2285 3495 2403 3553 οἶδα
2428 3500 2560 3554 Θεὸν
2579 3540 2593 3562 ,
2623 3500 2717 3554 καὶ
2747 3501 2807 3554 σὲ
2837 3501 3019 3573 πηγὴν
3059 3501 3243 3565 ἐλέους
3271 3504 3365 3555 καὶ
3398 3503 3594 3572 φιλαν-

2007 3589 2252 3663 θρωπίας
2300 3592 2468 3647 καλῶ.
2498 3591 2684 3647 Ταῦτα
2725 3594 2753 3645 ὁ
2798 3592 3065 3664 μακάριος
3106 3592 3270 3647 Δαυῒδ
3303 3594 3591 3666 πόρρωθεν

2006 3687 2363 3755 προφητικοῖς
2392 3684 2512 3738 ἰδὼν
2536 3683 2852 3756 ὀφθαλμοῖς,
2884 3684 2979 3738 καὶ
3003 3684 3101 3749 τὰς
3150 3685 3414 3739 Ἰουδαίων
3445 3704 3590 3758 προσ

2006 3775 2194 3847 είρηκε
2214 3776 2519 3849 συμφορὰς,
2551 3777 2647 3831 καὶ
2673 3777 2835 3841 αὐτὸς
2855 3777 3116 3847 ὑμνήσειν
3146 3778 3234 3832 ἀεὶ
3261 3778 3352 3831 τὸν
3377 3781 3589 3834 Accad.

2002 3883 2103 3938 την
2148 3868 2436 3939 ὑπέσχετο·
2490 3868 2585 3921 καὶ
2636 3867 2835 3939 πληροῖ
2878 3886 2942 3939 γε
2980 3870 3078 3933 τὰς
3126 3869 3465 3941 ὑποσχέσεις,
3492 3871 3587 3928 διὰ

2002 3956 2110 4013 τῶν
2138 3959 2375 4014 εὐσεϐῶν
2403 3958 2500 4029 τὴν
2534 3958 2807 4029 ὑμνῳδίαν
2834 3960 3175 4032 προσφέρων.

2001 4051 2105 4115 Εὶς
2140 4048 2331 4115 τέλος.
2374 4049 2500 4114 Τοῖς
2537 4049 3133 4120 ἀλλοιωθησομένοις,
3174 4048 3262 4106 ἔτι
3306 4055 3393 4120 εἰς
3431 4068 3585 4126 στη-

2071 4142 2403 4211 λοῃοαφίαν
2438 4140 2516 4207 τῷ
2558 4140 2757 4205 Δαυῒδ,
2794 4144 2881 4209 εις
2942 4142 3220 4213 διδαχὴν,
3251 4147 3427 4200 ὁπότε
3470 4147 3576 4200 ἐν-

2067 4236 2314 4302 επύρισε
2366 4232 2480 4301 τὴν
2531 4234 2991 4304 Μεσοποταμίαν
3021 4237 3268 4303 Συρίας,
3323 4238 3420 4291 καί
3460 4237 3581 4305 τὴν

2067 4319 2289 4388 Συρίαν
2336 4318 2565 4385 Σοϐὰλ,
2618 4318 2717 4372 καὶ
2768 4319 3143 4387 ἐπέστρεψεν
3204 4322 3402 4387 Ἰωάϐ,
3470 4326 3575 4379 καὶ

1923 4437 1977 4496 D
2071 4409 2331 4476 ἐπάταξε
2361 4409 2476 4476 τὴν
2502 4409 2773 4481 φάραγγα
2806 4410 2923 4464 τῶν
2954 4412 3246 4477 Ἀ.1ῶνί,ϐ’
3276 4414 3570 4483 χιλιάδας.

2078 4507 2292 4560 ΨΑΛΜ
2296 4508 2387 4558 ΟΣ
2417 4502 2546 4559 ΝΘ’.

2625 4597 2949 4661 ’Υπόθεσις.

1997 4691 2210 4762 Σαφοῦς
2253 4690 2419 4761 οὔσης
2458 4690 2559 4759 τῆς
2604 4688 2861 4760 ἱστορίας,
2903 4686 2991 4740 διὰ
3035 4686 3095 4740 τὸ
3129 4687 3372 4760 ἀκριϐῶς
3406 4689 3574 4762 αὐτὴν

2064 4780 2476 4854 ἀναγεγράφθαι
2521 4781 2580 4833 ἐν
2624 4782 2690 4851 τῇ
2733 4778 2960 4851 δευτέρᾳ
3005 4778 3113 4833 τῶν
3158 4779 3474 4847 Βασιλειῶν,
3509 4774 3613 4836 τὸ’

2067 4873 2127 4939 ἐξ
2149 4873 2320 4943 αὐτῆς
2348 4873 2615 4944 χρήσιμον
2644 4870 2901 4943 ἐροῦμεν,
2932 4871 3006 4936 ὼς
3032 4872 3359 4945 ἀναφέρεται
3383 4875 3443 4928 τὸ
3472 4874 3573 4947 μιν

2069 4967 2358 5039 πρόσωπον
2396 4964 2489 5017 τοῦ
2538 4962 2701 5017 Δαυῒδ
2749 4964 2830 5028 είς
2862 4964 3154 5035 πρόσωπον
3200 4964 3295 5018 τοῦ
3339 4968 3571 5041 Κυρίου,

2066 5056 2160 5111 τοῦ
2218 5056 2311 5109 καὶ
2356 5055 2455 5127 τὴν
2500 5053 2781 5108 ἀλλοίωσιν
2835 5056 2929 5108 καὶ
2988 5055 3084 5127 τὴν
3125 5056 3417 5129 καινότητα
3462 5058 3573 5111 τῶν

2068 5149 2408 5222 πραγμάτων
2436 5148 2521 5201 ἐπ’
2547 5147 2773 5219 ἐσχάτου
2799 5148 3091 5213 δεδωκότος
3114 5149 3225 5202 τῶν
3251 5151 3455 5223 καιρῶν
3476 5155 3572 5208 καὶ

2065 5240 2401 5307 πατάξαντος
2428 5240 2496 5293 τὰ
2540 5238 2811 5309 ἀλλόφυλα
2838 5239 2987 5310 ἔθνη.
3011 5242 3256 5295 τουτέστι
3288 5243 3357 5296 τὰ
3381 5244 3565 5314 νοητά.

2067 5336 2253 5390 Ταῦτα
2286 5334 2393 5405 γὰρ
2419 5334 2566 5405 ἡμᾶς
2594 5335 2627 5405 ή
2660 5333 2848 5406 Γραφὴ
2881 5332 3192 5385 ἐκπαιδεύει
3223 5332 3453 5403 λέγουσα
3487 5336 3571 5398 είς

2064 5429 2300 5499 διδαχὴν.
2349 5418 2721 5499 Διδασκόμεθα
2764 5422 2878 5489 οὖν,
2931 5425 3007 5489 ὡς
3060 5425 3200 5478 κατὰ
3244 5425 3334 5479 τὸν
3379 5427 3569 5497 καιρὸν

2067 5521 2186 5575 καθ’
2214 5520 2272 5574 ὃν
2299 5520 2425 5584 τοὺς
2462 5519 2562 5590 μὲν
2602 5517 2829 5590 ἐχθροὺς
2868 5513 3135 5580 ἐπάταξεν
3175 5516 3203 5569 ὀ
3232 5517 3294 5570 ἐκ
3323 5517 3571 5589 σπέρμα-

2063 5622 2154 5677 τος
2188 5613 2330 5667 κατὰ
2364 5613 2541 5684 σάρκα
2569 5610 2664 5664 τοῦ
2691 5609 2873 5674 Δαυῒδ,
2910 5608 2979 5662 τὰ
3008 5608 3063 5661 δέ
3111 5607 3236 5680 ἔθνη
3266 5611 3440 5664 οἰκεῖα
3472 5627 3569 5663 πε-

2069 5706 2286 5777 ποίηται
2334 5707 2361 5758 ὁ
2405 5704 2513 5758 τῶν
2554 5701 2822 5757 Ἰουδαίων
2868 5700 3028 5769 λαὸς,
3075 5701 3130 5754 ὲν
3169 5700 3414 5771 αἰσθήσει
3470 5700 3567 5770 τῆς
