3786 6278
1320 258 1685 319 EXPOSITIO
1715 258 1783 316 lN
1819 234 2358 320 pss'muu’ux?

3325 258 3429 317 270

214 374 317 443 Γδιὰ
353 375 615 449 Χριστὸν
637 357 929 450 ζ’τιμωρίας
967 371 1239 446 γεγονὼς,
1270 376 1606 450 ἐπιστροφήν
1638 391 1752 429 τινα

1931 375 2197 444 converti,
2228 373 2591 448 postulantem
2625 353 2883 431 dari-sibi
2910 374 3135 448 gratiam
3162 391 3256 448 per
3274 378 3431 436 Chri-

230 471 501 535 ποιεῖται,
534 468 709 523 αἰτῶν
738 470 833 523 καὶ
863 467 1023 533 αὐτὸς
1053 466 1155 538 τῆς
1183 466 1269 521 διὰ
1285 467 1517 538 Χριστὸν
1545 466 1765 539 χάριτος

225 562 569 634 ἀξιωθῆναι.
618 561 997 616 Ἀποκλαίεται
1019 560 1076 613 δὲ
1102 561 1318 632 πρῶτον
1339 560 1439 630 τὴν
1466 557 1763 629 γενομένην

222 654 375 725 αὐτῷ
405 654 503 708 διὰ
530 654 637 725 τὴν
665 656 744 719 εἰς
768 655 1001 728 Χριστὸν
1023 652 1339 708 δυσσέϐειαν
1361 649 1761 723 καταστροφὴν,

222 746 299 802 διὸ
324 749 431 801 καί
462 763 669 820 φησιν’

230 841 286 894 '0
319 839 509 907 θεὸς,
545 837 773 895 ἀπώσω
793 836 971 909 ἡμᾶς,
1006 836 1105 892 καὶ
1148 834 1420 902 καθεῖλες
1443 830 1620 905 ἡμᾶς,
1652 829 1763 901 ὠρ-

164 932 363 1002 γίσθη(
417 929 535 985 καὶ
582 930 957 998 ᾠκτείρησας
987 926 1168 1000 ἡμᾶς.
1205 928 1561 1000 Ἐτιμωρήσω
1592 928 1761 997 ἡμᾶς,

163 1025 303 1097 φησὶ,
337 1022 442 1076 διὰ
472 1023 585 1093 τὴν
621 1024 704 1087 εἰς
741 1022 801 1075 σὲ
837 1018 1213 1093 γεγενημένην
1252 1017 1764 1075 δυσσέϐειαν.Ἀλλὰ

162 1118 244 1170 ut
265 1114 643 1188 ᾠκτείρησας
663 1116 834 1187 ἡμᾶς·
856 1114 917 1168 τὸ
941 1113 1070 1186 γὰρ,
1096 1111 1483 1183 ῲκτείρησας,
1505 1113 1625 1167 ἀντὶ
1644 1111 1762 1178 τοῦ,

161 1207 577 1274 εὶῑτεὶρησον,
620 1204 656 1276 ἢ
700 1204 873 1268 ἄλλως
916 1202 1007 1267 τὺ,
1053 1204 1444 1272 ᾠκτείρησας,
1500 1200 1764 1266 ἐλεεινοὺς

160 1301 241 1353 καὶ
272 1298 518 1363 ἀθλίους
545 1298 863 1368 ἀπέφηνας,
898 1295 973 1359 ὡς
1003 1295 1093 1349 διὰ
1124 1294 1224 1359 τὰς
1262 1293 1545 1368 συμφορὰς
1574 1293 1762 1365 καιρὸν

158 1388 282 1445 εἶναι
319 1388 823 1460 κατοικτείρεσθαι
854 1387 1059 1441 λοιπόν.
1087 1385 1457 1451 Συνέσεισας
1480 1383 1593 1452 τὴν
1622 1382 1760 1453 γῆν,

158 1486 243 1539 mi
282 1482 742 1552 συνετάραξας
782 1478 996 1547 αὐτήν.
1047 1478 1159 1550 Τὴν
1212 1476 1565 1549 Ἰερουσαλήμ
1608 1491 1761 1546 φησι,

156 1577 236 1637 διὰ
270 1578 337 1629 τὸ
375 1574 833 1645 πολιορκηθῆναι
858 1571 1048 1644 αὐτὴν,
1080 1570 1176 1624 καὶ¹
1204 1571 1294 1625 τὸν
1323 1572 1381 1624 ἐν
1421 1567 1558 1641 αὐτῇ
1589 1584 1763 1621 κατα-

158 1667 475 1738 στραφῆναι
522 1663 687 1717 νεών.
720 1664 790 1716 Ἦ
826 1662 919 1717 καὶ
950 1661 1050 1733 τὴν
1089 1662 1286 1733 νοητὴν
1317 1658 1496 1713 αὐτῶν
1524 1658 1627 1730 γῆν
1657 1674 1762 1730 φη-

1936 478 2105 525 stum.
2129 467 2387 538 Deplorat
2419 477 2599 524 autem
2622 468 2858 538 primum
2884 467 3088 524 illatam
3120 470 3221 525 sibi
3245 471 3315 527 ob
3337 472 3434 528 im-

1934 560 2190 631 pietatem
2222 561 2278 615 in
2308 559 2584 617 Christum
2613 561 2853 630 ruinam,
2882 578 3055 633 quare
3087 563 3164 618 ait
3193 581 3208 619 :

1933 816 1989 885 3,
2026 817 2084 873 4.
2121 816 2282 884 Deus,
2315 816 2555 888 repulisti
2587 831 2678 872 nos
2706 826 2754 872 et
2786 817 3095 872 destruxiin
3121 832 3236 881 nos,
3264 819 3434 871 iratus

1863 926 1917 964 es
1939 919 1989 965 et
2014 912 2260 965 misertus
2293 927 2346 964 es
2375 910 2542 965 nobis.
2570 909 2933 981 Supplicium,
2963 911 3159 981 inquit,
3184 913 3251 966 de
3277 913 3436 967 nobis

1864 1002 2147 1072 sumpsisti
2188 1002 2257 1057 ob
2297 1012 2543 1057 nostram
2569 1017 2695 1072 erga
2726 1012 2775 1056 te
2806 1002 3159 1072 impietatem.
3191 1001 3297 1058 Sed
3329 1003 3436 1057 mi-

1865 1104 2045 1150 sertus
2071 1109 2132 1150 es
2158 1095 2353 1159 nobis;
2388 1094 2519 1149 illud
2553 1097 2757 1161 autem,
2786 1095 3030 1149 misertus
3056 1111 3107 1149 es
3137 1110 3237 1165 pro
3275 1096 3435 1149 mise-

1864 1201 1978 1241 rere
2005 1186 2239 1257 positum
2270 1196 2374 1253 est,
2400 1196 2494 1241 aut
2527 1185 2635 1240 alio
2661 1186 2847 1249 modo,
2881 1187 3125 1241 misertus
3164 1202 3239 1250 es,
3274 1187 3438 1242 mise-

1864 1292 1958 1333 ros
1982 1278 2228 1344 elfecisti,
2258 1279 2333 1333 ita
2359 1288 2419 1333 ut
2447 1288 2668 1349 propter
2693 1278 3033 1333 calamitates
3064 1278 3172 1348 iam
3216 1285 3436 1347 tempus

1866 1371 1959 1434 sit,
2018 1379 2078 1426 ut
2100 1371 2260 1427 nobis
2287 1371 2660 1427 misericordia
2704 1371 3067 1441 impendatur.
3098 1369 3438 1425 Commovisti

1866 1473 2065 1519 terram
2088 1475 2136 1519 et
2160 1466 2490 1520 conturbasti
2513 1481 2649 1519 eam.
2674 1463 2975 1519 Jerusalem
3004 1464 3153 1527 dicit,
3186 1463 3315 1533 quia
3345 1463 3439 1518 ob-

1865 1570 2016 1611 sessa
2046 1554 2147 1609 fuit
2174 1565 2229 1610 et
2259 1557 2516 1627 templum
2558 1557 2678 1626 ejus
2715 1556 2832 1612 solo
2862 1567 3157 1627 aequatum.
3191 1556 3298 1609 Ant
3327 1555 3440 1625 spi-

1864 1647 2118 1702 ritualem
2156 1662 2347 1703 eorum
2380 1659 2578 1704 terram
2609 1650 2764 1716 dicit,
2793 1664 2915 1718 quae
2947 1659 3168 1719 pr0pter
3196 1647 3439 1701 aversio-

160 1735 275 1817 σιν..
301 1735 443 1825 ἥτις
496 1753 592 1806 διὰ
635 1753 735 1824 τὴν
778 1750 1127 1835 ἀποστροφὴν
1162 1750 1259 1821 τὴν
1302 1748 1601 1820 γενομένην
1640 1747 1752 1802 κατ’

1887 1752 1984 1792 tem
2007 1753 2129 1809 quae
2148 1735 2254 1809 ipsi
2273 1740 2490 1795 obvenit
2508 1750 2778 1797 commota
2800 1752 2902 1796 eSt.
2928 1740 3076 1798 Sana
3098 1739 3437 1795 contritiones

154 1849 333 1902 αὐτῶν
363 1844 879 1916 κατακεκλὼηται.
902 1846 1089 1898 Ἰασαι
1125 1843 1196 1896 τὰ
1226 1841 1639 1910 συντρίμματα
1663 1840 1764 1893 αὐ-

154 1939 277 2007 τῆς.
310 1939 411 1991 ὅτι
447 1937 789 2002 ἐσαλεύθη.
819 1933 989 1988 Πάλιν
1021 1935 1090 1986 τὰ
1121 1931 1462 2003 γεγενημένα
1487 1928 1758 1996 διέξεισιν.

220 2028 523 2095 Ἕὸειξας
550 2026 636 2092 τῷ
667 2027 795 2093 λαῷ
823 2040 939 2081 σου
967 2025 1225 2094 σκληρά.
1250 2024 1339 2096 Τῷ
1366 2023 1580 2095 πλήθει,
1605 2024 1758 2095 φησὶ,

152 2124 255 2187 τῶν
288 2120 634 2194 συμφορῶν,
694 2118 946 2190 καθάπερ
987 2117 1115 2189 οἴνῳ
1152 2115 1259 2171 τινὶ
1298 2116 1470 2186 κάρον
1513 2116 1643 2187 ἡμῖν
1677 2116 1762 2168 ὲν-

153 2217 453 2287 εποίησας,
485 2213 587 2267 καὶ
612 2209 806 2283 ὀδύνης
834 2209 1135 2281 ἐνέπλησας
1150 2208 1247 2271 τὰς
1273 2208 1548 2279 ἡμετέρας
1560 2206 1758 2279 ψυχάς.

165 2310 500 2373 ἐεότισας
554 2301 717 2373 ’ἡμᾶς
767 2302 911 2369 οϊνῳ
952 2299 1350 2366 κατανύξεως.
1399 2297 1555 2352 Οὕτω
1597 2298 1692 2351 καὶ
1731 2298 1761 2350 ὁ

165 2397 402 2460 Ἀκύλας
434 2394 810 2466 ἡρμήνευσεψ
852 2391 1172 2454 Ἐπότισας
1205 2385 1362 2457 ἡμᾶς
1388 2384 1532 2453 οϊνῳ
1572 2384 1760 2456 καρώ-

153 2508 328 2557 σεως.
370 2484 544 2541 υἷνον
578 2482 923 2549 κατανύξεως
946 2481 1044 2545 τὰς
1074 2482 1131 2533 ὲν
1157 2484 1277 2544 ταῖς
1312 2479 1484 2542 θείαις
1519 2478 1762 2550 Γραφαῖς

153 2582 435 2656 τιμωρίας
466 2580 633 2651 φησὶ,
671 2575 772 2640 τὰς
813 2573 1390 2645 προανακηρυχθείσας
1440 2574 1621 2635 αὐτοῖς
1660 2571 1760 2641 τῆς

154 2679 231 2740 εἰς
264 2672 524 2746 Χριστὸν
561 2667 880 2730 δυσσεϐείας
911 2666 1094 2719 ἕνεκα.
1137 2661 1629 2733 ’Ὰναγινώσκοντες
1652 2663 1759 2735 γὰρ

152 2770 248 2823 καὶ
283 2771 353 2839 τῇ
389 2765 572 2836 πείρᾳ
591 2762 661 2815 τά
702 2759 1147 2833 προηγορευμένα
1185 2756 1564 2835 μανθάνοντες,
1591 2772 1760 2808 καταε-

154 2860 447 2914 νύττοτται
497 2854 565 2907 τὸ
603 2852 863 2915 συνειδός.
896 2848 1163 2915 Ἐδωκας
1206 2847 1329 2913 τοῖς
1370 2845 1761 2916 φοϐουμένοις

154 2969 227 3005 σε
250 2949 613 3018 σημείωσιν
650 2943 757 2997 τοῦ
797 2940 1011 3012 φυγεῖν
1056 2939 1174 2995 ἀπὸ
1204 2939 1528 3007 προσώπου
1556 2937 1757 3003 τόξου.

153 3045 479 3117 Σημειωσις
513 3042 546 3092 ὁ
569 3036 870 3109 φωτισμὸς,
904 3036 1022 3090 καθ’
1058 3036 1118 3089 δν
1139 3032 1359 3087 δύναταί
1384 3049 1466 3096 τις
1493 3032 1760 3104 διάκρισιν

153 3140 299 3211 ἔχειν
353 3134 723 3205 πνευμάτων,
772 3130 868 3185 καὶ
903 3129 1107 3200 ἀγαθοῦ
1154 3127 1249 3182 καὶ
1300 3125 1490 3180 κακοῦ.
1540 3124 1755 3196 Ταύτης

153 3236 262 3305 τὰρ
309 3231 422 3300 τῆς
480 3225 743 3298 γνώσεως
801 3223 1139 3296 ὑπαρξάσης,
1180 3220 1454 3291 φεύγομεν
1494 3218 1605 3272 ἀπὸ
1648 3216 1755 3270 τῶν

156 3323 451 3397 χειρόνων,
486 3317 711 3391 μακρὰν
732 3316 902 3371 κακοῦ
935 3315 1095 3387 ἔργου
1135 3315 1229 3367 καὶ
1258 3311 1566 3382 πνεύματος
1591 3326 1758 3380 πονη-

159 3412 253 3487 ροῦ
286 3412 606 3483 γινόμενοι.
639 3407 748 3462 Τοῦ
773 3406 979 3461 αὐτοῦ.
1029 3406 1215 3477 Ἡμεῖς
1247 3398 1369 3474 μὲν,
1400 3401 1563 3472 φησι,
1590 3399 1655 3453 δι’
1688 3399 1756 3471 ἢν

158 3504 500 3579 ἐπράξαμεν
542 3499 860 3554 δυσσέὸειαν
890 3493 1343 3568 τετιμωρήμεθα·
1377 3494 1427 3546 oi
1564 3489 1759 3561 φοϐού-

162 3576 313 3669 μενοί
342 3612 411 3648 σε
445 3592 677 3665 σημεῖον
710 3589 957 3657 ἐδέξαντο
986 3586 1161 3659 (δῆλον
1193 3586 1268 3651 δὲ,
1292 3586 1372 3639 ὅτι
1404 3586 1462 3638 ὲν
1562 3583 1760 3654 ἐσφρα-

158 3687 501 3760 γίσθημεν),
522 3685 672 3749 ὅπως
694 3682 761 3737 ἂν
782 3681 890 3748 ἔξω
919 3680 1100 3752 πάσης
1126 3677 1450 3746 κολαπικῆς
1495 3674 1757 3747 ἐπηρείας

160 3784 436 3853 γένοιντο.
470 3777 677 3831 Τούτου
702 3776 761 3828 δὲ
790 3773 885 3827 τοῦ
921 3771 1146 3844 σημείου
1170 3768 1341 3833 τύπος
1365 3763 1434 3840 ἦν
1464 3767 1526 3821 τὸ
1556 3768 1613 3820 ἐν
1640 3769 1758 3830 ταῖς

163 3876 355 3945 ςλιαῖς
385 3869 506 3924 τῶν
530 3866 818 3939 προϐάτων
851 3865 909 3917 έν
932 3862 1191 3932 Αἰγύπτῳ
1214 3860 1499 3931 χριόμενον
1526 3855 1683 3929 αἷμα.

243 3967 314 4019 Ὅ
367 3960 523 4026 Θεὸς
556 3956 867 4026 ἐλάλησεν
908 3954 978 4008 ἐν
1008 3951 1089 4019 τῷ
1120 3952 1267 4021 ἁγίῳ
1294 3949 1504 4006 αὐτοῦ.
1535 3947 1760 4021 Ὅμοιον

164 4057 242 4129 τῷ
258 4073 274 4087 ο
330 4054 467 4108 Ἐπ’
491 4047 759 4119 ἐσχάτου
792 4046 912 4100 τῶν
938 4041 1175 4114 ἡμερῶν
1204 4042 1431 4096 τούτων
1453 4038 1762 4108 ἐλάλησεν

170 4149 316 4220 ἡμῖν
344 4147 422 4201 ἐν
464 4140 596 4208 Υὶῷ.
621 4139 792 4204 Αὐτὸς
820 4138 928 4208 γάρ
952 4137 1102 4190 ἐστιν
1132 4135 1163 4188 ὁ
1185 4135 1338 4203 ἅγιος
1362 4132 1458 4187 τοῦ
1496 4131 1632 4187 Θεοῦ
1668 4130 1762 4187 καὶ

167 4241 410 4314 Πατρός.
465 4236 531 4289 Τί
577 4232 635 4288 δὲ
670 4232 923 4302 ὲλάλησε,
964 4230 1060 4283 καὶ
1112 4226 1248 4299 πρὸς
1291 4224 1414 4280 τίνα
1456 4225 1758 4297 ἐλάλησενς

181 4332 409 4402 Ἐπειδὴ
464 4325 667 4400 ηύξατο
718 4325 777 4378 ὲν
821 4322 900 4394 τῷ
945 4320 1270 4393 προλαϐόντι
1311 4317 1513 4390 ψαλμῷ
1553 4317 1757 4387 λέγων’

170 4515 387 4571 πᾶσαν
412 4511 533 4579 τὴν
561 4508 679 4579 γῆν
702 4509 742 4576 ἡ
768 4506 917 4570 δόξα
953 4520 1091 4560 σου’
1119 4502 1308 4557 τούτου
1337 4501 1496 4574 χάριν
1531 4499 1757 4572 ἀποκρί-

171 4623 349 4671 νεται,
384 4603 466 4664 ὡς
492 4600 564 4654 τὰ
588 4597 807 4670 Σίκημα
842 4597 939 4668 μὲν
986 4595 1278 4667 διαμεριετ,
1306 4591 1551 4646 τουτέστι
1573 4587 1635 4643 τὸ
1673 4588 1769 4660 βα-

175 4699 380 4753 σί-λειον
432 4691 529 4748 τοῦ
576 4691 824 4763 Ἰσραήλ·
872 4691 932 4743 ὲν
964 4686 1229 4759 Σικήμοις
1270 4684 1380 4756 γὰρ
1422 4677 1511 4754 ἦν.
1557 4682 1767 4737 Δέδωκε

173 4788 290 4858 γὰρ
317 4783 458 4840 αὐτὸ
495 4780 811 4851 ἀλλοφύλοις
839 4778 1017 4833 ἔθνεσι
1042 4779 1156 4841 τοῖς
1194 4772 1544 4829 πιστεύσασιν
1566 4774 1645 4837 είς
1670 4773 1767 4826 αύ-

175 4873 291 4926 τόν.
335 4870 455 4925 Καὶ
496 4867 616 4936 τὴν
649 4865 901 4922 κοιλάδα
931 4864 1050 4919 τῶν
1080 4862 1328 4932 σκηνῶν
1371 4860 1762 4931 διαμετρήσω.

174 4963 426 5019 Κοιλάδα
448 4962 483 5033 ἠ
508 4959 627 5013 θεία
652 4958 845 5031 Γραφὴ
877 4955 938 5011 τὺ
962 4954 1182 5012 πάντων
1214 4953 1517 5026 ἀνθρώπων
1539 4954 1763 5025 οἰκητή-

179 5055 296 5127 ριύν
321 5068 483 5122 φησι.
512 5050 731 5123 Ταύτην
750 5046 864 5116 οὖν,
895 5048 1046 5120 φησὶ,
1078 5048 1180 5118 τὴν
1216 5044 1439 5101 κοιλάδα
1478 5046 1658 5099 πᾶσαν
1685 5045 1766 5109 είς

179 5144 394 5216 σκηνὰς
436 5139 660 5213 ἐμαυτῷ
704 5140 1085 5211 διαμετρήσωο
1132 5137 1406 5192 τουτέστιν
1461 5133 1765 5206 ἐκκλησιῶν

179 5231 568 5307 πληρεστάτην
592 5230 921 5285 ἀποτελέσω.

264 5326 439 5396 Έμός
466 5324 601 5378 ἐστι
628 5321 897 5389 Γαλαὰδ,
924 5320 1021 5376 καὶ
1061 5321 1204 5391 ἐμός
1234 5318 1367 5373 ἐστι
1403 5313 1763 5384 Μανασσῆς.

182 5417 282 5471 Διὰ
308 5416 525 5472 Γαλαὰδ
557 5417 654 5469 καὶ
678 5414 946 5486 Μανασσῆ
987 5408 1262 5485 σημαίνει,
1293 5406 1368 5474 ὡς
1391 5410 1448 5462 ὲν
1474 5411 1540 5480 τῇ
1567 5409 1765 5477 ἐπιφα-

183 5505 303 5577 νείᾳ
338 5505 508 5561 αὐτοῦ
552 5504 793 5579 πρώτοις
845 5504 1120 5569 Ἰουδαίοις
1151 5501 1418 5575 κηρύσσει
1449 5501 1547 5573 τὴν
1582 5501 1762 5573 χάριν.

289 5685 336 5718 ⁸³
362 5682 526 5740 Hebr.
559 5699 598 5748 t,
630 5682 687 5737 2.

1861 1830 1977 1900 ejus
2025 1834 2149 1903 quia
2193 1846 2453 1888 commota
2492 1844 2597 1891 est.
2634 1833 2873 1890 Rursum
2932 1851 3054 1907 quae
3098 1845 3254 1909 gesta
3309 1842 3440 1892 sunt

1862 1934 2103 1981 enarrat.

1941 2018 1994 2082 5,
2019 2017 2073 2072 6.
2107 2014 2399 2075 Ostendiin
2423 2021 2622 2091 populo
2653 2029 2742 2075 tuo
2773 2021 2931 2076 dura.
2958 2020 3319 2088 Multitudine,
3349 2021 3439 2078 in-

1862 2110 2001 2181 quit,
2032 2111 2428 2177 calamitatum,
2451 2113 2608 2182 quasi
2639 2115 2765 2168 vino
2791 2115 3028 2184 quodam
3057 2126 3310 2185 soporem
3338 2131 3440 2173 no.

1861 2201 1948 2257 bis
1973 2199 2222 2267 effecisti,
2254 2219 2318 2258 ac
2349 2204 2538 2260 dolore
2565 2204 2780 2260 animas
2816 2214 3033 2261 nostras
3067 2208 3434 2277 complevisti.

1863 2288 2074 2348 Potasti
2099 2312 2192 2349 nos
2222 2297 2339 2350 vino
2369 2299 2808 2367 compunctionis.
2844 2298 2919 2353 Ita
2945 2298 3143 2368 Aquila
3167 2309 3252 2354 est
3275 2299 3438 2356 inter-

1860 2392 2106 2455 pretatus
2133 2404 2150 2439 ε
2178 2385 2388 2440 Potasti
2413 2404 2506 2442 nos
2537 2389 2653 2442 vino
2676 2386 2901 2458 soporis.
2935 2388 3136 2444 Vinum
3166 2405 3436 2461 compun-

1862 2476 2078 2543 ctionis,
2108 2477 2369 2548 supplicia
2389 2478 2444 2533 in
2467 2478 2768 2549 Scripturis
2788 2488 3087 2535 memorata
3107 2490 3285 2545 vocat,
3304 2497 3439 2552 prte-

1862 2568 2109 2623 nuntiata
2137 2570 2242 2625 illis
2262 2571 2332 2625 ob
2354 2570 2596 2641 ipsorum
2630 2587 2755 2643 erga
2770 2571 3050 2628 Christum
3080 2574 3433 2645 impietatem.

1865 2655 1999 2711 Dum
2032 2658 2219 2727 legunt
2252 2660 2419 2727 enim,
2447 2667 2501 2716 et
2529 2678 2650 2731 quae
2684 2664 2942 2733 praedicta
2983 2676 3111 2720 sunt
3152 2667 3438 2736 experien-

1862 2750 1935 2803 tia
1958 2751 2232 2817 ediscunt,
2260 2752 2594 2809 conscientia
2617 2767 3079 2828 compunguntur.
3107 2757 3314 2813 Dedisti
3336 2776 3439 2816 nte-

1863 2840 2125 2893 tuentibus
2162 2850 2209 2895 te
2233 2843 2670 2913 signi/irationem
2702 2856 2766 2900 ut
2794 2848 2999 2918 fugiant
3028 2867 3062 2903 a
3096 2850 3233 2920 facie
3257 2869 3433 2910 arcus.

1864 2929 2198 3001 Signiﬁcatio
2226 2945 2309 2989 est
2343 2935 2672 2992 illuminatio
2696 2955 2804 3009 qua
2839 2951 3015 3011 potest
3047 2943 3305 3000 discretio
3334 2946 3438 3000 ha—

1862 3022 1977 3076 beri
2001 3023 2309 3092 spirituum,
2340 3041 2551 3083 necnon
2583 3029 2712 3084 boni
2738 3039 2792 3086 et
2814 3033 2966 3087 mali.
2991 3031 3106 3089 Hac
3125 3035 3268 3090 enim
3299 3051 3436 3106 pra:-

1787 3098 1831 3161 C
1862 3111 1962 3166 diti
1988 3114 2213 3181 notitia,
2243 3114 2484 3187 fugimus
2511 3134 2542 3173 a
2573 3120 2763 3185 malis,
2802 3122 3068 3194 longeque
3097 3098 3436 3185 declinamus

1863 3208 1932 3263 ab
1976 3209 2226 3278 improbo
2272 3226 2433 3281 opere
2467 3222 2517 3268 et
2564 3230 2595 3269 a
2629 3216 2867 3288 maligno
2912 3219 3128 3289 spiritu.
3160 3220 3434 3291 Ejusdem.

1860 3300 1994 3369 Nos,
2023 3303 2221 3375 inquit,
2250 3305 2323 3361 ob
2340 3315 2583 3362 nostram
2606 3307 2938 3380 impietatem
2967 3314 3231 3384 supplicio
3245 3330 3439 3374 sumus

1862 3394 2039 3450 atl‘ecli
2063 3413 2078 3451 :
2101 3403 2158 3451 at
2176 3396 2268 3467 qui
2303 3397 2500 3453 timent
2520 3407 2592 3467 te,
2623 3400 2841 3471 signum
2872 3414 3201 3474 acceperunt
3232 3407 3435 3479 (palam

1862 3495 2043 3543 autem
2069 3495 2155 3544 est
2184 3488 2317 3544 illud
2356 3489 2572 3560 signum
2599 3505 2721 3548 esse
2755 3508 2866 3563 quo
2887 3494 3161 3566 obsignati
3195 3500 3434 3573 sumus),

1862 3588 1927 3635 ut
1976 3579 2124 3636 omni
2175 3581 2444 3652 supplicio
2492 3582 2651 3639 liberi
2683 3585 2813 3640 sint.
2854 3584 3031 3657 Hujus
3062 3598 3245 3647 autem
3293 3592 3436 3663 signi

1863 3679 2026 3743 typus
2065 3680 2183 3726 erat
2226 3671 2451 3742 sanguis
2499 3671 2683 3727 ovium
2704 3671 2761 3727 in
2787 3671 3024 3745 Egypto
3066 3677 3317 3746 postibus
3348 3678 3436 3734 in-

1864 3779 2131 3835 spersum.
2519 3758 2533 3791 ι

1936 3962 1991 4019 8.
2032 3961 2173 4019 Deus
2216 3962 2425 4020 locutus
2464 3974 2547 4022 est
2586 3967 2644 4023 in
2683 3977 2869 4024 sancto
2893 3985 3010 4027 suo.
3045 3968 3235 4028 Simile
3261 3972 3431 4031 huic:

1865 4053 1936 4109 In
1979 4057 2258 4111 novissimo
2298 4058 2504 4112 dierum
2546 4059 2773 4114 istorum
2818 4061 3025 4116 locutus
3056 4072 3136 4117 est
3182 4063 3334 4118 nobis
3379 4066 3435 4118 in

1868 4146 2096 4203 Filio”.
2145 4146 2262 4218 Ipse
2307 4163 2545 4220 namque
2591 4160 2675 4206 est
2720 4161 2944 4208 sanctus
2981 4152 3077 4208 Dei
3125 4162 3181 4209 et
3231 4153 3433 4212 Patris.

1868 4238 2009 4307 Quid
2057 4248 2112 4296 et
2157 4241 2243 4296 cui
2291 4242 2506 4298 loeutus
2549 4244 2670 4299 est?
2697 4244 2988 4315 Postquam
3022 4246 3075 4300 in
3109 4248 3435 4315 praecedenti

1866 4333 2081 4403 psalmo
2102 4343 2354 4404 precatus
2376 4332 2552 4389 fuerat
2576 4353 2589 4389 :
2622 4334 2878 4390 Exaltare
2902 4352 3057 4405 super
3080 4340 3253 4403 caelos,
3271 4337 3432 4403 Deus,

1867 4434 1916 4480 et
1943 4442 2100 4496 super
2131 4442 2334 4480 omnem
2371 4437 2567 4481 terram
2601 4428 2770 4498 gloria
2798 4439 2923 4493 tua;
2974 4428 3095 4485 ideo
3120 4432 3433 4501 respondet,

1866 4531 1927 4573 se
1948 4517 2168 4587 quidem
2194 4517 2434 4573 Sichima
2461 4519 2787 4583 divisurum,
2817 4520 2871 4574 id
2896 4528 2998 4585 est,
3034 4521 3237 4592 regiam
3261 4523 3438 4580 Israe-

1865 4609 1935 4666 lis
1968 4623 2090 4679 quae
2132 4609 2185 4664 in
2233 4607 2492 4665 Sichimis
2535 4619 2670 4665 erat.
2717 4608 2852 4665 Nam
2888 4611 3034 4667 dedit
3075 4626 3194 4667 eam
3242 4613 3437 4669 alienis

1865 4702 2138 4775 gentibus,
2170 4715 2291 4771 qua
2314 4699 2657 4756 crediderant
2691 4700 2745 4755 in
2790 4701 2990 4772 ipsum.
3038 4701 3108 4757 Et
3146 4704 3437 4760 convallem

1867 4790 2327 4849 tabernaculorum
2350 4789 2589 4844 metibor.
2607 4789 2921 4846 Convallem
2947 4791 3130 4847 divina
3153 4791 3436 4862 Scriptura

1866 4884 2113 4941 omnium
2169 4884 2449 4939 hominum
2497 4884 2831 4940 domicilium
2862 4893 3040 4940 vocat.
3080 4882 3231 4941 Hanc
3274 4886 3436 4956 igitur

1867 4991 2086 5035 omnem
2131 4974 2431 5034 convallem
2474 4976 2529 5032 in
2572 4978 2924 5034 tabernacula
2975 4978 3109 5032 mihi
3159 4978 3432 5043 dimetiar,

1864 5070 1919 5127 id
1943 5078 2045 5135 est,
2075 5070 2427 5135 ecclesiarum
2467 5069 2834 5141 plenissimam
2866 5068 3112 5124 elliciam.

1943 5314 1995 5370 9.
2022 5314 2171 5372 Meus
2200 5328 2278 5373 est
2308 5316 2515 5373 (ἐπιααά
2536 5327 2587 5373 et
2607 5335 2749 5373 meus
2771 5325 2846 5373 est
2881 5319 3174 5374 Manasses.
3205 5315 3310 5373 Per
3332 5318 3437 5374 Ga-

1871 5406 1993 5462 laad
2028 5419 2083 5464 et
2120 5408 2405 5466 Manassen
2457 5410 2723 5481 signiﬁcat
2754 5425 2812 5466 se
2854 5409 2908 5464 in
2938 5410 3168 5466 adventu
3202 5425 3302 5464 suo
3336 5409 3435 5462 ,ιιι-

1872 5501 2004 5557 (Ιωίδ
2051 5502 2288 5573 primum
2352 5504 2579 5573 gratiam
2627 5502 3065 5577 praedicaturum.
3113 5502 3228 5559 lmo
3274 5503 3440 5557 etiam
