3786 6278
372 259 470 313 2⁵11
1209 255 1267 309 S.
1308 253 1673 314 ATH’ANASH
1713 254 1863 311 OPP.
1907 255 2084 310 PARS
2124 253 2211 313 Ill.
2253 287 2320 296 —
2361 253 2767 313 EXEGETICA.
3496 261 3611 315 272

375 375 630 449 Ephraim
664 385 717 431 et
744 375 911 431 ludas
939 373 1059 429 dua:
1102 374 1264 444 regiae
1306 373 1481 428 tribus
1509 372 1674 429 Israel
1703 375 1910 445 gratian

2048 373 2205 428 Ἀλλὰ
2234 375 2326 428 καὶ
2370 372 2625 444 Ἐφραῖμ,
2658 373 2808 443 φησι,
2846 373 2938 426 καὶ
2974 373 3004 426 6
3041 372 3267 438 Ἰούδας,
3295 375 3348 427 αἱ
3377 374 3470 428 δύο
3503 381 3609 447 βα-

373 470 621 524 similiter
649 469 932 539 accipient.
980 464 1113 520 lllud
1154 474 1332 520 autem
1371 483 1384 517 :
1431 465 1708 521 Fortitudo
1741 469 1910 537 capiti,

2035 466 2228 521 σιλεῖαι
2257 467 2350 520 τοῦ
2397 467 2629 538 Ἰσραὴλ,
2657 465 2857 536 ὁμοίως
2903 465 3142 532 δέξονται
3179 467 3279 538 τὴν
3312 469 3491 541 χάριν.
3525 469 3609 523 Τὸ

2031 557 2107 621 δὲ,
2133 558 2496 624 Κραταίωσις
2527 555 2637 624 τῆς
2660 555 2928 624 κεφαλῆς
2950 574 3088 625 μου,
3117 557 3237 610 ἀντὶ
3267 557 3360 611 τοῦ
3379 600 3394 624 ,
3443 561 3598 630 ἰσχὺς

2030 648 2127 718 τῆς
2173 649 2345 720 ἀρχῆς
2391 665 2514 718 μου-
2557 647 2668 719 Τῆς
2713 647 2821 720 γὰρ
2862 649 3035 720 ἀρχῆς
3078 647 3240 701 αὺτοῦ
3275 643 3342 720 ἦς
3390 645 3599 721 ἦρχεν,

2029 739 2271 792 τουτέστι
2301 737 2395 791 τοῦ
2425 737 2658 810 Ἰσραήλ,
2691 739 2718 791 6
2759 737 2995 808 Ἐφραῖμ
3037 733 3106 808 ἧν
3137 739 3171 808 ή
3201 738 3355 808 ἰσχύς
3375 755 3387 768 ·
3414 740 3474 806 ἐξ
3500 741 3603 793 αὐ-

2027 828 2121 882 τοῦ
2147 830 2252 900 γὰρ
2279 825 2345 900 ἦν
2369 829 2402 900 ἡ
2427 827 2668 897 βασιλεία
2695 827 2788 881 τοῦ
2834 828 3064 900 Ἰσραήλ.
3085 829 3266 882 Μωάϐ
3280 829 3462 900 λέϐης
3486 831 3598 900 τῆς

2027 920 2273 986 ἐλπίδος
2311 938 2448 989 μου.
2483 921 2802 992 Λέδηςομὲν
2837 922 2899 974 τὸ
2947 922 3168 991 δοχεῖον.
3213 923 3373 992 Λέγει
3411 925 3486 987 δὲ,
3517 925 3600 989 ὡς

373 561 505 624 mei.
545 560 780 630 positum
815 566 895 612 est
937 573 1068 628 pro,
1124 556 1384 612 fortitudo
1423 557 1758 627 principatus
1801 560 1927 613 mei.

371 645 585 718 Imperii
611 648 754 704 enim
789 648 895 712 sui,
927 647 979 700 id
1013 655 1116 712 est,
1142 644 1358 701 Israelis
1386 645 1642 703 fortitudo
1674 647 1928 718 Ephraim

370 751 524 808 erat;
549 758 613 798 ex
641 757 705 797 eo
731 757 966 811 namque
994 756 1220 812 regnum
1254 741 1418 797 Israel
1460 751 1594 796 erat.
1633 741 1789 795 Moab
1819 741 1930 795 olla

369 835 478 905 spei
500 851 645 888 meae.
683 832 799 888 Olla
825 844 908 888 est
932 848 1045 887 vas.
1072 833 1160 886 Ait
1185 842 1366 888 autem
1409 831 1671 887 Moabitas
1703 833 1794 903 qui
1827 849 1929 886 nuo

367 941 462 996 per
489 926 631 980 athei
671 936 856 988 erant,
903 938 1051 993 spem
1087 924 1140 976 in
1181 938 1304 977 eum
1333 932 1648 991 accepturos
1680 937 1818 978 esse.
1859 921 1925 976 In

369 1015 660 1071 Idumteam
680 1015 957 1085 extendam
983 1014 1391 1068 calceamentum
1422 1031 1613 1069 meum.
1637 1015 1924 1070 Idumaeam

365 1125 600 1181 quoque.
638 1109 832 1179 inquit,
863 1107 1122 1163 circuibo.
1161 1105 1394 1161 Idumaea
1427 1107 1551 1161 item
1578 1107 1752 1161 aliena
1795 1119 1925 1176 gens

364 1208 500 1255 erat.
557 1196 653 1254 His
712 1205 889 1252 autem
945 1196 1104 1251 nobis
1155 1195 1480 1262 declaratur,
1528 1207 1712 1266 gentes
1762 1196 1925 1251 etiam

364 1291 491 1360 eius,
512 1289 670 1346 fidem
701 1289 1044 1359 amplexuras
1067 1302 1188 1343 esse
1223 1307 1236 1342 :
1271 1303 1442 1358 quare
1467 1287 1542 1342 ait
1574 1303 1587 1338 :
1629 1287 1761 1342 Mihi
1789 1288 1924 1342 alie-

363 1359 564 1450 nigena:
588 1376 786 1432 subditi
810 1386 953 1432 sunt.

435 1641 523 1704 11,
559 1639 646 1694 12.
684 1638 812 1704 Quis
841 1638 1056 1692 deducet
1099 1654 1178 1692 me
1218 1639 1273 1691 in
1311 1640 1576 1692 civitatem
1621 1639 1872 1692 munitam
1896 1640 1923 1693 Ρ

361 1732 496 1787 Cum
526 1747 622 1802 per
645 1731 903 1802 Spiritum
925 1730 1168 1786 audisset
1191 1731 1447 1801 propheta
1472 1741 1657 1802 gentes
1683 1731 1911 1802 gratiam
1946 1720 1986 1775 Β

357 1839 481 1881 esse
512 1833 855 1894 accepturas,
888 1822 964 1878 ait
991 1841 1008 1878 :
1040 1823 1171 1887 Quis
1205 1823 1420 1878 deducet
1452 1839 1531 1878 me
1559 1825 1616 1878 in
1651 1825 1912 1879 civitatem

359 1918 661 1972 munitam?
701 1913 986 1972 Civitatem
1036 1924 1216 1970 autem
1254 1915 1510 1970 munitam
1547 1925 1699 1970 vocat
1726 1913 1913 1970 Eccle-

357 2009 517 2074 siam,
534 2023 654 2078 quae
678 2006 772 2062 Dei
801 2006 998 2061 virtute
1023 2004 1429 2061 circumvallata
1452 2015 1554 2060 est.
1586 2003 1710 2061 Haec
1731 2015 1912 2061 autem

359 2101 619 2170 propheta
643 2097 718 2153 ait
741 2097 896 2169 quasi
919 2113 985 2153 ex
1008 2110 1242 2167 persona
1266 2097 1574 2166 pmnitentis
1602 2097 1911 2154 Judaeorum

355 2189 558 2260 populi,
595 2199 648 2243 et
676 2188 912 2258 optantis
944 2187 1191 2256 accipere
1216 2187 1373 2243 ﬁdem
1399 2187 1452 2242 in
1476 2188 1774 2246 Christum.
1807 2191 1914 2243 Aut

357 2281 474 2350 quis
505 2279 722 2333 deducet
755 2294 834 2332 me
865 2294 1024 2348 usque
1071 2281 1126 2331 in
1163 2277 1493 2332 ldumwam?
1519 2277 1764 2333 Declarat
1794 2293 1915 2350 quae

354 2370 436 2427 sit.
462 2370 652 2426 civitas
683 2370 910 2424 munita.
954 2368 1086 2435 Quae
1128 2369 1291 2440 igitur
1331 2376 1449 2436 est,
1484 2369 1588 2423 nisi
1640 2368 1914 2423 ldumaea?

355 2461 458 2517 Per
483 2460 770 2517 ldumzeam
812 2459 956 2515 enim
986 2459 1257 2529 significat
1279 2474 1468 2514 omnes
1499 2467 1683 2528 gentes
1708 2475 1828 2529 quze
1853 2460 1914 2512 li-

352 2552 473 2608 dem
503 2559 847 2622 acceperunt.
880 2549 1067 2604 Nonne
1101 2560 1180 2617 tu,
1216 2549 1376 2615 Deus,
1403 2551 1492 2619 qui
1522 2550 1755 2617 repuliin
1782 2553 1915 2606 nos?

351 2644 486 2713 Quis
514 2644 672 2709 alius,
708 2644 822 2710 ait,
869 2657 968 2697 nos
997 2641 1052 2695 in
1078 2641 1351 2696 civitatem
1384 2641 1646 2694 munitam
1678 2641 1910 2710 duxerit,

353 2735 459 2790 nisi
488 2741 548 2789 tu
583 2734 697 2803 ipse
730 2732 844 2802 qui,
883 2739 1103 2802 propter
1133 2730 1443 2802 iniquitates
1477 2737 1724 2797 nostras,
1751 2746 1849 2785 nos
1880 2747 1910 2786 a

352 2835 444 2880 tua
478 2823 840 2880 familiaritate
870 2821 1151 2893 repulisti?

424 3000 509 3054 15.
550 2998 633 3052 Da
669 2999 816 3053 nobis
863 2996 1122 3050 auxilium
1148 2995 1210 3049 de
1244 2995 1596 3062 tribulatione,
1624 2997 1748 3066 quia
1781 3011 1911 3048 vana

351 3091 496 3145 salus
522 3091 766 3143 hominis.
810 3086 927 3142 Non
957 3103 1052 3158 per
1084 3087 1401 3153 humanam,
1430 3086 1642 3158 inquit,
1665 3086 1786 3142 belli
1817 3101 1907 3141 so-

349 3182 622 3246 cietatem,
651 3181 721 3234 ab
744 3179 1121 3250 ingruentibus
1158 3179 1315 3233 nobis
1345 3179 1746 3234 calamitatibus
1774 3178 1908 3248 eripi

351 3288 669 3344 Speramus,
704 3271 796 3328 sed
829 3287 922 3342 per
954 3280 1104 3326 tuum
1140 3271 1313 3326 solum
1347 3271 1632 3328 auxilium.
1672 3270 1742 3324 Et
1776 3287 1910 3324 vana

349 3365 496 3421 salus
513 3365 757 3420 hominis.
777 3365 880 3432 Qui
903 3374 1084 3434 sperat
1109 3365 1164 3419 in
1193 3365 1421 3420 salutem
1454 3364 1692 3421 hominis
1714 3375 1906 3418 vanam

349 3458 453 3513 sibi
483 3472 633 3526 spem
667 3457 940 3528 proponit.
971 3457 1226 3527 Apertius
1255 3457 1617 3530 Symmachus
1649 3460 1910 3529 interpre-

344 3556 494 3604 tatus
517 3557 624 3615 est,
659 3549 920 3618 adjiciens
951 3549 1273 3619 particulam
1301 3551 1700 3622 conjunctivam
1733 3567 1797 3606 ac
1824 3552 1907 3607 di-

345 3655 476 3696 cens
513 3655 527 3693 :
569 3627 651 3694 Da
691 3641 840 3695 nobis
875 3641 1137 3696 auxilium
1184 3643 1248 3696 de
1301 3643 1655 3699 tribulatione.
1696 3643 1906 3700 Etenim

347 3747 481 3788 vana
509 3730 654 3784 salus
686 3730 933 3785 hominis.

416 3908 504 3964 ﬂ.
543 3907 609 3962 In
638 3906 748 3962 Deo
779 3908 1033 3977 faciemus
1067 3911 1332 3984 virtutem.
1372 3910 1671 3978 Auxiliare,
1705 3910 1900 3982 inquit,

345 3999 413 4055 iis
439 3999 530 4069 qui
564 4013 623 4054 se
653 3998 794 4054 male
821 3998 1042 4055 habent.
1075 3999 1156 4054 Tu
1186 4014 1421 4071 namque
1449 4001 1600 4056 solus
1629 4011 1782 4072 potes
1815 4017 1904 4058 ca-

343 4089 674 4145 lamitatibus
705 4088 956 4145 liberare.
994 4087 1283 4146 Hominum
1315 4090 1461 4146 enim
1492 4093 1694 4147 auxilia
1720 4101 1772 4149 te
1793 4108 1900 4148 non

344 4192 612 4239 annuente
642 4197 782 4238 vana
813 4190 958 4238 sunt.
1005 4180 1136 4252 Ejus
1165 4183 1346 4252 itaque
1394 4183 1783 4252 providentiam
1814 4186 1898 4240 in-

2028 1013 2119 1066 xal.
2148 1013 2197 1066 οἱ
2227 1012 2542 1076 Μωαϐῖται,
2601 1012 2844 1065 τουτέστι
2891 1012 2953 1065 τὸ
2981 1011 3185 1084 ⁴πρώην
3237 1015 3397 1069 ἄθεον
3442 1015 3599 1082 ἔθνος

2027 1104 2338 1174 ὑποδέχεται
2358 1104 2456 1175 τὴν
2482 1105 2561 1167 είς
2591 1104 2689 1174 ἐμὲ
2715 1104 2920 1157 ἐλπίδα.
2960 1106 3084 1157 Ἐπὶ
3110 1105 3226 1175 τὴν
3267 1106 3598 1176 Ἰδουμαίαν

2024 1193 2243 1248 ἐκτενῶ
2283 1195 2347 1247 τὸ
2401 1193 2683 1264 ὐπόδημὰ
2725 1212 2863 1265 μου.
2906 1195 3016 1248 Καὶ
3065 1197 3124 1249 ὲν
3177 1199 3243 1268 τῇ
3288 1197 3594 1270 Ἰδουμαίᾳ,

2025 1287 2222 1357 φησὶν,
2258 1287 2709 1358 ὲμπεριπατήσω.
2755 1287 3025 1358 Ἰδουμαία
3054 1286 3112 1340 δὲ
3153 1289 3313 1342 πάλιν
3357 1290 3593 1359 ἀλλοφύ-

2022 1376 2129 1430 λων
2157 1373 2225 1448 ἦν
2257 1377 2426 1441 ἔθνος.
2461 1377 2721 1449 Δηλοῦται
2755 1378 2810 1432 δὲ
2849 1378 2935 1432 διὰ
2980 1379 3182 1432 τούτων
3205 1381 3354 1450 ήμῖν,
3385 1383 3459 1444 ὡς
3489 1383 3592 1454 τήν

2021 1469 2102 1534 είς
2130 1469 2292 1524 αὑτὸν
2327 1471 2508 1524 πίστιν
2540 1471 2635 1525 καὶ
2664 1470 2733 1525 τὰ
2777 1470 2900 1542 ἔθνη
2938 1471 3346 1543 παραδέξονταιο
3375 1474 3452 1527 διό
3483 1492 3591 1546 φη-

2023 1577 2128 1614 σιν’
2172 1561 2334 1631 Ἐμοὶ
2361 1563 2697 1631 ἀλλόφυλοι
2725 1561 3132 1634 ὑπετάγησαν.

2094 1653 2189 1719 Τίς
2230 1653 2445 1717 ἀπάξει
2472 1669 2547 1722 με
2579 1655 2666 1718 εὶς
2712 1655 2893 1707 πόλιν
2941 1653 3264 1722 περιοχῆς;
3324 1643 3589 1721 Ἀκούσας

2015 1742 2104 1797 διὰ
2135 1744 2228 1797 τοῦ
2262 1745 2576 1815 Πνεύματος
2612 1747 2640 1797 6
2667 1746 2969 1816 προφήτης,
3013 1746 3088 1808 ὡς
3114 1745 3183 1799 τὰ
3217 1745 3342 1817 ἔθνη
3367 1746 3581 1817 δέχεται

2017 1833 2113 1906 τὴν
2143 1834 2322 1905 χάριν,
2354 1835 2504 1904 φησί·
2542 1835 2637 1900 Τίς
2668 1851 2745 1904 με
2783 1835 2998 1899 ἀπάξει
3023 1837 3110 1901 εὶς
3140 1838 3319 1891 πόλιν
3346 1837 3458 1906 τῆς
3487 1853 3588 1893 πε-

2007 1927 2257 1997 ριοχνῆς;
2297 1927 2458 1980 Πόλιν
2500 1927 2557 1980 δὲ
2595 1927 2852 1999 περιοχῆς
2901 1927 2996 1998 τὴν
3053 1927 3375 1999 Ἐκκλησίαν
3419 1931 3581 2000 φησὶ,

2013 2018 2111 2090 τὴν
2162 2017 2678 2091 περιπεφραγμένην
2706 2022 2772 2090 τῇ
2805 2017 2898 2071 τοῦ
2939 2017 3073 2071 Θεοῦ
3119 2019 3361 2090 δυνάμει.
3399 2021 3585 2076 Ταῦτα

2013 2107 2069 2161 δὲ
2099 2110 2127 2161 6
2172 2109 2454 2178 προφήτης
2490 2110 2565 2171 ὡς
2615 2093 2680 2161 ἐπὶ
2726 2091 3015 2178 προσώπου
3057 2107 3148 2161 τοῦ
3201 2111 3588 2180 μετανοοῦντος

2014 2195 2144 2249 λαοῦ
2193 2196 2302 2251 τῶν
2344 2197 2604 2249 Ἰουδαίων
2647 2197 2799 2267 φησὶ,
2848 2197 2939 2249 καὶ
2977 2195 3300 2265 ἀγαπῶντος
3329 2199 3586 2264 δέξασθαι

2011 2286 2111 2360 τὴν
2135 2287 2314 2341 πίστιν
2339 2288 2438 2358 τὴν
2463 2289 2542 2351 εἰς
2569 2288 2817 2360 Χριστόν.
2852 2288 3034 2353 Ἢοτίς
3061 2287 3344 2356 ὁδηγήσει
3367 2307 3443 2360 με
3468 2291 3588 2361 ἕως

2015 2377 2125 2446 τῆς
2163 2377 2521 2447 Ἱδουμαίαςς
2555 2378 2714 2450 Δηλοῐ
2734 2378 2818 2441 τίς
2851 2379 2997 2431 ἐστιν
3025 2381 3056 2449 ή
3087 2379 3238 2443 πόλις
3266 2383 3365 2450 τῆς
3391 2399 3584 2453 περιο-

2014 2468 2136 2538 χῆς.
2192 2469 2288 2533 Τίς
2342 2466 2435 2524 οὖν
2487 2473 2633 2524 ἐστιν
2680 2470 2711 2542 ἢ
2759 2472 2792 2542 ή
2854 2470 3156 2541 ἰ”δουμαία;
3210 2472 3340 2525 Ἀπὸ
3379 2473 3435 2526 δὲ
3479 2475 3583 2546 τῆς

2026 2560 2322 2632 Ἰδουμαίας
2365 2562 2538 2616 πάντα
2585 2562 2652 2616 τὰ
2698 2561 2824 2633 ἔθνη
2878 2561 3126 2632 σημαίνει
3178 2563 3245 2617 τὰ
3293 2549 3389 2636 τὴν
3421 2566 3584 2635 χάριν

2015 2651 2402 2722 ὑποδεξάμενα.
2460 2653 2604 2722 Οὐχὶ
2673 2651 2753 2706 σὺ
2807 2656 2840 2707 ό
2900 2653 3044 2719 Θεὸς
3104 2656 3138 2708 ὁ
3186 2655 3585 2724 ἀπωσάμενος

2011 2742 2204 2812 maio;
2232 2743 2327 2808 Τίς
2359 2744 2533 2808 ἄλλος,
2562 2743 2744 2814 φησὶν,
2774 2745 2921 2815 ήμᾶς
2962 2730 3041 2808 εἰς
3066 2745 3165 2818 τὴν
3196 2747 3348 2800 πόλιν
3381 2747 3582 2816 ἀγάγοι

2011 2835 2108 2906 τῆς
2158 2837 2477 2908 περιοχῆςῆ
2523 2837 2584 2888 σὺ
2636 2837 2816 2905 αὐτὸς,
2850 2840 2878 2890 ὁ
2929 2839 3022 2892 καὶ
3069 2838 3155 2893 διὰ
3203 2840 3300 2904 τὰς
3350 2841 3581 2911 ἀνομίας

2011 2927 2170 2998 ήμῶν
2198 2931 2294 2999 τῆς
2329 2929 2425 2998 σῆς
2451 2926 2770 2992 οίκειὼσεως
2795 2929 3072 2994 ὲκ6αλών;

2081 3018 2189 3086 Δὸς
2229 3019 2371 3089 ἡμῖν
2407 3020 2697 3089 ,ϐοήθειαν
2747 3021 2815 3074 ἐκ
2873 3022 3166 3089 θλίψεων,
3213 3022 3308 3076 καὶ
3353 3027 3580 3094 ματαία

2010 3110 2271 3177 σωτηρία
2299 3109 2627 3178 ἀνθρώπου.
2653 3111 2726 3165 Ού
2758 3111 2843 3165 διὰ
2868 3112 3228 3184 ἀνθρωπίνης,
3253 3115 3576 3188 φησὶ,’συμ-

2013 3201 2214 3270 μαχίας
2246 3201 2351 3254 τῶν
2399 3202 2834 3273 ὲπελευσομένων
2864 3205 2990 3275 ήμίν
3023 3205 3252 3276 θλίψεων
3285 3209 3577 3281 ἐλπίζομεν

1954 3330 1963 3340 .
2011 3289 2567 3362 ὲλευθερωϐήσεσθαι,
2603 3293 2715 3346 ἀλλ’
2754 3295 2785 3365 ἢ
2838 3295 2925 3349 διὰ
2969 3299 3068 3366 τῆς
3107 3297 3204 3368 σῆς
3244 3299 3408 3369 μόνης
3452 3303 3575 3355 ἑπι-

2010 3379 2251 3451 κουρίας.
2286 3381 2396 3434 Καὶ
2417 3383 2636 3450 ματαία
2664 3385 2926 3452 σωτηρία
2955 3385 3284 3454 ἀνθρώπου.
3322 3390 3434 3454 Πᾶς
3461 3391 3575 3460 γὰρ

2007 3470 2035 3521 6
2061 3470 2293 3534 ἐλπίζων
2325 3472 2416 3524 ἐπὶ
2457 3474 2729 3544 σωτηρίαν
2771 3475 3052 3547 ἀνθρώπου
3104 3479 3183 3541 είς
3212 3481 3443 3550 ματαίαν
3483 3483 3576 3536 ἐλ-

2007 3562 2136 3617 πίδα
2174 3563 2385 3633 ήλπισε.
2433 3564 2767 3636 Σαφέστερον
2813 3569 2840 3621 6
2883 3569 3176 3640 Σύμμαχος
3222 3573 3571 3643 ἡρμήνευσε,

2008 3653 2258 3725 προσθεὶς
2288 3655 2379 3708 τὸν
2427 3654 2716 3726 σύνδεσμον
2750 3658 2841 3710 καὶ
2884 3658 3070 3711 είπὼνο
3099 3659 3207 3726 Δὸς
3249 3661 3394 3729 ἡμῖν
3419 3663 3565 3730 ﬁori-

2005 3748 2167 3799 θείαν
2194 3746 2261 3799 ἐκ
2309 3747 2601 3816 θλίψεως·
2631 3747 2728 3801 καὶ
2761 3748 2870 3818 γὰρ
2909 3752 3126 3819 ματαία
3166 3755 3424 3823 σωτηρία
3462 3757 3573 3812 ἀνω

2005 3838 2254 3906 θρώπου.

2103 3930 2203 3984 ἐν
2239 3929 2320 3995 τῷ
2371 3931 2491 3996 Θεῷ
2537 3932 2868 4004 ποιήσομεν
2914 3934 3185 4006 δύναμιν.
3239 3941 3569 4014 Ἐπάμυνον,

2002 4021 2155 4091 φησὶ,
2197 4022 2555 4095 διακειμένοις
2589 4026 2789 4090 κακῶς.
2824 4029 2913 4082 Σοὶ¹
2957 4029 3101 4101 μόνῳ
3133 4031 3351 4087 δυνατὸν
3383 4035 3568 4088 διαλῦι

2002 4127 2090 4164 σαι
2122 4111 2220 4176 τὰς
2251 4117 2553 4187 συμφοράς.
2582 4117 2652 4170 Αἵ
2679 4135 2736 4172 τε
2764 4118 2870 4172 τῶν
2901 4120 3206 4192 ἀνθρώπων
3234 4125 3564 4197 ἐπικουρίαι,

2002 4201 2094 4254 σοῦ
2128 4204 2202 4276 μὴ
2237 4205 2501 4272 νεύοντος,
2536 4207 2777 4280 μάταιαι.
2820 4210 2927 4281 Τὴν
2966 4212 3143 4268 τοίνυν
3173 4216 3336 4269 αὐτοὸ
3373 4218 3567 4272 ἐπικα-

343 4275 678 4340 vocabimus,
707 4283 762 4328 et
784 4275 841 4328 in
864 4273 986 4344 ejus
1015 4274 1210 4330 virtute
1237 4275 1592 4332 conlidemus.
1611 4275 1735 4332 Haec
1753 4277 1897 4333 enim

2023 4273 2264 4362 scopae:
2293 4273 2568 4366 πρόνοιαν,
2602 4296 2697 4351 καὶ
2728 4300 2792 4368 τῇ
2837 4273 3000 4353 αύτοῦ
3031 4301 3255 4374 δυνάμει
3292 4303 3564 4377 Θαρρήσο-

341 4368 452 4423 sola
475 4367 669 4424 sufﬁcit
691 4366 757 4422 ad
785 4366 971 4438 gravia
999 4383 1226 4438 quaeque
1249 4367 1528 4434 solvenda,
1546 4377 1600 4424 et
1621 4368 1688 4424 ad
1717 4367 1898 4425 inimi-

2023 4399 2119 4438 ιεν.
2145 4383 2292 4456 Αὕτη
2317 4385 2425 4457 γὰρ
2459 4387 2617 4457 ἀρκεῖ
2643 4366 2959 4460 μόνη-λῦσαι
2989 4391 3056 4446 τὰ
3085 4366 3310 4464 χαλεπὰ.
3336 4366 3427 4450 ita}.
3453 4366 3567 4453 τῶν

340 4473 527 4513 eorum
559 4474 659 4514 nos
687 4460 1125 4530 impugnantium
1154 4461 1445 4528 potentiam
1466 4461 1897 4531 opprimendam.

2023 4476 2378 4548 τολεμούντων
2417 4480 2548 4551 ήμῖν
2584 4480 2880 4536 καταλῦσαι
2911 4483 3009 4554 τὴν
3053 4484 3386 4542 δυναστείαν.
3439 4487 3563 4540 Ἀλ-

340 4547 541 4604 Mutuis
573 4564 668 4604 ceu
703 4553 929 4607 vocibus
959 4553 1360 4623 colloquuntur,
1417 4554 1712 4626 dicuntque
1748 4569 1806 4610 se
1844 4554 1901 4610 in

2023 4565 2177 4635 ,ήλοις
2209 4567 2396 4639 ὥσπερ
2429 4569 2788 4638 ἐπιφωνοῦσιν
2820 4571 2908 4623 ἐπὶ
2936 4571 3014 4642 τῷ
3045 4572 3162 4642 Θεῷ
3203 4573 3350 4645 μόνῳ
3377 4574 3564 4633 λοιπὸν

338 4638 457 4695 solo
486 4636 594 4692 Deo
617 4654 766 4707 spem
804 4642 1129 4710 reposuisse.
1161 4641 1524 4709 Quamobrem
1553 4645 1627 4700 ait
1656 4659 1672 4699 :
1706 4645 1840 4701 Cum
1867 4660 1898 4701 a

2023 4656 2094 4719 ’ὰς
2127 4657 2346 4720 ἐλπίδας
2368 4636 2544 4728 ⁷ἔχειν
2569 4661 2669 4730 τῆς
2710 4636 2998 4731 σωτηρίας.
3043 4636 3144 4714 Διό.
3177 4636 3358 4734 (έησινο
3391 4667 3520 4721 Ὅτο
3549 4687 3562 4710 ο

339 4731 457 4785 solo
472 4727 581 4785 Deo
604 4730 712 4784 vim
732 4731 972 4787 futuram
995 4735 1150 4790 nobis
1175 4738 1593 4807 speraverimus,
1617 4747 1746 4795 tunc
1764 4739 1898 4795 nihil

337 4837 456 4878 esse
488 4821 736 4878 inimicos
762 4832 980 4880 nostros
1011 4827 1361 4896 reperiemus.

409 4913 460 4967 1.
501 4912 567 4965 In
596 4913 753 4983 ﬁnem
788 4916 843 4968 in
871 4915 1076 4985 hymnis
1106 4915 1295 4972 David.
1329 4917 1665 4975 PSALMUS
1704 4921 1822 4976 LX.

916 5005 1311 5074 Argumentum.

335 5091 549 5150 Gratias
597 5094 702 5149 Deo
727 5095 892 5152 refert
916 5111 1039 5151 cum
1066 5112 1164 5166 pro
1199 5098 1398 5167 seipso,
1431 5107 1543 5154 tum
1574 5114 1670 5169 pro
1697 5102 1892 5171 populo

401 5185 633 5241 salutem
663 5204 758 5257 per
789 5188 1018 5258 gratiam
1049 5191 1261 5260 adepto.
1296 5189 1584 5246 Pollicetur
1614 5203 1795 5247 autem
1834 5210 1892 5250 se

403 5292 525 5331 cum
565 5279 617 5332 in
657 5281 874 5335 aeternis
908 5279 1116 5351 degerit
1149 5281 1521 5337 mansionibus
1560 5282 1892 5340 incessanter

401 5368 589 5422 laudes
621 5370 969 5424 emissurum.

401 5456 457 5523 2,
491 5457 543 5511 3.
581 5456 815 5519 Exaudi.
853 5459 987 5514 Deus
1011 5502 1026 5528 ,
1055 5462 1467 5530 deprecationem
1507 5481 1693 5519 meam.
1737 5465 1888 5531 Quo-

332 5547 478 5601 niam
525 5550 815 5617 potentiam
868 5567 931 5606 ac
979 5555 1313 5624 tyrannidem
1361 5559 1665 5613 daemonum
1715 5558 1888 5628 respi-

331 5639 503 5708 ciens,
536 5641 803 5701 anxietate
835 5644 1025 5714 plenus
1055 5661 1209 5715 sum;
1259 5649 1378 5705 ideo
1412 5650 1670 5719 obsecro,
1720 5661 1778 5708 ut
1819 5653 1885 5707 ad

1995 4747 2089 4798 ὲπὶ
2119 4746 2196 4817 τῷ
2224 4747 2342 4817 Θεῷ
2379 4748 2740 4819 δυναμοῦσθαι
2769 4751 3094 4822 ἐλπίσωμεν,
3125 4754 3246 4807 τότε
3280 4756 3372 4810 καὶ
3408 4758 3560 4816 οὐδὲν

1993 4836 2149 4900 ὄντας
2177 4839 2301 4900 τοὺς
2325 4838 2548 4910 ἐχθροὺς
2582 4840 2739 4911 ήμῶν
2770 4842 3088 4914 εὑρήσομεν.

2029 4931 2132 4995 Εἰς
2154 4930 2218 4983 τὸ
2248 4931 2420 4996 τέλος
2451 4932 2520 4984 ἐν
2551 4933 2759 5001 ὕμνοις
2783 4934 2861 5000 τῷ
2887 4938 3085 4994 Δαὺΐδ.
3118 4941 3422 4996 ΨΑΛΜΟΣ
3443 4942 3521 4997 ε’.

2395 5025 2402 5034 ’
2595 5025 2915 5095 ’Υπόθεσιᾳ

1992 5113 2346 5182 Εύχαριστίαν
2379 5114 2636 5186 ἀναφέρει
2675 5116 2793 5188 Θεῷ
2833 5119 2972 5191 ὑπέρ
3003 5137 3062 5173 τε
3094 5121 3285 5175 ἑαυτοῦ
3328 5123 3420 5176 καὶ
3455 5122 3551 5177 τοῦ

2063 5204 2320 5269 σωθέντος
2347 5206 2432 5260 διὰ
2464 5207 2560 5278 τῆς
2593 5209 2825 5275 πίστεως
2858 5211 3005 5266 λαοῦ.
3046 5213 3394 5281 Ἐπαγγέλλεο
3417 5211 3462 5269 ιζ
3490 5203 3590 5267 ts"

2058 5296 2150 5346 καὶ
2181 5297 2237 5349 ἐν
2265 5299 2382 5360 ταῖς
2411 5300 2647 5365 αἰωνίοις
2685 5303 2917 5370 γεγονὼς
2953 5307 3137 5374 μοναῖς
3164 5305 3550 5382 ἀκαταλήκῇως

2058 5385 2397 5457 ἀναπέμπειν
2427 5389 2522 5460 τήν
2545 5392 2765 5445 αίνεσιν.

2061 5475 2460 5544 Εισιὶκουσον,
2502 5484 2534 5534 o'
2563 5483 2727 5549 Θεὸς,
2761 5482 2868 5552 τῆς
2896 5484 3158 5554 δεήσεώς
3177 5503 3315 5554 μου.
3334 5486 3549 5559 Ἐπειδὴ

1988 5568 2066 5628 είς
2113 5568 2210 5638 τὴν
2252 5569 2698 5626 καταδυναστείαν
2743 5575 2834 5629 καὶ
2866 5576 2945 5637 είς
2985 5577 3080 5646 τήν
3109 5576 3399 5646 τυραννίδα
3439 5579 3550 5632 τῶν

1987 5657 2252 5728 δαιμόνων
2277 5661 2514 5732 ἀφορῶν,
2539 5664 2762 5734 ἁκηδίας
2789 5665 3170 5737 πεπλήρωμαι·
3188 5667 3374 5721 τούτου
3393 5667 3549 5740 χάριν
