3786 6278
169 297 274 356 275

1315 299 1676 394 EXPOSlTlO
1711 299 1776 355 IN
1822 301 2153 359 PSALMUM
2173 253 2181 263 Ι
2200 303 2332 362 LXI.
3343 316 3446 370 274

171 413 433 478 ἱκετεύω,
467 416 625 480 ὅπως
669 414 949 486 ἐπιφανεὶς
978 413 1074 484 τῆς
1107 411 1215 466 τῶν
1258 412 1592 483 βιαζομένων
1633 415 1730 485 ἠμὲ

1924 425 2129 471 ostrum
2174 431 2522 489 conspectum
2558 423 2780 478 veniens
2809 424 3010 494 eripias
3045 439 3147 481 nos
3184 426 3252 482 de
3283 443 3450 484 manu

165 507 318 579 ἐξέλῃ
374 508 592 580 χειρός.
628 509 704 560 Τὸ
735 508 812 572 δὲ,
854 505 987 561 Ἀπὸ
1019 503 1135 559 τῶν
1172 504 1444 572 περάτων
1486 504 1596 574 τῆς
1639 505 1730 575 γῆς

1924 524 2063 562 )rum
2093 510 2186 578 qui
2211 510 2319 565 vim
2349 511 2507 567 nobis
2544 513 2808 569 inferunt.
2850 515 2984 571 Illud
3015 526 3220 583 autem,
3251 521 3296 573 Α
3322 521 3450 590 ﬁni-

169 599 433 670 σημαίνει
461 600 612 663 ὑπὲρ
649 601 827 673 πάσης
852 597 1010 652 αὐτὸν
1042 597 1141 668 τῆς
1168 596 1493 667 οἰκουμένης
1518 596 1730 668 ποιούμε

1924 617 1970 654 ts
2020 611 2174 657 terrae
2200 645 2216 671 ,
2259 604 2529 674 signiﬁcat
2555 622 2680 662 eum
2733 623 2832 679 pro
2864 618 2978 665 toto
3016 610 3148 667 orbe
3182 620 3450 667 terrarum

169 710 252 744 νον
284 692 394 755 τὰς
423 692 610 756 λιτάς.
645 691 777 746 Ἀπὸ
803 691 921 744 τῶν
951 688 1220 758 περάτων
1251 686 1358 755 τῆς
1385 687 1496 757 γῆς
1525 688 1672 758 πρὸς
1700 706 1730 742 ο

1924 693 2302 764 Ipplicationes
2329 697 2544 755 oﬂ‘erre.
2569 702 2613 755 A
2633 701 2827 769 ﬁnibus
2857 713 3014 758 terra:
3036 704 3105 758 ad
3132 715 3181 760 te
3204 705 3449 762 clamavi.

168 785 491 852 ἐκέκραξα.
536 785 758 856 Ἐπειδὴ
787 783 896 856 γὰρ
928 783 1141 847 πολλοῖς
1167 785 1426 854 σταθμοῖς
1453 784 1486 854 ἡ
1519 781 1730 837 Βαϐυλὰ

1925 785 2142 840 uoniam
2188 787 2513 844 stationibus
2558 791 2746 846 multis
2793 791 3030 864 Babylon
3081 809 3112 848 a
3163 793 3450 851 Palaestina

168 877 262 947 τῆς
295 876 692 947 Παλαιστίνης
715 876 1012 946 ἀφέστηκε,
1041 873 1140 938 τὰς
1177 873 1433 944 ἐσχατιὰς
1460 872 1730 943 ὑπελάμϐσ

1924 883 2057 942 stat,
2085 885 2326 932 extrema
2354 879 2503 933 orbis
2532 880 2836 937 inhabitare
2868 899 2926 938 se
2953 885 3234 953 putabant,
3270 887 3363 957 qui
3394 886 3450 941 in

168 987 248 1022 νον
294 970 401 1039 τῆς
454 968 795 1039 οἰκουμένης
851 968 1019 1020 οἰκεῖν
1069 967 1118 1019 οἱ
1165 964 1730 1038 ἐξανδραποδισθέντες

1924 966 2238 1035 Iptivitatem
2277 968 2494 1024 deducti
2517 986 2636 1025 eam
2663 980 2860 1026 terram
2889 975 3127 1030 incolere
3155 976 3295 1047 jussi
3335 977 3452 1033 fue-

168 1061 434 1130 κάκείνην
498 1059 830 1130 τεταγμένοι
882 1058 981 1129 τὴν
1028 1057 1133 1127 γῆν
1184 1058 1372 1112 οίκεῖν.
1431 1058 1534 1111 Ἕν
1586 1056 1730 1126 πέτρ

1924 1066 2013 1112 mt.
2045 1056 2108 1111 In
2135 1070 2286 1129 petra
2308 1061 2564 1116 exaltasti
2595 1080 2694 1117 me.
2727 1063 2972 1120 Declarat
2999 1082 3057 1122 se
3084 1068 3194 1122 cito
3223 1069 3451 1123 exaudi-

163 1153 422 1222 ἰηί-υσάς
467 1169 575 1221 με.
625 1152 904 1205 Δείκνυσιν
955 1151 1158 1213 εὐθέως
1191 1149 1580 1215 εἰσακουσθεὶς,
1632 1167 1730 1203 κατ

1924 1151 2178 1220 im,juxta
2205 1154 2371 1210 illud:
2399 1155 2585 1209 Adhuc
2615 1166 2661 1209 te
2687 1155 2926 1226 loquente
2955 1160 3127 1212 dicant
3147 1177 3165 1214 :
3193 1158 3328 1214 Ecce
3349 1161 3447 1213 ad-

161 1247 238 1297 τέ’
275 1248 414 1299 Ἔτι
450 1243 581 1298 σοῦ
624 1242 994 1307 λαλοῦντος,
1024 1239 1157 1310 ἐρῶο
1198 1240 1343 1295 Ἰδοὺ
1373 1240 1627 1310 πάρειμι.
1665 1241 1730 1294 Σο

1924 1260 1986 1296 tm
2004 1243 2068 1297 “.
2085 1244 2280 1314 Aperte
2303 1254 2485 1302 autem
2503 1247 2760 1318 praedicat
2779 1264 2875 1318 per
2896 1265 3057 1321 quem
3085 1251 3236 1306 salus
3262 1252 3447 1306 futura

161 1338 270 1405 ςῶς
307 1354 376 1390 τε
406 1335 688 1406 κηρύττει
729 1333 820 1388 διὰ
845 1333 1048 1405 τίνοςὴ
1079 1333 1340 1404 σωτηρία’
1379 1332 1625 1403 ὑψῶσθαι
1661 1334 1730 1402 γά

1924 1342 1962 1398 t,
1993 1336 2288 1391 exaltatum
2314 1338 2458 1392 enim
2488 1353 2546 1392 se
2575 1338 2629 1392 in
2666 1349 2816 1408 petra
2837 1340 3011 1396 fuisse
3036 1341 3133 1396 ait.
3168 1340 3447 1399 Fortiores

162 1446 323 1500 φησιν
355 1431 421 1482 ὲν
479 1428 686 1499 πέτρᾳ.
728 1427 1026 1499 Κρείττους
1069 1425 1179 1496 γὰρ
1224 1427 1320 1480 καὶ
1361 1425 1618 1498 ἀνωτέρω
1659 1426 1730 1480 τῶ

1924 1442 2104 1498 Imque
2145 1443 2210 1482 ac
2253 1429 2568 1499 superiores
2612 1430 2755 1486 mala
2788 1431 3146 1487 inferentibus
3179 1431 3445 1489 daemoni-

161 1521 599 1593 ἐπηρεαζόντων
636 1520 907 1590 δαιμόνων
959 1518 1260 1591 γεγόναμεν
1297 1517 1386 1574 διὰ
1412 1517 1672 1590 Χριστοῦ,
1711 1517 1730 1570 ε

1924 1535 1972 1577 Is
1997 1536 2093 1591 per
2121 1521 2395 1578 Christum
2439 1523 2616 1580 effecti
2650 1540 2864 1591 sumus,
2895 1525 2989 1596 qui
3023 1539 3055 1579 a
3084 1525 3243 1581 beato
3274 1525 3444 1581 Paulo

160 1613 333 1683 πέτρα
360 1611 533 1683 παρὰ
554 1610 638 1682 τῷ
668 1611 923 1683 μακαρίῳ
944 1610 1140 1683 Παύλῳ
1172 1609 1610 1682 κατωνόμασται.

231 1700 600 1771 Ὠόήτησάς
639 1718 737 1770 με,
768 1700 858 1754 ὅτι
882 1699 1172 1770 ὲγενήθης
1196 1699 1373 1764 ἐλπίς
1391 1716 1532 1768 μου.
1564 1699 1627 1752 Ei
1657 1698 1765 1770 γὰρ

1867 1620 2018 1682 petra
2051 1613 2352 1683 appellatus
2373 1624 2478 1670 est.

1938 1705 1992 1759 4.
2020 1704 2296 1760 Deduaisti
2331 1723 2412 1760 me
2437 1708 2561 1778 quia
2591 1707 2768 1776 factus
2798 1724 2852 1762 es
2889 1723 3004 1778 spes
3037 1724 3174 1762 mea.
3216 1706 3272 1762 Si
3300 1707 3446 1764 enim

157 1795 316 1858 αὐτός
346 1798 516 1848 ἐστιν
549 1796 587 1866 ὴ
615 1794 752 1859 ὁδὸς,
785 1793 882 1847 καὶ
912 1793 1074 1857 αὐτός
1121 1794 1267 1846 ἐστιν
1310 1792 1346 1862 ἡ
1380 1791 1548 1864 θύρα,
1577 1790 1730 1861 δῆλον

1924 1812 1981 1852 se
2012 1797 2097 1852 via
2127 1807 2212 1853 est
2231 1837 2247 1862 ,
2275 1809 2329 1853 et
2360 1799 2475 1868 ipse
2509 1807 2666 1869 porta
2686 1839 2700 1864 ,
2733 1800 2910 1868 palam
2952 1808 3036 1855 est
3063 1815 3190 1855 eum
3225 1814 3324 1856 nos
3347 1799 3446 1854 bo-

155 1887 234 1938 ὅτι
259 1886 361 1955 τὴν
396 1883 630 1955 ἀγαθὴν
658 1885 804 1954 ἡμᾶς
834 1884 1068 1955 βαδίζειν
1096 1883 1296 1950 διδάξει
1327 1884 1534 1955 τρίϐον,
1563 1886 1644 1949 είς
1673 1883 1763 1938 αὐ-

155 1979 242 2030 τὸν
289 1976 559 2040 ἐλπίζειν
607 1976 1055 2047 παρασκευάσας.
1101 1977 1334 2045 Πύργος
1378 1976 1594 2044 ἰσχύος
1642 1974 1760 2030 ἀπὸ

155 2069 502 2138 κροσὼπὶνυ
537 2068 780 2138 ἐχθροῦ.
818 2068 1042 2138 Ὅμοιον
1074 2068 1150 2132 ὡς
1175 2071 1223 2121 εί
1252 2068 1420 2137 λέγοι·
1450 2069 1641 2138 Τεῖχος
1668 2069 1763 2120 καὶ

153 2162 438 2230 ἀσφάλεια
470 2161 708 2229 γέγονας
733 2161 813 2224 εἰς
840 2160 900 2214 τὸ
929 2160 1090 2231 μηδὲν
1121 2160 1310 2214 παθεῖν
1350 2159 1762 2231 ἐπηρεαζόντων

155 2257 258 2308 τῶν
285 2255 546 2327 ἐχθρῶν.

219 2344 608 2414 Παροικήσω
634 2344 704 2397 ἐν
732 2342 814 2408 τῷ
835 2341 1181 2411 σκηνώματί
1207 2357 1323 2394 σου
1351 2341 1440 2404 είς
1465 2338 1605 2404 τοὺς
1629 2338 1762 2392 αἰῶ-

155 2455 280 2504 νας.
330 2437 464 2506 Ἀφ’
500 2429 581 2490 ὧν
633 2435 735 2506 ἠδη
782 2433 1002 2507 εἴληφεν
1046 2433 1298 2502 ἀγαθῶν,
1341 2434 1437 2486 καὶ
1483 2433 1608 2503 περὶ
1655 2431 1761 2484 τῶν

155 2528 474 2600 μελλόντων
511 2527 744 2591 ἐλπίζειο
773 2529 857 2580 ὅτι
888 2527 971 2597 δὴ,
1004 2527 1083 2590 είς
1115 2524 1211 2589 τὰς
1235 2525 1347 2579 ἄνω
1373 2524 1576 2595 σκηνὰς
1605 2541 1762 2592 γεγο-

152 2620 278 2685 νὼς,
305 2621 428 2673 ὑπὸ
460 2620 568 2688 τὴν
597 2619 760 2673 αὑτοῦ
789 2619 1081 2683 διαπαντὸς
1131 2619 1424 2689 γενήσεται
1455 2618 1686 2688 σκέπην.

221 2713 521 2778 Ἐδωκας
547 2711 956 2781 κληρονομίαν
976 2709 1101 2777 τοῖς
1124 2709 1517 2780 φοϐουμένοις
1541 2710 1607 2763 τὸ
1632 2708 1763 2762 ὅνο-

148 2805 231 2874 μὰ
275 2820 434 2859 σου.
481 2802 598 2856 Καὶ
647 2801 728 2866 τίς
778 2805 814 2872 ἡ
849 2801 1181 2874 κληρονομία
1212 2802 1247 2871 ἢ
1292 2802 1327 2872 ἡ
1381 2801 1626 2871 βασιλεία
1653 2799 1761 2854 τῶν

151 2897 448 2969 οὖρανῶνς
501 2895 683 2949 Δεῦτε
724 2894 854 2967 γὰρ,
909 2896 1097 2967 φησὶν,
1138 2897 1193 2949 οι
1235 2893 1627 2965 εὐλογημένοι
1655 2893 1761 2948 τοῦ

148 2993 397 3060 Πατρός
425 3007 584 3058 μου,
615 2987 1114 3056 κληρονομήσατε
1157 2985 1271 3056 τὴν
1313 2987 1762 3056 ἡτοιμασμένην

149 3085 300 3154 ὑμῖν
341 3081 690 3147 βασιλείαν
728 3079 848 3134 ἀπὸ
882 3078 1220 3147 καταϐολῆς
1269 3080 1520 3148 κόσμου,
1567 3079 1660 3132 καὶ
1693 3079 1760 3134 τὰ

148 3176 305 3248 ἑξῆς·
343 3173 500 3228 ὥστε
530 3171 889 3242 κληρονομεῖν
919 3171 1020 3242 τὴν
1055 3171 1451 3242 βασιλείαν.τοῦ
1481 3171 1638 3237 Θεοῦ,
1668 3173 1761 3225 καὶ

150 3267 421 3338 λέγεσθαι
457 3266 556 3319 ἐπὶ
584 3264 686 3334 τῆς
712 3264 817 3334 γῆς
847 3262 1223 3334 Χριστιανούς.

237 3359 517 3429 Ἡμέρας
541 3357 634 3426 ἐφ’
659 3355 885 3426 ὴμέρας
909 3353 1014 3410 τοῦ
1037 3355 1345 3422 ,βασιλέως
1371 3354 1756 3425 προσθήσεις.

154 3448 442 3520 Σημαίνει
475 3448 508 3499 ὁ
537 3446 716 3515 λόγος,
758 3445 833 3509 ὡς
863 3445 956 3499 καὶ
982 3444 1140 3499 τοῦτο
1188 3445 1352 3517 μέρος
1379 3446 1482 3517 τῆς
1505 3446 1761 3519 κληρονο-

157 3541 292 3611 μίας
320 3540 508 3604 ἐστὶν,
538 3540 573 3608 ἠ
600 3535 714 3608 ζωὴ
747 3539 782 3608 ἡ
807 3534 1044 3600 αἰώνιος.
1074 3535 1245 3590 Τοῦτο
1268 3536 1375 3609 γάρ
1403 3538 1519 3590 ἐστι
1545 3535 1606 3590 τὸ
1628 3536 1762 3608 ὴμέ-

159 3651 258 3705 ρας
307 3631 547 3704 ἡμερῶν
594 3633 707 3694 τοῖς
752 3629 895 3684 ἔτεσι
944 3629 1040 3683 τοῦ
1105 3627 1369 3700 βασιλέως
1423 3627 1757 3700 προσθεῖναι.

156 3726 434 3797 Σημαίνει
481 3724 590 3795 γὰρ
639 3723 729 3777 διὰ
784 3722 892 3777 τῶν
941 3721 1161 3794 ἡμερῶν
1205 3721 1427 3794 χρόνους
1467 3721 1620 3783 τινὰς
1668 3721 1762 3774 καὶ

158 3819 396 3883 αἰῶνας.
426 3815 706 3886 Διαμενεῐ
732 3817 822 3883 εἰς
841 3815 950 3869 τὸν
969 3813 1154 3868 αίῶνα
1177 3813 1434 3868 ἐνώπιον
1462 3812 1567 3867 τοῦ
1589 3812 1756 3866 Θεοῦ⁶

157 3910 343 3975 ἕλεος
397 3905 504 3960 καὶ
551 3903 844 3972 ἀλήθειαν
893 3903 1080 3958 αὐτοῦ
1129 3902 1220 3969 τίς
1267 3901 1613 3971 ἐκζητήσει;
1671 3899 1762 3966 Ἐξ

157 3999 526 4072 ἀναστροφῆς
557 3999 586 4050 ὁ
608 3997 788 4066 λόγος,
813 3997 902 4050 ἴνα
985 3995 1241 4059 τοιοῦτος.
1271 3994 1340 4047 Εἴ
1365 4012 1448 4059 τις
1469 3996 1759 4066 ὲκζητήσει

156 4094 220 4146 τὸ
253 4091 412 4155 ἕλεος
469 4089 634 4143 αὐτοῦ
679 4089 776 4144 καὶ
811 4089 911 4160 τὴν
953 4087 1213 4158 ἀλήθειαν
1262 4086 1456 4154 αὐτοῦ,
1500 4082 1654 4153 οὗτος
1701 4091 1760 4143 ἐν

155 4189 274 4249 τοῖς
313 4184 699 4254 ἀτελευτήτοις
738 4181 901 4235 αἰῶσι
931 4181 1179 4253 διαμένει
1208 4181 1437 4236 ἐνώπιον
1473 4181 1568 4236 τοῦ
1599 4181 1759 4237 Θεοῦ.

231 4277 437 4342 Οὕτως
471 4272 650 4343 ψαλῶ
675 4272 757 4339 τῷ
795 4273 1041 4344 ὀνόματί
1075 4288 1192 4327 σου
1228 4275 1316 4339 είς
1346 4274 1487 4340 τοὺς
1516 4273 1756 4342 αἰῶνας.

162 4368 393 4433 Οὕτως,
424 4365 575 4430 πῶς;
620 4367 654 4438 ἢ
689 4366 970 4436 διαμείνας
1001 4365 1227 4420 ἐνώπιόν
1274 4383 1366 4419 σου
1407 4368 1465 4419 ἐν
1511 4367 1588 4438 τῷ
1635 4368 1760 4438 μέλ-

1865 1904 1989 1942 nam
2018 1889 2267 1945 incedere
2298 1890 2439 1946 viam
2464 1890 2812 1954 edocturum,
2837 1900 2998 1961 atque
3031 1900 3349 1945 curaturum
3387 1901 3447 1945 ut

1864 1985 1918 2037 in
1942 1997 2065 2037 eum
2095 1998 2396 2053 speremus.
2419 1982 2602 2036 Turris
2630 1983 2966 2051 fortitudinis
2988 1999 3020 2035 a
3045 1982 3182 2052 [acie
3210 1982 3442 2037 inimici.

1864 2073 2031 2140 Quasi
2059 2076 2300 2130 diceret:
2341 2074 2533 2131 Turris
2575 2075 2708 2130 mihi
2746 2089 2810 2129 ac
2837 2074 3154 2143 prmsidium
3189 2073 3340 2129 fuisti
3382 2083 3443 2128 ut

1863 2166 2006 2220 mala
2037 2165 2400 2222 inferentibus
2433 2166 2674 2221 inimicis
2699 2146 2836 2218 nihil
2868 2165 3053 2219 laedar.

1932 2343 1985 2398 5.
2006 2342 2319 2398 Inhabilabo
2339 2347 2394 2398 in
2411 2344 2748 2398 tabernaculo
2764 2353 2852 2396 tuo
2874 2345 2928 2396 in
2945 2340 3160 2396 sarcula.
3181 2339 3284 2394 Per
3299 2341 3440 2396 bona

1863 2451 1984 2506 qua:
2011 2437 2124 2507 jam
2155 2445 2474 2506 acceperat,
2507 2437 2710 2491 factum
2761 2443 2821 2489 ut
2851 2435 2918 2489 de
2973 2433 3173 2488 futuris
3214 2441 3392 2502 speret
3422 2451 3436 2486 :

1863 2530 1992 2598 quia
2018 2530 2072 2584 in
2103 2529 2356 2599 supernis
2397 2527 2766 2583 tabernaculis
2795 2526 3157 2590 constitutus,
3189 2525 3293 2580 sub
3319 2524 3443 2596 ejus

1864 2631 2176 2694 tegumento
2200 2629 2256 2676 et
2286 2621 2539 2691 prasidio
2567 2635 2780 2690 semper
2812 2619 2992 2689 deget.

1932 2717 1985 2770 6.
2032 2713 2233 2768 Dedisti
2277 2713 2639 2768 hwreditatem
2682 2709 2984 2765 timentibus
3039 2725 3224 2764 nomen
3268 2719 3441 2762 tuum.

1861 2805 2048 2877 Ecqua
2079 2804 2368 2860 [Hereditas
2394 2805 2484 2859 illa
2519 2803 2622 2860 nisi
2649 2818 2876 2873 regnum
2912 2803 3224 2858 caelorum?
3264 2799 3441 2856 Venite

1861 2899 2026 2962 enim,
2074 2897 2271 2968 inquit,
2320 2896 2577 2951 benedicti
2615 2894 2799 2950 Putris
2828 2897 2949 2956 nteit
2990 2893 3254 2963 possidete
3281 2909 3441 2963 para-

1863 2999 1972 3043 tum
2001 2988 2142 3043 vobis
2170 2998 2386 3059 regnum
2403 3005 2436 3041 a
2453 2985 2822 3041 constitutione
2845 2984 3111 3050 mundi”,
3137 2993 3192 3039 ct
3210 2994 3437 3050 caetera;

1863 3081 1937 3136 ita
1965 3092 2024 3136 ut
2053 3095 2282 3152 regnum
2311 3079 2410 3135 Dei
2434 3078 2773 3150 possideant,
2803 3086 2857 3133 ct
2885 3075 3182 3133 Christiani
3207 3075 3260 3130 in
3297 3086 3449 3132 terra

1861 3172 2136 3228 dicantur.

1931 3350 1986 3405 7.
2011 3349 2136 3403 Dies
2159 3364 2315 3419 super
2342 3349 2453 3402 dies
2491 3348 2626 3418 regis
2657 3344 2902 3416 adjicies.
2942 3343 3288 3416 Significatur
3312 3357 3440 3412 par-

1862 3451 1969 3497 tem
1998 3440 2329 3496 baereditatis
2353 3455 2475 3496 esse
2502 3440 2668 3495 vitam
2700 3448 2982 3500 aeternam.
3002 3434 3138 3491 lllud
3164 3435 3310 3495 enim
3335 3442 3438 3498 est,

1860 3534 1977 3591 dies
2007 3548 2173 3604 super
2205 3533 2322 3588 dies
2352 3533 2515 3589 annis
2545 3531 2691 3600 regis
2732 3529 2919 3601 adjici.
2966 3527 3252 3600 Signiﬁcat
3291 3526 3440 3582 enim

1830 3623 1959 3697 'per
1996 3625 2112 3681 dies
2145 3635 2386 3696 tempora
2419 3624 2670 3694 quaedam
2711 3631 2766 3679 et
2797 3620 3018 3678 saecula.
3062 3619 3344 3676 Permanet
3381 3619 3440 3672 in

1861 3727 2113 3773 (sternam
2127 3719 2185 3771 in
2209 3728 2485 3786 conspectu
2509 3715 2630 3780 Dei,
2647 3712 3068 3770 misericordiam
3087 3721 3136 3766 et
3162 3712 3436 3767 ueritatem

1859 3807 1971 3876 ejus
2005 3807 2122 3876 quis
2169 3806 2444 3877 requiret?
2486 3805 2828 3876 Praepostere
2864 3818 3046 3859 sermo
3084 3801 3294 3872 positus
3326 3808 3436 3866 est,

1860 3913 1922 3958 ut
1943 3901 2059 3958 haec
2083 3900 2156 3956 sit
2178 3899 2477 3956 sententia:
2501 3897 2560 3954 Si
2583 3897 2709 3968 quis
2736 3895 2979 3968 requirat
3002 3892 3444 3951 misericordiam.

1859 4002 1915 4050 et
1938 3993 2222 4049 veritatem
2262 3992 2406 4063 ejus,
2433 3991 2524 4047 hic
2559 4005 2655 4063 per
2687 3989 2902 4045 infinita
2931 3987 3133 4046 saecula
3165 3992 3349 4041 manet
3381 3983 3447 4039 ita

1860 4099 2153 4162 conspectu
2182 4088 2301 4144 Dei.

1931 4269 1983 4326 8.
2026 4269 2120 4326 Sic
2145 4268 2408 4339 psalmum
2436 4268 2611 4320 dicam
2640 4265 2838 4320 nomini
2867 4272 2959 4316 tuo
2988 4263 3044 4315 in
3077 4258 3290 4315 uacula.
3321 4253 3434 4323 Sic,

1862 4359 2174 4432 quomodo,
2215 4359 2321 4414 nisi
2369 4356 2639 4412 manendo
2684 4355 2738 4408 in
2773 4362 3069 4422 conspectu
3119 4357 3216 4404 tuo
3255 4348 3312 4403 in
3350 4346 3440 4402 fu-

160 4461 309 4514 λοντι
336 4458 538 4523 aiam;
565 4459 699 4512 Τότε
725 4458 838 4528 γὰρ
865 4459 963 4529 τῆς
991 4459 1264 4530 μακαρίας
1290 4458 1504 4531 ἐκείνης
1522 4462 1730 4515 στάσεω

1930 4471 1991 4510 ro
2020 4452 2264 4510 διεθηιοῖ
2306 4450 2462 4505 Tunc
2501 4448 2647 4505 enim
2695 4447 2853 4501 beata
2894 4443 2986 4497 illa
3027 4439 3312 4496 mansione
3356 4439 3438 4495 di-

159 4553 446 4618 ὰξιωθεὶς,
470 4551 830 4614 ἀδιαλείπτως
840 4552 1148 4622 ἀναπέμψω
1167 4553 1292 4616 τοὺς
1308 4552 1529 4623 ὕμνους.
1547 4553 1751 4618 Οῦτως,

157 4645 261 4697 καὶ
289 4644 398 4697 οὐκ
433 4642 607 4706 ἄλλως
650 4640 944 4712 δοξολογῶν
984 4645 1012 4697 ὁ
1052 4643 1356 4714 ἄνθρωπος,
1387 4644 1450 4697 οὐ
1486 4644 1758 4699 παύσεται

160 4740 243 4802 εἰς
273 4737 371 4790 τὸν
416 4736 590 4789 αίῶνα
629 4735 723 4788 τοῦ
771 4735 1061 4790 ἀποδοῦναι
1108 4736 1298 4808 Κυρίῳ
1341 4737 1437 4799 τὰς
1475 4738 1658 4809 εὐχάς.
1691 4742 1756 4794 Οἱ

164 4830 350 4882 πιστοὶ
383 4826 497 4898 γὰρ
541 4829 600 4880 οὐ
643 4827 904 4881 παύονται
953 4827 1164 4900 ἡμέραν
1212 4825 1273 4893 ἐξ
1315 4829 1528 4902 ἡμέρας
1571 4833 1754 4887 ἐπιτε-

163 4919 386 4984 λοῦντες
413 4919 482 4973 τὰ
504 4919 625 4974 θεῖα
652 4921 941 4992 μυστήρια.

235 5012 344 5074 είς
369 5008 440 5062 τὸ
464 5009 660 5075 τέλος.
710 5010 857 5063 Ὑπὸ
889 5010 996 5064 τοῦ
1054 5011 1324 5081 ἰδιθοὺμ,
1377 5017 1684 5071 ΨΑΛΜΟΣ

737 5101 815 5168 τῷ
847 5103 1042 5158 Δαυτδ.
1070 5105 1198 5159 ΞΝ.

803 5197 816 5214 ⁸
828 5196 1136 5264 Υπόθεσις.

178 5287 234 5341 ’0
275 5286 516 5356 Ἰδιθοὺμ
545 5281 625 5351 εἷς
649 5282 717 5357 ἦν
751 5289 860 5342 τῶν
901 5289 1244 5360 χοροστατῶν
1285 5289 1394 5344 τῶν
1423 5292 1484 5345 ὲν
1516 5293 1594 5364 τῷ
1625 5294 1754 5365 θείῳ

236 5379 373 5448 ναῷ.
406 5373 578 5444 Οὗτος
603 5382 683 5444 εἰς
713 5382 989 5453 ἁμαρτίαν
1013 5384 1339 5437 καταπεσὼν
1361 5385 1574 5456 δέχεται
1605 5388 1754 5459 παρᾶ

235 5470 333 5523 τοῦ
360 5471 526 5526 Δαυῖδ
539 5473 631 5525 τὸν
653 5472 888 5545 ψαλμὸν,
909 5475 1211 5547 ἀνάκλησιν
1233 5477 1382 5548 αὐτῷ
1402 5481 1752 5552 παρασκευάς

238 5561 401 5625 ζοντα
430 5564 528 5633 τῆς
551 5566 774 5636 ἀρετῆς.
802 5567 1142 5637 Προφητεύει
1173 5569 1227 5621 δὲ
1251 5572 1306 5621 ἐν
1332 5571 1478 5640 αὑτῷ
1515 5573 1605 5626 καὶ
1654 5573 1749 5642 τὴν

244 5736 288 5766 ⁸⁸
327 5736 428 5792 lsa.
462 5754 626 5805 LVIII,
659 5742 713 5794 9.
790 5741 833 5772 ⁹³
865 5741 1052 5800 Matth.
1088 5760 1213 5808 xxv,
1247 5744 1335 5799 54.

1865 4555 2085 4618 gnatus,
2116 4545 2237 4602 sine
2265 4543 2372 4598 line
2397 4542 2630 4613 hymnos
2667 4537 2936 4594 emittam.
2980 4533 3073 4591 Sic
3099 4543 3153 4590 et
3184 4549 3293 4591 non
3328 4533 3440 4589 alio

1863 4639 2047 4702 modo,
2083 4636 2310 4706 gloriam
2357 4642 2411 4688 et
2449 4632 2638 4687 laudes
2680 4627 2960 4700 proferens
2994 4627 3180 4693 homo,
3223 4643 3332 4683 non
3374 4627 3439 4681 ἢε-

1862 4747 1987 4787 nem
2014 4729 2178 4786 faciet
2206 4729 2260 4782 in
2293 4725 2551 4782 saeculum
2593 4720 2852 4779 reddendi
2889 4719 3122 4777 Domino
3154 4729 3281 4776 vota
3315 4733 3433 4775 sua.

1861 4826 2075 4882 Fideles
2115 4839 2352 4895 namque
2392 4837 2499 4877 non
2537 4829 2754 4877 cessant
2797 4818 3044 4889 quotidie
3071 4816 3254 4873 divina
3290 4818 3438 4872 ccle-v

1859 4919 2021 4972 brare
2056 4915 2336 4988 mysteria.

1861 5032 1912 5084 1.
1959 5029 2022 5083 1η
2061 5029 2237 5099 ﬁnem.
2281 5029 2358 5082 Ab
2405 5026 2692 5149 Mil/Itin},
2713 5021 3056 5079 PSALMUS
3094 5021 3196 5090 ipsi
3235 5019 3426 5074 David.

2441 5193 2842 5263 Argumentum.

1857 5287 2090 5345 ldithum
2136 5304 2276 5343 unus
2291 5296 2411 5343 erat
2432 5302 2499 5342 ex
2524 5284 2678 5340 chori
2697 5281 3136 5339 moderatoribus
3160 5283 3214 5337 in
3245 5282 3455 5339 divinov

1934 5382 2158 5452 templo.
2204 5379 2304 5434 llic
2336 5379 2529 5448 lapsus
2570 5375 2625 5429 in
2665 5383 2945 5444 peccatum
2987 5389 3017 5428 a
3055 5372 3255 5429 Davide
3287 5375 3431 5444 psal-

1931 5492 2082 5531 mum
2129 5474 2347 5544 accipit,
2392 5470 2486 5541 qui
2517 5467 2736 5524 virtutis
2772 5467 2875 5537 ipsi
2914 5467 3442 5540 rcdintegratiom-In.

1930 5579 2098 5639 paret.
2147 5566 2396 5623 Prardicit
2438 5574 2617 5621 autem
2669 5564 2722 5618 in
2766 5580 2829 5618 co
2871 5563 3294 5634 redemptionem
3335 5577 3432 5634 per
