3786 6278
364 262 473 323 2Ἱό
1209 265 1265 318 S.
1307 264 1677 322 ATHANASII
1707 266 1855 323 ΟΡΡ.

2151 266 2206 323 ιι.
2221 297 2259 354 ,ο
2288 297 2312 308 -
2347 263 2760 321 exeamus.
3495 255 3646 314 ατο

441 374 740 432 Salvatoris
770 374 1134 430 meonomiam
1172 356 1271 429 toti
1301 376 1488 445 generi
1513 377 1754 431 humano
1789 375 1935 431 futu-

2151 375 2191 429 ,ὰ
2216 375 2316 447 τῆς
2342 372 2436 427 τοῦ
2470 374 2725 446 Σωτῆρος
2736 370 3051 443 οἰκονομίας
3075 370 3238 426 παντὶ
3257 368 3340 442 τῷ
3371 368 3481 424 τῶν
3512 371 3646 425 ἀν-

441 483 556 522 ram
581 507 597 534 ,
631 466 1083 536 eversionemque
1135 467 1503 536 spiritualium
1543 467 1932 533 inimicorum;

2148 465 2341 538 ρώπων
2365 466 2512 535 γένει
2534 465 2799 536 ἐσομένην
2819 463 3109 536 λύτρωσιν,
3149 465 3243 516 καὶ
3271 460 3380 516 τῶν
3402 462 3643 534 νοητῶν

437 558 989 628 adbortationemque
1021 559 1231 613 inducit
1274 575 1382 629 qua
1430 574 1463 614 a
1502 565 1726 630 peccato
1754 560 1932 614 homi-

2148 556 2200 627 χθ
2209 555 2315 626 ρῶν
2336 556 2436 627 τὴν
2460 556 2772 626 ἀνατροπὴν
2792 572 2808 586 ·
2838 554 2933 608 καὶ
2960 553 3278 624 παραίνεσιν
3298 550 3643 624 ἀποτροπὴν

436 665 535 705 nes
559 658 894 716 avertantur,
941 649 1238 720 subjiciens
1271 664 1338 706 ea
1372 665 1494 719 quae
1535 650 1802 723 judicium
1842 649 1931 706 Dei

2148 647 2305 712 ακίας
2357 648 2716 719 περιέχουσαν
2756 649 2871 709 τοῖς
2924 644 3230 717 ἀνθρώποις
3267 645 3495 714 εἰσάγει,
3552 643 3643 697 τὰ

433 748 698 811 spectant.
2108 740 2238 812 περὶ
2263 739 2364 809 τῆς
2389 738 2620 810 κρίσεως
2657 739 2839 802 αὐτοῖς
2864 738 3248 809 ὑποτιθέμενος
3274 736 3367 790 τοῦ
3390 734 3557 790 Θεοῦ.

434 828 491 896 2,
509 830 561 884 5.
591 828 780 884 Nonne
812 829 916 885 Deo
948 829 1186 900 subjecta
1210 831 1311 884 erit
1337 831 1517 885 anima
1548 832 1703 884 mea?
1732 829 1929 887 Etiam-

2150 832 2252 901 ὐχὶ
2280 831 2361 898 τῷ
2413 824 2535 896 Θεῷ
2566 829 3008 900 ὑποταγήσεται
3052 831 3100 899 ἠ
3127 829 3295 899 ψυχή
3336 843 3491 898 μου;
3560 827 3642 882 Εἰ

367 919 411 973 si
434 958 449 978 .
497 918 707 989 inquit,
749 930 1018 976 commota
1059 936 1140 985 es,
1175 936 1209 976 o
1242 922 1425 977 anima
1459 937 1601 987 mea,
1640 929 1696 977 et
1730 938 1760 978 a
1794 933 1862 980 stt

2159 923 2507 988 σεσάλευσαι,
2542 922 2696 995 φησι,
2720 917 2765 976 ὧ
2792 921 2958 993 ψυχὴ,
3000 922 3094 975 καὶ
3120 920 3220 992 τῆς
3255 921 3377 974 κατ’
3409 917 3643 990 ἀρετὴν

366 1004 583 1060 virtutis
625 1006 795 1076 lapsa,
827 1006 923 1062 sed
952 1008 1180 1064 Domino
1208 1011 1456 1081 subjecta
1488 1021 1629 1068 esto.
1660 1011 1797 1079 Quia
1825 1013 1861 1085 i1

2145 1032 2302 1080 τεσας
2343 1016 2611 1080 στάσεως,
2641 1015 2757 1068 ἀλλ’
2796 1012 3100 1085 ύποτάγηθι
3148 1011 3227 1083 τῷ
3251 1010 3459 1082 Κυρίῳ.
3488 1010 3640 1065 Ὅτι

368 1096 468 1151 tibi
496 1098 947 1167 patrocinabitur,
993 1109 1046 1154 et
1071 1100 1277 1155 salvam
1323 1109 1378 1156 te
1402 1100 1568 1157 faciet
1602 1112 1663 1157 ut
1699 1120 1766 1159 ne
1800 1105 1863 1159 ull

2147 1108 2286 1173 ιὺτός
2325 1125 2420 1162 σου
2444 1108 2540 1162 καὶ
2573 1107 2946 1180 ἁντιλήνζεται,
2981 1107 3076 1161 καὶ
3103 1104 3379 1159 σώσειτοῦ
3412 1102 3485 1175 μὴ
3517 1103 3642 1155 ἐπὶ

366 1189 787 1244 commovearis.
828 1189 971 1243 Nam
1013 1200 1062 1245 et
1108 1192 1217 1261 ipse
1256 1192 1402 1248 Deus
1444 1210 1609 1250 meus.
1647 1195 1860 1251 Etenim

2146 1202 2224 1253 ῖον
2263 1198 2605 1254 σαλεύεσθαι.
2642 1198 2751 1254 Kal
2782 1200 2893 1269 γὰρ
2920 1198 3101 1265 αὐτὸς
3144 1197 3288 1264 Θεός
3326 1214 3465 1266 μου.
3502 1194 3641 1269 καὶ

367 1280 485 1351 ipse
525 1282 753 1337 salutem
789 1284 989 1338 tribuet
1036 1284 1087 1339 ei
1107 1285 1200 1354 qui
1250 1301 1279 1340 a
1327 1287 1484 1342 vobis
1525 1288 1693 1345 laesus
1733 1299 1838 1356 est,

2145 1314 2149 1335 ›
2188 1290 2351 1354 αὐτὸς
2394 1288 2619 1362 παρέξει
2651 1290 2749 1361 τὴν
2789 1267 3060 1362 σωτηρίαν
3097 1287 3434 1359 ἀδικουμένῳ
3481 1267 3640 1357 πέρ’

366 1385 595 1443 prorsus
621 1386 651 1425 a
676 1381 852 1428 vestra
881 1373 1229 1443 improbitate
1259 1376 1531 1433 liberabit.

2083 1380 2217 1453 μῶν,
2253 1382 2349 1434 καὶ
2378 1378 2679 1444 ἀπαλλάξει
2703 1381 2921 1443 πάντως
2941 1378 3094 1451 ὑμῶν
3116 1380 3213 1451 τῆς
3247 1378 3578 1450 μοχθηρίας.

436 1464 511 1538 4.,
535 1463 816 1534 Quousque
847 1467 1053 1520 irruitis
1085 1468 1140 1521 in
1167 1468 1471 1525 hominem?
1500 1468 1780 1527 Occlamat
1808 1487 1931 1528 eon-

2149 1477 2270 1541 Εως
2298 1474 2444 1528 πότε
2479 1473 2817 1528 ἐπιτίθεσθε
2845 1472 2937 1525 ἐπ’
2956 1472 3304 1540 div-opum;
3325 1469 3444 1523 Τῶν
3472 1471 3644 1523 ἀντι-

369 1564 451 1610 tra
484 1555 826 1613 adversaries
851 1566 1187 1630 potestates:
1237 1561 1367 1631 quia
1410 1561 1466 1617 in
1506 1563 1747 1621 hominis
1777 1576 1864 1621 nat

2143 1564 2308 1635 μένων
2326 1564 2606 1636 δυνάμεων
2633 1563 2874 1635 καταὸοᾷ
2896 1579 2911 1594 ο
2934 1564 3017 1616 ὅτι
3041 1562 3106 1633 δὴ
3124 1560 3409 1631 νενευκυῖα
3428 1562 3496 1631 τῇ
3519 1556 3638 1612 τοῦ

368 1663 486 1702 ram
511 1648 579 1704 ad
613 1649 819 1705 malum
843 1666 1172 1722 propensam
1194 1653 1432 1721 irruunt,
1458 1672 1580 1727 quae
1600 1671 1666 1713 ea
1700 1668 1863 1714 natur

2147 1656 2331 1730 ρώπου
2376 1657 2537 1727 φύσει
2593 1656 2685 1710 ἐπὶ
2738 1653 2808 1708 τὰ
2858 1653 3072 1726 πονηρὰ
3123 1650 3475 1712 ἐπιτίθενται,
3523 1650 3640 1704 καὶ

370 1741 680 1797 infirmitate
711 1743 905 1803 similis
935 1752 1019 1800 est
1047 1746 1239 1815 parieti
1294 1746 1572 1818 inclinato,
1613 1749 1784 1805 ruinis
1815 1765 1865 1821 p1

2144 1748 2204 1821 la
2228 1765 2345 1812 πως
2373 1745 2508 1820 οὔσῃ
2533 1745 2623 1800 διὰ
2641 1745 2738 1816 τὴν
2764 1744 2997 1816 φυσικὴν
3032 1742 3313 1797 ἀσθένειαν
3340 1740 3639 1794 “(rarts

368 1835 534 1901 timo,
557 1842 609 1888 et
638 1835 881 1889 maceria:
907 1836 1165 1906 deputare.

2147 1839 2336 1909 χῳκαὶ
2359 1837 2747 1892 καταπίπτειν
2763 1835 3071 1906 μέλλοντι,
3091 1832 3188 1888 καί
3210 1829 3455 1904 φραγμῷ
3476 1830 3642 1885 ἀνα·-

2048 1929 2436 2001 τετραμμένῳ.

438 2016 497 2075 5.
545 2017 911 2075 Verumtamen
959 2024 1189 2092 pretium
1242 2038 1415 2077 meum
1458 2024 1818 2096 cogitaverunt
1863 2041 1933 2081 re-

2138 2021 2291 2092 Ἷλὴν
2311 2022 2427 2090 τὴν
2448 2021 2627 2093 τιμήν
2635 2039 2757 2092 μου
2775 2019 3218 2076 ἐϐουλεύσαηο
3236 2014 3633 2072 ἀπώσασθαι

368 2110 580 2179 pellere.
607 2110 807 2167 Parum
833 2114 978 2170 enim
1004 2114 1181 2169 abfuit
1207 2115 1341 2186 quin
1363 2116 1480 2186 ipsa
1497 2117 1549 2171 vi
1580 2116 1863 2173 ratiocinal

2143 2126 2223 2163 νον
2253 2112 2375 2182 οὐχὶ
2390 2110 2498 2183 γὰρ
2514 2111 2610 2164 καὶ
2642 2109 2806 2165 αὐτοῦ
2824 2107 2917 2163 τοῦ
2951 2105 3171 2177 λογικοῦ
3211 2107 3360 2178 ἡμᾶς
3388 2103 3638 2158 ἀπεστέ-

370 2217 472 2257 nos
521 2205 821 2286 privarim,
864 2215 1122 2278 cogentes
1168 2207 1398 2264 adorare
1438 2209 1582 2279 ligna
1623 2218 1678 2265 et
1714 2210 1865 2281 lapid

2137 2221 2239 2270 ταν,
2293 2200 2424 2268 ξύλα
2473 2204 2568 2256 καὶ
2612 2202 2791 2266 λίθους
2829 2201 3237 2270 ἀναγκάσαντες
3266 2198 3632 2269 προσκυνεῖν,

370 2302 434 2349 ιιι
464 2293 742 2351 diceretur
773 2297 841 2352 de
884 2299 1041 2355 nobis
1075 2318 1089 2354 :
1123 2298 1296 2355 Homo
1334 2316 1455 2355 cum
1497 2302 1555 2356 in
1581 2301 1776 2357 honore
1812 2320 1865 2358 es

2142 2296 2236 2349 καὶ
2254 2294 2508 2365 λέγεσθαι
2537 2296 2666 2366 περὶ
2698 2292 2876 2366 ἡμῶν,
2904 2293 2986 2346 ὃτι
3025 2293 3360 2361 Ἀνθρωπος
3387 2290 3457 2343 ἐν
3474 2287 3635 2359 τιμῇ

369 2402 472 2441 non
499 2388 850 2444 intellexit“.
898 2389 1263 2446 Cucurrerunt
1289 2392 1345 2447 in
1373 2393 1484 2447 siti.
1517 2390 1695 2461 Hunc,
1728 2393 1857 2465 inqu

2153 2389 2225 2442 οὐ
2249 2385 2543 2455 συνῆκεν.
2579 2385 2880 2456 Ἕδραμον
2904 2385 2976 2439 ἐν
2994 2383 3177 2453 δίψει.
3208 2381 3429 2446 Τοῦτον,
3458 2380 3630 2451 φησι,

369 2494 593 2534 cursum
623 2495 860 2536 emensae
905 2492 1034 2538 sunt
1064 2483 1393 2539 adversaria:
1421 2492 1714 2554 potestates
1733 2526 1750 2553 ,
1788 2502 1859 2556 qu

2162 2480 2358 2552 δρόμον
2384 2479 2604 2552 ἔτρεχον
2632 2478 2688 2532 αἱ
2723 2477 3095 2548 άντικείμεναι
3138 2474 3417 2546 δυνάμεις,
3451 2471 3634 2542 διψῶ-

369 2571 619 2627 sitientes
649 2580 711 2627 ut
735 2588 823 2629 me
849 2576 1126 2644 privarent
1154 2575 1477 2631 honoribus.
1514 2575 1618 2631 Ore
1656 2593 1753 2630 suo
1790 2578 1864 2632 bet

2136 2612 2138 2621 ,
2165 2570 2261 2625 τοῦ
2291 2571 2665 2643 ἀποστερῆσαί
2704 2587 2770 2641 με
2799 2569 2898 2640 τῆς
2918 2568 3102 2640 τιμῆς.
3127 2566 3212 2633 Τῷ
3237 2567 3487 2636 στόματι
3512 2566 3631 2620 αὐ·-

370 2662 613 2717 dicebant
657 2672 708 2716 et
758 2666 915 2718 corde
960 2680 1056 2717 suo
1099 2665 1502 2719 maledicebant.
1540 2663 1656 2720 Hoc
1698 2666 1774 2720 ait
1816 2682 1865 2735 ql

2133 2681 2164 2716 ν
2183 2664 2509 2733 ηὐλόγουν,
2531 2662 2633 2717 καὶ
2665 2660 2738 2731 τῇ
2765 2660 2977 2730 καρδίᾳ
3012 2658 3212 2715 αὐτῶν
3251 2657 3628 2728 κατηρῶντο.

370 2755 551 2811 dulcia
574 2765 628 2810 et
651 2765 801 2826 grata
830 2757 987 2812 nobis
1009 2756 1385 2827 subjicientes,
1420 2772 1516 2828 per
1543 2772 1607 2813 ea
1643 2773 1745 2814 nos
1777 2773 1864 2813 ma

2135 2754 2216 2809 31:6
2249 2772 2435 2827 φησιν,
2461 2754 2673 2825 ἐπειδὴ,
2707 2752 2777 2806 τὰ
2806 2751 2937 2823 ἡδέα
2960 2753 3090 2823 ἡμῖν
3110 2750 3527 2814 ὑποϐάλλοντες,
3554 2746 3630 2803 δι’

371 2846 627 2903 dictionis
662 2849 802 2903 tllios
836 2848 1093 2904 efficiunt.

2046 2849 2226 2904 αὐτῶν
2253 2849 2499 2920 κατάρας
2529 2849 2678 2918 ἡμᾶς
2709 2846 3068 2915 ἀποφαίνουσι
3095 2845 3279 2898 τέκνα.

445 2937 501 3004 7,
530 2937 587 2992 8.
640 2937 1006 2992 Verumtamen
1039 2938 1149 2993 Deo
1169 2938 1404 3009 subjecta
1436 2949 1569 3008 esto,
1596 2942 1775 2995 anima
1807 2958 1940 2996 mea.

2139 2938 2290 3008 Ὶλὴν
2314 2938 2395 3005 τῷ
2432 2937 2555 3004 Θεῷ
2592 2936 2941 3007 ὺποτάγηθι,
2981 2935 3020 3001 ἠ
3045 2932 3215 3003 ψυχή
3262 2949 3403 3002 μου.
3450 2928 3634 2984 Πάλιν

372 3027 614 3084 Rursum
646 3031 886 3084 animam
929 3030 1246 3100 alloquitur,
1287 3031 1355 3086 ad
1382 3032 1775 3103 subiectionem
1816 3047 1867 3087 er

2142 3032 2288 3104 ψυχῇ
2318 3030 2624 3099 διαλέγεται
2642 3069 2660 3097 ,
2689 3029 2788 3101 τὴν
2813 3028 3089 3097 ὑποταγὴν
3146 3026 3316 3096 αὐτῆς
3347 3023 3444 3095 τὴν
3484 3023 3634 3095 πρὸς

376 3119 546 3176 Deum
599 3122 916 3179 cohortalis.
964 3095 1215 3177 Declarat
1259 3132 1443 3177 autem
1482 3095 1871 3195 'magnitudint

2332 3095 2651 3176 ἐπιτείνων.
2677 3095 3114 3173 Ἐνδείκνυται-δὲ
3141 3117 3204 3171 τὸ
3244 3095 3473 3188 μέγεθος
3509 3113 3632 3168 τῶν

372 3213 760 3278 tentationum,
788 3212 1031 3283 illudque
1061 3212 1307 3282 Apostoli
1336 3213 1472 3268 ait"
1503 3234 1515 3269 :
1542 3211 1807 3278 Quoniam
1844 3230 1867 3268 ιι

2139 3213 2392 3286 ηρασμῶν,
2435 3211 2610 3266 καὶτὸ
2633 3210 2729 3265 τοῦ
2774 3209 3093 3264 Ἀποστόλου
3115 3207 3262 3276 λέγει
3283 3224 3297 3239 ⁸
3355 3207 3474 3259 Ὅτι
3511 3206 3634 3261 οὐκ

372 3304 509 3358 sinet
548 3319 638 3357 vos
679 3304 875 3358 tentari
919 3319 1076 3372 super
1120 3304 1176 3357 id
1217 3303 1357 3375 quod
1398 3305 1618 3375 potestis
1663 3306 1866 3359 sustine

2136 3322 2216 3362 ret
2243 3306 2399 3375 ὑμᾶς
2425 3300 2821 3374 πειρασθῆναι
2840 3301 2991 3370 ὑπὲρ
3016 3301 3050 3355 ὃ
3073 3301 3337 3356 δύνασθε
3365 3301 3631 3368 ὑπενεγ-

375 3392 446 3448 Ιη
486 3393 603 3449 Deo
629 3393 865 3449 salutare
909 3411 1083 3449 meum
1122 3405 1173 3450 et
1221 3395 1392 3465 gloria
1430 3411 1569 3451 mea.
1611 3394 1668 3449 In
1701 3411 1767 3452 eo
1796 3411 1870 3466 spt

2137 3401 2198 3453 'r.
2243 3398 2376 3453 Ἐπὶ
2422 3396 2502 3464 τῷ
2527 3394 2648 3462 Θεῷ
2677 3396 2743 3450 τὸ
2771 3394 3068 3464 σωτήριόν
3105 3410 3226 3463 μου
3268 3392 3366 3446 καί
3400 3393 3438 3459 ἠ
3472 3389 3632 3455 δόξα

375 3487 572 3542 salutis
596 3496 650 3542 et
671 3488 854 3559 gloriae
885 3486 1117 3557 positam
1148 3487 1339 3543 habeo.
1372 3486 1430 3541 ld
1456 3495 1539 3542 est
1571 3528 1588 3554 ,
1627 3486 1742 3556 ipse
1771 3503 1857 3541 me

2138 3511 2184 3548 υ.
2229 3491 2354 3545 Ἐπὶ
2404 3484 2551 3560 αύτῷ
2587 3488 2686 3559 τῆς
2720 3487 2996 3559 σωτηρίας
3036 3484 3131 3538 καὶ
3175 3483 3274 3553 τῆς
3329 3479 3485 3551 δόξης
3517 3479 3633 3551 ἔχω

374 3579 620 3646 salvum,
677 3588 734 3636 et
793 3580 1092 3652 gloriosum
1157 3579 1523 3648 victoremque
1577 3591 1769 3632 eorum
1837 3591 1869 3632 e

2137 3580 2375 3634 ιέλπίδα.
2407 3579 2718 3646 Τουτέστιν,
2761 3576 2924 3639 αὐτός
2963 3591 3029 3646 με
3057 3572 3153 3626 καὶ
3191 3570 3485 3644 περισώσει
3529 3567 3632 3624 καὶ

374 3673 501 3730 eiet.
985 3718 989 3725 .
2050 3672 2295 3737 ἐπίδοξον
2316 3675 2553 3742 ποιήσει,
2586 3668 2812 3739 νικητὴν
2838 3665 3040 3719 τούτων
3064 3663 3457 3735 ἐργασάμενος.

447 3764 849 3838 [Verumtamen
895 3767 1000 3821 Deo
1044 3766 1274 3852 subjecta
1310 3775 1443 3830 esto,
1471 3766 1649 3819 anitna
1672 3781 1805 3821 mea.
1843 3764 1942 3820 Pa-

2138 3782 2333 3854 mm
2349 3781 2430 3847 τῷ
2455 3780 2576 3845 Θεῷ
2608 3778 2957 3854 ὑποτάγηθιι,
2988 3776 3026 3844 ἡ
3061 3775 3231 3845 ψυχή
3249 3791 3387 3844 μου.
3422 3774 3633 3827 Μονον-

374 3871 497 3911 rum
528 3855 683 3911 abest
710 3857 841 3926 quin
870 3872 972 3911 nos
1000 3850 1363 3911 ratiocinandi
1391 3871 1492 3911 usu
1518 3856 1803 3925 privarint,
1823 3871 1869 3911 cl

2131 3850 2171 3946 ξι
2224 3850 2334 3944 γάρ
2362 3874 2455 3926 καὶ
2485 3870 2650 3925 αὐτοῦ
2679 3869 2772 3923 τοῦ
2799 3850 3018 3938 λογικοῦ
3048 3870 3193 3940 ἡμᾶς
3222 3866 3626 3937 ἀπεστέρησαν,

374 3947 757 4003 necessitatem
804 3947 963 4001 nobis
1014 3946 1355 4001 induxerunt
1399 3946 1659 4001 adorandi
1704 3946 1853 4017 ligna

2135 3984 2186 4021 ια
2214 3966 2307 4019 καὶ
2338 3962 2518 4027 λίθους
2570 3960 2980 4030 ἀναγκάσαντες
3007 3959 3333 4030 προσκυνεῖν
3357 3997 3371 4021 ,
3419 3955 3494 4018 ὼς
3531 3954 3630 4008 καὶ

374 4038 605 4110 lapides,
648 4038 721 4094 ita
751 4046 810 4092 ut
831 4039 898 4093 de
942 4039 1099 4093 nobis
1129 4038 1343 4093 dicatur
1369 4055 1384 4092 :
1424 4037 1597 4091 Homo
1619 4053 1741 4091 cum
1765 4039 1823 4092 in
1855 4038 1869 4106 ί

2133 4058 2303 4126 τεσθαι
2350 4056 2480 4128 περὶ
2536 4053 2726 4125 ἡμῶν*
2757 4054 3090 4120 Ἀνθρωπος
3120 4049 3191 4104 ἐν
3238 4046 3377 4117 τιμῇ
3425 4045 3511 4099 ὢν
3543 4046 3628 4120 ,οὐ

376 4145 503 4186 nare
527 4140 662 4185 esset
699 4146 802 4185 non
832 4129 1114 4185 intellexit.
1164 4129 1271 4185 Sed
1305 4129 1383 4184 illi
1413 4128 1657 4199 quidem,
1699 4146 1733 4184 ο
1765 4130 1871 4184 anil

2130 4152 2347 4221 νῆχον.
2387 4148 2526 4203 Ἀλλ’
2548 4148 2745 4201 ἐκεῖνοι
2775 4146 2894 4216 μὲν,
2924 4136 2970 4196 ὦ
2990 4143 3159 4215 ψυχὴ,
3184 4140 3442 4195 τοιοῦτοι·
3479 4138 3543 4191 σὺ
3569 4137 3625 4190 δὲ

376 4236 495 4278 mea
515 4263 531 4289 ,
566 4222 880 4292 huiusmodi
911 4232 1039 4278 sunt
1067 4240 1081 4276 :
1108 4231 1164 4277 tu
1195 4231 1377 4277 autem
1413 4221 1650 4290 subjecta
1680 4231 1792 4275 esto
1835 4236 1871 4276 ει

2129 4243 2380 4311 ῖοτάγηθι
2432 4241 2532 4312 τῆς
2588 4238 2831 4301 δουλείας
2885 4235 3072 4290 αὐτοῦ.
3130 4230 3262 4287 Εἶτα
3293 4232 3507 4300 ἐπάγει,
3542 4231 3624 4283 ὅτι

375 4315 536 4369 vituli
560 4315 701 4385 ejus.
729 4312 936 4370 Deinde
961 4313 1126 4369 infert
1152 4332 1166 4368 :
1192 4311 1433 4383 ldipsum
1461 4312 1531 4367 ab
1566 4312 1659 4369 illo
1681 4327 1770 4367 nte
1788 4327 1870 4382 sps.

2125 4338 2191 4401 ιοὸ
2221 4336 2379 4390 τοῦτο
2411 4335 2541 4404 παρ’
2574 4331 2736 4388 αὑτοῦ
2761 4326 2989 4395 ἐλπίζω,
3032 4328 3090 4381 τὸ
3123 4326 3620 4398 σωτηρίαςπυχεῖν.

376 4413 750 4475 accepturum,
781 4404 1034 4461 videlicet
1068 4404 1299 4460 salutem
1328 4419 1416 4459 me
1444 4403 1616 4474 ipsius
1645 4404 1871 4473 patroeil

2129 4428 2605 4500 τιλαμϐανομὲνου,
2630 4425 2724 4479 καὶ
2754 4424 2827 4495 μὴ
2849 4419 3254 4494 συγχωροῦντος
3284 4415 3624 4489 μετανάστην

375 4505 841 4564 consecuturum;
896 4514 1076 4569 neque
1112 4498 1260 4554 enim
1293 4498 1437 4554 sinet
1485 4513 1572 4553 me
1616 4498 1870 4554 desertori

2130 4498 2304 4573 θέσθαι
2336 4498 2433 4572 και
2452 4516 2666 4587 φυγάδα
2694 4515 2787 4568 ἀπ’
2814 4512 3000 4575 αὑτοῦ,
3025 4512 3141 4582 ἤτοι
3175 4506 3487 4561 δεσποτείαν
3510 4502 3625 4556 ἐτέ-

377 4606 443 4646 ac
468 4588 808 4659 transfugam
833 4590 902 4643 ab
926 4590 1049 4659 ipso
1076 4605 1219 4653 esse,
1252 4590 1367 4645 sive
1392 4591 1446 4644 in
1477 4589 1625 4644 aliud
1648 4590 1872 4645 dominii

2128 4631 2152 4666 ν
2183 4610 2535 4678 ἀλλάξασθαι.
2577 4607 2817 4662 Ἐκεῖθεν
2840 4606 2948 4678 γὰρ
2994 4602 3277 4675 προσδοκῶ
3312 4600 3406 4654 καὶ
3456 4596 3623 4685 σώζες

378 4679 691 4737 transferri.
713 4680 844 4736 lude
870 4682 1071 4752 quippe
1105 4682 1336 4737 salutem
1368 4691 1628 4751 exspecto
1655 4682 1873 4737 auxiliul

2125 4721 2199 4770 αι,
2235 4703 2328 4756 καὶ
2361 4703 2422 4755 τὸ
2452 4698 2782 4771 βοηθεῖσθαι,
2819 4699 2882 4750 ἐκ
2906 4695 2998 4749 τοῦ
3027 4694 3117 4746 ἐπ’
3140 4693 3301 4747 αὐτὸν
3324 4683 3620 4757 ﬁnitam]

377 4789 492 4845 que
519 4773 715 4843 ipsius,
746 4776 877 4843 quia
902 4774 959 4827 in
987 4787 1053 4827 eo
1086 4787 1236 4842 spem
1271 4774 1491 4841 reposui
1525 4772 1755 4845 meam.]

450 4864 506 4921 9.
542 4842 777 4933 Sperate,
815 4863 872 4915 in
920 4877 980 4916 eo
1025 4861 1192 4915 omnis
1243 4862 1575 4932 congregatio
1617 4842 1945 4932 populorum.

2135 4861 2458 4917 Ἐλπίσατε
2484 4858 2577 4910 ἐπ’
2610 4854 2799 4911 αὐτὸν
2816 4894 2832 4920 ,
2875 4847 3045 4908 πᾶσα
3087 4846 3407 4918 συναγωγὴ
3434 4842 3625 4933 λαῶνι

378 4932 678 5025 Postquam
707 4953 762 5009 in
797 4952 916 5024 ipso
955 4952 1136 5022 primo
1167 4967 1392 5007 cursum
1433 4961 1717 5021 paraverat
1745 4953 1812 5008 ad
1836 4968 1873 5023 p

2127 4970 2156 5005 ν
2189 4948 2338 5020 αὐτῷ
2369 4946 2571 5018 πρώτῳ
2600 4942 3024 5016 παρασκευάσας
3077 4942 3170 4995 τὸν
3212 4940 3313 5001 εἰς⁸
3338 4932 3622 5007 μετάνοιαν

377 5046 689 5112 nitentiam,
724 5044 792 5099 ad
822 5043 1056 5114 idipsum
1091 5042 1230 5098 alios
1269 5041 1613 5108 cohortatur,
1646 5051 1809 5113 atque
1846 5059 1872 5098 u

2128 5043 2269 5114 5pm,
2296 5039 2392 5095 καὶ
2417 5040 2544 5103 τοὺς
2565 5038 2756 5101 ἄλλους
2783 5039 2863 5101 είς
2887 5035 3046 5090 τοῦτο
3067 5030 3391 5106 παρακαλεῖ,
3427 5028 3543 5100 ἅμα
3567 5026 3623 5079 δὲ

378 5138 696 5207 prophetico
736 5151 835 5192 ore
880 5136 1123 5191 omnium
1170 5133 1410 5204 gentium
1444 5134 1787 5189 vocationem
1827 5151 1873 5205 p1

2128 5137 2147 5188 ὶ
2181 5130 2661 5205 προφητικώτερον
2695 5128 2793 5200 τὴν
2820 5128 2928 5183 τῶν
2946 5126 3117 5181 ἐθνῶν
3143 5125 3357 5179 πάντων
3391 5136 3623 5192 προανα-

378 5232 614 5287 nuntiat.
664 5231 941 5303 E/fundite
971 5247 1152 5285 coram
1184 5229 1279 5284 illo
1313 5229 1478 5284 corda
1507 5240 1698 5285 vestra.
1723 5230 1873 5287 Perit

2131 5226 2228 5279 ινεῖ
2251 5222 2463 5292 κλῆσιν.
2506 5222 2787 5291 Ἐκχέιιτε
2826 5218 3084 5275 ἐνώπιον
3124 5214 3311 5270 αὐτοῦ
3337 5213 3445 5279 τὰς
3491 5227 3626 5279 καρ-

377 5333 460 5378 cst
491 5338 555 5378 ac
580 5324 625 5379 si
650 5324 851 5379 diceret
878 5343 891 5380 :
925 5322 1003 5379 Ne
1025 5321 1264 5378 accedite
1291 5321 1361 5375 ad
1386 5336 1510 5376 eum
1532 5320 1697 5376 corde
1725 5321 1872 5390 dupli

2128 5333 2190 5382 ας
2226 5314 2415 5384 ὑμῶν.
2467 5314 2692 5385 Ὅμοιον
2746 5312 2878 5366 ὡσεὶ
2927 5311 3112 5380 λέγοι·
3158 5307 3255 5379 Μὴ
3295 5304 3623 5378 προσέλθητε

382 5412 490 5468 Sed
537 5422 593 5468 ut
639 5413 902 5482 scriptum
946 5412 1090 5468 est”
1136 5430 1149 5465 :
1198 5408 1398 5480 Diliges
1446 5408 1735 5462 Dominum
1781 5407 1877 5463 Det

2129 5406 2206 5478 τῷ
2230 5408 2288 5460 ἐν
2316 5406 2514 5479 καρδίᾳ
2538 5405 2693 5478 δισσῇ
2899 5402 2976 5467 ὡς
3008 5400 3318 5474 γέγραπται
3335 5415 3347 5429 ⁸
3391 5400 3624 5467 Ἁναπηε

381 5513 532 5562 tatam
562 5520 628 5557 ea:
654 5512 763 5558 toto
790 5503 945 5557 corde
976 5513 1065 5556 tuo
1093 5510 1141 5556 et
1165 5515 1230 5556 ea:
1256 5509 1369 5555 tota
1393 5509 1562 5556 mente
1592 5508 1705 5554 tua.

2125 5519 2188 5568 ἰς
2220 5500 2441 5569 Κύριον
2464 5497 2572 5553 τὸν
2618 5497 2768 5553 om
2795 5511 2911 5549 σου
2941 5492 3010 5558 ἐξ
3038 5491 3186 5560 ὅλης
3223 5489 3333 5560 τῆς
3384 5487 3620 5557 καρδίας

2061 5606 2201 5659 o'ov,
2238 5590 2337 5648 καὶ
2369 5590 2437 5656 ἐξ
2463 5590 2612 5659 ὅλης
2634 5586 2745 5658 τῆς
2768 5586 3037 5652 διανοίας
3072 5597 3210 5639 σου.

448 5708 496 5747 ’⁸
522 5705 667 5767 Psal.
701 5723 892 5776 xum,
923 5708 1012 5765 2f.
1092 5708 1135 5739 ’τ
1167 5705 1185 5761 l
1213 5706 1336 5765 Cor.
1372 5726 1426 5776 χ,
1466 5709 1551 5764 ιδ.
1628 5710 1672 5743 ³⁸
1698 5707 1891 5775 Matth.
1926 5724 1943 5765 ι

701 5723 892 5776 xum,
923 5708 1012 5765 2f.
1092 5708 1135 5739 ’τ
1167 5705 1185 5761 l
1213 5706 1336 5765 Cor.
1372 5726 1426 5776 χ,
1466 5709 1551 5764 ιδ.
1628 5710 1672 5743 ³⁸
1698 5707 1891 5775 Matth.
1926 5707 2187 5777 “11,57.
