3786 6278
181 276 282 331 επ
1353 275 1716 333 EXPOSITIO
1754 276 1821 331 IN
1862 275 2195 334 PSALMUM
2241 274 2400 331 LXII.
3384 272 3492 330 2'78

249 395 454 465 II.th
470 394 731 465 μάταιοι
756 399 811 451 οἱ
836 396 947 452 υἱοί
982 395 1097 450 τῶν
1124 395 1469 467 ἀνθρώπων.
1499 398 1692 464 Είδὼς,
1728 401 1803 453 ὅτι

1985 402 2083 462 i0.
2138 399 2224 453 Il.
2280 397 2646 453 Verumtamen
2694 395 2811 449 uani
2873 393 2975 464 ﬁlii
3026 393 3326 458 hominum,
3382 403 3490 451 etc.

182 490 401 553 civ-.5;
441 485 709 554 δέξονται
740 489 839 562 τὴν
867 488 955 542 διὰ
983 488 1077 542 τοῦ
1112 490 1445 559 Εὑαγγελίου
1476 491 1690 562 κλῆσιν,
1714 511 1803 547 τα-

1985 510 2135 549 tarus
2179 507 2370 547 omnes
2417 489 2694 560 Evangelii
2756 488 3098 547 vocationem
3151 496 3492 556 accepturos,

179 581 403 646 ὶανεζει
444 583 592 646 τοὺς
627 583 709 653 μὴ
736 582 1112 645 πιστεύοντας,
1148 582 1243 636 καὶ
1270 583 1507 653 μάλιστα
1551 587 1677 648 τοὺς
1702 585 1803 639 τῶν

1984 582 2160 637 felices
2211 580 2473 652 przedicat
2520 594 2616 634 eos
2687 578 2781 649 qui
2833 593 2941 632 non
3009 576 3272 633 credituri
3335 584 3492 640 sunt,

194 673 492 727 Ἰουδαίων
522 674 881 745 καθηγητὰς,
905 674 954 727 οἶ
981 675 1075 728 καὶ
1096 674 1311 742 ψευδεῖς
1328 672 1488 747 ἦσαν,
1510 676 1602 730 ἆτε
1629 677 1692 750 δὴ
1716 677 1803 750 τὴν

1984 676 2153 731 axiine
2188 689 2312 727 vero
2343 673 2656 728 Judteorum
2706 670 3019 742 magistros,
3056 670 3151 740 qui
3183 678 3238 723 et
3272 667 3497 723 menda-

183 765 463 835 ἀλήθειαν
500 766 927 837 ἀπωθούμενον
961 768 1056 823 καὶ
1076 767 1135 820 ού
1175 768 1334 839 μόνον
1366 768 1514 842 ζυγῷ
1542 771 1636 824 καὶ
1681 788 1803 825 στα-

1984 784 2009 824 s
2041 776 2218 831 erant,
2249 776 2433 835 utpote
2470 765 2562 834 qui
2596 781 2628 820 a
2658 765 2886 842 veritate
2917 763 3121 832 repulsi
3152 748 3404 816 fuissent.
3428 758 3496 814 Et

186 859 347 928 ὑμαῖς
388 857 503 929 τὴν
555 859 781 913 ἀδι-κίαν
821 859 1165 931 ἐπετήδευον,
1195 859 1331 914 ἀλλὰ
1378 862 1472 915 καὶ
1521 864 1803 934 συνήγοντς

1984 877 2027 915 »η
2058 860 2217 914 modo
2258 857 2563 912 bilancibus
2596 867 2649 912 et
2682 857 2901 913 stateris
2925 854 3245 927 iniustitiam
3272 868 3495 908 exerce-

186 952 275 1002 ὲπὶ
296 951 688 1022 ματαιότητι.
724 952 969 1015 Mai-cato;
997 951 1104 1025 γὰρ
1142 952 1358 1024 ἀληθῶς
1405 954 1438 1023 ὴ
1469 954 1598 1027 παρ’
1633 952 1803 1011 αὐτῶν

1989 958 2068 1015 ιιι,
2092 950 2186 1004 sed
2220 949 2385 1003 etiam
2411 964 2508 1017 pro
2539 947 2776 1001 vanitate
2807 945 3299 1017 congregabantur.
3327 941 3494 997 Vatiae

191 1040 325 1097 uti
360 1041 469 1095 τοῦ
499 1044 774 1116 Σωτῆρος
804 1045 1082 1116 ἐπιϐουλή.
1108 1044 1206 1111 Μὴ
1249 1044 1516 1105 ἐλπίζετε
1564 1045 1657 1098 ἐπ’
1689 1044 1803 1099 ἀδι-

1984 1040 2116 1110 tippc
2151 1039 2375 1115 fuerunt
2421 1054 2613 1094 eorum
2658 1040 2920 1092 adversus
2971 1036 3305 1091 Salvatorem
3355 1035 3491 1090 insi-

190 1134 323 1184 ziar
357 1133 475 1186 καὶ
514 1135 625 1187 ἐπὶ
657 1134 938 1205 ἅρπαγμα
950 1136 1037 1204 μὴ
1058 1136 1408 1191 ἐπιποθεὴε.
1471 1136 1641 1190 Τοῦτό
1681 1155 1803 1208 φησι

1984 1147 2039 1187 Β.
2075 1130 2257 1185 Nolite
2282 1147 2494 1202 sperare
2541 1130 2597 1183 in
2632 1129 2942 1201 iniquitate,
2970 1138 3017 1181 et
3057 1128 3301 1195 rapinam
3331 1125 3491 1178 nolite

191 1226 321 1293 πιώς
355 1227 609 1291 αὐτοὺς,
641 1228 827 1298 ἐπειδὴ
852 1229 1165 1292 πλεονεξίαις
1186 1229 1372 1283 ἕνεκεν
1415 1229 1803 1283 ἐπεϐούλευσα»

1984 1224 2298 1294 ncupiscere.
2339 1220 2453 1275 Iloc
2505 1220 2582 1275 ait
2630 1219 2738 1274 illis
2767 1219 2894 1291 quia
2924 1218 3164 1271 avaritiae
3207 1230 3373 1270 causa
3409 1213 3492 1267 in-

1916 1315 2096 1371 sidiati
2124 1327 2252 1371 sunt
2274 1315 2373 1383 illi,
2403 1322 2691 1387 sperantes
2715 1313 2850 1380 legis
2874 1328 2930 1367 se
2962 1312 3199 1365 fructum
3231 1316 3490 1379 acceptu-

1915 1421 2008 1462 ros
2042 1407 2110 1461 ab
2135 1422 2220 1462 eo.

1986 1497 2073 1550 12.
2118 1495 2288 1551 Semel
2319 1496 2524 1552 locutus
2551 1506 2627 1550 est
2655 1496 2817 1560 Deus,
2860 1496 2963 1548 duo
2993 1494 3102 1547 [nec
3126 1492 3339 1547 audiri:
3362 1491 3489 1561 quia

192 1316 357 1387 αὐτῷ,
391 1318 743 1383 ἐλπίζοντες
764 1319 862 1384 τὰς
883 1323 952 1376 ἐκ
972 1321 1063 1374 τοῦ
1089 1321 1252 1390 νόμον
1278 1321 1655 1393 καρποφορίας
1679 1327 1812 1394 παρ’

192 1409 369 1462 αὐτῶν
396 1410 757 1481 λαμϐάνειν.
1489 1470 1493 1474 .

254 1502 465 1568 'Azaé’
504 1504 830 1575 ἐλάλησεν
862 1510 896 1560 ό
932 1506 1097 1573 Θεὸς,
1139 1505 1250 1561 δύο
1296 1506 1483 1562 ταῦτα
1535 1507 1808 1577 ἢκουσαο

191 1591 271 1645 ἔτι
292 1592 362 1646 τὸ
396 1594 649 1663 κράτος
675 1598 783 1653 τοῦ
818 1598 989 1656 Θεοῦ.
1040 1599 1403 1670 Ἀπεφήνατο,
1452 1600 1607 1673 φησὶ,
1655 1600 1803 1671 λόγον

1984 1599 2142 1645 testas
2182 1589 2280 1644 Dei
2320 1601 2422 1657 est,
2462 1599 2570 1645 etc.
2616 1588 2784 1655 Deus,
2823 1586 3022 1657 inquit,
3049 1583 3348 1640 declaravit
3372 1596 3490 1636 ser-

192 1684 314 1755 περὶ
337 1688 455 1756 τῆς
486 1687 743 1760 κρίσεως
761 1691 790 1743 ὁ
813 1689 966 1754 Θεὸς,
990 1690 1059 1744 δι’
1081 1684 1143 1745 οὗ
1160 1689 1334 1746 ταῦτα
1356 1692 1426 1745 τὰ
1454 1691 1547 1745 δύο
1572 1692 1803 1764 ἀκήκοα·

1984 1698 2130 1737 mem
2168 1684 2234 1739 de
2258 1684 2497 1753 judicio,
2529 1699 2595 1738 ex
2626 1698 2738 1753 quo
2774 1682 2888 1736 haec
2919 1680 3029 1733 duo
3058 1675 3239 1732 audivi
3272 1694 3286 1731 :
3321 1690 3491 1729 unum

191 1775 243 1827 ἓν
271 1778 404 1847 μὲν,
444 1779 541 1833 ὃτι
578 1783 700 1845 τοῖς
745 1782 843 1853 μὲν
888 1782 1156 1854 δεηθεῖσιν
1209 1784 1380 1856 ὀργῆς
1428 1784 1518 1839 διὰ
1553 1785 1653 1857 τὴν
1702 1786 1803 1841 τῶν

1991 1776 2153 1840 idem,
2175 1776 2321 1846 quod
2352 1777 2419 1831 iis
2441 1775 2532 1844 qui
2562 1792 2657 1845 per
2684 1782 3029 1845 peccatorum
3060 1766 3488 1841 magnitudinem

189 1871 639 1944 ἁμαρτημάτων
681 1875 986 1948 ὑπερϐολὴν
1037 1875 1208 1948 ὀργὴν
1252 1875 1555 1931 ἁποδώσεν
1595 1880 1710 1943 τοῖς
1753 1878 1803 1933 δὲ

1984 1883 2049 1921 ιω
2085 1868 2410 1938 expeticrint
2430 1910 2445 1934 ,
2476 1868 2614 1921 iram
2646 1867 2919 1932 daturus;
2942 1865 3010 1918 iis
3046 1878 3172 1917 vero
3202 1861 3296 1933 qui
3326 1873 3492 1928 opera

189 1961 309 2025 ἄξια
340 1967 737 2036 πεποιηκόσιν
772 1966 949 2034 ἐλέου,
975 1968 1237 2038 ἅπονέμοι
1254 1967 1423 2022 ἔλεον.
1443 1968 1515 2021 Τὸ
1539 1969 1649 2042 γὰρ
1668 1969 1803 2039 κρά-

1984 1959 2303 2015 .scricordiae
2354 1962 2518 2031 digna
2586 1959 2991 2032 perpetrarint,
3057 1951 3490 2011 misericordiam

189 2069 283 2119 tor;
306 2055 419 2127 τὴν
453 2056 643 2129 ὀργὴν
673 2059 1060 2130 ὑποσημαίνει,
1090 2061 1187 2114 καὶ
1217 2060 1317 2131 τὴν
1355 2060 1659 2132 ἀποτομίαν
1708 2061 1803 2132 τὴν

1984 2055 2253 2129 testiturys
2276 2055 2367 2110 sit.
2398 2055 2533 2110 Illud
2560 2056 2729 2120 enirn,
2757 2064 3009 2124 potestas,
3042 2052 3178 2105 iram
3223 2047 3494 2118 signiﬁcat

190 2145 334 2200 κατὰ
359 2146 488 2202 τῶν
529 2148 707 2217 ἀξίων
739 2151 912 2222 αὐτῆς
942 2152 1263 2224 γενομένην.

1984 2159 2073 2214 lue
2107 2143 2347 2200 furorem
2383 2149 2646 2200 adversus
2696 2160 2794 2200 eos
2828 2144 2922 2214 qui
2962 2141 3167 2196 fuerint
3200 2139 3280 2193 ira
3316 2134 3487 2207 digni.

226 2280 313 2347 Τῷ
342 2284 551 2338 Δαυῒὸ
703 2286 783 2362 τῷ
811 2285 964 2362 εἶναι
995 2290 1186 2343 αὐτὸν
1205 2290 1274 2343 ἐν
1303 2288 1379 2362 τῇ
1426 2292 1623 2362 ἐρήμῳ
1660 2292 1771 2362 τῆς

617 2357 923 2426 Ἰουδαίας.
960 2363 1269 2415 ΨΑΛΜΟΣ
1294 2360 1421 2416 se.

844 2474 857 2491 '
870 2474 1178 2542 Υπόθεσις.

193 2581 308 2637 Καὶ
333 2583 546 2639 τοῦτον
577 2585 678 2657 μὲν
712 2586 829 2659 ᾄδει
858 2587 949 2641 τὸν
972 2588 1207 2658 ψαλμὸν,
1249 2588 1466 2659 φεύγων
1496 2589 1603 2643 ἀπὸ
1641 2607 1808 2663 προσ-

266 2677 433 2732 ώπου
466 2680 670 2745 Σαοὺλ,
721 2682 816 2735 καὶ
865 2681 952 2735 διὰ
984 2681 1083 2751 τῆς
1128 2681 1270 2736 κατὰ
1314 2684 1406 2736 τὸν
1454 2683 1567 2754 βίον
1606 2684 1807 2756 ἀρετῆς

271 2772 721 2844 ἐπικαλούμενος
750 2775 830 2838 είς
860 2772 1114 2845 βοήθειαν
1139 2775 1229 2829 τὸν
1251 2775 1402 2831 Θεὸν.
1453 2775 1807 2848 Ἀναφέρεται

270 2866 333 2923 δὲ
361 2868 466 2921 καὶ
492 2869 576 2932 είς
600 2868 700 2940 τὴν
728 2868 906 2941 ψυχὴν
938 2870 1038 2941 τὴν
1082 2869 1249 2924 πάλαι
1301 2872 1358 2924 ἐν
1391 2870 1597 2944 ἐρημίᾳ.
1642 2888 1802 2941 γεγο-

276 2963 441 3013 νυῖαν
468 2960 675 3024 παντὸς
703 2960 933 3030 ἀγαθοῦ,
967 2957 1085 3015 εἶτα
1112 2965 1546 3036 ἐπιστραφεῖσαν
1579 2968 1646 3037 τῇ
1673 2966 1806 3036 Χρι-

280 3052 418 3104 στοῦ
459 3052 670 3126 χάριτι.

1912 2278 1966 2333 1.
2008 2278 2121 2350 Ipsi
2160 2279 2351 2345 David,
2389 2298 2507 2336 eum
2533 2293 2664 2335 esset
2692 2283 2749 2335 in
2785 2282 2987 2334 deserto
3019 2278 3245 2333 ludant.
3283 2273 3493 2330 PSAL-

2513 2351 2667 2407 MUS
2705 2350 2888 2405 LXII.

2490 2474 2890 2544 Argumentum.

1910 2591 1975 2647 Et
2007 2593 2153 2667 hunc
2180 2593 2329 2648 canit
2370 2592 2668 2663 psalmum,
2712 2590 2924 2661 fugiens
2952 2607 2980 2644 a
3013 2588 3150 2644 facie
3196 2586 3399 2652 Saulis,
3435 2594 3489 2674 et

1985 2701 2079 2755 per
2123 2686 2432 2741 institutum
2462 2685 2592 2739 vitae.
2620 2700 2743 2740 cum
2780 2684 2982 2737 virtute
3032 2693 3213 2738 actum
3258 2679 3353 2735 Dei
3387 2678 3491 2733 ini-

1979 2778 2159 2847 plorat
2185 2777 2473 2832 auxilium.
2525 2774 2777 2831 Refertur
2803 2775 2967 2829 etiam
2996 2774 3065 2829 ad
3094 2772 3333 2827 animam
3368 2788 3492 2842 qua:

1898 2929 1903 2933 _
1981 2871 2113 2925 olim
2145 2871 2296 2925 omni
2322 2885 2493 2925 vacua
2526 2870 2670 2924 bono
2694 2867 2896 2931 fuerat,
2932 2875 2987 2922 et
3011 2883 3134 2938 qua:
3167 2873 3357 2937 postea
3392 2878 3490 2935 per

1976 2961 2180 3018 Christi
2208 2962 2441 3033 gratiam
2469 2976 2732 3018 conversa
2760 2971 2863 3016 est.

292 3142 351 3194 Ὁ
585 3147 620 3198 ό
651 3145 796 3211 Θεός
807 3163 949 3216 μου,
967 3147 1117 3217 πρὸς
1145 3147 1221 3201 σὲ
1250 3147 1504 3217 ὀρθρίζω.
1536 3149 1609 3205 Τὸ
1643 3168 1803 3205 σπου-

1984 3138 2036 3202 2,
2064 3139 2117 3194 '5.
2162 3139 2325 3204 Deus,
2361 3139 2496 3195 Deus
2526 3158 2694 3208 meus,
2736 3141 2804 3195 ad
2835 3152 2884 3196 te
2912 3140 2975 3194 de
3014 3140 3126 3195 luce
3168 3140 3349 3213 vigilo.
3394 3136 3492 3197 His

207 3233 362 3287 δαῖον
385 3233 493 3304 τῆς
528 3234 857 3308 προσεδρίας
894 3236 982 3291 διὰ
1002 3238 1112 3291 τῶν
1148 3238 1431 3310 παρόντων
1465 3237 1809 3310 κατασημαί-

209 3341 314 3377 νει.
365 3323 520 3394 Πρὸς
564 3325 645 3389 σὲ,
680 3327 836 3396 φησὶ,
865 3327 1210 3400 διανίσταμαι
1256 3329 1478 3401 ὄρθρου,
1529 3332 1609 3395 εἰς
1632 3329 1692 3383 τδ
1726 3332 1808 3384 σοὶ

212 3414 343 3479 τούς
376 3432 438 3468 τε
462 3414 665 3486 ὕμνους
690 3419 786 3471 καὶ
810 3417 909 3483 τὰς
929 3420 1094 3491 εὐχὰς
1120 3422 1293 3476 ἁναπέ
1303 3421 1459 3493 μψαι.
1520 3421 1811 3492 Ἐδίψησέ

214 3523 287 3559 σε
318 3508 362 3575 ἡ
390 3506 568 3577 ψυχή
592 3526 731 3577 μου.
767 3511 842 3565 Οὐ
874 3511 1054 3582 μόνον,
1083 3513 1269 3585 φησὶν.
1300 3515 1333 3585 ή
1371 3513 1518 3586 ψυχὴ
1554 3513 1647 3568 τοῦ
1675 3513 1811 3587 ἔρω-

211 3615 308 3662 τος
335 3598 730 3671 ἐμπέπλησται
761 3601 854 3656 τοῦ
876 3603 1042 3657 θείου·
1066 3603 1203 3658 ἀλλὰ
1224 3605 1333 3677 γὰρ
1361 3605 1552 3661 πλέον
1576 3623 1633 3660 τι
1651 3607 1749 3660 καὶ
1770 3608 1809 3675 ἠ

219 3686 402 3756 σάρξ.
433 3688 511 3742 οὐ
545 3689 653 3762 γὰρ
687 3691 849 3768 μόνον
874 3694 974 3766 τὴν
994 3695 1277 3750 εὐσέϐειαν
1298 3697 1448 3767 ἡμᾶς
1473 3696 1810 3767 ἐπιτηδεύειν

216 3780 321 3843 δεῖ.
346 3780 504 3835 ἀλλὰ
543 3784 638 3836 καί
668 3783 760 3837 διὰ
794 3783 888 3838 τοῦ
926 3784 1178 3858 σώματος
1208 3788 1465 3860 ἀρέσκειν
1506 3787 1657 3860 Θεῷ,
1701 3784 1811 3843 οἷον

217 3877 309 3930 διὰ
328 3878 614 3950 νηστείας,
635 3880 722 3934 διὰ
744 3882 1002 3955 συνεχοῦς
1030 3885 1358 3957 προσευχῆς,
1383 3885 1471 3940 διὰ
1493 3886 1809 3958 χαμευνίας,

218 3970 313 4023 διὰ
338 3972 441 4042 τῆς
471 3973 739 4044 ἐργασίας
770 3973 878 4028 τῶν
905 3977 1124 4049 χειρῶν,
1149 3980 1228 4042 είς
1265 3978 1326 4031 τὸ
1347 3978 1619 4049 δεομένοις
1650 3996 1813 4051 χορηα

220 4065 362 4130 γεῖν.
400 4063 507 4117 Ἐν
533 4063 610 4134 γῆ
640 4065 839 4135 ἐρήμῳ
874 4069 972 4121 καὶ
1007 4068 1223 4135 ἀϐάτῳ.
1258 4070 1540 4143 Οὐδεμίαν,
1575 4071 1683 4131 ἀπὸ
1713 4071 1813 4141 τῆς

221 4156 468 4228 ἐρημίας
507 4156 715 4230 βλάϐην
754 4160 1134 4234 εἰσεδεξάμην,
1188 4163 1375 4234 φησὶν,
1429 4162 1543 4226 ἀλλ’
1572 4164 1649 4229 ὡς
1682 4164 1812 4236 παρ’

220 4248 393 4319 αὐτὴν
429 4247 680 4320 ἑστηκὼς
735 4249 835 4322 τὴν
895 4253 1047 4323 ἱεράν
1100 4271 1195 4312 σου
1253 4255 1493 4326 σκηνὴν,
1540 4254 1813 4327 ὑμνῳδίαν

224 4337 544 4409 προσφέρω.
570 4339 644 4392 Τὸ
676 4340 807 4412 γὰρ,
847 4341 918 4396 ἐν
940 4342 1023 4410 τῷ
1045 4343 1213 4416 ἁγίῳ,
1249 4344 1347 4417 τὴν
1392 4347 1596 4418 σκηνὴν
1640 4345 1809 4415 λέγει.

1911 3231 2187 3303 signiﬁcat
2218 3233 2723 3288 assiduitatem.Ad
2754 3232 3237 3303 te,,inquit,,mane
3259 3246 3492 3301 surgens

1910 3326 2167 3396 respicio,
2206 3336 2265 3381 ut
2300 3327 2532 3398 hymnos
2569 3328 2663 3382 tibi
2690 3336 2744 3383 et
2772 3327 3053 3383 orationes
3080 3326 3327 3383 oﬂ‘cram.
3349 3323 3488 3380 Siti-

1910 3419 1984 3472 vit
2011 3419 2065 3473 in
2091 3428 2140 3473 te
2178 3421 2357 3474 anima
2389 3433 2524 3475 mea.
2551 3419 2671 3475 Non
2705 3422 2891 3487 modo,
2934 3420 3133 3491 inquit,
3159 3418 3344 3476 anima
3371 3432 3493 3472 mea

1911 3513 2095 3568 divino
2124 3528 2311 3567 amore
2355 3514 2558 3583 repleta
2596 3522 2715 3580 est;
2767 3514 2859 3568 sed
2903 3514 3072 3573 etiam
3124 3510 3494 3580 multipliciter

1912 3622 2036 3661 caro
2060 3622 2194 3664 mea.
2228 3604 2349 3661 Non
2377 3606 2559 3665 solum
2587 3605 2733 3661 enim
2757 3621 2853 3675 par
2879 3612 2965 3661 est
2989 3619 3092 3663 nos
3118 3604 3373 3674 pietatem
3400 3618 3495 3658 co-

1911 3701 2057 3768 lere,
2079 3700 2171 3756 sed
2204 3700 2370 3758 etiam
2407 3715 2637 3770 corpore
2667 3699 2891 3770 placere
2914 3700 3061 3766 Deo;
3097 3699 3373 3763 videlicet,
3400 3713 3496 3769 per

1908 3793 2203 3866 jejunium,
2232 3808 2327 3864 per
2363 3792 2707 3861 frequentem
2741 3792 3069 3858 orationem,
3097 3806 3195 3862 per
3230 3790 3494 3845 chameu-

1914 3886 2085 3950 niam,
2103 3901 2200 3957 per
2223 3901 2388 3957 opera
2420 3901 2705 3956 manuum,
2739 3886 2806 3940 ad
2835 3886 3240 3955 eleemosynam
3263 3899 3497 3955 erogan-

1914 3978 2062 4035 dam.
2109 3980 2176 4034 In
2210 3989 2353 4034 terra
2384 3981 2595 4036 deserta
2633 3989 2682 4034 et
2716 3980 2883 4036 invia.
2927 3978 3149 4037 Nullum
3179 3994 3243 4035 ex
3277 3963 3521 4036 deserto.

1913 4070 2035 4127 loco
2059 4062 2447 4128 nocuméntum
2476 4072 2647 4139 sensi,
2676 4072 2872 4143 inquit,
2923 4073 3016 4129 sed
3050 4072 3210 4143 quasi
3234 4071 3385 4143 apud.
3405 4087 3495 4128 sa-

1915 4178 2073 4219 crum
2099 4164 2512 4220 tabernaculum
2552 4172 2707 4220 tuum
2737 4175 2972 4227 starem,
3000 4166 3263 4236 hymnum
3299 4163 3488 4219 altera.

1915 4253 2051 4330 Illud
2109 4255 2293 4322 enim,
2356 4257 2413 4309 in
2462 4265 2680 4321 sancto,
2735 4256 3146 4312 tabernaculum
3200 4254 3491 4324 signiﬁcat.

1903 4345 2170 4401 'Nondum
2211 4346 2357 4401 enim
2401 4346 2648 4402 divinum
2695 4347 2959 4416 templum
2992 4354 3330 4401 exstructum
3379 4344 3496 4399 fue-

224 4428 394 4483 οὔπω
423 4430 534 4501 γὰρ
581 4433 611 4483 ὁ
662 4430 807 4497 θεῖος
854 4434 990 4499 νεὼς
1011 4435 1346 4507 ᾠκοδόμητο.
1386 4439 1584 4504 Οὔτως
1614 4440 1687 4493 ἐν
1734 4439 1803 4507 τῷ

1984 4446 2021 4491 t.
2052 4436 2142 4491 Sic
2167 4440 2221 4491 in
2245 4446 2431 4492 sancto
2467 4439 2692 4507 apparui
2727 4438 2839 4491 tibi.
2874 4435 2963 4495 Sic
2984 4477 3000 4503 ,
3040 4436 3342 4507 quomodo,
3389 4438 3497 4492 nisi

224 4521 373 4591 ἁγιῳ
396 4521 607 4591 ὤφθην
638 4538 758 4579 σοι.
796 4526 1015 4597 Οὗτως,
1079 4526 1196 4592 πῶς
1248 4528 1296 4599 ιῆ
1346 4529 1516 4601 διψῶν
1549 4531 1644 4585 καὶ
1696 4533 1815 4586 ἐπι-

229 4615 410 4669 ποθῶν
428 4614 532 4702 τὴν
559 4619 689 4687 περὶ
730 4620 791 4673 σὲ
814 4620 905 4674 τὸν
936 4621 1099 4691 ἆγιονη
1139 4622 1434 4693 συνάφειαν
1463 4640 1478 4690 ;
1530 4624 1627 4688 Τίς
1671 4624 1716 4678 δ’
1750 4624 1814 4679 ἂν

230 4704 314 4776 εἴη
344 4705 505 4775 ἆγιος
529 4707 560 4777 ἢ
596 4710 624 4761 ὁ
656 4709 966 4781 Μονογενής
992 4728 1006 4776 ;

299 4800 431 4853 ὀτι
464 4799 756 4867 κρεῖσσον
784 4802 851 4855 τὸ
882 4803 1057 4870 ἔλεός
1093 4818 1210 4859 σου
1234 4805 1387 4875 ὑπὲρ
1413 4805 1577 4874 ζωὰς.
1614 4807 1734 4862 Ὅτι
1765 4811 1814 4862 οἱ

227 4891 304 4961 τῷ
348 4890 494 4944 ἐλέει
528 4894 920 4964 προσελθόντες
956 4896 1059 4951 τοῦ.
1082 4897 1240 4964 Θεοῦ,
1278 4900 1529 4954 τουτέστι
1570 4902 1813 4973 Χριστῷ,

229 4983 378 5036 οὐδὲν
410 4983 676 5055 ἡγοῦνται
698 4985 791 5039 τοῦ
818 4987 1090 5058 παρόντος
1117 4988 1234 5060 βίου
1264 4991 1365 5064 τὴν
1388 4991 1554 5064 ζωὴν,
1576 4993 1676 5065 τὴν
1702 5010 1815 5046 τοι-

232 5076 401 5145 αὐτην
425 5076 866 5150 ἁναφθέγγονται
906 5082 1127 5156 φωνήν·
1172 5083 1315 5155 ὑπὲρ
1359 5083 1594 5156 πλήθους
1647 5084 1812 5155 ζωῆς,

230 5165 332 5235 τῆς
360 5168 643 5240 παρούσης
673 5168 949 5241 δηλονότι,
980 5172 1229 5243 λέγοντες
1263 5171 1400 5229 εἶναι
1432 5176 1493 5230 τὸ
1536 5176 1816 5248 δεδομένον

213 5260 412 5323 καύτοῖς
442 5259 533 5317 διὰ
563 5260 662 5316 τοῦ
684 5262 1027 5335 Μονογενοῦς
1059 5265 1228 5331 ἔλεος.
1269 5268 1467 5335 Οὕτως
1500 5267 1817 5339 εὐλογήσω

234 5365 307 5404 σε
327 5351 397 5404 ἐν
426 5351 502 5421 τῇ
541 5352 661 5427 (ζωῇ¹
701 5372 842 5424 μου.
893 5355 1067 5413 Τοῦτο
1087 5358 1145 5411 δὲ
1197 5359 1347 5433 παρὰ
1378 5361 1558 5414 πάντα
1589 5378 1691 5432 μου
1726 5361 1816 5415 τὸν

237 5443 349 5513 βίον
372 5446 669 5500 διατελέσω
698 5447 889 5514 ποιῶν,
921 5450 1106 5522 ὑμνῶν
1140 5452 1236 5522 μὲν
1264 5455 1331 5523 τῇ
1363 5451 1608 5525 γλώττῃ,
1637 5452 1735 5517 τὰς
1762 5453 1818 5506 δὲ

239 5540 422 5610 χεῖρας
462 5540 743 5604 ἐκτείνων,
780 5542 874 5594 καὶ
898 5543 996 5615 τὴν
1035 5543 1133 5614 σὴν
1163 5543 1574 5616 φιλανθρωπίαν
1629 5545 1814 5600 αἰτῶν.

253 5631 350 5685 Ἐν
380 5630 459 5698 τῷ
488 5633 742 5703 ὀνόματί
768 5648 884 5689 σου
912 5635 1036 5705 ἀρῶ
1056 5637 1163 5703 τὰς
1197 5636 1416 5707 χεῖράςο
1425 5656 1565 5706 μου.
1597 5636 1814 5700 Οὐκέτι.

242 5721 418 5793 φησιν,
444 5720 520 5786 ὡς
549 5722 645 5777 καὶ
673 5720 888 5795 πρώην,
915 5724 1049 5795 πρὸς
1065 5725 1197 5780 Θεὸν
1222 5725 1498 5798 ἀλλότριον
1522 5727 1617 5792 τὰς
1633 5730 1818 5800 χεῖρας

1917 4528 2114 4584 sitiens
2143 4540 2308 4599 atque
2341 4537 2609 4599 exoptans
2638 4538 2841 4596 tecum,
2876 4527 2971 4600 qui
3000 4538 3228 4586 sanctus
3252 4545 3332 4596 es,
3366 4546 3499 4587 con-

1912 4621 2103 4693 jungi?
2126 4621 2262 4690 Quis
2293 4638 2422 4676 vero
2447 4632 2672 4684 sanctus
2694 4623 2783 4677 ille
2812 4622 2976 4679 fuerit
3002 4623 3107 4679 nisi
3139 4621 3500 4696 Unigenitus?
3556 4686 3565 4696 _

1987 4801 2043 4862 4,
2071 4801 2124 4856 5.
2168 4801 2433 4867 Quoniam
2464 4802 2650 4858 melior
2680 4812 2757 4857 est
2799 4803 3166 4858 misericordia
3211 4812 3302 4857 tua
3346 4818 3501 4870 super

1919 4896 2073 4950 vitas.
2106 4895 2379 4969 Quoniam
2403 4898 2499 4971 qui
2528 4896 2594 4952 ad
2618 4895 2714 4952 Dei
2749 4896 3183 4953 miscricordiam
3211 4894 3499 4957 accedunt,

1871 4998 1877 5005 '
1920 4990 1974 5046 id
2010 5001 2094 5048 est
2124 4992 2191 5047 ad
2220 4992 2535 5058 Christum,
2570 4990 2710 5047 nihil
2751 4991 2958 5045 ducunt
2997 4988 3161 5058 hujus
3196 4985 3385 5040 mundi
3421 4985 3502 5040 vi-

1924 5093 2056 5152 tam,
2087 5085 2362 5155 ejusmodi
2391 5102 2582 5141 vocem
2614 5085 2922 5155 proferunt,
2954 5080 3255 5149 dicuntque
3278 5076 3501 5135 miseri-

1920 5178 2165 5234 cordiam
2193 5178 2298 5235 sibi
2329 5194 2427 5249 per
2482 5177 2830 5248 Unigenitum
2880 5188 3199 5231 concessam
3240 5180 3504 5242 praestan-

1920 5270 2115 5325 tiorem
2158 5285 2282 5326 esse
2310 5271 2434 5326 vita:
2475 5269 2760 5341 praesentis
2788 5264 3169 5324 diuturnitate.
3216 5261 3306 5323 Sic
3352 5264 3504 5319 bene-

1920 5362 2098 5416 dicam
2130 5372 2177 5415 te
2216 5363 2273 5416 in
2308 5363 2415 5416 vita
2455 5378 2588 5416 mea.
2636 5358 2750 5414 Hoc
2795 5365 3090 5427 perlatam
3133 5357 3300 5412 vitam
3343 5372 3504 5427 agerc

1921 5472 2169 5527 pergam,
2196 5456 2381 5526 lingua
2416 5456 2624 5510 scilicet
2646 5454 2881 5526 hymnos
2905 5450 3159 5517 cantabo,
3190 5466 3385 5504 manus
3409 5464 3505 5502 cx-

1922 5551 2165 5614 tendam,
2189 5558 2243 5604 ct
2278 5561 2426 5604 tuam
2455 5548 2658 5618 rogabo
2691 5545 3058 5603 clementiam.
3088 5541 3153 5597 In
3181 5543 3390 5598 nomine
3415 5549 3503 5593 tuo

1922 5641 2103 5696 levabo
2133 5657 2321 5695 manus
2353 5657 2518 5695 meas.
2566 5639 2685 5696 Non
2728 5639 2871 5694 ultra
2895 5677 2909 5700 ,
2943 5635 3160 5706 inquit,
3204 5634 3348 5690 sicut
3378 5643 3503 5687 ante

1923 5729 2048 5796 feci,
2079 5747 2271 5788 manus
2298 5732 2584 5789 extendam
2614 5732 2680 5788 ad
2709 5728 2877 5789 Deum
2910 5729 3147 5785 alienum
3178 5768 3192 5796 ,
3225 5726 3320 5783 sed
3357 5724 3424 5778 ad
3453 5731 3505 5778 te
