3786 6278
344 198 454 257 τις

1187 193 1247 250 S.
1285 186 1656 247 ATHANASII
1692 185 1844 244 OPP.
1881 182 2065 239 PARS
2101 181 2188 239 Ill.
2223 212 2295 221 —
2333 175 2742 236 EXEGETICA.

3472 167 3591 224 280

347 316 563 381 solum,
622 325 679 369 et
729 321 883 369 tuum
938 312 992 367 in
1040 310 1445 383 precationibus
1501 323 1697 365 nomen
1764 306 1968 362 invo-J

2075 299 2241 366 ιτενῶ,
2270 298 2383 353 ἀλλ’
2429 300 2463 370 ἢ
2492 297 2574 352 σοὶ
2605 295 2770 367 μόνῳ,
2812 292 2907 348 καὶ
2951 290 3014 345 τδ
3048 290 3140 345 σὺν
3171 290 3229 344 ὲν
3252 292 3590 362 προσευχαῖς

346 407 649 552 6³1ἔῗδὶιςιιι
683 492 837 560 adipe
869 500 920 547 et
942 491 1258 562 pinguedine
1288 484 1552 560 repleatur
1573 487 1753 542 anima
1775 502 1912 540 mea.

343 583 592 642 Ostendit
620 592 884 655 quantum
923 582 995 638 sit
1041 583 1253 638 lucrum
1287 598 1476 638 eorum
1518 580 1613 651 qui
1639 580 1694 634 in
1732 579 1914 650 ipsum

344 677 520 734 solum
554 690 706 747 spem
749 675 1055 747 posuerint.
1101 672 1168 728 Et
1199 674 1354 729 labiis
1384 672 1754 728 exsultationis
1785 671 1917 725 'lau-

343 769 489 823 dabit
526 784 583 822 os
617 783 810 821 meum.
844 765 1004 833 Cum,
1055 767 1266 837 inquit,
1315 767 1368 821 in
1416 764 1733 821 memoriam
1776 762 1913 818 mihi

340 862 491 918 venit
532 876 728 916 nomen
770 871 960 928 tuum,
1020 867 1152 915 tunc
1194 859 1392 931 gaudio
1446 858 1724 928 replentur
1770 855 1913 912 labia

340 972 482 1013 mea.

411 1047 463 1102 7.
504 1045 567 1103 Si
595 1063 793 1102 memor
833 1047 914 1117 fui
945 1047 1022 1102 tui
1053 1063 1207 1117 super
1236 1056 1462 1101 stratum
1490 1062 1682 1101 meum.
1728 1045 1867 1100 lllud
1896 1064 1909 1099 :

339 1138 399 1194 Si
423 1155 620 1193 memor
650 1138 751 1209 fui,
782 1137 1023 1209 positum
1058 1153 1182 1209 pro,
1205 1153 1324 1191 cum
1346 1152 1546 1191 memor
1567 1151 1722 1202 sum;
1757 1143 1816 1190 ut
1843 1138 1915 1190 sit

338 1232 606 1287 sententia
634 1247 647 1283 :
680 1246 805 1287 cum
828 1245 1040 1286 memor
1067 1230 1143 1285 tui
1168 1244 1368 1296 essem,
1395 1227 1596 1299 inquit.
1628 1227 1912 1283 insomnes

338 1323 471 1379 duxi
500 1332 709 1389 noctes,
750 1321 1004 1378 laudibus
1034 1321 1142 1376 tuis
1169 1336 1392 1387 vacans,
1423 1330 1478 1375 et
1503 1320 1739 1375 illustria
1768 1320 1909 1375 dona

338 1424 431 1471 tua
478 1416 784 1486 accipiens,
833 1430 955 1485 quae
1003 1413 1382 1470 invocantibus
1414 1422 1468 1468 te
1501 1412 1718 1469 tribuis.
1770 1409 1911 1477 Quia

336 1506 486 1575 fuisti
521 1506 737 1574 adjutor
767 1522 934 1573 meus,
966 1513 1016 1560 et
1057 1506 1111 1558 in
1138 1504 1427 1559 velamento
1457 1503 1668 1557 alarum
1697 1511 1911 1556 tuarum

331 1596 628 1653 exsultabo.
650 1595 1125 1667 Quandoquidem,
1154 1596 1249 1661 ait,
1279 1606 1337 1650 tu
1364 1595 1499 1649 mihi
1523 1592 1782 1650 custodite
1804 1602 1911 1647 tua:

334 1687 602 1742 auxilium
635 1687 908 1759 impendis
930 1729 946 1755 ,
974 1687 1219 1742 laetitiam
1261 1686 1494 1757 excipio.
1526 1685 1907 1741 Velamentum

334 1779 483 1835 enim
513 1779 724 1836 alarum
756 1789 914 1835 vocat
940 1778 1201 1834 custodite
1221 1778 1510 1833 auxilium.
1539 1777 1582 1832 A
1614 1786 1686 1843 te,
1712 1778 1911 1850 inquit,

330 1880 610 1943 protectus
639 1886 983 1942 summopere
1011 1871 1275 1943 gaudebo.

407 2050 465 2107 9.
503 2049 741 2106 Adhwsit
777 2051 957 2105 anima
988 2068 1104 2105 mea
1128 2060 1245 2121 post
1274 2059 1340 2106 te.
1373 2048 1453 2105 Ne
1476 2050 1749 2105 tantillum
1783 2052 1908 2122 qui-

333 2142 457 2198 dem
478 2156 704 2214 possum
728 2157 759 2196 a
787 2142 1120 2214 cogitatione
1147 2159 1267 2198 mea
1306 2145 1628 2198 memoriam
1661 2144 1736 2198 tui
1762 2160 1911 2199 aver-

332 2242 470 2288 tere.
515 2230 622 2289 Sed
662 2232 871 2289 amoris
916 2232 1193 2289 incentivo
1234 2234 1499 2300 adustus,
1554 2250 1654 2291 ceu
1700 2236 1908 2304 glutino

334 2324 571 2395 quodam
620 2325 931 2392 memoriae,
966 2324 1062 2381 tibi
1096 2325 1366 2382 desiderio
1393 2326 1719 2398 conjuncws
1762 2344 1904 2382 sum.

338 2414 425 2470 Me
459 2417 684 2486 suscepit
723 2417 938 2470 dextera
970 2426 1085 2473 tua.
1117 2416 1301 2487 Ecqua
1328 2426 1505 2472 autem
1537 2417 1702 2474 fuerit
1731 2418 1906 2475 Patris

329 2507 571 2574 dextera,
604 2508 709 2562 nisi
739 2507 1054 2578 unigenitus
1083 2508 1205 2577 ejus
1234 2507 1440 2563 Filius?

405 2684 489 2741 10.
517 2683 631 2755 Ipsi
660 2702 778 2742 vero
803 2688 860 2742 in
883 2704 1076 2742 sanum
1099 2688 1423 2759 quaesierunt
1452 2690 1686 2744 animam
1713 2708 1901 2745 meam.

331 2775 610 2835 Occlamat
658 2778 877 2835 demum
929 2788 1121 2836 contra
1168 2780 1515 2838 adversarius
1578 2792 1900 2853 potestates,

331 2870 442 2923 vim
494 2869 695 2925 illatam
748 2870 855 2927 sibi
905 2870 1201 2941 objiciens,
1245 2889 1443 2945 rogans
1487 2876 1705 2929 aztcrnis
1756 2874 1904 2943 ipsas

329 2960 474 3017 tradi
506 2961 790 3033 suppliciis
817 2962 953 3033 (25).

403 3053 492 3108 i2.
527 3052 641 3109 Rea;
677 3069 794 3108 vero
831 3053 1102 3109 («elabitur
1144 3055 1199 3109 in
1242 3054 1371 3109 Deo.
1413 3053 1705 3127 Postquam
1738 3056 1904 3113 tinem

329 3152 523 3200 earum
554 3147 833 3202 enarravit
857 3147 952 3217 qui
979 3162 1108 3218 erga
1154 3146 1437 3203 Christum
1466 3149 1618 3218 impii
1651 3147 1897 3215 fuerunt,

328 3245 383 3291 et
398 3235 700 3293 declaravit
724 3239 781 3299 in
812 3248 1019 3310 partem
1049 3240 1186 3311 ipsis
1201 3250 1255 3295 et
1272 3251 1475 3296 sortem
1504 3240 1619 3295 fore
1644 3242 1904 3297 inferiora

328 3337 508 3396 terrae,
551 3330 621 3385 ad
662 3330 828 3386 alium
876 3332 1164 3386 hominum
1195 3340 1395 3387 statum
1423 3341 1478 3387 et
1503 3333 1751 3388 ordinem
1782 3348 1900 3389 ser-

325 3434 545 3476 monem
574 3420 874 3489 convertit,
924 3422 979 3479 id
1025 3433 1143 3492 est,
1192 3438 1382 3479 eorum
1411 3423 1506 3495 qui
1535 3423 1590 3478 in
1624 3422 1901 3480 Christum

325 3509 711 3580 crediderunt,
746 3512 840 3582 qui
867 3527 993 3569 cum
1036 3528 1206 3586 regno
1234 3515 1499 3570 caelorum
1530 3514 1738 3585 dignati
1771 3517 1901 3586 sint,

325 3614 482 3671 reges
515 3601 640 3671 jure
670 3604 1154 3676 vocantur,juata
1197 3604 1328 3660 illud
1373 3604 1581 3659 dictum
1608 3604 1897 3676 Apostoli:

326 3688 397 3744 Et
429 3694 637 3747 utinam
663 3696 887 3765 regnetis
904 3695 971 3750 ”.
1019 3693 1119 3751 Hic
1148 3703 1334 3751 autem
1371 3704 1491 3750 erat
1532 3696 1766 3766 populus
1798 3698 1894 3769 qui

326 3782 605 3850 regnabat,
636 3784 840 3853 quique
868 3784 1154 3840 laetabatur
1192 3786 1377 3840 laetitia
1405 3785 1675 3856 spirituali
1694 3828 1710 3855 ,
1736 3802 1901 3857 quam

327 3870 430 3941 ipsi
450 3868 592 3928 Deus
620 3874 737 3943 ipse
766 3874 994 3947 largitus
1027 3884 1131 3931 est.
1163 3874 1299 3948 Ego,
1331 3878 1528 3947 inquit,
1551 3878 1647 3948 qui
1672 3893 1903 3950 regnum

326 3962 508 4033 accepi
541 3963 608 4019 de
646 3964 853 4021 auxilio
884 3974 1011 4033 tuo,
1048 3982 1158 4022 non
1187 3967 1255 4021 de
1289 3969 1534 4038 ipsorum
1569 3978 1742 4024 morte
1771 3985 1907 4040 gau-

325 4054 447 4111 deo.
479 4054 867 4110 Laudabuntur
896 4073 1072 4113 omnes
1101 4058 1193 4129 qui
1225 4058 1419 4128 jurant
1460 4062 1515 4113 in
1545 4076 1624 4114 eo.
1665 4059 1742 4115 Ita
1765 4103 1780 4127 ,
1820 4062 1904 4116 in-

324 4145 462 4215 quit,
497 4146 670 4216 gloria
701 4146 945 4216 ipsorum
974 4147 1234 4204 Christus
1261 4149 1386 4215 erit,
1418 4166 1612 4205 eorum
1652 4151 1904 4209 videlicet

324 4240 418 4308 qui
466 4239 805 4311 regnabunt;
838 4241 1045 4311 utjure
1073 4242 1387 4308 laudentur,
1423 4244 1553 4314 quia
1595 4259 1719 4299 eum
1747 4244 1903 4315 jura-

2016 390 2437 462 ἐπικαλούμενος
2466 388 2655 460 ὄνομα.

2093 484 2192 552 Ὦς
2207 484 2276 539 ἐκ
2328 482 2582 548 στέατος
2614 479 2718 534 καί
2775 478 3055 545 πιότητος
3112 474 3483 545 ἐμπλησθείη
3538 476 3584 543 ἠ

2015 574 2183 645 ψυχή
2208 593 2340 645 μου.
2373 574 2621 627 Δείκνυσι
2656 571 2820 626 πόσον
2846 569 2907 623 τὸ
2943 568 3135 641 κέρδος
3163 568 3271 622 τῶν
3315 568 3401 620 ἐπ’
3431 567 3588 638 αὐτῷ

2019 666 2162 738 μόνῳ
2185 667 2285 730 τάς
2314 665 2535 728 ἐλπίδας
2562 663 2704 735 ἔχειν
2736 662 3046 735 ᾑρημένων.
3068 660 3178 714 Kal
3209 660 3380 728 χείλη
3402 658 3593 728 ἀγαλ-

2014 756 2271 825 λιάσεως
2295 758 2521 812 αίνέσει
2540 756 2604 810 τό
2630 756 2824 825 στόμα
2845 772 2988 832 μου.
3037 752 3205 806 Ὅταν
3225 794 3239 818 ,
3286 752 3446 823 φησι,
3484 748 3587 804 τοῦ

2016 849 2110 904 σοῦ
2139 852 2197 903 ὲν
2226 851 2416 923 μνήμῃ
2438 848 2703 919 ὀνόματος
2723 847 2983 918 γίνωμαι,
3004 846 3124 899 τότε
3151 845 3217 915 δὴ
3250 843 3367 897 τότε
3410 844 3589 914 χαρᾶς

2017 941 2313 1015 πληροῦται
2342 941 2409 995 τά
2433 940 2584 1012 χείλη
2612 958 2733 1010 μου.

2083 1036 2155 1089 El
2176 1032 2583 1104 ὲμνημόνευόν
2610 1048 2726 1085 σου
2752 1031 2849 1085 ἐπὶ
2870 1028 2978 1099 τῆς
3000 1029 3313 1098 στρωμνῆς
3328 1047 3466 1097 μου.
3485 1028 3589 1094 Τὸ,

2015 1129 2083 1181 El
2106 1127 2535 1196 ἐμνημόνευον,
2563 1125 2684 1179 ἀντὶ
2710 1123 2826 1188 τοῦ,
2866 1107 3276 1193 μνημονεύων,
3311 1120 3548 1174 τέθειται
3569 1134 3585 1150 ⁶

2015 1218 2101 1270 ἵνα
2124 1211 2185 1291 ᾗ,
2245 1214 2595 1288 μνημονεύων
2646 1231 2737 1268 σου
2757 1255 2771 1279 ,
2834 1214 2997 1285 φησὶν
3018 1252 3033 1277 ,
3077 1213 3279 1275 άῡπνος
3319 1211 3591 1282 ἐγενόμην

2013 1310 2144 1382 περὶ
2166 1308 2264 1373 τάς
2297 1307 2395 1373 σάς
2423 1308 2679 1374 αἰνέσεις,
2706 1306 2802 1361 καὶ
2828 1305 2925 1370 τάς
2952 1308 3219 1375 φωτεινάς
3268 1321 3361 1357 σου
3418 1319 3593 1374 χορη-

2012 1398 2160 1467 γίας,
2185 1396 2252 1462 ἃς
2283 1399 2395 1461 τοῖς
2425 1396 2876 1467 ἐπικαλουμένοις
2902 1413 2971 1471 ,σε
3006 1395 3181 1458 δίδως.
3216 1396 3337 1449 Ὅτι
3380 1392 3593 1464 ἐγενή-

2014 1494 2126 1559 θης
2152 1490 2381 1558 βοηθός
2405 1506 2545 1559 μου,
2577 1490 2674 1543 καὶ
2706 1489 2777 1542 ἐν
2806 1488 2880 1557 τῇ
2911 1488 3108 1557 σκέπῃ
3138 1486 3256 1541 τῶν
3282 1487 3593 1557 πτερύγιον

2013 1596 2129 1635 σου
2163 1578 2626 1651 ἁγαλλιάσομαι.
2670 1578 2887 1650 Ἐπειδὴ
2924 1577 3089 1641 αὐτός
3115 1594 3203 1648 μοι
3255 1575 3467 1647 βοηθεῖς
3516 1577 3588 1647 τῇ

1940 1649 1984 1704 Β
2014 1649 2226 1747 φυλακῇ
2256 1675 2355 1746 τῆς
2387 1673 2488 1744 σῆς
2514 1672 2783 1745 βοηθείας,
2821 1649 2919 1743 την
2953 1668 3291 1741 εὐφροσύνην
3332 1668 3582 1739 δέχομαι.

2010 1766 2228 1837 Σκέπην
2258 1766 2365 1837 γὰρ
2415 1764 2699 1838 πτερύγων
2731 1763 2888 1818 καλεῖ
2910 1760 3007 1833 τὴν
3052 1759 3159 1815 ἀπὸ
3188 1760 3287 1830 τῆς
3331 1759 3585 1831 βοηθείας

1992 1858 2278 1930 ¹φυλακήν.
2308 1858 2672 1929 Σκεπόμενος,
2707 1854 2860 1926 φησὶ,
2894 1854 3045 1926 παρά
3086 1853 3183 1907 σοῦ
3221 1854 3367 1925 χαρᾷ
3403 1853 3583 1923 χαρή-

2012 1966 2194 2021 σομαι.

2092 2040 2431 2109 Ἐκολλήθη
2461 2042 2499 2108 ἡ
2530 2038 2698 2109 ψυχή
2724 2057 2843 2108 μου
2876 2038 3067 2091 ὀπίσω
3107 2052 3244 2091 σου.
3279 2033 3411 2089 Οὐδὲ
3444 2032 3584 2106 πρὸς

2012 2135 2182 2207 βραχὺ
2208 2135 2299 2186 τὸν
2332 2133 2463 2203 ἐμὸν
2492 2132 2770 2203 λογισμὸν,
2816 2132 2971 2201 φησὶ,
3005 2130 3103 2201 τῆς
3149 2130 3248 2200 σῆς
3279 2128 3587 2199 ἀποστῆσαι

2008 2225 2239 2296 δύναμαι
2261 2226 2501 2296 μνήμης.
2544 2223 2704 2277 Ἀλλά
2736 2221 3152 2295 φίλτρῳδθερμῷ
3175 2220 3584 2291 πυρσευόμενος

2010 2313 2120 2373 οἷόν
2146 2336 2250 2373 τινι
2281 2316 2444 2390 κόλλῃ
2471 2318 2537 2387 τῇ
2567 2317 2776 2387 μνήμῃ,
2811 2315 2889 2387 τῷ
2915 2315 2994 2386 σῷ
3019 2315 3168 2386 πόθῳ
3200 2314 3581 2386 προσδέδεμαι.

2010 2406 2143 2465 Εἶτα
2161 2410 2398 2463 δείκνυσι
2421 2408 2512 2462 τὸν
2536 2408 2629 2462 τοῦ
2656 2408 2823 2462 πόθου
2856 2407 3082 2479 καρπόν.
3122 2406 3303 2475 Ἐμοῦ
3324 2405 3393 2459 δὲ
3441 2406 3585 2460 ἀντ-

2008 2500 2250 2555 ελάϐετο
2277 2502 2315 2570 ἡ
2342 2499 2511 2565 δεξιά
2536 2517 2672 2554 σου.
2696 2500 2806 2553 Καὶ
2833 2499 2915 2564 τίς
2946 2499 3011 2553 ἂν
3043 2497 3128 2570 εἴη
3160 2497 3308 2562 δεξιὰ
3339 2497 3434 2551 τοῦ
3462 2498 3581 2551 Πα-

2007 2594 2135 2666 τρὸς
2163 2594 2196 2666 ἦ
2223 2596 2251 2647 ὁ
2287 2593 2579 2664 μονογενὴς
2610 2592 2775 2647 αὐτοῦ
2799 2593 2962 2657 ride;

2077 2685 2256 2741 Αὐτοὶ
2276 2685 2345 2738 δὲ
2370 2688 2457 2750 εὶς
2473 2684 2673 2754 μάτην
2710 2684 3007 2752 ἐζήτησαν
3042 2683 3156 2753 τὴν
3198 2682 3410 2753 ψυχήν
3438 2699 3582 2753 μου.

2008 2775 2363 2848 Κατακράζει
2383 2776 2571 2830 λοιπὸν
2602 2776 2710 2829 τῶν
2750 2776 3139 2846 ἀντικειμένων
3173 2775 3486 2846 δυνάμεων,
3514 2776 3591 2846 ἢν

2008 2868 2267 2940 ὑπέμεινε
2300 2868 2733 2939 προϐαλλόμενος
2769 2867 2924 2939 βίαν,
2959 2866 3247 2938 εὐχόμενος
3294 2869 3413 2930 ταῖς
3452 2868 3585 2921 αἰω-

2006 2957 2141 3023 νίοις
2167 2960 2364 3023 αὐτοὺς
2391 2958 2755 3032 παραδοθῆναι
2783 2959 3088 3013 κολάσεσιν.

2090 3049 2144 3103 '0
2172 3049 2241 3104 δὲ
2262 3050 2565 3117 ,βασιλεὺς
2595 3049 3074 3119 εὐφρανθήσεται
3096 3050 3194 3105 ἐπὶ
3221 3048 3302 3117 τῷ
3336 3050 3476 3118 Θεῷ.
3504 3050 3586 3105 Τὸ

2005 3137 2158 3204 τέλος
2186 3140 2295 3193 τῶν
2325 3141 2403 3203 είς
2428 3139 2664 3212 Χριστὸν
2703 3138 3087 3212 ἀσεϐησάντων
3125 3137 3429 3205 διεξελθὼν,
3482 3139 3584 3194 καὶ

2004 3230 2206 3297 δείξας,
2246 3232 2321 3296 ὡς
2350 3232 2507 3303 μερὶς
2530 3233 2625 3285 καὶ
2647 3232 2847 3304 κλῆρος
2876 3232 3060 3296 αὐτοῖς
3094 3233 3377 3303 γενήσεται
3400 3231 3467 3285 τὰ
3484 3249 3585 3286 κα-

2005 3322 2224 3378 τώτατα
2254 3323 2394 3396 μέρη
2422 3324 2521 3395 τῆς
2548 3324 2673 3394 γῆς,
2714 3324 2807 3377 ἐπὶ
2838 3324 2899 3377 τὸ
2922 3322 3110 3397 ἕτερον
3133 3324 3318 3396 τάγμα
3362 3323 3451 3377 τὸν
3488 3322 3584 3377 λό-

2004 3433 2100 3486 γον
2135 3416 2451 3488 μεθίστησι·
2483 3417 2642 3472 τοῦτο
2664 3418 2720 3471 δὲ
2745 3414 2814 3491 ἦν
2838 3418 2898 3472 τὸ
2934 3420 3042 3473 τῶν
3066 3419 3466 3473 πιστευσάντων
3494 3421 3584 3485 εἰς

2005 3510 2264 3582 Χριστὸν,
2305 3512 2377 3576 οἳ,
2404 3512 2501 3565 καὶ
2552 3510 2828 3581 βασιλείας
2858 3512 3151 3583 ἠξιωμένοι
3174 3514 3281 3565 τῶν
3312 3511 3584 3585 οὐρανῶν,

2005 3601 2228 3665 εἰκότως
2258 3601 2352 3656 καὶ
2390 3601 2628 3672 βασιλεῖς
2649 3601 3025 3673 ὀνομάζονται,
3074 3603 3217 3657 κατά
3250 3603 3312 3656 τὸ
3345 3604 3583 3675 εἰρημέ-

2005 3709 2094 3745 νον
2124 3691 2275 3762 παρά
2297 3691 2375 3763 τῷ
2411 3691 2716 3764 Ἀποστόλῳ
2733 3710 2747 3723 ·
2776 3693 2888 3747 Καὶ
2914 3692 3149 3764 ὤφελόν
3172 3711 3238 3764 γε
3269 3694 3591 3749 ἐϐασαεύ-

2004 3800 2172 3838 σατε.
2212 3777 2378 3848 Οὗτος
2402 3783 2460 3837 δὲ
2482 3780 2550 3855 ἦν
2577 3786 2605 3837 ὁ
2631 3784 2929 3855 βασιλεύων
2957 3783 3105 3849 λαὸς,
3137 3786 3197 3849 ὃς
3224 3785 3588 3857 εὐφραίνεται

2003 3874 2101 3945 τὴν
2127 3873 2321 3946 νοητὴν
2351 3874 2713 3947 εὐφροσύνην,
2741 3876 2809 3948 ῆν
2836 3877 2996 3941 αὐτὸς
3021 3875 3170 3948 αὐτῷ
3200 3877 3517 3948 κεχάρισται
3552 3880 3594 3933 ὁ

2004 3967 2155 4031 Θεός.
2195 3966 2356 4035 Ἐγὼ,
2383 3968 2567 4038 φησὶν,
2599 3970 2628 4021 ό
2663 3968 2815 4040 παρά
2840 3968 2933 4021 σοῦ
2952 3970 3051 4041 τὴν
3075 3968 3347 4039 βασιλείαν
3374 3967 3586 4039 λαϐὼν,

2004 4063 2070 4129 τῇ
2107 4062 2172 4130 σῇ
2200 4060 2509 4131 ἐπικουρίᾳ,
2541 4062 2602 4114 ού
2634 4060 2713 4133 τῷ
2753 4061 2967 4134 θανάτῳ
3011 4062 3253 4126 ἐκείνων,
3288 4063 3586 4133 ἐφήδομαι.

2017 4149 2499 4217 Ἐπαινεθήσεται
2526 4151 2645 4219 πᾶς
2688 4157 2722 4207 ό
2763 4154 3003 4223 ὀμνύων
3047 4153 3117 4207 ἐν
3143 4153 3323 4221 αὐτῷ.
3372 4154 3590 4221 Οὕτως,

2006 4244 2159 4315 φησι,
2190 4243 2285 4297 καὶ
2305 4242 2565 4315 καύχημα
2587 4244 2766 4300 αὐτῶν
2802 4246 2953 4300 ἔσται
2982 4244 3217 4319 Χριστὸς
3236 4286 3251 4311 ,
3280 4246 3388 4301 τῶν
3426 4247 3592 4319 βασι-

324 4331 493 4386 menti
517 4326 686 4388 Deum
717 4341 987 4388 statuunt.
1016 4331 1289 4389 Jurabunt
1314 4334 1459 4391 enim
1488 4350 1585 4406 per
1612 4334 1782 4393 Deum
1811 4352 1902 4393 ve-
1934 4335 1968 4391 ι]

2075 4336 2311 4391 υσάντων
2342 4335 2580 4407 δηλονότι
2604 4351 2619 4366 °
2645 4337 2721 4402 ὡς
2747 4338 2840 4391 καὶ
2878 4338 3063 4410 ὅρκιον
3110 4338 3273 4393 αὐτὸν
3319 4340 3589 4411 ποιουμέ-

325 4436 470 4489 rum,
501 4424 645 4480 sicut
677 4427 939 4495 scriptum
972 4436 1075 4483 est.
1114 4427 1254 4494 Quia
1286 4428 1614 4482 obstructum
1641 4438 1721 4484 est
1747 4446 1805 4486 os
1831 4430 1905 4484 Ιο-

323 4516 595 4584 quentium
622 4517 825 4586 iniqua.
857 4516 1160 4589 Ecquinam
1196 4530 1327 4576 sunt
1357 4521 1434 4575 illi
1460 4562 1474 4586 ,
1521 4520 1628 4577 nisi
1658 4523 1751 4592 qui
1782 4524 1902 4580 ausi

325 4616 455 4661 sunt
480 4607 662 4663 dicere
689 4626 703 4661 :
731 4608 875 4665 Tolle
904 4613 967 4667 de
992 4624 1133 4667 terra
1157 4614 1483 4682 Imjusmodi,
1518 4632 1619 4668 non
1641 4618 1779 4669 enim
1811 4631 1904 4669 ea:-

204 4693 224 4708 '
325 4700 467 4770 pcdit
512 4716 636 4755 eum
676 4702 915 4757 uivere‘?
960 4703 1166 4760 Horum
1222 4707 1408 4777 itaque
1448 4722 1512 4764 os
1556 4708 1899 4763 obstructum

325 4803 448 4859 est,
496 4800 784 4863 postquam
837 4792 1102 4850 Dominus
1146 4806 1379 4851 mortem
1425 4801 1800 4855 conculcasset
1835 4815 1900 4855 ac

326 4894 450 4957 post
490 4886 730 4941 triduum
780 4885 1188 4942 resurrexisset.
1238 4888 1594 4959 lpsarumque
1638 4891 1898 4947 adversa-

324 4977 532 5033 riarum
575 4987 906 5049 potestatum
940 4995 1002 5035 os
1045 4979 1385 5035 obstructum
1423 4980 1552 5046 fuit,
1585 4984 1765 5040 ablato
1802 5002 1899 5056 per

328 5070 555 5139 gratiam
586 5080 832 5141 peccato,
864 5082 925 5127 ut
958 5072 1086 5127 alibi
1114 5073 1320 5128 dictum
1357 5082 1442 5129 est
1467 5089 1480 5125 :
1508 5072 1575 5127 Et
1603 5078 1771 5130 omnis
1794 5079 1900 5132 ini-

327 5165 500 5230 quitas
528 5166 781 5233 oppilabit
803 5183 859 5220 os
888 5171 1102 5223 suum’.
1135 5166 1268 5221 Deus
1292 5168 1434 5225 enim
1464 5179 1540 5221 est
1561 5169 1895 5239 quijudicat,

323 5265 378 5313 rt
410 5259 525 5327 quis
553 5267 629 5312 est
656 5262 746 5327 qui
780 5261 1154 5315 condemnet’?

400 5463 446 5497 ”
473 5462 490 5518 Ι
514 5463 645 5523 Cor.
688 5482 759 5531 Iv,
785 5465 837 5520 8.

920 5469 935 5497 ¹
972 5468 1093 5524 Act.
1131 5484 1269 5533 xm,
1302 5464 1393 5521 ‘22.
1472 5468 1493 5497 ¹
1520 5464 1669 5523 Psal.
1700 5483 1809 5533 ενι,
1838 5469 1924 5524 42.

2007 4448 2133 4495 νους
2176 4430 2515 4485 ἐπαινεῖσθαι
2561 4430 2804 4495 δικαίως.
2850 4430 3136 4502 Ὀμοῦνται
3162 4430 3269 4503 γὰρ
3288 4431 3419 4485 Θεὸν
3446 4431 3580 4504 ἀληο

2008 4521 2175 4587 θινὺν,
2204 4520 2345 4575 κατὰ
2370 4519 2447 4573 τό
2465 4520 2849 4593 γεγραμμένον
2872 4537 2885 4550 ·
2915 4520 3045 4573 Ὅτι
3065 4520 3363 4591 ἐνεφράγη
3388 4523 3590 4591 στόμα

2005 4615 2362 4669 λαλούντων
2385 4613 2580 4666 ἄδικα.
2612 4613 2723 4665 Καὶ
2748 4613 2893 4677 τίνες
2923 4606 3066 4667 οὗτοι
3107 4612 3140 4683 ἢ
3194 4615 3243 4666 oi
3279 4613 3592 4686 τολμήσανσ-

2005 4723 2098 4766 τες
2130 4708 2325 4766 εἰπεῖν,
2353 4701 2492 4771 Αἶρε
2511 4704 2579 4755 ἐκ
2616 4702 2723 4771 τῆς
2750 4702 2862 4772 τῆς
2886 4703 2994 4757 τὸν
3020 4703 3292 4757 τοιοῦτον
3312 4721 3325 4735 ο
3366 4706 3436 4758 οὐ
3470 4704 3589 4775 γὰρ

2008 4795 2272 4863 καθῆκεν
2315 4794 2501 4849 αὑτὸν
2543 4793 2930 4862 ζῇν;Τούτων
2958 4794 3023 4865 δὴ
3070 4790 3164 4849 οὖν
3217 4796 3490 4870 ὲνεφράγη
3517 4799 3587 4852 τὸ

2010 4889 2203 4961 στόμα,
2238 4890 2577 4959 πατήσαντος
2597 4887 2691 4941 τοῦ
2713 4888 2916 4958 Κυρίου
2938 4889 3030 4943 τὸν
3051 4888 3301 4953 θάνατον,
3319 4892 3411 4944 καὶ
3435 4909 3589 4966 τριη-

2010 4981 2179 5054 μέρου
2207 4979 2559 5042 ἀναστάντος.
2597 4980 2705 5032 Καὶ
2739 4980 2917 5033 αὐτῶν
2947 4980 3004 5034 δὲ
3040 4980 3149 5034 τῶν
3189 4983 3582 5055 ἀντικειμένων

2004 5071 2284 5142 δυνάμεων
2308 5066 2581 5140 ὲνεφράγη
2603 5067 2663 5122 τὸ
2688 5070 2880 5140 στόμα,
2905 5071 3254 5143 ἀνῃρημένης
3285 5073 3383 5144 τῆς
3399 5074 3583 5146 ἀμαρο

2005 5164 2128 5228 τίας
2163 5163 2252 5217 διὰ
2283 5163 2382 5233 τῆς
2413 5161 2653 5233 χάριτος,
2682 5162 2822 5217 κατὰ
2864 5164 2925 5217 τὸ
2968 5164 3255 5236 εἰρημένον
3307 5163 3540 5236 ἀλλαχοῦ
3562 5183 3577 5198 ·

2008 5258 2117 5311 Καὶ
2136 5255 2301 5311 πᾶσα
2329 5254 2546 5323 ἀνομία
2569 5255 2851 5325 ἐμφράξει
2876 5256 2943 5310 τὸ
2969 5258 3164 5326 στόμα
3190 5256 3401 5329 αὐτῆς.
3435 5256 3585 5326 οεὸς

2008 5350 2116 5422 γὰρ
2141 5352 2173 5403 ό
2205 5346 2468 5413 δικαιῶν,
2505 5347 2602 5402 καὶ
2628 5348 2717 5415 τίς
2750 5352 2782 5403 ὁ
2808 5349 3213 5418 κατακρίνων;

2005 5470 2026 5501 ³
2053 5468 2213 5523 Rom.
2243 5482 2339 5521 vni
2363 5505 2377 5531 ,
2412 5464 2500 5519 5i.

301 5674 309 5681 _
397 5584 515 5661 (25)
551 5587 598 5644 Α
622 5588 883 5647 Corderio
916 5591 1018 5647 alia
1060 5592 1361 5648 aﬂ‘cruntur
1397 5608 1521 5665 qua:
1565 5591 2011 5665 sunt'l‘hcodori.
