3786 6278
308 388 423 451 Εἰς
459 381 533 436 τὸ
560 378 761 442 τέλος,
804 367 1110 447 ΨΑΛΜΟΣ
1137 360 1215 427 τῷ
1251 359 1449 414 Δαυΐδ.
1483 356 1613 410 EI”.

820 463 1144 525 ’Υπόθεσις.

173 571 369 628 τοῦτον
412 566 553 639 ᾄδει
573 562 669 615 τὸν
721 556 935 629 ψαλμὸν
985 555 1048 606 ἐκ
1095 543 1386 619 προσώπου
1426 538 1537 594 τῶν
1587 533 1757 639 ἀγίων

231 626 592 721 ἀποστϐλων,
640 626 947 722 εὐχομένων
982 638 1358 708 ἀπαλλαγῆναι
1401 630 1510 685 τῶν
1551 626 1757 698 ἐχθρῶν

229 755 322 809 τοῦ
351 743 734 818 εὐαγγελικοῦ
760 739 1132 813 κηρύγματος,
1166 723 1538 800 διηγουμένων
1567 736 1626 772 τε
1662 734 1759 769 σα·
1874 766 1877 770 _

229 846 347 915 φῶς
376 842 460 894 τὰ
479 809 1014 892 ’κατασκευασθέντα
1041 826 1224 886 αὐτοῖς
1252 816 1404 890 παρά
1433 814 1541 868 τῶν
1564 809 1758 882 ἀρχόν-

229 953 335 991 των
364 933 470 987 τοῦ
501 927 642 983 λαοῦ
667 925 776 979 τῶν
807 921 1099 985 Ἰουδαίων,
1132 916 1169 970 ἀ
1193 931 1253 967 τε
1277 906 1759 981 ὑπομεμενήκασιν

228 1027 385 1083 αὑτοὶ
404 1065 422 1088 ,
457 1022 631 1093 δῆλον
659 1018 737 1083 δὲ,
771 1017 853 1069 ὅτι
879 1014 929 1066 οἱ
955 1006 1341 1084 προλεχθέντες
1361 1003 1638 1074 ἄρχοντες,
1663 995 1759 1066 τῆς

229 1121 306 1181 si;
342 1113 614 1188 Χριστὸν
639 1106 898 1169 ἀσεϐείας
920 1103 1129 1156 ἕνεκεν.

229 1176 668 1265 Είσάκουσον,
710 1203 743 1254 ὁ
769 1198 934 1263 Θεὸς,
961 1192 1167 1263 φωνῆς
1182 1205 1301 1260 μου
1321 1185 1390 1239 ἐν
1418 1180 1498 1248 τῷ
1524 1176 1762 1234 δέεσθαι

164 1320 245 1371 με.
274 1298 462 1365 Δέξαι
488 1312 624 1367 μου,
648 1291 804 1363 φησὶ,
833 1289 1099 1349 Δέσποτα,
1122 1281 1222 1352 τὴν
1253 1275 1511 1341 ἱκετείαν,
1528 1267 1762 1371 mi“?-

171 1355 248 1443 οίν
268 1355 387 1460 μοί
562 1355 825 1443 διάνοιαν,
852 1376 991 1429 ὥστε
1029 1372 1103 1445 μὴ
1136 1368 1367 1424 δεδιέναι
1390 1363 1489 1427 τάς
1531 1355 1763 1460 προσϐο-

309 1449 701 1544 Ἀπὸ-φόϐου
732 1467 949 1540 ἐχθροῦ
987 1460 1203 1528 ἐξελοῦ
1247 1456 1364 1526 τὴν
1385 1449 1596 1524 ψυχήν
1620 1463 1759 1544 μου.

170 1541 394 1642 Ὅμοιον
429 1541 553 1636 τῷ·
591 1564 699 1618 Καὶ
724 1561 863 1624 νῦν,
894 1557 1091 1624 Κύριε,
1121 1550 1290 1607 ἔπιδε
1318 1546 1415 1601 ἐπὶ
1449 1544 1569 1642 τὰς.
1601 1541 1765 1594 ἀπει-

165 1631 268 1728 λὰς
291 1631 545 1721 αὐτῶν,
582 1655 680 1709 καὶ
703 1652 810 1718 δὸς
852 1649 978 1714 τοῖς
1008 1646 1250 1709 δούλοις
1291 1655 1407 1695 σου
1433 1631 1583 1707 μετὰ
1612 1632 1763 1699 παῤ-

160 1754 389 1823 ρησίας
421 1746 656 1803 λαλεῖν
687 1742 795 1796 τὸν
812 1740 997 1809 λόγον
1029 1750 1167 1790 σου.

232 1816 487 1907 οἵτινες
529 1838 855 1906 ἠκόνησαν
882 1832 962 1896 ὡς
994 1824 1298 1898 ῥομφαίαν
1330 1820 1437 1886 τὰς
1481 1816 1764 1889 γλώσσας

165 1935 390 1992 αὐτῶν.
428 1929 632 1985 Ταῦτά
661 1942 823 1997 φησι,
862 1924 953 1977 διὰ
981 1920 1042 1974 τὸ
1077 1910 1524 1991 βλασφημοῦντας
1571 1907 1765 1970 αὐτοὺς

165 2028 253 2081 τὸν
310 2020 546 2095 Ἰησοῦν
600 2018 780 2087 λέγειν
829 2015 943 2077 τοῖς
987 2007 1305 2068 ἀποστόλοις
1325 2022 1340 2036 ο
1396 1999 1766 2070 Παραγγελίᾳ

167 2088 679 2186 παρηγγείλαμεν
722 2104 867 2175 ὑμῖν
909 2099 1125 2173 μηδενὶ
1155 2095 1366 2153 ,λαλεῖν
1386 2092 1485 2147 ἐπὶ
1512 2090 1591 2156 τῷ
1630 2088 1764 2143 ὀνό-

162 2178 564 2279 μαὶίὲὸύτφ.
596 2230 668 2242 —
715 2195 1054 2254 Ἐνέτειναν
1081 2189 1263 2255 τόξον
1298 2184 1497 2241 αὐτῶν
1530 2178 1767 2250 πρᾶγμα

168 2270 419 2367 ἕταρόν.
458 2292 637 2359 Τόξου
666 2290 793 2361 βολῇ
813 2287 886 2341 τὰ
919 2279 1248 2362 Θανατοποιά
1278 2278 1376 2349 τῆς
1392 2272 1641 2344 γλώσσης
1667 2270 1764 2323 αὐ-

170 2360 289 2446 ὧ
308 2385 668 2458 παραϐάλλει
700 2382 942 2452 ῥήματα.
980 2360 1105 2438 [Ιῶς
1159 2372 1268 2455 γάρ
1325 2369 1387 2422 οὐ
1440 2360 1768 2420 θανατοποιά

172 2486 245 2538 τὲ
271 2453 496 2535 πείθειν
519 2471 906 2547 ἐπιχειροῦντα
940 2467 1016 2541 μὴ
1041 2465 1174 2520 Θεὸν
1193 2453 1470 2517 πιστεύειν
1503 2453 1643 2509 εἶναι
1674 2453 1768 2506 τὸν

187 2575 269 2644 ’1η
278 2571 416 2625 σοῦν
434 2587 451 2635 ;

257 2659 567 2726 ἐξάπινα
588 2651 1136 2717 κατατοξεύσουσιν
1158 2642 1363 2703 αὑτὸν,
1409 2639 1509 2696 καί
1544 2640 1616 2693 οὐ
1663 2653 1769 2707 ερο-

174 2752 579 2823 σηθήσονται.
604 2743 904 2816 Λοχῶντες,
931 2738 1116 2809 φησιν,
1138 2733 1398 2803 ἐξαίφνης
1427 2729 1665 2789 ἐπίασιν,
1704 2727 1767 2780 οὐ

172 2816 421 2907 εεδιάτες
447 2841 543 2895 τὸν
564 2836 848 2909 ἐφορῶντα
879 2833 1029 2885 Θεόν.
1069 2824 1514 2896 Ἐκραταίωσαν
1534 2816 1769 2884 ἑαυτοῖς

172 2939 375 3008 λόγον
410 2931 685 2999 πονηρόν
718 2944 731 2958 ·
762 2926 823 2978 τὸ
851 2916 1311 2976 διαϐεϐαιοῦσθαι·
1338 2916 1452 2967 Οὐκ
1499 2910 1696 2980 ἀνέστη
1739 2910 1768 2963 6

1304 240 1668 303 EXPOSITIO
1699 237 1769 296 IN
1806 226 2135 294 PSALMUM
2162 226 2339 285 LXlll.

1782 356 1830 412 Α

2024 344 2078 398 1.
2118 339 2185 396 In
2209 338 2390 409 linem;
2419 326 2759 388 PSALMUS
2789 323 2981 379 David.
3016 318 3239 376 LXIII.
3374 330 3375 333 ‘

2430 420 2833 492 Argumentum.

1857 523 2013 579 Hunc
2061 519 2208 577 canit
2232 515 2505 589 psalmum
2541 526 2609 566 ex
2645 521 2878 580 persona
2928 510 3242 559 sanctorum
3288 512 3418 570 apo-

1927 615 2224 678 stolorum,
2294 608 2388 679 qui
2447 611 2637 675 rogant
2691 597 2911 655 liberari
2959 611 3016 673 se
3067 595 3136 649 ab
3180 591 3418 648 inimicis

1929 700 2251 772 evangeliea!
2276 691 2697 767 praedicationis,
2719 697 2774 744 et
2793 685 3026 742 dilucide
3052 689 3277 739 narrant
3297 695 3421 752 qua:

1929 794 2219 849 adversum
2255 802 2316 843 se
2355 801 2387 842 a
2427 782 2765 854 principibus
2806 776 2992 849 populi
3027 774 3237 831 Judaici
3272 781 3421 843 gesta

1927 886 2081 942 sint:
2119 894 2349 953 quaeque
2393 876 2533 948 ipsi,
2584 871 2834 928 videlicet
2879 867 3064 940 populi
3108 865 3418 937 principes,

1929 972 2222 1045 impietatis
2252 983 2379 1040 erga
2414 965 2693 1022 Christum
2725 975 2890 1018 causa
2941 959 3053 1015 sint
3084 955 3349 1028 perpessi.

1926 1151 1982 1206 2.
2022 1147 2258 1212 Exaudi,
2292 1144 2452 1207 Deus,
2495 1141 2784 1196 orationem
2809 1151 2977 1190 meam
3013 1149 3130 1188 cum
3153 1132 3419 1203 deprecor.

1859 1242 2076 1312 Accipe,
2108 1238 2314 1309 inquit,
2354 1234 2600 1297 Domine,
2631 1227 3079 1301 supplicationem
3125 1238 3300 1279 meam
3321 1262 3338 1290 ,
3368 1229 3424 1276 et

1860 1341 2094 1388 mentem
2138 1329 2399 1385 conﬁrma
2446 1340 2656 1389 meam,
2711 1331 2771 1377 ut
2813 1334 2881 1375 ne
2924 1318 3141 1373 timeam
3193 1315 3423 1384 impetus

1862 1422 2227 1478 inimicorum.
2259 1420 2300 1473 Α
2331 1420 2517 1472 timore
2550 1414 2755 1470 inimici
2798 1413 2938 1483 eripe
2971 1410 3203 1463 animam
3231 1420 3420 1459 meam.

1864 1513 2051 1569 Simile
2091 1512 2167 1567 illi
2208 1526 2224 1564 :
2273 1508 2343 1563 Et
2393 1523 2528 1561 nunc
2553 1545 2569 1571 ,
2619 1503 2879 1569 Domine,
2919 1500 3113 1568 respice
3153 1498 3212 1551 in
3253 1495 3422 1548 minas

1864 1622 2079 1672 eorum,
2123 1614 2173 1658 et
2202 1602 2272 1656 da
2299 1601 2462 1656 servis
2504 1600 2607 1653 tuis
2634 1612 2751 1650 cum
2794 1593 2993 1664 ﬁducia
3038 1590 3180 1661 loqui
3217 1587 3424 1642 uerbum

1793 1690 1836 1751 B
1865 1694 2052 1750 tuum‘
2079 1692 2214 1762 (26).

1932 1850 1987 1905 4.
2028 1847 2168 1915 Quia
2192 1853 2511 1903 exacueruut
2543 1851 2599 1895 ut
2624 1841 2860 1912 gladium
2885 1839 3094 1907 linguas
3124 1850 3271 1890 suas.
3302 1831 3427 1887 Haec

1865 1944 1974 2011 ait,
2022 1941 2150 2012 quia
2195 1940 2511 2007 blaspheme
2562 1933 2619 1988 in
2648 1931 2835 1988 Jesum
2869 1929 3013 1985 dicta
3057 1925 3424 1997 proferentes,

1862 2034 2112 2092 dicebant
2128 2029 2386 2101 apostolis
2419 2046 2435 2082 :
2472 2023 2831 2093 Praecipiendo
2846 2020 3183 2090 prtecepimus
3209 2015 3349 2071 vobis
3368 2030 3429 2068 ne

1863 2124 2118 2178 doceretis
2149 2121 2202 2174 in
2234 2119 2438 2173 nomine
2460 2117 2564 2170 isto
2577 2115 2620 2168 ⁵.
2651 2144 2711 2153 -
2746 2112 3089 2167 Intenderunt
3115 2124 3296 2163 arcum
3322 2121 3431 2161 rem

1864 2230 2122 2271 amaram.
2152 2211 2328 2265 Arcus
2354 2205 2549 2263 missili
2573 2203 2824 2261 lethifera
2855 2202 3053 2271 linguae
3073 2213 3260 2255 eorum
3287 2196 3430 2252 dicta

1866 2313 2163 2375 comparat.
2208 2299 2493 2367 Quomodo
2545 2298 2689 2354 enim
2734 2311 2842 2350 non
2896 2292 3143 2350 lethifera
3195 2288 3427 2353 lueriut,

1866 2412 1988 2468 quae
2032 2395 2284 2450 nituntur
2328 2388 2658 2461 persuadere
2687 2384 2873 2442 Jesum
2907 2399 3017 2439 non
3046 2381 3195 2438 credi
3231 2378 3431 2435 debere

1866 2488 2038 2545 Deum
2051 2486 2075 2540 ?

1937 2640 1992 2697 6.
2034 2639 2220 2696 Subito
2245 2637 2571 2709 sagittabunt
2598 2650 2716 2688 eum
2750 2641 2799 2687 et
2844 2646 2950 2686 non
2991 2626 3263 2683 timebunt.
3290 2621 3430 2678 Insi-

1867 2742 2099 2806 diantes,
2136 2736 2348 2809 inquit,
2380 2735 2562 2791 subito
2604 2733 2864 2802 impetum
2894 2726 3157 2791 fecerunt,
3188 2736 3293 2776 non
3320 2731 3434 2772 me-

1867 2845 2081 2891 tuentes
2112 2835 2478 2903 inspectorem
2524 2827 2718 2881 Deum.
2761 2822 3135 2877 Firmanorum
3176 2814 3276 2871 sibi
3317 2828 3429 2867 ser-

1868 2943 2073 2982 monem
2093 2940 2335 2996 nequam,
2360 2920 2505 2994 quod
2537 2917 2868 2974 affirmarent
2902 2910 3190 2966 Dominum
3225 2920 3255 2961 a
3286 2917 3432 2959 mor-

176 2997 398 3098 Κύριος
417 3023 485 3075 ὲκ
508 2997 740 3091 νεκρῶν.
762 3011 1135 3083 Διηγήσαντο
1156 3006 1263 3062 τοῦ
1285 3005 1509 3074 κρύψαι
1524 2999 1763 3072 παγίδα.

1885 3019 1975 3075 uis
2004 3033 2115 3073 non
2148 3012 2536 3072 resurrexisse.
2579 3007 2949 3063 Narraverunt
2977 3010 3037 3055 ut
3061 2997 3432 3054 absconderem

181 3090 339 3170 ’Δνω
364 3113 462 3167 καὶ
477 3090 649 3171 κάτω,
678 3105 865 3177 φησὶν,
893 3098 1238 3154 ἐϐουλεύοντο
1260 3096 1572 3149 ἀποκτεῖναι
1592 3090 1766 3162 λάθρα

176 3207 290 3262 τῶν
306 3197 688 3271 εὐαγγελικῶν
702 3194 984 3264 δογμάτων
998 3190 1124 3252 τοὺς
1144 3189 1412 3259 κήρυκας.
1435 3183 1548 3247 Τίς,
1568 3178 1763 3242 εἶπαν,

180 3298 401 3366 ὄψεται
418 3290 683 3355 αὑτούς;
706 3284 895 3340 Ταῦτα
929 3282 1219 3352 ἔπραττον,
1254 3276 1419 3347 φησὶ,
1459 3271 1769 3344 νομίζοντες

187 3363 263 3461 μὴ
291 3385 558 3440 ἀπαιτεῖν
580 3377 781 3441 αὐτοὺς
810 3375 903 3428 τὸν
924 3372 1055 3426 Θεὸν
1092 3370 1192 3441 τῆς
1225 3367 1481 3439 τοιαύτης
1519 3363 1768 3425 ἀσεϐείας

186 3481 287 3542 τὰς
310 3477 502 3538 δίκας.

256 3564 749 3637 Προσελεύσεται
779 3557 1087 3627 ἄνθρωπος
1114 3553 1217 3608 καὶ
1271 3549 1482 3620 καρδία
1530 3547 1765 3614 βαθεῖα.

187 3664 249 3717 οι
278 3660 383 3733 μὲν
417 3656 752 3728 παράνομοι,
780 3651 965 3722 φησὶν,
994 3648 1055 3702 οὐ
1086 3644 1322 3699 διέλιπον
1369 3641 1581 3714 πονηρά
1628 3640 1770 3695 κατὰ

188 3731 289 3808 τοῦν
333 3750 552 3824 Κυρίου
587 3743 962 3818 βουλευόμενοι
983 3757 999 3773 ο
1051 3738 1210 3793 τοῦτο
1234 3737 1343 3809 γάρ
1365 3737 1479 3789 ἐστι
1506 3734 1598 3789 τόδ
1646 3731 1770 3798 Ἐξ-

188 3846 549 3915 Wmu-
562 3838 836 3908 ἁνομίαν’
853 3837 882 3889 6
901 3834 960 3888 δὲ
975 3832 1067 3887 τοῦ
1087 3830 1221 3886 Θεοῦ
1237 3829 1334 3886 ἀνθ
1343 3844 1520 3900 ρωπος
1534 3829 1562 3881 6
1577 3824 1769 3880 συνετά

192 3934 589 4005 βουλευόμενος
619 3925 818 4000 (τοῦτο
859 3924 970 3995 γάρ
1002 3924 1037 3995 ἡ
1084 3921 1274 3994 βαθεῖα
1305 3918 1498 3991 καρδία
1543 3916 1766 3988 δηλοῖ),

188 4030 287 4083 ἅτε
306 4021 570 4096 ἀκριϐῶς
599 4021 800 4092 νοήσας
824 4018 886 4072 τὸ
916 4016 1233 4087 μυστήριον.
1260 4014 1371 4075 τοῖς
1404 4010 1769 4083 προσήκουσιν

186 4118 387 4189 ὕμνοις
415 4109 783 4182 κεχρημένος,
818 4107 1024 4179 ὑψώσει
1057 4106 1147 4159 τὸν
1168 4103 1320 4169 Θεὸν,
1346 4105 1487 4157 κατά
1527 4100 1588 4155 τὸ
1619 4102 1770 4172 είρη-

190 4207 356 4277 μένον
385 4199 660 4272 ἀλλαχοῦ⁹
707 4197 947 4268 Ὺψώσω
973 4210 1068 4259 σε,
1106 4195 1281 4262 Κύριε
1316 4195 1350 4246 δ
1384 4193 1528 4257 Θεός
1556 4208 1697 4260 μου,
1737 4191 1771 4243 ό

181 4295 496 4364 βασιλεύς
513 4309 655 4363 μου.
677 4289 866 4356 Belo;-
890 4288 1123 4357 νηπίων
1146 4282 1523 4354 ἐγενήθησαν
1543 4284 1602 4336 αἱ
1620 4285 1771 4349 πλη-

1865 3108 2095 3179 laqueos.
2130 3106 2358 3161 Sursum
2382 3103 2662 3161 deorsum,
2681 3096 2880 3167 inquit,
2902 3090 3192 3149 consilium
3225 3087 3435 3142 inibant

1865 3213 1975 3270 quo
2008 3204 2165 3268 pacto
2197 3193 2522 3265 evangelicae
2567 3190 2828 3246 doctrinae
2860 3196 3134 3257 praecones
3166 3179 3303 3234 clam
3342 3190 3434 3231 oc-

1867 3266 2126 3346 ciderent.
2176 3285 2454 3349 Dixerunt,
2494 3283 2613 3353 quis
2655 3279 2850 3336 videbit
2882 3276 3010 3330 eos!
3043 3271 3202 3335 llaec,
3225 3266 3431 3338 inquit,

1867 3381 2096 3453 agebant
2138 3378 2244 3434 rati
2290 3377 2460 3433 Deum
2503 3375 2571 3431 de
2620 3381 2770 3428 tanta
2801 3368 3078 3441 impietate
3103 3375 3293 3435 poenas
3324 3374 3433 3414 non

1866 3484 2180 3542 exposcere.

1936 3539 1992 3619 Θ.
2029 3560 2249 3615 Accedet
2272 3558 2423 3611 homo
2460 3564 2510 3611 et
2561 3570 2651 3608 cor
2683 3552 2875 3606 altum.
2929 3544 3105 3615 Iniqui
3158 3539 3432 3605 homines,

1868 3654 1963 3719 ait,
1992 3653 2156 3707 ﬁnem
2186 3666 2297 3705 non
2326 3649 2573 3703 fecerunt
2605 3642 2747 3698 mala
2778 3646 2966 3697 contra
2999 3633 3284 3691 Dominum
3311 3642 3430 3684 ma-

1868 3742 2123 3809 ehinandi
2167 3759 2182 3796 :
2224 3740 2277 3797 id
2329 3739 2473 3794 enim
2537 3735 2876 3806 signiﬁcatur
2928 3743 3024 3800 per
3065 3726 3179 3780 haec
3224 3721 3429 3777 verba:

1871 3832 2110 3890 Scrutati
2143 3838 2265 3885 sunt
2297 3828 2651 3900 iniquitatem.
2694 3824 2762 3879 At
2812 3822 2977 3877 homo
3009 3815 3137 3882 Dei,
3180 3812 3274 3884 qui
3307 3825 3435 3882 pru-

1869 3920 2296 3982 dentia'consilia
2324 3919 2425 3975 init
2446 3917 2599 3989 (illud
2625 3915 2770 3972 enim
2792 3910 3079 3984 signiﬁcat,
3104 3922 3194 3962 cor
3215 3901 3434 3973 altum),

1869 4031 1995 4073 cum
2021 4021 2270 4071 accurate
2308 4010 2627 4082 mysterium
2655 4003 3028 4079 perpenderit,
3060 3997 3274 4072 hymnis
3302 4008 3437 4052 usus

1870 4106 2313 4180 congruentibus,
2362 4103 2533 4159 Deum
2578 4099 2867 4162 exaltabit,
2905 4096 3063 4167 juxta
3117 4089 3250 4146 illud
3290 4087 3435 4158 quod

1871 4198 1999 4254 alibi
2046 4197 2251 4253 dictum
2278 4205 2359 4251 est
2389 4214 2402 4250 :
2437 4192 2704 4249 Exaltabo
2739 4202 2811 4255 te,
2852 4186 3071 4242 Domine
3099 4182 3238 4237 Deus
3266 4195 3433 4241 meus,

1873 4306 1965 4344 rex
2007 4306 2150 4343 meus
2168 4289 2209 4342 '.
2259 4286 2481 4357 Sagitta:
2518 4282 2857 4353 parvulorum
2899 4277 3057 4346 facta
3097 4279 3218 4328 sunt
3265 4269 3438 4340 plagtz

186 4390 288 4460 ταὶ
315 4385 544 4444 αὐτῶν.
570 4383 754 4438 Εἰπὼν
787 4378 1043 4435 αὐτῶντὸ
1073 4377 1216 4432 κατὰ
1246 4375 1356 4430 τῶν
1395 4375 1565 4444 ἀγίων
1598 4372 1764 4445 κηρύ-

1885 4395 2068 4434 rorum.
2093 4378 2397 4455 Postquam,
2412 4390 2603 4431 eorum
2633 4374 2894 4427 adversus
2919 4373 3136 4421 sanctos
3160 4373 3437 4432 praecones

190 4499 304 4535 κων
330 4480 586 4555 ἔπαρμα,
612 4474 951 4545 διεξέρχεται
985 4470 1078 4525 καὶ
1106 4467 1217 4540 τὴν·
1229 4466 1520 4555 ἔκπτωσιν.

262 4572 379 4626 Καὶ
394 4544 662 4639 ὲξδοϐήθη
693 4563 813 4631 πᾶς
835 4562 1160 4630 ἄνθρωπος.
1193 4558 1290 4622 Τίς
1320 4544 1428 4629 ⁸ίάρ
1454 4557 1553 4610 οὐκ
1583 4554 1648 4609 ἂν
1679 4572 1772 4625 φο-

190 4664 416 4736 ϐηθείη,
447 4655 757 4728 ἐπισκοπὴν
812 4657 878 4708 ὲκ
925 4652 1060 4707 Θεοῦ
1099 4650 1240 4723 ὁρῶν
1290 4647 1583 4720 γινομένην
1631 4645 1772 4701 κατὰ

188 4756 300 4810 τῶν
326 4750 548 4809 ἀσεϐῶν
575 4766 591 4817 ;
932 4753 936 4757 ‘

262 4842 770 4916 Εὐφρανθήσεται
790 4838 1020 4904 δίκαιος
1039 4837 1109 4891 ἐν
1143 4834 1222 4901 τῷ
1274 4834 1471 4904 Κυρίῳ
1489 4873 1505 4897 ,
1546 4832 1643 4887 καὶ
1677 4832 1774 4886 ἑλ-

192 4941 320 4997 πιεῒ
338 4939 436 4995 ἐπ’
463 4933 645 5000 αὐτῷ.
663 4930 1035 5003 Διαφερόντως
1060 4929 1110 4982 oi
1139 4926 1245 4980 τῶν
1271 4925 1431 4980 θείων
1450 4927 1627 4997 νόμων
1652 4925 1771 4977 ἐπι-

197 5032 364 5105 μελού
373 5045 527 5102 μενοι
565 5024 833 5097 Θυμηδίας
864 5019 1287 5095 ὲμφορηθέντες,
1309 5016 1408 5089 τὴν
1428 5018 1506 5081 είς
1531 5016 1622 5070 τὸν
1640 5014 1772 5068 Θεὸν

194 5123 391 5178 ἐλπίδα
434 5116 662 5192 βεϐαίαν
700 5113 1043 5187 ἐργάσονται.
1108 5111 1218 5166 Kal
1280 5108 1772 5175 ἐπαινεθήσονται

196 5214 419 5279 πάντες
445 5213 503 5265 οἱ
538 5206 734 5273 εὐθεῒς
752 5203 828 5275 τῇ
852 5203 1081 5273 καρδίᾳ.
1108 5202 1217 5257 Καὶ
1253 5202 1350 5273 τὴν
1380 5198 1529 5271 παρὰ
1565 5194 1772 5269 ἀνθρώ-

198 5323 317 5360 πων
350 5301 738 5375 καρπώσονται
763 5295 1012 5351 εὔκλειαν
1048 5298 1098 5349 οἱ
1132 5294 1269 5367 πρὸς
1292 5292 1424 5346 Θεὸν
1464 5288 1763 5344 διευθύνονα

1874 4472 2133 4542 impetum
2165 4451 2461 4531 enarravit,
2486 4465 2599 4535 jam
2629 4475 2817 4518 eorum
2849 4457 3059 4512 ruinam
3089 4451 3366 4511 describit.

1946 4558 2034 4613 10.
2071 4556 2145 4610 Et
2192 4555 2371 4609 timuit
2421 4554 2592 4607 omnis
2637 4550 2809 4604 homo.
2858 4544 2993 4613 Quis
3035 4559 3143 4599 non
3188 4542 3435 4604 timeret,

1874 4648 2266 4720 inspectionem
2314 4654 2369 4702 et
2414 4642 2860 4716 perquisitionem
2912 4654 2943 4693 a
3012 4636 3122 4694 Deo
3176 4635 3437 4691 adversus

1875 4740 2074 4812 impios
2101 4718 2299 4795 factam
2336 4736 2603 4794 cernens?

1946 4833 2034 4889 ll.
2077 4829 2370 4886 Laetabitur
2386 4826 2565 4897 justus
2594 4825 2648 4878 in
2676 4821 2900 4877 Domino
2933 4827 2981 4874 et
3007 4816 3236 4888 sperabit
3268 4831 3324 4869 tn
3353 4829 3433 4868 co.

1876 4922 1980 4990 Qui
2023 4919 2236 4976 divinas
2270 4924 2466 4973 curant
2514 4914 2691 4985 leges,
2735 4909 2938 4983 ingenti
2970 4906 3167 4979 gaudio
3199 4903 3434 4975 perfusi,

1876 5028 2026 5085 spem
2075 5025 2202 5081 erga
2245 5007 2412 5063 Deum
2461 5005 2671 5060 firmam
2708 5002 2942 5058 eﬁicient
2974 4999 3109 5070 (Τί).
3148 4995 3217 5050 Et
3250 4992 3439 5049 lauda-

1876 5106 2070 5159 buntur
2094 5117 2269 5157 omnes
2302 5101 2428 5154 recti
2466 5098 2638 5152 corde.
2665 5095 2862 5150 Gloria:
2881 5091 3167 5160 laudisque
3196 5087 3432 5142 fructum

1876 5197 2019 5267 apud
2041 5194 2290 5250 homines
2312 5191 2505 5254 ferent,
2529 5189 2620 5259 qui
2653 5204 2679 5240 a
2714 5185 2822 5237 Deo
2846 5182 3175 5254 diriguntur,
3201 5192 3299 5233 nec
3321 5191 3439 5234 sus-

1872 5288 2042 5343 tinent
2066 5295 2218 5343 extra
2246 5284 2388 5339 viam
2420 5289 2619 5337 rectam
2654 5276 2920 5333 incedere.

199 5414 317 5460 τες,
347 5395 442 5448 καὶ
474 5393 579 5463 τῆς
598 5390 721 5445 ὀδοῦ
743 5389 846 5459 τῆς
876 5387 1088 5450 εὐθείας
1114 5384 1220 5453 ἔξω
1239 5382 1476 5455 βαδίζειν
1513 5380 1611 5434 οὐκ
1647 5377 1982 5448 ἀνεχόμενοι.

266 5513 293 5544 ⁸
322 5513 441 5567 Act.
467 5526 542 5575 tv,
571 5510 664 5564 :29:
743 5506 763 5540 ⁵
796 5505 913 5561 Act.
947 5521 999 5572 ν,
1041 5503 1094 5558 8.
1171 5505 1192 5536 ⁸
1217 5501 1361 5557 Psal.
1394 5516 1542 5565 χχιχ,
1568 5500 1621 5552 2.

270 5604 395 5675 (26),
436 5602 541 5675 Hie
573 5600 871 5675 Corderius
914 5600 1017 5654 alia
1057 5599 1241 5654 tribuit
1299 5597 1598 5652 Athanasio
1650 5609 1769 5665 qua:

202 5686 329 5732 sunt
356 5673 659 5732 Theodori.

1965 5593 2075 5667 (27)
2098 5592 2195 5649 Hic
2217 5578 2321 5647 alia
2341 5588 2493 5644 aﬁ‘ert
2512 5582 2820 5652 Corderies,
2845 5594 2967 5652 quae
2997 5587 3125 5636 sunt
3146 5571 3438 5632 Theodori.
