3786 6278
368 224 473 282 285

1203 219 1260 274 S.
1300 216 1670 274 ATHANASII
1707 215 1856 273 OPP.
1891 212 2074 270 PARS
2109 212 2198 272 Ill.
2229 244 2301 257 --
2338 211 2748 270 EXEGETICA.

3528 208 3681 272 284

369 338 422 395 l.
460 335 527 390 In
553 335 730 404 ﬁnem,
748 330 984 388 PSALM
995 331 1083 387 US
1104 332 1294 395 Dauid.
1320 332 1596 387 Canticum
1619 330 1919 386 Ieremimet
1940 342 1958 389 “.

2069 328 2131 393 ’ίς
2162 326 2229 382 τὸ
2252 326 2443 392 τέλος,
2477 325 2785 379 ΨΑΛΜΟΣ
2809 319 2888 387 τῷ
2910 320 3108 375 Δαυΐδ.
3147 318 3284 391 ’ῼδὴ
3319 320 3680 392 Ἱερεμίου

438 420 727 475 Ezechielis
747 418 936 489 populo
963 418 1467 488 transmigrationis,
1496 432 1614 470 cum
1644 416 1928 486 inciperent

436 516 596 569 exire.
623 511 722 567 LX
727 510 755 564 1
772 510 834 567 V.

945 599 984 653 Α
998 608 1345 670 rgumentum.

367 717 424 772 in
459 716 564 770 hoc
595 713 801 784 psalmo
834 725 1122 781 personam
1150 708 1355 764 inducit
1383 707 1647 779 gentium,
1683 721 1806 777 quae
1834 721 1929 762 oc-

437 804 800 862 clamantibus
834 802 959 857 licet
992 801 1155 871 hujus
1191 800 1376 856 saeculi
1421 799 1777 868 sapientibus,
1808 812 1928 853 cre-

435 897 685 953 diderant
712 895 768 949 in
794 893 1097 957 Christum,
1129 901 1183 947 et
1222 891 1335 962 jam
1375 890 1652 960 postulant
1688 887 1931 960 pristina:

434 987 728 1058 impietatis
760 984 1156 1040 remissionem.
1205 982 1285 1037 Ad
1321 969 1435 1036 huic
1478 996 1578 1051 pro
1612 980 1680 1035 iis
1723 979 1930 1034 oratio-

434 1092 561 1132 nem
590 1075 825 1138 etnittit,
870 1074 964 1143 qui
1002 1072 1210 1128 scilicet
1238 1071 1563 1127 infructuosi
1597 1070 1726 1125 olim
1751 1077 1928 1133 erant,

434 1169 546 1240 jam
577 1183 706 1223 vero
734 1183 827 1237 per
850 1165 1052 1220 Christi
1086 1164 1244 1218 ﬁdem
1276 1162 1526 1234 frugiferi
1552 1162 1677 1217 facti
1712 1170 1860 1217 sunt.

429 1259 486 1314 2.
530 1258 600 1313 Te
640 1259 782 1311 decet
808 1257 1053 1326 hymnus,
1092 1253 1256 1319 Deus,
1309 1254 1365 1307 in
1415 1253 1566 1308 Sion.
1607 1251 1726 1307 Non
1766 1254 1928 1319 ultra,

362 1350 562 1421 inquit,
610 1349 676 1404 iis
720 1364 862 1418 quos
907 1347 1036 1402 olim
1076 1346 1206 1401 deos
1251 1344 1653 1401 testimabamus
1700 1345 1931 1415 hymnos

362 1443 627 1507 cauimus,
654 1440 807 1511 gnari
837 1454 943 1494 non
988 1454 1087 1510 par
1119 1453 1240 1494 esse
1270 1437 1392 1492 illos
1420 1437 1704 1501 celebrari,
1735 1436 1830 1506 qui
1864 1436 1931 1490 li-

361 1547 501 1604 gna,
547 1532 751 1602 lapides
778 1542 833 1585 et
867 1530 1133 1585 daemonia
1160 1536 1326 1585 .sunt.
1372 1526 1478 1583 Sed
1527 1528 1625 1582 tibi
1674 1527 1775 1584 soli
1827 1527 1932 1582 hoc

2096 419 2195 475 καί
2237 415 2504 485 Ἰεζεκιὴλ
2539 416 2644 470 τοῦ
2703 414 2856 470 λαοῦ
2904 412 3016 482 τῆς
3074 413 3432 481 παροικίας,
3531 416 3679 470 ὅτε

2095 506 2355 577 ἔμελλον
2377 504 2821 577 ἐκπορεύεσθαι.
2847 502 2966 557 ΞΔν.

2655 620 2975 684 Ὺπόθεσις.

2040 714 2128 767 Ἑν
2146 712 2319 783 τούτῳ
2355 711 2432 783 τῷ
2451 710 2648 783 ψαλμῷ
2672 711 2880 778 εἰσάγει
2902 709 2960 762 τὸ
2976 706 3263 778 πρόσωπον
3290 705 3406 759 τῶν
3436 705 3663 759 ἐθνῶν

2096 801 2203 855 τῶν
2242 800 2639 856 πιστευσάντων
2671 801 2750 864 εἰς
2772 798 3025 870 Χριστὸν,
3057 794 3471 850 καταϐοώντων
3505 795 3645 849 τῶν

2096 891 2275 962 σοφῶν
2296 890 2390 945 τοῦ
2424 890 2616 955 αἰῶνος
2641 890 2829 944 τούτου
2849 930 2864 955 ,
2904 887 3194 942 αἰτούντων
3222 904 3284 940 τε
3321 886 3433 957 τῆς
3478 904 3659 957 προ-

2096 986 2257 1059 τέρας
2281 984 2534 1048 ἀσεϐείας
2566 985 2779 1053 ἄφεσιν.
2819 982 2940 1034 Ἔτι
2971 997 3032 1033 τε
3066 979 3229 1051 εὐχὴν
3279 978 3651 1049 ἀναπέμπει

2100 1077 2239 1149 ὑπὲρ
2263 1075 2462 1139 αὐτῶν,
2499 1075 2668 1127 ὄντων
2705 1074 2801 1144 μὲν
2827 1072 2993 1126 πάλαι
3027 1071 3290 1142 ἀκάρπων
3312 1110 3337 1132 ,γ
3373 1068 3654 1141 γενομέ-

2096 1186 2201 1222 νων
2231 1167 2288 1219 δὲ
2314 1167 2560 1236 εὐφόρων
2588 1164 2675 1219 διὰ
2697 1166 2796 1235 τῆς
2818 1165 2897 1227 εἰς
2929 1162 3161 1234 Χριστὸν
3200 1162 3468 1224 πίστεως.

2098 1259 2201 1313 Σοί
2248 1257 2457 1325 πρέπει
2508 1257 2715 1325 ὕμνος,
2770 1258 2803 1307 ό
2840 1253 3003 1319 Θεὸς,
3044 1253 3111 1305 ἐν
3144 1251 3321 1309 «Σιών.
3384 1251 3639 1315 Οὐκέτι,

2029 1348 2213 1420 φησὶν,
2239 1342 2320 1410 οἷς
2350 1346 2669 1416 ἐνομίζομεν
2701 1343 2842 1406 θεοῖς
2874 1344 2998 1407 τοὺς
3034 1342 3235 1414 ὕμνους
3279 1342 3642 1412 ἀναπέμψο-

2031 1453 2128 1506 μεν
2147 1475 2163 1499 ,
2191 1434 2388 1496 εἰδότες
2405 1432 2478 1496 ὡς
2508 1433 2735 1495 ἐκείνοις
2768 1432 2864 1502 μὲν
2885 1432 2946 1484 οὐ
2980 1432 3179 1503 πρέπει
3201 1431 3495 1502 ἀνυμνείν,
3526 1429 3641 1497 ξύ-

2026 1527 2140 1591 λοις
2174 1527 2266 1581 καὶ¹
2299 1524 2465 1588 λίθοις
2491 1524 2584 1578 καὶ
2609 1524 2905 1594 δαιμονίοις
2924 1519 3076 1576 οὖσιν
3095 1539 3110 1554 ·
3147 1524 3230 1576 σοὶ
3255 1523 3313 1576 δὲ
3351 1523 3513 1594 μόνῳ
3561 1521 3638 1576 τὸ

364 1622 598 1678 ofﬁcium
647 1620 1222 1677 convenientissimum
1272 1626 1375 1674 est.
1428 1617 1498 1672 Et
1535 1619 1632 1674 tibi
1686 1619 1932 1672 reddetur

2069 1616 2264 1671 οιοῦτον
2291 1614 2562 1685 ὀφείλημα
2591 1613 3060 1685 πρεπωδέστατον.
3083 1613 3193 1667 Καὶ
3231 1612 3330 1666 σοί
3382 1611 3632 1666 ἀποδο-

362 1724 541 1768 uotum
584 1714 641 1767 in
674 1712 992 1767 Jerusalem.
1038 1711 1145 1765 Aut
1172 1709 1473 1770 Jerusalem
1503 1718 1776 1765 terrenam
1818 1708 1927 1773 ait,

2069 1708 2281 1777 viderat
2292 1680 2444 1775 εὗχὴ
2551 1680 2952 1775 Ἰερουσαλήμ.
2987 1704 3055 1758 Ἦ
3077 1706 3142 1775 τῇ
3168 1703 3258 1757 ἐπὶ
3282 1703 3387 1773 γῆς
3418 1718 3628 1772 φησιν,

363 1820 485 1874 quae
511 1811 595 1859 est
621 1803 881 1869 Ecclesia,
917 1812 1012 1859 aut
1043 1804 1338 1870 caelestem,
1368 1804 1434 1857 ad
1468 1817 1633 1874 quam
1661 1816 1785 1856 cum
1810 1815 1930 1871 per-

362 1892 674 1949 venerimus
701 1893 889 1948 laudes
919 1892 1230 1947 oﬂ'eremus.

432 1986 487 2040 5.
528 1984 743 2039 Exaudi
774 1986 1065 2040 orationem
1091 1999 1280 2050 meam,
1321 1978 1391 2036 ad
1418 1992 1466 2037 te
1492 1983 1660 2036 omnis
1696 1998 1821 2036 caro
1851 1998 1933 2037 ue-

365 2080 497 2133 niet.
533 2075 630 2132 His
674 2077 920 2131 omnium
963 2075 1209 2146 gentium
1256 2075 1595 2130 vocationem
1642 2075 1935 2129 annuntiat

362 2171 516 2241 juxta
539 2170 591 2223 id
620 2168 766 2240 quod
792 2168 995 2223 dictum
1026 2175 1111 2223 est
1135 2167 1277 2237 apud
1317 2165 1520 2222 Joelem
1542 2168 1561 2198 ⁷
1593 2183 1607 2218 :
1643 2166 1932 2236 Effundam

363 2264 431 2319 de
457 2263 663 2333 Spiritu
690 2278 803 2316 meo
825 2277 981 2333 super
1006 2276 1210 2315 omnem
1243 2274 1473 2313 carnem.

439 2447 490 2499 4.
569 2443 739 2508 Verba
795 2445 1096 2514 iniquorum
1147 2441 1533 2511 prwvaluerunt
1593 2456 1750 2510 super
1817 2456 1930 2494 nos.

368 2531 544 2590 Verba
572 2536 879 2606 iniquorum
903 2535 1032 2590 dicit
1068 2534 1386 2603 sapientiam
1418 2532 1722 2602 sapientum
1752 2532 1936 2586 saeculi

368 2625 552 2692 hujus,
578 2640 685 2693 qua
714 2623 913 2678 inﬁrmi
948 2623 1185 2687 fuerunt,
1222 2638 1253 2677 a
1278 2637 1404 2676 vera
1437 2622 1575 2691 lapsi
1606 2622 1931 2692 cognitione.

370 2712 441 2766 Et
472 2712 828 2782 impietatibtts
866 2713 1059 2765 nostris
1106 2721 1161 2764 tu
1206 2711 1595 2781 propitiaberis.
1633 2709 1844 2781 Rogant
1872 2709 1938 2763 li-

368 2801 549 2855 berari
580 2801 648 2855 ab
672 2800 945 2870 impietate
974 2800 1027 2853 in
1062 2815 1165 2871 qua
1198 2800 1329 2854 olim
1356 2809 1687 2855 erraverant.

440 2910 493 2965 5.
535 2910 725 2965 Beatus
764 2927 912 2981 quem
962 2910 1164 2981 eiegisti
1204 2922 1252 2964 et
1293 2912 1649 2979 assumpsisti.
1691 2909 1799 2965 Eos
1843 2912 1935 2981 qui

365 3010 528 3055 erant
559 3001 753 3055 virtute
783 2999 1007 3071 perfecti
1029 3044 1042 3067 ,
1076 3011 1130 3056 et
1171 3003 1234 3056 ad
1267 3003 1515 3058 bravium
1562 3018 1808 3072 supernae
1840 3019 1936 3059 νου
1963 3024 2006 3083 c

370 3090 603 3145 cationis
635 3102 1023 3159 pervenerant,
1058 3093 1243 3147 beatos
1284 3094 1575 3164 appellant.
1607 3093 1940 3163 Replebimur

371 3181 429 3233 in
454 3178 600 3233 bonis
632 3181 816 3234 domus
850 3191 972 3236 tum.
1006 3181 1155 3237 Bona
1184 3183 1379 3240 domus
1403 3194 1559 3239 vocat
1587 3184 1794 3239 diversa
1820 3184 1941 3253 Spi-

372 3273 513 3325 ritus
539 3271 701 3327 dona.
732 3271 873 3326 Huic
905 3275 1072 3340 enim,
1105 3276 1340 3345 inquit“,
1373 3281 1533 3329 datur
1564 3293 1655 3345 per
1686 3274 1941 3345 Spiritum

373 3380 544 3418 sermo
577 3365 876 3434 sapientiae,
909 3366 1003 3420 alii
1050 3376 1224 3421 autem
1252 3384 1423 3422 sermo
1455 3370 1688 3423 scientia:
1718 3377 1771 3423 et
1813 3368 1941 3421 reli-

375 3472 485 3526 qua
518 3455 680 3510 dona.
713 3454 968 3511 Sanctum
999 3467 1076 3513 est
1111 3458 1360 3530 templum
1391 3470 1535 3514 tuum
1557 3502 1571 3525 ,
1603 3470 1696 3515 aut
1728 3461 1944 3516 cmleste

377 3558 473 3601 aut
521 3558 818 3613 terrenum,
859 3550 1013 3619 juxta
1048 3550 1252 3606 dictum
1288 3552 1420 3606 illud
1465 3569 1477 3604 :
1532 3552 1801 3622 Templum
1847 3553 1943 3608 Dei

376 3650 620 3691 sanctum
649 3647 747 3703 est,
782 3640 920 3711 quod
948 3645 1073 3696 estis
1098 3658 1186 3697 vos
1200 3643 1244 3695 ’.

452 3809 579 3881 [Qui
609 3814 750 3881 pleni
777 3815 909 3871 estis
940 3816 1368 3874 sanctiﬁcatione
1394 3821 1788 3891 (templumque
1812 3819 1946 3875 illud

378 3902 580 3973 tuum),
607 3919 703 3973 per
725 3905 943 3975 eloquia
972 3917 1062 3962 tua
1096 3908 1413 3965 accedentes
1445 3911 1625 3965 erudit
1658 3920 1819 3981 atque
1849 3911 1946 3966 do-

380 4002 465 4050 cet
486 3996 755 4066 justitiam
782 3999 981 4073 tuam.)

451 4087 505 4142 6.
548 4088 763 4145 Exaudi
798 4107 926 4158 nos,
960 4090 1137 4161 Deus,
1170 4093 1424 4149 salutaris
1453 4104 1647 4164 noster,
1688 4114 1802 4168 spes
1830 4116 1946 4154 om-

381 4180 530 4234 nium
571 4181 756 4250 ﬁnium
791 4192 964 4239 teme.
990 4182 1197 4241 Exaudi
1222 4201 1323 4241 nos
1351 4187 1533 4258 itaque
1562 4198 1616 4243 et
1644 4190 1757 4244 haec
1791 4192 1948 4247 nobis

383 4271 646 4342 praebeas.
697 4271 753 4326 In
801 4280 884 4341 te,
921 4274 1129 4345 inquit,
1178 4274 1314 4331 ﬁnes
1352 4283 1511 4331 terra:
1543 4278 1864 4346 sperabunt.
1895 4290 1949 4336 et

2034 1795 2153 1867 ἥτις
2173 1794 2375 1865 ἐστὶνὴ
2416 1793 2727 1864 Ἐκκλησία,
2750 1792 2782 1865 ἢ
2806 1795 2869 1864 τῇ
2904 1792 3227 1865 ἐπουρανίῳ,
3260 1792 3395 1845 ὅπου
3430 1809 3630 1863 παρα-

2036 1885 2314 1958 γενόμενοι
2337 1884 2435 1949 τάς
2465 1885 2698 1948 αἰνέσεις
2724 1884 3141 1956 ἀναπέμψομεν.

2106 1975 2491 2032 Είσάκουσον
2518 1974 2865 2044 προσευχῆς
2904 1994 3041 2044 μου,
3103 1976 3252 2044 πρὸς
3306 1976 3384 2030 σὲ
3435 1974 3626 2030 πᾶσα

2037 2067 2199 2136 σὰρξ
2220 2066 2373 2135 ἣξει.
2404 2064 2828 2135 Εὑαγγελίζεται
2879 2066 2967 2120 διὰ
3016 2067 3220 2120 τούτων
3266 2066 3366 2138 τὴν
3412 2066 3622 2137 κλῆσιν

2037 2159 2287 2213 ἁπάντων
2314 2158 2420 2211 τῶν
2454 2156 2645 2221 ὲθνῶν,
2697 2155 2835 2209 κατά
2882 2157 2945 2209 τὸ
2994 2156 3281 2228 εἰρημένον
3320 2156 3474 2228 ποιρά
3510 2156 3620 2210 τοῦ

2050 2249 2206 2320 Ἰωήλ
2237 2265 2253 2280 ο
2298 2247 2517 2320 Ἐκχεῶ
2564 2247 2682 2303 ἀπὸ
2706 2248 3052 2317 Πνεύματός
3090 2266 3212 2318 μου
3260 2247 3360 2302 ἐπὶ
3397 2246 3620 2302 πᾶσαν

2039 2338 2256 2408 σάρκα.

2110 2432 2285 2501 Λόγοι
2333 2432 2569 2501 ἀνόμων
2601 2432 3147 2501 ὐπερεδυνάμωσαν
3166 2431 3340 2502 ἡμᾶς.
3401 2432 3615 2500 Λόγους

2040 2522 2254 2594 ἀνόμων
2283 2524 2417 2594 φησὶ
2448 2523 2545 2594 τὴν
2582 2523 2770 2591 σοφίαν
2794 2523 2902 2575 τῶν
2937 2522 3115 2592 σοφῶν
3134 2522 3228 2576 τοῦ
3262 2523 3454 2586 αἰῶνος
3480 2523 3612 2576 τού-

2040 2631 2153 2676 του,
2182 2615 2247 2667 δι’
2272 2611 2339 2686 ἧς
2370 2616 2462 2667 καὶ
2488 2613 2874 2685 ὲξησθένησαν,
2908 2615 3007 2685 τῆς
3030 2613 3262 2683 ἀληθοῦς
3284 2614 3613 2678 ἐκπεσόντες

2040 2705 2309 2774 γνώσεως.
2344 2706 2453 2759 Καὶ
2480 2705 2609 2772 ταῖς
2633 2706 2930 2772 ἀσεϐείαις
2966 2706 3132 2775 ἡμῶν
3162 2706 3362 2773 ἱλάσῃ.
3408 2704 3611 2776 Εῦχον-

2039 2813 2129 2851 ται
2153 2797 2250 2868 τῆς
2272 2814 2335 2849 συ
2346 2796 2557 2868 μόάσης
2585 2798 2641 2848 ἐν
2668 2800 2732 2868 τῇ
2752 2797 2926 2869 πλάνῃ
2940 2798 3189 2861 ἀσεϐείας
3207 2796 3606 2868 ἀπαλλαγῆναι.

2113 2908 2411 2977 Μακάριος
2434 2908 2507 2962 ὃν
2523 2908 2779 2974 ἐξελέξω
2800 2909 2896 2963 καί
2925 2908 3322 2977 προσελάϐου.
3353 2909 3487 2974 Τοὺς
3514 2927 3608 2963 τε-

2040 2997 2357 3063 λειωθέντας
2386 3000 2506 3052 κατ’
2535 2998 2758 3071 ἀρετὴν,
2778 3000 2872 3052 καὶ
2900 3001 2979 3063 εἰς
3009 3000 3068 3052 τὸ
3100 2998 3348 3071 βραϐεῖον
3375 3003 3469 3072 τῆς
3491 3000 3607 3055 ἄνω

2041 3092 2348 3163 φθάσαντας
2401 3092 2665 3164 κλήσεως,
2705 3092 3008 3164 μακαρίους
3052 3092 3404 3146 ἀποκαλοῦσι.
3443 3095 3605 3160 Πλη-

2039 3184 2379 3252 σθησόμεθα
2398 3184 2468 3236 ἐν
2492 3183 2615 3249 τοῖς
2635 3183 2876 3253 ἀγαθοῖς
2908 3183 3015 3237 τοῦ
3039 3184 3207 3237 οἴκου
3231 3199 3367 3238 σου.
3400 3182 3604 3251 Ἀγαθά

2039 3276 2131 3331 τοῦ
2148 3275 2296 3329 οἴκου
2320 3276 2388 3329 τὰ
2417 3275 2651 3347 διάφορα
2671 3274 2764 3329 τοῦ
2784 3274 2923 3328 Πνεύ
2932 3292 3100 3346 ματος
3115 3275 3262 3344 λέγει
3277 3275 3598 3347 χαρίσματα.

2040 3360 2114 3436 τῼ
2138 3366 2254 3436 μὲν
2278 3366 2405 3446 γὰρ,
2440 3366 2593 3437 φησί,
2618 3365 2844 3420 δίδοται
2875 3365 2973 3419 διὰ
3003 3364 3109 3419 τοῦ
3141 3366 3600 3444 Πνεύματοςλό-

2041 3477 2145 3531 γος
2169 3462 2409 3529 σοφίας,
2432 3461 2600 3526 ἄλλῳ
2617 3459 2685 3513 δὲ
2710 3463 2891 3529 λόγος
2905 3460 3199 3530 γνώσεως,
3235 3463 3330 3515 καὶ
3347 3461 3414 3515 τὰ
3441 3461 3598 3532 ἕτερα

2042 3550 2148 3605 τῶν
2182 3552 2553 3622 χαρισμάτων.
2591 3552 2781 3620 Ἄγιος
2821 3555 2854 3606 ό
2886 3554 3033 3619 ναός
3059 3568 3175 3607 σου
3200 3569 3215 3584 °
3251 3552 3284 3624 ἢ
3313 3555 3343 3607 ὁ
3375 3552 3599 3624 ἐπουρά-

2043 3642 2230 3712 νιος,ἢ
2264 3643 2291 3694 ὁ
2327 3642 2587 3710 ἐπίγειος,
2623 3642 2844 3695 κατὰτὸ
2871 3642 3181 3715 εἰρημένον
3222 3643 3284 3696 '0
3318 3643 3421 3713 γὰρ
3454 3641 3597 3711 ναὸς

2043 3733 2149 3788 τοῦ
2173 3732 2319 3786 Θεοῦ
2347 3732 2512 3802 ἅγιός
2548 3733 2740 3798 ἐστιν,
2769 3733 2985 3799 οἵτινές
3000 3735 3142 3789 ἐστε
3175 3734 3363 3804 ὑμεῖς.

2115 3822 2383 3895 [Πλήρεις
2409 3823 2681 3894 ἁγιασμοῦ
2707 3841 2720 3853 ·
2747 3825 2842 3878 καὶ
2868 3824 2966 3895 τὴν
3010 3825 3108 3897 σὴν
3140 3825 3473 3898 δικαιοσύνην
3510 3826 3596 3882 διὰ

2045 3914 2151 3968 τῶν
2175 3914 2282 3968 σῶν
2309 3914 2502 3984 λογίων
2526 3917 2651 3979 τοὺς
2681 3915 3000 3987 προσιόντας
3034 3917 3321 3992 παιδεύει.]

2129 4090 2506 4145 Ἐπάκουσον
2546 4090 2735 4160 ἡμῶν,
2770 4094 2804 4147 ὁ
2837 4095 2980 4161 Θεὸς
3021 4098 3055 4150 ό
3104 4097 3305 4167 Σωτὴρ
3352 4099 3520 4168 ἡμῶν,
3551 4102 3592 4170 ἠ

2046 4180 2221 4247 ἐλπὶς
2253 4180 2495 4235 πάντων
2519 4180 2636 4235 τῶν
2659 4183 2926 4253 περάτων
2952 4185 3063 4255 τῆς
3116 4187 3248 4258 γῆς.
3284 4189 3478 4245 Οὐκοῦν
3500 4192 3592 4246 έπ-

2051 4272 2276 4327 άκουσον
2292 4273 2468 4345 ἡμῶν,
2500 4275 2780 4329 καὶταῦτα
2805 4278 3106 4349 παράσχου.
3134 4280 3227 4342 Εἰς
3253 4281 3331 4345 σὲ,
3367 4280 3502 4351 φησί,
3525 4283 3593 4336 τά

384 4363 477 4432 qui
521 4364 710 4432 procul
757 4379 788 4419 a
828 4367 971 4422 ‘mari
1005 4367 1273 4423 habitant.
1327 4367 1423 4424 liis
1462 4378 1643 4426 autem
1683 4370 1951 4442 signiﬁcat

2069 4365 2266 4436 πέρατα
2284 4366 2383 4436 τῆς
2411 4368 2734 4439 οἰκουμένης
2754 4369 3022 4430 έλτιιοῦσι,
3058 4371 3149 4424 καὶ
3179 4373 3228 4424 oi
3262 4372 3463 4444 μακρὰν
3499 4373 3591 4444 τῆς

383 4458 649 4509 terminos
684 4462 861 4511 terrae.

455 4626 508 4679 7.
552 4624 869 4697 Praeparans
913 4636 1106 4687 montes
1144 4636 1197 4687 in
1241 4636 1433 4690 virtute
1471 4653 1589 4691 sua.
1622 4636 1831 4693 Montes
1862 4637 1949 4692 hic

386 4723 546 4770 vocat
576 4716 921 4774 adversarias
952 4731 1262 4789 potestates.
1312 4725 1634 4795 Pra'parans
1664 4739 1842 4782 autem
1882 4727 1951 4782 ad

389 4808 737 4879 supplicium,
776 4812 1097 4880 praeparavit
1130 4829 1363 4885 namque
1391 4818 1497 4872 illis
1531 4820 1805 4890 abyssum.
1839 4818 1953 4876 lloc

389 4910 571 4956 autem
613 4900 817 4967 facies,
848 4910 1036 4972 potens
1072 4920 1193 4959 cum
1225 4908 1322 4960 sis.
1371 4907 1474 4973 Qui
1511 4912 1791 4964 conturbas
1831 4928 1955 4981 pro-

390 4990 614 5060 fundum
644 4994 830 5048 maris.
862 4992 1005 5048 Mare
1026 4994 1178 5063 dicit,
1209 4998 1617 5055 multitudinem
1646 5001 1954 5056 immundo-

392 5100 513 5137 rum
546 5085 837 5154 spirituum
860 5128 874 5154 ,
905 5101 1026 5157 qua:
1056 5086 1256 5142 Cbrisri
1302 5090 1534 5145 adventu
1578 5093 1951 5147 conturbatur.

394 5171 755 5238 Quamobrem
801 5187 1102 5235 metuentes
1134 5180 1350 5237 aiebant
1379 5197 1392 5233 :
1432 5181 1631 5237 Venisti
1661 5193 1782 5238 ante
1827 5195 1957 5239 tem-

396 5280 494 5332 pns
527 5274 764 5335 torquere
791 5286 883 5324 nos
904 5272 967 5323 “.

464 5354 518 5409 9.
562 5354 935 5413 Turbabuntur
972 5372 1174 5432 gentes,
1218 5372 1266 5416 et
1304 5364 1556 5417 timebunt
1593 5365 1682 5425 qui
1717 5364 1957 5420 habitant

400 5446 668 5514 terminos,
696 5465 730 5501 a
756 5451 919 5519 signis
947 5455 1069 5507 tuis.
1101 5454 1354 5520 Quando,
1401 5456 1594 5526 inquit,
1631 5466 1817 5526 gentes
1840 5500 1854 5525 ,
1896 5460 1949 5516 id

2055 4455 2326 4529 θαλάσσης
2364 4458 2655 4523 οἰκοῦντες.
2691 4460 2952 4529 Δηλοῦται
3007 4461 3064 4514 δὲ
3097 4462 3255 4516 πάλιν
3294 4463 3379 4518 διὰ
3410 4463 3593 4520 τούτων

2054 4549 2154 4620 τῆς
2181 4551 2499 4622 οἰκουμένης
2532 4551 2600 4604 τὰ
2628 4551 2855 4622 πέρατα.

2134 4640 2481 4711 Ἔτοιμάζων
2513 4642 2618 4710 ὄρη
2656 4643 2725 4695 ἐν
2759 4642 2833 4711 τῇ
2885 4645 3058 4713 ἰσχύϊ
3084 4646 3289 4701 αὐτοῦ.
3355 4646 3591 4702 Ἐνταῦθα

2054 4730 2151 4793 τὰς
2173 4731 2551 4802 ἀντικειμένας
2573 4731 2828 4801 δυνάμεις
2860 4732 3043 4811 φησίν.
3087 4734 3422 4804 Ἐτοιμὰζων
3447 4735 3496 4788 δὲ
3514 4738 3591 4800 εἰς

2054 4820 2322 4891 τιμωρίαν
2341 4837 2355 4850 ·
2396 4821 2658 4891 ἡτοίμασε
2695 4821 2802 4892 γὰρ
2829 4823 3012 4886 αὐτοῖς
3030 4824 3130 4895 τὴν
3160 4824 3408 4879 ἄϐυσσον.
3439 4823 3592 4878 Τοῦτο

2052 4912 2110 4966 δὲ
2134 4912 2377 4981 ποιήσεις
2396 4911 2618 4974 δυνατὸς
2643 4910 2739 4967 ὢν.
2782 4913 2845 4966 Ὃ
2868 4915 3314 4984 συν-ταράσσων
3348 4918 3406 4969 τὸ
3432 4917 3590 4984 κύτος

2054 5001 2165 5072 τῆς
2200 5001 2533 5070 θαλάσσης.
2587 5002 2873 5058 Θάλασσαν
2908 5004 3145 5061 ἐνταῦθα
3180 5006 3240 5060 τὸ
3268 5006 3455 5078 πλῆθος
3490 5006 3588 5061 τῶν

2056 5093 2377 5165 ἀκαθάρτων
2402 5093 2729 5164 πνευμάτων
2759 5096 2954 5167 φησὶν,
2988 5096 3018 5150 ὃ
3061 5100 3157 5151 καὶ
3201 5098 3587 5170 συνταράττεται

2056 5189 2122 5258 τῇ
2145 5186 2236 5239 τοῦ
2262 5184 2495 5258 Χριστοῦ
2523 5187 2813 5258 παρουσίᾳ.
2836 5189 2927 5242 Διὸ
2954 5190 3050 5242 καὶ
3077 5190 3390 5261 φοϐούμενοι
3411 5190 3583 5259 ἐλεγοψ

2055 5272 2270 5343 *Ηλθες
2288 5277 2633 5345 πρό.καιροῦ
2660 5279 2997 5343 βασανίσαι
3021 5280 3199 5349 ἡμᾶς.

2141 5368 2617 5437 Ταραχθήσογται
2640 5370 2711 5425 τὰ
2731 5370 2896 5438 ἔθνη,
2937 5371 3059 5430 καΥ
3083 5373 3501 5452 φοϐηθήσονται
3534 5378 3585 5429 ol

2035 5508 2040 5513 .
2071 5460 2483 5527 κατοικοῦντες
2517 5460 2589 5515 τά
2610 5459 2859 5532 πέρατα,
2901 5464 3017 5520 ἀπὸ
3052 5463 3168 5521 τῶν
3199 5468 3443 5537 σημείων
3465 5484 3580 5523 σου.

474 5634 496 5667 '
526 5633 642 5693 Jucl
674 5652 708 5694 tt
732 5676 746 5704 ,
772 5625 861 5693 98.
938 5640 957 5671 ⁸
992 5641 1011 5693 l
1041 5640 1166 5695 Cor.
1200 5659 1294 5707 sn,
1325 5643 1376 5697 8.
1454 5646 1473 5677 ’
1510 5643 1529 5697 ι
1563 5643 1691 5702 Cor.
1720 5647 1919 5717 1",”.

2069 5647 2254 5704 Matth.
2293 5663 2409 5713 vm,
2440 5646 2527 5702 29.
