3786 6278
81 73 319 297 ί..

1330 217 1695 277 EXPOSITIO
1735 220 1805 278 IN
1843 221 2175 281 PSALMUM
2217 224 2402 283 [ΚΝ.

3391 226 3500 287 εεη

234 325 363 387 Ὅτι,
408 325 597 396 φησὶ,
635 326 707 380 τὰ
733 325 866 416 έθνη
919 328 1376 401 πραχθήσονται,
1415 333 1663 388 τουτέστι
1709 334 1802 388 τῶη

1933 346 2031 405 est,
2076 338 2384 394 daemonum
2431 346 2669 396 catervae
2716 338 3105 406 turbabuntur,
3139 349 3271 399 tunc
3302 345 3398 416 qui
3441 348 3499 404 in

224 418 487 485 δαιμόνων
514 418 595 470 τά
630 413 982 491 συστήματα,
1013 422 1137 475 τότε
1179 421 1244 494 δὴ
1268 423 1389 477 τότε
1420 427 1516 479 καὶ
1544 427 1593 479 oi
1627 427 1686 480 ὲν
1706 430 1818 491 τοῖς

225 515 413 585 πέρασι
462 517 574 587 τῆς
617 518 950 590 οἰκουμένης
978 519 1256 591 ἄνθρωποι
1302 522 1700 594 φοϐηθήσονται
1736 541 1815 593 σε,

220 608 277 657 τὰ
301 606 528 676 μεγάλα
555 613 771 680 σημεῖα
800 610 1196 683 θεωρήσαντες.
1235 613 1441 685 Σημεῖα
1468 614 1524 669 δὲ
1546 616 1616 670 τὰ
1652 617 1711 669 ὲν
1748 620 1814 689 τῇ

218 700 491 772 παροικίᾳ.
527 703 887 774 γεγενημένα
911 703 1081 773 λέγει.
1126 705 1412 773 Ἐξόδους
1457 709 1679 776 πρωίας
1716 709 1818 763 καὶ

212 791 474 860 ἑσπέρας
516 793 793 863 τέρψεις.
849 796 1017 850 Ὅταν
1073 795 1184 869 γὰρ
1238 798 1307 852 τὰ
1351 800 1561 870 μεγάλα
1613 804 1840 872 σημεῖα

212 882 600 955 θεωρήσαντες
633 886 689 938 οἱ
710 885 811 957 τὴν
847 887 1172 959 οἰκουμένην
1199 888 1475 960 ἄνθρωποι
1503 885 1817 944 κατοικοῦν-

209 992 310 1040 τες,
332 976 641 1047 φοϐηθῶσι
670 979 766 1032 τὸν
798 979 1002 1047 ἀγαθὸν
1032 979 1218 1049 φόϐον,
1236 981 1355 1034 τότε
1390 981 1453 1053 δὴ
1470 982 1594 1035 τότε
1617 983 1712 1036 καὶ
1735 984 1815 1046 είς

206 1069 293 1132 εἰς
320 1071 561 1141 πρωίας
588 1072 691 1124 καὶ
715 1071 798 1135 είς
828 1072 925 1135 τάς
967 1072 1207 1143 ἑσπέρας
1236 1071 1448 1138 ἐξόδους
1470 1115 1484 1140 ,
1533 1075 1814 1130 τουτέστιν

1920 430 2173 487 terminis
2193 439 2353 486 terra:
2378 443 2671 489 versantur
2699 422 2981 500 homines,
3003 435 3393 504 turbabuntur,
3423 440 3499 496 si-

1919 539 2024 594 gna
2070 539 2266 594 magna
2312 525 2729 595 conspicientes.
2794 525 2959 598 Signa
3008 537 3188 582 autem
3235 544 3298 583 ea
3346 539 3497 595 sunt,

1918 629 2039 684 quae
2072 614 2127 668 in
2160 614 2279 684 ejus
2309 613 2543 669 adventu
2578 624 2707 670 sunt
2739 616 2905 670 edita.
2941 613 3133 668 Exitus
3169 617 3421 670 matutini
3444 625 3496 670 et

1918 723 2123 777 vespere
2156 705 2459 761 delectabis.
2502 707 2639 764 Cum
2681 708 2825 763 enim
2870 709 3025 779 signa
3053 723 3249 778 magna
3278 709 3498 781 conspio

1917 799 2022 854 cati
2054 798 2305 855 homines
2333 798 2427 869 qui
2473 799 2660 853 orbem
2691 808 2845 854 terra;
2875 800 3139 864 incolunt,
3172 799 3317 854 bono
3345 807 3495 854 metu

1918 891 2216 955 timebunt,
2266 901 2380 946 tum
2422 898 2477 946 et
2522 892 2590 946 ad
2633 892 2929 946 matutinos
2962 900 3015 946 et
3055 892 3122 946 ad
3157 892 3495 962 vespertinos

1915 980 2131 1048 exitus;
2166 980 2271 1036 hoc
2311 990 2427 1050 est,
2462 981 2613 1037 omni
2651 990 2914 1051 tempore,
2943 981 3230 1035 delectatio
3259 982 3364 1036 erit
3390 982 3491 1049 eis,

1914 1073 2315 1131 exsultantibus
2378 1063 2457 1129 ob.
2526 1090 2615 1131 res
2672 1074 2932 1145 praeclare
2985 1088 3016 1128 a
3067 1082 3117 1129 te
3166 1074 3492 1130 adveniente

205 1161 255 1211 ἑν
270 1162 442 1213 παντὶ
472 1160 692 1232 καιρῷ,
728 1162 920 1234 τέρψις
958 1164 1110 1218 ἔσται
1136 1166 1342 1230 αὐτοῖς,
1386 1165 1815 1238 ἀγαλλιωμένοις

174 1253 279 1319 ἇὲᾷ
299 1247 390 1315 οἷς
412 1252 807 1326 κατώρθωσεν
836 1258 870 1327 ἡ
904 1256 972 1329 σὴ
1004 1259 1298 1330 παρουσία.

275 1367 669 1438 Ἑπεσκέψω
697 1369 815 1439 τὴν
840 1370 980 1441 γῆν,
1004 1372 1102 1426 καὶ
1133 1372 1432 1444 ἐμέθυσας
1459 1376 1671 1446 αὑτήν.
1695 1376 1813 1430 Δεί-

199 1475 385 1512 ινυσιν
417 1461 530 1513 ent
562 1461 684 1513 τίσι
710 1460 822 1515 τῶν
850 1461 1020 1517 ἐθνῶν
1047 1464 1302 1518 ἁπάντων
1343 1466 1376 1536 ἡ
1418 1466 1629 1536 τέρψις.
1687 1466 1802 1521 Ἐπὶ

1933 1462 2224 1535 [uibusde
2271 1463 2437 1519 rebus
2481 1463 2770 1519 delectatio
2821 1463 2989 1519 fuerit
3015 1462 3269 1518 omnibus
3308 1462 3487 1533 genti-

196 1550 296 1603 τίσι
324 1551 387 1604 δὲ
408 1551 445 1623 ἢ
479 1551 586 1606 ἐπὶ
622 1553 705 1625 τῷ
737 1554 837 1626 τῆς
864 1556 1171 1628 ἐπισκοπῆς
1201 1556 1429 1624 ἀξιῶσαι
1455 1557 1554 1631 τὴν
1570 1557 1698 1631 γῆν,
1716 1561 1802 1614 καὶ

1933 1572 2034 1611 ηις.
2071 1553 2443 1623 Quibusnam,
2486 1555 2593 1613 nisi
2635 1556 2766 1627 quia
2795 1555 3106 1612 visitatioue
3145 1569 3245 1610 sua
3283 1561 3487 1608 terram

191 1642 433 1711 μεθῖκςαι
457 1644 652 1716 αὐτὴν
675 1643 785 1699 τῶν
806 1647 935 1718 παρ’
964 1648 1129 1702 αὐτοῦ
1159 1649 1398 1719 δηλονότι
1424 1651 1802 1723 χαρισμάτων;

1936 1657 2083 1702 otam
2114 1647 2372 1716 dignatus
2402 1656 2523 1717 est,
2554 1646 2779 1719 suisque
2813 1647 2975 1703 donis
3009 1646 3299 1701 inebriavit
3326 1645 3492 1701 eam?

198 1736 251 1786 ὀ
275 1736 578 1807 ποταμὸς
614 1738 729 1792 τοῦ
757 1739 907 1794 Θεοῦ
934 1740 1246 1810 ἐπληρώθη
1269 1720 1524 1797 ὑδάτων.
1557 1720 1802 1814 Ποταμὸν

1933 1740 2141 1797 Flumen
2165 1742 2265 1797 Dei
2303 1742 2564 1813 repletum
2609 1751 2688 1797 est
2716 1742 2889 1813 aquis.
2943 1739 3178 1796 Flumen
3222 1740 3314 1795 bic
3356 1738 3491 1795 dicit

190 1827 430 1882 ἐνταῦθα
465 1830 572 1883 τὸν
612 1830 971 1900 εὐαγγελικὸν
1015 1833 1172 1903 λόγον
1207 1835 1368 1905 φησί·
1417 1834 1802 1907 πεπληρῶσθαι

1933 1833 2287 1904 :vangelicum
2332 1849 2676 1901 sermonem,
2730 1841 2785 1887 et
2823 1833 3089 1903 repletum
3121 1832 3282 1903 aquis
3316 1829 3490 1887 fuisse

183 1919 239 1974 δέ
268 1922 454 1976 αὐτὸν
506 1922 732 1976 ὑδάτων
752 1939 768 1956 ο
822 1924 987 1979 τίνων
1037 1926 1070 1998 ἢ
1105 1926 1215 1980 τῶν
1255 1926 1414 1981 θείων
1443 1927 1807 1996 ἐπαγγελιῶν,

184 2013 381 2080 φησὶν,
447 2007 536 2067 ὧν
602 2016 722 2078 τοῖς
751 2014 925 2082 ἀξίοις
952 2016 1055 2087 τῆς
1089 2016 1369 2088 βασιλείας
1412 2018 1521 2072 τῶν
1565 2019 1807 2090 οὐρανῶν

186 2103 623 2172 ἐπηγγείλατος
654 2102 781 2160 Εἶεν
805 2107 849 2160 δ’
872 2106 938 2160 ἂν
963 2108 1020 2160 αἱ
1050 2108 1373 2178 ἐπαγγελίαι
1393 2109 1454 2162 τό
1472 2124 1486 2140 ·
1519 2110 1808 2178 Μακάριοι

186 2202 239 2253 οὔ
252 2201 502 2268 πτωχοὶ
513 2200 609 2267 τῷ
620 2203 934 2272 πνεύματι,
958 2204 1052 2257 καὶ
1074 2206 1123 2257 οἱ
1147 2203 1275 2275 ἑξῆς
1287 2204 1393 2259 τῶν
1417 2205 1803 2277 μακαρισμῶν.

198 2293 589 2364 Ἡτοὶμασας
643 2295 761 2365 τὴν
785 2296 1016 2367 τροφὴν
1057 2297 1278 2352 αὐτῶν.
1309 2298 1528 2371 Τροφὴν
1576 2298 1675 2370 μὲν
1704 2300 1805 2372 τὴν

187 2388 602 2459 πνευματικήν
640 2405 827 2459 φησιν.
898 2388 1258 2461 Ἠτοιμάσθαι
1306 2390 1363 2443 δὲ
1409 2389 1579 2463 αὐτὴν
1623 2390 1802 2459 λέγει,

186 2474 325 2530 διότι
372 2479 496 2551 πρὸ
523 2479 840 2552 καταϐολῆς
882 2481 1089 2553 κόσμου
1133 2482 1361 2554 ὥρισται
1394 2484 1454 2537 τὸ
1498 2485 1626 2555 περὶ
1667 2485 1803 2555 Χρι-

186 2568 317 2621 στοῦ
372 2572 729 2642 μυστήριον,
777 2574 838 2637 ὃς
886 2573 1059 2627 ἐστιν
1086 2574 1265 2642 ἄρτος
1293 2574 1361 2628 ἐκ
1396 2573 1504 2628 τοῦ
1541 2575 1805 2644 οὐρανοῦ

187 2664 490 2729 καταϐὰς,
521 2664 626 2717 καὶ
659 2664 815 2733 ζωὴν
842 2665 1049 2733 διδοὺς
1074 2666 1154 2733 τῷ
1180 2668 1402 2737 κόσμῳ.

1914 1176 2115 1237 gestas.

1984 1370 2072 1425 £0.
2120 1368 2364 1425 Visilasti
2408 1378 2604 1425 terram
2645 1383 2693 1425 et
2729 1369 3006 1425 inebriasti
3044 1386 3180 1425 eam.
3234 1367 3490 1425 Declarat

1909 1924 2045 1979 dicit
2073 1943 2087 1979 :
2114 1924 2469 1995 quibusnam,
2500 1923 2608 1979 nisi
2642 1922 2843 1979 divinis
2881 1922 3204 1990 promissis,
3247 1935 3372 1992 quae
3400 1919 3488 1976 di-

1909 2016 2032 2088 gnis
2083 2030 2250 2085 regno
2290 2017 2555 2071 caelorum
2602 2014 2876 2084 pollicitus
2908 2014 3031 2069 est?
3061 2013 3340 2068 Promissa
3384 2027 3488 2066 au-

1911 2120 2018 2163 tem
2045 2109 2158 2165 haec
2185 2108 2430 2163 fuerint:
2468 2108 2626 2163 Beati
2667 2123 2924 2178 pauperes
2974 2108 3208 2177 spiritu,
3254 2115 3310 2162 et
3353 2104 3485 2160 reli-

1907 2215 2029 2270 qua:
2056 2199 2420 2255 beatitudines
2449 2201 2513 2253 “.
2546 2199 2767 2253 Parasti
2794 2199 2969 2253 cibum
3002 2198 3239 2252 illorum.
3288 2196 3485 2251 Cibum

1906 2293 2248 2362 spiritualem
2295 2293 2449 2348 dicit.
2513 2292 2785 2359 Quoniam
2820 2302 2946 2348 ante
2981 2292 3172 2347 mundi
3216 2291 3488 2347 constitu-

1909 2386 2144 2451 tionem,
2184 2385 2466 2441 decretum
2499 2394 2585 2441 est
2622 2385 2941 2456 mysterium
2986 2383 3226 2452 Christi,
3284 2384 3378 2454 qui
3405 2390 3484 2437 est

1904 2479 2058 2549 panis
2090 2479 2182 2550 qui
2208 2478 2271 2533 de
2300 2478 2428 2533 cmlo
2459 2477 2726 2533 descendit
2750 2490 2799 2533 et
2830 2479 2925 2533 dat
2957 2480 3119 2535 vitam
3144 2479 3342 2534 mundo
3363 2479 3432 2534 ¹⁹.

266 2773 433 2839 Τοὺς
464 2775 748 2842 αὔλακας
798 2776 989 2845 αὐτῆς
1012 2774 1307 2846 μέθυσον,
1362 2777 1673 2844 πλήθυνον
1731 2777 1802 2834 τὰ

1975 2765 2058 2819 Η.
2099 2763 2257 2819 liivos
2285 2766 2399 2836 ejus
2424 2765 2630 2820 inebria
2651 2806 2667 2831 ,
2720 2765 3022 2834 multiplica
3053 2765 3320 2836 genimina
3342 2764 3479 2834 ejus.

193 2865 558 2935 βνηὶματα
585 2866 794 2935 αὐτῆς.
834 2867 1090 2933 Αὖλακάς
1122 2886 1256 2939 φησι
1280 2868 1349 2922 τὰ
1379 2868 1518 2940 βάθη
1543 2869 1650 2923 τῶν
1675 2887 1802 2942 καρ-

1933 2856 2067 2911 livos
2108 2857 2243 2913 dicit
2272 2857 2544 2928 profunda
2576 2858 2824 2914 cordium
2861 2877 2874 2913 :
2903 2858 3201 2928 genimina,
3233 2857 3355 2928 pias
3388 2871 3485 2911 co-

191 2957 362 3021 διῶν,
399 2960 730 3029 γεννήματα
762 2961 819 3014 δὲ
872 2964 997 3025 τοὺς
1047 2961 1290 3027 εὐσεϐεῖς
1339 2961 1652 3033 λογισμούς.
1699 2964 1802 3019 Ἐν

1933 2950 2217 3006 ‘itationes.
2261 2948 2328 3004 In
2363 2951 2660 3006 stillicidiis
2694 2951 2808 3021 ejus
2841 2950 3117 3005 [celabitur
3157 2948 3480 3020 germinans.

193 3050 330 3115 ταῖς
404 3054 710 3120 σταγόσιν
775 3053 967 3123 αὐτῆς
1010 3057 1490 3124 εὐφρανθήσεται
1550 3055 1801 3109 ἀνατέλ-

1933 3043 2270 3109 ξιιοιηυωνίε
2295 3060 2484 3116 parva,
2517 3044 2725 3113 inquit,
2771 3044 2915 3099 dona
2958 3043 3061 3112 ipsi
3094 3043 3288 3096 collata
3311 3082 3326 3105 ,
3358 3057 3478 3095 eam

195 3145 430 3197 λουσα.
472 3143 587 3196 Καὶ
620 3144 688 3197 τὰ
718 3144 911 3219 μικρὰ,
943 3148 1098 3218 φησὶ,
1127 3147 1236 3201 τῶν
1261 3146 1417 3203 θείων
1446 3150 1802 3221 χαρισμάτων

1933 3136 2074 3191 νειοτί
2110 3153 2174 3193 ac
2213 3138 2521 3208 germinare
2577 3138 2825 3204 faciunt,
2888 3137 3227 3208 spiritualem
3273 3134 3483 3191 scilicet

195 3232 309 3286 τῶν
352 3234 660 3307 διδομένων
712 3240 850 3310 αὐτῇ
904 3240 1218 3310 εὐφραίνειν
1262 3240 1462 3311 αὐτὴν,
1525 3243 1619 3294 καὶ
1675 3243 1805 3295 ἀνα-

195 3325 414 3382 τέλλειν
447 3330 882 3400 παρασκευάζει,
919 3332 1010 3385 τὸν
1053 3333 1241 3403 νοητὸν
1282 3331 1523 3404 δηλονότι
1570 3334 1800 3406 καρπόν.

199 3419 531 3491 Νοήσειςδὲ
562 3421 662 3486 τὰς
690 3426 961 3492 σταγόνας
1005 3424 1179 3495 αὐτῆς
1219 3425 1327 3479 ἀπὸ
1365 3424 1457 3478 τοῦ
1509 3426 1802 3497 εἰρημένου

202 3515 333 3586 περλ⁵
358 3514 611 3586 Χριστοῦ
632 3532 647 3545 ·
674 3518 1082 3585 Καταϐήσεται
1124 3519 1205 3583 ὡς
1231 3515 1403 3584 ὑετὸς
1433 3517 1533 3571 ἐπὶ
1556 3519 1799 3582 κόκκον,

202 3608 300 3661 καὶ
336 3608 424 3674 ὼς
458 3610 500 3676 ἡ
527 3607 767 3678 σταγὼν
792 3612 831 3679 ἡ
874 3609 1179 3671 στάζουσα
1207 3611 1307 3664 ἐπὶ
1339 3611 1455 3680 τὴν
1484 3610 1621 3681 γῆν.

270 3720 665 3791 ΕὺλΟΤήσεις
714 3723 821 3777 τὸν
842 3723 1150 3792 στέφανον
1200 3724 1307 3778 τοῦ
1359 3724 1637 3778 ἐνιαυτοῦ
1690 3721 1801 3792 τῆς

203 3812 630 3880 χρηστότητός
662 3828 801 3871 σου.
844 3814 1118 3887 Ἐνιαυτόν
1148 3832 1283 3887 φησι
1322 3815 1414 3869 τὸν
1450 3815 1544 3869 τοῦ
1576 3814 1798 3886 μέλλον-

201 3917 295 3964 τος
322 3900 527 3965 αἰῶνος
553 3901 768 3974 καιρὸν,
806 3904 899 3957 καὶ
944 3904 1207 3975 στέφανον
1242 3907 1609 3978 χρηστότητος
1660 3908 1798 3959 ἁπο-

204 3992 383 4053 καλεῖ,
434 3991 528 4045 διὰ
560 3993 624 4045 τὸ
667 3994 727 4047 ὲν
760 3994 928 4066 πολλῇ
971 3995 1300 4066 χρηστότητι
1347 3997 1474 4059 τοὺς
1507 3993 1694 4065 ἁγίους
1741 3996 1799 4048 ἐν

202 4085 354 4156 αὐτῷ
374 4085 799 4155 στεφανοῦσθαι.
835 4084 943 4142 Kal
975 4087 1047 4141 τὰ
1067 4088 1244 4142 πεδία
1262 4102 1378 4142 σου
1408 4087 1800 4155 πλησθήσον-

202 4194 297 4232 ται
316 4179 627 4246 πιότητος.
663 4178 829 4231 Πεδία
864 4178 1023 4233 πάλιν
1057 4179 1155 4242 τὰς
1179 4178 1287 4240 τῶν
1329 4181 1410 4242 εἰς
1441 4179 1603 4232 αὐτὸν
1636 4195 1798 4232 πεπι-

205 4271 518 4323 στευκότων
568 4269 751 4339 ψυχὰς
777 4270 953 4324 καλεῖ.
1016 4270 1461 4339 Πιανθήσονται
1500 4271 1573 4324 τὰ
1613 4270 1798 4339 ὡραῖα

204 4361 315 4430 τῆς
344 4361 600 4431 ἐρήμου.
630 4364 768 4435 Ὄρη
811 4363 911 4433 μὲν
942 4365 1068 4427 τοὺς
1104 4364 1292 4432 ἁγίους
1323 4364 1654 4427 ἀποστόλους
1701 4363 1795 4416 καὶ

203 4456 609 4526 εὐαγγελιστάς
654 4473 825 4529 φησι,
881 4459 1007 4522 τοὺς
1056 4459 1345 4531 ε’ὐτραφεῖς
1395 4457 1794 4529 γεγενημένους

202 4550 318 4611 τοῖς
361 4553 759 4621 πνευματικοῖς
810 4550 1177 4621 χαρίσμασινο
1230 4550 1436 4622 ἔρημον
1482 4549 1539 4603 δὲ
1580 4549 1681 4621 τὴν
1734 4548 1794 4613 ἐξ

204 4638 377 4694 ἐθνῶν
420 4639 746 4709 Ἐκκλησίαν
766 4640 1053 4704 ἀποκαλεῖ,
1078 4640 1176 4712 τὴν
1202 4640 1369 4695 πάλαι
1391 4640 1597 4711 ἔρημον
1626 4635 1792 4694 οὖσαν

1904 3227 2164 3305 fructum.
2200 3230 2484 3285 Stillicidia
2516 3246 2680 3301 porro
2713 3231 2833 3301 ejus
2858 3230 3125 3300 intelliges
3150 3244 3217 3284 ex
3239 3243 3307 3283 eo
3330 3227 3480 3298 quod

1903 3320 1972 3375 de
2010 3320 2232 3376 Christo
2280 3321 2526 3376 dicitur:
2566 3321 2855 3375 Descendet
2901 3323 3037 3374 sicut
3071 3321 3251 3391 pluvia
3276 3320 3333 3373 in
3369 3317 3480 3373 vel-

1903 3408 2009 3474 lus,
2047 3420 2096 3464 et
2123 3411 2263 3465 sicut
2298 3411 2582 3466 stillicidia
2611 3412 2882 3466 stillantia
2915 3428 3070 3481 super
3097 3421 3297 3465 terram
3323 3409 3388 3467 “.

1971 3710 2061 3776 12,
2097 3712 2184 3766 15.
2216 3711 2498 3768 Benedices
2537 3730 2746 3769 corona:
2779 3715 2906 3769 anni
2952 3714 3294 3787 benignitatis
3347 3725 3474 3773 tua.

1899 3803 2116 3858 Annum
2143 3806 2278 3861 dicit
2306 3806 2477 3862 futuri
2504 3809 2688 3863 saeculi
2717 3818 2962 3878 tempus,
3009 3818 3064 3864 et
3092 3824 3351 3864 coronam
3385 3809 3479 3865 be-

1900 3898 2181 3969 nignitatis
2213 3909 2389 3965 vocat,
2425 3901 2554 3970 quia
2576 3903 2747 3957 multa
2786 3919 2909 3957 cum
2939 3903 3273 3973 benignitate
3301 3903 3478 3959 sancti

1900 3991 1954 4046 in
1986 3992 2107 4062 ipso
2142 4002 2499 4048 coronantur.
2545 3993 2614 4048 Et
2642 3996 2815 4067 campi
2841 3997 2920 4050 tui
2949 3994 3283 4065 replebantur
3318 3995 3476 4049 uber-

1902 4091 2029 4136 tate.
2090 4081 2358 4154 Campum
2403 4084 2601 4139 iterum
2632 4087 2847 4141 animas
2880 4087 2935 4140 in
2974 4087 3155 4157 ipsum
3192 4086 3475 4141 credentes

1898 4183 2077 4229 vocat.
2138 4173 2489 4246 Pinguescent
2536 4178 2771 4248 speciosa
2809 4178 3021 4233 deserti.
3085 4178 3294 4233 Montes
3342 4178 3477 4257 dicit

1899 4277 2119 4322 sanctos
2158 4269 2435 4337 apostolos
2457 4277 2511 4322 et
2541 4271 2902 4339 evangelistas
2922 4310 2936 4334 ,
2974 4270 3065 4338 qui
3098 4269 3475 4338 spiritualibus

1897 4358 2059 4413 donis
2088 4360 2317 4430 pingues
2351 4360 2527 4416 ell'ecti
2565 4371 2711 4416 sunt.
2756 4360 3039 4417 Desertum
3065 4376 3197 4417 vero
3230 4363 3474 4433 gentium

1897 4450 2198 4506 Ecclesiam
2236 4460 2417 4516 vocat,
2456 4469 2579 4522 qua:
2609 4454 2822 4508 deserta
2855 4453 2982 4508 olim
3013 4462 3128 4509 erat
3158 4453 3252 4510 Dei
3284 4456 3476 4526 cogni-

1897 4544 2066 4599 tione.
2104 4543 2172 4596 Et
2208 4543 2564 4599 exsultatione
2589 4544 2748 4600 colles
2779 4550 3135 4618 accingentur.
3165 4547 3346 4604 Colles
3374 4562 3472 4604 vo-

1896 4645 1984 4694 cat
2010 4636 2270 4708 praasides
2300 4635 2690 4693 Ecclesiarum.

203 4732 303 4801 τῆς
363 4734 497 4803 περὶ
552 4728 688 4785 Θεοῦ
750 4730 1024 4801 γνώσεως.
1074 4733 1184 4788 Καὶ
1230 4734 1597 4803 ἀγαλλίασιν
1646 4735 1700 4788 οι
1746 4730 1964 4797 ,βουνοί
2023 4725 2460 4798 περιζώσονται.
2512 4730 2742 4795 Βουνοὺς
2797 4732 2924 4797 τοὺς
2973 4732 3082 4787 τῶν
3137 4733 3474 4805 Ἐκκλησιῶν

204 4824 513 4897 προέδρους
545 4823 731 4894 φησίν.

285 4916 689 4973 Ἐνεόύσαντο
719 4920 775 4973 οι
799 4916 954 4986 κριοὶ
975 4916 1096 4972 τῶν
1115 4918 1440 4988 προϐάτων.
1462 4919 1666 4990 Κριοὺς
1693 4917 1793 4988 μὲν

203 5011 309 5065 τῶν
325 5009 622 5082 προϐάτων
636 5011 763 5074 τοὺς
777 5012 1043 5083 ἄρχοντας
1055 5011 1163 5065 τῶν
1177 5011 1321 5066 λαῶν
1338 5011 1561 5082 φησι.Τί
1577 5011 1631 5065 δὲ
1643 5010 1792 5064 ἐνδύ-

206 5115 393 5152 σονται
426 5096 461 5170 ἢ
482 5098 547 5152 τὸ
559 5097 661 5169 τῆς
672 5099 982 5173 ἀφθαρσίας
1000 5100 1215 5173 ἱμάτιον
1257 5102 1461 5156 καὶτὸν
1475 5103 1574 5175 τῆς
1595 5103 1792 5175 εὐφρο-

208 5193 378 5262 σύνης
404 5189 649 5262 χιτῶνα;
682 5191 887 5263 Κριοὺς
913 5191 1172 5264 ὀνομάζει
1205 5193 1492 5265 προϐάτων
1536 5194 1631 5248 καὶ
1663 5196 1791 5257 τοὺς

211 5284 397 5353 ἁγίους
418 5283 774 5349 ἀποστόλους,
798 5286 876 5349 ῶς
890 5286 1278 5357 προκύψαντας
1298 5288 1542 5351 καὶτοὺς
1566 5287 1792 5358 ἐχθροὺς

209 5375 519 5445 κερατίζειν
565 5376 890 5444 ἰσχύοντας.
923 5381 1105 5444 καθὼς
1146 5380 1176 5432 ό
1217 5378 1425 5450 Κύριος
1455 5377 1587 5451 ἔφη’
1647 5378 1791 5433 Ἰδοὺ

208 5469 323 5542 Δτὼ
351 5466 674 5523 ἀποστελῶ
700 5468 855 5540 ὑμᾶς
873 5470 953 5538 ὡς
989 5471 1253 5541 πρόϐατα
1275 5471 1529 5541 ἐνμέσῳ
1566 5474 1788 5527 λύκων.

1971 4923 2058 4978 η.
2091 4922 2280 4979 Induti
2317 4935 2441 4979 sunt
2476 4925 2671 4980 arietes
2699 4926 2893 4982 ouium.
2926 4926 3140 4983 Arietes
3162 4927 3348 4982 ovium
3372 4942 3473 4984 vo-

1899 5027 1988 5071 cat
2020 5019 2293 5087 principes
2345 5019 2692 5088 populorum.
2747 5017 2868 5085 Quo
2916 5028 3094 5074 autem
3133 5019 3471 5090 induentur,

1898 5107 2005 5162 nisi
2039 5108 2370 5163 vestimento
2416 5109 2948 5193 incorruptibilitatis
2969 5150 2984 5175 ,
3020 5118 3076 5165 et
3119 5110 3304 5167 tunica
3335 5112 3473 5168 laeti-

1897 5199 2020 5255 tiae?
2053 5200 2267 5255 Arietes
2294 5200 2478 5254 ovium
2498 5238 2514 5265 ,
2558 5209 2777 5256 sanctos
2822 5200 2950 5254 item
2983 5201 3261 5270 apostolos
3290 5213 3469 5274 vocat,

1899 5300 2087 5360 utpote
2126 5291 2221 5362 qui
2248 5291 2490 5346 demisso
2530 5292 2704 5361 capite
2747 5292 3086 5363 irrumpant,
3132 5295 3471 5353 et-inimitos

1899 5397 2071 5438 cornu
2100 5391 2283 5452 petere
2315 5383 2553 5448 valeant,
2582 5382 3041 5452 quemadmodum
3069 5385 3145 5441 ait
3167 5386 3466 5443 Dominus:

1904 5472 2038 5527 Ecce
2075 5489 2167 5542 ego
2195 5474 2346 5525 mitto
2378 5488 2466 5525 cos
2504 5472 2644 5526 sicut
2676 5488 2791 5528 oves
2832 5473 2885 5527 in
2925 5474 3095 5529 medio
3130 5474 3377 5545 luporum
3397 5473 3466 5527 “.

282 5667 324 5710 ⁸⁸
356 5667 552 5730 Matth.
586 5687 649 5739 v,
682 5668 719 5727 ὅ
746 5683 931 5743 seqq._
978 5671 1022 5706 ι’
1065 5670 1222 5729 Joan.
1259 5689 1343 5742 vt,
1390 5673 1478 5729 55.
1558 5673 1598 5707 ¹³
1636 5670 1778 5730 Psal.

1933 5689 1976 5738 ι,
2021 5673 2073 5729 6.
2158 5671 2412 5730 "Matth.
2449 5687 2525 5743 ιι,
2561 5672 2647 5728 16.
