3786 6278
351 195 455 253 287

1193 192 1251 246 S.
1290 187 1666 246 ATHANASII
1700 188 1852 246 OPP.
1892 187 2076 243 PARS
2113 185 2201 242 111.
2239 214 2311 229 --
2346 183 2755 242 EXEGETICA.

3488 175 3629 234 288

351 308 423 364 Et
450 308 613 365 valles
655 309 1002 366 abundabunt
1032 310 1318 379 frumento.
1351 307 1462 363 Illae
1486 347 1502 373 ,
1539 307 1750 379 inquit,
1791 306 1919 361 olim
1951 316 1980 372 Α

2071 304 2134 358 'al
2161 306 2222 358 al
2255 301 2530 368 κοιλάδες
2552 298 2934 368 πληθυνοῦσι
2957 296 3149 352 σῖτον.
3176 296 3242 350 Δί
3266 294 3458 362 πάλαι,
3495 312 3629 367 φη-

350 398 717 469 pauperrimaa
749 414 815 455 ac
847 400 1064 456 steriles
1092 401 1335 472 gentium
1358 400 1577 465 animae,
1613 397 1918 469 spirituali-

351 489 458 546 bus
484 488 752 546 fructibus
786 491 1161 560 replebantur.
1219 491 1574 557 Clamabunt,
1601 491 1794 547 etenim
1830 494 1925 563 hy-

352 596 537 635 mnum
579 581 777 637 dicent.
830 582 910 637 Ad
942 585 1255 649 meliorem,
1302 584 1501 653 inquit,
1541 583 1787 640 deductae
1812 593 1925 641 sta-

352 679 494 735 tum,
529 670 718 738 valles,
746 687 810 727 ac
831 673 1050 744 repletae
1081 674 1457 743 spiritualibus
1490 671 1794 743 fructibus,
1820 675 1924 746 hy-

355 775 515 816 mnos
547 760 811 846 tibi.totis
837 764 1046 820 viribus
1079 764 1328 819 oﬂ'erent.

322 868 329 879 ι
356 850 409 907 1.
433 849 500 906 In
527 851 687 921 ﬁnem
716 854 981 917 canticum
1001 852 1275 910 PSALMI
1293 852 1728 911 Rcsurrectionis.
1748 853 1848 909 LX
1861 854 1922 911 V.

939 944 1344 1017 Argumentum.

359 1031 709 1092 Vocationem
738 1036 979 1113 gentium
1007 1052 1107 1107 per
1129 1039 1275 1094 hunc
1314 1038 1586 1109 psalmum
1629 1037 1923 1110 signiﬁcat,

426 1125 827 1196 annuntiatque
873 1125 1117 1180 futuram
1190 1127 1498 1182 animarum
1568 1127 1929 1183 resurrectio-

425 1231 574 1283 nem,
597 1216 755 1286 juxta
798 1216 1003 1272 dictum
1040 1217 1171 1272 illud
1206 1236 1218 1272 :
1254 1217 1530 1273 Suscitans
1560 1236 1595 1272 a
1629 1227 1770 1273 terra
1811 1220 1929 1275 ino-

429 1329 545 1377 pem
591 1314 657 1369 ¹⁸.
733 1312 1033 1369 Personam
1077 1314 1208 1369 item
1261 1312 1471 1369 inducit
1519 1314 1928 1384 apostolorum,

432 1404 806 1459 enarrantium
835 1415 1039 1475 quanta
1065 1405 1177 1460 sint
1199 1419 1297 1476 pro
1329 1406 1640 1476 evangelica
1668 1404 1931 1477 praedica-

426 1498 577 1553 tione
602 1499 879 1569 perpessi,
912 1507 967 1554 et
997 1506 1133 1569 quot
1159 1497 1421 1554 aerumnis
1454 1498 1523 1553 ad
1557 1507 1756 1554 aeterna
1796 1514 1929 1571 gau-

427 1587 518 1643 dia
549 1588 766 1645 deducti
810 1590 939 1644 sint.
979 1588 1316 1660 lnsuperque
1363 1586 1577 1644 Judaici
1616 1589 1802 1661 populi
1844 1606 1926 1645 re-

427 1678 680 1748 probatio
710 1679 797 1734 hic
820 1678 1175 1751 signiﬁcatur.

427 1873 544 1927 '2-4.
584 1873 824 1929 Jubilate
852 1874 996 1942 Deo,
1039 1892 1208 1931 omnis
1248 1886 1425 1944 terra,
1466 1877 1734 1948 psalmum
1772 1878 1933 1935 dicite

357 1966 557 2019 nomini
576 1966 710 2035 ejus.
745 1965 1008 2022 Jubilatio
1035 1979 1121 2024 est
1149 1969 1390 2024 victoriae
1420 1970 1697 2026 canticum
1721 2010 1737 2033 ,
1783 1971 1933 2042 quod

357 2055 573 2110 canitur
600 2049 899 2127 proﬂigatis
921 2056 1182 2114 inimicis.
1212 2058 1383 2114 Caesis
1415 2059 1602 2130 itaque
1641 2074 1738 2130 per
1765 2060 1932 2115 Chri-

356 2147 429 2203 sti
474 2148 765 2204 adventum
801 2150 962 2220 hujus
1021 2138 1208 2206 saeculi
1252 2150 1626 2222 principibus,
1675 2152 1935 2224 jubentur

356 2256 550 2297 omnes
618 2250 805 2312 gentes
858 2243 1099 2298 victoriae
1162 2244 1378 2299 cantica
1439 2245 1714 2299 modulari
1793 2245 1930 2317 (‘28).

355 2331 533 2387 Dicite
554 2332 691 2387 Deo:
722 2332 894 2399 Quam
921 2333 1179 2388 terribilia
1209 2345 1505 2405 suntopera
1528 2344 1641 2402 tua,
1674 2335 1934 2390 Domine!

356 2421 679 2495 Cujusmodi
717 2441 906 2499 opera,
946 2426 1055 2482 nisi
1085 2426 1269 2482 divina
1298 2427 1476 2498 signa,
1505 2436 1560 2482 et
1582 2427 1729 2498 quod
1754 2427 1934 2497 impu-

357 2536 545 2577 rorum
571 2523 881 2577 daemonum
912 2531 1145 2578 caterva:
1177 2522 1479 2593 proﬂigatae
1505 2522 1655 2577 sint?
1700 2521 1767 2575 In
1794 2520 1935 2575 mul-

358 2613 584 2669 titudine
607 2615 820 2670 virtutis
857 2624 961 2670 tua:
988 2615 1308 2670 mentientur
1349 2615 1444 2669 tibi
1464 2614 1670 2668 inimici
1704 2616 1803 2668 tui.
1839 2612 1935 2668 Ju-

357 2704 604 2760 daeorum
636 2706 727 2761 hic
752 2716 1033 2776 stuporem
1061 2708 1345 2780 coarguit,
1393 2706 1487 2777 qui
1522 2721 1632 2759 non
1677 2706 1804 2761 sivit
1839 2721 1935 2761 eos

357 2795 750 2851 miraculorum
771 2796 1134 2866 magnitudini
1157 2796 1552 2865 obtemperare.
1580 2794 1764 2849 Omnis
1794 2807 1935 2849 terra

358 2886 544 2942 adoret
587 2897 636 2942 te
677 2896 728 2943 et
763 2888 960 2959 psallat
992 2889 1108 2945 tibi.
1148 2888 1417 2956 Quoniam
1442 2928 1458 2953 ,
1495 2887 1705 2958 inquit,
1736 2886 1933 2951 Judaei,

2028 395 2132 460 σὶν,
2166 392 2504 465 ἀπορώτατοι
2533 392 2626 446 καὶ
2658 391 2839 460 ἄγονοι
2872 387 2979 444 τῶν
3022 387 3189 443 ἐθνῶν
3220 386 3390 458 ψυχαὶ
3432 405 3629 443 πνευ-

2028 485 2274 559 ματικῶν
2326 483 2554 556 καρπῶν
2604 481 2817 537 ἔσονται
2873 480 3118 552 πλήρεις.
3153 477 3622 548 Κεκράεονταιο

2025 579 2125 634 καὶ
2148 580 2259 650 γὰρ
2275 576 2681 649 ὑμνήσουσιν.
2720 575 2844 629 Ἐπὶ
2863 575 2921 630 τὸ
2946 573 3150 644 βέλτιον
3171 570 3622 644 μεταϐαλοῦσαι,

2026 673 2210 744 φησὶν,
2238 672 2293 726 αί
2321 669 2563 733 κοιλάδες
2591 670 2685 725 καὶ
2704 666 3089 739 πληθυνθεῑσαι
3110 663 3315 737 νοητῶν
3342 663 3623 737 καρπῶν,

2026 764 2260 826 ἐκτενῶς
2292 780 2373 818 σοι
2395 763 2521 826 τοὺς
2549 760 2753 833 ὕμνους
2788 758 3222 830 ἀναπέμψουσιν.

2059 859 2163 924 Εἰς
2192 857 2257 911 τὸ
2290 856 2461 922 τέλος
2480 853 2603 923 ᾠδὴ
2648 854 2965 909 ΨΑΔΜΟΥ
2990 850 3399 918 ἀναστάσεως.
3428 848 3571 905 ΞΕ.

2659 945 2982 1011 Ὑπόθεσις.

2027 1040 2139 1112 Τὴν
2168 1040 2358 1110 κλῆσιν
2389 1038 2500 1092 τῶν
2533 1037 2703 1092 ἐθνῶν
2734 1036 2822 1092 διὰ
2848 1035 2941 1090 τοῦ
2966 1034 3230 1107 παρόντος
3260 1032 3477 1105 ψαλμοῦ
3501 1049 3623 1088 κα-

2096 1129 2443 1202 τασημαίνει,
2491 1130 2588 1185 καὶ
2636 1130 2735 1202 τὴν
2771 1129 3070 1184 ἀνάστασιν
3099 1129 3199 1202 τὴν
3227 1128 3621 1199 γενησομένην

2098 1221 2207 1275 τῶν
2230 1221 2415 1295 ψυχῶν
2437 1221 2615 1276 αὐτῶν
2637 1220 3069 1290 εὐαγγελίζεται,
3104 1218 3247 1275 κατά
3275 1219 3336 1274 τὸ
3371 1220 3495 1292 είρη
3505 1218 3623 1290 μέ-

2104 1329 2194 1367 νον
2211 1330 2226 1345 ο
2270 1314 2333 1367 '0
2361 1311 2627 1368 ἀνιστῶν
2653 1312 2773 1367 ἀπὸ
2803 1311 2915 1389 γῆς
2946 1312 3204 1382 πτωχόν.
3236 1312 3346 1365 Καὶ
3381 1312 3488 1383 μὴν
3510 1312 3624 1365 καὶ

2100 1404 2208 1458 τῶν
2236 1405 2550 1460 ἀποστόλων
2579 1403 2822 1477 εἰσφέρει
2851 1403 2913 1458 τὸ
2951 1404 3242 1476 πρόσωπον
3261 1442 3277 1467 ,
3321 1401 3621 1457 διδασκὸνλ

2100 1514 2208 1550 των
2235 1497 2336 1552 ὅσα
2364 1497 2505 1570 ὑπὲρ
2532 1496 2625 1551 τοῦ
2647 1496 3001 1569 κηρύγματος
3018 1494 3315 1549 πεπόνθασι
3330 1494 3424 1549 τοῦ
3444 1495 3628 1563 εὐαγ-

2102 1585 2340 1655 γελικοῦ,
2373 1587 2467 1641 καὶ
2500 1587 2620 1640 ὅσαι
2651 1586 2856 1657 θλίψεις
2875 1587 2952 1650 είς
2992 1583 3242 1649 αἰωνίους
3271 1584 3624 1656 εὐφροσύνας

2103 1677 2370 1749 ἐξήγαγον
2386 1678 2603 1742 αὐτούς.
2630 1679 2750 1732 Ἔτι
2786 1677 2891 1751 μὴν
2924 1678 3019 1731 καὶ
3044 1675 3139 1731 τοῦ
3181 1678 3449 1732 Ἰουδαίων
3472 1677 3618 1732 λαοῦ

2107 1769 2431 1841 σημαίνεται
2462 1772 2495 1842 ή
2523 1769 2787 1841 ἀποϐολή.

2112 1887 2472 1954 Ἀλαλάξατε
2494 1886 2576 1953 τῷ
2598 1886 2720 1954 Θεῷ
2747 1885 2916 1941 πᾶσα
2941 1888 2981 1957 ἡ
3018 1884 3117 1956 γῆ,
3157 1884 3391 1955 ueritate
3416 1884 3495 1953 δὴ
3527 1883 3623 1951 τῷ

2032 1983 2273 2052 ὀνόματι
2305 1981 2514 2035 αὑτοῦ.
2557 1977 2897 2050 Ἀλαλαγμός
2919 1978 3075 2058 ,ἐστιν
3115 1978 3380 2042 ἐπινίκιος
3415 1976 3616 2049 ὕμνος,

2031 2075 2289 2147 ᾁδόμενος
2325 2072 2418 2127 ἐπὶ
2444 2071 2790 2126 πεπτωκόσιν
2820 2069 3054 2141 ἐχθροῖς.
3096 2070 3182 2134 Ὠς
3209 2066 3304 2125 οὖν
3328 2070 3621 2144 empqu

2031 2187 2138 2223 νων
2168 2168 2279 2222 τῶν
2310 2167 2585 2240 ἀρχόντων
2614 2164 2709 2219 τοῦ
2740 2163 2934 2228 αἰῶνος
2960 2162 3173 2228 τούτου,
3208 2164 3296 2219 διὰ
3333 2164 3433 2235 τῆς
3463 2180 3620 2235 παρ-

2033 2260 2222 2323 ουσίας
2247 2258 2489 2331 δηλονότι
2521 2255 2780 2324 Χριστοῦ,
2823 2256 3001 2310 πάντα
3032 2256 3102 2311 τὰ
3120 2256 3247 2328 ἔθνη
3272 2256 3400 2320 τοὺς
3436 2257 3621 2310 ἐπινι-

2034 2353 2186 2416 κίους
2216 2351 2417 2423 ὕμνους
2446 2349 2791 2420 ἀναπέμπειν
2847 2347 3333 2419 παρακελεύονται.
3383 2349 3620 2403 Εἴπατε

2033 2442 2115 2510 τῷ
2144 2443 2296 2509 Quir
2344 2443 2441 2508 Ὠς
2489 2439 2713 2510 φοϐερὰ
2736 2439 2808 2494 τὰ
2834 2439 2979 2510 ἔργα
3002 2456 3138 2495 σου.
3167 2440 3278 2494 Καὶ
3315 2443 3441 2493 ποῖα
3468 2439 3617 2511 ἔργα

2032 2536 2068 2608 ἢ
2093 2536 2190 2599 τὰς
2218 2534 2544 2606 θεοσημείας
2573 2535 2728 2606 φησὶ,
2755 2533 2850 2588 καὶ
2867 2533 2928 2587 τὸ
2954 2533 3195 2587 ἐκποδὼν
3221 2532 3471 2604 γενέσθαι
3496 2532 3616 2587 τῶν

2034 2630 2360 2701 ἀκαθάρτων
2396 2626 2663 2698 δαιμόνων
2683 2625 2751 2680 τά
2781 2625 2959 2698 πλήθη
2984 2643 2999 2692 ;
3023 2628 3132 2685 ,Ἐν
3153 2625 3233 2693 τῷ
3257 2625 3472 2694 πλήθει
3495 2624 3616 2693 τῆς

2034 2720 2343 2791 δυνάμεώς
2367 2734 2482 2774 σου
2516 2718 2852 2787 ψεύσονται
2881 2733 2956 2772 σε
2984 2720 3035 2772 oi
3075 2718 3275 2786 ἐχθροί
3321 2732 3457 2772 σου.
3492 2716 3615 2786 Τῆς

2048 2815 2313 2869 Ἰουδαίων
2336 2810 2679 2883 ἀποπληξίας
2711 2808 2943 2865 ἐνταῦθα
2985 2810 3318 2881 κατηγορεῖς,
3358 2807 3434 2873 ὡς
3472 2807 3615 2880 μηδὲ.

2034 2907 2144 2963 τῶν
2167 2906 2457 2978 θαυμάτων
2483 2906 2579 2976 τῆς
2603 2902 2907 2975 ὑπερϐολῆς
2933 2900 3376 2975 παρενεγκούσης
3414 2901 3615 2965 αὐτοὺς

358 2978 579 3035 etiamsi
625 2980 867 3051 ingentia
905 2998 1004 3053 per
1048 2991 1102 3038 te
1130 2981 1276 3037 edita
1316 2981 1473 3052 signa
1514 2989 1980 3066 conspexerant,(

2071 3001 2116 3064 ίς
2146 2998 2208 3053 τὸ
2257 2996 2558 3052 πείθεσθαι.
2596 2994 2773 3052 Πᾶσα
2810 2996 2848 3064 ἡ
2888 2993 2964 3065 γῆ
3006 2990 3615 3063 προσκυνησάτωσάν

358 3072 569 3127 mentiti
617 3084 799 3130 tamen
831 3084 959 3130 sunt
982 3075 1102 3131 tibi.
1152 3075 1223 3130 At
1243 3089 1434 3130 eorum
1476 3073 1598 3130 loco
1638 3082 1690 3128 te
1737 3074 1935 3129 adora-

358 3160 443 3218 tit
467 3164 711 3219 omnium
738 3166 979 3235 gentium
1004 3151 1323 3223 multitudo.

431 3469 488 3524 5.
535 3467 716 3525 Venite
765 3478 817 3525 st
872 3470 1043 3526 videte
1072 3487 1233 3542 apera
1264 3470 1382 3526 Dei.
1424 3472 1814 3543 Apostolorum
1847 3473 1938 3530 hic

358 3575 648 3634 personam
678 3562 919 3631 inducit,
966 3564 1061 3634 qui
1084 3573 1271 3637 gentes
1301 3565 1533 3633 docent,
1581 3580 1708 3621 eum
1747 3564 1841 3635 qui
1879 3565 1936 3620 in

359 3670 464 3711 suo
489 3655 788 3711 secundum
814 3670 1036 3713 carnem
1075 3657 1313 3713 adventu
1342 3658 1528 3713 divina
1556 3657 1714 3728 signa
1743 3657 1933 3724 edidit,

357 3744 541 3816 ipsum
583 3760 709 3802 esse
748 3747 844 3818 qui
884 3747 1132 3803 Rubrcum
1182 3750 1312 3804 olim
1344 3765 1497 3805 mare
1527 3748 1857 3812 exsiccavit,
1885 3757 1940 3805 et

360 3833 457 3907 qui
502 3835 761 3894 Iordanis
790 3837 992 3894 ﬂuenta
1020 3841 1248 3908 divisit,
1285 3853 1342 3897 ut
1373 3840 1468 3897 lilii
1495 3839 1666 3897 Israel
1708 3839 1938 3911 pedibus

360 3927 819 3984 transmitterem.

431 4128 484 4184 6.
522 4126 629 4195 Qui
655 4130 909 4184 convertit
937 4145 1082 4183 mare
1108 4129 1161 4183 in
1195 4130 1428 4185 aridam.
1462 4130 1701 4201 Hujusce
1735 4132 1814 4187 rei
1852 4148 1939 4187 ar-

360 4231 680 4294 gumentum
714 4231 799 4277 est
829 4221 977 4292 quod
1005 4221 1133 4276 olim
1161 4229 1373 4292 gestum
1410 4222 1534 4287 fuit,
1550 4239 1677 4279 cum
1712 4239 1940 4293 conver-

2039 3109 2138 3148 σοι
2168 3090 2266 3146 καί
2294 3088 2670 3160 ψαλάτωσάν
2695 3102 2814 3142 σοι.
2863 3088 3079 3158 Ἐπειδὴ
3140 3086 3414 3152 Ἰουδαῖοι,
3450 3085 3607 3158 φησὶ,

2037 3183 2215 3238 καίτοι
2269 3170 2571 3253 ὑπερϐολὰς
2614 3178 2851 3250 ὁρῶντες
2898 3179 3281 3250 πραττομένας
3342 3177 3606 3250 σημείων,

2036 3272 2379 3345 ἐψεύσθησαν
2407 3287 2511 3325 σοι.
2550 3269 2693 3324 Ἀλλ’
2721 3263 2816 3323 οὖν
2841 3270 2956 3325 ἀντ’
2985 3269 3207 3324 ἐκείνων
3242 3270 3610 3342 προσκυνήσει

2039 3379 2119 3416 σοι
2146 3362 2297 3415 πᾶσα
2314 3358 2424 3414 τῶν
2454 3358 2622 3413 ἐθνῶν
2648 3359 2681 3429 ὴ
2717 3356 2945 3423 πληθύς.

2106 3471 2284 3527 Δεῦτε
2315 3470 2413 3525 καὶ
2441 3469 2596 3523 ἴδετε
2621 3470 2694 3522 τὰ
2721 3467 2865 3538 ἔργα
2891 3467 3000 3522 τοῦ
3030 3467 3202 3523 Θεοῦ.
3233 3466 3356 3520 Τῶν
3379 3467 3611 3521 ἀποστό-

2036 3564 2143 3618 λων
2169 3561 2401 3619 ἐνταῦθα
2429 3560 2710 3628 εἰσάγεται
2736 3559 2798 3612 τὸ
2820 3559 3132 3631 πρόσωπον,
3153 3546 3507 3614 διδασκόντων
3538 3558 3611 3614 τὰ

2036 3655 2188 3727 ἔθνη,
2213 3655 2290 3718 ὡς
2320 3654 2428 3725 ἄρα
2452 3651 2617 3716 αὐτὸς
2652 3644 2805 3715 οὗτος
2832 3652 2861 3704 ὁ
2893 3652 2951 3705 ἐν
2987 3653 3055 3724 τῇ
3103 3650 3243 3706 κατά
3267 3650 3444 3723 σάρκα
3468 3668 3609 3723 παρ-

2036 3748 2194 3819 ουσίᾳ
2222 3746 2322 3810 τὰς
2354 3742 2681 3817 θεοσημείας
2720 3740 3088 3814 ἐργαζόμενος
3117 3743 3281 3807 αὐτός
3308 3744 3423 3797 ἐστι
3450 3744 3541 3797 καὶ
3575 3744 3607 3797 ὁ

2037 3839 2206 3894 πάλαι
2232 3838 2333 3909 τὴν
2372 3834 2637 3908 Ἐρυθρὰν
2667 3833 2907 3907 ξηράνας
2929 3833 3221 3899 θάλασσαν,
3256 3834 3353 3889 καὶ
3383 3835 3485 3908 μὴν
3510 3837 3606 3889 καὶ

2034 3929 2131 3984 τοῦ
2173 3924 2436 4002 Ἰορδάνου
2467 3923 2715 3996 ποταμοῦ
2774 3924 3053 3994 ἀνακύψας
3109 3924 3179 3979 τὰ
3228 3924 3491 3997 ῥεύματα,
3529 3925 3607 3991 ὼς

2039 4022 2163 4078 ποδὶ
2192 4018 2481 4093 παρελθεῖν
2511 4017 2637 4082 τοὺς
2660 4016 2811 4082 υἱοὺς
2849 4017 3085 4088 Ἰσραήλ.

2123 4125 2176 4181 '0
2200 4126 2627 4197 μεταστρέφων
2647 4128 2763 4196 τὴν
2791 4126 3114 4184 θάλασσαν
3135 4129 3223 4195 εὶς
3256 4128 3465 4198 ξηράν.
3497 4128 3607 4183 Καὶ

2036 4220 2229 4275 τούτου
2252 4219 2527 4285 ἀπόδειξις
2558 4220 2627 4274 τὰ
2655 4220 2757 4292 ἤδη
2784 4220 3072 4292 γενόμενα,
3108 4222 3257 4285 ὅπως
3288 4220 3385 4292 τὴν
3416 4219 3608 4275 θάλασ-

360 4312 427 4367 tit
465 4327 615 4367 mare
659 4312 715 4366 in
749 4312 981 4368 aridam.
1041 4310 1120 4369 Ita
1153 4311 1520 4385 Symmachus
1552 4314 1671 4370 ait:
1710 4314 1937 4372 Mutavit
1970 4360 1980 4387 ,

2071 4332 2140 4368 ἀν
2172 4313 2466 4387 μετέϐαλεν
2514 4316 2595 4379 είς
2646 4314 2837 4387 ξηράν.
2871 4314 3168 4386 Σύμμαχος
3222 4314 3395 4379 οὕτως
3425 4314 3567 4384 λέγει
3590 4333 3604 4347 ·

360 4420 509 4459 mare
539 4405 597 4459 in
642 4405 889 4459 aridam:
928 4406 1125 4476 ﬂumen
1161 4408 1586 4475 pertransierunl
1634 4406 1782 4477 pede.
1837 4408 1936 4466 Hic
1970 4405 1980 4417 ’

2071 4406 2340 4464 Ιετέὄαλε
2379 4409 2704 4464 θάλασσαν
2739 4410 2828 4475 είς
2857 4407 3079 4477 ξηρῶν
3129 4406 3398 4478 ποταμὸν
3422 4406 3607 4477 διέϐη·

360 4497 531 4562 enim,
567 4496 767 4567 inquit,
803 4496 949 4553 Deus
978 4507 1063 4553 est
1091 4497 1186 4568 qui
1210 4498 1443 4553 reditum
1467 4498 1625 4554 nobis
1644 4501 1932 4569 concessit,

360 4597 415 4642 ct
446 4587 676 4643 salutem
718 4587 904 4642 dedit:
935 4588 1027 4658 qui
1061 4588 1191 4643 olim
1219 4604 1372 4644 mare
1413 4598 1466 4645 et
1494 4590 1693 4647 ﬂumen
1729 4594 1932 4662 divisit,

359 4685 414 4731 et
444 4690 676 4747 proavos
704 4687 925 4733 nostros
949 4678 1155 4749 absque
1180 4680 1425 4749 periculo
1456 4681 1706 4753 trajicere
1747 4684 1932 4755 jussit.

359 4764 447 4820 lbi
474 4763 781 4822 lwlabimur
824 4767 880 4821 in
901 4766 1038 4835 ipso.
1075 4766 1236 4835 illud,
1293 4769 1390 4836 ibi,
1440 4778 1656 4843 tempus
1704 4773 1929 4829 indicat.

355 4857 452 4916 Ait
488 4855 846 4929 igiturzouo
894 4866 1136 4929 tempore
1194 4860 1285 4916 ille
1316 4861 1374 4916 in
1412 4879 1615 4920 novum
1671 4867 1930 4922 saeculum

362 4950 648 5020 regnabit,
697 4966 799 5006 nos
829 4965 940 5006 una
964 4966 1091 5006 cum
1122 4951 1242 5023 ipso
1271 4956 1623 5026 regnabimus
1651 4968 1706 5013 et
1740 4957 1930 5013 inetia-

360 5043 453 5098 bili
483 5042 686 5113 gaudio
710 5040 1124 5112 perfundemur.

2040 4516 2162 4556 σαν
2209 4499 2369 4555 ποδί.
2430 4495 2599 4565 Οὗτος
2651 4499 2761 4572 γάρ
2803 4502 2951 4553 ἐστιν
2979 4501 3008 4553 ό
3057 4498 3210 4563 Θεὸς,
3243 4499 3428 4572 φησὶν,
3459 4500 3487 4552 ὁ
3513 4501 3607 4554 καὶ

2040 4595 2171 4664 ἡμῖν
2197 4593 2294 4665 τὴν
2320 4592 2575 4646 ἐπάνοδον
2604 4592 2699 4647 καὶ
2734 4594 2866 4663 ήμῖν
2894 4590 3166 4661 σωτηρίαν
3190 4590 3521 4664 δωρούμενος
3539 4607 3554 4622 ·
3576 4592 3608 4644 ό

2041 4684 2206 4738 πάλαι
2238 4685 2334 4738 καὶ
2353 4684 2622 4755 θάλατταν
2645 4684 2739 4738 καὶ
2765 4684 3005 4754 ποταμὸν
3029 4683 3344 4755 διαστήσας,
3372 4684 3605 4750 καὶτοὺς

2038 4774 2339 4847 ἡμετέρους
2375 4773 2675 4846 προγόνους
2711 4773 3007 4838 ἀκινδύνως
3040 4773 3292 4846 διαϐῆναι
3326 4772 3600 4839 κελεύσας.

2050 4862 2212 4918 Ἐκεῖ
2235 4864 2768 4933 εὐφρανθησόμεθα
2814 4863 2906 4918 ἐπ’
2938 4864 3119 4931 αὐτῷ.
3154 4864 3227 4917 Τὸ
3268 4862 3397 4919 ἐκεῖ
3418 4864 3606 4935 χρόνου

2038 4957 2156 5009 ἐστὶ
2190 4954 2542 5027 σημαντικόν.
2603 4956 2761 5026 Λέγει
2798 4951 2914 5022 οὖν,
2948 4958 3031 5011 ὅτι
3083 4955 3224 5012 κατὰ
3278 4956 3371 5011 τὸν
3420 4957 3607 5027 καφὸν

2030 5048 2237 5102 ἐκεῖνον
2273 5044 2395 5100 καθ’
2419 5045 2478 5100 δν
2511 5043 2604 5099 τοῦ
2630 5037 2756 5101 νέου
2791 5046 2987 5113 αἰῶνος
3019 5047 3348 5119 βασιλεύσει,
3368 5049 3481 5103 ἐκεῖ
3507 5048 3605 5102 σὺν

360 5136 509 5207 αὐτῷ
553 5136 1075 5210 συμϐασιλεύσομεν,
1119 5144 1211 5197 καὶ
1236 5145 1302 5216 τῇ
1338 5147 1480 5218 χαρᾷ
1505 5148 1570 5217 τῇ
1606 5144 1954 5216 ἀνεκλαλήτῳ
1983 5141 2495 5216 εὐφρανθησόμεθα.

430 5249 485 5305 7.
529 5248 686 5305 Oculi
710 5251 824 5321 ejus
860 5262 1015 5325 super
1050 5268 1225 5325 gentes
1258 5261 1544 5329 respiciunt
1569 5259 1702 5331 (29).
1752 5257 1931 5314 Inten-

366 5348 455 5397 tus
481 5350 567 5397 est
590 5344 869 5413 omnibus,
906 5349 1091 5405 omnia
1118 5362 1267 5422 gesta
1298 5353 1517 5422 inspicit
1548 5362 1603 5409 et
1629 5352 1925 5409 examinat.

442 5455 485 5487 ¹⁸
519 5452 663 5510 Psal.
692 5471 825 5523 ειη,
854 5458 907 5514 7.

2102 5260 2168 5312 Ol
2191 5257 2486 5325 ὀφθαλμοὶ
2542 5256 2729 5311 αὑτοῦ
2775 5257 2876 5312 ἐπὶ
2902 5257 2974 5314 τὰ
3009 5259 3153 5328 ἔθνη
3191 5260 3598 5320 ἐπιϐλέπουσι.

2036 5353 2179 5407 Πᾶσι
2216 5350 2496 5421 προσέχει,
2530 5352 2623 5406 καὶ
2652 5351 2831 5407 πάντα
2858 5352 3104 5418 ἐξετάζει
3124 5355 3191 5409 τὰ
3221 5355 3503 5427 γενόμενα.
3534 5359 3599 5411 Oi

444 5551 558 5622 (28)
588 5549 739 5622 Quae
782 5553 943 5609 habet
973 5556 1267 5618 Corderius
1288 5560 1361 5617 ad
1406 5561 1550 5618 hunc
1591 5561 1774 5618 locum
1813 5572 1939 5619 sunt
1978 5562 2267 5622 Theodori.

444 5557 537 5618 (28
609 5557 739 5618 Quae
782 5557 943 5609 habet
973 5557 1189 5613 Corderi

442 5557 558 5696 (29;
585 5620 710 5680 H-nc
740 5634 867 5681 sunt
900 5624 1189 5684 Theodori.
