3786 6278
140 299 247 357 ξω
1024 330 1027 333 λ
1274 307 1634 367 EXPOSITIO
1673 309 1741 367 IN
1776 312 2109 373 PSALMUM
2152 316 2313 400 LXV.

140 416 749 485 παραπικραίνωτες
761 416 841 488 μὴ
863 418 1273 487 ὐψούσθωσαν
1285 423 1355 475 ἑνν
1369 424 1618 492 ἑαυτοῖς.
1639 427 1707 481 Κι

1852 426 1957 492 Qui
1976 441 2290 501 exasperant
2322 449 2424 488 non
2452 435 2754 491 excitentur
2780 438 2834 492 in
2862 439 3177 511 semetipsis.
3204 441 3408 515 Ecqui-

143 511 289 571 τίνες
315 507 388 562 ἂν
420 502 544 561 εἷεν
597 509 648 561 οί
684 509 1211 581 παραπικραίνοντες
1248 511 1448 585 ἢ“περὶ
1487 508 1562 567 ὧν
1592 516 1707 589 εῐρη

1849 531 1974 571 nam
2010 516 2211 574 fuerint
2250 521 2289 575 ii
2315 523 2409 590 qui
2435 536 2792 596 exasperant,
2839 530 2947 585 nisi
2987 502 3055 587 de
3082 502 3406 603 quibus.di-

140 616 227 650 ται
253 638 272 661 ,
315 596 422 652 Υἱὲ
443 596 796 687 ἀνθρώπου,
818 599 1136 669 πορεύθητι
1152 601 1300 670 πρὸς
1323 603 1430 657 τὸν
1452 600 1620 659 οἷκον
1637 605 1707 661 τὰ

1847 607 2023 663 citur:
2058 609 2170 665 Fili
2192 613 2448 679 hominis,
2485 616 2613 670 vade
2643 617 2713 671 ad
2758 619 2973 675 domum
3009 596 3405 695 exasperantent
3468 668 3471 677 .

141 689 721 758 :zapaztxpalrorta'
737 705 846 759 με;
876 690 984 745 Καὶ
1005 690 1132 761 μὴν
1157 694 1604 764 παρεπίκραναν
1629 697 1706 751 αὐ

1844 715 1925 755 me
1956 701 2039 756 “?
2078 702 2146 758 Et
2181 704 2314 760 illud
2344 723 2359 761 :
2390 705 2462 760 Et
2498 710 2936 766 exacerbaverunt
2975 730 3091 769 eum
3134 689 3190 772 in
3232 719 3405 775 deser-

142 780 243 834 τὸν
272 780 350 834 ἐν
370 778 463 848 τῇ
484 778 693 849 ἐρήμῳ
710 798 725 813 ·
757 781 852 834 καὶ
875 780 1036 835 πάλιν
1054 800 1067 811 ·
1106 782 1203 851 Μὴ
1230 786 1612 854 σκληρύνητε
1633 787 1707 842 τὰ

1845 801 1898 847 to
1932 795 1976 826 ιτ
2010 813 2025 849 :
2073 805 2128 851 et
2166 812 2384 854 rursum
2428 817 2459 893 τί
2502 799 2685 857 Nolite
2721 802 2983 859 obdurare
3036 810 3197 864 corda
3229 821 3402 868 vestra

142 869 396 938 καρδίας
433 869 620 939 ὑμῶν
641 870 725 937 ὡς
750 871 821 925 ἐν
839 870 921 937 τῷ
963 874 1453 946 παραπικρασμῷ.

1842 887 1980 941 sicut
2014 888 2069 941 in
2098 869 2499 946 exacerbatione
2533 893 2598 950 "'.

205 960 582 1031 Εὐλογεῖτε,
612 964 781 1033 ἔθνη,
806 963 914 1017 τὸν
942 965 1109 1019 Θεόν.
1137 967 1343 1032 Πάντες
1366 967 1423 1022 δὲ
1446 969 1586 1024 κατὰ
1615 988 1707 1025 ται

1909 976 1964 1031 8.
2000 976 2319 1050 Benedicite,
2370 993 2565 1053 gentes,
2592 985 2758 1040 Deum
2789 1001 3044 1047 nostrum.
3095 991 3297 1053 Omnes
3346 996 3404 1054 in

141 1052 225 1104 τὸν
250 1053 587 1124 γενόμενοι,
627 1052 830 1125 μᾶλλον
876 1054 1040 1109 αὐτὸν
1085 1056 1356 1110 ἐπαινεῖτε
1403 1059 1496 1112 καὶ
1524 1058 1707 1131 θαυμά

1840 1082 2010 1124 unum
2034 1071 2205 1127 coacti
2236 1052 2414 1144 ipsum
2439 1075 2653 1132 laudate
2679 1090 2745 1134 ac
2769 1082 3051 1151 suspicite.

168 1161 278 1199 ετε.

140 1144 346 1305 ζἮῗοῦ
379 1234 662 1303 θεμένου
687 1235 802 1305 τὴν
821 1236 1168 1308 Ψυχήνμου
1194 1240 1280 1305 εὶς
1302 1236 1470 1307 ζωήν.
1490 1241 1736 1313 Εὐφραν-

137 1323 376 1393 Θήσομαι
430 1323 495 1377 δὲ
528 1327 595 1378 ἐν
632 1327 749 1389 τοῖς
794 1325 1055 1390 τοιούτοις
1108 1326 1449 1397 Θαυμασίοις,
1509 1331 1603 1383 καὶ
1656 1329 1734 1401 τῷ

134 1413 298 1466 ταῦτα
337 1414 716 1486 πεποιηκότι,
749 1417 830 1483 ὃς,
861 1417 957 1471 ἅτε
1004 1419 1278 1489 Δεσπότης
1302 1419 1397 1473 καὶ
1426 1420 1603 1475 πάντα
1640 1423 1735 1490 ἐφ-

1913 1221 1987 1295 [9.
2008 1224 2113 1290 Qui
2132 1227 2306 1294 posuit
2319 1229 2551 1283 animam
2570 1246 2737 1285 meam
2760 1234 2830 1286 ad
2845 1235 3026 1289 vitam.
3054 1236 3311 1297 Gaudebo
3336 1241 3403 1298 de

1843 1312 2157 1383 huiusmodi
2197 1315 2560 1385 mirabilibus,
2587 1318 2763 1390 deque
2802 1337 2992 1377 eorum
3022 1326 3253 1395 opiﬁee:
3281 1330 3401 1400 qui,

1840 1413 2025 1475 utpote
2051 1406 2315 1463 Dominus
2364 1411 2718 1484 omniumque
2745 1413 3045 1486 inspector,
3074 1419 3143 1474 de
3171 1423 3402 1480 terrenis

3301 281 3581 387 290'

133 1504 291 1576 ορῶν,
325 1505 631 1578 διάκρισιν
661 1509 893 1561 ποιεῖται
911 1508 1020 1563 τῶν
1051 1509 1143 1562 ἐπὶ
1161 1509 1286 1580 γῆς,
1311 1510 1405 1564 καὶ
1434 1509 1728 1582 τιμωρίαις

133 1598 461 1669 περιϐάλλει
496 1600 634 1664 τοὺς
663 1599 935 1666 ἀναξίους.
981 1600 1320 1673 Ὀφθαλμοὺς
1344 1603 1472 1667 τοὺς
1499 1603 1733 1657 ἀποστό-

132 1690 249 1754 λους
278 1689 505 1763 λέγειο]

199 1783 332 1836 Ὅτε
361 1782 758 1853 ἐδοκίμασας
781 1782 960 1854 ἡμᾶς,
994 1786 1170 1851 Θεὸς,
1209 1785 1526 1855 ἐπύρωσας
1556 1788 1732 1858 ἡμᾶς.
1768 1785 1811 1842 Β

136 1874 235 1938 Τὰς
258 1874 497 1945 θλίψεις
531 1874 639 1939 τὰς
666 1876 1038 1947 γενησομένας
1068 1876 1159 1931 διὰ
1198 1877 1260 1931 τὸ
1308 1879 1571 1951 κήρυγμα
1616 1884 1731 1945 τοῖς

135 1966 465 2029 ἀποστόλοις
494 1968 887 2037 προαναφωνεϊ
907 1967 969 2019 τὸ
999 1965 1222 2038 Πνεῦμα
1253 1967 1315 2021 τὸ
1356 1971 1731 2041 προφητικόνο

136 2061 192 2111 ὲκ
234 2056 565 2130 προσώπου
598 2056 780 2112 αὐτῶν
838 2057 1138 2127 καταλέγον
1194 2060 1419 2125 καὶτὰς
1472 2062 1727 2131 παγίδας,

136 2150 244 2221 ἦτοι
272 2149 352 2204 τὰ
389 2150 780 2221 δεσμωτήρια,
807 2149 935 2214 τούς
988 2166 1047 2202 τε
1100 2152 1441 2223 πειρασμοὺς
1466 2154 1595 2217 τοὺς
1642 2153 1731 2207 διὰ

138 2239 299 2311 πυρὸς
321 2239 429 2294 καὶ
465 2239 670 2304 ὓδατος
699 2239 1117 2311 κατασημαίνει.

195 2330 660 2398 Εἰσελεύσομαι
681 2331 771 2397 είς
796 2329 905 2384 τὸν
933 2324 1103 2384 οἶκόν
1130 2345 1248 2387 σου
1285 2331 1356 2387 ἐν
1394 2334 1729 2388 ὁλοκαυτώ-

131 2434 300 2487 patre.
328 2416 445 2471 Τὸν
487 2419 815 2488 ἐπουράνιον
846 2418 1085 2490 δηλονότι
1109 2437 1125 2452 σ
1171 2421 1324 2484 ὅλους
1369 2420 1479 2493 γὰρ
1504 2422 1733 2487 ἑαυτοὺς

137 2508 414 2579 ἀνέθηκαν
457 2509 542 2580 τῷ
574 2509 693 2581 Θεῷ
722 2511 779 2564 ὲν
829 2510 976 2577 τάξει
1011 2513 1495 2585 ὁλοκαυτωμάτων.
1545 2513 1730 2586 [Ὀλο-

137 2601 472 2673 καιηὼμασι
512 2601 570 2655 δὲ
600 2605 835 2672 νοητοῖς.
874 2603 1034 2658 Ἀλλά
1055 2605 1124 2659 τὰ
1169 2605 1266 2677 μὲν
1305 2605 1408 2671 σά,
1435 2605 1590 2679 φησὶ,
1627 2606 1727 2660 Δέ-

140 2706 334 2755 σποτα,
368 2689 637 2745 τοιαῧτω
669 2692 738 2746 τά
759 2692 819 2746 δὲ
844 2693 1111 2766 ἡμέτερα,
1145 2694 1209 2747 τὸ
1235 2692 1326 2749 οἷα
1351 2695 1615 2750 εἰσελθεῖν
1646 2695 1729 2760 εἰς

136 2782 223 2836 τὸν
256 2781 395 2835 ναὸν
421 2781 525 2835 καὶ
549 2780 710 2834 οὖσαί
735 2798 818 2836 σοι
849 2785 1198 2856 χαριστήρια,
1236 2784 1298 2837 τὸ
1324 2784 1455 2838 αὐτὸ
1496 2784 1552 2839 δὲ
1580 2784 1727 2855 λέγει

137 2870 437 2925 διέστειλε
459 2869 558 2923 καὶ
585 2868 833 2942 ἐλάλησε.
860 2870 1028 2926 Τοῦτο
1050 2871 1107 2925 δὲ
1137 2871 1284 2941 λέγει
1308 2873 1406 2926 ὅσα
1429 2873 1725 2949 ηὐξάμην.]

149 2961 471 3017 Ἇποδώσω
504 2976 606 3016 σοι
632 2962 739 3028 τὰς
765 2960 951 3031 εὐχάς
971 2976 1113 3031 μου.
1152 2964 1219 3015 ’Ἀ
1248 2963 1520 3036 ηὐξάμην,
1568 2968 1722 3039 φησὶ,

141 3054 467 3125 θλιϐόμενος
500 3052 767 3107 ἀποδώσω
795 3069 899 3107 σοι.
932 3053 1196 3125 Ηύξάμην
1236 3055 1313 3121 δὲ,
1346 3056 1422 3120 ὡς
1468 3057 1570 3128 τῆς
1608 3059 1724 3113 θλί-

138 3144 283 3213 ψεως
314 3146 421 3215 τῆς
451 3143 976 3216 παρούσηςερυσθεὶς
1001 3145 1291 3211 διαπαντὸς
1310 3147 1617 3219 ἀναπέμψω
1641 3168 1703 3205 σο

140 3236 235 3298 τὰς
264 3234 533 3297 αἱνέσεις.

218 3323 723 3394 ὀλοκαυτώματα
755 3327 1193 3395 μεμυαιωμένα
1215 3327 1445 3383 ἀνοίσω
1475 3345 1595 3387 σοι.
1640 3332 1696 3386 '0
1709 3361 1724 3372 -

144 3417 281 3471 τόσα
309 3433 397 3469 σοι
415 3415 750 3487 προσφέρειν
778 3415 1134 3488 προσέταξας,
1159 3416 1388 3489 ἱερεύσω
1407 3419 1720 3491 προθύμως.

143 3504 598 3576 Ηεμυαλωμένα
634 3505 691 3559 δὲ
717 3504 955 3577 κέκληκε
998 3505 1067 3560 τά
1099 3507 1347 3579 εὐτραφῆ
1401 3510 1496 3563 καὶ
1527 3511 1718 3565 πίονα·

144 3598 279 3651 οὕτω
314 3596 432 3674 γάρ
460 3597 556 3650 καὶ
583 3597 610 3650 ὁ
639 3597 803 3668 νόμος
832 3599 1163 3670 προσφέρειν
1188 3598 1474 3657 ἐκέλευσεν
1515 3603 1723 3674 ἀμωμά

144 3705 199 3742 τε
223 3689 327 3742 καὶ
354 3671 548 3760 ἄρτια.
612 3688 913 3761 Ἐπαρᾶται
942 3689 999 3742 δὲ
1037 3690 1130 3744 καὶ
1158 3692 1186 3744 ό
1215 3691 1500 3763 προφήτης
1531 3671 1721 3746 Μαλα-

145 3781 259 3851 χίας
284 3785 404 3845 τοῖς
434 3784 508 3836 τά
538 3780 759 3835 τοιαῦτα
790 3782 889 3852 μὲν
915 3781 1152 3854 ἔχουσιν,
1180 3784 1439 3857 ἀνάπηρα
1460 3785 1517 3839 δὲ
1548 3802 1719 3857 προσ-

145 3875 417 3947 φέρουσιν.
444 3873 593 3946 Αὕτη
637 3874 695 3928 δὲ
733 3876 828 3929 καὶ
877 3874 956 3945 τῷ
981 3875 1120 3931 Κάῖν
1140 3876 1357 3946 ἐγένετο
1394 3878 1502 3931 τῶν
1530 3878 1718 3933 κακῶν

141 3966 358 4019 usin
384 3967 422 4037 ή
447 3966 613 4037 ἀρχή.
629 3965 1000 4038 Διδασκόμεθα
1018 3966 1075 4021 δὲ
1100 3969 1194 4022 καὶ
1210 3971 1373 4040 ήμεῖς
1394 3972 1507 4033 τοῖς
1520 3987 1716 4041 τιμιω-

142 4054 311 4125 τέροις
336 4047 418 4109 ὧν
459 4054 657 4126 ἔχομεν
695 4055 757 4109 τὸ
807 4056 947 4110 θεῖον
998 4058 1293 4130 γεραίρειν.
1346 4060 1587 4115 Ἂνοίσω
1617 4076 1716 4116 σοι

137 4145 284 4212 βόας
295 4143 460 4215 μετὰ
479 4143 764 4214 χιμάρων.
790 4146 1141 4217 Πνευματικά
1159 4147 1217 4201 δὲ
1238 4148 1433 4215 πάντα,
1458 4146 1533 4214 ὡς
1555 4148 1712 4222 ἔφην,

143 4238 227 4290 καὶ
251 4236 322 4291 τά
355 4234 792 4308 ὁλοκαυτώματα
811 4239 905 4291 καὶ
932 4239 982 4292 oi
1011 4238 1133 4311 βόες
1156 4242 1251 4294 καὶ
1273 4242 1320 4294 oi
1352 4240 1598 4313 χίμαροι,
1620 4242 1714 4308 οὓς

142 4333 437 4387 ἀωδώσειν
462 4331 883 4401 ἐπαγγέλλεται.

198 4424 398 4489 Δεῦτε,
439 4423 544 4477 καὶ
574 4422 893 4488 ἀκούσατε,
927 4422 1025 4476 καὶ
1050 4422 1426 4494 διηγήσομαι.
1456 4426 1565 4479 Καὶ
1589 4426 1710 4479 τίνα

1738 4471 1785 4531 D

1839 1500 2099 1556 discernit
2126 1509 2181 1557 et
2203 1502 2434 1572 judicat,
2465 1504 2822 1579 indignosque
2850 1509 3103 1567 homines
3124 1514 3402 1584 suppliciis

1838 1592 2215 1649 circumvenit.
2239 1594 2439 1652 Oculos
2461 1612 2620 1655 vocat
2641 1601 2967 1676 apostolos.]

1912 1747 1998 1804 10.
2033 1748 2294 1816 Quoniam
2317 1754 2555 1823 probasti
2574 1772 2692 1823 nos,
2730 1756 2894 1827 Deus,
2929 1761 3047 1831 igne
3079 1779 3173 1819 nos
3200 1765 3404 1823 exami-

1836 1842 2014 1907 nasti,
2062 1852 2168 1899 etc.
2229 1841 2527 1901 Erumnas
2562 1849 2824 1918 apostolis
2859 1850 2930 1904 ob
2963 1853 3399 1922 prmdicationcm

1832 1933 2047 1990 futuras
2074 1937 2404 2005 praenuntiat
2437 1938 2675 2008 Spiritus
2715 1943 3108 2012 propheticus:
3146 1958 3309 2019 atque
3333 1964 3399 2004 ex

1832 2039 2065 2095 persona
2103 2041 2296 2082 eorum
2344 2040 2591 2086 recenset
2634 2031 2897 2103 laqueos,
2954 2036 3070 2093 sive
3114 2054 3397 2109 carceres;

1833 2118 2267 2190 tenta‘tionesque
2305 2136 2404 2191 per
2436 2121 2617 2193 ignem
2648 2132 2702 2181 et
2734 2141 2932 2196 aquam
2964 2129 3235 2200 signiﬁcat
3261 2133 3406 2206 (50).-

1900 2287 1987 2343 15.
2019 2286 2261 2343 Introibo
2293 2291 2349 2344 in
2386 2291 2603 2349 domum
2642 2302 2785 2349 tuam
2814 2298 2871 2350 in
2897 2298 3240 2357 holocaustis.
3274 2304 3397 2360 Cm-

1828 2377 2016 2434 lestem
2041 2380 2332 2436 videlicet:
2364 2397 2489 2436 nam
2518 2399 2577 2439 se
2611 2393 2757 2439 totos
2789 2385 2900 2442 Deo
2940 2403 3039 2444 ceu
3073 2390 3395 2450 holocausm

1828 2470 2161 2526 obtulerunt.
2212 2470 2579 2543 [llolocaustis
2607 2476 2816 2533 scilicet
2841 2479 3240 2548 spiritualibus.
3288 2482 3392 2539 Sed

1828 2574 1950 2631 quae
1976 2568 2066 2615 tua
2101 2570 2268 2628 sunt,
2301 2561 2921 2635 Domine,-hujusmodi
2954 2587 2968 2624 :
3003 2578 3190 2641 nostra
3212 2582 3393 2627 autem

1826 2652 2053 2720 isthmc,
2105 2652 2317 2724 ingredl
2369 2653 2425 2709 in
2472 2656 2731 2726 templum
2782 2658 2991 2729 tibique
3023 2661 3305 2719 immolare
3335 2663 3392 2719 in

1826 2744 2118 2814 gratiarum
2148 2745 2448 2814 actionem,
2489 2746 2727 2819 idipsum
2766 2759 2945 2806 autem
2985 2752 3254 2823 signiﬁcat
3279 2756 3395 2809 dis-

1828 2837 2095 2891 tinxerunt
2128 2837 2293 2909 (labia
2334 2838 2472 2910 mea)
2513 2849 2678 2911 atque
2720 2841 2899 2897 locuta
2948 2854 3093 2901 sunt.
3120 2844 3266 2912 llaec,
3307 2847 3395 2901 in-

1825 2928 1963 2998 quit,
1990 2938 2243 2998 precatus
2275 2929 2445 3004 sum.]
2464 2929 2700 2985 Reddam
2723 2934 2817 2988 tibi
2847 2944 2966 2990 vota
2994 2952 3126 2990 mea.
3152 2935 3391 2993 Reddam

1824 3019 1945 3085 tibi,
1987 3020 2184 3091 inquit,
2224 3037 2289 3076 ea
2318 3038 2441 3092 quae
2470 3022 2590 3077 vovi
2618 3022 2747 3079 dum
2786 3024 2841 3079 in
2873 3026 3179 3083 calamitate
3201 3044 3393 3085 versa-

1708 3129 1791 3205 ιο
1824 3126 1932 3166 rer.
1967 3110 2102 3167 Vovi
2126 3122 2308 3169 autem
2334 3130 2456 3183 me,
2487 3132 2612 3173 cum
2649 3119 3003 3188 praesentibus
3041 3121 3301 3176 :erumnis
3324 3122 3391 3177 li-

1821 3203 2044 3259 beratus
2073 3220 2188 3272 ero,
2216 3206 2408 3263 laudes
2435 3223 2648 3280 semper
2672 3208 3007 3265 redditurum
3046 3212 3168 3268 tibi.

1891 3296 1981 3352 i5.
2016 3296 2347 3355 Holocausta
2382 3291 2671 3356 medullata
2700 3303 2921 3373 oﬁ‘eram
2953 3305 3070 3359 tibi.
3132 3303 3264 3371 Quae
3304 3303 3389 3360 of-

1821 3389 1948 3444 ferri
1972 3389 2072 3444 tibi
2094 3390 2309 3461 jussisti
2340 3393 2934 3454 alacriterinunolaho.
2966 3394 3268 3451 Medullata
3295 3411 3388 3451 au-

1817 3490 1925 3537 tem
1951 3526 1966 3550 ,
2019 3498 2205 3538 crassa
2243 3495 2299 3540 et
2330 3485 2554 3556 pinguia
2593 3497 2783 3554 vocat;
2829 3488 2902 3541 ita
2935 3487 3081 3541 enim
3113 3488 3196 3543 lex
3221 3487 3385 3558 jussit

1818 3573 2001 3629 oﬂerri
2034 3574 2385 3629 immaculata
2416 3577 2482 3630 et
2517 3575 2778 3646 perfecta.
2828 3576 3161 3632 Exsecratur
3200 3588 3384 3632 autem

1816 3664 2110 3722 Malachias
2154 3667 2416 3738 propheta
2443 3681 2537 3722 eos
2567 3668 2660 3737 qui
2694 3682 2817 3723 cum
2844 3667 2971 3723 talia
2998 3682 3165 3738 penes
3200 3682 3260 3724 se
3285 3667 3383 3723 ha-

1814 3756 1998 3822 beant,
2043 3757 2235 3812 mutila
2268 3756 2504 3813 offerunt
2529 3758 2592 3811 ³ο.
2636 3757 2750 3814 Hoc
2800 3758 2980 3830 ipsum
3032 3758 3163 3815 olim
3209 3757 3385 3814 Cainc

1814 3846 1917 3904 fuit
1937 3847 2207 3903 malorum
2245 3849 2551 3906 exordium.
2615 3848 2726 3906 Nos
2770 3860 2953 3905 autem
2993 3851 3287 3906 edocemur
3316 3866 3382 3907 ea

1812 3956 1935 4012 qua:
1962 3941 2286 4011 pretiosiora
2322 3952 2451 3997 sunt
2485 3942 2699 3998 numini
2744 3942 2959 3998 oﬂ'crre.
3013 3940 3246 4012 Olferam
3282 3941 3381 3998 tibi

1814 4034 1963 4088 boues
1997 4049 2116 4087 cum
2158 4033 2342 4090 hircis.
2398 4032 2716 4114 Spiritualia
2740 4037 2926 4090 omnia
2959 4042 3121 4100 sunt,
3183 4042 3241 4088 ut
3263 4033 3378 4103 jam

1810 4126 1946 4192 dixi,
1976 4126 2293 4184 holocausta
2312 4168 2328 4197 ,
2364 4127 2566 4199 boves,
2599 4128 2778 4196 hirci,
2809 4142 2949 4200 quos
2976 4127 3286 4181 oblaturum
3320 4139 3381 4181 se

1810 4217 2119 4291 pollicetur.

1881 4420 1970 4478 l6.
2011 4417 2212 4484 Venite,
2242 4428 2291 4473 et
2323 4417 2522 4483 audite,
2547 4388 2598 4468 et
2621 4413 2865 4469 narrabo.
2900 4413 3085 4485 Ecqua
3116 4415 3222 4471 alia
3248 4430 3379 4472 nar-

139 4516 289 4589 ἔτερα
313 4516 597 4588 διηγεῖται
620 4513 663 4585 ᾗ
682 4512 720 4568 ἃ
752 4513 965 4584 φθάσας
989 4514 1311 4587 ἐξηγήσατο,
1332 4516 1415 4583 τὸ,
1447 4518 1530 4570 ὅτι
1564 4517 1707 4572 Ἐδο-

1834 4520 2033 4567 οιιιιουε
2063 4518 2169 4575 est,
2198 4508 2308 4563 nisi
2339 4522 2403 4562 ea
2426 4522 2548 4577 qua:
2572 4505 2827 4574 superius
2857 4506 3169 4574 enarravit,
3208 4506 3374 4565 nimi-

137 4606 395 4675 ιίμασας
428 4602 615 4674 ἡμᾶς,
643 4604 740 4677 καὶ
775 4603 845 4658 τὰ
869 4603 1069 4673 λοιπὰ;

209 4697 487 4753 Ἄδικιαν-
509 4698 565 4751 εί
589 4694 885 4769 ἐθεώρουν
920 4697 992 4750 ἐν
1038 4697 1252 4766 καρδίᾳ
1287 4716 1407 4769 μου
1429 4739 1445 4762 ,
1472 4698 1559 4769 μὴ
1584 4702 1708 4755 εισ-

137 4790 449 4847 σκουσάτω
468 4806 594 4861 μου
618 4789 852 4859 Κύριος.
886 4789 1070 4861 ᾜδειν
1099 4790 1175 4857 δὲ,
1200 4791 1280 4845 ὅτι
1311 4791 1409 4845 οὐκ
1437 4790 1524 4858 ἂν,
1571 4793 1704 4866 ἐμοῦ

138 4885 254 4955 περὶ
277 4882 504 4937 ἀδικίαν
533 4880 769 4952 ἔχοντος,
796 4881 1025 4953 ἀκοῦσαί
1057 4898 1158 4953 μου
1192 4883 1292 4953 τῆς
1321 4885 1630 4957 προσευχῆς
1675 4886 1705 4940 ὁ

139 4973 254 5039 θεὸς
276 4975 565 5045 ἀνέχοιτο.
591 4974 849 5037 Ἀκύλας·
888 4973 1208 5045 Ἆνωφελές
1240 4974 1380 5029 ίδὼν
1404 4976 1474 5029 ἐν
1495 4978 1704 5046 καρδίᾳ

137 5084 259 5134 μου,
288 5068 407 5123 οὐκ
439 5068 865 5121 είσακούσεται
891 5066 1128 5135 Κύριος.
1151 5065 1409 5120 Βούλεται
1430 5066 1487 5120 δὲ
1508 5070 1700 5133 είπεῖν,

141 5160 228 5225 δτι,
251 5160 356 5225 τάς
400 5161 652 5232 αίτήσεις
682 5159 763 5231 τῷ
791 5158 909 5231 Θεῷ
958 5158 1272 5231 προσάγων,
1324 5159 1703 5232 ἐπεμελούμην

142 5249 220 5304 τοῦ
245 5252 579 5324 πρέποντος,
615 5249 773 5314 εἰδὼς
795 5292 811 5316 ,
837 5249 913 5314 ὡς
948 5249 1099 5304 οὐδέν
1157 5266 1248 5321 μοι
1303 5248 1404 5319 τῆς
1437 5250 1703 5320 αἰτήσεως

142 5339 335 5410 ὄφελος,
373 5343 449 5414 μὴ
476 5341 720 5396 ποιοῦντι
746 5340 817 5395 τὰ
848 5340 1053 5396 δέοντα.
1088 5341 1201 5395 Καὶ
1231 5340 1416 5412 ἕτερόν
1462 5359 1513 5395 τι
1564 5339 1699 5396 καις..

1813 4618 1933 4658 rum
1963 4620 1977 4656 :
2010 4598 2261 4654 Probain
2292 4613 2408 4663 nos,
2443 4596 2608 4661 Deus,
2635 4596 2780 4653 etc.?

1885 4692 1973 4749 18.
2008 4691 2348 4762 Iniquitatem
2371 4689 2418 4743 si
2444 4692 2626 4759 aspexi
2658 4688 2721 4765 in,
2739 4687 2896 4744 corde
2923 4704 3057 4755 meo,
3082 4706 3185 4744 non
3211 4705 3371 4746 exau-

1810 4789 1925 4842 diat
1952 4802 2031 4840 me
2062 4784 2341 4840 Dominus.
2374 4782 2623 4839 Sciebam
2648 4781 2923 4852 equidem,
2956 4781 3005 4837 si
3038 4796 3138 4854 ego
3170 4782 3371 4852 iniqui-

1808 4879 1905 4936 tati
1939 4880 2170 4934 haeream
2195 4917 2214 4946 ,
2253 4890 2367 4933 non
2392 4874 2791 4932 cxaudiendam
2819 4890 2850 4930 a
2881 4873 2993 4929 Deo
3031 4874 3148 4931 fore
3178 4874 3369 4944 depre-

1806 4974 2078 5029 cationem
2119 4985 2319 5027 meam.
2379 4969 2575 5041 Aquila
2605 4987 2622 5028 :
2652 4968 2853 5023 Inutile
2895 4967 3071 5023 videns
3115 4968 3172 5020 in
3214 4964 3367 5020 corde

1806 5081 1938 5130 meo,
1973 5080 2075 5118 non
2102 5064 2348 5118 exaudiet
2380 5060 2660 5116 Dominus.
2699 5059 2813 5115 Hoc
2838 5067 3031 5125 autem
3067 5058 3169 5113 sibi
3202 5056 3317 5112 vult
3345 5072 3362 5111 :

1802 5155 2095 5226 petitiones
2120 5152 2233 5209 Deo
2260 5151 2496 5217 offerens
2518 5194 2534 5218 ,
2566 5159 2628 5207 ut
2648 5149 2716 5206 de
2738 5148 2911 5220 probo
2940 5164 3004 5204 ac
3036 5148 3235 5223 decoro
3260 5161 3361 5203 cu-

1799 5263 1915 5304 rem
1952 5260 2176 5304 necesse
2221 5253 2327 5310 est,
2385 5258 2588 5316 gnarus
2636 5241 2773 5296 nihil
2813 5239 2949 5296 mihi
2993 5239 3245 5297 utilitatis
3294 5254 3364 5295 cn

1801 5339 2062 5411 petitione
2090 5337 2476 5404 o‘bventurum,
2507 5333 2611 5391 nisi
2636 5348 2758 5405 quae
2787 5330 2981 5389 decent
3024 5346 3201 5405 agam.
3233 5328 3364 5389 Glo-

201 5541 243 5573 "
278 5539 484 5598 Ezech.
513 5555 665 5610 των,
691 5540 746 5596 6.
828 5542 870 5573 ¹⁷
895 5540 1039 5597 Psal.
1079 5556 1285 5607 uxvu,
1314 5539 1403 5594 ιο.
1476 5540 1519 5573 ’⁸
1542 5538 1689 5597 Psal.

1834 5556 1861 5609 ν,
1897 5540 1953 5600 8.
2025 5543 2067 5576 ⁸³
2096 5540 2328 5597 Malach.
2357 5556 2396 5609 ι,
2420 5537 2474 5594 7.

200 5700 311 5775 (39)
339 5702 437 5762 llic
469 5706 580 5763 alia
618 5698 1093 5764 babet'Corderius
1115 5721 1237 5776 quae
1257 5714 1384 5762 sunt
1402 5704 1701 5787 Theodori.
