3786 6278
394 311 492 365 29!

1260 306 1315 361 S.
1356 303 1725 361 ATHANASII
1764 305 1910 361 OPP.
1952 303 2130 360 PARS
2168 301 2342 361 HL—
2380 301 2788 361 EXEGETICA.

3527 307 3638 360 292

398 435 574 488 riatur
595 432 1001 503 quodammodo
1048 429 1190 499 apud
1221 428 1426 493 Deum,
1467 430 1613 498 quod
1653 439 1806 483 extra
1857 428 1961 482 ini-

2123 444 2213 499 ιμα
2234 427 2531 498 προσφέρει
2555 427 2630 496 τῷ
2655 426 2774 497 Θέῷ
2803 424 2865 478 τὸ
2892 423 2994 490 ἔξω
3028 423 3209 496 πάσης
3234 424 3445 489 ἀδικίας
3477 426 3637 494 γενέ-

399 524 661 592 quitatem
709 537 922 576 omnem
974 529 1253 584 versetur,
1314 522 1673 589 quamobrem
1720 535 1778 574 se
1807 534 1967 574 exau-

399 613 658 667 diendum
691 611 806 667 fore
838 611 1084 666 conlidit.

539 707 590 759 1.
633 703 702 760 In
741 705 920 774 ﬁnem,
967 701 1310 757 PSALMUS
1355 705 1409 756 in
1446 704 1676 770 hymnis,
1724 703 1827 771 ipsi

955 795 1148 848 David.
1193 794 1288 847 LX
1306 793 1402 848 VI.

988 888 1390 956 Argumentum.

398 981 639 1039 Rursum
678 982 770 1038 hic
813 983 1188 1052 apostolorum
1239 995 1528 1050 personam
1583 980 1810 1044 inducit,
1871 978 1966 1050 qui

466 1074 711 1128 doctrina
742 1084 930 1143 gentes
987 1072 1270 1135 imbuunt,
1308 1082 1360 1126 et
1395 1081 1587 1140 rogant
1640 1071 1855 1125 liberari
1900 1071 1966 1125 ab

467 1168 538 1223 iis
569 1169 660 1238 qui
693 1167 954 1223 doctrina:
982 1182 1094 1220 sua:
1121 1166 1524 1220 contradicunt.
1575 1163 1698 1235 [Hic
1723 1165 1966 1233 psalmus

466 1260 791 1331 praecedenti
821 1268 1220 1313 consentaneus
1247 1269 1330 1311 est
1371 1276 1384 1310 :
1437 1257 1651 1326 proprie
1681 1257 1824 1310 enim
1857 1257 1966 1325 agit

464 1349 530 1400 de
565 1346 940 1401 benedictione
969 1360 1273 1411 sacrorum,
1329 1354 1490 1414 atque
1537 1355 1645 1400 tota
1677 1360 1813 1414 pene
1843 1359 1966 1398 ora-

465 1438 541 1490 tio
568 1437 620 1490 in
647 1437 787 1490 libro
820 1434 1074 1491 iudicum
1104 1437 1270 1506 jacet.
1313 1439 1390 1490 Ac
1417 1437 1464 1490 si
1507 1437 1670 1504 igitur
1718 1435 1962 1489 futurum

463 1532 540 1586 sit
563 1539 622 1583 ut
645 1530 750 1584 hoc
775 1529 1011 1594 eveniat,
1046 1540 1334 1599 postquam
1369 1530 1603 1583 reditum
1635 1529 1963 1583 vaticinatus

463 1634 577 1690 cst,
619 1623 878 1692 praedicat
921 1623 1161 1677 divinam
1199 1623 1633 1677 incarnationem
1680 1631 1734 1676 et
1761 1623 1965 1676 adven-

464 1723 604 1779 tum,
633 1722 796 1782 alque
823 1713 1058 1768 futuram
1102 1714 1342 1784 gentium
1372 1715 1626 1768 salutem.
1665 1713 1964 1783 lnscriptus

467 1815 648 1860 autem
677 1814 779 1870 est,
813 1803 879 1858 In
911 1805 1139 1873 hymnis,
1177 1805 1305 1873 quia
1333 1804 1424 1859 Dei
1461 1815 1542 1860 cst
1571 1805 1787 1876 hymnis
1822 1805 1960 1857 cele-

465 1897 635 1963 brari,
676 1898 959 1952 hominum
996 1907 1176 1950 autem
1209 1906 1292 1950 est
1320 1897 1574 1951 laudibus
1598 1894 1833 1966 ornari.]

465 2076 520 2131 2.
561 2074 700 2130 Deus
738 2079 1042 2130 misereatur
1068 2075 1234 2128 nostri
1276 2083 1324 2128 el
1362 2074 1630 2128 benedicat
1661 2073 1829 2137 nobis,
1852 2082 1957 2126 etc.

395 2168 591 2232 Tuam,
627 2168 825 2236 inquit,
854 2167 1262 2220 miserationem
1295 2166 1671 2227 obsecramus,
1712 2165 1957 2228 Domine,

392 2271 760 2327 rogamnsque
802 2263 862 2308 ut
903 2255 1165 2309 exhibeas
1213 2256 1422 2308 vultum
1474 2263 1626 2308 tuum
1659 2255 1850 2317 nobis,
1902 2263 1961 2307 ut

392 2347 535 2402 viam
568 2345 742 2400 sancti
771 2343 1050 2413 Evangelii
1081 2345 1156 2398 tui
1192 2347 1444 2414 gentibus
1479 2344 1734 2398 omnibus
1772 2345 1961 2413 prtedi-

391 2453 518 2492 care
559 2436 852 2505 possimus.
919 2433 1166 2488 Saluture
1213 2437 1398 2501 enim,
1456 2436 1627 2504 ipsius
1668 2418 1956 2488 adventum

394 2529 595 2598 ubique
622 2528 909 2597 signiﬁcat.

462 2619 516 2671 4.
549 2620 913 2686 Conﬁteantur
947 2617 1040 2670 tibi
1067 2617 1266 2686 populi,
1305 2613 1463 2668 Deus.
1510 2613 1761 2669 Prmdicit
1803 2615 1958 2670 Chrio

391 2712 462 2765 sti
497 2710 893 2764 confessionem
921 2709 988 2764 ab
1017 2709 1272 2762 omnibus
1306 2707 1558 2778 gentibus
1603 2708 1956 2763 emittendam

392 2803 530 2857 fore.
561 2802 825 2856 Lwtentur
857 2813 904 2855 et
929 2802 1187 2856 exsultent
1219 2809 1410 2870 gentes.
1448 2799 1582 2853 Cum
1609 2802 1957 2870 propheticus

393 2893 630 2965 Spiritus
657 2897 722 2950 de
749 2895 921 2950 salute
949 2895 1097 2949 orbis
1131 2907 1476 2962 summopere
1502 2891 1817 2960 delectetur,
1849 2897 1958 2966 ple-

391 3004 623 3056 rumque
652 2988 839 3041 eadem
873 2989 986 3055 ipsa
1021 2986 1233 3056 repetit,
1258 3000 1325 3040 ex
1353 2983 1621 3054 frequenti
1643 2988 1955 3044 narratione

391 3081 591 3152 gaudio
620 3080 864 3135 affectus.

464 3173 515 3228 6.
551 3172 913 3241 Conﬁteantur
939 3171 1032 3224 tibi
1057 3169 1256 3240 populi,
1287 3167 1447 3235 Deus,
1479 3170 1830 3239 conﬁteantur
1859 3173 1952 3226 tibi

389 3268 571 3340 populi
605 3283 778 3321 omnes
805 3266 937 3334 (51).
988 3263 1105 3318 Non
1151 3265 1268 3318 sine
1299 3279 1464 3318 causa
1502 3263 1730 3333 repetit,
1779 3264 1870 3318 sed
1897 3274 1956 3319 ut

390 3328 686 3415 alacriores
730 3328 922 3412 reddat
971 3355 1266 3409 auditores.
1326 3352 1489 3407 Terra
1538 3328 1681 3407 dedit
1722 3355 1955 3423 fructum
1983 3328 2022 3384 ο

392 3466 571 3504 suum.
629 3447 940 3518 Spiritualis
987 3446 1256 3500 videlicet.
1316 3443 1546 3499 Fructus
1598 3453 1778 3499 autem
1830 3456 1958 3500 sunt

391 3544 509 3613 ejus
544 3543 596 3597 in
623 3543 823 3612 pietate
847 3537 1145 3608 profectus.

459 3719 847 3792 [Conﬁteantur
890 3719 984 3771 tibi
1034 3717 1236 3788 papuli,
1289 3717 1450 3772 Deus.
1485 3716 1953 3785 Quemadmodum

386 3810 472 3865 bis
495 3820 681 3881 gentes
723 3809 789 3863 ad
839 3809 1072 3880 hymnos
1123 3809 1494 3863 concinendos
1546 3809 1837 3872 excitavit,
1878 3807 1953 3861 ita

385 3901 471 3956 bis
503 3901 651 3970 ipsas
679 3899 746 3953 ad
772 3899 1205 3954 benedictionem
1235 3899 1484 3969 quaesivit
1516 3918 1528 3953 :
1564 3915 1687 3953 cum
1723 3898 1807 3952 bis
1846 3899 1954 3953 sci-

385 3994 514 4047 licet
554 4008 673 4045 eam
717 3991 1150 4045 benedictionem
1181 3991 1502 4060 accepisset.
1553 3993 1660 4044 Aut
1695 3990 1822 4060 quia
1849 3990 1952 4044 illa:

384 4084 761 4140 benedictione
788 4083 1002 4152 repletae
1023 4098 1129 4136 non
1164 4083 1416 4152 ignorant
1451 4081 1618 4136 Deum
1665 4081 1757 4150 qui
1787 4096 1951 4151 super

385 4177 571 4231 omnia
607 4185 722 4239 est,
767 4176 859 4230 sed
898 4175 1278 4230 dulcissimum
1324 4175 1429 4244 ipsi
1468 4175 1702 4228 oﬂ‘erunt
1735 4174 1949 4243 pietatis

384 4270 622 4326 fructum
655 4289 668 4324 :
697 4285 858 4338 quem
911 4268 957 4322 si
1007 4268 1102 4322 tibi
1160 4268 1451 4321 offeramus
1478 4308 1492 4328 ,
1546 4267 1599 4320 id
1625 4276 1708 4320 est
1735 4267 1948 4321 virtutis

386 4363 622 4418 studium
671 4371 1017 4425 accuratum,
1073 4374 1100 4412 a
1143 4369 1194 4414 te
1246 4359 1675 4414 benedictionem
1719 4358 1948 4428 accipie-

385 4453 553 4525 mus.]

457 4545 762 4618 {Benedicta
811 4562 902 4599 nos
947 4544 1103 4599 Deus.
1161 4542 1454 4599 Sciendum
1486 4543 1739 4598 homines
1773 4542 1943 4596 Deum

383 4637 784 4700 benedicentes,
814 4637 914 4705 ipsi
943 4637 1107 4690 verba
1136 4637 1312 4690 solum
1346 4635 1586 4704 proferre
1607 4674 1621 4699 ,
1665 4635 1757 4690 sed
1783 4648 1945 4704 Opere

382 4729 488 4799 ipsi
526 4728 784 4783 beneﬁcia
813 4728 1122 4796 impendere
1159 4743 1264 4782 non
1305 4743 1486 4797 posse.
1525 4729 1595 4781 At
1632 4727 1776 4782 Deus
1818 4743 1942 4782 cum

382 4819 656 4877 benedicit
678 4857 692 4883 ,
730 4819 987 4889 operibus
1022 4817 1182 4872 verba
1212 4819 1535 4883 conlirmat,
1585 4833 1650 4873 ac
1673 4817 1940 4872 bonorum

384 4916 627 4967 omnium
696 4912 904 4980 copiam
962 4913 1031 4967 iis
1084 4911 1282 4981 quibus
1333 4910 1602 4965 benedicit
1653 4911 1936 4982 elargitur.

382 5003 585 5059 Deinde
600 5002 758 5057 docet
793 4999 1118 5072 quomodo.]

534 5098 585 5148 1.
659 5093 726 5148 1η
777 5094 966 5164 ﬁnem,
1018 5090 1357 5146 PSALMUS
1403 5092 1631 5156 cantici,
1683 5094 1783 5161 ipsi

919 5183 1111 5238 David.
1169 5182 1263 5235 LX
1281 5182 1410 5237 VII.

960 5277 1361 5346 Argumentum.

380 5369 434 5421 In
465 5370 568 5423 hoc
594 5370 804 5438 psalmo
843 5371 1132 5424 adventum
1166 5367 1375 5420 Domini
1414 5366 1700 5437 signiﬁcat,
1728 5381 1937 5422 necnon

447 5461 808 5528 spiritualium
837 5461 1074 5515 hostium
1105 5461 1498 5530 depulsionem,
1533 5459 1938 5528 spiritualisquc

445 5554 772 5623 captivitatis
809 5554 1153 5608 solutionem.
1199 5551 1365 5608 Docet
1393 5551 1614 5621 insuper
1664 5565 1722 5606 se
1757 5553 1932 5622 ipsum

444 5719 557 5792 (5i)
597 5720 651 5775 in
679 5719 746 5776 Β.
781 5737 862 5786 ιιι,
902 5719 1016 5775 haec
1040 5719 1294 5773 dicuntur
1321 5716 1666 5774 Theodoreti.

2075 519 2224 571 σθαι’
2260 518 2339 570 διὸ
2365 519 2457 570 καὶ
2483 518 2858 570 είσακούεσθαι
2887 517 3099 589 θαρρεῖ.

2067 703 2171 767 Εἰς
2197 700 2265 754 τὸ
2290 699 2484 766 τέλος,
2513 700 2582 752 ἐν
2606 699 2814 769 ὕμνοις
2834 698 3154 762 ΨΑΛΜΟΣ,
3175 697 3253 764 τῷ
3277 697 3473 752 Δαυΐδ.
3492 698 3640 766 EG".

2264 804 2277 828 Ι
2693 831 2707 849 ⁸
2720 831 3025 896 Υπὸθεσις.

2067 967 2234 1022 Πάλιν
2259 965 2534 1020 κάνταῦθα
2555 966 2661 1019 τῶν
2688 967 2999 1020 ἀποστόλων
3028 966 3087 1018 τὸ
3113 967 3404 1038 πρόσωπον
3425 968 3646 1036 είσάγευ

2135 1075 2223 1111 ται
2245 1099 2259 1119 ,
2290 1057 2632 1111 διδασκαλίαν
2666 1057 2984 1127 ποιούμενον
3035 1058 3142 1110 τῶν
3188 1057 3356 1110 ἐθνῶν
3381 1099 3395 1122 ,
3432 1060 3644 1130 ρυσθῆ-

2138 1149 2228 1201 ναί
2285 1166 2344 1200 τε
2398 1149 2687 1219 εὐχόμενον
2715 1149 2823 1200 τῶν
2856 1148 3242 1216 ἀντιλεγόντων
3287 1152 3352 1219 τῇ
3385 1149 3644 1202 διδασκαο

2133 1240 2223 1312 λίᾳ
2255 1242 2451 1294 αὐτῶν.
2499 1240 2520 1312 [
2555 1240 2871 1304 Ἀκόλουθος
2896 1241 2988 1294 καὶ
3017 1236 3169 1304 οὗτος
3195 1240 3270 1310 τῷ
3301 1241 3405 1312 πρὸ
3437 1242 3600 1294 αὐτοῦ
3623 1259 3637 1269 ’

2138 1334 2332 1403 ἰδίωμα
2358 1334 2466 1405 γὰρ
2492 1334 2603 1404 ἔχει
2624 1335 2724 1404 τῆς
2745 1333 2851 1387 τῶν
2877 1335 3034 1405 ἱερῶν
3056 1334 3324 1402 εὐλογίας,
3347 1335 3440 1386 καὶ
3462 1338 3645 1388 κεῖται

2136 1430 2193 1480 ἐν
2231 1430 2341 1491 τοίς
2372 1431 2600 1498 Κριταίς
2627 1429 2659 1498 ἠ
2685 1427 2818 1498 εὐχὴ
2853 1429 2999 1480 πᾶσα
3026 1427 3228 1498 σχεδόν.
3275 1429 3362 1490 Ὠς
3390 1423 3480 1480 οὖν
3511 1427 3644 1497 μέλι-

2135 1519 2315 1582 λοντος
2363 1521 2457 1573 καὶ
2510 1519 2700 1572 τούτου
2744 1518 2988 1586 γίνεσθαι
3013 1559 3027 1582 ,
3084 1518 3221 1587 μετὰ
3248 1519 3346 1587 τὴν
3379 1518 3644 1571 ἐπάνοδον

2140 1611 2516 1683 προεφητεύθη
2537 1653 2551 1676 ,
2597 1611 2854 1682 κηρύττει
2898 1610 2955 1663 δὲ
2995 1610 3089 1663 καὶ
3116 1610 3213 1680 τὴν
3241 1610 3390 1662 θείαν
3423 1609 3642 1678 ἀνθρώ-

2133 1718 2298 1770 πησιν
2334 1703 2425 1754 καὶ
2469 1702 2805 1769 ἐπιφάνειαν,
2843 1701 2938 1754 καί
2980 1701 3076 1770 τὴν
3120 1701 3228 1752 τῶν
3261 1699 3430 1752 ἐθνῶν
3464 1717 3646 1769 σωτηο

2140 1797 2279 1866 ρίαν.
2326 1797 2421 1848 Ἐν
2449 1796 2657 1865 ὕμνοις
2683 1796 2739 1848 δὲ
2765 1794 3204 1866 ἐπιγέγραπται,
3254 1794 3376 1845 ἐπεὶ
3409 1793 3542 1846 Θεοῦ
3575 1794 3646 1846 τὸ

2136 1887 2453 1958 ὑμνεῖσθαι,
2496 1887 2799 1959 ἀνθρώπων
2825 1888 2882 1941 δὲ
2913 1887 2975 1940 τὸ
3001 1887 3066 1940 δι’
3093 1887 3327 1940 ἐπαίνων
3361 1887 3647 1957 ἐγκωμιά..

1994 1969 2037 2027 Β
2134 1980 2340 2044 ζεσθαι.
2361 1979 2381 2050 ]

2149 2071 2203 2121 '0
2276 2070 2418 2136 Θεὸς
2490 2069 2850 2139 οἰκτειρήσω
2909 2070 3066 2139 ἡμᾶς
3134 2070 3233 2123 καὶ
3309 2070 3644 2142 εὐλογῆσαι

2066 2160 2242 2230 ἡμᾶς.
2276 2162 2394 2214 Τῶν
2430 2161 2536 2214 σῶν
2561 2163 2857 2232 οἰκτιρμῶν
2883 2162 3112 2232 δεόμεθα
3131 2202 3144 2226 ,
3177 2163 3307 2233 φησὶ
3327 2202 3341 2225 ,
3368 2163 3640 2224 Δέσποτα,

2065 2253 2156 2306 καὶ
2184 2252 2285 2323 τῆς
2315 2255 2631 2322 ἐπιφανείας
2654 2253 2747 2305 τοῦ
2789 2253 3080 2326 προσώπου
3112 2270 3227 2317 σου,
3298 2256 3431 2327 πρὸς
3457 2255 3516 2309 τό
3543 2255 3643 2309 δύο

2065 2342 2257 2396 νασθαι
2303 2345 2538 2416 φανερὰν
2578 2346 2679 2415 τὴν
2714 2345 2834 2399 ὁδὸν
2863 2345 2953 2397 τού
2982 2345 3136 2413 ἁγίου
3168 2363 3259 2399 σου
3306 2347 3639 2417 Εὐαγγελίου

2066 2436 2199 2487 πᾶσι
2232 2438 2342 2498 τοῖς
2388 2435 2563 2488 ἔθνεσι
2602 2436 2853 2506 κηρύξαι.
2897 2435 3195 2505 Σωτήρων
3222 2437 3331 2509 γὰρ
3359 2440 3646 2510 πανταχοῦ

2063 2527 2160 2595 τὴν
2191 2528 2491 2598 παρουσίαν
2519 2528 2683 2582 αὐτοῦ
2715 2545 2901 2600 φησιν.

2150 2619 2846 2690 Ἐξομολογησάσθωσάν
2863 2637 2959 2676 σοι
2989 2623 3146 2686 λαοὶ,
3171 2626 3202 2676 ό
3231 2623 3391 2688 Θεός.
3412 2623 3644 2677 Πάντων

2061 2711 2168 2764 τῶν
2213 2712 2382 2765 ἐθνῶν
2433 2712 2528 2783 τὴν
2559 2714 2638 2776 εἰς
2683 2714 2916 2784 Χριστὸν
2947 2715 3234 2785 ὁμολογίαν
3281 2717 3635 2787 προφητεύει.

2062 2805 2584 2875 Εὐφρανθήτωσαν
2607 2806 2705 2859 καὶ
2733 2791 3240 2875 ἀγαλλιάσθωσαν
3273 2810 3436 2878 ἔθνη.
3481 2811 3642 2864 Ἡδο-

2064 2913 2224 2968 μενον
2281 2897 2342 2950 τὸ
2402 2898 2737 2968 προφητικὸν
2805 2900 3032 2977 Πνεῦμα
3093 2905 3156 2972 τῇ
3228 2903 3468 2975 σωτηρίᾳ
3531 2905 3644 2976 τῆς

2060 2989 2418 3060 οἰκουμένης,
2469 2989 2726 3054 πολλάκις
2771 2991 2836 3044 τὰ
2877 2992 3013 3044 αὐτὰ
3046 2993 3358 3062 φθέγγεται,
3392 2998 3457 3066 τῇ
3503 3012 3640 3050 συν-

2059 3086 2173 3154 εχεϊ
2205 3085 2448 3155 διηγήσει
2481 3084 2813 3156 εὐφροσύνης
2840 3085 3126 3140 ἀπολαῦον.

2143 3174 2838 3246 Ἔξομολογησάσθωσάν
2863 3193 2961 3229 σοι
2988 3178 3123 3231 λαοὶ
3151 3217 3166 3242 ,
3212 3181 3244 3232 ό
3307 3179 3449 3246 Θεὸς
3469 3220 3484 3245 ,
3528 3180 3639 3246 ἐξ-

2060 3263 2649 3334 ομολογησάσθωσάν
2685 3281 2782 3318 σοι
2825 3265 2962 3320 λαοὶ
3017 3266 3256 3332 πάντες.
3285 3267 3396 3338 Οὐχ
3446 3268 3643 3334 ἁπλῶς

2055 3356 2151 3426 τὴν
2183 3354 2531 3424 ταυτολογίαν
2558 3355 2830 3420 τέθεικεν,
2861 3357 2996 3412 ἀλλὰ
3031 3358 3472 3431 προθυμοτέρους
3501 3362 3641 3424 τοὺς

2059 3445 2352 3508 ἀκούοντας
2381 3444 2761 3516 ἐργαζόμενος.
2794 3444 2883 3515 Γῆ
2924 3447 3108 3502 ἔδωκε
3133 3447 3242 3501 τὸν
3263 3450 3493 3518 καρπὸν
3519 3453 3639 3505 αὐ·-

2056 3538 2186 3605 τῆς.
2238 3536 2303 3589 Ἦ
2354 3536 2518 3608 νοητὴ
2541 3537 2801 3606 δηλονότι.
2866 3540 3092 3608 Καρπὸς
3127 3540 3184 3594 δὲ
3213 3542 3382 3612 αὐτῆς
3411 3543 3468 3596 αἱ
3504 3543 3639 3597 κατ’

2055 3625 2337 3679 εὐσέϐειαν
2366 3629 2660 3696 προκοπαί.

2117 3717 2136 3790 ι
2153 3719 2514 3791 Ἐξομολογη
2521 3721 2850 3777 σάσθωσάν
2859 3737 2956 3778 σοι
2969 3728 3021 3779 οἱ
3031 3725 3187 3791 λαοὶ,
3201 3729 3233 3781 ό
3247 3729 3407 3794 Θεός.
3417 3731 3636 3805 Ὠσπερ

2053 3809 2135 3873 δὶς
2155 3811 2222 3864 τὰ
2243 3811 2368 3882 ἔθνη
2397 3813 2533 3885 πρὸς
2555 3814 2825 3885 ὑμνῳδίαν
2851 3815 3141 3888 διήγειρεν,
3170 3819 3310 3873 οὕτω
3334 3821 3415 3885 δίς
3441 3823 3638 3890 αὐτοῖς

2053 3903 2152 3973 τὴν
2188 3903 2433 3973 εὐλογίαν
2477 3904 2768 3978 ἐζήτησεν·
2806 3908 3183 3964 ἀπολαύσαντα
3235 3912 3476 3983 δηλονότι
3528 3918 3636 3970 καὶ

2052 3993 2221 4064 αὐτῆς
2250 3995 2520 4064 εὐλογίας.
2553 3999 2623 4050 Ἦ
2648 4000 2730 4051 ὅτι
2758 4001 2879 4052 ἐπεὶ
2911 4002 3010 4054 οὐκ
3041 4002 3325 4071 ἀγνοοῦσιν
3356 4008 3404 4059 οἱ
3441 4007 3498 4073 ἐξ
3528 4008 3633 4062 αὐ.

2051 4084 2149 4156 τῆς
2189 4085 2278 4139 τὸν
2311 4090 2404 4142 ἐπὶ⁵
2450 4090 2667 4144 πάντων
2697 4093 2854 4157 Θεὸν,
2904 4094 3040 4148 ἀλλὰ
3087 4096 3177 4150 τὸν
3227 4099 3442 4168 ἥδιστον
3473 4101 3632 4174 αὐτῷ

2051 4178 2414 4250 προσφέρουσι
2438 4183 2536 4252 τῆς
2567 4183 2843 4249 εὐσεϐείας
2872 4187 3081 4258 καρπόν
3099 4206 3113 4219 ·
3148 4189 3207 4243 δν
3237 4193 3285 4244 εί
3317 4193 3629 4265 προσφέρο-

2051 4271 2152 4341 μέν
2185 4289 2300 4338 σοι,
2336 4275 2454 4344 ἦτοι
2479 4275 2576 4347 τὴν
2601 4278 2700 4348 τῆς
2730 4279 2928 4351 ἀρετῆς
2961 4282 3301 4354 ἐπιτήδευσιν
3321 4325 3336 4350 ,
3371 4287 3634 4357 εὐλογούο

2050 4363 2189 4434 μεθα
2217 4365 2366 4436 παρὰ
2395 4367 2535 4439 σού]

2119 4546 2486 4619 [Εὐλογήσαι
2522 4552 2678 4622 ἡμᾶς
2706 4556 2739 4607 δ
2765 4554 2928 4618 Θεός.
2970 4555 3177 4611 Εἰδέναι
3205 4558 3303 4629 μὲν
3328 4564 3624 4636 προσήκει,

2049 4638 2500 4710 ὡς,ἐύλογοῦντες
2519 4645 2614 4698 ἄνθ
2623 4662 2789 4714 ρωποι
2815 4646 2904 4700 τὸν
2915 4646 3064 4714 Θεὸν,
3081 4648 3269 4718 λόγους
3288 4653 3434 4726 αὐτῷ
3458 4673 3628 4728 προσ·

2051 4733 2272 4804 φέρουσι
2321 4736 2512 4806 μόνους
2537 4775 2552 4798 ,
2603 4736 2746 4807 ἔργῳ
2769 4737 2825 4790 δέ
2857 4739 3018 4793 αὐτὸν
3048 4741 3398 4812 εὐεργετῆσαι
3426 4745 3485 4799 οὐ
3523 4747 3621 4801 δύ-

2049 4842 2256 4880 νανται.
2332 4828 2387 4880 Ὀ
2416 4827 2474 4878 δέ
2501 4827 2630 4891 Θεὸς
2656 4869 2670 4892 ,
2713 4829 2948 4899 εὐλογῶν
2969 4872 2983 4895 ,
3023 4834 3228 4904 βεϐαιοῖ
3263 4839 3388 4900 τοὺς
3425 4838 3625 4907 λόγους

2047 4915 2124 4985 τῷ
2155 4917 2319 4987 ἔργῳ,
2348 4919 2440 4971 καὶ
2461 4919 2811 4974 παντοδαπῶν
2835 4925 3054 4992 ἀγαθῶν
3079 4929 3301 5000 παρέχει
3325 4932 3433 4994 τοῖς
3459 4930 3621 4984 εὐλο-

2046 5010 2328 5089 γουμένοις
2363 5011 2552 5082 φοράν.
2585 5007 2715 5066 Εἶτα
2739 5013 2977 5070 διδάσκει
3001 5018 3134 5082 πῶς.
3160 5017 3179 5090 ]

2099 5149 2201 5210 Εἰς
2231 5149 2295 5199 τὸ
2322 5152 2511 5214 τέλος,
2553 5149 2658 5218 τῆς
2683 5149 2843 5219 ᾠδῆς
2873 5153 3052 5207 Δαυῒδ
3087 5156 3408 5210 ΨΑΛΜΟΣ.
3442 5156 3541 5212 ΞΖ
3548 5165 3586 5213 ’.

2669 5260 2986 5329 ’Υπόθεσις.

2053 5371 2140 5423 Ἐν
2173 5370 2342 5441 τούτῳ
2369 5371 2446 5443 τῷ
2472 5372 2670 5446 ψαλμῷ
2694 5375 2791 5446 τὴν
2824 5377 3123 5446 παρουσίαν
3151 5377 3243 5431 τοῦ
3270 5378 3474 5450 Κυρίου
3516 5397 3619 5451 ση-

2119 5462 2327 5532 μαίνει,
2374 5467 2468 5518 καὶ
2507 5469 2614 5521 τῶν
2646 5467 2849 5538 νοητῶν
2895 5467 3103 5540 ἐχθρῶν
3132 5469 3480 5542 καθαίρεσιν,
3515 5473 3618 5525 καὶ

2115 5553 2214 5624 τῆς
2235 5556 2429 5627 νοητῆς
2454 5558 2823 5629 αἰχμαλωσίας
2851 5559 2947 5630 τὴν
2967 5560 3240 5614 ἀπόλυσιν.
3270 5562 3388 5615 Ἔτι
3411 5579 3475 5630 γε
3501 5562 3617 5634 μὴν
