3786 6278
108 309 207 365 293

175 517 420 590 Ἰσραὴλ
464 517 525 583 ἐξ
569 517 847 586 Αἰγύπτου
886 516 1190 587 ἐξαγαγών.
1224 519 1366 589 Πρὸς
1397 518 1455 571 δὲ
1484 517 1711 583 τούτοις,

166 601 625 681 ὑποδεξαμένοις
651 611 713 665 τὸ
752 611 1034 682 κήρυγμα,
1062 609 1375 681 Πνεύματος
1396 609 1550 678 ἁγίου
1574 608 1716 662 δόσιν

169 703 621 774 ἐπαγγέλλεται.
658 704 771 757 Καὶ
793 703 898 774 μὴν
919 704 1144 766 καὶτοῖς
1169 701 1484 764 ἀποστόλοις
1508 700 1716 770 εἰσάγει

168 797 550 868 παράκλησιν
574 836 590 863 ,
627 799 693 849 ὲκ
728 796 908 867 πάσης
943 795 1172 865 θλίψεως
1204 794 1424 863 ῥύεσθαι
1449 794 1717 862 ἐπαγγελ-

167 891 438 960 λόμενος,
474 888 585 961 τῆς
612 891 912 961 γενομένης
944 888 1184 961 δηλονότι
1212 886 1300 941 διὰ
1335 887 1399 941 τὸ
1434 888 1712 958 κήρυγμα.

184 965 358 1036 ’Δλῖὰ
381 973 509 1055 μὴν
546 984 645 1036 καὶ
691 981 1043 1055 ἐπιστρέφειν
1070 981 1135 1033 ὲκ
1180 981 1287 1034 τῶν
1335 996 1715 1051 παραπικραι-

161 1066 372 1131 me
424 1076 779 1146 ὑπισχνεῖται
812 1074 1067 1140 πολλοὺς,
1099 1073 1194 1127 καὶ
1223 1073 1329 1145 μὴν
1361 1073 1455 1126 καὶ
1501 1074 1566 1125 ὲκ
1608 1072 1715 1126 τῶν

166 1165 621 1218 καταπεσόντων
671 1166 752 1229 είς
775 1164 836 1218 τὸ
861 1163 971 1218 τῶν
997 1162 1198 1235 ἡδονῶν
1231 1163 1483 1231 πέλαγος.
1551 1162 1714 1215 Οὐδὲν

164 1258 223 1312 δὲ
252 1253 432 1330 ἦττον
466 1258 574 1311 καὶ
600 1256 710 1311 τῶν
747 1255 1058 1311 ἀποστόλων
1083 1253 1339 1327 κηρύττει
1370 1256 1467 1326 τὴν
1500 1255 1713 1308 ἀνάδει-

163 1349 277 1415 ξιν,
300 1349 403 1403 καὶ
418 1349 581 1413 τίνες
599 1349 698 1403 καὶ
713 1348 879 1402 πόθεν
898 1344 1058 1421 ἦσαν.
1082 1348 1306 1401 Πάντων
1329 1364 1388 1399 τε
1414 1345 1520 1398 τῶν
1546 1344 1714 1399 ἐθνῶν

164 1441 268 1513 τὴν
292 1443 379 1504 είς
400 1441 505 1496 τὸν
529 1441 741 1514 Κύριον
760 1440 944 1495 πίστιν
965 1440 1394 1509 εὐαγγελίζεται.
1433 1437 1546 1506 Ἐφ’
1574 1438 1714 1490 ἄπα-

162 1550 222 1586 σι
251 1533 314 1586 δὲ
346 1533 582 1598 τούτοις
600 1533 699 1604 τὴν
727 1534 809 1597 είς
837 1533 1101 1604 οὐρανοὺς
1138 1532 1323 1586 ἄνοδον
1373 1529 1466 1583 τοῦ
1505 1530 1711 1601 Κυρίου

163 1623 497 1678 ἐκδιδάσκει
531 1623 743 1694 σαφῶς.
806 1621 1022 1688 Ἔξεστι
1049 1622 1106 1675 δὲ
1140 1619 1310 1674 ταῦτα
1354 1619 1534 1672 πάντα
1569 1618 1712 1672 κατὰ

170 1715 341 1785 μέρος
382 1716 512 1778 τοῖς
541 1715 749 1785 στίχοις
777 1712 1103 1766 ὲπίϐαλόντα
1134 1712 1381 1784 θεωρεῖν.

1247 302 1610 362 EXPOSITIO
1640 303 1715 359 ἸΝ
1754 302 2084 361 PSALMUM
2118 306 2305 362 LXVI.

163 428 462 495 διδάσκει,
519 426 604 491 ὡς
633 427 793 493 αὐτὸς
821 427 907 500 εἴη
968 428 998 481 ὁ
1051 424 1143 482 καὶ
1178 427 1343 483 πάλαι
1394 429 1519 492 τοὺς
1566 428 1713 490 υἱοὺς
1742 429 1789 488 Α

3275 309 3381 365 2οι

1885 442 2028 491 εεεε.
2064 428 2155 497 qui
2197 428 2327 483 olim
2360 427 2502 483 filios
2536 424 2703 483 Israel
2731 444 2795 483 ex
2832 426 3070 499 Egypto
3104 427 3375 485 eduxerit.

1887 519 1968 574 Ad
2001 520 2116 576 haec
2146 520 2327 575 omnia
2358 520 2424 574 iis
2456 520 2548 589 qui
2584 519 3023 589 przedicatiouem
3073 519 3382 590 acceperint

1889 607 2127 678 Spiritus
2148 610 2317 663 sancti
2353 609 2556 663 donum
2590 609 2894 678 ptillicetur.
2923 609 3216 678 Apostolus
3252 613 3378 663 item

1887 701 2222 765 consolatur,
2258 701 2532 769 pollicitus
2550 716 2766 755 omnem
2791 701 3194 770 praedicationis
3216 716 3383 755 causa

1886 803 2194 861 susceptam
2226 792 2631 846 tribulationem
2664 791 3046 846 removendam
3081 792 3216 848 fore.
3250 791 3384 846 Pro-

1885 884 2158 953 mittitque
2181 884 2474 937 multorum
2504 897 2569 936 ex
2602 883 2669 937 iis
2701 883 2792 952 qui
2833 891 2957 937 ante
2991 883 3057 937 ad
3093 884 3228 937 iram
3251 899 3384 938 con-

1886 975 2127 1037 citabant
2170 973 2410 1028 futuram
2459 975 2895 1040 conversionem,
2931 988 3142 1030 necnon
3192 989 3381 1029 eorum

1884 1066 1979 1137 qui
2014 1067 2067 1120 in
2100 1066 2430 1136 profundum
2456 1067 2752 1135 voluptatis
2798 1067 3018 1137 pelagus
3046 1068 3279 1122 demersi
3305 1083 3386 1122 es-

1883 1171 2026 1215 sent.
2071 1159 2441 1215 Nihilominus
2477 1170 2654 1214 autem
2705 1160 3076 1225 apostolorum
3115 1160 3381 1214 delectum

1861 1259 2124 1317 enarrat,
2169 1261 2221 1306 et
2251 1252 2475 1321 quinam
2519 1251 2771 1318 uudeque
2802 1250 3025 1303 fuerint.
3080 1250 3384 1303 Annuntiat

1882 1340 2013 1396 item
2068 1320 2309 1395 futuram
2352 1340 2599 1394 omnium
2630 1338 2875 1409 gentium
2913 1339 2964 1393 in
2995 1320 3283 1392 Dominum
3317 1341 3383 1392 li-

1883 1434 2031 1489 dem.
2068 1433 2148 1488 Ad
2180 1434 2297 1488 haec
2325 1434 2509 1487 omnia
2540 1431 2754 1485 Domini
2789 1432 2839 1486 in
2875 1432 3044 1486 cenios
3088 1447 3376 1487 ascensum

1889 1526 2066 1595 palam
2108 1526 2318 1580 edocet.
2354 1524 2503 1579 Licet
2542 1532 2723 1577 autem
2765 1523 2879 1577 haec
2926 1524 3107 1577 omnia
3141 1524 3381 1590 cuilibet,

1883 1618 2137 1674 versibus
2165 1618 2394 1687 singulis
2425 1618 2728 1681 insistenti,
2767 1616 3219 1671 animadvertere.

176 1767 551 1872 ίΑξραῖγτήέω
580 1808 615 1859 ό
632 1767 819 1871 “Cede,
854 1804 951 1859 καὶ
984 1767 1628 1872 διασκορπισθήτωσαν
1656 1805 1710 1856 οἱ

1880 1799 1935 1853 2.
1989 1797 2254 1867 Exsurge!
2308 1796 2466 1861 Deus,
2513 1805 2564 1850 et
2609 1796 2936 1865 dissipentur
2992 1795 3201 1848 inimici
3246 1795 3380 1864 ejus.

104 1897 301 1966 ἐχθροὶ
333 1896 564 1952 αὐτοῦ.
619 1896 733 1968 Τὴν
753 1898 835 1960 είς
866 1895 928 1950 τὸ
968 1897 1173 1967 κρίνειν
1217 1896 1343 1959 τοὺς
1370 1894 1710 1966 ἀκαθάρτους

104 1989 363 2059 δαίμονας
391 1988 703 2060 παρορμὴν
734 1987 828 2042 τοῦ
856 1987 989 2041 Θεοῦ
1033 1990 1061 2041 ὁ
1104 1987 1260 2056 λόγος
1287 1988 1559 2059 σημαίνει.
1627 1987 1705 2059 Τῇ

106 2080 207 2150 γὰρ
234 2080 415 2133 αὐτοῦ
456 2079 739 2151 παρουσίᾳ
764 2078 866 2149 τῆς
911 2079 1018 2133 τῶν
1051 2077 1352 2150 ἀνθρώπων
1393 2079 1709 2152 τυραννίδος

104 2168 478 2241 ἐξηλάθησαν.

178 2259 636 2326 Ὀδοποιήσατε
663 2259 744 2326 τῷ
767 2260 1138 2329 ἐπιϐεϐηκότι
1159 2261 1258 2315 ἐπὶ
1291 2261 1558 2332 δυσμῶν.
1601 2264 1708 2318 Εὐ-

102 2356 332 2423 πρεπεῖς
373 2352 614 2421 γένεσθε
638 2396 652 2419 ,
688 2353 887 2423 φησὶν,
924 2355 1004 2417 είς
1056 2353 1120 2407 τὸ
1171 2357 1290 2418 ταῖς
1329 2356 1469 2420 ὁδοῖς
1497 2355 1706 2410 ἐκείνου

104 2445 442 2515 ¹εορεύεσθςιι
462 2484 480 2507 ,
514 2444 614 2498 τοῦ
645 2445 733 2498 ἐπ’
768 2444 997 2516 ἐσχάτου
1042 2445 1151 2500 τῶν
1200 2447 1406 2518 χρόνων
1457 2449 1709 2518 ὀφθέντος

101 2538 156 2589 ὲν
177 2538 357 2610 σαριὸ⁵
381 2539 506 2600 τοῖς
533 2536 629 2590 ἐπὶ
658 2536 790 2607 γῆς.
828 2537 900 2590 Ἦ
924 2576 940 2601 ,
965 2535 1050 2603 ’τῷ
1075 2538 1443 2606 ἐπιϐεϐηκότι
1475 2539 1572 2592 ἐπὶ
1606 2540 1709 2594 δυ-

102 2629 291 2699 σμῶν,
326 2629 415 2701 τῷ
448 2629 650 2700 μέχρις
682 2627 810 2699 ᾆδου
840 2629 1193 2701 πεποιημένῳ
1224 2629 1321 2701 τὴν
1344 2630 1585 2685 κάθοδον.
1615 2637 1710 2686 Ta-

96 2722 519 2790 ραχθήτωσαν
545 2719 665 2774 ἀπὸ
692 2719 1017 2788 προσώπου
1055 2720 1262 2775 αὐτοῦ.
1330 2722 1411 2776 Τὰ
1440 2722 1566 2793 ἔθνη
1599 2722 1708 2776 τῶν

101 2806 377 2879 δαιμόνων
424 2807 697 2881 δηλονότι.
755 2808 865 2862 Τοῦ
894 2809 1117 2878 πατρὸς
1145 2809 1423 2879 ὀρφανῶν
1450 2814 1548 2866 καὶ
1583 2831 1703 2881 κρι-

100 2901 201 2957 τοῦ
230 2901 368 2957 τῶν
393 2900 626 2971 χηρῶν.
674 2900 956 2972 Ὀρφανῶν
987 2901 1085 2972 μὲν
1117 2902 1226 2956 τῶν
1257 2904 1710 2976 ἀπροστατεύτων

101 2993 263 3064 λέγει,
288 2993 494 3066 χηρῶν
519 2993 581 3047 δὲ
603 2993 713 3047 τῶν
734 2993 942 3065 ψυχῶν,
965 2993 1074 3047 τῶν
1101 2995 1178 3066 μὴ
1200 2995 1436 3066 ἐχουσῶν
1459 2996 1550 3049 τὸν
1580 3014 1641 3050 νυ
1650 3015 1709 3067 μ-

102 3088 214 3155 ςνίον
244 3087 464 3155 Δόγον.
522 3087 846 3159 Προστατης
888 3087 996 3159 γάρ
1036 3089 1155 3141 ἐστι
1202 3087 1311 3141 τῶν
1338 3088 1580 3141 ἀσθενῶν
1611 3091 1703 3143 καὶ
1732 3103 1773 3158 (;

101 3176 191 3247 τὴν
219 3176 595 3248 ἀνθρωπίνην
624 3177 726 3230 οὐκ
758 3177 989 3247 ἐχόντων
1030 3176 1280 3249 βοήθειαν
1300 3216 1315 3241 ,
1364 3173 1477 3232 οἷον
1524 3180 1704 3249 ἡμεῖς.

106 3265 198 3331 Τίς
219 3267 287 3320 δὲ
326 3260 493 3328 οὗτος
525 3266 621 3319 καὶ
647 3260 795 3331 οἷος;

176 3358 243 3412 Ὃ
271 3359 430 3424 Θεὸς
458 3358 530 3412 ὲν
558 3358 718 3423 τόπῳ
743 3358 890 3429 ἁγίῳ
918 3356 1129 3412 αὐτοῦ.
1174 3358 1392 3431 Ἐπειδὴ
1426 3357 1576 3413 εἶπεν
1609 3359 1707 3413 αὐ-

106 3449 191 3503 τὸν
218 3448 613 3519 ὲπιδεὸηκότα
653 3450 773 3512 ταῖς
806 3448 1070 3520 δυσμαῖς,
1113 3450 1362 3504 τουτέστι
1396 3451 1558 3524 μέχρι
1599 3452 1709 3506 τῶν

106 3539 225 3611 ᾆδον
267 3540 473 3612 μυχῶν
494 3582 511 3607 ,
551 3536 793 3594 διδάσκει
827 3540 1023 3606 πάλιν,
1052 3541 1129 3607 ὡς
1172 3541 1408 3597 ἀνελθὼν
1433 3544 1513 3606 είς
1544 3543 1709 3615 οὐρα-

108 3631 221 3696 νώς
251 3633 320 3685 ὲν
348 3632 471 3693 τοῖς
503 3628 655 3694 ίδίοις
689 3630 878 3699 γέγονε
907 3631 1125 3695 τόποις·
1159 3633 1206 3686 εί
1246 3632 1347 3687 ’καὶ
1376 3631 1445 3687 τὰ
1476 3633 1709 3705 μάλιστα

104 3720 367 3775 οὐδέποτε
416 3721 741 3793 ἀφειστήκει
772 3721 951 3777 αὐτῶν
978 3726 1045 3795 τῇ
1075 3724 1175 3795 τῆς
1221 3723 1475 3795 θεότητος
1524 3723 1701 3794 φύσει.

117 3808 177 3864 '0
207 3811 364 3878 Θεὸς
414 3810 731 3872 κατοικίζει
756 3814 1169 3882 μονοτρόπους
1198 3813 1269 3867 ἐν
1298 3813 1459 3878 οἴκῳ.
1528 3815 1705 3868 Μονο-

111 3906 344 3977 τρόπους
368 3923 447 3975 φη
457 3904 510 3957 σὶ
530 3904 653 3968 τοὺς
673 3905 824 3976 αὐτῷ
843 3908 938 3960 καὶ
963 3905 1108 3977 μόνῳ
1129 3906 1423 3971 ἀναθέντας
1445 3905 1543 3979 τὴν
1570 3906 1704 3961 ίδίαν

114 3999 277 4073 ζωὴν,
308 4002 411 4053 καὶ
440 3999 623 4070 πάσης
653 3999 970 4071 διχοψυχίας
994 4002 1087 4053 καὶ
1120 4002 1391 4073 κοσμικῆς
1412 4000 1703 4072 ἐπιθυμίας

114 4092 278 4164 diripi
296 4089 795 4161 ἁλλοτριώσαντας.
819 4091 1049 4156 Τούτους
1069 4091 1132 4163 δὴ
1157 4088 1250 4146 οὖν
1278 4093 1371 4146 καὶ
1392 4095 1451 4146 ὲν
1475 4092 1552 4164 τῷ
1572 4093 1705 4165 οἴκῳ

114 4185 273 4239 αὐτοῦ
308 4187 380 4256 τῇ
417 4184 726 4255 ἐπουρανίῳ
755 4182 907 4236 πόλει
932 4183 1262 4248 κατοικίζειν
1284 4183 1701 4253 ἐπαγγέλλεται.

125 4277 395 4346 Ἐξὰγων
435 4275 888 4346 πεπεδημένους
930 4275 1000 4330 ἐν
1041 4276 1302 4344 ἀνδρείᾳ.
1371 4278 1594 4347 Ὅμοιον
1625 4274 1703 4344 τῷ

117 4370 394 4441 εἰρημένῳ
415 4386 428 4398 ·
472 4367 601 4434 Τοῖς
628 4368 699 4420 ἐν
720 4366 961 4435 δεσμοῖς
981 4407 996 4432 ,
1025 4367 1297 4430 ἐξέλθετε
1316 4385 1331 4398 ·
1359 4367 1456 4421 καὶ
1481 4367 1604 4432 τοῖς
1634 4367 1704 4421 ἐν

1761 1929 1764 1933 ε
1812 1894 1904 1948 Dei
1936 1893 2002 1947 ad
2046 1889 2375 1961 judicandos
2410 1889 2655 1957 impuros
2684 1889 2960 1941 daemones
2998 1895 3178 1941 motus
3211 1887 3381 1956 signi-

1809 1985 2024 2039 ﬁcatur.
2053 1979 2189 2035 Nam
2217 1979 2335 2049 ejus
2360 1979 2594 2033 adventu
2626 1994 2655 2033 a
2687 1977 2973 2049 tyrannide
2998 1994 3105 2048 qua
3134 1978 3384 2034 homines

1808 2073 2193 2146 opprimebant
2226 2072 2437 2141 expulsi
2467 2080 2615 2126 sunt.

1878 2251 1933 2317 5,
1963 2248 2015 2305 6.
2071 2248 2189 2320 Iter,
2217 2250 2379 2319 facite
2423 2251 2471 2303 ei
2515 2250 2606 2319 qui
2636 2250 2874 2303 ascendit
2924 2267 3080 2319 super
3116 2267 3377 2304 occasum.

1808 2342 2002 2406 Probe,
2034 2342 2232 2411 inquit,
2266 2342 2440 2412 parati
2483 2349 2691 2404 estote,
2729 2350 2787 2394 ut
2818 2342 2872 2395 in
2912 2343 3013 2396 viis
3034 2343 3153 2411 ejus
3188 2345 3383 2396 ambu-

1810 2435 1953 2497 letis,
1987 2433 2080 2503 qui
2114 2435 2170 2487 in
2207 2433 2509 2487 novissimo
2552 2442 2857 2501 temporum
2895 2433 2961 2489 iis
2991 2434 3084 2502 qui
3128 2434 3181 2486 in
3235 2444 3379 2486 terra

1809 2525 2074 2596 degebant
2098 2525 2252 2578 visus
2294 2533 2379 2578 est
2420 2525 2472 2577 iu
2509 2538 2696 2577 carne.
2753 2524 2899 2588 Aut,
2947 2525 2995 2577 ei
3027 2525 3118 2593 qui
3144 2523 3379 2577 ascendit

1808 2633 1963 2687 super
2003 2633 2283 2680 occasum,
2335 2616 2426 2685 qui
2459 2630 2631 2684 usque
2674 2615 2739 2668 ad
2774 2616 3048 2670 infernum
3090 2615 3384 2669 descende-

1809 2715 1915 2759 rat.
1951 2704 2250 2758 Turbenmr
2274 2722 2305 2757 a
2332 2705 2467 2773 [acie
2493 2704 2628 2773 ejus.
2684 2704 3002 2759 Dmmonum
3032 2707 3239 2760 scilicet
3264 2715 3383 2759 tur-

1809 2798 1909 2853 hee.
1948 2795 2129 2852 Patris
2153 2799 2510 2867 orpltanorum
2539 2806 2588 2849 et
2610 2798 2812 2865 judicis
2835 2798 3138 2851 viduarum.
3169 2798 3383 2867 Orpha-

1810 2904 2004 2943 norum
2026 2928 2042 2955 ,
2072 2890 2125 2943 id
2149 2900 2262 2954 εει,
2286 2903 2475 2943 eorum
2506 2889 2706 2957 quibus
2739 2889 2947 2941 nullum
2979 2890 3378 2957 patrocinium;

1809 2981 2094 3035 viduarum
2122 2991 2302 3034 autem
2326 3020 2341 3042 ,
2378 2981 2426 3033 id
2464 2987 2550 3034 est
2602 2979 2944 3041 animarum,
2993 2979 3192 3048 quibus
3250 2981 3379 3032 \‘er-

1811 3071 1941 3125 hum
1976 3086 2212 3141 sponsus
2246 3086 2353 3124 non
2381 3079 2497 3125 est.
2530 3069 2802 3125 Patronus
2831 3071 2975 3125 enim
3020 3081 3105 3125 est
3133 3070 3379 3124 inﬁrmo-

1810 3177 1967 3225 rum,
2007 3163 2098 3232 qui
2133 3163 2425 3217 humanum
2455 3162 2719 3216 auxilium
2759 3177 2867 3216 non
2901 3163 3138 3227 habent,
3192 3164 3380 3232 quales

1810 3272 1909 3312 nos
1941 3271 2155 3310 sumus.
2189 3255 2323 3322 Quis
2353 3265 2532 3310 autem
2559 3265 2612 3310 et
2641 3256 2818 3324 qualis
2847 3264 2930 3310 est
2970 3255 3098 3310 hic?

1880 3346 1933 3399 7.
1970 3345 2110 3413 Deus
2136 3346 2190 3398 in
2218 3348 2331 3399 loco
2354 3356 2537 3399 sancto
2564 3362 2680 3400 suo.
2704 3345 3002 3416 Postquam
3023 3346 3162 3400 dixit
3200 3346 3376 3416 ipsum

1806 3438 2098 3494 ascendere
2147 3453 2313 3506 super
2348 3452 2603 3492 occasum
2631 3476 2647 3499 ,
2699 3436 2752 3490 id
2796 3445 2881 3491 est
2914 3452 3089 3506 usque
3118 3440 3183 3492 ad
3217 3448 3379 3492 antra

1808 3526 2005 3582 inferni
2034 3542 2050 3580 :
2081 3528 2239 3581 docet
2266 3528 2485 3589 iterum,
2537 3540 2661 3580 eum
2702 3541 2826 3580 cum
2869 3529 2922 3580 in
2971 3529 3139 3581 caelos
3182 3544 3379 3582 ascen-

1805 3617 1977 3672 disset
2016 3616 2072 3670 in
2112 3617 2352 3686 propriis
2393 3617 2531 3671 locis
2584 3616 2792 3679 fuisse,
2849 3617 3064 3671 etiamsi
3096 3634 3377 3687 nunquam

1807 3709 2013 3765 abillis
2042 3718 2285 3762 remotus
2317 3708 2420 3762 fuit
2443 3715 2638 3762 natura
2679 3706 3004 3762 divinitatis.
3046 3707 3185 3762 Deus
3223 3709 3378 3763 inha-

1808 3800 1975 3854 bitare
2002 3798 2134 3867 facit
2155 3799 2312 3851 unius
2338 3798 2501 3851 moris
2528 3797 2585 3850 in
2606 3797 2783 3851 domo.
2827 3795 2992 3850 Unius
3024 3798 3185 3851 moris
3220 3808 3379 3855 vocat

1805 3906 1899 3948 eos
1923 3895 2016 3964 qui
2050 3892 2153 3962 ipsi
2185 3892 2285 3947 soli
2315 3892 2479 3945 vitam
2511 3906 2666 3945 suam
2713 3891 3068 3956 obtulerunt,
3102 3901 3156 3946 et
3180 3908 3378 3962 quam-

1805 3984 1937 4041 libet
1976 3985 2175 4040 mentis
2216 3984 2587 4054 duplicitatem
2630 3992 2686 4037 et
2740 3983 3069 4036 mundanam
3112 3986 3379 4055 concupi-

1804 4079 2066 4136 scentiam
2113 4077 2450 4147 abiecerunt.
2498 4075 2897 4145 Polliceturque
2944 4074 3190 4129 futurum
3235 4087 3294 4130 ut
3338 4077 3375 4131 ii

1802 4171 1858 4224 in
1887 4173 2051 4225 domo
2086 4169 2294 4239 ipsius,
2347 4167 2401 4222 id
2446 4174 2531 4221 est
2564 4165 2619 4219 in
2644 4166 2854 4220 cmlesti
2890 4165 3123 4219 civitate
3154 4165 3375 4218 inhabi-

1803 4269 1935 4316 tent.
1982 4260 2085 4326 Qui
2125 4261 2303 4314 educit
2343 4260 2541 4312 vinctos
2570 4259 2626 4311 in
2681 4257 3022 4326 fortitudine.
3080 4256 3268 4309 Simile
3291 4263 3378 4309 est

1802 4353 1932 4408 huic
1954 4353 2102 4407 dicto
2129 4371 2142 4407 :
2169 4351 2247 4405 Iis
2279 4352 2367 4421 qui
2393 4351 2554 4403 uincti
2590 4357 2747 4411 sunt,
2792 4348 2933 4400 exite
2955 4362 2974 4400 :
3004 4356 3052 4400 et
3085 4346 3166 4399 his
3201 4348 3291 4415 qui
3317 4350 3373 4401 in

116 4436 185 4524 τῶ
213 4436 451 4521 σκότει,
485 4457 969 4525 ἀνακαλύςρθητε.
1027 4456 1269 4526 Δεσμοὺς
1296 4455 1353 4508 δὲ
1387 4455 1479 4509 καὶ
1514 4454 1702 4517 σκότος

1850 4443 2025 4496 nebris
2050 4482 2065 4506 ,
2109 4440 2410 4495 revelamini
2449 4439 2516 4490 ²⁰.
2557 4436 2785 4489 Vincula
2823 4447 3003 4490 autem
3034 4444 3088 4489 et
3121 4436 3375 4492 tenebras

113 4550 200 4621 τὴν
235 4549 349 4604 τῶν
386 4547 661 4618 δαιμόνων
707 4547 963 4620 λατρείαν
1016 4547 1202 4618 φησίν.
1283 4547 1518 4617 Ὁμοίως
1566 4545 1707 4612 τοὺς

113 4640 703 4710 ααραεεικραίνοντας
731 4638 873 4705 τοὺς
914 4638 1342 4705 κατοικοῦντας
1370 4637 1441 4691 ἐν
1476 4636 1704 4706 τάφοις.

117 4731 279 4786 Τοῦτό
310 4748 487 4802 φησιν
506 4769 522 4795 ,
574 4730 656 4783 ὅτι
676 4769 691 4795 ,
744 4730 841 4783 καὶ
869 4729 928 4784 ἐν
960 4728 1087 4800 ᾅδου
1125 4728 1439 4800 πορευθεὶς,
1473 4728 1568 4781 καὶ
1595 4729 1706 4792 τοῖς

117 4825 224 4879 ἐκεῖ
257 4823 575 4894 πνεύμασιν
605 4820 893 4893 ἐκήρυξεν,
921 4821 1250 4893 ἀπειθήσασί
1282 4839 1430 4875 ποτε.
1468 4821 1541 4873 Τὸ
1573 4818 1702 4891 γὰρ,

116 4916 711 4986 παρακικραίνοντας
734 4951 750 4978 ,
796 4913 916 4968 ἀντὶ
967 4913 1059 4968 τοῦ
1084 4951 1100 4978 ,
1157 4912 1698 4984 παραπικρόωαντας,
1732 4952 1743 4961 .

119 5012 379 5065 τέθεικεν.

192 5108 257 5160 '0
285 5104 441 5171 ηεῦς
459 5147 475 5165 ,
525 5103 598 5156 ἐν
628 5100 707 5167 τῷ
734 5100 1162 5168 ἐκπορεύεσθαι
1196 5112 1271 5152 σε
1296 5097 1549 5153 ἐνώπιον
1594 5098 1701 5152 τοῦ

121 5198 266 5252 λαοῦ
298 5214 446 5257 σου,
471 5195 542 5248 ἐν
565 5193 646 5259 τῷ
671 5192 995 5247 διαϐαίνειν
1018 5206 1091 5244 σε
1118 5191 1187 5243 ὲν
1213 5188 1287 5260 τῇ
1318 5190 1532 5259 ἐρήμῳ.
1584 5189 1702 5242 Δεί-

123 5305 302 5343 κιωσιν
324 5331 341 5352 ,
392 5288 475 5350 ὡς
496 5287 593 5340 καὶ
617 5288 647 5339 δ
683 5283 877 5356 μέχρις
904 5282 1029 5355 ᾅδου
1057 5280 1300 5346 καταϐὰς
1318 5321 1331 5344 ,
1364 5281 1525 5345 αὑτός
1554 5282 1699 5334 ἐστιν

124 5380 150 5430 ὁ
175 5380 270 5433 καὶ
294 5378 469 5431 πάλαι
495 5376 586 5429 διὰ
613 5374 856 5436 Μωσέως
884 5371 1168 5441 ἐξαγαγὼν
1216 5371 1274 5437 ἐξ
1303 5369 1576 5439 Αἰγύπτου
1608 5369 1700 5421 τὸν

137 5469 366 5541 Ἰσραήλ.
403 5467 571 5535 Λέγει
598 5461 714 5529 οὖν,
743 5465 845 5525 ὅτι,
876 5465 932 5518 ὲν
962 5463 1039 5535 τῷ
1067 5460 1496 5542 προπορεύεσθαί
1524 5478 1583 5515 σε
1606 5458 1701 5515 τοῦ

129 5561 503 5634 ἐξεληλυθότος
520 5576 615 5612 σου
632 5557 693 5625 eg
713 5557 988 5627 Αἰγύπτου
1014 5556 1167 5624 λαοῦ,
1185 5555 1257 5627 γῆ
1282 5554 1523 5626 ἐσείσθη,
1551 5570 1704 5607 τουτ-

198 5752 248 5788 ⁸⁸
272 5752 381 5810 lsa.
410 5766 563 5820 χιιι,
594 5750 649 5805 9.

1807 4534 2111 4590 dmmonum
2146 4532 2349 4587 cultum
2378 4538 2558 4584 vocat.
2613 4528 2873 4583 Similiter
2914 4544 2999 4581 eos
3026 4529 3116 4597 qui
3156 4543 3377 4598 exaspe-

1806 4636 1962 4693 rant,
2015 4626 2105 4696 qui
2136 4624 2377 4677 habitant
2415 4623 2471 4675 in
2498 4622 2772 4690 sepulcris.
2803 4618 2919 4674 Hoc
2945 4619 3175 4697 ait_quia
3205 4620 3260 4673 in
3287 4621 3375 4675 iu-

1805 4715 2018 4771 fernum
2048 4713 2343 4784 proiectus,
2378 4712 2663 4781 spiritibus
2696 4710 2820 4765 istic
2858 4711 3206 4764 versantibus
3239 4725 3378 4779 pra:-

1804 4811 2004 4867 dicavit
2029 4808 2122 4879 qui
2155 4806 2419 4861 increduli
2461 4805 2590 4857 olim
2620 4802 2853 4857 fuerant.
2896 4803 3027 4857 illud
3066 4804 3209 4856 enim
3231 4844 3246 4868 ,
3284 4802 3375 4870 qui

1806 4914 2141 4974 exasperant,
2177 4900 2412 4971 positum
2445 4907 2527 4954 est
2548 4912 2676 4967 pro,
2711 4897 2804 4966 qui
2834 4902 3317 4965 exasperaverunt.

1876 5083 1931 5147 8,
1963 5079 2016 5138 9.
2053 5079 2224 5144 Deus,
2272 5092 2391 5131 cum
2432 5074 2748 5146 egredereris
2794 5073 2850 5125 in
2890 5078 3164 5139 conspectu
3193 5068 3375 5136 populi

1806 5177 1905 5243 tui,
1940 5191 2058 5229 cum
2079 5171 2427 5242 pertransires
2458 5170 2512 5221 in
2543 5167 2769 5221 deserto.
2803 5164 3050 5218 Declarat
3074 5202 3089 5226 ,
3129 5178 3252 5216 eum
3280 5163 3375 5232 qui

1806 5268 1872 5323 ad
1912 5265 2180 5322 infernum
2208 5276 2382 5334 usque
2425 5259 2702 5316 descendit
2725 5299 2740 5317 .
2773 5257 3022 5310 eumdem
3056 5254 3227 5323 ipsum
3254 5270 3376 5311 esse

1801 5361 1894 5431 qui
1935 5359 2064 5415 olim
2110 5371 2206 5426 per
2247 5354 2449 5408 Mosem
2501 5350 2690 5405 eduxit
2737 5347 2986 5402 lsraelem
3026 5362 3091 5400 ex
3116 5344 3372 5418 Egypto.

1801 5453 1891 5507 Ait
1918 5452 2085 5525 igitur
2113 5468 2126 5505 :
2159 5448 2294 5504 Cum
2325 5444 2585 5517 populum
2626 5451 2779 5497 tuum
2819 5455 2882 5495 ex
2910 5438 3146 5511 Egypto
3186 5454 3372 5509 egres-

1805 5561 1927 5603 sum
1960 5542 2312 5608 praecederes,
2347 5547 2491 5594 terra
2534 5544 2680 5590 mota
2711 5543 2814 5600 est,
2839 5534 2893 5590 id
2918 5543 3019 5601 est,
3041 5548 3134 5605 per
3155 5546 3371 5587 omnem
