3786 6278
126 289 224 343 297

1232 285 1596 342 EXPOSITIO
1634 285 1699 340 IN
1739 284 2071 340 PSALMUI
2111 284 2317 340 LXVII.

3311 285 3417 339 '298

127 403 357 466 στόλους
422 401 734 474 δεξάμενοι.
793 404 1120 476 Μετάφρενα
1158 405 1215 458 δέ
1267 407 1364 476 τῆς
1413 409 1739 477 περιστερᾶς

1863 409 1976 473 ire,
2034 408 2330 476 posteriora
2384 405 2532 460 dorsi
2589 405 2898 474 columbae,
2954 405 3212 462 deaurata
3260 408 3414 471 dicit,

127 494 550 563 κεχρυσωμένα
571 493 726 563 φησὶ,
755 492 891 546 διότι
922 494 1110 563 τιμίας
1133 495 1251 563 ἦτοι
1287 494 1453 563 σοφὰς
1481 495 1581 558 τὰς
1613 495 1744 566 φρέ-

127 602 212 646 νας
245 583 368 636 τῶν
409 584 728 655 δεξαμένων
757 587 920 639 ποιεῖ.

203 677 314 729 Ἐν
353 675 446 740 τῷ
476 676 870 730 διαστέλλειν
902 676 1010 730 τὸν
1057 676 1418 746 ἐπουράνιον
1459 679 1744 746 βασιλεῖς

127 768 212 817 ἐπ’
239 767 482 834 αὐτῆς.
548 767 800 830 Βασιλεῖς
831 769 930 838 μὲν
959 769 1085 831 τοὺς
1115 768 1386 840 ἄρξαντας
1413 771 1743 836 ἀποστόλους

129 858 218 925 τῆς
269 858 671 929 κληρονομίας
713 859 878 913 αὑτοῦ
930 876 1083 930 φησι.
1135 860 1616 929 Χιονωθήσονται
1661 863 1742 926 δὲ,

129 948 242 999 ἀντὶ
268 948 401 1013 τοῦ,
419 949 998 1021 ἀποκαθαρθήσονται.
1039 951 1140 1004 Ἐν
1159 949 1404 1020 Σελμὼν
1429 951 1506 1015 δὲ,
1533 955 1591 1006 ἐν
1615 954 1743 1006 ἀντ-

132 1042 413 1107 αποδόπι,
482 1041 870 1114 ἑρμηνεύεται.
924 1043 1086 1110 Λέγει
1114 1039 1227 1106 οὖν,
1264 1043 1344 1096 ὅτι
1379 1045 1429 1096 οἱ
1457 1045 1742 1116 δεξάμενοι

132 1142 244 1202 τοὺς
278 1141 495 1208 ἁγίους
543 1139 876 1202 ἀποστόλους
920 1139 1019 1200 τὰς
1071 1137 1222 1208 παρά
1271 1137 1366 1192 τοῦ
1421 1141 1741 1211 ἐπουρανίου

135 1234 402 1302 ﬁnalem;
430 1233 863 1297 ἀνταποδόσεις,
901 1234 1018 1303 ἦτοι
1060 1231 1296 1302 ἀμοιϐάς
1317 1273 1332 1297 ,
1377 1230 1616 1298 δέξονται
1644 1232 1743 1304 τῆς

133 1326 430 1396 ὑποδοχῆς,
471 1326 568 1378 τὸν
602 1325 886 1396 καθαρμὸν
916 1324 1024 1379 τῶν
1051 1325 1352 1397 ἁμαρτιῶν.

196 1418 387 1485 Ὄρος
434 1416 552 1470 τοῦ
589 1416 738 1470 Θεοῦ
774 1416 912 1484 ὄρος
945 1417 1103 1470 πῖον.
1143 1419 1306 1488 Ὄρος
1342 1417 1440 1487 μὲν
1471 1417 1571 1489 τὴν
1616 1417 1740 1470 Ἐκ-

133 1509 358 1579 ιλησίαν
389 1508 694 1578 ὀνομάζει,
728 1512 849 1561 πῖον
886 1510 942 1562 δὲ
963 1549 978 1573 ,
1005 1511 1086 1562 ὅτι
1129 1510 1422 1581 εὐτραφεῖς
1451 1511 1545 1563 καὶ
1571 1509 1738 1562 λιπα-

137 1601 222 1668 ρᾶς
245 1601 366 1653 τῶν
398 1603 467 1653 ἐν
500 1601 636 1670 αὐτῇ
665 1601 763 1661 τας
786 1600 964 1670 ψυχας
992 1600 1388 1673 ἀπεργάζεται.
1443 1603 1619 1669 Ὄρος
1645 1619 1734 1655 τε·

135 1692 521 1761 τῳωμένον;
559 1692 694 1760 ὄρος
722 1691 894 1746 πῖον·
926 1693 1027 1746 ἵνα
1064 1695 1121 1746 τί
1151 1693 1602 1762 ὑπολαμϐάνετε
1633 1695 1737 1764 ὅρη

1847 497 1975 566 quia
2006 498 2270 566 pretiosas
2309 505 2364 551 et
2409 498 2680 567 sapientes
2706 497 2909 567 φρένας
2945 513 3042 552 seu
3083 508 3294 554 mentes
3321 516 3410 553 eo-

1849 603 1971 641 rum
2001 587 2095 656 qui
2122 589 2430 656 acceperint
2471 587 2731 643 elliciunt.

1908 679 1996 735 15.
2037 680 2174 733 Dum
2203 682 2449 734 discernit
2476 682 2694 734 caelestis
2730 694 2870 749 reges
2903 696 3059 748 super
3078 696 3217 734 eam.
3244 680 3417 751 Reges

1843 781 2002 828 vocat
2039 773 2316 842 apostolos
2375 773 2675 828 liaareditati
2717 788 2833 828 sua:
2883 774 3232 842 imperantes.
3285 772 3419 826 Nive

1843 865 2250 930 dealbabuntur,
2287 868 2442 936 quasi
2478 866 2621 921 dicat
2653 866 3032 936 purgabuntur
3062 884 3075 921 :
3109 865 3175 920 In
3205 865 3414 921 Selmon

1844 957 2230 1026 interpretatur
2255 961 2309 1010 in
2343 958 2705 1011 retributione.
2727 957 2817 1010 Ait
2847 956 3011 1027 igitur
3032 973 3130 1011 eos
3163 959 3256 1028 qui
3292 974 3418 1013 san-

1843 1058 1961 1104 ctos
1991 1051 2269 1118 apostolos
2296 1050 2618 1120 receperint,
2661 1064 2692 1104 a
2718 1049 2922 1104 caelesti
2955 1066 3080 1121 rege
3102 1051 3415 1106 retributio-

1843 1154 1962 1204 nes,
1993 1141 2110 1194 sive
2155 1141 2376 1209 praemia
2420 1151 2759 1211 accepturos,
2803 1142 3009 1197 sciliCet
3042 1144 3414 1213 purgationem

1843 1244 2214 1301 peccatorum.

1916 1415 2002 1468 16.
2043 1415 2193 1469 Mons
2227 1416 2353 1481 Dei,
2387 1433 2533 1469 mons
2580 1417 2814 1487 pinguis.
2849 1415 3084 1471 Montem
3129 1426 3285 1471 vocat
3311 1413 3413 1470 Ec-

1843 1506 2062 1561 clesium
2084 1524 2097 1559 :
2130 1507 2383 1577 pinguem
2404 1507 2556 1573 dicit,
2590 1508 2720 1576 quia
2742 1508 2969 1578 pingues
2988 1519 3038 1561 et
3061 1508 3271 1576 opimas
3292 1509 3414 1561 red-

1843 1597 1923 1650 dit
1959 1597 2171 1652 auimas
2203 1613 2325 1668 qua:
2363 1599 2416 1651 in
2464 1599 2555 1653 illa
2597 1599 2818 1670 degunt.
2868 1598 3022 1652 Mons
3067 1600 3410 1668 coagulatus.

1845 1703 1994 1742 mons
2049 1690 2278 1759 pinguis,
2310 1691 2494 1760 utquid
2540 1693 2879 1760 suspicantini
2925 1701 3122 1745 montes
3167 1692 3413 1762 coagula-

132 1784 554 1853 tstvapéra;
619 1784 730 1836 Καὶ
779 1784 885 1856 μὴν
935 1786 1029 1838 καὶ
1055 1786 1737 1857 τετυρωμένον,τουτέστι

1864 1784 1962 1834 os?
1989 1781 2369 1852 Coagulatum,
2397 1791 2481 1836 est
2524 1783 2663 1837 lacte
2691 1784 2931 1853 plenum,
2958 1783 3294 1853 simpliciore
3331 1788 3410 1836 vi-

134 1878 405 1943 γάλακτος
464 1876 666 1946 μεστὸν
686 1915 700 1937 ,
729 1875 1099 1947 ἀπλουστέρου
1129 1877 1329 1949 δηλαδὴ
1359 1877 1516 1946 λόγου
1537 1919 1550 1943 ,
1592 1877 1736 1932 κατά

133 1969 210 2018 τό·
243 1966 434 2020 Γάλα
463 1964 625 2034 ὑμᾶς
659 1965 944 2028 ἐπότισα,
973 1967 1044 2018 οὐ
1067 1964 1299 2035 βρῶμα.
1359 1967 1616 2037 Ἐπιτιμᾷ
1643 1963 1738 2020 οὖν

135 2063 232 2121 svi;
261 2059 372 2121 τὰς
418 2056 539 2110 τῶν
591 2055 881 2126 αἱρετικῶν
937 2057 1231 2126 ἐκκλησίας
1266 2056 1737 2128 ὑπολαμϐάνουσιν

134 2147 261 2205 εἶναι
293 2149 727 2219 τετυρωμένας.
780 2149 944 2202 Οὐδὲν
976 2148 1085 2218 γὰρ
1110 2149 1169 2200 ἐν
1199 2149 1389 2211 αὐταῖς
1417 2149 1478 2202 τὸ
1501 2149 1736 2219 δυνάμε-

135 2257 214 2291 νον
242 2238 488 2310 τρέφειν
514 2239 596 2300 είς
617 2236 727 2302 ἕξιν
750 2239 1147 2310 πνευματικήν.
1181 2238 1298 2291 Ἵνα
1325 2239 1375 2291 τί
1399 2239 1578 2291 τοίνυν
1607 2239 1739 2292 ὑπο-

135 2329 476 2399 λαμϐάνετε,
498 2321 544 2380 ὦ
576 2322 743 2392 οὗτοι,
773 2329 937 2400 ἕτερα
959 2327 1057 2399 ὅρη
1088 2323 1227 2380 εἶναι
1255 2327 1360 2394 ἔξω
1379 2328 1478 2398 τῆς
1510 2327 1738 2399 Ἐκκλη-

138 2423 246 2485 sia;
266 2420 664 2493 τετυρωμένα,
691 2422 785 2473 καὶ
811 2420 886 2492 μὴ
915 2420 1112 2492 μᾶλλον
1140 2419 1295 2472 τοῦτο
1321 2419 1480 2489 μόνον
1503 2419 1565 2473 τὸ
1590 2419 1736 2490 ὅρος,

135 2516 196 2566 ἐν
345 2519 382 2568 ό
427 2513 583 2578 Θεὸς
632 2512 980 2580 ηὐδόκησεν
1014 2509 1372 2578 κατοικῆσαι
1420 2511 1491 2564 ἐν
1542 2511 1740 2577 αὐτῷ;

139 2608 248 2659 ’ὐτι
273 2606 392 2678 γὰρ
434 2608 496 2658 ἐν
524 2608 592 2676 τῇ
641 2602 938 2674 Ἐκκλησία
969 2605 1232 2667 κατοικεῖ,
1267 2602 1425 2672 δῆλον
1451 2602 1510 2669 ἐξ
1539 2595 1615 2656 ὧν
1640 2603 1738 2655 αὑ-

137 2700 219 2761 st;
252 2699 362 2768 ἔφη
387 2714 404 2728 ·
437 2690 582 2750 Ὧδε
610 2694 950 2760 κατοικήσω
972 2736 986 2760 ,
1015 2694 1105 2746 ὅτι
1137 2693 1502 2762 ῄρετισάμην
1525 2694 1737 2759 αὐτήν.

205 2792 273 2845 T6
301 2792 477 2860 ἅρμα
503 2787 610 2843 τοῦ
645 2787 794 2842 Θεοῦ
822 2785 1271 2856 μυριοπλάσιον
1294 2826 1308 2850 ,
1340 2785 1605 2855 χιλιάδες
1643 2789 1740 2840 εὐ-

139 2887 515 2949 θηνούντων.
591 2882 781 2954 ’Ἅρμα
821 2879 914 2933 τοῦ
941 2879 1076 2932 Θεοῦ
1103 2879 1202 2943 τὰς
1249 2878 1599 2950 ἐπουρανίους
1643 2877 1736 2930 καὶ

140 2977 326 3048 νοητὰς
349 2975 625 3044 δυνάμεις
649 2973 836 3044 φησὶν,
868 2969 955 3034 αἷς
981 2974 1254 3042 ἐποχεῖται
1271 2972 1299 3022 6
1323 2969 1476 3032 Θεός.
1511 2970 1735 3040 Ὅμοιον

141 3071 187 3122 ἴε
207 3071 282 3141 τῷ
304 3069 628 3141 εἰρημένῳ·
659 3067 855 3120 Χίλιαι
879 3063 1145 3134 χιλιάδες
1174 3063 1596 3132 ἐλειτούργουν
1629 3063 1734 3115 αὐ-

142 3159 238 3225 τῷ,
287 3163 396 3215 καὶ
443 3161 653 3230 μύριαι
681 3157 966 3227 μυριάδες
1013 3153 1522 3225 παρειστήκεισαν
1552 3153 1732 3218 αὐτῷ.

145 3248 288 3307 Οὗτοι
318 3253 379 3305 δέ
411 3253 524 3304 είσι
558 3251 651 3302 καὶ
679 3249 1051 3320 εὐθηνοῦντες,
1083 3249 1178 3302 ἅτε
1206 3247 1610 3318 ἀπηλλαγμένοι
1637 3250 1736 3317 τῆς

145 3346 440 3416 ἁμαρτίας.
495 3344 556 3396 'O
599 3346 657 3395 ἐν
681 3341 855 3410 τούτῳ
883 3337 976 3394 οὖν
1017 3341 1095 3411 τῷ
1131 3341 1338 3412 ἅρματι
1372 3338 1736 3410 ἐποχούμενος

148 3434 244 3487 τῶν
275 3433 572 3507 μυριάδων
609 3432 771 3494 αὑτός
815 3433 961 3484 ἐστιν
992 3433 1020 3484 6
1063 3432 1299 3502 Κύριος,
1345 3431 1372 3483 6
1421 3431 1515 3482 καὶ
1570 3431 1627 3481 ἐν
1657 3427 1735 3498 τῷ

147 3525 265 3598 Σινᾷ
290 3527 377 3597 τῷ
405 3525 554 3595 ἁγίῳ
586 3525 702 3594 ὄρει
734 3512 834 3575 τὸν
853 3523 1016 3594 νόμον
1044 3522 1187 3585 δούς.
1239 3522 1410 3584 Αὐτὸς
1437 3521 1492 3574 δέ
1520 3520 1680 3574 πάλιν
1708 3523 1736 3574 ὁ

146 3621 216 3683 εἰς
239 3619 379 3690 ὕψος
408 3616 645 3678 ἀναϐὰς,
668 3615 816 3682 λέγει
844 3614 900 3667 δὲ
928 3614 989 3666 τὸ
1011 3613 1104 3666 τοῦ
1132 3613 1387 3684 σταυροῦ,
1416 3614 1511 3666 καὶ
1535 3614 1735 3683 αἰχμα-

147 3714 420 3773 ιωτεὺσας
445 3708 844 3779 αἰχμαλωσίαν,
875 3706 1121 3759 τουτέστι
1148 3706 1246 3769 τὰς
1277 3705 1725 3775 αἱχμαλωτισθεί-

151 3817 235 3864 σας
289 3800 481 3871 ψυχὰς
540 3797 692 3867 παρά
736 3797 830 3849 τοῦ
883 3796 1128 3849 διαϐόλου
1161 3794 1731 3866 ἀνταιχμαλωτεύσας.

151 3891 305 3946 Τοῦτο
325 3893 444 3962 γὰρ
465 3889 633 3952 αὐτὸς
662 3887 1028 3959 ἐπηγγέλλετο
1050 3887 1222 3955 λέγων
1249 3903 1262 3916 ·
1292 3888 1408 3940 Ὅτ’
1437 3886 1504 3940 ἂν
1535 3885 1735 3955 ὑψωθῶ

151 3985 204 4035 ἐκ
233 3985 332 4056 τῆς
363 3983 499 4052 γῆς,
532 3981 740 4041 πάντας
763 3978 975 4030 ἑλκύσω
1008 3979 1144 4049 πρὸς
1177 3977 1434 4048 ἐμαυτόν.
1489 3977 1736 4042 Ἕλαϐες

149 4073 364 4143 δόματα
387 4073 462 4126 ἐν
481 4069 837 4140 ἀνθρώποις.
874 4072 983 4123 Καὶ
1013 4068 1162 4141 παρά
1184 4070 1326 4132 τίνος
1349 4068 1507 4122 ἔλαϐε
1529 4067 1736 4138 δόματα

151 4167 446 4238 ἀνθρώπων
474 4166 511 4235 ἦ
544 4163 698 4236 παρά
719 4162 815 4216 τοῦ
845 4163 1054 4234 Πατρὸς
1087 4161 1178 4214 τοῦ
1214 4161 1494 4232 εἰρηκότος
1515 4177 1528 4189 ·
1563 4159 1736 4227 Αἴτη-

151 4270 240 4308 σαι
264 4255 406 4325 παρ’
436 4252 588 4322 ἐμοῦ
610 4291 628 4318 ,
654 4250 753 4305 καὶ
779 4250 950 4305 δώσω
986 4266 1084 4304 σοι
1116 4251 1260 4318 ἔθνη
1289 4250 1402 4319 τὴν
1441 4254 1734 4318 κληρονο-

149 4350 280 4414 μίαν
311 4365 438 4402 σου
461 4363 484 4410 ;

211 4443 317 4496 Kai
347 4443 467 4510 γὰρ
501 4437 898 4503 ἀπειθοῦντας
943 4435 1049 4490 τοῦ
1095 4435 1581 4503 κατασκηνῶσαι.
1628 4428 1728 4487 Οὗι
1749 4463 1809 4520 -ο

152 4549 250 4597 τοι,
277 4534 452 4606 φησὶν
471 4573 488 4596 ,
526 4533 576 4585 οἱ
614 4530 922 4602 ἄνθρωποι,
951 4528 1043 4592 οὒς
1071 4527 1260 4591 ἔλαϐες
1284 4528 1492 4598 δόματα
1514 4567 1529 4590 ,
1566 4526 1734 4579 πάλαι

152 4623 276 4695 ἦσαν
295 4623 676 4687 ἀπειθοῦντες.
716 4621 875 4674 Ἀλλά
902 4623 996 4674 καὶ
1023 4622 1253 4686 τούτοις,
1285 4621 1436 4689 φησι,
1467 4619 1736 4690 κατεσκή-

153 4730 337 4777 uos-1;.
381 4714 542 4766 Ἐστι
574 4712 631 4764 δὲ
670 4711 738 4764 δι’
773 4709 1083 4781 ὑπερϐατοῦ
1119 4713 1152 4782 ἡ
1186 4709 1414 4762 διάνοια.
1479 4708 1734 4774 Ἐλαὸες

152 4801 366 4874 δόματα
408 4806 486 4859 ἐν
511 4803 872 4873 ἀνθρώποις,
911 4803 1052 4856 ὥστε
1088 4801 1510 4874 κατασκηνῶσαι
1547 4802 1603 4854 ἐν
1635 4801 1734 4855 αὐ-

153 4901 270 4960 so'tg,
297 4898 548 4968 δηλονότι
580 4900 693 4960 τοῖς
719 4896 1034 4967 διδομένοις.
1069 4896 1232 4949 Αὐτοὶ
1264 4895 1321 4947 δέ
1343 4886 1510 4958 οὗτοι,
1545 4894 1730 4963 φησὶν,

156 4987 237 5052 οὓς
264 4989 460 5052 ἔλαϐες
479 5028 493 5052 ,
531 4987 697 5041 πάλαι
733 4983 870 5058 ἦσαν
894 4987 1157 5048 ἀπειθεῖς.
1187 4984 1353 5056 Δῆλον
1379 4983 1432 5036 δὲ
1450 5023 1465 5049 ,
1492 4984 1572 5036 ὅτι
1595 5023 1609 5049 ,
1644 4983 1732 5035 ὅτε

156 5081 212 5149 τῇ
238 5081 412 5133 κτίσει
450 5077 603 5149 παρὰ
633 5079 727 5130 τὸν
761 5076 1020 5131 κτίσαντα
1044 5075 1356 5146 ἐλάτρευον.

218 5260 428 5327 Κύριος
457 5260 491 5311 ὁ
546 5255 694 5321 Θεὸς
741 5253 1070 5324 εὐλογητὸς
1094 5293 1109 5317 ,
1143 5251 1472 5322 εὐλογητὸς
1519 5250 1734 5320 Κύριος

160 5349 373 5416 ἡμέραν
409 5351 541 5403 καθ’
575 5347 828 5417 ἡμέραν.
901 5345 1024 5400 Ἐπὶ
1079 5344 1302 5416 μεγάλῳ
1347 5340 1734 5414 κατορθώματι

161 5438 314 5507 ὕμνον
347 5441 664 5509 ἀναπέμπει
698 5437 788 5508 ⁹τῷ
824 5437 942 5509 Θεῷ
964 5478 979 5502 ,
1019 5440 1048 5490 6
1079 5438 1242 5509 χορὸς
1271 5437 1330 5491 δὲ
1357 5435 1596 5507 δηλονότι
1625 5432 1735 5486 τῶν

95 5513 98 5516 ’
162 5531 458 5586 ἀποστόλων
526 5528 939 5584 Κατευοδώσει
970 5529 1117 5598 ἡμῖν
1147 5531 1180 5586 ὀ
1220 5528 1364 5594 Θεὸς
1393 5530 1514 5580 τῶν
1541 5539 1735 5594 σωτη-

225 5651 264 5679 ’³
290 5649 307 5702 l
335 5649 463 5704 Cor.
501 5665 584 5710 Ill,
615 5646 671 5702 2.
739 5647 784 5679 ’⁸
816 5646 1171 5710 Psal.cxxxt,
1200 5645 1286 5702 ιι.

167 5717 203 5750 ⁸³
229 5719 382 5777 Rem.
417 5735 457 5785 ι,
483 5719 577 5774 9-5.

593 5813 865 5880 Parnm“
899 5808 1019 5871 Gn.
1050 5807 1311 5869 XXVII.

1371 5645 1410 5679 "
1443 5644 1576 5700 Dan.
1609 5660 1704 5712 vn,
1751 5643 1838 5702 IO.
1884 5719 1886 5722 ν
1916 5643 1958 5676 ⁸⁸
1981 5641 2182 5714 Ephes.
2217 5657 2290 5706 tv,
2320 5641 2371 5695 8.

1840 1872 2038 1927 delicet
2075 1886 2350 1938 sermone,
2373 1871 2530 1940 juxta
2574 1871 2706 1926 illud
2736 1891 2750 1926 :
2780 1870 2940 1925 Lacte
2963 1888 3050 1925 vos
3082 1871 3282 1939 potavi,
3313 1886 3416 1923 non

1839 1965 1952 2019 cibo
1975 1965 2040 2019 ³⁷.
2066 1963 2328 2033 Obiurgat
2367 1965 2549 2035 itaque
2577 1979 2674 2018 eos
2709 1965 2803 2034 qui
2838 1964 3219 2019 haereticorum
3247 1963 3417 2018 eccle-

1840 2059 1952 2112 sias
1974 2056 2288 2125 coagulatas
2317 2071 2438 2112 esse
2462 2055 2835 2125 suspicantur.
2863 2054 3008 2109 Nihil
3036 2055 3234 2126 quippe
3274 2056 3418 2110 inest

1839 2151 1919 2203 eis
1957 2147 2104 2218 quod
2151 2149 2296 2203 alere
2342 2149 2516 2218 possit
2545 2147 2611 2200 ad
2659 2147 2997 2215 spiritualem
3044 2148 3231 2201 vitam.
3271 2145 3418 2202 Heus

1841 2253 1958 2302 vos,
1977 2238 2108 2308 quid
2139 2237 2495 2307 suspicamini
2516 2237 2653 2292 alios
2679 2247 2835 2292 extra
2866 2235 3165 2292 Ecclesiam
3200 2248 3416 2292 montes

1840 2345 1962 2386 esse
1983 2331 2322 2400 coagulatos,
2355 2339 2408 2385 et
2440 2344 2548 2384 non
2579 2330 2760 2400 potius
2781 2339 3021 2384 montem
3057 2329 3208 2384 illum
3233 2329 3408 2384 solum

1843 2421 2156 2489 suspicitis,
2193 2422 2248 2474 in
2285 2437 2386 2491 quo
2431 2420 2811 2490 beneplacilum
2845 2429 2921 2474 est
2960 2419 3066 2472 Deo
3095 2420 3331 2474 habitare
3360 2420 3415 2472 in

1841 2514 1938 2567 eo?
1963 2512 2116 2578 Quod
2134 2513 2278 2567 enim
2301 2515 2353 2566 in
2381 2512 2618 2566 Ecclesia
2644 2511 2869 2576 habitet,
2900 2510 3075 2580 palam
3104 2519 3268 2564 estex
3295 2508 3416 2579 ejus

1845 2604 2025 2660 verbis
2051 2623 2063 2658 :
2095 2603 2198 2657 Hic
2229 2604 2479 2656 habitabo
2507 2605 2754 2674 quoniam
2783 2605 2914 2673 elegi
2943 2619 3060 2656 cam
3083 2602 3148 2656 ’⁸.

1921 2786 2007 2852 i8,
2037 2787 2122 2841 I9.
2148 2785 2350 2841 Curras
2379 2787 2473 2841 Dei
2498 2786 2673 2840 decem
2705 2786 2936 2840 millibus
2963 2785 3260 2855 multiplex,
3290 2785 3414 2837 mil-

1838 2877 1914 2931 lia
1957 2878 2274 2942 lwtanlium,
2305 2889 2408 2935 etc.
2447 2879 2679 2934 Currum
2719 2879 2813 2933 Dei
2860 2888 3018 2932 vocat
3061 2878 3314 2933 caelestes
3344 2893 3408 2930 ac

1840 2971 2150 3040 spirituales
2174 2973 2422 3038 virtutes,
2457 2972 2656 3042 quibus
2685 2971 2898 3025 vehitur
2923 2969 3084 3024 Deus.
3113 2969 3302 3023 Simile
3324 2978 3408 3023 est

1841 3063 1916 3118 illi
1947 3082 1960 3118 :
1997 3063 2174 3117 Millia
2199 3064 2428 3118 millium
2458 3061 2829 3116 ministrabant
2855 3063 2922 3125 ei,
2951 3072 2998 3114 et
3031 3063 3197 3116 decies
3220 3061 3408 3114 millies

1839 3161 1974 3214 dena
2004 3161 2178 3215 millia
2229 3162 2547 3214 assistebant
2579 3160 2626 3213 ei
2654 3160 2721 3212 '9.
2760 3158 2824 3212 Ili
2861 3169 2989 3214 sunt
3029 3159 3118 3230 qui
3162 3159 3413 3213 Iattautur

1838 3261 2022 3322 utpote
2053 3268 2083 3307 a
2114 3265 2337 3323 peccato
2369 3252 2607 3308 liberati.
2633 3251 2734 3316 Qui
2768 3251 2868 3306 hoc
2894 3252 3157 3306 denorum
3185 3251 3410 3304 millium

1838 3360 2002 3399 curru
2029 3345 2266 3412 vehitur,
2305 3343 2573 3398 Dominus
2600 3344 2823 3413 ρει,αυὶ
2849 3352 2904 3398 et
2931 3343 2983 3397 in
3013 3353 3196 3398 monte
3225 3353 3414 3398 sancto

1839 3439 1993 3494 Sinai
2031 3439 2201 3510 legem
2248 3438 2418 3492 dedit.
2463 3439 2516 3492 Is
2558 3437 2676 3508 ipse
2708 3437 2834 3492 item
2879 3446 2963 3491 est
2999 3436 3091 3507 qui
3127 3437 3179 3490 in
3221 3437 3410 3503 altum,

1839 3531 1954 3585 sive
1982 3530 2034 3583 in
2072 3545 2291 3585 crucem
2325 3530 2658 3594 ascendens,
2692 3529 2960 3597 captivam
2998 3527 3153 3581 duxit
3186 3527 3413 3596 captivi-

1840 3633 2005 3678 tatem
2033 3624 2101 3689 ³ο,
2137 3623 2191 3676 id
2231 3628 2316 3677 est
2356 3624 2569 3676 animas
2621 3637 2651 3675 a
2679 3620 2895 3675 diabolo
2942 3621 2996 3674 in
3043 3620 3408 3688 captivitatem

1838 3715 2030 3770 ductas
2057 3717 2172 3784 ipse
2204 3715 2399 3768 iterum
2443 3713 2605 3783 cepit.
2632 3711 2686 3765 Id
2712 3712 3006 3781 enim-ipse
3036 3711 3307 3781 pollicitus
3329 3721 3412 3765 est

1838 3809 2058 3878 quando
2101 3805 2238 3859 dixit
2268 3823 2281 3859 :
2319 3802 2451 3858 Cum
2492 3804 2758 3857 exaltatus
2795 3803 2944 3872 fuero
2973 3820 3004 3855 a
3037 3811 3199 3866 terra,
3227 3803 3410 3856 omnia

1840 3892 2049 3946 traham
2075 3890 2144 3945 ad
2173 3893 2425 3961 meipsum
2451 3892 2517 3944 ³¹.
2542 3891 2804 3960 Accepisti
2832 3891 2969 3944 dona
3004 3893 3058 3944 in
3092 3893 3406 3946 hominibus.

1836 3985 1881 4037 Δ
1907 3998 2146 4053 quonam
2185 3984 2392 4052 accepit
2427 3983 2565 4037 dona
2603 3983 2917 4038 hominibus
2963 3984 3270 4053 praebenda,
3301 3985 3407 4038 nisi

1836 4091 1866 4130 a
1892 4075 2052 4130 Patre
2079 4079 2172 4146 qui
2204 4076 2340 4131 dixit
2364 4077 2413 4108 ³¹
2439 4095 2451 4130 :
2482 4076 2708 4130 Postula
2727 4094 2757 4129 a
2785 4094 2862 4129 me
2891 4087 2938 4128 et
2958 4080 3091 4130 dabo
3121 4079 3216 4132 tibi
3236 4089 3410 4133 centes

1837 4168 2196 4222 ha'reditatem
2234 4177 2377 4222 tuam
2403 4169 2427 4222 ?

1911 4421 2003 4477 ΞΟ.
2035 4421 2244 4476 Etenim
2289 4439 2391 4476 non
2436 4423 2699 4476 credentes
2741 4423 3053 4477 inhabitare.
3087 4423 3175 4491 Ili,
3211 4423 3408 4496 inquit,

1841 4515 2110 4580 homines,
2157 4530 2295 4583 quos
2339 4514 2597 4582 accepisti
2635 4513 2687 4567 in
2719 4513 2884 4578 dona,
2929 4515 3057 4570 olim
3095 4525 3251 4572 erant
3293 4534 3405 4573 non

1836 4605 2138 4661 credentes.
2159 4605 2265 4660 Sed
2294 4604 2348 4658 in
2374 4605 2499 4672 illis,
2522 4605 2616 4672 ait,
2635 4606 2972 4662 iuhabitasti.
2999 4608 3155 4675 Quod
3185 4626 3280 4680 per
3311 4611 3411 4682 hy-

1838 4698 2116 4768 perbaton,
2138 4697 2252 4753 sive
2280 4697 2770 4767 transgressionem
2792 4698 3082 4754 verborum
3108 4701 3413 4770 intelligen-

1837 4792 1989 4845 dum.
2030 4789 2281 4859 Accepisti
2314 4789 2456 4842 dona
2498 4789 2555 4842 in
2595 4787 2916 4856 hominibus,
2944 4791 3016 4846 ita
3053 4800 3111 4844 ut
3140 4792 3410 4848 inhabites

1839 4883 1894 4936 in
1921 4883 2022 4948 eis,
2046 4881 2294 4935 videlicet
2339 4879 2391 4932 in
2423 4879 2504 4934 eis
2535 4881 2628 4950 qui
2656 4879 2771 4934 dati
2811 4893 2959 4937 sunt.
2993 4883 3033 4936 li
3074 4892 3253 4938 autem
3285 4884 3409 4953 ipsi,

1759 4971 1768 4981 '
1839 4975 1934 5038 ait,
1967 4988 2106 5044 quos
2155 4971 2434 5041 accepisti,
2466 4973 2597 5026 olim
2634 4989 2742 5028 non
2783 4975 3065 5030 credentes
3091 4987 3246 5029 erant
3271 4993 3285 5029 :
3315 4991 3411 5045 pa-

1839 5067 1947 5120 lam
1981 5074 2160 5120 autem
2190 5075 2273 5119 est
2315 5064 2368 5119 id
2403 5075 2517 5120 tum
2556 5067 2820 5131 evenisse,
2855 5066 3073 5136 quando
3103 5073 3410 5122 creaturam

1840 5157 2022 5226 potius
2048 5171 2210 5226 quam
2239 5155 2552 5210 Creatorem
2584 5158 2831 5212 colebant
2853 5157 2916 5209 ³³.

1922 5248 2172 5303 Dominus
2209 5248 2346 5302 Deus
2375 5247 2694 5314 benedictus,
2732 5248 3027 5302 benedictus
3053 5247 3302 5305 Dominus
3327 5251 3412 5305 die

1841 5342 2094 5412 quotidie.
2139 5340 2222 5395 Ob
2259 5357 2374 5396 rem
2418 5343 2677 5411 prazclare
2713 5351 2919 5412 gestam
2950 5344 3208 5414 hymnum
3257 5345 3415 5399 offert

1844 5435 1954 5490 Deo
1979 5435 2200 5500 chorus,
2233 5443 2292 5487 ut
2327 5434 2501 5503 palam
2531 5442 2633 5498 cst,
2661 5434 3054 5502 apostolorum.
3091 5435 3413 5512 Prosperunt

1842 5528 1943 5580 iter
1996 5525 2154 5595 faciet
2199 5525 2347 5578 nobis
2400 5525 2540 5579 Deus
2576 5525 2896 5580 salutarium
2940 5539 3258 5583 nostrorum.
3309 5528 3414 5590 Tu,

2460 5640 2501 5674 ³¹
2532 5639 2690 5696 Joan.
2718 5658 2834 5709 xm,
2864 5643 2952 5698 32.
3037 5643 3082 5677 ³²
3109 5641 3249 5698 Psal.
3275 5657 3334 5706 is,
3359 5640 3412 5698 8.

3063 5807 3134 5866 10
