  <div class='ocr_page' id='page_1' title='image "/cluster/home/n/w/nwhite01/storage/ocr_20150623/27/hvd.32044014174452/167.png"; bbox 0 0 3786 6278; ppageno 0'>
   <div class='ocr_carea' id='block_1_1' title="bbox 366 269 476 324">
    <p class='ocr_par' dir='ltr' id='par_1_1' title="bbox 366 269 476 324">
     <span class='ocr_line' id='line_1_1' title="bbox 366 269 476 324; baseline 0.018 -2"><span class='ocrx_word' id='word_1_1' title='bbox 366 269 476 324; x_wconf 66' lang='lat'><strong>299</strong></span> 
     </span>
    </p>
   </div>
   <div class='ocr_carea' id='block_1_2' title="bbox 1212 265 2766 324">
    <p class='ocr_par' dir='ltr' id='par_1_2' title="bbox 1212 265 2766 324">
     <span class='ocr_line' id='line_1_2' title="bbox 1212 265 2766 324; baseline 0.001 -2"><span class='ocrx_word' id='word_1_2' title='bbox 1212 267 1268 322; x_wconf 76' lang='grc' dir='ltr'>Β.</span> <span class='ocrx_word' id='word_1_3' title='bbox 1311 265 1685 324; x_wconf 75' lang='lat' dir='ltr'><strong>ATHANASII</strong></span> <span class='ocrx_word' id='word_1_4' title='bbox 1723 267 1870 323; x_wconf 83' lang='lat' dir='ltr'><strong>OPP.</strong></span> <span class='ocrx_word' id='word_1_5' title='bbox 1915 268 2094 323; x_wconf 76' lang='lat' dir='ltr'><strong>PARS</strong></span> <span class='ocrx_word' id='word_1_6' title='bbox 2123 267 2210 322; x_wconf 86' lang='grc' dir='ltr'>ιιι.</span> <span class='ocrx_word' id='word_1_7' title='bbox 2253 296 2321 308; x_wconf 90' lang='lat'><strong>-—-</strong></span> <span class='ocrx_word' id='word_1_8' title='bbox 2357 267 2766 324; x_wconf 69' lang='lat' dir='ltr'><strong>EXEGETICA.</strong></span> 
     </span>
    </p>
   </div>
   <div class='ocr_carea' id='block_1_3' title="bbox 3489 271 3605 326">
    <p class='ocr_par' dir='ltr' id='par_1_3' title="bbox 3489 271 3605 326">
     <span class='ocr_line' id='line_1_3' title="bbox 3489 271 3605 326; baseline 0.034 -4"><span class='ocrx_word' id='word_1_9' title='bbox 3489 271 3605 326; x_wconf 75' lang='lat'><strong>300</strong></span> 
     </span>
    </p>
   </div>
   <div class='ocr_carea' id='block_1_4' title="bbox 369 375 1944 456">
    <p class='ocr_par' dir='ltr' id='par_1_4' title="bbox 369 379 1925 454">
     <span class='ocr_line' id='line_1_4' title="bbox 369 379 1925 454; baseline -0.001 -16"><span class='ocrx_word' id='word_1_10' title='bbox 369 381 564 454; x_wconf 80' lang='lat' dir='ltr'><strong>inquit,</strong></span> <span class='ocrx_word' id='word_1_11' title='bbox 605 379 849 444; x_wconf 86' lang='lat' dir='ltr'><strong>Domine,</strong></span> <span class='ocrx_word' id='word_1_12' title='bbox 879 381 1088 451; x_wconf 84' lang='lat' dir='ltr'><strong>aperies</strong></span> <span class='ocrx_word' id='word_1_13' title='bbox 1122 381 1273 434; x_wconf 84' lang='lat' dir='ltr'><strong>verbi</strong></span> <span class='ocrx_word' id='word_1_14' title='bbox 1303 379 1549 450; x_wconf 77' lang='lat' dir='ltr'><strong>ianuam,</strong></span> <span class='ocrx_word' id='word_1_15' title='bbox 1576 392 1634 436; x_wconf 91' lang='lat' dir='ltr'><strong>ut</strong></span> <span class='ocrx_word' id='word_1_16' title='bbox 1675 383 1761 436; x_wconf 81' lang='lat' dir='ltr'><strong>via</strong></span> <span class='ocrx_word' id='word_1_17' title='bbox 1796 397 1925 452; x_wconf 81' lang='lat' dir='ltr'><strong>prae-</strong></span> 
     </span>
    </p>
   </div>
   <div class='ocr_carea' id='block_1_5' title="bbox 2094 375 3610 456">
    <p class='ocr_par' dir='ltr' id='par_1_5' title="bbox 2094 375 3610 456">
     <span class='ocr_line' id='line_1_5' title="bbox 2094 375 3610 456; baseline 0.004 -23"><span class='ocrx_word' id='word_1_18' title='bbox 2094 399 2174 433; x_wconf 82' lang='grc' dir='ltr'><em>ων</em></span> <span class='ocrx_word' id='word_1_19' title='bbox 2203 381 2388 451; x_wconf 72' lang='grc' dir='ltr'>ἡμῶν,</span> <span class='ocrx_word' id='word_1_20' title='bbox 2423 383 2493 435; x_wconf 77' lang='grc' dir='ltr'><strong>Σὺ</strong></span> <span class='ocrx_word' id='word_1_21' title='bbox 2519 423 2532 446; x_wconf 91' lang='grc'><strong>,</strong></span> <span class='ocrx_word' id='word_1_22' title='bbox 2575 384 2737 453; x_wconf 66' lang='grc' dir='ltr'>φησιν</span> <span class='ocrx_word' id='word_1_23' title='bbox 2756 423 2771 445; x_wconf 86' lang='grc'><strong>,</strong></span> <span class='ocrx_word' id='word_1_24' title='bbox 2807 375 2852 435; x_wconf 79' lang='grc' dir='ltr'>ὦ</span> <span class='ocrx_word' id='word_1_25' title='bbox 2881 381 3145 446; x_wconf 77' lang='grc' dir='ltr'><strong>Δέσποτα,</strong></span> <span class='ocrx_word' id='word_1_26' title='bbox 3172 382 3402 449; x_wconf 79' lang='grc' dir='ltr'>ἀνοίξεις</span> <span class='ocrx_word' id='word_1_27' title='bbox 3428 383 3610 456; x_wconf 84' lang='grc' dir='ltr'>θύραν</span> 
     </span>
    </p>
   </div>
   <div class='ocr_carea' id='block_1_6' title="bbox 366 471 1232 542">
    <p class='ocr_par' dir='ltr' id='par_1_6' title="bbox 366 471 1232 542">
     <span class='ocr_line' id='line_1_6' title="bbox 366 471 1232 542; baseline 0 -16"><span class='ocrx_word' id='word_1_28' title='bbox 366 471 655 526; x_wconf 88' lang='lat' dir='ltr'><strong>dicationis</strong></span> <span class='ocrx_word' id='word_1_29' title='bbox 680 487 934 542; x_wconf 88' lang='lat' dir='ltr'><strong>prospera</strong></span> <span class='ocrx_word' id='word_1_30' title='bbox 959 473 1032 528; x_wconf 88' lang='lat' dir='ltr'><strong>sit</strong></span> <span class='ocrx_word' id='word_1_31' title='bbox 1056 471 1232 527; x_wconf 89' lang='lat' dir='ltr'><strong>nobis.</strong></span> 
     </span>
    </p>
   </div>
   <div class='ocr_carea' id='block_1_7' title="bbox 433 652 1929 724">
    <p class='ocr_par' dir='ltr' id='par_1_7' title="bbox 433 652 1929 724">
     <span class='ocr_line' id='line_1_7' title="bbox 433 652 1929 724; baseline 0.005 -19"><span class='ocrx_word' id='word_1_32' title='bbox 433 653 524 707; x_wconf 74' lang='grc'><strong>21,</strong></span> <span class='ocrx_word' id='word_1_33' title='bbox 572 652 705 706; x_wconf 89' lang='lat' dir='ltr'><strong>Deus</strong></span> <span class='ocrx_word' id='word_1_34' title='bbox 745 663 936 718; x_wconf 78' lang='lat' dir='ltr'><strong>noster,</strong></span> <span class='ocrx_word' id='word_1_35' title='bbox 971 652 1111 707; x_wconf 83' lang='lat' dir='ltr'><strong>Deus</strong></span> <span class='ocrx_word' id='word_1_36' title='bbox 1141 654 1315 709; x_wconf 87' lang='lat' dir='ltr'><strong>salvos</strong></span> <span class='ocrx_word' id='word_1_37' title='bbox 1349 655 1600 724; x_wconf 74' lang='lat' dir='ltr'><strong>faciendi,</strong></span> <span class='ocrx_word' id='word_1_38' title='bbox 1636 668 1684 711; x_wconf 84' lang='lat' dir='ltr'><strong>et</strong></span> <span class='ocrx_word' id='word_1_39' title='bbox 1716 657 1929 712; x_wconf 81' lang='lat' dir='ltr'><strong>Domini</strong></span> 
     </span>
    </p>
   </div>
   <div class='ocr_carea' id='block_1_8' title="bbox 2029 471 3609 545">
    <p class='ocr_par' dir='ltr' id='par_1_8' title="bbox 2029 471 3609 545">
     <span class='ocr_line' id='line_1_8' title="bbox 2029 471 3609 545; baseline 0.005 -21"><span class='ocrx_word' id='word_1_40' title='bbox 2029 471 2121 524; x_wconf 82' lang='grc' dir='ltr'>τοῦ</span> <span class='ocrx_word' id='word_1_41' title='bbox 2147 472 2325 541; x_wconf 86' lang='grc' dir='ltr'>λόγου,</span> <span class='ocrx_word' id='word_1_42' title='bbox 2357 473 2437 536; x_wconf 84' lang='grc' dir='ltr'>εἰς</span> <span class='ocrx_word' id='word_1_43' title='bbox 2463 473 2524 525; x_wconf 87' lang='grc' dir='ltr'>τὸ</span> <span class='ocrx_word' id='word_1_44' title='bbox 2551 473 2647 544; x_wconf 81' lang='grc' dir='ltr'>τὴν</span> <span class='ocrx_word' id='word_1_45' title='bbox 2667 473 2784 526; x_wconf 83' lang='grc' dir='ltr'>ὁδὸν</span> <span class='ocrx_word' id='word_1_46' title='bbox 2803 473 2897 526; x_wconf 82' lang='grc' dir='ltr'>τοῦ</span> <span class='ocrx_word' id='word_1_47' title='bbox 2922 473 3277 545; x_wconf 85' lang='grc' dir='ltr'>κηρύγματος</span> <span class='ocrx_word' id='word_1_48' title='bbox 3298 478 3609 532; x_wconf 84' lang='grc' dir='ltr'>κατευοδω-</span> 
     </span>
    </p>
   </div>
   <div class='ocr_carea' id='block_1_9' title="bbox 2031 563 2375 619">
    <p class='ocr_par' dir='ltr' id='par_1_9' title="bbox 2031 563 2375 619">
     <span class='ocr_line' id='line_1_9' title="bbox 2031 563 2375 619; baseline 0.015 -5"><span class='ocrx_word' id='word_1_49' title='bbox 2031 563 2190 619; x_wconf 81' lang='grc' dir='ltr'>θῆναι</span> <span class='ocrx_word' id='word_1_50' title='bbox 2222 567 2375 619; x_wconf 76' lang='grc' dir='ltr'>ἡμῖν.</span> 
     </span>
    </p>
   </div>
   <div class='ocr_carea' id='block_1_10' title="bbox 2063 568 3614 726">
    <p class='ocr_par' dir='ltr' id='par_1_10' title="bbox 2063 568 3614 726">
     <span class='ocr_line' id='line_1_10' title="bbox 2106 583 2375 619; baseline 0.011 -3"><span class='ocrx_word' id='word_1_51' title='bbox 2106 583 2190 617; x_wconf 92' lang='grc' dir='ltr'><strong>ναι</strong></span> <span class='ocrx_word' id='word_1_52' title='bbox 2309 583 2375 619; x_wconf 89' lang='grc' dir='ltr'><strong>ιν.</strong></span> 
     </span>
     <span class='ocr_line' id='line_1_11' title="bbox 2063 568 3614 726; baseline 0.003 -17"><span class='ocrx_word' id='word_1_53' title='bbox 2063 582 2100 632; x_wconf 72' lang='grc' dir='ltr'><strong>η</strong></span> <span class='ocrx_word' id='word_1_54' title='bbox 2119 657 2180 709; x_wconf 92' lang='lat'><strong>&#39;0</strong></span> <span class='ocrx_word' id='word_1_55' title='bbox 2211 568 2353 723; x_wconf 58' lang='grc' dir='ltr'>ἓὲθς</span> <span class='ocrx_word' id='word_1_56' title='bbox 2384 657 2573 726; x_wconf 75' lang='grc' dir='ltr'>ἡμῶν,</span> <span class='ocrx_word' id='word_1_57' title='bbox 2600 661 2631 709; x_wconf 85' lang='grc' dir='ltr'><em>ὀ</em></span> <span class='ocrx_word' id='word_1_58' title='bbox 2656 657 2798 724; x_wconf 87' lang='grc' dir='ltr'><strong>Θεὸς</strong></span> <span class='ocrx_word' id='word_1_59' title='bbox 2834 658 2938 712; x_wconf 84' lang='grc' dir='ltr'>τοῦ</span> <span class='ocrx_word' id='word_1_60' title='bbox 2969 658 3196 722; x_wconf 87' lang='grc' dir='ltr'>σῶσαι,</span> <span class='ocrx_word' id='word_1_61' title='bbox 3227 659 3325 713; x_wconf 78' lang='grc' dir='ltr'>καὶ</span> <span class='ocrx_word' id='word_1_62' title='bbox 3359 659 3462 713; x_wconf 87' lang='grc' dir='ltr'>τοῦ</span> <span class='ocrx_word' id='word_1_63' title='bbox 3492 664 3614 714; x_wconf 85' lang='grc' dir='ltr'><strong>Κυ-</strong></span> 
     </span>
    </p>
   </div>
   <div class='ocr_carea' id='block_1_11' title="bbox 369 734 1944 821">
    <p class='ocr_par' dir='ltr' id='par_1_11' title="bbox 369 734 1931 815">
     <span class='ocr_line' id='line_1_12' title="bbox 369 734 1931 815; baseline 0.007 -18"><span class='ocrx_word' id='word_1_64' title='bbox 369 744 580 798; x_wconf 88' lang='lat' dir='ltr'><strong>Domini</strong></span> <span class='ocrx_word' id='word_1_65' title='bbox 612 748 781 798; x_wconf 79' lang='lat' dir='ltr'><strong>exitus</strong></span> <span class='ocrx_word' id='word_1_66' title='bbox 833 747 1036 799; x_wconf 85' lang='lat' dir='ltr'><strong>mortis.</strong></span> <span class='ocrx_word' id='word_1_67' title='bbox 1082 746 1281 815; x_wconf 85' lang='lat' dir='ltr'><strong>Aperte</strong></span> <span class='ocrx_word' id='word_1_68' title='bbox 1322 749 1593 804; x_wconf 80' lang='lat' dir='ltr'><strong>confidere</strong></span> <span class='ocrx_word' id='word_1_69' title='bbox 1631 765 1688 805; x_wconf 86' lang='lat' dir='ltr'><strong>se</strong></span> <span class='ocrx_word' id='word_1_70' title='bbox 1728 734 1931 808; x_wconf 74' lang='lat' dir='ltr'><strong>indicat</strong></span> 
     </span>
    </p>
   </div>
   <div class='ocr_carea' id='block_1_12' title="bbox 2094 734 3613 821">
    <p class='ocr_par' dir='ltr' id='par_1_12' title="bbox 2094 747 3613 821">
     <span class='ocr_line' id='line_1_13' title="bbox 2094 747 3613 821; baseline 0.002 -20"><span class='ocrx_word' id='word_1_71' title='bbox 2094 764 2159 801; x_wconf 80' lang='grc' dir='ltr'><strong>ου</strong></span> <span class='ocrx_word' id='word_1_72' title='bbox 2189 748 2408 814; x_wconf 85' lang='grc' dir='ltr'><strong>Κυρίου</strong></span> <span class='ocrx_word' id='word_1_73' title='bbox 2432 751 2490 802; x_wconf 81' lang='lat' dir='ltr'><strong>al</strong></span> <span class='ocrx_word' id='word_1_74' title='bbox 2518 747 2770 811; x_wconf 78' lang='grc' dir='ltr'>διέξοδοι</span> <span class='ocrx_word' id='word_1_75' title='bbox 2800 748 2905 801; x_wconf 87' lang='grc' dir='ltr'>τοῦ</span> <span class='ocrx_word' id='word_1_76' title='bbox 2940 747 3220 805; x_wconf 81' lang='grc' dir='ltr'>θανάτου.</span> <span class='ocrx_word' id='word_1_77' title='bbox 3268 750 3470 821; x_wconf 83' lang='grc' dir='ltr'>Θαρσεῖ</span> <span class='ocrx_word' id='word_1_78' title='bbox 3509 769 3613 804; x_wconf 85' lang='grc' dir='ltr'>σα-</span> 
     </span>
    </p>
   </div>
   <div class='ocr_carea' id='block_1_13' title="bbox 364 837 1928 910">
    <p class='ocr_par' dir='ltr' id='par_1_13' title="bbox 364 837 1928 910">
     <span class='ocr_line' id='line_1_14' title="bbox 364 837 1928 910; baseline 0.005 -20"><span class='ocrx_word' id='word_1_79' title='bbox 364 854 459 892; x_wconf 91' lang='lat' dir='ltr'><strong>eos</strong></span> <span class='ocrx_word' id='word_1_80' title='bbox 483 838 574 907; x_wconf 89' lang='lat' dir='ltr'><strong>qui</strong></span> <span class='ocrx_word' id='word_1_81' title='bbox 605 847 820 907; x_wconf 89' lang='lat' dir='ltr'><strong>propter</strong></span> <span class='ocrx_word' id='word_1_82' title='bbox 842 837 1277 906; x_wconf 75' lang='lat' dir='ltr'><strong>praedicationem</strong></span> <span class='ocrx_word' id='word_1_83' title='bbox 1309 840 1573 910; x_wconf 81' lang='lat' dir='ltr'><strong>ad&#39;usque</strong></span> <span class='ocrx_word' id='word_1_84' title='bbox 1594 851 1822 898; x_wconf 89' lang='lat' dir='ltr'><strong>mortem</strong></span> <span class='ocrx_word' id='word_1_85' title='bbox 1847 860 1928 898; x_wconf 89' lang='lat' dir='ltr'><strong>ac-</strong></span> 
     </span>
    </p>
   </div>
   <div class='ocr_carea' id='block_1_14' title="bbox 362 928 1930 1000">
    <p class='ocr_par' dir='ltr' id='par_1_14' title="bbox 362 928 1930 1000">
     <span class='ocr_line' id='line_1_15' title="bbox 362 928 1930 1000; baseline 0.003 -15"><span class='ocrx_word' id='word_1_86' title='bbox 362 928 649 995; x_wconf 82' lang='lat' dir='ltr'><strong>cesserint,</strong></span> <span class='ocrx_word' id='word_1_87' title='bbox 679 929 1000 983; x_wconf 82' lang='lat' dir='ltr'><strong>educturum</strong></span> <span class='ocrx_word' id='word_1_88' title='bbox 1053 944 1112 984; x_wconf 91' lang='lat' dir='ltr'><strong>se</strong></span> <span class='ocrx_word' id='word_1_89' title='bbox 1167 945 1451 1000; x_wconf 78' lang='lat' dir='ltr'><strong>generose.</strong></span> <span class='ocrx_word' id='word_1_90' title='bbox 1483 930 1625 988; x_wconf 92' lang='lat' dir='ltr'><strong>Suos</strong></span> <span class='ocrx_word' id='word_1_91' title='bbox 1663 935 1808 989; x_wconf 89' lang='lat' dir='ltr'><strong>enim</strong></span> <span class='ocrx_word' id='word_1_92' title='bbox 1855 937 1930 990; x_wconf 87' lang='lat' dir='ltr'><strong>ait</strong></span> 
     </span>
    </p>
   </div>
   <div class='ocr_carea' id='block_1_15' title="bbox 362 1020 920 1076">
    <p class='ocr_par' dir='ltr' id='par_1_15' title="bbox 362 1020 920 1076">
     <span class='ocr_line' id='line_1_16' title="bbox 362 1020 920 1076; baseline 0.004 -2"><span class='ocrx_word' id='word_1_93' title='bbox 362 1036 483 1076; x_wconf 87' lang='lat' dir='ltr'><strong>esse</strong></span> <span class='ocrx_word' id='word_1_94' title='bbox 505 1021 683 1075; x_wconf 81' lang='lat' dir='ltr'><strong>exitus</strong></span> <span class='ocrx_word' id='word_1_95' title='bbox 710 1020 920 1076; x_wconf 89' lang='lat' dir='ltr'><strong>mortis.</strong></span> 
     </span>
    </p>
   </div>
   <div class='ocr_carea' id='block_1_16' title="bbox 436 1111 1924 1193">
    <p class='ocr_par' dir='ltr' id='par_1_16' title="bbox 436 1111 1924 1193">
     <span class='ocr_line' id='line_1_17' title="bbox 436 1111 1924 1193; baseline 0.005 -27"><span class='ocrx_word' id='word_1_96' title='bbox 436 1111 524 1166; x_wconf 72' lang='lat'><strong>22.</strong></span> <span class='ocrx_word' id='word_1_97' title='bbox 566 1111 928 1166; x_wconf 84' lang='lat' dir='ltr'><strong>Verumtamen</strong></span> <span class='ocrx_word' id='word_1_98' title='bbox 962 1112 1098 1167; x_wconf 84' lang='lat' dir='ltr'><strong>Deus</strong></span> <span class='ocrx_word' id='word_1_99' title='bbox 1126 1115 1419 1193; x_wconf 78' lang='lat' dir='ltr'><strong>confringet</strong></span> <span class='ocrx_word' id='word_1_100' title='bbox 1464 1119 1643 1187; x_wconf 78' lang='lat' dir='ltr'><strong>capita</strong></span> <span class='ocrx_word' id='word_1_101' title='bbox 1681 1119 1924 1173; x_wconf 82' lang='lat' dir='ltr'><strong>inimico-</strong></span> 
     </span>
    </p>
   </div>
   <div class='ocr_carea' id='block_1_17' title="bbox 362 1186 1929 1277">
    <p class='ocr_par' dir='ltr' id='par_1_17' title="bbox 362 1186 1929 1277">
     <span class='ocr_line' id='line_1_18' title="bbox 362 1186 1929 1277; baseline 0.006 -22"><span class='ocrx_word' id='word_1_102' title='bbox 362 1219 478 1256; x_wconf 89' lang='lat' dir='ltr'><strong>rum</strong></span> <span class='ocrx_word' id='word_1_103' title='bbox 504 1203 638 1272; x_wconf 86' lang='lat' dir='ltr'><strong>ejus,</strong></span> <span class='ocrx_word' id='word_1_104' title='bbox 667 1203 717 1257; x_wconf 93' lang='lat' dir='ltr'><strong>id</strong></span> <span class='ocrx_word' id='word_1_105' title='bbox 747 1213 829 1258; x_wconf 88' lang='lat' dir='ltr'><strong>est</strong></span> <span class='ocrx_word' id='word_1_106' title='bbox 859 1186 1143 1273; x_wconf 80' lang='lat' dir='ltr'><strong>apostolici</strong></span> <span class='ocrx_word' id='word_1_107' title='bbox 1169 1186 1342 1260; x_wconf 79' lang='lat' dir='ltr'><strong>chori.</strong></span> <span class='ocrx_word' id='word_1_108' title='bbox 1378 1186 1536 1277; x_wconf 84' lang='lat' dir='ltr'><strong>Ipsos</strong></span> <span class='ocrx_word' id='word_1_109' title='bbox 1559 1209 1704 1263; x_wconf 89' lang='lat' dir='ltr'><strong>enim</strong></span> <span class='ocrx_word' id='word_1_110' title='bbox 1735 1210 1929 1265; x_wconf 86' lang='lat' dir='ltr'><strong>libera-</strong></span> 
     </span>
    </p>
   </div>
   <div class='ocr_carea' id='block_1_18' title="bbox 360 1290 1927 1367">
    <p class='ocr_par' dir='ltr' id='par_1_18' title="bbox 360 1290 1927 1367">
     <span class='ocr_line' id='line_1_19' title="bbox 360 1290 1927 1367; baseline 0.006 -23"><span class='ocrx_word' id='word_1_111' title='bbox 360 1290 457 1357; x_wconf 89' lang='lat' dir='ltr'><strong>bit,</strong></span> <span class='ocrx_word' id='word_1_112' title='bbox 490 1291 1070 1348; x_wconf 87' lang='lat' dir='ltr'><strong>iuimicorum&#39;scilicet</strong></span> <span class='ocrx_word' id='word_1_113' title='bbox 1091 1294 1267 1362; x_wconf 82' lang='lat' dir='ltr'><strong>capita</strong></span> <span class='ocrx_word' id='word_1_114' title='bbox 1301 1294 1671 1367; x_wconf 87' lang='lat' dir='ltr'><strong>confringens.</strong></span> <span class='ocrx_word' id='word_1_115' title='bbox 1696 1298 1927 1353; x_wconf 82' lang='lat' dir='ltr'><strong>Assum-</strong></span> 
     </span>
    </p>
   </div>
   <div class='ocr_carea' id='block_1_19' title="bbox 360 1386 1927 1455">
    <p class='ocr_par' dir='ltr' id='par_1_19' title="bbox 360 1386 1927 1455">
     <span class='ocr_line' id='line_1_20' title="bbox 360 1386 1927 1455; baseline 0.006 -18"><span class='ocrx_word' id='word_1_116' title='bbox 360 1393 512 1452; x_wconf 90' lang='lat' dir='ltr'><strong>ptum</strong></span> <span class='ocrx_word' id='word_1_117' title='bbox 557 1392 740 1440; x_wconf 88' lang='lat' dir='ltr'><strong>autem</strong></span> <span class='ocrx_word' id='word_1_118' title='bbox 786 1395 867 1442; x_wconf 87' lang='lat' dir='ltr'><strong>est</strong></span> <span class='ocrx_word' id='word_1_119' title='bbox 899 1386 1106 1442; x_wconf 89' lang='lat' dir='ltr'><strong>dictum</strong></span> <span class='ocrx_word' id='word_1_120' title='bbox 1146 1387 1281 1442; x_wconf 91' lang='lat' dir='ltr'><strong>illud</strong></span> <span class='ocrx_word' id='word_1_121' title='bbox 1321 1403 1391 1444; x_wconf 86' lang='lat' dir='ltr'><strong>ex</strong></span> <span class='ocrx_word' id='word_1_122' title='bbox 1430 1389 1783 1455; x_wconf 85' lang='lat' dir='ltr'><strong>similitudine</strong></span> <span class='ocrx_word' id='word_1_123' title='bbox 1811 1406 1927 1446; x_wconf 88' lang='lat' dir='ltr'><strong>ser-</strong></span> 
     </span>
    </p>
   </div>
   <div class='ocr_carea' id='block_1_20' title="bbox 357 1481 1928 1553">
    <p class='ocr_par' dir='ltr' id='par_1_20' title="bbox 357 1481 1928 1553">
     <span class='ocr_line' id='line_1_21' title="bbox 357 1481 1928 1553; baseline 0.003 -20"><span class='ocrx_word' id='word_1_124' title='bbox 357 1488 602 1548; x_wconf 72' lang='lat' dir='ltr'><strong>pentum,</strong></span> <span class='ocrx_word' id='word_1_125' title='bbox 624 1481 718 1550; x_wconf 90' lang='lat' dir='ltr'><strong>qui</strong></span> <span class='ocrx_word' id='word_1_126' title='bbox 749 1496 872 1535; x_wconf 90' lang='lat' dir='ltr'><strong>cum</strong></span> <span class='ocrx_word' id='word_1_127' title='bbox 897 1481 1292 1536; x_wconf 86' lang='lat' dir='ltr'><strong>insurrexerint</strong></span> <span class='ocrx_word' id='word_1_128' title='bbox 1317 1481 1372 1536; x_wconf 92' lang='lat' dir='ltr'><strong>in</strong></span> <span class='ocrx_word' id='word_1_129' title='bbox 1395 1482 1652 1553; x_wconf 85' lang='lat' dir='ltr'><strong>aliquem,</strong></span> <span class='ocrx_word' id='word_1_130' title='bbox 1675 1483 1731 1537; x_wconf 82' lang='lat' dir='ltr'><strong>in</strong></span> <span class='ocrx_word' id='word_1_131' title='bbox 1751 1485 1928 1552; x_wconf 81' lang='lat' dir='ltr'><strong>capite</strong></span> 
     </span>
    </p>
   </div>
   <div class='ocr_carea' id='block_1_21' title="bbox 358 1569 1926 1644">
    <p class='ocr_par' dir='ltr' id='par_1_21' title="bbox 358 1569 1926 1644">
     <span class='ocr_line' id='line_1_22' title="bbox 358 1569 1926 1644; baseline 0.004 -22"><span class='ocrx_word' id='word_1_132' title='bbox 358 1569 602 1637; x_wconf 86' lang='lat' dir='ltr'><strong>percussi</strong></span> <span class='ocrx_word' id='word_1_133' title='bbox 637 1569 930 1624; x_wconf 80' lang='lat' dir='ltr'><strong>intereunt.</strong></span> <span class='ocrx_word' id='word_1_134' title='bbox 973 1569 1216 1642; x_wconf 79' lang='lat' dir='ltr'><strong>Respicit</strong></span> <span class='ocrx_word' id='word_1_135' title='bbox 1261 1572 1391 1627; x_wconf 90' lang='lat' dir='ltr'><strong>item</strong></span> <span class='ocrx_word' id='word_1_136' title='bbox 1433 1587 1614 1628; x_wconf 88' lang='lat' dir='ltr'><strong>sermo</strong></span> <span class='ocrx_word' id='word_1_137' title='bbox 1656 1574 1926 1644; x_wconf 87' lang='lat' dir='ltr'><strong>principes</strong></span> 
     </span>
    </p>
   </div>
   <div class='ocr_carea' id='block_1_22' title="bbox 356 1658 1928 1734">
    <p class='ocr_par' dir='ltr' id='par_1_22' title="bbox 356 1658 1928 1734">
     <span class='ocr_line' id='line_1_23' title="bbox 356 1658 1928 1734; baseline 0.005 -22"><span class='ocrx_word' id='word_1_138' title='bbox 356 1658 566 1713; x_wconf 80' lang='lat' dir='ltr'><strong>Judaici</strong></span> <span class='ocrx_word' id='word_1_139' title='bbox 596 1661 799 1730; x_wconf 80' lang='lat' dir='ltr'><strong>papuli.</strong></span> <span class='ocrx_word' id='word_1_140' title='bbox 844 1660 1096 1716; x_wconf 87' lang='lat' dir='ltr'><strong>Verticem</strong></span> <span class='ocrx_word' id='word_1_141' title='bbox 1143 1663 1323 1733; x_wconf 77' lang='lat' dir='ltr'><strong>capilli</strong></span> <span class='ocrx_word' id='word_1_142' title='bbox 1365 1664 1843 1734; x_wconf 84' lang='lat' dir='ltr'><strong>perambulantium</strong></span> <span class='ocrx_word' id='word_1_143' title='bbox 1873 1668 1928 1720; x_wconf 74' lang='lat' dir='ltr'><strong>in</strong></span> 
     </span>
    </p>
   </div>
   <div class='ocr_carea' id='block_1_23' title="bbox 355 1733 2000 1828">
    <p class='ocr_par' dir='ltr' id='par_1_23' title="bbox 355 1733 2000 1828">
     <span class='ocr_line' id='line_1_24' title="bbox 355 1733 2000 1828; baseline 0.007 -26"><span class='ocrx_word' id='word_1_144' title='bbox 355 1751 560 1805; x_wconf 79' lang='lat' dir='ltr'><strong>delictis</strong></span> <span class='ocrx_word' id='word_1_145' title='bbox 594 1753 726 1806; x_wconf 82' lang='lat' dir='ltr'><strong>suis.</strong></span> <span class='ocrx_word' id='word_1_146' title='bbox 753 1751 1017 1808; x_wconf 81' lang='lat' dir='ltr'><strong>Verticcm</strong></span> <span class='ocrx_word' id='word_1_147' title='bbox 1045 1755 1244 1824; x_wconf 87' lang='lat' dir='ltr'><strong>capilli,</strong></span> <span class='ocrx_word' id='word_1_148' title='bbox 1273 1733 1435 1825; x_wconf 88' lang='lat' dir='ltr'><strong>caput</strong></span> <span class='ocrx_word' id='word_1_149' title='bbox 1458 1765 1642 1824; x_wconf 89' lang='lat' dir='ltr'><strong>vocat;</strong></span> <span class='ocrx_word' id='word_1_150' title='bbox 1668 1757 1744 1811; x_wconf 88' lang='lat' dir='ltr'><strong>ait</strong></span> <span class='ocrx_word' id='word_1_151' title='bbox 1763 1772 1927 1828; x_wconf 89' lang='lat' dir='ltr'><strong>porro</strong></span> <span class='ocrx_word' id='word_1_152' title='bbox 1957 1733 2000 1790; x_wconf 69' lang='grc' dir='ltr'><strong><em>Β</em></strong></span> 
     </span>
    </p>
   </div>
   <div class='ocr_carea' id='block_1_24' title="bbox 355 1843 1927 1919">
    <p class='ocr_par' dir='ltr' id='par_1_24' title="bbox 355 1843 1927 1919">
     <span class='ocr_line' id='line_1_25' title="bbox 355 1843 1927 1919; baseline 0.005 -21"><span class='ocrx_word' id='word_1_153' title='bbox 355 1858 418 1898; x_wconf 75' lang='lat' dir='ltr'><strong>se</strong></span> <span class='ocrx_word' id='word_1_154' title='bbox 441 1843 616 1912; x_wconf 86' lang='lat' dir='ltr'><strong>capita</strong></span> <span class='ocrx_word' id='word_1_155' title='bbox 639 1858 827 1898; x_wconf 91' lang='lat' dir='ltr'><strong>eorum</strong></span> <span class='ocrx_word' id='word_1_156' title='bbox 853 1843 1280 1910; x_wconf 80' lang='lat' dir='ltr'><strong>confracturum,</strong></span> <span class='ocrx_word' id='word_1_157' title='bbox 1305 1846 1398 1914; x_wconf 92' lang='lat' dir='ltr'><strong>qui</strong></span> <span class='ocrx_word' id='word_1_158' title='bbox 1423 1857 1548 1916; x_wconf 91' lang='lat' dir='ltr'><strong>post</strong></span> <span class='ocrx_word' id='word_1_159' title='bbox 1569 1857 1789 1918; x_wconf 88' lang='lat' dir='ltr'><strong>peccata</strong></span> <span class='ocrx_word' id='word_1_160' title='bbox 1811 1864 1927 1919; x_wconf 69' lang='lat' dir='ltr'><strong>pm-</strong></span> 
     </span>
    </p>
   </div>
   <div class='ocr_carea' id='block_1_25' title="bbox 355 1935 1042 2007">
    <p class='ocr_par' dir='ltr' id='par_1_25' title="bbox 355 1935 1042 2007">
     <span class='ocr_line' id='line_1_26' title="bbox 355 1935 1042 2007; baseline 0.006 -19"><span class='ocrx_word' id='word_1_161' title='bbox 355 1935 639 1990; x_wconf 86' lang='lat' dir='ltr'><strong>nitentiam</strong></span> <span class='ocrx_word' id='word_1_162' title='bbox 675 1951 783 1990; x_wconf 92' lang='lat' dir='ltr'><strong>non</strong></span> <span class='ocrx_word' id='word_1_163' title='bbox 810 1937 1042 2007; x_wconf 83' lang='lat' dir='ltr'><strong>egerint.</strong></span> 
     </span>
    </p>
   </div>
   <div class='ocr_carea' id='block_1_26' title="bbox 431 2104 1924 2165">
    <p class='ocr_par' dir='ltr' id='par_1_26' title="bbox 431 2104 1924 2165">
     <span class='ocr_line' id='line_1_27' title="bbox 431 2104 1924 2165; baseline 0.005 -7"><span class='ocrx_word' id='word_1_164' title='bbox 431 2105 520 2160; x_wconf 77' lang='lat'><strong>23.</strong></span> <span class='ocrx_word' id='word_1_165' title='bbox 551 2104 695 2160; x_wconf 73' lang='lat' dir='ltr'><strong>Dixit</strong></span> <span class='ocrx_word' id='word_1_166' title='bbox 723 2105 976 2160; x_wconf 85' lang='lat' dir='ltr'><strong>Dominus</strong></span> <span class='ocrx_word' id='word_1_167' title='bbox 1003 2121 1023 2158; x_wconf 90' lang='lat'><strong><em>:</em></strong></span> <span class='ocrx_word' id='word_1_168' title='bbox 1056 2105 1139 2160; x_wconf 76' lang='lat' dir='ltr'><strong>Ea:</strong></span> <span class='ocrx_word' id='word_1_169' title='bbox 1177 2107 1358 2161; x_wconf 88' lang='lat' dir='ltr'><strong>Basan</strong></span> <span class='ocrx_word' id='word_1_170' title='bbox 1390 2119 1704 2162; x_wconf 75' lang='lat' dir='ltr'><strong>convertam.</strong></span> <span class='ocrx_word' id='word_1_171' title='bbox 1749 2108 1924 2165; x_wconf 86' lang='lat' dir='ltr'><strong>Basan</strong></span> 
     </span>
    </p>
   </div>
   <div class='ocr_carea' id='block_1_27' title="bbox 353 2197 1923 2272">
    <p class='ocr_par' dir='ltr' id='par_1_27' title="bbox 353 2197 1923 2272">
     <span class='ocr_line' id='line_1_28' title="bbox 353 2197 1923 2272; baseline 0.003 -20"><span class='ocrx_word' id='word_1_172' title='bbox 353 2197 659 2268; x_wconf 80' lang='lat' dir='ltr'><strong>explicatur</strong></span> <span class='ocrx_word' id='word_1_173' title='bbox 707 2200 1028 2265; x_wconf 76' lang='lat' dir='ltr'><strong>amaritudo,</strong></span> <span class='ocrx_word' id='word_1_174' title='bbox 1059 2198 1173 2254; x_wconf 87' lang='lat' dir='ltr'><strong>sive</strong></span> <span class='ocrx_word' id='word_1_175' title='bbox 1217 2200 1571 2254; x_wconf 80' lang='lat' dir='ltr'><strong>exacerbatio.</strong></span> <span class='ocrx_word' id='word_1_176' title='bbox 1606 2202 1697 2256; x_wconf 88' lang='lat' dir='ltr'><strong>Ait</strong></span> <span class='ocrx_word' id='word_1_177' title='bbox 1722 2201 1923 2272; x_wconf 87' lang='lat' dir='ltr'><strong>igitur:</strong></span> 
     </span>
    </p>
   </div>
   <div class='ocr_carea' id='block_1_28' title="bbox 354 2287 1924 2356">
    <p class='ocr_par' dir='ltr' id='par_1_28' title="bbox 354 2287 1924 2356">
     <span class='ocr_line' id='line_1_29' title="bbox 354 2287 1924 2356; baseline 0.005 -17"><span class='ocrx_word' id='word_1_178' title='bbox 354 2302 422 2341; x_wconf 86' lang='lat' dir='ltr'><strong>ex</strong></span> <span class='ocrx_word' id='word_1_179' title='bbox 454 2287 619 2342; x_wconf 91' lang='lat' dir='ltr'><strong>domo</strong></span> <span class='ocrx_word' id='word_1_180' title='bbox 651 2289 1050 2354; x_wconf 81' lang='lat' dir='ltr'><strong>cxacerbantis,</strong></span> <span class='ocrx_word' id='word_1_181' title='bbox 1075 2288 1127 2342; x_wconf 93' lang='lat' dir='ltr'><strong>id</strong></span> <span class='ocrx_word' id='word_1_182' title='bbox 1155 2297 1238 2344; x_wconf 90' lang='lat' dir='ltr'><strong>est</strong></span> <span class='ocrx_word' id='word_1_183' title='bbox 1269 2287 1508 2356; x_wconf 89' lang='lat' dir='ltr'><strong>lsraelis,</strong></span> <span class='ocrx_word' id='word_1_184' title='bbox 1535 2301 1823 2346; x_wconf 85' lang='lat' dir='ltr'><strong>convertar</strong></span> <span class='ocrx_word' id='word_1_185' title='bbox 1857 2293 1924 2347; x_wconf 90' lang='lat' dir='ltr'><strong>ad</strong></span> 
     </span>
    </p>
   </div>
   <div class='ocr_carea' id='block_1_29' title="bbox 355 2377 1925 2448">
    <p class='ocr_par' dir='ltr' id='par_1_29' title="bbox 355 2377 1925 2448">
     <span class='ocr_line' id='line_1_30' title="bbox 355 2377 1925 2448; baseline 0.004 -17"><span class='ocrx_word' id='word_1_186' title='bbox 355 2377 645 2447; x_wconf 88' lang='lat' dir='ltr'><strong>meipsum.</strong></span> <span class='ocrx_word' id='word_1_187' title='bbox 671 2377 981 2433; x_wconf 84' lang='lat' dir='ltr'><strong>Convertam</strong></span> <span class='ocrx_word' id='word_1_188' title='bbox 997 2380 1054 2432; x_wconf 87' lang='lat' dir='ltr'><strong>in</strong></span> <span class='ocrx_word' id='word_1_189' title='bbox 1077 2379 1402 2448; x_wconf 72' lang='lat' dir='ltr'><strong>profundum</strong></span> <span class='ocrx_word' id='word_1_190' title='bbox 1419 2383 1603 2436; x_wconf 83' lang='lat' dir='ltr'><strong>maris.</strong></span> <span class='ocrx_word' id='word_1_191' title='bbox 1629 2380 1802 2436; x_wconf 86' lang='lat' dir='ltr'><strong>Etiam</strong></span> <span class='ocrx_word' id='word_1_192' title='bbox 1829 2397 1925 2438; x_wconf 87' lang='lat' dir='ltr'><strong>eos</strong></span> 
     </span>
    </p>
   </div>
   <div class='ocr_carea' id='block_1_30' title="bbox 354 2471 1925 2544">
    <p class='ocr_par' dir='ltr' id='par_1_30' title="bbox 354 2471 1925 2544">
     <span class='ocr_line' id='line_1_31' title="bbox 354 2471 1925 2544; baseline 0.003 -18"><span class='ocrx_word' id='word_1_193' title='bbox 354 2472 448 2542; x_wconf 86' lang='lat' dir='ltr'><strong>qui</strong></span> <span class='ocrx_word' id='word_1_194' title='bbox 479 2473 533 2526; x_wconf 89' lang='lat' dir='ltr'><strong>in</strong></span> <span class='ocrx_word' id='word_1_195' title='bbox 563 2471 893 2544; x_wconf 85' lang='lat' dir='ltr'><strong>profundum</strong></span> <span class='ocrx_word' id='word_1_196' title='bbox 923 2475 1260 2544; x_wconf 76' lang='lat' dir='ltr'><strong>voluptatum</strong></span> <span class='ocrx_word' id='word_1_197' title='bbox 1283 2474 1518 2530; x_wconf 85' lang='lat' dir='ltr'><strong>demersi</strong></span> <span class='ocrx_word' id='word_1_198' title='bbox 1540 2475 1773 2540; x_wconf 78' lang='lat' dir='ltr'><strong>fuerant,</strong></span> <span class='ocrx_word' id='word_1_199' title='bbox 1793 2492 1925 2531; x_wconf 91' lang='lat' dir='ltr'><strong>con-</strong></span> 
     </span>
    </p>
   </div>
   <div class='ocr_carea' id='block_1_31' title="bbox 353 2564 971 2635">
    <p class='ocr_par' dir='ltr' id='par_1_31' title="bbox 353 2564 971 2635">
     <span class='ocr_line' id='line_1_32' title="bbox 353 2564 971 2635; baseline 0.008 -20"><span class='ocrx_word' id='word_1_200' title='bbox 353 2572 559 2619; x_wconf 79' lang='lat' dir='ltr'><strong>vertam</strong></span> <span class='ocrx_word' id='word_1_201' title='bbox 587 2564 654 2619; x_wconf 86' lang='lat' dir='ltr'><strong>ad</strong></span> <span class='ocrx_word' id='word_1_202' title='bbox 682 2564 971 2635; x_wconf 89' lang='lat' dir='ltr'><strong>meipsum.</strong></span> 
     </span>
    </p>
   </div>
   <div class='ocr_carea' id='block_1_32' title="bbox 431 2738 1922 2812">
    <p class='ocr_par' dir='ltr' id='par_1_32' title="bbox 431 2738 1922 2812">
     <span class='ocr_line' id='line_1_33' title="bbox 431 2738 1922 2812; baseline 0.002 -18"><span class='ocrx_word' id='word_1_203' title='bbox 431 2739 524 2797; x_wconf 71' lang='lat'><strong>24.</strong></span> <span class='ocrx_word' id='word_1_204' title='bbox 561 2738 629 2794; x_wconf 87' lang='lat' dir='ltr'><strong>Ut</strong></span> <span class='ocrx_word' id='word_1_205' title='bbox 649 2742 948 2812; x_wconf 79' lang='lat' dir='ltr'><strong>intingatur</strong></span> <span class='ocrx_word' id='word_1_206' title='bbox 967 2756 1051 2810; x_wconf 89' lang='lat' dir='ltr'><strong>pes</strong></span> <span class='ocrx_word' id='word_1_207' title='bbox 1080 2749 1198 2794; x_wconf 89' lang='lat' dir='ltr'><strong>tuus</strong></span> <span class='ocrx_word' id='word_1_208' title='bbox 1227 2741 1287 2793; x_wconf 90' lang='lat' dir='ltr'><strong>in</strong></span> <span class='ocrx_word' id='word_1_209' title='bbox 1317 2740 1589 2811; x_wconf 86' lang='lat' dir='ltr'><strong>sanguine.</strong></span> <span class='ocrx_word' id='word_1_210' title='bbox 1624 2740 1791 2797; x_wconf 87' lang='lat' dir='ltr'><strong>Docet</strong></span> <span class='ocrx_word' id='word_1_211' title='bbox 1817 2757 1922 2812; x_wconf 83' lang='lat' dir='ltr'><strong>qua</strong></span> 
     </span>
    </p>
   </div>
   <div class='ocr_carea' id='block_1_33' title="bbox 358 2833 1926 2906">
    <p class='ocr_par' dir='ltr' id='par_1_33' title="bbox 358 2833 1926 2906">
     <span class='ocr_line' id='line_1_34' title="bbox 358 2833 1926 2906; baseline 0.002 -20"><span class='ocrx_word' id='word_1_212' title='bbox 358 2834 568 2891; x_wconf 87' lang='lat' dir='ltr'><strong>ratione</strong></span> <span class='ocrx_word' id='word_1_213' title='bbox 589 2843 929 2891; x_wconf 85' lang='lat' dir='ltr'><strong>convertent.</strong></span> <span class='ocrx_word' id='word_1_214' title='bbox 962 2833 1030 2890; x_wconf 87' lang='lat' dir='ltr'><strong>Et</strong></span> <span class='ocrx_word' id='word_1_215' title='bbox 1059 2834 1338 2906; x_wconf 86' lang='lat' dir='ltr'><strong>quomodo</strong></span> <span class='ocrx_word' id='word_1_216' title='bbox 1368 2843 1703 2902; x_wconf 87' lang='lat' dir='ltr'><strong>convertent,</strong></span> <span class='ocrx_word' id='word_1_217' title='bbox 1721 2835 1828 2889; x_wconf 89' lang='lat' dir='ltr'><strong>nisi</strong></span> <span class='ocrx_word' id='word_1_218' title='bbox 1858 2835 1926 2889; x_wconf 88' lang='lat' dir='ltr'><strong>de</strong></span> 
     </span>
    </p>
   </div>
   <div class='ocr_carea' id='block_1_34' title="bbox 357 2924 1925 2996">
    <p class='ocr_par' dir='ltr' id='par_1_34' title="bbox 357 2924 1925 2996">
     <span class='ocr_line' id='line_1_35' title="bbox 357 2924 1925 2996; baseline -0.003 -12"><span class='ocrx_word' id='word_1_219' title='bbox 357 2926 535 2984; x_wconf 87' lang='lat' dir='ltr'><strong>medio</strong></span> <span class='ocrx_word' id='word_1_220' title='bbox 575 2925 804 2983; x_wconf 87' lang='lat' dir='ltr'><strong>sublatis</strong></span> <span class='ocrx_word' id='word_1_221' title='bbox 837 2925 1090 2996; x_wconf 77' lang='lat' dir='ltr'><strong>malignis</strong></span> <span class='ocrx_word' id='word_1_222' title='bbox 1135 2925 1541 2996; x_wconf 85' lang='lat' dir='ltr'><strong>potestatibus?</strong></span> <span class='ocrx_word' id='word_1_223' title='bbox 1576 2924 1925 2981; x_wconf 84' lang='lat' dir='ltr'><strong>Deduxerunt</strong></span> 
     </span>
    </p>
   </div>
   <div class='ocr_carea' id='block_1_35' title="bbox 356 3014 1926 3088">
    <p class='ocr_par' dir='ltr' id='par_1_35' title="bbox 356 3014 1926 3088">
     <span class='ocr_line' id='line_1_36' title="bbox 356 3014 1926 3088; baseline -0.002 -15"><span class='ocrx_word' id='word_1_224' title='bbox 356 3018 501 3073; x_wconf 82' lang='lat' dir='ltr'><strong>enim</strong></span> <span class='ocrx_word' id='word_1_225' title='bbox 524 3017 843 3088; x_wconf 85' lang='lat' dir='ltr'><strong>sanguinem</strong></span> <span class='ocrx_word' id='word_1_226' title='bbox 875 3016 1118 3086; x_wconf 89' lang='lat' dir='ltr'><strong>ipsorum</strong></span> <span class='ocrx_word' id='word_1_227' title='bbox 1153 3015 1210 3069; x_wconf 90' lang='lat' dir='ltr'><strong>in</strong></span> <span class='ocrx_word' id='word_1_228' title='bbox 1236 3025 1458 3081; x_wconf 85' lang='lat' dir='ltr'><strong>terram,</strong></span> <span class='ocrx_word' id='word_1_229' title='bbox 1483 3014 1638 3085; x_wconf 84' lang='lat' dir='ltr'><strong>juxta</strong></span> <span class='ocrx_word' id='word_1_230' title='bbox 1667 3015 1926 3071; x_wconf 69' lang='lat' dir='ltr'><strong>lsairevo-</strong></span> 
     </span>
    </p>
   </div>
   <div class='ocr_carea' id='block_1_36' title="bbox 356 3081 1996 3178">
    <p class='ocr_par' dir='ltr' id='par_1_36' title="bbox 356 3081 1996 3178">
     <span class='ocr_line' id='line_1_37' title="bbox 356 3081 1996 3178; baseline -0.001 -13"><span class='ocrx_word' id='word_1_231' title='bbox 356 3125 495 3177; x_wconf 89' lang='lat' dir='ltr'><strong>cem,</strong></span> <span class='ocrx_word' id='word_1_232' title='bbox 526 3110 601 3164; x_wconf 89' lang='lat' dir='ltr'><strong>ita</strong></span> <span class='ocrx_word' id='word_1_233' title='bbox 629 3081 690 3162; x_wconf 77' lang='lat' dir='ltr'><strong>ut</strong></span> <span class='ocrx_word' id='word_1_234' title='bbox 731 3123 826 3178; x_wconf 88' lang='lat' dir='ltr'><strong>pes</strong></span> <span class='ocrx_word' id='word_1_235' title='bbox 851 3081 971 3178; x_wconf 43' lang='lat' dir='ltr'><strong>ej—us</strong></span> <span class='ocrx_word' id='word_1_236' title='bbox 1006 3108 1366 3178; x_wconf 90' lang='lat' dir='ltr'><strong>intingeretur</strong></span> <span class='ocrx_word' id='word_1_237' title='bbox 1397 3108 1453 3162; x_wconf 92' lang='lat' dir='ltr'><strong>in</strong></span> <span class='ocrx_word' id='word_1_238' title='bbox 1487 3107 1769 3178; x_wconf 87' lang='lat' dir='ltr'><strong>sanguine.</strong></span> <span class='ocrx_word' id='word_1_239' title='bbox 1799 3107 1926 3164; x_wconf 80' lang='lat' dir='ltr'><strong>Haec</strong></span> <span class='ocrx_word' id='word_1_240' title='bbox 1951 3081 1996 3142; x_wconf 64' lang='grc' dir='ltr'><strong>Ο</strong></span> 
     </span>
    </p>
   </div>
   <div class='ocr_carea' id='block_1_37' title="bbox 357 3194 1923 3266">
    <p class='ocr_par' dir='ltr' id='par_1_37' title="bbox 357 3194 1923 3266">
     <span class='ocr_line' id='line_1_38' title="bbox 357 3194 1923 3266; baseline -0.001 -14"><span class='ocrx_word' id='word_1_241' title='bbox 357 3207 538 3253; x_wconf 83' lang='lat' dir='ltr'><strong>autem</strong></span> <span class='ocrx_word' id='word_1_242' title='bbox 578 3197 823 3252; x_wconf 87' lang='lat' dir='ltr'><strong>historiae</strong></span> <span class='ocrx_word' id='word_1_243' title='bbox 856 3211 1008 3252; x_wconf 86' lang='lat' dir='ltr'><strong>more</strong></span> <span class='ocrx_word' id='word_1_244' title='bbox 1049 3197 1454 3252; x_wconf 87' lang='lat' dir='ltr'><strong>describuntur.</strong></span> <span class='ocrx_word' id='word_1_245' title='bbox 1497 3194 1704 3266; x_wconf 89' lang='lat' dir='ltr'><strong>Lingua</strong></span> <span class='ocrx_word' id='word_1_246' title='bbox 1733 3213 1923 3251; x_wconf 88' lang='lat' dir='ltr'><strong>canum</strong></span> 
     </span>
    </p>
   </div>
   <div class='ocr_carea' id='block_1_38' title="bbox 356 3285 1924 3356">
    <p class='ocr_par' dir='ltr' id='par_1_38' title="bbox 356 3285 1924 3356">
     <span class='ocr_line' id='line_1_39' title="bbox 356 3285 1924 3356; baseline 0.001 -16"><span class='ocrx_word' id='word_1_247' title='bbox 356 3299 567 3341; x_wconf 83' lang='lat' dir='ltr'><strong>tuorum</strong></span> <span class='ocrx_word' id='word_1_248' title='bbox 595 3302 659 3340; x_wconf 80' lang='lat' dir='ltr'><strong>ea:</strong></span> <span class='ocrx_word' id='word_1_249' title='bbox 698 3287 928 3340; x_wconf 89' lang='lat' dir='ltr'><strong>inimicis</strong></span> <span class='ocrx_word' id='word_1_250' title='bbox 962 3287 1026 3340; x_wconf 88' lang='lat' dir='ltr'><strong>ab</strong></span> <span class='ocrx_word' id='word_1_251' title='bbox 1071 3288 1208 3356; x_wconf 83' lang='lat' dir='ltr'><strong>ipso.</strong></span> <span class='ocrx_word' id='word_1_252' title='bbox 1242 3285 1420 3342; x_wconf 88' lang='lat' dir='ltr'><strong>Canes</strong></span> <span class='ocrx_word' id='word_1_253' title='bbox 1454 3287 1587 3341; x_wconf 87' lang='lat' dir='ltr'><strong>dicit</strong></span> <span class='ocrx_word' id='word_1_254' title='bbox 1624 3287 1924 3356; x_wconf 79' lang='lat' dir='ltr'><strong>Spiritualis</strong></span> 
     </span>
    </p>
   </div>
   <div class='ocr_carea' id='block_1_39' title="bbox 355 3379 1924 3450">
    <p class='ocr_par' dir='ltr' id='par_1_39' title="bbox 355 3379 1924 3450">
     <span class='ocr_line' id='line_1_40' title="bbox 355 3379 1924 3450; baseline 0.002 -19"><span class='ocrx_word' id='word_1_255' title='bbox 355 3379 516 3434; x_wconf 82' lang='lat' dir='ltr'><strong>ovilis</strong></span> <span class='ocrx_word' id='word_1_256' title='bbox 540 3379 815 3445; x_wconf 86' lang='lat' dir='ltr'><strong>custodes,</strong></span> <span class='ocrx_word' id='word_1_257' title='bbox 846 3389 1065 3434; x_wconf 84' lang='lat' dir='ltr'><strong>sanctos</strong></span> <span class='ocrx_word' id='word_1_258' title='bbox 1102 3379 1506 3450; x_wconf 65' lang='lat' dir='ltr'><strong>praedicatores.</strong></span> <span class='ocrx_word' id='word_1_259' title='bbox 1544 3379 1786 3445; x_wconf 88' lang='lat' dir='ltr'><strong>Quorum</strong></span> <span class='ocrx_word' id='word_1_260' title='bbox 1819 3380 1924 3434; x_wconf 87' lang='lat' dir='ltr'><strong>lin-</strong></span> 
     </span>
    </p>
   </div>
   <div class='ocr_carea' id='block_1_40' title="bbox 355 3469 1923 3540">
    <p class='ocr_par' dir='ltr' id='par_1_40' title="bbox 355 3469 1923 3540">
     <span class='ocr_line' id='line_1_41' title="bbox 355 3469 1923 3540; baseline 0.001 -16"><span class='ocrx_word' id='word_1_261' title='bbox 355 3484 459 3536; x_wconf 66' lang='lat' dir='ltr'><strong>una</strong></span> <span class='ocrx_word' id='word_1_262' title='bbox 497 3476 703 3523; x_wconf 89' lang='lat' dir='ltr'><strong>tantum</strong></span> <span class='ocrx_word' id='word_1_263' title='bbox 747 3485 853 3523; x_wconf 92' lang='lat' dir='ltr'><strong>non</strong></span> <span class='ocrx_word' id='word_1_264' title='bbox 896 3470 1143 3540; x_wconf 83' lang='lat' dir='ltr'><strong>degustat</strong></span> <span class='ocrx_word' id='word_1_265' title='bbox 1189 3469 1508 3540; x_wconf 86' lang='lat' dir='ltr'><strong>sanguinem</strong></span> <span class='ocrx_word' id='word_1_266' title='bbox 1560 3470 1923 3540; x_wconf 84' lang='lat' dir='ltr'><strong>spiritualium</strong></span> 
     </span>
    </p>
   </div>
   <div class='ocr_carea' id='block_1_41' title="bbox 357 3559 1923 3633">
    <p class='ocr_par' dir='ltr' id='par_1_41' title="bbox 357 3559 1923 3633">
     <span class='ocr_line' id='line_1_42' title="bbox 357 3559 1923 3633; baseline 0.001 -19"><span class='ocrx_word' id='word_1_267' title='bbox 357 3561 721 3616; x_wconf 89' lang='lat' dir='ltr'><strong>inimicorum.</strong></span> <span class='ocrx_word' id='word_1_268' title='bbox 747 3559 886 3616; x_wconf 91' lang='lat' dir='ltr'><strong>Dicit</strong></span> <span class='ocrx_word' id='word_1_269' title='bbox 909 3562 1089 3632; x_wconf 84' lang='lat' dir='ltr'><strong>itaque</strong></span> <span class='ocrx_word' id='word_1_270' title='bbox 1108 3563 1476 3633; x_wconf 88' lang='lat' dir='ltr'><strong>apostolorum</strong></span> <span class='ocrx_word' id='word_1_271' title='bbox 1506 3579 1692 3618; x_wconf 83' lang='lat' dir='ltr'><strong>vocem</strong></span> <span class='ocrx_word' id='word_1_272' title='bbox 1714 3571 1923 3618; x_wconf 88' lang='lat' dir='ltr'><strong>tantum</strong></span> 
     </span>
    </p>
   </div>
   <div class='ocr_carea' id='block_1_42' title="bbox 355 3652 1828 3724">
    <p class='ocr_par' dir='ltr' id='par_1_42' title="bbox 355 3652 1828 3724">
     <span class='ocr_line' id='line_1_43' title="bbox 355 3652 1828 3724; baseline 0.001 -17"><span class='ocrx_word' id='word_1_273' title='bbox 355 3667 466 3708; x_wconf 91' lang='lat' dir='ltr'><strong>non</strong></span> <span class='ocrx_word' id='word_1_274' title='bbox 494 3652 612 3709; x_wconf 80' lang='lat' dir='ltr'><strong>fore</strong></span> <span class='ocrx_word' id='word_1_275' title='bbox 635 3667 858 3708; x_wconf 87' lang='lat' dir='ltr'><strong>causam</strong></span> <span class='ocrx_word' id='word_1_276' title='bbox 886 3654 1076 3708; x_wconf 89' lang='lat' dir='ltr'><strong>mortis</strong></span> <span class='ocrx_word' id='word_1_277' title='bbox 1107 3655 1468 3724; x_wconf 84' lang='lat' dir='ltr'><strong>malignorum</strong></span> <span class='ocrx_word' id='word_1_278' title='bbox 1498 3655 1828 3708; x_wconf 68' lang='lat' dir='ltr'><strong>daemonum.</strong></span> 
     </span>
    </p>
   </div>
   <div class='ocr_carea' id='block_1_43' title="bbox 441 3845 1924 3920">
    <p class='ocr_par' dir='ltr' id='par_1_43' title="bbox 441 3845 1924 3920">
     <span class='ocr_line' id='line_1_44' title="bbox 441 3845 1924 3920; baseline 0.005 -20"><span class='ocrx_word' id='word_1_279' title='bbox 441 3845 531 3900; x_wconf 74' lang='lat'><strong>25.</strong></span> <span class='ocrx_word' id='word_1_280' title='bbox 579 3845 687 3900; x_wconf 84' lang='lat' dir='ltr'><strong>Visi</strong></span> <span class='ocrx_word' id='word_1_281' title='bbox 720 3855 841 3899; x_wconf 86' lang='lat' dir='ltr'><strong>sunt</strong></span> <span class='ocrx_word' id='word_1_282' title='bbox 873 3847 1136 3918; x_wconf 83' lang='lat' dir='ltr'><strong>ingressus</strong></span> <span class='ocrx_word' id='word_1_283' title='bbox 1173 3850 1272 3915; x_wconf 89' lang='lat' dir='ltr'><strong>tui,</strong></span> <span class='ocrx_word' id='word_1_284' title='bbox 1309 3848 1470 3904; x_wconf 85' lang='lat' dir='ltr'><strong>Deus.</strong></span> <span class='ocrx_word' id='word_1_285' title='bbox 1515 3852 1803 3920; x_wconf 77' lang='lat' dir='ltr'><strong>Ingressus</strong></span> <span class='ocrx_word' id='word_1_286' title='bbox 1830 3851 1924 3908; x_wconf 91' lang='lat' dir='ltr'><strong>Dei</strong></span> 
     </span>
    </p>
   </div>
   <div class='ocr_carea' id='block_1_44' title="bbox 356 3933 1920 4008">
    <p class='ocr_par' dir='ltr' id='par_1_44' title="bbox 356 3933 1920 4008">
     <span class='ocr_line' id='line_1_45' title="bbox 356 3933 1920 4008; baseline 0.004 -20"><span class='ocrx_word' id='word_1_287' title='bbox 356 3933 433 3988; x_wconf 81' lang='lat' dir='ltr'><strong>ait</strong></span> <span class='ocrx_word' id='word_1_288' title='bbox 477 3951 564 3989; x_wconf 88' lang='lat' dir='ltr'><strong>res</strong></span> <span class='ocrx_word' id='word_1_289' title='bbox 619 3936 673 3988; x_wconf 93' lang='lat' dir='ltr'><strong>in</strong></span> <span class='ocrx_word' id='word_1_290' title='bbox 714 3937 1017 3990; x_wconf 66' lang='lat' dir='ltr'><strong>oeconomia</strong></span> <span class='ocrx_word' id='word_1_291' title='bbox 1063 3935 1266 3992; x_wconf 91' lang='lat' dir='ltr'><strong>Christi</strong></span> <span class='ocrx_word' id='word_1_292' title='bbox 1299 3948 1520 4008; x_wconf 83' lang='lat' dir='ltr'><strong>gestas:</strong></span> <span class='ocrx_word' id='word_1_293' title='bbox 1562 3941 1743 4008; x_wconf 89' lang='lat' dir='ltr'><strong>qualia</strong></span> <span class='ocrx_word' id='word_1_294' title='bbox 1772 3951 1920 4006; x_wconf 91' lang='lat' dir='ltr'><strong>sunt,</strong></span> 
     </span>
    </p>
   </div>
   <div class='ocr_carea' id='block_1_45' title="bbox 358 4023 1924 4099">
    <p class='ocr_par' dir='ltr' id='par_1_45' title="bbox 358 4023 1924 4099">
     <span class='ocr_line' id='line_1_46' title="bbox 358 4023 1924 4099; baseline 0.004 -19"><span class='ocrx_word' id='word_1_295' title='bbox 358 4034 544 4096; x_wconf 87' lang='lat' dir='ltr'><strong>partus</strong></span> <span class='ocrx_word' id='word_1_296' title='bbox 562 4041 657 4095; x_wconf 85' lang='lat' dir='ltr'><strong>per</strong></span> <span class='ocrx_word' id='word_1_297' title='bbox 681 4023 980 4095; x_wconf 79' lang='lat' dir='ltr'><strong>Virginem,</strong></span> <span class='ocrx_word' id='word_1_298' title='bbox 1009 4029 1290 4096; x_wconf 88' lang='lat' dir='ltr'><strong>signorum</strong></span> <span class='ocrx_word' id='word_1_299' title='bbox 1319 4031 1709 4099; x_wconf 82' lang='lat' dir='ltr'><strong>Operationem,</strong></span> <span class='ocrx_word' id='word_1_300' title='bbox 1729 4046 1924 4087; x_wconf 91' lang='lat' dir='ltr'><strong>ascen-</strong></span> 
     </span>
    </p>
   </div>
   <div class='ocr_carea' id='block_1_46' title="bbox 357 4115 1926 4188">
    <p class='ocr_par' dir='ltr' id='par_1_46' title="bbox 357 4115 1926 4188">
     <span class='ocr_line' id='line_1_47' title="bbox 357 4115 1926 4188; baseline 0.003 -19"><span class='ocrx_word' id='word_1_301' title='bbox 357 4117 566 4170; x_wconf 88' lang='lat' dir='ltr'><strong>sionem</strong></span> <span class='ocrx_word' id='word_1_302' title='bbox 595 4115 650 4168; x_wconf 91' lang='lat' dir='ltr'><strong>in</strong></span> <span class='ocrx_word' id='word_1_303' title='bbox 684 4129 923 4178; x_wconf 87' lang='lat' dir='ltr'><strong>crucem,</strong></span> <span class='ocrx_word' id='word_1_304' title='bbox 947 4127 1174 4171; x_wconf 90' lang='lat' dir='ltr'><strong>mortem</strong></span> <span class='ocrx_word' id='word_1_305' title='bbox 1205 4133 1326 4187; x_wconf 67' lang='lat' dir='ltr'><strong>quae</strong></span> <span class='ocrx_word' id='word_1_306' title='bbox 1355 4133 1447 4188; x_wconf 89' lang='lat' dir='ltr'><strong>per</strong></span> <span class='ocrx_word' id='word_1_307' title='bbox 1467 4119 1926 4188; x_wconf 86' lang='lat' dir='ltr'><strong>dispensationem</strong></span> 
     </span>
    </p>
   </div>
   <div class='ocr_carea' id='block_1_47' title="bbox 356 4208 1924 4279">
    <p class='ocr_par' dir='ltr' id='par_1_47' title="bbox 356 4208 1924 4279">
     <span class='ocr_line' id='line_1_48' title="bbox 356 4208 1924 4279; baseline 0.005 -17"><span class='ocrx_word' id='word_1_308' title='bbox 356 4209 609 4279; x_wconf 83' lang='lat' dir='ltr'><strong>contigit,</strong></span> <span class='ocrx_word' id='word_1_309' title='bbox 651 4208 1107 4264; x_wconf 89' lang='lat' dir='ltr'><strong>resurrectionem</strong></span> <span class='ocrx_word' id='word_1_310' title='bbox 1149 4226 1180 4264; x_wconf 89' lang='lat' dir='ltr'><strong>a</strong></span> <span class='ocrx_word' id='word_1_311' title='bbox 1224 4213 1480 4277; x_wconf 85' lang='lat' dir='ltr'><strong>mortuis,</strong></span> <span class='ocrx_word' id='word_1_312' title='bbox 1527 4228 1813 4269; x_wconf 90' lang='lat' dir='ltr'><strong>ascensum</strong></span> <span class='ocrx_word' id='word_1_313' title='bbox 1857 4216 1924 4270; x_wconf 88' lang='lat' dir='ltr'><strong>ad</strong></span> 
     </span>
    </p>
   </div>
   <div class='ocr_carea' id='block_1_48' title="bbox 356 4301 1926 4377">
    <p class='ocr_par' dir='ltr' id='par_1_48' title="bbox 356 4301 1926 4377">
     <span class='ocr_line' id='line_1_49' title="bbox 356 4301 1926 4377; baseline 0.001 -18"><span class='ocrx_word' id='word_1_314' title='bbox 356 4305 544 4360; x_wconf 73' lang='lat' dir='ltr'><strong>rmlos.</strong></span> <span class='ocrx_word' id='word_1_315' title='bbox 573 4301 684 4359; x_wconf 79' lang='lat' dir='ltr'><strong>Hos</strong></span> <span class='ocrx_word' id='word_1_316' title='bbox 715 4302 994 4372; x_wconf 86' lang='lat' dir='ltr'><strong>ingressus</strong></span> <span class='ocrx_word' id='word_1_317' title='bbox 1025 4301 1347 4359; x_wconf 75' lang='lat' dir='ltr'><strong>manifestos</strong></span> <span class='ocrx_word' id='word_1_318' title='bbox 1370 4303 1541 4360; x_wconf 82' lang='lat' dir='ltr'><strong>fuisse</strong></span> <span class='ocrx_word' id='word_1_319' title='bbox 1570 4305 1684 4360; x_wconf 90' lang='lat' dir='ltr'><strong>ait:</strong></span> <span class='ocrx_word' id='word_1_320' title='bbox 1717 4305 1926 4377; x_wconf 83' lang='lat' dir='ltr'><strong>Ingres-</strong></span> 
     </span>
    </p>
   </div>
   <div class='ocr_carea' id='block_1_49' title="bbox 2031 837 3609 914">
    <p class='ocr_par' dir='ltr' id='par_1_49' title="bbox 2031 837 3609 914">
     <span class='ocr_line' id='line_1_50' title="bbox 2031 837 3609 914; baseline 0.004 -25"><span class='ocrx_word' id='word_1_321' title='bbox 2031 837 2165 905; x_wconf 70' lang='grc' dir='ltr'>φῶς,</span> <span class='ocrx_word' id='word_1_322' title='bbox 2194 838 2269 901; x_wconf 84' lang='grc' dir='ltr'>ὡς</span> <span class='ocrx_word' id='word_1_323' title='bbox 2302 838 2396 892; x_wconf 73' lang='grc' dir='ltr'>καὶ</span> <span class='ocrx_word' id='word_1_324' title='bbox 2425 839 2584 909; x_wconf 88' lang='grc' dir='ltr'>μέχρι</span> <span class='ocrx_word' id='word_1_325' title='bbox 2611 839 2838 892; x_wconf 86' lang='grc' dir='ltr'>θανάτου</span> <span class='ocrx_word' id='word_1_326' title='bbox 2865 839 3114 904; x_wconf 74' lang='grc' dir='ltr'><strong>ἐλθόντας</strong></span> <span class='ocrx_word' id='word_1_327' title='bbox 3137 840 3227 894; x_wconf 83' lang='grc' dir='ltr'><strong>διὰ</strong></span> <span class='ocrx_word' id='word_1_328' title='bbox 3253 842 3311 894; x_wconf 84' lang='grc' dir='ltr'>τὸ</span> <span class='ocrx_word' id='word_1_329' title='bbox 3340 843 3609 914; x_wconf 79' lang='grc' dir='ltr'>κήρυγμα</span> 
     </span>
    </p>
   </div>
   <div class='ocr_carea' id='block_1_50' title="bbox 2028 927 3610 1002">
    <p class='ocr_par' dir='ltr' id='par_1_50' title="bbox 2028 927 3610 1002">
     <span class='ocr_line' id='line_1_51' title="bbox 2028 927 3610 1002; baseline 0.005 -21"><span class='ocrx_word' id='word_1_330' title='bbox 2028 929 2206 995; x_wconf 76' lang='grc' dir='ltr'>ἐξάξει</span> <span class='ocrx_word' id='word_1_331' title='bbox 2239 931 2520 999; x_wconf 85' lang='grc' dir='ltr'>γενναίως.</span> <span class='ocrx_word' id='word_1_332' title='bbox 2585 929 2757 984; x_wconf 82' lang='grc' dir='ltr'>Αὑτοῦ</span> <span class='ocrx_word' id='word_1_333' title='bbox 2793 930 2902 1002; x_wconf 86' lang='grc' dir='ltr'><strong>γὰρ</strong></span> <span class='ocrx_word' id='word_1_334' title='bbox 2929 927 3067 985; x_wconf 86' lang='grc' dir='ltr'>εἷναί</span> <span class='ocrx_word' id='word_1_335' title='bbox 3106 950 3235 1002; x_wconf 85' lang='grc' dir='ltr'>φησι</span> <span class='ocrx_word' id='word_1_336' title='bbox 3259 933 3358 997; x_wconf 82' lang='grc' dir='ltr'><strong>τὰς</strong></span> <span class='ocrx_word' id='word_1_337' title='bbox 3387 935 3610 998; x_wconf 76' lang='grc' dir='ltr'><strong>ἐξόδους</strong></span> 
     </span>
    </p>
   </div>
   <div class='ocr_carea' id='block_1_51' title="bbox 2027 1019 2400 1076">
    <p class='ocr_par' dir='ltr' id='par_1_51' title="bbox 2027 1019 2400 1076">
     <span class='ocr_line' id='line_1_52' title="bbox 2027 1019 2400 1076; baseline 0.011 -4"><span class='ocrx_word' id='word_1_338' title='bbox 2027 1021 2121 1072; x_wconf 81' lang='grc' dir='ltr'>τοῦ</span> <span class='ocrx_word' id='word_1_339' title='bbox 2151 1019 2400 1076; x_wconf 77' lang='grc' dir='ltr'><strong>Θανάτου.</strong></span> 
     </span>
    </p>
   </div>
   <div class='ocr_carea' id='block_1_52' title="bbox 2099 1114 3602 1188">
    <p class='ocr_par' dir='ltr' id='par_1_52' title="bbox 2099 1114 3602 1188">
     <span class='ocr_line' id='line_1_53' title="bbox 2099 1114 3602 1188; baseline 0.005 -21"><span class='ocrx_word' id='word_1_340' title='bbox 2099 1114 2271 1182; x_wconf 79' lang='grc' dir='ltr'><em>Πλὴν</em></span> <span class='ocrx_word' id='word_1_341' title='bbox 2291 1119 2324 1169; x_wconf 84' lang='grc' dir='ltr'><em>ὁ</em></span> <span class='ocrx_word' id='word_1_342' title='bbox 2345 1115 2489 1182; x_wconf 84' lang='grc' dir='ltr'><strong>Θεὸς</strong></span> <span class='ocrx_word' id='word_1_343' title='bbox 2509 1116 2842 1172; x_wconf 79' lang='grc' dir='ltr'>συνθλὰσει</span> <span class='ocrx_word' id='word_1_344' title='bbox 2865 1119 3130 1187; x_wconf 63' lang='grc' dir='ltr'>κεφαλὰς</span> <span class='ocrx_word' id='word_1_345' title='bbox 3141 1118 3370 1188; x_wconf 80' lang='grc' dir='ltr'><strong>ἐχθρῶν</strong></span> <span class='ocrx_word' id='word_1_346' title='bbox 3381 1121 3568 1174; x_wconf 84' lang='grc' dir='ltr'>αὑτοῦ</span> <span class='ocrx_word' id='word_1_347' title='bbox 3583 1137 3602 1151; x_wconf 72' lang='grc' dir='ltr'><strong>ο</strong></span> 
     </span>
    </p>
   </div>
   <div class='ocr_carea' id='block_1_53' title="bbox 2026 1205 3609 1285">
    <p class='ocr_par' dir='ltr' id='par_1_53' title="bbox 2026 1205 3609 1285">
     <span class='ocr_line' id='line_1_54' title="bbox 2026 1205 3609 1285; baseline 0.005 -27"><span class='ocrx_word' id='word_1_348' title='bbox 2026 1205 2192 1259; x_wconf 82' lang='grc' dir='ltr'>αὑτοῦ</span> <span class='ocrx_word' id='word_1_349' title='bbox 2243 1207 2342 1278; x_wconf 82' lang='grc' dir='ltr'>μὲν</span> <span class='ocrx_word' id='word_1_350' title='bbox 2377 1207 2472 1261; x_wconf 82' lang='grc' dir='ltr'>τοῦ</span> <span class='ocrx_word' id='word_1_351' title='bbox 2524 1210 2877 1264; x_wconf 85' lang='grc' dir='ltr'>άποστολικοῦ</span> <span class='ocrx_word' id='word_1_352' title='bbox 2913 1211 3098 1282; x_wconf 81' lang='grc' dir='ltr'>χοροῦ.</span> <span class='ocrx_word' id='word_1_353' title='bbox 3153 1213 3439 1283; x_wconf 86' lang='grc' dir='ltr'>Ῥυόμενος</span> <span class='ocrx_word' id='word_1_354' title='bbox 3487 1213 3609 1285; x_wconf 84' lang='grc' dir='ltr'>γὰρ</span> 
     </span>
    </p>
   </div>
   <div class='ocr_carea' id='block_1_54' title="bbox 2027 1297 3612 1375">
    <p class='ocr_par' dir='ltr' id='par_1_54' title="bbox 2027 1297 3612 1375">
     <span class='ocr_line' id='line_1_55' title="bbox 2027 1297 3612 1375; baseline 0.004 -24"><span class='ocrx_word' id='word_1_355' title='bbox 2027 1297 2223 1360; x_wconf 79' lang='grc' dir='ltr'>αὐτοὺς</span> <span class='ocrx_word' id='word_1_356' title='bbox 2253 1299 2492 1370; x_wconf 74' lang='grc' dir='ltr'>ῥύσεται,</span> <span class='ocrx_word' id='word_1_357' title='bbox 2518 1301 2626 1355; x_wconf 84' lang='grc' dir='ltr'><strong>τῶν</strong></span> <span class='ocrx_word' id='word_1_358' title='bbox 2652 1301 2861 1374; x_wconf 78' lang='grc' dir='ltr'>ἐχθρῶν</span> <span class='ocrx_word' id='word_1_359' title='bbox 2887 1302 3125 1373; x_wconf 87' lang='grc' dir='ltr'>δηλονότι</span> <span class='ocrx_word' id='word_1_360' title='bbox 3155 1302 3466 1375; x_wconf 83' lang='grc' dir='ltr'>συνθραύων</span> <span class='ocrx_word' id='word_1_361' title='bbox 3498 1307 3612 1368; x_wconf 76' lang='grc' dir='ltr'><strong>τὰς</strong></span> 
     </span>
    </p>
   </div>
   <div class='ocr_carea' id='block_1_55' title="bbox 2027 1389 3606 1469">
    <p class='ocr_par' dir='ltr' id='par_1_55' title="bbox 2027 1389 3606 1469">
     <span class='ocr_line' id='line_1_56' title="bbox 2027 1389 3606 1469; baseline 0.007 -28"><span class='ocrx_word' id='word_1_362' title='bbox 2027 1389 2287 1459; x_wconf 78' lang='grc' dir='ltr'>κεφαλάς.</span> <span class='ocrx_word' id='word_1_363' title='bbox 2323 1391 2557 1463; x_wconf 79' lang='grc' dir='ltr'>Ἐλήφθη</span> <span class='ocrx_word' id='word_1_364' title='bbox 2580 1393 2635 1446; x_wconf 82' lang='grc' dir='ltr'>δὲ</span> <span class='ocrx_word' id='word_1_365' title='bbox 2658 1397 2689 1465; x_wconf 80' lang='grc' dir='ltr'>ὴ</span> <span class='ocrx_word' id='word_1_366' title='bbox 2711 1393 2851 1459; x_wconf 82' lang='grc' dir='ltr'>λέξις</span> <span class='ocrx_word' id='word_1_367' title='bbox 2873 1395 2930 1462; x_wconf 76' lang='grc' dir='ltr'>ἐξ</span> <span class='ocrx_word' id='word_1_368' title='bbox 2949 1395 3258 1467; x_wconf 86' lang='grc' dir='ltr'>ὁμοιώσεως</span> <span class='ocrx_word' id='word_1_369' title='bbox 3277 1397 3383 1452; x_wconf 89' lang='grc' dir='ltr'><strong>τῶν</strong></span> <span class='ocrx_word' id='word_1_370' title='bbox 3401 1399 3606 1469; x_wconf 74' lang='grc' dir='ltr'>ὄφεων,</span> 
     </span>
    </p>
   </div>
   <div class='ocr_carea' id='block_1_56' title="bbox 2027 1481 3604 1562">
    <p class='ocr_par' dir='ltr' id='par_1_56' title="bbox 2027 1481 3604 1562">
     <span class='ocr_line' id='line_1_57' title="bbox 2027 1481 3604 1562; baseline 0.008 -29"><span class='ocrx_word' id='word_1_371' title='bbox 2027 1481 2097 1543; x_wconf 83' lang='grc' dir='ltr'>οἳ,</span> <span class='ocrx_word' id='word_1_372' title='bbox 2134 1482 2353 1537; x_wconf 80' lang='grc' dir='ltr'>ἐπειδὰν</span> <span class='ocrx_word' id='word_1_373' title='bbox 2379 1483 2586 1554; x_wconf 83' lang='grc' dir='ltr'>ἀρθῶσι</span> <span class='ocrx_word' id='word_1_374' title='bbox 2620 1487 2760 1540; x_wconf 87' lang='grc' dir='ltr'><strong>κατά</strong></span> <span class='ocrx_word' id='word_1_375' title='bbox 2792 1486 2965 1550; x_wconf 74' lang='grc' dir='ltr'>τινὸς,</span> <span class='ocrx_word' id='word_1_376' title='bbox 3001 1489 3121 1542; x_wconf 87' lang='grc' dir='ltr'>τότε</span> <span class='ocrx_word' id='word_1_377' title='bbox 3149 1490 3242 1542; x_wconf 76' lang='grc' dir='ltr'><strong>ἐπὶ</strong></span> <span class='ocrx_word' id='word_1_378' title='bbox 3289 1493 3356 1561; x_wconf 84' lang='grc' dir='ltr'>τῇ</span> <span class='ocrx_word' id='word_1_379' title='bbox 3389 1492 3604 1562; x_wconf 80' lang='grc' dir='ltr'>κεφαλῇ</span> 
     </span>
    </p>
   </div>
   <div class='ocr_carea' id='block_1_57' title="bbox 2029 1572 3609 1654">
    <p class='ocr_par' dir='ltr' id='par_1_57' title="bbox 2029 1572 3609 1654">
     <span class='ocr_line' id='line_1_58' title="bbox 2029 1572 3609 1654; baseline 0.008 -30"><span class='ocrx_word' id='word_1_380' title='bbox 2029 1572 2384 1644; x_wconf 86' lang='grc' dir='ltr'>πληττόμενοι</span> <span class='ocrx_word' id='word_1_381' title='bbox 2408 1574 2673 1629; x_wconf 78' lang='grc' dir='ltr'>ὅλλυνται.</span> <span class='ocrx_word' id='word_1_382' title='bbox 2715 1576 2864 1648; x_wconf 85' lang='grc' dir='ltr'>Ἔχει</span> <span class='ocrx_word' id='word_1_383' title='bbox 2893 1579 2948 1631; x_wconf 80' lang='grc' dir='ltr'>δὲ</span> <span class='ocrx_word' id='word_1_384' title='bbox 2978 1582 3006 1633; x_wconf 91' lang='grc' dir='ltr'><strong>ό</strong></span> <span class='ocrx_word' id='word_1_385' title='bbox 3029 1580 3184 1648; x_wconf 86' lang='grc' dir='ltr'><strong>λόγος</strong></span> <span class='ocrx_word' id='word_1_386' title='bbox 3209 1582 3481 1654; x_wconf 86' lang='grc' dir='ltr'>ἀναφορὰν</span> <span class='ocrx_word' id='word_1_387' title='bbox 3505 1585 3609 1637; x_wconf 71' lang='grc' dir='ltr'>καὶ</span> 
     </span>
    </p>
   </div>
   <div class='ocr_carea' id='block_1_58' title="bbox 2029 1661 3608 1741">
    <p class='ocr_par' dir='ltr' id='par_1_58' title="bbox 2029 1661 3608 1741">
     <span class='ocr_line' id='line_1_59' title="bbox 2029 1661 3608 1741; baseline 0.01 -29"><span class='ocrx_word' id='word_1_388' title='bbox 2029 1662 2108 1724; x_wconf 85' lang='grc' dir='ltr'><strong>είς</strong></span> <span class='ocrx_word' id='word_1_389' title='bbox 2136 1662 2260 1724; x_wconf 79' lang='grc' dir='ltr'>τοὺς</span> <span class='ocrx_word' id='word_1_390' title='bbox 2291 1661 2554 1734; x_wconf 83' lang='grc' dir='ltr'>ἄρχοντας</span> <span class='ocrx_word' id='word_1_391' title='bbox 2585 1665 2680 1718; x_wconf 74' lang='grc' dir='ltr'>τοῦ</span> <span class='ocrx_word' id='word_1_392' title='bbox 2715 1667 2979 1721; x_wconf 80' lang='grc' dir='ltr'><strong>Ἰουδαίων</strong></span> <span class='ocrx_word' id='word_1_393' title='bbox 3000 1669 3148 1723; x_wconf 74' lang='grc' dir='ltr'>λαοῦ.</span> <span class='ocrx_word' id='word_1_394' title='bbox 3175 1671 3456 1740; x_wconf 67' lang='grc' dir='ltr'>Κορυφὴν</span> <span class='ocrx_word' id='word_1_395' title='bbox 3478 1689 3608 1741; x_wconf 83' lang='grc' dir='ltr'>τρι-</span> 
     </span>
    </p>
   </div>
   <div class='ocr_carea' id='block_1_59' title="bbox 2028 1750 3603 1829">
    <p class='ocr_par' dir='ltr' id='par_1_59' title="bbox 2028 1750 3603 1829">
     <span class='ocr_line' id='line_1_60' title="bbox 2028 1750 3603 1829; baseline 0.01 -25"><span class='ocrx_word' id='word_1_396' title='bbox 2028 1750 2136 1820; x_wconf 84' lang='grc' dir='ltr'>χὸς</span> <span class='ocrx_word' id='word_1_397' title='bbox 2200 1752 2712 1823; x_wconf 76' lang='grc' dir='ltr'><strong>διαπορευομένων</strong></span> <span class='ocrx_word' id='word_1_398' title='bbox 2774 1757 2844 1811; x_wconf 69' lang='grc' dir='ltr'><strong>ἐν·</strong></span> <span class='ocrx_word' id='word_1_399' title='bbox 2894 1762 3323 1829; x_wconf 77' lang='grc' dir='ltr'>πλημμελείαις</span> <span class='ocrx_word' id='word_1_400' title='bbox 3377 1763 3603 1819; x_wconf 79' lang='grc' dir='ltr'>αὐτῶν.</span> 
     </span>
    </p>
   </div>
   <div class='ocr_carea' id='block_1_60' title="bbox 2028 1843 3607 1926">
    <p class='ocr_par' dir='ltr' id='par_1_60' title="bbox 2028 1843 3607 1926">
     <span class='ocr_line' id='line_1_61' title="bbox 2028 1843 3607 1926; baseline 0.009 -31"><span class='ocrx_word' id='word_1_401' title='bbox 2028 1843 2288 1916; x_wconf 78' lang='grc' dir='ltr'>Κορυφὴν</span> <span class='ocrx_word' id='word_1_402' title='bbox 2322 1846 2418 1915; x_wconf 79' lang='grc' dir='ltr'>μὲν</span> <span class='ocrx_word' id='word_1_403' title='bbox 2443 1847 2626 1916; x_wconf 83' lang='grc' dir='ltr'>τριχὸς</span> <span class='ocrx_word' id='word_1_404' title='bbox 2661 1848 2823 1901; x_wconf 87' lang='grc' dir='ltr'>πάλιν</span> <span class='ocrx_word' id='word_1_405' title='bbox 2859 1849 2957 1920; x_wconf 80' lang='grc' dir='ltr'>τὴν</span> <span class='ocrx_word' id='word_1_406' title='bbox 2981 1850 3219 1923; x_wconf 70' lang='grc' dir='ltr'>κεφαλήν</span> <span class='ocrx_word' id='word_1_407' title='bbox 3251 1870 3403 1922; x_wconf 80' lang='grc' dir='ltr'>φησι.</span> <span class='ocrx_word' id='word_1_408' title='bbox 3432 1856 3607 1926; x_wconf 69' lang='grc' dir='ltr'>Λέγει</span> 
     </span>
    </p>
   </div>
   <div class='ocr_carea' id='block_1_61' title="bbox 2026 1934 3609 2019">
    <p class='ocr_par' dir='ltr' id='par_1_61' title="bbox 2026 1934 3609 2019">
     <span class='ocr_line' id='line_1_62' title="bbox 2026 1934 3609 2019; baseline 0.008 -30"><span class='ocrx_word' id='word_1_409' title='bbox 2026 1934 2102 1997; x_wconf 82' lang='grc' dir='ltr'>δὲ,</span> <span class='ocrx_word' id='word_1_410' title='bbox 2131 1935 2205 1999; x_wconf 84' lang='grc' dir='ltr'><strong>ὡς</strong></span> <span class='ocrx_word' id='word_1_411' title='bbox 2231 1935 2434 1989; x_wconf 78' lang='grc' dir='ltr'>τούτων</span> <span class='ocrx_word' id='word_1_412' title='bbox 2463 1937 2746 1992; x_wconf 87' lang='grc' dir='ltr'>συνθλάσει</span> <span class='ocrx_word' id='word_1_413' title='bbox 2772 1940 2867 2006; x_wconf 81' lang='grc' dir='ltr'><strong>τὰς</strong></span> <span class='ocrx_word' id='word_1_414' title='bbox 2889 1941 3148 2010; x_wconf 78' lang='grc' dir='ltr'>κεφαλὰς,</span> <span class='ocrx_word' id='word_1_415' title='bbox 3171 1944 3278 1998; x_wconf 87' lang='grc' dir='ltr'><strong>τῶν</strong></span> <span class='ocrx_word' id='word_1_416' title='bbox 3305 1947 3609 2019; x_wconf 76' lang='grc' dir='ltr'>ἀμετανόηο</span> 
     </span>
    </p>
   </div>
   <div class='ocr_carea' id='block_1_62' title="bbox 2026 2027 3290 2105">
    <p class='ocr_par' dir='ltr' id='par_1_62' title="bbox 2026 2027 3290 2105">
     <span class='ocr_line' id='line_1_63' title="bbox 2026 2027 3290 2105; baseline 0.007 -26"><span class='ocrx_word' id='word_1_417' title='bbox 2026 2044 2094 2079; x_wconf 88' lang='grc' dir='ltr'><strong>τα</strong></span> <span class='ocrx_word' id='word_1_418' title='bbox 2123 2027 2237 2097; x_wconf 85' lang='grc' dir='ltr'>ἁμα</span> <span class='ocrx_word' id='word_1_419' title='bbox 2245 2029 2561 2098; x_wconf 87' lang='grc' dir='ltr'>ρτανόντων.</span> <span class='ocrx_word' id='word_1_420' title='bbox 3285 2100 3290 2105; x_wconf 15' lang='grc' dir='ltr'>ἱ</span> 
     </span>
    </p>
   </div>
   <div class='ocr_carea' id='block_1_63' title="bbox 2095 2113 3608 2196">
    <p class='ocr_par' dir='ltr' id='par_1_63' title="bbox 2095 2113 3608 2196">
     <span class='ocr_line' id='line_1_64' title="bbox 2095 2113 3608 2196; baseline 0.005 -24"><span class='ocrx_word' id='word_1_421' title='bbox 2095 2113 2282 2172; x_wconf 79' lang='grc' dir='ltr'>Εἶπεν</span> <span class='ocrx_word' id='word_1_422' title='bbox 2309 2120 2550 2187; x_wconf 82' lang='grc' dir='ltr'>Κύριος’</span> <span class='ocrx_word' id='word_1_423' title='bbox 2625 2121 2723 2175; x_wconf 80' lang='grc' dir='ltr'>Ἐκ</span> <span class='ocrx_word' id='word_1_424' title='bbox 2755 2122 2963 2176; x_wconf 82' lang='grc' dir='ltr'><em>Βασὰν</em></span> <span class='ocrx_word' id='word_1_425' title='bbox 2994 2124 3349 2196; x_wconf 67' lang='grc' dir='ltr'>ἐπιστρέψω.</span> <span class='ocrx_word' id='word_1_426' title='bbox 3416 2128 3608 2183; x_wconf 78' lang='grc' dir='ltr'>Βασάν</span> 
     </span>
    </p>
   </div>
   <div class='ocr_carea' id='block_1_64' title="bbox 2027 2210 3606 2290">
    <p class='ocr_par' dir='ltr' id='par_1_64' title="bbox 2027 2210 3606 2290">
     <span class='ocr_line' id='line_1_65' title="bbox 2027 2210 3606 2290; baseline 0.008 -28"><span class='ocrx_word' id='word_1_427' title='bbox 2027 2210 2386 2282; x_wconf 76' lang='grc' dir='ltr'><strong>ἑρμηνεύεται</strong></span> <span class='ocrx_word' id='word_1_428' title='bbox 2430 2215 2635 2282; x_wconf 82' lang='grc' dir='ltr'><strong>πικρία</strong></span> <span class='ocrx_word' id='word_1_429' title='bbox 2658 2255 2673 2276; x_wconf 83' lang='grc'><strong>.</strong></span> <span class='ocrx_word' id='word_1_430' title='bbox 2711 2215 2828 2286; x_wconf 68' lang='grc' dir='ltr'>ἦτοι</span> <span class='ocrx_word' id='word_1_431' title='bbox 2861 2221 3376 2288; x_wconf 82' lang='grc' dir='ltr'>παραπικρασμός.</span> <span class='ocrx_word' id='word_1_432' title='bbox 3436 2221 3606 2290; x_wconf 82' lang='grc' dir='ltr'>Λέγει</span> 
     </span>
    </p>
   </div>
   <div class='ocr_carea' id='block_1_65' title="bbox 2025 2295 3610 2378">
    <p class='ocr_par' dir='ltr' id='par_1_65' title="bbox 2025 2295 3610 2378">
     <span class='ocr_line' id='line_1_66' title="bbox 2025 2295 3610 2378; baseline 0.008 -27"><span class='ocrx_word' id='word_1_433' title='bbox 2025 2295 2139 2362; x_wconf 81' lang='grc' dir='ltr'>οὖν,</span> <span class='ocrx_word' id='word_1_434' title='bbox 2168 2300 2242 2363; x_wconf 80' lang='grc' dir='ltr'>ὡς</span> <span class='ocrx_word' id='word_1_435' title='bbox 2269 2301 2333 2354; x_wconf 85' lang='grc' dir='ltr'>ὲκ</span> <span class='ocrx_word' id='word_1_436' title='bbox 2360 2301 2452 2354; x_wconf 77' lang='grc' dir='ltr'><strong>τοῦ</strong></span> <span class='ocrx_word' id='word_1_437' title='bbox 2479 2302 2627 2356; x_wconf 71' lang='grc' dir='ltr'>οἴκου</span> <span class='ocrx_word' id='word_1_438' title='bbox 2656 2303 2750 2356; x_wconf 78' lang='grc' dir='ltr'><strong>τοῦ</strong></span> <span class='ocrx_word' id='word_1_439' title='bbox 2779 2307 3330 2378; x_wconf 84' lang='grc' dir='ltr'>παραπικραίνοντος.</span> <span class='ocrx_word' id='word_1_440' title='bbox 3353 2309 3610 2363; x_wconf 61' lang='grc' dir='ltr'>τουτέστι</span> 
     </span>
    </p>
   </div>
   <div class='ocr_carea' id='block_1_66' title="bbox 2024 2390 3610 2468">
    <p class='ocr_par' dir='ltr' id='par_1_66' title="bbox 2024 2390 3610 2468">
     <span class='ocr_line' id='line_1_67' title="bbox 2024 2390 3610 2468; baseline 0.007 -24"><span class='ocrx_word' id='word_1_441' title='bbox 2024 2391 2119 2445; x_wconf 77' lang='grc' dir='ltr'><strong>τοῦ</strong></span> <span class='ocrx_word' id='word_1_442' title='bbox 2161 2390 2403 2465; x_wconf 79' lang='grc' dir='ltr'>Ἰσραὴλ,</span> <span class='ocrx_word' id='word_1_443' title='bbox 2437 2394 2747 2466; x_wconf 71' lang='grc' dir='ltr'><strong>ἐπιστρέψω</strong></span> <span class='ocrx_word' id='word_1_444' title='bbox 2775 2396 2909 2468; x_wconf 82' lang='grc' dir='ltr'>πρὸς</span> <span class='ocrx_word' id='word_1_445' title='bbox 2941 2397 3195 2468; x_wconf 79' lang='grc' dir='ltr'>ἐμαυτόν.</span> <span class='ocrx_word' id='word_1_446' title='bbox 3236 2400 3610 2468; x_wconf 71' lang='grc' dir='ltr'>Ἑπιστρέψω</span> 
     </span>
    </p>
   </div>
   <div class='ocr_carea' id='block_1_67' title="bbox 2023 2482 3605 2561">
    <p class='ocr_par' dir='ltr' id='par_1_67' title="bbox 2023 2482 3605 2561">
     <span class='ocr_line' id='line_1_68' title="bbox 2023 2482 3605 2561; baseline 0.006 -25"><span class='ocrx_word' id='word_1_447' title='bbox 2023 2482 2095 2536; x_wconf 74' lang='grc' dir='ltr'><strong>ἐν</strong></span> <span class='ocrx_word' id='word_1_448' title='bbox 2138 2483 2352 2551; x_wconf 81' lang='grc' dir='ltr'>,βυθοῖς</span> <span class='ocrx_word' id='word_1_449' title='bbox 2391 2484 2723 2553; x_wconf 75' lang='grc' dir='ltr'><strong>θαλάσσης.</strong></span> <span class='ocrx_word' id='word_1_450' title='bbox 2813 2488 2922 2541; x_wconf 71' lang='grc' dir='ltr'><strong>Καὶ</strong></span> <span class='ocrx_word' id='word_1_451' title='bbox 2977 2489 3103 2553; x_wconf 79' lang='grc' dir='ltr'>τοὺς</span> <span class='ocrx_word' id='word_1_452' title='bbox 3159 2491 3605 2561; x_wconf 82' lang='grc' dir='ltr'>κατενεχθέντας,</span> 
     </span>
    </p>
   </div>
   <div class='ocr_carea' id='block_1_68' title="bbox 2027 2574 3609 2656">
    <p class='ocr_par' dir='ltr' id='par_1_68' title="bbox 2027 2574 3609 2656">
     <span class='ocr_line' id='line_1_69' title="bbox 2027 2574 3609 2656; baseline 0.006 -31"><span class='ocrx_word' id='word_1_453' title='bbox 2027 2574 2212 2644; x_wconf 66' lang='grc' dir='ltr'>φησιν,</span> <span class='ocrx_word' id='word_1_454' title='bbox 2258 2577 2336 2639; x_wconf 77' lang='grc' dir='ltr'><strong>είς</strong></span> <span class='ocrx_word' id='word_1_455' title='bbox 2377 2576 2468 2629; x_wconf 86' lang='grc' dir='ltr'>τὸν</span> <span class='ocrx_word' id='word_1_456' title='bbox 2497 2576 2605 2630; x_wconf 90' lang='grc' dir='ltr'><strong>τῶν</strong></span> <span class='ocrx_word' id='word_1_457' title='bbox 2650 2577 2852 2648; x_wconf 70' lang='grc' dir='ltr'>ἡδονῶν</span> <span class='ocrx_word' id='word_1_458' title='bbox 2902 2578 3060 2650; x_wconf 79' lang='grc' dir='ltr'>βυθὸν</span> <span class='ocrx_word' id='word_1_459' title='bbox 3109 2581 3416 2653; x_wconf 68' lang='grc' dir='ltr'>ἐπιστρέψω</span> <span class='ocrx_word' id='word_1_460' title='bbox 3462 2582 3609 2656; x_wconf 75' lang='grc' dir='ltr'>πρὸς</span> 
     </span>
    </p>
   </div>
   <div class='ocr_carea' id='block_1_69' title="bbox 2025 2666 2283 2736">
    <p class='ocr_par' dir='ltr' id='par_1_69' title="bbox 2025 2666 2283 2736">
     <span class='ocr_line' id='line_1_70' title="bbox 2025 2666 2283 2736; baseline 0.012 -17"><span class='ocrx_word' id='word_1_461' title='bbox 2025 2667 2051 2719; x_wconf 83' lang='grc' dir='ltr'><strong>ὲ</strong></span> <span class='ocrx_word' id='word_1_462' title='bbox 2059 2666 2283 2736; x_wconf 87' lang='grc' dir='ltr'>μαυτόν.</span> 
     </span>
    </p>
   </div>
   <div class='ocr_carea' id='block_1_70' title="bbox 2099 2756 3611 2834">
    <p class='ocr_par' dir='ltr' id='par_1_70' title="bbox 2099 2756 3611 2834">
     <span class='ocr_line' id='line_1_71' title="bbox 2099 2756 3611 2834; baseline 0.009 -25"><span class='ocrx_word' id='word_1_463' title='bbox 2099 2758 2289 2825; x_wconf 75' lang='grc' dir='ltr'>Ὅπως</span> <span class='ocrx_word' id='word_1_464' title='bbox 2315 2756 2393 2813; x_wconf 70' lang='grc' dir='ltr'><em>ὂν</em></span> <span class='ocrx_word' id='word_1_465' title='bbox 2409 2759 2586 2829; x_wconf 78' lang='grc' dir='ltr'>βαςρῇ</span> <span class='ocrx_word' id='word_1_466' title='bbox 2612 2764 2645 2816; x_wconf 84' lang='lat' dir='ltr'><strong>d</strong></span> <span class='ocrx_word' id='word_1_467' title='bbox 2669 2762 2820 2829; x_wconf 82' lang='grc' dir='ltr'>ποῦς</span> <span class='ocrx_word' id='word_1_468' title='bbox 2845 2779 2961 2818; x_wconf 89' lang='grc' dir='ltr'><strong>σου</strong></span> <span class='ocrx_word' id='word_1_469' title='bbox 2990 2764 3060 2817; x_wconf 84' lang='grc' dir='ltr'><strong>ἐν</strong></span> <span class='ocrx_word' id='word_1_470' title='bbox 3084 2765 3300 2834; x_wconf 82' lang='grc' dir='ltr'>αἵματι.</span> <span class='ocrx_word' id='word_1_471' title='bbox 3330 2767 3452 2832; x_wconf 89' lang='grc' dir='ltr'>Πῶς</span> <span class='ocrx_word' id='word_1_472' title='bbox 3478 2770 3611 2823; x_wconf 60' lang='grc' dir='ltr'>ἐπιδ</span> 
     </span>
    </p>
   </div>
   <div class='ocr_carea' id='block_1_71' title="bbox 2027 2846 3609 2928">
    <p class='ocr_par' dir='ltr' id='par_1_71' title="bbox 2027 2846 3609 2928">
     <span class='ocr_line' id='line_1_72' title="bbox 2027 2846 3609 2928; baseline 0.011 -31"><span class='ocrx_word' id='word_1_473' title='bbox 2027 2846 2316 2918; x_wconf 69' lang='grc' dir='ltr'>στρέφουσι</span> <span class='ocrx_word' id='word_1_474' title='bbox 2347 2847 2604 2903; x_wconf 84' lang='grc' dir='ltr'><strong>διδάσκει.</strong></span> <span class='ocrx_word' id='word_1_475' title='bbox 2665 2852 2788 2916; x_wconf 85' lang='grc' dir='ltr'><strong>Πῶς</strong></span> <span class='ocrx_word' id='word_1_476' title='bbox 2816 2852 2873 2906; x_wconf 81' lang='grc' dir='ltr'>δὲ</span> <span class='ocrx_word' id='word_1_477' title='bbox 2903 2854 3322 2924; x_wconf 69' lang='grc' dir='ltr'>ἐπιστρέφουσιν</span> <span class='ocrx_word' id='word_1_478' title='bbox 3355 2858 3387 2928; x_wconf 82' lang='grc' dir='ltr'>ἦ</span> <span class='ocrx_word' id='word_1_479' title='bbox 3418 2858 3609 2914; x_wconf 72' lang='grc' dir='ltr'>αὐτῶν</span> 
     </span>
    </p>
   </div>
   <div class='ocr_carea' id='block_1_72' title="bbox 2025 2935 3611 3016">
    <p class='ocr_par' dir='ltr' id='par_1_72' title="bbox 2025 2935 3611 3016">
     <span class='ocr_line' id='line_1_73' title="bbox 2025 2935 3611 3016; baseline 0.009 -27"><span class='ocrx_word' id='word_1_480' title='bbox 2025 2935 2412 3007; x_wconf 85' lang='grc' dir='ltr'>ἀναιρεθεισῶν</span> <span class='ocrx_word' id='word_1_481' title='bbox 2437 2938 2798 3010; x_wconf 89' lang='grc' dir='ltr'>δηλονότιτῶν</span> <span class='ocrx_word' id='word_1_482' title='bbox 2827 2944 3078 3015; x_wconf 85' lang='grc' dir='ltr'>πονηρῶν</span> <span class='ocrx_word' id='word_1_483' title='bbox 3105 2945 3419 3016; x_wconf 86' lang='grc' dir='ltr'>δυνάμεων;</span> <span class='ocrx_word' id='word_1_484' title='bbox 3452 2950 3611 3003; x_wconf 80' lang='grc' dir='ltr'><strong>Κατ-</strong></span> 
     </span>
    </p>
   </div>
   <div class='ocr_carea' id='block_1_73' title="bbox 2025 3025 3607 3108">
    <p class='ocr_par' dir='ltr' id='par_1_73' title="bbox 2025 3025 3607 3108">
     <span class='ocr_line' id='line_1_74' title="bbox 2025 3025 3607 3108; baseline 0.011 -29"><span class='ocrx_word' id='word_1_485' title='bbox 2025 3028 2230 3098; x_wconf 87' lang='grc' dir='ltr'>ήγαγον</span> <span class='ocrx_word' id='word_1_486' title='bbox 2251 3027 2360 3097; x_wconf 87' lang='grc' dir='ltr'>γὰρ</span> <span class='ocrx_word' id='word_1_487' title='bbox 2377 3029 2555 3084; x_wconf 82' lang='grc' dir='ltr'>αὐτῶν</span> <span class='ocrx_word' id='word_1_488' title='bbox 2577 3031 2637 3084; x_wconf 84' lang='grc' dir='ltr'>τὸ</span> <span class='ocrx_word' id='word_1_489' title='bbox 2671 3025 2808 3102; x_wconf 77' lang='grc' dir='ltr'>αἷμα</span> <span class='ocrx_word' id='word_1_490' title='bbox 2833 3035 2914 3096; x_wconf 85' lang='grc' dir='ltr'><strong>είς</strong></span> <span class='ocrx_word' id='word_1_491' title='bbox 2944 3035 3068 3104; x_wconf 84' lang='grc' dir='ltr'>γῆν,</span> <span class='ocrx_word' id='word_1_492' title='bbox 3096 3037 3235 3090; x_wconf 81' lang='grc' dir='ltr'>κατὰ</span> <span class='ocrx_word' id='word_1_493' title='bbox 3253 3038 3351 3108; x_wconf 83' lang='grc' dir='ltr'>τὴν</span> <span class='ocrx_word' id='word_1_494' title='bbox 3377 3039 3607 3096; x_wconf 78' lang='grc' dir='ltr'>Ἠσαίου</span> 
     </span>
    </p>
   </div>
   <div class='ocr_carea' id='block_1_74' title="bbox 2027 3117 3605 3202">
    <p class='ocr_par' dir='ltr' id='par_1_74' title="bbox 2027 3117 3605 3202">
     <span class='ocr_line' id='line_1_75' title="bbox 2027 3117 3605 3202; baseline 0.011 -31"><span class='ocrx_word' id='word_1_495' title='bbox 2027 3117 2240 3189; x_wconf 81' lang='grc' dir='ltr'>φωνὴν,</span> <span class='ocrx_word' id='word_1_496' title='bbox 2293 3119 2369 3183; x_wconf 87' lang='grc' dir='ltr'>ὡς</span> <span class='ocrx_word' id='word_1_497' title='bbox 2402 3121 2609 3173; x_wconf 74' lang='grc' dir='ltr'>καὶτὸν</span> <span class='ocrx_word' id='word_1_498' title='bbox 2643 3122 2778 3176; x_wconf 85' lang='grc' dir='ltr'>πόδα</span> <span class='ocrx_word' id='word_1_499' title='bbox 2810 3124 2976 3178; x_wconf 82' lang='grc' dir='ltr'>αὑτοῦ</span> <span class='ocrx_word' id='word_1_500' title='bbox 3008 3125 3244 3197; x_wconf 67' lang='grc' dir='ltr'>βαφῆναι</span> <span class='ocrx_word' id='word_1_501' title='bbox 3286 3131 3342 3182; x_wconf 82' lang='grc' dir='ltr'>ὲν</span> <span class='ocrx_word' id='word_1_502' title='bbox 3386 3132 3605 3202; x_wconf 81' lang='grc' dir='ltr'>αἵματι.</span> 
     </span>
    </p>
   </div>
   <div class='ocr_carea' id='block_1_75' title="bbox 2035 3209 3610 3290">
    <p class='ocr_par' dir='ltr' id='par_1_75' title="bbox 2035 3209 3610 3290">
     <span class='ocr_line' id='line_1_76' title="bbox 2035 3209 3610 3290; baseline 0.011 -29"><span class='ocrx_word' id='word_1_503' title='bbox 2035 3209 2371 3280; x_wconf 86' lang='grc' dir='ltr'>Ὶστορικώτε</span> <span class='ocrx_word' id='word_1_504' title='bbox 2380 3228 2470 3282; x_wconf 87' lang='grc' dir='ltr'><strong>ρον</strong></span> <span class='ocrx_word' id='word_1_505' title='bbox 2491 3210 2545 3264; x_wconf 86' lang='grc' dir='ltr'>δὲ</span> <span class='ocrx_word' id='word_1_506' title='bbox 2568 3211 2634 3266; x_wconf 80' lang='grc' dir='ltr'><strong>τὰ</strong></span> <span class='ocrx_word' id='word_1_507' title='bbox 2655 3214 2831 3267; x_wconf 85' lang='grc' dir='ltr'>τοιάδε</span> <span class='ocrx_word' id='word_1_508' title='bbox 2851 3217 3051 3287; x_wconf 79' lang='grc' dir='ltr'>γράφει</span> <span class='ocrx_word' id='word_1_509' title='bbox 3073 3220 3101 3272; x_wconf 89' lang='grc' dir='ltr'><strong>ό</strong></span> <span class='ocrx_word' id='word_1_510' title='bbox 3123 3219 3296 3287; x_wconf 88' lang='grc' dir='ltr'>λόγος.</span> <span class='ocrx_word' id='word_1_511' title='bbox 3330 3221 3391 3275; x_wconf 87' lang='grc' dir='ltr'><em>Ἠ</em></span> <span class='ocrx_word' id='word_1_512' title='bbox 3408 3222 3610 3290; x_wconf 75' lang='grc' dir='ltr'>γλῶσ-</span> 
     </span>
    </p>
   </div>
   <div class='ocr_carea' id='block_1_76' title="bbox 2023 3297 3608 3378">
    <p class='ocr_par' dir='ltr' id='par_1_76' title="bbox 2023 3297 3608 3378">
     <span class='ocr_line' id='line_1_77' title="bbox 2023 3297 3608 3378; baseline 0.011 -28"><span class='ocrx_word' id='word_1_513' title='bbox 2023 3313 2107 3351; x_wconf 87' lang='grc' dir='ltr'>σα</span> <span class='ocrx_word' id='word_1_514' title='bbox 2129 3297 2249 3352; x_wconf 81' lang='grc' dir='ltr'>τῶν</span> <span class='ocrx_word' id='word_1_515' title='bbox 2272 3298 2476 3354; x_wconf 78' lang='grc' dir='ltr'>κυνῶν</span> <span class='ocrx_word' id='word_1_516' title='bbox 2499 3317 2615 3354; x_wconf 92' lang='grc' dir='ltr'><strong>σου</strong></span> <span class='ocrx_word' id='word_1_517' title='bbox 2642 3301 2710 3368; x_wconf 79' lang='grc' dir='ltr'><strong>ἐξ</strong></span> <span class='ocrx_word' id='word_1_518' title='bbox 2737 3303 2966 3372; x_wconf 76' lang='grc' dir='ltr'>ἐχθρῶν</span> <span class='ocrx_word' id='word_1_519' title='bbox 2996 3308 3132 3375; x_wconf 80' lang='grc' dir='ltr'>παρ’</span> <span class='ocrx_word' id='word_1_520' title='bbox 3164 3310 3370 3364; x_wconf 84' lang='grc' dir='ltr'>αὐτοῦ.</span> <span class='ocrx_word' id='word_1_521' title='bbox 3413 3312 3608 3378; x_wconf 82' lang='grc' dir='ltr'>Κύνας</span> 
     </span>
    </p>
   </div>
   <div class='ocr_carea' id='block_1_77' title="bbox 2027 3390 3612 3474">
    <p class='ocr_par' dir='ltr' id='par_1_77' title="bbox 2027 3390 3612 3474">
     <span class='ocr_line' id='line_1_78' title="bbox 2027 3390 3612 3474; baseline 0.011 -32"><span class='ocrx_word' id='word_1_522' title='bbox 2027 3390 2124 3460; x_wconf 77' lang='grc' dir='ltr'>μὲν</span> <span class='ocrx_word' id='word_1_523' title='bbox 2177 3392 2303 3456; x_wconf 85' lang='grc' dir='ltr'>τοὺς</span> <span class='ocrx_word' id='word_1_524' title='bbox 2354 3393 2453 3464; x_wconf 83' lang='grc' dir='ltr'>τῆς</span> <span class='ocrx_word' id='word_1_525' title='bbox 2481 3394 2676 3464; x_wconf 81' lang='grc' dir='ltr'>νοητῆς</span> <span class='ocrx_word' id='word_1_526' title='bbox 2729 3395 2962 3469; x_wconf 79' lang='grc' dir='ltr'>ποίμνης</span> <span class='ocrx_word' id='word_1_527' title='bbox 2995 3398 3236 3467; x_wconf 85' lang='grc' dir='ltr'>φύλακάς</span> <span class='ocrx_word' id='word_1_528' title='bbox 3273 3419 3435 3474; x_wconf 86' lang='grc' dir='ltr'>φησι,</span> <span class='ocrx_word' id='word_1_529' title='bbox 3471 3407 3612 3471; x_wconf 85' lang='grc' dir='ltr'>τοὺς</span> 
     </span>
    </p>
   </div>
   <div class='ocr_carea' id='block_1_78' title="bbox 2025 3479 3608 3566">
    <p class='ocr_par' dir='ltr' id='par_1_78' title="bbox 2025 3479 3608 3566">
     <span class='ocr_line' id='line_1_79' title="bbox 2025 3479 3608 3566; baseline 0.011 -33"><span class='ocrx_word' id='word_1_530' title='bbox 2025 3482 2210 3550; x_wconf 79' lang='grc' dir='ltr'>ἁγίους</span> <span class='ocrx_word' id='word_1_531' title='bbox 2240 3484 2516 3554; x_wconf 73' lang='grc' dir='ltr'><strong>κήρυκας⁹</strong></span> <span class='ocrx_word' id='word_1_532' title='bbox 2543 3479 2619 3538; x_wconf 82' lang='grc' dir='ltr'>ὧν</span> <span class='ocrx_word' id='word_1_533' title='bbox 2646 3486 2702 3539; x_wconf 83' lang='grc' dir='ltr'>δὲ</span> <span class='ocrx_word' id='word_1_534' title='bbox 2741 3489 2835 3541; x_wconf 73' lang='grc' dir='ltr'>καὶ</span> <span class='ocrx_word' id='word_1_535' title='bbox 2867 3490 2899 3559; x_wconf 83' lang='grc' dir='ltr'>ὴ</span> <span class='ocrx_word' id='word_1_536' title='bbox 2938 3490 3155 3556; x_wconf 87' lang='grc' dir='ltr'>γλῶσσα</span> <span class='ocrx_word' id='word_1_537' title='bbox 3187 3496 3462 3566; x_wconf 80' lang='grc' dir='ltr'>μονονουχὶ</span> <span class='ocrx_word' id='word_1_538' title='bbox 3504 3498 3608 3550; x_wconf 75' lang='grc' dir='ltr'><strong>τοῦ</strong></span> 
     </span>
    </p>
   </div>
   <div class='ocr_carea' id='block_1_79' title="bbox 2024 3578 3608 3658">
    <p class='ocr_par' dir='ltr' id='par_1_79' title="bbox 2024 3578 3608 3658">
     <span class='ocr_line' id='line_1_80' title="bbox 2024 3578 3608 3658; baseline 0.011 -29"><span class='ocrx_word' id='word_1_539' title='bbox 2024 3578 2254 3648; x_wconf 85' lang='grc' dir='ltr'>αἵματος</span> <span class='ocrx_word' id='word_1_540' title='bbox 2286 3579 2391 3634; x_wconf 89' lang='grc' dir='ltr'><strong>τῶν</strong></span> <span class='ocrx_word' id='word_1_541' title='bbox 2429 3581 2634 3652; x_wconf 87' lang='grc' dir='ltr'>νοητῶν</span> <span class='ocrx_word' id='word_1_542' title='bbox 2664 3583 2871 3654; x_wconf 77' lang='grc' dir='ltr'>ἐχθρῶν</span> <span class='ocrx_word' id='word_1_543' title='bbox 2895 3585 3238 3655; x_wconf 82' lang='grc' dir='ltr'>ἀπογεύεται.</span> <span class='ocrx_word' id='word_1_544' title='bbox 3291 3590 3452 3658; x_wconf 81' lang='grc' dir='ltr'>Λέγει</span> <span class='ocrx_word' id='word_1_545' title='bbox 3484 3589 3608 3658; x_wconf 79' lang='grc' dir='ltr'>οὖν,</span> 
     </span>
    </p>
   </div>
   <div class='ocr_carea' id='block_1_80' title="bbox 2022 3667 3612 3753">
    <p class='ocr_par' dir='ltr' id='par_1_80' title="bbox 2022 3667 3612 3753">
     <span class='ocr_line' id='line_1_81' title="bbox 2022 3667 3612 3753; baseline 0.013 -35"><span class='ocrx_word' id='word_1_546' title='bbox 2022 3667 2098 3731; x_wconf 88' lang='grc' dir='ltr'>ὡς</span> <span class='ocrx_word' id='word_1_547' title='bbox 2150 3674 2431 3741; x_wconf 76' lang='grc' dir='ltr'>μονονουχὶ</span> <span class='ocrx_word' id='word_1_548' title='bbox 2459 3670 2690 3726; x_wconf 89' lang='grc' dir='ltr'>θανάτου</span> <span class='ocrx_word' id='word_1_549' title='bbox 2734 3675 2883 3728; x_wconf 83' lang='grc' dir='ltr'>αίτία</span> <span class='ocrx_word' id='word_1_550' title='bbox 2916 3676 3022 3730; x_wconf 91' lang='grc' dir='ltr'><strong>τῶν</strong></span> <span class='ocrx_word' id='word_1_551' title='bbox 3054 3680 3308 3751; x_wconf 83' lang='grc' dir='ltr'>πονηρῶν</span> <span class='ocrx_word' id='word_1_552' title='bbox 3332 3681 3612 3753; x_wconf 80' lang='grc' dir='ltr'>δαιμόνων</span> 
     </span>
    </p>
   </div>
   <div class='ocr_carea' id='block_1_81' title="bbox 2023 3761 3069 3840">
    <p class='ocr_par' dir='ltr' id='par_1_81' title="bbox 2023 3761 3069 3840">
     <span class='ocr_line' id='line_1_82' title="bbox 2023 3761 3069 3840; baseline 0.009 -27"><span class='ocrx_word' id='word_1_553' title='bbox 2023 3761 2312 3830; x_wconf 84' lang='grc' dir='ltr'>γενήσεται</span> <span class='ocrx_word' id='word_1_554' title='bbox 2347 3764 2379 3833; x_wconf 85' lang='grc' dir='ltr'><strong>ή</strong></span> <span class='ocrx_word' id='word_1_555' title='bbox 2410 3763 2516 3817; x_wconf 88' lang='grc' dir='ltr'><strong>τῶν</strong></span> <span class='ocrx_word' id='word_1_556' title='bbox 2558 3765 2870 3820; x_wconf 83' lang='grc' dir='ltr'>ἀποστόλων</span> <span class='ocrx_word' id='word_1_557' title='bbox 2901 3771 3069 3840; x_wconf 86' lang='grc' dir='ltr'>φωνή.</span> 
     </span>
    </p>
   </div>
   <div class='ocr_carea' id='block_1_82' title="bbox 2107 3853 3611 3936">
    <p class='ocr_par' dir='ltr' id='par_1_82' title="bbox 2107 3853 3611 3936">
     <span class='ocr_line' id='line_1_83' title="bbox 2107 3853 3611 3936; baseline 0.011 -31"><span class='ocrx_word' id='word_1_558' title='bbox 2107 3853 2558 3922; x_wconf 78' lang='grc' dir='ltr'>Ἐθεωρήθησαν</span> <span class='ocrx_word' id='word_1_559' title='bbox 2589 3858 2650 3909; x_wconf 83' lang='grc' dir='ltr'>αἱ</span> <span class='ocrx_word' id='word_1_560' title='bbox 2687 3859 2918 3927; x_wconf 79' lang='grc' dir='ltr'>πορεῖαί</span> <span class='ocrx_word' id='word_1_561' title='bbox 2946 3878 3083 3926; x_wconf 86' lang='grc' dir='ltr'>σου,</span> <span class='ocrx_word' id='word_1_562' title='bbox 3113 3866 3145 3916; x_wconf 86' lang='grc' dir='ltr'><strong>ό</strong></span> <span class='ocrx_word' id='word_1_563' title='bbox 3172 3865 3334 3930; x_wconf 83' lang='grc' dir='ltr'>θεός.</span> <span class='ocrx_word' id='word_1_564' title='bbox 3370 3867 3611 3936; x_wconf 76' lang='grc' dir='ltr'>Πορείας</span> 
     </span>
    </p>
   </div>
   <div class='ocr_carea' id='block_1_83' title="bbox 2023 3942 3608 4028">
    <p class='ocr_par' dir='ltr' id='par_1_83' title="bbox 2023 3942 3608 4028">
     <span class='ocr_line' id='line_1_84' title="bbox 2023 3942 3608 4028; baseline 0.012 -34"><span class='ocrx_word' id='word_1_565' title='bbox 2023 3942 2155 3995; x_wconf 79' lang='grc' dir='ltr'><strong>Θεοῦ</strong></span> <span class='ocrx_word' id='word_1_566' title='bbox 2197 3961 2328 4014; x_wconf 83' lang='grc' dir='ltr'>φησι</span> <span class='ocrx_word' id='word_1_567' title='bbox 2365 3945 2462 4007; x_wconf 86' lang='grc' dir='ltr'><strong>τὰς</strong></span> <span class='ocrx_word' id='word_1_568' title='bbox 2491 3948 2548 3999; x_wconf 83' lang='grc' dir='ltr'>ὲν</span> <span class='ocrx_word' id='word_1_569' title='bbox 2576 3950 2642 4018; x_wconf 79' lang='grc' dir='ltr'>τῇ</span> <span class='ocrx_word' id='word_1_570' title='bbox 2679 3950 2957 4022; x_wconf 73' lang='grc' dir='ltr'>οἰκονομίᾳ</span> <span class='ocrx_word' id='word_1_571' title='bbox 2991 3952 3219 4024; x_wconf 81' lang='grc' dir='ltr'>πράξεις</span> <span class='ocrx_word' id='word_1_572' title='bbox 3268 3958 3569 4028; x_wconf 82' lang='grc' dir='ltr'>γενομένας</span> <span class='ocrx_word' id='word_1_573' title='bbox 3592 3978 3608 3991; x_wconf 83' lang='grc'><strong>·</strong></span> 
     </span>
    </p>
   </div>
   <div class='ocr_carea' id='block_1_84' title="bbox 2022 4029 3614 4120">
    <p class='ocr_par' dir='ltr' id='par_1_84' title="bbox 2022 4029 3614 4120">
     <span class='ocr_line' id='line_1_85' title="bbox 2022 4029 3614 4120; baseline 0.012 -33"><span class='ocrx_word' id='word_1_574' title='bbox 2022 4029 2134 4088; x_wconf 73' lang='grc' dir='ltr'>οἷον</span> <span class='ocrx_word' id='word_1_575' title='bbox 2157 4035 2255 4106; x_wconf 79' lang='grc' dir='ltr'>τὴν</span> <span class='ocrx_word' id='word_1_576' title='bbox 2278 4036 2366 4088; x_wconf 87' lang='grc' dir='ltr'><strong>διὰ</strong></span> <span class='ocrx_word' id='word_1_577' title='bbox 2394 4038 2666 4108; x_wconf 83' lang='grc' dir='ltr'>Παρθένου</span> <span class='ocrx_word' id='word_1_578' title='bbox 2695 4040 2968 4106; x_wconf 86' lang='grc' dir='ltr'>ἀπότεξιν,</span> <span class='ocrx_word' id='word_1_579' title='bbox 2999 4045 3100 4114; x_wconf 82' lang='grc' dir='ltr'>τήν</span> <span class='ocrx_word' id='word_1_580' title='bbox 3131 4063 3189 4098; x_wconf 89' lang='grc' dir='ltr'><strong>τε</strong></span> <span class='ocrx_word' id='word_1_581' title='bbox 3217 4047 3324 4100; x_wconf 84' lang='grc' dir='ltr'><strong>τῶν</strong></span> <span class='ocrx_word' id='word_1_582' title='bbox 3359 4051 3614 4120; x_wconf 79' lang='grc' dir='ltr'>σημείων</span> 
     </span>
    </p>
   </div>
   <div class='ocr_carea' id='block_1_85' title="bbox 2025 4127 3614 4210">
    <p class='ocr_par' dir='ltr' id='par_1_85' title="bbox 2025 4127 3614 4210">
     <span class='ocr_line' id='line_1_86' title="bbox 2025 4127 3614 4210; baseline 0.013 -33"><span class='ocrx_word' id='word_1_583' title='bbox 2025 4127 2318 4196; x_wconf 76' lang='grc' dir='ltr'>ἐργασίαν,</span> <span class='ocrx_word' id='word_1_584' title='bbox 2346 4128 2445 4198; x_wconf 82' lang='grc' dir='ltr'>τήν</span> <span class='ocrx_word' id='word_1_585' title='bbox 2473 4145 2532 4181; x_wconf 91' lang='grc' dir='ltr'>τε</span> <span class='ocrx_word' id='word_1_586' title='bbox 2557 4129 2819 4185; x_wconf 79' lang='grc' dir='ltr'>ἀνάϐασιν</span> <span class='ocrx_word' id='word_1_587' title='bbox 2850 4133 2946 4204; x_wconf 84' lang='grc' dir='ltr'>τὴν</span> <span class='ocrx_word' id='word_1_588' title='bbox 2974 4135 3066 4187; x_wconf 78' lang='grc' dir='ltr'><strong>ἐπὶ</strong></span> <span class='ocrx_word' id='word_1_589' title='bbox 3089 4136 3186 4190; x_wconf 82' lang='grc' dir='ltr'>τοῦ</span> <span class='ocrx_word' id='word_1_590' title='bbox 3215 4139 3478 4210; x_wconf 81' lang='grc' dir='ltr'>σταυροῦ,</span> <span class='ocrx_word' id='word_1_591' title='bbox 3513 4143 3614 4197; x_wconf 85' lang='grc' dir='ltr'><strong>τόν</strong></span> 
     </span>
    </p>
   </div>
   <div class='ocr_carea' id='block_1_86' title="bbox 2023 4218 3612 4301">
    <p class='ocr_par' dir='ltr' id='par_1_86' title="bbox 2023 4218 3612 4301">
     <span class='ocr_line' id='line_1_87' title="bbox 2023 4218 3612 4301; baseline 0.013 -31"><span class='ocrx_word' id='word_1_592' title='bbox 2023 4234 2081 4270; x_wconf 88' lang='grc' dir='ltr'><strong>τε</strong></span> <span class='ocrx_word' id='word_1_593' title='bbox 2114 4218 2341 4272; x_wconf 89' lang='grc' dir='ltr'>θάνατον</span> <span class='ocrx_word' id='word_1_594' title='bbox 2374 4220 2465 4273; x_wconf 75' lang='grc' dir='ltr'>τὸν</span> <span class='ocrx_word' id='word_1_595' title='bbox 2493 4222 2782 4292; x_wconf 87' lang='grc' dir='ltr'>γενόμενον</span> <span class='ocrx_word' id='word_1_596' title='bbox 2803 4227 3181 4298; x_wconf 77' lang='grc' dir='ltr'>οἰκονομικῶς,</span> <span class='ocrx_word' id='word_1_597' title='bbox 3211 4233 3310 4301; x_wconf 84' lang='grc' dir='ltr'>τήν</span> <span class='ocrx_word' id='word_1_598' title='bbox 3335 4249 3393 4285; x_wconf 86' lang='grc' dir='ltr'>τε</span> <span class='ocrx_word' id='word_1_599' title='bbox 3423 4235 3489 4287; x_wconf 84' lang='grc' dir='ltr'>ὲκ</span> <span class='ocrx_word' id='word_1_600' title='bbox 3516 4252 3612 4290; x_wconf 84' lang='grc' dir='ltr'><strong>νε-</strong></span> 
     </span>
    </p>
   </div>
   <div class='ocr_carea' id='block_1_87' title="bbox 2025 4309 3611 4392">
    <p class='ocr_par' dir='ltr' id='par_1_87' title="bbox 2025 4309 3611 4392">
     <span class='ocr_line' id='line_1_88' title="bbox 2025 4309 3611 4392; baseline 0.013 -32"><span class='ocrx_word' id='word_1_601' title='bbox 2025 4309 2173 4380; x_wconf 84' lang='grc' dir='ltr'>κρῶν</span> <span class='ocrx_word' id='word_1_602' title='bbox 2202 4309 2496 4365; x_wconf 78' lang='grc' dir='ltr'>ἀναϐίωσιν</span> <span class='ocrx_word' id='word_1_603' title='bbox 2515 4353 2529 4376; x_wconf 88' lang='grc'><strong>,</strong></span> <span class='ocrx_word' id='word_1_604' title='bbox 2568 4316 2662 4368; x_wconf 78' lang='grc' dir='ltr'>καὶ</span> <span class='ocrx_word' id='word_1_605' title='bbox 2689 4315 2786 4386; x_wconf 83' lang='grc' dir='ltr'>τὴν</span> <span class='ocrx_word' id='word_1_606' title='bbox 2809 4319 2889 4382; x_wconf 79' lang='grc' dir='ltr'><strong>είς</strong></span> <span class='ocrx_word' id='word_1_607' title='bbox 2915 4320 3177 4392; x_wconf 82' lang='grc' dir='ltr'>οὐρανοὺς</span> <span class='ocrx_word' id='word_1_608' title='bbox 3202 4323 3404 4379; x_wconf 82' lang='grc' dir='ltr'>ἄνοδον.</span> <span class='ocrx_word' id='word_1_609' title='bbox 3463 4325 3611 4380; x_wconf 79' lang='grc' dir='ltr'><strong>Ταύ-</strong></span> 
     </span>
    </p>
   </div>
   <div class='ocr_carea' id='block_1_88' title="bbox 357 4394 1944 4492">
    <p class='ocr_par' dir='ltr' id='par_1_88' title="bbox 357 4394 1918 4468">
     <span class='ocr_line' id='line_1_89' title="bbox 357 4394 1918 4468; baseline 0.001 -18"><span class='ocrx_word' id='word_1_610' title='bbox 357 4412 445 4451; x_wconf 80' lang='lat' dir='ltr'><strong>sus</strong></span> <span class='ocrx_word' id='word_1_611' title='bbox 474 4395 568 4448; x_wconf 92' lang='lat' dir='ltr'><strong>Dei</strong></span> <span class='ocrx_word' id='word_1_612' title='bbox 593 4395 715 4458; x_wconf 89' lang='lat' dir='ltr'><strong>mei,</strong></span> <span class='ocrx_word' id='word_1_613' title='bbox 742 4394 877 4464; x_wconf 81' lang='lat' dir='ltr'><strong>regis</strong></span> <span class='ocrx_word' id='word_1_614' title='bbox 902 4394 1001 4447; x_wconf 89' lang='lat' dir='ltr'><strong>mei</strong></span> <span class='ocrx_word' id='word_1_615' title='bbox 1024 4395 1116 4463; x_wconf 86' lang='lat' dir='ltr'><strong>qui</strong></span> <span class='ocrx_word' id='word_1_616' title='bbox 1152 4402 1230 4448; x_wconf 88' lang='lat' dir='ltr'><strong>est</strong></span> <span class='ocrx_word' id='word_1_617' title='bbox 1267 4395 1323 4449; x_wconf 91' lang='lat' dir='ltr'><strong>in</strong></span> <span class='ocrx_word' id='word_1_618' title='bbox 1351 4407 1555 4450; x_wconf 84' lang='lat' dir='ltr'><strong>sancto.</strong></span> <span class='ocrx_word' id='word_1_619' title='bbox 1591 4394 1721 4451; x_wconf 88' lang='lat' dir='ltr'><strong>Vide</strong></span> <span class='ocrx_word' id='word_1_620' title='bbox 1753 4413 1918 4468; x_wconf 90' lang='lat' dir='ltr'><strong>quam</strong></span> 
     </span>
    </p>
   </div>
   <div class='ocr_carea' id='block_1_89' title="bbox 2094 4394 3613 4492">
    <p class='ocr_par' dir='ltr' id='par_1_89' title="bbox 2096 4401 3613 4485">
     <span class='ocr_line' id='line_1_90' title="bbox 2096 4401 3613 4485; baseline 0.014 -33"><span class='ocrx_word' id='word_1_621' title='bbox 2096 4419 2122 4464; x_wconf 90' lang='grc' dir='ltr'><strong>ς</strong></span> <span class='ocrx_word' id='word_1_622' title='bbox 2159 4401 2256 4466; x_wconf 71' lang='grc' dir='ltr'><strong>τὰς</strong></span> <span class='ocrx_word' id='word_1_623' title='bbox 2285 4406 2510 4475; x_wconf 86' lang='grc' dir='ltr'>πορείας</span> <span class='ocrx_word' id='word_1_624' title='bbox 2542 4411 2780 4481; x_wconf 77' lang='grc' dir='ltr'>φανερὰς</span> <span class='ocrx_word' id='word_1_625' title='bbox 2811 4412 3138 4482; x_wconf 83' lang='grc' dir='ltr'>γεγενῆσθαί</span> <span class='ocrx_word' id='word_1_626' title='bbox 3168 4432 3358 4485; x_wconf 76' lang='grc' dir='ltr'>φησιν·</span> <span class='ocrx_word' id='word_1_627' title='bbox 3400 4420 3468 4470; x_wconf 83' lang='lat' dir='ltr'><strong>Al</strong></span> <span class='ocrx_word' id='word_1_628' title='bbox 3499 4433 3613 4473; x_wconf 78' lang='grc' dir='ltr'>πο-</span> 
     </span>
    </p>
   </div>
   <div class='ocr_carea' id='block_1_90' title="bbox 357 4483 1920 4557">
    <p class='ocr_par' dir='ltr' id='par_1_90' title="bbox 357 4483 1920 4557">
     <span class='ocr_line' id='line_1_91' title="bbox 357 4483 1920 4557; baseline 0.002 -17"><span class='ocrx_word' id='word_1_629' title='bbox 357 4495 538 4557; x_wconf 80' lang='lat' dir='ltr'><strong>aperte</strong></span> <span class='ocrx_word' id='word_1_630' title='bbox 560 4499 686 4540; x_wconf 90' lang='lat' dir='ltr'><strong>eum</strong></span> <span class='ocrx_word' id='word_1_631' title='bbox 717 4484 811 4554; x_wconf 90' lang='lat' dir='ltr'><strong>qui</strong></span> <span class='ocrx_word' id='word_1_632' title='bbox 843 4484 942 4537; x_wconf 88' lang='lat' dir='ltr'><strong>hos</strong></span> <span class='ocrx_word' id='word_1_633' title='bbox 977 4484 1257 4554; x_wconf 85' lang='lat' dir='ltr'><strong>ingressus</strong></span> <span class='ocrx_word' id='word_1_634' title='bbox 1288 4483 1436 4549; x_wconf 79' lang='lat' dir='ltr'><strong>facit,</strong></span> <span class='ocrx_word' id='word_1_635' title='bbox 1469 4496 1521 4540; x_wconf 89' lang='lat' dir='ltr'><strong>et</strong></span> <span class='ocrx_word' id='word_1_636' title='bbox 1549 4486 1714 4540; x_wconf 88' lang='lat' dir='ltr'><strong>Deum</strong></span> <span class='ocrx_word' id='word_1_637' title='bbox 1745 4497 1796 4542; x_wconf 88' lang='lat' dir='ltr'><strong>ct</strong></span> <span class='ocrx_word' id='word_1_638' title='bbox 1833 4505 1920 4544; x_wconf 89' lang='lat' dir='ltr'><strong>re-</strong></span> 
     </span>
    </p>
   </div>
   <div class='ocr_carea' id='block_1_91' title="bbox 358 4573 1921 4646">
    <p class='ocr_par' dir='ltr' id='par_1_91' title="bbox 358 4573 1921 4646">
     <span class='ocr_line' id='line_1_92' title="bbox 358 4573 1921 4646; baseline 0.003 -17"><span class='ocrx_word' id='word_1_639' title='bbox 358 4589 478 4645; x_wconf 81' lang='lat' dir='ltr'><strong>gem</strong></span> <span class='ocrx_word' id='word_1_640' title='bbox 508 4589 627 4629; x_wconf 84' lang='lat' dir='ltr'><strong>esse</strong></span> <span class='ocrx_word' id='word_1_641' title='bbox 657 4589 817 4628; x_wconf 86' lang='lat' dir='ltr'><strong>suum</strong></span> <span class='ocrx_word' id='word_1_642' title='bbox 845 4573 998 4627; x_wconf 83' lang='lat' dir='ltr'><strong>dicit.</strong></span> <span class='ocrx_word' id='word_1_643' title='bbox 1031 4573 1322 4645; x_wconf 89' lang='lat' dir='ltr'><strong>Ipsumque</strong></span> <span class='ocrx_word' id='word_1_644' title='bbox 1350 4577 1606 4646; x_wconf 65' lang='lat' dir='ltr'><strong>praedicat</strong></span> <span class='ocrx_word' id='word_1_645' title='bbox 1640 4578 1694 4632; x_wconf 92' lang='lat' dir='ltr'><strong>in</strong></span> <span class='ocrx_word' id='word_1_646' title='bbox 1730 4588 1921 4633; x_wconf 89' lang='lat' dir='ltr'><strong>sancto</strong></span> 
     </span>
    </p>
   </div>
   <div class='ocr_carea' id='block_1_92' title="bbox 359 4650 1923 4735">
    <p class='ocr_par' dir='ltr' id='par_1_92' title="bbox 359 4650 1923 4735">
     <span class='ocr_line' id='line_1_93' title="bbox 359 4650 1923 4735; baseline 0.003 -17"><span class='ocrx_word' id='word_1_647' title='bbox 359 4680 500 4732; x_wconf 77' lang='lat' dir='ltr'><strong>esse,</strong></span> <span class='ocrx_word' id='word_1_648' title='bbox 525 4664 574 4718; x_wconf 87' lang='lat' dir='ltr'><strong>id</strong></span> <span class='ocrx_word' id='word_1_649' title='bbox 601 4671 686 4718; x_wconf 88' lang='lat' dir='ltr'><strong>est</strong></span> <span class='ocrx_word' id='word_1_650' title='bbox 707 4663 760 4716; x_wconf 90' lang='lat' dir='ltr'><strong>in</strong></span> <span class='ocrx_word' id='word_1_651' title='bbox 793 4672 976 4716; x_wconf 83' lang='lat' dir='ltr'><strong>monte</strong></span> <span class='ocrx_word' id='word_1_652' title='bbox 1011 4660 1162 4729; x_wconf 88' lang='lat' dir='ltr'><strong>Sina,</strong></span> <span class='ocrx_word' id='word_1_653' title='bbox 1201 4664 1357 4734; x_wconf 86' lang='lat' dir='ltr'><strong>juxta</strong></span> <span class='ocrx_word' id='word_1_654' title='bbox 1391 4665 1442 4720; x_wconf 84' lang='lat' dir='ltr'><strong>id</strong></span> <span class='ocrx_word' id='word_1_655' title='bbox 1473 4650 1806 4735; x_wconf 78' lang='lat' dir='ltr'><strong>quodanlea</strong></span> <span class='ocrx_word' id='word_1_656' title='bbox 1837 4668 1923 4722; x_wconf 86' lang='lat' dir='ltr'><strong>di-</strong></span> 
     </span>
    </p>
   </div>
   <div class='ocr_carea' id='block_1_93' title="bbox 359 4753 1710 4820">
    <p class='ocr_par' dir='ltr' id='par_1_93' title="bbox 359 4753 1710 4820">
     <span class='ocr_line' id='line_1_94' title="bbox 359 4753 1710 4820; baseline 0.001 -8"><span class='ocrx_word' id='word_1_657' title='bbox 359 4769 505 4812; x_wconf 84' lang='lat' dir='ltr'><strong>ctum</strong></span> <span class='ocrx_word' id='word_1_658' title='bbox 535 4763 649 4810; x_wconf 87' lang='lat' dir='ltr'><strong>est:</strong></span> <span class='ocrx_word' id='word_1_659' title='bbox 679 4754 928 4808; x_wconf 85' lang='lat' dir='ltr'><strong>Dominus</strong></span> <span class='ocrx_word' id='word_1_660' title='bbox 965 4756 1016 4808; x_wconf 86' lang='lat' dir='ltr'><strong>in</strong></span> <span class='ocrx_word' id='word_1_661' title='bbox 1038 4756 1134 4820; x_wconf 85' lang='lat' dir='ltr'><strong>eis,</strong></span> <span class='ocrx_word' id='word_1_662' title='bbox 1156 4756 1216 4809; x_wconf 86' lang='lat' dir='ltr'><strong>in</strong></span> <span class='ocrx_word' id='word_1_663' title='bbox 1243 4753 1396 4820; x_wconf 88' lang='lat' dir='ltr'><strong>Sina,</strong></span> <span class='ocrx_word' id='word_1_664' title='bbox 1425 4759 1478 4810; x_wconf 89' lang='lat' dir='ltr'><strong>iu</strong></span> <span class='ocrx_word' id='word_1_665' title='bbox 1507 4770 1710 4813; x_wconf 79' lang='lat' dir='ltr'><strong>sancto.</strong></span> 
     </span>
    </p>
   </div>
   <div class='ocr_carea' id='block_1_94' title="bbox 430 5023 1925 5092">
    <p class='ocr_par' dir='ltr' id='par_1_94' title="bbox 430 5023 1925 5092">
     <span class='ocr_line' id='line_1_95' title="bbox 430 5023 1925 5092; baseline 0.001 -14"><span class='ocrx_word' id='word_1_666' title='bbox 430 5024 520 5079; x_wconf 74' lang='lat'><strong>20.</strong></span> <span class='ocrx_word' id='word_1_667' title='bbox 549 5023 915 5082; x_wconf 67' lang='lat' dir='ltr'><strong>Prcucnerunt</strong></span> <span class='ocrx_word' id='word_1_668' title='bbox 947 5025 1207 5092; x_wconf 80' lang='lat' dir='ltr'><strong>principes</strong></span> <span class='ocrx_word' id='word_1_669' title='bbox 1243 5023 1509 5092; x_wconf 85' lang='lat' dir='ltr'><strong>conjuncti</strong></span> <span class='ocrx_word' id='word_1_670' title='bbox 1547 5023 1925 5092; x_wconf 34' lang='lat' dir='ltr'><strong>.psallentibus.</strong></span> 
     </span>
    </p>
   </div>
   <div class='ocr_carea' id='block_1_95' title="bbox 361 5113 1924 5185">
    <p class='ocr_par' dir='ltr' id='par_1_95' title="bbox 361 5113 1924 5185">
     <span class='ocr_line' id='line_1_96' title="bbox 361 5113 1924 5185; baseline 0.004 -19"><span class='ocrx_word' id='word_1_671' title='bbox 361 5113 639 5185; x_wconf 80' lang='lat' dir='ltr'><strong>Principes</strong></span> <span class='ocrx_word' id='word_1_672' title='bbox 661 5124 820 5169; x_wconf 79' lang='lat' dir='ltr'><strong>vocat</strong></span> <span class='ocrx_word' id='word_1_673' title='bbox 840 5125 1058 5170; x_wconf 88' lang='lat' dir='ltr'><strong>sanctos</strong></span> <span class='ocrx_word' id='word_1_674' title='bbox 1080 5115 1377 5184; x_wconf 86' lang='lat' dir='ltr'><strong>apostolos,</strong></span> <span class='ocrx_word' id='word_1_675' title='bbox 1405 5115 1471 5169; x_wconf 89' lang='lat' dir='ltr'><strong>de</strong></span> <span class='ocrx_word' id='word_1_676' title='bbox 1494 5115 1694 5184; x_wconf 81' lang='lat' dir='ltr'><strong>quibus</strong></span> <span class='ocrx_word' id='word_1_677' title='bbox 1719 5117 1924 5172; x_wconf 88' lang='lat' dir='ltr'><strong>dictum</strong></span> 
     </span>
    </p>
   </div>
   <div class='ocr_carea' id='block_1_96' title="bbox 358 5206 1922 5277">
    <p class='ocr_par' dir='ltr' id='par_1_96' title="bbox 358 5206 1922 5277">
     <span class='ocr_line' id='line_1_97' title="bbox 358 5206 1922 5277; baseline 0 -15"><span class='ocrx_word' id='word_1_678' title='bbox 358 5213 446 5262; x_wconf 69' lang='lat' dir='ltr'><strong>est</strong></span> <span class='ocrx_word' id='word_1_679' title='bbox 462 5206 538 5237; x_wconf 72' lang='lat'><strong>&quot;&#39;</strong></span> <span class='ocrx_word' id='word_1_680' title='bbox 569 5207 866 5266; x_wconf 76' lang='lat' dir='ltr'><strong>Constitues</strong></span> <span class='ocrx_word' id='word_1_681' title='bbox 893 5223 979 5262; x_wconf 87' lang='lat' dir='ltr'><strong>eos</strong></span> <span class='ocrx_word' id='word_1_682' title='bbox 995 5208 1255 5277; x_wconf 83' lang='lat' dir='ltr'><strong>principes</strong></span> <span class='ocrx_word' id='word_1_683' title='bbox 1280 5222 1437 5273; x_wconf 88' lang='lat' dir='ltr'><strong>super</strong></span> <span class='ocrx_word' id='word_1_684' title='bbox 1460 5222 1662 5259; x_wconf 79' lang='lat' dir='ltr'><strong>omnem</strong></span> <span class='ocrx_word' id='word_1_685' title='bbox 1689 5216 1922 5270; x_wconf 86' lang='lat' dir='ltr'><strong>terram;</strong></span> 
     </span>
    </p>
   </div>
   <div class='ocr_carea' id='block_1_97' title="bbox 361 5296 1928 5367">
    <p class='ocr_par' dir='ltr' id='par_1_97' title="bbox 361 5296 1928 5367">
     <span class='ocr_line' id='line_1_98' title="bbox 361 5296 1928 5367; baseline 0.002 -19"><span class='ocrx_word' id='word_1_686' title='bbox 361 5296 652 5366; x_wconf 76' lang='lat' dir='ltr'><strong>psallentes</strong></span> <span class='ocrx_word' id='word_1_687' title='bbox 695 5308 903 5362; x_wconf 86' lang='lat' dir='ltr'><strong>autem,</strong></span> <span class='ocrx_word' id='word_1_688' title='bbox 945 5313 1040 5358; x_wconf 89' lang='lat' dir='ltr'><strong>eos</strong></span> <span class='ocrx_word' id='word_1_689' title='bbox 1073 5297 1166 5367; x_wconf 90' lang='lat' dir='ltr'><strong>qui</strong></span> <span class='ocrx_word' id='word_1_690' title='bbox 1213 5296 1498 5350; x_wconf 87' lang='lat' dir='ltr'><strong>rationalia</strong></span> <span class='ocrx_word' id='word_1_691' title='bbox 1535 5297 1800 5351; x_wconf 88' lang='lat' dir='ltr'><strong>sacrilicia</strong></span> <span class='ocrx_word' id='word_1_692' title='bbox 1835 5315 1928 5367; x_wconf 84' lang='lat' dir='ltr'><strong>per</strong></span> 
     </span>
    </p>
   </div>
   <div class='ocr_carea' id='block_1_98' title="bbox 362 5389 1923 5463">
    <p class='ocr_par' dir='ltr' id='par_1_98' title="bbox 362 5389 1923 5463">
     <span class='ocr_line' id='line_1_99' title="bbox 362 5389 1923 5463; baseline 0.001 -19"><span class='ocrx_word' id='word_1_693' title='bbox 362 5391 549 5446; x_wconf 79' lang='lat' dir='ltr'><strong>laudes</strong></span> <span class='ocrx_word' id='word_1_694' title='bbox 593 5389 845 5446; x_wconf 79' lang='lat' dir='ltr'><strong>oﬂ&#39;erunt.</strong></span> <span class='ocrx_word' id='word_1_695' title='bbox 894 5393 985 5460; x_wconf 79' lang='lat' dir='ltr'><strong>Ait</strong></span> <span class='ocrx_word' id='word_1_696' title='bbox 1026 5393 1220 5463; x_wconf 84' lang='lat' dir='ltr'><strong>igitur,</strong></span> <span class='ocrx_word' id='word_1_697' title='bbox 1247 5401 1601 5458; x_wconf 64' lang='lat' dir='ltr'><strong>praevenerunt</strong></span> <span class='ocrx_word' id='word_1_698' title='bbox 1641 5392 1923 5461; x_wconf 85' lang='lat' dir='ltr'><strong>principes,</strong></span> 
     </span>
    </p>
   </div>
   <div class='ocr_carea' id='block_1_99' title="bbox 361 5486 1922 5557">
    <p class='ocr_par' dir='ltr' id='par_1_99' title="bbox 361 5486 1922 5557">
     <span class='ocr_line' id='line_1_100' title="bbox 361 5486 1922 5557; baseline 0 -15"><span class='ocrx_word' id='word_1_699' title='bbox 361 5491 415 5543; x_wconf 67' lang='lat' dir='ltr'><strong>id</strong></span> <span class='ocrx_word' id='word_1_700' title='bbox 457 5496 542 5540; x_wconf 77' lang='lat' dir='ltr'><strong>est</strong></span> <span class='ocrx_word' id='word_1_701' title='bbox 585 5487 794 5556; x_wconf 82' lang='lat' dir='ltr'><strong>priores</strong></span> <span class='ocrx_word' id='word_1_702' title='bbox 840 5488 1157 5556; x_wconf 78' lang='lat' dir='ltr'><strong>inceperunt</strong></span> <span class='ocrx_word' id='word_1_703' title='bbox 1203 5486 1576 5543; x_wconf 85' lang='lat' dir='ltr'><strong>adorationem</strong></span> <span class='ocrx_word' id='word_1_704' title='bbox 1626 5487 1679 5540; x_wconf 93' lang='lat' dir='ltr'><strong>in</strong></span> <span class='ocrx_word' id='word_1_705' title='bbox 1730 5488 1922 5557; x_wconf 85' lang='lat' dir='ltr'><strong>spiritu</strong></span> 
     </span>
    </p>
   </div>
   <div class='ocr_carea' id='block_1_100' title="bbox 430 5662 937 5733">
    <p class='ocr_par' dir='ltr' id='par_1_100' title="bbox 430 5662 937 5733">
     <span class='ocr_line' id='line_1_101' title="bbox 430 5662 937 5733; baseline 0.006 -16"><span class='ocrx_word' id='word_1_706' title='bbox 430 5663 479 5697; x_wconf 72' lang='grc'><strong>³⁸</strong></span> <span class='ocrx_word' id='word_1_707' title='bbox 503 5662 649 5722; x_wconf 79' lang='lat' dir='ltr'><strong>I&#39;sal.</strong></span> <span class='ocrx_word' id='word_1_708' title='bbox 683 5681 823 5733; x_wconf 60' lang='grc' dir='ltr'>χιιι,</span> <span class='ocrx_word' id='word_1_709' title='bbox 857 5669 937 5722; x_wconf 84' lang='lat' dir='ltr'><strong>l7.</strong></span> 
     </span>
    </p>
   </div>
   <div class='ocr_carea' id='block_1_101' title="bbox 2016 4493 3611 4577">
    <p class='ocr_par' dir='ltr' id='par_1_101' title="bbox 2016 4493 3611 4577">
     <span class='ocr_line' id='line_1_102' title="bbox 2016 4493 3611 4577; baseline 0.012 -32"><span class='ocrx_word' id='word_1_710' title='bbox 2016 4493 2171 4561; x_wconf 80' lang='grc' dir='ltr'>ρεῖαι</span> <span class='ocrx_word' id='word_1_711' title='bbox 2194 4494 2299 4548; x_wconf 87' lang='grc' dir='ltr'>τοῦ</span> <span class='ocrx_word' id='word_1_712' title='bbox 2339 4498 2484 4552; x_wconf 87' lang='grc' dir='ltr'>Θεοῦ</span> <span class='ocrx_word' id='word_1_713' title='bbox 2504 4517 2644 4568; x_wconf 77' lang='grc' dir='ltr'>μου,</span> <span class='ocrx_word' id='word_1_714' title='bbox 2676 4501 2780 4555; x_wconf 85' lang='grc' dir='ltr'>τοῦ</span> <span class='ocrx_word' id='word_1_715' title='bbox 2799 4503 3104 4571; x_wconf 69' lang='grc' dir='ltr'>βασιλέως</span> <span class='ocrx_word' id='word_1_716' title='bbox 3129 4524 3249 4575; x_wconf 78' lang='grc' dir='ltr'><strong>μου</strong></span> <span class='ocrx_word' id='word_1_717' title='bbox 3276 4508 3381 4561; x_wconf 78' lang='grc' dir='ltr'>τοῦ</span> <span class='ocrx_word' id='word_1_718' title='bbox 3429 4509 3500 4563; x_wconf 76' lang='grc' dir='ltr'><strong>ἐν</strong></span> <span class='ocrx_word' id='word_1_719' title='bbox 3525 4511 3611 4577; x_wconf 78' lang='grc' dir='ltr'>τῷ</span> 
     </span>
    </p>
   </div>
   <div class='ocr_carea' id='block_1_102' title="bbox 2028 4587 3615 4674">
    <p class='ocr_par' dir='ltr' id='par_1_102' title="bbox 2028 4587 3615 4674">
     <span class='ocr_line' id='line_1_103' title="bbox 2028 4587 3615 4674; baseline 0.01 -34"><span class='ocrx_word' id='word_1_720' title='bbox 2028 4587 2192 4655; x_wconf 72' lang='grc' dir='ltr'>ἁγίῳ.</span> <span class='ocrx_word' id='word_1_721' title='bbox 2215 4588 2376 4659; x_wconf 87' lang='grc' dir='ltr'>Ὅρα,</span> <span class='ocrx_word' id='word_1_722' title='bbox 2398 4589 2475 4653; x_wconf 83' lang='grc' dir='ltr'><strong>ὡς</strong></span> <span class='ocrx_word' id='word_1_723' title='bbox 2498 4594 2683 4661; x_wconf 76' lang='grc' dir='ltr'>σαφῶς</span> <span class='ocrx_word' id='word_1_724' title='bbox 2701 4592 2887 4647; x_wconf 82' lang='grc' dir='ltr'>τοῦτον</span> <span class='ocrx_word' id='word_1_725' title='bbox 2907 4595 2996 4647; x_wconf 84' lang='grc' dir='ltr'>τὸν</span> <span class='ocrx_word' id='word_1_726' title='bbox 3017 4595 3116 4660; x_wconf 85' lang='grc' dir='ltr'><strong>τὰς</strong></span> <span class='ocrx_word' id='word_1_727' title='bbox 3139 4598 3362 4669; x_wconf 88' lang='grc' dir='ltr'>πορείας</span> <span class='ocrx_word' id='word_1_728' title='bbox 3384 4618 3615 4674; x_wconf 55' lang='grc' dir='ltr'>πεποιτγ</span> 
     </span>
    </p>
   </div>
   <div class='ocr_carea' id='block_1_103' title="bbox 2037 4679 3610 4756">
    <p class='ocr_par' dir='ltr' id='par_1_103' title="bbox 2037 4679 3610 4756">
     <span class='ocr_line' id='line_1_104' title="bbox 2037 4679 3610 4756; baseline 0.011 -26"><span class='ocrx_word' id='word_1_729' title='bbox 2037 4679 2196 4748; x_wconf 85' lang='grc' dir='ltr'>μένον</span> <span class='ocrx_word' id='word_1_730' title='bbox 2223 4681 2317 4733; x_wconf 73' lang='grc' dir='ltr'>καὶ</span> <span class='ocrx_word' id='word_1_731' title='bbox 2351 4681 2483 4735; x_wconf 85' lang='grc' dir='ltr'>Θεὸν</span> <span class='ocrx_word' id='word_1_732' title='bbox 2522 4679 2660 4736; x_wconf 85' lang='grc' dir='ltr'>εἷναί</span> <span class='ocrx_word' id='word_1_733' title='bbox 2687 4701 2842 4755; x_wconf 84' lang='grc' dir='ltr'>φησι,</span> <span class='ocrx_word' id='word_1_734' title='bbox 2868 4686 2964 4739; x_wconf 77' lang='grc' dir='ltr'>καὶ</span> <span class='ocrx_word' id='word_1_735' title='bbox 2998 4685 3219 4756; x_wconf 84' lang='grc' dir='ltr'>βασιλέα</span> <span class='ocrx_word' id='word_1_736' title='bbox 3245 4689 3461 4746; x_wconf 80' lang='grc' dir='ltr'>ἑαυτοῦ.</span> <span class='ocrx_word' id='word_1_737' title='bbox 3495 4695 3610 4748; x_wconf 70' lang='grc' dir='ltr'><strong>Καὶ</strong></span> 
     </span>
    </p>
   </div>
   <div class='ocr_carea' id='block_1_104' title="bbox 2033 4769 3610 4850">
    <p class='ocr_par' dir='ltr' id='par_1_104' title="bbox 2033 4769 3610 4850">
     <span class='ocr_line' id='line_1_105' title="bbox 2033 4769 3610 4850; baseline 0.012 -31"><span class='ocrx_word' id='word_1_738' title='bbox 2033 4769 2194 4821; x_wconf 85' lang='grc' dir='ltr'>αὐτὸν</span> <span class='ocrx_word' id='word_1_739' title='bbox 2231 4771 2490 4841; x_wconf 82' lang='grc' dir='ltr'>κηρύττει</span> <span class='ocrx_word' id='word_1_740' title='bbox 2521 4773 2648 4828; x_wconf 82' lang='grc' dir='ltr'>ὄντα</span> <span class='ocrx_word' id='word_1_741' title='bbox 2677 4775 2765 4827; x_wconf 91' lang='grc' dir='ltr'>τὸν</span> <span class='ocrx_word' id='word_1_742' title='bbox 2812 4778 2870 4830; x_wconf 76' lang='grc' dir='ltr'>ἐν</span> <span class='ocrx_word' id='word_1_743' title='bbox 2902 4776 2978 4847; x_wconf 86' lang='grc' dir='ltr'>τῷ</span> <span class='ocrx_word' id='word_1_744' title='bbox 3024 4778 3191 4850; x_wconf 86' lang='grc' dir='ltr'>ἁγίῳ,</span> <span class='ocrx_word' id='word_1_745' title='bbox 3242 4783 3517 4836; x_wconf 82' lang='grc' dir='ltr'>τουτέστιν</span> <span class='ocrx_word' id='word_1_746' title='bbox 3547 4787 3610 4838; x_wconf 78' lang='grc' dir='ltr'>ἐν</span> 
     </span>
    </p>
   </div>
   <div class='ocr_carea' id='block_1_105' title="bbox 2033 4859 3612 4941">
    <p class='ocr_par' dir='ltr' id='par_1_105' title="bbox 2033 4859 3612 4941">
     <span class='ocr_line' id='line_1_106' title="bbox 2033 4859 3612 4941; baseline 0.012 -30"><span class='ocrx_word' id='word_1_747' title='bbox 2033 4860 2111 4927; x_wconf 83' lang='grc' dir='ltr'>τῷ</span> <span class='ocrx_word' id='word_1_748' title='bbox 2136 4859 2250 4930; x_wconf 76' lang='grc' dir='ltr'>ὄρει</span> <span class='ocrx_word' id='word_1_749' title='bbox 2280 4863 2429 4932; x_wconf 81' lang='grc' dir='ltr'>Σινᾷ,</span> <span class='ocrx_word' id='word_1_750' title='bbox 2476 4864 2618 4916; x_wconf 87' lang='grc' dir='ltr'><strong>κατά</strong></span> <span class='ocrx_word' id='word_1_751' title='bbox 2643 4865 2705 4918; x_wconf 84' lang='grc' dir='ltr'>τὸ</span> <span class='ocrx_word' id='word_1_752' title='bbox 2733 4864 2906 4920; x_wconf 83' lang='grc' dir='ltr'>ὀπίσω</span> <span class='ocrx_word' id='word_1_753' title='bbox 2943 4868 3260 4939; x_wconf 68' lang='grc' dir='ltr'>εἰρημένον·</span> <span class='ocrx_word' id='word_1_754' title='bbox 3288 4873 3506 4941; x_wconf 83' lang='grc' dir='ltr'>Κύριος</span> <span class='ocrx_word' id='word_1_755' title='bbox 3535 4877 3612 4929; x_wconf 75' lang='grc' dir='ltr'><strong>ἐν</strong></span> 
     </span>
    </p>
   </div>
   <div class='ocr_carea' id='block_1_106' title="bbox 2033 4950 2838 5025">
    <p class='ocr_par' dir='ltr' id='par_1_106' title="bbox 2033 4950 2838 5025">
     <span class='ocr_line' id='line_1_107' title="bbox 2033 4950 2838 5025; baseline 0.011 -24"><span class='ocrx_word' id='word_1_756' title='bbox 2033 4950 2260 5016; x_wconf 82' lang='grc' dir='ltr'>αὐτοῖς,</span> <span class='ocrx_word' id='word_1_757' title='bbox 2289 4953 2358 5004; x_wconf 85' lang='grc' dir='ltr'><strong>ἐν</strong></span> <span class='ocrx_word' id='word_1_758' title='bbox 2381 4952 2525 5020; x_wconf 80' lang='grc' dir='ltr'><strong>Σινᾷ</strong></span> <span class='ocrx_word' id='word_1_759' title='bbox 2541 4994 2554 5017; x_wconf 94' lang='grc'><strong>,</strong></span> <span class='ocrx_word' id='word_1_760' title='bbox 2579 4955 2649 5009; x_wconf 79' lang='grc' dir='ltr'><strong>ἐν</strong></span> <span class='ocrx_word' id='word_1_761' title='bbox 2675 4956 2838 5025; x_wconf 75' lang='grc' dir='ltr'>ἁγίῳ.</span> 
     </span>
    </p>
   </div>
   <div class='ocr_carea' id='block_1_107' title="bbox 2101 5040 3604 5123">
    <p class='ocr_par' dir='ltr' id='par_1_107' title="bbox 2101 5040 3604 5123">
     <span class='ocr_line' id='line_1_108' title="bbox 2101 5040 3604 5123; baseline 0.011 -30"><span class='ocrx_word' id='word_1_762' title='bbox 2101 5040 2496 5110; x_wconf 69' lang='grc' dir='ltr'>Προέερθασαν</span> <span class='ocrx_word' id='word_1_763' title='bbox 2560 5046 2846 5116; x_wconf 75' lang='grc' dir='ltr'>ἄρχοντες</span> <span class='ocrx_word' id='word_1_764' title='bbox 2912 5050 3184 5120; x_wconf 82' lang='grc' dir='ltr'>ἐχόμενοι</span> <span class='ocrx_word' id='word_1_765' title='bbox 3220 5057 3604 5123; x_wconf 70' lang='grc' dir='ltr'>ψαλλόντων.</span> 
     </span>
    </p>
   </div>
   <div class='ocr_carea' id='block_1_108' title="bbox 2037 5132 3612 5217">
    <p class='ocr_par' dir='ltr' id='par_1_108' title="bbox 2037 5132 3612 5217">
     <span class='ocr_line' id='line_1_109' title="bbox 2037 5132 3612 5217; baseline 0.011 -35"><span class='ocrx_word' id='word_1_766' title='bbox 2037 5132 2330 5217; x_wconf 52' lang='grc' dir='ltr'>ξᾼρχοντας</span> <span class='ocrx_word' id='word_1_767' title='bbox 2364 5134 2463 5204; x_wconf 85' lang='grc' dir='ltr'>μὲν</span> <span class='ocrx_word' id='word_1_768' title='bbox 2491 5137 2616 5200; x_wconf 84' lang='grc' dir='ltr'>τοὺς</span> <span class='ocrx_word' id='word_1_769' title='bbox 2662 5138 2849 5206; x_wconf 86' lang='grc' dir='ltr'>ἁγίους</span> <span class='ocrx_word' id='word_1_770' title='bbox 2896 5141 3225 5208; x_wconf 87' lang='grc' dir='ltr'>ἀποστόλους</span> <span class='ocrx_word' id='word_1_771' title='bbox 3274 5146 3404 5216; x_wconf 76' lang='grc' dir='ltr'>φησὶ</span> <span class='ocrx_word' id='word_1_772' title='bbox 3428 5185 3442 5206; x_wconf 88' lang='grc'><strong>.</strong></span> <span class='ocrx_word' id='word_1_773' title='bbox 3476 5150 3612 5217; x_wconf 78' lang='grc' dir='ltr'>περὶ</span> 
     </span>
    </p>
   </div>
   <div class='ocr_carea' id='block_1_109' title="bbox 2033 5215 3644 5305">
    <p class='ocr_par' dir='ltr' id='par_1_109' title="bbox 2033 5215 3644 5305">
     <span class='ocr_line' id='line_1_110' title="bbox 2033 5215 3644 5305; baseline 0.011 -32"><span class='ocrx_word' id='word_1_774' title='bbox 2033 5215 2107 5274; x_wconf 71' lang='grc' dir='ltr'>ὧν</span> <span class='ocrx_word' id='word_1_775' title='bbox 2153 5221 2392 5293; x_wconf 79' lang='grc' dir='ltr'>εἴρηται·</span> <span class='ocrx_word' id='word_1_776' title='bbox 2443 5229 2856 5297; x_wconf 67' lang='grc' dir='ltr'>Καταστήσας</span> <span class='ocrx_word' id='word_1_777' title='bbox 2907 5233 3128 5300; x_wconf 84' lang='grc' dir='ltr'>αὐτοὺς</span> <span class='ocrx_word' id='word_1_778' title='bbox 3164 5215 3457 5305; x_wconf 54' lang='grc' dir='ltr'>ἄρχοντας</span> <span class='ocrx_word' id='word_1_779' title='bbox 3507 5215 3644 5298; x_wconf 61' lang='grc' dir='ltr'>ἐπὶ,</span> 
     </span>
    </p>
   </div>
   <div class='ocr_carea' id='block_1_110' title="bbox 2033 5312 3611 5394">
    <p class='ocr_par' dir='ltr' id='par_1_110' title="bbox 2033 5312 3611 5394">
     <span class='ocr_line' id='line_1_111' title="bbox 2033 5312 3611 5394; baseline 0.011 -27"><span class='ocrx_word' id='word_1_780' title='bbox 2033 5312 2237 5369; x_wconf 70' lang='grc' dir='ltr'>πᾶσαν</span> <span class='ocrx_word' id='word_1_781' title='bbox 2262 5317 2376 5385; x_wconf 75' lang='grc' dir='ltr'><strong>τὴν</strong></span> <span class='ocrx_word' id='word_1_782' title='bbox 2403 5318 2519 5388; x_wconf 74' lang='grc' dir='ltr'><strong>γῆν</strong></span> <span class='ocrx_word' id='word_1_783' title='bbox 2536 5338 2548 5350; x_wconf 90' lang='grc'>·</span> <span class='ocrx_word' id='word_1_784' title='bbox 2592 5321 2890 5391; x_wconf 77' lang='grc' dir='ltr'>ψάλλοντας</span> <span class='ocrx_word' id='word_1_785' title='bbox 2916 5326 2973 5379; x_wconf 82' lang='grc' dir='ltr'>δὲ</span> <span class='ocrx_word' id='word_1_786' title='bbox 2998 5328 3120 5390; x_wconf 82' lang='grc' dir='ltr'>τοὺς</span> <span class='ocrx_word' id='word_1_787' title='bbox 3137 5328 3237 5390; x_wconf 85' lang='grc' dir='ltr'><strong>τὰς</strong></span> <span class='ocrx_word' id='word_1_788' title='bbox 3258 5328 3325 5382; x_wconf 88' lang='grc' dir='ltr'><strong>δι’</strong></span> <span class='ocrx_word' id='word_1_789' title='bbox 3349 5330 3611 5394; x_wconf 73' lang='grc' dir='ltr'>αἰνέσεως</span> 
     </span>
    </p>
   </div>
   <div class='ocr_carea' id='block_1_111' title="bbox 2032 5404 3610 5486">
    <p class='ocr_par' dir='ltr' id='par_1_111' title="bbox 2032 5404 3610 5486">
     <span class='ocr_line' id='line_1_112' title="bbox 2032 5404 3610 5486; baseline 0.011 -30"><span class='ocrx_word' id='word_1_790' title='bbox 2032 5404 2453 5475; x_wconf 85' lang='grc' dir='ltr'>ἀναπέμποντας</span> <span class='ocrx_word' id='word_1_791' title='bbox 2480 5409 2702 5478; x_wconf 87' lang='grc' dir='ltr'>λογικάς</span> <span class='ocrx_word' id='word_1_792' title='bbox 2731 5411 2940 5480; x_wconf 89' lang='grc' dir='ltr'>θυσίας.</span> <span class='ocrx_word' id='word_1_793' title='bbox 2992 5415 3156 5484; x_wconf 85' lang='grc' dir='ltr'>Λέγει</span> <span class='ocrx_word' id='word_1_794' title='bbox 3187 5413 3280 5471; x_wconf 85' lang='grc' dir='ltr'>οὖν</span> <span class='ocrx_word' id='word_1_795' title='bbox 3313 5418 3388 5481; x_wconf 80' lang='grc' dir='ltr'><strong>ὡς</strong></span> <span class='ocrx_word' id='word_1_796' title='bbox 3417 5421 3470 5471; x_wconf 82' lang='lat' dir='ltr'><strong>al</strong></span> <span class='ocrx_word' id='word_1_797' title='bbox 3502 5419 3610 5486; x_wconf 80' lang='grc' dir='ltr'><strong>ἆρ-</strong></span> 
     </span>
    </p>
   </div>
   <div class='ocr_carea' id='block_1_112' title="bbox 2029 5497 3606 5581">
    <p class='ocr_par' dir='ltr' id='par_1_112' title="bbox 2029 5497 3606 5581">
     <span class='ocr_line' id='line_1_113' title="bbox 2029 5497 3606 5581; baseline 0.005 -32"><span class='ocrx_word' id='word_1_798' title='bbox 2029 5513 2241 5566; x_wconf 72' lang='grc' dir='ltr'>χοιοτες</span> <span class='ocrx_word' id='word_1_799' title='bbox 2268 5497 2561 5568; x_wconf 68' lang='grc' dir='ltr'>ἔφθασαν,</span> <span class='ocrx_word' id='word_1_800' title='bbox 2592 5502 2709 5572; x_wconf 73' lang='grc' dir='ltr'>ἦτοι</span> <span class='ocrx_word' id='word_1_801' title='bbox 2740 5502 2972 5574; x_wconf 77' lang='grc' dir='ltr'>ἧρξαντο</span> <span class='ocrx_word' id='word_1_802' title='bbox 3001 5506 3205 5577; x_wconf 88' lang='grc' dir='ltr'>πρῶτοι</span> <span class='ocrx_word' id='word_1_803' title='bbox 3232 5510 3332 5581; x_wconf 77' lang='grc' dir='ltr'>τῆς</span> <span class='ocrx_word' id='word_1_804' title='bbox 3355 5510 3414 5563; x_wconf 82' lang='grc' dir='ltr'>ὲν</span> <span class='ocrx_word' id='word_1_805' title='bbox 3442 5509 3606 5562; x_wconf 72' lang='grc' dir='ltr'>πνεύ-</span> 
     </span>
    </p>
   </div>
  </div>
