3786 6278
335 285 441 342 $03

1167 272 1223 325 S.
1265 266 1630 323 ATIIANASII
1673 265 1821 321 OPP.
1863 265 2045 320 PARS
2081 263 2168 321 Ill.
2210 294 2280 306 —
2315 258 2726 319 EXEGETICA.

3460 290 3572 342 δυο

418 382 803 453 Ἐπιτίμησον
828 385 951 451 τοῖς
981 385 1208 455 θηρίοις
1253 383 1361 438 τοῦ
1387 383 1683 453 καλάμου.
1726 384 1905 439 Ἐπει-
1929 386 1977 444 Α

2076 383 2165 439 31.
2196 382 2418 455 Increpa
2448 385 2589 455 feras
2613 383 2911 438 arundinis.
2943 380 3212 450 Quoniam
3256 380 3411 436 multi
3440 391 3575 436 sunt

333 474 397 546 δὴ
422 474 604 529 πολλοί
628 477 678 530 οί
709 480 775 548 τῇ
805 478 945 531 κατὰ
967 477 1101 531 Θεὸν
1143 477 1388 548 πολιτείᾳ
1440 476 1550 531 τῶν
1578 476 1909 546 ἁγίων-δυστ

338 568 699 639 μεναίνοντες,
744 571 838 624 καὶ
890 570 1122 642 μάλιστα
1174 572 1224 624 οἱ
1282 570 1580 642 ἀκάθαρτοι
1634 569 1903 640 δαίμονες,

333 657 522 713 τούτου
581 661 740 732 χάριν
791 659 1006 733 εὖχεται
1051 659 1440 733 ἐπιτιμηθῆναι
1490 660 1689 724 αὐτοὺς
1744 658 1908 728 θηρία

333 751 490 816 ὄντας
508 752 775 822 καλάμου.
807 753 1066 825 Κάλαμος
1087 754 1143 808 δὲ
1192 755 1354 818 τόπος
1415 753 1564 806 ἐστὶν
1590 753 1648 805 ἐν
1697 754 1763 821 τῇ
1798 751 1909 804 Πα-

335 840 678 915 λαιστίνῃ,δν
727 842 977 897 διώδευον
1027 844 1080 913 οἰ
1111 844 1351 907 ἀνιόντες
1398 844 1478 906 εἰς
1525 839 1904 913 Ἰερουσαλήμ.

334 925 505 996 Οὗτος
527 932 582 984 δὲ
630 931 693 1004 δὴ
742 935 771 986 ό
809 933 1054 1005 κάλαμος
1101 935 1196 989 καὶ
1252 934 1449 1005 μεστὸς
1492 933 1720 986 λεόντων
1761 931 1908 983 ἐστὶν

334 1022 757 1093 ἐμφωλευόντων
786 1025 936 1095 παρὰ
959 1025 1021 1077 τὸ
1043 1024 1182 1088 ἕλος·
1206 1024 1256 1078 οἶ
1287 1025 1387 1079 καὶ
1422 1022 1776 1078 ἐπεϐούλευον
1795 1024 1908 1085 τοῖς

333 1112 573 1167 ἀνιοῦσιν
602 1115 684 1175 εἰς
746 1115 1124 1187 Ἰερουσαλήμ.
1182 1116 1392 1188 Ὠσπερ
1441 1111 1533 1169 οὖν
1574 1117 1687 1177 τοῖς
1722 1115 1779 1167 ἐν
1837 1115 1904 1185 τῇ

347 1204 697 1277 Ἰερουσαλὴμ
716 1205 956 1260 ἀνιοῦσιν
996 1206 1351 1261 ἐπεϐούλευον
1376 1209 1426 1260 οί
1476 1205 1708 1270 λέοντες,
1738 1203 1909 1267 οὕτως

333 1298 430 1351 καὶ
478 1300 593 1362 τοῖς
618 1299 677 1352 ἐν
707 1299 773 1369 τῇ
805 1300 969 1370 νοητῇ
1028 1298 1377 1372 Ἰερουσαλὴμ
1420 1297 1660 1353 ἀνιοῦσιν
1692 1296 1910 1351 ἐπιϐου-

332 1386 579 1442 λεύουσιν
606 1388 656 1440 οἰ
685 1389 866 1458 νοητοί
911 1388 1141 1452 λέοντες.
1190 1390 1252 1444 Ἡ
1278 1387 1598 1458 συναγωγὴ
1626 1385 1747 1440 τῶν
1771 1386 1912 1440 ταύ-

330 1496 452 1548 ρων
479 1480 550 1534 ἐν
569 1479 700 1546 ταῖς
744 1479 1039 1549 δαμάλεσι
1070 1480 1189 1535 τῶν
1230 1479 1417 1536 λαῶν.
1468 1478 1717 1551 Ἐτέρους
1750 1480 1906 1532 ἐναν-

330 1571 481 1636 τίους
500 1572 579 1644 τῷ
613 1572 930 1645 κηρύγματι
956 1590 1107 1645 φησι.
1159 1574 1318 1637 Τίνες
1366 1573 1423 1626 δὲ
1463 1567 1628 1634 οὗτοι,
1662 1571 1696 1641 ἢ
1730 1571 1779 1624 οἱ
1811 1571 1910 1641 ἄρ-

332 1678 517 1732 χοντες
544 1662 638 1717 τοῦ
669 1662 777 1717 τῶν
805 1663 1069 1721 Ἰουδαίων
1093 1664 1288 1735 δήμου,
1314 1663 1365 1717 οἳ
1395 1662 1491 1717 καὶ
1518 1661 1708 1735 ταῦροι
1735 1677 1907 1732 προσ-ο

331 1752 705 1826 ηγορεύθησαν
724 1771 739 1821 ;

334 1843 457 1899 Ὀτι
477 1844 535 1898 δέ
565 1845 758 1919 ταῦροι
781 1845 1322 1920 προσηγορεύθησαν,
1356 1846 1513 1919 δῆλον
1533 1847 1599 1899 ἐκ
1649 1842 1765 1899 τοῦθ
1798 1847 1909 1898 IIe-

330 1936 747 2001 ρἰεκύκλωσάν
787 1955 866 2008 με
908 1940 1131 2008 μόσχοι
1176 1936 1419 2002 πολλοὶ,
1475 1935 1678 2004 ταῦροι
1702 1934 1908 2001 πίονες

331 2025 658 2097 περιέσχον
673 2045 774 2097 με,
829 2028 1023 2093 οἵτινες
1051 2029 1146 2083 καὶ
1172 2028 1233 2082 τὺ
1289 2026 1489 2098 πλῆθος
1515 2028 1597 2090 εἰς
1623 2025 1715 2080 τὸν
1764 2025 1907 2080 κατὰ

325 2116 438 2171 τῶν
460 2117 717 2189 κηρύκων
745 2118 963 2191 ἔγειραν
994 2119 1249 2191 πόλεμον.
1309 2119 1417 2175 Τοῦ
1479 2119 1908 2189 ἐπικλασθῆναι

329 2207 473 2274 τοὺς
499 2206 1044 2280 δεδοκιμασμένους
1062 2208 1145 2277 τῷ
1163 2210 1441 2279 ἀργυρίῳ.
1476 2208 1764 2281 Ἀργύριον
1807 2211 1906 2281 μὲν

328 2300 397 2354 τὰ
426 2298 547 2353 θεῖα
589 2300 764 2370 λόγια.
819 2301 984 2370 Λέγει
1008 2301 1086 2356 δέ·
1110 2301 1211 2356 Διὰ
1234 2300 1393 2355 τοῦτο
1434 2301 1754 2374 ἐπιτίμησον
1798 2305 1909 2367 τοῖς

328 2393 536 2465 νοητοῖς
560 2394 655 2447 καὶ
684 2393 962 2464 αἰσθητοῖς
1011 2394 1246 2466 ἐχθροῖς,
1293 2395 1445 2459 ὅπως
1474 2393 1540 2462 ἂν
1600 2394 1675 2465 μὴ
1716 2397 1764 2448 cl
1813 2393 1906 2447 τοῦ

328 2483 660 2555 Εύαγγελίου
683 2487 925 2557 κήρυκες
968 2484 1360 2555 συγκλεισθῶσι
1382 2484 1477 2539 τοῦ
1514 2483 1589 2557 μὴ
1618 2485 1908 2557 κηρύττειν

327 2574 427 2630 ἔτι.
466 2576 539 2629 Ἦ
565 2576 660 2630 καὶ
703 2574 893 2639 οὕτως’
958 2575 1333 2648 Ἐπιτίμησον,
1384 2576 1540 2647 φησὶ,
1588 2577 1797 2641 τούτοις
1847 2593 1907 2630 τε

327 2666 625 2731 κάκείνοις·
653 2666 803 2730 ὃπως
833 2667 902 2721 ἂν
926 2668 1000 2740 μὴ
1030 2667 1387 2722 ἐκκλεισθῶσι
1416 2667 1510 2721 τοῦ
1538 2667 1826 2739 κηρύττειν
1856 2670 1907 2722 οἰ

326 2762 587 2833 κήρυκες.
628 2761 1077 2828 Διασκόρπισον
1114 2760 1259 2828 ἔθνη
1305 2759 1379 2813 τὰ
1410 2757 1554 2823 τοὺς
1607 2758 1908 2829 πολέμους

328 2849 605 2907 θέλοντα.
659 2851 741 2906 Τὰ
779 2850 947 2924 νοητὰ
1001 2850 1263 2922 δηλονότι·
1328 2848 1634 2919 πολέμους
1681 2850 1741 2903 δὲ
1782 2852 1908 2915 τοὺς

318 2942 467 3006 κατὰ
496 2942 604 2998 τῶν
624 2942 812 3012 ἁγίων.

399 3034 646 3100 Ἦξουσι
676 3034 955 3102 πρέσϐεις
995 3033 1065 3097 ἐξ
1102 3031 1423 3101 Αἰγύπτου,
1455 3032 1730 3088 Αιθιοπία
1760 3046 1905 3101 προ-

830 1754 1116 1827 δαμάλεων
1160 1753 1560 1826 ὠνομασμένων
1604 1751 1699 1807 τοῦ
1752 1750 1906 1809 λαοῦ.
1936 1737 1981 1796 Β

2005 474 2077 541 ei,
2110 476 2257 546 quod
2297 477 2595 532 secundum
2637 475 2807 532 Deum
2848 484 2954 543 εει,
2977 463 3289 530 sanctorum
3316 473 3578 529 instituto

2007 567 2244 630 inimici,
2289 567 2633 638 maximeque
2675 567 2874 638 impuri
2919 567 3229 629 daemones;
3258 563 3380 618 ideo
3414 573 3575 633 rogat

2005 676 2101 716 eos
2146 674 2245 714 ceu
2289 659 2432 716 feras
2476 660 2745 731 increpari
2790 658 3078 714 arundine.
3104 657 3360 713 Calamus
3389 667 3572 709 autem

2008 751 2123 806 sive
2169 751 2400 815 arundo,
2429 750 2581 805 locus
2612 759 2697 806 est
2724 750 2778 804 in
2802 748 3108 810 Palaestina,
3157 761 3262 816 qua
3297 754 3576 815 pertrans-

2007 842 2159 897 ibant
2209 841 2304 911 qui
2357 841 2723 896 ascendebant
2754 841 2810 894 in
2855 838 3176 894 Jerusalem.
3209 835 3343 903 lps:e
3387 842 3574 889 autem

2008 931 2305 988 arundines
2335 932 2507 1002 plenae.
2532 932 2782 987 leonibus
2807 939 2981 995 erant,
3017 930 3111 998 qui
3142 929 3366 983 latibula
3397 928 3450 982 in
3474 936 3575 997 pa-

2008 1023 2226 1078 ludibus
2272 1023 2562 1089 habebant,
2598 1022 2691 1093 qui
2721 1021 3142 1078 ascendentibus
3184 1021 3237 1074 in
3268 1017 3573 1073 Jerusalem

2008 1116 2420 1173 insidiabantur.
2453 1114 2922 1183 Quemadmodum
2955 1113 3119 1183 igitur
3152 1111 3577 1166 ascendentibus

2008 1206 2064 1262 in
2095 1205 2397 1262 Jerusalem
2430 1206 2613 1261 leones
2647 1203 3088 1268 insidiabantur;
3123 1202 3197 1255 ita
3232 1198 3578 1254 ascendenti-

2006 1297 2283 1355 busetiam
2305 1298 2358 1352 in
2381 1297 2717 1369 spiritualem
2731 1295 3032 1352 Jerusalem
3057 1293 3365 1363 spirituales
3386 1291 3600 1379 leones‘

2009 1388 2355 1443 insidiantur.
2385 1385 2729 1457 Congregatio
2773 1380 3046 1439 taurorum
3076 1384 3128 1436 in
3158 1382 3327 1435 vaccis
3352 1378 3576 1449 populo-

2009 1498 2147 1536 rum.
2189 1481 2340 1537 Alios
2386 1480 2758 1551 praedicationi
2790 1479 3142 1534 adversantes
3184 1475 3406 1529 indicat.
3433 1472 3575 1539 Qui-

2008 1587 2135 1626 nam
2159 1572 2235 1626 illi
2266 1571 2372 1627 nisi
2400 1571 2673 1642 principes
2695 1569 2905 1626 Judaici
2931 1568 3131 1639 populi,
3151 1571 3243 1636 qui
3262 1564 3407 1620 tauri
3431 1579 3580 1618 nuu-

2009 1663 2192 1733 cupati
2213 1662 2376 1718 sunt!
2397 1678 2576 1718 vacca:
2605 1670 2785 1717 autem
2811 1660 3006 1731 plebeji
3035 1658 3393 1728 appellantur.
3413 1654 3575 1721 Quod

2007 1763 2190 1809 autem
2221 1753 2298 1808 illi
2329 1753 2470 1808 tauri
2500 1751 2794 1823 nuncupati
2825 1750 3047 1815 fuerint,
3075 1749 3250 1819 palam
3281 1755 3365 1802 est
3391 1762 3456 1800 ex
3484 1745 3577 1799 di-

2006 1856 2093 1902 cto
2126 1846 2218 1901 illo
2243 1865 2256 1901 :
2289 1846 2759 1919 Circumrlederunt
2786 1862 2869 1900 me
2892 1843 3043 1899 vituli
3080 1842 3255 1905 multi,
3285 1844 3426 1897 tauri
3453 1843 3579 1914 pin-

2005 1944 2129 2005 gues
2174 1936 2481 1990 obsederunt
2508 1951 2588 1989 me
2617 1935 2683 2000 “,
2709 1936 2802 2006 qui
2838 1934 3240 1990 multitudinem
3272 1933 3452 2004 populi
3502 1933 3575 1987 ad

2006 2026 2203 2081 bellum
2228 2037 2418 2082 contra
2442 2028 2826 2097 praedicatores
2845 2027 3171 2083 excitarunt.
3198 2025 3265 2081 Ut
3285 2025 3572 2081 excludant

2006 2133 2091 2171 eos
2120 2119 2211 2188 qui
2235 2117 2443 2188 probati
2477 2126 2599 2171 sunt
2625 2126 2864 2188 argento.
2914 2118 3210 2188 Argentum
3243 2116 3426 2171 divina
3454 2116 3577 2170 elo-

2006 2208 2133 2275 quia
2165 2217 2312 2263 sunt.
2340 2208 2430 2262 Ait
2460 2215 2676 2263 autem:
2706 2206 2928 2277 lncrepa
2954 2217 3067 2261 tum
3095 2206 3423 2277 spirituales,
3453 2215 3574 2260 tum

2006 2300 2291 2356 sensibiles
2318 2300 2588 2366 inimicos,
2618 2310 2681 2356 ut.
2702 2319 2771 2358 ne
2801 2316 3077 2374 praecones
3099 2298 3375 2369 Evangelii
3404 2298 3580 2352 inter~

2006 2391 2296 2446 cludantur
2317 2406 2345 2445 a
2369 2391 2771 2461 praedicatione.
2796 2393 2903 2447 Aut
2925 2393 3028 2447 hoc
3049 2390 3213 2446 modo
3237 2409 3250 2444 :
3274 2388 3386 2445 Hos
3409 2400 3580 2459 atque

2006 2483 2150 2549 illos,
2191 2484 2288 2549 ait,
2337 2484 2588 2554 increpa;
2622 2500 2689 2539 ne
2740 2484 3174 2540 intercludantur
3219 2498 3498 2554 praecones
3541 2499 3576 2538 a

2006 2575 2410 2645 praedicatione.
2441 2575 2656 2647 Dissipa
2683 2589 2854 2648 gemes
2886 2592 3003 2649 qua:
3037 2575 3173 2630 bella
3211 2575 3411 2630 volunt.
3448 2573 3579 2646 Spi-

2006 2667 2232 2722 rituales
2265 2668 2491 2733 scilicet,
2530 2668 2723 2723 bellant
2770 2678 2951 2726 autem
2995 2678 3187 2724 contra
3221 2677 3441 2725 sanctos
3470 2683 3578 2723 ex-

2003 2757 2230 2812 citatum
2264 2758 2596 2831 intelligitur.

2083 3015 2173 3069 32.
2215 3014 2431 3070 Venient
2468 3014 2630 3086 legati
2660 3031 2725 3069 ex
2756 3015 2987 3087 Egypto
3008 3059 3022 3085 ,
3052 3015 3332 3089 .Etlu'opia
3371 3037 3578 3091 me-

325 3123 542 3195 φθάσει
569 3100 740 3195 χεῖρα
765 3122 958 3193 αὐτῆς
989 3122 1070 3189 τῷ
1125 3100 1268 3189 Θεῷ.
1316 3123 1405 3188 Ὦς
1454 3124 1904 3196 διασκορπισθέν-
1930 3100 1973 3159 c

2017 3108 2111 3161 eiet
2136 3123 2349 3161 manum
2368 3108 2480 3176 ejus
2506 3109 2630 3162 Deo.
2664 3106 2859 3176 Utpote
2890 3109 3168 3180 dissipatis
3198 3122 3360 3182 atque
3389 3114 3579 3185 ligatis

313 3230 434 3267 ¹των
455 3213 549 3267 καὶ
586 3212 846 3267 δεθέντων
891 3212 999 3266 τῶν
1031 3211 1241 3283 ἐχθρῶν
1292 3212 1400 3266 τῶν
1440 3212 1668 3283 νοητῶν,
1718 3212 1904 3268 λοιπὸν

326 3302 420 3355 ἐπὶ
456 3301 519 3355 τὸ
571 3302 832 3373 κήρυγμα
887 3301 1217 3373 δραμοῦνται
1273 3302 1560 3372 Αἰγύπτιοί
1601 3322 1660 3358 τε
1692 3307 1787 3359 καὶ
1813 3307 1907 3359 Αἰ-

315 3394 533 3457 θίοπες.
594 3393 855 3465 Σημαίνει
900 3394 957 3447 δὲ
985 3393 1072 3448 διὰ
1123 3394 1221 3465 μὲν
1270 3395 1380 3448 τῶν
1412 3397 1725 3465 Αἰγυπτίων
1778 3397 1906 3461 τοὺς

324 3485 465 3553 ἄγαν
502 3484 891 3558 είδωλολάτρας
940 3486 1038 3539 καὶ
1095 3486 1370 3551 ἐναντίους
1400 3490 1465 3559 τῇ
1514 3489 1758 3561 πολιτεία
1808 3489 1905 3543 τοῦ

339 3575 575 3648 Ἰσραὴλ,
606 3576 695 3632 διὰ
743 3577 801 3632 δέ
834 3577 942 3633 τῶν
971 3578 1242 3633 Αἰθιόπων
1293 3579 1363 3634 τὰ
1397 3580 1608 3652 πέρατα
1646 3583 1747 3653 τῆς
1776 3582 1901 3653 γῆς.

319 3669 451 3733 Πῶς
480 3668 538 3723 δέ
593 3670 970 3742 προσέδραμεν
1019 3671 1052 3741 ἡ
1100 3670 1355 3725 Αἰθιοπία
1401 3674 1482 3737 εἰς
1530 3673 1592 3726 τὸ
1621 3674 1902 3746 κήρυγμα,

323 3761 532 3829 ἔξεστιν
555 3761 666 3816 ἀπὸ
684 3761 779 3815 τοῦ
804 3762 1059 3834 εὐνούχου
1082 3763 1337 3829 Αἰθίοπος
1365 3765 1511 3819 ἰδεῖν.

394 3856 463 3907 Al
486 3853 793 3917 ,ϐασιλεῖαι
844 3852 955 3922 τῆς
999 3852 1131 3924 γῆς,
1187 3855 1375 3925 ᾆσαι-ε
1419 3857 1500 3922 τῷ
1539 3853 1679 3921 Θεῷ.
1709 3857 1901 3929 Δηλοϊ,

318 3944 405 4008 ὡς
432 3944 527 3997 καὶ
573 3944 643 3996 τὰ
671 3943 807 3997 ἄλλα
829 3942 1046 3998 ἅπαντα
1084 3944 1212 4017 ἔθνη
1265 3946 1403 4018 μετὰ
1431 3947 1541 4001 τῶν
1576 3947 1721 4001 ἰδίων
1750 3948 1905 4019 βασις

324 4033 463 4090 λέων
492 4034 870 4088 πιστεύσουσιν
893 4035 972 4099 εἰς
999 4037 1251 4108 Χριστόν.

401 4125 640 4181 Ψάλατε
699 4125 780 4191 τῷ
836 4127 1033 4194 Κυρίῳ
1085 4126 1165 4194 τῷ
1234 4128 1600 4197 ἐπιϐεϐηκότι
1650 4129 1751 4183 ἐπὶ
1797 4128 1905 4185 τὸν

314 4220 584 4291 οὐρανὸν
606 4219 713 4275 τοῦ
744 4219 1025 4288 οὐρανοῦ.
1080 4219 1295 4292 Ἐπειδὴ
1327 4220 1388 4274 τὸ
1436 4220 1605 4285 πάθος
1637 4220 1903 4295 ἐκήρυξεν

322 4317 385 4368 ἐν
404 4316 515 4381 τοῖς
546 4314 721 4369 ὀπίσω
747 4312 842 4368 τοῦ
866 4312 1106 4386 Χριστοῦ
1134 4313 1230 4368 καὶ
1256 4312 1357 4386 τὴν
1388 4312 1580 4387 μέχρις
1622 4313 1749 4386 ᾅδου
1801 4331 1901 4368 κα-

322 4406 571 4473 τάϐασιν,
605 4406 799 4460 τούτου
829 4406 990 4480 χάριν
1009 4405 1106 4461 καί.
1153 4405 1254 4477 τὴν
1307 4406 1388 4470 εἰς
1440 4407 1701 4479 οὐρανοὺς
1734 4405 1899 4461 αὐτοῦ

323 4498 583 4570 κηρύττει
610 4498 984 4568 άναφοίτησιν.
1016 4497 1093 4551 Τδ
1119 4497 1197 4560 δέ,
1238 4499 1366 4552 κατ’
1384 4497 1703 4565 ἀνατολὰς,
1729 4514 1900 4568 παρα-

323 4588 537 4643 ϐολικόν
565 4590 733 4643 ἐστιν.
761 4588 973 4661 Ὠσπερ
1023 4586 1132 4660 γὰρ
1164 4588 1193 4642 ό
1225 4588 1373 4660 ἥλιος
1419 4589 1528 4643 άπὸ
1557 4588 1778 4660 δυσμῶν
1810 4589 1896 4642 ἐπ’

321 4679 585 4745 ἀνατολὰς
637 4682 832 4745 ἄνεισι,
870 4682 961 4736 τὸν
1009 4680 1172 4736 αὐτὸν
1219 4679 1420 4753 τρόπον
1467 4680 1563 4735 καὶ
1620 4682 1649 4733 ό
1693 4678 1897 4751 Κύριος

320 4774 483 4830 οἱονεὶ
510 4774 618 4828 ἀπὺ
634 4774 739 4827 τῶν
768 4772 864 4827 τοῦ
893 4774 1019 4847 ᾅδου
1077 4773 1264 4846 μυχῶν
1317 4773 1489 4845 ἐπέϐη
1539 4771 1633 4825 τοῦ
1666 4769 1894 4843 ούρανοῦ

322 4866 413 4920 τδν
441 4864 687 4938 οὐρανόν.
730 4864 885 4919 Ἰδοὺ
933 4864 1110 4920 δώσει
1141 4864 1217 4933 τῇ
1251 4862 1422 4935 φωνῇ’
1469 4863 1653 4918 αὐτοῦ
1689 4862 1899 4932 φωνὴν

321 4955 646 5029 δυνάμεως.
675 4956 860 5029 Φωνὴν
900 4956 1176 5029 δυνάμεώς
1235 4974 1367 5027 φησι
1421 4955 1521 5027 τὴν
1579 4956 1896 5027 ἐγείρουσαν

323 5050 529 5115 πάντας
586 5051 713 5114 τοὺς
760 5048 1020 5122 νεκρούς
1066 5048 1204 5105 καθδ
1240 5050 1297 5101 ἐν
1351 5046 1680 5117 κελεύσματι
1729 5048 1893 5102 αὑτοῦ

321 5142 733 5214 ἀναστήσονται.

391 5232 534 5287 Δότε
558 5232 747 5298 δόξαν
777 5231 857 5299 τῷ
901 5230 1044 5298 Θεῷ.
1103 5230 1258 5284 Οὓτω
1310 5228 1403 5283 καὶ
1449 5226 1680 5290 Παῦλος·
1712 5226 1895 5292 Δοξά-

321 5336 487 5385 cate,
514 5323 667 5393 φησι,
713 5322 819 5377 τὸν
845 5321 995 5376 Θεὸν
1044 5322 1113 5374 ὲν
1167 5317 1247 5384 τῷ
1298 5306 1522 5386 σώματι
1569 5315 1756 5386 ὑμῶν,
1800 5317 1898 5370 καὶ

320 5416 390 5468 ὲν
420 5408 500 5479 τῷ
541 5414 832 5483 πνεύματι
859 5411 1027 5483 ὑμῶν
1059 5430 1074 5445 ·
1107 5410 1266 5467 ama
1290 5412 1437 5463 ἐστιν
1466 5409 1654 5463 αὑτοῦ.
1680 5409 1895 5462 Δίκαιον

321 5506 429 5579 γὰρ
452 5505 541 5559 τὸν
559 5505 850 5576 εὐεργέτην
882 5505 971 5558 διὰ
1029 5504 1248 5558 πάντων
1299 5500 1563 5568 δοξάζειν.
1612 5502 1744 5556 Ἐπί
1788 5500 1896 5556 τὸν

2005 3198 2240 3254 inimicis
2269 3199 2658 3268 spiritualibus,
2686 3201 2903 3254 demum
2928 3202 2992 3255 ad
3013 3205 3448 3272 praedicationem
3478 3222 3579 3263 ac-

2006 3300 2232 3345 currunt
2262 3289 2501 3363 JEgyptii
2533 3300 2587 3346 et
2620 3290 2927 3362 Ethiopes.
2952 3292 3235 3366 Signiﬁcat
3261 3309 3439 3354 autem
3475 3315 3579 3369 per

2006 3381 2308 3454 Egyptios,
2346 3399 2443 3439 eos
2469 3385 2562 3455 qui
2593 3386 2862 3441 idolorum
2892 3388 3062 3441 cultui
3095 3404 3438 3458 summopere
3472 3393 3577 3448 de-

2004 3474 2102 3529 diti
2147 3482 2276 3530 sunt
2308 3476 2712 3557 adversariique
2751 3477 3000 3533 instituto
3032 3479 3436 3545 Israelitarum;
3474 3500 3579 3554 per

2004 3562 2291 3634 Ethiopes
2315 3575 2518 3633 autem,
2547 3568 2810 3623 terminos
2837 3578 3012 3625 terrae.
3037 3569 3325 3645 Quomodo
3351 3573 3579 3630 .lEthio-

2003 3658 2089 3726 pia
2104 3662 2169 3711 ad
2190 3659 2620 3728 praedicationem
2639 3663 2951 3730 occurrerit,
2970 3679 3036 3721 ex
3051 3667 3301 3721 eunucho
3317 3665 3579 3739 IEthiopc

2004 3750 2315 3819 conspicere
2344 3751 2470 3805 licet
2487 3749 2553 3805 ".

2058 3840 2145 3895 35.
2164 3839 2340 3911 Regna
2367 3851 2537 3907 terrae,
2570 3852 2778 3897 cantate
2804 3845 2930 3901 Deo.
2957 3846 3199 3903 Declarat
3224 3849 3357 3904 alias
3383 3864 3580 3909 omnes

2002 3943 2188 4002 gentes
2239 3947 2364 3988 cum
2419 3933 2639 4005 regibus
2687 3934 2803 3991 suis
2850 3936 2905 3990 in
2941 3935 3220 3993 Christum
3267 3941 3575 3997 crediturus

2001 4037 2143 4078 esse.

2079 4115 2169 4168 54.
2196 4112 2424 4169 Psallite
2467 4114 2577 4170 Deo
2612 4117 2702 4185 qui
2744 4119 2980 4174 ascendit
3001 4137 3158 4191 super
3195 4122 3381 4177 caelum
3429 4126 3571 4181 cali.

2001 4203 2270 4272 Quoniam
2300 4206 2757 4277 in-supcrioribus
2786 4210 2991 4267 Christi
3036 4214 3342 4283 passionem
3374 4218 3575 4285 praedi-

2001 4296 2164 4360 cavit,
2194 4305 2249 4351 et
2279 4297 2600 4354 descensum
2637 4301 2704 4355 ad
2749 4300 3044 4368 infernum,
3080 4304 3200 4358 ideo
3224 4304 3335 4374 jam
3357 4306 3478 4375 ejus
3503 4311 3571 4361 ad

2004 4387 2173 4442 oculos
2198 4403 2483 4443 ascensum
2509 4393 2784 4461 praedicat.
2802 4392 2934 4448 lllud
2954 4406 3130 4451 autem
3160 4399 3572 4464 :Ad.orientem,

2004 4478 2376 4548 parabolicum
2417 4490 2521 4537 est.
2559 4484 3032 4548 Quemadmodum
3073 4488 3216 4541 enim
3255 4489 3335 4543 sol
3370 4490 3439 4544 ab
3473 4505 3573 4546 oc-

2003 4570 2214 4639 cideute
2239 4573 2306 4626 ad
2332 4573 2594 4629 orientem
2620 4577 2884 4642 ascendit,
2913 4578 2985 4631 ita
3009 4588 3062 4633 et
3085 4560 3349 4636 deinus
3373 4597 3471 4636 ceu
3503 4587 3575 4637 ah

2004 4662 2199 4717 inferni
2233 4665 2542 4720 recessibus
2571 4668 2818 4722 ascendit
2850 4685 3013 4739 super
3039 4671 3235 4726 caelum
3265 4674 3407 4728 cteli.
3437 4673 3575 4729 Ecce

1997 4754 2149 4809 dabit
2172 4758 2282 4809 voci
2306 4774 2417 4812 sua
2448 4775 2621 4813 uocem
2647 4762 2878 4815 uirtutis.
2909 4760 3106 4817 Vocem
3140 4764 3352 4820 virtutis
3386 4770 3574 4839 appel-

2003 4846 2078 4901 lat
2116 4860 2237 4901 eam
2275 4863 2397 4918 quae
2434 4860 2699 4908 mortuos
2724 4868 2916 4911 omnes
2957 4855 3257 4912 excitabit:
3293 4872 3416 4912 cum
3450 4860 3575 4929 ejus

1998 4939 2159 5011 jussu
2190 4942 2618 5000 suscitabuntur.

2074 5228 2163 5282 55.
2194 5227 2328 5282 Date
2355 5228 2578 5300 gloriam
2607 5229 2732 5285 Deo.
2773 5231 2846 5286 ιω
2877 5240 2930 5287 et
2956 5223 3159 5287 Paulus
3187 5251 3200 5288 :
3237 5231 3571 5305 Cloriﬁcate,

2003 5323 2178 5393 inquit
2198 5323 2265 5391 ⁸⁸,
2293 5323 2455 5377 Deum
2485 5325 2540 5377 iu
2565 5341 2779 5395 corpore
2808 5334 2975 5378 vestro
3002 5336 3049 5379 el
3077 5328 3132 5379 in
3162 5328 3351 5398 spiritu
3378 5346 3572 5395 vestro,

2002 5430 2124 5484 quae
2154 5424 2280 5470 sunt
2314 5415 2453 5485 ejus.
2488 5414 2728 5487 Equum
2763 5418 2908 5471 enim
2938 5426 3021 5474 est
3048 5418 3448 5476 benefactorem
3478 5439 3575 5492 μετ

2002 5510 2181 5565 omnia
2215 5509 2537 5582 gloriﬁcare.
2569 5508 2738 5582 Super
2787 5509 2957 5567 Israel
3001 5514 3388 5583 magniﬁcentia
3429 5515 3578 5584 ejus.

306 5711 319 5722 .
408 5648 451 5679 “
481 5645 626 5702 Psal.
655 5663 766 5711 ιιι,
794 5649 877 5705 l5.
962 5645 1017 5678 ⁵³’
1040 5645 1159 5700 Act.
1193 5645 1393 5710 “11,2,
1418 5660 1570 5711 seqq.
1612 5644 1658 5678 “
1686 5643 1708 5700 l
1743 5644 1866 5702 Cor.
1900 5663 1971 5708 Vl.

2017 5646 2093 5703 ιο.
