3786 6278
178 325 257 381 595
1188 324 1554 384 EXPOSITIO
1591 325 1659 382 IN
1696 325 1715 380 1

1841 326 2031 387 Luuu
2055 289 2297 384 LXVIII.
3284 330 3388 385 sos

188 440 383 508 Ἰσραὴλ
404 439 441 507 ἠ
460 441 1170 510 μετηλοπρέπειααῦτοῦ,
1194 443 1350 514 καινή
1366 445 1617 515 δύναμις
1631 446 1715 499 αὖε

1841 455 1879 498 ιι
1908 448 2072 500 uirtus
2099 447 2211 516 ejus
2251 448 2303 500 in
2346 444 2589 501 nubibus.
2622 443 2887 500 Mirabilis
2931 444 3069 501 Deus
3104 447 3161 501 in
3194 452 3391 503 sanctis

179 534 260 588 τοῦ
285 535 348 586 ἐν
372 533 501 599 ταῖς
536 533 844 602 νεφέλαις.
878 535 1229 606 Θαυμαστὸς
1258 539 1292 592 ὀ
1324 537 1467 603 Θεὸς
1502 539 1574 592 ἐν
1601 537 1715 605 τοῖς

1841 534 1962 605 ejus,
1994 536 2128 590 Deus
2165 536 2337 591 Israel
2361 539 2470 606 ipse
2502 538 2650 591 dabit
2684 540 2929 591 virtutem
2955 547 3005 592 et
3030 538 3395 607 fortitudinem

180 624 326 694 ἀξίοις
343 624 552 686 αὐτοῦ,
583 629 621 679 ὁ
653 626 796 691 Θεὸς
819 626 1054 695 Ἰσραὴλ
1076 627 1257 695 αὐτὸς
1273 628 1451 683 δώσει
1471 629 1715 699 δύναμιν

1841 623 1959 677 tlebi
1987 641 2117 688 suta,
2163 625 2456 679 benedictus
2508 624 2664 679 Deus.
2692 623 2966 691 Quoniam
3012 626 3235 680 secundi
3274 627 3392 697 ejus

180 718 251 771 καί
269 719 630 785 κραταίωσιν
652 716 731 782 τῷ
757 716 885 783 λαῷ
905 719 1113 784 αὐτοῦ,
1152 722 1478 790 εὐλογητὸς
1493 726 1527 776 ὁ
1550 724 1708 789 Θεός.

188 809 361 880 Ἐπειδὴ
371 809 472 879 τῆς
483 810 754 881 δευτέρας
769 809 933 862 αὐτοῦ
955 811 1259 882 παρουσίας
1284 814 1385 884 μνή
1396 832 1502 886 μην
1521 816 1549 867 ὁ
1563 813 1721 882 λόγος

180 899 442 969 πεποίηται,
476 899 609 954 καθ’
656 901 722 971 ἧν
769 901 976 965 πάντας
1001 902 1293 975 ἀναστήσει
1317 906 1444 968 τοὺς
1471 907 1720 976 νεκροὺς,

177 991 321 1046 τούτου
347 991 505 1064 χάριν
537 992 643 1045 καὶ
672 992 772 1057 τὰς
814 992 1084 1064 διαφόρως
1108 993 1581 1066 ἀποδοθησομένας
1605 998 1721 1060 τοῖς

179 1085 310 1150 ἁγίοις
361 1084 529 1155 τιμὰς
585 1086 740 1155 ἡμᾶς
783 1084 1044 1150 διδάσκει,
1102 1085 1194 1139 καὶ
1240 1085 1309 1139 τὰ
1357 1086 1588 1158 διάφορα
1611 1086 1719 1139 τῶν

180 1176 305 1243 ἁγίων
348 1175 638 1246 τάγματα.
692 1176 803 1230 Καὶ
851 1175 922 1230 τὰ
961 1177 1058 1247 μὲν
1118 1176 1376 1249 τάγματα
1406 1177 1498 1232 διά
1539 1177 1716 1231 τετοῦ

186 1269 374 1339 Ἰσραὴλ.
407 1268 499 1323 διά
520 1287 586 1321 τε
612 1268 720 1321 τῶν
747 1268 1006 1337 νεφελῶν,
1038 1267 1129 1322 διά
1167 1286 1228 1321 τε
1272 1269 1381 1323 τῶν
1408 1269 1600 1338 ἁγίων,
1627 1268 1717 1323 διά

175 1376 216 1411 τε
237 1358 313 1411 τοῦ
336 1358 462 1412 λαοῦ
494 1359 927 1430 κατασημαίνειπ
989 1359 1089 1423 τὰς
1117 1360 1174 1415 δὲ
1205 1360 1373 1431 τιμὰς
1402 1359 1497 1414 διά.
1530 1376 1587 1413 τε
1613 1358 1716 1428 τῆς

179 1452 631 1524 μεγαλοπρεπείας,
654 1452 744 1506 διά
774 1469 835 1504 τε
862 1451 963 1521 τῆς
1004 1452 1305 1524 δυνάμεως,
1362 1452 1452 1506 διά
1509 1469 1568 1505 τε
1618 1451 1717 1504 τοῦ

176 1542 417 1613 θαύματος.
463 1543 558 1596 διά
614 1560 675 1596 τε
725 1542 820 1597 τοῦ
868 1545 1102 1619 κράτους
1154 1543 1530 1598 διαδείκνυσιν.
1593 1541 1715 1597 Ἐπὶ

177 1639 274 1690 πᾶσι
300 1636 349 1690 δὲ
370 1636 587 1700 τούτοις
640 1636 927 1708 εύλογητδν
951 1638 1043 1690 τὸν
1068 1636 1200 1691 Θεόν
1227 1654 1390 1709 φησιν
1414 1633 1573 1690 εἶναι.
1603 1635 1712 1705 Δῆ-

1823 715 2088 769 adventus
2105 715 2308 768 mentio
2332 713 2473 769 facta
2505 722 2608 778 est,
2639 730 2748 785 quo
2779 724 3022 785 tempore
3042 730 3231 771 omnes
3253 730 3394 770 mor=

1821 817 1946 862 tuos
1992 806 2297 868 suscitabit,
2331 806 2455 861 ideo
2498 806 2737 861 honores
2779 806 2986 862 sanctis
3030 806 3186 861 vario
3227 806 3391 861 modo

1819 898 2195 955 concedendos
2248 914 2345 953 nos
2391 898 2612 964 edocet,
2662 908 2825 969 atque
2875 899 3118 954 diversos
3170 907 3388 954 sancto-

1818 1007 1939 1047 rum
1969 992 2208 1047 ordines.
2241 990 2353 1045 llos
2377 1002 2559 1046 autem
2593 990 2833 1053 ordines,
2869 1006 2968 1060 per
2996 990 3269 1056 lsraelem,
3294 1006 3390 1060 per

1819 1084 2012 1147 nubes,
2043 1098 2141 1154 per
2169 1092 2390 1138 sanctos
2414 1090 2468 1136 et
2499 1097 2595 1152 per
2638 1082 2894 1152 populum
2947 1082 3236 1153 signiﬁcat.
3274 1080 3389 1136 Ilo-

1818 1190 1979 1231 nores
2008 1184 2186 1229 autem
2218 1190 2313 1245 per
2346 1172 2828 1243 magniﬁcentiam,
2853 1188 2949 1242 per
2982 1173 3260 1237 virtutem,
3294 1188 3392 1242 per

1820 1266 2145 1322 miraculum
2172 1275 2226 1321 et
2253 1282 2349 1336 per
2381 1264 2753 1320 fortitudinem
2790 1264 3012 1320 indicat.
3043 1265 3123 1319 Ad
3150 1267 3264 1321 hac
3287 1282 3388 1321 au-

1822 1369 1929 1414 tem
1984 1359 2202 1425 omnia,
2250 1357 2593 1413 benedictum
2635 1358 2771 1413 dicit
2815 1356 3007 1412 Deum.
3036 1356 3387 1412 Manifestum

1821 1449 1965 1505 enim
2005 1457 2088 1504 est
2144 1458 2364 1505 sanctos
2402 1448 2455 1502 in
2504 1448 2821 1505 cmleSIibus
2856 1449 2962 1508 illis
3007 1448 3387 1503 mansionibus

1822 1540 2171 1604 constitutos,
2211 1540 2328 1594 sine
2356 1539 2461 1595 ﬁne
2504 1539 2885 1595 benedicturos
2915 1553 3036 1594 esse
3077 1538 3264 1601 Deum,
3296 1553 3389 1591 su-

1822 1646 2109 1701 pernorum
2134 1631 2417 1701 spirituum
2455 1633 2701 1687 ordinem
2737 1631 2994 1685 imitatos.

176 1726 239 1778 λον
288 1727 405 1798 γάρ,
453 1728 540 1780 ὅτι
591 1729 653 1780 ἐν
703 1727 938 1791 ἐκείναις
998 1727 1278 1798 γενόμενοι
1329 1728 1378 1780 oi.
1438 1726 1583 1795 ἇγιοι
1632 1725 1753 1786 ταῖς
1793 1723 2010 1793 μοναῖς,
2063 1722 2182 1784 ταῖς
2228 1720 2570 1794 ἐπουρανίοις
2623 1720 2681 1773 δὲ
2734 1719 2994 1790 δηλονότι,
3033 1717 3387 1780 ἀδιαλείπτως

177 1819 470 1891 ιῦὶογήσουσι
494 1821 591 1874 τὸν
626 1821 778 1885 Θεὸν,
812 1820 908 1891 τὴν
931 1821 1039 1875 τῶν
1063 1822 1174 1876 ἄνω
1200 1822 1523 1890 πνευμάτων
1544 1818 1708 1885 -τάξιν
1751 1815 2091 1888 μιμούμενοι.

177 1916 250 1981 Elt-
298 1916 359 1969 τύ
398 1916 581 1982 τέλος
629 1916 782 1985 ὑπὲρ
833 1916 951 1970 τῶν
973 1915 1573 1986 ἀλλοιωθησομέννων,
1627 1910 1707 1980 τῷ

1847 1951 1860 1965 .
1892 1913 1958 1965 In
1985 1911 2141 1980 ﬁnem
2170 1926 2266 1982 pro
2305 1911 2373 1968 iis
2407 1911 2505 1982 qui
2537 1908 3019 1986 committebantur,
3057 1908 3157 1978 ipsi
3194 1905 3385 1962 David.

531 2006 742 2083 Δαυτδ.
804 2008 1113 2061 ΨΑΛΜΟΣ
1161 2006 1293 2061 εἨι.

770 2096 786 2116 ⁸
797 2097 1104 2163 Υπόθεσις.

179 2184 378 2257 Περιεχει
406 2190 435 2241 ὁ
483 2186 707 2260 ψαλμδς
751 2186 1058 2259 προσευχὴν
1105 2186 1256 2258 παρὰ
1309 2185 1405 2240 τοῦ
1460 2186 1715 2258 Σωτῆρος

226 2276 276 2327 ὲκ
302 2277 584 2347 προσώπου
623 2278 723 2347 τῆς
762 2276 1180 2349 άνθρωπότητος
1237 2277 1733 2350 προσφερομένην.-

227 2367 304 2430 τάς
329 2385 385 2421 τε
410 2370 596 2433 αἰτίας
654 2370 721 2422 δι’
773 2368 841 2433 ἃς
891 2368 1041 2441 αὐτῷ
1080 2370 1174 2423 τὸν
1201 2370 1294 2423 ἐπὶ
1351 2369 1445 2423 τοῦ
1478 2368 1711 2441 σταυροῦ

229 2463 577 2531 προσήνεγκαν
628 2460 875 2516 θάνατον.
938 2462 1059 2514 Ἔτι
1111 2477 1171 2514 τε
1226 2461 1359 2514 αὐτὸ
1422 2460 1483 2519 τὸ
1542 2459 1712 2523 πάθος

226 2549 457 2620 διηγεῖται
520 2552 737 2621 σαφῶς,
794 2553 892 2607 καὶ
950 2552 1049 2616 τὰς
1102 2551 1243 2624 μετὰ
1278 2553 1340 2606 τὸ
1399 2550 1569 2614 πάθος
1599 2556 1712 2615 τοῖς

242 2640 480 2708 Ἰουδαίοις
511 2661 581 2697 συ
590 2643 939 2715 μϐησομένας
973 2642 1277 2714 συμφοράς·
1333 2643 1471 2713 πρὸς
1502 2641 1558 2695 δὲ
1585 2639 1711 2694 τού-

230 2747 319 2796 τοις
334 2735 420 2787 καὶ
445 2734 759 2806 εἰσαγωγὴν
778 2735 879 2805 τῆς
905 2733 1267 2805 εύαγγελικῆς
1297 2733 1590 2797 πολιτείας,
1612 2733 1712 2804 τῆς

229 2837 277 2875 τε
302 2825 353 2877 ὲν
378 2825 652 2896 πνεύματι
686 2827 781 2878 καὶ
802 2824 1028 2896 ἀληθείᾳ
1058 2824 1308 2897 λατρείας
1337 2823 1435 2895 τὴν
1467 2823 1714 2878 διδασκα-

228 2912 342 2980 λίαν,
366 2919 442 2980 είς
483 2920 550 2988 ἢν
582 2917 681 2970 καὶ
705 2917 1036 2988 περιγράφει
1073 2915 1164 2969 τὸν
1212 2915 1448 2987 ψαλμὸν.
1483 2916 1606 2974 Ὅτι
1650 2915 1723 2975 δὲ,

231 3007 382 3061 πᾶσαν
401 3009 466 3080 ἢν
489 3009 699 3081 ηὔξατο
716 3011 745 3062 ό
766 3009 953 3081 Σωτὴρ
978 3010 1304 3081 προσευχὴν,
1328 3010 1393 3063 ὲκ
1419 3006 1709 3080 προσώπου

232 3098 310 3168 τῆς
334 3100 618 3172 ἀνθρώπου
654 3101 869 3172 φύσεως
900 3099 1125 3171 ηὔξατο,
1151 3099 1310 3153 τοῦτο
1358 3099 1716 3171 ἐπισημαίνει

233 3189 308 3242 ἐπὶ
345 3191 415 3262 τῷ
459 3192 611 3246 τέλει
651 3191 745 3245 τοῦ
786 3191 1032 3263 ψαλμοῦ,
1081 3192 1175 3246 καί
1207 3208 1390 3263 φησιν,
1424 3193 1554 3246 Ὅτι
1596 3192 1706 3262 ἐξή

233 3297 387 3337 κουσε
416 3282 533 3338 τῶν
564 3282 841 3350 πενήτων
860 3287 892 3337 ό
902 3262 1137 3351 Κύριος,
1158 3283 1255 3336 καὶ
1282 3282 1423 3348 τοὺς
1448 3282 1706 3351 πεπεδηο
1735 3262 1779 3320 C

227 3369 413 3440 μένους
433 3373 628 3429 αὑτοῦ
664 3377 777 3429 οὐκ
826 3373 1252 3438 ἐξουδένωσεν.

235 3460 412 3518 Σῶσόν
423 3483 516 3535 με,
569 3469 602 3520 ὀ
634 3465 802 3533 Θεὸς,
853 3465 943 3521 ὅτι
972 3465 1348 3534 εὶσήλθοσαν
1370 3465 1560 3520 ὕδατα
1600 3465 1720 3533 ἕως

188 3553 349 3623 ψυχῆς
384 3576 518 3627 μου.
571 3559 787 3631 Ἐπειδὴ
832 3558 927 3624 τὰς
959 3556 1235 3629 ἁμαρτίας
1275 3557 1434 3629 ἡμῶν
1459 3556 1709 3624 ἀνέλαϐε,

188 3644 283 3714 περὶ
335 3650 478 3719 ἡμῶν
535 3651 826 3705 ὀδυνᾶταιο
894 3649 1117 3714 εἰκότως
1186 3649 1281 3705 καὶ
1349 3648 1711 3720 προσεύχεται

190 3732 398 3808 ῥυσθῆναι
416 3743 479 3796 ἐκ
500 3741 618 3796 τῶν
645 3740 993 3813 πειρασμῶν,
1007 3741 1309 3817 χειμάρρου
1331 3740 1487 3812 δίκην
1508 3741 1714 3796 κυκλωρ

191 3823 521 3886 σάντωναὺτοῦ
556 3832 655 3904 τὴν
685 3831 914 3904 ψυχήνη

245 3917 550 3993 Ἐνεπάγην
568 3926 657 3990 εὶς
676 3923 834 3992 ὕλην
848 3922 1072 3989 βυθοῦ,
1092 3923 1194 3978 καί
1217 3925 1329 3978 οὐκ
1355 3924 1529 3978 ἔστιν
1557 3926 1709 3980 ὑπό-

188 4018 375 4076 στασις.
397 4012 581 4066 Ταῦτα
609 4012 718 4085 γὰρ
746 4014 781 4084 ή
804 4082 807 4087 ί
839 4012 1152 4085 ἀνθρωπεία
1178 4012 1340 4082 φύσις
1393 4012 1706 4078 ἐπεπόνθει,

189 4102 511 4171 κατενεχθεῖσα
552 4105 655 4159 ὑπὸ
680 4106 780 4177 τῆς
808 4106 1082 4178 ἁμαρτίας
1132 4108 1212 4170 εἰς
1235 4105 1483 4173 θάνατον,
1514 4107 1606 4162 καὶ
1629 4109 1711 4171 είς

190 4188 309 4244 anu
335 4194 415 4248 τὸν
442 4196 538 4251 τοῦ
594 4197 722 4269 ᾅδου
746 4196 939 4268 χῶρον·
976 4196 1035 4250 ὃν
1085 4197 1177 4250 καὶ
1234 4196 1367 4268 ὓλην
1421 4198 1584 4269 βυθοῦ
1612 4199 1709 4253 καὶ

190 4277 409 4358 θαλάσσης
430 4288 592 4359 βάθος
614 4291 673 4343 ὲν
702 4291 815 4352 τοῖς
846 4287 1112 4359 παροῦσιν
1130 4286 1405 4359 ὀνομάζει.

250 4376 544 4436 Ἔκοπίασα
618 4379 864 4450 κράζων,
927 4382 1325 4451 ἑϐραγχίασεν
1379 4384 1413 4436 ό
1473 4380 1706 4453 λάρυγξ

187 4480 288 4531 μου.
310 4470 427 4526 τίνα
452 4470 518 4546 ἦν
546 4472 585 4528 ἆ
618 4472 838 4544 ἔκραξε,
867 4473 961 4526 καὶ
987 4473 1081 4525 ἐπὶ
1135 4473 1300 4537 τίσιν,
1344 4475 1403 4527 ὲν
1429 4477 1543 4538 τοῖς
1575 4474 1705 4545 ἑξῆς

191 4559 332 4626 σαῷς
352 4564 593 4632 ἐδίδαξεν,
622 4563 811 4619 εἰπών·
861 4565 1168 4633 Ῥυσθείην
1201 4565 1271 4619 ἐκ
1302 4564 1424 4619 τῶν
1453 4567 1705 4635 μισούν-
1734 4607 1776 4662 D

189 4660 278 4702 των
296 4669 379 4720 με,
398 4657 490 4709 καί
515 4658 586 4711 ἐκ
608 4656 715 4710 τοῦ
739 4655 972 4723 βάθους
1009 4655 1127 4709 τῶν
1151 4655 1402 4721 ὑδάτων,
1435 4657 1549 4722 καὶ,
1600 4656 1699 4725 Μή

187 4746 713 4803 ﬂammam-natiue
758 4746 1025 4816 καταιγὶς
1066 4746 1306 4813 ὕδατος,
1339 4747 1434 4801 καὶ
1472 4748 1541 4800 τὰ
1575 4744 1702 4818 ἑξῆς

190 4827 506 4906 ὲπιλεγόρενιι..
545 4836 757 4909 Ηῦχετο
811 4837 940 4911 γὰρ,
993 4836 1068 4902 ὡς
1100 4837 1257 4910 ἔφην,
1296 4838 1436 4910 ὑπὲρ
1470 4839 1569 4910 τῆς
1605 4839 1700 4893 άν-

192 4916 358 4988 θρῶπου
410 4931 638 4999 φύσεωςσ
703 4932 851 4996 ὅπως
905 4929 1225 5003 καταργηθῇ
1251 4930 1343 4984 τοῦ
1383 4929 1613 4986 θανάτου
1638 4931 1703 4985 τὸ

191 5012 381 5083 κράτος»
405 5023 474 5094 μὴ
526 5022 904 5093 συγκλείοντος
941 5024 1061 5076 κατ’
1101 5021 1275 5092 αὐτῆς
1304 5021 1364 5075 τὸ
1395 5022 1570 5093 στόμα
1604 5020 1699 5076 τοῦ

192 5097 305 5163 ᾆδον
326 5107 395 5163 διὸ
422 5114 511 5167 καὶ
540 5113 707 5183 λέγει’
759 5112 926 5182 Μηδὲ
944 5113 1227 5182 συσχέτω
1266 5113 1358 5167 ἐπ’
1390 5112 1495 5184 ἐμὲ
1519 5112 1703 5183 φρέαρ

193 5190 239 5243 τὸ
259 5201 644 5269 στόμαςαύτοῦ.

250 5286 710 5365 Ἑπληθύιιθησαν
744 5294 898 5366 ὑπὲρ
919 5297 1026 5364 τὰς
1065 5297 1274 5367 τρίχας
1300 5296 1410 5365 τῆς
1432 5295 1705 5366 κεφαλῆς
1725 5336 1741 5371 .~

190 5389 274 5437 μου
297 5384 342 5434 οἱ
361 5387 673 5455 μισοῦντές
715 5404 794 5457 με
852 5385 1100 5454 δωρεάν.
1148 5386 1344 5441 Πολλοὶ
1386 5387 1506 5458 γὰρ
1522 5387 1572 5440 οἱ
1602 5387 1702 5457 τῆς

195 5460 472 5540 ἀνθρωπείας
532 5474 749 5546 φύσεως
806 5475 1083 5530 ἐπίϐουλοι
1129 5476 1403 5548 δαίμονες,
1436 5479 1485 5530 οί
1536 5476 1700 5547 μηδὲν

195 5551 445 5630 ιιιιδυιημιένοι
494 5569 623 5643 παρ’
670 5570 703 5641 ἡ
714 5567 828 5639 μῶν
848 5608 865 5634 ,
925 5570 1020 5624 καὶ
1091 5568 1411 5634 σπεύδοντες
1470 5567 1696 5622 ἀνελεῖν.

2287 1971 2620 2056 ΡδΑἰιιυδ
2664 1971 2764 2053 lx
2777 1996 2947 2054 νιιι.

2403 2092 2803 2163 Argumentum.

1810 2184 2067 2241 (Eontmet
2103 2186 2349 2255 psalmus
2397 2184 2765 2257 precationem
2810 2181 3130 2246 Salvatoris,
3163 2196 3227 2236 ex
3260 2197 3386 2253 per-

1884 2293 2017 2333 sona
2070 2278 2429 2335 humanitatis
2470 2278 2731 2343 oblatam,
2762 2284 2818 2332 et
2846 2284 3031 2330 narrat
3055 2289 3178 2345 quae
3206 2289 3388 2330 causas

1882 2367 2084 2424 fuerint
2106 2370 2251 2439 quod
2278 2370 2325 2425 ei
2352 2376 2584 2424 mortem
2608 2367 2789 2424 crucis
2814 2365 3130 2422 obtulerint.
3161 2364 3387 2435 Insuper

1883 2460 2054 2529 ipsam
2080 2461 2389 2532 passionem
2415 2460 2562 2515 clare
2583 2466 2788 2527 narrat,
2811 2471 3021 2513 necnon
3048 2456 3386 2513 calamitates

1883 2566 2023 2621 quas
2056 2558 2179 2619 post
2214 2551 2521 2621 passionem
2561 2548 2762 2605 Judacis
2796 2548 3110 2620 contingere
3140 2545 3382 2602 futurum

1879 2649 1984 2696 est.
2020 2641 2103 2699 Ad
2137 2641 2254 2696 haec
2297 2640 2466 2695 etiam
2501 2638 2957 2695 introducendum
3000 2652 3121 2692 esse
3146 2651 3383 2708 evange-

1882 2733 2048 2788 licum
2089 2733 2421 2798 institutum,
2454 2740 2618 2803 atque
2653 2730 2959 2786 doctrinam
3000 2730 3183 2785 cultus
3207 2729 3301 2800 qui
3327 2730 3382 2785 in

1882 2820 2074 2894 spiritu
2096 2831 2148 2878 et
2175 2824 2404 2878 veritate
2428 2822 2550 2885 erit,
2578 2821 2634 2877 in
2659 2822 2816 2892 cujus
2835 2821 2913 2877 rei
2940 2820 3206 2876 limitibus
3236 2820 3382 2891 psal-

1882 2928 2031 2969 mum
2061 2913 2479 2969 circumscribit.
2498 2911 2653 2978 Quod
2671 2921 2850 2967 autem
2875 2911 3181 2966 orationem
3209 2919 3380 2964 totam

1885 3003 2140 3061 Salvator
2183 3019 2250 3059 ex
2279 3004 2535 3059 humanas
2583 3013 2793 3057 natura;
2840 3017 3071 3073 persona
3103 2990 3393 3067 obtulerit,

1890 3095 1943 3151 id
1979 3094 2032 3150 in
2063 3095 2170 3150 line
2196 3094 2390 3165 psalmi
2418 3092 2711 3165 signiﬁcat,
2741 3092 2961 3163 aitque:
2996 3092 3258 3158 Quoniam
3286 3107 3379 3146 ea:-

1885 3185 2085 3240 audiuit
2108 3201 2362 3256 pauperes
2392 3183 2671 3250 Dominus,
2707 3194 2756 3237 et
2778 3185 2976 3237 vinctos
3003 3199 3124 3237 suos
3158 3199 3259 3236 non
3289 3183 3381 3236 de-

1880 3278 2071 3347 spexit.

1882 3458 1935 3513 2.
1954 3456 2183 3513 Saluum.
2197 3471 2278 3511 me
2300 3454 2407 3523 fac,
2432 3453 2595 3520 Deus,
2612 3452 2861 3523 quoniam
2886 3453 3212 3504 intraverunt
3231 3465 3382 3518 aqua!

1811 3563 1972 3619 usque
2019 3546 2088 3600 ad
2125 3548 2360 3601 mutuam
2394 3559 2583 3599 meam.
2623 3540 2894 3609 Quoniam
2938 3549 3159 3611 peccata
3189 3547 3379 3595 nostra

1810 3639 2068 3710 suscepit,
2102 3652 2201 3708 pro
2227 3637 2386 3693 nobis
2411 3635 2685 3693 cruciatur
2707 3633 2752 3666 ⁸⁸
2777 3651 2791 3688 :
2821 3647 2886 3688 ac
2909 3632 3034 3701 jure
3065 3639 3218 3700 rogat
3241 3629 3378 3698 eripi

1810 3746 1870 3788 se
1917 3747 1949 3787 a
2002 3728 2414 3795 tentationibus,
2445 3742 2568 3797 qua:
2616 3724 2887 3781 torrentis.
2919 3723 3096 3778 instar
3140 3722 3377 3776 animam

1809 3820 1931 3891 ejus
1963 3818 2457 3875 circumdederunt.

1878 3914 1934 3972 5.
1964 3913 2172 3984 Inﬁxns
2198 3925 2316 3965 sum
2342 3910 2396 3964 in
2428 3909 2556 3963 limo
2580 3906 2863 3979 profundi,
2903 3912 2963 3963 et.
3001 3919 3105 3959 non
3135 3913 3213 3959 est
3258 3903 3379 3958 sub-

1809 4006 2032 4072 stantia,
2064 4013 2171 4060 etc.
2218 4001 2341 4058 Haac
2367 4002 2512 4056 enim
2546 3999 2855 4070 patiebatur
2891 3998 3127 4053 humana
3161 4004 3377 4059 natura,

1809 4100 2039 4155 deducta
2086 4114 2180 4169 per
2222 4105 2505 4167 peccatum
2544 4095 2599 4149 in
2627 4103 2879 4159 mortem,
2904 4093 3040 4148 etin
3078 4091 3258 4161 ipsum
3294 4090 3379 4143 iu-
3462 4164 3479 4178 .

1806 4191 1948 4247 femi
1972 4191 2174 4255 locum,
2202 4203 2366 4260 quem
2396 4187 2585 4241 limum
2614 4182 2868 4256 profundi
2905 4191 2960 4238 et
2993 4180 3163 4236 maris
3190 4179 3376 4235 altitu-

1768 4332 1771 4335 .
1807 4282 1989 4337 dinem
2022 4280 2112 4335 hic
2140 4287 2320 4334 vocat.

1879 4376 1934 4431 4.
1956 4374 2219 4429 Laboran
2239 4377 2503 4437 clamans,
2516 4386 2691 4431 rauca:
2710 4370 2867 4439 facta:
2886 4366 3207 4435 suntfauces
3224 4379 3372 4419 meat.

1807 4464 2066 4533 Quaenam
2102 4464 2390 4521 clamando
2425 4462 2625 4519 dixerit
2668 4471 2724 4516 et
2755 4459 2957 4530 quibus
2985 4458 3052 4514 de
3079 4456 3285 4522 causis,
3319 4456 3374 4509 in

1807 4559 2162 4632 sequentibus
2195 4566 2379 4628 aperte
2407 4560 2566 4613 docet
2592 4556 2822 4612 dicendo
2849 4573 2862 4611 :
2895 4553 3086 4609 Libera
3118 4551 3285 4608 meab
3307 4551 3375 4606 iis

1805 4659 1895 4731 qui
1915 4657 2225 4712 oderuntme
2247 4664 2299 4711 et
2317 4655 2381 4709 de
2395 4654 2672 4725 profundis
2692 4651 3026 4725 aquarum“;
3037 4663 3126 4708 et:
3154 4649 3275 4706 Non
3297 4667 3377 4704 me

1805 4754 2072 4821 demergat
2098 4757 2373 4819 tempestas
2402 4764 2552 4819 aqua
2576 4747 2644 4811 δ’,
2671 4756 2777 4801 etc.
2807 4746 3055 4818 Rogabat
3080 4743 3374 4815 siquidem,

1807 4842 1887 4896 uti
1933 4840 2046 4910 jam
2097 4840 2237 4902 dixi,
2262 4836 2631 4909 prohominis
2663 4845 2881 4899 natura.
2913 4844 2974 4891 ut
3005 4835 3374 4890 destrueretur

1807 4932 2001 4988 mortis
2035 4931 2349 5001 imperium,
2377 4929 2593 4987 inferno
2615 4945 2677 4986 os
2703 4944 2862 4984 suum
2895 4935 3019 4998 post
3055 4926 3232 4995 ipsum
3265 4940 3371 4978 non

1807 5022 2124 5090 claudente,
2176 5022 2531 5094 quamobrem
2559 5021 2726 5089 dicit,
2755 5034 2917 5090 neque
2953 5014 3170 5070 claudat
3220 5029 3372 5084 super

1807 5131 1889 5177 me
1909 5126 2094 5186 puteus
2119 5131 2176 5169 os
2203 5131 2359 5169 suum
2390 5114 2465 5169 ⁸⁸.τ

1877 5291 1932 5347 5.
1964 5290 2312 5363 Multiplicati
2342 5297 2466 5349 sunt
2484 5304 2649 5359 super
2680 5286 2901 5357 capillos
2929 5284 3121 5355 capitis
3147 5284 3248 5339 mei
3282 5287 3372 5356 qui

1808 5384 2032 5439 oderunt
2057 5400 2137 5438 me
2163 5384 2354 5453 gratis.
2384 5381 2537 5437 Multi
2560 5394 2795 5450 namque
2816 5378 3091 5434 daemones
3121 5375 3371 5433 humana

1804 5484 2011 5531 naturae
2049 5475 2396 5537 insidiantur,
2433 5471 2527 5543 qui
2572 5471 2709 5526 nihil
2741 5484 2772 5524 ιι
2806 5469 2964 5526 nobis
2990 5469 3103 5526 laesi
3134 5468 3371 5532 fuerant,

1801 5576 1856 5623 et
1878 5577 2061 5625 tamen
2110 5581 2299 5624 necem
2348 5564 2649 5622 moliuntur
2688 5563 2865 5621 nobis.
2907 5562 3208 5635 Confortati
3251 5569 3368 5615 sunt

251 5696 389 5758 “lsa.
419 5712 583 5777 I.III,4
616 5727 732 5784 seq.
790 5713 836 5745 "
866 5712 1025 5770 Vers.
1052 5714 1136 5772 l5.
1202 5716 1244 5746 ‘7
1274 5712 1426 5770 Vers.
1466 5712 1550 5769 16.
1616 5713 1662 5747 ⁸⁸
1686 5710 1820 5768 lbid.
