3786 6278
302 321 406 377 πω

1121 318 1178 373 s.
1220 318 1590 375 ATHANASll
1631 316 1783 374 ore.
1828 317 2009 372 rans
2035 297 2136 374 in.
2164 347 2232 360 -
2273 315 2685 373 exsomnes.

3458 311 3565 367 308

303 441 393 509 qui
429 437 689 505 persecuti
722 446 845 491 sunt
891 451 970 490 me
1004 436 1208 490 inimici
1255 439 1353 491 mei
1389 438 1602 508 injuste.
1639 435 1886 492 Declarat
1915 444 1933 499 Α

2066 434 2512 504 κραταιώθησαν
2556 437 2610 488 οί
2658 435 2859 503 ἐχθροί
2903 450 3044 508 μου,
3096 435 3150 486 οι
3185 429 3568 499 ἐκϐιώκοντές

301 545 470 598 quam
495 529 699 597 injuste
725 529 994 583 sententia
1023 540 1212 583 contra
1243 544 1367 584 eum
1391 529 1498 584 lata
1531 532 1620 586 sit.

382 685 435 738 6.
468 685 631 747 Deus,
665 694 721 738 tu
749 687 851 739 scis
890 685 1252 753 insipientiam
1293 703 1481 743 meam.
1510 686 1883 756 [insipientiam

308 777 463 842 dicit,
498 793 619 832 eam
657 793 780 846 quae
813 777 938 832 talis
973 778 1190 834 videtur
1221 781 1557 844 hominibus,
1593 782 1880 836 stultitiam

308 870 432 926 dico
465 869 760 940 passionis.
798 868 961 927 Facta
999 873 1143 930 enim
1170 883 1269 936 est,
1298 873 1453 942 juxta
1490 889 1706 929 sacrum
1737 874 1881 942 Apo-

309 963 508 1016 stolum
538 961 604 1026 ",
633 977 771 1020 crux
807 965 1022 1019 Domini
1053 963 1253 1020 ludatis
1289 965 1507 1031 quidem
1539 967 1880 1029 scandalum,

308 1053 561 1129 gentibus
591 1068 772 1113 autem
804 1057 1055 1114 stultitia.
1086 1057 1166 1111 Tu
1200 1058 1384 1127 igitur,
1411 1074 1444 1113 ο
1468 1058 1647 1124 Pater,
1678 1059 1879 1128 inquit,

309 1152 452 1206 nosti
481 1153 846 1207 oeconomiam
892 1153 1092 1207 crucis.
1128 1149 1242 1206 Hoc
1283 1162 1463 1206 autem
1499 1153 1574 1205 ait
1609 1152 1735 1221 quia
1768 1151 1886 1221 fuit

309 1244 570 1300 obediens
601 1244 745 1299 Patri
801 1261 974 1314 usque
1019 1245 1085 1299 ad
1134 1255 1400 1310 mortem,
1437 1254 1666 1299 mortem
1701 1255 1881 1298 autem

308 1337 510 1391 crucis.
548 1335 615 1391 Et
648 1337 841 1392 delicta
865 1354 978 1390 mea
1005 1353 1036 1390 a
1072 1347 1119 1390 te
1144 1353 1249 1390 non
1282 1347 1403 1390 sunt
1435 1337 1770 1392 abscondita.
1799 1337 1886 1391 Si-

309 1429 435 1484 mile
484 1439 568 1486 est
615 1429 777 1484 huic:
807 1429 910 1495 Qui
956 1447 1058 1483 non
1100 1433 1242 1484 novit
1287 1439 1580 1500 peccatum,
1612 1439 1882 1499 peccatum

1981 545 2057 596 με
2087 527 2324 591 ἀδίκως.
2342 527 2650 589 ·Δείκνυσιν,
2675 525 2750 588 ὡς
2775 523 2975 586 ἀδίκως
2997 524 3030 593 ἡ
3061 521 3181 576 κατ’
3203 520 3367 574 αὺτοῦ
3389 521 3568 593 ψῆφος

1985 617 2352 688 ἐξενήνεκται.

2067 707 2130 763 Ὀ
2166 709 2328 773 Θεὸς,
2352 707 2433 761 σὺ
2461 709 2648 776 ἔγνως
2678 705 2794 772 τὴν
2823 705 3182 774 ἀφροσύνην
3199 721 3339 772 μου.
3384 705 3560 776 Ἀφρο

1986 801 2152 872 σύνην
2195 802 2327 872 φησὶ
2361 801 2458 870 τὴν
2489 799 2836 870 νομισθεῖσαν
2892 796 3042 868 παρὰ
3087 799 3202 859 τοῖς
3262 795 3569 866 ἀνθρώποις

1989 894 2216 965 μωρίαν,
2251 893 2347 963 τὴν
2373 892 2466 945 τοῦ
2493 891 2698 955 πάθους
2720 891 2882 962 φημί.
2909 891 3104 958 Γέγονε
3131 888 3260 960 γὰρ,
3303 889 3445 970 κατὰ
3476 891 3571 944 τὸν

1987 989 2128 1061 ἱερὸν
2174 987 2514 1048 Ἀπόστολον,
2549 989 2578 1040 ὁ
2624 986 2717 1040 τοῦ
2763 986 2970 1056 Κυρίου
3003 983 3236 1055 σταυρὸς
3295 982 3571 1049 Ἰουδαίοις

1989 1083 2085 1152 μὲν
2117 1079 2433 1143 σκάνδαλον,
2470 1078 2646 1131 ἔθνεσι
2681 1077 2739 1130 δὲ
2775 1077 2977 1148 μωρία.
3019 1078 3091 1130 Σὺ
3115 1073 3230 1140 οὖν,
3281 1068 3327 1128 ὦ
3361 1077 3568 1151 ῌάτερ,

1985 1171 2169 1242 φησὶν,
2205 1169 2375 1238 ἔγνως
2405 1170 2507 1240 τὴν
2535 1168 2622 1221 διὰ
2649 1167 2741 1221 τοῦ
2771 1167 3004 1239 σταυροῦ
3037 1167 3370 1238 οἰκονομίαν.
3396 1167 3572 1220 Τοῦτο

1983 1261 2039 1316 δὲ
2077 1263 2244 1330 λέγει,
2301 1261 2486 1333 ἐπειδὴ
2521 1261 2742 1329 γέγονεν
2776 1261 3015 1331 ὑπήκοος
3053 1259 3130 1329 τῷ
3184 1260 3358 1330 Πατρὶ
3406 1260 3567 1330 μέχρι

1984 1356 2238 1417 θανάτου,
2267 1355 2496 1409 Θανάτου
2530 1354 2586 1407 δὲ
2616 1353 2872 1424 σταυροῦ.
2918 1354 3024 1406 Καὶ
3074 1355 3134 1406 αἱ
3167 1351 3572 1422 πλημμέλειαι

1978 1465 2098 1517 μου
2130 1445 2247 1500 ἀπὸ
2275 1445 2391 1500 σοῦ
2425 1449 2535 1500 οὐκ
2588 1446 3030 1513 ἁπεκρύϐησαν.
3071 1447 3294 1514 Ὅμοιον
3317 1444 3414 1514 τῷ·
3455 1445 3572 1498 Τὸν

309 1539 401 1591 pro
426 1524 575 1577 nobis
598 1524 721 1593 fecit
739 1524 820 1590 '°.;
855 1534 1018 1595 atque
1056 1525 1160 1580 hoc
1191 1533 1276 1579 est
1307 1525 1454 1594 quod
1483 1523 1682 1580 dicitur
1711 1541 1725 1577 :
1761 1524 1803 1576 Α
1838 1533 1886 1576 te

2088 1538 2309 1608 γνόντα
2329 1538 2618 1607 ἁμαρτίαν
2633 1537 2920 1606 ἁμαρτίαν
2936 1534 3085 1603 ὑπὲρ
3107 1535 3275 1603 ἡμῶν
3292 1537 3567 1604 ἐποίησε.

309 1629 412 1667 non
437 1623 560 1666 sunt
589 1613 920 1668 abscondita.

377 1706 430 1758 7.
455 1704 576 1758 Non
605 1707 912 1760 erubescant
937 1707 990 1761 in
1011 1723 1089 1761 me
1113 1709 1203 1778 qui
1221 1716 1518 1778 exspectant
1544 1716 1612 1772 te,
1641 1705 1878 1767 Domine,

1984 1633 2095 1685 Καὶ
2125 1630 2280 1683 τοῦτό
2313 1631 2427 1682 ἐστι
2451 1630 2531 1682 τό·
2581 1630 2712 1682 Ἀπὸ
2741 1627 2855 1682 σοῦ
2883 1630 2993 1680 οὐκ
3015 1628 3378 1696 ἐκρὺδησαν.

2056 1725 2150 1790 Μὴ
2203 1725 2683 1792 αἰσχυνθείησαν
2715 1722 2808 1774 ἐπ’
2834 1722 2939 1791 ἐμὲ
2967 1725 3021 1776 οί
3049 1722 3450 1792 ὑπομένοντες
3468 1739 3568 1787 σε.

310 1797 531 1852 Domine
561 1801 830 1852 virtutum.
861 1797 1019 1863 Illud,
1051 1800 1106 1852 in
1138 1817 1237 1863 me,
1271 1800 1322 1853 id
1360 1807 1462 1862 est,
1499 1813 1595 1868 per
1629 1813 1734 1858 me,
1765 1799 1878 1853 sive
1911 1797 1933 1854 Ι

2066 1835 2176 1886 ριε,
2217 1819 2392 1885 Κύριε
2417 1815 2535 1869 τῶν
2571 1814 2900 1884 δυνάμεων.
2933 1815 3006 1867 Τὸ
3037 1815 3153 1885 μὲν,
3185 1815 3276 1867 ἐπ’
3309 1815 3430 1884 ἐμὲ.
3469 1817 3570 1868 άν-

311 1906 406 1956 per
428 1905 602 1951 meam
629 1906 727 1961 pro
753 1891 820 1946 iis
849 1891 1180 1960 passionem.
1213 1889 1348 1945 Illud
1374 1903 1578 1951 autem,
1609 1888 1728 1944 Non
1751 1908 1877 1944 eru-

312 1985 542 2045 bescant,
571 1981 729 2050 quasi
763 1981 935 2043 dicas,
965 1968 1046 2036 ιιὲ
1057 1981 1199 2036 ultra
1229 1981 1555 2038 erubescant
1583 1980 1720 2035 sicut
1747 1981 1876 2034 olim

309 2077 531 2143 quando
565 2081 636 2132 ob
666 2078 1070 2148 corruptionem
1106 2093 1266 2147 quam
1294 2077 1641 2147 patiebantur
1671 2078 1880 2146 pudore

311 2168 488 2224 aﬂecti
517 2179 692 2228 erant.
727 2168 853 2225 Haec
875 2180 1054 2225 autem
1075 2169 1343 2224 sententia
1371 2187 1385 2222 :-
1416 2167 1666 2235 Quando,
1685 2169 1878 2238 inquit,

309 2277 410 2329 ego
437 2261 489 2314 id
524 2261 576 2314 in
605 2277 692 2316 me
727 2260 963 2330 suscepi,
985 2269 1043 2314 ut
1065 2276 1164 2330 pro
1199 2261 1305 2316 illis
1331 2272 1555 2315 mortem
1581 2270 1879 2331 gustarem,

309 2354 594 2410 aboleatur
624 2356 712 2409 illa
748 2371 842 2425 per
881 2366 1112 2410 mortem
1143 2357 1275 2426 ipsis
1303 2357 1433 2411 olim
1464 2357 1610 2410 illata
1636 2355 1878 2411 infamia.

308 2446 444 2508 Nam
484 2465 633 2505 mors
674 2464 800 2506 vere
827 2448 1051 2504 infamia
1081 2459 1220 2511 erat,
1257 2450 1310 2502 in
1342 2451 1618 2504 hominem
1645 2451 1712 2504 ad
1743 2450 1880 2503 ima-

309 2542 488 2610 ginem
521 2543 612 2597 Dei
635 2550 878 2597 creatum
916 2557 1146 2611 regnum
1176 2542 1452 2596 obtinens.
1481 2541 1762 2607 Significat
1787 2542 1884 2593 ita-

307 2647 414 2700 que
433 2647 529 2702 per
543 2632 662 2702 ejus
685 2631 1138 2688 resurrectionem
1163 2633 1229 2687 de
1252 2632 1428 2686 medio
1452 2633 1741 2691 tollendam
1763 2647 1884 2686 esse

310 2734 562 2782 mortem.
595 2723 732 2780 lluic
765 2725 1194 2796 interpretationi
1229 2725 1542 2795 adjungitur
1573 2741 1764 2780 versus
1795 2725 1882 2779 isti

309 2820 612 2874 consimilis
642 2839 655 2875 :
690 2819 815 2874 Non
852 2820 1248 2887 confundantur
1288 2837 1444 2888 super
1479 2836 1555 2872 me
1595 2820 1685 2890 qui
1737 2836 1883 2889 qua:-

311 2924 432 2965 runt
455 2911 774 2968 te.Pulchre
799 2912 1052 2982 superius
1085 2923 1139 2968 et
1165 2912 1266 2967 hoc
1294 2912 1420 2966 item
1458 2912 1578 2966 loco
1608 2912 1764 2977 dixit,
1794 2931 1884 2966 su-

307 2995 400 3072 per
425 3020 525 3058 me.
558 3004 698 3070 Quia
729 3006 878 3060 enim
914 3005 1027 3073 ipse
1059 3012 1178 3058 erat
1218 3003 1312 3073 qui
1345 3003 1695 3068 concitabat;
1728 3004 1774 3058 si
1805 3005 1882 3057 vi-

309 3110 430 3150 ctus
467 3095 681 3158 fuisset,
714 3097 978 3166 pudorem
1003 3095 1269 3150 allaturus
1297 3103 1414 3149 erat
1437 3094 1504 3148 iis
1533 3095 1626 3163 qui
1656 3095 1759 3149 sibi
1786 3094 1883 3148 ob-

311 3193 724 3256 temperassent,
755 3195 940 3256 utpote
965 3186 1058 3256 qui
1088 3201 1184 3256 per
1213 3183 1458 3240 fraudem
1491 3194 1544 3240 et
1566 3185 1880 3241 facilitatem

310 3276 478 3329 animi
504 3275 743 3344 pericula
774 3277 1057 3330 adiissent.

387 3366 442 3433 8,
466 3365 518 3421 9.
541 3364 804 3432 Quoniam
823 3378 1038 3436 propter
1062 3376 1111 3420 te
1139 3366 1370 3421 sustinui
1393 3367 1750 3437 opprobrium.
1778 3366 1884 3422 Po-

311 3461 476 3526 stulo,
514 3460 711 3529 inquit,
740 3470 800 3515 ut
841 3475 991 3517 mors
1017 3461 1082 3516 de
1114 3459 1295 3516 medio
1341 3460 1595 3527 tollatur,
1624 3461 1883 3531 quoniam

311 3550 570 3607 obediens
603 3551 698 3606 tibi
727 3549 908 3606 factus
935 3552 1107 3622 ipsam
1135 3551 1341 3620 accepi.
1377 3549 1679 3606 Extraneus
1711 3552 1884 3621 factus

311 3659 428 3696 sum
453 3641 711 3713 fratribus
748 3645 894 3699 meis.
930 3641 1043 3698 Hoc
1075 3643 1151 3697 ait
1180 3643 1309 3713 quia
1340 3650 1584 3712 tempore
1613 3643 1886 3714 passionis

311 3742 380 3798 ab
405 3737 662 3793 omnibus
694 3737 986 3794 derelictus
1011 3747 1112 3794 est.

386 3915 472 3970 10.
500 3915 763 3980 Quoniam
790 3919 930 3971 zelus
957 3919 1146 3973 domus
1171 3927 1278 3974 tute
1306 3920 1529 3973 comedit
1553 3936 1651 3974 me.
1684 3919 1766 3975 Me
1785 3918 1886 3973 ab-

314 4019 601 4079 negarunt,
633 4009 834 4080 inquit,
863 4011 990 4081 quia
1018 4011 1380 4080 coarguebam
1412 4027 1508 4068 eos
1548 4013 1696 4082 quod
1732 4012 1886 4083 impii

313 4104 366 4164 in
399 4103 620 4158 domum
659 4113 806 4158 tuam
858 4113 1060 4160 essent.
1101 4103 1335 4159 Enarrat
1373 4114 1556 4159 autem
1596 4105 1887 4160 historiam

312 4195 514 4250 diserte
533 4191 957 4266 Joannes,quod
989 4195 1200 4265 ﬂagello
1240 4195 1460 4265 ejecerit
1496 4213 1592 4252 eos
1637 4197 1704 4252 de
1751 4206 1889 4252 tem-

310 4286 400 4357 plo
413 4287 479 4340 ".
494 4285 564 4340 Et
577 4287 854 4357 opprobria
869 4288 1298 4358 exprobrantium
1315 4289 1409 4342 tibi
1427 4289 1720 4342 ceciderunt
1735 4305 1896 4358 super.

314 4397 413 4434 me.
453 4377 570 4434 Non
597 4379 785 4445 modo,
815 4380 1017 4450 inquit,
1037 4391 1329 4436 extraneus
1358 4379 1536 4436 factus
1563 4397 1682 4436 sum
1708 4391 1762 4436 et
1793 4396 1888 4451 pe-

1980 1912 2034 1964 τί
2054 1909 2168 1975 τοῦ,
2196 1909 2262 1962 δι’
2283 1909 2404 1979 ἐμὲ,
2423 1910 2541 1979 ἣτοι
2568 1907 2656 1962 διὰ
2674 1907 2768 1960 τοῦ
2799 1906 2932 1977 ἐμοῦ
2962 1907 3100 1979 ὑπὲρ
3135 1907 3313 1960 αὐτῶν
3339 1907 3567 1972 πάθουςο

1980 2003 2040 2054 τὸ
2072 2002 2150 2062 δὲ.
2203 2002 2299 2068 Μὴ
2352 2001 2854 2069 αἰσχυνθείησαν,
2908 1999 3027 2052 ᾶντὶ
3064 1999 3181 2063 τοῦ,
3245 2000 3438 2070 μηκέτι
3479 2003 3573 2054 αἰ-

1984 2093 2360 2164 σχυνθείησαν,
2412 2092 2488 2154 ὡς
2537 2091 2702 2144 πάλαι
2755 2091 2933 2144 αὐτῶν
2983 2092 3364 2162 ᾑσχυνομένων
3388 2093 3453 2144 δι’
3502 2095 3578 2163 ἣν

1984 2185 2280 2255 ὑπέμειναν
2318 2183 2543 2254 φθοράν.
2583 2183 2640 2236 '0
2679 2183 2736 2237 δὲ
2779 2182 2902 2245 νοῦς
2937 2176 3111 2246 οὗτος-ο
3161 2183 3377 2254 Ἐπειδὴ
3433 2182 3572 2252 ἐγὼ,

1984 2279 2136 2348 φησὶ,
2161 2275 2530 2346 κατεδεξάμην
2568 2277 2706 2347 ὑπὲρ
2745 2276 2922 2328 αὐτῶν
2960 2275 3257 2343 γεύσασθαι
3311 2276 3573 2342 θανάτου,

1985 2366 2294 2438 ἀναιρεθείη
2346 2368 2378 2438 ἡ
2428 2367 2594 2420 πάλαι
2650 2370 2770 2420 κατ’
2804 2367 2984 2420 αὐτῶν
3035 2368 3298 2438 γενομένη
3345 2367 3431 2420 διὰ
3477 2366 3576 2422 τὸν

1985 2460 2212 2513 θάνατον
2251 2457 2504 2530 αἰσχύνη.
2552 2458 2792 2530 Αίσχύνη
2851 2455 3058 2530 γὰρῆν
3090 2460 3184 2513 τοῦ
3239 2462 3356 2514 κατ’
3384 2462 3578 2514 εἰκόνα

1985 2551 2117 2604 Θεοῦ
2143 2550 2454 2614 κτισθέντος
2483 2550 2772 2623 ἀνθρώπου
2807 2550 3107 2621 βασιλεύων
3129 2553 3158 2604 ὁ
3187 2552 3432 2615 θάνατος.
3463 2552 3577 2622 Ση-

1989 2643 2168 2712 μαίνει
2199 2638 2314 2707 οὖν,
2336 2642 2412 2706 ὡς
2442 2643 2529 2695 διὰ
2559 2643 2657 2712 τῆς
2712 2641 2878 2695 αὑτοῦ
2927 2643 3277 2707 ἀναστάσεως
3305 2645 3369 2696 ὲκ
3402 2646 3575 2714 μέσου

1993 2737 2281 2804 γενήσεται
2327 2737 2355 2788 ὁ
2404 2734 2650 2797 θάνατος.
2690 2735 2965 2804 Συνῆπται
3011 2731 3106 2787 οὖν
3162 2737 3218 2787 ἐν
3273 2734 3446 2807 ταύτῃ
3497 2738 3573 2807 τῇ

1987 2824 2250 2896 ἑρμηνείᾳ
2281 2825 2373 2878 καὶ
2416 2828 2444 2878 ὁ
2487 2825 2671 2896 ἕτερος
2697 2825 2898 2895 στίχος,
2949 2825 3192 2880 ὁτυύτου
3249 2826 3572 2898 παρόμοιος⁹

1987 2915 2150 2981 Μηδὲ
2196 2917 2642 2985 ἐντραπείησαν
2693 2917 2784 2970 ἐπ’
2842 2915 2948 2986 ἐμὲ
3001 2920 3056 2970 oi
3111 2916 3424 2984 ζητοῦντές
3470 2935 3572 2974 σε.

1988 3008 2183 3072 Καλῶς
2207 3010 2301 3064 καί
2327 3010 2439 3062 ἄνω
2466 3006 2587 3063 εἷπε
2638 3011 2718 3074 τὸ,
2746 3010 2838 3063 ἐπ’
2869 3009 2994 3079 ἐμὲ,
3055 3011 3147 3062 καὶ
3177 3004 3300 3064 ὦδε.
3349 3010 3576 3082 Ἐπειδὴ

1914 3103 2096 3206 Grip
2152 3103 2316 3166 αὐτὸς
2361 3099 2429 3174 ἦν
2492 3105 2520 3155 ὁ
2587 3103 2931 3175 προτρέψας,
2991 3102 3242 3174 ἡττηθεὶς
3299 3102 3572 3174 αἰσχύνην

1990 3193 2150 3264 ἔφερε
2183 3195 2295 3255 τοῖς
2351 3193 2670 3256 πεισθεῖσιν,
2722 3192 2796 3256 ὡς
2845 3193 3028 3262 ἀπάτῃ
3077 3193 3170 3244 καὶ
3207 3191 3425 3264 εὐκολίᾳ
3478 3193 3581 3247 τὸν

1991 3282 2230 3336 κίνδυνον
2260 3281 2551 3351 ἑλομένοις.

2065 3374 2193 3428 ’Ὅτι
2224 3373 2404 3428 ἕνεκά
2452 3390 2568 3427 σου
2622 3372 2934 3441 ὑπήνεγκα
2990 3373 3356 3442 ὀνειδισμόν.
3399 3369 3580 3436 Λῖίιῶ,

1992 3467 2176 3537 φησὶν,
2221 3464 2463 3518 ἐκποδὼν
2507 3465 2760 3534 γενέσθαι
2811 3465 2900 3518 τὸν
2964 3464 3214 3517 θάνατον’
3261 3465 3446 3536 ἐπειδὴ
3475 3466 3579 3519 καί

1994 3575 2074 3611 σοι
2101 3557 2342 3628 γεγονὼς
2376 3558 2635 3629 ὑπήκοος,
2669 3557 2832 3611 αὑτὸν
2855 3557 3256 3628 ἀναδέδειγμαι.
3283 3558 3585 3624 Ἀπηλλα-

1995 3648 2309 3718 τριωμένος
2348 3649 2646 3718 ἐγενήθην
2706 3647 2830 3713 τοῖς
2875 3647 3160 3716 ἀδελφοῖς
3209 3667 3348 3718 μου.
3401 3650 3586 3706 Τοῦτό

1993 3757 2126 3810 φησι
2155 3741 2242 3794 διὰ
2265 3741 2362 3812 τὴν
2392 3740 2690 3811 γενομένην
2721 3738 2869 3808 αὑτῷ
2918 3740 3008 3791 ἐπὶ
3039 3739 3133 3792 τοῦ
3169 3741 3374 3804 πάθους
3423 3744 3582 3813 παρὰ

1994 3831 2208 3885 πάντων
2242 3830 2645 3900 ὲγκατάλειᾲιν.

2066 3924 2194 3976 Ὅτι
2222 3926 2254 3976 ό
2281 3921 2457 3989 ζῆλος
2491 3923 2596 3976 τοῦ
2619 3923 2788 3978 οἴκου
2811 3941 2926 3978 σου
2950 3925 3243 3994 κατέφαγέ
3260 3941 3354 3993 με.
3386 3924 3586 3996 Ἦρνήο

1997 4014 2157 4067 σαντό
2187 4032 2275 4085 με,
2302 4015 2488 4086 φησὶν,
2516 4015 2703 4086 ἐπειδὴ
2734 4016 2962 4086 ἤλεγχον
3013 4017 3230 4080 ἀσεϐεῖς
3257 4017 3451 4079 αὐτοὺς
3481 4033 3583 4085 γε-

1994 4105 2252 4176 νομένους
2296 4107 2425 4177 περὶ
2470 4105 2561 4158 τὸν
2605 4101 2750 4158 οἷκον
2783 4107 2873 4160 τὸν
2924 4108 3031 4161 σόν.
3067 4108 3343 4176 Διηγεῖται
3391 4105 3447 4158 δὲ
3473 4105 3585 4175 τὴν

1997 4195 2236 4268 ἱστορίαν
2270 4195 2458 4265 σαφῶς
2490 4198 2518 4249 ὁ
2554 4197 2824 4268 Ἰωάννης⁹
2855 4199 2942 4250 ὅτε
2991 4197 3210 4264 ἐξέϐαλε
3243 4197 3380 4268 μετὰ
3407 4213 3585 4267 φραγ.

1993 4289 2175 4357 γελίου
2213 4290 2275 4341 ἐκ
2298 4289 2390 4341 τοῦ
2416 4288 2580 4358 ἱεροῦ.
2611 4291 2717 4342 Καὶ
2773 4293 2826 4343 ot
2868 4289 3194 4358 ὀνειδισμοὶ
3263 4288 3383 4341 τῶν
3419 4289 3579 4341 ὀνει-

1993 4381 2274 4442 διζόντων
2313 4396 2387 4434 σε
2428 4381 2733 4436 ἐπέπεσον
2776 4382 2868 4434 ἐπ’
2903 4382 3022 4451 ὲμέ.
3081 4382 3154 4434 Οὐ
3202 4380 3361 4452 μόνον
3422 4379 3582 4446 ξένος

312 4471 584 4541 regrinus,
609 4471 702 4526 sed
733 4471 900 4526 etiam
925 4472 1216 4542 opprobria
1243 4471 1582 4528 sustinebam
1607 4473 1678 4527 ab
1704 4473 1769 4528 iis
1793 4473 1892 4543 qui
1921 4499 1933 4553 ι

2066 4473 2279 4543 ενήθην,
2333 4475 2489 4544 φησὶ,
2545 4475 2638 4528 καὶ
2693 4473 3226 4544 ἀπηλλοτριωμένος,
3283 4470 3420 4524 ἀλλὰ
3479 4473 3580 4526 καὶ

309 4579 408 4632 per
437 4564 578 4617 mala
603 4579 765 4634 opera
802 4565 1206 4634 exprobrabant
1236 4565 1358 4620 tibi.
1383 4563 1541 4619 Nulla
1571 4576 1754 4620 autem
1780 4566 1884 4620 alia

309 4658 379 4711 de
413 4671 580 4710 causa
633 4657 686 4710 id
741 4658 1006 4727 patiebar,
1060 4659 1163 4714 nisi
1195 4668 1416 4729 propter
1463 4658 1638 4714 zelum
1689 4658 1888 4714 domus

311 4758 438 4803 ιυὶἓο

388 4841 575 4896 11-15.
611 4839 680 4895 Et
709 4842 894 4911 operui
923 4842 978 4894 in
1021 4840 1228 4912 jejunio
1280 4843 1515 4897 animum
1555 4859 1746 4907 meam,
1778 4852 1882 4897 etc.

313 4933 536 4998 Dolens,
559 4932 758 5004 inquit,
786 4933 854 4988 de
880 4931 1062 4986 futura
1080 4932 1384 4988 animarum
1403 4948 1592 4988 eorum
1630 4933 1890 5002 pernicie,

312 5024 414 5075 hoc
443 5033 612 5093 atque
653 5023 787 5077 illud
833 5022 1082 5094 agebam.
1108 5021 1189 5076 Illi
1218 5037 1346 5078 vero
1373 5038 1476 5093 pro
1511 5023 1713 5093 quibus
1741 5023 1890 5092 ejus-

310 5114 456 5168 modi
509 5130 597 5170 res
645 5112 968 5178 eﬂiciebam,
998 5112 1146 5166 omni
1191 5120 1434 5182 tempore
1473 5122 1527 5166 et
1564 5111 1689 5165 loco
1721 5126 1807 5164 me
1831 5111 1890 5164 in

310 5221 407 5258 ore
439 5204 750 5270 versabant,
783 5202 1177 5274 exprobrantes
1225 5203 1361 5257 mihi
1393 5201 1789 5265 macerationcs
1824 5201 1887 5269 il-

313 5298 394 5350 las
421 5311 560 5363 quas
583 5310 772 5350 eorum
801 5310 965 5350 causa
991 5294 1356 5350 sustinebam.

393 5384 476 5436 14.
531 5382 640 5454 Ego
685 5401 803 5438 vero
855 5387 1147 5442 orationem
1201 5400 1371 5437 meam
1417 5383 1486 5436 ad
1536 5392 1603 5449 te,
1643 5381 1884 5439 Domine.

316 5476 567 5541 Etiamsi,
599 5476 794 5546 inquit,
831 5477 1200 5537 retribuerunt
1248 5474 1379 5528 mihi
1404 5473 1542 5527 mala
1582 5487 1680 5542 pro
1707 5473 1886 5538 bonis,

314 5577 364 5619 at
395 5582 496 5636 ego
524 5580 632 5620 non
675 5556 838 5623 tinem
861 5566 1003 5622 facio
1027 5580 1219 5637 preces
1253 5579 1351 5634 pro
1399 5562 1466 5618 iis
1495 5561 1777 5618 oﬂerendi.
1823 5560 1891 5616 Et

311 5747 314 5749 λ
376 5744 465 5802 se;
503 5747 628 5801 (ζον,
665 5762 702 5811 ι,
731 5745 816 5800 93.
902 5746 948 5777 ⁸ο
978 5743 997 5798 l
1023 5743 1149 5798 Cor.
1185 5758 1234 5807 γ,
1270 5741 1358 5796 31.
1424 5742 1462 5773 ι’
1497 5737 1653 5795 Joan.
1692 5739 1862 5807 ",15.

1993 4564 2350 4637 ὠνειδιξόμην
2377 4565 2433 4632 ἐξ
2466 4566 2692 4618 ἐκείνων
2754 4565 2851 4618 τῶν
2904 4565 3010 4618 ἀπὸ
3040 4562 3289 4635 πονηρῶν
3321 4560 3584 4634 πράξεων

1993 4655 2354 4721 ὀνειδιζόντων
2420 4673 2499 4710 σε.
2551 4659 2626 4708 Δι’
2656 4655 2809 4709 οὑδὲ-ν
2865 4655 2921 4708 δὲ
2974 4655 3159 4726 ἕτερον
3230 4653 3296 4706 τὰ
3350 4652 3581 4708 τοιαῦτα

1994 4747 2282 4818 ἔπασχονῆ
2307 4747 2395 4800 διὰ
2431 4747 2522 4799 τὸν
2546 4747 2708 4816 ζῆλον
2753 4747 2848 4799 1:05
2877 4745 3025 4800 οἴκου
3056 4763 3170 4800 σου.

2066 4838 2177 4891 Καὶ
2205 4839 2605 4906 συνεκάλυψα
2637 4839 2706 4890 ἐν
2746 4839 2995 4905 νηστείᾳ
3019 4837 3133 4905 τὴν
3181 4837 3394 4906 ψυχήν
3431 4853 3578 4903 μου.

2005 4930 2229 4998 Ἀλγῶν,
2288 4931 2440 5002 φησι,
2499 4929 2586 4982 διὰ
2621 4932 2720 5000 τὴν
2754 4930 3016 5000 ἐσομένην
3061 4928 3242 4981 αὐτῶν
3299 4925 3580 4981 ἀπώλειαν

1990 5019 2098 5070 τῶν
2117 5019 2327 5090 ψυχῶν,
2355 5019 2416 5073 τὸ
2471 5020 2566 5072 καὶ
2599 5019 2661 5072 τὸ
2701 5019 2939 5074 ἐποίουν.
2990 5021 3050 5072 Οί
3100 5018 3157 5070 δὲ
3201 5018 3342 5088 ὑπὲρ
3384 5010 3458 5070 ὧν
3505 5018 3582 5071 τὰ

1989 5109 2216 5164 τοιαῦτα
2251 5110 2512 5181 ἐδρων,ὲν
2542 5110 2705 5163 παντὶ
2739 5109 2916 5180 καιρῷ
2951 5110 3044 5162 καὶ
3073 5109 3221 5179 τόπῳ
3249 5107 3340 5160 ἐπὶ
3373 5105 3577 5176 στόμαο

1990 5219 2080 5265 τος
2112 5201 2212 5272 ἐμὲ
2246 5202 2459 5272 ἔφερον,
2490 5201 2556 5266 ἃς
2599 5202 2739 5275 ὑπὲρ
2772 5201 2950 5256 αὐτῶν
2999 5199 3296 5270 ἐποιούμην
3330 5214 3582 5251 κακοπα-

1995 5293 2145 5356 θείας
2177 5293 2523 5358 ὀνειδίζοντές
2559 5312 2646 5366 με.

2079 5384 2316 5454 Ἐγὼηῗὲ
2350 5385 2421 5454 τῇ
2449 5386 2762 5456 προσευχῇ
2818 5403 2936 5456 μου
2966 5386 3115 5453 πρὸς
3159 5383 3252 5446 σὲ,
3287 5384 3483 5452 Κύριε.
3513 5380 3580 5434 El

1997 5477 2090 5530 καὶ
2119 5476 2349 5547 πονηρὰ,
2379 5478 2564 5548 φησὶν,
2592 5477 3013 5531 ἁνταπεδίδοσάν
3047 5493 3136 5547 μοι
3173 5475 3292 5530 ἀντὶ
3333 5472 3578 5542 ἀγαθῶν,

1998 5568 2111 5622 ἀλλ’
2138 5564 2229 5624 οὖν
2253 5569 2351 5633 τὰς
2380 5569 2520 5643 ὑπὲρ
2553 5571 2732 5626 αὐτῶν
2775 5570 2887 5640 ἐγὼ
2933 5571 2992 5624 οὐ
3031 5569 3276 5640 παύομαι
3317 5565 3575 5637 ποιούμετ-
