3786 6278
170 309 278 364 309

1265 313 1628 374 EXPOSITIO
1666 309 1729 372 BN
1770 316 2099 375 PSALMUM
2138 316 2368 375 LXVIII.

3335 311 3440 370 310

173 431 263 477 νος
297 419 650 490 προσευχάς.
697 423 808 476 Καὶ
837 419 995 477 τοῦτο
1049 423 1206 492 δῆλον
1256 423 1316 491 ἐξ
1350 419 1426 481 ὧν
1464 426 1774 499 παρέθηκεν

1884 431 1984 485 hoc
2031 430 2379 486 manifestum
2422 436 2535 491 est,
2564 428 2710 498 quod
2763 426 3093 499 evangelista
3116 439 3240 481 eum
3279 423 3441 480 nobis

170 505 336 560 αὐτὸν
372 510 855 584 όεύαγγελιστὴς,
904 515 997 566 καὶ
1040 514 1191 597 παρά
1257 515 1334 586 τῷ
1384 517 1602 589 σταυρῷ
1630 519 1770 589 ὑπὲρ

173 597 277 650 in
297 604 698 673 σταυροῦντων
724 605 1034 676 εὐχόμενον.
1067 606 1283 674 Κωρύς
1324 610 1620 676 εὐδοκίας.
1642 611 1771 666 Ὅτε

174 686 318 759 ἦλθε
351 692 430 743 τὸ
462 691 764 763 πλήρωμα
817 695 925 750 τοῦ
978 699 1226 765 κρόνου,
1262 697 1693 763 ἐξαπέστειλεν
1737 704 1771 755 d

174 781 318 847 Θεές
336 784 459 837 τὸν
498 784 639 839 Υίὸν
665 786 854 840 αὐτοῦ
898 788 1225 857 γενόμενον
1245 790 1315 843 ἐκ
1340 795 1647 859 γυναικὸς,
1677 811 1771 864 γε·

174 874 595 953 νόμενον-,ὐπὸ
626 878 836 946 νόμον,
868 879 969 931 ἵνα
1021 880 1165 947 τοὺς
1194 880 1311 936 ὑπὸ
1349 883 1539 952 νόμον
1564 885 1772 955 ἐξαγο-

173 962 350 1031 ράσῃ.
398 964 465 1017 Ὀ
503 968 584 1029 είς
609 966 769 1020 τοῦτο
824 966 993 1021 ἐλθών
1040 985 1194 1041 φησι’
1226 971 1443 1040 Καιρὸς
1468 973 1766 1041 εὐδοκίας,

175 1056 204 1105 d
231 1054 404 1120 Θεός.

236 1144 469 1199 Σῶσόν
484 1165 567 1217 με
591 1148 710 1203 ἀπὸ
764 1151 985 1218 πηλοῦ,
1015 1152 1117 1204 ἵνα
1147 1152 1234 1221 μὴ
1283 1153 1543 1224 ἐμπαγῶ.
1583 1156 1770 1212 Ταῦτα

172 1231 233 1307 ἦν
260 1237 294 1291 ἃ
356 1241 463 1292 καὶ
513 1243 947 1313 προσευχόμενος
1000 1244 1139 1316 ὑπὲρ
1187 1246 1289 1316 τῆς
1352 1247 1770 1321 ἀνθρωπότητος

176 1329 438 1398 ἔκραζεν,
486 1332 565 1397 ὡς
615 1334 710 1387 καὶ
753 1334 932 1405 λέγειν
992 1337 1185 1391 αὐτόν·
1253 1339 1684 1410 Ἔόραγχίασεν
1736 1346 1771 1397 ὁ

172 1419 410 1491 λάρυγξ
465 1441 613 1492 μου.
646 1426 721 1479 Τὸ
768 1427 848 1492 δὲ,
894 1429 1272 1500 ἑϐραγχίασε,
1294 1432 1355 1487 τὸ
1408 1434 1624 1500 ἐκτενὲς
1670 1437 1769 1508 τῆς

175 1516 499 1586 προσευχῆς
533 1534 746 1589 καταση
755 1519 953 1591 μαίνει.

237 1606 336 1675 Μή
362 1626 455 1677 με
487 1613 980 1667 καταποντισάτω
1029 1615 1298 1685 καταιγὶς
1322 1616 1560 1685 ὓδατος,
1614 1620 1770 1690 μηδέ

173 1699 518 1753 καταπιέτω
549 1719 630 1771 με
669 1704 886 1771 βυθός.
916 1705 1083 1778 Ὅρου
1121 1708 1218 1760 καὶ
1257 1709 1502 1780 κατάρας
1536 1713 1768 1783 φρικτῆς

174 1791 580 1861 προκειμένης,
611 1793 700 1847 ἵνα
732 1793 836 1848 κᾶν
867 1795 1096 1864 ἄγγελος
1121 1797 1566 1869 εὐαγγελίσηται,
1617 1801 1649 1873 ἢ
1685 1802 1765 1856 δι-

173 1881 300 1977 δάξῃ
319 1886 489 1977 ημᾶς
513 1887 646 1957 παρ’
679 1887 707 1941 ὅ
740 1890 769 1941 ό
796 1889 1005 1955 Παῦλος
1036 1890 1291 1959 ἐδίδαξεν,
1326 1891 1574 1964 ἀνάθεμα
1604 1893 1763 1949 ἔστω.

174 1973 263 2036 Τίς
286 1973 455 2029 ἐστιν
496 1977 527 2028 ό
561 1977 1010 2051 ὑπερκεφαλῆσαι
1043 1980 1276 2046 Παῦλον,
1325 1982 1524 2053 μᾶλλον
1572 1984 1629 2039 δὲ
1674 1986 1767 2040 τὸν

176 2070 229 2119 ἐν
250 2068 409 2139 αύτῷ
434 2068 710 2125 λαλοῦντα
763 2072 996 2143 Χριστὸν
1056 2073 1378 2145 δυνάμενος;
1439 2076 1648 2130 Οὐκοῦν
1675 2079 1769 2133 καὶ

175 2160 249 2223 είς
288 2161 499 2215 ἑαυτὸν
532 2162 634 2234 τὴν
654 2164 911 2236 τοιαύτην
969 2165 1134 2236 εὐχὴν
1185 2166 1463 2237 ἀναφέρει,
1492 2170 1587 2222 καὶ
1627 2187 1769 2241 μαρ⁶

174 2250 327 2317 τυρεῖ
354 2248 637 2318 λέγωνέν
687 2254 753 2324 τῇ
797 2253 937 2325 πρὸς
992 2253 1275 2327 Ἐϐραίους
1330 2256 1639 2330 Ἐπιστολῇ,
1687 2260 1768 2313 ὅτι

173 2336 240 2390 ἐν
261 2338 402 2405 ταῖς
441 2340 695 2410 ἡμέραις
715 2343 828 2412 τῆς
858 2344 1084 2415 σαρκὸς
1115 2346 1324 2411 αὐτοῦ,
1375 2350 1655 2404 τουτέστιν
1677 2351 1770 2404 ὲπὶ

174 2429 262 2481 τὸν
296 2431 545 2502 σταυρὸν
579 2433 893 2505 ἐρχόμενος,
944 2437 1186 2506 δεήσεις
1224 2456 1287 2493 τε
1336 2440 1434 2494 καὶ
1473 2442 1769 2512 ἱκετηρίας

176 2520 307 2590 πρὸς
338 2524 443 2576 τὸν
471 2524 775 2596 δυνάμενον
795 2526 986 2594 σώζειν
1010 2530 1172 2585 αὐτὸν
1232 2533 1297 2585 ὲκ
1342 2531 1595 2599 θανάτου,
1617 2551 1773 2587 τουτ-

178 2609 287 2665 έστι
319 2614 469 2687 πρὸς
514 2615 609 2669 τὸν
642 2618 881 2689 Πατέρα,
907 2619 1056 2690 μετὰ
1087 2621 1357 2692 κραυγῆς
1389 2622 1646 2692 ίσχυρᾱς
1671 2624 1770 2678 καί

175 2703 458 2775 δακρύων
490 2711 856 2783 προσήνεγκε,
896 2714 993 2770 καὶ
1050 2717 1467 2783 εἰσακουσθεὶς
1512 2717 1630 2772 ἀπὸ
1662 2717 1771 2787 τῆς

178 2801 531 2870 εὐλαϐείας·
568 2803 773 2877 καίπερ
813 2804 888 2860 ὣν
946 2807 1096 2872 Υἱὸς,
1143 2807 1341 2880 ἔμαθεν
1376 2809 1469 2877 ἀφ’
1500 2802 1574 2863 ὧν
1600 2809 1768 2865 ἔπαθε

182 2890 277 2969 τὴν
297 2892 584 2963 ὑπακοήν.
618 2895 887 2950 Ἐνταῦθα
914 2897 1147 2963 Παῦλος,
1175 2898 1372 2970 μᾶλλον
1405 2899 1462 2953 δὲ
1485 2902 1513 2953 ό
1535 2903 1593 2954 ὲν
1623 2901 1770 2973 αὐτῷ

178 2976 357 3032 λαλῶν
395 2980 660 3051 Χριστὸς,
685 2985 781 3037 καὶ
808 2983 880 3038 τὰ
908 3003 1097 3059 σεσιγη
1106 2988 1240 3059 μένα
1265 2990 1359 3042 καὶ
1381 2990 1633 3045 λείποντα
1657 2994 1769 3056 τοῖς

1872 522 1927 576 in
1973 536 2134 578 cruce
2173 537 2272 593 pro
2314 520 2758 591 crucifigentibus
2800 529 3043 576 orantem
3072 512 3437 588 repraesentet.

1875 614 2097 685 Tempus
2133 614 2461 684 beneplaciti,
2487 613 2645 668 Deus.
2688 610 2787 666 Ubi
2824 613 2957 666 venit
2999 608 3270 681 plenitudo
3312 618 3442 662 tem-

1869 708 2038 776 poris,
2066 708 2209 760 misit
2245 707 2384 761 Deus
2436 704 2639 760 Filium
2683 720 2838 758 suum
2882 704 3082 773 factum
3108 716 3173 755 ea;
3202 696 3437 759 muliere,

1871 799 2076 869 factum
2125 798 2221 852 sub
2265 798 2408 868 lege,
2458 805 2514 851 ut
2557 812 2644 851 eos
2687 796 2781 866 qui
2828 793 2921 849 sub
2961 795 3069 865 lege
3105 799 3255 847 erant
3300 787 3443 843 redi-

1870 896 2028 941 meret
2056 887 2123 941 ⁵¹.
2160 886 2263 954 Qui
2297 887 2363 941 ad
2391 887 2495 942 hoc
2524 886 2670 941 venit
2697 885 2772 939 ait
2805 903 2819 940 :
2852 883 3075 952 Tempus
3106 880 3439 951 beneplaciti,

1870 974 2029 1030 Deus.

1938 1148 2025 1203 15.
2058 1146 2217 1210 Eripe
2246 1164 2328 1203 me
2348 1149 2413 1203 de
2435 1149 2547 1203 luto
2591 1155 2648 1202 ut
2681 1164 2787 1203 non
2823 1147 3033 1218 inﬁgar.
3079 1143 3207 1199 Haec
3230 1144 3439 1199 clama-

1867 1239 1962 1294 bat
1989 1255 2113 1295 cum
2144 1255 2245 1310 pro
2273 1243 2508 1295 humana
2535 1249 2729 1295 natura
2758 1247 3097 1310 precaretur,
3135 1237 3207 1291 ita
3252 1243 3312 1289 ut
3350 1234 3437 1289 di-

1869 1344 2015 1389 ceret
2054 1351 2067 1387 :
2100 1332 2295 1387 Rauca:
2339 1334 2493 1403 facta:
2521 1343 2648 1387 sunt
2683 1333 2862 1403 fauces
2886 1347 3033 1386 mete.
3066 1330 3199 1384 Illud
3232 1335 3435 1390 autem.

1869 1423 2064 1482 Raucte
2108 1426 2264 1495 facta
2308 1435 2452 1495 sunt,
2515 1424 2912 1482 vehementiam
2962 1421 3226 1478 orationis
3271 1419 3439 1491 signi-

1866 1514 2010 1570 ficat.
3392 1510 3397 1515 Α

1939 1606 2025 1673 16,
2058 1606 2145 1661 17.
2186 1604 2308 1662 Non
2337 1622 2417 1661 me
2456 1607 2722 1678 demerget
2764 1614 3043 1675 tempestas
3085 1619 3254 1675 aqua,
3278 1616 3441 1672 neque

1869 1695 2142 1752 absorbent
2167 1713 2249 1751 me
2266 1696 2609 1767 profundum.
2638 1696 2774 1752 Cum
2814 1697 3089 1751 decretum
3122 1701 3177 1749 et
3216 1692 3444 1747 maledi-

1801 1770 1840 1826 B
1869 1786 1977 1842 etio
2005 1786 2283 1858 proposita
2314 1787 2444 1855 sint,
2467 1796 2528 1843 ut
2552 1787 2599 1842 si
2623 1787 2708 1841 vel
2739 1786 2966 1857 angelus
2989 1782 3324 1855 evangelizet
3346 1790 3442 1836 aut

1868 1882 2063 1934 doceat
2088 1893 2191 1935 nos
2229 1886 2421 1949 praeter
2447 1892 2511 1933 ea
2532 1892 2650 1950 quae
2671 1877 2875 1933 Paulus
2906 1875 3114 1942 docuit,
3151 1872 3439 1928 anathema

1869 1970 1962 2037 sit,
1994 1969 2121 2041 quis
2143 1974 2230 2027 est
2256 1970 2351 2041 qui
2371 1969 2541 2026 Paulo
2573 1970 2688 2026 sive
2711 1970 2897 2040 potius
2919 1967 3140 2027 Christo
3171 1968 3225 2021 in
3254 1980 3322 2022 eo
3357 1965 3439 2020 lo-

1869 2063 2057 2132 quenti
2091 2063 2341 2133 superior
2386 2077 2508 2118 esse
2551 2062 2762 2131 possit?
2785 2059 2866 2116 Ad
2906 2075 3028 2115 sese
3060 2058 3225 2130 igitur
3254 2055 3438 2125 (Chri-

1870 2153 2009 2225 stus)
2037 2154 2175 2206 hane
2223 2135 2591 2222 precationem
2621 2149 2808 2216 refert,
2841 2158 2902 2204 ut
2943 2149 3263 2205 testificatur
3295 2148 3440 2218 Apo-

1872 2246 2044 2302 stolus
2071 2245 2124 2300 in
2155 2242 2399 2315 Epistula
2429 2242 2497 2298 ad
2534 2240 2812 2307 Hebraeos,
2844 2241 2988 2313 quod
3021 2242 3075 2295 in
3100 2242 3284 2296 diebus
3323 2256 3441 2294 car—

1871 2341 1952 2395 nis
1978 2354 2110 2402 suae,
2146 2338 2250 2393 hoc
2280 2345 2364 2392 est
2391 2351 2516 2391 cum
2546 2335 2615 2391 ad
2643 2350 2859 2390 crucem
2893 2335 3166 2399 venisset,
3201 2336 3441 2388 obsecra-

1873 2433 2037 2486 tiones
2065 2440 2117 2485 et
2140 2428 2548 2500 supplicationes
2572 2444 2689 2482 eum
2712 2426 2887 2481 valido
2929 2426 3157 2480 clamore
3186 2436 3337 2495 atque
3358 2423 3442 2478 Ia-

1871 2522 2062 2592 crymis
2112 2520 2364 2590 offerebat
2408 2519 2458 2573 ei
2509 2517 2602 2588 qui
2660 2525 2872 2588 poterat
2914 2517 3093 2587 ipsum
3142 2516 3374 2570 liberare
3408 2532 3438 2569 a

1871 2622 2065 2675 morte.
2099 2611 2152 2667 id
2201 2619 2286 2667 est
2315 2610 2482 2677 Patri,
2508 2618 2565 2665 et
2602 2608 2887 2664 exauditus
2923 2621 2999 2664 est
3026 2624 3120 2679 pro
3160 2623 3257 2662 sua
3302 2621 3442 2661 reve-

1870 2706 2141 2762 rentia”:
2169 2705 2294 2760 licet
2317 2702 2492 2758 Filius
2520 2712 2683 2767 esset,
2715 2701 2938 2757 edidicit
2963 2716 3029 2756 ex
3053 2699 3315 2772 passione
3341 2713 3440 2754 sua

1871 2797 2259 2855 obedientiam.
2295 2793 2395 2849 Hic
2432 2792 2665 2857 Paulus,
2700 2792 2812 2846 imo
2854 2792 3038 2863 pntins
3088 2790 3179 2860 qui
3233 2791 3286 2845 in
3322 2788 3442 2861 ipso

1871 2891 2192 2962 loquebatur
2215 2886 2486 2951 Christus,
2511 2901 2634 2957 quae
2658 2885 2713 2940 in
2735 2884 3040 2955 Evangeliis
3070 2883 3285 2938 silentio
3305 2895 3444 2952 prae-

1871 2984 2124 3041 termissa
2153 2990 2304 3050 sunt,
2342 2994 2443 3036 nos
2475 2978 2711 3044 edocuit,
2746 2979 2972 3050 quando
2994 2976 3153 3043 dixit,
3185 2992 3305 3030 eum
3332 2974 3445 3028 cla-

180 3068 601 3138 ώαγγελισταίς
625 3075 773 3144 ἡμᾶς
804 3076 1031 3145 ἐδίδαξε,
1049 3080 1201 3148 μετὰ
1223 3081 1488 3151 κραυγῆς
1518 3082 1770 3153 ἰσχυρᾶς

1884 3095 2015 3133 more
2056 3076 2231 3132 valido
2263 3084 2313 3130 et
2342 3075 2593 3146 lacrumis
2637 3073 2908 3129 emissam
2942 3071 3113 3127 fuisse
3138 3070 3442 3127 orationem

181 3159 275 3213 καὶ
312 3160 605 3231 δακρύων
648 3164 822 3237 λέγων
850 3170 1102 3237 γενέσθαι
1131 3171 1230 3243 τὴν
1284 3174 1611 3246 προσευχὴν,
1650 3175 1767 3239 τοῦ,

182 3251 396 3323 Πάτερ,
437 3257 784 3325 παρελθέτω
841 3261 939 3316 ἀπ’
975 3262 1121 3332 ἐμοῦ
1145 3264 1212 3317 τὸ
1234 3265 1520 3336 ποτήριον
1572 3267 1768 3334 τοῦτο,

180 3344 276 3425 οῦκ
297 3348 363 3399 ὲν
394 3348 710 3421 ὑποκρίσει,
733 3352 834 3406 οὐκ
864 3355 956 3407 ὲπὶ
986 3354 1050 3408 τὸ
1078 3355 1327 3411 δελεάσαι
1367 3357 1457 3412 τὸν
1502 3360 1769 3425 Σατανᾶν,

183 3418 251 3487 οῦ
269 3437 336 3490 τὸ
372 3438 470 3492 τοῦ
487 3418 697 3511 κόσμου
724 3443 1090 3516 οἰκειούμενος
1110 3445 1339 3519 θέλημα’
1355 3448 1468 3503 ἀλλ’
1486 3450 1544 3519 ἐξ
1570 3418 1771 3507 οἰκείου

185 3528 484 3597 προσώπου
541 3533 571 3585 ό
602 3532 836 3603 Χριστὸς
861 3537 1214 3608 οἰκονομικῶς
1245 3541 1506 3606 ἑκουσίως
1535 3546 1771 3615 προσεύ-

185 3635 335 3689 χεται
368 3622 516 3693 μετά
545 3626 813 3697 κραυγῆς,
848 3627 987 3699 μετά
1034 3629 1305 3701 δακρύων,
1363 3634 1506 3705 μετά
1532 3634 1770 3707 ἱδρώτων

186 3715 273 3765 καὶ
297 3714 551 3786 θρόμϐου
586 3718 838 3790 αἵματος,
868 3720 1007 3792 μετά
1029 3722 1261 3792 ἀγγέλου
1287 3725 1642 3797 ὲνισχύοντος,
1675 3730 1771 3785 καὶ

186 3811 346 3865 οἱονεὶ
378 3813 828 3884 παρακαλοῦντος
856 3817 949 3870 καὶ
982 3817 1419 3892 παρηγοροῦντος
1441 3821 1623 3887 αὐτὸν,
1647 3824 1770 3878 καί-

188 3917 289 3975 περ
344 3903 480 3968 Υἱὸς
533 3904 672 3960 Θεοῦ
737 3906 953 3979 ἀληθῶς
1026 3910 1307 3984 ὑπάρχων.
1350 3913 1511 3969 Ἀλλά
1558 3918 1653 3972 καὶ
1702 3918 1771 3973 ὲν

188 3994 413 4064 ἀγωνίᾳ
448 3997 776 4068 γενόμενος
806 4000 1168 4073 προσηύχετο,
1218 4002 1295 4068 ὣς
1346 4023 1509 4078 φησιν
1532 4010 1560 4062 ό
1611 4009 1773 4079 εὐαγ-

188 4086 470 4158 γελιστὴς,
503 4087 640 4143 ἀλλὰ
665 4091 758 4143 καὶ
778 4090 1217 4162 ἐκτενέστερον,
1241 4095 1377 4149 ἀλλὰ
1404 4099 1496 4151 καλ⁵
1528 4098 1630 4165 δὶς,
1678 4102 1774 4154 καὶ

189 4177 302 4247 τρὶς
326 4179 431 4249 τὴν
463 4179 630 4251 εὐχὴν
662 4180 741 4252 τῷ
770 4182 944 4256 Πατρὶ
973 4185 1259 4257 προσάγει.
1291 4187 1395 4241 Τοῦ
1418 4185 1509 4243 οὖν
1534 4190 1771 4258 Παύλου,

191 4267 393 4336 μᾶλλον
426 4270 486 4323 δὲ
512 4270 676 4325 πάλιν
694 4272 839 4343 λέγω
860 4274 955 4328 τοῦ
975 4276 1232 4347 Χριστοῦ,
1267 4277 1362 4332 τοῦ
1412 4283 1470 4334 ὲν
1524 4281 1672 4354 αὐτῷ
1702 4281 1781 4355 τῷ

1872 3172 2020 3227 illam
2049 3191 2062 3225 :
2096 3168 2281 3234 Pater,
2309 3176 2541 3222 transeat
2568 3185 2601 3221 a
2631 3182 2713 3221 me
2751 3165 2895 3221 satia:
2917 3166 3014 3219 iste
3035 3163 3102 3230 ⁸⁵,
3130 3177 3238 3218 non
3264 3162 3319 3217 in
3348 3161 3447 3233 by-

1873 3263 2096 3336 pocrisi,
2121 3276 2233 3317 non
2263 3268 2322 3315 ut
2350 3258 2610 3315 Satanam
2635 3260 2906 3317 inescaret
2937 3266 2991 3312 ct
3014 3255 3306 3324 deciperet,
3338 3267 3444 3307 non

1871 3355 2016 3426 quod
2053 3354 2243 3410 mundi
2287 3352 2624 3411 voluntatem
2671 3359 2733 3407 ut
2782 3349 3058 3421 propriam
3085 3346 3320 3412 efferret,
3350 3344 3446 3400 sed

1873 3463 1941 3503 ex
1983 3445 2219 3517 propria.
2249 3458 2483 3515 persona
2531 3441 2805 3506 Christus,
2836 3456 2932 3511 per
2964 3434 3446 3509 dispensationem,

1878 3546 2070 3609 sponte
2092 3545 2363 3608 precatur,
2399 3549 2524 3591 cum
2560 3533 2820 3598 clamore,
2862 3545 2986 3587 cum
3016 3527 3294 3601 lacrymis,
3319 3540 3446 3582 cum

1877 3631 2078 3688 sudore
2119 3638 2174 3685 et
2217 3637 2368 3700 gutta
2424 3624 2729 3698 sanguinis,
2757 3621 3102 3687 confortante
3146 3617 3360 3689 angelo,
3393 3625 3449 3670 et

1876 3725 2036 3797 quasi
2058 3720 2379 3779 consolante
2424 3719 2601 3784 illum,
2630 3716 2844 3772 etiamsi
2879 3729 3008 3769 vere
3035 3711 3204 3767 Filius
3238 3709 3330 3764 Dei
3358 3722 3448 3763 es-

1878 3812 2114 3873 set.‘Sed
2154 3812 2318 3870 etiam
2367 3810 2540 3880 factus
2573 3808 2628 3862 in
2658 3806 2848 3878 agonia
2884 3803 3238 3874 precabatur,
3273 3808 3335 3854 ut
3372 3799 3450 3852 ait

1876 3905 2206 3977 evangelista
2230 3904 2299 3969 ",
2327 3902 2441 3957 imo
2460 3913 2590 3956 vero
2624 3897 2906 3969 prolixius.
2936 3904 2992 3951 et
3028 3907 3201 3964 usque
3225 3890 3310 3947 bis
3337 3899 3448 3946 ter-

1878 4016 1986 4075 que
2015 3998 2322 4057 orationem
2359 3994 2506 4052 Patri
2539 3992 2720 4049 offert.
2754 3990 2922 4045 Paulo
2966 3988 3169 4059 itaque,
3201 3984 3314 4039 imo
3347 3996 3448 4054 po.

1879 4097 1991 4152 tius
2016 4096 2137 4165 ipso
2161 4091 2380 4147 Christo
2412 4088 2506 4158 qui
2534 4087 2587 4141 in
2619 4083 2791 4140 Paulo
2815 4080 3160 4153 loquebatur,
3179 4091 3298 4131 eam
3322 4088 3452 4131 ora-

1881 4187 2085 4242 tionem
2122 4180 2192 4237 ad
2231 4196 2289 4236 se
2326 4178 2635 4235 referente:
2667 4174 2792 4245 quis
2817 4171 3029 4243 estqui
3051 4185 3114 4224 ea
3145 4168 3451 4224 adulterare

1883 4275 2200 4349 possitquae
2234 4272 2349 4342 ipse
2368 4269 2621 4325 Christus
2637 4266 2707 4322 de
2728 4280 2787 4321 se
2809 4261 3132 4318 testificatus
3156 4260 3278 4314 est!

189 4361 389 4434 Παύλῳ
435 4361 747 4429 λαλοῦντος,
779 4366 861 4429 εἰς
912 4369 1102 4424 ἑαυτὸν
1143 4369 1506 4442 ἀναφέροντος
1555 4347 1654 4447 τὴν
1703 4347 1960 4441 τοιαύτην
2004 4364 2311 4439 προσευχήν
2342 4377 2357 4393 ⁸
2429 4359 2515 4422 τίς
2579 4361 2726 4412 ἐστιν
2766 4359 2819 4409 όΔ
2849 4350 3228 4425 παραχαράξαι
3289 4347 3452 4403 δυνάο

193 4470 382 4524 μενοςν
437 4452 476 4508 ἃ
530 4455 693 4520 αὔτδς
735 4457 764 4509 ὁ
804 4457 1040 4528 Χριστὸς
1101 4458 1230 4532 περὶ
1270 4460 1464 4514 ἑαυτοῦ
1524 4462 1931 4535 ὲμαρτύρησενς
2736 4474 2742 4481 κ

249 4548 350 4616 Μὴ
398 4549 799 4619 ἀποστρέψῃς
846 4550 911 4604 τὸ
969 4553 1292 4622 πρόσωπόν
1341 4570 1457 4610 σου
1505 4533 1648 4610 ἀπὸ⁷
1669 4533 1774 4611 τοῦ

1954 4550 2042 4606 18.
2067 4547 2147 4603 Ne
2173 4552 2380 4601 avertas
2403 4541 2592 4612 {aciem
2614 4548 2756 4594 tuam
2776 4551 2981 4607 apuero
3014 4546 3122 4589 tuo.
3147 4534 3284 4603 Quia
3306 4533 3452 4592 Deus

192 4640 405 4707 παιδός
434 4656 572 4695 σου.
622 4640 840 4712 Ἐπειδὴ
892 4643 1265 4715 ἀποστραφεὶς
1323 4640 1392 4718 ἦν
1430 4649 1459 4701 ό
1494 4647 1627 4713 Θεὸς
1682 4649 1778 4703 καὶ

192 4732 383 4805 Πατὴρ
409 4733 499 4786 διά
524 4734 626 4805 τὴν
662 4735 724 4787 ἒν
781 4734 953 4806 Ἀδὰμ
1000 4737 1309 4808 παράϐασιν
1358 4738 1458 4811 τὴν
1490 4739 1779 4813 ἀνθρώπου

194 4822 375 4891 φύσιν,
430 4824 624 4879 τούτου
673 4825 832 4897 χάριν
862 4826 1024 4881 πάλιν
1066 4828 1224 4882 αὑτὸν
1286 4829 1611 4902 ἐπιστρέψαι
1644 4829 1781 4900 πρὸς

193 4913 361 4986 αὑτὴν
386 4914 451 4967 τὸ
488 4914 782 4986 πρόσωπον
806 4917 1135 4988 παρακαλεῖ.

260 5008 540 5077 Πρόσχες
594 5006 671 5076 τῇ
716 5008 890 5078 ψυχῇ
906 5027 1048 5079 μου,
1090 5010 1189 5065 καὶ
1218 5012 1517 5081 λύτρωσαι
1562 5011 1778 5082 αὐτήνο

194 5100 254 5153 ὲκ
276 5099 373 5154 τοῦ
399 5102 791 5172 κατασχόντος,
842 5102 1085 5174 δηλονότι
1148 5103 1247 5158 τοῦ
1285 5105 1532 5160 θανάτου.
1560 5106 1782 5161 Ἕνεκα

195 5193 310 5248 τῶν
333 5193 572 5265 ἐχθρῶν
614 5211 737 5264 μου
781 5195 974 5263 ῥῦσαί
1030 5213 1129 5266 με.
1192 5196 1284 5262 Ἐξ
1324 5192 1392 5271 ἦς
1433 5196 1781 5269 πεπόνθαμεν

194 5285 406 5350 ἀδικίας
432 5285 586 5357 παρά
620 5285 733 5340 τῶν
761 5287 970 5359 νοητῶν
1020 5287 1252 5362 ἐχθρῶν,
1295 5290 1402 5344 ἀπὸ
1443 5289 1644 5361 ταύτης
1685 5290 1803 5348 ἔπι

195 5378 280 5434 τὸν
307 5380 458 5437 ἔλεον
483 5380 577 5449 τὸν
599 5380 870 5453 ἡμέτερον
897 5380 1148 5453 διεγείρει
1174 5381 1265 5434 τὸν
1290 5382 1532 5453 Πατέρα.

262 5471 346 5526 Σὺ
378 5470 489 5541 γὰρ
522 5470 839 5543 γινώσκεις
876 5472 983 5525 τὸν
1014 5471 1356 5541 ὀνειδισμόν
1388 5491 1529 5541 μου.
1555 5473 1780 5543 Ὅμοιον

197 5560 271 5631 τῷ
314 5562 616 5633 είρημένῳ·
663 5562 785 5616 Ὅτι
839 5561 1051 5617 ἕνεκέν
1086 5577 1202 5617 σου
1252 5561 1564 5631 ὑπήνεγκα
1624 5564 1778 5617 ὀνει-

1875 4655 1929 4700 et
1951 4642 2132 4705 Pater,
2168 4644 2389 4710 propter
2412 4633 2544 4688 Adae
2585 4628 3113 4702 transgressionem,
3151 4629 3448 4685 humanam

1877 4745 2128 4793 naturam
2155 4728 2532 4793 aversabatur,
2552 4725 2858 4796 rideo'rogat
2877 4731 2935 4779 ut
2953 4731 3235 4780 convertat
3256 4721 3450 4777 faciem

1879 4843 2033 4886 suam
2063 4826 2131 4881 ad
2160 4838 2323 4881 eam..

1949 5006 2037 5062 19.
2070 5003 2291 5063 Intende
2323 5002 2515 5056 anima:
2541 5016 2668 5055 mea:
2690 5010 2739 5055 et
2762 4998 2931 5053 libera
2959 5013 3097 5062 eam,
3124 5011 3152 5049 a
3179 5002 3354 5050 morte
3374 4993 3436 5048 vi-

1883 5097 2424 5165 delicet'occupante.
2471 5092 2694 5161 Propter
2733 5091 2973 5145 inimicos
3013 5101 3150 5141 meos
3181 5086 3321 5153 eripe
3351 5099 3443 5141 me.

1885 5191 1959 5245 Ex
1993 5188 2195 5259 injuria
2237 5186 2396 5241 nobis
2424 5201 2519 5257 per
2546 5183 2800 5239 inimicos
2833 5179 3145 5251 spirituales
3184 5177 3354 5240 illata,
3386 5174 3456 5233 ad

1884 5276 2318 5337 misericordiam
2348 5275 2521 5332 nostri
2554 5274 2768 5329 Patrem
2800 5269 3020 5326 excitat.

1956 5462 2152 5519 20—22.
2217 5459 2295 5514 Tu
2339 5459 2444 5512 scis
2492 5453 2860 5522 improperium
2904 5465 3095 5505 meum.
3147 5446 3335 5503 Simile
3372 5452 3457 5500 est

1882 5553 2029 5610 dicto
2051 5552 2129 5608 illi
2151 5569 2163 5605 :
2191 5548 2459 5617 Quoniam
2482 5551 2694 5613 propter
2718 5551 2765 5596 te
2781 5540 3011 5596 sustinui
3034 5535 3369 5609 opprobrium
3384 5534 3455 5589 ⁸⁸.

273 5720 317 5753 ⁸¹
351 5719 530 5777 Galat.
562 5736 636 5789 Iv,
671 5720 726 5778 5.
800 5721 845 5754 ⁸³
873 5720 1037 5778 Hebr.
1064 5738 1117 5788 v,
1184 5719 1237 5775 7'.
1307 5720 1352 5753 ”
1376 5717 1566 5775 Matth.
1605 5733 1753 5786 xxvi,

1959 5716 2003 5750 ⁸⁸
2034 5714 2165 5771 Luc.
2193 5728 2329 5778 xm,
2358 5708 2443 5765 45.
2527 5708 2571 5741 ⁸⁸
2604 5704 2758 5761 Vcrs.
2803 5703 2855 5759 8.
