3786 6278
165 310 271 365 313

1239 308 1605 366 EXPOSITIO
1638 308 1706 363 IN
1745 308 2073 370 PSALMUM
2114 315 2300 371 LXIX.

3313 342 3416 398 3H

164 424 359 480 αὐτοῦ
411 426 529 480 οὐκ
556 425 950 491 ἐξουδένωσε.
991 425 1254 501 Διέρρηξε
1289 428 1401 500 γὰρ
1441 428 1657 483 πάντων
1688 426 1738 480 τέ

1870 430 1974 486 ait:
2008 431 2076 485 Et
2125 436 2323 491 uinctos
2374 455 2497 494 suos
2547 457 2652 497 non
2698 444 2955 514 despexit.
2997 445 3231 522 Diripuit
3272 458 3418 512 enim

165 514 366 586 δεσμὰ,
403 516 651 589 εἰρηκὼς
687 518 804 585 τοῖς
855 518 926 572 ἐν
965 517 1230 589 δεσμοῖς,
1292 519 1611 585 Ἐξέλθετε·
1660 521 1758 575 καὶ

168 607 287 673 τοῖς
329 608 414 661 ἐν
465 608 554 673 τῷ
594 610 797 664 σκότει
818 651 833 676 ,
883 611 1389 680 Ἀνακαλύφθητε.
1448 612 1561 667 Καὶ
1618 612 1760 679 τοὺς

168 698 639 769 πεπεδημένους
678 702 870 767 ,αὑτοῦ
917 706 1030 757 οὐκ
1082 702 1474 768 ἐξουδένωσε.
1536 704 1648 759 Καὶ
1697 703 1759 757 ού

165 792 462 846 διέπτυσεν
498 795 645 865 ἡμᾶς
675 794 734 848 ἐν
762 798 1067 867 συμφοραῖς
1115 796 1293 861 ὄντας,
1347 796 1529 860 καλῶς
1573 796 1629 850 δὲ
1661 798 1760 851 αύ-

167 886 288 947 τοίις
310 884 742 956 πεπεδημένους
778 882 899 940 εἷπε
933 886 998 941 δι’
1021 882 1095 941 ὧν
1146 887 1382 959 ἔπασχον
1406 887 1597 942 ταῦτα.

228 975 684 1031 Αενεσάτωσαν
710 962 898 1031 αὐτὸν
926 980 981 1032 οἱ
1007 979 1253 1046 οὐρανοὶ
1304 979 1403 1033 και
1455 980 1495 1048 ἠ
1556 979 1654 1049 m’.
1696 980 1762 1034 Et

169 1066 306 1136 χαρὰ
358 1066 589 1134 γίνεται
633 1068 692 1122 ὲν
742 1068 958 1140 οὐρανῷ
1012 1070 1105 1124 ἐπὶ
1132 1062 1237 1125 ⁴εἰνὶ.
1269 1070 1573 1142 ἁμαρτωλῷ
1603 1088 1763 1142 μετα-

169 1155 403 1217 νοοῦντι,
448 1155 638 1227 πολλῷ
663 1157 825 1212 πλέον
854 1159 1186 1231 χαρήσονται
1210 1161 1503 1232 συμπάσης
1552 1160 1763 1214 ἐλευθε-

170 1247 447 1318 ρωθείσης
476 1248 581 1318 τῆς
608 1249 732 1319 γῆς.
793 1251 858 1304 Εἰ
907 1251 964 1305 δὲ
1008 1252 1234 1323 οὐρανὸς
1280 1252 1373 1306 ἐπὶ
1426 1254 1493 1323 τῇ
1535 1251 1642 1304 τῶν
1669 1253 1762 1305 ἀν-

168 1337 407 1407 θρώπων
440 1340 633 1411 χαίρει
686 1342 966 1414 σωτηρίᾳ,
1010 1344 1106 1396 καὶ
1135 1345 1275 1397 αἰνεῖ
1311 1343 1403 1397 ἐπὶ
1438 1342 1612 1414 τούτῳ
1670 1342 1760 1395 τὸν

169 1429 319 1484 Θεάν·
354 1432 553 1503 πολλῷ
591 1433 788 1504 μᾶλλον
822 1435 917 1488 καὶ
957 1435 1110 1489 αὐτοὶ
1135 1436 1183 1489 οἱ
1234 1433 1496 1498 σωθέντες
1521 1436 1613 1488 ἐπὶ
1661 1435 1761 1505 τῆς

168 1523 264 1592 γῆς
284 1523 580 1577 αἰνέσουσι
601 1526 694 1578 τὸν
724 1525 994 1580 σώσαντα·
1017 1525 1096 1580 διὸ
1121 1525 1450 1598 προσέθηκε’
1470 1524 1760 1599 Θάλασσα

172 1614 257 1667 καί
281 1615 503 1668 πάντα
548 1616 625 1669 τὰ
658 1616 920 1684 ἕρποντα
967 1618 1038 1671 ἐν
1081 1617 1304 1683 αὐτοῖς.
1358 1616 1528 1671 Τοῦτό
1573 1634 1756 1690 φησιν,

166 1707 349 1778 ἐπειδὴ
377 1707 488 1761 καὶ
522 1708 581 1760 ἐν
617 1711 740 1772 ταῖς
776 1709 962 1778 νήσοις
991 1708 1215 1779 ἔμελλον
1242 1709 1305 1763 τὸ
1346 1711 1608 1782 σωτήριον
1663 1709 1758 1763 τοῦ

168 1797 297 1851 Θεοῦ
328 1769 770 1871 ἐταραδὲχεσθαι.
804 1769 879 1854 ’ἐὺ
906 1769 985 1866 et,
1014 1769 1087 1854 er
1109 1799 1334 1869 αὐτοῖς,
1367 1769 1569 1855 καὶηὲν
1592 1802 1661 1872 τῇ
1686 1802 1756 1871 γῇ
1790 1769 1831 1827 Β

167 1888 254 1946 καὶ
282 1890 345 1939 ἐν
488 1887 755 1960 θαλάσσῃ.

230 1976 367 2029 Ὀτι
416 1977 455 2029 ό
511 1975 658 2042 Θεὸς
704 1975 891 2030 σώσει
920 1977 1035 2043 τὴν
1073 1976 1247 2040 Σιὼν,
1289 1977 1387 2031 καί
1446 1976 1759 2046 οἰκοδομη-

166 2069 469 2138 Oricos-tat
515 2071 578 2122 ai
642 2070 853 2134 πόλεις
915 2066 1025 2136 τῆς
1065 2068 1369 2135 Ἰουδαίας.
1418 2070 1551 2122 Τίνα
1597 2070 1760 2141 φησὶν

164 2158 297 2213 ε’ναι
322 2159 435 2230 τὴν
489 2157 693 2229 Σιὼνῆ
733 2160 833 2229 τὴν
858 2158 1020 2227 ἁγίαν
1059 2158 1404 2229 Ἐκκλησίαν,
1442 2152 1510 2229 ἦς
1556 2159 1650 2211 καὶ
1704 2158 1759 2211 αἰ

166 2252 347 2315 nam;
379 2248 844 2322 ᾠκοδομήθησαν,
874 2250 929 2303 αἰ
956 2248 1371 2322 διεγηγερμέναι
1395 2248 1632 2320 δηλονότι
1652 2248 1760 2301 τῶν

165 2339 479 2409 ἀνθρώπων
516 2336 726 2408 ibo/ai;
769 2335 1037 2390 Πεσοῦσαι
1079 2338 1187 2409 γὰρ
1244 2333 1385 2409 ἦσαν
1417 2338 1504 2391 ὅτε
1531 2336 1760 2407 ἠγνόουν

164 2431 251 2484 τὸν
274 2430 446 2483 Θεόν.
488 2422 660 2482 Ausa:
687 2428 746 2481 δέ
790 2430 927 2481 εἰσιν
965 2430 1019 2480 αἱ
1048 2428 1136 2481 διὰ
1176 2428 1276 2500 τῆς
1321 2427 1760 2499 ὲξομολογήσεως

166 2518 577 2592 ἀπγερθεῖσαι.
660 2516 891 2571 Ἰουδαία
956 2517 1064 2590 γὰρ
1135 2510 1519 2590 ἐξομολόγησις
1586 2516 1760 2589 ἑρμη-

166 2627 404 2663 νευεται.

229 2702 344 2756 Καὶ
385 2698 876 2769 κατοικήσουσιν
902 2698 1045 2764 ἐκεῖ,
1068 2698 1165 2751 καί
1194 2696 1761 2767 κληρονομήσουσιν

165 2791 378 2857 αὐτήν.
438 2791 504 2842 0i
560 2788 676 2853 νῦν,
711 2789 894 2859 φησὶν,
952 2787 1309 2859 αἰχμάλωτοι,
1342 2788 1439 2859 τῆς
1500 2786 1756 2841 ἐπανόδου

164 2882 447 2951 τυχόντες,
489 2880 586 2933 καὶ
616 2878 715 2941 τὰς
740 2877 944 2940 οἰκείας
981 2876 1392 2948 οἰκοδομήσουσι
1426 2876 1629 2941 πόλεις,
1664 2876 1758 2931 καὶ

165 2976 599 3045 κατοικήσουσιν
627 2960 819 3034 αὑτάς.
848 2970 963 3023 Οὐκ
989 2969 1144 3022 αὐτοὶ
1196 2968 1253 3022 δὲ
1286 2968 1456 3040 μόνοι,
1485 2967 1622 3022 ἀλλα
1661 2967 1758 3021 καὶ

1858 524 2103 580 omnium
2148 527 2367 585 vincula
2416 547 2541 588 cum
2591 535 2731 591 dixit
2774 538 2842 595 iis
2891 544 2982 609 qui
3037 546 3199 601 vincti
3272 564 3417 609 sunt.

1862 614 2017 672 Exite
2111 629 2160 674 et
2209 622 2275 676 iis
2331 625 2423 693 qui
2467 628 2525 680 in
2567 629 2831 695 tenebris,
2886 633 3211 693 Reuelamini
3244 642 3315 694 ⁸⁸.
3348 641 3416 697 Et

1848 709 2058 764 .uinctos
2103 728 2228 766 suos
2266 730 2369 769 non
2404 717 2661 787 despexit.
2714 722 2781 777 Et
2822 740 2929 781 non
2977 733 3185 798 respuit
3232 749 3331 790 nos
3365 736 3417 789 in

1860 802 2256 861 calamitatibus
2297 810 2655 880 constitutos;
2678 813 2802 884 jure
2848 828 3026 875 autem
3071 839 3166 879 eos
3209 826 3419 882 vinctos

1859 894 2096 963 appellat
2123 899 2266 967 quod
2298 900 2423 955 talia
2452 912 2787 972 paterentur.

1930 985 2019 1041 '55.
2065 986 2306 1044 Laudent
2346 991 2497 1047 illum
2530 996 2645 1050 caeli
2672 1004 2720 1049 et
2754 1007 2913 1051 terra.
2947 998 3002 1053 Si
3040 1001 3295 1070 gaudium
3336 1014 3420 1059 est

1860 1078 1915 1133 in
1947 1079 2085 1135 caelo
2121 1097 2284 1152 super
2313 1100 2423 1139 uno
2469 1096 2757 1156 peccatore
2797 1092 3168 1171 paenitentiam
3204 1105 3414 1167 agente,

1859 1171 2033 1226 multo
2069 1174 2240 1243 magis
2285 1177 2598 1246 gaudebunt
2633 1180 2708 1233 illi
2744 1197 2866 1236 cum
2896 1193 3040 1237 totus
3069 1187 3218 1241 orbis
3248 1199 3419 1243 terra-

1859 1279 1979 1329 rum
2033 1265 2295 1325 liberatus
2345 1268 2531 1327 fuerit.
2581 1272 2737 1339 Quod
2785 1276 2831 1330 si
2876 1277 3074 1331 coelum
3126 1281 3324 1349 gaudet
3352 1282 3420 1335 de

1860 1357 2141 1414 hominum
2177 1362 2372 1426 salute,
2404 1366 2543 1421 etde
2577 1368 2680 1423 hac
2714 1385 2772 1424 re
2797 1372 2982 1426 laudat
3013 1372 3221 1442 Deum;
3249 1375 3420 1430 multo

1859 1453 2033 1521 magis
2071 1454 2107 1507 ii
2151 1455 2250 1525 ipsi
2292 1456 2384 1526 qui
2419 1458 2648 1514 salutem
2694 1473 3102 1531 consequuntur
3150 1466 3202 1520 in
3252 1477 3418 1534 terra,

1856 1543 2156 1601 laudabunt
2199 1550 2323 1603 eum
2393 1550 2487 1621 qui
2544 1553 2772 1608 salutem
2840 1556 2983 1611 dedit
3025 1576 3043 1610 :
3091 1568 3422 1630 quapropter

1796 1689 1804 1698 ,
1857 1637 2008 1692 addit
2039 1657 2054 1693 :
2084 1639 2234 1696 Mare
2275 1655 2326 1697 et
2356 1646 2533 1698 omnia
2561 1646 2767 1715 reptitia
2798 1648 2852 1701 in
2893 1651 2988 1703 eis.
3032 1649 3148 1705 Hoc
3189 1651 3264 1705 ait
3294 1652 3418 1720 quia

1860 1726 2102 1781 futurum
2138 1741 2256 1785 erat
2289 1740 2349 1786 ut
2381 1734 2542 1789 etiam
2585 1734 2637 1789 in
2676 1736 2870 1791 insulis
2915 1740 3248 1808 reciperetur
3276 1741 3423 1795 salu-

1860 1827 1975 1873 tare
2008 1819 2124 1876 Dei.
2157 1821 2292 1879 illud
2326 1835 2530 1892 autem,
2568 1829 2623 1884 in
2657 1830 2753 1893 eis,
2784 1830 2834 1885 id
2874 1839 2959 1887 est
2988 1831 3041 1885 in
3083 1840 3230 1887 terra
3271 1840 3326 1888 et
3366 1833 3421 1887 in

1820 1914 1829 1923 ‘
1859 1912 2021 1966 mari.

1928 2005 2016 2061 56.
2066 2004 2327 2071 Quoniam
2367 2009 2509 2064 Deus
2547 2012 2748 2065 salvam
2782 2012 2942 2081 faciet
2981 2012 3136 2079 Sion,
3171 2025 3218 2069 et
3246 2016 3422 2085 (edi/i-

1858 2095 2118 2148 cabuntur
2158 2097 2393 2152 civitates
2424 2098 2590 2152 Juda.
2627 2099 2800 2166 Quam
2837 2117 2959 2157 esse
3000 2104 3075 2157 ait
3117 2102 3271 2170 Sion,
3316 2106 3421 2160 nisi

1856 2194 2101 2240 sanctam
2136 2185 2454 2251 Ecclesiam,
2488 2190 2645 2258 cujus
2679 2191 2927 2247 civitates
2959 2193 3238 2249 tedilieataa
3271 2200 3420 2258 sunt,

1856 2277 2106 2330 excitatae
2159 2277 2366 2332 scilicet
2433 2279 2717 2334 hominum
2788 2283 3042 2337 animae?
3103 2284 3421 2340 Ceciderant

1857 2366 2001 2419 enim
2047 2367 2268 2434 quando
2325 2369 2648 2438 ignorabant
2706 2370 3020 2428 Dominum.
3073 2376 3207 2446 Ipsae
3253 2392 3421 2447 porro

1857 2471 1953 2526 per
1992 2457 2393 2512 confessionem
2441 2461 2689 2518 excitatae
2738 2471 2885 2520 sunt.
2943 2464 3127 2522 Judara
3186 2482 3420 2540 namque

1857 2547 2115 2617 confessio
2143 2548 2551 2621 interpretatur.

1926 2721 2016 2777 57.
2072 2722 2143 2776 Et
2188 2722 2560 2780 inhabitabant
2592 2728 2688 2794 ibi,
2727 2737 2777 2783 et
2812 2729 3116 2786 hareditate
3149 2735 3418 2803 nequirent

1854 2829 1994 2869 eam.
2030 2813 2266 2883 Captivi,
2307 2816 2506 2886 inquit,
2549 2819 2643 2889 qui
2690 2836 2835 2875 nunc
2892 2823 3126 2878 reditqu
3170 2825 3419 2880 obtinue-

1856 2911 2002 2968 runt,
2036 2905 2284 2974 proprias
2341 2908 2506 2963 urbes
2548 2909 2894 2965 azdilicabunt
2939 2921 2993 2967 et
3036 2912 3418 2970 inhabifabunt

1857 3007 1971 3050 eas.
1997 2992 2109 3050 Nec
2134 2994 2238 3064 ipsi
2267 2996 2390 3064 soli,
2425 2998 2520 3054 sed
2545 3007 2600 3054 et
2630 3014 2822 3057 eorum
2857 3002 2955 3057 tllii
2982 3012 3037 3058 et
3062 3013 3287 3075 nepotes
3319 3024 3336 3075 ;
3365 3006 3416 3061 id

165 3068 209 3117 οἱ
235 3065 453 3119 τούτων
507 3063 699 3127 παῖδες
736 3061 832 3116 καὶ
887 3061 939 3115 οἱ
1003 3058 1236 3130 ἔκγονοι·
1291 3061 1450 3115 τοῦτο
1493 3060 1604 3134 γὰρ
1655 3060 1738 3112 ἐπ-

1870 3086 2003 3141 enim
2030 3058 2331 3159 subjungit.

165 3158 396 3226 ἤγαγεν-

185 3175 454 3302 ὴῗίῗιντὸ
480 3246 724 3317 σπέρμα
746 3244 864 3301 τῶν
886 3244 1124 3300 δούλων
1170 3242 1355 3298 αὐτοῦ
1398 3241 1761 3308 καθέξουσιν

166 3339 388 3407 αὐτὴν,
422 3338 526 3391 καὶ
567 3340 622 3392 οὶ
680 3335 1025 3408 ἀγαπῶντες
1073 3334 1141 3389 τὸ
1180 3331 1368 3404 ὄνομά
1414 3349 1530 3388 σου
1578 3351 1758 3388 κατα-

168 3428 610 3496 σκηνώσουσιν
655 3429 726 3483 ἐν
755 3427 930 3496 αὐτῇ.
966 3426 1151 3481 Δοῦλοι
1194 3426 1291 3498 μὲν
1321 3425 1485 3479 αὑτοῦ
1531 3427 1579 3479 οἱ
1613 3424 1756 3495 ἅγιοι

167 3520 483 3582 ἀπόστολοι,
547 3519 625 3583 ὡς
696 3519 943 3585 Παῦλος,
1005 3518 1192 3582 δοῦλος
1265 3516 1437 3588 Ἰησοῦ
1497 3517 1753 3590 Χριστοῦο

172 3612 399 3682 σπέρμα
429 3610 489 3664 δὲ
525 3610 702 3673 αὐτῶν
728 3611 778 3664 οἰ
800 3610 867 3665 δι’
920 3607 1099 3665 αὐτῶν
1147 3610 1226 3672 εἰς
1251 3608 1483 3680 Χριστὸν
1534 3607 1756 3662 πιστεύ-

171 3718 387 3768 σαντες.

376 3796 485 3860 Εἰς
516 3791 709 3859 τέλος,
746 3794 1057 3848 ΨᾹΛΜΟΣ
1078 3788 1159 3857 τῷ
1186 3788 1386 3854 Δαυῒδ,
1418 3789 1548 3847 ΞΘ.

294 3884 412 3948 Εἰς
455 3882 804 3952 ἀνάμνησιν
826 3884 915 3950 εις
939 3880 1006 3937 τὸ
1043 3880 1240 3936 σῶσαι
1271 3896 1349 3951 με
1378 3880 1617 3949 Κύριον.

1048 4080 1067 4116 ι
1108 4104 1121 4116 .

170 4153 375 4207 Τοῦτον
402 4151 523 4224 ᾅδει
544 4151 636 4205 τὸν
651 4062 1267 4223 ψλμῖιῖῗιθῖτοροςσώπου
1286 4149 1385 4221 τῆς
1400 4147 1496 4203 ἀνθ
1504 4145 1753 4220 ρωπότη-

232 4260 356 4307 τος,
382 4241 645 4313 ἀξιούσης
678 4243 757 4305 εἰς
782 4240 846 4294 τὸ
878 4239 1092 4313 βοηθεῖν
1135 4242 1274 4315 αὐτῇ⁴
1294 4240 1643 4311 διαναστῆναι
1662 4237 1753 4290 τὸν

232 4336 397 4391 Θεόν.
434 4333 595 4397 Οὕτω
620 4334 730 4405 γὰρ
751 4333 1062 4388 συνέδαινεν
1094 4334 1431 4405 ὲντραπῆναι
1491 4330 1589 4403 μὲν
1628 4330 1753 4392 τοὺς

1927 3260 1998 3315 Et
2019 3277 2192 3317 semen
2219 3279 2486 3318 seruorum
2507 3266 2622 3335 ejus
2644 3267 2929 3338 possidebit
2950 3286 3088 3338 eam,
3110 3282 3160 3327 et
3176 3275 3270 3345 qui
3291 3275 3416 3330 dili-

1855 3362 1982 3422 gunt
2004 3369 2190 3407 nomen
2225 3353 2337 3422 ejus
2375 3355 2687 3412 habitabant
2717 3360 2772 3413 in
2819 3376 2901 3417 ea.
2948 3359 3098 3417 Servi
3137 3364 3255 3434 ejus
3292 3375 3412 3421 sunt

1857 3445 2030 3500 sancti
2075 3446 2329 3514 apostoli,
2363 3455 2423 3501 ut
2469 3446 2692 3514 Paulus,
2743 3464 2936 3507 servus
2992 3451 3116 3507 lesu
3171 3455 3416 3513 Christi:

1855 3550 2036 3590 semen
2064 3545 2245 3590 autem
2269 3551 2460 3592 eorum
2487 3548 2617 3601 sunt
2643 3540 2682 3595 ii
2708 3541 2803 3611 qui
2833 3556 2930 3612 per
2956 3542 3107 3614 ipsos
3161 3545 3220 3600 in
3252 3550 3416 3604 Chri-

1855 3636 2001 3681 stum
2028 3629 2392 3706 crediderunt.

2051 3789 2118 3843 In
2160 3791 2337 3861 ﬁnem,
2391 3789 2730 3850 PSALMUS
2775 3793 2971 3863 David,
3014 3794 3221 3854 LXIX.

1960 3886 2014 3941 1.
2056 3886 2120 3942 In
2162 3892 2644 3946 rememorationem
2688 3893 2828 3964 quod
2869 3895 3073 3950 salvum
3120 3897 3300 3968 fecerit

2439 4000 2520 4037 me
2547 3983 2827 4041 Dominus.

2432 4076 2835 4148 Argumentum.

1856 4156 2012 4215 llunc
2040 4161 2189 4216 canit
2213 4163 2483 4232 psalmum
2518 4183 2585 4221 ex
2616 4183 2850 4238 persona
2892 4169 3145 4225 humana:
3185 4180 3414 4237 naturae,

1923 4252 2164 4320 rogantis
2202 4251 2366 4307 Deum
2403 4264 2462 4308 ut
2493 4265 2745 4327 exsurgal
2776 4257 2843 4311 ad
2877 4260 3139 4314 auxilium
3183 4260 3306 4330 ipsi.
3340 4261 3416 4316 ita

1923 4342 2069 4397 enim
2133 4344 2358 4414 contigit
2418 4346 2625 4415 pudore
2690 4347 2829 4402 allici
2884 4348 3228 4405 adversarios
3297 4342 3417 4425 ejus

233 4428 651 4497 ἀντικειμένους
686 4426 826 4501 αὐτῇ
867 4424 1156 4496 πολεμίους
1193 4425 1471 4496 δαίμονας,
1520 4423 1738 4493 εὐφραν-

1922 4432 2196 4490 daemones
2239 4439 2307 4491 ad
2346 4437 2545 4493 bellum
2606 4439 2901 4496 instructos
2940 4460 2956 4510 ;
3010 4442 3182 4498 laetari
3230 4423 3415 4502 autem

236 4520 399 4592 θῆναι
418 4520 479 4574 δὲ
496 4520 621 4583 τοὺς
648 4519 764 4572 ὅσοι
794 4518 1073 4590 χαίρουσιν
1096 4518 1189 4571 ἐπὶ
1211 4521 1277 4589 τῇ
1301 4516 1543 4589 σωτηρίᾳ
1563 4515 1751 4585 αὐτῆς.

244 4613 313 4667 '0
337 4611 507 4676 Θεὸς,
527 4614 615 4677 εἰς
642 4609 759 4679 τὴν
778 4608 1073 4677 βοήθειάν
1095 4627 1216 4678 μου
1243 4609 1529 4678 πρόσχες,
1548 4624 1603 4661 κ.
1626 4624 1678 4661 τ.
1698 4605 1747 4659 λ.

241 4700 761 4772 Αἰσχυνθήτωσαν
816 4700 915 4755 καὶ
965 4699 1448 4769 ἐντραπήτωσαν.
1509 4698 1752 4770 Διαμαρ-

168 4810 334 4860 τοιεν,
371 4793 558 4863 φησιν,
581 4792 632 4846 oi
660 4793 761 4864 τῆς
802 4792 942 4867 ἐμῆς
965 4791 1183 4863 σφαγῆς
1209 4791 1504 4863 ἐφιέμενοι,
1530 4792 1625 4845 καὶ
1651 4789 1751 4862 τὴν

168 4885 420 4939 ἐντεῦθεν
450 4882 712 4955 αἰσχύνην
745 4881 1149 4954 καρπώσαιντο.

247 4973 833 5043 Ἀποστραφήτωσαν
842 4977 1007 5041 sig-td
1028 4974 1242 5039 ὀπίσω,
1256 4991 1369 5028 κ.τ.
1386 4973 1437 5028 λ.
1452 4974 1564 5029 Καὶ
1585 4973 1746 5028 πάλιν

171 5068 448 5135 κάνταῦθα
476 5069 537 5121 ἐν
567 5070 681 5130 τοῖς
703 5067 936 5140 παροῦσι
973 5068 1178 5138 στίχοις
1201 5068 1475 5140 ἐπαρᾶται
1511 5067 1608 5139 μὲν
1633 5069 1748 5130 τοῖς

172 5161 329 5213 αὐτὸν
361 5158 798 5223 ἐπιϐουλεύουσι,
832 5160 927 5213 καὶ
966 5159 1208 5214 θέλουσιν
1236 5160 1395 5215 αὐτὸν
1423 5159 1611 5223 κακῶς
1642 5177 1746 5213 πα-

173 5251 297 5305 Θείν·
333 5251 435 5305 καὶ
474 5250 630 5319 λέγει
654 5251 790 5322 πρὸς
821 5252 1034 5318 αὐτούς·
1067 5253 1135 5306 υἰ
1179 5256 1291 5317 τοῖς
1347 5254 1501 5325 ἐμοῖς
1555 5255 1747 5316 κακοῖς

173 5343 491 5415 meeum;
513 5344 810 5416 τράποιντο
851 5346 931 5410 εἰς
961 5345 1139 5416 φυγὴν
1170 5344 1309 5417 μετὰ
1336 5344 1617 5417 αἰσχύνης,
1647 5345 1744 5416 τὴν

174 5437 308 5507 ἐμὴν
340 5435 578 5507 ὁρῶντες
603 5435 934 5508 μεταϐολήν..
962 5420 1552 5506 ’πποστραςρήτωσαν
1598 5450 1747 5505 etap-

174 5527 384 5581 αυτίκα
435 5528 881 5597 αἰσχυνόμενοι.
912 5529 974 5582 Οἰ
1001 5528 1093 5583 ἐπὶ
1112 5526 1191 5598 τῷ
1207 5526 1483 5598 γενομένῳ
1512 5543 1603 5599 μοι
1636 5527 1741 5580 πά-

1919 4537 2014 4579 eos
2043 4525 2134 4595 qui
2159 4527 2394 4595 gaudent
2415 4528 2481 4583 de
2502 4529 2678 4584 salute
2702 4531 2895 4600 ipsius.

1919 4613 1976 4668 2.
2013 4613 2177 4682 Deus,
2200 4616 2255 4670 in
2284 4616 2612 4686 adjutorium
2645 4637 2815 4676 meum
2838 4625 3064 4691 intende,
3096 4636 3198 4683 etc.

1921 4704 1973 4759 5.
2007 4705 2418 4776 Confundantur
2439 4718 2488 4764 et
2505 4722 2860 4771 reuereantur.
2886 4713 2991 4782 Qui
3020 4733 3197 4774 meam
3228 4736 3414 4778 necem

1848 4805 2113 4866 exoptant
2149 4801 2428 4870 proposito
2460 4802 2745 4873 .labantur,
2788 4815 2950 4878 atque
2996 4808 3125 4865 hinc
3153 4812 3411 4880 pudorem

1849 4899 2277 4956 consequamur.

1916 4976 2333 5048 4.;Avertantur
2361 4993 2653 5039 retrorsum
2691 4996 2741 5041 et
2783 4988 3109 5056 erubescant,
3136 4999 3239 5045 etc.
3270 4990 3415 5045 Rur-

1849 5083 1971 5124 sum
2009 5069 2066 5125 in
2109 5075 2472 5143 praesentibus
2509 5077 2798 5134 versiculis
2828 5089 3144 5134 exsecratur
3188 5096 3281 5135 eos
3320 5081 3414 5150 qui

1849 5158 2077 5221 insidias
2115 5164 2217 5233 ipsi
2264 5174 2480 5235 parant,
2520 5176 2576 5223 et
2615 5169 2805 5223 volunt
2846 5184 2971 5223 eum
3030 5169 3190 5225 malis
3237 5169 3412 5237 silici,

1848 5260 1902 5306 et
1934 5251 2009 5307 ait
2037 5253 2179 5310 illis:
2209 5253 2310 5322 Qui
2336 5257 2401 5312 de
2427 5257 2586 5313 malis
2614 5258 2751 5313 meis
2776 5259 3014 5329 gaudent
3041 5269 3323 5316 vertantur
3357 5262 3414 5318 in

1848 5344 2032 5416 fugam
2063 5363 2187 5404 cum
2204 5338 2434 5421 p'udore,
2452 5359 2734 5406 cernentes
2762 5349 3193 5407 immutationem
3213 5367 3409 5407 meam.

1850 5439 2174 5496 Averlantur
2208 5426 2386 5498 statim
2436 5445 2810 5498 erubescentes.
2856 5442 2962 5512 Qui
3008 5444 3075 5501 de
3115 5461 3236 5504 mea
3282 5445 3410 5505 olim

1846 5532 2091 5600 pernicie
2108 5542 2165 5592 et
2191 5535 2259 5592 de
2286 5535 2575 5597 maledicto
2604 5537 2796 5599 mortis
2823 5536 3149 5612 gaudebant.

177 5621 259 5675 λαι
288 5622 543 5693 πτώματι
592 5624 683 5679 διὰ
731 5626 830 5699 τὴν
857 5627 955 5687 τοῦ,
986 5626 1215 5682 θανάτου
1260 5624 1503 5697 κατάραν
1550 5626 1929 5697 ὲπιχαρέντες.

239 5718 287 5754 υ
326 5719 433 5775 ιη.
466 5735 616 5786 xm,
646 5720 701 5776 9.
