3786 6278
343 259 453 318 M5

1178 256 1235 313 S.
1278 254 1653 313 ATHANASII
1689 252 1839 311 OPP.
1873 251 2056 309 PARS
2093 253 2180 308 lli.
2210 285 2280 296 —
2309 253 2715 311 EXEGETICA.

3474 258 3615 313 316

414 377 469 433 6.
510 372 623 446 Ego
664 383 840 428 autem
888 372 1153 427 mendicus
1204 389 1322 427 sum
1372 383 1420 427 et
1476 389 1690 443 pauper.
1741 370 1951 438 Quasil

2096 370 2234 440 Ἐγὼ
2256 368 2324 423 δὲ
2351 370 2585 438 πτωχός
2604 370 2721 437 ειμι
2756 366 2853 421 καί
2894 364 3100 435 πένης.
3150 367 3293 421 Ἀντὶ
3318 366 3431 431 τοῦ,
3469 370 3617 441 Τῆς

346 465 492 519 dicat
522 461 777 517 :Justitia
802 475 989 516 eorum
1019 462 1114 530 qui
1148 462 1302 530 prius
1327 464 1613 517 memorati
1640 471 1769 517 sunt
1800 462 1912 531 pti-

347 564 506 609 vatus
531 568 675 616 sum,
724 566 789 607 ac
811 552 866 606 in
892 560 1206 621 paupertate
1236 552 1448 622 vivens,
1477 552 1787 607 divitiarum
1814 553 1911 622 ju-

350 644 513 701 stitim
535 659 730 714 expers
757 659 879 698 sum
909 662 923 697 :
959 650 1287 713 quapropter
1302 651 1454 699 tuum
1496 645 1726 715 imploro
1752 644 1909 699 auxi-

350 738 508 791 lium.
538 735 768 805 Adjutor
797 751 940 789 meus
966 746 1015 790 et
1046 735 1300 791 liberator
1319 753 1461 791 meus
1490 753 1543 791 es
1566 748 1646 804 tu,
1670 737 1912 805 Domine,

350 843 414 881 ne
449 825 686 879 moreris.
724 822 899 879 Tuam
943 826 1088 880 enim
1139 826 1537 895 providentiam
1589 835 1915 883 consecutus

353 934 495 973 sum.
530 915 738 971 Exaudi
771 932 935 986 quam
969 917 1256 983 citissime,
1291 926 1346 973 et
1368 932 1437 973 ne
1469 916 1689 974 diﬁeras
1721 927 1915 989 postu-

354 1011 522 1065 latum
555 1009 874 1064 concedere.

358 1102 408 1156 l.
453 1099 695 1155 PSALM
704 1098 791 1154 US
810 1099 1022 1166 Davidi,
1048 1100 1104 1153 in
1122 1099 1302 1169 ﬁnem,
1334 1100 1569 1170 filiorum
1593 1099 1839 1155 Ionadab
1868 1111 1921 1157 et

422 1193 658 1263 priorum
684 1193 1033 1260 captivorum.
1065 1190 1223 1247 Caret
1257 1194 1600 1263 inscriptione
1635 1194 1777 1264 apud
1807 1192 1919 1249 He-

427 1283 617 1338 brazos.
648 1281 822 1336 LXX.

943 1375 1337 1445 Argumentum.

356 1460 755 1532 FiliiJonadab
790 1463 891 1517 viri
917 1461 1067 1519 fuere
1101 1464 1175 1532 pii
1197 1463 1425 1534 ctjusti,
1460 1463 1553 1532 qui
1587 1449 1761 1533 patris
1782 1479 1922 1533 prte-

428 1562 582 1622 cepla
630 1566 881 1609 accurate
921 1554 1234 1619 servabant,
1283 1564 1445 1624 atque
1482 1555 1559 1609 ita
1597 1555 1835 1626 religiosi
1870 1563 1925 1610 ct

432 1643 677 1698 moribus
708 1645 1001 1708 mansueti,
1034 1653 1094 1699 ut
1130 1660 1319 1700 eorum
1358 1646 1573 1701 virtutis
1618 1646 1772 1701 testis
1809 1645 1925 1716 ipse

429 1732 594 1798 Deus,
624 1736 942 1804 prophetam
978 1732 1270 1789 Ieremiam
1304 1735 1609 1805 alloquens,
1656 1711 1921 1790 fuerit—“ﬁ
1957 1711 2000 1765 Β

437 1824 636 1879 Eorum
685 1833 929 1894 tempore
967 1826 1118 1895 prior
1161 1826 1449 1895 captivitas
1480 1825 1783 1881 Jerusalem
1824 1826 1927 1880 sub

435 1917 704 1971 Chaldaeis
730 1915 852 1972 fuit.
884 1915 949 1970 Hi
981 1916 1219 1973 fortasse
1242 1932 1531 1987 personam
1574 1926 1763 1987 gerant
1795 1932 1928 1987 apo-

443 2010 707 2064 stolorum
743 2010 922 2077 chori,
950 2011 1044 2080 qui
1084 2011 1293 2064 naviter
1320 2009 1557 2065 cmlestis
1586 2009 1763 2065 Patris
1791 2025 1931 2079 pra:-

437 2111 588 2171 cepta
634 2102 904 2166 servavit,
946 2110 999 2157 ct
1045 2100 1298 2156 laudibus
1345 2102 1651 2156 celebratus
1706 2112 1792 2155 est
1833 2116 1931 2171 per

436 2192 799 2247 beatitudines
829 2208 965 2262 quas
998 2191 1312 2247 audierunt.
1350 2191 1612 2248 Similiter
1632 2201 1687 2247 et
1717 2202 1933 2263 aposto-

432 2287 608 2340 lorum
633 2296 874 2355 tempore
902 2285 1050 2354 prior
1088 2284 1475 2355 Hierosolyma:
1514 2287 1800 2355 captivitas
1828 2286 1934 2342 sub

437 2374 699 2433 Romanis
725 2377 942 2432 accidit.
975 2375 1399 2431 lntroducuutur
1433 2378 1616 2447 itaque
1655 2378 1760 2447 ipsi
1804 2378 1934 2432 reli-

429 2469 571 2539 giosi
601 2469 728 2532 viri,
754 2468 961 2523 scilicet
999 2468 1374 2538 apostolorum
1437 2468 1661 2533 chorus,
1700 2470 1795 2539 qui
1836 2484 1934 2539 per

442 2570 759 2631 prasentem
779 2560 1045 2630 psalmum
1065 2562 1366 2617 orationem
1385 2571 1435 2616 et
1451 2563 1746 2629 gratiarum
1765 2561 1936 2616 actio-

440 2666 693 2721 nem-pro
713 2652 906 2721 seipsis
925 2652 1032 2705 Deo
1062 2651 1319 2716 oll'erunt,
1345 2652 1492 2720 quod
1529 2666 1589 2705 se
1618 2665 1933 2721 oppressos,

441 2759 565 2799 cum
591 2760 620 2798 a
654 2745 1094 2814 persecutoribus
1140 2745 1211 2799 ob
1255 2743 1622 2812 evangelicam
1671 2741 1937 2812 praedica-

443 2837 665 2901 tionem,
698 2845 808 2889 tum
843 2851 871 2888 ιι
896 2836 1271 2906 spiritualibus
1292 2832 1705 2888 insidiatoribus
1730 2832 1935 2886 daemo-r

441 2929 625 2992 nibus,
661 2927 926 2982 liberarii.
957 2926 1289 2996 lusuperque
1318 2925 1642 2995 promittunt
1676 2939 1735 2978 se
1768 2925 1938 2978 sacri-

2012 462 2119 515 τῶν
2144 461 2557 533 προειρημένων
2597 458 2944 530 δικαιοσύνης
2972 459 3291 531 ἐστέρημαι,
3326 460 3419 513 καὶ
3445 477 3623 514 πτω-

2014 551 2106 624 χίᾳ
2140 551 2334 618 συζῶν,
2381 552 2483 622 τῆς
2529 550 2874 623 δικαιοσύνης
2903 551 3004 605 ούκ
3056 549 3164 620 ἔχω
3213 550 3304 604 τὺν
3334 550 3615 606 πλοῦτον·

2014 642 2095 696 διδ
2114 643 2212 713 τῆς
2242 644 2341 715 σῆς
2371 643 2690 716 ἐπικουρίας
2720 642 2947 697 ίκετεύω
2982 645 3184 713 τυχεῖν.
3214 645 3441 711 Βοηθός
3468 660 3621 714 μου

2015 734 2113 788 καὶ
2128 736 2364 803 ρύστης
2383 752 2501 805 μου
2527 731 2587 789 εἷ
2632 734 2736 798 σὺ,
2767 737 2962 804 Κύριε,
2999 734 3085 804 μὴ
3132 734 3445 803 χρονίσῃς.
3480 734 3622 804 Τῆς

2018 827 2117 900 σῆς
2144 827 2254 898 γὰρ
2284 827 2625 900 προμηθείας
2656 827 2950 901 τετύχηκα.
3004 829 3335 883 Ἐπάκουσον
3383 830 3471 882 ὅτι
3506 829 3624 882 τά-

2017 938 2196 991 χιστα,
2231 921 2323 975 καὶ
2360 920 2434 993 μὴ
2465 920 2706 995 ἀναϐάλῃ
2726 920 2823 993 τὴν
2874 920 3107 992 αἴτησιν.

2023 1091 2109 1158 Τῷ
2134 1091 2316 1147 Δαυῒδ
2348 1094 2676 1157 ΨΑΛΜΟΣ,
2696 1092 2784 1158 είς
2826 1090 2892 1145 τὸ
2921 1089 3114 1157 τέλος,
3151 1090 3271 1144 τῶν
3305 1089 3453 1145 υἱῶν
3492 1092 3625 1145 Ἰω-

2092 1183 2303 1247 meae,
2367 1183 2465 1236 καὶ
2521 1181 2641 1235 τῶν
2690 1182 2933 1249 πρώτων
2981 1180 3621 1250 αἰχμαλωτισθέντων.

2105 1274 2531 1345 Ἀνεπίγραερος
2576 1272 2712 1341 παρ’
2757 1272 3061 1340 Ἑϐραίοις.
3097 1275 3175 1325 0'.

2663 1364 2989 1429 Ὑπόθεσις.

2022 1459 2085 1511 Oi
2112 1460 2218 1512 υἱοὶ
2249 1459 2341 1512 τοῦ
2388 1457 2643 1512 Ἰωναδὶϐ
2673 1456 2960 1526 γεγόνασιν
3007 1457 3196 1529 ἄνδρες
3241 1457 3502 1522 εὐλαϐεῖς
3558 1474 3629 1511 τε

2093 1552 2189 1604 καὶ
2213 1551 2427 1616 δίκαιοι,
2456 1550 2551 1603 καὶ
2580 1549 2688 1603 τῶν
2720 1548 2815 1603 τοῦ
2863 1550 3068 1622 πατρὸς
3114 1548 3341 1604 ἐντολῶν
3366 1549 3626 1619 φύλακες

2102 1644 2367 1715 ἀκριϐεῖς,
2394 1645 2489 1696 καὶ
2518 1642 2658 1696 οὕτω
2684 1641 2955 1707 θεοσεϐεῖς
2996 1643 3089 1696 καὶ
3118 1642 3179 1695 τὸ
3203 1638 3330 1715 ἦθος
3354 1642 3628 1713 χρηστοὶ,

2096 1736 2171 1799 ὡς
2193 1735 2286 1789 καὶ
2315 1735 2565 1807 μάρτυρα
2584 1735 2682 1806 τῆς
2724 1734 2904 1787 αὐτῶν
2942 1734 3143 1807 ἀρετῆς
3189 1733 3443 1803 γενέσθαι
3482 1733 3629 1786 Θεὸν

2097 1828 2173 1899 τῷ
2195 1828 2448 1901 προφήτῃ
2481 1826 2861 1898 διαλεγόμενον
2911 1826 3167 1898 Ἱερεμίᾳ.
3234 1824 3354 1879 Ἐπὶ
3404 1825 3631 1880 τούτων

2097 1922 2153 1976 δὲ
2181 1922 2275 1975 καὶ
2305 1923 2338 1992 ἡ
2368 1919 2558 1991 πρώτη
2611 1920 2709 1990 τῆς
2771 1918 3123 1990 Ἰερουσαλὴμ
3177 1917 3283 1971 ὑπὸ
3325 1916 3631 1970 Χαλδαίων

2099 2013 2445 2084 αἰχμαλωσία
2476 2011 2788 2082 γεγένηται.
2824 2012 3007 2081 Σχοῖεν
3063 2010 3107 2062 δ’
3153 2008 3218 2063 ἂν
3256 2003 3403 2064 οὗτοι
3448 2009 3628 2082 πρόσο

2098 2122 2247 2159 ωπον
2272 2102 2364 2158 τοῦ
2416 2100 2775 2157 ἀποστολικοῦ
2801 2100 2986 2175 χοροῦ,
3013 2098 3105 2156 τοῦ
3134 2100 3228 2155 καὶ
3268 2101 3482 2172 σφόδρα
3525 2100 3630 2165 τὰς

2100 2192 2193 2250 τοῦ
2227 2194 2548 2266 ἐπουρανίου
2590 2192 2802 2265 Πατρός
2842 2191 3176 2263 φυλάξαντος
3223 2192 3471 2257 ἐντολὰς,
3529 2193 3628 2246 καὶ

2098 2288 2226 2350 τοὺς
2255 2286 2508 2349 ἐπαίνους
2542 2285 2824 2356 εἰληφότος
2849 2284 2936 2337 διὰ
2990 2284 3099 2338 τῶν
3126 2286 3262 2356 πρὸς
3304 2286 3515 2349 αὐτοὺς
3546 2286 3630 2339 εί-

2106 2378 2356 2452 ρημένων
2387 2376 2768 2449 μακαρισμῶν.
2831 2375 3061 2446 Ὁμοίως
3089 2376 3217 2444 γοῦν
3242 2375 3336 2429 καὶ⁵
3370 2376 3473 2429 ἐπὶ
3503 2374 3627 2429 τού-

2101 2488 2212 2526 των
2244 2469 2351 2524 τῶν
2375 2469 2707 2532 ἀποστόλων,
2752 2468 2914 2539 φημὶ,
2966 2469 3000 2537 ἠ
3058 2466 3246 2539 πρώτη
3276 2468 3376 2539 τῆς
3416 2468 3628 2540 Ἱερου-

2107 2564 2289 2636 σαλὴμ
2324 2561 2669 2632 αίχμαλωσία
2723 2560 2828 2613 ὑπὸ
2877 2560 3161 2631 Ῥωμαίων
3202 2560 3441 2629 ἐγένετο.
3498 2562 3626 2615 Eia.

2106 2658 2327 2725 ἄγονται
2358 2649 2449 2707 οὖν
2475 2648 2617 2707 οὗτοι
2640 2653 2688 2704 οἱ
2718 2648 3000 2719 θεοφιλεῖς,
3022 2650 3295 2704 τουτέστιν
3323 2652 3351 2704 ό
3384 2651 3626 2704 ἀποστο-

2106 2746 2255 2810 λικδς
2285 2744 2464 2816 χορὸς,
2528 2744 2616 2798 διὰ
2648 2741 2741 2795 τοῦ
2778 2742 3139 2813 προκειμένου
3201 2740 3422 2813 ψαλμοῦ
3455 2742 3625 2813 εὐχήν

2106 2856 2166 2892 τε
2204 2839 2297 2893 καὶ
2327 2837 2674 2909 εὐχαριστίαν
2708 2835 2848 2905 ὑπὲρ
2895 2833 3102 2887 ἑαυτῶν
3127 2834 3500 2906 ἀναφέροντες
3534 2832 3625 2905 ’τῷ

2102 2928 2242 3000 Θεῷ,
2293 2930 2375 2997 ἐφ’
2408 2921 2489 2991 οἷς
2514 2927 2864 2997 θλιϐομένους
2890 2925 3085 2989 αὐτοὺς
3132 2925 3240 2978 ἀπό
3266 2942 3324 2978 τε
3357 2925 3475 2979 τῶν
3508 2925 3614 2978 διω

437 3021 558 3075 ﬁcia
586 3021 763 3076 laudis
789 3020 966 3076 solum
990 3020 1291 3084 oblaturos,
1327 3018 1486 3089 legali
1516 3016 1766 3073 videlicet
1786 3018 1933 3074 cultu

2114 3022 2319 3075 κόντων
2360 3019 2447 3073 διὰ
2486 3018 2578 3072 τοῦ
2598 3017 2949 3086 εύαγγελικοῦ
2992 3017 3363 3087 κηρύγματος,
3401 3016 3514 3070 ἀπό
3565 3032 3624 3069 τε

443 3113 719 3167 liberatos.

2112 3113 2219 3167 τῶν
2248 3111 2452 3182 νοητῶν
2483 3110 2783 3164 ὲπιόούλων
2811 3109 2911 3179 τῆς
2936 3109 3113 3162 αὐτῶν
3149 3108 3327 3179 ψυχῆς
3349 3108 3622 3180 δαιμόνων

439 3204 715 3259 διέσωσεν⁹
764 3204 844 3257 ἔτι
880 3220 940 3257 τε
969 3203 1382 3276 ὑπισχνούμενοι
1424 3204 1590 3275 μόνας
1625 3204 1725 3268 τὰς
1750 3204 1818 3258 δι’
1855 3207 2113 3271 αἰνέσεως
2145 3206 2489 3287 ἀναπέμπειν
2530 3203 2751 3269 θυσίας,
2801 3200 3206 3273 ἀπηλλαγμένοι
3244 3199 3492 3271 δηλονότι
3524 3202 3621 3271 τῆς

443 3294 585 3348 κατὰ
615 3295 776 3367 νόμον
805 3295 1077 3365 λατρείας.

440 3390 496 3446 2.
534 3388 601 3444 In
625 3400 691 3454 te,
726 3390 966 3455 Domine,
985 3390 1209 3458 sperari,
1235 3405 1337 3443 non
1366 3389 1665 3459 confundar
1696 3392 1750 3444 in
1777 3401 1936 3446 ceter-

374 3499 519 3538 num.
557 3482 828 3550 Ingentem
879 3480 1130 3535 tiduciam
1180 3481 1417 3544 exhibet,
1455 3497 1647 3551 nempe
1679 3497 1830 3551 spem
1882 3483 1938 3536 in

376 3576 567 3629 Deum.
597 3573 663 3627 In
684 3572 904 3644 justitia
935 3583 1026 3626 tua
1060 3571 1227 3625 libera
1261 3587 1361 3625 me.
1390 3569 1606 3627 Justitia
1642 3571 1825 3628 Patris
1859 3582 1941 3628 est

375 3664 566 3731 Filius,
595 3680 690 3734 per
725 3680 885 3734 quem
922 3664 1135 3719 liberati
1167 3679 1359 3721 sumus
1386 3679 1419 3719 a
1457 3672 1700 3735 peccato,
1741 3679 1852 3735 quo
1885 3664 1939 3718 in

376 3759 722 3827 corruptione
745 3756 1144 3811 detinebamur.

443 3934 499 3990 3.
550 3932 677 3989 Esto
701 3935 828 3987 milii
873 3934 928 3987 in
967 3932 1128 3987 Deum
1168 3942 1530 4004 protectorem.
1566 3931 1778 3991 Gnarus
1816 3947 1945 4001 apo-

377 4026 605 4082 stolicus
632 4026 832 4080 chorus
860 4025 1159 4093 pollicitum
1194 4040 1313 4079 esse
1339 4022 1529 4088 Deum,
1562 4023 1705 4092 quod
1734 4024 1851 4092 ipse
1888 4024 1942 4077 in

379 4133 595 4171 murum
630 4117 771 4187 ignis
801 4115 853 4168 in
879 4115 1108 4169 circuitu
1142 4113 1357 4168 futurus
1386 4114 1458 4167 sit
1488 4113 1555 4167 iis
1588 4112 1681 4181 qui
1707 4113 1947 4167 credide-

380 4210 558 4264 rintiu
590 4209 791 4277 ipsum,
820 4215 977 4277 rogat
1013 4221 1130 4260 eam
1160 4205 1583 4274 promissionem
1634 4219 1693 4257 re
1733 4203 1847 4274 jam
1888 4204 1944 4259 in

379 4314 439 4354 se
467 4299 747 4368 compleri.
783 4297 1044 4362 Quoniam
1077 4298 1470 4366 ﬁrmamentum
1511 4311 1683 4348 meum
1721 4303 1770 4348 et
1799 4293 1943 4363 refu-

377 4389 522 4458 gium
548 4404 712 4441 meum
743 4404 796 4442 es
823 4399 898 4442 tu.
932 4386 1048 4457 Ipse
1075 4401 1308 4455 namque
1326 4394 1407 4439 est
1434 4394 1583 4454 petra
1601 4400 1764 4455 supra
1781 4400 1945 4454 quam

380 4478 630 4535 aedilirati
661 4479 1071 4534 fundamentum
1108 4479 1409 4543 habemus;
1438 4486 1492 4531 ct
1512 4477 1628 4546 ipse
1658 4491 1848 4531 murus
1863 4483 1947 4530 est

380 4572 477 4642 qui
510 4572 752 4626 continet
781 4586 901 4635 nos,
942 4580 1003 4625 ut
1032 4569 1255 4624 nihilex
1285 4569 1508 4623 incursu
1555 4567 1823 4621 malorum
1848 4568 1944 4619 ιω-

2123 3387 2251 3441 Ἐπὶ
2292 3386 2412 3451 σοὶ,
2448 3386 2645 3455 Κύριε,
2685 3383 2940 3451 ἤλπισα,
2979 3381 3066 3452 μὴ
3110 3384 3622 3453 καταισχυνθείηγ

2038 3486 2127 3550 εἰς
2158 3482 2263 3535 τὸν
2286 3478 2490 3533 αἰῶνα.
2535 3478 2692 3545 Μέγα
2717 3476 2918 3547 θάρσος
2939 3475 3039 3546 τῆς
3064 3476 3443 3547 πεποιθήσεως
3476 3474 3621 3545 αὐτῷ

2042 3572 2426 3645 προβάλλεται,
2456 3568 2553 3640 τὴν
2576 3569 2668 3621 ἐπὶ
2710 3566 2789 3638 τῷ
2825 3566 2944 3636 Θεῷ
2996 3566 3205 3621 ἐλπίδα.
3261 3568 3364 3622 Ἐν
3407 3567 3482 3637 τῇ
3540 3567 3617 3621 δι-

2043 3644 2337 3731 καιοσύνῃ
2363 3678 2487 3716 σου
2505 3660 2696 3728 ,ῥῦσαί
2713 3677 2809 3729 με.
2868 3658 3186 3730 Δικαιοσύνη
3215 3660 3310 3713 τοῦ
3352 3658 3570 3730 Πατρός
3594 3659 3621 3711 ό

2043 3758 2191 3822 Υἱὸς,
2223 3756 2288 3810 δι’
2327 3748 2387 3810 οὗ
2414 3752 2757 3828 ὲρῤύσθημεν
2787 3752 2883 3823 τῆς
2910 3750 3246 3823 κατεχούσης
3266 3751 3419 3822 ἡμᾶς
3447 3751 3619 3822 ἀμαρ-

2042 3849 2162 3913 τίας
2218 3850 2297 3912 είς
2341 3847 2564 3920 φθοράν.

2114 3939 2305 4013 Feror”;
2361 3953 2463 4007 μοι
2516 3939 2603 4002 εὶς
2646 3934 2794 3989 Θεὸν
2849 3929 3330 4003 ὑπερασπιστήν,
3377 3929 3549 3994 Εἰδὼς
3593 3930 3619 3981 ὁ

2047 4029 2401 4092 ἁποστολικὸς
2428 4026 2608 4098 χορὸς,
2655 4025 2731 4089 ὼς
2769 4025 2933 4089 αὐτὸς
2995 4023 3330 4095 ἐπήγγελται
3384 4025 3497 4086 τοῖς
3546 4022 3619 4083 είς

2048 4123 2208 4179 αὑτὸν
2238 4119 2586 4175 πιστεύουσιν
2634 4117 2852 4171 ἔσεσθαι
2900 4119 3078 4187 τεῖχος
3137 4114 3307 4187 πυρὸς
3340 4111 3617 4175 κυκλόθεν,

2047 4216 2142 4286 τὴν
2172 4212 2424 4276 τοιαύτην
2450 4210 2743 4280 ὑπόσχεσιν
2776 4208 2921 4280 ἔργῳ
2955 4208 3035 4271 είς
3065 4204 3254 4261 ἑαυτὸν
3284 4201 3619 4276 πληροῦσθαι

2051 4303 2379 4376 παρακαλεῖ.
2441 4301 2571 4353 Ὀτι
2595 4297 2900 4367 στερέωμα
2970 4315 3089 4367 μου
3154 4296 3254 4350 καὶ
3313 4288 3616 4363 καταφυγή

2043 4412 2161 4466 μου
2198 4391 2258 4449 εἴ
2285 4392 2386 4447 σύ.
2436 4390 2608 4454 Αὐτὸς
2636 4390 2744 4460 γάρ
2776 4389 2923 4441 ὲστιν
2950 4390 2983 4460 ἡ
3022 4388 3216 4460 πέτρα,
3262 4387 3345 4456 ἐφ’
3373 4386 3441 4457 ην
3469 4385 3518 4437 οἱ
3545 4382 3618 4436 οι-

2050 4484 2439 4558 κοδομηθέντες
2468 4482 2559 4538 τὸν
2581 4482 2828 4553 θεμέλιον
2859 4480 3075 4551 ἔχομεν·
3113 4480 3209 4533 καὶ
3241 4478 3406 4541 αὐτὸς
3427 4476 3488 4530 τὸ
3513 4475 3617 4527 τεῖ-

2048 4596 2142 4652 χος
2168 4579 2229 4633 τὸ
2260 4575 2477 4649 συνέοχον
2512 4575 2679 4646 ἡμᾶς,
2712 4572 2846 4643 πρὸς
2892 4571 2953 4625 τὸ
2985 4571 3151 4644 μηδὲν
3180 4568 3371 4624 παθεῖν
3423 4566 3483 4632 ἐξ
3510 4567 3616 4620 ἐπι-

381 4665 598 4721 damur.
647 4662 839 4718 Libera
888 4679 991 4727 me,
1040 4662 1238 4731 inquit,
1285 4660 1352 4714 ab
1381 4660 1448 4715 iis
1492 4658 1809 4714 hominibus
1850 4656 1943 4726 qui

2087 4673 2255 4745 ρομῆς
2310 4668 2515 4725 κακῶν.
2565 4662 2896 4729 Ἀπάλλαξόν
2953 4681 3042 4735 με,
3105 4662 3259 4735 φησὶ,
3283 4661 3487 4715 τούτων
3516 4656 3616 4710 τῶν

382 4759 673 4829 imperium
712 4754 980 4818 obtinent,
1015 4764 1069 4809 et
1113 4768 1212 4808 ceu
1258 4768 1425 4807 manu
1470 4751 1707 4821 quadam
1742 4763 1844 4803 nos
1889 4748 1944 4802 in

384 4852 700 4909 servitutem
741 4856 927 4919 agunt,
954 4846 1087 4903 viris
1124 4846 1330 4903 scilicet
1365 4852 1716 4915 peccatorum
1744 4840 1944 4912 plenis,

382 4944 609 5015 iniquis.
636 4940 877 5009 iniustis.

452 5035 507 5089 4.
554 5034 692 5088 Deus
727 5048 892 5097 meus,
923 5030 1062 5099 eripe
1089 5043 1167 5080 me
1194 5027 1256 5081 de
1285 5043 1443 5081 manu
1468 5023 1779 5096 peccatoris,
1810 5030 1859 5076 et
1885 5021 1948 5075 de

384 5144 546 5182 manu
578 5136 761 5180 contra
796 5123 961 5188 legem
989 5121 1190 5192 agentis
1213 5130 1261 5174 et
1291 5116 1480 5190 iniqui.
1512 5114 1821 5173 Peccatoris
1856 5128 1949 5167 n0-

388 5217 533 5271 mine
571 5216 787 5271 Judanos
820 5213 1086 5283 tntelligit,
1131 5211 1234 5281 ipsi
1286 5210 1430 5264 enim
1476 5214 1625 5266 erant
1669 5213 1723 5260 et
1755 5211 1947 5259 contra

388 5308 559 5377 legem
608 5316 823 5376 agentes
873 5315 928 5362 et
980 5305 1184 5375 iniqui:
1229 5315 1420 5359 contra
1474 5302 1644 5373 legem
1705 5306 1946 5371 agentes,

387 5398 517 5467 quia
545 5397 793 5452 innoxios
822 5396 1154 5452 damnabant
1185 5413 1200 5458 ;
1235 5394 1647 5465 iniqui/autem,
1679 5392 1809 5461 quia
1835 5385 1952 5441 nul-

391 5493 498 5546 lam
536 5487 799 5543 haberent
835 5487 1097 5543 adversus
1141 5486 1266 5544 illos
1306 5483 1948 5558 rationiconsentaueam

390 5581 753 5640 occasionem.

464 5698 508 5729 ”
541 5694 652 5751 Jer.
678 5708 840 5761 xxxv,
870 5692 1029 5750 549’

2052 4764 2414 4837 κρατούντων,
2443 4760 2538 4815 καὶ
2584 4758 2689 4812 ὑπὸ
2738 4756 2836 4829 τὴν
2858 4756 3098 4811 δουλείαν
3126 4755 3313 4827 ὥσπερ
3353 4752 3495 4826 χειρί
3521 4767 3614 4804 τινι

2052 4857 2293 4926 ἀγόντων
2346 4851 2575 4924 ἀνδρῶν,
2599 4848 2873 4921 ἁμαρτίας
2914 4846 3384 4919 πεπληρωμένων,
3410 4843 3614 4913 ἀνόμων

2052 4964 2111 5000 τε
2143 4947 2235 5000 καὶ
2253 4944 2472 4998 ἀδίκων.

2135 5037 2196 5089 '0
2231 5036 2373 5101 Θεός
2409 5050 2550 5103 μου,
2579 5031 2769 5101 ῥῦσαί
2795 5047 2871 5101 με
2899 5029 2968 5084 ἐκ
3000 5027 3193 5098 χειρὸς
3256 5016 3610 5097 ἀμαρτωλοῦ.

2053 5130 2150 5184 καὶ
2204 5129 2274 5181 ἐκ
2325 5125 2520 5197 χειρός
2575 5124 3060 5193 παρανομοῦντος
3108 5122 3205 5176 καὶ
3258 5116 3609 5175 ἀδικοῦντος·

2054 5220 2156 5275 Τοῦ
2197 5216 2545 5291 ἁμαρτωλοῦ,
2607 5214 2714 5269 τῶν
2757 5214 3023 5269 Ἰουδαίων
3070 5226 3257 5283 φησιν’
3315 5207 3474 5269 αὐτὸς
3512 5200 3611 5270 γὰρ

2051 5311 2119 5386 ἦν
2139 5315 2166 5367 ό
2188 5314 2282 5366 καὶ
2310 5311 2625 5384 παράνομος
2653 5307 2748 5362 καὶ
2792 5307 2993 5369 ἄδικος
3044 5303 3358 5375 παράνομος
3396 5297 3510 5386 μέν,
3536 5291 3609 5386 ὅτι

2051 5378 2180 5468 ⁴τοὺς
2204 5378 2412 5465 ἀθώους
2446 5378 2786 5471 κατέκρινεν*
2814 5395 2996 5457 ἄδικος
3026 5393 3103 5460 δὲ,
3144 5392 3226 5447 ὅτι
3264 5384 3521 5461 οὐδεμίαν
3539 5378 3610 5439 εις

2060 5496 2253 5559 αὐτοὺς
2281 5489 2423 5566 εἶχεν
2448 5492 2667 5560 εὔλογον
2701 5487 2991 5561 πρόφασιν.
