3786 6278
130 321 231 374 ΞΠ

132 533 231 597 εἰς
259 551 399 601 μου
448 533 528 587 ἐκ
582 535 865 603 νεότητός
925 556 1065 608 μου.
1108 539 1295 593 Ῥῦσαί
1338 558 1428 611 με,
1471 544 1655 612 φησιν,
1686 542 1744 608 ἐξ

134 620 303 674 αὐταῦ
340 622 449 675 τοῦ
484 627 805 695 παρανόμου
837 625 992 690 λαοῦ,
1025 628 1157 682 διότι
1202 631 1297 683 κα)⁸
1326 631 1413 684 διὰ
1438 632 1496 684 σὲ
1529 634 1600 684 τὰ
1630 649 1743 685 τοι-

136 714 274 767 αῦτα
300 714 586 785 ὑπομένω
608 718 702 769 ml.
721 716 809 770 διὰ
833 717 930 789 τὴν
957 720 1038 781 είς
1068 720 1126 773 σὲ
1155 720 1366 783 ἐλπίδα,
1385 722 1452 793 ἢν
1478 722 1745 795 ἐδεξάμην

136 807 197 857 ιι
220 807 331 877 τῆς
357 807 602 878 πρώτης
631 809 724 861 καὶ
756 808 815 876 ἐξ
838 809 1010 881 ἀρχῆς
1040 828 1142 880 μου
1180 811 1267 866 διὰ
1290 812 1385 866 σοῦ
1420 816 1741 885 γεννήσεως,

138 898 277 951 κατὰ
336 899 408 951 τὸ
461 900 779 971 εἰρημένον
817 901 993 955 Ὅσοι
1023 902 1245 957 ἔλαϐον
1285 904 1492 969 αὐτὸν,
1523 904 1745 959 ἔδωκεν

138 989 347 1054 αὐτοῖς
382 990 691 1053 ἐξουσίαν
721 990 903 1045 τέκνα
951 992 1098 1046 Θεοῦ
1127 992 1423 1062 γενέσθαι.

215 1078 360 1133 Ἐπί
402 1078 487 1131 σὲ
539 1079 984 1150 ἑπεστηρίχθην
1034 1082 1151 1137 ἀπὸ
1199 1086 1477 1152 γαστρός.
1526 1086 1743 1140 Δείκνυο

142 1188 242 1235 σιν,
268 1172 355 1235 ὡς
392 1173 423 1224 ὁ
448 1172 694 1242 Χριστὸς
716 1171 781 1225 δι’
812 1172 871 1226 ὃν
899 1174 966 1228 τὰ
1005 1173 1231 1229 τοιαῦτα
1264 1176 1552 1248 ὑπέμενον,
1582 1181 1744 1244 αὑτός

140 1261 286 1310 ιιι-τιν
318 1259 353 1309 ὁ
391 1257 495 1309 καὶ
542 1256 626 1310 ἔτι
668 1259 963 1330 κυομένους
992 1262 1191 1326 αὐτοὺς
1223 1265 1281 1316 ἐν
1310 1268 1509 1337 γαστρὶ
1532 1272 1595 1339 τῇ
1647 1268 1742 1339 δη-

143 1351 451 1420 μιουργικῇ
508 1347 703 1402 ἑαυτοῦ
742 1350 967 1422 προνοίᾳ
1004 1351 1285 1422 ἐξαγαγὼν
1336 1358 1416 1420 εἰς
1459 1357 1593 1427 φῶς.
1648 1361 1743 1413 Ἐκ

140 1442 383 1506 κοιλίας
408 1444 647 1509 μητρός
671 1459 792 1510 μου
822 1444 902 1497 σύ
924 1461 1044 1512 μου
1064 1441 1124 1498 εἷ
1147 1449 1521 1517 σκεπαστής.
1566 1451 1744 1504 Ἐπει-

140 1532 222 1603 δῆ,
248 1533 417 1603 φησὶ,
483 1533 551 1586 σὺ
601 1532 762 1597 αὐτὸς
815 1537 844 1588 ὁ
871 1534 1092 1607 Κύριος,
1129 1537 1223 1591 καὶ
1251 1539 1308 1592 ὲν
1341 1543 1406 1611 τῇ
1444 1541 1619 1613 κοιλίᾳ
1642 1542 1741 1613 τῆς

143 1626 355 1695 μητρός
384 1643 500 1696 μου
526 1626 610 1678 ἔτι
665 1627 796 1680 ὄντα
830 1627 1062 1691 ἕσκεπες
1101 1633 1166 1701 τῇ
1215 1631 1335 1703 θείᾳ
1367 1650 1461 1686 σου
1495 1634 1740 1706 δυνάμει,

143 1718 231 1771 καὶ
261 1719 505 1790 ἑρῤύσω
527 1721 594 1774 ἐκ
615 1720 712 1773 τοῦ
743 1721 1185 1793 παρανομοῦντος
1241 1722 1390 1777 λαοῦ’
1428 1724 1615 1779 τούτου
1646 1729 1743 1798 χά-

1257 331 1620 389 EXPOSITIO
1649 333 1715 387 ΙΝ
1750 330 2087 394 PSALMUM
2126 339 2285 397 LXX.

200 441 347 495 ὀτι
368 442 463 497 σὺ
489 440 556 498 εἰ
574 443 615 511 ἡ
644 446 918 515 ὑπομονὴ
936 464 1078 517 μου,
1121 450 1316 517 Κύριε,
1344 453 1541 520 Κύριε,
1571 454 1611 520 ἡ
1640 453 1740 506 ἐλ-
1777 455 1820 511 Α

3315 343 3420 399 518

1920 455 1971 508 5.
2006 457 2270 522 Quoniam
2288 468 2344 514 tu
2367 477 2422 515 es
2445 462 2707 528 patientia
2735 477 2870 527 mea,
2904 460 3142 525 Domine,
3179 460 3417 517 Domine.

1851 561 1965 612 spes
1995 563 2109 601 mea
2134 566 2167 602 a
2197 551 2468 618 juventute
2497 540 2632 606 mea.
2662 551 2855 605 Libera
2895 566 3002 618 me,
3040 552 3235 619 inquit,
3267 567 3296 605 a
3320 567 3419 620 po-

1850 637 1978 705 pulo
2025 638 2130 692 ista
2184 640 2316 710 legis
2359 649 2785 710 transgressare,
2829 640 2954 709 quia
3005 650 3226 708 propter
3247 646 3320 704 te,
3366 646 3422 692 et

1851 735 2070 794 propter
2094 743 2244 797 spem
2282 745 2445 798 quam
2486 731 2540 783 in
2582 738 2634 783 te
2669 730 2832 783 habui
2859 730 2928 782 ab
2957 729 3133 792 initio,
3162 738 3216 783 et
3247 743 3277 782 a
3301 743 3420 783 mea

1852 832 1947 886 per
1978 828 2029 871 te
2052 818 2417 886 generatione,
2449 819 2538 872 illa
2570 820 2836 882 sustineo,
2860 819 3012 887 juxta
3048 819 3177 872 illud
3203 837 3216 872 :
3249 816 3418 883 (luot-

1848 918 1974 979 quot
2005 918 2304 979 receperunt
2344 926 2461 963 eum
2501 910 2642 964 dedit
2685 911 2758 965 eis
2799 912 3110 980 potestatem
3151 909 3291 980 ﬁlios
3322 908 3418 965 Dei

1850 1000 1964 1067 ﬁeri
1996 1000 2059 1053 σε.

1920 1087 1975 1142 6.
2028 1087 2095 1141 In
2123 1097 2170 1142 te
2194 1089 2541 1157 conﬁrmatus
2566 1106 2680 1143 sum
2710 1106 2776 1144 etc
2796 1097 2961 1145 utero.
2987 1088 3233 1144 Declarat
3263 1088 3420 1144 σιδη-

1849 1194 1994 1238 stum
2026 1192 2247 1253 propter
2268 1198 2428 1253 quem
2461 1182 2554 1237 illa
2577 1184 2942 1247 sustinebant,
2970 1184 3148 1252 ipsum
3174 1197 3296 1237 esse
3325 1182 3417 1252 qui

1848 1276 2027 1331 adhuc
2064 1290 2159 1330 eos
2183 1271 2238 1327 in
2269 1283 2425 1328 utero
2451 1283 2690 1343 gestatas
2716 1275 2916 1329 virtute
2944 1289 3041 1328 sua
3073 1274 3337 1328 creatrice
3364 1274 3419 1325 in

1850 1367 2024 1421 lucem
2057 1366 2261 1420 eduxit.
2288 1365 2364 1419 De
2392 1375 2568 1420 ventre
2595 1368 2785 1420 matris
2817 1382 2944 1421 mea:
2979 1374 3035 1418 tu
3064 1382 3116 1418 es
3158 1374 3421 1434 protector

1851 1474 2011 1512 meus.
2062 1456 2533 1527 Quandoquidem,
2591 1459 2686 1524 ait,
2735 1467 2790 1513 tu
2849 1459 2965 1528 ipse
3014 1456 3276 1511 Dominus
3308 1471 3417 1522 me,

1850 1551 1978 1604 dum
2006 1550 2182 1604 adhuc
2219 1551 2273 1603 in
2303 1557 2489 1604 ventre
2526 1552 2718 1605 matris
2745 1565 2948 1612 essem,
2973 1548 3297 1619 protegebas
3331 1547 3418 1601 di-

1849 1642 1973 1696 vina
2010 1651 2101 1695 tua
2120 1642 2341 1709 virtute,
2388 1653 2442 1697 et
2482 1642 2729 1696 liberasti
2774 1656 2862 1696 me
2892 1657 2957 1694 ex
2992 1640 3194 1711 populo
3230 1646 3420 1693 contra

1853 1733 2022 1802 legem
2049 1745 2278 1804 agente;
2306 1736 2427 1791 ideo
2451 1751 2575 1806 ego,
2615 1743 2802 1803 utpote
2835 1734 2928 1803 qui
2960 1744 3069 1788 tam
3114 1731 3423 1801 frequenter

144 1827 225 1879 ριν
250 1810 354 1862 καὶ
386 1812 561 1875 αὐτὸς
590 1810 722 1881 ἐγὼ,
742 1813 837 1867 διτε
861 1815 961 1884 τῆς
994 1812 1136 1869 οὕτω
1162 1816 1421 1887 συνεχοῦς
1447 1818 1746 1890 ᾐσθημένος

1866 1841 1943 1880 .ua
2001 1827 2266 1890 senserim
2314 1828 2596 1895 beneﬁcia,
2668 1842 2948 1898 nunquam
2997 1842 3150 1882 cesso
3190 1826 3421 1898 hymnos

140 1903 495 1973 εὐεργεσίας,
515 1905 581 1957 οὐ
625 1904 875 1977 παύομαι
911 1907 1038 1970 τοὺς
1070 1908 1153 1971 εἰς
1183 1907 1242 1961 σὲ
1267 1906 1469 1979 ὕμνους
1496 1912 1745 1983 ἀναπέμ-

142 2008 253 2047 πων
282 1994 591 2067 διηνεκῶς.

217 2087 328 2141 Ἔν
377 2088 489 2142 σοὶ
522 2091 563 2157 ἠ
612 2089 879 2159 ὕμνησίς
916 2108 1030 2159 μου
1079 2090 1422 2160 διαπαντός.
1465 2094 1532 2147 Σὲ
1562 2096 1748 2167 ὑμνῶν

141 2180 232 2231 καὶ
271 2178 535 2244 δοξάζων
566 2180 818 2245 διατελῶ,
848 2183 942 2235 καὶ
970 2183 1057 2237 διὰ
1083 2184 1184 2255 τῆς
1215 2185 1316 2255 σῆς
1344 2187 1599 2257 προνοίας
1627 2189 1751 2258 ἐγε-

140 2272 313 2343 νόμην
343 2291 417 2327 πε
426 2274 745 2341 ρίϐλεπτος.
763 2275 918 2329 Ὠσεὶ
947 2275 1123 2344 τέρας
1147 2277 1443 2348 ἐγενήθην
1460 2279 1585 2347 τοῖς
1604 2285 1749 2335 πολ·-

137 2365 291 2431 λοῖς.
329 2366 521 2438 Τέρας
559 2367 659 2437 μὲν
686 2367 749 2421 τὸ
782 2368 1082 2440 παράδοξον
1112 2371 1207 2423 καὶ
1242 2372 1386 2442 μέγα
1414 2389 1467 2425 τι
1496 2373 1688 2443 φησιν·
1719 2373 1748 2426 δ

139 2461 195 2512 δὲ
228 2460 387 2529 λέγει
445 2460 694 2515 τοιοῦτον
745 2464 924 2516 ἐστιν’
958 2465 1020 2517 Εἰ
1049 2465 1144 2518 καὶ
1187 2465 1361 2537 ῆρθην
1403 2465 1560 2536 ὑψοῦ,
1592 2467 1743 2538 φησὶ,

141 2550 234 2601 καὶ
269 2550 461 2619 μέγας
481 2566 571 2612 τις
596 2551 691 2603 καὶ
713 2549 991 2623 ἐξαίρετος
1014 2555 1071 2606 ὲν
1099 2556 1212 2618 τοῖς
1244 2554 1459 2620 πολλοῖς
1482 2556 1748 2629 τεθάρση-

144 2658 240 2709 μαι
301 2640 565 2695 ἔθνεσιν·
618 2641 733 2694 ἀλλ’
762 2643 864 2696 οὐκ
910 2645 1087 2718 οἰκείᾳ
1127 2644 1352 2718 δυνάμει
1404 2648 1464 2701 τὸ
1508 2648 1746 2703 τοιοῦτον

141 2734 300 2803 {sxw
331 2732 575 2801 ἀγαθόν.
612 2733 686 2785 Σὺ
715 2733 828 2806 γὰρ
853 2730 922 2806 ἦς
947 2736 1110 2799 αὑτὸς
1145 2739 1175 2791 ὁ
1206 2738 1496 2810 κράτιστόν
1542 2757 1609 2811 με
1652 2742 1746 2795 καὶ

142 2826 395 2889 γενναῖον
426 2822 523 2877 διὰ
551 2823 653 2895 τῆς
681 2824 880 2879 σαυτοῦ
912 2825 1168 2898 βοηθείας
1198 2828 1390 2889 ποιῶν.

206 3000 603 3069 Πληρωθήτω
663 3000 731 3054 τὸ
791 3003 987 3072 στόμα
1033 3019 1155 3072 μου
1209 3004 1530 3071 αἰνέσεως,
1584 3005 1746 3072 ὅπως

144 3095 405 3165 ὑμνήσω
465 3094 588 3162 τὴν
654 3093 846 3158 δόξαν
893 3113 1033 3151 σου.
1074 3097 1291 3169 Ἐπειδὴ
1335 3098 1442 3151 τῶν
1487 3099 1743 3153 τοιούτων

144 3186 547 3259 ὑπαρχθεισῶν
578 3203 669 3256 μοι
689 3186 778 3239 eos
789 3187 1041 3257 ργεσιῶν,
1071 3187 1167 3241 ἄνθ
1177 3205 1357 3258 ρωπος
1379 3188 1476 3257 ὢν,
1496 3192 1556 3242 οὐ
1584 3190 1744 3244 δύνα-

147 3298 242 3347 μαι
293 3279 405 3343 τὰς
449 3277 616 3344 ἀξίας
647 3274 936 3333 ἀποδοῦσαι
969 3280 1236 3351 ἀμοιϐάς·
1269 3279 1458 3335 τούτου
1492 3282 1650 3354 χάριν
1680 3286 1745 3336 ὲκ

142 3370 241 3439 τῆς
276 3370 385 3437 σῆς
422 3368 624 3437 σοφίας
664 3367 924 3432 αἱνέσεώς
965 3386 1066 3440 μου
1096 3370 1160 3423 τὸ
1192 3371 1367 3443 στόμα
1393 3373 1744 3445 πληρωθῆναι

144 3462 307 3528 diu}
344 3460 503 3516 οὕτω
535 3461 647 3532 γὰρ
687 3461 784 3515 καὶ
820 3448 980 3532 μόλις
1015 3462 1116 3534 τὴν
1163 3463 1262 3536 σὴν
1304 3463 1462 3530 δόξαν
1505 3466 1745 3536 ὑμνῆσαι

142 3554 671 3626 ὼνήαομαι.”ολην
692 3551 809 3620 τὴν
835 3551 1067 3621 ἡμέραν
1093 3551 1213 3622 τὴν
1226 3556 1747 3625 μεταλοπρέπειάν

143 3644 585 3708 σου.Ἐπειδάν,
626 3644 1006 3716 πληρωθέντος
1049 3664 1151 3718 μου
1184 3646 1278 3700 τοῦ
1307 3647 1572 3718 στόματος
1604 3650 1747 3703 αἰνέ-

146 3754 302 3802 σεως,
337 3739 506 3808 φησὶ,
543 3736 646 3807 τὴν
673 3738 772 3808 σὴν
804 3737 965 3803 δόξαν
1008 3738 1259 3811 ἄρξωμαι
1280 3739 1489 3810 ὑμνεῖν,
1523 3728 1746 3814 ὑμνῆσω

147 3820 235 3881 καὶ
258 3828 352 3882 διὰ
387 3828 581 3897 πάσης
612 3826 827 3899 ἡμέρας
850 3828 950 3897 τὴν
978 3826 1458 3898 μεγαλοπρέπειαν
1493 3845 1607 3881 σου.
1651 3830 1753 3882 Δό·

148 3918 240 3982 ξαν
267 3919 328 3972 δὲ
365 3917 437 3988 ἠν
473 3917 572 3969 ἐπὶ
604 3917 708 3986 γῆς
740 3918 1034 3988 ἐποιήσατο
1056 3917 1370 3989 οἰκονομίαν
1400 3919 1555 3991 φησὶ,
1587 3919 1653 3973 δι’
1679 3915 1748 3993 ἧς

145 4009 443 4082 ἐπλήρωσε
471 4008 576 4077 τὴν
606 4008 711 4078 γῆν
732 4010 833 4080 τῆς
854 4008 1013 4081 δόξης
1038 4008 1747 4083 αὑτοῦ.γΜεγαλοπρέπειαν

144 4103 200 4155 δὲ
232 4103 334 4175 τὴν
371 4101 615 4173 θεότητα
644 4098 817 4170 λέγει,
850 4104 915 4156 δι’
944 4097 1012 4174 ἧς
1043 4102 1221 4158 πάντα
1248 4104 1431 4159 ἐκεῖνα
1462 4105 1749 4176 ἀνομαλῶς

148 4199 474 4269 εἰργάσατο.

215 4271 630 4363 [Πληρωθήτω
662 4288 729 4342 τὸ
772 4289 967 4359 στόμα
1002 4307 1124 4359 μου
1168 4290 1473 4358 αἰνέσεως.
1515 4292 1749 4346 Δυνατὸν

150 4385 249 4455 μὲν
287 4381 596 4445 διαπαντὸς
622 4382 793 4434 αἰνεῖν
815 4380 906 4436 τὸν
940 4382 1095 4447 Θεὸν,
1137 4386 1231 4438 καὶ
1274 4384 1567 4449 διαπαντὸς
1599 4385 1750 4438 εὐλο-

1851 1917 1946 1972 tibi
1979 1917 2197 1973 oﬂ‘erre.

1923 2096 1974 2150 7.
2017 2095 2082 2150 In
2111 2105 2158 2150 te
2188 2095 2427 2149 cantatio
2460 2109 2575 2147 mea
2601 2108 2820 2163 semper.
2860 2091 2918 2146 In
2961 2094 3179 2164 hymnis
3205 2102 3259 2146 et
3299 2093 3420 2147 lau-

1850 2190 2013 2245 dibus
2036 2189 2144 2243 tuis
2178 2187 2525 2259 proferendis
2569 2198 2877 2255 persevera,
2912 2192 2965 2237 et
3001 2198 3097 2253 per
3135 2183 3421 2253 providen-

1848 2284 1977 2338 tiam
2020 2292 2168 2338 tuam
2211 2281 2511 2352 prmclarus
2573 2277 2745 2333 evasi.
2806 2274 3080 2345 Tanquam
3121 2275 3420 2346 prodigium

1848 2377 2022 2445 factus
2061 2390 2179 2428 sum
2217 2372 2425 2426 multis.
2466 2368 2807 2439 Prodigium,
2840 2367 3337 2437 obstupescendum
3364 2377 3421 2420 et

1847 2482 2103 2537 magnum
2160 2464 2365 2534 aliquid
2416 2461 2710 2533 signiﬁcat.
2757 2458 3084 2529 llujusmodi
3130 2468 3310 2512 autem
3337 2466 3420 2512 est

1846 2560 1991 2631 quod
2025 2559 2101 2612 ait
2130 2577 2143 2612 :
2176 2556 2402 2612 Etiamsi
2435 2556 2489 2610 in
2514 2554 2747 2609 sublime
2777 2553 3019 2607 elevatus
3046 2565 3190 2614 sum,
3223 2549 3418 2619 inquit,

1845 2662 1899 2707 et
1931 2666 2161 2722 magnus
2187 2648 2614 2720 praeclarasque,
2643 2644 2785 2715 apud
2823 2644 3023 2735 muLtas
3060 2651 3248 2714 gentes
3281 2641 3421 2696 fidu-

1847 2747 1930 2803 cia
1962 2747 2156 2817 plenus
2183 2761 2305 2800 sum
2335 2763 2346 2799 :
2378 2745 2471 2800 sed
2510 2759 2616 2798 non
2662 2742 2883 2814 propria
2923 2756 3043 2796 mea
3074 2745 3276 2796 virtute
3302 2749 3421 2793 tan-

1846 2847 1960 2893 tum
2001 2838 2130 2892 boni
2176 2837 2403 2907 adeptus
2437 2852 2582 2891 sum.
2619 2835 2697 2890 Tu
2740 2836 2885 2889 enim
2915 2850 3040 2890 eras
3087 2834 3180 2903 qui
3216 2840 3421 2887 metuo

1846 2930 2049 2985 auxilio
2079 2938 2132 2985 et
2161 2928 2522 2985 fortissimum
2547 2937 2600 2983 et
2629 2928 2951 2999 generosum
2987 2924 3255 2980 eiliciebas

1917 3020 1971 3075 8.
2024 3020 2308 3091 Repleatur
2354 3038 2410 3076 os
2459 3036 2633 3076 meum
2675 3020 2832 3074 laude
2870 3028 2926 3072 ut
2959 3030 3163 3072 cantem
3195 3016 3419 3087 gloriam

1848 3122 2013 3165 tuam.
2066 3111 2335 3177 Quoniam
2386 3111 2555 3166 tantis
2599 3109 2876 3165 beneﬁciis
2936 3107 3205 3172 aﬂ'eetus,
3253 3107 3418 3159 homo

1848 3218 1970 3258 cum
1996 3203 2121 3269 sim,
2161 3218 2268 3257 non
2312 3218 2534 3273 possum
2571 3202 2769 3273 dignas
2795 3201 3187 3256 retributiones
3224 3213 3421 3267 repen-

1844 3292 1971 3347 dere
2005 3309 2021 3360 ;
2065 3293 2186 3347 ideo
2210 3308 2279 3347 ex
2313 3303 2402 3346 tua
2439 3293 2709 3362 sapientia
2750 3307 2885 3361 rogo
2934 3305 2997 3345 os
3036 3304 3217 3343 meum
3263 3287 3421 3341 laude

1845 3383 2065 3453 repleri,
2087 3394 2247 3453 atque
2266 3384 2340 3437 ita
2364 3384 2453 3437 vis
2477 3392 2665 3452 potero
2689 3382 2916 3452 gloriam
2944 3380 3220 3435 celebrare
3247 3388 3417 3433 tuam.

1849 3477 1981 3532 Tota
2013 3478 2096 3531 die
2119 3478 2568 3548 magniﬁcentiam
2613 3487 2780 3531 tuam.
2810 3474 3129 3546 Postquam,
3164 3489 3259 3529 ore
3293 3488 3417 3529 meo

1845 3568 2007 3624 laude
2039 3571 2276 3640 repleta,
2324 3579 2475 3625 tuam
2530 3570 2807 3624 celebrare
2848 3569 3074 3639 gloriam
3123 3570 3415 3635 increpare,

1846 3671 1957 3716 tota
1985 3662 2073 3716 die
2114 3661 2575 3731 magniﬁcentiam
2617 3674 2836 3730 quoque
2869 3668 3017 3712 tuam
3067 3657 3369 3712 decantaho
3403 3673 3415 3685 ο

1846 3756 2073 3825 gloriam
2099 3764 2279 3809 autem
2309 3765 2486 3819 vocat,
2518 3753 2876 3810 oeconomiam
2906 3768 3071 3824 quam
3097 3752 3344 3806 exhibuit
3364 3750 3417 3803 in

1848 3855 2012 3909 terra,
2058 3861 2165 3916 qua
2218 3855 2416 3900 terram
2464 3845 2633 3914 gloria
2662 3860 2760 3899 sua
2797 3844 3040 3914 replevit.
3077 3841 3420 3914 Magniﬁcen-

1846 3939 1978 3993 tiam
2021 3950 2203 3994 autem
2242 3948 2400 3994 vocat
2442 3938 2719 4005 deitatem,
2755 3953 2853 4009 per
2893 3951 3058 4008 quam
3102 3919 3285 3991 omnia
3327 3934 3420 3990 illa

1848 4031 2015 4086 variis
2043 4031 2222 4088 modis
2253 4031 2448 4087 etfacit.

1922 4289 2244 4363 [Replcatur
2293 4306 2350 4343 os
2403 4304 2576 4342 meum
2625 4286 2798 4341 laude.
2854 4285 3155 4340 Possumus
3199 4283 3418 4353 quidem

1849 4386 2074 4439 laudare
2106 4397 2320 4452 semper
2357 4379 2548 4444 Deum,
2588 4392 2803 4447 semper
2830 4378 3172 4443 benedicere,
3209 4390 3422 4445 semper

148 4478 284 4542 γεῖν,
318 4475 420 4527 καὶ
447 4471 748 4535 διαπαντὸς
778 4476 1074 4544 σωφρονεῖν
1095 4491 1108 4504 ·
1147 4474 1266 4539 πῶς
1297 4474 1353 4528 δὲ
1384 4475 1606 4529 δυνατὸν
1631 4475 1746 4529 δια-

1866 4482 2219 4544 ;emperanter
2251 4489 2350 4528 nos
2398 4488 2585 4544 gerere
2624 4491 2637 4527 :
2664 4481 2721 4525 at
2751 4468 2845 4539 qui
2875 4469 3130 4540 possibile
3160 4479 3244 4523 est
3279 4482 3422 4522 sem-

151 4564 355 4627 παντὸς
399 4561 689 4625 ὲλπίζειν;
737 4560 794 4614 Ὀ
837 4561 943 4633 γὰρ
992 4561 1227 4628 ἐλπίζων
1251 4563 1566 4627 διαπαντὸς,
1591 4564 1744 4618 οὐδέ-

149 4671 281 4709 ποτε
327 4653 599 4723 τυγχάνει
644 4649 740 4705 τοῦ
781 4653 1105 4724 πράγματος
1146 4654 1380 4720 ἐκείνου,
1424 4649 1486 4709 οὗ
1538 4655 1744 4720 ἐλπίζει

147 4750 357 4819 τυχεῖν.
386 4747 503 4801 Καὶ
548 4748 578 4800 ὁ
627 4746 729 4817 μὲν
754 4749 869 4817 ἐρεῖ
890 4745 973 4812 τὸ,
1003 4746 1350 4816 διαπαντὸς,
1381 4750 1442 4803 οὑ
1473 4750 1612 4803 κατὰ
1648 4749 1741 4803 τοῦ

153 4840 394 4901 πλάτους
426 4837 539 4891 τῶν
572 4837 785 4892 αἰώνων
814 4836 1107 4900 τεθεῖσθαι,
1129 4839 1268 4893 ἀλλὰ
1300 4840 1440 4894 κατὰ
1467 4841 1569 4911 τῆς
1597 4840 1743 4912 ζωῆς

149 4932 248 4999 τῆς
277 4928 555 4999 αἰσθητῆς
578 4945 593 4959 ·
625 4928 813 4997 ἕτερος
842 4927 900 4981 δὲ
933 4928 1027 4982 καὶ
1052 4928 1195 4982 κατὰ
1234 4929 1327 4983 τοῦ
1372 4930 1607 4994 πλάτους
1635 4931 1744 4987 τῶν

151 5024 367 5077 αἰώνων
397 5022 463 5076 τὸ
498 5020 794 5085 διαπαντὸς
819 5020 1134 5093 ὲκλήψεται,
1162 5023 1247 5077 ἵνα
1340 5024 1401 5078 τὸ
1430 5026 1603 5096 πέρας
1646 5026 1747 5096 τῆς

153 5114 371 5177 ἐλπίδος
400 5116 437 5183 ἡ
461 5113 666 5181 γνῶσις
690 5113 792 5183 τῆς
818 5113 979 5182 ἁγίας
1006 5114 1288 5187 Τριάδος.]

220 5208 322 5275 Μὴ
350 5208 703 5276 ἀπορῤίψ-ῃς
737 5223 815 5276 με
853 5211 942 5274 εὶς
973 5207 1183 5275 καιρὸν
1202 5208 1412 5278 γήρως.
1445 5209 1628 5281 Γῆρας
1661 5211 1746 5267 ὲν-

154 5301 331 5354 ταῦθα
350 5301 452 5372 τὴν
478 5299 766 5353 ἀσθένειάν
788 5317 941 5371 φησι.
971 5300 1133 5369 Λέγει
1157 5296 1270 5366 οὖν,
1292 5302 1372 5354 ὅτι
1394 5300 1485 5373 Μὴ
1509 5303 1741 5370 γένοιτο,

156 5386 200 5443 ὦ
222 5391 492 5455 Δέσποτα,
526 5391 722 5461 καιρὸς
742 5391 863 5445 καθ’
893 5391 953 5445 ὃν
980 5391 1212 5467 ἀσθενὴς
1244 5391 1319 5446 ὢν
1346 5394 1705 5466 ὲπιδειχθείην
1727 5396 1740 5448 l

160 5481 395 5552 Σῖέχεται
420 5477 516 5536 οὖν
550 5482 822 5553 μηδέποτε
848 5481 948 5552 τῆς
980 5483 1060 5545 εἰς
1089 5481 1323 5555 Χριστὸν
1344 5481 1552 5545 ἐλπίδος
1579 5482 1742 5536 ἐκπε-

162 5579 293 5637 σεῖν,
320 5574 493 5639 Αὐτὸς
530 5573 642 5646 γάρ
677 5574 828 5629 ἐστιν
863 5575 897 5645 ή
933 5575 1084 5645 ἰσχὺς
1117 5575 1405 5647 ήμῶν.Ἐν
1447 5573 1527 5641 τῷ
1554 5576 1750 5632 ἐκλειο.

231 5760 271 5799 θ’
308 5756 462 5823 «Ιοιη.
493 5760 639 5826 1,1Ξ.

1852 4566 2251 4638 per_;spet'are?
2301 4563 2436 4619 Nam
2486 4565 2579 4633 qui
2634 4576 2849 4632 semper
2893 4570 3095 4632 sperat,
3140 4574 3419 4631 nunquam

1852 4672 1968 4712 rem
2003 4671 2166 4726 quam
2214 4663 2397 4724 sperat
2445 4654 2820 4723 consequitur.
2868 4652 3022 4708 Alius
3073 4652 3290 4722 quidem
3322 4653 3417 4717 ait,

1851 4750 1981 4806 illud
2014 4765 2235 4819 semper,
2266 4764 2373 4802 non
2409 4747 2730 4803 saeculorum
2763 4748 2995 4817 spatium
3022 4755 3285 4816 spectare,
3325 4747 3419 4801 sed

1851 4845 2016 4899 vitam
2042 4843 2218 4899 solum
2247 4843 2405 4896 istam
2451 4841 2761 4896 sensibilem
2792 4856 2806 4893 :
2845 4840 2980 4894 alter
3007 4839 3241 4909 spatium
3283 4852 3421 4906 quo-

1847 4949 1957 5005 que
2004 4932 2327 4987 saeculorum
2367 4931 2500 4985 illud
2534 4946 2734 4999 semper
2778 4938 3021 4999 spectare
3064 4928 3177 4991 ait,
3207 4934 3266 4980 ut
3305 4925 3420 4996 spei

1848 5025 2115 5080 terminus
2138 5022 2209 5077 sit
2234 5022 2473 5092 cognitio
2496 5029 2696 5076 sancta:
2731 5014 3062 5088 Trinitatis.]

1924 5203 1977 5258 9.
2032 5201 2116 5257 Ne
2160 5200 2413 5273 projicias
2458 5216 2538 5254 me
2573 5200 2630 5253 in
2663 5207 2891 5265 tempore
2918 5192 3214 5247 senectutis.
3253 5188 3421 5246 Sena-

1850 5304 2055 5351 ctutem
2093 5294 2181 5349 hic
2215 5302 2374 5349 vocat
2413 5291 2807 5345 inﬁrmitatem.
2861 5287 2952 5340 Ait
2997 5286 3201 5355 igitur:
3242 5282 3416 5348 Absit,

1850 5388 2102 5454 Domine,
2125 5395 2338 5456 tempus
2358 5386 2490 5440 illud
2521 5399 2628 5454 quo
2666 5380 2916 5437 inﬁrmus
2945 5393 3232 5448 appaream
3260 5378 3275 5431 !
3307 5377 3420 5432 lto-

1850 5489 1942 5553 gat
1967 5481 2133 5552 igitur
2151 5488 2211 5533 ut
2237 5492 2517 5548 nunquam
2546 5491 2644 5530 sua
2672 5475 2728 5529 in
2758 5473 3037 5528 Christum
3067 5486 3163 5540 spe
3185 5469 3416 5524 labatur.

1854 5573 1972 5645 ipse
2007 5587 2242 5644 namque
2270 5580 2353 5628 est
2380 5572 2553 5627 virtus
2581 5579 2789 5626 nostra.
2822 5567 2955 5624 Cum
2984 5566 3231 5632 defecerit
3253 5563 3420 5618 virtut
