3786 6278
435 316 540 374 319

1242 319 1299 376 S.
1344 320 1712 379 ATHANASH
1750 322 1907 381 OPP.
1938 322 2120 379 PARS
2155 322 2244 380 ιη.
2286 355 2354 369 -
2393 322 2807 381 EXEGETICA.

3524 296 3528 299 ’
3556 321 3669 379 σεο

434 449 549 486 mea
572 448 633 486 ne
667 429 999 500 derelinquas
1036 448 1135 487 me.
1176 431 1399 490 Etiamsi
1427 435 1715 507 contigerit
1750 436 1882 491 mihi
1910 445 1988 500 ut,

2096 449 2227 490 πειν
2268 436 2379 504 τὴν
2416 438 2601 505 ισχύν
2634 455 2753 507 μου
2793 434 2880 506 μὴ
2922 430 3330 505 ’ἐδιπαταιίπῃς
3347 451 3443 503 με.
3475 434 3538 488 El
3570 435 3661 491 καὶ

434 526 597 578 homo
624 538 747 577 cum
771 522 898 585 sim,
929 523 983 577 in
1021 522 1299 593 peccatum
1328 527 1537 591 cadam,
1554 536 1634 582 ‘ne
1659 542 1746 580 me
1773 537 1996 596 propter

432 622 711 683 peccatum
752 613 996 677 deseras,
1030 612 1277 682 Domine,
1310 616 1403 671 sed
1428 632 1519 673 me
1543 617 1740 671 iterum
1775 631 1993 683 revoca,

432 704 671 757 clemens
701 716 823 758 cum
857 703 949 758 sis.

503 796 590 849 10,
615 795 751 861 Quia
781 795 1029 850 dixerunt
1066 794 1270 847 inimici
1304 795 1403 848 mei
1434 794 1583 849 mihi.
1624 794 1761 850 Illud
1795 812 1809 849 :
1854 794 1996 861 Quia

432 888 703 951 dixerunt,
760 889 999 959 positum
1048 902 1143 955 pro
1190 906 1203 941 :
1250 886 1325 941 Ne
1373 887 1512 943 forte
1561 888 1747 943 dicant
1787 888 1995 943 inimici

433 981 537 1033 mei
570 998 582 1033 :
609 978 980 1048 lrrumpamtts
1003 979 1055 1031 in
1078 993 1226 1044 eum,
1249 978 1351 1032 erit
1371 980 1569 1049 quippe
1600 980 1759 1035 nobis
1783 979 1836 1032 in
1863 993 2019 1049 pran

428 1069 576 1133 dam,
605 1068 712 1123 Deo
742 1084 847 1122 non
873 1070 1195 1137 opitulante.

501 1159 589 1219 12.
634 1158 768 1212 Deus
791 1173 953 1221 meus,
996 1173 1059 1209 ne
1096 1156 1353 1225 elongeris
1393 1172 1425 1208 a
1459 1173 1558 1211 me.
1591 1157 1859 1227 Quoniam
1894 1158 1995 1228 igi-

428 1256 517 1302 tur
546 1248 595 1301 id
620 1248 692 1301 illi
720 1247 928 1306 dicunt,
966 1262 1032 1300 ne
1058 1246 1264 1299 diutius
1295 1244 1512 1301 dilferas
1536 1250 1822 1307 auxilium.
1854 1247 1994 1305 Deus

427 1359 599 1405 meus,
628 1343 683 1394 in
707 1340 965 1393 auxilium
997 1355 1166 1392 meum
1195 1339 1407 1408 respice.

499 1513 583 1566 l3.
635 1510 1037 1581 Confundantur
1077 1522 1126 1566 et
1157 1513 1403 1582 deﬁciant
1433 1514 1762 1570 detrahentes
1800 1518 1995 1572 animi:

426 1615 573 1653 meae.
621 1598 1068 1670 Quandoquidem
1114 1601 1238 1671 ipsi,
1278 1601 1476 1672 inquit,
1513 1604 1774 1674 impetum
1822 1606 1875 1659 in
1906 1621 1993 1660 me

427 1689 690 1756 fecerunt,
726 1692 825 1745 rati
870 1708 956 1748 me
1001 1709 1032 1747 a
1065 1702 1117 1748 te
1150 1694 1464 1750 derelictum
1502 1714 1525 1763 ;_
1557 1701 1601 1751 si
1639 1697 1899 1752 auxilium
1918 1698 2003 1754 af-.

2099 526 2294 599 συνέϐη
2327 527 2611 599 ἄνθρωπον
2640 528 2789 591 ὅντα,
2826 525 3134 597 φησὶ,ποτέ
3164 527 3448 597 ἁμαρτεῖν,
3484 525 3557 596 μὴ
3574 526 3662 581 διὰ

2094 618 2194 688 τὴν
2222 618 2497 689 ἁμαρτίαν
2534 619 2905 691 ἐγκαταλίπῃς
2940 637 3027 689 με,
3052 618 3225 689 Κύριε
3246 634 3259 648 ·
3294 616 3430 672 ἀλλά
3456 619 3659 677 ἀνακά-

2094 708 2249 762 λεσαι
2275 709 2438 764 πάλιν
2464 710 2540 774 ὡς
2564 710 2958 789 φιλάνθρωπος.

2168 802 2287 854 Ὅτι
2319 797 2493 855 εἶπον
2522 805 2576 855 οί
3016 803 3167 871 ἐμοί.
3201 803 3429 866 Ἰ’δ,”Οτι
3468 798 3655 864 εἶπεν,

2093 892 2215 946 ἀντὶ
2238 890 2332 944 τοῦ
2352 909 2365 921 ·
2393 892 2619 961 Μήποτε
2651 892 2856 945 εἴποιεν
2884 894 2934 946 οἰ
2963 892 3145 964 ἐχθροί
3181 910 3301 963 μου,
3319 892 3659 963 Ἑπιθὼμεθα

2094 985 2245 1055 αὐτῷ
2265 1003 2278 1016 ·
2305 985 2465 1039 ἔσται
2485 985 2595 1057 γάρ
2617 988 2746 1057 ἡμῖν
2771 987 2851 1050 είς
2881 986 3177 1058 προνομὴν,
3210 984 3284 1057 μὴ
3308 984 3659 1056 ἐπικουροῦν-

2091 1094 2185 1141 τος
2207 1077 2363 1132 Θεοῦ.

2174 1170 2238 1222 '0
2276 1169 2420 1234 Θεός
2463 1186 2605 1237 μου,
2649 1168 2735 1238 μὴ
2778 1168 3091 1237 μακρύνῃς
3131 1167 3231 1221 ἀπ’
3264 1166 3409 1237 ἐμοῦ
3447 1166 3657 1238 Ἐπειδὴ

2091 1259 2270 1313 τοίνυν
2305 1262 2505 1313 ἐκεῖνοι
2524 1259 2696 1313 ταῦτά
2721 1276 2874 1328 φασι,
2917 1259 2991 1329 μὴ
3035 1259 3389 1328 ἐπιμήκιστον
3419 1256 3657 1329 suam;

2091 1348 2189 1419 τὴν
2223 1348 2494 1420 βοήθειαν.
2512 1350 2566 1402 Ὀ
2610 1350 2754 1415 Θεός
2791 1366 2931 1418 μου,
2971 1351 3058 1415 εις
3084 1347 3198 1416 τὴν
3219 1346 3512 1415 ,ϐοήθειάν
3541 1364 3656 1415 μου

2092 1442 2208 1507 πρό
2209 1456 2252 1491 σ
2253 1457 2373 1509 χες.

2162 1531 2675 1600 Αίσχυνθήτωσαν
2699 1530 2795 1583 καί
2824 1527 3261 1583 ἐηειπέτωσαν
3279 1530 3333 1583 οι
3352 1527 3656 1582 ἐνδιαϐάλ-

2090 1626 2303 1689 λοντες
2330 1621 2445 1690 τὴν
2474 1620 2684 1691 ψυχήν
2711 1638 2852 1689 μου.
2869 1620 3137 1683 Ἐπειδὰν,
3172 1621 3392 1674 ἐκείνων
3424 1620 3657 1673 ἐπιτιθεμ-

2096 1712 2296 1784 μένων,
2328 1712 2481 1783 φησὶ,
2508 1710 2595 1765 διὰ
2616 1711 2679 1764 τὸ
2702 1710 2849 1776 δόξαι
2885 1727 2950 1781 με
2988 1710 3480 1781 ἐγκαταλειφθῆναι
3512 1711 3654 1782 παρᾶ

426 1779 724 1851 leras,pr:e
760 1783 965 1852 pudore
1022 1785 1125 1853 ipsi
1172 1785 1473 1853 discedent,
1523 1804 1648 1872 cum
1699 1804 1868 1874 vanas
1891 1790 1987 1845 de-

2096 1779 2210 1866 σοῦ,
2244 1803 2293 1855 εἰ
2316 1779 2589 1874 βοηθήσῃς
2613 1800 2795 1864 αὐτὸς,
2816 1779 2967 1854 αὐτοὶ
2992 1804 3073 1865 εἰς
3101 1802 3360 1874 αἰσχύνην
3380 1779 3649 1873 -άποστραρ

425 1874 812 1942 prehenderint
849 1877 1155 1930 calumnias
1176 1875 1230 1929 in
1260 1880 1496 1936 animam
1528 1862 1703 1935 meam
1728 1866 1987 1938 structas.

424 1964 555 2031 Quae
576 1979 752 2021 autem
782 1966 885 2023 illa
919 1968 1217 2025 calumnias
1258 1982 1404 2036 sunt,
1441 1972 1547 2027 nisi
1580 1988 1701 2043 quae
1736 1972 1997 2029 dicebant

422 2058 500 2112 illi
526 2076 540 2112 :
571 2057 708 2112 Deus
727 2060 1000 2129 dereliquit
1031 2077 1150 2113 eum
1180 2064 1205 2117 ?

505 2150 595 2206 it.
635 2149 746 2221 Ego
768 2161 943 2204 autem
968 2168 1170 2221 semper
1212 2153 1503 2222 speraboin
1535 2162 1600 2207 te.
1628 2152 1744 2209 Non
1772 2165 1991 2211 cessant

420 2243 564 2298 enim
606 2259 700 2313 per
745 2246 943 2314 scripta
988 2261 1085 2299 sua
1128 2261 1277 2316 spem
1340 2263 1468 2318 erga
1509 2246 1788 2301 Christum
1829 2262 1985 2301 suam

419 2333 685 2389 conﬁteri.
726 2333 794 2388 Et
834 2336 1083 2404 adjiciam
1130 2354 1287 2407 super
1326 2354 1531 2391 omnem
1569 2336 1789 2389 laudem.
1814 2346 1982 2391 tuam.

422 2425 521 2480 Per
562 2426 791 2497 hymnos
839 2442 1030 2483 eorum
1089 2430 1183 2499 qui
1234 2430 1478 2500 ipsorum
1538 2444 1701 2501 opera
1754 2430 1984 2483 salutem

418 2519 698 2574 consecuti
731 2529 880 2574 sunt.

489 2606 579 2661 15.
627 2606 699 2662 0s
757 2625 925 2662 meum
970 2607 1310 2661 annuntiabit
1351 2607 1626 2677 justitiam
1658 2618 1825 2662 tuam.
1865 2607 1984 2662 Non

416 2711 593 2763 cesso,
644 2697 842 2767 inquit,
882 2691 1141 2763 Domine,
1176 2713 1390 2769 semper
1444 2698 1714 2768 justitiam
1747 2710 1893 2754 tuam
1928 2703 1980 2756 in

416 2803 512 2843 ore
546 2805 784 2845 versare.
829 2790 1037 2845 Etenim
1074 2791 1288 2861 jnstitia
1326 2790 1505 2849 Patris
1539 2801 1623 2845 est
1660 2790 1985 2861 Unigenitus

415 2878 554 2948 ejus.
586 2879 715 2934 Nam
740 2882 916 2952 genita
951 2882 1109 2937 nobis
1137 2892 1219 2937 est
1245 2881 1459 2952 juslitia
1494 2896 1524 2935 a
1565 2880 1673 2936 Deo
1707 2882 1863 2952 juxta
1895 2898 1985 2938 sa-

415 2986 566 3024 crum
606 2973 923 3041 Apostolum
956 2975 1021 3029 ⁸³.
1064 2973 1195 3027 Tota
1234 2975 1319 3027 die
1348 2974 1585 3028 salutare
1620 2984 1790 3028 tuum.
1822 2973 1979 3029 Sem—

416 3077 528 3131 per,
560 3064 755 3134 inquit,
782 3081 990 3121 memor
1024 3081 1120 3121 ero
1160 3066 1481 3121 mconomiae
1507 3081 1615 3136 qua
1641 3066 1799 3120 nobis
1834 3066 1980 3121 salu-

414 3162 520 3207 tem
558 3155 816 3225 elargitus
853 3174 933 3213 es.
981 3159 1244 3225 Quoniam
1299 3175 1403 3213 non
1454 3159 1667 3229 cognovi
1708 3158 1977 3212 litteratu-

414 3261 549 3298 ram.
582 3245 680 3301 Per
703 3248 1061 3304 litteraturam
1112 3261 1207 3305 aut
1237 3267 1403 3307 vanas
1435 3261 1490 3306 et
1524 3252 1830 3322 implicatas
1854 3250 1980 3305 vitae

412 3335 793 3394 distractiones
837 3340 1112 3411 intelligit,
1156 3351 1252 3396 aut
1294 3343 1445 3397 varia
1493 3358 1615 3414 quae
1669 3343 1755 3397 lex
1782 3341 1980 3397 offerre

407 3426 633 3496 jubebat
665 3430 956 3486 sacrilicia.
982 3432 1233 3510 Quando,
1272 3434 1468 3504 inquit,
1498 3450 1597 3489 eas
1616 3449 1809 3489 omnes
1828 3433 1980 3504 ahje-

411 3519 483 3585 ci,
528 3518 583 3573 in
628 3536 890 3590 supernas
931 3524 1173 3578 introiho
1200 3525 1536 3590 mansiones,
1604 3525 1836 3579 Domino
1874 3526 1980 3578 vir-

410 3617 581 3664 tutem
627 3612 758 3666 mihi
800 3614 868 3667 ad
905 3630 1026 3669 eam
1069 3632 1181 3671 rem
1222 3618 1513 3687 praebente.
1564 3617 1751 3672 Simile
1793 3625 1974 3672 autem

408 3712 492 3756 est
513 3703 659 3758 dicto
697 3705 825 3761 huic
863 3726 876 3762 :
916 3707 1053 3763 Ecce
1098 3728 1190 3764 nos
1225 3712 1531 3782 reliquimus
1576 3713 1774 3777 omnia,
1807 3720 1857 3763 et
1895 3726 1977 3764 se-

409 3796 522 3849 cuti
563 3813 748 3853 sumus
793 3810 861 3866 te,
889 3803 1015 3871 quid
1040 3819 1157 3874 ergo
1174 3804 1273 3856 erit
1303 3806 1452 3857 nobis
1472 3804 1515 3835 ⁸³
1534 3804 1557 3856 ?
1576 3803 1712 3859 Cum
1745 3803 1975 3871 hujusce

408 3887 487 3941 rei
515 3901 680 3942 causa
707 3892 1122 3959 promissionem
1152 3895 1300 3965 regni
1325 3895 1591 3949 cmlorum
1624 3902 1972 3963 acceperunt.

475 4168 563 4224 16.
608 4167 843 4223 lntroibo
874 4169 929 4222 in
962 4171 1225 4239 potentias
1271 4169 1503 4227 Domini.
1552 4171 1667 4228 Tua
1694 4174 1889 4230 virtute
1918 4185 1973 4232 et

402 4261 606 4317 auxilio
629 4263 933 4334 ingressum
954 4264 1227 4319 inveniam
1256 4263 1322 4317 ad
1346 4272 1544 4317 terram
1568 4267 1969 4333 promissionis.

403 4350 648 4417 Domine,
677 4354 1006 4408 memorabor
1034 4354 1265 4423 justitia:
1306 4362 1412 4407 tua:
1459 4354 1646 4408 solius.
1693 4354 1972 4412 Praedictis

2091 1896 2375 1964 φήσονται,
2404 1892 2500 1949 ἆτε
2537 1893 2770 1963 ματαίας
2799 1894 3073 1965 εὑρόντες,
3098 1893 3164 1958 ἃς
3197 1895 3339 1948 κατὰ
3360 1896 3458 1965 τῆς
3483 1894 3654 1964 ψυχῆς

2093 2002 2193 2055 μου
2236 1985 2561 2056 ἐποιήσαντο
2590 1983 2857 2047 διασολάς.
2889 1985 3048 2047 Τίνες
3078 1985 3135 2037 δὲ
3178 1986 3233 2037 al
3274 1984 3518 2038 διαϐολαὶ
3541 1984 3573 2056 ἢ
3600 1984 3651 2037 at

2088 2075 2342 2145 λέγουσαι
2361 2091 2374 2105 ο
2421 2075 2473 2127 '0
2504 2074 2647 2140 Θεὸς
2670 2074 3060 2145 ἐγκατέλιπεν
3084 2075 3308 2137 αὐτόν;

2171 2164 2312 2234 Ἐγὼ
2357 2164 2425 2222 δὲ
2468 2163 2795 2229 διαπαντὸς
2818 2163 3004 2218 ἐλπιῶ
3035 2162 3135 2222 ἐπὶ
3160 2163 3253 2218 σέ.
3285 2164 3361 2218 Οὐ
3393 2162 3650 2218 παύονται

2086 2256 2195 2327 γὰρ
2218 2255 2307 2309 διὰ
2344 2254 2451 2311 τῶν
2498 2255 2644 2309 ἰδίων
2677 2255 3126 2330 συγγραμμάτων
3146 2253 3533 2324 ὁμολογοῦντες
3559 2252 3651 2323 τὴ)

2086 2348 2274 2403 ἐλπίδα
2298 2348 2396 2418 τὴν
2426 2348 2505 2411 εἰς
2533 2347 2790 2419 Χριστόν.
2828 2348 2941 2401 Kal
2965 2346 3290 2415 προσθήσω
3320 2346 3421 2399 ἐπὶ
3453 2344 3651 2401 πᾶσαν

2085 2441 2199 2510 τὴν
2221 2441 2461 2493 αινεσίν
2485 2454 2623 2494 σου.
2654 2438 2755 2494 Διὰ
2781 2440 2880 2511 τῆς
2905 2438 3229 2511 ὐμνολογίας
3255 2438 3362 2491 τῶν
3385 2438 3455 2491 δι’
3480 2438 3650 2492 αὐτῶν

2085 2532 2441 2603 σωζομένων..

2162 2626 2229 2678 Τὸ
2259 2626 2452 2691 στόμα
2468 2640 2588 2692 μου
2617 2619 2940 2691 ἀναγγελεῖ
2963 2620 3077 2687 τὴν
3102 2620 3500 2687 δικαιοσύνην
3518 2634 3644 2676 σου.

2096 2714 2216 2767 Ἐπί
2260 2714 2522 2784 στόματος
2550 2712 2657 2775 ἀεὶ,
2691 2712 2876 2781 φησὶν,
2907 2706 2952 2767 ὦ
2975 2711 3242 2773 Δέσποτα,
3273 2710 3375 2781 τὴν
3420 2710 3521 2781 σὴν
3560 2710 3648 2779 φέο

2085 2821 2198 2876 ρειν
2231 2804 2576 2874 δικαιοσύνην
2624 2804 2695 2863 οὐ,
2741 2803 3005 2875 παύομαι.
3039 2803 3361 2875 Δικαιοσύνη
3410 2803 3520 2875 γὰρ
3561 2799 3644 2859 sui.

2083 2893 2295 2967 Πατρὸς
2319 2897 2347 2947 ὁ
2372 2893 2683 2965 Μονογενὴς
2731 2893 2917 2949 αὑτοῦ.
2936 2892 3226 2965 Ἐγεννήθη
3258 2893 3364 2965 γὰρ
3404 2895 3535 2964 ἡμῖν
3574 2891 3651 2945 δι-ιι

2083 2986 2340 3057 καιοσύνη
2371 2986 2478 3040 άπὸ
2506 2986 2640 3039 Θεοῦ
2668 2985 2810 3043 κατὰ
2834 2986 2923 3038 τὸν
2958 2986 3100 3058 ἱερὸν
3128 2984 3646 3052 Ἀπόστολον.”0.ιην

2082 3076 2195 3142 τὴν
2227 3076 2456 3145 ἡμέραν
2501 3076 2617 3145 τὴν
2648 3079 2954 3146 σωτηρίαν
3002 3092 3137 3132 σου.
3188 3078 3491 3141 Διαπαντὸς
3519 3093 3643 3149 μνη-

2083 3164 2372 3234 σθήσομαι,
2404 3162 2557 3233 φησί,
2592 3163 2692 3234 τῆς
2725 3164 3037 3235 οἰκονομίας
3068 3162 3144 3215 δι’·
3163 3157 3232 3233 ἧς
3253 3164 3383 3235 ἡμῖν
3411 3161 3514 3234 τὴν
3551 3178 3644 3214 σω-

2078 3254 2271 3325 τηρίαν
2337 3254 2597 3325 ἐχαρίσω.
2626 3253 2746 3306 Ὀτι
2807 3255 2918 3308 οὐκ
2982 3252 3177 3323 ἔγνων
3237 3252 3649 3322 γραμματείας..

2077 3346 2465 3418 Γραμματείας
2495 3345 2529 3417 ἢ
2560 3346 2687 3411 τοὺς
2723 3344 2984 3418 ματαίους
3014 3346 3109 3399 καὶ
3149 3345 3524 3408 πολυπλόκους
3559 3342 3641 3396 τοῦ

2077 3438 2197 3508 βίου
2240 3437 2662 3509 περισπασμούς
2705 3454 2892 3508 φησιν,
2922 3438 2954 3508 ἢ
2986 3437 3086 3502 τὰς
3111 3437 3200 3490 διὰ
3229 3434 3323 3490 τοῦ
3358 3436 3525 3508 νόμου
3561 3451 3643 3489 κε-

2057 3531 2438 3603 ⁵κελευσμὲνσις
2461 3530 2834 3603 πολυτρόπους
2858 3528 3223 3601 προσάγεσθαι
3248 3528 3461 3592 θυσίας.
3478 3530 3642 3582 Ἐπειο

2073 3623 2138 3694 δὴ
2180 3624 2383 3688 ταύτας
2437 3624 2749 3693 συμπάσας,
2782 3622 2969 3693 φησὶν,
3010 3620 3375 3692 ἐπεϐαλόμην,
3429 3623 3508 3685 είς
3552 3619 3640 3681 τὰς

2074 3714 2197 3771 ἄνω
2228 3714 2606 3786 εἰσελεύσομαι
2659 3717 2847 3786 μονὰς,
2881 3717 2961 3778 είς
2986 3714 3144 3767 τοῦτο
3165 3712 3396 3784 δύναμίν
3433 3728 3523 3783 μοι
3556 3709 3649 3793 τοῦ.

2074 3805 2281 3877 Κυρίου
2327 3807 2913 3877 παρέχοντος.Ὄμοιον
2950 3804 3006 3858 δὲ
3049 3804 3128 3876 τῷ
3163 3804 3474 3876 εἰρημένων
3508 3799 3639 3856 Ἰδοὺ

2072 3897 2245 3966 ἡμεῖς
2268 3896 2586 3966 ἀφήκαμεν
2613 3895 2829 3960 πάντα,
2862 3897 2963 3951 καί
2993 3893 3497 3963 ἠκολουθήσαμέν
3516 3905 3635 3946 σοι’

2072 3990 2128 4042 τί
2152 3987 2298 4057 ἡμῖν
2322 3988 2527 4052 forat;
2552 3989 2681 4040 Ὅτε
2711 3988 2806 4041 καὶ
2836 3990 2936 4059 τῆς
2962 3989 3070 4041 τῶν
3102 3986 3348 4059 οὐρανῶν
3376 3984 3638 4058 βασιλείας

2071 4077 2172 4149 τὴν
2200 4079 2496 4148 ὑπόσχεσιν
2523 4074 2612 4130 διὰ
2636 4076 2809 4129 ταῦτα
2847 4076 3109 4148 ἐδέχοντο.

2141 4170 2576 4238 Είσελεύσομαι
2613 4168 2684 4221 ἐν
2709 4167 3036 4236 δυναστείᾳ
3068 4168 3309 4235 Κιιρίου.
3339 4167 3418 4238 Τῇ
3450 4168 3514 4237 σῇ
3550 4163 3635 4218 δυ-

2069 4263 2233 4334 νάμει
2269 4264 2364 4317 καὶ
2397 4261 2620 4333 βοηθείᾳ
2649 4260 2910 4333 τεύξομαι
2937 4262 3038 4331 τῆς
3071 4261 3279 4315 εἰσόδου
3318 4261 3418 4332 τῆς
3449 4262 3526 4323 εἰς
3549 4245 3634 4328 τὴν

2070 4355 2174 4425 γῆν
2199 4354 2298 4424 τῆς
2327 4352 2676 4423 ἐπαγγελίας.
2711 4354 2906 4421 Κύριε,
2925 4350 3354 4422 μνησθήσομαι
3400 4350 3510 4419 τῆς
3547 4347 3637 4402 δι·-

401 4445 657 4500 omnibus
682 4445 950 4510 dimissis,
981 4446 1178 4516 inquit,
1197 4445 1369 4499 solius
1382 4445 1607 4514 justitia:
1632 4455 1735 4502 tuae
1763 4463 1969 4503 memor
2000 4470 2005 4522 ρ

2096 4448 2401 4514 ιαιοσύνης
2434 4461 2550 4503 σου
2576 4446 2792 4516 μόνου.
2833 4444 3017 4499 Πάντα
3061 4444 3129 4497 τὰ
3168 4444 3431 4516 εἰρημένα
3471 4439 3633 4510 ἀφεὶς,

398 4549 516 4601 ero,
548 4550 655 4605 qua
686 4552 785 4592 nos
818 4552 849 4591 a
875 4550 1095 4607 peccato
1118 4537 1381 4592 liherasti.

471 4713 558 4767 17.
594 4712 736 4769 Deus
765 4732 931 4781 meus,
964 4733 1080 4787 qua:
1106 4716 1336 4773 docuisti
1367 4736 1447 4775 me
1475 4738 1507 4774 a
1526 4720 1802 4789 jurentute
1830 4737 1967 4777 mea.

395 4804 443 4858 A
471 4806 666 4875 prima,
705 4816 762 4862 ut
801 4808 873 4862 ita
902 4807 1101 4875 dicam,
1131 4810 1220 4865 die
1254 4826 1361 4881 qua
1405 4811 1554 4880 ipsos
1595 4812 1780 4881 elegit,
1818 4813 1969 4868 dedit

398 4897 507 4953 illis
537 4912 600 4952 ea
635 4913 758 4969 qua;
792 4914 1018 4970 regnum
1063 4902 1326 4956 ctelorum
1378 4911 1642 4972 spectant.
1691 4903 1762 4957 Et
1805 4921 1969 4975 usque

397 5006 534 5044 nunc
552 4991 905 5058 pronuntiabo
934 4993 1203 5047 mirabilia
1239 5005 1353 5049 tua.
1395 4992 1512 5050 Non
1546 4996 1852 5059 immemor,
1885 4998 1970 5050 in-

396 5079 536 5147 quit,
568 5079 744 5137 tactus
779 5096 900 5137 sum
930 5096 1118 5135 eorum
1156 5097 1278 5151 quas
1300 5081 1497 5137 doctus
1522 5081 1599 5135 iui
1630 5100 1645 5135 :
1681 5081 1774 5138 sed
1802 5081 1968 5136 etiam

394 5187 460 5227 ea
489 5187 611 5242 qua:
639 5173 829 5241 didici,
858 5172 983 5230 aliis
1008 5174 1351 5229 annuntiavi.

469 5347 664 5413 18,19.
696 5349 765 5404 Et
795 5370 956 5425 usque
988 5356 1045 5409 in
1069 5364 1333 5411 senectam
1364 5362 1414 5410 et
1445 5354 1670 5408 senium.
1694 5351 1965 5419 Quoniam

400 5438 515 5510 ipse
544 5440 797 5499 Christus
832 5457 1121 5518 postquam
1151 5447 1451 5503 resurrexit
1497 5461 1528 5500 a
1574 5447 1805 5502 mortuis
1836 5462 1967 5517 pro-

401 5531 550 5588 misit
574 5533 656 5588 cis
679 5534 867 5593 dicens
897 5537 964 5594 “.
997 5538 1128 5593 Ecce
1150 5539 1415 5593 vobiscum
1453 5554 1569 5592 sum
1595 5539 1834 5594 omnibus
1853 5539 1967 5593 die-

2079 4538 2232 4610 φησὶ,
2254 4537 2421 4610 μόνης
2443 4535 2802 4608 μνημονεύσω
2827 4536 2927 4607 τῆς
2947 4535 3313 4605 δικαιοσύνης,
3334 4535 3399 4590 δι’
3418 4529 3486 4606 ἦς
3502 4531 3634 4603 ἡμᾶς

2076 4629 2173 4697 τῆς
2198 4628 2473 4699 ἁμαρτίας
2499 4629 2893 4700 ὴλευθέρωσας.

2152 4700 2211 4771 Ὅ
2247 4720 2391 4785 Oed;-
2413 4738 2553 4789 μου,
2587 4718 2624 4774 ἃ
2664 4716 2946 4784 ἐδίδαξάς
2978 4734 3079 4787 μοι
3107 4716 3175 4771 ἐκ
3204 4716 3486 4781 νεότητός
3505 4728 3629 4784 μου.

2087 4811 2219 4864 Ἀπὸ
2246 4811 2356 4883 γὰρ
2385 4812 2630 4883 πρώτης,
2657 4812 2732 4875 ὡς
2756 4812 2953 4877 εἰπεῖν,
2980 4810 3214 4881 ἡμέρας,
3239 4805 3307 4881 ἦς
3335 4808 3528 4870 αὐτοὺς
3564 4802 3633 4866 ἐξ·

2073 4900 2638 4975 ελέξατο,παρέδωκεν
2663 4905 2846 4966 αὐτοῖς
2873 4902 2941 4955 τά
2973 4903 3101 4974 περὶ
3128 4901 3226 4971 τῆς
3249 4899 3520 4971 βασιλείας
3537 4895 3631 4948 τῶν

2072 4993 2337 5066 οὐρανῶν.
2371 4996 2481 5053 Kal
2510 4994 2687 5065 μέχρι
2721 4996 2827 5049 τοῦ
2849 4995 2968 5049 νῦν
2997 4991 3312 5064 ἀπατηθελῶ
3340 4992 3414 5045 τὰ
3437 4984 3632 5056 Gavini-

2073 5084 2179 5139 σιά
2209 5099 2346 5140 σου.
2384 5086 2497 5140 Οὐκ
2528 5087 2819 5157 ἀμνήμων,
2859 5086 3043 5156 φησὶν,
3078 5079 3153 5138 ὧν
3186 5082 3467 5153 ἐδιδάχθην
3490 5074 3629 5145 γεγέ-

2073 5194 2273 5249 νημαι’
2325 5177 2439 5230 ἀλλ’
2470 5176 2614 5249 ἆπερ
2643 5178 2803 5241 αὐτὸς
2836 5177 3059 5249 ἔμαθον,
3089 5176 3263 5230 ταῦτα
3295 5177 3388 5229 καὶ
3415 5176 3522 5236 τοῖς
3547 5168 3630 5223 ἄλ·

2073 5266 2186 5332 λοις
2210 5268 2541 5340 ἀπήγγειλα.

2145 5360 2254 5415 Kal
2284 5360 2395 5426 ἕως
2433 5360 2628 5430 γήρως
2667 5362 2766 5416 καί
2813 5360 3153 5430 πρεσϐείου.
3173 5357 3386 5428 Ἐπειδὴ
3429 5351 3579 5413 itif-‘56
3598 5347 3624 5401 ‘5

2074 5452 2314 5524 Χριστὸς
2341 5452 2476 5521 μετὰ
2507 5453 2603 5525 τὴν
2624 5456 2689 5508 ἐκ
2713 5454 2922 5527 νεκρῶν
2954 5451 3246 5507 ἀναὸίωσιν
3275 5449 3533 5518 ὑπέσχετο
3556 5440 3625 5493 λέ·

2074 5561 2187 5612 γων
2219 5544 2402 5608 αὐτοῖς
2423 5561 2435 5575 ·
2473 5544 2626 5600 Ἰδοὺ
2646 5547 2775 5616 μεθ’
2798 5544 2964 5616 ὑμῶν
2983 5548 3098 5614 ειμι
3133 5541 3334 5608 πάσας
3362 5539 3466 5605 τὰς
3499 5529 3622 5604 ἦρά

469 5697 563 5751 ⁸⁸1
598 5696 891 5765 (ἶοτ.1,50.
969 5699 1013 5731 ⁸⁸
1068 5696 1257 5753 Matth.
1318 5700 1538 5765 six,‘27.
1618 5700 1662 5732 “
1720 5698 1907 5756 Matth.
1943 5717 2005 5756 xx

2096 5720 2127 5760 ι.
2154 5703 2242 5760 20.
