3786 6278
110 342 203 400 32!
1163 342 1543 401 EXPOSITIO
1581 342 1651 399 ιιι
1688 336 2021 398 ΡεΑωιυιι
2060 338 2221 397 LXX.
3281 333 3389 391 δὴ

105 473 211 527 ρας
235 452 363 519 ἕως
394 451 513 521 τῆς
533 457 894 523 συντελείας
921 456 1027 511 τοῦ
1055 456 1269 527 αἰῶνος
1286 476 1300 490 ·
1329 459 1517 513 τούτου
1556 459 1692 532 χάρι·

1820 459 1910 514 bus
1939 474 2098 529 usque
2136 458 2206 511 ad
2251 457 2754 511 consummationem
2797 453 3019 521 steculi,
3061 452 3185 509 ideo
3232 465 3390 524 rugat

111 549 251 601 αἰτεῖ
303 548 535 619 ταύτην
596 547 749 618 αὑτῷ
790 548 1145 621 πληρωθῆναι
1193 550 1293 623 τὴν
1331 551 1692 623 ὑπόσχεσιν.⁹(

1820 564 1936 604 eam
1964 544 2380 619 promissionem
2410 563 2538 618 erga
2582 563 2641 604 se
2670 546 2903 618 impleri.
2955 546 3089 600 Dens
3131 561 3297 611 meus,
3324 561 3387 597 ne

116 640 253 705 Θαςς
279 656 443 709 pou,
476 638 564 709 μὴ
596 639 1039 710 ἐγκαταλείπῃς
1062 658 1160 710 με,
1189 641 1300 709 ἔως
1325 641 1401 697 ἂν
1437 643 1692 712 ἁπαγγεί

1820 639 2149 710 derelinquas
2183 656 2282 700 me.
2310 640 2473 697 donec
2494 640 2799 693 annuntiem
2829 637 3101 692 brachium
3131 646 3301 691 tuum.
3328 637 3385 690 Si

112 736 191 785 Ju
239 731 360 784 τὸν
403 731 722 802 βραχίονά
765 734 1046 788 σου.Ἐάν
1079 733 1154 806 μὴ
1187 735 1585 808 ὲγκαταλείπῃς
1625 752 1691 806 με

1820 749 1926 800 me,
1955 733 2148 803 inquit,
2174 732 2328 802 juxta
2355 733 2772 802 promissionem
2813 741 2962 785 tuam
3005 746 3112 784 non
3146 728 3385 784 derelin~

112 824 260 895 φησι,
292 825 455 877 κατὰ
487 826 593 895 τὴν
620 824 717 895 σὴν
739 826 1052 897 ὑπόσχεσιν,
1098 820 1142 879 ὧ
1172 818 1439 892 Δέσποτα,
1465 829 1586 881 τότε
1626 845 1689 897 γε

1820 841 1976 896 quas,
2003 823 2247 890 Domine,
2282 835 2412 879 tunc
2442 823 2684 878 futurum
2720 832 2803 879 est
2845 832 2904 877 ut
2937 822 3255 876 annuntiem
3290 835 3385 874 “o-

110 918 335 984 στήσεται
382 914 627 969 δυνατὸν
654 915 744 968 τὸν
777 916 868 969 σὸν
907 917 1241 986 ἀπαγγεῖλαι
1272 918 1533 990 βραχίονα
1562 921 1626 990 τῇ
1659 921 1692 971 ὲλ

1820 918 2037 973 bustum
2069 917 2352 973 brachium
2388 925 2539 971 tuum
2583 916 2724 971 lideli
2758 914 3089 986 generationi
3120 930 3184 970 ex
3209 912 3385 983 genti-

112 1005 274 1058 ἐθνῶν
305 1006 572 1078 ἐσομένη
616 1009 781 1078 πιστῇ
814 1009 996 1079 γενεᾷ.
1023 1010 1120 1073 Τίς
1152 1009 1210 1063 δὲ
1251 1011 1280 1062 ὀ
1320 1010 1559 1082 βραχίων
1595 1012 1687 1063 ὲπι

1820 1008 1922 1065 bus
1943 1009 2157 1064 futurae.
2193 1008 2332 1076 Quid
2363 1016 2543 1063 autem
2574 1007 2650 1063 sit
2681 1008 2963 1062 brachium
2997 1005 3268 1062 subinfert
3298 1006 3386 1060 his

114 1098 260 1169 φέρει
286 1098 488 1168 λέγων
508 1116 522 1128 ·
561 1097 682 1166 Τὴν
710 1098 1075 1155 δυναστείαν
1096 1116 1217 1156 σου
1246 1102 1343 1156 καὶ
1369 1101 1484 1170 τὴν
1507 1102 1692 1156 amata

1820 1102 2036 1156 verbis:
2065 1100 2365 1155 Potentiam
2415 1110 2557 1154 tuam
2595 1109 2645 1153 et
2682 1099 2948 1169 justitiam
2983 1108 3149 1155 tuam.
3183 1097 3386 1153 Poten—

112 1192 310 1256 συί-νην
340 1204 501 1243 σου.
529 1189 645 1243 Καὶ
686 1189 1003 1244 δυναστείαν
1043 1191 1163 1262 μὲν,
1210 1191 1297 1245 διὰ
1329 1192 1391 1245 τὸ
1419 1190 1579 1262 δῆσαι
1626 1192 1692 1244 τδε

1820 1194 1950 1250 tiam
1971 1194 2123 1259 dicit,
2149 1195 2277 1264 quia
2311 1194 2496 1263 ligavit
2518 1192 2711 1248 fortem
2738 1192 2889 1247 illum
2921 1201 2976 1247 et
3004 1191 3232 1261 diripuit
3256 1206 3383 1246 vasa

118 1281 339 1351 ἰσχυρόν
366 1297 541 1351 φησι,
571 1282 667 1334 καὶ
688 1280 984 1353 διαρπάσαι
1007 1282 1077 1336 τὰ
1103 1281 1273 1353 σκεύη
1295 1282 1460 1336 αὑτοῦ
1480 1282 1692 1337 ὀδικαιο

1820 1286 1938 1357 ejus
1970 1287 2281 1357 ;justitiam
2318 1300 2469 1353 vero,
2518 1286 2644 1356 quia
2692 1302 2792 1340 nos
2825 1284 3135 1355 captivitate
3182 1284 3386 1354 injuste

115 1375 273 1444 σύνην
296 1374 388 1437 δὲ,
422 1375 515 1426 ὅτι
548 1373 748 1437 ἀδίκως
774 1375 922 1445 ἡμᾶς
949 1374 1295 1447 αἰχμαλωσίᾳ
1324 1375 1692 1445 κατεχομένου

1820 1380 2065 1435 detentus
2098 1378 2345 1435 redemit.
2380 1379 2516 1434 Deus
2550 1396 2712 1450 usque
2746 1379 2802 1432 in
2845 1378 3132 1431 altissima.
3159 1380 3388 1432 Annum

116 1465 487 1538 λελῦτρωται.
505 1466 561 1517 Ὀ
598 1464 742 1531 Θεὸς
775 1465 887 1531 ἕως
918 1465 1037 1519 τῶν
1059 1468 1353 1535 ὑψίστων.
1372 1467 1692 1538 Ἀπαγγελῶ

1820 1471 1988 1534 tiabo,
2034 1472 2231 1540 inquit,
2274 1471 2416 1540 quod
2458 1487 2565 1525 non
2600 1469 2762 1525 modo
2812 1478 3046 1534 terrena,
3082 1470 3175 1524 sed
3220 1471 3384 1523 etiam

117 1558 296 1628 φησὶν,
335 1559 433 1611 ὅτι
473 1558 536 1611 οὗ
568 1559 726 1629 μόνον
759 1558 827 1613 τά
859 1559 952 1612 ἐπὶ
990 1557 1114 1629 γῆς,
1148 1558 1286 1612 ἀλλὰ
1318 1560 1411 1613 καὶ
1440 1561 1509 1613 τὰ
1534 1563 1592 1614 ὲν
1626 1563 1686 1615 οῦ

1820 1564 2060 1620 εωιεεῑὶα
2078 1579 2171 1633 per
2193 1564 2471 1634 proprium
2502 1562 2821 1633 sanguinem
2853 1561 3175 1617 redemeris.
3200 1561 3387 1616 Simile

114 1651 292 1719 ρανοίς
348 1648 453 1702 διὰ
501 1648 600 1702 τοῦ
652 1649 779 1703 ίδίου
820 1648 1108 1721 ὲλυτρὼσω
1154 1652 1635 1723 αἴματος.”()μοιον
1662 1654 1691 1707 δ

1820 1667 1997 1712 autem
2032 1668 2113 1712 est
2143 1657 2219 1711 illi
2250 1676 2262 1711 :
2298 1656 2560 1722 Quoniam
2582 1666 2629 1710 et
2655 1657 2769 1725 ipsa
2801 1664 3044 1709 creatura
3077 1653 3387 1708 liberabitur

114 1737 215 1807 τῷο
250 1740 384 1792 ὀτι
417 1738 523 1792 καί
558 1738 711 1807 αὑτὴ
752 1741 790 1809 ἠ
820 1740 1015 1806 κτίσις
1038 1741 1572 1810 ἐλευθερωθήσεται
1601 1744 1692 1797 dm

1822 1765 1854 1801 a
1895 1749 2141 1803 servitute
2181 1750 2528 1817 corruptionis
2564 1749 2630 1820 ξ’.
2682 1741 2821 1802 υὶιιε
2862 1749 2978 1820 quis
3015 1749 3206 1803 similis
3244 1747 3388 1805 tibi.’
3468 1754 3473 1765 '

116 1829 218 1896 τῆς
234 1828 550 1896 δουλείας
578 1829 689 1898 τῆς
712 1831 957 1899 φθορᾶς.
977 1832 1039 1885 Ὀ
1061 1834 1225 1900 Θεὸς,
1246 1809 1344 1901 τίς
1371 1834 1570 1904 ὅμοιός
1600 1852 1692 1889 σοι

1822 1838 2036 1894 Gratias
2052 1840 2182 1910 agit,
2202 1839 2370 1909 quod,
2386 1813 2599 1895 etiamsi
2623 1840 2752 1893 olim
2779 1840 2974 1893 merito
2993 1839 3199 1908 peccati
3221 1856 3386 1895 causa

117 1922 464 1993 Εὖχαριστεῖ
502 1922 592 1991 ἐφ’
619 1918 723 1987 οἷς,
759 1924 937 1977 καίτοι
964 1923 1132 1978 πάλαι
1175 1925 1263 1980 διὰ
1309 1926 1406 1998 τὴν
1450 1928 1692 2000 ἁμαρτία

1821 1941 1996 1986 morte
2031 1931 2324 1987 damnatus
2358 1934 2449 1999 sit,
2474 1947 2579 1986 non
2608 1932 2661 1985 in
2689 1935 2861 1985 morte
2890 1932 3214 1986 remanserit
3245 1947 3260 1996 ;
3292 1934 3385 1987 sed

115 2016 341 2081 δικαίως
390 2017 936 2088 καταδεδικασμένος
972 2018 1207 2091 θανάτῳ,
1236 2022 1336 2075 οὐκ
1364 2021 1720 2093 ὲναπέμεινεν

115 2107 185 2178 τῷ
216 2108 488 2179 (lavatur
515 2108 655 2162 ἀλλὰ
684 2112 749 2180 τῇ
775 2108 870 2162 τοῦ
896 2109 1031 2163 Θεοῦ
1064 2110 1442 2186 φιλανθρωπίᾳ
1462 2112 1721 2184 ἀπολέλυ-

117 2217 199 2253 ται
219 2200 316 2254 διὰ
340 2200 597 2272 Χριστοῦ
625 2200 726 2271 τῆς
750 2200 977 2272 φθορᾶς.
1188 2190 1193 2193 ’
1292 2190 1297 2195 ’
1322 2190 1447 2205 dm

211 2298 391 2360 Οσας
434 2292 681 2359 ἔδειξάς
710 2311 813 2363 μοι
861 2295 1099 2364 θλίψεις
1138 2295 1414 2363 stolide;
1441 2298 1583 2351 Οἴων
1609 2298 1718 2370 γάρ

119 2402 179 2455 με
228 2387 333 2439 καὶ
387 2387 541 2438 ὅσων
590 2388 787 2456 πεῖραν
836 2385 1020 2440 λαϐεῖν
1063 2387 1322 2459 ἐποίησας
1354 2389 1574 2455 κακῶν;
1607 2392 1717 2446 Kal

116 2476 500 2546 ἐπιστρέψας
528 2476 933 2545 “monomde
951 2494 1048 2547 με,
1086 2480 1182 2534 καὶ
1203 2480 1270 2533 ἐκ
1290 2479 1407 2533 τῶν
1432 2482 1719 2538 ἀϐύσσων

118 2564 222 2633 τῆς
260 2565 388 2635 γῆς
433 2564 742 2635 ἀνήγαγες
784 2567 1307 2635 με.Ἐπ.1εόνασας
1334 2567 1426 2619 ἐπ’
1456 2567 1559 2637 ἐμὲ
1601 2568 1720 2637 τὴν

114 2659 562 2725 μεγαλοσύνην
594 2673 733 2719 σου,
768 2658 868 2711 καί
900 2657 1269 2726 ἐπιστρέψας
1302 2658 1717 2727 παρεκάλεσάς

106 2750 279 2817 1:230
302 2748 724 2819 διπλασιασμὸς
754 2748 897 2802 ἔοικε
928 2749 1210 2820 σημαίνειν
1239 2750 1336 2822 τὴν
1365 2751 1456 2803 ἐπὶ
1483 2754 1595 2815 τοῖς
1623 2769 1707 2822 μευ

118 2842 181 2895 τὰ
209 2843 274 2895 τὸ
307 2842 611 2912 βάπτισμα
642 2842 1076 2913 πλημμελήμασι
1108 2843 1400 2916 γινομένην
1430 2844 1717 2914 μετάνοιαν

117 2932 310 3006 δεκτήν
356 2935 639 3003 ὑπάρχειν
691 2932 791 3003 τῷ,
832 2934 908 2998 ὠς
953 2934 1192 3006 εἴρηται,
1228 2935 1578 2989 πλεονάσαν-τι
1630 2938 1714 3005 ἐφ’

1819 2023 1914 2079 Dei
1944 2024 2227 2079 clementia
2260 2039 2354 2095 per
2386 2024 2664 2079 Christum
2699 2023 2964 2080 liberatus
3004 2023 3076 2080 sit
3124 2038 3156 2078 a
3197 2038 3389 2080 corru—

1818 2116 2021 2185 ptione.

1886 2290 1977 2356 20,
2002 2291 2089 2346 21.
2133 2289 2370 2356 Quantas
2393 2291 2667 2343 ostendisti
2695 2290 2823 2343 mihi
2855 2290 3222 2345 tribulationes
3243 2289 3385 2346 mul—

1819 2394 1901 2439 tas
1928 2386 1954 2439 ?
1977 2385 2231 2451 Qualium
2270 2400 2356 2439 me
2393 2393 2837 2454 quantorumque
2862 2384 3130 2439 malorum
3162 2385 3384 2455 experi-

1818 2486 2057 2531 mentum
2118 2492 2331 2531 sumere
2381 2468 2611 2530 fecisti'?
2653 2473 2721 2529 Et
2781 2491 3056 2529 conversus
3103 2475 3385 2545 vivi/icasti

1819 2584 1919 2632 me,
1948 2577 1999 2622 et
2030 2567 2092 2621 tle
2130 2566 2329 2636 ubyssis
2362 2576 2514 2619 terra:
2550 2567 2742 2619 iterum
2768 2564 3024 2619 reduxisti
3063 2582 3161 2621 me.
3198 2565 3386 2619 Multi-

1817 2660 2029 2730 plicasti
2057 2659 2503 2729 magniﬁcentiam
2539 2669 2708 2723 tuum,
2740 2669 2789 2713 et
2825 2676 3100 2714 conversus
3140 2659 3382 2714 consola-

1819 2762 1902 2805 tus
1928 2768 1980 2805 es
2008 2766 2107 2807 me.
2138 2750 2404 2820 ltepetitio
2426 2752 2639 2806 videtur
2660 2751 2982 2823 signiﬁcare,
3009 2752 3384 2822 pcenitentiam

1815 2843 1881 2897 tle
1911 2846 2145 2913 peccatis
2178 2852 2300 2912 post
2341 2843 2669 2913 baptismum
2716 2843 2970 2898 admissis
3022 2854 3298 2914 acceptam
3332 2845 3382 2899 ei

1815 2952 1956 2998 esse,
1996 2936 2111 3005 qui,
2159 2944 2219 2990 ut
2257 2937 2460 2990 dictum
2487 2944 2591 2997 est,
2643 2936 3024 3005 multiplicavit
3068 2952 3232 3006 super
3280 2951 3383 2993 nos

121 3029 263 3097 ἡμᾶς
303 3026 412 3099 τὴν
448 3026 621 3080 αὑτοῦ
652 3026 962 3097 άγαθότητά
1000 3044 1059 3080 τε
1098 3030 1192 3081 καὶ
1230 3028 1591 3099 δικαιοσύνην.
1625 3028 1716 3082 Διὸ

122 3121 395 3190 πρότερον
428 3121 536 3189 μὲν
564 3118 648 3181 τὸ,
676 3115 1081 3186 ἐζωοποίησάς
1107 3135 1205 3188 με,
1250 3119 1325 3184 ὡς
1362 3120 1453 3172 ἐπὶ
1483 3120 1711 3187 ἀναγενο
1743 3149 1785 3206 C

122 3213 329 3281 νήσεως
378 3213 644 3283 εἴρηται·
680 3210 934 3281 δεύτερον
968 3211 1026 3264 δὲ,
1068 3216 1150 3272 τὸ,
1176 3211 1614 3280 παρεκάλεσας,
1641 3210 1715 3274 ὡς

122 3304 208 3354 ἐπὶ
250 3302 755 3372 καταπονουμένου
805 3305 871 3373 τῇ
903 3301 1012 3357 τῶν
1045 3302 1453 3373 ἁμαρτημάτων
1486 3301 1712 3372 ἀθυμίᾳ.

127 3395 275 3448 Ἔστι
306 3394 506 3465 μέντοι
529 3394 626 3446 καὶ
652 3394 745 3446 ἐπὶ
772 3394 869 3464 τῆς
890 3393 950 3458 ὲξ
974 3393 1245 3462 Αἰγύπτου
1274 3393 1371 3464 μὲν
1395 3391 1716 3463 λυτρώσεως

120 3488 184 3538 τὰ
211 3488 470 3558 πρότερα
517 3485 617 3555 μὲν
652 3484 991 3550 ἐκδέξασθαι,
1020 3486 1112 3539 ἐπὶ
1148 3487 1245 3557 τῆς
1278 3485 1370 3539 τοῦ
1414 3484 1617 3557 Κυρίου
1658 3484 1715 3537 δὲ

125 3578 435 3651 παρουσίας
480 3577 553 3630 τὰ
600 3577 827 3649 δεύτερα
867 3578 1077 3648 νοῆσαι,
1111 3579 1198 3632 ὅτε
1237 3579 1331 3632 καὶ
1372 3580 1405 3649 ή
1447 3576 1715 3647 παντελὴς

125 3673 248 3741 ἡμῖν
280 3672 487 3740 γέγονε
524 3671 891 3742 παράκλησις.
919 3673 981 3724 Οἱ
1009 3670 1116 3743 γὰρ
1144 3670 1202 3734 ἐξ
1228 3670 1502 3740 Αἰγύπτου
1532 3668 1713 3741 ἐξελη.

123 3762 369 3828 λυθότες,
401 3767 452 3818 εί
490 3765 587 3817 καὶ
613 3763 958 3837 ὲρρὐσθησαν
977 3763 1071 3818 τοῦ
1100 3763 1433 3835 προσκαίρου
1459 3762 1710 3824 θανάτου,

126 3858 231 3910 ἀλλ’
259 3859 586 3911 ὑπέπιπτον
619 3856 698 3927 τῷ
731 3858 953 3929 αἰωνίῳ,
984 3857 1060 3921 ὡς
1095 3856 1317 3927 μηδέπω
1356 3855 1454 3926 τῆς
1480 3855 1715 3909 ἀναστά-

128 3966 257 4014 σεως
289 3950 714 4022 δεδωρημένης.

188 4043 301 4095 Kal
339 4040 459 4109 γὰρ
494 4039 611 4110 ἐγὼ
647 4038 1165 4110 ἐξομολογήσομαι
1214 4055 1311 4094 σοι
1352 4040 1420 4093 ἐν
1465 4040 1714 4093 σκεύεσι

125 4132 378 4202 ψαλμοῦ
406 4131 527 4200 τὴν
556 4132 850 4198 ἀλήθειάν
889 4149 1027 4194 σου.
1066 4136 1098 4187 ό
1126 4134 1289 4199 Θεός.
1320 4132 1495 4197 Οῦτω,
1527 4131 1710 4202 φησιν,

127 4227 367 4295 ἐμαυτὸν
415 4226 825 4296 παρασκευάσω
852 4224 943 4279 διὰ
984 4227 1083 4297 τῆς
1119 4225 1555 4296 ὲξομολογήσεως
1594 4226 1714 4277 ἐπι-

126 4318 334 4388 τήδειον
361 4319 658 4388 γενηθῆναι
687 4318 824 4387 πρὸς
852 4316 914 4370 τδ
947 4316 1139 4378 σκεῦος
1162 4315 1482 4386 ὑμνολογίας
1510 4314 1712 4386 κληθῆ-

127 4428 228 4465 ναι.
262 4414 331 4466 Εἰ
361 4411 419 4465 δὲ
453 4410 646 4475 σκεῦος
679 4410 941 4481 κληθῆναι
973 4408 1203 4479 ἐκλογῆς
1230 4408 1497 4470 λέλεκται,
1522 4408 1709 4478 δηλον-

1815 3028 2108 3082 houitatem
2160 3037 2213 3081 «οι
2259 3027 2525 3097 justitiam
2574 3044 2749 3084 suam.
2812 3027 3151 3098 Quapropter
3205 3028 3381 3099 prius,

1817 3120 2094 3188 viviﬁcasti
2129 3135 2228 3178 me.
2266 3121 2422 3189 quasi
2458 3121 2525 3175 de
2566 3121 2977 3192 regeneratione
3022 3121 3227 3175 dictum
3254 3131 3378 3176 est:

1818 3212 2058 3267 secundo
2087 3221 2289 3278 autem,
2330 3212 2628 3266 consolatus
2672 3230 2724 3267 es
2763 3229 2861 3277 me,
2902 3215 3058 3282 quasi
3087 3214 3153 3268 de
3197 3229 3263 3268 eo
3300 3213 3383 3267 di-

1819 3315 1966 3360 ctmn
1998 3316 2081 3361 est
2110 3307 2201 3375 qui
2238 3306 2461 3361 admissi
2499 3307 2704 3376 peccati
2736 3306 2953 3360 tristitia
2978 3306 3210 3360 laborat.
3243 3304 3382 3360 Pos-

1822 3406 1952 3452 sunt
1976 3399 2138 3451 etiam
2165 3396 2344 3467 priora
2368 3396 2435 3451 de
2464 3396 2789 3452 liberatione
2810 3377 2875 3452 ex
2914 3395 3148 3469 Egypto
3179 3397 3381 3451 intelli-

1816 3489 1889 3559 gi,
1922 3498 1975 3543 et
1996 3490 2233 3543 secunda
2256 3488 2321 3543 de
2355 3487 2565 3541 Domini
2596 3489 2829 3543 adventu
2852 3490 3131 3557 explicari,
3162 3490 3381 3558 quando

1815 3580 1974 3635 nobis
1998 3581 2154 3650 plena
2193 3578 2496 3634 consolatio
2535 3578 2659 3632 l‘uit.
2691 3579 2795 3645 Qui
2839 3581 2984 3634 enim
3031 3595 3099 3634 ex
3144 3579 3381 3651 Egypto

1814 3673 2019 3744 egressi
2068 3680 2228 3735 sunt,
2290 3672 2391 3725 etsi
2447 3671 2658 3725 liberati
2698 3671 2918 3726 fuerunt
2960 3688 2990 3725 a
3032 3682 3378 3740 temporanea

1814 3776 2010 3831 morte,
2041 3774 2095 3820 at
2118 3765 2429 3819 inciderunt
2459 3764 2512 3819 in
2542 3775 2825 3831 mternam,
2859 3781 2984 3820 eum
3018 3765 3261 3820 nondum
3292 3780 3380 3819 re-

1814 3861 2167 3917 surrectionis
2194 3859 2362 3930 gratia
2389 3859 2511 3915 data
2535 3868 2680 3913 esset

1881 4040 1972 4094 22.
2018 4037 2160 4092 Nam
2210 4045 2260 4092 et
2304 4052 2397 4107 ego
2442 4034 2727 4104 conﬁtebor
2779 4033 2875 4088 tibi
2913 4034 2969 4088 in
3008 4034 3149 4088 vasis
3185 4033 3381 4102 psalmi

1813 4137 2082 4187 ceritatem
2116 4141 2283 4193 tuam,
2315 4127 2477 4184 Deus.
2506 4127 2609 4194 Me,
2636 4126 2832 4197 inquit,
2857 4142 2953 4196 per
2977 4125 3379 4182 confessionem

1812 4227 1885 4281 ita
1930 4224 2229 4291 adornabo,
2271 4227 2543 4291 ut'aptus
2582 4220 2685 4275 sim
2733 4220 2826 4289 qui
2867 4234 2963 4275 vas
3022 4219 3383 4290 hymnologiee

1812 4318 2067 4389 appeller.
2115 4315 2269 4383 Quod
2314 4316 2359 4370 si
2391 4316 2570 4369 dictus
2605 4321 2687 4368 est
2722 4328 2819 4368 vas
2847 4312 3148 4377 electionis,
3200 4311 3379 4366 dictus

1812 4419 1895 4465 est
1927 4409 2091 4463 etiam
2124 4424 2218 4463 vas
2243 4407 2625 4478 hymnologize.
2659 4404 2901 4459 Psallam
2933 4404 3028 4457 tibi
3065 4405 3119 4457 in
3145 4402 3373 4459 cithara.

125 4504 203 4558 ὁτι
226 4506 331 4559 καὶ
365 4503 560 4567 σκεῦος
591 4502 932 4574 ὐμνολογίας.
956 4501 1137 4557 Ψαλῶ
1168 4518 1264 4555 σοι
1291 4500 1361 4554 ἐν
1387 4498 1692 4569 κιθάρᾳΛᾚ

1820 4501 2042 4562 Animae,
2075 4498 2275 4568 inquit,
2302 4507 2590 4552 concentu.
2633 4494 2770 4549 Cum
2805 4493 2948 4548 enim
2982 4493 3070 4547 illa
3106 4493 3241 4547 nihil
3273 4491 3378 4547 sibi

127 4598 221 4667 τῆς
263 4598 455 4669 ψυχῆς
504 4597 739 4668 ἁρμονίᾳ
784 4596 978 4667 φησίν·
1020 4597 1188 4649 Ὅταν
1219 4594 1327 4667 γὰρ
1360 4593 1525 4665 μηδὲν
1558 4594 1711 4645 ἐναν-

126 4691 230 4744 τίον
469 4690 605 4761 μήτε
632 4687 777 4742 κατὰ
807 4689 899 4742 τὸν
921 4668 1033 4759 βίον
1061 4688 1196 4760 μήτε
1222 4689 1352 4759 περὶ
1376 4687 1445 4739 τά
1467 4686 1709 4755 δόγματα

129 4783 249 4852 ποιῇ
300 4780 339 4850 ἢ
368 4780 557 4852 πάσχῃ
587 4781 621 4850 ἠ
656 4778 825 4851 ψυχὴ,
858 4778 980 4833 τότε
1025 4779 1091 4852 δὴ
1135 4781 1255 4833 τότε
1303 4778 1467 4849 νοητὴ
1506 4775 1709 4848 κιθάρα

129 4872 354 4943 κληθείη
381 4872 628 4936 δικαίως.

202 4963 704 5036 Ἆγαλλιάσονται
736 4964 809 5018 τὰ
831 4965 1005 5034 χείλη
1027 4982 1166 5034 μου,
1208 4963 1353 5018 ὅταν
1386 4962 1563 5033 ψαλῶ
1586 4980 1704 5018 σοι.

131 5055 297 5110 Τοῦτο
342 5056 480 5128 πρὸς
512 5057 919 5129 ἀντιδιαστολὴν
951 5056 1045 5111 τοῦ
1092 5057 1260 5128 νόμου
1301 5056 1580 5109 λέλεκται·
1627 5056 1710 5109 ὅτι

133 5148 313 5203 ἐκεῖνα
335 5150 437 5220 μὲν
459 5149 530 5204 τά
557 5150 908 5221 ἐπιτάγματα
934 5145 1004 5222 ῆν
1033 5150 1285 5221 φορτικὰ,
1319 5149 1395 5213 ὡς
1423 5148 1712 5221 δυσκατόρ-

134 5240 295 5305 θωτα,
323 5242 497 5296 ταῦτα
522 5243 579 5296 δὲ
612 5242 829 5315 χρηστά
858 5260 918 5296 τε
959 5244 1052 5297 καὶ
1094 5241 1322 5313 ἐλαφρά,
1354 5241 1429 5304 ὡς
1474 5241 1567 5295 καὶ
1590 5240 1710 5311 ἡδο-

135 5335 224 5404 νῆς
270 5334 699 5407 ἀποπληροῦντα
743 5335 871 5399 τοὺς
908 5334 1236 5403 ἀξιωθέντας
1282 5333 1479 5388 αὐτῶν.
1533 5332 1641 5387 Kal
1668 5333 1709 5401 ἡ

139 5428 300 5494 Ψυχή
332 5445 454 5496 μου
507 5425 588 5494 ῆν
636 5425 986 5494 ὲλυτρώσω,
1012 5427 1114 5498 τῆς
1152 5426 1422 5499 ἁμαρτίας
1455 5424 1555 5495 τῆς
1583 5423 1711 5494 φθο-

140 5519 253 5589 ρᾶς,
284 5521 384 5591 τῆς
413 5521 656 5584 δουλείας
681 5520 775 5574 τοῦ
810 5523 1046 5588 Σατανᾶ,
1076 5519 1169 5575 τοῦ
1195 5517 1424 5573 θανάτου
1450 5514 1634 5572 αὑτοῦ.

203 5792 249 5826 ⁸³
293 5793 450 5851 Rom.
482 5805 674 5856 sum,
702 5789 794 5846 2|.

1813 4594 2172 4658 contrarium,
2217 4591 2330 4645 sive
2363 4589 2661 4645 secundum
2700 4588 2891 4651 vitam,
2929 4588 3044 4643 sive
3077 4587 3379 4643 secundum

1813 4685 2115 4742 doctrinam
2138 4681 2329 4737 fecerit
2356 4688 2450 4735 aut
2480 4696 2640 4751 passa
2674 4679 2859 4746 fuerit,
2897 4689 3028 4737 tunc
3057 4697 3190 4737 sane
3217 4681 3379 4752 spiri-

1815 4777 1976 4833 tualis
2005 4776 2211 4832 cithara
2237 4773 2360 4845 jure
2386 4772 2706 4844 appelletur.

1813 4959 1831 4976 "
1883 4957 1974 5011 25.
2021 4953 2376 5010 Ειδιιίιαὺιιηε
2425 4953 2570 5008 labia
2607 4970 2725 5008 mea
2766 4970 2886 5007 cum
2936 4963 3216 5007 cantavero
3262 4954 3376 5008 tibi.

1817 5048 1929 5104 Hoc
1954 5048 2031 5103 ait
2054 5047 2121 5102 ad
2151 5046 2445 5102 discrimen
2476 5045 2631 5117 legis,
2667 5044 2796 5115 quia
2828 5044 2951 5114 ejus
2989 5043 3207 5113 quidem
3241 5057 3376 5113 pre~

1814 5150 1969 5213 cepta
2016 5154 2245 5195 onerosa
2293 5150 2449 5195 erant
2492 5146 2546 5195 et
2594 5138 2888 5194 observatu
2939 5134 3195 5190 diﬂlcilia.
3256 5134 3380 5192 Here

1816 5242 1998 5291 autem
2030 5240 2316 5287 mansueta
2344 5247 2409 5286 ac
2446 5231 2583 5285 levia
2606 5238 2753 5295 sunt,
2793 5230 2867 5284 ita
2906 5239 2967 5284 ut
3011 5242 3107 5283 eos
3134 5228 3229 5298 qui
3271 5228 3378 5283 illis

1816 5327 2021 5400 dignati
2055 5335 2183 5382 sunt
2202 5329 2474 5396 voluptate
2504 5324 2763 5394 repleam.
2788 5323 2855 5378 Et
2879 5323 3057 5376 anima
3078 5338 3192 5376 mea
3221 5337 3377 5392 quam

1816 5420 2102 5487 redemisti,
2132 5434 2161 5474 a
2193 5426 2414 5489 peccato
2445 5415 2835 5488 corruptionis,
2861 5430 2891 5471 a
2925 5415 3185 5472 servitute
3225 5412 3374 5470 Sate.

1816 5530 1920 5575 nae.
1948 5513 2017 5569 ab
2041 5512 2156 5585 ipsa
2188 5520 2377 5567 morte.
