3786 6278
391 291 496 345 525

458 404 549 459 ει.
592 404 698 460 διά
735 414 785 458 et
825 404 1006 475 lingua
1041 419 1153 458 mea
1186 412 1297 457 tota
1320 405 1405 458 die
1444 403 1784 458 meditabitur
1805 404 1967 473 justi-
1995 413 2039 467 Α

396 498 532 552 tiam
561 506 728 561 tuam,
759 513 877 550 cum
918 496 1123 563 confusi
1162 505 1209 550 et
1242 496 1451 550 reveriti
1475 497 1669 566 fuerint
1702 496 1790 565 qui
1819 512 1965 565 qua:—

390 599 513 644 ινξιπιτ
533 589 675 643 mala
691 590 843 644 mihi.
868 589 1004 644 Cum
1038 590 1350 660 spirituales
1374 590 1580 644 inimici
1606 589 1734 651 mei,
1758 588 1959 657 inquit,

388 681 457 735 de
504 681 684 735 medio
726 681 949 746 sublati,
985 689 1040 734 et
1073 682 1166 751 qui
1202 681 1254 734 in
1298 668 1497 752 abjsso
1536 680 1789 733 habitant
1823 678 1966 732 iula-

388 773 499 828 tnia
534 782 589 830 et
621 774 826 844 pudore
853 773 1029 828 allecti
1064 774 1303 828 fuerint:
1331 782 1480 835 tunc,
1516 782 1703 842 utpote
1742 772 1964 826 nemine

391 864 533 920 ultra
574 865 965 935 praepediente,
1011 880 1287 936 nunquam
1326 864 1576 929 cessabo,
1632 863 1880 928 Domine,
1915 872 1966 917 te

390 955 611 1029 hymnis
631 959 841 1013 celebra
856 972 932 1011 re.

494 1052 548 1106 1.
577 1049 645 1105 1η
670 1045 1096 1120 linem,PS.lLM
1103 1044 1192 1101 US
1224 1044 1394 1100 David
1418 1046 1473 1100 in
1504 1045 1855 1101 Salomonem.
1938 1090 1966 1118 δ

1074 1138 1286 1194 LXXI.

978 1236 1385 1304 Argumentum.
1420 1252 1426 1260 '

388 1331 673 1388 Adventus
703 1326 912 1385 Christi
974 1327 1127 1381 hisce
1196 1325 1557 1395 signiﬁcatur,
1589 1339 1800 1380 necnon
1836 1337 1967 1394 gen-

460 1424 596 1479 tium
640 1422 874 1477 vocatio.
929 1420 988 1475 In
1032 1418 1380 1473 Salomouem
1426 1429 1605 1473 autem
1650 1417 1966 1473 inscribitur

461 1515 731 1584 psalmus.
777 1509 875 1566 llic
906 1511 1053 1565 enim
1086 1525 1249 1564 verus
1269 1518 1353 1564 est
1394 1506 1649 1563 Salomon
1684 1508 1961 1578 pacillcus,

461 1608 590 1679 quia
627 1604 757 1660 fecit
796 1614 1029 1673 utraque
1082 1619 1291 1670 unum,
1327 1611 1383 1657 et
1412 1602 1650 1657 medium
1701 1601 1963 1671 parietem

458 1700 710 1753 maceriae
737 1698 901 1752 solvit
933 1697 1001 1750 “.

458 1789 513 1845 ‘3.
546 1788 991 1859 Deus,judicium
1025 1796 1174 1840 tuum
1205 1787 1314 1858 regi
1359 1787 1450 1841 da.
1496 1785 1817 1854 Decrcristi,
1874 1787 1961 1842 in-

392 1882 530 1952 quit,
566 1897 600 1935 o
637 1880 820 1948 Pater,
864 1889 924 1934 ut
955 1868 1282 1949 Uuigeuitus
1314 1889 1442 1934 tuus
1466 1880 1700 1934 illuStrct
1747 1895 1844 1935 eos
1865 1879 1960 1950 qui

391 1982 522 2029 sunt
556 1975 607 2027 in
646 1982 812 2027 terra.
855 1969 910 2025 Id
972 1972 1137 2042 igitur
1158 1970 1271 2039 jam
1314 1970 1444 2025 olim
1478 1986 1507 2024 a
1540 1981 1590 2024 te
1631 1971 1958 2041 judicatum,

389 2081 538 2120 nunc
569 2078 886 2134 exsequere.
920 2062 987 2117 Et
1014 2064 1290 2133 justitiam
1320 2073 1465 2115 tuam
1493 2062 1607 2129 [ilio
1640 2064 1792 2133 regis.
1825 2064 1960 2118 Cum

393 2157 512 2225 ipse
545 2155 617 2209 sit
642 2154 858 2223 justitia
886 2153 1083 2219 Patris,
1112 2161 1333 2223 propter
1366 2152 1664 2207 humanam
1708 2163 1961 2207 naturam

390 2248 594 2302 dicitur
616 2246 887 2316 justitiam
926 2246 1225 2315 accepisse.
1261 2243 1381 2314 lpse
1428 2254 1610 2298 autem
1675 2254 1760 2299 cst
1803 2242 1964 2299 Chri-

390 2346 509 2390 stus
537 2332 651 2389 Rex
681 2344 735 2389 et
763 2333 910 2389 ﬁlius
932 2336 1096 2406 regis.
1152 2332 1408 2387 Judicare
1448 2333 1696 2403 populum
1735 2344 1881 2387 tuum
1907 2335 1962 2386 in

380 2426 622 2501 justitia.
652 2424 779 2482 Haec
811 2435 895 2482 est
929 2441 1096 2481 causa
1152 2426 1547 2481 incarnationis
1599 2426 1664 2479 ad
1712 2425 1965 2495 judican-

391 2517 517 2574 dam
563 2520 772 2575 scilicet
821 2519 1039 2573 Satanae
1084 2517 1373 2573 adversum
1424 2533 1525 2572 nos
1563 2518 1959 2587 arrogantiam;

389 2626 561 2683 quare
586 2627 710 2666 cum
743 2611 1054 2680 propediem
1084 2611 1486 2682 cruciligendus
1521 2621 1688 2674 esset,
1747 2612 1961 2667 aicbat:

392 2702 549 2758 Nunc
562 2703 825 2771 judicium
849 2713 924 2758 cst
942 2703 1098 2772 hujus
1125 2704 1330 2769 mundi,
1369 2719 1507 2758 nunc
1535 2704 1776 2773 princeps
1804 2703 1960 2772 hujus

388 2798 572 2853 mundi
597 2797 845 2867 ejicietur
866 2797 1015 2867 foras
1035 2797 1115 2852 “7.

459 2977 515 3033 3.
548 2975 854 3047 Suscipiunt
879 2985 1079 3030 montes
1117 2990 1300 3046 pacem
1346 2975 1562 3046 populo,
1594 2982 1642 3028 et
1669 2974 1829 3029 colles
1870 2975 1964 3044 ju-

1202 289 1259 344 S.
1302 289 1671 345 ATHANASII
1711 289 1861 346 OPP.
1907 290 2090 347 PARS
2132 292 2220 348 Ill.
2264 323 2333 334 —
2370 288 2789 351 EXEGETICA.

3533 299 3641 353 3‘25

2141 407 2270 460 Ἔτι
2312 405 2380 460 δὲ
2424 406 2518 461 καὶ
2567 408 2604 475 ἡ
2643 406 2897 476 γλῶσσά
2918 425 3038 478 μου
3084 407 3239 476 ὅλην
3269 408 3382 478 τὴν
3421 411 3645 481 ἡμέραν

2061 497 2382 566 μελετήσει
2409 498 2523 568 τὴν
2546 499 2939 569 δικαιοσύνην
2977 518 3116 565 σου,
3147 501 3292 555 ὅταν
3315 507 3645 575 αἰσχυνθῶ-

2066 608 2151 657 σι,
2196 592 2296 646 καὶ
2339 593 2717 661 ἐντραπῶσιν
2762 597 2814 648 οι
2851 593 3168 663 ζητοῦντες
3215 596 3290 651 τὰ
3335 597 3488 653 κακά
3524 618 3640 667 μοι.

2068 679 2234 732 Ὅταν
2282 682 2347 734 ὲκ
2405 682 2571 752 μέσου
2619 683 2909 751 γένωνται,
2956 685 3145 754 φησὶν,
3213 687 3263 740 οἰ
3318 687 3498 758 νοητοί
3540 706 3640 761 μου

2068 770 2271 843 ἐχθροὶ,
2303 774 2397 825 καὶ
2427 772 2523 844 τὴν
2551 772 2783 827 ἄϐυσσον
2816 772 3093 839 οἰκοῦντες
3128 774 3527 846 περιϐάλωντοῖι
3561 782 3644 834 αἰ-

2068 862 2299 935 σχύνηνο
2349 864 2470 918 τότε
2497 866 2582 937 δὴ,
2612 866 2687 930 ὡς
2737 867 2963 939 μηδενὸς
3003 867 3085 922 ἔτι
3129 870 3640 942 παρεμποδίζοντοςι

2067 955 2470 1027 ἁκαταλήκτοις
2504 956 2693 1028 ὕμνοις
2726 958 2926 1012 αἰνέσω
2954 975 3042 1023 σε,
3066 960 3328 1018 Δέσποτα.

2066 1050 2172 1115 Εἰς
2201 1047 2269 1101 τὸ
2289 1046 2483 1114 τέλος,
2522 1051 2829 1103 ΨΑΛΜΟΣ
2856 1049 2937 1115 τῷ
2969 1052 3150 1106 Δαυῖὂ
3175 1055 3263 1119 είς
3295 1055 3638 1125 Σαλομῶνα.

2793 1146 2920 1197 OA'.

2693 1234 3017 1303 ’Υπόθεσις.

2066 1322 2345 1395 Παρουσία
2370 1322 2606 1395 Χριστοῦ
2644 1324 2733 1378 διὰ
2776 1326 2884 1381 τῶν
2924 1326 3206 1399 παρόντων
3246 1330 3640 1403 κατασημαίνι-

2135 1432 2246 1479 ται,
2287 1417 2382 1470 καὶ
2415 1416 2605 1489 κλῆσις
2635 1417 2824 1472 ἐθνῶν.
2855 1419 2949 1483 Εἰς
2981 1419 3239 1492 Σαλομὼν
3264 1421 3321 1478 δὲ
3351 1423 3642 1497 ἐπιγέγρα-

2137 1525 2265 1562 πται
2292 1511 2320 1563 ό
2350 1508 2582 1580 ψαλμός.
2610 1505 2773 1575 Οὗτος
2822 1511 2930 1583 γάρ
2962 1513 3109 1566 ἐστιν
3140 1512 3346 1586 ἀληθὴς
3384 1515 3640 1589 Σαλομὼν

2136 1599 2166 1652 ὁ
2197 1601 2487 1672 εἰρηναῖος,
2508 1600 2641 1656 διότι
2671 1602 2765 1656 καὶ
2798 1604 3098 1675 πεποίηκεν
3125 1605 3185 1659 ἓν
3208 1606 3518 1680 ἀμφότερα,
3547 1613 3639 1665 καὶ

2135 1690 2198 1743 τὸ
2229 1692 2545 1764 μεσότοιχον
2571 1695 2665 1748 τοῦ
2697 1696 2955 1768 φραγμοῦ
2986 1696 3161 1753 ἔλυσεὶ

2148 1784 2211 1837 '0
2245 1784 2389 1852 Θεὸς
2413 1787 2481 1841 τὸ
2510 1786 2689 1857 κρῖμα
2708 1805 2825 1844 σου
2845 1787 2925 1854 τῷ
2939 1790 3194 1854 ,ϐασιλεῖ
3219 1790 3345 1859 δός.
3376 1794 3636 1867 Κέκριταί

2064 1894 2165 1944 σοι,
2197 1879 2378 1950 φησὶν,
2409 1874 2454 1933 ὧ
2481 1879 2684 1951 Πάτερ,
2710 1881 2801 1935 τὸν
2837 1886 3099 1955 μονογενῆ
3135 1903 3228 1939 σου
3256 1885 3384 1939 Υἱὸν
3407 1886 3636 1957 ἐπιλάμ-

2060 1970 2159 2040 ψαι
2180 1974 2293 2035 τοῖς
2325 1972 2420 2025 ἐπὶ
2444 1973 2567 2042 γῆς.
2600 1973 2771 2027 Τοῦτο
2796 1970 2910 2039 οὖν,
2940 1977 3092 2047 φησὶ,
3119 1977 3180 2030 τὸ
3217 1979 3388 2032 πάλαι
3431 1978 3634 2051 κριθὲν,

2062 2064 2143 2126 εἰς
2175 2062 2351 2136 πέρας
2389 2064 2626 2133 ἀγέσθω.
2660 2066 2769 2120 Kal
2817 2067 2932 2136 τὴν
2979 2067 3375 2137 δικαιοσύνην
3414 2069 3498 2135 τῷ
3536 2070 3636 2136 υἱῴ

2060 2154 2169 2208 τοῦ
2191 2144 2516 2223 βασιλέως.
2544 2158 2715 2221 Αὐτὸς
2741 2158 2815 2211 ὢν
2857 2161 2890 2231 ἡ
2934 2157 3249 2232 δικαιοσύνη
3280 2159 3373 2214 τοῦ
3404 2160 3632 2233 Πατρὸς,

2061 2242 2406 2317 δικαιοσύνην
2448 2243 2665 2316 λέγεται
2711 2249 2990 2321 εἰληφέναι
3037 2250 3126 2304 διὰ
3172 2250 3631 2324 τὸιάνθρὼπινον.

2061 2336 2235 2401 Αὐτός
2263 2338 2319 2391 δέ
2349 2340 2495 2393 ἐστιν
2542 2342 2570 2393 ό
2614 2341 2849 2413 Χριστὸς
2880 2343 2974 2395 καὶ
3002 2345 3031 2396 ό
3058 2342 3333 2415 βασιλεὺς,
3360 2345 3457 2398 καὶ
3478 2347 3506 2398 ό
3528 2343 3634 2408 υἱὸς

2062 2426 2157 2481 τοῦ
2190 2428 2472 2500 βασιλέως.
2505 2431 2745 2499 Κρίνειν
2782 2432 2887 2485 τὸν
2912 2435 3068 2487 λαόν
3094 2450 3211 2488 σου
3238 2435 3309 2489 ἐν
3342 2434 3639 2490 δικαιοσύ-

2062 2538 2161 2590 νῃ.
2191 2521 2338 2593 Αὕτη
2362 2523 2459 2594 τῆς
2490 2522 2954 2597 ὲνανθρωπήσεως
2983 2527 3017 2597 ἠ
3049 2527 3198 2581 αἰτία
3238 2528 3299 2581 τὸ
3333 2532 3517 2600 κρῖναι
3543 2528 3632 2600 τὴν

2064 2614 2183 2669 καθ’
2213 2614 2369 2686 ἡμῶν
2423 2615 2733 2683 πλεονεξίαν
2778 2618 2869 2671 τοῦ
2914 2620 3155 2674 Σατανᾶ’
3201 2620 3281 2674 διὸ
3304 2621 3398 2674 καὶ
3436 2622 3634 2692 μέλλων

2065 2703 2426 2776 σταυροῦσθαι
2459 2705 2662 2774 ἔφασκε
2685 2723 2699 2737 ’
2731 2706 2860 2761 Νῦν
2894 2709 2932 2775 ἡ
2960 2710 3158 2777 κρίσις
3209 2710 3341 2764 ἐστί
3390 2712 3499 2767 τοῦ
3537 2729 3632 2766 κο-

2064 2807 2221 2861 σμου
2263 2795 2507 2849 τούτου·
2556 2798 2589 2849 ό
2635 2794 2835 2866 ἅρχων
2873 2797 2978 2852 τοῦ
3020 2799 3254 2869 κόσμου
3293 2802 3509 2856 τούτου
3542 2800 3633 2856 ἐλσ

2065 2885 2175 2952 ὅλη
2185 2884 2427 2953 θήσεται
2450 2886 2586 2955 ἔξω.

2147 2976 2503 3032 Ἀναλαϐἐτω
2548 2980 2619 3034 τὰ
2670 2980 2775 3051 ὅρη
2826 2983 3075 3053 εἰρήνην
3120 2983 3201 3051 τῷ
3250 2985 3399 3053 λαῷ,
3447 2988 3541 3042 καὶ
3583 2990 3630 3042 οἱ

394 3068 619 3122 stitiam.
665 3066 875 3121 Montes
903 3066 1149 3122 ctcollcs
1202 3066 1291 3120 hic
1337 3066 1680 3136 evangelicas
1730 3066 1959 3120 virtutes

2082 3068 2274 3123 Βουνοὶ
2305 3069 2866 3146 δικαιοσύνην.ὐρη
2908 3077 3002 3129 καὶ
3030 3074 3253 3146 βουνοὺς
3281 3078 3514 3133 ἐνταῦθα
3539 3079 3630 3143 τὰς

391 3170 567 3221 vocat.
596 3176 717 3230 qua:
774 3160 926 3225 olim,
962 3158 1034 3213 ob
1074 3158 1301 3213 eﬂ'usam
1354 3158 1710 3227 impietatem,
1756 3166 1959 3212 terram

388 3266 499 3306 non
520 3250 848 3313 incolebant,
874 3264 1019 3303 nunc
1050 3260 1231 3304 autem
1256 3248 1427 3319 jussu:
1447 3257 1577 3304 sunt
1610 3263 1802 3319 pacem
1833 3264 1958 3304 cum

390 3344 712 3401 hominibus
748 3341 1127 3398 reconciliare.

455 3544 572 3601 ιοδ.
599 3544 870 3599 Judicabit
886 3560 1139 3615 pauperes
1162 3545 1367 3615 populi.
1394 3543 1679 3614 Pauperes
1712 3545 1848 3601 dicit
1865 3560 1962 3600 eos

386 3637 484 3707 qui
519 3636 933 3691 idololatrurum
983 3636 1082 3690 lilii
1111 3644 1291 3699 erant,
1328 3643 1379 3690 et
1424 3646 1582 3689 erant
1615 3637 1763 3689 omni
1815 3635 1962 3689 bono

387 3730 564 3798 egeni.
585 3729 697 3783 Aut
720 3729 1037 3783 universum
1068 3728 1353 3782 hominum
1380 3742 1572 3797 genus.
1600 3725 1734 3780 Nam
1769 3742 1961 3782 omnes

387 3819 833 3885 declinaverunt,
869 3819 1027 3889 juxta
1072 3818 1269 3889 psalmi
1320 3833 1509 3872 vocem
1536 3818 1582 3850 "
1618 3834 1630 3868 :
1671 3817 1736 3870 lit
1787 3818 1962 3872 Itumi-

392 3912 543 3965 Iiabit
576 3911 1036 3966 calumniatorem.
1066 3909 1356 3965 Diabolum
1402 3909 1557 3965 dicit.
1592 3908 1659 3963 Et
1688 3926 1960 3979 permane-

391 4004 467 4057 bit
516 4018 635 4056 cum
682 4002 808 4057 sole.
870 4000 928 4055 In
975 4003 1159 4056 omnia
1218 4002 1438 4067 saecula,
1502 4002 1702 4071 inquit,
1735 4017 1959 4072 regnum

387 4095 510 4164 ejus
555 4095 895 4149 extendetur.
931 4091 999 4147 Et
1022 4103 1143 4148 ante
1175 4092 1359 4146 lunam
1385 4095 1441 4147 in
1467 4095 1857 4164 generationem
1910 4105 1960 4148 et

387 4189 793 4256 generationem.
828 4184 954 4246 Iste.
986 4184 1187 4254 inquit,
1228 4184 1324 4253 qui
1372 4184 1428 4239 in
1476 4185 1710 4240 adventu
1746 4201 1848 4241 suo
1903 4186 1959 4240 in

387 4290 601 4336 terrena
632 4294 859 4349 regnum
877 4278 1137 4341 obtinuit,
1171 4278 1287 4347 ipse
1319 4288 1404 4334 est
1430 4288 1555 4333 ante
1579 4279 1779 4334 saecula
1807 4294 1961 4335 crea-

387 4378 476 4423 tor
501 4369 767 4425 omnium.
800 4367 1087 4422 Descendet
1113 4371 1249 4421 sicut
1301 4368 1480 4437 pluvia
1514 4370 1567 4423 in
1591 4369 1777 4425 vellus.
1832 4369 1960 4426 Sine

2062 3160 2423 3230 εὐαγγελικὰς
2465 3164 2722 3235 δυνάμεις
2749 3169 2902 3237 φησὶ,
2931 3168 3028 3232 τὰς
3064 3169 3231 3222 πάλαι
3262 3171 3380 3241 μὲν,
3417 3171 3503 3226 διὰ
3539 3174 3630 3243 τὴν

2063 3254 2366 3325 κεχυμένην
2405 3257 2679 3322 ἀσέϐειαν,
2709 3259 2783 3330 μὴ
2830 3261 3297 3333 ὲπιχωριαζούσας
3323 3266 3389 3335 τῇ
3424 3267 3515 3336 γῇ,
3543 3265 3631 3318 νῦν

2060 3344 2116 3398 δὲ
2143 3348 2364 3419 εἰρήνην
2391 3350 2527 3422 πρὸς
2557 3352 2761 3416 πάντας
2785 3352 3100 3425 ἀνθρώπους
3126 3356 3525 3428 ἀναλαμϐάνειν
3547 3375 3630 3412 κε-

2061 3436 2379 3509 λευομὲνας.

2130 3532 2337 3600 Κρινεῖ
2382 3535 2525 3602 τοὺς
2568 3536 2841 3606 πτωχοὺς
2884 3539 2989 3593 τοῦ
3029 3541 3203 3595 λαοῦ.
3244 3542 3490 3614 Πένητας
3529 3543 3628 3596 τῶν

2062 3621 2122 3689 ἐξ
2144 3626 2544 3699 εἰδωλολατρῶν
2567 3631 2818 3703 πατέρων
2840 3648 2911 3703 φη
2921 3633 2974 3685 ei.
2993 3632 3100 3685 τῶν
3122 3636 3507 3705 πτωχευόντων
3529 3638 3628 3688 ἀπὸ

2062 3719 2262 3783 παντὸς
2294 3719 2482 3784 καλοῦ,
2510 3722 2604 3774 καὶ
2639 3720 2868 3775 καθόλου
2901 3724 3117 3777 πάντων
3144 3725 3449 3797 ἀνθρώπων
3470 3727 3529 3781 τὸ
3552 3727 3627 3795 γέ-

2060 3827 2169 3875 νος.
2202 3811 2408 3877 Πάντες
2452 3813 2561 3884 γὰρ
2606 3814 2956 3869 ἐκκεκλίκασι
2986 3817 3125 3871 κατὰ
3154 3818 3253 3890 τὴν
3293 3819 3390 3873 τοῦ
3421 3818 3625 3890 ψαλμοῦ

2061 3904 2268 3973 φωνήν.
2296 3902 2408 3957 Kal
2441 3904 2789 3961 ταπεινώσει
2821 3907 3233 3977 συκοφάντην.
3264 3910 3369 3964 Τὸν
3394 3910 3623 3964 διάϐολόν

2061 4011 2248 4065 φησιν.
2297 3993 2407 4048 Kal
2441 3998 2895 4068 συμπαραμενεῖ
2935 3997 3016 4065 τῷ
3065 4001 3229 4069 ήλίφ.
3277 4003 3371 4066 El;
3413 4002 3622 4064 alt'iwar,

2060 4087 2246 4155 φησὶν,
2283 4087 2314 4156 ἡ
2348 4086 2591 4157 βασιλεία
2619 4088 2783 4141 αὑτοῦ
2810 4089 3193 4162 ὲκταθήσεται.
3233 4090 3347 4146 Καὶ
3377 4092 3489 4161 πρὸ
3526 4090 3623 4156 τῆς

2059 4178 2329 4247 σελήνης
2356 4180 2563 4249 γενεὰς
2581 4180 2819 4251 γενεῶν.
2843 4179 3029 4249 Οὗτος,
3057 4187 3243 4254 φησὶν,
3267 4189 3295 4240 ό
3319 4186 3624 4256 βασιλεύσας

2060 4274 2118 4326 ὲν
2145 4275 2211 4344 τῇ
2245 4274 2517 4346 παρουσίᾳ
2545 4274 2654 4328 τῶν
2683 4275 2775 4328 ἐπὶ
2808 4276 2908 4345 τῆς
2948 4276 3074 4345 γῆς,
3101 4277 3261 4341 αὐτός
3288 4280 3435 4332 ἐστιν
3477 4279 3505 4330 ὁ
3540 4280 3623 4331 καὶ

2061 4365 2167 4437 πρὸ
2194 4364 2404 4419 αἰώνων
2435 4366 2541 4419 τῶν
2574 4366 2710 4421 ὅλων
2732 4367 3084 4441 δημιουργός.
3112 4366 3521 4438 Καταϐήσεται
3553 4370 3621 4432 dc

389 4462 616 4530 strepitu
640 4458 853 4515 ait:sic
912 4470 1095 4515 autem
1136 4460 1381 4530 loquitur
1433 4461 1505 4516 ob
1554 4461 1955 4518 clandestinum

2082 4456 2243 4526 istdq
2266 4457 2366 4511 ὲ..τί
2391 4460 2602 4512 πόκον.
2622 4458 2903 4531 ’Λψοφητί,
2933 4458 3065 4530 φησί
3089 4473 3102 4489 ·
3133 4457 3293 4511 τοῦτο
3318 4457 3375 4512 δὲ
3399 4454 3515 4512 εἷπε
3543 4456 3621 4509 διὰ

387 4553 680 4610 adventum
703 4552 847 4622 ejus.

461 4644 512 4700 7.
535 4643 748 4701 Orietur
772 4646 827 4698 in
846 4644 1026 4698 diebus
1059 4646 1174 4716 ejus
1194 4645 1440 4712 justitia.
1497 4643 1764 4715 Tempore
1801 4660 1957 4701 nam-

386 4752 493 4807 que
522 4738 788 4792 adventus
819 4738 959 4807 ejus,
986 4753 1148 4793 omne
1177 4737 1417 4808 gentium
1441 4738 1644 4793 bellum
1678 4739 1954 4794 sublatum

388 4839 491 4886 est.
540 4827 611 4884 Ει
664 4829 992 4883 abundantia
1048 4829 1195 4898 pacis
1241 4829 1403 4882 donec
1464 4829 1745 4897 auferatur
1803 4829 1951 4884 luna.

388 4921 561 4979 Tanta
586 4922 710 4988 erit,
747 4923 949 4994 inquit,
982 4922 1036 4975 in
1076 4920 1316 4975 adventu
1355 4919 1477 4989 ejus
1521 4921 1802 4990 plenitudo
1858 4937 1955 4993 pa-

387 5015 489 5080 cis,
538 5016 793 5071 utetiam
846 5013 914 5069 ad
966 5012 1149 5067 futura
1183 5024 1357 5079 usque
1400 5010 1762 5080 protendatur
1810 5021 1954 5067 tem-

2063 4554 2161 4624 τὴν
2198 4553 2455 4625 λαθραίαν
2482 4553 2646 4606 αὐτοῦ
2675 4552 2997 4625 παρουσίαν.

2147 4647 2440 4702 Ἆνατελεῖ
2480 4647 2549 4699 ἐν
2590 4645 2719 4712 ταῖς
2760 4644 3006 4715 ἡμέραις
3036 4642 3222 4698 αὐτοῦ
3260 4641 3614 4705 δικαιοσύνη.

2063 4740 2222 4796 Κατὰ
2246 4740 2355 4812 γὰρ
2380 4740 2467 4794 τὸν
2499 4739 2688 4812 καιρὸν
2717 4738 2815 4809 τῆς
2845 4736 3146 4811 παρουσίας
3175 4735 3339 4790 αὐτοῦ
3367 4736 3509 4799 ἄπας
3531 4734 3617 4786 πό-

2064 4830 2226 4902 λεμος
2265 4831 2529 4903 ἀνῄρηται
2564 4828 2832 4901 [Ambros.
2864 4825 3124 4900 ἀνῄρητο]
3162 4825 3270 4880 τῶν
3299 4825 3487 4880 ἐθνῶν.
3517 4822 3618 4877 Kal

2061 4922 2293 4991 πλῆθος
2323 4922 2565 4991 εὶρήνυης
2603 4921 2713 4987 ἕως
2756 4917 2828 4977 οὖ
2875 4917 3268 4987 ἀνταναιρεθῇ
3310 4919 3350 4987 ἡ
3378 4916 3612 4985 σελήνη.

2059 5017 2321 5071 Τοσοῦτον
2354 5016 2525 5080 ἔσται,
2558 5016 2709 5085 φησι,
2738 5015 2833 5086 τῆς
2861 5015 3084 5085 εἰρήνης
3103 5012 3163 5065 τὸ
3196 5011 3397 5082 πλῆθος
3421 5011 3449 5065 ὃ
3473 5010 3616 5079 γενή-

388 5126 542 5181 pora,
582 5111 786 5181 quibus
832 5108 913 5164 sol
960 5103 1352 5170 obscurabitur,
1384 5112 1434 5157 et
1492 5102 1620 5158 (una
1676 5122 1780 5160 non
1803 5105 1953 5159 dabit

2082 5125 2210 5161 πεται
2241 5109 2297 5160 ὲν
2330 5109 2395 5178 τῇ
2423 5104 2587 5159 αὑτοῦ
2613 5104 2906 5176 παρουσία,
2941 5102 3017 5165 ὡς
3036 5100 3130 5155 καὶ
3157 5102 3237 5165 εἰς
3258 5100 3383 5163 τοὺς
3416 5096 3616 5170 μέλλον·

386 5204 554 5260 lucem
574 5221 728 5260 suam
753 5205 892 5258 ⁸⁸³⁸.

2082 5219 2160 5264 ξας
2186 5199 2479 5270 ἐκταθῆναι
2508 5198 2755 5270 χρόνους,
2782 5195 2903 5250 καθ’
2931 5193 3025 5257 οὓς
3056 5196 3088 5247 ό
3115 5192 3287 5260 ἣλιος
3307 5184 3614 5251 σκοτισθήο

2062 5309 2252 5355 σεται,
2276 5292 2374 5345 καὶ
2401 5292 2440 5359 ἠ
2467 5289 2697 5359 σελήνη
2724 5290 2794 5343 οὐ
2818 5285 2995 5339 δώσει
3026 5285 3091 5337 τὸ
3114 5282 3331 5354 φέγγος
3363 5275 3560 5345 αὐτῆς.

456 5386 512 5444 8.
540 5385 613 5441 Ει
632 5385 992 5442 dominabitur
1017 5405 1051 5442 a
1074 5388 1209 5442 mari
1229 5401 1392 5456 usque
1416 5388 1485 5438 ad
1531 5371 1695 5437 mare.
1733 5382 1849 5439 Hoc
1875 5386 1955 5439 ait

2128 5382 2243 5437 Kal
2280 5382 2730 5451 xaraxvptetia'st
2772 5379 2891 5435 ἀπὸ
2924 5374 3239 5442 θαλάσσης
3265 5374 3375 5441 ἕως
3406 5368 3610 5426 θαλάσ-

384 5479 515 5552 quia
540 5493 732 5535 omnes
758 5488 947 5548 gentes
974 5479 1177 5534 Christi
1206 5478 1367 5533 fidem
1397 5488 1756 5546 receperunt:
1789 5477 1950 5545 quasi

2082 5493 2195 5544 mc.
2222 5474 2392 5528 Τοῦτό
2425 5491 2558 5546 φησι
2585 5471 2674 5527 διὰ
2696 5472 2757 5526 τὸ
2782 5468 2960 5558 πάντα
2984 5468 3054 5522 τὰ
3075 5467 3203 5538 ἔθνη
3225 5458 3608 5558 παραδέξασθαι

384 5574 552 5639 dicat,
592 5570 856 5628 Omnibus
880 5580 1038 5627 terrae
1066 5573 1268 5628 ﬁnibus
1297 5572 1606 5641 imperabit.
1628 5569 1768 5636 Quia
1791 5569 1941 5624 enim

2082 5569 2152 5642 λὴν
2182 5569 2262 5643 εἰς
2284 5568 2447 5622 αὐτὸν
2473 5566 2652 5620 πίστιν
2675 5583 2687 5595 ·
2715 5564 2837 5618 ἀντὶ
2858 5552 2972 5629 τοῦ,
2994 5562 3214 5617 Πάντων
3236 5560 3492 5629 κρατήσει
3510 5552 3607 5602 τῶν

455 5730 501 5760 ⁸⁸
536 5728 732 5785 thes.
762 5743 823 5789 ιι,
853 5728 935 5783 ll.
1012 5729 1055 5759 "
1083 5726 1238 5783 Joan.
1275 5743 1371 5791 su,
1412 5727 1494 5783 5|.
1578 5727 1620 5759 ⁸⁸
1648 5725 1792 5783 Psal.
1820 5741 1938 5793 xm,

2084 5693 2445 5780 Ἶῦῖίίοιιιι.
2482 5738 2626 5788 xxlv,
2657 5721 2749 5780 29.
