3786 6278
1201 304 1570 361 EXPOSITIO
1608 305 1674 361 1N
1715 304 2049 361 PSALMUM
2088 304 2277 364 LXXI.

3304 316 3412 365 520

142 418 431 491 αρμάτων
481 418 590 489 τῆς
640 417 986 491 οἰκουμένης.
1004 420 1225 493 Ἐπειδὴ
1257 422 1368 494 γὰρ
1418 424 1594 496 πέραν
1639 424 1723 494 τῆς

1850 422 1986 478 ultra
2033 423 2169 480 lines
2221 433 2381 481 terrae
2411 439 2611 496 magna
2639 433 2693 481 et
2737 424 3009 481 immensa
3063 427 3236 483 maria
3264 438 3412 496 sunt,

142 510 229 579 τῆς
276 509 358 562 τὰ
413 509 641 581 μεγάλα
690 510 785 565 καὶ
841 511 1053 567 ἀπλετα
1099 513 1333 585 πελάγη,
1390 515 1549 571 ἅτινά
1599 534 1743 581 τινες

144 597 481 653 Ἄτλαντικά
534 599 813 667 καλοῦσιν,
831 602 1104 670 Ὠκεανὸν,
1147 605 1400 676 ἑσπέριον
1431 608 1525 660 καὶ
1572 606 1705 679 ἑῷον
1724 623 1739 638 ·

138 690 362 754 εἰκότως
396 691 511 761 τῆς
541 692 872 766 οἰκουμένης
916 694 978 748 τὺ
1020 697 1223 768 κράτος
1263 701 1386 763 ταῖς
1418 699 1616 767 ἔξωθεν
1642 718 1741 754 κυ-

136 782 396 848 simiam;
426 784 741 850 θαλάσσαις
782 786 1017 860 ἐδήλωσε
1038 806 1051 819 ·
1087 791 1183 844 καὶ
1218 790 1378 846 τοῦτο
1410 793 1742 865 σαφέστερον

136 876 160 926 ti
186 875 329 945 μετὰ
358 876 583 932 τούτων
610 879 835 950 εποίησε
864 879 1065 952 στίχος.

195 962 315 1019 Καὶ
345 970 408 1021 οἱ
433 968 649 1037 ἐχθροὶ
670 968 858 1024 αὐτοῦ
879 971 1035 1040 χοῦν
1055 971 1355 1038 λείξουσι.
1383 975 1593 1049 Σφόδρα
1615 977 1741 1030 ὑπο-

137 1061 475 1129 ταγήσονται
516 1062 568 1114 οἱ
609 1061 879 1134 πολέμιοι,
912 1063 989 1128 ὡς
1020 1063 1095 1137 μὴ
1129 1067 1357 1138 ὁρᾶσθαι
1389 1069 1569 1142 μάχην
1600 1072 1740 1144 πρὸς

135 1151 310 1215 αὐτὸν,
336 1153 409 1207 ἐκ
439 1157 765 1225 μεταφορᾶς
792 1154 902 1209 τῶν
924 1158 1017 1211 ἐπὶ
1048 1157 1154 1228 γῆς
1179 1161 1487 1215 πιπτόντων
1516 1164 1612 1217 καὶ
1640 1164 1737 1236 τὴν

136 1243 419 1316 ὑποταγὴν
450 1247 859 1317 σημαινόντων.

124 1352 130 1393 l
200 1336 341 1391 Ὀτι
369 1339 685 1406 ἐρρύσατο
707 1339 946 1409 πτωχὸν
964 1340 1033 1396 ἐκ
1050 1340 1376 1399 δυνάστου.
1396 1345 1515 1399 Ἀπ’
1529 1347 1734 1420 ἄκρων,

136 1428 284 1497 σησὶ,
320 1431 597 1501 περάτων
635 1430 737 1501 τῆς
772 1432 1094 1506 οἰκουμένης
1121 1435 1225 1500 ἕως
1263 1436 1449 1508 ἄκρων
1492 1457 1735 1512 προσκυ-

135 1517 390 1585 νήσουσιν
438 1517 599 1589 αὐτῷ
648 1520 719 1573 τά
767 1537 829 1574 τε
868 1522 993 1593 ἔθνη
1024 1525 1120 1577 καὶ
1150 1527 1200 1578 oi
1224 1525 1482 1595 βασιλεῖς,
1516 1531 1739 1603 εὐχαρι-

137 1606 391 1672 στοῦντες
426 1610 521 1678 ἐφ’
555 1605 640 1673 οἷς
663 1611 762 1683 τῆς
790 1613 1249 1681 καταδυναστείας
1276 1621 1475 1684 αὐτοὺς
1502 1619 1737 1693 ἐλυτρώ-

136 1713 258 1753 σατο
281 1701 383 1754 τοῦ
413 1702 659 1757 Σατανᾶ.
679 1705 781 1759 Ἐκ
811 1707 993 1761 τόκου
1022 1707 1122 1761 καὶ
1146 1708 1216 1773 ἐξ
1237 1709 1474 1779 ἀδικίας
1514 1712 1737 1781 λυτρώ-

138 1806 297 1845 σεται
328 1791 449 1859 τὰς
492 1795 703 1864 ψυχὰς
728 1795 946 1852 αὐτῶν.
965 1796 1292 1870 Ἐξαλείφων
1319 1802 1382 1855 τὸ
1410 1803 1531 1856 κατ’
1556 1804 1737 1860 αὐτῶν

140 1883 512 1957 »ζειρόγραφον
543 1891 640 1942 καὶ
666 1889 1024 1962 χαριζόμενος
1062 1895 1158 1949 καὶ
1199 1894 1278 1967 τῷ
1304 1894 1372 1949 τὰ
1406 1887 1759 1952 πεντακόσια

137 1976 218 2028 ml
266 1977 345 2049 τῷ
387 1978 468 2032 τά
510 1983 856 2054 πεντήκοντα
896 1985 1181 2056 ὀφείλοντι.
1229 1987 1338 2043 Kal
1388 1988 1630 2060 ἔντιμον
1668 1990 1735 2045 τὸ

138 2066 321 2137 ὄνομα
381 2072 605 2127 αὐτοῦ.
641 2075 966 2148 Σεϐάσμιος,
1007 2080 1193 2151 φησὶν,
1228 2079 1380 2134 ἔσται
1415 2081 1567 2154 παρὰ
1599 2084 1737 2140 πᾶσι

136 2159 223 2212 καὶ
246 2161 495 2229 ἔνδοξος.

200 2250 315 2307 Καὶ
342 2254 619 2323 ζήσεται,
660 2260 758 2314 καὶ
789 2260 1106 2329 δοθήσεται
1132 2265 1292 2332 αὐτῷ
1330 2268 1400 2321 ἐκ
1443 2268 1551 2323 τοῦ
1594 2287 1737 2339 χρυ-

136 2344 272 2400 σέου
292 2347 415 2416 τῆς
454 2350 941 2419 Ἀραϐίας.Ταῦτά
962 2375 1093 2430 φησι
1114 2358 1203 2413 διὰ
1233 2360 1324 2413 τὸν
1343 2362 1737 2419 ἀποστείλαντα

146 2437 657 2512 Ἠρώδην³ἀνελεῖν
682 2445 752 2499 τὰ
788 2446 984 2521 βρέφη.
1037 2451 1199 2521 Λέγει
1231 2449 1345 2519 οὖν,
1377 2453 1453 2518 ὡς
1493 2457 1555 2508 οὐ
1597 2473 1736 2528 συμ-

137 2530 616 2604 περιληφθήσεται
663 2541 776 2602 τοῖς
823 2541 1239 2614 ἀναιρουμένοις
1268 2546 1521 2612 παιδίοις.
1555 2549 1628 2603 Τὸ
1652 2550 1733 2616 δὲ,
1772 2586 1784 2598 .

140 2621 245 2677 Καὶ
269 2624 610 2694 δοθήσεται
630 2628 790 2697 αὐτῷ
809 2635 1070 2702 χρυσίον
1103 2636 1425 2705 Ἀραϐικὸν,
1456 2639 1606 2711 δηλοῖ
1636 2659 1733 2696 σα-

137 2715 245 2783 ῳῶς
275 2718 314 2773 ἃ
344 2722 745 2791 προσήνεγκαν
788 2725 839 2778 οἱ
892 2726 1056 2796 μάγοι
1097 2728 1268 2800 δῶρα.
1310 2729 1423 2784 Καὶ
1472 2736 1732 2802 προσεύ-

138 2806 337 2871 ξοηαι
392 2814 537 2882 περὶ
581 2815 766 2870 αὐτοῦ
800 2815 1144 2886 διαπαντός.
1179 2821 1353 2877 Αὐτὸν
1377 2824 1734 2892 ὀνομάζοντες

135 2901 187 2952 ἐν
223 2908 593 2975 προσευχαῖς,
625 2908 719 2961 καὶ
746 2908 814 2962 δι’
848 2909 1012 2964 αὑτοῦ
1039 2911 1223 2967 δοῦναι
1265 2914 1355 2969 τὸν
1382 2916 1604 2990 Πατέρα
1635 2921 1733 2973 αὐ-

135 2995 238 3058 τοῖς
262 2994 559 3061 ἀξιοῦντες
584 2998 696 3053 τῶν
722 3000 942 3069 ἀγαθῶν
970 3004 1069 3076 τὴν
1100 3005 1270 3062 δόσιν.

202 3088 427 3141 Ἔσται
458 3088 764 3161 στήριγμα
784 3092 854 3147 ἐν
884 3093 959 3163 τῇ
980 3096 1076 3167 τῇ.
1102 3098 1214 3171 Τῆς
1255 3100 1601 3174 Ἐκκλησίας,
1630 3123 1733 3179 φη-

137 3177 205 3243 σὶ,
236 3181 336 3232 καὶ
364 3181 473 3251 τῆς
502 3182 849 3255 οἰκουμένης.
868 3187 994 3242 Ἐπ’
1016 3189 1215 3259 ἄκρων
1245 3191 1364 3247 τῶν
1391 3194 1592 3263 ὀρέων,
1624 3177 1731 3253 τῶν

136 3267 451 3323 ἀποστόλων
478 3272 578 3325 καὶ
605 3277 919 3348 προφητῶν.
940 3280 1432 3353 ’Υπεραρθήσεται
1459 3287 1611 3357 ὑπὲρ
1632 3289 1738 3344 τὸν

137 3360 401 3417 Λίϐανον
438 3366 739 3435 δ’καρπὸς
764 3371 971 3427 αὐτοῦ.
996 3374 1230 3439 Λίϐανος
1261 3376 1361 3448 μὲν
1386 3379 1419 3449 ή
1464 3380 1734 3453 Ἰερουσα-

135 3448 268 3543 λξλμο
304 3456 535 3526 καρπὸς
585 3456 643 3511 δὲ
690 3461 856 3515 αὑτοῦ
898 3464 928 3516 ό
972 3465 1330 3535 εὐαγγελικὸς
1362 3448 1545 3540 λόγος..
1569 3473 1733 3543 Λέγει

136 3538 240 3610 οὖν,
264 3545 347 3610 ὡς
376 3546 528 3619 ὑπὲρ
557 3548 655 3621 τὴν
685 3551 829 3606 κατὰ
860 3553 1025 3625 νόμον
1058 3556 1314 3628 λατρείαν
1343 3538 1495 3615 ἔσται
1534 3563 1595 3616 τὸ
1633 3538 1735 3636 κή-

140 3651 318 3707 ρυγμα
366 3638 433 3692 τὸ
482 3640 859 3709 εὐαγγελικόν.
893 3644 1005 3701 Καὶ
1044 3648 1496 3719 ἐξανθήσουσιν
1523 3655 1592 3708 ἐκ
1628 3657 1732 3710 πό-

135 3729 281 3795 λεως
323 3730 482 3784 ὡσεὶ
526 3732 743 3819 χόρτος
768 3734 881 3806 τῆς
908 3737 1040 3806 γῆς.
1074 3741 1235 3795 Πόλιν
1265 3743 1363 3815 τὴν
1403 3747 1731 3819 Ἐκκλησίαν

139 3820 414 3888 σημαίνει,
452 3823 587 3893 περὶ
608 3818 679 3895 ἧς
698 3824 1037 3895 γέγραπται·
1070 3831 1489 3905 Δεδοξασμένα
1509 3818 1731 3907 ἐλαλή-

136 3912 202 3977 θη
229 3912 374 3981 περὶ
403 3913 548 3979 σοῦ,
572 3916 612 3984 ἡ
643 3917 821 3984 πόλις
845 3917 952 3972 τοῦ
982 3921 1151 3995 Θεοῦ.

197 4003 326 4074 Πρὸ
351 4005 464 4058 τοῦ
488 4006 668 4075 ἡλίου
695 4007 956 4077 διαμένει
985 4013 1051 4067 τὸ
1076 4013 1263 4085 ὄνομα
1288 4018 1493 4074 αὑτοῦ.
1515 4022 1729 4079 Δείκνυ-

138 4108 235 4156 σιν,
270 4095 355 4160 ὡς
387 4091 549 4161 οὗτος
581 4100 611 4152 ὁ
657 4098 731 4172 μὴ
764 4101 1126 4170 ἀποκτανθεὶς
1167 4107 1305 4178 μετὰ
1354 4110 1461 4165 τῶν
1511 4112 1726 4186 βρεφῶν

136 4184 274 4241 ἐστιν
320 4188 355 4240 ό
402 4188 515 4261 πρὸ
562 4190 868 4265 καταϐολῆς
916 4195 1124 4267 κόσμου
1158 4199 1417 4273 ὑπάρχων
1453 4184 1592 4274 μετήά
1628 4184 1723 4261 τοῦ

138 4278 374 4351 Πατρός.
1665 4304 1673 4309 ·

197 4370 562 4440 εὐλογητὸς
602 4374 636 4426 ό
672 4370 891 4442 Κύριος
921 4378 950 4430 ὁ
989 4377 1133 4445 Θεὸς
1165 4380 1426 4452 Ἰσραὴλ,
1462 4387 1496 4438 ό
1536 4384 1725 4442 ποιῶν

134 4461 441 4533 θαυμάσια
460 4464 670 4532 μόνος.
701 4465 997 4532 Διεξελοὼν
1037 4471 1215 4526 πάντα
1238 4471 1274 4527 ἀ
1299 4475 1635 4547 κατορθώσει
1661 4480 1720 4532 ὲν

132 4557 191 4626 τῇ
214 4555 511 4630 οἰκονομίᾳ
529 4558 643 4621 τοῖς
667 4558 762 4612 ἐπὶ
780 4560 880 4631 τῆς
901 4561 1023 4632 γῆς,
1049 4561 1215 4633 ὕμνον
1234 4566 1550 4637 ἀναπέμπει
1572 4570 1720 4642 αὐτῷ

131 4646 327 4717 λέγων,
350 4647 431 4712 ὡς
468 4648 636 4713 αὐτὸς
681 4649 767 4722 εῐη
806 4651 835 4703 ὁ
865 4651 998 4716 Θεὸς
1039 4654 1273 4726 Ἰσραὴλ,
1314 4659 1343 4711 ό
1374 4658 1533 4729 μόνος
1562 4660 1721 4734 δυνη-

132 4738 238 4804 θεὶς
264 4739 448 4794 ταῦτα
485 4741 711 4812 ποιῆσαι
741 4742 809 4797 τὰ
839 4743 1137 4816 θαυμάσια.
1177 4749 1313 4802 Ποῖα
1336 4750 1395 4804 δὲ
1419 4750 1717 4824 θαυμάσια,

130 4828 161 4900 ἢ
199 4830 268 4883 τὸ
310 4829 661 4901 καταργῆσαι
706 4830 805 4904 τὴν
851 4834 1170 4891 δυναστείαν
1219 4838 1311 4892 τοῦ
1355 4841 1588 4907 Σατανᾶ,
1624 4845 1720 4898 καὶ

1843 531 1965 585 qua:
1991 516 2262 572 Atlantica
2291 516 2514 587 quidam
2542 528 2766 586 vocant,
2800 517 3102 588 Oceanum,
3150 522 3410 579 occiden-

1842 603 1968 661 tale'
1986 615 2041 661 et
2082 608 2381 674 orientale;
2424 609 2549 677 jure
2592 609 2746 665 orbis
2802 611 3093 680 imperium
3140 613 3420 670 ambiente

1841 699 2033 770 pelago
2079 700 2523 756 circumscribit:
2573 703 2721 772 quod
2770 705 3016 773 apertius
3060 702 3419 776 subsequenti

1840 790 2112 846 versiculo
2128 791 2463 855 explicatur.

1910 947 1964 1003 9.
2004 946 2075 1002 Et
2106 949 2307 1003 inimici
2328 951 2441 1020 ejus
2493 959 2689 1006 terram
2717 952 2938 1025 tingent.
2990 953 3237 1023 Subjecti
3264 955 3417 1024 peni-

1842 1046 1929 1094 lus
1962 1038 2014 1094 ei
2044 1050 2206 1095 erunt
2233 1041 2466 1112 inimici,
2493 1052 2554 1099 ut
2582 1046 2722 1100 nihil
2760 1062 2957 1119 pugnae
2995 1048 3258 1103 adversus
3287 1063 3411 1103 eum

1839 1131 2108 1197 videatur,
2136 1149 2204 1188 ex
2231 1136 2546 1207 metaphora
2574 1152 2765 1193 eorum
2812 1138 2908 1209 qui
2946 1137 3001 1192 in
3053 1149 3254 1193 terram
3284 1153 3414 1210 pro-

1840 1224 2031 1278 cidunt
2058 1224 2112 1279 in
2140 1227 2512 1297 obsequentia-
2542 1230 2781 1299 signum.

1909 1316 2099 1371 12-16.
2136 1317 2276 1383 Quia
2332 1321 2578 1376 liberabit
2625 1340 2905 1393 pauperem
2965 1342 2998 1378 a
3056 1333 3283 1395 potente.
3329 1325 3414 1381 Ab

1836 1410 2097 1466 extremis
2120 1411 2186 1465 ad
2229 1422 2503 1469 extremos
2544 1431 2720 1486 usque
2748 1418 2881 1472 lines
2919 1426 3077 1472 terra;
3107 1417 3413 1470 adorabunt

1835 1512 1961 1552 eum
2002 1491 2189 1569 génles
2219 1510 2383 1572 atque
2421 1519 2593 1574 reges,
2623 1507 2826 1575 gratias
2858 1518 3103 1575 agentes,
3138 1508 3282 1576 quod
3313 1520 3411 1561 eos

1836 1603 1867 1643 a
1897 1592 2180 1661 tyrannide
2212 1592 2427 1650 Satanae
2447 1596 2779 1653 liberaverit.
2822 1597 2909 1652 Ex
2937 1600 3111 1653 usuris
3134 1609 3181 1652 et
3213 1598 3411 1668 iniqui-

1838 1690 1947 1737 tate
1986 1687 2204 1741 redimet
2260 1689 2470 1743 animas
2495 1705 2696 1744 eorum.
2732 1689 2931 1746 Delens
2984 1692 3412 1762 chirographum

1770 1787 1810 1841 Β
1838 1775 2102 1833 adversus
2129 1792 2226 1834 eos
2287 1781 2576 1851 scriptum,
2630 1792 2686 1839 et
2717 1785 2888 1854 gratis
2921 1784 3165 1838 debitum
3217 1784 3411 1839 remit~

1842 1876 1961 1924 tens
1996 1871 2047 1925 ei
2093 1872 2189 1941 qui
2239 1875 2537 1945 quingenta
2573 1885 2735 1947 atque
2784 1878 2833 1931 ei
2882 1877 2975 1946 qui
3011 1878 3411 1948 quinquaginta

1838 1959 2089 2018 debebat.
2137 1963 2210 2017 Et
2240 1967 2548 2022 Itonorabile
2577 1986 2766 2023 nomen
2833 1986 3016 2023 eorum
3061 1986 3242 2024 coram
3295 1971 3411 2026 illo.

1839 2048 2218 2121 Venerandus,
2269 2057 2467 2127 inquit,
2504 2068 2559 2113 et
2591 2060 2868 2131 gloriosus
2904 2061 3047 2130 apud
3079 2076 3272 2118 omnes
3287 2063 3412 2116 erit.

1914 2228 2004 2284 15.
2034 2228 2104 2284 Ει
2132 2233 2263 2286 vivet
2295 2244 2345 2287 et
2394 2234 2610 2290 dabitur
2645 2239 2694 2292 ei
2743 2237 2809 2291 de
2843 2255 2973 2292 auro
3023 2241 3254 2295 Arabian
3289 2239 3416 2298 limo

1836 2320 2159 2392 aitpropter
2186 2324 2454 2381 Herodem
2512 2329 2608 2398 qui
2661 2329 2812 2384 misit
2859 2331 3107 2386 occisum
3150 2332 3409 2389 infantes.

1834 2412 1924 2466 Ait
1966 2413 2133 2486 igitur
2191 2432 2316 2471 eum
2377 2434 2485 2473 non
2532 2435 2643 2474 una
2698 2436 2824 2476 cum
2865 2424 3053 2492 pueris
3105 2426 3404 2480 enecandis

1835 2508 2408 2576 comprehendendum
2436 2509 2577 2567 fore.
2604 2512 2746 2579 lllud
2784 2524 2964 2569 autem
2995 2534 3008 2570 :
3064 2515 3135 2570 Et
3200 2518 3413 2572 dabitur

1834 2595 1884 2650 ei
1912 2613 2104 2652 aurum
2134 2600 2444 2668 Arabicum,
2472 2604 2713 2658 declarat
2759 2606 3051 2662 manifeste
3099 2624 3223 2678 qua:
3270 2608 3410 2679 Magi

1835 2683 1979 2741 dona
2015 2688 2329 2745 obtulerunt
2357 2692 2422 2747 ⁷⁸.
2466 2691 2538 2746 Et
2584 2695 2881 2750 adorabunt
2928 2698 2992 2752 de
3047 2699 3162 2768 ipso
3188 2716 3403 2771 semper.

1834 2775 2018 2846 Ipsum
2054 2782 2445 2850 compellantes
2477 2785 2532 2839 in
2580 2788 2945 2854 orationibus,
2973 2799 3028 2845 et
3077 2806 3173 2861 per
3222 2807 3349 2848 eum
3380 2807 3411 2847 ι

1835 2865 1997 2925 Patre
2022 2869 2144 2926 dari
2175 2874 2280 2929 sibi
2311 2874 2584 2934 bonorum
2614 2895 2844 2936 munera
2878 2894 3155 2954 rogantes.

1907 3096 2122 3154 i6.Erit
2145 3101 2538 3169 ﬁrmamentum
2566 3107 2623 3161 in
2660 3117 2820 3166 terra.
2850 3108 3110 3167 Ecclesia:
3141 3121 3195 3168 et
3224 3112 3406 3169 orbis:

1838 3188 1893 3241 in
1913 3193 2131 3246 summis
2169 3196 2462 3264 montium,
2495 3200 2871 3268 apostolorum
2901 3210 2956 3258 et
2993 3205 3405 3275 prophetarum.

1837 3279 2291 3351 Superextolletur
2313 3306 2471 3359 super
2491 3290 2750 3347 Libanum
2771 3295 2977 3364 fructus
3010 3297 3147 3369 ejus.
3168 3296 3408 3355 Libanus

1835 3378 1918 3424 est
1938 3369 2281 3444 Jerusalem;
2334 3377 2544 3435 fructus
2578 3391 2760 3437 autem
2793 3384 2913 3455 ejus
2939 3390 3407 3460 estevangelicum

1833 3462 2084 3519 verbum.
2121 3466 2215 3521 Ait
2244 3469 2412 3538 igitur
2440 3474 2888 3541 praedicationem
2916 3484 3286 3553 cvangelicam
3316 3501 3405 3541 su-

1832 3554 2100 3622 periorem
2138 3557 2254 3613 fore
2282 3560 2439 3630 legali
2468 3562 2637 3618 cultu.
2680 3564 2744 3618 Et
2772 3568 3040 3636 ﬂorebunt
3083 3573 3148 3627 de
3188 3576 3403 3630 civitate

1832 3645 1969 3699 sicut
2003 3648 2183 3717 fenum
2245 3660 2421 3708 teme.
2460 3654 2564 3711 Per
2620 3658 2897 3716 civitatem
2950 3665 3199 3734 designat
3220 3666 3403 3722 Eccle-

1830 3738 1990 3803 siam,
2021 3741 2090 3797 de
2121 3758 2226 3812 qua
2259 3746 2525 3816 scriptum
2556 3760 2672 3806 est:
2705 3752 2952 3809 Gloriosa
3006 3756 3152 3812 dicta
3189 3770 3315 3813 sunt
3340 3761 3403 3814 de

1832 3840 1900 3901 te,
1934 3835 2119 3890 civitas
2150 3835 2248 3892 Dei
2281 3839 2328 3870 ⁷³

1901 4009 1990 4066 1⁸7.
2015 4012 2152 4067 Ante
2204 4020 2365 4070 sarem
2419 4031 2691 4089 permanet
2738 4038 2929 4081 nomen
2985 4026 3398 4096 ejus.Declarat

1826 4116 1952 4156 eum
1980 4104 2074 4173 qui
2109 4120 2217 4160 non
2257 4123 2366 4163 una
2400 4125 2524 4166 cum
2587 4113 2891 4172 infantibus
2944 4118 3266 4176 interfectus
3297 4132 3399 4185 cst,

1825 4196 2081 4252 eumdem
2117 4215 2240 4255 esse
2265 4202 2362 4272 qui
2391 4213 2518 4260 ante
2547 4208 2737 4263 mundi
2786 4212 3240 4267 constitutionem
3271 4229 3395 4269 cun

1824 4282 1985 4340 Patre
2019 4288 2254 4344 exsistit.

1893 4377 1981 4431 18.
2015 4379 2333 4435 Benedictus
2385 4383 2643 4439 Dominus
2692 4386 2833 4441 Deus
2881 4387 3070 4456 Israel,
3125 4393 3217 4459 qui
3265 4393 3397 4464 facit

1808 4469 2097 4525 mirabilia
2155 4474 2320 4530 solus.
2369 4475 2667 4546 Postquam
2723 4483 3001 4536 recensuit
3059 4486 3245 4540 omnia
3274 4502 3397 4558 qua:

1825 4572 2066 4632 tempore
2109 4569 2433 4622 (economim
2461 4570 2723 4627 beneﬁcia
2792 4575 3083 4645 terrigenis
3127 4581 3393 4648 conferet,

1824 4654 2087 4724 hymnum
2121 4658 2280 4712 olTert
2307 4658 2441 4724 Deo,
2503 4662 2656 4719 aiens
2686 4680 2808 4719 eum
2840 4682 2963 4724 esse
3007 4668 3176 4726 Deum
3207 4674 3391 4742 Israel,

1822 4747 1916 4815 qui
1941 4748 2092 4802 solus
2122 4751 2298 4819 potuit
2328 4752 2442 4808 haec
2465 4755 2739 4812 mirabilia
2762 4756 2963 4816 facere.
3031 4762 3163 4829 Quae
3222 4768 3390 4821 mira-

1821 4840 1974 4906 bilia,
2008 4841 2113 4895 nisi
2145 4842 2427 4902 destruere
2468 4847 2757 4919 imperium
2795 4851 3031 4919 Satanae.
3078 4867 3130 4913 et
3161 4858 3394 4915 liberare

130 4919 413 4986 ἐξελέσθαι
438 4922 566 4987 τοὺς
593 4923 1112 4997 ὲπιόουλευομένους
1155 4929 1257 5001 τῆς
1298 4931 1406 5000 τῶν
1450 4933 1721 5006 δαιμόνων

1852 4947 1915 4988 os
1945 4934 2041 5004 qui
2074 4935 2293 4994 insidiis
2319 4950 2649 5010 appetuntur
2677 4960 2708 5000 ιι
2737 4945 3047 5003 daemonum
3071 4953 3394 5022 tyrannide!

130 5007 475 5079 vapawiﬁoc;
497 5009 698 5065 Σκόπει
717 5012 795 5078 δὲ,
823 5012 900 5078 ὡς
924 5016 1023 5087 οὐχ
1052 5019 1286 5089 ἁρμόσει
1304 5022 1383 5093 τῷ
1410 5023 1718 5096 Σολομῶντι

1850 5024 2200 5082 animadverte
2230 5044 2394 5098 porro
2427 5022 2562 5087 nihil
2594 5050 2783 5090 eorum
2816 5053 2938 5107 quae
2978 5040 3033 5092 in
3065 5041 3279 5109 psalmo
3305 5043 3390 5097 di-

131 5099 200 5172 τῷ
236 5103 308 5154 ἐκ
333 5101 439 5172 τῆς
484 5102 579 5158 τοῦ
613 5106 814 5178 Οὐρίου
843 5108 995 5163 οὐδὲν
1028 5110 1135 5165 τῶν
1181 5115 1486 5186 εἰρημένων
1528 5121 1587 5172 ὲν
1637 5121 1715 5192 τῷ

134 5192 327 5264 ψαλμῷ
347 5210 362 5224 ο
393 5193 520 5247 οὔτε
544 5196 608 5249 τό
630 5214 642 5227 ·
680 5198 803 5266 Πρὸ
826 5200 932 5256 τοῦ
961 5203 1141 5270 ἡλίου
1164 5205 1230 5259 τὸ
1266 5206 1454 5277 ὄνομα
1492 5210 1678 5263 αὐτοῦ
1697 5228 1711 5241 ·

133 5284 250 5340 οὔτε
270 5287 336 5340 τό
353 5301 369 5317 ⁸
404 5287 610 5342 Πάντα
638 5290 712 5344 τὰ
738 5291 887 5361 ἔθνη
909 5293 1358 5353 δουλεύσουσιν
1380 5300 1567 5367 αὐτῷ·
1596 5303 1717 5357 οὐδὲ

132 5378 187 5431 τό
203 5396 219 5411 ο
254 5379 380 5448 Πρὸ
420 5379 533 5450 τῆς
576 5382 846 5452 σελήνης
877 5389 1090 5457 γενεὰς
1114 5390 1355 5461 γενεῶν.
1373 5393 1467 5449 Ἐκ
1498 5394 1715 5450 πάντων

132 5464 449 5527 οὖῦτούτων
484 5473 663 5547 δῆλον,
695 5474 779 5529 ὅτι
816 5478 896 5542 είς
934 5480 1024 5535 τὸν
1062 5482 1268 5554 Κύριον
1307 5484 1466 5556 ἡμῶν
1508 5486 1712 5556 Ἰησοῦν

135 5561 363 5634 Χριστὸν
388 5565 654 5625 λέλεκται.

213 5743 477 5803 υκωιιιπ.
506 5764 570 5811 ιι.
605 5751 688 5807 Η.
782 5753 826 5785 ’³
852 5752 993 5811 Psal.
1030 5772 1251 5824 ιιιιιί,
1280 5757 1328 5813 5.

1822 5126 2024 5171 cuntur
2059 5117 2337 5175 Salomoni
2369 5125 2557 5179 uxoris
2605 5124 2749 5182 Urize
2796 5128 2910 5182 lilio
2941 5133 3269 5188 convenire:
3298 5150 3391 5191 ne-

1822 5221 1928 5275 que
1950 5208 2080 5262 illud
2109 5226 2125 5264 :
2159 5210 2294 5264 Ante
2320 5212 2481 5267 solem
2510 5222 2779 5283 permanet
2818 5233 3003 5271 nomen
3032 5221 3184 5290 ejus;
3215 5240 3390 5296 neque

1819 5298 1989 5353 illud:
2020 5298 2211 5354 Omnes
2241 5313 2415 5373 gentes
2464 5307 2686 5360 servient
2740 5308 2825 5372 ei;
2887 5325 3104 5381 neque:
3140 5314 3274 5370 Ante
3308 5318 3388 5371 Iu-

1820 5408 1946 5445 nam
1984 5393 2038 5445 in
2062 5396 2451 5463 generationem
2481 5407 2529 5451 et
2551 5401 2962 5467 generationem.
2991 5402 3071 5459 Ex
3097 5404 3184 5462 'nis
3208 5408 3387 5477 itaque

1822 5484 2079 5539 omnibus
2104 5486 2281 5555 palam
2308 5496 2393 5542 est
2422 5488 2489 5543 de
2522 5488 2755 5547 Domino
2777 5502 2969 5551 nostro
3004 5494 3137 5553 Jesu
3166 5499 3386 5556 Christo

1821 5573 2023 5632 dictum
2058 5575 2229 5634 fuisse
2250 5580 2539 5649 psalmum.
