3786 6278
370 289 479 348 327
1227 291 1287 348 s.
1325 281 1701 351 λτιιΑΝΑειι
1750 292 1902 351 ore.

2100 293 2124 349 5
2157 293 2245 351 lll.
2288 294 2775 351 —EXEGETICA.

446 402 515 458 Et
548 403 877 461 benedictum
906 421 1091 460 nomen
1124 404 1705 477 gloriw.Quamobrem
1744 423 1842 478 par
1858 420 1924 460 νει

2112 404 2225 461 Kal
2246 407 2661 477 εὐλογημένοι*
2678 407 2747 461 τὸ
2772 407 2961 477 ὄνομα
2987 407 3093 477 τῆς
3115 407 3322 477 δόξης.
3344 409 3436 465 Διδ
3462 428 3622 484 προσ.

361 508 488 548 eum
507 509 674 565 super
698 497 882 550 omnia
914 496 1132 568 hymnis
1177 498 1477 554 celebrare.
1516 498 1749 553 Etiamsi
1790 498 1924 552 enim

2100 516 2166 553 ιει
2199 500 2349 570 παρά
2381 501 2599 554 πάντων
2629 499 2793 553 αὐτὸν
2839 498 3147 570 ὑμνεῖσθαι.
3178 502 3244 555 El
3269 501 3378 575 γὰρ
3403 504 3496 559 καὶ
3525 508 3623 582 τὴν

361 585 481 656 ejus
502 597 777 653 naturam,
811 598 998 659 utpote
1025 578 1848 663 inacccssibilem,ignoramus;
1888 606 1918 644 a

2100 588 2207 642 ictv
2230 587 2396 641 αὐτοῦ
2431 589 2508 652 ὡς
2537 590 2826 659 ἀνέφικτον
2854 590 3176 662 ἀγνοοῦμεν,
3202 592 3339 646 ἀλλά
3362 595 3424 648 τὸ
3450 578 3623 671 αντη-

3519 301 3620 358 323

361 678 604 734 salutare
625 681 747 750 ejus
781 696 981 735 nomen
1026 681 1205 737 edocti
1229 699 1444 739 sumus.

575 770 628 828 1.
652 770 969 840 Defecerunt
1001 772 1185 827 laudes
1212 773 1387 828 David
1408 774 1509 843 ﬁlii
1533 771 1723 830 Iesus.

724 859 1068 918 PSALMUS
1091 865 1291 934 Asaph.
1322 863 1570 921 LXXII.

951 956 1354 1027 Argumentum.

358 1040 417 1098 In
460 1042 566 1099 hoc
604 1046 819 1115 psalmo
854 1057 1041 1102 narrat
1073 1063 1239 1117 quam
1267 1049 1378 1104 sint
1405 1049 1641 1119 impares
1686 1047 1937 1104 homines

427 1137 494 1192 ad
518 1139 778 1208 capienda
796 1138 891 1195 Dei
912 1140 1141 1211 judicia.
1169 1141 1287 1212 Ipsa
1307 1142 1454 1197 enim
1483 1141 1755 1212 profunda
1779 1151 1910 1199 sunt

431 1229 811 1307 inscrutabilia
865 1247 930 1287 ac
975 1246 1204 1302 prorsus
1257 1235 1836 1305 incomprehensibilia
1863 1236 1913 1267 ⁷⁸

430 1320 534 1390 Qui
579 1338 743 1394 porro
789 1325 1043 1394 ignorant
1090 1327 1362 1398 cujusque
1395 1329 1721 1384 oeconomiae
1768 1329 1938 1383 ratio-

428 1430 548 1481 nes,
578 1416 632 1469 in
677 1416 945 1472 absurdus
996 1418 1357 1489 cogitatiOues
1406 1419 1674 1475 incidunt.
1732 1420 1936 1487 Quam-

421 1506 609 1562 obrem
635 1509 931 1578 propositis
965 1510 1144 1580 primo
1194 1511 1463 1582 ejusmodi
1485 1513 1933 1584 cogitationibus,

422 1613 546 1667 quae
579 1614 803 1669 propter
833 1602 1208 1670 improborum
1269 1604 1555 1659 hominum
1616 1603 1930 1660 felicitatem

412 1682 765 1757 “acciderant;
809 1707 956 1756 nam,
989 1690 1124 1746 Ecce
1163 1692 1266 1763 ipsi
1310 1704 1605 1761 peccatores
1659 1705 1712 1749 et
1763 1695 1932 1750 abun-

419 1779 639 1843 dantes;
669 1781 829 1835 docet
864 1792 1071 1851 postea,
1118 1783 1297 1853 qualis
1348 1784 1592 1855 ipsorum
1637 1784 1929 1854 impiorum
1965 1798 2005 1851 Β

414 1871 541 1926 ﬁnis
571 1871 790 1927 iuturus
813 1874 917 1940 sit;
944 1881 1003 1927 ut
1028 1890 1091 1929 ea
1112 1876 1400 1945 perspicue
1439 1876 1641 1941 edocti,
1676 1891 1787 1931 non
1814 1892 1931 1929 mo-

422 1963 557 2017 leste
597 1963 860 2027 feramus,
899 1980 1077 2034 neque
1107 1967 1256 2020 anxii
1280 1967 1455 2024 simus
1476 1969 1547 2024 ob
1592 1968 1933 2039 inaequalita-

419 2061 528 2107 tem
554 2068 739 2108 rerum
761 2054 925 2125 hujus
966 2056 1113 2110 vitae.
1519 2064 1527 2091 ε

416 2228 470 2283 2.
502 2229 677 2295 Quafn
729 2230 891 2285 bonus
931 2230 1110 2288 Israel
1148 2234 1289 2289 Deus
1347 2235 1429 2290 his
1488 2237 1581 2305 qui
1620 2246 1760 2290 recto
1802 2245 1928 2289 sunt

346 2320 903 2378 corde!Narraturus
928 2326 1347 2395 prosperitatem
1398 2327 1683 2381 hominum
1729 2327 1785 2381 in
1823 2327 1928 2380 im-

346 2413 553 2483 pietate
581 2414 917 2482 degentium,
951 2425 1006 2469 et
1033 2418 1293 2471 acerbum
1331 2417 1465 2487 ipsis
1524 2429 1713 2487 postea
1755 2433 1921 2488 para-

344 2510 459 2561 tum
489 2507 815 2576 supplicium
841 2526 855 2574 ;
891 2509 1170 2578 praemittit
1195 2511 1325 2564 illud
1336 2513 1521 2574 ,rectis
1537 2512 1703 2568 corde
1720 2514 1922 2569 bonum

347 2614 471 2656 esse
514 2599 706 2662 Deum,
744 2609 799 2654 ut
831 2611 1168 2670 cognoscant
1201 2602 1295 2672 qui
1335 2604 1553 2672 pietatis
1589 2604 1694 2658 sibi
1742 2615 1924 2673 partes

343 2699 658 2758 assumunt,
692 2692 825 2748 solis
860 2694 1026 2749 rectis
1057 2693 1221 2749 corde
1288 2693 1459 2748 Deum
1517 2695 1767 2751 futurum
1802 2712 1925 2752 esse

342 2781 573 2849 bonum,
602 2783 696 2838 sed
751 2798 862 2837 non
892 2783 960 2840 iis
1003 2786 1098 2854 qui
1147 2784 1392 2856 improbe
1444 2796 1692 2857 peccant.
1738 2787 1923 2857 Itaque

342 2874 560 2929 etiamsi
614 2874 900 2931 videantur
941 2891 1201 2946 prospere
1256 2893 1456 2947 agere,
1508 2878 1706 2948 inquit,
1758 2892 1920 2934 nemo

340 2964 803 3029 turbetur,secum
823 2977 1082 3037 reputans
1105 2978 1370 3038 quantum
1391 2970 1514 3026 illos
1538 2973 1702 3041 paulo
1730 2981 1921 3042 postea

341 3055 671 3126 supplicium
704 3065 1005 3126 exspectet.

415 3239 545 3313 [Mei
568 3252 748 3297 autem
784 3259 911 3312 pene
952 3244 1083 3298 moti
1112 3253 1238 3300 sunt
1265 3245 1442 3315 pedes.
1493 3245 1692 3303 Narrat
1728 3250 1924 3321 hujus-

340 3332 490 3387 modi
517 3342 747 3387 mortem
798 3334 905 3403 piis
956 3336 1088 3389 viris
1116 3336 1455 3406 contingere,
1511 3348 1571 3393 ut
1606 3340 1654 3394 si
1683 3341 1804 3410 quis
1831 3358 1919 3396 ro-

340 3436 500 3495 getur
526 3439 595 3478 an
624 3426 750 3479 velit
770 3427 931 3480 talem
990 3437 1224 3483 mortem
1252 3429 1430 3495 obire,
1479 3431 1801 3502 neutiquam
1826 3433 1922 3488 ab-

339 3525 495 3572 nuat.
519 3517 540 3590 j

410 3610 520 3665 3-5.
548 3610 685 3677 Quia
710 3610 877 3666 σοιπυὶ
905 3627 1063 3681 super
1086 3612 1315 3683 iniquos,
1354 3630 1540 3682 pacem
1580 3626 1919 3686 peccatorum

337 3700 539 3768 uidens,
569 3710 675 3758 etc.
704 3702 942 3757 Enarrat
973 3717 1038 3758 ea
1083 3719 1206 3774 qua:
1242 3704 1347 3774 ipsi
1397 3706 1599 3759 mentis
1626 3708 1915 3775 perturba-

337 3792 542 3846 tionem
575 3794 840 3848 excitant.
881 3792 1004 3848 Haec
1032 3804 1211 3848 autem
1260 3806 1425 3856 sunt,
1457 3797 1716 3865 primum,
1771 3800 1919 3868 quod

343 3882 404 3936 in
435 3883 544 3936 alta
573 3899 707 3953 pace
737 3885 889 3955 impii
913 3886 1147 3955 degant;
1212 3887 1473 3953 secundo,
1516 3889 1663 3957 quod
1711 3905 1808 3958 per
1836 3900 1919 3946 to-

338 3981 451 4027 tam
484 3973 651 4027 vitam
678 3989 940 4044 prospere
962 3983 1164 4045 agant;
1193 3975 1268 4030 ita
1302 3985 1363 4031 ut
1401 3979 1466 4032 ad
1487 3990 1719 4034 mortem
1737 3996 1914 4050 usque

344 4064 584 4121 felicitas
650 4067 1000 4131 extendatur,
1059 4075 1116 4122 et
1173 4067 1281 4122 tale
1308 4082 1481 4138 genus
1519 4071 1712 4126 mortis
1765 4071 1916 4142 impii

337 4158 593 4222 subeant,
627 4157 789 4227 quale
812 4173 975 4212 nemo
1003 4156 1189 4212 subire
1208 4158 1416 4213 abnuat
1437 4159 1483 4213 si
1519 4160 1644 4230 quis
1676 4177 1801 4217 eum
1829 4179 1918 4218 ro-

337 4257 446 4319 get,
480 4264 550 4303 an
572 4250 702 4303 velit
770 4249 1084 4319 bujusmodi
1145 4259 1378 4307 mortem
1431 4252 1605 4307 obire.
1649 4253 1730 4308 Ad
1772 4254 1915 4321 haec,

337 4339 482 4408 quod
515 4339 562 4395 si
592 4356 701 4411 qua
727 4340 862 4410 ipsis
886 4350 1105 4411 propter
1132 4351 1415 4412 peccatum
1454 4341 1668 4410 punitio
1705 4343 1917 4414 inﬂiga-

338 4442 450 4498 tur,
472 4449 581 4503 qua
619 4435 686 4490 ad
717 4435 1136 4489 conversionem
1175 4442 1525 4500 revocentur,
1585 4449 1651 4490 ea
1700 4451 1811 4490 non
1842 4438 1915 4492 sit

337 4521 655 4587 gravis,.'sed
688 4522 824 4576 levis
848 4532 902 4577 et
930 4523 1254 4578 tolerabilis.
1284 4523 1461 4594 Super
1514 4523 1599 4578 bis
1629 4524 1911 4589 omnibus,

336 4617 480 4684 quod
505 4629 613 4667 non
629 4614 903 4670 humanos
926 4615 1141 4670 labores
1170 4617 1548 4687 experiantur,
1581 4631 1681 4671 nec
1709 4617 1913 4671 diurno

337 4714 551 4778 quaestu
574 4716 766 4777 egeant
813 4723 913 4777 pro
962 4708 1223 4778 parandis
1280 4709 1576 4763 alimentis.
1622 4706 1722 4763 Hic
1764 4709 1909 4763 enim

335 4799 493 4855 labor
522 4814 807 4863 manuum,
842 4798 1038 4871 ﬂagelli
1067 4809 1122 4855 et
1164 4800 1466 4870 punitionis
1501 4800 1625 4855 loco
1669 4801 1912 4856 homini-

335 4891 442 4948 bus
470 4889 790 4961 imponitur.

404 5059 457 5115 6.
496 5058 624 5115 Ideo
656 5062 823 5115 tenuit
854 5076 942 5114 eos
969 5058 1241 5130 superbia,
1275 5045 1330 5113 et
1358 5066 1577 5114 caetera.
1612 5056 1752 5124 Quia
1785 5074 1908 5114 om-

335 5153 497 5209 nibus
524 5152 779 5208 fruuntur
801 5153 985 5218 bouis,
1009 5151 1160 5205 nullo
1188 5150 1366 5204 affecti
1412 5149 1578 5215 malo,
1611 5151 1734 5203 ideo
1767 5152 1911 5205 into-

333 5242 703 5297 lerantissime
725 5243 1072 5313 superbiuut,
1101 5250 1268 5311 atque
1317 5240 1392 5293 ita
1448 5239 1625 5310 iniqui
1674 5252 1724 5294 et
1753 5240 1908 5309 impii

333 5333 590 5396 evadunt,
620 5341 681 5387 ut
709 5334 963 5403 impietas
991 5347 1182 5387 eorum
1202 5347 1300 5386 ceu
1327 5331 1545 5400 pinguis
1561 5331 1795 5386 etobesa
1813 5332 1903 5386 sit.

2045 696 2159 751 ριον
2191 679 2357 732 αὐτοῦ
2387 680 2745 751 ἐδιδάχθημεν
2777 681 2969 753 ὄνομα.

2143 770 2458 835 Ἐξέλιπον
2477 775 2531 825 οἱ
2556 772 2731 841 ὕμνοι
2760 774 2945 828 Δαυῒδ
2975 775 3081 830 τοῦ
3104 777 3238 831 υἱοῦ
3278 779 3527 836 Ἰεσσαί.

2415 866 2565 921 sum
2588 871 2724 921 nos
2756 866 2837 933 τῷ
2873 867 3078 938 Ἀσάφ.
3115 873 3242 925 οθι.

2673 961 2999 1027 Ὑπόθεσις.

2052 1044 2139 1099 Ἐν
2161 1046 2333 1119 τούτῳ
2362 1049 2438 1120 τῷ
2460 1049 2660 1123 ψαλμῷ
2683 1052 2784 1125 τὴν
2811 1054 3130 1125 ἀνωμαλίαν
3168 1053 3278 1109 τῶν
3316 1055 3617 1127 ἀνθρώπων

2109 1141 2175 1211 ἣν
2202 1139 2386 1211 έχουσι
2410 1159 2476 1196 πε
2486 1144 2538 1215 pl
2559 1144 2627 1197 τὰ
2646 1144 2743 1197 τοῦ
2773 1143 2909 1198 Θεοῦ
2936 1141 3179 1218 κρίματά
3201 1146 3497 1219 ἐξηγεῖται.
3515 1151 3620 1203 Αὐ-

2108 1231 2179 1286 τά
2223 1233 2323 1304 μὲν
2362 1235 2472 1306 γάρ
2510 1237 2628 1289 ἐστι
2660 1235 2829 1307 βαθέα
2865 1255 2924 1291 τε
2956 1238 3051 1291 καὶ
3077 1238 3494 1312 ἀνεξερεύνητα,
3527 1244 3624 1297 καί

2108 1325 2488 1398 ἀκαταληψίας
2524 1327 2765 1398 γέμοντα
2812 1329 3045 1401 πολλῆς
3077 1332 3125 1384 οἱ
3166 1330 3225 1383 δὲ
3256 1332 3384 1395 τοὺς
3430 1332 3620 1401 λόγους

2106 1418 2204 1489 τῆς
2236 1419 2295 1471 έν
2322 1419 2539 1489 ἑκάστῳ
2585 1422 2915 1492 γιγνομένης
2955 1422 3268 1493 οἰκονομίας
3302 1422 3415 1494 (54)
3458 1423 3622 1492 ἀγνο-

2106 1505 2292 1569 οῦντες
2334 1509 2419 1570 εἰς
2457 1508 2773 1579 ἀμηχάνους
2810 1508 3138 1563 ἐκπίπτουσι
3177 1508 3494 1579 λογισμούς.
3532 1510 3623 1563 Διὸ

2104 1600 2189 1672 δὴ,
2215 1601 2479 1672 πρότερον
2504 1601 2703 1665 αὐτοὺς
2738 1602 2960 1672 προθεὶς
2993 1602 3124 1673 ἡμῖν
3152 1601 3280 1666 τοὺς
3304 1600 3617 1673 λογισμοὺς,

2106 1683 2252 1743 οὗτοι
2297 1689 2354 1742 δὲ
2397 1685 2537 1760 ἦσαν
2571 1690 2617 1742 oi
2662 1687 2752 1742 διὰ
2788 1689 2886 1760 τὴν
2911 1688 3218 1760 εὐπραγίαν
3256 1688 3367 1742 τῶν
3407 1688 3624 1744 ἀσεϐῶν

2104 1778 2405 1852 ἀνθρώπων
2455 1778 2972 1850 ἐπισυμϐαίνοντεςο
3015 1778 3161 1834 Ἰδοὺ
3201 1778 3311 1850 γὰρ
3354 1780 3624 1847 ἀμαρτωο

2104 1874 2228 1936 λοι,
2263 1873 2418 1944 φησὶ,
2449 1872 2550 1926 καὶ
2580 1870 3003 1940 εὐθηνοῦντες,
3025 1871 3265 1925 διδάσκει
3294 1870 3434 1941 μετά
3464 1869 3624 1923 τοῦτο

2106 1965 2201 2018 καὶ
2236 1967 2385 2019 ποῖον
2416 1962 2596 2018 αὐτῶν
2615 1963 2722 2029 τῶν
2753 1963 2967 2017 ἀσεϐῶν
2986 1962 3138 2016 ἔσται
3160 1961 3223 2015 τὸ
3249 1961 3405 2025 τέλος
3426 1978 3441 1991 ⁸
3473 1961 3622 2023 ὅπως

2103 2053 2190 2120 ἂν,
2216 2054 2284 2108 τὰ
2315 2054 2540 2110 τοιαῦτα
2573 2055 2793 2125 γνόντες
2842 2053 3051 2124 σαφῶς,
3088 2052 3165 2124 μὴ
3210 2052 3513 2124 ἀπορῶμεν
3566 2052 3623 2104 ὲν

2100 2148 2220 2209 ταῖς
2254 2146 2592 2217 ἀνωμαλίαις
2614 2145 2722 2200 τῶν
2750 2149 2807 2199 ἐν
2832 2144 2970 2216 τῷδε
2997 2144 3075 2215 τῷ
3103 2143 3205 2215 βίῳ
3246 2142 3618 2216 πραγμάτων.

2111 2235 2205 2301 Ὠς
2242 2236 2464 2306 ἀγαθὸς
2502 2239 2536 2290 ό
2575 2234 2720 2300 Θεὸς
2755 2232 2836 2300 τῷ
2873 2231 3121 2302 Ἰσραὴλ
3160 2231 3285 2298 τοῖς
3313 2229 3527 2285 εὑθέσι
3548 2227 3620 2299 τᾶ

2029 2327 2263 2397 καρδίᾳ.
2296 2328 2521 2382 Μέλλων
2557 2326 2859 2399 διηγεῖσθαι
2884 2326 2981 2397 τὴν
3028 2325 3136 2379 τῶν
3184 2326 3244 2379 ὲν
3286 2323 3522 2392 ἀσεϐείᾳ.
3546 2322 3624 2379 δι-

2028 2419 2267 2489 αγόντων
2281 2418 2377 2475 ἀνθ
2387 2417 2581 2491 ρώπων
2596 2419 2884 2490 γινομένην
2900 2419 2996 2488 εὐη
3006 2417 3218 2489 μερίαν,
3242 2416 3336 2469 καὶ
3353 2414 3462 2487 τὴν
3485 2415 3624 2485 μετά

2025 2510 2200 2565 ταῦτα
2245 2510 2429 2574 αὐτοῖς
2471 2509 2842 2581 ἀποκειμένην
2873 2508 3096 2562 κόλασιν
3128 2505 3351 2577 πικρὰν,
3383 2506 3624 2574 προτάτ·

2025 2620 2106 2656 τει
2145 2602 2207 2655 τὸ
2234 2605 2345 2666 τοῖς
2374 2601 2587 2656 εὐθέσιν
2616 2600 2822 2671 ἀγαθὸν
2852 2598 2988 2655 εἶναι
3040 2598 3130 2652 τὸν
3173 2597 3334 2652 Θεόνο
3364 2597 3525 2661 ὅπως
3559 2596 3623 2649 ἂν

2024 2697 2202 2763 γνοῖεν
2248 2696 2299 2747 οἱ
2342 2695 2442 2766 τὴν
2486 2694 2684 2766 εὐσεϐῆ
2728 2693 3044 2765 αἱρούμενοι
3076 2692 3288 2765 μερίδα,
3312 2690 3394 2754 ὡς
3439 2689 3624 2760 μόνοις

2023 2789 2132 2852 τοῖς
2171 2786 2354 2839 εὐθέσι
2395 2789 2463 2858 τῇ
2519 2786 2718 2858 καρδίᾳ
2747 2785 2901 2839 ἔσται
2932 2784 3136 2854 ἀγαθὸς
3153 2785 3191 2837 ’ὁ
3223 2783 3389 2847 Θεός·
3419 2784 3484 2837 οὐ
3519 2782 3624 2853 μὴν

2024 2873 2105 2927 ἔτι
2134 2877 2370 2939 καὶτοῖς
2400 2874 2712 2944 φαυλότατα
2758 2873 3383 2946 ἀμαρτάνουσιν.Ὥστε,
3434 2874 3487 2925 εί
3531 2872 3626 2923 καὶ

2022 2966 2273 3020 δοκοῦσιν
2321 2967 2635 3037 εὐημερεῖν,
2684 2968 2840 3036 φησι.
2884 2964 3237 3037 ταραττὲσθω
3287 2964 3511 3035 μηδεὶς,
3564 2962 3625 3015 τὸ

2026 3058 2221 3129 μικρὸν
2252 3056 2479 3129 ὕστερον
2505 3057 2702 3120 αὐτοὺς
2731 3055 3078 3126 ἐκδεξόμενον
3125 3053 3496 3126 κολαστήριον
3536 3054 3625 3105 ὲν-

1949 3136 1991 3191 C
2026 3148 2182 3202 νοῶν.

2099 3235 2312 3308 [Ἑμοῦ
2335 3236 2403 3290 δὲ
2425 3237 2586 3305 παρὰ
2602 3235 2821 3305 μικρὸν
2853 3236 3281 3303 ἐσαλεύθησαν
3318 3236 3381 3286 οἱ
3416 3232 3624 3299 πόδες.

2024 3329 2307 3399 Διηγεῖται
2330 3328 2571 3381 τοιοῦτον
2598 3329 2724 3390 τούς
2748 3326 2992 3390 εὐσεϐεῖς
3017 3326 3306 3397 ὑπομένειν
3334 3324 3435 3378 τὸν
3460 3324 3624 3378 θάνα-

2021 3437 2134 3487 τον,
2166 3421 2243 3485 ὡς
2276 3424 2349 3493 μή
2384 3438 2508 3475 τινα
2537 3419 2822 3474 ἀνανεύειν
2846 3420 2982 3484 εἴτις
3007 3418 3166 3472 αὐτὸν
3190 3417 3399 3489 ἔροιτο,
3426 3418 3479 3470 εί
3506 3416 3628 3489 βού-

2021 3513 2164 3566 λοιτο
2197 3514 2440 3567 τοιούτου
2474 3509 2706 3567 θανάτου
2743 3510 2973 3584 τυχεῖν.]

2096 3606 2223 3658 ’Ότι
2255 3603 2525 3671 ἐζήλωσα
2553 3604 2652 3658 ἐπὶ
2686 3603 2810 3669 τοῖς
2844 3604 3110 3671 ἀνόμοις,
3135 3598 3398 3668 εἰρήνην
3442 3600 3629 3669 ἀμαρ-

2020 3697 2228 3753 mar
2250 3697 2424 3767 ὀρῶν,
2458 3717 2514 3756 κ.
2547 3717 2597 3752 τ.
2625 3697 2674 3752 λ.
2695 3698 2774 3752 Τὰ
2800 3697 2891 3749 τὸν
2912 3695 3097 3748 κλόνον
3127 3693 3277 3764 αὐτῷ
3308 3694 3624 3764 ποιήσαντα

2019 3789 2120 3860 τῆς
2145 3788 2321 3861 ψυχῆς
2339 3792 2652 3860 ἀφηγείται.
2673 3788 2856 3841 Ταῦτα
2877 3788 2934 3841 δέ
2952 3789 3088 3853 ἐστι,
3108 3786 3168 3840 τὸ
3189 3784 3421 3858 πρῶτον
3443 3785 3546 3857 μὲν
3572 3788 3627 3837 ἐν

2018 3883 2208 3953 εἰρήνῃ
2247 3882 2443 3945 αὐτοὺς
2485 3880 2676 3953 βαθείᾳ
2721 3880 3019 3934 διατελεῖνο
3070 3877 3264 3932 ἔπειτα
3314 3877 3627 3941 διαπαντὸς

2017 3973 2311 4044 εὐημερεῖν
2335 3970 2427 4025 τοῦ
2464 3972 2601 4043 βίου,
2634 3972 2709 4035 ὡς
2756 3970 2849 4023 καὶ
2908 3970 3070 4041 μέχρι
3109 3967 3345 4023 θανάτου
3399 3970 3509 4041 τὴν
3541 3968 3629 4021 εὐ-

2018 4063 2252 4136 ημερίαν
2302 4061 2757 4124 συνεκτείνεσθαι,
2801 4060 2897 4115 καὶ
2936 4059 3175 4113 τοιοῦτον
3222 4060 3357 4124 τοὺς
3404 4059 3623 4122 ἀσεϐεῖς

2016 4157 2308 4228 ὑπομένειν
2343 4155 2527 4221 αὐτὸν,
2555 4153 2630 4217 ὡς
2662 4154 2735 4225 μή
2776 4169 2895 4206 τινα
2942 4152 3224 4206 ἀνανεύειν
3256 4150 3434 4217 εἴτις
3462 4152 3626 4206 αἱτῖν

2015 4248 2213 4320 ἔροιτο,
2237 4250 2284 4301 εί
2314 4246 2558 4318 βούλοιτο
2577 4245 2671 4298 τοῦ
2697 4244 2938 4298 τοιούτου
2961 4244 3190 4298 θανάτου
3219 4248 3419 4315 τυχεῖν
3440 4260 3459 4278 σ
3489 4242 3626 4315 πρὸς

2015 4341 2072 4394 δὲ
2103 4340 2263 4393 τοῦτο
2307 4340 2401 4393 καὶ
2451 4340 2501 4391 εί
2550 4337 2660 4409 ἄρα.
2689 4336 2890 4408 συνέϐη
2923 4337 3015 4390 ἐπὶ
3044 4339 3110 4409 τῇ
3144 4336 3408 4409 ἁμαρτίᾳ
3442 4333 3624 4390 αὐτῶν

2020 4432 2217 4503 μάστιξ
2246 4427 2659 4502 ἐπιστρεπτικὴ,
2681 4427 2889 4500 ταύτην
2915 4428 2991 4500 μὴ
3016 4423 3153 4483 εἶναι
3179 4428 3470 4501 χαλεπὴν,
3514 4426 3625 4481 ἀλλ’

2016 4525 2256 4597 ἐλαφράν
2288 4542 2347 4577 τε
2376 4525 2470 4578 καὶ
2506 4522 3013 4595 εὐπαρακόμιστον
3047 4522 3132 4592 ἐφ’
3161 4523 3343 4576 ἅπασι
3397 4523 3461 4577 δὲ
3502 4520 3628 4576 τού·

2015 4634 2129 4681 τοις
2175 4616 2235 4669 τὸ
2283 4615 2358 4689 μὴ
2401 4615 2510 4668 τῶν
2549 4614 2908 4686 ἀνθρωπίνων
2963 4613 3374 4668 συναπολαύειν
3416 4614 3624 4675 κόπωνλ

2018 4707 2152 4778 μηδὲ
2179 4706 2396 4760 δέεσθαι
2438 4706 2538 4776 τῆς
2572 4705 2699 4758 καθ’
2728 4705 2942 4778 ἡμέραν
2977 4705 3239 4775 ἐργασίας
3271 4706 3367 4768 είς
3405 4705 3627 4777 διατρο-

2015 4796 2119 4869 φὴν
2147 4797 2459 4866 ἀναγκαίων
2483 4795 2720 4867 τροφῶν.
2753 4791 2921 4860 Οὗτος
2963 4796 3070 4868 γὰρ
3111 4795 3297 4850 αὐτῶν
3332 4799 3365 4851 ό
3388 4797 3485 4850 διὰ
3513 4812 3628 4865 χει-

2015 4884 2127 4956 ρῶν
2151 4885 2318 4949 κόπος
2347 4881 2459 4938 οἷον
2499 4886 2621 4939 ἀντὶ
2660 4886 2941 4957 μαστίγων
2974 4888 3088 4949 τοῖς
3117 4882 3450 4958 ἀνθρώποις
3480 4884 3626 4938 δέδο·

2021 4993 2131 5031 ται.

2089 5061 2192 5115 Διὰ
2216 5062 2392 5118 τοῦτο
2420 5063 2755 5133 ἐκράτησεν
2777 5066 3002 5133 αὐτοὺς
3033 5068 3073 5134 ἡ
3098 5069 3526 5138 ὑπερηφανία.
3552 5067 3626 5126 εἰς

2019 5153 2193 5218 τέλος.
2226 5154 2442 5228 Ἐπειδὴ
2474 5158 2690 5211 πάντων
2724 5158 2822 5229 μὲν
2852 5158 3186 5213 ἀπολαύουσι
3215 5160 3338 5213 τῶν
3373 5160 3622 5230 ἀγαθῶν,

2017 5246 2186 5300 κακοῦ
2213 5247 2270 5300 δὲ
2296 5249 2529 5315 οὐδενὸς,
2564 5249 2754 5303 τούτου
2801 5251 2960 5323 χάριν
2999 5249 3281 5323 περισσῶς
3320 5251 3624 5323 ἐπετήδευ-

2016 5353 2114 5390 σαν
2141 5336 2239 5409 τὴν
2273 5339 2686 5410 ὑπερηφανίαν·
2723 5340 2847 5410 ἥτις
2886 5341 2981 5396 καὶ
3016 5341 3234 5404 ἀδίκους
3270 5344 3380 5397 καὶ
3409 5342 3623 5403 ἀσεϐεῖς

331 5426 529 5488 αὐτοὺς
574 5424 887 5491 ἀπετέλεσε,
916 5423 1009 5477 καὶ⁸
1051 5423 1143 5476 ἐπὶ
1194 5422 1467 5489 τοσοῦτον,
1518 5423 1593 5487 ὡς
1650 5422 1745 5476 καὶ
1804 5423 1902 5488 τὰς
1935 5426 2191 5493 ἀσεϐείας
2215 5429 2393 5484 αὐτῶν
2428 5434 2618 5502 παχεῖς
2640 5427 2775 5486 εἶναι
2808 5434 2902 5487 καὶ
2924 5433 3087 5486 οἱονεὶ
3110 5433 3449 5504 εὐτραφεῖς.

431 5515 479 5547 ⁷⁸
513 5513 674 5569 Rom.
703 5530 779 5578 si,
821 5512 911 5570 '55.

406 5631 689 5710 (541N591.
708 5629 985 5701 οἰκονομία
1034 5646 1176 5700 saepe
1221 5646 1319 5701 pro
1362 5630 1738 5687 incarnatione
1786 5645 1886 5686 usu
1922 5635 2087 5692 venit.
2125 5636 2409 5709 Vulgatius
2431 5643 2612 5693 autem
2646 5637 2918 5710 signiﬁcat
2944 5646 3115 5695 totam
3166 5635 3393 5693 seriem
3452 5635 3620 5692 actio-

335 5702 466 5760 num
488 5702 714 5759 Christi.
