3786 6278
182 359 264 413 εει
1237 357 1600 418 EXPOSITIO
1638 360 1704 417 IN
1743 361 2072 420 PSALMUM
2110 365 2317 422 LXXII.

3287 377 3393 432 3'50

239 470 585 536 Διήλθοσαν
607 473 696 538 εἷς
721 470 988 526 διάθεσιν
1012 473 1278 542 καρδίας.
1327 475 1391 528 Ἥ
1430 476 1710 549 παράνομο

1913 479 1967 533 7.
2005 479 2345 534 Transierunt
2367 481 2419 534 in
2438 481 2682 549 a/fectum
2735 481 2928 535 cordis.
2962 480 3151 553 Iniqua
3197 483 3284 538 illa
3317 485 3398 539 fe-

182 561 454 632 εὖημερία,
484 565 674 634 φησιν,
701 564 812 629 ἕξιν
839 565 1019 627 αὐτοῖς
1040 565 1281 634 πονηρὰν
1301 566 1589 637 εἰργάσατο
1614 567 1740 638 περὶ

181 656 262 724 τὴν
286 653 494 724 ψυχήν.
530 656 634 709 Καὶ
672 655 834 708 πόθεν
861 655 1016 726 δῆλον
1042 656 1074 726 ἢ
1099 657 1162 710 ἐκ
1184 657 1275 711 τοῦ
1292 658 1612 714 διανοεῖσθαι
1642 659 1739 712 αὐ-

181 746 285 806 τοὺς
303 747 397 798 καὶ
425 746 617 799 λαλεῖν
646 747 904 818 πονηρίαν
929 764 944 812 ;

244 857 506 911 Ἀδικίαν
543 861 632 924 εὶς
659 857 722 912 τὸ
753 859 911 928 ὕψος
950 859 1279 929 ἐλάλησαν.
1333 862 1609 915 Ἐπίτασιν
1641 862 1738 933 τῆς

179 948 420 1019 πονηρίας
456 949 644 1002 αὐτῶν
673 949 941 1020 σημαίνει,
975 949 1050 1013 ὡς
1083 949 1270 1004 λοιπὸν
1315 951 1408 1004 καὶ
1457 951 1538 1013 είς
1576 950 1736 1003 αὐτὸν

179 1041 250 1094 τὸν
284 1040 414 1094 Θεὸν
464 1041 762 1112 ἀναφέρειν
807 1039 903 1112 τὴν
947 1040 1308 1112 βλασφημίαν.
1363 1043 1599 1095 Ἕθεντο
1650 1043 1737 1107 εἰς

177 1132 414 1200 ςίιοανόν
462 1131 536 1185 τὸ
587 1133 779 1202 στόμα
804 1131 1018 1187 αὐτῶν.
1053 1133 1380 1204 Βλάσφημα,
1415 1133 1566 1205 φησὶ,
1602 1151 1733 1204 προ-

178 1221 346 1293 ἐφερον
377 1223 533 1275 κατὰ
566 1221 661 1274 τοῦ
703 1221 838 1275 Θεοῦ
878 1224 1118 1293 ῥήματα,
1160 1223 1254 1276 καὶ
1292 1221 1463 1275 ταῦτα
1493 1222 1734 1275 ταπεινοὶ

174 1313 302 1375 ὅντες
339 1314 437 1367 καὶ
469 1314 574 1384 τὴν
603 1314 852 1383 γλῶσσαν
881 1315 972 1367 ἐπὶ
1001 1314 1106 1384 γῆς
1127 1313 1357 1384 ἔχοντες.
1375 1375 1390 1387 ο

229 1425 323 1478 Διὰ
336 1425 525 1479 τοῦτο
556 1424 904 1493 ἐπιστρέψει
927 1428 958 1479 ὀ
981 1429 1130 1492 λαός
1149 1444 1286 1495 μου.
1313 1426 1413 1481 Διὰ
1435 1427 1590 1482 τοῦτο
1615 1429 1732 1500 μέν·

173 1534 236 1568 τοι
265 1519 613 1589 ἐπαρθέντας
660 1519 855 1582 αὐτοὺς
896 1519 1322 1590 καταϐληθῆναι.
1358 1525 1377 1546 ⁶
1417 1522 1476 1576 Ὀ
1515 1523 1572 1576 δὲ
1609 1522 1732 1587 νοῦς

173 1607 352 1670 οὕτως·
404 1610 670 1678 Ὠφέλειά
701 1627 805 1674 τις,
848 1610 998 1681 φησι,
1035 1611 1129 1664 καὶ
1161 1613 1460 1685 ἐπιστροφὴ
1503 1615 1580 1685 τῷ
1614 1615 1729 1686 ἐ.μῷ

171 1698 264 1768 Β.αῴ
288 1701 610 1771 γενήσεται,
643 1702 674 1771 ἡ
713 1701 915 1753 τούτων
951 1703 1208 1774 τιμωρία.
1255 1703 1588 1775 Ἑωρακότες
1623 1706 1728 1779 γὰρ

1842 569 2036 632 licitas.
2074 573 2270 641 inquit,
2305 572 2505 626 malum
2533 572 2667 641 ipsis
2706 573 2948 626 habitum
2997 573 3050 626 in
3085 575 3264 628 anima
3300 590 3393 644 pe-

1840 660 1997 730 perit.
2041 658 2108 713 Et
2162 662 2428 716 undenam
2469 662 2519 715 id
2572 661 2921 718 manifestum
2969 663 3092 730 erit,
3123 664 3233 719 nisi
3278 667 3397 737 yria

1838 749 2077 818 cogitant
2110 759 2164 805 et
2190 752 2484 821 loquuntur
2516 751 2898 822 iniquitatem?
2939 768 2951 777 ο

1905 862 1958 924 8.
1985 863 2038 918 9.
2065 862 2408 934 lniquitatem
2438 867 2491 918 in
2528 865 2730 919 excelso
2763 867 2925 921 locuti
2956 878 3102 923 sunt.
3130 867 3396 938 Augmen-

1838 961 1948 1007 tum
1979 953 2286 1023 iniquitatis
2314 951 2500 1010 eorum
2542 957 2832 1028 signiﬁcat,
2886 959 2958 1012 ita
3007 968 3067 1014 ut
3096 961 3181 1014 vel
3209 959 3262 1013 in
3315 961 3394 1029 ip-

1834 1059 1954 1099 sum
1991 1045 2158 1100 Deum
2187 1047 2501 1118 blaspheme
2534 1049 2674 1104 dicta
2702 1048 2946 1119 proferre
2985 1051 3243 1106 audeant.
3282 1050 3390 1104 Po-

1834 1146 2050 1189 suerunt
2079 1138 2135 1190 in
2167 1138 2351 1190 caelum
2375 1154 2432 1192 os
2460 1156 2635 1206 suum,
2663 1148 2769 1194 etc.
2807 1138 3148 1209 Blasphema,
3190 1140 3386 1211 inquit,

1833 1227 1996 1281 verba
2056 1227 2108 1281 in
2161 1227 2328 1282 Deum
2365 1229 2725 1299 proferebant,
2782 1231 2905 1284 licet
2953 1230 3084 1286 viles
3126 1242 3307 1287 essent
3335 1242 3390 1287 et

1831 1318 2069 1390 linguam
2105 1321 2159 1375 in
2191 1331 2329 1376 terra
2353 1321 2633 1377 haberent.

1904 1425 1991 1481 10.
2030 1408 2168 1481 Ideo.
2191 1438 2515 1484 convertetur
2541 1434 2764 1503 populus
2797 1452 2941 1490 meus
2984 1436 3088 1491 hic.
3134 1437 3258 1491 Ideo
3289 1452 3385 1490 eos

1829 1517 2081 1586 superbia
2118 1518 2290 1573 elatos
2320 1521 2476 1591 dejici
2509 1525 2801 1595 continget.
2851 1525 3055 1583 Sensus
3089 1535 3268 1582 autem
3301 1527 3386 1582 hic

1827 1617 1945 1663 est:
1982 1609 2279 1665 Utilitatem
2309 1614 2596 1682 quamdam
2656 1626 2709 1671 et
2738 1618 3148 1674 conversionem
3186 1621 3385 1690 pepuln

1829 1714 1950 1753 meo
1979 1700 2168 1756 aﬁ‘eret
2193 1719 2380 1759 eorum
2407 1706 2754 1776 supplicium.
2793 1706 2928 1763 Cum
2964 1708 3196 1764 viderint
3240 1712 3385 1764 enim

170 1781 260 1839 οἷον
299 1789 426 1851 τοὺς
461 1789 688 1854 ἀσεϐεῖς
725 1791 1019 1857 διαδέξεται
1050 1792 1234 1857 τέλος,
1272 1795 1370 1847 οὐκ
1395 1796 1459 1850 άν
1490 1814 1616 1851 ποτε
1650 1799 1711 1860 εἰς

1827 1789 1918 1858 qui
1943 1791 2064 1846 linis
2093 1793 2323 1864 excipiet
2353 1795 2568 1864 impios,
2605 1813 2884 1866 nunquam
2937 1799 3004 1853 ad
3036 1798 3164 1870 quid
3208 1798 3384 1853 simile

170 1876 301 1929 τοῦτο
332 1877 571 1942 ἔλθοιεν,
603 1881 807 1950 ὲφορᾷν
835 1881 903 1933 τὰ
931 1879 1243 1951 ἀνθρώπινα
1277 1884 1460 1952 σαφῶς
1489 1885 1724 1954 ἐγνωκό-

167 1983 240 2030 τες
265 1967 417 2022 Θεόν.
447 1969 568 2022 Καὶ
590 1970 803 2039 ἡμέραι
825 1971 1072 2040 πλήρεις
1092 1973 1514 2042 εὑρεθήσονται
1536 1976 1604 2029 ἐν
1622 1979 1725 2030 αὐ-

168 2059 285 2124 τοῖς.
318 2061 516 2124 Ὅταν,
553 2062 706 2132 φησὶ,
738 2062 838 2132 τὴν
868 2063 1118 2134 τοιαύτην
1143 2066 1446 2136 κτήσωνται
1479 2067 1720 2138 γνώμην,

166 2149 264 2201 τότε
281 2150 344 2221 δὴ
365 2151 498 2204 τότε
537 2151 638 2222 τῆς
662 2151 808 2223 ζωῆς
836 2152 1013 2207 αὐτῶν
1045 2153 1136 2206 τὸν
1168 2154 1355 2226 χρόνον
1385 2155 1564 2221 καλῶς
1595 2158 1723 2211 ἀνα-

168 2239 536 2310 τεληρὼσουσι,
586 2242 727 2296 κατὰ
786 2242 848 2296 τὸ
902 2242 1186 2314 εἰρημένον
1237 2245 1350 2298 ὅτι·
1413 2247 1720 2318 Ὲκοιμήθη

164 2328 378 2395 πλήρης
402 2330 651 2400 ἡμερῶν
668 2349 684 2365 ·
711 2333 955 2386 τουτέστι
982 2334 1208 2406 πλήρεις
1240 2339 1294 2389 αἱ
1323 2337 1521 2411 ἡμέραι
1546 2339 1721 2394 αὐτῶν

165 2422 340 2483 παντὸς
374 2422 675 2490 γεγόνασιν
707 2423 932 2492 ἀγαθοῦ.

216 2533 313 2586 Καὶ
336 2531 546 2598 εἶπαν,
574 2535 702 2600 πῶς
728 2535 880 2606 ἔγνω
914 2540 947 2591 ό
975 2540 1154 2604 Θεός;
1183 2540 1240 2593 '0
1281 2542 1378 2612 μὲν
1405 2541 1533 2613 ἐμὸς
1571 2542 1716 2610 λαὸς,

163 2623 301 2692 φησιν
323 2664 338 2687 ,
367 2625 434 2678 ὲκ
475 2625 573 2679 τοῦ
606 2627 1006 2700 καταϐληθῆναι
1041 2633 1166 2696 τοὺς
1198 2633 1410 2697 ἁσεόεῖς
1437 2634 1718 2706 ὠφεληθή-

161 2728 306 2766 σεται.
339 2718 403 2769 Οί
437 2717 502 2770 δὲ
530 2717 921 2790 προλεχθέντες
951 2722 1230 2787 δυσσεϐεῖς
1253 2725 1346 2777 καὶ
1367 2724 1514 2778 ἄθεοι
1545 2725 1716 2790 οὕτως

161 2801 388 2869 ἠσέϐουν,
419 2806 506 2869 ὡς
534 2807 831 2862 σκάνδαλον
859 2810 1109 2878 γενέσθαι
1149 2815 1258 2875 τοῖς
1288 2814 1452 2886 ὁρῶσι
1479 2815 1570 2869 τὸν
1602 2815 1714 2886 βίον

158 2895 331 2958 αὐτῶν,
359 2898 458 2951 καὶ
483 2899 787 2969 ἀμηχανεῖν
815 2902 907 2955 καὶ
940 2902 1119 2972 λέγειν
1149 2921 1163 2934 ο
1194 2905 1257 2957 Εἰ
1306 2901 1415 2977 ἄρα
1449 2908 1618 2978 ἐφορᾷ
1646 2907 1714 2962 τὰ

160 2986 451 3057 ανθρώπινα
494 2992 522 3042 ὁ
563 2991 727 3056 Θεός;
757 2993 831 3045 Τὸ
876 2993 1005 3062 γὰρ,
1041 2996 1172 3061 Πῶς
1215 2995 1366 3066 ἔγνω
1389 3038 1404 3063 ,
1434 2997 1554 3051 ἀντὶ
1593 2998 1708 3065 τοῦ,

159 3075 261 3141 Πῶς
292 3080 588 3147 γινώσκειν
632 3082 700 3136 τά
748 3083 868 3138 καθ’
897 3086 1043 3156 ἡμᾶς
1075 3087 1168 3139 καὶ
1206 3086 1423 3142 διοικεῖν
1471 3089 1707 3158 λέγεται,

160 3169 234 3221 ιισί
258 3171 369 3236 ὡς
395 3174 608 3242 γνῶσιν
632 3173 745 3246 ἔχει
773 3175 879 3230 τῶν
905 3177 1220 3248 ἡμετέρωνς

222 3372 356 3427 Ἰδοὺ
380 3370 560 3430 οὗτοι
585 3375 919 3445 ἁμαρτωλοὶ
951 3377 1049 3430 καὶ
1086 3377 1481 3446 εὐθηνοῶθτες
1497 3381 1581 3444 εὶς
1605 3380 1710 3432 τὸν

157 3461 313 3517 aldina
331 3466 644 3537 κατέσχον
676 3469 965 3522 πλούτου,
995 3468 1068 3522 Τὸ
1095 3470 1263 3523 αἴτιον
1290 3469 1384 3523 τοῦ
1412 3471 1706 3525 σκανδάλου

157 3552 241 3606 τῶν
278 3557 535 3628 ὁρώντων
583 3559 1009 3631 εὐθηνουμένους
1055 3563 1179 3625 τοὺς
1215 3562 1430 3626 ἀσεϐεῖς
1479 3564 1708 3634 παρατί-

157 3641 296 3699 θεται.
337 3649 518 3703 Τοῦτο
552 3650 609 3704 δέ
637 3651 753 3704 ἐστι
784 3651 844 3704 τὸ
879 3652 1201 3716 διαιωνίζειν
1228 3653 1422 3716 αὐτοὺς
1453 3653 1594 3707 κατὰ
1615 3654 1706 3709 τὸν

156 3740 368 3807 παρόντα
401 3741 524 3813 βίον
551 3745 616 3814 τῇ
653 3745 940 3818 εὐημερίᾳ.
967 3744 1075 3800 Καὶ
1096 3741 1266 3799 εἶπα·
1300 3738 1414 3812 ἄρα
1444 3748 1706 3815 ματαίως

153 3826 453 3888 ἐδικαίωσα
496 3834 611 3902 τὴν
647 3837 899 3905 καρδίαν
920 3854 1061 3907 μου.
1098 3835 1268 3906 Κάγὼ
1292 3876 1308 3902 ,
1338 3839 1502 3910 φησὶ,
1533 3837 1704 3893 ταῦτα

153 3916 286 3987 ὂῷιν,
319 3922 700 3996 ὲθορυδούμην
729 3930 840 3990 τοῖς
873 3927 1170 3998 λογισμοῖς,
1204 3927 1323 3980 κατ’
1351 3929 1584 3999 ἐμαυτὸν
1619 3931 1703 3983 ὲν-

153 4008 298 4078 νοῶν,
334 4016 540 4086 μήπως
571 4016 679 4086 ἄρα
711 4019 738 4070 ό
773 4018 912 4088 ὑπὲρ
959 4017 1161 4088 ἀρετῆς
1205 4021 1364 4083 πόνος
1412 4019 1562 4074 ἔσται
1611 4038 1700 4092 μοι

156 4098 368 4166 μάταιος.
404 4102 521 4159 Ἦν
559 4106 616 4160 δὲ
655 4109 684 4160 ὁ
713 4109 870 4173 πόνος
899 4111 961 4163 τὸ
995 4111 1337 4182 δικαιοσύνην
1366 4112 1573 4178 ἀσκεῖν,
1607 4115 1700 4168 καὶ

155 4184 203 4236 τδ
225 4195 542 4268 καθαρεύειν
591 4200 777 4254 ἀδίκου
827 4202 1112 4274 πράξεως,
1157 4206 1250 4258 καὶ
1294 4205 1355 4258 τὸ
1405 4205 1545 4276 ὑπὲρ
1588 4205 1698 4259 τῶν

157 4279 404 4369 τῳτέρων
441 4290 849 4362 ἁμαρτημάτων
883 4294 1072 4347 ἑαυτὸν
1106 4295 1386 4367 μαστίζειν
1417 4301 1480 4369 τῇ
1512 4296 1698 4368 ἐξομο-

155 4365 361 4441 λογήσει,
395 4376 494 4429 καὶ
528 4380 606 4442 εἰς
631 4383 787 4436 τοῦτο
809 4384 992 4458 ὥσπερ
1019 4387 1082 4441 ἐκ
1111 4389 1296 4460 κοίτης
1331 4388 1695 4443 διανίστασθαι

154 4459 218 4522 εἰς
234 4463 288 4514 τὸ
313 4466 458 4538 ὑπὲρ
483 4469 591 4522 τῶν
621 4472 1027 4546 ἁμαρτημάτων
1055 4477 1258 4532 κακοῦν
1285 4479 1494 4532 ἑαυτόν.

208 4555 270 4606 ει
302 4558 540 4628 ἔλεγον·
578 4563 943 4636 Διηγήσομαι
978 4569 1197 4636 οὕτως·
1232 4569 1359 4623 ἰδοὺ
1400 4569 1475 4638 τῇ
1522 4570 1697 4640 γενεᾷ

153 4642 274 4696 υἱῶν
300 4666 417 4705 σου
467 4652 870 4724 ἠσυνθέτηκα.
927 4659 1146 4729 Ταῦτα,
1212 4662 1398 4734 φησιν,
1457 4663 1696 4717 ἐνενόουν

153 4737 251 4788 κατ’
278 4741 534 4810 ἐμαυτὸν,
563 4745 658 4810 ὡς,
693 4750 740 4800 εί
768 4748 990 4814 τούτους
1012 4753 1138 4816 τοὺς
1164 4753 1580 4817 ὑπεισελθόντας
1606 4771 1694 4825 μοι

155 4823 413 4920 ξογισμοὺς
462 4836 671 4909 ἑτέροις
718 4841 1028 4912 ὲπαγγείλω
1079 4839 1260 4916 (οὗτοι
1304 4848 1360 4900 δὲ
1406 4845 1547 4920 ἦσαν
1596 4823 1689 4902 τόο

154 4907 271 4983 Ἀρὰ
290 4907 892 4994 ματαίωςὴὲδικαίωοια
917 4936 1030 5006 τὴν
1047 4907 1298 5008 καρδίαν
1308 4907 1472 5010 pov'),
1494 4942 1693 5004 παντὸς

157 5010 420 5065 σκανδάλου
468 5013 652 5074 αὑταῖς
693 5025 950 5098 γενοίμην
996 5030 1185 5094 αἴτιος.
1226 5031 1396 5085 Τοῦτο
1426 5033 1481 5085 δὲ
1525 5034 1692 5087 ποιῶν

157 5101 452 5169 παρέϐαινον
487 5104 594 5158 τῶν
632 5106 738 5161 σῶν
790 5111 922 5163 υἱῶν
967 5119 1064 5178 τὰς
1113 5121 1414 5191 συνθήκας,
1450 5122 1560 5174 τῶν
1611 5123 1692 5176 δι-

157 5189 296 5282 καίων
329 5194 536 5268 ἀνδρῶν
574 5197 794 5271 δηλαδή.
828 5197 993 5258 Αὗται
1018 5205 1073 5258 δὲ
1098 5203 1236 5278 ἦσαν
1267 5189 1381 5266 τῶν
1420 5214 1589 5282 ἁγίων
1633 5217 1690 5269 αἱ

158 5281 409 5354 συνθῆκαι.
431 5288 494 5340 τὸ
520 5288 594 5359 μὴ
622 5289 867 5362 ἀλλήλοις
896 5297 1188 5352 σκανδάλου
1221 5302 1391 5367 αἴτιος
1420 5281 1686 5373 γίνεσθαι.

213 5374 306 5462 Καὶ
341 5379 644 5434 ὑπέλαϐον
670 5383 775 5436 τοῦ
809 5385 1028 5453 γνῶναι
1077 5391 1272 5457 τοῦτο,
1299 5396 1485 5462 κόπος
1521 5396 1691 5450 ἐστὶν

157 5458 379 5557 ἔηξκτιόν
405 5487 544 5538 μου.
611 5471 984 5547 ’Υπονοήσας,
1025 5481 1191 5552 φησὶ,
1227 5483 1296 5537 τὰ
1338 5458 1481 5539 οὕτω
1521 5486 1688 5557 βαθέα

159 5551 327 5615 γνῶναι
366 5561 638 5632 κρίματα,
687 5566 745 5618 ὲν
779 5567 931 5639 κόπῳ
966 5551 1252 5629 ἐνέϐαλλον
1301 5551 1556 5647 ἐμαυτὸν,
1592 5577 1687 5632 ᾶτε

231 5708 270 5740 ’⁸
298 5710 427 5768 Gen.
449 5731 574 5783 xxv,
600 5718 655 5773 8.

364 5804 624 5873 ΡΑτιιυι..
663 5811 791 5879 Gn.
833 5815 1091 5882 XXVII.

1827 1884 2094 1951 agendum
2147 1888 2497 1955 accesserint,
2525 1888 2678 1958 gnari
2735 1890 2904 1944 Deum
2933 1889 3169 1945 humana
3201 1893 3383 1946 omnia

1825 1976 2159 2044 conspicere.
2190 1975 2254 2030 Et
2281 1977 2393 2031 dies
2449 1978 2594 2047 pleni
2624 1980 2956 2034 invenientur
3007 1981 3062 2034 in
3112 1981 3211 2036 eis.
3239 1979 3375 2036 Cum

1824 2066 1915 2120 tali
1937 2077 2116 2133 erunt,
2179 2069 2375 2140 inquit,
2409 2080 2586 2125 mente
2636 2071 2912 2139 instructi,
2948 2080 3079 2128 tunc
3111 2073 3233 2127 vita}
3269 2087 3381 2128 sum

1824 2165 2036 2228 tempus
2065 2161 2233 2229 probe
2269 2161 2584 2224 conﬁcient.
2608 2164 2761 2233 juxta
2800 2164 2932 2218 illud
2971 2165 3207 2220 dictum:
3242 2164 3380 2218 Dor-

1822 2251 1967 2305 mivit
1997 2252 2181 2321 plenus
2203 2253 2406 2307 dierum
2435 2255 2482 2286 ⁷⁸
2507 2273 2522 2322 ;
2548 2256 2602 2311 id
2639 2267 2745 2322 est,
2777 2271 2968 2312 omnes
3014 2271 3204 2312 eorum
3259 2257 3374 2310 dies

1819 2342 1972 2397 omni
1997 2343 2142 2399 bono
2170 2345 2315 2415 pleni
2335 2343 2508 2401 fuere.

1887 2554 1972 2610 il.
2010 2553 2080 2609 Et
2108 2555 2392 2612 dixerunt:
2446 2559 2716 2625 Quomodo
2761 2562 2860 2615 scit
2924 2561 3101 2618 Deus?
3139 2560 3376 2631 Populus

1815 2662 1990 2713 meus,
2025 2648 2223 2719 inquit,
2255 2666 2378 2706 cum
2409 2652 2603 2722 dejecti
2627 2663 2682 2709 et
2717 2654 2986 2709 deturbati
3041 2653 3242 2710 fuerint
3267 2656 3374 2709 im.-

1815 2738 1910 2808 pii,
1929 2739 2350 2796 hincutilitatem
2368 2743 2612 2813 accipiet.
2631 2744 2712 2798 llli
2731 2753 2910 2800 autem
2940 2746 3240 2812 supradicti
3271 2747 3375 2800 im-

1813 2831 1889 2900 pii
1917 2839 1968 2886 et
2000 2833 2144 2887 athei
2177 2842 2326 2888 tanta
2363 2835 2636 2906 impietate
2664 2826 2906 2903 fuerunt,
2952 2845 3012 2891 ut
3067 2837 3376 2892 videntibus

1813 2936 2002 2976 eorum
2034 2923 2200 2978 vitam
2227 2924 2551 2983 oli’endiculo
2577 2937 2779 2992 esent,
2815 2930 2888 2984 ita
2934 2936 2991 2984 ut
3030 2929 3084 2984 bi
3131 2930 3375 2985 dicerent

1812 3013 1957 3068 anxii
1986 3023 2038 3070 et
2062 3015 2247 3072 dubii:
2280 3015 2418 3073 Num
2448 3018 2591 3075 Deus
2640 3021 2863 3090 respicit
2907 3021 3179 3076 humana?
3235 3021 3370 3075 Illud

1812 3105 1979 3168 enim.
2011 3105 2281 3171 Quomodo
2313 3112 2435 3175 scit,
2468 3111 2522 3166 id
2546 3119 2649 3179 est,
2673 3111 2784 3166 Cur
2807 3113 3006 3168 dicitur
3027 3128 3089 3167 ea
3119 3128 3241 3184 quae
3265 3129 3366 3167 nos

1811 3208 2052 3267 spectant
2083 3216 2411 3271 cognoscere
2463 3215 2517 3261 et
2554 3206 2966 3272 administrare,‘
2990 3215 3044 3262 et
3074 3221 3188 3278 quo
3212 3216 3372 3277 pacto

1809 3305 1988 3345 rerum
2017 3305 2326 3350 nostrarum
2355 3297 2638 3353 scientiam
2661 3299 2862 3355 habet?

1877 3403 1991 3456 12-1
2006 3403 2058 3457 4.
2102 3403 2236 3459 Ecce
2268 3407 2372 3475 ipsi
2397 3419 2691 3476 peccatores
2717 3419 2766 3464 et
2807 3411 3133 3464 abundantes
3183 3410 3237 3464 in
3269 3425 3368 3462 sm-

1807 3487 1924 3541 culo
1947 3488 2284 3544 obtinuerunt
2316 3492 2554 3549 divitias.
2618 3495 2851 3551 Causam
2902 3496 3143 3550 declarat
3191 3494 3364 3549 oﬂen-

1805 3581 1970 3635 diculi
2012 3582 2311 3638 videntium
2366 3587 2565 3655 impios
2611 3572 2664 3641 in
2701 3588 3032 3642 abundantia
3075 3604 3216 3644 esse.
3250 3587 3366 3640 Hoc

1805 3679 1983 3725 autem
2011 3671 2085 3728 ita
2118 3673 2333 3740 dicitur,
2381 3677 2509 3746 quia
2539 3677 2851 3732 diuturnam
2878 3679 3017 3734 hanc
3038 3679 3204 3733 vitam
3237 3694 3361 3732 cum

1804 3758 2058 3817 felicitate
2078 3761 2304 3820 ducunt.
2326 3763 2394 3818 Et
2418 3767 2533 3820 dixi
2556 3784 2574 3820 :
2600 3766 2739 3838 Ergo
2759 3768 2871 3822 sine
2893 3783 3055 3821 causa
3071 3765 3364 3837 justiﬁcavi

1803 3869 1893 3906 cor
1921 3869 2111 3921 meum,
2138 3863 2243 3910 etc.
2264 3854 2398 3927 Ego,
2425 3857 2624 3927 inquit,
2676 3859 2758 3915 bis
2790 3859 3122 3930 conspectis,
3181 3867 3362 3914 mente

1801 3946 2152 4015 perturbatus
2181 3964 2349 4014 eram,
2385 3966 2594 4006 meeum
2639 3961 2897 4020 reputans
2941 3968 3007 4007 ne
3037 3967 3135 4023 pro
3161 3953 3360 4006 virtute

1801 4047 2082 4108 susceptus
2105 4038 2255 4094 labor
2283 4040 2491 4097 inutilis
2509 4052 2654 4098 esset
2702 4043 2860 4099 mihi.
2890 4043 3020 4098 Erat
3064 4051 3245 4098 autem
3276 4041 3360 4096 la-

1799 4129 2255 4198 borhuiusmodi,
2292 4131 2565 4201 justitiam
2615 4123 2904 4203 exercere,
2957 4134 3107 4190 omni
3162 4133 3358 4200 iniquo

1798 4234 1962 4288 opere
1988 4236 2183 4290 purum
2222 4236 2364 4290 esse,
2394 4239 2493 4294 pro
2519 4226 2812 4295 praeteritis
2837 4225 3075 4296 peccatis
3105 4237 3226 4278 sese
3256 4222 3356 4274 ﬂao

1798 4311 1999 4382 gellare
2022 4313 2073 4366 in
2098 4311 2463 4382 confessione,
2499 4325 2552 4371 et
2581 4316 2648 4370 ad
2679 4331 2799 4371 eam
2833 4329 2947 4370 rem
2975 4315 3112 4368 lecto
3136 4328 3231 4368 sur
3247 4325 3358 4366 tere

1799 4415 1978 4465 mane,
2031 4402 2096 4455 ad
2147 4417 2266 4458 sese
2303 4404 2508 4473 peccati
2558 4420 2722 4460 causa
2769 4401 3182 4458 macerandum.

1871 4571 1954 4625 l5.
1985 4570 2043 4626 Si
2071 4573 2306 4628 dicebam
2330 4591 2348 4628 :
2381 4575 2627 4632 Narrabo
2658 4578 2771 4642 sic;
2801 4594 2914 4632 ecce
2929 4587 3197 4632 nationem
3221 4575 3357 4648 ﬁlio-

1798 4677 1914 4740 rum
1939 4671 2148 4716 tuorum
2183 4666 2470 4735 reprobavi.
2499 4666 2644 4735 Haec,
2698 4669 2895 4740 inquit,
2945 4683 3159 4724 mecum
3203 4668 3353 4736 cogi-

1794 4739 1998 4815 tabam,
2054 4751 2099 4808 si
2153 4767 2245 4809 eas
2299 4757 2658 4827 cogitationes
2721 4739 2809 4814 me
2865 4757 3179 4812 invadentes
3234 4756 3355 4809 aliis

1795 4842 2178 4898 renuntiavero
2227 4853 2416 4914 (erant
2465 4860 2643 4905 autem
2677 4851 2782 4906 illa:
2822 4869 2836 4906 :
2870 4849 3008 4921 Ergo
3063 4849 3176 4904 sine
3228 4864 3355 4900 rau-

1794 4945 1853 4983 sa
1887 4930 2276 5001 iustiﬁcavicor
2304 4942 2520 5012 meum),
2555 4942 2862 4998 oliendiculi
2886 4945 3019 5014 ipsis
3042 4957 3204 4999 causa
3234 4956 3347 4996 ero.

1795 5017 1908 5075 Hoc
1934 5032 2115 5078 autem
2176 5042 2342 5096 agens
2401 5040 2558 5100 pacta
2601 5033 2838 5089 ﬁliorum
2868 5043 3084 5089 tuorum
3124 5040 3350 5100 prater-

1793 5127 2013 5181 gressus
2035 5131 2177 5183 sum,
2202 5118 2475 5188 justorum
2498 5123 2746 5180 videlicet
2771 5125 3032 5178 virorum.
3090 5117 3218 5174 Haec
3246 5136 3347 5198 au-

1793 5213 1898 5259 tem
1925 5219 2082 5263 erant
2103 5221 2260 5280 pacta
2292 5226 2628 5283 sanctorum,
2661 5227 2720 5273 ut
2759 5233 2866 5273 non
2901 5215 3002 5272 sibi
3028 5223 3218 5270 mutuo
3267 5215 3351 5270 of.

1790 5295 2045 5352 t'endiculi
2073 5315 2238 5356 causa
2270 5314 2472 5360 essent.

1862 5391 1948 5447 l6.
1985 5392 2372 5452 Existimabam
2399 5409 2458 5453 ut
2503 5417 2860 5472 cognoscerem
2910 5399 3026 5464 hoc,
3086 5399 3236 5454 labor
3271 5409 3347 5452 est

1789 5491 1912 5536 ante
1941 5501 2041 5540 me.
2078 5487 2214 5544 Cum
2245 5491 2636 5562 existimarem,
2691 5494 2891 5565 inquit,
2925 5503 3032 5548 tam
3081 5489 3344 5563 profunda

1787 5572 1990 5645 judicia
2042 5594 2128 5636 me
2187 5597 2540 5654 cognoscere,
2591 5586 2645 5642 in
2705 5587 2947 5644 laborem
2997 5599 3084 5640 me
3118 5581 3345 5655 conjeci,

2987 5845 3058 5906 ll
