3786 6278
158 329 263 383 333
1240 324 1604 382 EXPOSITIO
1642 325 1708 379 IN
1749 323 2073 380 PSALMUM
2111 324 2341 381 LXXIII.
2890 330 2893 331 ⁷
3320 322 3424 376 554

226 440 562 513 καταλείπῃ
589 437 650 492 δέ
690 454 812 491 τινα
856 436 1040 498 αὐτοῖς
1076 437 1155 500 είς
1185 437 1456 509 σωτηρίαν
1483 438 1733 510 ἀφορμήν

1931 439 2121 494 salutis
2151 438 2315 493 viam.
2348 436 2612 493 Describit
2636 434 2801 506 perro
2843 435 3115 492 excidium
3158 434 3313 489 urbis
3351 450 3415 486 ac

224 532 555 602 Διαγράφει
586 529 645 581 δέ
674 529 767 581 καὶ
803 528 902 599 τὴν
938 527 1136 582 ἅλωσιν
1168 528 1267 599 τὴν
1309 529 1590 601 συμϐᾶσαν
1621 529 1737 598 αὐτῇ

1933 529 2101 585 divini
2130 530 2334 600 templi.

226 636 294 672 τε
328 623 402 689 τῇ
437 619 596 671 πόλει
627 619 719 671 καὶ
743 616 822 688 τῷ
852 616 981 689 θείῳ
1014 617 1147 691 ναῷ.

228 714 366 764 Ἵνα
396 715 476 776 τί,
509 713 547 764 ὀ
589 710 755 775 Θεὸς,
787 708 1009 763 ἀπώσω
1037 713 1125 773 είς
1156 709 1364 776 τέλος;
1394 710 1617 782 Ὅμοιον
1645 711 1722 783 τῷ
1740 728 1754 741 ·

165 801 458 871 Ἕφθασεν
507 801 598 853 ἐπ’
636 800 832 865 αὐτοὺς
859 803 892 871 ἡ
919 801 1053 872 ὀργὴ
1082 801 1182 872 ἤδη
1222 804 1301 865 είς
1335 802 1503 867 τέλος.
1548 802 1622 855 Ub
1654 804 1761 875 γὰρ

158 893 240 945 ἑτι
269 891 613 945 ἀνάπαυλαν
647 890 856 956 ἕξονται
885 890 992 943 τῶν
1025 890 1231 945 κακῶν.

230 984 568 1051 Πνήσθητι
600 982 713 1051 τῆς
749 981 1109 1053 συναγωγῆς
1150 1000 1249 1038 σοι
1278 979 1355 1053 ἧς
1385 982 1618 1050 ἐκτήσω
1658 984 1759 1038 ἀπ’

157 1074 393 1144 ἄρχῆςέ
440 1076 550 1128 Διά
588 1075 697 1128 τῶν
749 1073 999 1146 ’Δϐραὰμ
1044 1076 1137 1128 καὶ⁵
1171 1075 1354 1130 Ἰσαάκ
1398 1075 1491 1128 καὶ
1544 1074 1756 1129 Ἰακώϐ.

172 1167 545 1236 ἐλυτρὼσω
587 1165 792 1235 ,ῥάϐδῳ
840 1165 955 1234 τὴν
997 1167 1400 1236 κληρονομίαν
1441 1183 1577 1220 σου.
1629 1166 1760 1219 Ἀπὸ

161 1259 348 1313 κοινοῦ
380 1260 468 1312 τό·
518 1258 805 1330 Μνήσθητι
838 1253 907 1329 ἦς
951 1255 1241 1329 ἐλυτρώσω
1289 1257 1469 1329 ῥάϐδῳ
1512 1257 1761 1329 κληρονο-

160 1351 297 1419 μίας
329 1365 430 1401 σου
455 1365 472 1379 ·
512 1348 761 1401 τουτέστι
790 1345 1152 1417 κληρονομίας
1177 1347 1254 1409 είς
1278 1344 1542 1415 βασίλειον
1567 1348 1760 1417 ηὐτρε-

158 1442 466 1512 πισμένης,
507 1438 682 1493 καθ’ὃ
725 1439 859 1509 πρὸς
889 1438 1082 1502 αὐτοὺς
1113 1438 1345 1510 εῑρηται·
1402 1436 1629 1491 Ἔσεσθέ
1668 1454 1758 1507 μοι

158 1533 220 1598 ἐξ
260 1533 539 1586 ἁπάντων
590 1530 696 1585 τῶν
746 1529 918 1583 ἐθνῶν
960 1530 1116 1599 γένος
1154 1528 1439 1592 ἐκλεκτὸν,
1493 1528 1758 1599 βασίλειον

159 1622 504 1692 ἱεράτευμα.
560 1621 733 1687 Ὄρος
786 1616 939 1672 Σιὼν
988 1617 1164 1673 τοῦτο
1217 1617 1249 1671 ὃ
1294 1616 1757 1684 κατεσκήνωσας

1931 702 2001 758 Ut
2048 704 2193 775 quid,
2242 705 2404 771 Deus,
2459 705 2694 775 repulisti
2739 705 2793 758 in
2845 706 3046 775 ﬁnem?
3098 673 3287 759 Simile
3335 711 3418 758 est

1859 793 1981 848 illi:
2040 792 2289 848 Pervenit
2338 793 2405 848 ad
2461 808 2555 849 eos
2596 793 2675 847 ira
2724 794 2837 864 jam
2895 810 3066 863 usque
3123 794 3176 847 in
3222 794 3407 850 linem.

1859 882 1975 938 Non
2026 883 2169 937 enim
2214 882 2449 952 amplius
2493 883 2735 953 requiem
2780 882 3308 939 habebuntamalis.

1928 976 1981 1030 2.
2021 975 2222 1029 Memor
2245 987 2354 1030 esto
2389 977 2806 1046 congregationis
2842 986 2945 1031 tua:
2965 993 3121 1046 quam
3170 977 3415 1047 possedi-

1858 1069 1928 1123 sti
1962 1067 2025 1121 ab
2056 1069 2228 1123 initio.
2262 1066 2363 1123 Per
2382 1068 2678 1134 Abraham,
2709 1068 2857 1125 Isaac
2902 1079 2956 1124 et
3005 1068 3197 1125 Jacob.
3244 1068 3412 1124 Rede-

1858 1160 2001 1213 misti
2027 1159 2172 1230 virga
2212 1160 2572 1214 hazreditatem
2623 1172 2787 1216 tuam.
2830 1160 2886 1215 In
2912 1177 3203 1217 commune
3257 1162 3414 1232 poni-

1857 1259 1945 1305 tur
1964 1249 2128 1305 illud:
2160 1246 2365 1306 Memor
2394 1261 2511 1307 esto
2540 1253 2866 1308 hereditatis
2914 1262 3038 1315 tuae,
3074 1270 3236 1325 quam
3264 1254 3413 1324 virga

1856 1341 2167 1409 redemisti;
2194 1342 2246 1395 id
2282 1350 2385 1406 est,
2408 1343 2741 1399 haereditatis
2761 1345 2829 1399 ad
2856 1362 3081 1416 regnum
3116 1347 3413 1409 adornataz,

1857 1441 1917 1488 ut
1931 1433 2131 1488 dictum
2157 1443 2240 1489 est
2263 1434 2368 1490 illis
2386 1436 2432 1466 ⁸ο
2452 1452 2464 1488 ;
2483 1434 2645 1492 Erilis
2664 1436 2795 1490 mihi
2812 1452 2878 1491 ex
2892 1439 3147 1493 omnibus
3165 1438 3415 1509 gentibus

1857 1542 2025 1596 genus
2040 1525 2293 1593 electum,
2314 1526 2490 1596 regale
2506 1527 2892 1583 sacerdotium.
2919 1527 3070 1583 Mons
3090 1527 3220 1582 Sion
3237 1529 3289 1582 in
3306 1545 3408 1600 quo

1856 1613 2108 1669 habitasti
2162 1617 2217 1669 in
2264 1633 2342 1671 eo.
2398 1615 2535 1683 Quia
2576 1616 2716 1673 Deus
2755 1617 2809 1672 in
2861 1619 3044 1674 divino
3083 1620 3407 1690 templogap.

156 1711 229 1762 ἐγ
253 1709 449 1775 αὐτῷ.
486 1708 590 1763 Διὰ
626 1711 689 1763 τδ
731 1708 1110 1779 ἐπιφαίνεσθαι
1148 1710 1205 1762 ἐν
1240 1709 1318 1780 τῷ
1362 1709 1490 1780 θείῳ
1521 1709 1632 1781 ναῷ
1669 1710 1757 1763 τὸν

156 1801 320 1857 Θεὸν.

234 1895 518 1963 Ἤπειρον
546 1892 655 1959 τὰς
686 1891 888 1962 χεῷάς
917 1907 1033 1947 σου
1069 1891 1168 1946 ἐπὶ
1204 1891 1311 1959 τὰς
1342 1892 1750 1961 ὑπερηφανίας

154 1984 362 2039 αὐτῶν
388 1988 486 2050 εἰς
520 1984 724 2051 τέλος.
766 1982 886 2037 Τῶν
933 1983 1563 2055 καταστρατευσαμένων
1610 1981 1750 2035 κατὰ

156 2074 254 2127 τοῦ
284 2074 442 2128 θείου
472 2071 631 2126 ναοῦ.

240 2169 359 2219 Καὶ
391 2162 901 2231 ὲνεκαυχήσαντο
947 2166 1001 2218 ol
1050 2161 1377 2233 μισοῦντές
1399 2177 1473 2215 σε
1498 2162 1567 2215 ἐν
1583 2162 1750 2231 μέσῳ

157 2256 269 2325 τῆς
288 2254 523 2324 ἑορτῆς
564 2271 703 2310 σου.
730 2254 948 2325 Ἐπειδὴ
979 2256 1036 2307 ἐν
1063 2253 1142 2325 τῷ
1171 2253 1364 2323 Πάσχα
1382 2255 1447 2327 τῇ
1480 2255 1637 2324 ἐορτῂ
1658 2254 1749 2306 τὸν

155 2349 303 2400 κατὰ
335 2347 444 2400 τοῦ
488 2345 701 2417 Κυρίου
734 2345 937 2416 ἤραντο
979 2344 1232 2417 πόλεμον,
1267 2344 1456 2399 τούτου
1502 2344 1659 2415 χάριν
1691 2345 1749 2397 ἐν

158 2439 312 2510 αὐτῷ
354 2438 445 2509 τῷ
499 2437 680 2509 καιρῷ
724 2439 836 2501 τοῖς
894 2438 1173 2510 πολεμίοις
1224 2437 1613 2510 παρεδόθησαν.
1659 2435 1749 2508 Τῷ

156 2531 269 2602 γὰρ
305 2530 515 2599 Πάσχα
563 2528 914 2600 συνηγμένων
962 2527 1104 2582 κατὰ
1151 2528 1244 2583 τὸν
1284 2528 1445 2599 νόμον
1476 2528 1589 2581 τῶν
1620 2529 1749 2582 Ἰου-

152 2621 323 2675 δαίων
358 2621 653 2684 ἁπάντων,
692 2621 724 2688 ὴ
772 2619 1056 2692 πολιορκία
1096 2620 1385 2690 γεγένηται
1424 2619 1644 2684 δικαίως
1691 2620 1747 2672 ἐν

154 2706 203 2779 ᾧ
232 2712 426 2782 καιρῷ
460 2712 559 2765 καὶ
589 2711 671 2781 τῷ
699 2710 919 2782 σταυρῷ
941 2712 1030 2764 τὸν
1061 2712 1285 2781 Σωτῆρα
1317 2710 1693 2782 προσήλωσαν.

232 2805 491 2859 Ἕθεττο
526 2802 601 2856 τὰ
635 2801 853 2871 σημεῖα
882 2800 1080 2856 αὐτῶν
1111 2802 1347 2871 σημεῖα.
1383 2802 1464 2855 Τὰ
1509 2800 1749 2872 σύμϐολά

156 2913 294 2967 φησι
321 2894 426 2949 τοῦ
463 2894 738 2964 πολέμου·
767 2892 916 2962 λέγει
953 2894 1009 2947 δὲ
1032 2893 1101 2947 τὰ
1124 2893 1431 2965 καλούμενα
1464 2894 1612 2959 παρὰ
1637 2891 1749 2957 τοῖς

162 2984 554 3057 στρατεῦμασι
587 2982 769 3052 σίγνα,
800 2983 883 3036 ὃτι
921 2982 1104 3036 ἔθεντο
1135 2984 1213 3046 είς
1243 2982 1342 3052 τὴν
1376 2980 1490 3035 ὁδὸν
1525 2981 1623 3052 τῆς
1650 2980 1747 3033 πό-

154 3078 314 3143 λεως,
365 3078 484 3131 Καὶ
537 3077 599 3130 οὐ
660 3076 824 3147 μέχρι
880 3075 1085 3129 τούτων
1136 3075 1410 3147 ἔστησαν
1469 3074 1605 3128 ἀλλὰ
1654 3073 1747 3127 καὶ

157 3168 540 3240 ὖπερὴλαντο,
581 3167 736 3237 φησι,
765 3165 1011 3220 τουτέστι
1041 3166 1136 3219 καί⁵
1180 3167 1259 3229 είς
1290 3165 1450 3219 αὑτὸν
1491 3166 1583 3218 τὸν
1610 3166 1748 3219 θεῖον
1776 3147 1818 3204 C

157 3260 286 3313 ναὸν
330 3259 728 3329 εἰσεπήδησαν,
764 3258 826 3311 οὗ
861 3256 1256 3327 γινώσκοντες,
1299 3258 1381 3311 ὃτι
1431 3256 1562 3321 Θεὸς
1606 3252 1673 3327 ἦν
1722 3259 1750 3310 ὁ

160 3350 507 3422 παραδιδοὺς
534 3350 634 3421 τὴν
662 3349 818 3403 πόλιν
848 3350 1031 3413 αὐτοῖς
1062 3348 1151 3402 διὰ
1186 3348 1287 3420 τὴν
1331 3346 1439 3402 τῶν
1480 3347 1749 3403 ἐνοικούν-

158 3459 269 3496 των
295 3441 583 3496 ἀσέϐειαν.
627 3442 761 3495 "Are
798 3442 861 3513 δὴ
894 3441 1051 3495 τοῦτο
1080 3441 1446 3512 ἀγνοήσαντες
1472 3481 1487 3506 ,
1524 3442 1622 3513 τὴν
1653 3442 1749 3513 μὲν

157 3535 375 3587 οἰκείαν
403 3534 809 3605 ἁπεθαύμασαν
834 3534 1083 3606 δύναμιν,
1111 3531 1394 3587 ἀσθένειαν
1421 3533 1479 3586 δὲ
1509 3532 1749 3603 κατεψη-

161 3626 388 3696 φίζοντο
436 3626 536 3680 τοῦ
574 3628 633 3680 ἐν
663 3626 743 3698 τῷ
784 3627 913 3698 θείῳ
940 3625 1052 3697 ναῷ
1078 3625 1552 3697 προσκυνουμένου
1590 3622 1745 3677 Θεοῦ.

161 3719 257 3771 Διὸ
305 3716 522 3790 προῖὼν
565 3736 729 3790 φησιν
756 3734 770 3747 ⁸
808 3719 957 3784 Ἕως
1004 3719 1177 3783 πότε,
1213 3719 1413 3786 Κύριε,
1449 3717 1688 3772 ὀνειδιεῖ
1714 3720 1749 3772 ὁ

159 3811 419 3881 ἐχθρόςς
466 3812 543 3865 Τὸ
582 3811 640 3865 δὲ
678 3809 1129 3865 ἁναδιπλασιάσαι
1164 3810 1222 3863 ἐν
1253 3809 1330 3881 τῷ
1361 3809 1750 3880 κατονομάζειν

160 3902 235 3954 τὰ
261 3905 474 3972 σημεῖα
507 3900 987 3971 ἁποθαυμάζοντος
1011 3901 1096 3974 εἴη
1123 3899 1241 3965 πῶς
1261 3903 1290 3955 ὁ
1317 3901 1456 3964 θεῖος
1479 3901 1603 3964 ναὸς
1630 3903 1749 3964 ταῖς

160 3991 273 4043 τῶν
303 3990 591 4061 πολεμίων
615 3989 883 4061 παρεδόθη
914 3987 1120 4060 χερσίν.

244 4083 345 4149 Ὡς
378 4083 451 4135 ἐν
494 4079 699 4151 δρυμῷ
749 4078 949 4145 ξύλων
1002 4079 1236 4146 ἀξίναις
1286 4077 1588 4148 ἐξέκοψαν
1642 4077 1747 4143 τὰς

166 4174 358 4242 θύρας
389 4173 606 4243 αὐτῆς,
625 4192 678 4227 κ.
697 4192 749 4227 τ.
768 4172 832 4226 λ.“
851 4174 1151 4243 Διαγράφει
1176 4174 1235 4225 ἐν
1249 4170 1745 4243 τοῖςπροκειμένοις

163 4262 268 4332 τῆς
306 4279 370 4314 τε
411 4265 621 4328 πόλεως
647 4262 741 4317 τοῦ
773 4280 834 4316 τε
874 4261 1018 4315 θείου
1053 4262 1179 4315 ναοῦ
1210 4261 1306 4333 τὴν
1341 4262 1741 4332 καταστροφήν.

174 4357 560 4428 ’Υλοτομικοῖς
610 4357 707 4409 καὶ
757 4360 1087 4420 τεκτονικοῖς
1145 4356 1395 4427 ὀργάνοις
1437 4339 1704 4425 χρώμενοι
1724 4391 1740 4417 ,

163 4451 264 4503 καὶ
296 4448 429 4511 τοὺς
461 4445 779 4518 περιϐόλους
826 4447 1119 4513 κατέλυον,
1147 4446 1242 4499 καὶ
1289 4445 1396 4498 τῶν
1430 4442 1615 4497 οἰκιῶν
1640 4441 1711 4495 τὰ

163 4541 343 4612 θύρας
394 4537 749 4605 συνέκοπτον,
775 4537 846 4591 τὰ
891 4534 950 4592 εὖ
993 4537 1088 4592 καὶ
1125 4535 1304 4600 καλῶς
1347 4534 1631 4605 ἠσκημένα
1661 4532 1736 4596 ὡς

162 4628 374 4701 δρυμὸν
402 4625 828 4696 διαφθείροντες.

247 4714 731 4784 Ἕνεπύρισανέν
749 4713 890 4783 πυρὶ
912 4712 978 4768 τὸ
994 4711 1380 4782 ἁγιαστήριόν
1392 4725 1527 4774 σου,
1543 4727 1596 4762 κ.
1615 4726 1665 4762 τ.
1682 4708 1733 4762 λ.

164 4810 326 4863 Μετὰ
356 4808 561 4879 πολλῆς
600 4808 916 4870 ἐπελθόντες
958 4808 1088 4878 ἡμῖν
1123 4806 1222 4876 τῆς
1262 4804 1540 4877 συμφορᾶς
1566 4843 1581 4865 ,
1642 4801 1738 4855 ἕνα

167 4902 373 4953 σκοπὸν
401 4895 567 4972 εἶχον,
588 4899 681 4954 τὸν
697 4899 804 4953 ὑπὸ
825 4898 916 4952 σοῦ
936 4898 1214 4970 δεδομένον
1236 4895 1535 4950 καταλῦσαι
1551 4893 1732 4964 νόμον.

163 4990 265 5044 Διὰ
279 4988 393 5059 γὰρ
408 4986 528 5040 τῶν
538 4988 759 5055 ἑορτῶν
771 4991 871 5063 τὴν
884 4990 1024 5046 κατὰ
1039 4991 1200 5061 νόμον
1211 4988 1307 5040 λατ
1316 5004 1371 5058 ρε
1380 4986 1462 5041 ίαν
1479 4985 1732 5056 ἐδήλωσε.

164 5082 354 5138 Ταῦτα
378 5080 458 5140 δὲ.
492 5079 679 5149 φησὶν,
706 5080 967 5149 ἐτόλμων,
998 5084 1135 5153 μήτε
1160 5079 1259 5143 τὰς
1287 5076 1507 5132 ἐπὶτῶν
1541 5075 1739 5147 προγό-

164 5191 274 5227 νων
308 5170 467 5243 ἡμῶν
511 5168 745 5239 ὁρῶντες
786 5168 1241 5244 θαυματουργίας,
1272 5172 1408 5242 μήτε
1451 5168 1555 5222 ὑπὸ
1600 5184 1735 5238 προ-

166 5242 411 5336 φητικῆς
447 5260 794 5332 ἐλεγχόμενοι
833 5242 1077 5333 χάριτος.
1105 5242 1319 5316 Τοῦτων
1351 5260 1459 5332 γὰρ
1485 5259 1737 5313 ἁπάντων

165 5356 425 5424 ἐξαίφνης
452 5353 798 5425 κατέστησαν
843 5353 1057 5425 ἔρημοι.
1091 5355 1267 5409 Πάλαι
1309 5351 1419 5425 γὰρ
1462 5350 1557 5405 καὶ
1600 5350 1737 5422 μετὰ

162 5450 264 5517 τὴν
294 5445 553 5500 ἐπάνοδον
581 5443 739 5515 ἔσχον
763 5447 1067 5517 προφήτας,
1096 5447 1189 5500 τὸν
1224 5446 1493 5515 Ἀγγαῖον,
1520 5443 1609 5498 τὸν
1634 5444 1737 5496 Ζα-

163 5538 360 5611 χαρίαν
379 5579 395 5604 ,
422 5537 516 5591 τὸν
545 5536 854 5608 Μαλαχίαν.
884 5538 991 5593 Καὶ
1022 5556 1068 5591 οι
1100 5539 1302 5593 τούτων
1341 5537 1397 5591 δὲ
1437 5535 1737 5607 πρεσϐύτε-

230 5745 277 5777 ⁸⁸
300 5743 321 5798 I
347 5742 491 5798 Petr.
524 5759 584 5810 ll,
618 5744 673 5798 9.

1858 1706 2061 1777 paruit.

1925 1909 1979 1965 3.
2005 1907 2144 1963 Lava
2173 1925 2358 1965 manus
2392 1920 2512 1965 tuas
2540 1913 2595 1965 in
2627 1912 2894 1981 superbius
2921 1928 3099 1967 eorum
3152 1914 3207 1968 in
3232 1914 3409 1984 ﬁnem.

1854 1995 2053 2051 Eorum
2087 1997 2182 2067 qui
2214 2006 2403 2052 contra
2435 1999 2682 2054 divinum
2730 2000 2989 2071 templum
3042 2002 3244 2057 bellum
3280 2018 3403 2073 ges-

1855 2098 2063 2145 serunt.

1922 2181 1976 2235 6.
1996 2179 2063 2234 Et
2084 2182 2300 2250 gloriati
2328 2194 2446 2237 sunt
2471 2183 2559 2253 qui
2587 2182 2806 2237 oderunt
2834 2194 2883 2237 te
2902 2184 2954 2237 in
2984 2183 3414 2239 ntediosolemni-

1855 2272 1979 2325 tatis
2009 2281 2132 2327 tute.
2149 2270 2287 2339 Quia
2308 2273 2362 2327 in
2396 2272 2736 2328 solemnitate
2760 2272 2980 2328 Pascha:
3002 2273 3199 2328 bellum
3225 2284 3415 2331 contra

1853 2360 2144 2418 Dominum
2182 2364 2513 2426 excitarunt,
2547 2363 2667 2418 ideo
2699 2378 2764 2418 eo
2790 2362 2907 2432 ipso
2943 2372 3184 2434 tempore
3232 2364 3415 2420 inimi-

1854 2454 1933 2509 cis
1962 2455 2076 2510 suis
2096 2456 2278 2510 traditi
2311 2463 2459 2512 sunt.
2482 2454 2619 2511 Nam
2666 2456 2722 2510 in
2759 2454 3021 2513 Pascbate
3075 2457 3414 2530 congregatis

1854 2548 2152 2602 secundum
2208 2548 2381 2618 legem
2434 2548 2635 2604 Judaeis
2681 2550 2956 2614 omnibus,
2992 2549 3204 2606 obsidio
3236 2553 3411 2622 posita

1852 2645 1957 2702 est,
1985 2645 2039 2691 et
2055 2638 2176 2707 jure
2201 2638 2440 2708 quidem,
2470 2651 2536 2692 eo
2568 2638 2687 2707 ipso
2745 2646 2989 2707 tempore
3017 2653 3126 2709 quo
3170 2637 3416 2695 Salvato-

1852 2742 1965 2781 rem
2001 2728 2146 2782 cruci
2177 2725 2479 2783 aliixcrunt.
3099 2709 3116 2727 ’

1923 2818 1977 2875 5.
2011 2818 2308 2874 Posuerunt
2334 2821 2485 2889 signa
2514 2836 2610 2874 sua
2643 2837 2811 2891 signa.
2841 2816 2973 2876 Belli
2995 2836 3237 2894 symnoia
3261 2824 3411 2891 dicit,

1852 2926 1974 2981 quae
2004 2912 2059 2966 in
2089 2912 2415 2968 exercitibus
2439 2914 2592 2983 signa
2636 2924 2922 2979 vocantur,
2964 2931 3085 2985 qua:
3113 2930 3353 2986 posueru
3376 2926 3416 2971 ut

1855 3000 1911 3054 in
1936 2999 2021 3054 via
2053 3000 2305 3057 civitatis.
2365 2998 2549 3071 Neque
2594 3000 2684 3057 bic
2714 3003 3099 3068 constiterunt,
3131 3002 3228 3058 sed
3280 3004 3413 3059 inni-

1855 3091 2071 3157 lierunt,
2109 3094 2161 3148 id
2187 3102 2271 3149 est
2298 3093 2352 3148 in
2384 3093 2562 3164 ipsum
2610 3095 2855 3151 divinum
2908 3097 3165 3167 templum
3200 3098 3413 3172 irrupe-

1850 3192 1996 3252 runt,
2023 3185 2196 3255 ignari
2231 3185 2399 3241 Deum
2433 3202 2555 3243 esse
2585 3188 2681 3259 qui
2722 3188 2957 3244 traderet
2986 3190 3095 3245 illis
3126 3191 3315 3246 urbem
3344 3191 3414 3247 ob

1850 3278 2180 3348 impietatem
2244 3280 2464 3335 civium.
2533 3280 2728 3351 Utpote
2776 3282 2891 3338 haec
2945 3282 3258 3354 ignorantes
3287 3300 3415 3354 pro-

1848 3370 2021 3440 priam
2049 3370 2302 3427 virtutem
2345 3373 2705 3438 mirabantur,
2764 3384 2818 3429 et
2853 3375 3185 3433 inﬁrmitatis
3221 3393 3414 3448 argue-

1847 3461 1980 3515 bant
2008 3461 2177 3518 Deum
2205 3462 2299 3533 qui
2331 3463 2385 3518 in
2416 3464 2601 3519 divino
2632 3466 2833 3536 templo
2854 3467 3203 3525 adorabatur.
3231 3468 3412 3537 Quare

1850 3551 1990 3606 ultra
2012 3567 2350 3622 progressus.
2378 3555 2453 3608 ait
2479 3573 2492 3608 :
2549 3554 2844 3625 Usquequo,
2875 3556 3114 3623 Domine,
3148 3560 3410 3630 imprope-

1848 3644 1987 3697 rabit
2016 3644 2300 3698 inimicus?
2341 3644 2495 3711 Quod
2542 3655 2721 3701 autem
2757 3657 2962 3717 repetat
2999 3663 3208 3714 vocem,
3232 3652 3407 3721 signa.

1849 3734 2097 3791 mirantis
2126 3749 2249 3791 esse
2275 3737 2509 3802 videtur,
2554 3738 2697 3807 quod
2752 3738 2995 3793 divinum
3024 3740 3279 3811 templum
3305 3742 3411 3796 ini-

1848 3826 2115 3883 micorum
2154 3828 2408 3884 manibus
2439 3828 2696 3885 traditum
2734 3829 2917 3885 fuerit.

1916 4108 1969 4164 6.
1992 4107 2160 4174 Quasi
2208 4110 2265 4163 in
2314 4109 2447 4163 silva
2491 4108 2757 4179 lignorum
2786 4109 3055 4163 securibus
3100 4111 3409 4164 exciderunt

1844 4201 2034 4269 ianuas
2062 4201 2196 4272 ejus,
2220 4211 2323 4258 etc.
2356 4201 2627 4257 Describit
2653 4203 2709 4256 in
2756 4202 3114 4272 prmsentibus
3141 4201 3293 4257 urbis
3342 4216 3408 4256 ac

1845 4294 2028 4364 templi
2092 4294 2385 4349 excidium.
2442 4290 2752 4347 Fabrilibus
2795 4292 3177 4347 instrumentis
3216 4290 3323 4356 usi,
3351 4300 3406 4345 et

1844 4393 1997 4454 septa
2025 4384 2331 4447 dlruerunt,
2398 4392 2453 4439 et
2497 4384 2692 4440 aedium
2746 4382 2945 4451 januas
3001 4381 3403 4453 confregerunt,

1712 4458 1740 4505 ς
1769 4481 1815 4537 ι)
1842 4490 1964 4545 qua;
1992 4474 2215 4545 pulchre
2247 4484 2305 4530 et
2327 4474 2529 4528 all‘abre
2578 4474 2853 4528 elaborata
2886 4483 3063 4539 erant,
3117 4474 3278 4545 quasi
3311 4474 3408 4530 sil-

1839 4582 1961 4622 vam
1982 4567 2308 4622 excidentes.

1909 4742 1962 4807 7,
2022 4742 2075 4797 8.
2128 4741 2475 4796 lncenderunt
2524 4758 2632 4812 igni
2665 4750 3027 4795 sanctuarium
3062 4750 3232 4808 tuum,
3295 4752 3402 4798 etc.

1836 4834 1973 4890 Cum
2004 4851 2198 4906 magna
2225 4836 2531 4891 calamitate
2580 4844 2767 4891 nostra
2808 4836 3189 4905 irrumpentes,
3232 4851 3399 4891 unum

1837 4940 2061 4996 scopum
2101 4927 2395 4992 habebant,
2420 4928 2591 4998 legem
2627 4928 2838 4984 scilicet
2866 4943 2898 4982 a
2937 4936 2990 4981 te
3033 4927 3213 4981 datam
3236 4928 3398 4981 abro-

1837 5032 1984 5089 gare.
2009 5016 2144 5073 Nam
2170 5033 2264 5088 per
2295 5018 2406 5073 dies
2431 5018 2592 5088 festos
2615 5018 2821 5074 cultum
2875 5018 3098 5089 legalem
3124 5016 3400 5085 signiﬁca-

1835 5110 1933 5163 vit.
1954 5107 2077 5165 llaec
2101 5120 2282 5165 autem
2307 5120 2642 5181 perpetrare,
2670 5111 2767 5177 ait,
2802 5109 2920 5165 ausi
2950 5117 3098 5172 sunt,
3133 5107 3263 5178 quia
3298 5121 3400 5161 nec

1836 5200 2107 5256 mirabilia
2137 5212 2379 5272 tempore
2437 5211 2653 5272 patrum
2713 5210 3024 5257 nostrorum
3082 5198 3223 5253 edita
3254 5198 3402 5252 vide-

1837 5300 1980 5359 rant,
2017 5308 2193 5363 neque
2222 5293 2540 5364 prophetica
2564 5293 2739 5364 gratia
2798 5289 3068 5359 redarguti
3098 5298 3246 5346 sunt.
3290 5286 3401 5344 Bo-

1834 5400 1956 5441 rum
2034 5400 2274 5456 namque
2345 5386 2591 5441 omnium
2653 5383 2835 5439 subito
2910 5389 3159 5453 expertes
3227 5381 3396 5437 fuere.

1838 5476 2115 5548 Siquidem
2175 5478 2307 5533 olim
2374 5478 2541 5534 etiam
2600 5484 2722 5547 post
2790 5473 3022 5531 reditum
3097 5489 3164 5529 ex
3229 5474 3401 5545 capti-

1834 5569 2022 5633 vitate,
2048 5570 2347 5640 prophetas
2398 5569 2671 5638 habuere,
2729 5568 3009 5641 Aggteum,
3056 5565 3397 5631 Zachariam,
