3786 6278
95 394 164 447 Si
1135 393 1495 452 EXPOSITIO
1533 393 1599 448 1N
1637 391 1966 450 PSALMUM
2007 391 2236 453 LXXIV.

3222 390 3326 447 338

138 508 209 562 Σὺ
233 506 586 576 διέρῤηξας
607 497 806 579 arm-ci};
849 508 947 562 καί
1002 509 1374 579 χειμάρὼυς.
1403 510 1482 564 Τὰ
1514 512 1571 564 ἑν
1597 514 1636 563 τί

1838 512 1925 567 15.
1954 511 2032 566 Tu
2064 511 2314 580 dirupisti
2337 510 2505 579 fontes
2534 516 2582 563 et
2620 518 2892 563 torrentes.
2951 506 3218 580 Loquitur
3248 510 3316 565 de

91 605 246 672 ἐρήμῳ
269 602 476 670 φησὶν,
506 601 606 654 ὅτε
645 601 861 656 ἑπότισε
902 600 994 655 τὸν
1025 599 1150 655 λαὸν
1206 604 1269 656 ἑκ
1325 603 1548 672 πέτρας.
1581 603 1664 657 Σὺ

88 695 360 761 ἐξιῖρσνας
414 694 748 763 ποταμοὺς
809 692 1004 764 Ἠθάμ.
1060 694 1239 767 Ἢθὰμ
1304 694 1664 767 ἑρμηνεύεται

89 790 248 851 νέως
289 785 384 847 είς
412 785 584 839 νότον
649 784 758 858 γὰρ
808 786 908 857 τῆς
950 786 1213 843 Ἰουδαίων
1234 787 1416 858 χώρας
1470 788 1499 841 ὁ
1538 787 1666 857 Ἰορ-

89 879 219 944 iam;
242 879 459 931 κεῖται.

142 968 214 1033 εὴ
237 969 427 1022 ἐστιν
459 969 507 1037 ἠ
541 966 737 1037 ἡμέρα
760 968 856 1025 καί
876 966 961 1037 σὴ
984 969 1022 1038 ἠ
1052 967 1187 1034 νύξ.
1206 969 1278 1023 Ού
1314 967 1491 1039 μόνον,
1512 982 1662 1039 φησι,

91 1058 172 1111 τε.ἷῆ
195 1061 249 1111 ὲν
301 1059 569 1131 Ἐρυθρᾷ
596 1058 845 1127 θαλάσσῃ
867 1059 964 1113 καὶ
995 1057 1102 1112 τῶν
1150 1059 1207 1111 ἑν
1230 1060 1297 1129 τῇ
1335 1058 1531 1129 ἑρήμῳ
1568 1056 1664 1127 γὲι

92 1167 221 1215 τοτας
266 1149 443 1220 ἡμῶν
498 1150 758 1222 χορηγός·
786 1148 923 1204 ἀλλὰ
968 1150 1061 1203 καὶ
1117 1148 1389 1220 σύμπαντι
1436 1148 1542 1200 τῶν
1572 1148 1665 1201 ἀν-

94 1239 294 1311 θρώπων
321 1242 487 1309 γένει
526 1240 750 1310 ἀγαθῶν
772 1240 1064 1312 γεγένησαι
1083 1238 1358 1312 πρόξενος·
1380 1237 1535 1293 τοῦτο
1567 1238 1663 1309 μὲν

92 1335 270 1403 ἑμέραν
301 1334 407 1388 καὶ
443 1333 633 1388 νύκτα
658 1333 1091 1405 δημιουργήσας,
1126 1330 1281 1387 τοῦτο
1303 1333 1360 1387 δὲ
1388 1332 1539 1404 ἥλιον
1569 1332 1664 1386 καὶ

90 1430 313 1499 σελήνην,
351 1427 528 1481 τοῦτο
551 1427 613 1481 δὲ
645 1427 798 1500 θέρος
817 1428 911 1481 καὶ
932 1426 1056 1499 ἑαρ,
1083 1425 1242 1482 τοῦτο
1266 1427 1323 1481 δὲ
1343 1426 1520 1499 πήξας
1540 1426 1664 1496 ὅρια

87 1522 131 1571 ἐι
152 1524 209 1592 τῇ
237 1522 337 1591 γῇ.
373 1518 577 1574 Ταῦτα
603 1519 661 1574 δὲ
682 1519 776 1575 νῦν
810 1537 940 1591 φησι
969 1521 1065 1574 καὶ
1094 1521 1173 1584 είς
1211 1519 1309 1592 τὴν
1331 1517 1425 1575 νῦν
1452 1522 1665 1573 ἑπικου-

88 1615 184 1681 ein
208 1615 380 1668 αὑτὸν
412 1612 880 1684 ἐπικαλούμενος.
915 1614 1006 1667 Διό
1034 1631 1186 1686 φησν
1218 1614 1500 1686 Μνήσθητι
1529 1613 1663 1667 ταύ-

83 1722 163 1775 τιις
189 1707 286 1777 τῆς
309 1703 566 1769 κτίσεώς
607 1721 721 1759 σου.
747 1705 810 1758 Εἰ
840 1704 924 1759 διὰ
956 1705 1081 1770 τοὺς
1133 1704 1469 1778 ἀνθρώπους,
1505 1706 1658 1778 φησὶ,

83 1798 160 1867 τὴν
180 1796 363 1849 κτίσιν
382 1795 691 1865 ἐποίησας,
749 1795 1033 1868 παράσχου
1096 1795 1193 1868 τὴν
1228 1783 1560 1869 ἐπικουρίαν
1592 1797 1658 1852 δι’

79 1888 154 1951 ὥς
178 1891 209 1958 ἡ
235 1887 426 1952 κτίσις
448 1886 698 1956 ἐγένετο.

131 1980 455 2048 Hierico-qn
488 1980 734 2047 ταύτης,
768 1981 803 2034 ὁ
847 1978 1061 2049 ἐχθρὸς
1106 1979 1380 2034 ὠνείδισέ
1406 1995 1501 2047 σε,
1544 1980 1660 2036 Κύ-

77 2090 163 2133 pie.
194 2071 725 2143 Ἐπικαλεσαμένου
763 2071 852 2125 διὰ
885 2072 982 2142 τῆς
1006 2071 1234 2138 κτίσεως
1260 2075 1338 2136 είς
1363 2067 1540 2126 οἶκτον
1562 2072 1657 2127 τού

76 2164 179 2216 1273
214 2166 314 2217 τὸν
337 2163 512 2217 Θεόνο
544 2163 713 2218 πάλιν
740 2163 914 2236 ἑτέρῳ
939 2163 1126 2236 τρόπῳ
1162 2163 1323 2218 αὐτὸν
1354 2164 1436 2228 είς
1480 2159 1659 2219 οἶκτον

74 2254 428 2309 ἐπικαλεῖται.
476 2248 652 2319 Οὗτος
694 2254 753 2308 δέ
783 2255 932 2308 ἑστιν
980 2256 1009 2307 6
1035 2254 1236 2327 τρόπος
1265 2254 1327 2308 τὸ
1365 2255 1505 2326 μέγα
1533 2273 1660 2328 φρο-

73 2347 162 2395 νεῖν
210 2347 308 2399 τὸν
365 2344 602 2416 ἐχθρόν.
656 2342 769 2399 Καὶ
802 2341 954 2410 λαός
1003 2343 1208 2414 ἄφρων
1251 2342 1563 2413 παρώξυνε
1590 2345 1658 2399 τὸ

72 2436 235 2507 ἐντμὰ
263 2454 422 2493 σου.
456 2438 604 2508 Ὀρα
659 2435 821 2492 πάλιν
864 2436 1049 2508 ἕτερον
1102 2436 1386 2510 οἰκτιρμοῦ
1434 2438 1654 2510 τρόπον,

69 2527 140 2580 δὲ
168 2530 224 2582 τὸ
250 2530 391 2593 τοὺς
414 2526 658 2599 ἐχθροὺς
689 2524 986 2599 παροξῦναι
1033 2526 1094 2581 τὸ
1113 2526 1280 2599 ὄνομα
1304 2526 1489 2582 αὐτοῦ.

124 2708 215 2781 lli)
246 2705 556 2777 πφαδῷς
580 2705 706 2772 τοῖς
747 2704 971 2775 θηρίοις
1006 2703 1219 2775 ψυχὴν
1261 2704 1657 2777 ἐξομολογου-

68 2799 234 2868 βέτην
260 2816 396 2856 σοι.
436 2798 791 2853 Ἑπανέτεινε
829 2798 919 2853 τὸν
944 2796 1145 2871 τρόπον
1185 2797 1295 2852 τῶν
1332 2798 1651 2871 οἰκτιρμῶν,

69 2890 214 2961 θηρία
240 2892 379 2955 τοὺς
414 2889 656 2961 ἐχθροὺς
684 2888 1049 2953 ἀποκαλέσας⁸
1089 2888 1165 2955 ὡς
1209 2889 1430 2962 ἔχοντάς
1449 2910 1503 2946 τι
1529 2892 1654 2959 τοὺς

70 2984 460 3055 ἡμαρτηκότας
517 2981 848 3053 συγγνώμης
899 2983 987 3037 διὰ
1047 2983 1148 3054 τῆς
1196 2982 1649 3057 ἑξομολογήσεως.

70 3072 215 3127 τοῦτο
277 3073 340 3126 δὲ
422 3068 649 3141 εὔχεται
717 3071 790 3143 μὴ
853 3071 1168 3145 ὁμοτρόπως
1221 3072 1514 3128 ἀπολέσθαι
1560 3073 1652 3129 τὸν

77 3162 300 3233 Ἰσραὴλ,
327 3161 361 3214 ὃ
409 3160 635 3228 γέγονε.
684 3160 883 3214 Πολλαὶ
910 3163 1018 3233 γὰρ
1043 3163 1137 3216 καὶ
1171 3161 1279 3215 τῶν
1306 3164 1652 3237 σταυρωσάνο

68 3267 156 3308 sic;
180 3253 461 3326 μυριάδες
485 3251 838 3317 ἐπίστευσαν,
870 3253 962 3306 καὶ
995 3252 1296 3323 ἑσώθησαν.

132 3347 523 3413 ἐπίελεψον
548 3345 637 3409 εὶς
659 3343 775 3412 τὴν
797 3342 1091 3413 διαθήκην
1119 3359 1256 3400 σου.
1296 3346 1522 3418 Ἕτερος
1556 3346 1654 3401 πά-

66 3437 133 3488 λιν
152 3435 459 3510 οἰκτιρμοῦ
522 3435 744 3507 τρόποςο
775 3435 865 3505 ἀφ’
892 3428 967 3488 ὧν
1011 3435 1120 3508 γὰρ
1159 3436 1359 3505 ἀγαθὸς
1404 3438 1533 3509 περὶ
1557 3438 1654 3491 αύ-

65 3533 172 3594 τοίις
204 3532 444 3599 ἐγένετο
492 3527 812 3599 διαθέμενος
847 3526 1113 3599 διαθήκην
1142 3528 1346 3593 αὐτοῖς,
1377 3528 1486 3582 ἀπὸ
1531 3528 1654 3583 τού-

66 3635 155 3672 των
183 3619 553 3674 ἐπισπῶνται
598 3618 691 3672 τὸν
745 3617 913 3671 ἔλεον.
970 3618 1099 3673 Ὀτι
1130 3617 1567 3688 ἐπληρώθησαν
1596 3622 1651 3675 οἱ

66 3710 484 3781 ἐσκοτωμένοι
541 3708 653 3779 τῆς
701 3708 815 3779 γῆς
861 3709 1042 3763 οἴκων
1068 3709 1353 3781 ἀνομιῶν.
1391 3712 1458 3764 Ὃ
1501 3709 1651 3780 λέγει

69 3802 287 3857 τοιοῦτόν
345 3804 530 3857 ἑστιν-
574 3801 640 3855 Et
693 3802 787 3856 καὶ
815 3801 1042 3874 πλήρεις
1096 3801 1319 3867 σκότους
1366 3802 1651 3873 γεγόνασιν

68 3889 185 3948 εἴκοι
216 3894 416 3948 πολλοὶ
435 3891 533 3946 διὰ
554 3892 655 3957 τὰς
680 3894 760 3957 είς
792 3893 872 3958 σὲ,
900 3892 1094 3965 Κύριε,
1129 3895 1499 3966 γεγενημένας
1520 3895 1649 3967 παρ’

68 3985 226 4039 αὗτῶν
262 3985 533 4055 ἀνομίας·
572 3982 710 4036 ἀλλὰ
750 3983 826 4055 μὴ
875 3985 984 4048 πᾶς
1043 3987 1072 4039 ό
1129 3984 1256 4049 λαὸς
1304 3986 1648 4059 ἀποστμφῇ,

72 4079 187 4145 μηδὲ
215 4078 466 4151 αἰσχύνῃ
494 4075 796 4148 παραδοθῇ.
827 4072 987 4148 Εἶχον
1024 4077 1133 4149 γάρ
1158 4094 1303 4142 τινες
1343 4082 1401 4132 ἑν
1439 4081 1651 4146 ἑαυτοῖς

71 4170 334 4238 σωτηρίας
360 4167 582 4232 ἐλπίδα,
636 4167 686 4222 οἶ
726 4168 821 4221 καὶ
859 4167 946 4222 διὰ
973 4169 1081 4223 τῶν
1109 4171 1420 4225 ἀποστόλων
1442 4172 1651 4245 ἑσώθη-

72 4274 176 4317 στιν,
209 4260 307 4311 καί
329 4258 573 4328 μάλιστα
602 4259 690 4312 διὰ
704 4259 911 4331 Πέτρου
933 4262 990 4313 ἑν
1019 4264 1138 4324 ταῖς
1162 4259 1650 4335 πρώταιςδημηγο-

73 4348 223 4415 ρὶαις,
251 4349 333 4411 ὡς
365 4348 512 4401 κατὰ
541 4349 878 4420 τρισχιλίους
925 4350 1020 4405 καὶ
1052 4352 1521 4424 πεντακισχιλίους
1557 4355 1649 4409 καὶ

72 4440 326 4511 μυριάδας
355 4441 559 4504 αὐτοὺς
582 4441 855 4510 γενέσθαι.

126 4613 417 4687 [Πτωχὸς
466 4616 565 4670 καί
611 4616 802 4687 πένης
837 4618 1151 4674 αίνέσουσι
1180 4621 1245 4675 τὸ
1275 4621 1465 4693 ὄνομά
1507 4640 1645 4681 σου.

66 4704 373 4770 Σωθέντων,
442 4707 599 4779 φησι,
646 4707 757 4761 τῶν
799 4708 1072 4781 σωτηρίας
1126 4710 1312 4776 ἀξίων,
1360 4716 1389 4766 6
1440 4717 1649 4787 πτωχὸς

68 4794 359 4865 πνεύματι,
378 4795 663 4850 τουτέστιν
692 4797 722 4850 6
753 4795 860 4861 τῶν
911 4796 1226 4852 ἀποστόλων
1286 4799 1466 4873 χορὸς,
1508 4803 1649 4857 κατὰ

66 4888 135 4947 τὸ.
162 4888 465 4954 Μακάριοι
493 4891 548 4942 ot
576 4888 801 4957 πτωχοὶ
836 4888 934 4955 τῷ·
948 4892 1259 4962 πνεύματι,
1281 4893 1379 4958 τάς
1401 4910 1482 4948 σοι
1517 4914 1649 4968 πρε-

69 4980 265 5042 πούσας
296 4977 686 5048 ἀναπέμπουσι
708 4980 1061 5055 δοξολογίας.]

139 5071 421 5132 Ἀνάστα.
462 5073 494 5125 ὀ
521 5071 689 5137 Θεὸς,
721 5072 977 5129 oleae-or
1008 5075 1124 5145 τὴν
1175 5077 1353 5147 δίκην
1388 5094 1523 5135 σου.
1555 5081 1650 5146 Είς

68 5167 157 5233 τῖςν
188 5163 303 5218 τῶν
330 5163 735 5235 ἀπατησάντων
761 5165 854 5219 τὸν
901 5167 1028 5221 λαὸν
1069 5170 1339 5242 τιμωρίαν
1394 5172 1649 5227 ἱκετεύων

68 5252 364 5322 atavis-enat
391 5252 484 5306 τὸν
500 5251 653 5305 Θεόν.
670 5253 984 5323 Μνήσθητι
1008 5257 1115 5313 τοῦ
1141 5259 1482 5331 όνειδισμοῦ
1508 5279 1641 5318 σου.

72 5343 232 5397 Πάλιν
263 5342 356 5396 διὰ
391 5342 486 5396 τοῦ
522 5343 687 5398 αὐτὸν
721 5345 1072 5411 ὀνειδίζεσθαι
1113 5352 1194 5415 είς
1242 5346 1421 5405 οἶκτον
1453 5355 1648 5408 ἐπικα-

74 5432 235 5486 λεῖται
255 5432 352 5487 τὴν
389 5433 544 5489 Θεόν.

76 5521 176 5587 είς
234 5520 305 5576 τό
372 5524 583 5592 τέλος,
654 5527 743 5596 μὴ
814 5527 1197 5600 διαφθείρῃς.
1279 5533 1358 5599 τῷ
1442 5535 1643 5607 Ἀσάφ.

596 5621 696 5673 ΨΑ
705 5622 927 5677 ΛΜΟΣ.
982 5625 1103 5676 ΟΔ’.

690 5709 1013 5779 ’Υπόθεσις.

89 5792 171 5845 Ἑν
202 5794 372 5856 τούτω
410 5800 467 5854 τὸ
493 5802 783 5865 πρόσωπον
830 5802 936 5858 τῶν
969 5805 1279 5862 ἀποστόλων
1314 5809 1643 5880 εἰσφέρεται,

1765 602 1931 674 gestis
1968 604 2021 656 in
2063 602 2297 665 deserto,
2328 599 2545 670 quando
2595 601 2851 671 populum
2893 615 2958 654 ex
2989 607 3141 669 petra
3169 610 3324 670 pota-

1763 695 1862 749 vit.
1890 692 1968 746 Tu
1991 692 2205 747 siccasti
2232 690 2420 760 ﬂuvios
2450 689 2662 745 Etham.
2712 690 2904 745 Etli’am
2943 690 3328 760 interpretatur

1765 800 1979 852 auster;
2006 804 2133 843 nam
2159 785 2223 843 ad
2247 796 2491 842 austrum
2525 784 2833 853 Judaaorum
2863 784 3100 856 regionis
3137 781 3327 840 Jorda-

1764 883 1849 939 nis
1869 882 2007 938 situs
2042 891 2143 937 est.

1836 971 1923 1035 16,
1953 972 2038 1026 17.
2075 970 2214 1025 Tuus
2248 979 2322 1024 est
2346 969 2455 1025 dies
2494 977 2543 1023 et
2576 978 2667 1022 tua
2709 976 2784 1022 est
2830 982 2955 1021 nox.
3001 963 3116 1020 Non
3144 964 3318 1021 solum

1764 1062 1962 1133 inquit,
1996 1063 2051 1118 in
2085 1063 2222 1118 mari
2247 1061 2433 1117 Rubro
2462 1069 2516 1117 et
2570 1060 2623 1114 in
2670 1058 2887 1115 deserto
2925 1059 3063 1114 bona
3098 1057 3319 1128 largitus

1764 1175 1824 1216 es
1862 1160 2056 1224 nobis;
2102 1158 2195 1214 sed
2241 1158 2403 1214 etiam
2453 1155 2551 1211 toti
2601 1153 2878 1209 hominum
2936 1152 3116 1225 generi
3180 1151 3318 1206 bona

1763 1250 1997 1305 tribuis:
2033 1249 2153 1305 sive
2173 1248 2314 1304 diem
2345 1257 2507 1318 atque
2542 1252 2779 1311 noctem,
2827 1244 2942 1300 sive
2963 1242 3132 1299 solem
3170 1250 3224 1296 et
3246 1240 3322 1295 lu-

1711 1402 1725 1419 .
1763 1357 1887 1396 nam
1912 1341 2186 1409 condens;
2245 1340 2359 1397 sive
2406 1349 2668 1402 aestatem,
2705 1346 2758 1393 et
2794 1349 3018 1389 vernum
3070 1343 3319 1402 tempus,

1762 1432 1875 1487 sive
1901 1432 2163 1488 terminos
2192 1430 2246 1486 in
2282 1440 2424 1486 terra
2446 1429 2802 1486 constituens.
2829 1425 2944 1481 Hoc
2968 1435 3147 1480 autem
3177 1438 3322 1477 nunc

1762 1527 1837 1582 ait
1857 1525 1925 1581 ad
1958 1538 2193 1596 praesens
2218 1522 2479 1577 auxilium
2539 1536 2793 1578 evocans.
2824 1519 3004 1587 Quare
3033 1519 3110 1573 ait
3144 1538 3157 1573 :
3213 1515 3323 1569 Me-

1761 1634 1881 1674 mor
1899 1627 2019 1674 esto
2065 1614 2293 1687 hujusce
2334 1623 2595 1671 creaturae
2619 1621 2746 1668 tuae.
2797 1612 2852 1667 Si
2885 1620 3105 1683 propter
3145 1607 3320 1664 homi-

1761 1724 1878 1777 nes,
1902 1707 2102 1779 inquit,
2157 1713 2437 1763 creaturas
2474 1701 2787 1767 condidisti,
2834 1699 3013 1772 praebe
3056 1697 3321 1755 auxilium

1760 1802 1828 1859 iis
1856 1816 2087 1873 quorum
2123 1815 2288 1857 causa
2321 1806 2583 1855 creaturas
2608 1796 2837 1853 conditae
2866 1803 3011 1852 sunt.

1829 1981 1917 2038 18.
1953 1980 2155 2038 Memor
2177 1990 2287 2036 esto
2307 1980 2485 2051 hujus,
2512 1978 2757 2033 inimicm
2796 1977 3166 2048 improperavit
3203 1975 3317 2042 tibi,

1757 2075 1999 2131 Domine.
2031 2072 2324 2143 Postquam
2386 2085 2482 2141 per
2512 2078 2775 2127 creaturae
2807 2077 3010 2124 statum
3063 2066 3129 2123 ad
3158 2067 3322 2123 mise-

1756 2167 2019 2223 rationem
2041 2164 2222 2235 populi
2261 2162 2426 2216 Deum
2457 2160 2722 2226 evocavit,
2753 2160 2862 2215 alio
2890 2175 3109 2215 rursum
3155 2158 3321 2215 modo

1755 2257 1821 2312 ad
1879 2255 2309 2312 misericordiam
2369 2259 2550 2309 vocat.
2590 2250 2691 2307 Hic
2754 2261 2934 2308 autem
2993 2252 3189 2307 modus
3236 2264 3321 2307 est

1754 2348 1900 2420 quod
1926 2347 2180 2403 inimicus
2234 2344 2518 2418 magniﬁce
2568 2343 2786 2401 sentiat.
2822 2341 2888 2397 Et
2938 2342 3160 2413 populus
3185 2342 3318 2395 insi-

1752 2442 1900 2513 piens
1928 2440 2165 2497 incitavit
2218 2454 2404 2494 nomen
2464 2446 2635 2493 tuum.
2694 2433 2829 2491 Vide
2881 2450 3101 2491 rursum
3154 2433 3315 2489 aliam

1753 2528 2247 2586 commiserationis
2273 2528 2562 2593 rationem,
2599 2526 2729 2598 quia
2763 2525 2968 2584 scilicet
2994 2523 3200 2599 inimici
3230 2524 3318 2578 in-

1752 2620 1989 2675 citarunt
2013 2632 2210 2673 nomen
2242 2616 2382 2688 ejus.

1826 2709 1912 2765 19.
1946 2707 2029 2764 Ne
2084 2707 2269 2762 tradas
2322 2706 2501 2762 bestiis
2545 2706 2779 2762 animum
2822 2705 3147 2776 conﬁtentem
3198 2702 3313 2757 tibi.

1752 2798 2009 2856 Extendit
2063 2798 2562 2855 commiserationis
2618 2814 2864 2867 causam,
2915 2797 3167 2852 inimicos
3216 2811 3316 2850 vo-

1751 2907 1888 2960 cans,
1903 2891 2128 2947 bestias.
2161 2888 2301 2958 Quia
2339 2890 2433 2962 qui
2465 2900 2759 2961 peccarunt
2790 2906 2887 2962 per
2913 2887 3313 2946 confessionem

1751 2986 1962 3041 veniam
1987 2991 2413 3055 consequuntur.
2436 2981 2612 3053 Rogat
2633 2991 2812 3038 autem
2840 2992 2900 3039 ut
2922 2988 2990 3037 he
3010 2979 3127 3052 pari
3153 2979 3316 3033 modo

1750 3077 1929 3134 omnis
1963 3075 2129 3133 lsrael
2152 3084 2354 3147 pereat,
2383 3075 2528 3147 quod
2557 3075 2720 3130 etiam
2748 3072 2950 3130 factum
2976 3081 3082 3129 est.
3136 3070 3317 3126 Multae

1753 3184 1987 3240 namque
2033 3168 2302 3241 myriudes
2346 3181 2537 3222 eorum
2567 3166 2661 3237 qui
2714 3165 2994 3222 Christum
3029 3163 3317 3220 crucltixe-

1752 3267 1901 3324 runt,
1921 3267 2105 3331 postea
2134 3257 2482 3313 crediderunt
2499 3263 2554 3312 et
2575 3257 2804 3312 salutem
2834 3264 3142 3313 consecuta:
3166 3268 3313 3311 sunt.

1818 3351 1909 3408 20.
1942 3350 2157 3422 Respice
2207 3350 2262 3404 in
2298 3358 2662 3405 testamentum
2707 3360 2875 3405 tuum.
2911 3349 3063 3406 Alius
3117 3349 3316 3405 iterum

1751 3439 2241 3497 commiserationis
2287 3437 2486 3493 modus
2514 3438 2758 3504 aﬁertur,
2792 3439 2941 3510 quod
2969 3440 3115 3495 enim
3175 3437 3317 3494 Deus

1750 3546 1879 3602 erga
1905 3530 2027 3587 illos
2079 3530 2260 3585 bonus
2299 3537 2353 3584 et
2408 3530 2648 3585 clemens
2697 3528 2879 3596 fuerit,
2932 3538 3313 3586 testamentum

1750 3620 1887 3676 dans
1910 3620 2041 3684 illis,
2074 3619 2203 3674 hinc
2223 3607 2649 3676 misericordiam
2676 3619 2777 3675 sibi
2824 3621 3097 3676 attrahere
3115 3635 3317 3677 conan-

1750 3722 1859 3767 tur.
1895 3704 2036 3778 Q'uia
2061 3709 2245 3781 repleti
2300 3719 2423 3764 sunt
2448 3711 2540 3782 qui
2566 3704 2841 3766 'obscurati
2869 3721 2991 3765 sunt
3041 3718 3195 3766 terra:
3220 3710 3316 3766 do-

1751 3805 1917 3861 mibus
1948 3804 2310 3875 iniquitatum.
2343 3801 2498 3871 Quod
2537 3803 2612 3858 ait
2636 3803 2902 3874 ejusmodi
2934 3811 3055 3860 est:
3089 3801 3315 3859 Etiamsi

1750 3897 1935 3953 multae
1981 3895 2181 3953 domus
2204 3896 2275 3952 ob
2302 3895 2642 3967 iniquitatem
2676 3909 2803 3967 erga
2829 3903 2882 3951 te
2923 3896 3186 3967 ipsarum,
3236 3903 3318 3951 te-

1749 3988 1934 4045 nebris
1960 3988 2132 4060 plenas
2162 3987 2406 4044 fuerunt:
2467 3997 2523 4044 at
2555 4001 2743 4059 quaeso
2783 4001 2853 4044 ne
2879 3987 3058 4044 omnis
3084 3987 3317 4059 populus

1749 4080 2057 4151 abjiciatur,
2109 4088 2166 4136 et
2211 4079 2450 4136 infamia:
2495 4080 2766 4136 tradatur.
2803 4077 3126 4134 Habuerunt
3168 4080 3314 4134 enim

1748 4169 1969 4240 quidam
1995 4170 2051 4224 in
2076 4170 2271 4241 seipsis
2296 4186 2448 4242 spem
2483 4170 2700 4249 salutis,
2735 4169 2830 4239 qui
2884 4168 3049 4224 etiam
3099 4177 3318 4239 aposto-

1749 4259 1928 4314 lorum
1958 4273 2124 4331 opera
2175 4260 2406 4315 salutem
2456 4258 2604 4314 nacti
2648 4265 2777 4314 sunt
2832 4275 2844 4310 :
2908 4254 3150 4311 maxime
3188 4270 3316 4310 vero

1749 4350 2025 4422 prioribus
2074 4348 2220 4405 Petri
2274 4349 2654 4415 concionibus,
2687 4347 2779 4402 ubi
2812 4345 2973 4402 modo
3017 4354 3099 4401 ter
3147 4344 3314 4411 mille,

1748 4441 1913 4509 modo
1945 4441 2239 4512 quinquies
2267 4441 2433 4509 mille,
2456 4440 2620 4495 modo
2646 4438 2810 4493 etiam
2834 4436 3106 4510 myriades
3134 4452 3317 4494 acces-

1676 4544 1723 4601 υ
1747 4546 1867 4587 sere
1889 4530 1955 4586 ad
1994 4531 2175 4586 ﬁdem.

1820 4622 1944 4696 [21.
2000 4621 2212 4691 Pauper
2252 4631 2302 4676 et
2349 4623 2496 4691 inops
2549 4623 2842 4680 laudabunt
2894 4640 3082 4680 nomen
3143 4632 3314 4679 tuum.

1748 4715 2067 4787 Postquam,
2126 4715 2325 4785 inquit,
2385 4715 2615 4771 salutem
2645 4718 2925 4775 consecuti
2970 4725 3099 4775 sunt
3122 4713 3216 4788 qui
3249 4730 3315 4770 ea

1745 4805 1896 4877 digni
1930 4814 2080 4873 sunt,
2139 4820 2345 4876 pauper
2400 4806 2625 4877 spiritu,
2674 4809 2885 4866 scilicet
2939 4809 3314 4881 apostolorum

1747 4897 1982 4966 chorus,
2022 4897 2324 4953 secundum
2349 4897 2504 4965 illud,
2555 4899 2712 4955 Beati
2757 4917 3009 4973 pauperes
3030 4899 3314 4970 spiritu“,

1745 4995 2105 5058 congruentes
2135 4988 2230 5044 tibi
2259 4988 2447 5045 laudes
2468 4990 2714 5064 emittit.]

1814 5077 1903 5132 22.
1951 5076 2214 5152 Exsurge,
2267 5079 2432 5149 Deus,
2489 5082 2682 5153 judica
2732 5099 2951 5138 causam
2991 5092 3158 5136 tuam.
3200 5079 3315 5136 Hac

1746 5170 2142 5241 supplicatione
2194 5171 2364 5228 Deum
2404 5173 2609 5229 excitat
2654 5174 2719 5229 ad
2774 5174 3102 5244 supplicium
3146 5172 3214 5229 de
3243 5172 3313 5228 iis

1746 5261 2068 5317 sumendum
2097 5263 2191 5333 qui
2257 5265 2515 5334 populum
2564 5264 2916 5335 deceperunt.
2970 5263 3175 5320 Memor
3203 5278 3313 5321 esto

1747 5353 2049 5424 improperii
2101 5355 2198 5408 tui.
2262 5353 2501 5410 Rursum
2555 5356 2682 5425 quia
2761 5355 2877 5427 ipse
2917 5348 3314 5428 improperalus

1747 5443 1849 5499 fuit
1876 5446 1942 5500 ad
1977 5446 2405 5502 misericordiam
2441 5445 2609 5502 Deum
2638 5456 2818 5504 vocat.

1748 5535 1799 5589 1.
1834 5534 1901 5590 In
1952 5536 2133 5606 ﬁnem,
2186 5553 2248 5592 ne
2319 5554 2646 5607 corrumpas.
2716 5538 3057 5598 PSALMUS
3111 5539 3310 5609 Asaph.

2394 5630 2658 5687 LXXIV.

2317 5723 2358 5775 Α
2370 5734 2717 5793 rgumentum.

1747 5811 1804 5867 ln
1861 5810 1969 5869 hoc
2009 5812 2221 5884 psalmo
2271 5830 2502 5885 persona
2571 5817 2944 5889 apostolorum
3001 5816 3347 5886 induciturk
