3786 6278
494 349 597 406 339

1333 350 1390 405 S.
1434 351 1802 409 ATHANASII
1841 354 1991 410 OPP.
2032 354 2209 410 PARS
2246 355 2336 410 ΙΙΙ.
2376 385 2445 394 --
2484 350 2895 408 EXEGETICA.

3623 349 3726 402 51‘

559 464 855 519 cohortans
874 461 1122 518 homines
1172 473 1229 518 ut
1274 464 1566 536 impietatis
1597 471 1757 525 linem
1815 470 2035 534 faciant,

2212 469 2507 542 παραινοῦν
2527 470 2652 532 τοὺς
2671 464 2989 538 ἀνθρώπους
3007 465 3104 535 τῆς
3125 461 3378 525 ἀᾱεὸειας
3408 461 3726 515 παύεσθαι

561 568 625 608 ac
656 563 1052 623 repraesentans
1086 554 1217 610 insis
1267 556 1591 613 horrendum
1648 560 1781 615 illud
1811 576 1875 617 ac
1902 562 2041 616 divi-

558 660 688 699 num
715 645 970 700 tribunal.

559 736 613 797 9.,
647 735 701 790 5.
727 734 1104 805 Conﬁtebimur
1126 736 1243 806 tibi,
1278 735 1416 792 Deus
1439 777 1455 793 .
1490 781 1504 794 .
1541 780 1554 792 .
1592 739 1841 796 Narrabo
1869 745 2044 798 omnia

488 827 756 882 mirabilia
787 838 898 882 tua.
931 830 1025 885 Dei
1076 829 1344 884 mirabilia
1373 841 1752 886 euarraturum
1797 849 1855 887 se
1888 834 2046 904 polli-

488 928 639 972 cetur
665 920 997 989 apostolicus
1020 921 1217 976 chorus
1240 936 1269 975 a
1297 924 1743 991 persequentibus
1764 925 2041 981 liberatus.

488 1006 600 1079 Ego
623 1011 866 1077 justitias
885 1012 1157 1082 judicabo.
1190 1010 1315 1068 Ηαεο
1340 1014 1415 1068 ait
1441 1013 1686 1071 Salvator
1713 1019 2045 1088 respondens

485 1112 672 1153 eorum
696 1100 1062 1168 promissioni.

557 1285 607 1338 4.
641 1283 946 1355 Liquefacla
989 1298 1062 1343 est
1099 1299 1239 1342 terra
1279 1299 1327 1344 et
1374 1307 1547 1345 omnes
1581 1294 1669 1361 qui
1702 1293 1945 1348 habitant
1989 1296 2071 1363 in_

485 1392 567 1430 ea.
599 1377 897 1446 Cumjnsta
918 1381 1211 1449 judicares,
1244 1382 1438 1451 inquit,
1468 1384 1788 1454 liquefecfsti
1820 1394 2041 1453 terram,

488 1468 731 1524 videlicet
759 1469 1147 1542 Jerosolymam
1167 1513 1182 1537 ,
1217 1483 1264 1528 et
1299 1490 1472 1529 omnes
1497 1476 1585 1545 qui
1607 1475 1846 1529 habitant
1876 1478 1927 1529 in
1958 1493 2039 1532 ea.

486 1556 671 1613 Potest
693 1567 871 1614 autem
906 1561 1034 1615 illud
1082 1561 1283 1632 duplici
1314 1565 1475 1618 modo
1517 1565 1761 1634 intelligi,
1795 1574 1955 1635 atque
1988 1567 2040 1619 in

488 1648 687 1704 bonam
735 1658 964 1719 partem,
997 1652 1203 1707 scilicet
1248 1653 1532 1723 liquefacta
1565 1665 1662 1721 est,
1706 1656 1757 1710 id
1792 1666 1895 1721 est,
1926 1673 2045 1711 ma-

489 1740 616 1796 litia:
641 1744 994 1811 condonavit;
1030 1753 1084 1799 et
1127 1745 1182 1799 in
1214 1748 1433 1813 malum,
1464 1756 1525 1801 ut
1568 1749 1802 1803 declaret
1839 1749 2044 1819 suppli-

2214 557 2595 628 ὑποτιθέμενον
2626 557 2808 619 αὑτοῖς
2839 555 2899 608 τὸ
2937 553 3164 626 φοὸερὸν
3216 554 3391 605 ἐκεῖνο
3420 550 3514 635 καί
3576 550 3724 603 Gaio

2211 652 2570 724 δικαστήριον.

2220 737 2802 811 Ἑξομολογησόμεθά
2823 750 2943 802 σοι,
2983 740 3017 791 ό
3071 737 3234 801 Θεός.
3264 775 3279 789 .
3319 775 3335 788 .
3367 774 3381 788 .
3412 734 3726 804 Διηγήσο

2136 850 2242 903 μαι
2275 832 2469 886 πάντα
2504 831 2576 886 τὰ
2613 828 2910 900 θαυμάσιά
2945 844 3081 882 σου.
3113 824 3421 896 Διηγεῖσθαι
3451 825 3547 878 τοῦ
3581 824 3726 878 Θεοῐ

2141 924 2210 978 τά
2254 923 2528 995 θαυμάσια
2560 923 2899 992 ὑπισχνεῖται
2931 919 2960 971 6
2991 917 3341 981 ἀποστολικὸς
3390 919 3575 990 χορὸς,
3617 916 3726 969 τῶ-

2140 1014 2442 1068 διωκόντων
2488 1011 2838 1081 ἀπαλλαγείς.
2907 1009 3053 1079 Ἐγὼ
3114 1009 3437 1075 εὐθὺτητας
3504 1007 3725 1078 κρινῶ

2142 1104 2324 1158 Ταῦτα
2372 1106 2401 1157 6
2450 1105 2641 1177 Σωτήρ
2680 1120 2844 1175 φησιν
2895 1100 3183 1155 ὑπακούων
3231 1100 3411 1156 αὑτῶν
3464 1104 3529 1172 τῇ
3583 1104 3726 1154 ὑπο-

2145 1198 2343 1267 σχέσει.

2224 1288 2428 1356 Ἐτάκη
2463 1290 2499 1356 ἠ
2530 1287 2605 1359 γῆ
2640 1286 2737 1348 καὶ
2764 1286 2984 1352 πάντες
3010 1289 3064 1340 οἱ
3093 1285 3398 1351 οἰκοῦντες
3423 1285 3494 1338 ἐν
3525 1281 3720 1352 αὑτῇ

2089 1406 2104 1422 ο
2142 1380 2352 1441 Δίκαια,
2390 1379 2539 1450 φησὶ,
2582 1378 2783 1450 κρίνων
2835 1376 3136 1448 κατέτηξας
3173 1376 3268 1448 τὴν
3320 1376 3443 1446 γῆν,
3501 1376 3726 1446 δηλαδί

2140 1469 2237 1540 τὴν
2281 1469 2647 1542 Ἰερουσαλὴμ,
2681 1468 2777 1521 καὶ
2810 1468 3040 1533 πάντας
3078 1467 3219 1532 τοὺς
3255 1467 3326 1520 ἐν
3370 1465 3527 1535 αὐτῇ
3577 1483 3726 1519 κατ-

2141 1560 2475 1624 οικοῦντας.
2523 1558 2752 1613 Δύναται
2818 1557 2875 1610 δὲ
2912 1556 3069 1610 τοῦτο
3090 1555 3282 1620 διττῶς
3334 1556 3584 1611 νοεῖσθαι
3628 1553 3726 1608 xa‘

2140 1650 2232 1702 ἐπὶ
2258 1648 2483 1718 ἀγαθοῦ,
2535 1649 2617 1712 τὸ,
2674 1646 2875 1713 ἐτάκη,
2917 1648 3037 1700 ἀντὶ
3094 1645 3210 1710 τοῦ,
3256 1647 3605 1701 ὑπενδεδωκε
3661 1649 3726 1715 τῇ

2142 1741 2393 1812 πονηρία·
2422 1741 2513 1794 καὶ
2559 1741 2651 1793 ἐπὶ
2683 1740 2884 1805 κακοῦ,
2934 1741 3022 1793 ἵνα
3054 1739 3266 1811 δηλώσῃ
3297 1740 3397 1810 τὴν
3433 1738 3726 1809 τιμωρίαι

487 1831 629 1884 cium
677 1831 743 1886 de
798 1832 865 1888 iis
913 1843 1206 1903 sumptum.
1259 1833 1371 1905 Ego
1418 1833 2040 1906 can/irmaoi'columnas

2157 1830 2235 1902 τὴν
2260 1830 2555 1903 γενομένην
2580 1831 2698 1884 κατ’
2744 1831 2941 1885 αὑτῶν.
2993 1830 3142 1901 Ἐγὼ
3188 1829 3526 1899 ἐστερέωσα
3574 1831 3726 1897 τοὺς

485 1920 618 1987 ejus.
670 1920 951 1977 Columna:
1001 1923 1299 1980 Jerusalem
1351 1934 1480 1981 sunt
1542 1928 1713 1982 sancti
1773 1929 2035 1998 apostoli,

482 2009 637 2078 juxta
671 2010 724 2064 id
759 2014 900 2081 quod
940 2014 1142 2067 dictum
1182 2023 1264 2069 est
1296 2032 1309 2066 :
1338 2013 1595 2070 Columna
1643 2026 1693 2071 et
1734 2017 2040 2086 ﬁrmamen-

486 2116 594 2158 tum
622 2107 858 2171 veritatis
876 2108 942 2162 ⁸⁸.
964 2108 1410 2181 [AitApostolusz
1445 2110 1515 2165 Et
1544 2128 1662 2165 cum
1690 2112 2039 2182 cognovissent

484 2201 711 2268 gratiam
759 2218 875 2270 quia
920 2202 1047 2256 data
1094 2214 1169 2257 est
1221 2204 1349 2257 mihi
1390 2205 1620 2258 Jacobus
1650 2214 1696 2258 et
1741 2202 1941 2274 Cephas
1989 2213 2037 2257 et

481 2287 733 2355 Joannes,
764 2291 1188 2355 Quividebantnr
1214 2293 1470 2348 columna:
1496 2310 1605 2348 esse
1632 2292 1727 2365 ⁸³.]

553 2382 604 2435 ὅ.
637 2381 765 2435 ι)ίαὶ
802 2384 994 2452 iniquis
1026 2398 1044 2437 :
1078 2381 1256 2437 Nolite
1287 2384 1460 2446 inique
1492 2401 1657 2454 agere.
1699 2384 1796 2439 llic
1824 2393 2041 2454 aposto-

485 2476 660 2528 lorum
706 2491 935 2544 persona
975 2474 1224 2540 eﬂ‘ertur,
1252 2492 1372 2545 quae
1413 2475 1661 2532 homines
1706 2477 1954 2531 hortatur
1983 2487 2041 2531 ut

484 2566 766 2634 quiescant
791 2567 859 2620 ab
890 2567 1180 2637 impietate.
1226 2566 1507 2639 [llumiliat
1539 2576 1716 2622 autem
1753 2567 2035 2623 Judaicum

487 2656 742 2725 populum
778 2657 847 2711 ob
871 2657 988 2728 ejus
1015 2658 1319 2726 superbiam
1353 2673 1365 2709 :
1400 2657 1601 2712 exaltat
1625 2673 1752 2712 vero
1782 2659 2037 2728 populum

484 2763 546 2800 ex
576 2746 824 2817 gentibus
850 2747 920 2801 ob
949 2747 1305 2801 humilitatem
1331 2745 1496 2819 ejus.]

554 2837 605 2892 6.
639 2835 816 2895 Nolite
840 2838 1087 2892 extollere
1128 2839 1181 2892 in
1217 2838 1384 2892 altum
1429 2854 1589 2891 cornu
1620 2850 1866 2893 vestrum.
1904 2837 2039 2894 Nam

485 2938 712 2983 curnuta
750 2929 1002 2982 animalia
1051 2929 1276 2983 multum
1307 2928 1373 2982 de
1420 2928 1679 2983 cornibus
1717 2928 2037 2999 gloriantur.

483 3018 712 3075 .luhetur
758 3028 936 3074 autem
988 3020 1207 3088 iniquis,
1242 3031 1299 3073 ut
1331 3034 1397 3074 ne
1442 3020 1751 3089 arrogantia
1786 3019 2041 3088 iniquita-

486 3123 590 3165 tem
639 3121 905 3182 augeant,
950 3127 1124 3183 neque
1184 3120 1434 3166 moveant
1481 3112 1717 3182 linguam
1779 3112 2039 3168 adversus
2065 3146 2108 3203 ο

487 3202 673 3257 Deum.

554 3295 607 3347 7.
642 3293 781 3363 Quia
820 3312 981 3364 neque
1027 3296 1092 3351 ab
1142 3297 1390 3363 exitibus,
1435 3315 1595 3370 neque
1640 3298 1705 3352 ab
1757 3297 2039 3364 occidente,

486 3401 647 3455 neque
675 3403 706 3440 a
732 3387 947 3442 desertis
978 3390 1255 3445 montibus.
1296 3389 1455 3446 Hisce
1493 3400 1665 3445 totum
1708 3390 1893 3445 orbem
1934 3398 2041 3444 ter-

488 3491 669 3531 rarum
720 3478 1004 3548 signiﬁcat.
1053 3479 1243 3537 Exitus
1295 3492 1474 3537 antem
1519 3481 1651 3537 dicit
1693 3481 1976 3546 orientem,
2010 3495 2039 3534 a

486 3590 595 3645 quo
631 3575 712 3630 sol
749 3576 894 3641 exit;
939 3578 1271 3632 occidenlem
1306 3589 1485 3633 autem
1516 3578 1790 3647 vesperias
1827 3585 2037 3648 partes;

483 3674 725 3721 nesertos
764 3676 997 3730 montes,
1037 3668 1456 3738 septentrionem
1485 3677 1538 3722 et
1575 3666 1891 3732 meridiem;
1920 3681 2041 3735 quae

485 3765 662 3824 partes
708 3756 777 3809 ob
819 3758 1213 3814 vehementiam
1261 3757 1478 3829 frigoris
1509 3765 1564 3811 et
1603 3768 1768 3812 aestus
1811 3755 2037 3810 habitari

485 3854 778 3915 nequeunt.
810 3845 888 3900 Ne
909 3887 923 3911 ,
958 3849 1147 3918 inquit.
1180 3849 1364 3918 inique
1403 3849 1596 3919 agatis,
1635 3850 1760 3918 quia
1790 3864 1950 3904 nemo
1985 3849 2037 3902 in

485 3942 594 3987 toto
619 3936 749 3989 orbe
781 3935 948 3989 Deum
974 3938 1206 4001 latuerit,
1242 3940 1285 3992 si
1313 3940 1535 4008 impium
1566 3939 1691 4008 quid
1721 3938 1955 4008 proferat
1985 3938 2036 3991 in

482 4039 629 4077 eum.
664 4023 818 4078 Hunc
848 4025 1112 4091 Itumiliat,
1128 4037 1176 4081 et
1205 4028 1339 4081 hunc
1363 4029 1583 4082 exultat.
1608 4029 1738 4082 Cum
1769 4028 1838 4082 sit
1864 4028 2039 4083 bonus

477 4113 662 4181 jndex,
696 4114 789 4181 ait,
817 4115 1012 4186 impios
1053 4116 1321 4182 humiliat,
1352 4119 1553 4172 exaltat
1591 4126 1769 4172 autem
1806 4118 2038 4186 humiles

480 4208 662 4262 corde.
697 4206 821 4263 Haec
871 4223 1034 4277 porro
1079 4209 1388 4279 accipienda
1428 4218 1555 4263 sunt
1595 4209 1659 4264 de
1695 4209 1907 4265 duobus
1940 4225 2038 4282 po-

480 4298 641 4367 pulis.
689 4297 999 4353 Juda‘orum
1031 4300 1238 4355 scilicet
1274 4308 1328 4354 et
1367 4300 1630 4369 gentium.
1676 4299 1768 4355 Ille
1806 4318 2038 4372 namque

482 4388 794 4445 humiliatus
829 4389 929 4444 fuit
974 4400 1193 4460 propter
1231 4392 1623 4461 arrogantiam,
1656 4390 1744 4445 hic
1769 4393 2036 4449 exaltatus

2138 1922 2404 1987 στύλους
2446 1921 2653 1990 αὐτῆς.
2706 1921 2893 1975 Στῦλοι
2926 1921 3025 1993 τῆς
3081 1920 3436 1993 Ἰερουσαλὴμ
3480 1922 3532 1972 οἱ
3571 1920 3726 1989 ἅγιοι

2136 2012 2440 2073 ἀπόστολοι,
2460 2010 2600 2066 κατὰ
2624 2011 2683 2065 τὸ
2707 2014 2825 2083 είρη
2835 2012 3014 2081 μένονο
3045 2011 3275 2076 Στῦλος
3298 2011 3395 2063 καὶ
3412 2009 3726 2080 ἑδραίωμα

2136 2102 2246 2170 τῆς
2271 2102 2568 2169 ἀληθείας.
2589 2101 2687 2174 [Φη
2696 2103 2775 2155 σὶν
2795 2103 2823 2154 6
2844 2101 3303 2165 Ἀπόστολος’Καὶ
3322 2102 3569 2171 γνόντες
3601 2119 3636 2154 τ
3649 2101 3726 2169 ὴν

2135 2189 2413 2244 δοθεῖσάν
2421 2207 2522 2259 μοι
2548 2190 2818 2257 Ἰάκωϐος
2832 2191 2929 2245 καὶ
2947 2188 3156 2260 Κηφᾶς
3178 2190 3276 2244 καὶ
3313 2188 3635 2258 Ἰωάννης,
3675 2194 3726 2244 ol

2136 2278 2456 2346 δοκοῦντες
2477 2281 2689 2335 στῦλοι
2705 2280 2903 2354 εῖναι.]

2206 2368 2361 2424 Elaea
2391 2372 2512 2438 τοῖς
2544 2373 2975 2443 παρανομοῦσιο
2997 2373 3093 2442 Μὴ
3133 2374 3549 2443 παρανομεῖτε.
3607 2376 3726 2428 Ἐν-

2137 2464 2321 2517 τεῦθεν
2346 2464 2452 2519 τῶν
2484 2466 2792 2519 ἀποστόλων
2823 2465 2883 2520 τὸ
2917 2466 3205 2536 πρόσωπον
3272 2466 3584 2536 παραινοῦν
3620 2468 3726 2535 τῆς

2138 2555 2389 2619 ἀσεϐείας
2441 2560 2572 2621 τοῖς·
2599 2558 2903 2630 ἀνθρώποις
2935 2559 3262 2614 παύσασθαι.
3313 2559 3611 2630 [Ταπεινοῖ
3666 2558 3726 2610 δὲ

2142 2649 2433 2702 ’Ἰουδαϊκὸν
2475 2649 2599 2703 λαὸν
2627 2651 2713 2704 διὰ
2736 2652 2831 2723 τὴν
2877 2654 3250 2724 ὑπερηφανίαν
3277 2650 3458 2706 αὑτοῦ·
3493 2651 3632 2720 ὑψοί
3664 2651 3726 2704 ἃ

2135 2741 2227 2793 τὸν
2257 2738 2314 2804 ἐξ
2346 2738 2513 2791 ἐθνῶν
2544 2739 2630 2791 διὰ
2658 2740 2756 2810 τὴν
2787 2740 3280 2812 ταπεινοφροσύνην
3315 2739 3530 2811 αὑτοῦ.]

2209 2828 2303 2896 Μὴ
2341 2827 2611 2895 ἐπαίρετε
2644 2831 2731 2895 εις
2763 2829 2918 2896 ὕψος
2951 2828 3017 2882 τὸ
3039 2828 3215 2897 κέρας
3236 2828 3417 2898 ὑμῶν.
3453 2830 3571 2881 Καὶ
3606 2828 3725 2898 γὰρ

2138 2917 2206 2971 τὰ
2235 2917 2552 2990 κερασφόρα
2575 2916 2686 2980 ζῶα
2724 2918 2928 2989 σφόδρα
2956 2917 3048 2969 ἐπὶ
3104 2921 3215 2981 τοῖς
3248 2918 3440 2990 κέρασι
3479 2919 3716 2988 γαυριᾷ.

2138 3008 2433 3078 Παρεγγυᾷ
2470 3007 2527 3060 δὲ
2564 3008 2747 3077 αὐτοῖς
2770 3009 2797 3060 6
2831 3006 2987 3076 λόγος
3019 3010 3092 3079 μὴ
3113 3008 3295 3074 αὔξειν
3321 3011 3385 3078 τῇ
3413 3006 3720 3077 ἀλαζονείᾳ

2138 3097 2237 3168 τὴν
2276 3096 2523 3166 ἀνομίαν,
2549 3097 2681 3167 μηδὲ
2711 3097 2850 3151 κατά
2876 3098 2969 3151 τοῦ
2998 3098 3129 3152 Θεοῦ
3160 3097 3404 3167 γλῶτταν
3439 3101 3641 3153 κινεῖν.

2211 3299 2337 3351 Ὅτι
2357 3299 2494 3352 οὔτε
2516 3298 2585 3363 ἐξ
2621 3298 2875 3364 ἐξόδων,
2933 3301 3071 3354 οὔτε
3119 3300 3236 3355 ἀπὸ
3262 3297 3532 3368 δυσμῶν,
3575 3298 3721 3352 οὔτε

2140 3389 2256 3444 ἀπὸ
2299 3389 2532 3459 ἐρήμων
2564 3374 2764 3460 ὀρέων.
2818 3389 2917 3443 Διά
2950 3390 3153 3444 τούτων
3183 3392 3274 3445 τὸν
3306 3391 3481 3444 πάντα
3508 3388 3719 3457 κόσμον

2139 3483 2237 3553 τῆς
2268 3482 2586 3553 οἰκουμένης
2611 3482 2778 3553 δηλοῖ·
2815 3480 2992 3549 ἔξοδον
3027 3482 3124 3553 μὲν
3148 3480 3245 3552 τὴν
3289 3478 3576 3549 ἀνατολὴν,
3620 3477 3717 3545 ἀφ’

2137 3570 2205 3646 ἧς
2245 3576 2274 3627 6
2307 3573 2456 3644 ἥλιος
2504 3571 2689 3638 ἔξεισι,
2743 3572 2953 3643 δυσμὰς
2981 3572 3160 3642 δὲτὴν
3212 3572 3469 3641 ἑσπέραν·
3508 3571 3613 3641 ὅρη
3657 3568 3714 3619 δὲ

2140 3663 2319 3735 ἔρημα
2364 3665 2433 3719 τά
2468 3682 2526 3718 τε
2570 3664 2794 3737 ἀρκτῷα
2833 3663 2927 3720 καὶ
2957 3664 3026 3716 τά
3061 3664 3229 3717 νότια·
3258 3662 3454 3735 ’ταῦτα
3493 3661 3609 3734 γὰρ
3639 3661 3708 3713 δι’

2140 3756 2405 3828 ἀμετρίαν
2452 3755 2652 3827 κρύους
2678 3773 2735 3808 τε
2764 3755 2857 3809 καὶ
2886 3756 3163 3818 καύσωνος
3192 3755 3421 3825 ἀοίκητά
3449 3756 3590 3807 ἐστι.
3616 3751 3710 3820 Μὴ

2141 3850 2503 3919 παρανομεῖτε
2555 3846 2753 3910 τοίνυν,
2812 3847 2996 3916 φησιν,
3031 3847 3112 3899 ὅτι
3168 3847 3340 3910 οὐδεὶς
3372 3850 3429 3899 ὲν
3456 3846 3605 3915 πάσῃ
3643 3844 3709 3912 τῇ

2138 3937 2429 4009 οἰκουμένῃ
2457 3936 2608 3990 λάθοι
2639 3936 2731 3989 τὸν
2767 3937 2897 3990 Θεὸν
2939 3936 3254 4007 βλάσφημον
3303 3955 3356 3990 τι
3385 3937 3560 4004 λέγων
3586 3932 3708 3988 κατ’

2136 4028 2320 4081 αὑτοῦ.
2352 4029 2568 4083 Τοῦτον
2599 4028 2884 4093 ταπεινοῖ,
2914 4029 3011 4082 καὶ
3047 4029 3261 4084 τοῦτον
3289 4028 3453 4096 ὐψοῖ.
3472 4025 3707 4098 Κριτής,

2138 4120 2322 4187 φησιν,
2356 4119 2615 4190 ὑπάρχων
2642 4118 2865 4188 ἀγαθὸς,
2904 4122 3151 4173 ταπεινοῖ
3177 4119 3275 4189 μὲν
3300 4120 3423 4181 τοὺς
3466 4116 3703 4174 ἀσεϐεῖς,

2136 4210 2261 4280 ὑψοί
2284 4211 2341 4264 δὲ
2386 4212 2512 4275 τοὺς
2552 4212 2837 4275 ταπεινοὺς
2862 4212 2960 4283 τὴν
2987 4212 3232 4284 καρδίαν.
3275 4210 3599 4279 Ἐκληπτέον
3644 4203 3700 4256 δὲ

2134 4300 2306 4355 ταῦτα
2335 4302 2428 4354 καὶ
2478 4303 2570 4355 ἐπὶ
2616 4303 2742 4364 τοὺς
2787 4300 2880 4354 δύο
2931 4300 3111 4365 λαοὺς,
3166 4299 3274 4353 τῶν
3342 4295 3606 4350 Ἰουδαίων
3642 4289 3700 4342 τέ

2136 4410 2277 4464 φημι
2307 4394 2402 4447 καὶ
2430 4392 2520 4445 τδν
2549 4393 2609 4458 ἐξ
2638 4392 2824 4446 ὲθνῶν⁶
2871 4394 2900 4446 6
2941 4392 3039 4462 μὲν
3062 4390 3168 4461 γὰρ
3206 4386 3590 4442 τεταπείνωται
3613 4379 3701 4434 διὰ

481 4488 696 4547 propter
725 4480 1104 4535 humilitatem.
1137 4480 1255 4551 Ipse
1281 4497 1515 4552 namque
1542 4482 1824 4539 constituit
1858 4499 2032 4555 reges,

2157 4483 2233 4555 τὴν
2265 4484 2600 4547 ἀλαζονείαν·
2631 4487 2660 4538 6
2686 4484 2742 4536 δὲ
2777 4482 3002 4553 ὑψοῦται
3029 4482 3117 4536 διὰ
3152 4481 3249 4553 τὴν
3281 4470 3697 4547 ταπεινοφροσύυ

477 4580 531 4621 ct
560 4570 832 4637 deturbat,
855 4575 1082 4628 suscitat
1106 4574 1172 4628 de
1202 4583 1341 4641 terra
1369 4576 1607 4646 inopem,
1628 4585 1681 4631 et
1705 4576 1772 4631 de
1801 4585 2041 4632 stercore

477 4661 635 4729 erigit
673 4677 983 4732 pauperem.
1031 4663 1146 4719 lmo
1194 4667 1354 4733 etiam
1395 4679 1684 4738 postquam
1733 4666 2039 4721 humiliavit

476 4765 570 4806 eos
598 4754 688 4823 qui
727 4768 791 4806 ex
823 4754 1237 4811 circumcisione
1260 4768 1404 4822 sunt,
1436 4767 1620 4830 gentes
1653 4759 1929 4815 exaltavit.

545 4930 595 4984 9.
631 4930 769 4994 Quia
805 4929 949 4983 calix
996 4932 1051 4984 in
1094 4949 1252 4986 manu
1292 4933 1502 4986 Domini
1545 4936 1650 4997 vini
1693 4934 1821 4987 meri
1849 4932 2032 5002 plenus

476 5025 655 5079 misto.
691 5023 865 5090 Calix,
898 5026 1094 5094 inquit,
1123 5036 1205 5080 est
1235 5028 1285 5081 in
1324 5043 1486 5081 manu
1522 5027 1751 5092 Domini,
1785 5030 1836 5084 in
1872 5042 2031 5097 quem

474 5114 681 5170 fructus
704 5116 941 5171 hominis
969 5117 1081 5170 sive
1115 5116 1284 5170 honos
1316 5117 1431 5171 sive
1457 5117 1629 5172 malos
1662 5118 1815 5186 Quasi
1850 5115 2031 5185 expri-v

473 5220 626 5261 mens
655 5215 709 5259 et
735 5207 874 5261 bona
904 5208 1062 5277 [nalis
1090 5206 1469 5271 commiscens,
1497 5208 1670 5275 ipsum
1708 5207 1924 5275 plenum
1955 5205 2034 5259 ef-

474 5297 603 5348 licit.
644 5293 849 5355 Exinde
880 5314 1007 5351 vero
1054 5312 1283 5368 quorum
1329 5297 1431 5351 faex
1478 5314 1587 5351 non
1627 5296 1939 5363 eﬂ'unditur,
1975 5294 2028 5350 id

470 5396 574 5451 est,
606 5385 640 5439 ii
677 5386 729 5440 in
773 5388 972 5458 quibus
1002 5400 1218 5458 peccata
1269 5397 1565 5451 remanent,
1595 5387 1772 5456 ipsum
1814 5387 2026 5453 bibunt,

475 5476 525 5531 ίιΙ
567 5484 670 5538 est,
712 5478 946 5547 propriis
996 5478 1407 5534 inebriabuntur
1449 5478 1637 5543 malis,
1670 5478 1813 5555 sicut
1843 5486 2029 5545 contra

475 5568 646 5621 sancti
678 5568 863 5621 bibent
889 5568 1107 5622 calicem
1149 5570 1270 5625 vita:
1317 5572 1369 5624 in
1413 5584 1578 5642 regno
1610 5571 1869 5669 caelorum
1905 5587 2027 5625 cum

544 5743 586 5779 ”
617 5743 632 5801 Ι
669 5742 806 5802 Tim.
840 5761 914 5808 ιιι,
945 5744 1023 5797 15.
1106 5744 1149 5775 ⁸³
1181 5743 1353 5798 Galat.
1390 5760 1448 5809 ll,
1485 5745 1537 5797 9.

2140 4590 2257 4644 νην.
2297 4575 2644 4646 (Corderius.)
2686 4574 2855 4636 Αὑτὸς
2891 4574 3000 4644 γάρ
3048 4572 3279 4641 καθιστᾷ
3306 4567 3559 4639 βασιλεῖς,
3608 4562 3696 4615 καὶ

2140 4666 2385 4736 μεθιστᾷ,
2422 4666 2622 4736 ἐγείρει
2655 4665 2763 4718 ἀπὸ
2795 4665 2897 4736 γῆς
2927 4664 3158 4733 πτωχὸν,
3195 4660 3287 4715 καὶ
3325 4659 3433 4713 ἀπὸ
3471 4652 3695 4725 κοπρίας

2135 4756 2383 4825 ἀνίστησι
2412 4755 2638 4823 πένητα.
2690 4754 2848 4807 Ἀλλά
2872 4755 2966 4807 καὶ
2998 4752 3335 4814 ταπεινώσας
3366 4750 3491 4813 τοὺς
3513 4749 3577 4800 ὲκ
3603 4759 3696 4795 πεο

2140 4847 2385 4918 ριτομῆς,
2426 4849 2550 4910 τοὺς
2589 4847 2697 4901 ἀπὸ
2733 4847 2840 4898 τῶν
2874 4846 3043 4898 ἐθνῶν
3071 4845 3301 4913 ὑιξωοεν.

2209 4937 2327 4989 Ὅτι
2357 4936 2640 5002 ποτήριον
2666 4935 2735 4986 ἐν
2762 4935 2909 5002 χειρὶ
2958 4934 3178 5000 Kvplov
3231 4932 3398 4989 οἴνου
3441 4924 3693 4994 ἀκράτου

2135 5026 2364 5095 πλῆρες
2395 5024 2782 5095 κεράσματος.
2831 5025 3116 5094 Ποτήριον,
3150 5020 3333 5090 φησὶν,
3369 5018 3516 5070 ἐστὶν
3556 5018 3611 5069 ἐν
3626 5015 3687 5081 τῇ

2133 5115 2227 5168 τοῦ
2288 5114 2491 5184 Κυρίου
2526 5114 2699 5183 χειρὶ,
2756 5113 2835 5174 εἰς
2883 5111 2910 5163 6
2964 5110 3194 5162 ἑκάστου
3244 5105 3525 5177 ἀνθρώπου
3569 5103 3689 5162 τοὺς

2136 5208 2378 5275 καρποὺς
2404 5206 2494 5257 καὶ
2531 5207 2654 5266 τοὺς
2685 5201 2919 5270 ἀγαθοὺς
2954 5200 3045 5253 καὶ
3077 5199 3202 5260 τοὺς
3236 5206 3503 5267 πονηρους
3532 5189 3687 5246 οἱονεὶ

2136 5295 2419 5358 ὲκπιέξων,
2464 5296 2555 5348 καὶ
2586 5294 2650 5346 τὰ
2700 5292 2876 5361 ἀγαθά
2932 5293 3043 5352 τοῖς
3077 5291 3330 5358 πονηροῖς
3371 5280 3685 5354 ἀνακιρνῶνρ

2137 5388 2340 5458 πλῆρες
2366 5388 2494 5440 αὐτὸ
2526 5385 2795 5440 ἀποτελεῖ.
2829 5380 2958 5437 Εἶτα
2997 5375 3071 5434 ὧν
3091 5380 3192 5433 οὑκ
3232 5380 3469 5450 ἐκχεῖται
3502 5379 3529 5429 ὀ
3567 5388 3688 5458 τρυ-

2135 5480 2280 5547 γίας,
2306 5479 2577 5536 τουτέστιν
2609 5471 2682 5529 ὧν
2713 5474 3133 5545 ἐναπομένουσιν
3167 5473 3221 5524 αἱ
3242 5470 3525 5540 ἁμαρτίαι,
3549 5456 3682 5517 οὗτοι

2137 5569 2267 5622 αὑτὸ
2296 5569 2590 5623 ἐκπίονται·
2622 5565 2863 5618 τουτέστι
2919 5565 3028 5626 τοῖς
3081 5560 3230 5637 ἰδίοις
3272 5557 3682 5629 μεθυσθήσοντσι
