3786 6278
381 187 486 272 sis

376 438 696 499 receperunt
723 429 1168 487 iiluminationem
1194 449 1314 498 quae
1342 435 1721 507 perg‘Spiritum
1751 438 1928 501 datur,

377 520 429 574 in
479 520 880 590 perturbatione
931 531 985 576 et
1031 524 1323 594 agitatione
1366 528 1757 595 versabuntur,
1806 544 1929 584 cum

376 612 621 665 divinum
672 611 903 666 tribunal
964 615 1260 683 apparebit.
1306 616 1643 672 Dormierunt
1690 636 1930 673 somnum

373 720 549 780 suum,
585 711 633 756 et
683 703 816 756 nihil
856 703 1177 760 invenerunt.
1214 705 1558 778 Negligenlize
1601 719 1655 764 et
1687 710 1926 780 segnitiei

373 769 537 848 dediii
582 794 638 849 in
679 794 808 854 vita.
841 803 1083 866 tempore
1118 797 1281 852 divini
1317 799 1503 868 judicii
1535 801 1666 855 nihil
1711 803 1928 857 invene-

373 892 502 937 runt
537 883 786 938 manibus
833 885 949 940 suis
979 887 1289 951 retinentes,
1326 889 1418 957 qui
1453 890 1579 944 olim
1624 907 1679 944 in
1712 893 1924 946 mortali

373 973 481 1027 vita
513 973 705 1030 divites
738 984 893 1030 erant
927 993 942 1030 :
975 977 1244 1044 quomodo
1277 979 1419 1031 enim
1445 979 1682 1034 invenire
1707 991 1927 1050 possent

371 1078 491 1131 qua:
525 1079 631 1118 non
678 1065 883 1134 operati
930 1065 1093 1119 sunt?
1147 1068 1333 1121 Omnes
1378 1069 1477 1122 viri
1522 1069 1824 1123 divitiarum
1870 1071 1922 1123 in

373 1153 612 1207 manibus
647 1155 776 1208 suis.
824 1151 1182 1224 Symmachus
1220 1156 1298 1211 sic
1347 1158 1504 1212 habet
1543 1177 1555 1213 :
1591 1158 1779 1214 Omnes
1824 1162 1924 1214 viri

371 1243 529 1312 fortes
561 1245 796 1298 munibus
827 1246 956 1300 suis.
980 1245 1151 1310 Nihil;
1183 1250 1378 1318 inquit,
1425 1250 1624 1318 profuit
1668 1252 1772 1309 illis
1823 1251 1924 1307 for—

371 1334 541 1389 titudo
573 1351 857 1400 manuum,
902 1338 1100 1408 quibus
1143 1354 1202 1394 se
1237 1355 1480 1394 omnium
1524 1342 1738 1400 divitias
1781 1344 1924 1399 dire-

369 1432 555 1492 ptnros
583 1426 889 1495 sperabant.
919 1427 985 1484 Et
1006 1429 1207 1485 docens
1234 1446 1356 1500 quze
1396 1447 1560 1488 causa
1590 1431 1752 1488 fuerit
1777 1433 1920 1504 quod

369 1517 502 1570 nihil
529 1516 663 1572 lucri
693 1518 998 1587 habuerint,
1024 1521 1327 1593 subjungit:

1202 219 1260 274 S.
1301 219 1677 276 ATHANASII
1710 221 1860 278 OPP.
1903 222 2084 278 PARS
2117 221 2204 280 Ill.
2242 255 2311 264 ——
2349 223 2742 281 EXEGETICA

450 337 501 390 6.
538 333 760 389 Turbati
783 344 908 391 sunt
937 352 1112 391 omnes
1153 339 1453 410 insipientes
1480 344 1653 396 corde.
1688 343 1790 410 Qui
1822 361 1928 398 non
1958 351 2003 408 Α

3498 228 3680 284 ω

2114 347 2563 415 Ἐταράχθησαν
2605 348 2827 413 πάντες
2871 350 2924 401 οἱ
2947 349 3228 404 ἀσύνετοι
3255 348 3330 416 τῇ
3357 350 3621 418 καρδίᾳ
3639 389 3667 403 -

2030 438 2092 490 Ol
2129 438 2203 509 μὴ
2237 438 2515 510 δεξάμενοι
2547 440 2639 494 τὸν
2668 440 2944 511 φωτισμὸν
2976 441 3064 494 τὸν
3096 442 3184 495 διὰ
3211 441 3305 495 τοῦ
3341 443 3667 511 Πνεύμα-

2029 543 2143 591 τος,
2170 531 2226 581 ἐν
2248 530 2471 600 ταράχῳ
2505 532 2598 583 καὶ
2629 531 2774 601 σάλῳ
2806 533 3144 602 γενήσονται.
3184 531 3276 585 τοῦ
3301 532 3447 585 θείου
3479 536 3666 585 ἐπε-

2028 619 2284 686 φανέντος
2315 621 2684 693 δικαστηρίου.
2737 624 3071 675 ’Ύπνωσαν
3116 623 3313 677 ὕπνον
3372 622 3652 686 αὐτῶν,

2028 709 2125 763 καὶ
2154 711 2266 778 οὐχ
2295 707 2470 779 εὗρον
2493 711 2691 766 οὐδέν.
2731 713 3004 784 Ἀμελείᾳ,
3043 715 3197 785 φησὶ,
3233 716 3326 767 καὶ
3353 714 3654 786 ῥᾳθυμίᾳ

2027 801 2462 870 παραδεδωκότες
2514 803 2603 856 τὸν
2643 803 2756 874 βίον
2787 805 2928 858 κατά
2957 806 3047 858 τὸν
3080 807 3267 877 καιρὸν
3311 807 3410 877 τῆς
3443 808 3651 870 θείας

2028 882 2280 961 κρίσεως,
2305 893 2381 956 ὡς
2397 895 2546 946 οὐδὲν
2577 890 2733 966 εὖρον
2761 897 2985 958 ἑαυτοὺς
3012 899 3091 960 εἰς
3118 897 3216 960 τὰς
3244 901 3432 970 χεῖρας
3456 916 3642 952 κατ·-

2025 979 2261 1048 έχοντας,
2321 984 2371 1034 οί
2413 984 2576 1036 πάλαι
2608 988 2666 1037 ἐν
2698 985 2775 1056 τῷ
2818 985 2994 1056 θνητῷ
3021 986 3120 1058 βίῳ
3153 987 3415 1042 πλούσιοι.
3463 990 3642 1053 Πῶς

2022 1071 2128 1142 γάρ
2156 1073 2250 1126 καὶ
2282 1072 2423 1144 εἶχον
2451 1077 2630 1148 εὑρεῖν
2659 1077 2694 1131 ἃ
2736 1079 2834 1131 οὐκ
2880 1081 3231 1150 είργάσαντος
3283 1081 3514 1148 Πάντες
3546 1084 3636 1135 οἱ

2022 1161 2234 1231 ἄνδρες
2263 1167 2366 1218 τοῦ
2393 1169 2659 1222 πλούτου
2682 1171 2895 1238 χερσὶν
2921 1171 3137 1226 αὐτῶν.
3185 1172 3241 1225 '0
3274 1173 3328 1226 δὲ
3362 1173 3634 1244 Σύμμα-

2021 1263 2116 1317 χος·
2143 1248 2333 1313 οὕτως·
2369 1252 2598 1319 Πάντες
2631 1258 2686 1308 οἱ
2713 1256 2926 1324 ἄνδρες
2975 1262 3030 1312 οἱ
3069 1262 3304 1329 ὶσχιφοὶ
3331 1263 3435 1328 τὰς
3465 1262 3629 1330 χεῖ-

2013 1355 2128 1406 ρας
2146 1340 2364 1396 αὐτῶν.
2384 1344 2548 1397 Οὐδὲν
2571 1347 2786 1411 αὐτοὺς.
2822 1351 3006 1418 φησιν,
3038 1350 3215 1424 ὢνησε
3247 1353 3355 1407 τῶν
3386 1354 3625 1426 χειρῶν

2019 1430 2052 1498 ἡ
2078 1428 2256 1502 ῥώμη,
2284 1431 2349 1485 δι’
2373 1427 2440 1505 ἦς
2461 1434 2569 1489 τῶν
2595 1437 2847 1492 ἁπάντων
2876 1441 3146 1512 άρπάσειν
3177 1444 3620 1515 προσεδόκησαν

2020 1518 2266 1580 πλοῦτον.
2322 1526 2431 1578 Καὶ
2496 1527 2757 1584 διδάσκων
2809 1531 2862 1584 τί
2895 1532 3095 1604 δήποτε
3147 1535 3297 1589 οὐδὲν
3335 1535 3620 1591 ἐντεῦθεν

2019 1609 2322 1678 ἀπώναντο,
2357 1615 2654 1688 ἐπήγαγεν·

439 1695 488 1749 7.
519 1697 595 1750 Ab
630 1699 979 1768 increpatione
1028 1710 1150 1766 tua,
1196 1701 1337 1756 Deus
1382 1701 1570 1768 Iacob,
1609 1703 1919 1758 dormitare-

2029 1752 2036 1758 .
2101 1702 2242 1756 Ἀπὸ
2275 1706 2668 1776 ἐπιτιμήσεώς
2694 1727 2832 1777 σου,
2863 1716 2894 1767 ὀ
2918 1715 3060 1782 Θεὸς
3092 1716 3313 1781 Ἰακὼϐ,
3331 1718 3618 1774 ἐνύστα-

369 1799 484 1840 runt
513 1789 602 1858 qui
640 1791 980 1845 ascenderunt
1009 1809 1182 1862 equos.
1225 1793 1380 1859 Lato,
1425 1795 1620 1865 inquit,
1656 1797 1916 1851 adversus

364 1894 457 1933 eos
500 1879 647 1949 justo
674 1881 908 1950 judicio,
956 1885 1111 1952 quasi
1146 1900 1339 1941 Somno
1381 1896 1434 1940 et
1476 1898 1696 1942 veterno
1732 1887 1914 1943 traditi

364 1979 509 2036 sunt,
535 1971 586 2026 id
613 1981 695 2027 est
716 1975 951 2028 excitare
984 1989 1042 2029 se
1066 1991 1171 2030 non
1207 1988 1515 2046 potuerunt.
1552 1979 1781 2046 Quinam
1815 1998 1913 2036 au-

364 2069 466 2113 tem
504 2061 575 2115 illi
617 2073 761 2129 sunt,
810 2063 913 2117 nisi
955 2065 1048 2134 qui
1093 2067 1450 2122 ascenderunt
1493 2070 1702 2139 equos?
1732 2070 1914 2141 Equos

360 2159 537 2204 autem
565 2151 744 2207 divina
779 2150 1057 2234 Scriptura
1082 2171 1180 2226 pro
1214 2173 1364 2213 more
1402 2172 1560 2216 vocat
1584 2178 1679 2218 eos
1708 2164 1803 2234 qui
1832 2165 1912 2220 ef-

361 2239 566 2298 frenate
603 2247 669 2298 ad
704 2232 1005 2315 voluptates
1037 2247 1343 2318 declinant;
1393 2252 1538 2321 iuxta
1580 2232 1744 2311 illud;
1775 2256 1912 2328 Equi

357 2332 642 2398 c/I‘eminati
689 2337 818 2404 facti
859 2347 1002 2395 sunt.
1039 2337 1404 2413 Unusquisque
1435 2345 1504 2397 ad
1539 2361 1752 2400 uxorem
1789 2363 1911 2416 pro-

354 2423 486 2474 a'imi
518 2425 600 2476 sui
629 2423 894 2479 ltittniebat
928 2426 994 2480 ⁸⁸.

423 2513 476 2566 8.
517 2513 592 2567 Τιι
639 2516 889 2570 terribilis
918 2535 992 2582 es,
1021 2528 1072 2572 et
1101 2521 1218 2590 quis
1249 2522 1452 2576 resistet
1493 2524 1627 2576 tibi?
1653 2523 1707 2578 Si
1741 2526 1907 2590 enim,

354 2603 547 2672 inquit,
594 2606 847 2660 clauserit
877 2617 1064 2664 contra
1095 2610 1366 2666 hominem
1388 2653 1403 2680 ,
1437 2614 1559 2684 quis
1601 2617 1806 2685 aperiet
1823 2618 1910 2672 8’?

347 2693 502 2762 juxta
535 2695 684 2751 Isaiae
708 2713 914 2754 vocem.

420 2787 472 2841 9.
510 2787 584 2842 De
613 2774 739 2844 cailo
781 2793 1020 2846 auditum
1063 2794 1236 2862 fecisti
1258 2796 1542 2864 judicium.
1574 2797 1786 2869 Nullus,
1819 2801 1904 2857 in-

351 2879 484 2946 quit,
533 2879 635 2935 erit
684 2881 762 2937 eis
809 2882 1141 2941 defensionis
1185 2886 1337 2943 locus
1377 2905 1499 2944 cum
1548 2891 1841 2961 punientur
1887 2913 1902 2950 :

2016 1791 2132 1856 ξαν
2170 1799 2224 1849 oi
2260 1798 2672 1869 ἐπιϐεϐηκότες
2704 1804 2828 1871 τοῖς
2857 1806 3082 1872 ἵπποις.
3154 1808 3608 1882 Ἐξενεχθείσης,

2015 1885 2165 1954 φησὶ,
2214 1888 2313 1959 τῆς
2339 1893 2455 1944 κατ’
2488 1893 2664 1946 αὐτῶν
2719 1895 2933 1960 δικαίας
2959 1897 3157 1968 ψήφου,
3221 1901 3383 1954 οἱονεὶ⁵
3430 1901 3610 1974 ὕπνῳ

2013 1979 2105 2030 καὶ
2158 1980 2312 2051 κάρῳ
2369 1986 2774 2054 ’παραδέδονται⁸
2831 1991 3108 2044 τουτέστιν
3163 1993 3439 2047 ἀνανεύειν
3479 1997 3607 2049 οὐκ

2017 2066 2259 2138 ἴσχυσαν.
2280 2072 2434 2137 Τίνες
2451 2075 2506 2128 δὲ
2522 2070 2665 2129 οὗτοι
2686 2078 2717 2149 ἢ
2747 2080 2794 2131 οἱ
2813 2079 3195 2153 ἐπιϐεϐηκότες
3218 2086 3330 2147 τοῖς
3357 2083 3554 2149 ἵπποις
3577 2103 3599 2152 ;

2015 2157 2246 2224 Ἵππους
2297 2162 2354 2214 δὲ
2380 2164 2412 2232 ή
2446 2163 2566 2218 θεία
2599 2165 2786 2238 Γραφὴ
2806 2167 2866 2232 ἐξ
2897 2168 3049 2232 ἔθους
3074 2172 3227 2222 καλεῖ
3254 2171 3381 2235 τοὺς
3412 2173 3598 2242 ἀσχέ-

2009 2262 2116 2310 τως
2145 2251 2526 2316 ὲκκεκλικὰτας
2553 2255 2687 2325 πρὸς
2714 2256 2926 2327 ἡδονάς·
2964 2258 3105 2312 κατά
3137 2260 3215 2323 τὸ,
3245 2260 3448 2315 Ἵπποι
3473 2263 3595 2330 θη-

2009 2339 2295 2404 λυμανεῖς
2318 2340 2695 2411 ἐγενήθησαν
2716 2361 2730 2375 ⁸
2760 2345 3022 2413 ἕκαστος
3057 2348 3154 2402 ἐπὶ
3182 2348 3296 2417 τὴν
3321 2351 3590 2420 γυναῖκα

2009 2427 2116 2481 τοῦ
2147 2433 2415 2496 πλησίον
2457 2435 2640 2488 αὐτοῦ
2664 2436 3052 2506 ὲχρεμέτιζεν.

2079 2518 2162 2572 Σὺ
2193 2521 2443 2589 φοϐερὸς
2468 2521 2540 2589 εἷ,
2571 2526 2666 2579 καί
2701 2529 2791 2595 τίς
2818 2529 3247 2596 ἀντιστήσεταῐ
3269 2537 3409 2595 σοις
3447 2531 3588 2587 Ἐὰν

2009 2609 2115 2678 γὰρ
2165 2611 2350 2686 κλείσῃ
2399 2615 2538 2669 κατὰ
2568 2617 2876 2691 ἀνθρώπου,
2929 2621 3012 2686 τίς
3041 2621 3241 2688 ἀνοίξει
3267 2640 3280 2687 ;
3311 2624 3447 2677 κατὰ
3473 2625 3588 2697 τὴν

2019 2698 2238 2755 Ἡσαΐου
2277 2706 2478 2775 φωνήν.

2088 2791 2190 2844 Ἐκ
2221 2794 2329 2849 τοῦ
2361 2799 2618 2866 οὐρανοῦ
2651 2801 2976 2869 τἰκούτισας
3003 2806 3222 2873 κρίσιν.
3281 2809 3579 2880 Οὐδεμίαν,

2004 2882 2188 2952 φησὶν,
2228 2885 2523 2956 ἀπολογίαν
2576 2889 2754 2956 ἕξουσι
2801 2894 3172 2966 κολαζόμενοι·
3229 2901 3580 2972 προεκήρυξε

352 2971 726 3037 praenuntiavit
771 2975 914 3028 enim
948 2975 1054 3031 illis
1093 2993 1214 3047 qua:
1245 2979 1486 3034 divinum
1515 2982 1746 3041 tribunal
1779 3000 1903 3054 spe-

2019 2969 2110 3042 ινὰρ
2149 2973 2331 3037 αὐτοῖς
2354 2974 2422 3028 τά
2456 2977 2583 3049 περὶ
2616 2979 2710 3032 τοῦ
2747 2979 2887 3034 θείου
2917 2969 3284 3057 δικαστηρίουξ
3317 2969 3582 3058 Pii-esco-

349 3069 517 3114 ctant.
567 3059 728 3115 Terra
759 3067 990 3133 tremuit,
1036 3077 1086 3120 et
1113 3045 1336 3138 quievit.
1365 3068 1582 3126 Terram
1631 3073 1721 3129 hic
1744 3085 1902 3131 vocat

2019 3059 2174 3129 ἴήθη,
2210 3064 2307 3116 καὶ
2336 3045 2637 3134 ἡσύχασε.
2684 3068 2792 3139 Γῆν
2853 3070 3086 3126 ἐνταῦθα
3119 3045 3296 3129 πᾶσαν
3328 3045 3434 3130 των
3463 3045 3576 3129 άν-

349 3161 516 3206 totam
550 3152 828 3209 hominum
877 3167 1148 3223 naturam,
1181 3177 1304 3230 quae
1343 3170 1469 3218 tunc
1507 3163 1896 3224 reformidabit.

345 3238 515 3296 Nemo
547 3242 691 3297 enim
719 3252 848 3299 tunc
872 3246 975 3301 erit
1001 3247 1131 3318 quin
1158 3249 1523 3318 pertimescat,
1551 3252 1640 3306 illa
1666 3254 1900 3312 instante

343 3331 450 3387 die.

415 3419 570 3491 [Cum
618 3423 793 3488 enim,
834 3427 1039 3496 inquit,
1072 3427 1214 3486 Deus
1243 3431 1320 3486 sis
1348 3433 1608 3501 caelestis,
1641 3437 1896 3506 judicasti

339 3523 391 3565 rt
417 3513 680 3582 judicium
717 3515 890 3573 iecisti
932 3520 1312 3589 manifestum,
1349 3524 1496 3581 ultus
1527 3527 1777 3587 inimicos
1803 3530 1896 3588 Je-

340 3604 665 3678 rusolyrnauj

411 3690 492 3746 10.
521 3692 651 3748 Cum
693 3709 989 3769 exsurgeret
1023 3702 1078 3755 in
1113 3702 1382 3772 judicium
1413 3705 1586 3775 Deus,
1633 3719 1692 3763 ut
1723 3711 1892 3769 salvos

338 3782 527 3847 faceret
570 3801 742 3842 omnes
787 3801 1085 3845 mansuetos
1134 3803 1308 3871 terrae.
1349 3795 1637 3864 Divinum,
1687 3802 1892 3871 inquit,

338 3868 568 3930 tribunal
597 3878 891 3946 mansuetis
919 3879 1144 3935 salutem
1175 3861 1410 3939 tribuet:
1439 3861 1892 3957 quemadmodum

336 3972 520 4014 revera
549 3965 808 4033 supplicia
837 3969 982 4023 dabit
1007 3975 1401 4042 peccatoribus.

403 4114 488 4170 Η.
543 4117 804 4183 Quoniam
835 4125 1084 4192 cogitatio
1131 4129 1355 4184 hominis
1390 4135 1725 4203 conﬁtebitur
1772 4139 1887 4195 tibi.

332 4203 601 4264 Sistemur
631 4221 756 4266 ante
782 4214 1108 4272 horrendum
1140 4220 1269 4275 illud
1301 4224 1556 4289 tribunal,
1582 4243 1687 4283 non
1712 4231 1889 4288 solum

327 4298 394 4354 de
427 4301 492 4358 iis
521 4319 641 4373 qua:
671 4303 918 4374 fecimus,
948 4309 1041 4364 sed
1080 4313 1242 4367 etiam
1278 4315 1344 4371 de
1375 4317 1441 4372 iis
1473 4334 1592 4388 qua:
1631 4323 1890 4393 cogitavi-

329 4406 468 4455 mus,
507 4395 770 4450 rationem
800 4396 1000 4456 daturi.
1032 4401 1098 4456 Et
1127 4404 1363 4476 reliquiae
1391 4412 1721 4482 cogitationis
1750 4415 1887 4471 diem

326 4480 512 4546 festum
542 4496 693 4554 agent
729 4489 845 4544 tibi.
880 4489 1142 4562 Reliquiae
1175 4480 1520 4570 cogitationis
1546 4516 1672 4560 sunt
1700 4508 1886 4577 puriﬁ-

323 4581 441 4625 cata
485 4579 758 4645 cogitatio,
789 4582 842 4634 in
884 4600 950 4638 eo
997 4589 1140 4656 quod
1190 4593 1464 4648 residuum
1509 4597 1613 4651 erit
1656 4613 1750 4667 per
1783 4601 1886 4655 ele-

322 4663 552 4716 ctionem
594 4667 798 4734 gratim.
831 4669 887 4723 Si
926 4672 1089 4742 igitur
1135 4677 1227 4732 illo
1259 4689 1496 4749 tempore
1533 4663 1673 4749 pura
1701 4683 1886 4752 depre-

322 4750 588 4807 hendatur
618 4758 875 4826 cogitatio
916 4777 1056 4827 esse,
1085 4773 1215 4821 tunc
1249 4768 1553 4826 festivitatis
1579 4782 1684 4828 tua:
1712 4750 1881 4843 parti-

319 4855 444 4912 ccps
473 4845 595 4901 erit.

390 4932 676 5006 [Quoniam
710 4940 959 5011 cogitatio
982 4944 1206 4999 hominis
1233 4950 1564 5019 conﬁtebitur
1594 4955 1706 5008 tibi.
1731 4955 1878 5023 Quo-

319 5027 462 5083 niam
497 5033 676 5087 omuis
709 5032 912 5104 lingua,
939 5037 1117 5091 omnis
1155 5039 1431 5109 cogitatio,
1464 5057 1624 5099 omne
1655 5047 1875 5103 ratioci-

316 5119 466 5174 nium
533 5124 876 5181 conﬁtebitur
936 5126 1164 5184 Domino
1230 5131 1284 5185 in
1349 5141 1591 5202 tempore
1646 5137 1871 5206 judicii,

313 5212 532 5277 quando
561 5216 722 5270 etiam
755 5220 965 5274 oceulta
1003 5220 1054 5275 in
1086 5222 1360 5290 publicum
1389 5224 1778 5300 proferentur.]

383 5301 471 5355 12.
513 5303 697 5361 Vovete
734 5318 784 5362 et
830 5311 1030 5367 reddite
1064 5313 1286 5369 Domino
1316 5315 1424 5371 Deo
1454 5328 1637 5373 vestro.
1668 5321 1747 5375 Ad
1781 5337 1873 5377 co-

311 5388 667 5450 hortationem
721 5414 900 5455 sermo
949 5405 1297 5459 convertitur.
1345 5407 1642 5476 Quoniam,
1675 5411 1868 5483 inquit,

382 5567 641 5624 "’Jcrcm.
672 5588 722 5634 v,
756 5572 805 5626 8.
885 5574 929 5607 "
969 5575 1070 5630 lsa.
1113 5579 1356 5645 “11,22.

2001 3150 2232 3223 θρώπων
2257 3155 2354 3226 τὴν
2380 3156 2541 3225 φύσιν
2557 3159 2739 3229 φησὶν,
2765 3161 2798 3231 ἢ
2830 3162 2922 3215 καὶ
2948 3162 3202 3218 δειλιάσει
3222 3166 3361 3219 τότε.
3383 3167 3576 3234 Οὐδεὶς

1999 3242 2104 3315 γὰρ
2144 3245 2291 3299 ἔσται
2323 3248 2442 3300 τότε
2477 3248 2536 3312 ὃς
2569 3251 2628 3302 οὐ
2665 3251 2949 3323 φοϐηθείη,
3000 3255 3215 3327 ἐκείνης
3272 3259 3575 3330 ἐπιστάσης

1996 3334 2095 3405 τῆς
2123 3337 2352 3408 ἡμέραςο

2069 3427 2350 3499 [Οὑράνιος
2377 3431 2504 3501 γὰρ,
2550 3435 2702 3504 φησι,
2740 3433 2871 3499 Θεὸς
2905 3435 3000 3500 ὢν,
3036 3437 3277 3510 ἔκρινας,
3326 3441 3420 3492 καὶ
3463 3442 3570 3513 τὴν

1997 3518 2176 3588 κρίσιν
2216 3521 2474 3592 ἐποίησας
2514 3523 2750 3596 ἔνδηλον,
2782 3529 3100 3600 τιμωρήσας
3130 3530 3253 3592 τοὺς
3280 3531 3564 3602 πολεμίους

1994 3613 2095 3682 τῆς
2133 3612 2538 3687 Ἰερουσαλήμ]

2059 3701 2163 3767 Εἰς
2213 3703 2279 3755 τὸ
2324 3704 2656 3774 ἀναστῆναι
2691 3710 2778 3772 εἰς
2830 3711 3032 3777 κρίσιν
3085 3715 3190 3767 τὸν
3235 3716 3401 3778 Θεὸν,
3451 3714 3563 3769 τοῦ

1993 3789 2187 3844 σῶσαι
2242 3793 2472 3859 πάντας
2519 3796 2660 3861 τοὺς
2700 3798 2903 3864 πραεῖς
2946 3801 3055 3869 τῆς
3110 3802 3242 3872 γῆς,
3289 3804 3361 3856 Τὸ
3397 3804 3559 3869 θεῖον,

1994 3882 2146 3950 φησι,
2179 3881 2525 3956 δικαστήριον
2545 3891 2657 3950 τοῖς
2684 3891 2910 3958 πραέσιν
2957 3893 3220 3946 ἀποδώσει
3250 3895 3349 3966 τὴν
3386 3912 3562 3966 σωτηον

1997 3970 2136 4040 ρίαψ
2168 3970 2356 4044 ὥσπερ
2382 3974 2574 4045 ἀμέλει
2614 3977 2708 4030 καὶ
2763 3982 2875 4042 τοῖς
2899 3982 3239 4053 ἁμαρτωλοῖς
3273 3985 3368 4050 τὰς
3397 3985 3553 4040 κολά-
3579 3997 3585 4002 ’

1994 4077 2106 4124 σεις
2138 4062 2478 4119 ἀποδίδωσιν.

2063 4154 2189 4207 Ὀτι
2219 4154 2500 4226 ἐνθύμιον
2537 4159 2848 4228 ἀνθρώπου
2885 4163 3391 4236 ἐξομολογήσεται
3431 4185 3548 4224 σοι.

1995 4245 2456 4318 Παραστησόμεθα
2510 4252 2567 4303 ἐν
2618 4253 2809 4325 ἐκείνῳ
2848 4255 2925 4326 τῷ
2977 4257 3192 4328 φοϐερῷ
3237 4258 3456 4329 βήματι,
3487 4261 3548 4314 οὐ

1994 4335 2151 4405 μόνον
2205 4330 2279 4391 ὧν
2313 4339 2654 4412 ἐπράξαμεν,
2691 4345 2829 4400 ἀλλὰ
2891 4348 2984 4400 καὶ
3041 4343 3115 4402 ὧν
3158 4349 3549 4424 βεϐουλεύμεθα

1989 4423 2214 4488 εὐθύνας
2242 4427 2650 4500 ἀπαιτούμενοι.
2677 4435 2782 4487 Καὶ
2807 4435 3242 4508 ἐγκατάλειμμα
3268 4423 3546 4510 ἐνθυῂίου

1988 4513 2256 4581 ἑορτάσει
2284 4531 2402 4573 σοι.
2454 4519 2898 4596 Ἐγκατάλειμμα
2930 4529 3184 4600 ἐνθυμίου
3223 4532 3251 4582 ὁ
3282 4534 3546 4607 κεκαθαρ-

1991 4603 2148 4673 μένος
2173 4607 2289 4659 ἐστὶ
2321 4607 2598 4680 λογισμὸς,
2638 4615 2776 4668 κατὰ
2823 4617 2884 4670 τὸ
2910 4618 3116 4689 λεῖμμα
3163 4623 3282 4674 κατ’
3319 4603 3544 4699 ἐκλογην

1985 4693 2224 4764 χάριτος.
2283 4697 2500 4772 Ἐπειδὴ
2528 4702 2593 4755 ἂν
2617 4700 2730 4768 οὖν,
2767 4708 2948 4777 φησὶν,
2978 4711 3036 4764 ἐν
3060 4711 3253 4784 ἐκείνῳ
3273 4715 3350 4786 τῷ
3373 4693 3543 4792 καιριῖ»

1984 4783 2221 4855 καθαρὸς
2256 4787 2452 4858 εὑρέθη
2483 4791 2761 4865 λογισμὸς,
2790 4799 2908 4852 τότε
2943 4800 3007 4873 δὴ
3033 4802 3156 4855 τότε
3202 4783 3419 4878 καὶτῆς

1981 4876 2271 4945 μεταλάϐοι
2297 4880 2512 4952 ἐορτῆς.

2046 4967 2191 5039 [Ὂτι
2219 4970 2470 5043 ἐνθύμιον
2494 4975 2776 5048 ἀνθρώπου
2819 4980 3109 5058 ἐξομολογή
3120 4989 3269 5043 σεταί
3292 5007 3392 5044 σοι.
3424 4994 3538 5047 Ὀτι

1974 5059 2124 5112 πᾶσα
2147 5059 2365 5129 γλῶσσα
2389 5103 2403 5128 ,
2445 5066 2536 5119 καὶ
2571 5069 2678 5132 πᾶς
2709 5069 2963 5144 λογισμὸς
2995 5078 3088 5132 καὶ
3113 5079 3404 5154 ἐνθύμημα
3456 5084 3537 5150 ἐξ·

1974 5150 2362 5222 ομολογήσεται
2392 5156 2470 5225 τῷ
2493 5157 2678 5231 Κυρίῳ
2705 5164 2850 5236 ἐντῷ
2869 5167 2967 5238 τῆς
2984 5171 3214 5241 κρίσεως
3232 5150 3426 5246 καιρῷ,
3453 5179 3534 5230 ὅτε

1980 5241 2072 5293 καὶ
2099 5242 2168 5295 τὰ
2195 5245 2411 5314 κρυπτὰ
2437 5247 2904 5330 θριαμϐεύονται.]

2045 5332 2338 5400 Εῠξασθε,
2398 5341 2496 5394 καὶ
2541 5343 2796 5400 ἀπόδοτε
2827 5351 3021 5417 Κυρίῳ
3067 5353 3144 5418 τῷ
3189 5357 3309 5422 Θεῷ
3352 5358 3528 5427 ὑμῶν.

1992 5422 2110 5475 Ἐπὶ
2141 5429 2452 5499 παραίνεσιν
2476 5436 2503 5488 ὁ
2538 5435 2692 5505 λόγος
2725 5439 3001 5511 τρέπεται.
3063 5445 3274 5521 Ἐπειδὴ
3303 5450 3369 5504 τὰ
3392 5454 3530 5524 εἰρη-
