3778 6276
420 305 527 362 5H

1261 300 1323 366 β.
1366 297 1739 357 ATHANASII
1776 296 1900 359 OPF
1966 298 2147 356 PARS
2182 298 2267 353 Ill.
2308 328 2381 342 -
2417 292 2827 353 EXEGETICA.

3530 292 3657 348 348

422 417 487 471 Ει
513 420 614 471 Ιιοο
644 430 730 470 me
755 414 809 468 in
836 420 1161 470 anxietatem
1191 411 1357 466 annui
1379 412 1737 481 conjiciebat:
1773 427 1840 468 ne
1868 410 1980 465 for-

2078 414 2232 467 τουτό
2264 429 2354 484 μοι
2383 410 2480 483 τὴν
2529 406 2764 478 ἀθυμίαν
2800 403 2984 465 ἐκίνει,
3016 402 3077 456 τὸ
3110 402 3185 473 μὴ
3217 402 3323 473 ἄρα
3356 403 3436 467 είς
3471 402 3532 457 τὸ
3561 404 3661 457 δι-

424 508 561 564 tein
600 514 917 576 perpetuum
949 504 1147 560 deserti
1190 502 1389 562 forent.
1429 502 1835 561 Reminiscehar
1863 504 1984 558 illo-

419 614 543 656 rum
577 598 788 653 dierum
820 597 1194 666 antiquorum.
1501 659 1511 671 υ

492 691 579 747 11.
623 690 749 745 Haec
801 690 1027 744 mutatio
1081 690 1309 742 dextera
1340 684 1569 742 Excelsi.
1599 686 1737 742 Dum
1769 703 1980 744 mecum

422 793 722 843 versarent,
749 777 947 847 inquit,
979 778 1336 847 cogitationes
1368 777 1490 832 illas
1523 778 1588 832 de
1612 778 1796 848 populi
1829 778 1983 848 abje-

420 870 622 935 ctione,
658 885 781 925 sero
804 870 1021 924 tandem
1062 868 1321 935 intellexi,
1369 870 1725 923 mutationem
1765 870 1910 924 illam
1950 885 1981 924 ιι

420 959 578 1015 bonis
615 959 681 1014 ad
715 960 879 1022 mala,
920 975 1040 1029 quae
1062 959 1260 1029 populo
1282 960 1532 1030 contigit,
1562 960 1633 1014 ob
1655 960 1792 1014 nihil
1829 959 1978 1015 aliud

421 1051 689 1115 evenisse,
723 1052 828 1107 nisi
885 1059 1107 1120 propter
1159 1050 1426 1105 Altissimi
1478 1051 1775 1106 dexteram.
1811 1051 1979 1118 Quasi

420 1142 663 1211 apertius
697 1143 933 1197 diceret:
976 1141 1207 1212 Propter
1235 1156 1299 1196 ea
1334 1157 1455 1211 qua:
1494 1152 1682 1197 contra
1728 1142 1978 1198 Salvato-

419 1249 534 1289 rem
568 1233 869 1300 Christum,
901 1234 995 1304 qui
1030 1244 1114 1289 est
1151 1234 1373 1289 dextera
1404 1233 1603 1300 Patris,
1629 1234 1770 1291 facta
1796 1243 1944 1292 sunt.

490 1412 577 1467 12.
614 1413 752 1479 Quia
776 1430 970 1468 memor
1002 1429 1090 1467 ero
1120 1413 1185 1466 ab
1217 1413 1369 1467 initio
1395 1413 1717 1469 mirabilium
1745 1423 1975 1470 tuorum.

416 1500 683 1573 Cogitavi,
738 1503 933 1573 inquit,
983 1511 1189 1573 quanta
1231 1504 1366 1573 ipsis
1396 1505 1544 1560 bona
1603 1505 1875 1574 tribuerit,
1924 1515 1979 1561 et

417 1591 597 1662 qualia
635 1592 875 1648 vicissim
925 1593 1208 1648 intulerint
1249 1595 1297 1649 ei
1338 1596 1501 1650 mala.
1804 1576 1819 1591 f

487 1683 574 1738 15.
611 1682 681 1737 Et
730 1685 1019 1740 meditabor
1061 1687 1116 1739 in
1159 1687 1398 1743 omnibus
1423 1688 1665 1757 operibus
1705 1689 1831 1743 tuis.
1860 1687 1971 1744 Etsi

415 1772 560 1826 enim
588 1773 662 1827 illi
684 1774 758 1828 ita
788 1789 847 1830 se
872 1776 1159 1845 gesserint,
1215 1785 1271 1830 at
1298 1791 1399 1847 ego
1443 1792 1508 1831 ea
1558 1793 1680 1847 qua:
1723 1778 1792 1832 ab
1818 1778 1974 1834 initio

416 1861 573 1918 nobis
598 1864 877 1919 contulisti
904 1864 1166 1920 beneﬁcia
1186 1866 1252 1921 ad
1272 1865 1431 1920 tinem
1458 1882 1630 1936 usque
1654 1870 1970 1925 recensebo:

416 1952 469 2006 Id
497 1962 601 2016 est,
648 1955 860 2013 nullum
915 1971 980 2012 ex
1033 1957 1190 2012 nobis
1248 1956 1462 2013 collatis
1493 1958 1655 2015 bonis
1712 1959 1973 2016 oblivioni

413 2042 646 2098 tradam.

487 2134 573 2189 14.
619 2135 776 2200 Deus,
808 2138 863 2191 in
910 2147 1092 2192 sancto
1128 2139 1213 2194 via
1249 2150 1362 2195 tua.
1396 2140 1657 2197 Sanctum
1689 2152 1845 2199 vocat
1879 2157 1974 2200 aut

412 2226 808 2282 sanctiﬁcatum
855 2231 1226 2298 apostolorum
1280 2233 1533 2300 chorum,
1587 2235 1806 2305 quicum
1856 2246 1972 2291 stu-

410 2318 585 2387 penda
612 2318 698 2373 illa
735 2327 790 2374 et
816 2320 998 2375 divina
1032 2321 1188 2392 signa
1218 2324 1442 2390 edebat;
1502 2334 1596 2380 aut
1635 2326 1762 2396 quia
1810 2343 1971 2384 nemo

409 2418 588 2477 potest
615 2410 799 2466 venire
823 2412 889 2467 ad
923 2412 1132 2468 Patrem
1159 2415 1263 2470 uisi
1302 2431 1397 2485 per
1430 2415 1731 2485 Christum,
1763 2420 1856 2490 qui
1887 2436 1966 2476 re.

407 2515 532 2564 vera
566 2513 794 2559 sanctus
823 2513 928 2571 est,
954 2514 1138 2575 utpote
1177 2505 1339 2563 Deus.
1384 2508 1514 2575 Quis
1566 2510 1707 2565 Deus
1750 2528 1969 2583 magnus

406 2590 544 2645 sicut
575 2591 710 2646 Deus
732 2605 909 2648 noster
933 2597 959 2649 .9
996 2594 1262 2653 Omnibus
1289 2599 1594 2666 antecellis,
1627 2615 1661 2656 ο
1694 2600 1924 2657 Domine
1951 2622 1964 2658 :

407 2683 557 2739 solus
590 2685 883 2755 enimqna:
915 2688 998 2742 vis
1028 2690 1299 2744 mirabilia
1328 2692 1594 2759 operaris.

476 2772 565 2827 16.
605 2773 893 2831 Redemiin
944 2779 998 2832 iu
1034 2778 1247 2834 brachio
1279 2790 1367 2834 tuo
1409 2782 1657 2851 populum
1707 2791 1876 2850 tuum,
1903 2786 1970 2855 [i-

404 2861 504 2916 lios
535 2862 701 2918 Iacob
739 2878 789 2920 et
813 2866 1027 2939 Ioseph.
1062 2871 1201 2941 Ipsis
1238 2873 1380 2926 enim
1431 2874 1622 2943 primis
1654 2875 1970 2945 prtedicavit

402 2951 757 3024 Evangelium
799 2962 954 3031 regni
988 2962 1274 3019 caelorum.
1311 2962 1602 3020 Bracbium
1639 2964 1875 3038 Domini,
1912 2970 1966 3026 id

398 3055 484 3102 est
504 3045 780 3104 Christus.

486 3138 571 3192 17.
612 3138 865 3195 Viderunt
920 3153 968 3198 te
1013 3162 1184 3216 aquae,
1232 3146 1394 3214 Deus,
1449 3160 1500 3205 et
1550 3153 1856 3213 timuerunt.
1901 3154 1969 3211 Et

399 3230 750 3298 quandonam
782 3248 938 3303 aqua:
970 3236 1213 3294 videntes
1244 3241 1565 3309 timuerunt,
1606 3246 1710 3300 nisi
1745 3248 1965 3316 quando

398 3335 551 3377 mare
575 3324 873 3395 increpavit
901 3336 954 3382 et
986 3330 1300 3386 obmutuit?

469 3411 558 3467 18.
603 3412 789 3470 Vocem
830 3418 1084 3473 dederunt
1114 3422 1290 3476 nubes.
1343 3423 1553 3480 Etenim
1605 3429 1813 3498 sagith
1857 3440 1964 3485 tute

397 3512 693 3560 transeunt.
730 3505 914 3565 Nubes
936 3510 1025 3566 hic
1070 3521 1226 3567 vocat
1256 3525 1479 3572 sanctos
1531 3520 1826 3588 apostolos,
1868 3523 1963 3593 qui

395 3601 674 3657 ctelestem
712 3612 766 3658 et
794 3606 1167 3676 evangelicum
1206 3623 1514 3666 sermonem
1553 3612 1957 3671 administrant.

397 3691 637 3764 Sagittas
670 3705 850 3752 autem
888 3707 1047 3755 vocat
1098 3702 1445 3770 operationes
1479 3705 1654 3760 sancti
1699 3704 1957 3777 Spiritus.

394 3783 627 3841 Perinde
656 3787 823 3857 igitur
841 3799 926 3846 est
955 3807 1019 3847 ac
1034 3792 1092 3864 ,εἰ
1119 3792 1323 3850 diceret
1357 3814 1371 3849 :
1405 3796 1761 3867 Operationes
1788 3800 1840 3853 in
1870 3799 1959 3854 di-

393 3876 620 3945 scipulis
650 3879 758 3935 tuis
794 3881 973 3948 editae,
1011 3899 1108 3953 per
1135 3894 1307 3940 totum
1349 3888 1537 3943 orbem
1573 3890 1772 3945 audita:
1810 3900 1956 3946 sunt.

393 3964 691 4024 Sciendum
722 3980 902 4028 autem
936 3975 1116 4044 ipsum
1137 3976 1417 4033 Christum
1445 3981 1695 4047 sagittam
1728 3982 1956 4036 electam

391 4058 535 4126 apud
597 4057 792 4115 Isaiam
853 4064 1175 4133 prophetam
1225 4080 1597 4139 nuncupatum
1660 4071 1831 4126 fuisse
1878 4073 1950 4127 ⁸⁷.

402 4146 514 4202 Vox
545 4152 769 4207 tonitrui
802 4154 881 4207 tui
932 4156 986 4210 in
1033 4167 1172 4213 rota.
1232 4158 1458 4215 Tonitru
1501 4161 1636 4217 dicit
1679 4166 1953 4234 evangeli-

386 4256 513 4296 cum
544 4259 875 4309 sermonem,
900 4250 993 4318 qui
1041 4265 1134 4319 per
1173 4259 1345 4307 totum
1380 4254 1568 4309 orbem
1605 4256 1957 4314 vehementer

387 4332 651 4388 insonuit.
686 4334 1059 4402 Quamobrem
1083 4342 1492 4412 evangelistam,
1519 4344 1692 4401 tilium
1728 4349 1954 4404 tonitrui

2084 505 2278 576 ηνεκές
2307 503 2486 557 αὐτῶν
2510 504 2543 571 ἠ
2573 496 2888 568 ἀποστροφὴ
2911 496 3156 567 γένηται.
3196 495 3663 568 ’Υπεμιμνησκό-

2087 608 2193 663 μην
2221 591 2443 648 ἐκείνων
2470 589 2578 643 τῶν
2619 587 2859 642 παλαιῶν
2884 586 3123 658 ἡμερῶν.

2150 684 2311 752 Αὕτη
2357 684 2396 752 ἡ
2448 682 2773 746 ἀλλοίωσις
2804 678 2915 748 τῆς
2938 678 3140 747 δεξιᾶς
3182 680 3290 736 τοῦ
3325 680 3662 748 Ὑψίστου.

2081 774 2282 838 Κινῶν,
2314 774 2468 845 φησι,
2497 773 2624 837 τοὺς
2640 773 2767 844 περὶ
2790 772 2889 842 τῆς
2929 771 3199 842 ἀποϐολῆς
3224 772 3318 826 τοῦ
3345 773 3525 839 ἔθνους
3559 774 3669 827 λο-

2081 868 2329 937 γισμοὺς,
2365 865 2463 935 ὀψέ
2507 881 2635 919 ποτε
2677 864 2901 934 συνῆκα,
2929 864 3065 935 ὠςὴ
3116 865 3383 937 μεταϐολὴ
3427 867 3567 938 αὕτη
3612 870 3664 938 ἡ

2081 958 2140 1023 ἐξ
2167 958 2384 1027 ἀγαθῶν
2412 960 2491 1022 είς
2527 956 2672 1011 κακὰ
2725 958 3062 1028 γεγενημένη
3102 957 3178 1028 τῷ
3214 958 3352 1012 ἔθνει
3376 959 3441 1013 δι’
3486 960 3665 1013 οὐδὲν

2079 1050 2263 1122 ἓτερον
2291 1050 2576 1119 γεγένηται
2608 1048 2641 1119 ἦ
2667 1048 2753 1101 διὰ
2777 1047 2872 1118 τὴν
2900 1047 2992 1101 τοῦ
3032 1048 3285 1118 Ὑψίστου
3313 1050 3510 1115 δεξιάν.
3555 1052 3667 1115 Ὠς

2079 1144 2129 1195 εί
2160 1143 2485 1212 σαφέστερον
2515 1140 2719 1208 ἔλεγεν·
2745 1138 2841 1191 Διὰ
2864 1139 2930 1192 τὰ
2956 1140 3097 1194 κατά
3116 1141 3212 1198 τοῦ
3238 1142 3485 1212 Σωτῆρος
3506 1144 3669 1214 Χρι-

2083 1234 2205 1288 στοῦ
2244 1233 2626 1305 πεπραγμένα,
2669 1234 2727 1295 ὃς
2767 1233 2882 1287 ἐστι
2911 1231 3060 1297 δεξιὰ
3096 1233 3189 1286 τοῦ
3213 1234 3444 1306 Πατρός.

2149 1412 2275 1467 Ὀτι
2302 1415 2728 1481 μνησθησομαι
2771 1410 2891 1468 ἀπὸ
2922 1409 3027 1479 τῆς
3055 1411 3251 1481 ἀρχῆς
3276 1412 3396 1466 τῶν
3418 1416 3670 1482 θαυμα-

2076 1503 2227 1556 σίων
2256 1518 2390 1556 σου.
2445 1503 2747 1573 Ἐνενόησα,
2784 1504 2966 1573 φησιν,
3025 1504 3124 1557 ὅσα
3152 1502 3313 1566 αὐτὸς
3337 1503 3517 1567 αὐτοῖς
3560 1507 3670 1559 ἐν-

2076 1592 2310 1659 εδείξατο
2334 1594 2535 1664 ἀγαθὰ,
2555 1591 2642 1649 οἶα
2669 1595 2726 1648 δὲ
2747 1594 2895 1665 αὐτῷ
2916 1594 3303 1649 ἀνταπέδωκαν
3329 1595 3493 1649 κακά.

2144 1686 2249 1741 Καὶ
2267 1685 2580 1755 μελετήσω
2632 1686 2701 1740 ἐν
2727 1685 2877 1742 πᾶσι
2903 1686 3026 1753 τοῖς
3053 1686 3249 1755 ἔργοις
3287 1701 3425 1741 σου.
3455 1688 3517 1741 Ei
3548 1688 3669 1740 καὶ

2074 1776 2263 1842 οὕτως,
2297 1777 2477 1848 φησιν,
2526 1777 2742 1841 ἐκεῖνοι,
2794 1776 2907 1830 ἀλλ’
2949 1776 3059 1846 ἐγὼ
3105 1777 3213 1831 ἀπὸ
3234 1777 3333 1848 τῆς
3360 1776 3539 1848 ἀρχῆς
3567 1770 3669 1831 ὧν

2074 1870 2153 1933 είς
2184 1872 2327 1941 ἡμᾶς
2352 1869 2498 1941 ἦρξω
2520 1868 2866 1940 εὐεργεσιῶν,
2896 1868 3059 1941 μέχρι
3082 1869 3268 1932 τέλους
3295 1868 3666 1942 διεξέλθοιμι·

2071 1960 2363 2024 τουτέστιν,
2384 1960 2533 2014 οὐδὲν
2555 1960 2661 2013 τῶν
2686 1962 2743 2013 ἐν
2757 1963 2892 2031 ἡμῖν
2911 1977 3109 2033 γεγενη
3118 1941 3301 2034 μένων.
3312 1962 3490 2018 καλῶν
3500 1962 3666 2035 λήθῃ

2074 2052 2323 2126 παραδῶ.
3124 2064 3127 2069 ’

2152 2143 2204 2196 '0
2231 2142 2392 2210 Θεὸς,
2431 2143 2501 2198 ἐν
2525 2144 2603 2210 τῷ
2645 2144 2791 2213 ἁγίῳ
2816 2146 2853 2213 ἡ
2904 2143 3045 2210 ὁδός
3072 2160 3207 2200 σου.
3247 2145 3435 2215 ’Δγιόν
3472 2162 3665 2216 φησιν

2070 2233 2104 2305 ἦ
2133 2235 2224 2287 τὸν
2272 2234 2602 2306 ἡγιασμένον
2631 2235 2736 2288 τῶν
2765 2235 3076 2289 ἀποστόλων
3115 2235 3294 2308 χορὸν,
3347 2236 3461 2307 μεθ’
3484 2236 3547 2289 ὃν
3573 2232 3664 2309 ἦν

2072 2326 2333 2379 ἐπιτελῶν
2383 2326 2480 2391 τὰς
2530 2326 2860 2398 παραδόξους
2903 2326 3246 2398 θεοσημείαςο
3278 2328 3311 2399 ἢ
3340 2330 3420 2381 ὅτι
3462 2328 3664 2394 οὐδεὶς

2069 2417 2286 2472 δύναται
2311 2418 2481 2471 ἐλθεῖν
2518 2419 2653 2489 πρὸς
2682 2419 2772 2471 τὸν
2795 2418 3009 2491 Πατέρα
3036 2421 3085 2472 εἰ
3138 2420 3212 2492 μὴ
3255 2419 3343 2474 διὰ
3369 2419 3656 2492 Χριστοῦ,

2069 2511 2127 2573 ὃς
2165 2511 2278 2563 ἐστι
2306 2512 2445 2565 κατά
2471 2510 2727 2582 ἀλήθειαν
2760 2511 2912 2579 ἆγιος
2931 2510 3005 2575 ὡς
3032 2511 3183 2575 Θεός.
3239 2510 3338 2579 Τίς
3372 2512 3517 2577 Θεὸς
3535 2512 3654 2582 μέ.

2069 2617 2179 2670 Tac;
2205 2602 2284 2667 ὠς
2309 2604 2341 2655 ό
2375 2601 2518 2668 Θεὸς
2542 2601 2744 2671 “timor;
2775 2601 2999 2655 Πάντων
3026 2601 3333 2674 ὑπερέχεις,
3366 2602 3626 2658 Δέσποτα

2072 2694 2229 2764 μόνος
2261 2694 2367 2765 γὰρ
2394 2694 2536 2765 ἅπερ
2565 2693 2735 2758 θέλεις
2768 2694 3246 2764 θαυματουργεῖς.
3652 2680 3663 2690 ’

2155 2784 2498 2855 Ἐλυτρώσω
2518 2787 2586 2840 έν
2619 2784 2697 2852 τῷ
2731 2787 3015 2856 ,ϐραχίονι
3043 2802 3157 2840 σου
3188 2788 3290 2839 τὸν
3315 2786 3467 2840 λαόν
3494 2801 3654 2851 σου⁹

2069 2873 2209 2941 τοὺς
2251 2874 2416 2940 υἱοὺς
2468 2873 2677 2929 Ἰακὼό
2704 2874 2801 2927 καὶ
2848 2872 3089 2943 Ἰωσήφ.
3128 2873 3318 2936 Αὑτοῖς
3347 2871 3455 2943 γὰρ
3486 2870 3656 2943 πρώ-

2067 2982 2181 3028 τοις
2206 2963 2437 3035 ἐκήρυξε
2463 2964 2522 3017 τὸ
2548 2963 2877 3033 Εὑαγγέλιον
2901 2962 3001 3033 τῆς
3036 2961 3310 3033 βασιλείας
3331 2960 3439 3015 τῶν
3463 2961 3651 3033 οὐρα-

1991 3078 2035 3137 C
2068 3056 2196 3112 νῶν.
2259 3056 2317 3109 Ὁ
2351 3055 2585 3126 βραχίων
2616 3054 2841 3127 Κυρίου,
2870 3054 3142 3108 τουτέστιν
3174 3056 3202 3107 6
3231 3052 3483 3125 Χριστός.

2135 3145 2398 3202 Εἵδοσάν
2441 3162 2515 3200 σε
2566 3145 2773 3208 ὕδατα,
2814 3148 2846 3198 ό
2877 3143 3039 3210 Θεὸς,
3089 3143 3186 3197 καὶ
3225 3142 3647 3211 ἐφοϐήθησαν.

2066 3237 2176 3291 Καὶ
2210 3238 2339 3290 πότε
2368 3236 2528 3290 αὑτὸν
2560 3236 2738 3289 ἰδόντα
2775 3235 3013 3306 ἐφοϐήθη
3044 3235 3110 3288 τὰ
3139 3233 3324 3299 ὕδατα,
3362 3232 3511 3304 ἢὸτε
3537 3234 3650 3286 ἐπ-

2065 3327 2290 3398 ετίμησε
2322 3330 2386 3397 τῇ
2423 3325 2663 3397 θαλάσσῃ
2687 3326 2781 3378 καὶ
2804 3326 3119 3396 melino-:0;

2134 3416 2348 3486 Φωνὴν
2400 3416 2632 3472 ἔδωκαν
2658 3420 2716 3469 αὶ
2756 3415 3020 3485 νεφέλαι.
3076 3414 3188 3468 Καὶ
3236 3415 3346 3485 γὰρ
3368 3413 3439 3468 τὰ
3469 3414 3644 3484 ,βέλη

2063 3524 2179 3563 σου
2205 3508 2675 3578 διαπορεύονται.
2696 3506 2941 3577 Νεφέλας
2968 3507 3024 3559 ἐν
3056 3505 3265 3570 τούτοις
3295 3506 3418 3571 τοὺς
3445 3505 3646 3575 ἁγίους

2061 3601 2386 3663 ἀποστόλους
2442 3599 2575 3671 φησι
2602 3600 2727 3663 τοὺς
2768 3600 2857 3653 τὸν
2885 3598 3133 3670 οὐράνιον
3164 3598 3256 3651 καὶ
3282 3598 3646 3667 εὐαγγελικδν

2060 3692 2436 3755 διακονοῦντας
2466 3691 2641 3760 λόγον’
2667 3690 2794 3763 βέλη
2824 3690 2880 3744 δὲ
2908 3690 3006 3754 τὰς
3037 3690 3313 3762 ἐνεργείας
3347 3689 3441 3742 τοῦ
3473 3691 3641 3759 ἁγίου

2060 3784 2393 3853 Πνεύματος.
2423 3784 2645 3853 Ὅμοιον
2664 3778 2755 3835 οὖν
2781 3782 2913 3835 ὡσεὶ
2939 3782 3166 3852 λέγοιεν·
3190 3784 3254 3835 Δί
3278 3782 3546 3854 ἐνέργειαι
3574 3786 3640 3837 ai

2058 3875 2139 3938 είς
2186 3876 2311 3938 τοὺς
2352 3874 2539 3942 ἁγίους
2588 3890 2681 3926 σου
2720 3873 2964 3945 μαθητὰς
3012 3874 3321 3941 ἐξάκουστοι
3370 3874 3516 3945 πάσῃ
3561 3878 3637 3947 τῇ

2058 3965 2349 4039 οἰκουμένῃ
2377 3965 2683 4035 γεγόνασιν.
2727 3964 2921 4018 ἰστέον
2965 3965 3044 4028 δὲ,
3074 3966 3149 4029 ὡς
3169 3966 3263 4019 καὶ
3288 3965 3448 4029 αὐτὸς
3477 3965 3637 4035 βέλος

2058 4053 2311 4108 ἐκλεκτὸν
2340 4052 2490 4124 παρά
2507 4052 2585 4123 τῷ
2614 4054 2865 4125 προφήτῃ
2891 4054 3086 4125 Ἡσαΐᾳ
3106 4054 3429 4125 ὠνόμασται.
3454 4056 3633 4124 Φωνὴ

2056 4144 2167 4214 τῆς
2197 4142 2464 4212 βροντῆς
2497 4161 2614 4197 σου
2637 4144 2707 4197 ἐν
2738 4141 2816 4208 τῷ
2841 4142 3050 4213 τροχῷ.
3082 4144 3317 4217 Βροντὴν
3349 4145 3439 4198 τὸν
3464 4146 3632 4215 εὐαγ-

2055 4236 2266 4305 γελικδν
2298 4236 2453 4305 λόγον
2497 4235 2661 4306 φησὶ,
2718 4234 2808 4287 τὸν
2847 4240 3342 4305 κατακτυπὴσαντα
3395 4235 3494 4306 τὴν
3529 4237 3626 4290 ὑπ’

2054 4329 2298 4400 οὐρανόν.
2342 4328 2431 4381 Διὸ
2478 4329 2572 4381 καὶ
2613 4328 2704 4380 τὸν
2746 4326 3131 4397 εὐαγγελιστὴν
3171 4329 3284 4382 υἱὸν
3319 4329 3622 4385 ἁπεκάλεσε

385 4425 678 4493 appellavit
709 4428 776 4483 ⁸⁸.
831 4429 1027 4488 Rotam
1067 4411 1247 4490 autem
1284 4436 1416 4492 dicit
1444 4437 1727 4495 hominum
1762 4442 1950 4509 vitam,

2061 4421 2307 4493 βροντῆς.
2353 4420 2558 4493 Τροχὸν
2591 4419 2646 4471 δὲ
2678 4418 2783 4471 τῶν
2830 4418 3127 4489 ἀνθρώπων
3160 4419 3250 4474 τὸν
3294 4419 3404 4490 βίον
3434 4420 3617 4492 φησίν·

386 4523 445 4571 ut
472 4530 538 4571 es
564 4515 846 4577 Ezechiele
896 4524 1140 4581 ediscere
1176 4536 1260 4583 est
1300 4527 1368 4582 ⁸³.
1404 4527 1634 4587 Perinde
1663 4531 1845 4603 itaque
1868 4544 1952 4594 est

385 4618 449 4659 ac
485 4606 530 4660 si
566 4607 811 4665 diceret:
851 4612 1044 4673 Semo
1081 4626 1207 4673 tuus
1258 4622 1605 4691 evangelicus
1638 4627 1735 4679 toti
1767 4626 1946 4684 homi-

386 4712 517 4751 num
546 4702 733 4769 generi
761 4705 994 4762 traditus
1017 4716 1120 4764 est.
1154 4709 1452 4769 “luxerunt
1476 4716 1692 4787 fulgura
1715 4728 1806 4773 tua
1830 4723 1949 4774 orbi

382 4799 559 4844 terra.
590 4789 917 4863 Ecquaanam
953 4797 1168 4868 fulgura
1197 4801 1419 4869 fuerint,
1446 4808 1553 4862 nisi
1577 4824 1639 4863 ea
1670 4826 1793 4878 qua:
1834 4812 1941 4879 spi-

381 4881 566 4941 rituali
601 4898 702 4939 nos
750 4885 957 4942 lumine
1006 4889 1305 4958 illustrant,
1345 4897 1519 4952 sancti
1569 4899 1778 4954 scilicet
1824 4915 1946 4969 apo-

379 4974 504 5031 stoli
539 4988 594 5032 et
642 4978 1031 5049 evangelista?
1088 4983 1292 5051 quibus
1345 4986 1595 5049 Salvator
1626 4992 1799 5046 dixit:
1844 4993 1944 5055 Vos

377 5073 505 5127 estis
545 5073 639 5131 lux
683 5075 865 5130 mundi
892 5076 959 5129 “.
992 5075 1268 5133 Commota
1299 5092 1376 5134 est
1411 5092 1461 5136 et
1506 5089 1820 5143 contremuit
1850 5100 1927 5147 tet?

379 5179 462 5218 ra.
495 5163 662 5231 Quasi
693 5168 856 5233 dicat,
888 5169 1086 5225 Audita
1121 5180 1204 5226 est
1224 5173 1294 5228 ab
1321 5175 1577 5233 omnibus
1626 5179 1809 5234 orbem
1853 5182 1938 5235 in-

378 5255 684 5313 colentibus
721 5259 980 5317 salutaris
1023 5263 1338 5332 praedicatio
1368 5305 1383 5331 ,
1422 5281 1520 5336 per
1553 5284 1716 5338 quam
1756 5282 1941 5327 castus

380 5346 547 5402 timor
583 5363 776 5407 omnes
813 5356 1122 5426 occupavit,
1171 5355 1324 5428 juxta
1378 5359 1508 5416 illud
1538 5380 1552 5416 :
1588 5361 1788 5418 Servite
1832 5365 1940 5419 Do-

379 5432 519 5494 mino
545 5442 597 5496 in
620 5444 824 5513 timore,
853 5458 902 5503 ct
924 5450 1185 5509 exsultate
1205 5451 1253 5504 ei
1284 5468 1402 5507 cum
1435 5462 1657 5509 tremore
1696 5455 1769 5515 ⁸³.

453 5689 497 5720 ⁸⁷
526 5686 630 5746 lsa.
666 5708 807 5757 xm,
840 5693 888 5748 2.
989 5693 1033 5726 ’⁸⁸
1060 5692 1224 5752 Marc.
1252 5711 1333 5762 ιιι,
1368 5698 1448 5753 l7.

2056 4515 2131 4580 ὡς
2173 4515 2265 4569 καὶ
2298 4515 2362 4567 ὲκ
2408 4513 2500 4566 τοῦ
2543 4512 2800 4583 Ἱεζεκιὴλ
2834 4513 2947 4566 ἔστι
2997 4514 3206 4583 μαθεῖν.
3260 4514 3477 4584 Ὅμοιον
3525 4512 3619 4569 οὖν

2054 4608 2186 4663 ὡσεὶ
2219 4607 2384 4677 λέγοι·
2423 4608 2479 4659 '0
2515 4607 2670 4674 λόγος
2706 4622 2799 4658 σου
2831 4608 2859 4658 6
2887 4606 3239 4674 εὐαγγελικὺς
3261 4608 3424 4661 παντὶ
3450 4607 3617 4662 διαδέ-

2050 4700 2199 4754 δοται
2221 4699 2541 4771 ἀνθρωπίνῳ
2569 4698 2732 4766 γένει.
2777 4699 3048 4765 Ἐφαναν
3078 4702 3135 4754 al
3181 4700 3474 4767 ἀστραπαί
3501 4717 3612 4754 σου

2050 4790 2126 4859 τῇ
2148 4790 2483 4859 οἰκουμένῃ.
2520 4791 2628 4843 Καὶ
2666 4788 2809 4853 έτίνες
2853 4790 2918 4845 ἂν
2945 4785 3053 4842 εἷεν
3089 4793 3145 4843 αί
3173 4790 3445 4861 ἀστραπαὶ
3494 4791 3525 4861 ἢ
3557 4792 3611 4844 ai

2045 4882 2107 4936 τὸ
2154 4883 2340 4952 νοητὸν
2377 4884 2508 4957 ἡμῖν
2535 4882 2939 4953 ἀστράπτουσαι
2970 4882 3104 4951 φῶς,
3138 4883 3187 4935 οἱ
3211 4883 3352 4951 ἅγιοι
3384 4882 3608 4937 ἀπόστοη

2048 4972 2128 5027 λοι
2181 4958 2276 5024 καὶ
2305 4971 2689 5040 εὐαγγελισταί
2717 4986 2731 5036 ;
2778 4966 2859 5035 οἷς
2894 4970 3076 5040 ἔλεγεν
3102 4973 3130 5024 6
3167 4973 3378 5044 Σωτήρο
3431 4971 3607 5045 Ὑμεῖς

2046 5062 2187 5115 ἐστε
2220 5059 2287 5113 τὸ
2320 5059 2444 5130 φῶς
2477 5061 2584 5115 τοῦ
2632 5061 2879 5129 κόσμου.
2936 5062 3261 5130 Ἐσαλεύθη
3291 5062 3384 5116 καὶ
3415 5061 3606 5131 ἐντρο-

2047 5172 2155 5225 μος
2181 5152 2432 5224 ἐγενήθη
2459 5154 2495 5220 ἡ
2527 5153 2622 5223 γῆ.
2641 5154 2787 5206 ’Λντὶ
2824 5153 2939 5218 τοῦ,
2990 5154 3339 5218 Ἐξάκουστον
3370 5156 3480 5217 τοῖς
3506 5153 3602 5209 ἀνά

2049 5248 2222 5301 πᾶσαν
2249 5246 2348 5319 τὴν
2378 5250 2479 5317 γῆν
2509 5246 2699 5314 γέγονε
2771 5245 2833 5299 τὸ
2858 5248 3117 5318 σωτήριον
3154 5250 3429 5319 κήρυγμα,
3461 5249 3523 5302 δι’
3542 5242 3599 5301 οὗ

2044 5339 2137 5391 καί
2162 5337 2324 5407 φόὸος
2351 5336 2509 5406 ἁγνὸς
2530 5337 2736 5399 πάντας
2766 5336 2943 5402 ἔλαθε,
2972 5338 3110 5392 κατά
3129 5340 3209 5392 τόυ
3236 5343 3602 5395 Δουλευσατσ

2046 5425 2125 5493 τῷ
2178 5427 2369 5495 Κυρίῳ
2422 5428 2491 5482 ἐν
2525 5428 2686 5497 φόϐῳ
2710 5465 2723 5487 ,
2781 5428 2879 5479 καὶ
2924 5429 3295 5497 ἀγαλλιᾶσθε
3335 5430 3491 5498 αὐτῷ
3535 5432 3600 5485 ἐν

2052 5520 2261 5588 τρόμῳ.

1529 5701 1569 5732 ’τ’
1600 5697 1797 5756 Ezccb.
1836 5698 1977 5763 nil).
2055 5699 2099 5729 ὀ
2134 5696 2325 5753 Matth.
2360 5716 2411 5763 ι’,
2450 5699 2529 5755 li.
2572 5702 2612 5733 "
2644 5699 2787 5755 Psal.
2824 5715 2881 5765 tt,
2926 5698 3005 5754 ll.
