3778 6276
167 308 271 408 τις.

1246 333 1609 392 EXPOSITIO
1649 331 1715 387 lN
1750 331 2079 390 PSALMUM
2119 331 2372 387 LXXVII.

3320 327 3429 384 350

244 463 365 520 Ἐν
400 462 484 531 τῇ
515 460 807 526 θαλάσσῃ
835 452 972 521 ὁδός
986 467 1123 519 σου,
1144 451 1241 507 καὶ
1272 453 1331 506 αἱ
1360 452 1541 519 τριϐοι
1567 465 1684 504 σου
1706 448 1767 501 ἐν

1945 446 2035 501 20.
2067 444 2133 499 In
2156 447 2291 499 mari
2330 446 2415 499 via
2465 453 2557 496 tua
2594 450 2645 495 et
2671 443 2872 496 semitae
2895 450 2998 496 tua
3019 440 3073 493 in
3101 438 3251 510 aquis
3286 441 3425 493 mul-

168 556 358 610 ὕόασι
406 549 702 616 πολλοῖς.
747 546 1031 601 Θάλασσαν
1061 542 1158 614 μὲν
1201 541 1293 594 τὸν
1348 540 1569 611 κόσμον,
1609 537 1775 591 ὕδατα

166 653 220 704 δὲ
253 647 451 701 πολλὰ
486 643 563 697 τὰ
592 646 652 696 ἐν
679 638 829 709 αὐτῷ
877 638 1108 706 διάφορα
1139 633 1244 687 τῶν
1273 629 1570 702 ἀνθρώπων
1621 628 1771 698 γένη-

177 736 418 807 Ἐπειδὴ
448 735 516 787 δὲ
546 735 575 787 6
604 729 836 802 Χριστὸς
886 724 1185 779 ἐνετείλατο
1213 722 1385 789 λέγων
1406 723 1516 783 τοῖς
1547 718 1774 772 ἀποστό-

166 830 298 892 λοιςο
336 820 785 892 Πορευθέντες,
816 816 1229 887 μαθητεύσατε
1278 810 1473 865 πάντα
1501 809 1572 863 τὰ
1604 808 1770 875 ἔθνη.

168 921 281 981 καὶ,
356 914 542 971 Ἰδοὺ
570 914 699 983 μεθ’
747 910 913 979 ὑμῶν
968 909 1084 976 ειμι
1125 904 1326 970 πάσας
1372 902 1480 968 τὰς
1531 899 1770 970 ἠμέρας-υ

170 1010 478 1079 διέδραμον
509 1005 568 1057 δὲ
596 1003 695 1074 τὴν
720 1000 809 1055 ὑπ’
832 995 1184 1069 οὐρανὸν,καὶ
1204 990 1471 1064 ἐκήρυξαν
1493 992 1571 1053 είς
1601 990 1775 1043 πάντα

170 1099 230 1149 τὰ
256 1078 431 1166 ἔθνη,
487 1093 744 1152 συνόντος
773 1089 953 1149 αὐτοῖς
985 1085 1228 1155 ἀοράτως
1260 1080 1500 1153 δηλονότι
1527 1078 1618 1132 τοῦ
1666 1080 1773 1130 Κυ-

173 1184 312 1255 piat),
352 1180 526 1235 κατὰ
584 1179 685 1240 τὰς
729 1176 974 1245 ἀψευδεῖς
1012 1171 1174 1226 αὐτοῦ
1208 1167 1554 1239 ἐπαγγελίας·
1586 1165 1770 1219 τούτου

170 1276 332 1345 χαριν
358 1274 649 1342 ἐπήγαγε·
668 1267 777 1325 Καὶ
801 1266 872 1318 τὰ
905 1266 1043 1334 ἴχνη
1068 1279 1182 1316 σου
1210 1263 1281 1315 οὐ
1302 1258 1770 1329 τνωσθήσονται,

166 1367 251 1419 διὰ
283 1366 357 1419 τὸ
392 1350 643 1435 ἀόρατον
677 1363 773 1431 τῆς
809 1358 924 1428 μετ’
970 1354 1148 1411 αὐτῶν
1174 1353 1394 1425 πορείας
1417 1350 1510 1403 τοῦ
1547 1349 1769 1421 Κυρίου.

168 1460 319 1527 Πλὴν
352 1457 465 1510 καὶ
528 1455 689 1525 μόνος
734 1450 895 1513 αὐτὸς
929 1449 1005 1513 ὡς
1036 1447 1167 1510 Θεὸς
1216 1445 1506 1516 ἐποιήσατο
1554 1443 1645 1495 ἐπὶ
1675 1443 1773 1513 τῆς

168 1549 456 1619 αἰσθητῆς
516 1545 791 1614 θαλάσσης
819 1540 917 1613 τὴν
954 1538 1196 1610 πορείαν,
1243 1535 1318 1600 ῶς
1353 1551 1515 1607 φησιν
1553 1536 1581 1588 6
1608 1533 1771 1602 εὐαγ-

169 1642 474 1710 γελιστής-
896 1639 905 1647 ’

248 1733 626 1800 Ὠδὴτ-ησας
650 1729 731 1794 ὡς
763 1725 1025 1795 πρόϐατα
1053 1721 1161 1775 τὸν
1180 1721 1334 1776 λαόν
1356 1730 1492 1772 σου.
1527 1716 1637 1770 Καὶ
1666 1715 1784 1773 ὥσ-¹

171 1843 277 1896 περ
320 1823 603 1894 πρόϐατα
647 1820 747 1873 οὐκ
780 1816 960 1869 εἰδότα
997 1816 1119 1867 ὅποι
1155 1829 1213 1866 τε
1269 1812 1454 1867 ἄπεισι
1502 1811 1595 1864 καὶ
1649 1810 1770 1862 ὅποι

172 1916 530 1987 πορεύεται,
593 1911 765 1971 οὕτως
813 1909 962 1978 ἡμᾶς
1004 1905 1163 1969 αὐτὸς
1208 1905 1412 1974 διῆγες,
1476 1902 1772 1973 ὑπηρέταις

171 2008 311 2080 πρὸς
344 2005 524 2060 τοῦτο
548 2006 662 2067 τοῖς
681 2000 807 2072 περὶ
822 1999 910 2051 τὸν
942 1996 1176 2051 Μωῦσέα
1210 1996 1303 2050 καὶ
1331 1994 1538 2065 Ἀαρὼν
1577 2008 1773 2063 κεχρη-

175 2100 366 2170 μένος.
402 2096 606 2151 Πάντα
660 2093 838 2165 μέντοι
876 2089 983 2143 ἀπὸ
1010 2087 1124 2142 τοῦ’
1167 2087 1501 2158 Ἐμνήσθην
1533 2085 1650 2140 τῶν
1682 2086 1775 2154 ἕρ-

174 2206 295 2257 ςτοογ
360 2185 624 2254 Κυρίου,
690 2181 937 2257 ἀπέδωκε
977 2177 1111 2250 πρὸς
1156 2178 1237 2231 τόι
1296 2175 1638 2246 Ἔμνήσθην
1668 2174 1773 2229 τοῦ

177 2255 356 2342 θεοῦ,
378 2277 491 2331 καὶ
515 2255 1098 2344 εὐρράνθηιλπούτων
1113 2268 1240 2340 γὰρ,
1266 2271 1449 2339 φησὶν,
1475 2269 1776 2337 ὑπομιμνη-

181 2372 492 2442 σκόμενος,
534 2362 957 2436 παρεκαλούμην
975 2362 1072 2432 τὴν
1099 2362 1333 2415 διάνοιαν
1363 2360 1456 2413 καὶ
1488 2358 1772 2429 εὐφραινό-

179 2478 311 2531 μην.
351 2456 597 2512 Ἐννοῶν
651 2454 757 2527 γὰρ
797 2452 897 2505 ὅσα
935 2467 995 2503 τε
1034 2451 1127 2503 καὶ
1159 2443 1246 2503 οἷα
1286 2451 1418 2520 ἡμῖν
1452 2446 1660 2519 ὑπῆρξε
1703 2448 1770 2516 τῇ

179 2554 247 2622 σῇ
285 2548 552 2621 βοηθείᾳ,
583 2544 900 2614 ἐπειθόμην,
928 2541 1002 2605 ὡς
1026 2541 1125 2594 οὐκ
1146 2540 1210 2595 ἄν
1241 2557 1369 2594 ποτε
1398 2539 1633 2593 τοσαῦτα
1673 2555 1773 2590 πε-

181 2640 443 2712 ποιηκὼς
492 2637 589 2690 ἐπὶ
614 2638 678 2706 τῇ
708 2632 950 2704 ἡμετέρᾳ
979 2630 1221 2701 σωτηρίᾳ
1254 2631 1349 2683 καὶ
1385 2632 1452 2701 τῇ
1480 2628 1588 2682 τῶν
1644 2644 1775 2681 κατ-

180 2733 428 2801 εχόντων
454 2728 578 2781 τότε
606 2723 1012 2794 ἀπα).λαγῇ,νῦν
1037 2723 1287 2793 ἀνάσχοιο
1312 2721 1486 2790 πάντη
1508 2719 1775 2790 ὑπεριδεῖν

183 2828 334 2896 ἡμᾶς
368 2826 433 2876 ὲν
480 2819 698 2890 δουλείᾳ
729 2835 787 2871 τε
811 2818 969 2880 ὄντας
998 2816 1091 2869 καὶ
1134 2815 1480 2886 αἰχμαλωσίᾳ
1521 2814 1614 2866 καὶ⁵
1641 2830 1776 2883 συμ-

184 2919 353 2989 φορᾷ.
398 2916 509 2968 Ἔν
549 2910 701 2982 χειρὶ
723 2907 946 2977 Μωϋσῇ
974 2908 1070 2961 καὶ
1107 2905 1345 2975 Ἀαρών.
1377 2906 1447 2958 Σὺ
1478 2905 1658 2969 αὐτὸς,
1682 2921 1778 2975 φη-

190 3010 290 3069 σὶν,
317 3001 371 3060 ὦ
404 3006 671 3064 Δέσποτα,
694 3004 723 3055 6
751 3000 886 3072 μετὰ
915 3000 1021 3054 τῶν
1050 2999 1217 3067 ἁγίων
1246 2996 1553 3051 ἀποστόλων
1581 2995 1772 3059 συνὼν,

1874 540 1965 593 tis.
2000 537 2147 593 Mare
2171 548 2331 593 vocat
2358 538 2643 600 mundum,
2681 550 2853 606 aquas
2878 542 3057 588 autem
3089 533 3307 594 multas,
3344 532 3400 585 di

1872 644 2026 684 versa
2083 630 2135 683 in
2184 643 2249 683 eo
2298 629 2578 684 hominum
2629 643 2850 698 genera.
2913 624 3179 691 Quoniam
3245 634 3423 677 autem

1872 718 2125 775 Christus
2154 719 2405 789 praecepit
2439 718 2696 788 apostolis
2740 716 2930 771 dicens
2954 716 3039 769 "z
3088 713 3286 767 Euntes
3329 713 3428 766 do-

1872 819 1980 863 cete
2011 826 2186 864 omnes
2213 819 2420 879 gentes;
2444 817 2518 876 et,
2554 808 2689 863 Ecce
2726 808 2990 863 vobiscum
3031 822 3147 858 sum
3189 803 3426 857 omnibus

1872 902 2086 965 diebus;
2119 901 2223 971 ipsi
2268 916 2395 957 vero
2442 910 2612 955 totum
2669 896 2856 954 orbem
2912 904 3322 967 percurrerunt,
3372 902 3427 946 et

1872 991 2301 1061 praedicaverunt
2347 990 2598 1045 omnibus
2633 989 2883 1060 gentibus
2905 1028 2920 1053 ,
2973 986 3201 1041 Domino
3230 983 3423 1038 invisi-

1871 1078 2073 1148 biliter,
2111 1082 2409 1139 secundum
2432 1096 2654 1136 veraces
2689 1096 2816 1135 suas
2844 1078 3254 1149 promissiones.
3290 1076 3425 1145 ipsis

1871 1173 2195 1237 assistente;
2223 1171 2345 1226 ideo
2374 1170 2593 1224 intulit:
2626 1167 2697 1221 Et
2728 1167 2941 1236 vestigia
2979 1176 3066 1218 tua
3097 1180 3197 1217 non
3228 1178 3421 1232 cogno-

1871 1271 2100 1328 scentur,
2152 1262 2225 1316 ob
2275 1261 2600 1315 invisibilem
2659 1257 2873 1312 Domini
2910 1268 3255 1325 progressum
3296 1267 3419 1306 cum

1871 1350 2256 1408 eis.C:eterum
2293 1351 2409 1420 ipse
2457 1351 2632 1429 solus,
2681 1332 2868 1418 utpote
2901 1346 3063 1409 Deus,
3114 1345 3258 1400 viam
3291 1342 3421 1400 fecit

1870 1445 1924 1500 in
1956 1444 2095 1499 mari
2121 1441 2388 1510 sensibili,
2423 1450 2483 1497 ut
2504 1440 2579 1496 ait
2614 1438 2967 1510 evangelista.

1869 1721 1906 1783 Ε
1941 1720 2031 1775 21.
2064 1718 2345 1773 Deduxiin
2373 1718 2508 1771 sicut
2540 1732 2654 1771 oves
2675 1714 2924 1785 populum
2959 1722 3125 1767 tuum.
3155 1712 3425 1778 Quemad-

1873 1812 2091 1867 modum
2114 1825 2242 1865 oves
2272 1824 2392 1880 qua:
2421 1808 2672 1863 nesciunt
2701 1822 2809 1876 quo
2862 1804 3063 1860 vadant
3080 1814 3133 1858 et
3166 1803 3255 1858 ubi
3278 1803 3423 1857 ince-

1871 1902 2021 1966 dant,
2060 1901 2142 1956 sic
2200 1915 2300 1956 nos
2346 1900 2462 1970 ipse
2496 1898 2792 1962 deduxisti,
2830 1896 3164 1952 administris
3198 1893 3266 1949 ad
3308 1895 3425 1948 hare

1875 2008 2010 2047 usus
2033 1990 2214 2063 Moyse
2237 2000 2292 2045 et
2317 1991 2549 2045 Aarone.
2578 1988 2769 2043 Omnia
2798 1989 2978 2057 itaque
3005 1986 3179 2040 abhis
3210 1984 3422 2039 verbis:

1873 2084 2075 2138 Memor
2098 2084 2177 2150 fui
2203 2098 2418 2151 operum
2446 2080 2679 2145 Domini,
2722 2077 2887 2134 refert
2919 2078 2985 2131 ad
3016 2076 3181 2131 illud:
3221 2074 3439 2129 Memor

1872 2171 1951 2241 [ui
1975 2168 2091 2233 Dei,
2119 2178 2168 2222 et
2203 2169 2489 2222 delectatus
2515 2184 2652 2221 sum.
2686 2166 2912 2229 Horum,
2952 2165 3147 2235 inquit,
3175 2166 3427 2219 recorda-

1874 2271 1980 2325 tus,
2015 2260 2315 2316 consolatio
2355 2258 2486 2312 mihi
2513 2266 2569 2312 et
2605 2257 2790 2311 laetitia
2821 2256 2942 2311 fuit.
2969 2254 3105 2310 Cum
3136 2256 3280 2310 enim
3310 2270 3427 2309 me-

1872 2368 1994 2408 cum
2024 2359 2333 2421 reputarem
2378 2355 2581 2416 quanta
2640 2357 2695 2400 et
2745 2345 2926 2416 qualia
2963 2346 3120 2401 nobis
3146 2360 3242 2415 per
3271 2345 3428 2399 auxi-

1871 2444 2005 2498 lium
2062 2452 2214 2497 tuum
2262 2438 2599 2505 obvenerint,
2640 2437 2976 2493 conlidebam
3013 2451 3290 2506 nunquam
3338 2434 3425 2489 fu-

1874 2544 2052 2589 turum
2090 2548 2231 2599 esse,
2257 2539 2319 2586 ut
2366 2540 2653 2601 postquam
2695 2543 2794 2599 pro
2822 2537 3007 2585 nostra
3038 2528 3213 2583 salute
3232 2535 3295 2599 et
3325 2540 3426 2597 pro

1872 2625 2190 2681 liberatione
2222 2637 2408 2678 eorum
2443 2621 2536 2691 qui
2567 2621 2697 2676 olim
2744 2619 3124 2675 detinebantur
3165 2626 3314 2672 tanta
3343 2616 3424 2671 ef-

1873 2716 2068 2780 fecisti,
2114 2729 2260 2769 nunc
2311 2712 2455 2768 feras
2483 2721 2540 2767 ut
2589 2711 2857 2781 despicias
2908 2726 3010 2765 nos
3054 2710 3108 2765 in
3143 2709 3423 2772 servitute,

1874 2806 2186 2876 captivitate
2237 2813 2292 2859 et
2346 2803 2653 2860 calamitate
2713 2803 3096 2858 consistentes.
3148 2800 3215 2853 In
3265 2815 3425 2852 manu

1877 2898 2048 2968 Moysi
2073 2907 2121 2952 et
2149 2898 2349 2952 Aaron.
2390 2895 2470 2950 Tu
2500 2897 2634 2977 ipse,
2666 2894 2864 2964 inquit,
2898 2892 3147 2958 Domine,
3182 2891 3274 2961 qui
3318 2894 3426 2945 una

1875 3006 1998 3046 cum
2028 2989 2231 3046 sanctis
2255 2989 2514 3058 apostolis
2543 3003 2622 3051 es,
2657 2987 2786 3051 olim
2824 3000 2917 3055 per
2943 2983 3160 3054 Moysen
3191 2983 3432 3038 eduxisti

186 3100 282 3152 καὶ
317 3097 498 3151 πάλαι
529 3094 661 3149 ποτὲ
689 3093 774 3146 διὰ
812 3093 1083 3154 Μωῡσέως
1125 3088 1388 3160 ἐξήγαγες
1418 3088 1475 3155 ἐξ
1503 3087 1767 3152 Αἰγύπτου

1889 3081 2131 3152 populum
2160 3088 2312 3136 tuum
2347 3095 2415 3135 ex
2444 3078 2701 3150 Egypto,
2727 3076 2959 3132 ducibus
3012 3073 3190 3145 Moyse
3216 3082 3273 3128 et
3291 3105 3297 3112 -
3315 3072 3426 3128 Aa-

186 3190 275 3243 τδν
294 3189 434 3243 λαόν
470 3204 587 3249 σου,
622 3181 1045 3255 στρατηγοῦντος
1072 3180 1345 3241 Μωῦσέως
1365 3180 1459 3232 καὶ
1502 3176 1731 3250 Ἀαρών.

410 3274 726 3340 Συνέσεως
755 3272 835 3338 τῷ
858 3269 1070 3338 Ἀσάφ.
1108 3269 1417 3322 ΨἈΛΜΟΣ.
1440 3268 1563 3319 OZ'.

851 3363 1184 3426 ’Υπόθεσις.

193 3463 403 3517 Τοῦτον
428 3459 547 3532 ᾅδει
569 3458 661 3512 τὸν
681 3456 890 3528 ψαλμὸν
924 3452 1116 3522 Ἀσὰφ,
1136 3450 1214 3522 τῷ
1236 3448 1336 3516 νέῳ
1360 3447 1473 3517 λαῷ
1501 3445 1776 3518 παραινῶν

263 3555 351 3625 τῷ
382 3553 538 3623 νόμῳ
568 3548 853 3621 προσέχειν
878 3545 955 3617 τῷ
970 3539 1326 3613 εὐαγγελικῷ,
1353 3538 1444 3593 τοῦ
1470 3555 1529 3591 τε
1548 3536 1776 3591 παλαιοῦ

266 3624 493 3699 besqu
539 3641 646 3693 τῶν
702 3637 969 3692 Ἰουδαίων
1001 3635 1174 3706 δήμου
1212 3630 1568 3703 κατηγορῶν,
1605 3630 1672 3683 δι’
1717 3624 1777 3685 οὗ

262 3734 446 3788 πολλὰ
469 3730 902 3802 εὐεργετημένοι,
935 3727 1146 3789 οὐδενὸς
1187 3723 1612 3795 ἐμνημόνευσαν,
1655 3721 1782 3793 μᾶλ-

262 3826 363 3878 λον
405 3824 467 3879 δὲ
496 3823 590 3875 καὶ
645 3823 723 3884 είς
760 3819 1062 3874 τούναντίον
1113 3814 1345 3889 ἔτρεψαν
1412 3814 1511 3878 τὰς
1562 3814 1782 3885 εὐχαρι-

264 3917 455 3977 στίας,
486 3911 891 3985 ἀχαριστία-τὸν
921 3909 1212 3980 εὐεργέτην
1235 3906 1601 3979 ἀμειϐόμενοι.

267 4006 636 4076 Προσέχετε,
668 4004 817 4070 λαός
836 4022 979 4073 μου,
1003 4004 1111 4055 τὸν
1136 4001 1322 4070 νόμον
1341 4017 1480 4069 μου.
1514 3997 1623 4051 Καὶ
1645 3996 1782 4067 ποίῳ

200 4102 317 4171 λαῷ
355 4101 391 4172 ῆ
416 4098 496 4169 τῷ
527 4098 586 4163 ἐξ
620 4096 788 4150 ἐθνῶν
828 4097 1111 4167 παραινεῖ;
1139 4092 1250 4146 Καὶ
1278 4091 1413 4161 ποίῳ
1437 4090 1585 4161 νόμῳ
1617 4105 1784 4160 προσ-

1874 3190 2026 3230 me.
2054 3233 2357 3319 Intellectus
2382 3261 2580 3331 Asaph.
2609 3255 2967 3314 PSALMUS.
2998 3254 3146 3310 LXX
3163 3251 3293 3309 γη.

2446 3353 2843 3423 Argumentum.

1875 3448 2030 3506 Ilunc
2055 3448 2203 3504 canit
2234 3448 2503 3518 psalmum
2544 3444 2749 3515 Asaph,
2785 3456 2985 3497 novum
3036 3439 3296 3510 populum
3337 3436 3431 3491 ad-

1946 3554 2196 3605 monens,
2236 3546 2298 3592 ut
2336 3536 2659 3607 evangelica:
2700 3534 2804 3603 legi
2841 3531 3114 3597 attendat;
3153 3529 3436 3600 populum-

1951 3646 2059 3701 que
2109 3630 2261 3684 illum
2320 3628 2603 3697 antiquum
2659 3623 2944 3679 Iudaicum
2996 3629 3237 3680 accusat,
3287 3617 3434 3687 quod

1948 3722 2137 3780 multis
2168 3720 2403 3790 acceptis
2448 3716 2746 3777 beneﬁciis,
2787 3714 2990 3768 nullius
3023 3723 3290 3765 memores
3316 3708 3439 3761 fue-

1956 3814 2091 3876 rint,
2131 3813 2223 3868 sed
2247 3818 2437 3866 contra
2477 3812 2598 3863 loco
2627 3806 2921 3878 gratiarum
2967 3800 3220 3867 actionis,
3250 3799 3438 3869 ingra-

1955 3905 2189 3961 titudine
2211 3901 2510 3958 beneﬁcum
2540 3896 2960 3954 remunerarint.

1952 3999 2004 4053 1.
2041 3994 2324 4056 Attendite,
2354 3991 2541 4064 popule
2568 4006 2734 4055 meus,
2779 3990 2940 4059 legem
2978 3999 3175 4041 meant.
3199 3981 3438 4052 Ecquem

1883 4088 2137 4160 pupulum
2170 4087 2506 4149 cohortatur,
2538 4081 2643 4137 nisi
2687 4080 2781 4150 qui
2805 4094 2873 4135 ex
2903 4077 3163 4148 gentibus
3182 4070 3442 4130 est’oEcw

202 4165 350 4263 ἐχειν
378 4165 812 4261 παρακελεύεται
843 4186 876 4256 ἢ
1027 4182 1397 4254 εὐαγγελικῷ;
1428 4183 1551 4235 ’Ότι
1574 4180 1631 4234 δὲ
1658 4180 1767 4243 λαὸς

1889 4182 1972 4238 cui
1995 4180 2097 4251 legi
2129 4177 2406 4234 attendere
2428 4175 2583 4246 jubet
2628 4173 2733 4229 nisi
2772 4167 3127 4240 evangelicae?
3152 4165 3306 4232 Quod
3338 4179 3440 4263 aue

204 4283 370 4336 αὑτοῦ
397 4281 469 4334 τὰ
492 4280 643 4351 ἔθνη,
671 4282 700 4332 ό
726 4280 1005 4352 προφήτης
1044 4274 1319 4347 Ζαχαρίας
1359 4273 1515 4343 φησί’
1543 4271 1652 4326 Καὶ
1681 4287 1786 4324 κα-

1886 4280 1992 4327 tem
2026 4278 2213 4339 gentes
2242 4267 2353 4323 sint
2380 4266 2614 4336 populus
2651 4264 2789 4332 ejus,
2837 4261 2890 4315 id
2924 4260 2998 4314 ait
3044 4257 3307 4327 propheta
3338 4252 3445 4312 Za-

207 4344 619 4441 ταρεύξονταί
650 4344 794 4434 ἔθνη
839 4344 1037 4420 stella
1086 4344 1210 4418 ait
1237 4362 1342 4416 τόν
1389 4362 1643 4429 Κύριον,
1684 4360 1767 4413 καὶ

1889 4362 2133 4419 Charias:
2170 4358 2241 4413 Et
2269 4357 2565 4426 confugient
2595 4364 2766 4423 gentes
2803 4350 2982 4404 multa:
3011 4350 3079 4402 ad
3116 4344 3397 4404 Dominum
3424 4385 3440 4400 .

207 4438 457 4520 ἔσονται
483 4459 671 4525 θαύτῷ
711 4462 799 4525 είς
846 4460 1018 4513 λαόν.
1067 4457 1323 4511 Κλίνατε
1367 4453 1434 4507 τὸ
1476 4448 1584 4518 οὖς
1620 4451 1767 4521 ὑμῶι

1889 4463 1932 4509 et
1960 4465 2107 4508 erunt
2136 4452 2236 4518 ipsi
2269 4450 2324 4503 in
2351 4446 2603 4519 populum
2631 4445 2699 4497 ”.
2730 4441 2991 4496 Inclinate
3017 4451 3201 4493 aurem
3218 4447 3442 4493 uestram

210 4555 361 4623 πρὸς
414 4551 487 4605 τὰ
532 4550 774 4620 ῥήματα
826 4548 932 4602 τοῦ
980 4548 1276 4615 στόματός
1310 4561 1449 4613 μου.
1487 4540 1786 4614 Προθύμως

209 4649 341 4717 γὰρ.
373 4644 530 4714 φησὶ,
555 4642 663 4695 τῶν
696 4641 825 4712 παρ’
858 4638 990 4710 ἐμοῦ
1020 4637 1325 4708 λεγομένων
1354 4634 1642 4688 ἀκούσατε.

279 4733 521 4797 Ἀνοίξω
556 4732 631 4785 ἐν
673 4728 1038 4797 παραϐολαῖς
1080 4727 1142 4781 τὸ
1182 4727 1375 4795 στόμα
1407 4742 1548 4793 μου.
1593 4722 1784 4792 Σαφῶς

1885 4547 1938 4600 in
1970 4544 2125 4599 verba
2178 4542 2287 4595 oris
2338 4540 2457 4593 mei.
2504 4534 2799 4601 Alacriter',
2845 4530 3054 4601 inquit,
3111 4532 3275 4586 verba
3323 4545 3443 4587 mea

1886 4637 2301 4793 ειυὲἷιθιιίρενὶαηι
2345 4720 2401 4773 in
2456 4714 2727 4787 parabolis
2770 4729 2826 4767 os
2864 4728 3056 4769 meum.
3102 4712 3216 4770 Hoc
3265 4717 3449 4781 aperte

210 4824 371 4879 τοῦτο
398 4824 426 4875 ὁ
468 4817 855 4890 εὐαγγελιστὴς
893 4819 1202 4889 ἡρμήνευσε
1236 4813 1541 4887 πληρωθὲν,
1572 4814 1659 4867 ὅτε
1686 4812 1767 4866 rat

1889 4817 2212 4887 evangelista
2237 4810 2525 4883 explicavit
2548 4818 2607 4863 ut
2649 4806 2928 4882 impleium
2954 4808 3023 4873 ",
3058 4806 3278 4876 quando
3308 4803 3449 4858 ωυιρ

214 4914 415 4978 πολλὰς
455 4910 770 4985 παραϐολὰς
801 4905 950 4963 εἶπεν
987 4911 1016 4963 6
1056 4908 1256 4979 Κύριος
1301 4908 1358 4960 ἐν
1398 4908 1510 4969 τοῖς
1542 4906 1783 4973 Εὐαγγέ-

214 5007 371 5069 λίοις.

285 5089 396 5144 Kal
439 5092 493 5143 οι
539 5087 791 5158 πατέρες
841 5086 1009 5157 ἡμῶν
1049 5085 1414 5157 διηγήσαντο
1455 5086 1618 5154 ἡμῖν.
1647 5085 1787 5138 Ὅσα

218 5181 366 5252 παρᾶ
408 5179 516 5233 τῶν
552 5179 825 5260 πατέρων,
877 5177 1030 5248 φησὶ,
1063 5176 1414 5248 δεδιδάγμεθα
1439 5175 1785 5238 ἀκούσαντες,

219 5272 393 5323 πάντα
418 5269 590 5323 ταῦτα
622 5270 710 5323 διὰ
751 5269 859 5323 τῶν
895 5269 1071 5342 ἔργων
1101 5270 1206 5326 «καὶ
1244 5268 1345 5339 τῆς
1378 5267 1541 5321 αὑτοῦ
1589 5282 1790 5339 παρου-

222 5362 339 5424 aia;
366 5360 707 5432 ἐγνώκαμεν.

292 5457 411 5509 Οὐκ
447 5454 666 5521 ἐκρύϐη
684 5451 815 5505 ’ἀπὸ
848 5452 966 5506 τῶν
994 5453 1221 5507 τέκνων
1246 5450 1441 5508 αὐτῶν
1465 5452 1549 5516 εις
1580 5447 1792 5517 γενεὰν

1886 4920 1970 4966 tas
1994 4906 2280 4979 parabolas
2307 4903 2444 4960 dixit
2466 4900 2730 4958 Dominus
2758 4904 2811 4956 in
2840 4899 3168 4970 Evangeliis.

1962 5091 2015 5145 5.
2056 5086 2122 5141 Et
2147 5095 2322 5157 patres
2349 5077 2518 5141 nostri
2545 5088 2895 5140 narraverunt
2930 5076 3099 5131 nobis.
3144 5072 3448 5140 Quotquot,

1896 5178 2097 5250 inquit,
2128 5194 2158 5233 a
2188 5177 2432 5249 patribus
2459 5174 2804 5234 edidicimus,
2836 5170 2951 5221 haec
2976 5162 3160 5219 omnia
3197 5175 3291 5232 per
3316 5174 3446 5229 ope-

1892 5287 1953 5327 ra
1986 5280 2041 5326 et
2074 5286 2168 5341 per
2201 5269 2320 5339 ejus
2352 5267 2641 5322 adventum
2672 5259 2940 5316 novimus.

1961 5448 2014 5501 4.
2053 5445 2177 5499 Non
2206 5454 2325 5499 sunt
2358 5440 2622 5497 occultata
2674 5453 2707 5490 a
2757 5434 2886 5504 ﬁliis
2915 5447 3093 5487 eorum
3132 5430 3190 5484 in
3231 5415 3448 5499 genera:

220 5544 444 5614 ἑτέραν.
477 5519 588 5616 Οήΰχ
636 5545 819 5617 ἑτέρᾳ,
857 5544 1011 5616 φησὶ,
1053 5544 1234 5614 γενεᾷ,
1265 5541 1400 5596 ἀλλά
1434 5544 1542 5605 τοῖς
1584 5538 1767 5592 τέκνοιι

1898 5541 2035 5593 tione
2065 5537 2255 5592 altera.
2310 5533 2429 5590 Non
2465 5547 2563 5605 pro
2591 5531 2781 5596 altera,
2834 5525 3029 5597 inquit,
3077 5519 3428 5594 generatione

291 5744 333 5774 "
365 5742 553 5798 Matth.
587 5758 780 5809 xxvtu,
820 5743 903 5808 19,
936 5742 1024 5799 ‘20.
1085 5743 1132 5776 ”
1164 5741 1324 5797 Zach.
1361 5756 1419 5804 ιι,
1459 5738 1542 5794 ιε.
1618 5738 1664 5770 ”
1693 5737 1882 5793 Matth.
1912 5751 2029 5800 xm,
2056 5734 2142 5790 36.
