3778 6276
243 283 343 340 351

1067 280 1134 334 ὁ.
1177 279 1545 337 ΑΤΙΙΑΝἈΞῙΙ
1587 282 1735 341 OPP.
1773 284 1956 341 PARS
1987 285 2080 343 'lll.
2121 319 2190 328 —
2226 289 2633 348 EXEGETICA.

3345 299 3453 354 552

245 395 337 449 sed
391 406 486 462 pro
541 392 667 448 ﬁliis
699 407 885 448 eorum
927 393 1108 447 omnia
1167 391 1467 452 Salvatoris
1523 397 1842 455 mirabilial

1937 401 2069 454 ῡτῶν
2111 406 2287 459 πάντα
2325 406 2632 478 πέπρακται
2666 407 2731 460 τὰ
2773 412 2922 479 παρὰ
2951 406 3043 461 τοῦ
3086 408 3330 480 Σωτῆρος
3361 425 3460 480 με.

246 501 408 555 opera
443 494 651 554 patrata
681 494 837 540 sunt:
869 500 1038 554 quare
1069 500 1177 539 non
1211 489 1653 559 cessaruutipsis
1677 505 1801 543 nar-

248 587 422 632 rantes
451 577 632 632 laudes
663 576 872 631 Domini
903 587 953 632 et
979 581 1194 631 virtutes
1214 577 1346 647 ejus.

319 759 373 813 5.
401 757 469 811 Et
503 759 669 828 legem.
694 758 866 826 posuit
918 758 973 810 in
1009 755 1199 812 Israel.
1234 755 1454 826 Legem,
1485 758 1681 827 inquit.
1711 758 1806 813 de-

249 849 327 904 dit
380 849 620 918 putribus
660 863 850 902 eorum
880 889 894 911 ,
930 856 984 902 et
1021 847 1428 902 tabernaculum
1483 849 1802 914 testimonii,

252 940 541 995 instituens
571 954 665 994 eos
694 949 752 993 ut
783 954 878 1008 per
916 939 1087 1009 legem
1119 946 1506 1008 cognoscerent
1557 936 1805 994 Salvato-

254 1049 386 1098 rem,
421 1033 513 1102 qui
543 1033 597 1086 in
626 1043 870 1103 tempore
893 1031 960 1086 ad
990 1045 1160 1101 genus
1188 1032 1470 1085 hominum
1494 1031 1730 1086 advenit.

323 1205 372 1259 ϐ.
413 1203 542 1260 Filii
565 1208 655 1276 qui
682 1215 983 1260 nascentur.
1025 1205 1119 1261 His
1146 1205 1412 1276 signiﬁcat
1436 1215 1656 1260 sanctos
1684 1205 1808 1260 Sal-

257 1298 459 1352 "atoris
486 1297 804 1366 discipulos,
828 1298 922 1368 qui
953 1297 1218 1351 mirabilia
1243 1311 1336 1366 per
1357 1294 1634 1351 Christum
1662 1295 1806 1351 edita

259 1389 383 1442 aliis
410 1391 523 1446 suis
554 1391 908 1457 annuntiant;
941 1391 993 1444 id
1014 1401 1116 1456 est,
1144 1388 1212 1444 iis
1247 1389 1338 1460 qui
1370 1389 1612 1459 ipsorum
1643 1403 1809 1459 opera

258 1482 322 1535 ad
349 1482 503 1534 ﬁdem
537 1481 817 1535 accedunt.

329 1573 379 1628 7.
416 1572 482 1626 Et
532 1590 634 1626 non
672 1573 1049 1627 obliviscantur
1095 1589 1307 1644 operum
1349 1572 1464 1627 Dei.
1501 1572 1626 1628 Hac
1675 1572 1812 1642 ipsis

262 1665 611 1729 enarrabunt,
661 1679 728 1720 ex
770 1665 978 1735 quibus
1015 1665 1148 1720 solis
1182 1674 1434 1736 poterunt
1481 1663 1650 1719 Deum
1706 1664 1810 1720 sibi

263 1772 412 1827 spem
439 1757 732 1812 ascribere.

330 1848 383 1900 8.
423 1845 504 1900 Ne
527 1847 658 1915 ﬁant
686 1848 823 1900 sicut
852 1856 1028 1916 patres
1052 1863 1250 1901 eorum.
1271 1845 1703 1908 Annuntiabunt,
1729 1843 1812 1898 in-

261 1938 398 2008 quit,
429 1938 657 2008 apostoli
684 1937 870 1992 laudes
897 1939 987 1993 Dei
1020 1938 1088 1994 iis
1123 1939 1216 2005 qui
1250 1953 1344 2008 per
1366 1937 1541 2007 ipsum
1578 1935 1815 1990 instituti

262 2038 422 2084 sunt:
456 2037 518 2082 ut
537 2030 825 2098 exquirant
845 2028 936 2084 Dei
967 2029 1240 2094 mandata,
1264 2039 1317 2085 et
1345 2044 1412 2086 ne
1439 2037 1651 2100 patrum
1686 2043 1817 2082 suo-

264 2135 382 2174 rum
418 2119 785 2176 inlelicitatem
817 2121 1120 2177 imitentur.
1149 2121 1242 2176 Illa
1273 2136 1505 2192 namque
1536 2119 1816 2191 generatio

263 2231 361 2270 cor
405 2226 608 2271 rectum
646 2231 753 2272 non
807 2217 997 2271 habuit
1033 2231 1160 2287 erga
1195 2216 1385 2280 Deum,
1433 2230 1606 2286 neque
1652 2213 1814 2268 ﬁdem

265 2307 454 2362 habuit
489 2323 608 2363 cum
637 2307 745 2364 Deo
798 2309 1023 2378 spiritus
1062 2309 1201 2378 ejus.
1239 2307 1515 2363 Generatio
1559 2325 1677 2379 qua:
1716 2326 1819 2363 non

265 2400 458 2454 direxit
487 2416 577 2454 cor
603 2417 775 2455 suum.
811 2398 891 2454 llli
925 2416 1160 2469 namque
1195 2415 1344 2470 spem
1376 2401 1432 2453 in
1467 2399 1572 2454 Deo
1605 2400 1818 2454 ﬁrmam

267 2506 376 2544 non
435 2491 780 2557 habuerunt,
835 2489 964 2560 quia
1015 2491 1307 2544 noluerunt
1357 2499 1557 2544 rectam
1615 2488 1820 2560 ingredi

268 2582 446 2643 viam;
495 2580 587 2635 sed
645 2579 966 2636 sententiam
1015 2580 1250 2637 habuere
1291 2580 1490 2636 divinis
1525 2580 1822 2636 adversan-

270 2682 375 2726 tem
408 2671 634 2741 legibus.

339 2851 394 2908 9.
428 2849 559 2904 Filii
590 2838 840 2919 Epliraiin
864 2848 1183 2902 intendentes
1201 2855 1260 2923 ,τι
1288 2846 1553 2901 mittentes
1576 2847 1820 2901 arcubus.

271 2940 373 2995 Per
399 2939 568 2994 solam
602 2939 800 2992 tribum
853 2937 1108 3007 Ephraim
1157 2944 1328 2991 totum
1365 2935 1621 3004 populum
1658 2935 1826 2990 Israel

271 3048 302 3085 a
325 3030 462 3086 Juda
495 3039 830 3101 segregatum
856 3039 910 3084 et
931 3029 1162 3083 divisum
1188 3027 1527 3099 signiﬁcavit.
1556 3026 1660 3094 Ipsi
1681 3026 1823 3080 enim

270 3131 327 3176 et
354 3122 551 3176 vitulos
579 3127 886 3185 erexerunt,
923 3129 976 3173 et
1018 3135 1048 3172 a
1090 3118 1249 3188 legali
1277 3117 1423 3172 cultu
1454 3117 1821 3172 desciverunt.

272 3212 567 3283 Postquam
601 3221 726 3266 ante
758 3212 1005 3280 tetigerat
1033 3220 1249 3281 patrum
1284 3209 1828 3280 malignitatem,jam

275 3322 465 3361 eorum
519 3305 918 3376 improbitatem
961 3321 1027 3360 ex
1064 3307 1278 3376 integro
1331 3311 1612 3366 recenset,
1670 3310 1832 3370 atque

277 3400 542 3454 bonorum
566 3398 778 3468 copiam
809 3413 839 3450 a
878 3396 987 3451 Deo
1017 3397 1126 3452 illis
1156 3410 1504 3460 concessam;
1533 3408 1722 3449 eorum
1753 3408 1833 3446 er-

279 3505 344 3558 ga
371 3489 537 3544 Deum
567 3489 962 3559 inﬁdelitatem,
992 3488 1225 3559 denique
1263 3486 1556 3558 perniciem
1596 3500 1716 3555 qua:
1748 3483 1832 3538 his

278 3580 345 3634 de
366 3581 548 3635 causis
573 3579 694 3635 illos
723 3581 951 3650 excepit.
1001 3577 1072 3634 Ut
1119 3580 1188 3635 iis
1233 3577 1488 3643 instituti,
1515 3577 1718 3631 malum
1749 3588 1835 3629 ze-

280 3671 387 3724 lum
417 3671 729 3741 ell‘ugerent.
761 3671 898 3727 Dicit
927 3683 1105 3726 autem
1159 3671 1297 3726 lilios
1347 3669 1626 3738 prraim,
1658 3667 1710 3723 id
1741 3676 1827 3721 est

284 3773 452 3817 totum
484 3764 737 3818 lsraelem
762 3803 778 3828 ,
806 3765 896 3833 qui
931 3764 1239 3818 didicerunt
1285 3777 1408 3817 cum
1457 3759 1707 3830 malignis
1734 3759 1836 3812 dae-

283 3855 532 3908 monibus
561 3869 817 3923 pugnare,
843 3863 1004 3923 atque
1033 3854 1098 3907 ad
1129 3869 1249 3906 eam
1274 3867 1388 3906 rem
1419 3853 1473 3905 in
1502 3851 1719 3906 modum
1748 3863 1837 3901 ar-

284 3963 381 4003 cus
405 3949 651 4003 adornati
686 3957 860 4012 erant,
913 3949 1031 4016 ipso
1075 3962 1267 4016 pugme
1327 3956 1570 4016 tempore
1600 3952 1839 3998 mutasse

287 4042 644 4106 sententiam,
703 4051 866 4111 atque
921 4039 1206 4094 Dominum
1257 4050 1310 4095 et
1351 4039 1518 4094 Deum
1587 4051 1835 4106 negasse,

290 4133 630 4188 utvoluntate
655 4133 721 4188 ad
749 4131 1073 4198 Barabbam,
1098 4133 1151 4187 id
1175 4141 1259 4187 est
1282 4131 1350 4187 ad
1373 4130 1650 4196 Satanam,
1678 4127 1842 4188 decli-

289 4234 499 4281 narent.

357 4317 443 4373 10.
494 4317 618 4373 Νοη
658 4319 1018 4374 custodierunt
1061 4326 1428 4372 testamentum
1483 4316 1596 4370 Dei.
1633 4314 1838 4370 Novam

1902 493 2172 564 γαλουργή
2184 513 2352 565 ματα·
2383 497 2461 550 διὸ
2482 496 2580 550 οῦκ
2604 495 2903 550 ἐπαύσαντο
2929 498 3110 560 αὐτοῖς
3142 499 3460 568 προαγγέλ-

1902 587 2111 649 λοντες
2152 585 2256 650 τὰς
2304 587 2560 653 αἱνέσεις
2604 587 2707 641 τοῦ
2743 587 2959 656 Κυρίου
3003 587 3100 641 καί
3141 589 3245 653 τὰς
3272 589 3458 643 δυνα-

1903 675 2107 741 στείας
2136 677 2342 729 αὑτοῦ.

1973 766 2081 819 Καὶ
2127 769 2313 835 νόμον
2360 767 2523 822 ἔθετο
2573 767 2643 821 ἐν
2703 767 2954 835 Ἰσραήλ.
3002 768 3212 838 Νόμον,
3264 769 3457 840 φησιν,

1906 855 2070 910 ἔδωκε
2119 861 2228 922 τοῖς
2279 860 2544 931 πατράσιν
2590 859 2789 926 αὐτῶν,
2836 860 2928 912 καὶ
2966 862 3063 930 τὴν
3113 861 3314 932 σκηνὴν
3361 860 3458 914 τοῦ

1910 949 2222 1020 μαρτυρίου,
2265 949 2619 1018 παιδαγωγῶν
2664 951 2856 1015 αὐτοὺς
2889 952 2967 1014 εἰς
3016 950 3076 1003 τὸ
3121 952 3320 1020 γνῶναι
3370 952 3463 1004 διὰ.

1905 1037 1999 1090 τοῦ
2033 1039 2194 1108 νόμου
2239 1039 2329 1092 τὸν
2359 1039 2498 1093 κατὰ
2544 1041 2766 1113 καιροὺς
2800 1042 3202 1113 ἐπιδημήσαντα
3233 1042 3462 1112 Σωτῆρα

1907 1127 1983 1198 τῷ
2014 1128 2157 1197 γένει
2182 1129 2289 1182 τῶν
2315 1130 2408 1183 ἀνθ
2416 1131 2629 1200 ρώπων.

1988 1217 2104 1270 Υἱοὶ
2137 1220 2574 1288 τεχθησόμενοι.
2609 1220 2867 1290 Σημαίνει
2898 1220 2953 1273 δὲ
2992 1219 3078 1273 διὰ
3111 1220 3310 1274 τούτων
3335 1222 3461 1284 τοὺς

1910 1307 2096 1375 ἁγίους
2119 1308 2209 1360 τοῦ
2241 1309 2490 1380 Σωτῆρος
2523 1309 2784 1380 μαθητὰς,
2811 1311 3002 1373 οἵτινες
3028 1311 3094 1364 τὰ
3121 1310 3391 1381 θαυμάσια
3424 1311 3464 1364 ἃ.

1910 1399 2265 1472 κατώρθωσεν
2294 1403 2321 1454 ὁ
2353 1402 2601 1474 Χριστὸς,
2646 1407 2755 1466 τοῖς
2798 1404 2929 1466 υἱοῖς
2966 1403 3142 1456 αὐτῶν
3191 1404 3465 1471 ἀπαγγέλ-

1911 1491 2079 1544 λουσιο
2109 1491 2346 1545 τουτέστι
2370 1496 2480 1555 τοῖς
2507 1493 2857 1564 προσελθοῦσι
2881 1493 2946 1547 δι’
2972 1493 3147 1546 αὐτῶν
3165 1496 3230 1564 τῇ
3261 1495 3462 1547 πίστει.

1981 1581 2089 1635 Καὶ
2110 1581 2195 1650 μὴ
2219 1583 2606 1638 ἐπιλάθωνται
2627 1585 2743 1637 τῶν
2763 1585 2948 1653 ἔργων
2971 1585 3076 1638 τοῦ
3097 1585 3260 1640 Θεοῦ.
3281 1584 3467 1639 Ταῦτα

1913 1673 2255 1744 διηγήσονται
2301 1675 2502 1739 αὐτοῖς,
2532 1675 2599 1728 δι’
2637 1669 2710 1730 ὧν
2743 1676 3055 1749 δυνήσονται
3095 1677 3250 1748 μόνον
3278 1677 3470 1731 ἐλπίδα.

1844 1746 1885 1801 Β
1912 1763 2002 1816 τὸν
2030 1762 2160 1816 Θεὸν
2188 1763 2610 1836 ὲπιγράψασθαι.

1984 1853 2105 1906 Ἵνα
2125 1854 2210 1923 μὴ
2235 1853 2516 1923 γένωνται
2546 1856 2625 1921 ὠς
2658 1859 2711 1910 οἱ
2742 1857 2988 1926 πατέρες
3017 1855 3230 1911 αὐτῶν.
3268 1857 3472 1924 Ἀπαγ-

1910 1941 2146 2010 γελοῦσι,
2182 1944 2332 2014 φησι,
2365 1944 2462 2008 τὰς
2505 1945 2734 2008 αἰνέσεις
2773 1945 2866 1998 τοῦ
2899 1945 3030 2016 Θεοῦ
3061 1949 3171 2011 τοῖς
3199 1947 3265 1998 δι’
3304 1945 3472 2000 αὑτοῦ

1913 2032 2444 2104 παιδαγωγουμένοις
2471 2037 2519 2088 oi
2551 2036 2854 2090 ἀπόστολοι·
2889 2037 2975 2091 ἵνα
3005 2039 3097 2092 καὶ⁸
3130 2038 3473 2109 ὲκζητήσωσι

1914 2120 2010 2186 τὰς
2039 2121 2131 2174 τοῦ
2159 2122 2292 2175 Θεοῦ
2323 2124 2560 2189 ἐντολὰς,
2592 2126 2684 2179 καὶ
2717 2125 2790 2197 μὴ
2821 2125 2916 2197 τὴν
2942 2126 3050 2181 τῶν
3087 2127 3333 2198 πατέρων
3373 2145 3476 2180 κα-

1915 2213 2257 2284 κοδαιμονίαν
2310 2219 2670 2286 μιμήσωνται.
2735 2218 2945 2289 Ἐκείνη
2993 2218 3132 2290 γὰρ,
3188 2220 3380 2300 φησιν,
3435 2221 3473 2289 ἡ

1916 2302 2078 2370 γενεὰ
2118 2305 2216 2358 οὐκ
2258 2304 2410 2374 ἔσχεν
2456 2306 2585 2377 εὺθῆ
2616 2306 2714 2378 τὴν
2749 2308 2972 2380 καρδίαν
3004 2309 3140 2380 πρὸς
3171 2310 3322 2375 Θεὸν,
3354 2309 3475 2363 οὐδὲ

1918 2392 2096 2445 πίστιν
2129 2392 2253 2463 ἔσχε
2279 2394 2340 2446 τὸ
2367 2393 2584 2466 πνεῦμα
2613 2396 2780 2468 αὐτῆς
2823 2397 2956 2467 μετὰ
2982 2398 3076 2451 τοῦ
3103 2399 3256 2455 Θεοῦ.
3285 2400 3478 2454 Γενεὰ

1919 2483 2050 2550 ἣτις
2094 2486 2166 2539 οὐ
2209 2487 2530 2540 κατεύθυνε
2571 2486 2686 2555 τὴν
2713 2489 2961 2557 καρδίαν
2999 2491 3207 2560 αὐτῆς.
3252 2493 3478 2547 Ἐκεῖνοι

1919 2572 2028 2644 γὰρ
2061 2572 2278 2643 βεϐαίαν
2305 2575 2404 2646 τὴν
2435 2576 2511 2640 εἰς
2549 2577 2639 2629 τὸν
2668 2577 2798 2630 Θεὸν
2825 2579 2924 2633 οὐκ
2956 2582 3248 2653 ἐκτήσαντο
3274 2583 3478 2645 πίστιν,

1921 2667 2016 2738 τὴν
2044 2666 2252 2720 εὐθεῖαν
2295 2668 2394 2720 οὐκ
2427 2668 2774 2740 ἐθελήσαντες
2816 2673 3035 2744 πορείαν
3068 2674 3301 2740 ὁδεῦσαι,
3346 2675 3486 2730 ἀλλὰ

1921 2758 2141 2828 γνώμην
2167 2759 2454 2830 ἐσχηκότες
2481 2763 2590 2824 τοῖς
2618 2761 2780 2826 θείοις
2804 2763 3209 2837 ἐναντιουμένην
3242 2766 3480 2839 θεσμοῖς.

2002 2849 2117 2901 Υἱοὶ
2151 2850 2389 2918 Ἐφραῒμ
2412 2851 2775 2920 ἐντείνοντες
2795 2855 2890 2907 καὶ
2917 2855 3246 2924 θάλλοντες
3265 2858 3481 2924 τόξοις.

1937 2940 2066 2992 Ἀπὸ
2107 2940 2270 3011 μόνης
2311 2943 2406 3012 τῆς
2452 2942 2621 3014 φυλῆς
2669 2944 2760 2998 τοῦ
2805 2945 3038 3018 Ἐφραῒμ
3081 2947 3198 3002 ὅλον
3227 2947 3315 3002 τὸν
3359 2949 3488 3003 λαὸν

1924 3029 2015 3082 τοῦ
2061 3030 2272 3100 Ἰσραὴλ
2297 3031 2386 3084 τὸν
2425 3033 2818 3102 ἀποσχισθέντα
2861 3035 2954 3088 τοῦ
2992 3036 3158 3090 Ἰούδα
3199 3037 3486 3108 ἐδήλωσεν.

1928 3116 2083 3175 Οὗτοι
2115 3122 2223 3193 γὰρ
2251 3124 2344 3175 κα)⁵
2376 3122 2471 3186 τὰς
2499 3124 2757 3194 δαμάλεις
2791 3125 3042 3196 ἔστησαν,
3088 3129 3181 3180 καὶ
3216 3127 3317 3198 τῆς
3349 3129 3490 3184 κατὰ

1927 3213 2086 3283 νόμον
2112 3213 2366 3285 λατρείας
2413 3215 2748 3285 ἀπέστησαν.
2789 3216 3086 3288 Ἀψάμενος
3115 3221 3212 3289 τῆς
3250 3219 3354 3272 τῶν
3385 3236 3489 3272 πα-

1927 3305 2098 3375 τέρων
2127 3305 2405 3376 πονηρίας,
2440 3306 2634 3378 ἐφεξῆς
2658 3307 2940 3377 καταλέγει
2971 3311 3143 3363 πᾶσαν
3173 3311 3268 3381 τὴν
3298 3311 3492 3364 κακίαν

1930 3397 2129 3460 αὐτῶν,
2177 3402 2273 3470 τήν
2319 3416 2377 3452 τε
2426 3400 2574 3470 παρὰ
2613 3399 2706 3453 τοῦ
2754 3400 2887 3454 Θεοῦ
2927 3402 3006 3464 εἰς
3047 3403 3243 3466 αὐτοὺς
3276 3402 3492 3470 ἀγαθῶν

1930 3489 2227 3558 δαψίλειαν,
2276 3490 2374 3561 τήν
2412 3507 2470 3542 τε
2518 3491 2653 3562 πρὸς
2701 3491 2792 3543 τὸν
2833 3491 2964 3544 Θεὸν
2997 3490 3174 3544 αὐτῶν
3207 3492 3492 3554 ἀπιστίαν,

1932 3583 2021 3636 τόν
2050 3600 2107 3636 τε
2152 3582 2528 3654 διαδεξάμενον
2560 3584 2755 3647 αὐτοὺς
2783 3583 2869 3636 διὰ
2908 3583 3078 3637 ταῦτα
3120 3583 3366 3655 ὄλεθρον·
3409 3583 3493 3636 ἵνα

1932 3674 2021 3728 διὰ
2053 3673 2254 3728 τούτων
2297 3674 2829 3743 παιδαγωγηθέντες,
2878 3674 2968 3726 τὸν
3016 3675 3247 3746 πονηρὸν
3287 3673 3495 3744 φύγωσι

1936 3764 2112 3836 ζῆλον.
2147 3766 2305 3833 Λέγει
2341 3764 2430 3829 δὲ,
2463 3763 2538 3828 ὡς
2569 3766 2618 3816 οἱ
2663 3764 2756 3817 τοῦ
2797 3763 3032 3838 Ἐφρατμ
3059 3766 3191 3828 υἱοὶ,
3223 3766 3495 3818 τουτέστιν

1937 3856 2079 3919 ἅπας
2107 3855 2340 3927 Ἰσραὴλ,
2367 3858 2414 3908 οί
2439 3855 2801 3926 δεδιδαγμένοι
2827 3859 2934 3920 τοῖς
2961 3859 3211 3928 πονηροῖς
3235 3854 3494 3927 μάχεσθαι

1937 3947 2172 4016 δαίμοσι,
2199 3948 2289 4000 καὶ
2323 3949 2402 4012 είς
2435 3946 2590 4000 τοῦτο
2631 3947 2815 4018 ῶσπερ
2856 3946 3006 4011 τόξον
3039 3946 3473 4000 κατασκευασθέν

1937 4055 2048 4104 τες,
2084 4041 2213 4110 παρ’
2239 4039 2399 4092 αὐτὸν
2429 4039 2518 4092 τὸν
2561 4037 2653 4091 τοῦ
2685 4038 2914 4108 πολέμου
2949 4039 3134 4109 καιρὸν
3173 4037 3494 4109 μετεϐλήθη-

1942 4146 2058 4193 σαν,
2090 4130 2180 4182 τὸν
2218 4130 2312 4200 μὲν
2341 4129 2611 4198 Δεσπότην
2640 4130 2733 4182 καὶ
2759 4129 2888 4182 Θεὸν
2918 4128 3299 4200 ἀρνησάμενοι,
3333 4145 3494 4199 προσο

1943 4221 2216 4285 κλίναντες
2242 4221 2463 4284 ἑαυτοὺς
2487 4220 2563 4293 τῷ
2593 4221 2872 4292 Βαραὸϐᾷ,
2903 4222 3142 4274 τουτέστι
3166 4220 3242 4291 τῷ
3265 4222 3498 4290 Σατανᾷ.

2021 4315 2142 4367 Οὐκ
2184 4312 2493 4382 ἐφύλαξαν
2536 4311 2649 4380 τὴν
2694 4310 2983 4378 διαθήκην
3029 4313 3136 4366 τοῦ
3183 4311 3347 4365 Θεοῦ.
3390 4311 3499 4381 Τὴν

289 4408 563 4479 Evangelii
589 4411 935 4466 traditionem
967 4411 1120 4474 dicit,
1151 4421 1313 4480 atque
1357 4409 1518 4462 illud:
1561 4407 1690 4462 Ecce
1727 4409 1837 4461 dies

1943 4406 2132 4476 καινὴν
2158 4406 2249 4458 τοῦ
2275 4403 2600 4472 Εὑαγγελίου
2626 4403 2916 4476 παράδοσιν
2941 4421 3090 4474 φησι,
3117 4403 3208 4456 καὶ
3239 4403 3316 4455 τό·
3357 4401 3500 4456 Ἰδοὺ

289 4500 443 4563 venit,
484 4507 531 4552 et
563 4500 836 4568 disponam
883 4518 999 4554 cum
1037 4502 1111 4554 eis
1146 4507 1514 4555 testamentum
1554 4515 1743 4552 novum
1771 4499 1839 4554 ".

291 4587 466 4642 Causa
518 4598 696 4642 autem
745 4590 832 4644 hic
860 4592 1119 4657 redditur,
1166 4592 1296 4661 quia
1341 4589 1474 4644 illud
1506 4605 1615 4646 non
1662 4599 1845 4644 custo-

291 4678 520 4740 dientes,
571 4679 715 4745 quod
770 4692 852 4732 cst
894 4696 1030 4734 nova
1077 4684 1158 4740 lex
1213 4683 1330 4747 Dei,
1367 4683 1596 4736 conversi
1634 4694 1753 4736 sunt
1790 4684 1847 4736 in

291 4767 376 4820 die
398 4766 540 4820 belli.
573 4765 689 4820 Non
713 4768 856 4820 enim
901 4768 1194 4823 credebant
1243 4770 1292 4824 ei
1333 4769 1579 4825 dicenti:
1629 4769 1740 4841 Ego
1781 4786 1846 4824 ex

294 4863 454 4914 Patre
475 4860 610 4914 exivi
641 4868 691 4913 et
729 4858 874 4912 venio
907 4860 975 4914 °‘.
1011 4859 1144 4912 Cum
1193 4861 1336 4914 enim
1373 4876 1472 4930 par
1509 4861 1704 4917 luisset
1751 4863 1846 4917 ad-

295 4968 482 5008 versus
519 4967 612 5007 eos
645 4965 884 5021 pugnare
909 4951 1000 5020 qui
1041 4961 1228 5006 contra
1262 4951 1431 5006 Deum
1466 4952 1664 5007 bellum
1692 4969 1846 5023 gere-

297 5051 415 5098 rent
433 5043 548 5110 ,‘illi
575 5045 832 5098 adversus
857 5041 1023 5097 Deum
1047 5041 1246 5096 bellum
1270 5053 1576 5097 moverunt.

367 5134 452 5188 11.
484 5134 549 5188 Et
578 5135 727 5189 obliti
770 5145 891 5190 sunt
923 5133 1311 5204 benefactorum
1343 5135 1476 5204 ejus.
1520 5133 1672 5190 Licet
1698 5137 1842 5191 enim

295 5225 464 5279 multa
488 5226 746 5282 beneﬁcia
787 5227 1120 5298 acceperint,
1159 5224 1338 5281 omnia
1371 5241 1400 5280 a
1437 5226 1698 5281 memoria
1747 5242 1847 5282 sua

297 5316 634 5398 abiecerunt.
679 5316 744 5372 Et
795 5319 977 5388 ejusce
1013 5319 1093 5374 rei
1134 5327 1511 5388 argumentum
1560 5317 1690 5372 illud
1743 5325 1850 5383 est,

297 5406 443 5478 quod
465 5421 586 5462 eum
619 5408 935 5464 tradiderint
970 5409 1161 5464 Pilato.
1201 5409 1365 5463 Obliti
1408 5417 1535 5464 sunt
1579 5406 1850 5478 quomodo

373 5675 416 5708 "
439 5671 650 5732 Barucb
685 5689 744 5740 ιι,
769 5675 855 5732 '55.
931 5676 975 5709 ⁹⁶
1003 5674 1159 5732 Joau.
1196 5690 1306 5742 rm,
1338 5676 1425 5733 27.

1947 4496 2132 4566 ἡμέρα
2163 4497 2422 4565 ἔρχεται,
2465 4495 2562 4549 καί
2595 4494 2941 4565 διαθήσομαι
2985 4495 3185 4561 αὐτοῖς
3216 4495 3500 4562 διαθήκην

1946 4588 2180 4654 καινήν.
2210 4587 2395 4652 Αἰτίας
2422 4588 2478 4641 δέ
2525 4590 2670 4641 ἐστιν
2714 4589 2991 4650 ἀπόδοσις,
3037 4588 3152 4652 ὅτι,
3193 4586 3394 4657 ταύτην
3431 4584 3502 4657 μή

1949 4679 2314 4748 φυλάξαντες,
2366 4679 2487 4749 ἥτις
2556 4680 2670 4731 ἐστὶ
2740 4679 2923 4743 καινὸς
2970 4678 3129 4749 νόμος
3183 4678 3274 4731 τοῦ
3329 4677 3502 4740 Θεοῦ,

1948 4769 2338 4839 ἐστράφησαν
2367 4771 2436 4823 ἐν
2459 4769 2647 4839 ἡμέρᾳ
2676 4770 2960 4837 πολέμου.
2990 4771 3064 4822 οὐ
3090 4769 3197 4840 γὰρ
3225 4770 3503 4823 ἐπίστευον

1951 4860 2097 4931 αὑτῷ
2139 4861 2370 4929 λέγοντι·
2414 4859 2558 4928 Ἐγὼ
2601 4860 2668 4913 ἐκ
2713 4861 2817 4915 τοῦ
2851 4860 3075 4929 Πατρός
3105 4860 3365 4929 ἐξῆλθον
3403 4859 3502 4913 καὶ

1949 4952 2093 5020 ἥκω.
2125 4953 2250 5004 Δέον
2293 4952 2401 5021 γὰρ
2451 4950 2658 5020 βάλλειν
2701 4953 2791 5004 καὶ
2823 4951 3074 5023 πολεμεῖν
3105 4953 3228 5016 τοὺς
3266 4949 3382 5022 Θεῷ
3410 4967 3503 5003 πο-

1947 5043 2262 5114 λεμοῦντας
2302 5046 2350 5095 οἱ
2375 5044 2431 5096 δὲ
2458 5043 2594 5097 κατὰ
2625 5044 2755 5097 Θεοῦ
2786 5046 2984 5116 ήραντο
3009 5045 3258 5115 πόλεμον.

2018 5135 2126 5190 Καὶ
2149 5135 2508 5189 ἐπελάθοντο
2537 5135 2654 5189 τῶν
2680 5136 3031 5206 εὐεργεσιῶν
3061 5137 3265 5190 αὐτοῦ.
3291 5131 3504 5200 Καίτοι,

1954 5226 2104 5296 φησι,
2136 5225 2303 5278 πολλὰ
2332 5225 2764 5297 εὐεργετημῶιοι,
2801 5229 2974 5281 πάντα
3013 5227 3116 5280 ἀπὸ
3144 5226 3244 5297 τῆς
3289 5227 3506 5298 μνήμης

1956 5315 2329 5387 ἀνερῤίπισαν.
2375 5316 2484 5368 Καὶ
2523 5315 2710 5369 τούτου
2759 5315 3026 5380 ἀπόδειξις
3071 5317 3131 5370 τὸ
3180 5316 3507 5388 παραδοῦναι

1958 5407 2188 5479 Πιλάτῳ.
2230 5406 2579 5460 Ἐπελάθοντο
2612 5407 2671 5460 τὸ
2705 5408 2817 5472 πῶς
2842 5408 3052 5478 διῆλθεν
3079 5408 3376 5478 εὐεργετῶν
3411 5407 3508 5460 αὑ-
