3778 6276
356 356 465 416 355
1199 340 1258 396 S.
1299 333 1665 394 ATHANASII
1703 328 1853 386 OPP.
1891 323 2070 379 PARS
2110 325 2197 381 Ill.
2238 355 2308 365 —
2344 321 2753 378 EXEGETICA.
3447 315 3615 374 556

426 468 516 523 50.
551 463 702 520 Viam
739 462 859 532 fecit
899 458 1097 514 semin
1136 458 1232 510 ira:
1262 468 1391 508 sua.
1425 452 1564 506 Cum
1615 448 1851 504 dedisset
1882 452 1918 505 ,'

2128 440 2426 507 ῐδοποίησε
2466 439 2664 504 τρίϐον
2714 433 2786 503 τῇ
2831 433 2978 503 ὀργῇ
3020 434 3224 486 αυτοῦ.
3270 431 3561 496 Δεδωκὼς
3590 469 3620 495 ,

357 559 557 631 inquit,
588 523 911 627 mysterium
943 550 1093 622 agni,
1121 550 1327 604 exitum
1367 545 1516 599 dedit
1554 543 1668 607 irae,
1705 547 1768 593 ut
1812 553 1849 606 p

2130 550 2160 594 ι,
2207 531 2300 584 τοῦ
2332 529 2502 601 ἀμνοῦ
2542 528 2603 580 τὸ
2654 527 2978 599 μυστήριον,
3019 523 3247 590 διέξοδον
3276 523 3474 576 δέδωκε
3516 524 3622 593 τῇ

358 614 543 722 pulum
573 614 732 704 suum
766 614 1299 714 praeterg'rederetur,
1331 645 1382 690 et
1408 649 1474 688 ne
1505 632 1790 701 attingeret
1815 642 1850 681 en

2132 625 2163 693 ᾖ,
2199 623 2346 685 ὅπως
2369 621 2459 673 τὸν
2487 616 2650 672 αὑτοῦ
2683 615 2920 688 παρέλθῃ
2948 614 3074 668 λαὸν
3093 654 3107 678 ,
3139 614 3232 666 καὶ
3269 614 3342 684 μὴ
3366 614 3624 683 ἅψηται.

358 705 449 813 qui
472 739 589 807 ejus
618 705 932 808 mysterium
963 705 1320 787 celebrarent.
1372 724 1479 781 Sed
1525 737 1649 778 cum
1679 727 1850 776 custor

2161 712 2322 767 αὐτοῦ
2366 710 2658 764 τελούντων
2689 710 2749 763 τὸ
2783 708 3097 778 μυστήριον.
3138 705 3296 759 Ἀλλά
3333 705 3626 775 φυλάξας

359 840 444 888 ret
465 845 561 887 eos
592 827 773 884 dando
800 824 1047 880 semitam
1078 823 1174 876 irae
1205 833 1349 884 sum,
1392 815 1680 870 animabus
1696 825 1851 866 eorum

2137 820 2227 867 ους
2264 802 2353 856 διὰ
2390 800 2482 855 τοῦ
2527 801 2701 866 ἔξοδον
2738 798 2919 853 δοῦναι
2966 799 3030 868 τῇ
3066 798 3233 868 ὀργῇ,
3261 796 3437 850 αὐτῶν
3466 796 3627 849 τῶν

361 922 568 978 scilicet
598 916 999 987 Egyptiorum,
1039 928 1140 965 non
1166 908 1390 981 pepercit
1432 923 1466 960 a
1498 913 1697 966 morte;
1743 901 1853 955 trad

2132 894 2218 960 ὢν,
2252 894 2451 965 δηλαδὴ
2491 893 2598 947 τῶν
2636 890 2977 960 Αἰγυπτίων,
3012 890 3121 941 οὐκ
3150 888 3432 956 ἐφείσατο
3458 886 3624 942 ἀπὸ

360 1014 442 1070 dit
469 1004 1071 1067 enimexterminatori.
1166 976 1177 981 ⁷
1228 976 1239 979 ﬁ

2014 982 2292 1039 θανάτου
2316 981 2594 1053 παρέδωκε
2621 980 2728 1051 γάρ
2760 980 2837 1049 τῷ
2869 976 3235 1047 ἐξολοθρευτῇ.

432 1105 521 1161 54.
548 1102 615 1156 Et
642 1100 850 1156 induxit
878 1113 964 1152 eos
988 1098 1039 1150 in
1062 1102 1288 1148 montem
1318 1087 1756 1159 sanctiﬁcationis
1784 1099 1913 1139 sua.

2136 1073 2192 1125 ‘al
2227 1072 2542 1141 εισήγαγεν
2564 1070 2783 1135 αὐτοὺς
2803 1072 2887 1135 είς
2914 1068 3051 1136 ὅρος
3082 1066 3447 1137 ἁγιάσματος
3475 1066 3628 1118 αὑ-

363 1197 660 1253 Jerusalem
690 1194 767 1247 ait
787 1200 842 1247 et
877 1189 1136 1260 templum
1174 1196 1359 1257 postea
1390 1184 1443 1237 in
1478 1156 1567 1237 illa
1598 1164 1855 1235 excitatur

2138 1207 2141 1219 .
2179 1164 2527 1236 Ἰερουσαλήμ
2552 1180 2683 1234 φησι
2708 1162 2802 1214 καὶ
2825 1160 2913 1212 τὸν
2946 1158 3082 1229 μετὰ
3108 1158 3280 1212 ταῦτα
3301 1156 3630 1227 οἰκοδομη-

367 1244 1307 1353 Monleniultunc'ouem‘acquisivit
1352 1275 1567 1329 dextera
1617 1270 1751 1340 ejus.
1801 1267 1858 1337 lp

2130 1272 2175 1308 :a
2218 1256 2276 1308 ὲν
2318 1255 2452 1325 αὐτῇ
2501 1251 2646 1307 ναόν.
2694 1252 2860 1319 Ὄρος
2904 1248 3079 1303 τοῦτο
3122 1247 3153 1301 ὃ
3195 1245 3499 1311 ἐκτήσατο
3564 1244 3622 1311 ἢ

3017 1340 3118 1353 .-.
3251 1333 3622 1353 ...ρ-,κ

366 1395 606 1450 namque
632 1333 881 1433 Christus
907 1381 1008 1437 est,
1044 1371 1263 1426 dextera
1293 1366 1488 1430 Patris,
1516 1362 1609 1433 qui
1638 1361 1768 1416 olim
1797 1373 1858 1413 an

2136 1347 2186 1401 ιὰ
2226 1345 2431 1400 αὐτοῦ.
2473 1343 2643 1406 Αὐτὸς
2671 1343 2778 1412 γάρ
2822 1342 2969 1393 ἐστιν
3008 1342 3036 1393 ὁ
3076 1338 3306 1410 Χριστὸς
3355 1337 3388 1407 ή
3433 1333 3628 1399 δεξιὰ

367 1425 624 1543 pepnlum
651 1468 954 1531 incedebat,
983 1472 1037 1519 et
1066 1470 1213 1518 sorte
1252 1459 1401 1515 dedit
1451 1457 1532 1513 eis
1568 1467 1766 1511 terram
1798 1470 1859 1523 pr

2162 1438 2393 1509 Πατρὸς,
2429 1439 2458 1491 ὁ
2485 1436 2578 1490 καὶ
2613 1434 2776 1488 πάλαι
2803 1430 3271 1503 προπορευόμενος
3307 1426 3397 1481 τοῦ
3430 1425 3621 1493 λαοῦ,

2317 1528 2333 1543 ς
2454 1527 2477 1543 α
2548 1526 2572 1539 ~
2606 1542 2610 1543 ,
2683 1526 2815 1543 ιΑΑςΑ
2847 1523 2904 1543 μα
2926 1540 2940 1543 ,
2979 1518 3206 1543 1-------Ἴ
3223 1516 3305 1543 ι..-
3329 1519 3426 1543 -3...
3458 1516 3595 1543 --Ζ-.

368 1516 624 1543 ι’·’γ-ὐ--η
652 1516 954 1531 ἠν-*ντ--η
992 1516 1033 1519 -~
1067 1516 1115 1518 κν
1801 1516 1817 1523 -

368 1561 669 1619 missionis.
704 1558 776 1614 Et
811 1558 963 1627 ejecit
1013 1573 1046 1609 α
1088 1554 1223 1624 facie
1274 1566 1456 1606 eorum
1508 1556 1704 1619 gentes.
1734 1544 1860 1599 Amo

2142 1528 2380 1598 κατακλη
2390 1526 2613 1599 ροδοτῶν
2638 1526 2817 1587 αὐτοῖς
2842 1523 2942 1593 τῆς
2976 1516 3305 1588 ἐπαγγελίας
3328 1519 3427 1589 τὴν
3458 1516 3624 1587 γῆν.

370 1658 600 1713 rhenum.
650 1652 948 1715 Chettaeum
979 1690 995 1714 ,
1041 1656 1096 1702 et
1132 1645 1225 1716 qui
1273 1647 1671 1712 consequenter
1703 1650 1862 1692 enum

2132 1660 2135 1671 .
2182 1621 2466 1685 ἐξέϐαλεν
2505 1617 2622 1673 ἀπὸ
2672 1615 2989 1685 προσώπου
3035 1611 3232 1668 αὐτῶν
3270 1612 3433 1678 ἔθνη.
3489 1610 3624 1663 Τὸν

371 1757 583 1802 rantur.
622 1744 694 1799 Et
724 1752 862 1797 sorte
890 1740 1069 1794 divisit
1102 1739 1175 1792 eis
1205 1747 1401 1790 terram
1439 1734 1493 1787 in
1539 1727 1774 1801 funiculo
1811 1727 1863 1779 di

2138 1714 2359 1783 ,ορῤαῖον
2387 1712 2481 1764 καὶ
2512 1709 2603 1763 τὸν
2631 1710 2888 1761 Χετταῖον
2907 1746 2922 1770 ,
2967 1706 3057 1759 καὶ
3091 1705 3216 1767 τοὺς
3250 1703 3374 1772 ὲξῆς
3403 1701 3593 1773 δηλου
3620 1734 3630 1741 —

376 1794 696 1892 uitiationis.
727 1794 995 1903 'Expulsis
1042 1845 1107 1885 ac
1160 1826 1353 1883 deletis
1392 1794 1598 1893 septem
1656 1818 1868 1891 gentibu

2133 1822 2241 1868 ους.
2288 1803 2397 1859 Kal
2440 1800 2919 1870 ἐκληροδότησεν
2960 1798 3178 1862 αὐτοὺς
3222 1797 3293 1849 ἐν
3341 1794 3625 1867 axon-((9

373 1929 508 1986 Nam
527 1930 810 2000 pulsorum
826 1887 1001 1981 lurbes
1032 1924 1335 1991 domosque
1366 1887 1747 1989 possederunt.

2134 1895 2447 1965 ιροδοσίας.
2490 1891 2674 1946 Αὐτῶν
2715 1891 2824 1944 τῶν
2855 1888 3213 1955 ἐξελαθέντων
3257 1887 3348 1940 καὶ
3389 1887 3626 1957 ἀνῃρη-

2035 1986 2207 2058 μένων
2234 1985 2369 2039 ἐπτά
2396 1984 2581 2038 ἐθνῶν.
2612 1983 2722 2045 Τὰς
2746 1982 2855 2052 γάρ
2884 1981 3065 2044 πόλεις
3093 1980 3270 2033 αὐτῶν
3299 1976 3407 2032 τῶν
3433 1977 3623 2030 ἐκδε-

2032 2078 2309 2148 6λημένων
2336 2077 2428 2129 καὶ
2458 2076 2582 2138 τοὺς
2615 2072 2794 2137 οἴκους
2824 2071 3283 2144 ἐκληρονόμησαν.

445 2187 534 2246 56.
573 2182 642 2241 Et
682 2190 1005 2240 tentaverunt
1048 2187 1097 2233 et
1144 2174 1588 2232 exacerbavernnt
1630 2171 1799 2226 Deum
1839 2184 1922 2225 ea:-

2137 2169 2208 2223 r'al
2228 2168 2552 2236 ἐπείρασαν
2579 2165 2676 2220 xal
2703 2165 3153 2234 παρεπίκραναν
3178 2162 3284 2215 τὸν
3312 2158 3463 2215 Θεὸν
3494 2156 3629 2212 τὸν

375 2278 591 2334 celsum.
636 2272 1020 2336 ldololatriam,
1046 2284 1166 2339 qua:
1201 2267 1450 2339 judicum
1487 2272 1541 2318 et
1571 2277 1757 2334 regum
1802 2269 1867 2316 tet

2136 2274 2313 2313 :o'tor.
2349 2256 2458 2329 Τὴν
2499 2256 2589 2310 ἐπὶ
2617 2253 2724 2310 τῶν
2768 2253 2968 2327 κριτῶν
2995 2251 3290 2324 γενομένην
3319 2248 3628 2303 εἰδωλολαο

376 2381 505 2438 pore
553 2365 771 2419 inducta
804 2361 925 2421 fuit.
969 2337 1215 2415 enarrat.
1248 2355 1318 2410 Et
1344 2353 1645 2409 testimonia
1680 2351 1792 2421 ejus
1836 2368 1866 2409 tt

2135 2346 2216 2400 ίαν
2265 2346 2552 2417 σημαίνει,
2601 2345 2697 2398 καὶ
2737 2344 2836 2416 τὴν
2870 2345 2963 2396 ἐπὶ
3007 2342 3114 2396 τῶν
3162 2338 3460 2411 βασιλειῶν.
3488 2337 3623 2393 Kal

379 2433 758 2509 custodierunt.

2036 2439 2107 2494 τὰ
2133 2439 2422 2508 μαρτύρια
2450 2436 2636 2491 αὐτοῦ
2675 2438 2785 2490 οὐκ
2813 2433 3209 2505 ἐφυλάξαντο.

452 2543 543 2598 57.
595 2541 661 2595 Et
694 2544 991 2594 averterunt
1038 2552 1125 2601 se,
1171 2549 1277 2588 non
1313 2538 1645 2586 servaverunt
1688 2538 1936 2599 pactum,

2133 2530 2217 2585 ἰαὶ
2250 2529 2659 2599 ἀπέστρεψαν,
2694 2524 2791 2581 καὶ
2835 2527 3159 2596 ἠθέτησαν,
3191 2523 3383 2590 καθὼς
3417 2522 3523 2576 καὶ
3557 2523 3625 2575 οι

380 2632 818 2706 quemadmodum
848 2640 1022 2699 patres
1056 2640 1304 2680 eorum...
1347 2622 1814 2689 Quemadmodum
1849 2635 1872 2689 p

2125 2621 2287 2690 τέρες
2327 2621 2543 2676 αὐτῶν.
2580 2622 2788 2691 Ὠσπερ
2818 2620 2867 2673 ol
2912 2618 3144 2691 πατέρες
3180 2615 3395 2677 αὐτῶν,⁴
3416 2613 3617 2685 φησιν,

383 2733 494 2778 tres
530 2737 749 2786 eorum,
779 2720 883 2781 ait,
913 2719 967 2771 in
1002 2716 1247 2776 deserto,
1287 2712 1626 2779 redemptore
1656 2709 1875 2778 abnegat

2133 2715 2190 2785 τῇ
2222 2713 2413 2785 ἐρήμῳ
2456 2712 2547 2765 τὸν
2594 2712 2791 2782 μόσχον
2832 2711 3179 2780 πεποιήκασι,
3212 2708 3303 2760 τὸν
3328 2706 3625 2778 λυτρωτὴν

382 2816 612 2872 vitulum
644 2813 926 2869 fecerunt:
962 2810 1035 2863 ita
1081 2816 1135 2863 et
1168 2805 1258 2861 isti
1291 2803 1489 2859 erectis
1524 2801 1708 2859 vitulis
1733 2801 1873 2856 sacri

2127 2802 2437 2873 μησάμενον
2485 2799 2627 2855 οὕτω
2671 2802 2766 2855 καὶ
2808 2794 2950 2854 οὗτοι
3003 2800 3163 2853 πάλιν
3206 2799 3308 2862 τὰς
3347 2796 3619 2869 δαμάλεις

385 2909 603 2972 cabant,
635 2904 744 2961 Deo
773 2902 1050 2959 derelicto.

2045 2894 2328 2957 ἀναθέντες
2355 2892 2530 2956 ἔθυον,
2563 2891 3016 2961 ἐγκαταλιπόντες
3035 2890 3184 2944 Θεόν.

453 2997 543 3052 58.
586 2994 654 3048 In
675 2994 811 3047 iram
846 2991 1238 3045 concitaverunt
1257 3002 1375 3040 eum
1402 2986 1456 3039 in
1486 2983 1708 3038 collibus
1732 2984 1862 3038 suis.
1886 2981 1945 3037 ln

2122 2987 2224 3042 Kal
2259 2984 2637 3055 παρώργισαν
2661 2983 2847 3038 αὑτὸν
2871 2985 2940 3038 ἐν
2968 2984 3091 3050 τοῖς
3116 2981 3368 3049 ,ϐουνοῖς
3388 2979 3614 3034 αὐτῶν.

387 3090 641 3145 omnibus
680 3087 824 3142 enim
865 3083 1130 3138 montium
1177 3078 1552 3136 cacuminibus
1596 3076 1879 3131 immolaba

2131 3078 2185 3131 nl.
2234 3077 2413 3129 πᾶσαν
2470 3075 2579 3147 γὰρ
2638 3075 2879 3147 κορυφὴν
2922 3074 3080 3146 ὅρους
3126 3077 3235 3138 τοῖς
3282 3072 3623 3142 ἀκαθάρτοις

387 3165 747 3242 daemonibus,
783 3184 843 3229 ut
869 3174 944 3227 ait
972 3170 1141 3226 Oseas
1173 3168 1437 3239 propheta
1458 3167 1526 3221 ".

1978 3165 2015 3176 ν
2049 3171 2201 3226 ἔθυον
2227 3172 2492 3244 δαίμοσιν,
2519 3169 2594 3232 ὡς
2626 3169 2654 3221 ὁ
2686 3169 2964 3239 προφήτης
3004 3167 3159 3237 Ὧσηέ
3190 3183 3369 3236 φησιν.

457 3270 546 3324 59.
573 3269 789 3322 Audiuit
818 3265 958 3319 Deus
988 3273 1037 3318 et
1066 3262 1280 3332 sprevit,
1320 3268 1370 3314 et
1401 3258 1470 3313 ad
1498 3258 1722 3313 nihilum
1753 3257 1949 3327 redegit

2132 3264 2412 3317 Ἠκουσεν
2437 3263 2470 3314 ὁ
2500 3258 2642 3325 Θεὸς
2674 3258 2772 3312 καὶ
2802 3256 3089 3326 ὑπερεῖδε,
3120 3256 3215 3310 καὶ
3244 3253 3624 3319 ἐξουδένωσε

389 3362 539 3417 valde
569 3360 760 3416 Israel.
780 3357 988 3413 Traditi
1012 3356 1158 3410 enim
1184 3360 1313 3408 sunt
1334 3352 1499 3407 variis
1528 3350 1881 3415 cantivitatibt

2138 3351 2281 3420 όδρα
2334 3348 2589 3419 Ἰσραήλ.
2634 3347 3015 3421 Παρεδόθησαν
3051 3346 3157 3417 γάρ
3206 3348 3284 3410 εἰς
3329 3344 3625 3417 διαφόρους

2050 3443 2437 3516 αἰχμαλωσίας.

460 3540 548 3597 60.
571 3540 637 3595 Et
667 3538 855 3609 repulit
890 3534 1281 3590 tabernaculum
1310 3531 1499 3588 Silam.
1530 3529 1588 3584 ln
1615 3528 1783 3583 Silom
1807 3526 1952 3582 enim

2127 3533 2229 3588 Kal
2258 3532 2540 3587 ἀπώσατο
2586 3530 2702 3600 τὴν
2745 3530 2987 3599 σκηνὴν
3025 3528 3257 3600 Σηλώμ.
3299 3529 3385 3583 Ἑν
3412 3525 3619 3599 Σηλὼμ

392 3642 510 3688 erat
542 3635 693 3702 prius
721 3629 1156 3691 tabernaculum,
1189 3640 1298 3696 quo
1324 3636 1566 3693 tempore
1592 3619 1884 3676 sacerdotio

2130 3640 2159 3695 ρ
2199 3618 2266 3695 ἦν
2329 3622 2390 3675 τὸ
2442 3622 2702 3694 πρότερον
2752 3622 2785 3691 ἠ
2837 3620 3045 3691 σκηνὴ,
3093 3619 3254 3689 ἡνίκα
3301 3616 3622 3687 ἱεράτευσαν

392 3726 716 3780 exercebant
743 3720 858 3776 Heli
900 3729 954 3775 et
983 3717 1221 3773 Samuel.
1256 3712 1668 3770 Tabernaculum
1694 3710 1783 3764 ubi
1812 3709 1878 3762 Ita

2131 3714 2211 3766 λεὶ
2238 3714 2330 3766 καὶ
2358 3712 2625 3783 Σαμουὴλ.
2661 3709 2949 3779 Σκήνωμα
2986 3708 3016 3762 ὃ
3060 3707 3520 3777 κατεσκήνωσεν
3550 3708 3622 3760 ἐν

352 3858 362 3877 ,
395 3815 524 3869 tavit
552 3815 605 3866 in
632 3812 950 3865 hominibus.
975 3807 1406 3863 Tabernaculum
1441 3804 1571 3860 dicit
1596 3816 1799 3866 arcam,
1834 3817 1844 3853 ι

2129 3804 2399 3875 θρώποις.
2432 3804 2703 3874 Σκήνωμα
2726 3803 2825 3871 τὴν
2861 3800 3087 3854 κιόωτόν
3122 3817 3282 3870 φησιν
3300 3841 3315 3863 ,
3345 3799 3488 3870 ἢπερ
3513 3796 3621 3852 άπὸ

397 3903 710 3958 hominibus
741 3901 847 3954 illis
874 3907 1057 3968 erepta
1089 3905 1191 3961 est,
1220 3912 1251 3951 a
1284 3895 1527 3965 quinque
1560 3890 1811 3960 satrapiis
1836 3904 1889 3958 qr

2128 3912 2163 3947 ιν
2190 3892 2490 3965 ἀνθρώπων
2527 3891 2748 3946 ἐκείνων
2781 3891 3060 3963 ἀφῄρηται
3092 3890 3198 3943 τῶν
3232 3891 3391 3944 πέντε
3418 3905 3620 3962 σατραο

395 3995 737 4052 abstulerunt
773 3991 941 4044 illam.

2059 3985 2225 4039 πειῶν
2253 3984 2359 4037 τῶν
2387 3982 2661 4036 λαὸουσῶν
2686 3982 2873 4051 αὑτήν.

468 4085 556 4139 61.
599 4083 667 4136 Ει
708 4080 927 4136 tradidit
964 4079 1018 4132 in
1055 4077 1413 4147 captivitatem
1464 4075 1711 4129 uirtutem
1755 4085 1957 4134 eorum,

2130 4076 2241 4132 Kal
2290 4074 2630 4143 παρέδωκεν
2678 4076 2765 4139 εὶς
2813 4074 3228 4143 αἰχμαλωσίαν
3280 4072 3394 4142 τὴν
3440 4071 3621 4143 ἰσχὺν

396 4188 449 4232 et
480 4172 926 4246 pulchritudinem
957 4184 1161 4223 eorum.
1195 4165 1379 4221 Virtus
1409 4175 1462 4220 et
1485 4161 1831 4235 pulchritudo
1867 4175 1888 4214 ε

2127 4168 2290 4234 ιτῶν,
2338 4168 2436 4221 καὶ
2478 4166 2793 4234 καλλονὴν
2844 4166 3062 4221 αὐτῶν.
3105 4167 3278 4238 ’ἰσχὺς
3318 4166 3491 4219 αὐτῶν
3527 4164 3619 4217 καὶ

400 4285 522 4326 rum
542 4276 658 4325 erat
680 4280 824 4331 arca,
848 4278 969 4334 qua:
989 4261 1184 4317 tradita
1212 4268 1296 4315 est
1317 4259 1372 4313 in
1396 4270 1591 4312 manus
1617 4253 1892 4308 Azotiorul

2125 4279 2172 4333 ιν
2200 4261 2294 4314 καὶ
2321 4258 2550 4331 καλλονὴ
2575 4261 2608 4330 ἡ
2642 4256 2872 4320 κιϐωτὸς
2892 4253 2961 4329 ἦν
2993 4257 3027 4329 ἢ
3062 4257 3411 4330 παραδέδοται
3452 4254 3617 4320 Ἀζω-

2065 4354 2193 4407 τίων
2222 4352 2301 4415 είς
2327 4353 2530 4422 χεῖρας.

473 4467 563 4520 62.
598 4465 666 4519 Et
697 4464 950 4518 conclusit
998 4462 1051 4515 in
1097 4459 1275 4531 gladio
1312 4455 1561 4527 populum
1602 4468 1775 4507 suum.
1823 4450 1961 4505 Cum

2132 4444 2242 4501 Kal
2263 4443 2657 4498 συνέκλεισεν
2682 4444 2767 4509 εἱς
2788 4443 3093 4511 ῥομφαίαν
3112 4440 3217 4495 τὸν
3238 4440 3392 4495 λαὸν
3415 4438 3614 4493 αὐτοῦ.

405 4558 729 4611 ducerentur
762 4555 907 4608 enim
947 4553 1001 4606 in
1032 4551 1396 4621 captivitatem
1445 4545 1832 4605 moriebantur,
1873 4557 1897 4594 n

2122 4537 2355 4609 ιγόμενοι
2381 4536 2492 4608 εγὰρ
2523 4535 2873 4607 αἰχμάλωτοι,
2897 4534 3255 4603 ἀπέθνησκον,
3288 4532 3493 4595 οὐδενὸς
3523 4531 3614 4585 αὐ-

407 4646 554 4699 mine
599 4643 929 4707 auxiliante,
975 4643 1102 4711 quia
1136 4640 1435 4695 familiares
1465 4650 1655 4693 eorum
1706 4634 1830 4704 igne
1871 4648 1899 4686 a

2126 4633 2179 4693 ιτς
2225 4626 2672 4700 ἐπικουροῦντος,
2715 4624 2801 4679 διὰ
2845 4624 2906 4678 τὸ
2944 4623 3441 4696 προδεδαπανῆσθαι
3494 4621 3618 4694 πυρὶ

409 4734 608 4803 sumpti
647 4731 882 4785 fuerant.

2172 4737 2194 4783 ς
2225 4718 2558 4791 ἐπιτηδείους
2585 4716 2783 4772 αὐτῶν.
3646 4758 3664 4793 1

479 4802 568 4877 64.
610 4819 919 4877 Sacerdotes
954 4834 1132 4871 eorum
1160 4819 1214 4870 in
1239 4817 1415 4885 gladio
1443 4816 1759 4869 ceciderunt.
1805 4811 1971 4867 Filios

2143 4815 2207 4864 Ol
2240 4810 2413 4879 ἱερεῖς
2441 4808 2639 4864 αὐτῶν
2668 4810 2738 4863 ἐν
2752 4808 3015 4877 ῥομφαίᾳ
3045 4807 3288 4861 ἔπεσον.
3316 4807 3461 4868 Τοὺς.
3481 4802 3618 4863 υἱοὺς

410 4915 528 4971 Heli
571 4911 870 4969 sacerdotis
902 4909 1034 4963 dicit
1068 4907 1171 4962 :Et
1212 4908 1382 4961 vidua:
1423 4923 1603 4961 eorum
1645 4922 1749 4961 non
1789 4904 1902 4973 plor

2124 4901 2233 4953 ἶλεὶ
2274 4899 2369 4953 τοῦ
2417 4899 2605 4969 ἱερέως
2650 4898 2818 4968 λέγει.
2850 4896 2959 4953 Kal
3005 4901 3063 4951 al
3112 4896 3290 4966 χῆραι
3322 4892 3513 4950 αὐτῶν
3548 4892 3616 4945 οὐ

415 5010 626 5063 buntur.
670 5004 954 5059 Perierunt
985 5001 1132 5055 enim
1172 4998 1360 5053 eodem
1407 4998 1575 5051 exitio
1596 5036 1612 5057 ,
1647 5005 1808 5065 atque
1839 4995 1907 5048 vit

2122 4988 2532 5056 λαυθήσονται.
2558 4987 2936 5043 Συνδιολώλασι
2957 4988 3064 5060 γὰρ
3087 4990 3151 5057 τῇ
3179 4986 3351 5040 αὐτῶν
3370 4982 3614 5053 ἀπωλείᾳ,

415 5099 471 5153 in
501 5104 675 5151 morte
706 5091 1010 5160 conjunctae
1040 5095 1200 5149 sunt,
1244 5099 1420 5154 neque
1456 5084 1709 5153 lacrymis
1742 5094 1801 5137 ut
1837 5083 1907 5139 sol

2125 5081 2168 5134 tl.
2195 5080 2271 5151 τῷ
2308 5081 2416 5133 τῶν
2459 5078 2664 5150 ἀνδρῶν
2703 5080 2914 5150 θανάτῳ
2947 5078 3318 5150 συνήφθησαν,
3362 5075 3489 5149 μηδὲ
3517 5071 3617 5127 τῶν

417 5192 476 5245 in
501 5188 732 5245 mortuis
762 5189 873 5240 lien
904 5181 1194 5252 deploratae
1221 5186 1369 5233 sunt.

2044 5192 2049 5197 ε
2077 5175 2169 5227 ἐπὶ
2194 5176 2403 5244 νεκροῖς
2427 5173 2738 5239 ἀξιωθεῖσαι
2759 5172 3026 5245 δακρύων.

490 5277 580 5333 66.
622 5277 691 5330 Et
718 5271 972 5346 percussit
1008 5270 1248 5325 inimicos
1277 5282 1399 5321 suos
1428 5266 1485 5320 in
1508 5265 1821 5335 posteriora.
1862 5263 1979 5319 Hoc

2148 5264 2256 5319 Kal
2282 5262 2544 5327 ἐπάταξε
2570 5262 2711 5330 τοὺς
2742 5262 2993 5331 ἐχθροὺς
3016 5260 3200 5315 αὑτοῦ
3223 5261 3308 5325 εις
3331 5256 3401 5312 τὰ
3422 5255 3612 5310 ὀπίσω.

420 5370 497 5426 ait
528 5369 660 5440 quia
698 5342 917 5420 Azotios
949 5372 1003 5419 et
1034 5359 1377 5418 Ascalonitas
1427 5358 1483 5413 in
1525 5356 1808 5427 podicibus
1850 5371 1912 5425 pe

2122 5353 2248 5409 οὖτό
2295 5370 2429 5424 φησι
2462 5353 2549 5407 διὰ
2590 5354 2651 5408 τὸ
2692 5354 2974 5419 Ἀζωτίους
3009 5352 3101 5405 καὶ
3137 5347 3517 5409 Ἀσκαλωνίτας
3544 5342 3614 5402 εἰς

418 5437 611 5528 cussit,
636 5459 811 5512 donec
833 5455 1169 5509 remitterent
1196 5466 1401 5508 arcam.

2120 5447 2177 5511 ὰς
2196 5446 2356 5518 ἐδρας
2380 5446 2637 5514 πατάξαι,
2662 5442 2819 5519 ἄχρις
2845 5438 2905 5499 οὗ
2923 5444 3020 5514 τὴν
3044 5442 3272 5497 κιϐωτὸν
3295 5437 3612 5493 ἀπέστειλαν.

492 5552 583 5607 67.
626 5548 691 5604 Et
719 5547 906 5618 repulit
934 5545 1329 5601 tabernaculum
1356 5541 1568 5613 Ioseph.
1612 5537 1726 5598 Hoc
1749 5539 1824 5596 ait
1852 5538 1979 5610 quia

2159 5537 2263 5593 Kal
2308 5536 2587 5593 ἀπώσατο
2630 5536 2696 5591 τὸ
2724 5534 3007 5604 σκήνωμα
3049 5531 3278 5601 Ἰωσήφ.
3315 5528 3478 5584 Τοῦτό
3500 5538 3612 5595 φησι

530 5753 573 5785 "
613 5749 736 5807 οδε.
777 5767 852 5817 ιι,
894 5748 981 5809 12.
