3778 6276
128 342 220 393 557

1177 334 1543 393 EXPOSITIO
1572 335 1638 390 IN
1674 336 2005 394 PSALMUII
2047 339 2327 396 LXXVIII.

3277 342 3388 403 5:3

126 462 195 512 ἓν.θὰ
235 459 303 510 τὺ
338 458 453 528 τὴν
490 455 699 527 Σηλὼμ
748 456 810 508 ὲν
851 456 919 525 τῇ
957 453 1131 525 μερίδι
1177 450 1313 508 εἶναι
1354 455 1448 509 τοῦ
1495 456 1685 526 Ἰωσήφ

1825 456 1989 511 Silom
2017 468 2135 513 erat
2169 459 2223 513 in
2257 459 2505 529 portione
2530 458 2764 530 Joseph;
2797 458 3054 530 Ephraim
3101 470 3281 517 autem
3316 462 3381 517 tl-

132 548 366 617 Ἐφραῖμ
393 548 459 600 δὲ
491 545 617 609 υἱὸς
655 545 875 615 Ἰωσήφ.

180 639 291 693 Kal
330 637 680 703 ἐξελέξατο
736 637 853 704 τὴν
895 635 1103 705 φυλὴν
1154 636 1381 692 Ἰούδιι-
1426 637 1559 691 Ἀπὸ
1604 637 1714 709 γὰρ

120 733 311 801 cuiq;
354 731 499 793 τοὺς
557 729 816 799 βασιλέας
861 729 1135 801 ἐπτοίησεν,
1166 722 1242 782 ὧν
1272 730 1486 801 πρῶτος
1528 730 1710 785 Δαυῖδ.

134 824 319 876 Ὶπὲιν
366 822 472 885 δὲ,
525 822 609 883 ὡς
656 821 830 891 φυλὴν
871 822 992 873 ἀντὶ
1039 821 1211 892 φυλῆς
1260 820 1572 888 ἐξελέξατο,
1614 823 1713 893 τὴν

129 914 290 967 his:
336 913 473 966 ἀντὶ
522 912 632 981 τῆς
673 913 892 983 Ἰωσήφ·
927 912 1022 965 καὶ
1063 913 1226 966 τόπον
1260 914 1380 967 ἀντὶ
1425 914 1621 978 τόπου,
1651 914 1713 968 τὸ

120 1004 227 1073 ἔσρος
438 1002 575 1054 ἀντὶ
607 1001 709 1071 τῆς
736 1000 953 1072 Σηλὼμ.

176 1093 289 1150 Καὶ
322 1093 743 1162 ᾠκοδόμησεν
785 1094 867 1159 ὡς
903 1095 1312 1165 μονοκέρωτος
1352 1097 1419 1151 τὸ
1450 1087 1712 1168 ἆτίασμα

119 1186 315 1240 αὑτοῦ.
376 1185 674 1255 ’Δγίασμα
742 1186 840 1256 μὲν
900 1188 992 1242 τὸν
1045 1188 1187 1242 θεῖον
1248 1192 1305 1243 ὲν
1362 1191 1711 1263 Ἰερουσαλὴμ

120 1277 549 1349 ᾡτοδομηθέντα
572 1276 721 1345 λέγει
749 1276 893 1329 ναόν·
919 1278 1237 1349 Μονόκερως
1263 1278 1320 1332 δὲ
1352 1279 1535 1351 θηρίον
1566 1281 1711 1333 ἐστὶν

122 1372 577 1441 ἐπαταμάχητον,
601 1370 691 1422 διὰ
715 1369 776 1422 τὸ
799 1370 892 1436 ὀξὺ
918 1370 1085 1443 κέρας
1110 1373 1200 1424 ἐπὶ
1224 1370 1475 1443 μετώπου
1501 1372 1707 1443 φέρειν,

121 1465 197 1515 ιιὶ
228 1465 423 1516 πάντα
450 1462 643 1532 τούτῳ
672 1463 915 1533 ἀναιρεῖν
943 1463 1010 1516 τὰ
1040 1462 1222 1534 θηρία.
1247 1463 1409 1531 Λέγει
1438 1459 1549 1526 οὖν,
1580 1465 1708 1517 Ὅτε

119 1553 275 1616 sicut;
318 1555 353 1605 ὁ
394 1553 557 1617 θεῖος
611 1554 931 1626 ᾠκοδομήθη
980 1555 1126 1618 ναὸς,
1169 1553 1243 1618 ὠς
1289 1555 1464 1608 πάντα
1490 1555 1560 1609 τὰ
1583 1555 1706 1627 ἔθνη

118 1647 201 1715 τῆς
222 1646 474 1717 ἐνούσης
506 1649 568 1699 ἐν
602 1646 754 1717 αὑτῷ
788 1646 970 1716 ίσχύος
992 1647 1217 1716 δεύτερα
1251 1646 1549 1716 φαίνεσθαι.

181 1736 560 1798 Ἐξόπισθεν
606 1733 727 1788 τῶν
771 1736 1189 1805 λοχευομένων
1238 1737 1454 1791 ἔλαϐεν
1501 1740 1702 1792 αὐτόν.

119 1827 465 1898 τικτομένων
497 1828 597 1880 καὶ
624 1828 995 1899 γεννωμένων.
1042 1830 1175 1883 Ἀπὸ
1202 1831 1299 1902 τῆς
1322 1834 1701 1904 ποιμαντικῆς,

116 1918 297 1987 φησὶν,
357 1920 714 1991 ἐπιστήμης,
757 1921 850 1973 καὶ
897 1921 990 1975 τοῦ
1035 1922 1235 1976 ειδέναι
1268 1922 1338 1976 τὰ
1378 1924 1704 1998 λοχευόμενα

116 2010 204 2063 τῶν
257 2010 571 2083 προϐάτων
620 2012 995 2081 διαφυλάττειν
1016 2056 1031 2079 ,
1076 2014 1253 2079 καλῶς
1297 2016 1578 2070 ἀναλαὸὼν
1611 2018 1703 2071 καὶ

115 2101 203 2153 ’.ἐν
232 2103 493 2171 λογικῶν
523 2103 860 2175 θρεμμάτων
888 2106 1123 2173 ποιμένα
1154 2108 1439 2179 πεποίηκε.
1466 2109 1703 2178 Ποίμαι-

117 2210 226 2246 νειν
269 2194 501 2249 Ἰακὼϐ
522 2195 633 2248 τόν
656 2194 883 2249 δοῦλον
913 2197 1117 2252 αὐτοῦ.
1151 2198 1424 2261 Τοντέστι,
1449 2200 1701 2254 διδάσκα-

114 2287 187 2352 λος
225 2290 424 2352 what;
464 2288 692 2357 ἀγαθῶν
735 2290 951 2362 τρόπων
990 2292 1223 2361 ἐγένετο,
1271 2293 1337 2347 δι’
1379 2286 1454 2346 ὧν
1498 2292 1701 2346 ἐπεδεί-

116 2396 259 2432 τγπο
285 2379 610 2443 παιδεύσας
633 2380 848 2445 αὐτούς.

170 2468 279 2524 Καὶ
311 2472 391 2524 ἐν
435 2470 577 2536 ταῖς
616 2470 909 2526 συνέσεσι
944 2471 1061 2526 τῶν
1087 2472 1301 2541 χειρῶν
1331 2473 1516 2528 αὑτοῦ
1545 2473 1699 2543 ὡδή-

116 2576 287 2625 mer
328 2562 597 2627 αὐτούς.
640 2560 862 2615 Σύνεσιν
908 2562 1105 2634 χειρῶν
1152 2566 1330 2618 πᾶσαν
1370 2564 1468 2635 τὴν
1513 2567 1572 2619 ὲν
1622 2564 1699 2636 τῷ

116 2654 450 2723 τΜκοντι
473 2652 679 2721 πρᾶξιν
702 2653 989 2725 γινομένην
1015 2656 1195 2726 φησίν.

494 2746 811 2798 ΨΑΑΜΟΣ
839 2743 919 2809 τῷ
958 2746 1160 2816 Ἀσάφ.
1200 2751 1329 2803 011'.

774 2839 1092 2905 'deﬂamc.

113 2927 299 2983 τοῦτον
336 2930 467 3002 ᾄδει
498 2929 595 2982 τὸν
634 2929 845 3001 ψαλμὸν
876 2931 1017 3003 ὑπὲρ
1058 2933 1166 2985 τῶν
1191 2933 1581 3005 ἀναιρεθέντων
1611 2953 1699 2988 πι-

172 3021 321 3092 κρῶς
368 3020 525 3074 κατὰ
556 3023 682 3084 τοὺς
723 3023 948 3093 καιροὺς
978 3023 1071 3076 τοῦ
1119 3025 1410 3096 Ἀντιόχου·
1442 3025 1607 3080 αἰτῶν
1638 3044 1696 3079 τε

1814 546 1923 601 lius
1947 556 2066 602 erat
2087 547 2312 619 Ioseph.

1881 636 1970 689 68.
2012 634 2114 691 Sed
2157 639 2312 708 elegit
2356 638 2550 692 tribum
2594 636 2761 693 Iuda.
2804 636 2884 693 Ex
2929 654 2995 693 ea
3037 640 3183 695 enim
3228 656 3384 713 reges

1813 730 2132 795 constituit,
2173 745 2404 800 quorum
2435 732 2643 801 primus
2675 730 2775 787 fuit
2830 731 3022 788 David.
3080 732 3378 789 Sciendum

1811 828 1992 873 autem
2020 820 2220 875 tribum
2251 836 2348 891 pro
2380 822 2522 876 tribu
2541 823 2770 891 elegisse
2794 821 2985 883 Deum.
3008 824 3207 879 tribum
3237 824 3376 879 Juda

1810 925 1912 979 pro
1939 912 2079 965 tribu
2108 910 2363 983 Iosephi;
2394 923 2447 967 et
2476 914 2653 969 locum
2687 929 2788 984 pro
2809 915 2949 980 loco,
2974 927 3213 971 montem
3243 916 3376 973 Sion

1811 1016 1909 1071 pro
1936 999 2130 1056 Silam.

1879 1093 1967 1147 69.
2013 1093 2083 1147 Et
2127 1094 2411 1163 (edi/ienuit
2455 1096 2592 1149 sicut
2639 1097 2973 1151 unicoruium
3023 1098 3376 1167 sanctiﬁcium

1809 1200 1986 1239 suum.
2011 1183 2381 1241 Sanctiﬁcium
2409 1188 2561 1251 dicit,
2585 1188 2829 1243 divinum
2860 1189 2916 1244 in
2945 1187 3248 1245 Jerusalem
3277 1206 3375 1246 ex-

1810 1271 2030 1326 citatum
2066 1276 2345 1344 templum.
2381 1274 2668 1333 Unicornis
2700 1288 2880 1334 autem
2902 1319 2918 1345 ,
2958 1279 3071 1334 fera
3101 1289 3185 1335 est
3223 1280 3375 1335 inex-

1808 1364 2135 1434 pugnabilis,
2162 1367 2291 1435 quia
2322 1378 2539 1422 acutum
2571 1368 2627 1423 in
2659 1369 2839 1424 fronte
2869 1386 3040 1425 cornu
3076 1371 3259 1435 habet,
3291 1381 3376 1426 at-

1807 1471 1913 1526 que
1957 1456 2050 1511 illo
2090 1458 2295 1515 belluas
2340 1475 2531 1516 omnes
2566 1462 2836 1519 interﬁcit.
2878 1462 2968 1518 Ait
3001 1463 3185 1534 igitur,
3225 1462 3365 1518 Cum

1807 1558 2145 1606 exstructum
2182 1550 2285 1607 fuit
2320 1554 2575 1623 templum
2622 1554 2775 1622 illud,
2811 1572 3001 1612 omnes
3030 1567 3218 1627 gentes
3259 1556 3373 1612 vir-

1807 1649 1919 1695 tute
1944 1641 1998 1696 in
2028 1643 2119 1697 illo
2145 1654 2397 1700 contenta
2428 1645 2715 1703 inferiores
2747 1648 2918 1705 fuisse
2948 1651 3115 1706 visas.

1882 1729 1970 1795 70,
1990 1731 2081 1787 7i.
2102 1731 2177 1787 De
2193 1744 2309 1803 post
2324 1736 2546 1806 females
2569 1740 2769 1808 accepit
2792 1740 3222 1797 illum.Fetantes
3242 1741 3373 1796 dicit

1805 1829 1962 1876 natas
1993 1832 2047 1876 et
2068 1840 2256 1880 recens
2278 1827 2527 1883 emissas.
2547 1827 2825 1893 Davidem,
2850 1832 2995 1901 quod
3018 1844 3163 1890 esset
3189 1847 3373 1906 pasto-

1804 1913 1941 1967 ritite
1973 1915 2107 1970 artis
2139 1917 2368 1985 peritus,
2414 1927 2469 1974 et
2500 1920 2629 1989 quia
2659 1921 2825 1977 sciret
2852 1922 2990 1980 fetas
3024 1940 3154 1983 oves
3186 1939 3372 1985 custo-

1801 2002 1954 2068 dire,
1999 2006 2193 2061 merito
2242 2012 2568 2080 assumpsit,
2615 2022 2670 2068 et
2723 2015 3132 2074 rationabilium
3184 2023 3369 2078 ovium

1802 2104 2069 2162 pastorem
2101 2100 2402 2154 constituit.
2433 2101 2652 2157 Pascere
2679 2105 2844 2160 Jacob
2874 2123 3081 2163 servum
3107 2128 3285 2169 suum.
3312 2113 3369 2168 Id

1800 2196 1902 2275 est,
1928 2185 2118 2242 doctor
2152 2188 2284 2259 ipsis
2312 2194 2611 2261 proborum
2641 2212 2855 2254 morum
2883 2201 3007 2271 fuit,
3031 2218 3128 2272 per
3152 2219 3215 2260 ea
3245 2220 3370 2275 quae

1801 2274 1933 2332 fecit
1956 2279 2209 2336 erudiens
2231 2297 2345 2339 eos.

1871 2456 1956 2511 72.
1999 2456 2069 2511 Et
2096 2460 2439 2517 intellectibus
2469 2480 2721 2519 manuum
2756 2483 2974 2521 suarum
3008 2467 3229 2522 deduxit
3255 2484 3365 2523 eos.

1799 2544 2130 2605 Intellectum
2193 2568 2497 2620 manuum,
2551 2572 2741 2613 omnes
2805 2568 2962 2614 actus
3019 2561 3365 2616 convenienti

1799 2647 2040 2710 tempore
2068 2643 2244 2698 editos
2272 2644 2421 2701 dicit.

2075 2734 2125 2787 I.
2168 2733 2510 2793 PSALMUS
2541 2738 2742 2809 Asaph.
2782 2739 3114 2797 LXXVIII.

2370 2829 2770 2899 Argumentum.

1796 2931 1953 2990 Hune
1977 2936 2125 2991 canit
2153 2939 2423 3007 psalmum
2452 2956 2551 3009 pro
2584 2942 2651 2997 iis
2680 2945 2773 3011 qui
2818 2944 2871 2997 in
2907 2952 3148 3014 tempore
3173 2944 3364 3001 Antio-

1867 3027 1957 3081 clti
1984 3028 2100 3083 dire
2125 3031 2252 3085 caesi
2283 3041 2429 3088 sunt.
2465 3031 2684 3105 Rogatus
2714 3036 3113 3105 supplicatione
3146 3052 3245 3093 sua
3276 3038 3365 3094 ul-

168 3112 255 3165 διὰ
300 3112 420 3183 τῆς
470 3112 709 3177 ἱκετείας
754 3114 1029 3184 ἐκδίκησιν
1083 3115 1337 3184 γενέσθαι
1385 3116 1485 3185 τῆς
1532 3120 1611 3181 είς
1636 3119 1685 3171 τὶ

1873 3119 2072 3175 tionem
2102 3122 2267 3179 caedis
2307 3124 2359 3178 in
2405 3127 2603 3197 populo
2634 3126 2820 3197 factae,
2850 3130 3130 3186 conversis
3157 3130 3368 3189 scilicet

168 3204 318 3269 ἔθνος
363 3204 672 3276 γινομένης
719 3205 1046 3276 μιαιφονίας,
1092 3207 1571 3279 μεταστραφεισῶν
1608 3208 1700 3281 δη-

167 3297 343 3351 λονότι
378 3297 497 3351 τῶν
540 3297 834 3369 συμφορῶν
879 3299 958 3362 είς
994 3298 1190 3363 αὐτοὺς
1236 3300 1362 3364 τοὺς
1399 3301 1701 3369 ἐπάγοντας

172 3408 372 3455 una;

181 3482 233 3536 Ὀ
280 3483 466 3550 Θεὸς,
506 3482 785 3552 ἤλθοσαν
827 3484 972 3552 ἔθνη
1022 3487 1111 3551 εις
1156 3483 1269 3552 τὴν
1298 3486 1701 3555 κληρονομίαν

116 3591 233 3631 σου,
269 3576 528 3639 Πολλοὺς
559 3576 668 3648 γάρ
705 3577 1018 3646 εἰσαγαγὼν
1066 3580 1095 3631 ὀ
1132 3578 1422 3648 Ἀντίοχος,
1454 3577 1699 3647 είσῆλθεν

116 3670 179 3730 εἷς
213 3668 587 3741 Ἱεροσόλυμα
611 3670 704 3723 καὶ
740 3669 1007 3743 ἐνέπρησε
1032 3670 1123 3723 τὸν
1155 3670 1295 3724 θεῖον
1320 3670 1465 3724 ναόν.
1506 3671 1700 3739 Ἐμία-

117 3774 214 3811 ναν
238 3760 362 3814 τὸν
386 3758 543 3813 ναὸν
569 3759 677 3814 τὸν
700 3760 872 3831 ἅγιόν
903 3777 1040 3817 σου.
1088 3763 1239 3823 Ἰδοὺ.
1270 3761 1425 3831 φησὶ,
1449 3760 1555 3815 τῶν
1589 3761 1697 3815 σῶν

117 3850 427 3921 ἐκράτησαν
475 3848 646 3913 ἄλλοι,
691 3851 784 3903 καὶ
825 3852 893 3905 τὰ
941 3851 1010 3905 σὰ
1060 3853 1166 3905 ὑπὸ
1206 3850 1513 3920 ἀλλοφύλων
1565 3868 1695 3905 κατ-

118 3938 311 4009 έχεται.
353 3943 600 3995 Ἕθεντο
632 3942 1029 4013 Ἰερουσαλὴμ
1061 3946 1151 4009 εις
1182 3942 1690 4012 ὀπωροφυλάκιον.

117 4030 424 4100 Διθολὸγιος
450 4033 617 4097 τόπος
643 4034 776 4087 ὅπου
808 4034 905 4106 τὴν
934 4035 1139 4106 σκηνὴν
1170 4034 1280 4106 ἔχει
1302 4036 1330 4088 ὁ
1357 4034 1453 4098 τὰς
1473 4033 1693 4106 ὀπώρας

120 4122 426 4188 φυλάσσων.

179 4214 433 4268 Ἔθεντο
476 4212 548 4266 τὰ
592 4216 912 4285 θνησιμαῗα
958 4216 1078 4270 τῶν
1116 4216 1353 4272 δούλων
1382 4235 1499 4273 σου
1536 4220 1691 4288 ,βρώ-

119 4316 259 4365 ματα
292 4301 426 4367 τοῖς
464 4303 757 4369 πετεινοῖς
797 4304 904 4358 τοῦ
943 4306 1223 4373 οὐρανοῦ.
1258 4307 1356 4361 Διὰ
1388 4308 1496 4380 γὰρ
1524 4310 1690 4381 ὑπερ-

121 4390 271 4463 ϐολὴν
317 4392 720 4465 ἀπανθρωπίας
752 4395 872 4449 οὐδὲ
922 4395 1146 4451 θάπτειν
1204 4401 1317 4463 τοῖς
1345 4399 1564 4463 οἰκείοις
1592 4402 1688 4453 ὲπ-

1869 3212 2270 3271 calamitatibus
2304 3216 2358 3271 in
2384 3232 2478 3275 eos
2506 3219 2600 3290 qui
2628 3220 2777 3290 ipsas
2802 3222 3134 3279 intulissent.

1868 3477 2033 3544 Deus,
2070 3484 2316 3530 venerunt
2350 3486 2524 3546 gentes
2554 3493 2607 3529 tn
2640 3478 2995 3532 Itwreditatem
3032 3489 3198 3535 tuam.
3228 3480 3365 3535 Mul-

1798 3581 1881 3626 tas
1912 3571 2055 3624 enim
2081 3569 2358 3623 adducens
2387 3578 2573 3637 gentes
2618 3570 2940 3635 Antiochus,
2977 3570 3252 3640 ingressus
3280 3580 3366 3629 est

1794 3661 2210 3733 Jerosolymam,
2236 3670 2290 3717 et
2322 3660 2565 3715 divinum
2587 3662 2843 3730 templum
2868 3662 3128 3717 incendit.
3151 3661 3363 3718 Pollue-

1795 3764 1917 3808 runt
1948 3752 2200 3821 templum
2230 3762 2467 3807 sanctum
2506 3761 2671 3806 tuum.
2705 3752 2873 3817 Ecce,
2906 3754 3115 3824 inquit,
3147 3763 3236 3810 tua
3268 3754 3362 3810 alii

1792 3854 2155 3917 occuparunt,
2199 3855 2253 3903 et
2297 3861 2418 3917 qua:
2450 3854 2542 3900 tua
2587 3856 2715 3901 sunt
2753 3846 2821 3900 ab
2862 3847 3179 3917 alienigenis
3217 3848 3363 3904 deti-

1792 3948 2011 3994 nentur.
2040 3938 2331 3993 Posuerunt
2349 3936 2643 3993 Jerusalem
2670 3940 2724 3992 in
2742 3955 3017 4008 pomorum
3040 3941 3358 3996 custodiam.

1791 4027 2089 4096 Lapidibus
2135 4029 2324 4084 electis
2352 4038 2700 4084 constructus
2726 4038 2810 4084 est
2839 4030 2991 4087 locus
3009 4071 3025 4098 ,
3056 4030 3147 4087 ubi
3184 4031 3362 4085 taber-

1790 4119 2044 4176 naculum
2080 4120 2243 4176 habet
2278 4122 2370 4191 qui
2401 4137 2560 4192 poma
2596 4122 2853 4177 custodit.

1855 4209 1911 4271 2,
1940 4211 1993 4265 '5.
2035 4208 2331 4269 Pgsuerunt
2358 4212 2639 4264 morticina
2670 4228 2934 4266 servorum
2965 4221 3174 4266 tuorum
3211 4229 3357 4268 escas

1788 4303 2092 4357 volatilibus
2125 4303 2261 4358 cteli.
2292 4302 2373 4358 0b
2401 4304 2818 4359 inhumanitatis
2847 4305 3265 4368 vehementiam,
3288 4322 3359 4361 ne

1789 4397 2159 4451 concedebant
2178 4397 2396 4467 quidem
2421 4397 2667 4466 cognatis
2688 4406 2748 4450 ut
2774 4405 3018 4452 mortuos
3046 4398 3356 4455 hnmarent.

120 4482 341 4554 ίτρεπον
361 4484 413 4536 οί
448 4483 696 4555 πολέμιοι
720 4486 846 4550 τοὺς
869 4487 1114 4558 νεκρούς.
1159 4488 1269 4555 Τὰς
1300 4489 1532 4557 σάρκας
1573 4489 1685 4544 τῶν

1825 4488 1987 4542 fames
2030 4497 2331 4541 sanctorum
2381 4498 2588 4540 tuorum
2633 4486 2813 4540 bestiis
2857 4496 3028 4541 teme.
3071 4487 3358 4555 Quomodo

121 4573 300 4624 ὁσίων
345 4588 467 4627 σου
516 4573 640 4639 τοῖς
688 4577 915 4643 θηρίοις
956 4575 1063 4644 τῆς
1113 4576 1248 4646 γῆς.
1280 4579 1404 4641 Πῶς
1441 4579 1548 4650 γὰρ
1592 4582 1688 4653 οὐχ

120 4661 242 4716 ὅποι
269 4665 326 4716 οἱ
354 4665 418 4717 τὸ
442 4658 581 4736 αἷμα
609 4666 931 4736 ἐκχυθέντες
967 4669 1109 4739 ὑπὲρ
1139 4668 1239 4740 τῆς
1261 4669 1355 4723 τοῦ
1391 4670 1553 4740 νόμου
1586 4689 1687 4740 φυ-

121 4751 301 4826 λακῆς,
334 4751 413 4810 ὧν
443 4752 582 4828 ἦσαν
612 4758 662 4810 οἱ
694 4757 1033 4828 Μαχαόαῖοις

191 4848 667 4916 Ἐκκαυθήσεται
693 4850 773 4914 ὡς
809 4848 928 4917 πῦρ
957 4852 991 4902 ὀ
1027 4848 1206 4918 ζῆλος
1246 4865 1383 4905 σου.
1415 4852 1683 4925 Ζήλωσον,

125 4938 267 5006 φησὶ,
314 4937 407 4991 διὰ
450 4938 514 4991 τὸ
560 4939 651 4992 σὺν
699 4938 869 5010 ὄνομα
908 4939 971 4993 τὸ
1018 4940 1504 5014 βλασφημούμενον
1534 4946 1687 5016 παρὰ

123 5023 219 5077 τῶν
245 5025 477 5095 ἐχθρῶν.
660 5024 665 5033 ’

183 5116 277 5185 Μὴ
313 5116 599 5187 μνησθῇς
640 5118 811 5187 ἡμῶν
843 5120 1105 5190 ἀνομιῶν
1148 5122 1431 5193 ἀρχαίων.
1473 5125 1586 5189 Τὰς
1626 5127 1683 5180 ὲν

128 5207 368 5281 Αἰγύπτῳ
394 5208 541 5278 λέγει
577 5210 852 5281 ἁμαρτίας
880 5211 1130 5282 ἀρχαίας.

190 5384 421 5452 Μήποτε
449 5387 667 5440 εἴπωσι
703 5391 778 5440 τὰ
802 5387 967 5456 ἕθνηο
996 5390 1121 5444 Ποῦ
1151 5390 1324 5445 ἐστιν
1346 5394 1379 5446 ό
1410 5391 1552 5459 Θεὸς
1579 5395 1683 5447 αὐ-

137 5469 266 5536 τῶνς
292 5476 352 5528 Εἰ
381 5477 476 5530 καὶ
520 5475 824 5548 ἐμποδίζει,
867 5479 1019 5550 φησὶ,
1059 5481 1125 5550 τῇ
1160 5480 1405 5552 ἡμετέρα
1438 5474 1682 5553 σωτηρία

138 5566 398 5640 τσπλῆθος
423 5570 533 5625 τῶν
564 5570 848 5642 ἡμετέρων
880 5572 1178 5644 ἁμαρτιῶνο
1216 5571 1351 5625 ἀλλὰ
1387 5572 1472 5626 διὰ
1502 5574 1561 5627 τὸ
1591 5574 1681 5628 σὸν

137 5656 281 5730 bna:
310 5663 534 5737 ποίησον
548 5663 691 5733 ἡμῖν
717 5662 804 5717 διὰ
834 5664 923 5717 τὸν
946 5664 1245 5720 ὀνειδισμὸν
1276 5663 1335 5718 ὃν
1364 5665 1680 5737 ἐπιφέρωσι

1789 4580 1934 4633 enim
1985 4579 2160 4634 sancti
2202 4593 2311 4632 non
2362 4577 2564 4631 fuerint
2614 4593 2851 4648 quorum
2894 4581 3117 4651 sanguis
3147 4581 3356 4637 eﬂ‘usus

1787 4681 1870 4726 est
1895 4685 1994 4740 pro
2024 4671 2157 4741 legis
2186 4669 2553 4738 observantia,
2582 4685 2648 4725 ex
2676 4687 2909 4741 quorum
2942 4687 3100 4728 erant
3133 4691 3358 4729 numero

1787 4762 2097 4817 Macbabaai.

1857 4853 1911 4916 5,
1946 4852 1998 4906 6.
2041 4851 2360 4907 Exardescet
2402 4854 2539 4907 sicut
2572 4854 2709 4925 ignis
2739 4854 2882 4908 zelus
2920 4864 3062 4907 tuus.
3110 4854 3236 4909 Zeto
3265 4871 3356 4911 ae—

1785 4942 2032 5011 cendere,
2087 4945 2281 5015 inquit,
2327 4955 2549 5017 propter
2594 4961 2792 5001 nomen
2823 4957 2975 5001 tuum
3006 4928 3076 5000 ab
3118 4947 3356 5002 inimicis

1784 5033 2238 5104 blaspltematum.

1856 5123 1912 5179 8.
1954 5122 2037 5179 Ne
2069 5127 2366 5181 memineris
2393 5126 2734 5198 iniquitatum
2761 5134 3064 5180 nostrarum
3106 5126 3356 5196 antiqua-

1786 5233 1923 5271 rum.
1946 5215 2173 5282 Peccata
2198 5218 2331 5274 dicit
2356 5220 2577 5289 antiqua
2612 5234 2733 5288 qua:
2762 5218 2817 5271 in
2846 5215 3079 5288 Egypto
3110 5217 3351 5273 admissa

1784 5317 1945 5452 sui];
1990 5388 2073 5453 Ne
2102 5398 2237 5468 forte
2257 5400 2438 5453 dicunt
2471 5401 2525 5452 in
2552 5399 2789 5471 gentibus
2814 5416 2833 5453 :
2867 5397 2966 5455 Ubi
2994 5410 3073 5456 est
3103 5400 3242 5459 Deus
3265 5421 3355 5460 eo-

1785 5492 1947 5543 rum?
1984 5489 2247 5557 Etiamsi,
2294 5490 2508 5561 inquit,
2552 5490 2843 5546 tnultitudo
2871 5503 3219 5563 peccatorum
3255 5512 3355 5551 no-

1785 5591 2024 5637 strorum
2067 5582 2513 5652 impedimentum
2573 5592 2656 5639 est
2699 5593 2901 5640 nostra:
2959 5586 3151 5642 salutis
3193 5601 3208 5638 :
3255 5587 3351 5642 sed

1785 5682 2004 5746 propter
2042 5690 2240 5733 nomen
2282 5685 2434 5731 tuum
2486 5675 2679 5749 adiuva
2725 5692 2849 5745 nos,
2898 5687 3118 5749 propter
3164 5678 3353 5734 eonvi-
