3778 6276
371 326 479 384 359

1219 318 1278 372 S.
1317 311 1695 372 ATHA‘NASII
1737 310 1890 367 OPP.
1935 308 2112 363 PARS
2151 308 2238 362 lll.
2273 337 2340 347 ο-
2380 303 2787 361 EXEGETICA.

3497 299 3658 353 560

372 443 516 500 cium
547 438 690 510 quod
718 438 996 509 proferunt
1023 435 1077 490 in
1104 443 1176 502 te,
1215 443 1432 505 propter
1461 433 1775 504 sanguinem
1808 445 1924 485 ser-
1954 483 1957 491 ε

2091 428 2130 492 ὶ,
2167 427 2254 480 διὰ
2298 426 2360 481 τὸ
2405 421 2541 496 αἷμα
2582 424 2642 477 τὸ
2683 422 3036 492 ὲκχυνὸμενον
3072 417 3181 472 τῶν
3223 415 3330 471 σῶν
3367 414 3654 481 δούλων,

373 548 564 590 vorum
615 541 829 586 tuorum
871 530 965 600 qui
1005 527 1211 583 eﬂ‘usus
1259 535 1372 591 est,
1418 534 1636 596 propter
1672 522 1932 594 gemitum

373 623 823 693 compeditorum.

448 715 534 768 il.
573 713 869 769 Secundum
913 707 1321 780 magnitudinem
1366 703 1562 758 brachii
1603 701 1682 754 tui
1728 700 1935 770 posside

377 805 517 875 ﬁlios
555 805 1010 870 mortiﬁcatorum.
1037 800 1248 855 Virtute
1279 795 1487 850 brachii
1513 795 1613 859 tui,
1639 793 1734 857 ait,
1757 792 1936 848 salvos

379 896 464 951 fac
486 911 580 950 eos
609 896 698 966 qui
730 911 759 948 a
788 893 932 948 caede
961 891 1160 946 residui
1191 899 1337 944 sunt.

381 1072 432 1126 1.
459 1071 524 1126 In
543 1073 720 1142 finem,
747 1087 840 1140 pro
862 1069 926 1121 iis
956 1068 1048 1138 qui
1071 1064 1553 1124 commutabantar,
1578 1061 1934 1115 testimonium

540 1163 735 1232 Asaph,
771 1157 1004 1214 PSALM
1017 1156 1102 1211 US
1124 1172 1218 1225 pro
1244 1154 1498 1224 Assyriis.
1526 1151 1786 1206 LXXIX.

949 1291 1348 1360 Argumentum.
1365 1294 1390 1318 ‘

382 1385 458 1440 Ex
500 1387 670 1455 prima
701 1388 987 1439 verborum
1028 1383 1292 1437 sententia
1326 1389 1478 1452 rogat
1510 1379 1936 1436 misericordiam

457 1479 672 1547 assequi
704 1494 796 1531 cos
829 1475 920 1546 qui
955 1476 1022 1529 ab
1053 1475 1275 1544 Assyrio
1308 1475 1360 1527 in
1393 1475 1707 1528 servitutem
1740 1473 1938 1528 redacti

448 1576 620 1622 erant.
672 1565 776 1620 Sed
825 1565 1139 1620 sublimiore
1185 1563 1489 1630 sententia,
1536 1571 1690 1630 rogat
1734 1575 1832 1631 pro
1873 1561 1940 1616 iis

452 1659 543 1729 qui
597 1658 927 1728 spiritualem
968 1656 1332 1726 captivitatem
1381 1654 1530 1725 passi
1579 1662 1741 1719 sunt,
1792 1661 1942 1723 post-

451 1766 614 1820 quam
647 1749 698 1802 in
733 1765 948 1803 crucem
978 1757 1130 1802 actus
1164 1755 1248 1802 est
1273 1745 1536 1802 Dominus
1584 1762 1613 1799 a
1644 1744 1940 1816 spirituali-
1972 1773 2017 1830 Β

450 1840 552 1895 bus
603 1842 861 1910 Assyriis,
914 1849 966 1894 et
1017 1838 1086 1892 ab
1133 1853 1322 1893 eorum
1381 1837 1644 1908 principe,
1695 1835 1942 1889 videlicet

453 1929 673 1986 Satana.
701 1931 1162 2000 Supplicationem
1193 1943 1320 1999 ergo
1349 1929 1596 1990 effundit,
1624 1942 1824 1997 rogans
1849 1925 1944 1979 ad-

453 2032 674 2079 ventum
718 2022 1015 2077 Salvatoris
1053 2021 1226 2077 nostri
1267 2029 1322 2075 et
1367 2020 1740 2076 liberationem
1777 2016 1943 2072 totius

457 2115 670 2187 generis
702 2113 1001 2170 Israelitici.

452 2207 508 2260 9.
547 2199 651 2270 Qui
681 2207 813 2275 regis
844 2203 1034 2269 Israel,
1061 2202 1288 2258 intende.
1310 2201 1406 2265 Te,
1442 2201 1689 2264 Domine,
1719 2199 1810 2270 qui
1846 2215 1944 2270 pa-

386 2299 549 2356 storis
590 2299 782 2365 instar,
812 2297 993 2367 populi
1031 2295 1444 2352 sollicitudinem
1476 2293 1618 2364 geris
1639 2332 1654 2356 ,
1691 2307 1821 2362 rogo
1854 2293 1947 2345 ad-

387 2393 568 2445 mittas
596 2390 1026 2461 deprecationem
1059 2404 1256 2442 meam.

455 2480 510 2535 5.
547 2479 650 2545 Qui
699 2479 844 2533 sedes
872 2494 1027 2546 super
1055 2476 1317 2531 cherubim
1340 2515 1355 2541 ,
1396 2473 1730 2543 manifestare
1771 2487 1949 2526 coram

390 2571 664 2642 Ephraim,
708 2570 990 2638 Benjamin
1019 2579 1068 2623 et
1103 2567 1370 2621 Manasse.
1395 2566 1534 2619 Dum
1569 2563 1839 2618 incederet
1870 2575 1950 2616 ta-

390 2668 773 2730 bernaculum,
809 2679 916 2718 una
952 2663 1339 2733 gradiebantur
1384 2669 1494 2714 tres
1535 2658 1738 2720 tribus,
1783 2655 1950 2711 Judas

391 2770 602 2826 nempe,
646 2754 892 2810 lssachar
938 2763 991 2808 et
1039 2753 1302 2830 Zabulon.
1357 2749 1837 2820 Subsequebantur
1883 2747 1951 2802 ad

393 2848 673 2903 meridiem
722 2856 832 2902 tres
880 2847 1018 2912 alite,
1069 2843 1358 2914 Epliraim,
1413 2839 1692 2911 Benjamin
1739 2847 1794 2893 et
1840 2837 1951 2892 Ma-

393 2957 570 2997 nasse.
601 2939 732 2995 Erat
763 2947 940 2994 autem
969 2939 1022 2992 in
1051 2937 1329 2993 cherubim
1361 2934 1540 2989 aureis
1571 2947 1734 3002 supra
1766 2947 1948 2986 arcam

394 3031 584 3102 positis
615 3030 784 3101 gloria
830 3028 945 3090 Dei,
985 3029 1077 3098 qui
1111 3027 1260 3097 ipsos
1288 3023 1624 3095 praecedebat
1651 3036 1774 3075 cum
1806 3021 1953 3074 ince-

2035 518 2121 572 διὰ
2149 517 2239 570 τὸν
2271 515 2566 586 στεναγμὸν
2589 514 2695 566 τῶν
2729 509 3133 581 πεπεδημένων.

2103 685 2263 741 Κατὰ
2307 685 2420 754 τὴν
2468 684 2908 756 μεγαλωσύνην
2954 682 3060 736 τοῦ
3100 681 3426 750 ,βραχίονός
3479 696 3652 735 σου

2034 779 2412 848 περιποίησαι
2445 776 2586 843 τοὺς
2616 775 2784 842 υἱοὺς
2820 773 2938 829 τῶν
2981 771 3493 841 τεθανατωμένων.
3532 771 3644 839 Τῇ

2033 870 2282 940 δυνάμει,
2318 869 2470 938 φησὶ,
2503 866 2597 921 τοῦ
2647 867 2924 938 βραχίονός
2960 882 3053 918 σου
3084 863 3252 916 σῶσον
3277 863 3400 925 τοὺς
3427 878 3608 915 κατα

2034 959 2346 1029 λειφθέντας
2377 962 2440 1012 ὲκ
2468 959 2575 1012 τῶν
2601 956 2972 1029 ἀνῃρημένων.

2034 1053 2138 1118 Εἰς
2181 1049 2354 1116 τέλος
2396 1050 2547 1117 ὑπὲρ
2581 1049 2698 1102 τῶν
2737 1047 3324 1116 ἀλλοιωθησομένων,
3370 1045 3644 1114 μαρτύ-

2093 1153 2229 1203 ⁴ριον
2263 1132 2369 1188 τοῦ
2421 1132 2622 1201 Ἁσὰερ,
2670 1133 2974 1186 ΨΑΛΜΟΣ
3022 1130 3173 1198 ὑπὲρ
3219 1127 3337 1181 τῶν
3387 1129 3648 1181 Ἀσσυ-

2097 1215 2266 1282 ρίων.
2295 1217 2418 1268 ΟΘ’.

2663 1280 2983 1344 ’Υπόθεσις.

2037 1372 2192 1425 Κατὰ
2227 1373 2323 1443 μὲν
2359 1371 2420 1424 τὸ
2463 1372 2749 1442 πρόχειρον
2791 1368 2889 1439 τῆς
2919 1367 3114 1433 λέξεως
3143 1363 3424 1434 ἐλεηθῆναι
3457 1362 3647 1428 ἀξιοῖ

2108 1462 2234 1525 τοὺς
2277 1462 2380 1514 ὑπὸ
2427 1461 2523 1514 τοῦ
2567 1459 2848 1530 Ἀσσυρίου
2891 1453 3411 1514 καταδουλωθένταςο
3455 1451 3639 1503 κατὰ.

2108 1553 2163 1605 δὲ
2189 1552 2284 1621 τὴν
2312 1551 2648 1623 ὑψηλοτέραν
2685 1551 2938 1614 διάνοιαν,
2966 1546 3103 1617 ὑπὲρ
3142 1545 3246 1598 τῶν
3275 1543 3642 1613 ὑπομεινάν-

2108 1662 2213 1698 των
2242 1645 2337 1716 τὴν
2377 1644 2752 1715 αἰχμαλωσίαν
2797 1645 2893 1713 τὴν
2935 1640 3148 1711 νοητὴν,
3187 1637 3321 1708 μετὰ
3345 1637 3432 1688 τὸν
3461 1635 3638 1688 κατὰ

2109 1734 2202 1786 τοῦ
2236 1735 2438 1806 Κυρίου
2488 1733 2717 1804 σταυρὸν
2758 1733 2862 1785 ὑπὸ
2904 1731 3010 1784 τῶν
3040 1728 3241 1796 νοητῶν
3282 1725 3633 1795 Ἀσσυρίων,

2112 1826 2207 1880 καὶ
2235 1825 2395 1878 αὐτοῦ
2440 1824 2530 1878 τοῦ
2580 1824 2832 1896 ἄρχοντος
2864 1821 3059 1885 αὐτῶν,
3093 1818 3234 1890 φημὶ
3265 1817 3326 1889 δὴ
3367 1815 3457 1869 τοῦ
3503 1817 3634 1868 Σα-

2113 1917 2269 1969 τανᾶ.
2304 1914 2555 1969 ’ἱκετείαν
2578 1910 2668 1968 οὖν
2697 1913 3073 1986 προϐάλλεται,
3099 1909 3260 1975 ἀξιῶν
3286 1907 3633 1975 ἐπιφάνειαν

2113 2007 2364 2075 γενέσθαι
2389 2007 2482 2062 τοῦ
2507 2007 2755 2079 Σωτῆρος
2784 2005 2936 2076 ἡμῶν
2955 2043 2969 2069 ,
2997 2003 3091 2056 καὶ
3118 2000 3467 2069 ἐλευθέρωσιν
3514 1996 3629 2051 τοῦ

2109 2101 2308 2164 παντὸς
2342 2100 2530 2169 γένους
2565 2099 2657 2153 τοῦ
2707 2097 2937 2169 Ἰσραήλ.

2125 2193 2180 2244 '0
2213 2193 2539 2261 ποιμαίνων
2579 2190 2686 2244 τὸν
2729 2189 3002 2258 Ἰσραὴλ,
3043 2187 3324 2253 ποόσχες.
3368 2182 3466 2245 Σὲ,
3523 2181 3632 2235 ’ἱξ-

2049 2299 2237 2344 σποτα,
2270 2282 2361 2335 τὸν
2397 2281 2644 2353 ποιμένος
2672 2279 2826 2350 δίκην
2851 2277 2943 2331 τοῦ
2975 2274 3104 2328 λαοῦ
3130 2269 3627 2344 προμηθούμενον,

2046 2373 2294 2440 δέξασθαί
2331 2389 2430 2443 μου
2457 2372 2555 2443 τὴν
2583 2372 2813 2424 ἱκετείαν
2837 2365 3116 2422 ἀντιϐολῶ.

2127 2465 2180 2516 '0
2243 2463 2573 2531 καθήμενος
2632 2460 2729 2514 ἐπὶ
2778 2459 2896 2512 τῶν
2953 2454 3264 2527 χερουϐὶμ,
3312 2448 3628 2521 ἐμφὰνηθι

2046 2555 2321 2608 ἐναντίον
2358 2553 2624 2622 Ἐφραῒμ,
2660 2551 2756 2605 καὶ
2791 2547 3090 2617 Βενιαμὶν,
3136 2544 3235 2598 καὶ
3279 2538 3625 2605 Μανασσῆ.

2061 2648 2147 2700 Ἐν
2189 2649 2252 2717 τῇ
2302 2645 2494 2716 πορείᾳ
2538 2643 2638 2713 τῆς
2694 2643 2896 2713 σκηνῆς
2949 2635 3189 2702 ἐϐάδιζον
3232 2639 3378 2707 τρεῖς
3420 2631 3626 2702 φυλαὶ,

2063 2735 2246 2798 Ἰούδα,
2293 2735 2384 2787 καί⁵
2426 2733 2660 2804 Ἰσάχαρ,
2705 2732 2797 2784 καὶ
2827 2728 3127 2785 Ζαϐουλὼν.
3163 2723 3520 2781 Ἠκολούθουν
3564 2722 3628 2775 δὲ

2051 2827 2190 2880 κατὰ
2219 2827 2366 2880 νότον
2391 2829 2537 2897 τρεῖς
2560 2825 2762 2896 ἕτεραι·
2790 2825 2823 2895 ἡ
2855 2823 2947 2876 τοῦ
2992 2819 3259 2892 Ἐφραῒμ,
3293 2820 3326 2889 ἡ
3355 2816 3444 2871 τοῦ
3482 2817 3626 2868 Βεν-

2055 2921 2203 2990 ιαμὶν
2254 2918 2346 2972 καὶ
2396 2917 2490 2970 τοῦ
2538 2917 2820 2987 Μανασσῆ.
2859 2910 2967 2968 Ἦν
3011 2914 3068 2966 δὲ
3108 2913 3197 2964 ἐπὶ¹
3238 2910 3343 2964 τῶν
3393 2907 3628 2979 χρυσῶν

2051 3010 2313 3080 χερουϐὶμ
2354 3008 2461 3061 τῶν
2501 3008 2684 3060 ἐπάνω
2715 3006 2814 3075 τῆς
2857 3003 3088 3058 κιϐωτοῦ
3135 3003 3258 3068 δόξα
3289 3000 3442 3054 Θεοῦο
3481 3016 3627 3070 προ-

395 3089 724 3178 ξιοτεῐιι.νΤιι
777 3121 961 3189 itaque
1002 3089 1094 3188 qui
1132 3089 1306 3172 sedes.
1337 3129 1500 3184 super
1544 3112 1861 3176 cherubim,
1899 3119 1952 3165 et

2091 3102 2261 3155 δάδισε
2294 3100 2399 3174 γὰρ
2431 3099 2604 3153 αὐτῶν
2631 3099 2771 3153 κατὰ
2799 3099 2896 3169 τὴν
2929 3095 3170 3168 πορείαν.
3198 3095 3269 3147 Σὺ
3303 3089 3394 3146 οῦν
3419 3093 3448 3143 ὁ
3482 3089 3627 3144 καθ-

396 3215 656 3285 praecedis
681 3228 886 3275 arcam,
919 3213 990 3265 ita
1022 3223 1082 3266 ut
1106 3211 1184 3266 sis
1211 3219 1337 3264 ante
1361 3207 1644 3276 Ephraim,
1676 3201 1955 3272 Benjamin

397 3315 452 3360 et
481 3305 726 3360 Manasse
747 3303 889 3376 (nam
917 3320 1094 3358 coram
1117 3301 1386 3370 signiﬁcat
1417 3299 1471 3353 in
1501 3295 1837 3366 conspectu),
1863 3308 1958 3363 per

400 3405 546 3451 tuam
572 3395 868 3466 potentiam
899 3394 1127 3449 salutem
1159 3393 1307 3446 dato.

470 3653 524 3709 9.
575 3651 790 3706 Vineam
816 3653 879 3706 de
899 3649 1131 3722 .IEgypto
1158 3648 1499 3704 transtulisti.
1529 3645 1782 3702 lsraelem
1807 3645 1958 3701 dicit.

403 3741 629 3812 Ejecisti.
655 3752 824 3813 gentes
846 3783 862 3808 ,
896 3751 946 3795 et
977 3741 1231 3812 plantasti
1272 3757 1406 3794 eam.
1433 3737 1568 3793 Nam
1596 3753 1720 3794 cum
1759 3751 1963 3808 praece-

401 3831 560 3891 deres
577 3848 693 3897 eos,
722 3833 929 3902 eiecisti
959 3847 989 3885 a
1010 3830 1151 3885 facie
1181 3846 1371 3886 eorum
1403 3838 1613 3902 gentes.

478 4009 563 4064 il.
606 4008 820 4079 Operuit
852 4016 1048 4062 montes
1078 4008 1264 4062 umbra
1296 4007 1430 4076 ejus.
1461 4004 1661 4060 Umbra
1683 4003 1855 4058 vineae
1881 4009 1968 4057 est

405 4101 592 4173 legalis
623 4102 834 4168 cultus,
880 4100 1007 4171 quia
1041 4099 1124 4155 lex
1158 4100 1406 4154 umbram
1439 4097 1746 4152 futurorum
1795 4096 1966 4150 bono-

406 4209 528 4250 rum
571 4195 830 4250 continet.
878 4192 1084 4249 Montes
1135 4192 1267 4248 dicit
1311 4190 1480 4245 Silom
1515 4198 1569 4245 et
1613 4188 1762 4243 Sion.
1809 4187 1864 4241 In
1896 4187 1967 4240 iis

406 4304 642 4359 namque
690 4287 904 4342 duobus
954 4287 1091 4341 locis
1146 4283 1556 4339 tabernaculum
1613 4280 1966 4337 constitutum

410 4382 530 4437 luit.
561 4381 706 4436 Nihil
749 4397 878 4452 ergo
923 4380 1068 4434 aliud
1096 4378 1382 4450 signiﬁcat,
1430 4374 1534 4428 nisi
1579 4373 1720 4442 quod
1751 4371 1964 4441 legalia,

411 4489 532 4544 qua:
562 4473 870 4527 futurorum
913 4473 1180 4526 bonorum
1214 4470 1404 4523 umbra
1450 4472 1634 4529 erant,
1671 4463 1724 4516 in
1754 4462 1967 4516 duobus

411 4566 562 4620 hisce
608 4565 882 4618 montibus
921 4564 1186 4618 celebrata
1235 4559 1455 4614 fuerint.
1502 4556 1568 4609 Et
1609 4557 1823 4608 arbusta
1857 4553 1968 4623 ejus

413 4657 592 4711 cedro:
640 4655 753 4708 Dei.
791 4654 951 4708 Cedri
995 4662 1120 4708 sunt
1163 4653 1409 4706 caelestes
1446 4651 1709 4712 virtutes;
1749 4646 1971 4700 arbusta

414 4758 592 4804 autem
621 4747 790 4800 vineae
813 4786 828 4809 ,
859 4745 1132 4814 prophetae
1162 4744 1215 4797 in
1268 4743 1466 4812 populo
1498 4741 1589 4810 qui
1634 4741 1687 4793 in
1738 4738 1972 4794 sublime

414 4839 792 4902 efferebantur,
822 4844 876 4890 et
902 4834 1252 4904 quiescebant
1280 4835 1334 4887 in
1374 4831 1624 4902 supernis
1647 4841 1703 4886 et
1734 4830 1973 4884 rationa-

418 4933 559 4988 libus
585 4915 961 5003 potestatibus.

489 5025 575 5079 ιε.
614 5021 862 5077 Extendit
897 5017 1138 5089 palmites
1187 5030 1306 5068 suos
1351 5029 1511 5082 usque
1541 5012 1608 5066 ad
1657 5028 1819 5066 mare.
1850 5008 1971 5063 Pal-

420 5115 579 5170 mites
634 5121 690 5168 et
730 5108 1054 5181 pr0pagines
1102 5105 1274 5158 vinea:
1335 5103 1463 5158 dicit
1508 5117 1724 5156 omnem
1789 5096 1972 5169 p0puli

420 5203 842 5265 multitudinem,
874 5214 994 5268 qua:
1021 5194 1355 5267 pertingebat
1379 5208 1408 5247 a
1451 5191 1674 5247 ﬂumine
1701 5189 1975 5259 Euphrate

422 5300 488 5354 ad
518 5311 691 5366 usque
721 5309 871 5349 mare
897 5291 1158 5346 Indicum.

495 5390 584 5455 15,
629 5388 717 5441 Η.
762 5384 958 5456 thuid
1000 5380 1312 5438 destruxisti
1343 5377 1625 5432 maceriam
1655 5373 1818 5443 ejus?
1858 5370 1975 5425 Ma-

2056 3197 2253 3265 ¹ἥμενος
2287 3194 2376 3246 ἐπὶ
2407 3193 2514 3245 τῶν
2548 3189 2829 3262 χερουϐὶμ,
2866 3189 2958 3242 καὶ
3002 3185 3473 3258 προπορευόμενος
3520 3183 3625 3252 τῆς

2057 3285 2321 3349 κιϐωτοῦ,
2363 3285 2438 3348 ὡς
2470 3279 2608 3337 εἶναι
2642 3279 2944 3352 ἔμπροσθεν
2984 3278 3077 3332 τοῦ
3117 3275 3382 3348 Ἑφραῒμ,
3426 3275 3628 3327 Βενια-

2061 3374 2150 3444 μὶν
2201 3373 2293 3426 καὶ
2339 3373 2601 3440 Μανασσῆ
2668 3371 2746 3442 (τὸ
2789 3369 2896 3440 γὰρ
2936 3367 3209 3422 ἐναντίον
3257 3363 3510 3435 σημαίνει
3561 3362 3626 3413 τὸ

2057 3464 2405 3536 ἔμπροσθεν),
2432 3464 2519 3518 διὰ
2540 3465 2634 3536 τῆς
2660 3461 2854 3518 σαυτοῦ
2881 3459 3194 3522 δυναστείας
3219 3457 3314 3529 τῆν
3345 3456 3626 3526 σωτηρίαν

2059 3557 2318 3610 ἐπιδίδου.

2130 3649 2422 3716 Ἄμπελον
2464 3646 2532 3710 ἐξ
2577 3646 2874 3714 Αἰγύπτου
2917 3640 3197 3712 μετῇρας.
3247 3639 3349 3692 Τὸν
3403 3635 3626 3707 Ἰσραήλ

2062 3756 2243 3809 φησιν.
2290 3738 2595 3802 Ἑξέϐαλες
2620 3737 2785 3803 ἔθνη.
2817 3734 2912 3788 καὶ
2940 3733 3383 3802 κατεφύτευσας
3405 3727 3620 3792 αὑτήν.

2062 3829 2532 3900 Προπορευόμενος
2559 3826 2686 3898 γὰρ,
2717 3825 2965 3892 ἐξέϐαλες
2995 3825 3102 3879 ἀπὸ
3122 3819 3410 3893 προσώπου
3442 3817 3626 3872 αὐτῶν

2062 3919 2130 3972 τὰ
2155 3919 2301 3990 ἔθνη.

2146 4009 2478 4077 Ἐκάλυψεν
2502 4008 2605 4076 ὄρη
2634 4008 2672 4075 ἡ
2700 4009 2844 4062 σκιὰ
2869 4004 3072 4074 αὐτῆς.
3100 4003 3233 4059 sua:
3268 4003 3366 4075 μὲν
3394 4002 3492 4072 τῆς
3517 4003 3625 4070 ἀμ-

2065 4102 2225 4155 πέλου
2259 4103 2291 4172 ἡ
2329 4103 2468 4155 κατὰ
2507 4103 2665 4171 νόμον
2698 4100 2939 4171 λατρεία,
2969 4097 3057 4152 διὰ
3093 4099 3152 4150 τὸ
3179 4097 3334 4150 σκιὰν
3362 4095 3502 4164 ἔχειν
3534 4091 3624 4144 τὸν

2064 4192 2225 4262 νόμον
2243 4192 2350 4244 τῶν
2381 4191 2675 4262 μελλόντων
2701 4190 2936 4259 ἀγαθῶν·
2967 4190 3065 4261 δρη
3091 4189 3146 4242 δὲ
3177 4188 3236 4241 τό
3257 4205 3315 4240 τε
3343 4188 3398 4239 ὲν
3425 4182 3623 4256 Σηλὼμ

2067 4283 2240 4337 καὶτὸ
2265 4285 2321 4336 ὲν
2351 4283 2488 4335 Σιών
2515 4300 2696 4352 φησιν.
2739 4282 2824 4334 Ἐν
2848 4279 3056 4343 τούτοις
3083 4280 3192 4349 γὰρ
3232 4281 3340 4342 τοῖς
3382 4277 3499 4329 δυσὶ
3538 4273 3623 4326 τό·

2068 4391 2190 4438 ποις
2223 4373 2454 4444 ἴδρυτοή
2501 4374 2692 4444 σκηνή.
2719 4373 2880 4426 Οὐδὲν
2925 4366 3016 4425 οὖν
3059 4371 3242 4441 ἕτερον
3284 4366 3552 4438 σημαίνει,
3587 4361 3619 4432 ἢ

2068 4465 2150 4516 ὅτι
2176 4463 2242 4516 τὰ
2280 4467 2336 4517 ὲν
2374 4463 2542 4534 νόμῳ,
2573 4463 2728 4517 ἅτινα
2754 4459 2820 4534 ἦν
2860 4461 2987 4515 σκιὰ
3027 4460 3134 4513 τῶν
3171 4458 3464 4529 μελλόντων
3491 4457 3623 4522 ἀγα-

2069 4555 2197 4620 θῶν,
2231 4557 2288 4608 ὲν
2315 4558 2426 4619 τοῖς
2462 4556 2582 4609 δυσὶ
2624 4554 2830 4616 τούτοις
2857 4553 3086 4604 ἐτελεῖτο
3125 4550 3295 4621 ϐρεσι.
3331 4549 3436 4603 Καὶ
3477 4548 3620 4601 ἀνα-

2069 4647 2386 4716 δενδρὰδες
2423 4647 2612 4714 αὐτῆς
2657 4645 2766 4711 τὰς
2805 4644 3048 4711 κέδρους
3085 4643 3191 4697 τοῦ
3233 4642 3396 4696 Θεοῦ.
3431 4639 3620 4708 Κέδροι

2075 4739 2170 4809 μὲν
2213 4739 2268 4790 αἱ
2307 4737 2552 4807 οὐράνιαι
2585 4737 2857 4805 δυνάμειςο
2900 4732 3278 4803 ἀναδενδράδες
3310 4730 3365 4782 δὲ
3391 4729 3488 4798 τῆς
3516 4731 3619 4795 ἁμ-

2073 4830 2235 4882 πέλου
2283 4829 2332 4880 οἱ
2375 4830 2439 4880 ὲκ
2480 4829 2572 4880 τοῦ
2619 4826 2748 4880 λαοῦ
2790 4825 3062 4896 προφῆται
3107 4825 3185 4886 είς
3223 4821 3352 4890 ὕψος
3379 4819 3617 4891 ἠρμένοι,

2075 4921 2167 4974 καὶ
2190 4917 2654 4988 ὲπαναπαυόμενοι
2676 4917 2795 4979 ταῖς
2816 4917 2926 4970 ἄνω
2951 4915 3044 4967 καὶ
3062 4914 3301 4981 λογικαίς
3319 4910 3614 4965 δυνάμεσιν.

2160 5010 2445 5075 Ἐξέτεινε
2486 5009 2558 5063 τὰ
2588 5008 2861 5078 κλήματα
2910 5005 3097 5074 αὐτῆς
3135 5005 3244 5068 ἕως
3293 5001 3616 5066 θαλάσσης.

2076 5102 2338 5175 Κλήματα
2366 5103 2460 5156 καὶ
2487 5101 2834 5173 παραφυὰδες
2859 5100 2957 5168 τῆς
2979 5095 3222 5168 ἀμπέλου
3251 5094 3311 5147 τὸ
3341 5095 3446 5145 πᾶν
3487 5089 3615 5155 πλῆ-

2076 5192 2166 5257 θος
2187 5192 2278 5246 τοῦ
2309 5192 2436 5245 λαοῦ
2468 5208 2628 5261 φησιν
2647 5229 2663 5254 ,
2721 5190 2749 5243 ὃ
2791 5188 3052 5258 κατέσχεν
3099 5184 3205 5238 ἀπὸ
3255 5179 3495 5252 ποταμοῦ
3524 5178 3619 5231 Εὑ-

2076 5284 2282 5356 φράτου
2309 5284 2467 5354 μέχρι
2498 5283 2769 5353 θαλάσσης
2790 5280 2890 5350 τῆς
2931 5277 3178 5346 Ἰνδικῆς.

2147 5379 2269 5430 Ἵνα
2295 5378 2352 5428 τι
2379 5375 2647 5441 καθεῖλες
2663 5375 2769 5428 τὸν
2809 5370 3080 5442 φραγμὸν
3117 5365 3338 5432 αὐτῆς;
3376 5356 3618 5435 Φραγμδς

424 5481 566 5537 ceria
592 5481 714 5550 ejus
754 5487 870 5533 erat
902 5477 1220 5545 angelorum
1264 5469 1529 5532 custodia,
1581 5481 1744 5536 quam
1778 5463 1951 5518 amovi

2091 5465 2142 5539 ἣν
2167 5468 2300 5538 αὑτῇ
2328 5469 2361 5538 ἡ
2393 5467 2499 5519 τῶν
2533 5465 2776 5533 ἀγγέλων
2809 5462 3043 5533 φυλακὴ,
3095 5460 3161 5530 ῆν
3199 5457 3500 5526 ἀπέστησεν
3531 5445 3616 5502 ἀπ’

425 5576 494 5630 ab
523 5573 602 5629 eis
636 5571 795 5625 Deus.
827 5567 897 5622 Et
937 5566 1256 5622 vindemiant
1287 5579 1403 5618 eam
1449 5576 1624 5615 omnes
1646 5557 1735 5629 qui
1764 5564 1978 5626 prater-

427 5667 730 5737 grediuntar
751 5662 908 5718 viam.
943 5659 1074 5714 Data
1102 5657 1301 5729 quippe
1350 5654 1454 5710 luit
1502 5652 1556 5709 in
1591 5647 1848 5722 pabulum
1877 5645 1978 5701 im-

2076 5560 2254 5615 αὐτῶν
2282 5563 2310 5614 ὁ
2338 5560 2489 5623 Θεός.
2520 5559 2629 5612 Καὶ
2659 5555 2950 5625 τρυγῶσιν
2972 5551 3166 5619 αὐτὴν
3188 5549 3400 5613 πάντες
3432 5548 3484 5599 οὶ
3519 5553 3618 5595 πω·

2075 5653 2532 5724 ραπορευόμενοι
2562 5648 2679 5718 τὴν
2710 5646 2870 5701 ὁδόν.
2905 5644 3116 5697 Δέδοται
3143 5641 3250 5712 γὰρ
3274 5641 3352 5703 είς
3384 5635 3617 5707 βόσκημα
