3778 6276
122 296 216 349 35!

1234 274 1597 336 EXPDSITIO
1639 277 1705 333 IN
1746 273 2071 332 PSALMUM
2111 273 2322 331 LXXX.

3267 267 3367 327 869

122 412 228 469 ταῖς
256 399 606 476 ἀκαθάρτοις
650 400 920 472 δαίμοσιν,
943 397 1138 463 οἵτινες
1183 398 1279 452 καὶ
1319 395 1573 467 νέμοντα-ι
1611 393 1707 447 αὐ-

1853 393 1958 449 uris
1980 393 2337 457 dannonibus,
2371 392 2463 461 qui
2496 391 2658 445 etiam
2704 392 3005 461 depascunt
3029 403 3219 443 eorum
3248 395 3369 445 ant-

124 500 226 553 τιῖευ
244 498 347 560 τὰς
364 496 578 566 ψυχᾶς,
596 494 694 565 τῆς
710 490 910 564 νοητῆς
922 488 1225 561 εὐκαρπίας
1245 485 1707 559 ἀπογυμνοῦντες.

199 592 251 644 Ὁ
314 588 472 654 Θεὸς
509 585 844 655 δυνάμεων,
893 583 1282 652 ἐπίστρεψον.
1355 580 1602 636 Ἱκετεύω
1650 597 1709 634 σε

126 683 293 737 τείν-δν
321 682 425 734 τὸν
463 678 697 733 δυνατὸν
731 676 1006 747 Δεσπότην
1031 676 1157 729 ίδείν
1180 674 1382 730 ἄνωθεν
1411 674 1510 745 τῆς
1535 672 1714 745 ἀμπέ-

128 776 210 827 λου
239 772 345 843 τὴν
365 770 582 842 λώϐην,
617 771 713 823 καὶ
738 768 1029 841 θεραπείας
1058 767 1287 834 ἀξιῶσαι
1313 766 1374 819 τὸ
1402 765 1592 830 πάθος.
1648 765 1710 817 Ἣ

134 866 192 936 αὴ
220 866 334 936 γὰρ
366 864 521 936 αὕτη
550 863 782 935 πρόνοια
825 859 924 934 τὴν
968 860 1236 932 προτέραν
1271 857 1469 912 ἔδωκεν
1516 856 1712 926 εὐκλη-

134 961 260 1031 μιαν.

193 1051 295 1106 Καὶ
324 1047 696 1117 κατάρτισαι
727 1044 921 1114 αὐτὴν
966 1042 1048 1113 ἢν
1087 1042 1423 1113 ἐφύτευσεν
1461 1041 1500 1110 ἠ
1548 1034 1717 1105 δεξιά

134 1159 253 1200 fw.
295 1139 537 1212 Ἐπειδὴ
573 1141 639 1193 σὺ
673 1138 867 1209 αὐτὴν,
906 1137 1060 1208 φησι,
1112 1134 1548 1204 κατεφύτευσας,
1597 1126 1715 1184 εἶτα

133 1234 347 1302 γέγονεν
396 1229 905 1301 ἐμπεπυρισμένη
951 1228 1047 1281 καί
1101 1224 1557 1296 κατεσκαμμένη
1622 1223 1718 1276 καὶ

136 1324 395 1387 ἀπόλωλε,
424 1321 528 1375 σοῦ
559 1321 733 1392 αὐτὴν
765 1319 1200 1391 ἐπιτιμήσαντος,
1254 1316 1578 1387 κατάρτισαι
1618 1314 1716 1367 αύ-

135 1416 219 1486 τῆν
244 1417 343 1468 καὶ
368 1414 615 1484 ἑτοίμην
640 1415 720 1475 εἰς
750 1410 1021 1482 σωτηρίαν
1052 1407 1467 1480 παρασκεύασον
1490 1401 1720 1477 ’[παραι-

140 1508 392 1561 σκεύασον
423 1506 490 1559 δὲ
513 1504 609 1558 διὰ
630 1500 724 1557 τοῦ
755 1502 872 1555 υίοῦ
897 1501 989 1556 τοῦ
1018 1501 1114 1555 ἀνθ
1125 1500 1326 1574 ρώπου.
1359 1499 1433 1554 Τὸ
1460 1499 1593 1571 γὰρ,
1618 1497 1717 1551 ἐπὶ

136 1600 252 1655 aer
306 1597 673 1667 ἀνθρώπου,
704 1595 794 1649 διὰ
819 1592 912 1648 τοῦ
954 1593 1069 1648 υίοῦ
1110 1592 1398 1666 ἀνθρώπου
1444 1591 1716 1664 σημαίνει.

137 1694 219 1757 Τίς
250 1692 310 1746 δέ
344 1694 512 1745 ἐστιν
545 1691 578 1742 ὁ
613 1689 730 1753 υίὸς
759 1687 852 1741 τοῦ
881 1686 1164 1758 ἀνθρώπου
1198 1685 1415 1757 ἢαύτὸς
1448 1686 1477 1737 ὁ
1517 1682 1722 1753 Κύριος

1811 499 1949 547 mas,
1977 491 2031 538 et
2061 482 2330 553 spirituali
2361 480 2636 536 fructuum
2661 481 2818 550 copia
2845 478 3170 549 exspoliant.

1879 572 1970 628 15.
2000 572 2140 627 Deus
2167 573 2442 634 virtutum,
2479 580 2790 624 convertere.
2827 568 3098 639 Deprecor
3128 578 3180 623 te
3209 568 3373 639 igitur

1809 674 2084 737 potentem
2133 663 2444 725 Dominum,
2501 671 2561 717 ut
2612 661 2876 731 respicias
2908 660 2975 715 de
3029 660 3168 716 coelo
3202 662 3374 714 vinem.

1810 757 2128 828 perniciem,
2152 765 2206 812 et
2226 755 2524 812 remedium
2552 754 2763 808 vulneri
2790 753 3050 821 applices.
3082 751 3198 806 Tua
3226 753 3371 808 enim

1813 851 1929 920 ipsa
1959 849 2298 921 providentia
2329 848 2566 918 priorem
2600 846 2747 899 illum
2796 844 3054 915 optimam
3107 843 3377 899 conditio-

1812 957 1935 998 nem
1959 943 2199 997 dederat.

1886 1031 1973 1099 16,
2003 1032 2091 1086 17.
2120 1030 2191 1084 Et
2208 1030 2397 1100 perﬁce
2417 1045 2533 1085 eam
2561 1044 2719 1100 quam
2739 1027 2995 1099 plantavit
3018 1027 3233 1081 dextera
3262 1037 3372 1079 tua.

1814 1120 2082 1188 Quoniam
2116 1130 2197 1185 tu,
2235 1120 2434 1190 inquit,
2457 1118 2715 1189 plantasti
2750 1118 2922 1183 illam,
2951 1131 3017 1171 ac
3042 1115 3236 1170 deinde
3276 1114 3381 1169 fuit

1815 1215 2026 1270 incensa
2058 1214 2167 1285 igni
2197 1222 2246 1267 et
2272 1212 2503 1281 suﬁ‘ossa
2536 1221 2701 1281 alque
2730 1209 2913 1280 periit,
2940 1219 2994 1264 te
3023 1208 3169 1262 illam
3203 1208 3379 1262 corri—

1816 1306 2018 1378 piente,
2048 1305 2238 1374 perﬁce
2263 1318 2379 1357 eam
2410 1309 2467 1356 et
2494 1309 2737 1370 paratam
2783 1300 2948 1355 redde
2986 1297 3053 1353 ad
3107 1297 3379 1377 salutem;

1817 1411 2060 1468 praepara
2112 1404 2290 1450 autem
2342 1393 2492 1447 illam
2541 1407 2638 1462 per
2687 1390 2860 1444 tilium
2914 1389 3191 1443 hominis:
3248 1388 3380 1442 illud

1818 1490 1986 1556 enim,
2020 1503 2175 1557 super
2205 1486 2381 1556 ﬁlium
2419 1483 2668 1545 hominis,
2702 1496 2796 1551 per
2825 1480 2998 1534 lilium
3041 1478 3277 1534 hominis
3309 1479 3384 1532 si-

1820 1580 2063 1649 gniﬁcat.
2110 1576 2245 1645 Quis
2293 1584 2476 1631 autem
2510 1584 2594 1629 est
2642 1572 2791 1627 illius
2841 1569 3084 1625 hominis
3109 1568 3215 1623 nisi
3271 1568 3385 1638 ipse

1822 1676 2086 1731 Dominus
2140 1680 2366 1736 noster,
2429 1678 2490 1725 ut
2556 1668 2671 1739 ipse
2726 1665 2794 1721 de
2855 1679 2916 1719 se
2960 1664 3015 1718 in
3080 1662 3386 1734 Evangeliis

137 1754 299 1856 ἠμέν-δ,
313 1782 395 1845 ὡς
413 1779 593 1844 αὐτὸς
611 1796 678 1832 πε
687 1779 740 1851 ρὶ
758 1776 949 1831 ἑαυτοῦ
969 1754 1026 1830 έν
1043 1779 1152 1840 τοῖς
1169 1754 1524 1844 Εύαγγελίοις
1548 1771 1680 1843 φησί
1705 1788 1720 1838 ;
1752 1754 1795 1808 Β
1823 1768 1954 1825 dicit
1972 1768 1996 1824 ἲ

193 1870 536 1941 Γενηθήτω
589 1871 628 1938 ὴ
668 1870 798 1937 χείρ
836 1883 952 1922 σου
991 1868 1083 1921 ἐπ’
1111 1866 1300 1934 ἄνδρα
1340 1861 1542 1930 δεξιᾶς
1585 1878 1722 1919 σου.

136 1970 292 2040 Αὕτη,
341 1967 552 2037 φησιν,
583 1968 617 2036 ἡ
654 1964 853 2036 πρᾶξις
885 1965 920 2036 ἡ
960 1963 1057 2034 τῆς
1106 1961 1380 2033 σωτηρίας
1428 1958 1520 2014 τοῦ
1559 1957 1723 2023 λαοῦ,

136 2065 243 2133 ἥτις
262 2062 362 2116 καὶ
393 2060 495 2113 διὰ
522 2058 627 2127 τῆς
671 2056 850 2127 χειρὸς
890 2053 1235 2125 σημαίνεται,
1278 2052 1370 2104 ἐπ’
1410 2049 1600 2118 ἄνδρα
1629 2047 1725 2102 δε-

138 2154 257 2220 ξιᾶς
287 2170 418 2208 σου
476 2148 807 2222 γενηθήτω,
855 2147 1096 2200 τουτέστι
1146 2144 1235 2198 διὰ
1278 2142 1374 2197 τοῦ
1416 2141 1605 2213 ἀνδρὸς
1632 2138 1725 2192 τοῦ

134 2248 274 2309 διηος
302 2244 506 2309 δεξιᾶς
533 2259 651 2295 σου.
684 2240 792 2293 Καὶ
824 2239 910 2302 τίς
928 2232 1136 2309 οὗτοςῆ
1167 2239 1195 2290 ὁ
1236 2236 1363 2300 Υἱὸς
1399 2234 1490 2290 τοῦ
1515 2231 1726 2305 ἀνθρώ-

136 2355 251 2401 που,
279 2338 341 2401 ὃς
379 2337 513 2387 ἐστι
549 2331 698 2399 δεξιὰ
729 2329 823 2383 τοῦ
869 2328 1102 2400 Πατρὸς,
1142 2329 1190 2381 εί
1234 2328 1325 2381 καὶ
1372 2327 1595 2396 γέγονεν
1633 2326 1727 2381 ἄν·

136 2432 348 2504 opma;
373 2445 392 2492 ;
435 2424 692 2480 Ἐπειδὰν
724 2421 783 2476 δὲ
809 2420 966 2475 τοῦτο
991 2421 1233 2492 γένηται,
1268 2419 1362 2472 καὶ
1391 2417 1539 2490 σώσῃ
1557 2418 1725 2488 ἡμᾶς,

137 2522 313 2591 crisin,
344 2521 385 2590 η
416 2515 578 2581 δεξιά
605 2532 718 2579 σου,
750 2513 779 2564 ὁ
803 2511 1145 2583 χρηματίσας
1168 2512 1305 2582 ἀνὴρ
1339 2511 1433 2564 καὶ
1474 2510 1601 2574 Υἱὸς
1637 2510 1730 2562 ἁν-

138 2613 379 2685 θρὼπου,
426 2611 537 2664 οὐκ
585 2607 650 2662 ἄν
687 2622 816 2659 ποτε
849 2604 1174 2675 ἀποστῶμεν
1208 2604 1316 2657 ἀπὸ
1350 2602 1466 2669 σού,
1499 2602 1596 2656 ἆτε
1631 2600 1730 2672 τῆς

139 2706 229 2777 σῆς
261 2704 424 2776 ζωῆς
463 2698 864 2772 μεταλαϐόντες
889 2741 905 2765 ,
951 2696 1047 2751 καὶ
1094 2695 1172 2768 τῷ
1219 2695 1296 2767 σῷ
1344 2693 1730 2765 ἐπικληθέντες

139 2796 386 2869 ὀνόματι,
421 2790 680 2846 τουτέστι
704 2786 1041 2861 Χριστιανοί.

202 2890 395 2957 Κύριε
426 2888 461 2940 ὀ
499 2882 647 2949 Θεὸς
665 2879 784 2934 τῶν
807 2876 1139 2948 δυνάμεων,
1163 2875 1533 2944 ἐπίστρεψον
1551 2869 1728 2941 ἡμᾶς.

142 2980 396 3052 Συνεχῶς
429 2977 538 3048 τὴν
565 2972 775 3027 ἱκεσίαν
805 2969 1197 3042 προϐάλλεται,
1249 2966 1590 3022 ἐπισπεύδων
1632 2964 1733 3035 τὴν

1894 1858 1982 1923 18,
2018 1855 2106 1912 19.
2142 1853 2269 1909 Fiat
2299 1869 2484 1908 manus
2510 1860 2601 1905 tua
2622 1864 2778 1920 super
2800 1848 2971 1903 virum
3002 1845 3233 1900 dextera:
3261 1853 3385 1898 tute.

1824 1950 1972 2016 Rrec,
2006 1948 2205 2018 inquit,
2247 1954 2331 2001 est
2373 1943 2618 2015 Operatio
2651 1941 2844 1997 salutis
2881 1938 3089 2010 populi,
3142 1951 3265 2007 quae
3294 1949 3391 2004 per

1825 2057 2048 2099 manum
2090 2040 2379 2102 indicatur,
2411 2051 2566 2105 super
2590 2035 2757 2088 virum
2775 2030 3007 2086 dexterae
3049 2038 3153 2083 tua:
3190 2029 3309 2097 ﬁat,
3336 2024 3390 2079 id

1825 2144 1908 2190 cst
1938 2147 2035 2203 per
2069 2131 2243 2186 virum
2271 2129 2368 2199 qui
2399 2137 2483 2183 est
2514 2127 2739 2182 dextera
2791 2132 2903 2177 tua.
2940 2120 3144 2190 Ecquis
3177 2119 3266 2173 ille
3307 2125 3394 2172 est

1829 2213 2128 2283 nisi'Filius
2155 2223 2417 2287 hominis,
2448 2221 2543 2291 qui
2570 2228 2654 2276 est
2688 2219 2910 2274 dextera
2940 2215 3142 2281 Patris,
3176 2215 3391 2269 etiamsi

1829 2318 2007 2374 factus
2042 2316 2115 2372 sit
2152 2313 2358 2369 homo?
2384 2312 2521 2367 Cum
2558 2319 2739 2365 autem
2776 2308 2881 2362 hoc
2912 2305 3115 2361 factum
3145 2304 3308 2360 fuerit
3340 2310 3395 2357 et

1829 2411 2015 2466 salvos
2059 2422 2162 2463 nos
2204 2404 2393 2460 fecerit
2431 2402 2650 2458 dextera
2684 2409 2797 2467 tua,
2828 2396 2923 2468 qui
2968 2396 3182 2452 vocaris
3212 2396 3296 2450 vir
3340 2404 3394 2450 et

1831 2501 2003 2558 Filius
2038 2499 2155 2567 Dei,
2187 2512 2466 2567 nunquam
2509 2493 2854 2550 discedemus
2884 2506 2915 2546 a
2945 2498 3018 2556 te,
3070 2498 3254 2560 utpote
3300 2487 3395 2557 qui

1832 2596 1956 2651 vita:
1983 2605 2088 2649 tuae
2118 2590 2411 2664 participes
2442 2588 2635 2655 simus,
2673 2596 2726 2641 et
2759 2593 2852 2640 tuo
2894 2583 3119 2637 nomine
3165 2580 3397 2652 appelle-

1832 2703 1976 2754 mur,
2009 2686 2062 2741 id
2087 2692 2171 2741 est
2196 2680 2518 2738 Christiani.

1901 2880 1992 2938 20.
2028 2880 2245 2934 Domine
2275 2878 2410 2933 Deus
2444 2877 2718 2943 virtutum,
2751 2882 2988 2929 converte
3020 2890 3135 2927 nos.
3168 2871 3400 2928 Assidue

1835 2973 2291 3044 supplicationem
2316 2970 2518 3025 emittit
2548 2967 2809 3040 gestiens,
2846 2974 2907 3021 ut
2954 2962 3277 3035 Unigenitus
3309 2978 3402 3033 ap-

143 3072 477 3142 ἐπιφάνειαν
504 3064 758 3134 γενέσθαι
783 3061 878 3115 τοῦ
908 3058 1267 3132 Μονογενοῦς,
1303 3059 1372 3111 δι’
1401 3053 1461 3112 οὗ
1493 3056 1589 3111 καὶ
1625 3073 1731 3109 σω·

1853 3075 2045 3131 tareat,
2075 3081 2171 3121 per
2196 3080 2357 3119 ouem
2382 3062 2614 3119 salutem
2648 3059 2750 3131 ipsi
2785 3069 3210 3129 consequentur.

141 3166 429 3236 θήσονται.

315 3257 432 3320 Είς
465 3251 647 3317 τέλος
682 3248 836 3316 ὑπὲρ
864 3245 983 3301 τῶν
1016 3242 1222 3312 ληνῶν
1253 3244 1562 3298 ΨΑΛΜΟΣ

527 3341 610 3408 τῷ
651 3339 853 3408 Ἂσὰρ,
883 3335 1241 3403 ἀλληλούῖα.
1278 3337 1363 3388 II’.

791 3428 1115 3492 ’Υπόθεσις.

56 3572 75 3593 ,
152 3527 289 3597 Ἤδη
346 3525 445 3578 τὸν
483 3521 668 3591 ὃγδοον
723 3516 1115 3591 ἑρμηνεύοντες
1148 3511 1572 3587 ἀποδεδώκαμεν
1598 3510 1737 3568 εἶναι

215 3616 422 3688 ληνοὺς
460 3614 560 3677 τὰς
615 3609 961 3680 Ἑκκλησίας.
997 3609 1183 3663 Ἔστιν
1214 3604 1414 3661 οὖνκαὶ
1448 3608 1513 3661 ὲκ
1550 3606 1737 3659 τούτου

217 3710 317 3764 τοῦ
342 3705 569 3779 ψαλμοῦ
597 3705 747 3765 ἰδεῖν,
786 3703 861 3766 ὡς
885 3701 1038 3756 καλεῖ
1056 3700 1126 3754 τὰ
1158 3699 1284 3772 ἔθνη
1322 3699 1461 3770 πρὸς
1502 3698 1600 3771 τὴν
1646 3699 1739 3752 πί-

220 3819 348 3856 στιν
376 3800 480 3872 τὴν
512 3800 592 3863 εἰς
612 3796 706 3850 τὸν
723 3795 927 3868 Κύριον
945 3810 960 3823 ’
978 3795 1160 3856 αὐτοῖς
1183 3792 1531 3848 διδασκαλίαν
1560 3791 1741 3846 ποιού·

216 3911 389 3967 μενος
427 3890 524 3946 τοῦ
564 3891 772 3961 μήποτε
805 3886 1107 3957 ἀποστῆναι
1135 3885 1323 3950 αὑτοῦ,
1357 3885 1457 3956 τὴν
1496 3882 1588 3937 τοῦ
1615 3900 1742 3956 προ⁴

218 3986 391 4051 τέρου
422 3979 558 4036 λαοῦ
588 3978 676 4033 διὰ
702 3978 800 4049 τὴν
834 3977 1030 4031 κακίαν
1056 3975 1327 4048 ἀποϐολὴν
1362 3974 1555 4044 λέγων.

233 4073 636 4149 Ἁταλλιᾶσθε
673 4070 753 4138 τῷ
775 4069 896 4136 Θεῷ
920 4067 1001 4136 τῷ
1023 4065 1230 4137 ,βοηθῷ
1265 4067 1436 4136 ἡμῶν
1455 4108 1470 4134 ,
1509 4065 1741 4122 ἀλαλά-

157 4172 300 4234 iure
334 4166 416 4233 τῷ
458 4163 579 4230 Θεῷ
633 4161 841 4218 Ἰακώϐ.
902 4158 1237 4232 Ἀλαλαγμός
1281 4162 1429 4214 ὲστιν
1480 4160 1744 4221 ὲπινίκιος

160 4262 351 4333 ἱμνος.
380 4254 826 4330 Παρακελεύεται
853 4247 945 4307 οὖν
966 4256 1079 4316 τοῖς
1104 4252 1280 4306 ἔθνεσι
1310 4250 1388 4323 τῷ
1418 4250 1742 4322 βοηθήσαντι

159 4352 314 4424 θεῷ,
365 4350 463 4403 καὶ
490 4351 555 4400 ὲκ
588 4350 688 4419 τῆς
719 4345 826 4400 τῶν
878 4343 1148 4416 δαιμόνων
1202 4343 1399 4407 αὐτοὺς
1456 4341 1744 4415 ῥυσαμένῳ

160 4440 649 4504 κεταδυναστείας,
677 4439 777 4503 τὰς
809 4436 1104 4500 ἐπινικίους
1132 4435 1280 4508 ᾅδειν
1312 4434 1473 4506 ᾠδάς.

231 4536 463 4592 Λάϐετε
485 4531 733 4602 ψαλμὸν
749 4571 764 4596 ,
810 4531 907 4584 καί
959 4529 1097 4583 δότε
1133 4529 1463 4599 τύμπανον.
1516 4525 1747 4596 Ψαλμδν

1997 3247 2049 3301 1.
2080 3243 2147 3299 In
2173 3244 2353 3315 ﬁnem,
2381 3260 2475 3313 pro
2499 3242 2850 3296 torcularibus
2888 3237 3133 3296 ρεΑιΜ
3140 3236 3228 3293 US

2240 3391 2253 3397 μ
2283 3335 2291 3339 ’
2326 3335 2429 3406 ipsi
2457 3334 2659 3402 Asaph.
2687 3320 2911 3388 LXXX.

2423 3429 2465 3483 Δ
2477 3438 2826 3500 rgumentum.

1838 3521 1957 3578 Jam
1995 3538 2117 3578 curn
2154 3531 2407 3577 octavum
2443 3513 2929 3589 interpretaremur
2958 3516 3195 3571 diximus
3228 3524 3380 3569 torcu

1911 3614 2048 3670 laria
2078 3611 2350 3668 Ecclesias
2405 3625 2549 3666 esse.
2600 3607 2802 3663 Videre
2849 3608 3014 3677 igitur
3059 3614 3145 3660 est
3193 3620 3260 3659 ex
3306 3602 3409 3657 hoc

1910 3719 2128 3777 quoque
2153 3703 2366 3775 psalmo
2394 3702 2572 3774 ipsum
2608 3714 2807 3754 vocare
2851 3707 3036 3768 gentes
3064 3694 3131 3750 ad
3163 3695 3320 3750 [idem
3354 3694 3408 3747 in

1912 3794 2224 3850 Dominum.
2256 3791 2388 3847 Eam
2420 3790 2724 3846 doctrinam
2768 3787 3016 3858 praebens
3041 3784 3147 3840 illis
3182 3792 3243 3840 ut
3270 3798 3413 3839 nun-

1911 3900 2075 3958 quam
2105 3881 2391 3940 discedant
2429 3882 2500 3936 ab
2530 3880 2670 3952 ipso,
2702 3877 2904 3952 prioris
2936 3873 3123 3947 populi
3158 3872 3411 3943 impieta-

1914 3979 1984 4034 tis
2011 3992 2175 4032 causa
2204 3975 2562 4045 abjectionem
2599 3971 2940 4042 signiﬁcans.
3314 4036 3317 4041 ν

1911 4069 1967 4124 2.
2013 4066 2288 4122 Exsultate
2336 4065 2445 4119 Deo
2494 4063 2732 4134 adjutori
2769 4070 2992 4126 nostra,
3032 4056 3262 4128 jubilate
3307 4054 3414 4108 Deo

1842 4158 2315 4216 Jacob.Jubilatio
2360 4165 2443 4213 est
2494 4155 2738 4211 victoria:
2788 4165 3032 4209 carmen.
3082 4148 3413 4202 Cohortatur

1845 4256 2028 4325 itaque
2054 4260 2243 4323 gentes
2276 4259 2339 4305 ut
2371 4247 2482 4304 Deo
2534 4246 2843 4311 auxilianti,
2897 4243 2991 4313 qui
3024 4258 3055 4295 a
3102 4240 3413 4295 daemonum

1848 4321 2118 4414 potestate
2187 4340 2337 4410 ipsos
2418 4339 2747 4393 liberaverat
2780 4372 2797 4400 ,
2875 4332 3108 4402 hymnos
3179 4321 3419 4379 victoriae

1779 4436 1819 4492 D
1849 4445 2067 4491 canant.

1922 4529 1972 4583 5.
2003 4525 2208 4582 Sumite
2231 4524 2514 4594 psalmum,
2549 4526 2599 4572 et
2629 4517 2752 4570 date
2794 4523 3119 4585 tympanum.
3141 4506 3420 4564 Psalmum

164 4631 222 4682 ἐν
248 4628 468 4690 τούτοις
490 4624 589 4694 τὴν
614 4621 765 4676 θείαν
791 4619 1140 4674 διδασκαλίαν
1180 4617 1336 4690 φησί.
1369 4615 1661 4687 Τύμπανον
1691 4613 1732 4668 δέ

1853 4619 1941 4674 hic
1968 4624 2150 4684 vocat,
2196 4614 2436 4669 divinam
2473 4608 2825 4672 doctrinam;
2877 4613 3192 4675 tympanum
3242 4606 3421 4653 autem

162 4719 401 4791 ὄργανον
430 4720 547 4770 ἐστι
574 4716 640 4768 ὲκ
670 4712 955 4786 δερμάτων
989 4709 1379 4781 πεποιημένον.
1415 4706 1582 4775 Λέγει
1629 4698 1746 4758 οὖν’

178 4813 441 4882 Ἑπήκοοι
492 4811 609 4872 τοῖς
655 4807 820 4870 θείοις
874 4803 1076 4874 λογίοις
1107 4802 1410 4873 γενόμενοι,
1440 4797 1751 4869 παραστή-

168 4919 320 4958 certe
340 4903 417 4956 τὰ
446 4900 693 4970 σώματα
718 4896 883 4968 ὑμῶν
919 4897 1139 4952 θυσίαν
1163 4894 1357 4957 ζῶσαν
1377 4933 1393 4958 ,
1425 4890 1754 4962 εὐπρόσδε-

172 5010 322 5048 actor
351 4991 437 5057 τῷ
461 4991 604 5057 Θεῷ.
651 4989 995 5058 Ψαλτήριον
1023 4986 1281 5058 τερπνὸν
1303 4987 1454 5057 μετὰ
1485 4984 1750 5052 κιθάρας.

1851 4721 1937 4768 est
1961 4712 2386 4766 instrumentum
2440 4701 2675 4774 pellibus
2726 4696 3059 4754 confectum.
3095 4692 3185 4747 Ait
3216 4692 3379 4762 igitur
3409 4706 3422 4743 :

1855 4802 2231 4872 Obsequentes
2274 4797 2476 4852 divinis
2509 4792 2770 4864 eloquiis,
2817 4790 3053 4846 exhibete
3095 4800 3313 4855 corpora
3344 4798 3428 4835 ve-

1855 4908 1969 4951 stra
1998 4895 2228 4949 hostium
2257 4892 2531 4956 viventem,
2560 4886 2670 4942 Deo
2698 4883 3069 4958 placentem".
3103 4875 3428 4933 Psalterium

1847 4985 2142 5060 jucundum
2162 5000 2281 5039 cum
2297 4982 2522 5037 cithara.
2543 4978 2868 5035 Psalterium
2890 4986 3107 5030 rursum
3129 4980 3329 5034 corpus
3348 4963 3431 5016 di-

177 5052 491 5153 Ψαλτήριον
522 5052 687 5134 πάλιν
724 5079 785 5131 τὸ
816 5052 976 5150 alapa
1009 5052 1163 5149 φησι,
1198 5052 1423 5146 διὰ-τὴν
1460 5074 1732 5145 γινομένηπ

1857 5082 1949 5144 cit,
1969 5078 2037 5133 ob
2058 5087 2384 5132 consensum
2407 5081 2463 5127 et
2490 5069 2892 5140 coaptationem
2922 5062 3120 5116 anima:
3143 5071 3266 5111 eum
3300 5052 3392 5105 illo
3412 5093 3429 5114 ,

179 5174 503 5245 συμςρωνίαν
532 5174 627 5227 καὶ
657 5172 1021 5244 συναρμονίαν
1053 5170 1188 5243 πρὸς
1222 5169 1355 5224 αὐτὸ
1406 5168 1503 5240 τῆς
1533 5166 1713 5238 ψυχῆς
1732 5181 1749 5198 ⁸

184 5465 324 5519 θείῳ,
347 5449 487 5504 ἀλλὰ.
505 5450 719 5521 Κυρίῳ.

255 5539 599 5595 Σαλπίσατε
618 5539 688 5592 ἐν
711 5538 995 5608 νεομηνίᾳ
1026 5537 1333 5605 σάλπιγγι.
1361 5534 1569 5603 Ὥσπερ
1591 5531 1755 5585 πάλαι
1860 5574 1869 5583 .

270 5708 315 5741 ’⁸
342 5707 499 5763 Rom.
547 5720 645 5764 ιιι,
678 5702 729 5756 1.

509 5801 781 5860 ΡΑτιιοι.
815 5792 931 5853 Gn.
966 5789 1226 5853 XXVII.

181 5268 245 5318 ἶν’
277 5269 457 5340 ἄρτιοι
485 5267 752 5336 γένωνται
779 5265 829 5318 ot
859 5264 952 5319 τοῦ
981 5261 1116 5318 Θεοῦ
1166 5261 1440 5333 ἄνθρωποι
1462 5301 1478 5325 ,
1526 5259 1621 5312 καὶ
1657 5256 1754 5321 τὰς

179 5358 354 5430 (ﬁxa:
381 5358 730 5422 ἀνατιθέντες
760 5356 839 5429 τῷ
862 5355 1001 5428 Θεῷ,
1032 5356 1125 5410 καὶ
1154 5353 1214 5407 τὸ
1249 5352 1429 5423 σῶμα,
1463 5352 1521 5404 ού
1561 5349 1639 5421 τῷ
1668 5348 1759 5402 κό-

1859 5183 1921 5229 ut
1953 5170 2047 5226 Dei
2076 5168 2332 5224 homines
2363 5163 2590 5237 perfecti
2618 5160 2749 5227 sint,
2781 5166 2834 5213 et
2869 5154 3080 5209 animas
3109 5148 3220 5212 Deo
3243 5146 3433 5201 dican-

1863 5275 1945 5320 tes
1974 5271 2027 5318 ct
2053 5275 2276 5332 corpus,
2334 5272 2441 5313 non
2472 5252 2700 5317 mundo,
2733 5248 2826 5304 sed
2850 5242 3101 5308 Domino.

1943 5524 1997 5591 ι,
2031 5523 2082 5579 5.
2120 5519 2408 5576 Buccinate
2429 5516 2481 5570 in
2519 5513 2790 5568 ncomcm’a
2825 5508 2973 5564 tuba.
3009 5507 3164 5562 Sicut
3194 5502 3327 5557 olim
3359 5494 3439 5552 isa

3126 5761 3198 5823 13
