3778 6276
356 238 463 299 565

1156 245 1212 302 S.
1253 247 1619 306 ATHANASII
1655 247 1805 308 OPP.
1840 245 2151 319 PARSJII.
2191 272 2263 284 —
2297 242 2709 302 EXEGETICA.

3493 245 3663 303 τοι

357 354 471 410 rael
521 354 811 411 scusibiles
848 371 1072 413 sumens
1097 357 1256 414 tubas
1300 360 1357 415 in
1406 362 1694 418 ueomenia
1738 361 1925 417 bucci-

2071 358 2155 413 οτέ
2174 359 2203 412 6
2239 358 2453 432 Ἰσραὴλ
2477 357 2741 430 αἰσθητὰς
2767 357 3059 430 λαμϐάνων
3103 358 3410 429 σάλπιγγας
3443 362 3523 415 ἐν
3562 363 3660 432 τῇ

356 444 541 511 nabat,
570 445 700 516 quia
731 446 836 501 hoc
862 456 1191 518 praeceptum
1225 449 1450 507 dederat
1505 451 1648 508 Deus
1678 452 1730 508 in
1768 453 1923 508 testi-

353 537 599 590 monium
626 538 773 608 quod
805 538 1017 594 liberati
1048 539 1280 596 fuissent
1300 556 1368 596 ex
1400 542 1721 615 Egyptiaca
1747 545 1922 601 servi-

355 635 510 695 tute;
549 629 623 684 ita
653 638 707 684 et
736 645 910 685 novus
955 632 1188 701 populus
1236 635 1549 706 evangelica
1591 652 1724 692 usus
1770 636 1920 703 tuba,

354 718 515 789 cujus
565 736 735 777 sonus
786 723 840 777 in
885 737 1104 778 omnem
1154 731 1354 779 terram
1413 726 1628 793 exivit,
1665 727 1817 798 jubet
1864 728 1920 782 in

353 811 659 867 neomeniis
691 812 819 867 tuba
847 826 1068 878 canere,
1101 813 1156 867 id
1188 823 1273 868 est
1303 814 1358 869 in
1392 817 1746 872 renovatione
1768 832 1921 872 men-

356 901 428 957 tis
453 901 592 972 ejus,
624 903 889 960 conlitens
920 904 1036 974 ipse
1066 913 1231 974 atque
1260 906 1559 964 testiﬁcans
1588 909 1733 979 quod
1765 909 1918 963 illum

352 1006 421 1047 ex
452 994 723 1064 spirituali
749 995 986 1068 Egypto
1014 997 1281 1066 liberarit,
1325 997 1381 1053 id
1430 1009 1515 1056 est
1558 1015 1623 1056 ex
1655 1009 1921 1072 potestate

351 1083 722 1139 tenebrarum.

419 1259 472 1314 6.
501 1258 762 1332 Linguam
789 1250 1081 1329 quamnon
1130 1270 1341 1316 noverat
1386 1262 1608 1317 audivit.
1653 1261 1916 1333 Populus,

349 1347 549 1420 inquit,
579 1363 833 1420 egressus
859 1365 925 1405 ex
958 1348 1218 1421 Egypto,
1249 1349 1455 1405 audivit
1487 1350 1726 1421 linguam
1752 1366 1918 1421 quam

349 1442 480 1498 olim
533 1457 644 1497 non
688 1451 868 1497 norat.
905 1441 1089 1513 Ecqua
1118 1441 1207 1496 illa
1256 1439 1361 1497 fuit
1399 1441 1507 1497 nisi
1556 1456 1661 1496 vox
1715 1440 1812 1496 Dei
1863 1442 1918 1496 in

348 1543 533 1590 monte
562 1535 630 1590 ad
657 1535 920 1607 populum
962 1535 1165 1591 emissa
1191 1534 1215 1588 ?

421 1627 473 1681 7.
510 1626 732 1681 Divertit
755 1626 818 1680 ab
851 1625 1091 1680 oneribus
1125 1626 1341 1680 dorsum
1369 1626 1503 1696 ejus.
1549 1623 1717 1691 Quasi
1751 1623 1916 1691 dicat,

2027 449 2286 522 νεομηνία
2311 450 2589 514 ἐσάλπιζε,
2614 449 2771 504 τοῦτο
2796 450 3121 523 πρόσταγμα
3166 450 3458 517 δεδωκότος
3518 454 3655 508 τοῦ

2026 539 2185 605 Θεοῦ,
2216 541 2309 594 καὶ
2341 540 2638 613 μαρτύριον
2662 538 2755 593 τοῦ
2798 539 3226 613 ἐλευθερωθῆνςιι
3265 541 3459 607 αὐτοὺς
3517 543 3656 613 τῆς

2028 630 2088 695 ἐξ
2112 630 2388 699 Αἰγύπτου
2407 630 2649 693 δουλείας
2665 646 2679 660 ·
2706 629 2846 684 οὕτω
2863 629 2956 684 καὶ
2981 631 3144 695 όνέος
3159 631 3309 697 λαὸς,
3338 634 3405 704 τῇ
3437 632 3657 701 aitar—

2026 723 2213 795 γελικῇ
2248 722 2528 796 χρώμενος
2570 723 2852 793 σάλπιγγι,
2891 717 2960 796 ἦς
2989 726 3021 777 6
3053 723 3286 794 φθόγγος
3310 726 3389 789 εἰς
3421 727 3654 780 πᾶσαν

2026 814 2125 884 τὴν
2159 817 2262 884 γῆν
2290 814 2535 886 ἐξῆλθεν,
2557 813 2836 869 κελεύεται
2859 816 2917 869 ἐν
2940 818 3059 878 ταῖς
3088 816 3402 888 νεομηνίαις
3418 815 3655 870 σαλπί-

2026 903 2169 971 ζειν,
2218 906 2496 960 τουτέστιν
2547 907 2606 959 ἐν
2640 909 2707 977 τῇ
2737 907 3075 962 ἀνακαινίσει
3106 906 3201 960 τοῦ
3247 907 3367 971 νοὸς
3400 906 3601 961 αὑτοῦ
3624 923 3646 939 ο

2023 997 2300 1069 ὁμολογῶν
2329 998 2424 1052 καὶ
2451 998 2614 1062 αὐτὸς
2646 999 2741 1052 καὶ
2768 998 3091 1072 μαρτυρῶν,
3138 999 3221 1053 ὅτι
3253 998 3316 1071 δὴ
3345 999 3521 1053 αὐτὸν
3559 1001 3648 1053 ἐκ

2023 1089 2122 1160 τῆς
2143 1089 2339 1161 νοητῆς
2367 1089 2739 1162 ἠλευθέρωσεν
2769 1090 3067 1160 Αἰγύπτου,
3098 1091 3376 1146 τουτέστιν
3403 1093 3469 1145 ἐκ
3506 1092 3645 1163 τῆς

2025 1180 2279 1247 ἐξουσίας
2315 1181 2408 1235 τοῦ
2437 1180 2682 1246 σκότους.
3646 1238 3659 1243 ε

2054 1272 2396 1328 ιΤλῶσσαν
2422 1271 2502 1342 ἢν
2526 1275 2638 1328 οὐκ
2667 1274 2819 1344 ἔγνω
2852 1272 3141 1342 ἤκουσεν.
3169 1274 3227 1329 Ὅ
3242 1274 3393 1341 λαὸς,
3412 1271 3638 1344 φησὶν.

2024 1363 2259 1430 ἐξελθὼν
2292 1367 2356 1418 ἐκ
2381 1365 2478 1432 τῆς
2506 1365 2806 1435 Αἰγύπτου,
2836 1365 3033 1436 ἤκουσε
3056 1364 3308 1434 γλῶσσαν
3334 1366 3405 1436 ἢν
3426 1363 3637 1419 πάλαι

2022 1453 2123 1507 οὐκ
2156 1452 2317 1524 ἔγνω.
2352 1456 2466 1509 Καὶ
2525 1456 2654 1509 ποία
2684 1455 2822 1528 αὕτη
2869 1456 2902 1526 ἢ
2955 1458 2987 1528 ἡ
3022 1456 3116 1510 τοῦ
3149 1455 3283 1511 Θεοῦ
3322 1455 3459 1529 πρὸς
3516 1455 3643 1510 τὸν

2024 1542 2151 1598 λαὸν
2177 1544 2433 1617 γινομένη
2457 1548 2515 1600 ἐν
2545 1546 2623 1619 τῷ
2646 1547 2762 1619 δρει
2791 1550 2973 1620 φωνή;

2112 1636 2476 1706 Ἀπέστησεν
2495 1638 2875 1711 ἀπὸὺᾶρσεων
2893 1639 3001 1694 τόν
3016 1640 3208 1694 νῶτον
3228 1639 3435 1696 αὐτοῦ.
3452 1640 3639 1695 Ἀντὶ

348 1731 412 1771 ex
443 1716 725 1771 oneribus.
748 1715 890 1771 Dicit
911 1730 1076 1785 porro
1102 1714 1246 1785 quod
1266 1713 1388 1771 illos
1416 1729 1447 1770 a
1468 1714 1701 1770 sarcinis
1723 1712 1921 1768 libera-

2071 1727 2144 1792 >ὖ,
2178 1728 2238 1794 ἐξ
2263 1729 2496 1802 ἄρσεων.
2528 1731 2690 1800 Λέγει
2718 1731 2796 1797 δέ,
2827 1731 3040 1786 ὅτιτῶν
3074 1731 3473 1802 βασταγμάτων
3504 1731 3633 1787 αὖ·

347 1807 508 1873 verit,
543 1821 681 1875 quas
705 1805 1021 1863 deferebant
1049 1822 1173 1863 cum
1200 1813 1549 1861 exstruerem
1575 1805 1740 1861 urbes
1768 1803 1913 1860 Pha-

347 1897 558 1953 raonis.
592 1895 785 1952 Manus
816 1897 929 1966 eius
956 1898 1011 1952 in
1053 1896 1274 1967 cophino
1323 1897 1632 1951 servierunt.
1682 1892 1797 1950 Hoc
1840 1896 1917 1949 ait

350 1991 480 2060 quia
511 1990 687 2045 lutum
714 1998 769 2045 et
803 1988 990 2061 paleas
1038 1989 1095 2045 in
1127 1988 1379 2061 eophinis
1417 1989 1484 2045 ad
1531 2002 1670 2058 opus
1701 1985 1914 2042 defere-

348 2084 500 2138 banL

424 2175 479 2230 8.
511 2174 579 2228 In
612 2175 953 2230 tribulatione
984 2174 1241 2229 invocasti
1270 2190 1373 2238 me,
1405 2182 1455 2228 et
1489 2172 1705 2227 liberavi
1731 2178 1798 2226 te.
1831 2167 1919 2224 Si-

353 2268 478 2323 mile
499 2277 582 2324 est
612 2267 688 2322 illi
728 2285 743 2323 :
780 2268 919 2334 Quia
951 2267 1129 2321 audivi
1177 2266 1397 2338 gemitus
1429 2280 1611 2320 eorum
1654 2273 1705 2319 et
1742 2276 1917 2317 vocem

349 2375 529 2414 eorum
550 2359 750 2426 audivi,
778 2367 827 2412 et
857 2347 1101 2412 descendi
1130 2358 1199 2412 ad
1228 2356 1560 2412 liberandum
1585 2371 1670 2411 eos
1697 2355 1737 2410 ⁸.

415 2447 677 2504 Εταιιᾱὶυί
701 2457 748 2503 te
772 2449 825 2501 in
847 2447 1158 2502 abscondito
1182 2447 1528 2518 tempestatis.
1555 2444 1726 2512 Quasi
1748 2442 1916 2506 dicat,

350 2557 414 2595 ex
447 2556 640 2613 magna
672 2549 727 2596 et
758 2539 1239 2596 vehementissima
1274 2547 1326 2594 te
1370 2538 1621 2609 angustia
1664 2534 1914 2592 liberavi.

353 2628 580 2683 Probavi
607 2638 655 2682 te
682 2627 823 2696 apud
850 2644 1045 2699 aquam
1090 2627 1547 2682 contradictionis.
1588 2625 1818 2692 Quando
1845 2624 1920 2681 si-

353 2719 611 2775 tibundus
639 2721 874 2793 populus
904 2721 971 2776 ad
999 2719 1223 2792 Moysen
1249 2720 1457 2775 diceret
1488 2737 1501 2774 :
1535 2717 1619 2772 Da
1663 2717 1809 2771 nobis
1858 2733 1919 2769 a-

350 2830 508 2886 quam
525 2825 582 2869 ut
607 2796 866 2882 bibamus,
918 2815 1233 2885 respondit:
1255 2813 1397 2880 Quid
1426 2829 1507 2867 me
1529 2810 1773 2867 conviciis
1793 2826 1917 2864 one-

350 2905 486 2959 ratis
516 2914 565 2958 et
602 2906 811 2959 tentatis
844 2905 1125 2959 Dominum
1150 2907 1170 2937 ¹
1189 2906 1215 2958 ?

419 2997 572 3054 9—H.
601 2997 761 3062 Audi,
819 2998 1042 3067 populus
1079 3014 1243 3055 meus.
1277 2997 1542 3067 Pepulum
1579 2994 1915 3061 cohortatur,

2018 1819 2145 1883 τοὺς
2169 1820 2566 1894 ἠλευθέρωσεν,
2597 1816 2674 1877 ὧν
2714 1824 3040 1896 ἐπεφέροντο
3066 1823 3474 1895 οἰκοδομοῦντες
3503 1824 3633 1887 τὰς

2021 1910 2203 1974 πόλεις
2226 1910 2303 1983 τῷ
2331 1912 2548 1984 Φαραώ.
2579 1916 2650 1968 Αἱ
2682 1913 2880 1983 χεῖρες
2923 1912 3109 1968 αὐτοῦ
3154 1914 3224 1968 ὲν
3252 1912 3334 1980 τῷ
3370 1914 3630 1983 κοφίνφ

2019 1999 2417 2058 ἐδούλευσαν.
2463 2003 2633 2058 Τοῦτὸ
2681 2022 2814 2077 φησι
2840 2005 2972 2060 διότι
3024 2005 3116 2059 τὸν
3175 2004 3344 2078 πηλὸν
3391 2005 3490 2059 καὶ
3544 2005 3632 2059 τὰ

2020 2092 2200 2166 ἄχυρα
2221 2097 2277 2149 ἐν
2301 2096 2543 2167 κοφίνοις
2567 2097 2659 2150 ἐπὶ
2690 2098 2750 2152 τὸ
2784 2097 2943 2171 ἔργον
2965 2097 3313 2170 ἐπεφέροντο.

2103 2186 2205 2242 Ἐν
2231 2188 2433 2257 θλίψει
2453 2189 2805 2243 ὲπεκαλέσω
2839 2207 2938 2259 με,
2970 2189 3071 2244 καὶ
3108 2187 3459 2259 ἐρρυσάμην
3506 2201 3629 2246 σε.

2025 2275 2248 2347 Ὅμοιον
2270 2276 2369 2349 τῷ,
2402 2278 2533 2331 Ὅτι
2563 2276 2804 2347 ἥκουσα
2837 2275 2955 2332 τῶν
2990 2276 3343 2348 στεναγμῶν
3374 2275 3624 2342 αὐτῶν,

2023 2368 2123 2422 καὶ
2153 2366 2262 2437 τῆς
2298 2367 2504 2439 φωνῆς
2547 2368 2746 2425 αὐτῶν
2788 2369 3049 2440 ἤκουσα,
3080 2369 3179 2424 καὶ
3205 2371 3462 2438 κατέϐην
3494 2369 3626 2425 τοῦ

2021 2457 2338 2523 ἐξελέσθαι
2368 2461 2609 2527 αὐτούς.
2644 2458 2982 2527 Ἐπήκουσά
3017 2475 3133 2515 σου
3158 2459 3228 2514 ὲν
3273 2460 3628 2530 ἀποκρύφῳ

2021 2549 2132 2619 τῆς
2162 2550 2519 2621 καταιγίδος.
2561 2551 2706 2606 Ἀντί
2734 2550 2849 2615 τοῦ,
2890 2552 2985 2606 Ἐκ
3016 2550 3259 2622 μεγάλης
3308 2552 3405 2605 καὶ
3432 2551 3627 2623 ὑπερα-

2024 2639 2324 2713 6αλλούσης
2353 2643 2671 2714 ἐρρυσάμην
2713 2659 2771 2695 σε
2813 2641 3065 2712 θλίψεως.
3114 2634 3483 2710 Ἑδοκίμασά
3533 2657 3623 2695 σε

2023 2731 2125 2785 ἐπὶ
2154 2730 2372 2798 ὕδατος
2393 2732 2760 2803 ἀντιλογίας.
2798 2733 2929 2786 Ὅτε
2964 2732 3194 2803 διψήσας
3236 2734 3264 2785 6
3293 2730 3422 2794 λαδς
3446 2729 3620 2800 ἔλεγε

2023 2822 2160 2894 πρὸς
2212 2823 2448 2895 Μωσῆν⁸
2474 2823 2587 2892 Δὸς
2610 2824 2756 2893 ἡμῖν
2784 2822 2939 2891 ὕδωρ
2988 2824 3089 2876 ἵνα
3116 2823 3373 2891 πίωμεν,
3407 2821 3617 2892 ἔλεγετ

2029 2913 2092 2966 Τί
2119 2911 2490 2982 λοιδορεῖσθέ
2508 2930 2587 2982 με
2613 2912 2715 2967 καὶ
2747 2910 3043 2980 πειράζετε
3070 2912 3175 2965 τὸν
3209 2912 3428 2994 Κύριον
3438 2927 3460 2976 ;

2099 3005 2415 3070 Ἄκουσον,
2452 3005 2602 3072 λαός
2628 3022 2767 3076 μου.
2798 3004 2888 3075 Τῷ
2922 3001 3038 3073 λαῷ
3063 3000 3379 3074 παραίνεσιν
3419 3001 3617 3072 εἰσφέ-

359 3098 413 3144 ιι
438 3098 592 3145 curet
616 3105 740 3145 esse
767 3090 1078 3160 obsequens
1132 3091 1231 3145 illi.
1284 3088 1420 3143 Nam
1472 3088 1519 3144 si
1568 3088 1672 3143 hoc
1733 3086 1950 3148 faciat“

2071 3113 2107 3149 ει
2155 3095 2325 3166 λέγων
2356 3097 2795 3170 παρεσκευάσθαι
2835 3097 3070 3167 ἐπήκοον
3123 3095 3375 3166 γενέσθαι
3426 3093 3611 3165 αὐτῷ.

349 3195 695 3251 nequaquam
727 3179 927 3235 serviet
953 3180 1046 3234 alii
1082 3179 1189 3235 Deo
1216 3199 1229 3234 :
1266 3194 1443 3249 neque
1473 3178 1577 3234 erit
1602 3177 1704 3248 ipsi
1737 3176 1922 3231 Domi-

350 3287 454 3327 nus
481 3273 536 3325 in
563 3269 732 3325 Deum
761 3281 1057 3326 recentem.
1099 3271 1220 3342 Ipse
1253 3286 1492 3342 namque
1537 3270 1739 3341 estqui
1791 3269 1921 3326 olim

346 3375 445 3415 eos
470 3375 535 3414 ex
574 3359 808 3432 [Egypto
836 3361 1087 3417 redemit.
1120 3361 1303 3417 Dilata
1329 3379 1385 3416 os
1420 3370 1591 3428 tuum,
1619 3371 1666 3416 et
1699 3360 1921 3432 implebo

346 3449 507 3506 illud.
540 3450 817 3506 Promittit
843 3452 1274 3522 obsequentibus
1299 3452 1549 3508 carnales
1581 3460 1637 3507 et
1668 3450 1922 3522 spiritua-

337 3543 427 3599 les
466 3544 639 3601 cibos.

419 3724 616 3780 12-15.
650 3723 720 3779 Et
750 3739 852 3779 non
877 3723 1077 3779 audivit
1106 3724 1329 3794 populus
1352 3741 1497 3779 meus
1532 3741 1702 3779 vocem
1725 3738 1915 3786 meam,

349 3828 457 3872 etc.
493 3816 631 3884 Quia
665 3834 750 3873 me
779 3818 887 3874 hoc
928 3817 1234 3889 pollicente,
1298 3816 1405 3886 ipsi
1449 3816 1602 3872 surdi
1659 3814 1914 3879 luerunt;

348 3907 472 3962 ideo
500 3909 781 3978 repudiavi
808 3924 924 3971 eos,
948 3909 1252 3977 dignasque
1274 3907 1342 3962 de
1369 3906 1704 3963 facinoribus
1726 3920 1916 3960 eorum

342 4012 540 4067 partas
570 3998 802 4068 sumpsi.

418 4087 508 4142 l6.
537 4086 754 4143 Inimici
790 4087 1004 4142 Domini
1036 4088 1245 4144 mentiti
1270 4098 1393 4142 sunt
1429 4089 1499 4154 ei,
1522 4098 1570 4142 et
1592 4088 1690 4142 erit
1719 4095 1916 4154 tempus

344 4194 527 4233 eorum
548 4180 601 4232 in
623 4178 840 4235 saecula.
873 4177 1040 4245 Quasi
1073 4179 1317 4250 apertius
1351 4178 1561 4233 diceret
1589 4194 1604 4232 :
1653 4175 1788 4242 Quia
1816 4188 1917 4243 po-

344 4274 508 4344 pulus
546 4273 805 4327 mentitus
834 4280 918 4328 est
954 4271 1209 4337 Domino,
1238 4272 1344 4326 erit
1371 4270 1420 4325 ei
1446 4278 1660 4340 tempus
1706 4265 1909 4337 suppli-

346 4361 439 4429 cii,
469 4361 522 4416 id
556 4371 639 4417 est
664 4369 879 4433 tempus
906 4361 1076 4416 futuri
1109 4361 1317 4417 saeculi.

417 4541 507 4594 17.
539 4539 609 4594 Et
640 4542 832 4596 cibavit
868 4559 954 4597 eos
994 4558 1058 4596 ea:
1080 4543 1234 4612 adipe
1262 4539 1535 4611 frumenti.
1583 4538 1684 4603 Illi,
1718 4538 1915 4609 inquit,

344 4631 556 4697 mentiti
588 4639 717 4686 sunt
748 4632 796 4686 ei
826 4648 842 4697 ;
876 4632 997 4703 ipse
1031 4648 1185 4697 vero,
1228 4640 1417 4703 utpote
1458 4632 1658 4695 bonus,
1690 4629 1919 4700 replevit

344 4735 441 4776 eos
467 4720 737 4790 spirituali
769 4722 928 4776 cibo:
976 4724 1069 4791 qui
1120 4731 1205 4777 est
1256 4722 1372 4792 ipse
1416 4720 1704 4788 Dominus,
1761 4719 1917 4790 panis

346 4816 490 4868 vivus
513 4812 605 4881 qui
628 4812 692 4865 de
718 4813 846 4866 calo
889 4812 1179 4876 descendit,
1230 4822 1281 4867 et
1310 4815 1404 4867 dat
1449 4814 1613 4867 vitam
1652 4813 1849 4866 mundo
1873 4811 1914 4864 ³.

348 4902 416 4958 Ει
442 4902 504 4957 de
535 4912 687 4972 petra
714 4901 866 4956 melle
910 4903 1170 4957 saturavit
1198 4919 1306 4957 eos.
1339 4901 1498 4958 Petra
1525 4911 1610 4958 est
1640 4903 1757 4973 ipse
1806 4900 1915 4955 Do-

346 4991 528 5046 minus
550 4992 613 5058 ⁶;
647 4992 774 5057 mel,
793 4991 913 5061 ejus
943 4991 1126 5046 divina
1151 4992 1390 5062 eloquia.
1423 4992 1512 5049 Ait
1541 4993 1727 5064 igitur,
1765 4992 1916 5064 quod

341 5098 438 5137 ρης
472 5084 680 5137 sanctis
709 5082 941 5154 eloquiis
969 5083 1086 5138 suis
1118 5083 1426 5154 repleverit.

700 5254 1036 5328 munus
1066 5273 1264 5342 Asaplt.
1299 5271 1499 5328 Lxxx

945 5367 1344 5437 Argumentum.

340 5448 640 5525 Postquam
662 5470 716 5509 ιιι
736 5459 1060 5514 praecedenti
1085 5459 1296 5528 psalmo
1318 5460 1383 5514 de
1405 5461 1589 5531 populi
1612 5461 1916 5532 abjectione

416 5650 435 5687 ⁸
463 5651 634 5709 Exod.
664 5671 722 5719 ιι,
753 5657 843 5711 ει.
921 5660 941 5690 ³
968 5658 1139 5715 Exod.
1171 5677 1303 5727 xm,
1336 5664 1388 5715 τὲ.

2022 3186 2133 3240 Καὶ
2163 3185 2294 3256 γὰρ,
2320 3187 2368 3240 εί
2415 3187 2574 3242 τοῦτο
2619 3189 2857 3259 ποιήσει,
2901 3187 3005 3240 οὐκ
3041 3186 3107 3241 ἂν
3154 3186 3326 3250 ἐτέρω
3372 3185 3616 3259 δουλεὺῃ

2021 3277 2161 3349 Θεῷ,
2196 3278 2317 3332 ούδέ
2346 3281 2635 3351 γενήσεται
2660 3278 2805 3351 αὐτῷ
2832 3279 2995 3342 αὐτὸς
3036 3280 3065 3331 6
3098 3278 3302 3350 Κύριος
3339 3280 3417 3343 εἰς
3467 3278 3614 3331 Θεὸν

2022 3369 2352 3441 πρόσφατον.
2389 3371 2559 3435 Αὐτὸς
2591 3370 2698 3444 γάρ
2749 3371 2898 3424 ἐστιν
2943 3370 2971 3422 ὁ
3003 3368 3097 3422 καὶ
3126 3369 3292 3423 πάλαι
3319 3368 3520 3433 αὐτοὺς
3547 3367 3612 3434 ἐξ

2020 3461 2294 3529 Αἰγύπτου
2316 3460 2751 3534 λυτρωσάμενος.
2783 3462 3103 3518 Πλὰτυνον
3124 3461 3192 3515 τὸ
3229 3463 3424 3530 στόμα
3451 3474 3609 3524 σου,

2020 3553 2119 3608 καὶ
2145 3551 2442 3622 πληρώσω
2468 3556 2634 3611 αὐτό.
2674 3555 3047 3626 ’Υπισχνεῖται
3070 3557 3181 3618 τοῖς
3212 3551 3610 3624 πειθαρχοῦσιν

2019 3643 2170 3714 αὐτῷ
2198 3645 2293 3699 καὶ
2327 3645 2598 3717 σαρκικὰς
2628 3646 2834 3718 τροφὰς
2857 3648 2950 3700 καὶ
2982 3644 3380 3716 πνευματικὰς.

2086 3733 2331 3789 Καίοὐκ
2367 3734 2632 3804 ἤκουσεν
2657 3738 2690 3789 6
2722 3738 2873 3803 λαός
2904 3755 3023 3807 μου
3059 3735 3166 3805 τῆς
3208 3734 3415 3805 φωνῆς
3450 3751 3600 3804 μου.

2031 3825 2250 3898 Ἐπειδὴ
2278 3825 2451 3880 ταῦτα
2480 3827 2578 3897 μὲν
2600 3827 2916 3899 ὑπεσχόμην
2955 3828 3093 3896 ἐγὼ,
3120 3829 3273 3882 αὐτοὶ
3301 3827 3355 3880 δέ
3383 3826 3452 3880 τὰ
3485 3820 3609 3879 ὦτα

2018 3917 2365 3987 ἐκώφευσανο
2390 3916 2577 3971 τούτου
2611 3919 2770 3990 χάριν
2794 3918 3146 3991 ἀπεδαλόμην
3188 3918 3405 3984 αὐτοὺς,
3431 3916 3598 3982 ἀξίαν

2016 4006 2128 4061 τῶν
2154 4007 2604 4080 ἐπιτηδευμάτων
2636 4009 2819 4073 αὐτοῖς
2847 4008 2944 4081 τὴν
2968 4010 3239 4081 τιμωρίαν
3267 4008 3460 4074 διδούς.

2085 4100 2151 4153 Οί
2175 4097 2375 4166 ἐχθροί
2399 4099 2623 4168 Κυρίου
2654 4099 2997 4167 ἐψεύσαντο
3034 4097 3227 4165 αὐτῷ,
3268 4100 3365 4154 καί
3425 4100 3604 4154 ἔσται

2017 4190 2053 4243 6
2100 4187 2305 4256 καιρὸς
2324 4188 2523 4242 αὐτῶν
2552 4191 2639 4255 εις
2666 4188 2774 4243 τὸν
2819 4188 3022 4243 αἰῶνα.
3062 4188 3205 4242 Ὠσεί
3265 4188 3603 4259 σαφέστερον

2017 4279 2234 4349 ἔλεγεν*
2280 4280 2427 4333 Ἀντὶ
2475 4280 2565 4333 τοῦ
2594 4280 2897 4351 ψεύσασθαι
2952 4280 3030 4352 τῷ
3077 4281 3269 4353 Κυρίῳ
3320 4281 3411 4335 τὸν
3443 4281 3600 4343 λαὸν,

2019 4371 2173 4425 ἐσται
2229 4373 2416 4446 καιρὸς
2467 4372 2618 4446 αύτῷ
2657 4376 2957 4449 τιμωρίας·
2997 4369 3245 4439 οὗτοςδέ
3275 4376 3422 4429 ἐστιν
3449 4375 3478 4428 6
3502 4372 3602 4429 τοῦ

2025 4464 2309 4536 μέλλοντος
2343 4464 2559 4529 αἰῶνος.

2092 4556 2200 4610 Καὶ
2228 4555 2534 4626 ἐψώμισεν
2557 4558 2779 4625 αὐτοὺς
2799 4559 2868 4613 ἐκ
2895 4559 3148 4626 στέατος
3190 4557 3405 4627 πυροῦ.
3434 4551 3599 4609 Αὐτοὶ

2027 4647 2144 4717 μὲν,
2175 4648 2359 4718 φησιν,
2400 4648 2696 4718 ἐψεύσαντο
2747 4648 2923 4720 αὐτῷ·
2955 4650 3117 4713 αὐτὸς
3146 4650 3203 4703 δέ
3222 4690 3237 4714 ,
3265 4648 3359 4702 ἆτε
3398 4644 3598 4715 ἀγαθὸς

2026 4739 2308 4809 ὑπάρχων,
2341 4738 2637 4810 ἐνέπλησεν
2660 4742 2856 4805 αὐτοὺς
2886 4741 3081 4813 νοητῆς
3102 4740 3307 4813 τροφῆς
3329 4756 3344 4771 ο
3375 4738 3512 4807 αὕτη
3538 4732 3600 4788 δέ

2026 4829 2173 4883 ἐστιν
2202 4828 2363 4893 αὐτὸς
2387 4830 2415 4882 ὁ
2442 4830 2668 4902 Κύριος,
2691 4835 2723 4885 6
2749 4832 2927 4902 ἄρτος
2964 4835 2996 4887 6
3029 4832 3160 4897 ζῶν,
3187 4835 3219 4887 ὁ
3246 4832 3315 4897 ἐξ
3337 4825 3598 4899 οἰιοανοῧ

2024 4919 2304 4986 καταϐὰς,
2337 4919 2436 4973 καὶ
2469 4920 2622 4989 ζωὴν
2650 4921 2853 4991 διδοὺς
2878 4923 2959 4990 τῷ
2983 4926 3209 4995 κόσμῳ.
3264 4926 3372 4980 Καὶ
3399 4925 3468 4979 ἐκ
3492 4918 3598 4976 πέ-

2022 5026 2164 5079 τρας
2191 5008 2332 5080 μέλι
2368 5011 2698 5082 ἐχόρτασεν
2733 5017 2972 5083 αὐτούς.
3012 5018 3196 5090 Πέτρα
3233 5017 3394 5080 αὐτὸς
3416 5017 3444 5069 6
3479 5012 3593 5067 Κύ-

2025 5118 2162 5175 ριος,
2203 5101 2326 5173 μέλι
2371 5102 2428 5156 δὲ
2466 5103 2537 5157 τὰ
2577 5104 2694 5159 Θεῖα
2728 5106 2893 5161 αύτοῦ
2917 5107 3092 5177 λόγια.
3126 5107 3289 5176 Λέγει
3329 5104 3482 5176 γοῦν,
3511 5105 3595 5159 ὅτι

2023 5194 2133 5247 τῶν
2159 5194 2319 5248 ὁσίων
2345 5194 2506 5249 αὐτοῦ
2530 5196 2726 5266 λογίων
2755 5199 3048 5271 ἐνέπλησεν
3079 5198 3295 5262 αύτούς.

2402 5289 2708 5344 ΨΑΛΜΟΣ
2737 5288 2815 5355 τῷ
2854 5289 3055 5361 Ἀσάφ.
3084 5294 3209 5345 HA’.

2649 5380 2973 5447 Ὑπόθεσις.

2024 5468 2135 5539 Τὴν
2161 5468 2431 5543 ἀποϐολὴν
2462 5470 2557 5525 τοῦ
2582 5469 2712 5525 λαοῦ
2734 5473 2791 5525 ἐν
2816 5470 2892 5542 τῷ
2926 5472 3032 5544 πρδ
3055 5471 3220 5528 αὐτοῦ
3259 5468 3479 5542 ψαλμῶ,
3505 5463 3590 5522 ὲν-

1471 5664 1663 5719 ‘Joau.
1705 5682 1779 5733 vr,
1823 5667 1910 5722 ὃὸ.
1994 5669 2055 5724 ⁸1
2090 5669 2217 5726 Cor.
2248 5687 2303 5739 ι,
2336 5673 2383 5725 4.
