3778 6276
162 255 260 314 3δῦ

1241 249 1600 309 EXPOSITIO
1630 249 1695 306 IN
1729 249 2058 310 PSALMUM
2098 255 2354 312 LXXXII.

3297 255 3404 313 366

222 372 406 427 ταῦθα
442 369 548 425 καὶ
587 367 685 433 τὰς
714 367 893 432 αῑτίας
927 367 1257 439 σαφέστερον
1296 368 1561 432 ἐκδίδωσι,
1586 368 1650 420 δι’
1678 367 1728 427 ἃς

1872 418 1883 437 ,
1921 369 2133 426 loculus
2159 383 2263 438 est,
2302 369 2389 425 hic
2417 383 2536 439 qum
2565 382 2746 424 causa!
2775 368 2883 424 sint
2907 367 3052 438 quod
3080 383 3110 423 a
3163 360 3272 424 Déo
3313 373 3408 426 ab-

221 463 428 522 αὖτοὺς
463 461 492 513 ὁ
518 457 653 521 Θεὸς
676 456 998 511 ἀπεϐάλετα

231 552 292 606 Ὀ
339 550 499 615 Θεὸς
531 550 682 616 ἔστη
732 549 800 602 ἐν
841 547 1162 618 συναγωγῇ
1207 547 1376 604 θεῶν.
1431 549 1594 613 Osci»;
1622 549 1745 611 τοὺς

163 646 425 714 ἄρχοντας
453 641 570 695 τῶν
609 640 878 694 Ἰουδαίων
908 640 1155 705 ἐκάλεσε,
1189 643 1314 705 τοὺς
1340 643 1488 706 υἱοὺς
1517 639 1744 711 κληθέν-

163 750 246 795 τας
261 730 430 784 Θεοῦ.
478 732 656 799 Ἔστη
681 725 771 783 οὖν
804 731 858 782 ὲν
886 729 1034 800 μέσῳ
1064 731 1240 784 αὐτῶν
1275 733 1303 784 ό
1350 731 1500 795 Θεὸς,
1531 733 1619 784 ὅτε
1648 731 1745 802 τὴν

166 825 428 894 σωτήριον
461 823 775 894 παρουσίαν
809 821 1121 892 πεποίηται,
1169 823 1317 886 ὅπως
1362 822 1610 894 διακρίνῃ
1658 823 1748 876 αὐ-

165 918 294 979 τοὺς.
326 915 564 984 ἔλεγχον
592 913 703 967 τῶν
727 914 905 976 αὐτοῖς
925 913 1330 984 πεπραγμένων
1364 897 1555 966 ποιῶν.

226 1009 383 1073 Ἕως
417 1007 576 1059 πότε
607 1007 838 1074 κρίνετε
867 1005 1140 1068 ἀδικίαν;
1165 1005 1277 1074 Τὴν
1304 1004 1515 1058 ἀδικίαν
1540 1004 1639 1076 τὴν
1662 1021 1747 1072 γι-

167 1099 389 1168 ηιιὲνην
421 1101 515 1161 εἰς
536 1097 630 1150 τὸν
656 1096 781 1150 λαὸν
814 1096 942 1166 παρ’
967 1095 1144 1151 αὐτῶν
1173 1098 1251 1158 είς
1283 1095 1446 1165 μέσον
1469 1096 1612 1164 ἄγει.

221 1264 726 1330 Σαλευθήτωσαν
758 1264 954 1316 πάντα
986 1264 1057 1317 τὰ
1089 1263 1328 1333 θεμέλια
1351 1261 1461 1332 τῆς
1492 1263 1622 1332 γῆς.
1647 1263 1748 1316 Θε-

167 1355 312 1424 μέλια
351 1355 465 1424 τῆς
491 1355 600 1424 γῆς
624 1355 750 1417 τοὺς
773 1354 1037 1425 ἄρχοντας
1068 1353 1161 1407 τοῦ
1199 1353 1392 1416 αίῶνος
1422 1353 1609 1406 τούτου
1644 1371 1747 1424 φη-

166 1447 234 1498 σίν
255 1463 269 1476 ο
303 1447 519 1505 οἵτινες
550 1446 648 1498 καὶ
682 1445 787 1516 πρό
809 1462 872 1513 γε
901 1445 996 1498 τοῦ
1018 1444 1144 1497 λαοῦ
1178 1445 1286 1498 τῶν
1323 1444 1586 1498 Ἰουδαίων
1615 1443 1745 1497 ἔδω-

165 1556 248 1590 καν
269 1538 463 1609 δίκην,
493 1536 856 1607 ἐκϐληθέντες
874 1537 972 1607 τῆς
995 1536 1113 1591 καθ’
1142 1535 1296 1608 ἡμῶν
1325 1535 1635 1607 τυραννίδος
1657 1535 1746 1589 διὰ

163 1629 237 1681 τοῦ
257 1630 569 1699 λεχθέντος
594 1631 730 1701 πρὸς
758 1631 904 1701 ἡμᾶς
928 1625 1107 1698 λογίου
1133 1646 1147 1660 ο
1183 1629 1314 1684 Νῦν
1341 1632 1373 1682 ό
1403 1627 1600 1697 ἄρχων
1633 1627 1738 1681 τοῦ

163 1725 382 1791 ιὸσμσυ
414 1725 646 1776 τούτου
672 1722 1105 1790 ἐκϐληθήσεται
1151 1721 1285 1786 ἐξω.
1350 1719 1746 1793 Ἐσαλεύθησαν
1775 1703 1818 1758 Β

160 1815 252 1885 γὰρ
282 1809 354 1885 ἧς
389 1813 578 1868 πάλαι
616 1814 749 1866 ποτὲ
775 1808 918 1884 εἶχον
946 1815 1204 1876 στάσεως.
1240 1813 1367 1866 "Ars
1406 1813 1468 1883 δὴ
1498 1813 1572 1876 ὡς
1599 1811 1748 1884 πρώ-

156 1923 248 1972 των
276 1906 481 1958 αὐτῶν
512 1906 974 1976 καταργηθέντων
1015 1906 1100 1958 διὰ
1137 1904 1231 1958 τοῦ
1284 1904 1516 1976 σταυροῦ
1544 1904 1708 1958 αὐτοῦ
1728 1945 1742 1970 ,

153 1988 260 2050 εἶτα
288 1999 401 2070 τῆς
434 1998 676 2068 ἐκϐολῆς
713 1998 1008 2069 γενομένης
1031 1996 1124 2051 τοῦ
1164 1995 1379 2068 Ἰσραὴλ
1407 1995 1544 2066 μετά
1568 1995 1629 2048 τὸ
1656 2013 1749 2067 κη-

153 2092 426 2163 ρυχθῆναι
457 2093 545 2154 είς
575 2090 756 2144 πάντα
788 2091 857 2144 τὰ
890 2090 1016 2162 ἔθνη
1053 2090 1114 2142 τὸ
1140 2087 1488 2158 Εὑαγγέλιον,
1543 2087 1750 2158 ἐπήγα-

150 2197 237 2246 γεν
261 2198 276 2212 ο
320 2181 490 2250 Ἐγὼ
523 2176 666 2234 είπα
686 2196 700 2210 ·
732 2180 864 2234 Θεοί
889 2181 1049 2235 ἐστε.
1093 2178 1282 2246 Ὑμεῖς
1315 2177 1383 2230 δὲ
1414 2177 1494 2242 ὠς
1529 2175 1749 2243 ἅνθρω-

151 2285 243 2324 ποι
267 2270 717 2339 ἀποθνήσκετε
735 2287 747 2300 ·
776 2271 1020 2324 πίπτετε
1061 2268 1129 2322 δὲ
1170 2269 1268 2322 καὶ
1289 2268 1368 2333 ὡς
1396 2264 1484 2332 εἷς
1505 2266 1623 2320 τῶν
1649 2266 1749 2335 dp-

149 2367 414 2430 πάντων.
457 2365 577 2418 Καὶ
601 2365 770 2416 ποίων
792 2364 1086 2434 ἀρχόντων,
1118 2363 1150 2434 ἢ
1180 2356 1253 2416 ὧν
1315 2360 1496 2433 μικρῷ
1556 2360 1752 2433 πρότε-

151 2473 240 2526 ρον
271 2455 535 2528 ἐδήλωσε
555 2455 642 2509 διὰ
667 2456 775 2509 τῶν
793 2456 1167 2526 σαλευομένων
1196 2453 1457 2525 Θεμελίων
1480 2452 1581 2524 τῆς
1606 2451 1709 2522 γῆς
1732 2469 1748 2517 ;

471 2547 617 2618 ’ῼδὴ
665 2551 923 2603 ΨΑΑΜο
937 2551 980 2600 Υ
1003 2547 1081 2614 τῷ
1105 2545 1306 2616 Ἀσάφ.
1331 2546 1467 2602 113'.

809 2640 1132 2705 Ύπόθεσις.

151 2733 331 2804 Εὒχὴν
369 2731 618 2787 ἐνταῦθα
646 2731 912 2786 ἀνατείνει
943 2731 1078 2802 πρὸς
1110 2730 1263 2795 Θεὸν,
1297 2731 1397 2802 τῆς
1429 2727 1749 2794 ἀλαζονείας

218 2826 400 2890 ἀξιῶν
434 2825 512 2878 τὰ
541 2824 668 2895 ἔθνη
702 2823 1122 2896 τιμωρήσασθαι
1174 2823 1244 2876 τὰ
1285 2823 1393 2877 τῶν
1453 2821 1750 2894 Ἀσσυρίων

228 2919 312 2979 εἰς
336 2916 434 2967 τὸν
467 2915 613 2968 κατά
642 2915 742 2985 τῆς
777 2915 1133 2988 Ἰερουσαλὴμ
1165 2914 1562 2986 συμπράξαντα
1587 2913 1748 2966 πόλε-

269 3026 359 3061 ev.
391 3000 558 3060 Οὗτοι
584 3005 641 3060 δὲ
664 3000 806 3079 ἦσαν
830 3009 877 3060 οἱ
908 3006 1035 3077 ἑξῆς
1064 3009 1121 3060 έν
1149 3005 1226 3077 τῷ
1253 3006 1453 3078 ψαλμῷ
1483 3005 1746 3077 δηλούμεο
1774 3037 1819 3099 C

257 3118 335 3155 οι.

257 3197 305 3245 0
345 3191 518 3258 Θεὸς,
557 3191 651 3257 τίς
694 3189 1124 3260 ὁμοιωθήσεται
1163 3204 1303 3250 σοις
1340 3185 1427 3258 μὴ
1486 3186 1750 3258 σιγήσῃ(-

153 3285 313 3354 mss
349 3285 806 3353 καταπραῢνῃς,
838 3287 870 3338 ὀ
900 3284 1063 3350 Θεός.
1090 3283 1180 3335 Σοὶ
1213 3281 1332 3352 μὲν,
1360 3280 1542 3352 φησιν,
1577 3281 1750 3343 οὐδεὶς

158 3379 314 3431 ἔσται
368 3378 595 3448 ὅμοιος,
661 3376 1038 3447 ἀμνησίκακος
1091 3375 1185 3428 καὶ
1239 3373 1604 3445 μακροθυμῶν
1659 3375 1751 3426 ἐπὶ

160 3476 280 3534 ταῖς
311 3472 560 3534 ἀδικίαις
581 3487 596 3500 ⁸
626 3469 738 3539 ἐγὼ
763 3470 821 3523 δὲ
850 3468 1078 3541 εὔχομαι
1123 3467 1198 3540 μὴ
1247 3467 1468 3538 σιγῆσαι
1497 3467 1588 3519 ἐπὶ
1631 3467 1751 3527 ταῖς

161 3565 284 3618 καθ’
321 3564 488 3634 ἡμῶν
538 3563 690 3634 παρὰ
739 3562 846 3617 τῶν
909 3561 1117 3634 ἐχθρῶν
1169 3560 1491 3630 γενομέναις
1542 3557 1750 3620 ἀδίκοις

162 3657 400 3725 sis/130K.

233 3751 371 3801 Ὀτι
403 3747 537 3802 ιδοὺ
566 3751 618 3801 οἱ
650 3746 852 3816 ἐχθροί
883 3759 999 3798 σου
1042 3743 1309 3813 ἤχησαν.
1367 3741 1746 3808 Ἐξάκουστος,

162 3844 353 3911 φησὶν,
393 3843 429 3913 ἡ
456 3840 577 3894 καθ’
604 3843 637 3911 ἡ
648 3839 762 3910 μῶν
795 3839 923 3909 παρ’
945 3836 1125 3890 αὐτῶν
1154 3836 1338 3890 ἀδικία
1365 3835 1675 3906 γεγένηται.

249 3936 675 4006 Ἑτενήθησαν
719 3937 801 4000 εὶς
837 3932 1171 4000 ἀντίληψιν
1219 3930 1344 3995 τοῖς
1392 3928 1544 3992 ὐἱοῖς
1599 3928 1746 3981 Λώτ.

177 4025 590 4089 Ἀντελάϐοντο,
615 4025 768 4095 φησὶ,
795 4024 887 4078 καὶ
921 4023 1366 4093 συνεμαχήσαντο
1396 4022 1475 4083 είς
1505 4019 1596 4071 τὸν
1626 4017 1747 4071 καθ’

166 4119 328 4190 ἡμῶν
351 4119 588 4190 πόλεμον
605 4120 654 4171 ot
679 4115 1117 4188 προδηλωθέντες
1145 4115 1257 4177 τοῖς
1286 4115 1422 4174 υἱοῖς
1450 4111 1594 4165 Λώτ.
1632 4111 1751 4162 Υίοὶ

165 4213 221 4265 δὲ
250 4212 376 4266 Λὼτ
411 4211 700 4265 Μωαϐῖται
728 4209 821 4262 καὶ
854 4209 1202 4278 Ἀμμανῖται.
1265 4201 1542 4256 Ἐντεῦθεν
1569 4202 1624 4255 δὲ
1662 4219 1750 4269 γι-

166 4307 477 4376 νιὲισκομεν,
515 4305 595 4356 ὅτι
633 4299 1062 4372 προσκαλοῦνται
1093 4295 1355 4367 ἀλλήλους
1402 4295 1449 4346 οἱ
1496 4293 1749 4362 δαίμονες

1918 461 2094 527 jcctus
2125 463 2288 517 fuerit
2311 461 2510 517 clarius
2551 469 2810 516 recenset.

1915 553 1966 606 l.
2003 552 2142 606 Deus
2175 553 2318 606 stetit
2375 553 2428 606 in
2469 568 2732 622 synagoga
2785 551 3023 604 deorum.
3078 551 3220 607 Deos
3251 563 3409 608 vocat

1848 641 2116 712 principes
2143 641 2474 706 Judaaorum,
2505 643 2595 712 qui
2621 642 2715 696 ﬁlii
2740 641 2834 696 Dei
2857 643 3212 698 vocabantur.
3245 643 3410 698 Slcm

1847 733 2010 803 igitur
2039 734 2091 787 in
2120 734 2295 788 medio
2326 749 2515 788 eorum
2566 733 2731 792 Deus.
2781 732 2834 786 in
2889 733 3116 787 salutari
3170 749 3272 788 suo
3307 735 3407 788 ad-

1845 833 2028 886 ventu,
2064 832 2124 878 ut
2152 823 2424 892 iudicaret
2469 837 2586 889 eos,
2639 820 2943 876 facinorum
2979 837 3170 877 eorum
3219 823 3408 887 convi-

1846 916 2077 970 ctionem
2108 913 2358 970 aﬁ‘erens.

1909 1005 1964 1070 Ξ,
1997 997 2049 1060 3.
2102 1004 2375 1075 Usquequo
2400 1004 2672 1074 cjudicatis
2716 1005 3098 1075 iniquitatem?
3149 1014 3254 1060 ctc.
3296 1003 3406 1060 lni-

1846 1099 2126 1168 quitatem,
2163 1113 2268 1168 qua
2298 1112 2426 1168 erga
2457 1097 2717 1168 populum
2771 1099 2855 1153 usi
2900 1109 3047 1164 sunt,
3083 1103 3135 1154 in
3171 1103 3408 1157 medium

1848 1190 2086 1244 adducit.

1918 1281 2043 1336 5-7.
2079 1279 2391 1334 Moneantur
2414 1282 2593 1335 omnia
2625 1281 2968 1352 fundamenta
2997 1292 3164 1337 terrw.
3199 1281 3413 1337 Funda—

1845 1382 2026 1428 menta
2064 1381 2219 1426 terra:
2245 1371 2377 1426 dicit
2406 1373 2680 1443 principes
2713 1374 2895 1430 szeculi
2924 1374 3085 1444 hujus
3111 1413 3126 1437 ,
3157 1375 3249 1445 qui
3283 1384 3412 1429 ante

1845 1461 2157 1518 Judaeorum
2191 1464 2448 1534 populum
2482 1480 2673 1535 pmnas
2718 1465 3009 1528 dederunt,
3050 1481 3081 1519 a
3132 1466 3414 1536 tyrannide

1848 1572 1956 1626 qua
1991 1571 2092 1610 nos
2139 1557 2516 1626 opprimebant
2565 1557 2801 1627 expulsi,
2849 1573 2945 1627 per
2993 1557 3127 1611 illud
3161 1557 3410 1613 dictum:

1865 1648 2022 1702 Nunc
2040 1650 2278 1717 princeps
2305 1647 2459 1717 hujus
2499 1637 2681 1704 mundi
2712 1649 2953 1716 ejicietur
2983 1647 3129 1717 foras
3150 1647 3191 1702 ⁸.
3227 1641 3418 1705 Exacti

1847 1751 1976 1795 sunt
2009 1757 2039 1796 a
2080 1742 2203 1797 loco
2241 1756 2406 1812 quem
2431 1741 2581 1811 prius
2635 1744 2994 1813 occupabant.
3047 1745 3184 1800 Cum
3231 1746 3414 1816 itaque

1847 1835 2000 1904 prius
2029 1835 2106 1889 illi
2139 1834 2442 1904 compressi
2478 1833 2713 1889 fuissent
2751 1850 2849 1905 per
2880 1851 3096 1891 crucem
3148 1837 3268 1907 ejus
3291 1876 3309 1902 ,
3348 1851 3414 1891 ac

1847 1923 2042 1979 deinde
2093 1923 2339 1994 abjectus
2391 1923 2462 1978 sit
2514 1922 2680 1979 Israel
2726 1933 3017 1994 postquam
3057 1925 3408 1996 Evangelium

1847 2031 1944 2084 per
1969 2023 2138 2070 totam
2165 2024 2364 2071 terram
2405 2016 2757 2085 praedicatum
2789 2014 2914 2083 fuit,
2952 2016 3271 2086 subiunxit:
3299 2015 3412 2084 Ego

1847 2105 1997 2160 dixi:
2036 2105 2125 2160 Dii
2152 2107 2295 2160 estis.
2331 2104 2426 2159 Vos
2450 2117 2626 2160 autem
2659 2108 2797 2159 sicut
2827 2107 3060 2161 homines
3092 2108 3412 2172 moriemini,

1847 2207 1896 2250 et
1931 2199 2066 2252 sicut
2100 2215 2234 2253 unus
2261 2200 2324 2252 de
2346 2199 2671 2269 principibus
2694 2201 2918 2254 cadetis.
2949 2199 3014 2255 Et
3037 2201 3237 2271 quibus
3264 2200 3416 2270 prin-

1849 2290 2081 2360 cipibus,
2125 2291 2231 2346 nisi
2282 2291 2350 2346 iis
2383 2307 2522 2361 quos
2571 2292 2734 2362 paulo
2777 2303 2903 2348 ante
2959 2291 3288 2364 signiﬁcavit
3316 2304 3416 2363 per

1849 2393 2121 2439 commota
2150 2383 2501 2439 fundamenta
2535 2397 2692 2440 terra!

2017 2536 2068 2589 l.
2108 2535 2386 2592 Canticum
2419 2536 2698 2592 PSALMI
2727 2537 2926 2607 Asaph.
2955 2535 3250 2592 LXXXII.

2431 2632 2831 2701 Argumentum.

1848 2720 2226 2778 Precationem
2257 2722 2348 2778 hic
2396 2721 2624 2778 effundit
2659 2721 2726 2777 ad
2775 2721 2968 2788 Deum,
3018 2738 3216 2794 rogans
3245 2731 3305 2777 ut
3349 2721 3416 2777 de

1926 2815 2239 2886 arrogantia
2282 2815 2548 2885 gentium,
2600 2830 2724 2886 quas
2768 2830 2893 2870 cum
2943 2816 3183 2886 Assyriis
3211 2815 3415 2870 bellum

1922 2916 2202 2976 gesserant
2256 2907 2519 2962 adversus
2574 2903 2912 2974 Jerusalem,
2965 2916 3146 2962 sumat
3202 2920 3414 2976 pinnas.

1922 2998 2015 3053 Hae
2045 3007 2226 3054 autem
2263 3005 2451 3069 gentes
2491 2996 2721 3054 inferius
2752 2999 2804 3052 in
2839 2997 3052 3068 psalmo
3084 2997 3414 3052 indicantur.

1919 3177 1972 3232 2.
2005 3178 2166 3244 Deus,
2202 3179 2318 3249 quis
2346 3177 2536 3232 similis
2569 3179 2670 3232 erit
2719 3178 2853 3230 tibi?
2911 3193 2974 3230 ne
3032 3186 3205 3230 taceas
3257 3190 3419 3246 neque

1850 3271 2221 3340 compescaris,
2249 3271 2408 3324 Deus.
2442 3268 2634 3336 Nemo,
2670 3270 2867 3340 inquit,
2901 3268 3000 3324 tibi
3052 3267 3247 3323 similis
3291 3265 3416 3327 erit.

1851 3363 2139 3418 immemor
2164 3361 2416 3417 videlicet
2450 3361 2799 3431 injuriarum,
2827 3369 2882 3415 et
2925 3358 3300 3430 aequanimiter
3335 3367 3419 3411 to-

1851 3453 2032 3508 lerans
2053 3452 2391 3522 iniquitates.
2417 3451 2531 3522 Ego
2558 3461 2740 3507 autem
2769 3466 2964 3522 precor
2997 3462 3058 3506 ut
3100 3466 3207 3505 non
3239 3458 3420 3504 taceas

1851 3559 2014 3613 super
2078 3543 2284 3613 iniquis
2336 3543 2748 3599 incursionibus
2800 3543 3172 3607 inimicorum,
3219 3541 3420 3610 quibus

1852 3648 1952 3688 nos
1983 3633 2325 3688 adoriuntur.

1923 3725 1976 3778 5.
2013 3723 2274 3788 Quoniam
2305 3741 2420 3778 ecce
2442 3724 2646 3778 inimici
2672 3725 2750 3778 tui
2771 3708 3078 3777 sonuerunt.
3112 3721 3414 3786 Publicata,

1850 3817 2050 3885 inquit,
2084 3813 2190 3869 fuit
2215 3831 2405 3870 eorum
2435 3816 2725 3870 adversum
2757 3829 2858 3869 nos
2887 3814 3168 3884 iniquitas.

1924 3912 1977 3965 9.
2010 3909 2168 3964 Facti
2197 3921 2317 3964 sunt
2351 3908 2407 3962 in
2435 3908 2761 3978 adjutorium
2790 3907 2918 3976 filiis
2952 3906 3071 3960 Lat.
3121 3905 3224 3973 Qui
3260 3921 3424 3975 supe-

1851 4002 1969 4056 rius
2004 4003 2288 4056 memorati
2330 4008 2457 4055 sunt
2501 3999 2765 4053 auxilium
2807 4008 2861 4053 et
2911 4013 3068 4068 opem
3119 3998 3419 4052 attulerunt

1852 4097 1980 4150 ﬁliis
2013 4093 2132 4150 Lnt.
2176 4095 2296 4148 Filii
2322 4104 2500 4150 autem
2538 4092 2639 4148 Lot
2671 4101 2798 4148 sunt
2827 4091 3072 4146 Moabitae
3114 4102 3166 4146 ct
3195 4093 3423 4148 Animo-

1852 4188 1998 4242 nitas.
2056 4185 2193 4241 Hinc
2256 4196 2436 4240 autem
2487 4184 2914 4256 cognoscimus,
2971 4184 3246 4238 daemones
3300 4197 3421 4236 scso

1855 4289 2046 4332 mutuo
2077 4291 2374 4346 provocare
2400 4276 2466 4330 ad
2502 4275 2797 4342 perniciem
2829 4274 3046 4338 animae,
3077 4283 3136 4326 ut
3169 4289 3271 4325 nos
3294 4271 3418 4324 fun-

169 4399 256 4452 ἐπ’
294 4363 543 4465 ἀπωλείᾳ
569 4363 766 4464 ψυχῆς.
802 4389 1176 4464 πανωλεθρίαν
1202 4363 1334 4458 ημῖν
1363 4387 1591 4453 ἐπάγειν
1613 4426 1627 4450 ,
1654 4385 1728 4438 κα

1872 4373 2000 4426 litus
2027 4369 2272 4439 perdant,
2308 4377 2363 4423 et
2396 4366 2665 4420 famosum
2700 4366 2852 4419 illum
2897 4363 3153 4420 lsraclem
3199 4363 3254 4420 in
3283 4363 3423 4416 obli-

167 4489 309 4562 λήθῃ
341 4485 678 4559 παραδοῦναι
707 4485 796 4537 τὸν
839 4481 1271 4554 πολυθρύλλητον
1329 4476 1564 4548 Ἰσραήλ.
1612 4472 1745 4529 Εἶτα

167 4581 462 4649 καταλέγει
487 4577 738 4649 ὁμόρους,
765 4577 854 4646 ὑφ’
885 4571 960 4629 ὧν
986 4572 1380 4644 συγκληθέντες
1402 4571 1496 4623 καὶ
1523 4571 1572 4622 οἱ
1597 4569 1742 4622 ἄλλοι

171 4673 457 4744 συνῆλθον.

240 4767 513 4831 Ποίησον
541 4760 748 4828 αὐτοῖς
785 4762 865 4826 ὠς
903 4757 978 4827 τῇ
1003 4757 1234 4826 Μαδιάμ
1255 4755 1353 4808 καὶ
1387 4751 1466 4818 τῷ
1493 4751 1739 4818 Σισάρα.

172 4856 386 4923 Ὥσπερ
425 4854 553 4907 ποτὲ
581 4852 809 4922 Μαδιάμ
829 4850 924 4904 καὶ
955 4851 983 4902 ὁ
1003 4848 1229 4918 Σισάρα,
1259 4845 1338 4898 ἔτι
1371 4861 1428 4897 τε
1459 4843 1552 4896 καὶ
1577 4844 1605 4895 ὁ
1641 4844 1744 4894 ’ῐαο

171 4944 286 4996 ϐεἱν
308 4944 702 5008 ἐξαναστάντες
723 4941 866 4995 κατὰ
889 4939 983 4992 τοῦ
1011 4936 1225 5008 Ἰσραὴλ
1253 4933 1744 5005 ἐξωλοθρεύθησαν,

170 5039 221 5088 οἱ
251 5038 348 5105 μὲν
375 5039 432 5089 ὲν
459 5035 538 5106 τῷ
562 5035 871 5106 ’χειμάρρῳ
911 5029 1150 5092 Κισσὼν,
1186 5030 1235 5083 οί
1283 5029 1340 5081 δὲ
1376 5028 1434 5080 ὲν
1473 5023 1706 5094 ’Δενδὼρ
1732 5039 1745 5052 ’

169 5131 262 5181 τὸν
297 5129 460 5182 αὑτὸν
499 5129 698 5200 τρόπον
730 5128 826 5182 καὶ
860 5128 908 5180 oi
959 5125 1269 5195 ἐπιθέμενοι
1306 5122 1439 5192 ἡμῖν
1484 5117 1622 5189 μετά
1654 5116 1748 5169 τοῦ

187 5222 439 5292 Ἄσσουρ,
467 5222 563 5291 τῆς
591 5219 784 5290 ὁμοίας
811 5219 1079 5290 τιμωρίας
1126 5214 1360 5284 τύχοιεν.
1394 5211 1598 5280 Σισάρα
1651 5207 1749 5277 μὲν

141 5312 359 5380 -ᾰρχων
384 5311 486 5380 τῆς
538 5309 840 5378 δυνάμεως.
883 5306 1074 5359 Ἰαϐεὶν
1115 5305 1171 5358 δὲ
1225 5303 1476 5372 βασιλεὺς
1504 5298 1743 5354 Χαναὰν.

177 5400 514 5470 Τροποῦνται
549 5402 606 5452 ὲν
640 5399 718 5470 τῷ
748 5399 1035 5470 χειμάρρῳ
1066 5395 1281 5450 Κισσὼν
1311 5397 1364 5447 ἐν
1388 5390 1746 5461 τοῖςΚριταῖς

178 5493 237 5542 ὲν
265 5492 408 5560 χειρὶ
438 5490 665 5562 Βαραάκ
691 5491 786 5544 καὶ
815 5489 1056 5556 Δεϐόρῤα
1087 5485 1343 5556 γυναικὸς
1394 5480 1630 5554 Ἰσραήλ.

220 5677 419 5734 'ioan.
460 5695 557 5744 ιιι,
591 5679 680 5733 τι.
761 5673 982 5728 ‘Judic.
1024 5689 1095 5739 tv,
1127 5668 1213 5723 l4.

1853 4465 2069 4517 vionem
2102 4462 2324 4515 ducant.
2363 4457 2568 4512 Deinde
2599 4455 2856 4511 ﬁnitimos
2887 4463 3191 4519 enumerat,
3239 4469 3268 4507 a
3299 4454 3421 4523 qui-

1852 4556 1954 4609 bus
1985 4552 2192 4608 evocati
2221 4551 2312 4604 alii
2339 4555 2729 4604 convenerunt.

1849 4739 1862 4747 “
1928 4731 2014 4787 10.
2049 4731 2158 4785 Fac
2187 4731 2296 4784 illis
2331 4730 2466 4784 sicut
2506 4727 2800 4782 Madianet
2837 4724 3057 4792 Sisarw,
3104 4734 3209 4781 etc.
3265 4723 3419 4779 Sicut

1850 4829 1979 4884 olim
2011 4826 2246 4887 Madian,
2278 4822 2462 4878 Sisara
2493 4831 2546 4877 et
2564 4819 2722 4875 Jabin
2753 4819 3096 4890 insurgentes
3122 4828 3308 4871 contra
3338 4815 3417 4872 ls-

1848 4923 2048 4978 raclem
2096 4919 2484 4988 disperierunt,
2539 4914 2631 4969 alii
2684 4915 2738 4968 in
2794 4923 3034 4968 torrente
3069 4909 3285 4971 Cisson,
3324 4905 3417 4959 alii

1851 5013 1906 5068 in
1938 5012 2158 5076 Endor;
2191 5009 2381 5064 eodem
2419 5007 2582 5062 modo
2629 5006 2722 5076 qui
2787 5019 2912 5080 cum
2954 5003 3128 5055 Assur
3175 5013 3274 5052 nos
3317 4995 3416 5050 ad-

1851 5105 2104 5160 oriuntur
2133 5102 2350 5158 easdem
2378 5114 2568 5170 poenas
2603 5099 2773 5152 luant.
2816 5093 2998 5148 Sisara
3015 5091 3126 5144 dux
3146 5088 3418 5144 exercitus

1852 5209 1969 5252 erat
1997 5214 2012 5262 ;
2041 5194 2199 5250 Jabin
2229 5203 2410 5248 autem
2444 5207 2538 5245 rex
2559 5190 2843 5243 Chanaan.
2874 5185 2976 5250 Qui
3008 5183 3061 5236 in
3095 5182 3274 5252 fugam
3307 5195 3420 5235 ver-

1855 5299 2044 5344 tuntur
2106 5289 2162 5342 in
2217 5293 2458 5342 torrente
2500 5282 2718 5343 Cisson,
2771 5279 2837 5333 de
2897 5291 3004 5346 qua
3061 5290 3120 5330 re
3171 5273 3224 5327 in
3282 5273 3422 5327 libro

1851 5381 2126 5449 Iudicum,
2158 5377 2342 5454 [manu
2393 5368 2564 5432 Barac
2593 5380 2646 5428 et
2699 5371 2919 5426 Deboraa
2973 5368 3216 5424 mulieris
3246 5364 3426 5423 lsrac-

1853 5479 1960 5534 litze
1981 5477 2013 5530 ‘.
