3778 6276
354 254 457 311 Ξ67

350 463 449 516 dor
498 459 645 515 enim
707 460 1056 514 indecentiam
1132 461 1424 532 signiﬁcat.
1471 460 1630 516 Facti
1672 471 1796 516 sunt
1854 472 1911 515 ut

347 561 547 605 stercus
578 559 749 604 terrm.
773 548 1033 620 lnsepulti
1055 551 1199 606 enim
1221 552 1462 621 jacentes
1488 553 1735 609 dissoluti
1759 561 1908 619 sunt,

347 648 401 695 et
427 641 583 710 quasi
616 649 848 705 stercus,
885 648 1045 696 terrae
1079 643 1319 697 admisti.

418 732 505 787 12.
544 731 687 787 Pone
716 733 975 803 principes
1000 750 1181 787 eorum
1209 736 1346 788 sicut
1377 732 1533 788 Oreb.
1579 732 1738 789 Paria
1778 734 1909 788 ldu-

349 827 523 894 mzeis,
549 825 857 891 lsmaelitis,
888 825 1159 891 Moabitis,
1201 829 1465 897 Agarenis
1505 840 1557 883 et
1593 829 1906 883 memoratis

345 933 536 973 eorum
564 920 728 974 sociis
754 920 983 974 immitte
1014 923 1155 973 mala
1192 921 1246 973 in
1293 920 1436 976 Oreb
1466 929 1518 976 et
1557 920 1610 974 in
1645 920 1903 990 reliquos.

347 1010 453 1081 Ipsi
474 1012 619 1068 enim
646 1013 775 1067 mali
808 1012 947 1067 male
978 1013 1274 1083 perierunt.

420 1190 600 1246 M-lG.
635 1192 772 1245 Deus
799 1207 962 1257 meus,
991 1205 1122 1259 pone
1146 1189 1263 1243 illos
1297 1200 1354 1243 ut
1385 1199 1577 1246 rotam.
1610 1189 1666 1245 Id
1705 1198 1808 1253 est,
1837 1204 1905 1245 ne

341 1298 600 1339 maneant
638 1284 691 1338 in
725 1283 915 1339 eodem
949 1292 1118 1347 statu,
1156 1282 1250 1339 sed
1278 1284 1330 1337 in
1361 1275 1694 1339 centrarium
1724 1282 1903 1336 revolo

339 1384 556 1430 vantur.
596 1373 745 1428 Sicut
797 1373 1050 1443 stipulam
1096 1384 1218 1428 ante
1266 1374 1455 1443 faciem
1509 1374 1669 1440 venti,
1721 1373 1773 1427 id
1822 1382 1905 1429 est

337 1470 622 1524 versatiles
650 1469 797 1533 ﬁent,
839 1477 900 1523 ut
941 1478 1025 1523 est
1062 1483 1242 1523 revera
1287 1469 1485 1538 stipula
1523 1468 1707 1536 spicae.
1753 1465 1903 1520 Sicut

336 1564 474 1634 ignis
520 1564 613 1634 qui
661 1563 920 1618 comburit
965 1561 1176 1617 silvam.
1218 1560 1516 1627 Fruuntur,
1554 1560 1752 1632 inquit,
1779 1560 1903 1630 igne

336 1669 497 1724 quem
530 1656 633 1723 ipsi
662 1656 1048 1720 accenderunt,
1094 1664 1256 1725 atque
1286 1655 1403 1724 ipse
1456 1653 1597 1725 ignis
1624 1668 1720 1709 eos
1769 1667 1898 1707 con-

336 1754 538 1808 sumat,
567 1745 712 1800 sicut
749 1756 803 1801 et
851 1744 1122 1801 sensibilis
1171 1747 1313 1816 ignis
1363 1744 1633 1800 comburit
1684 1744 1898 1800 silvam.

336 1839 526 1895 Simile
555 1848 639 1895 est
664 1849 844 1895 autem
875 1841 1004 1895 huic
1035 1841 1182 1896 diC’o
1206 1861 1217 1895 :
1248 1840 1382 1895 Ecce
1412 1858 1498 1895 vos
1522 1857 1700 1894 omnes
1729 1842 1900 1911 ignem

334 1933 642 1998 accenditis,
686 1934 818 1987 eatis
876 1934 944 1987 ad
988 1933 1161 1988 lumen
1195 1934 1329 2005 ignis
1371 1935 1551 1997 vestri,
1585 1945 1633 1988 et
1669 1934 1901 2002 ﬂammte

332 2041 491 2094 quam
514 2026 828 2080 accendistis
849 2027 891 2080 ⁷.
919 2023 1068 2081 Sicut
1103 2027 1320 2095 ﬂamma
1344 2026 1649 2080 comburens
1676 2036 1895 2080 montes.

333 2118 684 2174 Parabolicus
733 2127 816 2173 est
864 2132 1068 2173 sermo.
1125 2118 1629 2184 Quemadmodum,
1676 2117 1895 2188 inquit,

333 2208 477 2278 ignis
510 2209 765 2265 decidens
798 2209 1073 2265 comburit
1102 2222 1315 2265 montes
1338 2252 1353 2276 ,
1386 2211 1462 2265 ita
1507 2211 1899 2266 comburentur

332 2300 407 2356 illi
444 2314 540 2373 per
566 2303 889 2374 supplicium
927 2319 957 2358 a
1007 2311 1057 2356 te
1088 2302 1374 2365 inﬂictum,
1422 2303 1569 2373 quod
1613 2303 1683 2357 ob
1734 2303 1900 2359 vehe-

332 2396 592 2451 mentiam
616 2405 671 2451 et
702 2397 1025 2469 gravitatem
1059 2395 1365 2466 tempestati
1389 2395 1744 2466 comparavit.

404 2549 490 2604 17.
527 2547 697 2620 Imple
754 2550 915 2617 facies
972 2562 1151 2602 eorum
1188 2547 1497 2618 ignominia.
1544 2547 1706 2617 Lapsi
1750 2547 1895 2602 enim

331 2640 534 2709 optatis
561 2644 698 2706 suis,
725 2648 779 2694 et
806 2640 1012 2709 pudore
1039 2639 1250 2708 repleti,
1283 2647 1581 2708 agnoscent
1622 2649 1770 2694 tuam
1798 2655 1896 2709 po-

331 2740 602 2788 testatem.
634 2729 703 2785 Et
732 2739 965 2802 quwrent
998 2746 1183 2783 nomen
1225 2740 1393 2794 tuum,
1438 2728 1679 2784 Domine.
1712 2729 1763 2784 Id
1796 2730 1892 2794 ait,

328 2825 457 2893 quia
481 2839 547 2879 ex
576 2823 716 2878 datis
757 2822 932 2892 poenis
967 2821 1257 2875 utilitatem
1301 2821 1606 2890 percepturi
1649 2829 1795 2876 sunt.
1825 2819 1892 2873 ll-

327 2915 442 2983 lud,
473 2925 730 2986 quwrent,
762 2914 1000 2985 positum
1030 2921 1111 2967 est
1140 2928 1260 2983 pro,
1294 2920 1643 2984 cognoscent.

1914 3064 1956 3120 C

504 3091 552 3144 Ι.
591 3090 654 3144 In
689 3091 865 3159 ﬁnem,
894 3105 988 3157 pro
1015 3088 1390 3153 torcularibus,
1415 3089 1543 3159 ﬁliis
1568 3089 1745 3155 σοι-ε..

771 3180 1108 3237 PSALMUS
1136 3180 1467 3236 LXXXIII.

900 3275 1293 3342 Argumentum.

325 3363 560 3420 Rursum
592 3378 693 3434 pro
723 3360 981 3418 Ecclesiis
1012 3364 1065 3417 in
1098 3364 1200 3419 hoc
1247 3363 1459 3433 psalmo
1510 3365 1675 3419 verba
1727 3362 1885 3426 facit,

392 3466 447 3509 et
495 3454 673 3524 palam
705 3461 882 3507 estex
933 3468 1000 3507 eo
1047 3453 1194 3522 quod
1240 3467 1340 3522 pro
1388 3453 1751 3508 torcularibus
1803 3453 1887 3505 in-

394 3548 685 3603 scribatur.

393 3643 445 3707 2,
479 3643 531 3697 3.
566 3641 739 3707 Quam
770 3641 967 3699 dilecta
998 3639 1339 3693 tabernacula
1379 3649 1491 3702 tua,
1521 3637 1741 3691 Domine
1782 3637 1889 3691 vir-

321 3741 511 3786 tutum.
557 3731 932 3787 Tabernacula
978 3732 1111 3787 dicit
1172 3739 1391 3788 sanctas
1440 3732 1700 3786 ecclesias
1755 3728 1885 3793 Dei,

321 3839 417 3893 per
440 3824 654 3878 diversa
684 3825 803 3878 loca
829 3833 1193 3884 constructas.
1222 3837 1349 3893 erga
1383 3839 1521 3894 quas
1570 3824 1751 3879 studio
1781 3821 1887 3876 fer-

320 3928 409 3968 tur
437 3915 685 3985 religiosa
717 3916 918 3969 anima.
949 3914 1053 3971 Cor
1081 3933 1250 3969 meum
1272 3927 1321 3969 et
1348 3931 1470 3969 caro
1507 3931 1619 3968 mea
1645 3914 1884 3968 exsulta-

317 4016 500 4062 verunt
524 4008 576 4061 in
611 4007 777 4062 Deum
810 4008 1001 4061 vivum.
1038 4006 1267 4062 Perinde
1315 4016 1397 4061 est
1448 4022 1513 4061 ac
1557 4006 1602 4061 si
1640 4007 1880 4062 diceret:

316 4098 384 4153 Et
416 4113 642 4170 corpore
670 4108 722 4154 ct
749 4099 930 4153 anima
966 4114 1052 4153 me
1081 4099 1251 4152 obtuli
1293 4099 1358 4152 ad
1389 4098 1733 4152 serviendum
1774 4097 1884 4151 Deo

315 4192 515 4247 viventi
557 4202 609 4247 et
639 4206 767 4246 vero
790 4191 832 4245 ⁸.
863 4191 993 4245 Illud
1021 4198 1224 4257 autem,
1253 4188 1362 4243 Deo
1397 4189 1621 4253 viventi,
1664 4190 1728 4244 ad
1770 4189 1884 4245 dis-

312 4285 520 4339 crimen
552 4284 821 4339 idolorum
853 4282 1059 4337 dictum
1087 4291 1170 4336 est
1196 4324 1210 4347 ,
1259 4297 1384 4351 qua:
1416 4291 1636 4335 mortua
1673 4289 1802 4334 sunt
1830 4292 1881 4335 et

308 4372 375 4429 ex
412 4376 635 4428 materia
670 4389 830 4430 sensu
865 4382 1084 4429 carcute
1124 4370 1441 4427 fabrefacta.

382 4551 436 4603 4.
488 4550 695 4603 Etenim
731 4568 910 4620 passer
948 4553 1144 4606 invenit
1190 4552 1291 4605 sibi
1342 4550 1581 4614 domum,
1611 4560 1659 4603 et
1704 4559 1879 4603 lttrlttr

307 4642 494 4695 nidum
522 4643 624 4695 sibi
655 4641 743 4694 ubi
775 4652 934 4710 ponat
977 4644 1148 4710 pullos
1193 4660 1335 4697 suos.
1382 4644 1597 4697 Altaria
1630 4652 1744 4707 tua,
1773 4642 1881 4694 Do-

310 4716 468 4789 mine.
505 4732 699 4788 Passer
734 4735 1016 4788 hominum
1052 4736 1290 4790 animam
1324 4738 1633 4802 adumbrat,
1668 4734 1756 4791 cui
1786 4750 1877 4788 ve-

310 4826 492 4880 nando
526 4825 814 4879 insidiatur
840 4826 1139 4894 spiritualis
1170 4839 1415 4891 venator,
1446 4827 1602 4896 juxta
1635 4826 1689 4880 id
1728 4825 1873 4895 quod

306 4919 509 4973 dictum
532 4927 651 4973 est:
691 4918 881 4970 Anima
913 4927 1094 4971 nostra
1128 4919 1261 4971 sicut
1292 4933 1476 4987 passer
1505 4928 1683 4986 erepta
1706 4927 1783 4971 est
1812 4919 1875 4970 de

306 5010 489 5078 laqueo
515 5008 810 5063 venantium
832 5008 877 5060 ’.
908 5005 1201 5060 Turturem
1237 5020 1417 5061 autem
1446 5020 1603 5061 vocat
1632 5007 1868 5061 animam

306 5116 427 5170 qum
454 5103 508 5155 in
540 5101 787 5158 castitate
808 5111 861 5155 et
888 5101 1245 5169 temperantia
1275 5109 1545 5155 versatur.
1576 5092 1663 5152 Ait
1710 5098 1874 5168 igitur

305 5204 522 5243 omnem
570 5190 805 5244 animam
855 5190 962 5244 hoc
1009 5190 1351 5244 inventuram
1403 5187 1737 5260 perfugium,
1789 5190 1872 5241 in-

306 5297 546 5352 gressum
582 5282 790 5337 scilicet
819 5283 872 5336 in
906 5283 1120 5337 altaria.

371 5654 395 5690 ν
421 5653 526 5710 lsa.
565 5672 614 5724 L,
642 5657 762 5729 ιίεζ
799 5660 820 5690 ⁸
846 5656 1004 5715 Hebr.
1031 5677 1104 5726 ιλ,
1144 5661 1225 5716 ιι.
1258 5662 1280 5694 ⁵
1301 5662 1442 5718 Psal.
1473 5679 1666 5732 cum,
1697 5665 1749 5719 7.

1159 255 1216 310 s.
1248 253 1621 310 uruanasu
1660 234 1812 311 ore.
1853 254 2034 311 rans
2071 255 2156 309 m.
2196 285 2264 296 —
2300 253 2707 311 exsomnes.

424 370 508 425 ll.
544 367 899 437 Disperierunt
928 367 983 421 in
1005 367 1209 423 Endor.
1247 368 1301 423 In
1334 368 1606 424 indecenti
1637 369 1774 425 loco.
1806 369 1905 423 En-
1942 374 1985 430 Α

3500 264 3651 316 διὶδ

2094 366 2654 435 Ἔξωλοθρεύθησαν
2667 367 2737 421 ἐν
2752 365 3014 437 Ἀενδώρ.
3049 368 3133 422 Ἐν
3154 370 3386 444 ἀσχὴμῳ
3408 373 3635 445 τόπῳ.

2025 458 2249 533 Ἀενδὼρ
2304 461 2413 532 γὰρ
2485 461 2755 533 ἀπρέπεια
2812 460 3086 532 δηλοῦται.
3164 463 3639 535 Ἐγενήθησαν

2009 549 2152 604 ὡσεὶ
2179 552 2399 620 κόπρος
2426 549 2502 619 τῇ
2528 549 2624 621 τῇ.
2666 553 2895 620 "Amant
2939 551 3050 625 γὰρ
3105 553 3356 624 μένοντες
3406 556 3628 610 διελύ-

2010 641 2197 712 θησαν,
2222 642 2316 695 καί
2342 637 2453 697 οἷόν
2478 660 2564 707 τις
2597 643 2801 714 κόπρος
2827 646 2891 715 τῇ
2913 649 2982 716 γῇ
3014 647 3399 717 συνεμίγησαν.

2077 733 2193 788 Θοῦ
2225 733 2367 805 τοὺς
2422 734 2717 804 ἄρχοντας
2748 735 2944 791 αὐτῶν
2981 737 3061 804 ὡς
3094 737 3200 791 τὸν
3230 738 3425 807 Ὠρήἔ.
3464 737 3626 794 Τῶν

2021 825 2328 897 Ἰδουμαίων
2347 829 2441 881 καὶ
2470 829 2824 900 Ἰσμαηλιτῶν
2851 831 2945 885 καὶ
2975 832 3277 887 Μωαϐιτῶν
3305 835 3400 888 καὶ
3418 835 3623 903 Ἀγα-

2008 917 2183 989 ρηνῶν
2216 920 2309 972 καὶ
2335 919 2443 973 τῶν
2486 920 2832 992 δηλωθέντων
2873 923 3102 993 ἑταίρων
3153 925 3222 978 τὰ
3257 924 3345 977 ἴσα
3387 925 3619 979 παθεῖν

2006 1010 2423 1081 παρασκεύασον
2444 1009 2521 1081 τῷ
2559 1011 2712 1084 Ὠρὲϐ
2756 1013 2987 1077 καὶτοῖς
3040 1015 3265 1086 ἑτέροις.
3322 1008 3499 1069 Οὗτοι
3539 1017 3615 1070 δὲ

2005 1102 2098 1155 καὶ
2128 1103 2287 1157 κακοὶ
2315 1102 2504 1166 κακῶς
2531 1104 2891 1159 ἀπολώλασιν.

2001 1190 2038 1258 ἴξ
2082 1189 2135 1243 ’θ
2162 1193 2304 1259 Θεός
2329 1210 2464 1258 μου,
2501 1193 2607 1248 θοῦ
2640 1195 2861 1261 αὐτοὺς
2890 1195 2971 1261 ὠς
3002 1197 3238 1266 τροχόν.
3286 1190 3607 1261 Τουτέστι,

2002 1281 2092 1351 Μὴ
2123 1282 2355 1353 μείνοιεν
2395 1284 2458 1336 ὲν
2491 1287 2555 1354 τῇ
2588 1283 2723 1356 αὐτῇ
2775 1284 2999 1348 στάσει,
3031 1284 3166 1340 ἀλλὰ
3199 1286 3610 1340 κυλιέσθωσαν

2002 1371 2082 1434 εἰς
2113 1372 2437 1444 τοΰμπαλιν,
2485 1374 2576 1440 Ὠς
2604 1374 2879 1445 καλάμην
2899 1376 3045 1430 κατὰ
3083 1379 3409 1448 πρόσωπον
3443 1378 3606 1433 ἀγέ-

1995 1481 2134 1532 μου.
2165 1465 2450 1519 Τουτέστιν
2496 1467 2795 1539 εὑρίπιστοι
2828 1472 3185 1541 γενήσονται,
3215 1469 3405 1542 ὥσπερ
3439 1470 3603 1539 ἀμέρ

2000 1558 2081 1611 λει
2104 1559 2196 1611 καὶ
2223 1559 2255 1629 ἡ
2284 1559 2501 1631 καλάμη
2538 1560 2629 1613 τοῦ
2660 1561 2906 1632 στάχυος.
2952 1561 3107 1616 Ὠσεὶ
3129 1562 3246 1631 πῦρ
3265 1562 3294 1616 ὃ
3323 1562 3599 1633 διαέρλέ-

2002 1649 2090 1715 ξει
2111 1648 2355 1719 δρυμόν.
2395 1649 2859 1718 Ἀπολαυέτωσαν,
2886 1653 3038 1724 φησί,
3064 1652 3157 1706 τοῦ
3187 1653 3358 1724 πυρὸς
3397 1653 3426 1706 ὃ
3476 1655 3584 1709 αύ-

2001 1742 2083 1794 τοί
2106 1741 2423 1806 ἐξέκαυσαν,
2450 1743 2542 1795 καὶ
2570 1742 2700 1796 αὐτὸ
2731 1743 2791 1797 τὸ
2814 1743 2924 1816 πῦρ
2948 1746 3142 1808 αὐτοὺς
3170 1747 3591 1816 καταφάγεται,

2000 1832 2435 1903 ὡσπερανείκαί
2489 1832 2740 1905 αἰσθητὸν
2801 1834 2911 1905 πῦρ
2968 1835 3278 1904 καταφάγει
3341 1834 3587 1908 δρυμόν.

2001 1924 2223 1995 Ὅμοιον
2270 1924 2325 1977 δὲ
2349 1923 2460 1995 τῷο
2498 1924 2646 1978 Ἰδοὺ
2702 1924 2924 1992 πάντες
2970 1925 3141 1996 ὑμεῖς
3189 1926 3307 1994 πῦρ
3351 1926 3584 1989 παίετε,

2000 2016 2324 2083 πορεύεσθε
2348 2015 2428 2081 τῷ
2448 2016 2591 2084 φωτὶ
2617 2015 2720 2069 τοῦ
2737 2017 2926 2083 πυρὸς
2950 2016 3133 2086 ὑμῶν,
3162 2017 3257 2071 καὶ
3296 2016 3373 2085 τῇ
3391 2018 3587 2087 φλογὶ

1996 2101 2037 2178 ᾗ
2056 2108 2437 2172 ἐξεκαύσατε.
2477 2106 2631 2160 Ὡσεὶ
2655 2106 2815 2176 φλὸξ
2837 2109 3209 2163 κατακαῦσαι
3230 2109 3355 2178 ὄρη.
3383 2111 3586 2181 Παρα-

1998 2198 2207 2261 δολικὺς
2240 2199 2269 2249 ὁ
2310 2198 2485 2267 λόγος.
2531 2199 2744 2272 Ὠσπερ
2784 2199 2895 2271 πῦρ
2925 2202 3183 2272 ἐμπεσὸν,
3230 2201 3383 2272 φησὶ,
3419 2201 3577 2255 καίει

1995 2288 2118 2360 ὅρη,
2147 2288 2288 2342 οὕτω
2340 2290 2840 2362 κατακαυθήσονται
2883 2289 2986 2345 ὑπὸ
3016 2293 3115 2363 τῆς
3146 2292 3296 2366 παρὰ
3342 2290 3436 2346 σοῦ
3471 2295 3579 2345 ἐπ-

1998 2378 2436 2451 ενεχθησομένης
2460 2381 2641 2444 αὐτοῖς
2658 2383 2945 2455 τιμωρίας,
2964 2384 3151 2454 ἥντινα
3177 2385 3271 2438 καὶ
3299 2385 3575 2455 καταιγίδι

1996 2471 2267 2543 παρέϐαλε
2290 2472 2376 2525 διὰ
2404 2473 2463 2525 τὸ
2496 2474 2721 2544 σφοδρὸν
2756 2476 2845 2534 καὶ
2872 2477 3278 2548 ἐπιτεταμένον.

2060 2562 2391 2631 Πλήρωσον
2422 2565 2493 2619 τὰ
2517 2568 2806 2634 πρόσωπα
2824 2566 3022 2621 αὐτῶν
3039 2569 3295 2638 ἀτιμίας.
3319 2571 3564 2641 Διαμαρ-

1991 2654 2176 2718 τόντες
2210 2654 2319 2726 γὰρ
2348 2648 2421 2709 ὧν
2445 2655 2758 2726 βούλονται,
2807 2657 2898 2712 καὶ
2930 2659 3189 2730 αἰσχύνης
3221 2660 3567 2731 ὲμπλησθένο

1991 2762 2101 2809 τες,
2126 2746 2516 2815 ὲπιγνώσονταί
2547 2765 2639 2801 σου
2668 2748 2765 2820 τὴν
2803 2749 3049 2821 δύναμιν.
3093 2751 3201 2805 Καὶ
3233 2749 3562 2820 ζητήσουσι

1991 2836 2056 2890 τὸ
2084 2837 2266 2907 ὄνομά
2289 2853 2426 2903 σου,
2452 2840 2648 2906 Κύριε.
2686 2839 2854 2893 Τοῦτο
2877 2842 3045 2911 λέγει,
3077 2842 3151 2906 ὡς
3194 2841 3345 2895 ἔσται
3378 2844 3564 2906 αὐτοῖς

1995 2932 2061 2983 ὲκ
2086 2931 2194 2985 τῶν
2216 2933 2493 3005 τιμωριῶν
2517 2934 2766 3003 ὠφέλεια.
2781 2935 2873 3000 Τὸ,
2900 2934 3285 3006 ζητήσουσιν,
3303 2935 3421 2990 ἀντί
3439 2934 3558 2999 τοῦ,

1990 3019 2308 3088 γνώσονται.

2023 3112 2128 3177 Εἰς
2158 3113 2223 3165 τὸ
2251 3113 2423 3180 τέλος
2449 3112 2601 3182 ὑπὲρ
2630 3112 2748 3168 τῶν
2767 3114 2971 3182 ληνῶν
3008 3117 3133 3183 τοῖς
3169 3116 3321 3183 υἱοῖς
3349 3114 3513 3185 Κορὲ,

2536 3187 2841 3239 ΨΑΛΜΟΣ
2877 3188 3014 3240 I11".

2597 3274 2921 3343 ⁴Υπόθεσις.

1989 3359 2156 3413 Πάλιν
2176 3360 2314 3433 ὑπὲρ
2344 3361 2452 3415 τῶν
2495 3363 2824 3434 Ἐκκλησιῶν
2850 3366 2942 3420 κάι
2980 3368 3036 3418 ὲν
3068 3367 3331 3439 τούτῳτῷ
3359 3366 3554 3440 ψαλμῷ

2058 3455 2289 3505 ποιεῖται
2311 3454 2400 3506 τὸν
2426 3453 2603 3523 λόγον,
2638 3456 2733 3509 καὶ
2758 3457 2913 3528 δῆλον
2947 3460 3010 3510 ἐκ
3038 3459 3131 3511 τοῦ
3156 3459 3296 3531 ὑπὲρ
3326 3459 3432 3513 τῶν
3456 3460 3550 3530 λη-

2059 3542 2165 3594 νῶν
2190 3543 2351 3597 αὑτὸν
2378 3545 2807 3615 ἐπιγεγράφθαι.

2068 3638 2161 3704 Ὡς
2187 3638 2458 3710 ἀγαπητὰ
2484 3640 2554 3694 τὰ
2573 3640 2937 3711 σκηνώματά
2961 3655 3097 3709 σου,
3117 3644 3292 3711 Κύριε
3316 3641 3432 3698 τῶν
3455 3641 3547 3698 δι’·

1986 3732 2254 3799 νὰμεωνί
2278 3732 2616 3804 Σκηνώματά
2644 3738 2779 3803 φησι
2799 3736 2896 3798 τὰς
2929 3734 3070 3789 κατὰ
3094 3736 3260 3788 τόπον
3290 3735 3544 3807 ἱδρυνθεῖ-

1988 3840 2085 3888 σας
2106 3824 2267 3892 ἁγίας
2299 3824 2589 3888 ἐκκλησίας
2609 3824 2703 3877 τοῦ
2736 3824 2894 3892 Θεοῦ,
2935 3829 3014 3890 εἰς
3044 3827 3111 3890 ἃς
3140 3828 3234 3882 καὶ
3256 3830 3403 3882 πᾶσα
3433 3828 3549 3882 θεο-

1988 3917 2144 3988 φιλὴς
2191 3916 2572 3981 ὲπισπουδάζει
2620 3915 2787 3987 ψυχή.
2850 3918 2913 3973 Ἡ
2955 3918 3165 3986 καρδία
3214 3937 3333 3989 μου
3366 3920 3459 3974 καὶ
3498 3921 3537 3989 ἡ

1985 4009 2141 4078 σάρξ
2164 4026 2280 4079 μου
2297 4008 2748 4079 ήγαλλιάσαντο
2776 4012 2864 4076 εἰς
2894 4011 3044 4065 Θεὸν
3079 4010 3281 4072 ζῶντα.
3327 4014 3538 4083 ’Ὅμοιον

1983 4101 2114 4153 ὼσεί
2161 4099 2303 4170 λέγοι
2326 4115 2342 4131 ⁸
2392 4102 2500 4154 Καὶ
2543 4101 2622 4170 τῷ
2662 4099 2874 4173 σώματι
2906 4102 3000 4155 καὶ
3038 4102 3183 4172 ψυχῇ
3232 4103 3536 4174 παρέστησα

1984 4189 2217 4260 ἐμαυτὸν
2244 4191 2324 4253 εἰς
2356 4189 2416 4242 τὸ
2433 4189 2706 4244 δουλεύειν
2739 4191 2856 4263 Θεῷ
2883 4190 3044 4255 ζῶντι
3072 4193 3166 4245 καὶ
3185 4192 3438 4264 ἀληθινῷ.
3469 4194 3538 4245 Τὸ

1982 4282 2057 4348 δὲ,
2091 4281 2209 4353 Θεῷ
2238 4281 2421 4347 ζῶντι,
2452 4284 2589 4355 πρὸς
2619 4284 3023 4356 ἁντιδιαστοὶαίιν
3069 4285 3178 4339 τῶν
3206 4285 3435 4339 εἰδώλων
3463 4287 3533 4338 εῖ-

1914 4397 1957 4454 υ
1986 4391 2145 4446 ρηται
2170 4394 2181 4403 ·
2216 4374 2309 4429 ἅτε
2341 4375 2549 4448 νεκρῶν
2572 4376 2738 4430 ὄντων
2767 4377 3010 4442 ἐκείνων,
3038 4377 3133 4431 καὶ
3159 4376 3218 4442 ἐξ
3251 4376 3383 4449 ὕλης
3412 4377 3534 4447 ἅψις-

1987 4481 2081 4535 χου
2108 4466 2503 4535 τυγχανόντων.

2054 4556 2160 4610 Kal
2181 4559 2290 4625 γὰρ
2312 4559 2631 4626 στρουθίον
2656 4556 2833 4628 εὗρεν
2858 4557 3047 4624 ἐαυτῷ
3061 4559 3274 4624 οἰκίαν,
3302 4559 3397 4612 καὶ
3414 4576 3534 4628 τρυε»

1984 4645 2105 4714 τὼν
2131 4647 2394 4701 νοσσιὰν
2428 4645 2635 4715 ἑαυτῇ,
2664 4645 2735 4703 οὗ
2766 4647 2939 4716 θήσει
2969 4649 3040 4702 τὰ
3066 4640 3290 4710 νοσσία
3308 4646 3525 4716 ἑαυτῆς,

1984 4738 2056 4791 τὰ
2100 4738 2499 4808 θυσιαστήριά
2554 4753 2671 4792 σου
2696 4779 2711 4803 ,
2752 4740 2947 4807 Κύριε.
2985 4739 3271 4811 Στρουθίαν
3305 4741 3402 4812 μὲν
3441 4741 3527 4812 τὴν

1978 4829 2087 4882 τῶν
2118 4830 2418 4901 ἀνθρώπων
2441 4831 2730 4884 αἰνίττεται
2748 4830 2949 4902 ψυχὴν,
2975 4832 3074 4904 τὴν
3106 4832 3211 4886 ὑπὸ
3231 4833 3326 4887 τοῦ
3353 4832 3523 4902 νοητοῦ
3560 4838 3565 4845 “

1980 4920 2243 4993 θηρευτοῦ
2271 4921 2665 4992 ἀγρευομένην,
2688 4922 2830 4976 κατά
2849 4924 2910 4976 τὸ
2928 4924 3217 4996 εἰρημένον
3233 4940 3248 4953 ⁸
3294 4927 3354 4979 Ἠ
3373 4923 3523 4993 ψυχὴ

1978 5008 2149 5079 ἡμῶν
2170 5010 2250 5077 ὡς
2276 5011 2597 5078 στρουθίον
2620 5012 2880 5081 ἐρῤὐσθη
2910 5015 2979 5068 ἐκ
3010 5014 3121 5082 τῆς
3148 5014 3396 5085 παγίδος
3422 5013 3527 5067 τῶν

1978 5102 2349 5170 θηρευόντων
2368 5118 2380 5130 ·
2403 5102 2641 5172 τρυγόνα
2666 5102 2723 5156 δὲ
2747 5104 2846 5176 τὴν
2880 5107 2936 5158 ὲν
2965 5106 3155 5177 ἁγνείᾳ⁸
3194 5106 3288 5160 καὶ
3334 5121 3521 5176 catapo-

1981 5192 2113 5265 σύνῃ
2167 5190 2413 5258 συζῶσαν
2465 5193 2662 5266 ψυχήν.
2720 5197 2882 5265 Λέγει
2936 5194 3047 5264 οὖν,
3088 5200 3169 5252 ὅτι
3224 5200 3370 5253 πᾶσα
3397 5196 3520 5268 ψυχὴ

1976 5283 2179 5355 ταύτην
2210 5286 2430 5357 εὑρήσει
2465 5288 2802 5359 καταφυγὴν,
2840 5289 2938 5360 τὴν
2961 5292 3040 5354 εἰς
3080 5291 3147 5344 τὰ
3186 5290 3519 5357 θυσιαστήρια

1977 5378 2209 5433 εἶσοδονυ
