3778 6276
157 312 253 368 36?

1175 314 1545 371 EXPOSITIO
1584 315 1648 370 IN
1690 316 2024 383 PSALHUM
2064 320 2353 382 LXXXlV.

3320 331 3425 386 570

220 427 527 494 Μακάριοι
554 431 610 482 οι
646 428 1064 494 κατοικοῦντες
1091 429 1162 483 ἐν
1199 430 1279 498 τῷ
1325 432 1468 497 οἴκῳ
1495 448 1610 489 σου
1632 450 1645 463 ·
1679 434 1734 506 τᾷ

1930 440 1982 492 5.
2015 439 2171 495 Beati
2209 444 2299 513 qui
2342 442 2584 496 habitant
2628 444 2683 496 in
2714 441 2871 498 domo
2901 453 3013 502 tua.
3045 445 3311 502 soirituali
3345 449 3427 502 vi-

160 518 468 589 ιπυυρςινίῳ
499 518 770 589 δηλονότι.

219 609 540 679 Καχάριος
590 614 626 665 ό
667 610 824 680 ἀνὴρ
874 606 947 667 οὗ
996 610 1167 667 ἐστιν
1226 614 1551 684 ἀντίληψις
1593 614 1752 681 αὐτῷ

159 709 302 776 ,ταρὰ
360 708 512 761 σοί·
552 706 880 773 ἀναϐάσεις
926 707 996 762 ἐν
1039 706 1115 777 τῇ
1132 709 1372 799 μαρδίᾳ
1422 712 1611 766 αὐτοῦ
1664 712 1752 765 δι-

162 800 346 855 έθετο.
410 800 511 864 Ὠς
562 800 953 872 ἀντιλήπτορα,
994 800 1157 871 φησὶν
1185 842 1201 864 ,
1249 802 1751 874 ἐπιγεγραμμένος,

155 890 387 958 ἀγαθοὺς
418 890 734 961 λογισμοὺς
784 889 960 962 ἑαυτῷ
1011 890 1132 943 καθ’
1180 891 1417 963 ἑκάστην
1457 892 1747 961 οἰκοδομεῖ,

155 984 405 1046 ώστινας
441 984 549 1035 καὶ
569 983 865 1046 ἀναϐάσεις
889 982 1023 1054 πρὸς
1054 981 1115 1035 τὸ
1137 982 1310 1054 παρὸν
1342 984 1553 1056 εἴρηκε,
1583 984 1670 1039 διὰ
1692 986 1753 1040 τὸ

158 1079 203 1129 ὲν
244 1078 439 1139 αὐτοῖς
477 1077 650 1129 οἱονεὶ
681 1076 789 1129 ἀπὸ
815 1075 923 1130 τῶν
971 1076 1176 1145 γηΐνων
1205 1076 1468 1131 ἀνάϐασιν
1500 1073 1640 1131 εἶναι
1672 1081 1754 1143 είς

160 1168 480 1240 ἐπουράνια.
533 1170 646 1234 Εἰς
702 1167 817 1234 τὴν
870 1166 1123 1221 κοιλάδα
1181 1168 1288 1223 τοῦ
1335 1170 1747 1240 κλαυθμῶνος.

156 1261 381 1315 Κοιλάδα
403 1259 514 1314 τοῦ
547 1259 906 1331 κλαυθμῶνος
934 1259 1024 1313 τὸν
1057 1260 1250 1332 θνητὸν
1276 1260 1388 1331 βίον
1413 1262 1565 1333 φησι.
1590 1263 1753 1332 Λέγει

156 1351 266 1407 ὧν·
312 1354 411 1409 Ἐν
452 1352 542 1423 τῷ
590 1352 770 1422 θνητῷ
814 1351 913 1423 βίῳ
948 1351 1176 1422 πλήσεις
1230 1352 1448 1422 ἀγαθῶν
1476 1354 1750 1424 λογισμῶν

157 1446 338 1507 claei);
366 1443 737 1515 καθεκάστην
756 1443 1075 1514 οἰκοδομῶν.
1094 1438 1360 1515 Αἴσθησιξ
1379 1445 1563 1509 αὐτοῖς
1590 1446 1751 1514 γέγο-

157 1555 230 1590 νεν
256 1539 322 1590 ἐκ
360 1537 481 1607 τῆς
515 1537 623 1607 σῆς
647 1535 1006 1607 ἀντιλήψεως.

210 1629 319 1683 Καὶ
358 1628 487 1698 γὰρ
510 1628 799 1699 εὐλογίας
821 1626 998 1683 δώσει
1029 1631 1062 1682 ό
1113 1628 1447 1698 νομοθετῶν
1469 1648 1482 1660 ·
1540 1631 1750 1699 πορεύ-

155 1744 352 1780 σονται
388 1726 472 1779 ἐκ
502 1723 822 1796 δυνάμεως
848 1726 935 1791 είς
960 1723 1236 1794 δύναμιν.
1277 1724 1554 1796 Ἀμοιὸὰς,
1591 1725 1745 1795 φησὶ,

150 1818 244 1869 τῶν
264 1816 480 1870 καλῶν
503 1815 790 1887 λογισμῶν
811 1814 972 1869 δώσει
990 1815 1172 1880 αὐτοῖς
1191 1817 1220 1869 ό
1243 1815 1569 1885 νομοθετῶν,
1601 1833 1750 1870 τουτο
1781 1792 1822 1846 Β

145 1910 283 1961 ἐστιν
316 1911 347 1962 ό
378 1909 484 1961 τὸν
509 1907 680 1977 νόμον
699 1907 886 1970 αὐτοῖς
910 1907 1012 1977 τῆς
1042 1906 1254 1976 Καινῆς
1282 1905 1534 1971 δεδωκὼς
1562 1906 1751 1979 Διαθή-

143 2017 256 2071 κης.
290 2002 474 2064 Τίνες
498 1999 548 2053 δ’
592 1998 660 2053 ἂν
687 1994 884 2052 εἷεν·αί
917 1998 1174 2067 εὐλογίαι.
1212 1998 1245 2071 ἢ
1278 1999 1339 2053 τὸ
1374 2001 1437 2055 ὲκ
1468 1999 1751 2069 δυνάμεως

143 2094 214 2156 εἰς
247 2092 505 2162 δύναμιν
540 2091 915 2162 πορευθῆναις
944 2092 1104 2161 Λέγει
1136 2091 1192 2145 δὲ
1220 2091 1328 2145 ἀπὸ
1373 2092 1472 2163 τῆς
1518 2091 1749 2145 ἐνταῦθα

141 2183 430 2246 πολιτείας
465 2182 577 2252 τῆς
611 2181 754 2234 κατὰ
782 2180 915 2234 Θεὸν
958 2185 1036 2247 εἰς
1072 2182 1172 2254 τὴν
1220 2183 1332 2237 ἄνω
1371 2183 1744 2256 Ἰερουσαλὴμ,

140 2273 261 2327 ειθα
294 2276 403 2327 καὶ
439 2272 777 2335 ἀπελθόντες
810 2272 1032 2342 ὄψονται
1067 2274 1157 2327 τὸν
1196 2274 1328 2327 Θεὸν
1364 2274 1546 2339 καθώς
1576 2277 1743 2330 ἐστιν.

201 2365 601 2433 Ἐπίϐλεψον
639 2367 728 2430 εὶς
766 2365 1092 2432 πρόσωπον
1133 2366 1241 2421 τοῦ
1290 2367 1548 2436 Χριστοῦ
1603 2381 1742 2423 σου.

140 2445 376 2530 Χριστόν
414 2456 659 2510 ἐνταῦθα
687 2457 780 2509 τὸν
814 2457 1151 2529 κεκλημένον
1192 2458 1320 2513 λαὸν
1363 2460 1446 2523 εἰς
1477 2458 1747 2530 βασίλειον

141 2550 457 2623 ἱεράτευμά
494 2567 655 2621 φησι.

205 2646 331 2697 Ὀτι
366 2642 691 2710 κρείσσων
731 2639 922 2711 ἡμέρα
945 2642 1055 2710 μία
1090 2641 1161 2695 ἐν
1209 2641 1341 2708 ταῖς
1383 2642 1606 2708 αὐλαῖς·
1627 2656 1745 2698 σου

137 2735 286 2804 ὑπὲρ
316 2732 640 2805 χιλιάδας.
677 2733 923 2804 Ἠμέραν
956 2731 1084 2802 μίαν
1112 2731 1221 2786 τῶν
1253 2732 1432 2786 αὐλῶν
1463 2732 1556 2786 τοῦ
1585 2732 1742 2797 Θεοῦ,

136 2829 394 2882 τουτέστι
440 2823 559 2878 τῶν
599 2822 940 2896 ἐκκλησιῶν,
986 2822 1085 2895 τὴν
1126 2823 1493 2894 ἀναπάσιμον
1532 2825 1743 2897 ἡμέραν

137 2919 227 2973 τοῦ
256 2920 536 2989 Σωτῆρος
580 2916 852 2988 ὑποδηλοῖ.
897 2916 1157 2980 Χιλιάδας
1203 2916 1259 2969 δὲ
1285 2943 1304 2981 ,-
1336 2917 1454 2989 ἦτοι
1507 2918 1740 2988 χιλιάδα,

136 3002 278 3065 οὕτω
310 3010 431 3081 γὰρ
468 3008 704 3080 εὓρηται
736 3009 796 3061 ἐν
826 3011 890 3080 τῇ
934 3007 1199 3080 Ἐϐραίων
1226 3008 1411 3081 Γραφῇ
1434 3051 1448 3075 ,
1473 3010 1572 3083 τὴν
1606 3011 1744 3066 κατὰ

1857 531 2069 587 delicat.

1927 622 1982 685 6,
2012 623 2062 676 7.
2103 622 2295 678 Beatus
2327 625 2406 679 vir
2430 625 2579 694 cujus
2610 636 2687 681 est
2711 627 2976 683 auxilium
3001 628 3093 685 abs
3121 638 3204 684 te:
3242 645 3425 683 ascen-

1856 712 2118 769 sionesin
2155 717 2312 771 corde
2337 734 2430 770 suo
2464 718 2743 788 disposuit.
2779 719 2881 787 Qui
2917 720 3043 787 sibi,
3079 721 3275 793 inquit,
3326 722 3421 776 atl-

1851 807 2088 876 jutorem
2118 810 2389 880 ascripsit,
2433 810 2606 867 bonas
2639 812 2745 868 sibi
2782 812 3143 880 cogitationes
3182 814 3424 884 quotidie

1857 899 2116 968 instituit,
2141 918 2279 973 quas
2307 919 2452 960 nunc
2482 906 2831 962 ascensiones
2859 906 3016 971 dixit,
3048 907 3177 977 quia
3207 907 3259 962 in
3292 908 3424 976 ipsis

1854 1001 1937 1048 est
1966 995 2125 1064 quasi
2153 1010 2418 1052 ascensus
2446 1011 2476 1051 a
2526 998 2754 1052 terrenis
2799 998 2866 1053 ad
2895 998 3158 1054 coelestia.
3188 998 3254 1053 In
3290 998 3424 1053 valle

1856 1085 2236 1155 lacrymarum.
2277 1086 2485 1144 Vallem
2517 1088 2882 1161 lacrymarum
2924 1090 3210 1144 mortalem
3255 1090 3420 1144 vitam

1853 1176 2007 1233 dicit.
2046 1178 2135 1233 Ait
2164 1179 2347 1247 igitur,
2376 1180 2430 1235 in
2476 1181 2694 1236 mortali
2728 1181 2838 1236 vita
2873 1180 3106 1251 replebis
3137 1196 3232 1236 eos
3264 1180 3423 1236 bonis

1854 1269 2297 1341 cogitationibus,
2342 1272 2585 1341 quotidie
2633 1272 2922 1327 instituens
2972 1271 3114 1326 illos.
3154 1271 3262 1343 (55)
3292 1268 3423 1339 Quae

1853 1361 1959 1417 sibi
1989 1378 2053 1418 ex
2086 1370 2181 1417 tuo
2213 1363 2515 1432 patrocinio
2543 1364 2827 1420 advenisse
2865 1363 3006 1419 bona
3033 1372 3322 1419 senserunt

1922 1624 1977 1678 8.
2005 1624 2212 1678 Etenim
2241 1624 2648 1679 benedictionem
2673 1624 2822 1678 dabit
2846 1624 3157 1696 legislator;
3190 1623 3333 1677 ibunt
3361 1623 3423 1677 de

1851 1715 2043 1769 virtute
2071 1715 2124 1768 in
2157 1715 2422 1769 virtutem.
2454 1713 2881 1780 Retributiones,
2910 1714 3107 1784 inquit,
3155 1714 3422 1768 bonarum

1851 1807 2241 1877 cogitationum
2262 1808 2415 1862 dabit
2444 1806 2548 1862 illis
2580 1807 2857 1878 legislator
2876 1845 2890 1871 ,
2920 1805 2977 1860 id
3007 1816 3092 1863 est
3130 1806 3222 1876 qui
3251 1806 3420 1876 legem

1849 1896 1985 1953 Novi
2013 1897 2347 1954 Testamenti
2371 1899 2517 1954 dedit
2548 1898 2674 1953 illis.
2709 1897 2841 1966 Quae
2879 1908 3058 1953 autem
3088 1896 3291 1951 fuerint
3318 1895 3423 1949 illa:

1850 1990 2277 2059 benedictiones,
2323 1991 2427 2046 nisi
2486 1990 2634 2062 quod
2686 1990 2754 2045 de
2799 1991 3002 2045 virtute
3059 1989 3115 2045 in
3167 1988 3421 2043 virtutem

1848 2082 2018 2135 eant?
2044 2079 2100 2135 Id
2135 2092 2217 2136 est
2255 2082 2325 2137 ab
2353 2083 2457 2137 hoc
2487 2083 2614 2136 vita:
2644 2080 2893 2136 instituto
2920 2081 3219 2136 secundum
3252 2079 3420 2153 Deum

1847 2181 1993 2239 acto,
2020 2172 2087 2227 ad
2121 2188 2413 2241 supernam
2443 2170 2772 2238 Jerusalem,
2823 2187 2935 2242 quo
2982 2186 3108 2227 cum
3153 2184 3419 2240 pervene-

1847 2263 1980 2329 rint,
2012 2263 2461 2321 videbuntDeum
2483 2265 2641 2320 sicuti
2670 2277 2775 2320 est.

1912 2355 1999 2410 10.
2032 2354 2247 2420 Respice
2286 2357 2342 2409 in
2384 2356 2576 2425 faciem
2618 2354 2818 2409 Christi
2864 2353 2963 2407 tui.
3016 2350 3295 2405 Christum
3332 2347 3422 2403 hic

1847 2447 2080 2517 appellat
2133 2447 2392 2519 populum
2460 2456 2713 2501 vocatum
2776 2445 2841 2500 ad
2923 2444 3100 2515 regale
3167 2440 3423 2498 sacerdo-

1846 2541 2006 2598 tium.

1920 2636 2007 2691 11.
2045 2632 2399 2700 Quimmelior
2424 2642 2500 2687 est
2537 2632 2648 2687 dies
2694 2647 2800 2685 una
2836 2632 2891 2684 in
2934 2629 3086 2683 atrtis
3130 2629 3234 2681 tuis
3266 2640 3422 2696 super

1848 2727 2045 2783 millia.
2081 2725 2208 2782 Dies
2236 2740 2345 2780 una
2384 2724 2439 2778 in
2467 2724 2624 2780 atriis
2654 2721 2894 2788 Domini,
2935 2720 2991 2776 id
3037 2729 3121 2775 est
3152 2719 3208 2773 in
3243 2718 3419 2773 eccle-

1849 2822 1970 2889 siis,
1999 2820 2142 2887 diem
2170 2817 2585 2873 resurrectionis
2609 2815 2907 2870 Salvatoris
2937 2811 3227 2883 significat.
3246 2807 3414 2863 Millia

1845 2928 1997 2979 vero,
2041 2911 2155 2967 sive
2202 2910 2372 2976 mille,
2426 2909 2499 2962 ita
2549 2906 2694 2962 enim
2743 2906 2945 2976 legitur
2983 2905 3037 2959 in
3069 2902 3419 2957 ilebrworum

1849 3002 2177 3073 Scriptura,
2219 2999 2445 3069 legalem
2500 2997 2707 3052 cultum
2747 3001 2926 3063 vocat,
2979 2982 3073 3065 qui
3122 3007 3220 3063 per
3274 2989 3421 3043 mille

139 3108 301 3175 νόμον
332 3080 613 3173 λατρείαν
645 3100 830 3171 φησὶν,
866 3102 986 3172 ἥτις
1035 3103 1115 3165 εἰς
1137 3080 1349 3172 χιλιάδα
1383 3080 1734 3175 ετῶνγκεκρά·

1882 3107 2018 3146 nnos
2048 3090 2409 3161 perseveravit
2437 3103 2597 3143 orsus
2632 3102 2662 3141 a
2706 3085 3039 3156 temporibus
3084 3080 3420 3148 Salomonis,

2067 3180 2087 3192 .
2181 3182 2246 3192 ,ν
2468 3188 2477 3192 ,
2816 3184 2827 3192 ,
2966 3176 2978 3192 .
3355 3172 3416 3192 _.

135 3213 327 3268 τηκεν,
361 3193 657 3267 ἀρξαμένη
690 3193 797 3245 ἀπὸ
838 3192 948 3247 τῶν
996 3194 1089 3247 τοῦ
1131 3193 1473 3264 Σολομῶντος
1513 3194 1739 3266 χρόνων,

138 3289 227 3355 ἀρ’
253 3280 325 3340 οὗ
364 3285 770 3355 τεθεμελίωται
796 3282 979 3347 όθεῖος
993 3283 1146 3350 ναὸς,
1179 3284 1342 3355 μέχρι
1370 3285 1471 3355 τῆς
1506 3284 1599 3338 τοῦ
1633 3285 1745 3338 Σω-

136 3383 303 3451 τῆρος
328 3376 666 3449 παρουσίας.
682 3374 964 3428 Δείκνυσιν
975 3370 1088 3439 οὖν,
1107 3375 1183 3439 ὡς
1198 3376 1330 3428 πολὺ
1349 3375 1413 3428 τὸ
1429 3374 1615 3446 μεῖζον
1631 3374 1741 3446 (56)

139 3473 233 3542 τῆς
252 3468 637 3539 εὐαγγελικῆς
661 3467 798 3539 πρὸς
818 3467 916 3540 τὴν
931 3466 1160 3538 νομικὴν
1185 3465 1461 3540 λατρείαν.
1517 3466 1746 3532 Ἐξελε-

140 3563 346 3633 ξὰμην
366 3560 873 3630 παραριπτεῖσθαι
903 3560 973 3614 ἐν
1002 3559 1081 3626 τῷ
1106 3560 1250 3625 οἴκῳ
1290 3560 1396 3614 τοῦ
1429 3560 1576 3615 Θεοῦ
1599 3578 1740 3631 μου.

140 3651 263 3708 υἱον
298 3654 382 3717 ὡς
417 3652 642 3721 εἰλέγοι
666 3670 679 3683 ο
714 3653 926 3724 Μικρός
963 3669 1046 3716 τις
1070 3651 1409 3723 καὶεύτελὴς
1447 3647 1585 3706 εἶναι
1611 3651 1745 3722 μᾶλ-

140 3747 227 3801 λον
262 3746 337 3801 ἂν
367 3745 670 3816 βουλοίμην
695 3744 803 3798 τῶν
835 3747 891 3799 ἐν
924 3746 989 3814 τῇ
1036 3742 1330 3815 Ἐκκλησία
1358 3743 1392 3814 ἢ
1440 3742 1611 3813 μέγας
1633 3742 1742 3797 τῶν

141 3842 196 3891 ὲν
223 3838 308 3909 τῷ
342 3836 664 3909 ἁμαρτωλῷ
684 3835 819 3907 λαῷ.
850 3834 1033 3889 Ταῦτα
1057 3837 1170 3899 τοῖς
1194 3837 1252 3888 ἐν
1280 3833 1558 3888 Βαϐυλῶνι
1584 3834 1745 3905 πρόσ-

141 3948 308 4003 φορα,
336 3929 440 3983 καὶ
467 3929 598 4000 ἡμῖν
616 3926 915 3999 ἐπιτήδεια.
937 3926 1046 3979 Καὶ
1073 3925 1181 3997 γὰρ
1205 3924 1444 3989 ἐκείνους
1465 3925 1742 3979 ἐδίδασκεν

142 4023 174 4090 ἡ
207 4022 378 4093 χάρις
429 4020 527 4073 τοῦ
564 4018 882 4090 Πνεύματος
919 4016 994 4089 μὴ
1043 4015 1419 4088 παραϐλέπειν
1467 4016 1563 4071 τοῦ
1593 4015 1739 4070 θείου

141 4115 295 4169 οἴκου
323 4114 427 4185 τὴν
455 4112 713 4184 ἐρημίαν,
761 4112 855 4165 καὶ
903 4112 1064 4182 ἡμεῖς
1094 4108 1461 4179 παιδευόμεθα
1502 4111 1630 4172 τοὺς
1661 4108 1741 4179 τῷ

141 4204 264 4274 Θεῷ
296 4202 724 4273 ἀςριερωμένους
757 4201 957 4271 σηκοὺς
987 4200 1073 4253 ἀεὶ
1106 4198 1290 4252 ποθεῖν
1316 4200 1410 4252 καὶ
1435 4201 1673 4271 ἀγαπᾷν.

214 4297 440 4361 Κύριος
478 4294 551 4346 οὐ
581 4291 867 4359 στερήσει
904 4292 976 4344 τὰ
1014 4289 1205 4362 ἀγαθὰ
1248 4288 1372 4356 τοῖς
1422 4290 1744 4361 πορευομέ-

145 4404 276 4452 rate
300 4386 373 4439 ἐν
396 4384 637 4452 ἀκακία.
664 4385 727 4436 Οἱ
758 4382 866 4455 γὰρ
893 4382 1096 4454 ταύτην
1124 4382 1335 4454 ἔχοντες
1362 4382 1459 4453 τὴν
1480 4383 1738 4448 διάθεσιν,

1844 3199 1874 3238 a
1913 3198 2022 3253 quo
2062 3180 2349 3237 fundatum
2401 3188 2485 3235 est
2524 3177 2769 3233 divinum
2815 3176 3075 3247 templum
3128 3187 3303 3243 usque
3352 3172 3419 3226 ad

1843 3277 2135 3332 adventum
2184 3273 2506 3328 Salvatoris.
2559 3271 2810 3327 Declarat
2861 3271 3026 3342 igitur
3073 3270 3232 3339 longe
3284 3283 3393 3335 pra:

1844 3368 2161 3424 stantiorem
2187 3380 2311 3421 esse
2332 3365 2702 3435 evangelicum
2731 3378 2897 3434 quam
2924 3363 3151 3432 legalem
3187 3359 3420 3415 cultum.

1848 3458 1999 3530 Elegt'
2022 3457 2257 3527 abjectus
2286 3472 2396 3511 esse
2422 3457 2477 3508 in
2508 3455 2665 3509 domo
2692 3455 2786 3510 Dei
2813 3454 2934 3519 mei,
2962 3462 3067 3509 etc.
3100 3453 3179 3507 Ac
3203 3450 3250 3507 si
3282 3449 3403 3505 dice

1845 3561 1963 3606 ret:
2001 3548 2144 3603 Malo
2168 3549 2400 3619 pusillus
2436 3556 2490 3602 et
2537 3548 2662 3602 vilis
2710 3561 2834 3602 esse
2867 3547 2921 3599 in
2958 3543 3220 3608 Ecclesia,
3254 3556 3419 3612 quam

1843 3648 2150 3711 praepotens
2172 3639 2226 3692 in
2262 3639 2464 3708 populo
2509 3644 2813 3707 peccatore.
2844 3635 2970 3690 Haec
3000 3636 3066 3690 iis
3110 3634 3205 3704 qui
3232 3632 3286 3686 in
3316 3630 3422 3684 Ba-

1845 3731 2042 3803 bylone
2081 3722 2482 3792 erant‘utilia,
2535 3737 2593 3782 et
2650 3726 2809 3783 nobis
2860 3724 3215 3797 congruentia
3268 3730 3418 3777 sunt.

1844 3822 1981 3878 Nam
2022 3830 2077 3876 et
2128 3821 2252 3877 illos
2294 3820 2559 3876 edocebat
2591 3820 2765 3891 gratia
2817 3819 3079 3890 Spiritus,
3128 3826 3188 3873 ut
3222 3816 3420 3870 divina;

1841 3916 2041 3971 domus
2073 3913 2384 3969 vastitatem
2412 3927 2479 3968 ne
2508 3911 2851 3982 despicerent
2877 3930 2890 3967 :
2921 3920 2976 3967 et
3008 3925 3111 3966 nos
3138 3909 3420 3967 erudimur

1843 4015 1903 4062 ut
1943 4005 2055 4061 Deo
2094 4020 2253 4062 sacra
2280 4004 2502 4078 .lempla
2548 4019 2763 4074 semper
2809 4011 3150 4073 exoptemus,
3195 4010 3250 4056 et
3295 3998 3421 4055 dilin

1839 4114 2054 4171 gamus.

1917 4295 2006 4360 12,
2039 4296 2128 4367 15.
2166 4294 2579 4366 υοηιίηιιδῖηοη
2610 4294 2841 4364 privabit
2877 4294 3024 4347 bonis
3052 4308 3139 4346 eos
3170 4292 3261 4361 qui
3298 4304 3415 4345 am-

1843 4387 2027 4440 bulant
2052 4389 2106 4442 in
2144 4389 2463 4442 innocentia.
2502 4385 2640 4441 Nam
2688 4384 3131 4456 qui'hujusmodi
3162 4383 3415 4438 allectum

145 4480 360 4533 τούτων
386 4477 648 4531 ἁπάντων
665 4476 998 4531 ἀπολαύουσι
1022 4475 1131 4529 τῶν
1161 4474 1402 4545 ἀγαθῶν.
1421 4475 1611 4540 Ἔλεος
1631 4477 1734 4547 γὰρ

1884 4480 2066 4543 aberit,
2116 4480 2203 4534 bis
2250 4480 2505 4535 omnibus
2538 4478 2699 4534 bonis
2736 4477 3010 4532 fruuntur.
3046 4476 3417 4533 Misericordia

147 4576 210 4625 ἐκ
232 4571 348 4626 τῶν
368 4571 534 4624 θείων
560 4569 955 4624 ἀναϐλαστάνει
979 4570 1184 4641 σηκῶν,
1211 4571 1307 4624 καὶ
1334 4568 1501 4641 πολλὴ
1529 4570 1737 4624 ἐκεῖθεν

141 4662 381 4732 ἁφθονος
414 4662 514 4731 τῆς
541 4660 801 4733 ἀληθείας
827 4663 859 4731 ἡ
886 4661 1144 4732 χορηγία.
1203 4660 1445 4714 Ἐκεῖθεν
1487 4659 1598 4733 γὰρ
1626 4660 1736 4716 τῶν

142 4754 372 4823 ἀγαθῶν
400 4753 688 4825 δογμάτων
709 4753 807 4825 τὴν
827 4753 1174 4809 διδασκαλίαν
1193 4753 1480 4825 δεχόμεθα,
1516 4754 1609 4809 καὶ
1637 4754 1736 4825 χά-

148 4863 232 4915 ριν
261 4847 321 4900 δὲ
357 4846 513 4899 θείαν
542 4848 607 4899 ὲκ
627 4845 737 4900 τῶν
767 4846 862 4899 τοῦ
906 4847 1176 4916 παναγίου
1210 4849 1529 4920 Πνεύματος
1574 4867 1740 4922 κρου-

143 4938 253 4990 νῶν
285 4939 600 5008 ἀρυόμεθαο
646 4940 741 4992 καὶ
784 4939 967 5009 μέντοι
1027 4940 1120 4993 καὶ
1166 4940 1517 5011 περίϐλεπτοι
1559 4941 1742 4995 ὲντεῦ-

144 5030 236 5083 θεν
263 5030 549 5101 γινόμεθα,
606 5032 700 5085 καὶ
744 5030 864 5084 λίαν
900 5036 1239 5105 περιφανεῖς,
1277 5030 1383 5088 ’καὶ
1437 5035 1740 5107 συλλήϐδην

144 5124 347 5184 εἰπεῖν,
374 5125 555 5176 πᾶσαν
577 5123 686 5177 τῶν
717 5121 940 5193 ἀγαθῶν
969 5123 1239 5195 δεχόμεθα
1284 5124 1383 5196 τὴν
1417 5126 1737 5189 ἀπόλαυσιν,

146 5216 349 5279 κακίας
386 5215 485 5286 μὲν
517 5216 612 5268 καὶ
636 5215 901 5286 πονηρίας
937 5215 1389 5287 ἀπαλλαττόμεθα
1411 5260 1425 5284 ,
1471 5217 1736 5289 ἁπλότητι

147 5307 205 5360 δὲ
234 5308 329 5360 καὶ
359 5307 589 5378 ἀληθείᾳ.
619 5307 788 5379 συζῇν
815 5308 1259 5380 προαιρούμενοι.

257 5398 363 5461 Εἰς
377 5396 575 5463 τέλος,
601 5396 727 5463 τοῖς
754 5397 905 5463 υἱοῖς
944 5399 1115 5467 Κορέ.
1162 5402 1471 5454 ΨΑΛΜΟΣ
1500 5403 1627 5454 ΠΔν.

778 5489 792 5506 '
804 5488 1112 5556 Υπόθεσις.

1844 4573 1991 4627 ειιίιιι
2020 4587 2085 4627 ex
2116 4573 2314 4627 divinis
2345 4573 2559 4643 templis
2607 4573 2803 4639 oritur,
2854 4581 3020 4642 atque
3066 4572 3289 4643 largiter
3326 4586 3423 4625 ex—

1847 4666 1976 4720 hinc
1999 4666 2204 4721 veritas
2234 4667 2630 4736 suppeditatur.
2659 4665 2826 4722 Istinc
2852 4665 2999 4721 enim
3027 4680 3285 4721 sanorum
3318 4665 3419 4719 do“

1844 4766 2087 4827 gmatum
2117 4755 2421 4811 doctrinam
2453 4757 2776 4827 accipimus,
2808 4766 2864 4812 et
2912 4756 3153 4811 divinam
3189 4754 3417 4826 gratiam

1845 4866 1912 4905 ex
1968 4849 2304 4904 sanctissimi
2354 4848 2591 4920 Spiritus
2642 4850 2887 4907 fontibus
2947 4849 3252 4905 haurimus.
3302 4846 3416 4902 lmo

1841 4940 2040 4997 exinde
2078 4940 2323 5010 praeclari
2364 4942 2667 5011 evadimus,
2701 4952 2757 4999 et
2780 4943 2936 4999 valde
2968 4944 3227 5008 illustres,
3258 4947 3335 5005 et,
3358 4950 3417 4994 ut

1844 5050 1956 5089 uno
1984 5034 2152 5089 verbo
2180 5034 2380 5100 dicam,
2411 5037 2560 5090 omni
2591 5036 2863 5091 bonorum
2898 5036 3053 5104 copia
3080 5033 3335 5097 fruimur,
3364 5042 3417 5087 et

1840 5142 1872 5181 ιι
1900 5127 2108 5182 malitia
2156 5127 2613 5198 improbitateque
2648 5128 2964 5191 liberamur,
3006 5126 3166 5179 vitam
3214 5125 3411 5195 eliget).

1841 5230 1923 5276 les
1952 5222 2002 5276 in
2032 5222 2379 5292 simplicitate
2410 5229 2465 5276 et
2494 5222 2718 5275 veritate
2747 5236 2926 5289 agere.

2467 5307 2495 5350 /

1908 5402 1957 5456 1.
2002 5399 2066 5453 In
2094 5401 2271 5470 ﬁnem,
2307 5400 2433 5471 filiis
2462 5398 2611 5454 Core.
2643 5397 2987 5454 PSALMUS
3023 5396 3341 5454 LXXXIV.

2419 5493 2799 5563 Argumentum
2810 5536 2822 5550 .

150 5576 249 5633 Διὰ
270 5578 462 5632 τούτου
491 5578 588 5633 τοῦ
610 5579 827 5651 ψαλμοῦ
859 5581 958 5652 τὴν
992 5578 1182 5651 κλῆσιν
1220 5580 1327 5634 τῶν
1358 5578 1528 5635 ἐθνῶν
1560 5580 1730 5649 δηλοῖ,

1882 5602 1937 5640 er
1975 5587 2120 5640 bunc
2152 5585 2421 5655 psalmum
2458 5587 2798 5643 vocationem
2848 5588 3088 5660 gentium
3119 5584 3392 5657 signiﬁcat

218 5755 334 5828 ω)
373 5755 554 5816 Locus
577 5757 828 5814 vitiosus.

1815 5767 1819 5771 ’
1909 5758 2019 5830 {36)
2060 5758 2218 5817 Forte
2248 5761 2434 5832 μέσον.

2034 5998 2061 6020 θ
