3778 6276
190 280 286 333 5ἷό

1227 274 1592 334 EXPOSITIO
1629 277 1695 332 1N
1744 275 2071 336 PSALMUM
2112 277 2372 337 LXXXV.

3341 276 3443 330 574

191 392 293 459 Τὴν
333 388 487 460 μετά
545 387 748 462 σαρκὸς
798 389 1104 461 οἰκονομίαν
1152 391 1246 444 τοῦ
1308 389 1643 460 Μονογενοῠς
1692 390 1765 444 διδ

1921 396 2119 449 omiam
2158 393 2428 464 Unigeniti
2483 407 2606 448 cum
2649 405 2832 446 carne.
2864 389 3024 445 Facta
3062 391 3257 460 quippe
3289 395 3443 452 nobis

433 481 717 550 σημαίνει.
767 479 957 548 Γέγονε
989 479 1096 552 γὰρ
1145 483 1278 551 ἡμῖν
1311 482 1464 553 παρά
1506 481 1600 534 τοῦ
1645 481 1779 534 Θεοῦ

192 576 274 628 καὶ
327 574 565 648 Πατρὸς
610 574 926 644 δικαιοσύνη
995 574 1089 627 καὶ
1121 576 1310 646 εἰρήνη
1370 576 1461 628 καὶ
1520 575 1666 638 ἔλεος
1689 574 1782 627 καὶ

191 667 440 736 ἀλήθεια.
501 667 768 737 Ἐλεήσας
801 667 857 720 δὲ
902 669 1048 738 ἡμᾶς
1105 668 1311 732 ἐδίδαξε
1358 669 1456 739 τὴν
1500 667 1777 739 ἀλήθειαν·

189 761 271 811 καὶ
301 758 421 829 μὴν
449 760 554 812 καὶ
581 759 825 822 δικαίους
879 759 1176 831 ἀπέφηνεν,
1220 759 1682 827 εἰρηνοποιήσας
1709 758 1782 812 τὰ

187 848 383 902 πάντα
412 849 491 902 ἐν
520 847 688 914 αὐτῷ
734 848 807 903 τά
830 867 895 904 τε
922 851 992 905 ἐν
1039 848 1118 916 τῷ
1152 848 1384 919 οὐρανῷ
1425 850 1522 905 καί
1557 851 1628 905 τὰ
1680 849 1780 904 ἐπὶ

186 936 285 1003 τῆς
317 935 462 1005 Tric-

250 1031 482 1094 Ἔλεος
543 1028 646 1082 καὶ
677 1029 928 1095 ἀλήθεια
983 1028 1398 1097 συνήντησαν.
1453 1030 1648 1100 Σαφῶς
1681 1031 1781 1101 τὴν

183 1121 260 1173 διὰ
284 1121 391 1190 τῆς
418 1119 702 1174 Θεοτόκου
733 1121 824 1174 καὶ
865 1119 1245 1192 Ἀειπαρθένου
1298 1121 1652 1175 ἀνατείλασαν
1702 1121 1781 1191 τῷ

181 1213 369 1284 κόσμῳ
400 1213 683 1285 κηρύττει
731 1213 1008 1285 ἀλήθειαν.
1040 1214 1210 1276 Αὐτὸς
1251 1213 1359 1284 γάρ
1406 1216 1552 1267 ἐστιν
1581 1215 1614 1284 ἡ
1645 1213 1779 1284 ἀλή-

180 1306 313 1370 θεια,
360 1310 412 1359 εί
457 1307 562 1360 καὶ
629 1307 917 1377 γεγένηται
977 1308 1041 1359 ἐκ
1096 1307 1375 1375 γυναικός.
1420 1307 1778 1373 Δικαιοσύνη

179 1400 278 1469 γάρ
300 1399 408 1451 καί
445 1399 713 1466 ἀλήθεια
777 1399 1191 1468 κατεφίλησαν
1247 1396 1434 1466 σαφῶς
1462 1398 1552 1451 διὰ
1585 1396 1682 1467 τὴν
1715 1397 1779 1451 ἐκ

178 1492 266 1559 τῆς
309 1491 724 1562 Ἀειπαρθένου
756 1491 1015 1544 Θεοτόκου
1059 1489 1414 1544 ἀνατείλασαν
1465 1489 1541 1561 τῷ
1591 1491 1780 1562 κόσμῳ

180 1583 467 1653 ἀλήθειαν.

236 1675 350 1728 Καὶ
414 1674 792 1742 δικαιοσύνη
848 1674 915 1728 ἐκ
996 1675 1104 1729 τοῦ
1163 1672 1426 1741 οὐρανοῦ
1469 1671 1775 1740 διέκοψεν.

177 1765 402 1835 Ὅμοιον
429 1765 503 1819 τὸ
540 1766 834 1837 εἰρημένον
896 1765 1033 1836 πρὸς
1069 1767 1167 1837 τὴν
1205 1765 1500 1836 Παρθένον·
1541 1763 1781 1833 Πνεῦμα

172 1855 340 1923 ἄτιον
393 1857 808 1910 ἐπελεύσεται
835 1856 930 1908 ἐπὶ
966 1855 1058 1920 σὲ,
1087 1856 1181 1909 καὶ
1211 1857 1279 1908 τὰ
1323 1855 1470 1924 ἑξῆς.

239 1944 352 1998 Καὶ
401 1945 526 2012 γὰρ
572 1947 606 1998 ό
657 1945 872 2012 Κύριος
910 1943 1086 1998 δώσει
1138 1944 1533 2013 χρηστότητα.
1588 1943 1774 2004 Ὅταν,

171 2037 324 2105 φησὶ.
365 2034 506 2088 καθ’
557 2034 864 2106 ὑπερϐολὴν
923 2036 1286 2107 χρηστότητος
1337 2034 1617 2105 ἐπιλάμψῃ
1665 2037 1778 2097 τοῖς

170 2127 258 2180 ἐπὶ
292 2127 402 2198 τῆς
431 2128 547 2197 γῆς
582 2127 609 2178 ὁ
642 2125 866 2196 Κύριος,
898 2128 1018 2180 τότε
1062 2129 1156 2182 καὶ
1183 2129 1366 2199 ἡμεῖς,
1396 2128 1560 2200 νοητὴ
1601 2127 1776 2200 ὑπάρ-

171 2234 358 2285 χοντες
390 2217 496 2286 γῆ,
541 2216 674 2280 τοὺς
699 2219 1098 2288 πνευματικοὺς
1151 2219 1398 2289 καρποὺς
1428 2217 1776 2290 ἀποδώσομεν

169 2309 262 2379 τῆς
294 2307 689 2379 δικαιοσύνης.

235 2402 624 2468 Δικαιοσύνη
693 2400 950 2455 ἐνώπιον
1019 2402 1206 2457 αὑτοῦ
1282 2405 1775 2473 προπορεύσεται.

169 2492 384 2554 Εἰπὼν,
419 2493 500 2555 ὡς
531 2491 750 2562 δώσειή
781 2491 946 2562 νοητὴ
991 2491 1064 2562 γῆ
1121 2492 1212 2545 τὸν
1255 2493 1488 2564 καρπὸν,
1537 2494 1778 2548 διδάσκει

171 2588 286 2650 πῶς
309 2585 513 2639 δώσει.
545 2585 670 2648 Πῶς
697 2583 753 2636 δὲ
794 2583 974 2648 δώσει,
1027 2584 1060 2656 ἢ
1091 2586 1217 2639 ὅταν
1260 2585 1424 2639 αὐτοῦ
1463 2585 1558 2640 τοῦ
1610 2589 1778 2659 ἐργα-

170 2676 416 2748 ζομένου
468 2676 535 2728 τὸ
580 2673 846 2744 ἀγαθὸνὴ
876 2674 1218 2746 δικαιοσύνη,
1265 2676 1643 2748 προϐαδίσασα
1698 2679 1778 2742 εἰς

170 2771 268 2840 την
291 2770 418 2824 ἂνω
445 2768 690 2836 ἄγουσαν
711 2767 850 2832 ὁδὸν,
867 2768 1166 2844 κατευθύνῃ
1191 2769 1284 2823 τοῦ
1307 2770 1475 2842 αὐτὴν
1492 2771 1780 2843 πορευομέ-

170 2879 265 2916 νου
297 2863 378 2915 τὰ
402 2860 566 2931 διαῦή
576 2878 716 2931 ματα
734 2876 750 2926 ;

359 2951 686 3022 Προσευχὴ
735 2952 816 3020 τῷ
868 2952 1066 3006 Δαυτδ.
1109 2953 1413 3006 ΨΑΛΜΟΣ
1461 2955 1599 3009 HE'.

819 3048 832 3067 '
843 3049 1155 3111 Υπόθεσις.

173 3135 488 3200 Φωτισθεὶς
519 3135 610 3190 διά
630 3137 724 3190 τοῦ
765 3137 1081 3207 Πνεύματος
1107 3137 1174 3190 τὰ
1199 3138 1327 3207 περὶ
1357 3137 1456 3207 τῆς
1476 3137 1779 3209 παρουσίας

249 3228 352 3282 τοῦ
404 3228 747 3297 Μονογενοῢς
792 3231 821 3282 ὁ
849 3229 1115 3301 μακάριος
1154 3228 1336 3293 Δαυῒδ,
1395 3230 1488 3284 καὶ
1538 3229 1635 3301 τὴν
1665 3232 1782 3284 ὲσο-

251 3319 432 3390 μένην
490 3321 653 3372 παντὶ
713 3319 792 3391 τῷ
846 3319 1240 3390 καταφεύγοντι
1293 3321 1430 3392 πρὸς
1485 3321 1646 3374 αὐτὸν
1674 3321 1780 3375 τῶν

250 3412 676 3483 ἁμαρτημάτων
712 3412 929 3482 ἄφεσιν,
985 3413 1207 3477 εἰκότως
1255 3413 1570 3484 ἀναπέμπει
1613 3430 1781 3487 προσ·-

250 3504 456 3574 ευχὴν,
512 3504 607 3558 ἕνα
650 3505 746 3558 καὶ
788 3503 952 3557 αὑτὸν
989 3505 1157 3570 ἀξιῶν
1200 3505 1492 3577 εὑρεθῆναι
1534 3507 1644 3560 τῶν
1679 3524 1782 3560 σω-

255 3596 511 3667 ζομένων
539 3597 628 3651 διὰ
658 3597 758 3668 τῆς
794 3597 1037 3669 χάριτος.

255 3689 514 3750 Κλῖνον,
563 3689 762 3757 Κύριε,
807 3689 875 3744 τὸ
927 3685 1038 3756 οὖς
1102 3705 1217 3744 σου
1280 3689 1381 3742 καὶ
1433 3689 1782 3745 ἐπάκουσόν

179 3799 328 3850 μου.
363 3781 530 3849 Μέγα
573 3782 682 3851 γὰρ
713 3784 789 3845 ὡς
816 3780 1031 3852 ἀληθῶς
1065 3781 1274 3850 ἐφόδιον
1298 3781 1434 3852 πρὸς
1461 3781 1521 3835 τὸ
1556 3781 1782 3854 εὐχόμε-

186 3889 279 3925 νον
315 3871 691 3926 ὲπακούεσθαι
737 3873 770 3944 ἡ
824 3872 1313 3945 ταπεινοφροσύνη.
1361 3873 1488 3927 Ὀτι
1548 3873 1782 3944 πτωχὸς

184 3966 290 4018 καί
320 3963 514 4033 πένης
548 3963 665 4034 εἰμὶ
694 3963 827 4034 ἐγώ.
858 3966 1444 4038 Ταπεινοφρονήματος
1475 3966 1574 4036 τῆς
1610 3983 1781 4036 προσ-

183 4057 359 4127 ευχῆς
413 4057 478 4109 τὸ
541 4057 844 4129 προοίμιον.
903 4058 1016 4128 Τῆς
1062 4058 1171 4130 γὰρ
1235 4058 1578 4130 δικαιοσύνης
1617 4060 1781 4130 ἄμφω

182 4147 528 4219 κεκτημένοι
557 4149 647 4202 τὸν
679 4147 926 4214 πλοῦτον,
968 4150 1076 4202 ὅτε
1128 4147 1290 4203 Δαυῒδ
1331 4149 1426 4204 καὶ
1459 4153 1487 4203 ὁ
1533 4151 1781 4215 Ἐζεκίας

186 4237 330 4308 πρὸς
357 4237 550 4292 τοῦτον
587 4238 686 4308 μὲν
714 4240 815 4310 οὐχ
837 4238 1044 4310 ἐώρων,
1097 4241 1175 4303 είς
1219 4240 1276 4294 δὲ
1307 4241 1404 4312 τὴν
1429 4241 1528 4312 τῆς
1565 4240 1778 4311 φύσεως

187 4329 387 4382 πενίαν
411 4329 743 4394 ἀπέϐλεπον,
763 4331 857 4384 καὶ
875 4331 967 4384 τὸν
983 4329 1114 4384 Θεὸν
1144 4331 1500 4404 ἠντιϐόλησαν
1519 4333 1779 4403 οἰκτεῖραι

1883 495 1965 538 est
1989 500 2019 537 a
2055 483 2252 544 Deo.et
2278 484 2436 538 Patre
2455 482 2665 553 justitia
2694 490 2747 535 et
2770 496 2873 551 pax
2903 492 2956 535 et
2989 480 3360 536 misericordia
3393 495 3446 536 et

1882 574 2103 628 veritas.
2131 572 2352 643 Nosque
2380 573 2665 638 miseratus
2691 572 2876 626 docuit
2905 571 3224 639 veritatem;
3253 572 3362 626 imo
3395 586 3447 628 et

1878 665 2054 736 justos
2078 663 2308 719 reddidit
2339 679 2460 730 nos,
2486 663 2769 733 paciﬁcum
2805 661 2984 716 omnia
3025 662 3077 715 in
3124 663 3291 733 seipso
3328 678 3445 735 qua:

1881 759 1936 812 in
1976 757 2102 812 caelo
2131 766 2180 812 et
2201 772 2319 828 qum
2351 757 2405 810 in
2440 766 2577 810 terra
2596 754 2650 814 ’ξ

1879 1019 1914 1051 θ’
1959 1020 2045 1076 11.
2087 1019 2454 1074 Misericordia
2487 1030 2532 1073 et
2581 1012 2774 1072 veritas
2811 1009 3140 1072 obviaveruft
3188 1017 3309 1070 sibi.
3339 1015 3446 1071 Ve-

1880 1112 2095 1166 ritatem
2156 1128 2277 1182 quae
2330 1127 2428 1180 per
2483 1111 2766 1181 Deiparam
2827 1120 2882 1164 et
2925 1125 3135 1179 semper
3176 1109 3446 1179 Virginem

1881 1204 2084 1258 mundo
2115 1211 2303 1258 exorta
2333 1213 2417 1259 est
2445 1212 2629 1272 aperte
2655 1202 2929 1273 praedicat.
2955 1201 3073 1270 ipse
3106 1216 3339 1270 namque
3366 1209 3450 1255 est

1881 1296 2100 1362 veritas,
2129 1296 2342 1350 etiamsi
2373 1311 2438 1350 ex
2467 1295 2692 1350 muliere
2726 1303 2888 1348 natus
2926 1293 3014 1348 sit.
3042 1291 3264 1346 Iustitia
3301 1291 3448 1346 enim

1879 1399 1928 1443 et
1961 1405 2068 1458 pax
2095 1404 2220 1443 vere
2268 1389 2519 1443 osculata:
2563 1396 2707 1456 sunt,
2742 1402 2836 1457 per
2859 1387 3136 1440 veritatem
3189 1385 3336 1438 illam
3383 1401 3448 1439 ex

1880 1479 2345 1553 semperV’irgine
2370 1479 2598 1550 Dcipara
2629 1479 2830 1533 mundo
2861 1478 3145 1532 orientem.

1953 1664 2040 1718 12.
2084 1662 2149 1716 Et
2195 1663 2413 1732 justitia
2460 1663 2523 1716 de
2579 1661 2706 1715 calo
2745 1660 3029 1730 prospexit.
3067 1659 3256 1712 Simile
3287 1667 3370 1713 est
3398 1657 3449 1711 id

1881 1756 2024 1824 quod
2056 1755 2122 1808 ad
2148 1753 2426 1824 Virginem
2456 1754 2660 1809 dictum
2689 1753 2789 1807 fuit
2817 1771 2830 1806 :
2855 1751 3084 1822 Spiritus
3115 1761 3328 1804 sanctus
3355 1766 3448 1804 su-

1879 1848 2134 1916 perveniet
2170 1849 2224 1900 in
2254 1848 2376 1915 te“,
2411 1856 2516 1901 etc.

1957 1943 2043 1996 15.
2085 1941 2291 1996 Etenim
2318 1941 2573 1995 Dominus
2601 1939 2746 1993 dabit
2771 1937 3162 2008 benignitatem.
3187 1933 3345 1996 Cum,
3369 1933 3452 1986 iu-

1879 2036 2017 2106 quit,
2066 2035 2136 2089 ob
2184 2050 2452 2089 summam
2488 2032 2899 2103 benignitatem,
2931 2045 3026 2085 eos
3058 2028 3150 2098 qui
3201 2027 3254 2080 in
3305 2036 3449 2080 terra

1879 2137 2005 2183 sunt
2043 2126 2434 2182 illuminaverit
2481 2125 2743 2179 Dominus
2769 2165 2784 2190 ,
2819 2132 2949 2179 tunc
2981 2130 3034 2177 et
3058 2137 3156 2174 nos
3181 2119 3275 2189 qui
3309 2128 3452 2173 terra

1879 2235 2071 2276 sumus
2100 2218 2422 2290 spiritualis,
2451 2217 2762 2288 spirituales
2798 2215 3025 2286 iustitia:
3051 2213 3264 2268 fructus
3293 2211 3450 2266 dabi-

1878 2329 2022 2368 IDUS.

1949 2406 2036 2460 M.
2071 2404 2297 2458 Iustitia
2345 2413 2465 2458 ante
2528 2419 2645 2457 eum
2698 2400 3010 2455 ambulabit.
3055 2398 3190 2453 Cum
3226 2395 3452 2450 dixisset

1877 2497 2212 2568 spiritualem
2271 2507 2470 2551 terram
2525 2496 2773 2551 daturam
2826 2509 2946 2548 esse
2975 2491 3211 2546 fructum
3265 2500 3449 2564 suum,

1873 2591 1984 2661 jam
2020 2588 2178 2643 docet
2225 2603 2334 2659 quo
2386 2596 2544 2658 pacto
2594 2586 2790 2642 datura
2826 2585 2917 2640 sit.
2956 2581 3241 2650 Quomodo
3278 2580 3447 2638 dabit.

1878 2683 1981 2738 nisi
2037 2697 2158 2737 cum
2213 2680 2425 2752 justitia
2474 2679 2897 2750 prmambulans,
2929 2693 3151 2750 gressus
3202 2677 3322 2748 ejus
3357 2675 3452 2747 qui

1879 2784 2138 2846 operatur
2177 2774 2378 2828 bonum
2407 2781 2461 2827 et
2494 2772 2696 2827 incedit
2726 2771 2781 2825 in
2809 2772 2891 2825 via
2922 2785 3044 2840 qua:
3081 2784 3299 2825 sursum
3335 2774 3454 2822 ten-

1878 2870 1977 2937 dit,
2013 2869 2066 2922 in
2097 2867 2214 2937 ipsa
2244 2865 2332 2921 via
2365 2863 2663 2920 direxerit?

2042 2961 2227 3018 Oratio
2255 2960 2357 3031 ipsi
2396 2958 2588 3012 David.
2629 2954 2971 3012 PSALIIUS
3009 2950 3289 3007 LXXXV.

2465 3052 2867 3122 Argumentum.

1881 3143 2017 3198 Cum
2051 3159 2145 3213 per
2179 3142 2441 3214 Spiritum
2478 3142 2818 3196 illuminatus
2841 3147 3028 3195 nosset
3064 3137 3258 3192 beatus
3285 3132 3454 3188 David

1952 3251 2072 3306 quae
2115 3236 2407 3291 adventum
2439 3232 2711 3304 Unigeniti
2745 3233 3082 3302 spectabant,
3115 3240 3274 3300 atque
3303 3227 3454 3282 futu-

1953 3343 2068 3382 ram
2118 3326 2374 3381 omnibus
2423 3324 2517 3395 qui
2570 3325 2636 3380 ad
2669 3339 2793 3380 eum
2829 3322 3184 3393 confugerent
3215 3328 3459 3389 peccato-

1956 3435 2076 3473 rum
2114 3417 2518 3482 remissionem,
2543 3417 2666 3487 jure
2695 3417 2999 3471 orationem
3050 3414 3225 3480 oﬂcrt,
3255 3427 3456 3481 rogans

1952 3521 2012 3564 ut
2049 3511 2164 3579 ipse
2193 3525 2337 3564 unus
2371 3523 2492 3564 esse
2519 3509 2956 3578 deprehendatur
3001 3521 3191 3560 eorum
3237 3505 3327 3574 qui
3363 3518 3457 3572 per

1952 3602 2182 3674 gratiam
2217 3601 2446 3656 salutem
2480 3609 2909 3670 consequuntur.

1953 3695 2002 3748 1.
2051 3692 2278 3758 Inclina,
2325 3692 2569 3759 Domine,
2612 3707 2794 3745 aurem
2832 3699 3002 3754 tuam,
3029 3699 3082 3742 et
3122 3684 3316 3741 exaudi
3355 3700 3452 3738 me.

1881 3787 2197 3858 Opportuna
2224 3801 2356 3842 sane
2385 3786 2470 3840 via
2501 3795 2560 3842 ut
2595 3785 2720 3856 quis
2749 3783 3094 3847 exaudiatur,
3124 3787 3208 3837 est
3235 3775 3457 3834 humili-

1882 3889 1982 3934 tas.
2013 3877 2280 3943 Quoniam
2315 3877 2465 3944 inops
2495 3884 2546 3930 et
2578 3890 2779 3945 pauper
2817 3890 2933 3928 sum
2958 3888 3071 3943 ego.
3129 3869 3241 3941 (38)
3269 3866 3461 3921 Humi-

1881 3973 2050 4027 litatis
2083 3979 2166 4028 est
2191 3969 2517 4042 prooemium
2547 3969 2602 4022 in
2630 3965 2890 4023 oratione.
2925 3963 3059 4018 Nam
3089 3961 3317 4034 iustitiae
3342 3976 3461 4016 am-

1880 4065 1950 4120 bo
2000 4065 2220 4120 divitias
2265 4063 2608 4134 possidentes
2663 4061 2831 4115 David
2875 4069 3036 4129 atque
3074 4055 3359 4120 Ezechias,
3390 4054 3459 4108 ad

1881 4173 1974 4214 eas
2021 4173 2132 4213 non
2175 4158 2559 4228 respiciebant,
2602 4155 2698 4211 sed
2743 4163 2953 4209 natura:
2980 4151 3219 4221 inopiam
3247 4157 3460 4218 specta-

1881 4251 2030 4314 bant,
2068 4259 2122 4306 et
2154 4249 2267 4304 Deo
2294 4249 2673 4319 supplicabant
2704 4256 2763 4300 ut
2796 4262 2912 4300 eam
2963 4250 3281 4314 paupertate
3325 4241 3458 4294 aﬂ'e-

1881 4352 2026 4398 ctam
2069 4342 2446 4397 miseraretur.
2491 4339 2622 4392 Illud
2659 4347 2838 4391 autem
2878 4334 3158 4402 :Inclina,
3208 4331 3456 4397 Domine,

185 4420 399 4492 ταύτην
449 4422 691 4494 πτωχείᾳ
744 4423 1196 4494 συνεζευγμένην.
1263 4425 1336 4478 Τὸ
1400 4426 1497 4490 δὲ,
1535 4425 1765 4490 Κλῖνον.

1921 4453 2064 4490 urem
2104 4445 2272 4500 tuam,
2302 4450 2370 4490 ex
2405 4431 2722 4501 metaphora
2757 4429 2990 4500 positum
3040 4435 3144 4493 est,
3193 4427 3352 4498 quasi
3390 4443 3460 4480 ex

184 4515 391 4580 Κύριε,
426 4514 494 4564 τὸ
521 4507 630 4578 οὖς
657 4527 796 4575 σου,
853 4513 918 4567 ὲκ
962 4516 1271 4587 μεταφορᾶς
1318 4514 1562 4568 τέθεικεν
1593 4515 1776 4586 ἀρρώ-

188 4622 322 4658 στου
352 4605 501 4668 τινος
533 4605 640 4658 ὑπὸ
663 4605 947 4670 ἀσθενείας
975 4608 1343 4679 γεγωνότερον
1374 4608 1435 4660 οὐ
1477 4607 1774 4677 δυναμένου

185 4696 398 4760 λαλεῖν,
429 4697 526 4749 καὶ
572 4697 662 4749 τὸν
692 4697 876 4769 ἰατρὸν
909 4697 1254 4768 προσκλίνειν
1315 4697 1393 4768 τῷ
1420 4697 1650 4769 στόματι
1676 4698 1777 4770 τὴν

188 4787 364 4858 ἀκοὴν
395 4785 816 4856 ἀναγκάζοντος.

261 4880 548 4942 Φύλαεον
607 4878 722 4947 τὴν
768 4880 979 4949 ψυχήν
1035 4898 1184 4949 μου,
1244 4880 1334 4933 ὅτι
1404 4879 1574 4946 ὅσιός
1637 4882 1774 4950 ειμι.

201 4970 320 5036 Ἀφ’
352 4960 428 5020 ὧν
458 4967 820 5039 κατώρθωσεν
847 4969 1068 5036 ἀγαθῶν
1111 4969 1517 5042 ὲπακουσθῆναι
1552 4970 1772 5038 ἐξαιτεῖ.

186 5056 406 5111 Σῶσον
445 5057 553 5110 τὸν
577 5057 804 5113 δοῦλόν
833 5073 970 5123 σου,
1015 5060 1047 5112 ὁ
1089 5061 1232 5124 Θεός
1282 5077 1432 5128 μου,
1474 5060 1578 5114 τὸν
1609 5061 1779 5116 ἐλπι-

190 5147 366 5208 ὒλντα
410 5147 510 5201 ἐπὶ
552 5148 674 5202 σοι.
719 5148 937 5219 Ἐπειδὴ
978 5149 1121 5202 ὅσιον
1165 5149 1356 5203 ἑαυτὸν
1389 5151 1773 5223 ἀνηγόρευσεν,

188 5240 285 5292 ἐπὶ
315 5239 381 5291 τὸ
403 5240 656 5294 ταπεινὸν
698 5240 860 5294 πάλιν
909 5239 1205 5312 καταφέρει
1240 5240 1333 5294 τὸν
1377 5240 1553 5310 λόγον,
1595 5244 1776 5297 δοῦλον

192 5330 384 5383 ἑαυτὸν
417 5331 870 5403 ἀπογραφόμενος
898 5331 990 5384 τοῦ
1022 5330 1178 5396 Θεοῦ,
1205 5332 1299 5385 καὶ
1338 5332 1424 5384 ἐπ’
1453 5333 1600 5404 αὐτῷ
1633 5335 1776 5405 μόνῳ

195 5420 291 5490 τὴν
323 5420 514 5476 ἐλπίδα
540 5423 641 5493 τῆς
664 5424 942 5495 σωτηρίας
974 5423 1116 5495 ἔχειν
1145 5424 1629 5497 ἐπαγγειλάμενος.

233 5573 278 5607 ’³
315 5573 526 5632 Coloss.
557 5594 598 5644 ι,
631 5575 721 5630 20.
800 5575 841 5608 “
879 5575 1011 5633 Luc.
1044 5594 1083 5645 ι,
1116 5579 1205 5633 54.

1883 4525 2195 4580 inﬁrmitate
2241 4540 2348 4580 non
2402 4523 2574 4594 possit
2618 4523 2783 4577 altius
2816 4521 3073 4587 clamare,
3105 4529 3158 4577 et
3184 4519 3459 4577 medicum

1883 4625 2040 4686 cogat
2070 4624 2130 4670 ut
2160 4631 2321 4671 aures
2345 4616 2424 4670 ori
2456 4614 2761 4670 admoveat.

1949 4877 1999 4930 ‘2.
2047 4877 2267 4931 Custodi
2298 4879 2531 4930 animum
2574 4894 2761 4945 meam,
2794 4881 3043 4948 quoniam
3074 4888 3286 4931 sanctus
3315 4891 3454 4931 sum.

1879 4967 1958 5022 οι)
1990 4969 2131 5022 bona
2158 4983 2323 5038 opera
2350 4984 2471 5039 quae
2499 4970 2668 5024 edidit
2696 4971 2936 5040 postulat
2961 4969 3204 5024 exaudiri
3235 4965 3457 5022 δεδαι-

1880 5076 1998 5112 eum
2030 5060 2116 5127 fac
2149 5076 2352 5114 servum
2397 5070 2565 5126 tuum,
2594 5061 2735 5114 Deus
2772 5076 2936 5122 meus,
2978 5067 3274 5128 sperantem
3303 5057 3359 5110 in
3389 5068 3456 5111 te.
3471 5048 3488 5114 ι’

1880 5148 2174 5219 Postquam
2224 5165 2282 5206 se
2320 5161 2568 5206 sanctum
2620 5167 2741 5205 esse
2787 5151 2943 5215 dixit,
2974 5150 3042 5203 ad
3094 5149 3456 5204 humilitatem

1885 5257 2103 5297 rursum
2143 5257 2452 5297 sermonem
2483 5242 2767 5309 convertit,
2803 5256 3021 5297 servum
3063 5256 3183 5296 sese
3229 5240 3461 5295 Domino

1883 5335 2182 5398 ascribens,
2217 5345 2380 5404 atque
2413 5350 2563 5406 spem
2599 5333 2790 5391 salutis
2826 5333 2882 5389 in
2927 5334 3078 5389 illum
3110 5342 3321 5389 tantum
3361 5334 3456 5387 ba-

1882 5427 2012 5483 bere
2035 5443 2096 5483 se
2122 5427 2442 5484 testiﬁcatus

267 5691 378 5764 (38)
420 5691 601 5748 Locus
645 5702 954 5766 suspectus,
984 5703 1065 5750 est
1110 5695 1165 5750 in
1211 5709 1318 5750 uno
1349 5701 1555 5750 tantum
1586 5697 1769 5756 codice
1807 5699 2029 5756 nomine
2051 5697 2368 5753 Athanasii.

927 5872 959 5912 δ
