3778 6276
341 248 442 304 375

411 365 462 416 5.
505 360 750 414 Miserere
777 359 897 424 mei,
929 358 1168 427 Domine,
1195 363 1443 432 quoniam
1477 363 1543 415 ad
1572 370 1618 415 te
1642 362 1901 416 clamabo.
1933 366 1978 421 Α

343 452 607 505 Doccmur
632 450 800 513 hisce,
832 465 954 504 eum
978 452 1069 521 qui
1094 467 1124 506 a
1153 450 1262 506 Deo
1288 452 1572 522 quidpiam,
1595 452 1721 506 boni
1761 452 1904 507 acci-

343 557 467 611 pere
496 542 748 605 voluerit,
784 541 981 596 debere
1026 543 1365 600 incessanter
1398 545 1452 598 in
1496 544 1747 615 precibus
1779 559 1904 598 ver-

341 635 475 688 sari.

410 724 462 779 5.
507 723 768 789 Quoniam
801 735 879 792 tu,
907 725 1146 790 Domine,
1167 728 1341 781 suavis
1367 737 1414 782 et
1441 729 1606 782 mitis.
1625 727 1789 782 Docet
1809 741 1903 782 eos

341 817 432 885 qui
465 819 529 870 ad
559 817 726 871 Deum
751 818 1035 882 accedunt,
1057 827 1204 873 utne
1231 819 1378 873 anxii
1410 820 1539 878 sint.
1559 821 1602 874 si
1631 820 1771 874 dona
1794 828 1906 872 tan.

342 908 506 975 tisper
527 908 757 961 ditIerat.
787 908 900 962 Erit
928 911 1126 978 quippe
1157 910 1584 979 illis'prOpitius,
1605 918 1790 980 utpote
1810 909 1902 980 qui

339 1009 654 1054 mansuetus
688 999 758 1054 sit
788 1008 843 1054 et
873 999 1023 1053 dives
1055 1000 1107 1052 in
1141 1000 1535 1058 misericordia.

407 1173 460 1228 8.
503 1173 627 1229 Non
655 1186 732 1230 est
759 1177 950 1234 similis
995 1178 1074 1230 tui
1113 1178 1168 1230 in
1195 1178 1321 1244 diis,
1358 1177 1596 1232 Domine.
1640 1176 1776 1232 Deos
1804 1190 1902 1230 vo-

337 1276 423 1321 cat
476 1277 693 1322 sanctos
730 1267 1020 1337 prOphetas
1066 1268 1134 1323 ad
1182 1284 1323 1339 quos
1369 1286 1549 1324 sermo
1579 1268 1794 1323 Domini
1823 1269 1904 1323 la-

336 1369 476 1414 ctus.
504 1361 594 1415 Ait
619 1369 796 1418 autem
829 1361 1098 1416 neminem
1128 1363 1510 1432 prophetarum
1551 1363 1792 1431 potuisse
1831 1361 1900 1415 li-

335 1450 526 1506 berare
570 1452 818 1506 homines
851 1467 882 1504 a
910 1462 1155 1521 peccato,
1201 1453 1305 1509 nisi
1362 1454 1537 1508 solum
1587 1453 1899 1517 Dominum,

331 1541 487 1609 juxta
529 1540 581 1594 id
621 1541 765 1610 quod
809 1543 939 1596 alibi
982 1543 1188 1598 dictum
1219 1553 1344 1598 est:
1383 1542 1505 1596 Non
1549 1544 1770 1614 legatus,
1797 1559 1901 1598 non

337 1631 571 1701 angelus,
604 1632 694 1686 sed
725 1633 831 1701 ipse
864 1632 1120 1689 Dominus
1149 1635 1370 1689 salvavit
1405 1653 1498 1690 nos
1519 1636 1582 1689 ¹⁸.

407 1809 491 1864 ii.
534 1808 762 1864 Laetetur
787 1825 877 1862 cor
907 1827 1077 1864 meum
1105 1820 1161 1864 ut
1185 1813 1366 1866 timeat
1399 1829 1585 1866 nomen
1611 1811 1900 1878 tuum.Qui

333 1902 528 1970 pietate
579 1915 704 1973 erga
755 1903 922 1958 Deum
976 1904 1278 1972 instructus
1311 1914 1414 1968 est,
1452 1905 1746 1975 legitimum
1779 1909 1902 1960 vitae

333 1996 638 2049 institutum
681 1999 1042 2066 amplectitur.
1075 1997 1396 2062 Huiusmodi
1424 2007 1604 2052 autem
1649 2000 1756 2053 vita
1787 2012 1901 2050 ma-

331 2096 415 2139 ter
460 2096 543 2142 est
592 2088 807 2145 laetitiae.
836 2091 1026 2146 Merito
1078 2092 1262 2161 itaque
1300 2089 1568 2160 Propheta
1617 2090 1801 2144 divino
1841 2086 1903 2143 ti-

335 2192 485 2231 more
531 2193 626 2232 cor
679 2195 837 2236 suum
885 2181 1145 2236 laetiﬁcari
1197 2196 1354 2250 posse
1384 2180 1608 2249 putavit.
1644 2178 1721 2235 ita
1755 2179 1898 2234 enim

331 2267 458 2320 alibi
496 2283 714 2342 quoque
740 2271 815 2323 ait
835 2270 878 2302 “
908 2290 920 2325 :
957 2271 1194 2328 Lwtetur
1223 2288 1312 2324 cor
1344 2271 1689 2341 quwrentium
1718 2269 1901 2324 Domi-

331 2375 473 2424 nunt,
497 2370 552 2415 ct
579 2361 828 2416 iterum"
855 2377 870 2417 :
901 2362 1100 2417 Memor
1121 2364 1203 2433 fui
1235 2363 1350 2428 Dei,
1370 2375 1417 2418 et
1450 2362 1736 2417 delectatus
1760 2377 1896 2415 sum.

401 2536 484 2596 i2.
500 2538 797 2606 Confitebor
820 2538 935 2602 tibi,
959 2537 1176 2590 Domine
1201 2536 1340 2590 Deus
1360 2551 1524 2598 meus,
1551 2536 1604 2587 in
1623 2541 1726 2586 tote
1747 2533 1900 2585 corde

331 2646 467 2691 meo.
524 2629 727 2684 Mutata
755 2640 977 2700 repente
1002 2632 1248 2684 oratione
1279 2630 1333 2682 in
1363 2627 1765 2684 confessionem
1786 2666 1802 2692 ,
1836 2640 1900 2680 eo

331 2722 472 2790 quod
510 2722 774 2776 liberatus
804 2720 970 2774 fuerit
999 2721 1068 2775 ab
1092 2719 1307 2775 inferno
1328 2760 1344 2785 ,
1396 2734 1620 2774 causam
1654 2718 1902 2773 enuntiat

330 2828 429 2866 cur
459 2814 785 2882 peccaverit,
820 2813 1052 2868 insidias
1082 2812 1377 2867 multorum
1409 2820 1575 2882 atque
1598 2811 1898 2881 potentium

331 2919 768 2960 commemorans
793 2947 807 2970 ,
847 2905 1024 2974 iisque
1054 2903 1386 2958 adumbrans
1416 2902 1716 2958 invisibiles
1744 2911 1899 2972 pote-

329 3006 522 3065 states,
549 3013 671 3067 qua:
697 2996 870 3051 Deum
901 3005 1026 3052 ante
1060 2997 1252 3051 oculos
1283 3011 1393 3050 non
1425 2996 1787 3050 constituunt.
1818 2993 1896 3050 Tu

331 3099 536 3155 autem,
572 3088 822 3154 Domine,
856 3089 952 3154 ait,
985 3087 1310 3143 concessisti
1340 3102 1403 3141 ea
1430 3102 1550 3156 quae
1579 3086 1801 3140 minime
1823 3085 1895 3139 illi

331 3180 736 3250 exspectabant,
760 3188 852 3234 tua
879 3179 1166 3234 clementia
1193 3179 1430 3234 liberans
1459 3178 1696 3232 animam
1724 3193 1898 3233 meam

333 3287 396 3326 cx
449 3270 663 3325 interno
721 3270 991 3328 inferiori.
1059 3270 1184 3327 Haec
1243 3279 1425 3326 autem
1472 3270 1604 3326 dicit
1648 3270 1899 3324 Christus

334 3343 640 3418 astantibus
671 3365 891 3435 regibus
940 3374 1097 3420 terra:
1129 3374 1184 3420 et
1216 3364 1552 3436 principibus
1593 3364 1797 3419 coactis
1845 3363 1898 3417 in

335 3473 503 3511 unum
535 3468 724 3514 contra
761 3458 963 3528 ipsum.

411 3550 490 3604 l5.
560 3549 698 3615 Quia
756 3552 1122 3606 misericordia
1154 3562 1246 3607 tua
1277 3569 1467 3623 magna
1496 3563 1574 3606 est
1609 3569 1766 3623 super
1799 3569 1897 3608 me.

332 3641 500 3708 Quasi
555 3645 668 3714 jam
702 3655 1034 3702 consecutus
1081 3648 1227 3718 quod
1283 3648 1534 3717 precibus
1584 3647 1898 3718 postulavit,

334 3752 590 3806 magnam
625 3736 718 3792 Dei
754 3739 1188 3795 misericordiam
1225 3755 1283 3793 se
1317 3740 1370 3794 in
1424 3741 1616 3795 saecula
1649 3740 1902 3794 laudatu-

334 3843 455 3880 rum
485 3829 582 3893 ait,
637 3830 765 3900 quia
800 3847 990 3886 eorum
1025 3831 1238 3888 animas
1271 3831 1338 3886 de
1365 3847 1531 3886 manu
1567 3829 1724 3887 inferi
1765 3832 1901 3886 libe-

331 3918 492 3972 ravit.

408 4010 494 4064 M.
535 4009 716 4076 Deus,
773 4013 944 4083 iniqui
998 4013 1398 4068 insurrexerunt
1446 4031 1600 4083 super
1650 4031 1748 4069 mc.
1809 4014 1903 4070 His

333 4102 575 4157 Ostendit
631 4119 690 4160 se
749 4103 804 4161 in
865 4116 1148 4175 peccatum
1200 4106 1333 4161 illud
1385 4107 1663 4177 delapsum
1713 4107 1900 4164 fuisse.

333 4193 623 4259 Quomodo
652 4203 830 4249 autem
854 4238 866 4258 ,
893 4197 995 4252 nisi
1029 4199 1156 4268 quia
1193 4214 1466 4270 synagoga
1509 4188 1906 4269 quaedam'ma—

334 4286 602 4354 lignorum
628 4288 918 4357 spirituum
949 4290 1270 4356 insurrexit,
1300 4299 1355 4345 et
1384 4292 1750 4362 supplantavit
1779 4308 1906 4348 eum

335 4393 403 4432 ne
435 4379 652 4434 virtutis
685 4397 905 4439 cursum
949 4384 1195 4439 teneret?

409 4469 495 4532 15,
531 4470 616 4524 16.
655 4472 720 4524 Et
748 4484 804 4527 tu
826 4515 841 4538 ,
872 4474 1093 4530 Domine
1128 4475 1269 4532 Deus
1303 4495 1471 4543 meus,
1516 4480 1830 4546 miserator,
1863 4489 1910 4534 et

337 4561 634 4614 misericors
660 4603 674 4627 ,
709 4550 815 4645 etc.
854 4565 1118 4635 Etiamsi,
1158 4571 1372 4642 inquit,
1411 4573 1820 4644 insurgentibus
1855 4575 1948 4645 in.

336 4666 423 4729 pic
454 4637 1046 4734 malignisospiritibus,
1080 4661 1133 4714 in
1166 4672 1449 4731 peceatum
1484 4666 1725 4734 dejectus
1763 4682 1908 4729 sum,

337 4757 400 4794 ac
434 4758 529 4812 per
561 4743 694 4798 illud
730 4747 783 4800 in
821 4748 1093 4804 internum
1130 4754 1281 4808 illum
1328 4755 1664 4820 inferiorem,
1731 4758 1824 4812 sed
1853 4767 1910 4812 tu

337 4832 453 4902 ipse
473 4875 488 4899 ,
526 4834 752 4892 Domine
775 4881 790 4904 ,
823 4848 945 4894 tuas
976 4842 1096 4896 illas
1129 4845 1504 4902 miserationes
1537 4849 1588 4901 in
1620 4864 1706 4902 me
1735 4849 1910 4904 eﬂun-

338 4924 473 4979 dens
503 4927 745 4984 liberasti
775 4931 1014 4986 animam
1051 4949 1264 4998 meam;
1300 4954 1470 5006 quare
1496 4955 1716 4994 rursum
1751 4941 1912 4995 mise-

338 5017 630 5074 ricordiam
659 5023 894 5092 postulo.
932 5023 1121 5082 Veniet
1141 5036 1319 5083 autem
1353 5030 1486 5084 milii
1510 5030 1905 5096 misericordia,

336 5125 459 5161 eum
491 5128 575 5164 me
607 5116 885 5183 respicias.

415 5201 498 5256 Π.
537 5203 648 5259 Fac
685 5225 885 5263 mecum
914 5211 1125 5281 signum
1159 5213 1212 5266 in
1243 5211 1455 5268 bonum.
1511 5212 1664 5270 Sicut
1689 5217 1820 5270 olim
1857 5217 1911 5271 in

341 5291 578 5366 {Egypto
613 5300 738 5354 tiliis
775 5300 940 5357 Israel
975 5303 1190 5375 signum
1215 5305 1363 5361 dedit
1397 5305 1678 5370 Dominus,
1713 5315 1772 5360 ut
1803 5321 1912 5360 non

343 5383 780 5451 l:e.l::rentur.,ab
821 5396 1274 5461 exterminatore;
1327 5395 1398 5452 ita
1443 5405 1498 5451 et
1543 5395 1646 5451 sibi
1694 5395 1907 5466 signum

1141 243 1197 298 S.
1237 243 1609 300 ATHANASH
1649 242 1799 299 OPP.
1840 242 2019 298 PARS
2058 242 2144 298 Ill.
2189 274 2257 284 —
2293 241 2703 298 EXEGETICA.

3461 237 3586 293 576

2087 359 2379 428 Ἐλέησόν
2423 375 2521 446 με,
2552 358 2748 424 Κύριε,
2775 355 2862 408 ὅτι
2909 352 3058 424 πρὸς
3082 352 3156 406 σὲ
3186 351 3578 422 κεκράξομαιο

2004 452 2250 505 Διδάσκει
2280 443 2432 522 ἡμᾶς
2459 452 2486 503 ὁ
2522 450 2697 517 λόγος,
2739 447 2813 510 ὼς
2868 445 2956 499 τὸν
2995 443 3314 515 βουλόμενόν
3342 460 3394 496 τι
3416 443 3584 515 παρὰ

2003 541 2096 593 τοῦ
2122 540 2253 594 Θεοῦ
2269 541 2451 594 λαϐεῖν
2472 539 2696 612 ἀγαθὸν,
2718 536 3057 594 ἀδιάλειπτον
3076 535 3155 590 δεῖ
3169 531 3374 588 εἷναιέν
3400 551 3582 606 προσ-

2004 633 2208 700 ευχαῖς.

2077 723 2200 775 Ὅτι
2223 721 2323 786 σὺ,
2356 723 2549 790 Κύριε,
2572 721 2836 789 χρηστὸς
2863 717 2959 771 καὶ
2999 714 3281 780 ἐπιεικής.
3316 715 3577 768 Διδάσκει

2002 811 2127 873 τοὺς
2148 811 2612 881 προσερχομένους
2643 808 2762 878 Θεῷ
2811 807 2883 879 μὴ
2935 807 3179 876 ἁκηδιᾷν,
3207 807 3253 857 εί
3291 807 3384 857 καὶ
3429 805 3576 876 πρὸς

2003 900 2179 968 ὀλίγον
2231 902 2329 972 τὴν
2377 903 2520 955 δόσιν
2571 900 2946 954 ἀναϐάλλεται.
2980 898 3301 968 Ἔσταιγάρ
3345 899 3576 960 παντως

2002 994 2182 1056 αὐτοῖς
2216 993 2467 1063 ἐπήκοος,
2518 992 2612 1045 ἆτε
2660 989 2893 1062 χρηστὸς
2933 989 3006 1042 ὢν
3055 991 3148 1042 καὶ
3179 989 3312 1042 πολὺ
3339 988 3457 1041 λίαν
3485 989 3571 1050 εἰς

2001 1084 2147 1146 ἕλεος
2180 1084 2447 1146 πλούσιος.

2074 1177 2193 1230 Οὐκ
2219 1175 2388 1228 ἐστιν
2409 1175 2607 1244 ὅμοιός
2636 1190 2732 1229 σοι
2761 1174 2830 1227 ἐν
2859 1172 3033 1238 θεοῖς,
3063 1173 3257 1240 Κύριε.
3279 1171 3444 1233 Θεοὺς
3466 1170 3570 1240 μὲν

2001 1269 2108 1340 γὰρ
2137 1271 2260 1333 τοὺς
2293 1269 2477 1337 ἁγίους
2508 1269 2787 1339 προφήτας
2842 1267 2994 1337 φησὶ,
3037 1266 3173 1338 πρὸς
3219 1263 3310 1328 οὓς
3339 1266 3366 1318 ὁ
3409 1263 3572 1332 λόγος

1999 1359 2092 1413 τοῦ
2111 1359 2244 1412 Θεοῦ
2276 1361 2508 1428 ἐγένετο.
2536 1361 2695 1428 Λέγει
2721 1360 2800 1428 δέ,
2833 1361 2913 1414 ὄτι
2945 1358 3116 1420 οὐδεὶς
3135 1356 3242 1410 τῶν
3273 1355 3572 1427 προφητῶν

2001 1450 2273 1516 ἐξελέσθαι
2302 1453 2426 1515 τοὺς
2479 1451 2794 1522 ἀνθρώπους
2831 1451 2930 1522 τῆς
2982 1450 3252 1520 ἁμαρτίας
3283 1448 3498 1517 ἴσχυσεν
3533 1445 3568 1516 ἢ

2003 1541 2161 1611 μόνος
2188 1541 2347 1606 αὐτὸς
2375 1543 2402 1593 ὁ
2431 1541 2652 1614 Κύριος,
2684 1541 2825 1596 κατά
2877 1542 2937 1594 τὸ
2987 1539 3274 1612 εἰρημένον
3304 1535 3567 1608 ἀλλαχοῦ·

2003 1637 2083 1689 Οὐ
2115 1635 2400 1703 πρέσϐυς,
2438 1639 2548 1690 οὐκ
2599 1634 2868 1705 ἅγγελος,
2911 1634 3048 1688 ἀλλ’
3090 1631 3271 1696 αὐτὸς
3302 1633 3333 1684 ό
3356 1630 3574 1697 Κύριος

1929 1707 1971 1762 Β
1997 1725 2230 1780 ἔσωσεν
2253 1726 2429 1795 ἡμᾶς.

2069 1818 2472 1888 Εὐφρανθήτω
2511 1817 2548 1883 ἡ
2588 1817 2798 1885 καρδία
2839 1834 2978 1885 μου,
3032 1815 3138 1869 τοῦ
3170 1814 3474 1884 φοϐεῖσθαι
3500 1812 3574 1865 τὸ

2000 1910 2184 1980 ὄνομά
2214 1925 2350 1964 σου.
2388 1911 2446 1962 '0
2479 1908 2576 1979 τὴν
2604 1909 2733 1980 περὶ
2759 1909 2890 1962 Θεὸν
2917 1907 3198 1961 εὐλάϐειαν
3234 1903 3574 1976 κεκτημένος

1997 2003 2096 2073 τὴν
2125 2003 2344 2073 ἔννομον
2375 2001 2681 2065 ἀσπάζεται
2726 2000 3018 2053 πολιτείαν.
3048 1999 3246 2068 Μήτηρ
3281 1997 3338 2049 δέ
3375 1998 3575 2064 εὐφρο-

2001 2094 2221 2166 σύνηςὴ
2251 2093 2470 2165 τοιαύτη
2507 2092 2636 2164 ζωή.
2685 2093 2923 2155 Εἰκότως
2979 2090 3158 2144 τοίνυν
3207 2091 3236 2142 ὁ
3289 2089 3574 2159 προφήτης

1997 2185 2074 2257 τῷ
2104 2186 2254 2257 φόϐῳ
2276 2186 2372 2257 τὴν
2404 2185 2608 2239 οἰκείαν
2638 2184 3002 2256 εὐφρανθῆναι
3025 2181 3249 2254 καρδίαν
3285 2179 3576 2233 ὑπώπτευο

2001 2294 2111 2332 σεν.
2146 2277 2303 2331 Οὕτω
2350 2277 2459 2348 γὰρ
2514 2276 2609 2329 καὶ
2655 2274 2887 2345 ἀλλαχοῦ
2941 2289 3123 2345 φησιν’
3167 2267 3574 2341 Εὐφρανθήτω

1998 2368 2210 2438 καρδία
2230 2369 2558 2437 ζητούντων
2604 2368 2711 2420 τὸν
2746 2369 2980 2435 Κύριον·
3013 2369 3108 2420 καὶ
3146 2366 3325 2422 πάλιν·
3363 2362 3574 2433 Ἐμνή-

1997 2465 2157 2530 σθην
2185 2462 2290 2516 τοῦ
2328 2462 2496 2526 Θεοῦ,
2526 2461 2621 2515 καὶ
2653 2459 3013 2530 εὐφράνθην.
3291 2457 3298 2475 ’

2081 2554 2631 2624 Ἐξομολογήσομαί
2683 2570 2803 2618 σοι,
2852 2554 3030 2621 Κύριε
3061 2555 3093 2606 ό
3143 2553 3287 2617 Θεός
3309 2567 3447 2619 μου,
3499 2548 3576 2602 ἐν

1999 2647 2111 2716 ὅλῃ
2139 2646 2348 2715 καρδίᾳ
2367 2664 2504 2716 μου.
2556 2645 2892 2701 Μεταϐαλὼν
2923 2646 3022 2718 τὴν
3080 2643 3387 2714 προσευχὴν
3413 2639 3575 2704 εὐθὺς

1999 2741 2079 2803 εἰς
2103 2739 2508 2811 ἐξομολόγησιν,
2541 2739 2624 2808 ἐφ’
2675 2735 2757 2802 οἷς
2805 2736 3044 2811 ἐρῤύσθη
3070 2735 3163 2790 τοῦ
3192 2736 3340 2808 ᾅδου,
3366 2734 3462 2805 τὴν
3487 2734 3576 2787 αι-

1998 2834 2119 2887 τίαν
2149 2832 2544 2905 ἐξαγορεύειδι’
2567 2833 2634 2905 ἣν
2663 2833 2900 2904 ἥμαρτε,
2931 2831 3103 2900 λέγων
3134 2829 3422 2899 ἐπιϐουλὴν
3449 2827 3578 2880 πολ-

1999 2927 2103 2980 λῶν
2124 2944 2183 2980 τε
2208 2927 2303 2980 καὶ
2337 2925 2630 2997 κραταιῶν,
2661 2925 3024 2994 αἰνιττόμενος
3055 2922 3152 2985 τὰς
3193 2922 3454 2993 ἀοράτους
3483 2918 3577 2972 δυο

1926 3044 1968 3101 C
1999 3021 2211 3092 νάμεις,
2251 3019 2325 3090 μὴ
2356 3018 2589 3089 θεμένας
2634 3017 2740 3088 πρὸ
2792 3017 2899 3069 τῶν
2930 3014 3222 3086 ὀφθαλμῶν
3277 3012 3367 3065 τὸν
3420 3009 3575 3066 Θεόν.

2005 3114 2076 3166 Σὺ
2105 3113 2182 3175 δὲ,
2213 3111 2407 3182 Κύριε,
2438 3110 2623 3180 φησιν,
2655 3109 2797 3179 ἅπερ
2831 3110 3027 3160 ἐκεῖνοι
3070 3106 3142 3177 μὴ
3172 3103 3578 3176 προσεδόκησαν

2007 3204 2406 3277 συνεχώρησας,
2461 3203 2762 3276 ῥυσάμενος
2807 3201 2907 3271 τὴν
2968 3199 3146 3269 ψυχήν
3207 3214 3306 3268 μου
3357 3195 3414 3261 ἐξ
3449 3193 3580 3264 ᾅδου

2005 3298 2317 3352 κατωτὰτου
2340 3293 2724 3370 φιλανθρωπίᾳ
2751 3296 2816 3363 τῇ
2857 3294 2946 3362 σῇ.
2979 3291 3140 3358 Λέγει
3164 3290 3221 3342 δὲ
3257 3287 3427 3342 ταῦτα
3447 3287 3582 3357 Χρι-

2007 3391 2149 3456 στὸς,
2182 3390 2576 3464 παραστάντων
2600 3386 2706 3440 τῶν
2743 3383 3004 3454 βασιλέων
3055 3383 3154 3451 τῆς
3180 3381 3304 3450 γῆς,
3333 3380 3424 3433 καὶ⁸
3469 3377 3584 3431 τῶν

2004 3483 2278 3553 ἀρχόντων
2307 3478 2677 3549 συναχθέντων
2717 3478 2809 3529 ἐπὶ
2835 3477 2895 3528 τὸ
2928 3473 3059 3527 αὐτὸ
3088 3475 3208 3526 κατ’
3229 3470 3416 3526 αὑτοῦ.

2079 3572 2206 3625 "Ott
2242 3569 2308 3623 τὸ
2343 3570 2516 3632 ἔλεός
2559 3583 2675 3620 σου
2718 3565 2872 3635 μέγα
2916 3565 3008 3618 ἐπ’
3058 3562 3180 3633 ἐμέ.
3227 3562 3314 3624 Ὠς
3371 3560 3468 3630 ἤδη
3499 3559 3584 3622 είς

2007 3661 2180 3733 πέρας
2229 3659 2408 3713 αὐτῶν
2458 3657 2718 3728 ἀχθείσης
2769 3656 2870 3726 τῆς
2924 3653 3254 3726 προσευχῆς,
3315 3650 3376 3704 τὸ
3437 3650 3583 3720 μέγα

2006 3753 2152 3815 ἕλεος
2173 3751 2266 3805 τοῦ
2293 3750 2428 3803 Θεοῦ
2452 3752 2532 3813 είς
2554 3751 2680 3811 τοὺς
2705 3747 2907 3810 αἰῶνας
2929 3746 3162 3800 αἰνέσειν
3196 3743 3376 3814 φησίν’
3411 3743 3489 3794 ὅτι
3513 3739 3585 3814 δὴ

2009 3845 2103 3899 καὶ
2128 3843 2309 3898 αὐτῶν
2339 3844 2403 3897 ἐκ
2437 3842 2618 3914 χειρὸς
2651 3841 2778 3913 ᾂδου
2805 3840 2904 3904 τὰς
2931 3839 3106 3910 ψυχὰς
3135 3835 3520 3907 ἠλευθέρωσεν.

2055 4021 2117 4072 '0
2134 4017 2298 4084 Θεὸς.
2318 4014 2643 4085 παράνομοι
2661 4015 3090 4081 ἐπανέστησαν
3107 4011 3198 4065 ἐπ’
3209 4009 3326 4080 ἐμέ.
3341 4007 3591 4062 Δείκνυσι

2009 4110 2098 4164 διὰ
2121 4108 2345 4171 τούτων,
2363 4108 2439 4171 ὡς
2476 4108 2555 4171 εἰς
2586 4105 2681 4177 τὴν
2715 4105 2988 4176 ἁμαρτίαν
3021 4104 3234 4172 ἐκείνην
3265 4100 3587 4157 κατέπεσεν.

2012 4203 2136 4266 Πῶς
2167 4201 2246 4264 δὲ,
2280 4201 2314 4272 ἦ
2343 4203 2406 4254 ἐκ
2422 4197 2518 4252 τοῦ
2546 4198 2868 4268 συναγωγήν
2908 4212 3030 4249 τινα
3070 4191 3320 4264 πονηρῶν
3346 4190 3590 4260 πνευμὼ

2013 4313 2122 4350 των
2148 4294 2524 4365 ἐπαναστῆναι
2587 4291 2680 4346 καὶ
2729 4288 3083 4345 ὑποσκελίσαι
3117 4287 3280 4342 αὐτὸν
3323 4285 3418 4340 τοῦ
3464 4286 3592 4338 κατ’

1939 4385 1982 4440 D
2011 4387 2210 4460 ἀρετὴν
2244 4387 2439 4459 δρόμου
2456 4403 2472 4451 ;

2083 4481 2192 4534 Καὶ
2251 4479 2354 4545 σὺ,
2404 4480 2580 4554 Κύριε
2630 4480 2663 4532 ό
2723 4479 2867 4541 Θεος
2907 4491 3048 4544 μου,
3121 4472 3430 4540 οἰκτίρμων
3485 4470 3585 4524 καὶ

2012 4571 2299 4641 ἐλεήμων.
2331 4571 2393 4624 El
2445 4571 2560 4634 καὶ,
2612 4565 3027 4622 ἐπαναστάντων
3062 4581 3150 4634 μοι
3182 4562 3289 4615 τῶν
3338 4559 3590 4629 πονηρῶν

2015 4665 2363 4733 πνευμάτων,
2396 4663 2550 4731 φησι,
2577 4658 2914 4729 κατηνέχθην
2951 4659 3030 4719 είς
3063 4655 3355 4728 ἁμαρτίαν,
3380 4655 3473 4707 καὶ
3515 4652 3588 4705 δι’

2014 4756 2183 4825 αὐτῆς
2227 4757 2307 4818 είς
2349 4755 2438 4807 τὸν
2500 4752 2854 4824 προκείμενον
2907 4749 3217 4804 κατώτατον
3267 4748 3416 4819 ᾅδην·
3453 4744 3592 4800 ἀλλά

2017 4848 2103 4909 σὺ,
2133 4846 2326 4916 Κύριε,
2357 4845 2538 4909 αὐτὸς,
2571 4846 2697 4908 τοὺς
2741 4843 2972 4906 οἰκείους
3012 4841 3324 4912 οἰκτιρμοὺς
3357 4839 3452 4892 καὶ
3497 4837 3588 4889 ἐπ’

2016 4939 2136 5009 ἐμοὶ
2164 4937 2508 5008 ἐφαπλώσας,
2539 4938 2755 5010 app-saw
2789 4937 2885 5007 τὴν
2909 4936 3084 5006 ψυχήν
3120 4949 3237 5004 μου
3265 4931 3342 4984 διὸ
3366 4929 3456 4983 καὶ
3483 4927 3589 4983 πά-

2014 5030 2097 5084 λιν
2131 5031 2396 5084 ἐλεεῖσθαι
2431 5029 2645 5096 egeno.
2698 5030 2888 5082 Ἔσται
2939 5027 2996 5080 δέ
3035 5043 3123 5097 μοι
3149 5027 3176 5078 ό
3202 5023 3349 5085 ἕλεος
3379 5020 3465 5074 διὰ
3491 5019 3588 5074 τοῦ

2017 5121 2306 5192 ἐπιϐλέψαι
2341 5139 2398 5175 σε
2424 5124 2502 5186 εἰς
2523 5123 2636 5193 ἐμέ.

2085 5216 2353 5282 Ποίησον
2383 5217 2510 5284 μετ’
2533 5214 2679 5286 ἐμοῦ
2706 5212 2959 5283 σημεῖον
2992 5213 3077 5275 εἰς
3098 5206 3339 5277 ἀγαθόν.
3377 5205 3586 5275 Ὠσπερ

2016 5304 2183 5359 πάλαι
2232 5306 2291 5359 ἐν
2336 5304 2598 5376 Αἰγύπτῳ
2655 5307 2765 5366 τοῖς
2810 5302 2945 5364 υἱοῖς
2998 5297 3211 5369 Ἰσραὴλ
3250 5297 3472 5366 σημεῖον
3499 5292 3586 5346 δέ·

2013 5397 2185 5453 δωκεν
2216 5399 2245 5451 ό
2273 5396 2426 5462 Θεὸς,
2450 5395 2544 5454 τοῦ
2574 5396 2648 5467 μὴ
2695 5391 3012 5466 ἀδικηθῆναι
3058 5387 3254 5453 αὐτοὺς
3303 5385 3453 5458 παρά
3489 5383 3582 5439 τοῦ

427 5651 469 5688 ⁸⁸
496 5657 600 5720 lsa.
636 5679 829 5722 xxxiii.
863 5667 917 5734 2,
997 5670 1038 5700 ιθ
1080 5666 1222 5724 Psal.
1258 5683 1363 5728 ειν.
1395 5667 1444 5722 3.
1525 5669 1568 5704 "
1610 5667 1755 5724 Psal.
1791 5685 1975 5730 tum.
2003 5669 2058 5726 2.
