3778 6276
427 302 534 361 579

485 422 534 472 in
570 418 788 476 inferno
823 435 981 476 erant
1012 424 1396 494 prmdicasset,
1443 427 1596 483 daret
1627 431 1983 486 resurrectio—
2010 437 2058 493 Α

485 527 630 565 nem.
679 513 849 568 Deﬂet
878 524 1055 569 autem
1091 515 1392 573 Jerusalem
1415 559 1430 584 ,
1460 531 1645 590 utpote
1675 539 1796 593 qua:
1829 525 1981 579 exci-

485 605 703 659 disseta
733 622 826 675 spe
854 606 906 660 in
946 608 1147 677 ipsum.
1181 611 1300 680 Ipsa
1331 622 1510 668 autem
1541 613 1841 671 Jerusalem
1869 617 1983 672 sive

485 697 743 766 populus,
767 700 893 753 olim
920 716 1016 755 ceu
1045 703 1264 772 quidam
1293 706 1493 762 chorus
1518 719 1654 775 erat,
1681 711 1980 765 secundum

479 789 621 858 quod
652 793 823 858 portio
847 802 901 846 et
927 809 1048 848 sors
1072 795 1190 864 ejus
1237 800 1688 869 nuncupabatur;
1719 803 1984 872 quamob-

484 897 597 935 rem
644 899 742 952 pro
778 884 1042 940 Maheleth
1078 888 1374 959 inscriptus
1407 902 1489 947 est
1520 895 1799 962 psalmus,
1835 896 1982 967 quod

481 972 702 1039 dicitur,
735 976 950 1032 chorea:
985 980 1098 1034 sive
1127 981 1302 1038 chori.
1352 982 1622 1050 Quoniam
1657 997 1837 1042 autem
1863 1005 1985 1059 pro-

485 1064 714 1120 fundum
760 1078 844 1123 est
887 1069 1087 1126 Christi
1120 1075 1437 1144 mysterium
1466 1120 1481 1144 ,
1515 1081 1670 1135 valde
1716 1082 1898 1136 subtili
1931 1092 1985 1138 et

487 1161 757 1230 spirituali
792 1176 969 1220 mente
995 1182 1131 1236 opus
1164 1178 1249 1223 est
1277 1171 1344 1226 ad
1379 1173 1507 1229 illud
1535 1174 1938 1246 intelligendum
1965 1197 1979 1246 ;

488 1268 691 1322 quare,
750 1255 1092 1326 Intellectus,
1144 1261 1479 1321 inscribitur.
1545 1266 1754 1322 Dicitur
1801 1279 1981 1324 autem

479 1347 725 1411 psalmus
755 1347 954 1403 Eman
983 1367 1104 1406 esse
1125 1394 1138 1417 ,
1174 1354 1226 1407 in
1260 1354 1494 1426 Egypto
1517 1373 1546 1411 a
1570 1358 1752 1431 Moyse
1786 1359 1979 1416 factus.

482 1434 581 1491 llic
613 1450 794 1492 autem
821 1438 1022 1496 Eman
1057 1461 1224 1514 nepos
1251 1457 1370 1502 erat
1397 1448 1612 1504 lsraelis
1635 1493 1648 1517 ,
1681 1460 1864 1522 utpote
1887 1455 1980 1522 qui

477 1527 831 1586 descenderet
863 1548 931 1588 ex
990 1534 1153 1604 Zara,
1205 1540 1452 1610 quierat
1505 1543 1649 1600 ﬁlius
1700 1545 1852 1602 Juda:
1886 1548 1982 1604 ﬁlii

475 1616 710 1670 lsraelis.

499 1621 710 1673 sraelis.

476 1709 532 1764 2.
572 1710 788 1768 Domine
849 1715 983 1771 Deus
1033 1725 1223 1776 salutis
1273 1741 1432 1792 mea,
1501 1731 1553 1781 in
1604 1730 1689 1784 die
1734 1733 1980 1788 clamavi.

412 1797 607 1868 Utpote
627 1803 838 1872 bonus,
876 1822 1001 1862 cum
1026 1810 1230 1867 videret
1254 1816 1438 1884 populi
1476 1818 1685 1888 lapsum
1726 1831 1779 1875 et
1820 1822 1980 1877 disci-

409 1891 520 1959 puli
553 1896 842 1962 perniciem
867 1941 883 1965 ,
933 1916 1120 1970 preces
1153 1920 1250 1973 pro
1286 1901 1353 1961 iis
1377 1907 1606 1965 eﬂ'undit
1631 1911 1697 1965 ad
1738 1911 1977 1979 Patrem,

410 1990 486 2047 ut,
532 1985 897 2056 improbitatis
941 1993 1162 2049 minime
1190 1999 1504 2069 participes,
1537 2002 1765 2058 salutem
1800 2015 1854 2059 et
1876 2006 1979 2076 ipsi

407 2087 498 2140 per
526 2091 648 2130 eum
685 2082 1152 2139 nanciscerentur.

471 2257 526 2310 ι.
571 2260 709 2324 Quia
756 2263 952 2332 repleta
980 2275 1057 2319 est
1100 2267 1254 2320 malis
1293 2271 1474 2324 anima
1526 2289 1662 2327 utea.
1740 2273 1978 2332 Tametsi

407 2346 522 2417 ipse
547 2359 768 2418 peccata
798 2363 982 2408 nostra
1011 2358 1254 2425 pertulit,
1285 2367 1338 2413 et
1362 2375 1459 2428 pro
1487 2362 1643 2417 nobis
1665 2363 1828 2428 dolet,
1855 2366 1981 2435 jure

405 2455 462 2496 se
477 2444 634 2498 malis
665 2447 924 2514 repletum
958 2448 1051 2502 ait.
1106 2449 1170 2503 Et
1201 2453 1308 2505 vita
1339 2468 1453 2506 mea
1477 2455 1681 2524 inferno
1706 2460 1979 2527 appropin-

405 2537 600 2604 quavit.
647 2536 758 2592 Hoc
788 2539 864 2593 ait
893 2541 1019 2609 quia
1052 2556 1146 2610 per
1176 2545 1405 2612 gratiam
1451 2543 1544 2600 Dei
1579 2562 1678 2616 pro
1724 2549 1980 2605 universo

405 2630 604 2684 mundo
634 2633 870 2701 gustavit
909 2645 1163 2689 mortem.

469 2805 523 2862 5.
555 2806 752 2862 Factus
777 2827 894 2864 sum
921 2813 1058 2866 sicut
1082 2812 1235 2867 homo
1262 2814 1375 2869 sine
1398 2815 1667 2884 adjutorio
1693 2818 1830 2871 inter
1851 2836 1985 2872 mor-

402 2909 519 2956 tuos
551 2903 702 2957 liber.
733 2903 896 2960 Solus
919 2906 1079 2962 Jesus
1107 2919 1159 2963 et
1183 2917 1433 2964 mortuus
1458 2921 1540 2965 est
1564 2927 1661 2981 pro
1684 2912 1986 2981 iniquitati-

402 3008 500 3050 ous
524 2998 706 3065 p0puli
737 2999 935 3070 ductus
955 3002 1020 3054 ad
1049 3013 1276 3055 mortem
1289 3003 1480 3071 ,‘juxta
1514 3005 1668 3059 Isaiae
1690 3021 1877 3061 vocem
1897 3007 1942 3038 ²⁰
1968 3025 1981 3061 :

401 3095 459 3140 et
483 3098 730 3144 mortuus
752 3106 876 3144 cum
901 3100 1046 3146 esset
1076 3093 1226 3148 solus
1250 3103 1367 3148 erat
1391 3095 1608 3149 liber".
1635 3095 1815 3167 Neque
1836 3099 1980 3152 enim

401 3187 678 3246 peccatum
714 3181 948 3237 habebat
976 3185 1122 3252 quod
1152 3186 1326 3254 ipsum
1365 3188 1527 3240 morti
1562 3187 1765 3243 faceret
1804 3190 1978 3244 obno-

401 3269 568 3323 xium.
603 3271 940 3344 Quapropter
963 3275 1158 3332 dixit“
1187 3295 1201 3332 :
1233 3279 1555 3335 Polestatem
1585 3282 1749 3337 habeo
1780 3300 1976 3351 ponen-

399 3360 455 3414 di
473 3363 707 3417 animant
741 3382 930 3431 meam,
954 3378 1002 3421 et
1032 3369 1223 3423 iterum
1241 3381 1550 3440 potestatem
1579 3375 1740 3429 habeo
1763 3392 1974 3430 sumen-

399 3453 455 3506 di
484 3471 620 3509 eam.

469 3545 523 3599 6.
575 3547 727 3602 Sicut
758 3552 1015 3609 vulnerati
1049 3555 1366 3613 dormientes
1400 3560 1456 3613 in
1485 3561 1760 3630 sepulcris.
1807 3561 1973 3618 Simi-

400 3636 470 3692 lis
490 3678 504 3703 ,
543 3638 753 3710 inquit,
790 3642 966 3700 factus
1002 3662 1121 3701 sum
1151 3648 1465 3707 hominibus
1492 3653 1790 3710 vulneratis
1813 3667 1865 3710 et
1891 3656 1975 3725 ja-

397 3730 649 3786 centibus
680 3735 732 3787 in
769 3737 1064 3804 sepulcris,
1111 3740 1202 3809 qui
1237 3755 1360 3794 cum
1391 3751 1543 3798 tuum
1569 3746 1830 3800 auxilium
1863 3763 1972 3801 non

400 3821 774 3889 accepissent,
810 3841 915 3878 non
950 3838 1277 3897 acceperunt
1321 3834 1798 3888 resurrectionem.
1858 3833 1973 3905 Ego

2010 3136 2052 3194 C

397 3921 578 3966 autem
615 3914 932 3972 vulneratus
964 3933 1108 3982 sum,
1142 3921 1341 3990 inquit,
1378 3933 1598 3992 propter
1625 3933 1845 3994 peccata
1879 3941 1972 3996 po-

396 4003 532 4074 puli,
567 4013 620 4059 et
649 4005 700 4059 in
738 4007 1003 4076 sepulcris
1035 4008 1141 4075 fui,
1179 4013 1272 4065 sed
1309 4029 1417 4067 non
1452 4014 1524 4067 ibi
1553 4017 1813 4081 remansi,
1842 4021 1969 4088 quia

401 4103 457 4149 et
491 4105 616 4164 post
651 4097 1105 4168 vulnerationem,
1134 4111 1186 4157 et
1214 4113 1334 4173 post
1363 4103 1754 4174 depositionem
1790 4109 1841 4161 in
1882 4125 1970 4164 se-

396 4187 620 4256 pulcro,
672 4190 778 4245 mei
833 4192 1149 4250 meministi.
1221 4193 1512 4251 Resurrexi
1562 4201 1705 4253 enim
1765 4201 1971 4256 calcata

396 4289 594 4334 morte.

466 4371 520 4426 8.
565 4371 735 4443 Super
768 4390 847 4428 me
879 4376 1222 4446 conﬁrmatus
1249 4389 1325 4432 est
1351 4381 1502 4450 furor
1535 4391 1675 4437 tuus.
1706 4381 1968 4439 Furorem

1244 307 1300 364 s.
1342 308 1711 368 ATHANASII
1749 313 1897 370 OPP.
1939 313 2120 369 PARS
2158 313 2244 370 ιιι.
2281 343 2350 354 -
2386 297 2813 368 ΕχΕδΕΤιοΑ.’

3595 315 3739 371 380

2155 431 2212 483 ὲν
2247 428 2374 501 ᾅδου
2406 426 2646 500 κηρύξας
2674 425 2945 495 πνεύμασι
2976 424 3287 496 δωρήσηται
3310 424 3408 495 τὴν
3426 426 3736 482 ἀνάστα’

2155 538 2258 575 σιν.
2300 519 2677 572 Ἀποκλαίεται
2706 516 2762 570 δὲ
2791 515 2885 570 καὶ
2927 515 3026 586 τὴν
3065 515 3434 588 Ἰερουσαλὴμ,
3468 517 3602 571 ἆτε
3645 519 3730 587 δὴ

2153 609 2559 678 ὲκπεσουμένην
2592 607 2691 677 τῆς
2728 606 2810 668 εἰς
2862 603 3024 657 αὐτὸν
3059 602 3292 666 ἐλπίδος.
3333 603 3487 675 Αὕτη
3564 603 3640 656 δὲ
3684 606 3728 675 ἡ

2163 699 2536 772 Ἰερουσαλὴμ,
2594 700 2713 770 ἦτοι
2757 698 2786 749 ὁ
2815 695 2964 759 λαδς,
3016 695 3182 749 πάλαι
3240 692 3350 748 οἷόν
3382 714 3464 760 τις
3515 697 3727 768 χορὸς

2153 789 2241 866 ἦν,
2282 793 2415 848 καθὸ
2470 793 2565 846 καὶ⁹
2596 792 2754 864 μερὶς
2786 789 2950 844 αὑτοῦ
2997 789 3088 842 καὶ
3139 788 3339 862 κλῆρος
3385 807 3726 862 προσηγο-

2153 885 2356 959 ρεύετο·
2383 883 2461 938 διὸ
2493 886 2585 938 καὶ
2620 884 2758 955 πρὸς
2806 881 3018 936 Μαελὲθ
3045 882 3446 952 ἐπιγέγραπται
3473 886 3512 936 ὁ
3547 883 3689 952 ψαλ
3712 913 3723 920 ~

2156 977 2275 1049 μὸς,
2306 977 2470 1030 ὅέστι
2509 975 2726 1046 χορείας
2773 975 2890 1045 ἦτοι
2941 973 3126 1045 χοροῦ.
3179 974 3395 1046 Ἐπειδὴ
3435 973 3502 1028 δὲ
3545 974 3719 1044 βαθὺ

2151 1070 2212 1123 τὸ
2233 1067 2470 1141 Χριστοῦ
2509 1067 2825 1138 μυστήριον,
2852 1066 2947 1119 καὶ
3000 1065 3117 1119 λίαν
3166 1066 3368 1137 λεπτῆς
3421 1067 3716 1129 διανοίας

2153 1161 2233 1214 δεῖ
2280 1159 2654 1230 πνευματικῆς
2698 1157 2836 1228 πρὸς
2887 1156 2948 1208 τὸ
2996 1156 3234 1210 συνιέναι
3291 1157 3448 1210 αὐτόν
3469 1157 3712 1211 τούτου

2149 1252 2309 1323 χάριν
2339 1250 2649 1315 Συνέσεως
2677 1247 3102 1318 ἐπιγέγραπται,
3160 1249 3396 1316 Λέγεται
3451 1248 3525 1301 δὲ
3590 1248 3708 1301 τοῦ

2154 1345 2331 1415 Αἱμὰν
2374 1339 2512 1396 εἶναι
2543 1343 2572 1394 ό
2617 1340 2851 1411 ψαλμὸς,
2877 1340 2936 1392 ὲν
2973 1337 3234 1410 Αἰγύπτῳ
3263 1339 3399 1410 πρὸς
3419 1337 3711 1402 Μωσέως

2131 1435 2540 1507 πεποιημένος.
2575 1426 2741 1496 Οὗτος
2774 1431 2831 1484 δὲ
2868 1433 2896 1484 ὁ
2933 1431 3111 1502 Αῐμάν
3151 1431 3262 1502 (59)
3297 1430 3583 1500 ἀπόγονος
3623 1427 3705 1502 ἦν

2154 1528 2248 1582 τοῦ
2291 1527 2527 1599 Ἰσραὴλ,
2566 1527 2660 1580 ᾶτε
2683 1524 2902 1592 ἔκγονος
2935 1521 3012 1576 ὢν
3037 1521 3130 1575 τοῦ
3166 1521 3336 1592 Ζαρὰ,
3362 1522 3421 1586 ὃς
3454 1517 3536 1590 ἦν
3567 1523 3705 1585 υἱὸς

2151 1619 2243 1673 τοῦ
2277 1619 2465 1684 Ἰούδα,
2499 1618 2596 1671 τοῦ
2635 1616 2748 1671 υἱοῦ
2784 1615 3024 1686 Ἰσραήλ.

2153 1714 2328 1780 Κύριε
2356 1715 2388 1765 ό
2421 1711 2562 1776 Θεὸς
2583 1709 2693 1778 τῆς
2727 1709 3024 1802 σωτηρίας
3077 1725 3220 1802 μου,
3241 1705 3501 1802 ῌήμέρας
3545 1705 3700 1802 ὲκέῐ

2084 1803 2291 1871 κραξα.
2329 1804 2460 1856 "Are
2493 1801 2694 1870 ἀγαθὸς
2750 1799 2846 1866 ὢν,
2899 1797 3053 1861 εἰδὼς
3098 1797 3196 1868 τὴν
3239 1795 3520 1850 ἔκπτωσιν
3587 1795 3701 1848 τοῦ

2079 1892 2208 1946 λαοῦ
2243 1893 2337 1948 καὶ
2369 1892 2466 1963 τὴν
2484 1891 2579 1944 τοῦ
2614 1889 2857 1962 μαθητοῦ
2902 1888 3200 1952 ἀπώλειαν,
3236 1885 3334 1950 τὰς
3375 1886 3526 1958 ὑπὲρ
3585 1885 3696 1940 αύ-

2079 1984 2188 2038 τῶν
2214 1985 2598 2054 ἀναπέμπεται
2628 1983 2765 2054 πρὸς
2800 1981 2891 2035 τὸν
2932 1981 3154 2050 Πατέρα
3177 1981 3362 2050 εὐχάς⁶
3391 1980 3552 2042 ὅπως
3591 1978 3702 2042 ἂν,⁵

2078 2077 2178 2146 τῆς
2211 2077 2409 2138 κακίας
2452 2076 2526 2146 μὴ
2581 2072 2996 2146 μεταλαϐόντες,
3043 2073 3136 2125 καὶ
3161 2070 3315 2124 αὐτοὶ
3339 2071 3437 2140 τῆς
3469 2070 3546 2123 δι’
3582 2071 3692 2123 αύ-

2079 2169 2172 2222 τοῦ
2205 2169 2476 2240 σωτηρίας
2505 2167 2736 2238 τύχοιεν.

2155 2258 2281 2311 Ὀτι
2313 2256 2591 2324 ἐπλήσθη
2617 2256 2818 2312 κακῶν
2863 2257 2902 2323 ἡ
2950 2253 3120 2323 ψυχή
3162 2271 3302 2324 μου.
3356 2253 3421 2306 Et
3459 2252 3565 2304 καὶ¹
3591 2267 3688 2303 at“

2079 2350 2171 2414 τὸς
2202 2350 2300 2413 τὰς
2338 2350 2613 2421 ἁμαρτίας
2642 2348 2801 2421 ἡμῶν
2834 2347 3124 2412 ἐϐάστασε,
3182 2347 3277 2400 καὶ
3331 2346 3459 2417 περί⁵
3512 2341 3684 2415 mari”

2079 2445 2353 2509 ὀδυνᾶται,
2411 2445 2634 2508 εἰκότως
2675 2445 2768 2497 καὶ
2829 2443 3017 2498 κακῶν
3067 2440 3453 2514 ἐμπέπλησται
3511 2457 3679 2512 φησι.

2081 2539 2191 2593 Καὶ
2235 2539 2273 2605 ’ἡ
2333 2537 2444 2604 ζωή
2493 2555 2612 2608 μου
2663 2536 2744 2602 τῷ
2805 2536 2918 2605 ᾄδῃ
2952 2536 3185 2607 ἤγγισε.
3252 2533 3424 2588 Τοῦτό
3476 2551 3676 2604 φησιν,

2082 2628 2270 2699 ἐπειδὴ
2324 2629 2465 2699 ὑπὲρ
2531 2629 2730 2692 παντὸς
2798 2628 2980 2699 χάριτι
3029 2626 3164 2681 Θεοῦ
3234 2627 3501 2696 ἐγεύσατο
3572 2623 3674 2678 θα·-

2082 2721 2263 2774 νάτου.

2169 2813 2494 2882 Ἐγενήθην
2532 2814 2676 2867 ὡσεὶ
2732 2813 3043 2884 ἄνθρωπος
3084 2815 3415 2884 ἀϐοήθητος
3469 2815 3672 2870 ἐννε-

2084 2906 2246 2974 κροῒς
2271 2907 2602 2975 ἐλεύθερος.
2647 2907 2822 2970 Μόνος
2865 2906 3068 2977 Ἰησοῦς
3105 2908 3198 2960 καὶ
3229 2907 3500 2961 ἀπέθανεν
3527 2908 3674 2976 ὑπὲρ

2083 2998 2194 3051 τῶν
2222 2998 2458 3068 ἀνομιῶν
2510 2998 2604 3052 τοῦ
2641 2998 2769 3052 λαοῦ
2817 3000 3085 3070 ἀγόμενος
3113 3003 3193 3064 εἰς
3227 2999 3478 3066 θάνατον,
3523 3002 3670 3054 κατα

2083 3088 2182 3159 τὴν
2216 3088 2438 3140 Ἡσαΐου
2466 3090 2667 3159 φωνήψ
2709 3090 2804 3142 καὶ
2841 3091 3035 3160 νεκρὸς
3064 3091 3130 3145 ἂν
3158 3091 3440 3161 ἐλεύθερος
3459 3087 3533 3164 ἦν
3581 3093 3673 3162 μό-

2084 3196 2208 3242 νος’
2271 3180 2330 3233 οὐ
2381 3179 2490 3252 γάρ
2548 3175 2692 3252 εἶχεν
2732 3181 3005 3253 ἁμαρτίαν
3059 3183 3159 3254 τὴν
3207 3166 3434 3255 κάτοχον
3502 3185 3672 3238 αὐτὸν

2083 3273 2342 3327 ποιοῦσαν
2371 3273 2605 3345 θανάτῳ.
2640 3275 2729 3328 Διὸ
2785 3275 2880 3328 καὶ
2927 3275 3132 3345 ἔλεγεν⁹
3177 3277 3504 3341 Ἐξουσίαν
3547 3278 3669 3347 ἔχω

2082 3367 2268 3423 θεῖναι
2298 3369 2413 3436 τὴν
2447 3369 2664 3440 ψυχήν
2680 3387 2822 3441 μου,
2851 3371 2948 3424 καὶ
2989 3369 3176 3424 πάλιν
3212 3370 3509 3435 ἐξουσίαν
3546 3372 3667 3441 ἕχω

2081 3456 2291 3513 λαϐεῖν
2315 3459 2526 3526 αὑτήν.

2165 3550 2319 3604 Ὡσεὶ
2348 3553 2695 3621 τραυματίαι
2741 3553 3135 3621 καθεύδοντες
3173 3556 3244 3609 ἐν
3287 3555 3467 3624 τάφῳ.
3516 3556 3664 3626 Παρ-

2080 3643 2286 3713 όμοιος,
2320 3644 2474 3713 φησι,
2509 3645 2708 3713 γέγονα
2748 3645 3054 3718 ἀνθρώποις
3102 3649 3668 3720 τετραυματισμένοις

2081 3735 2176 3787 καὶ
2210 3735 2482 3806 κειμένοις
2511 3737 2568 3788 ὲν
2618 3738 2915 3808 μνήμασιν,
2963 3739 3034 3804 οἳ,
3065 3741 3164 3812 τῆς
3208 3742 3305 3812 σῆς
3364 3741 3438 3813 μὴ
3470 3741 3662 3812 τυχόν-

2079 3842 2168 3889 τες
2195 3827 2531 3898 ἐπικουρίας,
2581 3829 2640 3882 οὐ
2703 3831 3064 3902 τετυχήκασιν
3114 3834 3484 3898 ἀναστάσεως.
3524 3832 3662 3900 Ἐγὼ

2078 3916 2136 3970 δὲ
2188 3919 2684 3990 τετραυμάτισμαι,
2759 3922 2912 3993 φησὶ,
2970 3923 3058 3976 διὰ
3102 3925 3200 3989 τὰς
3251 3927 3526 3998 ἁμαρτίας
3567 3923 3660 3978 τοῦ

2077 4007 2208 4061 λαοῦ
2232 4049 2246 4073 ,
2281 4010 2375 4062 καὶ
2425 4011 2481 4064 ὲν
2517 4011 2710 4081 τάφοις
2747 4012 2978 4081 γέγονα,
3014 4017 3074 4069 οὐ
3111 4016 3216 4087 μὴν
3245 4019 3338 4070 καὶ
3362 4019 3656 4090 άπέμειναο

2081 4102 2214 4155 διότι
2244 4120 2344 4174 μου
2369 4104 2461 4157 καὶ
2484 4105 2622 4175 μετὰ
2650 4103 2746 4176 τὴν
2786 4104 2990 4176 τρῶσιν
3030 4109 3125 4161 καὶ
3162 4109 3260 4180 τὴν
3294 4111 3351 4161 ὲν
3392 4109 3470 4180 τῷ
3505 4111 3656 4178 τάεξῳ

2078 4195 2373 4249 κατάθεσιν
2445 4197 2741 4268 ἐμνήσθης.
2798 4197 3054 4272 Ἀνέστην
3101 4201 3210 4271 γὰρ
3263 4204 3514 4274 πατήσας
3566 4203 3654 4254 τὸν

2078 4284 2324 4343 θάνατον.

2162 4378 2285 4431 Ἐπ’
2312 4376 2417 4447 ἐμὲ
2445 4367 2847 4449 ἐπεστηρίχθη
2879 4383 2912 4434 ό
2959 4382 3145 4451 θυμός
3174 4398 3311 4436 σου.
3353 4382 3532 4453 Θυμδν
3563 4379 3650 4433 τοῦ

396 4460 492 4516 Dei
526 4475 683 4519 vocat
715 4468 1151 4524 maledictionem
1193 4475 1419 4539 mortis,
1468 4475 1750 4530 hominum
1787 4478 1968 4547 generi

2136 4470 2211 4522 εοῦ
2237 4487 2370 4542 φησι
2398 4472 2498 4544 τὴν
2530 4473 2912 4544 ἐπενεχθεῖσαν
2959 4473 3036 4544 τῷ
3063 4475 3173 4528 τῶν
3213 4474 3514 4547 ἀνθρώπων
3567 4473 3653 4542 γέ-

395 4551 624 4606 illatam.
656 4553 794 4620 Quia
826 4557 990 4626 igitur
1021 4561 1330 4616 maledictio
1361 4581 1458 4633 pro
1483 4567 1641 4622 nobis
1673 4565 1848 4622 factus
1870 4578 1971 4636 est,

395 4642 518 4696 ideo
553 4642 792 4699 furorem
826 4647 920 4701 Dei
952 4666 1115 4719 super
1142 4669 1200 4708 se
1239 4658 1627 4713 conﬁrmatum
1661 4659 1814 4715 dicit.

463 4823 533 4878 Et
556 4841 730 4879 omnes
756 4826 949 4896 ﬂuctus
990 4838 1104 4882 tuos
1140 4831 1403 4885 indumisti
1434 4851 1592 4902 super
1614 4853 1711 4890 me.
1750 4835 1973 4893 Fluctus

393 4917 509 4973 sive
535 4917 798 4972 elationes
831 4928 1022 4982 vocat,
1055 4921 1429 4978 vehementem
1480 4943 1694 4995 poenam
1729 4929 1968 4982 homini-

391 5008 495 5063 bus
518 5009 985 5078 prmvaricationis
1014 5025 1185 5066 causa
1215 5011 1496 5069 inllictam.
1529 5013 1812 5086 Signiﬁcat
1843 5019 1969 5072 item

394 5112 650 5156 mortem.

466 5294 519 5348 9.
579 5293 753 5364 Longe
795 5295 968 5366 fecisti
994 5305 1147 5352 notos
1176 5313 1317 5351 meos
1345 5314 1377 5350 a
1408 5314 1506 5352 me.
1591 5297 1706 5355 Hoc
1739 5301 1814 5355 ait
1841 5305 1970 5372 quia

397 5393 639 5452 tempore
669 5385 940 5453 passionis
963 5401 1158 5442 omnes
1193 5379 1533 5457 reliquerunt
1556 5393 1729 5443 eum.’
1769 5389 1968 5446 Posue-

397 5483 519 5528 runt
547 5491 627 5530 me
655 5475 1098 5534 abominationem
1124 5479 1248 5535 sibi.
1307 5478 1440 5535 Vide
1467 5481 1739 5550 quomodo
1771 5484 1968 5538 etiam-

2082 4577 2162 4614 νει
2209 4561 2302 4615 τοῦ
2345 4563 2574 4618 θανάτου
2626 4566 2891 4638 κατάραν.
2963 4565 3178 4639 Ἐπειδὴ
3230 4567 3408 4620 τοίνυν
3440 4567 3650 4635 γέγονεν

2084 4655 2224 4726 ὑπὲρ
2277 4656 2433 4726 ἡμῶν
2489 4658 2723 4727 κατάρα,
2776 4657 2966 4710 τούτου
3011 4659 3172 4731 χάριν
3225 4660 3319 4713 τὸν
3351 4660 3518 4730 θυμὸν
3561 4655 3646 4710 τοῦ

2079 4749 2214 4801 Θεοῦ
2245 4751 2331 4802 ἐπ’
2379 4749 2538 4801 αὐτὸν
2574 4751 2959 4821 ὲπεστηρίχθαι
2981 4754 3132 4824 φησί.

2152 4841 2262 4893 Καὶ
2291 4839 2521 4906 πάντας
2558 4842 2698 4907 τοὺς
2724 4847 3166 4914 ιιετεωρισμούς
3205 4860 3321 4900 σου
3362 4845 3647 4914 ἐπήγαγες

2079 4932 2171 4985 ἐπ’
2195 4931 2320 5000 ἐμέ.
2356 4933 2780 5003 Μετεωρισμοὺς
2819 4936 2918 5006 τὴν
2968 4937 3106 5007 μετὰ
3167 4938 3521 5009 σφοδρότητος
3552 4937 3643 4987 ἐπ-

2079 5023 2395 5093 ενεχθεῖσαν
2446 5023 2524 5094 τῷ
2555 5024 2664 5077 τῶν
2709 5025 3014 5098 ἀνθρώπων
3056 5029 3200 5098 γένει
3245 5031 3384 5102 ὑπὲρ
3417 5030 3516 5100 τῆς
3554 5043 3646 5080 πα·

2083 5113 2360 5184 ραὸάσεως
2394 5112 2550 5185 δίκην
2596 5115 2748 5187 φησί.
2802 5117 3062 5190 Σημαίνει
3111 5120 3166 5174 δὲ
3216 5122 3378 5176 πάλιν
3419 5122 3508 5176 τὸν
3551 5117 3640 5173 θά-

2077 5223 2253 5259 νατον.

2164 5297 2540 5367 Ἑμάκρυνας
2582 5300 2720 5368 τοὺς
2797 5305 3106 5373 γνωστούς
3162 5322 3281 5375 μου
3326 5305 3426 5357 ἀπ’
3485 5299 3633 5373 ἐμοῦ.

2077 5389 2247 5442 Τοῦτό
2284 5407 2468 5462 φησιν,
2503 5393 2687 5466 ἐπειδὴ
2729 5395 2929 5458 πάντες
2979 5396 3140 5449 αὑτὸν
3197 5396 3484 5450 κατέλιπον
3511 5390 3635 5447 κατᾶ

2075 5485 2166 5538 τὸν
2196 5484 2291 5539 τοῦ
2325 5486 2529 5551 πάθους
2559 5487 2768 5558 καιρόν.
2797 5489 3042 5542 Ἔθεντό
3056 5506 3132 5558 με
3183 5487 3494 5560 ,Βδέλυγμα
3513 5481 3640 5542 ἑανα
3688 5553 3692 5557 _

476 5611 523 5646 ”
548 5613 652 5667 Isa.
690 5630 806 5679 Lill,
845 5614 897 5668 8.
976 5617 1019 5646 “
1055 5615 1201 5672 Psal.
1236 5633 1482 5686 uxxvn,
1517 5621 1569 5674 6.
1648 5623 1693 5652 "
1733 5618 1891 5675 Joan.
1930 5637 1986 5688 κ,
2014 5622 2099 5677 l8.

470 5732 584 5804 (39)
624 5732 714 5790 Sic
762 5733 982 5806 Vulgata
1032 5735 1224 5794 Eman.
1277 5739 1382 5796 Sed
1408 5738 1596 5798 Graeca
1631 5740 1970 5802 Psalmorum
2009 5744 2571 5817 exemplaria,‘Ee&p.
