3778 6276
93 336 180 392 εει
816 297 826 306 “
1182 335 1544 390 ssposmo
1585 335 1650 389 IN
1689 335 2014 394 PSALMUM
2055 339 2336 395 Lxxxvu

91 453 222 518 ταῖς.
258 452 432 521 Ὅρα
469 449 595 512 πῶς
623 451 719 502 καῖ¹
759 447 922 520 μέχρι
951 449 1046 504 νῦν
1087 451 1328 505 Ἰουδαῖοι
1378 453 1440 505 τὸ
1470 452 1688 525 Χριστοῐ

1822 471 1934 509 ium
1962 454 2132 511 Judaei
2178 454 2380 511 Christi
2416 471 2613 512 nomen
2657 467 3027 515 exsecrentur.

89 549 250 613 ιημα
299 541 735 611 βδελύσσονται.
777 540 1142 609 Παρεδόθην,
1191 543 1292 596 καὶ
1343 545 1451 597 οὐκ
1493 544 1703 608 ἐξεπο-

86 637 385 703 ρευέμην.
427 634 614 686 Τοῦτό
655 651 807 704 φησι,
833 632 921 686 διὰ
947 634 1007 686 τὸ
1027 634 1407 690 κατάκλειστον
1436 637 1596 692 αὐτὸν
1616 655 1706 706 γε-

93 728 267 779 assii-1t
302 729 375 779 ὲν
408 729 484 796 τῇ
521 726 674 796 οἰκίᾳ
699 727 792 780 τοῦ
821 726 1286 797 ἀρχισυναγώγου.

153 824 217 873 οι
266 820 608 888 ὀφθαλμοί
655 837 773 888 μου
818 820 1171 888 τἰσθένησαν
1223 820 1340 874 ἀπὸ
1389 823 1701 890 πτωχείας.

103 913 555 981 Ἀπεκὶαιόμην,
597 913 782 982 φησὶν,
814 913 952 984 ὑπὲρ
992 913 1084 966 τοῦ
1135 913 1288 977 λαοῦ,
1336 912 1455 966 ἰδὼν
1511 915 1706 978 αὐτοὺς

96 1007 174 1057 τοῦ
203 1005 363 1057 κατὰ
411 1005 562 1058 Θεὸν
594 1006 824 1058 πλούτου
857 1007 1289 1076 ἐκπεσουμένους
1320 1008 1410 1059 καὶ
1453 1009 1533 1070 εις
1561 1023 1707 1060 πτω-

270 1099 815 1169 κατενηνεγμένους
847 1099 1099 1170 ἐσχάτην·

168 1190 532 1257 Ἐχέκραξα
566 1190 720 1256 πρὸς
750 1188 844 1252 σὲ,
878 1192 1072 1256 Κύριε,
1101 1191 1253 1256 ὅλην
1299 1188 1700 1260 τὴνῄμέραν.

107 1283 223 1334 Ἕνα
276 1283 490 1335 τοίνυν
529 1284 702 1352 πόρον
749 1281 838 1343 δὸς
879 1281 980 1351 τῆς
1012 1281 1120 1334 τῶν
1151 1281 1335 1333 δεινῶν
1362 1281 1701 1350 ἀπαλλαγῆς,

235 1374 368 1442 σὴν,
405 1374 699 1452 Δέσποτα,
735 1374 1091 1444 προμηθείαν.
1131 1374 1415 1427 Ἐκτείνων
1463 1375 1572 1445 γὰρ
1619 1375 1704 1426 ἀεὶ

105 1465 180 1526 τὰς
211 1469 421 1536 χεῖρας
469 1463 745 1516 ἀντιϐολῶ
779 1480 857 1516 σε.
887 1464 996 1534 Τὴν
1043 1464 1243 1534 πικρὰν
1288 1464 1344 1517 δὲ
1392 1465 1490 1535 τῆς
1529 1464 1704 1534 ψυχῆς

101 1558 276 1626 illium:
319 1555 508 1609 τοῦτο
549 1556 614 1608 τὸ
649 1555 836 1625 σχῆμα
885 1555 1203 1626 δηλοῖ.⁹Υπὸ
1255 1554 1362 1626 γὰρ
1395 1557 1489 1626 τῆς
1519 1557 1704 1628 χρείας

99 1650 589 1720 ἀναγκαζόμενος,
613 1647 928 1700 σπουδαιότε
938 1648 1026 1720 ρόν
1045 1667 1127 1712 τις
1150 1649 1378 1702 ἱκετεύει
1402 1649 1490 1702 τὸν
1503 1647 1703 1702 ’δοῦναι

3261 347 3366 403 582

3114 460 3366 519 Traditus

1807 563 1946 609 sum,
1975 558 2023 600 et
2053 564 2156 600 non
2182 549 2501 618 egrediebar.
2544 549 2661 605 Hoc
2689 551 2766 605 ait
2792 552 2918 622 quia
2949 553 3239 612 conclusus
3265 555 3368 610 fuit

1807 635 1861 689 in
1891 637 2052 690 domo
2080 637 2340 708 principis
2369 653 2671 710 synagogas.

1881 814 1967 868 10.
2011 813 2165 870 Oculi
2221 817 2322 870 mei
2368 816 2682 887 languerunt
2733 835 2842 888 pra:
2876 819 3077 888 inopia.
3122 818 3370 890 Flebam,

1806 906 2000 975 inquit,
2042 923 2140 975 pro
2170 908 2375 977 populo
2407 921 2636 963 cernens
2666 923 2760 964 eos
2789 925 2816 962 a
2853 909 3088 975 divitiis,
3134 926 3254 979 qua:
3281 925 3368 965 se-

1809 998 2046 1052 cundum
2072 997 2241 1052 Deum
2276 1008 2423 1066 sunt,
2457 998 2524 1054 ad
2553 1009 2851 1055 extremam
2880 1011 3250 1072 paupertatem
3274 1003 3369 1056 de-

1803 1089 2003 1158 lapsos.

1876 1180 1962 1233 11.
1988 1179 2226 1235 Clamavi
2251 1181 2319 1235 ad
2344 1192 2413 1247 te,
2438 1181 2679 1250 Domine,
2714 1194 2826 1237 tota
2855 1185 2959 1238 die.
3002 1183 3178 1238 Unum
3210 1185 3366 1240 nobis

1804 1270 2006 1324 exitum
2045 1280 2104 1325 ut
2143 1288 2172 1325 a
2205 1273 2359 1327 malis
2389 1272 2684 1327 liberemur
2727 1272 2986 1341 praebeto,
3036 1282 3207 1337 tuam,
3255 1272 3364 1329 Do-

1804 1363 1972 1428 mine,
1996 1362 2414 1433 providentiam.
2447 1362 2582 1418 Nam
2619 1380 2831 1434 semper
2853 1381 3048 1420 manus
3071 1366 3368 1420 extendens

1805 1464 1857 1510 te
1887 1456 2166 1524 deprecor.
2199 1454 2298 1510 llic
2335 1470 2500 1525 porro
2529 1455 2750 1511 habitus
2777 1457 3031 1510 acerbum
3073 1458 3237 1511 animi
3270 1458 3366 1511 do-

1804 1547 1972 1601 lorem
2009 1547 2230 1602 indicat.
2285 1545 2614 1603 Necessitate
2653 1549 2854 1618 quippe
2896 1557 3116 1603 coactus
3141 1549 3368 1617 quilibet

1803 1637 1989 1700 homo,
2026 1637 2325 1693 ferventius
2347 1639 2395 1693 ei
2414 1639 2679 1709 supplicat
2701 1639 2794 1710 qui
2822 1641 2873 1695 id
2907 1639 3139 1695 tribuere
3166 1649 3362 1710 potest.

99 1743 209 1794 ξυνα
216 1760 427 1811 μενον.

152 1799 247 1899 lit")
304 1834 456 1899 τοῖς
511 1832 756 1900 νεκροῖς
801 1831 1072 1899 ποιήσεις
1125 1831 1464 1902 θαυμάσια;
1501 1832 1688 1899 Ἰατροὲ

1875 1833 1958 1885 12.
1991 1830 2246 1902 Nunquid
2275 1833 2496 1886 mortuis
2514 1834 2675 1902 facies
2701 1833 3010 1887 mirabilia?
3029 1832 3220 1886 Medici
3249 1849 3366 1886 sus-

94 1924 544 1989 ἀπιστήσουσι
567 1939 586 1986 ;
611 1925 723 1986 Τὰς
759 1925 935 1987 αἰτίας
953 1927 1096 1994 ἡμᾶς
1119 1924 1355 1978 διδάσκει
1378 1925 1476 1996 τῆς
1506 1925 1586 1987 εἰς
1609 1924 1688 1978 τὸη

1822 1924 2078 1977 ritabunt.’
2114 1923 2225 1978 Nos
2253 1924 2441 1979 edocet
2481 1941 2603 1994 qua:
2641 1941 2804 1981 causa
2848 1926 2918 1980 sit
2981 1924 3122 1994 quod
3179 1927 3369 1979 mortis

95 2017 315 2068 ’izvztov
383 2015 574 2068 αὑτοῦ
631 2015 880 2079 καθόδου,
911 2016 1186 2085 μονονουχὶ
1232 2015 1435 2084 λέγων·
1481 2016 1688 2083 Ἐπειδὲ

1823 2033 2043 2086 empore
2098 2017 2458 2080 descenderit,
2526 2026 2733 2071 tantum
2795 2032 2902 2070 non
2962 2015 3034 2070 ita
3098 2015 3362 2085 loquens:

100 2109 202 2160 τετε
249 2111 496 2178 νεκροῖς
561 2108 803 2172 δυνατὸν,
837 2109 990 2178 φησὶ,
1027 2109 1355 2180 ποιήσασθαι
1401 2109 1697 2180 θαυμάσια,

101 2201 206 2255 εὖτε
248 2203 486 2272 ἰατροῖς
521 2201 866 2270 ’ἀναστῆσαι,
918 2201 1001 2253 ἵνα
1044 2199 1539 2271 ὲξομολογήσωνται
1593 2219 1697 2266 σοι,

103 2293 206 2344 εὖτε
237 2295 356 2362 μὴν
397 2295 451 2345 οἱ
491 2293 556 2345 ὲν
586 2296 652 2362 τῇ
683 2292 926 2362 ἀπωλείᾳ
950 2292 1164 2345 δυνατοὶ
1194 2287 1332 2363 ἦσαν
1377 2292 1579 2360 γνῶναί
1607 2309 1698 2346 σου

103 2383 182 2448 τίτί
225 2384 550 2453 ἀλήθειανο
592 2382 782 2434 τούτου
829 2382 1005 2453 χάριν,
1033 2377 1077 2435 ὦ
1111 2383 1309 2454 Πάτερ,
1340 2383 1433 2436 καὶ
1482 2387 1592 2446 τοῖς
1643 2385 1700 2436 ὲν

108 2473 213 2540 ξὼυ
245 2475 744 2544 καταλελόγισμαι
765 2491 778 2504 ⁸
827 2475 913 2527 ἵνα
945 2475 1274 2538 ἀναστάντες
1303 2476 1351 2528 οί
1385 2477 1442 2526 έν
1481 2477 1545 2546 τῇ
1585 2476 1700 2528 ἐπ⁸’

105 2566 417 2640 iamdiu-5
473 2570 551 2637 γῇ
598 2567 692 2620 καὶ⁹
736 2567 846 2619 τῶν
898 2567 1216 2638 θαυμασίων
1256 2585 1351 2620 σου
1380 2569 1572 2638 πεῖραν
1601 2568 1698 2622 λά-

106 2657 258 2722 ϐοιεν,
298 2661 406 2711 καὶ
455 2659 833 2730 διηγήσωνται
877 2661 927 2712 οἱ
983 2659 1146 2714 πάλαι
1194 2662 1252 2713 ὲν
1282 2660 1360 2731 τῷ
1390 2660 1570 2714 σκότει
1599 2661 1698 2732 τὴν

107 2748 362 2816 ἀλήθειάν
396 2765 497 2801 σου
507 2789 520 2803 .

169 2842 264 2906 ιιὴ
295 2841 668 2907 διηγήσεταί
707 2860 794 2909 τις
833 2843 903 2896 ἐν
934 2842 1014 2909 τῷ
1043 2843 1204 2912 τάφῳ
1225 2843 1309 2912 ζτὸ
1347 2843 1518 2910 ἔλεός
1549 2858 1697 2909 σου;

108 2932 191 3000 Μὴ
214 2932 479 2996 δυνατὸν,
509 2932 663 3002 φησὶ,
681 2934 807 2994 τοὺς
831 2933 909 2994 εἰς
931 2931 1076 2984 κόνιν
1103 2931 1448 2996 διαλυθέντας
1473 2935 1698 3005 νεκροὺς

109 3025 196 3075 καὶ
229 3027 291 3076 ἐν
341 3024 424 3093 τῷ
464 3022 615 3092 ζόφῳ
662 3023 755 3076 τοῦ
811 3023 1040 3076 θανάτου
1093 3024 1398 3093 διάγοντας,
1434 3026 1526 3078 καὶ
1557 3025 1695 3098 λήθῃ

1801 2109 2089 2177 Quoniam,
2137 2109 2333 2180 inquit,
2365 2122 2542 2177 neque
2573 2108 2775 2162 mortui
2822 2119 3051 2176 possunt
3097 2105 3365 2176 mirabilia

1800 2206 1998 2271 facere,
2032 2219 2206 2274 neque
2238 2203 2431 2258 medici
2463 2202 2726 2257 suscitare
2754 2209 2811 2254 ut
2842 2200 3201 2253 conﬁteantur
3223 2197 3319 2251 tibi
3348 2234 3368 2260 ,

1800 2313 1974 2368 neque
1997 2297 2033 2350 ii
2065 2297 2157 2366 qui
2186 2296 2242 2350 in
2276 2294 2513 2365 pernicie
2545 2301 2700 2348 erant
2743 2306 2904 2345 nosse
2942 2288 3368 2359 poterantﬁeri-

1800 2400 1963 2445 tatem
2005 2398 2176 2453 tuam,
2236 2387 2401 2457 hujus
2450 2387 2526 2440 rei
2560 2385 2752 2454 gratia,
2782 2399 2815 2436 o
2858 2381 3050 2446 Pater,
3082 2387 3370 2449 reputatus

1799 2498 1919 2539 sum
1968 2497 2090 2536 cum
2140 2482 2208 2536 iis
2234 2480 2326 2550 qui
2361 2487 2489 2533 sunt
2539 2477 2592 2530 in
2645 2475 2900 2538 inferno;
2937 2482 2998 2528 ut
3021 2471 3271 2528 suscitati
3326 2471 3365 2524 ii

1799 2573 1891 2643 qui
1931 2581 2058 2626 sunt
2096 2570 2150 2625 in
2191 2579 2335 2625 terra
2391 2567 2703 2631 oblivionis,
2757 2565 3090 2620 mirabiliqu
3144 2571 3363 2616 tuorum

1796 2664 2226 2735 experimentum
2279 2662 2567 2730 accipiant,
2617 2669 2672 2714 et
2705 2659 2799 2728 qui
2857 2657 2984 2712 olim
3025 2657 3078 2711 in
3126 2656 3366 2712 tenebris

1797 2764 1952 2813 erant
1974 2764 2227 2812 enarrent
2256 2757 2534 2809 veritatem
2567 2764 2734 2806 tuam.

1871 2849 1958 2903 13.
1991 2848 2246 2918 Nunquid
2270 2847 2535 2900 enarrabit
2567 2846 2759 2914 aliquis
2789 2845 2843 2898 in
2892 2843 3130 2913 sepulcro
3159 2841 3366 2895 miscri-

1798 2941 2032 2995 cordiam
2065 2951 2209 2994 tuam
2231 2941 2255 2992 ?
2277 2938 2416 2993 Num
2452 2947 2648 3008 potest,
2675 2937 2872 3006 inquit,
2904 2937 3039 3003 ﬁeri,
3074 2947 3131 2990 ut
3163 2935 3365 2990 mortui

1799 3033 1852 3087 in
1891 3034 2165 3104 pulverem
2203 3032 2404 3087 redacti
2452 3031 2546 3100 qui
2590 3032 2644 3084 in
2685 3030 2877 3084 umbra
2913 3029 3105 3084 mortis
3137 3029 3362 3097 degunt,

109 3115 603 3186 παραδεδομένους,
635 3115 736 3186 τῆς
765 3118 864 3186 σῆς
895 3115 1114 3169 ἔσεσθαι
1146 3115 1568 3202 ιριλανθερςιτξας,
1605 3120 1688 3172 καὶ

1822 3134 1850 3178 ει
1886 3126 2146 3179 oblivioni
2169 3125 2349 3180 traditi
2378 3133 2525 3189 sunt,
2551 3132 2654 3178 tua:
2681 3123 2790 3178 sint
2817 3121 3117 3178 clementia:
3142 3120 3366 3191 partici-

109 3207 210 3258 τῶν
240 3209 357 3260 σῶν
379 3207 677 3277 θαυμάτων
707 3207 904 3271 θεατὰς
927 3197 1311 3278 καταστῆοἶᾶς

177 3304 278 3370 Μὴ
335 3304 759 3371 γνωσθήσεται
803 3305 874 3355 ἐν
917 3302 998 3368 τῷ
1040 3304 1240 3356 σκότει
1283 3302 1356 3356 τὰ
1401 3302 1699 3372 θαυμάσιά

114 3410 263 3456 rev;
291 3393 513 3462 Ὠσπερ
553 3395 610 3445 ἐν
655 3396 767 3456 τοῖς
793 3391 1124 3446 ἀπολωλόσιν
1151 3393 1251 3446 οὐκ
1277 3391 1421 3445 ἐστιν
1451 3391 1694 3463 ἀλήθεια,

113 3481 279 3545 οὕτως
329 3485 388 3534 ἐν
435 3484 548 3545 τοῖς
579 3482 979 3553 ὲσκοτισμένοις
1011 3483 1111 3535 οὐκ
1140 3481 1254 3535 ἐστι
1283 3483 1580 3554 θαυμάσια.
1617 3485 1694 3554 Γῆ

116 3573 516 3644 ἐπιλελησμένη
547 3574 663 3626 ἐστὶ
687 3573 834 3646 ψυχὴ
866 3573 1058 3646 λογικὴ
1090 3574 1200 3628 τῶν
1223 3574 1318 3629 τοῦ
1345 3575 1499 3643 ἁγίου
1522 3575 1694 3629 Πνεύ-

120 3683 282 3735 ματος
314 3666 515 3735 ὲστερη
527 3665 662 3736 μένη
689 3666 936 3738 καρπῶν.

181 3761 308 3814 'Ira
355 3760 436 3824 τί,
478 3760 675 3828 Κύριε,
714 3759 967 3826 ἀπωθεῖς
997 3759 1112 3828 τὴν
1142 3761 1354 3831 ψυχήν
1379 3779 1519 3830 μου,
1546 3761 1694 3814 ἁπο-

120 3852 388 3920 στρέρεις
418 3851 488 3904 τὸ
516 3853 839 3918 πρόσωπόν
869 3867 985 3906 σου
1008 3853 1109 3906 ἀπ’
1131 3853 1307 3922 ἐμοῦ;
1343 3853 1398 3906 '0
1437 3854 1532 3923 μὲν
1556 3853 1693 3926 ὑπὲρ

115 3943 201 3994 τοῦ
233 3941 368 3994 λαοῦ
407 3940 767 4012 προσηύχετο,
790 3943 838 3993 οἱ
865 3941 919 3994 δὲ
946 3941 1194 4006 ἀναξίους
1223 3943 1445 4006 ἑαυτοὺς
1469 3943 1568 4013 τῆς
1591 3960 1694 3996 σω-

117 4036 306 4103 τηρίας
353 4033 422 4085 δι’
456 4031 760 4104 ὑπερῦολὴν
816 4033 1014 4097 κακίας
1060 4034 1479 4104 ἀποφαίνονται’
1532 4037 1693 4088 οἱονεὶ

121 4141 393 4197 ατρακτον
447 4123 612 4178 αὐτοῦ
658 4124 756 4196 τὴν
804 4126 943 4198 ὑπὲρ
988 4126 1165 4180 αὐτῶν
1219 4126 1580 4192 καθιστῶντες
1606 4129 1692 4180 εὑ-

119 4221 231 4286 χήν.

181 4310 424 4378 Πτωχός
447 4312 563 4377 εἰμι
587 4310 701 4380 ἐγὼ
719 4311 815 4364 καὶ
841 4311 910 4364 ἐν
931 4313 1139 4376 κόποις
1158 4311 1226 4366 ἐκ
1249 4314 1529 4380 νεότητός
1547 4331 1687 4382 μου.

117 4405 328 4472 Πτωχὸς
359 4405 456 4473 μὲν
483 4403 571 4454 διὰ
602 4403 661 4453 τὸ
691 4403 875 4456 δούλου
904 4403 1087 4456 λαϐεῖν
1124 4406 1366 4476 μορφήνο
1402 4407 1460 4458 ὲν
1499 4405 1687 4469 κόποις

1798 3232 1912 3286 pes,
1940 3226 1994 3270 et
2033 3226 2248 3270 tuorum
2282 3217 2610 3270 mirabilium
2639 3213 3048 3285 speculatores?

1870 3308 1958 3363 14.
1998 3306 2252 3378 Nunquid
2308 3318 2682 3378 cognoscentur
2734 3308 2789 3359 in
2829 3305 3053 3360 tenebris
3093 3303 3365 3358 mirabilia

1799 3400 1933 3454 tua?
1974 3398 2438 3465 Quemadmodum
2476 3399 2615 3468 apud
2655 3413 2749 3454 eos
2801 3399 2893 3469 qui
2924 3399 3206 3468 perierunt
3257 3413 3364 3452 non

1796 3500 1879 3545 est
1897 3491 2126 3554 veritas;
2155 3491 2227 3544 ita
2253 3492 2392 3558 apud
2417 3505 2510 3544 eos
2544 3490 2638 3559 qui
2693 3490 2746 3544 in
2794 3489 3035 3545 tenebris
3069 3502 3216 3553 sunt,
3253 3503 3364 3542 non

1797 3589 1924 3636 sunt
1948 3581 2236 3636 mirabilia.
2270 3581 2437 3636 Terra
2461 3581 2769 3648 oblivionis,
2797 3591 2881 3636 est
2905 3581 3084 3636 anima
3119 3582 3363 3634 rationa-

1795 3673 1862 3728 lis
1891 3672 2158 3726 fructibus
2194 3671 2429 3742 Spiritus
2459 3673 2632 3727 sancti
2667 3673 2892 3741 privata.
3055 3746 3059 3749 ι

1867 3764 1954 3818 15.
1999 3763 2216 3833 thuid,
2266 3765 2522 3827 Domine,
2574 3763 2778 3833 repellis
2835 3763 3124 3817 orationem
3171 3777 3362 3819 meam.

1796 3859 1987 3912 avertis
2022 3857 2210 3927 faciem
2243 3866 2386 3909 tuam
2411 3873 2443 3909 a
2475 3856 2598 3909 me?
2626 3856 2722 3910 Ille
2765 3855 2984 3925 quidem
3031 3869 3130 3925 pro
3165 3854 3364 3923 populo

1795 3949 2138 4018 precabatur,
2191 3949 2292 4018 ipsi
2343 3961 2471 4002 vero
2515 3946 2584 4002 ob
2619 3947 2889 4016 ingentem
2945 3946 3207 4000 malitiam
3245 3959 3365 3999 sese

1795 4042 1968 4096 salute
1999 4041 2254 4108 indignos
2288 4040 2542 4104 reddunt,
2579 4038 2653 4092 ita
2687 4047 2746 4092 ut
2771 4037 2890 4108 ejus
2922 4037 3227 4092 orationcm
3263 4049 3363 4106 pro

1793 4130 1926 4198 ipsis
1954 4129 2191 4182 oblatam
2221 4129 2376 4198 quasi
2411 4128 2655 4182 inutilem
2686 4126 2938 4182 elﬁciant.

1867 4305 1953 4359 16.
1997 4304 2212 4377 Pauper
2243 4323 2358 4361 sum
2409 4323 2501 4377 ego
2527 4317 2576 4359 et
2614 4307 2668 4358 in
2713 4305 2983 4358 laboribus
3021 4321 3054 4357 a
3086 4313 3364 4373 Juventute

1792 4416 1928 4453 mea.
1968 4397 2182 4470 Pauper
2205 4400 2432 4472 quidem
2461 4399 2588 4468 quia
2637 4398 2776 4453 servi
2829 4397 3060 4452 formam
3115 4399 3358 4467 accepit;

115 4497 162 4548 δὲ
195 4499 255 4547 ἐκ
285 4499 558 4564 νεότητος,
603 4495 735 4547 διότι
779 4496 842 4547 ἐκ
889 4495 1216 4565 σπαργάνων
1263 4496 1440 4549 αὐτῶν
1466 4497 1688 4549 ἐπεϐου-

1822 4511 1846 4546 u
1880 4494 2159 4548 laboribus
2199 4504 2379 4547 autem
2431 4509 2460 4546 a
2489 4493 2792 4562 juventute,
2831 4493 2960 4562 quia
2994 4493 3062 4548 ab
3096 4494 3230 4562 ipsis
3273 4493 3360 4547 in-

116 4591 292 4642 λεύετο
341 4589 494 4660 παρά
545 4605 605 4640 τε
666 4587 901 4658 Ἡρώδου
961 4587 1055 4641 καὶ
1110 4587 1218 4641 τῶν
1269 4590 1467 4659 ὁμοίων
1517 4589 1682 4660 αύτῷ.

126 4682 394 4750 ’Υψωθεὶς
429 4681 499 4733 δὲ
527 4679 927 4746 ἐταπεινώθην
964 4673 1062 4733 real
1097 4680 1688 4750 ἑξηπορήθην.”Υψω-

119 4792 192 4827 σιν
224 4776 319 4844 μὲν
349 4773 449 4844 τὴν
497 4773 589 4825 ἐπὶ
636 4771 731 4826 τοῦ
766 4773 996 4844 σταυροῦ
1042 4773 1226 4826 ἄνοδόν
1260 4790 1412 4843 φησι,
1454 4773 1592 4827 κατὰ
1627 4771 1684 4826 τὸ

117 4868 392 4937 εἰρημένον
421 4867 513 4918 ὑπ’
530 4864 696 4918 αὑτοῦ
715 4881 729 4894 ο
765 4866 942 4918 Ὅταν
967 4863 1253 4933 ὑψώσητε
1280 4864 1388 4917 τὸν
1423 4865 1562 4918 Υἱὸν
1576 4865 1682 4918 τοῦ

1790 4586 2098 4651 cunabulis,
2127 4584 2358 4640 Herodis
2387 4596 2440 4638 et
2473 4586 2733 4639 similium
2766 4586 2867 4656 ipsi
2909 4587 3191 4640 hominum
3221 4586 3324 4642 insi
3345 4615 3359 4627 ο

1785 4679 1894 4759 έΙὶιε
1929 4679 2200 4747 appetitus
2233 4687 2341 4732 est.
2391 4676 2676 4731 Exaltatus
2708 4688 2883 4733 autem
2911 4680 3223 4734 humiliatus
3242 4694 3359 4733 sum

1780 4769 1835 4822 ‘et
1899 4769 2260 4823 conturbatus.
2315 4768 2707 4823 Exaltationem
2760 4770 2892 4824 dicit
2938 4787 3226 4825 ascensum
3289 4769 3357 4823 ad

1785 4877 2000 4916 crucem
2028 4905 2042 4928 ,
2074 4861 2230 4931 juxta
2275 4862 2325 4916 id
2369 4863 2513 4932 quod
2550 4863 2617 4917 ab
2647 4863 2738 4916 illo
2793 4865 2998 4918 dictum
3053 4873 3137 4918 est
3174 4881 3187 4916 :
3223 4863 3356 4916 Cum

116 4959 436 5028 ἀνθρώπου.
485 4958 557 5010 Τὸ
605 4957 681 5020 δὲ,
733 4956 1153 5024 ἐταπεινώθην,
1204 4955 1292 5009 διὰ
1338 4956 1436 5028 τὴν
1492 4957 1683 5028 μέχρις

1822 4955 2141 5008 caltaverit-is
2178 4952 2373 5009 Filium
2409 4955 2635 5008 hominis
2671 4955 2732 5006 ⁸³.
2765 4953 2898 5009 Illud
2930 4964 3134 5018 autem,
3176 4953 3352 5006 humi-

121 5051 232 5101 ἆὸου
265 5049 490 5101 κάθοδον
523 5048 694 5115 λέγει.

187 5141 300 5195 Ἐπ’
325 5138 431 5206 ἐμὲ
473 5137 731 5205 διῆλθον
777 5141 834 5192 al
880 5138 1048 5206 ὀργαί
1078 5155 1216 5192 σου.
1253 5139 1460 5201 Πᾶσαν,
1499 5136 1682 5208 φησὶν,

124 5234 258 5302 ἐκὶνη
267 5249 359 5294 σας
405 5233 525 5284 κατ’
559 5231 694 5301 ἐμοῦ
725 5231 820 5302 τὴν
848 5232 1014 5302 ὀργήν
1035 5248 1048 5261 ⁸
1097 5232 1190 5286 καὶ
1229 5234 1346 5293 ταῖς
1373 5231 1684 5300 φοϐερωτά-

120 5336 223 5382 ταις
254 5339 315 5391 με
347 5320 674 5393 διετάραξας
702 5322 1010 5392 τιμωρίαις,
1039 5323 1131 5375 καὶ
1169 5321 1392 5386 ταύταις
1430 5322 1680 5394 καθάπερ

122 5411 288 5465 ὗξαςιν
315 5415 643 5486 ὑποϐρύχιον
676 5432 743 5486 με
777 5415 1103 5485 πεποίηκας.

194 5505 544 5575 Ἐμάκρυνας
569 5507 672 5564 ἀπ’
705 5507 850 5578 ἐμοῦ
888 5510 1070 5579 φίλον
1113 5507 1210 5564 καὶ
1257 5509 1524 5577 πλησίον
1574 5508 1673 5564 καὶ

79 5491 119 5532 .,ι

181 5722 390 5782 ⁸³3οίιη.
416 5745 533 5794 vm,
560 5727 651 5782 28.

1782 5048 1944 5102 liatus
1975 5064 2114 5114 sum,
2144 5048 2212 5103 de
2237 5063 2338 5102 suo
2371 5049 2424 5101 in
2459 5048 2732 5102 infernum
2762 5049 3026 5103 descensu
3059 5049 3154 5099 ait.

1856 5141 1945 5204 l7,
1989 5139 2074 5194 l8.
2107 5137 2173 5192 In
2213 5156 2294 5192 me
2338 5142 2658 5193 transierunt
2691 5142 2787 5194 ira:
2815 5152 2939 5202 tua),
2975 5149 3080 5193 etc.
3124 5136 3350 5190 Omnem

1782 5233 1942 5296 iram,
1973 5233 2168 5302 inquit,
2197 5233 2487 5286 adversum
2534 5247 2620 5285 me
2648 5232 2894 5284 excitasti
2921 5247 2935 5295 ;
2979 5240 3031 5283 et
3071 5228 3354 5283 terribilis-

1787 5325 1940 5378 simis
1986 5339 2072 5378 me
2120 5325 2399 5394 suppliciis
2452 5322 2813 5386 conturbasti,
2861 5323 3036 5391 iisque
3067 5335 3165 5376 ceu
3190 5321 3350 5391 aquis

1785 5431 1872 5469 me
1903 5416 2226 5472 demersisti.

1854 5510 1938 5565 19.
1972 5509 2249 5580 Elongasti
2272 5527 2305 5564 a
2335 5526 2414 5564 me
2443 5509 2671 5565 anticum
2696 5518 2746 5564 et
2783 5509 3102 5579 proximum,
3123 5517 3173 5562 et
3195 5511 3346 5563 nolite
