3778 6276
466 263 574 320 ’383

1305 268 1362 321 S.
1404 268 1767 326 ATHANASII
1808 274 1957 331 OPP.
1997 273 2176 331 PARS
2214 272 2302 327 111.
2336 303 2406 313 -
2437 271 2841 328 EXEGETICA.

3626 274 3754 329 584

406 370 415 373 ³
464 394 601 431 meos
650 395 681 431 a
714 381 946 433 miseria.
998 380 1265 436 Miseriam
1305 396 1461 439 vocat
1494 389 1760 456 passionis
1786 399 2017 459 tempus.

2120 388 2258 455 τοὺς
2298 390 2600 458 τινωστούζυ
2638 407 2755 457 μου
2798 388 2913 442 ἀπὸ
2958 388 3370 457 ταλαιπωρίας.
3399 388 3754 444 Taleum

459 470 549 523 Ait
575 468 740 539 igitur
798 479 1039 541 tempore
1069 475 1334 542 passionis
1371 480 1576 534 amicos
1617 493 1669 535 et
1709 492 1867 537 notos
1896 485 2021 537 reli-

458 560 646 629 quisse
687 563 885 631 ipsum.
943 563 1020 618 Ac
1078 566 1336 635 quoniam
1392 568 1564 637 factus
1597 580 1673 623 est
1711 570 1861 625 Patri
1902 572 2020 627 obe-

457 652 605 705 diens
638 667 801 723 usque
828 654 897 706 ad
926 666 1167 722 mortem,
1204 667 1422 712 mortem
1443 670 1616 713 autem
1638 664 1808 716 crucis
1844 663 1890 695 “
1914 704 1928 729 ,
1963 665 2016 719 in

457 759 620 799 cruce
655 755 834 799 autem
871 749 1091 805 relictus
1120 760 1203 805 est
1228 766 1257 804 a
1288 751 1568 820 discipulis
1589 794 1604 819 ,
1659 754 1778 809 ideo
1803 753 2014 810 Patrem

455 851 617 890 suum
646 837 932 910 elongasse
963 842 1168 898 amicos
1202 851 1256 897 et
1285 853 1444 899 notos
1465 845 1613 900 dicit.

449 1088 500 1145 1.
542 1088 878 1148 PSALMUS
922 1095 1212 1149 intellectus
1248 1096 1470 1150 [Et/iam
1519 1095 1782 1152 Israelita-
1829 1096 2010 1171 [Vuig.

562 1188 688 1231 cum
717 1177 904 1243 Hebr.,
926 1179 1149 1233 Αἳιίιαηι
1176 1180 1491 1253 Ezraltitw].
1522 1180 1725 1235 LXXX
1743 1181 1906 1236 VIII.

1038 1264 1435 1334 Argumentum.

443 1348 498 1405 In
538 1353 892 1423 praesentibus
919 1353 1123 1411 Christi
1152 1371 1218 1410 ex
1260 1357 1467 1413 semine
1497 1356 1663 1413 David
1713 1359 2014 1430 generatio-
2046 1343 2053 1347 ’

510 1460 669 1506 nem,
720 1454 774 1501 et
824 1449 944 1517 ejus
980 1464 1229 1518 regnum,
1268 1449 1618 1516 vaticinatur,
1673 1450 2008 1521 insnperque

509 1537 804 1591 salutarem
836 1539 1145 1608 passionem
1179 1556 1342 1610 quam
1379 1556 1476 1610 pro
1523 1542 1684 1597 nobis
1725 1544 2005 1601 sustinuit.

512 1624 821 1683 Intellectus
867 1639 1048 1685 autem
1080 1632 1374 1702 inscriptus
1409 1642 1528 1694 est,
1568 1634 1696 1703 quia
1741 1634 2007 1704 spirituali

2124 475 2243 546 ρίαν
2268 474 2357 527 τὸν
2378 474 2472 527 τοῦ
2495 473 2697 538 πάθους
2726 474 2915 545 καιρὸν
2944 476 3357 547 κατασημαίνει.
3386 477 3579 546 Λέγει
3605 474 3754 541 οὖνἹ

2118 566 2194 629 ὡς
2216 565 2377 638 παρὰ
2417 565 2479 619 τὸ
2512 567 2681 629 πάθος
2716 567 2876 621 αὑτὸν
2904 567 2996 620 καὶ
3024 569 3069 620 οἰ
3105 568 3245 636 φίλοι
3275 569 3367 621 καὶ
3398 572 3443 622 οἱ
3480 569 3754 640 γνώρι-

2119 674 2207 728 μοι
2257 658 2858 726 ὲγκατέλιπον.Ἐπειδῆ
2902 659 2959 712 δὲ
3004 659 3246 729 γέγονεν
3291 662 3597 727 ὑπήκοος
3656 660 3754 727 τῷ

2116 750 2297 817 Πατρί
2328 749 2503 821 μέχρι
2535 750 2815 816 θανάτου,
2848 750 3105 807 θανάτου
3137 751 3205 805 δὲ
3234 753 3537 821 σταυροῦ,
3577 754 3657 806 ἐν
3688 753 3754 807 δὲ

2115 841 2194 912 τῷ
2223 843 2438 914 σταυρῷ
2463 844 2880 898 καταλέλειπται
2911 844 3060 912 παρὰ
3087 844 3194 897 τῶν
3235 843 3497 916 μαθητῶν
3522 861 3542 875 ⁶
3589 843 3754 897 τού-

2114 949 2206 986 του
2254 935 2412 1007 χάριν
2458 936 2549 989 τὸν
2595 937 2813 1008 Πατέρα
2846 935 3010 989 αὐτοῦ
3044 936 3316 1008 μακρῦναι
3340 938 3465 1001 τοὺς
3502 938 3753 1006 φίλους

2113 1026 2206 1079 καί
2231 1029 2355 1090 τοὺς
2375 1027 2679 1099 γνωρίμους
2707 1028 2871 1097 λέγει.

2194 1121 2289 1172 ΨΑ
2308 1121 2509 1172 ΛΜοΣ
2552 1119 2857 1175 συνέσεως
2908 1118 3088 1189 Αἰθὰμ
3128 1118 3207 1185 τῷ
3262 1121 3659 1189 Ἰσραηλίτῃ.

2830 1207 2966 1258 ΠΗ’.

2737 1288 3059 1353 ’Υπόθεσις.
3402 1358 3413 1369 ι

2122 1380 2209 1432 Ἐν
2249 1382 2361 1444 τοῖς
2401 1380 2632 1453 παροῦσι
2672 1380 2769 1453 τὴν
2795 1382 2859 1434 ὲκ
2886 1381 3196 1453 σπέρματος
3225 1380 3387 1435 Δαυῖδ
3423 1381 3735 1453 γέννησιν

2175 1473 2269 1525 τοῦ
2300 1474 2559 1544 Χριστοῦ,
2600 1474 2694 1527 καὶ
2734 1475 2834 1545 τὴν
2887 1472 3160 1544 βασιλείαν
3201 1473 3364 1528 αὑτοῦ
3405 1472 3726 1540 θεσπίζει,

2176 1564 2270 1616 καὶ
2319 1563 2423 1635 μὴν
2466 1565 2561 1618 καί⁸
2617 1565 2678 1618 τὸ
2723 1564 2893 1629 πάθος
2938 1564 2998 1618 τὸ
3030 1566 3292 1636 σωτήριον
3324 1565 3353 1618 ὃ
3386 1565 3729 1636 ὑπέμεινεν

2177 1656 2317 1727 ὑπὲρ
2369 1656 2542 1727 ἡμῶν.
2575 1655 2886 1727 Συνέσεως
2917 1656 2974 1710 δὲ
3024 1657 3443 1729 ἐπιγέγραπται,
3494 1659 3721 1729 ἐπειδὴ

509 1729 689 1775 mente
717 1736 854 1790 opus
884 1735 965 1778 est
984 1725 1220 1781 maxime
1247 1727 1312 1780 ad
1353 1727 1755 1797 intelligendam
1802 1737 2004 1799 myste-

2172 1725 2539 1819 πνευματικοῦ
2572 1750 2803 1819 μάλιστα
2834 1725 2991 1820 χρεία
3024 1725 3285 1821 νοῦπρδς
3313 1750 3374 1803 τδ
3405 1754 3625 1822 νοῆσαι
3649 1725 3723 1804 τό

508 1810 714 1866 riorum
769 1813 889 1883 ejus
920 1816 1363 1885 profunditatem.
1420 1817 1495 1872 De
1545 1817 1741 1872 Eman
1789 1829 1991 1887 autem,

504 1904 648 1973 quod
689 1913 743 1959 et
786 1907 903 1976 ipse
935 1910 1196 1978 propheta
1242 1908 1427 1975 fuerit,
1477 1909 1532 1964 in
1562 1912 1996 1979 praecedentibus

505 1995 617 2065 jam
648 2010 960 2057 enarratum
995 2010 1099 2058 est.

506 2085 559 2140 2.
594 2087 985 2147 Misericordias
1016 2100 1154 2155 tuas,
1196 2091 1439 2156 Domine,
1482 2094 1539 2148 in
1573 2104 1829 2149 wternum
1877 2112 1998 2150 can-

436 2180 574 2234 tabo.
609 2181 672 2236 Et
694 2200 831 2253 quas
862 2186 1260 2242 misericordias
1286 2187 1540 2243 Domini?
1569 2206 1836 2259 quasnam
1868 2206 1993 2262 erga

433 2285 534 2325 nos
563 2273 754 2338 ell‘ecit,
777 2292 915 2344 quas
944 2287 1163 2334 cantare
1193 2280 1530 2335 debeamus?
1560 2283 1817 2348 nimirum
1848 2284 1995 2353 quod

431 2362 767 2432 principatus
809 2377 863 2422 et
908 2378 1204 2437 potestates
1263 2373 1330 2427 de
1362 2374 1536 2428 medio
1588 2375 1890 2437 sustulerit,
1942 2384 1999 2432 et

429 2452 604 2523 ipsum
635 2455 834 2512 diaboli
868 2460 1154 2530 imperium
1192 2482 1205 2517 :
1236 2480 1446 2534 nosque
1478 2466 1787 2522 liberaverit
1816 2483 1847 2522 a
1870 2482 1997 2538 pec-

430 2556 552 2601 cato
574 2559 628 2602 et
656 2561 845 2607 morte.
870 2551 935 2607 In
964 2558 1349 2625 generationem
1390 2567 1441 2611 et
1469 2562 1854 2628 generationem
1894 2578 1995 2615 au-

429 2640 680 2693 nuntiabo
718 2644 985 2697 veritatem
1016 2654 1159 2699 tuam
1196 2648 1249 2700 in
1277 2664 1365 2700 ore
1392 2664 1525 2703 meo.
1559 2648 1771 2707 Veritas
1821 2651 1995 2708 Patris

426 2736 513 2782 est
548 2728 737 2790 Filius,
770 2750 931 2803 quem
960 2738 1134 2791 sancti
1167 2738 1218 2792 in
1248 2740 1650 2808 generationem
1688 2752 1741 2796 et
1768 2759 1995 2811 genera-

426 2819 629 2875 tionem
663 2824 714 2877 in
750 2841 845 2880 ore
875 2837 1087 2896 gestant
1116 2846 1129 2883 τ
1161 2844 1339 2885 sermo
1367 2830 1511 2885 enim
1561 2832 1717 2902 quasi
1760 2833 1831 2888 ab
1863 2849 1994 2904 apo-

423 2909 616 2964 stolico
640 2913 807 2969 choro
830 2918 1092 2985 procedit.

493 3003 549 3058 5.
595 3004 858 3070 Quoniam
896 3011 1136 3067 dixisti:
1185 3011 1251 3068 In
1314 3023 1569 3069 a’ternum
1626 3016 1992 3071 misericordia

2172 1840 2331 1910 βάθος
2356 1840 2462 1894 τῶν
2487 1843 2653 1895 αὐτοῦ
2679 1842 3009 1913 μυστηρίων.
3027 1842 3105 1896 Τὰ
3129 1843 3182 1897 δὲ
3206 1843 3333 1915 περὶ
3357 1843 3449 1897 τοῦ
3474 1843 3715 1914 Aliam,

2169 1932 2245 1996 ὡς
2273 1934 2366 1986 καὶ
2392 1928 2546 1997 οὗτος
2578 1936 2860 2006 προφήτης
2885 1930 2973 2006 ἦν,
3002 1937 3059 1988 ὲν
3091 1938 3203 2000 τοῖς
3231 1935 3581 2009 προλαϐοῦσι
3606 1952 3697 1989 σου

2169 2025 2285 2094 φῶς
2306 2026 2669 2098 διηγόρευται.

2176 2117 2250 2171 Τὰ
2273 2116 2413 2186 ἐλὲη
2448 2134 2583 2182 σου,
2606 2120 2800 2187 Κύριε,
2822 2123 2907 2186 εἰς
2941 2120 3047 2174 τὸν
3074 2120 3260 2175 αἰῶνα
3285 2120 3533 2190 ᾄσομαι.
3578 2120 3705 2176 Καὶ

2098 2213 2226 2264 ποῖα
2274 2209 2344 2262 τὰ
2390 2210 2510 2281 ὲλέη
2550 2210 2644 2263 τοῦ
2676 2211 2901 2283 Κυρίου,
2927 2211 2963 2266 ἃ
3002 2213 3299 2283 πεποίηκεν
3331 2216 3409 2277 εἰς
3438 2215 3628 2284 ἡμᾶς,
3661 2214 3703 2269 ἃ

2097 2303 2190 2356 καὶ
2220 2303 2362 2374 ᾄδειν
2391 2304 2710 2374 ὀφείλομενς
2751 2303 2784 2374 ἢ
2830 2302 2890 2357 τὸ
2927 2304 3172 2358 καθελεῖν
3224 2304 3320 2376 μὲν
3354 2303 3454 2368 τὰς
3501 2306 3703 2377 ἀρχὰς

2097 2396 2190 2449 καὶ
2223 2395 2320 2459 τὰς
2359 2395 2625 2462 ἐξουσίας,
2667 2396 2760 2450 καὶ
2788 2396 2917 2450 αὐτὸ
2948 2395 3043 2449 τοῦ
3073 2396 3314 2449 διαϐόλου
3347 2396 3408 2449 τὸ
3434 2399 3658 2468 κράτος
3677 2414 3693 2428 ·

2095 2482 2451 2556 ἐλευθερῶσαι
2478 2485 2538 2539 δὲ
2561 2486 2707 2556 ἡμᾶς
2739 2485 3009 2557 ἁμαρτίας
3034 2487 3128 2539 καὶ
3156 2486 3405 2540 θανάτου.
3450 2490 3570 2553 Εἰς
3592 2504 3697 2556 τε·

2094 2576 2241 2631 νεὰν
2265 2578 2363 2630 καὶ
2396 2577 2611 2646 γενεὰν
2640 2576 2956 2646 ἀπαγγελῶ
2987 2578 3103 2643 τὴν
3131 2577 3418 2644 ἀλήθειάν
3452 2596 3585 2634 σου
3618 2579 3697 2633 ἐν·

2095 2667 2173 2734 τῷ
2201 2668 2451 2737 στόματί
2473 2686 2609 2737 μου.
2629 2668 2876 2740 amem
2906 2668 3004 2739 μὲν
3024 2667 3117 2722 τοῦ
3144 2670 3357 2740 Πατρὺς
3378 2670 3406 2722 ὁ
3437 2669 3601 2732 Υἱὸς,
3623 2668 3691 2722 ὃν

2097 2759 2189 2811 καὶ
2221 2761 2301 2822 εἰς
2329 2758 2521 2826 γενεὰν
2549 2760 2642 2812 καὶ
2676 2760 2867 2828 γενεὰν
2904 2760 2996 2813 ἐπὶ
3024 2760 3287 2830 στόματος
3315 2762 3363 2814 οἰ
3396 2761 3551 2830 ἅγιοι
3585 2760 3692 2831 φέ-

2096 2863 2310 2918 ρουσιν·
2360 2846 2474 2900 ἐστι
2520 2848 2629 2918 γὰρ
2673 2851 2701 2902 ὁ
2745 2848 2903 2917 λόγος
2944 2848 3019 2912 ὡς
3046 2850 3154 2903 ἀπὸ
3183 2848 3276 2902 τοῦ
3307 2849 3685 2905 ἀποστολικοῦ

2093 2952 2274 3006 χορου.

2167 3028 2284 3079 ’Ότι
2300 3023 2470 3094 εἶπας
2489 3044 2503 3057 ·
2540 3029 2642 3093 Εἰς
2662 3026 2768 3080 τὸν
2788 3025 2972 3082 αἰῶνα
2992 3029 3164 3094 ἕλεος
3197 3028 3683 3098 οἰκοδομηθήσμ

423 3097 793 3165 (edi/imbitur.
857 3102 960 3167 Tu,
994 3105 1186 3175 inquit,
1237 3122 1269 3160 ο
1324 3107 1572 3173 Domine,
1625 3110 1885 3180 dignatus
1930 3126 1990 3166 es

2119 3136 2206 3172 ἀι.
2223 3121 2315 3184 Σὺ,
2329 3113 2373 3172 ὦ
2385 3119 2647 3184 Δέσποτα,
2664 3120 2844 3190 φησὶν,
2863 3119 3284 3189 ἐπαγγείλασθαι
3294 3095 3677 3191 κατηξίωσαςἰ

420 3187 682 3255 polliceri,
730 3192 782 3246 in
842 3205 1104 3250 aeternum
1164 3198 1594 3254 misericordiam
1652 3218 1902 3271 magnam
1936 3212 1990 3258 et

419 3277 719 3332 mirabilem
774 3285 992 3339 assidue
1035 3289 1418 3343 “aediﬁcandam
1478 3292 1531 3345 in
1581 3293 1772 3358 caelis.
1821 3294 1873 3347 id
1905 3303 1990 3349 est

418 3374 851 3439 praeparandam.
886 3378 930 3433 si
944 3394 998 3433 ve
1021 3381 1385 3436 excitandam.
1410 3381 1546 3437 Nam
1581 3386 1726 3455 quod
1757 3386 1987 3442 aediﬁca‘

417 3467 507 3515 tur
542 3465 945 3533 quodammodo
989 3473 1254 3527 excitatur
1284 3483 1336 3528 et
1364 3476 1612 3545 erigitur.
1667 3477 1761 3533 Est
1802 3487 1984 3533 autem

416 3550 548 3607 illud
590 3557 738 3613 salus
766 3569 820 3614 et
847 3563 1017 3631 gratia
1046 3572 1149 3633 ‘pcr
1176 3565 1453 3622 Christum
1486 3568 1629 3624 data.
1673 3568 1985 3626 Misericor-

414 3643 501 3696 dia
532 3646 747 3714 quidem
787 3649 877 3706 Dei
917 3654 1163 3710 homines
1215 3657 1477 3724 aaditicat,
1542 3660 1741 3716 veritas
1795 3671 1980 3718 autem

413 3748 681 3804 praeparat
708 3753 923 3798 sanctas
952 3746 1193 3803 virtutes.
1222 3748 1624 3817 Prarparabitur
1650 3754 1841 3808 veritas
1865 3764 1977 3809 tua.

412 3823 875 3890 Quemadmodum
910 3838 1056 3892 salus
1091 3838 1294 3895 Christi
1330 3843 1704 3898 misericordia
1731 3854 1783 3897 et
1807 3846 1979 3913 gratia

409 3926 655 3984 vocatur,
682 3924 755 3975 ita
786 3940 1003 3995 quoque
1032 3939 1255 3985 vocatur
1278 3934 1500 3994 veritas,
1534 3950 1654 4002 quae
1696 3951 1871 4004 usque
1910 3938 1978 3991 ad

409 4007 596 4074 cmlos,
624 4010 720 4076 ait,
747 4016 980 4071 excitata
1000 4028 1082 4073 est
1103 4034 1198 4087 per
1213 4022 1533 4091 sanguinem
1560 4065 1574 4091 ,
1605 4026 1721 4081 sive
1752 4027 1805 4081 in
1838 4042 1977 4084 terra

409 4100 524 4156 sive
550 4104 603 4157 in
633 4107 792 4162 coelo.

472 4192 527 4248 4.
560 4196 810 4266 Disposui
837 4211 1203 4259 testamentum
1230 4208 1407 4263 electis
1447 4212 1573 4265 meis
1594 4252 1608 4276 ,
1640 4212 1970 4281 Abrahamo,

404 4284 599 4357 inquit.
631 4300 685 4346 et
706 4291 951 4348 Jacoho:
985 4297 1051 4353 iis
1079 4300 1224 4354 enim
1258 4303 1656 4370 promissiones
1698 4305 1765 4359 de
1812 4305 1973 4361 Chri-

403 4387 488 4433 sto
507 4380 673 4445 dedit,
708 4383 861 4451 juxta
889 4386 939 4441 id
972 4392 1118 4457 quod
1148 4390 1355 4447 dictum
1387 4402 1473 4449 est
1506 4410 1520 4449 :
1562 4393 1630 4449 Et
1665 4396 1972 4452 benedicen-

403 4477 491 4520 tur
520 4472 574 4524 in
595 4476 787 4530 semine
818 4486 905 4531 tuo
934 4496 1110 4536 omnes
1141 4484 1306 4539 tribus
1342 4494 1496 4541 terrea
1527 4488 1593 4541 “.
1635 4489 1826 4544 Juravi
1858 4490 1969 4544 θος

399 4559 485 4612 vid
515 4578 660 4617 servo
707 4584 836 4623 meo.
867 4570 933 4625 Et
964 4573 1182 4629 ubinam
1203 4576 1430 4645 juravit,
1470 4581 1575 4635 nisi
1612 4597 1736 4636 cum
1765 4584 1972 4638 diceret

400 4648 476 4704 illi
510 4668 522 4705 :
556 4650 623 4706 Et
661 4660 757 4710 erit
793 4673 1070 4732 postquam
1109 4668 1310 4735 impleti
1359 4671 1559 4740 fuerint
1608 4674 1721 4728 dies
1776 4676 1875 4740 tui,
1917 4684 1967 4730 et

398 4743 675 4801 dormieris
701 4767 818 4804 cum
852 4758 1090 4822 patribus
1116 4762 1218 4814 tuis
1241 4802 1256 4826 ,
1286 4775 1530 4834 exsurget
1554 4767 1619 4820 de
1655 4769 1850 4822 semine
1875 4778 1965 4823 tuo

396 4837 553 4902 alius,
577 4840 668 4909 qui
692 4844 793 4895 erit
824 4860 889 4897 ea:
924 4860 1098 4902 ventre
1128 4860 1215 4905 tuo
1243 4870 1260 4905 :
1284 4853 1351 4906 Et
1380 4858 1693 4925 pra’parabo
1720 4860 1774 4914 in
1809 4870 1964 4914 aeter-

393 4943 516 4984 num
553 4948 766 4999 regnum
819 4937 953 5002 eius.
1011 4940 1130 5010 Ipse
1180 4946 1462 5014 cedi/icabit
1496 4950 1711 5005 domum
1759 4953 1961 5007 nomini

393 5034 524 5074 meo.
561 5020 626 5076 Et
659 5024 861 5094 erigam
889 5044 1101 5098 regnum
1130 5032 1241 5100 ejus
1268 5036 1323 5087 in
1364 5037 1638 5092 swculum.
1699 5040 1812 5112 Ego
1869 5059 1957 5096 ero

389 5109 469 5162 illi
500 5113 551 5164 in
574 5125 799 5184 patrem,
823 5130 871 5174 et
909 5122 1017 5189 ipse
1045 5125 1144 5175 erit
1179 5124 1308 5178 mihi
1339 5126 1389 5178 in
1425 5128 1596 5194 [ilium
1625 5131 1712 5185 "‘3

2092 3214 2173 3268 ὅτι
2219 3216 2300 3276 εἰς
2340 3212 2432 3266 τὸν
2481 3212 2652 3267 αἰῶνα
2685 3211 2947 3284 διηνεκῶς
2981 3211 3128 3276 ἔλεος
3165 3212 3304 3283 μέγα
3331 3214 3424 3267 καὶ
3451 3213 3675 3286 θαυμα·

2093 3304 2216 3358 στὸν
2262 3303 2777 3374 οἰκοδομηθήσεταιο
2824 3303 2854 3357 ὃ
2899 3304 3014 3357 ἐστι
3067 3304 3675 3377 κατασκευασθήσεται,

2088 3398 2255 3468 ἧγουν
2284 3396 2658 3468 ἐγερθήσεται.
2678 3396 2752 3450 Τὸ
2778 3395 2888 3467 γὰρ
2914 3395 3362 3467 οἰκοδομούμενον
3389 3395 3673 3469 ἐγείρεταί

2090 3505 2207 3551 πως
2238 3488 2332 3541 καὶ
2354 3488 2818 3542 ἀνίσταται.Ἐστι
2843 3488 2901 3541 δὲ
2928 3486 3084 3541 τοῦτο
3112 3488 3145 3559 ἡ
3173 3486 3261 3541 διὰ
3292 3488 3530 3560 Χριστοῦ
3561 3505 3671 3541 σω-

2084 3579 2247 3651 τηρία
2269 3581 2363 3633 καὶ
2387 3579 2564 3651 χάρις.
2596 3580 2669 3633 Τὸ
2695 3581 2791 3651 μὲν
2830 3579 2978 3645 ἕλεος
3006 3579 3100 3633 τοῦ
3133 3579 3267 3634 θεοῦ
3298 3583 3425 3645 τοὺς
3449 3580 3666 3651 ἀνθρώ·

2084 3686 2220 3733 πους
2248 3670 2534 3742 οἰκοδομεῖ,
2562 3673 2595 3740 ἡ
2650 3670 2707 3724 δὲ
2752 3670 2979 3744 ἀλήθεια
3028 3672 3305 3742 ἑτοιμάζει
3354 3673 3453 3738 τὰς
3500 3674 3665 3743 ἁγίας

2082 3760 2904 3833 δυνάμεις.⁹Ετοιμασθήσεται
2945 3763 2984 3831 ἡ
3031 3765 3283 3834 ἀλήθειά
3305 3766 3661 3835 σου.“Ωσπερ

2082 3853 2223 3924 ἡδιὰ
2255 3854 2491 3925 Χριστοῦ
2526 3857 2770 3926 σωτηρία
2800 3857 2946 3922 ἕλεος
2988 3859 3083 3912 καὶ
3117 3860 3296 3931 χάρις.
3327 3859 3468 3914 οὕτω
3499 3860 3595 3914 καὶ
3622 3858 3655 3928 ὴ

2080 3943 2303 4015 ἀλήθεια
2341 3945 2510 4000 πάλιν
2538 3946 2802 4011 καλεῖται,
2831 3948 2865 4020 ἢ
2897 3951 2990 4003 καὶ
3019 3951 3210 4024 μέχρις
3245 3957 3489 4024 οὐρανῶν
3517 3962 3618 4021 εγη

2081 4052 2294 4108 γερται,
2332 4038 2489 4110 φησὶ,
2516 4037 2605 4091 διὰ
2631 4038 2724 4092 τοῦ
2757 4041 3006 4111 αἵματος,
3037 4043 3145 4096 εἴτε
3189 4044 3284 4096 ἐπὶ
3330 4044 3431 4114 γῆς
3459 4042 3569 4096 εἴτε
3594 4042 3654 4093 ἐν

2078 4128 2314 4199 οὐρανῷ.

2145 4219 2427 4288 Διεθέμην
2472 4219 2765 4291 διαθήκην
2807 4222 2932 4290 τοῖς
2985 4224 3292 4290 ἐκλεκτοῖς
3329 4242 3448 4294 μου
3476 4239 3492 4255 ⁸
3527 4222 3647 4278 Ἀϐο

2077 4312 2243 4384 ραὰμ,
2268 4314 2420 4384 φησί,
2440 4315 2535 4368 καὶ
2563 4315 2754 4369 Ἰακώϐ
2776 4334 2789 4347 ο
2818 4316 3027 4373 τούτοις
3055 4316 3162 4389 γὰρ
3180 4317 3243 4388 δὴ
3256 4316 3352 4382 τὰς
3365 4317 3489 4388 περὶ
3508 4318 3640 4386 Χρι-

2003 4445 2048 4501 D
2079 4402 2204 4456 στοῦ
2259 4402 2586 4471 ἐπαγγελίας
2642 4403 2841 4459 δέδωκε
2894 4406 3032 4460 κατὰ
3080 4406 3141 4459 τὸ
3182 4407 3494 4478 εἰρημένον·
3526 4403 3631 4459 Καὶ

2073 4494 2657 4563 ἑνευλοτηθήσονται
2684 4498 2755 4551 ἐν
2790 4496 2868 4562 τῷ
2898 4497 3191 4567 σπέρματί
3216 4514 3332 4553 σου
3369 4496 3554 4552 πᾶσαι
3582 4496 3640 4547 αἰ

2072 4587 2257 4654 φυλαί
2288 4584 2398 4653 τῆς
2442 4585 2815 4657 ῄςπομοσα
2842 4588 3022 4642 Δαυῒδ
3047 4588 3127 4654 τῷ
3153 4588 3351 4655 δούλῳ
3375 4606 3512 4658 μου.
3536 4586 3638 4640 Καὶ

2072 4676 2177 4730 ποῦ
2211 4677 2424 4748 ὤμοσεν
2464 4678 2496 4748 ἢ
2541 4682 2599 4733 ὲν
2628 4679 2705 4750 τῷ
2730 4682 2900 4732 εἰπεῖν
2934 4679 3070 4750 πρὸς
3095 4681 3254 4734 αὐτόν
3275 4699 3289 4711 ·
3329 4680 3437 4734 Καὶ
3473 4679 3636 4733 ἔσται

2069 4767 2216 4820 ὅταν
2247 4766 2645 4835 πληρωθῶσιν
2670 4774 2728 4823 αἱ
2757 4770 2966 4839 ἡμέραι
2995 4786 3132 4834 σου,
3173 4771 3268 4826 καὶ
3310 4769 3632 4840 κοιμηθήσῃ

2061 4859 2211 4929 μετὰ
2259 4858 2379 4913 τῶν
2428 4860 2702 4929 πατέρων
2749 4876 2865 4915 σου
2884 4879 2899 4894 ·
2959 4863 3363 4929 ἀναστήσεται
3415 4863 3483 4916 ἐκ
3532 4858 3631 4913 τοῦ

2066 4951 2406 5022 σπέρματός
2444 4967 2562 5008 σου
2608 4953 2814 5020 ἄλλος,
2861 4953 2929 5021 ὃς
2966 4956 3137 5011 ἔσται
3167 4956 3233 5009 ἐκ
3268 4954 3377 5022 τῆς
3409 4953 3630 5016 κοιλίας

2064 5062 2199 5099 σου.
2231 5047 2339 5100 Καὶ
2367 5046 2661 5116 ἑτοιμάσω
2694 5051 2783 5115 εἰς
2823 5048 2931 5103 τὸν
2970 5048 3153 5103 αἰῶνα
3176 5048 3291 5116 τὴν
3314 5046 3630 5113 ,ϐασιλείαν

2061 5138 2263 5193 αὐτοῦ.
2301 5141 2493 5208 Αὐτὸς
2528 5142 2906 5213 οἰκοδομήσει
2932 5139 3098 5197 οἶκον
3120 5142 3199 5207 τῷ
3227 5141 3470 5211 ὀνόματι
3493 5153 3622 5209 μου.

385 5204 494 5258 Καὶ
523 5205 842 5306 ιξνυρθὼσω
874 5214 989 5283 τὴν
1011 5216 1337 5280 ,ϐασιλείαν
1365 5221 1550 5276 αὑτοῦ
1576 5225 1664 5289 εἰς
1706 5226 1812 5280 τὸν
1834 5226 2034 5283 αἰῶνα.
2055 5231 2200 5301 Ἐγὼ
2233 5234 2447 5303 ἔσομαι
2468 5204 2646 5301 ἀὐτῷ
2695 5204 2803 5302 εἰς.
2830 5236 3074 5306 πατέρα,
3112 5204 3212 5291 καὶ
3247 5204 3431 5301 αὐτὸς
3461 5204 3619 5287 ἔσται

380 5310 482 5366 μοι
502 5299 590 5364 εἰς
612 5302 759 5358 υἱόν.

457 5390 511 5445 5.
547 5391 946 5464 Conﬁtebuntur
990 5404 1105 5458 caeli
1149 5406 1421 5462 mirabilia
1475 5418 1588 5464 tua.
1641 5410 1757 5467 [loc
1780 5414 1857 5467 ait
1880 5417 1949 5471 ob

385 5479 665 5541 Christum
693 5500 902 5558 natum.
937 5505 991 5551 et
1017 5498 1159 5566 quod
1189 5500 1368 5569 angeli
1400 5502 1715 5571 pastoribus
1738 5520 1949 5561 annun-

2141 5418 2719 5488 Ἐξομολογήσονται
2737 5435 2792 5474 οι
2819 5426 3060 5490 ουρονοί
3081 5437 3154 5476 τα
3177 5417 3477 5490 θαυμάσιά
3490 5430 3613 5472 σου.

2056 5510 2226 5564 Τοῦτό
2250 5528 2383 5583 φησι
2410 5512 2498 5567 διὰ
2527 5512 2612 5567 τοῦ
2639 5513 2989 5584 γεννηθέντος
3006 5512 3266 5587 Χριστοῦ,
3294 5514 3387 5568 καὶ
3409 5507 3617 5580 ποιμέσι

458 5690 501 5725 υ
525 5687 759 5766 Philipp.
791 5711 851 5763 lt,
884 5696 935 5753 8.
1010 5700 1055 5732 "
1082 5699 1218 5757 Gen.
1250 5719 1389 5773 nn,
1419 5705 1506 5766 18.
1577 5709 1623 5743 ¹⁶
1655 5708 1674 5764 ἰ
1704 5706 1883 5774 Paral.
1919 5725 2051 5781 svu,
2090 5713 2268 5770 ll-M.
