3778 6276
79 273 176 329 $39

1123 275 1483 332 EXPOSITIO
1522 278 1587 334 IN
1625 279 1955 338 PSALMUM
1997 283 2322 341 LXXXVIII.

3249 294 3352 351 550

82 391 340 459 λυσύνης
393 394 464 444 ὲν
513 391 760 462 ὑψηλοῖς,
807 394 1022 448 πάντων
1068 397 1356 470 κατάρχων
1412 397 1551 468 μετὰ
1596 395 1677 450 τοί

1796 401 2044 468 excelsis,
2081 403 2338 458 omnibus
2367 419 2642 474 imperans
2669 421 2792 462 cum
2826 407 3072 477 genitore
3096 423 3218 464 suo.
3243 409 3352 465 Ve—

84 485 202 536 Biau
252 485 639 556 γεννήτορος.
669 485 878 539 Οὐκοῦν
922 487 1120 558 ἀληθὲς
1164 491 1225 544 τὸ
1265 490 1572 563 εἰρημένον,
1608 491 1689 544 ὅτι

85 578 194 628 Οὐκ
223 576 569 646 ὠφελήσει
594 578 807 646 ἐχθρὸς
831 579 901 632 ἐν
936 579 1115 646 αὐτῷ.

141 666 255 720 Καὶ
299 670 626 736 συγ-κόψω
661 671 780 723 ἀπὸ
815 671 922 725 τοῦ
961 671 1283 741 προσώπου
1325 674 1510 728 αὐτοῦ
1548 674 1690 741 τοὺς

83 759 338 825 ἐχθροὺς
405 760 635 815 αὐτοῦ.
691 762 1083 832 Παραδέδονται
1127 767 1235 837 γὰρ
1280 768 1346 836 τῇ
1403 766 1688 836 Ῥωμαίων

88 851 368 920 στρατεία,
398 853 506 904 καὶ
536 852 830 906 διολώλασι
855 856 1155 919 παντελῶς.

143 941 250 995 Καὶ
281 942 324 1007 ἡ
353 942 634 1007 ἀλήθειά
650 962 770 1012 μου
793 945 890 998 καὶ
914 945 979 999 τὸ
997 947 1169 1013 ἔλεός
1185 966 1304 1017 μου
1327 951 1457 1018 μετ’
1479 948 1684 1003 αὐτοῦ.

97 1031 386 1101 Ἀλήθειαν
411 1032 522 1094 τὴν
545 1036 608 1086 ὲν
633 1035 900 1106 πνεύματι
935 1039 1027 1091 καὶ⁹
1049 1039 1273 1111 ἀληθείᾳ
1306 1041 1558 1112 λατρείαν
1588 1058 1690 1111 φη-

92 1128 160 1177 σὶν
180 1169 196 1191 ,
231 1128 305 1196 ἣν
337 1130 700 1200 εἰσηγήσατο
729 1133 857 1201 ἡμῖν
883 1134 910 1186 6
938 1135 1169 1202 Χριστὸς
1202 1136 1340 1190 κατὰ
1374 1136 1435 1189 τὸ
1467 1136 1688 1207 είρημέσ

89 1234 160 1267 πθ
202 1218 352 1287 πρὸς
413 1218 526 1288 τὴν
580 1222 637 1272 ἐν
682 1223 744 1291 τῇ
791 1222 1070 1294 Σαμαρείᾳ
1095 1229 1352 1292 γυναῖκα·
1379 1227 1622 1296 Πνεῦμα
1655 1235 1688 1286 o'

90 1308 236 1374 6e69,
270 1309 384 1360 καὶ
422 1309 584 1374 τοὺς
625 1312 1120 1380 προσκυνοῦντας
1156 1315 1360 1382 αὐτὸν,
1403 1319 1473 1372 ἐν
1508 1323 1689 1375 πνεύ-

87 1411 202 1460 ματι
231 1395 342 1448 καὶ
375 1397 654 1465 ἀληθείᾳ
680 1399 774 1453 δεῖ
801 1387 1184 1469 προσκυνεῖν.
1221 1407 1328 1460 Καὶ
1359 1408 1421 1460 τὸ
1458 1409 1602 1474 ἔλεος
1630 1411 1688 1464 δὲ

88 1486 134 1535 εὖ
163 1486 230 1538 δι’
259 1487 448 1540 ἄλλον
506 1491 812 1561 πεποίηκεν
849 1495 876 1545 6
921 1494 1050 1558 Θεὸς
1093 1498 1172 1560 είς
1219 1499 1368 1568 ἡμᾶς
1408 1499 1556 1572 ἤδιά
1592 1503 1688 1556 τοῦ

90 1577 420 1645 aermna-3;
453 1581 631 1633 αὐτοῦ
665 1583 809 1638 Υίοῦ.
840 1585 918 1637 Δι’
945 1587 1108 1640 αὑτοῦ
1143 1589 1250 1660 γὰρ
1281 1592 1440 1662 μόνου
1469 1595 1562 1647 καὶ
1589 1597 1688 1667 τὴν

89 1669 132 1718 ἑτι
159 1668 456 1739 πνεύματι
488 1671 591 1724 καὶ
631 1671 858 1745 ἀληθείᾳ
885 1675 1158 1746 ἐμάθομεν
1191 1681 1575 1752 προσκύνησιν,
1596 1685 1688 1736 καὶ

89 1760 404 1830 κατηλεήθη
418 1778 553 1830 μεν,
593 1762 970 1835 ἀναιρεθέντος
1003 1769 1256 1834 θανάτου,
1301 1774 1396 1826 καὶ
1431 1775 1528 1845 τῆς
1554 1775 1684 1846 φθο-

90 1852 172 1919 ρᾶς
215 1852 286 1904 ἐκ
337 1853 531 1922 μέσου
565 1857 884 1928 γενομένης.
917 1860 1026 1913 Καὶ
1061 1861 1130 1914 ἐν
1160 1860 1240 1928 τῷ
1285 1864 1530 1934 ὀνόματί
1565 1886 1684 1937 μου

89 1944 487 2008 ὑψωθήσεται
537 1946 605 1999 τό
641 1947 818 2016 κέρας
852 1952 1057 2008 αὐτοῦ.
1089 1955 1211 2018 Τοῖς
1257 1955 1365 2029 γὰρ
1409 1959 1683 2030 ὀνόμασιν,

87 2029 155 2098 εἷς
194 2037 453 2104 μάλιστα
497 2039 773 2107 πρέπουσι
815 2042 892 2112 τῷ
927 2045 1121 2115 Πατρὶ,
1162 2049 1257 2101 καὶ
1307 2050 1467 2115 αὐτὸς
1501 2055 1528 2105 6
1561 2053 1686 2117 Υἱὸς

90 2123 409 2188 ᾇλξὰζεταιο
461 2125 581 2180 οἷόν
632 2129 684 2181 τί
725 2148 894 2200 φημι·
942 2133 1072 2198 Θεὸς
1117 2137 1368 2208 ἀληθινὸς
1399 2141 1426 2192 ὁ
1455 2142 1682 2213 Πατήρ·

91 2216 233 2269 τοῦτό
253 2221 385 2271 ἐστι
414 2221 518 2274 καὶ
551 2221 676 2284 Υἱός
698 2239 712 2253 ο
747 2225 908 2288 αὐτὸς
937 2228 1043 2299 γάρ
1069 2230 1214 2284 ἐστιν
1238 2233 1270 2303 ή
1298 2231 1552 2304 ἀλήθεια·
1593 2236 1686 2290 καὶ

93 2308 251 2378 mea,
283 2311 442 2363 κατὰ
479 2312 647 2380 φύσιν
683 2316 711 2367 6
740 2317 928 2390 Πατήρ
962 2321 1077 2372 ἐστί
1105 2338 1166 2374 τε
1192 2322 1286 2375 καὶ
1326 2323 1683 2395 ὀνομάζεται,

94 2400 238 2454 τοῦτο
279 2402 345 2454 δὲ
395 2403 569 2458 πάλιν
597 2406 692 2459 καὶ
713 2410 740 2460 6
763 2409 922 2472 Υἱὸς’
960 2412 1121 2475 αὐτὸς
1152 2413 1261 2484 γάρ
1294 2433 1491 2487 φησιν’
1542 2419 1686 2488 Ἐγώ

96 2496 196 2561 ειμι
217 2497 257 2563 ἡ
285 2496 648 2566 ἀνάστασις
681 2503 775 2555 καί
806 2502 844 2569 ἠ
875 2502 1006 2574 ζωή.
1038 2504 1149 2577 (59)
1178 2507 1344 2562 Τοῦτο
1369 2509 1522 2579 ἔλεγε
1550 2513 1686 2583 πρὸς

97 2586 174 2637 τὸν
200 2587 410 2642 ἑαυτοῦ
440 2591 687 2662 Πατέρα,
725 2595 806 2647 ὃτι
838 2595 1042 2650 Πάντα
1071 2598 1142 2653 τὰ
1174 2600 1286 2670 ἐμὰ
1309 2601 1390 2655 σά
1411 2602 1563 2671 ἐστι,
1587 2607 1681 2659 καί

95 2677 159 2730 τὰ
177 2679 262 2732 σὰ
286 2679 434 2750 ἐμά.

162 2771 268 2822 Kal
318 2771 595 2840 θήσομαι
631 2774 702 2827 ἐν
737 2777 1015 2849 θαλάσσῃ
1044 2781 1210 2850 χεῷα
1236 2785 1441 2838 αὐτοῦ.
1476 2787 1684 2841 Θάλασ-

98 2874 189 2910 σαν
226 2861 356 2928 μὲν,
387 2861 468 2924 ὡς
519 2866 948 2938 προειρήκαμεν,
985 2871 1082 2941 τὴν
1127 2874 1185 2925 ἐν
1230 2875 1459 2946 δυσμαῖς
1503 2878 1684 2951 χώραν

98 2953 257 3020 φησί’
298 2955 591 3024 ποταμοὺς
633 2957 692 3014 δὲ
730 2959 830 3031 τὴν
873 2963 1043 3032 μέσην
1073 2965 1178 3018 τῶν
1208 2970 1470 3039 ποταμῶν
1514 2972 1680 3040 λέγει,

98 3045 210 3113 ἦτοι
252 3047 365 3116 τὴν
408 3047 700 3120 ἀνατολήν.
732 3052 897 3121 Φησὶν
922 3050 1033 3119 οὖν,
1064 3056 1124 3109 ὄτ

99 3139 374 3206 ωυμένην
404 3140 439 3208 ἡ
473 3139 638 3192 αὐτοῦ
685 3143 882 3213 πρᾶξις

99 3225 300 3293 ταμοῖς
329 3226 545 3291 δεξιὰν
575 3231 781 3284 αὑτοῦ.
802 3234 886 3284 Ἐν
917 3236 1014 3304 μὲν
1045 3240 1110 3308 τῇ
1143 3239 1382 3312 θαλάσσῃ
1410 3241 1615 3300 τίθεται
1650 3247 1682 3316 ή

98 3318 215 3385 χεὶρ
243 3317 342 3369 τοῦ
375 3319 638 3389 Χριστοῦ,
663 3322 721 3373 ὲν
746 3322 802 3374 δὲ
836 3326 945 3387 τοῖς
974 3334 1235 3399 ποταμοῖς
1318 3332 1467 3398 δεξιὰ
1499 3335 1683 3389 αὑτοῦ.

101 3409 240 3478 Πλὴν
273 3410 373 3462 ἐὰν
407 3411 629 3484 Θελήσῃ.
663 3414 694 3483 ἡ
732 3414 971 3470 θάλασσα
1013 3420 1220 3487 γίνεται
1266 3425 1543 3495 ποταμόςο
1591 3428 1686 3480 καὶ

103 3501 256 3552 πάλιν
288 3503 318 3552 6
360 3503 629 3572 ποταμὸς,
654 3505 748 3558 ἐὰν
775 3511 986 3583 τηρήσῃ
1026 3513 1116 3566 τὸν
1147 3517 1212 3567 ὲκ
1238 3516 1337 3586 τῆς
1365 3517 1569 3584 κοιλίας
1596 3523 1687 3574 αὺ-

101 3590 189 3642 ττιῦ
224 3592 421 3662 ῥέοντα
460 3595 723 3665 ποταμὸν,
747 3598 841 3650 τοῦ
881 3598 1084 3667 ζῶντος
1131 3604 1321 3670 ὕδατος
1345 3609 1555 3676 γίνεται
1589 3611 1684 3666 θά-

107 3701 290 3737 ιασσα.

167 3775 366 3840 Αὐτὸς
413 3776 841 3838 ἐπικαλέσεταί
885 3801 988 3853 με·
1042 3787 1243 3857 Πατήρ
1279 3794 1413 3861 ’μου
1471 3790 1528 3848 el
1578 3795 1679 3860 σὺ,

109 3868 241 3932 Θεές
261 3885 410 3936 μου.
451 3870 619 3925 Πάλιν
658 3874 888 3928 ἐνταῦθα
925 3879 1282 3951 οἰκονομικῶς
1331 3886 1360 3937 6
1407 3902 1684 3959 σεσαρκω-

109 3958 255 4024 μένος
274 3960 414 4014 Θεὸν
443 3963 637 4018 ἑαυτοῦ
649 3967 740 4019 τὸν
757 3968 976 4040 Πατέρα
1003 3969 1176 4039 καλεῖ,
1210 3973 1382 4044 λέγων
1406 3993 1420 4006 ·
1442 3958 1687 4048 Πορεύου

104 4067 197 4114 μαι
226 4053 382 4119 πρὸς
424 4053 535 4106 τὸν
562 4057 795 4125 Πατέρα
821 4078 942 4128 μου
974 4063 1070 4115 καὶ
1108 4065 1339 4134 Πατέρα
1363 4069 1546 4138 ὑμῶν,
1583 4072 1682 4126 καὶ

109 4145 246 4197 Θεόν
283 4163 408 4212 μου
444 4147 543 4200 καὶ
585 4149 732 4202 Θεὸν
756 4152 1018 4220 ὑμῶν.’0
1059 4158 1168 4228 γὰρ
1219 4163 1503 4233 προφήτης
1549 4166 1681 4234 φησὶ

108 4237 225 4305 api
275 4236 469 4302 αὑτοῦ,
498 4240 710 4294 παιδίον
752 4240 1091 4315 ’γεννώμενον
1137 4253 1508 4321 προφητεύων,
1547 4256 1679 4310 Θεὸν

110 4327 315 4396 ἰσχυρὸν
345 4329 540 4397 ἔλεγεν
572 4333 754 4397 αὐτὸν,
783 4337 1125 4408 Πατέρατοῦ
1154 4342 1436 4411 μέλλοντος
1462 4347 1673 4412 αἰῶνος.

1790 505 1910 544 rum
1950 490 2133 561 itaque
2170 501 2252 548 est
2283 494 2425 562 quod
2460 494 2696 550 dicitur:
2731 495 2882 550 Nihil
2907 498 3143 567 proﬁciet
3173 499 3352 554 inimi-

1789 596 1880 635 cus
1913 581 1970 634 in
2000 598 2082 636 eo.

1855 673 1946 729 24.
1988 673 2058 727 Et
2077 673 2347 728 concidam
2376 691 2409 728 a
2437 675 2569 744 facie
2589 676 2753 746 ipsius
2782 678 3024 736 inimicos
3053 684 3188 753 ejus.
3221 683 3356 740 Tra-

1787 762 1885 818 diti
1925 779 2161 834 namque
2193 773 2322 821 sunt
2349 764 2724 824 Romanorum
2755 772 3040 840 exercitui,
3081 786 3136 834 et
3167 779 3353 834 fundi-

1788 861 1876 908 tus
1903 854 2202 922 perierunt.

1854 944 1943 998 25.
1973 945 2041 999 Et
2071 949 2262 1001 veritas
2301 963 2418 1001 mea
2448 959 2499 1002 et
2526 951 2884 1007 misericordia
2919 971 3034 1010 mea
3063 972 3180 1011 cum
3215 959 3350 1028 ipso.

1787 1034 2080 1093 Veritatem
2110 1039 2466 1095 dicitcultum
2511 1042 2564 1095 in
2605 1045 2798 1114 spiritu
2835 1055 2890 1100 et
2917 1048 3160 1117 veritate,
3188 1065 3351 1120 quem

1788 1129 1999 1184 induxit
2027 1131 2184 1186 nobis
2219 1132 2486 1200 Christus,
2512 1134 2666 1204 juxta
2694 1135 2747 1190 id
2777 1137 2922 1206 quod
2952 1139 3156 1194 dictum
3181 1150 3266 1196 est
3285 1141 3351 1196 ad

1789 1219 2186 1276 Samaritanam
2225 1225 2505 1280 mulierem
2539 1244 2552 1280 :
2595 1225 2827 1297 Spiritus
2865 1239 2941 1283 est
2986 1230 3150 1297 Deus,
3177 1241 3227 1286 et
3263 1235 3352 1304 qui

1786 1309 2010 1363 adorant
2038 1328 2156 1365 eum
2181 1313 2235 1365 in
2260 1314 2451 1383 spiritu
2473 1324 2522 1368 et
2566 1318 2784 1371 ueritate
2817 1329 3019 1389 oportet
3045 1321 3268 1376 adorare
3283 1323 3350 1378 ".

1786 1396 2216 1456 Misericordiam
2257 1419 2386 1458 vero
2424 1421 2531 1459 non
2578 1421 2675 1475 per
2716 1409 2885 1463 alium
2931 1410 3088 1466 nobis
3123 1414 3353 1468 contulit

1787 1491 1930 1548 Deus
1971 1509 2134 1562 quam
2166 1510 2263 1564 per
2309 1498 2648 1568 unigenitum
2689 1499 2885 1555 Filium
2920 1517 3102 1558 suum.
3137 1503 3240 1560 Per
3267 1505 3350 1576 ip-

1788 1599 1909 1639 sum
1935 1587 2078 1640 enim
2115 1588 2288 1643 solum
2317 1597 2368 1644 et
2402 1591 2774 1648 adorationem
2805 1595 2860 1648 in
2909 1597 3104 1665 spiritu
3130 1607 3183 1652 et
3214 1600 3353 1654 veri-

1791 1683 1898 1729 tate
1929 1675 2275 1740 edidicimus,
2307 1688 2360 1732 et
2391 1680 2819 1738 misericordiam
2843 1688 3121 1741 consecuti
3141 1704 3352 1755 sumus,

1722 1752 1760 1805 Β
1789 1764 1962 1821 deleta
1991 1777 2164 1823 morte
2190 1779 2242 1824 et
2266 1774 2614 1842 corruptione
2633 1775 2699 1829 de
2733 1778 2911 1833 medio
2935 1780 3166 1835 sublata.
3197 1780 3266 1835 Et
3299 1752 3352 1836 in

1791 1859 1997 1913 nomine
2025 1876 2134 1913 meo
2153 1861 2478 1917 exaltabitur
2506 1882 2666 1920 cornu
2698 1868 2832 1936 ejus.
2867 1870 3186 1927 Nominibus
3208 1873 3352 1927 enim

1788 1965 1908 2019 quae
1943 1953 2175 2006 maxime
2211 1952 2358 2007 Patri
2389 1959 2736 2022 conveniunt,
2780 1961 2894 2030 ipse
2932 1977 3153 2031 quoque
3179 1963 3354 2018 Filius

1787 2053 2010 2096 ornatur
2053 2061 2065 2097 :
2111 2047 2342 2115 exempli
2397 2063 2562 2103 causa
2611 2051 2735 2106 dico
2782 2071 2795 2106 :
2853 2051 2996 2108 Deus
3054 2070 3215 2111 verus
3269 2067 3352 2112 est

1786 2131 1979 2199 Pater;
2026 2135 2262 2204 idipsum
2301 2148 2384 2192 est
2418 2137 2587 2195 Filius
2622 2162 2635 2195 :
2671 2143 2786 2212 ipse
2821 2160 3057 2216 namque
3095 2157 3178 2202 est
3206 2150 3349 2204 veri-

1786 2233 1868 2279 tas
1897 2243 1909 2278 :
1936 2234 1989 2279 8|.
2012 2227 2118 2279 vita
2153 2230 2450 2284 secundum
2501 2241 2750 2288 naturam
2783 2234 2942 2289 Pater
2969 2245 3053 2291 est
3102 2246 3156 2292 et
3188 2253 3353 2293 V008-

1789 2325 1897 2382 tur,
1932 2318 2062 2374 illud
2104 2320 2232 2375 item
2278 2332 2360 2378 est
2401 2322 2570 2380 Filius
2609 2344 2622 2380 :
2665 2327 2782 2396 ipse
2810 2344 3047 2398 namque
3079 2331 3155 2384 ait
3193 2349 3205 2384 :
3237 2329 3350 2401 Ego

1785 2423 1900 2461 sum
1919 2413 2231 2464 resurrectio
2268 2423 2316 2467 et
2348 2415 2472 2470 vita.
2501 2416 2613 2487 (59)
2646 2415 2761 2473 Hoc
2787 2419 2999 2475 dicebat
3036 2419 3124 2476 ille
3153 2421 3220 2476 ad
3248 2420 3354 2477 Pa~

1787 2506 1942 2554 trem:
1975 2499 2168 2555 Omnia
2199 2519 2314 2557 mea
2350 2514 2444 2559 tua
2468 2517 2608 2575 sunt,
2650 2517 2699 2562 et
2729 2519 2821 2563 tua
2842 2527 2958 2564 mea
2982 2521 3104 2566 sunt
3133 2511 3198 2567 ".

1853 2800 1944 2855 ‘26.
2005 2802 2075 2856 Et
2101 2820 2292 2873 ponam
2319 2807 2374 2860 in
2398 2811 2534 2862 mari
2557 2826 2766 2864 manum
2799 2813 2933 2882 ejus.
2959 2814 3128 2882 Mare,
3157 2816 3232 2873 uti
3258 2833 3350 2873 su-

1785 2907 1881 2960 pra
1900 2893 2160 2960 diximus,
2197 2898 2584 2954 occidentalem
2631 2903 2904 2972 regionem
2943 2914 3101 2960 vocat
3129 2925 3144 2973 ;
3174 2906 3354 2962 ﬁumi-

1788 2999 1857 3039 na
1898 3000 2026 3040 vero
2083 2985 2528 3058 Mesopotamiam
2581 2993 2695 3047 sive
2747 2996 3006 3050 orientem
3052 3007 3347 3069 nuncupat.

1128 3076 1145 3110 t.
1171 3060 1251 3122 εἰς
1276 3061 1454 3114 πᾶσαν
1488 3063 1587 3133 τὴν
1609 3066 1677 3116 oi~

1796 3073 1873 3128 Ait
1893 3074 2074 3146 itaque
2103 3093 2200 3147 per
2231 3094 2446 3135 omnem
2489 3092 2685 3137 terram
2729 3084 2847 3152 ejus
2889 3101 3026 3156 opus
3064 3096 3350 3143 extensum

919 3147 1296 3218 ἐκταθήσεται.
1341 3153 1450 3206 Καὶ
1494 3153 1677 3208 ἐνπο-

1796 3166 1872 3219 iri.
1898 3165 1968 3220 Et
1991 3168 2042 3220 in
2077 3169 2382 3238 ﬂuminibus
2411 3172 2678 3228 dexteram
2705 3176 2838 3245 ejus.
2865 3179 2923 3230 In
2955 3179 3090 3232 mari
3131 3180 3352 3249 ponitur

1785 3273 1979 3313 manus
2010 3258 2236 3328 Christi,
2278 3262 2334 3316 in
2360 3262 2675 3322 ﬂuminibus
2712 3277 2895 3322 autem
2938 3269 3160 3325 dextera
3205 3271 3346 3341 ejus.

1785 3347 1984 3404 Verum
2011 3351 2058 3404 si
2083 3353 2229 3417 velit,
2257 3370 2404 3409 mare
2430 3357 2657 3413 eﬁicitur
2683 3359 2880 3416 ﬁumen
2911 3381 2925 3415 :
2959 3371 3012 3416 et
3039 3373 3226 3418 contra
3249 3364 3350 3417 llu-

1785 3456 1904 3495 men
1935 3441 1979 3496 si
2013 3442 2150 3498 alvei
2190 3446 2274 3499 sui
2313 3461 2509 3518 aquam
2544 3451 2795 3516 retiue’at,
2825 3468 2982 3524 aqua:
3025 3454 3160 3510 viva:
3187 3472 3346 3511 mare

1782 3530 2028 3588 efficitur.

1851 3795 1941 3849 27.
1988 3793 2110 3862 Ipse
2142 3796 2404 3850 invocabit
2439 3813 2519 3851 me
2552 3814 2570 3851 :
2611 3797 2777 3852 Pater
2818 3817 2960 3855 meus
2999 3819 3052 3856 es
3085 3813 3160 3869 lu,
3207 3805 3346 3862 Deus

1783 3902 1947 3940 meus.
1985 3885 2101 3942 Hoc
2128 3886 2248 3942 Ioco
2277 3888 2370 3957 qui
2402 3888 2717 3946 incarnatus
2749 3903 2830 3946 est
2858 3910 2953 3963 per
2985 3901 3344 3955 meonomiam

1784 3978 1952 4034 Deum
1986 3989 2144 4034 vocat
2171 3978 2386 4035 Patrem
2420 3997 2578 4036 suum
2603 3984 2828 4040 dicens:
2867 3985 3015 4041 Vada
3039 3991 3107 4044 ad
3131 3990 3348 4049 Patrem

1782 4088 1954 4125 meum
2003 4082 2052 4127 et
2098 4071 2317 4127 Patrem
2364 4085 2611 4142 vestrum,
2656 4076 2824 4132 Deum
2875 4096 3044 4134 meum
3094 4093 3143 4137 et
3181 4083 3346 4138 Deum

1780 4173 2009 4218 vestrum
2043 4164 2108 4219 ⁸⁸.
2147 4163 2283 4219 Nam
2331 4169 2592 4236 propheta
2622 4169 2686 4223 de
2719 4171 2812 4226 illo
2843 4171 3103 4240 loquitur,
3129 4191 3252 4230 cum
3283 4177 3349 4231 de

1781 4270 1946 4323 puero
1999 4266 2126 4310 nato
2172 4259 2576 4326 praenuntians,
2640 4262 2808 4316 Deum
2872 4262 3066 4318 fortem
3133 4269 3347 4322 vocavit

1781 4347 1953 4410 illum,
1981 4347 2194 4402 Patrem
2223 4349 2389 4404 futuri
2419 4351 2602 4404 saeculi
2627 4351 2691 4404 ".

169 4422 270 4484 Εις
299 4420 410 4474 τὸν
434 4421 621 4476 altam
644 4426 893 4492 φυλάξω
920 4429 1078 4495 αὐτῷ
1109 4432 1176 4485 τὸ
1215 4436 1385 4502 ἔλεός
1423 4456 1542 4506 μου
1584 4441 1677 4494 καὶ

1852 4439 1942 4492 ‘29.
1986 4438 2053 4492 In
2080 4449 2329 4493 internum
2360 4442 2574 4494 servabo
2613 4441 2696 4495 illi
2730 4445 3149 4500 misericordiam
3178 4464 3344 4504 meam

106 4507 401 4595 Ctaorjznr.
418 4531 558 4580 μου.
589 4517 746 4587 Αὐτῷ
773 4520 870 4588 μὲν
897 4521 975 4592 τῷ
1006 4527 1384 4580 πεπιστευκότι
1416 4528 1483 4580 δι’
1509 4531 1673 4584 αὑτοῦ

107 4601 208 4673 λαῷ
239 4607 631 4673 (ms-3381.20;
661 4610 717 4663 δὲ
744 4613 842 4683 τὴν
879 4613 966 4668 διὰ
1006 4615 1243 4680 πίστεως
1273 4618 1465 4688 ἄφεσιν
1505 4621 1670 4690 λέγει.

104 4695 368 4768 Διιθήκην
414 4699 471 4751 δὲ
517 4701 614 4770 τὴν
659 4702 785 4756 νέαν
836 4707 1018 4776 φησιν,
1051 4710 1116 4778 ἣν
1157 4710 1250 4762 καὶ
1280 4713 1476 4783 πιστὴν
1510 4711 1669 4781 εἶναι,

105 4787 214 4837 ἀντὶ
245 4787 377 4850 τῶν,
410 4790 624 4862 ἀσφαλῆ
671 4794 764 4845 καὶ
799 4794 1020 4863 βεϐαίαν
1049 4801 1142 4852 καὶ
1174 4803 1456 4870 μένουσαν.
1477 4804 1540 4858 Ἦ
1574 4807 1673 4877 μὲν

105 4876 202 4948 γὰρ
229 4879 420 4950 πρώτη
457 4881 693 4954 διαθήκη
739 4886 1006 4942 πέπαυται
1052 4890 1139 4944 διὰ
1165 4893 1223 4945 τὸ
1252 4895 1422 4965 αὐτῆς
1453 4876 1673 4965 ἀσθενὲς

108 4969 190 5020 καὶ
208 4971 485 5040 ἀνωφελές
508 4974 702 5034 ’,οὐδὲν
727 4976 837 5047 γὰρ
863 4979 1173 5035 ἐτελείωσεν
1197 4986 1225 5037 6
1250 4985 1431 5055 νόμος.

170 5154 271 5205 Kal
297 5153 562 5225 θήσομαι
586 5161 673 5225 εὶς
699 5161 806 5215 τὸν
830 5163 1017 5218 αἰῶνα
1036 5167 1142 5221 τοῦ
1167 5169 1379 5236 αἰῶνος
1402 5173 1468 5224 τὸ
1494 5174 1677 5243 σπέρ-

103 5261 178 5309 μα
197 5246 399 5300 αὐτοῦ.
429 5250 506 5307 Οὐ
542 5251 810 5306 παύσεται
847 5256 956 5327 γὰρ
1005 5257 1064 5311 τὸ
1107 5261 1444 5330 Χριστιανῶν
1483 5265 1672 5338 ὄνομα,

111 5337 316 5408 καὶτῆς
343 5341 706 5415 εὐαγγελικῆι,
745 5345 997 5419 λατρείας
1047 5353 1078 5421 ή
1127 5352 1384 5424 δύναμις
1421 5357 1674 5428 διηνεκὴς

109 5425 156 5477 δὲ
185 5430 377 5497 μᾶλλον
403 5434 554 5488 ἔσται
585 5436 682 5489 καὶ
709 5438 1103 5512 ὰκατάληκτος.

1778 4538 1828 4583 et
1858 4528 2227 4584 testamentum
2257 4549 2448 4585 meum.
2495 4533 2600 4601 Ipsi
2647 4534 2855 4588 scilicet
2887 4539 3090 4607 populo
3130 4540 3220 4610 qui
3255 4556 3350 4610 per

1777 4635 1900 4674 eum
1941 4622 2188 4676 credidit.
2214 4622 2644 4678 Misericordiam
2669 4635 2849 4680 autem
2884 4639 3038 4684 vocat
3066 4634 3348 4686 remissio-

1779 4728 1900 4767 nem
1927 4729 2048 4783 quaz
2093 4729 2187 4782 per
2233 4714 2388 4768 ﬁdem
2430 4715 2726 4771 ohlinetur.
2769 4717 3174 4778 Testamentum
3220 4740 3348 4780 vero

1781 4819 1980 4858 novum
2012 4805 2108 4868 ait,
2137 4807 2281 4874 quod
2314 4806 2469 4861 ﬁdele
2502 4807 2652 4875 dicit,
2684 4811 2888 4866 scilicet
2917 4814 3154 4881 ﬁrmum,
3189 4832 3346 4872 secu-

1779 4911 1899 4949 rum
1930 4906 1983 4950 et
2015 4913 2263 4953 manens.
2290 4897 2422 4953 Nam
2447 4903 2680 4971 primum
2715 4906 2846 4960 illud
2872 4917 3252 4962 testamentum
3277 4910 3346 4962 ob

1779 4986 2150 5042 inﬁrmitatem
2175 4999 2227 5043 et
2254 4989 2603 5046 inutilitatem
2633 5011 2785 5049 suam
2825 4997 3007 5052 desiit.
3029 4997 3174 5050 Nihil
3200 4997 3345 5052 enim

1779 5078 1842 5130 ad
1873 5079 2170 5146 perfectum
2197 5081 2423 5135 deduxit
2444 5083 2550 5138 lex.

1850 5169 1938 5225 30.
1996 5170 2065 5224 Et
2109 5189 2302 5242 ponam
2349 5175 2404 5228 in
2451 5177 2702 5229 sarculum
2751 5177 2934 5230 διεσαίὶ
2980 5193 3150 5230 semen
3209 5181 3343 5248 ejus.
3381 5197 3408 5246 ς-

1779 5264 2066 5335 Nunquam
2101 5268 2338 5322 cessabit
2379 5270 2523 5322 enim
2562 5268 3000 5323 Christianorum
3043 5285 3261 5338 nomen,
3294 5284 3345 5329 et
3395 5258 3406 5326 ξ

1779 5357 1954 5412 virtus
1992 5360 2291 5425 evangelici
2334 5362 2547 5425 cultus;
2589 5361 2700 5417 imo
2744 5360 2924 5430 potius
2960 5373 3217 5434 perpetua
3243 5366 3348 5422 erit

1774 5459 1826 5504 et
1851 5451 2289 5508 interminabilis.

174 5564 398 5622 “lJoan.
427 5586 496 5632 IV,
531 5572 622 5627 24.
667 5573 708 5604 "
741 5573 899 5657 Joan.
948 5596 1078 5647 xvn,
1113 5581 1200 5636 IO.
1263 5585 1324 5655 f3
1358 5583 1516 5642 Joan.
1556 5603 1646 5656 xx,
1691 5589 1780 5644 I7.
1847 5589 1902 5623 ³³
1941 5590 2042 5648 Isa.
2085 5593 2172 5657 ix,
2199 5591 2247 5648 6.

175 5679 280 5749 ('59)
319 5681 414 5740 I'Iic
436 5686 619 5742 deﬁcit
647 5651 958 5746 contrarius.
