3778 6276
406 262 504 318 59!

1250 257 1306 314 S.
1347 257 1717 314 ATHANASII
1756 259 1909 315 OPP.
1948 259 2128 316 PARS
2166 258 2252 314 Ill.
2295 288 2364 300 --
2399 254 2811 313 EXEGETICA.

3522 261 3640 315 392

478 377 566 445 '56,
592 378 680 432 57.
724 365 1079 446 Sehfeljtirovi
1107 377 1162 430 in
1188 386 1370 431 sancto
1396 394 1530 442 meo,
1560 379 1603 432 si
1627 377 1796 432 David
1820 395 1960 431 men-

2144 377 2317 441 Ἀπαξ
2339 376 2544 446 ὤμοσα
2563 376 2632 429 ἐν
2660 374 2740 440 τῷ
2769 375 2914 444 ἁγίῳ
2935 392 3074 444 μου,
3097 379 3149 430 ει
3171 373 3249 440 τῷ
3273 375 3452 430 Δαυῒδ
3479 378 3641 446 ψεύο

411 474 535 526 tiar.
562 469 749 526 Simile
788 480 869 525 est
909 470 957 524 ei
997 470 1138 540 quod
1174 471 1281 525 alio
1325 471 1442 526 loco
1483 473 1720 528 dicitur:
1753 470 1964 525 Juravit

2065 471 2489 539 σομαι.”ομοιον
2527 469 2604 539 τῷ
2636 467 2869 538 ἀλλαχοῦ
2918 468 3218 539 εἰρημένῳο
3256 469 3472 536 Ὧμοσε
3517 468 3650 523 Κύ-

415 562 665 616 Dominus
693 561 861 615 David
892 563 1178 626 veritatem,
1214 571 1386 616 etnon
1416 563 1841 631 frustrabitur".
1873 561 1967 616 Se-

2144 579 2188 626 ›ς
2216 559 2294 625 τῷ
2326 560 2505 614 Δαυῖδ
2534 559 2838 625 ἀλήθειαν,
2867 559 2962 612 καὶ
2993 562 3062 614 οὐ
3088 559 3172 628 μὴ
3223 559 3518 627 ἀθετήσει.
3561 559 3644 614 Τὸ

411 672 525 708 men
553 655 664 722 ejus
690 655 742 707 in
774 664 1024 707 wteruum
1049 655 1298 708 manebit.
1333 656 1528 708 Semen
1567 653 1786 709 Davidis
1806 655 1966 708 Chri-

412 755 556 801 stum
581 746 728 807 dicit,
763 745 856 813 qui
896 745 1186 800 secundum
1227 761 1441 800 carnem
1473 762 1534 799 ex
1566 747 1771 800 semine
1797 745 1965 800 David

411 847 572 893 natus
601 847 700 891 est.
733 835 837 904 Qui
871 847 923 892 et
955 839 1008 890 in
1040 850 1297 892 aeternum
1343 837 1600 890 manebit.
1641 834 1758 889 Non
1792 845 1968 904 potest

412 931 613 1000 quippe
659 930 773 984 tieri
811 945 932 983 eum
966 931 1066 1000 ,qui
1101 929 1239 984 Dens
1277 930 1366 990 sit,
1408 939 1462 982 et
1496 943 1620 982 vere
1651 927 1741 981 Dei
1774 927 1965 992 Filius,

414 1037 519 1076 non
556 1022 705 1075 omni
739 1024 898 1076 modo
919 1037 982 1076 ac
1017 1021 1225 1074 ratione
1262 1030 1522 1074 aeternum
1549 1033 1693 1075 esse.

491 1203 577 1259 58.
622 1203 691 1256 Et
732 1204 945 1257 thronus
985 1203 1096 1272 ejus
1135 1204 1268 1255 sicut
1315 1202 1393 1256 sol
1430 1204 1483 1255 in
1527 1210 1800 1271 conspectu
1835 1216 1967 1255 meo.

2064 654 2300 721 σπέρμα
2340 653 2524 707 αὑτοῦ
2567 655 2655 719 εἰς
2696 654 2802 706 τόν
2847 651 3031 705 αἰῶνα
3068 651 3253 720 μένει.
3285 654 3510 723 Σπέρμα
3538 653 3641 707 τοῦ

2066 745 2224 797 Δαυῖδ
2252 761 2382 813 φησι
2419 745 2508 798 τὸν
2539 745 2602 796 ἐκ
2639 744 2948 814 σπέρματος
2977 742 3138 796 uasta
3164 744 3304 796 κατὰ
3334 745 3509 814 σάρκα
3545 760 3650 812 γε-

2066 837 2391 906 γεννημένον
2414 837 2769 907 Χριστόν.Ὃς
2803 836 2895 888 καὶ
2927 837 3006 899 εἰς
3037 836 3126 889 τὸν
3159 836 3327 889 αἰῶνα
3363 837 3528 907 μένει.
3561 837 3648 890 Οὐ

2067 928 2174 998 γάρ
2215 929 2330 980 ἐστι
2368 927 2475 981 τῶν
2513 927 2893 998 ἐνδεχομένων,
2920 925 3049 980 Θεὸν
3075 927 3201 979 ὄντα
3229 926 3322 980 καὶ
3355 927 3489 980 Θεοῦ
3513 926 3646 980 κατ’

2067 1019 2320 1089 ἀλήθειαν
2351 1019 2494 1090 Υίδν,
2526 1017 2598 1090 μὴ
2636 1020 2811 1089 πάντη
2836 1035 2896 1070 τε
2929 1019 3022 1072 καὶ
3049 1019 3266 1071 πάντων
3312 1014 3451 1072 εἶναι
3504 1017 3653 1072 αἰώ-

2068 1127 2200 1162 νιον.
2749 1164 2758 1173 ,

2138 1199 2246 1253 Kal
2293 1202 2326 1253 ό
2368 1201 2581 1268 θρόνος
2609 1199 2792 1253 αὐτοῦ
2823 1199 2902 1265 ὡς
2931 1203 2964 1253 ὀ
2995 1200 3166 1267 ἣλιος
3193 1201 3468 1254 ἐναντίον
3492 1217 3647 1270 μου.

415 1292 693 1348 Thronuni
711 1293 908 1349 Christi
941 1294 1172 1361 intellige
1209 1292 1503 1346 Ecclesiam
1540 1310 1553 1345 :
1585 1291 1636 1344 in
1665 1292 1752 1344 illa
1775 1291 1971 1359 quippe

2144 1293 2266 1346 πόνον
2293 1291 2525 1363 Χριστοῦ
2559 1293 2724 1346 ἐννόει
2768 1292 2865 1362 τὴν
2909 1292 3259 1364 Ἐκκλησίαν·
3294 1293 3656 1346 ὲπαναπαύε-

416 1384 723 1452 requiescit.
757 1382 871 1436 Erit
908 1385 1089 1453 igitur,
1127 1383 1320 1451 inquit,
1356 1381 1590 1435 Ecclesia
1627 1380 1829 1436 Christi
1863 1379 1970 1434 ful-

415 1489 547 1544 gens
574 1481 627 1526 et
660 1473 972 1526 illuminans
1017 1471 1228 1535 orbem,
1258 1485 1588 1538 manensque
1619 1469 1671 1521 in
1709 1478 1969 1522 aeternum

415 1564 554 1619 sicut
592 1564 670 1618 sol
711 1573 763 1618 et
795 1564 939 1618 luna.
979 1562 1110 1616 Nam
1155 1564 1357 1616 dictum
1398 1561 1526 1615 illud
1571 1561 1641 1613 ita
1671 1575 1728 1613 se
1760 1559 1922 1611 habet
1954 1575 1967 1612 :

416 1654 484 1709 Et
514 1655 728 1712 thronus
758 1657 869 1723 ejus
897 1657 1030 1708 sicut
1068 1655 1146 1707 sol
1172 1657 1226 1708 in
1269 1661 1542 1723 conspectu
1575 1667 1706 1716 utea,
1749 1660 1797 1702 et
1836 1651 1970 1704 sicut

414 1747 538 1800 luna
563 1748 792 1817 perfecta
814 1750 867 1802 in
899 1758 1168 1810 aeternum,
1196 1756 1243 1799 et
1275 1747 1416 1798 testis
1440 1745 1494 1797 iu
1523 1743 1649 1796 caelo
1680 1742 1872 1811 ﬁdelis.

484 2025 572 2080 '59.
615 2026 691 2078 ἓν
724 2039 838 2078 vero
863 2025 1101 2092 repunsti
1120 2032 1168 2076 et
1189 2022 1493 2091 despexisti,
1526 2020 1784 2075 distulisti
1813 2018 1970 2073 Chri-

413 2124 551 2170 stum
578 2126 743 2170 tuum.
785 2114 916 2180 Quae
961 2115 1012 2168 in
1041 2114 1344 2168 veneranda
1390 2127 1553 2168 cruce
1599 2113 1969 2182 contigerunt,

412 2211 554 2265 beati
597 2209 869 2279 prOphetze
909 2209 1255 2262 annuntiant.
1305 2205 1496 2260 Dicunt
1538 2206 1720 2274 itaque
1744 2204 1889 2258 Patri
1920 2214 1974 2259 et

417 2299 522 2356 Deo
557 2300 903 2356 :Promisisti
942 2301 994 2354 in
1033 2308 1293 2354 teternum
1339 2312 1751 2368 permansurum
1789 2311 1971 2352 semen

413 2392 601 2457 David,
629 2405 682 2448 et
717 2395 970 2448 thronum
1007 2392 1125 2462 ejus
1157 2391 1298 2446 sicut
1329 2391 1496 2445 solem
1520 2400 1574 2445 et
1613 2392 1793 2444 lunam
1831 2390 1975 2443 futu-

410 2499 532 2539 rum
565 2503 578 2539 :
612 2485 704 2538 sed
741 2485 980 2554 repulisti
1019 2494 1067 2537 et
1088 2483 1392 2551 despexisti,
1422 2483 1678 2535 distulisti
1704 2481 1974 2535 Christum

411 2588 578 2632 tuum.
605 2579 737 2632 Illud
767 2589 968 2642 autem,
999 2577 1238 2646 repulisti
1272 2586 1320 2630 et
1348 2577 1651 2644 despexisti,
1685 2575 1974 2644 signiﬁcat,

411 2669 594 2736 repelli
625 2679 677 2721 et
714 2668 915 2736 despici
947 2668 1287 2721 concessisti.
1317 2665 1499 2734 Neque
1521 2665 1664 2718 enim
1703 2648 1860 2718 Pater
1890 2677 1976 2717 re-

411 2757 547 2826 pulit
573 2768 626 2812 et
649 2759 890 2827 despexit
914 2760 1188 2827 proprium
1218 2755 1413 2810 Filium
1442 2773 1455 2820 ;
1481 2757 1572 2808 sed
1599 2754 1768 2809 Judaei
1795 2755 1976 2824 pitius

411 2849 542 2904 illud
574 2859 802 2918 egerunt
834 2864 848 2901 :
892 2859 947 2903 at
985 2848 1282 2904 secundum
1326 2846 1740 2917 permissionem
1792 2845 1886 2900 Dei
1924 2855 1978 2901 et

411 2938 608 2994 Patris.
641 2939 816 3008 Atque
852 2939 980 2992 illud
1028 2947 1108 2993 est
1156 2937 1294 3007 quod
1351 2937 1550 2990 dicitur
1579 2954 1592 2990 :
1626 2935 1728 3000 Qui
1764 2938 1974 3006 propria

412 3027 555 3084 Filio
587 3010 689 3083 non
729 3031 976 3093 oeoercit,
1031 3029 1119 3082 sed
1154 3044 1246 3080 ora
1286 3027 1432 3081 nobis
1466 3027 1690 3082 tradidit
1726 3027 1877 3081 illum
1904 3027 1971 3079 ⁸⁸.

480 3294 569 3349 ιο.
606 3293 855 3352 Evertistt
891 3305 1252 3349 testamentum
1276 3295 1408 3348 servi
1437 3294 1534 3346 tui.
1566 3291 1864 3359 Distulisti,
1894 3292 1977 3346 in-

415 3388 554 3454 quit,
603 3386 827 3456 implere
863 3373 1250 3454 promissiones
1278 3401 1398 3454 quat
1423 3385 1571 3439 illum
1607 3386 1922 3454 spectabant
1956 3401 1970 3438 :

412 3478 613 3532 interea
639 3479 785 3534 enim
815 3481 903 3534 ille
932 3494 1124 3548 passus
1161 3489 1262 3532 est.
1289 3477 1408 3544 Quo
1447 3486 1604 3547 pacto
1645 3487 1824 3532 autem
1854 3478 1978 3532 dis-'

410 3572 612 3636 tulerit,
662 3573 732 3625 ita
782 3572 1066 3626 declarat:
1109 3571 1392 3636 Evertisti,
1441 3571 1658 3640 inquit,
1694 3580 1975 3623 testamen-

413 3671 521 3714 tum
547 3663 678 3716 servi
709 3664 804 3716 tui.
851 3660 1192 3717 Promiscras
1246 3663 1391 3716 enim
1435 3678 1558 3716 eum
1617 3662 1670 3714 in
1713 3671 1973 3716 aeternum

413 3769 751 3807 mansurum.
807 3753 874 3806 Et
909 3755 1012 3808 hoc
1045 3755 1219 3822 ipsum
1261 3754 1360 3812 fuit
1401 3761 1781 3808 testamentum
1824 3763 1973 3808 tuum

412 3845 478 3898 de
515 3845 623 3898 illo.
664 3844 862 3899 Verum
909 3843 1081 3900 Judaei
1128 3847 1515 3901 cruciﬁxerunt
1539 3861 1661 3899 cum
1686 3888 1701 3912 ,
1738 3855 1790 3900 et
1822 3861 1976 3916 repu-

413 3943 560 3988 tatus
583 3945 665 3990 cst
690 3951 813 3989 cum
849 3938 1096 3990 mortuis.
1140 3936 1344 3992 Passus
1378 3946 1483 4000 est,
1518 3938 1694 4007 inquit
1719 3976 1735 4001 ,
1773 3947 1826 3993 et
1851 3954 1976 3992 eru-

411 4027 605 4080 cilixus
627 4035 730 4080 est.
776 4025 960 4096 itaque
1005 4029 1236 4082 evertiin
1287 4038 1653 4083 testamentum
1697 4031 1829 4084 servi
1877 4033 1971 4085 tui.

414 4119 721 4190 Profanasti
765 4123 820 4175 in
860 4131 1000 4175 terra
1043 4123 1408 4176 suuctuarium
1468 4119 1604 4189 ejus.
1665 4119 1972 4188 Projccisti,

411 4210 505 4275 ait,
542 4213 593 4265 in
625 4222 822 4266 terram
863 4212 1086 4282 gloriam
1121 4211 1238 4279 ejus
1267 4228 1280 4240 ·
1315 4225 1436 4262 nam
1461 4210 1551 4264 ubi
1580 4210 1723 4263 venit
1751 4209 1815 4264 ad
1845 4226 1969 4279 pas-

412 4304 652 4365 sionem,
707 4305 828 4357 \'i|is
873 4305 1034 4357 homo
1075 4302 1143 4355 ab
1183 4301 1386 4369 iniquis
1430 4299 1630 4354 Judzcis
1670 4301 1974 4354 aestimatus

2067 1399 2158 1436 ται
2208 1383 2316 1454 γὰρ
2340 1385 2496 1454 αὐτῇ.
2527 1385 2720 1436 Ἔσται
2745 1379 2857 1448 οὖν,
2895 1385 3077 1456 φησιν,
3114 1387 3146 1455 ἡ
3192 1385 3480 1457 Ἐκκλησία
3506 1387 3656 1458 Χρι-

2072 1474 2193 1528 στοῦ
2231 1476 2719 1546 καταστράπτουσα
2752 1477 2844 1529 καὶ
2877 1475 3182 1544 φωτίζουσα
3217 1476 3314 1547 τὴν
3362 1477 3451 1530 ὑπ’
3473 1478 3655 1548 οὐρα-

2070 1568 2177 1631 νὸν,
2202 1569 2294 1620 καὶ
2311 1568 2542 1638 μένουσα
2569 1568 2831 1639 διηνεκῶς
2865 1570 2974 1640 (40)
3001 1569 3192 1638 ὀῆλιος
3224 1571 3316 1623 καὶ
3353 1572 3383 1641 ἡ
3420 1570 3648 1642 σελήνη.

2073 1657 2144 1709 Τὸ
2173 1659 2280 1728 γὰρ
2304 1658 2464 1729 ῥητὸν
2485 1657 2637 1711 τοῦτο
2655 1659 2796 1711 οὕτω
2824 1659 2953 1728 φησι
2973 1676 2985 1689 ·
3017 1659 3125 1712 Καὶ
3152 1663 3184 1714 ό
3215 1662 3426 1727 θρένος
3453 1661 3654 1714 αὐτοῦ

2003 1732 2043 1786 Β
2070 1749 2150 1814 ὡς
2187 1751 2220 1802 ὁ
2259 1748 2429 1814 ἣλιος
2457 1750 2733 1802 ἐναντίον
2764 1766 2894 1816 μου,
2929 1750 3023 1802 καὶ
3051 1751 3130 1816 ὡς
3161 1752 3198 1817 ἡ
3240 1750 3471 1817 σελήνη
3500 1767 3654 1803 κατο-

2073 1838 2395 1907 ηρτισμένη
2439 1842 2526 1905 είς
2560 1839 2666 1891 τὸν
2691 1837 2893 1903 αἰῶνα,
2931 1839 3025 1892 καὶ
3052 1842 3084 1892 ό
3106 1841 3336 1909 μάρτυς
3361 1840 3429 1893 ἐν
3465 1842 3655 1908 cepa-

2073 1928 2158 1994 νῷ
2184 1932 2416 1994 πιστός.

2143 2023 2226 2076 Σὺ
2266 2021 2333 2074 δὲ
2369 2020 2586 2075 ἀπώσω
2616 2022 2713 2075 καὶ
2749 2021 3183 2087 ἐξουδένωσας,
3209 2021 3501 2075 ἁνεὸιὶλου
3534 2019 3658 2075 τὸν

2073 2114 2324 2182 Χριστόν
2351 2127 2484 2166 σου.
2510 2112 2589 2166 Τὰ
2611 2111 2987 2183 συμϐεϐηκότα
3017 2113 3106 2165 ἐπὶ
3139 2111 3216 2181 τῷ
3239 2129 3288 2163 τι
3298 2111 3410 2182 μίῳ
3426 2109 3656 2181 σταυρῷ

2073 2205 2121 2256 οἱ
2159 2203 2415 2273 μακάριοι
2461 2203 2734 2274 προφῆται
2769 2200 3224 2272 φασι.’Λέγουσιν
3251 2198 3364 2263 οὖν,
3391 2201 3465 2263 ὡς
3504 2202 3658 2270 πρὸς

2072 2297 2160 2350 τὸν
2191 2296 2406 2367 Πατέρα
2433 2296 2526 2349 καὶ
2548 2295 2699 2349 Θεόν·
2732 2293 3092 2366 Ἐπηγγείλω,
3127 2293 3309 2364 φησὶν,
3341 2294 3421 2345 ὅτι
3449 2293 3527 2354 εἰς
3552 2290 3656 2345 τὸν

2074 2387 2246 2442 αἰῶνα
2276 2388 2424 2458 μένει
2451 2387 2512 2440 τδ
2539 2387 2758 2457 σπέρμα
2787 2386 2964 2449 Δαυῖδ,
2993 2385 3085 2438 καὶ
3109 2387 3138 2438 ὁ
3167 2385 3352 2456 θρόνος
3379 2382 3540 2436 αὑτοῦ
3567 2381 3659 2447 ὡς

2072 2480 2100 2533 ὁ
2128 2478 2276 2549 ἣλιος
2313 2479 2406 2532 καὶ
2439 2479 2472 2548 ἡ
2517 2477 2746 2549 σελήνηο
2782 2477 2896 2532 ἀλλ’
2918 2475 3136 2530 ἀπώσω
3181 2476 3276 2530 καὶ
3322 2473 3662 2539 ἐξουδένω-

2075 2587 2191 2638 σας
2213 2589 2226 2602 ·
2263 2571 2558 2625 ἀνεόἁνῑου
2600 2574 2706 2624 τὸν
2745 2571 3002 2639 Χριστόν
3047 2586 3180 2622 σου.
3217 2567 3289 2620 Τὸ
3317 2568 3395 2629 δὲ,
3424 2565 3660 2620 ἀπώσω

2076 2665 2169 2717 καὶ
2203 2661 2629 2727 ἐξουδὲνωσας,
2662 2661 2780 2713 ἀντὶ
2817 2659 2932 2724 τοῦ,
2965 2660 3304 2729 ἀπωσθῆναι,
3353 2658 3446 2712 καὶ
3489 2657 3656 2724 ἐξου-

2075 2756 2364 2826 δενωθῆναι
2398 2753 2840 2824 συγκεχώρηκας.
2869 2753 2943 2806 Οὐ
2985 2751 3092 2823 γὰρ
3121 2754 3150 2805 ὁ
3175 2751 3362 2823 Πατὴρ
3391 2749 3661 2805 ἀπώσατο

2075 2849 2168 2902 καὶ
2217 2847 2533 2914 ὲξουδένωσε
2580 2847 2669 2899 τὸν
2719 2846 2848 2899 ἴδιον
2883 2845 3297 2899 Υίόν·’ῐουδαῖοι
3336 2845 3393 2898 δὲ
3446 2844 3658 2914 μᾶλλον

2073 2939 2230 2993 τοῦτο
2264 2939 2572 3010 πεπράχασι
2596 2955 2611 2969 ·
2649 2937 2784 3007 πλὴν
2814 2939 2955 2990 κατὰ
3004 2935 3343 3008 συγχώρησιν
3385 2935 3478 2989 τοῦ
3508 2936 3655 2990 Θεοῦ

2076 3031 2167 3084 καὶ
2206 3031 2436 3100 Πατρός.
2481 3031 2587 3083 Καὶ
2633 3030 2790 3083 τοῦτό
2831 3033 2948 3083 ἐστι
2986 3029 3047 3084 τὸ
3082 3030 3395 3102 εἰρημένονο
3439 3021 3658 3096 "ocra

2076 3120 2179 3175 τοῦ
2213 3121 2363 3175 ἰδίου
2418 3120 2553 3174 Υἱοῦ
2599 3123 2710 3174 οὐκ
2753 3120 3066 3189 ἐφείσατο,
3114 3119 3424 3187 ἀλλ”ὐπὲρ
3477 3116 3660 3187 ἡμῶν

2074 3214 2414 3282 παρέδωκεν
2447 3215 2654 3268 αὐτόν.

2141 3306 2560 3375 Κατέστρεψας
2591 3304 2702 3372 τὴν
2739 3304 3030 3371 διαθήκην
3075 3302 3181 3358 τοῦ
3233 3302 3454 3356 δούλου
3501 3317 3653 3357 σου.

2085 3398 2382 3471 ’Υπερέθου
2413 3397 2717 3468 πληρῶσαι.
2742 3396 2891 3466 φησὶ,
2919 3395 3016 3458 τὰς
3039 3393 3369 3462 ἐπαγγελίας
3389 3393 3486 3456 τὰς
3516 3409 3581 3446 πε
3593 3396 3658 3464 pi.

2073 3489 2236 3543 αὑτοῦ
2253 3507 2265 3518 ·
2295 3489 2524 3542 πέπονθε
2544 3487 2652 3558 γὰρ
2679 3485 2900 3558 μεταξύ.
2919 3485 3040 3548 Πῶς
3059 3485 3114 3537 δὲ
3134 3484 3447 3556 ὑπερέθετο,
3465 3484 3618 3553 λέγει
3635 3501 3654 3516 ο

2072 3580 2494 3649 Κατέστρεψας
2528 3580 2751 3648 φάσκων
2785 3577 2898 3644 τὴν
2944 3576 3234 3644 διαθήκην
3287 3577 3392 3630 τοῦ
3420 3575 3658 3632 δούλου

2073 3686 2208 3725 σου.
2254 3669 2591 3738 Ἐπηγγείλω
2622 3669 2750 3737 γὰρ,
2784 3665 2968 3736 φησὶν,
3000 3665 3080 3718 ὅτι
3111 3667 3190 3728 εἰς
3219 3665 3310 3718 τὸν
3340 3663 3508 3716 αἰῶνα
3545 3665 3658 3734 μέ·-

2073 3777 2184 3813 νει·
2221 3761 2315 3813 καὶ
2351 3758 2488 3828 αὕτη
2524 3758 2744 3826 γέγονεν
2781 3759 2812 3826 ὴ
2858 3754 3006 3826 παρὰ
3041 3755 3135 3808 σοῦ
3173 3758 3301 3824 περὶ
3332 3754 3492 3809 αὐτοῦ
3524 3755 3655 3808 δια-

2075 3850 2233 3922 θήκη.
2303 3849 2438 3902 ‘An’
2471 3847 2823 3919 ἐσταύρωσαν
2855 3845 3014 3923 αὐτὸν
3057 3847 3324 3910 Ἰουδαῖοι,
3373 3846 3465 3898 καὶ
3508 3861 3655 3898 κατ-

2075 3942 2323 4013 ελογίσθη
2355 3941 2491 4012 μετὰ
2509 3941 2734 4012 νεκρῶν.
2755 3940 2994 3993 Πέπονθε
3013 3939 3140 4009 γὰρ,
3165 3939 3320 4008 φησὶ,
3344 3939 3438 3992 καὶ
3459 3940 3663 3990 ἐσταυ⁹

2075 4035 2220 4107 ρώθη
2241 4052 2253 4064 ο
2277 4033 2470 4087 οὐκοῦν
2502 4031 2909 4101 κατέστρεψας
2930 4031 3044 4099 τὴν
3065 4030 3356 4097 διαθήκην
3381 4028 3484 4084 τοῦ
3507 4029 3623 4082 δού
3637 4061 3657 4070 -

2072 4130 2187 4180 λου
2227 4141 2362 4179 σου.
2449 4123 2848 4189 Ἐϐεϐήλωσας
2879 4125 2965 4189 εἰς
2997 4121 3110 4189 τὴν
3141 4121 3258 4189 γῆν
3287 4121 3350 4173 τὸ
3383 4121 3657 4188 ἀγίασμα

2073 4217 2276 4271 αὑτοῦ.
2312 4217 2612 4288 Ἐρῤιψας,
2642 4216 2834 4286 φησὶν,
2868 4217 2947 4278 εἰς
2970 4213 3066 4284 τὴν
3093 4213 3197 4282 γῆν
3230 4214 3328 4281 τὴν
3359 4212 3516 4278 δόξαν
3549 4212 3657 4264 at)-

2073 4308 2198 4362 τοῦ·
2235 4309 2310 4370 ὡς
2358 4308 2466 4378 γὰρ
2497 4304 2628 4379 ἦκεν
2673 4308 2754 4370 είς
2801 4307 2861 4360 τὸ
2892 4305 3104 4368 παθεῖν,
3157 4304 3308 4373 ψιλὸς
3364 4301 3656 4373 ἄνθρωπος

410 4405 512 4448 est.
541 4393 644 4447 Sed
681 4409 786 4446 non
824 4393 1082 4446 remansit
1111 4402 1366 4444 mortuus
1393 4430 1408 4456 ,
1440 4391 1530 4462 qui
1564 4390 1703 4445 inter
1731 4399 1972 4443 mortuos

2144 4399 2330 4471 δμίσθη
2358 4403 2468 4463 τοῖς
2503 4399 2833 4471 παρανόμοις
2875 4397 3164 4460 Ἰουδαίοις.
3219 4395 3355 4448 Ἀλλ’
3385 4395 3446 4446 οὐ
3473 4396 3655 4464 μεμέα

411 4484 547 4537 liber
585 4484 716 4549 fuit,
765 4485 918 4553 juxta
967 4482 1246 4551 Propheta:
1280 4482 1531 4535 vocem”
1565 4499 1578 4534 :
1615 4497 1790 4550 neque
1836 4480 1973 4534 inia-

414 4577 577 4629 miam
608 4578 766 4629 ullam
799 4577 1099 4646 conspersit
1138 4577 1237 4646 ipsi
1271 4577 1454 4646 passio
1495 4576 1652 4644 ejus;
1692 4577 1800 4628 imo
1844 4591 1972 4629 vero

413 4667 637 4736 gloriam
679 4669 856 4735 potius
903 4669 1140 4737 accepit,
1197 4669 1325 4738 quia
1364 4669 1660 4738 prostravit
1711 4682 1834 4720 eum
1876 4667 1971 4736 qui

414 4759 695 4827 imperium
732 4759 961 4811 habebat
1007 4760 1195 4813 mortis
1225 4760 1292 4823 ",
1341 4761 1391 4813 id
1441 4768 1525 4813 est
1575 4758 1874 4820 diabolum,
1919 4767 1974 4812 et

413 4845 653 4909 liberavit
705 4845 981 4899 hominum
1029 4862 1220 4914 genus.
1277 4847 1548 4904 Caeterum
1591 4863 1652 4900 ea
1684 4862 1806 4916 quae
1845 4857 1974 4900 tunc

411 4935 724 4990 acciderunt
754 4937 1075 4992 annuntiant
1106 4939 1404 5008 propheta}.

483 5029 568 5080 41.
608 5027 921 5081 Destruxisti
951 5045 1126 5082 omnes
1150 5047 1290 5098 sepes
1322 5030 1456 5097 ejus.
1503 5027 1670 5096 Scpes
1701 5038 1755 5082 et
1782 5027 1972 5098 praesi-

410 5119 495 5171 dia
527 5130 743 5174 sanctos
773 5121 1049 5188 apostolos
1069 5121 1235 5182 dicit,
1267 5122 1358 5189 qui
1385 5159 1400 5184 ,
1430 5120 1520 5173 illo
1557 5120 1816 5174 derelicto
1838 5160 1851 5181 ,
1886 5119 1973 5173 fu-

413 5219 602 5273 gerunt
633 5226 821 5266 omnes
859 5220 1006 5266 metu
1035 5211 1266 5281 perculsi
1299 5212 1363 5273 ",
1395 5227 1458 5265 ac
1492 5219 1772 5280 propterea
1801 5212 1968 5266 dicit:

412 5299 646 5355 Pasuisti
673 5305 918 5370 prwsidia
947 5305 1059 5375 ejus
1087 5305 1436 5373 formidinem.

485 5479 570 5546 ιιι,
605 5480 690 5534 45.
741 5481 1085 5552 Diripuerunt
1131 5498 1389 5537 eum
1428 5481 1741 5553 Lati/icain
1791 5502 1966 5540 omnes

481 5594 529 5627 '°
558 5577 914 5660 Psalicxxxr,
945 5599 1026 5653 ii.

483 5686 594 5756 (ιο)
633 5684 975 5741 Desideratur
1003 5689 1099 5752 ὡς.
1133 5687 1292 5747 lion.

2077 4509 2207 4563 νηκε
2238 4492 2428 4564 νεκρὸς
2449 4533 2460 4554 ,
2510 4494 2538 4545 ὁ
2590 4493 2647 4544 ἐν
2676 4495 2886 4562 νεκροῖς
2919 4489 3200 4560 ἐλεύθερος
3229 4487 3370 4541 κατὰ
3412 4487 3509 4557 τὴν
3551 4487 3654 4540 τοῦ

2080 4586 2354 4656 προφήτου
2405 4585 2616 4654 φωνήν
2651 4583 2774 4636 οὔτε
2829 4582 2934 4653 μὴν
2965 4581 3179 4644 ἀδοξίαν
3212 4579 3330 4631 τινὰ
3360 4579 3654 4650 προσετρίο

2077 4675 2214 4744 eam
2244 4675 2303 4727 τὸ
2336 4675 2502 4736 πάθος
2545 4673 2692 4743 αὑτῷ
2715 4714 2729 4735 ,
2765 4673 2876 4725 ἀλλ’
2908 4671 3162 4738 ἐδοξάσθη
3201 4669 3397 4738 μᾶλλον
3435 4669 3521 4721 διὰ
3551 4669 3654 4722 τοῦ

2079 4767 2420 4838 καταργῆσαι
2446 4767 2535 4818 τὸν
2566 4765 2625 4818 τὸ
2649 4766 2844 4836 κράτος
2873 4764 3059 4834 ἔχοντα
3092 4763 3184 4816 τοῦ
3215 4763 3463 4824 θανάτου,
3494 4779 3656 4815 τουτ-

2080 4857 2193 4910 έστι
2248 4857 2339 4909 τὸν
2381 4856 2644 4920 διάϐολον,
2680 4857 2772 4909 καὶ
2817 4855 3178 4924 ἐλευθερῶσαι
3206 4855 3313 4908 τῶν
3345 4851 3654 4924 ἀνθρώπων

2078 4947 2138 4998 τὸ
2162 4945 2334 5014 γένος.
2391 4947 2535 5016 Πλὴν
2575 4948 2640 5000 τὰ
2674 4947 3056 5019 συμὸεὸηκότα
3086 4949 3248 5015 φασιν
3270 4949 3316 5000 oi
3349 4943 3650 5014 προφῆται.

2150 5036 2430 5098 Καθεῖλες
2459 5036 2687 5104 πάντας
2718 5037 2859 5102 τοὺς
2903 5040 3210 5107 φραγμοὺς
3247 5034 3450 5092 αὑτοῦ.
3501 5036 3654 5103 Φρα-

2079 5127 2249 5196 γμοὺς
2281 5127 2442 5180 αὑτοῦ
2477 5128 2571 5180 καὶ
2603 5128 2934 5199 ὀχυρώματα
2954 5131 3080 5194 τοὺς
3103 5130 3290 5198 ἁγίους
3318 5127 3653 5190 ἀποστόλους

2079 5218 2264 5286 φησιν,
2295 5218 2342 5271 οἳ
2377 5220 2488 5282 καὶ,
2521 5220 2718 5282 πάντες
2749 5221 2976 5290 ἀφέντες
3007 5222 3199 5286 αὑτὸν,
3223 5220 3420 5290 ἔφυγον
3447 5218 3653 5272 δειλιά-

2081 5326 2267 5374 σαντες
2291 5328 2304 5340 ’
2337 5313 2428 5364 καὶ
2450 5313 2536 5366 διὰ
2565 5312 2720 5367 τοῦτό
2746 5331 2907 5384 φησιν
2930 5331 2944 5344 °
3001 5317 3172 5368 Ἔθου
3195 5313 3266 5366 τὰ
3298 5309 3653 5381 ὀχυρώματα

2079 5402 2263 5456 αὑτοῦ
2288 5402 2532 5459 δειλίαν.

2151 5493 2474 5563 Δρήρπαζον
2491 5498 2676 5551 αὐτόν
2705 5535 2714 5546 .
2740 5532 2765 5552 ο
2795 5535 2810 5550 .
2841 5537 2853 5549 .
2891 5538 2904 5552 .
2924 5497 3230 5564 Εὔφρανας
3255 5495 3481 5562 πάντας
3505 5492 3653 5564 τούξ

1111 5599 1152 5630 ³³
1195 5599 1348 5654 Rom.
1379 5615 1494 5666 νιιι,
1531 5601 1618 5656 32.
1695 5605 1739 5634 δ’
1782 5603 1922 5661 Psal.
1951 5622 1978 5660 ι.

2145 5627 2201 5678 tt,
2239 5611 2290 5665 6.
2370 5614 2415 5646 ⁸³
2460 5611 2621 5666 Hebr.
2657 5628 2714 5677 ιι,
2752 5613 2834 5666 14.
2913 5612 2958 5645 ⁸⁸
2990 5611 3177 5666 Matth.
3225 5628 3371 5679 xxvi,
3407 5609 3495 5667 56.
