3778 6276
172 176 284 236 595
1223 173 1578 236 EXPOSITIO
1621 177 1690 235 IN
1723 179 2056 236 PSALMUM
2098 179 2430 238 LXXXVlIiI
3335 176 3440 241 5M

175 297 444 368 ἐχθροὺς
483 289 694 354 αὐτοῦ.
750 299 1007 370 Ἕχαιρον
1057 308 1164 371 γαρ
1214 303 1306 355 καὶ
1349 301 1592 356 ἐπέσειον
1630 301 1776 372 αὐτῷ

1899 305 2116 358 nimicos
2143 305 2278 374 ejus.
2313 302 2632 358 Gaudebam
2681 301 2824 358 enim
2859 311 2914 358 rt
2947 305 3234 361 movebant
3261 308 3436 379 capit)

173 386 273 450 τὰς
303 386 568 456 κεφαλάς
591 428 606 452 ,
635 386 871 460 ὁρῶντες
899 388 1060 442 αὑτὸν
1089 389 1180 443 ἐπὶ
1211 389 1366 455 ξύλου
1408 392 1771 463 κρεμάμενον.

1898 408 1998 458 tua,
2029 395 2272 448 videntes
2298 409 2422 448 eum
2451 393 2503 446 in
2531 393 2678 464 ligno
2718 395 3041 463 pendentem
3058 397 3126 452 ⁵⁸.

258 479 698 548 Ἀπέστρεψας
735 479 850 549 τὴν
872 480 1181 550 ,βοήθειαν
1209 481 1320 551 τῆς
1343 485 1642 552 ῥομφαίας
1673 486 1776 539 αύ-

1945 487 2036 540 44.
2093 485 2340 540 Avertisti
2385 485 2714 554 adjutorium
2759 485 2926 556 gladii
2975 488 3108 554 eius.
3169 488 3439 555 Quoniam

180 571 307 626 τοῦ.
355 573 592 646 Ἐπειδὴ
614 572 800 649 άξίους
831 573 986 638 ὄντας
1018 575 1116 646 τὴν
1146 576 1379 648 ἐσχάτην
1409 577 1563 648 δίκην
1592 578 1773 630 ἀποτῖ-

1898 590 1971 632 ros
1996 578 2088 647 qui
2122 577 2457 646 unigenitum
2489 575 2582 631 Dei
2613 585 2666 631 et
2708 575 2886 633 Patris
2921 576 3118 632 Filium
3155 578 3442 634 cruciﬁer-

185 680 270 717 σαι
318 666 460 728 τοὺς
505 665 934 738 σταυρώσαντας
961 667 1051 720 τὸν
1103 668 1360 739 μονογενῆ
1392 667 1485 720 τοῦ
1517 669 1647 722 Θεοῦ
1683 670 1776 723 καὶ

1898 675 2028 730 'unt,
2068 676 2310 721 extremo
2347 665 2615 736 supplicio
2644 667 2874 736 dignos,
2925 683 3035 722 non
3074 669 3258 724 statim
3296 670 3443 723 ultus

185 756 402 832 Πατρρς
433 756 572 810 Υίὸν
603 758 666 810 ού
699 745 1069 828 τετιμώρηται
1110 761 1481 832 παραχρῆμα,
1531 763 1617 817 διὰ
1651 765 1776 818 πολ-

1898 765 1994 817 ast;
2031 758 2122 814 sed
2153 773 2250 828 per
2283 772 2551 813 summam
2577 758 2914 813 clementiam
2941 769 3152 829 tempus
3177 761 3442 830 pmniten-

183 848 273 917 λὴν
307 829 741 932 ᾇιλανθρωπίαν
770 852 957 922 καιρὸν
987 829 1310 922 μετανοίας
1450 855 1538 908 διὰ
1588 854 1780 925 βαπτί-

183 957 414 1010 σματος,
456 943 555 995 καὶ
589 944 772 1006 αὐτοῖς
803 943 1155 1015 χαριζόμενος
1177 962 1188 973 ’
1218 945 1406 999 τούτου
1456 947 1612 1017 χάριν
1642 949 1777 1000 ἀποο

183 1034 418 1105 πρὲψαι
467 1033 688 1104 λέγεται
724 1034 822 1107 τὴν
855 1035 1104 1108 βοήθειαν
1134 1039 1230 1108 τῆς
1283 1038 1552 1109 ῥομφαίας
1590 1038 1776 1094 αὐτοῦ.

183 1125 248 1176 Τὸ
270 1125 356 1187 δὲ,
393 1124 821 1194 ἀπέστρεψας,
855 1126 1004 1190 ἀντὶ,
1038 1126 1290 1198 ἐπέσχες.

243 1216 629 1282 Κατέλυσας
678 1217 797 1270 ἀπὸ
834 1219 1203 1288 καθαρισμοῦ
1235 1220 1439 1274 αὐτοῦ.
1475 1219 1582 1285 Τὸ,
1638 1232 1778 1274 κατ-

179 1309 442 1374 ἐλυσας,
462 1309 590 1360 ἀντὶ
620 1309 736 1373 τοῦ,
767 1311 1128 1382 κατήνεγκας.
1151 1312 1507 1382 Κατήνεγκας
1535 1309 1648 1376 οὖν,
1677 1331 1780 1385 φη-

181 1402 292 1464 ιέιν,
327 1403 465 1472 ἦτοι
493 1402 920 1473 παρεσκεύασας
951 1404 1032 1466 εἰς
1061 1402 1122 1456 τὺ
1156 1403 1535 1468 πιστεύεσθαι,
1567 1406 1648 1459 ὄτι
1679 1421 1779 1458 κα-

179 1492 343 1563 θαρός
385 1495 574 1547 ἐστιν.
641 1494 933 1566 Ἐπενοήθη
963 1493 1070 1569 γὰρ
1095 1489 1233 1550 εἶναι
1269 1497 1502 1568 πονηρὸς
1525 1539 1540 1562 ,
1584 1497 1675 1550 καὶ
1707 1499 1782 1562 ὡς

181 1585 525 1656 ἁμαρτωλὸς
558 1585 860 1657 κατεκρίθη
887 1625 902 1649 ,
950 1586 1048 1639 καὶ
1078 1587 1148 1639 ἐν
1177 1586 1300 1653 τοῖς
1353 1587 1594 1657 ἀνόμοις
1647 1589 1782 1642 $.10-

1878 850 1967 905 tiae
1997 865 2091 920 per
2114 850 2444 920 baptismum
2468 850 2613 904 dedit
2642 849 2783 917 illis;
2832 851 2952 905 ideo
2999 851 3130 906 dicit
3180 851 3444 906 avertisse

1878 943 2205 1011 adiutorium
2233 943 2393 1014 gladii
2421 943 2538 1012 ejus
2565 960 2580 1008 ;
2613 943 2744 998 illud
2773 952 2974 1009 autem,
3006 945 3266 1008 avertisti,
3298 944 3443 998 acci-

1879 1035 2022 1105 pitur
2053 1049 2171 1106 pro,
2201 1035 2492 1090 retinuisti.

1950 1213 2040 1268 45.
2075 1213 2399 1267 Destruxisti
2437 1228 2554 1266 eum
2589 1211 2653 1265 ab
2691 1211 3078 1266 emundatione.
3134 1209 3304 1271 illud,
3348 1209 3441 1259 tle--

1881 1303 2148 1370 struxisti,
2184 1317 2302 1372 pro,
2334 1302 2599 1374 dejecisti,
2632 1303 2867 1373 positum
2900 1312 3003 1365 est,
3035 1301 3087 1355 id
3117 1307 3220 1367 est,
3262 1302 3440 1370 provi-

1883 1394 2010 1451 disti
2061 1405 2120 1450 ut
2165 1394 2477 1450 crederetur
2518 1409 2709 1464 purus.
2772 1391 2909 1447 Nam
2939 1393 3199 1462 putabant
3235 1392 3438 1445 malum

1881 1501 2023 1552 esse,
2057 1497 2110 1541 et
2141 1484 2298 1556 quasi
2328 1494 2580 1554 peccator
2609 1486 2898 1540 damnatus
2927 1493 3040 1547 est,
3086 1493 3136 1537 et
3183 1484 3317 1536 inter
3340 1483 3442 1536 ini—

1882 1595 2012 1650 quos
2037 1587 2309 1648 reputatus
2339 1577 2407 1631 ³ο.
2442 1575 2709 1630 Tltronum
2734 1577 2846 1646 ejus
2866 1577 2922 1629 in
2953 1585 3148 1629 terram
3177 1574 3439 1627 collisisti.

179 1655 386 1744 τέ’σὸη.
425 1675 548 1730 Τὸν
563 1655 782 1744 θρόνον
802 1655 988 1752 αὑτοῦ
1005 1677 1092 1742 εἰς
1113 1675 1227 1744 τὴν
1245 1673 1362 1745 γῆν
1387 1655 1775 1746 καίτέρραξας.

1898 1671 2014 1738 )uia
2045 1671 2336 1725 carnaliter
2363 1685 2559 1740 passus
2586 1679 2689 1729 est,
2725 1678 2778 1722 et
2810 1667 2987 1722 iactus
3014 1674 3101 1722 est
3128 1667 3268 1720 inter
3297 1680 3444 1719 mor-

189 1768 421 1836 Ἐπειδὴ
457 1767 704 1820 πέπονθε
740 1768 1045 1838 σαρκικῶς,
1095 1769 1189 1822 καὶ
1229 1769 1449 1838 γέγονεν
1478 1771 1536 1822 ἐν
1567 1774 1778 1842 νεκροῖς

179 1861 505 1932 ἐλεύθερος·
540 1860 861 1931 νομίσαντες
886 1862 933 1914 οἱ
968 1861 1409 1932 σταυρώσαντες,
1464 1862 1544 1916 ὅτι
1576 1870 1778 1917 πεπον-

180 1952 286 2017 θὼς
317 1953 661 2024 συνεστάλη,
685 1951 782 2005 καὶ
812 1951 1086 2006 πέπαυται
1120 1953 1214 2007 τοῦ
1239 1954 1334 2008 καὶ
1353 1954 1491 2020 ὅλως
1516 1950 1655 2010 εἶναι
1684 1957 1778 2010 καί⁵

177 2043 562 2116 ὀνομάζεσθαι
580 2062 596 2078 ο
630 2044 718 2098 διὰ
737 2043 895 2096 τοῦτο
926 2044 1024 2109 τὰς
1047 2044 1156 2098 τῶν
1184 2045 1605 2116 σταυρωσάντων
1648 2049 1779 2101 ὑπο-

181 2136 334 2199 νοίας
369 2136 730 2208 διερμηνεύει
761 2137 968 2207 λέγων⁶
1033 2137 1144 2192 Τὸν
1192 2138 1408 2206 θρόνον
1456 2140 1644 2194 αὐτοῦ
1691 2143 1778 2207 εις

185 2227 298 2296 τὴν
324 2227 455 2297 γῆν
484 2228 878 2298 κατέρραξας.
1219 2235 1230 2244 ’

256 2322 418 2385 Ἕως
443 2322 614 2386 πότε,
641 2323 838 2390 Κύριε,
866 2321 1214 2392 ἀποστρέφῃ
1245 2325 1332 2389 εἰς
1360 2322 1550 2390 τέλος,
1574 2323 1780 2378 ἐκκαυ-

187 2409 445 2477 θήσεται
478 2411 562 2476 ὡς
592 2411 785 2480 πῦρ³ή
818 2409 961 2480 ὀργή
993 2427 1108 2465 σου
1120 2428 1141 2476 ;
1168 2410 1443 2476 Τουτέστι,
1477 2413 1654 2485 Μέχρι
1694 2413 1777 2466 τί-

187 2521 275 2567 νος
311 2501 533 2573 ἰσχύσει
574 2501 644 2556 τὰ
675 2502 783 2556 τῶν
835 2503 1101 2558 Ἰουδαίων
1125 2505 1449 2576 τολμήματα
1471 2543 1485 2566 ,
1518 2507 1778 2558 ἐπισπού-

187 2592 470 2657 δαζόντων
515 2592 614 2664 τὴν
661 2591 757 2646 τοῦ
809 2593 1144 2662 Μονογενοῦς
1195 2595 1289 2647 καὶ
1325 2593 1578 2664 Σωτῆρος
1619 2594 1778 2665 ἡμῶν

192 2683 546 2754 σταύρωσιν;
606 2684 664 2737 Ὀ
691 2683 748 2737 δέ
780 2684 1103 2755 Σύμμαχος⁹
1167 2686 1314 2748 Ἕως
1350 2686 1542 2751 τίνος,
1577 2680 1775 2754 Κύριε,

191 2773 600 2844 ἀποκρυὸήσῃ
623 2778 712 2843 εὶς
738 2776 938 2843 τέλος,
968 2776 1332 2847 φλετήσεται
1360 2775 1439 2843 ὡς
1474 2776 1593 2844 πῦρ
1618 2780 1651 2831 ὀ
1679 2781 1778 2832 θυ-

184 2868 306 2934 μός
341 2882 501 2929 σου;
528 2867 705 2938 Μέχρι
735 2869 880 2932 τίνος
901 2909 916 2928 ,
952 2870 1106 2940 φησὶ,
1141 2869 1415 2935 Δέσποτα,
1445 2871 1545 2924 οὐκ
1574 2870 1778 2935 ἐθέλεις

1878 1773 2002 1820 tuos
2032 1762 2187 1826 liber,
2228 1761 2328 1815 rati
2368 1761 2460 1831 qui
2498 1758 2883 1815 cruciﬂxet‘unt
2920 1772 3080 1822 eum,
3121 1771 3442 1827 oppressum

1879 1851 2051 1909 fuisse
2075 1867 2171 1922 per
2215 1851 2545 1922 passionem,
2599 1866 2664 1905 ac
2691 1850 2915 1904 omnino
2943 1849 3104 1904 linem
3152 1848 3443 1903 exsistendi

1879 1943 2072 2000 fecisse
2103 1959 2202 1999 nec
2227 1943 2367 1998 ultra
2396 1943 2786 1997 nominandum
2823 1941 2971 1995 fore:
3009 1941 3130 1994 ideo
3152 1939 3442 2010 Propheta,

1879 2050 2071 2091 eorum
2116 2035 2207 2106 qui
2241 2034 2632 2090 cruciﬁserunt
2679 2032 3138 2088 existimationem
3175 2033 3444 2101 interpre-

1880 2133 2024 2180 tatur
2049 2125 2235 2180 dicens
2265 2141 2277 2180 :
2312 2124 2579 2179 Thronum
2603 2124 2716 2193 ejus
2743 2123 2796 2176 in
2829 2133 3022 2177 terram
3045 2123 3308 2182 collisisti.

1942 2325 2032 2381 Π.
2066 2323 2360 2396 Usquequo,
2393 2321 2645 2387 Damine,
2691 2325 2880 2378 avertis
2907 2325 2964 2376 in
3002 2323 3188 2392 ﬁnem,
3230 2322 3447 2375 exarde-

1878 2426 1984 2472 scet
2027 2418 2163 2472 sicut
2195 2417 2333 2488 ignis
2369 2417 2453 2470 ira
2487 2417 2626 2469 tua?
2684 2415 2739 2470 id
2768 2425 2869 2480 est,
2906 2413 3200 2484 Usquequo
3225 2412 3443 2468 ,ιιιιΙιευο

1878 2525 2000 2566 rum
2033 2524 2201 2566 ausus
2241 2509 2643 2580 praevalebunt,
2691 2508 2784 2578 qui
2808 2515 3003 2563 curant
3032 2514 3090 2560 ut
3119 2505 3441 2575 Unigenitus

1877 2610 1932 2656 et
1960 2599 2209 2656 Salvator
2231 2608 2415 2654 noster
2435 2598 2820 2668 crucillgatur?
2841 2597 3202 2668 Symmachus
3221 2605 3402 2649 autem
3427 2613 3437 2647 τ

1882 2691 2156 2763 Usquequo
2181 2731 2196 2756 ,
2228 2690 2483 2759 Domine,
2526 2688 2859 2744 absconderis
2906 2689 2962 2742 in
2992 2688 3180 2757 ﬁnem,
3226 2686 3446 2739 exora:—

1877 2796 1982 2840 scet
2015 2795 2073 2839 ut
2099 2785 2234 2855 ignis
2261 2784 2414 2854 furor
2442 2793 2561 2837 tuus
2580 2783 2605 2837 ?
2624 2782 2935 2854 Usquequo,
2968 2780 3166 2850 inquit,
3197 2777 3446 2844 Domine,

1879 2892 1988 2934 non
2014 2878 2098 2933 vis
2131 2876 2400 2946 respicere
2444 2875 2662 2930 dolores
2705 2883 2947 2940 nostros,
3003 2887 3179 2942 neque
3218 2885 3447 2942 apparn

197 2957 332 3009 ἰδεῖν
364 2956 468 3020 τὰς
512 2959 788 3030 ἡμετέρας
813 2959 1002 3022 ὀδύνας
1021 3000 1035 3024 ,
1066 2959 1173 3012 οὐδ’
1208 2959 1467 3032 ἐπιφαίνῃ
1513 2960 1607 3014 καὶ
1633 2959 1776 3025 λύεις

1898 2980 1932 3026 ιι
1958 2969 2106 3026 eruis
2137 2984 2238 3024 nos
2272 2984 2302 3023 a
2329 2967 2767 3033 calamitatibus;
2812 2965 2908 3021 sed
2932 2965 3089 3035 quasi
3137 2963 3277 3034 ignis
3309 2963 3443 3016 iram

191 3050 292 3114 τὰς
322 3050 613 3120 συμφοράς
634 3065 650 3081 ⁸
673 3051 809 3104 ἀλλά
839 3050 1086 3124 καθάπερ
1110 3049 1221 3123 πῦρ
1243 3051 1343 3125 τὴν
1365 3053 1532 3124 ὀργὴν
1556 3055 1621 3125 τῇ
1648 3055 1775 3126 μνή-

196 3159 276 3213 μῃ
305 3142 594 3214 ἡμετέρων
626 3144 952 3215 ἁμαρτάδων
985 3143 1258 3212 ἐκκαίεις;

265 3233 585 3301 Μνήσθητι
632 3235 724 3301 τίς
743 3253 863 3304 μου
907 3236 948 3304 ἡ
983 3237 1338 3304 ὑπόστασις.
1415 3238 1531 3290 Ἐπ’
1563 3237 1774 3310 ἀφθαρ-

198 3326 321 3396 σίᾳ,
357 3326 530 3396 φησὶ,
565 3326 655 3380 τὸν
687 3325 971 3400 ἄνθρωπον
1005 3328 1337 3400 πεποίηκας,
1365 3329 1459 3382 καὶ
1487 3331 1606 3383 κατ’
1637 3329 1778 3382 εἰκό-

194 3435 265 3471 να
293 3418 398 3489 τὴν
431 3417 529 3489 σὴν
568 3418 807 3483 ἔπλασας
835 3420 994 3473 αὐτόν
1014 3436 1027 3449 ·
1087 3419 1220 3473 ἀλλά
1249 3420 1469 3490 γέγονεν
1507 3420 1612 3473 ὑπὸ
1648 3421 1778 3490 φθο-

197 3508 298 3577 ρὰν
333 3508 395 3572 ἐξ
433 3508 673 3578 ἀπάτης,
697 3509 880 3580 φησιν.
904 3509 1110 3563 Οὐκοῦν
1141 3510 1236 3582 τὴν
1264 3510 1570 3583 ἀφθαρσίαν
1599 3511 1778 3576 ἐπίδος

195 3596 284 3652 ἴνα
315 3596 620 3664 σώζωνται,
649 3598 896 3670 καθάπερ
922 3599 1163 3672 ἐπλάσθη
1199 3601 1258 3654 τὸ
1287 3601 1514 3672 ποίημα.

270 3774 370 3841 Τις
392 3775 569 3828 ἐστιν
594 3774 902 3842 ἅνθρωπος
927 3777 995 3842 ὃς
1023 3774 1258 3844 ζήσεται
1290 3779 1385 3832 καὶ
1418 3781 1530 3834 οὐκ
1568 3779 1777 3848 ὄψεται

195 3863 496 3927 ads-ator;
526 3865 714 3930 Οὐδεὶς
731 3905 747 3930 ,
781 3868 972 3938 φησὶν,
1003 3867 1125 3921 οὔτε
1144 3867 1373 3923 θανάτου
1391 3871 1654 3941 κρείττων
1681 3889 1774 3940 γε-

192 3955 441 4027 νήσεται,
463 3955 586 4010 οὔτε
615 3959 720 4030 μὴν
739 3959 809 4012 ἐκ
830 3958 1029 4027 χειρὸς
1050 3959 1197 4026 ᾅδου
1224 3959 1338 4028 τὴν
1359 3963 1571 4032 ψυχὴν
1589 3963 1776 4018 αὑτοῦ

187 4047 465 4113 ῥύσεται,
493 4049 543 4100 ει
572 4047 648 4120 μὴ
677 4049 764 4114 σὺ,
788 4051 971 4121 φησὶν,
995 4046 1040 4104 ὦ
1063 4051 1328 4115 Δέσποτα,
1364 4051 1460 4124 τὴν
1483 4053 1775 4108 ἀνάστασιν

194 4136 419 4188 ἐπιδῶς.

224 4135 397 4285 ἷιᾶἐὲ
416 4233 535 4284 εισι
563 4231 637 4284 τὰ
677 4229 817 4300 mn
845 4247 960 4285 σου
1001 4232 1076 4287 τὰ
1104 4233 1348 4302 ἀρχαῖα,
1378 4234 1594 4303 Κύριε;
1652 4235 1774 4306 Ἀρ-

1878 3071 2029 3119 tuam
2070 3077 2165 3132 per
2216 3069 2566 3132 peccatorum
2617 3069 2933 3116 nostrorum
2984 3059 3303 3114 memoriam
3355 3072 3446 3112 ac-

1878 3154 2064 3212 cendis
2080 3153 2104 3210 ?

1945 3240 2036 3301 48.
2085 3244 2377 3300 Memorare
2418 3255 2534 3316 qua:
2569 3261 2683 3299 mea
2711 3243 3032 3301 substantia.
3098 3243 3154 3299 In
3200 3244 3451 3299 incorru-

1878 3338 2084 3410 ptione,
2132 3338 2329 3409 inquit,
2376 3338 2653 3393 hominem
2699 3337 2917 3403 iecisti,
2955 3346 3010 3393 et
3057 3337 3126 3394 ad
3155 3337 3448 3406 imaginem

1879 3438 2030 3486 tuam
2073 3429 2322 3486 formasti
2367 3443 2533 3492 eum;
2593 3429 2686 3486 sed
2723 3429 2914 3485 fraude
2963 3428 3367 3484 circumventus
3397 3427 3448 3479 in

1879 3523 2285 3593 corruptionem
2323 3521 2544 3577 decidit.
2591 3520 2778 3591 itaque
2809 3524 2936 3576 dato
2972 3521 3050 3576 illi
3081 3518 3447 3588 incorruptio-

1880 3630 2026 3680 nem,
2059 3623 2120 3669 ut
2155 3614 2384 3669 salutem
2413 3622 2814 3684 consequatur,
2835 3617 2906 3668 °in
2924 3629 3084 3685 quem
3113 3612 3276 3668 linem
3308 3625 3448 3680 opus

1881 3705 2012 3759 illud
2047 3702 2294 3758 ell‘ectum
2330 3711 2434 3758 est.

1950 3796 2040 3853 49.
2075 3795 2206 3862 Quis
2229 3806 2303 3851 est
2328 3795 2481 3850 homo
2507 3796 2596 3866 qui
2622 3794 2817 3848 vivetet
2844 3809 2944 3846 non
2968 3791 3160 3846 videbit
3187 3802 3402 3846 mortem
3426 3795 3452 3846 .9

1879 3885 2072 3954 Nemo,
2109 3887 2322 3957 inquit,
2351 3894 2446 3942 aut
2473 3894 2648 3940 morte
2673 3885 2919 3956 superior
2945 3885 3082 3950 erit,
3112 3893 3207 3940 aut
3232 3883 3452 3940 redime:
3549 3911 3551 3914 ‹

1881 3980 2115 4034 animam
2136 3995 2286 4034 suam
2315 3976 2377 4032 de
2409 3995 2568 4033 manu
2599 3977 2792 4047 inferi,
2828 3974 2934 4031 nisi
2960 3984 3019 4030 tu
3040 4017 3056 4044 ,
3100 3977 3298 4048 inquit,
3346 3975 3452 4030 Do-

1881 4072 2046 4140 mine,
2079 4069 2539 4128 resurreclienem
2563 4068 2928 4127 concesseris.

1950 4231 2040 4286 50.
2075 4230 2174 4285 Ubi
2200 4239 2322 4283 sunt
2348 4230 2726 4284 misericordia:
2761 4238 2866 4283 tum
2900 4227 3150 4296 antiquw,
3182 4223 3404 4277 Domine
3426 4225 3454 4277 .’

194 4326 322 4392 χαῖα
349 4322 480 4394 ἐλέη
510 4320 607 4374 τοῦ
635 4321 793 4384 Θεοῦ,
829 4324 1011 4392 φησιν,
1048 4325 1082 4394 ἠ
1111 4324 1217 4394 πρὸ
1243 4324 1548 4395 καταϐολῆς
1573 4325 1776 4396 κόσμου

1898 4323 2144 4392 \ntiquas
2197 4322 2291 4376 Dei
2351 4321 2759 4378 misericordias
2789 4327 2981 4383 vocat,
3043 4314 3448 4371 renovationetn

194 4414 478 4486 ὡρισμένη
513 4414 593 4476 είς
619 4412 926 4485 ἀφθαρσίαν
956 4416 1415 4486 ἀναστοιχείωσις.

263 4594 584 4662 Μνήσθητι
606 4633 622 4658 ,
655 4595 855 4662 Κύριε,
889 4595 998 4648 τοῦ
1033 4594 1375 4664 ὀνειδισμοῦ
1401 4593 1520 4648 τῶν
1543 4593 1777 4648 δούλων

195 4702 331 4745 σου.
379 4687 600 4756 Ἐπειδὴ
622 4685 941 4740 ὠνείδισάν
967 4703 1034 4758 με
1053 4726 1068 4750 ,
1096 4686 1267 4758 Κύριε
1288 4724 1301 4748 ,
1326 4689 1380 4738 οι
1405 4687 1604 4756 ἐχθροί
1633 4704 1766 4753 σου,

195 4780 502 4848 φάσκοντες
541 4778 754 4847 ψευδεῖς
793 4773 931 4831 εἶναι
963 4777 1062 4841 τὰς
1096 4777 1224 4850 περὶ
1268 4777 1402 4849 ἐμοῦ
1443 4781 1555 4843 τοῖς
1604 4778 1778 4833 ἔθνεσι

191 4868 488 4939 δεδομένας
519 4868 884 4937 ἐπαγγελίας⁶
938 4861 1098 4922 αὗται
1145 4869 1201 4922 δέ
1239 4864 1378 4940 ἦσαν
1429 4870 1490 4922 τὸ
1537 4871 1774 4941 σωθῆναι

192 4961 352 5023 αὐτὰ,
387 4961 485 5014 καὶ
502 4959 880 5031 ἀπαλλαγῆναι
901 4960 1131 5015 θανάτου
1157 4960 1250 5014 καὶ
1275 4963 1550 5033 ἁμαρτίας
1568 4979 1580 4991 ·
1624 4965 1777 5018 ὠνεί-

190 5053 345 5106 δισαν
377 5052 436 5105 δὲ
477 5052 788 5125 ἀφορῶντες
821 5054 901 5115 είς
949 5053 1041 5105 τὸν
1096 5051 1324 5105 θάνατον
1356 5053 1445 5106 τὸν
1487 5054 1648 5123 ἐμόν·
1685 5058 1778 5109 καὶ

196 5143 464 5213 ματαίους
506 5142 678 5205 αὐτὰς
709 5138 849 5196 εἶναι
878 5141 1162 5214 ἀπέφηναν
1181 5159 1194 5172 ·
1231 5143 1418 5197 τούτου
1456 5145 1613 5215 χάριν
1642 5146 1776 5198 αἰτῶ

196 5249 278 5287 σοι
303 5234 644 5305 μνησθῆναιο
688 5233 755 5288 τὸ
779 5234 888 5307 γὰρ
955 5233 1344 5304 ἀντάλλαγμα
1389 5235 1493 5289 τοῦ
1518 5237 1774 5304 Χριστοῦ

193 5344 309 5382 σου
336 5327 680 5392 ὼνείδισαγ,
713 5327 895 5398 φησιν.
951 5327 1051 5397 Εῐη
1080 5327 1136 5380 δὲ
1161 5325 1222 5378 τὸ
1241 5325 1590 5398 ἀντάλλαγμα
1611 5327 1774 5380 αὐτοῦ

195 5417 225 5470 6
253 5417 483 5482 θάνατος
516 5416 684 5472 αὐτοῦ
718 5417 811 5469 κού⁸
843 5413 903 5470 τὸ
926 5411 1092 5481 αἷμα,
1122 5415 1182 5469 τὸ
1216 5415 1528 5488 ἀντίλυτρον
1560 5418 1777 5490 δεδομέ-

267 5593 311 5624 ¹⁸
344 5588 534 5652 Matth.
563 5609 744 5655 xxvn,
771 5593 859 5647 59.
932 5587 978 5625 ³⁸
1019 5591 1121 5646 lsa.
1153 5606 1270 5653 LIII.
1300 5584 1383 5646 ii.

511 5693 778 5752 PATROL.
826 5691 943 5752 Gn.
992 5689 1255 5750 XXVII.

1881 4413 2028 4466 illam
2046 4413 2101 4466 in
2126 4412 2608 4480 incorruptionem,
2629 4420 2754 4465 ante
2784 4407 2972 4463 mundi
3004 4404 3450 4460 constitutionem

1880 4504 2177 4560 deﬁnitam.

1954 4599 2045 4653 51.
2078 4597 2281 4651 Memor
2304 4606 2434 4659 esto,
2468 4593 2706 4660 Domine,
2751 4591 3019 4663 opprobrii
3039 4607 3304 4646 servorum
3335 4602 3453 4642 tuo-o

1885 4702 2026 4740 rum.
2072 4683 2211 4750 Quia
2251 4683 2424 4747 mihi,
2466 4681 2730 4749 Domine,
2763 4682 3208 4752 exprobrauerunt
3246 4681 3451 4734 inimici
3518 4706 3525 4718 -

1883 4779 1982 4841 tui,
2011 4777 2255 4832 dicentes
2284 4775 2449 4832 falsas
2487 4791 2610 4832 esse
2637 4776 3030 4846 promissiones
3073 4775 3324 4846 gentibus
3351 4774 3453 4826 da--

1881 4880 1966 4926 tas
2018 4885 2141 4941 quae
2182 4885 2268 4924 me
2317 4872 2654 4939 spectabant.
2707 4869 2876 4925 Erant
2913 4883 3094 4924 autem
3123 4868 3228 4922 illae
3253 4865 3449 4934 hujus-

1884 4961 2067 5025 modi,
2109 4962 2254 5032 quod
2307 4960 2514 5017 scilicet
2557 4962 2786 5017 salutem
2827 4971 3202 5016 consecutura
3245 4966 3450 5017 essent,

1881 5060 1936 5106 et
1972 5051 2265 5108 liberanda:
2304 5067 2336 5106 a
2371 5063 2547 5106 mor-te
2571 5061 2625 5106 et
2649 5067 2678 5105 a
2705 5060 2945 5121 peccato.
2974 5047 3452 5119 Exprobravet‘unt

1883 5151 2064 5198 autem
2091 5183 2105 5208 ,
2142 5153 2371 5199 mortem
2405 5159 2578 5199 meam
2628 5145 3003 5214 respicientes,
3035 5151 3089 5194 et
3112 5153 3280 5192 vanas
3329 5150 3455 5192 esse

1881 5235 2280 5306 promissiones
2311 5235 2432 5292 illas
2472 5235 2838 5292 declararunt.
2901 5232 3026 5288 Ideo
3075 5245 3209 5301 rogo
3255 5240 3345 5295 te,
3393 5239 3454 5281 ut

1882 5343 2094 5383 memor
2113 5329 2220 5394 sis;
2242 5343 2390 5396 nam,
2410 5327 2605 5398 inquit,
2621 5326 3059 5395 exprobrauerunt
3081 5320 3452 5377 commutatio-

1883 5435 1998 5474 nem
2029 5417 2230 5474 Christi
2261 5418 2358 5472 tui.
2410 5415 2774 5474 Commutatio
2823 5422 3001 5470 autem
3034 5412 3188 5485 ejus,
3239 5409 3454 5466 videtur

2973 5681 3048 5742 13
