3778 6276
150 222 252 277 $97

1218 213 1585 271 EXPOSITIO
1622 213 1688 268 IN
1724 212 2051 271 PSALMUM
2091 211 2375 268 LXXXIX.

3326 212 3431 269 598

222 342 311 398 ra
338 334 808 409 ‘meﬁﬂata
837 335 1038 392 αὐτῶν
1066 336 1171 407 ἐτη
1202 336 1447 392 ἔσονται
1477 335 1545 391 τὸ
1585 336 1752 405 πρωΐ.

1930 335 1981 390 5.
2024 335 2156 401 Qua:
2198 330 2295 405 prb
2346 331 2514 387 ni/tilo
2558 330 2837 397 habentur,
2887 344 3067 385 eorum
3111 331 3238 386 anni
3279 342 3431 385 erunt

162 434 312 488 Ὧσεὶ
342 432 696 503 σαφέστερον
725 429 877 499 ἔλεγε
900 446 915 460 ⁸
960 430 1040 484 Τὰ
1078 428 1172 500 ἐτη
1205 428 1416 491 αὐτῶν,
1445 428 1556 483 τῶν
1590 428 1760 500 ἀρνη-

156 526 418 596 σαμένων
471 541 536 578 σε
569 522 849 595 δηλονότι,
897 523 956 575 ἐν
998 521 1338 594 ὲξουθενήσει
1384 521 1535 575 ἔσται
1567 521 1756 594 πολλῇ.

160 620 442 689 Γεγόνασι
465 617 582 691 γὰρ
611 615 983 688 καταπατημα
1010 616 1105 671 καὶ
1133 614 1433 688 ἀνθρώπων
1460 616 1553 671 καὶ
1573 616 1762 687 δαιμό-

157 731 280 778 νων,
318 714 428 769 ἇτε
461 713 559 767 τὸν
581 710 945 784 λυτρούμενον
972 709 1067 764 καὶ
1103 709 1344 773 σώζοντα
1372 709 1569 774 αὐτοὺς
1591 710 1761 782 ἀρνη-

161 807 414 877 ciuem.

225 897 300 953 τὸ
329 896 504 966 πρωῒ
544 894 809 963 ἀνθῆσαι
843 894 947 949 καὶ
982 894 1284 964 παρέλθοι.
1328 897 1483 964 Πρωι
1537 895 1637 966 μὲν
1665 894 1760 950 τὸν

160 991 346 1064 καιρὸν
381 992 491 1063 τῆς
519 988 823 1061 γενομένης
852 988 1035 1052 αὐτοῖς
1066 987 1386 1058 ἐπιφανείας
1426 984 1664 1059 Χριστοῦ
1701 989 1760 1040 ὲν

161 1080 231 1153 τῷ
260 1083 388 1156 δρει
414 1083 558 1136 Σινᾶ
584 1081 1071 1152 κατασημαίνουσι.
1099 1081 1303 1148 Χλόην
1331 1080 1389 1134 δὲ
1411 1081 1510 1150 τὴν
1533 1078 1761 1152 νομικὴν

162 1172 422 1244 λατρείαν
447 1173 626 1243 δηλοῖ,
656 1173 751 1227 ate
774 1172 971 1245 μικρὸν
993 1172 1221 1243 ὕστερον
1250 1166 1607 1244 μαραίνεσθαι
1637 1173 1764 1244 μὲλ-

162 1264 374 1317 λουσαν.
435 1264 512 1317 Τὸ
539 1262 800 1332 ἑσπέρας
844 1262 1143 1318 ἀποπέσοι
1169 1304 1184 1326 ,
1210 1264 1617 1331 σκληρυνθείη
1663 1264 1758 1317 καὶ

162 1355 517 1424 «Superat-2m.
556 1353 828 1424 Ἑσπέραν
851 1353 984 1425 φησὶ
1010 1353 1102 1407 τὸν
1133 1353 1219 1407 ἐπ’
1241 1352 1486 1425 ἐσχάτων
1515 1352 1607 1407 τοῦ
1635 1352 1764 1407 αίῶ-

162 1463 245 1508 νος
280 1444 495 1516 καιρὸν
519 1484 536 1509 ,
572 1444 695 1498 καθ’
722 1444 783 1498 δν
810 1444 909 1499 καὶ
939 1443 1208 1512 ὲπέφανεν
1250 1444 1282 1496 ’ὁ
1327 1444 1639 1515 Μονογενής
1658 1460 1671 1473 ·
1703 1444 1764 1498 ἐν

163 1530 201 1604 ᾧ
233 1537 299 1608 δὴ
327 1537 435 1590 καὶ
466 1535 751 1609 παρῆλθεν
780 1538 814 1609 ἡ
847 1537 946 1607 τῆς
970 1535 1110 1589 κατὰ
1143 1535 1306 1608 νόμον
1329 1535 1581 1608 λατρείας
1608 1534 1766 1609 ἄνθη-

165 1645 262 1693 σις,
292 1628 718 1700 σκληρυνθεῖσα
744 1628 927 1700 ἀπάτῃ
957 1627 1053 1699 τῆς
1081 1626 1381 1692 ἀπειθείας.

1860 438 2030 479 mane.
2066 424 2232 490 Quasi
2281 420 2521 492 apertius
2562 419 2766 476 diceret
2797 437 2812 475 :
2839 419 2986 474 Anni
3026 434 3217 475 eorum
3256 421 3350 491 qui
3381 431 3434 475 te

1860 516 2302 585 abnegaverunt,
2347 515 2402 569 in
2466 520 3138 582 contemptumfmagnnm
3190 511 3429 566 venient.

1860 603 2103 660 Fuerunt
2146 604 2290 659 enim
2336 604 2391 658 in
2432 603 2899 660 conculcationem
2938 610 2994 659 et
3022 603 3337 659 hominibus
3378 614 3433 658 et

1860 697 2220 762 daemonibus,
2253 704 2439 766 utpote
2469 696 2565 767 qui
2596 711 2721 752 eum
2751 696 2846 766 qui
2876 696 3027 766 ipsos
3064 696 3354 751 redimeret
3377 705 3434 750 et

1861 790 2042 845 salvos
2076 788 2275 845 faceret
2306 789 2711 860 abnegaverint.

1931 882 1986 937 6.
2028 880 2187 935 Mane
2209 881 2395 950 ﬂoreat
2419 889 2469 934 et
2493 888 2746 936 transeat.
2772 878 2876 935 Per
2907 893 3118 943 vocem,
3147 894 3322 945 mane,
3353 879 3431 936 si-

1862 973 2121 1043 gniﬁcant
2176 983 2390 1043 tempus
2443 988 2553 1043 quo
2607 972 2856 1041 apparuit
2906 971 3015 1026 illis
3075 971 3340 1026 Dominus
3372 971 3429 1025 in

1863 1070 2048 1118 monte
2071 1063 2223 1118 Sina.
2249 1061 2429 1117 Herba
2451 1071 2632 1116 autem
2656 1060 2926 1131 signiﬁcat
2946 1060 3170 1129 legalem
3198 1059 3429 1127 cultum,

1864 1162 2052 1225 utpote
2100 1154 2193 1224 qui
2249 1153 2396 1209 haud
2442 1153 2612 1209 multo
2663 1161 2784 1223 post
2805 1166 3053 1207 arescere
3078 1151 3290 1207 debeat.
3327 1147 3429 1205 Vc-

1862 1259 2007 1315 spere
2054 1244 2285 1312 decidat,
2324 1245 2534 1299 indurat
2575 1253 2627 1298 et
2677 1254 2924 1298 arescat:
2951 1256 3229 1313 vesperam
3274 1253 3433 1298 vocat

1864 1347 2080 1409 tempus
2132 1337 2188 1392 in
2233 1336 2341 1393 ﬁne
2362 1337 2546 1393 saeculi
2576 1335 2843 1402 futurum,
2875 1350 2986 1406 quo
3017 1334 3267 1405 apparuit
3296 1330 3433 1390 Uni-

1862 1427 2077 1499 genitus
2102 1442 2118 1480 :
2147 1427 2201 1481 in
2227 1441 2337 1499 quo
2360 1426 2673 1497 pertransiit
2696 1423 2798 1481 ﬂos
2825 1425 3014 1496 legalis
3044 1423 3244 1489 cultus,
3276 1421 3433 1478 falla-

1863 1521 1948 1575 cia
1977 1519 2405 1591 inobsequentiae
2434 1518 2740 1574 induratus.

230 1684 362 1775 :O-rt
416 1684 786 1789 έὲελίπομεν
965 1684 1049 1790 ei):
1073 1718 1221 1790 ὀργῇ
1251 1684 1386 1774 σου.
1438 1719 1635 1792 Σαφῶς
1664 1718 1752 1785 τὰς

1933 1715 1987 1769 7.
2030 1714 2171 1781 Quia
2192 1716 2478 1786 defecimus
2506 1716 2563 1769 in
2590 1716 2674 1769 ira
2702 1723 2814 1770 tua.
2847 1714 3047 1787 Aperte
3079 1722 3306 1769 narrant
3344 1725 3440 1769 ca-

165 1812 564 1884 ὲπενεχθείσας
608 1813 792 1876 αὐτοῖς
838 1810 1121 1883 συμφορὰς
1162 1810 1251 1865 διὰ
1278 1810 1347 1875 τὰ
1378 1809 1486 1866 ἴδια
1516 1813 1765 1886 ἁμαρτή-

167 1921 311 1977 ματα
336 1903 749 1976 διαγορεύουσι.
780 1904 892 1958 Καὶ
924 1902 1199 1968 Ἰουδαίοις
1220 1903 1423 1967 ταῦτα,
1470 1905 1560 1958 καὶ
1599 1907 1764 1960 πᾶσιν

166 1995 489 2072 ἀνθρώποις
518 1994 775 2068 ἁρμόδια.
802 1995 913 2048 Καὶ
935 1994 1044 2067 γὰρ
1066 1994 1176 2048 τῶν
1197 1993 1499 2067 ἀνθρώπων
1521 1997 1554 2068 ἡ
1581 1996 1763 2066 φύσις,

167 2089 526 2162 παρανομίας
553 2087 774 2141 τίνουσα
800 2087 974 2152 δίκας,
996 2085 1277 2158 ὑπεδλήθη
1299 2089 1416 2153 ταῖς
1439 2092 1763 2162 συμφοραῖς,

168 2181 263 2234 καὶ
290 2181 427 2244 ταῖς
461 2179 837 2243 παντοδαπαῖς
868 2177 1255 2252 περικλύςεται
1286 2179 1624 2250 τρικυμίαις.
1658 2182 1768 2235 Καὶ

178 2273 458 2338 Ἰουδαῖοι,
495 2271 585 2326 διὰ
606 2271 705 2344 τὴν
737 2271 1000 2344 πονηρίαν
1031 2271 1131 2343 τῆς
1157 2268 1404 2344 γνώμης,
1432 2272 1534 2344 τῆς
1558 2272 1769 2328 ἐλευθε-

172 2362 297 2432 ρίας
333 2362 624 2427 ἐξέπεσον.
1668 2366 1671 2371 ’

224 2453 436 2519 ,Ἕθου
465 2452 573 2518 τὰς
588 2449 839 2521 ἀνομίας
862 2448 1030 2520 ἡμῶν
1055 2449 1334 2504 ἐναντιον
1359 2465 1494 2505 σου.
1522 2450 1597 2504 Οὐ
1630 2467 1771 2523 παρ-

170 2542 343 2613 ἦλθες
361 2583 378 2607 ,
409 2543 567 2612 φησὶ,
594 2542 693 2606 τὰς
718 2541 948 2612 ἀνομίας
972 2541 1006 2611 ἡ
1015 2539 1152 2611 μῶν,
1211 2540 1306 2594 ἅτε
1331 2541 1364 2612 ἡ
1373 2540 1488 2612 μῶν
1516 2539 1771 2596 ἐπικαλε-

177 2635 438 2706 σαμένων
465 2633 636 2699 αὑτὰς
666 2634 747 2698 είς
773 2632 873 2697 τὰς
896 2634 1100 2688 ἑαυτῶν
1126 2633 1368 2704 κεφαλὰς
1386 2674 1401 2699 ,
1424 2633 1513 2688 διὰ
1536 2633 1598 2687 τὸ
1619 2634 1772 2707 είρη-

174 2726 369 2780 κέναιο
407 2724 483 2779 Τὸ
509 2719 654 2794 αἷμα
683 2723 988 2794 αὐτοῦ-ἐφ’
1017 2724 1177 2795 ἡμᾶς
1205 2724 1303 2779 καὶ
1330 2723 1430 2778 ἐπὶ
1478 2723 1552 2779 τὰ
1589 2723 1772 2779 τέκνα

174 2817 375 2888 ἡμῶν.
431 2819 497 2871 '0
520 2816 666 2871 αἰὼν
686 2815 855 2886 ἡμῶν
878 2819 967 2884 εὶς
983 2816 1290 2886 φωτισμὸν
1312 2816 1419 2871 τοῦ
1446 2815 1771 2885 προσώπου

176 2922 319 2966 σου.
399 2909 551 2964 Ὠσεὶ
594 2909 813 2979 ἔλεγεν
858 2909 916 2964 '0
949 2908 1063 2980 βίος
1092 2908 1251 2981 ἡμῶν
1297 2909 1390 2962 καὶ
1423 2910 1480 2963 αί
1533 2910 1592 2963 ὲν
1624 2907 1774 2981 αὐτῷ

1865 1808 2137 1864 lamitates
2181 1807 2314 1879 ipsis
2354 1808 2425 1863 ob
2469 1806 2686 1877 propria
2723 1815 2945 1876 peccata
2992 1805 3193 1862 illatas.
3224 1802 3293 1861 Et
3322 1804 3438 1861 haec

1865 1916 1991 1956 cum
2028 1899 2251 1966 ludatis,
2277 1908 2391 1954 tum
2437 1898 2690 1953 omnibus
2727 1897 3043 1952 hominibus
3082 1897 3433 1953 conveniunt.

1866 1990 2162 2047 Hominum
2217 1992 2418 2061 quippe
2464 2000 2677 2057 natura,
2720 2003 2911 2059 pmnas
2957 1990 3095 2044 dans
3138 1988 3440 2060 iniquitatis

1867 2095 2001 2143 suae,
2032 2080 2438 2136 calamitatibus
2460 2078 2706 2149 subjecta
2730 2085 2817 2135 est
2840 2087 2897 2133 et
2915 2079 3235 2136 decumanis
3258 2078 3441 2135 ﬂucti-

1869 2173 1971 2228 bus
2001 2171 2351 2243 demergitur.
2381 2169 2554 2226 Judaei
2582 2183 2706 2226 vero
2751 2170 2822 2226 ob
2867 2170 3065 2226 mentis
3098 2170 3438 2237 malitiamsa

1869 2261 2116 2317 libertate
2148 2261 2286 2331 lapsi
2311 2268 2460 2317 sunt.

1939 2459 1993 2514 8.
2034 2457 2273 2515 Posuisti
2319 2460 2625 2532 iniquitates
2681 2471 2889 2517 nostras
2938 2463 2993 2517 in
3019 2471 3295 2534 conspectu
3327 2472 3440 2520 tuo.

1869 2547 1987 2605 Non
2041 2552 2480 2621 praetermisisti,
2530 2553 2749 2625 inquit,
2809 2554 3125 2625 iniquitates
3179 2562 3396 2610 nostras
3423 2592 3441 2617 ,

1870 2641 2071 2713 quippe
2095 2659 2220 2698 cum
2254 2658 2358 2700 nos
2400 2645 2503 2715 ipsi
2531 2659 2627 2701 eas
2654 2646 2707 2699 in
2734 2644 2910 2717 capita
2936 2653 3123 2701 nostra
3152 2660 3443 2701 revocave-

1871 2731 2065 2798 rimus,
2100 2733 2229 2804 quia
2264 2733 2544 2790 diximus:
2575 2732 2802 2807 Sanguis
2828 2736 2941 2806 ejus
2967 2751 3121 2805 super
3152 2753 3247 2791 nos
3273 2746 3323 2791 et
3354 2752 3444 2792 su-

1871 2838 1964 2893 per
2010 2822 2151 2894 ﬁlios
2193 2825 2476 2880 nostros".
2511 2824 2778 2881 Saculum
2809 2839 3045 2881 nostrum
3082 2828 3137 2880 in
3169 2825 3446 2881 illumina-

1876 2915 2013 2971 tione
2043 2917 2218 2970 vultus
2254 2916 2352 2970 tui.
2382 2916 2461 2971 Ac
2493 2916 2538 2972 si
2569 2917 2774 2972 diceret
2807 2914 2969 2972 :Vita
3004 2923 3194 2971 nostra
3230 2924 3285 2972 et
3322 2914 3443 2984 ejus

176 3006 416 3078 πράξεις
442 3004 677 3076 πονηραὶ
704 3003 982 3074 φαίνονται
1018 3001 1097 3074 τῷ
1120 2999 1399 3075 προσώπῳ
1427 3018 1542 3057 σου.
1610 3000 1752 3056 Οὐδὲ·

1901 3007 2224 3077 >pera,mala
2256 3006 2510 3062 videntur
2536 3008 2593 3063 in
2626 3017 2919 3093 conspectu
2941 3016 3057 3064 tuo.
3072 3006 3221 3063 Nihil
3242 3008 3444 3079 quippe

180 3100 291 3173 γὰρ
332 3098 611 3169 ἠγνόησας
630 3097 738 3151 τῶν
777 3097 837 3150 ὲν
862 3096 993 3167 ἡμῖν
1028 3096 1431 3167 πεπραγμένων
1473 3094 1566 3148 ἀπ’
1595 3094 1769 3167 ἀρχῆς

186 3191 351 3262 μέχρι
379 3187 595 3251 τέλους.
1199 3183 1202 3187 ’
1268 3224 1273 3229 .

252 3281 387 3334 Ὅτι
418 3276 612 3333 πᾶσαι
638 3278 699 3330 al
720 3274 932 3346 ἡμέραι
959 3274 1128 3344 ἡμῶν
1150 3272 1454 3339 ἐξέλιπον,
1472 3273 1571 3328 καί
1601 3273 1672 3327 ἐν
1698 3270 1774 3342 τῇ

181 3370 335 3443 ὁρτῇ
377 3386 505 3424 σου
536 3368 915 3438 ἐξελίπομεν.
975 3367 1038 3420 Ἡ
1064 3365 1306 3439 ἁμαρτία
1324 3407 1339 3432 ,
1363 3365 1496 3438 φησὶ
1515 3404 1530 3431 ,
1553 3363 1650 3437 τὴν
1678 3363 1776 3436 σὴν

181 3465 354 3535 ὀργὴν
386 3462 614 3534 ἐκίνησε
661 3461 785 3514 καθ’
815 3459 971 3531 ἡμῶν
995 3475 1010 3490 ο
1057 3460 1092 3531 ἡ
1123 3459 1180 3513 δὲ
1207 3457 1345 3530 ὀργὴ
1384 3456 1483 3529 τὴν
1510 3455 1777 3531 τιμωρίαν

182 3558 472 3629 ἐπήγαγεν
497 3572 511 3586 ·
551 3556 584 3624 ἡ
608 3553 666 3607 δὲ
686 3552 928 3625 τιμωρία
951 3551 1048 3616 τὰς
1071 3550 1261 3616 ὀδύνας
1300 3551 1622 3622 ἐπήνεγκεν.
1686 3550 1778 3604 Ἐν

182 3648 398 3712 ὀδύναις
428 3651 541 3718 γὰρ
575 3634 669 3700 τὸν
700 3644 879 3714 ὀλίγον
908 3643 1065 3716 ἡμῶν
1101 3642 1478 3714 διετελέσαμεν
1514 3641 1647 3713 βίον.
1704 3643 1781 3697 Τὰ

182 3744 287 3805 ἐτη
322 3737 500 3811 ἡμῶν
532 3738 674 3793 ὡσεί
704 3736 937 3807 ἀράχνῃ
969 3735 1285 3806 ἐμελέτων.
1346 3733 1510 3787 Οὐδὲν
1542 3732 1777 3804 βέϐαιον,

187 3833 373 3904 φησὶν,
400 3830 529 3886 οὐδὲ
555 3829 821 3902 στατηρὺν
844 3831 877 3900 ὴ
910 3828 1224 3901 ἀνθρωπεία
1250 3826 1410 3898 φύσις
1441 3826 1553 3898 ἔχει
1570 3843 1584 3858 ⁸
1626 3826 1781 3898 δίκην

188 3926 439 3998 ἀράχνης
468 3923 766 3977 διασπᾶται
807 3921 1028 3995 ῥᾳδίως.

255 4018 330 4072 Δί
353 4013 575 4084 ἡμέραι
596 4009 715 4067 τῶν
740 4011 891 4065 ἐτῶν
911 4009 1080 4080 ἡμῶν
1102 4010 1172 4063 ἐν
1192 4008 1397 4076 αὐτοῖς
1425 4007 1785 4078 ἐϐδομήκον-

188 4123 260 4161 τα
281 4106 421 4175 ἔτη.
488 4105 677 4158 Ἔοικε
708 4101 883 4158 ταῦτα
905 4105 1018 4167 τοῖς
1049 4101 1155 4156 ὑπὸ
1178 4098 1274 4154 τοῦ
1304 4100 1642 4172 πατριάρχου
1675 4099 1781 4153 Ἰα-

190 4196 306 4253 κὼϐ
344 4196 664 4270 εἰρημένοις
684 4212 699 4226 ’
735 4197 808 4250 Al
832 4192 1045 4265 ἡμέραι
1065 4210 1186 4263 μου
1212 4191 1416 4261 μικραὶ
1467 4190 1568 4245 καὶ
1598 4207 1785 4261 πονη-

186 4291 283 4362 ραὶ
300 4292 421 4345 οὐκ
438 4290 719 4358 ἔφθασαν
736 4289 823 4354 εις
843 4285 949 4352 τὰς
972 4283 1198 4354 ἡμέρας
1216 4282 1336 4337 τῶν
1355 4281 1625 4351 πατέρων
1639 4299 1782 4352 μου.

1875 3096 2094 3168 ignoras
2139 3113 2329 3153 eorum
2364 3114 2487 3170 quae
2530 3098 2585 3153 in
2636 3088 2811 3155 nobis
2840 3108 2959 3157 acta
3011 3110 3141 3155 sunt
3178 3099 3248 3156 ab
3286 3097 3445 3154 initio

1876 3206 2052 3261 usque
2075 3190 2144 3247 ad
2174 3192 2359 3247 linem.

1945 3284 2000 3339 9.
2043 3282 2308 3351 Quoniam
2329 3300 2504 3338 omnes
2531 3282 2641 3338 dies
2663 3287 2834 3339 nostri
2865 3282 3188 3354 defecerunt.
3215 3290 3266 3337 et
3286 3282 3341 3336 in
3363 3282 3449 3337 ira

1878 3386 1971 3432 tua
1994 3377 2301 3447 defecimus.
2335 3375 2648 3442 Peccatum,
2683 3375 2881 3446 inquit,
2916 3374 3052 3429 iram
3083 3383 3234 3430 tuam
3258 3374 3452 3430 adver-

1876 3484 1999 3525 sum
2051 3484 2152 3525 nos
2203 3467 2532 3535 concitavit;
2576 3467 2657 3521 ira
2701 3480 2830 3522 vero
2877 3466 3200 3537 supplicium
3234 3466 3449 3534 intulit;

1879 3560 2204 3632 supplicium
2263 3560 2483 3615 dolores
2530 3557 2764 3613 induxit.
2798 3557 2861 3610 in
2913 3556 3198 3612 doloribus
3248 3558 3451 3627 quippe

1878 3653 2154 3708 modicum
2192 3652 2318 3707 vita:
2365 3658 2569 3707 nostra:
2616 3657 2828 3719 tempus
2877 3648 3264 3719 transegimus.
3308 3649 3453 3703 Anni

1880 3744 2047 3799 nostri
2080 3744 2219 3798 sicut
2242 3757 2437 3797 aranea
2467 3740 2879 3795 meditabantur.
2910 3736 3056 3793 Nihil
3089 3738 3330 3801 ﬁrmum.
3365 3738 3455 3794 iu-

1880 3838 2020 3910 quit,
2051 3836 2188 3892 nihil
2215 3835 2409 3892 stabile
2435 3844 2643 3889 natura:
2665 3842 2866 3887 nostra;
2896 3832 3038 3888 inest
3069 3849 3085 3887 :
3120 3831 3296 3887 instar
3331 3845 3456 3887 ara-

1880 3944 1998 3985 nea:
2027 3929 2182 3984 facile
2210 3926 2553 3998 discerpitur.

1953 4022 2040 4077 10.
2080 4022 2206 4076 Dies
2250 4037 2510 4075 annorum
2554 4028 2853 4074 nostrorum
2879 4019 2936 4072 in
2962 4018 3092 4089 ipsis
3126 4017 3459 4088 septuaginta

1885 4117 2035 4181 anni,
2065 4122 2171 4170 etc.
2202 4113 2396 4169 lsthtec
2423 4111 2623 4168 similia
2659 4117 2789 4166 sunt
2822 4108 2891 4165 iis
2912 4124 3035 4179 quae
3056 4107 3192 4162 dixit
3226 4108 3459 4178 patriar-

1885 4206 1988 4261 cha
2019 4203 2187 4260 Jacob
2216 4225 2230 4258 :
2264 4203 2389 4258 Dies
2423 4204 2523 4257 mei
2546 4202 2704 4272 pauci
2732 4209 2780 4255 et
2812 4199 2962 4265 ntali,
3001 4215 3103 4253 non
3122 4206 3462 4267 pervenerunt

1886 4296 1955 4349 ad
1992 4295 2102 4348 dies
2149 4306 2361 4364 patrum
2406 4291 2722 4348 meorum“.
2758 4289 2899 4345 Sunt
2944 4289 3129 4359 itaque
3177 4288 3270 4359 qui
3320 4287 3458 4342 ultra

192 4380 314 4432 Elei.
344 4377 449 4449 μὲν
474 4372 571 4431 οὖν
594 4377 645 4430 οἱ
677 4376 772 4431 καὶ
804 4374 1024 4429 πλείονα
1052 4369 1148 4426 τοῦ
1193 4371 1482 4443 εἰρημένου
1515 4369 1752 4426 διαϐιοῦσ

1901 4387 2206 4456 praedictum
2238 4397 2451 4455 tempus
2478 4384 2644 4438 vitam
2689 4380 3014 4445 extrahunt;
3061 4377 3157 4434 sed
3192 4379 3246 4433 id
3274 4378 3460 4447 paucis

193 4472 416 4542 χρόνον·
443 4468 563 4523 ἀλλ’
592 4470 770 4522 ἐκεῖνο
793 4468 883 4520 ἐπ’
920 4465 1116 4535 ὀλίγων
1145 4463 1449 4536 συμϐαίνει.
1483 4462 1558 4516 Τὸ
1584 4462 1643 4515 δὲ
1667 4478 1784 4515 κοι-

192 4565 281 4617 νὸν
306 4563 410 4617 καὶ
433 4561 513 4626 ὡς
537 4561 632 4614 ἐπὶ
654 4560 764 4615 τῶν
790 4559 1059 4614 πλείστων
1104 4553 1341 4628 κρατοῦν
1380 4553 1613 4608 ἐνταῦθα
1644 4553 1788 4607 διδά-

198 4673 336 4711 σκει.
379 4655 596 4726 Ὠσπερ
616 4652 726 4726 γὰρ
744 4651 855 4706 τῶν
880 4651 1127 4724 πρόωρον
1149 4647 1454 4720 δεχομένων
1484 4644 1583 4718 τὴν
1606 4644 1790 4699 τελευ-

194 4748 291 4820 τὴν
314 4748 420 4801 οὐκ
448 4748 745 4819 ἐποιήσατο
767 4747 989 4817 μνήμην
1006 4782 1022 4809 ,
1052 4742 1194 4797 οὕτω
1222 4758 1331 4795 των
1354 4738 1560 4810 σφόδρα
1602 4737 1791 4810 γερόν-

197 4859 301 4896 των
321 4841 407 4913 τῷ
437 4840 725 4913 μακροϐίῳ
750 4836 1163 4892 καταλέλοιπεν.
1235 4832 1369 4887 Ἀλλ’
1396 4832 1546 4901 ὅμως
1566 4870 1582 4895 ,
1630 4830 1786 4901 φησὶ,

198 4935 290 4988 καὶ
315 4936 346 4988 ὁ
377 4933 589 5007 βραχὺς
615 4925 771 4995 οὗτος
813 4930 1006 5003 χρόνος
1042 4928 1237 5000 ὀδύνης
1275 4926 1369 4981 καὶ
1414 4923 1590 4978 πόνων
1618 4921 1792 4995 ἐμπέ-

200 5029 461 5101 πλησται.
504 5027 631 5080 ’Ὁτι
666 5023 893 5094 ἐπῆλθε
928 5022 1191 5091 πραότης
1215 5020 1308 5089 ἐφ’
1329 5014 1508 5086 ἡμᾶς,
1536 5013 1636 5068 καὶ
1663 5029 1795 5068 παι-

200 5122 635 5190 δευθησόμεθα.
681 5116 902 5189 Ἐπειδὴ
927 5114 1120 5187 νεκρός
1143 5130 1228 5177 τις
1254 5111 1348 5165 καὶ
1378 5106 1599 5179 εὐτελὴς
1621 5108 1651 5160 ὁ
1681 5105 1793 5177 βίος

203 5212 381 5283 ἡμῶν,
413 5210 511 5264 καὶ
538 5210 602 5263 οὐ
627 5206 972 5280 γινώσκομεν
992 5206 1046 5259 τί
1083 5205 1235 5258 ἔσται
1273 5202 1405 5273 ἡμῖν
1445 5197 1582 5270 μετὰ
1620 5197 1795 5251 ταῦτα

206 5304 312 5358 ἀπὺ
339 5303 434 5358 τοῦ
470 5303 707 5375 κράτους
750 5316 877 5355 σοιν
935 5296 1124 5353 τούτου
1161 5294 1321 5367 χάριν
1376 5289 1604 5363 πράως,
1639 5288 1794 5360 φησὶ,

211 5395 497 5451 παίδευσον
524 5395 698 5467 ἡμᾶς.
728 5394 805 5448 Τὸ
826 5394 957 5465 γὰρ,
991 5391 1259 5461 ἐπῆλθεν
1277 5427 1292 5451 ,
1318 5385 1447 5439 ἀντὶ
1483 5382 1578 5437 τοῦ
1602 5421 1618 5447 ,
1646 5381 1799 5436 ἐπέλ-

287 5674 334 5708 "
371 5673 561 5731 Matth.
594 5687 769 5741 nam,
932 5672 1010 5749 ﬁ“
1049 5670 1184 5726 Gen.
1220 5682 1389 5737 xu'tt,
1425 5667 1475 5721 9.

1888 4476 2175 4548 contingit.
2193 4476 2295 4531 Hic
2321 4485 2498 4529 autem
2528 4471 2803 4544 signiﬁcat
2826 4470 2971 4540 quod
3000 4468 3162 4539 vulgo
3186 4468 3386 4534 evenit,
3408 4477 3457 4523 et

1888 4568 1942 4622 in
1984 4566 2232 4638 pluribus
2275 4564 2590 4635 contingere
2631 4561 2788 4619 solet.
2819 4559 3284 4627 Quemadmodum
3313 4562 3461 4616 enim

1889 4658 2221 4714 mentionem
2270 4671 2378 4712 non
2430 4655 2563 4710 fecit
2599 4670 2790 4710 eorum
2818 4642 2911 4725 qui
2932 4662 3260 4724 praematura
3289 4663 3462 4708 morte

1888 4753 2185 4815 tolluntur,
2218 4750 2298 4805 sic
2330 4763 2426 4805 eos
2456 4748 2551 4819 qui
2582 4748 2648 4804 ad
2677 4756 2975 4803 extremam
3006 4754 3340 4803 senectutem
3365 4760 3463 4800 ve-

1890 4845 2068 4907 niunt,
2098 4851 2294 4912 utpote
2320 4842 2639 4914 grandaevos
2672 4840 3040 4912 praetermisit.
3065 4837 3463 4902 Attamenyin-

1890 4937 2029 5008 quit,
2060 4935 2321 5006 perbreve
2342 4934 2475 4990 illud
2493 4942 2737 5005 tempus,
2764 4934 2973 4989 doloris
2996 4938 3050 4987 et
3071 4930 3318 4985 laborum
3352 4928 3463 4997 ple-

1892 5045 2021 5085 num
2057 5036 2159 5083 est.
2188 5027 2453 5093 Quoniam
2486 5027 2781 5096 supervenit
2802 5022 3168 5087 mansuetudo,
3211 5029 3262 5074 et
3304 5021 3451 5074 corri

1892 5122 2116 5192 piemur.
2150 5118 2419 5188 Quoniam
2456 5133 2556 5175 ceu
2583 5127 2796 5174 mortua
2830 5126 2883 5171 et
2910 5113 3203 5192 admodum
3234 5111 3356 5166 vilis
3384 5120 3462 5165 est

1894 5190 2006 5269 rita
2036 5222 2245 5280 nostra,
2286 5224 2340 5268 et
2382 5211 2699 5283 ignoramus
2742 5208 2874 5279 quid
2910 5190 3067 5261 nobis
3101 5212 3225 5275 post
3260 5204 3373 5258 haec
3403 5203 3475 5258 ab.

1896 5307 2127 5379 imperio
2176 5314 2269 5362 tuo
2316 5304 2560 5361 futurum
2594 5303 2700 5369 sit;
2752 5301 2895 5367 ideo,
2925 5297 3124 5369 inquit.
3153 5308 3278 5353 cum
3315 5311 3439 5349 man

1898 5402 2187 5461 suetudine
2228 5399 2443 5471 corripe
2474 5412 2596 5454 nos.
2643 5393 2780 5450 Nam
2816 5392 2970 5463 illud,
3012 5393 3325 5462 supervenit,
3353 5402 3465 5458 pro.
