3778 6276
314 129 419 186 399

1171 114 1228 167 S.
1270 108 1641 167 ATHANASII
1679 107 1830 162 OPP.
1869 101 2049 159 PARS
2089 102 2180 155 ιιι.
2218 131 2289 141 -
2319 96 2723 153 EXEGETICA.

3457 89 3570 149 ιοο

314 236 680 314 superveniat,
714 228 1118 301 ail.;Postulant
1147 237 1329 282 autem
1363 224 1765 295 correptionem
1794 234 1885 273 ac—
1914 223 1950 279 Α

2082 260 2089 280 ,
2117 218 2268 287 φησί.
2298 216 2518 270 Ᾱίτοῦσι
2543 214 2600 267 δὲ
2625 217 2724 285 τῆς
2752 212 2841 267 διὰ
2861 212 3094 283 Χριστὸν
3120 210 3366 276 παιδείας
3397 229 3575 282 μετα-

313 338 494 404 cipere
518 344 613 399 per
637 323 937 387 Christum,
972 321 1067 391 qui
1101 328 1185 376 est
1211 320 1431 374 dextera
1461 317 1665 379 Patris,
1698 328 1888 386 quam-

312 431 502 485 obrem
532 423 608 477 ait
635 441 650 476 :

389 520 594 585 12,1-5.
636 515 920 570 οεωιεταηι
977 520 1124 564 tuam
1178 510 1253 563 sic
1301 517 1477 562 notam
1530 507 1637 576 fac,
1683 514 1788 560 etc.
1823 501 1883 557 In

313 614 588 675 communi
619 609 857 682 positum
891 615 975 662 est
1013 605 1163 666 illud.
1201 613 1379 656 nolam
1412 601 1518 670 fac,
1554 599 1629 654 ita
1667 606 1728 653 ut
1757 611 1885 651 sen-

315 722 410 761 sus
434 704 505 759 sit
538 720 553 759 :
585 699 778 756 Notam
821 696 909 752 l'ac
948 695 1108 750 nobis
1155 693 1433 749 dexteram
1481 699 1655 754 tuam,
1688 688 1742 744 id
1779 697 1885 750 est,

314 797 626 860 Christum;
658 799 816 847 notos
844 788 929 843 fac
956 786 1110 841 nobis
1136 798 1231 841 eos
1259 782 1354 853 qui
1387 782 1441 836 in
1467 780 1630 837 corde
1666 779 1887 849 sapien-

314 892 446 946 tiam
494 888 693 943 habent
722 903 735 939 :
767 883 845 938 illi
877 888 1059 936 autem
1109 890 1232 932 esse
1275 874 1531 930 videntur
1562 871 1795 942 apostoli
1833 878 1889 926 et

314 980 676 1052 evangelista,
707 990 939 1047 quorum
963 984 1129 1041 Opera
1157 967 1535 1025 conversionis
1561 964 1753 1020 modos
1773 962 1889 1018 edi-

314 1073 568 1129 dieimus.
1864 1060 1879 1081 ⁸

383 1165 472 1230 ﬂ,
504 1163 591 1218 15.
634 1158 834 1231 Repleti
859 1173 1041 1212 sumus
1064 1171 1215 1209 mane
1236 1154 1603 1209 misericordia
1627 1162 1740 1207 tua.
1762 1151 1889 1209 Haec

314 1259 467 1312 aiunt
494 1254 649 1326 quasi
674 1253 784 1323 jam
814 1249 1080 1307 orationis
1122 1248 1286 1303 ﬁnem
1319 1256 1374 1303 et
1420 1261 1645 1316 scopum
1675 1246 1891 1301 invene-

316 1352 445 1406 rint.
476 1348 695 1405 Orietur
739 1358 978 1414 namque
1022 1342 1130 1397 illis
1164 1339 1260 1396 Sol
1288 1340 1515 1411 iustitia:
1542 1340 1599 1394 in
1632 1354 1892 1395 consum-

318 1442 556 1496 matione
591 1436 774 1493 saeculi
802 1436 988 1505 hujus.

387 1532 476 1587 16.
518 1530 732 1599 Respice
761 1530 814 1583 in
847 1544 1019 1583 servos
1053 1537 1193 1593 tuos,
1223 1535 1273 1580 et
1312 1527 1367 1579 in
1394 1541 1551 1594 opera
1579 1534 1694 1578 tua.
1728 1523 1885 1588 Illud,

1990 309 2173 362 λαϐεῖν
2193 349 2207 373 ,
2243 310 2301 373 ὃς
2333 310 2448 360 ἐστι
2481 306 2630 372 δεξιά
2656 305 2749 358 τοῦ
2780 303 3023 375 Πατρός·
3051 303 3130 355 διό
3162 319 3324 373 φησι·

2068 489 2186 557 Τὴν
2216 488 2421 552 δεξιάν
2448 502 2563 542 σου
2595 486 2781 551 οὕτως
2806 484 3099 555 γνώρισόν
3116 501 3236 554 μοι.
3293 485 3424 538 ’Λπο
3449 501 3576 539 κοι-

1993 578 2085 633 νοῦ
2113 579 2194 645 τὸ,
2224 578 2536 650 γνώρισον,
2562 577 2649 631 ἵνα
2772 576 2881 643 Καὶ
2908 574 3175 647 γνώρισον
3206 577 3336 646 ἡμῖν
3362 573 3580 648 τηνδε-

1991 670 2112 738 ξιάν
2147 687 2239 723 σου
2264 710 2280 735 ,
2309 668 2553 723 τουτέστι
2578 666 2812 741 Χριστόν
2836 686 2849 698 ’
2901 666 3165 738 γνώρισον
3195 667 3252 721 δὲ
3283 669 3415 738 ἡμῖν
3442 666 3581 731 τοίς

1992 764 2058 833 τῇ
2089 760 2285 833 καρδίᾳ
2302 759 2398 832 τὴν
2420 760 2611 830 σοφίαν
2631 760 2853 831 ἔχοντας
2869 778 2885 794 ο
2906 753 3051 814 οὗτοι
3072 760 3116 814 δ’
3137 759 3204 814 ἂν
3228 756 3337 814 εἷεν
3357 763 3405 815 οἱ
3424 760 3582 831 ἅγιοι

1995 851 2277 925 ἀπόστολοι
2302 853 2397 906 καὶ
2425 851 2828 921 εύαγγελισταὶ,
2860 851 2926 905 δι’
2955 845 3030 909 ὧν
3053 853 3145 906 καὶ
3171 851 3451 925 ἐμάθομεν
3469 852 3583 924 τῆς

1996 943 2328 1014 ἐπιστροφῆς
2363 945 2489 1008 τοὺς
2516 944 2771 1015 τρόπους.

2079 1147 2569 1217 Ἐνεπλιῖσθημεν
2606 1145 2672 1198 τὸ
2705 1146 2853 1213 πρωῒ
2892 1143 2997 1198 τοῦ
3028 1145 3239 1211 ἐλέους
3268 1160 3407 1199 σου.
3483 1146 3584 1209 Ὠς

1994 1240 2096 1311 ἤδη
2136 1240 2235 1309 τῆς
2267 1239 2431 1310 εὐχῆς
2481 1239 2738 1310 εὑρόντες.
2765 1238 2826 1291 τὸ
2874 1237 3048 1305 πέρας
3071 1237 3136 1291 τά
3164 1236 3341 1291 τοιάδε
3386 1239 3578 1307 φασίν.

2009 1330 2281 1384 ’Δνατελεῖ
2300 1331 2408 1401 γὰρ
2423 1332 2520 1383 καὶ
2548 1330 2731 1392 αὐτοῖς
2752 1326 3094 1407 όἬλιοςτῆς
3115 1327 3458 1399 δικαιοσύνης
3481 1329 3579 1382 ἐπὶ

1998 1421 2279 1494 συντελείᾳ
2302 1421 2397 1476 τοῦ
2431 1421 2626 1485 αἰῶνος
2662 1420 2876 1475 τούτου.

2066 1510 2178 1563 Kal
2211 1511 2300 1564 ἴδε
2325 1509 2423 1563 ἐπὶ
2462 1509 2602 1575 τοὺς
2624 1509 2884 1576 δούλους
2904 1525 3046 1577 σου,
3074 1510 3176 1564 καὶ
3209 1511 3307 1565 ἐπὶ
3336 1512 3410 1566 τὰ
3432 1512 3584 1581 ἔργα

318 1626 534 1695 respice,
576 1638 769 1678 rursus
812 1621 1049 1693 positum
1078 1635 1199 1690 pro,
1230 1618 1540 1688 respexisti,
1586 1617 1640 1672 id
1673 1628 1777 1680 est,
1809 1616 1893 1670 in-
1924 1585 1950 1644 Ῑ

2082 1618 2133 1654 υ.
2166 1599 2267 1664 Τὸ,
2296 1599 2417 1666 ἴδε,
2464 1599 2626 1653 πάλιν
2652 1600 2773 1656 ἀντὶ
2809 1600 2936 1665 τοῦ,
2975 1600 3077 1665 ἴδες
3097 1641 3111 1665 ,
3144 1602 3263 1672 ἢτοι
3291 1602 3584 1672 ἐπεσκέψω

318 1717 542 1790 spexisti
569 1728 754 1772 servos
784 1722 906 1771 tuos
937 1723 993 1769 et
1016 1728 1179 1783 opera
1222 1726 1483 1766 manuum
1520 1721 1767 1768 tuarum.
1791 1708 1896 1764 Per

2082 1709 2121 1756 ις
2153 1691 2371 1756 δούλους
2421 1708 2513 1745 σου
2549 1693 2643 1745 καὶ
2672 1692 2741 1745 τά
2777 1691 2914 1764 ἔργα
2956 1692 3066 1747 τῶν
3097 1693 3295 1765 χειρῶν
3325 1712 3441 1749 σου.
3498 1699 3582 1749 Δι’

318 1778 481 1880 quam
510 1807 895 1871 visitationem,
917 1805 1262 1876 splendorem
1288 1818 1354 1859 ac
1382 1802 1566 1856 lumen
1594 1801 1687 1856 Dei
1720 1800 1895 1855 nostri

2090 1784 2397 1856 ἐπισκοπῆς
2427 1783 2525 1856 τὴν
2557 1783 2917 1856 λαμπρότητα
2953 1786 3048 1838 καὶ
3088 1786 3150 1839 τὸ
3177 1785 3291 1856 φῶς
3314 1786 3409 1840 τοῦ
3439 1786 3582 1841 Θεοῦ

321 1904 586 1968 videntes,
614 1915 679 1956 ac
696 1898 968 1965 conversi,
994 1905 1200 1952 rectam
1236 1895 1380 1951 viam
1410 1893 1894 1959 incedamus,cum

2082 1876 2151 1930 ὦν
2177 1876 2513 1949 ἑωρακότες,
2543 1877 2638 1931 καὶ
2667 1876 3093 1948 ἐπιστρέψαντες
3116 1917 3131 1942 ,
3158 1877 3583 1950 κατευθυνθείη-

319 1993 692 2050 conversionis
720 2006 887 2063 opera
919 1988 1354 2061 impleverimus.

2082 1986 2097 2022 δ
2125 1969 2209 2038 ἐφ’
2237 1964 2319 2033 οἷς
2348 1969 2448 2041 τὴν
2500 1969 2600 2041 τῆς
2628 1970 2962 2043 ἐπιστροφῆς
2991 1969 3189 2043 πρᾶξιν
3223 1971 3582 2043 ἀποπληροῦ-

2043 2076 2121 2114 εν.

390 2173 477 2228 17.
523 2169 592 2226 Et
623 2172 692 2225 sit
721 2168 965 2241 splendor
1002 2168 1215 2222 Domini
1242 2166 1339 2222 Dei
1368 2166 1537 2220 nostri
1579 2180 1736 2236 super
1781 2179 1895 2218 nos.

2082 2077 2121 2114 ν.

2082 2152 2183 2207 Kal
2222 2152 2378 2206 ἔστω
2401 2153 2439 2220 ἠ
2464 2152 2814 2221 λαμπρότης
2841 2153 3060 2221 Κυρίου
3088 2152 3196 2207 τοῦ
3234 2152 3381 2207 Θεοῦ
3411 2151 3587 2222 ἡμῶν

322 2266 429 2324 Nos
452 2265 761 2337 splendidos
800 2279 864 2319 ae
889 2263 1131 2319 illustres
1159 2260 1338 2317 eﬂ‘ecit
1357 2260 1544 2315 lumen
1568 2256 1899 2330 cognitionis

2082 2242 2292 2312 'mtdc.
2335 2244 2445 2298 Kal
2473 2244 2621 2313 ἡμᾶς
2660 2242 2946 2315 λαμπροὺς
2978 2242 3071 2297 καὶ
3117 2244 3433 2315 περιφανεῖς
3473 2242 3588 2296 άπι-

324 2360 451 2426 Dei;
480 2370 536 2416 et
560 2357 732 2413 Judaei
759 2366 880 2427 post
904 2356 1137 2411 reditum
1176 2352 1460 2423 conspicui
1491 2351 1620 2407 item
1650 2350 1894 2430 fuerunt.

323 2452 391 2508 Et
418 2468 574 2522 opera
602 2467 853 2505 manuum
881 2457 1184 2504 nostrarum
1214 2446 1405 2516 dirige.
1451 2443 1628 2514 Opera
1659 2452 1787 2499 sunt
1818 2443 1899 2497 le-

323 2547 441 2616 gis;
478 2560 616 2615 opus
657 2553 862 2608 autem,
890 2550 971 2597 est
1000 2538 1130 2594 illud
1156 2537 1304 2608 quod
1334 2537 1388 2591 in
1422 2551 1563 2592 nova
1594 2536 1709 2608 lege
1738 2536 1901 2606 perﬁ-

324 2640 483 2693 citur.
517 2635 654 2692 Nam
683 2638 738 2691 in
765 2633 946 2691 Veteri
980 2634 1119 2704 Lege
1139 2632 1292 2687 varia
1314 2641 1469 2686 erant
1496 2630 1762 2685 saerilicia
1797 2648 1811 2689 :
1842 2630 1898 2684 in

325 2729 471 2785 Nova
508 2738 689 2785 autem
740 2727 891 2783 solus
931 2724 1101 2781 Filius
1130 2724 1467 2779 immolatur.
1503 2722 1574 2776 Et
1608 2738 1737 2793 opus
1783 2739 1897 2776 ma-

325 2838 488 2878 nuum
535 2831 838 2876 nostrarum
872 2816 1074 2889 dirige.
1106 2816 1283 2888 Opera
1330 2832 1592 2873 manuum
1622 2825 1752 2872 sunt
1784 2817 1898 2871 sin-

1998 2337 2165 2409 έφηνε
2196 2337 2293 2407 τῆς
2318 2335 2647 2405 θεογνωσίας
2670 2335 2731 2388 τὸ
2761 2335 2895 2405 φῶς’
2922 2334 3017 2390 καὶ
3041 2335 3282 2388 Ἰουδαῖοι
3315 2333 3451 2405 μετὰ
3480 2333 3589 2405 τὴν

1999 2429 2255 2483 ἐπάνοδον
2294 2428 2644 2501 περίϐλεπτοι
2684 2428 2844 2483 πάλιν
2877 2428 3146 2497 ἐγένοντο.
3195 2426 3307 2482 Kal
3334 2427 3407 2481 τὰ
3438 2426 3591 2495 ἔργα

1999 2517 2119 2571 τῶν
2147 2516 2360 2588 χειρῶν
2391 2516 2561 2588 ἡμῶν
2587 2518 2977 2573 κατεὺθυνον.
3037 2519 3215 2589 Ἔργα
3245 2516 3339 2571 τοῦ
3377 2518 3546 2588 νόμου
3568 2532 3584 2544 ·

2001 2608 2160 2683 ἔργον
2185 2610 2246 2663 τὸ
2274 2612 2330 2663 ὲν
2363 2613 2427 2682 τῇ
2460 2611 2575 2682 Νέᾳ
2609 2609 2949 2682 τελούμενον,
3021 2610 3109 2664 Ἐν
3144 2613 3209 2682 τῇ
3235 2610 3345 2681 γὰρ
3372 2608 3595 2680 Παλαιᾷ

2000 2703 2250 2776 διάφοροι
2278 2704 2493 2758 θυσίαι·
2527 2704 2587 2758 ὲν
2616 2706 2674 2760 δὲ
2707 2708 2773 2777 τῇ
2808 2705 2923 2778 Νέᾳ
2950 2706 3110 2777 μόνος
3147 2707 3176 2759 ὁ
3219 2704 3348 2769 Υίὺς
3372 2703 3591 2761 θύεται.

2002 2794 2114 2849 Kal
2139 2796 2205 2850 τὸ
2232 2797 2406 2866 ἔργον
2430 2795 2547 2851 τῶν
2567 2797 2781 2868 χειρῶν
2799 2797 2969 2868 ἡμῶν
2992 2799 3378 2852 κατευθυνον.
3407 2797 3589 2867 Ἔργα

326 2916 464 2987 gula:
491 2912 733 2972 actiones
762 2934 777 2969 :
818 2928 958 2984 Opus
983 2927 1266 2977 manuum,
1300 2918 1386 2966 est
1419 2910 1659 2982 cognitio
1681 2923 1803 2980 quae
1830 2923 1898 2964 ex
1924 2932 1950 2993 ε

2082 2906 2107 2941 ν
2156 2888 2356 2959 χειρῶν
2383 2890 2531 2944 ἐστιν
2571 2892 2603 2961 ὴ
2640 2889 2763 2943 καθ’
2792 2891 3032 2961 ἑκάστην
3060 2889 3291 2961 πρᾶξιςο
3335 2887 3495 2960 ἔργον
3527 2887 3593 2941 δὲ

327 3010 413 3064 his
433 3008 629 3063 evenit.

2004 2981 2227 3053 χειρῶν,
2257 2983 2321 3034 ὲκ
2350 2982 2555 3035 τούτων
2592 2982 3060 3054 ὲπισυμϐαίνουσα
3085 2982 3307 3052 γνῶσις.

328 3095 469 3152 Laus
495 3097 687 3150 cantici
711 3094 903 3161 David,
928 3104 1071 3149 caret
1094 3094 1433 3163 inscriptione
1454 3095 1595 3164 apud
1626 3093 1898 3150 Hebraeos.

2082 3090 2171 3139 νιος
2195 3072 2356 3143 ᾠδῆς
2393 3072 2473 3139 τῷ
2504 3073 2713 3139 Δαυῒδ,
2748 3056 3152 3144 ἀνεσέίῃοαφος
3186 3074 3323 3142 παρ’
3367 3072 3596 3142 Ἐϐραί-

1058 3184 1179 3240 XC.

912 3276 1313 3348 Argumentum.

331 3369 625 3443 Postquam
654 3370 708 3425 in
736 3369 1070 3441 octogesimo
1097 3384 1241 3424 nono
1269 3368 1479 3439 psalmo
1500 3365 1711 3422 Judaici
1736 3381 1907 3437 popu-

401 3460 440 3516 li
488 3461 825 3518 aversionem
870 3461 1167 3517 declaravit
1191 3500 1207 3526 ,
1255 3468 1649 3531 consequenter
1699 3459 1753 3513 in
1805 3459 1908 3515 hoe

401 3554 615 3627 psalmo
660 3567 953 3624 personam
992 3552 1201 3609 inducit
1227 3567 1420 3608 eorum
1465 3553 1561 3622 qui
1609 3568 1708 3623 per
1747 3551 1907 3608 Chri-

405 3655 550 3702 stum
598 3644 963 3701 consummati
997 3654 1145 3709 sunt,
1176 3653 1232 3699 et
1277 3659 1373 3715 per
1421 3659 1549 3700 eum
1595 3645 1909 3714 spirituales

404 3736 587 3792 hostes
627 3742 905 3806 superant,
943 3735 1285 3807 principatus
1314 3734 1564 3790 videlicet
1588 3746 1643 3791 et
1671 3745 1909 3805 potesta-

408 3837 510 3889 tes,
539 3835 594 3882 et
623 3836 856 3882 rectores
883 3827 1067 3881 mundi
1099 3827 1443 3882 tenebrarum
1481 3827 1698 3896 harum,
1729 3836 1784 3883 et
1807 3829 1911 3898 spi-

409 3918 624 3973 ritualia
654 3919 926 3988 DCQUiliiB,
952 3919 1242 3989 ipsumque
1285 3919 1553 3974 nefarium
1606 3919 1907 3986 Satanam;

408 4011 500 4080 qui
542 4010 710 4067 variis
742 4010 920 4066 modis
953 4010 1008 4065 in
1035 4010 1288 4081 praesenti
1335 4011 1547 4080 psalmo
1594 4010 1909 4082 signiﬁcan—

412 4114 520 4158 tur.
550 4101 736 4158 Timor
782 4103 988 4159 scilicet
1024 4112 1349 4168 nocturnus,
1385 4104 1581 4175 sagitta
1631 4103 1823 4159 volans
1854 4104 1909 4157 in

406 4196 512 4260 die,
544 4195 819 4267 negotium
850 4195 1234 4265 perambulatis
1281 4196 1336 4251 in
1386 4197 1645 4260 tenebris,
1678 4198 1835 4251 ruina
1857 4206 1912 4251 et

2670 3182 2793 3231 atq:
2846 3168 2929 3232 ιβ.

2630 3254 2644 3273 '
2656 3255 2966 3321 Υπόθεσις.

2017 3345 2347 3411 Ἀκολούθως
2380 3345 2517 3418 μετὰ
2540 3345 2602 3399 τὸ
2635 3345 2871 3417 δηλῶσαι
2896 3343 2990 3398 τοῦ
3036 3343 3302 3397 Ἰουδαίων
3327 3342 3457 3397 λαοῦ
3484 3344 3597 3415 τὴν

2076 3438 2424 3511 ἀποστροφὴν
2458 3439 2515 3491 ὲν
2549 3436 2625 3508 τῷ
2665 3436 3011 3508 ὀγδοηκοστῷ
3045 3437 3251 3507 ὲννάτῳ
3272 3435 3493 3507 ψαλμῷ,
3529 3437 3595 3489 ὲν

2073 3530 2250 3602 τούτῳ
2300 3529 2379 3602 τῷ
2433 3528 2632 3601 ψαλμῷ
2684 3528 2744 3582 τὸ
2791 3528 3081 3600 πρόσωπον
3113 3530 3321 3599 εἰσάγει
3349 3529 3456 3583 τῶν
3497 3529 3593 3583 διὰ

2077 3622 2312 3696 Χριστοῦ
2336 3622 2749 3693 τελειουμένων,
2775 3621 2869 3675 καὶ
2892 3620 3165 3676 νικώντων
3186 3622 3251 3677 δι’
3277 3620 3439 3675 αὐτοῦ
3461 3622 3594 3684 τοὺς

2080 3717 2303 3787 νοητοὺς
2340 3715 2567 3788 ἐχθροὺς
2586 3754 2600 3778 ,
2631 3714 2808 3786 ἀρχὰς
2839 3714 3038 3787 δηλαδὴ
3068 3715 3161 3768 καὶ
3186 3713 3457 3781 ἐξουσίας,
3493 3714 3596 3768 καὶ

2077 3808 2205 3871 τοὺς
2250 3808 2699 3878 κοσμοκράτορας
2731 3806 2824 3860 τοῦ
2856 3805 3077 3869 σκότους
3111 3806 3299 3860 τούτου
3323 3845 3338 3869 ,
3391 3806 3487 3859 καὶ
3518 3805 3597 3859 τὰ

2081 3899 2425 3970 πνευματικὰ
2446 3898 2545 3969 τῆς
2572 3896 2836 3971 πονηρίας
2852 3936 2867 3960 ,
2894 3897 2988 3951 καὶ
3010 3897 3169 3951 αὑτὸν
3192 3898 3281 3950 τὸν
3309 3896 3594 3968 ἀλιτήριον

2081 3996 2347 4049 Σατανᾶν·
2386 3994 2436 4049 οἳ
2466 3996 2559 4049 καὶ
2587 3994 2942 4067 πολυτρόπως
2972 3995 3059 4050 διά
3078 3995 3184 4049 τῶν
3212 3997 3596 4068 προκειμένων

2085 4088 2602 4160 κατασημαίνονται.
2666 4088 2832 4152 Φόϐος
2869 4106 2931 4142 τε
2962 4090 3269 4161 νυκτερινὸς
3302 4092 3393 4144 καὶ
3438 4090 3599 4162 βέλος

2084 4185 2297 4257 ἡμέρας
2319 4184 2636 4257 πετόμενον,
2662 4186 2754 4240 καὶ
2785 4188 3015 4259 πρᾶγμα
3043 4186 3499 4257 διαπορευόμενον
3534 4186 3598 4237 ὲν

408 4288 732 4342 daemonium
769 4282 1148 4354 meridianum,
1180 4288 1326 4344 mille
1380 4297 1435 4343 et
1486 4289 1671 4343 decem
1716 4287 1908 4355 millia,
1943 4275 1950 4330 Ῑ

2089 4275 2291 4340 σκότει,
2326 4276 2420 4329 καὶ
2447 4274 2757 4347 σύμπτωμα
2780 4277 2874 4331 καὶ
2898 4276 3169 4347 δαιμόνιον
3198 4274 3596 4348 μεσημϐρινὸν,

410 4382 578 4450 aspis,
622 4380 931 4444 basiliscus,
968 4381 1052 4435 leo
1090 4389 1143 4435 et
1186 4380 1373 4437 draco.
1418 4380 1693 4435 Adversus
1750 4380 1916 4436 hosce

413 4486 605 4527 omnes
634 4473 841 4527 homini
875 4472 970 4527 Dei
998 4473 1281 4528 victoriam
1308 4474 1555 4529 ascribit.

414 4649 466 4704 1.
510 4648 613 4714 Qui
647 4649 851 4702 habitat
898 4649 950 4701 in
992 4648 1258 4718 adjutorio
1301 4648 1580 4702 Altissimi.
1636 4647 1918 4719 Propheti-

344 4757 443 4799 cus
472 4742 719 4811 Spiritus,
752 4740 1026 4796 hominem
1050 4740 1144 4810 qui
1189 4740 1451 4796 auxilium
1487 4748 1541 4794 et
1582 4754 1741 4809 opem
1773 4740 1915 4808 tulit,

344 4833 398 4889 id
445 4841 530 4889 est
564 4831 866 4897 Christum,
896 4832 990 4903 qui
1024 4843 1106 4887 est
1136 4831 1300 4885 etiam
1328 4830 1664 4896 Altissimus,
1698 4831 1916 4887 beatum

344 4924 622 4995 praidieat.
656 4921 942 4989 Quomodo
972 4937 1080 4976 non
1127 4921 1317 4976 beatus
1344 4920 1459 4991 qui,
1496 4929 1555 4975 ut
1589 4921 1758 4977 Deum
1793 4924 1920 4995 cmli

346 5025 708 5087 protectorem
757 5014 980 5069 haberet
1031 5013 1228 5082 dignus
1255 5013 1470 5068 habitus
1497 5015 1622 5069 est?
1651 5013 1718 5070 In
1740 5025 1919 5085 prote-

350 5102 518 5158 ctione
544 5102 639 5157 Dei
661 5102 775 5157 caeli
802 5101 1232 5156 commorabitur.
1258 5099 1363 5167 Qui
1397 5107 1580 5153 manet
1613 5100 1667 5154 in
1697 5099 1801 5156 hoc
1826 5102 1924 5156 ad-

347 5195 554 5265 iutorio
589 5194 887 5266 protegitur
914 5202 969 5249 et
994 5192 1319 5247 custoditur.

422 5287 477 5342 2.
521 5286 670 5342 Dicet
712 5286 933 5340 Domino
964 5300 983 5339 :
1011 5283 1291 5355 Susceptor
1334 5300 1476 5339 meus
1513 5300 1565 5340 es
1598 5296 1675 5339 tu.
1722 5284 1923 5356 Ecquis

355 5385 440 5433 est
464 5377 556 5447 qui
591 5376 693 5431 hoc
730 5373 958 5429 Domino
986 5374 1136 5438 dicit,
1170 5374 1274 5429 nisi
1295 5373 1464 5431 homo
1497 5375 1590 5448 qui
1621 5375 1843 5431 conlidit
1869 5376 1920 5431 in

353 5469 492 5541 ipso,
524 5478 579 5527 et
607 5468 767 5525 saluti
803 5466 923 5539 ejus
952 5466 1172 5524 innixus
1200 5467 1320 5523 est?

2086 4368 2181 4422 καὶ
2211 4368 2445 4439 χιλιάδες
2473 4369 2567 4423 καλ⁸
2599 4370 2855 4441 μυριάδες
2881 4410 2895 4434 ,
2926 4369 3021 4423 καὶ
3066 4370 3230 4433 ἀσπὶς
3255 4410 3271 4433 ,
3306 4371 3399 4423 καὶ
3435 4368 3597 4440 βασι-

2089 4459 2293 4524 λίσκος,
2318 4459 2413 4514 καὶ
2431 4460 2587 4527 λέων,
2607 4461 2697 4514 καὶ
2723 4460 2956 4532 δράκων.
2972 4462 3126 4515 Κατὰ
3147 4459 3350 4514 τούτων
3370 4460 3433 4532 δὴ
3464 4461 3604 4515 πάν-

2085 4569 2192 4604 των
2218 4551 2314 4622 τὴν
2338 4552 2493 4622 νίκην
2540 4552 2857 4623 ἀναγορεύει
2888 4552 2964 4623 τῷ
2996 4551 3088 4605 τοῦ
3119 4550 3253 4603 Θεοῦ
3297 4551 3595 4624 ἀνθρώπῳ.

2102 4644 2163 4696 Ὁ
2197 4642 2486 4698 κατοικῶν
2507 4645 2577 4697 ὲν
2595 4644 2847 4711 ,ϐοηθείᾳ
2874 4644 2981 4698 τοῦ
3015 4643 3313 4711 Ὑψίστου.
3356 4642 3429 4698 Τὸ
3461 4662 3597 4715 προ-

2022 4735 2249 4806 φητικὸν
2276 4735 2491 4806 πνεῦμα
2522 4734 2612 4787 τὸν
2641 4733 2925 4805 ἄνθρωπον
2950 4734 3040 4788 τὸν
3068 4736 3432 4807 ποιησάμενον
3463 4733 3599 4807 βοή-

2023 4825 2172 4879 θειαν
2203 4827 2296 4879 καὶ
2322 4826 2635 4895 ἐπικουρίαν
2651 4825 2904 4897 Χριστὸν,
2926 4825 2985 4890 ὃς
3017 4827 3112 4879 καὶ
3142 4827 3286 4880 ἔστιν
3307 4826 3599 4896 "materne,

2027 4916 2337 4988 μακαρίζει.
2363 4915 2486 4979 Πῶς
2507 4915 2615 4986 γάρ
2637 4916 2697 4968 οὐ
2721 4917 2987 4988 μακάριος
3007 4919 3035 4970 ὀ
3054 4917 3144 4969 τὸν
3165 4917 3297 4970 Θεὸν
3316 4916 3408 4970 τοῦ
3429 4918 3600 4989 οὐρα-

2023 5009 2116 5062 νοῦ
2143 5014 2449 5080 σκεπαστὴν
2479 5007 2621 5079 ἔχειν
2649 5007 2898 5073 ἀξιωθείς
2922 5027 2937 5076 ;
2973 5010 3075 5063 Ἐν
3099 5008 3294 5078 σκέπῃ
3316 5009 3421 5063 τοῦ
3445 5009 3600 5064 Θεοῦ

2023 5100 2129 5153 τοῦ
2154 5098 2413 5167 οὐρανοῦ
2445 5098 2898 5168 αὐλισθήσεται.
2948 5100 3008 5152 '0
3036 5099 3212 5169 μένων
3239 5101 3298 5154 ὲν
3325 5098 3499 5171 ταύτῃ
3528 5102 3600 5172 τῇ

2027 5191 2245 5264 βοηθείᾳ
2274 5190 2529 5244 σκέπεται
2555 5191 2647 5245 καὶ
2680 5190 3027 5260 φυλάσσεται.

2107 5283 2265 5353 Ἔρεῐ
2286 5282 2366 5350 τῷ
2399 5282 2622 5352 Κυρίῳ*
2672 5282 3074 5351 Ἀντιλήπτωρ
3099 5300 3218 5351 μου
3250 5278 3323 5337 εἴ.
3377 5280 3489 5336 Kal
3515 5280 3602 5345 τίς

2024 5380 2053 5431 ό
2079 5376 2155 5451 τῷ
2179 5375 2366 5448 Κυρίῳ
2395 5376 2565 5444 λέγων
2594 5376 2626 5448 ἢ
2655 5375 2936 5445 ἄνθρωπος
2964 5375 2991 5426 ὁ
3024 5357 3399 5438 πεποιοὼξὲτέ
3424 5371 3599 5446 αὐτῷ,

2027 5465 2118 5523 κάὶ
2144 5471 2235 5522 ἐπὶ
2264 5455 2327 5541 τῇ
2356 5468 2597 5540 σωτηρίᾳ
2624 5467 2787 5521 αὑτοῦ
2813 5467 3255 5540 ἐπερειδόμενος
