3778 6276
144 339 249 398 801

149 552 224 615 ὡς
250 552 312 604 αί
340 548 729 623 ἀντικείμεναι
762 554 1022 622 δυνάμεις
1051 553 1140 607 διὰ
1168 553 1368 608 τούτων
1400 558 1744 628 κατασημαί-

149 659 357 696 mat.

230 739 340 792 Ἐν
382 738 519 805 τοῖς
558 737 949 808 μεταφρένοις
996 739 1182 793 αὑτοῦ
1233 739 1571 793 ἐπισκιάσει
1622 756 1742 795 σοι.

151 829 461 901 Είρηκότος
509 830 606 884 τοῦ
636 829 923 901 ἀνθρώπου
955 830 1050 883 τοῦ
1094 831 1228 885 Θεοῦ
1248 872 1264 897 ,
1320 831 1557 895 ὡς’Θεδς
1586 833 1745 896 αὐτος

156 923 383 994 ῥύσεται
420 925 488 977 ὲκ
538 926 639 994 τῆς
668 922 776 976 τῶν
821 922 1100 995 θηρευτῶν
1150 924 1409 992 παγίδος,
1445 923 1508 977 ἐκ
1547 940 1604 976 τε
1636 922 1744 978 τῶν

154 1013 497 1085 ταραχωδῶν
521 1014 716 1083 λόγων.
742 1015 1094 1086 ἀποκρίνεται
1115 1015 1175 1069 τὺ
1196 1014 1420 1085 Πνεῦμα
1441 1014 1503 1067 τὸ
1532 1032 1745 1086 προφη-

156 1106 299 1159 τικὸν
330 1104 768 1177 παραθαρσύνον
803 1107 961 1159 αὑτὸν
990 1104 1084 1159 καὶ
1115 1107 1196 1168 είς
1222 1104 1475 1175 ἀνδρείαν
1527 1104 1746 1157 ὑπαλεῖ-

156 1213 245 1263 σον
267 1196 689 1268 ιπευμειτηκήν⁹
729 1197 826 1248 Ἐν
852 1195 974 1260 τοῖς
997 1194 1391 1265 μεταφρένοις
1413 1195 1597 1249 αὑτοῦ
1620 1196 1747 1249 ἐπι-

160 1285 411 1340 σκιάσει
446 1300 555 1340 σοι
586 1301 604 1317 ο
649 1287 781 1340 ὡσεὶ
810 1288 1140 1358 σαφέστερον
1165 1270 1349 1354 λέγοι·
1407 1284 1649 1355 Καλύψει
1686 1302 1745 1338 σε

157 1372 254 1425 ὑπὸ
306 1372 419 1443 τὴν
468 1373 633 1426 σκιὰν
666 1372 773 1425 τῶν
820 1372 1104 1443 πτερύγων
1140 1371 1304 1426 αὑτοῦ
1325 1386 1339 1402 ⁶
1390 1374 1484 1426 καὶ
1518 1373 1623 1445 μὴν
1652 1374 1745 1427 καὶ

156 1461 299 1532 ὅπλῳ
352 1463 631 1516 σκεπάσει
682 1479 762 1515 σε.
813 1454 887 1515 Οὖ
920 1461 985 1531 δὴ
1016 1462 1307 1533 γενομένου
1332 1501 1348 1524 ,
1381 1461 1603 1533 οὐδεμία
1636 1462 1746 1517 τῶν

156 1553 562 1623 ἀντικειμένων
595 1554 879 1623 δυνάμεων
905 1553 1248 1626 παραϐλάψει
1276 1570 1356 1607 σε.

230 1645 375 1698 Ἀπὸ
395 1644 638 1711 ,ϐέλους
658 1645 986 1714 πετομένου
1017 1643 1262 1714 ἡμέρας.
1309 1643 1637 1716 Ἀκάοαρτόν
1666 1661 1748 1697 τι-

157 1754 216 1789 να
244 1736 494 1806 δύναμιν
520 1736 619 1790 νῦν
653 1735 805 1806 βέλος
840 1734 1143 1806 ὠνόμασεν.
1208 1735 1350 1788 Ἀπὸ
1390 1733 1748 1803 συμπτώμα-

1300 348 1663 405 EXPOSITIO
1699 351 1765 406 IN
1804 353 2130 412 PSALMUM
2171 358 2257 414 XC

218 460 357 514 Ὅτι
391 459 584 527 αὐτὸς
598 462 856 542 ῥύσεταί
876 476 950 515 σε
975 463 1044 516 ἐκ
1065 466 1331 530 παγίδος.
1368 465 1739 537 Προεδίδαξεν,
1773 475 1817 531 Α

3304 363 3411 420 £02

1913 472 1964 525 5.
2011 471 2271 534 Quoniam
2306 476 2415 543 ip'se
2458 468 2697 530 liberabit
2749 488 2797 531 te
2838 478 2900 532 de
2928 479 3132 549 laqueo,
3159 488 3262 535 etc.
3287 479 3406 536 iam

1847 567 2030 617 docuit
2057 566 2396 621 adversarias
2431 576 2720 633 potestates
2753 570 2901 624 hisce
2924 570 3239 641 signiﬁcari.

1914 738 1970 802 4,
2005 736 2040 793 5
2101 738 2344 810 Scapulis
2364 744 2473 795 suis
2496 744 2822 798 obumbrabit
2846 745 2961 814 tibi,
2989 757 3091 802 elc.
3115 747 3410 820 Postquam

1844 828 2070 885 dixisset
2117 832 2281 886 homo
2315 830 2429 896 Dei,
2460 836 2602 902 quod
2649 835 2789 891 Deus
2820 837 2935 905 ipse
2967 838 3309 896 liberaturus
3340 842 3410 897 sit

1844 920 1913 974 de
1962 922 2156 990 laqueo
2209 925 2518 979 venantium
2553 937 2608 981 et
2652 943 2681 981 a
2714 930 2894 984 verbis
2927 932 3270 999 turbulentis,
3319 952 3408 989 re»

1845 1012 2074 1081 spondet
2105 1013 2341 1083 Spiritus
2364 1016 2715 1086 pmpheticns
2751 1019 2888 1073 dans
2922 1021 3022 1090 ipsi
3059 1021 3332 1089 liduciam,
3356 1035 3411 1079 et

1845 1104 1912 1156 ad
1941 1105 2308 1162 fortitudinem
2337 1110 2622 1166 concitans
2650 1112 2980 1180 spiritualem
3003 1133 3015 1169 :
3037 1112 3277 1184 Scapulis
3300 1120 3413 1171 suis

1844 1198 2169 1253 obumbrabit
2190 1200 2303 1265 tibi,
2322 1202 2477 1271 quasi
2494 1204 2696 1259 clarius
2712 1205 2945 1262 diceret:
2969 1208 3081 1263 Sub
3098 1210 3287 1264 umbra
3306 1210 3415 1264 ala-

1844 1306 1964 1345 rum
2002 1306 2222 1346 suarum
2247 1304 2489 1364 proteget
2519 1305 2588 1357 te,
2623 1306 2785 1365 atque
2823 1299 2984 1353 etiam
3017 1307 3172 1355 scuto
3205 1301 3419 1371 operiet

1843 1392 1915 1438 te.
1954 1382 2245 1449 Quotfacto
2274 1386 2415 1440 nulla
2437 1402 2502 1441 ex
2528 1387 2856 1446 adversariis
2880 1392 3235 1459 potestatibus
3255 1393 3415 1448 laedet

1845 1484 1917 1531 te.

1913 1656 1967 1712 6.
2008 1656 2051 1710 Α
2089 1660 2287 1729 sagitta
2327 1659 2533 1715 volante
2567 1660 2753 1730 indie,
2780 1673 2884 1719 etc.
2918 1662 3419 1736 lmpuramquam-

1844 1748 1969 1803 dam
2018 1759 2337 1819 potestatem
2377 1768 2523 1809 nunc
2568 1754 2820 1825 sagittam
2858 1767 3034 1811 vocat.
3086 1758 3129 1811 A
3182 1759 3334 1812 ruina
3366 1770 3415 1813 et

156 1845 253 1895 τος
286 1829 396 1881 καὶ
423 1827 743 1897 δαιμονίου
763 1825 1194 1897 μεσημϐρινοῦ.
1227 1828 1301 1879 Ού
1331 1826 1609 1897 σύγκριμα
1635 1827 1749 1881 δαι-

1896 1844 2107 1896 ινηιοιιίο
2133 1846 2445 1900 meridiano.
2470 1889 2485 1902 .
2516 1884 2531 1899 .
2561 1844 2695 1901 Nam
2727 1848 3087 1904 meridianum
3118 1849 3416 1905 daemonem

159 1920 423 1989 μανιῶδες
454 1917 829 1997 μεσημϐρίας.
866 1917 968 1972 Τὸν
996 1915 1105 1990 γὰρ
1137 1916 1501 1991 μεσημϐρινὸν
1520 1918 1753 1989 δαίμονὰ

158 2026 321 2081 ςησιν
353 2006 504 2063 εἶναι
540 2009 640 2079 τῆς
665 2007 913 2078 ἁκηδίας.

221 2096 516 2151 Πεσεῖται
548 2096 619 2149 ἐκ
636 2095 743 2150 τοῦ
772 2097 1018 2163 κλίτους
1042 2110 1159 2151 σου
1186 2095 1406 2166 χιλιάς.
1470 2098 1665 2162 Κλίτος
1689 2099 1752 2152 τὸ

158 2188 457 2261 ἀριστερὸν
500 2188 666 2261 μέρος
715 2189 1004 2259 σημαίνει,
1039 2189 1265 2252 εἰκότως
1296 2189 1414 2259 μέν.
1469 2190 1656 2260 Τούτῳ
1694 2190 1752 2243 δὲ

156 2279 252 2343 τὰς
294 2278 555 2350 χιλιάδας
594 2278 964 2334 ἐπιϐουλεύειν
991 2279 1145 2350 φησί·
1183 2283 1295 2343 τοῖς
1324 2297 1388 2349 γε
1421 2280 1527 2352 μὴν
1555 2280 1751 2347 δεξιοῖς

157 2370 255 2434 τὶς
278 2371 577 2443 μυριάδας.
606 2371 685 2425 Τὰ
704 2371 811 2440 γὰρ
829 2370 1069 2435 ἐπιδέξια
1086 2368 1194 2423 τῶν
1212 2372 1548 2441 πραγμάτων
1567 2373 1600 2442 ἡ
1609 2371 1747 2441 μῶν,

160 2462 249 2514 καὶ
279 2461 397 2515 τῶν
431 2461 647 2532 ἀρετῶν
676 2462 771 2516 καὶ
817 2461 1012 2533 ἰσχυρὰ
1060 2462 1154 2516 καὶ
1198 2461 1644 2533 θαυμαστότερα,
1691 2461 1752 2514 τὸ

163 2550 372 2621 πλῆθος
419 2551 532 2606 τῶν
582 2550 836 2623 πονηρῶν
872 2551 1152 2622 δυνάμεων
1202 2549 1503 2622 παραλύειν
1542 2552 1752 2622 ἐπιχει-

162 2661 344 2714 ρουτι.

226 2732 409 2798 Πλὴν
434 2732 560 2799 τοῖς
582 2731 909 2803 ὀφθαλμοῖς
926 2746 1042 2787 σου
1067 2731 1480 2801 κατανοήσεις.
1499 2731 1755 2807 Βλαϐήσῃ

168 2825 265 2894 μὲν
301 2825 483 2887 οὐδὲν,
512 2825 698 2896 φησὶν,
730 2827 795 2878 ὲκ
816 2824 927 2877 τῶν
954 2824 1411 2880 ἐπιϐουλευόντων
1431 2843 1443 2855 ·
1477 2824 1754 2896 συμϐήσε-

165 2933 253 2970 ται
284 2917 347 2970 δέ
373 2933 460 2969 σοι
486 2900 752 2980 πεσόντας
784 2917 910 2970 ἰδεῖν
945 2918 1075 2981 τοὺς
1100 2916 1350 2989 ἐχθρούς.

240 3005 353 3057 Τὸν
386 3005 681 3074 Ὕψιστον
697 3006 839 3059 ἔθου
868 3004 1224 3076 καταφυγήν
1251 3022 1388 3060 σου.
1435 3005 1753 3076 ’Δντιφθέγο

167 3111 321 3162 γεται
350 3095 410 3149 τὸ
433 3096 528 3149 τοῦ
557 3096 693 3150 Θεοῦ
717 3095 1028 3169 ἀνθρώπου,
1050 3097 1111 3151 τὸ
1141 3096 1363 3168 Πνεῦμα
1388 3096 1450 3150 τὸ
1482 3114 1754 3168 προφητι-

170 3187 280 3253 κὸν,
308 3189 436 3242 ὅσον
460 3190 561 3261 τῆς
592 3191 672 3252 είς
692 3189 825 3243 Θεὸν
853 3189 1067 3254 ἐλπίδος
1088 3189 1151 3242 τὸ
1172 3188 1365 3262 κέρδος
1399 3189 1567 3243 ἐστίν.

237 3278 325 3330 οὐ
351 3278 830 3345 προσελεύσεται
874 3278 1026 3345 πρὸς
1064 3276 1141 3331 σὲ
1179 3277 1353 3332 κακά.
1394 3279 1460 3331 Ἠ
1510 3277 1621 3350 γὰρ
1651 3278 1751 3348 τῆς

168 3370 364 3434 κακίας
393 3370 560 3439 φύσις
592 3369 792 3435 έξωθεν
818 3370 1133 3442 ἐπέρχεται,
1172 3371 1272 3440 τῆς
1313 3371 1519 3443 ἀρετῆς
1542 3370 1752 3424 οἴκοθεν

170 3464 263 3534 τὴν
292 3463 571 3534 πρόςρασιν
593 3465 844 3535 ἐχούσης.
876 3463 1022 3534 Εὑθῆ
1050 3464 1158 3535 γὰρ
1181 3464 1211 3517 ό
1257 3462 1391 3527 Θεὸς
1415 3463 1507 3516 τὸν
1546 3462 1755 3534 ἄνθρω-

172 3571 268 3607 πον
289 3553 618 3625 πεποίηκεν,
669 3553 760 3618 ὃς,
817 3551 1061 3625 ζητήσας
1112 3553 1406 3624 λογισμοὺς
1459 3552 1753 3623 πονηροὺς,

174 3645 368 3710 ἔξωθεν
419 3646 775 3699 ἐπεσπάσατο
821 3645 918 3717 τὴν
951 3644 1174 3700 κακίαν.
1201 3644 1314 3699 Kal
1366 3643 1594 3713 μάστιξ
1641 3645 1754 3697 οὐκ

174 3737 353 3806 eme?
373 3738 449 3791 ἐν
474 3735 559 3802 τῷ
580 3737 924 3806 σκηνώματι
961 3751 1098 3792 σου.
1149 3736 1393 3808 Θαρῤεῖν
1434 3736 1632 3798 αὐτοὺς
1664 3734 1758 3788 καὶ

180 3828 337 3900 μηδὲν
368 3827 541 3899 ἀηδὲς
594 3826 880 3880 πείσεσθαι
926 3824 1385 3898 παρακελεύεται.
1421 3826 1487 3878 ὲκ
1536 3824 1629 3879 τοῦ
1665 3842 1756 3878 πι-

181 3921 385 3975 στεύειν
432 3919 667 3989 ἄγγελον
717 3919 910 3992 βοηθὸν
955 3919 1066 3974 τῶν
1112 3921 1191 3983 είς
1221 3918 1353 3972 Θεὸν
1397 3918 1760 3973 πιστευόντων

180 4013 509 4083 καταπεμπό
516 4029 696 4083 μενον.

246 4108 369 4160 Ὅτι
408 4104 538 4171 τοῖς
561 4104 840 4174 ἀγγέλοις
881 4103 1067 4158 αὐτοῦ
1089 4102 1415 4158 ἐντελεῖται
1460 4101 1596 4172 περὶ
1619 4102 1757 4156 σοῦ.

184 4192 346 4248 Τοῦτο
377 4194 478 4247 καὶ
507 4195 565 4247 ὲν
589 4192 668 4264 τῷ
691 4193 770 4262 λγ¹
797 4193 898 4263 ἔφη
926 4192 1149 4263 ψαλμῷ⁸
1186 4191 1560 4261 Παρεμϐαλεῖ
1591 4191 1763 4260 ἀγγε-

183 4289 285 4353 λος
327 4286 559 4355 Κυρίου
587 4286 793 4351 κύκλῳ
818 4284 940 4339 τῶν
969 4271 1353 4354 φοϐουμένων
1403 4282 1590 4337 αὑτὸν
1609 4323 1623 4347 ,
1663 4283 1760 4336 καὶ

179 4374 420 4439 ῥύσεται
449 4374 698 4439 αὐτούς.
734 4373 1042 4445 Ἀκούωμεν
1072 4374 1130 4428 δὲ
1171 4374 1265 4427 καὶ
1303 4372 1496 4426 Ἰακὼϐ
1524 4374 1617 4426 τοῦ
1653 4391 1760 4426 πα-

186 4465 441 4535 τριάρχου
470 4463 753 4532 λέγοντος·
802 4465 863 4517 '0
898 4445 1154 4535 ἅγγελος
1184 4466 1216 4518 ὁ
1234 4464 1536 4532 ῥυόμενός
1568 4480 1646 4528 με
1692 4464 1761 4517 ἐκ

185 4556 424 4611 πάντων
451 4554 576 4609 τῶν
603 4556 805 4611 κακῶν
828 4575 961 4626 μου.
987 4557 1099 4611 Καὶ
1126 4559 1154 4609 ὁ
1184 4560 1355 4639 μέγας
1397 4554 1650 4627 Ἀϐρααμ
1673 4556 1765 4609 τὸν
1794 4540 1838 4595 Ῑ)

186 4648 395 4719 aidi
418 4647 858 4719 παραθαρρύνων
888 4648 1024 4719 ἔφη’
1060 4648 1116 4702 '0
1141 4647 1283 4715 Θεὸς
1314 4647 1645 4702 ἀποστελεῖ
1660 4647 1768 4701 τὸν

188 4738 439 4808 ἄγγελον
497 4739 685 4794 αὑτοῦ
724 4737 838 4809 πρὸ
883 4739 1208 4809 προσώπου
1255 4755 1394 4806 σου,
1442 4740 1540 4793 καὶ
1591 4739 1767 4809 λήψῃ

192 4831 437 4897 γυναῖκα
471 4830 680 4885 Ἰσαὰκ
711 4830 793 4898 τῷ
824 4832 932 4899 υἱῷ
976 4851 1097 4903 μου
1132 4829 1381 4888 ἐκεῖθεν.
1419 4834 1767 4904 Πανταχόθεν

191 4924 359 4976 τοίνυν
394 4922 765 4995 μανθάνομεν,
791 4923 867 4987 ὡς
898 4925 991 4979 καὶ
1009 4924 1077 4978 δι’
1107 4924 1355 4993 ἀγγέλων
1382 4928 1611 4996 φρουρεί
1637 4924 1767 4987 τοὺς

192 5017 263 5078 εἰς
289 5015 454 5069 αὑτὸν
482 5015 809 5080 πεποιθότας
839 5018 867 5070 ὁ
897 5015 1006 5070 τῶν
1028 5016 1166 5070 ὅλων
1192 5015 1344 5079 Θεός.
1396 5015 1506 5070 Τοῦ
1552 5015 1762 5085 διαφυ-

194 5106 368 5172 λάξαι
392 5121 470 5161 σε
491 5108 564 5162 ἐν
587 5106 814 5174 πάσαις
835 5107 965 5174 ταῖς
989 5106 1152 5174 ὁδοῖς
1193 5121 1331 5162 σου.
1372 5107 1431 5160 '0
1478 5108 1537 5161 ὲν
1573 5106 1762 5177 μηδενὶ

200 5199 419 5264 πταίων,
457 5191 616 5264 οὗτος
670 5198 1092 5268 διαφυλάσσεται
1126 5198 1183 5253 ἐν
1216 5196 1418 5260 πάσαις
1457 5199 1577 5261 ταῖς
1624 5196 1762 5258 ὁδοῖς

199 5289 375 5344 αὐτοῦ.

263 5380 502 5447 luxata
529 5384 894 5451 προσκόψῃς
924 5382 1075 5451 πρὸς
1101 5384 1277 5438 λίθον
1306 5380 1413 5436 τὸν
1441 5380 1596 5434 πόδα
1623 5392 1763 5433 σου.

216 5469 269 5523 ’0
315 5470 450 5535 ποῦς
485 5473 584 5543 μὲν
612 5472 712 5544 τὴν
737 5472 915 5544 ψυχὴν
944 5470 1241 5544 σημαίνει,
1291 5473 1321 5525 ὁ
1364 5470 1421 5524 δὲ
1472 5469 1618 5534 λίθος
1667 5469 1766 5541 τὴν

210 5562 488 5634 ἁμαρτίαν.

1849 1934 1927 1989 ait
1952 1934 2181 2007 pigritiae
2205 1951 2347 1993 esse.

1925 2109 1977 2164 7.
2021 2109 2224 2166 Cadent
2252 2128 2285 2165 a
2307 2111 2473 2167 latere
2507 2125 2596 2168 tuo
2623 2113 2786 2181 mille,
2809 2123 2915 2171 etc.
2944 2114 3110 2172 Latus
3136 2115 3418 2171 sinistrum

1850 2203 2207 2274 signiﬁcatur,
2236 2207 2430 2261 merito
2472 2206 2714 2276 quidem.
2745 2207 2884 2264 Huic
2907 2224 3036 2263 vero
3063 2209 3217 2264 lateri
3252 2209 3420 2264 millia

1849 2295 2098 2351 insidiari
2121 2297 2197 2352 ait
2227 2315 2243 2352 :
2274 2297 2481 2353 dextris
2513 2307 2692 2353 autem
2721 2299 2905 2355 decem
2940 2299 3129 2355 millia.
3160 2299 3423 2355 Dexteras

1849 2388 2048 2457 quippe
2077 2389 2317 2445 actiones
2342 2398 2581 2456 nostras,
2609 2402 2665 2447 et
2695 2391 2962 2447 virtutum
2998 2401 3145 2463 gesta
3173 2390 3333 2446 fortia
3356 2407 3424 2446 ac

1850 2478 2185 2534 mirabiliora
2221 2520 2237 2545 ,
2295 2480 2585 2536 multitudo
2653 2481 3013 2553 malignarum
3092 2490 3431 2554 potestatum

1850 2579 2093 2627 evertere
2123 2577 2412 2627 conantur.

1922 2749 1975 2803 8.
2026 2745 2395 2802 Verumtamen
2422 2745 2587 2803 oculis
2618 2748 2721 2802 tuis
2746 2745 3120 2802 considerabis.
3147 2744 3308 2806 Nihil,
3340 2744 3431 2799 in-

1852 2842 1990 2911 quit,
2019 2840 2213 2895 lzedent
2243 2848 2294 2893 te
2324 2839 2690 2896 insidiatores.
2725 2837 3011 2909 Continget
3037 2846 3214 2895 autem
3238 2836 3337 2892 tibi
3365 2842 3431 2891 ut

1852 2931 2036 3001 lapsos
2062 2931 2245 2985 videas
2277 2930 2526 2986 inimicos
2555 2938 2696 2985 tnos.

1922 3023 1977 3079 9.
2015 3022 2350 3078 Altissimum
2402 3023 2627 3091 posuisti
2664 3022 2924 3094 refugium
2961 3033 3128 3077 tuum.
3191 3020 3423 3091 Spiritus

1854 3116 2201 3186 propheticus
2250 3115 2491 3176 vicissim
2545 3115 2841 3185 alloquitur
2872 3115 3122 3185 spiritum
3188 3114 3424 3169 hominis

1777 3182 1819 3239 Ο
1856 3182 1971 3274 hei;
1997 3208 2199 3263 docens
2221 3217 2484 3277 quantum
2520 3207 2591 3263 sit
2619 3182 2733 3278 spei
2762 3182 3089 3280 erga-Deum
3117 3207 3349 3263 lucrum.

1925 3298 2012 3355 10.
2046 3297 2167 3353 Non
2192 3297 2433 3356 accedent
2466 3297 2535 3353 ad
2572 3307 2621 3353 te
2658 3298 2822 3355 mala.
2879 3296 3015 3353 Nam
3072 3298 3199 3353 mali
3232 3305 3426 3353 natura

1853 3392 2197 3446 extrinsecus
2236 3391 2474 3455 advenit,
2502 3406 2625 3444 cum
2651 3399 2839 3445 contra
2866 3391 3038 3446 virtus
3075 3390 3425 3444 inti-insecam

1856 3484 2313 3538 habeatcausam.
2343 3480 2478 3537 Nam
2528 3482 2670 3538 Deus
2722 3482 2848 3538 fecit
2890 3483 3162 3537 hominem
3194 3491 3425 3545 rectum,

1857 3577 1951 3648 qui
2006 3591 2258 3647 qurercns
2308 3576 2662 3646 cogitationes
2721 3576 2912 3642 malas,
2957 3576 3295 3631 extrinsecus
3322 3576 3426 3629 sibi

1858 3652 2117 3721 malitiam
2177 3667 2418 3721 attraxit.
2458 3664 2528 3719 Et
2570 3665 2839 3737 flagellum
2885 3682 2987 3720 non
3035 3667 3426 3736 appropinqua-

1860 3757 1931 3811 bit
1967 3756 2305 3810 tabernaculo
2335 3768 2446 3813 tuo.
2480 3756 2763 3813 Conﬁdere
2791 3756 2947 3826 jubet
2971 3771 3087 3818 cos,
3129 3753 3272 3824 quod
3295 3753 3431 3807 nihil

1860 3850 2130 3920 ingratum
2162 3850 2393 3917 accidat,
2428 3858 2615 3921 utpote
2642 3848 2736 3920 qui
2779 3848 2964 3904 credat
3011 3847 3238 3903 missum
3266 3833 3455 3918 angc?

1859 3941 1973 3996 lum
2006 3940 2175 3998 fuisse
2201 3942 2574 3998 auxiliatorcm
2615 3956 2804 3997 eorum
2834 3941 2929 4015 qui
2977 3942 3030 3997 in
3092 3939 3260 3995 Betim
3310 3956 3423 3995 cre-

1861 4032 2015 4088 dunt.

1937 4125 2022 4179 il.
2058 4125 2320 4191 Quoniam
2350 4127 2547 4198 angelis
2571 4128 2681 4182 suis
2707 4126 2980 4180 mandabit
3005 4126 3068 4179 de
3095 4134 3162 4179 te.
3194 4122 3431 4194 ldipsum

1862 4215 1917 4270 in
1947 4217 2220 4273 tricesimo
2252 4219 2411 4274 tertio
2447 4218 2659 4290 psalmo
2693 4219 2767 4272 ait
2798 4237 2812 4273 :
2841 4215 3317 4272 Castrametabilur
3343 4231 3441 4267 an-.

1862 4309 2008 4378 gelus
2036 4307 2251 4364 Domini
2282 4309 2336 4362 in
2375 4309 2599 4362 circuitu
2636 4309 2933 4362 timentium
2982 4321 3100 4360 eum
3139 4306 3204 4359 ⁶¹.
3232 4305 3435 4362 Audias

1866 4414 1987 4453 mus
2020 4406 2203 4452 autem
2254 4398 2617 4468 patriarcham
2648 4395 2819 4451 Jacob
2846 4396 3113 4451 dicentem
3150 4394 3435 4466 :,Angelus

1866 4492 1957 4558 qui
1977 4488 2172 4558 eripuit
2203 4504 2282 4542 me
2306 4503 2370 4541 ea:
2394 4487 2636 4541 omnibus
2662 4485 2816 4539 malis
2854 4487 2983 4540 meis
3013 4487 3077 4538 ⁸⁸.
3113 4484 3179 4539 Ει
3205 4502 3460 4557 magnus.

1866 4581 2138 4636 Abraham
2170 4578 2469 4635 domestico
2511 4594 2612 4633 suo
2673 4577 2923 4633 ﬁduciam
2975 4577 3179 4632 addens
3211 4576 3389 4631 aiebat
3420 4595 3433 4631 :

1866 4671 2006 4726 Deus
2030 4672 2200 4725 mittet
2252 4669 2496 4742 angelum
2543 4686 2698 4723 suum
2743 4678 2863 4724 ante
2925 4670 3115 4740 faciem
3164 4678 3331 4733 luant,
3389 4678 3438 4721 et

1865 4763 2092 4833 accipies
2114 4779 2332 4817 uxorem
2378 4761 2539 4817 Isaac
2568 4763 2682 4833 ﬁlio
2711 4779 2824 4817 meo
2859 4763 3050 4816 exinde
3083 4762 3148 4815 “.
3183 4760 3256 4813 Ex
3289 4760 3437 4813 omni

1866 4868 2018 4929 parte
2070 4858 2235 4929 igitur
2282 4859 2600 4926 ediscimus,
2654 4859 2800 4929 quod
2862 4858 3239 4912 universorum
3296 4853 3437 4923 Deus

1866 4966 1963 5005 eos
1994 4950 2088 5020 qui
2119 4950 2350 5006 credunt
2382 4951 2435 5005 in
2486 4950 2664 5021 ipsum
2719 4966 2816 5024 per
2857 4948 3078 5018 angelos
3142 4945 3434 5000 custodiat.

1875 5040 1943 5095 Ut
1991 5044 2287 5097 custodiant
2319 5053 2368 5098 te
2413 5044 2469 5097 in
2489 5042 2728 5098 omnibus
2760 5042 2855 5096 viis
2900 5041 3026 5093 tuis.
3055 5037 3158 5104 Qui
3190 5038 3242 5091 in
3289 5036 3437 5090 nullo

1869 5133 2154 5207 delinquit,
2187 5136 2233 5191 is
2269 5136 2572 5193 custoditur
2611 5135 2663 5187 in
2700 5132 2954 5187 omnibus
2992 5129 3093 5183 viis
3126 5126 3259 5184 suis.

1947 5398 2035 5452 i2.
2085 5395 2169 5451 Ne
2219 5395 2352 5465 forte
2396 5392 2635 5461 oﬂ’endas
2688 5387 2756 5442 ad
2802 5386 3030 5458 lapident
3060 5386 3236 5457 pedem
3268 5395 3423 5439 tuum

1871 5489 1974 5546 Pes
2003 5490 2243 5546 animam
2265 5485 2555 5557 signiﬁcat,
2588 5482 2725 5553 lapis
2747 5491 3052 5553 peccatum.

271 5740 308 5772 "
344 5739 483 5803 Psal,
521 5757 720 5812 sum,
753 5742 823 5805 8.,
882 5740 1090 5800 "chn.
1123 5757 1311 5808 sum,
1361 5739 1450 5798 16.
1527 5738 1573 5772 ⁸³
1626 5736 1754 5795 Gen.

1896 5735 2049 5800 v37.
