3778 6276
368 367 476 424 403

1209 363 1264 418 8.
1308 362 1680 418 ATHANASII
1721 363 1869 418 OPP.
1903 363 2083 420 PARS
2125 363 2213 420 ΙΙΙ.
2257 395 2325 406 --
2365 365 2777 424 EXEGETICA.

3499 363 3619 422 ιοι

440 486 528 541 l3.
552 483 723 556 Super
765 485 1000 555 aspidem
1027 493 1076 539 et
1125 484 1431 538 basiliscum
1457 484 1773 540 ambulabis.
1812 484 1908 538 Nor

2116 485 2238 539 Ἐπὶ
2261 485 2491 541 ἀσπίδα
2515 487 2611 540 καὶ
2644 484 3017 550 ,ϐασιλίσκον
3032 480 3315 552 ἐπιδήσῃ.
3346 481 3423 536 Οὐ
3445 481 3618 554 μόνον

367 576 567 640 solum,
595 575 791 646 inquit.
828 591 861 629 ο
913 576 1077 630 homo
1137 573 1254 636 Dei,
1311 575 1447 630 nihil
1491 576 1619 630 mali
1671 575 1930 645 patieris;

367 668 461 722 sed
484 667 647 722 etiam
674 668 847 738 ipsam
879 668 1166 737 spirituum
1202 668 1598 723 multitudinem
1643 669 1710 724 ad
1771 669 1933 737 pedes

365 774 489 817 tuos
513 760 775 831 dejectam
807 760 1034 828 videbis,
1078 762 1152 815 ita
1180 771 1238 814 ut
1264 775 1387 814 cum
1425 761 1574 815 omni
1602 761 1931 818 conﬁdentia

361 868 551 908 eorum
592 853 770 923 capita
802 853 1001 908 calces.

434 944 521 999 Η.
549 945 814 1011 Quoniam
850 947 905 1000 in
935 962 1014 999 me
1035 947 1260 1015 sperauit
1293 946 1525 1001 liberabo
1563 949 1930 1005 eum.lnducit

361 1053 650 1107 personam
685 1038 778 1094 Dei
815 1038 1215 1110 promittentem
1255 1040 1534 1108 praemium
1568 1041 1713 1108 ﬁdei,
1739 1043 1932 1098 videli-

360 1142 448 1187 cet
473 1133 726 1188 salutem.
771 1131 894 1188 llaec
944 1133 1164 1188 domum
1223 1135 1297 1187 ait
1358 1121 1736 1191 universorum
1763 1135 1926 1202 Deus,

358 1225 562 1280 docens
593 1225 686 1296 qui
711 1225 777 1280 sit
831 1225 942 1295 spei
986 1225 1214 1280 fructus.
1275 1225 1540 1282 Liberabo
1584 1228 1728 1283 enim
1777 1244 1924 1295 eum,

358 1317 556 1386 inquit,
588 1333 652 1372 ex
681 1316 955 1386 pra’dictis
983 1333 1106 1372 cum
1142 1318 1444 1374 visibilibus
1494 1328 1607 1374 tum
1641 1321 1928 1376 invisibili-

357 1409 459 1464 bus
506 1409 934 1474 insidiatoribus,
990 1425 1113 1464 cum
1172 1425 1265 1480 spe
1320 1411 1566 1476 vallabo;
1618 1412 1923 1467 custodiam

355 1515 503 1563 eum,
537 1501 844 1570 loquentem
890 1501 1108 1556 audiam
1160 1513 1216 1558 et
1265 1503 1714 1572 supplicationem
1773 1505 1924 1560 exci-

355 1589 819 1662 piam.’Protegam
843 1609 985 1657 eum,
1004 1593 1250 1663 quoniam
1271 1594 1506 1663 cognovit
1524 1611 1707 1648 nomen
1729 1612 1918 1650 meum.

353 1676 470 1730 Non
517 1678 692 1732 solum
738 1679 807 1732 ab
853 1681 1268 1736 insidiatoribus
1311 1698 1462 1739 meos
1500 1683 1764 1751 liberabo,
1826 1687 1920 1740 sed

350 1767 514 1821 etiam
545 1767 997 1826 interminabilem
1022 1771 1154 1842 ipsis
1178 1774 1343 1828 vitam
1374 1775 1689 1840 concedam,
1722 1786 1776 1832 et
1797 1793 1920 1834 meo

2035 578 2208 643 οὐδὲν,
2228 581 2412 651 φησὶν,
2444 582 2734 651 ὑπομενεῖς
2755 577 2947 641 δεινὸν,
2979 572 3025 631 ὦ
3044 577 3295 649 ἄνθρωπε
3322 575 3420 630 τοῦ
3446 577 3616 644 Θεοῦ,

2034 669 2169 726 ἀλλά
2198 671 2292 724 καὶ
2321 671 2460 725 αὐτὰ
2496 672 2602 724 τῶν
2651 669 2976 741 πνευμάτων
3010 669 3079 723 τὰ
3121 667 3300 740 πλήθη
3332 668 3437 722 ὑπὸ
3474 669 3619 731 τοὺς

2035 761 2202 825 πόδας
2236 761 2368 825 ἴδοις
2407 762 2816 834 ἐπενηνεγμένα
2864 762 2991 823 τοὺς
3020 759 3176 822 σούς·
3215 759 3292 822 ὡς
3319 759 3414 812 καὶ
3463 759 3613 830 μετὰ

2032 853 2214 924 πάσης
2243 853 2428 918 ἀδείας
2453 854 2553 917 τὰς
2583 853 2761 907 αὐτῶν
2781 853 3042 921 πατήσεις
3061 850 3323 920 κεφαλάς.

2103 948 2230 1000 Ὀτι
2245 947 2337 999 ἐπ’
2355 946 2459 1016 ἐμὲ
2476 947 2719 1015 ἤλπισε,
2734 947 2832 1002 καὶ
2845 948 3105 1015 ῥύσομαι
3125 945 3328 1000 αὐτόν.
3344 943 3604 1016 Εἰσφέρει

2028 1039 2088 1092 τὸ
2110 1039 2204 1092 τοῦ
2231 1039 2366 1092 Θεοῦ
2391 1040 2701 1111 πρόσωπον,
2727 1038 2916 1110 μισθὸν
2943 1037 3046 1107 τῆς
3082 1036 3316 1099 πίστεως
3345 1036 3444 1107 τὴν
3484 1053 3598 1089 σω-

2026 1132 2222 1202 τηρίαν
2270 1131 2752 1202 ἐπαγγελλόμενον.
2783 1131 2965 1184 Ταῦτα
3008 1129 3192 1183 λοιπὸν
3227 1132 3256 1183 6
3297 1129 3406 1182 τῶν
3453 1129 3596 1182 ὅλων

2027 1225 2129 1296 ἔφη
2168 1224 2318 1288 Θεὸς,
2357 1224 2618 1278 διδάσκων
2643 1225 2727 1288 τίς
2751 1224 2780 1275 6
2826 1225 2923 1294 τῆς
2956 1221 3166 1285 ἐλπίδος
3197 1221 3425 1294 καρπός.
3468 1220 3598 1274 Ῥύ-

2027 1332 2188 1386 σομαι
2213 1316 2318 1387 γὰρ
2347 1317 2528 1378 αὑτὸν,
2552 1317 2733 1386 φησὶν,
2753 1318 2816 1368 ἐκ
2846 1314 2956 1369 τῶν
2971 1315 3272 1385 εἰρημένων
3303 1313 3514 1386 ὁρατῶν
3530 1329 3597 1366 τε

2025 1406 2117 1459 καὶ
2142 1406 2387 1476 ἀοράτων
2419 1406 2736 1471 ἐπιϐούλων,
2769 1409 2835 1476 τῇ
2868 1407 2974 1476 ἐμῇ
2997 1405 3170 1460 ἐλπίδι
3218 1405 3599 1476 φραξάμενοςο

2023 1496 2109 1549 διὰ
2124 1496 2280 1549 τοῦτο
2305 1496 2469 1550 αὐτὸν
2494 1498 2808 1568 φρουρήσω,
2839 1497 2933 1550 καὶ
2955 1495 3244 1558 καλοῦντος
3268 1496 3598 1566 ἀκούσομαι,

2023 1588 2118 1640 καὶ
2143 1587 2239 1661 τὴν
2261 1589 2442 1660 δέησιν
2470 1587 2711 1660 δέξομαι.
2744 1589 3035 1642 Σκεπάσω
3061 1587 3251 1642 αὐτὸν
3269 1630 3284 1651 ,
3314 1587 3403 1640 ὅτι
3442 1588 3601 1655 ἔγνω

2022 1677 2090 1730 τὸ
2113 1676 2301 1747 ὄνομά
2319 1696 2458 1746 μου.
2487 1679 2561 1730 Οὐ
2593 1677 2773 1749 μόνον,
2807 1677 2964 1748 φησὶ,
3001 1676 3110 1730 τῶν
3140 1675 3602 1730 ἐπιϐουλευόντων

2021 1769 2146 1831 τοὺς
2169 1769 2407 1839 ἐμαυτοῦ
2434 1769 2688 1840 ῥύσομαι,
2710 1768 2848 1823 ἀλλά
2869 1769 2978 1839 γάρ
3001 1768 3096 1822 καὶ
3114 1769 3214 1838 τὴν
3239 1767 3598 1838 ἀτελεύτητον

353 1860 581 1915 salutari
612 1862 805 1933 dignos
831 1865 1060 1921 habebo.
1080 1865 1178 1921 Est
1199 1876 1380 1922 autem
1409 1868 1646 1924 salutare
1673 1880 1908 1926 nostrum

2063 1857 2201 1921 ἰοτοίς
2224 1858 2520 1930 χαρίσομαι
2550 1859 2694 1930 ζωήν
2717 1873 2731 1887 ⁸
2767 1859 2863 1912 καὶ
2907 1857 3014 1929 μὴν
3056 1857 3149 1911 καὶ
3187 1856 3280 1911 τοῦ
3323 1857 3594 1928 σωτηρίου

348 1950 507 2008 Jesus
537 1953 805 2021 Christus,
826 1959 919 2026 qui
947 1973 1047 2014 nos
1071 1959 1137 2014 ad
1160 1975 1362 2016 novum
1393 1971 1667 2017 certamen
1686 1963 1914 2031 inducit,

344 2051 398 2097 et
427 2043 588 2100 ellicit
617 2056 676 2101 ut
706 2065 829 2102 cum
861 2049 954 2105 illo
987 2065 1298 2122 regnemus.

419 2227 504 2282 15.
532 2227 797 2284 Clamabit
850 2232 919 2285 ad
962 2248 1044 2287 me
1072 2243 1122 2288 et
1165 2251 1258 2306 ego
1297 2236 1600 2291 exaudiam.
1628 2237 1763 2292 Cum
1798 2255 1912 2294 ma-

341 2334 445 2390 gna
474 2322 672 2378 mentis
702 2339 831 2379 voce
852 2325 1168 2383 clamaverit
1212 2327 1279 2382 ad
1319 2344 1428 2393 me,
1479 2345 1565 2385 me
1615 2331 1913 2386 exaudien-

341 2420 450 2466 tem
509 2422 563 2468 et
618 2427 947 2471 annuentem
1011 2417 1113 2488 ipsi
1183 2419 1435 2490 reperiet.
1488 2419 1713 2492 Semper
1763 2423 1910 2478 enim

339 2506 531 2562 adsum
560 2508 658 2569 illi,
692 2510 744 2562 in
777 2511 971 2579 quavis
997 2512 1290 2568 occasione
1318 2522 1586 2570 versetur.

412 2599 499 2653 l6.
535 2598 884 2671 Lougitudine
907 2603 1112 2657 dierum
1142 2605 1345 2674 replebo
1368 2624 1507 2673 eum,
1560 2618 1610 2662 et
1638 2611 1910 2664 ostendam

337 2687 420 2742 illi
441 2689 677 2744 salutare
715 2708 899 2748 meum.
951 2692 1202 2748 Salutare
1260 2696 1391 2751 illud
1431 2707 1513 2754 est
1561 2699 1677 2769 ipse
1727 2699 1912 2755 Domi-

336 2796 442 2834 nus
475 2791 660 2837 noster
679 2781 838 2839 Jesus
864 2783 1140 2848 Christus,
1173 2788 1267 2856 qui
1319 2803 1418 2844 nos
1479 2789 1533 2843 in
1577 2806 1777 2846 novum
1811 2807 1911 2847 sa:-

334 2869 518 2924 culum
584 2871 829 2937 induxit,
885 2883 940 2928 et
991 2874 1172 2931 ell'ecit
1227 2885 1286 2930 ut
1354 2893 1479 2932 cum
1551 2879 1644 2934 illo
1716 2897 1911 2952 regna-

334 2974 790 3109 ΓῖᾝῗέΑιΜυδ
814 3055 1216 3110 cantici'David
1253 3059 1308 3110 in
1337 3058 1422 3112 die
1450 3057 1689 3116 Sabbati.
1721 3059 1871 3118 XCI.

910 3208 1309 3276 Argumentum.

333 3288 734 3357 Sabbatismus,
784 3295 898 3351 sive
959 3295 1280 3364 Sabhatum,
1311 3300 1527 3357 videtur
1574 3319 1696 3360 esse
1725 3304 1905 3362 futura

401 3383 712 3446 htereditas.
761 3389 890 3458 quia
953 3389 1170 3448 labores
1246 3393 1474 3464 hujusce
1524 3397 1649 3452 vita:
1691 3399 1908 3469 requies

396 3480 667 3550 excipiet,
720 3482 880 3538 nobis
963 3486 1185 3554 praemia
1243 3496 1429 3542 nostra
1491 3489 1904 3560 accipientibus.

396 3569 607 3627 Laudat
635 3572 798 3642 igitur
833 3574 1066 3631 futuram
1110 3577 1254 3632 illam
1298 3579 1564 3649 requiem.

395 3728 449 3783 2.
479 3728 686 3785 Bonum
710 3742 787 3786 est
819 3734 1060 3802 conﬁteri
1113 3733 1356 3792 Domino.
1386 3736 1599 3795 Laudes
1629 3742 1902 3819 enuntiat,

322 3833 376 3876 et
408 3822 476 3878 iis
514 3825 855 3882 celebrandis
882 3829 969 3882 die
1028 3839 1294 3901 nocteque
1345 3833 1718 3890 indesinenter
1741 3852 1905 3892 vaca-

323 3924 505 3971 turum
535 3933 593 3971 se
646 3920 933 3988 promittit,
980 3937 1078 3990 pro
1138 3926 1303 3993 gestis
1337 3927 1546 3983 scilicet
1601 3926 1896 3998 Unigeniti.

322 4005 527 4078 Ecquid
563 4008 687 4065 fecit
715 4011 860 4065 aliud
891 4029 1052 4084 quam
1077 4018 1222 4086 quod
1256 4019 1710 4076 resurrectionem
1742 4023 1900 4080 nobis

318 4094 565 4162 paravit?
1878 4171 1886 4178 _

392 4183 446 4236 5.
479 4185 558 4238 Ad
605 4190 1030 4246 annuntiandum
1081 4207 1230 4248 mane
1279 4197 1697 4254 misericordiam
1727 4211 1894 4260 tuam.

320 4272 402 4327 Ad
429 4280 866 4336 annuntiandum
929 4283 1170 4340 diluculo
1232 4289 1664 4346 misericordiam
1720 4300 1894 4359 tuam,

317 4375 370 4420 ct
404 4366 714 4426 lirmitatcm
747 4381 894 4428 tuam
928 4377 980 4429 in
1006 4387 1162 4433 nocte

386 4457 440 4512 4.
469 4459 536 4512 In
567 4462 892 4520 decue/cordo
925 4467 1198 4536 psalterio,
1217 4487 1334 4525 cum
1363 4475 1567 4528 cantico
1591 4475 1646 4529 in
1661 4477 1889 4533 cithara.

1931 3219 1980 3280 ϐ

2019 1947 2339 2013 καταξιώσω
2370 1949 2464 2002 τοῦ
2500 1948 2759 2020 ἐμαυτοῦ.
2807 1949 2908 2020 Εἴη
2952 1948 3008 2014 δὲ
3057 1949 3120 2002 τὸ
3149 1949 3412 2020 σωτήριον
3436 1948 3599 2019 ἡμῶν

2028 2039 2234 2113 Ἰησοῦς
2294 2041 2529 2112 Χριστὸς
2553 2083 2568 2105 ,
2624 2042 2654 2094 6
2691 2043 2786 2096 xui.
2819 2043 2900 2106 εἰς
2943 2041 3034 2096 τὸν
3067 2042 3186 2096 νέον
3226 2043 3373 2114 ἡμᾶς
3405 2041 3598 2110 ἀγῶνα

2015 2133 2270 2202 εἰσάγων,
2299 2135 2394 2188 καὶ
2425 2135 2842 2207 συμϐασιλεύειν
2865 2135 3012 2206 αὐτῷ
3036 2134 3488 2206 παρασκευάζων.

2084 2225 2442 2294 Κεκρὰξεται
2468 2227 2617 2296 πρὸς
2643 2227 2744 2298 μὲ,
2778 2228 2877 2281 καὶ
2904 2229 3337 2298 ἐπακούσομαι.
3370 2231 3587 2301 Κεκραο

2012 2315 2123 2385 γὼς
2149 2317 2204 2370 δὲ
2244 2321 2310 2388 τῇ
2362 2319 2462 2390 τῆς
2491 2319 2667 2391 ψυχῆς
2703 2319 3080 2392 μεγαλοφωνίᾳ
3113 2321 3249 2392 πρὸς
3308 2322 3444 2392 ἐμὲ,
3489 2323 3599 2374 ὲπ-

2011 2409 2278 2466 ακούοντά
2299 2428 2387 2482 με,
2419 2413 2513 2465 καὶ
2548 2413 2860 2467 ἐπινεύοντα
2895 2415 3042 2484 αύτῷ
3066 2416 3306 2487 εὑρήσει,
3338 2416 3448 2469 ’Δεὶ
3472 2415 3590 2488 γὰρ

2011 2501 2159 2572 αὐτῷ
2189 2504 2438 2574 πάρειμι,
2470 2503 2571 2559 κᾶν
2594 2507 2651 2560 ὲν
2682 2507 3000 2578 περιστάσει
3025 2508 3286 2580 τυγχάνῃ.

2077 2597 2428 2664 Μακρότητα
2455 2597 2688 2666 ἡμερῶν
2711 2598 3002 2668 ἐμπλήσω
3023 2600 3230 2663 αὑτὸν,
3260 2600 3358 2654 καὶ
3406 2599 3587 2666 δείξω

2009 2683 2168 2750 αὑτῷ
2196 2683 2263 2738 τὸ
2291 2685 2586 2754 σωτήριόν
2616 2705 2756 2756 μου.
2799 2689 2897 2759 Εἵη
2947 2688 3002 2741 δὲ
3036 2688 3193 2742 τοῦτο
3225 2690 3286 2742 τὸ
3320 2690 3592 2761 σωτήριον

2009 2773 2168 2837 αὐτὸς
2207 2773 2236 2826 6
2288 2774 2494 2846 Κύριος
2530 2776 2688 2846 ἡμῶν
2734 2777 2938 2848 Ἰησοῦς
2986 2780 3014 2830 6
3041 2779 3291 2852 Χριστὸς,
3325 2781 3353 2832 6
3387 2779 3480 2832 καὶ
3508 2782 3596 2844 εἰς

2009 2865 2100 2918 τὸν
2137 2865 2256 2919 νέον
2299 2867 2446 2937 ἡμᾶς
2474 2867 2645 2921 αἰῶνα
2667 2869 2994 2938 εἰσαγαγὼν,
3026 2871 3121 2924 καὶ
3163 2870 3594 2942 συμϐασιλεῠσαι

2008 2957 2156 3028 αὐτῷ
2180 2959 2275 3012 καί¹
2301 2961 2755 3029 παρασκευάζων.

2230 3053 2534 3109 ΨΑΛΜΟΣ
2561 3053 2720 3119 ᾠδῆς
2737 3123 2744 3125 _
2763 3056 2850 3121 εἰς
2881 3054 2998 3122 τὴν
3020 3055 3247 3125 ἡμέραν
3269 3055 3372 3110 τοῦ

2556 3123 2875 3180 Σαϐϐάτου.
2921 3126 3036 3192 ι,Α’.

2651 3217 2977 3283 Ύπόθεσις.

2026 3309 2084 3362 ⁸0
2113 3307 2486 3379 Σαϐϐατισμὸς
2511 3349 2526 3374 ,
2561 3309 2680 3379 ἦτοι
2704 3309 2766 3362 τὺ
2799 3309 3075 3363 Σάϐϐατον
3095 3351 3110 3374 ,
3147 3309 3231 3382 εἴη
3278 3309 3344 3363 ἂν
3370 3312 3404 3382 ἡ
3454 3309 3590 3381 μὲλ-

2078 3399 2242 3453 λουσα
2272 3399 2626 3472 κληρονομία,
2661 3401 2742 3454 ὅτι
2769 3401 2863 3454 καὶ
2905 3402 3208 3466 ἀνάπαυσις
3237 3403 3362 3465 τοὺς
3390 3401 3588 3459 ἐνθάδε

2077 3492 2270 3557 πόνους
2315 3492 2648 3560 διαδέξεται,
2698 3493 2798 3558 τὰς
2841 3494 3072 3565 ἀμοιϐάς
3129 3495 3287 3567 ἡμῶν
3336 3495 3584 3566 δηλονότι

2077 3581 2520 3652 ἀποληψομένων.
2550 3583 2701 3636 Αἰνεῖ
2721 3578 2813 3637 οὖν
2835 3585 3048 3656 ἐκείνην
3080 3585 3179 3658 τὴν
3209 3586 3584 3658 γενησομένην

2074 3673 2398 3729 ἀνάπαυσιν.

2086 3762 2325 3832 Ἀγαθὸν
2362 3761 2431 3816 τὸ
2475 3763 2962 3836 ἐξομολογεῖσθαι
2992 3765 3074 3833 τῷ
3116 3768 3329 3836 Κυρίῳ.
3364 3767 3584 3820 Αἰνεσιν

2005 3851 2384 3922 προϐάλλεται,
2417 3837 2570 3924 φησὶ,
2598 3855 2692 3908 καὶ
2710 3854 2915 3927 ταύτην
2943 3855 3152 3930 ἡμέρας
3172 3875 3230 3910 τε
3259 3857 3352 3912 καὶ
3381 3857 3585 3920 νυκτὸς

2002 3941 2296 4006 ἀπαύστως
2326 3944 2664 4014 ὑπισχνεῖται
2703 3947 3025 4016 καταλέγειν
3050 3949 3135 4018 ἐφ’
3164 3942 3244 4013 οἷς
3280 3949 3582 4020 πεποίηκεν

2001 4033 2030 4084 6
2079 4033 2406 4105 Μονογενής.
2450 4035 2560 4087 Καὶ
2585 4034 2638 4088 τί
2685 4037 2983 4109 πεποίηκεν
3038 4037 3071 4108 ἢ
3123 4038 3224 4110 τὴν
3277 4037 3580 4095 ἀνάστασιν

2001 4124 2131 4194 ἡμῖν
2155 4124 2564 4196 παρεσκεύασεν
2583 4144 2596 4191 ;

2075 4214 2185 4269 Τοῦ
2213 4215 2610 4286 ἀναγγέλλων
2634 4216 2698 4272 τὸ
2731 4217 2879 4286 πρωῒ
2907 4216 2974 4272 τὸ
3003 4219 3176 4286 ἔλεός
3197 4234 3332 4276 σου.
3364 4221 3574 4291 Ἀπαγ-

1997 4305 2207 4374 γέλλειν
2242 4306 2362 4361 κατ’
2389 4306 2583 4380 δρθρον
2609 4307 2670 4360 τὸ
2698 4307 2845 4372 ἔλεός
2866 4327 2980 4375 σου,
3008 4310 3102 4364 καὶ
3123 4309 3220 4380 τὴν
3247 4309 3578 4383 βεϐαιότητά

1999 4411 2092 4450 σου
2115 4395 2256 4450 κατὰ
2294 4394 2482 4452 νύκτα.

2081 4489 2183 4543 Ἔν
2209 4487 2551 4558 δεκαχόρδῳ
2581 4489 2909 4559 ψαλτηρίῳ,
2921 4489 3050 4557 μετ’
3073 4487 3234 4558 ᾠδῆς
3246 4488 3315 4543 ἐν
3338 4488 3572 4558 κιθάρᾳ.

319 4548 723 4610 Dccacho'rdum
761 4559 1076 4627 psalterium
1129 4564 1260 4619 dicit
1292 4581 1516 4636 corpus,
1556 4569 1698 4638 quod
1729 4569 1892 4626 habet

2063 4582 2329 4654 .XdXOpSOV
2358 4548 2664 4654 ’ξιμᾶλτῆρῖον
2715 4548 2798 4634 τὸ*
2819 4548 2979 4652 σῶμά
3010 4548 3226 4652 φησιν,
3251 4582 3346 4636 ἆτε
3407 4548 3574 4635 πέντε

314 4641 559 4712 quinque
597 4661 813 4712 sensus,
877 4660 931 4704 et
985 4653 1226 4724 quinque
1276 4657 1474 4712 anima:
1509 4658 1885 4727 operationes;

314 4747 410 4800 per
441 4735 686 4806 singulos
723 4739 982 4796 nimirum
1026 4758 1220 4799 sensus
1271 4746 1498 4818 singulae
1541 4756 1666 4802 sunt
1693 4749 1889 4806 animae

309 4830 676 4896 operationes.

381 4919 434 4972 5.
469 4920 608 4986 Quia
671 4924 947 4980 delectasti
999 4945 1097 4994 me,
1140 4929 1382 4993 Domine,
1423 4931 1479 4983 in
1528 4931 1738 5000 factura
1770 4942 1883 4990 tua.

305 5006 548 5065 (Iernens
574 5020 661 5066 tua
687 5013 900 5084 Opiﬁcia
922 5027 976 5072 et
998 5017 1323 5075 ineffabilem
1344 5022 1706 5076 mconomiam
1734 5034 1882 5079 tuam

305 5102 520 5156 cxsulto
544 5114 596 5159 ct
637 5108 849 5176 gaudeo
872 5151 885 5172 ,
945 5120 1111 5181 atque
1136 5128 1203 5166 cx
1237 5113 1436 5168 mentis
1459 5115 1731 5185 voluptate
1783 5119 1886 5172 liu-

305 5207 464 5259 guam
496 5195 561 5249 ad
595 5197 826 5269 hymnos
859 5205 1133 5259 canendos
1170 5221 1380 5260 moveo.

375 5285 428 5338 6.
446 5287 617 5353 Quam
645 5295 986 5363 magniﬁcam
1008 5307 1131 5350 sunt
1169 5314 1325 5362 opera
1353 5299 1722 5368 tua,Domine,
1737 5316 1834 5360 etc.
1863 5308 1876 5361 !

304 5374 418 5446 Ego
443 5380 683 5448 quidem,
702 5386 799 5450 ait,
821 5401 982 5455 opera
1016 5397 1103 5442 tua
1130 5389 1430 5456 celebrans,
1454 5393 1877 5462 profunditatem

302 5469 696 5539 cogitationum
729 5487 945 5531 tuarum
979 5495 1326 5550 summepvre
1375 5483 1563 5548 miror,
1608 5487 1796 5543 videns
1813 5505 1874 5542 ea

299 5578 423 5630 qum
452 5565 504 5619 in
540 5571 744 5623 mundo
778 5570 976 5626 fecisti.
1010 5571 1115 5626 Sed
1153 5575 1473 5642 insipientes
1508 5593 1617 5632 non
1673 5581 1872 5637 intelli-

299 5671 433 5711 aunt
479 5661 898 5726 profunditatem
941 5666 1203 5735 mysterii.

372 5749 532 5804 Ἆγίν
556 5754 807 5820 insipiens
850 5771 951 5808 non
983 5768 1272 5826 cognoscet,
1327 5773 1430 5816 etc.
1468 5761 1647 5820 Variis
1697 5767 1873 5823 Iliadis

297 5839 399 5896 hoc
427 5845 694 5914 enuntiat,
739 5848 1000 5915 quoniam
1059 5851 1151 5920 qui
1201 5863 1377 5912 mente
1404 5867 1638 5928 aegrotus
1687 5870 1770 5917 est
1818 5869 1870 5917 ct

1993 4673 2272 4743 αἰσθήσεις
2303 4674 2423 4744 ἔχον
2452 4675 2546 4726 καὶ
2569 4673 2726 4726 πέντε
2758 4674 3038 4744 ἐνεργείας
3081 4673 3260 4744 ψυχῆς
3281 4713 3294 4737 ,
3333 4673 3402 4726 δι’
3433 4674 3571 4730 ἐκά-

1995 4780 2127 4834 στης
2147 4764 2450 4835 αἰσθήσεως
2478 4763 2766 4835 γινομένης
2790 4765 3068 4835 ἐνεργείας
3095 4767 3348 4836 ἑκάστης.

2061 4947 2180 5000 Ὅτι
2211 4947 2516 5018 εὔφρανάς
2541 4966 2636 5018 με,
2672 4951 2868 5018 Κύριε,
2903 4953 2974 5006 ἐν
3001 4952 3080 5018 τῷ
3111 4952 3395 5024 ποιήμασί
3426 4971 3569 5011 σου.

2001 5038 2171 5110 Ὁρῶν
2201 5040 2310 5109 γάρ
2347 5055 2439 5092 σου
2478 5038 2578 5104 τὰς
2614 5041 2974 5115 δημιουργίας
3017 5045 3109 5098 καὶ
3147 5045 3246 5110 τάς
3289 5047 3572 5120 ἀρρήτους

1985 5133 2294 5204 οἰκονομίας
2327 5132 2630 5204 ἀγάλλομαί
2678 5153 2738 5189 τε
2767 5138 2861 5190 καὶ
2903 5139 3180 5210 γάνυμαι,
3230 5141 3323 5194 καὶ
3353 5143 3421 5213 τῇ
3463 5141 3572 5214 τῆς

1983 5222 2160 5294 ψυχῆς
2191 5223 2346 5295 ἠδονῇ
2379 5224 2478 5297 τὴν
2504 5225 2750 5294 γλῶτταν
2782 5230 2860 5292 εἰς
2885 5229 3154 5300 ὑμνῳδίαν
3191 5231 3346 5284 κινῶ.

2066 5315 2160 5379 Ὠς
2186 5315 2559 5385 ἐμεγαλύνθη
2592 5318 2664 5372 τὰ
2689 5319 2831 5389 ἔργα
2858 5335 2994 5385 σου,
3020 5321 3230 5388 Κύριε]
3263 5321 3405 5391 Ἐγὼ
3436 5323 3562 5394 μὲν,

1981 5405 2134 5474 φησὶ,
2173 5406 2240 5459 τά
2290 5406 2358 5460 σά
2410 5407 2545 5480 ἔργα
2591 5409 2866 5480 ἁνυμνῶν,
2897 5412 2989 5463 καὶ
3026 5411 3088 5464 τὸ
3115 5411 3277 5482 βάθος
3304 5413 3410 5466 τῶν
3452 5415 3565 5467 σῶν

1980 5495 2250 5568 λογισμῶν
2281 5499 2676 5570 ὲκπλήττομαι,
2707 5494 2782 5552 ὧν
2807 5502 2864 5554 ὲν
2891 5504 2954 5580 τῇ
2983 5503 3265 5574 οἰκονομίᾳ
3293 5507 3558 5574 εἰργάσω.

1992 5590 2130 5642 Ἀλλ’
2158 5591 2206 5642 οἰ
2236 5591 2468 5661 ἄφρονες
2489 5592 2549 5644 ού
2580 5591 2791 5644 συνιᾶσι
2817 5591 2910 5645 τοῦ
2940 5593 3240 5664 μυστηρίου
3268 5594 3330 5646 τὸ
3366 5594 3552 5664 βάθος.

2061 5773 2230 5840 Ἇνίιρ
2255 5774 2457 5844 ἄφρων
2479 5777 2551 5829 οὐ
2582 5776 2888 5844 γνώσεται.
2938 5781 3222 5851 Διαφόρως
3258 5781 3431 5838 ταῦτα
3474 5783 3556 5838 εἴ-

1979 5881 2162 5936 ρηκεν,
2197 5865 2278 5920 ὅτι
2306 5869 2333 5920 6
2355 5867 2452 5931 τὰς
2475 5867 2678 5939 φρένας
2705 5869 2872 5926 νοσῶν
2907 5873 2998 5926 καὶ
3027 5872 3294 5940 συνέσεως
3347 5873 3556 5948 ἔρημος
