3778 6276
129 377 226 430 ωδ

1273 371 1625 429 EXPOSITIO
1665 371 1732 428 ΙΝ
1770 371 2099 429 PSALMUM
2139 371 2296 427 XCII.

3291 354 3416 431 40a“

127 493 336 546 τούτοιν
405 490 565 546 οὐδὲν
615 489 896 559 γινώσκει,
935 488 1057 542 οὔτε
1111 492 1215 562 μὴν
1264 489 1554 545 ἀκούσεται
1599 495 1727 562 περὶ

1874 489 2184 560 itelligentia
2217 502 2444 553 vacuus,
2474 485 2606 540 nihil
2653 487 2848 541 borum
2894 487 3191 556 cngnoscit,
3221 501 3394 556 neque

131 583 360 638 τούτων.

210 673 320 727 Ἐν
380 671 470 736 τῷ
514 669 826 724 ἀνατεῖλαι
876 669 1259 738 ἁμαρτωλοὺς
1298 667 1442 723 ὡσεὶ
1491 667 1725 738 χόρτον.

137 767 192 817 di
219 764 297 832 μὴ
322 761 638 825 συνιέντες,
687 761 821 831 φησι
845 801 860 825 ,
893 761 954 814 τὸ
991 761 1290 832 μυστήριον
1336 761 1488 831 δίκην
1535 759 1728 830 χόρτου

138 854 372 915 ἕπονται,
416 851 494 922 μὴ
526 852 742 921 ἔχοντες
770 851 830 904 τὸ
847 850 1007 920 βάθος
1029 851 1246 923 δηλαδὴ,
1271 853 1365 905 καὶ
1394 851 1603 922 ταχέως
1629 867 1730 903 πε-

140 944 358 996 σοῦνται
395 943 498 995 καὶ
531 942 980 1012 ξηρανθήσονται.

203 1035 312 1088 Kal
346 1034 756 1102 ὑψωθήσεται
774 1036 854 1098 ὡς
867 1031 1274 1102 μονοκέρωτος
1305 1032 1370 1086 τὸ
1402 1034 1578 1101 κέρας
1587 1050 1729 1102 μου.

141 1126 326 1189 Ὅταν,
382 1126 583 1195 φησιν,
621 1124 946 1179 ἀπολοῦνται
978 1129 1026 1178 oi
1059 1124 1244 1196 ἐχθροὶ
1284 1125 1376 1178 καὶ
1418 1125 1732 1197 διασκορπι-

145 1217 462 1286 σθήσονται,
502 1218 626 1270 τότε
656 1217 720 1288 δὴ
751 1217 869 1272 τότε
903 1217 963 1270 τὸ
987 1217 1117 1288 ἐμὸν
1142 1217 1328 1288 κέρας,
1369 1217 1644 1270 τουτέστιν
1695 1221 1729 1288 ἡ

146 1308 392 1377 βασιλεία
406 1310 441 1378 ἡ
465 1308 872 1379 ἡτοιμασμένη,
893 1307 1194 1380 περιφανὴς
1211 1310 1517 1380 γενήσεται.
1546 1309 1732 1380 Ἡμεῖς

147 1403 190 1455 δὲ
218 1404 267 1455 oi
303 1403 416 1473 τὴν
473 1402 580 1474 σὴν
618 1403 911 1470 ἐπίγνωσιν
949 1402 1182 1473 ἔχοντες,
1235 1402 1334 1473 τὴν
1383 1403 1491 1454 τῶν
1524 1401 1735 1472 ἐχθρῶν

147 1511 232 1547 σω
262 1495 586 1548 κατάλυσιν
620 1493 977 1564 θεασάμενοι,
1018 1494 1388 1566 γαυριάσομεν
1414 1497 1505 1548 ἐπὶ
1531 1496 1612 1548 σοὶ
1642 1496 1736 1548 καὶ

150 1587 284 1654 μέγα
348 1587 707 1657 φρονήσομεν
731 1603 745 1616 ·
804 1585 899 1640 ἅτε
953 1585 1016 1657 δὴ
1068 1587 1169 1658 τῆς
1218 1586 1478 1640 πολυθέου
1529 1586 1737 1655 πλάνης

149 1676 592 1746 ἀπηλλαγμένοι,
625 1676 718 1730 καί
749 1693 809 1730 σε
845 1677 936 1729 τὸν
969 1677 1096 1730 ὄντα
1126 1677 1554 1749 προσκυνοῦντες
1583 1678 1733 1730 Θεόν.

151 1768 249 1823 Τὸν
280 1768 401 1838 γὰρ
437 1769 751 1840 μονόκερων
782 1768 1011 1822 ἐνταῦθα
1043 1769 1204 1822 πάλιν
1245 1771 1596 1842 παρήγαγεν,
1651 1769 1738 1822 ἵνα

150 1858 229 1911 διὰ
269 1859 374 1912 τοῦ
429 1859 552 1922 ἐνὸς
606 1859 834 1930 κέρατος
882 1861 972 1913 τὸν
1016 1860 1111 1913 ινα
1167 1861 1537 1934 παραδηλώσῃ
1581 1861 1733 1915 Θεόν.
1766 1844 1809 1898 Β

154 1952 370 2022 Ὠσπερ
402 1950 519 2021 γὰρ
547 1953 723 2004 έκεῖνο
767 1951 827 2005 τὸ
869 1949 1006 2015 ζῶον
1036 1952 1094 2004 ἓν
1126 1950 1285 2004 ἔλαϐε
1330 1951 1480 2035 παρξι
1506 1952 1605 2022 τῆς
1636 1951 1735 2020 φύ-

153 2056 284 2104 ιεως
339 2041 519 2114 κέρας
546 2058 560 2072 ο
603 2041 748 2094 οὕτω
794 2042 893 2113 τῆς
922 2041 1200 2106 εὐσεϐείας
1232 2043 1280 2096 οἱ
1301 2041 1554 2113 τρόφιμοι
1607 2043 1736 2113 μίαν

156 2133 605 2202 προσκυνήσουσι
622 2130 870 2200 θεότητα.
895 2131 1005 2184 Kal
1031 2131 1095 2185 τὸ
1117 2131 1307 2201 γῆράς
1322 2149 1441 2200 μου
1465 2133 1534 2186 ἐν
1559 2132 1741 2200 ἐλαίῳ

159 2224 337 2275 πίονι.
371 2222 534 2276 Μετά
564 2222 691 2285 τοὺς
724 2223 940 2286 πόνους,
976 2222 1159 2294 φησὶν,
1187 2221 1282 2286 οὒς
1310 2223 1584 2294 ὑπομένω,
1617 2224 1738 2277 τότε

156 2307 218 2377 bi;
255 2308 427 2361 οἱονεὶ
458 2308 625 2378 ἐλαίῳ
670 2309 947 2380 χρήσομαι
975 2311 1056 2374 εἰς
1100 2310 1365 2380 βασίλειον
1407 2313 1737 2384 ἱεράτευμαο

164 2399 253 2451 καὶ
283 2397 451 2452 τοῦτό
493 2416 584 2468 μοι
611 2398 896 2454 ἐπαιτῶν
926 2400 1153 2473 μακρῶν
1174 2402 1350 2456 πόνων
1381 2404 1442 2456 τὸ
1475 2403 1664 2475 γέρας.

227 2491 343 2545 Καὶ
373 2490 618 2546 ἐπεῖδεν
658 2492 1027 2563 ὁεόφθαλμός
1070 2511 1188 2564 μου
1228 2495 1298 2548 ἐν
1354 2495 1476 2562 τοῖς
1507 2496 1742 2565 ἐχθροῖς

159 2599 296 2648 μου.
331 2583 528 2636 Ἔσται
564 2600 654 2654 μοι
708 2581 868 2637 τοῦτο
913 2583 1053 2655 μετὰ
1088 2585 1194 2639 τῶν
1233 2585 1406 2640 ἄλλων
1453 2585 1652 2650 καλῶν,
1681 2586 1743 2638 τὸ

163 2671 360 2744 θεατήν
409 2690 481 2743 με
519 2673 775 2742 γενέσθαι
821 2675 1132 2730 πιπτόντων
1169 2676 1280 2732 τῶν
1306 2675 1605 2730 ἐπιϐούλων
1639 2694 1742 2747 μου

169 2765 263 2834 τῆς
292 2765 499 2839 ψυχῆς.

235 2855 681 2926 Περυτευμέιόι
707 2857 777 2912 ἐν
799 2858 877 2924 τῷ
903 2860 1045 2924 οῑκφ
1070 2861 1312 2929 Κυρίου.
1353 2855 1512 2916 Οὗτοι
1533 2861 1610 2926 δὲ,
1641 2878 1744 2932 φη-

172 2949 271 3010 σὶν,
306 2950 354 3002 οἱ
377 2947 594 3010 τούτοις
623 2949 1012 3019 ἁπεικασμένοι
1039 2953 1147 3013 τοῖς
1183 2951 1416 3022 κέδροις,
1445 2950 1744 3022 φυτουργὸν

173 3040 269 3108 μὲν
302 3039 488 3110 έχουσι
525 3039 617 3094 τὸν
658 3040 810 3105 Θεὸν,
856 3041 1177 3114 παράδεισον
1204 3042 1261 3096 δὲ
1285 3042 1376 3096 τὸν
1411 3043 1553 3098 θετον
1587 3041 1741 3097 νεών.

183 3127 274 3178 Ἔν
296 3126 430 3193 ταῖς
465 3127 684 3194 αὐλαῖς
709 3127 816 3182 τοῦ
845 3129 991 3185 Θεοῦ
1022 3129 1192 3198 ήμῶν
1212 3130 1610 3197 ἀνθήσουσιν.
1654 3133 1743 3187 Ἐν

1829 581 2105 652 quidpiam
2135 581 2202 636 de
2227 579 2312 635 his
2337 578 2538 634 audiet.

1899 674 1953 728 8.
1987 674 2117 729 Cum
2139 673 2308 727 exorti
2337 672 2535 742 fuerint
2557 681 2850 741 peccatores
2898 671 3053 724 sicut
3065 671 3260 740 fenum.
3291 670 3393 737 Qui

1831 776 1940 816 non
1970 760 2275 830 intelligunt
2306 761 2645 830 mysterium,
2675 761 2770 828 ait,
2797 761 2954 831 quasi
2999 759 3180 815 fenum
3210 770 3392 824 erunt,

1833 866 1942 906 non
1993 851 2255 906 habentes
2305 849 2748 921 profunditatem,
2799 865 2865 906 ac
2929 851 3037 907 cito
3081 852 3299 915 cadent,
3342 860 3406 905 et.

1829 949 2096 998 arescent.

1902 1033 1988 1087 11.
2023 1031 2093 1086 Et
2145 1032 2470 1087 excitabitur
2503 1031 2636 1087 sicut
2681 1033 2946 1087 unicornis
2999 1049 3160 1086 cornu
3203 1049 3392 1087 meum.

1832 1124 2080 1192 Quando,
2113 1126 2307 1195 inquit,
2339 1127 2591 1196 peribunt
2646 1125 2852 1180 inimici
2906 1134 2960 1180 et
2982 1126 3398 1196 dispergentur,
3433 1109 3436 1114 ’

1833 1227 1964 1273 tunc
2007 1233 2177 1273 cornu
2207 1233 2411 1282 meum,
2473 1219 2720 1274 videlicet
2761 1233 2988 1287 regnum
3015 1226 3398 1288 praeparatum,

1834 1302 2154 1380 praclarum
2193 1309 2315 1363 erit.
2347 1308 2458 1364 Nos
2495 1319 2698 1376 autem,
2751 1309 2846 1379 qui
2874 1319 2964 1364 tua
2993 1325 3182 1365 sumus
3217 1310 3399 1380 cogni-

1835 1400 1982 1455 tione
2034 1400 2306 1465 instructi,
2361 1415 2484 1454 cum
2530 1400 2742 1454 ruinam
2795 1399 3139 1455 inimicorum
3185 1409 3399 1455 tuorum

1835 1491 2152 1556 viderimus,
2168 1491 2525 1561 gloriabimur
2556 1502 2608 1547 et
2630 1493 2797 1546 altum
2833 1492 3108 1561 sapiemus
3135 1492 3189 1545 in
3216 1500 3289 1558 te,
3317 1501 3401 1546 ut-

1835 1594 1960 1655 pote
1987 1601 2018 1638 a
2043 1585 2270 1638 deorum
2302 1584 2600 1638 multorum
2654 1599 2839 1640 errore
2877 1584 3114 1649 liberati,
3148 1593 3202 1640 et
3228 1593 3281 1639 te
3308 1584 3400 1654 qui

1837 1692 1961 1732 rere
1988 1677 2132 1732 Deus
2166 1691 2226 1731 es
2261 1677 2572 1732 adorantes.
2600 1674 2737 1730 Nam
2788 1677 3051 1732 unicornu
3083 1677 3172 1732 hic
3210 1677 3403 1731 iterum

1838 1767 2140 1837 proposuit,
2174 1774 2232 1820 ut
2261 1781 2358 1836 per
2406 1782 2579 1821 unum
2633 1781 2826 1832 cornu,
2858 1781 3026 1820 unum
3078 1764 3407 1836 significaret

1838 1860 2029 1917 Deum.
2054 1859 2524 1928 Quemadmodum
2561 1859 2706 1915 enim
2739 1858 2871 1914 illud
2902 1858 3121 1922 animal,
3178 1871 3342 1912 unum
3374 1873 3432 1910 ιι..

1837 1961 2033 2008 natura
2081 1968 2252 2009 cornu
2309 1954 2559 2022 accepit;
2591 1952 2671 2007 sic
2714 1952 2919 2006 alumni
2977 1951 3196 2022 pietatis
3240 1966 3404 2004 unam

1837 2043 2144 2098 adorabunt
2168 2043 2442 2098 deitatem.
2479 2042 2544 2095 Et
2572 2052 2806 2098 senectus
2840 2059 2954 2097 mea
3002 2043 3054 2096 in
3078 2044 3188 2096 oleo
3207 2040 3402 2112 pingui.

1838 2131 1965 2186 Post
1991 2131 2206 2186 labores
2257 2145 2399 2201 quos
2449 2131 2708 2195 sustinui,
2752 2131 2948 2202 inquit,
3001 2141 3129 2186 tunc
3153 2147 3254 2186 ceu
3287 2129 3406 2186 oleo

1840 2233 1960 2278 utar
1993 2223 2060 2278 ad
2089 2223 2269 2294 regale
2327 2223 2728 2290 sacerdotium;
2773 2232 2829 2278 et
2870 2223 2974 2278 hoc
3023 2224 3127 2279 erit
3179 2219 3314 2277 mihi
3354 2223 3406 2276 in

1839 2316 2219 2371 diuturnorum
2248 2314 2491 2370 laborum
2526 2315 2830 2384 praemium.

1912 2471 1998 2525 1-2.
2059 2469 2126 2525 Et
2175 2470 2398 2540 respexit
2448 2473 2629 2525 oculus
2671 2469 2832 2524 meus'
2871 2469 3108 2523 inimicos
3157 2483 3316 2536 meos.
3347 2464 3407 2523 1d

1843 2565 1973 2619 mihi
2004 2565 2144 2619 inter
2169 2564 2275 2618 alia
2299 2564 2442 2619 bona
2474 2561 2898 2632 computabitur,
2919 2561 3064 2632 quod
3091 2560 3423 2617 cadentibus.

1843 2656 2253 2712 insidiatoribus
2283 2655 2477 2710 animae
2540 2669 2692 2720 meae,
2743 2653 2971 2724 hujusce
3005 2653 3082 2708 rei
3140 2661 3408 2723 spectator

1841 2763 1940 2819 ego
1979 2748 2194 2803 fuerim.

1919 2841 2005 2903 15,
2039 2839 2126 2894 14.
2153 2837 2393 2892 Plantati
2425 2840 2478 2894 in
2516 2839 2670 2894 domo
2699 2839 2932 2894 Domini.
2964 2837 3051 2903 lli,
3090 2837 3285 2909 inquit,
3316 2838 3410 2908 qui
3437 2875 3439 2877 ι

1847 2931 2023 2987 cedris
2051 2931 2157 2987 illis
2187 2933 2395 2989 similes
2430 2943 2578 3000 sunt,
2643 2932 2907 2989 cultorem
2956 2932 3157 2987 habent
3209 2930 3409 2993 Deum;

1847 3021 2158 3092 paradisum
2192 3038 2340 3087 vero,
2385 3023 2627 3078 divinum
2683 3023 2964 3093 templum.
3020 3020 3086 3076 In
3129 3021 3284 3078 atriis
3315 3020 3412 3075 Dei

1848 3113 2016 3168 nostri
2045 3114 2408 3183 ﬂorebuntsln
2457 3114 2707 3184 supernis
2764 3114 2970 3170 scilicet
3019 3112 3412 3177 mansionibus,

170 3221 283 3282 ταῖς
310 3218 427 3272 ἄνω
449 3218 692 3290 δηλονότι
717 3221 923 3291 μοναῖς,
947 3221 1012 3285 ἅς
1039 3195 1132 3275 καὶ
1155 3219 1325 3286 αὐλὰς
1351 3195 1489 3278 εἶναι
1515 3223 1608 3278 τοῦ
1638 3225 1743 3278 Κυ-

1874 3222 1981 3277 [uas
2005 3206 2143 3262 atria
2169 3221 2292 3262 esse
2312 3204 2528 3261 Domini
2559 3203 2708 3261 dicit.

175 3311 285 3379 ρίου
311 3309 504 3382 φησίν.

244 3402 376 3454 Ἔτι
407 3399 944 3470 πληθυνθήσονται
969 3402 1040 3456 ἐν
1069 3402 1224 3473 γήρᾳ
1265 3405 1462 3468 πίονι,
1503 3405 1602 3460 καὶ
1645 3406 1747 3460 εὐ-

175 3493 509 3559 παθοῦντες
539 3494 810 3548 ἔσονται.
841 3494 934 3559 Τὸ,
966 3493 1326 3559 εὐπαθοῦντες
1345 3535 1360 3560 ,
1387 3497 1506 3550 ἀντὶ
1535 3496 1651 3560 τοῦ,
1686 3493 1746 3551 εὖ

176 3583 496 3652 πάσχοντες.
545 3582 958 3653 ’Δποδοθήσεται
999 3583 1107 3655 γὰρ
1139 3585 1322 3648 αὐτοῖς
1360 3583 1398 3640 d
1446 3587 1752 3656 ὀφθαλμὸς

177 3673 280 3724 οὐκ
300 3668 447 3736 εἶδε,
485 3672 584 3724 καὶ
609 3667 718 3738 οὖς
741 3674 850 3726 οὐκ
873 3671 1161 3740 ἤκουσεν.

244 3765 373 3817 Ὅτι
406 3763 596 3830 εὐθὴς
622 3767 654 3817 ό
692 3766 906 3832 Κύριος
932 3769 964 3820 ὀ
997 3765 1140 3832 Θεὸς
1169 3765 1355 3835 ἡμῶν.
1413 3765 1660 3820 Ἐπειδὰν
1693 3769 1754 3820 ὲν

177 3858 288 3918 117.;
334 3855 453 3908 ἄνω
510 3858 697 3924 μοναῖς
731 3858 1026 3928 ,γενόμενοι
1077 3858 1390 3913 ἀπολαύωσι
1437 3858 1505 3912 τὰ
1528 3861 1753 3930 ἡτοιμα-

181 3948 346 4016 σμένα
375 3947 580 4016 ἀγαθὰ,
610 3948 732 4002 τότε
763 3948 826 4021 δὴ
853 3949 974 4004 τότε
1007 3952 1100 4004 καὶ
1154 3949 1356 4021 ταύτην
1391 3949 1752 4020 ἀναγγελοῦσι

180 4040 268 4111 τὴν
290 4041 502 4113 φωνὴν,
533 4040 608 4105 ὡς
627 4042 832 4107 δίκαιος
865 4043 960 4097 καὶ
985 4043 1148 4114 εύθὴς
1172 4043 1324 4096 ἔσται
1366 4046 1393 4097 ό
1430 4043 1653 4115 Κύριος,
1695 4043 1753 4106 ὃς

181 4133 297 4196 τοὺς
336 4133 441 4202 μὲν
469 4133 820 4203 παρανόμους
845 4135 940 4187 καὶ
968 4133 1184 4197 ἀσεϐεῖς
1213 4133 1368 4204 δίκην
1403 4134 1596 4206 χόρτου
1618 4135 1754 4188 ἀπο-

183 4223 515 4294 ξηρανθῆναι
540 4223 916 4294 παρεσκεύασε
941 4243 954 4255 ·
988 4225 1115 4288 τοὺς
1139 4223 1196 4276 δὲ
1215 4215 1570 4288 δικειίουξκώ⁸
1597 4224 1754 4277 εύσε-

185 4315 289 4378 ϐεἰς
324 4309 416 4368 οἶα
462 4315 688 4386 κέδρους
731 4317 823 4369 καὶ
854 4316 1099 4386 φοίνικας
1131 4318 1188 4370 ὲν
1220 4318 1338 4380 ταῖς
1372 4316 1483 4370 ἄνω
1518 4315 1757 4385 κατεφύ-

184 4419 334 4456 τευσε
373 4407 622 4474 σκηναῖς.
671 4404 885 4458 Ἀδικία
917 4407 1027 4480 οὐκ
1054 4405 1183 4459 ἐστι
1224 4406 1374 4478 παρὰ
1394 4405 1471 4477 τῷ
1499 4405 1635 4477 Θεῷ,
1669 4406 1758 4461 διὰ

187 4493 241 4545 τὸ
265 4489 405 4547 εἶναι
437 4494 600 4547 αὑτὸν
633 4495 829 4558 κακίας
853 4494 1217 4549 ἀνεπίδεκτον.

189 4587 279 4650 Η(
309 4583 427 4652 τὴν
456 4584 686 4653 ἡμέραν
711 4585 818 4639 τοῦ
837 4585 948 4654 πρὸ
982 4585 1087 4639 τοῦ
1129 4584 1451 4648 Σαϐϐάτου,
1493 4585 1590 4638 ὅτε
1621 4603 1769 4640 κατ--

317 4676 541 4741 ᾤκιστο
576 4679 613 4746 ἡ
651 4677 749 4747 γῆ,
783 4677 950 4744 αἶνος
980 4676 1137 4746 ᾠδῆς
1161 4675 1240 4742 τῷ
1269 4676 1468 4730 Δαυτδ.
1505 4677 1620 4743 ὶιΒθ.

808 4767 1127 4834 Ὑπόθεσις.

196 4860 290 4924 Εἰς
310 4860 374 4913 τὸ
399 4859 705 4913 Σάϐϐατον
733 4861 789 4910 ἐν
811 4858 888 4930 τῷ
914 4858 1235 4930 προλαϐόντι
1281 4856 1480 4928 ψαλμῷ
1505 4856 1757 4928 δηλοῦται

260 4955 291 5023 ἡ
319 4954 548 5024 δευτέρα
576 4955 847 5025 παρουσία
878 4955 970 5008 τοῦ
1002 4954 1228 5024 Κυρίου,
1278 4954 1397 5008 καθ’
1423 4955 1489 5025 ἦν
1531 4956 1626 5008 καὶ
1659 4955 1756 5026 βα-

264 5045 494 5099 σιλεύσει
545 5046 640 5098 τοῦ
679 5046 798 5098 νέου
833 5046 1028 5110 αἰῶνος
1060 5045 1198 5117 μετὰ
1223 5045 1329 5100 τῶν
1362 5045 1532 5114 ἁγίων
1569 5045 1756 5101 αὐτοῦ.

261 5137 508 5209 Δηλονὸτι
535 5139 616 5200 τὸ,
651 5136 765 5204 πρὸ
798 5137 1120 5202 Σαϐϐἀτου,
1162 5138 1229 5192 ἂν
1256 5137 1342 5208 εἴη
1374 5139 1407 5209 ἠ
1440 5135 1627 5209 πρώτη
1659 5137 1758 5189 αύ-

265 5227 353 5281 τοῦ
378 5229 674 5298 παρουσία,
705 5229 793 5280 ὅτε
819 5228 912 5281 καὶ
938 5231 971 5299 ἡ
999 5229 1070 5298 γῆ
1101 5228 1455 5297 κατῴκισται,
1483 5226 1760 5280 τουτέστιν

267 5318 351 5372 ὅτε
374 5321 408 5388 ἡ
446 5318 912 5391 Ἐκκλησίά,πάσῃ
940 5321 1006 5392 τῇ
1033 5318 1323 5392 οἰκουμένῃ
1357 5315 1758 5388 τεθεμελίωται,

268 5408 370 5461 τῶν
391 5408 560 5476 ἁγίων
597 5409 908 5463 ἀποστόλων
935 5409 1174 5480 δηλονότι
1215 5409 1309 5463 καὶ
1357 5405 1760 5476 εὐαγγελιστῶν

271 5498 353 5552 τὸν
383 5501 508 5571 περὶ⁵
546 5499 781 5571 Χριστοῦ
806 5501 1276 5571 καταγγειλάντων
1307 5503 1370 5572 τῇ
1393 5503 1461 5573 γῇ
1492 5500 1666 5568 λόγον.

281 5762 321 5794 ⁸⁵
360 5763 524 5822 lCor.
577 5781 637 5831 ιι,
669 5764 720 5819 9.

1920 3383 2005 3437 15.
2043 3377 2238 3436 Λάίιιιε
2260 3381 2752 3453 multiplicabuntur
2796 3383 2851 3436 in
2880 3390 3086 3435 senecta
3141 3380 3309 3446 uberi,
3365 3389 3416 3436 et

1849 3475 1972 3528 bene
1987 3477 2240 3543 patientes
2268 3484 2440 3529 erunt.
2461 3474 2602 3529 Bene
2623 3474 2905 3544 patientes,
2927 3473 3083 3545 quasi
3096 3473 3264 3539 dicas,
3280 3474 3416 3529 bene

1850 3566 2164 3621 tolerantes.
2195 3565 2473 3621 Dabuntur
2501 3567 2645 3620 enim
2675 3566 2782 3622 illis
2825 3581 2944 3636 qua:
2968 3565 3151 3620 oculus
3195 3557 3300 3619 non
3341 3567 3390 3619 vi

1849 3660 1949 3724 dit,
1997 3677 2088 3714 nec
2117 3662 2264 3714 auris
2289 3658 2489 3714 audivit
2512 3658 2574 3713 “.
3419 3728 3421 3730 η

1921 3750 2008 3805 16.
2035 3749 2300 3814 Quoniam
2343 3759 2514 3803 rectus
2567 3747 2823 3801 Dominus
2871 3746 3010 3800 Deus
3035 3754 3232 3800 noster.
3263 3743 3417 3800 Post-

1853 3856 2014 3911 quam
2065 3841 2119 3894 in
2185 3840 2434 3911 supernis
2475 3839 2845 3895 mansionibus
2902 3837 3174 3894 constituti
3229 3845 3416 3907 parata

1855 3933 1994 3986 bona
2025 3931 2167 3987 nacti
2195 3931 2416 3995 fuerint,
2453 3931 2595 3987 hanc
2618 3928 3018 3985 annuntiabunt
3046 3942 3255 3994 vocem,
3276 3926 3419 3996 quod

1850 4025 2033 4095 justus
2064 4034 2118 4078 et
2152 4032 2332 4080 rectus
2363 4023 2431 4078 sit
2457 4021 2742 4089 Dominus,
2766 4023 2858 4089 qui
2888 4022 3107 4091 iniquos
3139 4028 3194 4075 et
3222 4019 3424 4090 impios

1857 4131 1954 4170 ceu
1999 4115 2182 4170 fenum
2237 4131 2483 4171 arescere
2521 4114 2679 4180 iecit;
2725 4113 2907 4183 justos
2954 4121 3134 4166 autem
3179 4119 3233 4166 et
3278 4109 3417 4179 pios,

1857 4206 2011 4275 quasi
2047 4206 2240 4261 cedros
2296 4217 2349 4260 et
2381 4206 2619 4276 palmas,
2671 4205 2726 4258 iu
2758 4204 3006 4274 supernis
3058 4201 3422 4256 tabernaculis

1859 4298 2143 4368 plantavit.
2188 4296 2254 4350 Et
2284 4313 2383 4351 non
2405 4281 2767 4366 est‘iniquitas
2802 4294 2854 4348 in
2890 4291 3017 4360 Deo,
3045 4291 3172 4363 quia
3203 4289 3427 4345 malitia:

1857 4405 2025 4460 capax
2054 4406 2162 4444 non
2185 4401 2286 4444 est.

1789 4543 1834 4599 D
1862 4545 1926 4598 In
1964 4544 2101 4599 diem
2145 4553 2264 4598 ante
2305 4542 2614 4606 Sabbatum,
2645 4541 2850 4610 quando
2884 4537 3108 4608 fundata
3143 4545 3218 4592 est
3260 4546 3432 4606 terra,

2163 4635 2281 4688 laus
2329 4632 2522 4687 cantici
2566 4633 2664 4702 ipsi
2692 4621 2882 4696 David,
2923 4627 3109 4684 XCII.

2442 4725 2840 4795 Argumentum.

1859 4817 1916 4870 In
1943 4816 2259 4886 praecedenti
2285 4816 2492 4886 psalmo
2519 4830 2614 4885 per
2641 4815 2754 4868 haec
2770 4813 2931 4868 verba
2966 4830 2980 4867 :
3023 4810 3087 4866 In
3114 4811 3250 4863 diem
3285 4806 3420 4864 Sab-

1930 4910 2060 4977 bati,
2092 4910 2400 4965 declaratur
2449 4907 2720 4964 secundus
2783 4903 3082 4959 Salvatoris
3137 4903 3422 4966 adventus,

1932 5003 2150 5071 quando
2180 5001 2424 5074 regnabit
2447 5001 2500 5054 in
2534 5014 2732 5053 novum
2760 4995 3017 5052 saeculum
3071 5007 3195 5046 cum
3221 4990 3424 5044 sanctis

1936 5093 2070 5148 suis.
2099 5091 2282 5146 Palam
2317 5099 2494 5146 autem
2525 5099 2606 5145 est
2640 5088 2791 5152 illud,
2822 5094 2943 5139 ante
2973 5082 3286 5145 Sabbatum,
3331 5079 3423 5134 de-

1935 5184 2150 5254 signare
2204 5155 2476 5255 priorem!
2497 5181 2614 5250 ejus
2669 5179 2976 5238 adventum,
3031 5171 3247 5243 quando
3283 5179 3424 5226 terra

1937 5276 2183 5330 habitata
2214 5283 2316 5343 est,
2349 5274 2402 5329 id
2441 5282 2524 5329 est
2556 5269 2774 5342 quando
2797 5264 3037 5321 Ecclesia
3068 5265 3121 5318 in
3151 5271 3264 5318 toto
3289 5262 3421 5317 orbe

1944 5367 2168 5424 fundata
2203 5375 2304 5433 est,
2332 5363 2532 5420 sanctis
2565 5359 2827 5432 apostolis
2861 5364 2914 5412 et
2961 5355 3308 5426 evangelistis
3357 5353 3424 5407 de

1939 5464 2158 5520 Christo
2223 5470 2524 5516 sermonem
2576 5468 2669 5524 per
2720 5458 2890 5508 totum
2968 5449 3153 5506 orbem
3223 5459 3421 5503 renuas

1939 5554 2214 5614 tiantibus.
