3778 6276
337 357 439 422 407

340 572 633 627 humanum
658 585 830 640 genus
858 571 1155 627 abscedens
1179 589 1210 628 a
1235 588 1403 642 regno
1433 571 1549 637 Dei,
1585 571 1688 628 sub
1716 580 1897 642 tyran-

341 664 464 717 nide
488 660 704 718 Satanae
733 662 855 727 fuit,
886 665 1009 719 Ideo
1034 665 1252 719 advenit
1298 663 1638 736 Unigenitus,
1670 673 1728 719 ut
1762 664 1895 720 illud

340 769 554 810 rursum
586 756 803 826 proprio
831 765 1043 826 sceptro
1067 755 1376 826 subjiceret.
1417 756 1510 812 Dei
1530 766 1710 812 autem
1730 757 1894 812 deco-

339 862 477 909 rem,
502 847 673 918 ipsius
699 848 912 918 generis
955 848 1182 905 salutem
1230 863 1352 903 esse
1379 848 1530 904 dicit.
1583 847 1698 904 Nisi
1749 848 1894 904 enim

339 940 655 994 incarnatus
692 938 922 1004 fuisset,
950 948 1227 1009 assumpta
1268 949 1461 1010 praeter
1482 949 1761 1011 peccatum
1798 956 1896 996 ηας

341 1041 463 1089 tura
489 1040 697 1098 nostra,
726 1033 873 1087 nulla
905 1048 1037 1088 sane
1060 1033 1220 1087 nobis
1251 1034 1401 1089 salus
1431 1032 1647 1089 fuisset.
1681 1032 1895 1102 Oportet

340 1126 481 1178 enim
517 1142 636 1180 eum
664 1142 878 1195 regnare
909 1125 1072 1179 donec
1096 1136 1257 1193 ponat
1292 1141 1466 1180 omnes
1494 1126 1734 1179 inimicos
1772 1140 1895 1179 suos

342 1218 436 1269 sub
466 1216 679 1286 pedibus
713 1218 825 1270 suis
852 1217 918 1270 “.
946 1215 1173 1271 Indutus
1197 1226 1276 1270 est
1320 1215 1573 1271 Dominus
1620 1216 1895 1286 fortitudi-

343 1323 458 1361 nem
486 1318 536 1362 et
555 1308 830 1376 precinxit
850 1321 923 1360 se.
955 1303 1114 1360 Hisce
1134 1290 1460 1375 reportatarn
1479 1306 1546 1360 de
1573 1306 1897 1363 adversariis

342 1399 697 1468 potestatibus
749 1397 1031 1452 victoriam
1087 1395 1243 1452 nobis
1285 1396 1574 1466 signiﬁcat,
1608 1412 1772 1466 quam
1796 1412 1894 1453 ceu

344 1491 668 1547 militaribus
713 1490 881 1547 armis
906 1490 1205 1546 instructus
1226 1491 1429 1546 retulit.
1464 1489 1670 1545 Etenim
1713 1491 1900 1560 ﬁrma-

342 1583 413 1636 rit
439 1580 613 1635 orbem
653 1592 806 1639 terra:
841 1584 929 1653 qui
978 1599 1083 1638 non
1129 1583 1553 1639 commovebitur.
1602 1581 1896 1654 Postquam

343 1674 487 1736 illos,
540 1675 880 1731 adversarios
920 1676 1130 1732 scilicet
1173 1677 1469 1741 daemones,
1523 1675 1895 1747 proﬂigasset,

344 1766 641 1823 Ecclesiam
693 1768 976 1824 constituit
1027 1784 1191 1839 supra
1242 1778 1490 1838 petram,
1536 1769 1625 1826 cui
1657 1784 1725 1824 ne
1770 1768 1899 1839 ipsa:
1924 1819 1970 1879 Β

342 1859 563 1939 quidem
584 1871 754 1940 portae
779 1860 935 1917 inferi
966 1862 1353 1935 praevalebunt.

408 2133 463 2193 2.
493 2133 727 2191 Paratus
765 2134 982 2191 thronus
1024 2144 1147 2192 tuus
1176 2153 1243 2193 ex
1268 2146 1413 2194 tunc.
1447 2138 1565 2196 Hoc
1592 2140 1671 2196 ait
1708 2141 1834 2213 quia
1863 2158 1897 2198 α

339 2226 731 2284 constitutione
750 2228 938 2285 mundi
967 2228 1206 2285 futuram
1231 2245 1328 2301 per
1358 2232 1585 2289 salutem
1610 2233 1781 2305 ipsius
1795 2234 1897 2293 de-.

340 2319 552 2377 ﬁnierat
583 2319 862 2376 hominum
883 2322 1096 2393 generis
1115 2323 1365 2381 salutem.
1384 2323 1663 2381 Thronum
1698 2326 1898 2398 quippe

340 2410 414 2467 ait
430 2418 748 2481 potestatem
768 2412 1049 2485 iudicandi
1082 2414 1425 2471 adversarios
1445 2426 1665 2473 nostros
1693 2418 1895 2475 daemo—

340 2515 457 2567 nes.
501 2498 979 2559 Resurrectionem
1030 2513 1210 2560 autem
1260 2505 1531 2577 signiﬁcat
1591 2505 1890 2579 Unigeniti.

339 2586 423 2644 'l'u
460 2589 625 2660 igitur
656 2591 793 2671 ipse,
837 2594 936 2658 ait,
968 2591 1218 2659 Domine,
1242 2586 1335 2666 qui
1371 2611 1516 2661 nunc
1544 2597 1612 2653 ad
1639 2612 1757 2653 eam
1781 2613 1895 2654 rem

337 2681 497 2752 quasi
524 2682 843 2754 injudieiali
872 2687 1070 2743 throno
1103 2687 1282 2753 sedes,
1316 2689 1659 2758 utjudicium
1692 2690 1898 2755 scilicet

343 2770 494 2839 feras.
518 2780 575 2828 et
603 2788 706 2829 nos
733 2775 994 2847 vindices,
1019 2786 1148 2847 ante
1176 2778 1374 2847 saecula
1402 2778 1566 2837 Deus.

406 2952 460 3008 3.
492 2952 840 3011 Elevaoerunt
869 2957 1114 3026 ﬂumina,
1149 2959 1401 3027 Domine,
1432 2961 1755 3018 eteoaverunt
1788 2965 1896 3034 ﬂu-

338 3044 481 3099 mina
515 3062 688 3101 vocem
706 3063 877 3103 suam.
910 3047 1159 3104 Flumina
1191 3051 1279 3105 hic
1301 3061 1520 3107 sanctos
1539 3039 1814 3124 apostolos
1842 3060 1897 3108 et

337 3138 698 3207 evangelistas
725 3139 878 3205 dicit,
917 3142 1011 3211 qui
1043 3141 1136 3196 Dei
1174 3142 1473 3199 Ecciesiam
1523 3144 1896 3215 Spiritualihus
1920 3168 1964 3226 ο

338 3226 558 3283 fluentis
580 3228 944 3285 lastiﬁcarunt.
969 3230 1180 3288 Dictum
1213 3249 1449 3304 namque
1464 3233 1567 3291 fuit
1594 3235 1738 3292 illis:
1766 3235 1898 3290 Flu~

337 3320 487 3392 mino
519 3320 583 3391 de
616 3331 789 3376 ventre
815 3323 927 3392 ejus
957 3324 1120 3396 ﬂuent
1148 3342 1300 3397 aqua
1327 3327 1456 3385 vitae
1474 3325 1541 3384 “.
1588 3372 1594 3379 .

407 3478 460 3532 6.
500 3477 770 3535 Mirabiles
798 3481 1048 3536 elationes
1080 3482 1262 3536 maris.
1298 3481 1502 3551 Multae,
1549 3482 1746 3554 inquit,
1781 3500 1899 3557 my-

339 3569 613 3641 stagogiaa,
636 3572 918 3628 sententiae
945 3575 1314 3644 apostolorum
1343 3584 1398 3632 et
1437 3576 1896 3647 evangelistarum

337 3659 560 3727 ﬂuenta,
591 3662 869 3719 mirabiles
885 3664 1183 3722 eﬂecerunt
1224 3666 1486 3724 elationes
1531 3668 1720 3724 maris.
1749 3668 1899 3726 Mare

337 3757 518 3805 autem
535 3759 713 3817 vocat,
732 3753 972 3825 gentium
984 3769 1104 3825 qua:
1114 3755 1459 3811 crediderunt
1472 3756 1895 3823 multitudinem,

337 3854 568 3909 quarum
596 3843 881 3908 elationes,
908 3843 960 3899 id
986 3854 1071 3900 est
1091 3846 1454 3904 sublimitates
1477 3863 1693 3915 sensus,
1737 3849 1899 3907 mira:

336 3931 474 3987 biles
502 3929 672 3989 fuere.
696 3932 812 3989 Non
842 3936 989 3991 enim
1016 3929 1163 3993 ultra'
1182 3954 1346 4009 parva
1371 3948 1425 3996 et
1446 3940 1670 3996 humilia
1690 3941 1758 3996 de
1786 3940 1895 3997 Deo

335 4025 598 4091 sentiunt,
631 4025 729 4081 sed
752 4042 947 4098 magna
968 4037 1023 4086 et
1046 4029 1337 4099 mirabilia.

401 4320 456 4377 5.
500 4319 822 4377 Testimonia
846 4331 937 4378 tua
960 4325 1231 4381 credibilia
1251 4327 1395 4397 facta
1419 4340 1541 4385 sunt
1576 4333 1755 4389 nimis.
1788 4331 1893 4391 Te-

332 4412 588 4467 stimonia
615 4410 750 4468 dicit
776 4414 1047 4484 promissa
1076 4430 1172 4486 per
1200 4429 1421 4476 sanctos
1440 4421 1734 4493 prophetas
1762 4438 1895 4495 gen~

1163 358 1219 413 S.
1262 354 1634 413 ATHANASII
1670 353 1820 419 OPP.
1858 351 2037 417 PARS
2090 350 2178 410 111.
2213 382 2281 395 -
2318 349 2727 413 EXEGETICA.

406 479 459 532 1.
480 475 731 531 Dominus
762 486 1012 548 regnav.‘:,
1036 480 1273 535 decorem
1287 480 1501 534 indutus
1516 489 1610 537 est.
1627 478 1892 545 Quoniam
1925 480 1970 538 A

3454 343 3567 404 408

2079 477 2141 531 '0
2158 478 2372 546 Κύριος
2397 475 2814 536 ἐϐασίλευσεν,
2832 468 3193 540 εὐπρέπειαν
3207 466 3561 524 ἐνεδύσατο.

2008 569 2224 641 Ἐπειδὴ
2250 570 2310 622 τὸ
2336 568 2669 641 ἀνθρώπινον
2697 564 2873 635 γένος,
2897 560 3139 618 ἀποστὰν
3167 562 3266 632 τῆς
3291 562 3396 615 ὑπὸ
3419 558 3562 615 Θεοῦ

1996 660 2305 731 βασιλείας,
2338 660 2444 714 ὑπὸ
2478 658 2576 731 τὴν
2612 655 2896 729 τυραννίδα
2940 655 3131 724 γέγονε
3182 651 3276 707 τοῦ
3322 653 3562 719 Σατανᾶ,

1991 750 2181 805 τούτου
2210 751 2370 822 χάριν
2419 750 2758 822 ἐπεδήμησεν
2804 749 2835 801 ὀ
2877 746 3207 819 Μονογενὴς,
3264 746 3352 800 ἴνα
3392 746 3566 800 πάλιν

1993 842 2124 896 αὐτὸ
2154 844 2267 906 τοῖς
2295 841 2444 907 ἰδίοις
2465 840 2706 913 ὑποτάξῃ
2746 840 3066 911 σκήπτροις,
3098 838 3129 892 δ
3171 838 3266 893 καὶ
3303 838 3522 907 ἐγένετο
3543 854 3561 869 ο

1993 933 2127 989 Θεοῦ
2161 935 2491 1006 εὐπρέπειαν
2523 934 2582 989 δέ
2614 933 2711 1005 τὴν
2752 934 3023 1004 σωτηρίαν
3061 932 3224 986 αὑτοῦ
3246 931 3341 985 τοῦ
3366 931 3569 1000 γένους

1994 1027 2177 1098 φησίν.
2206 1029 2269 1081 Ei
2304 1027 2378 1099 μὴ
2407 1026 2518 1099 γὰρ
2551 1025 2890 1099 σεσάρκωται
2913 1066 2929 1091 ,
2969 1025 3070 1096 τὴν
3114 1023 3384 1095 ἡμετέραν
3430 1021 3561 1091 δίχα

1993 1118 2094 1188 τῆς
2121 1118 2391 1190 ἁμαρτίας
2428 1116 2607 1171 λαϐὼν
2653 1116 2845 1187 φύσιν,
2877 1114 3121 1187 δηλονότι
3165 1115 3265 1168 οὒκ
3312 1112 3379 1167 ἂν
3421 1113 3561 1182 ήμῖν

1995 1213 2027 1281 ή
2075 1206 2317 1282 σωτηρία
2376 1210 2608 1278 ἐγένετο.
2659 1208 2757 1262 Δεῖ
2812 1207 2929 1278 γὰρ
2978 1205 3167 1261 αὐτὸν
3202 1204 3563 1270 ,βασιλεύειν

1996 1300 2170 1370 ἄχρις
2204 1298 2276 1357 οὗ
2309 1300 2385 1355 ἂν
2429 1298 2506 1369 θῇ
2535 1298 2762 1365 πάντας
2783 1298 2926 1365 τοὺς
2965 1294 3218 1366 ἐχθροὺς
3264 1293 3383 1351 ὑπὸ
3410 1292 3562 1358 τοὺς

1996 1397 2187 1462 πόδας
2218 1392 2424 1448 αὐτοῦ.
2480 1389 2838 1445 Ἐνεὸὐσατο
2890 1390 3106 1457 Κύριος
3144 1385 3399 1455 δύναμιν
3452 1384 3560 1437 και

1996 1485 2399 1557 περιεζώσατο.
2437 1482 2537 1536 Διά
2564 1481 2766 1536 τούτων
2795 1481 2895 1551 τὴν
2923 1477 3243 1549 καθαίρεσιν
3283 1477 3414 1547 ἡμῖν
3443 1474 3563 1529 τῶν

1996 1577 2385 1649 ἀντικειμένων
2432 1573 2684 1645 σημαίνει
2734 1571 3012 1642 δυνάμεων
3034 1606 3051 1633 ,
3103 1568 3171 1640 ἢν
3221 1564 3511 1636 πεποίηται
3538 1605 3558 1627 ,

1998 1670 2185 1741 ὥσπερ
2236 1666 2620 1739 στρατιωτικὸν
2673 1666 2775 1736 σχῆ
2783 1679 2859 1735 μα
2912 1660 3214 1717 ἀναλαϐών.
3287 1658 3396 1714 Kal
3443 1657 3565 1728 γὰρ

1998 1759 2324 1829 ἐστερέωσε
2348 1757 2463 1827 τὴν
2491 1757 2867 1825 οἰκουμένην,
2892 1755 3024 1821 ἣτις
3068 1754 3141 1808 οὐ
3183 1749 3560 1819 σαλευθήσε-

1995 1870 2108 1908 ται.
2142 1851 2410 1915 Ἐκείνους
2429 1847 2757 1923 προανελὼν,
2778 1849 2904 1911 τοὺς
2928 1846 3331 1918 ἀντικειμένους
3365 1843 3570 1915 δηλον-η

1993 1946 2076 2000 ότι
2128 1945 2406 2016 δαίμονας,
2438 1943 2663 2015 ἔστησεν
2686 1941 2779 1996 ἐπὶ
2810 1940 3016 2012 πέτραν
3050 1938 3151 2011 τὴν
3209 1934 3556 2008 Ἐκκλησίαν,

1992 2034 2063 2112 ἦς
2086 2037 2207 2092 οὐδὲ
2225 2036 2385 2093 αὑταὶ
2412 2035 2828 2107 κατισχύσουσιν
2855 2033 2913 2088 αί
2938 2032 3033 2087 τοῦ
3062 2031 3188 2104 ᾅδου
3219 2028 3406 2085 πύλαι.

2068 2131 2397 2202 Ἔτοιμος-ὁ
2419 2129 2630 2198 θρόνος
2649 2141 2765 2181 σου
2784 2123 2902 2181 ἀπὸ
2927 2123 3078 2178 τότε.
3104 2121 3274 2176 Τοῦτό
3292 2137 3443 2191 φησι,
3465 2116 3565 2172 διὰ

1994 2224 2056 2280 τὸ
2085 2221 2492 2296 προωρίσασθαι
2515 2220 2623 2275 ἀπὸ
2653 2217 2959 2288 καταϐολῆς
2983 2217 3185 2287 κόσμου
3210 2211 3308 2284 τὴν
3327 2209 3422 2265 τοῦ
3457 2211 3561 2264 ἀνι

1996 2314 2268 2387 θρωπίνου
2289 2311 2481 2383 γένους
2504 2308 2775 2382 σωτηρίαν
2800 2299 3065 2378 ἐσομένην
3105 2302 3194 2357 διὰ
3236 2302 3337 2373 τῆς
3379 2317 3563 2371 σωτηε

1996 2407 2118 2479 ρίας
2146 2402 2332 2468 αὐτοῦ.
2365 2402 2564 2475 Θρόνον
2590 2400 2699 2473 γὰρ
2724 2399 2827 2471 τὴν
2853 2400 2935 2461 είς
2965 2397 3026 2451 τὸ
3057 2394 3260 2467 κρίνειν
3293 2392 3417 2456 τοὺς
3437 2389 3566 2445 est-

1994 2498 2268 2571 κήσαντας
2315 2497 2462 2569 ἡμᾶς
2512 2495 2815 2566 δαίμονας’
2859 2484 3255 2571 ἀνάστασιν,δέ
3301 2483 3557 2557 σημαίνει

1992 2569 2087 2642 τοῦ
2110 2586 2467 2657 Μονογενοῦς.
2499 2585 2573 2640 Σὺ
2598 2579 2691 2638 οὖν
2721 2581 2904 2645 αὐτὸς,
2929 2578 3113 2651 φησιν,
3156 2569 3202 2630 ὦ
3222 2575 3493 2636 Δέσποτα,
3523 2572 3559 2625 ό

1994 2679 2087 2734 νῦν
2112 2680 2194 2743 είς
2218 2678 2376 2734 τοῦτο
2404 2675 2588 2748 ὥσπερ
2613 2673 2707 2727 ἐπὶ
2728 2668 3034 2726 δικαστικοῦ
3067 2667 3256 2740 θρόνου
3300 2660 3555 2726 καθίσας,

1994 2773 2074 2834 εἰς
2103 2770 2165 2824 τὸ
2186 2769 2391 2842 κρίνειν
2416 2766 2655 2839 δηλονότι
2684 2764 2779 2820 καὶ
2796 2763 3027 2827 ἐκδικεῖν
3055 2760 3233 2832 ἡμᾶς,
3288 2753 3558 2826 ὑπάρχεις

1995 2864 2024 2916 ὁ
2046 2861 2153 2934 προ
2175 2861 2282 2917 τῶν
2313 2858 2521 2914 αἰώνων
2550 2857 2698 2921 Θεός.

2078 2953 2343 3022 Ἔπῆραν
2370 2954 2424 3006 οἱ
2455 2948 2724 3020 ποταμοὶ,
2754 2948 2951 3016 Κύριε,
2977 2941 3206 3013 ἐπῆραν
3226 2944 3279 2997 οἱ
3303 2934 3560 3007 ποταμοὶ

1997 3045 2197 3117 φωνὰς
2222 3043 2437 3099 αὐτῶν.
2470 3041 2753 3113 Ποταμοὺς
2779 3037 3011 3095 ἐνταῦθα
3037 3037 3163 3098 τοὺς
3200 3032 3387 3103 ἁγίους
3418 3031 3561 3085 ἀπο-

2000 3136 2216 3200 στόλους
2239 3134 2335 3188 καὶ
2353 3132 2737 3203 εὐαγγελιστάς
2761 3145 2946 3201 φησιν,
2972 3129 3021 3181 οἳ
3051 3127 3145 3181 καὶ
3171 3124 3270 3197 τὴν
3296 3120 3389 3177 τοῦ
3418 3120 3560 3176 Θεοῦ

2011 3226 2333 3298 Ἐκκλησίαν
2352 3227 2464 3288 τοῖς
2492 3224 2875 3294 πνευματικοῖς
2902 3218 3279 3290 κατεύφραναν
3296 3214 3558 3284 νάμασιν.

1998 3322 2222 3394 Εἴρηται
2241 3317 2349 3390 γὰρ
2376 3317 2512 3390 πρὸς
2532 3315 2753 3379 αὐτούς’
2789 3311 3045 3382 Ποταμοῖ
3083 3310 3153 3366 ἐκ
3183 3307 3310 3385 τῆςι
3323 3306 3560 3372 κοιλίας

1997 3411 2182 3468 αὐτοῦ
2192 3412 2527 3480 ῥεύσουσιν
2546 3406 2764 3472 ὓδατος
2786 3404 3017 3469 ζῶντος.

2070 3500 2409 3573 Θαυμαστοὶ
2445 3501 2502 3554 oi
2534 3495 2919 3569 μετεωρισμοὶ
2958 3493 3070 3563 τῆς
3093 3491 3428 3559 θαλάσσης.
3486 3490 3557 3544 Δί

1999 3594 2207 3659 πολλαὶ,
2256 3592 2390 3665 φησὶ
2406 3631 2421 3657 ,
2475 3588 2869 3663 μυσταγωγίαι,
2901 3586 2993 3640 καὶ
3042 3583 3111 3638 τά
3163 3583 3404 3655 νοήματα
3442 3579 3559 3634 τῶν

1997 3684 2304 3739 ἀποστόλων
2348 3682 2443 3737 καὶ
2499 3678 2896 3750 εὐαγγελιστῶν
2925 3676 3175 3747 νάματα,
3209 3671 3561 3745 θαυμαστοὺς

1998 3774 2261 3846 πεποίηκε
2281 3772 2381 3844 τῆς
2409 3769 2685 3841 θαλάσσης
2707 3768 2833 3831 τοὺς
2874 3762 3300 3837 μετεωρισμούς.
3336 3756 3554 3815 Θάλασὲ

1998 3883 2097 3920 σαν
2120 3865 2177 3917 δὲ
2206 3863 2352 3932 λέγει
2377 3860 2485 3915 τῶν
2508 3859 2676 3915 ἐθνῶν
2689 3858 2797 3913 τῶν
2823 3855 3223 3910 πιστευσάντων
3248 3853 3317 3907 τά
3349 3851 3553 3925 πλήθη,

1994 3952 2068 4012 ὧν
2098 3956 2193 4012 καῖ
2222 3958 2272 4010 oi
2330 3951 2729 4027 μετεωρισμοὶ,
2771 3950 3047 4005 τουτέστιν
3095 3948 3152 4002 αί
3185 3945 3418 4018 ύψώσεις
3457 3943 3559 4001 τοῦ

1997 4050 2358 4121 φρονήματος,
2389 4044 2701 4117 θαυμασταὶ
2721 4042 3024 4113 γεγόνασιν.
3073 4039 3272 4095 Οὐκέτι
3307 4037 3417 4110 γὰρ
3462 4053 3559 4108 μι-

1994 4142 2104 4215 κρά
2129 4142 2221 4196 καὶ
2264 4139 2496 4196 ταπεινά
2525 4136 2781 4212 φρονοῦσι
2818 4136 2945 4208 περὶ
2971 4133 3129 4201 Θεοῦ,
3176 4131 3310 4188 ἀλλά
3342 4129 3556 4204 μεγάλα

1996 4235 2087 4305 καὶ
2114 4233 2418 4304 θαυμαστά.

2069 4327 2146 4382 Τὰ
2166 4324 2456 4395 μαρτύριὰ
2498 4340 2615 4379 σου
2634 4319 3053 4389 ἐπιστώθησαν
3083 4316 3337 4388 σφόδρα.
3389 4315 3553 4386 Μαρ-

1992 4420 2153 4493 τύρια
2184 4401 2284 4482 τάς
2304 4416 2636 4489 ἐπαγγελίας
2667 4414 2829 4486 φησὶν
2864 4412 2931 4477 ἃς
2974 4410 3064 4465 διά
3089 4410 3195 4463 τῶν
3216 4406 3386 4477 ἁγίων
3417 4421 3555 4478 προ-

333 4504 484 4572 ιῑὺυε,
507 4504 668 4572 facta,
690 4522 811 4577 qua:
844 4507 1022 4564 ﬁdelia
1051 4519 1105 4564 et
1136 4509 1291 4577 ﬁrma
1318 4528 1442 4570 esse
1488 4515 1543 4570 in
1576 4517 1889 4573 novissimis

2009 4511 2176 4584 ρητῶν
2205 4512 2316 4585 τοῖς
2344 4509 2551 4565 ἔθνεσιν
2586 4506 2945 4579 ἐπηγγείλατο
2969 4546 2982 4571 ,
3012 4502 3079 4568 ἃς
3119 4501 3212 4556 καὶ
3246 4498 3440 4563 πιστάς
3460 4497 3559 4551 ἐπ’

330 4594 523 4649 diebus
553 4596 813 4665 ostendit,
846 4613 942 4653 sua
975 4602 1262 4668 prazsentia
1286 4604 1553 4672 promissa
1590 4607 1883 4676 complens.

330 4684 557 4741 Domum
592 4695 739 4740 tuam
766 4687 906 4742 decet
932 4693 1256 4758 sanctitudo,
1283 4693 1521 4750 Domine.
1550 4694 1750 4753 Domus
1770 4699 1889 4769 ejus

330 4772 575 4842 Ecclesia
616 4785 732 4843 est,
770 4777 863 4847 cui,
889 4780 1142 4841 convenit
1174 4782 1320 4852 quod
1349 4784 1418 4839 sit
1450 4793 1658 4851 sancta,
1690 4787 1890 4858 quippe

329 4881 453 4934 quae
496 4881 623 4935 eum
674 4866 1074 4939 inhabitantem‘
1126 4871 1323 4940 habeat
1347 4872 1438 4943 qui
1472 4873 1623 4937 solus
1667 4887 1889 4935 sanctus

328 4967 447 5025 est;
476 4974 601 5014 cum
624 4967 804 5030 autem
827 4959 882 5014 id
909 4959 1111 5016 factum
1146 4962 1329 5029 fuerit,
1364 4973 1521 5022 nacta
1556 4970 1889 5038 perpetuita-

332 5057 438 5107 tem
469 5050 899 5108 sanctiﬁcatione
929 5052 1156 5125 fruetur.

401 5141 740 5211 ΡδΑιιηΙδ
767 5143 961 5210 David,
988 5155 1178 5216 quarta
1210 5144 1818 5220 Sa‘bbalarum‘XCUI.

910 5235 1310 5308 Argumentum,

332 5324 409 5383 De
440 5326 781 5398 providentia
816 5328 906 5389 hic
929 5344 1235 5384 sermonem
1270 5330 1451 5399 habet,
1483 5333 1686 5391 docens
1715 5345 1774 5389 ut
1822 5352 1890 5392 ne

402 5418 549 5472 anxii
616 5419 819 5486 simus,
880 5438 1056 5495 neque
1109 5421 1349 5487 animum
1407 5424 1886 5495 despondeamus,

400 5508 615 5564 etiamsi
654 5510 718 5564 ad
748 5511 1021 5579 quoddam
1055 5512 1316 5582 temporis
1354 5514 1585 5582 spatium
1615 5518 1887 5592 peccanti-

404 5601 506 5661 bus
555 5603 908 5673 prosperitas,
952 5602 1054 5673 piis
1108 5603 1413 5672 persecutio
1458 5607 1687 5663 eveniat.
1744 5606 1888 5664 Nihil

408 5770 504 5839 ιιι
537 5773 664 5839 Cor,
701 5791 792 5843 xv,
821 5775 909 5831 25.
969 5775 1011 5807 “
1034 5773 1191 5829 Joan.
1225 5791 1296 5829 vn
1326 5814 1340 5838 ,
1382 5775 1467 5827 58.

1992 4606 2234 4678 ἐσχάτων
2257 4602 2566 4671 ἐπεδείξατο
2588 4600 2696 4655 τῶν
2722 4597 2962 4671 ἡμερῶν,
2989 4598 3055 4667 τῇ
3075 4593 3252 4665 οἰκείᾳ
3279 4588 3556 4664 παρουσίᾳ

1990 4701 2137 4771 ἔργῳ
2164 4696 2408 4772 πληρῶν.
2448 4693 2533 4760 Τῷ
2561 4693 2706 4757 οῑκῳ
2729 4707 2844 4744 σου
2879 4687 3090 4758 πρέπει
3127 4684 3409 4755 ἀγίασμα,
3432 4678 3555 4772 Κύο

1981 4769 2119 4859 ptes
2151 4769 2311 4852 Οἶκος
2362 4788 2459 4859 μὲν
2486 4782 2648 4839 αὑτοῦ
2684 4784 2718 4854 ή
2758 4778 3069 4852 Ἐκκλησία,
3106 4775 3303 4848 πρέπει
3330 4771 3375 4825 δ’
3407 4769 3553 4842 αὐτῇ

1988 4881 2049 4934 τὸ
2078 4880 2210 4949 ἀγία
2231 4879 2392 4941 εἶναι,
2416 4876 2511 4930 ass
2534 4873 2624 4928 τὸν
2648 4872 2806 4944 μόνον
2829 4871 2982 4939 ἅγιον
2999 4868 3194 4939 ἐχουσα
3218 4859 3551 4918 ἐνοικοῦντω

1989 4969 2208 5025 ἐπειδὰν
2234 4970 2292 5023 δέ
2319 4958 2476 5041 τοῦτο
2502 4966 2748 5037 γένηται,
2788 4962 2884 5017 καὶ
2916 4957 3270 5028 ἀτελευτήτου
3315 4949 3556 5025 μεταλα-

1990 5066 2156 5120 ϐοῦσα
2181 5063 2475 5135 ἀπολαύσει
2495 5062 2584 5116 τοῦ
2614 5060 2969 5131 ἀγιάσματος.

2099 5155 2406 5212 ΨΑΛΜΟΣ
2431 5152 2510 5219 τῷ
2524 5152 2701 5207 Δαυῒδ
2723 5148 2952 5229 τετράδι
2975 5142 3303 5203 Σαϐϐάτων.
3328 5141 3438 5209 id".

2606 5245 2931 5307 Ὑπόθεσις.

1989 5340 2090 5393 Τὺν
2124 5338 2253 5410 περὶ
2276 5337 2529 5409 προνοίας
2560 5340 2618 5391 ἐν
2639 5336 2813 5405 τούτῳ
2842 5326 3051 5400 εισάγει
3082 5328 3258 5397 λόγον,
3280 5323 3551 5379 διδάσκων

2061 5431 2134 5503 μὴ
2184 5430 2459 5497 θλίϐεσθαι
2488 5431 2582 5484 καὶ
2611 5429 2918 5500 ἀδημονεῖν,
2941 5424 3041 5492 κᾶν
3078 5424 3126 5476 εί
3177 5419 3314 5492 πρὸς
3356 5417 3546 5489 καιρδν

2056 5516 2264 5593 γένοιτο
2292 5524 2385 5579 καὶ
2410 5526 2523 5588 τοῖς
2558 5521 2957 5593 ἁμαρτάνουσιν
2993 5513 3281 5587 εὐημερία,
3318 5509 3548 5572 καὶτοῖς

2057 5617 2300 5673 εὐσεϐέσι
2329 5614 2586 5686 διωγμός.
2615 5612 2776 5667 Οὐδὲν
2798 5611 2908 5682 γὰρ
2929 5607 3133 5663 τούτων
3164 5601 3423 5674 ὡσαύτως
3450 5598 3547 5671 μί-
