3778 6276
148 395 252 453 609

1271 389 1635 447 EXPOSITIO
1675 392 1738 446 IN
1779 394 2105 450 PSALMUM
2148 391 2331 450 XCIII.

3297 395 3400 450 «HO

212 528 322 577 νει,
350 509 499 566 ἀλλὰ
527 505 910 580 μεταϐαλεῖται
930 519 945 536 ο
973 505 1084 566 τοῖς
1115 505 1212 574 μὲν
1240 506 1272 574 ἡ
1301 503 1479 574 θλίψις
1506 506 1585 569 εἰς
1605 504 1717 559 αἰὼ·

1907 524 2096 563 eorum
2133 509 2331 579 quippe
2360 507 2548 563 eadem
2588 506 2900 562 conditione
2923 515 3124 570 manet,
3153 508 3247 563 sed
3278 526 3399 564 mu-

213 620 331 656 νιον
364 602 676 656 ἀπόλαυσιν
704 597 923 666 ἀγαθῶν
942 635 956 662 ,
983 599 1094 659 τοῖς
1109 597 1165 649 δὲ
1192 596 1330 666 μετὰ
1361 597 1421 649 τὸ
1457 597 1646 650 δοκοῦν
1668 598 1737 651 τὰ

213 693 442 766 χρηστὰ
481 693 565 755 εἰς
603 691 994 759 ἀτελευτήτους
1039 688 1241 751 αἰῶνας
1279 690 1312 760 ἠ
1358 688 1602 752 κόλασις.
1643 693 1740 744 Τε-

210 784 413 852 τρὰὃα
437 783 498 836 δὲ
528 781 845 836 Σαϐϐάτων
872 779 1308 850 ἐπιγέγραπται,
1363 779 1452 832 διὰ
1482 780 1544 832 τὸ
1573 781 1631 833 ὲν
1659 780 1737 852 τῷ

198 873 472 944 ,τετάρτῳ
515 871 679 943 μηνί·
729 869 852 923 ἀντὶ
907 868 1015 940 γὰρ
1061 869 1153 922 τοῦ
1189 870 1356 941 μηνὸς
1386 869 1482 940 τὴν
1524 871 1736 941 ἡμέραν

211 964 471 1024 τέθεικεν
506 966 564 1016 ὲν
667 965 733 1033 τῇ
763 960 859 1014 τοῦ
889 959 1024 1014 Θεοῦ
1059 961 1211 1014 πόλει
1256 961 1354 1033 τὴν
1387 961 1560 1034 ἀρχὴν
1585 962 1737 1031 γενέ-

214 1056 342 1109 σθαι
365 1054 484 1107 τῶν
516 1052 840 1124 συμφορῶν,
872 1053 931 1106 ὲν
979 1053 1154 1124 τούτῳ
1195 1054 1734 1124 ἐπιστρατευσάντων

212 1143 606 1206 Βαϐυλωνίων,
626 1143 702 1206 ὡς
735 1139 1000 1211 Ἱερεμίας
1029 1143 1252 1212 ἱστορεῖ.

206 1325 361 1391 Θεὸς
405 1323 781 1390 ἐκδικήσεων
836 1323 1070 1390 Κύριος,
1105 1324 1139 1375 ό
1179 1319 1324 1386 Θεὸς
1365 1317 1735 1383 ἐκδικήσεων

151 1414 674 1484 ἐπαρρησιάσατο.
721 1416 930 1486 Ὠσπερ
974 1412 1106 1476 Θεὸς
1135 1411 1434 1481 οἰκτίρμων
1469 1412 1605 1475 ἐστὶ,
1640 1411 1735 1464 καὶ

152 1508 274 1570 Θεὸς
301 1506 738 1578 παρακλήσεων,
769 1505 908 1558 οὕτω
931 1504 1024 1556 καὶ
1051 1500 1183 1565 Θεὸς
1213 1501 1565 1572 ὲκδικήσεων.
1624 1501 1735 1553 Καὶ

151 1599 328 1661 πάλιν,
391 1597 559 1650 τοῦτο
593 1597 650 1650 δὲ
678 1599 738 1650 ὲν
793 1595 1061 1668 προοιμίῳ
1105 1591 1450 1666 παραμυθίαν
1495 1591 1734 1663 μεγάλην

152 1693 248 1752 τοῖς
275 1692 351 1743 ὲκ
374 1687 490 1741 τῶν
525 1687 758 1758 θλίψεων
783 1687 1136 1760 ἀκηδιάσασιν
1164 1684 1624 1758 ἀπεργαζόμενος.
1662 1685 1733 1738 Τὸ

152 1785 234 1846 δὲ,
264 1780 775 1852 ἐπαρρησιάσατο
793 1821 809 1846 ,
848 1780 946 1851 τὴν
975 1778 1112 1850 μετὰ
1143 1777 1313 1830 ταῦτα
1335 1776 1427 1829 ἐπὶ
1463 1775 1558 1829 τοῦ
1588 1775 1730 1829 θείου

1911 610 2093 656 tatur:
2128 603 2210 657 his
2240 603 2482 671 quidem,
2522 600 2770 670 angustia
2797 599 2849 652 in
2887 610 3200 669 perpetuam
3228 602 3398 656 bono-

1909 709 2030 748 rum
2063 695 2499 764 possessionem;
2529 692 2636 746 illis
2659 702 2839 746 autem
2869 707 2966 761 pro
2991 693 3151 747 bonis
3174 709 3294 763 quae
3323 695 3400 762 vi:

1907 786 2175 840 debantur
2204 787 2424 850 habere,
2463 785 2787 855 supplicium
2844 785 2897 838 in
2928 785 3138 840 inﬁnita
3180 788 3394 842 saecula.

1910 875 2115 940 Quarta
2160 885 2338 930 autem
2388 873 2739 928 Sabbatorum
2788 875 3082 944 inscriptus
3119 884 3204 930 est
3252 877 3399 944 psal-

1905 982 2065 1030 mus,
2124 965 2252 1035 quia
2289 974 2485 1035 quarto
2520 980 2707 1018 mense
2754 965 2978 1034 contigit
3018 966 3137 1030 (die
3193 966 3398 1020 scilicet

1905 1072 2004 1127 pro
2033 1072 2219 1112 mense
2249 1056 2474 1125 posito),
2505 1063 2564 1108 ut
2592 1055 2795 1109 civitati
2821 1053 2914 1107 Dei
2941 1055 3152 1108 initium
3177 1057 3398 1111 calami-

1907 1155 2074 1198 tatum
2107 1145 2332 1208 veniret,
2364 1144 2741 1199 obsidentibus
2767 1145 3095 1215 Babyloniis,
3123 1155 3184 1200 ut
3212 1129 3398 1203 narrat

1903 1236 2185 1290 Jercmias.

1894 1329 1946 1382 1.
1972 1327 2110 1380 Deus
2135 1327 2393 1380 ultionum
2423 1325 2679 1380 Dominus
2705 1365 2720 1387 ,
2750 1325 2889 1379 Deus
2934 1327 3200 1379 ultionum
3237 1327 3396 1382 libere

1832 1421 1953 1490 egit.
2000 1418 2470 1485 Quemadmodum
2529 1430 2612 1473 est
2659 1418 2802 1472 Deus
2848 1419 3285 1485 miserationum,
3344 1433 3394 1476 ct

1834 1512 1976 1568 Deus
2017 1512 2477 1572 consolationum,
2511 1512 2582 1564 ita
2638 1519 2693 1565 et
2750 1509 2892 1564 Deus
2944 1511 3230 1566 ultionum.
3284 1512 3397 1568 Hoc

1833 1611 2014 1658 autem
2046 1603 2100 1657 in
2124 1601 2391 1673 prommio
2429 1601 2666 1669 positum
2696 1616 2945 1669 magnam
2977 1603 3043 1656 iis
3065 1603 3395 1657 consolatio-

1834 1711 1955 1751 nem
2001 1693 2158 1750 aﬁ‘ert
2197 1694 2290 1764 qui
2323 1693 2373 1746 vi
2424 1692 2791 1746 calamitatum
2836 1692 2888 1744 in
2935 1707 3189 1763 angorem
3225 1695 3397 1764 conji-

1831 1787 2071 1842 ciuntur.
2128 1784 2263 1839 Illud
2293 1793 2474 1839 autem
2512 1803 2525 1838 :
2566 1783 2748 1836 Libere
2797 1784 2922 1852 egit,
2965 1785 3287 1838 sententiam
3341 1786 3394 1838 in

150 1874 507 1946 δικαστηρίου
543 1873 842 1943 γενομένην
891 1871 1164 1939 ἀπόφασιν
1200 1866 1343 1922 κατὰ
1375 1867 1482 1922 τῶν
1522 1866 1717 1920 ἀσεϐῶι

1859 1877 2015 1931 livino
2049 1875 2309 1930 tribunali
2340 1884 2529 1930 contra
2561 1874 2760 1944 impios
2794 1884 2978 1944 postea
3018 1876 3292 1931 ferendam
3321 1877 3399 1932 si-

149 1968 315 2038 δηλοῖ,
421 1981 590 2037 φησιο
618 1951 1073 2033 Πορεύεσθε’ἀπ’
1119 1959 1286 2030 ἐμοῦ,
1316 1962 1369 2013 οἰ
1401 1958 1727 2029 κατηραμέ-

151 2077 259 2113 νοι.

221 2149 483 2216 Ἀπόδος
511 2145 925 2204 ἀνταπόδοσιν
981 2143 1106 2210 τοῖς
1149 2143 1573 2215 ὑπερηφάνοις.
1619 2142 1726 2196 Εὑ-

150 2243 241 2312 χὴν
270 2241 422 2312 ὑπὲρ
450 2239 564 2292 τῶν
590 2235 918 2306 θλιϐομένων
961 2232 1309 2304 ἀναπέμπει,
1354 2231 1519 2286 αἰτῶν
1549 2230 1730 2293 αὐτοῖς

148 2332 476 2403 ἐπικουρίαν
504 2329 606 2400 τὴν
643 2328 796 2399 παρὰ
817 2325 909 2378 τοῦ
943 2324 1099 2396 μόνου
1131 2323 1400 2395 ἰσχύοντος
1429 2321 1584 2376 Θεοῦ.

214 2425 378 2488 Ἒῗως
406 2421 557 2475 πότε
589 2417 924 2489 ἀμαρτωλοί
954 2414 1404 2485 καυχήσονται;
1451 2414 1561 2485 Τὴν
1600 2429 1729 2483 σφο-

147 2518 276 2586 δρὰν
337 2511 750 2585 ἀμνησικακίαν
793 2509 889 2564 καὶ
931 2506 1370 2580 ὑπερϐάλλουσαν
1407 2505 1495 2560 διὰ
1525 2504 1728 2576 τούτων

151 2605 560 2679 κατασημαίνει
587 2604 681 2658 τοῦ
704 2601 862 2657 Θεοῦ.

217 2699 338 2755 Τὸν
361 2698 524 2753 λαόν
545 2712 682 2761 σου,
727 2695 900 2764 Κύριε
920 2731 936 2758 ,
970 2691 1400 2747 ἐταπείνωσαν.
1440 2692 1534 2755 Εἰς
1569 2690 1727 2762 ζῆλον

148 2792 234 2844 τὸν
265 2789 415 2844 κατὰ
448 2788 560 2842 τῶν
579 2786 788 2858 ἐχθρῶν
821 2784 1074 2856 διεγείρει
1105 2783 1196 2837 τὸν
1218 2784 1370 2848 Θεὸν,
1409 2783 1536 2836 λαὸν
1563 2782 1727 2837 αὑτοῦ

151 2884 242 2935 καὶ
278 2878 649 2952 κληρονομίαν
679 2876 816 2931 εἰναι
854 2876 1023 2946 λέγων
1067 2874 1164 2947 τὴν
1204 2874 1546 2946 κακουμένην
1578 2875 1728 2947 παρὰ

155 2976 256 3029 τῶν
289 2971 529 3045 ἐχθρῶν.

215 3065 429 3134 Χήραν
460 3061 560 3117 καί
583 3060 848 3131 ὀρφανὸν
871 3059 1245 3115 ἀπέκτειναν.
1268 3059 1484 3113 Τούτων
1515 3058 1727 3131 είρηται

152 3159 185 3230 ἡ
217 3154 490 3229 ἑρμηνεία
519 3155 576 3207 ὲν
602 3153 680 3224 τῷ
713 3151 966 3223 ἁνωτέρῳ
1003 3150 1191 3222 στίχῳ,
1227 3150 1376 3220 ὅμως
1407 3145 1725 3218 λεχθήσεται
1760 3168 1763 3170 ·

1828 1965 2066 2037 gniﬁcat,
2085 1981 2190 2036 qua
2217 1965 2294 2018 ait
2326 1981 2338 2016 :
2375 1964 2631 2018 Discedite
2656 1981 2689 2017 a
2721 1957 2828 2029 me,
2853 1964 3121 2019 maledicti
3151 1967 3218 2020 ⁸⁷.

1898 2145 1954 2200 2.
1990 2144 2167 2200 Redde
2196 2144 2591 2199 retributionem
2613 2143 2870 2213 superbis.
2905 2143 3008 2198 Pro
3038 2145 3247 2199 alllictis
3273 2160 3396 2215 pre-

1828 2248 2006 2304 catur,
2039 2253 2239 2309 rogans
2263 2252 2344 2292 ets
2380 2236 2644 2291 auxilium
2687 2252 2716 2290 a
2757 2236 2868 2291 Deo
2913 2236 3004 2306 qui
3055 2236 3205 2290 solus
3251 2237 3399 2291 valet

1828 2345 1984 2400 opem
2014 2330 2175 2385 ferre.

1901 2425 1954 2479 5.
1988 2425 2254 2494 Usquequo
2297 2432 2592 2493 peccatores
2645 2423 3051 2493 gloriabuntur?
3108 2419 3267 2476 Hisce
3310 2423 3392 2476 in-

1829 2525 2042 2588 gentem
2077 2514 2173 2569 Dei
2221 2515 2563 2569 clementiam
2610 2526 2664 2568 et
2705 2513 3028 2583 injuriarum
3061 2512 3391 2566 oblivionem

1827 2605 2116 2676 signiﬁcat.

1900 2695 1953 2749 5.
2000 2695 2264 2765 Populum
2327 2704 2495 2760 tuum,
2554 2694 2794 2759 Domine,
2835 2695 3260 2749 Itumiliaoerunl.
3313 2693 3389 2748 Ad

1829 2789 1966 2844 iram
2002 2788 2263 2843 adversus
2321 2787 2572 2842 inimicos
2630 2787 2798 2841 Deum
2851 2787 3110 2852 concitat,
3141 2785 3271 2840 dum
3317 2789 3397 2840 ait

1827 2880 2086 2952 p0pulum
2115 2888 2170 2934 et
2200 2879 2568 2934 haereditatem
2593 2880 2714 2948 ejus
2740 2893 2861 2933 esse
2890 2893 3014 2947 quae
3045 2878 3300 2946 afﬂigitur
3323 2875 3392 2930 ab

1828 2971 2084 3026 inimicis.

1899 3065 1953 3122 6.
1999 3062 2219 3118 Viduam
2242 3072 2292 3118 et
2335 3064 2588 3117 advenam
2634 3061 3028 3130 interfecerunt.
3064 3058 3267 3114 Horum
3310 3059 3394 3112 in-

1830 3157 2145 3228 terpretatio
2185 3157 2349 3212 allata
2383 3163 2467 3211 est
2507 3157 2563 3210 in
2608 3155 2876 3225 superiori
2926 3169 3112 3219 versu,
3153 3165 3394 3207 attamen

152 3253 246 3304 καὶ
269 3245 451 3311 αὖθις.
481 3247 672 3317 Χήραν
703 3244 881 3315 ψυχὴν
924 3244 1021 3298 καὶ
1055 3241 1391 3314 προσήλυτον
1435 3237 1558 3292 νοῦν
1594 3237 1717 3291 ἀπο-

1863 3251 1992 3305 tiam
2027 3266 2173 3306 nunc
2217 3249 2454 3304 dabitur.
2482 3246 2712 3303 Viduam
2752 3247 2988 3302 animam
3037 3254 3093 3300 et
3127 3245 3394 3300 advenam

155 3342 348 3394 κτείνει
369 3341 401 3393 δ
421 3337 608 3400 κακῶς
639 3334 737 3398 τὰς
769 3334 916 3394 θείας
943 3331 1164 3406 Γραφὰς
1196 3329 1576 3403 ἐξηγούμενος,
1606 3327 1728 3398 Ὀρ-

156 3433 316 3503 qia-ab:
333 3431 396 3486 δέ
419 3431 538 3483 ἐστι
567 3427 692 3492 νοῦς
717 3425 1080 3498 ἐστερημένος
1104 3422 1356 3495 οὐρανίου
1385 3418 1620 3492 Πατρός.

220 3630 438 3700 Κίφιος
459 3625 732 3698 γινώσκει
754 3622 894 3690 τοὺς
913 3619 1341 3692 διαλογισμοὺς
1363 3617 1483 3672 τῶν
1508 3615 1732 3686 ἀνθρώ·

156 3737 296 3784 πων,
330 3720 425 3773 ὅτι
464 3717 586 3772 εἰσὶ
622 3715 881 3787 μάταιοι.
917 3712 1042 3777 Πῶς
1077 3711 1187 3782 γὰρ
1231 3709 1330 3764 οῦκ
1363 3709 1471 3762 εἰσι
1508 3706 1731 3778 ματαιό-

156 3832 306 3887 meo;
339 3813 576 3884 πλήρεις
597 3811 652 3864 αἱ
679 3806 961 3879 αἰσθήσεις
982 3807 1221 3870 ἐκεῖναι,
1254 3804 1308 3857 αἰ
1341 3802 1440 3873 τῆς
1476 3800 1731 3872 προνοίας

156 3909 212 3962 τὺ
235 3907 522 3978 ὠφέλιμον
547 3900 810 3974 ἐξορίζειν
835 3895 1212 3969 ὲπιχειροῦσαι
1237 3895 1331 3948 τοῦ
1359 3894 1553 3965 λόγου;

220 3997 528 4066 Μακάριος
553 3992 861 4061 ἄνθρωπος
897 3990 970 4043 ὃν
1009 3988 1086 4043 ἂν
1131 3987 1486 4055 παιδεύσῃς,
1532 3986 1727 4055 Κύριε.

170 4093 389 4145 Ἐκεῖνοι
412 4088 516 4160 μὲν
538 4085 708 4141 ἄθλιοι
726 4084 819 4136 καὶ
839 4082 1100 4146 ταπεινοὶ,
1122 4081 1305 4152 φησὶν,
1326 4081 1374 4134 οί
1399 4079 1498 4152 τὴν
1529 4079 1628 4151 σὴν
1656 4077 1728 4150 μὴ

159 4184 429 4254 δεχόμενοι
455 4177 726 4232 παιδείαν.
751 4175 1024 4245 Μακάριοι
1051 4173 1107 4227 δὲ
1132 4174 1183 4227 οἱ
1206 4172 1359 4243 παρὰ
1389 4171 1484 4226 σοῦ
1513 4171 1729 4224 παιδευο

160 4276 352 4340 θέντες,
389 4272 491 4328 καὶ
526 4274 593 4326 ὲκ
616 4269 711 4323 τοῦ
750 4268 843 4322 σοῦ
868 4266 1203 4337 διδαχθέντες
1225 4266 1408 4336 νόμου.
1440 4257 1599 4318 Οὗτοι
1622 4261 1730 4334 γὰρ

159 4367 213 4438 δὴ
235 4369 331 4421 καὶ
371 4367 432 4419 ὲν
461 4365 588 4427 ταῖς
615 4360 827 4431 θλίψεσι
875 4356 1240 4430 πραῦνθέντες
1278 4356 1728 4427 κουφισθήσονται

161 4460 253 4512 τῶν
280 4455 549 4528 ἀνιαρῶν,
581 4452 800 4516 εἰδότες,
835 4450 916 4504 ὅτι
951 4450 1006 4502 αἰ
1037 4447 1245 4518 θλίψεις
1285 4448 1374 4527 ,είς
1407 4445 1610 4514 ἀγαθὸν
1637 4462 1729 4498 τε-

159 4525 788 4618 λευτῶσαι-ἐκϐήσονται.
840 4541 1082 4612 Ἡμέρας
1115 4525 1356 4610 πονηρὰς
1395 4537 1495 4602 τὰς
1517 4537 1728 4609 ἡμέρας
1758 4593 1804 4651 D

159 4643 245 4715 τῆς
265 4641 506 4713 κρίσεως
536 4637 707 4705 λέγει.
1062 4705 1070 4712 ἱ

218 4734 375 4796 ,Εως
409 4725 485 4785 οὗ
537 4724 736 4796 ὠρυγῇ
773 4723 854 4790 τῷ
886 4719 1209 4792 ἁμαρτωλῷ
1257 4719 1496 4786 βόθρος·
1544 4717 1722 4790 Μέχρι

160 4823 426 4884 τοσούτου,
462 4821 648 4890 φησιν,
672 4819 720 4870 ot
750 4814 1126 4876 παιδευθέντες
1161 4809 1493 4883 θαρροῦντες
1529 4809 1726 4880 ὑπομε-

161 4915 300 4969 νοῦσι
329 4914 430 4976 τὰς
462 4911 688 4980 θλίψεις,
717 4910 927 4979 μέχρις
973 4901 1046 4960 οὗ
1080 4903 1159 4969 τῷ
1186 4901 1510 4972 ἀμαρτωλῷ
1526 4900 1724 4971 ὠρυγῇ

157 5005 388 5075 βόθρος,
413 5003 716 5066 τουτέστιν,
767 5003 848 5063 είς
887 4999 948 5052 τὸ
968 4995 1365 5068 ἡτοιμασμένον
1395 4992 1539 5063 αύτῷ
1569 4993 1728 5050 κολασ-

165 5101 370 5169 στήριον
401 5099 431 5152 ὁ
449 5093 771 5166 ἁμαρτωλὸς
799 5091 1008 5163 βαδίσῃ.
1047 5087 1394 5159 Ἀμαρτωλὸν
1414 5086 1470 5141 δὲ
1494 5087 1582 5138 τὸν
1626 5086 1729 5137 Σα·

163 5190 317 5240 τανᾶν
348 5203 540 5258 φησιν,
565 5186 684 5257 ἢτοι
707 5185 887 5238 πᾶσαν
917 5179 1293 5252 ἀντικειμένην
1317 5179 1564 5250 δύναμιν.

226 5280 350 5336 Ὀτι
399 5283 512 5334 οὐκ
565 5275 865 5332 ἀπώσεται
897 5277 1110 5343 Κύριος
1158 5272 1265 5327 τὸν
1316 5272 1470 5326 ,λαὸν
1513 5270 1699 5324 αὐτοῦ

165 5370 320 5425 Τοῦτο
343 5372 552 5426 ἐκείνου
579 5371 646 5424 ἂν
669 5369 753 5440 εἴη
784 5368 1034 5430 ἀπόδοσις
1068 5363 1160 5418 τοῦ
1201 5364 1492 5436 εἰρημένου
1528 5363 1585 5418 ὲν
1612 5363 1719 5424 τοῖς

166 5458 408 5530 ἀνωτέρω
427 5476 442 5491 ο
477 5459 590 5514 Τὸν
616 5459 771 5514 λαόν
793 5471 930 5520 σου,
959 5456 1153 5522 Κύριε,
1189 5453 1598 5507 ἐταπείνωσαν
1624 5452 1722 5505 καὶ

168 5547 271 5614 τὴν
304 5551 710 5621 κληρονομίαν
749 5565 865 5604 σου
901 5547 1234 5602 ἐκάκωσαν.
1283 5543 1393 5598 Καὶ
1430 5543 1544 5610 τὴν
1577 5546 1723 5610 κλη-

168 5642 438 5708 ρονομίαν
459 5642 646 5697 αὑτοῦ
683 5643 795 5696 οὐκ
829 5636 1265 5709 ἐγκαταλείψει.
1299 5632 1470 5688 Τοῦτο
1494 5634 1585 5687 τοῦ
1616 5633 1725 5688 ἄνω

234 5814 272 5845 ⁸⁷
315 5813 500 5869 Matth.
543 5827 669 5875 xxv,
700 5809 786 5863 Iit.
869 5808 912 5840 ⁸⁸
939 5821 1078 5862 vers.
1111 5804 1163 5858 5.

1828 3351 2062 3399 mentem
2087 3341 2361 3404 interﬁcit,
2395 3340 2486 3411 qui
2522 3355 2685 3410 prave
2706 3340 2920 3394 divinas
2965 3338 3275 3408 Scripturas
3305 3338 3394 3392 in-

1827 3443 2180 3506 terpretatur.
2214 3433 2464 3504 Pupillus
2495 3441 2676 3488 autem
2715 3441 2798 3487 est
2823 3431 3041 3486 animus
3063 3431 3268 3485 caelesti
3301 3428 3396 3482 Pa-

1827 3536 1910 3582 tre
1936 3527 2198 3596 privatus.

1901 3617 1986 3671 il.
2017 3616 2273 3670 Dominus
2295 3617 2395 3670 scit
2431 3615 2769 3684 cogitationes
2799 3614 3100 3675 hominum,
3143 3613 3394 3682 quoniam

1828 3726 1974 3765 υαηω
1999 3718 2142 3763 sunt.
2169 3707 2455 3774 Quomodo
2481 3716 2658 3761 autem
2684 3721 2792 3760 non
2817 3713 2944 3759 sunt
2969 3705 3205 3758 vanitate
3224 3703 3396 3773 plenzn

1829 3803 2188 3875 cogitationes
2223 3800 2349 3862 illae,
2375 3813 2496 3869 quae
2535 3797 2886 3868 providentia:
2917 3796 3204 3851 utilitatem
3235 3809 3394 3866 repu-

1828 3896 1978 3952 diare
1999 3893 2217 3950 student
2243 3906 2272 3946 a
2297 3891 2584 3946 sermone?

1897 3989 1986 4043 12.
2033 3987 2230 4041 Beatus
2274 3986 2427 4039 hante
2469 4001 2617 4055 quem
2640 3993 2694 4036 tu
2722 3980 2998 4047 erudieris,
3031 3979 3268 4034 Domine.
3291 3976 3392 4032 illi.

1829 4081 2030 4152 inquit,
2067 4078 2253 4133 miseri
2305 4085 2360 4132 et
2389 4076 2610 4146 abjecti,
2665 4075 2758 4145 qui
2799 4082 2946 4128 tuam
2998 4072 3395 4127 institutionem

1830 4189 1937 4228 non
1967 4171 2284 4226 admittunt.
2309 4166 2456 4223 Beati
2485 4177 2662 4221 autem
2687 4173 2815 4220 sunt
2849 4164 2940 4233 qui
2989 4179 3017 4215 a
3060 4171 3109 4215 te
3134 4161 3395 4215 erudiun-

1831 4275 1940 4330 tur,
1967 4273 2022 4319 et
2046 4279 2111 4318 ex
2139 4273 2228 4318 tua
2255 4262 2370 4331 lege
2399 4261 2715 4316 edocentur.
2754 4257 2833 4311 Illi
2857 4258 3006 4311 enim
3051 4255 3105 4308 in
3135 4253 3396 4308 aerumnis

1830 4355 2228 4411 mansuetiores
2271 4352 2444 4408 eﬁecti
2472 4393 2486 4416 ,
2525 4350 2849 4404 levabuntur
2898 4345 3188 4411 molestiis,
3239 4344 3393 4414 gnari

1831 4447 2209 4504 tribulation‘es
2241 4445 2362 4498 illas
2390 4443 2605 4496 tandem
2637 4442 2691 4493 in
2722 4439 2926 4493 bonum
2964 4451 3237 4491 cessuras.
3271 4435 3394 4490 Dies

1833 4539 2007 4594 malos
2028 4538 2161 4592 dicit
2188 4536 2305 4590 dies
2330 4531 2542 4604 judicii.

1903 4715 1986 4771 i5.
2015 4712 2186 4765 Donec
2204 4709 2441 4777 fodiatur
2459 4704 2720 4774 peccatori
2751 4701 2918 4771 fovea.
2962 4699 3273 4770 Hucusque,
3314 4701 3394 4753 in-

1828 4807 1966 4878 quit,
1996 4804 2088 4875 qui
2107 4801 2433 4857 erudiuntur
2453 4813 2577 4853 cum
2611 4795 2807 4850 ﬁducia
2840 4809 3114 4848 aerumnas
3139 4793 3391 4856 tolerant,

1829 4900 1991 4952 donec
2030 4895 2272 4966 fodiatur
2294 4891 2557 4962 peccatori
2587 4888 2815 4959 fovea,id
2848 4897 2951 4949 est,
2991 4886 3164 4939 donec
3195 4883 3260 4937 ad
3300 4883 3394 4936 de-

1832 4997 2076 5062 putatum
2109 4984 2212 5053 ipsi
2261 4982 2586 5051 supplicium
2626 4989 2877 5049 peccator
2917 4978 3158 5032 accedat.
3192 4974 3389 5028 Pecca-

1835 5094 2004 5137 torem
2031 5086 2211 5133 autem
2237 5076 2369 5130 dicit
2413 5075 2693 5136 Satanam,
2722 5072 2836 5124 sive
2887 5083 3103 5121 onmem
3139 5065 3394 5118 adversa-

1832 5175 2334 5241 riam'potestatem.

1895 5263 1982 5320 M.
2013 5261 2150 5327 Quia
2186 5275 2287 5312 non
2320 5254 2525 5324 repellet
2555 5251 2811 5306 Dominus
2854 5247 3050 5316 plebem
3081 5261 3253 5298 suam.
3281 5243 3395 5302 lloc

1827 5361 2027 5412 donum
2045 5355 2148 5410 erit
2168 5352 2288 5422 ejus
2307 5352 2373 5405 de
2387 5349 2573 5418 quoin
2597 5341 2972 5414 superioribus
2993 5340 3037 5369 “
3053 5339 3257 5393 dictum
3276 5347 3359 5392 est
3377 5355 3394 5400 ε,

1827 5447 2090 5517 Populum
2119 5454 2286 5508 tuum,
2317 5440 2561 5500 Domine,
2588 5434 2995 5487 humiliaverunt
3019 5441 3068 5485 et
3102 5429 3391 5485 Iiwredita-

1829 5548 1930 5593 tem
1987 5546 2132 5604 tuam
2190 5538 2522 5588 vexaverant.
2568 5527 2637 5581 Et
2684 5525 3044 5580 Itwreditatem
3089 5539 3240 5577 suam
3287 5537 3393 5574 non

1830 5629 2168 5699 derelinquet.
2211 5626 2325 5682 Hoc
2351 5639 2416 5681 ex
2447 5621 2726 5693 superiore
2759 5635 2916 5675 versu
2945 5619 3141 5674 pendet
3178 5631 3191 5670 :
3252 5613 3394 5682 Quia
