3778 6276
349 383 448 438 411

349 591 632 648 Custodiet
664 594 920 662 populum
951 608 1111 647 suum
1157 597 1306 650 omni
1359 597 1723 653 tribulationis
1777 609 1913 654 tem—

350 699 499 752 pore.
525 683 591 738 Et
618 699 685 738 eo
711 701 884 754 usque
916 686 1240 755 gubernabit
1261 696 1315 741 et
1351 689 1600 754 deducet,
1629 690 1804 746 donec
1832 690 1916 745 di-

349 775 536 832 vinum
567 777 931 830 constituatur
955 778 1218 835 tribunal.
1251 779 1481 847 Quando
1508 790 1687 837 autem
1721 783 1778 836 in
1811 782 1918 837 hoc

349 866 561 934 justitia
606 868 721 922 sive
751 867 1007 924 Christus
1044 871 1272 936 sedebit,
1332 887 1521 929 omnes
1569 877 1698 928 recti
1753 874 1918 930 corde

353 974 519 1026 prope
571 959 749 1028 ipsum
805 961 1086 1029 accedent,
1115 963 1270 1032 juxta
1295 964 1424 1018 illud
1457 983 1470 1019 :
1504 965 1766 1030 Quoniam
1812 965 1917 1034 ipsi

353 1049 522 1104 Deum
547 1051 791 1105 uidebunt
818 1054 897 1107 "z
931 1053 1004 1107 ita
1020 1053 1167 1109 enim
1196 1071 1309 1110 rem
1338 1056 1618 1112 declarant
1646 1072 1768 1127 quae
1789 1057 1920 1113 sub-

354 1152 677 1212 sequuntur.

425 1326 511 1380 15.
536 1326 888 1397 Quoadusque
927 1329 1150 1398 justitia
1177 1339 1512 1384 convertatur
1553 1332 1607 1385 in
1631 1332 1918 1401 judicium.

355 1417 537 1472 Donec
569 1417 824 1473 Christus
852 1419 1063 1488 judicet
1096 1423 1381 1475 mundum.
1417 1420 1533 1488 Ipse
1558 1437 1794 1492 namque
1838 1423 1924 1491 [a-

355 1517 470 1561 ctus
501 1520 576 1563 est
611 1510 759 1563 nobis
789 1512 1047 1580 sapientia
1071 1529 1102 1566 α
1133 1513 1260 1578 Deo,
1281 1515 1516 1583 justitia,
1542 1515 1922 1584 sanctiﬁcatio,

359 1604 640 1672 redemptio
659 1605 704 1636 ⁷⁸
735 1624 748 1659 :
784 1615 832 1658 et
862 1606 1125 1676 judicium
1155 1625 1305 1662 omne
1335 1609 1477 1663 dedit
1503 1610 1587 1663 illi
1618 1609 1780 1664 Pater
1808 1611 1874 1663 ⁷¹.

429 1782 514 1837 16.
554 1783 684 1850 Quis
734 1796 1009 1857 consurget
1061 1787 1188 1842 mihi
1242 1788 1490 1844 adversus
1524 1789 1880 1871 malignantes
1898 1794 1929 1847 Ρ

1180 383 1238 441 S.
1277 381 1650 442 ATIIANASII
1687 387 1838 444 OPP.
1877 389 2059 445 PARS
2095 387 2186 445 111.
2226 423 2292 431 -
2329 390 2738 450 EXEGETICA.

351 515 454 552 non
488 497 694 568 repellet
721 498 976 555 Dominus
1004 500 1202 570 plebem
1237 519 1410 558 suam.
1441 503 1608 570 Quasi
1657 506 1861 562 diceret
1891 525 1905 563 :
1938 514 1962 570 Α

2088 510 2192 580 ίχου
2233 510 2484 581 ἢρτηται,
2516 509 2632 575 τοῦ,
2675 511 2802 563 Ὅτι
2857 512 2966 564 οὐκ
3013 511 3312 567 ἀπώσεται
3367 519 3588 586 Κίιοιος

3472 400 3586 455 412

2014 599 2122 652 τὸν
2153 601 2307 654 λαὸν
2345 600 2551 656 αὐτοῦ.
2608 601 2749 654 Ὡσεὶ
2776 600 2956 669 λέγοι·
2983 603 3209 669 Φυλάξει
3232 644 3247 668 ,
3295 607 3446 676 φησι,
3486 607 3589 661 τὸν

2014 687 2138 741 λαὸν
2177 687 2340 743 αὐτοῦ
2373 691 2552 744 πάντα
2579 689 2679 760 τῆς
2719 689 2947 758 θλίψεως
2977 690 3068 744 τὸν
3100 694 3310 764 καιρόν.
3341 696 3450 748 Καὶ
3487 697 3591 767 μέ-

2015 795 2104 848 χρι
2124 777 2376 831 τοσούτου
2403 777 2812 850 διακυϐερνήσει
2847 781 2940 834 καὶ
2970 781 3350 855 καθοδηγήσει,
3377 784 3480 849 ἕως
3523 787 3592 838 τὸ

2017 869 2158 922 θεῖον
2191 869 2390 942 καθίσῃ
2427 870 2792 943 δικαστήριον.
2855 874 3104 928 Ἐπειδὰν
3145 875 3202 928 δὲ
3241 878 3320 940 είς
3358 879 3516 932 τοῦτο
3551 881 3588 950 ὴ

2016 965 2326 1037 δικαιοσύνη
2359 967 2574 1039 καθίσῃ,
2607 969 2848 1023 τουτέστι
2891 971 3122 1042 Χριστὸς
3147 1013 3162 1036 ,
3208 973 3406 1038 πάντες
3449 974 3596 1045 πλη-

2021 1058 2133 1111 σίον
2165 1059 2332 1128 αὐτῆς
2357 1060 2675 1129 γενήσονται
2695 1061 2744 1114 οἱ
2779 1060 2954 1125 εὐθείς
2985 1065 3050 1133 τῇ
3076 1063 3302 1135 καρδίᾳ,
3337 1065 3476 1118 κατὰ
3500 1065 3592 1128 τὸ,

2021 1148 2148 1200 Ὅτι
2178 1144 2341 1203 οὗτοι
2371 1146 2479 1201 τὸν
2518 1149 2666 1204 Θεὸν
2692 1150 2964 1218 ὄψονται.
2995 1151 3150 1205 Οὕτω
3181 1151 3288 1224 γὰρ
3325 1152 3476 1226 δηλοῖ
3520 1153 3595 1206 τά

2020 1240 2278 1309 ἑπόμενα.

2093 1333 2246 1398 Ἕως
2275 1329 2348 1390 οὗ
2375 1331 2722 1401 δικαιοσύνη
2738 1333 3068 1405 ἐπιστρέψῃ
3090 1336 3176 1401 είς
3201 1335 3422 1403 κρίσιν.
3443 1334 3600 1398 Ἕως

2021 1418 2082 1476 οὒ
2107 1425 2134 1476 ὁ
2161 1425 2393 1495 Χριστὸς
2414 1427 2590 1498 κρινεῖ
2615 1425 2711 1497 τὴν
2736 1425 3078 1497 οἰκουμένην.
3108 1425 3281 1491 Αὐτὸς
3309 1426 3417 1497 γὰρ
3443 1425 3604 1496 ἡμῖν·

2020 1513 2270 1583 ἐγενήθη
2292 1516 2478 1585 σοφία
2495 1515 2612 1570 ἀπὸ
2634 1516 2802 1580 Θεοῦ,
2827 1515 3173 1587 δικαιοσύνη
3213 1537 3276 1572 τε
3305 1520 3401 1572 καὶ
3420 1520 3603 1590 ἁγια-

2023 1605 2177 1675 σμὸς
2224 1607 2324 1660 καὶ
2348 1608 2762 1677 ἀπολύτρωσις
2784 1627 2798 1641 ο
2829 1609 2926 1663 καί
2973 1608 3088 1678 τὴν
3134 1612 3338 1679 κρίσιν
3376 1611 3444 1664 δὲ
3471 1611 3600 1668 πᾶ-

2024 1711 2146 1752 σαν
2179 1697 2337 1764 αὐτῷ
2362 1698 2619 1753 δέδωκεν
2647 1703 2680 1754 ὁ
2703 1698 2923 1767 Πατήρ.

2099 1791 2194 1856 Τίς
2216 1790 2624 1858 ἀναστήσεταί
2640 1808 2741 1861 μοι
2769 1791 2866 1845 ἐπὶ
2887 1793 3416 1864 πονηρευομέιόιςς
3441 1795 3606 1865 Αὕτη

359 1875 482 1930 Ιιωο
542 1886 626 1931 est
679 1877 1000 1933 alllictornm
1045 1895 1168 1934 vox.
1208 1881 1300 1936 Ait
1350 1891 1573 1936 autem:
1613 1861 1962 1948 Quis’n‘iihil

2088 1899 2128 1934 ιν
2158 1880 2486 1951 θλιϐομένων
2513 1883 2545 1951 ή
2581 1881 2752 1952 φωνή.
2789 1879 2950 1948 Λέγει
2978 1880 3035 1932 δέ
3061 1899 3073 1911 ·
3104 1861 3199 1945 Τίς
3235 1900 3323 1952 μοι
3364 1861 3605 1952 γένηταί

358 1968 644 2023 auxiliator
666 1969 828 2023 fuerit
854 1973 1118 2026 adversus
1138 1987 1233 2028 eos
1254 1972 1348 2042 qui
1377 1973 1514 2030 male
1537 1973 1591 2027 in
1612 1989 1697 2028 me
1718 1975 1928 2046 agunt?

363 2059 621 2129 Deinceps
650 2061 740 2114 ubi
776 2061 1067 2132 derepente
1093 2064 1266 2119 sensit
1298 2063 1423 2133 quis
1480 2065 1774 2119 auxiliator
1830 2067 1924 2130 sit,

357 2150 452 2214 ait,
472 2151 586 2220 jam
611 2153 738 2206 olim
763 2154 1001 2208 animam
1033 2155 1152 2224 ejus
1183 2155 1237 2209 in
1265 2156 1538 2210 infernum
1565 2156 1923 2227 dejiciendam

359 2240 550 2304 fuisse,
575 2245 681 2298 nisi
713 2243 807 2297 Dei
843 2244 1178 2315 adjutorium
1214 2256 1404 2304 nactus
1433 2258 1594 2304 esset.

429 2333 518 2387 18.
552 2331 612 2388 Si
657 2334 892 2388 dicebam
933 2355 946 2389 :
1000 2334 1179 2390 Motus
1221 2347 1298 2391 est
1333 2355 1419 2408 pes
1452 2355 1615 2392 meus.
1661 2337 1798 2392 Dum
1843 2337 1927 2392 af-

360 2422 556 2487 llictus,
621 2423 819 2493 inquit,
873 2425 1246 2493 conspicerem
1307 2440 1394 2479 me
1456 2424 1926 2492 labi,dicebam:

359 2515 590 2581 Quando
648 2531 745 2585 pes
777 2530 934 2572 meus
986 2526 1171 2572 motus
1223 2518 1342 2572 est?
1385 2516 1438 2571 id
1473 2523 1574 2581 est,
1609 2515 1853 2570 excidam
1898 2530 1930 2569 a

341 2603 505 2664 ‘statu
533 2609 626 2664 illo
663 2610 755 2678 qui
792 2608 1090 2669 secundum
1120 2610 1288 2664 Deum
1315 2618 1399 2664 est
1422 2628 1436 2676 ;
1462 2610 1644 2665 statim
1691 2607 1931 2679 patroci-

363 2697 512 2750 nium
547 2705 602 2752 et
626 2697 1057 2753 misericordiam
1095 2707 1245 2753 tuam
1279 2699 1578 2755 sentiebam
1613 2697 1746 2752 mihi
1777 2698 1932 2752 auxi-

359 2788 604 2844 liantem.

437 2881 522 2934 19.
582 2881 980 2937 Consolationes
1047 2891 1154 2937 tua:
1216 2882 1621 2952 latiﬁcaverunt
1696 2883 1932 2936 animam

361 2989 553 3026 meam.
596 2971 715 3029 Non
765 2990 851 3029 me
883 2975 1175 3045 reliquisti,
1226 2976 1322 3039 ait,
1353 2974 1470 3029 sine
1513 2973 1929 3030 consolatione:

365 3065 456 3120 sed
480 3075 610 3135 quot
633 3066 798 3120 habui
831 3065 1232 3130 tribulationes,
1264 3065 1488 3120 totidem
1532 3065 1933 3120 consolationes

363 3173 394 3209 a
420 3165 470 3209 te
502 3156 709 3225 accepi.
743 3155 876 3221 Quae
906 3154 1042 3209 mihi
1071 3154 1287 3211 dolores
1311 3155 1365 3209 in
1395 3154 1656 3226 gaudium
1687 3169 1935 3212 commu-

366 3256 573 3301 larunt.

433 3339 524 3393 20.
569 3337 824 3409 Nunquid
879 3338 1114 3395 adliceret
1175 3340 1272 3393 tibi
1308 3339 1455 3394 sedes
1505 3339 1806 3410 iniquitatis
1845 3340 1936 3411 qui

365 3435 522 3506 ﬁngis
551 3435 784 3488 laborem
816 3433 870 3486 in
895 3440 1150 3502 prwceplo
1169 3434 1194 3488 ?
1215 3429 1359 3498 Ideo,
1392 3432 1591 3502 inquit,
1621 3431 1937 3486 consolatus

365 3546 426 3585 es
449 3544 544 3584 cor
568 3542 750 3581 meum
781 3525 835 3580 in
867 3525 1336 3584 tribulationibus.
1361 3523 1528 3595 Igitur
1565 3540 1674 3578 non
1697 3525 1939 3579 adhaere-

366 3622 448 3675 bit
471 3621 567 3675 tibi
599 3620 831 3674 thronus
857 3617 1182 3687 iniquitatis,
1213 3616 1263 3670 id
1291 3627 1396 3680 est,
1428 3615 1555 3686 quia
1585 3625 1772 3686 utpote
1794 3614 1938 3671 Deus

361 3717 546 3784 justus
584 3713 749 3784 judex
780 3727 840 3766 es
869 3721 923 3766 et
964 3711 1110 3764 nulla
1157 3710 1209 3763 in
1243 3709 1464 3779 judiciis
1519 3708 1628 3763 tuis
1681 3708 1940 3778 iniquitas

367 3809 506 3870 crit,
562 3821 687 3860 nam
728 3805 961 3859 thronus
1001 3802 1266 3872 judicium
1299 3800 1573 3870 signiﬁcat
1608 3800 1739 3870 (40).
1771 3799 1940 3853 Secus

369 3909 550 3956 autem
578 3899 667 3953 ille
697 3913 756 3952 se
780 3897 943 3951 habet
977 3896 1070 3966 qui
1105 3895 1261 3965 ﬁngit
1291 3893 1531 3949 laborem
1564 3893 1617 3947 in
1648 3900 1939 3963 praecepto,

371 3993 620 4046 videlicet
641 3987 985 4044 adversarius
1009 3988 1245 4052 daemon,
1277 3986 1372 4057 qui
1401 3994 1671 4057 praecepta
1696 3983 1790 4039 Dei
1822 3999 1944 4054 quae

372 4085 660 4140 leviasunt
685 4082 866 4152 gravia
895 4080 1082 4144 ellicit,
1116 4079 1442 4149 laboresque
1466 4077 1782 4132 hominibus
1809 4092 1944 4145 prae-

372 4179 462 4232 bet
488 4177 541 4230 in
586 4176 654 4232 iis
688 4173 916 4245 agendis
942 4214 955 4238 ,
996 4173 1252 4226 thronum
1313 4170 1618 4240 iniquitatis
1665 4169 1941 4224 diabolum

373 4271 620 4338 vocavit;
665 4269 794 4338 quia
828 4268 1058 4321 thronus
1078 4264 1304 4336 iustitiae
1345 4263 1598 4318 Christus
1633 4271 1717 4317 est
1744 4262 1833 4332 qui
1863 4270 1946 4317 est

372 4364 590 4421 diabolo
623 4360 926 4432 oppositus.
1715 4349 1722 4366 ‘

443 4543 535 4598 2|.
579 4541 645 4594 Et
677 4541 981 4610 sanguinem
1016 4537 1340 4590 innocentem
1371 4532 1809 4588 condemnabunt.
1841 4531 1940 4599 Illi,

378 4633 586 4704 inquit,
640 4629 861 4699 maligni
904 4635 959 4681 ct
1004 4625 1299 4681 adversarii
1329 4626 1624 4687 daemones,
1660 4623 1806 4677 omni
1860 4639 1944 4676 ra-

378 4727 525 4781 :ionc
570 4723 918 4777 conabuntur
957 4718 1090 4788 justi
1133 4717 1370 4771 animam
1412 4714 1568 4784 quasi
1613 4723 1808 4766 venatu
1855 4727 1945 4766 ca-
1977 4718 1984 4723 "

288 4811 300 4828 ’
377 4834 522 4890 pere.
551 4816 655 4871 Sed
684 4829 746 4868 e1
781 4814 847 4868 de
875 4827 1065 4874 causa,
1095 4809 1289 4880 inquit,
1322 4807 1850 4863 condemnabuntur.
1887 4803 1944 4858 ld

378 4912 522 4966 enim
553 4906 846 4978 signiﬁcat:
870 4903 935 4957 Et
954 4903 1262 4972 sanguinem
1287 4902 1611 4954 innocentem
1628 4896 1944 4951 condemna-

380 5004 526 5057 bunt.
587 5001 677 5054 Ait
735 4999 878 5055 enim
927 5012 1025 5067 pro
1069 4996 1360 5050 innocente
1406 4993 1669 5062 sanguine
1708 4992 1778 5046 ab
1817 4990 1950 5061 ipsis

380 5096 572 5159 eﬂ‘uso,
602 5095 654 5146 in
682 5091 949 5162 judicium
976 5097 1032 5143 et
1063 5085 1390 5156 supplicium
1418 5082 1709 5136 tradendos
1740 5081 1876 5136 fore.

453 5187 544 5241 22.
607 5184 675 5239 Et
727 5185 900 5254 [actus
945 5190 1024 5235 est
1077 5179 1204 5233 mihi
1259 5176 1511 5229 Dominus
1557 5176 1610 5227 in
1665 5173 1948 5244 refugium.

384 5278 496 5348 Ego
531 5289 708 5332 autem
753 5277 966 5332 Domini
1021 5271 1373 5344 providentia
1416 5267 1655 5322 fructum
1701 5267 1950 5337 percepi,

385 5380 439 5426 et
471 5372 584 5442 ipse
616 5371 746 5425 mihi
778 5380 862 5426 est
889 5371 942 5424 in
969 5368 1169 5423 vallum
1204 5363 1492 5419 munitum.

465 5638 508 5666 “'
543 5635 734 5692 Matth.
770 5651 823 5698 γ,
859 5634 914 5688 8.
993 5634 1036 5662 ⁷⁰
1067 5630 1085 5684 1
1117 5632 1242 5684 Cor.
1279 5645 1326 5696 I,
1365 5629 1452 5684 50.
1526 5628 1566 5657 ⁷¹
1590 5627 1748 5682 Joan.
1779 5641 1831 5690 ν,
1859 5625 1947 5678 22.

471 5815 580 5882 (κω)
613 5815 704 5870 Sic
725 5814 1040 5882 augurando
1080 5812 1261 5867 locum
1291 5811 1544 5867 vitiosum
1576 5810 1855 5868 vertimus.

2031 1971 2315 2043 σύμμαχος
2342 1971 2482 2024 κατά
2509 1969 2618 2023 τῶν
2669 1971 2750 2034 είς
2785 1971 2883 2043 ἐμὲ
2919 1972 3404 2043 πονηρευομένων;
3459 1969 3606 2025 Εἶτα

2027 2062 2314 2134 δεξάμενος
2342 2061 2593 2133 αἴσθησιν
2642 2060 2848 2131 ταχέως
2891 2060 2984 2114 τοῦ
3035 2061 3248 2133 βοηθοῦ,
3284 2062 3465 2133 φησὶν,
3516 2063 3607 2125 ὡς

2029 2155 2196 2211 πάλαι
2224 2156 2290 2210 ἂν
2317 2155 2480 2208 αὑτοῦ
2502 2157 2581 2218 είς
2610 2153 2742 2225 ᾷδην
2771 2153 3017 2226 κατήχθη
3049 2157 3083 2226 ἡ
3111 2153 3276 2226 ψυχὴ,
3319 2155 3367 2206 εἰ
3399 2154 3473 2226 μὴ
3495 2155 3610 2224 τῆς

2029 2257 2104 2302 πα
2114 2249 2178 2320 ρὰ
2198 2247 2331 2301 Θεοῦ
2355 2246 2690 2318 ἀντιλήψεως
2720 2246 2929 2316 ἔτυχεν.

2091 2345 2160 2396 El
2179 2341 2392 2411 ἔλεγον
2411 2356 2423 2368 ·
2453 2338 2818 2394 Σεσάλευται
2846 2342 2878 2392 ό
2909 2338 3073 2403 ποῦς·
3082 2356 3219 2406 μου.
3249 2336 3612 2406 Θλιὸόμενος,

2031 2435 2214 2506 φησὶν,
2257 2431 2398 2503 όρῶν
2454 2431 2688 2502 ἐμαυτὸν
2729 2429 3130 2493 ὀλισθαίνοντα,
3176 2423 3354 2482 εἷπον·
3400 2428 3536 2481 Πότε
3575 2431 3611 2482 ὁ

2031 2525 2164 2590 ποῦς
2198 2542 2299 2597 μου
2324 2525 2678 2591 σεσάλευται;
2715 2523 2990 2587 τουτέστι,
3028 2521 3130 2591 τῆς
3170 2514 3475 2577 κατά’Θεδν
3507 2523 3613 2576 ἐκ·

2033 2616 2196 2672 πεοοῦ
2205 2634 2300 2687 μαι
2333 2616 2573 2678 στάσεως
2596 2633 2610 2646 ·
2642 2616 2802 2680 εὐθὺς
2825 2616 2924 2687 τὴν
2952 2615 3230 2688 ἀντίληψιν
3250 2614 3344 2669 καὶ
3365 2613 3424 2668 τὸ
3453 2612 3618 2676 ἔλεός

2033 2727 2127 2764 σου
2151 2707 2395 2780 ᾐσθόμην
2429 2706 2718 2778 ἐπίκουρον
2745 2707 2886 2778 ἐμοί.

2101 2888 2172 2941 Ai
2199 2883 2612 2953 παρακλήσεις
2631 2899 2746 2938 σου
2767 2884 3074 2953 εὔφραναν
3093 2883 3207 2951 τὴν
3226 2879 3437 2951 ψυχήν
3457 2898 3608 2951 μου.

2034 2979 2149 3033 Οὐκ
2176 2978 2417 3050 ἀφῆκας,
2449 2978 2630 3048 φησὶν,
2670 2975 3096 3047 ἀπαραμύθητον
3118 2992 3131 3006 ·
3172 2974 3285 3028 ἀλλ’
3322 2975 3450 3037 ὅσας
3492 2972 3616 3025 θλίσι

2032 3071 2153 3141 ψεις
2178 3071 2353 3141 ἔσχον,
2379 3069 2645 3132 τοσαύτας
2677 3070 2770 3122 καὶ
2800 3067 3145 3141 παραμυθίας
3168 3066 3428 3138 ἐδεχόμην
3456 3065 3617 3136 παρὰ

2037 3161 2151 3215 σοῦ.
2187 3162 2252 3214 Δῖ
2281 3161 2374 3214 καὶ
2400 3161 2481 3225 εἰς
2509 3160 2848 3232 εὐφροσύνην
2875 3160 2976 3224 τὰς
2997 3159 3173 3224 λύπας
3199 3157 3578 3230 μετεϐίϐαζον.

2105 3337 2202 3408 Μὴ
2229 3337 2671 3407 συμπροσέστω
2703 3352 2802 3392 σοι
2834 3338 3043 3405 θρόνος
3065 3333 3315 3405 ἀνομίας
3342 3336 3374 3389 ὀ
3412 3332 3620 3387 πλάσ-

2036 3446 2165 3486 σων
2194 3429 2388 3483 κόπον
2422 3428 2519 3482 ἐπὶ
2553 3428 3003 3497 προστάγματι;
3057 3427 3158 3480 Διά
3203 3427 3360 3480 τοῦτο
3381 3465 3396 3491 ,
3450 3427 3614 3496 φησὶ,

2038 3520 2416 3594 παρεκάλεσάς
2439 3537 2541 3592 μου
2571 3520 2669 3592 τὴν
2686 3520 2909 3592 καρδίαν
2935 3520 3028 3573 ἐπὶ
3052 3522 3173 3582 ταῖς
3199 3518 3460 3589 θλίψεσιν.
3488 3517 3619 3570 Ὅτι

2037 3616 2101 3687 δὴ
2132 3611 2224 3669 οὗν
2253 3616 2314 3668 οὐ
2355 3614 2782 3687 προστεθήσεταί
2820 3630 2904 3666 σοι
2949 3614 3136 3686 θρόνος
3165 3611 3423 3683 ἀνομίας,
3457 3627 3620 3664 τουτ-

2038 3707 2206 3773 έστιν,
2234 3708 2316 3762 ὄτι
2351 3708 2558 3771 δίκαιος
2590 3702 2642 3759 εἴ
2665 3706 2860 3777 κριτὴς
2894 3706 2968 3770 ὡς
3005 3704 3165 3770 Θεὸς,
3207 3705 3298 3759 καὶ
3331 3705 3430 3757 οὐκ
3459 3703 3620 3756 ἔσται

2039 3801 2239 3872 ἀνομία
2264 3802 2322 3854 ὲν
2350 3802 2470 3863 ταῖς
2499 3798 2714 3871 κρίσεσί
2740 3815 2833 3851 σου
2855 3817 2868 3829 ·
2894 3801 2921 3852 ὁ
2941 3797 3048 3871 γὰρ
3083 3798 3272 3871 θρόνος
3308 3797 3406 3868 τὴν
3433 3797 3621 3868 κρίσιν

2042 3892 2326 3964 σημαίνει·
2363 3891 2550 3964 ὥσπερ
2580 3892 2761 3964 δήκαὶ
2795 3893 2925 3964 παρ’
2956 3891 3147 3962 ἐκείνῳ
3177 3891 3254 3962 τῷ
3288 3891 3455 3944 κόπον
3479 3907 3622 3961 συμ-

2041 3984 2333 4037 πλὰσσοντι
2364 3985 2456 4036 ἐπὶ
2486 3983 2812 4055 πρόσταγμα
2831 4001 2844 4014 ο
2874 3983 2960 4054 εἴη
2981 3983 3023 4036 δ’
3044 3982 3109 4037 ἂν
3133 3975 3289 4045 οὗτος
3324 3983 3352 4034 ό
3382 3983 3623 4036 ἀντικεί-

2045 4092 2204 4147 μενος
2239 4075 2469 4144 δαίμων,
2503 4074 2561 4137 ὃς
2609 4075 2699 4128 καὶ
2739 4075 2980 4147 ἐλαφρὰς
3015 4073 3180 4134 οὔσας
3225 4073 3324 4136 τάς
3357 4073 3446 4126 τοῦ
3481 4072 3620 4126 Θεοῦ

2043 4165 2260 4229 ἐντολὰς
2297 4166 2522 4236 βαρείας
2545 4169 2706 4232 ποιεῖ,
2745 4167 2945 4230 κόπους
2968 4166 3025 4220 δὲ
3064 4165 3243 4220 αὐτῶν
3274 4168 3387 4228 τοῖς
3411 4164 3624 4238 ἀνθρὼ⁸

2044 4279 2167 4324 ποις
2198 4260 2469 4332 παρέχων.
2524 4259 2722 4332 Θρόνον
2750 4260 2980 4331 ἀνομίας
3021 4260 3269 4330 ὠνόμασε
3302 4258 3393 4312 τὸν
3438 4257 3625 4313 διάδος

2045 4352 2134 4405 λον
2150 4369 2163 4382 ·
2200 4350 2386 4422 ἐπειδὴ
2410 4351 2504 4404 καὶ
2527 4351 2713 4424 θρόνος
2733 4351 3078 4423 δικαιοσύνης
3103 4352 3249 4404 ἐστὶν
3288 4352 3316 4404 ὁ
3362 4348 3620 4421 Χριστὸς.

2045 4445 2194 4507 ὅστις
2222 4443 2523 4498 ἀντίκειται
2551 4444 2629 4516 τῷ
2651 4443 2900 4514 διαϐόλῳ.
3629 4508 3635 4513 ι

2116 4535 2224 4589 Kal
2246 4531 2390 4605 αἷμα
2413 4534 2608 4589 ἀθῶον
2646 4533 3167 4589 καταδικάσονται.
3205 4526 3395 4597 Οὗτοι,
3433 4533 3621 4604 φησὶν,

2049 4627 2098 4678 οί
2138 4629 2365 4699 πονηροὶ
2403 4629 2496 4680 καὶ
2525 4627 2886 4698 ἀντικείμενοι
2911 4625 3160 4698 δαίμονες
3179 4627 3245 4679 ἐκ
3278 4625 3478 4688 παντὸς
3502 4625 3626 4696 τρό-

2051 4735 2154 4771 που
2203 4719 2300 4788 τὴν
2343 4719 2438 4771 τοῦ
2501 4718 2706 4772 δικαίου
2767 4719 3058 4790 ζητήσουσι
3112 4719 3372 4790 θηρεῦσαι
3423 4719 3622 4789 ψυχήν.

2061 4809 2200 4861 Ἀλλ’
2234 4810 2325 4862 ἐπὶ
2355 4810 2532 4873 τοῦτο,
2564 4811 2715 4881 φησι,
2751 4812 3266 4883 κατακριθήσονται.
3317 4812 3489 4865 Τοῦτο
3517 4813 3625 4884 γὰρ

2050 4899 2337 4972 σημαίνει·
2370 4901 2479 4954 Kal
2510 4897 2651 4970 αἷμα
2675 4901 2871 4956 ἀθῶον
2901 4902 3419 4958 καταδικάσονται.
3461 4903 3624 4972 Λέγει

2053 4991 2177 5061 γάρ,
2202 4990 2277 5054 ὼς
2299 4993 2418 5044 ἀντὶ
2448 4992 2542 5044 τοῦ
2577 4992 2766 5057 ἀθώως
2791 4995 3117 5066 ἐκχεομένου
3146 4999 3276 5068 παρ’
3310 4995 3514 5063 αὐτῶν,
3545 4997 3624 5059 εἰς

2057 5084 2236 5155 κρίσιν
2266 5085 2361 5136 καὶ
2391 5083 2610 5139 κόλασιν
2632 5087 3118 5160 παραδοθήσονται.

2126 5173 2233 5228 Καὶ
2257 5173 2495 5242 ἐγένετό
2518 5191 2620 5243 μοι
2640 5176 2854 5244 Κύριος
2877 5180 2964 5242 εὶς
2994 5177 3365 5248 καταφυγήν,
3409 5177 3554 5247 Ἐγὼ
3573 5178 3627 5230 δὲ

2057 5265 2158 5336 τῆς
2181 5265 2330 5336 παρά
2356 5265 2447 5318 τοῦ
2471 5266 2740 5319 Δεσπότου
2771 5270 3024 5339 προνοίας
3050 5269 3336 5342 ἀπήλαυσα
3357 5309 3372 5334 ,
3405 5270 3503 5325 καὶ
3534 5272 3619 5325 αὑ-

2058 5361 2150 5414 τὸν
2182 5358 2290 5431 ἔχω
2312 5359 2592 5432 περίὸολον
2618 5361 2829 5433 ὀχυρόν.
