3778 6276
142 428 249 486 ιιε

1301 412 1661 471 ΕΧΡΟδΙΤΙΟ
1696 411 1763 466 ΙΝ
1792 372 2126 464 ιεΛωιωι
2174 410 2351 464 xm.

3299 412 3405 465 4M

144 537 329 608 Δῖνος
346 535 519 607 ᾤδῆς
544 534 627 603 τῷ
636 533 836 598 Δαυῒὸ,
853 531 1255 600 ἀνεπίγραφος
1269 531 1403 602 παρ’
1428 528 1733 597 Ἑϐραίοις.

1889 541 1980 578 aus
2005 525 2199 578 cantici
2236 523 2336 588 ipsi
2374 522 2565 585 Dauid,
2596 532 2737 576 caret
2766 494 3105 590 inscriptione
3130 522 3269 592 apud
3296 520 3405 576 He-

736 625 951 679 ΨΑΛΜ
955 624 1045 675 ΟΣ
1073 623 1185 688 HAS

792 734 1115 795 Ὺπόθεσις.

161 853 449 911 Ἐντεῦθεν
482 850 643 907 ὁτῶν
670 847 842 918 ἁγίων
872 844 1031 918 χορὸς
1061 843 1157 898 καὶ
1184 842 1311 906 τοὺς
1360 838 1603 904 ἀπειθεῖς
1644 838 1737 892 τοῦ

223 946 457 1019 Ἰσραὴλ
492 941 863 1015 προτρέπεται
894 937 986 990 ἐπὶ
1021 934 1122 1006 τὴν
1154 933 1244 988 διὰ
1281 930 1518 1005 Χριστοῦ
1563 946 1738 1001 σωτη-

214 1039 345 1112 ρίαν
378 1038 560 1091 ἐλθεῖν
578 1050 594 1064 ·
620 1032 856 1097 δεικνὺς,
890 1029 968 1093 ὡς
998 1024 1388 1089 ἐπακούσεται,
1419 1025 1468 1077 εἰ
1495 1021 1736 1095 προσπέ-

214 1148 373 1185 σοιεν
404 1127 590 1198 αὐτῷ,
645 1125 744 1179 am
771 1120 932 1184 αὐτὸς
963 1118 1038 1172 ὢν
1068 1116 1298 1188 ποιητὴς
1318 1153 1335 1181 ,
1387 1115 1483 1169 καὶ
1515 1113 1578 1166 τὸ
1607 1113 1736 1167 ῐδιον

212 1223 388 1294 ἔργον
414 1216 671 1288 ἀγαπῶν.
714 1213 1037 1284 Είσφέρεται
1063 1210 1121 1263 δὲ
1150 1208 1287 1280 μετὰ
1306 1207 1406 1279 τὴν
1424 1205 1533 1259 τῶν
1566 1204 1733 1273 ἁγίων

208 1311 554 1384 παραίνεσιν
585 1307 682 1362 καὶ
706 1302 872 1361 αὑτοῦ
902 1302 996 1358 τοῦ
1026 1301 1182 1371 ἁγίου
1216 1298 1530 1368 Πνεύματος
1567 1296 1759 1368 πρόσι

208 1421 394 1468 ωπον,
414 1403 605 1464 αὐτοῖς
632 1400 745 1461 τοῖς
799 1393 1050 1451 ἀπειθέσι
1094 1390 1599 1463 παρακελευόμενον
1655 1387 1731 1458 μὴ

206 1497 312 1566 τὴν
346 1493 467 1550 τῶν
508 1491 761 1563 πατέρων
793 1484 1133 1560 μιμήσασθαι
1165 1482 1447 1538 ἀπιστίαν.

208 1609 405 1663 Δεῦτε
437 1600 938 1675 ἀταλλιασὼμεθα
966 1597 1045 1664 τῷ
1069 1596 1285 1665 Κυρίῳ.
1320 1594 1409 1658 Ὠς
1428 1592 1520 1647 ἐπὶ
1539 1589 1733 1662 ἑορτὴν

148 1701 322 1755 ἐλθεῖν
356 1697 495 1759 τοὺς
527 1692 774 1756 ἀπειθεῖς
808 1686 1295 1760 παρακελεύονται,
1316 1686 1396 1748 είς
1417 1680 1732 1751 ἀγαλλίασιν

147 1793 346 1855 αὐτοὺς
378 1786 698 1851 καλοῦντες,
722 1785 810 1838 ἴνα
836 1781 927 1836 διὰ
970 1780 1177 1834 τούτων
1200 1777 1450 1832 πείσωσι.
1492 1770 1732 1829 Ἀλαλά-

2209 616 2393 668 ὸνιεοε.
2430 612 2771 669 PSALMUS
2798 610 3007 668 XCIV.

2414 726 2813 795 Argumentum.

1835 839 1934 896 His
1976 848 2290 895 sanctorum
2337 840 2538 895 chorus
2571 854 2667 896 eos
2708 841 2802 910 qui
2835 840 3101 896 increduli
3151 849 3306 897 erant
3349 844 3403 898 in

1905 931 2106 989 lsraele
2145 932 2467 988 cohortatur
2511 943 2571 986 ut
2614 933 2679 987 ad
2712 933 2942 989 salutem
2994 949 3095 1003 per
3121 933 3404 989 Christum

1901 1025 2118 1080 allatam
2177 1024 2475 1091 accedant,
2525 1024 2808 1081 declarans
2849 1040 2974 1080 eum
3021 1027 3403 1085 exauditnrum

1900 1135 2022 1176 esse
2046 1119 2094 1195 si
2116 1118 2406 1189 procidant
2428 1127 2555 1176 ante
2584 1120 2761 1183 illum.
2791 1122 2920 1191 quia
2946 1122 3062 1192 ipse
3082 1132 3167 1179 est
3195 1122 3401 1194 opifex,

1912 1225 2186 1281 suumque
2228 1222 2373 1273 amat
2422 1210 2720 1280 opiﬁcium.
2777 1211 2908 1267 Post
2952 1213 3096 1267 illam
3148 1226 3325 1269 autem
3369 1230 3401 1269 a

1903 1300 2107 1356 sanetis
2133 1298 2315 1354 datam
2346 1299 2709 1355 hortationem
2730 1341 2746 1365 ,
2779 1301 3052 1357 inducitur
3085 1303 3201 1372 ipsa
3225 1303 3401 1358 sancti

1902 1388 2138 1458 Spiritus
2159 1402 2390 1458 persona
2407 1405 2421 1440 :
2441 1404 2562 1457 qua:
2579 1405 2685 1444 non
2704 1389 3203 1461 obtemperantibus
3218 1393 3403 1462 praeci-

1902 1480 2000 1551 pit,
2022 1488 2159 1534 utne
2174 1488 2391 1550 patrum
2413 1495 2638 1535 suorum
2652 1480 3081 1536 incredulitatem
3098 1483 3397 1538 imitentur.

1903 1593 1957 1648 1.
2008 1591 2219 1658 Venite,
2258 1590 2582 1647 exsultemus
2620 1591 2863 1646 Domino.
2900 1591 3068 1659 Quasi
3104 1594 3169 1649 ad
3202 1594 3400 1650 festum

1832 1685 2091 1741 accedere
2133 1684 2492 1739 cohortantur
2514 1698 2609 1740 eos
2641 1685 2737 1754 qui
2784 1699 2892 1738 non
2944 1685 3401 1754 obtemperarent,

1832 1777 1901 1833 ad
1930 1776 2169 1837 lietitiam
2198 1786 2458 1831 vocantes
2485 1790 2602 1840 eos,
2632 1784 2697 1831 ut
2725 1777 2797 1831 ita
2835 1778 3218 1846 persuadeant.
3242 1774 3401 1830 lubi-

147 1887 348 1956 ευμεν
368 1879 456 1947 τῷ
478 1877 601 1945 Θεῷ
635 1875 716 1942 τῷ
740 1872 964 1941 Σωτῆρι
982 1870 1171 1941 ἡμῶν.
1208 1864 1282 1922 Εὖ
1311 1867 1391 1933 τὸ,
1415 1863 1728 1956 ἀλαλάξω-

1889 1886 1997 1924 mus
2035 1868 2138 1923 Deo
2173 1867 2404 1922 salutari
2434 1880 2638 1922 nostro.
2683 1867 2859 1923 Probe
2890 1868 3052 1934 dicit,
3088 1867 3401 1936 jubilemus,

144 1954 281 2047 per,
335 1974 493 2042 λέγει
522 2010 539 2035 ,
591 1969 657 2041 δὴ
689 1968 915 2038 ἥκοντες
967 1964 1092 2026 τοὺς
1148 1957 1444 2020 ἐπινικίους
1504 1954 1724 2027 ᾅσωμεν

149 2071 377 2141 ὕμνους.
428 2065 490 2118 '0
515 2061 625 2133 γὰρ
656 2056 967 2128 ἀλαλαγμὸς
997 2053 1163 2125 ὕμνος
1186 2050 1334 2104 ἐστὶν
1368 2048 1461 2103 ἐπὶ
1506 2063 1727 2101 πεπτω-

144 2139 295 2215 κόσιν
329 2158 572 2228 ἐχθροῖς.
597 2151 861 2225 Σημαίνει
890 2148 947 2205 δὲ
967 2145 1055 2201 διὰ
1085 2144 1310 2210 τούτων,
1339 2141 1414 2205 ὡς
1450 2139 1551 2203 τὰς
1581 2139 1729 2191 ἀντι-

148 2252 411 2323 κειμένας
440 2248 699 2317 δυνάμεις
715 2239 1029 2312 πολεμήσας
1060 2237 1200 2309 ὑπὲρ
1231 2233 1387 2307 ἡμῶν
1415 2235 1444 2287 ὁ
1470 2229 1725 2304 Χριστὸς,

146 2345 208 2396 ἐκ
231 2342 415 2415 μέσον
450 2337 774 2407 πεποίηκεν.

208 2429 672 2502 Προφθασωμεν
690 2426 756 2481 τὸ
788 2426 1112 2496 πρόσωπον
1135 2419 1323 2475 αὐτοῦ
1350 2418 1420 2472 ἐν
1438 2415 1727 2486 ἐξομολο-

147 2523 343 2592 γήσει.
380 2519 532 2574 Ὠσεὶ
552 2517 698 2587 λέγοι
715 2533 733 2548 ·
764 2516 901 2587 Πρὶν
919 2516 999 2578 εἰς
1025 2511 1206 2583 κρίσιν
1228 2507 1448 2579 καθίσῃ,
1475 2506 1537 2560 τὸ
1556 2504 1727 2577 πρόσ-

149 2632 295 2669 ωπον
320 2612 522 2676 αὑτοῦ,
560 2611 676 2664 ἐστι
707 2608 765 2663 δὲ
788 2610 817 2662 ὁ
840 2607 975 2671 υίὸς,
997 2607 1065 2676 τῇ
1093 2601 1479 2674 ἐξομολογήσει
1524 2597 1729 2670 προλά-

149 2706 356 2777 6ωμεν,
384 2705 485 2759 καὶ
509 2701 738 2774 εὐμενὲς
759 2701 944 2762 αὐτοῖς
964 2697 1413 2766 καταστήσωμεν.
1445 2689 1601 2744 Οὕτω
1619 2688 1729 2761 γὰρ

150 2798 273 2868 ὑμῖν
305 2795 651 2867 συμϐήσεται
675 2795 755 2857 είς
780 2790 963 2861 ἀγαθὰ
992 2787 1251 2858 τελευτᾷν
1271 2803 1285 2816 ·
1327 2786 1362 2856 ἡ
1401 2780 1510 2853 γὰρ
1539 2781 1728 2851 ἐξομο-

150 2890 373 2962 λόγησις
400 2887 607 2958 ἀγαθὸν
636 2885 748 2956 ἔχει
780 2884 843 2938 τὸ
868 2882 1072 2954 πέραςο
1107 2879 1202 2935 καὶ
1229 2876 1388 2932 τοῦτο
1414 2875 1565 2947 ὅτιλοί
1589 2874 1651 2928 τὸ
1669 2872 1731 2929 ὲν

151 2982 403 3052 Tanai;
425 2995 438 3008 ·
471 2977 889 3046 Ἁλαλάξωμεν
914 2973 1092 3039 αὐτῷ.

212 3073 335 3130 Kal
371 3068 678 3136 βασιλεὺς
720 3066 909 3137 μέγας
952 3064 1052 3119 ἐπὶ
1102 3061 1332 3129 πάντας
1356 3059 1509 3128 τοὺς»
1531 3059 1725 3125 θεούς.

153 3164 359 3236 Δηλαδὴ
379 3163 510 3225 τοὺς
537 3158 968 3221 πιστεύσαντας,
1022 3157 1116 3210 καὶ
1155 3152 1344 3224 ὥσπερ
1382 3149 1726 3222 ἀντιμισθίαν

1827 1962 2077 2020 videlicet
2102 1961 2378 2016 venientes
2410 1974 2671 2016 canamus
2700 1960 2945 2014 victoriae
2969 1960 3202 2015 cantica.
3251 1957 3405 2013 Julii—

1830 2054 1964 2109 latio
2002 2052 2180 2117 enim,
2223 2060 2308 2106 est
2347 2051 2584 2122 hymnus
2614 2049 2685 2104 ob
2716 2050 2960 2105 devictos
2987 2049 3171 2105 hostes
3200 2049 3400 2103 editus.

1828 2143 1927 2199 His
1969 2151 2149 2198 autem
2197 2141 2469 2212 signiﬁcat
2515 2140 2834 2204 Christum,
2880 2141 3022 2195 bello
3073 2139 3402 2194 adversariis

1827 2234 2183 2309 potestatibus
2206 2248 2306 2304 pro
2335 2234 2493 2288 nobis
2522 2233 2693 2298 illato,
2724 2231 2872 2301 ipsas
2900 2232 2969 2286 de
3005 2231 3183 2286 medio
3215 2240 3404 2286 sustu-

1828 2328 1978 2385 lisse.
3170 2342 3173 2347 π

1897 2420 1957 2475 2.
1998 2420 2430 2491 Prwoceupemns
2458 2419 2644 2489 faciem
2676 2418 2791 2488 ejus
2815 2419 2871 2472 in
2892 2416 3232 2486 confessione.
3248 2414 3326 2469 Ac
3352 2413 3402 2469 si

1826 2510 2031 2568 diceret
2048 2528 2062 2564 :
2079 2511 2403 2580 Priusquam
2431 2510 2636 2574 sedeat,
2659 2508 2850 2565 faciem
2884 2510 3009 2577 ejus:
3031 2507 3123 2577 qui
3148 2514 3231 2561 est
3259 2504 3406 2559 ﬁlius

1828 2603 2175 2661 confessione
2202 2618 2665 2676 praeoccupemus,
2697 2610 2752 2658 et
2771 2604 3059 2674 propitiam
3094 2600 3254 2656 nobis
3282 2598 3403 2660 red-

1826 2695 2042 2751 damus.
2075 2694 2152 2751 Ita
2182 2695 2326 2750 enim
2383 2694 2660 2765 continget
2696 2693 2851 2749 vobis
2884 2702 2943 2749 ut
2973 2695 3027 2747 in
3074 2693 3276 2748 bonum
3308 2692 3403 2746 de-

1828 2787 2049 2849 sinatis;
2092 2802 2218 2841 nam
2255 2785 2530 2841 confessio
2558 2787 2761 2840 bonum
2806 2786 2969 2840 habet
3002 2784 3321 2847 terminum,
3348 2788 3403 2836 et

1827 2876 1931 2932 hoc
1960 2878 2138 2948 palam
2169 2876 2303 2932 facit
2333 2878 2462 2933 illud
2491 2880 2546 2933 in
2580 2876 2833 2937 Psalmis,
2856 2874 3148 2945 jubilemus
3173 2874 3243 2928 ei.

1903 3053 1956 3110 5.
2002 3052 2072 3107 Et
2103 3070 2196 3108 rex
2238 3069 2459 3125 magnus
2489 3069 2648 3122 super
2671 3069 2848 3106 omnes
2873 3052 3019 3106 deos.
3054 3049 3271 3106 Scilicet
3302 3062 3400 3104 eos

1827 3147 1923 3218 qui
1955 3145 2221 3210 credunt,
2260 3145 2353 3216 qui
2387 3145 2441 3199 in
2472 3145 2776 3201 mercedem
2820 3144 2927 3199 hoc
2956 3141 3239 3199 consecuti
3271 3147 3401 3196 sunt

154 3226 640 3328 τουτου-λαχόντας
664 3255 726 3308 τὸ
745 3254 935 3325 ὄνομα,
979 3251 1042 3306 τὸ
1087 3248 1370 3305 καλεῖσθαι
1398 3248 1531 3311 θεοὶ,
1587 3246 1730 3301 κατὰ

1906 3238 1980 3294 dii
2002 3237 2361 3307 appellentur,
2387 3235 2543 3306 juxta
2569 3235 2779 3291 dictum
2804 3234 2934 3289 illud
2964 3253 2977 3289 :
3012 3233 3141 3287 Dedi
3164 3244 3211 3288 te
3236 3232 3400 3287 Deum

157 3351 211 3403 τὸ
231 3350 528 3422 εἰρημένον
548 3366 561 3379 ·
595 3346 744 3403 Θεὸν
763 3342 991 3400 δέδωκά
1015 3358 1091 3399 σε
1107 3341 1189 3409 τῷ
1214 3340 1442 3412 Φαραώ.
1486 3340 1611 3395 Ἐὰν
1630 3337 1729 3410 τὴν

158 3443 542 3514 ἐξομολόγησιν
573 3438 1050 3512 προσενέγκωμεν.
1103 3435 1290 3507 φησιν,
1315 3435 1416 3489 οὐκ
1442 3429 1733 3497 ἀποτευξό-

162 3534 325 3605 paean
358 3529 704 3603 οίκτειρήσειῖ
733 3528 844 3601 γὰρ
874 3529 950 3591 ὡς
988 3527 1120 3581 ἴδιον
1147 3524 1312 3582 αὑτοῦ
1345 3523 1494 3579 λαόν.

224 3628 345 3680 Ὀτι
376 3623 567 3679 αὐτοῦ
589 3622 760 3677 ἐστιν
779 3623 817 3690 ἡ
841 3620 1143 3676 θάλασσα.
1184 3615 1485 3680 Δείκνυσιν,
1511 3613 1587 3678 ὡς
1630 3614 1731 3668 αὑ-

159 3717 273 3783 τὸς,
314 3716 393 3771 ὢν
434 3713 769 3786 δημιουργὸς
811 3712 994 3781 πάσης
1038 3709 1270 3772 κτίσεως
1308 3706 1507 3777 ὁρατῆς
1528 3722 1587 3758 τε
1637 3704 1731 3760 καὶ

162 3809 404 3880 ἀοράτου,
426 3806 531 3859 οὐκ
568 3803 634 3859 ἂν
664 3803 861 3876 παρίδῃ
887 3800 949 3855 τὸ
981 3800 1110 3855 ἴδιον
1147 3797 1359 3870 ποίημα
1391 3799 1730 3870 προσπῖπτον

161 3899 221 3954 δι’
240 3897 703 3971 ὲξομολογήσεως.

223 3992 399 4046 Δεῦτε
414 3984 940 4058 προσκυνήσωμεν
960 3982 1057 4039 καί
1084 3982 1522 4052 προσπέσωμεν
1548 3976 1727 4044 αὐτῷ.

164 4086 265 4139 Καὶ
291 4083 521 4146 ἑαυτοὺς
547 4080 658 4134 τῶν
684 4076 1128 4150 προσκυνούντων
1149 4075 1244 4129 καὶ
1266 4074 1563 4129 κλαιόντων
1593 4066 1730 4126 εἶναί

166 4194 335 4244 φασιν,
366 4177 520 4237 ὅπως
544 4171 611 4227 ἂν
638 4160 1074 4243 προθυμοτέρους
1104 4169 1186 4231 είς
1214 4166 1315 4237 τὴν,
1346 4151 1730 4238 ἐξομολόγησιν

166 4260 621 4333 παρασκευάσωσι
647 4258 775 4320 τοὺς
799 4254 1115 4318 ἀκούοντας.

229 4351 496 4422 Σήμερον
525 4349 636 4404 ἐὰν
655 4347 767 4417 τῆς
799 4346 1005 4417 φωνῆς
1031 4344 1218 4400 αὐτοῦ
1257 4345 1579 4412 ἀκούσητε.
1612 4345 1732 4399 Ἐν-

164 4444 339 4497 τεῦθεν
373 4440 770 4513 παραινοῦν-ται
800 4439 929 4511 παρ’
979 4437 1143 4491 αὐτοῦ
1174 4436 1269 4490 τοῦ
1304 4437 1511 4508 Κυρίου
1547 4436 1732 4489 εὐπει-

166 4537 268 4602 θεῖς
296 4533 462 4603 εἶναι,
495 4538 592 4589 καὶ
640 4534 715 4605 μὴ
736 4530 963 4586 τοιοῦτοι
987 4525 1089 4585 οἷοι
1118 4530 1178 4582 ὲν
1199 4531 1266 4599 τῇ
1305 4528 1502 4599 ἐρήμῳ
1539 4528 1590 4580 oi
1625 4543 1732 4580 m—

165 4628 309 4699 τέρες
335 4625 516 4680 αὐτῶν
539 4620 951 4693 ὲπεδείχθησαν.

231 4692 389 4774 Καινὰ
419 4717 538 4785 τὴν
563 4692 793 4785 ἡμέραν
817 4711 923 4765 τοῦ
947 4706 1282 4778 πειρασμοῦ
1313 4706 1383 4760 ἐν
1409 4703 1484 4774 τῇ
1508 4692 1725 4774 ἐρήμῳ,
1746 4710 1755 4725 ‘

166 4806 232 4865 οὗ
257 4807 587 4881 ἐπειρασάν
618 4823 695 4876 με
740 4808 792 4859 οι
835 4802 1084 4871 πατέρες
1103 4798 1289 4871 ὑμῶν.
1341 4797 1728 4869 Ἐξεπείρασαν

166 4900 266 4970 γὰρ
293 4901 383 4954 τὸν
413 4898 548 4952 Θεὸν
579 4896 767 4951 ἄλλοτε
789 4894 952 4965 ἄλλην
980 4891 1333 4964 πορευόμενοι
1355 4889 1491 4954 ὁδὸν,
1511 4889 1604 4943 καὶ
1627 4890 1728 4942 οὐκ

167 4991 367 5046 εὐθεῖαν
392 4991 494 5062 τὴν
520 4988 617 5043 τοῦ
643 4984 871 5058 Κυρίου.

242 5084 334 5148 Ὠς
347 5082 557 5153 ὤμοσα
584 5080 656 5135 ἐν
675 5076 750 5148 τῇ
778 5073 1075 5147 όργῇμου,
1101 5071 1616 5128 εὶείσελεύσονται
1642 5070 1731 5134 εἰς

172 5174 275 5243 τὴν
306 5172 694 5230 κατάπαυσίν
711 5186 853 5240 μου.
883 5168 1045 5240 Τρεῖς
1070 5168 1204 5237 ἡμῖν
1223 5166 1252 5218 ό
1273 5164 1430 5232 λόγος
1450 5160 1735 5217 καταπαύ-

173 5283 277 5331 σεις
295 5266 553 5338 σημαίνει
570 5281 586 5296 ο
616 5263 743 5335 μίαν
774 5260 873 5333 τὴν
896 5259 1165 5332 σαρκικὴν
1188 5257 1287 5329 τὴν
1312 5254 1407 5309 τοῦ
1431 5253 1732 5317 Σαὸϐάτου,

174 5362 261 5413 καὶ
288 5360 480 5432 ἑτέραν
504 5358 604 5427 τὴν
630 5353 836 5409 εἴσοδον
859 5351 959 5423 τὴν
983 5353 1063 5414 είς
1093 5349 1191 5420 τὴν
1220 5349 1328 5418 γῆν
1364 5347 1465 5417 τῆς
1500 5345 1738 5413 ἐπαγγε-

174 5451 304 5516 λίας,
414 5448 625 5523 Ἰησοῦς
661 5446 1007 5502 κατέπαυσεν
1047 5441 1273 5504 αὐτούς’
1301 5441 1394 5494 καὶ
1420 5438 1607 5510 τρίτην
1639 5434 1736 5506 τὴν

177 5524 502 5613 ἱπουρᾶνιον,
530 5540 600 5611 ἢν
625 5536 720 5592 νῦν
743 5536 873 5606 ἡμῖν
899 5536 927 5588 ὁ
957 5534 1113 5609 λόγος
1138 5529 1393 5603 σημαίνει
1415 5544 1429 5559 ·
1446 5528 1556 5583 οὐκ
1582 5524 1648 5579 ἂν
1677 5525 1736 5577 δὲ

179 5631 362 5705 ἑτέρας
380 5632 654 5704 ἐμέμνητο
676 5626 929 5696 ἐνταῦθα,
947 5628 993 5680 εί
1010 5623 1224 5696 ἀληθῶς
1239 5621 1421 5691 ἐκείνη
1451 5621 1544 5689 ἐνῇ
1569 5617 1739 5672 κατά-

281 5828 325 5859 ¹¹
362 5826 528 5884 Exod.
572 5842 671 5894 vn,
713 5826 761 5878 l.

1757 4593 1813 4655 Β

1832 3326 2213 3381 Pharaonis".
2259 3326 2318 3381 Si
2367 3327 2769 3384 confessionem
2823 3325 3150 3387 offeramus,
3193 3322 3399 3392 inquit,

1829 3433 1938 3473 non
1965 3434 2061 3488 spe
2083 3418 2331 3473 labemur
2358 3437 2373 3475 :
2406 3434 2532 3473 nam
2569 3434 2675 3474 nos
2702 3427 2759 3473 ut
2783 3416 3064 3488 proprium
3093 3415 3193 3486 ipsi
3224 3429 3399 3485 popu-

1829 3508 1940 3564 lum
1973 3508 2342 3564 miserabitur.

1897 3595 1951 3652 5.
1996 3596 2262 3661 Quoniam
2291 3596 2455 3664 ipsius
2503 3604 2581 3649 est
2629 3612 2793 3650 mare.
2847 3593 3094 3650 Ostendit
3121 3607 3245 3646 eum
3275 3606 3399 3645 cum

1828 3689 1901 3746 sit
1931 3688 2112 3759 opifex
2147 3688 2315 3744 totius
2340 3698 2605 3744 creatura:
2638 3687 2866 3749 visibilis
2898 3695 3062 3755 atque
3087 3678 3400 3743 invisibilis,

1829 3795 2109 3851 nunquam
2130 3780 2514 3851 despectorum
2536 3794 2660 3835 esse
2682 3794 2824 3850 opus
2846 3794 3031 3844 suum,
3048 3776 3094 3831 si
3121 3774 3247 3846 quis
3270 3787 3403 3827 con-

1830 3873 2030 3929 ﬁtendo
2058 3872 2307 3942 procidat
2335 3879 2461 3927 ante
2489 3885 2637 3928 eum.

1905 3963 1961 4019 6.
2010 3962 2213 4026 Venite,
2238 3961 2518 4016 adoremus
2542 3971 2592 4016 et
2620 3959 2958 4030 procidamus
2993 3967 3113 4013 ante
3133 3956 3306 4012 illum.
3330 3956 3403 4010 Se

1830 4073 1897 4115 ex
1929 4057 2275 4114 adorantium
2318 4056 2373 4109 et
2417 4054 2745 4124 plorantium
2783 4068 3011 4108 numero
3038 4066 3159 4107 esse
3183 4049 3400 4113 dicunt,

1830 4159 1892 4206 ut
1918 4148 2194 4204 auditores
2223 4145 2289 4201 ad
2324 4144 2726 4202 confessionem
2752 4146 3116 4216 promptiores
3142 4140 3398 4197 efﬁciant.

1902 4340 1956 4396 8.
1998 4338 2170 4394 Hodie
2194 4338 2242 4391 si
2273 4352 2441 4391 uocem
2472 4336 2586 4405 ejus
2615 4334 2910 4389 audieritis.
2935 4330 3030 4386 His
3058 4331 3128 4385 ab
3153 4329 3270 4398 ipso
3292 4326 3408 4381 Do-

1833 4432 1985 4487 mino
2012 4436 2303 4485 monentur
2333 4436 2393 4482 ut
2427 4428 2860 4494 obtemperantes
2891 4423 3023 4485 sint,
3062 4434 3239 4490 neque
3267 4417 3411 4473 tales

1833 4519 2025 4584 quales
2053 4526 2234 4588 patres
2264 4531 2452 4589 eorum
2488 4514 2541 4569 in
2569 4514 2783 4569 deserto
2810 4511 3046 4566 fuerant.

1903 4699 1958 4755 9.
1995 4697 2295 4754 Secundum
2322 4696 2461 4749 diem
2495 4693 2818 4749 teutationis-
2840 4692 2898 4746 in
2926 4693 3149 4755 deserto,
3173 4687 3263 4743 ubi
3290 4696 3403 4742 ten-

1836 4800 2079 4849 taverunt
2110 4807 2191 4845 me
2222 4799 2400 4860 patres
2433 4787 2610 4842 restri.
2652 4785 3019 4841 Tentaverunt
3045 4783 3191 4839 enim
3229 4781 3407 4836 Deum

1833 4885 1970 4939 alias
2009 4883 2063 4936 in
2115 4882 2277 4936 aliam
2327 4881 2638 4935 incedentes
2667 4877 2831 4941 viam,
2864 4876 2957 4932 sed
2988 4889 3098 4930 non
3136 4874 3284 4928 illam
3316 4887 3403 4926 re-

1833 4983 1976 5030 ctam
2006 4971 2147 5024 viam
2182 4968 2418 5024 Domini.

1906 5064 1994 5118 il.
2014 5061 2353 5132 Sicutjuravi
2379 5061 2434 5113 in
2462 5060 2545 5113 ira
2569 5074 2704 5122 mea,
2725 5057 2770 5111 si
2787 5055 3073 5110 introibant
3100 5052 3152 5104 in
3176 5048 3403 5120 requiem

1832 5172 2026 5212 meam.
2075 5153 2207 5209 'Ires
2251 5152 2412 5208 nobis
2471 5149 2678 5219 requiei
2721 5148 2929 5218 species
2975 5142 3403 5213 significantur:

1833 5248 2071 5306 carnalis
2099 5261 2207 5302 una
2240 5260 2360 5316 quae
2390 5254 2475 5299 est
2508 5240 2768 5306 Sabbati;
2817 5238 2981 5292 altera
3009 5242 3094 5289 est
3122 5234 3405 5304 ingressus

1835 5341 1891 5396 in
1942 5349 2142 5395 terram
2193 5335 2593 5408 promissionis,
2641 5347 2748 5402 qua
2781 5328 2901 5384 illos
2951 5327 3229 5398 quiescere
3278 5324 3404 5378 fecit

1836 5429 1996 5488 Jesus
2024 5428 2207 5493 Nave;
2245 5427 2400 5484 tertia
2445 5424 2705 5490 caelestis,
2744 5438 2864 5492 quae
2909 5421 2997 5477 hic
3037 5420 3152 5489 jam
3180 5417 3403 5473 denota~

1839 5533 1950 5588 tur,
1985 5539 2094 5579 non
2123 5520 2348 5576 alterius
2374 5518 2517 5574 enim
2546 5517 2636 5571 hic
2663 5514 2869 5571 mentio
2897 5522 2998 5578 cst,
3031 5527 3075 5567 El
3106 5521 3287 5566 tamen
3314 5507 3403 5560 illa

1846 5630 1973 5670 vera
2013 5614 2228 5684 requies
2278 5612 2368 5668 sit.
2416 5608 2729 5666 Ostenditur
2770 5608 2951 5678 itaque
2995 5621 3120 5661 vere
3163 5600 3404 5673 requiem
