3778 6276
379 406 481 462 Ηῦ

1211 407 1266 461 S.
1308 409 1679 466 ATHANASII
1722 413 1870 468 Oi'P.
1914 415 2095 470 PARS
2133 415 2218 470 ΙΙΙ.
2255 446 2324 456 --
2362 417 2766 473 EXEGETICA.

3483 423 3599 476 Hb

377 541 498 581 esse
533 540 806 580 recessum
856 539 920 578 ex
960 525 1060 578 hoc
1091 525 1295 579 mundo
1341 535 1394 580 et
1441 527 1826 584 habitationem
1873 530 1926 583 in

2071 547 2247 592 αυσις.
2285 529 2544 600 Δηλούται
2597 527 2710 596 οὖν,
2741 531 2815 592 ὡς
2841 529 3051 600 ἀληθῶς
3074 531 3416 594 κατάπαυσις
3450 533 3608 584 ἐστιν

379 617 628 688 supernis
657 616 1050 670 mansionibus.

383 815 426 866 Ι.
469 809 803 866 I’SALMUS
838 807 1008 863 XCV.
1039 807 1317 862 Canticum
1359 811 1457 878 ipsi
1488 810 1672 864 David.
1710 810 1934 876 Quando

588 904 772 955 domus
803 902 1166 971 ludiﬁcabatur
1194 911 1310 970 post
1340 905 1720 970 captivitatem.

950 1014 990 1064 A
1001 1022 1339 1081 rgumentum.

373 1126 432 1181 In
468 1124 789 1196 praecedenti
830 1125 1035 1194 psalmo
1058 1123 1369 1178 Judarorum
1404 1125 1758 1194 abjectioncm
1799 1127 1933 1181 vati-

447 1219 661 1276 cinatus
707 1217 753 1272 si
800 1219 854 1271 in
904 1217 1220 1270 inﬁdelitate
1266 1225 1706 1286 perseverarent,
1742 1221 1794 1272 in
1833 1219 1934 1274 hoc

442 1313 683 1384 gentium
708 1312 1045 1365 vocationem
1071 1310 1295 1375 inducit,
1317 1327 1436 1380 qua:
1463 1321 1586 1380 post
1609 1313 1931 1366 solutionem

446 1405 743 1476 spiritualis
775 1405 989 1457 illorum
1019 1403 1351 1471 captivitatis
1396 1403 1535 1458 facta
1577 1414 1681 1470 est,
1715 1405 1935 1475 quando

440 1515 535 1568 per
562 1507 733 1553 totum
762 1498 947 1552 orbem
987 1495 1228 1551 Ecclesia
1262 1494 1484 1550 fundata
1520 1496 1640 1550 luit.

440 1672 496 1734 2.
525 1673 578 1726 5.
626 1671 848 1726 Cantate
884 1670 1103 1724 Domino
1133 1671 1396 1724 canticum
1430 1685 1636 1723 novum.
1662 1669 1934 1738 Apostolis

368 1764 522 1832 jubet
555 1762 786 1832 Spiritus
815 1773 1036 1817 sanctus
1058 1802 1072 1826 ,
1102 1773 1160 1816 ut
1190 1765 1464 1816 canticum
1504 1777 1700 1814 novum
1723 1803 1738 1827 ,
1774 1762 1824 1815 id
1852 1771 1936 1816 est

2035 621 2068 689 ἡ
2095 620 2231 688 μετά
2256 620 2350 690 τὴν
2381 621 2532 673 τοῦδε
2564 621 2656 673 τοῦ
2689 622 2891 690 κόσμου
2932 621 3219 692 ἀπαλλαγὴ
3242 665 3255 687 ,
3307 625 3340 693 ὴ
3383 625 3439 676 ὲν
3475 627 3606 686 ταῖς

2035 709 2144 762 ἄνω
2174 714 2360 778 μοναῖς
2387 711 2720 782 κατοίκησις.

2040 823 2344 874 ΨΑΛΜΟΣ
2368 823 2479 887 ῌΞἏ
2521 823 2656 891 ’ῼδὶι
2697 821 2775 887 τῷ
2809 824 3007 886 Δαυῒδ,
3059 824 3156 877 ὅτε
3185 828 3216 878 ὀ
3254 821 3416 892 οἶκος
3447 827 3605 892 ᾠκο-

2314 915 2540 983 δομήθη
2571 913 2720 982 μετὰ
2747 914 2858 980 τὴν
2878 917 3311 982 αἰχμαλωσίαν.

2662 1030 2983 1095 Ὑπόθεσις.

2047 1141 2132 1193 Ἐν
2166 1138 2241 1210 τῷ
2271 1141 2374 1212 πρὸ
2401 1141 2585 1193 τούτου
2613 1139 2828 1210 ψαλμῷ,
2866 1140 2963 1211 τὴν
2996 1141 3262 1213 ἀποϐολὴν
3315 1143 3420 1196 τῶν
3461 1145 3596 1196 Ἰου-

2103 1229 2263 1283 δαίων
2297 1230 2576 1294 θεσπίσας,
2629 1232 2680 1284 εί
2705 1248 2768 1298 γε
2799 1231 3104 1301 ἑπιμένοιεν
3151 1235 3216 1302 τῇ
3264 1232 3504 1304 ἀπιστίᾳ,
3535 1236 3598 1284 ἐν

2104 1319 2277 1390 τούτῳ
2305 1321 2402 1390 τὴν
2429 1320 2534 1372 τῶν
2565 1320 2730 1373 ἐθνῶν
2753 1321 2943 1390 κλῆσιν
2973 1323 3179 1390 είσάγει
3207 1363 3221 1387 ,
3247 1323 3344 1393 τὴν
3365 1325 3600 1394 γενομέ-

2105 1429 2200 1482 νην
2224 1412 2358 1481 μετά
2381 1412 2476 1482 τὴν
2495 1412 2646 1465 λύσιν
2666 1413 2766 1482 τῆς
2783 1413 2976 1484 νοητῆς
2999 1413 3176 1466 αὐτῶν
3198 1415 3594 1484 αἰχμαλωσίας,

2104 1505 2191 1556 ὅτε
2222 1507 2313 1557 καὶ
2341 1507 2460 1558 καθ’
2481 1506 2606 1576 ὅλης
2638 1505 2736 1570 τῆς
2763 1507 3084 1576 οἰκουμένης
3112 1508 3145 1577 ή
3184 1506 3472 1578 Ἐκκλησία
3506 1526 3596 1561 τε-

2105 1595 2446 1666 θεμελίωται.

2108 1689 2326 1756 ’ᾼσατε
2347 1688 2424 1753 τῷ
2452 1689 2641 1755 Κυρίῳ
2661 1682 2825 1755 ᾆσμα
2844 1690 3070 1742 καινόν.
3112 1690 3236 1753 Τοῖς
3277 1691 3600 1755 ἀποστόλοις

2035 1777 2095 1828 τὸ
2127 1777 2349 1846 Πνεῦμα
2383 1777 2809 1848 παρακελεύεται
2838 1779 2898 1831 τὸ
2923 1780 3106 1832 καινὸν
3131 1777 3308 1850 ᾆσμα,
3343 1782 3589 1834 τουτέστι

374 1854 581 1909 Novum
611 1852 1037 1915 Testamentum,
1091 1853 1339 1922 gentibus
1386 1868 1480 1922 per
1526 1861 1699 1906 totum
1747 1853 1932 1907 orbem

2071 1868 2134 1939 ὴν
2159 1869 2306 1922 Νέαν
2327 1869 2617 1941 Διαθήκην,
2645 1871 2950 1942 ἐξηγεῖσθαι
2989 1877 3102 1937 τοῖς
3139 1873 3242 1927 ἀνά
3288 1877 3463 1929 πᾶσαν
3494 1876 3598 1946 τὴν

374 1955 644 2000 etiarrent.
675 1946 898 2000 Cantate
925 1945 1143 1998 Domino
1166 1946 1332 1998 omnis
1361 1955 1569 1998 terra...
1606 1943 1932 1997 Annuntiate

370 2040 438 2090 de
483 2037 567 2092 die
595 2038 644 2090 in
679 2037 816 2090 diem
844 2037 1076 2090 salutare
1105 2035 1238 2104 ejus.
1276 2035 1562 2106 Nunquam
1595 2037 1738 2089 enim
1769 2038 1929 2089 linem

2030 1964 2351 2033 οἰκουμένην
2383 1961 2608 2016 ἔθνεσιν.
2649 1965 2868 2033 ’ᾼσατε
2902 1964 2980 2030 τῷ
3011 1966 3226 2034 Κιφιῳ,
3263 1965 3429 2022 πᾶσα
3454 1969 3490 2034 ή
3515 1967 3594 2037 γῆ

2034 2091 2050 2108 .
2087 2092 2102 2107 .
2141 2091 2154 2108 .
2197 2093 2212 2107 .
2247 2053 2705 2124 Εὐαγγελίζὲσθε
2727 2055 2954 2124 ἡμέραν
2972 2057 3041 2122 ἐξ
3068 2058 3289 2126 ἡμέρας
3316 2059 3380 2112 τὸ
3401 2060 3600 2127 σωτή-

374 2131 572 2184 facient
616 2129 683 2184 ad
731 2145 903 2199 usque
961 2129 1484 2184 consummationem
1539 2128 1727 2182 mundi
1796 2125 1930 2182 Novi

2071 2161 2160 2197 ιον
2194 2145 2398 2198 αὐτοῦ.
2423 2146 2496 2197 Οὐ
2525 2144 2632 2215 γὰρ
2664 2146 2960 2201 παύσονται
2986 2125 3144 2220 μέχρι
3167 2125 3471 2214 συντελείας
3503 2125 3602 2203 κό-

374 2220 702 2276 Testamenti
737 2221 991 2290 mysteria
1022 2219 1176 2274 nobis
1211 2219 1549 2274 enuntiandi.

443 2315 496 2367 4.
536 2312 798 2378 Quoniam
825 2328 1044 2382 magnus
1071 2311 1328 2364 Dominus
1359 2319 1406 2364 et
1437 2309 1724 2364 laudabilis
1751 2308 1930 2362 nimis.

375 2405 589 2471 Docetc,
619 2405 828 2475 inquit,
860 2415 1078 2473 gentes,
1119 2419 1242 2456 nam
1275 2402 1320 2458 si
1349 2402 1604 2465 audiant,
1639 2409 1936 2472 agnoscent

371 2501 492 2566 ejus
536 2499 630 2568 qui
663 2497 988 2564 praedicatur
1028 2496 1283 2550 deitatem
1315 2505 1370 2550 et
1399 2495 1858 2566 magnitudinem;
1889 2495 1933 2549 si

373 2598 688 2658 agnoscant,
719 2589 1020 2644 laudabunt
1043 2604 1189 2642 eum.
1228 2588 1500 2641 Terribilis
1534 2597 1611 2641 est
1640 2604 1794 2655 super
1817 2603 1932 2640 om-

374 2700 460 2736 nes
491 2684 634 2737 deos.
677 2681 811 2738 Illud
859 2692 939 2737 est
983 2681 1278 2735 maximum
1322 2681 1573 2750 gentibus
1617 2680 1684 2734 ad
1719 2678 1934 2733 Domini

373 2778 623 2831 timerem
659 2775 1094 2840 incitamentum,
1127 2774 1270 2843 quod
1303 2773 1538 2826 viderint
1561 2787 1749 2826 eorum
1779 2771 1930 2835 deos,

375 2879 432 2924 ut
456 2870 741 2932 vocabant,
765 2867 1016 2922 incendio
1046 2868 1294 2921 traditos.
1329 2865 1608 2920 Noverunt
1635 2864 1780 2918 enim
1812 2864 1934 2921 illos

373 2979 563 3018 omnes
593 2979 698 3017 non
725 2976 846 3016 esse
889 2961 1055 3024 deos,
1089 2959 1183 3014 sed
1227 2957 1512 3013 daemonia.
1548 2957 1712 3012 Solus
1750 2965 1931 3012 autem

369 3053 636 3107 Dominus
666 3050 967 3106 caelestium
995 3048 1176 3118 opifex
1200 3055 1305 3103 est.

445 3146 498 3200 5.
554 3145 816 3209 Quoniam
860 3158 1034 3195 omnes
1082 3140 1159 3194 dii
1206 3142 1437 3210 gentium
1483 3140 1763 3196 diemonia.
1828 3139 1931 3207 Qui

368 3239 514 3294 enim
542 3237 617 3292 dii
642 3235 997 3299 vocabantur,
1025 3234 1246 3304 maligni
1281 3232 1556 3288 daemones
1586 3232 1755 3289 fuisse
1785 3247 1936 3288 com-
1960 3231 2002 3289 C

371 3332 509 3402 perti
537 3340 663 3386 sunt
690 3347 705 3384 :
735 3339 789 3384 at
819 3329 1073 3382 Dominus
1105 3336 1281 3380 noster
1309 3326 1462 3380 ctelos
1495 3326 1638 3395 fecit.

445 3423 496 3477 6.
525 3422 890 3478 Sanctimonia
923 3430 971 3474 et
1009 3420 1401 3489 magniﬁcentia
1431 3421 1485 3472 in
1513 3419 1935 3488 sanctiﬁcatione

369 3518 506 3587 ejus.
543 3514 912 3570 Sanctillcatio
937 3514 1057 3583 ejus
1081 3521 1164 3567 est
1192 3512 1458 3574 Ecclesia,
1487 3526 1609 3581 qua:
1649 3521 1702 3566 et
1744 3519 1930 3565 sancta

371 3620 424 3662 et
476 3607 759 3679 magniﬁca
804 3614 907 3661 est.
961 3604 1222 3660 Excelsus
1266 3619 1504 3675 namque
1550 3614 1632 3660 est
1681 3602 1936 3658 Ecclesia

372 3708 616 3754 ornatus.

445 3792 557 3846 7-9.
585 3792 780 3860 A/j’erte
809 3789 1055 3853 Domino,
1089 3790 1278 3857 patria:
1301 3789 1554 3858 gentium,
1593 3796 1696 3841 etc.
1725 3786 1937 3841 Patrias

373 3893 534 3938 vocat
558 3883 921 3938 Ecclesiarum
961 3879 1271 3950 praefectos,
1312 3880 1364 3933 id
1394 3888 1505 3943 est,
1543 3878 1853 3932 sacerdotes
1883 3887 1938 3932 et

374 3972 651 4042 praesides.
696 3971 761 4025 Et
805 3987 937 4026 sane
970 3971 1222 4025 convenit
1250 3970 1506 4039 operibus
1551 3969 1712 4022 bonis
1764 3967 1934 4024 Deum

373 4062 699 4132 gloriﬁcare,
748 4072 798 4116 et
844 4061 1008 4131 justis
1036 4059 1314 4114 laboribus
1345 4060 1612 4112 honorare
1647 4059 1818 4120 illum,
1855 4069 1938 4113 at-

373 4166 479 4220 que
521 4151 738 4219 insuper
786 4149 1086 4220 spiritualia
1126 4149 1202 4202 illi
1257 4147 1523 4202 sacrificia
1573 4148 1788 4203 oll‘erre.
1836 4147 1934 4201 Of-

374 4243 514 4298 ferre
552 4241 806 4296 nimirum
843 4241 896 4295 in
924 4243 1076 4297 atriis
1117 4240 1324 4296 sanctis
1351 4239 1492 4307 ejus,
1527 4239 1734 4294 scilicet
1763 4241 1816 4294 in
1846 4257 1937 4294 ec-

373 4333 576 4389 clesiis.
629 4331 1027 4386 Commoveatur
1072 4349 1104 4385 a
1144 4331 1278 4400 facie
1316 4331 1430 4400 ejus
1479 4331 1722 4384 universa
1770 4341 1932 4386 terra.

370 4423 636 4478 Futurum
665 4424 809 4476 enim
855 4431 972 4476 erat
1010 4431 1072 4476 ut
1103 4438 1200 4492 per
1224 4436 1439 4478 omnem
1474 4431 1675 4474 terram
1719 4422 1938 4477 audire-

374 4526 461 4568 tur
490 4515 820 4584 praedicatio,
853 4525 905 4568 et
931 4526 989 4570 ut
1023 4525 1164 4570 terra
1195 4513 1349 4586 quasi
1379 4530 1407 4568 a
1449 4515 1632 4584 priore
1661 4529 1760 4569 suo
1789 4523 1932 4569 statu

372 4615 816 4660 commoveretur.

447 4701 532 4750 10.
574 4695 783 4750 Etenim
817 4698 1040 4751 correxit
1067 4697 1241 4750 orbem
1275 4706 1430 4751 terra:
1460 4697 1550 4766 qui
1577 4713 1678 4749 non
1707 4711 1937 4749 commo-

373 4788 592 4842 vebitur.
622 4786 894 4842 Fundavit
927 4788 1071 4842 enim
1109 4787 1403 4843 Ecclesium
1437 4803 1599 4857 supra
1627 4797 1856 4857 petram,
1885 4796 1938 4864 et

374 4890 544 4951 porta:
577 4879 733 4937 inferi
767 4897 873 4937 non
909 4881 1278 4951 praevalebunt
1306 4881 1569 4936 adversus
1599 4896 1740 4934 eam.
1778 4877 1939 4931 Judi-

372 4975 512 5029 cabit
547 4974 764 5045 populos
799 4975 852 5028 in
885 4975 1151 5045 wquitate.
1195 4972 1357 5028 Venit
1405 4974 1551 5028 enim
1595 4982 1648 5026 et
1675 4970 1941 5040 judicavit

375 5083 596 5124 causam
627 5077 892 5132 nostram,
922 5077 976 5122 et
1006 5066 1285 5136 improbos
1306 5076 1564 5138 tyrannos
1592 5064 1798 5133 exegit,
1829 5063 1936 5116 im-

377 5173 542 5233 puros
575 5158 782 5214 scilicet
821 5159 1118 5212 daemones.

579 5248 846 5303 Lwtentur
890 5248 1005 5301 caeli
1047 5257 1097 5302 et
1144 5247 1368 5301 exsultet
1413 5256 1572 5298 terra.
1603 5243 1737 5298 Cum
1771 5243 1940 5299 totius

378 5340 527 5394 orbis
547 5339 748 5394 bonum
779 5350 1028 5408 ageretur
1059 5339 1308 5392 cmlestes
1336 5336 1561 5390 virtutés
1591 5350 1713 5390 cum
1742 5335 1939 5404 gaudio

379 5430 664 5486 dicebant:
699 5429 875 5483 Gloria
906 5431 960 5482 in
997 5429 1212 5483 excelsis
1257 5429 1358 5481 Deo
1397 5437 1444 5481 et
1474 5427 1526 5480 in
1567 5437 1706 5480 terra
1749 5427 1934 5481 pax".

381 5518 775 5572 Commoveatur
805 5535 946 5571 mare
991 5528 1036 5572 et
1081 5518 1351 5586 plenitudo
1381 5516 1516 5585 ejus.
1562 5516 1705 5571 Mare
1739 5517 1827 5572 hic
1864 5519 1941 5572 si-

383 5607 598 5676 gniﬁcat
623 5608 858 5678 gentium
909 5606 1327 5676 plenitudinem,
1380 5621 1498 5675 quae
1527 5615 1800 5662 commota
1834 5616 1940 5674 est,

446 5826 488 5863 "
527 5825 657 5883 Luc.
697 5838 758 5889 ιι,
796 5823 875 5878 ιιι.

2035 2251 2169 2304 σμου
2189 2235 2256 2288 τὰ
2269 2236 2366 2305 τῆς
2383 2235 2524 2298 Νέας
2549 2236 2822 2308 Διαθήκης
2839 2239 2966 2308 ἡμῖν
2987 2238 3268 2303 λαλοῦντες
3300 2241 3595 2311 μυστήρια.

2105 2326 2231 2378 Ὅτι
2261 2325 2447 2393 μέγας
2477 2329 2691 2394 Κύριος
2723 2329 2817 2381 καί
2847 2329 3081 2395 αἱνετὸς
3131 2329 3365 2399 σφόδρα
3444 2331 3606 2386 Διδά-

2034 2418 2179 2482 ξατε,
2216 2419 2368 2488 φησὶ,
2400 2418 2467 2472 τὰ
2516 2419 2643 2490 ἔθνη
2664 2437 2677 2450 ·
2711 2421 2803 2474 καὶ
2844 2421 2952 2492 γὰρ
2985 2420 3364 2474 ὑπακούσαντα
3421 2423 3598 2488 γνοῖεν

2031 2509 2124 2563 τοῦ
2155 2528 2222 2580 κη
2233 2512 2552 2582 ρυττομένου
2575 2512 2673 2584 τὴν
2707 2511 2933 2582 θεότητα
2965 2513 3058 2565 καὶ
3081 2512 3178 2582 τὴν
3203 2511 3597 2583 μεγαλοσύνην⁹

2033 2601 2126 2655 καὶ
2145 2601 2338 2670 γνόντα
2371 2603 2736 2656 ἐπαινέσουσι.
2773 2604 3026 2672 Φοϐερός
3059 2603 3228 2658 ἐστιν
3263 2604 3414 2672 ὑπὲρ
3446 2605 3601 2658 πάν-

2031 2709 2136 2758 τας
2159 2693 2298 2760 τοὺς
2330 2694 2518 2759 θεοὺς.
2543 2694 2714 2747 Τοῦτο
2747 2695 2978 2765 μάλιστα
3001 2695 3067 2748 τὰ
3100 2695 3226 2764 ἔθνη
3260 2697 3350 2750 ἐπὶ
3379 2696 3468 2748 τὸν
3499 2697 3604 2748 τοῦ

2034 2784 2235 2856 Κυρίου
2263 2784 2422 2853 φόϐον
2446 2786 2940 2857 προτρέπεται,τὺν
2969 2788 3290 2858 ἐμπρησμὸν
3319 2787 3604 2857 ἑωρακότα

2035 2867 2175 2932 κατά
2200 2881 2308 2934 τῶν
2338 2881 2504 2934 πάλαι
2527 2883 2939 2954 ὀνομαζομένων
2978 2884 3154 2936 αὐτῶν
3195 2883 3349 2936 θεῶν.
3389 2884 3602 2950 Ἔγνω-

2036 2988 2134 3026 σαν
2159 2971 2286 3044 γὰρ,
2314 2971 2388 3036 ὡς
2416 2973 2616 3038 πάντες
2648 2975 2842 3027 ἐκεῖνοι
2865 2975 2963 3027 οὐκ
2999 2971 3136 3045 ἦσαν
3161 2973 3290 3037 θεοὶ,
3321 2973 3455 3027 ἀλλά
3480 2973 3604 3028 δαι-

2037 3063 2213 3134 μόνια.
2246 3064 2420 3128 Μόνος
2447 3064 2503 3118 δὲ
2529 3066 2557 3118 ὁ
2579 3064 2781 3136 Κύριος
2807 3064 2916 3118 τῶν
2937 3065 3198 3135 οὐρανίων
3242 3064 3485 3134 ποιητής.

2111 3156 2235 3208 Ὅτι
2258 3155 2478 3222 πάντες
2504 3158 2558 3210 οἱ
2585 3158 2702 3212 θεοὶ
2731 3157 2848 3209 τῶν
2867 3154 3057 3209 ἐθνῶν
3079 3155 3368 3224 δαιμόνια.
3405 3155 3467 3207 Ol
3498 3155 3608 3225 μὲν

2034 3248 2142 3317 γὰρ
2169 3247 2489 3318 καλούμενοι
2514 3246 2624 3300 θεοὶ
2644 3247 2894 3318 δαίμονες
2919 3246 3173 3317 ὤφθησαν
3208 3246 3452 3318 πονηροὶ,
3483 3246 3607 3299 ὀ.δὲ

2035 3339 2314 3408 ἡμέτερος
2338 3339 2551 3406 Κύριος
2587 3338 2724 3404 τοὺς
2747 3337 3039 3406 οὐρανοὺς
3081 3337 3383 3402 ἐποίησεν.

2118 3429 2434 3499 Ἀγιωσύνη
2459 3427 2555 3481 καί
2575 3427 3054 3497 μεγαλοπρέπεια
3082 3428 3153 3480 ἐν
3183 3425 3262 3492 τῷ
3281 3425 3611 3498 ἁτιάσματι

2033 3521 2236 3575 αὐτοῦ.
2286 3520 2556 3590 Ἀγίασμα
2577 3519 2802 3589 αὐτοῦὴ
2839 3511 3150 3588 Ἐκκλησία,
3189 3519 3308 3588 ἧτις
3336 3518 3428 3571 καὶ
3464 3517 3610 3585 ἀγίι

2035 3610 2149 3661 ἐστὶ
2172 3609 2265 3662 καὶ
2302 3607 2741 3679 μεγαλοπρεπής.
2778 3607 3008 3677 Ὑψηλὸς
3046 3607 3154 3678 γὰρ
3185 3607 3214 3659 ὁ
3267 3606 3466 3676 κόσμος
3499 3606 3609 3674 τῆς

2046 3699 2240 3768 Ἐκκλη
2249 3700 2388 3762 σίας.

2118 3789 2430 3858 Ἐνέγκατε
2458 3790 2535 3855 τῷ
2555 3791 2767 3858 Κυρίῳ,
2791 3792 2852 3842 αὶ
2873 3789 3106 3857 πατριαὶ
3129 3787 3244 3841 τῶν
3257 3788 3461 3842 ἐθνῶν.
3488 3789 3612 3840 Πα-

2033 3882 2188 3954 τριάς
2218 3882 2370 3934 καλεῖ
2389 3884 2513 3946 τοὺς
2543 3882 2649 3935 τῶν
2677 3880 3012 3950 Ἐκκλησιῶν
3035 3880 3385 3950 ἡγουμένους,
3418 3879 3614 3948 ἱερέας

2035 3971 2177 4042 φημὶ
2201 3971 2294 4024 καὶ
2329 3971 2642 4042 προέδρους.
2675 3971 2785 4023 Καὶ
2812 3970 3014 4042 πρέπει
3037 3969 3126 4022 διά
3149 3967 3257 4021 τῶν
3289 3968 3461 4038 ἔργων
3489 3967 3613 4021 τῶν

2033 4061 2254 4130 ἀγαθῶν
2284 4059 2525 4126 δοξάζειν
2548 4062 2638 4115 τὸν
2667 4062 2819 4126 Θεὸν,
2860 4063 2955 4115 καὶ
2989 4060 3094 4131 μὴν
3147 4061 3240 4113 καὶ
3285 4062 3448 4130 τιμᾷν
3493 4059 3614 4113 ἀπὸ

2033 4151 2251 4204 δικαίων
2281 4153 2458 4205 πόνων
2488 4151 2686 4216 αὐτῶν,
2719 4151 2799 4203 ἔτι
2831 4167 2894 4218 γε
2933 4150 3038 4220 μὴν
3079 4149 3172 4202 καὶ
3221 4148 3408 4210 Θυσίας
3451 4148 3616 4217 αὐτῷ

2034 4240 2320 4312 ἀναφέρειν
2350 4241 2544 4309 νοητάς
2565 4257 2578 4269 ’
2617 4240 2904 4310 ἀναφέρειν
2939 4239 3073 4291 δὲέν
3095 4240 3212 4302 ταῖς
3239 4237 3406 4300 θείαις
3435 4238 3612 4291 αὐτοῦ

2036 4331 2242 4396 αὐλαῖς,
2284 4331 2483 4404 δηλαδὴ
2519 4335 2639 4394 ταῖς
2692 4331 3026 4402 ἐκκλησίαις.
3076 4328 3429 4395 Σαλευθήτω
3481 4329 3612 4381 ἀπὸ

2035 4421 2354 4489 προσώπου
2381 4422 2566 4494 αὐτοῦ
2588 4423 2755 4476 πᾶσα
2786 4424 2822 4489 ἠ
2996 4420 3223 4490 Ἔμελλε
3256 4418 3365 4490 γὰρ
3387 4420 3465 4481 είς
3500 4423 3612 4472 πᾶ-

2039 4527 2136 4565 σαν
2166 4511 2263 4569 τὴν
2311 4512 2632 4582 οἰκουμένην
2666 4510 2988 4575 ἐξάκουστον
3030 4507 3278 4578 γενέσθαι
3315 4509 3607 4577 κήρυγμα,

1962 4577 2012 4636 Ῐ)
2039 4604 2131 4656 καὶ
2159 4605 2316 4656 οἱονεὶ
2352 4577 2748 4673 τῆς-προτέρας
2790 4601 3029 4664 στάσεως
3070 4598 3311 4654 σαλεύειν
3340 4598 3436 4668 τὴν
3467 4599 3603 4667 γῆν.

2108 4695 2216 4748 Καὶ
2238 4695 2346 4763 γὰρ
2373 4693 2716 4761 κατώρθωσε
2737 4692 2850 4759 τὴν
2869 4690 3228 4760 οἰκουμένην
3249 4689 3379 4756 ἣτις
3401 4690 3473 4741 οὺ
3504 4704 3613 4741 σα-

2040 4783 2416 4848 λευθήσεται.
2466 4781 2823 4851 Ἐθεμελίωσε
2855 4781 2961 4851 γὰρ
3002 4779 3094 4833 ἐπὶ
3129 4779 3224 4850 τὴν
3271 4779 3476 4848 πέτραν
3508 4780 3616 4848 τὴν

2056 4873 2400 4944 Ἐκκλησίαν,
2432 4876 2522 4927 καὶ
2548 4872 2711 4925 πύλαι
2736 4872 2862 4943 ᾅδου
2883 4873 2943 4925 οὐ
2967 4871 3379 4940 κατισχύσουσιν
3412 4869 3609 4938 αὐτῆς.

2044 4964 2245 5034 Κρινεῖ
2260 4965 2449 5030 λαοὺς
2475 4965 2546 5018 ἐν
2564 4965 2862 5032 εὐθύτητι.
2902 4959 3070 5016 *Ηλθε
3103 4962 3212 5034 γὰρ
3252 4961 3346 5014 καὶ
3389 4960 3614 5014 ὲδίκασε

2038 5062 2136 5131 τὴν
2168 5062 2345 5133 κρίσιν
2375 5062 2551 5131 ἡμῶν,
2577 5061 2672 5114 καὶ
2700 5061 2825 5124 τοὺς
2885 5059 3151 5130 πονηροὺς
3195 5055 3499 5127 τυράννους
3523 5055 3616 5120 es.
3662 5063 3668 5068 '

2039 5154 2219 5220 ἐϐαλε,
2250 5156 2374 5218 τοὺς
2404 5153 2745 5225 ἀκαθάρτους
2779 5153 2913 5223 φησὶ
2939 5151 3222 5220 δαίμονας.

2108 5245 2647 5315 Εὐφραινέσθωσαν
2675 5250 2726 5300 οὶ
2765 5244 3027 5313 οὐρανοὶ,
3076 5242 3172 5295 καί
3220 5238 3616 5310 circulatian
3656 5236 3663 5244 ’

2041 5339 2078 5405 ἡ
2115 5339 2210 5408 γῆ.
2259 5339 2379 5392 Ἐπὶ
2404 5347 2512 5411 γάρ
2537 5343 2603 5410 τῇ
2651 5335 2984 5407 κατορθώσει
3037 5334 3135 5404 τῆς
3185 5330 3511 5400 οἰκουμένης
3551 5331 3614 5381 αἱ

2044 5431 2285 5501 οὐράνιαι
2315 5430 2568 5500 δυνάμεις
2590 5430 2822 5493 ἔφασκον
2853 5425 3136 5496 χαίρουσαι
3157 5440 3169 5452 ’
3199 5422 3352 5484 Δόξα
3377 5420 3446 5472 ἐν
3471 5421 3612 5487 ὑψτί-

2046 5536 2212 5587 στοις
2243 5519 2363 5587 Θεῷ
2389 5521 2484 5574 καὶ
2511 5519 2608 5573 ἐπὶ
2638 5518 2746 5588 γῆς
2775 5517 3000 5585 εἰρήνη.
3034 5511 3386 5579 Σαλευθήτω
3431 5511 3470 5577 ἡ
3506 5508 3612 5562 θά-

2043 5615 2248 5664 λασσα
2268 5610 2359 5664 καί
2390 5610 2453 5663 τὸ
2470 5607 2758 5676 πλήρωμα
2776 5603 2984 5673 αὐτῆς.
3008 5603 3291 5658 Θάλασσαν
3318 5601 3374 5653 ὲν
3402 5596 3612 5659 τούτοις
