3778 6276
132 204 237 263 ιιτ

1254 199 1618 256 EXPOSlTiO
1667 196 1732 252 IN
1773 195 2111 257 PSALMUM
2141 200 2324 257 XCVI.

3293 205 3405 262 M3

133 324 236 377 τῶν
267 321 455 376 ἐθνῶν
474 321 736 393 σημαίνει
755 320 856 393 τὴν
877 318 1104 389 πληθὺν,
1126 318 1248 389 ἥτις
1266 316 1360 371 καὶ
1386 316 1720 371 σεσάλευται

1876 315 1892 368 l
1952 326 2036 373 est
2082 318 2148 373 ad
2205 317 2570 389 recipiendam
2637 318 3078 389 praedicationem
3147 319 3406 380 deducta.

132 414 419 468 τουτέστιν
454 416 541 477 εἰς
566 412 628 466 τὸ
653 409 1012 476 ὑποδέξασθαι
1044 410 1105 463 τὸ
1129 410 1394 482 κήρυγμα
1425 409 1730 481 κεκίνηται.

137 505 482 573 Χαρήσεται
506 504 581 559 τὰ
617 501 795 557 πεδία
818 502 917 555 καὶ
950 501 1148 554 πάντα
1171 503 1242 554 τὰ
1258 500 1328 554 ἐν
1352 499 1583 565 αὐτοῖς·
1603 498 1737 552 τότε

138 593 627 663 ἀγα-,ιιιὰσονται
669 590 869 645 πάντα
914 589 983 643 τὰ
1008 588 1164 652 ξύλα
1191 588 1297 642 τοῦ
1328 586 1575 656 δρυμοῦ.
1638 586 1737 639 Διὰ

140 686 237 740 τῶν
287 686 510 739 πεδίων
540 684 637 739 καὶ
693 683 799 755 μὴν
850 681 946 736 καὶ¹
999 680 1111 734 τῶν
1149 679 1322 747 ξύλων
1372 680 1533 750 ἁγίας
1558 678 1737 750 ψυχὰς

141 772 265 829 εἶναι
301 776 602 848 σημαίνει,
632 775 690 829 αἳ
723 774 817 827 ἐπὶ
842 776 907 844 τῇ
930 772 1025 826 τοῦ
1050 772 1257 844 κόσμου
1289 771 1535 843 σωτηρίᾳ
1563 768 1736 840 ἠγαλ-

139 868 423 922 λιάσαντο.

140 962 464 1017 ἸἏΛΜΟΣ
514 958 716 1024 Aavid,
780 959 879 1013 ὅτε
939 958 977 1026 ή
1052 957 1130 1029 γῆ
1194 956 1382 1012 αὐτοῦ
1456 955 1737 1009 καθιστα-

805 1068 919 1106 ται.
956 1053 1086 1119 Acr.

786 1145 800 1164 '
811 1144 1120 1209 Υπόθεσις.

138 1240 301 1296 Πάλιν
330 1241 436 1294 καὶ
503 1237 741 1292 ἐνταῦθα
796 1236 894 1303 τὴν
938 1235 1212 1307 σωτηρίαν
1254 1233 1349 1288 τοῦ
1383 1234 1590 1305 κόσμου
1635 1248 1734 1303 ση-

196 1333 422 1405 μαίνει,
478 1331 576 1385 καὶ
618 1330 726 1384 τῶν
778 1327 948 1381 ἐθνῶν
1002 1328 1260 1382 ἁπάντων
1297 1325 1396 1399 τὴν
1451 1328 1532 1389 είς
1574 1325 1735 1380 αὐτὸν

196 1442 423 1479 πιστιν.

197 1519 434 1585 Κύριος
499 1514 925 1578 ἐϐασίλευσεν,
978 1509 1364 1582 ἀγαλλιάσθω
1414 1511 1453 1579 ἡ
1505 1510 1605 1582 γῆ,
1634 1513 1736 1566 εὐ·-

138 1608 590 1678 ρρανθήτωσαν
625 1606 805 1674 νῆσοι
831 1606 1075 1659 πολλαί.
1108 1604 1327 1674 Νήσους
1360 1604 1461 1666 τὰς
1508 1601 1738 1675 Ἐκκλη-

1840 405 2152 462 Gaudebant
2193 412 2364 480 campi
2391 420 2441 465 et
2493 411 2668 466 omnia
2699 425 2819 481 guto
2858 412 2911 464 in
2951 412 3024 465 eis
3069 419 3213 464 sunt.
3264 410 3408 466 Tunc

1836 499 2175 556 exsultabant
2223 503 2402 556 omnia
2449 502 2596 572 ligna
2638 502 2914 558 silvarum.
2948 502 3054 557 Per
3083 517 3309 573 campos
3355 510 3415 560 et

1837 589 2013 661 ligna,
2064 603 2283 650 sanctas
2337 593 2552 651 animas
2601 595 2908 667 signiﬁcat,
2954 611 3076 666 quae
3125 597 3192 651 de
3233 594 3410 652 salute

1837 683 2026 738 mundi
2060 684 2491 740 exsultaverunt.

2041 941 2091 995 1.
2120 940 2360 997 ΡεΑωι
2372 942 2455 999 US
2482 942 2657 997 David
2680 945 2891 1016 quando
2925 954 3067 1000 terra
3092 944 3205 1014 ejus

2292 1036 2582 1090 constituta
2610 1046 2707 1091 est.
2745 1036 2840 1093 XC
2857 1036 2952 1091 Vl.

2419 1126 2819 1198 Argumentum.

1839 1213 1938 1272 Hic
1974 1232 2194 1273 rursum
2243 1220 2473 1275 salutem
2519 1222 2707 1277 mundi
2759 1221 3076 1291 signiﬁcat,
3122 1230 3178 1278 et
3236 1221 3399 1278 ﬁdem

2205 1310 2451 1366 omnium
2481 1313 2722 1383 gentium
2750 1313 2806 1367 in
2835 1314 3033 1382 ipsum.

1908 1489 2170 1544 Dominus
2201 1491 2457 1562 regnavit,
2491 1492 2714 1545 exsultet
2742 1502 2905 1555 terra,
2948 1491 3193 1547 la'tentur
3219 1494 3408 1551 insulse

1840 1580 2039 1637 multa.
2071 1581 2283 1639 Insulas
2311 1597 2472 1640 vocat
2496 1583 2787 1649 Ecclesias,
2815 1594 3000 1655 utpote
3045 1587 3195 1642 omni
3239 1597 3403 1643 vento

139 1669 246 1762 σίας
278 1669 487 1769 φησιν,
518 1697 614 1750 ἆτε
662 1669 726 1767 δὴ
769 1694 1125 1767 ριπιζομένας
1180 1669 1286 1748 υπὸ
1338 1693 1539 1757 παντὸς
1570 1669 1720 1747 πνεό-

1876 1674 2089 1745 gitatas,
2116 1684 2172 1731 et
2193 1676 2353 1734 salsis
2382 1678 2704 1749 asperisque
2731 1693 3103 1735 aerumnarum
3145 1674 3403 1737 (luctibus

141 1809 328 1861 ματος,
364 1790 464 1843 καὶ
491 1789 599 1861 μὴν
630 1788 726 1842 καὶ
754 1787 1182 1861 περιρρεομένας
1223 1788 1343 1851 ταῖς
1378 1787 1730 1858 περιστάσεσι

137 1888 244 1949 ταῖς
273 1885 586 1956 ἁλμυραῖς.
1428 1898 1431 1901 ‘

197 1975 454 2047 Νεφέλη
492 1974 594 2029 καὶ
624 1975 851 2045 γνόφος
891 1975 1096 2041 κύκλῳ
1148 1974 1355 2029 αὐτοῦ.
1406 1973 1516 2047 Τὴν
1569 1973 1730 2045 λελη-

140 2068 289 2123 θυῖαν
328 2067 504 2123 αὐτοῦ
531 2070 590 2122 ἐν
616 2065 925 2140 ἀνθρώποις
957 2067 1182 2122 κάθοδον
1213 2067 1489 2140 σημαίνει,
1549 2071 1637 2124 ὅτε
1671 2071 1729 2123 ἐν

137 2164 195 2233 τῇ
228 2159 335 2214 τοῦ
356 2159 553 2214 δούλου
578 2159 788 2230 πέφηνε
821 2163 1022 2232 μορφῇ.
1042 2162 1404 2231 Δικαιοσύνη
1431 2162 1528 2216 καὶ
1554 2161 1731 2231 κρῖμα

139 2256 513 2323 κατόρθωσις
543 2251 652 2306 τοῦ
683 2252 901 2320 θρόνου
931 2252 1136 2308 αὐτοῦ.
1155 2252 1302 2325 Αὕτη
1334 2254 1545 2323 γέγονε,
1576 2254 1728 2325 φησὶ,

138 2345 224 2416 τῆς
278 2344 542 2414 ἀφέσεως
590 2343 761 2398 αἰτία·
821 2343 882 2396 τὺ
929 2346 1108 2417 κρῖναι
1138 2343 1361 2409 δικαίως
1403 2345 1501 2417 τὴν
1548 2346 1729 2416 κρίσιν

140 2436 320 2508 ἡμῶν,
351 2437 422 2509 ῆν
455 2435 652 2507 ἔχομεν
699 2432 900 2506 δηλαδὴ
935 2435 1072 2507 πρὸς
1113 2436 1214 2500 τὰς
1246 2435 1491 2506 πονηρὰς
1516 2437 1611 2490 καὶ
1635 2437 1729 2491 ἀν-

139 2528 463 2595 τικειμένας
488 2527 767 2599 δυνάμεις.

200 2621 340 2690 Πῦρ
380 2618 646 2675 ἐνώπιον
693 2620 881 2675 αὐτοῦ
933 2621 1429 2689 προπορεύσεται.
1487 2621 1730 2676 Ἐκαυσε

140 2714 240 2785 γὰρ
266 2716 339 2785 τῇ
364 2712 490 2784 θείᾳ
515 2712 679 2766 αὐτοῦ
707 2712 933 2784 δυνάμει
962 2714 1143 2768 πᾶσαν
1192 2711 1434 2784 πονηράν
1459 2714 1553 2767 καὶ
1583 2714 1733 2767 ἀντι-

141 2806 408 2878 κειμένην
440 2804 744 2876 ἐνέργειαν.

207 2900 492 2967 Ἔφαναν
536 2899 598 2949 al
651 2897 953 2966 ἀστραπαὶ
1008 2897 1195 2953 αὐτοῦ
1256 2899 1335 2968 τῇ
1387 2899 1728 2972 οἰκουμένῃ.

151 2987 470 3061 ’Δπραπὰς
492 2987 658 3041 αὑτοῦ
687 2990 815 3055 τοὺς
839 2991 1028 3059 ἁγίους
1061 2990 1393 3055 ἀποστόλους
1420 2989 1557 3046 εἶναι
1584 2991 1729 3062 λέγει

143 3084 229 3136 καὶ
252 3079 682 3150 εὐαγγελιστάς,
703 3082 753 3135 οἳ
784 3083 960 3152 φωτὸς
979 3084 1137 3156 δίκην
1165 3083 1490 3157 ὑπέλαμψαν
1514 3083 1611 3156 τὴν
1645 3078 1736 3140 ὑπ’

144 3177 392 3249 οὐρανόν.

213 3269 432 3338 Τᾶὄρη
465 3268 777 3336 ἐτάκησαν
828 3266 969 3321 ὡσεὶ
1024 3268 1209 3337 κηρὸς
1249 3269 1367 3325 ἀπὸ
1414 3268 1737 3338 προσώπου

149 3362 393 3430 Κυρίου.
427 3363 573 3434 Ὀρη
604 3361 706 3425 τὰς
753 3360 1135 3432 ἀντικειμένας
1182 3361 1435 3434 δυνάμεις
1473 3361 1656 3433 φησιν,
1680 3359 1737 3415 αἱ

149 3455 236 3507 καὶ
261 3454 441 3526 κηροῦ
474 3453 635 3526 δίκην
671 3453 1046 3525 συνετάκησαν
1095 3452 1202 3507 ἀπὸ
1258 3453 1350 3507 τοῦ
1402 3452 1735 3526 προειρημέ-

150 3559 234 3596 von
258 3544 513 3616 δηλονότι
535 3544 726 3616 πυρός.
766 3543 941 3615 Ὅπερ
973 3545 1242 3615 πήγνυσιν
1269 3546 1298 3598 ό
1331 3543 1555 3617 βορρᾶς,
1576 3542 1736 3598 τοῦτο

148 3637 298 3707 τήκει
337 3639 370 3692 ὁ
417 3638 593 3701 νότοςο
644 3637 726 3691 διὸ
770 3637 950 3703 καλῶς
1004 3638 1151 3708 λέγει
1208 3638 1242 3709 ἡ
1299 3636 1485 3710 νύμφη
1513 3639 1571 3691 ὲν
1622 3641 1735 3704 τοῖς

154 3730 391 3801 ’ᾼσμασι
453 3728 567 3784 τῶν
601 3728 878 3802 ᾀσμάτων·
953 3728 1324 3800 Ἐξεγείρου,
1362 3728 1580 3798 βορρᾶ,
1635 3730 1734 3785 καὶ

150 3819 345 3890 ἔρχου,
378 3824 545 3886 νότε,
580 3820 952 3876 διάπνευσον
978 3820 1175 3891 κῆπόν
1216 3840 1356 3892 μου,
1391 3822 1489 3877 καὶ
1513 3822 1738 3891 ,ῥευσά-

151 3929 347 3969 τωσαν
372 3914 657 3984 ἁρὼματά
675 3934 815 3985 μου.

208 4005 731 4075 Αίσχυνθήτωσαν
756 4005 979 4071 πάντες
1007 4007 1063 4060 οὶ
1095 4006 1587 4075 προσκυνοῦντες
1610 4006 1735 4074 τοῖς

153 4098 458 4166 γλυπτοῖς·
477 4098 709 4169 ὁρῶντες
737 4098 976 4170 δηλονότι
994 4096 1088 4162 οὓς
1119 4097 1284 4151 πάλαι
1311 4098 1556 4171 ἐνόμιζον
1582 4098 1735 4163 θεοὺς

155 4188 318 4259 κηροῦ
357 4188 519 4260 δίκην
541 4182 833 4260 λυομένόυς
854 4187 959 4241 ὑπὸ
982 4188 1076 4241 τοῦ
1111 4188 1339 4261 Κυρίου.
1379 4191 1733 4259 Προσκυνή-

156 4298 295 4337 cate
333 4281 522 4349 αὐτῷ,
556 4280 780 4348 πάντες
819 4280 1283 4353 ἅγγελοιαὺτοῦ.
1334 4282 1449 4352 Ἐφ’
1496 4280 1577 4346 οἷς
1604 4300 1735 4336 κατ-

155 4375 370 4449 ώρθωσε
394 4379 468 4449 τῇ
504 4376 598 4429 ὑπ’
646 4374 893 4447 οὐρανὸν,
926 4373 1114 4447 φησὶν,
1141 4374 1591 4447 εὐχαριστήσατε.

224 4471 496 4524 Ἤκουσε
525 4466 627 4522 καὶ
652 4465 956 4537 εὐφράνθη
994 4464 1168 4521 Σιών.
1222 4466 1362 4519 Σιὼν
1411 4466 1572 4538 μὲνὴ
1613 4467 1735 4519 Ἐκ-

158 4558 369 4630 adq-sla.
396 4560 467 4613 Τί
488 4559 547 4613 δὲ
570 4560 824 4631 ἤκουσεν,
868 4558 902 4630 ἢ
931 4559 1026 4613 τοῦ
1063 4556 1418 4627 εὐαγγελικοῦ
1447 4557 1736 4629 κηρύγμα-

158 4669 262 4716 τος.
312 4654 409 4708 καὶ
457 4650 802 4723 εὐφροσύνης
856 4651 993 4723 αὐτῇ
1045 4650 1235 4719 γέγονε
1272 4649 1569 4720 πρόξενον;
1625 4649 1737 4704 Καὶ

160 4742 610 4812 Midam-to
642 4744 702 4796 al
725 4740 1040 4811 θυγατέρες
1065 4739 1177 4809 τῆς
1218 4738 1532 4806 Ἰουδαίας.
1561 4740 1740 4809 Θυγα-

160 4835 313 4906 τέρας
333 4838 437 4908 τῆς
481 4834 744 4898 Ἰουδαίας
771 4832 870 4897 τὰς
920 4832 1074 4895 ὁσίας
1117 4831 1295 4903 ψυχάς
1354 4848 1506 4904 φησι,
1546 4831 1646 4897 τὰς
1669 4833 1737 4887 δι’

158 4926 591 4997 ὲξομολογήσεως
623 4924 973 4997 συνημμένας
1001 4923 1140 4995 Θεῷ,
1188 4925 1244 4978 αἳ
1287 4923 1621 4994 ἡγαλλιῶντο
1650 4923 1736 4979 διὰ

160 5016 223 5069 τά
246 5018 333 5071 τοῦ
364 5016 507 5072 Θεοῦ
554 5015 824 5088 κρίματα,
849 5015 1055 5087 ὁρῶσαι
1082 5014 1323 5086 δηλονότι
1365 5015 1492 5080 τοὺς
1540 5034 1738 5088 τυραν-

160 5109 417 5180 νήσαντας
445 5106 909 5181 ἐκϐεϐλημένους,
960 5108 1086 5171 τοὺς
1140 5107 1195 5161 δὲ
1251 5107 1462 5179 δουλεία
1509 5124 1735 5179 κατεχο-

166 5200 347 5270 μῑένους
371 5204 454 5267 είς
485 5200 801 5272 ἐλευθερίαν
837 5200 1245 5273 ὲνηνεγμένους.

230 5296 291 5347 Ol
319 5292 675 5364 ἀγαπῶντες
728 5291 837 5347 τὸν
882 5294 1120 5361 Κύριον,
1190 5291 1421 5360 μισεῖτε
1479 5291 1729 5361 πονηρά.

164 5380 479 5453 Παραίνεσις
506 5382 787 5451 εἰσάγεται
814 5384 926 5445 τοῖς
965 5384 1031 5454 τῇ
1073 5381 1355 5454 ἐλευθερίᾳ
1394 5380 1736 5454 λελυτρωμέ-

165 5490 290 5539 νοις,
316 5475 638 5530 διδάσκουσα
667 5477 774 5529 πᾶν
825 5471 963 5539 εἶδος
1012 5474 1243 5547 πονηρὸν
1276 5473 1730 5547 ἀποστρέφεσθαι.

166 5564 463 5622 ﬁnitioni
488 5568 704 5636 Κύριος
736 5567 843 5634 τὰς
873 5566 1079 5636 ψυχὰς
1117 5564 1238 5622 τῶν
1289 5565 1474 5621 ὁσίων
1521 5565 1728 5622 αὐτοῦ.

238 5655 283 5690 ’⁸
307 5658 457 5721 Cant.
484 5677 559 5728 tv,
590 5660 679 5716 16.

1837 1765 2220 1824 circumfusas.

1907 1946 1963 2003 2.
2008 1944 2188 2000 Nubes
2214 1954 2263 2001 et
2283 1946 2455 2017 caligo
2487 1946 2543 1999 in
2574 1946 2802 2000 circuitu
2823 1945 2954 2016 ejus.
2982 1946 3261 2003 Latentem
3288 1946 3410 2019 ejus

1836 2039 1907 2095 ad
1953 2039 2203 2095 homines
2234 2040 2560 2094 descensum
2591 2038 2885 2109 signiﬁcat,
2916 2038 3138 2109 quando
3194 2039 3251 2094 in
3288 2055 3407 2095 ser-

1838 2130 1891 2186 vi
1947 2128 2122 2185 forma
2169 2131 2442 2199 apparuit.
2474 2129 2705 2184 Iustitia
2756 2139 2806 2185 et
2832 2130 3100 2200 judicium
3152 2131 3408 2186 correctio

1839 2221 2015 2277 throni
2038 2222 2171 2292 ejus.
2195 2220 2341 2290 Hinc,
2366 2222 2562 2292 inquit,
2581 2221 2923 2277 remissionis
2944 2237 3112 2278 causa
3137 2221 3238 2277 luit
3262 2223 3409 2301 quod

1832 2314 1979 2385 jnste
2022 2313 2352 2384 iudicaverit
2396 2327 2620 2369 causam
2670 2321 2913 2368 nostram
2947 2329 3112 2382 quam
3144 2313 3408 2370 habemus

1836 2406 2088 2463 videlicet
2111 2406 2377 2463 adversus
2404 2405 2673 2477 malignas
2712 2414 2763 2461 et
2787 2406 3132 2463 adversarias
3161 2413 3407 2481 potesta-

1840 2512 1943 2556 tes.

1912 2592 1967 2647 5.
1998 2590 2149 2662 Ignis
2209 2599 2332 2646 ante
2363 2591 2535 2661 ipsum
2575 2590 2854 2661 prwcedet.
2891 2588 3084 2646 Divina
3121 2590 3266 2646 enim
3308 2604 3410 2646 sua

1839 2685 2041 2740 virtute
2071 2683 2274 2739 malam
2309 2698 2529 2739 omnem
2570 2691 2732 2754 atque
2793 2682 3162 2738 adversariam
3218 2696 3411 2753 opera-

1840 2777 2043 2835 tionem
2079 2776 2403 2834 combussit.

1912 2872 1966 2928 4.
1985 2871 2290 2926 "luxerunt
2313 2869 2532 2941 fulgura
2555 2870 2668 2940 ejus
2695 2870 2810 2924 orbi
2837 2880 3011 2925 terra.
3038 2868 3279 2940 Fulgura
3309 2882 3411 2924 sua

1840 2965 1974 3020 dicit
2003 2978 2128 3020 esse
2154 2972 2377 3019 sanctos
2406 2963 2688 3034 apostolos
2712 2970 2769 3019 et
2797 2963 3181 3036 evangelistas,
3204 2963 3300 3036 qui
3324 2963 3410 3020 lu-

1764 3043 1809 3101 α
1843 3057 2008 3113 minis
2038 3056 2209 3111 instar
2235 3055 2684 3112 illuminaverunt
2704 3056 2914 3112 orbem.

1909 3245 1963 3301 5.
2001 3243 2206 3299 Montes
2248 3242 2386 3297 sicut
2423 3258 2541 3296 cera
2584 3241 2857 3311 ﬂuxerunt
2900 3256 2934 3295 a
2986 3240 3126 3311 facis
3170 3239 3407 3296 Domini.

1839 3335 2052 3393 Montes
2075 3343 2236 3392 vocat
2260 3333 2601 3391 adversarias
2622 3341 2938 3404 potestates,
2971 3348 3097 3403 quas
3114 3331 3257 3388 sicut
3281 3347 3407 3389 cera

1838 3428 2115 3485 ﬂuxerunt
2147 3426 2387 3498 praedicti
2416 3426 2558 3497 ignis
2583 3439 2770 3496 opera.
2799 3423 2953 3491 Quod
2992 3423 3177 3494 aquilo
3198 3437 3407 3494 coagu-

1838 3520 1935 3587 lat,
1971 3520 2025 3576 id
2055 3528 2241 3575 auster
2272 3517 2575 3588 liquefacit,
2604 3517 2961 3588 quamobrem
2984 3515 3209 3586 pulchre
3234 3530 3407 3585 spon-

1847 3625 1905 3665 sa
1948 3609 2004 3664 in
2026 3608 2268 3665 Canticis
2295 3608 2635 3663 canticorum
2679 3606 2794 3662 ait:
2830 3604 3090 3676 Exsurge,
3117 3604 3317 3677 aquilo,
3357 3612 3411 3659 et

1836 3702 1973 3768 veni,
1999 3708 2199 3766 auster,
2234 3699 2403 3770 perﬂa
2428 3698 2641 3753 hortum
2666 3713 2837 3753 meum
2876 3705 2927 3753 et
2963 3697 3136 3767 ﬂuant
3161 3705 3406 3751 aromata

1838 3809 1952 3849 mea
1984 3792 2051 3846 7‘.

1908 3974 1962 4027 7.
2000 3969 2409 4042 Confundantur
2462 3985 2641 4024 omnes
2678 3969 2770 4041 qui
2825 3969 3054 4025 adorant
3114 3968 3405 4040 sculptilia.

1840 4065 2100 4121 Videntes
2134 4064 2345 4120 scilicet
2386 4078 2524 4134 quos
2575 4062 2704 4118 olim
2762 4063 2893 4119 deos
2937 4062 3201 4133 putabant
3235 4063 3409 4118 instar

1836 4175 1976 4216 cera:
2000 4158 2325 4231 liquefactos
2354 4157 2570 4214 Domini
2592 4173 2776 4228 opera.
2810 4157 3045 4211 Adarate
3070 4172 3402 4220 eum,omnes

1836 4251 2009 4324 angeli
2037 4253 2171 4322 ejus.
2222 4249 2437 4307 Gratias
2465 4250 2628 4321 agite,
2679 4249 2777 4316 ait,
2832 4249 2895 4304 de
2931 4249 2998 4304 iis
3033 4263 3157 4318 quae
3182 4247 3235 4301 in
3260 4256 3407 4301 terra

1835 4341 2092 4412 praeclare
2120 4339 2307 4409 gessit.

1910 4433 1966 4488 8.
1997 4431 2219 4487 Audiuit
2247 4439 2298 4484 et
2326 4429 2513 4485 (letam
2543 4439 2620 4482 est
2649 4426 2797 4483 Sion.
2853 4425 2987 4483 Sion
3023 4436 3110 4482 est
3139 4426 3404 4484 Ecclesia.

1837 4523 2047 4595 Ecquid
2081 4522 2310 4587 audivit,
2364 4521 2471 4577 nisi
2524 4520 2896 4590 evangelicam
2942 4520 3404 4590 praedicationem,

1836 4632 1959 4687 quae
1989 4614 2189 4671 laetitiae
2224 4612 2327 4683 ipsi
2366 4627 2533 4667 causa
2582 4610 2687 4665 fuit
2709 4611 2732 4665 ?
2758 4610 2827 4665 Et
2857 4611 3252 4667 exsultaverunt
3278 4610 3408 4682 ﬁlia:

1836 4708 2066 4763 Judme.
2120 4704 2288 4760 Filias
2320 4702 2521 4759 Judazae
2555 4712 2775 4759 sanctas
2820 4703 3034 4759 animas
3082 4704 3236 4770 dicit,
3287 4720 3410 4775 qua:

1836 4800 1948 4857 Deo
1980 4816 2078 4871 per
2106 4796 2509 4854 confessionem
2542 4797 2847 4865 conjuncta:
2879 4806 3025 4861 sunt,
3064 4811 3293 4866 quasque
3315 4811 3408 4851 ex-

1837 4893 2114 4949 sultabant
2145 4897 2366 4961 propter
2394 4888 2600 4960 judicia
2632 4888 2883 4954 Domini,
2914 4888 3161 4944 videntes
3203 4888 3408 4944 scilicet

1835 4986 2042 5055 ejectos
2076 4994 2361 5055 tyrannos,
2388 4997 2484 5039 eos
2518 4991 2700 5037 autem
2727 4982 2821 5053 qui
2874 4981 2928 5034 in
2962 4978 3223 5035 servitute
3268 4977 3406 5032 deti-

1836 5080 2107 5136 nehantur
2137 5077 2193 5132 in
2215 5076 2521 5132 libertatem
2549 5075 2875 5129 vindicatos.

1908 5276 1997 5332 10.
2029 5273 2134 5340 Qui
2162 5270 2386 5342 diligitis
2429 5267 2737 5329 Dominum,
2763 5263 2905 5316 odite
2935 5259 3099 5315 mala.
3130 5259 3403 5317 Adhorta-

1838 5370 1916 5427 tio
1941 5366 2216 5424 inducitur
2251 5363 2319 5417 iis
2367 5363 2461 5431 qui
2495 5358 2549 5412 in
2598 5357 2905 5411 libertatem
2943 5353 3197 5409 vindicati
3254 5363 3402 5418 sunt,

1840 5463 2044 5518 docens
2078 5469 2135 5514 ut
2164 5457 2233 5512 ab
2260 5452 2411 5510 omni
2455 5448 2637 5521 specie
2678 5446 2819 5504 mala
2851 5454 3187 5502 avertantur.
3213 5444 3406 5501 Custo-

1835 5557 1917 5609 dit
1951 5552 2209 5607 Dominus
2233 5546 2441 5601 animas
2479 5541 2786 5598 sanctorum
2814 5536 3189 5608 suorum..Qui
3215 5550 3253 5595 a
3282 5552 3404 5593 ma-
