3778 6276
316 216 422 273 M9

318 335 461 404 ligno
515 331 688 388 aversi
717 331 871 394 estis,
905 337 1079 384 sancti
1116 322 1291 378 ell'ecti
1341 318 1496 375 estis.
1543 315 1696 370 Tunc
1729 311 1871 365 enim
1909 311 1944 366 Α

317 400 592 492 continget
620 424 775 478 vobis
807 432 866 477 ut
896 421 1161 474 Dominus
1189 431 1289 469 vos
1336 409 1611 468 custodiat
1639 423 1668 460 a
1701 400 1855 457 mali-

320 530 449 585 gno,
476 514 571 584 qui
605 513 822 584 proprie
846 520 1098 582 peccator
1135 516 1238 562 est.

402 696 488 750 ll.
521 694 637 748 Lua:
669 703 785 747 orta
818 701 893 746 est
910 691 1080 762 justo.
1119 684 1438 755 Evangelica
1477 677 1748 734 videlicet.
1774 673 1883 727 Ju-

323 795 404 839 sto
434 785 776 850 autem,hnic
801 782 999 852 populo
1033 779 1241 834 scilicet
1265 775 1358 845 qui
1389 789 1485 844 per
1513 771 1672 826 ﬁdem
1697 767 1880 836 justus

321 887 424 933 est.
459 875 524 928 Et
550 877 704 928 rectis
736 873 888 927 corde
911 871 1139 934 ltrtitia;
1167 870 1221 922 in
1263 868 1379 921 haec
1406 865 1571 919 verba
1610 859 1766 914 rectis
1797 858 1883 910 in-

324 965 775 1036 terpungenrlum,
801 963 874 1016 ita
907 969 967 1014 ut
1000 961 1065 1014 iis
1095 958 1188 1028 qui
1223 955 1358 1011 recti
1391 953 1595 1008 fuerint
1628 951 1681 1004 in
1719 947 1883 1003 corde

327 1059 533 1114 oriatur
563 1056 763 1110 laetitia.
809 1052 866 1106 In
917 1049 1195 1107 communi
1225 1057 1406 1102 autem
1441 1043 1591 1106 illud,
1634 1049 1753 1094 orta
1781 1045 1880 1103 est,

325 1150 721 1220 accipiendum.

632 1231 964 1290 PSALMUS
991 1230 1090 1302 ipsi
1118 1227 1308 1282 David.
1336 1220 1583 1280 XCVII.

910 1326 1305 1394 Argumentum.

324 1423 425 1480 Hic
459 1437 676 1492 quoque
704 1419 948 1490 psalmus
975 1417 1213 1487 priorem
1250 1409 1464 1466 Domini
1489 1406 1782 1462 adventum
1813 1401 1885 1452 si-

393 1515 631 1586 gnilicat,
663 1521 717 1566 et
755 1510 912 1565 [idem
960 1507 1204 1562 omnium
1255 1501 1493 1574 gentium
1545 1511 1671 1567 erga
1708 1494 1882 1557 illum,

398 1584 562 1672 quam
590 1599 830 1656 dediteis
858 1607 918 1652 ut
945 1596 1192 1666 patribus
1236 1594 1351 1648 suis
1377 1589 1653 1660 pollicitus
1687 1584 1881 1639 fuerat.

1200 205 1257 259 S.
1295 194 1661 256 ATIIANASII
1702 189 1852 247 OPP.
1891 179 2070 239 PARS
2107 177 2188 234 Ill.
2222 205 2292 218 —
2329 166 2734 229 EXEGETICA.

3433 156 3548 213 420

1976 305 2037 354 Οἱ
2089 293 2526 368 ἁποστραφέντες
2577 290 2666 344 τὸν
2729 282 2984 356 πονηρὸν.
3037 279 3175 334 ὅσιοι
3221 273 3544 345 γεγένησθε»

1979 392 2112 448 Τότε
2137 389 2202 459 δὴ
2245 363 2580 457 συμὸήσεται
2613 381 2738 451 ὑμῖν
2761 378 2853 431 καὶ
2882 373 2981 445 τῆς
3003 369 3244 459 φυλακῆς
3271 366 3370 436 τῆς
3392 363 3554 434 παρὰ

1975 482 2069 536 τοῦ
2096 479 2297 553 Κυρίου
2319 478 2499 547 τυχεῖν
2526 473 2633 527 ἀπὸ
2662 469 2754 524 τοῦ
2807 464 3065 538 πονηροῦ·
3118 455 3272 524 οὗτος
3297 457 3403 529 γὰρ
3443 474 3550 511 κυ-

1981 575 2110 645 ρίως
2133 569 2473 642 ἁμαρτωλός.

2048 639 2185 728 Φῶς-
2224 639 2492 716 ἀνέτειλε
2546 653 2628 721 τῷ
2665 651 2893 717 δικαίῳ.
2941 648 3015 701 Τὸ
3059 640 3410 712 εὑαγγελικὺν
3453 639 3552 707 δη-

1978 755 2168 809 λονότι.
2194 753 2405 814 Δικαίῳ
2436 750 2512 812 δὲ,
2533 747 2667 818 τῷδε
2695 744 2886 813 δικαίῳ
2909 739 3024 811 λαῷ
3050 739 3137 791 διὰ
3166 737 3265 805 τῆς
3294 733 3553 793 πίστεως.

1978 847 2088 902 Καὶ
2111 844 2230 910 τοῖς
2253 843 2453 897 εὑθέσι
2475 839 2549 909 τῇ
2579 837 2790 906 καρδίᾳ
2813 831 3182 903 εὐφροσύνψ
3213 829 3293 888 είς
3312 825 3394 888 τὸ,
3424 822 3554 887 τοῖς

1979 934 2240 996 εὑθέσιν,
2281 929 2560 996 ὑποστίξαι
2585 927 2685 989 δεῖ,
2711 926 2807 1000 ,ἵνα
2854 925 2966 985 τοῖς
3010 917 3309 989 γινομένοις
3337 912 3556 966 εὑθέσιν

1987 1029 2044 1080 ὲν
2071 1028 2137 1097 τῇ
2189 1023 2382 1095 καρδίᾳ
2441 1019 2693 1092 ἀνατείλῃ
2725 1014 3050 1088 εὐφροσύνη.
3110 1009 3242 1065 Ἀπὸ
3287 1006 3463 1062 κοινοῦ
3489 1004 3555 1060 δὲ

1985 1117 2064 1184 τὸ,
2085 1112 2380 1175 ἀνατελεῖ,
2428 1108 2678 1180 ληπτέον.

2365 1200 2670 1256 ΨΑΑΜΟΣ
2716 1195 2796 1261 τῷ
2849 1191 3046 1247 Δαυΐδ.
3076 1191 3186 1258 ιιῑν.

2587 1289 2908 1351 Ὑπόθεσις.

1984 1386 2094 1441 Kal.
2121 1379 2270 1449 οὗτος
2296 1386 2324 1438 ὁ
2364 1381 2574 1453 ψαλμὸς
2627 1378 2723 1450 τὴν
2781 1375 3048 1449 προτέραν
3103 1368 3403 1444 παρουσίαν
3454 1367 3554 1420 τοῦ

2054 1478 2258 1550 Κυρίου
2289 1474 2564 1548 σημαίνει,
2593 1472 2687 1526 καὶ
2707 1469 2805 1542 τὴν
2840 1468 2946 1522 τῶν
2989 1465 3156 1520 ἐθνῶν
3207 1463 3418 1517 πάντων
3472 1462 3557 1522 εἰς

2059 1570 2218 1625 αὑτὸν
2253 1569 2456 1634 πίστιν,
2481 1568 2546 1637 ἣν
2594 1565 2885 1634 ἐποιήσατο
2911 1559 3051 1614 κατὰ
3079 1557 3176 1620 τὰς
3207 1551 3556 1627 ἐπηγγελμέ-

398 1643 562 1672 qua...
591 1643 829 1656 ...μη-ν.-
861 1643 917 1652 ..-
947 1643 1189 1666 νηηνη
1239 1643 1347 1648 -_--
1382 1643 1401 1660 τ
1432 1643 1435 1644 ν

395 1694 471 1749 Ea
496 1695 562 1749 de
579 1707 749 1748 causa
780 1691 868 1746 hic
898 1689 1243 1744 concitantur
1271 1692 1478 1755 gentes,
1504 1689 1564 1734 ut
1594 1692 1718 1733 cum
1741 1676 1888 1746 jubi-
1916 1653 1924 1707 Ῐ

2056 1680 2152 1726 νας
2186 1664 2297 1725 τοῖς
2336 1659 2604 1732 πατράσιν
2647 1652 2999 1724 ἐπαγγελίας.
3027 1649 3126 1704 Διὰ
3152 1647 3310 1701 τοῦτο
3337 1645 3402 1697 τὰ
3428 1643 3559 1713 ἔθνη

397 1787 600 1841 latione
649 1783 887 1838 victoria:
937 1795 1158 1836 carmen
1215 1787 1433 1839 canant,
1489 1769 1637 1843 quod
1697 1783 1886 1825 eorum

398 1893 563 1933 causa
602 1876 806 1931 editum
840 1874 961 1928 fuit.

403 1971 452 2024 ί.
489 1969 712 2024 Cantate
731 1967 956 2020 Domino
986 1963 1248 2018 canticum
1274 1975 1480 2025 novum,
1506 1958 1634 2027 quia
1679 1953 1893 2008 mirabi-

332 2063 407 2117 lia
443 2063 584 2132 fecit.
618 2059 864 2114 Mirabile
891 2071 1117 2128 prorsus
1146 2062 1231 2111 est
1251 2052 1399 2123 quod
1428 2065 1574 2106 mors
1617 2049 1892 2104 destructa

334 2160 425 2224 sit,
457 2167 511 2213 et
531 2156 674 2228 quod
705 2157 1001 2210 humanum
1028 2165 1198 2222 genus
1222 2147 1495 2204 revixerit.
1524 2143 1761 2200 Salravit
1791 2141 1896 2197 sibi

334 2252 550 2305 dextera
578 2249 715 2318 ejus.
737 2245 997 2300 Mundum
1033 2242 1178 2297 enim
1211 2240 1357 2296 Patri
1389 2237 1587 2293 obtulit
1615 2234 1889 2297 Christus,

335 2343 429 2413 qui
471 2351 555 2397 est
609 2341 832 2395 dextera
857 2336 1054 2391 Patris.
1085 2333 1202 2390 Non
1240 2331 1385 2388 enim
1436 2330 1681 2384 humano
1707 2325 1898 2398 egebat

337 2433 561 2488 auxilio.

404 2525 460 2578 Ξ.
494 2521 696 2577 Notum
726 2521 849 2591 fecit
887 2517 1143 2572 Dominus
1189 2515 1430 2570 salutare
1475 2526 1650 2567 suum.
1697 2506 1900 2561 Carna-

341 2617 443 2671 Icm
492 2615 610 2684 ejus
661 2613 948 2667 adventum
991 2609 1286 2663 salutarem
1344 2604 1553 2661 scilicet
1605 2599 1896 2672 significat.

305 2765 308 2769 ,
341 2705 499 2758 Juxta
527 2704 659 2758 illud
685 2702 890 2758 dictum
925 2716 955 2754 a
981 2697 1276 2754 Simeone:
1315 2695 1454 2762 Quia
1486 2694 1728 2748 viderunt
1761 2689 1900 2744 oculi

343 2798 444 2850 mei
469 2794 706 2850 salutare
733 2802 882 2846 tuum
907 2792 975 2845 ⁷⁸.
1008 2790 1076 2844 In
1111 2799 1385 2858 conspectu
1433 2785 1664 2855 gentium
1705 2779 1902 2835 revela-

343 2891 414 2944 rit
465 2888 737 2958 justitiam
787 2901 960 2939 suam.
1010 2882 1196 2952 Ejecto
1248 2879 1456 2936 scilicet
1503 2875 1666 2944 hujus
1717 2871 1900 2928 saeculi

345 2980 610 3051 principe,
633 2977 792 3032 nobis
819 2984 1000 3030 autem
1033 2972 1126 3044 qui
1154 2971 1284 3026 olim
1334 2969 1438 3025 sub
1471 2963 1757 3038 tyrannide
1789 2979 1904 3018 era-

347 3088 471 3126 mus
492 3069 826 3140 justiﬁeatis.

417 3164 471 3218 5.
507 3161 828 3215 Recordatus
867 3167 944 3212 est
982 3153 1359 3211 misericordia:
1387 3167 1520 3206 sum.
1552 3148 1691 3219 Erga
1713 3145 1901 3201 Jacoo.

347 3251 602 3308 Promisit
628 3251 775 3305 enim
808 3251 857 3303 ei
891 3247 1131 3302 futurum
1157 3259 1279 3301 esse
1312 3253 1372 3297 ut
1409 3255 1601 3298 omnes
1637 3247 1822 3308 gentes
1852 3236 1906 3288 in

347 3345 557 3401 semine
590 3344 712 3414 ejus
753 3341 1219 3398 benedicerentur.
1279 3336 1533 3390 Viderunt
1571 3348 1748 3387 omnes
1802 3342 1908 3384 ter-

352 3439 481 3492 mini
517 3447 670 3491 terra:
706 3435 940 3490 salutare
986 3433 1085 3487 Dei
1130 3431 1320 3487 nostri.
1378 3425 1596 3482 Nullum
1633 3425 1778 3480 enim
1826 3438 1912 3478 re-

351 3544 516 3600 gnum
545 3543 653 3583 non
689 3527 962 3598 particeps
985 3536 1070 3582 est
1103 3525 1254 3594 regni
1277 3521 1502 3577 Christi.

424 3621 478 3686 5,
499 3619 553 3675 6.
584 3618 804 3674 Psallile
837 3616 941 3670 Deo
975 3625 1153 3670 nostra
1182 3616 1238 3667 in
1269 3613 1494 3667 cithara.
1528 3608 1803 3664 Citharam
1833 3606 1914 3662 di-

353 3714 427 3768 cit
453 3711 793 3767 harmoniam
825 3718 879 3766 et
906 3723 1232 3764 consensum
1261 3707 1456 3762 animae
1485 3719 1608 3760 cum
1660 3715 1909 3771 corpore.

357 3805 423 3859 In
449 3807 585 3859 tubis
619 3803 904 3858 duetilibus
934 3811 982 3856 et
1020 3817 1138 3856 voce
1169 3799 1303 3854 tuba:
1328 3812 1547 3853 carnem.
1578 3795 1788 3848 Ardens
1832 3801 1916 3846 at-

356 3912 460 3968 que
501 3898 792 3951 vehemens
848 3895 1089 3948 studium
1145 3890 1465 3961 evangelicae
1518 3883 1916 3957 prtedicationis

359 4005 454 4060 per
490 3989 651 4042 tubas
692 3986 925 4041 ductiles
953 3983 1258 4056 signiﬁcat:
1293 3997 1390 4052 per
1431 3993 1686 4035 corneam
1733 3984 1912 4031 autem

360 4078 563 4150 regiam
598 4078 935 4148 dignitatem,
964 4075 1092 4146 quia
1139 4090 1206 4129 ex
1241 4087 1408 4128 cornu
1443 4070 1715 4141 ungebant
1740 4082 1915 4138 reges.

359 4170 542 4241 Neque
568 4169 621 4224 id
651 4177 883 4230 tantum,
914 4167 1008 4222 sed
1041 4165 1167 4236 quia
1188 4178 1387 4220 cornea
1427 4162 1576 4232 regni
1609 4160 1918 4232 proclama-

358 4265 561 4319 tionem
596 4260 886 4315 faciebant.

428 4356 484 4410 7.
521 4353 796 4410 Moventur
823 4365 967 4404 mare
1007 4357 1058 4404 et
1115 4347 1382 4418 plenitudo
1419 4346 1552 4415 ejus.
1593 4343 1738 4398 Mare
1767 4352 1922 4397 vocat

363 4455 680 4518 praesentem
711 4445 900 4505 vitam,
934 4442 1005 4496 ob
1033 4441 1360 4496 salsedincm
1395 4447 1449 4493 et
1477 4436 1782 4492 molestiam
1813 4435 1923 4491 sol-

367 4538 706 4595 licitudinum
734 4535 871 4605 ejus.
904 4533 1045 4588 Mota
1080 4533 1264 4603 itaque
1293 4540 1377 4586 est
1410 4545 1440 4584 a
1469 4529 1641 4600 priori
1671 4535 1840 4591 statu,
1869 4524 1924 4580 id

366 4638 450 4684 est
473 4629 542 4682 ab
575 4626 906 4682 idololatria.

439 4805 492 4860 8.
533 4802 787 4857 Flumina
839 4799 1087 4869 plaudent
1123 4815 1283 4854 manu
1331 4798 1512 4853 simul.
1564 4794 1820 4850 Flumina
1854 4791 1930 4848 di-

371 4898 448 4954 cit
469 4904 688 4952 sanctos
718 4892 1101 4965 mysteriorum
1149 4892 1473 4955 initiatores,
1519 4904 1754 4960 quorum
1794 4901 1932 4958 prae-

376 4987 591 5044 dicandi
647 4985 884 5040 studium
913 4983 1118 5038 indicat
1162 4997 1228 5038 eo
1254 4983 1400 5053 quod
1449 4983 1708 5052 plandant
1739 4979 1928 5034 simul.

373 5080 578 5134 Montes
626 5078 964 5133 exsultabant
1020 5097 1052 5130 a
1089 5086 1363 5147 conspectu
1419 5076 1652 5139 Domini,
1680 5074 1932 5144 quoniam

376 5171 509 5224 venit
532 5168 776 5238 judicare
815 5177 1028 5222 terram.
1079 5167 1348 5238 Angeliea:
1390 5166 1648 5220 nimirum
1682 5165 1930 5220 virtutes.

377 5261 512 5316 Nam
538 5260 792 5330 gaudium
826 5268 911 5316 est
966 5275 1128 5329 super
1181 5275 1289 5315 uno
1340 5266 1621 5329 peccatore
1672 5257 1938 5326 poeniten-

384 5355 516 5409 tiam
545 5361 734 5422 agente
758 5355 824 5406 ⁷⁸.

459 5576 504 5608 ’⁸
545 5574 674 5629 Luc.
706 5590 765 5640 ιι,
793 5574 876 5628 ⁸50.
954 5577 1000 5608 ⁷⁸
1046 5572 1177 5630 Lt‘c.
1213 5590 1300 5639 xv,
1331 5575 1380 5627 7.

2059 1757 2235 1812 πάντα
2255 1753 2538 1817 ἀλαλάζειν
2564 1751 2591 1804 ὁ
2608 1749 2762 1818 λόγος
2781 1744 3143 1818 προτρέπεται
3163 1741 3250 1793 τὸν
3271 1739 3557 1800 ἐπινίκιον,

2059 1850 2117 1903 ὃν
2144 1847 2284 1917 ὑπὲρ
2315 1844 2489 1898 αὐτῶν
2522 1841 2834 1908 πεποίηται.

2065 1940 2287 2010 ’ᾼσατε
2306 1933 2384 2000 τῷ
2413 1932 2605 2002 Κυρίῳ
2633 1926 2796 1999 ᾆσμα
2835 1937 3064 1991 καινὸν,
3111 1924 3197 1976 ὅτι
3247 1919 3564 1990 θαυμαστὰ

1987 2031 2258 2097 ἐποίησε.
2284 2024 2603 2098 Θαυμαστὸν
2626 2021 2735 2091 γὰρ
2787 2018 3000 2090 ἀληθῶς
3045 2016 3105 2070 τὸ
3150 2011 3567 2084 καταργηθῆναι

1992 2121 2242 2184 θάνατον,
2270 2117 2366 2172 καὶ
2398 2113 2693 2170 ἀναϐιῶναι
2732 2112 2892 2167 πάλιν
2919 2110 2978 2164 τὸ
3015 2105 3355 2178 ἀνθρώπινον
3383 2103 3560 2171 γένος.

1999 2213 2267 2266 Ἐσωσεν
2293 2206 2452 2272 αὑτῷ
2478 2208 2516 2276 ὴ
2555 2204 2722 2268 δεξιὰ
2745 2203 2951 2258 αὐτοῦ.
2995 2200 3317 2272 Προσήγαγε
3350 2195 3456 2266 γὰρ
3486 2194 3568 2264 τῷ

1996 2301 2114 2371 ἰδίῳ
2136 2299 2312 2371 Πατρὶ
2340 2298 2436 2369 τὴν
2457 2296 2548 2350 ὑπ’
2569 2294 2794 2366 οὐρανὸν
2815 2295 2844 2346 ὁ
2863 2290 3118 2364 Χριστὸς,
3161 2289 3220 2351 ὃς
3267 2289 3382 2339 ἐστι
3414 2283 3567 2348 δεξιὰ

1994 2393 2088 2449 τοῦ
2132 2391 2362 2464 Πατρός.
2391 2391 2465 2444 Οὐ
2495 2387 2600 2460 γὰρ
2635 2385 2826 2457 ἐδεήθη
2857 2381 3197 2454 ἀνθρωπίνης
3223 2375 3494 2448 βοηθείας.

2078 2485 2384 2556 Ἐγνώρισε
2409 2484 2620 2552 Κύριος
2649 2481 2715 2534 τὸ
2745 2476 3038 2546 σωτήριον
3063 2472 3268 2527 αὑτοῦ.
3296 2467 3570 2539 Σωτήρων

1997 2573 2161 2634 οὖσαν
2193 2577 2290 2648 τὴν
2318 2577 2578 2647 ἔνεαρκον
2607 2570 2769 2628 αὐτοῦ
2795 2567 3088 2641 παρουσίαν
3123 2565 3397 2636 σημαίνειο
3425 2559 3572 2615 κατὰ

1999 2667 2060 2721 τὸ
2079 2655 2361 2739 είρημένον
2383 2663 2488 2717 ὑπὸ
2523 2661 2617 2715 τοῦ
2645 2657 2886 2730 Συμεώνο
2915 2656 3043 2709 ’Ὅτι
3073 2649 3236 2707 εἶδον
3264 2653 3316 2704 οἱ
3342 2649 3569 2718 ὀφθαλ-

1997 2759 2100 2829 μοί
2135 2737 2253 2827 μου
2285 2755 2349 2809 τό
2375 2752 2666 2821 σωτήριόν
2687 2767 2823 2804 σου.
2887 2745 3195 2802 Ἐναντίον
3240 2741 3358 2795 τῶν
3381 2737 3575 2793 ἐθνῶν

2001 2846 2359 2914 ἁπεκάλυψε
2417 2844 2530 2912 τὴν
2591 2840 2986 2908 δικαιοσύνην
3037 2834 3243 2890 αὑτοῦ.
3297 2829 3574 2886 Ἐκϐαλὼν

2009 2941 2104 3012 μὲν
2131 2939 2222 2992 τὸν
2256 2939 2488 3009 ἄρχοντα
2540 2934 2632 2988 τοῦ
2687 2933 2877 2994 αἰῶνος
2921 2929 3133 2992 τούτου,
3183 2924 3473 2987 δικαιώσας
3515 2923 3574 2976 δὲ

2005 3031 2130 3094 τοὺς
2159 3028 2322 3082 πάλαι
2358 3025 2782 3098 τυραννηθέντας
2816 3023 2980 3093 ἡμᾶς.

2087 3118 2390 3190 Ἐμνήσθη
2417 3117 2521 3170 τοῦ
2545 3116 2758 3180 ἐλέους
2778 3112 2983 3167 αὐτοῦ.
3041 3108 3149 3163 Τοῦ
3208 3104 3420 3160 Ἰακώϐ·
3478 3104 3580 3157 καὶ

2005 3211 2113 3284 γὰρ
2145 3213 2203 3264 ἐν
2235 3209 2312 3280 τῷ
2363 3207 2632 3279 σπέρματι
2689 3201 2853 3258 αὐτοῦ
2908 3199 3261 3270 εὐλογηθῆθαι
3302 3195 3476 3249 πάντα
3511 3194 3581 3246 τὰ

2007 3303 2133 3374 ἔθνη
2162 3299 2537 3372 ἐπηγγείλατο.
2590 3296 2856 3351 Εἴδοσαν
2895 3292 3088 3347 πάντα
3114 3291 3181 3344 τὰ
3210 3288 3431 3356 πέρατα
3464 3283 3583 3353 τῆς

2009 3392 2118 3465 γῆς
2145 3392 2212 3446 τὸ
2238 3389 2532 3458 σωτήριον
2562 3390 2666 3443 τοῦ
2699 3388 2845 3442 Θεοῦ
2901 3385 3088 3455 ἡμῶν.
3123 3381 3308 3444 Οὐδεὶς
3333 3379 3440 3450 γὰρ
3489 3377 3586 3432 τό-

1903 3515 1915 3529 o
2011 3503 2110 3550 πος
2138 3483 2401 3555 ἀμέτοχος
2425 3482 2525 3552 τῆς
2550 3479 2818 3550 βασιλείας
2838 3477 2931 3530 τοῦ
2959 3474 3210 3548 Χριστοῦ.

2086 3575 2322 3630 Ψάλατε
2356 3572 2438 3639 τῷ
2471 3571 2591 3637 Θεῷ
2618 3569 2783 3641 ἡμῶν
2807 3569 2876 3622 ἐν
2931 3567 3158 3635 κιθάρᾳ.
3205 3565 3449 3636 Κιθάραν
3481 3563 3586 3634 τὴν

2010 3667 2106 3722 τοῦ
2131 3667 2378 3739 σώματος
2409 3666 2546 3738 πρὸς
2582 3665 2680 3735 τὴν
2724 3662 2899 3733 ψυχὴν
2940 3660 3203 3732 ἁρμονίαν
3238 3658 3391 3729 φησί.
3427 3656 3588 3711 Σάλ-

2013 3757 2215 3828 πιγξιν
2245 3756 2503 3821 ἐλαταῖξι,
2537 3753 2633 3808 καὶ
2658 3750 2826 3822 φωνῇ
2865 3751 3197 3820 σάλπιγγος
3246 3747 3583 3815 κερατίνης.

2016 3851 2089 3904 Τδ
2128 3847 2520 3920 πεπυρωμένον
2567 3846 2661 3899 καὶ
2705 3842 3060 3913 ἐκτεταμένον
3092 3840 3184 3894 τοῦ
3229 3835 3586 3907 εὐαγγελικοῦ

2015 3942 2366 4014 κηρύγματος
2415 3938 2503 3993 διὰ
2554 3937 2661 3990 τῶν
2705 3933 2905 3988 ὲλατῶν
2952 3932 3263 4001 σαλπίγγων
3313 3926 3586 4000 σημαίνει·

2017 4036 2106 4090 διὰ
2126 4036 2182 4088 δὲ
2209 4033 2314 4087 τῶν
2342 4030 2640 4103 κερατίνων
2684 4029 2744 4083 τὸ
2781 4026 3076 4098 βασιλικὸν,
3111 4024 3243 4078 καθὸ
3283 4021 3361 4092 τῷ
3393 4019 3594 4091 κέρατι

2019 4128 2260 4200 ἐχρίοντο
2302 4126 2351 4179 οἱ
2415 4123 2669 4195 βασιλεῖς.
2733 4121 2806 4174 Οὐ
2853 4120 3009 4192 μόνον
3047 4115 3180 4170 ἀλλὰ
3206 4114 3297 4167 καὶ
3330 4115 3385 4165 ὲν
3426 4127 3596 4182 κερα-

2021 4221 2142 4293 τίνῃ
2176 4219 2272 4289 τῆς
2305 4216 2577 4289 βασιλείας
2610 4213 2706 4287 τὴν
2739 4211 3046 4283 ὲκφώνησιν
3080 4207 3374 4264 ἐποιοῦντο.

1952 4339 1997 4394 D
2095 4309 2446 4375 Σαλευθήτω
2470 4309 2508 4376 ἡ
2543 4305 2825 4361 θάλασσα
2854 4303 2950 4358 καὶ
2973 4302 3040 4356 τὸ
3067 4301 3354 4369 πλήρωμα
3376 4293 3590 4361 αὐτῆς.

2025 4400 2308 4454 Θάλασσαν
2351 4397 2440 4451 τὸν
2491 4396 2604 4466 βίον
2654 4394 2745 4448 τὸν
2787 4392 3028 4464 παρόντα
3080 4388 3352 4460 σημαίνει,
3398 4382 3486 4436 διὰ
3530 4381 3597 4434 τὸ

2027 4491 2266 4563 ἁλμυρὸν
2286 4489 2394 4543 τῶν
2427 4491 2484 4542 ὲν
2515 4485 2662 4556 αὐτῷ
2715 4485 3027 4557 φροντίδων.
3060 4479 3355 4551 Κεκίνηται
3386 4471 3476 4530 οὖν
3528 4475 3598 4526 ὲκ

2029 4561 2129 4654 τῆς
2180 4561 2450 4653 προτέρας
2524 4577 2791 4639 στάσεως,
2853 4571 3098 4627 τουτέστι
3151 4569 3251 4639 τῆς
3311 4561 3599 4619 εἰδωλολα-

2031 4672 2236 4744 τρείας.

2100 4761 2364 4831 Ποταμοὶ
2405 4757 2774 4828 κροτήσουσι
2824 4757 2972 4828 χειρὶ
3013 4754 3109 4808 ἐπὶ
3139 4749 3205 4806 τὸ
3235 4749 3402 4804 αὐτό.
3427 4746 3606 4799 Ποτα-

2040 4856 2172 4926 μοὺς
2192 4854 2318 4915 τοὺς
2341 4850 2525 4919 ἁγίους
2556 4845 2692 4903 εἷναί
2721 4868 2852 4922 φησι
2888 4844 3297 4920 μυσταγωγοὺς,
3325 4835 3398 4894 ὧν
3419 4840 3514 4892 καὶ
3543 4838 3608 4890 τὸ

2037 4945 2318 4998 σπουδαῖον
2351 4942 2444 4996 τοῦ
2467 4941 2816 5013 κηρύγματος
2855 4941 2943 4995 διὰ
2988 4940 3080 4994 τοῦ
3102 4938 3194 4991 ἐπὶ
3222 4935 3283 4989 τὸ
3314 4933 3441 4988 αὐτὸ
3471 4949 3607 5000 κρο-

2037 5039 2146 5091 τεῖν
2201 5035 2471 5106 σημαίνει.
2528 5035 2604 5088 Τὰ
2655 5032 2759 5102 ὄρη
2800 5030 3282 5103 ἀγαλλιάσονται,
3334 5023 3422 5077 ὅτι
3471 5021 3611 5089 ἥκει

2039 5130 2232 5198 κρῖναι
2259 5125 2373 5195 τὴν
2401 5123 2534 5197 γῆν.
2595 5126 2660 5179 Al
2717 5123 3002 5194 ἀγγελικαὶ
3042 5119 3281 5192 δηλονότι
3328 5113 3584 5176 δυνάμεις

2041 5218 2201 5292 Χαρὰ
2229 5219 2338 5290 γὰρ
2363 5219 2573 5288 γίνεται
2600 5219 2690 5272 ἐπὶ
2713 5219 2794 5274 ἐνὶ
2827 5213 3133 5288 ἁμαρτωλῴ
3157 5205 3522 5284 μετανοοῦντ..
