3778 6276
141 197 226 252 121
1161 198 1526 255 EXPOSITIO
1564 199 1629 254 IN
1667 200 1992 258 PSALMUM
2033 202 2262 260 XCVIII.

536 314 840 367 ΨΑΑΜοΣ
879 311 958 376 τῷ
1005 311 1204 366 Δαυΐδ.
1235 315 1354 382 sua

780 404 1106 470 ’Υπόθεσις.

139 497 236 551 Καὶ
263 489 434 558 οὗτος
469 495 572 565 τὴν
603 494 837 566 Χριστοῦ
889 494 1163 564 βασιλείαν
1216 497 1469 567 σημαίνει
1496 497 1590 550 καὶ
1623 498 1723 568 τὴν

532 586 638 640 τῶν
686 585 984 658 ἀρχιερέων
1026 585 1330 641 αὐθάδειαν.

209 679 259 730 Ὁ
315 679 557 746 Κύριος
606 677 1022 743 ἐϐασίλευσεν,
1072 678 1503 748 ὀρτιζέσθωσαν
1563 682 1718 736 λαοί.

151 769 201 821 ’0
217 769 469 840 Χριστός
509 772 656 822 ἐστιν
680 763 742 823 οὗ
787 768 887 840 τὴν
925 768 1198 838 βασιλείαν
1236 771 1295 824 οὐ
1332 773 1721 845 παραδέχονται

152 859 389 911 Ἰουδαῖοι
418 858 799 929 ὀργιζόμενοι.
843 858 903 910 '0
936 859 1270 928 καθήμενος
1317 862 1417 915 ἐπὶ
1457 862 1576 917 τῶν
1621 881 1720 932 χε-

141 951 360 1017 ρουόὶμ,
401 949 770 1016 σαλευθήτω
800 950 840 1018 ἡ
873 950 970 1020 τῆ.
1017 952 1187 1017 Αὐτὸς
1245 952 1351 1028 γὰρ
1394 949 1545 1019 οὗτος
1574 959 1602 1009 ό
1631 957 1723 1027 βα-

145 1042 395 1095 σιλεύσων
423 1044 521 1095 ἐπ’
552 1042 798 1112 ἐσχάτων
842 1042 950 1096 τῶν
977 1044 1186 1114 χρόνων
1214 1046 1320 1098 τῶν
1349 1047 1442 1099 ἐπὶ
1491 1047 1589 1118 τῆς
1620 1048 1722 1119 γῆς

144 1137 292 1196 ἐστιν,
345 1134 377 1185 ό
403 1134 649 1198 καὶτοῖς
671 1135 934 1206 χερουὸὶμ
961 1137 1345 1207 ἐποχούμενος,
1396 1139 1484 1208 ὑφ’
1516 1134 1576 1193 οὗ
1627 1141 1721 1194 καὶ

143 1223 399 1293 ἐσαλεύθη
452 1227 490 1293 ἡ
527 1224 622 1293 γῆ.
652 1226 819 1295 Φησὶν
854 1221 966 1278 οὖν’
999 1227 1070 1280 Σὺ
1091 1225 1139 1280 εἴ
1165 1229 1252 1283 ἐπὶ
1298 1229 1404 1282 τῶν
1436 1231 1716 1302 χερουϐιμ,

141 1319 164 1364 ὁ
199 1317 290 1368 καὶ
328 1315 440 1385 τὴν
495 1316 590 1368 ἐπὶ
637 1316 792 1386 κακῷ
830 1319 1018 1372 στάσιν
1078 1322 1443 1391 μετακινήσας
1473 1322 1574 1392 τῆς
1593 1324 1716 1394 γῆς,

143 1404 368 1473 γεγονὼς
405 1407 540 1460 καθ’
571 1409 738 1478 ἡμᾶς.
767 1409 962 1462 Στάσιν
991 1407 1086 1465 οὖν
1130 1411 1276 1481 λέγει
1307 1413 1404 1485 τὴν
1435 1413 1529 1485 τῆς
1564 1415 1716 1469 εἰδω-

142 1493 480 1566 λολατρείας.
679 1506 686 1512 ’

197 1588 420 1653 Κύριος
445 1588 516 1640 ἐγ
561 1588 713 1641 Σιὼν
757 1589 964 1659 μέγας.
994 1589 1132 1645 Σιών
1155 1593 1304 1646 ὲστιν
1332 1595 1365 1664 ή
1400 1594 1715 1666 Ἐκκλησία,

3278 206 3382 263 422

2111 314 2448 371 PSALMUS
2481 317 2585 385 ipsi
2615 315 2807 370 David.
2843 313 3118 372 XCVIII.

2398 409 2801 480 Argumentum.

1821 496 1888 551 Et
1925 496 2010 551 hic
2036 513 2253 568 quoque
2304 502 2549 570 psalmus
2581 501 2786 556 Christi
2824 515 3049 570 regnum
3089 499 3381 570 signiﬁcat,

1893 597 2056 659 atque
2079 591 2382 661 principum
2407 593 2749 648 sacerdotum
2785 593 3177 663 arrogantiam.

1893 681 1944 734 1.
1973 681 2229 738 Dominus
2281 688 2532 755 regnavit,
2560 688 2864 740 irascantur
2906 689 3106 757 populi.
3133 686 3382 742 Christus

1821 781 1905 826 est
1926 773 2082 842 cujus
2113 789 2336 844 regnum
2371 774 2538 830 Judaei
2584 777 2710 831 irati
2764 793 2870 831 non
2927 779 3220 848 accipiunt.
3279 777 3381 844 Qui

1821 861 1962 917 sedet
1987 880 2144 934 super
2188 867 2475 931 cherubim,
2521 878 2786 922 moveatur
2813 879 2971 922 terra.
3008 869 3056 924 is
3094 870 3238 926 enim
3269 869 3383 939 ipse

1820 963 1904 1008 est
1931 956 2022 1026 qui
2051 957 2106 1010 in
2140 958 2458 1013 novissimis
2493 961 2829 1029 temporibus
2851 962 3096 1030 regnabit
3128 962 3182 1016 in
3213 971 3379 1022 terra.

1819 1045 1913 1114 qui
1943 1061 2105 1116 super
2140 1047 2422 1103 cherubim
2457 1051 2690 1118 vehitur,
2739 1060 2793 1107 et
2836 1053 2937 1107 sub
2968 1069 3078 1124 quo
3118 1062 3264 1108 mota
3299 1064 3380 1109 est

1822 1142 1982 1188 terra.
2016 1135 2104 1188 Ait
2157 1136 2362 1206 igitur:
2406 1137 2484 1193 Tu
2532 1155 2592 1194 es
2635 1156 2798 1210 super
2852 1143 3158 1207 cherubim,
3197 1143 3290 1213 qui
3323 1153 3377 1198 et

1819 1226 2020 1280 malum
2049 1236 2206 1281 terra:
2237 1237 2440 1284 statum
2472 1233 2842 1299 commutasti,
2880 1249 3002 1287 cum
3039 1234 3106 1288 ad
3135 1242 3376 1290 nostram

1820 1313 2230 1371 similitudinem
2266 1317 2440 1376 factus
2469 1334 2548 1375 es.
2577 1319 2651 1375 De
2680 1330 2822 1376 statu
2853 1322 3172 1379 idololatriae
3196 1325 3377 1394 loqui--

1820 1412 1927 1466 tur.

1887 1577 1942 1631 2.
1985 1577 2241 1634 Dominus
2268 1583 2323 1635 in
2363 1582 2492 1638 Sion
2527 1601 2768 1656 magnus.
2797 1586 2928 1642 Sion
2981 1596 3063 1645 est
3115 1590 3377 1658 Ecclesia,

144 1680 192 1728 ἐν
263 1678 568 1743 δοξάζεται
600 1682 692 1734 καὶ
722 1681 946 1750 ὑψοῦται
978 1684 1230 1755 Χριστὸς,
1289 1661 1430 1740 κατὰ
1454 1687 1516 1740 τὸ
1563 1661 1709 1761 εἰρη-

1827 1667 1870 1720 in
1893 1684 1997 1738 qua
2027 1671 2364 1740 gloriﬁcatur
2391 1683 2446 1729 et
2473 1677 2742 1732 exaltatur
2770 1679 3043 1745 Christus,
3096 1683 3249 1751 juxta
3296 1685 3380 1738 di-

146 1770 320 1839 μὲνσψ
370 1773 642 1841 ’Υψώσω
695 1788 791 1840 σε,
836 1777 870 1828 ὁ
935 1776 1080 1841 Θεός
1120 1794 1274 1845 μου,
1334 1781 1367 1831 ὁ
1396 1780 1717 1848 ’,ϐασιλεύς

142 1877 259 1925 μου.

213 1949 926 2020 Ἑξομολογησάσθωσαν
969 1954 1049 2020 τῷ
1082 1956 1326 2025 ὀνόματί
1348 1973 1465 2014 σου
1516 1961 1596 2026 τῷ
1614 1979 1717 2031 με·-

346 2041 522 2110 Μέγα
555 2042 714 2097 αὑτοῦ
749 2043 808 2098 τὸ
855 2045 1023 2118 ὄνομα
1060 2049 1140 2112 τὸ,
1189 2050 1412 2122 Ἰησοῦς,
1457 2053 1592 2107 καθὸ
1622 2056 1718 2108 καὶ

146 2133 373 2201 σωτηρία
417 2133 559 2187 λαοῦ
585 2136 963 2206 ἑρμηνεύεται.
993 2140 1150 2207 Μέγα
1177 2141 1336 2196 πάλιν
1378 2143 1438 2198 τὸ
1460 2145 1626 2216 ὄνομα
1655 2146 1716 2200 τὸ

146 2221 268 2289 ὑπὲρ
319 2223 436 2274 πᾶν
483 2222 680 2292 ὄνομα,
805 2226 986 2295 μέλλει
1019 2229 1232 2299 κάμψαι
1267 2233 1373 2285 πᾶν
1409 2235 1556 2302 γόνυ,
1621 2237 1716 2290 καὶ

147 2311 281 2364 πᾶσα
325 2312 796 2384 ἐξομολογήσεται
846 2317 1086 2386 γλῶσσα,
1120 2321 1200 2374 ὅτι
1247 2322 1450 2395 Κύριος
1509 2326 1715 2397 Ἰησοῦς

147 2401 388 2472 Χριστός.
427 2407 562 2458 Ὅτι
613 2407 868 2476 φοϐερὸν
924 2411 1018 2464 καὶ
1068 2411 1239 2484 ἅγιόν
1274 2415 1426 2469 ἐστι.
1485 2417 1715 2490 Φοϐερὸν

148 2493 234 2560 μὲν
260 2495 407 2549 κατά
432 2497 549 2551 τῶν
579 2497 945 2569 ὀργιζομένων
976 2501 1118 2557 λαῶν
1174 2505 1268 2558 καὶ
1313 2506 1386 2579 μὴ
1421 2510 1712 2581 προσδεχοο

149 2582 310 2650 μένων
344 2585 524 2639 αὐτοῦ
557 2587 653 2658 τὴν
682 2587 974 2658 βασιλείαν·
1007 2592 1161 2662 ἆγιον
1187 2595 1244 2649 δὲ
1290 2600 1402 2662 τοῖς
1428 2601 1716 2654 πιστεύου-

148 2689 220 2726 σιν
243 2676 322 2739 εἰς
355 2677 548 2731 αὐτόν.
579 2679 691 2733 Καὶ
745 2682 880 2750 τιμὴ
919 2683 1225 2754 ,βασιλέως
1265 2691 1469 2767 κρίσιν
1493 2692 1713 2762 ἀγαπᾷ.

158 2762 364 2836 Ἐπιδὴ
415 2772 450 2838 ἡ
477 2770 614 2840 τιμὴ
670 2771 787 2842 ἦτοι
836 2776 868 2844 ή
915 2775 1042 2843 δόξα
1069 2777 1163 2831 τοῦ
1213 2762 1476 2850 βασιλέως
1528 2786 1718 2859 ἀγαπᾷ

151 2857 232 2925 τὴν
257 2857 634 2930 δικαιοσύνην,
660 2863 779 2934 ἥτις
800 2864 887 2919 διά
935 2868 1034 2938 τῆς
1065 2868 1297 2941 κρίσεως
1333 2857 1710 2947 ἑρμηνεύεταιλ

147 2945 321 3000 τούτου
348 2949 519 3021 χάριν
543 2954 654 3015 τοῖς
682 2955 780 3024 μὲν
809 2956 1132 3030 ἀπειθήσασι
1167 2962 1228 3015 τὸ
1265 2945 1588 3039 πρόσταγμα
1619 2971 1714 3023 αὐ-

1817 1769 1964 1814 ctum
2004 1761 2169 1817 illud:
2209 1763 2474 1820 Exaltabo
2505 1777 2573 1832 te,
2599 1768 2738 1824 Deus
2769 1787 2933 1838 meus,
2960 1787 3052 1828 rex
3089 1791 3231 1829 meus
3260 1777 3331 1829 ⁷⁷.

1886 1937 1940 2001 5,
1979 1938 2033 1994 4.
2076 1937 2444 2009 Con/iteantur
2485 1947 2686 2000 nomini
2735 1957 2826 2002 tuo
2879 1966 3092 2021 magno,
3137 1961 3241 2007 etc.
3269 1952 3381 2009 Ma-

1821 2043 1984 2098 gnum
2008 2039 2092 2084 est
2120 2047 2318 2088 nomen
2345 2033 2465 2105 ejus
2488 2035 2640 2103 illud,
2668 2036 2849 2107 Jesus,
2870 2042 2996 2110 quia
3027 2043 3175 2099 salus
3198 2047 3380 2114 populi

1817 2119 2109 2190 signiﬁcat.
2142 2121 2396 2193 Magnum
2421 2142 2614 2183 rursus
2640 2146 2838 2185 nomen
2867 2131 2996 2188 illud
3019 2136 3165 2204 quod
3190 2145 3274 2190 est
3297 2153 3382 2192 su-

1815 2224 1911 2278 per
1927 2225 2086 2266 omne
2102 2229 2320 2281 nomen,
2339 2218 2425 2271 cui
2446 2221 2761 2275 curvabitur
2777 2237 2937 2278 omne
2957 2239 3115 2296 genu,
3134 2235 3187 2281 et
3203 2230 3380 2284 omnis

1816 2302 2001 2374 lingua
2020 2306 2383 2376 confitebitur,
2407 2309 2533 2378 quia
2557 2310 2820 2370 Dominus
2843 2313 3002 2372 Jesus
3039 2317 3288 2374 Christus
3310 2322 3376 2384 ⁷⁸,

1815 2403 1919 2450 etc.
1951 2395 2212 2463 Quoniam
2238 2402 2468 2456 terribile
2497 2412 2546 2456 et
2581 2414 2824 2460 sanctum
2853 2417 2952 2464 est.
2987 2407 3254 2468 Terribile
3284 2413 3381 2468 ad-

1817 2501 2006 2542 versus
2030 2498 2217 2560 gentes
2255 2490 2421 2549 iratas
2453 2509 2576 2565 quae
2619 2512 2728 2552 non
2780 2512 3101 2570 receperunt
3128 2505 3248 2574 ejus
3292 2522 3379 2560 re-

1816 2594 2016 2648 gnum;
2057 2591 2307 2638 sanctum
2335 2595 2516 2642 autem
2547 2589 2893 2650 credentibus
2927 2595 2981 2650 in
3013 2611 3158 2652 eum.
3187 2597 3256 2652 Et
3286 2600 3379 2652 bo-

1818 2687 1914 2725 κον
1946 2675 2078 2744 regis
2097 2675 2362 2744 judicium
2390 2679 2586 2750 diligit.
2630 2681 2898 2750 Quoniam
2933 2688 3109 2744 honor
3143 2705 3237 2746 seu
3272 2691 3381 2762 glo-

1815 2765 1896 2819 ria
1924 2767 2067 2836 regis
2094 2767 2364 2836 justitiam
2393 2771 2589 2843 diligit,
2621 2791 2743 2844 qua:
2774 2792 2871 2847 per
2910 2778 3176 2850 judicium
3229 2783 3380 2838 intel-

1815 2854 2034 2925 ligitur;
2069 2858 2190 2915 ideo
2240 2859 2725 2934 inobsequeutibus
2765 2869 3078 2926 mandatum
3130 2873 3248 2943 ejus
3278 2883 3378 2929 ter-

1816 2946 1974 3001 ribile
1998 2958 2098 3014 est,
2131 2961 2379 3008 sanctum
2421 2965 2601 3012 autem
2631 2961 2978 3019 credentibus
3012 2965 3064 3018 in
3111 2982 3260 3022 eum.
3297 2965 3377 3021 Tu

150 3036 230 3089 τοῦ
255 3039 515 3110 φοϐερὸν,
539 3044 652 3106 τοῖς
675 3022 734 3096 δὲ
762 3022 1123 3103 ὑπακούουσιν
1153 3022 1326 3120 ἆγιονί
1361 3056 1445 3110 Σὺ
1474 3022 1709 3129 ἡτοίμα-

1827 3039 2024 3101 parasti
2053 3039 2381 3097 directiones.
2419 3041 2475 3098 In
2499 3045 2712 3117 justitia
2739 3051 2883 3106 enim
2916 3053 3261 3124 judicaturus
3296 3077 3377 3118 est

148 3142 251 3194 σας
268 3134 629 3202 εὐθύτητος.
667 3135 754 3189 Ἐν
783 3138 1092 3214 δικαιοσύνῃ
1141 3145 1249 3214 γὰρ
1301 3147 1482 3217 μέλλει
1511 3151 1715 3224 κρίνειν

151 3219 235 3291 τὴν
254 3225 605 3297 οξκουμένην.

224 3312 487 3381 ’Υψοῦτε
525 3319 748 3386 Κύριον
775 3321 882 3376 τὸν
907 3323 1058 3378 Θεὸν
1094 3326 1282 3395 ἡμῶν.
1331 3331 1390 3384 '0
1421 3333 1621 3404 ὑψηλὸς
1640 3337 1714 3401 ὡς

151 3399 270 3466 Θεὸς
300 3407 396 3459 καὶ
431 3407 541 3461 ὑπὸ
569 3410 736 3476 πόδας
767 3412 904 3484 ἔχων
947 3419 1125 3470 πᾶσαν
1159 3419 1254 3491 τὴν
1289 3399 1477 3477 κτίσιν⁷
1494 3399 1714 3496 γέγονεν

153 3492 425 3563 ἀτρέπτως
454 3500 763 3572 ἄνθρωπος.
818 3505 1016 3561 Τοῦτον
1068 3505 1180 3574 οὖν,
1243 3515 1395 3583 φησὶ,
1443 3492 1534 3570 τὸν
1561 3492 1712 3587 γενό-

157 3601 296 3652 μενον
344 3589 636 3660 ἀτρέπτως
684 3595 968 3667 ἄνθρωπον
1001 3599 1221 3669 ὐψοῦτε,
1287 3609 1712 3676 προσκυνοῦντες

153 3674 296 3729 αὑτὸν
333 3682 434 3751 μιᾷ
464 3685 828 3756 προσκυνήσει
857 3687 994 3758 μετά
1017 3690 1117 3760 τῆς
1144 3691 1280 3756 ἰδίας
1315 3674 1529 3767 σαρκός.

213 3834 473 3904 Μωῦσῆς
505 3837 601 3890 καὶ
640 3839 854 3908 Ἀαρὼν
903 3842 973 3896 ἐν
1018 3844 1142 3910 τοῖς
1172 3848 1458 3914 ιιερεῦσιν
1501 3853 1708 3908 αὐτοῦ.

157 3913 326 3987 Οὗτος,
363 3927 552 3996 φησιν,
587 3931 615 3981 ὁ
648 3929 764 3993 νῦν,
795 3931 930 3984 καθὸ
957 3933 1200 4003 πέφυκεν
1223 3937 1524 4009 ἄνθρωπος,
1560 3943 1711 4014 βασι-

156 4008 331 4078 λεύσας
356 4015 468 4069 τῶν
508 4019 601 4071 ἐπὶ
643 4021 744 4091 γῆς
769 4016 856 4092 ἦν·
887 4022 946 4075 ὃν
995 4026 1089 4077 καὶ
1122 4027 1286 4080 πάλαι
1326 4008 1570 4105 Μωῦσῆξ
1618 4039 1710 4091 καὶ

164 4100 360 4174 Ἀαρὼν
382 4107 480 4159 καὶ
505 4109 758 4179 Σαμουὴλ
811 4113 1192 4172 ἐπεκαλοῦντο.
1247 4119 1429 4174 Εἰπὼν
1473 4100 1586 4188 οὗν,
1627 4125 1707 4178 ὅτι

156 4195 539 4260 Προσκυνεῒτε
567 4199 647 4266 τῷ
672 4203 996 4272 ὑποποδίῳ,
1032 4207 1126 4260 καὶ
1155 4207 1250 4280 τὴν
1299 4211 1706 4286 ὲνανθρὼπησιν

155 4285 234 4336 καὶ
258 4289 353 4360 τὴν
387 4292 698 4362 οἰκονομίαν
749 4293 1011 4365 κηρύξας,
1070 4297 1228 4352 πάλιν
1279 4285 1705 4374 ἀσφαλιζόμενος

1816 3127 2022 3181 orbem.

1886 3307 1939 3362 5.
1975 3306 2226 3366 Exaltate
2253 3312 2539 3370 Dominum
2570 3316 2737 3372 Deum
2766 3330 3026 3377 nostrum.
3070 3322 3173 3390 Qui
3198 3329 3378 3382 excel-

1817 3412 1912 3452 sus
1938 3407 2021 3454 est
2049 3409 2234 3472 utpote
2267 3402 2430 3470 Deus,
2478 3416 2532 3462 et
2577 3411 2682 3466 sub
2719 3413 2882 3482 pedes
2946 3415 3106 3470 habet
3158 3421 3376 3476 dmncm

1815 3500 2146 3558 creaturam,
2188 3493 2304 3548 sine
2325 3499 2624 3554 mutatione
2659 3501 2836 3558 factus
2872 3514 2956 3560 est
2990 3507 3174 3564 homo.
3218 3510 3375 3566 Hunc

1813 3579 2016 3651 itaque,
2065 3584 2161 3648 ait,
2213 3587 2305 3655 qui
2335 3589 2451 3642 sine
2496 3594 2796 3648 mutatione
2841 3594 3018 3653 factus
3065 3610 3147 3656 est
3188 3603 3371 3668 homo,

1815 3673 2074 3738 exaltate,
2107 3674 2397 3736 adorantes
2425 3696 2549 3736 eum
2587 3699 2693 3738 una
2736 3686 3051 3744 adoratione
3101 3708 3227 3748 cum
3267 3711 3366 3752 sua

1811 3776 1994 3817 carne.

1881 3853 1934 3908 6.
1955 3853 2176 3941 _Moyses
2206 3866 2255 3912 et
2285 3861 2460 3914 Aaron
2492 3863 2548 3917 in
2583 3867 2940 3924 sacerdotibus
2969 3871 3102 3930 eius.
3140 3871 3261 3941 Hic,
3293 3876 3374 3930 in-

1809 3937 2073 4014 quitfqui
2113 3950 2258 4004 none
2287 3961 2556 4020 quatenus
2595 3955 2758 4011 homo
2802 3956 2978 4017 factus
3005 3971 3090 4018 est
3128 3937 3374 4036 regnavit

1810 4036 1862 4089 in
1892 4046 2128 4102 terrena,
2166 4042 2212 4096 is
2239 4042 2352 4111 ipse
2383 4052 2500 4099 erat
2533 4060 2692 4115 quem
2720 4049 2846 4103 olim
2871 4050 3082 4124 Moyses
3108 4065 3162 4110 et
3190 4057 3371 4111 Aaron

1807 4135 1860 4179 et
1881 4126 2100 4203 Samuel
2125 4129 2470 4188 invocabant.
2498 4132 2789 4206 Postquam
2810 4139 2946 4194 dixit
2976 4143 3158 4212 itaque
3183 4164 3196 4198 :
3229 4146 3373 4200 Ado-

1809 4227 1923 4272 rate
1952 4221 2234 4276 scabellum
2255 4223 2448 4292 pedum
2469 4226 2583 4295 ejus
2602 4227 2736 4299 (41),
2759 4239 2920 4300 atque
2943 4233 3369 4291 incarnationem

1807 4311 2275 4384 oeconomiamque
2297 4317 2627 4384 praedicavit,
2651 4334 2868 4375 rursum
2889 4337 2989 4377 nos
3018 4323 3370 4389 conﬁrmans,

154 4377 304 4444 ἡμᾶς,
351 4381 451 4451 τὴν
493 4381 720 4454 θεότητα
793 4387 1046 4457 σημαίνει
1089 4389 1176 4443 διὰ
1235 4391 1326 4444 τοῦ
1385 4394 1709 4464 δηλωθέντος

1827 4401 2151 4458 livinitatem
2187 4377 2564 4474 permtontem
2591 4410 2743 4463 illum
2772 4412 3038 4481 signiﬁcat
3065 4431 3081 4468 :
3110 4416 3374 4470 remansit

153 4466 311 4535 ὅρους.
365 4473 663 4546 Μεμένηκε
695 4475 802 4548 γὰρ
847 4478 997 4545 Θεὸς,
1053 4483 1102 4535 εἰ
1153 4484 1246 4537 καὶ
1293 4485 1449 4540 ἔλαϐε
1483 4488 1579 4560 τὴν
1611 4492 1705 4545 τοῦ

153 4557 318 4615 δούλου
355 4565 571 4636 μορφὴν
591 4565 679 4619 διὰ
711 4567 807 4639 τὴν
834 4569 990 4640 ἡμῶν
1022 4573 1314 4644 σωτηρίαν.

213 4656 379 4722 Κύριε
405 4659 441 4710 ό
479 4658 623 4724 Θεὸς
653 4659 839 4738 ἡμῶν,
866 4662 947 4715 σὺ
985 4663 1332 4734 ἐπήκουσας
1373 4671 1610 4738 αὐτούς.
1641 4675 1705 4728 Εἰ

156 4743 236 4796 καὶ
257 4745 437 4813 ἔδοξάν
491 4767 544 4802 τι
577 4729 910 4821 ἁμαρτάνειν
957 4753 1032 4818 ὡς
1060 4729 1351 4827 ἄνθρωποι,
1401 4759 1461 4812 οὐ
1490 4729 1706 4833 παρεώ-

156 4851 330 4902 ρακας,
360 4840 544 4910 φησιν.
597 4842 882 4914 Ἡλέγχετο
919 4842 1011 4901 οὖν
1057 4849 1147 4902 ἐπὶ
1175 4849 1269 4904 τοῦ
1301 4851 1498 4923 μόσχου
1530 4857 1709 4928 ἀμαρ-

155 4928 310 4985 τάνων
353 4933 564 5006 Ἀαρὼν
594 4937 687 4990 καὶ
713 4938 953 5010 Μωῠσῆς
988 4940 1081 4994 ἐπὶ
1101 4941 1192 4995 τοῦ
1212 4942 1437 5009 ·ὖδατος
1482 4948 1582 5019 τῆς
1611 4950 1704 5003 ἀν-

154 5020 390 5090 τιλογίας.

215 5113 320 5169 Kal
341 5119 731 5186 προσκυνεῖτε
767 5123 853 5188 εὶς
878 5122 1011 5190 ὄρος
1060 5124 1229 5195 ἅγιον
1264 5129 1470 5186 αὐτοῦ.
1507 5131 1578 5184 Ἢ
1604 5132 1700 5204 τὴν

155 5203 236 5260 ἐπὶ
280 5210 381 5280 γῆς
426 5212 458 5281 ἢ
524 5212 622 5284 τὴν
673 5215 989 5284 ἐπουράνιον
1051 5216 1402 5291 Ἰερουσαλήμ
1458 5203 1700 5295 φησιν-ἢ

155 5292 265 5364 ὅρος
290 5301 442 5356 πάλιν
493 5303 654 5357 αὐτὸν
690 5306 905 5378 νοητέον
956 5308 1048 5362 τὸν
1096 5311 1394 5383 Μονογενῆ,
1444 5292 1582 5367 κατὰ
1611 5292 1696 5368 τόέ

168 5383 396 5461 Ἐτμήθη
423 5396 592 5461 λίθος
613 5395 683 5460 ἐξ
708 5397 882 5465 ὄρους
906 5399 1051 5454 ἄνευ
1087 5401 1314 5471 χειρῶν.

1813 4490 2010 4561 quippe
2035 4491 2198 4556 Deus,
2228 4495 2443 4549 etiamsi
2474 4507 2694 4567 propter
2725 4509 2968 4556 nostram
2992 4504 3222 4560 salutem
3259 4520 3374 4560 car-

1813 4597 1936 4637 nem
1963 4587 2340 4654 assumpserit.

1886 4674 1940 4730 8.
1974 4676 2198 4729 Domine
2221 4677 2361 4731 Deus
2392 4689 2584 4748 noster,
2612 4693 2668 4736 tu
2688 4684 3005 4742 exaudiebas
3028 4704 3134 4743 eos.
3170 4687 3374 4743 Etiam-

1813 4766 1856 4820 si
1889 4766 1942 4820 in
1972 4768 2155 4838 aliquo
2203 4785 2427 4839 peccare
2459 4773 2557 4828 visi
2591 4785 2719 4831 sunt
2757 4786 2940 4848 utpote
2975 4779 3224 4836 homines
3250 4820 3265 4845 ,
3316 4793 3371 4834 tu

1819 4869 1994 4913 tamen
2025 4877 2130 4916 non
2157 4865 2529 4934 contempsisti
2564 4883 2678 4923 eos.
2710 4868 2917 4925 Peccati
2960 4873 3139 4942 itaque
3180 4889 3372 4942 argue-

1813 4950 1972 5004 batur
1991 4951 2171 5006 Aaron
2199 4954 2270 5008 ob
2300 4954 2525 5011 vitulum
2547 4997 2562 5020 .
2589 4969 2642 5014 et
2663 4959 2872 5032 Moyses
2907 4972 3127 5031 promer
3173 4977 3368 5031 aquam

1809 5043 2270 5102 contradictionis.

1881 5133 1933 5188 9.
1969 5134 2037 5187 Et
2065 5137 2281 5192 adorate
2318 5138 2371 5192 in
2401 5151 2571 5196 monte
2599 5152 2779 5196 sancto
2806 5145 2936 5212 ejus.
2965 5143 3071 5198 Aut
3101 5151 3367 5199 terrenam

1813 5235 1906 5280 aut
1939 5229 2211 5285 caelestem
2261 5230 2563 5289 Jerusalem
2597 5235 2728 5289 dicit
2759 5253 2772 5288 :
2809 5246 2902 5290 aut
2951 5252 3170 5292 rursum
3207 5252 3368 5291 mon-

1811 5323 1917 5371 tem
1948 5318 2243 5392 intelligere
2271 5339 2562 5393 possumus
2584 5323 2929 5396 Unigenitum
2955 5367 2969 5392 ,
2994 5328 3150 5398 juxta
3179 5327 3311 5385 illud
3351 5347 3362 5381 :

1808 5408 2035 5467 Etcisus
2061 5425 2135 5468 est
2168 5415 2304 5486 lapis
2337 5420 2399 5472 de
2428 5427 2599 5473 monte
2626 5421 2736 5473 sine
2763 5422 2999 5478 manibus
3013 5425 3080 5482 "’.

219 5504 261 5535 "
287 5505 422 5562 Psal.
457 5525 634 5575 cxuv,
670 5511 720 5564 1.
792 5513 838 5544 ⁷⁸
866 5512 1094 5586 Philipp.
1127 5534 1186 5582 ιι,
1217 5518 1301 5583 10,
1345 5520 1424 5575 11.
1504 5523 1548 5556 ⁷³
1589 5522 1700 5579 Dan

1829 5567 1842 5592 ,
1883 5527 1968 5581 51.

225 5597 328 5661 tit.)
355 5599 478 5656 llsec
502 5604 776 5666 pertinent
806 5606 872 5660 ad
903 5622 1116 5664 versum
1149 5612 1201 5666 9.
