3778 6276
146 283 238 340 £23
1268 280 1632 340 EXPOSlTlO
1669 281 1737 337 lii
1778 282 2107 340 PSALMUM
2145 280 2227 339 Cl.

3269 285 3374 343 £96

149 396 326 469 βοῆσαι
361 393 507 465 πρὸς
530 393 623 446 τδν
665 392 816 448 Θεόν·
849 394 996 448 Πότε
1031 391 1203 461 ἥξεις
1234 394 1385 465 πρὸς
1417 393 1531 466 μέ;
1573 396 1717 459 Ἀντὶ
1747 440 1750 456 ι

1866 407 1989 453 παι-οι
2015 398 2080 452 ad
2116 395 2282 452 Deum
2317 416 2329 450 :
2367 395 2590 462 Quando
2622 398 2789 451 uenies
2818 398 2888 450 ad
2925 399 3043 454 me?
3075 412 3138 453 ac
3165 398 3212 455 si
3235 400 3384 456 dice-

148 489 246 549 τσῦ.
275 485 553 559 Εὺπρεπῆ
580 501 663 540 σοι
695 486 764 540 τὰ
788 485 1032 556 βασίλεια
1083 487 1414 559 κατέστησα,
1452 487 1602 543 ποθῶ
1626 504 1719 543 σου

1866 494 1904 541 ιι
1942 506 1955 541 :
1989 485 2213 557 Regiam
2245 486 2343 541 tibi
2389 497 2703 541 exornatam
2752 502 2816 542 ac
2860 487 3138 543 decentem
3174 490 3384 560 paravi.

149 582 232 648 etv
253 577 587 649 παρουσίαν,
629 570 675 630 ὧ
700 577 963 644 Δέσποτα,
1003 577 1282 650 ίμείρομαί
1323 597 1413 634 σου
1466 579 1566 651 τῆς
1603 581 1723 634 ὲπι-

152 669 380 738 φανείας·
408 668 555 721 ἀλλὰ
576 668 665 731 δὸς
690 669 753 722 τὸ
786 669 1138 741 ποθούμενον.
1195 672 1629 742 Διεπορευόμην
1653 672 1725 726 ἐν

151 759 352 826 ἀδικίᾳ
388 758 648 827 καρδίας
691 777 810 829 μου
852 760 923 813 ἐν
968 760 1138 830 μέσῳ
1196 762 1302 816 τοῦ
1355 763 1525 816 οἴκου
1577 779 1720 832 μου.

154 849 359 913 οὐδένα,
389 847 587 921 φησὶν,
613 849 770 921 ἔσχον
816 851 1003 906 ἄδικον
1046 853 1393 907 συνοικοῦντα
1443 853 1722 925 λογισμόν·

157 941 413 1004 mam;
451 941 681 1012 ἐμαυτῷ
716 942 854 1013 μετὰ
887 943 1259 1017 καθαρότητος
1310 944 1723 1018 διεπορευόμην.

156 1031 482 1098 Ποιοῦντας
510 1033 873 1101 παραϐάσεις
897 1035 1179 1104 ἐμίσησα.
1216 1037 1308 1090 Δεῖ
1325 1037 1434 1110 γὰρ
1466 1038 1540 1109 μὴ
1568 1039 1727 1109 μόνον

156 1124 442 1194 adissem
471 1125 583 1180 τῶν
632 1126 907 1197 πονηρῶν,
948 1127 1085 1182 ἀλλὰ
1113 1129 1358 1196 καὶτοὺς
1382 1129 1450 1185 τὰ
1502 1131 1728 1186 τοιαῦτα

158 1215 429 1279 ποιοῦντας
462 1217 924 1288 ἀποστρέφεσθαι.

211 1310 326 1361 οὐκ
391 1309 712 1378 ἐκολλήθη
767 1327 869 1378 μοι
929 1310 1143 1381 καρδία
1203 1312 1463 1383 σκαμὸή.
1504 1313 1585 1368 Τὰ
1634 1310 1728 1366 τοῦ

156 1394 380 1450 διαϐόλου
441 1397 832 1469 βουλεύματα,
893 1401 988 1454 ἆτε
1055 1401 1222 1474 μηδὲν
1300 1403 1456 1465 εὐϐὲς
1516 1401 1728 1473 ἔχοντα,

160 1486 360 1558 σκαμΒά
383 1488 454 1542 τὲ
488 1492 596 1543 είσι
628 1491 723 1544 καὶ
760 1491 1184 1564 διεστραμμένα,
1221 1493 1365 1565 ἆπερ
1393 1493 1642 1547 οὐδέποτε
1673 1495 1731 1546 ὲν

158 1578 212 1649 τῇ
232 1579 434 1651 καρδίᾳ
461 1579 823 1651 είσδέδεγμαι.
879 1583 1298 1649 Ἔκκλίνοντος
1337 1584 1437 1638 ἀπ’
1461 1583 1605 1654 ἐμοῦ
1624 1582 1733 1649 τοῦ

161 1671 409 1739 πονηροῦ
464 1673 577 1725 οὐκ
599 1673 949 1741 ἐγίνωσκον.
991 1673 1166 1739 Οὕτω,
1217 1676 1404 1747 φησὶν,
1455 1677 1512 1729 ὲν
1559 1676 1734 1730 οὐδενὶ

1819 583 1972 632 tuam
2004 585 2202 647 exopto
2236 577 2602 645 praesentiam,
2636 591 2670 629 ο
2697 575 2955 644 Domine,
2996 587 3148 633 tuum
3183 580 3385 635 adven-

1822 678 1936 724 tum
1967 676 2182 738 expeto,
2213 677 2454 739 optatum
2484 668 2740 724 concede.
2769 668 3210 725 Perambulabam
3230 673 3286 726 in
3310 671 3388 726 in-

1823 762 2066 816 nocentia
2090 760 2262 814 cordis
2286 761 2387 814 mei
2407 760 2461 814 in
2491 759 2660 814 medio
2691 761 2877 815 domus
2903 777 3058 829 mete,
3102 772 3207 818 etc.
3255 761 3388 817 Nul-

1824 850 1954 915 l‘am,
1976 851 2172 921 inquit,
2205 849 2462 920 injustam
2489 850 2875 920 cogitationem
2903 867 3113 907 mecum
3140 853 3391 908 habitare

1826 944 2211 1010 concedeham,
2244 943 2337 998 sed
2364 957 2487 997 cum
2511 943 2745 1013 puritate
2767 942 3135 999 ambulabam.
3162 943 3391 1000 Facien-

1827 1048 1902 1092 tes
1935 1036 2394 1107 praevaricationes
2427 1034 2585 1089 odiui.
2642 1031 2868 1105 Oportet
2895 1035 3038 1090 enim
3070 1051 3179 1090 non
3214 1036 3390 1092 solum

1828 1130 2099 1186 abstinere
2127 1143 2159 1183 a
2187 1128 2346 1184 malis
2367 1167 2382 1193 ,
2425 1127 2521 1184 sed
2550 1127 2715 1183 etiam
2753 1126 2993 1183 aversari
3039 1143 3137 1184 eos
3178 1128 3272 1200 qui
3303 1129 3393 1182 illa

1828 1229 2015 1294 agunt.

1898 1313 1954 1369 4.
1984 1311 2106 1366 Non
2138 1312 2358 1366 adiuuit
2386 1312 2515 1367 mihi
2547 1329 2639 1367 cor
2667 1329 2910 1382 pratum.
2957 1312 3166 1368 Diaboli
3215 1313 3398 1369 consi-

1829 1406 1904 1461 lia
1926 1446 1942 1473 ,
1975 1413 2159 1475 utpote
2179 1420 2299 1474 quae
2330 1405 2463 1459 recti
2494 1405 2630 1459 nihil
2658 1405 2911 1471 habeant,
2962 1421 3124 1476 prava
3164 1415 3291 1460 sunt
3343 1413 3399 1461 ct

1832 1507 2107 1565 perversa,
2133 1508 2255 1563 qute
2275 1508 2553 1562 nunquam
2606 1493 2660 1548 in
2688 1494 2852 1549 corde
2873 1495 3087 1549 admisi.
3118 1494 3399 1549 Declinat:-

1837 1596 1938 1640 tem
1964 1601 1995 1637 a
2023 1600 2103 1637 me
2131 1582 2420 1654 malignum
2466 1599 2569 1639 non
2611 1585 2998 1655 cognoscebam.
3056 1584 3131 1639 Ita
3154 1627 3169 1649 ,
3203 1586 3399 1655 inquit,

1836 1676 1988 1731 nihili
2012 1674 2275 1730 faciebam
2302 1676 2598 1745 malignos,
2623 1684 2682 1729 ut
2707 1679 2897 1730 eorum
2928 1676 3043 1739 sive
3062 1675 3402 1745 praesentiam

163 1761 298 1831 μέρει
358 1761 676 1834 ἐποιούμην
712 1764 841 1827 τοὺς
869 1765 1156 1836 πονηροὺς,
1214 1764 1292 1829 ὡς
1343 1767 1437 1819 καὶ
1459 1766 1558 1839 τὴν
1605 1784 1739 1837 παρ·

1868 1768 1953 1823 ive
1987 1768 2289 1824 absentiam
2315 1768 2647 1838 ignorarem.
2683 1767 2864 1834 Quare
2892 1768 3306 1823 abscedentibus
3339 1767 3404 1820 il-

161 1855 330 1905 ουσίαν
376 1854 484 1907 καὶ
527 1854 628 1924 τὴν
681 1854 950 1910 ἀπουσίαν
1000 1856 1179 1909 αὐτῶν
1229 1857 1461 1926 ἀγνοεῖψ
1511 1858 1592 1911 διὸ
1641 1858 1736 1911 καὶ

164 1945 509 2016 ἁπαιρόντων
558 1946 659 2000 οὐκ
704 1948 1019 2016 ἐγίνωσκον,
1052 1948 1247 2005 οὐκοῦν
1295 1952 1416 2006 οὐδὲ
1455 1953 1737 2025 παρόντων

165 2035 206 2084 ti
230 2035 493 2105 παρῆσαν
515 2035 830 2105 ἐγίνωσκον.
863 2038 1088 2110 Γνώμης
1111 2039 1168 2092 δὲ
1201 2040 1473 2107 ἀπόδειξις
1527 2044 1741 2096 ἀνακει-

168 2124 317 2197 μένης
353 2126 486 2197 θεῷ
516 2128 579 2180 τὸ
596 2127 705 2181 τῶν
734 2130 885 2184 κάτω
916 2131 1117 2202 μηδένα
1152 2132 1420 2188 ποιεῖσθαι
1472 2135 1628 2203 λόγον
1654 2135 1741 2189 διὰ

165 2218 250 2287 τὴν
272 2218 490 2272 ἄνωθεν
529 2223 805 2292 προσοχὴν

228 2306 339 2362 Τὸν
364 2311 840 2366 καταλαλοῦντα
871 2312 1062 2383 λάθρα
1097 2315 1203 2371 τοῦ
1243 2318 1511 2386 πλησίον
1532 2319 1740 2385 αὑτοῦ,

168 2400 369 2455 τοῦτον
406 2401 757 2466 ἐξεδίωκον.
790 2405 903 2469 Τὰς
940 2406 999 2460 δὲ
1043 2407 1216 2480 λάθρα
1272 2409 1560 2480 γινομένας
1610 2428 1741 2465 κατ-

167 2495 387 2566 ηγορίας
406 2496 475 2548 οὐ
500 2497 827 2570 προσιέμην,
858 2498 994 2554 ἀλλὰ
1030 2501 1155 2564 τοὺς
1187 2501 1344 2556 τοῦτο
1375 2502 1506 2574 δρᾷν
1539 2521 1743 2577 πειρω-

172 2590 353 2656 μένους
422 2587 742 2660 ἐξήλαυνον.
826 2590 1217 2662 ’Υπερηφάνῳ
1294 2593 1579 2664 ὀφθαλμῷ
1644 2596 1742 2650 καὶ

168 2677 461 2743 ἀπλήστῳ
491 2678 728 2748 καρδίᾳ,
755 2681 947 2746 τούτῳ
968 2683 1040 2735 οὐ
1076 2683 1435 2752 συνήσθιον.
1471 2683 1608 2739 Οῦτε
1639 2685 1745 2759 μὴν

169 2770 282 2833 τοὺς
327 2770 629 2844 ἀλαζονείᾳ
659 2772 758 2827 καὶ
796 2772 1083 2847 πλεονεξίᾳ
1108 2777 1424 2847 χρωμένους
1448 2778 1746 2850 ἐποιούμην

172 2860 474 2925 συσσίτους.
634 2858 637 2861 ’
888 2920 896 2930 ,

232 2956 295 3007 οι
322 2955 634 3025 ὀφθαλμοί
653 2962 779 3026 μου
834 2957 932 3011 ἐπὶ
995 2957 1139 3025 τοὺς
1168 2960 1425 3026 πιστοὺς
1484 2959 1593 3030 τῆς
1634 2960 1748 3032 γῆς

170 3046 267 3101 τοῦ
296 3049 729 3118 συμαθῆσθαι
752 3051 975 3118 αὐτοὺς
994 3054 1122 3122 μετ’
1158 3053 1324 3123 ἐμοῦ.
1366 3055 1664 3127 Συνεδρίων
1690 3056 1749 3110 δέ

175 3155 255 3207 μοι
308 3142 412 3194 καὶ
444 3141 641 3211 βουλῆς
672 3141 992 3196 ἐκοινώνουν
1020 3145 1071 3197 οἱ
1117 3145 1295 3199 πίστει
1354 3146 1738 3219 κοσμούμενοι,

175 3234 259 3285 aui.
289 3234 429 3305 περὶ
460 3233 658 3287 πολλοῦ
677 3234 746 3288 τὰ
766 3234 885 3288 θεῖα
916 3237 1246 3308 ποιούμενοι.
1281 3239 1343 3293 Oi
1383 3238 1442 3292 δὲ
1474 3241 1549 3312 μὴ
1573 3239 1746 3304 οὕτως

174 3321 523 3393 διακείμενοι,
558 3322 697 3377 ἀλλὰ
714 3324 968 3380 τάναντία
1003 3328 1324 3399 φρονοῦντες
1374 3331 1748 3404 ὑπερηφανείᾳ

176 3413 303 3482 λέγω
332 3417 436 3469 καὶ
465 3416 653 3489 ἀδικίᾳ
688 3419 783 3473 καὶ
815 3419 1182 3489 ὲξουδενώσει,
1240 3424 1429 3493 πόρρω
1475 3423 1746 3477 ἀπέϐαλον

175 3506 260 3559 ἀπ’
289 3508 455 3579 ἐμοῦ,
480 3508 623 3563 ὥστε
653 3511 726 3584 μὴ
775 3514 908 3584 ὀρᾷν
934 3513 1150 3579 αὐτούς.

237 3600 340 3666 Ε’ίς
359 3601 475 3667 τὰς
498 3604 722 3670 πρωτας
751 3603 1104 3660 ἀπέκτεινον
1132 3605 1363 3673 πάντας
1390 3608 1533 3674 τοὺς
1566 3608 1749 3678 ἀμαρ-

176 3692 400 3760 τωλοὺς
421 3692 541 3763 τῆς
566 3693 700 3764 τῆς.
742 3695 1122 3770 Ἀμαρτωλούς
1150 3717 1282 3770 φησι
1328 3700 1454 3763 τοὺς
1482 3702 1749 3773 πονηροὺς

178 3778 484 3855 λογισμιξῦς,
514 3783 609 3849 οὓς
630 3789 748 3850 ταῖς
770 3788 1018 3853 ἑωθιναῖς
1044 3794 1372 3862 προσευχαῖς
1393 3793 1486 3845 καὶ
1515 3796 1581 3864 τῇ
1614 3793 1751 3864 πρὸς

178 3871 299 3929 Θεὸν
327 3877 632 3950 προσεδρίᾳ
657 3879 898 3945 ἐκόλαζε.
936 3882 1045 3936 Τοῦ
1085 3883 1511 3952 ἐξολοθρεῦσαι
1555 3886 1623 3939 ἐκ
1647 3886 1752 3938 πό-

180 3971 321 4036 λεως
379 3972 608 4038 Κυρίου
662 3972 895 4041 πάντας
956 3975 1096 4042 τοὺς
1153 3976 1576 4047 ἐργαζομένους
1638 3976 1754 4045 τὴν

180 4058 451 4129 ἀνομίαν.
490 4063 651 4118 Πόλιν
682 4066 890 4136 Κυρίου
915 4067 1013 4140 τὴν
1038 4068 1200 4137 ἁγίαν
1231 4070 1364 4140 φησὶ
1385 4068 1581 4141 ψυχὴν,
1610 4071 1752 4124 κατὰ

181 4149 236 4203 τὸ
262 4153 581 4225 εἰρημένονο
614 4155 1032 4229 Δεδοξασμένα
1068 4160 1334 4228 ἐλαλήθη
1356 4160 1488 4230 περὶ
1521 4160 1657 4227 σοῦ,
1713 4161 1754 4229 ἠ

183 4244 352 4311 πόλις
378 4245 490 4299 τοῦ
516 4247 687 4302 Θεοῦ.

184 4338 499 4409 Προσευχὴ
524 4339 605 4405 τῷ
634 4340 866 4410 πτωχῷ,
907 4341 1053 4397 ὅταν
1097 4341 1418 4412 ἀκηδιάσῃ,
1457 4345 1556 4398 καὶ
1585 4346 1759 4400 ἐναν-

279 4431 413 4485 τίον
436 4431 663 4500 Κυρίου
691 4432 871 4503 ἐκχέῃ
904 4433 1018 4502 τὴν
1046 4433 1261 4502 δέησιν
1285 4434 1491 4488 αὐτοῦ.
1518 4439 1648 4490 PA'.

811 4526 824 4545 '
836 4527 1142 4592 Υπόθεσις.

1839 1856 1907 1911 lis
1928 1868 2038 1909 non
2067 1856 2485 1926 cognoscebam,
2514 1870 2579 1910 ac
2602 1857 2855 1910 similiter
2879 1857 3091 1911 etiamsi
3112 1863 3404 1926 praesentes

1839 1952 2041 2008 essent,
2077 1944 2131 1998 id
2161 1944 2503 2014 ignorabam.
2569 1944 2762 2001 Mentis
2790 1955 2970 2002 autem
3002 1946 3057 2000 in
3088 1945 3197 2002 Deo
3232 1947 3406 2001 consi—

1841 2037 2034 2091 stentis
2079 2047 2458 2108 argumentum
2489 2045 2604 2101 est,
2637 2048 2880 2094 terrenas
2906 2054 2997 2095 res
3026 2039 3161 2094 nihil
3190 2052 3404 2104 curare,

1841 2128 1912 2181 ob
1940 2128 2180 2182 studium
2207 2130 2532 2184 caelestium.

1917 2326 1971 2382 5.
2015 2325 2387 2380 Detrahentem
2409 2337 2610 2380 secreto
2637 2328 2877 2396 proximo
2908 2343 3033 2394 suo,
3076 2327 3212 2381 hunc
3237 2343 3411 2397 perse-

1844 2416 2059 2490 quebar.
2114 2418 2505 2472 Accusatioues
2551 2421 2761 2473 occulte
2807 2419 2979 2475 factas
3004 2434 3113 2474 non
3157 2418 3410 2474 admitte-

1845 2511 1994 2575 bam,
2031 2510 2142 2565 imo
2168 2525 2297 2565 vero
2325 2525 2420 2566 cos
2450 2509 2543 2580 qui
2569 2510 2696 2566 huic
2729 2511 2808 2564 rei
2836 2510 3040 2565 dabant
3063 2524 3282 2580 operam
3311 2525 3410 2565 ex-

1846 2601 2131 2674 pellebam.
2158 2600 2391 2671 Superbo
2414 2602 2564 2655 oculo
2581 2614 2626 2655 et
2648 2601 2942 2655 insatiabili
2968 2603 3143 2669 corde,
3173 2618 3289 2655 cum
3315 2601 3411 2655 hoc

1849 2712 1952 2750 non
1979 2697 2216 2750 edebam.
2254 2692 2613 2766 Nequaquam
2645 2709 2742 2751 eos
2764 2694 2857 2765 qui
2885 2694 3191 2766 arrogantia
3233 2705 3287 2749 et
3319 2709 3415 2748 su-

1848 2786 2037 2858 perbia
2060 2786 2363 2854 tumebunt,
2390 2785 2649 2842 convivas
2675 2786 3046 2842 admittebam.

1920 2977 1976 3035 6.
2011 2975 2166 3033 Oculi
2204 2978 2307 3031 mei
2343 2976 2413 3031 ad
2444 2976 2623 3047 ﬁdeles
2649 2986 2803 3031 terra:
2850 2985 2905 3030 ut
2949 2975 3161 3031 sedeant
3190 2991 3411 3031 mecum.

1851 3070 2156 3127 Consessus
2190 3078 2352 3138 atque
2397 3067 2615 3124 consilii
2662 3082 2879 3123 mecum
2930 3066 3221 3137 participes
3261 3075 3420 3123 erant

1852 3163 1948 3233 qui
1978 3161 2085 3217 ﬁde
2116 3170 2272 3218 erant
2320 3162 2535 3228 ornati,
2583 3169 2639 3217 et
2685 3160 2866 3216 divina
2905 3160 3085 3231 magni
3118 3159 3417 3216 iaciebant.

1846 3253 1956 3309 Eos
1993 3241 2176 3308 autem
2203 3252 2297 3321 qui
2320 3268 2430 3307 non
2470 3253 2546 3306 ita
2577 3250 2752 3306 aﬂ‘ecti
2775 3257 2966 3318 erant,
3013 3251 3108 3307 sed
3145 3253 3422 3308 contraria

1847 3347 2144 3401 sentientes
2168 3344 2435 3414 superbia:
2456 3384 2473 3412 ,
2504 3332 2786 3410 injustitiaa
2825 3351 2880 3398 et
2906 3342 3277 3399 humihationi
3325 3342 3424 3397 da-

1847 3437 1980 3492 bant
2006 3450 2246 3507 operam,
2275 3435 2433 3504 longe
2455 3450 2488 3489 a
2513 3449 2601 3489 me
2622 3434 2928 3505 exigebam,
2954 3434 3028 3488 ita
3058 3443 3121 3489 ut
3156 3448 3225 3489 ne
3249 3432 3424 3503 respi-

1847 3544 2024 3584 cerem
2054 3527 2277 3598 quidem
2318 3526 2465 3582 illos.

1872 3682 1880 3687 _
1919 3618 1972 3675 8.
2009 3617 2077 3672 1n
2108 3617 2367 3671 matutino
2386 3616 2764 3686 interﬁciebam
2794 3631 2969 3671 omnes
2994 3624 3290 3686 peccatores
3320 3625 3424 3669 ter-

1850 3727 1945 3768 rte.
1997 3710 2319 3766 Peccatores
2348 3719 2507 3764 vocat
2532 3708 2702 3763 malas
2725 3708 3105 3777 cogitationes,
3134 3723 3273 3777 quas
3297 3722 3426 3763 cum

1851 3802 2136 3857 matutinis
2162 3800 2532 3865 orationibus,
2564 3813 2680 3854 tum
2709 3800 2763 3854 in
2792 3799 2889 3856 Dei
2920 3801 3212 3871 praesentia
3241 3800 3428 3855 consi-

1852 3894 2045 3951 stendo
2070 3893 2389 3964 castigabat.
2419 3892 2482 3947 Ut
2505 3892 2859 3963 disperderem
2887 3894 2952 3947 de
2980 3893 3189 3947 civitate
3209 3890 3428 3946 Domini

1853 4004 2029 4043 omnes
2056 3994 2325 4056 operantes
2348 3987 2701 4057 iniquitatem.
2726 3985 3015 4042 Civitatem
3044 3984 3263 4040 Domini
3297 3999 3427 4040 san-

1855 4089 1997 4135 ctam
2020 4078 2151 4135 dicit
2197 4078 2466 4146 animam,
2492 4078 2647 4147 juxta
2675 4078 2880 4133 dictum
2910 4076 3043 4132 illud
3064 4076 3110 4112 ⁸⁸
3140 4093 3154 4129 :
3185 4073 3429 4130 Gloriosa

1856 4172 2001 4224 dicta
2032 4180 2151 4224 sunt
2181 4169 2245 4223 de
2268 4180 2337 4236 te,
2366 4169 2550 4222 civitas
2584 4167 2704 4221 Dei.

1862 4349 1915 4403 1.
1969 4345 2153 4403 Oratio
2193 4347 2437 4415 pauperis
2469 4360 2586 4397 cum
2634 4344 2825 4395 anxius
2865 4340 3064 4409 fuerit,
3114 4345 3165 4390 et
3213 4337 3269 4389 in
3301 4351 3427 4389 con-

1792 4474 1836 4529 Β
1935 4447 2110 4508 specta
2139 4436 2354 4489 Domini
2376 4433 2620 4503 e/fuderit
2646 4448 2849 4502 precem
2875 4447 3048 4486 suam.
3084 4428 3180 4485 CI.

2446 4525 2849 4595 Argumentum.
2889 4564 2893 4568 ι

195 4613 249 4668 Ὅ
273 4616 419 4670 κατὰ
441 4615 580 4669 Θεὸν
609 4617 841 4688 πτωχὸς,
864 4589 1141 4670 τουτέστιν
1164 4620 1193 4671 ὁ
1216 4619 1325 4671 τῶν
1354 4618 1643 4689 προφητῶν
1673 4636 1750 4690 χο-

1867 4621 1971 4689 Qui
2002 4636 2204 4694 pauper
2234 4589 2545 4675 secundum
2562 4615 2737 4672 Deum
2767 4624 2886 4684 est,
2940 4615 2995 4671 id
3021 4623 3106 4672 est
3143 4613 3434 4686 propheta-

252 4706 365 4776 ρὺς,
393 4708 425 4758 ὁ
470 4705 651 4771 λύπης
683 4704 1112 4777 πεπληρωμένος
1160 4707 1252 4759 ἐπὶ
1286 4708 1351 4777 τῇ
1398 4705 1491 4759 τοῦ
1544 4706 1760 4779 πρώτου

248 4794 380 4848 λαοῦ
413 4798 793 4868 καταστροφῇ.
857 4797 1217 4869 προσέρχεται
1269 4796 1349 4867 τῷ
1400 4797 1590 4869 Κυρίῳ
1619 4798 1761 4867 ὑπὲρ

251 4887 439 4954 αὐτοῦ,
470 4886 568 4942 τοῦ
589 4886 720 4941 λαοῦ
741 4887 1001 4958 δηλονότι,
1024 4886 1362 4957 ἀναπέμπων
1386 4888 1596 4959 δεήσεις
1623 4887 1761 4958 μετὰ

250 4983 509 5054 νηστείας
534 4981 631 5035 καὶ
666 4980 938 5053 δακρύων,
968 4981 1115 5044 ὅπως
1147 4980 1213 5034 ἂν
1248 4981 1343 5034 καὶ
1370 4980 1532 5043 αὐτὸς
1557 4981 1757 5033 οἰκτει-

254 5073 392 5145 ρηθῇ
418 5075 450 5127 6
470 5071 620 5136 λαός.
647 5072 924 5144 Κηρύττει
949 5072 1007 5126 δὲ
1034 5073 1130 5127 καὶ
1158 5072 1258 5143 τὴν
1289 5071 1398 5127 τῶν
1432 5072 1601 5127 ὲθνῶν
1626 5072 1759 5143 κλῆ-

254 5180 362 5227 σιν,
392 5163 494 5235 τὴν
513 5164 819 5236 γενομένην
850 5165 909 5217 ὲν
933 5167 999 5236 τῇ
1053 5163 1344 5235 ἐπιφανείᾳ
1387 5163 1481 5217 τοῦ
1510 5163 1762 5235 Σωτῆρος

255 5253 413 5324 ἡμῶν
449 5253 627 5325 Ἰησοῦ
658 5252 917 5326 Χριστοῦ.

257 5345 453 5412 Κύριε,
500 5328 899 5399 εἰσάκουσον’
924 5342 1035 5412 τῆς
1092 5341 1441 5414 προσευχῆς
1490 5361 1629 5414 μου.
1685 5341 1766 5396 Τὰ

195 5436 473 5505 συμϐάντα
539 5435 621 5507 τῷ
680 5435 797 5506 λαῷ
860 5437 1264 5490 οἰκειοποιεῖται
1330 5437 1360 5488 6
1430 5435 1769 5508 προφητικδς

194 5529 365 5600 χορός.

270 5710 312 5741 ³¹
338 5713 482 5770 Psal.
522 5724 725 5767 uxxvn
746 5748 762 5773 ,
789 5707 841 5760 3.

513 5810 790 5871 Ριτιιοι..
821 5803 939 5863 Gn.
967 5799 1230 5863 XXVII.

1938 4730 2059 4771 rum
2089 4713 2311 4777 chorus,
2341 4711 2579 4781 repletus
2602 4710 2788 4766 dolore
2807 4710 2877 4766 ob
2905 4709 3106 4780 prioris
3136 4707 3320 4779 populi
3346 4720 3436 4761 ex-

1939 4804 2142 4860 cidium
2168 4844 2184 4870 ,
2218 4803 2284 4857 ad
2312 4800 2606 4857 Dominum
2653 4801 2863 4857 accedit
2885 4841 2901 4868 ,
2938 4816 3040 4872 pro
3087 4801 3205 4871 ipso
3236 4795 3436 4868 populo

1940 4910 2126 4967 preces
2156 4893 2438 4950 eﬂ'undens
2464 4910 2588 4949 cum
2610 4893 2824 4965 jejunio
2848 4901 2903 4948 et
2926 4891 3203 4962 lacrymis,
3235 4897 3292 4942 ut
3320 4888 3438 4956 ipse

1936 4985 2170 5058 populus
2198 4983 2620 5040 misericorditer
2656 4983 2982 5053 excipiatur.
3010 4978 3278 5035 Precdicat
3303 4975 3436 5028 item

1938 5078 2029 5133 hic
2080 5074 2324 5147 psalmus
2371 5076 2714 5131 vocationem
2763 5073 3042 5145 gentium,
3099 5070 3155 5124 in
3200 5066 3437 5121 adventu

1941 5164 2239 5221 Salvatoris
2264 5164 2433 5221 nostri
2466 5162 2594 5219 Jesu
2635 5161 2840 5217 Christi
2869 5160 3109 5215 futuram

1938 5341 1994 5396 ε.
2030 5340 2250 5394 Domine
2269 5382 2283 5408 ,
2310 5340 2505 5394 exaudi
2533 5338 2826 5392 orationem
2857 5351 3047 5390 meam.
3088 5333 3218 5401 Quae
3239 5332 3435 5403 populo

1873 5435 2215 5505 contigerunt
2265 5433 2368 5488 sibi
2422 5431 2578 5502 quasi
2636 5429 2854 5500 propria
2915 5427 3141 5484 ascribit
3202 5424 3433 5496 pronhe—

1873 5526 2014 5581 licus
2044 5525 2262 5580 chorus.

3158 5775 3232 5839 ιι
