  <div class='ocr_page' id='page_1' title='image "/cluster/home/n/w/nwhite01/storage/ocr_20150623/27/hvd.32044014174452/231.png"; bbox 0 0 3778 6276; ppageno 0'>
   <div class='ocr_carea' id='block_1_1' title="bbox 366 251 470 309">
    <p class='ocr_par' dir='ltr' id='par_1_1' title="bbox 366 251 470 309">
     <span class='ocr_line' id='line_1_1' title="bbox 366 251 470 309; baseline -0.019 0"><span class='ocrx_word' id='word_1_1' title='bbox 366 251 470 309; x_wconf 78' lang='grc' dir='ltr'>ιιιτ</span> 
     </span>
    </p>
   </div>
   <div class='ocr_carea' id='block_1_2' title="bbox 431 367 1992 436">
    <p class='ocr_par' dir='ltr' id='par_1_2' title="bbox 431 367 1992 436">
     <span class='ocr_line' id='line_1_2' title="bbox 431 367 1992 436; baseline -0.004 -12"><span class='ocrx_word' id='word_1_2' title='bbox 431 372 484 424; x_wconf 64' lang='grc'>4.</span> <span class='ocrx_word' id='word_1_3' title='bbox 508 370 652 436; x_wconf 76' lang='lat' dir='ltr'><strong>Quia</strong></span> <span class='ocrx_word' id='word_1_4' title='bbox 682 367 972 436; x_wconf 75' lang='lat' dir='ltr'><strong>defeccmnt</strong></span> <span class='ocrx_word' id='word_1_5' title='bbox 1007 369 1143 421; x_wconf 88' lang='lat' dir='ltr'><strong>sicut</strong></span> <span class='ocrx_word' id='word_1_6' title='bbox 1181 368 1356 436; x_wconf 77' lang='lat' dir='ltr'><strong>fumus</strong></span> <span class='ocrx_word' id='word_1_7' title='bbox 1386 368 1495 421; x_wconf 85' lang='lat' dir='ltr'><strong>dies</strong></span> <span class='ocrx_word' id='word_1_8' title='bbox 1541 369 1675 431; x_wconf 88' lang='lat' dir='ltr'><strong>mei,</strong></span> <span class='ocrx_word' id='word_1_9' title='bbox 1724 378 1769 420; x_wconf 85' lang='lat' dir='ltr'><strong>et</strong></span> <span class='ocrx_word' id='word_1_10' title='bbox 1799 383 1918 422; x_wconf 86' lang='lat' dir='ltr'><strong>ossa</strong></span> <span class='ocrx_word' id='word_1_11' title='bbox 1947 370 1992 425; x_wconf 77' lang='grc' dir='ltr'><strong>Α</strong></span> 
     </span>
    </p>
   </div>
   <div class='ocr_carea' id='block_1_3' title="bbox 363 458 1923 529">
    <p class='ocr_par' dir='ltr' id='par_1_3' title="bbox 363 458 1923 529">
     <span class='ocr_line' id='line_1_3' title="bbox 363 458 1923 529; baseline -0.003 -13"><span class='ocrx_word' id='word_1_12' title='bbox 363 479 475 516; x_wconf 85' lang='lat' dir='ltr'><strong>mea</strong></span> <span class='ocrx_word' id='word_1_13' title='bbox 503 462 636 514; x_wconf 90' lang='lat' dir='ltr'><strong>sicut</strong></span> <span class='ocrx_word' id='word_1_14' title='bbox 689 461 936 513; x_wconf 84' lang='lat' dir='ltr'><strong>cremium</strong></span> <span class='ocrx_word' id='word_1_15' title='bbox 979 470 1252 513; x_wconf 77' lang='lat' dir='ltr'><strong><em>aruerunt.</em></strong></span> <span class='ocrx_word' id='word_1_16' title='bbox 1326 458 1530 514; x_wconf 80' lang='lat' dir='ltr'><strong>Horum</strong></span> <span class='ocrx_word' id='word_1_17' title='bbox 1588 459 1703 529; x_wconf 91' lang='lat' dir='ltr'><strong>jam</strong></span> <span class='ocrx_word' id='word_1_18' title='bbox 1751 461 1923 513; x_wconf 90' lang='lat' dir='ltr'><strong>multo</strong></span> 
     </span>
    </p>
   </div>
   <div class='ocr_carea' id='block_1_4' title="bbox 361 549 1922 622">
    <p class='ocr_par' dir='ltr' id='par_1_4' title="bbox 361 549 1922 622">
     <span class='ocr_line' id='line_1_4' title="bbox 361 549 1922 622; baseline -0.002 -14"><span class='ocrx_word' id='word_1_19' title='bbox 361 563 483 608; x_wconf 89' lang='lat' dir='ltr'><strong>ante</strong></span> <span class='ocrx_word' id='word_1_20' title='bbox 509 552 882 622; x_wconf 73' lang='lat' dir='ltr'><strong>interpretatio</strong></span> <span class='ocrx_word' id='word_1_21' title='bbox 912 551 1040 605; x_wconf 87' lang='lat' dir='ltr'><strong>data</strong></span> <span class='ocrx_word' id='word_1_22' title='bbox 1075 559 1260 614; x_wconf 82' lang='lat' dir='ltr'><strong>est,-at</strong></span> <span class='ocrx_word' id='word_1_23' title='bbox 1285 567 1502 605; x_wconf 86' lang='lat' dir='ltr'><strong>rursum</strong></span> <span class='ocrx_word' id='word_1_24' title='bbox 1526 551 1754 605; x_wconf 75' lang='lat' dir='ltr'><strong>dicetur.</strong></span> <span class='ocrx_word' id='word_1_25' title='bbox 1786 549 1922 605; x_wconf 85' lang='lat' dir='ltr'><strong>Tota</strong></span> 
     </span>
    </p>
   </div>
   <div class='ocr_carea' id='block_1_5' title="bbox 360 643 1919 713">
    <p class='ocr_par' dir='ltr' id='par_1_5' title="bbox 360 643 1919 713">
     <span class='ocr_line' id='line_1_5' title="bbox 360 643 1919 713; baseline -0.001 -15"><span class='ocrx_word' id='word_1_26' title='bbox 360 643 530 700; x_wconf 82' lang='lat' dir='ltr'><strong>virtus</strong></span> <span class='ocrx_word' id='word_1_27' title='bbox 561 660 747 700; x_wconf 87' lang='lat' dir='ltr'><strong>eorum</strong></span> <span class='ocrx_word' id='word_1_28' title='bbox 775 659 877 713; x_wconf 86' lang='lat' dir='ltr'><strong>per</strong></span> <span class='ocrx_word' id='word_1_29' title='bbox 915 659 1076 712; x_wconf 92' lang='lat' dir='ltr'><strong>quam</strong></span> <span class='ocrx_word' id='word_1_30' title='bbox 1122 643 1452 699; x_wconf 89' lang='lat' dir='ltr'><strong>consistebat</strong></span> <span class='ocrx_word' id='word_1_31' title='bbox 1481 644 1662 698; x_wconf 92' lang='lat' dir='ltr'><strong>cultus</strong></span> <span class='ocrx_word' id='word_1_32' title='bbox 1712 643 1919 712; x_wconf 76' lang='lat' dir='ltr'><strong>legalis,</strong></span> 
     </span>
    </p>
   </div>
   <div class='ocr_carea' id='block_1_6' title="bbox 361 731 1918 802">
    <p class='ocr_par' dir='ltr' id='par_1_6' title="bbox 361 731 1918 802">
     <span class='ocr_line' id='line_1_6' title="bbox 361 731 1918 802; baseline -0.002 -14"><span class='ocrx_word' id='word_1_33' title='bbox 361 735 530 790; x_wconf 82' lang='lat' dir='ltr'><strong>fracta</strong></span> <span class='ocrx_word' id='word_1_34' title='bbox 559 744 640 790; x_wconf 90' lang='lat' dir='ltr'><strong>est</strong></span> <span class='ocrx_word' id='word_1_35' title='bbox 668 743 722 787; x_wconf 88' lang='lat' dir='ltr'><strong>et</strong></span> <span class='ocrx_word' id='word_1_36' title='bbox 754 734 932 802; x_wconf 88' lang='lat' dir='ltr'><strong>periit.</strong></span> <span class='ocrx_word' id='word_1_37' title='bbox 970 733 1134 786; x_wconf 88' lang='lat' dir='ltr'><strong>Erant</strong></span> <span class='ocrx_word' id='word_1_38' title='bbox 1163 740 1342 785; x_wconf 90' lang='lat' dir='ltr'><strong>autem</strong></span> <span class='ocrx_word' id='word_1_39' title='bbox 1396 733 1491 785; x_wconf 82' lang='lat' dir='ltr'><strong>illa</strong></span> <span class='ocrx_word' id='word_1_40' title='bbox 1535 731 1918 796; x_wconf 90' lang='lat' dir='ltr'><strong>sacerdotium,</strong></span> 
     </span>
    </p>
   </div>
   <div class='ocr_carea' id='block_1_7' title="bbox 362 823 1919 898">
    <p class='ocr_par' dir='ltr' id='par_1_7' title="bbox 362 823 1919 898">
     <span class='ocr_line' id='line_1_7' title="bbox 362 823 1919 898; baseline -0.003 -15"><span class='ocrx_word' id='word_1_41' title='bbox 362 829 653 898; x_wconf 81' lang='lat' dir='ltr'><strong>templum,</strong></span> <span class='ocrx_word' id='word_1_42' title='bbox 706 825 972 880; x_wconf 83' lang='lat' dir='ltr'><strong>sacriﬁcia</strong></span> <span class='ocrx_word' id='word_1_43' title='bbox 1020 837 1430 890; x_wconf 81' lang='lat' dir='ltr'><strong>armentorum,</strong></span> <span class='ocrx_word' id='word_1_44' title='bbox 1481 825 1707 878; x_wconf 83' lang='lat' dir='ltr'><strong>libertas</strong></span> <span class='ocrx_word' id='word_1_45' title='bbox 1737 823 1919 893; x_wconf 82' lang='lat' dir='ltr'><strong>populi</strong></span> 
     </span>
    </p>
   </div>
   <div class='ocr_carea' id='block_1_8' title="bbox 358 918 978 990">
    <p class='ocr_par' dir='ltr' id='par_1_8' title="bbox 358 918 978 990">
     <span class='ocr_line' id='line_1_8' title="bbox 358 918 978 990; baseline -0.006 -14"><span class='ocrx_word' id='word_1_46' title='bbox 358 922 473 976; x_wconf 85' lang='lat' dir='ltr'><strong>suis</strong></span> <span class='ocrx_word' id='word_1_47' title='bbox 502 919 711 990; x_wconf 79' lang='lat' dir='ltr'><strong>legibus</strong></span> <span class='ocrx_word' id='word_1_48' title='bbox 744 918 978 972; x_wconf 81' lang='lat' dir='ltr'><strong>vivendi.</strong></span> 
     </span>
    </p>
   </div>
   <div class='ocr_carea' id='block_1_9' title="bbox 427 1086 1919 1160">
    <p class='ocr_par' dir='ltr' id='par_1_9' title="bbox 427 1086 1919 1160">
     <span class='ocr_line' id='line_1_9' title="bbox 427 1086 1919 1160; baseline -0.005 -11"><span class='ocrx_word' id='word_1_49' title='bbox 427 1097 478 1149; x_wconf 91' lang='grc'><strong>7.</strong></span> <span class='ocrx_word' id='word_1_50' title='bbox 508 1095 708 1148; x_wconf 79' lang='lat' dir='ltr'><strong>Factus</strong></span> <span class='ocrx_word' id='word_1_51' title='bbox 736 1108 851 1146; x_wconf 89' lang='lat' dir='ltr'><strong>sum</strong></span> <span class='ocrx_word' id='word_1_52' title='bbox 887 1092 1022 1145; x_wconf 82' lang='lat' dir='ltr'><strong>sicut</strong></span> <span class='ocrx_word' id='word_1_53' title='bbox 1073 1092 1375 1160; x_wconf 81' lang='lat' dir='ltr'><strong>nycticoraa:</strong></span> <span class='ocrx_word' id='word_1_54' title='bbox 1400 1089 1454 1142; x_wconf 88' lang='lat' dir='ltr'><strong>in</strong></span> <span class='ocrx_word' id='word_1_55' title='bbox 1491 1089 1778 1143; x_wconf 86' lang='lat' dir='ltr'><strong>domicilio.</strong></span> <span class='ocrx_word' id='word_1_56' title='bbox 1804 1086 1919 1142; x_wconf 86' lang='lat' dir='ltr'><strong>Hoc</strong></span> 
     </span>
    </p>
   </div>
   <div class='ocr_carea' id='block_1_10' title="bbox 353 1182 1916 1255">
    <p class='ocr_par' dir='ltr' id='par_1_10' title="bbox 353 1182 1916 1255">
     <span class='ocr_line' id='line_1_10' title="bbox 353 1182 1916 1255; baseline -0.004 -13"><span class='ocrx_word' id='word_1_57' title='bbox 353 1189 485 1244; x_wconf 85' lang='lat' dir='ltr'><strong>dicit</strong></span> <span class='ocrx_word' id='word_1_58' title='bbox 536 1189 607 1242; x_wconf 89' lang='lat' dir='ltr'><strong>ob</strong></span> <span class='ocrx_word' id='word_1_59' title='bbox 659 1187 910 1242; x_wconf 84' lang='lat' dir='ltr'><strong>tenebras</strong></span> <span class='ocrx_word' id='word_1_60' title='bbox 974 1200 1094 1255; x_wconf 59' lang='lat' dir='ltr'><strong>qum</strong></span> <span class='ocrx_word' id='word_1_61' title='bbox 1155 1184 1412 1253; x_wconf 87' lang='lat' dir='ltr'><strong>populum</strong></span> <span class='ocrx_word' id='word_1_62' title='bbox 1476 1182 1916 1252; x_wconf 88' lang='lat' dir='ltr'><strong>interceperunt;</strong></span> 
     </span>
    </p>
   </div>
   <div class='ocr_carea' id='block_1_11' title="bbox 354 1274 1916 1350">
    <p class='ocr_par' dir='ltr' id='par_1_11' title="bbox 354 1274 1916 1350">
     <span class='ocr_line' id='line_1_11' title="bbox 354 1274 1916 1350; baseline -0.003 -18"><span class='ocrx_word' id='word_1_63' title='bbox 354 1279 634 1350; x_wconf 78' lang='lat' dir='ltr'><strong>ignorabat</strong></span> <span class='ocrx_word' id='word_1_64' title='bbox 665 1277 808 1332; x_wconf 89' lang='lat' dir='ltr'><strong>enim</strong></span> <span class='ocrx_word' id='word_1_65' title='bbox 839 1277 1028 1331; x_wconf 82' lang='lat' dir='ltr'><strong>Deum.</strong></span> <span class='ocrx_word' id='word_1_66' title='bbox 1083 1274 1224 1341; x_wconf 87' lang='lat' dir='ltr'><strong>Quid</strong></span> <span class='ocrx_word' id='word_1_67' title='bbox 1271 1284 1451 1329; x_wconf 88' lang='lat' dir='ltr'><strong>autem</strong></span> <span class='ocrx_word' id='word_1_68' title='bbox 1495 1275 1774 1344; x_wconf 89' lang='lat' dir='ltr'><strong>proprium</strong></span> <span class='ocrx_word' id='word_1_69' title='bbox 1819 1291 1916 1345; x_wconf 83' lang='lat' dir='ltr'><strong>ny-</strong></span> 
     </span>
    </p>
   </div>
   <div class='ocr_carea' id='block_1_12' title="bbox 354 1366 1916 1436">
    <p class='ocr_par' dir='ltr' id='par_1_12' title="bbox 354 1366 1916 1436">
     <span class='ocr_line' id='line_1_12' title="bbox 354 1366 1916 1436; baseline -0.002 -13"><span class='ocrx_word' id='word_1_70' title='bbox 354 1370 629 1433; x_wconf 87' lang='lat' dir='ltr'><strong>cticoraci,</strong></span> <span class='ocrx_word' id='word_1_71' title='bbox 664 1369 772 1423; x_wconf 90' lang='lat' dir='ltr'><strong>nisi</strong></span> <span class='ocrx_word' id='word_1_72' title='bbox 805 1376 866 1421; x_wconf 93' lang='lat' dir='ltr'><strong>ut</strong></span> <span class='ocrx_word' id='word_1_73' title='bbox 895 1368 1092 1422; x_wconf 89' lang='lat' dir='ltr'><strong>clamet</strong></span> <span class='ocrx_word' id='word_1_74' title='bbox 1124 1376 1300 1430; x_wconf 89' lang='lat' dir='ltr'><strong>nocte,</strong></span> <span class='ocrx_word' id='word_1_75' title='bbox 1331 1367 1684 1436; x_wconf 83' lang='lat' dir='ltr'><strong>quamobrem</strong></span> <span class='ocrx_word' id='word_1_76' title='bbox 1723 1366 1916 1434; x_wconf 89' lang='lat' dir='ltr'><strong>hujus-</strong></span> 
     </span>
    </p>
   </div>
   <div class='ocr_carea' id='block_1_13' title="bbox 351 1459 1913 1527">
    <p class='ocr_par' dir='ltr' id='par_1_13' title="bbox 351 1459 1913 1527">
     <span class='ocr_line' id='line_1_13' title="bbox 351 1459 1913 1527; baseline -0.004 -9"><span class='ocrx_word' id='word_1_77' title='bbox 351 1464 499 1519; x_wconf 88' lang='lat' dir='ltr'><strong>modi</strong></span> <span class='ocrx_word' id='word_1_78' title='bbox 528 1461 847 1518; x_wconf 81' lang='lat' dir='ltr'><strong>vocabulum</strong></span> <span class='ocrx_word' id='word_1_79' title='bbox 879 1460 1104 1515; x_wconf 89' lang='lat' dir='ltr'><strong>sortitus</strong></span> <span class='ocrx_word' id='word_1_80' title='bbox 1128 1459 1243 1512; x_wconf 86' lang='lat' dir='ltr'><strong>est?</strong></span> <span class='ocrx_word' id='word_1_81' title='bbox 1263 1459 1528 1524; x_wconf 84' lang='lat' dir='ltr'><strong>Quoniam</strong></span> <span class='ocrx_word' id='word_1_82' title='bbox 1557 1459 1721 1527; x_wconf 73' lang='lat' dir='ltr'><strong>igitur</strong></span> <span class='ocrx_word' id='word_1_83' title='bbox 1747 1466 1913 1511; x_wconf 90' lang='lat' dir='ltr'><strong>totam</strong></span> 
     </span>
    </p>
   </div>
   <div class='ocr_carea' id='block_1_14' title="bbox 351 1548 1914 1624">
    <p class='ocr_par' dir='ltr' id='par_1_14' title="bbox 351 1548 1914 1624">
     <span class='ocr_line' id='line_1_14' title="bbox 351 1548 1914 1624; baseline -0.005 -13"><span class='ocrx_word' id='word_1_84' title='bbox 351 1564 563 1611; x_wconf 88' lang='lat' dir='ltr'><strong>noctem</strong></span> <span class='ocrx_word' id='word_1_85' title='bbox 602 1553 872 1624; x_wconf 84' lang='lat' dir='ltr'><strong>precando</strong></span> <span class='ocrx_word' id='word_1_86' title='bbox 904 1552 1256 1622; x_wconf 80' lang='lat' dir='ltr'><strong>transigebat,</strong></span> <span class='ocrx_word' id='word_1_87' title='bbox 1282 1565 1402 1606; x_wconf 90' lang='lat' dir='ltr'><strong>sese</strong></span> <span class='ocrx_word' id='word_1_88' title='bbox 1434 1550 1560 1620; x_wconf 83' lang='lat' dir='ltr'><strong>jure</strong></span> <span class='ocrx_word' id='word_1_89' title='bbox 1587 1548 1914 1620; x_wconf 87' lang='lat' dir='ltr'><strong>nyctieoraci</strong></span> 
     </span>
    </p>
   </div>
   <div class='ocr_carea' id='block_1_15' title="bbox 350 1645 582 1700">
    <p class='ocr_par' dir='ltr' id='par_1_15' title="bbox 350 1645 582 1700">
     <span class='ocr_line' id='line_1_15' title="bbox 350 1645 582 1700; baseline -0.013 0"><span class='ocrx_word' id='word_1_90' title='bbox 350 1645 582 1700; x_wconf 82' lang='lat' dir='ltr'><strong>confert.</strong></span> 
     </span>
    </p>
   </div>
   <div class='ocr_carea' id='block_1_16' title="bbox 417 1729 1915 1807">
    <p class='ocr_par' dir='ltr' id='par_1_16' title="bbox 417 1729 1915 1807">
     <span class='ocr_line' id='line_1_16' title="bbox 417 1729 1915 1807; baseline -0.007 -15"><span class='ocrx_word' id='word_1_91' title='bbox 417 1737 470 1792; x_wconf 90' lang='lat'><strong>8.</strong></span> <span class='ocrx_word' id='word_1_92' title='bbox 534 1735 759 1807; x_wconf 80' lang='lat' dir='ltr'><strong>Vigilavi</strong></span> <span class='ocrx_word' id='word_1_93' title='bbox 800 1745 850 1790; x_wconf 87' lang='lat' dir='ltr'><strong>et</strong></span> <span class='ocrx_word' id='word_1_94' title='bbox 883 1736 1056 1805; x_wconf 85' lang='lat' dir='ltr'><strong>factus</strong></span> <span class='ocrx_word' id='word_1_95' title='bbox 1085 1749 1201 1787; x_wconf 91' lang='lat' dir='ltr'><strong>sum</strong></span> <span class='ocrx_word' id='word_1_96' title='bbox 1242 1733 1378 1786; x_wconf 89' lang='lat' dir='ltr'><strong>sicut</strong></span> <span class='ocrx_word' id='word_1_97' title='bbox 1422 1748 1604 1802; x_wconf 82' lang='lat' dir='ltr'><strong>passer</strong></span> <span class='ocrx_word' id='word_1_98' title='bbox 1641 1729 1915 1785; x_wconf 83' lang='lat' dir='ltr'><strong>solitarius</strong></span> 
     </span>
    </p>
   </div>
   <div class='ocr_carea' id='block_1_17' title="bbox 349 1823 1916 1898">
    <p class='ocr_par' dir='ltr' id='par_1_17' title="bbox 349 1823 1916 1898">
     <span class='ocr_line' id='line_1_17' title="bbox 349 1823 1916 1898; baseline -0.003 -17"><span class='ocrx_word' id='word_1_99' title='bbox 349 1830 402 1882; x_wconf 89' lang='lat' dir='ltr'><strong>in</strong></span> <span class='ocrx_word' id='word_1_100' title='bbox 437 1837 590 1883; x_wconf 88' lang='lat' dir='ltr'><strong>tecto.</strong></span> <span class='ocrx_word' id='word_1_101' title='bbox 647 1828 776 1898; x_wconf 88' lang='lat' dir='ltr'><strong>Ego,</strong></span> <span class='ocrx_word' id='word_1_102' title='bbox 828 1826 1024 1896; x_wconf 84' lang='lat' dir='ltr'><strong>inquit,</strong></span> <span class='ocrx_word' id='word_1_103' title='bbox 1060 1826 1154 1894; x_wconf 89' lang='lat' dir='ltr'><strong>qui</strong></span> <span class='ocrx_word' id='word_1_104' title='bbox 1201 1833 1440 1893; x_wconf 83' lang='lat' dir='ltr'><strong>tempore</strong></span> <span class='ocrx_word' id='word_1_105' title='bbox 1473 1823 1678 1893; x_wconf 88' lang='lat' dir='ltr'><strong>peccati</strong></span> <span class='ocrx_word' id='word_1_106' title='bbox 1723 1829 1916 1892; x_wconf 89' lang='lat' dir='ltr'><strong>captus</strong></span> 
     </span>
    </p>
   </div>
   <div class='ocr_carea' id='block_1_18' title="bbox 279 1911 1916 1987">
    <p class='ocr_par' dir='ltr' id='par_1_18' title="bbox 279 1911 1916 1987">
     <span class='ocr_line' id='line_1_18' title="bbox 279 1911 1916 1987; baseline -0.005 -16"><span class='ocrx_word' id='word_1_107' title='bbox 279 1939 284 1946; x_wconf 85' lang='lat'><strong><em>-</em></strong></span> <span class='ocrx_word' id='word_1_108' title='bbox 349 1934 456 1972; x_wconf 88' lang='lat' dir='ltr'><strong>non</strong></span> <span class='ocrx_word' id='word_1_109' title='bbox 496 1916 571 1971; x_wconf 87' lang='lat' dir='ltr'><strong>l&#39;ui</strong></span> <span class='ocrx_word' id='word_1_110' title='bbox 593 1960 608 1985; x_wconf 92' lang='lat'><strong>,</strong></span> <span class='ocrx_word' id='word_1_111' title='bbox 632 1932 805 1987; x_wconf 85' lang='lat' dir='ltr'><strong>usque</strong></span> <span class='ocrx_word' id='word_1_112' title='bbox 838 1917 973 1970; x_wconf 88' lang='lat' dir='ltr'><strong>adeo</strong></span> <span class='ocrx_word' id='word_1_113' title='bbox 1001 1916 1290 1970; x_wconf 85' lang='lat' dir='ltr'><strong>derelictus</strong></span> <span class='ocrx_word' id='word_1_114' title='bbox 1322 1929 1464 1984; x_wconf 88' lang='lat' dir='ltr'><strong>sum,</strong></span> <span class='ocrx_word' id='word_1_115' title='bbox 1504 1921 1564 1966; x_wconf 93' lang='lat' dir='ltr'><strong>ut</strong></span> <span class='ocrx_word' id='word_1_116' title='bbox 1587 1911 1790 1981; x_wconf 89' lang='lat' dir='ltr'><strong>passeri</strong></span> <span class='ocrx_word' id='word_1_117' title='bbox 1822 1911 1916 1964; x_wconf 88' lang='lat' dir='ltr'><strong>uni</strong></span> 
     </span>
    </p>
   </div>
   <div class='ocr_carea' id='block_1_19' title="bbox 347 2005 1912 2077">
    <p class='ocr_par' dir='ltr' id='par_1_19' title="bbox 347 2005 1912 2077">
     <span class='ocr_line' id='line_1_19' title="bbox 347 2005 1912 2077; baseline -0.006 -13"><span class='ocrx_word' id='word_1_118' title='bbox 347 2009 540 2064; x_wconf 83' lang='lat' dir='ltr'><strong>similis</strong></span> <span class='ocrx_word' id='word_1_119' title='bbox 561 2010 684 2065; x_wconf 90' lang='lat' dir='ltr'><strong>sim.</strong></span> <span class='ocrx_word' id='word_1_120' title='bbox 710 2007 894 2062; x_wconf 73' lang='lat' dir='ltr'><strong>Tanta:</strong></span> <span class='ocrx_word' id='word_1_121' title='bbox 917 2016 1044 2061; x_wconf 90' lang='lat' dir='ltr'><strong>sunt</strong></span> <span class='ocrx_word' id='word_1_122' title='bbox 1075 2007 1218 2060; x_wconf 91' lang='lat' dir='ltr'><strong>enim</strong></span> <span class='ocrx_word' id='word_1_123' title='bbox 1244 2005 1513 2077; x_wconf 81' lang='lat' dir='ltr'><strong>myriadcs</strong></span> <span class='ocrx_word' id='word_1_124' title='bbox 1543 2014 1912 2074; x_wconf 87' lang='lat' dir='ltr'><strong>peccatorum,</strong></span> 
     </span>
    </p>
   </div>
   <div class='ocr_carea' id='block_1_20' title="bbox 349 2099 1917 2170">
    <p class='ocr_par' dir='ltr' id='par_1_20' title="bbox 349 2099 1917 2170">
     <span class='ocr_line' id='line_1_20' title="bbox 349 2099 1917 2170; baseline -0.004 -16"><span class='ocrx_word' id='word_1_125' title='bbox 349 2113 406 2154; x_wconf 89' lang='lat' dir='ltr'><strong>ut</strong></span> <span class='ocrx_word' id='word_1_126' title='bbox 433 2102 644 2155; x_wconf 90' lang='lat' dir='ltr'><strong>etiamsi</strong></span> <span class='ocrx_word' id='word_1_127' title='bbox 684 2099 902 2170; x_wconf 91' lang='lat' dir='ltr'><strong>plurimi</strong></span> <span class='ocrx_word' id='word_1_128' title='bbox 933 2099 1160 2153; x_wconf 86' lang='lat' dir='ltr'><strong>salutem</strong></span> <span class='ocrx_word' id='word_1_129' title='bbox 1199 2103 1627 2166; x_wconf 88' lang='lat' dir='ltr'><strong>consequantur,</strong></span> <span class='ocrx_word' id='word_1_130' title='bbox 1664 2109 1806 2149; x_wconf 91' lang='lat' dir='ltr'><strong>unus</strong></span> <span class='ocrx_word' id='word_1_131' title='bbox 1834 2103 1917 2148; x_wconf 85' lang='lat' dir='ltr'><strong>ta-</strong></span> 
     </span>
    </p>
   </div>
   <div class='ocr_carea' id='block_1_21' title="bbox 346 2183 1645 2259">
    <p class='ocr_par' dir='ltr' id='par_1_21' title="bbox 346 2183 1645 2259">
     <span class='ocr_line' id='line_1_21' title="bbox 346 2183 1645 2259; baseline -0.007 -15"><span class='ocrx_word' id='word_1_132' title='bbox 346 2206 490 2255; x_wconf 85' lang='lat' dir='ltr'><strong>men,</strong></span> <span class='ocrx_word' id='word_1_133' title='bbox 521 2196 599 2244; x_wconf 91' lang='lat' dir='ltr'><strong>tot</strong></span> <span class='ocrx_word' id='word_1_134' title='bbox 629 2187 963 2259; x_wconf 80' lang='lat' dir='ltr'><strong>myriadibus</strong></span> <span class='ocrx_word' id='word_1_135' title='bbox 987 2185 1310 2253; x_wconf 90' lang='lat' dir='ltr'><strong>comparati,</strong></span> <span class='ocrx_word' id='word_1_136' title='bbox 1338 2183 1645 2237; x_wconf 85' lang='lat' dir='ltr'><strong>videantur.</strong></span> 
     </span>
    </p>
   </div>
   <div class='ocr_carea' id='block_1_22' title="bbox 417 2269 1915 2349">
    <p class='ocr_par' dir='ltr' id='par_1_22' title="bbox 417 2269 1915 2349">
     <span class='ocr_line' id='line_1_22' title="bbox 417 2269 1915 2349; baseline -0.009 -14"><span class='ocrx_word' id='word_1_137' title='bbox 417 2282 470 2335; x_wconf 91' lang='lat'><strong>9.</strong></span> <span class='ocrx_word' id='word_1_138' title='bbox 533 2279 664 2334; x_wconf 91' lang='lat' dir='ltr'><strong>Tota</strong></span> <span class='ocrx_word' id='word_1_139' title='bbox 709 2279 795 2333; x_wconf 87' lang='lat' dir='ltr'><strong>die</strong></span> <span class='ocrx_word' id='word_1_140' title='bbox 825 2277 1216 2349; x_wconf 77' lang='lat' dir='ltr'><strong>exprobrabant</strong></span> <span class='ocrx_word' id='word_1_141' title='bbox 1249 2276 1378 2328; x_wconf 82' lang='lat' dir='ltr'><strong>mihi</strong></span> <span class='ocrx_word' id='word_1_142' title='bbox 1416 2273 1621 2326; x_wconf 86' lang='lat' dir='ltr'><strong>inimici</strong></span> <span class='ocrx_word' id='word_1_143' title='bbox 1653 2271 1772 2325; x_wconf 87' lang='lat' dir='ltr'><strong>mei.</strong></span> <span class='ocrx_word' id='word_1_144' title='bbox 1815 2269 1915 2323; x_wconf 85' lang='lat' dir='ltr'><strong>Ri-</strong></span> 
     </span>
    </p>
   </div>
   <div class='ocr_carea' id='block_1_23' title="bbox 344 2363 1912 2438">
    <p class='ocr_par' dir='ltr' id='par_1_23' title="bbox 344 2363 1912 2438">
     <span class='ocr_line' id='line_1_23' title="bbox 344 2363 1912 2438; baseline -0.008 -10"><span class='ocrx_word' id='word_1_145' title='bbox 344 2373 556 2429; x_wconf 89' lang='lat' dir='ltr'><strong>diculus</strong></span> <span class='ocrx_word' id='word_1_146' title='bbox 586 2373 662 2426; x_wconf 81' lang='lat' dir='ltr'><strong>fui</strong></span> <span class='ocrx_word' id='word_1_147' title='bbox 690 2371 922 2426; x_wconf 90' lang='lat' dir='ltr'><strong>inimicis</strong></span> <span class='ocrx_word' id='word_1_148' title='bbox 952 2370 1086 2424; x_wconf 88' lang='lat' dir='ltr'><strong>meis</strong></span> <span class='ocrx_word' id='word_1_149' title='bbox 1119 2390 1130 2424; x_wconf 91' lang='lat'><strong>:</strong></span> <span class='ocrx_word' id='word_1_150' title='bbox 1173 2377 1226 2423; x_wconf 89' lang='lat' dir='ltr'><strong>et</strong></span> <span class='ocrx_word' id='word_1_151' title='bbox 1253 2368 1346 2438; x_wconf 87' lang='lat' dir='ltr'><strong>qui</strong></span> <span class='ocrx_word' id='word_1_152' title='bbox 1381 2367 1508 2421; x_wconf 88' lang='lat' dir='ltr'><strong>olim</strong></span> <span class='ocrx_word' id='word_1_153' title='bbox 1536 2365 1668 2420; x_wconf 90' lang='lat' dir='ltr'><strong>mihi</strong></span> <span class='ocrx_word' id='word_1_154' title='bbox 1702 2363 1912 2418; x_wconf 89' lang='lat' dir='ltr'><strong>invide-</strong></span> 
     </span>
    </p>
   </div>
   <div class='ocr_carea' id='block_1_24' title="bbox 344 2459 1914 2529">
    <p class='ocr_par' dir='ltr' id='par_1_24' title="bbox 344 2459 1914 2529">
     <span class='ocr_line' id='line_1_24' title="bbox 344 2459 1914 2529; baseline -0.005 -9"><span class='ocrx_word' id='word_1_155' title='bbox 344 2466 492 2529; x_wconf 87' lang='lat' dir='ltr'><strong>bant,</strong></span> <span class='ocrx_word' id='word_1_156' title='bbox 541 2465 802 2519; x_wconf 87' lang='lat' dir='ltr'><strong>adversus</strong></span> <span class='ocrx_word' id='word_1_157' title='bbox 852 2479 1000 2518; x_wconf 86' lang='lat' dir='ltr'><strong>meas</strong></span> <span class='ocrx_word' id='word_1_158' title='bbox 1030 2461 1367 2517; x_wconf 85' lang='lat' dir='ltr'><strong>calamitates</strong></span> <span class='ocrx_word' id='word_1_159' title='bbox 1407 2459 1613 2529; x_wconf 86' lang='lat' dir='ltr'><strong>jurant,</strong></span> <span class='ocrx_word' id='word_1_160' title='bbox 1661 2464 1914 2526; x_wconf 83' lang='lat' dir='ltr'><strong>rogantes</strong></span> 
     </span>
    </p>
   </div>
   <div class='ocr_carea' id='block_1_25' title="bbox 344 2550 1911 2627">
    <p class='ocr_par' dir='ltr' id='par_1_25' title="bbox 344 2550 1911 2627">
     <span class='ocr_line' id='line_1_25' title="bbox 344 2550 1911 2627; baseline -0.006 -16"><span class='ocrx_word' id='word_1_161' title='bbox 344 2575 411 2611; x_wconf 90' lang='lat' dir='ltr'><strong>ne</strong></span> <span class='ocrx_word' id='word_1_162' title='bbox 436 2558 539 2611; x_wconf 84' lang='lat' dir='ltr'><strong>sibi</strong></span> <span class='ocrx_word' id='word_1_163' title='bbox 585 2557 737 2627; x_wconf 89' lang='lat' dir='ltr'><strong>paria</strong></span> <span class='ocrx_word' id='word_1_164' title='bbox 774 2555 1112 2624; x_wconf 85' lang='lat' dir='ltr'><strong>contingant.</strong></span> <span class='ocrx_word' id='word_1_165' title='bbox 1148 2553 1286 2606; x_wconf 90' lang='lat' dir='ltr'><strong>lllud</strong></span> <span class='ocrx_word' id='word_1_166' title='bbox 1316 2560 1519 2616; x_wconf 90' lang='lat' dir='ltr'><strong>autem,</strong></span> <span class='ocrx_word' id='word_1_167' title='bbox 1561 2566 1681 2602; x_wconf 88' lang='lat' dir='ltr'><strong>cum</strong></span> <span class='ocrx_word' id='word_1_168' title='bbox 1721 2550 1911 2614; x_wconf 87' lang='lat' dir='ltr'><strong>cinere,</strong></span> 
     </span>
    </p>
   </div>
   <div class='ocr_carea' id='block_1_26' title="bbox 344 2638 1912 2715">
    <p class='ocr_par' dir='ltr' id='par_1_26' title="bbox 344 2638 1912 2715">
     <span class='ocr_line' id='line_1_26' title="bbox 344 2638 1912 2715; baseline -0.007 -13"><span class='ocrx_word' id='word_1_169' title='bbox 344 2648 626 2703; x_wconf 88' lang='lat' dir='ltr'><strong>consimile</strong></span> <span class='ocrx_word' id='word_1_170' title='bbox 655 2657 737 2702; x_wconf 87' lang='lat' dir='ltr'><strong>est</strong></span> <span class='ocrx_word' id='word_1_171' title='bbox 783 2645 1183 2715; x_wconf 81' lang='lat' dir='ltr'><strong>septuagesimo</strong></span> <span class='ocrx_word' id='word_1_172' title='bbox 1227 2659 1370 2697; x_wconf 92' lang='lat' dir='ltr'><strong>nono</strong></span> <span class='ocrx_word' id='word_1_173' title='bbox 1399 2642 1608 2711; x_wconf 89' lang='lat' dir='ltr'><strong>psalmo</strong></span> <span class='ocrx_word' id='word_1_174' title='bbox 1637 2658 1650 2694; x_wconf 92' lang='lat'><strong>:</strong></span> <span class='ocrx_word' id='word_1_175' title='bbox 1697 2638 1912 2692; x_wconf 86' lang='lat' dir='ltr'><strong>Cibabis</strong></span> 
     </span>
    </p>
   </div>
   <div class='ocr_carea' id='block_1_27' title="bbox 344 2731 1912 2811">
    <p class='ocr_par' dir='ltr' id='par_1_27' title="bbox 344 2731 1912 2811">
     <span class='ocr_line' id='line_1_27' title="bbox 344 2731 1912 2811; baseline -0.008 -16"><span class='ocrx_word' id='word_1_176' title='bbox 344 2759 438 2795; x_wconf 89' lang='lat' dir='ltr'><strong>nos</strong></span> <span class='ocrx_word' id='word_1_177' title='bbox 492 2757 625 2811; x_wconf 80' lang='lat' dir='ltr'><strong>pane</strong></span> <span class='ocrx_word' id='word_1_178' title='bbox 657 2741 1016 2809; x_wconf 88' lang='lat' dir='ltr'><strong>lacrymarum</strong></span> <span class='ocrx_word' id='word_1_179' title='bbox 1071 2736 1138 2789; x_wconf 78' lang='grc'><strong>⁸³.</strong></span> <span class='ocrx_word' id='word_1_180' title='bbox 1194 2734 1350 2801; x_wconf 88' lang='lat' dir='ltr'><strong>Quod</strong></span> <span class='ocrx_word' id='word_1_181' title='bbox 1411 2735 1457 2788; x_wconf 88' lang='lat' dir='ltr'><strong>si</strong></span> <span class='ocrx_word' id='word_1_182' title='bbox 1501 2733 1605 2787; x_wconf 89' lang='lat' dir='ltr'><strong>cibi</strong></span> <span class='ocrx_word' id='word_1_183' title='bbox 1664 2731 1912 2786; x_wconf 90' lang='lat' dir='ltr'><strong>sumendi</strong></span> 
     </span>
    </p>
   </div>
   <div class='ocr_carea' id='block_1_28' title="bbox 345 2822 1910 2904">
    <p class='ocr_par' dir='ltr' id='par_1_28' title="bbox 345 2822 1910 2904">
     <span class='ocr_line' id='line_1_28' title="bbox 345 2822 1910 2904; baseline -0.009 -15"><span class='ocrx_word' id='word_1_184' title='bbox 345 2847 558 2904; x_wconf 86' lang='lat' dir='ltr'><strong>tempus</strong></span> <span class='ocrx_word' id='word_1_185' title='bbox 615 2833 802 2887; x_wconf 90' lang='lat' dir='ltr'><strong>dolore</strong></span> <span class='ocrx_word' id='word_1_186' title='bbox 852 2831 1074 2901; x_wconf 91' lang='lat' dir='ltr'><strong>plenum</strong></span> <span class='ocrx_word' id='word_1_187' title='bbox 1127 2827 1250 2892; x_wconf 79' lang='lat' dir='ltr'><strong>fuit,</strong></span> <span class='ocrx_word' id='word_1_188' title='bbox 1300 2826 1388 2880; x_wconf 85' lang='lat' dir='ltr'><strong>vix</strong></span> <span class='ocrx_word' id='word_1_189' title='bbox 1431 2825 1576 2878; x_wconf 83' lang='lat' dir='ltr'><strong>aliud</strong></span> <span class='ocrx_word' id='word_1_190' title='bbox 1621 2822 1910 2891; x_wconf 86' lang='lat' dir='ltr'><strong>quodpiam</strong></span> 
     </span>
    </p>
   </div>
   <div class='ocr_carea' id='block_1_29' title="bbox 343 2914 1909 2994">
    <p class='ocr_par' dir='ltr' id='par_1_29' title="bbox 343 2914 1909 2994">
     <span class='ocr_line' id='line_1_29' title="bbox 343 2914 1909 2994; baseline -0.008 -15"><span class='ocrx_word' id='word_1_191' title='bbox 343 2935 555 2994; x_wconf 88' lang='lat' dir='ltr'><strong>tempus</strong></span> <span class='ocrx_word' id='word_1_192' title='bbox 603 2923 760 2978; x_wconf 89' lang='lat' dir='ltr'><strong>malis</strong></span> <span class='ocrx_word' id='word_1_193' title='bbox 807 2936 1040 2976; x_wconf 90' lang='lat' dir='ltr'><strong>vacuum</strong></span> <span class='ocrx_word' id='word_1_194' title='bbox 1073 2917 1198 2974; x_wconf 86' lang='lat' dir='ltr'><strong>erit.</strong></span> <span class='ocrx_word' id='word_1_195' title='bbox 1234 2917 1306 2970; x_wconf 89' lang='lat' dir='ltr'><strong>Et</strong></span> <span class='ocrx_word' id='word_1_196' title='bbox 1353 2917 1442 2985; x_wconf 89' lang='lat' dir='ltr'><strong>qui</strong></span> <span class='ocrx_word' id='word_1_197' title='bbox 1485 2914 1776 2968; x_wconf 85' lang='lat' dir='ltr'><strong>laudabant</strong></span> <span class='ocrx_word' id='word_1_198' title='bbox 1830 2928 1909 2966; x_wconf 91' lang='lat' dir='ltr'><strong>me</strong></span> 
     </span>
    </p>
   </div>
   <div class='ocr_carea' id='block_1_30' title="bbox 341 3003 1910 3082">
    <p class='ocr_par' dir='ltr' id='par_1_30' title="bbox 341 3003 1910 3082">
     <span class='ocr_line' id='line_1_30' title="bbox 341 3003 1910 3082; baseline -0.01 -11"><span class='ocrx_word' id='word_1_199' title='bbox 341 3017 617 3071; x_wconf 86' lang='lat' dir='ltr'><strong>adversum</strong></span> <span class='ocrx_word' id='word_1_200' title='bbox 645 3030 722 3068; x_wconf 89' lang='lat' dir='ltr'><strong>me</strong></span> <span class='ocrx_word' id='word_1_201' title='bbox 747 3013 1021 3082; x_wconf 84' lang='lat' dir='ltr'><strong>jurabant.</strong></span> <span class='ocrx_word' id='word_1_202' title='bbox 1071 3010 1135 3063; x_wconf 82' lang='grc' dir='ltr'>Ει</span> <span class='ocrx_word' id='word_1_203' title='bbox 1164 3008 1348 3072; x_wconf 87' lang='lat' dir='ltr'><strong>amici,</strong></span> <span class='ocrx_word' id='word_1_204' title='bbox 1396 3007 1591 3076; x_wconf 85' lang='lat' dir='ltr'><strong>inquit,</strong></span> <span class='ocrx_word' id='word_1_205' title='bbox 1639 3005 1732 3076; x_wconf 89' lang='lat' dir='ltr'><strong>qui</strong></span> <span class='ocrx_word' id='word_1_206' title='bbox 1779 3003 1910 3058; x_wconf 87' lang='lat' dir='ltr'><strong>olim</strong></span> 
     </span>
    </p>
   </div>
   <div class='ocr_carea' id='block_1_31' title="bbox 342 3097 1909 3168">
    <p class='ocr_par' dir='ltr' id='par_1_31' title="bbox 342 3097 1909 3168">
     <span class='ocr_line' id='line_1_31' title="bbox 342 3097 1909 3168; baseline -0.008 -6"><span class='ocrx_word' id='word_1_207' title='bbox 342 3109 633 3162; x_wconf 87' lang='lat' dir='ltr'><strong>laudabant</strong></span> <span class='ocrx_word' id='word_1_208' title='bbox 664 3121 769 3168; x_wconf 89' lang='lat' dir='ltr'><strong>me,</strong></span> <span class='ocrx_word' id='word_1_209' title='bbox 825 3119 975 3159; x_wconf 90' lang='lat' dir='ltr'><strong>meas</strong></span> <span class='ocrx_word' id='word_1_210' title='bbox 1026 3103 1366 3158; x_wconf 87' lang='lat' dir='ltr'><strong>calamitates</strong></span> <span class='ocrx_word' id='word_1_211' title='bbox 1422 3100 1476 3154; x_wconf 91' lang='lat' dir='ltr'><strong>iu</strong></span> <span class='ocrx_word' id='word_1_212' title='bbox 1524 3097 1909 3168; x_wconf 87' lang='lat' dir='ltr'><strong>jusjurandum</strong></span> 
     </span>
    </p>
   </div>
   <div class='ocr_carea' id='block_1_32' title="bbox 341 3189 1910 3262">
    <p class='ocr_par' dir='ltr' id='par_1_32' title="bbox 341 3189 1910 3262">
     <span class='ocr_line' id='line_1_32' title="bbox 341 3189 1910 3262; baseline -0.004 -11"><span class='ocrx_word' id='word_1_213' title='bbox 341 3198 671 3252; x_wconf 80' lang='lat' dir='ltr'><strong>adhibebant</strong></span> <span class='ocrx_word' id='word_1_214' title='bbox 713 3197 996 3250; x_wconf 89' lang='lat' dir='ltr'><strong>dicentes:</strong></span> <span class='ocrx_word' id='word_1_215' title='bbox 1033 3192 1192 3248; x_wconf 85' lang='lat' dir='ltr'><strong>Absit</strong></span> <span class='ocrx_word' id='word_1_216' title='bbox 1237 3203 1296 3248; x_wconf 90' lang='lat' dir='ltr'><strong>ut</strong></span> <span class='ocrx_word' id='word_1_217' title='bbox 1333 3193 1461 3248; x_wconf 88' lang='lat' dir='ltr'><strong>talia</strong></span> <span class='ocrx_word' id='word_1_218' title='bbox 1511 3193 1687 3262; x_wconf 87' lang='lat' dir='ltr'><strong>patiar</strong></span> <span class='ocrx_word' id='word_1_219' title='bbox 1728 3189 1910 3261; x_wconf 86' lang='lat' dir='ltr'><strong>qualia</strong></span> 
     </span>
    </p>
   </div>
   <div class='ocr_carea' id='block_1_33' title="bbox 341 3289 563 3343">
    <p class='ocr_par' dir='ltr' id='par_1_33' title="bbox 341 3289 563 3343">
     <span class='ocr_line' id='line_1_33' title="bbox 341 3289 563 3343; baseline 0 -2"><span class='ocrx_word' id='word_1_220' title='bbox 341 3289 510 3343; x_wconf 80' lang='lat' dir='ltr'><strong>ISrael</strong></span> <span class='ocrx_word' id='word_1_221' title='bbox 550 3289 563 3341; x_wconf 89' lang='lat'>!</span> 
     </span>
    </p>
   </div>
   <div class='ocr_carea' id='block_1_34' title="bbox 410 3373 1905 3447">
    <p class='ocr_par' dir='ltr' id='par_1_34' title="bbox 410 3373 1905 3447">
     <span class='ocr_line' id='line_1_34' title="bbox 410 3373 1905 3447; baseline -0.001 -16"><span class='ocrx_word' id='word_1_222' title='bbox 410 3377 493 3432; x_wconf 81' lang='grc'>10.</span> <span class='ocrx_word' id='word_1_223' title='bbox 559 3377 699 3442; x_wconf 84' lang='lat' dir='ltr'><strong>Quia</strong></span> <span class='ocrx_word' id='word_1_224' title='bbox 725 3379 948 3432; x_wconf 87' lang='lat' dir='ltr'><strong>cinerem</strong></span> <span class='ocrx_word' id='word_1_225' title='bbox 985 3388 1237 3447; x_wconf 88' lang='lat' dir='ltr'><strong>tanquam</strong></span> <span class='ocrx_word' id='word_1_226' title='bbox 1276 3393 1464 3447; x_wconf 85' lang='lat' dir='ltr'><strong>panem</strong></span> <span class='ocrx_word' id='word_1_227' title='bbox 1496 3373 1905 3430; x_wconf 84' lang='lat' dir='ltr'><strong>manducabam.</strong></span> 
     </span>
    </p>
   </div>
   <div class='ocr_carea' id='block_1_35' title="bbox 338 3465 1909 3538">
    <p class='ocr_par' dir='ltr' id='par_1_35' title="bbox 338 3465 1909 3538">
     <span class='ocr_line' id='line_1_35' title="bbox 338 3465 1909 3538; baseline -0.001 -18"><span class='ocrx_word' id='word_1_228' title='bbox 338 3467 448 3522; x_wconf 78' lang='lat' dir='ltr'><strong>Aut</strong></span> <span class='ocrx_word' id='word_1_229' title='bbox 476 3469 811 3523; x_wconf 87' lang='lat' dir='ltr'><strong>calamitates</strong></span> <span class='ocrx_word' id='word_1_230' title='bbox 847 3468 1174 3538; x_wconf 86' lang='lat' dir='ltr'><strong>captivitatis</strong></span> <span class='ocrx_word' id='word_1_231' title='bbox 1223 3468 1512 3538; x_wconf 83' lang='lat' dir='ltr'><strong>signiﬁcat,</strong></span> <span class='ocrx_word' id='word_1_232' title='bbox 1538 3477 1631 3520; x_wconf 91' lang='lat' dir='ltr'><strong>aut</strong></span> <span class='ocrx_word' id='word_1_233' title='bbox 1662 3465 1909 3519; x_wconf 87' lang='lat' dir='ltr'><strong>alllictio-</strong></span> 
     </span>
    </p>
   </div>
   <div class='ocr_carea' id='block_1_36' title="bbox 340 3559 1906 3632">
    <p class='ocr_par' dir='ltr' id='par_1_36' title="bbox 340 3559 1906 3632">
     <span class='ocr_line' id='line_1_36' title="bbox 340 3559 1906 3632; baseline -0.001 -18"><span class='ocrx_word' id='word_1_234' title='bbox 340 3576 461 3615; x_wconf 86' lang='lat' dir='ltr'><strong>nem</strong></span> <span class='ocrx_word' id='word_1_235' title='bbox 495 3577 602 3631; x_wconf 85' lang='lat' dir='ltr'><strong>qua</strong></span> <span class='ocrx_word' id='word_1_236' title='bbox 632 3577 690 3617; x_wconf 89' lang='lat' dir='ltr'><strong>se</strong></span> <span class='ocrx_word' id='word_1_237' title='bbox 713 3562 1079 3630; x_wconf 87' lang='lat' dir='ltr'><strong>macerabant,</strong></span> <span class='ocrx_word' id='word_1_238' title='bbox 1124 3570 1184 3616; x_wconf 93' lang='lat' dir='ltr'><strong>ut</strong></span> <span class='ocrx_word' id='word_1_239' title='bbox 1207 3562 1441 3632; x_wconf 90' lang='lat' dir='ltr'><strong>populus</strong></span> <span class='ocrx_word' id='word_1_240' title='bbox 1471 3559 1906 3615; x_wconf 87' lang='lat' dir='ltr'><strong>misericordiam</strong></span> 
     </span>
    </p>
   </div>
   <div class='ocr_carea' id='block_1_37' title="bbox 339 3663 785 3725">
    <p class='ocr_par' dir='ltr' id='par_1_37' title="bbox 339 3663 785 3725">
     <span class='ocr_line' id='line_1_37' title="bbox 339 3663 785 3725; baseline -0.004 -15"><span class='ocrx_word' id='word_1_241' title='bbox 339 3663 785 3725; x_wconf 87' lang='lat' dir='ltr'><strong>consequeretur.</strong></span> 
     </span>
    </p>
   </div>
   <div class='ocr_carea' id='block_1_38' title="bbox 411 3740 1904 3811">
    <p class='ocr_par' dir='ltr' id='par_1_38' title="bbox 411 3740 1904 3811">
     <span class='ocr_line' id='line_1_38' title="bbox 411 3740 1904 3811; baseline -0.003 -13"><span class='ocrx_word' id='word_1_242' title='bbox 411 3746 497 3799; x_wconf 70' lang='lat' dir='ltr'><strong>ll.</strong></span> <span class='ocrx_word' id='word_1_243' title='bbox 559 3745 697 3811; x_wconf 84' lang='lat' dir='ltr'><strong>Quia</strong></span> <span class='ocrx_word' id='word_1_244' title='bbox 729 3745 933 3800; x_wconf 85' lang='lat' dir='ltr'><strong>elevans</strong></span> <span class='ocrx_word' id='word_1_245' title='bbox 975 3745 1195 3799; x_wconf 89' lang='lat' dir='ltr'><strong>allisisti</strong></span> <span class='ocrx_word' id='word_1_246' title='bbox 1224 3761 1324 3798; x_wconf 88' lang='lat' dir='ltr'><strong>me.</strong></span> <span class='ocrx_word' id='word_1_247' title='bbox 1369 3742 1532 3798; x_wconf 85' lang='lat' dir='ltr'><strong>Solus</strong></span> <span class='ocrx_word' id='word_1_248' title='bbox 1564 3740 1727 3796; x_wconf 87' lang='lat' dir='ltr'><strong>Israel</strong></span> <span class='ocrx_word' id='word_1_249' title='bbox 1759 3740 1904 3795; x_wconf 91' lang='lat' dir='ltr'><strong>enim</strong></span> 
     </span>
    </p>
   </div>
   <div class='ocr_carea' id='block_1_39' title="bbox 336 3832 1906 3906">
    <p class='ocr_par' dir='ltr' id='par_1_39' title="bbox 336 3832 1906 3906">
     <span class='ocr_line' id='line_1_39' title="bbox 336 3832 1906 3906; baseline -0.004 -14"><span class='ocrx_word' id='word_1_250' title='bbox 336 3853 401 3892; x_wconf 71' lang='lat' dir='ltr'><strong>ex</strong></span> <span class='ocrx_word' id='word_1_251' title='bbox 431 3837 685 3891; x_wconf 87' lang='lat' dir='ltr'><strong>omnibus</strong></span> <span class='ocrx_word' id='word_1_252' title='bbox 726 3838 976 3906; x_wconf 88' lang='lat' dir='ltr'><strong>gentibus</strong></span> <span class='ocrx_word' id='word_1_253' title='bbox 1006 3836 1253 3891; x_wconf 77' lang='lat' dir='ltr'><strong>excelsus</strong></span> <span class='ocrx_word' id='word_1_254' title='bbox 1287 3843 1425 3901; x_wconf 89' lang='lat' dir='ltr'><strong>erat,</strong></span> <span class='ocrx_word' id='word_1_255' title='bbox 1467 3834 1666 3903; x_wconf 90' lang='lat' dir='ltr'><strong>quippe</strong></span> <span class='ocrx_word' id='word_1_256' title='bbox 1694 3832 1788 3902; x_wconf 87' lang='lat' dir='ltr'><strong>qui</strong></span> <span class='ocrx_word' id='word_1_257' title='bbox 1815 3848 1906 3886; x_wconf 79' lang='lat' dir='ltr'><strong>so-</strong></span> 
     </span>
    </p>
   </div>
   <div class='ocr_carea' id='block_1_40' title="bbox 336 3929 1243 3984">
    <p class='ocr_par' dir='ltr' id='par_1_40' title="bbox 336 3929 1243 3984">
     <span class='ocr_line' id='line_1_40' title="bbox 336 3929 1243 3984; baseline -0.002 0"><span class='ocrx_word' id='word_1_258' title='bbox 336 3929 422 3984; x_wconf 87' lang='lat' dir='ltr'><strong>lus</strong></span> <span class='ocrx_word' id='word_1_259' title='bbox 455 3929 706 3983; x_wconf 90' lang='lat' dir='ltr'><strong>notitiam</strong></span> <span class='ocrx_word' id='word_1_260' title='bbox 734 3930 845 3983; x_wconf 88' lang='lat' dir='ltr'><strong>veri</strong></span> <span class='ocrx_word' id='word_1_261' title='bbox 877 3929 968 3983; x_wconf 85' lang='lat' dir='ltr'><strong>Dei</strong></span> <span class='ocrx_word' id='word_1_262' title='bbox 1000 3929 1243 3982; x_wconf 85' lang='lat' dir='ltr'><strong>haberet.</strong></span> 
     </span>
    </p>
   </div>
   <div class='ocr_carea' id='block_1_41' title="bbox 407 4013 1902 4071">
    <p class='ocr_par' dir='ltr' id='par_1_41' title="bbox 407 4013 1902 4071">
     <span class='ocr_line' id='line_1_41' title="bbox 407 4013 1902 4071; baseline -0.001 -1"><span class='ocrx_word' id='word_1_263' title='bbox 407 4018 495 4071; x_wconf 73' lang='grc'><strong>12.</strong></span> <span class='ocrx_word' id='word_1_264' title='bbox 554 4017 677 4070; x_wconf 88' lang='lat' dir='ltr'><strong>Dies</strong></span> <span class='ocrx_word' id='word_1_265' title='bbox 732 4019 834 4071; x_wconf 88' lang='lat' dir='ltr'><strong>mei</strong></span> <span class='ocrx_word' id='word_1_266' title='bbox 895 4019 1031 4071; x_wconf 87' lang='lat' dir='ltr'><strong>sicut</strong></span> <span class='ocrx_word' id='word_1_267' title='bbox 1066 4018 1254 4070; x_wconf 87' lang='lat' dir='ltr'><strong>umbra</strong></span> <span class='ocrx_word' id='word_1_268' title='bbox 1315 4016 1726 4070; x_wconf 83' lang='lat' dir='ltr'><strong>declinaverunt.</strong></span> <span class='ocrx_word' id='word_1_269' title='bbox 1775 4013 1902 4068; x_wconf 88' lang='lat' dir='ltr'><strong>Dies</strong></span> 
     </span>
    </p>
   </div>
   <div class='ocr_carea' id='block_1_42' title="bbox 335 4105 1902 4177">
    <p class='ocr_par' dir='ltr' id='par_1_42' title="bbox 335 4105 1902 4177">
     <span class='ocr_line' id='line_1_42' title="bbox 335 4105 1902 4177; baseline -0.002 -15"><span class='ocrx_word' id='word_1_270' title='bbox 335 4121 466 4162; x_wconf 83' lang='lat' dir='ltr'><strong>suos</strong></span> <span class='ocrx_word' id='word_1_271' title='bbox 494 4105 570 4159; x_wconf 88' lang='lat' dir='ltr'><strong>ait</strong></span> <span class='ocrx_word' id='word_1_272' title='bbox 601 4115 904 4160; x_wconf 83' lang='lat' dir='ltr'><strong>transactos</strong></span> <span class='ocrx_word' id='word_1_273' title='bbox 931 4107 984 4160; x_wconf 93' lang='lat' dir='ltr'><strong>in</strong></span> <span class='ocrx_word' id='word_1_274' title='bbox 1011 4107 1170 4177; x_wconf 86' lang='lat' dir='ltr'><strong>legali</strong></span> <span class='ocrx_word' id='word_1_275' title='bbox 1196 4106 1366 4170; x_wconf 90' lang='lat' dir='ltr'><strong>cultu,</strong></span> <span class='ocrx_word' id='word_1_276' title='bbox 1391 4107 1486 4175; x_wconf 91' lang='lat' dir='ltr'><strong>qui</strong></span> <span class='ocrx_word' id='word_1_277' title='bbox 1522 4116 1748 4161; x_wconf 84' lang='lat' dir='ltr'><strong>vocatur</strong></span> <span class='ocrx_word' id='word_1_278' title='bbox 1780 4120 1902 4160; x_wconf 86' lang='lat' dir='ltr'><strong>um-</strong></span> 
     </span>
    </p>
   </div>
   <div class='ocr_carea' id='block_1_43' title="bbox 336 4196 1898 4268">
    <p class='ocr_par' dir='ltr' id='par_1_43' title="bbox 336 4196 1898 4268">
     <span class='ocr_line' id='line_1_43' title="bbox 336 4196 1898 4268; baseline -0.003 -14"><span class='ocrx_word' id='word_1_279' title='bbox 336 4199 433 4254; x_wconf 83' lang='lat' dir='ltr'><strong>bra</strong></span> <span class='ocrx_word' id='word_1_280' title='bbox 467 4196 772 4253; x_wconf 81' lang='lat' dir='ltr'><strong>futurorum</strong></span> <span class='ocrx_word' id='word_1_281' title='bbox 804 4199 1097 4254; x_wconf 90' lang='lat' dir='ltr'><strong>bonorum.</strong></span> <span class='ocrx_word' id='word_1_282' title='bbox 1145 4197 1215 4252; x_wconf 87' lang='lat' dir='ltr'><strong>Et</strong></span> <span class='ocrx_word' id='word_1_283' title='bbox 1250 4215 1341 4268; x_wconf 87' lang='lat' dir='ltr'><strong>ego</strong></span> <span class='ocrx_word' id='word_1_284' title='bbox 1377 4199 1513 4252; x_wconf 83' lang='lat' dir='ltr'><strong>sicut</strong></span> <span class='ocrx_word' id='word_1_285' title='bbox 1537 4199 1716 4268; x_wconf 80' lang='lat' dir='ltr'><strong>fenum</strong></span> <span class='ocrx_word' id='word_1_286' title='bbox 1756 4197 1898 4250; x_wconf 90' lang='lat' dir='ltr'><strong>arui.</strong></span> 
     </span>
    </p>
   </div>
   <div class='ocr_carea' id='block_1_44' title="bbox 335 4287 1897 4360">
    <p class='ocr_par' dir='ltr' id='par_1_44' title="bbox 335 4287 1897 4360">
     <span class='ocr_line' id='line_1_44' title="bbox 335 4287 1897 4360; baseline -0.001 -18"><span class='ocrx_word' id='word_1_287' title='bbox 335 4287 492 4354; x_wconf 88' lang='lat' dir='ltr'><strong>lllud,</strong></span> <span class='ocrx_word' id='word_1_288' title='bbox 523 4305 636 4360; x_wconf 83' lang='lat' dir='ltr'><strong>ego,</strong></span> <span class='ocrx_word' id='word_1_289' title='bbox 662 4291 900 4359; x_wconf 87' lang='lat' dir='ltr'><strong>positum</strong></span> <span class='ocrx_word' id='word_1_290' title='bbox 940 4298 1024 4344; x_wconf 88' lang='lat' dir='ltr'><strong>est</strong></span> <span class='ocrx_word' id='word_1_291' title='bbox 1065 4305 1186 4360; x_wconf 87' lang='lat' dir='ltr'><strong>pro,</strong></span> <span class='ocrx_word' id='word_1_292' title='bbox 1213 4289 1457 4359; x_wconf 81' lang='lat' dir='ltr'><strong>populus,</strong></span> <span class='ocrx_word' id='word_1_293' title='bbox 1491 4305 1641 4354; x_wconf 89' lang='lat' dir='ltr'><strong>nam,</strong></span> <span class='ocrx_word' id='word_1_294' title='bbox 1675 4297 1735 4344; x_wconf 90' lang='lat' dir='ltr'><strong>ut</strong></span> <span class='ocrx_word' id='word_1_295' title='bbox 1763 4288 1897 4353; x_wconf 76' lang='lat' dir='ltr'><strong>dixi,</strong></span> 
     </span>
    </p>
   </div>
   <div class='ocr_carea' id='block_1_45' title="bbox 1216 233 2750 307">
    <p class='ocr_par' dir='ltr' id='par_1_45' title="bbox 1216 233 2750 307">
     <span class='ocr_line' id='line_1_45' title="bbox 1216 233 2750 307; baseline -0.001 -3"><span class='ocrx_word' id='word_1_296' title='bbox 1216 251 1274 304; x_wconf 76' lang='lat' dir='ltr'><strong>S.</strong></span> <span class='ocrx_word' id='word_1_297' title='bbox 1314 250 1684 307; x_wconf 77' lang='lat' dir='ltr'><strong>ATllANASll</strong></span> <span class='ocrx_word' id='word_1_298' title='bbox 1725 248 1872 304; x_wconf 87' lang='lat' dir='ltr'><strong>OPP.</strong></span> <span class='ocrx_word' id='word_1_299' title='bbox 1908 247 2087 303; x_wconf 74' lang='lat' dir='ltr'><strong>PARS</strong></span> <span class='ocrx_word' id='word_1_300' title='bbox 2122 246 2211 304; x_wconf 87' lang='lat' dir='ltr'><strong>lll.</strong></span> <span class='ocrx_word' id='word_1_301' title='bbox 2245 233 2315 289; x_wconf 47' lang='lat'><strong>9—-</strong></span> <span class='ocrx_word' id='word_1_302' title='bbox 2342 247 2750 302; x_wconf 75' lang='lat' dir='ltr'><strong>EXEGETICA.</strong></span> 
     </span>
    </p>
   </div>
   <div class='ocr_carea' id='block_1_46' title="bbox 3490 249 3611 304">
    <p class='ocr_par' dir='ltr' id='par_1_46' title="bbox 3490 249 3611 304">
     <span class='ocr_line' id='line_1_46' title="bbox 3490 249 3611 304; baseline 0.017 -2"><span class='ocrx_word' id='word_1_303' title='bbox 3490 249 3611 304; x_wconf 65' lang='lat'><strong>4‘28</strong></span> 
     </span>
    </p>
   </div>
   <div class='ocr_carea' id='block_1_47' title="bbox 2092 360 3605 443">
    <p class='ocr_par' dir='ltr' id='par_1_47' title="bbox 2092 360 3605 443">
     <span class='ocr_line' id='line_1_47' title="bbox 2092 360 3605 443; baseline 0 -25"><span class='ocrx_word' id='word_1_304' title='bbox 2092 365 2219 443; x_wconf 72' lang='grc' dir='ltr'>Ὀτι</span> <span class='ocrx_word' id='word_1_305' title='bbox 2240 364 2520 428; x_wconf 75' lang='grc' dir='ltr'>ἐξέλιπον</span> <span class='ocrx_word' id='word_1_306' title='bbox 2564 362 2705 416; x_wconf 79' lang='grc' dir='ltr'>ὡσεὶ</span> <span class='ocrx_word' id='word_1_307' title='bbox 2736 360 2966 426; x_wconf 80' lang='grc' dir='ltr'>καπνὸς</span> <span class='ocrx_word' id='word_1_308' title='bbox 2995 362 3055 413; x_wconf 80' lang='lat' dir='ltr'><strong>al</strong></span> <span class='ocrx_word' id='word_1_309' title='bbox 3089 360 3294 428; x_wconf 73' lang='grc' dir='ltr'>ἡμέραι</span> <span class='ocrx_word' id='word_1_310' title='bbox 3313 378 3453 429; x_wconf 82' lang='grc' dir='ltr'>μου,</span> <span class='ocrx_word' id='word_1_311' title='bbox 3492 365 3605 418; x_wconf 74' lang='grc' dir='ltr'><strong>καὶ</strong></span> 
     </span>
    </p>
   </div>
   <div class='ocr_carea' id='block_1_48' title="bbox 2025 454 3610 525">
    <p class='ocr_par' dir='ltr' id='par_1_48' title="bbox 2025 454 3610 525">
     <span class='ocr_line' id='line_1_48' title="bbox 2025 454 3610 525; baseline 0 -17"><span class='ocrx_word' id='word_1_312' title='bbox 2025 455 2098 510; x_wconf 81' lang='grc' dir='ltr'>τὰ</span> <span class='ocrx_word' id='word_1_313' title='bbox 2130 455 2281 511; x_wconf 83' lang='grc' dir='ltr'><strong>ὀστᾶ</strong></span> <span class='ocrx_word' id='word_1_314' title='bbox 2305 474 2423 525; x_wconf 85' lang='grc' dir='ltr'><strong>μου</strong></span> <span class='ocrx_word' id='word_1_315' title='bbox 2447 455 2588 509; x_wconf 79' lang='grc' dir='ltr'>ὡσεὶ</span> <span class='ocrx_word' id='word_1_316' title='bbox 2621 454 2872 524; x_wconf 73' lang='grc' dir='ltr'>φρύγιον</span> <span class='ocrx_word' id='word_1_317' title='bbox 2901 455 3388 522; x_wconf 67' lang='grc' dir='ltr'>συνεφρύτιησαν.</span> <span class='ocrx_word' id='word_1_318' title='bbox 3411 455 3610 509; x_wconf 72' lang='grc' dir='ltr'>Ταῦτα</span> 
     </span>
    </p>
   </div>
   <div class='ocr_carea' id='block_1_49' title="bbox 2028 541 3609 616">
    <p class='ocr_par' dir='ltr' id='par_1_49' title="bbox 2028 541 3609 616">
     <span class='ocr_line' id='line_1_49' title="bbox 2028 541 3609 616; baseline 0.001 -20"><span class='ocrx_word' id='word_1_319' title='bbox 2028 545 2128 614; x_wconf 84' lang='grc' dir='ltr'>μὲν</span> <span class='ocrx_word' id='word_1_320' title='bbox 2167 543 2510 616; x_wconf 83' lang='grc' dir='ltr'>ὑπεράνωθεν</span> <span class='ocrx_word' id='word_1_321' title='bbox 2563 544 2661 614; x_wconf 82' lang='grc' dir='ltr'><strong>τὴν</strong></span> <span class='ocrx_word' id='word_1_322' title='bbox 2711 543 3004 615; x_wconf 77' lang='grc' dir='ltr'><strong>ἑρμηνείαν</strong></span> <span class='ocrx_word' id='word_1_323' title='bbox 3057 542 3265 604; x_wconf 77' lang='grc' dir='ltr'>ἔλαϐον,</span> <span class='ocrx_word' id='word_1_324' title='bbox 3298 541 3609 613; x_wconf 80' lang='grc' dir='ltr'><strong>ῥηθήσεται</strong></span> 
     </span>
    </p>
   </div>
   <div class='ocr_carea' id='block_1_50' title="bbox 2022 631 3608 708">
    <p class='ocr_par' dir='ltr' id='par_1_50' title="bbox 2022 631 3608 708">
     <span class='ocr_line' id='line_1_50' title="bbox 2022 631 3608 708; baseline -0.001 -18"><span class='ocrx_word' id='word_1_325' title='bbox 2022 637 2078 690; x_wconf 81' lang='grc' dir='ltr'><strong>δὲ</strong></span> <span class='ocrx_word' id='word_1_326' title='bbox 2113 638 2206 691; x_wconf 76' lang='grc' dir='ltr'><strong>καὶ</strong></span> <span class='ocrx_word' id='word_1_327' title='bbox 2233 634 2412 702; x_wconf 83' lang='grc' dir='ltr'>αὖθις.</span> <span class='ocrx_word' id='word_1_328' title='bbox 2434 640 2592 692; x_wconf 78' lang='grc' dir='ltr'>Πᾶσα</span> <span class='ocrx_word' id='word_1_329' title='bbox 2627 637 2736 708; x_wconf 79' lang='grc' dir='ltr'>γὰρ</span> <span class='ocrx_word' id='word_1_330' title='bbox 2784 636 3013 706; x_wconf 74' lang='grc' dir='ltr'>δύναμις</span> <span class='ocrx_word' id='word_1_331' title='bbox 3045 636 3244 698; x_wconf 75' lang='grc' dir='ltr'>αὐτῶν,</span> <span class='ocrx_word' id='word_1_332' title='bbox 3277 636 3344 688; x_wconf 82' lang='grc' dir='ltr'>δι’</span> <span class='ocrx_word' id='word_1_333' title='bbox 3379 631 3446 706; x_wconf 81' lang='grc' dir='ltr'>ἧς</span> <span class='ocrx_word' id='word_1_334' title='bbox 3470 652 3608 689; x_wconf 82' lang='grc' dir='ltr'>συν-</span> 
     </span>
    </p>
   </div>
   <div class='ocr_carea' id='block_1_51' title="bbox 2023 725 3605 800">
    <p class='ocr_par' dir='ltr' id='par_1_51' title="bbox 2023 725 3605 800">
     <span class='ocr_line' id='line_1_51' title="bbox 2023 725 3605 800; baseline -0.001 -18"><span class='ocrx_word' id='word_1_335' title='bbox 2023 734 2268 800; x_wconf 80' lang='grc' dir='ltr'>ειστήκει</span> <span class='ocrx_word' id='word_1_336' title='bbox 2306 731 2372 784; x_wconf 78' lang='grc' dir='ltr'><strong>τὰ</strong></span> <span class='ocrx_word' id='word_1_337' title='bbox 2426 729 2526 799; x_wconf 77' lang='grc' dir='ltr'>τῆς</span> <span class='ocrx_word' id='word_1_338' title='bbox 2553 730 2693 782; x_wconf 87' lang='grc' dir='ltr'><strong>κατά</strong></span> <span class='ocrx_word' id='word_1_339' title='bbox 2711 729 2871 798; x_wconf 88' lang='grc' dir='ltr'>νόμον</span> <span class='ocrx_word' id='word_1_340' title='bbox 2900 726 3174 798; x_wconf 84' lang='grc' dir='ltr'>λατρείας,</span> <span class='ocrx_word' id='word_1_341' title='bbox 3210 725 3470 797; x_wconf 77' lang='grc' dir='ltr'><strong>διεφθάρη</strong></span> <span class='ocrx_word' id='word_1_342' title='bbox 3497 727 3605 780; x_wconf 79' lang='grc' dir='ltr'>καὶ</span> 
     </span>
    </p>
   </div>
   <div class='ocr_carea' id='block_1_52' title="bbox 2021 815 3599 889">
    <p class='ocr_par' dir='ltr' id='par_1_52' title="bbox 2021 815 3599 889">
     <span class='ocr_line' id='line_1_52' title="bbox 2021 815 3599 889; baseline -0.003 -16"><span class='ocrx_word' id='word_1_343' title='bbox 2021 821 2316 874; x_wconf 80' lang='grc' dir='ltr'><strong>ἀπόλωλεν.</strong></span> <span class='ocrx_word' id='word_1_344' title='bbox 2348 817 2456 874; x_wconf 89' lang='grc' dir='ltr'>Ἦν</span> <span class='ocrx_word' id='word_1_345' title='bbox 2499 820 2556 872; x_wconf 86' lang='grc' dir='ltr'>δὲ</span> <span class='ocrx_word' id='word_1_346' title='bbox 2584 820 2755 873; x_wconf 79' lang='grc' dir='ltr'>ταῦτα</span> <span class='ocrx_word' id='word_1_347' title='bbox 2808 820 2841 888; x_wconf 80' lang='grc' dir='ltr'>ἡ</span> <span class='ocrx_word' id='word_1_348' title='bbox 2904 815 3302 889; x_wconf 80' lang='grc' dir='ltr'><strong>ἀρχιερωσύνη,</strong></span> <span class='ocrx_word' id='word_1_349' title='bbox 3356 817 3384 868; x_wconf 98' lang='lat'><strong>6</strong></span> <span class='ocrx_word' id='word_1_350' title='bbox 3441 815 3599 880; x_wconf 80' lang='grc' dir='ltr'>ναὸς.</span> 
     </span>
    </p>
   </div>
   <div class='ocr_carea' id='block_1_53' title="bbox 2021 903 3598 980">
    <p class='ocr_par' dir='ltr' id='par_1_53' title="bbox 2021 903 3598 980">
     <span class='ocr_line' id='line_1_53' title="bbox 2021 903 3598 980; baseline -0.004 -17"><span class='ocrx_word' id='word_1_351' title='bbox 2021 912 2078 963; x_wconf 87' lang='grc' dir='ltr'>αἱ</span> <span class='ocrx_word' id='word_1_352' title='bbox 2125 911 2212 964; x_wconf 84' lang='grc' dir='ltr'><strong>διά</strong></span> <span class='ocrx_word' id='word_1_353' title='bbox 2258 911 2366 964; x_wconf 85' lang='grc' dir='ltr'><strong>τῶν</strong></span> <span class='ocrx_word' id='word_1_354' title='bbox 2424 909 2754 980; x_wconf 87' lang='grc' dir='ltr'>θρεμμάτων</span> <span class='ocrx_word' id='word_1_355' title='bbox 2807 907 3010 973; x_wconf 83' lang='grc' dir='ltr'>θυσίαι,</span> <span class='ocrx_word' id='word_1_356' title='bbox 3063 908 3096 976; x_wconf 81' lang='grc' dir='ltr'>ἡ</span> <span class='ocrx_word' id='word_1_357' title='bbox 3143 903 3433 974; x_wconf 82' lang='grc' dir='ltr'>αὑτονομία</span> <span class='ocrx_word' id='word_1_358' title='bbox 3493 903 3598 957; x_wconf 75' lang='grc' dir='ltr'>τοῦ</span> 
     </span>
    </p>
   </div>
   <div class='ocr_carea' id='block_1_54' title="bbox 2019 1004 2224 1068">
    <p class='ocr_par' dir='ltr' id='par_1_54' title="bbox 2019 1004 2224 1068">
     <span class='ocr_line' id='line_1_54' title="bbox 2019 1004 2224 1068; baseline -0.015 -10"><span class='ocrx_word' id='word_1_359' title='bbox 2019 1004 2224 1068; x_wconf 76' lang='grc' dir='ltr'>ἔθνους.</span> 
     </span>
    </p>
   </div>
   <div class='ocr_carea' id='block_1_55' title="bbox 2102 1086 3600 1166">
    <p class='ocr_par' dir='ltr' id='par_1_55' title="bbox 2102 1086 3600 1166">
     <span class='ocr_line' id='line_1_55' title="bbox 2102 1086 3600 1166; baseline -0.007 -18"><span class='ocrx_word' id='word_1_360' title='bbox 2102 1096 2420 1166; x_wconf 76' lang='grc' dir='ltr'>Ἐγενήθην</span> <span class='ocrx_word' id='word_1_361' title='bbox 2446 1095 2586 1148; x_wconf 77' lang='grc' dir='ltr'>ὡσεὶ</span> <span class='ocrx_word' id='word_1_362' title='bbox 2621 1091 2977 1162; x_wconf 79' lang='grc' dir='ltr'>νυκτικόραξ</span> <span class='ocrx_word' id='word_1_363' title='bbox 3001 1091 3071 1144; x_wconf 82' lang='grc' dir='ltr'><strong>ἐν</strong></span> <span class='ocrx_word' id='word_1_364' title='bbox 3090 1087 3394 1154; x_wconf 82' lang='grc' dir='ltr'>οίκοπέδῳ.</span> <span class='ocrx_word' id='word_1_365' title='bbox 3423 1086 3600 1139; x_wconf 82' lang='grc' dir='ltr'>Τοῦτό</span> 
     </span>
    </p>
   </div>
   <div class='ocr_carea' id='block_1_56' title="bbox 2020 1179 3600 1260">
    <p class='ocr_par' dir='ltr' id='par_1_56' title="bbox 2020 1179 3600 1260">
     <span class='ocr_line' id='line_1_56' title="bbox 2020 1179 3600 1260; baseline -0.007 -18"><span class='ocrx_word' id='word_1_366' title='bbox 2020 1206 2151 1260; x_wconf 79' lang='grc' dir='ltr'>φησι</span> <span class='ocrx_word' id='word_1_367' title='bbox 2189 1188 2276 1241; x_wconf 82' lang='grc' dir='ltr'>διὰ</span> <span class='ocrx_word' id='word_1_368' title='bbox 2300 1188 2388 1240; x_wconf 79' lang='grc' dir='ltr'><strong>τὸν</strong></span> <span class='ocrx_word' id='word_1_369' title='bbox 2417 1185 2778 1256; x_wconf 74' lang='grc' dir='ltr'><strong>κατειληφότα</strong></span> <span class='ocrx_word' id='word_1_370' title='bbox 2812 1185 2998 1238; x_wconf 85' lang='grc' dir='ltr'>σκότον</span> <span class='ocrx_word' id='word_1_371' title='bbox 3030 1183 3120 1235; x_wconf 78' lang='grc' dir='ltr'><strong>τὸν</strong></span> <span class='ocrx_word' id='word_1_372' title='bbox 3151 1182 3296 1235; x_wconf 61' lang='grc' dir='ltr'>λαόν</span> <span class='ocrx_word' id='word_1_373' title='bbox 3320 1179 3600 1248; x_wconf 80' lang='grc' dir='ltr'>ἀγνωσίαν</span> 
     </span>
    </p>
   </div>
   <div class='ocr_carea' id='block_1_57' title="bbox 2019 1268 3594 1350">
    <p class='ocr_par' dir='ltr' id='par_1_57' title="bbox 2019 1268 3594 1350">
     <span class='ocr_line' id='line_1_57' title="bbox 2019 1268 3594 1350; baseline -0.008 -18"><span class='ocrx_word' id='word_1_374' title='bbox 2019 1280 2126 1350; x_wconf 86' lang='grc' dir='ltr'>γὰρ</span> <span class='ocrx_word' id='word_1_375' title='bbox 2153 1279 2276 1349; x_wconf 79' lang='grc' dir='ltr'>ἔσχε</span> <span class='ocrx_word' id='word_1_376' title='bbox 2301 1277 2458 1332; x_wconf 78' lang='grc' dir='ltr'>Θεοῦ.</span> <span class='ocrx_word' id='word_1_377' title='bbox 2505 1279 2570 1330; x_wconf 86' lang='grc' dir='ltr'><strong>Τί</strong></span> <span class='ocrx_word' id='word_1_378' title='bbox 2597 1277 2652 1328; x_wconf 81' lang='grc' dir='ltr'><strong>δὲ</strong></span> <span class='ocrx_word' id='word_1_379' title='bbox 2687 1275 2780 1329; x_wconf 80' lang='grc' dir='ltr'>τοῦ</span> <span class='ocrx_word' id='word_1_380' title='bbox 2826 1274 3215 1344; x_wconf 83' lang='grc' dir='ltr'>νυκτικόρακος</span> <span class='ocrx_word' id='word_1_381' title='bbox 3269 1270 3382 1324; x_wconf 85' lang='grc' dir='ltr'>ἀλλ’</span> <span class='ocrx_word' id='word_1_382' title='bbox 3417 1270 3449 1339; x_wconf 87' lang='grc' dir='ltr'>ἢ</span> <span class='ocrx_word' id='word_1_383' title='bbox 3493 1268 3594 1322; x_wconf 74' lang='grc' dir='ltr'>τοῦ</span> 
     </span>
    </p>
   </div>
   <div class='ocr_carea' id='block_1_58' title="bbox 2022 1361 3597 1442">
    <p class='ocr_par' dir='ltr' id='par_1_58' title="bbox 2022 1361 3597 1442">
     <span class='ocr_line' id='line_1_58' title="bbox 2022 1361 3597 1442; baseline -0.008 -17"><span class='ocrx_word' id='word_1_384' title='bbox 2022 1372 2149 1442; x_wconf 78' lang='grc' dir='ltr'>βοᾷν</span> <span class='ocrx_word' id='word_1_385' title='bbox 2175 1370 2315 1424; x_wconf 84' lang='grc' dir='ltr'><strong>κατά</strong></span> <span class='ocrx_word' id='word_1_386' title='bbox 2335 1369 2433 1433; x_wconf 71' lang='grc' dir='ltr'><strong>τὰς</strong></span> <span class='ocrx_word' id='word_1_387' title='bbox 2465 1369 2666 1432; x_wconf 88' lang='grc' dir='ltr'>νύκτας</span> <span class='ocrx_word' id='word_1_388' title='bbox 2706 1369 2855 1432; x_wconf 80' lang='grc' dir='ltr'>ἴδιον,</span> <span class='ocrx_word' id='word_1_389' title='bbox 2885 1367 3006 1419; x_wconf 83' lang='grc' dir='ltr'>ὅθεν</span> <span class='ocrx_word' id='word_1_390' title='bbox 3035 1364 3238 1434; x_wconf 78' lang='grc' dir='ltr'>ταύτην</span> <span class='ocrx_word' id='word_1_391' title='bbox 3281 1361 3380 1432; x_wconf 83' lang='grc' dir='ltr'><strong>τὴν</strong></span> <span class='ocrx_word' id='word_1_392' title='bbox 3420 1377 3560 1431; x_wconf 88' lang='grc' dir='ltr'>προσ</span> <span class='ocrx_word' id='word_1_393' title='bbox 3580 1386 3597 1400; x_wconf 76' lang='grc' dir='ltr'><strong><em>ο</em></strong></span> 
     </span>
    </p>
   </div>
   <div class='ocr_carea' id='block_1_59' title="bbox 2019 1451 3596 1534">
    <p class='ocr_par' dir='ltr' id='par_1_59' title="bbox 2019 1451 3596 1534">
     <span class='ocr_line' id='line_1_59' title="bbox 2019 1451 3596 1534; baseline -0.008 -19"><span class='ocrx_word' id='word_1_394' title='bbox 2019 1463 2244 1534; x_wconf 87' lang='grc' dir='ltr'>ηγορίαν</span> <span class='ocrx_word' id='word_1_395' title='bbox 2287 1461 2512 1532; x_wconf 76' lang='grc' dir='ltr'>ἕλαχεν;</span> <span class='ocrx_word' id='word_1_396' title='bbox 2584 1459 2800 1529; x_wconf 79' lang='grc' dir='ltr'>Ἐπειδὴ</span> <span class='ocrx_word' id='word_1_397' title='bbox 2845 1458 3023 1511; x_wconf 82' lang='grc' dir='ltr'>τοίνυν</span> <span class='ocrx_word' id='word_1_398' title='bbox 3079 1454 3366 1524; x_wconf 83' lang='grc' dir='ltr'>παννύχιον</span> <span class='ocrx_word' id='word_1_399' title='bbox 3419 1451 3596 1505; x_wconf 78' lang='grc' dir='ltr'>ἐποίει</span> 
     </span>
    </p>
   </div>
   <div class='ocr_carea' id='block_1_60' title="bbox 2020 1541 3596 1624">
    <p class='ocr_par' dir='ltr' id='par_1_60' title="bbox 2020 1541 3596 1624">
     <span class='ocr_line' id='line_1_60' title="bbox 2020 1541 3596 1624; baseline -0.008 -18"><span class='ocrx_word' id='word_1_400' title='bbox 2020 1552 2474 1624; x_wconf 82' lang='grc' dir='ltr'>προσευχόμενος,</span> <span class='ocrx_word' id='word_1_401' title='bbox 2533 1551 2844 1618; x_wconf 83' lang='grc' dir='ltr'>ἀναγκαίως</span> <span class='ocrx_word' id='word_1_402' title='bbox 2905 1547 3093 1602; x_wconf 81' lang='grc' dir='ltr'>ἑαυτὸν</span> <span class='ocrx_word' id='word_1_403' title='bbox 3127 1543 3463 1616; x_wconf 83' lang='grc' dir='ltr'>παραϐάλλει</span> <span class='ocrx_word' id='word_1_404' title='bbox 3511 1541 3596 1611; x_wconf 82' lang='grc' dir='ltr'>τῷ</span> 
     </span>
    </p>
   </div>
   <div class='ocr_carea' id='block_1_61' title="bbox 2017 1643 2393 1714">
    <p class='ocr_par' dir='ltr' id='par_1_61' title="bbox 2017 1643 2393 1714">
     <span class='ocr_line' id='line_1_61' title="bbox 2017 1643 2393 1714; baseline -0.005 -17"><span class='ocrx_word' id='word_1_405' title='bbox 2017 1643 2393 1714; x_wconf 82' lang='grc' dir='ltr'>νυκτικόρακι.</span> 
     </span>
    </p>
   </div>
   <div class='ocr_carea' id='block_1_62' title="bbox 2100 1727 3594 1804">
    <p class='ocr_par' dir='ltr' id='par_1_62' title="bbox 2100 1727 3594 1804">
     <span class='ocr_line' id='line_1_62' title="bbox 2100 1727 3594 1804; baseline -0.006 -16"><span class='ocrx_word' id='word_1_406' title='bbox 2100 1735 2488 1804; x_wconf 77' lang='grc' dir='ltr'>Ἠγρύπνησα</span> <span class='ocrx_word' id='word_1_407' title='bbox 2516 1733 2615 1786; x_wconf 72' lang='grc' dir='ltr'><strong>καί</strong></span> <span class='ocrx_word' id='word_1_408' title='bbox 2643 1733 2934 1802; x_wconf 78' lang='grc' dir='ltr'>ἐγενόμην</span> <span class='ocrx_word' id='word_1_409' title='bbox 2978 1730 3058 1795; x_wconf 88' lang='grc' dir='ltr'>ὡς</span> <span class='ocrx_word' id='word_1_410' title='bbox 3122 1727 3439 1796; x_wconf 83' lang='grc' dir='ltr'>στρουθίον</span> <span class='ocrx_word' id='word_1_411' title='bbox 3476 1743 3594 1796; x_wconf 87' lang='grc' dir='ltr'>μο-</span> 
     </span>
    </p>
   </div>
   <div class='ocr_carea' id='block_1_63' title="bbox 2016 1818 3597 1895">
    <p class='ocr_par' dir='ltr' id='par_1_63' title="bbox 2016 1818 3597 1895">
     <span class='ocr_line' id='line_1_63' title="bbox 2016 1818 3597 1895; baseline -0.006 -15"><span class='ocrx_word' id='word_1_412' title='bbox 2016 1826 2193 1887; x_wconf 76' lang='grc' dir='ltr'>νάζον</span> <span class='ocrx_word' id='word_1_413' title='bbox 2219 1828 2317 1881; x_wconf 81' lang='grc' dir='ltr'><strong>ἐπὶ</strong></span> <span class='ocrx_word' id='word_1_414' title='bbox 2367 1827 2605 1895; x_wconf 84' lang='grc' dir='ltr'><strong>δώματι.</strong></span> <span class='ocrx_word' id='word_1_415' title='bbox 2671 1824 2830 1892; x_wconf 85' lang='grc' dir='ltr'>Ἐγὼ,</span> <span class='ocrx_word' id='word_1_416' title='bbox 2873 1825 3056 1894; x_wconf 75' lang='grc' dir='ltr'>φησὶν,</span> <span class='ocrx_word' id='word_1_417' title='bbox 3113 1825 3141 1875; x_wconf 91' lang='lat'><strong>6</strong></span> <span class='ocrx_word' id='word_1_418' title='bbox 3200 1822 3274 1892; x_wconf 80' lang='grc' dir='ltr'><strong>μὴ</strong></span> <span class='ocrx_word' id='word_1_419' title='bbox 3301 1820 3378 1892; x_wconf 82' lang='grc' dir='ltr'><strong>τῷ</strong></span> <span class='ocrx_word' id='word_1_420' title='bbox 3415 1818 3597 1890; x_wconf 85' lang='grc' dir='ltr'>καιρῷ</span> 
     </span>
    </p>
   </div>
   <div class='ocr_carea' id='block_1_64' title="bbox 2014 1913 3591 1990">
    <p class='ocr_par' dir='ltr' id='par_1_64' title="bbox 2014 1913 3591 1990">
     <span class='ocr_line' id='line_1_64' title="bbox 2014 1913 3591 1990; baseline -0.004 -18"><span class='ocrx_word' id='word_1_421' title='bbox 2014 1920 2114 1990; x_wconf 81' lang='grc' dir='ltr'>τῆς</span> <span class='ocrx_word' id='word_1_422' title='bbox 2141 1919 2413 1990; x_wconf 87' lang='grc' dir='ltr'>ἁμαρτίας</span> <span class='ocrx_word' id='word_1_423' title='bbox 2440 1917 2893 1988; x_wconf 81' lang='grc' dir='ltr'>κατειλημμένος,</span> <span class='ocrx_word' id='word_1_424' title='bbox 2924 1914 3176 1969; x_wconf 75' lang='grc' dir='ltr'>τοσοῦτον</span> <span class='ocrx_word' id='word_1_425' title='bbox 3205 1913 3591 1983; x_wconf 72' lang='grc' dir='ltr'>κατελείφθην,</span> 
     </span>
    </p>
   </div>
   <div class='ocr_carea' id='block_1_65' title="bbox 2015 2003 3594 2078">
    <p class='ocr_par' dir='ltr' id='par_1_65' title="bbox 2015 2003 3594 2078">
     <span class='ocr_line' id='line_1_65' title="bbox 2015 2003 3594 2078; baseline -0.004 -15"><span class='ocrx_word' id='word_1_426' title='bbox 2015 2011 2089 2074; x_wconf 85' lang='grc' dir='ltr'><strong>ὡς</strong></span> <span class='ocrx_word' id='word_1_427' title='bbox 2145 2012 2238 2064; x_wconf 83' lang='grc' dir='ltr'><strong>καὶ</strong></span> <span class='ocrx_word' id='word_1_428' title='bbox 2287 2011 2368 2063; x_wconf 72' lang='grc' dir='ltr'><strong>ἐνὶ</strong></span> <span class='ocrx_word' id='word_1_429' title='bbox 2420 2009 2653 2063; x_wconf 83' lang='grc' dir='ltr'>ἐοικέναι</span> <span class='ocrx_word' id='word_1_430' title='bbox 2707 2007 2990 2078; x_wconf 82' lang='grc' dir='ltr'>στρουθίῳ’</span> <span class='ocrx_word' id='word_1_431' title='bbox 3023 2007 3128 2060; x_wconf 82' lang='grc' dir='ltr'><strong>ἀπὸ</strong></span> <span class='ocrx_word' id='word_1_432' title='bbox 3175 2005 3281 2077; x_wconf 85' lang='grc' dir='ltr'>γὰρ</span> <span class='ocrx_word' id='word_1_433' title='bbox 3311 2003 3594 2075; x_wconf 80' lang='grc' dir='ltr'>μυριάδων</span> 
     </span>
    </p>
   </div>
   <div class='ocr_carea' id='block_1_66' title="bbox 2012 2094 3594 2169">
    <p class='ocr_par' dir='ltr' id='par_1_66' title="bbox 2012 2094 3594 2169">
     <span class='ocr_line' id='line_1_66' title="bbox 2012 2094 3594 2169; baseline -0.003 -17"><span class='ocrx_word' id='word_1_434' title='bbox 2012 2101 2301 2165; x_wconf 81' lang='grc' dir='ltr'>τοσούτων,</span> <span class='ocrx_word' id='word_1_435' title='bbox 2328 2102 2377 2152; x_wconf 85' lang='grc' dir='ltr'><strong>εί</strong></span> <span class='ocrx_word' id='word_1_436' title='bbox 2404 2100 2497 2153; x_wconf 75' lang='grc' dir='ltr'><strong>καὶ</strong></span> <span class='ocrx_word' id='word_1_437' title='bbox 2521 2099 2738 2162; x_wconf 85' lang='grc' dir='ltr'>πλείους</span> <span class='ocrx_word' id='word_1_438' title='bbox 2769 2094 2907 2169; x_wconf 81' lang='grc' dir='ltr'>ἦσαν</span> <span class='ocrx_word' id='word_1_439' title='bbox 2959 2100 3008 2150; x_wconf 83' lang='grc' dir='ltr'>οἱ</span> <span class='ocrx_word' id='word_1_440' title='bbox 3058 2096 3374 2166; x_wconf 80' lang='grc' dir='ltr'>σωζόμενοι,</span> <span class='ocrx_word' id='word_1_441' title='bbox 3413 2096 3494 2148; x_wconf 76' lang='grc' dir='ltr'>ἐνὶ</span> <span class='ocrx_word' id='word_1_442' title='bbox 3521 2095 3594 2148; x_wconf 80' lang='grc' dir='ltr'><strong>ἂν</strong></span> 
     </span>
    </p>
   </div>
   <div class='ocr_carea' id='block_1_67' title="bbox 2015 2189 3092 2261">
    <p class='ocr_par' dir='ltr' id='par_1_67' title="bbox 2015 2189 3092 2261">
     <span class='ocr_line' id='line_1_67' title="bbox 2015 2189 3092 2261; baseline -0.002 -18"><span class='ocrx_word' id='word_1_443' title='bbox 2015 2190 2380 2261; x_wconf 79' lang='grc' dir='ltr'>παρεϐάλοντο</span> <span class='ocrx_word' id='word_1_444' title='bbox 2409 2191 2483 2253; x_wconf 86' lang='grc' dir='ltr'>ὡς</span> <span class='ocrx_word' id='word_1_445' title='bbox 2519 2189 2652 2260; x_wconf 80' lang='grc' dir='ltr'>πρὸς</span> <span class='ocrx_word' id='word_1_446' title='bbox 2679 2189 2774 2251; x_wconf 81' lang='grc' dir='ltr'><strong>τὰς</strong></span> <span class='ocrx_word' id='word_1_447' title='bbox 2807 2189 3092 2259; x_wconf 87' lang='grc' dir='ltr'>μυριάδας.</span> 
     </span>
    </p>
   </div>
   <div class='ocr_carea' id='block_1_68' title="bbox 2085 2279 3587 2348">
    <p class='ocr_par' dir='ltr' id='par_1_68' title="bbox 2085 2279 3587 2348">
     <span class='ocr_line' id='line_1_68' title="bbox 2085 2279 3587 2348; baseline -0.003 -14"><span class='ocrx_word' id='word_1_448' title='bbox 2085 2283 2279 2348; x_wconf 85' lang='grc' dir='ltr'><strong>Ὅλην</strong></span> <span class='ocrx_word' id='word_1_449' title='bbox 2302 2280 2416 2348; x_wconf 77' lang='grc' dir='ltr'>τὴν</span> <span class='ocrx_word' id='word_1_450' title='bbox 2441 2280 2669 2348; x_wconf 71' lang='grc' dir='ltr'>ἡμέραν</span> <span class='ocrx_word' id='word_1_451' title='bbox 2705 2279 3001 2338; x_wconf 82' lang='grc' dir='ltr'>ὠνείδιζόν</span> <span class='ocrx_word' id='word_1_452' title='bbox 3025 2296 3101 2348; x_wconf 82' lang='grc' dir='ltr'><strong>με</strong></span> <span class='ocrx_word' id='word_1_453' title='bbox 3129 2280 3182 2331; x_wconf 81' lang='grc' dir='ltr'>οἱ</span> <span class='ocrx_word' id='word_1_454' title='bbox 3212 2279 3414 2347; x_wconf 84' lang='grc' dir='ltr'>ἐχθροί</span> <span class='ocrx_word' id='word_1_455' title='bbox 3443 2292 3587 2346; x_wconf 76' lang='grc' dir='ltr'>μου.</span> 
     </span>
    </p>
   </div>
   <div class='ocr_carea' id='block_1_69' title="bbox 2013 2371 3592 2442">
    <p class='ocr_par' dir='ltr' id='par_1_69' title="bbox 2013 2371 3592 2442">
     <span class='ocr_line' id='line_1_69' title="bbox 2013 2371 3592 2442; baseline -0.002 -15"><span class='ocrx_word' id='word_1_456' title='bbox 2013 2373 2426 2441; x_wconf 78' lang='grc' dir='ltr'>Καταγὲλαστος</span> <span class='ocrx_word' id='word_1_457' title='bbox 2461 2374 2728 2442; x_wconf 79' lang='grc' dir='ltr'>ἐγενόμην</span> <span class='ocrx_word' id='word_1_458' title='bbox 2767 2374 2879 2432; x_wconf 86' lang='grc' dir='ltr'>τοῖς</span> <span class='ocrx_word' id='word_1_459' title='bbox 2928 2371 3267 2442; x_wconf 73' lang='grc' dir='ltr'>δυσμενέσινο</span> <span class='ocrx_word' id='word_1_460' title='bbox 3327 2374 3375 2423; x_wconf 93' lang='grc' dir='ltr'><strong>οί</strong></span> <span class='ocrx_word' id='word_1_461' title='bbox 3402 2371 3456 2423; x_wconf 82' lang='grc' dir='ltr'>δὲ</span> <span class='ocrx_word' id='word_1_462' title='bbox 3481 2372 3592 2424; x_wconf 86' lang='grc' dir='ltr'>πά·-</span> 
     </span>
    </p>
   </div>
   <div class='ocr_carea' id='block_1_70' title="bbox 2011 2462 3590 2535">
    <p class='ocr_par' dir='ltr' id='par_1_70' title="bbox 2011 2462 3590 2535">
     <span class='ocr_line' id='line_1_70' title="bbox 2011 2462 3590 2535; baseline -0.001 -19"><span class='ocrx_word' id='word_1_463' title='bbox 2011 2465 2100 2516; x_wconf 89' lang='grc' dir='ltr'><strong>λαι</strong></span> <span class='ocrx_word' id='word_1_464' title='bbox 2142 2482 2208 2534; x_wconf 87' lang='grc' dir='ltr'><strong>με</strong></span> <span class='ocrx_word' id='word_1_465' title='bbox 2254 2462 2540 2535; x_wconf 73' lang='grc' dir='ltr'>ζηλοῦντες</span> <span class='ocrx_word' id='word_1_466' title='bbox 2593 2465 2733 2518; x_wconf 81' lang='grc' dir='ltr'><strong>κατά</strong></span> <span class='ocrx_word' id='word_1_467' title='bbox 2763 2464 2870 2516; x_wconf 80' lang='grc' dir='ltr'><strong>τὼν</strong></span> <span class='ocrx_word' id='word_1_468' title='bbox 2903 2462 3052 2533; x_wconf 85' lang='grc' dir='ltr'>ἐμῶν</span> <span class='ocrx_word' id='word_1_469' title='bbox 3083 2463 3339 2533; x_wconf 74' lang='grc' dir='ltr'>ὀμνύουσι</span> <span class='ocrx_word' id='word_1_470' title='bbox 3375 2479 3590 2532; x_wconf 74' lang='grc' dir='ltr'>συμφο-</span> 
     </span>
    </p>
   </div>
   <div class='ocr_carea' id='block_1_71' title="bbox 2017 2554 3588 2627">
    <p class='ocr_par' dir='ltr' id='par_1_71' title="bbox 2017 2554 3588 2627">
     <span class='ocr_line' id='line_1_71' title="bbox 2017 2554 3588 2627; baseline 0 -19"><span class='ocrx_word' id='word_1_471' title='bbox 2017 2557 2143 2627; x_wconf 85' lang='grc' dir='ltr'>ρῶν,</span> <span class='ocrx_word' id='word_1_472' title='bbox 2168 2556 2446 2626; x_wconf 78' lang='grc' dir='ltr'>εὐχόμενοι</span> <span class='ocrx_word' id='word_1_473' title='bbox 2474 2556 2550 2627; x_wconf 80' lang='grc' dir='ltr'>μὴ</span> <span class='ocrx_word' id='word_1_474' title='bbox 2583 2556 2672 2610; x_wconf 83' lang='grc' dir='ltr'><strong>ίσα</strong></span> <span class='ocrx_word' id='word_1_475' title='bbox 2699 2557 2906 2610; x_wconf 82' lang='grc' dir='ltr'>παθεῖν.</span> <span class='ocrx_word' id='word_1_476' title='bbox 2930 2557 3003 2610; x_wconf 80' lang='grc' dir='ltr'><strong>Τὸ</strong></span> <span class='ocrx_word' id='word_1_477' title='bbox 3034 2556 3110 2620; x_wconf 83' lang='grc' dir='ltr'><strong>δὲ,</strong></span> <span class='ocrx_word' id='word_1_478' title='bbox 3144 2573 3294 2624; x_wconf 84' lang='grc' dir='ltr'>μετα</span> <span class='ocrx_word' id='word_1_479' title='bbox 3329 2554 3588 2616; x_wconf 78' lang='grc' dir='ltr'>σποδοῦ,</span> 
     </span>
    </p>
   </div>
   <div class='ocr_carea' id='block_1_72' title="bbox 2010 2647 3586 2720">
    <p class='ocr_par' dir='ltr' id='par_1_72' title="bbox 2010 2647 3586 2720">
     <span class='ocr_line' id='line_1_72' title="bbox 2010 2647 3586 2720; baseline -0.002 -19"><span class='ocrx_word' id='word_1_480' title='bbox 2010 2649 2143 2702; x_wconf 74' lang='grc' dir='ltr'>αὐτὸ</span> <span class='ocrx_word' id='word_1_481' title='bbox 2171 2649 2547 2720; x_wconf 72' lang='grc' dir='ltr'>παραπλήσιον</span> <span class='ocrx_word' id='word_1_482' title='bbox 2606 2648 2683 2718; x_wconf 80' lang='grc' dir='ltr'>τῷ</span> <span class='ocrx_word' id='word_1_483' title='bbox 2721 2648 3103 2720; x_wconf 79' lang='grc' dir='ltr'>ἑϐδομηκοστῷ</span> <span class='ocrx_word' id='word_1_484' title='bbox 3136 2649 3338 2718; x_wconf 78' lang='grc' dir='ltr'>ὲννάτῳ</span> <span class='ocrx_word' id='word_1_485' title='bbox 3365 2647 3586 2717; x_wconf 71' lang='grc' dir='ltr'>ψαλμᾷν</span> 
     </span>
    </p>
   </div>
   <div class='ocr_carea' id='block_1_73' title="bbox 2017 2736 3592 2808">
    <p class='ocr_par' dir='ltr' id='par_1_73' title="bbox 2017 2736 3592 2808">
     <span class='ocr_line' id='line_1_73' title="bbox 2017 2736 3592 2808; baseline -0.002 -17"><span class='ocrx_word' id='word_1_486' title='bbox 2017 2739 2265 2807; x_wconf 83' lang='grc' dir='ltr'>Ψωμιεῖς</span> <span class='ocrx_word' id='word_1_487' title='bbox 2304 2737 2458 2807; x_wconf 73' lang='grc' dir='ltr'>ἡμᾶς</span> <span class='ocrx_word' id='word_1_488' title='bbox 2491 2739 2644 2807; x_wconf 71' lang='grc' dir='ltr'>ἄρτῳ</span> <span class='ocrx_word' id='word_1_489' title='bbox 2663 2738 2954 2807; x_wconf 80' lang='grc' dir='ltr'>δακρύων.</span> <span class='ocrx_word' id='word_1_490' title='bbox 2998 2740 3061 2792; x_wconf 80' lang='grc' dir='ltr'><strong>Εἰ</strong></span> <span class='ocrx_word' id='word_1_491' title='bbox 3091 2739 3147 2791; x_wconf 81' lang='grc' dir='ltr'><strong>δὲ</strong></span> <span class='ocrx_word' id='word_1_492' title='bbox 3179 2741 3207 2790; x_wconf 92' lang='lat'><strong>6</strong></span> <span class='ocrx_word' id='word_1_493' title='bbox 3250 2739 3347 2806; x_wconf 78' lang='grc' dir='ltr'>τῆς</span> <span class='ocrx_word' id='word_1_494' title='bbox 3381 2736 3592 2808; x_wconf 65' lang='grc' dir='ltr'>τροφῆς</span> 
     </span>
    </p>
   </div>
   <div class='ocr_carea' id='block_1_74' title="bbox 2011 2821 3592 2903">
    <p class='ocr_par' dir='ltr' id='par_1_74' title="bbox 2011 2821 3592 2903">
     <span class='ocr_line' id='line_1_74' title="bbox 2011 2821 3592 2903; baseline -0.001 -20"><span class='ocrx_word' id='word_1_495' title='bbox 2011 2830 2200 2900; x_wconf 83' lang='grc' dir='ltr'>καιρὸς</span> <span class='ocrx_word' id='word_1_496' title='bbox 2257 2830 2448 2900; x_wconf 76' lang='grc' dir='ltr'>ὀδύνης</span> <span class='ocrx_word' id='word_1_497' title='bbox 2504 2831 2714 2903; x_wconf 80' lang='grc' dir='ltr'>ὑπῆρχε</span> <span class='ocrx_word' id='word_1_498' title='bbox 2750 2821 2965 2902; x_wconf 75' lang='grc' dir='ltr'>μεστὸς,</span> <span class='ocrx_word' id='word_1_499' title='bbox 3016 2832 3175 2902; x_wconf 83' lang='grc' dir='ltr'>σχολῇ</span> <span class='ocrx_word' id='word_1_500' title='bbox 3232 2833 3282 2899; x_wconf 85' lang='grc' dir='ltr'>γ’</span> <span class='ocrx_word' id='word_1_501' title='bbox 3316 2831 3381 2884; x_wconf 85' lang='grc' dir='ltr'><strong>ἂν</strong></span> <span class='ocrx_word' id='word_1_502' title='bbox 3429 2829 3592 2892; x_wconf 80' lang='grc' dir='ltr'>ἄλλος</span> 
     </span>
    </p>
   </div>
   <div class='ocr_carea' id='block_1_75' title="bbox 2010 2924 3587 2994">
    <p class='ocr_par' dir='ltr' id='par_1_75' title="bbox 2010 2924 3587 2994">
     <span class='ocr_line' id='line_1_75' title="bbox 2010 2924 3587 2994; baseline -0.001 -18"><span class='ocrx_word' id='word_1_503' title='bbox 2010 2924 2324 2993; x_wconf 79' lang='grc' dir='ltr'>ἀπήλλακτο</span> <span class='ocrx_word' id='word_1_504' title='bbox 2376 2924 2601 2988; x_wconf 85' lang='grc' dir='ltr'>πάθους.</span> <span class='ocrx_word' id='word_1_505' title='bbox 2653 2925 2762 2978; x_wconf 82' lang='grc' dir='ltr'><strong>Καὶ</strong></span> <span class='ocrx_word' id='word_1_506' title='bbox 2808 2929 2861 2978; x_wconf 84' lang='lat' dir='ltr'><strong>ol</strong></span> <span class='ocrx_word' id='word_1_507' title='bbox 2911 2925 3298 2989; x_wconf 81' lang='grc' dir='ltr'>ἐπαινοῦντές</span> <span class='ocrx_word' id='word_1_508' title='bbox 3333 2940 3408 2994; x_wconf 88' lang='grc' dir='ltr'><strong>με</strong></span> <span class='ocrx_word' id='word_1_509' title='bbox 3455 2924 3587 2976; x_wconf 82' lang='grc' dir='ltr'>κατ’</span> 
     </span>
    </p>
   </div>
   <div class='ocr_carea' id='block_1_76' title="bbox 1937 3011 3590 3111">
    <p class='ocr_par' dir='ltr' id='par_1_76' title="bbox 1937 3011 3590 3111">
     <span class='ocr_line' id='line_1_76' title="bbox 1937 3011 3590 3111; baseline 0.001 -44"><span class='ocrx_word' id='word_1_510' title='bbox 1937 3051 1983 3111; x_wconf 78' lang='lat' dir='ltr'>c</span> <span class='ocrx_word' id='word_1_511' title='bbox 2013 3011 2154 3082; x_wconf 80' lang='grc' dir='ltr'>ἐμοῦ</span> <span class='ocrx_word' id='word_1_512' title='bbox 2179 3014 2434 3083; x_wconf 79' lang='grc' dir='ltr'>ὤμνυον.</span> <span class='ocrx_word' id='word_1_513' title='bbox 2470 3015 2574 3069; x_wconf 80' lang='grc' dir='ltr'>Καὶ</span> <span class='ocrx_word' id='word_1_514' title='bbox 2600 3016 2649 3067; x_wconf 90' lang='grc' dir='ltr'><strong>οί</strong></span> <span class='ocrx_word' id='word_1_515' title='bbox 2681 3015 2842 3085; x_wconf 78' lang='grc' dir='ltr'>φίλοι,</span> <span class='ocrx_word' id='word_1_516' title='bbox 2882 3017 3064 3086; x_wconf 64' lang='grc' dir='ltr'>φησιν,</span> <span class='ocrx_word' id='word_1_517' title='bbox 3089 3018 3138 3068; x_wconf 87' lang='grc' dir='ltr'>οἱ</span> <span class='ocrx_word' id='word_1_518' title='bbox 3186 3017 3349 3069; x_wconf 84' lang='grc' dir='ltr'>πάλαι</span> <span class='ocrx_word' id='word_1_519' title='bbox 3373 3015 3590 3084; x_wconf 86' lang='grc' dir='ltr'>θαυμά-</span> 
     </span>
    </p>
   </div>
   <div class='ocr_carea' id='block_1_77' title="bbox 2015 3105 3593 3178">
    <p class='ocr_par' dir='ltr' id='par_1_77' title="bbox 2015 3105 3593 3178">
     <span class='ocr_line' id='line_1_77' title="bbox 2015 3105 3593 3178; baseline 0 -20"><span class='ocrx_word' id='word_1_520' title='bbox 2015 3105 2197 3169; x_wconf 78' lang='grc' dir='ltr'>ζοντές</span> <span class='ocrx_word' id='word_1_521' title='bbox 2233 3124 2323 3177; x_wconf 88' lang='grc' dir='ltr'><strong>με,</strong></span> <span class='ocrx_word' id='word_1_522' title='bbox 2353 3108 2515 3178; x_wconf 84' lang='grc' dir='ltr'>ὅρκον</span> <span class='ocrx_word' id='word_1_523' title='bbox 2569 3107 2846 3160; x_wconf 84' lang='grc' dir='ltr'>ἐποιοῦντο</span> <span class='ocrx_word' id='word_1_524' title='bbox 2870 3108 2967 3170; x_wconf 80' lang='grc' dir='ltr'><strong>τὰς</strong></span> <span class='ocrx_word' id='word_1_525' title='bbox 3003 3107 3140 3177; x_wconf 76' lang='grc' dir='ltr'>ἐμὰς</span> <span class='ocrx_word' id='word_1_526' title='bbox 3172 3105 3471 3177; x_wconf 81' lang='grc' dir='ltr'>συμφορὰς,</span> <span class='ocrx_word' id='word_1_527' title='bbox 3497 3105 3593 3158; x_wconf 74' lang='grc' dir='ltr'><strong>λέ-</strong></span> 
     </span>
    </p>
   </div>
   <div class='ocr_carea' id='block_1_78' title="bbox 2010 3196 3243 3270">
    <p class='ocr_par' dir='ltr' id='par_1_78' title="bbox 2010 3196 3243 3270">
     <span class='ocr_line' id='line_1_78' title="bbox 2010 3196 3243 3270; baseline -0.002 -20"><span class='ocrx_word' id='word_1_528' title='bbox 2010 3214 2214 3266; x_wconf 88' lang='grc' dir='ltr'>γοντες·</span> <span class='ocrx_word' id='word_1_529' title='bbox 2247 3199 2339 3270; x_wconf 83' lang='grc' dir='ltr'>Μὴ</span> <span class='ocrx_word' id='word_1_530' title='bbox 2378 3199 2445 3253; x_wconf 81' lang='grc' dir='ltr'><strong>τά</strong></span> <span class='ocrx_word' id='word_1_531' title='bbox 2472 3197 2608 3251; x_wconf 81' lang='grc' dir='ltr'>αὑτά</span> <span class='ocrx_word' id='word_1_532' title='bbox 2627 3197 2702 3268; x_wconf 78' lang='grc' dir='ltr'><strong>τῷ</strong></span> <span class='ocrx_word' id='word_1_533' title='bbox 2741 3197 2956 3270; x_wconf 83' lang='grc' dir='ltr'>Ἰσραὴλ</span> <span class='ocrx_word' id='word_1_534' title='bbox 2984 3196 3243 3267; x_wconf 78' lang='grc' dir='ltr'>πάθοιμιῐ</span> 
     </span>
    </p>
   </div>
   <div class='ocr_carea' id='block_1_79' title="bbox 2078 3375 3588 3446">
    <p class='ocr_par' dir='ltr' id='par_1_79' title="bbox 2078 3375 3588 3446">
     <span class='ocr_line' id='line_1_79' title="bbox 2078 3375 3588 3446; baseline -0.004 -15"><span class='ocrx_word' id='word_1_535' title='bbox 2078 3380 2198 3431; x_wconf 83' lang='grc' dir='ltr'>’Ότι</span> <span class='ocrx_word' id='word_1_536' title='bbox 2220 3377 2453 3431; x_wconf 80' lang='grc' dir='ltr'>σποδὸν</span> <span class='ocrx_word' id='word_1_537' title='bbox 2476 3378 2617 3432; x_wconf 77' lang='grc' dir='ltr'><strong>ὡσεὶ</strong></span> <span class='ocrx_word' id='word_1_538' title='bbox 2645 3377 2824 3446; x_wconf 82' lang='grc' dir='ltr'>ἄρτον</span> <span class='ocrx_word' id='word_1_539' title='bbox 2849 3379 3093 3446; x_wconf 70' lang='grc' dir='ltr'>ἔφαγον.</span> <span class='ocrx_word' id='word_1_540' title='bbox 3127 3378 3196 3429; x_wconf 85' lang='grc' dir='ltr'><strong>Ἢ</strong></span> <span class='ocrx_word' id='word_1_541' title='bbox 3230 3375 3326 3436; x_wconf 88' lang='grc' dir='ltr'><strong>τάς</strong></span> <span class='ocrx_word' id='word_1_542' title='bbox 3373 3389 3588 3443; x_wconf 85' lang='grc' dir='ltr'>συμφο-</span> 
     </span>
    </p>
   </div>
   <div class='ocr_carea' id='block_1_80' title="bbox 2013 3465 3591 3540">
    <p class='ocr_par' dir='ltr' id='par_1_80' title="bbox 2013 3465 3591 3540">
     <span class='ocr_line' id='line_1_80' title="bbox 2013 3465 3591 3540; baseline -0.003 -18"><span class='ocrx_word' id='word_1_543' title='bbox 2013 3469 2111 3540; x_wconf 75' lang='grc' dir='ltr'>ρὰς</span> <span class='ocrx_word' id='word_1_544' title='bbox 2137 3469 2237 3532; x_wconf 84' lang='grc' dir='ltr'>τὰς</span> <span class='ocrx_word' id='word_1_545' title='bbox 2267 3470 2324 3522; x_wconf 80' lang='grc' dir='ltr'>ὲν</span> <span class='ocrx_word' id='word_1_546' title='bbox 2351 3472 2416 3540; x_wconf 82' lang='grc' dir='ltr'>τῇ</span> <span class='ocrx_word' id='word_1_547' title='bbox 2464 3469 2806 3540; x_wconf 79' lang='grc' dir='ltr'>αἰχμαλωσίᾳ</span> <span class='ocrx_word' id='word_1_548' title='bbox 2841 3468 3113 3540; x_wconf 82' lang='grc' dir='ltr'>σημαίνει,</span> <span class='ocrx_word' id='word_1_549' title='bbox 3145 3467 3179 3537; x_wconf 86' lang='grc' dir='ltr'>ἢ</span> <span class='ocrx_word' id='word_1_550' title='bbox 3213 3467 3310 3537; x_wconf 76' lang='grc' dir='ltr'>τὴν</span> <span class='ocrx_word' id='word_1_551' title='bbox 3340 3465 3591 3518; x_wconf 70' lang='grc' dir='ltr'>κακοπὰι-</span> 
     </span>
    </p>
   </div>
   <div class='ocr_carea' id='block_1_81' title="bbox 2009 3557 3592 3634">
    <p class='ocr_par' dir='ltr' id='par_1_81' title="bbox 2009 3557 3592 3634">
     <span class='ocr_line' id='line_1_81' title="bbox 2009 3557 3592 3634; baseline -0.003 -20"><span class='ocrx_word' id='word_1_552' title='bbox 2009 3561 2161 3617; x_wconf 87' lang='grc' dir='ltr'>θειαν</span> <span class='ocrx_word' id='word_1_553' title='bbox 2207 3563 2274 3634; x_wconf 78' lang='grc' dir='ltr'>ἢν</span> <span class='ocrx_word' id='word_1_554' title='bbox 2337 3563 2616 3616; x_wconf 81' lang='grc' dir='ltr'>ἐποιοῦντο</span> <span class='ocrx_word' id='word_1_555' title='bbox 2670 3563 2811 3634; x_wconf 82' lang='grc' dir='ltr'>ὑπὲρ</span> <span class='ocrx_word' id='word_1_556' title='bbox 2871 3562 2964 3614; x_wconf 78' lang='grc' dir='ltr'>τοῦ</span> <span class='ocrx_word' id='word_1_557' title='bbox 3029 3559 3432 3632; x_wconf 81' lang='grc' dir='ltr'>οίκτειρηθῆναι</span> <span class='ocrx_word' id='word_1_558' title='bbox 3491 3557 3592 3611; x_wconf 80' lang='grc' dir='ltr'><strong>τὸν</strong></span> 
     </span>
    </p>
   </div>
   <div class='ocr_carea' id='block_1_82' title="bbox 2007 3655 2155 3708">
    <p class='ocr_par' dir='ltr' id='par_1_82' title="bbox 2007 3655 2155 3708">
     <span class='ocr_line' id='line_1_82' title="bbox 2007 3655 2155 3708; baseline -0.007 0"><span class='ocrx_word' id='word_1_559' title='bbox 2007 3655 2155 3708; x_wconf 87' lang='grc' dir='ltr'>λαόν.</span> 
     </span>
    </p>
   </div>
   <div class='ocr_carea' id='block_1_83' title="bbox 2081 3744 3591 3816">
    <p class='ocr_par' dir='ltr' id='par_1_83' title="bbox 2081 3744 3591 3816">
     <span class='ocr_line' id='line_1_83' title="bbox 2081 3744 3591 3816; baseline -0.001 -16"><span class='ocrx_word' id='word_1_560' title='bbox 2081 3748 2208 3800; x_wconf 82' lang='grc' dir='ltr'>Ὅτι</span> <span class='ocrx_word' id='word_1_561' title='bbox 2237 3745 2462 3814; x_wconf 78' lang='grc' dir='ltr'>ἐπάρας</span> <span class='ocrx_word' id='word_1_562' title='bbox 2491 3744 2855 3814; x_wconf 75' lang='grc' dir='ltr'>κατὲρῤαξάς</span> <span class='ocrx_word' id='word_1_563' title='bbox 2877 3761 2972 3814; x_wconf 81' lang='grc' dir='ltr'><strong>με.</strong></span> <span class='ocrx_word' id='word_1_564' title='bbox 3002 3745 3177 3808; x_wconf 86' lang='grc' dir='ltr'>Μόνος</span> <span class='ocrx_word' id='word_1_565' title='bbox 3205 3745 3313 3816; x_wconf 84' lang='grc' dir='ltr'><strong>γάρ</strong></span> <span class='ocrx_word' id='word_1_566' title='bbox 3333 3744 3392 3808; x_wconf 84' lang='grc' dir='ltr'><strong>ἐξ</strong></span> <span class='ocrx_word' id='word_1_567' title='bbox 3420 3745 3591 3798; x_wconf 87' lang='grc' dir='ltr'>ἀπάν-</span> 
     </span>
    </p>
   </div>
   <div class='ocr_carea' id='block_1_84' title="bbox 2006 3831 3589 3908">
    <p class='ocr_par' dir='ltr' id='par_1_84' title="bbox 2006 3831 3589 3908">
     <span class='ocr_line' id='line_1_84' title="bbox 2006 3831 3589 3908; baseline -0.001 -18"><span class='ocrx_word' id='word_1_568' title='bbox 2006 3856 2111 3891; x_wconf 87' lang='grc' dir='ltr'><strong>των</strong></span> <span class='ocrx_word' id='word_1_569' title='bbox 2139 3835 2247 3890; x_wconf 86' lang='grc' dir='ltr'>τῶν</span> <span class='ocrx_word' id='word_1_570' title='bbox 2277 3837 2445 3890; x_wconf 80' lang='grc' dir='ltr'>ἐθνῶν</span> <span class='ocrx_word' id='word_1_571' title='bbox 2479 3836 2681 3907; x_wconf 73' lang='grc' dir='ltr'>ὑψηλὸς</span> <span class='ocrx_word' id='word_1_572' title='bbox 2723 3831 2790 3906; x_wconf 78' lang='grc' dir='ltr'>ἦν</span> <span class='ocrx_word' id='word_1_573' title='bbox 2822 3837 2850 3888; x_wconf 89' lang='grc' dir='ltr'>ὁ</span> <span class='ocrx_word' id='word_1_574' title='bbox 2904 3836 3030 3899; x_wconf 86' lang='grc' dir='ltr'>λαὸς</span> <span class='ocrx_word' id='word_1_575' title='bbox 3074 3836 3306 3908; x_wconf 80' lang='grc' dir='ltr'>Ἰσραὴλ,</span> <span class='ocrx_word' id='word_1_576' title='bbox 3355 3837 3448 3888; x_wconf 81' lang='grc' dir='ltr'>ἆτε</span> <span class='ocrx_word' id='word_1_577' title='bbox 3488 3836 3589 3888; x_wconf 77' lang='grc' dir='ltr'>καὶ</span> 
     </span>
    </p>
   </div>
   <div class='ocr_carea' id='block_1_85' title="bbox 2009 3926 3126 3999">
    <p class='ocr_par' dir='ltr' id='par_1_85' title="bbox 2009 3926 3126 3999">
     <span class='ocr_line' id='line_1_85' title="bbox 2009 3926 3126 3999; baseline -0.002 -17"><span class='ocrx_word' id='word_1_578' title='bbox 2009 3931 2169 3999; x_wconf 87' lang='grc' dir='ltr'>μόνος</span> <span class='ocrx_word' id='word_1_579' title='bbox 2195 3928 2398 3996; x_wconf 84' lang='grc' dir='ltr'>γνῶσιν</span> <span class='ocrx_word' id='word_1_580' title='bbox 2426 3927 2564 3998; x_wconf 76' lang='grc' dir='ltr'>ἔχων</span> <span class='ocrx_word' id='word_1_581' title='bbox 2587 3926 2681 3980; x_wconf 77' lang='grc' dir='ltr'>τοῦ</span> <span class='ocrx_word' id='word_1_582' title='bbox 2711 3927 2962 3998; x_wconf 80' lang='grc' dir='ltr'>ἀληθινοῦ</span> <span class='ocrx_word' id='word_1_583' title='bbox 2994 3927 3126 3980; x_wconf 80' lang='grc' dir='ltr'>Θεοῦ</span> 
     </span>
    </p>
   </div>
   <div class='ocr_carea' id='block_1_86' title="bbox 2073 4018 3585 4091">
    <p class='ocr_par' dir='ltr' id='par_1_86' title="bbox 2073 4018 3585 4091">
     <span class='ocr_line' id='line_1_86' title="bbox 2073 4018 3585 4091; baseline -0.001 -17"><span class='ocrx_word' id='word_1_584' title='bbox 2073 4023 2142 4074; x_wconf 81' lang='lat' dir='ltr'><strong>At</strong></span> <span class='ocrx_word' id='word_1_585' title='bbox 2177 4018 2386 4088; x_wconf 77' lang='grc' dir='ltr'>ἡμέραι</span> <span class='ocrx_word' id='word_1_586' title='bbox 2409 4037 2526 4089; x_wconf 88' lang='grc' dir='ltr'>μου</span> <span class='ocrx_word' id='word_1_587' title='bbox 2551 4021 2693 4076; x_wconf 79' lang='grc' dir='ltr'>ὡσεί</span> <span class='ocrx_word' id='word_1_588' title='bbox 2742 4021 2884 4075; x_wconf 79' lang='grc' dir='ltr'>σκιὰ</span> <span class='ocrx_word' id='word_1_589' title='bbox 2931 4021 3280 4087; x_wconf 76' lang='grc' dir='ltr'>ἐκλίθησαν.</span> <span class='ocrx_word' id='word_1_590' title='bbox 3339 4019 3585 4091; x_wconf 74' lang='grc' dir='ltr'>Ἡμέρας</span> 
     </span>
    </p>
   </div>
   <div class='ocr_carea' id='block_1_87' title="bbox 2004 4107 3588 4183">
    <p class='ocr_par' dir='ltr' id='par_1_87' title="bbox 2004 4107 3588 4183">
     <span class='ocr_line' id='line_1_87' title="bbox 2004 4107 3588 4183; baseline 0.001 -19"><span class='ocrx_word' id='word_1_591' title='bbox 2004 4109 2168 4164; x_wconf 81' lang='grc' dir='ltr'>αὐτοῦ</span> <span class='ocrx_word' id='word_1_592' title='bbox 2202 4112 2300 4181; x_wconf 83' lang='grc' dir='ltr'>τῆς</span> <span class='ocrx_word' id='word_1_593' title='bbox 2337 4111 2571 4182; x_wconf 79' lang='grc' dir='ltr'>νομικῆς</span> <span class='ocrx_word' id='word_1_594' title='bbox 2621 4110 2876 4180; x_wconf 88' lang='grc' dir='ltr'>λατρείας</span> <span class='ocrx_word' id='word_1_595' title='bbox 2939 4107 3078 4165; x_wconf 78' lang='grc' dir='ltr'>εἷναί</span> <span class='ocrx_word' id='word_1_596' title='bbox 3113 4129 3296 4183; x_wconf 82' lang='grc' dir='ltr'>φησιν,</span> <span class='ocrx_word' id='word_1_597' title='bbox 3337 4112 3456 4182; x_wconf 76' lang='grc' dir='ltr'>ἥτις</span> <span class='ocrx_word' id='word_1_598' title='bbox 3487 4111 3588 4165; x_wconf 75' lang='grc' dir='ltr'>καὶ</span> 
     </span>
    </p>
   </div>
   <div class='ocr_carea' id='block_1_88' title="bbox 2005 4201 3588 4273">
    <p class='ocr_par' dir='ltr' id='par_1_88' title="bbox 2005 4201 3588 4273">
     <span class='ocr_line' id='line_1_88' title="bbox 2005 4201 3588 4273; baseline 0.001 -18"><span class='ocrx_word' id='word_1_599' title='bbox 2005 4201 2131 4256; x_wconf 89' lang='grc' dir='ltr'><strong>σκιά</strong></span> <span class='ocrx_word' id='word_1_600' title='bbox 2155 4201 2261 4256; x_wconf 85' lang='grc' dir='ltr'><strong>τῶν</strong></span> <span class='ocrx_word' id='word_1_601' title='bbox 2290 4201 2587 4273; x_wconf 88' lang='grc' dir='ltr'>μελλόντων</span> <span class='ocrx_word' id='word_1_602' title='bbox 2615 4202 2833 4272; x_wconf 83' lang='grc' dir='ltr'>ἀγαθῶν</span> <span class='ocrx_word' id='word_1_603' title='bbox 2875 4203 3218 4272; x_wconf 74' lang='grc' dir='ltr'>ὀνομάζεται.</span> <span class='ocrx_word' id='word_1_604' title='bbox 3247 4203 3415 4273; x_wconf 73' lang='grc' dir='ltr'>Κάγὼ</span> <span class='ocrx_word' id='word_1_605' title='bbox 3438 4202 3588 4256; x_wconf 74' lang='grc' dir='ltr'>ὡσεὶ</span> 
     </span>
    </p>
   </div>
   <div class='ocr_carea' id='block_1_89' title="bbox 2003 4293 3585 4364">
    <p class='ocr_par' dir='ltr' id='par_1_89' title="bbox 2003 4293 3585 4364">
     <span class='ocr_line' id='line_1_89' title="bbox 2003 4293 3585 4364; baseline -0.001 -16"><span class='ocrx_word' id='word_1_606' title='bbox 2003 4297 2216 4364; x_wconf 83' lang='grc' dir='ltr'>χόρτος</span> <span class='ocrx_word' id='word_1_607' title='bbox 2245 4293 2602 4364; x_wconf 78' lang='grc' dir='ltr'>ἐξηράνθην.</span> <span class='ocrx_word' id='word_1_608' title='bbox 2635 4295 2726 4358; x_wconf 84' lang='grc' dir='ltr'><strong>Τὸ,</strong></span> <span class='ocrx_word' id='word_1_609' title='bbox 2788 4295 2922 4364; x_wconf 57' lang='grc' dir='ltr'>ἐγὼ,</span> <span class='ocrx_word' id='word_1_610' title='bbox 2965 4295 3086 4348; x_wconf 80' lang='grc' dir='ltr'>ἀντὶ</span> <span class='ocrx_word' id='word_1_611' title='bbox 3139 4296 3256 4357; x_wconf 79' lang='grc' dir='ltr'>τοῦ,</span> <span class='ocrx_word' id='word_1_612' title='bbox 3317 4297 3349 4347; x_wconf 82' lang='grc' dir='ltr'><em>ὁ</em></span> <span class='ocrx_word' id='word_1_613' title='bbox 3408 4296 3585 4361; x_wconf 78' lang='grc' dir='ltr'>λαός.</span> 
     </span>
    </p>
   </div>
   <div class='ocr_carea' id='block_1_90' title="bbox 334 4381 1938 4458">
    <p class='ocr_par' dir='ltr' id='par_1_90' title="bbox 334 4381 1938 4453">
     <span class='ocr_line' id='line_1_90' title="bbox 334 4381 1938 4453; baseline 0.001 -20"><span class='ocrx_word' id='word_1_614' title='bbox 334 4381 514 4434; x_wconf 89' lang='lat' dir='ltr'><strong>omnia</strong></span> <span class='ocrx_word' id='word_1_615' title='bbox 561 4397 683 4451; x_wconf 76' lang='lat' dir='ltr'><strong>qua:</strong></span> <span class='ocrx_word' id='word_1_616' title='bbox 731 4382 797 4435; x_wconf 87' lang='lat' dir='ltr'><strong>ad</strong></span> <span class='ocrx_word' id='word_1_617' title='bbox 849 4383 1108 4452; x_wconf 87' lang='lat' dir='ltr'><strong>populum</strong></span> <span class='ocrx_word' id='word_1_618' title='bbox 1165 4383 1436 4453; x_wconf 89' lang='lat' dir='ltr'><strong>pertinent</strong></span> <span class='ocrx_word' id='word_1_619' title='bbox 1471 4382 1628 4452; x_wconf 90' lang='lat' dir='ltr'><strong>quasi</strong></span> <span class='ocrx_word' id='word_1_620' title='bbox 1680 4381 1938 4451; x_wconf 76' lang='lat' dir='ltr'><strong>propriaj</strong></span> 
     </span>
    </p>
   </div>
   <div class='ocr_carea' id='block_1_91' title="bbox 2086 4381 3473 4458">
    <p class='ocr_par' dir='ltr' id='par_1_91' title="bbox 2086 4384 3473 4458">
     <span class='ocr_line' id='line_1_91' title="bbox 2086 4384 3473 4458; baseline 0 -19"><span class='ocrx_word' id='word_1_621' title='bbox 2086 4390 2420 4440; x_wconf 71' lang='grc' dir='ltr'>κειοποιεῖται</span> <span class='ocrx_word' id='word_1_622' title='bbox 2441 4386 2567 4458; x_wconf 87' lang='grc' dir='ltr'>γὰρ,</span> <span class='ocrx_word' id='word_1_623' title='bbox 2598 4386 2673 4450; x_wconf 83' lang='grc' dir='ltr'>ὡς</span> <span class='ocrx_word' id='word_1_624' title='bbox 2714 4385 2870 4457; x_wconf 81' lang='grc' dir='ltr'>ἔφην,</span> <span class='ocrx_word' id='word_1_625' title='bbox 2904 4385 3079 4440; x_wconf 84' lang='grc' dir='ltr'>πάντα</span> <span class='ocrx_word' id='word_1_626' title='bbox 3110 4385 3178 4439; x_wconf 87' lang='grc' dir='ltr'><strong>τά</strong></span> <span class='ocrx_word' id='word_1_627' title='bbox 3201 4387 3294 4439; x_wconf 81' lang='grc' dir='ltr'>τοῦ</span> <span class='ocrx_word' id='word_1_628' title='bbox 3323 4384 3473 4439; x_wconf 80' lang='grc' dir='ltr'>λαοῦ.</span> 
     </span>
    </p>
   </div>
   <div class='ocr_carea' id='block_1_92' title="bbox 334 4471 741 4527">
    <p class='ocr_par' dir='ltr' id='par_1_92' title="bbox 334 4471 741 4527">
     <span class='ocr_line' id='line_1_92' title="bbox 334 4471 741 4527; baseline 0.005 -3"><span class='ocrx_word' id='word_1_629' title='bbox 334 4471 437 4525; x_wconf 87' lang='lat' dir='ltr'><strong>sibi</strong></span> <span class='ocrx_word' id='word_1_630' title='bbox 472 4473 741 4527; x_wconf 86' lang='lat' dir='ltr'><strong>attribuit.</strong></span> 
     </span>
    </p>
   </div>
   <div class='ocr_carea' id='block_1_93' title="bbox 405 4561 1905 4637">
    <p class='ocr_par' dir='ltr' id='par_1_93' title="bbox 405 4561 1905 4637">
     <span class='ocr_line' id='line_1_93' title="bbox 405 4561 1905 4637; baseline 0.005 -23"><span class='ocrx_word' id='word_1_631' title='bbox 405 4561 493 4616; x_wconf 71' lang='lat' dir='ltr'><strong>l5.</strong></span> <span class='ocrx_word' id='word_1_632' title='bbox 550 4561 812 4626; x_wconf 84' lang='lat' dir='ltr'><strong>Quoniam</strong></span> <span class='ocrx_word' id='word_1_633' title='bbox 845 4565 1155 4634; x_wconf 83' lang='lat' dir='ltr'><strong>placuerunt</strong></span> <span class='ocrx_word' id='word_1_634' title='bbox 1194 4567 1358 4620; x_wconf 86' lang='lat' dir='ltr'><strong>servis</strong></span> <span class='ocrx_word' id='word_1_635' title='bbox 1390 4566 1494 4619; x_wconf 86' lang='lat' dir='ltr'><strong>tuis</strong></span> <span class='ocrx_word' id='word_1_636' title='bbox 1527 4566 1728 4635; x_wconf 86' lang='lat' dir='ltr'><strong>lapides</strong></span> <span class='ocrx_word' id='word_1_637' title='bbox 1767 4567 1905 4637; x_wconf 86' lang='lat' dir='ltr'><strong>ejus,</strong></span> 
     </span>
    </p>
   </div>
   <div class='ocr_carea' id='block_1_94' title="bbox 333 4654 1908 4730">
    <p class='ocr_par' dir='ltr' id='par_1_94' title="bbox 333 4654 1908 4730">
     <span class='ocr_line' id='line_1_94' title="bbox 333 4654 1908 4730; baseline 0.004 -23"><span class='ocrx_word' id='word_1_638' title='bbox 333 4661 385 4707; x_wconf 85' lang='lat' dir='ltr'><strong>et</strong></span> <span class='ocrx_word' id='word_1_639' title='bbox 429 4663 582 4706; x_wconf 77' lang='lat' dir='ltr'><strong>terra:</strong></span> <span class='ocrx_word' id='word_1_640' title='bbox 625 4654 737 4722; x_wconf 86' lang='lat' dir='ltr'><strong>ejus</strong></span> <span class='ocrx_word' id='word_1_641' title='bbox 787 4657 1192 4714; x_wconf 77' lang='lat' dir='ltr'><strong>miserebantur.</strong></span> <span class='ocrx_word' id='word_1_642' title='bbox 1229 4657 1459 4727; x_wconf 87' lang='lat' dir='ltr'><strong>Lapides</strong></span> <span class='ocrx_word' id='word_1_643' title='bbox 1498 4668 1656 4714; x_wconf 87' lang='lat' dir='ltr'><strong>vocat</strong></span> <span class='ocrx_word' id='word_1_644' title='bbox 1685 4674 1781 4715; x_wconf 90' lang='lat' dir='ltr'><strong>eos</strong></span> <span class='ocrx_word' id='word_1_645' title='bbox 1812 4661 1908 4730; x_wconf 90' lang='lat' dir='ltr'><strong>qui</strong></span> 
     </span>
    </p>
   </div>
   <div class='ocr_carea' id='block_1_95' title="bbox 334 4749 1908 4820">
    <p class='ocr_par' dir='ltr' id='par_1_95' title="bbox 334 4749 1908 4820">
     <span class='ocr_line' id='line_1_95' title="bbox 334 4749 1908 4820; baseline 0.007 -23"><span class='ocrx_word' id='word_1_646' title='bbox 334 4753 458 4813; x_wconf 84' lang='lat' dir='ltr'><strong>post</strong></span> <span class='ocrx_word' id='word_1_647' title='bbox 501 4749 956 4800; x_wconf 69' lang='lat' dir='ltr'><strong>resurrectionem</strong></span> <span class='ocrx_word' id='word_1_648' title='bbox 1012 4749 1368 4804; x_wconf 90' lang='lat' dir='ltr'><strong>crediderunt</strong></span> <span class='ocrx_word' id='word_1_649' title='bbox 1414 4751 1469 4806; x_wconf 89' lang='lat' dir='ltr'><strong>in</strong></span> <span class='ocrx_word' id='word_1_650' title='bbox 1515 4752 1821 4820; x_wconf 86' lang='lat' dir='ltr'><strong>Christum,</strong></span> <span class='ocrx_word' id='word_1_651' title='bbox 1855 4762 1908 4808; x_wconf 90' lang='lat' dir='ltr'><strong>et</strong></span> 
     </span>
    </p>
   </div>
   <div class='ocr_carea' id='block_1_96' title="bbox 336 4835 1908 4906">
    <p class='ocr_par' dir='ltr' id='par_1_96' title="bbox 336 4835 1908 4906">
     <span class='ocr_line' id='line_1_96' title="bbox 336 4835 1908 4906; baseline 0.005 -18"><span class='ocrx_word' id='word_1_652' title='bbox 336 4835 464 4890; x_wconf 79' lang='lat' dir='ltr'><strong>facti</strong></span> <span class='ocrx_word' id='word_1_653' title='bbox 499 4843 625 4890; x_wconf 87' lang='lat' dir='ltr'><strong>sunt</strong></span> <span class='ocrx_word' id='word_1_654' title='bbox 661 4836 866 4906; x_wconf 82' lang='lat' dir='ltr'><strong>lapides</strong></span> <span class='ocrx_word' id='word_1_655' title='bbox 909 4839 1104 4903; x_wconf 91' lang='lat' dir='ltr'><strong>sancti,</strong></span> <span class='ocrx_word' id='word_1_656' title='bbox 1161 4841 1465 4895; x_wconf 89' lang='lat' dir='ltr'><strong>secundum</strong></span> <span class='ocrx_word' id='word_1_657' title='bbox 1506 4841 1788 4898; x_wconf 72' lang='lat' dir='ltr'><strong>Zacharia:</strong></span> <span class='ocrx_word' id='word_1_658' title='bbox 1811 4858 1908 4896; x_wconf 94' lang='lat' dir='ltr'><strong>vo-</strong></span> 
     </span>
    </p>
   </div>
   <div class='ocr_carea' id='block_1_97' title="bbox 334 4935 1905 5003">
    <p class='ocr_par' dir='ltr' id='par_1_97' title="bbox 334 4935 1905 5003">
     <span class='ocr_line' id='line_1_97' title="bbox 334 4935 1905 5003; baseline 0.004 -23"><span class='ocrx_word' id='word_1_659' title='bbox 334 4941 451 4980; x_wconf 83' lang='lat' dir='ltr'><strong>cem</strong></span> <span class='ocrx_word' id='word_1_660' title='bbox 481 4945 496 4983; x_wconf 89' lang='lat'><strong>:</strong></span> <span class='ocrx_word' id='word_1_661' title='bbox 522 4942 709 4984; x_wconf 88' lang='lat' dir='ltr'><strong>servos</strong></span> <span class='ocrx_word' id='word_1_662' title='bbox 737 4937 917 4983; x_wconf 89' lang='lat' dir='ltr'><strong>autem</strong></span> <span class='ocrx_word' id='word_1_663' title='bbox 937 4939 1325 4986; x_wconf 87' lang='lat' dir='ltr'><strong>vocatsanctos</strong></span> <span class='ocrx_word' id='word_1_664' title='bbox 1351 4935 1644 5002; x_wconf 88' lang='lat' dir='ltr'><strong>apostolos,</strong></span> <span class='ocrx_word' id='word_1_665' title='bbox 1672 4949 1905 5003; x_wconf 91' lang='lat' dir='ltr'><strong>quorum</strong></span> 
     </span>
    </p>
   </div>
   <div class='ocr_carea' id='block_1_98' title="bbox 335 5020 1902 5090">
    <p class='ocr_par' dir='ltr' id='par_1_98' title="bbox 335 5020 1902 5090">
     <span class='ocr_line' id='line_1_98' title="bbox 335 5020 1902 5090; baseline 0.006 -20"><span class='ocrx_word' id='word_1_666' title='bbox 335 5032 494 5086; x_wconf 84' lang='lat' dir='ltr'><strong>opera</strong></span> <span class='ocrx_word' id='word_1_667' title='bbox 525 5020 618 5090; x_wconf 90' lang='lat' dir='ltr'><strong>qui</strong></span> <span class='ocrx_word' id='word_1_668' title='bbox 661 5021 1008 5075; x_wconf 87' lang='lat' dir='ltr'><strong>crediderunt</strong></span> <span class='ocrx_word' id='word_1_669' title='bbox 1029 5022 1089 5075; x_wconf 80' lang='lat' dir='ltr'><strong>in</strong></span> <span class='ocrx_word' id='word_1_670' title='bbox 1119 5022 1396 5078; x_wconf 90' lang='lat' dir='ltr'><strong>Christum</strong></span> <span class='ocrx_word' id='word_1_671' title='bbox 1430 5025 1565 5079; x_wconf 87' lang='lat' dir='ltr'><strong>salvi</strong></span> <span class='ocrx_word' id='word_1_672' title='bbox 1597 5024 1726 5080; x_wconf 79' lang='lat' dir='ltr'><strong>facti</strong></span> <span class='ocrx_word' id='word_1_673' title='bbox 1756 5035 1902 5080; x_wconf 90' lang='lat' dir='ltr'><strong>sunt.</strong></span> 
     </span>
    </p>
   </div>
   <div class='ocr_carea' id='block_1_99' title="bbox 337 5104 1906 5182">
    <p class='ocr_par' dir='ltr' id='par_1_99' title="bbox 337 5104 1906 5182">
     <span class='ocr_line' id='line_1_99' title="bbox 337 5104 1906 5182; baseline 0.008 -24"><span class='ocrx_word' id='word_1_674' title='bbox 337 5104 558 5160; x_wconf 81' lang='lat' dir='ltr'><strong>Terram</strong></span> <span class='ocrx_word' id='word_1_675' title='bbox 602 5120 805 5172; x_wconf 86' lang='lat' dir='ltr'><strong>autem,</strong></span> <span class='ocrx_word' id='word_1_676' title='bbox 839 5112 1086 5180; x_wconf 82' lang='lat' dir='ltr'><strong>pepulos,</strong></span> <span class='ocrx_word' id='word_1_677' title='bbox 1139 5115 1232 5182; x_wconf 91' lang='lat' dir='ltr'><strong>qui</strong></span> <span class='ocrx_word' id='word_1_678' title='bbox 1276 5115 1454 5169; x_wconf 89' lang='lat' dir='ltr'><strong>adhuc</strong></span> <span class='ocrx_word' id='word_1_679' title='bbox 1488 5123 1703 5168; x_wconf 85' lang='lat' dir='ltr'><strong>terreno</strong></span> <span class='ocrx_word' id='word_1_680' title='bbox 1757 5131 1906 5170; x_wconf 90' lang='lat' dir='ltr'><strong>more</strong></span> 
     </span>
    </p>
   </div>
   <div class='ocr_carea' id='block_1_100' title="bbox 338 5197 1904 5274">
    <p class='ocr_par' dir='ltr' id='par_1_100' title="bbox 338 5197 1904 5274">
     <span class='ocr_line' id='line_1_100' title="bbox 338 5197 1904 5274; baseline 0.01 -28"><span class='ocrx_word' id='word_1_681' title='bbox 338 5197 546 5260; x_wconf 78' lang='lat' dir='ltr'><strong>vivunt.</strong></span> <span class='ocrx_word' id='word_1_682' title='bbox 575 5209 628 5253; x_wconf 91' lang='lat' dir='ltr'><strong>et</strong></span> <span class='ocrx_word' id='word_1_683' title='bbox 679 5201 855 5256; x_wconf 87' lang='lat' dir='ltr'><strong>adhuc</strong></span> <span class='ocrx_word' id='word_1_684' title='bbox 900 5219 1005 5257; x_wconf 89' lang='lat' dir='ltr'><strong>non</strong></span> <span class='ocrx_word' id='word_1_685' title='bbox 1059 5205 1310 5270; x_wconf 84' lang='lat' dir='ltr'><strong>credunt,</strong></span> <span class='ocrx_word' id='word_1_686' title='bbox 1358 5220 1497 5274; x_wconf 89' lang='lat' dir='ltr'><strong>quos</strong></span> <span class='ocrx_word' id='word_1_687' title='bbox 1547 5207 1904 5261; x_wconf 83' lang='lat' dir='ltr'><strong>commisera-</strong></span> 
     </span>
    </p>
   </div>
   <div class='ocr_carea' id='block_1_101' title="bbox 340 5287 1904 5365">
    <p class='ocr_par' dir='ltr' id='par_1_101' title="bbox 340 5287 1904 5365">
     <span class='ocr_line' id='line_1_101' title="bbox 340 5287 1904 5365; baseline 0.01 -28"><span class='ocrx_word' id='word_1_688' title='bbox 340 5287 487 5340; x_wconf 89' lang='lat' dir='ltr'><strong>tione</strong></span> <span class='ocrx_word' id='word_1_689' title='bbox 514 5288 707 5358; x_wconf 72' lang='lat' dir='ltr'><strong>dignos</strong></span> <span class='ocrx_word' id='word_1_690' title='bbox 749 5293 843 5347; x_wconf 90' lang='lat' dir='ltr'><strong>ait.</strong></span> <span class='ocrx_word' id='word_1_691' title='bbox 880 5291 1181 5348; x_wconf 82' lang='lat' dir='ltr'><strong>Servantur</strong></span> <span class='ocrx_word' id='word_1_692' title='bbox 1211 5305 1391 5351; x_wconf 89' lang='lat' dir='ltr'><strong>autem</strong></span> <span class='ocrx_word' id='word_1_693' title='bbox 1441 5296 1681 5365; x_wconf 66' lang='lat' dir='ltr'><strong>reliquiae</strong></span> <span class='ocrx_word' id='word_1_694' title='bbox 1713 5299 1779 5352; x_wconf 88' lang='lat' dir='ltr'><strong>ad</strong></span> <span class='ocrx_word' id='word_1_695' title='bbox 1806 5314 1904 5353; x_wconf 88' lang='lat' dir='ltr'><strong>no-</strong></span> 
     </span>
    </p>
   </div>
   <div class='ocr_carea' id='block_1_102' title="bbox 341 5381 1904 5462">
    <p class='ocr_par' dir='ltr' id='par_1_102' title="bbox 341 5381 1904 5462">
     <span class='ocr_line' id='line_1_102' title="bbox 341 5381 1904 5462; baseline 0.011 -33"><span class='ocrx_word' id='word_1_696' title='bbox 341 5381 622 5435; x_wconf 86' lang='lat' dir='ltr'><strong>vissimum</strong></span> <span class='ocrx_word' id='word_1_697' title='bbox 651 5399 823 5453; x_wconf 90' lang='lat' dir='ltr'><strong>usque</strong></span> <span class='ocrx_word' id='word_1_698' title='bbox 844 5386 1009 5452; x_wconf 89' lang='lat' dir='ltr'><strong>diem;</strong></span> <span class='ocrx_word' id='word_1_699' title='bbox 1034 5388 1137 5456; x_wconf 89' lang='lat' dir='ltr'><strong>ipsi</strong></span> <span class='ocrx_word' id='word_1_700' title='bbox 1165 5389 1309 5444; x_wconf 89' lang='lat' dir='ltr'><strong>enim</strong></span> <span class='ocrx_word' id='word_1_701' title='bbox 1341 5403 1436 5458; x_wconf 87' lang='lat' dir='ltr'><strong>per</strong></span> <span class='ocrx_word' id='word_1_702' title='bbox 1464 5387 1636 5444; x_wconf 82' lang='lat' dir='ltr'><strong>Eliam</strong></span> <span class='ocrx_word' id='word_1_703' title='bbox 1669 5391 1904 5462; x_wconf 88' lang='lat' dir='ltr'><strong>prophe-</strong></span> 
     </span>
    </p>
   </div>
   <div class='ocr_carea' id='block_1_103' title="bbox 337 5473 1160 5548">
    <p class='ocr_par' dir='ltr' id='par_1_103' title="bbox 337 5473 1160 5548">
     <span class='ocr_line' id='line_1_103' title="bbox 337 5473 1160 5548; baseline 0.016 -26"><span class='ocrx_word' id='word_1_704' title='bbox 337 5479 448 5523; x_wconf 83' lang='lat' dir='ltr'><strong>tam</strong></span> <span class='ocrx_word' id='word_1_705' title='bbox 479 5473 709 5528; x_wconf 87' lang='lat' dir='ltr'><strong>salutem</strong></span> <span class='ocrx_word' id='word_1_706' title='bbox 736 5490 1160 5548; x_wconf 78' lang='lat' dir='ltr'><strong>consequemur.</strong></span> 
     </span>
    </p>
   </div>
   <div class='ocr_carea' id='block_1_104' title="bbox 400 5624 960 5696">
    <p class='ocr_par' dir='ltr' id='par_1_104' title="bbox 400 5624 960 5696">
     <span class='ocr_line' id='line_1_104' title="bbox 400 5624 960 5696; baseline 0.014 -15"><span class='ocrx_word' id='word_1_707' title='bbox 400 5625 450 5656; x_wconf 83' lang='lat'><strong>&quot;</strong></span> <span class='ocrx_word' id='word_1_708' title='bbox 490 5624 632 5683; x_wconf 81' lang='lat' dir='ltr'><strong>Psal.</strong></span> <span class='ocrx_word' id='word_1_709' title='bbox 671 5647 865 5696; x_wconf 74' lang='lat' dir='ltr'><strong>Lxxu,</strong></span> <span class='ocrx_word' id='word_1_710' title='bbox 906 5633 960 5689; x_wconf 83' lang='lat'><em>6.</em></span> 
     </span>
    </p>
   </div>
   <div class='ocr_carea' id='block_1_105' title="bbox 2083 4562 3586 4634">
    <p class='ocr_par' dir='ltr' id='par_1_105' title="bbox 2083 4562 3586 4634">
     <span class='ocr_line' id='line_1_105' title="bbox 2083 4562 3586 4634; baseline 0 -16"><span class='ocrx_word' id='word_1_711' title='bbox 2083 4565 2210 4618; x_wconf 79' lang='grc' dir='ltr'>Ὀτι</span> <span class='ocrx_word' id='word_1_712' title='bbox 2256 4564 2607 4634; x_wconf 83' lang='grc' dir='ltr'>ηὐδόκησαν</span> <span class='ocrx_word' id='word_1_713' title='bbox 2659 4565 2716 4617; x_wconf 89' lang='lat' dir='ltr'><strong>ol</strong></span> <span class='ocrx_word' id='word_1_714' title='bbox 2765 4562 2975 4617; x_wconf 79' lang='grc' dir='ltr'>δοῦλοι</span> <span class='ocrx_word' id='word_1_715' title='bbox 3021 4579 3138 4617; x_wconf 86' lang='grc' dir='ltr'>σου</span> <span class='ocrx_word' id='word_1_716' title='bbox 3177 4564 3318 4629; x_wconf 81' lang='grc' dir='ltr'>τοὺς</span> <span class='ocrx_word' id='word_1_717' title='bbox 3370 4564 3586 4631; x_wconf 71' lang='grc' dir='ltr'>λίθους</span> 
     </span>
    </p>
   </div>
   <div class='ocr_carea' id='block_1_106' title="bbox 2008 4655 3586 4726">
    <p class='ocr_par' dir='ltr' id='par_1_106' title="bbox 2008 4655 3586 4726">
     <span class='ocr_line' id='line_1_106' title="bbox 2008 4655 3586 4726; baseline -0.001 -14"><span class='ocrx_word' id='word_1_718' title='bbox 2008 4657 2218 4726; x_wconf 81' lang='grc' dir='ltr'>αὐτῆς,</span> <span class='ocrx_word' id='word_1_719' title='bbox 2247 4660 2342 4712; x_wconf 74' lang='grc' dir='ltr'>καὶ</span> <span class='ocrx_word' id='word_1_720' title='bbox 2373 4658 2476 4711; x_wconf 84' lang='grc' dir='ltr'>τὸν</span> <span class='ocrx_word' id='word_1_721' title='bbox 2502 4657 2656 4726; x_wconf 84' lang='grc' dir='ltr'>χοῦν</span> <span class='ocrx_word' id='word_1_722' title='bbox 2673 4655 2863 4723; x_wconf 78' lang='grc' dir='ltr'>αὐτῆς</span> <span class='ocrx_word' id='word_1_723' title='bbox 2894 4657 3358 4726; x_wconf 80' lang='grc' dir='ltr'>οὶκτειρήσουσι.</span> <span class='ocrx_word' id='word_1_724' title='bbox 3386 4657 3586 4722; x_wconf 84' lang='grc' dir='ltr'>Λίθους</span> 
     </span>
    </p>
   </div>
   <div class='ocr_carea' id='block_1_107' title="bbox 2012 4748 3586 4820">
    <p class='ocr_par' dir='ltr' id='par_1_107' title="bbox 2012 4748 3586 4820">
     <span class='ocr_line' id='line_1_107' title="bbox 2012 4748 3586 4820; baseline 0 -18"><span class='ocrx_word' id='word_1_725' title='bbox 2012 4750 2110 4820; x_wconf 79' lang='grc' dir='ltr'><strong>μὲν</strong></span> <span class='ocrx_word' id='word_1_726' title='bbox 2151 4751 2277 4812; x_wconf 78' lang='grc' dir='ltr'>τοὺς</span> <span class='ocrx_word' id='word_1_727' title='bbox 2333 4748 2726 4810; x_wconf 85' lang='grc' dir='ltr'>πιστεύσαντας</span> <span class='ocrx_word' id='word_1_728' title='bbox 2758 4749 2837 4810; x_wconf 84' lang='grc' dir='ltr'>εἰς</span> <span class='ocrx_word' id='word_1_729' title='bbox 2879 4749 3114 4818; x_wconf 82' lang='grc' dir='ltr'>Χριστὸν</span> <span class='ocrx_word' id='word_1_730' title='bbox 3153 4749 3288 4820; x_wconf 86' lang='grc' dir='ltr'><strong>μετά</strong></span> <span class='ocrx_word' id='word_1_731' title='bbox 3321 4752 3418 4817; x_wconf 82' lang='grc' dir='ltr'>τὴν</span> <span class='ocrx_word' id='word_1_732' title='bbox 3448 4748 3586 4803; x_wconf 85' lang='grc' dir='ltr'>ἀνά-</span> 
     </span>
    </p>
   </div>
   <div class='ocr_carea' id='block_1_108' title="bbox 2009 4841 3687 4913">
    <p class='ocr_par' dir='ltr' id='par_1_108' title="bbox 2009 4841 3687 4913">
     <span class='ocr_line' id='line_1_108' title="bbox 2009 4841 3687 4913; baseline 0.001 -19"><span class='ocrx_word' id='word_1_733' title='bbox 2009 4843 2196 4896; x_wconf 86' lang='grc' dir='ltr'>στασίν</span> <span class='ocrx_word' id='word_1_734' title='bbox 2222 4858 2373 4912; x_wconf 85' lang='grc' dir='ltr'>φησι,</span> <span class='ocrx_word' id='word_1_735' title='bbox 2407 4842 2498 4894; x_wconf 74' lang='grc' dir='ltr'>καὶ</span> <span class='ocrx_word' id='word_1_736' title='bbox 2520 4841 2843 4912; x_wconf 79' lang='grc' dir='ltr'>γενομένους</span> <span class='ocrx_word' id='word_1_737' title='bbox 2867 4841 3047 4906; x_wconf 88' lang='grc' dir='ltr'>λίθους</span> <span class='ocrx_word' id='word_1_738' title='bbox 3073 4844 3282 4911; x_wconf 84' lang='grc' dir='ltr'>ἁγίους,</span> <span class='ocrx_word' id='word_1_739' title='bbox 3314 4842 3454 4896; x_wconf 84' lang='grc' dir='ltr'><strong>κατά</strong></span> <span class='ocrx_word' id='word_1_740' title='bbox 3483 4842 3586 4913; x_wconf 80' lang='grc' dir='ltr'>τὴν</span> <span class='ocrx_word' id='word_1_741' title='bbox 3682 4859 3687 4864; x_wconf 76' lang='lat'>‘</span> 
     </span>
    </p>
   </div>
   <div class='ocr_carea' id='block_1_109' title="bbox 2008 4932 3586 5005">
    <p class='ocr_par' dir='ltr' id='par_1_109' title="bbox 2008 4932 3586 5005">
     <span class='ocr_line' id='line_1_109' title="bbox 2008 4932 3586 5005; baseline -0.001 -18"><span class='ocrx_word' id='word_1_742' title='bbox 2008 4933 2278 5005; x_wconf 86' lang='grc' dir='ltr'>Ζαχαρίου</span> <span class='ocrx_word' id='word_1_743' title='bbox 2309 4934 2512 5004; x_wconf 83' lang='grc' dir='ltr'>φωνήν·</span> <span class='ocrx_word' id='word_1_744' title='bbox 2538 4932 2755 4999; x_wconf 82' lang='grc' dir='ltr'>δούλους</span> <span class='ocrx_word' id='word_1_745' title='bbox 2780 4934 2836 4987; x_wconf 83' lang='grc' dir='ltr'>δὲ</span> <span class='ocrx_word' id='word_1_746' title='bbox 2882 4935 3008 4998; x_wconf 79' lang='grc' dir='ltr'>τοὺς</span> <span class='ocrx_word' id='word_1_747' title='bbox 3038 4935 3224 5004; x_wconf 79' lang='grc' dir='ltr'>ἁγίους</span> <span class='ocrx_word' id='word_1_748' title='bbox 3252 4934 3586 4997; x_wconf 85' lang='grc' dir='ltr'>ἀποστόλους</span> 
     </span>
    </p>
   </div>
   <div class='ocr_carea' id='block_1_110' title="bbox 2009 5021 3583 5100">
    <p class='ocr_par' dir='ltr' id='par_1_110' title="bbox 2009 5021 3583 5100">
     <span class='ocr_line' id='line_1_110' title="bbox 2009 5021 3583 5100; baseline 0.003 -22"><span class='ocrx_word' id='word_1_749' title='bbox 2009 5027 2161 5097; x_wconf 67' lang='grc' dir='ltr'>φησι,</span> <span class='ocrx_word' id='word_1_750' title='bbox 2191 5027 2256 5080; x_wconf 90' lang='grc' dir='ltr'>δι’</span> <span class='ocrx_word' id='word_1_751' title='bbox 2286 5021 2359 5081; x_wconf 85' lang='grc' dir='ltr'>ὦν</span> <span class='ocrx_word' id='word_1_752' title='bbox 2390 5026 2672 5100; x_wconf 76' lang='grc' dir='ltr'>ἐσώθησαν</span> <span class='ocrx_word' id='word_1_753' title='bbox 2697 5031 2744 5082; x_wconf 85' lang='grc' dir='ltr'>οἱ</span> <span class='ocrx_word' id='word_1_754' title='bbox 2767 5029 3153 5092; x_wconf 83' lang='grc' dir='ltr'>πιστεύσαντες</span> <span class='ocrx_word' id='word_1_755' title='bbox 3197 5031 3278 5091; x_wconf 80' lang='grc' dir='ltr'><strong>είς</strong></span> <span class='ocrx_word' id='word_1_756' title='bbox 3326 5029 3583 5100; x_wconf 86' lang='grc' dir='ltr'>Χριστόν.</span> 
     </span>
    </p>
   </div>
   <div class='ocr_carea' id='block_1_111' title="bbox 2007 5117 3584 5192">
    <p class='ocr_par' dir='ltr' id='par_1_111' title="bbox 2007 5117 3584 5192">
     <span class='ocr_line' id='line_1_111' title="bbox 2007 5117 3584 5192; baseline 0.001 -23"><span class='ocrx_word' id='word_1_757' title='bbox 2007 5118 2150 5170; x_wconf 85' lang='grc' dir='ltr'>Χοῦν</span> <span class='ocrx_word' id='word_1_758' title='bbox 2176 5117 2233 5170; x_wconf 84' lang='grc' dir='ltr'>δὲ</span> <span class='ocrx_word' id='word_1_759' title='bbox 2262 5119 2385 5180; x_wconf 82' lang='grc' dir='ltr'>τοὺς</span> <span class='ocrx_word' id='word_1_760' title='bbox 2403 5117 2586 5182; x_wconf 82' lang='grc' dir='ltr'>λαοὺς,</span> <span class='ocrx_word' id='word_1_761' title='bbox 2618 5120 2742 5184; x_wconf 77' lang='grc' dir='ltr'>τοὺς</span> <span class='ocrx_word' id='word_1_762' title='bbox 2771 5120 2852 5175; x_wconf 76' lang='grc' dir='ltr'>ἔτι</span> <span class='ocrx_word' id='word_1_763' title='bbox 2876 5120 3198 5192; x_wconf 83' lang='grc' dir='ltr'>χοῖκώτερον</span> <span class='ocrx_word' id='word_1_764' title='bbox 3231 5119 3457 5184; x_wconf 81' lang='grc' dir='ltr'>ζῶντας,</span> <span class='ocrx_word' id='word_1_765' title='bbox 3486 5119 3584 5173; x_wconf 79' lang='grc' dir='ltr'>καὶ</span> 
     </span>
    </p>
   </div>
   <div class='ocr_carea' id='block_1_112' title="bbox 2006 5208 3584 5284">
    <p class='ocr_par' dir='ltr' id='par_1_112' title="bbox 2006 5208 3584 5284">
     <span class='ocr_line' id='line_1_112' title="bbox 2006 5208 3584 5284; baseline 0.004 -24"><span class='ocrx_word' id='word_1_766' title='bbox 2006 5208 2086 5261; x_wconf 78' lang='grc' dir='ltr'><strong>ἐτι</strong></span> <span class='ocrx_word' id='word_1_767' title='bbox 2118 5208 2214 5262; x_wconf 80' lang='grc' dir='ltr'>νῦν</span> <span class='ocrx_word' id='word_1_768' title='bbox 2241 5209 2622 5274; x_wconf 75' lang='grc' dir='ltr'>ἀπιστοῦντας,</span> <span class='ocrx_word' id='word_1_769' title='bbox 2655 5213 2747 5264; x_wconf 71' lang='grc' dir='ltr'>καὶ</span> <span class='ocrx_word' id='word_1_770' title='bbox 2779 5213 2973 5276; x_wconf 78' lang='grc' dir='ltr'>αὐτοὺς</span> <span class='ocrx_word' id='word_1_771' title='bbox 3000 5213 3056 5265; x_wconf 83' lang='grc' dir='ltr'>δὲ</span> <span class='ocrx_word' id='word_1_772' title='bbox 3088 5213 3385 5284; x_wconf 80' lang='grc' dir='ltr'>οἰκτιρμῶν</span> <span class='ocrx_word' id='word_1_773' title='bbox 3415 5229 3584 5282; x_wconf 83' lang='grc' dir='ltr'>φησιν</span> 
     </span>
    </p>
   </div>
   <div class='ocr_carea' id='block_1_113' title="bbox 2007 5298 3582 5376">
    <p class='ocr_par' dir='ltr' id='par_1_113' title="bbox 2007 5298 3582 5376">
     <span class='ocr_line' id='line_1_113' title="bbox 2007 5298 3582 5376; baseline 0 -22"><span class='ocrx_word' id='word_1_774' title='bbox 2007 5301 2189 5367; x_wconf 79' lang='grc' dir='ltr'>ἀξίους</span> <span class='ocrx_word' id='word_1_775' title='bbox 2218 5298 2376 5356; x_wconf 76' lang='grc' dir='ltr'>εἶναι.</span> <span class='ocrx_word' id='word_1_776' title='bbox 2412 5303 2668 5374; x_wconf 84' lang='grc' dir='ltr'>Τηρεῖται</span> <span class='ocrx_word' id='word_1_777' title='bbox 2696 5304 2805 5376; x_wconf 88' lang='grc' dir='ltr'>γὰρ</span> <span class='ocrx_word' id='word_1_778' title='bbox 2854 5303 2932 5368; x_wconf 88' lang='grc' dir='ltr'><strong>είς</strong></span> <span class='ocrx_word' id='word_1_779' title='bbox 2962 5306 3059 5376; x_wconf 80' lang='grc' dir='ltr'><strong>τὴν</strong></span> <span class='ocrx_word' id='word_1_780' title='bbox 3105 5306 3340 5376; x_wconf 70' lang='grc' dir='ltr'>ἐσχάτην</span> <span class='ocrx_word' id='word_1_781' title='bbox 3367 5306 3582 5375; x_wconf 81' lang='grc' dir='ltr'>ἡμέραν</span> 
     </span>
    </p>
   </div>
   <div class='ocr_carea' id='block_1_114' title="bbox 2004 5394 3582 5470">
    <p class='ocr_par' dir='ltr' id='par_1_114' title="bbox 2004 5394 3582 5470">
     <span class='ocr_line' id='line_1_114' title="bbox 2004 5394 3582 5470; baseline 0 -23"><span class='ocrx_word' id='word_1_782' title='bbox 2004 5395 2064 5447; x_wconf 85' lang='grc' dir='ltr'><strong>τὸ</strong></span> <span class='ocrx_word' id='word_1_783' title='bbox 2092 5394 2358 5464; x_wconf 80' lang='grc' dir='ltr'>λείψανον·</span> <span class='ocrx_word' id='word_1_784' title='bbox 2395 5396 2731 5470; x_wconf 79' lang='grc' dir='ltr'>σωθήσονται</span> <span class='ocrx_word' id='word_1_785' title='bbox 2777 5397 2885 5469; x_wconf 80' lang='grc' dir='ltr'>γὰρ</span> <span class='ocrx_word' id='word_1_786' title='bbox 2917 5399 3011 5451; x_wconf 76' lang='grc' dir='ltr'>καὶ</span> <span class='ocrx_word' id='word_1_787' title='bbox 3064 5399 3217 5452; x_wconf 77' lang='grc' dir='ltr'>αὐτοὶ</span> <span class='ocrx_word' id='word_1_788' title='bbox 3273 5396 3361 5451; x_wconf 82' lang='grc' dir='ltr'>διὰ</span> <span class='ocrx_word' id='word_1_789' title='bbox 3400 5395 3582 5450; x_wconf 79' lang='grc' dir='ltr'>Ἠλίου</span> 
     </span>
    </p>
   </div>
   <div class='ocr_carea' id='block_1_115' title="bbox 2004 5486 2424 5561">
    <p class='ocr_par' dir='ltr' id='par_1_115' title="bbox 2004 5486 2424 5561">
     <span class='ocr_line' id='line_1_115' title="bbox 2004 5486 2424 5561; baseline 0.012 -23"><span class='ocrx_word' id='word_1_790' title='bbox 2004 5486 2096 5539; x_wconf 82' lang='grc' dir='ltr'>τοῦ</span> <span class='ocrx_word' id='word_1_791' title='bbox 2129 5489 2424 5561; x_wconf 71' lang='grc' dir='ltr'>προφήτου.</span> 
     </span>
    </p>
   </div>
  </div>
