3778 6276
127 338 237 394 1??

1300 345 1664 405 exeosmo
1697 348 1764 404 iN
1802 349 2136 409 PSALMUM
2175 353 2262 409 cr.
2341 310 2347 328 ’

3312 360 3413 414 430

199 453 321 508 Καὶ
354 456 822 524 φοϐηθήσονται
860 459 935 513 τὰ
955 438 1100 527 ἔθνη
1142 459 1210 514 τὸ
1259 460 1447 531 ὄνομα
1494 464 1707 531 Κυρίου

1916 465 2002 521 16.
2065 466 2135 521 Et
2190 468 2440 522 timebunt
2474 478 2647 538 gentes
2692 485 2879 525 nomen
2935 470 3167 526 Domini.
3214 473 3412 531 Merito

132 546 388 609 [Ξκίτως
421 550 634 617 μεταξὺ
664 549 757 602 τοῦ
790 550 1077 621 εὐδοκῆσαι
1130 551 1256 615 τοὺς
1283 551 1463 617 λίθους
1489 553 1582 607 τοῦ
1611 569 1707 626 προ

1876 557 1976 610 lum
2005 558 2221 627 placent
2269 558 2475 628 lapides
2503 560 2700 628 prioris
2723 560 2909 632 populi
2958 563 3239 635 subjuugit
3276 580 3410 635 geu-

130 640 295 708 τέρεν
330 638 480 691 λαοῦ
516 641 627 691 τῶν
654 640 822 694 ἐθνῶν
854 643 1208 697 ὲπισυνάπτει
1241 644 1340 714 τὴν
1382 644 1595 716 κλῆσιν.
1631 648 1741 701 Καὶ

1845 646 1981 700 tium
2036 647 2394 703 vocationem.
2452 647 2520 703 Et
2570 667 2746 706 omnes
2794 669 2937 723 reges
2989 664 3142 709 terra:
3184 655 3413 728 gloriam

135 728 372 796 πάντες
406 734 468 785 oi
509 730 795 799 ,βασιλεῖς
819 730 928 802 τῆς
979 734 1092 805 γῆς
1133 734 1248 804 τὴν
1278 735 1467 801 δόξαν
1496 754 1632 792 σου.
1680 741 1707 791 C

1876 753 2013 791 nam.
2071 735 2245 809 Reges
2275 740 2511 806 positum
2542 755 2641 810 pro
2674 757 2860 813 regna.
2911 740 3029 797 Non
3085 751 3168 798 est
3212 745 3412 815 quippe

133 820 395 889 βασιλεῖς
456 823 582 875 ἀντὶ
611 823 727 888 τοῦ,
765 827 821 879 αἱ
867 825 1153 897 βασιλεῖαι.
1190 828 1264 881 Οὐ
1300 827 1408 902 γάρ
1440 830 1555 883 ἐστι
1588 828 1740 897 βασι-

131 907 247 959 λεία
278 909 426 962 οὐδὲ
455 909 612 975 ἔθνος
640 913 670 965 ὃ
698 912 772 985 μὴ
803 917 1098 986 προσκυνεί
1147 915 1244 988 τὴν
1290 917 1447 981 δόξαν
1474 918 1699 990 Κυρίου.

200 1002 341 1073 ’Ὁτι
380 1002 777 1072 οἰκοδομήσει
832 1008 1043 1076 Κύριος
1092 1008 1208 1076 τὴν
1262 1009 1432 1066 Σιών.
1485 1011 1737 1065 Τοντέστι

131 1092 227 1163 τὴν
263 1093 642 1165 Ἐκκλησίαν.

210 1186 610 1255 Ἐπέὅλεψεν
636 1187 734 1241 ἐπὶ
767 1187 882 1258 τὴν
904 1190 1254 1261 προσευχὴν
1281 1191 1399 1247 τῶν
1421 1191 1732 1251 ταπεινῶν.
1807 1237 1812 1242 ε

138 1276 377 1347 Ἔλεγον
430 1278 548 1350 γὰρ
577 1280 628 1331 oi
659 1280 885 1345 ἑαυτοὺς
904 1283 1287 1350 ταπεινοῦντες
1316 1288 1739 1359 προσευχόμενοι

133 1367 449 1437 προφῆται.
488 1369 603 1422 Καὶ
636 1368 722 1433 σὺ,
766 1371 947 1443 ,Κύριε
983 1376 1012 1427 ό
1046 1374 1177 1440 Θεὸς
1223 1377 1455 1450 Ἰσραὴλ,
1502 1381 1737 1452 πρόσχες

129 1455 222 1509 τοῦ
243 1459 672 1527 ἐπισκέψασθαι
711 1463 887 1519 πάντα
909 1466 977 1520 τὰ
1000 1467 1150 1539 ἔθνη.

196 1550 523 1619 Γραρήτω
546 1555 699 1623 αὕτη
741 1559 830 1623 εὶς
862 1558 1075 1627 γενεὰν
1121 1560 1351 1629 ἑτέραν.
1396 1563 1460 1616 Ἦ
1503 1564 1592 1620 διὰ
1641 1563 1735 1620 τοῦ

131 1638 360 1710 οᾷαλμοῦ
394 1646 703 1717 προσευχὴ,
733 1647 826 1700 καὶ
858 1649 890 1719 ὴ
919 1650 1046 1719 περὶ
1093 1650 1199 1704 τῶν
1225 1652 1393 1705 ἐθνῶν
1438 1655 1737 1724 ἐπαγγελία

134 1737 631 1809 εροφητευομένη,
667 1739 920 1812 καθάπερ
941 1742 998 1795 ὲν
1032 1742 1201 1815 στήλῃ
1244 1745 1554 1800 τυπωθετσα
1591 1746 1734 1802 δέδο-

132 1839 218 1878 ται
283 1804 413 1890 τοῖς
472 1804 785 1896 ῨἾουόαίοις,
848 1804 928 1897 είς
984 1833 1045 1886 τὸ
1095 1804 1451 1904 ςέυλάττεσθαι
1496 1838 1575 1911 τῷ
1625 1842 1732 1913 νέῳ
1760 1804 1808 1863 Β

142 1917 371 1987 Ἰσραὴλ
396 1919 502 1973 καὶ
526 1923 593 1991 τῇ
623 1922 765 1977 κατὰ
784 1925 1015 1995 Χριστὸν
1035 1929 1215 1999 γενεᾷ.
1245 1930 1355 1983 Καὶ
1383 1932 1533 1999 λαός
1553 1934 1587 1987 ὀ
1616 1952 1732 1990 κτι-

131 2006 384 2077 apere;-
416 2010 653 2067 αἰνέσει
682 2014 790 2068 τὸν
811 2018 1045 2084 Κύριον.

221 2104 335 2155 Οτι
364 2100 679 2173 ἐξέκυψεν
710 2106 782 2172 ἐξ
814 2109 1012 2177 ὕψους
1036 2111 1208 2181 ἁγίου
1238 2115 1442 2170 αὑτοῦ.
1491 2116 1601 2189 Τὴν
1645 2120 1730 2173 αἰ-

128 2191 247 2245 τίαν
272 2194 417 2264 ἡμῖν
448 2195 552 2266 τῆς
578 2196 824 2268 κλήσεως
843 2200 951 2255 τῶν
976 2202 1142 2256 ἐθνῶν
1164 2205 1545 2275 παρατίθεται.
1578 2210 1726 2283 Αὕτη

127 2287 180 2340 δέ
211 2292 371 2342 ἐστιν
405 2292 443 2361 ἡ
500 2292 796 2360 ἐπιφάνεια
826 2294 920 2347 τοῦ
952 2297 1204 2369 Σωτῆρος
1260 2300 1419 2371 ἡμῶν
1465 2303 1725 2375 Χριστοῦ,

123 2379 188 2448 ἣν
211 2380 453 2451 ἐποίησε
483 2383 672 2447 κλίνας
693 2385 974 2456 οὐρανούς.

196 2472 317 2526 Τοῦ
344 2473 620 2528 ἀκοῦσαι
640 2476 749 2529 τὸν
771 2479 1110 2549 στεναγμόν
1130 2479 1248 2534 τῶν
1278 2484 1721 2555 πεπεδημένων.

124 2563 233 2616 Καὶ
269 2563 426 2629 τίνες
448 2568 504 2620 oi
534 2567 934 2640 πεπεδημένοι,
990 2572 1023 2643 ἢ
1058 2573 1156 2636 οὓς
1195 2579 1401 2646 σειραῖς
1454 2578 1727 2651 ἁμαρτίας

124 2653 389 2724 ἔσφιγξεν
416 2659 449 2711 ὀ
473 2660 771 2728 μισὸκαλοςι
786 2662 1026 2734 δαίμων;
1062 2664 1169 2719 Τοῦ
1193 2666 1379 2720 λῦσαι
1399 2669 1540 2735 τοὺς
1557 2671 1726 2737 υἱοὺς

120 2745 240 2799 τῶν
266 2750 799 2819 τεθανατωμένων.
859 2754 923 2807 Οἱ
961 2754 1068 2807 υἱοὶ
1113 2755 1223 2810 τῶν
1270 2759 1725 2833 τεθανατωμένων

122 2833 233 2890 εἷεν
257 2836 329 2893 ἂν
361 2841 415 2892 οἱ
451 2840 512 2905 ἐξ
537 2841 728 2907 ἐθνῶν,
763 2843 940 2916 καθὴν
973 2846 1244 2902 ἀπέθανον
1273 2852 1323 2903 οἱ
1365 2853 1599 2925 πατέρες
1625 2856 1724 2909 αὑ-

121 2929 229 2981 τιέιν
257 2932 387 2994 ταῖς
421 2931 586 2995 ἰδίαις
620 2933 917 3005 ἁμαρτίαις
950 2936 1460 3011 εἰδωλολατροῶτες
1479 2943 1580 2999 ἔτι.

194 3027 318 3082 Τοῦ
340 3028 699 3100 ἀναγγεῖλαι
749 3032 821 3085 ἐν
851 3031 1004 3087 Σιὼν
1030 3034 1098 3087 τὸ
1141 3034 1327 3105 ὄνομα
1367 3040 1573 3096 αὑτοῦ.
1615 3044 1724 3096 Καὶ

1841 843 2068 898 regnum
2111 845 2286 901 neque
2315 847 2447 901 gens
2474 847 2595 902 qua:
2640 849 2746 888 non
2793 834 2982 890 adoret
3014 835 3242 907 gloriam
3298 839 3407 892 Do-

1843 922 1997 976 mini.

1827 1058 1834 1065 .
1919 1013 2010 1068 l7.
2069 1014 2207 1080 Quia
2253 1016 2537 1086 mdiﬁcabit
2579 1017 2835 1073 Dominus
2865 1018 3016 1075 Sion.
3066 1019 3122 1076 ld
3159 1030 3264 1089 est,
3304 1020 3409 1077 Ec-

1843 1103 2086 1160 clesiam.

1914 1196 2001 1252 i8.
2073 1197 2309 1268 Respexit
2352 1201 2409 1254 in
2452 1202 2744 1257 orationem
2796 1202 3098 1260 humiiium.
3143 1203 3409 1262 Dicebant

1839 1289 2038 1359 quippe
2075 1292 2350 1360 propheta:
2376 1292 2503 1347 dum
2528 1294 2733 1349 orando
2774 1310 2896 1351 sese
2923 1296 3300 1353 humiliarent.
3334 1295 3406 1350 Et

1838 1389 1916 1445 tu,
1950 1379 2170 1434 Domine
2199 1380 2337 1435 Deus
2370 1380 2563 1448 Israel,
2601 1385 2831 1453 intende,
2876 1386 2946 1440 ad
2970 1388 3265 1442 visitandas
3292 1404 3406 1442 om-

1837 1486 1928 1525 nes
1952 1481 2127 1541 gentes
2155 1471 2223 1526 ".

1910 1563 1999 1618 £9.
2057 1562 2335 1619 Scribatur
2375 1565 2485 1621 [nec
2529 1567 2586 1621 in
2616 1568 2947 1639 generatione
2974 1569 3166 1631 altera.
3211 1568 3403 1625 Oratio

1838 1655 2049 1711 scilicet
2070 1672 2194 1726 quae
2218 1656 2272 1711 in
2298 1658 2510 1727 psalmo
2537 1658 2850 1725 effunditur,
2878 1674 2932 1718 et
2954 1662 3245 1730 promissio
3274 1678 3405 1732 gen-

1839 1747 1985 1802 tibus
2013 1748 2328 1818 prophetice
2377 1749 2542 1817 facta,
2600 1754 2760 1822 quasi
2797 1753 2851 1808 in
2906 1755 3069 1825 cippo
3129 1755 3404 1823 insculpta

1835 1841 2034 1906 tradita
2066 1850 2150 1897 est
2192 1841 2415 1909 Judaeis,
2474 1853 2535 1898 ut
2574 1854 2885 1901 servaretur
2918 1847 3061 1902 novo
3101 1847 3290 1903 lsraeli
3348 1857 3404 1904 et

1830 1932 2152 1989 Christiana:
2199 1935 2558 2004 generationi.
2597 1935 2666 1990 Et
2718 1938 2941 2008 populus
2989 1940 3081 2010 qui
3138 1941 3403 1995 creabitur

1829 2022 2075 2077 laudabit
2097 2022 2404 2077 Dominum.

1898 2113 1991 2169 20.
2065 2114 2210 2179 Quia
2236 2116 2506 2184 prospexit
2546 2117 2611 2170 de
2650 2119 2854 2173 excelso
2894 2130 3078 2176 sancto
3107 2138 3224 2177 suo.
3259 2122 3403 2178 Cau-

1830 2219 1946 2258 sam
1974 2204 2130 2258 nobis
2160 2205 2702 2273 apponitvocationis
2735 2210 2997 2279 gentium.
3040 2208 3165 2266 Haec
3189 2221 3273 2267 est
3299 2228 3429 2267 au-~

1828 2303 1936 2349 tem
1962 2295 2225 2350 adventus
2251 2292 2550 2350 Salvatoris
2582 2298 2756 2353 nostri
2790 2299 3014 2363 Christi,
3067 2302 3285 2371 quando
3312 2302 3399 2357 in-

1828 2387 2051 2443 clinavit
2077 2388 2268 2445 caelos.

1896 2479 1988 2534 2i.
2047 2478 2117 2536 Ut
2163 2483 2370 2536 audiret
2411 2483 2661 2554 gemitum
2708 2484 3155 2553 compeditorum.‘
3191 2483 3396 2554 Ecqui-

1826 2586 1951 2627 nam
2004 2574 2318 2643 compediti,
2349 2575 2455 2631 nisi
2487 2591 2628 2646 quos
2655 2577 2863 2633 catenis
2890 2578 3098 2645 peccati
3125 2578 3400 2631 constrino

1825 2662 1902 2734 git
1945 2663 2211 2719 bonorum
2249 2680 2377 2721 osor
2418 2667 2663 2723 dremon?
2704 2665 2770 2721 Ut
2815 2666 3030 2721 solveret
3062 2668 3201 2736 ﬁlios
3233 2668 3398 2722 inter‘

1825 2766 2140 2824 emptorum.
2188 2758 2312 2813 Filii
2377 2759 2826 2830 interemptorum
2878 2758 3082 2815 fuerint
3127 2760 3394 2831 gentiles.

1826 2856 2058 2919 quorum
2122 2859 2305 2920 patres
2372 2852 2426 2905 in
2487 2852 2719 2923 propriis
2781 2852 3022 2922 peccatis
3097 2850 3397 2906 idololatria

1825 2943 2095 2998 obierunt.

1893 3032 1983 3087 22.
2050 3031 2121 3088 Ut
2147 3034 2458 3089 annuntient
2489 3035 2547 3089 in
2574 3033 2705 3090 Sion
2754 3050 2939 3089 nomen
2984 3033 3118 3104 ejus.
3156 3031 3224 3088 Et
3261 3034 3392 3088 illud

121 3119 285 3173 τοῦτό
312 3137 454 3191 φησι
482 3122 586 3191 τῆς
611 3121 836 3177 καθόδου
869 3122 1059 3191 αἴτιον,
1076 3126 1223 3190 ὅπως
1250 3130 1283 3199 ή
1325 3130 1616 3203 Ἐκκλησία
1636 3137 1707 3190 ἀνι

1876 3144 2053 3198 noque
2083 3128 2161 3183 ait
2201 3137 2287 3183 est
2317 3129 2615 3185 descensus
2664 3144 2851 3192 causa,
2902 3136 2964 3181 ut
2991 3126 3233 3183 Ecclesia
3278 3127 3397 3182 edi-

123 3214 315 3281 νμνείν
345 3212 577 3284 μάθοιεν
606 3214 669 3267 τὸ
711 3213 884 3287 ὄνομα
936 3216 1123 3272 αὐτοῦ.
1171 3218 1319 3291 Αὕτη
1360 3223 1468 3294 γάρ
1496 3226 1641 3281 ἐστιν
1689 3229 1723 3300 ή

206 3395 317 3447 Ἐν
340 3393 429 3460 τῷ
453 3394 938 3468 ἐπισωαχθῆναι
962 3400 1154 3468 λαοὺς
1179 3400 1278 3456 ἐπὶ
1305 3402 1371 3457 τὸ
1395 3407 1562 3461 αὐτό.
1603 3409 1722 3464 Τῶν

125 3488 300 3543 ἔθνῶν
348 3491 665 3561 ἑωρακότες
722 3493 809 3547 διὰ
854 3494 949 3548 τοῦ
1001 3493 1311 3568 πνεύματος
1355 3499 1453 3570 τὴν
1504 3501 1597 3554 ἐπὶ
1629 3502 1722 3557 τὸν

124 3578 332 3649 Κτὸριον
366 3582 696 3654 συναγωγὴν
743 3583 792 3636 οἱ
838 3584 1133 3656 προφῆται,
1198 3587 1577 3657 παρεκάλεσαν
1628 3592 1721 3646 καὶ

125 3671 280 3727 αὐτοὶ
302 3673 720 3745 καταξιωθῆναι
742 3675 945 3747 ταύτης
985 3677 1085 3747 τῆς
1142 3677 1416 3749 μακαρίας
1462 3678 1589 3744 θέας
1624 3682 1719 3735 καὶ

124 3762 224 3834 τῆς
246 3765 364 3818 τῶν
391 3766 738 3837 πραγμάτων
769 3766 1064 3831 ἐκϐάσεως.

204 3856 531 3924 Ἀπεκρίθη
579 3853 741 3922 αὐτῷ
800 3856 870 3910 ἐν
935 3857 1054 3924 ὀδῷ
1117 3859 1332 3929 ἰσχύος
1379 3860 1586 3916 αὐτοῦ.
1656 3862 1715 3917 '0

126 3949 473 4020 προφητικδς
500 3946 661 4021 χορὸς
695 3949 795 4021 μέν
843 3952 988 4004 ἐστιν
1042 3953 1072 4004 ὁ
1118 3953 1566 4024 ἀποκρινόμενος,
1594 3954 1714 4027 ἤτοι

127 4040 348 4111 ἐρωτῶν
389 4040 486 4095 τὸν
520 4041 672 4096 Θεόν.
722 4041 868 4097 Ὀδδν
932 4042 1115 4114 ἰσχύος
1158 4043 1324 4097 αὐτοῦ
1353 4044 1452 4116 τὴν
1486 4046 1578 4099 ἐπὶ
1609 4048 1714 4117 γῆς

126 4133 436 4205 παρουσίαν
471 4133 657 4204 φησιν.
698 4129 869 4188 ’Ἦλθε
905 4134 1013 4207 γὰρ
1038 4136 1127 4190 ἵνα
1167 4136 1306 4211 δήσῃ
1348 4140 1439 4192 τὸν
1471 4140 1707 4211 ἰσχυρόν.

130 4224 245 4291 Τὴν
268 4225 602 4295 ὀλιγότητα
637 4225 758 4280 τῶν
789 4225 1023 4297 ἡμερῶν
1040 4247 1163 4298 μου
1193 4229 1549 4302 ὰνὰγγειλόν
1584 4251 1706 4302 μοι.

125 4307 245 4377 οἷός
274 4314 420 4379 ἐστι,
478 4314 662 4386 φησὶν,
697 4315 727 4367 ὸ
775 4316 1040 4389 ἡμέτερος
1081 4316 1196 4388 βίος
1245 4321 1563 4389 ἀνάγγειλόν
1594 4339 1705 4391 μοι.

126 4404 337 4477 [lixa-ro
389 4406 506 4476 γὰρ
540 4406 671 4461 ἰδεῖν
705 4409 755 4460 εἱ
788 4408 979 4478 φθάσει
1023 4411 1105 4474 είς
1129 4410 1343 4474 ὲκείνας
1366 4411 1463 4474 τὰς
1494 4412 1707 4483 ἡμέρας

124 4498 155 4567 ἠ
204 4498 324 4568 ζωὴ
354 4496 550 4561 αὐτοῦ,
596 4498 721 4552 καθ’
746 4498 813 4563 ἃς
866 4498 1091 4571 ἔμελλεν
1144 4501 1570 4574 ὲνανθρωπήσας
1615 4505 1707 4558 ἐπὶ
1738 4485 1784 4540 Ῐ)

125 4588 223 4660 γῆς
250 4588 548 4661 φαίνεσθαι
580 4592 609 4644 ὁ
654 4592 983 4664 Μονογενής.

185 4682 287 4750 Μὴ
318 4681 637 4752 ἀναγάγῃς
665 4700 742 4753 με
761 4684 830 4738 ἐν
851 4684 1056 4755 ἡμίσει
1081 4684 1320 4756 ἡμερῶν
1335 4704 1474 4756 μου.
1498 4684 1706 4756 ’Ἡμισυ

122 4773 227 4827 τῶν
252 4774 487 4847 ἡμερῶν
516 4776 684 4830 αὐτοῦ
714 4776 832 4846 ἦτοι
879 4778 979 4847 τῆς
1015 4777 1159 4849 ζωῆς
1214 4778 1275 4832 τὸ
1302 4777 1440 4841 τέως
1472 4779 1530 4831 ὲν
1569 4777 1706 4832 θεω-

129 4868 216 4939 ρίᾳ
241 4867 504 4937 γενέσθαι
561 4867 662 4938 τῆς
714 4869 1035 4937 ἐπιφανείας
1092 4869 1277 4940 φησίν.
1350 4869 1560 4942 Ηΰχετο
1612 4866 1706 4925 οὖν

124 4959 480 5032 πληρωθῆναι
505 4958 669 5013 αὐτοῦ
699 4959 790 5013 τὸν
826 4960 945 5015 ὅλον
980 4960 1193 5033 χρόνον·
1229 4962 1322 5016 καὶ
1383 4964 1432 5016 εἰ
1483 4958 1593 5016 οἷόν
1639 4978 1704 5015 τε

124 5050 539 5122 παραταθῆναι
566 5049 665 5121 τὴν
696 5050 841 5123 ζωὴν
874 5051 1061 5116 αὐτοῦ,
1086 5053 1234 5116 ὅπως
1281 5052 1347 5106 ἃν
1397 5055 1492 5107 καὶ
1536 5052 1705 5123 αὐτῆς

122 5145 218 5215 τῆς
243 5144 357 5197 τῶν
387 5144 731 5215 πραγμάτων
752 5144 1028 5208 ἐκϐάσεως
1055 5144 1380 5217 καταξιωθῇ.
1415 5144 1571 5200 Οὕτω
1594 5144 1702 5217 γὰρ

124 5238 187 5291 ἂν
221 5237 451 5310 ἔμελλεν
476 5239 513 5309 ἡ
547 5237 696 5291 πᾶσα
730 5237 893 5291 αὐτοῦ
948 5236 1060 5310 ζωὴ
1092 5236 1450 5311 πληροῦσθαι.
1494 5239 1591 5290 Ἐν
1611 5253 1706 5308 τε-

123 5329 230 5399 νεᾷ
252 5330 481 5401 γενεῶν
498 5330 573 5385 τὰ
599 5329 704 5398 ἔτη
734 5346 870 5385 σου.
906 5331 1073 5394 Γνοὺς
1103 5333 1133 5384 ὁ
1168 5330 1501 5403 προφητικὸς
1542 5329 1704 5402 χορὸς

125 5422 210 5476 διὰ
237 5422 335 5476 τοῦ
383 5419 718 5491 πνεύματος,
770 5420 845 5485 ὡς
867 5422 967 5475 οὐκ
1003 5420 1071 5475 ἂν
1119 5419 1313 5488 φθάσει
1362 5421 1442 5482 είς
1494 5420 1555 5473 τὸ
1592 5418 1700 5472 τῶν

128 5511 468 5583 πραγμάτων
488 5512 684 5583 πέρας,
710 5511 893 5582 φησίνο
935 5510 1077 5580 Ἐγὼ
1099 5510 1155 5564 δὲ
1180 5510 1583 5581 κοιμηθήσομαι
1605 5509 1700 5563 ἆτε

130 5605 318 5679 θνητὸς
343 5602 439 5658 ὤν’
473 5604 539 5656 σὺ
585 5603 645 5657 δὲ
676 5604 850 5676 μόνος,
876 5598 921 5657 ὧ
948 5604 1210 5669 Δέσποτα,
1257 5602 1350 5656 καὶ
1381 5601 1461 5665 εις
1488 5601 1702 5665 ὲκείνας

206 5761 255 5793 ’⁸
305 5759 451 5817 Psal.
500 5778 623 5819 ut.
657 5763 710 5818 8.

1827 3229 2000 3276 sceret
2030 3218 2247 3291 hymnis
2290 3219 2566 3275 celebrare
2611 3232 2813 3274 nomen
2844 3218 2986 3289 ejus.
3029 3217 3150 3288 Ipsa
3193 3218 3397 3288 quippe

1825 3320 1909 3367 est
1947 3311 2099 3367 Sion.

1893 3404 1984 3461 23.
2048 3404 2502 3459 In'conveniendo
2542 3404 2764 3474 populos
2806 3404 2860 3458 in
2885 3419 3066 3457 unum.
3096 3401 3235 3458 Cum
3266 3416 3395 3472 pro-

1822 3495 1998 3566 phetae
2027 3511 2123 3566 per
2147 3496 2399 3565 spiritum
2455 3494 2704 3549 viderent
2743 3493 3223 3564 congregationem
3255 3507 3391 3563 gen-

1821 3589 1957 3643 tium
2006 3587 2075 3641 ad
2103 3587 2404 3643 Christum.
2458 3593 2723 3656 rogarunt
2753 3592 2895 3639 utet
2926 3583 3036 3654 ipsi
3091 3583 3198 3638 hoc
3243 3580 3392 3637 felici

1819 3675 2132 3748 spectaculo
2180 3674 2516 3739 fruerentur,
2569 3682 2623 3730 et
2672 3688 2855 3728 rerum
2911 3673 3081 3729 exitu.

1885 3857 1978 3912 ει.
2027 3855 2312 3928 Respondit
2348 3855 2396 3910 ei
2423 3855 2479 3911 in
2508 3856 2594 3910 via
2632 3856 2840 3910 virtutis
2873 3870 3003 3910 sure.
3033 3839 3389 3923 Propheticus

1816 3952 2017 4007 chorus
2046 3958 2129 4005 εει
2151 3950 2242 4020 qui
2273 3949 2582 4019 respondet,
2624 3949 2765 4003 idem
2802 3947 2917 4018 ipse
2957 3946 3052 4017 qui
3095 3946 3390 4016 interrogat

1814 4046 2007 4101 Deum.
2039 4043 2195 4099 Viam
2229 4044 2448 4098 virtutis
2498 4058 2633 4108 suae,
2692 4057 2851 4097 suum
2903 4041 2959 4096 in
3006 4048 3148 4094 terra
3181 4038 3386 4092 adven-

1814 4145 1928 4192 tum
1976 4144 2151 4191 vocat.
2202 4132 2366 4189 Venit
2400 4132 2602 4203 quippe
2636 4139 2697 4186 ut
2728 4132 2921 4202 ligaret
2976 4128 3195 4184 fortem.
3233 4125 3385 4180 Pau-

1810 4232 2025 4284 citatem
2076 4229 2283 4282 dierum
2331 4242 2564 4280 meorum
2599 4226 2789 4278 nuntia
2827 4223 2977 4277 mihi.
3036 4220 3224 4286 Qualis
3276 4218 3384 4282 sit,

1810 4321 2007 4393 inquit,
2041 4321 2153 4376 vita
2188 4327 2376 4374 nostra
2419 4318 2683 4372 annnntia
2721 4314 2877 4368 mihi.
2917 4311 3253 4367 Precabatur
3282 4324 3385 4363 au-

1807 4423 1917 4470 tem
1945 4422 2006 4469 ut
2046 4411 2376 4467 indicaretur
2423 4408 2549 4469 sibi,
2594 4420 2725 4459 num
2755 4405 2822 4459 ad
2871 4417 2966 4457 eas
3004 4402 3121 4456 dies
3151 4415 3386 4470 perven-

1809 4515 1932 4561 tura
1962 4504 2074 4558 vita
2102 4501 2223 4570 ejus
2249 4507 2414 4562 esset,
2458 4497 2658 4567 quibus
2706 4493 2950 4548 futurum
2996 4500 3115 4546 erat
3144 4500 3204 4546 ut
3248 4488 3387 4546 Uni-

1809 4596 2024 4668 genitus
2057 4594 2224 4649 homo
2255 4589 2433 4644 factus
2465 4594 2748 4658 appareret
2782 4584 2836 4669 in
2865 4591 3028 4638 terra.

1877 4686 1970 4743 25.
2023 4683 2107 4739 Ne
2159 4696 2362 4737 revoces
2405 4696 2487 4735 me
2535 4677 2829 4733 indimidio
2876 4675 3083 4730 dierum
3125 4690 3382 4730 meorum.

1809 4778 2105 4834 Dimidium
2147 4775 2358 4831 dierum
2387 4772 2506 4841 ejus
2545 4770 2663 4826 sive
2708 4770 2832 4825 vitae
2863 4768 3005 4838 ejus,
3037 4778 3199 4823 vocat
3248 4765 3382 4821 illud

1807 4870 1951 4942 quod
2009 4866 2377 4924 intercedebat
2420 4872 2634 4934 tempus
2679 4862 2853 4917 donec
2897 4861 3186 4915 adventum
3232 4857 3383 4912 vide-

1806 4970 1949 5017 rent.
2011 4960 2190 5029 Rogat
2233 4957 2414 5027 gigitur
2470 4965 2529 5010 ut
2604 4954 2894 5024 impleatur
2951 4962 3120 5006 totum
3167 4959 3380 5015 tempus

1808 5066 1967 5106 suum
1998 5068 2015 5105 :
2045 5058 2101 5104 et
2149 5048 2195 5104 si
2239 5047 2356 5102 ﬁeri
2400 5047 2596 5118 possit,
2628 5045 2961 5116 producatur
3006 5042 3118 5094 vita
3165 5054 3283 5101 sua,
3321 5046 3383 5090 ut

1807 5141 1984 5211 ipsum
2014 5155 2194 5195 rerum
2240 5140 2451 5194 exitum
2488 5137 2673 5191 videre
2732 5136 2927 5205 dignus
2979 5132 3263 5186 habeatur.
3298 5128 3379 5185 lta

1806 5233 1951 5287 enim
2004 5230 2250 5286 futurum
2298 5238 2418 5286 erat
2458 5237 2521 5283 ut
2550 5226 2867 5296 impleretur
2912 5232 3021 5277 tota
3075 5222 3186 5276 vita
3236 5221 3376 5292 ejus.
3456 5257 3464 5279 ι

1805 5323 1870 5379 In
1902 5325 2288 5395 generationem
2321 5332 2371 5377 et
2420 5321 2808 5393 generationem
2856 5318 2983 5371 anni
3022 5317 3119 5372 tui.
3163 5315 3380 5372 Gnarus

1804 5419 2153 5489 propheticus
2176 5416 2380 5473 chorus
2402 5430 2499 5486 per
2528 5413 2800 5484 spiritum,
2844 5425 2954 5465 non
2990 5419 3375 5481 perventurum

1805 5523 1865 5564 se
1907 5510 1972 5565 ad
2020 5510 2283 5566 harumce
2329 5523 2511 5563 rerum
2556 5506 2740 5573 finem,
2780 5505 2902 5560 ait:
2956 5503 3073 5572 Ego
3120 5516 3250 5558 vero
3278 5503 3378 5556 ob-

1803 5601 2070 5658 dormiam
2105 5611 2294 5674 utpote
2337 5600 2617 5667 mortalis;
2648 5608 2708 5655 tu
2752 5606 2934 5655 autem
2964 5597 3135 5664 solus,
3188 5610 3223 5651 ο
3263 5593 3375 5649 Do-
