3778 6276
390 288 488 343 451

1224 280 1281 338 S.
1325 280 1703 338 ATHANASII
1742 279 1895 336 OPP.
1939 279 2128 336 PARS
2167 279 2252 336 Ill.
2292 311 2362 364 τ-
2401 280 2810 337 EXEGETICA.

3516 281 3641 339 £32

389 406 552 468 mine.
588 415 759 472 usque
792 399 860 455 ad
909 400 1028 456 illas
1069 400 1445 472 generationes
1488 414 1811 470 permanes,
1860 409 1944 454 ut-

2114 399 2236 463 ίνεις
2265 398 2364 462 τὰς
2391 398 2602 468 γενεὰς,
2641 398 2734 453 ἆτε
2767 396 2832 468 δὴ
2863 396 2957 451 καὶ
2995 398 3058 451 σὺ
3089 396 3248 462 αὐτὸς
3283 396 3359 461 ὼς
3393 397 3550 469 Θεὸς,
3595 398 3643 454 ὀ

388 506 509 567 pote
538 494 681 550 Deus
709 492 801 565 qui
832 493 1000 549 caelos
1025 493 1093 547 ab
1123 493 1279 547 initio
1308 491 1506 548 fecisti.

454 584 546 647 26,
598 584 688 637 27.
758 580 872 653 Ipsi
898 582 1158 653 peribunt,
1211 592 1266 636 tu
1310 593 1485 636 autem
1531 597 1822 651 permancs.
1868 578 1947 637 Tu

387 676 558 740 solus,
587 674 784 744 inquit,
823 688 857 729 ο
895 672 1141 741 Domine,
1181 672 1534 728 aeternitatem
1580 680 1765 742 utpote
1809 670 1950 726 Deus

388 768 593 823 habes:
639 768 760 824 coeli
795 780 926 822 vero
975 766 1076 823 etsi
1124 781 1379 837 magnum
1426 776 1482 820 et
1527 764 1790 820 eximium
1841 762 1952 819 sint

386 858 679 926 opiﬁcium,
721 866 958 913 attamen
995 865 1048 912 et
1077 856 1180 927 ipsi
1210 854 1948 924 corruptionifsubjicientur.

385 947 677 1016 Corruptio
704 959 885 1002 autem
932 947 1050 1002 haec
1098 947 1202 1001 erit
1249 946 1356 1000 illis
1389 945 1443 999 in
1493 944 1947 999 renovationem:

385 1039 671 1095 volventur
708 1041 855 1096 enim
899 1040 954 1095 in
996 1039 1274 1095 meliorem
1331 1037 1564 1094 formam
1601 1037 1946 1092 commutati.

453 1131 524 1189 28
545 1172 561 1199 ,
610 1130 700 1186 29.
762 1130 896 1186 Filii
922 1147 1187 1186 servorum
1211 1139 1417 1184 tuorum
1445 1128 1778 1183 habitabant.
1813 1126 1948 1182 Nam

326 1218 329 1221 ’
385 1237 507 1279 cum
539 1223 662 1279 caeli
695 1224 889 1278 mutati
929 1223 1150 1289 fuerint,
1183 1232 1236 1278 et
1282 1228 1542 1276 renovata
1595 1220 1762 1276 fuerit
1806 1235 1952 1276 crea-

384 1324 530 1382 tura,
562 1325 693 1370 tunc
716 1315 771 1369 in
798 1314 1018 1369 mternis
1071 1313 1437 1370 tabernaculis
1473 1312 1759 1367 constituti
1789 1320 1952 1367 erunt

384 1405 480 1460 ﬁlii
507 1421 786 1461 servorum
828 1414 1067 1471 tuorum;
1105 1404 1143 1458 ii
1185 1415 1362 1459 autem
1396 1411 1525 1459 sunt
1561 1403 1657 1473 qui
1698 1417 1795 1472 per
1823 1418 1954 1459 san-

384 1506 505 1552 ctos
528 1496 804 1567 apostolos
832 1494 1199 1561 crediderunt,
1229 1504 1276 1549 et
1306 1510 1480 1549 semen
1521 1510 1704 1549 eorum
1751 1494 1808 1547 in
1858 1510 1953 1549 stc-

385 1587 560 1642 cutum
583 1587 858 1658 dirigetur.
889 1584 1084 1639 Semen
1124 1593 1435 1640 sanctorum
1468 1586 1837 1656 apostolorum
1868 1593 1953 1639 est

2055 492 2149 544 καλ⁵
2172 491 2299 554 τοὺς
2325 490 2587 559 οὐρανοὺς
2615 486 2932 558 πεποιηκὼς
2966 486 3025 552 ἐξ
3044 486 3238 559 ἀρχῆς.

2121 581 2300 636 Αὐτοὶ
2336 581 2726 645 ἀπολοῦνται,
2754 579 2833 634 σὺ
2866 577 2934 632 δὲ
2965 577 3285 648 διαμένεις.
3337 579 3408 632 Σὺ
3443 578 3637 649 μόνος,

2053 673 2236 744 φησιν,
2264 666 2308 726 ὦ
2335 672 2597 735 Δέσποτα,
2643 672 2705 725 τὸ
2757 670 2924 724 ἀΐδιον
2957 670 3050 724 ἆτε
3110 669 3240 733 Θεὸς
3285 668 3444 739 ἔχεις·
3490 670 3544 722 οἱ
3570 669 3644 725 δὲ

2052 764 2292 836 οὐρανοὶ,
2328 764 2377 816 εῑ
2431 763 2527 816 καὶ
2562 763 2705 833 μέγα
2757 780 2809 815 τι
2859 762 2953 815 καὶ
2998 758 3269 831 ἐξαίρετον
3325 760 3642 831 ὑπάρχουσι

2053 857 2279 925 κτίσμα,
2310 855 2424 909 ἀλλ’
2446 856 2595 926 ὅμως
2618 857 2713 910 καὶ
2741 855 2894 908 αὐτοὶ
2933 854 3396 924 ὑποϐληθήσονται
3428 854 3632 924 φθορᾷ.

2066 947 2128 1001 Ἡ
2156 948 2212 1000 δὲ
2241 946 2418 1021 φθορά
2443 947 2581 1018 αὕτη
2609 949 2894 1018 γενήσεται
2913 946 3093 1008 αὐτοῖς
3112 946 3191 1009 είς
3216 945 3630 1015 ἀνακαινισμόν·

2052 1039 2425 1110 ἐλιχθήσονται
2451 1037 2559 1111 γὰρ
2586 1038 2667 1101 είς
2699 1036 2900 1108 βέλτιον
2932 1036 3116 1107 σχῆμα
3149 1034 3635 1105 μεταϐαλλόμενοι.

2128 1133 2190 1184 Οἱ
2228 1128 2343 1184 υἱοὶ
2378 1127 2497 1182 τῶν
2558 1128 2792 1182 δούλων
2842 1140 2958 1180 σου
3023 1124 3636 1193 κατασκηνώσουσιν.

2053 1222 2222 1276 Ὅταν
2257 1221 2366 1294 γάρ
2411 1220 2787 1292 ἐλιχθήσονται
2833 1221 2881 1273 οἱ
2930 1217 3169 1289 οὐρανοὶ,
3203 1217 3298 1270 καὶ
3347 1215 3504 1287 καινὴ
3530 1215 3637 1284 γέ-

2052 1330 2209 1383 νηται
2234 1312 2441 1375 κτίσις,
2464 1311 2583 1364 τότε
2606 1309 2669 1381 δὴ
2692 1309 2815 1363 τότε
2854 1311 2911 1361 ἐν
2940 1310 3060 1370 ταῖς
3104 1305 3343 1370 αίωνίοις
3398 1305 3642 1374 σκηναῖς

2052 1405 2332 1476 γενόμενοι
2362 1405 2411 1457 οἱ
2435 1403 2543 1457 τῶν
2570 1402 2678 1456 σῶν
2706 1402 2905 1456 δούλων
2929 1400 3054 1454 υἱοί·
3087 1393 3232 1453 οὗτοι
3263 1398 3307 1451 δ’
3334 1396 3400 1451 ἂν
3424 1392 3533 1451 εἶεν
3578 1400 3637 1451 οἱ

2050 1497 2137 1551 διὰ
2156 1497 2264 1550 τῶν
2285 1496 2455 1567 ἀγίων
2482 1494 2642 1549 αὐτοῦ
2673 1492 2982 1548 ἀποστόλων
3024 1490 3467 1552 πεπιστευκότες.
3514 1487 3640 1541 Καὶ

2051 1590 2118 1643 τὸ
2160 1589 2397 1658 σπέρμα
2428 1588 2625 1645 αὐτῶν
2650 1591 2735 1654 εἰς
2772 1585 2879 1640 τὸν
2928 1583 3113 1638 αἰῶνα
3152 1581 3639 1646 κατευθυνθιξσε-

384 1676 692 1746 evangelica
719 1684 774 1732 et
821 1675 1074 1732 salutaris
1119 1675 1452 1745 praedicatio,
1497 1690 1619 1746 quae
1666 1682 1853 1729 manet
1893 1674 1948 1728 in

2114 1698 2164 1736 ιι.
2207 1683 2436 1754 Σπέρμα
2458 1681 2566 1735 τῶν
2591 1681 2760 1750 ἁγίων
2805 1678 3119 1733 ἀποστόλων
3165 1676 3227 1730 τί)
3274 1673 3638 1743 εὐαγγελικδν

386 1769 663 1825 saeculum.

702 1966 1038 2027 PSALMUS
1084 1968 1185 2036 ipsi
1244 1942 1437 2020 David.
1504 1963 1634 2021 cu.

975 2060 1370 2131 Argumentum.

350 2153 570 2219 ,Novus
629 2155 861 2227 populus
906 2170 973 2209 ex
1022 2153 1275 2225 gentibus
1317 2159 1562 2216 coactus,
1613 2150 1840 2226 docetur
1896 2148 1953 2204 in

470 2247 819 2319 hocpsalmo
874 2247 1043 2302 Deum
1091 2244 1308 2315 hymnis
1359 2244 1660 2309 celebrare,
1698 2243 1795 2312 qui
1838 2232 1958 2296 nia-

458 2356 571 2413 gna
602 2340 707 2412 ipsi
732 2338 993 2396 beneficia
1033 2339 1278 2395 contulit.
1313 2337 1455 2392 Sunt
1493 2344 1677 2391 autem
1714 2349 1801 2401 ea,
1831 2348 1958 2404 pec-

444 2432 564 2487 vcati
589 2431 886 2487 destructio
915 2439 970 2487 et
994 2429 1416 2487 resurrectionis
1447 2428 1644 2498 gloria.

1981 1752 2149 1827 Bxal.
2178 1752 2439 1847 σωτήριον
2496 1774 2778 1844 κήρυγμα,
2836 1772 2973 1843 ὅπερ
3030 1772 3110 1834 εἰς
3167 1770 3257 1823 τὸν
3296 1767 3469 1822 αἰῶνα
3513 1766 3639 1819 δια-

2054 1863 2228 1933 μένει.

2444 1980 2753 2032 ΨΑΛΜΟΣ
2790 1974 2870 2041 τῷ
2896 1974 3097 2028 Δαυΐδ.
3127 1976 3259 2027 PB'.

2666 2069 2678 2087 '
2695 2068 3006 2132 Υπόθεσις.

2064 2163 2123 2215 '0
2145 2161 2262 2226 νέος
2288 2161 2350 2226 ἐξ
2378 2160 2545 2214 ἐθνῶν
2570 2158 2701 2223 λαὸς
2754 2161 2813 2213 ἐν
2842 2158 3015 2230 τούτῳ
3044 2158 3351 2212 διδάσκεται
3373 2154 3641 2224 ἀνυμνεῖν

2125 2252 2215 2306 τὸν
2261 2252 2392 2306 Θεὸν
2437 2252 2529 2307 τὸν
2568 2252 2636 2306 τὰ
2690 2251 2900 2321 μεγάλα
2957 2247 3385 2322 εὐηργετηκότα.
3446 2243 3641 2299 Ταῦτα.

2124 2345 2182 2397 δέ
2211 2346 2326 2397 ἐστι
2369 2343 2439 2398 τὰ
2469 2344 2882 2415 εὐεργετήματα
2909 2343 2943 2414 ἥ
2974 2358 3032 2395 τε
3063 2342 3161 2414 τῆς
3186 2338 3457 2411 ἁμαρτίας
3489 2336 3642 2391 ἀναί-

2129 2453 2277 2509 ρεσις
2306 2437 2401 2491 καὶ
2425 2436 2522 2507 τῆς
2548 2436 2891 2499 ἀναστάσεως
2914 2434 2976 2488 τὸ
3002 2433 3279 2505 καύχημα.

456 2526 511 2579 1.
558 2523 817 2590 Benedic,
859 2525 1041 2578 anima
1082 2540 1235 2592 mea,
1278 2522 1530 2579 Domino.
1565 2520 1687 2592 Ipse
1724 2535 1844 2577 sese
1888 2519 1948 2575 ad

2121 2528 2391 2598 Εὐλόγει,
2431 2529 2470 2595 ἠ
2516 2526 2684 2597 ψυχή
2714 2544 2854 2596 μου,
2892 2525 2997 2579 τὸν
3031 2525 3267 2589 Κύριον.
3306 2520 3477 2583 Αὐτὸς
3496 2519 3644 2570 tau-

380 2618 654 2691 hymnum
694 2617 915 2682 excitat,
973 2615 1240 2686 optimum
1298 2614 1404 2670 sibi
1445 2614 1513 2670 ad
1590 2614 1823 2683 salutem
1865 2626 1948 2667 re-

2114 2636 2151 2671 ιν
2175 2619 2267 2671 ἐπὶ
2295 2618 2384 2671 τὸν
2417 2617 2585 2689 ὕμνον
2606 2618 2881 2689 διεγείρει,
2911 2615 3072 2671 καλὸν
3116 2612 3305 2667 ἑαυτοῦ
3330 2613 3429 2682 τῆς
3457 2628 3642 2682 σωτη-

388 2710 626 2766 medium
657 2722 1134 2780 esseproponens,
1173 2707 1496 2763 benedicere
1532 2704 1725 2761 Deum.
1762 2702 1844 2758 Ex
1889 2715 1948 2758 eo

2116 2727 2179 2773 ας
2209 2709 2501 2782 φάρμακον
2529 2709 2627 2780 τὴν
2656 2710 2737 2772 είς
2760 2709 2890 2762 Θεὸν
2912 2705 3159 2775 εὐλογίαν
3182 2701 3640 2776 προϐαλλόμενος.

387 2813 568 2858 autem
594 2801 741 2874 quod
782 2799 927 2857 Deus
970 2800 1328 2857 miseraturus
1367 2798 1628 2871 populum
1673 2803 1841 2859 esset,
1889 2794 1948 2851 de

2114 2804 2187 2872 Icp‘
2215 2797 2295 2867 οἷς
2323 2803 2380 2856 δὲ
2407 2802 2539 2867 Θεὸς
2570 2802 2660 2856 τὸν
2685 2801 2810 2855 λαὸν
2852 2799 3083 2872 ἤμελλεν
3114 2799 3283 2852 ἐλεεῖν
3319 2793 3645 2867 δικαιοσύνῃ

388 2894 597 2965 iustitia
642 2909 738 2948 sua
796 2893 852 2948 in
891 2892 1191 2963 iudicando
1233 2891 1522 2955 laudatur;
1569 2897 1756 2959 utpote
1798 2886 1948 2958 quia

2118 2895 2335 2961 ξάζεται
2374 2898 2619 2967 κριτικῇ,
2657 2894 2861 2966 φθορᾶς
2907 2909 2967 2946 τε
3010 2889 3366 2946 ἀπαλλάττων
3399 2888 3493 2945 καὶ
3539 2884 3646 2956 βα-

388 2982 742 3055 corruptione
770 2982 962 3037 liberet
993 2990 1047 3036 et
1076 2996 1303 3053 regnum
1332 2980 1596 3035 caelorum
1629 2980 1754 3044 det;
1789 2977 1864 3032 ita
1897 2984 1948 3031 ul

2116 2988 2263 3041 λείαν
2308 2988 2482 3051 διδοὺς
2532 2985 2798 3058 οὐρανῶνσ
2852 2984 2927 3049 ὡς
2988 2985 3082 3038 καὶ
3126 2983 3289 3036 πᾶσιν
3344 2979 3645 3050 ἁρμόττειν

389 3090 627 3144 praesens
680 3074 915 3145 hymnus
969 3073 1225 3128 omnibus
1282 3072 1588 3128 conveniat.
1639 3069 1711 3125 Et
1779 3068 1948 3124 omnia

2114 3096 2153 3132 δν
2177 3079 2537 3150 προκείμενον
2568 3077 2755 3149 ὕμνον.
2808 3078 2916 3132 Καὶ
2959 3076 3156 3130 πάντα
3206 3076 3278 3129 τὰ
3313 3073 3486 3136 ἐντός
3516 3086 3646 3139 μου

387 3181 506 3236 quae
538 3165 682 3218 intra
720 3179 801 3216 me
831 3172 955 3217 sunt
979 3162 1179 3216 nomini
1207 3171 1391 3216 sancto
1427 3162 1567 3230 ejus.
1609 3158 1715 3215 Per
1737 3175 1803 3215 ea
1840 3173 1948 3229 qua

2114 3170 2129 3223 5
2157 3170 2342 3240 ὄνομα
2380 3171 2444 3225 τὸ
2484 3171 2655 3241 ἅγιον
2674 3170 2878 3225 αὐτοῦ.
2897 3169 2995 3223 Διά
3023 3169 3132 3223 τῶν
3164 3167 3312 3231 ἐντὸς
3334 3165 3395 3218 τὸ
3422 3162 3483 3228 ἐξ
3509 3161 3649 3233 ὅλης

390 3257 532 3310 intra
577 3265 720 3318 sunt.
754 3254 1025 3326 significat
1086 3253 1255 3308 Deum
1295 3269 1360 3309 ex
1387 3262 1501 3309 toto
1534 3253 1719 3319 corde,
1749 3267 1819 3308 ex
1853 3259 1948 3306 tota

2114 3261 2312 3333 ιρδίας,
2351 3263 2445 3316 καὶ
2477 3261 2536 3327 ἐξ
2564 3262 2692 3332 ὅλης
2725 3262 2824 3331 τῆς
2881 3260 3084 3330 ίσχύος,
3132 3259 3226 3312 καὶ
3258 3256 3317 3325 ἐξ
3367 3256 3495 3326 ὅλης
3521 3254 3650 3307 διας-

393 3348 610 3413 virtute,
641 3354 695 3401 et
723 3361 791 3401 ex
825 3352 938 3403 tota
974 3352 1157 3400 mente
1184 3344 1547 3399 invocandum
1570 3356 1713 3399 esse.

483 3436 540 3491 2.
605 3434 869 3503 Benedic,
922 3436 1102 3489 anima
1148 3451 1300 3500 mea,
1357 3434 1603 3488 Domino.
1646 3430 1965 3487 Perseverat

389 3543 512 3584 sese
534 3528 875 3584 exhortando
904 3526 973 3582 ad
1001 3526 1306 3583 cauendum
1323 3526 1577 3598 hymnos,
1596 3525 1764 3595 probe
1782 3522 1964 3579 sciens

390 3622 444 3675 id
496 3636 617 3678 esse
647 3619 807 3676 cilicii
850 3620 934 3677 sui
982 3634 1083 3691 pro
1123 3619 1339 3691 magnis
1370 3618 1607 3689 acceptis
1659 3615 1960 3672 beneficiis.

389 3711 523 3768 Nam
555 3712 647 3785 qui
675 3711 985 3768 divinorum
1028 3711 1414 3766 beneficiorum
1456 3709 1798 3773 recordatur,
1823 3723 1960 3762 nun-

389 3820 555 3876 quam
610 3803 772 3859 finem
836 3802 999 3858 faciet
1043 3803 1209 3874 hujus
1252 3803 1440 3874 hymni
1492 3800 1839 3857 concinendi.
1891 3798 1964 3854 Et

390 3897 499 3951 noli
521 3896 756 3950 oblivisci
785 3912 960 3950 omnes
1008 3897 1379 3951 retributiones
1417 3895 1552 3962 ejus.
1607 3893 1715 3949 Pro
1751 3893 1963 3963 magnis

390 3990 537 4043 enim
566 3987 804 4060 peccatis
836 3988 1041 4044 nostris
1081 3987 1336 4043 retribuit
1381 3987 1542 4041 nobis
1590 3984 1965 4040 mansuetudi-

390 4093 539 4146 nem,
578 4077 1050 4145 misericordiam,
1088 4077 1487 4136 miserationes.
1527 4076 1662 4144 Quae
1714 4076 1964 4134 oblivisci

344 4244 349 4249 ἡ
391 4186 503 4229 non
537 4178 767 4242 oportet.

459 4264 514 4329 5,
540 4263 594 4318 4.
621 4262 725 4329 Qui
777 4265 1101 4334 propitiatur
1157 4265 1394 4318 omnibus
1432 4260 1798 4332 iniquitatibus
1825 4262 1962 4327 tuis,

390 4367 494 4412 etc.
520 4353 615 4411 Hae
643 4366 770 4412 sunt
793 4357 1180 4412 retributiones
1200 4354 1293 4412 Dei
1326 4354 1485 4411 nobis
1514 4354 1759 4420 collatae;
1787 4353 1965 4425 primo

391 4449 539 4518 quod
555 4449 878 4519 propitiatus
894 4449 966 4504 sit
995 4449 1233 4519 peccatis
1258 4447 1500 4515 nostris;
1525 4445 1790 4510 secundo,
1817 4445 1964 4516 quod
1997 4439 2040 4495 D

394 4539 736 4595 infirmitates
765 4551 980 4596 nostras
1000 4540 1309 4608 sanaverit;
1336 4541 1517 4608 tertio,
1542 4538 1689 4611 quod
1707 4538 1775 4595 de
1802 4539 1966 4596 inter-

395 4633 475 4685 itu
521 4629 812 4685 redemerit
850 4633 1018 4687 vitam
1071 4641 1341 4696 nostram,
1388 4647 1515 4687 cutn
1564 4641 1850 4701 peccatum
1899 4632 1967 4687 de

394 4719 573 4775 medio
594 4720 847 4786 sustulit;
876 4731 1099 4792 quarto,
1124 4724 1270 4792 quod
1296 4724 1516 4792 propria
1551 4739 1687 4779 usus
1730 4722 1969 4778 clemen-

394 4814 492 4877 tia,
518 4811 893 4867 misericordia
913 4822 967 4867 et
993 4812 1462 4880 miserationibus,
1489 4829 1592 4869 nos
1618 4812 1969 4869 coronavcrit

396 4905 710 4975 adoptionis
752 4905 955 4975 gratia;
999 4905 1218 4975 quinto,
1241 4905 1387 4975 quod
1432 4906 1811 4976 spiritualibus
1863 4920 1968 4961 nos

395 4996 557 5053 bonis
592 4997 896 5067 repleverit,
920 5012 1039 5052 sese
1068 4996 1225 5052 nobis
1251 4998 1462 5052 donans
1490 5013 1684 5068 panem
1715 5001 1858 5055 vitae.

473 5168 525 5222 5.
551 5167 901 5225 Renocabitur
923 5180 980 5225 ut
1002 5172 1196 5242 aquin
1204 5172 1454 5240 juventus
1487 5181 1601 5226 tua.
1619 5171 1729 5229 Deo
1761 5189 1857 5244 per
1884 5189 1969 5229 re-

398 5259 802 5328 generationem
834 5262 1175 5332 juventutem
1206 5271 1449 5317 nostram
1477 5266 1639 5333 quasi
1667 5263 1865 5333 aquila:
1885 5279 1968 5319 re-

399 5362 656 5407 ncs-ante.
704 5350 1145 5412 Resurrectionis
1190 5356 1422 5427 gratiam
1466 5355 1626 5411 nobis
1675 5355 1965 5428 significat.

398 5442 610 5513 Aquila:
650 5453 830 5501 autern
857 5462 954 5503 eos
987 5448 1083 5518 qui
1115 5449 1360 5504 renovati
1397 5458 1525 5505 sunt
1552 5456 1851 5520 comparat.
1879 5450 1970 5504 avi

399 5531 644 5586 omnium
668 5535 905 5592 maxime
933 5538 1259 5606 altivolanti,
1295 5537 1475 5609 regiae,
1500 5546 1555 5595 et
1577 5553 1698 5610 qum
1730 5538 1846 5596 sola
1875 5553 1969 5608 po-

397 5628 507 5679 test
528 5621 711 5680 radios
739 5625 869 5682 solis
891 5626 1116 5684 firmiter
1141 5628 1475 5700 conspicere.

2062 3354 2213 3419 νοὲας
2240 3354 2331 3409 τὸν
2354 3356 2484 3409 Θεὸν
2506 3354 2881 3409 ἐπικαλεῖσθαι
2907 3353 3074 3423 δηλοῖ.

2138 3446 2409 3515 Εὐλόγει,
2444 3447 2483 3514 ἠ
2510 3444 2678 3515 ψυχή
2702 3462 2842 3515 μου,
2869 3444 2973 3498 τὸν
3011 3444 3249 3511 Κύριον.
3288 3436 3651 3509 Ἐνδιατρίόει

2061 3538 2131 3609 τῇ
2170 3537 2299 3609 περὶ
2344 3537 2436 3591 τὸν
2468 3536 2634 3607 ὕμνον
2684 3537 2878 3591 ἑαυτοῦ
2936 3536 3239 3607 προτροπῇ,
3288 3530 3442 3594 εἰδὼς
3481 3528 3648 3582 τοῦτο

2066 3630 2187 3684 ἀντὶ
2230 3629 2339 3683 τῶν
2393 3630 2642 3701 μεγάλων
2691 3630 2855 3684 αὐτοῦ
2914 3627 3237 3701 εὐεργεσιῶν
3298 3623 3490 3678 ἑαυτὸν
3541 3622 3653 3674 ἐπ-

2065 3721 2365 3791 οφείλοντα.
2384 3722 2441 3774 Ὀ
2469 3720 2577 3793 γὰρ
2609 3721 2717 3776 τῶν
2748 3722 2907 3774 θείων
2937 3717 3267 3790 εὐεργεσιῶν
3295 3715 3650 3788 μεμνημένος

2064 3812 2126 3865 οὐ
2173 3812 2435 3867 παύσεται
2509 3812 2667 3867 τοῦτο
2713 3812 2918 3883 ὑμνῶν.
2953 3813 3062 3866 Καὶ
3109 3810 3196 3880 μὴ
3235 3806 3649 3864 ἐπιλανθάνου

2064 3901 2268 3969 πάσας
2292 3902 2399 3969 τὰς
2434 3901 2868 3967 ἀνταποδόσεις
2892 3901 3097 3955 αὐτοῦ.
3137 3899 3507 3954 Ἀνταπὲδωκε
3532 3897 3651 3969 γάρ

2064 3995 2097 4065 ἡ
2108 3995 2198 4065 μίν
2235 3994 2354 4048 ἀντὶ
2384 3994 2491 4047 τῶν
2518 3993 2767 4066 μεγάλων
2828 3993 3241 4064 ἁμαρτημάτων
3291 3984 3365 4043 ὧν
3397 3989 3650 4062 ἡμάρτοο

2069 4102 2188 4157 μεν,
2241 4085 2605 4157 χρηστότητα,
2656 4084 2825 4150 ἔλεον,
2887 4082 3224 4156 οἱκτιρμούς.
3280 4077 3382 4135 Ὧν
3435 4081 3515 4135 δεῖ
3565 4082 3649 4155 μὴ

2065 4177 2536 4233 ἐπιλανθάνεσθαι.

2141 4267 2253 4321 Τόν
2278 4269 2702 4323 εὺῑλατεύοντα
2741 4265 2968 4334 πάσαις
3006 4265 3136 4331 ταῖς
3185 4265 3461 4335 ἀνομίαις
3500 4278 3643 4317 σου.

2067 4353 2240 4413 Abt-ai
2266 4362 2403 4415 εἰσιν
2436 4362 2494 4415 ai
2537 4361 2663 4432 περὶ
2702 4359 2857 4432 ήμῶν
2899 4357 3284 4421 ἀνταποδόσεις
3316 4357 3410 4410 τοῦ
3456 4354 3593 4408 Θεοῦ
3629 4374 3644 4386 ·

2067 4451 2148 4504 ὅτι
2181 4452 2397 4523 πρῶτον
2438 4451 2538 4523 μὲν
2569 4451 2794 4523 ἱλασμὸν
2820 4449 2981 4521 ἔθηκε
3014 4448 3119 4502 τῶν
3143 4447 3427 4519 ἡμετέρων
3457 4447 3646 4517 ἀμαρ-

2069 4543 2201 4596 τιῶν
2220 4560 2233 4574 υ
2263 4543 2515 4615 δεύτερον
2543 4544 2602 4597 δὲ
2634 4543 2733 4606 τὰς
2757 4541 3030 4612 ἡμετέρας
3074 4539 3359 4603 ἀσθενείας
3405 4539 3598 4592 ἰάσατο
3627 4553 3644 4566 ο

2069 4637 2250 4709 τρίτον
2278 4640 2341 4690 ἐκ
2372 4638 2578 4709 φθορᾶς
2606 4636 2760 4707 ἡμῶν
2803 4635 2900 4706 τὴν
2940 4634 3084 4704 ζωὴν
3128 4630 3493 4703 ἐλυτρώσατο,
3551 4631 3649 4683 ἀν-

2069 4728 2206 4782 ελὼν
2222 4729 2319 4800 τὴν
2337 4727 2632 4799 ἁμαρτίαν,
2658 4727 2914 4798 τέταρτον
2940 4726 3117 4796 οἰκείᾳ
3140 4723 3517 4794 φιλανθρωπίᾳ
3546 4722 3649 4775 καὶ

2070 4820 2208 4888 ἐλέῳ
2254 4821 2350 4873 καὶ
2398 4821 2702 4891 οἰκτιρμοῖς
2745 4818 3023 4890 χρώμενος
3070 4817 3444 4885 ἐστεφάνωσεν
3494 4815 3647 4904 ἡμᾶς

2068 4908 2147 4981 τῷ
2180 4908 2279 4978 τῆς
2319 4908 2589 4971 υἱοθεσίας
2621 4909 2951 4980 χαρίσματι’
2981 4908 3226 4978 πέμπτον
3259 4905 3366 4958 τῶν
3399 4921 3646 4974 πνευμα-

2069 4998 2238 5052 τικῶν
2272 4999 2419 5069 ἡμᾶς
2448 4997 2748 5068 ἐνέπλησεν
2786 4997 3028 5067 ἀγαθῶν,
3080 4997 3268 5051 ἑαυτὸν
3299 4997 3428 5067 ἡμῖν
3477 4995 3646 5065 ἄρτον

2070 5090 2199 5144 ὅντα
2225 5090 2370 5160 ζωῆς
2398 5087 2689 5153 ἐπιδιδούς.
3545 5148 3550 5152 .

2154 5180 2742 5249 Ἀνακαινισθήσεται
2786 5182 2867 5247 ὼς
2921 5177 3099 5235 ἀετοῦ
3146 5179 3185 5246 ἡ
3233 5176 3447 5244 νεότης
3497 5192 3641 5230 σου.

2071 5271 2177 5328 Τοῦ
2233 5272 2369 5327 Θεοῦ
2427 5272 2517 5327 διά
2576 5274 2676 5344 τῆς
2732 5272 3149 5342 παλιγγενεσίας
3203 5266 3645 5332 ἀνακαινίζοντος

2069 5368 2229 5439 ἡμῶν
2278 5368 2353 5432 ὼς
2386 5367 2547 5422 ἀετοῦ
2581 5369 2680 5439 τὴν
2712 5368 2958 5439 νεότητα.
3012 5366 3085 5418 Τὸ
3136 5367 3235 5435 τῆς
3290 5362 3643 5422 ἀναστάσεως

2071 5458 2202 5527 ἡμῖν
2232 5457 2634 5528 κατασημαίνει
2658 5457 2925 5528 χάρισμα.
2965 5456 3128 5525 Ἀετῴ
3165 5454 3221 5507 δὲ
3252 5455 3377 5516 τοὺς
3415 5452 3644 5504 ἀνακαι-

2070 5546 2360 5616 νουμένους
2392 5546 2746 5618 παρείκασεν,
2769 5547 2995 5618 ὀρνίθων
3018 5546 3272 5603 ἁπάντων
3299 5543 3412 5597 δντι
3440 5542 3643 5611 ὑψηλο-

2072 5638 2387 5709 πετεστάτῳ
2418 5640 2512 5692 καὶ
2566 5637 2993 5709 βασιλικωτάτη),
3020 5682 3027 5699 ,
3054 5639 3148 5692 καὶ
3198 5639 3319 5700 ταῖς
3343 5634 3436 5688 τοῦ
3487 5632 3641 5704 ἡλίου

2074 5731 2465 5808 μαρμαρνγαῖς
2494 5731 2640 5801 μόνῳ
2668 5729 2933 5800 λαμπρῶς
2965 5728 3286 5793 ἐνατενίζειν
3318 5726 3623 5804 δεξαμένῳ.
