3778 6276
124 276 228 331 ἇδδ

1304 266 1661 324 ΕΧΡΟΞΙἸΊΟ
1694 266 1759 320 ΙΝ
1799 268 2128 326 PSALMUM
2167 273 2300 328 Clll.

3294 288 3402 344 431,

194 394 420 450 Ποιῶν
461 393 884 463 ἐλεημοσύνας
915 394 948 444 ό
981 392 1194 459 Κύριος
1226 390 1322 443 καὶ
1359 388 1536 458 κρῖμα
1594 385 1716 441 mia

1914 385 1968 440 6.
2013 386 2239 443 Faciens
2282 381 2670 447 misericordias
2716 393 3008 460 Dominus,
3054 405 3103 450 et
3135 381 3400 470 judicium

126 489 250 554 τοῖς
311 486 779 555 ἀδικουμένοις.
835 479 1020 548 Οὗτος,
1053 484 1236 552 φησὶν,
1289 485 1317 535 6
1362 480 1565 552 Κύριος
1603 483 1631 533 6
1660 479 1737 550 τῷ

125 582 298 635 αἰτοῦ
336 582 497 633 ἐλέει
541 580 612 632 τὰ
659 576 1034 649 προειρημένα
1062 577 1192 645 ἡμῖν
1224 574 1608 644 χαρισάμενος,
1639 573 1736 625 αὺ-

124 678 212 738 τὸς
240 679 422 727 ἐστιν
456 676 486 726 6
518 674 614 726 καὶ
670 671 836 724 πάλαι
890 669 1093 721 δίκαιον
1154 671 1327 739 κρῖμα
1373 666 1584 738 κρίνας,
1639 665 1734 719 καὶ

124 768 580 837 λυτρωσάμενος
612 763 672 827 ἐξ
702 761 980 830 Αἰγύπτου
1025 762 1151 822 τοὺς
1179 760 1328 823 υἱοὺς
1372 759 1608 830 Ἰσραὴλ,
1640 757 1733 811 καὶ

124 860 246 921 ἔκταξις
281 858 376 927 τῷ
428 874 489 908 τε
545 856 748 925 Μωῦσῇ
781 854 874 906 καὶ
921 851 1083 904 παντὶ
1119 849 1196 921 τῷ
1229 849 1342 920 λαῴ
1396 849 1596 918 γνῶσιν
1626 849 1732 900 τῶν

127 949 297 1002 αέα-εοιί
333 945 613 1001 ἐντολῶν.

199 1041 565 1108 οἰκτίρμων
593 1038 689 1090 καὶ
720 1035 982 1104 ἐλεήμων
1017 1037 1049 1088 o'
1098 1035 1327 1100 Κύριος.
1384 1032 1568 1085 Ταῦτα
1622 1030 1731 1101 γὰρ

126 1139 218 1186 καὶ
249 1135 366 1202 τῆς
398 1131 662 1200 τοιαύτης
697 1128 1013 1198 εὐεργεσίας
1049 1127 1141 1180 καὶ
1169 1125 1335 1179 πάλαι
1375 1124 1471 1178 καὶ
1517 1123 1612 1177 νῦν
1639 1123 1731 1191 γέ-

127 1244 288 1294 γονεν
319 1225 506 1289 αἰτία,
533 1225 799 1293 φήσαντος
820 1221 1211 1282 καὶεΜωῦσέως
1233 1237 1245 1248 ν
1276 1218 1492 1286 Κύριος
1511 1217 1730 1286 itapr-

129 1324 345 1385 θύμος.
411 1315 516 1369 καὶ
571 1313 906 1377 πολυὲλεος
936 1351 951 1372 ,
1013 1311 1110 1364 καὶ
1165 1309 1502 1378 ἀληθινός·
1543 1306 1728 1360 ποιῶν

127 1411 308 1473 ἔλεος
335 1410 435 1472 εὶς
465 1405 763 1476 χιλιάδας.
801 1403 1014 1468 Ταύτας
1039 1398 1130 1457 οὖν
1157 1401 1319 1456 αὐτοῦ
1343 1401 1442 1466 τὰς
1470 1399 1726 1470 δυνάμεις

132 1499 413 1570 ἐγνώρισε
455 1498 536 1568 τῷ
589 1499 796 1567 Μωῦσῇ
822 1539 837 1562 ,
894 1495 1190 1568 λεγομένας
1240 1495 1431 1557 ὁδοὺς,
1486 1491 1581 1545 καὶ
1630 1491 1726 1553 τὰς

132 1594 342 1662 ἀρετὰς
378 1589 510 1642 καθ’
540 1588 609 1652 ἃς
639 1587 707 1640 τὰ
732 1590 906 1642 πάντα
933 1588 1125 1641 διέπει.
1164 1587 1285 1640 Οὐκ
1316 1587 1403 1650 εις
1429 1582 1602 1647 τέλος
1631 1582 1721 1648 ὀρ-

130 1682 530 1750 τισθήσεται.
547 1681 612 1732 Ei
638 1680 730 1733 καὶ
753 1679 1019 1749 ὠργίσθη,
1043 1677 1198 1747 φησὶ,
1229 1675 1316 1729 διὰ
1332 1676 1429 1747 τὴν
1458 1678 1515 1728 ἐν
1552 1673 1722 1743 Ἀδὰμ

1842 480 2080 534 omnibus
2105 481 2356 550 injuriam
2393 486 2728 554 patientibus.
2758 486 2859 544 Hic
2891 489 3176 558 Dominus,
3205 496 3399 564 inquit,

1840 571 1934 640 qui
1980 587 2079 627 sua
2126 576 2498 632 misericordia
2542 594 2664 648 qua
2707 580 2852 635 dicta
2895 592 3021 638 sunt
3049 584 3196 640 dedit
3223 587 3400 653 nobis,

1839 659 1957 728 ipse
1988 672 2072 716 est
2103 665 2194 735 qui
2226 666 2353 720 olim
2391 667 2597 736 justum
2627 669 2892 738 judicium
2925 673 3064 739 tulit,
3101 684 3152 729 et
3177 677 3406 734 redemit

1839 768 1905 806 ex
1934 752 2167 826 Egypto
2206 757 2345 812 ﬁlios
2389 758 2570 823 Israel,
2606 777 2670 816 ac
2702 760 2872 832 Moysi
2911 752 3174 837 omnique
3201 772 3418 840 populo.

1839 844 1990 900 dedit
2020 847 2269 902 notitiam
2302 853 2679 907 mandatorum
2712 871 2957 911 suorum.

1913 1022 1966 1090 7,
2000 1024 2054 1079 8.
2098 1025 2382 1084 Miseralor
2413 1040 2461 1085 et
2501 1035 2800 1092 misericors
2825 1038 3102 1109 Dominus,
3139 1053 3244 1100 etc.
3274 1045 3400 1103 Haac

1835 1116 2148 1186 lrujusmodi
2201 1122 2448 1180 beneﬁcii
2492 1137 2547 1182 et
2570 1129 2698 1183 olim
2743 1140 2809 1186 et-
2838 1148 2984 1189 nunc
3032 1151 3197 1192 causa
3223 1138 3398 1203 fuere,

1833 1205 2044 1262 dicente
2069 1208 2252 1280 Moyse
2281 1231 2293 1266 :
2328 1212 2587 1270 Dominus
2615 1219 2951 1289 longanimis,
2983 1226 3164 1280 multa
3192 1229 3401 1289 miseriv

1834 1298 2029 1352 cordia:
2056 1310 2106 1354 et
2142 1319 2329 1370 uerax;
2360 1307 2558 1376 faciens
2596 1313 3012 1370 misericordiam
3045 1320 3096 1371 in
3131 1321 3302 1375 millia
3326 1323 3394 1378 ⁸³.

1833 1385 1942 1444 Has
1968 1391 2132 1461 igitur
2165 1395 2566 1456 misericordias
2587 1418 2716 1458 suas
2737 1415 2891 1460 notas
2915 1407 3042 1463 fecit
3063 1408 3254 1481 Moysi,
3277 1430 3400 1484 qua

1830 1491 2093 1536 vocantur
2125 1485 2226 1539 via:
2248 1493 2302 1540 et
2329 1488 2556 1546 virtutes
2584 1494 2783 1563 quibus
2813 1498 2992 1552 omnia
3032 1502 3394 1562 administrat.

1832 1567 1954 1624 Non
1977 1572 2034 1624 in
2054 1585 2356 1643 perpetuum
2393 1580 2672 1637 irascetur.
2705 1583 2958 1653 Etiamsi,
2987 1589 3207 1661 inquit;
3223 1594 3397 1653 iratus

1829 1670 1912 1714 est
1939 1663 2008 1717 ob
2034 1665 2226 1720 Adami
2271 1673 2799 1744 prazvaricationem,
2844 1689 2895 1734 et
2940 1695 3110 1749 genus
3149 1694 3397 1742 nostrum

128 1773 484 1847 πράξασιν,
521 1772 618 1826 καὶ
651 1773 974 1826 κατεδίκασε
1025 1769 1237 1841 θανάτῳ
1266 1769 1326 1820 τὸ
1351 1767 1510 1838 γένος¹
1538 1785 1552 1797 ·
1607 1765 1716 1818 ἀλλ’

1834 1761 2001 1807 morte
2045 1754 2357 1824 damnavit;
2383 1760 2477 1814 sed
2506 1777 2618 1817 non
2649 1780 2822 1834 usque
2864 1767 2918 1820 in
2946 1767 3108 1822 ﬁnem
3144 1773 3395 1828 extendet

127 1869 226 1920 οὒκ
259 1867 513 1920 ἐκτείνει
538 1868 618 1927 εἰς
642 1865 798 1928 τέλος
827 1865 923 1935 τὴν
952 1865 1119 1935 ὀργήν
1139 1881 1151 1894 ⁸
1178 1862 1459 1932 ἐπέλαμψε
1496 1859 1602 1931 γὰρ
1634 1862 1719 1912 ἐπ’

125 1961 385 2030 ἐσχάτων
419 1958 533 2011 τῶν
558 1957 762 2027 χρόνων
792 1957 871 2019 είς
900 1955 1156 2026 ἀθέτησιν
1185 1955 1282 2024 τῆς
1307 1952 1532 2022 φθορᾶς.

195 2053 338 2103 ὀτι
397 2047 593 2114 αὐτὸς
631 2047 785 2117 ἔγνω
848 2045 914 2099 τὸ
969 2044 1219 2113 πλάσμα
1247 2043 1434 2112 ἡμῶν.
1482 2043 1569 2106 Ὡς
1612 2043 1720 2114 γὰρ

127 2145 258 2197 ἴδιον
295 2144 541 2213 πλάσμα
573 2142 667 2194 καὶ
694 2140 830 2210 ἔργα
854 2139 958 2192 τῶν
986 2138 1184 2209 χειρῶν
1220 2135 1381 2190 αὑτοῦ
1426 2136 1724 2206 κατῳκτεί-

161 2252 322 2306 ησεν.

129 2253 264 2382 Ρηὶύ
277 2254 366 2380 ’ἑὲ
395 2329 580 2390 ἕλεος
604 2324 829 2393 Κυρίου
850 2321 967 2377 ἀπὸ
989 2322 1094 2376 τοῦ
1117 2321 1352 2388 αἰῶνος.
1381 2323 1599 2392 Ὅμοιον
1625 2322 1684 2374 τό
1699 2340 1720 2351 ⁸·

126 2421 236 2472 Καὶ
283 2417 490 2472 ποιῶν
534 2417 710 2482 ἕλεος
751 2419 838 2482 εὶς
869 2414 1143 2485 χιλιάδας
1175 2415 1299 2482 τοῖς
1326 2414 1718 2485 φοϐουμένοις

120 2528 216 2577 με.

191 2602 310 2656 Καὶ
348 2603 387 2670 ἡ
428 2599 788 2666 δικαιοσύνη
828 2598 1014 2652 αὐτοῦ
1044 2598 1142 2652 ἐπὶ
1190 2598 1360 2664 υἱοὺς
1411 2596 1557 2652 υἱῶν
1592 2597 1716 2664 τοῖς

125 2694 545 2760 φυλάσσουσι
572 2691 686 2760 τὴν
717 2689 1010 2758 διαθήκην
1031 2691 1236 2744 αὐτοῦ.
1276 2691 1462 2758 ’Ἄγιος
1483 2690 1589 2762 γὰρ
1617 2691 1712 2755 ὢν,

125 2787 182 2837 ἐν
214 2785 406 2852 ἁγίοις
438 2784 800 2847 ἀναπαύεται,
830 2785 949 2846 ταῖς
997 2781 1310 2850 ἀγγελικαῖς
1336 2782 1575 2854 δηλονότι
1621 2782 1712 2834 δυ-

127 2876 390 2946 νάμεσιν.

193 2969 429 3034 Κύριος
459 2967 532 3018 ἐν
569 2965 646 3031 τῷ
668 2966 902 3034 οὐρανῷ
932 2965 1220 3036 ἡτοίμασε
1249 2965 1348 3020 τὸν
1377 2969 1594 3035 θρόνον
1611 2968 1714 3020 αὺ-

129 3058 256 3114 τοῦ.
304 3058 752 3112 Ἐπαναπαύεται
809 3060 925 3130 μὲν,
958 3058 1112 3130 φησὶ,
1155 3061 1267 3122 τοῖς
1317 3058 1428 3112 ἄνω
1466 3058 1711 3128 πνεύμα-
1742 3098 1785 3156 c

132 3168 212 3204 σιν
235 3170 250 3182 ο
287 3154 350 3205 οὐ
413 3153 524 3222 μὴν
554 3151 672 3204 οὐδὲ
701 3151 770 3204 τὰ
811 3152 902 3204 ἐπὶ
949 3152 1072 3222 γῆς·
1098 3152 1199 3224 τῆς
1229 3150 1392 3205 αὑτοῦ
1445 3151 1716 3222 βασιλείας

130 3243 471 3313 ἁξέστηκεν.
521 3242 693 3306 Αὐτὸς
744 3243 850 3312 γάρ
893 3246 1038 3296 ἐστιν
1079 3244 1106 3296 6
1136 3243 1566 3310 κατεξουσιάςων
1607 3243 1716 3297 τῶν

130 3335 269 3388 ὅλων
305 3335 386 3398 ὡς
422 3333 578 3396 Θεός.
605 3335 714 3388 Καὶ
747 3336 786 3402 ή
805 3335 1096 3398 ,βασιλεία
1133 3337 1318 3390 αὐτοῦ
1346 3334 1586 3388 πάντων
1618 3336 1715 3388 δε-

131 3427 361 3486 σπόζει.
425 3425 722 3490 Δεσπόζειν
757 3425 812 3479 δὲ
846 3427 1093 3495 πάντων,
1143 3428 1256 3480 ἀλλ’
1302 3428 1362 3480 οὐ
1414 3427 1715 3499 βασιλεύειν

135 3518 378 3589 εἴρηται,
422 3518 548 3570 ἐπεὶ
585 3518 659 3589 μὴ
692 3517 892 3581 πάντες
926 3519 1065 3582 ἄξιοι
1099 3519 1195 3588 τῆς
1224 3519 1387 3572 αὑτοῦ
1419 3518 1710 3589 βασιλείας.

133 3612 224 3664 Διὸ
265 3615 384 3675 τοῖς
435 3611 531 3664 τὸν
563 3610 912 3679 εύαγγελικον
940 3611 1262 3684 κατορθοῦσι
1308 3611 1419 3680 βίον
1474 3610 1570 3681 τὴν
1608 3611 1714 3663 τῶν

135 3704 384 3774 οὑρωδῶν
412 3702 694 3773 βασιλείαν
722 3705 750 3756 6
783 3703 971 3774 Σωτὴρ
994 3703 1376 3774 ἐπηγγείλατο.
1411 3705 1618 3774 Κρατεῖ
1658 3703 1715 3755 δὲ

136 3796 228 3849 καὶ
254 3795 366 3848 τῶν
397 3792 568 3857 ἀξίων
601 3796 629 3846 6
659 3795 878 3866 Κύριος.

195 3886 530 3956 Εὐλοτεῖτε
579 3887 686 3939 τὸν
727 3889 942 3955 Κύριον
972 3886 1193 3953 πάντες
1227 3891 1280 3940 οἱ
1335 3886 1574 3956 ἄγγελοι
1610 3891 1715 3941 αύ-

135 3980 257 4033 τοῦ.
292 3978 557 4031 Διδάσκει
585 3978 672 4030 τὸν
707 3979 993 4048 προσιόντα
1046 3982 1109 4050 τῇ
1158 3981 1337 4032 πίστει
1380 3981 1526 4043 λαὸν,
1574 3981 1648 4043 ὡς
1686 3984 1714 4033 6

136 4072 222 4124 τὸν
282 4070 462 4140 ὕμνον
509 4069 844 4140 ἐπιτηδεύων
876 4069 935 4122 τὸ
969 4070 1099 4124 αὐτὸ
1144 4074 1254 4134 τοῖς
1300 4072 1552 4140 ἀγγέλοις
1604 4073 1713 4136 ἕξει

137 4161 379 4230 ἀξίωμα.
414 4161 484 4212 Et
511 4160 620 4230 γὰρ
654 4160 791 4230 αὕτη
835 4160 1058 4213 ἐκείνων
1091 4162 1124 4230 ἡ
1158 4162 1490 4231 λειτουργία,
1523 4163 1582 4215 τὸ
1625 4165 1713 4215 ai-

136 4256 243 4305 νεῖν
269 4254 370 4305 καὶ
395 4250 645 4314 δοξάζειν
689 4253 780 4305 τὸν
807 4251 936 4305 Θεὸν
962 4269 975 4283 ο
1006 4253 1136 4306 αὐτὸ
1166 4254 1220 4306 δὲ
1257 4254 1414 4307 τοῦτο
1442 4256 1714 4326 προστάτ-

136 4361 286 4396 τεται
319 4346 500 4396 ποιεῖν
535 4345 568 4413 ἡ
615 4343 780 4414 ψυχὴ,
813 4344 898 4397 ἀεὶ
943 4345 1007 4416 δὴ
1052 4344 1221 4413 λέγων
1272 4345 1364 4398 καὶ
1396 4345 1710 4414 δοξολογεῖν,

1827 1850 1963 1902 iram
1993 1865 2150 1904 suam
2183 1871 2194 1905 :
2227 1851 2403 1908 illuxit
2443 1856 2587 1910 enim
2621 1857 2677 1911 in
2709 1857 3027 1916 novissimis
3057 1864 3394 1934 temporibus

1825 1941 1891 1995 ad
1923 1942 2345 2000 destructionem
2373 1951 2760 2020 corruptionis.

1877 2028 1962 2082 M.
1998 2029 2261 2094 Quoniam
2293 2035 2400 2104 ipse
2430 2041 2666 2108 cognovit
2701 2041 3007 2110 figmentum
3036 2055 3296 2101 nostrum.
3321 2045 3393 2104 Ut

1824 2117 2139 2188 ﬁgmentum
2166 2139 2324 2178 suum
2359 2135 2412 2181 et
2440 2143 2603 2198 Opera
2633 2146 2891 2186 manuum
2917 2150 3140 2191 suarum
3166 2151 3265 2193 nos
3289 2138 3392 2192 mi-

1825 2219 2037 2267 seratus
2065 2222 2166 2267 est.

1894 2303 1980 2356 17.
2015 2303 2381 2362 Misericordia
2409 2320 2584 2365 autem
2616 2312 2832 2369 Domini
2856 2317 2920 2370 ab
2950 2326 3164 2373 interno.
3200 2318 3389 2379 Simile

1821 2403 1904 2449 est
1932 2396 2065 2451 illud
2093 2416 2107 2452 :
2135 2397 2202 2452 Et
2231 2401 2430 2470 faciens
2463 2405 2877 2462 misericordiam
2919 2411 2973 2463 in
2997 2411 3168 2466 millia
3195 2414 3385 2468 timen-

1823 2484 1959 2536 tibus
1989 2503 2089 2542 me.

1896 2574 1984 2632 18.
2016 2576 2085 2631 Ει
2122 2578 2340 2648 justitia
2384 2582 2532 2638 illius
2577 2587 2633 2638 in
2677 2585 2816 2654 ﬁlios
2864 2589 3131 2657 ﬁliorum,
3176 2593 3256 2647 his
3296 2609 3385 2662 qus

1821 2676 2029 2722 servant
2083 2678 2448 2726 testamentum
2502 2674 2637 2743 ejus.
2671 2674 2903 2736 Sanctus
2950 2682 3095 2736 enim
3137 2697 3260 2738 cum
3291 2686 3383 2752 sit,

1821 2760 1874 2814 in
1926 2762 2130 2817 sanctis
2176 2765 2487 2834 requiescit,
2525 2767 2580 2821 in
2614 2770 2874 2840 angelicis
2913 2773 3164 2830 videlicet
3214 2778 3387 2834 virtu~

1822 2852 1984 2908 tibus.

1889 2946 1976 3001 19.
2004 2945 2255 3000 Dominus
2289 2948 2343 3000 in
2371 2947 2498 3002 calo
2519 2953 2724 3019 paravit
2750 2953 2924 3008 sedem
2948 2972 3122 3011 suam.
3157 2957 3388 3029 Requie-

1819 3038 1940 3105 scit,
1968 3038 2172 3108 inquit,
2208 3039 2264 3094 in
2296 3041 2605 3098 coelestibus
2636 3044 2915 3113 spiritibus
2943 3066 2957 3102 :
2998 3063 3170 3119 neque
3201 3058 3380 3107 tamen

1819 3138 2032 3186 terrena
2067 3131 2135 3186 ab
2163 3132 2282 3203 ejus
2305 3149 2472 3204 regno
2495 3145 2621 3191 sunt
2641 3137 2848 3193 avulsa.
2874 3137 2992 3208 lpse
3018 3142 3160 3196 enim
3186 3151 3268 3198 est
3286 3145 3379 3214 qui

1817 3232 2002 3293 utpote
2025 3224 2170 3281 Deus
2197 3228 2442 3282 omnium
2485 3229 2816 3286 dominatur.
2853 3231 2924 3285 Et
2962 3250 3174 3304 regnum
3216 3237 3383 3305 ipsius

1817 3316 2054 3370 omnibus
2079 3317 2459 3374 dominabitur.
2483 3317 2756 3375 Dominari
2787 3323 3063 3390 omnibus,
3089 3335 3144 3379 at
3166 3340 3273 3380 non
3297 3341 3383 3381 re-

1817 3423 2002 3478 gnare,
2027 3409 2231 3463 dictum
2261 3419 2362 3476 est,
2390 3412 2827 3481 quandoquidem
2862 3430 2968 3470 non
3000 3431 3190 3474 omnes
3216 3434 3382 3489 regno

1815 3500 1934 3569 ejus
1976 3498 2126 3569 digni
2177 3509 2324 3554 sunt.
2371 3499 2711 3572 Quapropter
2754 3507 2822 3561 iis
2877 3508 2970 3576 qui
3015 3507 3377 3577 evangelicum

1815 3598 1983 3661 agunt
2026 3592 2213 3656 vitam,
2250 3607 2475 3661 regnum
2511 3595 2775 3650 ccelorum
2815 3596 3066 3652 Salvator
3105 3599 3381 3668 pollicitus

1814 3691 1918 3737 est.
1946 3680 2178 3752 Imperat
2203 3692 2383 3738 autem
2410 3683 2673 3742 Dominus
2700 3688 2767 3742 iis
2792 3689 2884 3758 qui
2914 3689 3062 3759 digni
3090 3699 3236 3744 sunt.

1880 3861 1969 3914 20.
2009 3861 2306 3917 Benedicite
2350 3865 2598 3930 Domino,
2627 3884 2800 3923 omnes
2848 3870 3020 3939 angeli
3047 3868 3182 3938 ejus.
3214 3868 3403 3924 Docet-

1815 3953 2072 4020 populum
2099 3955 2190 4023 qui
2225 3957 2430 4010 accedit
2461 3957 2526 4011 ad
2563 3957 2743 4025 ﬁdem,
2771 3975 2894 4014 eum
2925 3961 3016 4029 qui
3049 3961 3265 4031 hymnis
3282 3975 3380 4014 va-

1817 4052 1935 4108 cat,
1970 4047 2214 4101 eamdem
2265 4064 2427 4118 quam
2471 4051 2642 4121 angeli
2685 4053 2999 4120 dignitatem
3046 4053 3402 4109 habiturum-

1815 4133 1949 4190 Nam
1979 4138 2025 4191 si
2060 4140 2166 4194 hoc
2195 4154 2386 4195 eorum
2431 4143 2793 4198 ministerium
2819 4153 2921 4208 est,
2957 4145 3181 4201 laudare
3209 4155 3380 4200 etce-

1815 4229 2027 4286 lebrare
2053 4231 2248 4298 Deum,
2282 4244 2336 4289 et
2365 4235 2466 4291 hoc
2495 4237 2671 4307 ipsum
2706 4242 2885 4292 anima
2916 4238 3094 4292 facere
3119 4239 3378 4308 jubetur;

1817 4336 1941 4376 cum
1968 4324 2055 4378 illa
2085 4325 2389 4394 gloriﬁcare
2429 4343 2644 4397 semper
2671 4328 2838 4383 Deum
2877 4329 3115 4394 dicatur,
3159 4329 3380 4384 manife-

137 4435 382 4506 δηλονότι
416 4437 519 4506 τῆς
568 4435 736 4505 αὐτῆς
782 4435 938 4500 ἀξίας
984 4440 1185 4506 τυχεῖν.
1238 4429 1336 4489 Ὧν
1379 4437 1488 4507 γὰρ
1529 4439 1714 4509 ἐπιτή-

1834 4423 1961 4471 itum
1983 4425 2064 4471 est
2085 4420 2330 4472 eamdem
2347 4421 2606 4489 consequi
2629 4419 2966 4489 dignitatem.
2990 4419 3123 4476 Nam
3146 4438 3378 4492 quorum

139 4529 311 4600 δευμα
343 4530 406 4581 τὸ
438 4528 593 4592 αὐτὸ,
623 4527 826 4581 τούτων
846 4529 938 4582 καὶ
961 4528 1020 4582 τὸ
1047 4529 1260 4600 ἀξίωμα
1285 4529 1346 4581 τὸ
1371 4529 1522 4582 αὑτό.

206 4622 538 4691 Εὐλογεῖτε
585 4621 692 4675 τὸν
723 4623 938 4690 Κύριον
979 4621 1166 4678 πᾶσαι
1206 4625 1266 4676 αἱ
1290 4621 1573 4690 δυνάμεις
1605 4624 1712 4674 αὑ-

141 4713 265 4766 τοῦ.
327 4714 404 4765 Ut)
447 4712 605 4781 μόνον
661 4712 879 4780 ἄγγελοι
931 4714 1010 4776 είς
1058 4713 1150 4766 τὸν
1206 4709 1354 4767 αἶνον
1402 4712 1711 4778 καλοῦνται,

141 4803 275 4857 ἀλλὰ
309 4803 407 4857 καὶ
453 4804 508 4855 εί
545 4820 597 4856 τι
638 4804 820 4875 ἕτερόν
873 4805 1020 4856 ἐστιν
1069 4805 1314 4877 οὐράνιον
1345 4805 1551 4874 τάγμα,
1603 4805 1712 4858 εἴτε

143 4895 344 4966 θρόνοι,
379 4896 492 4948 εἴτε
516 4895 701 4966 ἀρχαὶ,
734 4895 842 4948 εἴτε
895 4894 1154 4961 ἐξουσίαι,
1202 4897 1312 4950 εἴτε
1371 4897 1710 4968 κυριότητες.

142 4989 325 5041 Ταῦτα
348 4988 408 5040 δὲ
444 4988 624 5040 πάντα
651 4987 720 5041 τὰ
748 4989 1002 5059 τάγματα
1031 4987 1118 5043 διὰ
1149 4989 1258 5042 τῶν
1280 4990 1558 5060 δυνάμεων
1583 4991 1725 5062 ἡμῖν

146 5082 348 5150 κατεσή
357 5096 551 5150 μανεν.

287 5191 402 5247 Τοῦ
423 5191 608 5246 Δαυῒὸ
627 5191 724 5245 ἐπὶ
748 5192 856 5261 τῆς
875 5194 982 5248 τοῦ
1004 5195 1233 5264 κόσμου
1264 5195 1570 5266 γενέσεως.

386 5284 807 5354 ’Δνεπίγραερος
840 5287 976 5354 παρ’
1009 5287 1312 5355 Ἑϐραίοις.
1350 5291 1479 5342 PI”.

787 5379 1104 5444 Ὑπόθεσις.

152 5488 370 5555 Διδάξας
397 5490 487 5543 διὰ
510 5490 607 5542 τοῦ
628 5490 987 5560 προλαϐόντος
1007 5491 1218 5564 ψαλμοῦ
1258 5493 1349 5548 τὸν
1384 5493 1712 5565 προελθόντα

219 5664 263 5696 ⁸⁸
295 5665 472 5721 Ετοά.
501 5684 692 5736 xxxrv,
723 5669 776 5725 6.

1817 4507 1958 4562 idem
1988 4508 2244 4574 oﬁicium,
2271 4511 2456 4563 eadem
2492 4521 2545 4565 et
2571 4511 2822 4581 dignitas.

1879 4600 1969 4654 21.
1996 4599 2292 4654 Benedicite
2340 4603 2582 4667 Domino,
2615 4619 2789 4657 omnes
2838 4606 3054 4660 virtutes
3095 4607 3226 4675 ejus.
3258 4605 3376 4660 Non

1814 4694 1992 4748 solum
2031 4693 2203 4762 angeli
2241 4693 2307 4748 ad
2357 4694 2570 4749 laudem
2621 4705 2912 4763 vocantur,
2952 4714 3138 4754 verum
3174 4699 3219 4752 si
3256 4700 3377 4768 quis

1815 4785 1956 4841 alius
1983 4786 2066 4840 est
2095 4785 2333 4841 cmlestis
2364 4787 2517 4852 ordo,
2554 4789 2668 4844 sive
2715 4791 2930 4859 throni,
2961 4791 3073 4847 sive
3104 4793 3376 4861 principa-

1813 4889 1923 4944 tus,
1947 4879 2060 4934 sive
2088 4888 2413 4948 potestates,
2436 4883 2550 4937 sive
2596 4884 3011 4939 dominationes.
3063 4883 3172 4938 Hos
3218 4884 3360 4937 nimi.

1814 4987 1934 5025 rum
1980 4971 2198 5026 ordines
2231 4987 2421 5029 omnes
2447 4990 2544 5043 per
2573 4977 2798 5032 virtutes
2847 4977 3001 5032 nobis
3032 4976 3355 5044 signiﬁcavit

1816 5192 1866 5248 1..
1905 5190 2124 5247 Dauidis
2153 5193 2217 5247 de
2249 5193 2431 5248 mundi
2468 5203 2608 5250 ortu.
2641 5191 2796 5248 Caret
2845 5192 3183 5259 inscriptione
3229 5191 3368 5260 apud

2367 5284 2635 5340 Ilebrwos.
2668 5283 2829 5338 CIII.

2396 5380 2798 5447 Argumentum.

1814 5490 2106 5566 Postquam
2137 5493 2191 5550 in
2221 5491 2542 5566 praecedenti
2572 5491 2783 5562 psalmo
2811 5489 3069 5561 populum
3098 5491 3190 5562 qui
3218 5503 3355 5543 nam.
