3778 6276
370 275 478 332 ιδε

1218 267 1276 322 3.
1316 264 1687 323 ATHANASII
1722 266 1873 324 OPP.
1918 266 2099 323 PARS
2134 264 2218 322 Ill.
2265 296 2329 307 --
2368 260 2768 320 EXEGETICA

3498 255 3626 313 £36

433 382 515 437 dit
538 382 607 437 ad
630 378 789 438 ﬁdem
811 380 999 437 docuit
1017 381 1248 452 hymnos
1270 379 1465 435 oﬁ‘erre
1489 378 1636 447 Deo;
1665 380 1751 435 his
1775 381 1933 437 docet
1959 388 1997 443 Α

2105 380 2172 448 τῇ
2208 376 2388 431 πίστει
2417 375 2548 428 λαὸν
2571 372 2698 435 τοὺς
2744 369 2946 440 ὕμνους
2988 349 3283 436 ἀναφερειν
3326 361 3406 435 τῷ
3459 363 3621 434 Θεῷ,

432 483 488 528 et
514 473 752 528 declarat
794 481 998 542 quanta
1026 470 1098 525 sit
1141 484 1231 525 res
1263 469 1386 538 ejus
1420 484 1547 540 erga
1576 483 1769 525 omnes
1798 481 1951 540 pro-’

431 566 697 621 videntia.
727 565 867 630 Quia
894 578 1003 618 non
1025 561 1189 617 modo
1235 561 1541 616 caelestium
1577 569 1631 615 et
1657 559 1932 617 aeriorum

429 662 827 734 providentiam
875 660 1045 730 gerit,
1093 658 1187 714 sed
1244 658 1408 713 etiam
1455 666 1794 713 terrenorum
1843 659 1931 714 vel

428 754 868 810 tenuiSsimorum
886 769 900 817 ;
918 751 989 805 ita
1007 759 1066 805 ut
1086 764 1153 805 ne
1167 748 1428 803 vilissima
1440 747 1657 818 quidem
1679 749 1933 804 animalia

437 843 688 915 negligat,
719 842 813 898 sed
844 841 1008 897 etiam
1036 853 1228 896 eorum
1258 853 1445 895 curam
1476 848 1649 910 gerat.

409 995 677 1085 'Benedie,
702 1020 882 1073 anima
915 1033 1054 1083 mea,
1088 1015 1335 1070 Domino.
1364 1013 1535 1071 Docet
1558 1013 1796 1070 animam
1822 1014 1933 1071 Deo

361 1110 432 1165 ob
462 1124 715 1179 magnam
746 1108 1141 1179 providentiam
1176 1108 1298 1179 ejus
1331 1107 1668 1172 benedicere,
1702 1107 1846 1162 sicut
1876 1108 1934 1161 in

360 1205 684 1273 prrecedentr
719 1204 787 1260 de
834 1204 1153 1260 liberatione
1184 1219 1215 1258 a
1241 1203 1499 1274 peccatis.
1530 1202 1750 1257 Domine
1790 1201 1933 1257 Deus

362 1312 528 1362 meus,
569 1297 943 1366 magniﬁcatus
979 1313 1033 1350 es
1086 1294 1419 1351 vehementer.
1449 1293 1531 1349 Ad
1566 1306 1714 1349 tuam
1753 1295 1935 1364 provi-

362 1387 598 1443 dentiam
627 1387 998 1457 respicientes,
1030 1402 1065 1442 o
1093 1386 1342 1450 Domine,
1371 1386 1618 1456 ejusdem
1654 1387 1937 1456 providen-

362 1477 454 1533 tiae
472 1486 578 1531 tua:
599 1478 970 1546 praestantiam
990 1476 1404 1545 magniﬁcamus
1426 1485 1646 1545 stupore
1675 1476 1931 1545 perculsi-

362 1568 442 1623 lta
461 1569 605 1622 enim
640 1577 881 1623 nostram
917 1566 1313 1623 confessionem
1373 1578 1427 1623 et
1457 1566 1727 1634 decorem,
1766 1567 1822 1623 id
1855 1578 1941 1625 est

363 1659 579 1714 laudem
610 1674 736 1713 eum
758 1656 1156 1729 gloriﬁcatione
1200 1657 1379 1713 induit
1405 1672 1504 1712 ceu
1536 1656 1810 1729 quoddam
1840 1672 1936 1713 ve-

364 1749 702 1805 stimentum.

431 1841 489 1897 9..
525 1842 765 1895 Amictus
808 1841 1005 1896 lumine
1046 1842 1183 1895 sicut
1223 1841 1547 1895 uestimento.
1590 1840 1636 1893 Α
1665 1838 1934 1910 spirituali

361 1930 569 1985 lumine
618 1931 878 2001 hymnum
926 1931 1140 1985 orditur
1186 1930 1311 2001 ipsi.
1353 1928 1424 1985 Ut
1462 1939 1642 1985 autem
1679 1928 1787 1983 alio
1815 1928 1936 1983 loco

2103 469 2189 522 διὰ
2216 468 2325 521 τῶν
2356 472 2638 540 παρόντων
2673 462 2933 526 διδάσκει,
2965 458 3060 514 καὶ
3084 459 3183 530 τῆς
3199 456 3355 513 Ἳιατά
3385 456 3627 511 πάντων

2106 560 2363 631 προνοίας
2388 556 2550 613 αὐτοῦ
2576 558 2700 609 ὅσον
2740 554 2802 607 τὸ
2837 553 3028 624 χρῆμα
3058 550 3352 605 δείκνυσιν.
3384 549 3511 603 Ὅτι
3548 549 3621 602 οὐ

2108 652 2269 724 μόνον
2316 651 2423 705 τῶν
2466 646 2801 719 ἐπουρανίων
2829 646 2925 699 καὶ
2970 643 3169 715 ἀερίων
3208 642 3416 695 τίθεται
3472 640 3620 713 πρό-

2101 760 2270 810 νοιαν,
2300 742 2437 796 ἀλλά
2463 742 2571 811 γάρ
2597 740 2690 794 καὶ
2716 739 2825 793 τῶν
2854 737 3112 805 ὲπιγείων
3148 738 3240 790 καὶ
3273 734 3382 789 τῶν
3410 736 3469 788 ὲν
3504 735 3617 787 αὐ-

2107 840 2218 901 τοῖς
2244 834 2622 907 σμικροτάτων
2651 850 2665 863 ·
2698 831 2774 895 ὡς
2810 830 2945 902 μηδὲ
2965 829 3072 882 τῶν
3098 828 3238 881 πάνυ
3286 826 3617 880 εὐτελεστά-

2104 945 2213 983 των
2257 925 2412 991 ζώων
2462 924 2705 996 ἀμελεῖν,
2736 922 2872 975 ἀλλά
2897 920 2990 973 καὶ
3008 918 3215 972 τούτων
3248 921 3518 990 προνοεῖν.

2099 1020 2370 1088 Εὐλιόγει,
2396 1018 2435 1085 ἡ
2461 1014 2631 1086 ψυχή
2657 1031 2797 1083 μου,
2828 1012 2935 1067 τὸν
2959 1012 3198 1080 Κύριον.
3233 1010 3482 1065 Διδάσκει
3509 1011 3620 1064 καὶ

2033 1108 2126 1162 ἐπὶ
2149 1110 2214 1179 τῇ
2252 1106 2463 1180 μεγάλῃ
2494 1104 2719 1179 προνοίᾳ
2746 1103 2842 1156 τοῦ
2887 1101 3022 1156 Θεοῦ
3065 1101 3304 1170 εὐλογεῖν
3336 1103 3400 1171 τῇ
3456 1100 3613 1172 ψυχῇ

2033 1200 2122 1253 τὸν
2144 1198 2296 1264 Θεὸν,
2332 1197 2520 1267 ὥσπερ
2566 1195 2661 1249 καὶ
2687 1194 2778 1247 ἐπὶ
2808 1192 2887 1264 τῷ
2924 1191 3247 1265 προλαὸόντι
3274 1191 3365 1243 ἐπὶ
3386 1194 3453 1263 τῇ
3495 1192 3618 1245 τῶν

2041 1290 2456 1362 ἁμαρτημάτων
2494 1287 2805 1357 ἀπαλλαγῇ.
2853 1287 3030 1353 Κύριε
3057 1287 3091 1339 ό
3142 1285 3286 1349 Θεός
3303 1300 3442 1353 μου,
3471 1284 3617 1355 ἐμε-

2034 1385 2337 1454 ταλύνθης
2367 1380 2622 1450 σφόδρα.
2662 1377 2995 1448 Ἀφορῶντες
3018 1377 3098 1439 είς
3133 1375 3233 1446 τὴν
3266 1374 3365 1445 σὴν
3391 1373 3619 1446 πρόνοι-

2035 1494 2124 1540 αν,
2164 1470 2210 1529 ὧ
2241 1475 2508 1538 Δέσποτα,
2561 1471 2931 1544 μεγαλύνομεν
2976 1470 3074 1540 τῆς
3104 1469 3203 1539 σῆς
3249 1466 3501 1538 προνοίας
3544 1465 3620 1520 τὰ

2039 1564 2266 1635 μέγεθος
2313 1563 2757 1633 ἐκπληττόμενοι.
2819 1559 2976 1614 υύτω
3024 1559 3133 1629 γὰρ
3177 1556 3276 1629 τὴν
3327 1555 3613 1627 ἡμετέραν

2037 1653 2422 1725 ἐξομολόγησιν
2464 1653 2560 1707 καὶ
2611 1652 2944 1723 εὐπρέπειαν
2971 1691 2986 1716 ,
3037 1648 3288 1701 τουτέστι
3324 1647 3414 1700 τὸν
3457 1647 3612 1718 μετὰ

1958 1749 2003 1805 Β
2028 1745 2333 1815 δοξολογίας
2356 1741 2524 1808 αἶνον,
2551 1744 2739 1817 ὥσπερ
2767 1761 2820 1796 τι
2847 1741 3184 1813 περιϐόλαιον
3221 1739 3610 1811 ἀμφιέννυσιν.

2120 1838 2624 1906 Ἀναόαλλόμενος
2680 1834 2807 1905 φῶς
2871 1835 2950 1899 ὡς
3005 1831 3258 1902 ἱμάτιον.
3325 1831 3457 1884 Ἀπὸ
3506 1830 3615 1884 τοῦ

2033 1928 2323 1999 νοουμένου
2353 1928 2529 1996 φωτὸς
2561 1928 2787 1998 ἄρχεται
2818 1926 2910 1978 τὸν
2939 1924 3105 1995 ὕμνον
3153 1922 3478 1977 ἀναπλέκειν
3507 1923 3617 1975 αὐ-

362 2020 562 2074 dicitur
595 2019 770 2075 lucem
813 2020 1059 2077 habitare
1098 2020 1569 2086 inaccessibilem,
1620 2020 1711 2076 hic
1741 2020 1933 2075 eodem

2164 2022 2373 2092 Ὥσπερ
2399 2020 2455 2072 δὲ
2484 2022 2541 2073 ὲν
2574 2020 2743 2090 ἑτέρῳ
2772 2018 3017 2072 λέλεκται
3054 2015 3168 2086 φῶς
3199 2017 3365 2068 οἰκεῖν
3401 2014 3615 2085 ἀπρόσ-

363 2110 570 2167 lumine
594 2111 829 2168 amictus
853 2111 1077 2168 dicitur.

438 2287 493 2343 3.
530 2288 828 2344 Extendens
856 2290 1041 2345 caelum
1064 2291 1203 2345 sicut
1234 2291 1442 2361 pellem.
1483 2290 1797 2347 Secundum
1832 2291 1940 2349 hoc

360 2380 714 2449 providentiae
729 2397 866 2453 opus
884 2384 1226 2453 praponitur.
1242 2384 1387 2454 quod
1405 2398 1569 2437 manu
1586 2383 1811 2439 artiﬁcis
1826 2398 1940 2438 cm-

361 2472 474 2528 lum
489 2474 645 2545 quasi
659 2476 924 2545 quoddam
938 2490 1236 2545 expansum
1251 2473 1713 2531 extendatur.Una
1724 2488 1941 2544 quoque

360 2567 594 2623 formam
622 2568 860 2622 declarat
901 2578 1063 2637 atque
1091 2567 1407 2625 facilitatem
1453 2568 1686 2636 opiﬁcis.
1727 2566 1937 2633 Quem.

362 2653 657 2708 admodum
687 2655 831 2709 enim
865 2655 1069 2709 homini
1099 2654 1256 2712 facile
1280 2666 1362 2710 est
1393 2656 1584 2726 pellem
1610 2657 1900 2711 extendere
1921 2698 1935 2717 .

363 2744 440 2800 ita
470 2753 525 2800 et
547 2744 656 2801 Deo
683 2747 882 2802 caelum
913 2747 1153 2803 nondum
1176 2748 1445 2803 exsistens
1468 2747 1723 2802 condere.
1764 2746 1939 2802 Simul

363 2836 509 2893 aliud
530 2839 876 2894 adumbravit
906 2840 1138 2896 sublime
1163 2841 1480 2911 cogitatum,
1512 2840 1659 2911 quod
1683 2842 1750 2894 ad
1776 2840 1937 2895 aliam

363 2928 531 2983 vitam
566 2930 668 2985 iter
697 2930 1070 3000 instituamus,
1098 2941 1151 2987 et
1187 2933 1475 3003 praesentia
1502 2932 1613 2987 sint
1640 2932 1832 2987 umbra
1855 2931 1939 2986 fn-

363 3030 634 3088 turorum,
660 3037 725 3077 ac
758 3024 1000 3078 nondum
1035 3024 1103 3079 ad
1136 3024 1296 3095 adyta
1320 3022 1810 3095 penetraverimus,
1841 3023 1932 3080 setl

2037 2131 2166 2179 ιτον,
2204 2112 2437 2167 ἐνταῦθα
2485 2111 2617 2165 αὐτὸ
2652 2110 2813 2164 τοῦτο
2850 2110 2910 2164 τὸ
2940 2108 3055 2180 φῶς
3080 2106 3474 2181 ἀναϐάλλεσθαι
3519 2106 3619 2160 λέ-

2035 2223 2166 2274 γετα
2174 2224 2209 2260 ι.
3138 2272 3139 2275 η

2116 2299 2430 2354 Ἐκτείνων
2450 2296 2561 2350 τὸν
2587 2294 2850 2364 οὐρανὸν
2872 2294 3017 2348 ὡσεὶ
3068 2293 3290 2361 ὂέρῤιν.
3343 2289 3611 2360 Δεύτερον

2035 2392 2196 2446 τοῦτο
2213 2390 2470 2463 προνοίας
2493 2388 2700 2442 τίθεται
2716 2387 2895 2459 ἔργον,
2913 2388 2972 2440 τὸ
2988 2384 3320 2439 ἑκτείνεσθαι
3336 2383 3427 2436 τὸν
3443 2383 3615 2454 οὐρα-

2037 2486 2125 2539 νὸν
2148 2483 2335 2554 ῶσπερ
2352 2500 2407 2535 τι
2442 2481 2655 2552 ἔκταμα
2677 2483 2734 2534 ἐν
2760 2480 2919 2550 χερσὶ
2932 2478 3196 2549 τεχνίτου.
3231 2476 3395 2548 Ὁμοῦ
3422 2476 3516 2529 καὶ
3546 2476 3614 2528 τὸ

2040 2579 2225 2649 σχῆμα
2241 2574 2551 2645 παρέστησε
2575 2571 2668 2626 καὶ
2689 2571 2786 2641 τὴν
2805 2570 3054 2623 εὐκολίαν
3068 2568 3160 2621 τού
3180 2568 3243 2639 δη
3254 2567 3615 2638 μιουργήσαν-

2036 2691 2147 2737 τος.
2184 2671 2449 2740 Καθάπερ
2490 2667 2601 2738 γὰρ
2623 2662 2895 2734 ἀνθρώπῳ
2930 2660 3108 2732 ῥᾴδιον
3137 2661 3373 2712 ἐκτεῖναι
3400 2656 3609 2728 sepem,

2038 2765 2177 2819 οὕτω
2200 2764 2293 2817 καὶ
2319 2762 2396 2832 τῷ
2423 2758 2541 2829 Θεῷ
2573 2759 2663 2810 τὸν
2692 2758 2793 2808 οὐκ
2813 2756 2940 2807 ὄντα
2963 2752 3183 2822 ποιῆσαι
3199 2748 3614 2820 οὐρανέυ.”Λμα

2038 2859 2095 2913 δὲ
2120 2857 2211 2912 καί
2239 2875 2291 2910 τι
2322 2856 2505 2925 ἕτερον
2528 2850 2745 2923 ᾐνίξατο
2776 2848 2953 2918 νόημα
2980 2844 3201 2916 ὑψηλὸν,
3226 2843 3306 2896 ὅτι
3337 2841 3471 2912 πρὸς
3489 2840 3615 2893 ἓτε-

2040 2965 2130 3023 ρον
2163 2948 2274 3020 βίον
2297 2941 2678 3015 όδεύομεν,καὶ
2709 2938 2779 2993 τὰ
2803 2937 3045 3009 παρόντα
3086 2935 3211 2989 σκιά
3233 2933 3341 2986 τῶν
3386 2930 3610 3023 μελλόν-

2037 3022 2164 3106 των,
2204 3040 2301 3094 καὶ⁴
2345 3037 2557 3091 οὐδέπω
2599 3034 2736 3105 πρὸς
2773 3031 2842 3085 τά
2872 3031 3040 3085 ἄδυτα
3069 3025 3463 3098 ἀφικνούμεθα,
3490 3022 3611 3078 ἀλλ’

362 3110 544 3166 adhuc
584 3112 640 3165 in
673 3114 926 3181 praesenti
964 3115 1094 3178 vita,
1130 3130 1231 3170 ceu
1268 3115 1323 3169 in
1373 3130 1535 3171 scena
1574 3117 1768 3172 simus.
1799 3116 1934 3171 Nam
1962 3119 1997 3176 C

2087 3153 2119 3188 τι
2156 3136 2211 3186 ὲν
2235 3133 2405 3203 σκηνῇ
2449 3131 2615 3199 ἐσμεν
2647 3125 2726 3197 τῷ
2755 3123 2984 3196 παρόντι
3019 3122 3140 3192 βίῳ.
3183 3121 3247 3173 Ἢ
3291 3118 3400 3189 γάρ
3433 3116 3613 3189 σκηνὴ

363 3215 526 3257 scena
563 3217 753 3257 eorum
783 3214 866 3260 est
900 3221 1020 3275 qua:
1053 3207 1359 3263 solvuntur.
1394 3207 1462 3261 Et
1493 3218 1609 3279 post
1636 3226 1825 3279 pauca.
1854 3208 1931 3265 ita

363 3293 421 3349 in
462 3294 603 3351 ccelo
646 3308 985 3354 commutato
1009 3301 1155 3355 aliud
1192 3301 1294 3356 erit
1338 3302 1461 3357 vita:
1488 3311 1541 3358 et
1573 3303 1734 3357 sortis
1764 3319 1933 3373 genus

362 3386 618 3453 praesenti
662 3387 878 3443 melius.
922 3389 1036 3444 Erit
1071 3391 1217 3446 enim
1244 3393 1443 3448 caelum
1478 3408 1678 3448 novum
1709 3403 1762 3448 et
1788 3404 1937 3449 terra

363 3491 526 3532 nova.
559 3477 666 3533 Sed
693 3480 981 3539 audiamus
1008 3498 1259 3553 quaenam
1289 3484 1356 3540 de
1384 3487 1524 3541 caelo
1554 3485 1831 3555 propheta:
1846 3486 1931 3540 di-

362 3578 510 3637 cant,
534 3579 596 3625 ut
615 3586 711 3626 ora
729 3572 1046 3631 obturemus
1072 3590 1262 3630 eorum
1289 3576 1384 3646 qui
1408 3592 1660 3645 magnam
1686 3578 1737 3631 in
1765 3578 1932 3632 barba

363 3664 749 3720 conﬁdentiam
786 3668 1006 3733 habent,
1037 3670 1133 3739 qui
1184 3685 1314 3740 quae
1354 3686 1475 3726 sese
1528 3671 1669 3725 ultro
1700 3671 1934 3727 oﬁ'erunt

365 3756 538 3811 menti
564 3757 873 3829 loquentes,
899 3760 1088 3816 dicunt
1105 3762 1268 3829 etiam
1287 3764 1390 3818 sub
1412 3772 1554 3818 terra
1575 3765 1772 3819 emittm
1789 3781 1932 3829 esse,

366 3855 557 3902 contra
581 3864 719 3920 quos
752 3861 904 3906 stans
939 3850 1210 3923 Propheta
1237 3853 1485 3909 dicebat:
1512 3853 1810 3910 Eztendens
1835 3872 1936 3909 cre-

366 3938 474 3992 lum
504 3941 640 3994 sicut
670 3940 876 4010 pellem.
907 3941 1071 3999 Pellis
1095 3960 1203 3999 non
1234 3953 1319 4000 est
1342 3946 1548 4015 sphaara
1580 3946 1849 4016 quaedam,
1874 3956 1935 4002 ut

366 4042 643 4099 nugantur
675 4030 810 4101 ipsi;
838 4031 933 4085 sed
975 4032 1153 4086 solum
1188 4033 1571 4103 hemisphaerio
1620 4034 1833 4088 cuidam
1861 4035 1936 4090 si-

367 4121 514 4178 milis
535 4132 639 4179 est.
685 4123 841 4190 Quod
876 4123 1017 4180 alius
1054 4125 1312 4195 propheta
1339 4124 1584 4181 dicebat:
1615 4126 1721 4191 Qui
1750 4127 1934 4180 statuit

364 4223 424 4268 ut
462 4214 720 4283 fornicem
755 4213 963 4279 calum,
992 4224 1042 4268 et
1081 4215 1312 4269 extendit
1344 4223 1402 4269 ut
1430 4213 1826 4270 tabernaculum
1865 4216 1934 4269 ad

364 4305 712 4361 habitandum
743 4308 800 4362 in
830 4317 976 4362 terra
996 4307 1063 4363 ³⁸.
1094 4305 1162 4362 Ει
1192 4323 1410 4363 rursum
1437 4325 1451 4362 :
1488 4306 1612 4361 Non
1642 4318 1814 4372 nutat,
1844 4307 1934 4362 sed

364 4407 472 4452 stat
495 4398 635 4467 ﬁxus
658 4399 725 4454 ⁸⁷.
748 4398 829 4455 Ita
852 4401 983 4457 dicit
1003 4400 1265 4472 propheta
1287 4418 1299 4454 :
1322 4399 1428 4465 Qui
1454 4400 1573 4468 ﬁxit
1596 4398 1803 4453 caelum.
1828 4398 1934 4453 Te-

2038 3227 2147 3281 τῶν
2170 3223 2463 3291 λυομένων.
2489 3220 2597 3276 Καὶ
2621 3218 2747 3289 μετ’
2777 3217 2969 3287 ὀλίγα*
2998 3215 3153 3269 Οὕτω
3189 3213 3283 3267 καὶ
3310 3210 3402 3265 τοῦ
3447 3212 3610 3283 οὐρα-

2040 3319 2132 3374 νοῦ
2159 3317 2254 3372 τοῦ
2288 3312 2689 3382 ἀλλασσομένου
2719 3310 2905 3381 ἕτερος
2934 3307 3087 3361 ἔσται
3116 3306 3315 3375 τρόπος
3350 3303 3491 3373 ζωῆς
3515 3301 3615 3355 καὶ

2039 3407 2191 3478 λῆξις
2216 3405 2317 3475 τῆς
2336 3402 2617 3476 παρούσης
2652 3399 2909 3471 ἀμείνων.
2947 3397 3139 3449 Ἔσται
3171 3393 3281 3465 γὰρ
3320 3395 3349 3446 ό
3385 3392 3621 3463 οὐρανὸς·

2041 3497 2226 3560 καινὸς
2251 3497 2346 3549 καὶ
2374 3496 2407 3565 ἡ
2431 3493 2503 3564 γῆ
2533 3492 2718 3562 καινή.
2766 3488 2906 3541 Ἀλλ’
2952 3484 3311 3556 ἀκουσώιιεθα
3333 3484 3433 3540 ὅσα
3482 3480 3617 3552 περὶ

2041 3583 2273 3658 οὐρανοῦ
2311 3583 2562 3652 λέγουσιν
2587 3580 2638 3633 oi
2666 3578 2962 3651 προφῆται,
3011 3576 3096 3629 ἵνα
3128 3576 3195 3628 τὰ
3224 3573 3461 3642 στόματα
3499 3571 3617 3625 τῶν

2042 3679 2132 3731 ἐπὶ
2148 3676 2226 3747 τῷ
2245 3674 2466 3745 πώγωνι
2497 3675 2640 3745 μέγα
2664 3669 3002 3742 φρονούντων
3027 3664 3397 3738 ὲμφράξωμεν
3416 3681 3431 3695 ’
3462 3663 3510 3717 οἳ
3539 3662 3619 3716 τὰ

2041 3768 2332 3822 ἐπελθόντα
2377 3765 2760 3836 φθεγξάμενοι,
2801 3762 2897 3816 καὶ
2939 3760 3043 3812 ὑπὸ
3071 3760 3173 3829 γῆν
3204 3757 3435 3828 οὐρανὸν
3468 3751 3621 3808 εἶναι

2039 3860 2287 3929 λέγουσι’
2319 3858 2455 3929 πρὸς
2480 3857 2573 3921 οὓς
2595 3856 2880 3927 ἱστάμενος
2906 3854 2935 3906 ὁ
2957 3852 3241 3923 προφήτης
3269 3850 3440 3918 ἔλεγε·
3482 3849 3615 3903 Ἐκ-

2040 3952 2251 4004 τείνων
2297 3948 2404 4001 τὸν
2443 3947 2705 4017 οὐρανὸν
2753 3945 2898 3999 ὡσεὶ
2949 3943 3169 4012 δέρῤιν.
3221 3942 3288 3994 Ἠ
3331 3941 3511 4011 asper;
3544 3939 3619 3993 οὔ

2044 4039 2246 4109 σφαῖρά
2264 4040 2349 4103 τίς
2374 4040 2491 4092 ἐστι
2519 4036 2660 4092 κατά
2682 4037 2779 4109 τὴν
2806 4037 3031 4091 ἐκείνων
3078 4033 3141 4104 λη
3150 4032 3346 4105 ρωδίαν
3366 4047 3382 4062 ·
3417 4030 3530 4084 ἀλλ’
3560 4032 3614 4085 ιὶ

2046 4130 2119 4202 μὴ
2150 4131 2356 4202 κυκλίῳ
2387 4131 2493 4184 τινὶ
2520 4130 2615 4184 καὶ
2640 4127 2983 4201 ἡμισφαιρίῳ
3027 4125 3368 4198 προσέοικεν.
3434 4122 3613 4195 Ὅπερ

2042 4215 2136 4273 οὖν
2181 4220 2365 4291 ἕτερος
2418 4220 2700 4291 προφήτης
2756 4216 2932 4290 δηλῶν
2990 4216 3174 4285 ἔλεγεν
3197 4231 3211 4245 ’
3271 4214 3334 4267 '0
3375 4210 3614 4278 στήσας

2041 4311 2122 4377 ὡς
2150 4310 2423 4379 καμάραν
2445 4311 2551 4363 τὸν
2578 4310 2859 4378 οὐρανὸν,
2883 4310 2982 4364 καὶ
3022 4307 3324 4373 διατείνας
3346 4308 3427 4371 ὡς
3463 4320 3613 4373 σκη-

2041 4402 2161 4470 νὴν
2184 4401 2481 4456 κατοικεῖν
2502 4402 2601 4456 ἐπὶ
2627 4401 2735 4471 τῆς
2755 4402 2887 4472 γῆς.
2929 4401 3038 4454 Καὶ
3070 4398 3253 4464 πάλιν,
3284 4398 3366 4452 ὅτι
3402 4399 3483 4451 Οὐ
3508 4409 3614 4450 πε-

365 4491 739 4562 nnitatemque
759 4493 878 4563 ejus
908 4494 975 4549 ad
1004 4509 1278 4550 summum
1310 4509 1485 4563 usque
1511 4493 1797 4549 declarans
1814 4492 1890 4546 ait
1918 4508 1935 4547 :
1969 4478 1997 4538 ί

2087 4494 2353 4550 ιδονεῖται
2376 4512 2390 4526 ·
2424 4495 2560 4550 ἀλλ’
2597 4495 2817 4562 ἕστηκε
2864 4491 3162 4563 πεπηγώς.
3206 4489 3362 4545 Οὐτω
3387 4488 3548 4561 φησὶν
3579 4491 3614 4543 ό

366 4580 569 4636 Caelum
616 4585 749 4637 sicut
794 4585 971 4655 fumus
1016 4588 1287 4655 ﬁrmatum
1342 4595 1439 4641 est.
1485 4587 1591 4651 Qui
1639 4588 1759 4656 tegit
1784 4585 1934 4654 aquis

365 4673 644 4743 superiora
681 4675 815 4743 ejus.
857 4674 1106 4731 Ostendit
1145 4693 1255 4731 non
1288 4685 1490 4733 temere
1534 4692 1799 4747 aquarum
1828 4676 1939 4735 fre-

364 4764 645 4834 quentiam
697 4766 753 4819 in
810 4781 936 4822 aere
997 4768 1372 4832 circumferri,
1430 4768 1526 4824 sed
1575 4770 1752 4838 ipsum
1818 4784 1935 4823 rem

364 4872 525 4926 agere
568 4858 911 4928 providentia
941 4858 1202 4929 quadam,
1237 4857 1312 4913 ita
1349 4868 1409 4913 ut
1436 4860 1663 4915 nubium
1708 4860 1937 4915 concin-

366 4945 538 5001 nitate
558 4956 613 5001 et
631 4947 901 5018 positione
918 4946 1203 5002 videantur
1230 4947 1335 5017 tegi
1353 4947 1616 5003 caelorum
1640 4957 1844 5019 partes.

2038 4590 2343 4660 προφῄτης,
2388 4587 2451 4641 '0
2473 4586 2674 4656 πήξας
2699 4586 2806 4640 τὸν
2824 4586 3107 4652 οὐρανόν.
3154 4583 3266 4638 Καὶ
3291 4582 3392 4653 τὴν
3422 4579 3613 4634 λεπτό-

2038 4697 2177 4751 τητα
2202 4681 2259 4734 δὲ
2280 4680 2447 4735 αὐτοῦ
2471 4680 2571 4750 τὴν
2603 4682 2683 4742 είς
2716 4678 2883 4749 ἀκρον
2912 4675 3195 4747 παριστῶν
3222 4674 3427 4743 ἔλεγεν,
3451 4674 3528 4726 ὃτι
3544 4673 3613 4726 '0

2041 4771 2295 4839 οὐρανὸς
2325 4772 2468 4829 ὡσεὶ
2492 4770 2721 4836 καπνὸς
2742 4759 3091 4838 ἐστερεώθη.
3144 4769 3199 4821 '0
3232 4765 3612 4837 στεγάζωνὲν

2040 4862 2221 4917 ὕδασι
2248 4865 2318 4918 τὰ
2342 4862 2580 4931 ὑπερῷα
2608 4861 2793 4916 αὑτοῦ
2812 4879 2827 4893 ·
2858 4860 3148 4924 δείκνυσιν,
3172 4860 3247 4921 ὡς
3274 4859 3373 4912 οὐκ
3401 4857 3522 4928 είκῆ
3541 4858 3611 4910 τὰ

2042 4954 2150 5007 τῶν
2175 4954 2382 5010 ὑδάτων
2412 4955 2732 5025 συστήματα
2757 4956 2813 5008 ὲν
2838 4954 2960 5027 ἀέρι
3008 4953 3365 5024 περιφέρεται
3388 4966 3403 4982 ο
3450 4948 3607 5011 αὐτὸς

364 5037 474 5109 γάρ
528 5038 632 5110 ἰδία
684 5039 912 5112 προνοίᾳ
942 5037 1065 5108 ἄγει
1106 5037 1168 5092 τὸ
1216 5039 1470 5110 πρᾶγμα,
1513 5037 1588 5103 ὡς
1636 5040 1730 5092 καὶ
1770 5039 1948 5093 δοκεῖν
2013 5042 2340 5115 ὲστεγάσθαι
2394 5049 2461 5119 τῇ
2492 5046 2601 5100 τῶν
2631 5046 2807 5116 νεφῶν
2834 5045 3133 5119 εὐαρμονία
3178 5044 3248 5098 τά
3310 5042 3438 5114 περὶ
3500 5041 3612 5096 τῶν

364 5131 609 5198 οὐρανῶν
637 5132 800 5205 μέρη.

443 5225 496 5278 ι.
522 5222 626 5289 Qui
656 5225 802 5294 ponit
842 5224 1028 5279 nubem
1063 5239 1340 5279 ascensum
1375 5238 1548 5277 suum.
1574 5220 1741 5287 Quasi
1775 5239 1934 5293 aper-

367 5315 478 5369 tius
513 5316 717 5369 dicerct
743 5335 757 5370 :
785 5314 890 5383 Qui
932 5316 999 5371 ad
1045 5316 1192 5386 ipsas
1225 5329 1398 5385 usque
1436 5313 1609 5368 nubes
1651 5314 1937 5382 providen-

368 5407 499 5458 tiam
533 5406 804 5473 extcndit;
840 5422 1132 5462 ascensum
1160 5406 1308 5460 enim
1334 5417 1433 5474 pro
1473 5402 1812 5474 providentia
1849 5418 1938 5472 po-

368 5498 497 5553 suit.
529 5496 632 5561 Qui
660 5497 899 5551 ambulat
947 5514 1103 5568 super
1143 5513 1335 5568 pennas
1370 5506 1662 5552 ventorum.
1688 5493 1939 5552 Declarat

435 5692 482 5729 "
512 5695 619 5754 lsa.
656 5711 743 5765 ιι,
777 5696 868 5754 22.
946 5698 991 5730 ⁸⁷
1019 5696 1123 5755 lsa.
1156 5714 1232 5768 ιι,
1270 5698 1321 5756 θ.

2146 5228 2245 5279 Οτι
2276 5224 2400 5291 θείς
2424 5224 2576 5294 νέφη
2627 5224 2741 5293 τὴν
2778 5224 3058 5277 ἐπίϐασιν
3091 5220 3298 5276 αυτοῦ.
3336 5218 3475 5272 Ὠσεὶ
3507 5233 3605 5272 σα-

2044 5316 2303 5386 φέστερον
2330 5313 2527 5380 ἔδειξεν
2548 5332 2562 5345 ο
2605 5317 2662 5369 '0
2694 5317 2787 5369 καὶ
2825 5316 2983 5386 μέχρι
3020 5313 3127 5366 τῶν
3163 5310 3397 5380 νεφελῶν
3431 5308 3605 5362 αὐτῶν

2044 5407 2111 5459 τά
2133 5408 2229 5475 τῆς
2249 5407 2502 5479 προνοίας
2520 5406 2791 5460 ἐκτείνων.
2825 5406 2936 5474 Τὴν
2956 5404 3065 5475 γάρ
3094 5402 3345 5457 ὲπίὸασιν
3367 5399 3484 5453 ἀντὶ
3508 5398 3605 5467 τῆς

2046 5496 2306 5567 προνοίας
2362 5495 2621 5553 τέθεικεν.
2673 5498 2733 5551 '0
2765 5492 3102 5566 περιπατῶν
3156 5491 3255 5548 ἐπὶ
3303 5490 3605 5561 πτερύγων
