3778 6276
141 324 257 382 C57
1317 314 1676 374 EXPOSITIO
1718 314 1785 370 lN
1822 314 2154 372 PSALMUM
2191 314 2327 373 Clll.
2996 304 3002 310 ’
3307 304 3415 364 £38

142 438 432 508 ἀνέμων.
490 433 795 496 Δείκνυσιν,
829 433 905 497 ὡς
957 432 1080 487 οὐδὲ
1111 434 1147 503 ὴ
1196 431 1305 485 τῶν
1342 433 1557 503 ἀνέμων
1606 428 1741 501 φορὰ

1873 445 1959 484 ton
2003 440 2205 486 temere
2247 429 2377 485 ferri
2413 438 2696 484 ventorum
2744 426 3042 495 impetum;
3084 424 3178 480 sed
3234 427 3414 496 ipsum

142 530 273 599 εἰττῆ
305 528 590 600 φέρεται’
623 526 737 580 ἀλλ’
769 526 933 589 αὑτός
980 528 1127 579 ἐστιν
1166 524 1354 597 ὥσπερ
1402 542 1486 589 τις
1536 523 1741 595 ἡνίοχος

1873 535 1969 576 sse
1989 523 2148 591 quasi
2176 522 2423 593 aurigam
2453 517 2932 591 quemdam,.quod
2958 516 3231 571 ascendat.
3253 532 3416 588 super

145 620 337 676 αὐτῶν
395 619 720 689 γινόμενος,
785 616 875 671 διὰ
917 615 1013 670 τοῦ
1058 619 1180 682 ταῖς
1222 615 1402 671 αὐτῶν
1451 613 1750 669 ἐπιϐαίνειν

147 713 457 784 πτέρυξιν.

104 820 109 824 ‘
230 807 301 860 ὐ
350 803 556 859 ποιῶν
586 803 731 868 τοὺς
781 802 1074 873 ἀγγέλους
1106 801 1300 856 αὐτοῦ
1323 800 1649 869 πνεύματα.
1687 799 1748 851 ὐ

148 898 430 967 κούφους,
459 898 619 967 φησι,
647 897 743 950 καὶ
770 896 1092 968 μεταρσίους
1118 896 1242 959 τοὺς
1268 893 1530 963 ἀγγέλους
1556 891 1743 945 ποιῶν.

149 991 261 1044 Καὶ
291 989 453 1054 τοὺς
480 987 866 1056 ⁸λειτουργοὺς
905 985 1090 1041 αὑτοῦ
1119 987 1239 1055 πῦρ
1284 984 1527 1055 φλέγων.
1563 983 1753 1047 Οῢτως

151 1075 259 1132 εἶδε
289 1079 556 1151 Μωῦσῆς
582 1080 642 1133 ὲν
680 1077 815 1150 πυρὶ
846 1077 1042 1148 φλογὸς
1089 1076 1180 1132 τὸν
1228 1076 1456 1145 ἄγγελον
1484 1074 1747 1128 λαλοῦντα

152 1173 326 1242 αὐτῷ.

230 1260 297 1317 Ὅ
319 1263 633 1333 θεμελιῶν
654 1264 770 1333 τὴν
800 1262 919 1335 γῆν
947 1263 1045 1317 ἐπὶ
1066 1263 1183 1332 τὴν
1209 1261 1565 1331 ἀσφάλειαν.
1592 1256 1749 1314 Μετὰ

149 1356 210 1407 τὺ
235 1356 423 1422 δεῖξαι
454 1355 559 1427 τὴν
608 1356 667 1412 ὲν
707 1357 785 1428 τῷ
816 1356 1027 1429 οὐρανῷ
1068 1356 1324 1428 πρόνοιαν
1349 1354 1442 1408 τοῦ
1485 1353 1745 1422 δημιουρ-

151 1445 270 1513 γοῦ.
306 1447 543 1516 πρόεισι
569 1447 664 1499 καὶ
692 1447 820 1517 περ)⁸
852 1446 960 1500 τῶν
993 1447 1053 1499 ὲν
1086 1449 1152 1519 τῇ
1175 1448 1246 1517 γῇ
1273 1444 1529 1515 πρόνοιαν
1556 1439 1742 1495 αὑτοῦ.

152 1538 295 1590 Δῦτδ
326 1537 505 1590 τοῦτο
544 1538 642 1603 τὸ,
684 1538 912 1610 στερεὰν
968 1537 1140 1610 αὐτὴν
1183 1534 1347 1591 οὖσαν
1397 1537 1491 1591 καὶ
1526 1533 1757 1605 βαρεῖαν

159 1630 241 1698 ιφν
270 1630 461 1700 ὑγρᾶς
503 1629 830 1700 ἑδρασθῆναι
860 1630 1065 1695 ούσίας.

227 1722 549 1787 Ἀϐυσσος
586 1722 667 1786 ὡς
719 1721 951 1791 [pastor
999 1722 1068 1775 τὸ
1115 1720 1493 1789 περιϐόλαιον
1534 1714 1739 1771 αὐτοῦ.

156 1809 335 1862 Αὑτοῦ
357 1810 467 1880 μὲν
501 1810 594 1863 τοῦ
620 1811 721 1881 τῆς
754 1812 858 1882 γῆς
888 1810 1151 1881 στοιχείου
1186 1808 1337 1879 φησί.
1371 1807 1535 1875 Λέγει
1561 1806 1637 1869 δὲ,
1661 1805 1742 1858 ὅτι

154 1899 346 1971 ὥσπερ
375 1901 592 1971 ίματίῳ
619 1900 909 1972 περιέϐαλε
930 1902 995 1971 τῇ
1026 1899 1247 1970 ἀϐύσσῳ
1280 1898 1380 1971 τὴν
1400 1898 1521 1968 γῆν,
1545 1895 1742 1962 ἔξωθεν

153 1994 341 2045 πᾶσαν
358 2008 432 2044 πε
438 1990 720 2062 ρικυκλῶν
742 1989 915 2044 ὕδατι.
935 1991 1065 2045 Ἐπὶ
1087 1989 1207 2044 τῶν
1216 1988 1399 2057 ὁρέων
1412 1985 1743 2052 στήσονται

154 2081 370 2145 ὕδατα,
406 2099 471 2136 κ.
493 2098 546 2135 τ.
575 2080 625 2135 λ.
663 2082 751 2145 Ὠς
780 2082 903 2154 ὅρη,
948 2083 1102 2152 φησὶ,
1137 2081 1205 2135 τὰ
1235 2081 1338 2151 τῆς
1367 2079 1606 2134 ἀϐύσσου
1652 2081 1746 2130 ἀν-

153 2172 420 2225 ιστᾶννται
450 2173 622 2226 ὕδατα
653 2173 954 2244 ύψούμενα,
991 2174 1085 2227 καὶ
1114 2173 1276 2227 οἱονεὶ
1292 2171 1615 2225 ἀπειλοῦντα
1643 2186 1743 2222 κα-

152 2258 433 2312 ταπλῶσαι
482 2260 585 2330 τὴν
612 2259 749 2329 γῆν·
787 2259 922 2315 ἀλλὰ
948 2260 1026 2332 τῷ
1072 2260 1149 2332 σῷ
1174 2260 1402 2332 νεύματι
1437 2261 1531 2315 καὶ
1577 2262 1642 2330 τῇ
1676 2261 1742 2330 σῇ

147 2348 412 2419 δυνάμει,
439 2350 568 2420 ἥτις
592 2350 687 2402 καὶ
718 2349 806 2403 διὰ
835 2351 935 2421 τῆς
975 2351 1201 2424 βροντῆς
1234 2352 1574 2422 σημαίνεται,
1614 2351 1744 2402 ἁνα-

148 2440 424 2512 χωροῦσι,
462 2442 627 2512 φησιν
650 2459 665 2472 ·
693 2442 727 2514 ἤ
762 2443 904 2513 τάχα
928 2446 1022 2497 καὶ
1052 2445 1149 2509 τὰς
1189 2444 1417 2517 βροντὰς
1450 2431 1537 2522 διὰ
1586 2443 1745 2497 τοῦτο

152 2532 497 2603 γεγενῆσθαί
520 2552 676 2606 φησι,
702 2535 839 2607 πρὸς
869 2536 927 2589 τὸ
956 2535 1120 2605 φόϐον
1155 2535 1279 2589 τινὰ
1315 2534 1614 2606 λαμϐάνειν
1639 2533 1747 2588 ἀπὸ

152 2625 262 2677 τῶν
295 2627 610 2696 γινομένων
648 2629 750 2697 τῆς
793 2628 1033 2682 ἀϐύσσου
1058 2629 1127 2683 τὰ
1159 2628 1344 2683 ὕδατα.
1376 2631 1437 2683 Et
1472 2629 1527 2682 δὲ
1561 2630 1745 2683 ἐκεῖνα

153 2717 314 2772 τοῦτο
346 2721 644 2791 ὑπομένει,
686 2720 869 2793 πολλῷ
914 2721 1076 2777 πλέον
1107 2724 1170 2777 τὸ
1208 2721 1447 2776 τοιοῦτον
1474 2722 1555 2775 δεῖ
1598 2722 1745 2792 ἡμᾶς

157 2810 375 2866 παθεῖν.

235 2905 711 2959 Ἀναὸαίνουσιν
753 2905 859 2975 ὄρη
910 2906 1011 2961 καὶ
1066 2908 1496 2961 καταϐαίνουσι
1548 2904 1742 2961 πεδία.

167 2996 510 3067 Ύψούμενα,
544 2997 696 3068 φησὶ,
717 2998 795 3051 ’τὰ
819 2997 986 3052 ὕδατα
1010 2998 1398 3071 παρεικασθείη
1423 2999 1489 3054 ἂν
1514 2999 1695 3070 ὄρεσιν
1727 3017 1742 3031 ·

1843 625 2053 682 pennas
2076 610 2220 681 ejus.

1919 790 1971 846 δι
2016 791 2123 857 Qui
2164 792 2296 861 facit
2336 790 2546 861 angelos
2579 804 2702 843 suos
2735 787 2977 856 spiritus.
3021 782 3125 851 Qui
3167 780 3413 853 angelos,

1847 882 2042 954 inquit,
2087 883 2232 940 leves
2264 892 2318 938 et
2364 881 2627 937 sublimes
2671 878 2821 933 facit.
2867 875 2934 930 Et
2983 875 3252 930 ministros
3289 888 3413 928 suos

1846 971 2016 1043 ignem
2058 983 2314 1028 urentem.
2356 971 2433 1026 lta
2473 970 2610 1025 vidit
2648 968 2861 1040 Moyses
2891 968 2949 1022 in
2992 966 3208 1021 ﬂamma
3271 964 3414 1034 ignis

1846 1064 2096 1134 angelum
2127 1064 2232 1120 sibi
2257 1067 2591 1134 loquentem.

1918 1258 2025 1325 Qui
2074 1257 2318 1329 fundauit
2392 1263 2588 1311 terram
2638 1270 2794 1325 super
2842 1252 3183 1307 stabilitatem
3239 1263 3411 1303 suam.

1846 1341 2146 1419 Pustquam
2172 1347 2409 1403 ostendit
2432 1345 2735 1401 conditoris
2758 1344 2813 1399 in
2837 1343 2977 1399 cmlo
2994 1338 3411 1411 providentiam,

1846 1439 2196 1512 progreditur
2248 1438 2316 1491 ad
2370 1435 2764 1506 providentiam
2822 1433 2944 1503 ejus
2996 1446 3124 1500 erga
3178 1438 3411 1483 terrena.

1845 1532 2001 1600 Quod
2028 1532 2184 1585 ﬁrma
2224 1531 2315 1583 illa
2342 1538 2396 1584 et
2429 1528 2610 1599 gravis
2635 1542 2761 1582 cum
2793 1526 2885 1588 sit,
2919 1523 2976 1578 in
3006 1520 3229 1577 humida
3281 1520 3414 1574 sub-

1847 1623 2046 1680 stantia
2074 1622 2298 1676 fundata
2328 1621 2511 1675 fuerit.

1917 1714 1973 1779 6,
2012 1715 2062 1768 7.
2095 1714 2324 1785 Abyssus
2348 1715 2483 1768 sicut
2510 1714 2872 1767 vestimentum
2894 1708 3120 1762 amictus
3143 1705 3281 1775 ejus,
3310 1702 3416 1756 ele-

1846 1808 2015 1863 menti
2043 1807 2506 1864 scilicet.terreni.
2555 1807 2644 1860 Ait
2673 1806 2857 1876 igitur,
2885 1803 3085 1874 abysso
3113 1815 3215 1854 ceu
3242 1797 3412 1853 vesti-

1845 1910 2030 1952 mento
2061 1898 2490 1953 circumdedisse
2522 1906 2742 1959 terram,
2778 1905 2946 1949 totam
2986 1889 3226 1947 exterius
3253 1888 3417 1958 aquis

1845 1991 2114 2045 ambiens.
2148 1988 2318 2058 Super
2355 1999 2555 2043 montes
2598 1988 2811 2042 stabunt
2859 1999 3030 2055 aqua,
3078 1990 3186 2037 etc.
3215 1979 3420 2050 Abyssi.

1844 2097 2021 2152 aquae,
2046 2083 2141 2149 ait,
2182 2082 2357 2137 instar
2391 2082 2659 2136 montium
2690 2079 2952 2134 sublimes
2998 2075 3305 2144 insurgunt,
3357 2082 3421 2125 et

1844 2173 2002 2245 quasi
2032 2175 2357 2251 minitantur
2389 2174 2735 2243 submergere
2782 2182 3004 2235 terram,
3044 2168 3138 2224 sed
3187 2176 3320 2220 nutu
3356 2174 3411 2218 et

1843 2274 2111 2335 potestate
2144 2276 2257 2331 tua,
2286 2280 2408 2335 quae
2449 2279 2545 2335 per
2598 2263 2802 2319 tonitru
2849 2260 3206 2330 signiﬁcatur,
3259 2270 3409 2310 rece-

1844 2358 2018 2413 dunt:
2052 2367 2146 2412 aut
2170 2357 2404 2411 fortasse
2431 2357 2553 2411 ideo
2586 2355 2826 2410 tonitrua
2857 2352 2974 2406 ﬁeri
3012 2351 3107 2416 ait,
3142 2355 3201 2402 ut
3225 2362 3290 2401 ex
3316 2360 3410 2415 ge-

1845 2450 1945 2504 stis
1980 2449 2144 2504 rebus
2175 2424 2371 2504 timoi'e
2402 2448 2638 2518 quodam
2690 2446 2994 2501 adiciantur
3020 2457 3174 2512 aqua:
3204 2439 3405 2510 abyssi.

1844 2538 2000 2606 Quod
2041 2542 2087 2596 si
2120 2541 2172 2595 id
2209 2542 2314 2596 illis
2348 2542 2583 2607 eveniat,
2632 2539 2804 2595 multo
2829 2536 3006 2607 magis
3049 2533 3225 2589 simile
3253 2531 3416 2586 nobis

1845 2634 2160 2704 contingere
2185 2649 2410 2689 necesse
2430 2642 2533 2688 est.

1917 2893 1971 2962 8,
2000 2893 2053 2948 9.
2086 2891 2389 2947 Asccndunt
2414 2901 2616 2946 montes
2653 2898 2703 2945 et
2737 2890 3052 2946 descendunt
3080 2889 3275 2959 campi.
3307 2891 3416 2942 Ex-

1848 2986 2050 3050 altatte,
2091 2986 2187 3050 ait,
2222 3001 2377 3054 aquae
2400 2986 2525 3057 jure
2552 2983 2835 3038 montibus
2867 2991 3272 3053 comparentur,
3319 2982 3413 3037 sed

158 3085 270 3138 ἀλλ’
305 3085 635 3155 ἁπλούμενα
669 3085 831 3140 πάλιν
862 3087 967 3140 ὑπὸ
990 3086 1084 3139 τοῦ
1115 3086 1208 3141 σοῦ
1240 3086 1426 3156 φόϐου,
1449 3089 1610 3142 οἱονεὶ
1644 3104 1741 3143 πε-

1873 3079 2069 3139 edataa,
2099 3077 2300 3146 inquit,
2329 3093 2425 3147 per
2458 3076 2711 3131 timorem
2752 3083 2931 3138 tuum,
2977 3073 3136 3144 quasi
3189 3087 3414 3142 campus

157 3176 275 3243 sta;
313 3180 415 3232 καὶ
451 3177 634 3250 ὁμαλὴ
675 3180 885 3247 γίνεται
918 3180 1012 3251 γῆ.
1058 3178 1453 3250 Ἐθεμελίωσας
1494 3181 1604 3254 γὰρ
1646 3182 1743 3236 αὐε-
1781 3199 1790 3208 ’

156 3272 267 3334 τοῖς
288 3271 462 3324 τόπον
492 3270 554 3324 ὃν
574 3272 675 3342 οὐχ
688 3266 801 3325 οἷόν
821 3289 881 3325 τε
897 3272 1243 3343 ὑπερϐαίνειν
1264 3273 1421 3328 αὐτά.
1449 3275 1558 3328 Καὶ
1584 3275 1743 3330 τοῦτό

158 3360 294 3422 ἐστι,
325 3361 425 3414 τό⁸
485 3361 693 3430 Ὅριον
736 3362 876 3416 ἔθου
924 3362 955 3415 ὃ
1000 3364 1073 3417 οὺ
1124 3365 1619 3433 παρελεύσονται.
1651 3366 1743 3419 Διὸ

157 3451 275 3506 οὑδὲ
300 3452 604 3506 ἐπικλύσαι
624 3453 874 3508 δύνανται
902 3457 1002 3527 τὴν
1028 3458 1152 3528 γῆν.
1180 3459 1402 3529 Ὅμοιον
1425 3457 1480 3511 δὲ
1516 3458 1577 3511 τὸ
1604 3458 1743 3529 πρὸς

158 3542 252 3616 τὴν
278 3544 564 3599 θάλασσαν
597 3547 890 3618 εἰρημένον
923 3547 1012 3602 διὰ
1048 3549 1144 3603 τοῦ
1187 3550 1466 3620 προφήτου
1492 3564 1509 3581 ο
1552 3548 1742 3620 Μέχρι

157 3638 374 3691 τούτου
401 3636 639 3706 στήσῃ,
671 3638 771 3693 καὶ
793 3641 906 3710 οὐχ
930 3641 1266 3712 ὑπερδήσῃ.
1303 3643 1455 3698 Ἀλλ’
1475 3641 1545 3697 ἐν
1564 3656 1743 3697 σεαυ-

157 3729 232 3800 cii
262 3730 789 3800 συντριϐήσονταί
819 3749 937 3789 σου
966 3735 1038 3790 τὰ
1065 3738 1315 3806 κύματα.

238 3822 379 3877 Ἀνὰ
400 3823 605 3892 μέσον
659 3823 778 3877 τῶν
826 3825 1010 3894 ὀρέων
1063 3825 1476 3882 διελεύσονται
1528 3827 1738 3882 ὕδατα.

157 3914 315 3968 Κατὰ
348 3915 524 3986 μέρος
569 3914 863 3985 δοξολογῶν
918 3917 1210 3990 ἐπέρχεται
1255 3922 1323 3991 τῇ
1360 3920 1604 3992 προνοίᾳ,
1647 3920 1743 3973 καὶ

155 4002 253 4073 τὴν
300 4003 446 4074 μετὰ
493 4004 686 4073 σοφίας
733 4005 1079 4078 τεθαύμακεν
1124 4008 1458 4080 ἀγαθότητα,
1501 4008 1594 4062 καὶ
1641 4012 1740 4081 τῆς

158 4092 263 4147 τῶν
297 4093 520 4163 ἀλόγων
552 4093 708 4159 ζώων
732 4098 1153 4170 πεφροντικόεως
1173 4099 1435 4170 διαμονῆς
1468 4099 1560 4152 τοῦ
1581 4098 1738 4153 Θεοῦο

160 4188 394 4256 ποιήσας
446 4185 561 4257 γὰρ
599 4185 762 4250 αὐτὰ,
792 4189 889 4243 καὶ
936 4190 1126 4262 τρέφει
1154 4191 1248 4243 καὶ
1279 4189 1508 4256 ποτίζει.
1553 4191 1643 4245 Διὸ
1673 4190 1743 4245 τὰ

157 4277 255 4350 δρη
282 4277 495 4348 τεμὼν,
530 4279 765 4350 πάροδον
800 4282 915 4344 τοῖς
945 4280 1132 4336 ὕδασιν
1162 4282 1505 4353 ἐτεκτήνατο.

1846 3182 1899 3226 et
1939 3179 2097 3225 terra:
2128 3170 2383 3240 planities
2413 3169 2739 3226 adiciuntur.
2766 3167 3027 3223 Fundasti
3051 3166 3249 3237 quippe
3280 3164 3415 3235 ipsis

1846 3265 2051 3332 locum,
2079 3280 2242 3335 quem
2275 3264 2623 3335 pratergrcdi
2648 3277 2757 3317 non
2788 3271 3038 3332 possunt.
3080 3259 3256 3329 Atque
3280 3256 3415 3311 illud

1844 3365 1929 3412 est
1981 3356 2128 3427 quod
2183 3355 2432 3411 dicitur:
2487 3353 2793 3408 Terminum
2849 3350 3070 3421 posuisti
3108 3364 3260 3419 quem
3311 3361 3417 3401 non

1847 3449 2329 3519 transgredientur.
2368 3445 2549 3514 Quare
2587 3445 2856 3499 inundare
2895 3451 3090 3497 terram
3133 3455 3239 3495 non
3291 3454 3419 3508 pos-

1844 3550 1994 3596 sunt.
2040 3538 2231 3595 Simile
2260 3549 2439 3593 autem
2470 3537 2602 3592 illud
2638 3546 2720 3591 est
2748 3533 2893 3605 quod
2926 3533 3065 3587 mari
3110 3532 3245 3586 dicit
3290 3546 3415 3601 pro-

1844 3634 2050 3704 pheta:
2090 3632 2362 3686 Hactenus
2390 3630 2578 3693 stabis,
2603 3644 2764 3698 neque
2789 3625 3076 3680 transilies.
3124 3621 3227 3678 Sed
3267 3623 3321 3676 in
3365 3632 3413 3674 te

1844 3728 1959 3797 ipso
1991 3735 2326 3780 conterentur
2354 3724 2547 3794 fluctus
2574 3722 2652 3775 tui
2675 3722 2740 3775 ⁵³⁸.

1914 3819 2003 3874 10.
2033 3818 2183 3873 Inter
2217 3817 2449 3873 medium
2502 3815 2759 3869 montium
2805 3810 3199 3883 pertransibunt
3242 3822 3411 3879 aqua;

1843 3911 2253 3968 Providentiam
2290 3909 2530 3965 celebrat
2557 3906 2868 3962 tninutatim
2898 3912 3046 3976 gesta
3074 3902 3195 3971 ejus
3231 3915 3416 3969 perse-

1844 4019 2040 4076 quens,
2083 4002 2297 4059 scilicet
2321 4000 2631 4056 bonitatem
2663 3998 2785 4068 ejus
2817 4011 2940 4052 cum
2980 3993 3246 4064 sapientia
3287 4006 3417 4046 con-

1841 4098 2088 4168 junctam
2131 4095 2383 4160 miratur,
2450 4107 2660 4148 necnon
2700 4086 3163 4161 perseverantiam
3221 4083 3314 4138 Dei
3359 4083 3417 4137 in

1843 4190 2103 4247 curandis
2131 4189 2314 4244 brutis
2362 4184 2769 4242 animantibus:
2804 4196 2928 4236 nam
2977 4187 3264 4250 postquam
3297 4176 3414 4243 ipsa

1842 4283 2120 4348 condidit,
2173 4281 2364 4336 eadem
2416 4278 2588 4333 nutrit
2632 4285 2685 4330 et
2741 4280 2910 4345 potat.
2967 4270 3149 4337 Quare
3200 4274 3414 4320 montes

1845 4377 2120 4440 scindens,
2154 4371 2311 4443 aquis
2339 4371 2628 4426 transitum
2657 4367 2959 4420 fabricatus
2992 4370 3095 4418 est.

222 4453 522 4507 Ποτιοῦσι
552 4452 749 4508 πάντα
775 4455 849 4510 τὰ
876 4457 1049 4525 θηρία
1084 4456 1189 4510 τοῦ
1215 4456 1423 4525 ἀγροῦ.
1459 4456 1615 4511 Οὕτω
1642 4458 1736 4511 καὶ

1915 4469 2006 4523 Η.
2040 4466 2514 4521 Potabuntomnes
2556 4461 2733 4514 bestiae
2760 4459 2897 4527 agri.
2945 4458 3022 4509 lla
3071 4453 3248 4509 brutis
3298 4451 3417 4506 anis

156 4544 264 4597 τῶν
288 4545 508 4614 ἀλόγων
539 4542 695 4608 ζώων
725 4548 819 4601 καὶ
869 4547 1114 4620 ἑρπετῶν
1142 4548 1238 4602 καὶ
1265 4548 1469 4621 θηρίων
1500 4554 1736 4621 προνοεῖ,

157 4637 231 4702 t'o;
262 4640 364 4692 καὶ
395 4638 611 4702 τούτοις
642 4640 705 4694 τὸ
734 4639 871 4712 πρὸς
896 4639 1042 4713 ζωὴν
1066 4643 1337 4714 χρήσιμον
1367 4644 1735 4714 ἐπιχορηγεῖν.

159 4728 610 4798 Προσδέξονται
632 4729 871 4801 ὄναγροι
894 4734 983 4799 είς
1002 4731 1190 4802 δίψαν
1211 4732 1430 4787 αὐτῶν.
1455 4733 1563 4786 Καὶ
1582 4732 1740 4787 τοῦτο

158 4821 255 4891 τῆς
282 4820 387 4890 σῆς
429 4821 688 4892 προνοίας
727 4822 875 4875 ἐστὶν
904 4822 1082 4896 ἔργον,
1117 4824 1177 4878 τὸ
1221 4824 1295 4897 μὴ
1330 4825 1490 4896 μόνον
1521 4824 1607 4879 διὰ
1641 4825 1739 4890 τὰς

159 4912 284 4983 περὶ
306 4911 650 4983 χειμάρρους
677 4911 825 4985 ὥρας
856 4915 914 4967 ὲν
943 4916 1063 4979 ταῖς
1094 4915 1333 4988 φάραγξι
1356 4917 1449 4970 καὶ⁸
1482 4919 1594 4981 τοῖς
1615 4916 1740 4971 Θάλ-

160 5018 326 5056 must
374 5003 567 5068 τόποις
600 5003 771 5067 ὕδατα
797 5005 1054 5071 δίδοσθαι,
1083 5006 1217 5061 ἀλλὰ
1236 5008 1344 5081 γὰρ
1370 5009 1464 5062 καὶ
1506 5007 1609 5063 ἀνὰ
1645 5008 1740 5079 μέ-

162 5105 252 5145 σον
273 5091 387 5145 τῶν
416 5093 612 5166 ὀρέων,
642 5095 791 5159 ὅπως
818 5094 885 5150 ἂν
916 5096 1025 5150 τῶν
1050 5096 1257 5168 ἀγρίων
1282 5097 1435 5163 ζώων
1458 5097 1527 5152 τὰ
1552 5098 1740 5170 ἥμερα

159 5181 617 5255 ὀιαδράσκωνται,
652 5187 712 5239 ὲν
731 5186 850 5260 ὦρᾳ
879 5187 1375 5245 διαναπαύσωνται.

229 5274 494 5337 Ποτίζων
542 5276 650 5345 ὄρη
691 5280 759 5332 ἐκ
789 5278 910 5333 τῶν
953 5279 1235 5350 ὑπερῴων
1279 5283 1485 5337 αὐτοῦ.
1521 5282 1737 5347 Ποτίζει

162 5365 270 5437 γὰρ
299 5364 404 5436 ὅρη
439 5367 537 5421 καὶ
582 5368 741 5421 πεδία
784 5370 882 5423 οὐκ
933 5372 1043 5425 ἀπὸ
1088 5373 1194 5426 τῶν
1239 5374 1298 5426 ὲν
1331 5378 1451 5438 ταῖς
1498 5373 1736 5447 φάραγξι

162 5455 376 5526 πηγῶν,
412 5457 445 5528 ἦ
497 5458 606 5511 τῶν
643 5460 955 5530 φερομένων
982 5462 1122 5516 κατὰ
1155 5463 1260 5533 γῆς
1293 5465 1573 5536 ποταμῶν,
1620 5465 1736 5519 ἀλλ’

166 5546 370 5601 ἄνωθεν
395 5550 522 5613 τοὺς
551 5550 849 5621 αὐτάρκεις
898 5553 1145 5624 χορηγῶν
1180 5555 1386 5619 ύετούς.
1428 5557 1560 5612 Ἀπὸ
1597 5574 1736 5625 καρ-

241 5725 408 5783 ‘Nob
452 5746 686 5793 xxxvm,
738 5731 811 5786 ll.

1843 4558 2122 4618 mantibus
2171 4565 2282 4611 tam
2331 4553 2618 4624 reptilibus
2671 4563 2835 4620 quam
2887 4548 3021 4603 feris
3051 4545 3321 4616 providet,
3357 4552 3416 4599 ut

1841 4653 1975 4725 ipsis
2017 4649 2325 4706 necessaria
2358 4647 2426 4702 ad
2462 4645 2628 4699 vitam
2660 4641 2986 4712 suppeditet.
3023 4636 3416 4707 Exspectabam

1842 4742 2030 4812 onagri
2058 4743 2111 4795 in
2136 4740 2227 4795 siti
2258 4754 2378 4792 sua.
2410 4735 2477 4790 Et
2504 4735 2634 4790 illud
2667 4747 2888 4805 quoque
2923 4731 3280 4803 providentia:
3315 4743 3418 4782 une

1842 4851 1980 4906 opus
2007 4843 2114 4901 est,
2144 4844 2206 4888 ut
2231 4846 2339 4885 non
2373 4830 2550 4884 solum
2583 4829 2650 4884 ad
2680 4828 2930 4883 decorem
2959 4826 3167 4881 circum
3213 4831 3418 4876 torren-

1843 4937 1926 4985 tes
1947 4938 2111 4998 atque
2142 4927 2198 4981 in
2230 4923 2464 4980 vallibus
2507 4938 2572 4978 ac
2611 4920 2917 4977 virentibus
2950 4917 3086 4972 locis
3130 4929 3286 4983 aqua
3316 4914 3413 4967 da-

1840 5028 2027 5077 rentur
2054 5034 2283 5088 ;verum
2323 5019 2486 5074 etiam
2531 5016 2673 5071 inter
2714 5012 2952 5069 medium
2983 5006 3272 5069 montium,
3304 5019 3416 5074 quo

1840 5117 2136 5183 agrestium
2195 5111 2557 5167 animantium
2607 5105 2976 5164 mansuetiora
3011 5097 3329 5169 confugiant
3361 5106 3416 5151 et

1838 5206 1894 5260 in
1925 5204 2175 5275 specioso
2207 5204 2328 5257 loco
2355 5202 2659 5273 quiescant.

1913 5298 2003 5353 i5;
2042 5297 2244 5367 Rigans
2271 5305 2473 5348 montes
2514 5292 2577 5347 de
2617 5287 2972 5360 superioribus
3002 5284 3133 5338 suis.
3168 5281 3328 5361 Rigat
3356 5296 3414 5335 c-

1837 5391 1951 5445 nim
1980 5397 2196 5443 montes
2227 5394 2281 5442 et
2306 5398 2549 5454 campos,
2574 5396 2684 5435 non
2713 5395 2777 5433 ex
2809 5375 3055 5432 fontibus
3075 5372 3167 5443 qui
3200 5371 3252 5424 in
3281 5384 3413 5423 con-

1836 5481 2077 5537 vallibus
2105 5487 2250 5543 sunt,
2284 5485 2379 5531 aut
2412 5491 2477 5531 ex
2507 5472 2826 5528 ﬂuminibus
2854 5470 2908 5524 in
2937 5480 3085 5523 terra
3133 5460 3406 5520 mananti-

1835 5573 1960 5642 bus,
1990 5571 2086 5631 sed
2136 5571 2369 5641 desuper
2403 5566 2741 5622 abundantes
2784 5560 3142 5634 suppeditans
3177 5557 3409 5628 plmias.
