3778 6276
365 292 471 350 639

1203 296 1259 352 S.
1300 294 1676 356 ATHANASII
1712 300 1861 357 OPP.
1900 301 2082 358 PARS
2120 302 2210 358 lll.
2245 333 2317 346 —
2353 303 2760 362 EXEGETlCA.

3481 305 3599 361 4m

369 412 442 465 he
486 410 663 480 fructu
708 425 924 480 operum
970 419 1179 466 tuorum
1223 415 1508 470 satiabitur
1546 424 1707 471 terra.
1772 415 1925 472 Sicut

2071 418 2142 473 οὕ
2166 418 2286 474 τῶν
2310 419 2500 491 ἔργων
2527 437 2643 476 σου
2672 419 3149 490 χορτασθήσεται
3170 421 3209 490 ἡ
3238 420 3335 491 τῆ.
3375 420 3594 494 Ὠσπερ

364 517 629 572 aquarum
660 503 872 572 copiam
903 502 1069 568 dedit,
1110 505 1183 559 ita
1213 513 1266 559 et
1308 505 1622 562 alimentum
1670 523 1738 563 ex
1780 515 1924 563 terra

2071 505 2133 560 Iw
2162 506 2369 562 ὑδάτων
2394 507 2591 563 δέδωκε
2622 507 2722 580 τὴν
2767 508 3032 579 χορηγίαν
3058 550 3074 574 ,
3121 508 3294 574 οὕτως
3334 512 3427 564 καὶ
3476 510 3593 565 ἀπὸ

363 594 597 665 paravit.

434 686 525 750 ﬂ,
567 687 655 742 15.
709 685 1016 742 Producens
1061 687 1237 757 fenum
1276 688 1572 759 jumentis,
1610 698 1661 743 et
1712 688 1922 744 herbam

363 777 603 833 servituti
666 777 959 833 hominum.
1031 777 1357 833 Servitutem
1418 779 1701 835 hominum
1763 787 1922 834 vocat

364 878 652 924 mansueta
687 869 966 937 animalia,
998 879 1060 924 ut
1088 879 1217 927 sunt
1243 871 1360 936 bos,
1393 872 1583 927 asinus
1622 880 1678 928 et
1701 872 1917 927 similia.

366 961 432 1017 Ut
466 962 660 1016 educas
683 979 870 1032 panem
897 964 961 1021 dc
1001 972 1164 1017 terra.
1212 962 1355 1029 Ideo,
1403 964 1601 1034 inquit,
1644 965 1921 1034 jumento-

360 1068 484 1108 rum
516 1069 702 1108 curam
735 1054 993 1119 habuisti,
1038 1064 1098 1109 ut
1128 1056 1412 1111 arantibus
1453 1055 1563 1111 illis
1614 1058 1921 1112 necessaria

361 1144 429 1197 ad
479 1145 681 1199 victum
718 1144 1079 1201 inveniamus.
1124 1144 1306 1201 Nostri
1348 1147 1493 1202 enim
1527 1149 1698 1220 gratia
1736 1149 1921 1202 omnia

362 1236 453 1290 illa
480 1235 740 1291 beneﬁcia
768 1234 997 1291 confert.
1124 1230 1137 1249 ¹

434 1328 645 1393 16,17.
696 1327 1098 1392 εαιιιναιιιιιιιιιτ
1142 1329 1290 1400 ligna
1337 1331 1530 1400 campi.
1584 1328 1828 1387 Dederat
1856 1347 1920 1386 ea

359 1436 481 1491 qua:
522 1421 575 1474 in
610 1420 763 1475 silvis
798 1427 1050 1491 vegetam
1073 1422 1239 1493 ligna,
1265 1422 1416 1476 verbi
1463 1422 1656 1493 gratia,
1707 1424 1918 1486 cedros,

358 1521 415 1566 et
442 1520 654 1575 caetera,
684 1511 805 1580 ejus
840 1520 973 1566 nutu
1002 1512 1246 1584 augenda
1280 1511 1417 1569 fore.
1448 1513 1613 1569 Facta
1662 1522 1788 1569 sunt
1819 1530 1920 1568 au-

358 1611 466 1658 tem
503 1602 593 1656 illa
626 1611 927 1673 et'propter
950 1603 1056 1658 alia
1098 1604 1370 1675 quaedam,
1425 1621 1660 1674 quorum
1704 1605 1919 1675 experi-

2023 594 2125 664 γῆς
2151 595 2443 666 τρέφεσθαι
2475 596 2903 664 παρεσκεύασεν.

2103 687 2159 739 '0
2195 688 2612 752 ἐξανατέλλων
2637 693 2856 758 χόρτον
2884 690 3010 757 τοῖς
3034 689 3300 757 κτήνεσι,
3327 693 3421 761 καὶ
3442 694 3593 764 χλό-

2023 795 2103 846 ην
2119 777 2193 847 τῇ
2221 778 2465 848 δουλείᾳ
2479 781 2598 835 τῶν
2618 781 2960 852 ἀνθρώπων.
2979 782 3229 836 Δουλείαν
3248 784 3354 836 τῶν
3377 783 3592 856 ἀνθρώ-

2024 882 2139 927 πων
2170 872 2239 925 τά
2266 873 2448 944 ἥμερα
2472 873 2578 927 τῶν
2600 874 2810 946 κτηνῶν
2840 891 3023 945 φησιν,
3047 870 3157 928 οἷον
3188 874 3313 946 βοῦς
3343 876 3433 929 καὶ
3463 876 3591 940 δνος

2023 962 2115 1015 καὶ
2143 962 2210 1016 τὰ
2241 964 2419 1034 ὅμοια.
2455 965 2565 1019 Τοῦ
2606 964 2918 1035 ἐξαγαγεῖν
2961 965 3143 1033 ἄρτον
3185 967 3254 1020 ἐκ
3297 965 3404 1034 τῆς
3446 966 3585 1036 γῆς.

2022 1052 2118 1105 Διὰ
2146 1052 2322 1115 τοῦτο,
2371 1054 2554 1124 φησὶν,
2595 1055 2918 1127 ἐφρόντισας
2966 1054 3074 1109 τῶν
3130 1054 3362 1125 κτηνῶν,
3397 1055 3482 1109 ἴνα
3514 1055 3587 1109 δι’

2022 1144 2203 1199 αὐτῶν
2228 1145 2617 1217 γεωργούντων
2641 1144 2708 1199 τὰ
2740 1145 2875 1216 πρὸς
2907 1144 3050 1217 ζωὴν
3079 1145 3348 1217 εὕρωμεν.
3398 1147 3591 1202 Πάντα

2021 1228 2128 1300 γὰρ
2166 1231 2348 1284 ἐκεῖνα
2373 1230 2529 1302 ἡμῶν
2561 1232 2719 1303 χάριν
2744 1233 3036 1304 εὐεργετεῖ.

2091 1320 2571 1388 Χορτασθήσεται
2606 1323 2680 1378 τὰ
2708 1323 2864 1388 ξύλα
2905 1323 3011 1379 τοῦ
3064 1324 3293 1379 πεδίου.
3336 1327 3587 1385 Διὶκνυσι

2021 1409 2115 1462 καὶ
2141 1407 2211 1461 τὰ
2237 1409 2297 1462 ἐν
2325 1408 2515 1481 δρυμῷ
2545 1409 2777 1476 αὔξοντα
2802 1410 2951 1477 ξύλα,
2984 1406 3095 1467 οἷον
3134 1413 3356 1486 κέδρους
3384 1416 3476 1468 καὶ
3509 1416 3586 1470 τὰ

2019 1497 2200 1570 ἔτερα,
2228 1501 2339 1563 τοῖς
2364 1498 2531 1552 αὑτοῦ
2553 1498 2814 1572 νεύμασιν
2847 1499 3261 1574 αύξηθήσονται.
3297 1504 3490 1573 Γέγονε
3526 1503 3588 1556 δὲ

2020 1590 2192 1645 ταῦτα
2221 1592 2316 1646 καὶ
2362 1592 2431 1645 δι’
2474 1593 2637 1665 ἕτερα
2675 1594 2773 1665 μὲν
2801 1595 3049 1659 πλεῖστα.
3083 1589 3159 1651 ὧν
3203 1597 3299 1651 καὶ
3334 1598 3431 1669 τὴν
3462 1601 3589 1652 πεῖ·

359 1704 605 1750 mentum
644 1695 911 1751 habemus
933 1737 950 1762 ,
996 1705 1053 1751 et
1088 1697 1157 1752 ad
1192 1696 1352 1753 nidos
1385 1712 1691 1768 passerum.
1734 1696 1920 1751 Erodii

2071 1697 2122 1734 ιν
2153 1679 2367 1752 ἔχομεν,
2402 1682 2497 1737 καὶ
2536 1682 2644 1738 τῶν
2672 1683 2964 1756 στρουθίων
2996 1684 3053 1738 δὲ
3090 1686 3170 1750 είς
3207 1686 3418 1750 καλιάς.
3473 1688 3587 1742 Τοῦ

360 1787 548 1841 domus
576 1786 688 1840 dua:
715 1797 793 1842 est
834 1803 1036 1842 eorum.
1089 1787 1334 1858 Ipsorum
1381 1804 1662 1859 passerum
1702 1789 1778 1844 ait
1818 1790 1919 1844 du—

2071 1770 2262 1825 ›ωδιοῦ
2293 1774 2332 1841 ἠ
2363 1775 2524 1827 obsiet
2565 1774 2789 1845 ἡγεῖται
2837 1775 3055 1829 αὐτῶν.
3100 1777 3288 1831 Αὐτῶν
3337 1779 3436 1848 μὲν
3474 1777 3587 1833 τῶν

359 1891 479 1932 cem
509 1893 631 1934 esse
682 1893 777 1934 seu
819 1888 1079 1948 praestare
1109 1879 1246 1950 ipsis
1296 1879 1472 1934 erodii
1521 1879 1734 1934 nidum.
1783 1877 1922 1945 Quia

2071 1862 2317 1935 ιρουθίων
2345 1865 2593 1936 ἡγεῖσθαί
2636 1883 2799 1938 φησιν
2826 1868 2944 1938 ἤτοι
2978 1868 3077 1939 τὴν
3102 1868 3294 1923 καλιὰν
3323 1868 3417 1923 τοῦ
3447 1870 3591 1940 ἐρω-

357 1967 548 2022 electis
574 1968 830 2023 arborum
872 1969 1212 2033 celsissimis,
1262 1970 1317 2024 in
1362 1970 1634 2026 abietibus
1676 1970 1921 2025 omnium

358 2058 678 2113 editissimis
708 2067 767 2113 ut
794 2058 1089 2128 plurimum
1126 2058 1429 2114 nidiﬁcant.

432 2231 519 2286 18.
552 2230 756 2287 Montes
776 2230 967 2287 excelsi
1001 2232 1187 2288 cerris.
1222 2232 1412 2288 Cervis
1436 2247 1678 2303 quoque,
1726 2231 1823 2299 ait,
1866 2231 1924 2287 in

357 2322 631 2395 refugium
672 2335 886 2381 montes
917 2326 1087 2391 dedit,
1112 2334 1172 2380 ut
1214 2340 1280 2381 eo
1323 2325 1676 2394 confugerent
1713 2340 1743 2378 a
1776 2323 1923 2380 fero-

355 2417 598 2473 cioribus
653 2419 1045 2476 animantibus.
1107 2419 1272 2475 Petra
1324 2420 1583 2489 refugium
1618 2418 1918 2473 herinaciis.

357 2510 826 2577 Quemadmodum
861 2512 1038 2568 cervis
1085 2522 1300 2567 montes
1351 2512 1504 2567 dedit
1548 2511 1617 2566 ad
1648 2510 1876 2566 salutem
1903 2552 1920 2577 ,

361 2603 439 2656 ita
469 2611 524 2657 et
556 2617 807 2657 recessus
834 2612 1115 2673 petrarum
1148 2603 1443 2659 heriuaeiis
1488 2602 1603 2658 sive
1652 2601 1923 2658 cuniculis

359 2693 524 2749 dedit.
559 2694 740 2761 Quare
768 2693 1200 2751 incolumitatem
1233 2693 1379 2749 nacti
1430 2695 1529 2762 illi,
1585 2705 1643 2750 ut
1670 2695 1921 2764 superius

359 2784 566 2839 dictum
604 2795 685 2840 est
709 2804 722 2840 :
750 2784 827 2840 De
854 2786 1024 2841 medio
1062 2795 1332 2855 petrarum
1361 2786 1565 2840 dabunt
1593 2801 1756 2840 voces.
1785 2784 1923 2840 Lau-

354 2878 478 2933 dem
512 2879 762 2934 videlicet
787 2879 980 2935 dantes
1012 2881 1250 2936 servanti
1280 2882 1449 2949 ipsos.

427 3037 513 3092 l9.
556 3036 704 3091 Fecit
742 3038 925 3093 lunam
967 3040 1025 3093 in
1054 3048 1308 3108 tempora.
1347 3037 1599 3094 Rccurrit
1632 3039 1824 3094 iterum
1853 3038 1921 3095 ad

2020 1952 2159 2020 διοῦ,
2183 1954 2272 2008 διὰ
2299 1955 2359 2009 τὸ
2390 1956 2456 2010 τὰ
2486 1956 2794 2029 ὑψηλότατα
2834 1958 2942 2012 τῶν
2970 1958 3199 2030 δένδρων
3237 1959 3596 2031 καταλαμϐά-

2021 2063 2178 2100 νοντα
2200 2048 2495 2102 νεοττεύειν
2526 2048 2602 2113 ῶς
2644 2050 2846 2104 ἐπίπαν
2883 2051 2942 2103 ἐν
2977 2050 3192 2116 ἐλάταις
3232 2053 3353 2117 ταῖς
3397 2050 3593 2106 πασῶν

2021 2138 2385 2210 ύψηλοτάταις
2414 2139 2523 2193 τῶν
2551 2141 2783 2212 δένδρων

2094 2231 2241 2300 Ὄρη
2263 2230 2336 2285 τὰ
2359 2230 2571 2300 ὑψηλὰ
2595 2231 2722 2299 ταῖς
2744 2233 3011 2304 ἐλάφοις.
3046 2233 3158 2289 Καὶ
3188 2235 3307 2297 ταῖς
3344 2232 3588 2301 ἐλάφοις⁹

2021 2323 2174 2393 φησὶ,
2207 2323 2406 2377 δέδωκε
2448 2322 2518 2377 τὰ
2565 2324 2666 2395 ὅρη
2714 2324 3034 2397 καταφυγὴν
3082 2326 3176 2379 ἐπὶ
3220 2325 3283 2380 τὸ
3328 2326 3591 2394 ἐκφυγεῖν

2019 2413 2127 2469 τῶν
2169 2414 2322 2479 ζώων
2357 2414 2428 2469 τὰ
2474 2414 2804 2489 ἀγριώτερα.
2869 2415 3063 2486 Πέτρα
3107 2415 3415 2486 καταφυγὴ
3460 2415 3593 2481 τοῖς

2019 2506 2294 2577 λαγωοῖς.
2348 2508 2561 2580 Ὥσπερ
2606 2508 2675 2562 τὰ
2722 2508 2822 2581 δρη
2863 2511 2943 2573 είς
2983 2508 3253 2579 σωτηρίαν
3306 2510 3427 2572 ταῑς
3464 2507 3592 2561 ἐλά-

2020 2613 2140 2667 φοις
2181 2596 2481 2660 ἀπέδωκεν,
2528 2595 2701 2660 οὕτως
2730 2596 2824 2651 καὶ
2868 2597 2968 2661 τὰς
3001 2596 3318 2661 καταδύσεις
3348 2596 3455 2651 τῶν
3484 2613 3589 2650 πσ-

2017 2687 2164 2760 τρῶν
2218 2689 2330 2751 τοῖς
2368 2687 2617 2757 λαγωοῖς.
2680 2689 2771 2742 Διὸ
2812 2688 2878 2760 δὴ
2925 2689 3021 2742 καὶ
3066 2689 3222 2746 αὐτοὶ
3264 2690 3330 2743 ἐκ
3379 2688 3592 2742 τούτων

2022 2762 2315 2851 σωζόμενοι
2345 2782 2403 2833 ἐν
2429 2783 2543 2844 τοῖς
2565 2781 2741 2834 ὀπίσω
2771 2779 2957 2850 ἔλεγον
2983 2781 3045 2835 τό
3070 2797 3086 2811 ·
3126 2781 3222 2834 Ἐκ
3241 2780 3437 2847 μέσου
3464 2778 3593 2834 τῶν

2019 2870 2251 2942 πετρῶν
2282 2870 2552 2925 δώσουσι
2605 2870 2829 2942 φωνάς.
2870 2871 3158 2937 Αίνοῦντες
3192 2871 3446 2944 ,δηλονότι
3493 2871 3591 2924 τὸν

2022 2963 2278 3029 σώζοντα.

2102 3058 2377 3126 Ἐποίησε
2406 3055 2680 3124 σελήνην
2720 3059 2809 3123 εις
2833 3058 3096 3126 καιρούς.
3142 3055 3449 3128 Ἀνατρέχει
3478 3054 3590 3109 πά-

351 3131 753 3201 providentiam
786 3148 909 3202 qua:
953 3133 1008 3187 in
1039 3134 1193 3190 ccelis
1239 3143 1480 3204 apparet.
1510 3132 1577 3191 Et
1615 3135 1686 3190 ob
1715 3136 1918 3191 nullam

2073 3165 2100 3199 ν
2140 3150 2234 3203 ἐπὶ
2258 3124 2357 3220 τὴν
2389 3151 2446 3202 ἐν
2475 3151 2589 3212 τοῖς
2621 3149 2870 3221 οὐρανοῖς
2912 3124 3188 3221 πρόνοιαν.
3225 3124 3316 3202 Δι’-
3340 3124 3490 3201 οῦδὲν
3526 3146 3592 3203 δδ

353 3223 516 3278 aliam
546 3238 771 3279 causam
806 3225 1003 3279 factam
1028 3240 1153 3282 esse
1181 3225 1366 3280 lunam
1406 3225 1558 3290 dicit,
1588 3226 1695 3282 nisi
1720 3227 1789 3281 ad
1823 3243 1921 3283 nu~

355 3330 568 3371 merum
622 3326 676 3371 et
703 3316 1113 3374 distinctionem
1145 3321 1418 3374 mensium
1468 3328 1631 3390 atque
1679 3319 1917 3376 dierum.

357 3405 451 3462 Sol
481 3409 717 3478 cognovit
745 3425 991 3464 occasum
1014 3427 1187 3467 suum.
1216 3410 1411 3468 Divino
1435 3419 1490 3467 et
1519 3413 1635 3483 ipse
1663 3412 1919 3469 mandato

352 3498 756 3567 obtemperans.

430 3588 518 3645 20.
558 3589 797 3645 Posuisti
826 3593 1062 3650 tenebras
1085 3603 1134 3648 et
1165 3593 1312 3662 facta
1335 3607 1410 3649 est
1437 3612 1561 3650 nox.
1592 3594 1707 3653 Hoc
1737 3597 1834 3661 ait,
1862 3605 1921 3653 ut

352 3696 422 3736 ne
475 3681 641 3736 alium
669 3682 800 3749 diei,
855 3684 1025 3740 alium
1072 3687 1253 3742 noctis
1305 3687 1552 3757 opiﬁcem
1598 3702 1721 3745 esse
1767 3688 1917 3745 arbi-

352 3783 526 3829 tremo
535 3791 580 3828 ι’.

421 3866 513 3921 25.
543 3866 727 3921 Exibit
761 3870 915 3925 homo
946 3869 1014 3923 ad
1057 3887 1187 3941 opus
1229 3888 1407 3929 suum.
1442 3871 1706 3927 Homines
1759 3885 1919 3931 nocte

351 3957 787 4026 impediebantur
844 3963 1139 4029 quominus
1190 3978 1287 4033 per
1343 3964 1459 4018 vias
1518 3966 1585 4018 ad
1634 3964 1914 4019 colendam

352 4056 552 4105 terram
580 4060 884 4120 pergerent.
921 4052 1026 4108 Sed
1058 4052 1172 4123 jam
1206 4063 1338 4109 eunt
1390 4055 1678 4126 quaesitum
1712 4070 1916 4123 escam,

350 4139 614 4210 quoniam
647 4158 756 4197 non
799 4142 909 4199 illis
952 4154 1096 4200 terra
1140 4145 1396 4215 producit
1435 4146 1620 4202 fenum
1666 4156 1763 4203 aut
1790 4150 1917 4204 her—

349 4234 500 4289 bam.

415 4324 508 4389 24,
544 4325 643 4381 25.
671 4327 847 4394 Quam
891 4330 1234 4399 magniﬁcam
1282 4340 1407 4386 sunt
1444 4348 1602 4402 opera
1650 4341 1764 4397 tua,
1808 4333 1918 4387 Do-

345 4418 504 4471 mine.
537 4416 837 4487 Postquam
865 4436 1173 4476 sermonem
1204 4421 1271 4477 de
1301 4424 1640 4493 providentia
1670 4426 1914 4495 comple-

346 4508 445 4572 vit,
469 4510 536 4564 ad
568 4511 950 4567 celebrandum
979 4529 1103 4568 eum
1130 4514 1224 4584 qui
1253 4515 1353 4570 ista
1385 4516 1756 4586 condiditjam
1784 4533 1917 4574 cou-

345 4601 601 4665 vertitur,
648 4603 775 4656 hinc
819 4604 1046 4660 auribus
1088 4607 1332 4676 requiem
1359 4624 1580 4677 parans.
1613 4607 1816 4683 Deinde
1847 4611 1914 4665 ad

348 4692 514 4747 aliam
546 4694 897 4761 providentur
920 4710 1129 4765 partem
1156 4701 1521 4771 progreditur,
1557 4702 1797 4758 humida:
1826 4719 1917 4758 na-

349 4791 487 4837 turae
535 4784 823 4839 transitum
870 4800 1176 4842 enarrans:
1228 4805 1349 4858 qua:
1402 4809 1680 4864 nunquam
1726 4794 1917 4864 hujus—

350 4872 497 4927 modi
521 4871 734 4941 fuisset,
766 4874 872 4929 nisi
900 4874 995 4931 Dei
1019 4879 1356 4946 providentia
1378 4883 1674 4951 gubernata
1698 4883 1913 4941 fuisset.

354 4964 547 5020 Omnia
578 4966 635 5019 in
657 4966 922 5034 sapientia
950 4967 1144 5037 fecisti.
1194 4969 1439 5027 Mirabile
1481 4974 1585 5031 hoc
1612 4982 1715 5041 est,
1768 4986 1827 5031 ut
1862 4988 1916 5035 et

351 5059 637 5128 sapientia.
652 5075 760 5129 qua
786 5060 890 5115 hoc
911 5060 1122 5118 eﬂ'ecit:
1153 5070 1239 5118 est
1264 5067 1410 5120 enim
1426 5066 1679 5125 Christus
1699 5069 1793 5126 Dei
1809 5072 1916 5127 vir-

350 5155 441 5202 tus
466 5157 520 5203 et
559 5148 656 5204 Dei
677 5150 965 5221 sapientia.

418 5238 510 5293 9.6.
542 5239 711 5295 Draco
755 5244 855 5299 iste
897 5260 1048 5314 quem
1090 5246 1335 5316 formasti
1377 5248 1446 5302 ad
1487 5249 1816 5305 illudendum
1844 5255 1912 5311 ei.

351 5328 649 5399 Postquam
706 5333 775 5389 de
834 5338 972 5392 mari
1030 5339 1194 5395 verba
1252 5338 1380 5396 fecit
1423 5341 1679 5398 draconis
1732 5343 1917 5414 injecit

350 5425 710 5489 memoriam,
754 5442 878 5482 eum
922 5430 1075 5486 nulla
1112 5431 1218 5487 alia
1263 5432 1331 5487 de
1381 5448 1547 5488 causa
1591 5434 1917 5504 productum

351 5513 504 5570 aiens
532 5531 695 5586 quam
720 5527 780 5572 ut
809 5519 1148 5577 illuderctur.
1169 5522 1234 5577 Et
1250 5523 1373 5594 jure
1398 5524 1615 5595 quidem
1663 5524 1730 5580 de
1778 5526 1915 5582 mari

351 5606 575 5678 loquens
608 5609 772 5680 hujus
816 5612 1086 5687 meminit,
1137 5616 1266 5685 quia
1300 5625 1413 5673 tota
1446 5618 1552 5674 vita
1583 5628 1767 5675 nostra
1816 5633 1915 5677 ceu

1948 4470 1993 4530 D

2019 3241 2205 3313 ἕτερον
2232 3242 2559 3313 γεγενῆσθαι
2576 3240 2674 3312 τὴν
2697 3240 2925 3311 σελήνην
2941 3240 3159 3313 φησὶνῆ
3192 3239 3330 3312 πρὸς
3356 3237 3594 3311 ἀριθμὸν

2019 3333 2113 3387 καὶ
2138 3332 2425 3402 διάγνωσιν
2464 3331 2647 3402 μηνῶν
2667 3349 2727 3385 τε
2750 3331 2846 3386 καὶ
2863 3331 3108 3403 ἡμερῶν.
3134 3331 3197 3384 '0
3234 3329 3407 3397 ἥλιος
3435 3329 3596 3397 ἔγνω

2019 3421 2133 3491 τὴν
2149 3422 2330 3476 δύσιν
2342 3421 2549 3477 αὑτοῦ.
2568 3420 2706 3492 Θείῳ
2723 3421 2814 3477 καὶ
2828 3421 2991 3486 αὐτὸς
3006 3420 3386 3494 προστάγματι
3403 3438 3471 3473 πε
3479 3418 3595 3473 ιΘό-

2023 3526 2202 3583 μενος.

2091 3602 2275 3657 ’Ἐθου
2302 3601 2521 3666 σκότος
2561 3600 2658 3654 καὶ
2710 3599 2947 3670 ἐγένετο
2991 3598 3130 3665 νύξ.
3184 3596 3354 3653 Τοῦτό
3400 3614 3591 3669 φησιν,

2019 3691 2107 3748 ἵνα
2142 3690 2217 3764 μὴ
2245 3692 2402 3747 ἄλλον
2426 3691 2756 3763 δημιουργὸν
2786 3692 2886 3762 τῆς
2914 3690 3145 3765 ἡμέρας,
3182 3690 3277 3744 καὶ
3304 3689 3456 3744 ἄλλον
3487 3690 3594 3761 τῆς

2018 3780 2210 3843 νυκτὸς
2231 3779 2582 3852 λογισώμεθα
2614 3777 2774 3834 εἶναι.

2102 3871 2518 3936 Ἐξενίεύσεται
2563 3861 2871 3940 ἄνθρωπὸς
2907 3870 3005 3925 ἐπὶ
3054 3870 3122 3925 τὸ
3158 3870 3335 3940 ἔργον
3375 3870 3592 3925 αὑτοῦ.

2019 3960 2081 4013 Oi
2107 3959 2382 4028 ἂνθρωποι
2407 3959 2604 4026 ἐξιέναι
2626 3947 2685 4013 τε
2712 3961 2847 4031 πρὸς
2867 3960 3020 4024 ὁδοὺς
3055 3961 3147 4013 καὶ
3180 3961 3282 4031 γῆς
3324 3960 3592 4031 ἐργασίαν

2020 4049 2343 4104 ἐκωλύοντο.
2380 4050 2555 4105 Τανῦν
2595 4052 2651 4104 δὲ
2696 4052 2888 4116 νυκτὸς
2919 4051 3086 4118 ἔξεισι
3121 4051 3410 4121 ζητοῦντες
3443 4051 3594 4123 396;-

2021 4160 2103 4196 σιν
2127 4144 2276 4216 παρὰ
2306 4143 2442 4197 Θεοῦ
2469 4162 2482 4174 ο
2515 4146 2634 4198 ἐπεὶ
2668 4146 2744 4217 μὴ
2770 4146 2864 4200 καὶ
2890 4146 3071 4209 αὐτοῖς
3093 4146 3419 4212 ἐξανέτειλεν
3447 4149 3483 4216 ἡ
3513 4148 3591 4218 γῆ

2018 4236 2209 4309 χόρτον
2246 4237 2279 4308 ἢ
2306 4237 2487 4309 χλόην.

2102 4330 2196 4395 Ὧς
2227 4330 2599 4399 ἐμετα.ῑύνθη
2624 4330 2694 4384 τὰ
2723 4330 2868 4400 ἔργα
2895 4346 3033 4394 σου,
3062 4330 3259 4398 Κύριε.
3303 4327 3405 4380 Τὸν
3458 4328 3593 4398 περὶ

2019 4422 2116 4492 τῆς
2144 4422 2400 4493 προνοίας
2429 4420 2708 4488 διεξελθὼν
2729 4422 2908 4491 λόγον.
2939 4422 3032 4476 ἐπὶ
3055 4420 3221 4492 ὕμνον
3249 4418 3341 4473 τοῦ
3365 4416 3594 4471 κτίσαν-

2018 4527 2107 4574 τος
2146 4511 2238 4563 τὸν
2272 4510 2428 4579 λόγον
2469 4509 2753 4581 μετέϐαλε,
2778 4509 3121 4564 διαναπαύων
3144 4508 3330 4582 ῶσπερ
3352 4506 3440 4561 διὰ
3462 4506 3593 4559 τού-

2017 4620 2109 4657 του
2160 4602 2257 4674 τὴν
2296 4602 2487 4673 ἀκοήν.
2534 4597 2669 4655 Εἶτα
2716 4601 2877 4655 πάλιν
2919 4602 3004 4670 ἐφ’
3034 4600 3218 4672 ἕτερον
3275 4600 3438 4669 μέρος
3484 4598 3591 4668 τῆς

2020 4695 2273 4766 προνοίας
2322 4692 2558 4765 ἔρχεται,
2595 4693 2694 4764 τὴν
2728 4694 2784 4746 ἐν
2802 4694 2867 4763 τῇ
2902 4692 3045 4763 ὑγρᾷ
3070 4691 3293 4763 πορείαν
3323 4689 3594 4758 ἀναγγέλ-

2016 4782 2123 4836 λων
2160 4783 2291 4852 ἡμῖν
2315 4798 2328 4812 ο
2380 4782 2501 4852 ἥτις
2545 4781 2645 4834 οὐκ
2688 4779 2755 4833 ἂν
2782 4779 2999 4849 ἐγένετό
3036 4798 3188 4845 ποτε,
3241 4779 3316 4851 μὴ
3354 4780 3452 4849 τῆς
3489 4778 3589 4833 τοῦ

2015 4870 2151 4925 Θεοῦ
2182 4873 2239 4924 ἐν
2290 4871 2438 4942 αὐτῷ
2473 4868 2908 4943 διακυϐερνώσης
2938 4870 3211 4942 προνοίας.
3263 4868 3465 4924 Πάντα
3515 4870 3592 4924 ἐν

2015 4964 2202 5035 σοφίᾳ
2230 4963 2543 5030 ἐποίησας.
2576 4963 2960 5035 Θαυμαστικὸν
2984 4963 3048 5036 δὴ
3075 4962 3155 5030 τὸ,
3178 4962 3254 5027 ὡς
3290 4961 3386 5016 καὶ
3420 4963 3589 5031 σοφία

2015 5051 2138 5131 ἐν
2173 5056 2350 5110 πάντα
2379 5055 2633 5127 ἐποίησεν
2674 5056 2703 5109 ὁ
2752 5056 2991 5128 Κύριος·
3034 5055 3148 5111 ἔστι
3197 5053 3306 5126 γὰρ
3350 5054 3588 5124 Χριστὸς

2016 5147 2150 5203 Θεοῦ
2172 5146 2402 5219 δύναμις
2425 5148 2521 5201 καὶ
2549 5146 2686 5202 Θεοῦ
2715 5148 2896 5219 σοφία.

2077 5238 2315 5306 Δράκων
2339 5234 2513 5305 οὗτος
2529 5239 2599 5293 ὃν
2618 5241 2889 5307 ἔπλασας
2909 5238 3207 5309 ἐμπαίζειν
3228 5237 3407 5303 αὐτῷ.
3432 5239 3587 5309 Παρ-

2016 5329 2237 5384 ενέδαλε
2288 5329 2367 5401 τῷ
2392 5330 2494 5401 τῆς
2526 5330 2792 5402 θαλάττης
2825 5330 2966 5401 λόγῳ
3004 5329 3101 5401 τὴν
3145 5330 3272 5401 περὶ
3315 5327 3410 5382 τοῦ
3451 5328 3590 5400 δρά-

2015 5436 2201 5485 κοντος
2231 5422 2450 5493 μνήμην
2476 5422 2834 5493 γεγενῆσθαι·
2869 5421 2936 5473 δι’
2992 5423 3144 5477 οὐδὲν
3186 5423 3370 5492 ἕτερον
3404 5422 3589 5491 φήσας

2015 5510 2294 5583 παρῆχθαι
2319 5512 2557 5582 uittam-ll
2596 5514 2675 5575 εἰς
2697 5512 2759 5565 τὸ
2786 5511 3234 5576 καταπαίζεσθαι.
3288 5511 3398 5565 Καὶ
3434 5509 3589 5563 εἰκό-

2017 5620 2123 5668 τως
2158 5602 2316 5674 ἐντῷ
2346 5604 2475 5674 περὶ
2505 5603 2602 5674 τῆς
2642 5602 2916 5674 θαλάσσης
2946 5602 3087 5674 λόγῳ
3116 5601 3304 5657 τούτου
3342 5597 3591 5672 ἐμνημόο
