3778 6276
381 246 490 304 H3

1227 252 1285 309 S.
1328 253 1698 314 ATHANAS"
1735 257 1882 315 OPP.
1925 259 2106 316 PARS
2143 258 2231 316 Ill.
2271 290 2341 303 —
2375 259 2788 320 EXEGETICA.

3515 276 3664 334 αι

379 370 516 418 ratis
542 375 689 427 eum,
715 362 994 434 continget
1031 365 1186 423 vobis
1225 366 1411 424 laetitia
1446 370 1502 425 in
1537 380 1739 437 mente,
1784 380 1838 426 et
1880 381 1937 427 ut

2037 388 2185 426 νεται
2214 371 2472 428 διδάσκει.
2500 376 2566 428 Εί
2591 375 2700 447 γὰρ
2719 374 3012 448 ζητήσητε,
3042 378 3227 449 φησιν,
3251 379 3438 446 αῢτὸν,
3473 399 3663 455 συμ-

379 453 666 509 roboretur
686 467 751 508 ac
779 454 1114 525 gloriﬁcatur
1135 467 1301 531 caput
1326 471 1596 518 nostrum.

446 732 501 788 5.
532 730 794 788 Memento
823 731 1152 789 mirabilium
1184 735 1297 805 ejus
1321 754 1440 808 qum
1464 740 1609 810 fecit.
1644 741 1937 817 Signorum

373 839 570 895 nempe
621 842 743 896 qua:
776 826 831 882 in
886 831 1125 887 adventu
1180 848 1284 890 suo
1329 835 1519 904 edidit,
1551 838 1668 894 sive
1700 840 1755 894 in
1786 838 1937 898 Novo

374 914 744 988 Testamento,
781 921 895 977 sive
919 923 974 978 in
1019 923 1200 982 Veteri
1233 928 1376 992 apud
1417 929 1637 1002 Moysen
1661 942 1715 988 et
1740 935 1937 1004 priscis

371 1010 480 1066 illis
503 1013 726 1068 sanctis.
760 1013 926 1070 Multa
949 1018 1149 1088 quippe
1171 1028 1226 1075 et
1250 1020 1330 1075 illi
1359 1036 1457 1091 per
1484 1021 1682 1079 Filium
1712 1025 1806 1082 Dei
1835 1030 1937 1084 nni-

368 1101 564 1157 rabilia
598 1102 863 1161 fecerunt.
899 1105 1026 1162 llam
1056 1110 1310 1179 gentibus
1338 1112 1476 1169 tradi
1518 1114 1674 1184 jubet
1726 1119 1797 1173 ab
1842 1136 1937 1175 eo-

368 1210 491 1252 rum
520 1198 883 1266 praeconibus,
913 1215 1021 1255 una
1048 1216 1172 1257 cum
1205 1203 1273 1260 iis
1304 1220 1427 1274 quae
1458 1206 1514 1263 in
1557 1206 1710 1266 Novo
1746 1210 1936 1269 Testa-

368 1294 552 1341 mento
579 1303 611 1342 a
645 1287 926 1346 Salvatore
967 1290 1112 1347 facta
1159 1303 1290 1349 sunt
1321 1312 1338 1351 :
1377 1306 1431 1352 et
1475 1299 1638 1356 simul
1678 1319 1936 1374 quteeun-

367 1390 475 1447 que
496 1392 557 1433 os
588 1378 733 1434 illius
756 1379 1044 1449 judicavit,
1075 1397 1200 1438 cum
1253 1398 1352 1453 per
1387 1395 1625 1445 veterem
1678 1402 1793 1447 tum
1838 1410 1935 1464 per

263 1455 270 1525 Ϊ
367 1481 565 1522 novam
590 1467 953 1538 Scripturam.
984 1470 1200 1541 Jubete,
1232 1479 1431 1550 inquit,
1464 1482 1581 1536 haec
1616 1497 1716 1537 ceu
1755 1455 1933 1556 regias

366 1551 514 1619 leges
536 1557 824 1612 custodiri.
860 1557 1120 1632 Prodigia
1153 1564 1267 1634 ejus
1314 1577 1365 1622 et
1400 1569 1611 1639 judicia
1656 1579 1765 1627 oris
1794 1551 1928 1643 ejus.

364 1638 641 1712 Prodigia,
666 1644 932 1702 miracula
961 1651 1172 1708 scilicet
1211 1656 1280 1711 ab
1312 1638 1432 1728 ipso
1458 1661 1625 1728 edita,
1654 1672 1717 1718 ut
1739 1638 1931 1722 ambu-

364 1734 479 1789 lare
511 1751 675 1806 supra
708 1755 878 1808 mare,
931 1755 1210 1802 mortuum
1268 1752 1537 1810 suscitare
1586 1764 1640 1811 et
1698 1767 1927 1828 caetera;

358 1822 566 1894 judicia
596 1838 775 1884 autem
819 1833 933 1890 oris
980 1838 1122 1907 ejus,
1166 1842 1329 1897 verba
1354 1859 1478 1914 quae
1526 1846 1752 1914 diceret,
1804 1866 1928 1905 cum

364 1913 610 2007 impuros
640 1919 916 1979 dmmones
937 1928 1160 1996 pelleret
1186 1932 1255 1987 ab
1288 1913 1628 2007 hominibus,
1653 1949 1749 1996 aut
1789 1940 1927 1998 Novi

365 2001 697 2066 Testamenti
718 2016 993 2072 mandata.

429 2251 483 2306 6.
520 2252 707 2309 Semen
762 2257 1031 2314 Abraham
1078 2265 1215 2319 servi
1245 2267 1382 2335 ejus,
1416 2269 1520 2338 ﬁlii
1568 2270 1737 2327 Iacob
1775 2274 1928 2330 electi

354 2342 491 2411 ejus.
523 2344 693 2412 Quasi
732 2350 798 2405 ad
826 2344 1101 2421 apostolos
1127 2357 1308 2415 adhuc
1337 2376 1520 2418 sermo
1554 2364 1828 2437 dirigitur,
1865 2377 1926 2424 ut

353 2433 473 2490 haec
513 2437 585 2492 sit
614 2445 912 2497 sententia:
955 2444 1123 2512 Quasi
1167 2464 1353 2506 semen
1405 2454 1637 2511 Abrahae
1667 2433 1728 2512 et
1777 2460 1924 2514 servi

352 2525 493 2594 ejus,
525 2537 580 2582 et
613 2529 707 2584 lilii
736 2530 905 2588 Jacob
938 2543 992 2590 et
1017 2538 1172 2592 electi
1198 2541 1352 2610 ejus:
1386 2542 1406 2612 (
1432 2543 1547 2613 ipse
1592 2561 1828 2617 namque
1866 2566 1925 2604 e-

351 2616 485 2688 legit
516 2621 657 2686 illos,
681 2624 700 2691 )
725 2627 1049 2685 annuntiate
1094 2630 1150 2684 in
1186 2634 1476 2704 gentibus,
1520 2637 1666 2706 quod
1702 2616 1819 2709 ipse
1853 2640 1926 2695 sit

351 2706 618 2768 Dominus
643 2714 786 2771 Deus
820 2727 1026 2776 noster.

422 2892 510 2948 i5.
545 2894 615 2949 Et
635 2901 1056 2967 pertransierunt
1083 2903 1148 2957 de
1172 2915 1321 2975 gente
1345 2907 1401 2961 in
1425 2917 1650 2978 gentem.
1687 2909 1728 2963 A
1759 2919 1919 2982 gente

347 2983 772 3058 Babyloniorum
797 2994 862 3047 ad
898 2992 1237 3053 Palaestinos.

416 3078 503 3133 14.
535 3079 605 3134 Et
644 3085 902 3153 corripuit
942 3101 1036 3154 pro
1066 3088 1141 3141 eis
1188 3105 1350 3159 reges.
1389 3090 1801 3149 Abimelechum
1842 3109 1914 3152 οι)

345 3169 464 3240 ejus
491 3186 617 3242 erga
648 3172 840 3229 Suram
877 3176 1372 3248 intemperantiam.

417 3262 506 3318 15.
542 3263 727 3320 Nolite
760 3276 971 3339 tangere
1012 3270 1238 3328 christos
1277 3291 1438 3331 meos.
1472 3275 1676 3335 Christi
1711 3295 1914 3335 vocan-

342 3362 433 3411 tur
458 3354 732 3414 Abraham
760 3376 886 3416 cum
911 3364 1049 3432 suis,
1077 3367 1204 3436 quia
1237 3366 1294 3422 in
1325 3368 1636 3427 visionibus
1682 3372 1779 3427 lilii
1812 3372 1912 3429 Dei

340 3458 637 3519 conspectu
663 3451 813 3524 digni
839 3455 1006 3511 habiti
1039 3466 1189 3513 sunt.

412 3540 501 3596 16.
534 3542 599 3597 Et
624 3547 825 3600 vocavit
858 3548 1054 3617 famem
1079 3566 1237 3621 super
1280 3561 1496 3610 terram.
1535 3553 1640 3610 Per
1674 3570 1907 3613 (necno-

337 3633 504 3688 miam
537 3634 735 3693 famem
781 3639 1014 3709 induxit,
1065 3652 1125 3698 ut
1151 3644 1269 3713 ejus
1318 3661 1483 3701 causa
1514 3647 1906 3707 descendentes

336 3724 393 3778 in
419 3723 711 3797 Egyptum
751 3739 913 3800 atque
941 3734 1087 3788 aucti
1114 3742 1314 3789 terram
1344 3738 1729 3806 promissionis
1761 3742 1907 3795 acci-

334 3827 549 3885 perent.
592 3818 756 3875 Omne
806 3822 1204 3890 firmamentum
1257 3829 1411 3896 panis
1440 3830 1703 3884 contrivit.
1733 3830 1790 3886 ld
1835 3848 1902 3887 ex

334 3904 415 3958 ira
452 3904 545 3960 Dei
575 3918 814 3977 tempore
869 3909 1034 3966 fannis
1080 3915 1398 3985 contingere
1426 3918 1582 3985 solet,
1623 3926 1685 3973 ut
1707 3933 1901 3977 come-

333 3996 524 4053 dentes
544 3999 794 4055 homines
814 4014 925 4055 non
952 4002 1237 4059 ﬁrmentur
1259 4005 1421 4073 cibo.
1476 4022 1487 4034 '

402 4195 487 4251 18.
522 4194 699 4251 Donec
720 4199 912 4253 veniret
942 4200 1154 4254 verbum
1177 4200 1313 4270 ejus.
1358 4198 1416 4256 Id
1459 4213 1542 4258 est
1587 4204 1902 4275 praedictio-

327 4303 425 4344 nes
461 4290 822 4345 somniorum.
866 4290 957 4345 Ait
991 4291 1156 4363 igitur
1208 4293 1473 4350 hactenus
1502 4298 1644 4352 mala
1676 4313 1933 4369 perpcsg

2042 463 2267 535 ϐήσεται
2292 465 2422 537 ὑμῖν
2448 466 2543 520 καὶ
2570 469 2603 538 ὴ
2641 467 2769 539 περὶ
2794 467 2885 520 τὸν
2913 466 3041 523 νοῦν
3073 470 3405 545 εὐφροσύνη,
3433 476 3545 529 καὶ
3568 476 3660 531 τὸ

2036 556 2442 629 κραταιωθῆναι
2500 559 2595 612 καὶ
2652 558 2975 631 coemam
3024 561 3124 634 τὴν
3184 565 3469 638 ἡμετέραν
3532 585 3659 625 κε-

2039 644 2236 716 φαλήνι

2105 736 2418 807 Μνήσθητι
2441 738 2569 793 τῶν·
2591 740 2938 809 θαυμασίων
2958 740 3145 797 αὐτοῦ
3172 735 3262 797 ὧν
3288 745 3648 815 ἐποίησεν.

2034 818 2139 879 Ὧν
2170 829 2466 898 πεποίηται
2506 827 2655 897 λέγει
2698 831 2758 883 ἐν
2805 833 2871 903 τῇ
2919 833 3192 905 παρουσίᾳ
3240 832 3640 906 θεοσημειῶν,

2035 915 2147 971 εἴτε
2173 918 2280 971 τῶν
2305 920 2363 972 ἐν
2391 921 2455 991 τῇ
2483 921 2658 992 Καινῇ
2689 922 2955 996 Διαθήκῃ,
3005 925 3115 979 εἴτε
3161 925 3269 980 τῶν
3296 927 3354 980 ἐν
3378 929 3451 998 τῇ
3498 928 3643 983 Πα-

2036 1007 2162 1080 λαιᾷ
2189 1008 2339 1081 παρὰ
2365 1011 2571 1082 Μωῦσῃ
2604 1013 2696 1065 καὶ
2724 1015 2836 1076 τοῖς
2869 1014 3133 1087 πρότερον
3174 1017 3372 1086 ἁγίοις.
3420 1018 3638 1074 Πολλὰ

2035 1099 2144 1172 γὰρ
2177 1100 2702 1174 ἐθαυματούργησαν
2749 1107 2845 1159 καὶ
2899 1099 3043 1160 οὗτοι
3083 1107 3170 1161 διά
3205 1109 3310 1162 τοῦ.
3340 1109 3474 1163 Υίοῦ
3514 1111 3634 1165 τοῦ

2035 1190 2193 1247 Θεοῦ.
2222 1192 2406 1248 Ταῦτα
2433 1197 2548 1258 τοῖς
2582 1194 2790 1249 ἔθνεσιν
2829 1195 2905 1261 ὡς
2959 1198 3211 1266 ἀγνοοῦσι
3265 1201 3629 1272 παραδοῦναι

2034 1283 2245 1337 κελεύει
2285 1287 2411 1350 τοὺς
2439 1286 2619 1342 αὐτῶν
2661 1289 2909 1361 κήρυκας
2934 1290 3071 1360 πρὸς
3097 1294 3211 1355 τοῖς
3235 1294 3292 1347 ἐν
3318 1296 3385 1364 τῇ
3421 1294 3624 1367 Καινῇ

2034 1374 2184 1443 παρὰ
2211 1375 2307 1428 τοῦ
2343 1377 2594 1449 Σωτῆρος
2640 1379 3048 1452 γεγενημένοις,
3094 1382 3194 1435 ὅσα
3232 1399 3293 1436 τε
3342 1385 3629 1456 κέκρικεν

2033 1469 2198 1523 αὑτοῦ
2230 1469 2293 1523 τὸ
2338 1471 2513 1542 στόμα
2555 1472 2645 1526 διά
2684 1490 2745 1527 τε
2788 1474 2887 1545 τῆς
2932 1474 3175 1540 Παλαιᾶς
3225 1476 3321 1529 καὶ
3363 1478 3620 1549 Καινῆς.

2044 1560 2132 1624 Ὠς
2179 1560 2245 1615 ἂν
2292 1562 2606 1633 βασιλικοὺς
2648 1566 2844 1636 νόμους
2883 1567 3111 1636 φυλάξαι
3152 1568 3464 1625 κελεύσατε.
3528 1573 3625 1627 Τὰ

2031 1649 2244 1719 τέρατα
2264 1654 2448 1709 αὐτοῦ
2481 1655 2579 1709 καί
2612 1656 2686 1711 τὰ
2729 1657 2982 1726 κρίματα
3008 1658 3115 1713 τοῦ
3149 1662 3447 1729 στόματος
3495 1664 3623 1716 αὐ-

1962 1720 2007 1776 B
2032 1741 2161 1796 τοῦ.
2185 1741 2398 1815 Τέρατα
2420 1744 2518 1814 μὲν
2550 1745 2620 1799 τὰ
2646 1720 2988 1819 γεγενῆμένα
3014 1720 3283 1822 θαύματα,
3310 1753 3387 1817 ὡς
3506 1772 3622 1810 περ-

2033 1831 2329 1903 ριπητῆσαι
2360 1835 2452 1887 ἐπὶ¹
2496 1835 2597 1906 τῆς
2630 1836 2925 1910 Θαλάσσης,
2968 1842 3065 1894 καὶ
3116 1844 3309 1914 νεκρὸν
3357 1845 3619 1918 ἀναστῆ-

2031 1937 2142 1986 σαι,
2172 1924 2265 1977 καὶ
2305 1923 2375 1977 τὰ
2406 1924 2595 1979 λοιπά·
2628 1927 2874 1998 κρίματα
2910 1930 2967 1984 δέ
2999 1933 3092 1985 τοῦ
3134 1933 3401 2005 στόματος
3428 1935 3613 1992 αὑτοῦ

2026 2008 2152 2071 τοὺς
2197 2007 2385 2078 λόγους
2436 2010 2531 2076 οὓς
2565 2012 2751 2083 ἔλεγεν
2769 2055 2784 2080 ,
2835 2016 3070 2073 ἐλαύνων
3129 2020 3267 2075 τῶν·
3294 2024 3613 2097 ἀνθρώπων

2025 2098 2150 2161 τοὺς
2179 2099 2522 2174 ἀκαθάρτους
2546 2102 2803 2175 δαίμονας
2823 2124 2834 2137 ’
2870 2107 2904 2178 ἢ
2939 2109 3032 2162 καὶ
3075 2108 3174 2174 τὰς
3227 2113 3454 2178 ἐντολὰς»
3492 2115 3611 2186 τῆς

2025 2190 2235 2262 Καινῆς
2263 2194 2560 2267 Διαθήκης.

2093 2283 2335 2354 Σπέρμα
2389 2288 2634 2360 Ἀϐραὰμ
2682 2291 2890 2347 δοῦλοι
2922 2294 3128 2358 αὑτοῦ,
3187 2295 3325 2350 Υίοῦ
3392 2298 3610 2354 Ἰακὼό

2025 2375 2314 2432 summa
2353 2380 2563 2435 αὐτοῦ.
2622 2372 2746 2438 Ἔτι
2775 2385 2851 2448 ὡς
2871 2385 3008 2457 πρὸς
3030 2388 3157 2451 τοὺς
3186 2389 3516 2454 ἀποστόλους
3560 2392 3602 2447 ὀ

2023 2461 2198 2533 λόγος,
2232 2463 2375 2542 ἴναῇ
2402 2486 2416 2500 ·
2462 2468 2550 2534 Ὠς
2581 2472 2803 2544 σπέρμα
2855 2474 2952 2545 μὲν
2980 2474 3135 2539 ὅντες
3179 2476 3274 2530 τοῦ
3339 2477 3601 2552 Ἀϐραὰμ

2023 2558 2117 2610 καὶ
2138 2556 2314 2612 δοῦλοι
2340 2559 2525 2626 αὐτοῦ,
2555 2564 2650 2617 καὶ
2688 2564 2796 2618 υίοὶ
2823 2564 2973 2630 ὄντες
3000 2565 3093 2620 τοῦ
3128 2567 3321 2622 Ἰακὼϐ
3366 2570 3461 2623 καὶ
3496 2571 3597 2626 ἐκ·

2019 2647 2200 2703 λεκτοὶ
2219 2650 2382 2705 αὐτοῦ
2428 2651 2448 2725 (
2467 2654 2628 2719 αὐτὸς
2670 2655 2780 2727 γὰρ
2821 2658 3019 2721 αὐτοὺς
3045 2657 3379 2731 ἐξελέξατο),
3415 2662 3602 2731 ἀπαγ-

2018 2739 2233 2807 γείλατε
2255 2742 2314 2797 ἐν
2348 2746 2460 2808 τοῖς
2484 2744 2715 2812 ἔθνεσιν,
2745 2748 2823 2812 ὡς
2849 2750 3010 2814 αὐτός
3037 2751 3153 2805 ἐστι
3178 2752 3380 2824 Κύριος
3405 2752 3593 2820 ὁϐεος

2019 2831 2196 2902 ἡμῶν·

2086 2922 2197 2976 Καί
2223 2921 2473 2992 διῆλθον
2507 2926 2577 2992 ἐξ
2600 2927 2814 2996 ἔθνους
2840 2933 2928 2997 εἰς
2955 2932 3150 3000 ἔθνος.
3185 2934 3317 2987 Ἀπὸ
3346 2933 3439 2987 τοῦ
3473 2934 3585 2989 Βα-

1940 3060 1987 3116 C
2017 3013 2289 3069 ϐυλωνίων
2309 3016 2495 3083 ἔθνους
2512 3022 2593 3084 είς
2613 3021 2674 3075 τὸ
2700 3023 3092 3080 Παλαιστίνων.

2084 3107 2196 3161 Καὶ
2235 3106 2495 3179 ἤλεγξεν
2539 3113 2691 3182 ὑπὲρ
2732 3114 2931 3170 αὐτῶν
2952 3117 3251 3187 βασιλεῖς.
3290 3121 3392 3175 Τδν
3432 3123 3582 3179 ’Δϐι-

2014 3199 2181 3270 μέλεχ
2204 3202 2333 3273 περὶ
2357 3203 2459 3274 τῆς
2492 3205 2572 3268 είς
2597 3206 2813 3278 Σάρραν
2834 3210 3144 3280 παροινίας.

2078 3290 2176 3360 Μὴ
2190 3291 2431 3361 ἅψησθε
2445 3294 2565 3349 τῶν
2581 3298 2848 3366 χριστῶν
2857 3317 2997 3369 μου.
3020 3303 3246 3373 Χριστοὶ
3267 3305 3360 3359 καὶ
3382 3307 3579 3380 οἱπερὶ

2006 3380 2097 3435 τὸν
2141 3382 2410 3456 Ἀϐραὰμ,
2439 3385 2529 3440 διὰ
2558 3386 2619 3440 τὸ
2637 3388 2737 3460 τῆς
2756 3387 2849 3442 τοῦ
2880 3389 3015 3445 Θεοῦ
3049 3393 3226 3463 Λόγου
3255 3398 3577 3467 ἐπιφανείας

2012 3472 2268 3544 ἠξιῶσθαι
2294 3477 2352 3530 ὲν
2379 3479 2672 3549 ὁράσεσινω

2076 3564 2187 3620 Καί
2211 3565 2470 3622 ἐκάλεσε
2512 3569 2696 3639 λιμὸν
2734 3571 2833 3625 ἐπὶ
2875 3571 2992 3641 τὴν
3039 3574 3175 3645 γῆν.
3206 3578 3574 3651 Οἰκονομικῶς

2003 3654 2229 3727 ἐποίησε
2271 3657 2525 3726 γενέσθαι
2570 3659 2663 3714 τὸν
2708 3660 2887 3732 λιμὸν,
2927 3663 3034 3730 ἵνα,
3069 3664 3135 3719 δι’
3166 3666 3329 3721 αὐτὸν
3376 3670 3569 3724 κατελ-

2003 3745 2187 3810 θόντες
2230 3749 2311 3811 είς
2351 3748 2626 3818 Αἴγυπτον
2653 3752 2748 3805 καὶ⁴
2774 3752 3115 3823 αὐξηθέντες,
3152 3757 3250 3830 τὴν
3286 3762 3388 3830 γῆν
3437 3761 3571 3815 ἀπο-

2001 3834 2206 3893 λάϐωσι
2244 3837 2343 3908 τῆς
2366 3839 2717 3908 ἐπαγγελίας.
2743 3841 2874 3897 Πᾶν
2902 3842 3196 3915 στήριγμα
3213 3845 3394 3914 ἄρτου
3416 3864 3566 3903 συν-

1999 3926 2223 3996 έτριψε.
2274 3928 2443 3983 Τοῦτο
2499 3933 2617 3985 κατ’
2644 3932 2812 4005 ὀργὴν
2833 3933 2969 3987 Θεοῦ
2998 3936 3056 3990 ἐν
3087 3940 3199 4003 τοῖς
3218 3938 3394 4010 λιμοίς
3413 3941 3569 3995 εἴωθε

2002 4019 2363 4090 συμϐαίνειν,
2427 4022 2488 4076 τὺ
2547 4022 2624 4096 μὴ
2680 4025 3031 4098 στηρίζεσθαι
3075 4029 3202 4093 τοὺς
3253 4030 3564 4103 ἀνθρώπους

2000 4107 2300 4175 ἐσθίοντας.

2069 4204 2256 4272 Μέχρι
2280 4204 2388 4259 τοῦ
2432 4205 2633 4261 ἐλθεῖν
2658 4208 2766 4263 τὸν
2794 4210 2982 4280 λόγον
3025 4212 3232 4268 αὐτοῦ.
3275 4212 3354 4267 Τὰ
3380 4215 3562 4269 ἀποτε-

1998 4293 2244 4366 λέσματα
2291 4296 2400 4351 τῶν
2431 4299 2697 4353 ἐνυπνίων
2744 4303 2897 4371 φησί.
2935 4303 3099 4372 Λέγει
3133 4300 3246 4369 οῦν,
3288 4305 3369 4358 ὅτι
3403 4306 3558 4378 μέχρι

326 4396 448 4436 sum
482 4398 625 4447 esse,
643 4390 808 4453 atque
836 4383 1029 4454 capitis
1053 4385 1353 4454 periculum
1385 4386 1689 4455 deﬂevisse,
1719 4392 1895 4447 donec
1922 4406 1937 4465 ι

2031 4386 2185 4442 ούτου
2221 4390 2600 4462 ἐκακοπάθησε
2620 4393 2711 4448 τὸν
2741 4395 2881 4467 ὑπὲρ
2912 4395 3089 4465 ψυχῆς
3120 4396 3307 4466 ἀγῶνα
3334 4396 3550 4467 κλαίων,

324 4481 538 4542 tempus
569 4474 821 4543 accessit,
853 4484 914 4531 ut
938 4475 1054 4532 visa
1078 4492 1177 4548 per
1206 4493 1460 4534 somnum
1482 4480 1858 4552 implerentur.

391 4642 484 4698 22.
517 4641 587 4697 Ut
619 4646 851 4699 erudiret
897 4650 1160 4719 principes
1205 4652 1319 4721 ejus
1359 4655 1496 4709 sicut
1531 4657 1887 4726 semetipsum.

321 4734 512 4791 Simile
540 4745 623 4790 est
648 4737 779 4792 illud
813 4757 827 4792 :
867 4738 1056 4793 Nonne
1096 4758 1190 4809 per
1221 4742 1390 4796 Deum
1431 4749 1568 4800 venit
1601 4748 1885 4817 explicatio

315 4828 544 4882 eorum?
596 4826 716 4882 Non
754 4831 900 4883 enim
956 4831 1169 4886 somnia
1195 4831 1501 4891 Pharaonis
1536 4839 1884 4908 explicasset,

194 4990 197 4999 η
314 4919 422 4974 nisi
452 4917 597 4975 Deus
623 4919 865 4976 dedisset
895 4922 999 4992 ipsi
1032 4938 1223 4979 eorum
1254 4925 1689 4999 intelligentiam.

378 5119 471 5174 23.
511 5120 581 5175 Et
611 5124 831 5177 intravit
877 5122 1052 5179 Israel
1078 5126 1133 5179 in
1172 5126 1487 5197 ﬁgyptum,
1514 5142 1564 5186 et
1596 5132 1762 5189 Iacob
1795 5154 1883 5191 ae-

2003 4475 2108 4539 ἒως
2135 4477 2166 4529 ὀ
2208 4476 2315 4531 τῶν
2364 4480 2629 4535 ἐνυπνίων
2660 4482 2851 4555 καιρὸς
2897 4483 3097 4554 ἐπῆλθε
3139 4484 3233 4538 τοῦ
3278 4486 3552 4559 πληρῶσαι

2038 4567 2163 4624 ὑτά.

2000 4585 2163 4624 αυτα.

2073 4660 2184 4713 Τοῦ
2232 4660 2549 4715 παιδεῦσαι
2588 4661 2732 4727 τοὺς
2781 4662 3075 4731 ἄρχοντας
3106 4666 3291 4720 αὐτοῦ
3313 4668 3394 4733 ὡς
3423 4669 3550 4723 ἐαυ-

1995 4751 2120 4804 τόν.
2159 4753 2381 4820 Ὅμοιον
2405 4752 2466 4805 τό
2483 4769 2499 4783 ’
2539 4754 2686 4823 Οὐχὶ
2706 4754 2803 4808 διὰ
2824 4755 2931 4809 τοῦ
2966 4757 3111 4811 Θεοῦ
3133 4760 3171 4827 ἡ
3194 4751 3547 4829 διασάφησις

1993 4842 2192 4896 αὐτῶν
2222 4845 2434 4925 socer;
2466 4846 2542 4899 Οὐ
2581 4845 2691 4918 γὰρ
2729 4847 2883 4901 ἔλυσε
2924 4850 3049 4913 τοὺς
3090 4852 3330 4923 ὀνείρους
3350 4852 3426 4924 τῷ
3450 4856 3547 4909 Φα-

1997 4932 2131 5004 ραὼ,
2157 4933 2232 5006 μὴ
2254 4935 2348 4989 τοῦ
2378 4932 2521 4990 Θεοῦ
2556 4939 2925 5009 παρασχόντος
2951 4942 3010 4994 τὸ
3033 4942 3291 4997 δύνασθαι
3318 4945 3542 5003 συνιέναι

1992 5024 2207 5089 αὐτούς.

2058 5137 2168 5190 Καὶ
2195 5134 2484 5205 εἰσῆλθεν
2510 5140 2747 5208 Ἰσραὴλ
2770 5143 3191 5214 είςΑἵγυπτον,
3222 5146 3318 5200 καί
3356 5148 3543 5202 Ἰακὼϐ

311 5210 429 5263 τοία
460 5212 560 5279 fuit
591 5217 815 5270 interra
859 5217 1047 5274 Cham.
1082 5217 1214 5274 Filii
1258 5219 1391 5286 Noe,
1441 5222 1588 5291 Sem,
1621 5226 1790 5281 Cham
1821 5240 1876 5284 et

2031 5226 2342 5297 αρῴκησεν
2365 5229 2524 5302 ένγῇ
2538 5231 2685 5303 Χάμ.
2705 5234 2824 5287 Υἱοὶ
2844 5210 2988 5297 Νῶε,
3017 5236 3157 5307 Σὴμ,
3176 5238 3326 5308 Χάμ,
3346 5238 3531 5307 Ἱάφετ’
3602 5296 3607 5299 ι

310 5300 522 5371 Japhet.
557 5305 751 5362 Chami
792 5320 971 5365 autem
1024 5312 1169 5367 ﬁlius
1222 5323 1340 5370 erat
1384 5316 1667 5373 Chanaan.
1703 5319 1872 5391 Cujus

2031 5316 2074 5369 δῦ
2090 5317 2145 5370 δὲ
2168 5318 2297 5389 Χὰμ
2325 5300 2461 5383 παῖς
2476 5300 2713 5377 Χαναὰν.
2751 5322 2951 5376 Τούτου
2968 5324 3027 5377 δὲ
3042 5300 3334 5395 Μεστραίμ
3372 5300 3533 5395 ἑρμη-

312 5392 457 5449 ﬁlius
483 5393 758 5452 Mestraim
794 5400 1182 5472 interpretatur
1222 5406 1510 5479 Egyptus,
1561 5426 1589 5464 a
1625 5427 1736 5481 quo
1766 5429 1867 5467 no-

1981 5410 2198 5462 νεύεται
2238 5409 2531 5477 Αἴγυπτος,
2564 5413 2658 5481 ἀφ’
2687 5409 2749 5467 οὗ
2779 5414 2875 5467 καὶ⁹
2916 5415 2949 5484 ή
2998 5414 3171 5485 χώρα.
3212 5415 3340 5467 Ὅτε
3366 5416 3531 5468 τοίνυν

309 5500 434 5539 men
461 5486 611 5556 regio
634 5492 861 5559 accepit.
897 5492 1126 5560 Quando
1156 5498 1318 5569 igitur
1350 5500 1575 5556 intravit
1611 5502 1780 5560 Jacob
1810 5506 1865 5562 in

2033 5499 2226 5570 σῆλθεν
2283 5502 2475 5556 Ἰακὼϐ
2524 5505 2602 5568 εἰς
2646 5504 2921 5572 Αἴγυπτον
2967 5506 3109 5570 εἰκὸς
3157 5502 3227 5576 ἦν
3272 5506 3363 5558 τὸν
3411 5504 3526 5576 Χὰμ

307 5573 619 5646 Egyptum,
642 5581 934 5641 verisimile
956 5597 1040 5641 est
1057 5587 1227 5643 Cham
1252 5606 1411 5646 avum
1437 5593 1734 5650 Mestraimi
1769 5598 1865 5652 ba-

1978 5592 2198 5646 πάππον
2228 5594 2355 5647 ὄντα
2377 5594 2470 5646 τοῦ
2500 5594 2788 5666 Mes-1pan
2832 5597 2888 5648 ἐν
2921 5596 3184 5666 Αἰγύπτῳ
3227 5599 3526 5668 κατῳκηκέ-

307 5664 508 5723 ιιίιειεεθ
543 5667 598 5724 in
650 5667 907 5759 Earpto.
928 5755 937 5761 _
961 5675 1361 5761 ῼιιξωθαξιρὲη,
1384 5680 1691 5765 Prw???
1708 5687 1872 5771 habit
1888 5759 1937 5765 -.

2031 5700 2083 5753 ιι,
2113 5684 2207 5738 τοῦ
2237 5684 2453 5739 Χαναὰν
2478 5686 2568 5738 ἐπὶ
2596 5685 2693 5755 τῆς
2732 5686 3094 5759 Παλαιστίνης
3115 5686 3407 5750 οἰκοῦντος.
3437 5689 3523 5741 Διὰ
