3778 6276
160 289 273 347 με

1295 288 1682 349 ῩΕΧΡΟΒΙΤΙΟ
1719 290 1786 347 ΙΝ
1817 290 2142 349 PSALMUM
2180 286 2286 349 CV.

3337 284 3446 343 Ηϐ

164 426 220 479 Et
246 424 349 479 τοῦ
396 426 629 499 Ἰσραὴλ
657 428 753 481 καὶ
812 426 1031 493 Ἰακὼϐ,
1059 426 1132 492 ,ὃς
1178 427 1427 499 εἰσῆλθεν
1487 431 1567 494 εἰς
1608 431 1749 499 Δῖγυ

1899 438 2045 486 ante.
2079 427 2187 485 Per
2206 429 2457 485 lsraelem
2487 435 2671 485 autem
2697 436 2752 483 et
2782 425 3073 491 Jacobum,
3100 425 3194 496 qui
3223 424 3447 481 lntravit

167 533 328 580 πῖον,
355 520 530 573 mlo!
551 517 742 572 τούτου
764 520 958 582 παῖδες
980 518 1282 590 δηλοῦνται.
1300 520 1388 572 Ἐν
1411 512 1780 591 ἐϐδομήκοντα

165 608 275 678 γὰρ
305 608 530 679 ψυχαῖς
562 610 766 681 κατέϐη
807 609 1026 681 Ἰσραὴλ
1054 612 1135 673 είς
1181 611 1482 679 Αἴγυπτον,
1538 608 1693 666 εἶπεν
1744 615 1779 685 ἡ

170 699 394 772 Γριτρή.
450 701 570 755 Καὶ
614 701 817 755 Ἰακὼϐ
851 700 1207 770 παρῴκησεν
1246 705 1317 758 ἐν
1359 703 1438 774 τῇ
1469 703 1615 774 Χάμ.
1649 704 1781 776 Χάμ

170 792 445 861 ἐγέννησε
479 794 577 846 τὸν
606 793 851 857 Χαναὰν,
887 793 1113 847 Χαναὰν
1146 794 1204 847 δὲ
1248 796 1342 850 τὸν
1377 797 1691 869 Μεπραῖμ,
1720 797 1781 861 ὃς

172 884 561 955 ἑρμηνεύεται
593 885 889 953 Αἴγυπτος.
915 885 1007 938 Διὸ
1040 886 1135 939 καὶ
1166 886 1298 958 Χὰμ
1338 887 1446 958 γῆν
1479 890 1579 961 τὴν
1607 888 1777 957 Λίγυ-

176 994 304 1031 τπον
333 978 533 1041 καλεῖ,
568 977 646 1041 ὡς
676 977 771 1031 τοῦ
791 979 1057 1049 ἀπογόνου
1080 975 1249 1033 οὖσαν
1277 979 1373 1033 τοῦ
1406 981 1559 1053 Χάμ.

235 1151 357 1207 Καὶ
382 1154 637 1222 ηὔξησε
659 1153 769 1208 τὸν
807 1154 964 1209 λαὸν
999 1154 1187 1210 αὐτοῦ
1212 1156 1468 1226 σφόδρα.
1504 1157 1666 1210 Ὥστε
1687 1156 1780 1211 τὸν

172 1244 379 1316 Φαραὼ
417 1244 637 1314 λέγειν,
684 1246 743 1310 ὃς
783 1247 885 1299 οὐκ
923 1247 1039 1320 ᾔδει
1066 1247 1159 1301 τὸν
1198 1249 1434 1319 Ἰωσήφο
1482 1248 1638 1304 Ἰδοὺ
1661 1248 1780 1304 νῦν

172 1338 581 1405 τολυπληθεῖ
598 1338 662 1391 τὸ
685 1338 885 1405 ἔθνος,
912 1341 1010 1393 καὶ
1042 1341 1239 1409 ἰσχύει
1268 1341 1421 1410 ὑπὲρ
1446 1340 1624 1411 ἡμᾶς.
1666 1342 1778 1395 Οὐκ

176 1427 235 1484 ἃς
258 1430 320 1483 δὲ
352 1430 705 1499 αὐξηθέντες
739 1428 1213 1501 ὲκραταιώθησαν,
1251 1432 1301 1485 εἰ
1333 1429 1408 1501 μὴ
1437 1433 1538 1502 τῆς
1580 1430 1777 1501 Ἰωσὴφ

174 1522 366 1591 ῑτυχον
397 1520 749 1593 προστασίας
780 1521 881 1575 καὶ
909 1522 1010 1593 τῆς
1042 1520 1136 1576 τοῦ
1164 1521 1364 1593 Φαραὼ
1383 1521 1703 1587 διξιώσεως.

235 1692 355 1745 Καὶ
383 1691 774 1762 μετέστρεψε
798 1691 916 1762 τὴν
945 1693 1202 1762 καρδίαν
1227 1694 1439 1759 αὐτοῦ,
1468 1695 1575 1751 τοῦ
1593 1693 1778 1765 μισ-ἧ-

1880 522 1937 576 in
1972 520 2286 592 Egyptum,
2314 520 2433 591 ejus
2460 521 2623 576 etiam
2663 520 2761 575 ﬁlii
2792 520 3121 575 indicantur.
3152 514 3287 571 Nam
3320 531 3444 571 cum

1880 612 2221 684 septuaginta
2250 612 2540 666 animabus
2561 611 2840 667 descendit
2858 608 3024 664 Israel
3051 609 3104 663 in
3127 606 3444 682 Egyptum,

1878 703 1956 757 ait
1987 701 2287 771 Scriptura.
2322 699 2389 754 Et
2423 700 2588 755 .Iacob
2618 701 2799 755 accola
2842 700 2943 770 fuit
2979 701 3035 753 in
3074 709 3215 752 terra
3256 697 3443 753 Citam.

1878 793 2050 847 Cham
2084 792 2271 859 genuit
2313 790 2594 857 Chanaan,
2628 791 2885 847 Chanaan
2930 799 3111 845 autem
3143 788 3444 853 Mestraim,

1879 884 1971 956 qui
2000 884 2391 954 interpretatur
2427 883 2715 955 .Egyptus.
2745 882 2924 950 Quare
2956 868 3250 953 Egyptum
3272 879 3446 935 Citam

1875 983 2056 1041 vocat,
2088 986 2273 1046 utpote
2315 991 2438 1047 quae
2468 977 2765 1046 pertineret
2792 974 2862 1029 ad
2892 975 3075 1028 virum
3123 987 3193 1028 ex
3238 970 3445 1027 Chamo

1875 1074 2197 1136 prognatum
2208 1107 2222 1120 .

1874 1200 1911 1226 α
1948 1155 2037 1211 26.
2074 1154 2145 1209 Et
2193 1156 2347 1209 auxit
2385 1155 2641 1226 populum
2688 1171 2843 1210 suum
2882 1154 3220 1209 uehementer.
3272 1153 3348 1209 Ita
3385 1164 3445 1209 ut

1875 1244 2090 1301 Pharao
2120 1246 2366 1312 diceret,
2408 1248 2498 1302 ille
2547 1247 2757 1304 scilicet
2809 1247 2901 1316 qui
2933 1262 3040 1302 non
3083 1246 3445 1316 cognoscebat

1876 1335 2205 1407 Josephum:
2242 1336 2377 1391 Ecce
2406 1353 2542 1391 nunc
2578 1353 2769 1407 ntogna
2806 1345 2885 1392 est
2918 1336 3221 1401 multitudo,
3259 1345 3307 1390 et
3332 1337 3444 1405 [or-

1878 1430 1984 1482 tior
2013 1428 2158 1482 nobis
2191 1437 2270 1482 est
2298 1428 2366 1482 ".
2396 1426 2686 1499 Nunquam
2714 1428 2858 1482 enim
2893 1427 3040 1482 aucti
3072 1435 3126 1481 et
3169 1425 3442 1492 przevalidi

1876 1518 2003 1573 facti
2036 1529 2241 1584 essent,
2272 1520 2378 1575 nisi
2407 1519 2631 1590 Iosephi
2654 1519 3018 1590 patrocinium
3053 1528 3108 1574 et
3137 1518 3441 1576 Pharaonis

1877 1609 2104 1682 gratiam
2128 1609 2271 1665 nacti
2297 1620 2503 1665 essent.

1946 1699 2041 1755 25.
2071 1697 2339 1756 Convertit
2382 1717 2472 1754 cor
2508 1700 2623 1770 ejus
2676 1711 2735 1755 ut
2788 1700 2959 1754 adiret
3003 1699 3253 1770 populum
3304 1701 3439 1770 ejus.

173 1797 272 1835 σαι
302 1783 420 1835 τὸν
444 1783 611 1837 λαὸν
637 1784 846 1842 αὐτοῦ.
889 1785 1107 1856 Ἐπειδὴ
1135 1786 1200 1839 ὲκ
1220 1786 1312 1840 τοῦ
1336 1787 1598 1858 τιμᾶσθαι
1624 1805 1749 1859 παρέ

1899 1788 2148 1856 Quoniam
2176 1791 2233 1845 in
2271 1791 2482 1846 honore
2520 1790 2693 1845 habiti
2755 1791 2898 1861 apud
2939 1789 3243 1862 Egyptios,
3276 1792 3330 1845 in
3364 1793 3441 1847 si-

172 1871 277 1927 τῶν
304 1875 641 1942 Αἰγυπτίων
678 1876 881 1940 αὐτοὺς
924 1879 1004 1940 εἰς
1033 1877 1132 1949 τὴν
1170 1878 1363 1949 ὁμοίαν
1405 1879 1590 1942 αὐτοῖς
1620 1879 1772 1933 εἰδω-

171 1964 507 2035 λολατρείαν
533 1966 825 2036 ἐξέϐησαν,
858 1966 1051 2021 τούτου
1080 1969 1242 2041 χάριν
1268 1970 1648 2040 παρεσκεύασε
1682 1988 1771 2040 μι-

174 2058 342 2127 σῆσαι
385 2058 598 2120 αὐτοὺς
627 2058 722 2112 καὶ
774 2058 846 2111 τὰ
893 2058 1068 2130 βαρέα
1103 2060 1214 2114 τῶν
1258 2060 1433 2134 ἔργων
1481 2062 1765 2128 ἐπιθεῖναι,

172 2149 258 2202 ἵνα
291 2147 656 2211 κακωθέντες
683 2150 1042 2219 καταφύγωσι
1072 2151 1208 2223 πρὸς
1232 2150 1323 2206 τὸν
1350 2151 1503 2216 Θεὸν,
1544 2153 1638 2205 καὶ
1677 2150 1769 2204 εὖ·

172 2256 252 2310 ρο(
282 2238 486 2311 χώραν
503 2237 861 2310 πληρωθῆναι
885 2243 918 2311 ἡ
951 2241 1249 2311 ἐπαγγελία
1270 2242 1305 2312 ἡ
1326 2241 1459 2313 πρὸς
1498 2240 1766 2312 Ἀϐραάμ.

232 2330 679 2394 Ἔξαετέστειλε
699 2332 969 2402 Μωῢσῆν
982 2335 1087 2388 τὸν
1100 2334 1325 2389 δοῦλον
1339 2335 1548 2401 αὐτοῦ,
1571 2352 1625 2389 κ.
1644 2353 1692 2389 τ.
1712 2335 1765 2390 λ.

171 2424 377 2486 Μόνοις
408 2426 523 2495 γὰρ
550 2428 664 2488 τοῖς
682 2426 810 2496 περὶ
826 2425 916 2478 τὸν
933 2425 1173 2495 Μωῦσῆν
1206 2427 1300 2479 καὶ
1316 2423 1528 2496 Ἀαρὼν
1555 2426 1766 2481 ἀπεκά-

170 2515 304 2583 λινξοε
340 2513 428 2584 τῷ
468 2513 617 2583 λόγῳ
654 2513 735 2579 τὸ,
767 2515 848 2577 εἰς
880 2508 1040 2585 αἷμα,
1083 2514 1179 2568 καὶ
1214 2513 1284 2568 τὰ
1324 2514 1489 2585 ἕτερα
1529 2513 1637 2569 τῶν
1665 2529 1767 2585 ση-

254 2622 374 2657 ιων.

254 2622 374 2657 ιων.

178 2622 692 2758 μεΈξιιπέστειλε
736 2694 959 2760 σκότος
1006 2698 1108 2748 καί
1143 2694 1501 2749 ἐσκότασεν.
1547 2691 1764 2769 Ἐπειδὴ

172 2788 412 2857 ἀφέντες
450 2784 548 2837 τὸν
581 2785 913 2856 δημιουργὸν
956 2784 1243 2854 Αἰγύπτιοι
1288 2788 1356 2857 τῇ
1414 2785 1589 2839 κτίσει
1639 2784 1764 2838 ἐλά.-

174 2897 388 2951 τρενον,
427 2880 628 2933 τούτου
657 2880 816 2950 χάριν
841 2879 909 2933 δι’
937 2880 1109 2951 αὐτῆς
1154 2881 1348 2943 αὐτοὺς
1394 2881 1497 2951 τῆς
1534 2880 1763 2944 κτίσεως

173 2971 458 3037 ἐκόλαζεν,
496 2972 557 3039 ἐξ
589 2973 751 3045 ἀέρος
801 2972 945 3043 λέγω
989 2973 1076 3045 δὴ,
1126 2973 1223 3028 καὶ.
1266 2972 1460 3044 πυρὸς,
1508 2973 1602 3027 καὶ
1634 2973 1758 3043 γῆς,

176 3069 271 3125 καὶ
302 3067 525 3131 ὓδατος.

1871 1881 2055 1939 milem
2079 1890 2244 1951 atque
2282 1882 2359 1939 illi
2387 1882 2750 1939 idololatriam
2782 1883 2992 1953 delapsi
3027 1884 3276 1948 fuerant;
3310 1884 3438 1939 ideo

1869 1972 2084 2028 curavit
2112 1980 2171 2025 ut
2199 1971 2415 2027 odirent
2458 1987 2553 2028 eos
2593 1982 2646 2028 et
2678 1973 2861 2044 gravia
2904 1973 3038 2044 ipsis
3070 1989 3235 2044 opera
3266 1974 3442 2044 impo-

1870 2073 2085 2128 nerent,
2121 2070 2181 2115 ut
2216 2061 2401 2117 amicti
2434 2064 2500 2117 ad
2549 2062 2722 2118 Deum
2772 2064 3149 2136 confugerent,
3191 2073 3245 2119 et
3287 2065 3441 2121 locus

1867 2164 2013 2210 esset
2036 2154 2323 2224 implendis
2346 2154 2730 2224 promissionis
2754 2156 2822 2210 ad
2850 2155 3225 2211 Abrahamnm
3260 2154 3435 2211 factae.

1937 2323 2027 2388 26,
2057 2323 2147 2378 27.
2182 2322 2333 2377 Misit
2370 2324 2605 2395 Moysem
2650 2342 2856 2382 servum
2899 2342 3055 2380 suum
3079 2365 3095 2390 ,
3140 2339 3245 2382 etc.
3268 2326 3437 2383 eSolis

1866 2416 2068 2489 quippe
2098 2416 2268 2487 Moysi
2302 2426 2356 2470 et
2386 2416 2570 2474 Aaron
2595 2417 2761 2472 verbo
2787 2417 3045 2475 revelavit
3071 2418 3287 2488 signum
3315 2434 3437 2472 mu-

1866 2504 2092 2561 tationis
2113 2520 2379 2575 aquarum
2412 2505 2470 2560 in
2508 2507 2829 2577 sanguinem
2862 2546 2878 2573 ,
2908 2517 3073 2577 atque
3117 2508 3222 2563 alia
3258 2509 3431 2580 signa.

1936 2687 2027 2743 28.
2063 2688 2219 2743 Misit
2276 2691 2515 2745 tenebras
2559 2701 2609 2747 et
2656 2692 2972 2747 obscuruvit.
3009 2692 3147 2760 Quia
3198 2693 3435 2765 Egyplii

1866 2779 2058 2834 relicto
2084 2779 2342 2836 Creatore
2362 2791 2625 2837 creaturae
2642 2783 2944 2838 serviebant
2967 2801 2982 2840 :
3007 2783 3127 2839 ideo
3150 2800 3243 2854 per
3260 2787 3431 2857 ipsam

1861 2883 2175 2929 creaturam
2201 2876 2461 2946 puniebat
2490 2892 2605 2944 eos,
2636 2893 2734 2948 per
2753 2892 2935 2933 acrem
2965 2878 3195 2945 scilicet,
3227 2878 3429 2949 ignem,

1862 2968 2064 3018 terram
2094 2975 2149 3020 et
2176 2980 2399 3033 aquam.
2677 2980 2688 2990 '

235 3119 630 3229 ἐπέστρεψε
666 3160 740 3213 τὰ
777 3158 968 3212 ὕδατα
995 3155 1195 3212 αὐτῶν
1225 3160 1312 3224 εἰς
1345 3154 1509 3228 αἷμα.
1546 3158 1621 3212 Οὐ
1649 3158 1749 3228 γὰρ

1932 3159 2023 3217 29.
2055 3160 2325 3217 Convertit
2368 3179 2535 3235 aquas
2575 3180 2757 3219 eorum
2785 3165 2839 3219 in
2864 3164 3193 3235 sanguinem.
3223 3162 3343 3218 Non
3372 3181 3430 3220 e-

175 3248 270 3320 τὴν
296 3248 494 3321 χροιὰν
520 3248 627 3301 τῶν
658 3248 868 3301 ὑδάτων
893 3247 1072 3318 μόνον,
1110 3246 1247 3300 ἀλλά
1290 3248 1386 3300 καὶ
1419 3245 1588 3317 αὐτὴν
1629 3264 1757 3317 μετ-

172 3339 331 3395 ὠϐαλε
364 3340 469 3410 τῆς
497 3338 740 3407 γεύσεως
771 3337 871 3409 τὴν
894 3338 1188 3409 ποιότηταο
1223 3339 1366 3395 ὥστε
1405 3336 1620 3392 ἅπαντα
1652 3338 1763 3394 διαο

174 3432 452 3509 φθαρῆναι
479 3433 590 3487 τῶν
617 3431 816 3503 ἰχθύων
847 3431 916 3486 τά
942 3431 1099 3501 γένη.

703 3524 1089 3592 Ἀλληλοιπα..
1116 3520 1247 3577 Ριιν.

796 3619 810 3639 ⁶
823 3618 1137 3683 Υπόθεσις.

185 3710 270 3769 Ἑν
292 3711 477 3783 τούτῳ
499 3709 581 3780 τῷ
606 3708 809 3781 ψαλμῷ
850 3708 951 3772 τὰς
1001 3705 1277 3779 ἁμαρτίας
1329 3706 1621 3775 καταλέγει
1655 3703 1753 3761 τοῦ

237 3804 511 3877 προτέρου
542 3801 694 3866 λαοῦ,
744 3800 1008 3856 διδάσκων
1040 3839 1056 3865 ,
1102 3798 1178 3863 ὡς
1210 3800 1305 3853 καὶ
1353 3798 1667 3868 διαγέγονεν
1716 3800 1751 3872 ἡ

234 3895 484 3965 ἀποϐολὴ
509 3892 711 3951 αὐτῶν.
744 3892 866 3946 Eiet
904 3891 961 3946 δὲ
984 3884 1180 3946 αὗται·
1219 3890 1435 3963 πρῶτον
1475 3890 1574 3961 μὲν
1615 3906 1754 3960 παρ-

234 3986 547 4057 επίκραναν
567 3983 729 4041 αὑτὸν
745 3983 1107 4048 διαϐαίνοντες
1121 3985 1180 4037 ὲν
1197 3984 1265 4054 τῇ
1299 3981 1533 4053 Ἐρυθρᾴ
1553 3980 1755 4034 θαλασ-

241 4082 334 4150 σῇ.
389 4077 673 4138 εἰπόντεςο
713 4075 879 4143 Παρὰ
933 4076 999 4129 τὸ
1033 4074 1119 4144 μὴ
1165 4070 1320 4128 εἶναι
1355 4073 1635 4143 μνήματα
1681 4073 1753 4125 ἐν

226 4171 530 4239 Αἰγύπτῳ,
564 4166 859 4237 ἐξήγαγεν
878 4164 1036 4237 ἡμᾶς
1062 4159 1180 4219 ὧδε
1206 4164 1503 4221 ἀπολέσαι
1519 4181 1532 4196 ο
1567 4163 1755 4217 δεύτες

166 4238 173 4247 ι
237 4280 332 4335 ρον
360 4262 663 4332 ἐπείρασαν
687 4259 780 4312 τὸν
809 4259 940 4312 Θεὸν
960 4260 1017 4312 ὲν
1042 4261 1109 4329 τῇ
1139 4258 1332 4329 ἐρήμῳ
1353 4270 1368 4285 ³
1405 4255 1585 4329 τρίτον
1609 4271 1749 4325 παρ-

238 4349 486 4421 ώργισαν
532 4347 775 4418 Μωῦσῆν
833 4348 892 4400 ὲν
951 4349 1019 4417 τῇ
1074 4343 1427 4416 παρεμϐολῇο
1487 4345 1748 4416 τέταρτον

128 4416 131 4519 ξ
234 4416 505 4513 istoin-adv
548 4416 748 4511 μόσχον
780 4440 837 4495 ἐν
880 4416 1116 4509 Χωρήϐ·
1167 4436 1417 4506 πέμπτον
1463 4434 1748 4501 ὲξουδένω-
1779 4465 1829 4521 D

234 4552 336 4589 σαν
366 4534 474 4603 γῆν
502 4532 847 4603 ἐπιθυμητήν
868 4549 881 4561 ·
912 4531 1072 4585 ἕκτον
1107 4528 1469 4599 ὲτελέσθησαν
1492 4529 1570 4599 τῷ
1599 4529 1755 4583 Βεελι

235 4626 463 4698 φεγώρ·
522 4625 751 4695 ἕϐδομον
800 4623 1161 4697 παρώργισαν
1215 4622 1377 4676 αὑτὸν
1426 4621 1519 4678 ἐπὶ
1555 4620 1751 4686 ὓδατος

232 4717 550 4786 ἀντιλογίας
574 4733 591 4749 θ
622 4716 807 4785 ὄγδοον
843 4715 923 4787 τῷ
967 4715 1043 4787 μὴ
1078 4712 1455 4785 ὲξολοθρεῦσαι
1485 4712 1555 4766 τά
1593 4712 1744 4784 ἔθνη,

233 4813 271 4869 ἃ
293 4809 417 4865 εἶπε
448 4809 653 4880 Κύριος
698 4810 899 4873 αὐτοῖς,
936 4807 1074 4862 ἀλλά
1104 4809 1200 4861 καὶ
1227 4806 1598 4878 προσκυνῆσαι
1632 4809 1746 4871 τοῖς

233 4902 497 4965 εἰδώλοις,
526 4902 602 4964 ὡς
642 4901 736 4955 καὶ
779 4902 848 4955 τὰ
884 4901 1049 4955 τέκνα
1089 4899 1271 4954 αὐτῶν
1308 4901 1387 4964 εἰς
1421 4898 1609 4959 θυσίαν
1641 4900 1746 4953 αὐ-ι.

229 4999 343 5060 τοῖς
382 4997 723 5064 εἰσαγαγεῖν.

242 5085 742 5155 Ἐξομολογεῖσθε
781 5083 860 5151 τῷ
890 5085 1104 5153 Κυρίῳ,
1139 5085 1233 5138 ὅτι
1256 5087 1526 5154 χρηστός
1563 5125 1576 5139 .
1615 5124 1629 5138 .
1668 5126 1681 5139 .
1720 5125 1735 5139 .

1857 3248 1972 3304 nim
2005 3251 2185 3305 solum
2218 3268 2487 3324 aquarum
2534 3254 2771 3308 colorem
2800 3293 2816 3319 ,
2858 3254 2949 3309 sed
2998 3254 3169 3324 ipsam
3215 3256 3428 3323 saporis

1855 3342 2173 3411 qualitatem
2204 3346 2464 3400 mutavit:
2509 3348 2583 3401 ita
2627 3356 2686 3402 ut
2736 3350 2920 3403 omnia
2960 3348 3196 3418 piscium
3229 3364 3427 3421 genera

1940 3447 2084 3505 aqua
2106 3436 2605 3507 exsringuerentur.

2432 3528 2692 3583 Alleluia.
2726 3527 2766 3584 C
2784 3528 2843 3586 V.

2413 3689 2418 3693 .
2433 3619 2839 3690 Argumentum.

1851 3703 1915 3767 In
1946 3705 2051 3762 hoc
2079 3707 2293 3777 psalmo
2323 3720 2570 3765 recenset
2595 3720 2818 3781 peccata
2847 3711 3048 3782 prioris
3075 3713 3283 3784 populi,
3314 3712 3417 3769 do-

1922 3812 2053 3854 cens
2081 3814 2191 3869 quo
2231 3809 2391 3870 pacto
2434 3802 2754 3870 repudiatus
2794 3802 2884 3859 ille
2918 3803 3102 3860 fuerit.
3150 3802 3290 3860 Sunt
3324 3819 3425 3861 au-

1922 3897 2033 3944 tem
2064 3890 2176 3958 illa,
2204 3893 2383 3961 primo
2398 3893 2545 3963 quod
2572 3895 3017 3952 exacerbaverint
3041 3912 3164 3952 eum
3201 3897 3256 3953 in
3283 3899 3423 3954 mari

1921 3979 2108 4038 Rubro
2138 4024 2156 4050 ,
2220 3985 2495 4041 dicentes:
2557 3990 2644 4040 An
2684 3988 2810 4057 quia
2844 4006 2947 4042 non
2984 3999 3136 4044 erant
3182 3989 3425 4059 sepulcra

1919 4074 1975 4127 in
2001 4073 2256 4146 Egypto,
2287 4078 2468 4131 eduxit
2492 4094 2584 4132 nos
2614 4078 2716 4132 huc
2738 4088 2796 4133 ut
2821 4097 2912 4135 nos
2939 4082 3173 4152 perderet
3200 4082 3290 4136 "Y
3336 4098 3423 4137 se-

1916 4167 2117 4230 cundo,
2149 4170 2293 4239 quod
2317 4170 2645 4225 tentaverint
2674 4169 2842 4226 Deum
2875 4173 2929 4227 in
2959 4173 3206 4239 deserto;
3238 4174 3419 4238 tertio,

1924 4259 2070 4330 quod
2103 4260 2438 4317 irritaverint
2485 4262 2724 4334 Moysen:
2787 4265 2840 4318 in
2881 4268 3119 4329 castris;
3172 4275 3371 4334 quarto
3402 4303 3418 4328 ,

1918 4351 2063 4421 quod
2095 4350 2324 4406 fecerint
2367 4354 2597 4408 vitulum
2636 4354 2693 4407 in
2733 4352 2981 4419 Choreb;
3012 4353 3226 4423 quinto,
3264 4353 3417 4423 quod

1918 4455 2019 4511 pro
2041 4441 2211 4495 nihilo
2243 4441 2534 4497 habuerint
2558 4451 2755 4496 terram
2774 4442 3187 4498 desiderabilem
3209 4452 3419 4513 ;sesto,

1920 4531 2069 4602 quod
2102 4533 2300 4586 initiati
2327 4533 2438 4587 sint
2463 4532 2829 4603 Beelphegor;
2861 4535 3115 4604 septimo,
3155 4536 3305 4607 quod
3338 4535 3418 4590 ir-

1887 4653 1892 4659 -
1925 4624 2213 4677 ritaverint
2264 4637 2388 4677 eum
2438 4623 2503 4677 ad
2549 4638 2721 4693 aquas
2757 4626 3234 4694 contradictionis;
3269 4637 3420 4686 octo.-

1922 4729 2012 4781 vo,
2040 4713 2187 4784 quod
2237 4724 2348 4768 non
2405 4715 2829 4785 disperdiderint
2877 4727 3064 4788 gentes
3110 4734 3247 4789 quas
3282 4721 3419 4778 dixit

1921 4805 2349 4869 Dominus-illis,
2378 4808 2469 4862 sed
2501 4808 2851 4864 adoraverint
2884 4812 3050 4876 idola.
3078 4812 3153 4868 ita
3187 4822 3247 4868 ut
3274 4813 3417 4870 ﬁlios

1920 4912 2055 4953 suos
2081 4897 2136 4951 in
2168 4898 2500 4954 sacriﬁcium
2536 4900 2671 4970 ipsis
2695 4899 2978 4957 oﬂ‘errent.

1909 5086 1963 5151 ι,
1993 5086 2053 5152 2,
2075 5087 2128 5140 3.
2164 5084 2503 5156 Conﬁtemini
2524 5087 2750 5141 Domino
2771 5087 3018 5157 quoniam
3042 5086 3204 5139 bonus
3239 5123 3254 5137 .
3289 5121 3305 5137 .
3339 5123 3354 5137 .
3392 5124 3407 5140 .

165 5176 453 5247 Hucipr
469 5180 524 5231 οἱ
536 5176 962 5246 φυλάσσοντες
986 5177 1208 5244 κρίσιν,
1226 5194 1277 5231 κ.
1296 5195 1347 5232 τ.
1367 5177 1417 5233 λ.
1448 5170 1607 5231 υἶιτοι
1628 5177 1736 5249 γὰρ

1899 5178 1993 5231 ιαιὶ
2024 5178 2115 5247 qui
2141 5178 2448 5231 custodiunt
2473 5178 2761 5247 judicium,
2786 5185 2890 5230 etc.
2911 5173 2950 5227 li
2979 5174 3124 5228 enim
3152 5172 3412 5243 solid‘igni

166 5269 303 5335 ἄξιοι
323 5269 478 5338 μόνοι
505 5268 604 5331 τὰς
631 5267 947 5332 δυναστείας
970 5268 1152 5322 λαλεῖν
1177 5267 1271 5322 τοῦ
1288 5270 1515 5339 Κυρίου,
1533 5271 1582 5322 οἱ
1597 5269 1665 5322 τὰ
1682 5271 1739 5324 ἐν

1899 5278 1969 5324 ιηι
2000 5268 2094 5339 qui
2126 5277 2384 5323 enarrent
2406 5268 2676 5338 potentias
2699 5264 2934 5329 Domini,
2974 5263 3069 5335 qui
3106 5279 3169 5319 ea
3196 5278 3318 5334 quae
3356 5265 3411 5318 in

166 5363 278 5423 ταῖς
298 5360 548 5431 Γραφαῖς
573 5359 677 5412 ὑπὸ
709 5359 844 5413 Θεοῦ
876 5361 1180 5432 κεκριμένα
1215 5359 1513 5425 ποιοῦντες,
1561 5361 1737 5414 πάντα

1899 5361 2151 5432 cripturis
2171 5376 2202 5413 a
2229 5358 2341 5414 Deo
2371 5360 2590 5414 decreta
2622 5366 2750 5412 sunt
2779 5354 3004 5421 faciunt,
3037 5364 3200 5425 atque
3226 5355 3415 5408 omnia-

166 5466 220 5502 τε
245 5449 424 5521 κρίσει
464 5450 558 5502 καὶ
588 5448 734 5519 λόγῳ
769 5450 1249 5523 διαπραττόμενοι,
1281 5451 1376 5503 καὶ
1406 5451 1496 5504 διὰ
1537 5450 1735 5514 παντὸς

166 5539 373 5611 ιχοντες
417 5539 513 5593 τοῦ
557 5539 692 5594 Θεοῦ
725 5542 825 5613 τὴν
873 5543 1054 5613 κρίσιν
1094 5544 1201 5613 πρὸ
1250 5542 1360 5598 τῶν
1416 5540 1730 5613 ὀφθαλμῶν.

232 5716 276 5748 ⁸⁸
302 5714 477 5775 Exod.
504 5733 544 5787 ι,
579 5717 632 5777 9.
664 5720 759 5804 ,ἐξ
792 5716 968 5777 Exod.
1010 5737 1118 5791 xiv,
1154 5721 1236 5777 il.

1844 5468 1967 5508 cum
1993 5451 2205 5524 judicio
2233 5461 2287 5506 et
2333 5452 2545 5504 ratione
2583 5456 2978 5518 exsequuntur,
3008 5457 3063 5502 et
3097 5462 3309 5516 semper
3335 5446 3408 5499 ob

1843 5544 2065 5619 oculos“
2085 5543 2288 5601 habent
2311 5541 2578 5613 judicium
2616 5540 2731 5598 Dei.
2764 5538 2828 5596 ili
2873 5554 3110 5611 namque
3155 5534 3413 5610 suntqui
