3778 6276
377 235 481 295 N7
1220 233 1275 288 S.
1316 229 1686 287 ATHANASll
1721 227 1871 287 OPP.
1909 224 2093 283 PARS
2130 224 2216 283 111.
2255 256 2327 270 -
2359 222 2767 281 EXEGETICA.
3512 217 3656 273 lis

377 343 587 425 [aciunt'
605 351 902 422 justitiam,
932 351 1029 423 qui
1054 352 1200 422 quod
1226 353 1438 423 justum
1472 358 1558 406 est
1596 364 1758 422 opere
1782 363 1869 405 exs

2157 361 2197 398 οι
2216 342 2323 415 γὰρ
2344 341 2647 404 ἀκολούθως
2662 340 2756 394 καὶ
2777 336 3015 406 ποιηταὶ
3034 334 3425 400 δικαιοσύνης
3448 352 3472 386 ε
3486 338 3501 387 Ξ
3514 338 3649 396 πἰν,

376 456 639 519 quuntur.

2045 434 2418 498 ἐπιτελοῦντες
2447 433 2590 505 ἔργῳ
2611 432 2672 484 τὸ
2698 431 2921 519 δίκαιον.

445 537 501 592 4.
536 535 799 591 Memento
842 535 1031 599 nostri,
1091 533 1334 601 Domine,
1369 536 1423 589 in
1476 534 1796 604 beneplacito
1846 549 1936 602 po:

2154 523 2424 592 ίνήσθητι
2472 522 2642 593 ἡμῶν
2667 563 2683 588 ,
2721 510 2932 590 ’Κύριε,
2981 520 3053 574 ἐν
3098 518 3173 588 τῇ
3206 517 3451 586 εὐδοκίᾳ
3507 518 3646 571 τοῦ

374 627 486 695 puli
519 628 615 680 tui.
646 625 861 680 Abhinc
903 624 1178 679 inducitur
1203 639 1433 695 persona
1459 621 1792 686 Judazorum,
1819 637 1866 690 pi

2149 616 2192 669 >5
2227 631 2365 672 σου.
2409 614 2686 668 Ἐντεῦθεν
2726 613 2788 666 τὸ
2832 612 2939 666 τῶν
2999 610 3263 665 Ἰουδαίων
3310 612 3641 681 πρόσωπον

374 720 618 775 cautium
650 728 711 772 ut
736 726 1018 774 consortes
1055 718 1165 774 sint
1193 717 1385 773 salutis
1424 716 1676 786 gentibus
1701 713 1858 768 datae.

2144 706 2319 774 ἄγεται
2350 745 2365 769 ,
2412 704 2721 775 εὐχομένων
2756 700 3081 774 μεταλαϐεῖν
3124 701 3223 770 τῆς
3257 701 3371 765 τοῖς
3426 700 3636 752 ἔθνεα-ε

2037 795 2317 867 διδομένης
2347 796 2638 867 σωτηρίας.

446 892 535 947 11.
573 890 790 961 Operuit
813 907 951 961 aqua
979 890 1291 943 tribulantes
1317 906 1426 943 eos.
1456 886 1804 944 Tribulantes
1826 887 1936 941 sei-

2142 887 2462 955 Εκὰλυψεν
2492 886 2647 955 ὕδωρ
2692 886 2832 951 τοὺς
2876 886 3192 951 θλίϐοντας
3225 884 3467 949 αὐτούς.
3503 886 3634 953 Δη-

374 983 520 1049 licet,
551 998 675 1037 nam
710 986 1020 1052 promiscua
1055 984 1211 1035 turba
1250 997 1372 1051 qua:
1400 997 1524 1036 cum
1549 981 1681 1050 ipsis
1698 980 1859 1053 egred

2132 977 2164 1049 ὴ
2188 978 2296 1031 τῶν
2325 977 2611 1031 θλιϐόντων
2635 992 2649 1006 ·
2679 979 2707 1030 ό
2734 977 2840 1047 γὰρ
2866 974 3191 1042 συνεξελθὼν
3220 976 3512 1046 ὲπίμικτος
3546 976 3624 1027 οὐ

372 1072 555 1139 batur,
584 1091 690 1129 non
722 1074 1094 1129 tribulantium
1128 1074 1219 1129 sed
1259 1074 1591 1129 credentium
1621 1081 1759 1128 erat.
1862 1082 1864 1091 ‘

1862 1076 1882 1097 '
2033 1069 2141 1123 τῶν
2166 1068 2453 1122 θλιϐόντων
2486 1064 2575 1139 ἦν,
2604 1067 2743 1121 ἀλλὰ
2772 1068 2879 1120 τῶν
2914 1066 3338 1121 πιστευσάντων.

446 1163 535 1227 12,
572 1161 657 1218 13.
699 1161 762 1217 Ει
793 1162 1122 1216 crediderunt
1153 1163 1303 1217 verbo
1331 1162 1467 1231 ejus,
1504 1172 1552 1216 et
1588 1162 1934 1215 laudauerunt

2131 1160 2209 1215 (ai
2233 1161 2607 1214 ἐπίστευσαν
2630 1157 2709 1224 τῷ
2740 1162 2900 1229 λόγῳ
2930 1159 3137 1223 αὐτοῦ,
3170 1159 3267 1212 καὶ
3294 1154 3460 1231 ᾖσαν
3484 1159 3623 1225 τὴν

369 1255 585 1309 laudem
617 1255 751 1324 ejus.
782 1251 918 1307 Nam
958 1270 1080 1308 cum
1126 1263 1343 1324 propter
1384 1253 1679 1308 bonitatem
1715 1250 1861 1307 Domi

2130 1269 2268 1306 ἐσιν
2292 1252 2498 1306 αὑτοῦ.
2541 1254 2616 1305 Δι’
2638 1252 2954 1331 ἑτερότητα
2985 1251 3093 1322 γὰρ
3131 1250 3222 1303 τοῦ
3255 1249 3390 1304 Θεοῦ
3436 1268 3622 1323 προσ-

368 1345 538 1401 additi
570 1344 798 1400 fuissent
831 1345 1025 1399 ﬂuetus
1074 1345 1127 1399 in
1178 1346 1314 1399 mari
1357 1343 1561 1411 Rubro,
1586 1344 1767 1398 statim
1814 1361 1860 1399 Cl

2127 1345 2291 1398 έντων
2322 1345 2415 1398 καὶ
2446 1344 2552 1397 τῶν
2601 1326 2669 1396 ἐῐν⁷
2699 1326 3054 1416 τῆν-θαλάσσῃ
3094 1342 3382 1412 κυμάτων,
3418 1360 3616 1413 παρα-

368 1438 556 1491 dentes
618 1437 891 1491 canticum
945 1437 1264 1491 cecinerunt
1324 1436 1378 1489 in
1433 1434 1620 1490 Exodo
1669 1434 1860 1504 positu:

2121 1436 2220 1507 ipa
2250 1436 2346 1505 μὲν
2382 1434 2786 1501 πιστεύσαντες,
2828 1431 2965 1509 ᾖσαν
3008 1435 3156 1507 αὐτῷ
3193 1434 3292 1507 τὴν
3320 1434 3465 1507 ᾠδὴν
3495 1437 3613 1508 τὴν

371 1526 635 1597 Deinceps
661 1543 789 1582 vero
822 1528 1007 1581 omnia
1036 1526 1291 1583 oblivioni
1320 1527 1679 1581 tradiderunt.
1710 1525 1779 1581 Et
1810 1525 1863 1578 la

2130 1527 2322 1598 Ἐξόδῳ
2347 1527 2609 1599 κειμένην
2635 1545 2649 1558 ·
2679 1523 2797 1582 εἶτα
2846 1527 3021 1580 πάντα
3049 1528 3371 1599 παρέδωκαν
3431 1527 3607 1600 λήθῃ.

364 1618 620 1672 darerunt
654 1617 863 1671 laudem
896 1618 1030 1683 eius.
1068 1617 1299 1685 Quando
1338 1619 1559 1673 exibant
1607 1619 1856 1672 clioreutr

2121 1617 2139 1671 i
2182 1614 2349 1690 ᾖσαν
2392 1618 2508 1687 τὴν
2550 1620 2787 1674 αῖνεσιν
2831 1620 3038 1674 αὐτοῦ.
3091 1621 3218 1672 Ὅτε
3265 1618 3487 1691 ἐξῆλθον
3541 1622 3609 1673 αἱ

368 1722 489 1761 cum
534 1706 698 1761 Maria
764 1709 1005 1764 dicentes
1053 1727 1065 1763 :
1116 1708 1400 1764 Cantemus
1435 1709 1860 1780 Domino,gloric

2117 1687 2347 1762 »εὑ-ουσαι
2407 1707 2546 1779 μετὰ
2584 1710 2816 1782 Μαριὰμ
2856 1709 3110 1778 λέγουσαι
3142 1728 3157 1741 ·
3203 1687 3476 1781 ’ᾼσωμεν
3517 1728 3609 1776 τῳ

364 1798 501 1850 enim
530 1799 899 1868 magniﬁcatus
931 1809 1008 1854 est
1036 1800 1101 1854 ".

2030 1800 2261 1867 Κυρίῳο
2294 1799 2554 1864 ἐνδόξως
2573 1800 2681 1870 γὰρ
2714 1800 3089 1865 δεδόξασται.

433 1887 521 1940 14.
553 1886 622 1941 Et
646 1898 976 1943 tentaverunt
1002 1889 1168 1943 Deum
1203 1890 1257 1943 in
1296 1890 1574 1961 inuquoso.
1624 1890 1781 1953 Illud,
1823 1898 1925 1945 ten-

2111 1891 2208 1945 Καὶ
2237 1890 2566 1959 ἐπείρασαν
2590 1893 2698 1945 τὸν
2724 1891 2871 1945 Θεὸν
2907 1893 2976 1946 ἐν
2999 1893 3251 1961 ἀνύδρῳ.
3283 1892 3356 1945 Τὸ
3384 1893 3461 1959 δὲ,
3493 1892 3603 1946 καὶ

367 1985 607 2032 laverunt
643 1979 809 2034 Deum
834 1981 887 2033 in
911 1982 1189 2050 inaquoso,
1217 1982 1487 2051 signiﬁcat
1522 2002 1535 2037 :
1576 1982 1859 2037 irritaveru

2110 1983 2353 2051 είρασαν
2372 1983 2479 2036 τόν
2503 1982 2650 2035 Θεὸν
2683 1983 2754 2036 ἐν
2802 1983 3036 2052 ἀνύδρῳ
3061 2002 3075 2017 ’
3103 1983 3453 2057 παρώργισαν
3482 1986 3602 2057 γὰρ

362 2083 487 2123 eum
519 2072 701 2126 statim
733 2081 855 2142 post
880 2073 1164 2127 transitum
1190 2074 1355 2128 maris
1380 2074 1567 2129 llubri.

2027 2074 2188 2128 αὐτὸν
2208 2074 2409 2137 εὐθέως
2436 2074 2573 2144 μετὰ
2595 2075 2695 2145 τὴν
2739 2075 3003 2147 Ἐρυθρὰν
3028 2075 3320 2131 θάλασσαν.

425 2162 515 2217 20.
561 2160 630 2215 Et
676 2171 1008 2216 mutaverunt
1051 2165 1274 2235 gloriam
1322 2183 1473 2219 suam
1526 2167 1577 2219 in
1612 2166 1917 2221 similitudi-

2109 2163 2207 2218 Καὶ
2237 2164 2584 2231 ἠλλάξαντο
2605 2164 2722 2232 τὴν
2747 2164 2934 2229 δόξαν
2963 2166 3150 2220 αὐτοῦ
3186 2168 3256 2221 ἐν
3280 2166 3601 2240 ὁμοιώματι

362 2269 478 2306 nem
530 2253 680 2308 vituli
730 2256 1046 2310 comedentis
1104 2260 1301 2326 fenum.
1371 2255 1554 2312 Gloria
1615 2258 1745 2328 ipsis
1806 2274 1854 2313 ei

2103 2267 2259 2322 σχου
2288 2254 2602 2320 ἐσθίοντος
2629 2256 2865 2323 χόρτον.
2889 2253 3026 2319 Δόξα
3046 2251 3113 2327 ἦν
3144 2257 3327 2320 αὐτοῖς
3360 2258 3389 2309 ό
3433 2258 3595 2323 Θεὸς,

359 2339 524 2407 Deus,
552 2358 659 2413 quo
689 2344 917 2400 dimisso
947 2346 1577 2402 adoraveruntvitulum.

2023 2342 2083 2395 δν
2116 2345 2345 2414 ἀφέντες
2377 2345 2790 2415 προσεκύνησαν
2818 2345 2894 2415 τῷ
2928 2347 3132 2418 μόσχῳ.

435 2435 527 2491 25.
559 2433 620 2491 Si
651 2453 753 2490 non
803 2436 1013 2508 Moyses
1059 2439 1252 2494 electus
1293 2442 1405 2504 eius
1441 2441 1665 2494 stetisset
1694 2442 1750 2495 in
1797 2457 1921 2495 con-

2097 2434 2159 2488 ει
2180 2435 2266 2504 μὴ
2298 2435 2560 2505 Μωῦσῆς
2591 2440 2624 2491 ὁ
2652 2437 2932 2503 ἐκλεκτὸς
2955 2437 3104 2506 ἔστη
3128 2439 3199 2491 ἐν
3224 2437 3298 2507 τῇ
3320 2441 3589 2507 θραύσει.

357 2526 636 2597 fractione.
673 2527 904 2595 Quando
937 2529 1072 2585 dixit
1104 2550 1117 2586 :
1153 2529 1212 2585 Si
1241 2532 1465 2585 dimittis
1496 2542 1766 2601 peccatum
1787 2572 1803 2597 ,
1833 2551 1849 2586 ι

2095 2538 2150 2575 τε
2192 2519 2377 2576 εἶπεν*
2416 2528 2483 2578 El
2506 2523 2625 2594 μὲν
2656 2525 2831 2594 ἀρεῖς
2859 2526 3063 2593 αὐτοῖς
3116 2526 3231 2595 τὴν
3274 2529 3587 2597 ἁμαρτίαν,

355 2620 505 2673 mitte
526 2635 545 2674 :
576 2622 621 2674 si
653 2637 758 2674 non
781 2621 1030 2689 dimittis,
1049 2622 1161 2676 dele
1181 2640 1260 2677 me
1289 2625 1353 2679 de
1375 2623 1510 2677 libro
1540 2633 1627 2677 tuo
1650 2624 1747 2678 hoc
1765 2641 1847 2697 qut

2098 2631 2169 2681 ἐς
2195 2632 2210 2646 ·
2242 2617 2295 2668 εὶ
2341 2614 2410 2668 δὲ
2447 2615 2556 2684 μὴ,
2596 2616 2750 2685 κάμὲ
2788 2617 3112 2687 ἐξάλειψον
3131 2617 3198 2671 ἐκ
3226 2617 3335 2688 τῆς
3365 2620 3590 2683 ,ϐίϐλου

355 2709 617 2777 scripsisti
647 2708 712 2764 “.

2019 2719 2136 2759 σου
2161 2707 2379 2772 ταύτης
2409 2701 2485 2775 ἧς
2511 2706 2777 2776 ἔγραψας

434 2796 526 2852 24.
558 2798 629 2851 Et
658 2816 753 2869 pro
798 2800 965 2855 nihilo
1011 2800 1306 2856 [rubuerunt
1346 2813 1541 2856 terram
1583 2802 1912 2857 desiderabi-

2096 2796 2198 2849 Καὶ
2216 2795 2636 2860 ἐξουδένωσαν
2651 2797 2769 2867 γῆν
2797 2798 3182 2868 ἐπιθυμητήν.
3216 2799 3468 2871 Πέμπτον
3500 2801 3588 2871 εγ-

352 2886 475 2940 lem.
507 2886 709 2954 Quinta
735 2893 1013 2946 accusatio
1049 2893 1163 2957 haec
1187 2902 1292 2956 est,
1320 2902 1442 2961 post
1483 2893 1641 2959 alias,
1672 2894 1738 2948 de
1775 2911 1844 2948 in:

2088 2902 2204 2956 ημα
2235 2884 2393 2939 τοῦτο
2427 2884 2565 2956 μετὰ
2611 2885 2708 2956 τὴν
2768 2887 3052 2959 Ἐρυθρὰν,
3105 2888 3199 2941 καὶ
3228 2888 3327 2958 τὴν
3356 2887 3580 2959 ἔρημον,

351 2976 540 3034 Rubro
562 2982 787 3048 scilicet,
808 2984 875 3039 de
907 2984 1140 3048 deserto,
1159 2984 1225 3039 de
1249 2983 1431 3055 Moyse
1467 2985 1534 3039 ad
1566 2986 1700 3039 iram
1731 3002 1843 3041 cont

2091 2978 2113 3029 ὶ
2144 2977 2243 3047 τὴν
2270 2979 2350 3040 εἰς
2378 2978 2617 3047 Μωῦσῆν
2653 2978 2961 3049 παροινίαν,
3010 2979 3103 3032 καὶ
3131 2978 3220 3031 τὸν
3256 2979 3453 3049 μόσχον
3488 2980 3583 3034 τὸν

348 3076 488 3136 tato,
515 3071 582 3126 de
614 3037 786 3127 vitulo
825 3074 881 3127 in
929 3074 1164 3128 Church.
1213 3037 1435 3128 Πενέτεί
1466 3090 1700 3145 namque
1726 3077 1840 3147 exp!

2118 3037 2343 3137 Χωρήϐ.
2383 3037 2796 3132 Ἐπανελθόντες
2828 3037 3018 3139 γὰρ-οἱ
3052 3037 3393 3122 κατάσκοποι
3413 3109 3429 3135 ,
3480 3087 3583 3124 κα-

348 3173 583 3227 ratores,
610 3165 749 3217 male
787 3164 1068 3233 loquentes
1093 3165 1159 3219 de
1186 3174 1348 3228 terra,
1374 3166 1508 3221 alios
1540 3183 1723 3222 secum
1751 3170 1840 3224 abc‘

2081 3156 2126 3222 ig
2150 3157 2398 3227 λέγοντες
2424 3160 2520 3230 τὴν
2554 3159 2677 3230 γῆν,
2711 3161 2804 3213 καὶ
2830 3162 2955 3225 τοὺς
2993 3160 3183 3225 ἄλλους
3209 3161 3573 3233 ἀπέστρεψαν,

348 3262 570 3321 xerunt,
604 3264 830 3325 excepto
854 3253 981 3311 Jesu
1014 3255 1123 3311 lilio
1159 3254 1329 3323 Nave,
1364 3265 1418 3312 et
1457 3258 1658 3315 Chaleb
1693 3260 1804 3314 lilio

2014 3250 2180 3321 xwp‘i;
2214 3249 2386 3322 Ἰησοῦ
2414 3249 2507 3303 τοῦ
2536 3251 2689 3321 Ναυῆ
2718 3251 2812 3304 καὶ
2833 3250 3012 3304 Χαλὲϐ
3042 3252 3135 3304 τοῦ
3168 3252 3410 3323 Ἰεφωνῆ.

350 3345 551 3414 pbone.

420 3434 509 3490 25.
531 3434 597 3491 Et
616 3449 1071 3494 murmuraoernnt
1092 3443 1148 3495 in
1164 3443 1517 3498 tabernaculis
1532 3444 1912 3511 suis.'Qnando

2084 3425 2190 3479 Kal
2214 3428 2551 3497 ἐγόγγυσαν
2567 3429 2637 3481 ἐν
2659 3428 2783 3495 τοῖς
2810 3430 3204 3501 σκηνώμασιν
3226 3434 3576 3491 αὐτῶν.⁶’οτε

349 3527 559 3583 reversi
614 3529 984 3599 exploratores
1036 3545 1271 3590 mentem
1331 3535 1513 3607 populi
1578 3547 1841 3591 averterui

2091 3519 2421 3572 κατάσκοποι
2455 3519 2700 3584 ἐλθόντες
2728 3521 3046 3594 διέπρεψαν
3075 3524 3173 3597 τὴν
3216 3525 3453 3598 γνώμηνι
3477 3530 3580 3583 τοῦ.

2088 3627 2161 3664 ου.

2043 3627 2139 3663 αου
2146 3649 2161 3664 ο

417 3704 508 3758 28.
543 3703 614 3759 Et
643 3707 845 3762 initiati
881 3719 1005 3764 sunt
1028 3709 1365 3782 Beelphegor.
1420 3710 1534 3767 Hoc
1594 3713 1795 3768 idolum
1828 3724 1909 3770 est

2083 3701 2187 3756 Kal
2222 3702 2632 3770 ἐτελέσθησαν
2656 3704 2735 3771 τῷ
2763 3706 3126 3775 Βεελφεγώρ.
3159 3709 3389 3764 Εἴδωλον
3418 3711 3575 3766 τοῦτο

345 3795 805 3865 AmmOnitarum,
838 3800 984 3868 quod
1015 3810 1243 3857 vocatur
1284 3818 1315 3856 a
1365 3801 1568 3859 Greecis
1618 3804 1837 3858 Saturni

2022 3794 2388 3864 Ἀμμανιτῶν,
2426 3794 2755 3866 καλούμενον
2782 3800 2909 3871 παρ’
2942 3798 3164 3871 Ἕλλησι
3199 3803 3420 3874 Κρόνος.

416 3885 504 3940 30.
531 3885 598 3940 Et
627 3890 773 3942 stetit
794 3889 1014 3945 Pliinees
1038 3901 1087 3945 et
1133 3894 1381 3963 placavit.
1444 3894 1673 3961 Quando
1705 3896 1908 3952 Madia-

2080 3884 2188 3938 Kal
2221 3884 2367 3953 ἔστη
2401 3884 2605 3952 Φινεὲς
2632 3888 2727 3941 καὶ
2755 3888 3234 3954 ἐξιλάσατο.”οτε
3269 3895 3441 3950 ἀνεῖλε
3472 3897 3572 3970 τὴν

347 3976 572 4031 nitidem
605 3991 730 4033 cum
783 3983 1001 4034 mmclio
1031 3984 1251 4038 occidit.
1287 3983 1558 4039 Docemur
1609 3995 1789 4042 autem
1824 3989 1839 4042 l

2078 3973 2323 4028 z6tavirtv
2355 3978 2490 4047 μετὰ
2520 3978 2614 4031 τοῦ
2645 3981 3055 4050 πορνεύσαντος.
3079 3985 3325 4040 Διδάσκει
3349 3987 3403 4041 δὲ
3427 3990 3570 4060 ἡμᾶς

345 4069 537 4138 quanti
566 4069 635 4125 sit
668 4070 812 4141 apud
834 4068 1005 4128 Deum
1030 4074 1115 4129 vel
1147 4075 1310 4130 unius
1343 4076 1441 4131 viri
1474 4077 1664 4147 pietas.

2082 4064 2237 4134 λόγος
2285 4067 2445 4121 πόσον
2488 4069 2709 4124 δύναται
2758 4072 2876 4137 ἐνὸς
2928 4074 3117 4145 ἀνδρὸς
3160 4076 3408 4132 εὐσέϐεια
3438 4080 3571 4152 πρὸς

604 4176 608 4181 λ
2007 4156 2158 4209 Θεόν.

414 4240 503 4296 59.
540 4240 608 4296 Et
645 4243 895 4313 fornicati
922 4257 1043 4301 sunt
1069 4247 1596 4307 inadinrentionibus
1619 4255 1749 4307 suis.
1783 4253 1906 4310 “me

2076 4248 2183 4300 Kal
2207 4248 2581 4317 ἐπόρνευσαν
2615 4251 2685 4305 ἐν
2715 4252 2838 4320 τοῖς
2864 4255 3327 4326 ἐπιτηδεύμασιν
3355 4259 3565 4317 αὐτῶν.

342 4332 541 4388 docent
560 4333 810 4392 Judicum
840 4348 895 4393 et
918 4337 1226 4409 Regnorum
1251 4343 1390 4404 libri.
1424 4346 1567 4416 quod
1592 4347 1772 4401 traditi
1797 4349 1834 4403 s';

2076 4335 2189 4388 ιῦτα
2211 4337 2515 4392 διδάσκουσι
2532 4341 2747 4410 Κριτῶν
2767 4359 2827 4395 τε
2862 4344 2954 4397 καὶ
2980 4344 3272 4400 Βασιλειῶν
3297 4348 3351 4401 αἱ
3380 4347 3568 4418 βίϐλοι,

346 4425 480 4480 alias
507 4427 629 4483 aliis
655 4430 888 4499 populis,
917 4432 1265 4501 Ammonitis,
1314 4435 1648 4502 Amalecitis,
1700 4436 1838 4493 Madi

2076 4446 2087 4491 :
2113 4430 2484 4501 παρεδόθησαν
2515 4433 2699 4488 ἄλλοτε
2729 4434 2923 4500 ἄλλοις.
2954 4437 3289 4505 Μωαϐίταις,
3308 4441 3568 4511 Ἀμμανι-

345 4513 497 4580 nitls,
521 4516 861 4589 alienigenis,
888 4535 954 4576 eo
988 4525 1152 4579 modo
1182 4525 1392 4580 scilicet
1422 4527 1695 4600 castigati.

2077 4538 2146 4583 ις,
2188 4523 2599 4595 Ἀμαληκίταις,
2619 4528 2992 4593 Μαδιαναίοις,
3032 4530 3446 4606 ἀλλοφύλοις,τῇ
3470 4553 3568 4590 τεα-

2009 4612 2219 4683 ραδόσει
2253 4616 2647 4687 παιδευόμενοι.

411 4686 501 4740 41.
528 4685 596 4739 Et
620 4688 881 4745 dominati
906 4703 1029 4747 sunt
1075 4710 1259 4748 eorum
1303 4698 1391 4766 qui
1417 4699 1638 4754 oderunt
1662 4716 1771 4754 eos.
1805 4700 1903 4755 Ba-

2077 4704 2186 4759 Kal
2229 4685 2588 4776 ἐκυρίευσαν
2633 4710 2853 4776 αὐτοὺς
2891 4715 2951 4765 oi
2978 4714 3299 4781 μισοῦντες
3332 4717 3562 4782 αὐτούς.

343 4774 553 4847 hylonii
589 4785 643 4831 et
669 4778 875 4849 Assyrii
898 4779 1167 4838 dominati
1197 4794 1326 4841 sunt
1360 4784 1627 4845 lsraelitis
1657 4792 1729 4845 ob
1755 4792 1835 4862 ips

2073 4774 2345 4851 ιϐυλώνιοι⁷
2365 4800 2459 4853 καὶ
2494 4800 2764 4871 Ἀσσύριοι
2780 4774 3130 4875 ηὲπεκρατουν
3154 4774 3293 4871 τοῖς-
3310 4774 3565 4879 Ἰσραηλί-

346 4882 465 4923 rum
500 4867 827 4937 impietates.

2004 4906 2124 4952 ταις
2156 4888 2243 4943 διὰ
2273 4888 2371 4953 τὰς
2402 4867 2747 4962 παρανομίας
2775 4867 2972 4952 αὐτῶν.

412 4958 505 5013 42.
531 4957 683 5029 Stcpe
703 4958 941 5015 liberavit
962 4978 1070 5016 eos.
1103 4963 1216 5033 lpsi
1240 4973 1418 5020 autem
1457 4972 1904 5028 exacerbaverunt

2073 4980 2373 5047 Πολλάκις
2414 4957 2708 5051 ἐρρύσατο
2743 4987 2983 5055 αὐτούς.
3025 4989 3203 5044 Αὐτοὶ
3235 4989 3304 5044 δὲ
3330 4993 3565 5060 παρεπί-

344 5064 462 5101 eum
489 5050 545 5102 in
568 5052 789 5105 consitio
836 5067 953 5107 suo.
985 5051 1079 5108 llle
1134 5069 1232 5124 pro
1281 5055 1467 5111 innata
1513 5074 1611 5115 sua
1646 5075 1777 5132 erga
1810 5064 1836 5116 li

2073 5087 2229 5125 arar
2253 5050 2449 5126 αὐτόν
2476 5072 2546 5127 ἐν
2583 5072 2658 5144 τῇ
2684 5075 2890 5146 ,ϐουλῇ
2933 5050 3149 5135 αὐτῶν.
3168 5081 3225 5134 '0
3257 5082 3355 5150 μὲν
3377 5050 3443 5154 ἦν
3473 5086 3565 5137 αὐ-

347 5142 524 5197 mines
548 5143 832 5201 clementia
862 5153 1184 5202 mansuetus
1213 5148 1321 5203 illis
1342 5157 1478 5214 erat,
1501 5151 1578 5205 illi
1606 5167 1736 5208 vero
1754 5170 1839 5209 eoi

2072 5164 2117 5226 ῖς
2150 5163 2214 5216 ἐκ
2242 5142 2651 5236 φιλανθρωπίας*
2676 5142 2899 5236 γλυκὺς,
2928 5170 2977 5222 ol
3021 5169 3078 5223 δὲ
3122 5142 3318 5243 πικρδν
3363 5142 3564 5238 ἑαυτοῖς

346 5233 613 5301 pellebant
656 5251 783 5292 eum
835 5247 895 5293 ut
941 5239 1172 5295 acerbus
1207 5249 1351 5295 esset
1384 5243 1538 5312 ipsis.
1566 5242 1634 5300 Et
1681 5260 1838 5300 rursu

2073 5253 2314 5323 ayxaCov
2359 5233 2659 5325 φαίνεσθαι.
2690 5233 2816 5313 Καὶ
2859 5233 3019 5314 πάλιν
3063 5233 3263 5315 ἔσωσεν
3296 5264 3455 5317 αὑτὸν
3482 5233 3565 5319 οἷα

347 5322 575 5379 salvavit
606 5342 731 5381 eum
761 5337 947 5400 utpote
969 5328 1247 5386 Salvator.
1272 5332 1351 5386 Illi
1382 5342 1563 5389 autem
1592 5334 1839 5404 perierun

2073 5345 2203 5416 οτήρ
2220 5361 2234 5375 ·
2268 5346 2317 5398 oi
2425 5344 2701 5402 ἀπώλοντο
2727 5347 2908 5420 ἔργοις
2937 5348 3210 5414 ἀπωλείας
3234 5351 3458 5413 ἑαυτοὺς
3476 5369 3565 5405 πε-

347 5428 466 5469 sese
527 5418 784 5485 operibus
835 5421 1158 5491 perniciosis
1229 5425 1618 5495 complicantes
1643 5468 1660 5494 ,
1730 5428 1837 5483 don

2075 5435 2385 5506 πείραντεςο
2417 5438 2576 5509 μέχρι
2603 5418 2862 5502 πολλάκις
2896 5439 3092 5504 αὐτοὺς
3120 5440 3396 5505 ποιοῦντες
3422 5442 3567 5506 τέλος

345 5520 469 5562 cum
498 5523 563 5563 ea
591 5511 790 5581 saepius
819 5514 1160 5584 repetiissent
1198 5517 1412 5586 penitus
1447 5519 1745 5595 interirent.
1772 5522 1837 5578 llll

2071 5525 2307 5585 τώλοντο.
2332 5527 2404 5581 Τὸ
2451 5527 2527 5596 δὲ,
2572 5529 2909 5598 πλεονάκις,
2954 5531 3136 5601 ὅμοιον
3180 5531 3286 5605 τῷ·
3309 5529 3563 5601 Ποσάκις

384 5602 431 5636 ⁸³
455 5601 628 5660 Exod.
654 5621 745 5671 xv,
770 5607 815 5662 1.
899 5610 945 5642 ’⁸
977 5608 1148 5666 Exod.
1184 5628 1354 5679 um,
1380 5613 1470 5682 3|,
1506 5614 1595 5671 3‘2.
