3778 6276
136 312 249 365 “'3
1322 299 1686 357 EXPOSITIO
1725 301 1730 356 1

1865 302 2160 361 'SALMUM
2200 304 2331 362 CVI.
3300 313 3403 370 ιεο

136 423 436 491 ἠθέλησα
451 416 925 488 ἐπισυναγαγεῖν
950 416 1023 471 τὰ
1049 416 1229 471 τέκνα
1254 431 1404 483 σονς
1435 418 1494 471 τὸ
1518 419 1606 472 δέ’
1631 418 1730 473 Kal

1865 430 2042 486 autem,
2077 439 2234 493 saepe,
2270 424 2452 479 simile
2476 435 2560 480 est
2584 424 2698 479 illi:
2759 423 2977 490 Quoties
3006 426 3148 481 voiui
3186 444 3404 499 congre-

137 511 652 579 ὲτειπεινώθησαν
682 510 753 562 ἐν
788 507 917 573 ταῖς
941 508 1215 577 ἀνομίαις
1247 507 1464 575 αὐτῶν,
1496 509 1596 580 τῷ,
1620 512 1730 566 οὐκ

1865 527 1964 565 iure
1982 512 2121 581 ﬁlios
2142 522 2257 568 tuos
2291 514 2373 568 πῖ
2393 513 2528 569 Illud
2558 524 2776 571 autem:
2803 515 2872 570 Et
2907 516 3183 572 humiliati
3199 536 3317 573 sun.
3347 525 3403 573 in

142 603 527 670 ἠθελήσατε,
547 601 799 669 Ἐπάγων
829 603 937 670 γὰρ
968 601 1065 673 τὴν
1097 599 1366 663 παιδείαν,
1413 601 1575 655 πάλιν
1610 618 1741 672 μετ-

142 693 317 745 εδίδου
341 690 772 762 φιλανθρωπίας
794 706 809 720 ·
827 691 876 743 οἰ
895 690 951 742 δὲ
972 690 1133 743 αὐτὸν
1152 693 1264 754 τοῖς
1287 690 1563 762 πολεμίοις
1582 690 1742 762 ἡμεί-

146 784 328 838 ενοντο.
1150 828 1151 833 η

216 875 328 929 Καὶ
386 873 624 927 ἔδωκεν
669 873 890 940 αὐτοὺς
936 875 1024 939 εἰς
1076 872 1412 942 οἰκτιρμοὺς
1464 872 1744 928 ἐναντιον

148 964 403 1017 πάντων
455 963 583 1016 τῶν
629 963 1241 1033 αἱχμαλωτευσάντων
1287 964 1527 1030 αὐτούς.
1574 964 1743 1018 Τοῦτό

151 1074 283 1126 τι
314 1055 417 1109 διὰ
457 1055 650 1127 Κῦρον
679 1056 770 1108 τδν
807 1054 1151 1109 ἀπολύσαντα
1194 1055 1390 1118 αὐτοὺς
1417 1055 1515 1125 τῆς
1542 1057 1744 1126 αἰχμα-

150 1148 381 1209 ὶωσίας,
424 1147 528 1199 καὶ
548 1148 771 1218 Δαρεῖον
803 1146 896 1200 καὶ
924 1145 1301 1217 Ἀρταξέρξην,
1329 1145 1455 1210 τοὺς
1490 1148 1585 1199 καὶ
1615 1148 1745 1217 χρή-

154 1254 297 1307 ματα
324 1237 535 1301 δόντας
561 1238 643 1300 είς
674 1237 773 1309 τὴν
796 1238 1078 1308 οἰκοδομὴν
1107 1237 1201 1291 τοῦ
1228 1236 1377 1292 ναοῦ.

699 1330 1067 1397 Ἆλληλούτα.
1100 1332 1241 1398 PG”.

231 1419 739 1489 Ἐξομολοτεῖσθε
785 1419 865 1485 τῷ
899 1421 1110 1489 Κυρίῳ,
1144 1420 1235 1474 ὅτι
1278 1421 1560 1490 χρηστός.
1590 1421 1747 1476 Μετὰ

154 1508 245 1580 τὴν
277 1510 569 1581 ἀποϐολὴν
604 1510 698 1563 τοῦ
734 1511 999 1566 Ἰουδαίων
1026 1512 1155 1566 λαοῦ
1188 1514 1409 1579 εἰκότως
1429 1515 1526 1587 τὴν
1555 1515 1744 1588 κλῆσιν

156 1600 255 1652 τῶν
275 1600 462 1653 ἐθνῶν
488 1618 703 1672 καταση
712 1601 908 1672 μαίνει,
930 1603 1029 1675 τὴν
1055 1605 1351 1676 γενομένην
1378 1607 1466 1661 διὰ
1491 1606 1599 1660 τῶν
1621 1609 1747 1661 ἀπο-

157 1694 380 1746 στόλων.
420 1693 522 1746 Διὸ
554 1694 651 1746 καὶ
680 1696 847 1747 αἰνεῖν
874 1696 1197 1764 προστάττει
1219 1698 1309 1751 τὸν
1341 1698 1494 1764 Θεὸν,
1532 1699 1626 1754 καὶ
1661 1699 1747 1767 ἐξ·

155 1787 543 1856 ομολογεῖσθαι
577 1785 727 1857 αὐτῷ
754 1788 844 1839 ἐπὶ
870 1786 947 1857 τῷ
978 1787 1197 1858 μεγάλῳ
1221 1788 1382 1843 αὐτοῦ
1409 1790 1562 1862 ἐλέῳ.

228 1879 370 1933 Ἀπὸ
407 1876 732 1932 ἀνατολῶν
757 1876 859 1930 καὶ
884 1877 1150 1947 δυσμῶν,
1171 1878 1270 1933 καί
1288 1880 1482 1949 ,βορῤᾶ
1510 1881 1606 1935 καί
1645 1885 1744 1936 θα-

151 1971 425 2039 ⁸ιὰσσης.
468 1970 581 2022 Καὶ
608 1969 750 2033 τίνες
779 1969 843 2023 ὲκ
868 1969 974 2024 τῶν
995 1972 1271 2044 τεσσάρων
1299 1973 1395 2044 τῆς
1423 1974 1745 2046 οἰκουμένης

154 2064 444 2135 κλιμάτων
498 2063 854 2132 συναχθέντες
896 2062 928 2135 ἢ
973 2064 1149 2117 πάντα
1180 2064 1249 2118 τὰ
1291 2065 1416 2138 ἔθνη
1466 2066 1534 2121 τὰ
1576 2067 1745 2122 πάλαι

153 2156 244 2225 ἔρῃ
253 2173 336 2225 μα
366 2153 688 2217 θεοσεϐείας
712 2152 1065 2224 τυγχάνοντα,
1093 2157 1186 2208 καὶ
1211 2156 1344 2225 μηδὲ
1365 2157 1565 2221 νοτίδος
1595 2157 1745 2221 θείας

155 2246 563 2315 μεταλαϐόντα,
597 2245 710 2300 ἀλλ’
743 2247 801 2297 ὲν
833 2245 1009 2317 πολλῷ
1036 2246 1176 2317 δίψει
1201 2251 1564 2319 τυγχάνοντα;

229 2337 408 2390 Ὀδύν
438 2340 679 2402 πόλεως
701 2337 1154 2405 κατοικητηρίου
1177 2342 1289 2409 οὐχ
1315 2335 1513 2408 εὖρον.
1540 2341 1614 2394 Οὐ
1636 2339 1745 2411 γὰρ

153 2423 219 2497 ἦν
250 2429 447 2491 αὐτοῖς
476 2427 723 2481 πολιτεία
745 2428 1104 2501 χρηστὴ,ὰλλ’
1119 2426 1257 2501 ἦσαν
1276 2433 1335 2486 ὲν
1356 2431 1531 2504 πλάνῃ
1553 2432 1740 2505 πολλῇ.

220 2610 568 2676 Πεινῶντες
614 2611 714 2664 καὶ
763 2610 1076 2679 διψῶντες,
1124 2612 1164 2680 ἡ
1213 2613 1385 2682 ψυχὴ
1430 2615 1629 2668 αὐτῶν
1675 2617 1746 2671 ἐν

157 2700 363 2768 αὐτοῖς
400 2699 743 2765 ἐξέλειπεν.
774 2701 911 2754 Οὐδὲ
935 2701 1043 2771 γὰρ
1073 2697 1215 2772 εἶχον
1242 2703 1404 2774 ἄρτον
1432 2703 1525 2757 τὸν
1559 2706 1747 2777 στηρί-

159 2794 320 2855 (ma
347 2792 587 2863 καρδίαν
618 2791 903 2864 ἀνθρώπου
924 2810 937 2824 ·
969 2793 1087 2847 οὐδὲ
1109 2795 1169 2847 τὸ
1198 2793 1341 2867 ὕδωρ
1365 2796 1427 2849 τὸ
1452 2794 1578 2862 ζῶν,
1616 2799 1745 2869 περὶ

159 2878 219 2935 οὗ
244 2884 536 2938 λέλεκται·
574 2884 629 2936 '0
657 2884 848 2937 πίνων
873 2884 941 2938 ἐκ
970 2884 1078 2939 τοῦ
1099 2885 1318 2953 ὕδατος
1337 2881 1409 2943 οὗ
1430 2886 1546 2958 ἐγὼ
1571 2887 1744 2943 δώσω

160 2974 342 3039 αὐτῷ,
377 2976 454 3029 οὐ
477 2973 568 3042 μὴ
595 2973 845 3044 διψήσει
875 2977 962 3042 εἰς
981 2974 1090 3030 τὸν
1119 2975 1324 3031 αἰῶνα.

230 3068 339 3122 Καὶ
381 3064 706 3171 ὡδήγησεν
752 3068 975 3171 autaut;
1026 3071 1114 3134 εὶς
1161 3068 1305 3125 ὁδὸν
1349 3069 1603 3128 εὐθεῖαν.
1635 3069 1743 3143 Τὴν
1770 3112 1813 3171 c

164 3159 239 3222 sl;
284 3159 486 3213 ἑαυτὸν
541 3159 725 3213 πίστιν
752 3159 970 3232 δηλαδή.
994 3161 1165 3225 Αὐτὸς
1194 3161 1303 3233 γὰρ
1335 3162 1522 3232 ἔλεγεν
1542 3182 1555 3195 ·
1597 3163 1745 3233 Ἐγώ

161 3250 275 3319 εἰμι
306 3250 349 3318 ἠ
382 3248 548 3315 ὁδός.
591 3249 701 3303 Τοῦ
728 3250 1095 3320 πορευθῆναι
1121 3254 1210 3319 εἰς
1254 3255 1436 3308 πόλιν
1468 3271 1743 3324 κατοικη-

164 3340 393 3406 τηρίσυ.
444 3336 559 3408 Τὴν
606 3338 931 3410 Ἐκκλησίαν
981 3341 1164 3410 φησὶν,
1212 3341 1246 3412 ἢ
1282 3342 1380 3413 τὴν
1426 3343 1745 3415 ἐπουράνιον

174 3429 239 3482 Ίε
247 3429 496 3501 ρουσαλή
506 3447 567 3500 μ.

239 3520 946 3591 Ἐξομολογησὰσθωσαν
993 3519 1075 3588 τῷ
1109 3523 1306 3591 Κυρίῳ
1344 3523 1418 3577 τὰ
1459 3523 1601 3592 wn
1637 3526 1747 3579 αὺ-

164 3612 335 3668 τοῦ...
373 3611 468 3665 ὅτι
503 3612 795 3681 ἐχόρτασε
818 3613 1031 3682 ψυχὴν
1061 3614 1265 3680 κενήν.
1306 3614 1418 3668 Καὶ
1455 3616 1540 3679 τίς
1565 3616 1746 3688 ἐκείνη

164 3705 197 3773 ἡ
226 3703 399 3774 ψυχὴ,
426 3703 463 3773 ἢ
490 3702 717 3756 ἐκείνων
746 3703 874 3772 περὶ
897 3696 972 3756 ὧν
1001 3702 1279 3759 λέλεκται·
1303 3705 1632 3773 Πεινῶντες
1650 3707 1747 3760 καὶ

164 3794 488 3863 διψῶντες,
525 3794 566 3862 ή
596 3794 768 3862 ψυχὴ
795 3792 992 3847 αὐτῶν
1030 3796 1100 3848 ἐν
1149 3796 1351 3863 αὐτοῖς
1396 3795 1748 3862 ἐξέλειπεν;

166 3886 268 3939 Kal
329 3883 552 3953 ψυχὴν
596 3884 901 3939 πεινῶσαν
943 3882 1284 3953 ἐνέπλησεν
1332 3885 1588 3955 ἀγαθῶν.
1642 3885 1748 3939 Τοῦ

164 3975 359 4048 νοητοῦ
393 3977 567 4047 ἄρτου
591 3974 856 4045 δηλονότι.

228 4068 627 4138 Καθημένου(-
655 4068 726 4121 ἐν
749 4068 951 4121 σκότει
978 4068 1076 4121 καὶ
1106 4067 1251 4137 σκιᾷ
1288 4070 1566 4125 θανάτου.
1585 4070 1750 4125 Σκιὰν

166 4159 400 4214 θανάτου
427 4159 533 4211 οὐκ
579 4157 645 4211 ἂν
682 4158 948 4228 ἁμάρτοις
983 4160 1159 4229 λέγων
1185 4160 1285 4232 τὴν
1311 4161 1752 4234 εἰδωλολατρείαν

162 4253 259 4307 καὶ
286 4251 393 4315 τὰς
418 4252 480 4303 ὲν
512 4249 765 4321 ἀθεότητι
794 4250 1054 4322 πράξεις’
1085 4244 1247 4306 αὗται
1273 4253 1382 4324 γάρ
1404 4254 1543 4307 εἰσιν
1560 4254 1616 4307 αἰ
1646 4271 1753 4325 χω-

165 4342 417 4414 ρίζουσαι
467 4343 614 4412 ἡμᾶς
660 4342 758 4412 τῆς
804 4341 1058 4413 ἀληθινῆς
1107 4342 1378 4413 ζωῆς.Ἐν
1426 4343 1652 4407 ταύταις
1694 4342 1753 4397 δὲ

1839 605 2207 674 iniquitatibus
2235 607 2368 673 suis,
2405 607 2485 661 illi
2531 625 2544 661 :
2594 606 2665 660 Et
2710 607 2959 664 noluistis
2986 609 3053 663 “.
3087 608 3225 665 Cum
3257 610 3406 665 enim

1842 697 2252 765 castigationem
2310 698 2652 763 immisisset,
2709 714 2931 754 rursum
2977 699 3409 756 misericorditer

1841 801 1965 841 cum
1997 788 2105 842 illis
2140 788 2353 858 agebat,
2382 788 2484 857 ipsi
2515 804 2645 842 vero
2663 788 2891 847 adversa
2920 790 3319 845 “tribuebant.
3425 830 3428 843 .

1910 879 1999 934 46.
2034 878 2102 932 Et
2130 880 2273 934 dedit
2300 896 2386 934 ees
2404 882 2458 933 in
2490 880 2881 935 misericordias
2915 882 2968 935 in
2992 890 3269 950 conspectu
3287 897 3403 934 om-

1842 972 1985 1026 nium
2016 973 2106 1043 qui
2136 982 2377 1041 ceperant
2400 989 2507 1027 eos.
2528 971 2643 1027 Hoc
2688 973 2765 1027 ait
2802 983 3021 1043 prepter
3048 971 3274 1044 Cyrum,
3309 974 3404 1043 qui

1842 1062 2048 1119 dimisit
2073 1078 2169 1119 eos
2190 1079 2258 1119 ex
2282 1065 2617 1135 captivitate,
2649 1073 2701 1120 et
2730 1063 2951 1119 Darium
2984 1066 3406 1123 etArtaxerxem

1843 1153 1936 1223 qui
1973 1155 2229 1222 pecunias
2258 1162 2552 1225 erogarth
2582 1153 2651 1209 ad
2685 1156 3149 1211 constructionem
3191 1156 3403 1226 templi.

2407 1337 2662 1392 Alleluia.
2691 1335 2732 1391 C
2748 1335 2844 1391 VI.

1916 1427 2032 1481 1-2.
2063 1424 2395 1496 Conﬁtemini
2426 1427 2651 1482 Domino
2667 1428 2913 1499 quoniam
2935 1426 3120 1481 bonus.
3147 1425 3279 1481 Post
3308 1425 3408 1480 ab-

1841 1518 2134 1589 jectionem
2190 1517 2404 1574 Judaici
2451 1519 2668 1589 populi,
2734 1526 3037 1588 Opportune
3066 1519 3409 1573 vocationem

1844 1609 2084 1680 gentium
2139 1624 2236 1679 per
2303 1610 2577 1678 apostolos
2630 1607 2830 1663 factam
2907 1608 3170 1663 declarat.
3225 1605 3409 1672 Quare

1842 1701 1998 1771 jubet
2033 1701 2258 1755 laudare
2287 1701 2458 1756 Deum
2503 1711 2559 1756 et
2616 1699 2863 1756 conﬁteri
2911 1700 2986 1754 illi
3020 1700 3092 1754 ob
3146 1713 3404 1769 magnam

1848 1795 2021 1865 ipsius
2050 1793 2506 1849 misericordiam.

1914 1887 1968 1941 3.
2010 1885 2045 1938 Α
2073 1885 2200 1940 solis
2226 1896 2348 1940 ortu
2377 1894 2425 1939 et
2481 1902 2693 1950 occasu,
2750 1884 2814 1938 ab
2865 1885 3108 1956 aquilone
3163 1893 3213 1938 et
3239 1884 3398 1938 mari.

1846 1977 2148 2048 Ecquinam
2209 1993 2275 2033 ex
2327 1984 2564 2047 quatuor
2604 1986 2764 2033 terra
2797 1978 3058 2034 lateribus
3097 1976 3410 2049 congregati

1846 2079 1974 2126 sunt
2001 2070 2107 2125 n'isi
2134 2085 2325 2126 omnes
2349 2076 2557 2141 gentes,
2591 2085 2714 2139 quae
2770 2070 2901 2124 olim
2946 2070 3147 2139 pietate
3187 2078 3241 2125 et
3272 2069 3407 2125 reli-

1845 2164 2002 2234 gione
2028 2178 2210 2218 vacuae
2255 2169 2430 2229 erant,
2471 2171 2525 2217 et
2562 2177 2631 2216 ne
2686 2161 2884 2219 stillam
2913 2162 3134 2231 quidem
3162 2162 3405 2217 divinam

1846 2254 2196 2323 accipientes,
2222 2252 2315 2306 sed
2336 2252 2540 2319 ingenti
2565 2250 2654 2306 siti
2679 2250 2926 2305 aliiictae?

1914 2344 1968 2398 4.
2011 2342 2162 2396 Viam
2191 2343 2424 2396 civitatis
2457 2342 2749 2395 habitaculi
2776 2357 2879 2394 non
2924 2342 3192 2397 invenerit!
3206 2349 3246 2397 ι.
3290 2340 3413 2396 Non

1843 2446 1960 2493 erat
1984 2437 2064 2492 eis
2096 2437 2386 2490 honestum
2417 2436 2730 2490 institutum
2784 2434 2929 2501 vitce,
2970 2436 3063 2489 sed
3110 2449 3307 2505 magno
3350 2435 3408 2488 in

1843 2545 2028 2587 errore
2059 2529 2438 2585 versabantur.

1916 2623 1968 2677 5.
2002 2621 2307 2676 Esurientes
2332 2629 2383 2673 et
2432 2620 2688 2683 sitientes,
2719 2619 2901 2671 anima
2960 2634 3143 2672 eorum
3177 2620 3232 2672 in
3280 2619 3413 2687 ipsis

1844 2716 2053 2785 defecit.
2077 2712 2264 2783 Neque
2289 2712 2435 2766 enim
2472 2710 2740 2765 habebant
2772 2726 2968 2780 panem
3001 2710 3411 2766 conﬁrmantem

1845 2818 1941 2860 cor
1964 2803 2235 2858 hominis:
2267 2816 2443 2870 neque
2475 2815 2674 2870 aquam
2728 2801 2903 2855 vivam
2949 2801 3018 2855 de
3042 2816 3151 2870 qua
3197 2800 3406 2857 dictum

1842 2901 1959 2948 est:
1991 2892 2095 2957 Qui
2125 2891 2258 2945 bibit
2279 2906 2343 2944 ea:
2376 2906 2512 2960 aqua
2563 2906 2721 2959 quam
2767 2907 2861 2960 ego
2905 2891 3041 2945 dabo
3072 2893 3143 2956 ei,
3189 2909 3296 2947 non
3337 2895 3414 2948 si-

1845 2982 1938 3035 tiet
1962 2982 2019 3034 in
2049 2989 2303 3035 teternum
2347 2980 2415 3034 ⁸⁷.

1917 3072 1970 3128 7.
2003 3070 2073 3127 Et
2100 3072 2318 3128 deducit
2340 3088 2431 3129 eos
2464 3074 2518 3128 in
2544 3074 2683 3129 viam
2712 3081 2928 3129 rectam.
2962 3072 3148 3132 Fidem
3198 3074 3414 3132 scilicet

1845 3165 1902 3220 in
1934 3165 2134 3234 ipsum.
2176 3164 2296 3234 ipse
2337 3180 2575 3235 namque
2615 3165 2782 3220 dixit:
2818 3164 2931 3235 Ego
2963 3182 3082 3220 sum
3122 3167 3209 3219 via
3237 3166 3303 3219 “.
3340 3164 3411 3220 Ut

1842 3256 1979 3310 irent
2003 3258 2059 3310 in
2084 3258 2348 3310 ciuitatem
2372 3256 2743 3313 habitationis.
2780 3255 3080 3313 Ecclesiam
3118 3257 3287 3325 dicit,
3319 3267 3416 3313 aut

1843 3351 2119 3404 caelestem
2149 3347 2475 3404 Jerusalem.

1915 3528 2032 3584 8-9.
2059 3527 2426 3597 Conﬁteantur
2449 3529 2671 3581 Domino
2688 3528 3066 3584 misericordia
3077 3544 3262 3599 ejus...
3289 3531 3417 3601 quia

1845 3623 2060 3676 satiavit
2089 3626 2326 3675 animam
2356 3625 2587 3676 inanem.
2629 3620 2890 3688 Quaenam
2937 3621 3032 3676 illa
3065 3623 3274 3683 anima.
3302 3623 3416 3677 nisi

1844 3729 2032 3770 eorum
2058 3712 2126 3767 de
2151 3714 2352 3782 quibus
2376 3713 2580 3767 dictum
2607 3721 2724 3768 est:
2750 3711 3058 3767 Esurientes
3093 3721 3145 3767 et
3177 3714 3419 3769 sitientes

1848 3806 2028 3859 anima
2065 3805 2315 3858 eorumin
2344 3805 2475 3873 ipsis
2501 3803 2731 3872 defecit?
2752 3801 2822 3858 Et
2847 3804 3082 3857 animum
3103 3804 3421 3858 esurientem

1848 3900 2061 3955 satiavit
2088 3897 2256 3965 bonis,
2287 3895 2558 3967 spirituali
2581 3894 2836 3950 videlicet
2876 3909 3039 3964 pane.

1936 4069 2024 4124 10.
2058 4065 2301 4122 Sedentes
2347 4068 2403 4120 in
2458 4066 2679 4121 tenearis
2710 4074 2758 4119 et
2806 4062 2994 4119 umbra
3029 4066 3238 4120 mortis.
3286 4062 3423 4120 Um-

1848 4159 2003 4216 bram
2039 4158 2232 4214 mortis
2249 4158 2297 4214 si
2323 4157 2477 4213 dicas
2503 4172 2624 4213 esse
2647 4156 3009 4212 idololatriam
3055 4165 3110 4210 et
3164 4155 3415 4226 impieta-

1851 4255 1922 4310 tis
1955 4267 2160 4322 opera,
2202 4265 2547 4320 nequaquam
2607 4263 2639 4303 a
2684 4262 2815 4303 vero
2875 4246 3233 4302 aberraveris.
3283 4245 3426 4315 ipsa!

1851 4359 2088 4414 namque
2111 4351 2242 4398 sunt
2273 4357 2395 4410 qua:
2424 4354 2525 4394 nos
2554 4348 2811 4407 separant
2835 4353 2867 4393 a
2901 4352 3030 4393 vera
3057 4338 3190 4391 vita.
3218 4336 3274 4390 In
3304 4337 3420 4391 bis-

164 4432 307 4504 ἧμεν
339 4433 631 4506 πρότερον,
657 4431 745 4485 διὰ
776 4431 839 4485 τὸ
877 4434 1330 4504 παραπικραίνειν
1359 4434 1450 4488 τὸν
1479 4434 1632 4499 Θεὸν,
1659 4438 1730 4489 κα

1865 4451 1915 4492 ce
1941 4435 2292 4490 versnbamur
2329 4435 2503 4502 prius,
2538 4431 2667 4500 quia
2716 4428 3179 4484 exacerbabamus
3224 4429 3422 4495 Deum,

164 4529 258 4597 τὴν
300 4524 501 4596 βουλὴν
534 4524 628 4577 τοῦ
645 4524 896 4594 Ὑψίστου
926 4525 1267 4596 παροξύνειν.
1293 4524 1422 4578 Δέον
1442 4524 1549 4597 γὰρ
1573 4526 1637 4578 ὲκ
1664 4541 1754 4595 με·

164 4618 361 4686 γέθονς
387 4616 485 4670 καὶ
510 4615 771 4687 καλλονῆς
793 4617 1104 4687 κτισμάτων
1128 4616 1217 4669 τὸν
1249 4614 1624 4687 γενεσιουργδν
1644 4615 1750 4668 τῶν

163 4711 303 4764 ὅλων
335 4709 586 4780 θεωρεῖν,
618 4709 713 4762 καὶ
734 4709 831 4780 τὴν
862 4708 1033 4762 ἀΐδιον
1061 4707 1224 4760 αὑτοῦ
1247 4706 1476 4778 δύναμιν
1501 4707 1596 4762 καὶ
1621 4706 1756 4761 θειό-

160 4800 306 4873 qm
353 4800 467 4855 ἀπὸ
524 4800 754 4864 κτίσεως
788 4799 995 4870 κόσμου
1024 4801 1195 4851 νοεῖν·
1221 4800 1381 4869 ἡμεῖς
1420 4793 1506 4850 οἷα
1540 4797 1751 4866 τυφλοὶ,

167 4895 224 4946 ὲν
255 4894 441 4964 σκότῳ
472 4893 567 4947 καὶ
595 4894 723 4964 σκιᾷ
754 4892 983 4947 θανάτου
1013 4892 1313 4961 διάγοντες,
1342 4891 1435 4945 καὶ
1475 4892 1575 4957 τὰς
1610 4892 1755 4961 λογι-

171 4989 273 5053 uti;
297 4986 615 5058 τῆςψυχῆς
659 4984 916 5055 δυνάμεις
948 4983 1308 5055 πεπεδημένοι
1353 4984 1444 5037 καὶ
1493 5001 1754 5055 πεπηρω-

174 5079 345 5149 μένοι,
377 5078 777 5150 ὲνηλλάττομεν
805 5076 903 5148 τὴν
927 5075 1084 5140 δόξαν
1108 5075 1202 5129 τοῦ
1229 5075 1504 5148 ἀφθάρτου
1534 5077 1667 5130 Θεοῦ
1695 5077 1755 5132 ὲν

170 5171 478 5243 ὁμοιώματι
508 5171 717 5227 εἰκόνος
754 5168 997 5239 φθαρτοῦ
1027 5166 1337 5237 ἀνθρώπου,
1373 5170 1464 5222 καὶ
1492 5172 1752 5227 πετεινῶν

173 5262 265 5312 καὶ
315 5259 683 5330 τετραπόδων.
711 5257 1169 5327 Πεπεδημένους
1227 5258 1298 5312 ἐν
1346 5260 1605 5329 πτωχείᾳ
1653 5261 1750 5315 καί

172 5350 415 5420 σιδήρῳ.
446 5352 580 5416 Ταῖς
628 5353 835 5422 σειραῖς
878 5349 984 5403 τῶν
1027 5349 1171 5403 ἰδίων
1218 5351 1499 5421 ἁμαρτιῶν
1524 5351 1755 5418 ἕκαστος

178 5443 486 5513 σερίγγεται,
515 5444 717 5506 παντὸς
746 5442 1038 5514 πτωχεύων
1069 5441 1274 5510 ἀγαθοῦ
1309 5445 1402 5497 καὶ
1429 5444 1619 5499 καλοῦ.

244 5730 291 5765 ⁵³
314 5731 446 5788 Luc.
475 5748 597 5795 xm,
626 5733 713 5786 33.

1852 4536 1905 4582 et
1927 4524 2214 4581 consilium
2264 4522 2528 4577 Altissimi
2583 4520 2959 4575 irritabamus.
3007 4518 3234 4589 Oportet
3260 4518 3408 4575 enim

1853 4630 1920 4669 ex
1942 4610 2311 4683 magnitudine
2335 4620 2392 4664 et
2415 4609 2822 4679 pulchritudine
2863 4617 3263 4672 creaturarum,
3290 4608 3417 4664 uni-

1854 4718 2137 4761 versorum
2189 4703 2441 4772 opiﬁcem
2493 4701 2872 4773 contemplari,
2923 4710 2978 4758 et
3027 4703 3417 4772 sempiternam

1852 4799 1971 4869 ejus
1992 4799 2247 4853 virtutem
2270 4811 2335 4852 ac
2367 4796 2707 4852 divinitatem
2748 4811 2780 4852 a
2807 4805 3061 4859 creatura
3090 4797 3280 4852 mundi
3328 4797 3417 4851 in-

1858 4892 2122 4961 telligere.
2180 4888 2296 4946 Nos
2331 4898 2518 4960 utpote
2569 4890 2701 4946 caeci
2746 4890 2800 4945 in
2846 4892 3085 4947 tenebris
3124 4898 3179 4945 et
3223 4890 3418 4944 umbra

1858 4984 2054 5038 mortis
2082 4982 2363 5053 degentes,
2397 4990 2452 5036 et
2467 4981 2821 5038 facultatibus
2839 4983 3035 5036 animae
3057 4981 3418 5037 rationalibus

1857 5075 2134 5145 praepediti
2165 5082 2221 5129 et
2270 5073 2547 5137 obdurati,
2591 5072 3004 5127 immutavimus
3048 5070 3280 5141 gloriam
3332 5071 3420 5125 in-

1858 5166 2231 5236 corruptibilis
2257 5164 2375 5233 Dei,
2404 5166 2460 5220 in
2492 5164 2906 5220 similitudinem
2936 5162 3191 5232 imaginis
3240 5163 3419 5217 homi-

1858 5259 1948 5313 nis
1974 5257 2347 5327 corruptibilis
2406 5265 2461 5312 et
2487 5256 2826 5319 volatilium,
2860 5263 2916 5309 et
2977 5252 3412 5325 quadrupedum.

1869 5347 2082 5403 Vinctos
2116 5349 2172 5400 in
2206 5347 2542 5401 mendicitate
2587 5356 2639 5400 et
2693 5346 2853 5415 ferro.
2890 5343 3112 5402 Catenis
3170 5347 3418 5416 proprio.

1857 5455 1980 5493 rum
2011 5447 2358 5508 peccatorum
2402 5435 2782 5506 unusquisque,
2803 5437 3217 5509 constringitur,
3259 5438 3423 5508 inope

1859 5544 2038 5586 omnis
2065 5529 2197 5586 boui
2219 5538 2274 5586 et
2320 5529 2555 5585 honesti.

794 5735 840 5765 ’°
869 5732 1001 5788 ibid.
1074 5733 1118 5765 "
1151 5730 1310 5787 Joan.
1352 5747 1425 5797 Iv,
1462 5731 1546 5786 15.
1636 5730 1682 5765 ⁸⁸
1703 5728 1862 5787 Joan.
1890 5747 2001 5800 xrv,
2025 5729 2078 5785 6.
