3778 6276
347 308 448 364 451

417 424 502 477 ﬂ.
547 419 686 486 Quia
733 427 1168 474 exacerbavernnt
1231 418 1437 488 eloquia
1497 417 1617 471 Dei.
1664 390 1912 469 Divinam
1943 421 1992 477 Α

347 520 517 587 legem
547 514 854 570 nullatenus
882 511 1252 574 admittentes,
1282 513 1377 565 sed
1424 510 1764 579 sapientibus
1815 509 1917 562 liu-

344 610 432 679 jus
453 606 638 661 sseculi
662 619 784 660 sese
819 603 1183 657 instituendos
1216 599 1592 655 tradentes.Et
1637 599 1919 653 consilium

349 697 612 752 Altissimi
674 696 1043 750 irritaverant.
1096 693 1380 759 Quodnam
1441 702 1558 746 erat
1629 691 1919 746 consilium

347 785 642 849 Altissimi,
678 784 784 838 nisi
822 781 968 852 quod
1013 782 1140 836 velit
1176 783 1289 851 ipse
1326 797 1501 834 omnes
1525 781 1758 834 homines
1803 779 1918 832 sul-

345 893 435 930 vos
451 877 588 944 ﬁeri,
610 885 659 928 et
685 875 752 928 ad
771 875 1089 945 agnitionem
1111 875 1346 927 veritatis
1369 874 1540 926 venire
1556 871 1639 924 ὀἳ

418 1055 505 1109 12.
534 1053 800 1124 Inﬁrmati
821 1063 965 1117 sunt,
998 1069 1088 1106 nec
1110 1052 1212 1121 fuit
1259 1053 1349 1122 qui
1401 1050 1699 1120 adjunaret.
1748 1047 1920 1103 Nemo

347 1147 490 1200 enim
514 1154 720 1216 poterat
749 1155 1033 1216 peccatum
1063 1145 1369 1199 destruere.

421 1236 509 1290 i3.
556 1235 620 1288 Et
673 1237 736 1289 de
787 1235 1188 1289 necessitatibus
1253 1250 1434 1288 eorum
1498 1233 1744 1287 liberavit
1807 1247 1916 1286 eos.

349 1325 675 1397 Ecquaenam
711 1326 884 1395 major
908 1325 1226 1390 necessitas,
1261 1339 1425 1394 quam
1479 1333 1540 1378 ut
1593 1325 1718 1394 quis
1759 1324 1920 1377 mali-

349 1433 579 1487 gnorum
619 1419 905 1487 spirituum
934 1433 1124 1472 servus
1159 1418 1251 1480 sit,
1281 1417 1334 1470 in
1359 1416 1666 1486 ignorantia
1700 1415 1918 1482 mentis,

349 1511 519 1564 animi
545 1509 912 1573 mendicitate,
935 1517 990 1564 et
1015 1516 1335 1579 paupertate
1383 1523 1481 1578 per
1533 1507 1794 1562 malitiam
1832 1508 1921 1561 in-

350 1603 512 1657 ducta
535 1602 560 1655 Υ

420 1692 507 1747 14.
540 1691 606 1745 Et
645 1691 853 1746 uincula
889 1705 1071 1745 eorum
1127 1692 1372 1752 disrupit.
1437 1688 1592 1756 Illud,
1650 1688 1905 1758 disrupit,

348 1783 678 1850 repentinam
713 1783 912 1850 peccati
937 1781 1360 1835 destructionem
1395 1780 1618 1834 indicat.

422 1874 604 1928 15-16.
667 1873 1034 1943 Conﬁteantur
1087 1873 1313 1926 Domino
1365 1873 1740 1926 misericordia:
1779 1870 1913 1939 ejus.

350 1965 547 2020 Eadem
580 1966 692 2035 ipsa
728 1967 793 2020 de
825 1965 1097 2020 beneficiis
1126 1965 1245 2032 ejus
1275 1965 1484 2033 repetit.
1507 1963 1644 2028 Quia
1673 1962 1919 2016 contrivit

347 2066 527 2127 portas
555 2073 740 2112 terens.
807 2054 1134 2110 Descensum
1175 2053 1472 2108 Salvatoris
1515 2054 1581 2108 ad
1642 2052 1916 2108 infernum

349 2143 651 2212 signiﬁcat,
721 2157 986 2211 quocum
1044 2142 1406 2211 pervenisset,
1477 2152 1662 2212 portas
1721 2141 1917 2196 inferni

349 2236 582 2304 aperuit,
617 2233 745 2286 olim
776 2235 1010 2287 vinculis
1036 2234 1444 2294 insolubilihus.
1481 2232 1737 2286 omnibus
1769 2232 1918 2286 clau-

350 2338 457 2377 sas.
504 2321 619 2375 Non
646 2322 793 2376 enim
850 2323 1082 2376 facultas
1121 2332 1239 2376 erat
1270 2322 1580 2375 volentibus
1644 2329 1918 2390 retrogre-

349 2411 402 2464 di
435 2429 448 2473 ;
478 2411 571 2466 sed
609 2412 724 2479 ipse
753 2411 890 2464 dixit
911 2412 976 2464 iis
1003 2413 1090 2480 qui
1124 2411 1282 2464 vincti
1327 2420 1489 2464 sunt:
1534 2409 1708 2470 Exite.
1761 2423 1810 2464 et
1843 2411 1913 2464 iis

349 2505 439 2574 qui
471 2505 525 2556 in
562 2503 823 2557 tenebris:
849 2502 1167 2556 Reuelamini
1194 2503 1233 2555 ¹.

423 2593 510 2646 18.
551 2592 768 2647 Omnem
799 2609 972 2646 escam
1004 2591 1320 2644 abominata
1339 2601 1417 2645 est
1470 2593 1650 2644 anima
1713 2607 1914 2644 eorum.

351 2683 470 2738 Non
492 2684 636 2738 enim
658 2683 847 2738 aderat
873 2683 1101 2737 verbum
1134 2681 1282 2751 quod
1317 2691 1501 2751 posset
1533 2699 1626 2738 eos
1655 2684 1916 2739 enutrirc.

350 2772 529 2828 Portae
560 2782 739 2828 autem
769 2774 965 2829 mortis
1000 2783 1126 2828 sunt
1153 2784 1373 2844 peccata
1419 2789 1541 2844 quae
1569 2774 1634 2828 ad
1686 2783 1918 2828 mortem

352 2867 582 2921 ducunt.

423 2957 511 3010 9.2.
536 2957 603 3011 Et
627 2959 922 3029 sacrificent
951 2961 999 3013 ei
1014 2960 1336 3028 sacriﬁcium
1368 2960 1563 3014 laudis.
1587 2959 1668 3014 Ad
1699 2969 1919 3015 sanctos

1225 303 1279 358 S.
1321 297 1694 356 ATHANASII
1729 298 1879 355 OPP.
1921 298 2103 353 PARS
2141 297 2228 353 Ill.
2274 329 2342 338 —
2380 296 2789 353 EXEGETICA.

3482 293 3600 352 452

2093 415 2220 467 Ὅτι
2249 388 2696 481 παρεπίκραναν
2735 411 2809 464 τὰ
2853 412 3028 480 λόγια
3069 404 3379 463 τούίθεόυ.
3422 410 3608 464 Οὐδα-

2025 505 2139 576 μῶς
2165 505 2256 558 τὸν
2281 504 2421 558 θεῖον
2450 504 2876 574 παραδεχόμενοι
2906 503 3086 572 νόμον,
3116 501 3252 555 ἀλλὰ
3271 504 3384 565 τοῖς
3407 505 3604 570 σοφοῖς

2020 597 2113 651 τοῦ
2165 596 2358 659 αἰῶνος
2409 595 2597 648 τούτου
2647 594 3009 665 προνέμοντες
3051 592 3293 655 ἑαυτούς.
3330 591 3436 645 Kai
3476 591 3602 658 τὴν

2015 687 2260 754 ,ϐουλὴν
2294 685 2400 738 τοῦ
2446 685 2724 752 Ὑψίστου
2762 681 3140 750 παρώξυναν.
3170 681 3279 734 Καὶ
3312 681 3436 733 ποία
3462 677 3532 752 ῆν
3557 683 3599 753 ἠ

2022 779 2184 850 βουλὴ
2216 777 2309 830 τοῦ
2356 775 2630 845 Ὑψίστου,
2654 776 2687 846 ἢ
2713 774 2774 827 τὺ
2808 774 2980 826 θέλειν
3015 773 3175 826 αὑτὸν
3213 771 3437 839 πάντας
3482 774 3600 826 ἀν-

2021 865 2291 936 θρώπους
2333 864 2636 929 σώζεσθαι,
2679 863 2777 916 καὶ
2822 864 2909 930 εὶς
2952 862 3275 931 ἐπίγνωσιν
3309 863 3604 930 ἀληθείας

2020 958 2219 1013 ἐλθεῖν
2234 975 2253 1021 ;

2106 1048 2490 1113 Ἠσθένησαν,
2523 1044 2620 1099 καὶ
2651 1046 2760 1098 οὐκ
2788 1039 2866 1114 ἦν
2888 1046 2921 1098 ὀ
2939 1041 3199 1110 βοηθῶν.
3219 1041 3293 1095 Οὐ
3313 1040 3419 1114 γὰρ
3442 1041 3602 1112 ἴσχυᾶ

2019 1157 2104 1203 τις
2132 1141 2229 1209 τῆς
2255 1139 2526 1210 ἁμαρτίας
2557 1136 2887 1209 ποιήσασθαι
2921 1135 3020 1205 τὴν
3045 1135 3345 1204 ἀναίρεσιν.

2091 1231 2200 1285 Καὶ
2248 1231 2316 1284 ἐκ
2357 1230 2476 1284 τῶν
2505 1228 2782 1299 ἀναγκῶν
2823 1230 3019 1281 αὐτῶν
3064 1226 3299 1280 ἔσωσεν
3348 1225 3596 1292 αὐτούς.

2021 1322 2117 1386 Τίς
2163 1321 2270 1392 γὰρ
2321 1323 2519 1394 μείζων
2567 1325 2777 1393 ἀνάγκη
2812 1320 2905 1374 τοῦ
2947 1318 3295 1372 δεδουλῶσθαι
3325 1317 3604 1388 πνεύμασι

2021 1416 2276 1484 πονηροῖς
2311 1414 2368 1467 ἐν
2402 1412 2595 1487 ἀγνοίᾳ
2626 1414 2785 1480 Θεοῦ,
2835 1415 2930 1468 καὶ
2985 1413 3226 1484 πτωχείᾳ
3277 1411 3470 1484 ψυχῆς,
3499 1411 3603 1466 καὶ

2021 1502 2182 1576 πενίᾳ
2213 1505 2411 1567 κακίας
2427 1521 2442 1570 ;

2091 1696 2196 1752 Kal
2216 1697 2359 1764 τοὺς
2376 1697 2635 1768 δεσμοὺς
2654 1696 2851 1753 αὐτῶν
2867 1695 3155 1766 διέρρηξε.
3175 1697 3269 1760 Τὸ,
3296 1695 3595 1766 διέρρηξε,

2017 1788 2114 1859 τὴν
2146 1782 2345 1860 ἀθρόαν
2367 1789 2466 1858 τῆς
2492 1788 2762 1859 ἁμαρτίας
2782 1788 3100 1860 καθαίρεσιν
3131 1788 3564 1841 καταδείκνυσιν.

2100 1877 2786 1947 Ἐξομολογνησάσθωσαν
2802 1878 2881 1944 τῷ
2901 1882 3090 1947 Κυρίῳ
3118 1880 3190 1931 τὰ
3217 1878 3357 1946 ἐλέη
3385 1880 3596 1933 αὐτοῦ.

2017 1968 2098 2022 Τὰ
2132 1969 2271 2024 αὐτὰ
2297 1969 2547 2040 δεύτερον
2583 1965 2751 2046 εἶπεν.
2775 1969 2867 2022 ἐπὶ
2900 1973 3018 2032 ταῖς
3041 1969 3381 2039 εὐεργεσίαις
3407 1968 3597 2022 αὑῖοῦ.

2020 2060 2139 2113 Ὅτι
2157 2059 2483 2128 συνέτριψε
2507 2059 2704 2124 πύλας
2733 2058 2984 2128 χαλκᾶς.
3009 2057 3116 2128 Τὴν
3141 2056 3330 2129 μέχρις
3355 2056 3478 2127 ᾅδου
3499 2055 3600 2109 τοῦ

2017 2152 2269 2224 Σωτῆρος
2315 2151 2539 2206 κάθοδον
2584 2151 2856 2222 σημαίνει,
2891 2152 2956 2220 ἥν
2985 2150 3368 2221 ποιησάμενος,
3400 2149 3602 2201 ἀνεπέ-

2016 2261 2146 2297 τασε
2191 2243 2284 2297 τοῦ
2329 2244 2455 2315 ᾅδου
2488 2242 2585 2307 τὰς
2633 2243 2826 2306 πύλας,
2854 2242 3018 2296 πάλαι
3056 2241 3271 2312 δεσμοῖς
3302 2241 3604 2311 ἀρρήκτοις

2017 2335 2407 2406 κεκλεισμένας
2449 2337 2632 2388 πᾶσιν.
2660 2336 2744 2388 Ob
2781 2335 2889 2405 γὰρ
2914 2331 2980 2404 ἦν
3009 2333 3442 2404 παλινδρομῆσαι
3477 2331 3605 2400 βου-

2017 2424 2263 2494 λομένοις
2280 2442 2292 2455 ·
2324 2425 2437 2478 ἀλλ’
2463 2425 2623 2487 αὐτὸς
2654 2424 2842 2495 εἴρηκε
2867 2423 2989 2488 τοῖς
3005 2424 3073 2475 ἐν
3091 2421 3335 2490 δεσμοῖς·
3359 2437 3372 2450 ο
3401 2417 3606 2482 Ἐξέλ-

2018 2516 2174 2580 θατε,
2209 2513 2306 2568 καὶ
2343 2514 2466 2582 τοῖς
2499 2515 2567 2567 ἐν
2596 2513 2671 2579 τῷ
2697 2516 2930 2566 σκότει·
2973 2513 3462 2578 Ἀνακαλύφθητε.

2091 2603 2219 2659 Πᾶν
2261 2605 2475 2673 ,ϐρῶμα
2527 2603 2888 2668 ἐΰδελύξατο
2944 2604 2983 2671 ἡ
3034 2602 3201 2670 ψυχὴ
3248 2601 3465 2654 αὐτῶν.
3521 2601 3599 2653 Οὐ

2020 2693 2129 2766 γὰρ
2169 2692 2238 2765 ῆν
2270 2697 2298 2747 ὁ
2323 2695 2634 2766 διατρέφειν
2659 2696 2852 2758 αὐτοὺς
2897 2693 3189 2765 δυνάμενος
3219 2693 3394 2761 λόγος.
3423 2691 3601 2745 Πύλαι

2019 2785 2074 2839 δὲ
2102 2786 2332 2840 θανάτου
2361 2789 2415 2841 αἱ
2447 2787 2706 2860 φέρουσαι
2742 2787 2878 2858 πρὸς
2910 2787 3136 2840 θάνατον
3166 2785 3450 2858 ἁμαρτίαι.

2090 2966 2196 3020 Καὶ
2251 2966 2611 3020 θυσάτωσαν
2667 2966 2828 3032 αὐτῷ
2877 2964 3605 3031 θυσίανταὶνέσεως.Ἑπὶ

352 3049 626 3116 apostolos
659 3064 962 3104 sermonem
998 3051 1306 3114 convertit;
1349 3050 1450 3119 ipsi
1503 3065 1740 3120 namque
1793 3058 1921 3105 sunt
1946 3083 1974 3140 ί

2071 3057 2145 3120 δὺς
2186 3055 2370 3124 ἁγίους
2414 3055 2742 3120 ἀποστόλους
2784 3058 3076 3130 μεταφέρει
3108 3057 3198 3111 τὸν
3227 3057 3381 3126 λόγον
3402 3074 3414 3086 ·
3445 3057 3604 3110 αὐτοὶ

352 3140 446 3207 qui
480 3141 737 3210 mysteria
793 3139 926 3196 Novi
959 3140 1292 3197 Testamenti
1347 3142 1504 3198 nobis
1556 3143 1918 3198 tradiderunt.

423 3311 512 3365 33.
545 3309 730 3365 Posuit
750 3311 972 3380 ﬂumina
1007 3313 1060 3366 in
1084 3315 1368 3369 desertum.
1424 3313 1735 3370 Judaaorum
1770 3315 1925 3370 volu-

351 3400 461 3456 bile
489 3417 553 3456 ac
586 3403 891 3471 improbum
921 3420 1089 3474 genus
1117 3405 1269 3459 dicit.
1309 3403 1445 3459 Nam
1506 3421 1602 3460 eos
1647 3406 1740 3476 qui
1794 3407 1921 3461 olim

353 3488 499 3544 fame
527 3490 898 3558 tabescebant,
931 3501 986 3548 et
1023 3493 1290 3562 spirituali
1327 3495 1451 3550 cibo
1485 3504 1705 3564 egentes
1735 3504 1919 3564 erant,

352 3590 576 3652 prepter
604 3599 667 3638 ea
695 3584 920 3639 ﬂumina
948 3586 1259 3641 collocavit.

425 3675 516 3730 34.
555 3675 769 3730 Terram
792 3677 1124 3744 fructiferam
1152 3680 1208 3732 in
1233 3679 1573 3749 salsuginem.
1609 3678 1920 3735 Iudaeorum

354 3777 683 3834 synagogam
715 3764 908 3834 inquit.
949 3765 1119 3820 Erant
1159 3767 1432 3824 daemones
1460 3769 1793 3825 habitatores
1825 3778 1928 3824 ter-

352 3866 501 3905 rena:
526 3852 781 3918 civitatis,
816 3869 976 3922 quem
1003 3854 1242 3909 fructum
1273 3857 1521 3926 impietas
1553 3857 1924 3914 ferebat.Eam

353 3949 533 3994 autem
579 3941 925 3995 exsiccarunt
967 3943 1066 4012 ipsi
1111 3945 1343 4012 apostoli
1387 3947 1499 4001 sale
1549 3947 1830 4015 doctrinae,
1858 3949 1926 4004 de.

353 4029 554 4098 quibus
585 4030 701 4084 ait:
743 4029 844 4084 Vos
864 4033 988 4085 estis
1021 4032 1104 4086 sal
1133 4044 1287 4088 terra:
1305 4035 1347 4089 ’.

426 4219 522 4275 33.
559 4219 747 4275 Posuit
769 4222 1032 4276 desertum
1056 4225 1112 4278 in
1135 4235 1325 4296 stagna
1351 4242 1630 4298 aquarum.
1659 4228 1924 4300 Populum

355 4311 608 4382 gentilem
657 4313 956 4384 signiticet,
992 4331 1117 4369 nam
1157 4318 1446 4372 commista
1487 4330 1571 4374 est
1617 4321 1922 4391 prophetia,

2023 3149 2130 3220 γάρ
2159 3151 2293 3201 εἰσιν
2339 3149 2387 3200 οἱ
2420 3147 2490 3201 τὰ
2521 3150 2794 3221 μυστήρια
2817 3150 2915 3220 τῆς
2946 3150 3153 3220 Καινῆς
3198 3150 3467 3220 Διαθήκης
3502 3167 3607 3202 παο

2025 3239 2276 3311 ραδόντες
2309 3240 2460 3310 ἡμῖν.

2096 3333 2297 3386 Ἕθετο
2343 3331 2648 3400 ποταμοὺς
2685 3335 2770 3400 εὶς
2795 3335 3034 3401 ἔρημον.
3076 3333 3148 3386 Τὸ
3187 3331 3296 3385 τῶν
3333 3331 3603 3386 Ἰουδαίων

2021 3419 2246 3493 εὔρυτον
2276 3421 2532 3494 ἀδόκιμον
2565 3424 2719 3493 γένος
2764 3425 2917 3495 φησί.
2951 3426 3088 3488 Τοὺς
3116 3423 3224 3495 γὰρ
3258 3423 3425 3477 ’πάλαι
3455 3423 3603 3494 λιμῷ

2019 3511 2355 3582 τηκομένους
2394 3512 2487 3566 καὶ
2534 3513 2634 3584 τῆς
2677 3515 3050 3586 πνευματικῆς
3085 3514 3288 3584 τροφῆς
3313 3513 3506 3576 ἐνδεεῖς
3540 3515 3604 3566 ὲν

2022 3601 2248 3664 ἐκείνοις
2276 3601 2547 3672 κατῴκισε
2575 3587 2687 3667 τοῖς
2719 3607 3003 3675 ποταμοῖς.

2090 3691 2224 3761 Γῆν
2267 3695 2648 3764 καρποφόρον
2671 3697 2758 3760 εὶς
2792 3695 3011 3765 ἅλμην.
3037 3694 3146 3766 Τὴν
3183 3693 3291 3747 τῶν
3333 3694 3603 3748 Ἰουδαίων

2023 3783 2156 3853 φησι¹
2196 3781 2722 3854 συναγωγήνῘΗσαν
2770 3784 2880 3856 γὰρ
2923 3786 2973 3838 οἱ
3029 3784 3278 3855 δαίμονες
3319 3785 3603 3855 οἰκήτορες

2021 3870 2120 3940 τῆς
2155 3872 2349 3941 γητνης
2388 3873 2697 3938 πολιτείαςο
2738 3875 3101 3946 ὲκαρττοιρόρει
3130 3873 3186 3926 δὲ
3211 3873 3378 3944 αὐτὴν
3411 3877 3442 3944 ἡ
3475 3876 3597 3929 ἀσέ-

2023 3959 2165 4012 ϐεια.
2183 3960 2482 4031 Ἐξήραναν
2508 3962 2560 4014 δὲ
2592 3963 2761 4034 αὐτὴν
2790 3966 2840 4016 οἱ
2867 3964 3154 4016 ἀπόστολοι
3197 3961 3274 4032 τῷ
3319 3963 3474 4017 ἅλατι
3498 3966 3606 4038 τῆς

2023 4051 2388 4117 διδασκαλίας,
2423 4055 2551 4126 περὶ
2587 4046 2662 4108 ὧν
2704 4071 2898 4126 φησιν*
2947 4055 3127 4124 Ὑμεῖς
3161 4055 3299 4108 ἐστε
3339 4055 3408 4108 τὸ
3445 4056 3604 4124 ἅλας

2025 4141 2135 4210 τῆς
2163 4140 2294 4212 τῆς.
2755 4157 2762 4162 '

2099 4235 2302 4288 Ἕθετὸ
2333 4233 2556 4303 ἔρημον
2579 4238 2668 4302 εις
2691 4237 2909 4305 λίμνας
2939 4238 3193 4296 ὑδάτων.
3217 4243 3318 4297 Τὸν
3347 4240 3403 4309 ἐξ
3430 4240 3603 4295 ἐθνῶν

2024 4325 2367 4397 διασημαίνει
2399 4327 2524 4381 λαόν
2547 4345 2562 4358 ·
2600 4327 2902 4400 σύμμικτος
2938 4330 3046 4401 γὰρ
3082 4334 3115 4401 ἡ
3142 4334 3463 4407 προφητεία,
3488 4334 3602 4386 τῶν

354 4401 587 4496 duorum
616 4403 942 4470 p0pulorum
975 4402 1156 4460 ferens
1190 4420 1505 4475 personam.
1539 4407 1688 4465 Illius
1716 4411 1924 4466 scilicet
1953 4424 1974 4479 1

2071 4417 2117 4470 io
2147 4416 2290 4470 λαῶν
2315 4418 2643 4491 εἰσφέρουσα
2670 4421 2730 4474 τὸ
2760 4422 3076 4492 πρόσωπονο
3099 4425 3193 4478 τοῦ
3223 4428 3319 4496 μὲν
3345 4428 3440 4494 τὴν
3469 4428 3603 4480 ἀπο-

356 4489 737 4557 abjectionem,
766 4491 931 4561 hujus
954 4492 1436 4550 introductionem.

436 4578 526 4632 36.
554 4579 620 4633 Et
645 4583 1027 4636 constituerunt
1050 4585 1290 4639 civitates
1312 4585 1681 4643 habitationis.
1713 4587 1920 4644 Bonam

356 4667 605 4722 videlicet
631 4681 685 4722 et
705 4671 980 4726 caelestem
1011 4675 1135 4730 vita:
1162 4677 1452 4732 rationem.

431 4759 522 4814 37.
559 4759 622 4812 Et
651 4763 924 4817 seminavit
959 4781 1115 4834 agros
1145 4778 1194 4820 et
1229 4767 1489 4836 plantavit
1515 4770 1712 4825 vineas.
1746 4770 1922 4840 Agros

356 4851 626 4922 intelliges
661 4853 730 4906 ab
763 4853 1074 4922 hujusmodi
1122 4857 1307 4913 dicto:
1344 4859 1494 4914 Exiit
1537 4865 1626 4932 qui
1671 4865 1922 4931 seminat,

357 4942 617 4995 seminare
637 4959 811 4996 semen
839 4961 991 4998 suum
1015 4945 1070 4998 'z
1101 4946 1290 5002 vineas
1326 4959 1505 5004 autem
1549 4951 1841 5015 Ecclesias.
1864 4963 1924 5009 ut

357 5031 563 5088 dictum
589 5040 711 5088 est:
752 5031 926 5088 Vinea:
959 5035 1272 5103 ﬂoruerunt,
1302 5037 1511 5092 odorem
1541 5041 1856 5098 dederunt‘.

430 5220 520 5276 38.
554 5220 623 5274 Et
661 5223 906 5291 jumenta
955 5240 1134 5279 eorum
1184 5240 1288 5277 non
1335 5224 1635 5279 minorabit.
1670 5225 1922 5284 Jumenta

358 5319 516 5364 vocat
531 5327 626 5365 eos
643 5315 736 5381 qui
763 5315 1248 5369 irrationabiliores
1272 5322 1401 5367 sunt
1433 5314 1484 5367 in
1509 5313 1748 5370 Ecclesia
1765 5315 1920 5385 juxta

357 5403 491 5458 illud
518 5422 531 5457 :
562 5401 629 5459 Ut
642 5405 939 5473 jumentum
971 5408 1143 5476 factus
1170 5424 1287 5461 sum
1310 5407 1450 5473 apud
1488 5411 1604 5475 te';
1641 5416 1714 5472 et,
1743 5408 1924 5464 Itami-

357 5510 449 5548 nes
474 5504 524 5548 et
537 5495 779 5563 jumenta
801 5498 1049 5563 salvabis,
1083 5499 1302 5553 Domine
1331 5499 1372 5557 ⁸.

429 5631 473 5662 ’³
508 5631 524 5682 1
549 5628 688 5685 Tim.
716 5647 772 5694 ιι,
800 5633 852 5687 4.

357 5698 541 5754 Ῥδιιι.
578 5717 740 5772 xxxv,
771 5701 842 5758 7.'
911 5704 924 5710 “

953 5635 970 5666 ¹
998 5635 1101 5691 lsa.
1135 5652 1282 5701 sus,
1308 5637 1361 5692 9.
1441 5640 1474 5710 f
1501 5636 1687 5694 Matth.
1718 5655 1772 5704 ν,
1795 5640 1881 5696 l3.
1964 5641 1984 5673 ³
2013 5641 2200 5699 Matth.
2235 5660 2356 5715 snt,
2387 5646 2440 5702 3.

2023 4507 2206 4578 ϐολὴν,
2239 4507 2331 4562 τοῦ
2360 4509 2418 4562 δὲ
2444 4509 2542 4580 τὴν
2571 4511 2838 4582 εἰσϐολήν.

2094 4599 2202 4653 Kal
2226 4601 2688 4668 συνεστήσαντο
2715 4605 2926 4671 πόλεις
2953 4611 3346 4676 κατοικεσίας.
3366 4611 3600 4683 Ἀγαθὴν

2021 4689 2262 4762 δηλονότι
2297 4694 2390 4746 καὶ
2417 4694 2668 4766 οὐράνιον
2700 4695 2975 4752 πολιτείαν

2093 4783 2201 4837 Καὶ
2245 4783 2528 4853 ἔσπειρεν
2569 4786 2789 4855 ἀγροὺς
2830 4789 2928 4842 καὶ
2963 4791 3296 4859 ἐφύτευσεν
3318 4794 3598 4863 ἀμπελῶ-

2021 4892 2151 4944 νας.
2169 4878 2402 4949 Νοήσεις
2417 4880 2543 4942 τοὺς
2565 4880 2768 4951 ἀγροὺς
2786 4881 2892 4934 ἀπὸ
2913 4883 3004 4937 τοῦ
3033 4887 3312 4957 εἰρηκότος
3332 4905 3345 4918 ·
3390 4888 3592 4956 Ἐξῇλο

2024 4969 2128 5020 θεν
2175 4969 2207 5020 ό
2239 4968 2502 5034 σπείρων
2542 4968 2650 5022 τοῦ
2687 4971 2923 5039 σπεῖραι
2971 4975 3079 5028 τόν
3127 4977 3358 5044 σπόρον
3385 4980 3595 5032 αὐτοῦ’

2023 5057 2150 5119 τοὺς
2198 5057 2256 5110 δὲ
2296 5057 2626 5127 ἀμπελῶνας
2663 5059 2761 5124 τὰς
2794 5063 3132 5137 Ἐκκλησίας,
3167 5068 3303 5121 καθὸ
3343 5071 3590 5141 εἴρηται·

2020 5151 2096 5203 Δί
2120 5148 2373 5217 ἄμπελοι
2409 5150 2762 5218 ἐκύπρισαν,
2791 5155 3024 5210 ἔδωκαν
3054 5157 3268 5226 ὀσμήν.

2095 5235 2209 5290 Kal
2251 5238 2322 5292 τὰ
2361 5237 2551 5307 κτήνη
2594 5241 2794 5296 αὐτῶν
2824 5247 2933 5298 οὐκ
2977 5248 3355 5315 ἑσμίκρυνεν.
3402 5250 3590 5320 Κτήνη

2024 5326 2150 5391 τοὺς
2181 5328 2549 5400 ἁλογωτέρους
2577 5334 2675 5403 τῆς
2715 5335 3034 5406 Ἐκκλησίας
3063 5341 3216 5408 φησὶ,
3250 5339 3390 5393 κατὰ
3413 5341 3476 5393 τὸ
3509 5344 3586 5394 εἰ-

2031 5418 2259 5489 ρημένον
2283 5436 2296 5448 ·
2326 5419 2645 5490 Κτηνώδης
2664 5425 2955 5493 ἐγενήθην
2979 5429 3135 5496 παρά
3165 5421 3308 5484 σοῦ·
3343 5433 3455 5493 καὶ,
3473 5433 3567 5486 Ἂν

2027 5509 2292 5578 θρώπους
2327 5513 2424 5567 καὶ
2455 5515 2645 5584 κτήνη
2667 5516 2904 5583 σώσεις,
2941 5517 3131 5589 Κύριε.

2537 5648 2557 5680 ⁸
2583 5647 2740 5704 Cant.
2773 5665 2830 5718 ιι,
2863 5649 2947 5706 l3.
3053 5652 3074 5685 ⁸
3101 5651 3245 5708 Psal.
3293 5669 3462 5722 Lxxn,
3488 5653 3579 5710 9.3.
