3778 6276
120 306 220 361 ιεε
1244 295 1609 353 EXPOSlTlll
1649 296 1711 350 IN

1844 295 2085 353 ΑωιυΜ
2122 295 2284 351 CV".
3282 297 3390 356 454

189 418 304 473 Kal
350 416 778 486 (ἶιιιτὼθησαν.
828 416 893 469 Oi
949 415 1004 468 ὲν
1048 413 1126 484 τῷ
1175 415 1423 485 προτέρῳ
1480 411 1711 483 δηλονότι

1893 411 1983 466 59.
2020 410 2090 464 Ει
2111 415 2267 481 pauci
2314 412 2444 481 facti
2488 422 2630 466 sunt.
2654 411 2758 480 Qui
2786 412 2838 466 in
2869 412 3034 484 priori
3061 414 3268 471 scilicet
3299 432 3392 487 po—

195 513 249 573 ᾧ,
1825 504 1954 573 pulo
1975 513 2147 558 erant.

1895 595 1986 648 40.
2015 592 2205 662 ΕΙῙιιεα
2235 602 2312 648 est
2347 598 2664 667 contemptio
2699 613 2854 665 super
2891 599 3149 666 principes
3186 615 3389 656 eorum.

1827 683 2047 741 Scribas
2063 696 2116 741 et
2131 686 2437 744 Pltariszeos
2459 690 2610 744 dicit.
2632 688 2697 742 Et
2715 707 2892 743 errare
2907 691 3026 760 fecit
3048 708 3134 746 eos
3157 693 3209 746 in
3227 696 3388 759 invio,

1822 788 1869 831 et
1915 795 2017 831 non
2053 779 2104 832 in
2147 782 2250 835 via.
2282 779 2478 834 Errant
2513 782 2695 845 enim,
2724 783 2920 852 inquit,
2962 784 3090 853 quia
3137 786 3393 854 ignorant

1822 884 1944 923 eum
1968 871 2059 940 qui
2095 871 2232 925 dixit
2265 891 2277 926 :
2315 872 2427 942 Ego
2453 890 2569 926 sum
2601 875 2748 928 via".

1893 963 1983 1016 41.
2015 962 2082 1016 Et
2105 965 2309 1034 adjuvit
2333 983 2614 1036 pauperem
2638 970 2694 1022 in
2717 971 2916 1039 inopia.
2942 970 3142 1041 Ecquis
3163 989 3389 1044 pauper,

1824 1051 1928 1105 nisi
1982 1053 2049 1107 de
2095 1070 2204 1124 quo
2248 1056 2453 1111 dictum
2484 1066 2598 1113 est:
2646 1058 2799 1113 Beati
2832 1078 3082 1132 pauperes
3109 1066 3299 1134 spiritu
3323 1065 3391 1118 εἳ

1823 1141 1891 1195 Ει
1924 1146 2098 1212 posuit
2123 1147 2256 1200 sicut
2302 1165 2418 1202 oves
2459 1149 2715 1218 familias.
2749 1151 3026 1223 Proprios,
3055 1157 3252 1227 inquit,
3285 1157 3390 1218 sibi

1821 1233 2156 1289 existimavit
2179 1252 2369 1306 greges
2393 1253 2460 1293 ex
2492 1240 2746 1295 omnibus
2786 1241 3006 1300 familiis
3044 1257 3288 1305 coactos.

122 532 249 566 ωδ.

199 568 504 674 Ξεξεχύθη
571 600 967 665 ἐξουδένωσις
1029 599 1120 652 ἐπ’
1151 600 1446 669 ἄρχοντας
1499 596 1714 651 αὐτῶν.

121 701 256 760 Τοὺς
292 698 672 768 Γραμματεῖς
721 693 816 746 καὶ
851 694 1177 765 Φαρισαίους
1202 693 1354 762 φησί.
1387 691 1496 745 Καὶ
1526 687 1714 743 ἐπλά-

119 804 309 851 νησεν
334 786 578 850 αὐτοὺς
604 785 674 837 ἐν
695 783 907 850 ἀϐάτῳ,
939 785 1050 851 οὐχ
1078 782 1213 848 ὀδῷ.
1249 782 1560 836 Πλανῶνται
1585 780 1716 848 γὰρ,

119 881 299 948 φησὶν.
328 879 716 947 ἀγνοήσαντες
739 877 828 929 τὸν
862 875 1112 929 είπόντα’
1150 873 1296 944 Ἐγώ
1317 877 1430 943 ειμι
1456 874 1494 940 ἡ
1520 871 1675 936 ὁδός.

190 971 298 1024 Kai
332 969 648 1036 ἐϐοήθησε
675 967 886 1035 πένητι
913 969 981 1020 ἐν
1007 970 1285 1037 πτωχείᾳ.
1327 967 1437 1021 Καὶ
1459 967 1542 1031 τίς
1569 969 1597 1019 ὁ
1621 967 1717 1019 πέ-

120 1077 234 1131 νης,
275 1059 310 1128 ἦ
350 1061 577 1121 ἐκεῖνος
610 1058 739 1128 περὶ
782 1050 842 1110 οὗ
874 1056 1117 1128 εἴρηται·
1149 1056 1434 1124 Μακάριοι
1472 1060 1526 1110 οἱ
1561 1070 1714 1110 πτω-

122 1152 210 1220 χοί
245 1147 329 1213 τῷ
355 1150 702 1218 πνεύματι;
725 1148 838 1202 Kal
863 1148 1029 1202 ἔθετο
1055 1149 1134 1213 ὡς
1155 1149 1418 1215 πρόϐατα
1444 1148 1712 1216 πατριάς.

135 1241 308 1303 Ἰξίας,
347 1241 550 1310 φησὶν,
586 1238 867 1308 ἐλογίσατο
891 1239 987 1303 τὰς
1033 1241 1097 1293 ὲκ
1136 1239 1244 1293 τῶν
1279 1240 1519 1311 πατριῶν
1547 1241 1716 1294 ἁπάν-

123 1351 222 1386 των
257 1332 653 1402 συναγομένας
682 1331 902 1400 ἀγέλας.

189 1428 488 1494 Ὄψονται
523 1425 719 1491 εὐθεῑς
746 1425 844 1478 καὶ
871 1425 1407 1494 εὐφρανθήσονται.
1437 1425 1548 1477 Καὶ
1572 1424 1718 1490 τίνες

123 1520 168 1570 οἱ
208 1518 417 1581 εὐθεῖς,
464 1517 504 1588 ἦ
539 1519 670 1589 περὶ⁸
717 1511 792 1570 ὧν
825 1517 1071 1587 εἴρηται·
1120 1517 1178 1569 ’Υ
1171 1515 1302 1585 μῶν
1336 1518 1404 1571 δὲ
1441 1518 1719 1587 μακάριοι

101 1613 172 1664 ,ει
205 1609 544 1677 ὀφθαλμοὶ,
596 1608 685 1661 ὅτι
731 1608 1099 1673 βλέπουσιν.
1139 1607 1252 1661 Kal
1283 1607 1452 1662 πᾶσα
1501 1612 1718 1680 ἀνομία

122 1698 411 1766 ἐμφράξει
444 1698 518 1752 τὸ
556 1700 750 1770 στόμα
783 1697 994 1766 αὐτῆς.
1031 1698 1174 1766 Θεὸς
1205 1702 1238 1752 ό
1270 1698 1532 1768 δικαιῶν,
1559 1703 1649 1769 τίς
1685 1706 1719 1757 ὁ

123 1790 508 1856 κατακρίνω
521 1829 537 1852 ,
669 1768 676 1770 ⁷
1625 1768 1632 1769 7
1746 1768 1792 1824 Β

417 1881 568 1952 ’ῼδὴ
606 1884 925 1936 ΨΑΛΜΟΥ
947 1881 1027 1948 τῷ
1055 1883 1256 1937 Δαυΐδ.
1296 1887 1424 1938 PZ'.

1895 1418 1985 1474 42.
2030 1419 2288 1479 Videbunt
2323 1430 2453 1482 recti
2489 1438 2539 1483 et
2583 1430 2927 1488 laetabuntur.
2963 1435 3263 1506 Ecquinam
3298 1456 3389 1497 re-

1770 1552 1776 1557 .
1823 1512 1896 1567 eti
1933 1515 2039 1569 nisi
2076 1516 2142 1571 de
2181 1519 2381 1586 quibus
2407 1521 2611 1578 dictum
2660 1534 2746 1581 est
2779 1544 2793 1580 :
2824 1526 2996 1582 Vestri
3037 1541 3212 1585 autem
3251 1537 3390 1591 oculi

1825 1603 1963 1659 beati
1997 1609 2125 1677 quia
2167 1610 2340 1665 vident
2373 1612 2415 1666 ’.
2441 1611 2511 1665 Et
2538 1617 2706 1669 omnis
2735 1617 2987 1688 iniquitas
3032 1623 3283 1691 oppilabit
3332 1643 3390 1680 os

1824 1712 1978 1751 suum
2003 1699 2066 1753 ³ο.
2103 1699 2239 1754 Deus
2261 1703 2350 1771 qui
2377 1702 2656 1774 iustiﬁcat,
2681 1709 2798 1776 quis
2817 1719 2896 1763 est
2918 1712 3008 1780 qui
3032 1713 3334 1770 condemnet
3351 1718 3378 1770 .’

1991 1878 2032 1933 Ι.
2059 1877 2334 1933 Canticum
2360 1879 2634 1936 PSALM]
2671 1884 2773 1952 ipsi
2800 1883 2992 1941 David.
3025 1884 3212 1941 CVII.

2396 1970 2804 2041 Argumentum.

1814 2054 1870 2110 ln
1904 2057 2008 2112 hoc
2033 2074 2252 2130 quoque
2278 2061 2491 2131 psalmo
2517 2065 2785 2121 adventus
2817 2066 3035 2123 Domini
3089 2071 3155 2126 ad
3199 2083 3388 2143 gentes

1886 2147 2236 2216 praedicatur.
2297 2149 2435 2203 Cum
2495 2161 2678 2206 autem
2729 2170 2925 2210 versus
2978 2174 3169 2215 omnes
3223 2163 3392 2233 hujus

1887 2241 2084 2308 psalmi
2129 2241 2185 2295 in
2231 2245 2664 2311 praecedentibus
2715 2249 2970 2317 explicati
3019 2251 3241 2321 fuerint,
3293 2272 3389 2311 su-

1884 2348 2276 2401 pervacaneum
2312 2345 2458 2392 esset
2487 2338 2681 2396 iisdem
2712 2340 2846 2410 ipsis
2876 2343 2954 2396 uti
2977 2344 3045 2398 ad
3069 2345 3280 2401 horum‘
3301 2349 3388 2403 in-

1818 2449 1824 2457 -
1887 2426 2326 2493 terpretationem
2341 2467 2354 2481 .

1887 2515 1941 2570 2.
1985 2516 2243 2572 Paratum
2288 2536 2380 2573 cor
2438 2536 2632 2587 meum,
2685 2522 2848 2579 Deus.
2904 2526 2961 2581 In
3021 2529 3126 2584 hoc
3170 2548 3390 2603 quoque

1814 2611 2024 2678 psalmo
2053 2611 2318 2667 adventus
2345 2611 2559 2667 Domini
2591 2613 2658 2668 ad
2686 2626 2874 2685 gentes
2902 2621 3247 2688 praedicatur.
3279 2623 3386 2679 llo.

1816 2715 1938 2752 rum
1992 2716 2122 2755 vero
2171 2703 2589 2772 explicationem
2639 2706 2696 2760 in
2744 2709 3200 2782 quinquagesimo
3242 2731 3388 2771 nouo

1815 2794 2026 2862 psalmo
2059 2795 2362 2850 attulimus.

767 1972 1098 2039 Ὑπόθεσις.

121 2062 219 2117 Καὶ
250 2063 314 2116 ἐν
360 2064 550 2134 τούτῳ
600 2067 632 2136 ἡ
682 2068 950 2135 παρουσία
973 2067 1065 2121 τοῦ
1095 2069 1296 2139 Κυρίου
1323 2073 1355 2142 ἡ
1385 2071 1464 2134 είς
1489 2073 1556 2125 τὰ
1588 2070 1716 2144 ἔθνη

178 2158 462 2227 γενομένη
495 2157 991 2231 κηρύττεται.Ἤδη
1035 2161 1091 2214 δὲ
1126 2163 1340 2216 πάντων
1380 2163 1486 2216 τῶν
1521 2164 1716 2234 στίχων

181 2248 292 2300 τῶν
338 2250 402 2299 ὲν
435 2248 519 2318 τῷ
550 2250 778 2321 παρόντι
809 2250 1006 2324 ψαλμῷ
1052 2254 1109 2306 ὲν
1141 2259 1253 2318 τοῖς
1279 2257 1453 2309 ὀπίσω
1485 2257 1717 2327 ψαλμοῖς

183 2342 677 2411 ἑρμηνευομένων,
708 2345 960 2415 περιττὸν
993 2345 1059 2399 ἂν
1083 2349 1168 2418 εἴη
1203 2348 1364 2402 πάλιν
1397 2351 1509 2412 τοῖς
1534 2349 1716 2410 αὐτοῖς

182 2433 508 2503 χρήσασθαι
534 2436 616 2498 είς
645 2437 938 2508 ἑρμηνείαν
968 2439 1073 2493 τῶν
1109 2441 1500 2512 προκειμένων.

192 2525 440 2595 Ἑτοιζιλη
472 2530 510 2597 ἡ
543 2529 757 2596 καρδία
787 2548 927 2599 μου,
969 2535 1000 2586 ὀ
1031 2535 1192 2599 Θεός.
1220 2535 1328 2588 Καὶ
1357 2536 1413 2587 ἐν
1441 2534 1614 2604 τούτῳ
1637 2533 1714 2605 τῷ

345 2623 381 2690 ἠ
422 2622 701 2692 παρουσία
746 2622 838 2675 τοῦ
886 2625 1090 2695 Κυρίου
1123 2629 1155 2695 ἡ
1186 2628 1265 2691 είς
1303 2625 1372 2680 τὰ
1410 2626 1536 2696 ἔθνη
1565 2643 1716 2694 γενο-

123 2712 250 2782 μένη
294 2712 811 2784 κηρύττεται.Ἤδη
855 2715 912 2766 δὲ
961 2715 1069 2768 τῶν
1121 2717 1316 2787 στίχων
1368 2717 1571 2772 τούτων
1615 2720 1714 2791 τὴν

120 2803 422 2872 ἑρμηνείαν
449 2807 510 2856 ἐν
545 2804 620 2874 τῷ
650 2805 724 2857 νϐ’
749 2804 945 2877 ψαλμῷ
976 2807 1320 2879 τεθείκαμεν.

195 2895 600 2964 Ἐξεγέρθητι,
637 2897 674 2963 ἡ
705 2895 855 2959 δόξα
877 2915 1018 2966 μου.
1059 2897 1198 2965 Δόξα
1229 2900 1282 2952 δὲ
1313 2897 1477 2952 αὑτοῦ
1509 2901 1544 2971 ἡ
1589 2899 1711 2954 θεω-

1887 2886 1939 2939 5.
1957 2884 2219 2957 Exsurge,
2245 2888 2414 2958 gloria
2433 2906 2569 2944 mea.
2591 2890 2774 2947 Gloria
2798 2902 2979 2948 autem
2999 2897 3117 2965 ejus
3131 2899 3385 2954 estltabi.

127 2987 316 3059 ρητικὴ
371 2990 472 3041 καὶ
523 2990 801 3060 πρακτικὴ
854 2989 984 3055 ἕξις,
1013 2990 1134 3043 καθ’
1170 2992 1235 3063 ἢν
1278 2992 1546 3047 διάκειται
1579 2993 1711 3065 πρὸς

1844 2991 1905 3030 us
1925 2980 2325 3048 contemplandi
2353 2991 2406 3034 et
2434 2983 2650 3052 agendi,
2675 2986 2974 3039 secundum
3003 3002 3163 3056 quem
3180 2990 3247 3043 ad
3271 3005 3388 3045 mo-

124 3082 214 3151 τὴν
247 3081 455 3152 ἠθικὴν
487 3083 585 3136 καὶ
617 3083 1001 3154 διακονητικὴν
1027 3085 1250 3156 ἀρετήν.

1844 3070 1985 3124 'alem
2021 3079 2076 3125 et
2113 3072 2640 3128 administratoriam
2669 3076 2919 3130 virtutem
2948 3089 3028 3132 est
3055 3095 3383 3150 propensus.

189 3174 319 3226 ὀτι
355 3174 522 3242 μέγα
563 3173 765 3226 ἐπάνω
809 3173 928 3227 τῶν
955 3173 1226 3242 οὐρανῶν
1269 3175 1337 3227 τὸ
1371 3175 1540 3240 ἔλεός
1572 3188 1710 3231 σου.

1882 3161 1936 3218 5.
1971 3160 2112 3226 Quia
2151 3181 2342 3235 magna
2371 3177 2446 3221 est
2477 3184 2634 3237 super
2665 3170 2822 3222 caelos
2861 3172 3227 3226 misericordia
3269 3183 3382 3228 tua.

1815 3252 1985 3309 Tanta
2006 3265 2091 3310 est
2115 3257 2493 3314 misericordia
2524 3270 2638 3325 tua,
2664 3271 2724 3316 ut
2750 3264 3012 3318 caelorum
3043 3267 3386 3323 altitudinem

1813 3355 2128 3417 exsuperet,
2159 3359 2214 3404 et
2249 3353 2452 3422 ubique
2476 3355 2792 3410 transiliunt
2821 3358 3068 3414 veritatis
3088 3366 3194 3414 tua:
3221 3361 3384 3426 radii,

1813 3440 2118 3508 prophetis,
2170 3445 2434 3512 apostolis
2481 3454 2538 3500 et
2578 3447 2858 3518 magistris
2893 3457 3096 3504 terram
3139 3465 3235 3520 per
3263 3451 3384 3521 ejus

1813 3532 1990 3587 stillas
2022 3533 2397 3604 irrigantibus.

1885 3624 1938 3678 6.
1974 3625 2229 3680 Exaltare
2256 3645 2411 3698 super
2435 3630 2612 3695 caelos,
2643 3630 2801 3686 Deus.
2829 3633 2914 3687 Ab
2940 3633 3097 3688 initto
3127 3634 3195 3688 ad
3236 3635 3384 3690 hunc

1812 3731 2032 3772 versum
2075 3734 2250 3788 usque
2287 3721 2428 3775 idem
2467 3731 2551 3777 est
2595 3721 2684 3777 hic
2730 3724 2975 3793 psalmus
3019 3733 3184 3794 atque
3219 3728 3384 3796 quin-

1812 3809 2162 3878 quagesimus
2179 3820 2384 3878 sextus,
2402 3813 2471 3867 ab
2487 3814 2590 3868 hoc
2606 3822 2786 3869 autem
2807 3829 2962 3871 versu
2979 3816 3047 3870 ad
3063 3816 3226 3872 ﬁnem
3242 3819 3382 3874 idem

1812 3910 1976 3971 atque
1997 3903 2483 3975 quinquagesimus
2521 3921 2720 3963 nonus.
2749 3906 2816 3963 Et
2849 3908 2964 3980 jam
2997 3925 3120 3980 quas
3156 3926 3382 3983 compe-

1812 3995 1996 4050 tebant
2027 3995 2168 4051 dicta
2209 4005 2355 4053 sunt.

1879 4089 1932 4144 8.
1973 4088 2270 4144 Emaltabor
2303 4099 2354 4145 et
2395 4090 2630 4145 dividam
2675 4090 2936 4148 Sichima.
2992 4091 3271 4150 Promittit
3319 4109 3383 4151 se

1811 4181 2119 4239 Judaerum
2150 4184 2596 4253 praestantissima
2621 4193 2675 4239 et
2711 4185 3104 4254 pretiosissima
3128 4187 3379 4256 gentibus

125 3264 384 3317 τοσοῦτόν
439 3281 538 3316 σου
590 3264 652 3317 τὸ
699 3264 865 3328 ἕλεος,
901 3265 976 3328 ὡς
1019 3265 1364 3337 ὑπερϐαίνειν
1395 3265 1528 3335 ’ύψος
1553 3265 1714 3338 οὐρά-

124 3373 244 3419 νιον,
283 3357 386 3410 καὶ
423 3355 704 3426 πανταχοῦ
751 3357 1053 3428 διᾴττουσιν
1098 3359 1155 3411 αἱ
1185 3358 1284 3429 τῆς
1332 3358 1428 3429 σῆς
1457 3357 1714 3430 ἀληθείας

122 3447 354 3511 ἂιτίνες,
385 3446 687 3518 προφητῶν
741 3449 833 3500 καὶ
879 3447 1193 3501 ἀποστόλων
1245 3449 1338 3501 καὶ
1379 3447 1712 3502 διδασκάλων

121 3542 232 3601 ταῖς
264 3539 494 3608 ἐκείνης
536 3538 748 3609 ῥανίσιν
777 3539 1109 3611 ἀρδευόντων
1141 3539 1240 3610 τὴν
1264 3541 1385 3610 γῆν.

194 3631 498 3700 Ὺψώθητι
523 3630 623 3682 ἐπὶ
650 3629 792 3696 τοὺς
812 3629 1125 3698 οὐρανοὺς,
1153 3633 1184 3683 ό
1212 3633 1375 3696 Θεός.
1395 3629 1513 3684 Ἀπ’
1539 3629 1712 3701 ἀρχῆς

121 3725 275 3795 μέχρι
320 3724 428 3794 τῆς
471 3721 756 3791 παρούσης
784 3721 982 3788 λέξεως
1008 3723 1036 3774 ὁ
1063 3722 1225 3786 αὐτός
1267 3725 1381 3776 ἐστι
1415 3721 1490 3793 τῷ
1523 3739 1714 3793 πεντη-

118 3817 290 3887 κοστῷ
321 3817 477 3886 ἕκτῳ
499 3813 719 3885 ψαλμῷ,
744 3814 838 3867 καὶ
862 3815 970 3869 ἀπὸ
993 3815 1196 3886 ταύτης
1227 3816 1388 3886 μέχρι
1419 3814 1605 3878 τέλους
1634 3814 1712 3886 τῷ

120 3907 476 3980 κνηκοπῴ
511 3907 735 3976 έννάτῳ.
762 3907 869 3960 Καὶ
898 3907 1109 3979 εἴρηται
1136 3907 1203 3962 τὰ
1226 3907 1427 3962 εἰκότα.

193 4090 628 4160 Ὑψωθήσσμαι
656 4087 757 4141 καί
784 4060 1056 4157 δίαμεριῶ
1082 4087 1313 4156 Σίκιμα.
1342 4085 1422 4139 Τὰ
1445 4084 1552 4138 τῶν
1580 4085 1711 4138 Ἰου-

119 4184 276 4237 δαίων
309 4184 554 4253 ἕγκριτα
590 4182 684 4234 καὶ
715 4181 968 4251 ἐξαίρετα
998 4179 1333 4260 διαμερίζειν
1374 4182 1486 4242 τοῖς
1533 4177 1710 4232 ἔθνεσι

119 4279 207 4329 καὶ
250 4279 337 4339 εἰς
376 4273 753 4344 κληρονομίαν
795 4275 1159 4344 καταμετρείν
1205 4270 1342 4342 μετά
1385 4271 1559 4341 χαρᾶς
1609 4271 1711 4322 ὑπ-

1851 4276 2114 4331 ivisurum
2151 4286 2204 4331 et
2234 4277 2287 4331 in
2331 4277 2700 4331 btereditatem
2747 4277 3190 4331 distributurum.
3238 4275 3404 4349 Nam_

121 4371 325 4439 ἔσχετο.
346 4369 439 4430 Ὠς
476 4367 586 4437 γὰρ
619 4365 820 4434 ἀγαθὸς
869 4365 1052 4436 πατὴρ
1083 4364 1262 4434 χαίρει
1294 4363 1522 4425 πολλοὺς
1563 4363 1710 4426 υἱοὺς

1844 4376 1995 4437 tpote
2016 4369 2191 4424 bonus
2220 4377 2391 4439 pater,
2424 4368 2565 4422 ﬁlios
2595 4368 2794 4422 multos
2828 4384 2950 4422 cum
2978 4370 3174 4439 gaudio
3200 4371 3379 4426 susci-

119 4460 566 4532 προσλαμόάνων
601 4459 694 4512 καὶ
734 4457 1030 4530 κτώμενος.
1073 4457 1419 4528 Συμϐολικῶς
1455 4457 1512 4510 δὲ
1541 4455 1710 4509 ταῦτα

1844 4459 1892 4512 ιίι
1918 4467 1972 4514 et
1999 4459 2261 4529 possidet.
2296 4458 2421 4514 Hrec
2465 4475 2629 4530 porro
2662 4460 2909 4530 ﬁgurate,
2945 4468 3000 4515 et
3023 4476 3118 4531 per
3143 4461 3378 4532 aenigma

121 4556 208 4608 ut
250 4554 324 4607 δι’
353 4553 678 4623 αἰνίγματος
725 4550 1090 4621 αἰνιττόμενος
1117 4549 1427 4618 φθέγγεται.
1447 4547 1570 4600 Ἐπὶ
1603 4548 1711 4618 γὰρ

1844 4562 1979 4622 tque
2007 4552 2240 4607 obscure
2272 4552 2534 4623 loquitur.
2571 4552 2630 4607 In
2669 4553 2810 4607 valle
2838 4567 3073 4624 namque
3109 4557 3374 4627 gentium,

117 4652 179 4719 τῇ
226 4648 448 4702 κοιλάδι
493 4645 601 4698 τῶν
651 4643 818 4698 ἐθνῶν
845 4641 1041 4715 χωρίον
1079 4641 1236 4693 τοῦτο
1277 4641 1376 4711 τῆς
1413 4639 1582 4710 Σιχὲμ
1611 4640 1705 4691 καὶ

119 4744 322 4814 Σίχιμα
354 4740 660 4811 λεγομένης
695 4739 1008 4809 ἐτύγχανεν.
1027 4739 1084 4791 'U
1128 4734 1344 4802 Ἰακὼϐ,
1375 4736 1438 4788 ὲκ
1465 4736 1706 4787 Μεσοπο-

118 4840 320 4912 ταμίας
345 4838 558 4900 ἀναεὰς
607 4835 745 4908 μετὰ
791 4835 900 4888 τῶν
944 4834 1169 4895 τέκνων,
1197 4830 1413 4902 ᾠκησεν
1450 4827 1577 4880 ἔνθα
1605 4825 1702 4897 τὴν

119 4934 277 4985 Δείνα
306 4928 584 4998 θυγατέρα
605 4926 697 4980 τοῦ
743 4924 936 4978 Ἰακὼό
981 4923 1164 4994 Ἐμὼρ
1201 4923 1228 4972 ὁ
1259 4920 1373 4983 υίὸς
1400 4917 1493 4972 τοῦ
1537 4918 1704 4988 Σιχὲμ.

120 5023 372 5096 ἐρασθεὶς
425 5021 643 5092 ἥρπασε
677 5021 771 5072 καὶ
799 5017 1070 5090 ἔφθειρεν.
1103 5014 1165 5066 0i
1212 5012 1321 5082 γὰρ
1369 5010 1461 5063 τοῦ
1511 5009 1701 5063 Ἰακὼὸ

122 5114 310 5176 παῖδες
347 5112 512 5166 αὐτὸν
539 5109 676 5182 μετὰ
708 5108 904 5171 παντὸς
929 5103 1058 5159 λαοῦ
1089 5099 1433 5170 κατέσφαξαν
1461 5101 1702 5170 ἀπαντή-

123 5225 337 5271 σαντες.
367 5205 527 5259 Οὖτω
573 5204 643 5257 τὰ
690 5202 906 5272 Σίχιμα,
941 5198 1049 5252 τῶν
1100 5196 1314 5268 σκηνῶν
1349 5194 1552 5258 κοιλὰς,
1582 5194 1700 5246 κτί-

123 5317 303 5371 σμα-τα
333 5298 431 5352 τοῦ
464 5296 799 5368 πατριάρχου
826 5290 1210 5362 γέγονε.Τοῠτο
1231 5288 1406 5341 τοίνυν
1426 5286 1485 5339 τὸ
1506 5285 1700 5356 χωρίον

1808 4642 1963 4697 locus
1995 4642 2102 4704 hic,
2136 4641 2354 4696 Sicbem
2389 4653 2482 4697 aut
2512 4643 2754 4698 Sichima
2784 4645 2923 4700 situs
2961 4655 3077 4701 erat
3107 4664 3121 4701 :
3163 4647 3220 4701 in
3265 4661 3375 4716 quo

1806 4732 1976 4788 Jacob
2009 4749 2131 4788 cum
2169 4749 2236 4788 ex
2279 4735 2665 4805 Mesopotamia
2695 4737 3050 4802 ascendisset,
3083 4753 3207 4792 cum
3248 4738 3375 4795 ﬁliis

1808 4829 1924 4883 suis
1958 4827 2239 4882 habitavit.
2267 4827 2370 4883 Ubi
2405 4827 2596 4884 Diuam
2623 4829 2810 4885 Jacobi
2843 4831 3008 4885 tiliam
3037 4830 3204 4886 Emor
3229 4829 3373 4885 filius

1812 4920 2050 4986 Sicltem,
2068 4921 2258 4990 puellae
2283 4921 2683 4992 pulchritudine
2709 4932 2920 4993 captus,
2945 4923 3124 4992 rapuit
3143 4933 3196 4976 et
3217 4922 3388 4976 vitias

1807 5008 1902 5061 vit.
1940 5005 2075 5060 Tum
2104 5007 2197 5062 ﬁlii
2223 5007 2390 5064 Jacob
2424 5025 2546 5065 eum
2577 5025 2700 5064 cum
2737 5011 2883 5065 omni
2914 5012 3112 5079 populo
3149 5023 3248 5063 suo
3273 5009 3372 5063 ob-

1808 5108 2148 5154 truncarunt.
2182 5098 2260 5154 lta
2292 5099 2554 5164 Sic-bima,
2585 5101 2845 5156 convallis
2874 5101 3366 5163 tabernaculorum.

1807 5192 1876 5245 ad
1929 5193 2334 5262 possessionem
2397 5195 2717 5263 patriarehze
2772 5194 3023 5248 devoluta
3058 5199 3158 5248 est.
3210 5194 3370 5248 Hune.

1807 5283 1994 5352 itaque
2026 5284 2203 5339 locum
2227 5283 2394 5339 Jacob
2418 5300 2539 5340 cum
2564 5294 2760 5337 terram
2792 5283 2917 5338 ﬁliis
2945 5283 3058 5338 suis
3081 5283 3366 5350 divideret,

126 5391 364 5462 μερίζων
410 5388 606 5442 Ἰακὼό
653 5389 765 5448 τοῖς
813 5385 989 5445 παισὶ,
1045 5382 1134 5434 τὸν
1183 5379 1383 5449 κλῆρον
1425 5377 1700 5447 ἐξαίρετον

1844 5377 1958 5430 uasi
1994 5377 2323 5446 prmeipuam
2368 5387 2568 5431 sortem
2612 5374 2848 5444 Josepho
2889 5374 3037 5430 dedit
3076 5375 3241 5446 :quia
3277 5376 3370 5444 jn-

134 5484 331 5554 Ἰωσὴφ
361 5483 657 5550 ἀπένειμεν
679 5495 690 5508 ·
729 5476 912 5547 ἐπειδὴ
944 5478 1056 5537 τοῖς
1080 5473 1324 5540 ἀδελφοῖς
1354 5470 1471 5523 νέος
1497 5468 1571 5520 ὢν
1601 5468 1700 5519 οὐκ

1844 5470 1956 5524 euis
2033 5485 2157 5523 cum
2233 5479 2414 5534 esset,
2478 5468 2749 5538 ejusmodi
2819 5468 3078 5524 facinoris
3139 5481 3367 5526 consors

126 5575 395 5629 ιιωινώνει
446 5573 543 5626 τοῦ
586 5570 879 5643 δράματος.
913 5567 1022 5620 Καὶ
1051 5565 1240 5619 τούτου
1283 5564 1442 5632 χάριν
1470 5577 1702 5630 καταμε-

1799 5577 1922 5618 cum
1993 5561 2254 5616 fratribus
2318 5577 2428 5618 non
2498 5557 3104 5631 ίυίεεει.1ιιεο‹ιυθέθ
3158 5559 3366 5616 divisa-

193 5690 212 5721 "
244 5689 400 5744 toan.
426 5701 537 5754 xiv,
555 5684 608 5739 6.
689 5685 712 5718 ⁸
735 5681 924 5737 Matth.
952 5699 1005 5748 v,
1041 5680 1094 5736 5.
1169 5680 1190 5711 ⁸
1217 5676 1406 5734 Matth.
1438 5691 1558 5742 xm,
1596 5675 1682 5729 16.
1763 5675 1804 5706 ⁸ο
1830 5673 1988 5730 Rom.
2021 5686 2140 5737 vtu,
2182 5670 2272 5726 35.
