3778 6276
419 276 528 333 455
1249 274 1306 329 S.
1347 270 1717 329 ATHANA‘SII
1755 270 1907 329 OPP.
1948 269 2128 327 PARS
2164 271 2252 329 lli.
2290 303 2361 314 —
2398 272 2810 332 EXEGETICA.
3546 278 3679 334 656

417 404 540 443 rum
571 398 626 443 et
644 385 1084 451 distributurum,
1133 393 1193 441 ut
1218 386 1651 457 praestantiorem
1687 384 1834 439 illam
1854 397 1909 436 ιιι

2196 386 2235 437 ἵν
2284 385 2379 439 καὶ
2423 383 2665 457 μερίζειν
2701 383 3119 455 smmum:-
3149 385 3236 440 ῐνα
3256 383 3355 458 τὴν
3384 385 3688 461 ἐξαίρετον

415 481 616 552 Ioseph
652 478 854 536 Christi
885 479 1254 536 bmreditatem
1295 482 1524 552 ﬁgurate
1552 478 1822 548 intelligas
1847 491 1907 546 ge

2210 475 2330 529 νέου
2369 475 2564 547 Ἰωσὴφ
2611 476 2706 530 τοῦ
2757 475 2994 548 Χριστοῦ
3031 476 3396 548 κληρονομίαν
3441 479 3686 551 μερίζε-

418 575 564 631 tibus
586 571 930 627 dividendam
957 586 1098 627 esse.

2085 565 2208 618 σθαι
2240 566 2581 637 συμϐολικῶς
2608 569 2806 641 νοήσῃς
2838 570 2951 631 τοῖς
2978 567 3206 625 ἔθνεσιν.

598 661 639 716 ι.
671 658 737 715 1η
767 662 944 730 ﬁnem,
976 656 1315 715 PSALMUS
1343 655 1530 710 David.
1561 649 1784 709 CVIII.

2231 661 2337 725 Εἰς
2365 660 2433 714 τὸ
2465 659 2660 727 τέλος,
2690 663 2999 715 ΨΑΛΜΟΣ
3027 659 3107 727 τῷ
3133 661 3334 718 Δαυτδ.
3376 665 3505 720 PII'.

1001 754 1404 824 Argumentum.
2263 797 2275 808 _

2263 797 2275 808 .
2711 753 3030 819 Ὑπόθεσις.

414 844 659 901 Prmsens
691 844 934 915 psalmus
977 847 1263 916 passiones
1288 840 1494 896 Christi
1526 838 1818 910 signiﬁcat,
1853 853 1906 893 nt

2185 840 2371 913 παρὼν
2402 842 2611 915 ψαλμδς
2642 843 2713 897 τὰ
2746 843 2889 916 πάθη
2921 843 3015 898 τοῦ
3051 843 3287 917 Χριστοῦ
3315 849 3677 920 κατασημαί-

481 953 591 993 non
624 938 888 1008 supplicia
924 938 991 992 de
1029 935 1167 991 Iuda
1204 944 1259 990 et
1304 934 1372 989 de
1414 932 1616 1003 populo
1637 930 1865 987 Iudaico
1886 945 1973 985 su-

2187 950 2255 997 ει,
2296 934 2396 998 τάς
2436 952 2496 988 τε
2520 936 2785 1006 ἐσομένας
2806 936 3075 1007 τιμωρίας
3103 937 3244 991 κατά
3264 955 3324 991 τε
3352 937 3446 991 τοῦ
3491 938 3679 994 Ἰούδα.

484 1030 698 1085 menda.
723 1029 1070 1098 Quaecunque
1098 1040 1261 1095 porro
1280 1025 1332 1079 in
1369 1025 1474 1079 hoc
1500 1022 1711 1093 psalmo
1740 1019 1976 1091 optando

2182 1028 2243 1080 ,αἱ
2265 1028 2428 1081 αὐτοῦ
2458 1028 2552 1082 τοῦ
2592 1026 2854 1082 Ἰουδαίων
2883 1028 3181 1082 λαοῦ.’¹οσα
3201 1029 3258 1085 δὲ
3277 1030 3547 1096 εὐκτικῶς
3570 1033 3674 1087 λέ·-

481 1121 758 1187 dicuntur,
783 1120 1094 1190 praphetice
1114 1119 1297 1172 omnia
1325 1117 1468 1172 dicta
1499 1114 1671 1169 fuisse
1697 1112 1973 1168 sciendum

2183 1134 2336 1171 εκται
2356 1119 2413 1171 ἐν
2438 1118 2514 1189 τῷ
2532 1117 2753 1190 ψαλμῷ,
2780 1117 2973 1182 ἰστέον,
2995 1119 3077 1172 ὅτι
3100 1122 3455 1192 προφητικῶς
3478 1122 3675 1177 πάντα.

480 1222 585 1269 est.
616 1212 692 1269 Ut
728 1228 851 1267 cum
894 1212 1023 1266 dicit
1056 1230 1069 1265 :
1102 1209 1354 1264 Diabolus
1389 1217 1490 1263 stet
1528 1224 1562 1261 a
1607 1206 1807 1260 dextris
1841 1203 1972 1269 eius.

2178 1209 2380 1279 ίρηται.
2409 1205 2532 1264 Οἶον
2557 1212 2682 1265 ὅταν
2707 1210 2879 1280 λέγει’
2915 1211 3200 1278 Διάϐολος
3229 1211 3429 1280 στήτω
3456 1215 3527 1268 ἐκ
3558 1215 3670 1270 δε-

481 1305 704 1375 perinde
729 1317 811 1358 est
830 1318 894 1358 ac
924 1304 971 1359 si
989 1303 1193 1357 diceret
1223 1322 1236 1354 :
1271 1300 1467 1355 Stabit.
1499 1296 1617 1353 Non
1650 1299 1798 1352 enim
1827 1305 1973 1366 optat

2178 1298 2295 1361 ἷιῶν
2328 1301 2536 1369 αὐτοῦ,
2576 1302 2698 1356 ἀντὶ
2740 1302 2855 1368 τοῦ,
2885 1301 3195 1372 στήσεται,
3230 1303 3397 1373 λέγει.
3427 1305 3501 1359 Οὐ
3549 1307 3670 1380 γὰρ

480 1407 541 1452 ιιι
575 1397 627 1451 id
669 1396 917 1463 eveniat;
953 1395 1049 1451 sed
1084 1409 1207 1464 quae
1243 1395 1362 1463 ejus
1403 1389 1768 1462 improbitatis
1812 1403 1972 1445 causa

2180 1391 2370 1463 ὖχεται
2396 1394 2554 1447 τοῦτο
2577 1393 2826 1463 γενέσθαι
2845 1411 2858 1425 ·
2891 1394 3006 1448 ἀλλ’
3033 1395 3061 1448 ὃ
3091 1395 3243 1466 μέλει
3271 1396 3545 1467 συμϐῆναι
3572 1398 3670 1453 διὰ

481 1498 743 1545 eventura
788 1489 921 1543 sint
946 1489 1061 1558 ipse
1099 1485 1430 1556 praenuntiat
1466 1501 1481 1537 :
1521 1483 1668 1554 quod
1702 1481 1868 1538 etiam
1912 1480 1973 1534 de

2176 1483 2244 1555 ὴν
2271 1484 2478 1538 ἐκείνου
2502 1485 2700 1539 κακίαν
2724 1484 2880 1539 τοῦτο
2904 1486 3291 1557 προαγορεύει·
3317 1486 3411 1539 καί⁵
3436 1486 3668 1543 ἐπὶτῶν

477 1582 602 1638 aliis
651 1582 901 1636 similiter
953 1580 1265 1635 dicendum.
1317 1576 1568 1633 Habeant
1621 1575 1722 1642 illi,
1778 1574 1969 1644 inquit,

2175 1574 2322 1649 ίλλων
2353 1576 2410 1630 δὲ
2437 1564 3143 1648 ώσαύτωςῘΕξοιενξφησὶ,
3189 1577 3284 1631 καὶ
3331 1571 3473 1647 οὗτοι
3531 1579 3667 1643 τοὺς

478 1674 926 1737 calumniatores,
943 1671 1037 1740 qui
1062 1686 1167 1725 non
1193 1670 1491 1724 abscedant
1513 1667 1581 1722 ab
1606 1667 1707 1721 eis.
1726 1664 1784 1720 Si
1812 1678 1970 1734 porro

2179 1665 2550 1731 ιαϐἀλλοντας,
2578 1667 2673 1721 καὶ
2707 1665 2780 1738 μὴ
2825 1667 3116 1720 ἀποσταῖεν
3141 1667 3340 1720 αὐτῶν.
3367 1669 3429 1722 Εἰ
3454 1669 3511 1722 δὲ
3544 1670 3668 1741 κρί-

468 1763 806 1835 judicentur,
844 1733 921 1817 ab.
952 1733 1060 1817 illis
1105 1761 1452 1816 damnentur.
1490 1758 1604 1813 lmo
1646 1733 1827 1812 etiam,
1850 1756 1894 1811 si
1926 1763 1960 1810 it

2174 1775 2340 1819 anno,
2393 1758 2530 1830 πρὸς
2575 1733 2780 1821 αὐτοῦς.
2821 1758 3219 1829 κατακριθεῖεν.
3248 1758 3408 1813 Ἀλλὰ
3464 1759 3559 1813 καὶ
3586 1733 3666 1814 ἐἰ

482 1853 537 1908 in
564 1864 808 1924 tempore
839 1853 1105 1923 angustia:
1133 1850 1524 1917 invocaverint,
1550 1850 1601 1903 id
1628 1849 1737 1903 illis
1769 1848 1824 1902 in
1852 1861 1974 1917 pec-

2168 1849 2540 1903 ιπεκαλέσαντό
2573 1866 2654 1913 σε,
2678 1850 2861 1921 φησὶν,
2886 1850 2944 1903 ἐν
2964 1850 3042 1920 τῷ
3061 1850 3239 1922 καιρῷ
3264 1852 3362 1923 τῆς
3384 1852 3660 1923 ἀνάγκης,

471 1952 657 1999 catum
684 1952 1045 2013 computetur,
1069 1950 1320 1997 revocata
1343 1950 1692 2011 peccatorum
1728 1938 1963 2008 ipsorum

2180 1942 2226 2004 ἰς
2257 1941 2532 2012 ἁμαρτίαν
2563 1941 2745 2005 αὐτοῖς
2776 1940 3073 2012 λογισθείη,
3108 1943 3328 2013 μνήμης
3356 1944 3664 2014 γενομένης

477 2035 764 2090 memoria.
809 2036 935 2090 Dies
975 2050 1166 2090 eorum
1218 2032 1494 2097 abbrevia,
1531 2039 1592 2086 ut
1619 2030 1753 2100 ipsis
1796 2029 1969 2084 adhuc

2170 2029 2218 2087 ὃν
2252 2034 2518 2105 ἥμαρτον.
2554 2033 2795 2105 Σύντεμε
2835 2034 2892 2087 δὲ
2934 2034 3032 2099 τὰς
3060 2035 3272 2107 ἡμέρας
3308 2035 3507 2100 αὐτῶν,
3542 2038 3662 2097 ἴνα.

474 2126 782 2181 viventibus
831 2141 897 2180 ac
940 2126 1269 2190 videntibus,
1308 2124 1623 2192 dignitatem
1667 2122 1815 2183 illam
1866 2134 1966 2189 qua

2166 2121 2359 2184 ζώντων
2403 2124 2499 2176 καὶ
2543 2122 2792 2195 ὁρώντων
2843 2123 3043 2187 αὐτῶν,
3074 2124 3173 2193 τὴν
3220 2122 3395 2188 ἀξίαν,
3424 2126 3489 2196 ἢν
3528 2125 3658 2178 οὐδὲ

477 2232 755 2287 nunquam
804 2232 931 2272 vere
975 2218 1132 2287 pctiti
1173 2226 1303 2274 sunt
1346 2217 1486 2272 alter
1518 2215 1717 2284 rapiat.
1768 2211 1969 2266 Deinde

2168 2232 2308 2280 ww;
2331 2214 2632 2287 ὠνήσαντο,
2661 2216 2846 2288 ἕτερος
2872 2216 3434 2288 ἀφαρπάσῃ.⁹Επειτα
3466 2216 3523 2270 δὲ
3557 2219 3660 2270 καὶ

469 2324 618 2380 .psos
648 2310 774 2365 tolle
790 2311 859 2365 de
886 2308 1088 2375 medio,
1116 2310 1191 2365 ita
1230 2318 1291 2364 ut
1328 2308 1572 2380 ipsorum
1601 2303 1884 2361 calamitas
1905 2305 1961 2357 ad

2165 2306 2335 2372 ιῦτοὺς
2365 2306 2541 2369 ἄνελε,
2568 2307 2643 2371 ὡς
2669 2307 2917 2378 διαϐῆναι
2956 2308 3054 2380 τὴν
3084 2308 3366 2380 συμφορὰν
3408 2311 3487 2374 είς
3520 2312 3657 2373 τοὺς

466 2417 657 2459 eorum
689 2410 938 2473 posteros
970 2402 1333 2468 devolvatur;
1379 2411 1435 2457 et
1479 2400 1575 2454 lilii
1618 2413 1813 2454 eorum
1859 2395 1958 2452 sinl

2172 2397 2201 2466 ξ
2242 2398 2462 2454 ἐκείνων
2481 2416 2495 2430 ο
2521 2397 2663 2453 ὥστε
2693 2399 3071 2472 όρφανωθῆναι
3106 2401 3204 2472 μὲν
3242 2401 3366 2465 τοὺς
3389 2403 3537 2466 υἱοὺς
3561 2402 3662 2456 αὐ-

472 2493 724 2563 orpliani,
759 2502 814 2548 et
848 2509 985 2549 uxor
1029 2509 1222 2549 eorum
1261 2494 1528 2548 viduitate
1564 2490 1876 2561 aﬂligatur;
1908 2501 1964 2543 ac

2166 2488 2272 2553 γῶν,
2303 2488 2501 2560 χηρείᾳ.
2530 2489 2588 2542 δὲ
2616 2489 2901 2561 ἐκδοθῆναι
2929 2489 3027 2563 τὴν
3057 2493 3290 2561 γυναῖκα
3308 2508 3321 2521 ·
3356 2491 3497 2545 ὥστε
3522 2496 3658 2557 τοὺς

469 2582 566 2637 lilii
595 2583 646 2637 vi
684 2584 942 2653 pertracti
968 2592 1132 2654 atque
1163 2583 1383 2653 raptati,
1415 2581 1483 2636 de
1508 2589 1724 2651 patrum
1752 2575 1961 2634 sceleri-

2166 2580 2288 2645 υἱοὺς
2317 2579 2666 2653 βιαζομένους
2692 2580 2789 2635 καὶ
2833 2583 3165 2654 συρομένους
3192 2584 3333 2655 ὑπὲρ
3380 2583 3658 2657 πατρῴων

472 2675 575 2731 bus
603 2690 791 2743 poenas
824 2675 998 2731 luant.

2141 2674 2624 2746 παρανομημάτων
2652 2673 2806 2740 δίκας
2839 2675 3075 2746 ὑφέξειν.

468 2766 524 2822 2.
575 2766 739 2832 Deus,
775 2767 988 2821 laudem
1029 2780 1198 2819 meam
1233 2778 1295 2816 ne
1323 2766 1572 2816 tacueris.
1614 2762 1674 2817 In
1708 2760 1960 2820 Ecclesiit

2162 2762 2217 2817 '0
2252 2763 2416 2830 Θεὸς,
2450 2764 2564 2832 τὴν
2588 2764 2827 2820 αἴγεσιν
2860 2783 2978 2836 μου
3023 2765 3108 2837 μὴ
3151 2766 3654 2837 παρασιωπήσῃς.

398 2855 604 2914 Christi
630 2866 1113 2929 quantumcunque
1136 2870 1232 2926 per
1247 2855 1436 2910 orbem
1469 2853 1890 2925 multiplicemur

2165 2869 2238 2906 ιον
2270 2854 2327 2906 al
2373 2853 2691 2925 Ἐκκλησίαι
2714 2855 2951 2927 Χριστοῦ
2983 2856 3310 2911 συνεστῶσιν
3342 2857 3397 2909 ai
3428 2858 3657 2912 ἀνατέλ-

396 2950 734 3016 exoriantur,
778 2949 965 3004 laudat
1014 2948 1158 3003 Deus
1195 2946 1393 3001 Filium
1438 2960 1621 3000 suum.
1667 2946 1756 3001 Ait
1805 2946 1888 3018 igil

2158 2960 2257 2998 ισαι
2291 2942 2585 3014 πανταχοῦ,
2625 2944 2766 2998 alvei
2808 2947 2838 2999 6
2889 2944 3022 3010 Θεὸς
3055 2947 3113 2999 ὲν
3146 2945 3335 3009 αὐταῖς
3376 2946 3468 3001 τὸν
3498 2946 3650 3000 Υζόν.

398 3041 550 3097 Patri
583 3057 684 3097 suo
723 3040 977 3097 Christus
1009 3059 1023 3094 :
1060 3038 1285 3093 Etiamsi
1321 3036 1488 3093 Iudas
1520 3051 1647 3093 cum
1681 3053 1767 3093 me
1800 3046 1890 3093 tran

2164 3053 2233 3105 (ει
2258 3031 2349 3089 οὖν
2375 3037 2403 3089 6
2427 3035 2663 3107 Χριστὸς
2688 3035 2825 3107 πρὸς
2856 3035 2945 3090 τὸν
2964 3036 3189 3109 Πατέρα
3208 3052 3221 3064 '
3260 3038 3324 3090 Εί
3349 3038 3442 3090 καὶ
3472 3038 3656 3109 προδι-

396 3133 475 3190 dit
501 3135 650 3190 visus
678 3135 778 3189 sibi
819 3133 982 3189 fuerit
1005 3132 1269 3202 impedire
1301 3130 1517 3185 laudem
1554 3144 1731 3184 meam
1765 3147 1781 3195 ;
1815 3142 1871 3186 at

2158 3143 2196 3189 »ς
2246 3143 2314 3197 με
2349 3127 2377 3179 6
2421 3123 2637 3191 Ἰούδας,
2671 3124 2810 3190 δόξει
2837 3126 3146 3197 ἐμποδίζειν
3191 3126 3281 3180 τὸν
3312 3121 3456 3179 αἶνόν
3504 3144 3613 3198 μου
3636 3146 3650 3159 ·

397 3239 486 3279 me
524 3225 763 3290 laudato,
795 3223 1091 3294 deitatique
1141 3238 1277 3277 mea:
1329 3221 1507 3292 praebe
1560 3221 1889 3277 testimonim

2161 3234 2246 3281 τως
2276 3217 2333 3272 δὲ
2372 3216 2582 3272 αἰνεσόν
2619 3236 2707 3290 με,
2743 3217 3036 3289 μαρτυρῶν
3066 3234 3166 3289 μου
3210 3221 3277 3289 τῇ
3320 3218 3550 3288 θεότητι,
3584 3219 3653 3291 ῆν

397 3328 560 3382 quam
588 3314 716 3383 quia
747 3330 854 3369 non
888 3315 1118 3369 credidit
1141 3313 1331 3380 Iudas,
1353 3329 1442 3370 me
1467 3313 1707 3368 tradidit.
1739 3313 1880 3380 Quia

2198 3310 2494 3376 πιστεύσας
2540 3313 2598 3365 ὲν
2649 3312 2770 3383 ἐμοὶ
2808 3311 3023 3376 Ἰούδας,
3069 3311 3373 3383 προδέδωκε-Ξ
3424 3311 3652 3381 με.”υτι

394 3406 686 3477 peccatoris
722 3416 770 3461 et
793 3422 850 3461 os
876 3405 1048 3460 dolosi
1084 3421 1342 3476 superme
1373 3414 1616 3476 apertum
1649 3415 1748 3460 est.
1776 3404 1886 3459 Pec

2158 3405 2266 3474 όμα
2294 3403 2644 3475 ἀμαρτωλοῦ
2678 3403 2777 3457 καὶ
2801 3405 2993 3472 στόμα
3016 3403 3225 3458 δολίου
3249 3404 3340 3457 ἐπ’
3356 3403 3458 3473 ἐμὲ
3482 3405 3650 3472 ἠνοί-

397 3497 549 3565 toris,
578 3498 786 3553 scilicet
813 3497 1015 3552 diaboli
1042 3516 1057 3564 ;
1088 3498 1206 3569 ipse
1233 3512 1470 3567 namque
1488 3504 1740 3568 peccator
1775 3498 1889 3553 adv<

2160 3514 2206 3563 η.
2225 3495 2590 3566 Ἁμαρτωλοῦ
2632 3494 2726 3549 τοῦ
2767 3494 3011 3548 διαϐόλου
3030 3511 3044 3525 ’
3073 3494 3235 3558 αὐτὸς
3266 3494 3372 3567 γὰρ
3399 3495 3652 3564 ἀμαρτω-

394 3601 490 3643 sus
528 3588 809 3644 veritatem
856 3606 871 3642 :
911 3588 1084 3643 dolosi
1129 3595 1334 3653 autem,
1359 3586 1513 3644 Iudae
1542 3604 1737 3661 nempe
1760 3608 1775 3659 ;
1802 3606 1886 3647 am

2158 3608 2160 3616 ν
2183 3588 2317 3661 πρὸς
2336 3586 2614 3659 ἀλήθειαν·
2640 3587 2848 3642 δολίου
2869 3585 2962 3641 τοῦ
2979 3585 3166 3640 Ἰούδα’
3195 3585 3358 3657 ἄμφω
3379 3585 3485 3658 γὰρ
3505 3587 3650 3641 κατά

391 3677 539 3732 enim
572 3686 758 3733 contra
781 3676 1058 3733 Christum
1088 3677 1255 3733 locuti
1285 3686 1432 3733 sunt.

1244 3679 1255 3733 i
1285 3686 1432 3733 sunt.
2068 3677 2164 3732 τοῦ
2188 3677 2424 3750 Χριστοῦ
2450 3676 2736 3748 ἐλάλησαν.

464 3768 519 3833 5,
548 3768 603 3827 ι.
623 3768 676 3823 5'.
704 3768 808 3822 Pro
831 3785 891 3823 eo
909 3778 966 3822 ut
982 3786 1063 3823 me
1078 3769 1355 3839 diligerent
1377 3769 1718 3825 detrahebant
1740 3770 1956 3824 minim.

2156 3768 2300 3824 Ἀντί
2330 3768 2437 3823 τοῦ
2483 3765 2721 3838 ἀγαπᾷν
2759 3784 2837 3837 με
2886 3766 3274 3822 ἐνδιέϐαλλόν
3315 3783 3411 3836 με.
3433 3805 3447 3819 .
3477 3806 3491 3820 .
3540 3766 3648 3823 καὶ

392 3866 444 3911 et
471 3868 755 3928 posuerunt
774 3859 1050 3913 adversum
1071 3876 1151 3913 me
1175 3859 1318 3914 mala
1346 3876 1440 3929 pro
1467 3860 1638 3924 bonis,
1670 3857 1884 3915 elc.Ver

2130 3863 2272 3914 ἐντο
2297 3860 2423 3912 κατ’
2437 3856 2582 3928 ἐμοῦ
2609 3857 2762 3913 κακὰ
2788 3858 3188 3927 ἁντὶάγαθῶν,
3205 3875 3259 3911 κ.
3276 3875 3324 3911 τ.
3340 3857 3387 3910 λ.
3409 3856 3526 3909 Τῶν
3560 3856 3622 3911 λό

395 3948 502 4003 alia
531 3949 737 4004 amoris
764 3958 912 4013 sunt,
941 3951 1048 4003 alia
1077 3949 1212 4016 odii,
1273 3951 1382 4005 alia
1414 3950 1483 4005 ad
1515 3960 1769 4006 neutrum
1795 3966 1887 4021 per

2154 3969 2180 4005 ν
2205 3953 2253 4004 oi
2277 3950 2374 4021 μέν
2387 3951 2522 4002 εἰσιν
2540 3949 2781 4019 ἀγάπης,
2799 3952 2848 4003 οἱ
2868 3951 2923 4005 δὲ
2944 3950 3153 4021 μίσους,
3170 3952 3218 4003 οί
3242 3949 3298 4003 δὲ
3322 3949 3429 4023 066’
3443 3949 3646 4021 ἑτέρως

394 4050 544 4096 nent.
569 4039 908 4103 Adulabatur
925 4056 1161 4110 namque
1188 4041 1279 4097 ille
1306 4056 1405 4096 ceu
1432 4042 1775 4112 magistrum,
1798 4050 1886 4113 atq

2154 4059 2301 4106 ιντες.
2320 4041 2640 4095 Ἐκολάκευε
2667 4042 2775 4112 γὰρ
2804 4042 2880 4105 ὡς
2912 4040 3249 4105 διδάσκαλον,
3282 4041 3375 4094 καὶ
3405 4040 3482 4111 τῷ
3506 4041 3646 4112 δόλῳ

393 4131 536 4187 dolis
563 4132 614 4187 id
649 4131 1008 4187 contendebat
1033 4140 1093 4186 ut
1115 4133 1438 4203 magistrum
1460 4134 1733 4203 proderet.

2097 4152 2142 4199 ις
2170 4133 2343 4188 ἐδόκει
2371 4132 2670 4204 ἠγωνίζετο
2701 4135 2780 4197 είς
2808 4132 3094 4205 προδοσίαν
3122 4133 3214 4186 τοῦ
3247 4132 3589 4188 διδασκάλου.

465 4222 518 4278 6.
557 4223 830 4279 Constitue
855 4239 1012 4293 super
1045 4240 1164 4278 eum
1187 4231 1534 4293 peccatorem.
1575 4223 1841 4280 Peccator
1878 4234 1957 4281 est

2149 4223 2537 4292 Κατάστησον
2580 4224 2673 4278 ἐπ’
2699 4224 2886 4279 αὑτὸν
2912 4225 3280 4294 ἁμαρτωλόν.
3299 4225 3431 4296 Ἅμα
3442 4225 3641 4296 ρτωλὸς

308 4326 315 4339 ‘
392 4315 509 4386 ipse
535 4316 742 4386 peccati
778 4314 1029 4369 inventor
1070 4312 1322 4369 Satanas.
1353 4313 1494 4369 Illud
1524 4322 1730 4382 autem,
1762 4332 1800 4369 Ct

2146 4334 2166 4370 ν
2194 4316 2358 4380 αὐτὸς
2388 4317 2417 4370 ὁ
2441 4316 2537 4386 τῆς
2564 4315 2834 4389 ἁμαρτίας
2863 4316 3090 4388 εὑρετὴς
3117 4319 3145 4370 6
3170 4317 3411 4379 Σατανᾶς
3429 4334 3442 4346 ·
3474 4317 3534 4370 τὸ
3559 4317 3638 4384 δὲ,

394 4417 501 4472 tue,
535 4408 774 4476 positum
810 4414 895 4461 est
929 4420 1052 4477 pro,
1089 4403 1337 4460 futurum
1370 4413 1455 4460 est
1485 4414 1545 4459 ut
1570 4405 1886 4462 constituat:

2150 4406 2470 4476 τάστησον,
2500 4409 2619 4462 ἀντῖ¹
2644 4407 2759 4473 τοῦ,
2792 4408 2976 4479 μέλλει
3007 4406 3382 4461 καθίστασθαι.
3401 4406 3642 4462 Ἐπἀὐ-

393 4499 564 4567 Super
606 4515 746 4564 eum,
791 4513 958 4568 super
994 4512 1155 4567 quem
1200 4496 1306 4552 nisi
1350 4497 1683 4567 proditorem
1716 4495 1885 4553 Iudan

2146 4519 2168 4548 ν·
2194 4501 2250 4555 δὲ
2277 4500 2399 4555 τίνα
2437 4500 2472 4571 ἢ
2513 4501 2604 4554 τὸν
2643 4502 2907 4573 προδότην
2952 4499 3185 4565 Ἰούδαν;
3221 4501 3331 4553 Καὶ
3359 4499 3638 4567 διάϐολος

394 4576 465 4642 El
491 4585 732 4640 diabolus
757 4596 856 4641 stet
885 4604 921 4640 a
956 4587 1154 4641 dextris
1179 4586 1316 4655 ejus.
1351 4584 1409 4639 ln
1438 4583 1706 4639 Zacharia
1739 4598 1886 4653 quoq

2143 4592 2259 4660 ήτω
2302 4591 2373 4645 ἐκ
2418 4589 2633 4654 δεξιῶν
2662 4589 2867 4643 αὑτοῦ.
2905 4589 3013 4641 Καὶ
3064 4591 3121 4641 ὲν
3169 4587 3245 4659 τῷ
3294 4588 3537 4659 Ζαχαρία
3579 4588 3635 4640 δέ

393 4673 654 4741 scriptum
697 4681 781 4727 est
812 4673 855 4704 “
888 4692 902 4728 :
934 4671 1003 4726 Et
1048 4675 1274 4728 ostendit
1313 4674 1445 4727 mihi
1484 4673 1744 4727 Dominus
1773 4674 1885 4727 Jest

2145 4695 2223 4731 σι·
2268 4676 2380 4731 Kal
2427 4676 2619 4742 ἔδειξέ
2660 4693 2761 4746 μοι
2804 4679 3018 4746 Κύριος
3058 4676 3291 4745 Ἰησοῦν
3334 4678 3440 4731 τὸν
3478 4678 3637 4744 ἱερέα

391 4761 716 4818 sacerdotem
764 4778 1045 4832 magnum,
1100 4773 1330 4818 stantem
1382 4774 1505 4817 ante
1551 4764 1740 4833 faciem
1787 4779 1883 4833 ang

2140 4785 2167 4818 ν·
2189 4766 2402 4836 μέγαν,
2432 4766 2640 4819 ἑστῶτα
2681 4767 2784 4838 πρὸ
2813 4767 3102 4839 προσώπου
3135 4769 3364 4837 ἀγγέλου
3404 4769 3632 4841 Κυρίου,

392 4854 639 4918 Domini,
679 4864 727 4908 et
751 4854 991 4908 diabolus
1019 4854 1195 4907 stabat
1229 4871 1262 4907 a
1295 4854 1493 4909 dextris
1524 4856 1662 4924 ejus,
1693 4866 1753 4910 ut
1778 4857 1884 4910 adn

2142 4857 2420 4923 ιδιάϐολος
2450 4860 2689 4929 εἱστήκει
2736 4861 2801 4913 ἐκ
2844 4858 3029 4925 δεξιῶν
3058 4860 3242 4923 αὐτοῦ,
3277 4861 3370 4915 τοῦ
3400 4861 3634 4915 ἀντικεῖ-

390 4957 600 5002 saretur
629 4947 750 5016 ipsi.
779 4944 896 5000 Non
926 4947 1247 4998 adversatur
1279 4953 1462 5000 autem
1489 4945 1665 5002 Iudae.

2062 4947 2183 5000 σθαι
2209 4949 2380 5020 αὐτῷ.
2413 4950 2525 5004 Οὐκ
2550 4950 2849 5004 ἀντίκειται
2874 4951 2931 5004 δὲ
2965 4951 3040 5023 τῷ
3076 4953 3263 5025 Ἰούδᾳ.

465 5035 515 5090 7.
542 5033 673 5090 Cum
693 5035 974 5104 judicatur
1011 5040 1162 5086 exeat
1202 5032 1598 5088 condemnatus.
1650 5034 1708 5089 In
1750 5034 1956 5104 futuro,

2141 5039 2238 5093 Ἐν
2271 5038 2350 5106 τῷ
2396 5040 2705 5109 κρίνεσθαι
2745 5042 2929 5097 αὑτὸν
2970 5042 3202 5107 ἐξέλθοι
3245 5039 3628 5109 καταδεδικα-

394 5128 591 5199 inquit,
623 5128 880 5182 tribunali
913 5126 1116 5182 nullam
1147 5126 1369 5182 habebit
1406 5125 1741 5183 defensionis
1787 5130 1886 5184 rati

2137 5129 2408 5198 μένος-,Ἐν
2459 5131 2536 5204 τῷ
2585 5134 2853 5204 μέλλοντι,
2887 5136 3040 5205 φησι,
3076 5134 3409 5205 δικαστηρίῳ
3439 5132 3629 5186 οὐδένα

393 5234 538 5274 nem.
572 5216 642 5272 Et
674 5219 845 5274 oratio
866 5217 980 5288 ejus
1014 5217 1110 5288 ﬁat
1138 5218 1196 5273 in
1233 5226 1523 5287 peccatum.
1558 5217 1790 5284 Quidam
1827 5234 1885 5276 su

2137 5242 2168 5276 ει
2212 5222 2369 5293 λόγον
2409 5224 2723 5294 ἀπολογίας.
2758 5227 2865 5281 Kal
2908 5227 2947 5293 ἡ
2993 5223 3301 5294 προσευχὴ
3332 5222 3517 5279 αὐτοῦ
3544 5240 3629 5295 γε·

391 5324 625 5379 quorum
648 5311 733 5365 vel
754 5311 871 5381 ipsa
888 5310 1063 5366 oratio
1084 5310 1138 5365 in
1163 5317 1444 5380 peccatum
1462 5309 1665 5377 evadit,
1682 5322 1762 5377 ut,
1781 5326 1880 5367 exe

2132 5317 2251 5370 σθω
2273 5316 2361 5382 εις
2390 5314 2701 5386 ἁμαρτίαν.
2732 5317 2851 5370 Elei
2873 5334 3013 5380 τινες
3031 5310 3104 5369 ὧν
3127 5315 3263 5387 αὑτὴ
3291 5317 3323 5387 ἡ
3351 5310 3624 5387 προσευχὴ

391 5401 465 5471 pli
487 5416 674 5467 causa,
699 5403 1005 5473 gentilium,
1035 5403 1129 5473 qui
1161 5401 1321 5458 idolis
1348 5401 1434 5458 vel
1472 5411 1738 5460 creatura
1768 5419 1883 5474 pret

2128 5424 2137 5470 ς
2176 5407 2449 5479 ἁμαρτίαν
2481 5407 2709 5477 γίνεται,
2739 5408 2814 5472 ὡς
2853 5408 3019 5460 ἐθνῶν
3054 5400 3504 5478 προσευχομένων
3545 5404 3620 5454 εί-

389 5492 625 5549 fundunt
653 5511 668 5561 ;
700 5504 755 5550 et
796 5494 1109 5552 Judaeorum
1149 5495 1246 5567 qui
1284 5494 1457 5555 Deum
1501 5496 1724 5567 quidem
1771 5511 1881 5552 oral

2132 5496 2300 5570 λοις.ἢ
2326 5501 2391 5572 τῇ
2421 5498 2593 5553 κτίσει
2613 5516 2625 5529 ’
2655 5500 2747 5552 καὶ
2788 5497 3053 5553 Ἰουδαίων
3084 5499 3142 5551 οὐ
3174 5496 3260 5549 διὰ
3294 5493 3466 5565 Ἰησοῦ
3487 5490 3624 5565 Χρι-

479 5669 502 5704 ¹
538 5666 700 5726 lach.
728 5687 808 5728 ιιι.
837 5674 879 5729 i.
