3778 6276
137 297 243 355 ιετ
1273 295 1633 353 EXPOSI’I‘IO
1670 296 1734 351 IN
1775 297 2106 360 PSALMUM
2144 304 2324 364 CVIII.
3290 316 3397 377 ιδε

138 414 270 469 ποῦ
306 411 774 483 προσευχομένων
806 410 882 481 τῷ
906 406 1023 482 Θεῷ
1041 428 1053 444 ο
1078 412 1168 466 καὶ
1193 414 1480 484 αἱρετικῶν
1496 415 1717 485 εὐχομέ-

1839 418 1930 472 sed
1962 436 2071 475 non
2098 436 2193 490 per
2209 419 2392 477 Jesum
2418 421 2693 478 Christum
2727 442 2742 491 ;
2774 441 2983 482 necnon
3015 429 3397 491 hereticorum

140 526 248 560 ων
281 503 420 575 Θεῷ
445 505 552 557 οὐκ
569 503 681 556 ὄντι
698 520 710 533 ·
739 504 833 555 καὶ
853 503 1296 575 προσευχομένων
1322 506 1377 559 δὲ
1406 510 1545 576 μετὰ
1568 508 1717 579 ὀργῆς

1839 510 1929 579 qui
1952 509 2121 567 Deum
2144 527 2251 567 non
2268 529 2396 569 vere
2423 514 2772 572 exsistentem
2797 531 2957 575 orant
2987 540 3001 577 :
3042 524 3169 580 item
3198 542 3390 584 eorum

140 600 231 652 καὶ
265 597 359 650 διὰ
386 594 750 666 λογισμῶν,ἢ
781 595 1103 666 διψυχίας,ή
1132 599 1403 669 προσευχὴ
1426 598 1634 667 γίνεται
1658 603 1717 664 είς

1839 602 2090 670 quicum
2140 604 2220 658 ira
2265 613 2321 660 et
2367 588 2793 675 cogitationibus
2830 612 3042 679 alienis,
3091 619 3173 671 vel
3208 612 3392 676 animo

139 688 448 761 ἁμαρτίαν.
1835 686 2034 758 duplici
2072 702 2384 760 precantur,
2420 697 2593 751 oratio
2621 696 2679 751 lit
2712 700 2765 753 in
2799 711 3102 769 peccatum.

204 778 675 846 Γενηθήτωσαν
705 780 764 830 αἱ
802 776 1009 847 ἡμέραι
1040 776 1226 832 αὑτοῦ
1272 780 1486 851 ὀλίγαι.
1520 782 1717 847 Εὐθέως

1905 780 1959 834 8.
2001 780 2167 837 Fiant
2206 786 2316 839 dies
2370 786 2483 851 eius
2541 791 2719 856 pauci.
2758 790 2893 846 Nam
2938 798 3119 852 statim
3158 815 3189 853 a
3216 804 3401 870 prodi-

113 872 248 943 ατὰρ
276 870 431 941 μετὰ
459 870 564 940 τὴν
589 869 876 941 προδοσίαν
906 869 1107 942 ἀγχόνῃ
1140 872 1325 925 ἑαυτὸν
1353 876 1717 947 μεταχειρίσας

1839 870 2002 935 tione,
2032 873 2224 943 laqueo
2251 891 2309 930 se
2337 876 2638 945 praeiecans
2682 882 2908 949 interiit,
2944 901 3043 941 nec
3077 869 3229 944 ultra
3250 894 3402 947 visus

139 964 466 1034 ἀπηλλάγη,
497 963 592 1015 καὶ
622 962 722 1015 οὐκ
756 964 947 1033 ἐφάνη.
986 962 1095 1016 Καὶ
1118 963 1233 1030 τὴν
1259 965 1602 1035 ἐπισκοπὴν
1626 972 1717 1022 αὺ-

1839 969 1936 1015 est.
1964 961 2033 1015 Et
2058 966 2414 1034 episcopatum
2459 968 2574 1038 ejus
2618 974 2841 1042 accipiat
2874 970 3028 1032 alter.
3061 978 3137 1035 De
3179 981 3401 1038 Matthia

138 1055 247 1108 τοῦ
273 1052 465 1107 λάϐοι
501 1051 725 1117 ἔτερος.
767 1052 904 1122 Περὶ
932 1050 1026 1104 τοῦ
1057 1052 1298 1105 Ματθίου
1335 1056 1529 1125 φησίνο
1573 1058 1717 1123 αὐτὸς

1839 1053 2098 1123 loquitur,
2126 1058 2219 1126 qui
2256 1058 2321 1112 ad
2348 1063 2725 1130 apostolorum
2758 1068 2962 1122 clerum
2983 1070 3211 1140 justitia:
3235 1091 3400 1131 causa

138 1148 248 1213 γὰρ
264 1142 540 1213 ἐλογίσθη
563 1146 643 1206 εἰς
658 1143 1000 1215 δικαιοσύνην
1026 1146 1108 1209 είς
1136 1146 1226 1199 τὸν
1250 1146 1449 1217 κλῆρον
1476 1148 1583 1202 τῶν
1605 1153 1717 1204 ἀπο

1839 1145 2060 1202 allectus
2090 1160 2191 1204 est.

138 1236 369 1288 radium.

201 1324 668 1393 Γενηθήτωσαν
692 1327 746 1378 al
774 1324 891 1378 υἱοὶ
916 1325 1099 1379 αὐτοῦ
1125 1327 1393 1396 ὀρφανοί.
1428 1328 1546 1383 Υἱοὶ
1574 1331 1621 1381 οἱ
1649 1328 1717 1382 λος

1906 1321 2080 1387 9,10.
2125 1325 2290 1382 Fiunt
2338 1331 2440 1399 ﬁlii
2486 1333 2598 1401 ejus
2644 1336 2886 1398 orpltani.
2938 1338 3057 1393 Filii
3116 1353 3246 1397 sunt
3282 1345 3401 1415 ejus

134 1419 323 1488 τις-μοὶ
353 1415 534 1469 αὑτοῦ
556 1433 571 1446 ’
599 1416 824 1485 ὀρφανοὶ
858 1415 964 1487 γὰρ
995 1416 1241 1484 ἐγένοντο
1267 1419 1374 1473 ἀπὸ
1395 1419 1495 1489 τῆς
1515 1420 1717 1491 χάριτος

1839 1415 2187 1484 cogitationes
2215 1439 2228 1474 :
2257 1425 2487 1491 orphaui
2524 1441 2761 1497 namque
2793 1431 2966 1499 gratia
2990 1432 3195 1488 Christi
3227 1433 3398 1490 fuere.

134 1509 222 1563 τοῦ
265 1507 552 1579 Χριστοῦ.
598 1506 739 1577 Γυνὴ
770 1506 826 1559 δὲ
850 1509 883 1576 ὴ
914 1505 1058 1578 ψυχὴ
1098 1508 1262 1561 αὑτοῦ
1282 1526 1296 1540 ·
1337 1511 1599 1580 ἐχήρευσε
1624 1511 1717 1582 γὰρ

1839 1504 1984 1562 Uxor
2028 1520 2233 1577 autem,
2269 1513 2390 1583 ejus
2426 1524 2512 1570 est
2556 1518 2759 1585 atiima,
2796 1536 2920 1574 nam
2964 1533 3019 1577 et
3072 1526 3188 1593 ipsa
3237 1526 3401 1581 vidua

137 1604 221 1655 καὶ
248 1602 401 1670 αὐτὴ
434 1600 755 1652 ἐκπεσοῦσα
777 1599 885 1652 ἀπὸ
918 1599 1013 1652 τοῦ
1038 1600 1273 1670 Χριστοῦ
1308 1600 1397 1654 διὰ
1423 1602 1520 1673 τῆς
1551 1619 1729 1673 παρα-

134 1693 349 1761 νομίας.
387 1692 802 1758 Σαιευόμειόι
827 1688 1285 1757 μπαναστήτωο
1298 1706 1375 1743 αν
1399 1693 1452 1744 al
1476 1691 1593 1744 υίοί
1623 1694 1729 1746 αὺ-

1832 1598 1933 1653 l‘uit
1960 1600 2108 1671 lapsa
2150 1619 2181 1659 a
2215 1605 2434 1661 Christo
2460 1624 2557 1677 per
2595 1612 2939 1680 iniquitatem
2975 1630 3152 1671 suam.
3193 1615 3405 1672 Nutan-

1834 1699 1907 1744 tes
1929 1694 2321 1764 transferantur
2345 1699 2447 1767 lilii
2481 1701 2595 1769 ejus
2618 1714 2666 1756 et
2691 1705 3001 1761 mendicent.
3035 1706 3404 1779 Cogitationes

135 1785 233 1838 τοῦ
280 1782 392 1836 καί
437 1780 968 1847 ἐπαιτησὰτωσαν.
1002 1783 1064 1834 Oi
1097 1780 1205 1853 γὰρ
1252 1782 1498 1853 λογισμοὶ
1542 1782 1717 1848 αὐτοῦ,

1839 1782 1974 1835 enim
2008 1784 2150 1852 ejus,
2181 1802 2322 1856 quas
2351 1803 2474 1843 esse
2513 1790 2658 1846 tilios
2678 1794 2799 1862 ejus
2824 1795 3087 1862 diximus,
3118 1812 3147 1851 a
3178 1796 3400 1853 Christo

132 1873 217 1938 οὓς
264 1874 499 1944 ξςραμεν
549 1866 690 1927 εἶναι
743 1873 915 1936 υἱοὺς,
950 1873 1282 1944 μετανάσται
1314 1876 1590 1946 γενόμενοι
1618 1877 1728 1929 ἀπὸ

131 1966 217 2020 τοῦ
241 1963 527 2035 Χριστοῦ,
566 1965 648 2025 είς
674 1962 772 2035 τὴν
797 1963 1155 2035 φιλαργυρίαν
1186 1968 1341 2036 χεῖρα
1364 1963 1630 2031 ἐξέτειναν
1649 1969 1728 2032 είς

130 2055 190 2110 to
212 2054 520 2127 ἀργύριον,
552 2053 630 2116 ὡς
651 2052 849 2117 ἐνδεεῖς
877 2055 969 2107 καὶ
999 2058 1309 2126 προσαίται.

206 2147 661 2215 Ἀναμνησθείη
707 2147 746 2214 ἡ
794 2146 1046 2214 ἁμαρτία
1088 2144 1207 2200 τῶν
1237 2145 1507 2216 πατέρων
1542 2147 1727 2201 αὐτοῦ

130 2237 335 2291 ιγαντι
369 2237 627 2305 Κυρίου.
659 2236 832 2290 Αὑτοῦ
874 2237 969 2290 τοῦ
1014 2238 1173 2291 λαοῦ·
1224 2240 1483 2292 συνάπτει
1517 2238 1624 2309 γὰρ
1647 2237 1727 2309 τῷ

132 2331 369 2401 προδότῃ
404 2329 503 2382 τὸν
537 2329 855 2400 παράνομον
883 2330 1030 2384 λαόν.
1049 2330 1302 2402 Ἀνομίαν
1325 2331 1381 2383 δὲ
1405 2330 1512 2384 τῶν
1557 2332 1725 2384 πατέ-

132 2438 236 2493 ρων
260 2418 425 2490 λέγει
461 2419 524 2471 τὸ
558 2420 873 2474 ἀποκτεῖναι
901 2424 1025 2484 τοὺς
1055 2423 1358 2493 προφήτας,
1390 2423 1530 2476 κατὰ
1554 2423 1615 2476 τὸ
1646 2425 1725 2476 εί·-

131 2515 372 2586 ρημένον
421 2512 536 2566 ὑπὸ
585 2512 693 2566 τοῦ
725 2513 929 2585 Κυρίου
951 2531 962 2544 ·
989 2514 1074 2566 ὅτι
1107 2516 1215 2568 πᾶν
1244 2509 1380 2585 αἷμα
1406 2514 1612 2569 δίκαιον
1634 2518 1726 2569 ὲκ-

129 2609 438 2677 ιυνὸμενον
487 2604 599 2657 ἀπὸ
636 2603 732 2658 τοῦ
762 2603 926 2656 Ἅϐελ
949 2603 1054 2668 ἕως
1083 2606 1350 2676 Ζαχαρίου
1388 2605 1483 2659 τοῦ
1513 2609 1726 2679 προφή-

127 2712 216 2748 του
263 2694 699 2765 ὲκδικηθήσεται
748 2695 855 2748 ἀπὸ
902 2696 1002 2766 τῆς
1043 2699 1234 2765 γενεᾶς
1280 2696 1500 2769 ταύτης.
1542 2700 1650 2753 Kal
1684 2701 1723 2769 ἡ

127 2785 391 2854 ἁμαρτία
430 2785 548 2853 τῆς
582 2784 813 2854 μητρὸς
844 2786 1029 2840 αὑτοῦ
1051 2787 1137 2856 μὴ
1169 2788 1567 2857 ἐξαλειφθείη.
1599 2791 1722 2861 Μη-

128 2879 264 2951 τέρα
309 2878 414 2932 τοῦ
458 2878 758 2943 δυσσεϐοῦς
803 2878 930 2932 λαοῦ
960 2882 1060 2951 τὴν
1094 2881 1334 2952 πονηρὰν
1358 2883 1571 2952 ἐκείνην
1595 2885 1723 2954 νοή-

130 2988 242 3036 est;
270 2969 633 3041 συναγωγὴν,
682 2968 780 3041 τὴν
826 2970 1083 3036 πολλάκις
1109 2973 1605 3045 παραπικράνασαν
1632 2975 1723 3028 τὸν

128 3063 276 3118 Θεόν.

1830 1883 2072 1938 remotae,
2111 1890 2220 1946 prae
2256 1879 2486 1935 avaritia
2522 1881 2587 1936 ad
2628 1885 2915 1952 pecuniam
2960 1876 3183 1942 manum
3206 1896 3398 1944 exten-

1828 1966 2045 2035 derunt,
2073 1977 2133 2023 ut
2159 1971 2315 2041 egeni
2349 1981 2403 2025 et
2444 1974 2698 2028 mendici.

1895 2148 1982 2201 M.
2018 2147 2083 2203 In
2105 2152 2412 2205 memoriam
2445 2154 2624 2207 redeat
2658 2157 2911 2225 iniquitas
2944 2167 3154 2225 patrum
3186 2158 3296 2224 eius
3337 2162 3393 2215 in

1827 2247 2110 2307 conspectu
2133 2238 2370 2294 Domini.
2392 2240 2585 2312 Populi
2617 2244 2787 2313 ipsius
2816 2246 3062 2301 videlicet
3088 2266 3103 2313 ;
3130 2249 3397 2318 proditori

1826 2343 2062 2398 namque
2094 2331 2563 2399 praevaricatorem
2590 2335 2849 2404 populum
2878 2336 3143 2409 adjungit.
3180 2339 3391 2411 Iniqui-

1824 2427 1990 2475 tatem
2023 2431 2203 2477 autem
2234 2432 2449 2492 patrum
2475 2425 2626 2490 dicit,
2655 2428 2799 2496 quod
2835 2428 3136 2484 occiderint
3161 2434 3395 2502 prophe-

1827 2518 1933 2574 tas,
1963 2510 2115 2580 juxta
2142 2511 2273 2567 illud
2300 2513 2513 2569 Domini
2545 2517 2749 2572 dictum
2777 2520 2842 2584 “,
2872 2520 3016 2590 quod
3045 2523 3252 2578 scilicet
3276 2540 3396 2578 om-

1825 2602 1912 2656 nis
1939 2603 2221 2672 sanguinis
2246 2604 2381 2674 justi
2410 2607 2564 2663 ell‘usi
2589 2611 2658 2664 ab
2694 2611 2861 2667 Abele
2892 2628 3066 2682 usque
3094 2612 3161 2669 ad
3189 2612 3395 2670 Zacha-

1825 2693 1962 2746 riam
1990 2695 2309 2765 prophetam
2342 2713 2503 2767 pmna
2535 2701 2798 2755 sumenda
2831 2702 2901 2756 sit
2927 2704 2996 2757 ab
3024 2704 3125 2759 hac
3167 2720 3395 2776 genera-

1823 2786 1993 2841 tione.
2030 2784 2095 2839 Et
2118 2797 2388 2856 peccatum
2412 2792 2601 2845 matris
2629 2791 2744 2861 ejus
2764 2809 2867 2847 non
2884 2794 3145 2851 deleatur.
3165 2794 3390 2853 Matrem

1824 2876 1975 2946 impii
1997 2878 2204 2947 populi,
2225 2880 2531 2950 improbam
2558 2882 2703 2936 illam
2734 2882 3074 2957 Synagogam
3101 2888 3393 2960 intelligas,

1823 2983 1945 3039 qua:
1972 2969 2293 3042 plerumque
2322 2970 2490 3028 Deum
2514 2975 2877 3045 exasperavit.

198 3154 536 3223 Γενηθήτω
569 3155 847 3209 ἐναντίον
866 3155 1085 3224 Κυρίου
1104 3154 1460 3223 διαπαντόςυ
1489 3157 1589 3213 καί
1627 3156 1717 3224 ἐξ·-

1897 3150 1984 3207 15.
2029 3151 2153 3207 Fiat
2182 3164 2368 3208 contra
2397 3153 2699 3209 Dominum'
2718 3175 2919 3229 semper
2949 3169 2999 3215 et
3028 3161 3290 3231 dispereat
3329 3165 3394 3218 de

129 3246 524 3315 ολοθρευθείη
546 3246 616 3299 ἐκ
637 3244 750 3315 γῆς
776 3245 843 3300 τὸ
865 3247 1263 3319 μνημόσυνον
1303 3248 1520 3305 αὐτῶν.
1558 3252 1720 3317 Ὅσα,

133 3338 292 3407 φησιν
313 3378 331 3400 ,
363 3338 684 3408 ἐτόλμησαν
716 3337 803 3391 ἀεὶ
828 3336 1098 3409 θεώμενος
1129 3339 1158 3390 ὁ
1189 3336 1321 3402 Θεὸς
1346 3334 1600 3411 οὐδεμιᾶς
1626 3341 1723 3394 αὐ·-

132 3428 223 3481 τοῦ
252 3427 493 3495 ἀξιώσει
528 3426 744 3498 φειδοῦς
764 3445 776 3458 ·
826 3429 903 3492 ὡς
935 3429 1063 3498 περὶ
1092 3428 1308 3492 πάντων
1340 3429 1398 3483 δι
1440 3430 1547 3484 τῶν
1589 3434 1722 3508 ὴπι-

137 3520 440 3589 στηκὸτων.
496 3518 610 3571 Καὶ
636 3520 698 3571 οὐ
732 3518 891 3590 μόνον
919 3518 1092 3587 λέγων
1135 3519 1333 3572 Ἰούδαν
1354 3559 1368 3583 ,
1398 3520 1464 3573 τὸ
1492 3523 1724 3592 μνημό-

132 3627 328 3666 συνον
354 3608 589 3675 αὐτῶν,
621 3609 724 3680 ἔφη
760 3609 1154 3680 πληθυντικῶς.
1192 3610 1383 3679 Δέγοις
1431 3613 1475 3665 δ’
1523 3612 1590 3666 ἂν
1629 3615 1722 3667 καὶ⁵

136 3701 304 3767 ἄλλως
330 3700 590 3771 πατέρας
620 3700 789 3754 Ἰούδα
809 3701 933 3765 τοὺς
956 3700 1095 3754 κατὰ
1111 3701 1398 3772 προδοσίαν
1418 3703 1578 3755 αὐτὸν
1600 3719 1723 3771 γεν-

135 3794 426 3865 νήσαντας.
458 3784 622 3846 Οὗτοι
644 3791 689 3846 δ’
713 3790 780 3845 ἂν
810 3789 919 3847 εἷεν
942 3793 992 3845 oi
1013 3792 1103 3846 διὰ
1122 3792 1232 3845 τῶν
1259 3792 1536 3865 ἀργυρίων
1559 3795 1720 3850 αὑτὸν

135 3886 623 3957 παρορμήσαντες.
658 3883 769 3938 Καὶ
796 3884 1013 3955 πρῶτος
1038 3887 1067 3938 ὁ
1094 3884 1343 3954 ἐμϐαλὼν
1368 3886 1467 3958 τὴν
1495 3886 1720 3958 καρδίαν

136 3978 298 4031 αὑτοῦ
329 3978 606 4040 Σατανᾶς,
624 3976 717 4029 καὶ
736 3977 783 4028 οἱ
808 3974 1018 4046 ἔχοντες
1050 3977 1239 4046 σοφίαν
1268 3976 1454 4030 τούτου
1475 3978 1569 4031 τοῦ
1594 3978 1722 4032 αξῶ-

136 4087 219 4133 νος
244 4071 544 4141 ἄρχοντες,
569 4069 695 4139 περὶ
721 4061 793 4121 ὧν
815 4070 842 4120 ὁ
867 4068 1078 4132 Παῦλός
1103 4086 1265 4141 φησιν
1285 4086 1299 4100 ⁸
1316 4072 1383 4122 Εί
1409 4071 1517 4140 γὰρ
1537 4070 1719 4141 ἔγνω..

135 4177 275 4222 σαν,
308 4161 386 4214 οὐ
409 4160 636 4235 Κύριον
667 4158 776 4227 τῆς
808 4158 992 4227 δόξης
1026 4161 1434 4229 ἐσταύρωσαν.
1490 4163 1597 4217 Καὶ
1625 4164 1720 4229 ἐξ-

136 4250 524 4319 ολοθρευθείη
549 4252 617 4304 ἐκ
643 4249 755 4320 γῆς
779 4250 842 4303 τὸ
862 4253 1259 4319 μνημόσυνον
1278 4253 1482 4306 αὑτοῦ.
1498 4253 1571 4306 Τὸ
1585 4271 1721 4324 μνηη

139 4340 372 4409 μισ-»νον
402 4338 572 4393 αὐτοῦ
601 4337 695 4391 τοῦ
737 4338 904 4393 Ἰούδα
938 4339 1099 4409 φησίν
1121 4358 1133 4370 ο
1164 4341 1196 4412 ἢ
1240 4341 1335 4395 καὶ
1362 4340 1535 4404 ἄλλως
1554 4379 1569 4404 ,
1609 4341 1719 4395 τῶν

140 4431 422 4503 ἀρχόντων
476 4429 699 4483 ἐκείνων
744 4430 854 4484 τῶν
912 4430 1051 4483 κατὰ
1100 4430 1334 4501 Χριστοῦ
1386 4431 1713 4486 συστάντων.

139 4522 272 4578 Οὑὸὶ
317 4523 435 4593 γὰρ
485 4522 706 4593 σπέρμα
748 4521 925 4577 αὐτῶν
982 4522 1195 4594 ἔμεινεν
1242 4524 1321 4588 εἰς
1379 4523 1717 4594 μνημόσυνον

140 4613 339 4668 αὐτῶν.

218 4704 369 4760 Ἀνθ⁴
392 4698 485 4758 ὧν
506 4706 619 4758 οὐκ
640 4702 911 4773 ἐμνήσθη
935 4702 1180 4772 ποιῆσαι
1204 4705 1393 4770 ἕλεος.
1446 4703 1520 4757 Τὸ
1546 4704 1713 4769 ἕλεος.

141 4796 327 4866 φησὶν,
351 4795 456 4848 οὐκ
482 4794 713 4864 ἠθέλησε
742 4792 995 4857 δέξασθαι
1018 4794 1047 4848 ὃ
1077 4794 1303 4848 δέδωκεν
1325 4795 1354 4846 ὁ
1388 4793 1577 4867 Πατὴρ
1604 4798 1715 4861 τοῖς

140 4883 472 4956 ἀνθρώποις,
504 4884 599 4937 καὶ
622 4884 759 4955 πρὸς
785 4888 898 4948 τοῖς
927 4885 1110 4948 αὐτοῖς
1131 4886 1242 4947 τοῖς
1263 4883 1563 4939 ἀπολωλόσι
1584 4903 1718 4957 προ-

140 4973 329 5038 ϐάτοις
358 4973 455 5027 τοῦ
499 4971 736 5045 Ἰσραήλ.
769 4973 841 5026 Τὸ
863 4973 1003 5046 γὰρ,
1035 4974 1287 5046 ποιῆσαι,
1317 4975 1437 5027 ἀντὶ
1464 4972 1560 5028 τοῦ
1580 5016 1596 5040 ,
1626 4974 1714 5028 δέ·

141 5068 333 5133 ξασθαι
348 5107 365 5131 ,
405 5066 671 5120 τέθεικεν.

206 5160 319 5215 Καὶ
347 5158 710 5224 κατεδίωξεν
734 5159 1045 5228 ἄνθρωπον
1075 5158 1304 5223 πένητα
1334 5156 1429 5210 καί
1454 5158 1712 5225 πτωχόν.

140 5252 310 5306 λῦτόν
332 5269 467 5322 φησι
493 5252 586 5306 τὸν
606 5251 829 5323 Κύριον,
849 5252 913 5317 ὃς
934 5249 1273 5317 ἐπτώχευσε
1297 5250 1588 5314 πλούσιος
1610 5246 1712 5311 ὢν,

142 5341 215 5396 ἶν’
249 5344 420 5412 ἡμεῖς
462 5341 539 5411 τῇ
577 5342 766 5398 αὑτοῦ
795 5342 1054 5410 πτωχείᾳ
1097 5338 1549 5408 πλουτήσωμεν.
1604 5338 1715 5394 Καὶ

143 5435 664 5508 κατανενυγμένον
683 5433 759 5503 τῇ
788 5433 1000 5503 καρδίᾳ
1028 5431 1133 5487 τοῦ
1161 5430 1516 5487 θανατῶσαι.
1568 5429 1715 5485 ’Δντὶ

1825 3252 1970 3298 terra
2009 3246 2259 3299 memoria
2305 3262 2507 3303 eorum.
2568 3247 2734 3314 Cum,
2785 3250 2981 3319 inquit,
3034 3251 3177 3311 Deus
3210 3258 3393 3311 omnia

1818 3334 1941 3405 ejus
1972 3334 2216 3391 facinora
2242 3352 2456 3407 semper
2486 3337 2714 3406 viderit,
2755 3342 3065 3399 nullatenus
3108 3346 3395 3401 miserabi-

1821 3433 1914 3481 tur
1940 3442 2089 3494 eum,
2124 3428 2348 3497 perinde
2373 3439 2535 3499 atque
2559 3444 2749 3487 omnes
2776 3434 2869 3502 qui
2895 3450 3000 3489 non
3023 3437 3389 3493 crediderunt.

1821 3514 2010 3586 Neque
2038 3517 2182 3571 enim
2215 3519 2282 3573 de
2314 3519 2433 3574 solo
2458 3517 2597 3573 Julia
2632 3521 2894 3590 loquitur,
2930 3539 3053 3578 cum
3087 3526 3387 3595 pluraliter,
3426 3595 3437 3604 .

1823 3608 2078 3661 memoria
2127 3623 2329 3673 eorum,
2379 3609 2614 3665 dicatur.
2664 3611 2785 3665 Alio
2853 3615 3013 3667 modo
3056 3616 3163 3670 dici
3216 3628 3392 3686 potest

1821 3710 2004 3770 patres
2037 3697 2189 3755 Iuda:
2236 3701 2487 3769 indicari,
2525 3703 2619 3771 qui
2655 3704 2720 3757 ad
2770 3702 3133 3775 proditionem
3179 3725 3384 3779 genue.

1822 3798 1951 3844 runt
1978 3789 2151 3843 illum.
2205 3787 2271 3843 Hi
2324 3797 2506 3844 autem
2544 3790 2766 3859 fuerint,
2821 3795 2914 3864 qui
2961 3812 3056 3865 per
3102 3808 3391 3870 argenteus

1822 3879 2178 3948 perpulerunt
2217 3878 2393 3933 illum.
2428 3880 2494 3933 Et
2525 3880 2734 3949 primus
2781 3884 2971 3938 eorum
3026 3883 3256 3943 Satanas
3285 3901 3388 3955 est,

1821 3972 1916 4041 qui
1954 3971 2182 4027 immisit
2212 3971 2267 4024 in
2298 3986 2392 4025 cor
2411 3971 2550 4041 ejus,
2581 3988 2790 4027 necnon
2829 3977 3099 4047 principes
3125 3979 3390 4048 sapientia

1821 4062 2030 4131 praediti
2060 4062 2289 4132 hujusce
2311 4063 2522 4130 mundi,
2547 4064 2613 4120 de
2635 4065 2834 4132 quibus
2863 4066 2941 4121 ait
2965 4066 3167 4124 Paulus
3199 4088 3212 4123 :
3247 4068 3389 4123 Nam

1820 4155 1867 4207 si
1898 4156 2279 4224 cognovissent,
2315 4173 2582 4228 nunquam
2625 4159 2909 4213 Dominum
2957 4163 3143 4230 gloria:
3180 4163 3391 4231 cruciﬁ—

1818 4250 2023 4300 xissent
2043 4246 2107 4300 ³³.
2137 4246 2204 4299 Et
2237 4248 2501 4317 dispereat
2523 4249 2587 4303 de
2608 4260 2745 4302 terra
2770 4252 3021 4303 memoria
3048 4268 3245 4303 eorum.
3280 4251 3392 4307 Me-

1821 4337 1994 4390 moria
2044 4336 2198 4392 Judre
2246 4340 2491 4403 scilicet;
2552 4349 2647 4394 aut
2691 4341 2800 4393 alio
2847 4341 3031 4405 modo,
3082 4342 3388 4411 principum

1820 4443 2010 4483 eorum
2052 4429 2144 4499 qui
2192 4430 2452 4485 adversus
2496 4430 2776 4485 Christum
2808 4446 2917 4484 una
2961 4440 3246 4489 steterunt.
3280 4432 3386 4491 Νε-

1822 4534 1929 4590 que
1982 4521 2126 4575 enim
2161 4536 2345 4577 semen
2390 4535 2578 4575 eorum
2634 4523 2898 4577 remansit
2945 4523 3012 4578 ad
3067 4529 3389 4585 memoriam

1820 4626 2009 4666 eorum
2020 4652 2031 4664 .

1897 4702 1982 4756 16.
2018 4701 2128 4755 Pro
2159 4719 2217 4756 eo
2256 4701 2395 4773 quod
2423 4718 2526 4755 non
2555 4711 2631 4757 est
2671 4706 2975 4761 recordatus
3015 4707 3188 4774 facere
3234 4710 3392 4764 mise-

1829 4793 2136 4847 ricordiam.
2163 4790 2370 4857 Noluit,
2400 4793 2597 4862 inquit,
2639 4794 3073 4853 misericordiam
3120 4799 3387 4868 accipere,

1822 4900 1985 4955 quam
2012 4881 2161 4939 dedit
2196 4882 2356 4939 Pater
2401 4884 2738 4953 hominibus,
2788 4897 2840 4943 et
2877 4889 3012 4959 ipsis
3045 4890 3236 4944 ovibus
3270 4906 3392 4960 qua:

1822 4975 2097 5047 perierant
2122 4989 2191 5029 ex
2225 4971 2412 5030 Israel.
2462 4972 2621 5042 Nam,
2656 4974 2854 5044 facere,
2907 4978 2998 5034 hic
3040 4979 3277 5049 positum
3310 4989 3394 5034 est

1822 5081 1940 5136 pro.
1977 5065 2244 5135 accipere.

1891 5157 1979 5211 17.
2013 5155 2082 5211 Et
2126 5166 2425 5227 persecutus
2452 5166 2531 5212 est
2561 5156 2822 5211 hominem
2865 5159 3069 5227 inopem
3117 5169 3165 5212 et
3192 5161 3389 5214 mendi-

1821 5264 1959 5303 cum.
1988 5247 2169 5319 Ipsum
2220 5249 2297 5303 ait
2327 5247 2642 5314 Dominum,
2693 5249 2784 5319 qui
2834 5248 3008 5317 factus
3065 5258 3142 5303 est
3191 5265 3389 5321 pauper

1821 5358 1939 5396 cum
1969 5341 2110 5395 dives
2139 5348 2290 5405 esset,
2323 5349 2379 5394 ut
2417 5355 2510 5393 nos
2561 5339 2674 5409 ejus
2698 5339 2880 5407 inopia
2922 5340 3291 5398 ditesceremus
3323 5343 3388 5399 “.

1822 5432 1891 5488 Et
1926 5441 2292 5504 compunctum
2317 5431 2472 5487 corde
2495 5429 2835 5501 mortiﬁeare.
2868 5430 2927 5488 Id
2948 5442 3052 5501 est,
3077 5434 3385 5506 dolentem;

213 5677 457 5738 “Ilatth.
490 5694 651 5757 tam,
684 5678 774 5734 55.
851 5675 938 5731 "I
958 5675 1083 5732 Cor.
1119 5693 1179 5744 ιι,
1205 5677 1259 5733 8.
1336 5677 1379 5709 ⁸⁸
1406 5674 1448 5731 II
1481 5673 1606 5731 Cor.
1641 5687 1760 5742 vni,
1790 5672 1844 5728 9.

474 5774 747 5835 PATIOL.
780 5771 898 5835 GI.
934 5771 1199 5834 XXVII.

3026 5765 3103 5827 15
