3778 6276
408 305 513 360 659

1237 294 1293 349 S.
1334 293 1703 351 ATHANASII
1751 294 1898 352 OPP.
1938 297 2118 352 PARS
2160 296 2246 351 111.
2292 329 2358 340 ο-
2396 295 2785 358 EXEGETICA

3532 299 3650 359 460

405 418 619 476 dolebat
655 416 800 472 enim
828 415 1016 471 videns
1042 429 1232 470 eorum
1261 416 1578 485 perniciem.
1616 415 1773 471 Hunc.
1806 416 1972 488 igitur

2120 415 2166 469 >ὖ
2186 457 2200 481 ,
2225 416 2560 487 λυπούμενον
2579 432 2593 446 ’
2648 414 2894 469 ἐλυπεῖτο
2919 409 3027 483 γάρ
3056 409 3198 483 ὁρῶν
3223 409 3401 467 αὐτῶν
3422 411 3521 485 τὴν
3543 415 3667 469 ἀπ-

402 512 494 586 qni
526 519 748 583 propter
780 524 874 564 eos
906 508 1123 563 dolebat
1152 508 1220 563 ad
1244 518 1473 564 mortem
1505 509 1839 579 qurerebant.

475 695 655 759 £8.19.
673 694 742 748 Et
757 692 943 748 dilexit
960 690 1472 747 maledictionem....
1488 704 1537 746 et
1556 692 1731 747 induit
1747 692 1969 747 maledi-

396 789 621 842 ctionem
665 788 801 841 sicut
834 786 1215 840 vestimentum.
1261 782 1513 850 Quando,
1560 784 1756 854 inquit,
1804 785 1965 839 linem

398 881 657 935 facientes
687 893 775 933 me
803 875 1178 942 benedicendi,
1222 876 1556 931 maledicunt
1600 875 1731 930 mihi
1780 876 1964 946 quoti-

395 974 482 1028 die
510 992 524 1027 :
563 972 615 1028 id
654 987 891 1042 namque
924 970 992 1024 ad
1019 971 1163 1024 hunc
1196 983 1371 1039 usque
1394 968 1538 1024 diem
1564 966 1735 1023 Judaei
1763 978 1963 1038 agunt;

396 1066 517 1121 ideo
552 1065 737 1120 omnia
776 1063 1028 1134 superius
1061 1072 1362 1118 memorata
1397 1061 1650 1117 evenient
1696 1061 1851 1131 ipsis.
1893 1059 1962 1115 Et

394 1160 607 1213 intravit
660 1159 794 1213 sicut
839 1173 976 1228 aqua
1029 1157 1084 1210 in
1141 1157 1395 1210 interiora
1455 1154 1588 1223 ejus.
1628 1152 1749 1208 Non
1801 1153 1964 1208 modo

393 1252 539 1306 enim
568 1249 810 1305 exterius
843 1249 937 1303 sed
959 1248 1121 1304 etiam
1164 1247 1393 1302 interius
1428 1245 1840 1301 circumsistunt
1864 1260 1963 1299 nos

394 1343 536 1397 mala
572 1340 912 1396 inundantia.
964 1338 1035 1395 Et
1073 1339 1209 1393 sicut
1259 1339 1428 1393 oleum
1471 1340 1524 1391 in
1563 1338 1766 1391 ossibus
1797 1336 1957 1420 .ejus.

391 1433 581 1490 Oleum
604 1435 745 1488 enim
773 1432 935 1487 habet
965 1431 1214 1487 stabilem
1257 1431 1654 1486 humiditatem.
1693 1428 1959 1485 Malorum

392 1541 559 1596 porro
588 1524 876 1581 colluviem
903 1524 1057 1579 dicit.
1082 1523 1362 1593 Siquidem
1391 1538 1533 1593 aqua
1562 1521 1959 1577 vehementiam

389 1619 651 1684 denotat;
690 1617 869 1672 oleum
891 1625 1072 1671 autem
1108 1615 1482 1670 stabilitatem.
1524 1611 1736 1680 Quibus
1783 1613 1961 1684 inquit

2069 508 2280 563 ώλειαν.
2304 508 2504 563 Τοῦτον
2532 504 2625 562 οὖν
2650 508 2742 562 τὸν
2769 505 2837 561 δι’
2853 505 3048 569 αὐτοὺς
3069 503 3403 576 λυπούμενον
3424 505 3664 562 ἐδίωκον

2069 600 2393 654 θανατῶσαι.

2148 692 2259 748 Καὶ
2277 692 2556 763 ἠγάπησε
2583 692 2850 762 κατάραν
2885 731 2901 748 .
2929 733 2943 747 .
2974 734 2986 748 .
3014 733 3028 747 .
3058 731 3071 745 .
3102 732 3115 745 .
3145 730 3159 745 .
3192 691 3293 745 καὶ
3315 691 3662 747 ἐνεδύσατο

2065 782 2334 853 κατάραν
2363 785 2504 839 ὡσεὶ
2537 785 2788 855 ἱμάτιον.
2832 786 3072 859 Ἐπειδὴ,
3101 786 3266 856 φησὶν
3284 827 3299 852 ,
3327 786 3558 856 ἀφέντες
3586 786 3664 840 τὺ

2065 875 2305 945 εὐλογεῖν
2325 877 2444 947 ἐμὲ,
2474 877 2595 930 καθ’
2620 877 2857 950 ἑκάστην
2882 878 3096 949 ἡμέραν
3118 878 3498 948 καταρῶνται·
3521 859 3691 931 τοῗὶοο

2014 978 2025 991 ·
2063 984 2125 1020 το
2147 965 2255 1037 γὰρ
2284 966 2443 1037 μέχρι
2468 968 2569 1038 τῆς
2589 968 2828 1040 σήμερον
2864 968 3133 1023 Ἰουδαίων
3156 969 3341 1032 παῖδες
3368 967 3616 1022 ποιοῦσιν
3635 986 3656 1002 σ

2063 1057 2252 1111 τούτου
2283 1058 2441 1129 χάριν
2467 1059 2644 1112 πάντα
2673 1061 2856 1125 αὐτοῖς
2885 1060 2952 1114 τὰ
2984 1060 3390 1133 προλελεγμένα
3420 1062 3660 1133 γενήσε-

2062 1165 2171 1201 ται.
2216 1148 2324 1202 Kal
2357 1148 2647 1219 εἰσῆλθεν
2670 1153 2814 1207 ὡσεὶ
2847 1152 3003 1221 ὕδωρ
3035 1156 3123 1220 εὶς
3158 1153 3231 1208 τὰ
3266 1153 3487 1222 ἔγκατα
3531 1155 3656 1208 αὑ-

2062 1239 2191 1294 τοῦ.
2219 1241 2293 1293 υύ
2314 1241 2421 1311 γὰρ
2443 1241 2639 1306 ἔξωθεν
2665 1244 2844 1315 μόνον,
2862 1244 2998 1298 ἀλλά
3022 1246 3116 1299 καὶ
3134 1243 3341 1298 ἔνδοθεν
3369 1244 3658 1317 περίκειν-

2060 1347 2149 1384 ται
2180 1331 2249 1385 τὰ
2270 1334 2415 1387 κακά
2446 1334 2856 1406 περικλύζοντα.
2890 1336 3001 1391 Kal
3023 1336 3167 1390 ὡσεὶ
3188 1337 3395 1392 ἔλαιον
3425 1338 3495 1392 ἐν
3514 1338 3656 1406 τοῖς

2062 1422 2297 1490 ὀστέοις
2332 1426 2539 1482 αὐτοῦ.
2603 1428 2772 1482 Τοῦτο
2800 1430 2909 1501 γὰρ
2942 1429 3055 1501 ἔχει
3093 1430 3317 1501 μόνιμον
3343 1430 3441 1502 τὴν

2060 1532 2218 1586 τητα.
2250 1518 2427 1591 Φοράν
2451 1518 2510 1572 δέ
2542 1513 2689 1591 φησί
2704 1522 2911 1585 κακῶν,
2943 1521 3037 1576 τοῦ
3074 1522 3175 1593 μὲν
3203 1521 3394 1586 ὕδατος
3418 1524 3479 1576 τὸ
3504 1540 3653 1593 σφο-

2058 1605 2182 1677 δρὸν
2207 1608 2522 1679 δηλοῦντος,
2566 1608 2659 1663 τοῦ
2688 1611 2746 1664 δὲ
2776 1612 2956 1666 ἐλαίου
2984 1612 3044 1666 τὸ
3078 1612 3322 1683 μόνιμον.
3393 1614 3509 1684 Ὑφ’
3538 1606 3649 1681 ὧν,

390 1708 549 1765 malis
602 1708 761 1780 quasi
804 1707 1132 1763 vestimento
1179 1707 1477 1776 operiatur,
1532 1713 1588 1760 et
1628 1703 1785 1776 quasi
1820 1718 1956 1759 zona

2120 1697 2217 1769 ῖσὶ,
2246 1700 2338 1753 καὶ
2369 1701 2445 1766 ὡς
2473 1703 2530 1756 ἐν
2555 1703 2742 1776 ἐσθῆτι
2774 1702 3151 1772 καλυπτέσθω,
3173 1704 3267 1758 καὶ
3293 1704 3369 1770 ὡς
3397 1704 3651 1780 ζωστῆρι

388 1800 773 1871 prmcingatur.

406 1882 413 1889 ’
457 1891 547 1946 20.
585 1890 702 1945 Hoc
746 1907 874 1961 opus
920 1907 1099 1946 eorum
1155 1890 1244 1960 qui
1294 1888 1578 1944 detrahunt
1633 1888 1764 1941 mihi
1815 1886 1956 1957 apud

386 1981 697 2047 Dominum,
727 1991 775 2035 et
811 1982 901 2052 qui
932 1981 1222 2052 loquuntur
1265 1979 1411 2034 mala
1442 1980 1690 2035 adversus
1722 1980 1956 2033 animam

388 2090 578 2128 meam.
615 2071 730 2128 Bos
750 2072 1051 2143 percipient
1078 2071 1288 2127 fruetus
1313 2073 1406 2141 qui
1442 2071 1627 2126 odium
1663 2070 1951 2126 adversum

387 2183 475 2222 me
513 2174 894 2235 susceperunt,
929 2174 983 2220 et
1004 2164 1248 2234 proditor
1286 2164 1380 2235 qui
1406 2176 1595 2218 eorum
1636 2161 1955 2218 administer

385 2258 506 2314 fuit.
555 2257 694 2313 Cum
732 2257 877 2313 enim
912 2271 1039 2312 eum
1079 2254 1189 2311 Deo
1231 2254 1603 2311 adversarium
1644 2269 1709 2310 ac
1740 2269 1951 2325 praeva-

382 2352 671 2405 ricatorem
714 2355 993 2416 vocarent,
1029 2348 1153 2420 jure
1209 2346 1326 2402 ait:
1360 2345 1465 2412 Qui
1499 2346 1783 2401 detrahunt
1823 2346 1952 2400 mihi

378 2441 520 2511 apud
546 2438 853 2494 Dominum.

450 2533 541 2588 21.
575 2533 645 2587 Et
679 2542 759 2601 tu,
808 2531 1053 2598 Domine,
1096 2530 1338 2598 Domine,
1383 2530 1471 2600 fac
1511 2546 1711 2584 mecum
1738 2538 1951 2600 propter

374 2640 564 2679 nomen
605 2634 776 2679 tuum.
831 2622 958 2679 Haec
1006 2624 1139 2678 item
1174 2622 1437 2679 Dominus
1465 2621 1722 2677 Christus
1751 2637 1949 2677 secun-

375 2716 509 2771 dum
555 2715 953 2773 humanitatem
989 2715 1255 2785 loquitur.
1289 2712 1540 2769 Humana
1571 2713 1718 2769 enim
1766 2715 1947 2769 omnia

372 2816 569 2878 praeter
612 2816 892 2879 peccatum
925 2806 1189 2879 implevit.
1236 2804 1407 2863 Natus
1436 2807 1583 2861 enim
1628 2815 1712 2862 est
1746 2821 1945 2862 secun-

373 2898 505 2952 dum
536 2907 745 2954 natura:
772 2899 965 2970 legem.
997 2895 1159 2953 Nasci
1186 2898 1331 2952 enim
1362 2912 1429 2952 ex
1461 2898 1713 2966 muliere,
1746 2898 1803 2954 id
1837 2897 1945 2952 hu-

370 3002 548 3043 tuanec
578 2998 788 3044 natura:
817 2999 934 3057 est;
966 3005 1131 3060 supra
1151 2989 1447 3045 humanam
1478 2998 1661 3044 autem
1688 2999 1943 3046 naturam

371 3091 477 3142 est,
515 3080 665 3133 nasci
699 3094 766 3134 ex
804 3079 1034 3150 virgine.
1065 3079 1303 3135 Admisit
1330 3094 1543 3151 pannos
1571 3092 1626 3136 et
1651 3080 1942 3137 circumci-

371 3170 606 3236 sionem,
641 3185 851 3226 necnon
884 3170 1041 3227 lactis
1071 3171 1431 3227 alimentum:
1476 3172 1683 3228 hostias
1719 3172 1937 3242 obtulit,

356 3260 657 3329 jejunavit,
697 3261 944 3328 esurivit,
994 3261 1189 3327 sitivit,
1235 3263 1415 3318 lassus
1455 3261 1596 3329 fuit;
1644 3264 1718 3319 ita
1748 3262 1842 3319 diu
1874 3280 1940 3320 o-

370 3366 526 3408 rasse
565 3352 716 3407 illum
742 3354 794 3408 in
827 3354 999 3410 sacris
1029 3353 1337 3427 Evangeliis
1363 3356 1625 3426 scriptum
1655 3366 1758 3413 est.
1791 3357 1940 3413 Pari-

371 3454 564 3514 tcrque
604 3461 751 3502 nunc
788 3447 1028 3502 humano
1086 3464 1240 3504 more
1269 3448 1514 3503 divinum
1560 3448 1814 3519 implorat
1837 3465 1939 3505 au-

367 3535 580 3589 xilium.

437 3626 527 3683 2:2.
555 3626 752 3682 Libera
782 3645 861 3682 me
890 3629 1013 3699 quia
1035 3645 1225 3700 egenus
1243 3641 1292 3685 et
1312 3647 1512 3701 pauper
1530 3648 1625 3703 ego
1649 3648 1789 3687 sum.
1822 3629 1940 3687 Hoc

364 3719 434 3775 ab
467 3719 588 3791 ipso
618 3721 673 3775 in
696 3722 869 3777 sacris
895 3721 1205 3793 Erangeliis
1238 3724 1440 3779 dictum
1471 3724 1802 3780 invenimus.
1834 3724 1939 3779 Ac-

365 3826 624 3867 cessurus
647 3812 791 3866 enim
824 3813 888 3867 ad
919 3814 1231 3882 passionem
1267 3815 1382 3869 ait:
1424 3813 1583 3869 Nunc
1611 3818 1793 3871 anima
1822 3832 1938 3872 mea

363 3903 579 3961 turbata
612 3913 710 3959 est.
738 3905 807 3959 Et
833 3905 960 3974 quid
995 3907 1173 3960 dicam
1198 3908 1223 3960 ?
1252 3908 1433 3974 Pater,
1463 3909 1610 3963 salva
1641 3927 1722 3965 me
1748 3927 1814 3964 ea:
1838 3911 1936 3965 hac

361 3996 513 4051 liora.
543 3994 716 4062 Abba,
748 4006 1025 4066 propterea
1060 3998 1173 4052 veni
1196 3998 1250 4051 in
1281 3998 1417 4052 hanc
1446 3999 1633 4053 harant
1660 4001 1722 4055 ’⁵.

429 4168 520 4225 25.
561 4167 711 4224 Sicut
742 4170 931 4223 umbra
970 4186 1089 4224 cum
1123 4171 1355 4226 declinat
1396 4172 1607 4227 ablatus
1634 4190 1769 4228 sum.
1804 4173 1936 4229 Per-

348 4261 488 4317 inde
525 4271 690 4333 atque
730 4261 927 4316 umbra
963 4262 1267 4329 declinans,
1320 4264 1483 4320 ﬁnem
1526 4265 1651 4320 vitae
1700 4265 1883 4322 inveni
1917 4285 1931 4322 :

359 4351 454 4407 sed
480 4361 533 4406 et
562 4352 739 4407 instar
762 4352 1105 4408 locustarum
1134 4368 1166 4408 a
1197 4363 1359 4410 vento
1390 4356 1819 4429 circumquaque
1846 4374 1935 4413 ra-

1987 1782 2032 1838 Β
2062 1791 2396 1861 σφιγγέσθω.

2134 1883 2315 1938 Τοῦτο
2361 1884 2430 1939 τὸ
2472 1885 2653 1959 ἔργον
2673 1887 2794 1942 τῶν
2818 1887 3335 1946 ἐνδιαϐαλλόντων
3374 1890 3471 1945 καὶ
3516 1889 3649 1944 τῶν

2055 1976 2408 2031 λαλούντων
2429 1980 2661 2048 πονηρὰ
2686 1979 2798 2049 τῆς
2825 1978 3035 2049 ψυχῆς
3054 1999 3194 2051 μου.
3244 1981 3476 2045 Τούτους
3499 1998 3642 2054 τρυ-

2054 2068 2281 2139 γήσουσι
2314 2068 2439 2132 τοὺς
2468 2070 2714 2141 καρποὺς
2739 2070 2796 2128 οἱ,
2816 2069 2878 2122 τὸ
2905 2071 3044 2142 πρὸς
3073 2071 3172 2143 ἐμὲ
3204 2073 3358 2142 μῖσος
3379 2058 3647 2136 ἀναδεξά-

2058 2175 2228 2230 μενοι,
2254 2160 2348 2212 καὶ
2375 2160 2403 2212 ὁ
2432 2159 2640 2225 τούτοις
2672 2161 3028 2233 ὑπουργήσας
3054 2162 3344 2234 προδότης.
3410 2163 3639 2235 Ἐπειδὴ

2052 2249 2161 2322 γὰρ
2186 2250 2436 2305 ἀντίθεον
2469 2252 2632 2307 αὐτὸν
2664 2254 2757 2307 καὶ
2784 2253 3097 2326 παράνομον
3129 2255 3375 2319 ἐκάλουν,
3408 2257 3643 2320 εἰκότως

2052 2337 2172 2396 εἷπε
2192 2359 2205 2373 ·
2247 2343 2370 2399 Τῶν
2392 2344 2908 2401 ἐνδιαϐαλλόντων
2924 2364 3002 2416 με
3034 2348 3194 2416 παρὰ
3216 2349 3455 2417 Κυρίου.

2118 2525 2227 2579 Καὶ
2261 2525 2364 2591 σὺ,
2396 2528 2604 2595 Κύριε,
2637 2531 2846 2598 Κύριε,
2883 2531 3143 2599 ποίησον
3167 2532 3294 2601 μετ’
3320 2531 3465 2602 ἐμοῦ
3496 2532 3636 2588 ἓνε-

2048 2632 2156 2670 κεν
2172 2617 2281 2671 τοῦ
2304 2619 2597 2689 ὀνόματός
2619 2636 2757 2678 σου.
2781 2621 2891 2674 Καὶ
2909 2621 3082 2676 ταῦτα
3105 2623 3458 2696 ἀνθρωπίνως
3478 2626 3637 2698 εἴρη-

2048 2725 2143 2762 κεν
2181 2709 2210 2761 ὁ
2238 2710 2516 2782 Δεσπότης
2542 2712 2793 2784 Χριστός.
2852 2713 3037 2767 Πάντα
3080 2714 3190 2787 γὰρ
3217 2715 3286 2769 τὰ
3312 2716 3634 2788 ἀνθρώπινα

2047 2798 2186 2870 πλὴν
2219 2799 2492 2870 ἁμαρτίας
2518 2799 2902 2873 πεπλήρωκεν.
2960 2804 3184 2876 Ἐτέχθη
3229 2807 3336 2878 γὰρ
3363 2806 3503 2860 κατὰ
3534 2809 3632 2862 νό-

2049 2907 2149 2962 μον
2179 2891 2413 2961 φύσεως.
2447 2891 2520 2944 Τὸ
2549 2891 2646 2963 μὲν
2674 2893 2783 2964 γὰρ
2816 2894 2881 2946 ὲκ
2909 2896 3191 2963 γυναικὸς,
3223 2897 3322 2968 τῆς
3347 2897 3631 2967 ἀνθρωπί-

2045 3000 2143 3055 νης
2169 2984 2383 3053 φύσεως
2403 3002 2417 3014 ·
2448 2984 2589 3055 ὑπὲρ
2608 2984 2812 3057 ταύτην
2838 2986 2916 3052 δὲ,
2947 2989 3011 3041 ὲκ
3032 2989 3331 3061 Παρθένου.
3376 2990 3634 3058 Ἐδέξατο

2048 3076 2340 3149 σπάργανα
2369 3076 2464 3129 καὶ
2493 3075 2795 3149 περιτομὴν
2818 3118 2832 3143 ,
2873 3079 2966 3132 καὶ
2992 3078 3089 3151 τὴν
3121 3083 3186 3134 ὲκ
3206 3081 3475 3150 γάλακτος
3497 3100 3633 3155 τρο-

2047 3170 2154 3238 φην
2176 3185 2189 3197 ·
2217 3168 2311 3221 καὶ
2335 3166 2524 3231 θυσίας
2545 3169 2863 3239 ἒξήνεγκεν,
2893 3170 3202 3242 ὲνήστευσε,
3230 3173 3323 3225 καὶ
3343 3173 3627 3244 ὲπείνησε,

2043 3260 2139 3313 καὶ
2168 3259 2408 3330 ἐδίψησε,
2433 3261 2528 3314 καὶ
2561 3261 2851 3314 ἐκοπίασεν
2867 3280 2879 3292 ·
2903 3262 3045 3316 οὕτω
3066 3265 3159 3317 καὶ
3189 3265 3630 3336 προσευχόμενος

2044 3351 2103 3403 ὲν
2146 3353 2260 3414 τοῖς
2296 3351 2475 3420 ἁγίοις
2498 3351 2852 3420 Εὐαγγελίοις
2887 3353 3150 3427 διηνεκῶς
3186 3356 3624 3429 ἀναγέγραπται.

2043 3443 2157 3497 Καὶ
2188 3442 2422 3496 ἐνταῦθα
2454 3443 2812 3517 ἀνθρωπίνως
2824 3447 2927 3519 τὴν
2957 3446 3106 3501 θείαν
3133 3448 3473 3504 ἐπικαλεῖται
3501 3449 3631 3522 βοή-

2044 3535 2212 3589 θειαν.
2799 3564 2803 3568 ι

2122 3627 2338 3682 Ῥῦσαί
2363 3644 2438 3697 με
2463 3667 2478 3691 ,
2537 3627 2626 3682 ὅτι
2664 3629 2901 3698 πτωχὸς
2952 3630 3049 3684 καί
3099 3630 3288 3700 πένης
3334 3631 3621 3703 alpis-71;).

2040 3717 2211 3772 Τοῦτο
2237 3719 2331 3772 καὶ
2360 3719 2451 3771 ὑπ’
2500 3719 2669 3773 αὑτοῦ
2697 3723 2755 3774 ὲν
2783 3724 2896 3784 τοῖς
2925 3722 3088 3792 ἱεροῖς
3108 3723 3455 3793 Εὐαγγελίοις
3479 3725 3625 3797 εὑρί-

2041 3825 2243 3880 σκομεν
2275 3811 2581 3882 εἰρημένον.
2627 3811 2855 3867 Μέλλων
2886 3813 2995 3885 γάρ
3024 3816 3303 3886 προσιέναι
3339 3817 3419 3889 τῷ
3455 3818 3624 3872 πάθει

2041 3896 2195 3954 εἷπε·
2229 3899 2361 3955 Νῦν
2388 3902 2426 3969 ἡ
2459 3901 2630 3972 ψυχή
2657 3913 2777 3972 μου
2806 3904 3174 3973 τετάρακται.
3205 3910 3315 3964 Kal
3347 3912 3406 3964 τί
3428 3911 3623 3974 almo:

2038 3991 2250 4061 Πάτερ,
2279 3992 2489 4048 σῶσόν
2509 3995 2670 4064 μεὲκ
2702 3995 2812 4067 τῆς
2842 3998 2997 4069 ὥρας
3019 4003 3259 4071 ταύτης.
3297 4004 3486 4071 Ἀϐϐὰ,
3518 4005 3625 4061 διὰ

2039 4086 2214 4141 τοῦτο
2241 4087 2514 4153 ἐλήλυθα
2543 4091 2631 4155 εὶς
2658 4088 2774 4158 τὴν
2803 4090 2963 4160 ὥραν
2999 4094 3243 4162 ταύτην.

2119 4179 2281 4233 Ὠσεὶ
2303 4180 2444 4235 σκιὰ
2466 4180 2536 4233 ἐν
2559 4180 2639 4247 τῷ
2663 4182 2935 4237 ἐκκλῖναι
2961 4184 3156 4253 αὐτὴν
3179 4187 3615 4257 ἀντανῃρέθην.

2012 4253 2174 4342 ¹Σκιᾷ
2200 4271 2446 4345 κλιθείσῃ
2472 4273 2870 4344 παραπλησίως
2894 4274 3162 4349 ἐδεξάμην
3184 4278 3276 4331 τοῦ
3308 4253 3421 4350 βίου
3445 4280 3503 4333 τὸ
3521 4253 3619 4335 τέ-

2036 4362 2127 4427 λος
2146 4382 2158 4393 ·
2186 4361 2322 4416 ἀλλά
2343 4364 2437 4417 καὶ
2457 4363 2614 4437 δίκην
2635 4367 3081 4439 περιφερομένων
3105 4369 3198 4423 ὑπ’
3219 4370 3435 4440 ἀνέμων
3456 4372 3590 4444 ἀκρί
3603 4402 3620 4415 ο

362 4452 602 4513 ptarum,
631 4446 797 4499 vitam
832 4447 941 4518 egi,
994 4462 1105 4502 non
1154 4450 1366 4518 urbem,
1410 4466 1519 4506 non
1567 4452 1770 4519 vicum,
1820 4469 1974 4529 non]

2120 4473 2140 4508 ν
2171 4454 2448 4509 διετέλεσα
2474 4456 2535 4509 ού
2569 4455 2725 4510 πόλιν
2757 4456 2916 4527 ἔχων,
2943 4459 3003 4511 οὐ
3035 4457 3258 4531 κώμην,
3282 4462 3382 4515 ούκ
3410 4462 3617 4529 οἰκίαν,

367 4534 592 4589 domum
626 4536 866 4603 habens,
905 4537 1040 4593 alias
1065 4538 1133 4594 ad
1177 4540 1283 4596 alia
1320 4542 1451 4597 loca
1494 4550 1549 4598 et
1595 4544 1665 4599 ad
1718 4555 1931 4602 montes

359 4625 747 4695 commigrans,
770 4628 1044 4684 interdum
1071 4630 1137 4685 ad
1161 4632 1436 4688 desertum
1467 4650 1785 4694 accurrens.

430 4712 504 4768 25
568 4712 818 4769 Viderunt
851 4733 929 4770 me
954 4727 1004 4771 et
1036 4725 1509 4792 moveruntcapita
1538 4741 1658 4781 sua.
1704 4724 1816 4782 Hoc
1853 4728 1930 4783 ait

358 4806 486 4875 quia
513 4804 643 4861 dum
676 4806 730 4861 in
762 4822 925 4862 cruce
963 4818 1130 4878 esset,
1172 4814 1464 4870 movebant
1495 4816 1671 4886 capita
1720 4834 1840 4885 sua,
1874 4828 1930 4875 et

355 4897 647 4955 dicebant:
702 4898 766 4953 ni
806 4897 1115 4970 Qtemplum
1172 4904 1381 4972 solvis,
1445 4908 1657 4963 salvum
1712 4909 1799 4965 fac
1849 4920 1929 4967 te-

356 4994 485 5048 meti
494 5010 649 5064 psum
679 4995 741 5047 ¹⁶.

425 5086 514 5140 27.
544 5085 612 5140 Et
644 5089 816 5142 sciant
845 5091 971 5162 quia
1006 5106 1195 5144 manus
1237 5098 1330 5143 tua
1369 5090 1500 5145 lucc.
1532 5089 1729 5149 Manus
1770 5108 1929 5151 voca.

356 5193 494 5248 opus
531 5180 663 5235 illud
696 5196 806 5252 quo
842 5197 960 5237 sese
981 5198 1047 5237 ex
1084 5182 1317 5238 mortuis
1346 5182 1624 5239 excitavit.

423 5351 515 5437 28.
543 5352 860 5411 Maledicent
890 5358 993 5423 illi,
1026 5368 1076 5414 et
1105 5367 1161 5413 tu
1193 5358 1498 5424 benedices;
1527 5361 1617 5431 qui
1646 5361 1927 5431 insurgunt

355 5441 407 5493 in
429 5456 507 5493 nte
530 5442 942 5512 confundantur.
963 5445 1098 5501 Nam
1124 5449 1328 5517 pudore
1353 5448 1531 5504 allecti
1556 5457 1686 5503 sunt
1710 5463 1922 5516 omnes,

352 5530 499 5600 quod
530 5546 638 5586 non
666 5543 810 5589 esset
840 5535 971 5604 ipsis
1002 5537 1281 5603 sacerdos,
1307 5554 1409 5594 nec
1431 5539 1789 5610 sacrificium,
1822 5556 1925 5600 nec

461 5691 507 5725 ⁸⁸
525 5689 681 5748 Joan.
725 5709 822 5761 xu,
861 5693 951 5750 27.
1030 5698 1074 5731 ¹⁶
1096 5695 1281 5755 Matth.
1309 5716 1477 5770 xxvn,
1511 5702 1608 5759 '40.

2037 4544 2222 4600 ἄλλοτε
2255 4545 2313 4599 δὲ
2344 4545 2574 4617 ἀλλαχοῦ
2607 4547 2702 4599 ml.
2727 4546 2807 4610 είς
2836 4546 2936 4618 ὅρη
2979 4549 3349 4619 μεταϐαίνων,
3377 4550 3489 4605 ἔσθ’
3522 4553 3618 4608 ὅτε

2035 4636 2131 4690 καὶ
2160 4635 2370 4707 τρέχων
2399 4638 2477 4700 είς
2510 4636 2733 4708 ἔρημον.

2107 4726 2375 4782 Εἴδοσὰν
2415 4743 2489 4797 με
2538 4727 2637 4781 καί
2670 4727 3020 4784 ἐσάλευσαν
3071 4733 3340 4801 κεφαλὰς
3390 4732 3616 4791 αὐτῶν.

2036 4817 2206 4871 Τοῦτό
2240 4833 2373 4888 φησι
2416 4817 2503 4871 διὰ
2536 4818 2599 4870 τὸ
2630 4819 2723 4872 ἐπὶ
2764 4817 2843 4889 τῷ
2888 4820 3107 4893 σταυρῷ
3131 4823 3242 4876 ὄντι
3270 4822 3419 4895 αὐτῷ
3441 4828 3618 4879 κινεῖν

2033 4904 2134 4968 τὰς
2156 4904 2421 4973 κεφαλὰς,
2452 4905 2547 4957 καὶ
2570 4904 2751 4975 λέγειν
2773 4924 2787 4937 ·
2825 4908 2884 4961 '0
2914 4908 3199 4963 καταλύων
3227 4910 3317 4964 τὸν
3338 4910 3486 4977 ναὸν,
3516 4913 3620 4966 σῶ-

2036 5011 2129 5048 σον
2165 4995 2414 5048 σεαυτόν.

2106 5088 2216 5141 Kal
2264 5086 2588 5158 γνώτωσαν
2609 5130 2624 5154 ,
2662 5089 2750 5144 ὅτι
2778 5092 2817 5160 ἡ
2850 5091 2980 5161 χείρ
3015 5107 3135 5146 σου
3166 5093 3344 5163 αὕτη.
3410 5096 3616 5168 Χεῖρας

2034 5178 2272 5233 ἐνταῦθα
2295 5179 2392 5251 τὴν
2417 5179 2615 5251 πρᾶξίν
2649 5199 2812 5254 φησιν
2832 5224 2846 5248 ,
2884 5185 2950 5255 ἣν
2980 5185 3276 5257 εἰργάσατο
3300 5188 3615 5259 ἀναστήσας

2031 5270 2222 5325 ἑαυτὸν
2255 5271 2319 5323 ἐκ
2345 5270 2574 5343 νεκρῶν.

2106 5361 2555 5430 Καταράσονται
2605 5364 2774 5419 αὐτοὶ
2793 5406 2807 5430 ,
2863 5366 3077 5421 καὶσὺ
3108 5369 3499 5438 εὐλογήσας,
3558 5374 3617 5426 cl

2031 5453 2497 5524 ἐπανιστάμενοί
2514 5472 2617 5524 μοι
2641 5456 3162 5525 αἱσχυνθήτωσαν.
3216 5460 3615 5535 Κατῃσχύνθη-

2032 5559 2139 5600 σαν
2161 5543 2270 5631 γὰρ
2290 5546 2549 5631 ἀπαντες,
2572 5546 2672 5601 οὐκ
2693 5547 2847 5613 ὄντος
2867 5550 3048 5616 αὐτοῖς
3066 5552 3277 5626 ἱερέως,
3298 5553 3419 5608 οὐδὲ
3442 5551 3615 5625 οὔσης
